|join|SigmaSin
|join|RustyEspur
|player|p1|SigmaSin|219
|player|p2|RustyEspur|172
|gametype|singles
|gen|6
|tier|OU
|rated
|clearpoke
|poke|p1|Skarmory, M
|poke|p1|Sylveon, F
|poke|p1|Bisharp, M, shiny
|poke|p1|Manectric, M, shiny
|poke|p1|Keldeo
|poke|p1|Heatran, M
|poke|p2|Gallade, M
|poke|p2|Bisharp, F
|poke|p2|Manaphy
|poke|p2|Latias, F
|poke|p2|Scizor, M
|poke|p2|Landorus-Therian, M
|rule|Swagger Clause: Swagger is banned
|rule|Baton Pass Clause: Limit one PokÃ©mon knowing Baton Pass
|rule|Sleep Clause Mod: Limit one foe put to sleep
|rule|Species Clause: Limit one of each PokÃ©mon
|rule|OHKO Clause: OHKO moves are banned
|rule|Moody Clause: Moody is banned
|rule|Evasion Moves Clause: Evasion moves are banned
|rule|Endless Battle Clause: Forcing endless battles is banned
|rule|HP Percentage Mod: HP is shown in percentages
|teampreview
|join|BIGGSTEELIX
|c| BIGGSTEELIX|GO ESPURRRR
|c| BIGGSTEELIX|gonna do the cheerleader
|c|âSigmaSin|lol
|c| BIGGSTEELIX|lol
|c|âRustyEspur|lol
|
|start
|switch|p1a: Ken|Keldeo|323\/323
|switch|p2a: Latias|Latias, F|301\/301
|turn|1
|c| BIGGSTEELIX|wait espur
|c| BIGGSTEELIX|isnt he the guy you fought in the tourny?
|
|switch|p1a: Ben|Bisharp, M, shiny|333\/333
|move|p2a: Latias|Draco Meteor|p1a: Ben
|-resisted|p1a: Ben
|-damage|p1a: Ben|177\/333
|-unboost|p2a: Latias|spa|2
|-damage|p2a: Latias|271\/301|[from] item: Life Orb
|
|turn|2
|c|âRustyEspur|no
|c| BIGGSTEELIX|or is everyone using shiny manectric
|c|âRustyEspur|yea
|
|move|p2a: Latias|Reflect Type|p1a: Ben
|-start|p2a: Latias|typechange|[from] move: Reflect Type|[of] p1a: Ben
|move|p1a: Ben|Knock Off|p2a: Latias
|-resisted|p2a: Latias
|-damage|p2a: Latias|141\/301
|-enditem|p2a: Latias|Life Orb|[from] move: Knock Off|[of] p1a: Ben
|
|turn|3
|c| BIGGSTEELIX|lol
|
|move|p2a: Latias|Roost|p2a: Latias
|-heal|p2a: Latias|292\/301
|move|p1a: Ben|Swords Dance|p1a: Ben
|-boost|p1a: Ben|atk|2
|
|turn|4
|
|move|p2a: Latias|Hidden Power|p1a: Ben
|-supereffective|p1a: Ben
|-damage|p1a: Ben|101\/333
|move|p1a: Ben|Swords Dance|p1a: Ben
|-boost|p1a: Ben|atk|2
|
|turn|5
|
|move|p1a: Ben|Sucker Punch|p2a: Latias
|-resisted|p2a: Latias
|-damage|p2a: Latias|0 fnt
|faint|p2a: Latias
|
|c| BIGGSTEELIX|omg
|
|switch|p2a: Gallade|Gallade, M|277\/277
|turn|6
|
|detailschange|p2a: Gallade|Gallade-Mega, M
|-mega|p2a: Gallade|Gallade|Galladite
|move|p1a: Ben|Sucker Punch|p2a: Gallade
|-fail|p2a: Gallade
|move|p2a: Gallade|Will-O-Wisp|p1a: Ben
|-status|p1a: Ben|brn
|
|-damage|p1a: Ben|60\/333 brn|[from] brn
|turn|7
|c| BIGGSTEELIX|lel
|c|âSigmaSin|that was unexpected
|
|switch|p2a: Bisharp|Bisharp, F|271\/271
|move|p1a: Ben|Sucker Punch|p2a: Bisharp
|-fail|p2a: Bisharp
|
|-damage|p1a: Ben|19\/333 brn|[from] brn
|turn|8
|c| BIGGSTEELIX|espur
|c|âRustyEspur|pls survive
|c|âRustyEspur|?
|c|âRustyEspur|r u jolly?
|c| BIGGSTEELIX|i don't think draco meteor+reflect type is the thing to run
|c|âRustyEspur|speed tie
|c|âRustyEspur|pls win
|
|move|p2a: Bisharp|Sucker Punch|p1a: Ben
|-resisted|p1a: Ben
|-damage|p1a: Ben|0 fnt
|faint|p1a: Ben
|
|c| BIGGSTEELIX|omg
|c|âRustyEspur|y not
|
|switch|p1a: Ken|Keldeo|323\/323
|turn|9
|c| BIGGSTEELIX|well cause after you reflected you can't beat them anyway
|c| BIGGSTEELIX|cause drops
|c| BIGGSTEELIX|idk
|c|âRustyEspur|hmm
|c| BIGGSTEELIX|seems strange to me
|c|âRustyEspur|true
|c| BIGGSTEELIX|lol
|
|switch|p2a: Scizor|Scizor, M|343\/343
|move|p1a: Ken|Sacred Sword|p2a: Scizor
|-damage|p2a: Scizor|264\/343
|
|-heal|p2a: Scizor|285\/343|[from] item: Leftovers
|turn|10
|c| BIGGSTEELIX|lol
|c| BIGGSTEELIX|wrong move baby
|
|switch|p1a: Steve|Skarmory, M|334\/334
|move|p2a: Scizor|U-turn|p1a: Steve
|-resisted|p1a: Steve
|-damage|p1a: Steve|319\/334
|-damage|p2a: Scizor|228\/343|[from] item: Rocky Helmet|[of] p1a: Steve
|c| BIGGSTEELIX|sacred sword is not secret sword
|c|âRustyEspur|lol
|c|âSigmaSin|yeah, i messed up
|
|switch|p2a: Manaphy|Manaphy|365\/365
|
|turn|11
|
|move|p2a: Manaphy|Tail Glow|p2a: Manaphy
|-boost|p2a: Manaphy|spa|3
|move|p1a: Steve|Whirlwind|p2a: Manaphy
|drag|p2a: Gallade|Gallade-Mega, M|277\/277
|
|turn|12
|
|move|p2a: Gallade|Will-O-Wisp|p1a: Steve
|-status|p1a: Steve|brn
|move|p1a: Steve|Counter|p2a: Gallade
|-fail|p2a: Gallade
|
|-damage|p1a: Steve|278\/334 brn|[from] brn
|turn|13
|c|âRustyEspur|ugh
|
|move|p2a: Gallade|Swords Dance|p2a: Gallade
|-boost|p2a: Gallade|atk|2
|move|p1a: Steve|Counter|p2a: Gallade
|-fail|p2a: Gallade
|
|-damage|p1a: Steve|237\/334 brn|[from] brn
|turn|14
|
|move|p2a: Gallade|Swords Dance|p2a: Gallade
|-boost|p2a: Gallade|atk|2
|move|p1a: Steve|Whirlwind|p2a: Gallade
|drag|p2a: Landorus-Therian|Landorus-Therian, M|382\/382
|-ability|p2a: Landorus-Therian|Intimidate|[of] p1a: Steve
|-unboost|p1a: Steve|atk|1
|
|-damage|p1a: Steve|196\/334 brn|[from] brn
|turn|15
|c| BIGGSTEELIX|dang
|
|move|p2a: Landorus-Therian|Stealth Rock|p1a: Steve
|-sidestart|p1: SigmaSin|move: Stealth Rock
|move|p1a: Steve|Roost|p1a: Steve
|-heal|p1a: Steve|334\/334 brn
|
|-damage|p1a: Steve|293\/334 brn|[from] brn
|turn|16
|
|move|p2a: Landorus-Therian|U-turn|p1a: Steve
|-resisted|p1a: Steve
|-damage|p1a: Steve|281\/334 brn
|-damage|p2a: Landorus-Therian|319\/382|[from] item: Rocky Helmet|[of] p1a: Steve
|
|switch|p2a: Manaphy|Manaphy|365\/365
|move|p1a: Steve|Stealth Rock|p2a: Manaphy
|-sidestart|p2: RustyEspur|move: Stealth Rock
|
|-damage|p1a: Steve|240\/334 brn|[from] brn
|turn|17
|
|switch|p1a: Sally|Sylveon, F|394\/394
|-damage|p1a: Sally|345\/394|[from] Stealth Rock
|move|p2a: Manaphy|Surf|p1a: Sally
|-damage|p1a: Sally|257\/394
|
|-heal|p1a: Sally|281\/394|[from] item: Leftovers
|turn|18
|c| BIGGSTEELIX|skarmory doesnt take anything for physical hits
|c| BIGGSTEELIX|cause it's always flying
|c| BIGGSTEELIX|try to throw a punch at it
|c|âSigmaSin|hahah
|
|switch|p2a: Scizor|Scizor, M|228\/343
|-damage|p2a: Scizor|186\/343|[from] Stealth Rock
|move|p1a: Sally|Hyper Voice|p2a: Scizor
|-resisted|p2a: Scizor
|-damage|p2a: Scizor|117\/343
|
|-heal|p2a: Scizor|138\/343|[from] item: Leftovers
|-heal|p1a: Sally|305\/394|[from] item: Leftovers
|turn|19
|c| BIGGSTEELIX|you know what
|c| BIGGSTEELIX|have you seen scizor mega sprite?
|
|move|p2a: Scizor|Roost|p2a: Scizor
|-heal|p2a: Scizor|310\/343
|move|p1a: Sally|Wish|p1a: Sally
|
|-heal|p2a: Scizor|331\/343|[from] item: Leftovers
|-heal|p1a: Sally|329\/394|[from] item: Leftovers
|turn|20
|
|switch|p1a: Steve|Skarmory, M|240\/334 brn
|-damage|p1a: Steve|199\/334 brn|[from] Stealth Rock
|move|p2a: Scizor|U-turn|p1a: Steve
|-resisted|p1a: Steve
|-damage|p1a: Steve|181\/334 brn
|-damage|p2a: Scizor|274\/343|[from] item: Rocky Helmet|[of] p1a: Steve
|c| BIGGSTEELIX|the little butterfly wings flapping fast on the back makes him much less badass
|
|switch|p2a: Manaphy|Manaphy|365\/365
|-damage|p2a: Manaphy|320\/365|[from] Stealth Rock
|
|-heal|p1a: Steve|334\/334 brn|[from] move: Wish|[wisher] Sally
|-heal|p2a: Manaphy|342\/365|[from] item: Leftovers
|-damage|p1a: Steve|293\/334 brn|[from] brn
|turn|21
|c| BIGGSTEELIX|imo
|c|âRustyEspur|lol
|
|move|p2a: Manaphy|Surf|p1a: Steve
|-damage|p1a: Steve|106\/334 brn
|move|p1a: Steve|Whirlwind|p2a: Manaphy
|drag|p2a: Gallade|Gallade-Mega, M|277\/277
|-damage|p2a: Gallade|260\/277|[from] Stealth Rock
|
|-damage|p1a: Steve|65\/334 brn|[from] brn
|turn|22
|c|âRustyEspur|looks cute
|
|move|p2a: Gallade|Drain Punch|p1a: Steve
|-damage|p1a: Steve|0 fnt
|-heal|p2a: Gallade|277\/277|[from] drain|[of] p1a: Steve
|-damage|p2a: Gallade|231\/277|[from] item: Rocky Helmet|[of] p1a: Steve
|faint|p1a: Steve
|
|
|switch|p1a: Max|Manectric, M, shiny|281\/281
|-damage|p1a: Max|246\/281|[from] Stealth Rock
|turn|23
|c| BIGGSTEELIX|his face is like i murder humans but it's wings are like ima cute butterfly
|
|switch|p2a: Landorus-Therian|Landorus-Therian, M|319\/382
|-damage|p2a: Landorus-Therian|272\/382|[from] Stealth Rock
|-ability|p2a: Landorus-Therian|Intimidate|[of] p1a: Max
|-unboost|p1a: Max|atk|1
|detailschange|p1a: Max|Manectric-Mega, M, shiny
|-mega|p1a: Max|Manectric|Manectite
|-ability|p1a: Max|Intimidate|[of] p2a: Landorus-Therian
|-unboost|p2a: Landorus-Therian|atk|1
|move|p1a: Max|Volt Switch|p2a: Landorus-Therian
|-immune|p2a: Landorus-Therian|[msg]
|
|-heal|p2a: Landorus-Therian|295\/382|[from] item: Leftovers
|turn|24
|
|switch|p2a: Manaphy|Manaphy|342\/365
|-damage|p2a: Manaphy|297\/365|[from] Stealth Rock
|move|p1a: Max|Hidden Power|p2a: Manaphy
|-resisted|p2a: Manaphy
|-damage|p2a: Manaphy|258\/365
|
|-heal|p2a: Manaphy|280\/365|[from] item: Leftovers
|turn|25
|c| BIGGSTEELIX|haha
|
|move|p1a: Max|Thunderbolt|p2a: Manaphy
|-supereffective|p2a: Manaphy
|-damage|p2a: Manaphy|0 fnt
|faint|p2a: Manaphy
|
|c| BIGGSTEELIX|espur you thought he would overheat or what
|c|âRustyEspur|ugh
|
|switch|p2a: Bisharp|Bisharp, F|271\/271
|-damage|p2a: Bisharp|255\/271|[from] Stealth Rock
|turn|26
|c| BIGGSTEELIX|youknow
|
|move|p2a: Bisharp|Sucker Punch|p1a: Max
|-damage|p1a: Max|21\/281
|move|p1a: Max|Flamethrower|p2a: Bisharp
|-supereffective|p2a: Bisharp
|-damage|p2a: Bisharp|0 fnt
|faint|p2a: Bisharp
|
|c| BIGGSTEELIX|all that wouldnt happen if you didnt have draco meteor on latias
|
|switch|p2a: Scizor|Scizor, M|274\/343
|-damage|p2a: Scizor|232\/343|[from] Stealth Rock
|turn|27
|c|âRustyEspur|:[
|
|move|p2a: Scizor|Bullet Punch|p1a: Max
|-resisted|p1a: Max
|-damage|p1a: Max|0 fnt
|faint|p1a: Max
|
|-heal|p2a: Scizor|253\/343|[from] item: Leftovers
|c|âRustyEspur|what should i have then
|c|âRustyEspur|psyshock?
|
|switch|p1a: Hank|Heatran, M|385\/385
|-damage|p1a: Hank|337\/385|[from] Stealth Rock
|-item|p1a: Hank|Air Balloon
|turn|28
|c| BIGGSTEELIX|latias would have beaten bish and be still alive
|
|switch|p2a: Landorus-Therian|Landorus-Therian, M|295\/382
|-damage|p2a: Landorus-Therian|248\/382|[from] Stealth Rock
|-ability|p2a: Landorus-Therian|Intimidate|[of] p1a: Hank
|-unboost|p1a: Hank|atk|1
|move|p1a: Hank|Lava Plume|p2a: Landorus-Therian
|-crit|p2a: Landorus-Therian
|-damage|p2a: Landorus-Therian|0 fnt
|faint|p2a: Landorus-Therian
|
|c| BIGGSTEELIX|idk
|
|switch|p2a: Gallade|Gallade-Mega, M|231\/277
|-damage|p2a: Gallade|214\/277|[from] Stealth Rock
|turn|29
|c| BIGGSTEELIX|you have what move now?
|
|move|p2a: Gallade|Swords Dance|p2a: Gallade
|-boost|p2a: Gallade|atk|2
|move|p1a: Hank|Lava Plume|p2a: Gallade
|-damage|p2a: Gallade|70\/277
|
|turn|30
|c| BIGGSTEELIX|holy...
|c| BIGGSTEELIX|that lava plume
|
|move|p2a: Gallade|Drain Punch|p1a: Hank
|-supereffective|p1a: Hank
|-damage|p1a: Hank|0 fnt
|-heal|p2a: Gallade|239\/277|[from] drain|[of] p1a: Hank
|-enditem|p1a: Hank|Air Balloon
|faint|p1a: Hank
|
|c| BIGGSTEELIX|omggg you might win
|c|âSigmaSin|i'm an idiot
|
|switch|p1a: Ken|Keldeo|323\/323
|-damage|p1a: Ken|303\/323|[from] Stealth Rock
|turn|31
|c| BIGGSTEELIX|SHOW HIM ESPUR
|c| BIGGSTEELIX|dpunch to the death
|
|move|p1a: Ken|Hydro Pump|p2a: Gallade
|-damage|p2a: Gallade|58\/277
|move|p2a: Gallade|Drain Punch|p1a: Ken
|-damage|p1a: Ken|0 fnt
|-heal|p2a: Gallade|210\/277|[from] drain|[of] p1a: Ken
|faint|p1a: Ken
|
|c|âSigmaSin|gg
|c|âRustyEspur|+2 252 Atk Mega Gallade Drain Punch vs. 0 HP \/ 0 Def Keldeo: 321-378 (99.3 - 117%) -- 93.8% chance to OHKO
|c|âRustyEspur|lol
|c|âRustyEspur|gg
|-message|SigmaSin forfeited.
|
|win|RustyEspur
|raw|Ladder updating...
|leave|SigmaSin
|player|p1
|raw|SigmaSin's rating: 1480 &rarr; <strong>1462<\/strong><br \/>(-18 for losing)
|raw|RustyEspur's rating: 1529 &rarr; <strong>1546<\/strong><br \/>(+17 for winning)
|c| BIGGSTEELIX|dude
|c|âRustyEspur|i might
|c|âRustyEspur|miss
|c| BIGGSTEELIX|there was rocks
|c|âRustyEspur|zen
|c|âRustyEspur|lol
|c|âRustyEspur|haha
|c| BIGGSTEELIX|ofc dpunch was the good move
|c|âRustyEspur|yea
|c|âRustyEspur|i meant
|c|âRustyEspur|on the sylveon
|c|âRustyEspur|i might miss