|join|baeninja
|join|RustyEspur
|player|p1|baeninja|274
|player|p2|RustyEspur|172
|gametype|singles
|gen|6
|tier|OU
|rated
|clearpoke
|poke|p1|Sylveon, F
|poke|p1|Slowbro, F
|poke|p1|Amoonguss, M
|poke|p1|Heatran, F
|poke|p1|Skarmory, F
|poke|p1|Sableye, F, shiny
|poke|p2|Bisharp, F
|poke|p2|Heatran, M
|poke|p2|Venusaur, M
|poke|p2|Rotom-Wash
|poke|p2|Mamoswine, M
|poke|p2|Latias, F
|rule|Swagger Clause: Swagger is banned
|rule|Baton Pass Clause: Limit one PokÃ©mon knowing Baton Pass
|rule|Sleep Clause Mod: Limit one foe put to sleep
|rule|Species Clause: Limit one of each PokÃ©mon
|rule|OHKO Clause: OHKO moves are banned
|rule|Moody Clause: Moody is banned
|rule|Evasion Moves Clause: Evasion moves are banned
|rule|Endless Battle Clause: Forcing endless battles is banned
|rule|HP Percentage Mod: HP is shown in percentages
|teampreview
|
|start
|switch|p1a: Sableye|Sableye, F, shiny|304\/304
|switch|p2a: Heatran|Heatran, M|385\/385
|turn|1
|
|detailschange|p1a: Sableye|Sableye-Mega, F, shiny
|-mega|p1a: Sableye|Sableye|Sablenite
|move|p2a: Heatran|Lava Plume|p1a: Sableye
|-damage|p1a: Sableye|198\/304
|-status|p1a: Sableye|brn
|move|p1a: Sableye|Knock Off|p2a: Heatran
|-damage|p2a: Heatran|333\/385
|-enditem|p2a: Heatran|Leftovers|[from] move: Knock Off|[of] p1a: Sableye
|
|-damage|p1a: Sableye|160\/304 brn|[from] brn
|turn|2
|
|switch|p2a: Rotom-Wash|Rotom-Wash|303\/303
|switch|p1a: Sylveon|Sylveon, F|394\/394
|
|turn|3
|
|move|p2a: Rotom-Wash|Volt Switch|p1a: Sylveon
|-crit|p1a: Sylveon
|-damage|p1a: Sylveon|306\/394
|
|switch|p2a: Heatran|Heatran, M|333\/385
|move|p1a: Sylveon|Heal Bell|p1a: Sylveon
|-cureteam|p1a: Sylveon|[from] move: HealBell
|
|-heal|p1a: Sylveon|330\/394|[from] item: Leftovers
|turn|4
|
|switch|p1a: Heatran|Heatran, F|386\/386
|move|p2a: Heatran|Stealth Rock|p1a: Heatran
|-sidestart|p1: baeninja|move: Stealth Rock
|
|turn|5
|
|move|p2a: Heatran|Taunt|p1a: Heatran
|-start|p1a: Heatran|move: Taunt
|cant|p1a: Heatran|move: Taunt|Stealth Rock
|
|turn|6
|
|switch|p2a: Latias|Latias, F|301\/301
|switch|p1a: Slowbro|Slowbro, F|394\/394
|-damage|p1a: Slowbro|345\/394|[from] Stealth Rock
|
|-heal|p1a: Slowbro|369\/394|[from] item: Leftovers
|turn|7
|
|switch|p2a: Mamoswine|Mamoswine, M|361\/361
|switch|p1a: Heatran|Heatran, F|386\/386
|-damage|p1a: Heatran|338\/386|[from] Stealth Rock
|
|-heal|p1a: Heatran|362\/386|[from] item: Leftovers
|turn|8
|
|move|p1a: Heatran|Protect|p1a: Heatran
|-singleturn|p1a: Heatran|Protect
|move|p2a: Mamoswine|Icicle Crash|p1a: Heatran
|-activate|p1a: Heatran|Protect
|
|-heal|p1a: Heatran|386\/386|[from] item: Leftovers
|turn|9
|
|switch|p1a: Slowbro|Slowbro, F|394\/394
|-damage|p1a: Slowbro|345\/394|[from] Stealth Rock
|move|p2a: Mamoswine|Icicle Crash|p1a: Slowbro
|-resisted|p1a: Slowbro
|-damage|p1a: Slowbro|271\/394
|-damage|p2a: Mamoswine|325\/361|[from] item: Life Orb
|
|-heal|p1a: Slowbro|295\/394|[from] item: Leftovers
|turn|10
|
|switch|p2a: Rotom-Wash|Rotom-Wash|303\/303
|move|p1a: Slowbro|Thunder Wave|p2a: Rotom-Wash
|-fail|p2a: Rotom-Wash
|
|-heal|p1a: Slowbro|319\/394|[from] item: Leftovers
|turn|11
|
|switch|p1a: Sylveon|Sylveon, F|330\/394
|-damage|p1a: Sylveon|281\/394|[from] Stealth Rock
|move|p2a: Rotom-Wash|Volt Switch|p1a: Sylveon
|-damage|p1a: Sylveon|224\/394
|
|switch|p2a: Heatran|Heatran, M|333\/385
|
|-heal|p1a: Sylveon|248\/394|[from] item: Leftovers
|turn|12
|
|move|p1a: Sylveon|Protect|p1a: Sylveon
|-singleturn|p1a: Sylveon|Protect
|move|p2a: Heatran|Taunt|p1a: Sylveon
|-activate|p1a: Sylveon|Protect
|
|-heal|p1a: Sylveon|272\/394|[from] item: Leftovers
|turn|13
|
|switch|p1a: Sableye|Sableye-Mega, F, shiny|160\/304
|-damage|p1a: Sableye|122\/304|[from] Stealth Rock
|move|p2a: Heatran|Lava Plume|p1a: Sableye
|-crit|p1a: Sableye
|-damage|p1a: Sableye|0 fnt
|faint|p1a: Sableye
|
|
|switch|p1a: Slowbro|Slowbro, F|394\/394
|-damage|p1a: Slowbro|345\/394|[from] Stealth Rock
|turn|14
|
|switch|p2a: Rotom-Wash|Rotom-Wash|303\/303
|move|p1a: Slowbro|Scald|p2a: Rotom-Wash
|-crit|p2a: Rotom-Wash
|-resisted|p2a: Rotom-Wash
|-damage|p2a: Rotom-Wash|231\/303
|
|-heal|p2a: Rotom-Wash|249\/303|[from] item: Leftovers
|-heal|p1a: Slowbro|369\/394|[from] item: Leftovers
|turn|15
|
|switch|p1a: Amoonguss|Amoonguss, M|432\/432
|-damage|p1a: Amoonguss|378\/432|[from] Stealth Rock
|move|p2a: Rotom-Wash|Volt Switch|p1a: Amoonguss
|-resisted|p1a: Amoonguss
|-damage|p1a: Amoonguss|345\/432
|
|switch|p2a: Heatran|Heatran, M|333\/385
|
|-heal|p1a: Amoonguss|372\/432|[from] item: Black Sludge
|turn|16
|
|move|p2a: Heatran|Taunt|p1a: Amoonguss
|-start|p1a: Amoonguss|move: Taunt
|cant|p1a: Amoonguss|move: Taunt|Spore
|
|-heal|p1a: Amoonguss|399\/432|[from] item: Black Sludge
|turn|17
|
|switch|p1a: Slowbro|Slowbro, F|394\/394
|-damage|p1a: Slowbro|345\/394|[from] Stealth Rock
|move|p2a: Heatran|Lava Plume|p1a: Slowbro
|-crit|p1a: Slowbro
|-resisted|p1a: Slowbro
|-damage|p1a: Slowbro|233\/394
|-status|p1a: Slowbro|brn
|
|-heal|p1a: Slowbro|257\/394 brn|[from] item: Leftovers
|-damage|p1a: Slowbro|208\/394 brn|[from] brn
|turn|18
|
|move|p2a: Heatran|Taunt|p1a: Slowbro
|-start|p1a: Slowbro|move: Taunt
|move|p1a: Slowbro|Scald|p2a: Heatran
|-supereffective|p2a: Heatran
|-damage|p2a: Heatran|171\/385
|
|-heal|p1a: Slowbro|232\/394 brn|[from] item: Leftovers
|-damage|p1a: Slowbro|183\/394 brn|[from] brn
|turn|19
|
|switch|p2a: Rotom-Wash|Rotom-Wash|249\/303
|switch|p1a: Sylveon|Sylveon, F|272\/394
|-damage|p1a: Sylveon|223\/394|[from] Stealth Rock
|
|-heal|p2a: Rotom-Wash|267\/303|[from] item: Leftovers
|-heal|p1a: Sylveon|247\/394|[from] item: Leftovers
|turn|20
|
|move|p2a: Rotom-Wash|Volt Switch|p1a: Sylveon
|-damage|p1a: Sylveon|186\/394
|
|switch|p2a: Venusaur|Venusaur, M|364\/364
|move|p1a: Sylveon|Wish|p1a: Sylveon
|
|-heal|p1a: Sylveon|210\/394|[from] item: Leftovers
|turn|21
|
|detailschange|p2a: Venusaur|Venusaur-Mega, M
|-mega|p2a: Venusaur|Venusaur|Venusaurite
|move|p1a: Sylveon|Protect|p1a: Sylveon
|-singleturn|p1a: Sylveon|Protect
|move|p2a: Venusaur|Sleep Powder|p1a: Sylveon
|-activate|p1a: Sylveon|Protect
|
|-heal|p1a: Sylveon|394\/394|[from] move: Wish|[wisher] Sylveon
|turn|22
|
|switch|p1a: Amoonguss|Amoonguss, M|432\/432
|-damage|p1a: Amoonguss|378\/432|[from] Stealth Rock
|move|p2a: Venusaur|Sludge Bomb|p1a: Amoonguss
|-damage|p1a: Amoonguss|270\/432
|
|-heal|p1a: Amoonguss|297\/432|[from] item: Black Sludge
|turn|23
|
|move|p2a: Venusaur|Sludge Bomb|p1a: Amoonguss
|-damage|p1a: Amoonguss|195\/432
|move|p1a: Amoonguss|Clear Smog|p2a: Venusaur
|-damage|p2a: Venusaur|319\/364
|-clearboost|p2a: Venusaur
|
|-heal|p1a: Amoonguss|222\/432|[from] item: Black Sludge
|turn|24
|
|switch|p1a: Skarmory|Skarmory, F|334\/334
|-damage|p1a: Skarmory|293\/334|[from] Stealth Rock
|move|p2a: Venusaur|Giga Drain|p1a: Skarmory
|-resisted|p1a: Skarmory
|-damage|p1a: Skarmory|258\/334
|-heal|p2a: Venusaur|337\/364|[from] drain|[of] p1a: Skarmory
|
|-heal|p1a: Skarmory|278\/334|[from] item: Leftovers
|turn|25
|
|switch|p2a: Bisharp|Bisharp, F|271\/271
|move|p1a: Skarmory|Defog|p2a: Bisharp
|-unboost|p2a: Bisharp|evasion|1
|-boost|p2a: Bisharp|atk|2|[from] ability: Defiant
|-sideend|p1: baeninja|Stealth Rock|[from] move: Defog|[of] p1a: Skarmory
|
|-heal|p1a: Skarmory|298\/334|[from] item: Leftovers
|turn|26
|
|move|p2a: Bisharp|Iron Head|p1a: Skarmory
|-resisted|p1a: Skarmory
|-damage|p1a: Skarmory|209\/334
|move|p1a: Skarmory|Whirlwind|p2a: Bisharp
|drag|p2a: Latias|Latias, F|301\/301
|
|-heal|p1a: Skarmory|229\/334|[from] item: Leftovers
|turn|27
|
|switch|p2a: Rotom-Wash|Rotom-Wash|267\/303
|move|p1a: Skarmory|Roost|p1a: Skarmory
|-heal|p1a: Skarmory|334\/334
|
|-heal|p2a: Rotom-Wash|285\/303|[from] item: Leftovers
|turn|28
|
|switch|p1a: Amoonguss|Amoonguss, M|366\/432
|move|p2a: Rotom-Wash|Will-O-Wisp|p1a: Amoonguss
|-status|p1a: Amoonguss|brn
|
|-heal|p2a: Rotom-Wash|303\/303|[from] item: Leftovers
|-heal|p1a: Amoonguss|393\/432 brn|[from] item: Black Sludge
|-damage|p1a: Amoonguss|339\/432 brn|[from] brn
|turn|29
|
|move|p2a: Rotom-Wash|Volt Switch|p1a: Amoonguss
|-resisted|p1a: Amoonguss
|-damage|p1a: Amoonguss|300\/432 brn
|
|switch|p2a: Venusaur|Venusaur-Mega, M|337\/364
|move|p1a: Amoonguss|Hidden Power|p2a: Venusaur
|-supereffective|p2a: Venusaur
|-damage|p2a: Venusaur|301\/364
|
|-heal|p1a: Amoonguss|327\/432 brn|[from] item: Black Sludge
|-damage|p1a: Amoonguss|273\/432 brn|[from] brn
|turn|30
|
|switch|p1a: Heatran|Heatran, F|386\/386
|move|p2a: Venusaur|Sleep Powder|p1a: Heatran
|-status|p1a: Heatran|slp
|
|turn|31
|
|switch|p2a: Rotom-Wash|Rotom-Wash|303\/303
|cant|p1a: Heatran|slp
|
|turn|32
|
|move|p2a: Rotom-Wash|Volt Switch|p1a: Heatran
|-damage|p1a: Heatran|322\/386 slp
|
|switch|p2a: Mamoswine|Mamoswine, M|325\/361
|cant|p1a: Heatran|slp
|
|-heal|p1a: Heatran|346\/386 slp|[from] item: Leftovers
|turn|33
|
|switch|p1a: Slowbro|Slowbro, F|314\/394 brn
|move|p2a: Mamoswine|Earthquake|p1a: Slowbro
|-damage|p1a: Slowbro|139\/394 brn
|-damage|p2a: Mamoswine|289\/361|[from] item: Life Orb
|
|-heal|p1a: Slowbro|163\/394 brn|[from] item: Leftovers
|-damage|p1a: Slowbro|114\/394 brn|[from] brn
|turn|34
|
|switch|p1a: Skarmory|Skarmory, F|334\/334
|move|p2a: Mamoswine|Icicle Crash|p1a: Skarmory
|-damage|p1a: Skarmory|201\/334
|-damage|p2a: Mamoswine|253\/361|[from] item: Life Orb
|
|-heal|p1a: Skarmory|221\/334|[from] item: Leftovers
|turn|35
|
|switch|p2a: Rotom-Wash|Rotom-Wash|303\/303
|move|p1a: Skarmory|Whirlwind|p2a: Rotom-Wash
|drag|p2a: Heatran|Heatran, M|171\/385
|
|-heal|p1a: Skarmory|241\/334|[from] item: Leftovers
|turn|36
|
|switch|p1a: Slowbro|Slowbro, F|245\/394 brn
|move|p2a: Heatran|Stealth Rock|p1a: Slowbro
|-sidestart|p1: baeninja|move: Stealth Rock
|
|-heal|p1a: Slowbro|269\/394 brn|[from] item: Leftovers
|-damage|p1a: Slowbro|220\/394 brn|[from] brn
|turn|37
|
|switch|p2a: Rotom-Wash|Rotom-Wash|303\/303
|move|p1a: Slowbro|Scald|p2a: Rotom-Wash
|-resisted|p2a: Rotom-Wash
|-damage|p2a: Rotom-Wash|259\/303
|
|-heal|p2a: Rotom-Wash|277\/303|[from] item: Leftovers
|-heal|p1a: Slowbro|244\/394 brn|[from] item: Leftovers
|-damage|p1a: Slowbro|195\/394 brn|[from] brn
|turn|38
|
|switch|p1a: Amoonguss|Amoonguss, M|417\/432 brn
|-damage|p1a: Amoonguss|363\/432 brn|[from] Stealth Rock
|move|p2a: Rotom-Wash|Volt Switch|p1a: Amoonguss
|-resisted|p1a: Amoonguss
|-damage|p1a: Amoonguss|330\/432 brn
|
|switch|p2a: Mamoswine|Mamoswine, M|253\/361
|
|-heal|p1a: Amoonguss|357\/432 brn|[from] item: Black Sludge
|-damage|p1a: Amoonguss|303\/432 brn|[from] brn
|turn|39
|
|switch|p1a: Slowbro|Slowbro, F|326\/394 brn
|-damage|p1a: Slowbro|277\/394 brn|[from] Stealth Rock
|move|p2a: Mamoswine|Icicle Crash|p1a: Slowbro
|-resisted|p1a: Slowbro
|-damage|p1a: Slowbro|211\/394 brn
|-damage|p2a: Mamoswine|217\/361|[from] item: Life Orb
|
|-heal|p1a: Slowbro|235\/394 brn|[from] item: Leftovers
|-damage|p1a: Slowbro|186\/394 brn|[from] brn
|turn|40
|
|switch|p2a: Rotom-Wash|Rotom-Wash|277\/303
|move|p1a: Slowbro|Slack Off|p1a: Slowbro
|-heal|p1a: Slowbro|383\/394 brn
|
|-heal|p2a: Rotom-Wash|295\/303|[from] item: Leftovers
|-heal|p1a: Slowbro|394\/394 brn|[from] item: Leftovers
|-damage|p1a: Slowbro|345\/394 brn|[from] brn
|turn|41
|
|switch|p1a: Amoonguss|Amoonguss, M|432\/432 brn
|-damage|p1a: Amoonguss|378\/432 brn|[from] Stealth Rock
|move|p2a: Rotom-Wash|Volt Switch|p1a: Amoonguss
|-resisted|p1a: Amoonguss
|-damage|p1a: Amoonguss|342\/432 brn
|
|switch|p2a: Bisharp|Bisharp, F|271\/271
|
|-heal|p1a: Amoonguss|369\/432 brn|[from] item: Black Sludge
|-damage|p1a: Amoonguss|315\/432 brn|[from] brn
|turn|42
|
|move|p2a: Bisharp|Substitute|p2a: Bisharp
|-start|p2a: Bisharp|Substitute
|-damage|p2a: Bisharp|204\/271
|move|p1a: Amoonguss|Spore|p2a: Bisharp
|
|-heal|p2a: Bisharp|220\/271|[from] item: Leftovers
|-heal|p1a: Amoonguss|342\/432 brn|[from] item: Black Sludge
|-damage|p1a: Amoonguss|288\/432 brn|[from] brn
|turn|43
|
|switch|p1a: Skarmory|Skarmory, F|241\/334
|-damage|p1a: Skarmory|200\/334|[from] Stealth Rock
|move|p2a: Bisharp|Swords Dance|p2a: Bisharp
|-boost|p2a: Bisharp|atk|2
|
|-heal|p2a: Bisharp|236\/271|[from] item: Leftovers
|-heal|p1a: Skarmory|220\/334|[from] item: Leftovers
|turn|44
|
|move|p2a: Bisharp|Iron Head|p1a: Skarmory
|-resisted|p1a: Skarmory
|-damage|p1a: Skarmory|118\/334
|move|p1a: Skarmory|Whirlwind|p2a: Bisharp
|drag|p2a: Latias|Latias, F|301\/301
|
|-heal|p1a: Skarmory|138\/334|[from] item: Leftovers
|turn|45
|
|switch|p1a: Sylveon|Sylveon, F|394\/394
|-damage|p1a: Sylveon|345\/394|[from] Stealth Rock
|move|p2a: Latias|Draco Meteor|p1a: Sylveon
|-immune|p1a: Sylveon|[msg]
|
|-heal|p1a: Sylveon|369\/394|[from] item: Leftovers
|turn|46
|
|switch|p2a: Venusaur|Venusaur-Mega, M|301\/364
|move|p1a: Sylveon|Heal Bell|p1a: Sylveon
|-cureteam|p1a: Sylveon|[from] move: HealBell
|
|-heal|p1a: Sylveon|393\/394|[from] item: Leftovers
|turn|47
|
|switch|p1a: Heatran|Heatran, F|346\/386
|-damage|p1a: Heatran|298\/386|[from] Stealth Rock
|move|p2a: Venusaur|Sleep Powder|p1a: Heatran|[miss]
|-miss|p2a: Venusaur|p1a: Heatran
|
|-heal|p1a: Heatran|322\/386|[from] item: Leftovers
|turn|48
|
|move|p1a: Heatran|Protect|p1a: Heatran
|-singleturn|p1a: Heatran|Protect
|move|p2a: Venusaur|Sleep Powder|p1a: Heatran
|-activate|p1a: Heatran|Protect
|
|-heal|p1a: Heatran|346\/386|[from] item: Leftovers
|turn|49
|
|switch|p1a: Amoonguss|Amoonguss, M|432\/432
|-damage|p1a: Amoonguss|378\/432|[from] Stealth Rock
|move|p2a: Venusaur|Sleep Powder|p1a: Amoonguss
|-fail|p1a: Amoonguss
|
|-heal|p1a: Amoonguss|405\/432|[from] item: Black Sludge
|turn|50
|
|switch|p2a: Bisharp|Bisharp, F|236\/271
|move|p1a: Amoonguss|Spore|p2a: Bisharp
|-status|p2a: Bisharp|slp
|
|-heal|p2a: Bisharp|252\/271 slp|[from] item: Leftovers
|-heal|p1a: Amoonguss|432\/432|[from] item: Black Sludge
|turn|51
|
|switch|p2a: Heatran|Heatran, M|171\/385
|switch|p1a: Heatran|Heatran, F|346\/386
|-damage|p1a: Heatran|298\/386|[from] Stealth Rock
|
|-heal|p1a: Heatran|322\/386|[from] item: Leftovers
|turn|52
|
|switch|p1a: Slowbro|Slowbro, F|394\/394
|-damage|p1a: Slowbro|345\/394|[from] Stealth Rock
|move|p2a: Heatran|Taunt|p1a: Slowbro
|-start|p1a: Slowbro|move: Taunt
|
|-heal|p1a: Slowbro|369\/394|[from] item: Leftovers
|turn|53
|
|switch|p2a: Rotom-Wash|Rotom-Wash|295\/303
|move|p1a: Slowbro|Scald|p2a: Rotom-Wash
|-resisted|p2a: Rotom-Wash
|-damage|p2a: Rotom-Wash|253\/303
|
|-heal|p2a: Rotom-Wash|271\/303|[from] item: Leftovers
|-heal|p1a: Slowbro|393\/394|[from] item: Leftovers
|turn|54
|
|switch|p1a: Amoonguss|Amoonguss, M|432\/432
|-damage|p1a: Amoonguss|378\/432|[from] Stealth Rock
|move|p2a: Rotom-Wash|Volt Switch|p1a: Amoonguss
|-crit|p1a: Amoonguss
|-resisted|p1a: Amoonguss
|-damage|p1a: Amoonguss|321\/432
|
|switch|p2a: Mamoswine|Mamoswine, M|217\/361
|
|-heal|p1a: Amoonguss|348\/432|[from] item: Black Sludge
|turn|55
|
|switch|p1a: Slowbro|Slowbro, F|394\/394
|-damage|p1a: Slowbro|345\/394|[from] Stealth Rock
|move|p2a: Mamoswine|Earthquake|p1a: Slowbro
|-damage|p1a: Slowbro|172\/394
|-damage|p2a: Mamoswine|181\/361|[from] item: Life Orb
|
|-heal|p1a: Slowbro|196\/394|[from] item: Leftovers
|turn|56
|
|switch|p2a: Rotom-Wash|Rotom-Wash|271\/303
|move|p1a: Slowbro|Slack Off|p1a: Slowbro
|-heal|p1a: Slowbro|393\/394
|
|-heal|p2a: Rotom-Wash|289\/303|[from] item: Leftovers
|-heal|p1a: Slowbro|394\/394|[from] item: Leftovers
|turn|57
|
|switch|p1a: Amoonguss|Amoonguss, M|432\/432
|-damage|p1a: Amoonguss|378\/432|[from] Stealth Rock
|move|p2a: Rotom-Wash|Will-O-Wisp|p1a: Amoonguss|[miss]
|-miss|p2a: Rotom-Wash|p1a: Amoonguss
|
|-heal|p2a: Rotom-Wash|303\/303|[from] item: Leftovers
|-heal|p1a: Amoonguss|405\/432|[from] item: Black Sludge
|turn|58
|
|move|p2a: Rotom-Wash|Volt Switch|p1a: Amoonguss
|-resisted|p1a: Amoonguss
|-damage|p1a: Amoonguss|370\/432
|
|switch|p2a: Venusaur|Venusaur-Mega, M|301\/364
|move|p1a: Amoonguss|Spore|p2a: Venusaur
|-fail|p2a: Venusaur
|
|-heal|p1a: Amoonguss|397\/432|[from] item: Black Sludge
|turn|59
|
|move|p2a: Venusaur|Sleep Powder|p1a: Amoonguss|[miss]
|-miss|p2a: Venusaur|p1a: Amoonguss
|move|p1a: Amoonguss|Hidden Power|p2a: Venusaur
|-supereffective|p2a: Venusaur
|-damage|p2a: Venusaur|265\/364
|
|-heal|p1a: Amoonguss|424\/432|[from] item: Black Sludge
|turn|60
|
|move|p2a: Venusaur|Sleep Powder|p1a: Amoonguss
|-fail|p1a: Amoonguss
|move|p1a: Amoonguss|Hidden Power|p2a: Venusaur
|-supereffective|p2a: Venusaur
|-damage|p2a: Venusaur|225\/364
|
|-heal|p1a: Amoonguss|432\/432|[from] item: Black Sludge
|turn|61
|
|move|p2a: Venusaur|Sleep Powder|p1a: Amoonguss|[miss]
|-miss|p2a: Venusaur|p1a: Amoonguss
|move|p1a: Amoonguss|Hidden Power|p2a: Venusaur
|-supereffective|p2a: Venusaur
|-damage|p2a: Venusaur|187\/364
|
|turn|62
|
|move|p2a: Venusaur|Synthesis|p2a: Venusaur
|-heal|p2a: Venusaur|364\/364
|move|p1a: Amoonguss|Clear Smog|p2a: Venusaur
|-damage|p2a: Venusaur|315\/364
|-clearboost|p2a: Venusaur
|
|turn|63
|
|move|p2a: Venusaur|Sleep Powder|p1a: Amoonguss|[miss]
|-miss|p2a: Venusaur|p1a: Amoonguss
|move|p1a: Amoonguss|Clear Smog|p2a: Venusaur
|-damage|p2a: Venusaur|273\/364
|-clearboost|p2a: Venusaur
|
|turn|64
|
|switch|p2a: Heatran|Heatran, M|171\/385
|move|p1a: Amoonguss|Clear Smog|p2a: Heatran
|-immune|p2a: Heatran|[msg]
|
|turn|65
|
|switch|p1a: Slowbro|Slowbro, F|394\/394
|-damage|p1a: Slowbro|345\/394|[from] Stealth Rock
|move|p2a: Heatran|Lava Plume|p1a: Slowbro
|-resisted|p1a: Slowbro
|-damage|p1a: Slowbro|270\/394
|
|-heal|p1a: Slowbro|294\/394|[from] item: Leftovers
|turn|66
|
|switch|p2a: Rotom-Wash|Rotom-Wash|303\/303
|move|p1a: Slowbro|Scald|p2a: Rotom-Wash
|-resisted|p2a: Rotom-Wash
|-damage|p2a: Rotom-Wash|258\/303
|
|-heal|p2a: Rotom-Wash|276\/303|[from] item: Leftovers
|-heal|p1a: Slowbro|318\/394|[from] item: Leftovers
|turn|67
|
|switch|p1a: Sylveon|Sylveon, F|393\/394
|-damage|p1a: Sylveon|344\/394|[from] Stealth Rock
|move|p2a: Rotom-Wash|Volt Switch|p1a: Sylveon
|-damage|p1a: Sylveon|286\/394
|
|switch|p2a: Venusaur|Venusaur-Mega, M|273\/364
|
|-heal|p1a: Sylveon|310\/394|[from] item: Leftovers
|turn|68
|
|move|p1a: Sylveon|Protect|p1a: Sylveon
|-singleturn|p1a: Sylveon|Protect
|move|p2a: Venusaur|Sleep Powder|p1a: Sylveon
|-activate|p1a: Sylveon|Protect
|
|-heal|p1a: Sylveon|334\/394|[from] item: Leftovers
|turn|69
|
|switch|p2a: Latias|Latias, F|301\/301
|move|p1a: Sylveon|Wish|p1a: Sylveon
|
|-heal|p1a: Sylveon|358\/394|[from] item: Leftovers
|turn|70
|
|switch|p2a: Venusaur|Venusaur-Mega, M|273\/364
|move|p1a: Sylveon|Hyper Voice|p2a: Venusaur
|-resisted|p2a: Venusaur
|-damage|p2a: Venusaur|206\/364
|
|-heal|p1a: Sylveon|394\/394|[from] move: Wish|[wisher] Sylveon
|turn|71
|
|move|p2a: Venusaur|Synthesis|p2a: Venusaur
|-heal|p2a: Venusaur|364\/364
|move|p1a: Sylveon|Wish|p1a: Sylveon
|
|turn|72
|
|switch|p1a: Skarmory|Skarmory, F|138\/334
|-damage|p1a: Skarmory|97\/334|[from] Stealth Rock
|move|p2a: Venusaur|Sleep Powder|p1a: Skarmory
|-status|p1a: Skarmory|slp
|
|-heal|p1a: Skarmory|294\/334 slp|[from] move: Wish|[wisher] Sylveon
|-heal|p1a: Skarmory|314\/334 slp|[from] item: Leftovers
|turn|73
|
|switch|p2a: Rotom-Wash|Rotom-Wash|276\/303
|switch|p1a: Heatran|Heatran, F|322\/386
|-damage|p1a: Heatran|274\/386|[from] Stealth Rock
|
|-heal|p2a: Rotom-Wash|294\/303|[from] item: Leftovers
|-heal|p1a: Heatran|298\/386|[from] item: Leftovers
|turn|74
|
|move|p1a: Heatran|Protect|p1a: Heatran
|-singleturn|p1a: Heatran|Protect
|move|p2a: Rotom-Wash|Volt Switch|p1a: Heatran
|-activate|p1a: Heatran|Protect
|
|-heal|p2a: Rotom-Wash|303\/303|[from] item: Leftovers
|-heal|p1a: Heatran|322\/386|[from] item: Leftovers
|turn|75
|
|move|p2a: Rotom-Wash|Hydro Pump|p1a: Heatran
|-supereffective|p1a: Heatran
|-damage|p1a: Heatran|98\/386
|move|p1a: Heatran|Stealth Rock|p2a: Rotom-Wash
|-sidestart|p2: RustyEspur|move: Stealth Rock
|
|-heal|p1a: Heatran|122\/386|[from] item: Leftovers
|turn|76
|
|move|p1a: Heatran|Protect|p1a: Heatran
|-singleturn|p1a: Heatran|Protect
|move|p2a: Rotom-Wash|Hydro Pump|p1a: Heatran
|-activate|p1a: Heatran|Protect
|
|-heal|p1a: Heatran|146\/386|[from] item: Leftovers
|turn|77
|
|switch|p1a: Sylveon|Sylveon, F|394\/394
|-damage|p1a: Sylveon|345\/394|[from] Stealth Rock
|move|p2a: Rotom-Wash|Volt Switch|p1a: Sylveon
|-damage|p1a: Sylveon|285\/394
|
|switch|p2a: Venusaur|Venusaur-Mega, M|364\/364
|-damage|p2a: Venusaur|319\/364|[from] Stealth Rock
|
|-heal|p1a: Sylveon|309\/394|[from] item: Leftovers
|turn|78
|
|move|p1a: Sylveon|Protect|p1a: Sylveon
|-singleturn|p1a: Sylveon|Protect
|move|p2a: Venusaur|Sludge Bomb|p1a: Sylveon
|-activate|p1a: Sylveon|Protect
|
|-heal|p1a: Sylveon|333\/394|[from] item: Leftovers
|turn|79
|
|move|p2a: Venusaur|Sludge Bomb|p1a: Sylveon
|-supereffective|p1a: Sylveon
|-damage|p1a: Sylveon|159\/394
|move|p1a: Sylveon|Wish|p1a: Sylveon
|
|-heal|p1a: Sylveon|183\/394|[from] item: Leftovers
|turn|80
|
|switch|p1a: Heatran|Heatran, F|146\/386
|-damage|p1a: Heatran|98\/386|[from] Stealth Rock
|move|p2a: Venusaur|Giga Drain|p1a: Heatran
|-resisted|p1a: Heatran
|-damage|p1a: Heatran|80\/386
|-heal|p2a: Venusaur|328\/364|[from] drain|[of] p1a: Heatran
|
|-heal|p1a: Heatran|277\/386|[from] move: Wish|[wisher] Sylveon
|-heal|p1a: Heatran|301\/386|[from] item: Leftovers
|turn|81
|
|switch|p2a: Rotom-Wash|Rotom-Wash|303\/303
|-damage|p2a: Rotom-Wash|266\/303|[from] Stealth Rock
|move|p1a: Heatran|Protect|p1a: Heatran
|-fail|p1a: Heatran
|
|-heal|p2a: Rotom-Wash|284\/303|[from] item: Leftovers
|-heal|p1a: Heatran|325\/386|[from] item: Leftovers
|turn|82
|
|move|p1a: Heatran|Protect|p1a: Heatran
|-singleturn|p1a: Heatran|Protect
|move|p2a: Rotom-Wash|Hydro Pump|p1a: Heatran
|-activate|p1a: Heatran|Protect
|
|-heal|p2a: Rotom-Wash|302\/303|[from] item: Leftovers
|-heal|p1a: Heatran|349\/386|[from] item: Leftovers
|turn|83
|
|move|p2a: Rotom-Wash|Volt Switch|p1a: Heatran
|-damage|p1a: Heatran|285\/386
|
|switch|p2a: Latias|Latias, F|301\/301
|-damage|p2a: Latias|264\/301|[from] Stealth Rock
|move|p1a: Heatran|Toxic|p2a: Latias
|-status|p2a: Latias|tox
|
|-heal|p1a: Heatran|309\/386|[from] item: Leftovers
|-damage|p2a: Latias|246\/301 tox|[from] psn
|turn|84
|
|move|p1a: Heatran|Protect|p1a: Heatran
|-singleturn|p1a: Heatran|Protect
|move|p2a: Latias|Defog|p1a: Heatran
|-activate|p1a: Heatran|Protect
|
|-heal|p1a: Heatran|333\/386|[from] item: Leftovers
|-damage|p2a: Latias|210\/301 tox|[from] psn
|turn|85
|
|switch|p2a: Mamoswine|Mamoswine, M|181\/361
|-damage|p2a: Mamoswine|136\/361|[from] Stealth Rock
|move|p1a: Heatran|Stealth Rock|p2a: Mamoswine
|-fail|p2a: Mamoswine
|
|-heal|p1a: Heatran|357\/386|[from] item: Leftovers
|turn|86
|
|move|p1a: Heatran|Protect|p1a: Heatran
|-singleturn|p1a: Heatran|Protect
|move|p2a: Mamoswine|Earthquake|p1a: Heatran
|-activate|p1a: Heatran|Protect
|
|-heal|p1a: Heatran|381\/386|[from] item: Leftovers
|turn|87
|
|switch|p1a: Slowbro|Slowbro, F|394\/394
|-damage|p1a: Slowbro|345\/394|[from] Stealth Rock
|move|p2a: Mamoswine|Earthquake|p1a: Slowbro
|-damage|p1a: Slowbro|180\/394
|-damage|p2a: Mamoswine|100\/361|[from] item: Life Orb
|
|-heal|p1a: Slowbro|204\/394|[from] item: Leftovers
|turn|88
|
|switch|p2a: Latias|Latias, F|210\/301 tox
|-damage|p2a: Latias|173\/301 tox|[from] Stealth Rock
|move|p1a: Slowbro|Slack Off|p1a: Slowbro
|-heal|p1a: Slowbro|394\/394
|
|-damage|p2a: Latias|155\/301 tox|[from] psn
|turn|89
|
|switch|p1a: Heatran|Heatran, F|381\/386
|-damage|p1a: Heatran|333\/386|[from] Stealth Rock
|move|p2a: Latias|Defog|p1a: Heatran
|-unboost|p1a: Heatran|evasion|1
|-sideend|p1: baeninja|Stealth Rock|[from] move: Defog|[of] p1a: Heatran
|-sideend|p2: RustyEspur|Stealth Rock|[from] move: Defog|[of] p2a: Latias
|
|-heal|p1a: Heatran|357\/386|[from] item: Leftovers
|-damage|p2a: Latias|119\/301 tox|[from] psn
|turn|90
|
|move|p2a: Latias|Healing Wish|p2a: Latias
|faint|p2a: Latias
|move|p1a: Heatran|Stealth Rock|p2: Latias
|-sidestart|p2: RustyEspur|move: Stealth Rock
|
|-heal|p1a: Heatran|381\/386|[from] item: Leftovers
|
|switch|p2a: Bisharp|Bisharp, F|252\/271 slp
|-heal|p2a: Bisharp|271\/271|[from] move: Healing Wish
|-damage|p2a: Bisharp|255\/271|[from] Stealth Rock
|turn|91
|
|switch|p2a: Rotom-Wash|Rotom-Wash|302\/303
|-damage|p2a: Rotom-Wash|265\/303|[from] Stealth Rock
|move|p1a: Heatran|Lava Plume|p2a: Rotom-Wash
|-resisted|p2a: Rotom-Wash
|-damage|p2a: Rotom-Wash|209\/303
|
|-heal|p2a: Rotom-Wash|227\/303|[from] item: Leftovers
|-heal|p1a: Heatran|386\/386|[from] item: Leftovers
|turn|92
|
|move|p2a: Rotom-Wash|Hydro Pump|p1a: Heatran
|-crit|p1a: Heatran
|-supereffective|p1a: Heatran
|-damage|p1a: Heatran|102\/386
|move|p1a: Heatran|Lava Plume|p2a: Rotom-Wash
|-resisted|p2a: Rotom-Wash
|-damage|p2a: Rotom-Wash|170\/303
|
|-heal|p2a: Rotom-Wash|188\/303|[from] item: Leftovers
|-heal|p1a: Heatran|126\/386|[from] item: Leftovers
|turn|93
|
|move|p1a: Heatran|Protect|p1a: Heatran
|-singleturn|p1a: Heatran|Protect
|move|p2a: Rotom-Wash|Volt Switch|p1a: Heatran
|-activate|p1a: Heatran|Protect
|
|-heal|p2a: Rotom-Wash|206\/303|[from] item: Leftovers
|-heal|p1a: Heatran|150\/386|[from] item: Leftovers
|turn|94
|
|switch|p1a: Amoonguss|Amoonguss, M|432\/432
|move|p2a: Rotom-Wash|Hydro Pump|p1a: Amoonguss
|-resisted|p1a: Amoonguss
|-damage|p1a: Amoonguss|377\/432
|
|-heal|p2a: Rotom-Wash|224\/303|[from] item: Leftovers
|-heal|p1a: Amoonguss|404\/432|[from] item: Black Sludge
|turn|95
|
|move|p2a: Rotom-Wash|Volt Switch|p1a: Amoonguss
|-resisted|p1a: Amoonguss
|-damage|p1a: Amoonguss|369\/432
|
|switch|p2a: Venusaur|Venusaur-Mega, M|328\/364
|-damage|p2a: Venusaur|283\/364|[from] Stealth Rock
|move|p1a: Amoonguss|Giga Drain|p2a: Venusaur
|-resisted|p2a: Venusaur
|-damage|p2a: Venusaur|267\/364
|-heal|p1a: Amoonguss|377\/432|[from] drain|[of] p2a: Venusaur
|
|-heal|p1a: Amoonguss|404\/432|[from] item: Black Sludge
|turn|96
|
|switch|p1a: Heatran|Heatran, F|150\/386
|move|p2a: Venusaur|Giga Drain|p1a: Heatran
|-resisted|p1a: Heatran
|-damage|p1a: Heatran|131\/386
|-heal|p2a: Venusaur|277\/364|[from] drain|[of] p1a: Heatran
|
|-heal|p1a: Heatran|155\/386|[from] item: Leftovers
|turn|97
|
|switch|p2a: Rotom-Wash|Rotom-Wash|224\/303
|-damage|p2a: Rotom-Wash|187\/303|[from] Stealth Rock
|move|p1a: Heatran|Toxic|p2a: Rotom-Wash
|-status|p2a: Rotom-Wash|tox
|
|-heal|p2a: Rotom-Wash|205\/303 tox|[from] item: Leftovers
|-heal|p1a: Heatran|179\/386|[from] item: Leftovers
|-damage|p2a: Rotom-Wash|187\/303 tox|[from] psn
|turn|98
|
|move|p1a: Heatran|Protect|p1a: Heatran
|-singleturn|p1a: Heatran|Protect
|move|p2a: Rotom-Wash|Volt Switch|p1a: Heatran
|-activate|p1a: Heatran|Protect
|
|-heal|p2a: Rotom-Wash|205\/303 tox|[from] item: Leftovers
|-heal|p1a: Heatran|203\/386|[from] item: Leftovers
|-damage|p2a: Rotom-Wash|169\/303 tox|[from] psn
|turn|99
|
|switch|p1a: Amoonguss|Amoonguss, M|432\/432
|move|p2a: Rotom-Wash|Volt Switch|p1a: Amoonguss
|-resisted|p1a: Amoonguss
|-damage|p1a: Amoonguss|395\/432
|
|switch|p2a: Bisharp|Bisharp, F|255\/271
|-damage|p2a: Bisharp|239\/271|[from] Stealth Rock
|
|-heal|p2a: Bisharp|255\/271|[from] item: Leftovers
|-heal|p1a: Amoonguss|422\/432|[from] item: Black Sludge
|turn|100
|
|move|p2a: Bisharp|Swords Dance|p2a: Bisharp
|-boost|p2a: Bisharp|atk|2
|move|p1a: Amoonguss|Hidden Power|p2a: Bisharp
|-supereffective|p2a: Bisharp
|-damage|p2a: Bisharp|147\/271
|
|-heal|p2a: Bisharp|163\/271|[from] item: Leftovers
|-heal|p1a: Amoonguss|432\/432|[from] item: Black Sludge
|turn|101
|
|move|p2a: Bisharp|Substitute|p2a: Bisharp
|-start|p2a: Bisharp|Substitute
|-damage|p2a: Bisharp|96\/271
|move|p1a: Amoonguss|Spore|p2a: Bisharp
|
|-heal|p2a: Bisharp|112\/271|[from] item: Leftovers
|turn|102
|
|move|p2a: Bisharp|Swords Dance|p2a: Bisharp
|-boost|p2a: Bisharp|atk|2
|move|p1a: Amoonguss|Hidden Power|p2a: Bisharp
|-supereffective|p2a: Bisharp
|-end|p2a: Bisharp|Substitute
|
|-heal|p2a: Bisharp|128\/271|[from] item: Leftovers
|turn|103
|
|move|p2a: Bisharp|Iron Head|p1a: Amoonguss
|-damage|p1a: Amoonguss|0 fnt
|faint|p1a: Amoonguss
|
|-heal|p2a: Bisharp|144\/271|[from] item: Leftovers
|
|switch|p1a: Skarmory|Skarmory, F|314\/334 slp
|turn|104
|
|move|p2a: Bisharp|Iron Head|p1a: Skarmory
|-resisted|p1a: Skarmory
|-damage|p1a: Skarmory|171\/334 slp
|cant|p1a: Skarmory|slp
|
|-heal|p2a: Bisharp|160\/271|[from] item: Leftovers
|-heal|p1a: Skarmory|191\/334 slp|[from] item: Leftovers
|turn|105
|
|move|p2a: Bisharp|Iron Head|p1a: Skarmory
|-resisted|p1a: Skarmory
|-damage|p1a: Skarmory|39\/334 slp
|cant|p1a: Skarmory|slp
|
|-heal|p2a: Bisharp|176\/271|[from] item: Leftovers
|-heal|p1a: Skarmory|59\/334 slp|[from] item: Leftovers
|turn|106
|
|move|p2a: Bisharp|Iron Head|p1a: Skarmory
|-resisted|p1a: Skarmory
|-damage|p1a: Skarmory|0 fnt
|faint|p1a: Skarmory
|
|-heal|p2a: Bisharp|192\/271|[from] item: Leftovers
|
|switch|p1a: Slowbro|Slowbro, F|394\/394
|turn|107
|
|move|p2a: Bisharp|Substitute|p2a: Bisharp
|-start|p2a: Bisharp|Substitute
|-damage|p2a: Bisharp|125\/271
|move|p1a: Slowbro|Scald|p2a: Bisharp
|-end|p2a: Bisharp|Substitute
|
|-heal|p2a: Bisharp|141\/271|[from] item: Leftovers
|turn|108
|
|move|p2a: Bisharp|Sucker Punch|p1a: Slowbro
|-supereffective|p1a: Slowbro
|-damage|p1a: Slowbro|0 fnt
|faint|p1a: Slowbro
|
|-heal|p2a: Bisharp|157\/271|[from] item: Leftovers
|
|switch|p1a: Heatran|Heatran, F|203\/386
|turn|109
|
|move|p2a: Bisharp|Sucker Punch|p1a: Heatran
|-damage|p1a: Heatran|0 fnt
|faint|p1a: Heatran
|
|-heal|p2a: Bisharp|173\/271|[from] item: Leftovers
|-message|baeninja forfeited.
|
|win|RustyEspur
|raw|Ladder updating...
|leave|baeninja
|player|p1
|raw|baeninja's rating: 1629 &rarr; <strong>1605<\/strong><br \/>(-24 for losing)
|raw|RustyEspur's rating: 1561 &rarr; <strong>1585<\/strong><br \/>(+24 for winning)
|c|âRustyEspur|pff