|join|lol haram
|join|RustyEspur
|player|p1|lol haram|148
|player|p2|RustyEspur|172
|gametype|singles
|gen|6
|tier|OU (suspect test)
|rated
|clearpoke
|poke|p1|Ferrothorn, F
|poke|p1|Tyranitar, M
|poke|p1|Landorus, M
|poke|p1|Excadrill, M
|poke|p1|Azumarill, F
|poke|p1|Lopunny, F
|poke|p2|Metagross
|poke|p2|Hydreigon, F
|poke|p2|Keldeo
|poke|p2|Landorus-Therian, M
|poke|p2|Klefki, M
|poke|p2|Weavile, M
|rule|Swagger Clause: Swagger is banned
|rule|Baton Pass Clause: Limit one PokÃ©mon knowing Baton Pass
|rule|Sleep Clause Mod: Limit one foe put to sleep
|rule|Species Clause: Limit one of each PokÃ©mon
|rule|OHKO Clause: OHKO moves are banned
|rule|Moody Clause: Moody is banned
|rule|Evasion Moves Clause: Evasion moves are banned
|rule|Endless Battle Clause: Forcing endless battles is banned
|rule|HP Percentage Mod: HP is shown in percentages
|teampreview
|join|napty
|
|start
|switch|p1a: Azumarill|Azumarill, F|401\/401
|switch|p2a: Klefki|Klefki, M|318\/318
|turn|1
|
|switch|p1a: Landorus|Landorus, M|319\/319
|move|p2a: Klefki|Toxic|p1a: Landorus
|-status|p1a: Landorus|tox
|
|-damage|p1a: Landorus|300\/319 tox|[from] psn
|turn|2
|
|switch|p2a: Landorus-Therian|Landorus-Therian, M|382\/382
|-ability|p2a: Landorus-Therian|Intimidate|[of] p1a: Landorus
|-unboost|p1a: Landorus|atk|1
|move|p1a: Landorus|Focus Blast|p2a: Landorus-Therian
|-resisted|p2a: Landorus-Therian
|-damage|p2a: Landorus-Therian|240\/382
|
|-damage|p1a: Landorus|262\/319 tox|[from] psn
|turn|3
|
|move|p1a: Landorus|Psychic|p2a: Landorus-Therian
|-damage|p2a: Landorus-Therian|50\/382
|move|p2a: Landorus-Therian|Stealth Rock|p1a: Landorus
|-sidestart|p1: lol haram|move: Stealth Rock
|
|-damage|p1a: Landorus|205\/319 tox|[from] psn
|turn|4
|
|switch|p2a: Hydreigon|Hydreigon, F|325\/325
|move|p1a: Landorus|Focus Blast|p2a: Hydreigon
|-supereffective|p2a: Hydreigon
|-damage|p2a: Hydreigon|0 fnt
|faint|p2a: Hydreigon
|
|-damage|p1a: Landorus|129\/319 tox|[from] psn
|
|switch|p2a: Weavile|Weavile, M|281\/281
|-ability|p2a: Weavile|Pressure
|turn|5
|
|switch|p1a: Ferrothorn|Ferrothorn, F|352\/352
|-damage|p1a: Ferrothorn|330\/352|[from] Stealth Rock
|move|p2a: Weavile|Knock Off|p1a: Ferrothorn
|-damage|p1a: Ferrothorn|197\/352
|-damage|p2a: Weavile|246\/281|[from] ability: Iron Barbs|[of] p1a: Ferrothorn
|-enditem|p1a: Ferrothorn|Leftovers|[from] move: Knock Off|[of] p2a: Weavile
|-damage|p2a: Weavile|218\/281|[from] item: Life Orb
|
|turn|6
|
|move|p2a: Weavile|Swords Dance|p2a: Weavile
|-boost|p2a: Weavile|atk|2
|move|p1a: Ferrothorn|Gyro Ball|p2a: Weavile
|-crit|p2a: Weavile
|-supereffective|p2a: Weavile
|-damage|p2a: Weavile|0 fnt
|faint|p2a: Weavile
|
|
|switch|p2a: Keldeo|Keldeo|323\/323
|turn|7
|c| napty|lol
|
|switch|p1a: Azumarill|Azumarill, F|401\/401
|-damage|p1a: Azumarill|351\/401|[from] Stealth Rock
|move|p2a: Keldeo|Secret Sword|p1a: Azumarill
|-resisted|p1a: Azumarill
|-damage|p1a: Azumarill|266\/401
|
|turn|8
|c|âRustyEspur|ikr
|c| napty|low kick > swords dance
|c|âRustyEspur|reckless to the max
|c|âRustyEspur|and he doesnt want rocks
|c| napty|lol
|c|âlol haram|you can say that it was a predict
|
|switch|p2a: Klefki|Klefki, M|318\/318
|move|p1a: Azumarill|Waterfall|p2a: Klefki
|-damage|p2a: Klefki|194\/318
|
|-heal|p2a: Klefki|213\/318|[from] item: Leftovers
|turn|9
|c|âRustyEspur|:]]
|
|switch|p1a: Landorus|Landorus, M|129\/319 tox
|-damage|p1a: Landorus|90\/319 tox|[from] Stealth Rock
|move|p2a: Klefki|Dazzling Gleam|p1a: Landorus
|-damage|p1a: Landorus|0 fnt
|faint|p1a: Landorus
|
|-heal|p2a: Klefki|232\/318|[from] item: Leftovers
|
|switch|p1a: Excadrill|Excadrill, M|361\/361
|-damage|p1a: Excadrill|350\/361|[from] Stealth Rock
|turn|10
|
|switch|p2a: Landorus-Therian|Landorus-Therian, M|50\/382
|-ability|p2a: Landorus-Therian|Intimidate|[of] p1a: Excadrill
|-unboost|p1a: Excadrill|atk|1
|move|p1a: Excadrill|Earthquake|p2a: Landorus-Therian
|-immune|p2a: Landorus-Therian|[msg]
|
|turn|11
|
|move|p1a: Excadrill|Iron Head|p2a: Landorus-Therian
|-crit|p2a: Landorus-Therian
|-damage|p2a: Landorus-Therian|0 fnt
|-damage|p1a: Excadrill|290\/361|[from] item: Rocky Helmet|[of] p2a: Landorus-Therian
|-damage|p1a: Excadrill|254\/361|[from] item: Life Orb
|faint|p2a: Landorus-Therian
|
|
|switch|p2a: Keldeo|Keldeo|323\/323
|turn|12
|
|switch|p1a: Azumarill|Azumarill, F|266\/401
|-damage|p1a: Azumarill|216\/401|[from] Stealth Rock
|move|p2a: Keldeo|Scald|p1a: Azumarill
|-resisted|p1a: Azumarill
|-damage|p1a: Azumarill|161\/401
|-status|p1a: Azumarill|brn
|
|-damage|p1a: Azumarill|111\/401 brn|[from] brn
|turn|13
|
|switch|p1a: Lopunny|Lopunny, F|272\/272
|-damage|p1a: Lopunny|238\/272|[from] Stealth Rock
|move|p2a: Keldeo|Substitute|p2a: Keldeo
|-start|p2a: Keldeo|Substitute
|-damage|p2a: Keldeo|243\/323
|
|-heal|p2a: Keldeo|263\/323|[from] item: Leftovers
|turn|14
|c| napty|wooooooooo
|
|detailschange|p1a: Lopunny|Lopunny-Mega, F
|-mega|p1a: Lopunny|Lopunny|Lopunnite
|move|p1a: Lopunny|Fake Out|p2a: Keldeo
|-activate|p2a: Keldeo|Substitute|[damage]
|move|p2a: Keldeo|Secret Sword|p1a: Lopunny
|-supereffective|p1a: Lopunny
|-damage|p1a: Lopunny|0 fnt
|faint|p1a: Lopunny
|
|-heal|p2a: Keldeo|283\/323|[from] item: Leftovers
|c| napty|makin plays
|
|switch|p1a: Tyranitar|Tyranitar, M|403\/403
|-damage|p1a: Tyranitar|353\/403|[from] Stealth Rock
|-weather|Sandstorm
|turn|15
|c|âRustyEspur|does keldeo win me the game?
|c| napty|ye
|c|âRustyEspur|yum
|
|switch|p1a: Azumarill|Azumarill, F|111\/401 brn
|-damage|p1a: Azumarill|61\/401 brn|[from] Stealth Rock
|move|p2a: Keldeo|Secret Sword|p1a: Azumarill
|-resisted|p1a: Azumarill
|-damage|p1a: Azumarill|0 fnt
|faint|p1a: Azumarill
|
|-weather|Sandstorm|[upkeep]
|-damage|p2a: Keldeo|263\/323|[from] sandstorm
|-heal|p2a: Keldeo|283\/323|[from] item: Leftovers
|
|switch|p1a: Ferrothorn|Ferrothorn, F|197\/352
|-damage|p1a: Ferrothorn|175\/352|[from] Stealth Rock
|turn|16
|c| napty|keldeo resolute is better than keldeo tho
|c|âRustyEspur|is there a difference
|c| napty|ye
|
|move|p2a: Keldeo|Secret Sword|p1a: Ferrothorn
|-supereffective|p1a: Ferrothorn
|-damage|p1a: Ferrothorn|0 fnt
|faint|p1a: Ferrothorn
|
|-weather|Sandstorm|[upkeep]
|-damage|p2a: Keldeo|263\/323|[from] sandstorm
|-heal|p2a: Keldeo|283\/323|[from] item: Leftovers
|c| napty|keldeo resolute looks more awesome
|
|switch|p1a: Excadrill|Excadrill, M|254\/361
|-damage|p1a: Excadrill|243\/361|[from] Stealth Rock
|turn|17
|c|âRustyEspur|lol
|c| napty|keldeo looks gay
|
|move|p1a: Excadrill|Earthquake|p2a: Keldeo
|-end|p2a: Keldeo|Substitute
|-damage|p1a: Excadrill|207\/361|[from] item: Life Orb
|move|p2a: Keldeo|Scald|p1a: Excadrill
|-supereffective|p1a: Excadrill
|-damage|p1a: Excadrill|0 fnt
|faint|p1a: Excadrill
|
|-weather|Sandstorm|[upkeep]
|-damage|p2a: Keldeo|263\/323|[from] sandstorm
|-heal|p2a: Keldeo|283\/323|[from] item: Leftovers
|-message|lol haram forfeited.
|leave|lol haram
|c|âRustyEspur|ponies
|
|win|RustyEspur
|raw|Ladder updating...
|player|p1
|raw|lol haram's rating: 1324 &rarr; <strong>1307<\/strong><br \/>(-17 for losing)
|raw|RustyEspur's rating: 1375 &rarr; <strong>1392<\/strong><br \/>(+17 for winning)
|c|âRustyEspur|yyayayayayayay
|c| napty|gg
|c|âRustyEspur|recklessness ftw