|join|unity chuggarules
|join|RustyEspur
|player|p1|unity chuggarules|170
|player|p2|RustyEspur|172
|gametype|singles
|gen|6
|tier|OU (suspect test)
|rated
|clearpoke
|poke|p1|Politoed, M
|poke|p1|Gothitelle, M
|poke|p1|Swampert, F
|poke|p1|Kingdra, F
|poke|p1|Latias, F
|poke|p1|Ferrothorn, M
|poke|p2|Metagross
|poke|p2|Hydreigon, M
|poke|p2|Keldeo
|poke|p2|Landorus-Therian, M
|poke|p2|Klefki, M
|poke|p2|Weavile, M
|rule|Swagger Clause: Swagger is banned
|rule|Baton Pass Clause: Limit one PokÃ©mon knowing Baton Pass
|rule|Sleep Clause Mod: Limit one foe put to sleep
|rule|Species Clause: Limit one of each PokÃ©mon
|rule|OHKO Clause: OHKO moves are banned
|rule|Moody Clause: Moody is banned
|rule|Evasion Moves Clause: Evasion moves are banned
|rule|Endless Battle Clause: Forcing endless battles is banned
|rule|HP Percentage Mod: HP is shown in percentages
|teampreview
|
|start
|switch|p1a: Politoed|Politoed, M|383\/383
|switch|p2a: Keldeo|Keldeo|323\/323
|-weather|RainDance
|turn|1
|
|move|p2a: Keldeo|Scald|p1a: Politoed
|-resisted|p1a: Politoed
|-damage|p1a: Politoed|281\/383
|move|p1a: Politoed|Scald|p2a: Keldeo
|-resisted|p2a: Keldeo
|-damage|p2a: Keldeo|253\/323
|
|-weather|RainDance|[upkeep]
|-heal|p2a: Keldeo|273\/323|[from] item: Leftovers
|turn|2
|
|switch|p1a: Latias|Latias, F|301\/301
|move|p2a: Keldeo|Secret Sword|p1a: Latias
|-resisted|p1a: Latias
|-damage|p1a: Latias|223\/301
|
|-weather|RainDance|[upkeep]
|-heal|p2a: Keldeo|293\/323|[from] item: Leftovers
|turn|3
|
|switch|p1a: hefted like Mikey|Swampert, F|341\/341
|switch|p2a: Metagross|Metagross|301\/301
|
|-weather|RainDance|[upkeep]
|turn|4
|
|switch|p2a: Landorus-Therian|Landorus-Therian, M|382\/382
|-ability|p2a: Landorus-Therian|Intimidate|[of] p1a: hefted like Mikey
|-unboost|p1a: hefted like Mikey|atk|1
|detailschange|p1a: hefted like Mikey|Swampert-Mega, F
|-mega|p1a: hefted like Mikey|Swampert|Swampertite
|move|p1a: hefted like Mikey|Earthquake|p2a: Landorus-Therian
|-immune|p2a: Landorus-Therian|[msg]
|
|-weather|RainDance|[upkeep]
|turn|5
|
|switch|p2a: Keldeo|Keldeo|293\/323
|move|p1a: hefted like Mikey|Waterfall|p2a: Keldeo
|-resisted|p2a: Keldeo
|-damage|p2a: Keldeo|200\/323
|
|-weather|RainDance|[upkeep]
|-heal|p2a: Keldeo|220\/323|[from] item: Leftovers
|turn|6
|
|switch|p1a: Gothitelle|Gothitelle, M|281\/281
|move|p2a: Keldeo|Scald|p1a: Gothitelle
|-damage|p1a: Gothitelle|86\/281
|
|-weather|RainDance|[upkeep]
|-heal|p2a: Keldeo|240\/323|[from] item: Leftovers
|turn|7
|
|move|p1a: Gothitelle|Psyshock|p2a: Keldeo
|-supereffective|p2a: Keldeo
|-damage|p2a: Keldeo|0 fnt
|faint|p2a: Keldeo
|
|-weather|RainDance|[upkeep]
|
|switch|p2a: Weavile|Weavile, M|281\/281
|-ability|p2a: Weavile|Pressure
|turn|8
|
|move|p2a: Weavile|Icicle Crash|p1a: Gothitelle
|-crit|p1a: Gothitelle
|-damage|p1a: Gothitelle|0 fnt
|-damage|p2a: Weavile|253\/281|[from] item: Life Orb
|faint|p1a: Gothitelle
|
|-weather|none
|
|switch|p1a: Politoed|Politoed, M|281\/383
|-weather|RainDance
|turn|9
|
|switch|p1a: hefted like Mikey|Swampert-Mega, F|341\/341
|move|p2a: Weavile|Knock Off|p1a: hefted like Mikey
|-damage|p1a: hefted like Mikey|215\/341
|-damage|p2a: Weavile|225\/281|[from] item: Life Orb
|
|-weather|RainDance|[upkeep]
|turn|10
|
|switch|p2a: Hydreigon|Hydreigon, M|325\/325
|move|p1a: hefted like Mikey|Waterfall|p2a: Hydreigon
|-resisted|p2a: Hydreigon
|-damage|p2a: Hydreigon|184\/325
|
|-weather|RainDance|[upkeep]
|turn|11
|
|move|p2a: Hydreigon|Draco Meteor|p1a: hefted like Mikey|[miss]
|-miss|p2a: Hydreigon|p1a: hefted like Mikey
|move|p1a: hefted like Mikey|Ice Punch|p2a: Hydreigon
|-supereffective|p2a: Hydreigon
|-damage|p2a: Hydreigon|0 fnt
|faint|p2a: Hydreigon
|
|-weather|RainDance|[upkeep]
|
|switch|p2a: Landorus-Therian|Landorus-Therian, M|382\/382
|-ability|p2a: Landorus-Therian|Intimidate|[of] p1a: hefted like Mikey
|-unboost|p1a: hefted like Mikey|atk|1
|turn|12
|
|switch|p1a: Latias|Latias, F|223\/301
|move|p2a: Landorus-Therian|Earthquake|p1a: Latias
|-immune|p1a: Latias|[msg]
|
|-weather|RainDance|[upkeep]
|turn|13
|
|switch|p1a: Ferrothorn|Ferrothorn, M|352\/352
|switch|p2a: Klefki|Klefki, M|318\/318
|
|-weather|RainDance|[upkeep]
|turn|14
|
|switch|p1a: hefted like Mikey|Swampert-Mega, F|215\/341
|move|p2a: Klefki|Thunder Wave|p1a: hefted like Mikey
|-immune|p1a: hefted like Mikey|[msg]
|
|-weather|RainDance|[upkeep]
|turn|15
|
|move|p2a: Klefki|Toxic|p1a: hefted like Mikey|[miss]
|-miss|p2a: Klefki|p1a: hefted like Mikey
|move|p1a: hefted like Mikey|Waterfall|p2a: Klefki
|-damage|p2a: Klefki|126\/318
|
|-weather|RainDance|[upkeep]
|-heal|p2a: Klefki|145\/318|[from] item: Leftovers
|turn|16
|c|âRustyEspur|WOW
|c|âRustyEspur|ARE YOU FKIN KIDDING ME
|c|âunity chuggarules|no matter
|c|âunity chuggarules|nope
|c|âRustyEspur|I MISS EVERYTHING
|c|âunity chuggarules|who's falut is that
|c|âRustyEspur|rngesus
|c|âunity chuggarules|fault
|c|âRustyEspur|who else?
|c|âRustyEspur|wtf man
|c|âunity chuggarules|yours
|c|âRustyEspur|fk him
|c|âRustyEspur|and you cos you say its me
|c|âunity chuggarules|cause who did not run scope lens
|c|âRustyEspur|ur funny as fk
|c|âRustyEspur|HAHAHAHHA
|c|âRustyEspur|I WILL RUN SCOPE LENS ON EVERY SINGLE MON FROM NOW ON
|c|âRustyEspur|YES
|
|move|p2a: Klefki|Toxic|p1a: hefted like Mikey
|-status|p1a: hefted like Mikey|tox
|move|p1a: hefted like Mikey|Waterfall|p2a: Klefki
|-damage|p2a: Klefki|0 fnt
|faint|p2a: Klefki
|
|-weather|none
|-damage|p1a: hefted like Mikey|194\/341 tox|[from] psn
|
|switch|p2a: Metagross|Metagross|301\/301
|turn|17
|
|switch|p1a: Politoed|Politoed, M|281\/383
|-weather|RainDance
|detailschange|p2a: Metagross|Metagross-Mega
|-mega|p2a: Metagross|Metagross|Metagrossite
|move|p2a: Metagross|Zen Headbutt|p1a: Politoed
|-damage|p1a: Politoed|94\/383
|
|-weather|RainDance|[upkeep]
|turn|18
|
|move|p2a: Metagross|Hammer Arm|p1a: Politoed|[miss]
|-miss|p2a: Metagross|p1a: Politoed
|move|p1a: Politoed|Scald|p2a: Metagross
|-damage|p2a: Metagross|186\/301
|
|-weather|RainDance|[upkeep]
|turn|19
|c|âunity chuggarules|HEFTED LIKE MIKEY
|
|move|p2a: Metagross|Zen Headbutt|p1a: Politoed
|-damage|p1a: Politoed|0 fnt
|faint|p1a: Politoed
|
|-weather|RainDance|[upkeep]
|
|switch|p1a: hefted like Mikey|Swampert-Mega, F|194\/341 tox
|turn|20
|
|move|p1a: hefted like Mikey|Waterfall|p2a: Metagross
|-damage|p2a: Metagross|3\/301
|move|p2a: Metagross|Zen Headbutt|p1a: hefted like Mikey
|-damage|p1a: hefted like Mikey|0 fnt
|faint|p1a: hefted like Mikey
|
|-weather|RainDance|[upkeep]
|
|switch|p1a: Kingdra|Kingdra, F|291\/291
|turn|21
|
|move|p1a: Kingdra|Scald|p2a: Metagross
|-damage|p2a: Metagross|0 fnt
|faint|p2a: Metagross
|
|-weather|RainDance|[upkeep]
|
|switch|p2a: Weavile|Weavile, M|225\/281
|-ability|p2a: Weavile|Pressure
|turn|22
|
|move|p2a: Weavile|Ice Shard|p1a: Kingdra
|-damage|p1a: Kingdra|190\/291
|-damage|p2a: Weavile|197\/281|[from] item: Life Orb
|move|p1a: Kingdra|Scald|p2a: Weavile
|-damage|p2a: Weavile|0 fnt
|faint|p2a: Weavile
|
|-weather|RainDance|[upkeep]
|c|âunity chuggarules|GET HEFTED
|-message|RustyEspur lost due to inactivity.
|
|win|unity chuggarules
|raw|Ladder updating...
|raw|unity chuggarules's rating: 1237 &rarr; <strong>1255<\/strong><br \/>(+18 for winning)
|raw|RustyEspur's rating: 1142 &rarr; <strong>1124<\/strong><br \/>(-18 for losing)