|join|RustyEspur
|join|The50mph
|player|p1|RustyEspur|172
|player|p2|The50mph|248
|gametype|singles
|gen|6
|tier|OU (suspect test)
|rated
|clearpoke
|poke|p1|Sceptile, M
|poke|p1|Azumarill, F
|poke|p1|Heatran, M
|poke|p1|Mamoswine, F
|poke|p1|Latios, M
|poke|p1|Clefable, F
|poke|p2|Altaria, M, shiny
|poke|p2|Heatran, M
|poke|p2|Rotom-Wash
|poke|p2|Landorus-Therian, M
|poke|p2|Azumarill, M, shiny
|poke|p2|Conkeldurr, F
|rule|Swagger Clause: Swagger is banned
|rule|Baton Pass Clause: Limit one PokÃ©mon knowing Baton Pass
|rule|Sleep Clause Mod: Limit one foe put to sleep
|rule|Species Clause: Limit one of each PokÃ©mon
|rule|OHKO Clause: OHKO moves are banned
|rule|Moody Clause: Moody is banned
|rule|Evasion Moves Clause: Evasion moves are banned
|rule|Endless Battle Clause: Forcing endless battles is banned
|rule|HP Percentage Mod: HP is shown in percentages
|teampreview
|
|start
|switch|p1a: Frenship Bunny|Azumarill, F|362\/362
|switch|p2a: Rotom-Wash|Rotom-Wash|304\/304
|turn|1
|
|switch|p1a: Bopbopbop|Clefable, F|393\/393
|move|p2a: Rotom-Wash|Volt Switch|p1a: Bopbopbop
|-damage|p1a: Bopbopbop|294\/393
|
|switch|p2a: Heatran|Heatran, M|324\/324
|-item|p2a: Heatran|Air Balloon
|
|-heal|p1a: Bopbopbop|318\/393|[from] item: Leftovers
|turn|2
|
|switch|p1a: Standard|Heatran, M|385\/385
|move|p2a: Heatran|Flash Cannon|p1a: Standard
|-resisted|p1a: Standard
|-damage|p1a: Standard|356\/385
|
|-heal|p1a: Standard|380\/385|[from] item: Leftovers
|turn|3
|join|dirkdathird
|
|switch|p1a: Frenship Bunny|Azumarill, F|362\/362
|move|p2a: Heatran|Earth Power|p1a: Frenship Bunny
|-damage|p1a: Frenship Bunny|216\/362
|
|turn|4
|
|switch|p2a: Rotom-Wash|Rotom-Wash|304\/304
|move|p1a: Frenship Bunny|Play Rough|p2a: Rotom-Wash
|-damage|p2a: Rotom-Wash|109\/304
|
|-heal|p2a: Rotom-Wash|128\/304|[from] item: Leftovers
|turn|5
|
|switch|p1a: Worst-Mega|Sceptile, M|281\/281
|move|p2a: Rotom-Wash|Pain Split|p1a: Worst-Mega
|-sethp|p1a: Worst-Mega|204\/281|p2a: Rotom-Wash|204\/304|[from] move: Pain Split
|
|-heal|p2a: Rotom-Wash|223\/304|[from] item: Leftovers
|turn|6
|
|switch|p2a: Landorus-Therian|Landorus-Therian, M|319\/319
|-ability|p2a: Landorus-Therian|Intimidate|[of] p1a: Worst-Mega
|-unboost|p1a: Worst-Mega|atk|1
|detailschange|p1a: Worst-Mega|Sceptile-Mega, M
|-mega|p1a: Worst-Mega|Sceptile|Sceptilite
|move|p1a: Worst-Mega|Dragon Pulse|p2a: Landorus-Therian
|-damage|p2a: Landorus-Therian|118\/319
|
|-heal|p2a: Landorus-Therian|137\/319|[from] item: Leftovers
|turn|7
|
|move|p1a: Worst-Mega|Dragon Pulse|p2a: Landorus-Therian
|-damage|p2a: Landorus-Therian|0 fnt
|faint|p2a: Landorus-Therian
|
|
|switch|p2a: Conkeldurr|Conkeldurr, F|414\/414
|turn|8
|
|switch|p1a: Bopbopbop|Clefable, F|318\/393
|move|p2a: Conkeldurr|Knock Off|p1a: Bopbopbop
|-resisted|p1a: Bopbopbop
|-damage|p1a: Bopbopbop|258\/393
|-enditem|p1a: Bopbopbop|Leftovers|[from] move: Knock Off|[of] p2a: Conkeldurr
|
|turn|9
|
|switch|p1a: Frenship Bunny|Azumarill, F|216\/362
|switch|p2a: Heatran|Heatran, M|324\/324
|-item|p2a: Heatran|Air Balloon
|
|turn|10
|
|switch|p2a: Rotom-Wash|Rotom-Wash|223\/304
|move|p1a: Frenship Bunny|Waterfall|p2a: Rotom-Wash
|-crit|p2a: Rotom-Wash
|-resisted|p2a: Rotom-Wash
|-damage|p2a: Rotom-Wash|82\/304
|
|-heal|p2a: Rotom-Wash|101\/304|[from] item: Leftovers
|turn|11
|
|switch|p1a: Latios|Latios, M|301\/301
|move|p2a: Rotom-Wash|Volt Switch|p1a: Latios
|-resisted|p1a: Latios
|-damage|p1a: Latios|265\/301
|
|switch|p2a: Altaria|Altaria, M, shiny|292\/292
|
|turn|12
|
|detailschange|p2a: Altaria|Altaria-Mega, M, shiny
|-mega|p2a: Altaria|Altaria|Altarianite
|move|p1a: Latios|Psyshock|p2a: Altaria
|-damage|p2a: Altaria|171\/292
|move|p2a: Altaria|Hyper Voice|p1a: Latios
|-supereffective|p1a: Latios
|-damage|p1a: Latios|0 fnt
|faint|p1a: Latios
|
|
|switch|p1a: Ifightformyfrens|Mamoswine, F|361\/361
|turn|13
|
|switch|p2a: Rotom-Wash|Rotom-Wash|101\/304
|move|p1a: Ifightformyfrens|Icicle Crash|p2a: Rotom-Wash
|-resisted|p2a: Rotom-Wash
|-damage|p2a: Rotom-Wash|23\/304
|-damage|p1a: Ifightformyfrens|325\/361|[from] item: Life Orb
|
|-heal|p2a: Rotom-Wash|42\/304|[from] item: Leftovers
|turn|14
|
|move|p1a: Ifightformyfrens|Icicle Crash|p2a: Rotom-Wash
|-resisted|p2a: Rotom-Wash
|-damage|p2a: Rotom-Wash|0 fnt
|-damage|p1a: Ifightformyfrens|289\/361|[from] item: Life Orb
|faint|p2a: Rotom-Wash
|
|
|switch|p2a: Conkeldurr|Conkeldurr, F|414\/414
|turn|15
|leave|dirkdathird
|
|switch|p1a: Bopbopbop|Clefable, F|258\/393
|move|p2a: Conkeldurr|Drain Punch|p1a: Bopbopbop
|-resisted|p1a: Bopbopbop
|-damage|p1a: Bopbopbop|188\/393
|
|turn|16
|
|switch|p2a: Azumarill|Azumarill, M, shiny|342\/342
|move|p1a: Bopbopbop|Soft-Boiled|p1a: Bopbopbop
|-heal|p1a: Bopbopbop|385\/393
|
|turn|17
|
|switch|p1a: Standard|Heatran, M|380\/385
|move|p2a: Azumarill|Waterfall|p1a: Standard
|-supereffective|p1a: Standard
|-damage|p1a: Standard|60\/385
|
|-heal|p1a: Standard|84\/385|[from] item: Leftovers
|turn|18
|
|move|p1a: Standard|Protect|p1a: Standard
|-singleturn|p1a: Standard|Protect
|move|p2a: Azumarill|Aqua Jet|p1a: Standard
|-activate|p1a: Standard|Protect
|
|-heal|p1a: Standard|108\/385|[from] item: Leftovers
|turn|19
|
|move|p2a: Azumarill|Waterfall|p1a: Standard
|-supereffective|p1a: Standard
|-damage|p1a: Standard|0 fnt
|faint|p1a: Standard
|
|
|switch|p1a: Frenship Bunny|Azumarill, F|216\/362
|turn|20
|
|move|p2a: Azumarill|Play Rough|p1a: Frenship Bunny|[miss]
|-miss|p2a: Azumarill|p1a: Frenship Bunny
|move|p1a: Frenship Bunny|Play Rough|p2a: Azumarill
|-damage|p2a: Azumarill|0 fnt
|faint|p2a: Azumarill
|
|c|âThe50mph|...
|c|âThe50mph|gg
|-message|The50mph forfeited.
|
|win|RustyEspur
|raw|Ladder updating...
|leave|The50mph
|c|âRustyEspur|sry
|player|p2
|raw|RustyEspur's rating: 1324 &rarr; <strong>1345<\/strong><br \/>(+21 for winning)
|raw|The50mph's rating: 1344 &rarr; <strong>1322<\/strong><br \/>(-22 for losing)