|join|LowLadderGod
|join|taw
|player|p1|LowLadderGod|2
|player|p2|taw|257
|gametype|singles
|gen|6
|tier|OU
|rated
|clearpoke
|poke|p1|Manaphy
|poke|p1|Breloom, M
|poke|p1|Latias, F
|poke|p1|Garchomp, M
|poke|p1|Landorus-Therian, M
|poke|p1|Pinsir, F
|poke|p2|Gliscor, F
|poke|p2|Scizor, F
|poke|p2|Rotom-Wash
|poke|p2|Gothitelle, M
|poke|p2|Ditto
|poke|p2|Chansey, F
|rule|Swagger Clause: Swagger is banned
|rule|Baton Pass Clause: Limit one PokÃ©mon knowing Baton Pass
|rule|Sleep Clause Mod: Limit one foe put to sleep
|rule|Species Clause: Limit one of each PokÃ©mon
|rule|OHKO Clause: OHKO moves are banned
|rule|Moody Clause: Moody is banned
|rule|Evasion Moves Clause: Evasion moves are banned
|rule|Endless Battle Clause: Forcing endless battles is banned
|rule|HP Percentage Mod: HP is shown in percentages
|teampreview
|
|start
|switch|p1a: LanDERPus-Trollian|Landorus-Therian, M|382\/382
|switch|p2a: Rotom-Wash|Rotom-Wash|304\/304
|-ability|p1a: LanDERPus-Trollian|Intimidate|[of] p2a: Rotom-Wash
|-unboost|p2a: Rotom-Wash|atk|1
|turn|1
|
|move|p2a: Rotom-Wash|Will-O-Wisp|p1a: LanDERPus-Trollian
|-status|p1a: LanDERPus-Trollian|brn
|move|p1a: LanDERPus-Trollian|Stealth Rock|p2a: Rotom-Wash
|-sidestart|p2: taw|move: Stealth Rock
|
|-damage|p1a: LanDERPus-Trollian|335\/382 brn|[from] brn
|turn|2
|
|move|p2a: Rotom-Wash|Hydro Pump|p1a: LanDERPus-Trollian
|-supereffective|p1a: LanDERPus-Trollian
|-damage|p1a: LanDERPus-Trollian|3\/382 brn
|move|p1a: LanDERPus-Trollian|Gravity|p1a: LanDERPus-Trollian
|-fieldstart|move: Gravity
|
|-heal|p1a: LanDERPus-Trollian|26\/382 brn|[from] item: Leftovers
|-damage|p1a: LanDERPus-Trollian|0 fnt|[from] brn
|faint|p1a: LanDERPus-Trollian
|
|switch|p1a: BatwingNutSackArms|Garchomp, M|358\/358
|turn|3
|
|switch|p2a: Gliscor|Gliscor, F|352\/352
|-damage|p2a: Gliscor|308\/352|[from] Stealth Rock
|move|p1a: BatwingNutSackArms|Earthquake|p2a: Gliscor
|-damage|p2a: Gliscor|187\/352
|
|-status|p2a: Gliscor|tox|[from] item: Toxic Orb
|turn|4
|
|switch|p1a: MajinBlue|Manaphy|400\/400
|move|p2a: Gliscor|Protect|p2a: Gliscor
|-fail|p2a: Gliscor
|
|-heal|p2a: Gliscor|231\/352 tox|[from] ability: Poison Heal
|turn|5
|
|move|p2a: Gliscor|Toxic|p1a: MajinBlue
|-status|p1a: MajinBlue|tox
|move|p1a: MajinBlue|Rain Dance|p1a: MajinBlue
|-weather|RainDance
|
|-weather|RainDance|[upkeep]
|-curestatus|p1a: MajinBlue|tox
|-heal|p2a: Gliscor|275\/352 tox|[from] ability: Poison Heal
|turn|6
|
|switch|p2a: Chansey|Chansey, F|641\/641
|-damage|p2a: Chansey|561\/641|[from] Stealth Rock
|move|p1a: MajinBlue|Scald|p2a: Chansey
|-damage|p2a: Chansey|488\/641
|
|-weather|RainDance|[upkeep]
|-fieldend|move: Gravity
|turn|7
|
|move|p1a: MajinBlue|Calm Mind|p1a: MajinBlue
|-boost|p1a: MajinBlue|spa|1
|-boost|p1a: MajinBlue|spd|1
|move|p2a: Chansey|Stealth Rock|p1a: MajinBlue
|-sidestart|p1: LowLadderGod|move: Stealth Rock
|
|-weather|RainDance|[upkeep]
|turn|8
|
|move|p1a: MajinBlue|Calm Mind|p1a: MajinBlue
|-boost|p1a: MajinBlue|spa|1
|-boost|p1a: MajinBlue|spd|1
|move|p2a: Chansey|Thunder Wave|p1a: MajinBlue
|-status|p1a: MajinBlue|par
|
|-weather|RainDance|[upkeep]
|-curestatus|p1a: MajinBlue|par
|turn|9
|
|switch|p2a: Ditto|Ditto|300\/300
|-damage|p2a: Ditto|263\/300|[from] Stealth Rock
|-transform|p2a: Ditto|p1a: MajinBlue
|move|p1a: MajinBlue|Calm Mind|p1a: MajinBlue
|-boost|p1a: MajinBlue|spa|1
|-boost|p1a: MajinBlue|spd|1
|
|-weather|none
|turn|10
|
|move|p2a: Ditto|Scald|p1a: MajinBlue
|-resisted|p1a: MajinBlue
|-damage|p1a: MajinBlue|363\/400
|move|p1a: MajinBlue|Calm Mind|p1a: MajinBlue
|-boost|p1a: MajinBlue|spa|1
|-boost|p1a: MajinBlue|spd|1
|
|-heal|p1a: MajinBlue|388\/400|[from] item: Leftovers
|turn|11
|
|move|p2a: Ditto|Scald|p1a: MajinBlue
|-resisted|p1a: MajinBlue
|-damage|p1a: MajinBlue|358\/400
|move|p1a: MajinBlue|Rain Dance|p1a: MajinBlue
|-weather|RainDance
|
|-weather|RainDance|[upkeep]
|-heal|p1a: MajinBlue|383\/400|[from] item: Leftovers
|turn|12
|
|switch|p2a: Chansey|Chansey, F|488\/641
|-damage|p2a: Chansey|408\/641|[from] Stealth Rock
|move|p1a: MajinBlue|Scald|p2a: Chansey
|-damage|p2a: Chansey|200\/641
|-status|p2a: Chansey|brn
|
|-weather|RainDance|[upkeep]
|-heal|p1a: MajinBlue|400\/400|[from] item: Leftovers
|-damage|p2a: Chansey|120\/641 brn|[from] brn
|turn|13
|
|move|p1a: MajinBlue|Scald|p2a: Chansey
|-damage|p2a: Chansey|0 fnt
|faint|p2a: Chansey
|
|-weather|RainDance|[upkeep]
|
|switch|p2a: Rotom-Wash|Rotom-Wash|304\/304
|-damage|p2a: Rotom-Wash|266\/304|[from] Stealth Rock
|turn|14
|
|move|p1a: MajinBlue|Scald|p2a: Rotom-Wash
|-resisted|p2a: Rotom-Wash
|-damage|p2a: Rotom-Wash|64\/304
|move|p2a: Rotom-Wash|Pain Split|p1a: MajinBlue
|-sethp|p1a: MajinBlue|232\/400|p2a: Rotom-Wash|232\/304|[from] move: Pain Split
|
|-weather|RainDance|[upkeep]
|-heal|p1a: MajinBlue|257\/400|[from] item: Leftovers
|-heal|p2a: Rotom-Wash|251\/304|[from] item: Leftovers
|turn|15
|
|move|p1a: MajinBlue|Scald|p2a: Rotom-Wash
|-resisted|p2a: Rotom-Wash
|-damage|p2a: Rotom-Wash|68\/304
|move|p2a: Rotom-Wash|Pain Split|p1a: MajinBlue
|-sethp|p1a: MajinBlue|162\/400|p2a: Rotom-Wash|162\/304|[from] move: Pain Split
|
|-weather|none
|-heal|p1a: MajinBlue|187\/400|[from] item: Leftovers
|-heal|p2a: Rotom-Wash|181\/304|[from] item: Leftovers
|turn|16
|
|move|p1a: MajinBlue|Rain Dance|p1a: MajinBlue
|-weather|RainDance
|move|p2a: Rotom-Wash|Volt Switch|p1a: MajinBlue
|-supereffective|p1a: MajinBlue
|-damage|p1a: MajinBlue|127\/400
|
|switch|p2a: Ditto|Ditto|263\/300
|-damage|p2a: Ditto|226\/300|[from] Stealth Rock
|-transform|p2a: Ditto|p1a: MajinBlue
|
|-weather|RainDance|[upkeep]
|-heal|p1a: MajinBlue|152\/400|[from] item: Leftovers
|turn|17
|
|move|p2a: Ditto|Scald|p1a: MajinBlue
|-resisted|p1a: MajinBlue
|-damage|p1a: MajinBlue|77\/400
|move|p1a: MajinBlue|Rest|p1a: MajinBlue
|-status|p1a: MajinBlue|slp
|-heal|p1a: MajinBlue|400\/400 slp|[silent]
|-status|p1a: MajinBlue|slp|[from] move: Rest
|
|-weather|RainDance|[upkeep]
|-curestatus|p1a: MajinBlue|slp
|turn|18
|
|move|p2a: Ditto|Scald|p1a: MajinBlue
|-resisted|p1a: MajinBlue
|-damage|p1a: MajinBlue|332\/400
|move|p1a: MajinBlue|Scald|p2a: Ditto
|-resisted|p2a: Ditto
|-damage|p2a: Ditto|158\/300
|-status|p2a: Ditto|brn
|
|-weather|RainDance|[upkeep]
|-curestatus|p2a: Ditto|brn
|-heal|p1a: MajinBlue|357\/400|[from] item: Leftovers
|turn|19
|-message|taw forfeited.
|
|switch|p2a: Rotom-Wash|Rotom-Wash|181\/304
|-damage|p2a: Rotom-Wash|143\/304|[from] Stealth Rock
|move|p1a: MajinBlue|Scald|p2a: Rotom-Wash
|-resisted|p2a: Rotom-Wash
|-damage|p2a: Rotom-Wash|0 fnt
|faint|p2a: Rotom-Wash
|
|-weather|RainDance|[upkeep]
|-heal|p1a: MajinBlue|382\/400|[from] item: Leftovers
|leave|taw
|
|win|LowLadderGod
|raw|Ladder updating...
|player|p2
|raw|LowLadderGod's rating: 1451 &rarr; <strong>1469<\/strong><br \/>(+18 for winning)
|raw|taw's rating: 1413 &rarr; <strong>1396<\/strong><br \/>(-17 for losing)
|c|âLowLadderGod|get that shitty stall bs outta here