|join|NagariHO
|join|taw
|player|p1|NagariHO|192
|player|p2|taw|170
|gametype|singles
|gen|6
|tier|OU
|rated
|clearpoke
|poke|p1|Azumarill, M
|poke|p1|Landorus-Therian, M
|poke|p1|Klefki, M
|poke|p1|Sceptile, F
|poke|p1|Heatran, F
|poke|p1|Latios, M
|poke|p2|Rotom-Wash
|poke|p2|Landorus-Therian, M
|poke|p2|Clefable, M
|poke|p2|Talonflame, M
|poke|p2|Metagross
|poke|p2|Starmie
|rule|Swagger Clause: Swagger is banned
|rule|Baton Pass Clause: Limit one PokÃ©mon knowing Baton Pass
|rule|Sleep Clause Mod: Limit one foe put to sleep
|rule|Species Clause: Limit one of each PokÃ©mon
|rule|OHKO Clause: OHKO moves are banned
|rule|Moody Clause: Moody is banned
|rule|Evasion Moves Clause: Evasion moves are banned
|rule|Endless Battle Clause: Forcing endless battles is banned
|rule|HP Percentage Mod: HP is shown in percentages
|teampreview
|
|start
|switch|p1a: Clicks U-Turn|Landorus-Therian, M|380\/380
|switch|p2a: Landorus-Therian|Landorus-Therian, M|382\/382
|-ability|p1a: Clicks U-Turn|Intimidate|[of] p2a: Landorus-Therian
|-unboost|p2a: Landorus-Therian|atk|1
|-ability|p2a: Landorus-Therian|Intimidate|[of] p1a: Clicks U-Turn
|-unboost|p1a: Clicks U-Turn|atk|1
|turn|1
|
|move|p1a: Clicks U-Turn|Stealth Rock|p2a: Landorus-Therian
|-sidestart|p2: taw|move: Stealth Rock
|move|p2a: Landorus-Therian|Stealth Rock|p1a: Clicks U-Turn
|-sidestart|p1: NagariHO|move: Stealth Rock
|
|turn|2
|
|move|p1a: Clicks U-Turn|Earthquake|p2a: Landorus-Therian
|-immune|p2a: Landorus-Therian|[msg]
|move|p2a: Landorus-Therian|U-turn|p1a: Clicks U-Turn
|-crit|p1a: Clicks U-Turn
|-resisted|p1a: Clicks U-Turn
|-damage|p1a: Clicks U-Turn|335\/380
|
|switch|p2a: Starmie|Starmie|261\/261
|-damage|p2a: Starmie|229\/261|[from] Stealth Rock
|
|-heal|p1a: Clicks U-Turn|358\/380|[from] item: Leftovers
|turn|3
|
|move|p2a: Starmie|Hydro Pump|p1a: Clicks U-Turn
|-supereffective|p1a: Clicks U-Turn
|-damage|p1a: Clicks U-Turn|0 fnt
|-damage|p2a: Starmie|203\/261|[from] item: Life Orb
|faint|p1a: Clicks U-Turn
|
|join|sleepyspirit
|
|switch|p1a: Where At|Sceptile, F|281\/281
|-damage|p1a: Where At|246\/281|[from] Stealth Rock
|turn|4
|
|switch|p2a: Clefable|Clefable, M|394\/394
|detailschange|p1a: Where At|Sceptile-Mega, F
|-mega|p1a: Where At|Sceptile|Sceptilite
|move|p1a: Where At|Leaf Storm|p2a: Clefable
|-damage|p2a: Clefable|204\/394
|-unboost|p1a: Where At|spa|2
|
|-heal|p2a: Clefable|228\/394|[from] item: Leftovers
|turn|5
|
|switch|p1a: No Talonbitch|Heatran, F|323\/323
|-damage|p1a: No Talonbitch|283\/323|[from] Stealth Rock
|move|p2a: Clefable|Thunder Wave|p1a: No Talonbitch
|-status|p1a: No Talonbitch|par
|
|-heal|p2a: Clefable|252\/394|[from] item: Leftovers
|turn|6
|
|move|p2a: Clefable|Calm Mind|p2a: Clefable
|-boost|p2a: Clefable|spa|1
|-boost|p2a: Clefable|spd|1
|move|p1a: No Talonbitch|Flash Cannon|p2a: Clefable
|-supereffective|p2a: Clefable
|-damage|p2a: Clefable|0 fnt
|faint|p2a: Clefable
|
|
|switch|p2a: Starmie|Starmie|203\/261
|-damage|p2a: Starmie|171\/261|[from] Stealth Rock
|turn|7
|leave|sleepyspirit
|
|switch|p1a: AzumAAA 4 MVP|Azumarill, M|342\/342
|-damage|p1a: AzumAAA 4 MVP|300\/342|[from] Stealth Rock
|move|p2a: Starmie|Rapid Spin|p1a: AzumAAA 4 MVP
|-damage|p1a: AzumAAA 4 MVP|275\/342
|-sideend|p2: taw|Stealth Rock|[from] move: Rapid Spin|[of] p2a: Starmie
|-damage|p2a: Starmie|145\/261|[from] item: Life Orb
|
|turn|8
|
|move|p2a: Starmie|Hydro Pump|p1a: AzumAAA 4 MVP
|-resisted|p1a: AzumAAA 4 MVP
|-damage|p1a: AzumAAA 4 MVP|154\/342
|-damage|p2a: Starmie|119\/261|[from] item: Life Orb
|-enditem|p1a: AzumAAA 4 MVP|Sitrus Berry|[eat]
|-heal|p1a: AzumAAA 4 MVP|239\/342|[from] item: Sitrus Berry
|move|p1a: AzumAAA 4 MVP|Play Rough|p2a: Starmie
|-damage|p2a: Starmie|0 fnt
|faint|p2a: Starmie
|
|
|switch|p2a: Rotom-Wash|Rotom-Wash|304\/304
|turn|9
|
|switch|p1a: FlightGanon|Latios, M|302\/302
|-damage|p1a: FlightGanon|265\/302|[from] Stealth Rock
|move|p2a: Rotom-Wash|Volt Switch|p1a: FlightGanon
|-resisted|p1a: FlightGanon
|-damage|p1a: FlightGanon|223\/302
|
|switch|p2a: Metagross|Metagross|302\/302
|
|turn|10
|
|switch|p1a: Burglar|Klefki, M|318\/318
|-damage|p1a: Burglar|299\/318|[from] Stealth Rock
|detailschange|p2a: Metagross|Metagross-Mega
|-mega|p2a: Metagross|Metagross|Metagrossite
|move|p2a: Metagross|Meteor Mash|p1a: Burglar
|-damage|p1a: Burglar|13\/318
|
|-heal|p1a: Burglar|32\/318|[from] item: Leftovers
|turn|11
|
|move|p2a: Metagross|Bullet Punch|p1a: Burglar
|-damage|p1a: Burglar|0 fnt
|faint|p1a: Burglar
|
|
|switch|p1a: Where At|Sceptile-Mega, F|246\/281
|-damage|p1a: Where At|211\/281|[from] Stealth Rock
|turn|12
|
|move|p1a: Where At|Hidden Power|p2a: Metagross
|-supereffective|p2a: Metagross
|-damage|p2a: Metagross|152\/302
|move|p2a: Metagross|Ice Punch|p1a: Where At
|-supereffective|p1a: Where At
|-damage|p1a: Where At|0 fnt
|faint|p1a: Where At
|
|
|switch|p1a: FlightGanon|Latios, M|223\/302
|-damage|p1a: FlightGanon|186\/302|[from] Stealth Rock
|turn|13
|
|move|p2a: Metagross|Bullet Punch|p1a: FlightGanon
|-damage|p1a: FlightGanon|54\/302
|move|p1a: FlightGanon|Draco Meteor|p2a: Metagross
|-resisted|p2a: Metagross
|-damage|p2a: Metagross|39\/302
|-unboost|p1a: FlightGanon|spa|2
|
|turn|14
|
|move|p2a: Metagross|Bullet Punch|p1a: FlightGanon
|-damage|p1a: FlightGanon|0 fnt
|faint|p1a: FlightGanon
|
|
|switch|p1a: AzumAAA 4 MVP|Azumarill, M|239\/342
|-damage|p1a: AzumAAA 4 MVP|197\/342|[from] Stealth Rock
|turn|15
|
|move|p2a: Metagross|Bullet Punch|p1a: AzumAAA 4 MVP
|-damage|p1a: AzumAAA 4 MVP|53\/342
|move|p1a: AzumAAA 4 MVP|Aqua Jet|p2a: Metagross
|-damage|p2a: Metagross|0 fnt
|faint|p2a: Metagross
|
|
|switch|p2a: Talonflame|Talonflame, M|297\/297
|turn|16
|
|move|p2a: Talonflame|Brave Bird|p1a: AzumAAA 4 MVP
|-damage|p1a: AzumAAA 4 MVP|0 fnt
|-damage|p2a: Talonflame|280\/297|[from] recoil|[of] p1a: AzumAAA 4 MVP
|faint|p1a: AzumAAA 4 MVP
|
|
|switch|p1a: No Talonbitch|Heatran, F|283\/323 par
|-damage|p1a: No Talonbitch|243\/323 par|[from] Stealth Rock
|turn|17
|
|move|p2a: Talonflame|Brave Bird|p1a: No Talonbitch
|-resisted|p1a: No Talonbitch
|-damage|p1a: No Talonbitch|141\/323 par
|-damage|p2a: Talonflame|246\/297|[from] recoil|[of] p1a: No Talonbitch
|move|p1a: No Talonbitch|Ancient Power|p2a: Talonflame
|-supereffective|p2a: Talonflame
|-damage|p2a: Talonflame|0 fnt
|faint|p2a: Talonflame
|
|
|switch|p2a: Landorus-Therian|Landorus-Therian, M|382\/382
|-ability|p2a: Landorus-Therian|Intimidate|[of] p1a: No Talonbitch
|-unboost|p1a: No Talonbitch|atk|1
|turn|18
|c|âtaw|gg
|c|âNagariHO|gg
|
|move|p2a: Landorus-Therian|Earthquake|p1a: No Talonbitch
|-supereffective|p1a: No Talonbitch
|-damage|p1a: No Talonbitch|0 fnt
|faint|p1a: No Talonbitch
|
|win|taw
|raw|Ladder updating...
|raw|NagariHO's rating: 1604 &rarr; <strong>1584<\/strong><br \/>(-20 for losing)
|raw|taw's rating: 1606 &rarr; <strong>1626<\/strong><br \/>(+20 for winning)