|join|Aggron
|join|taw
|player|p1|Aggron|17
|player|p2|taw|101
|gametype|singles
|gen|6
|tier|OU
|rated
|clearpoke
|poke|p1|Crawdaunt, M
|poke|p1|Breloom, M
|poke|p1|Sylveon, F
|poke|p1|Aggron, M
|poke|p1|Latias, F
|poke|p1|Talonflame, M
|poke|p2|Rotom-Wash
|poke|p2|Landorus-Therian, M
|poke|p2|Clefable, F
|poke|p2|Talonflame, F
|poke|p2|Lopunny, M
|poke|p2|Starmie
|rule|Swagger Clause: Swagger is banned
|rule|Baton Pass Clause: Limit one PokÃ©mon knowing Baton Pass
|rule|Sleep Clause Mod: Limit one foe put to sleep
|rule|Species Clause: Limit one of each PokÃ©mon
|rule|OHKO Clause: OHKO moves are banned
|rule|Moody Clause: Moody is banned
|rule|Evasion Moves Clause: Evasion moves are banned
|rule|Endless Battle Clause: Forcing endless battles is banned
|rule|HP Percentage Mod: HP is shown in percentages
|teampreview
|c|âAggron|hf'
|c|âtaw|gl hf
|
|start
|switch|p1a: Aggron|Aggron, M|344\/344
|switch|p2a: Landorus-Therian|Landorus-Therian, M|382\/382
|-ability|p2a: Landorus-Therian|Intimidate|[of] p1a: Aggron
|-unboost|p1a: Aggron|atk|1
|turn|1
|
|move|p2a: Landorus-Therian|Stealth Rock|p1a: Aggron
|-sidestart|p1: Aggron|move: Stealth Rock
|move|p1a: Aggron|Head Smash|p2a: Landorus-Therian
|-damage|p2a: Landorus-Therian|250\/382
|
|-heal|p2a: Landorus-Therian|273\/382|[from] item: Leftovers
|turn|2
|
|detailschange|p1a: Aggron|Aggron-Mega, M
|-mega|p1a: Aggron|Aggron|Aggronite
|move|p2a: Landorus-Therian|Earthquake|p1a: Aggron
|-supereffective|p1a: Aggron
|-damage|p1a: Aggron|221\/344
|move|p1a: Aggron|Ice Punch|p2a: Landorus-Therian
|-supereffective|p2a: Landorus-Therian
|-damage|p2a: Landorus-Therian|49\/382
|-status|p2a: Landorus-Therian|frz
|
|-heal|p2a: Landorus-Therian|72\/382 frz|[from] item: Leftovers
|turn|3
|c|âAggron|sorry
|c|âtaw|happens
|
|switch|p2a: Rotom-Wash|Rotom-Wash|304\/304
|move|p1a: Aggron|Heavy Slam|p2a: Rotom-Wash
|-resisted|p2a: Rotom-Wash
|-damage|p2a: Rotom-Wash|274\/304
|
|-heal|p2a: Rotom-Wash|293\/304|[from] item: Leftovers
|turn|4
|
|switch|p1a: Latias|Latias, F|301\/301
|-damage|p1a: Latias|264\/301|[from] Stealth Rock
|move|p2a: Rotom-Wash|Will-O-Wisp|p1a: Latias
|-status|p1a: Latias|brn
|
|-heal|p2a: Rotom-Wash|304\/304|[from] item: Leftovers
|-damage|p1a: Latias|227\/301 brn|[from] brn
|turn|5
|
|move|p1a: Latias|Defog|p2a: Rotom-Wash
|-unboost|p2a: Rotom-Wash|evasion|1
|-sideend|p1: Aggron|Stealth Rock|[from] move: Defog|[of] p1a: Latias
|move|p2a: Rotom-Wash|Volt Switch|p1a: Latias
|-resisted|p1a: Latias
|-damage|p1a: Latias|193\/301 brn
|
|switch|p2a: Starmie|Starmie|261\/261
|
|-damage|p1a: Latias|156\/301 brn|[from] brn
|turn|6
|
|move|p2a: Starmie|Hydro Pump|p1a: Latias
|-resisted|p1a: Latias
|-damage|p1a: Latias|53\/301 brn
|move|p1a: Latias|Draco Meteor|p2a: Starmie
|-damage|p2a: Starmie|0 fnt
|-unboost|p1a: Latias|spa|2
|-damage|p1a: Latias|23\/301 brn|[from] item: Life Orb
|faint|p2a: Starmie
|
|-damage|p1a: Latias|0 fnt|[from] brn
|faint|p1a: Latias
|
|switch|p1a: Talonflame|Talonflame, M|297\/297
|switch|p2a: Landorus-Therian|Landorus-Therian, M|72\/382 frz
|-ability|p2a: Landorus-Therian|Intimidate|[of] p1a: Talonflame
|-unboost|p1a: Talonflame|atk|1
|turn|7
|
|move|p1a: Talonflame|U-turn|p2a: Landorus-Therian
|-resisted|p2a: Landorus-Therian
|-damage|p2a: Landorus-Therian|49\/382 frz
|
|switch|p1a: Crawdaunt|Crawdaunt, M|317\/317
|cant|p2a: Landorus-Therian|frz
|
|-heal|p2a: Landorus-Therian|72\/382 frz|[from] item: Leftovers
|turn|8
|
|switch|p2a: Rotom-Wash|Rotom-Wash|304\/304
|move|p1a: Crawdaunt|Aqua Jet|p2a: Rotom-Wash
|-resisted|p2a: Rotom-Wash
|-damage|p2a: Rotom-Wash|270\/304
|
|-heal|p2a: Rotom-Wash|289\/304|[from] item: Leftovers
|turn|9
|
|switch|p1a: Sylveon|Sylveon, F|394\/394
|move|p2a: Rotom-Wash|Will-O-Wisp|p1a: Sylveon
|-status|p1a: Sylveon|brn
|
|-heal|p2a: Rotom-Wash|304\/304|[from] item: Leftovers
|-damage|p1a: Sylveon|345\/394 brn|[from] brn
|turn|10
|
|move|p2a: Rotom-Wash|Volt Switch|p1a: Sylveon
|-damage|p1a: Sylveon|273\/394 brn
|
|switch|p2a: Clefable|Clefable, F|394\/394
|move|p1a: Sylveon|Hyper Voice|p2a: Clefable
|-damage|p2a: Clefable|271\/394
|
|-heal|p2a: Clefable|295\/394|[from] item: Leftovers
|-heal|p1a: Sylveon|297\/394 brn|[from] item: Leftovers
|-damage|p1a: Sylveon|248\/394 brn|[from] brn
|turn|11
|
|move|p1a: Sylveon|Baton Pass|p1a: Sylveon
|
|switch|p1a: Aggron|Aggron-Mega, M|221\/344
|move|p2a: Clefable|Calm Mind|p2a: Clefable
|-boost|p2a: Clefable|spa|1
|-boost|p2a: Clefable|spd|1
|
|-heal|p2a: Clefable|319\/394|[from] item: Leftovers
|turn|12
|
|switch|p2a: Rotom-Wash|Rotom-Wash|304\/304
|move|p1a: Aggron|Heavy Slam|p2a: Rotom-Wash
|-resisted|p2a: Rotom-Wash
|-damage|p2a: Rotom-Wash|264\/304
|
|-heal|p2a: Rotom-Wash|283\/304|[from] item: Leftovers
|turn|13
|
|move|p2a: Rotom-Wash|Will-O-Wisp|p1a: Aggron
|-status|p1a: Aggron|brn
|move|p1a: Aggron|Head Smash|p2a: Rotom-Wash
|-damage|p2a: Rotom-Wash|216\/304
|-damage|p1a: Aggron|187\/344 brn|[from] recoil|[of] p2a: Rotom-Wash
|
|-heal|p2a: Rotom-Wash|235\/304|[from] item: Leftovers
|-damage|p1a: Aggron|144\/344 brn|[from] brn
|turn|14
|
|move|p2a: Rotom-Wash|Volt Switch|p1a: Aggron
|-damage|p1a: Aggron|42\/344 brn
|
|switch|p2a: Landorus-Therian|Landorus-Therian, M|72\/382 frz
|-ability|p2a: Landorus-Therian|Intimidate|[of] p1a: Aggron
|-unboost|p1a: Aggron|atk|1
|move|p1a: Aggron|Head Smash|p2a: Landorus-Therian
|-damage|p2a: Landorus-Therian|19\/382 frz
|-damage|p1a: Aggron|15\/344 brn|[from] recoil|[of] p2a: Landorus-Therian
|
|-heal|p2a: Landorus-Therian|42\/382 frz|[from] item: Leftovers
|-damage|p1a: Aggron|0 fnt|[from] brn
|faint|p1a: Aggron
|
|switch|p1a: Breloom|Breloom, M|261\/261
|turn|15
|
|move|p1a: Breloom|Rock Tomb|p2a: Landorus-Therian
|-damage|p2a: Landorus-Therian|0 fnt
|faint|p2a: Landorus-Therian
|
|
|switch|p2a: Lopunny|Lopunny, M|271\/271
|turn|16
|
|switch|p1a: Talonflame|Talonflame, M|297\/297
|detailschange|p2a: Lopunny|Lopunny-Mega, M
|-mega|p2a: Lopunny|Lopunny|Lopunnite
|move|p2a: Lopunny|Fake Out|p1a: Talonflame
|-damage|p1a: Talonflame|194\/297
|
|turn|17
|
|switch|p2a: Rotom-Wash|Rotom-Wash|235\/304
|move|p1a: Talonflame|Brave Bird|p2a: Rotom-Wash
|-resisted|p2a: Rotom-Wash
|-damage|p2a: Rotom-Wash|151\/304
|-damage|p1a: Talonflame|166\/297|[from] recoil|[of] p2a: Rotom-Wash
|
|-heal|p2a: Rotom-Wash|170\/304|[from] item: Leftovers
|turn|18
|
|switch|p1a: Sylveon|Sylveon, F|248\/394 brn
|move|p2a: Rotom-Wash|Volt Switch|p1a: Sylveon
|-damage|p1a: Sylveon|176\/394 brn
|
|switch|p2a: Lopunny|Lopunny-Mega, M|271\/271
|
|-heal|p1a: Sylveon|200\/394 brn|[from] item: Leftovers
|-damage|p1a: Sylveon|151\/394 brn|[from] brn
|turn|19
|
|move|p2a: Lopunny|Frustration|p1a: Sylveon
|-crit|p1a: Sylveon
|-damage|p1a: Sylveon|0 fnt
|faint|p1a: Sylveon
|
|
|switch|p1a: Breloom|Breloom, M|261\/261
|turn|20
|
|switch|p2a: Clefable|Clefable, F|319\/394
|move|p1a: Breloom|Rock Tomb|p2a: Clefable
|-damage|p2a: Clefable|178\/394
|-unboost|p2a: Clefable|spe|1
|
|-heal|p2a: Clefable|202\/394|[from] item: Leftovers
|turn|21
|
|move|p1a: Breloom|Bullet Seed|p2a: Clefable
|-damage|p2a: Clefable|111\/394
|-damage|p2a: Clefable|20\/394
|-damage|p2a: Clefable|0 fnt
|-hitcount|p2a: Clefable|3
|faint|p2a: Clefable
|
|
|switch|p2a: Lopunny|Lopunny-Mega, M|271\/271
|turn|22
|
|switch|p1a: Talonflame|Talonflame, M|166\/297
|move|p2a: Lopunny|Fake Out|p1a: Talonflame
|-damage|p1a: Talonflame|70\/297
|
|turn|23
|
|switch|p2a: Rotom-Wash|Rotom-Wash|170\/304
|move|p1a: Talonflame|U-turn|p2a: Rotom-Wash
|-damage|p2a: Rotom-Wash|105\/304
|
|switch|p1a: Breloom|Breloom, M|261\/261
|
|-heal|p2a: Rotom-Wash|124\/304|[from] item: Leftovers
|turn|24
|
|move|p1a: Breloom|Spore|p2a: Rotom-Wash
|-status|p2a: Rotom-Wash|slp
|cant|p2a: Rotom-Wash|slp
|
|-heal|p2a: Rotom-Wash|143\/304 slp|[from] item: Leftovers
|turn|25
|
|switch|p2a: Talonflame|Talonflame, F|297\/297
|move|p1a: Breloom|Bullet Seed|p2a: Talonflame
|-resisted|p2a: Talonflame
|-damage|p2a: Talonflame|276\/297
|-resisted|p2a: Talonflame
|-damage|p2a: Talonflame|255\/297
|-resisted|p2a: Talonflame
|-damage|p2a: Talonflame|233\/297
|-hitcount|p2a: Talonflame|3
|
|turn|26
|
|switch|p1a: Talonflame|Talonflame, M|70\/297
|move|p2a: Talonflame|Brave Bird|p1a: Talonflame
|-damage|p1a: Talonflame|0 fnt
|-damage|p2a: Talonflame|210\/297|[from] recoil|[of] p1a: Talonflame
|faint|p1a: Talonflame
|
|
|switch|p1a: Crawdaunt|Crawdaunt, M|317\/317
|turn|27
|
|move|p2a: Talonflame|Brave Bird|p1a: Crawdaunt
|-damage|p1a: Crawdaunt|79\/317
|-damage|p2a: Talonflame|131\/297|[from] recoil|[of] p1a: Crawdaunt
|move|p1a: Crawdaunt|Crabhammer|p2a: Talonflame
|-supereffective|p2a: Talonflame
|-damage|p2a: Talonflame|0 fnt
|faint|p2a: Talonflame
|
|
|switch|p2a: Rotom-Wash|Rotom-Wash|143\/304 slp
|turn|28
|
|-curestatus|p2a: Rotom-Wash|slp
|move|p2a: Rotom-Wash|Volt Switch|p1a: Crawdaunt
|-supereffective|p1a: Crawdaunt
|-damage|p1a: Crawdaunt|0 fnt
|faint|p1a: Crawdaunt
|c|âAggron|shit
|
|switch|p2a: Lopunny|Lopunny-Mega, M|271\/271
|
|
|switch|p1a: Breloom|Breloom, M|261\/261
|turn|29
|
|switch|p2a: Rotom-Wash|Rotom-Wash|143\/304
|move|p1a: Breloom|Bullet Seed|p2a: Rotom-Wash
|-supereffective|p2a: Rotom-Wash
|-damage|p2a: Rotom-Wash|53\/304
|-supereffective|p2a: Rotom-Wash
|-damage|p2a: Rotom-Wash|0 fnt
|-hitcount|p2a: Rotom-Wash|2
|faint|p2a: Rotom-Wash
|
|
|switch|p2a: Lopunny|Lopunny-Mega, M|271\/271
|turn|30
|c|âtaw|I really hope it's sashed
|c|âtaw|or this has all been really dumb of me
|c|âAggron|yeah you won
|c|âAggron|should've used fake out
|
|move|p2a: Lopunny|Fake Out|p1a: Breloom
|-damage|p1a: Breloom|170\/261
|cant|p1a: Breloom|flinch
|
|turn|31
|c|âAggron|before switching to rotom though
|c|âtaw|can't swiched in last turn
|c|âtaw|woulden't have worked
|c|âAggron|yeah it would
|c|âtaw|off the volt switch it doesn't work
|c|âAggron|its first action
|c|âAggron|not turn
|c|âtaw|ohh huh
|
|move|p1a: Breloom|Mach Punch|p2a: Lopunny
|-supereffective|p2a: Lopunny
|-damage|p2a: Lopunny|55\/271
|move|p2a: Lopunny|Frustration|p1a: Breloom
|-damage|p1a: Breloom|0 fnt
|faint|p1a: Breloom
|
|win|taw
|raw|Ladder updating...
|raw|Aggron's rating: 1237 &rarr; <strong>1219<\/strong><br \/>(-18 for losing)
|raw|taw's rating: 1329 &rarr; <strong>1344<\/strong><br \/>(+15 for winning)
|c|âAggron|gg
|c|âAggron|close  game
|c|âtaw|gg
|c|âtaw|yeah