|join|taw
|join|muckaround
|player|p1|taw|266
|player|p2|muckaround|102
|gametype|singles
|gen|6
|tier|OU
|rated
|clearpoke
|poke|p1|Serperior, F
|poke|p1|Gyarados, M
|poke|p1|Talonflame, F
|poke|p1|Bisharp, M
|poke|p1|Aerodactyl, M
|poke|p1|Latias, F
|poke|p2|Keldeo
|poke|p2|Ferrothorn, F
|poke|p2|Talonflame, M
|poke|p2|Starmie
|poke|p2|Sylveon, F
|poke|p2|Sableye, M
|rule|Swagger Clause: Swagger is banned
|rule|Baton Pass Clause: Limit one PokÃ©mon knowing Baton Pass
|rule|Sleep Clause Mod: Limit one foe put to sleep
|rule|Species Clause: Limit one of each PokÃ©mon
|rule|OHKO Clause: OHKO moves are banned
|rule|Moody Clause: Moody is banned
|rule|Evasion Moves Clause: Evasion moves are banned
|rule|Endless Battle Clause: Forcing endless battles is banned
|rule|HP Percentage Mod: HP is shown in percentages
|teampreview
|
|start
|switch|p1a: Aerodactyl|Aerodactyl, M|301\/301
|switch|p2a: Sableye|Sableye, M|303\/303
|-ability|p1a: Aerodactyl|Pressure
|turn|1
|
|switch|p1a: Talonflame|Talonflame, F|320\/320
|move|p2a: Sableye|Taunt|p1a: Talonflame
|-start|p1a: Talonflame|move: Taunt
|
|turn|2
|
|detailschange|p2a: Sableye|Sableye-Mega, M
|-mega|p2a: Sableye|Sableye|Sablenite
|move|p1a: Talonflame|Brave Bird|p2a: Sableye
|-damage|p2a: Sableye|171\/303
|-damage|p1a: Talonflame|276\/320|[from] recoil|[of] p2a: Sableye
|move|p2a: Sableye|Knock Off|p1a: Talonflame
|-damage|p1a: Talonflame|149\/320
|-enditem|p1a: Talonflame|Leftovers|[from] move: Knock Off|[of] p2a: Sableye
|
|turn|3
|
|switch|p1a: Bisharp|Bisharp, M|272\/272
|move|p2a: Sableye|Recover|p2a: Sableye
|-heal|p2a: Sableye|303\/303
|
|turn|4
|
|move|p1a: Bisharp|Iron Head|p2a: Sableye
|-damage|p2a: Sableye|171\/303
|move|p2a: Sableye|Will-O-Wisp|p1a: Bisharp|[miss]
|-miss|p2a: Sableye|p1a: Bisharp
|
|turn|5
|
|move|p1a: Bisharp|Iron Head|p2a: Sableye
|-damage|p2a: Sableye|54\/303
|move|p2a: Sableye|Will-O-Wisp|p1a: Bisharp
|-status|p1a: Bisharp|brn
|
|-damage|p1a: Bisharp|238\/272 brn|[from] brn
|turn|6
|
|switch|p2a: Ferrothorn|Ferrothorn, F|352\/352
|move|p1a: Bisharp|Knock Off|p2a: Ferrothorn
|-damage|p2a: Ferrothorn|283\/352
|-damage|p1a: Bisharp|204\/272 brn|[from] ability: Iron Barbs|[of] p2a: Ferrothorn
|-damage|p1a: Bisharp|159\/272 brn|[from] item: Rocky Helmet|[of] p2a: Ferrothorn
|-enditem|p2a: Ferrothorn|Rocky Helmet|[from] move: Knock Off|[of] p1a: Bisharp
|
|-damage|p1a: Bisharp|125\/272 brn|[from] brn
|turn|7
|
|switch|p1a: Talonflame|Talonflame, F|149\/320
|move|p2a: Ferrothorn|Stealth Rock|p1a: Talonflame
|-sidestart|p1: taw|move: Stealth Rock
|
|turn|8
|
|move|p1a: Talonflame|Roost|p1a: Talonflame
|-heal|p1a: Talonflame|309\/320
|move|p2a: Ferrothorn|Leech Seed|p1a: Talonflame
|-start|p1a: Talonflame|move: Leech Seed
|
|-damage|p1a: Talonflame|269\/320|[from] Leech Seed|[of] p2a: Ferrothorn
|-heal|p2a: Ferrothorn|323\/352|[silent]
|turn|9
|
|switch|p2a: Starmie|Starmie|261\/261
|move|p1a: Talonflame|Swords Dance|p1a: Talonflame
|-boost|p1a: Talonflame|atk|2
|
|-damage|p1a: Talonflame|229\/320|[from] Leech Seed|[of] p2a: Starmie
|turn|10
|
|move|p1a: Talonflame|Brave Bird|p2a: Starmie
|-damage|p2a: Starmie|0 fnt
|-damage|p1a: Talonflame|143\/320|[from] recoil|[of] p2a: Starmie
|faint|p2a: Starmie
|
|
|switch|p2a: Talonflame|Talonflame, M|297\/297
|turn|11
|
|move|p1a: Talonflame|Brave Bird|p2a: Talonflame
|-damage|p2a: Talonflame|0 fnt
|-damage|p1a: Talonflame|45\/320|[from] recoil|[of] p2a: Talonflame
|faint|p2a: Talonflame
|
|
|switch|p2a: Ferrothorn|Ferrothorn, F|323\/352
|turn|12
|
|switch|p2a: Sableye|Sableye-Mega, M|54\/303
|move|p1a: Talonflame|Roost|p1a: Talonflame
|-heal|p1a: Talonflame|205\/320
|
|-damage|p1a: Talonflame|165\/320|[from] Leech Seed|[of] p2a: Sableye
|-heal|p2a: Sableye|94\/303|[silent]
|turn|13
|
|move|p1a: Talonflame|Brave Bird|p2a: Sableye
|-damage|p2a: Sableye|0 fnt
|-damage|p1a: Talonflame|134\/320|[from] recoil|[of] p2a: Sableye
|faint|p2a: Sableye
|
|
|switch|p2a: Sylveon|Sylveon, F|394\/394
|turn|14
|
|move|p2a: Sylveon|Protect|p2a: Sylveon
|-singleturn|p2a: Sylveon|Protect
|move|p1a: Talonflame|Brave Bird|p2a: Sylveon
|-activate|p2a: Sylveon|Protect
|
|-damage|p1a: Talonflame|94\/320|[from] Leech Seed|[of] p2a: Sylveon
|turn|15
|
|switch|p2a: Ferrothorn|Ferrothorn, F|323\/352
|move|p1a: Talonflame|Brave Bird|p2a: Ferrothorn
|-damage|p2a: Ferrothorn|116\/352
|-damage|p1a: Talonflame|54\/320|[from] ability: Iron Barbs|[of] p2a: Ferrothorn
|-damage|p1a: Talonflame|0 fnt|[from] recoil|[of] p2a: Ferrothorn
|faint|p1a: Talonflame
|
|
|switch|p1a: Latias|Latias, F|301\/301
|-damage|p1a: Latias|264\/301|[from] Stealth Rock
|turn|16
|
|move|p1a: Latias|Defog|p2a: Ferrothorn
|-unboost|p2a: Ferrothorn|evasion|1
|-sideend|p1: taw|Stealth Rock|[from] move: Defog|[of] p1a: Latias
|move|p2a: Ferrothorn|Leech Seed|p1a: Latias
|-start|p1a: Latias|move: Leech Seed
|
|-damage|p1a: Latias|227\/301|[from] Leech Seed|[of] p2a: Ferrothorn
|-heal|p2a: Ferrothorn|153\/352|[silent]
|turn|17
|
|move|p2a: Ferrothorn|Protect|p2a: Ferrothorn
|-singleturn|p2a: Ferrothorn|Protect
|move|p1a: Latias|Draco Meteor|p2a: Ferrothorn
|-activate|p2a: Ferrothorn|Protect
|
|-damage|p1a: Latias|190\/301|[from] Leech Seed|[of] p2a: Ferrothorn
|-heal|p2a: Ferrothorn|190\/352|[silent]
|turn|18
|
|move|p1a: Latias|Healing Wish|p1a: Latias
|faint|p1a: Latias
|move|p2a: Ferrothorn|Stealth Rock|p1: Latias
|-sidestart|p1: taw|move: Stealth Rock
|
|
|switch|p1a: Bisharp|Bisharp, M|125\/272 brn
|-heal|p1a: Bisharp|272\/272|[from] move: Healing Wish
|-damage|p1a: Bisharp|255\/272|[from] Stealth Rock
|turn|19
|
|move|p1a: Bisharp|Swords Dance|p1a: Bisharp
|-boost|p1a: Bisharp|atk|2
|move|p2a: Ferrothorn|Leech Seed|p1a: Bisharp
|-start|p1a: Bisharp|move: Leech Seed
|
|-damage|p1a: Bisharp|221\/272|[from] Leech Seed|[of] p2a: Ferrothorn
|-heal|p2a: Ferrothorn|224\/352|[silent]
|turn|20
|
|move|p2a: Ferrothorn|Protect|p2a: Ferrothorn
|-singleturn|p2a: Ferrothorn|Protect
|move|p1a: Bisharp|Knock Off|p2a: Ferrothorn
|-activate|p2a: Ferrothorn|Protect
|
|-damage|p1a: Bisharp|187\/272|[from] Leech Seed|[of] p2a: Ferrothorn
|-heal|p2a: Ferrothorn|258\/352|[silent]
|turn|21
|
|move|p1a: Bisharp|Knock Off|p2a: Ferrothorn
|-damage|p2a: Ferrothorn|72\/352
|-damage|p1a: Bisharp|153\/272|[from] ability: Iron Barbs|[of] p2a: Ferrothorn
|move|p2a: Ferrothorn|Gyro Ball|p1a: Bisharp
|-resisted|p1a: Bisharp
|-damage|p1a: Bisharp|75\/272
|
|-damage|p1a: Bisharp|41\/272|[from] Leech Seed|[of] p2a: Ferrothorn
|-heal|p2a: Ferrothorn|106\/352|[silent]
|turn|22
|
|move|p2a: Ferrothorn|Protect|p2a: Ferrothorn
|-singleturn|p2a: Ferrothorn|Protect
|move|p1a: Bisharp|Knock Off|p2a: Ferrothorn
|-activate|p2a: Ferrothorn|Protect
|
|-damage|p1a: Bisharp|7\/272|[from] Leech Seed|[of] p2a: Ferrothorn
|-heal|p2a: Ferrothorn|140\/352|[silent]
|turn|23
|
|move|p2a: Ferrothorn|Protect|p2a: Ferrothorn
|-singleturn|p2a: Ferrothorn|Protect
|move|p1a: Bisharp|Iron Head|p2a: Ferrothorn
|-activate|p2a: Ferrothorn|Protect
|
|-damage|p1a: Bisharp|0 fnt|[from] Leech Seed|[of] p2a: Ferrothorn
|-heal|p2a: Ferrothorn|147\/352|[silent]
|faint|p1a: Bisharp
|
|switch|p1a: Aerodactyl|Aerodactyl, M|301\/301
|-damage|p1a: Aerodactyl|226\/301|[from] Stealth Rock
|-ability|p1a: Aerodactyl|Pressure
|turn|24
|
|move|p1a: Aerodactyl|Taunt|p2a: Ferrothorn
|-start|p2a: Ferrothorn|move: Taunt
|cant|p2a: Ferrothorn|move: Taunt|Leech Seed
|
|turn|25
|
|move|p1a: Aerodactyl|Stealth Rock|p2a: Ferrothorn
|-sidestart|p2: muckaround|move: Stealth Rock
|move|p2a: Ferrothorn|Gyro Ball|p1a: Aerodactyl
|-supereffective|p1a: Aerodactyl
|-damage|p1a: Aerodactyl|0 fnt
|faint|p1a: Aerodactyl
|
|
|switch|p1a: Gyarados|Gyarados, M|331\/331
|-damage|p1a: Gyarados|249\/331|[from] Stealth Rock
|-ability|p1a: Gyarados|Intimidate|[of] p2a: Ferrothorn
|-unboost|p2a: Ferrothorn|atk|1
|turn|26
|
|switch|p2a: Sylveon|Sylveon, F|394\/394
|-damage|p2a: Sylveon|345\/394|[from] Stealth Rock
|move|p1a: Gyarados|Dragon Dance|p1a: Gyarados
|-boost|p1a: Gyarados|atk|1
|-boost|p1a: Gyarados|spe|1
|
|-heal|p2a: Sylveon|369\/394|[from] item: Leftovers
|turn|27
|
|detailschange|p1a: Gyarados|Gyarados-Mega, M
|-mega|p1a: Gyarados|Gyarados|Gyaradosite
|-ability|p1a: Gyarados|Mold Breaker
|move|p1a: Gyarados|Waterfall|p2a: Sylveon
|-damage|p2a: Sylveon|0 fnt
|faint|p2a: Sylveon
|
|
|switch|p2a: Ferrothorn|Ferrothorn, F|147\/352
|-damage|p2a: Ferrothorn|125\/352|[from] Stealth Rock
|turn|28
|
|move|p1a: Gyarados|Earthquake|p2a: Ferrothorn
|-damage|p2a: Ferrothorn|6\/352
|move|p2a: Ferrothorn|Leech Seed|p1a: Gyarados
|-start|p1a: Gyarados|move: Leech Seed
|
|-damage|p1a: Gyarados|208\/331|[from] Leech Seed|[of] p2a: Ferrothorn
|-heal|p2a: Ferrothorn|47\/352|[silent]
|turn|29
|
|move|p1a: Gyarados|Dragon Dance|p1a: Gyarados
|-boost|p1a: Gyarados|atk|1
|-boost|p1a: Gyarados|spe|1
|move|p2a: Ferrothorn|Gyro Ball|p1a: Gyarados
|-resisted|p1a: Gyarados
|-damage|p1a: Gyarados|136\/331
|
|-damage|p1a: Gyarados|95\/331|[from] Leech Seed|[of] p2a: Ferrothorn
|-heal|p2a: Ferrothorn|88\/352|[silent]
|turn|30
|
|move|p2a: Ferrothorn|Protect|p2a: Ferrothorn
|-singleturn|p2a: Ferrothorn|Protect
|move|p1a: Gyarados|Earthquake|p2a: Ferrothorn
|-activate|p2a: Ferrothorn|Protect
|
|-damage|p1a: Gyarados|54\/331|[from] Leech Seed|[of] p2a: Ferrothorn
|-heal|p2a: Ferrothorn|129\/352|[silent]
|turn|31
|
|move|p1a: Gyarados|Earthquake|p2a: Ferrothorn
|-damage|p2a: Ferrothorn|0 fnt
|faint|p2a: Ferrothorn
|
|
|switch|p2a: Keldeo|Keldeo|323\/323
|-damage|p2a: Keldeo|303\/323|[from] Stealth Rock
|turn|32
|
|move|p1a: Gyarados|Earthquake|p2a: Keldeo
|-damage|p2a: Keldeo|9\/323
|move|p2a: Keldeo|Secret Sword|p1a: Gyarados
|-supereffective|p1a: Gyarados
|-damage|p1a: Gyarados|0 fnt
|faint|p1a: Gyarados
|
|-heal|p2a: Keldeo|29\/323|[from] item: Leftovers
|
|switch|p1a: Serperior|Serperior, F|291\/291
|-damage|p1a: Serperior|255\/291|[from] Stealth Rock
|turn|33
|c|âtaw|gg
|
|move|p1a: Serperior|Giga Drain|p2a: Keldeo
|-supereffective|p2a: Keldeo
|-damage|p2a: Keldeo|0 fnt
|-heal|p1a: Serperior|270\/291|[from] drain|[of] p2a: Keldeo
|faint|p2a: Keldeo
|
|win|taw
|raw|Ladder updating...
|raw|taw's rating: 1481 &rarr; <strong>1497<\/strong><br \/>(+16 for winning)
|raw|muckaround's rating: 1399 &rarr; <strong>1384<\/strong><br \/>(-15 for losing)
|c|âmuckaround|gg
|leave|muckaround
|player|p2