|join|taw
|join|I'mSoMuted
|player|p1|taw|101
|player|p2|I'mSoMuted|209
|gametype|singles
|gen|6
|tier|OU
|rated
|clearpoke
|poke|p1|Rotom-Wash
|poke|p1|Landorus-Therian, M
|poke|p1|Clefable, F
|poke|p1|Conkeldurr, F
|poke|p1|Talonflame, F
|poke|p1|Lopunny, F
|poke|p2|Sableye, M
|poke|p2|Latios, M
|poke|p2|Blissey, F
|poke|p2|Bisharp, M
|poke|p2|Landorus-Therian, M
|poke|p2|Clefable, M
|rule|Swagger Clause: Swagger is banned
|rule|Baton Pass Clause: Limit one PokÃ©mon knowing Baton Pass
|rule|Sleep Clause Mod: Limit one foe put to sleep
|rule|Species Clause: Limit one of each PokÃ©mon
|rule|OHKO Clause: OHKO moves are banned
|rule|Moody Clause: Moody is banned
|rule|Evasion Moves Clause: Evasion moves are banned
|rule|Endless Battle Clause: Forcing endless battles is banned
|rule|HP Percentage Mod: HP is shown in percentages
|teampreview
|
|start
|switch|p1a: Lopunny|Lopunny, F|271\/271
|switch|p2a: Landorus-Therian|Landorus-Therian, M|358\/358
|-ability|p2a: Landorus-Therian|Intimidate|[of] p1a: Lopunny
|-unboost|p1a: Lopunny|atk|1
|turn|1
|
|switch|p2a: Clefable|Clefable, M|394\/394
|detailschange|p1a: Lopunny|Lopunny-Mega, F
|-mega|p1a: Lopunny|Lopunny|Lopunnite
|move|p1a: Lopunny|Fake Out|p2a: Clefable
|-damage|p2a: Clefable|339\/394
|
|turn|2
|
|switch|p1a: Clefable|Clefable, F|394\/394
|move|p2a: Clefable|Calm Mind|p2a: Clefable
|-boost|p2a: Clefable|spa|1
|-boost|p2a: Clefable|spd|1
|
|turn|3
|
|move|p2a: Clefable|Moonblast|p1a: Clefable
|-damage|p1a: Clefable|211\/394
|move|p1a: Clefable|Thunder Wave|p2a: Clefable
|-status|p2a: Clefable|par
|
|-heal|p1a: Clefable|235\/394|[from] item: Leftovers
|turn|4
|
|move|p1a: Clefable|Calm Mind|p1a: Clefable
|-boost|p1a: Clefable|spa|1
|-boost|p1a: Clefable|spd|1
|move|p2a: Clefable|Moonblast|p1a: Clefable
|-damage|p1a: Clefable|105\/394
|
|-heal|p1a: Clefable|129\/394|[from] item: Leftovers
|turn|5
|
|switch|p2a: Bisharp|Bisharp, M|314\/314
|move|p1a: Clefable|Soft-Boiled|p1a: Clefable
|-heal|p1a: Clefable|326\/394
|
|-heal|p1a: Clefable|350\/394|[from] item: Leftovers
|turn|6
|
|switch|p1a: Conkeldurr|Conkeldurr, F|388\/388
|move|p2a: Bisharp|Iron Head|p1a: Conkeldurr
|-damage|p1a: Conkeldurr|234\/388
|
|turn|7
|
|switch|p2a: Sableye|Sableye, M|304\/304
|move|p1a: Conkeldurr|Ice Punch|p2a: Sableye
|-damage|p2a: Sableye|193\/304
|
|turn|8
|
|switch|p1a: Clefable|Clefable, F|350\/394
|detailschange|p2a: Sableye|Sableye-Mega, M
|-mega|p2a: Sableye|Sableye|Sablenite
|move|p2a: Sableye|Knock Off|p1a: Clefable
|-resisted|p1a: Clefable
|-damage|p1a: Clefable|286\/394
|-enditem|p1a: Clefable|Leftovers|[from] move: Knock Off|[of] p2a: Sableye
|
|turn|9
|
|switch|p2a: Blissey|Blissey, F|714\/714
|move|p1a: Clefable|Thunder Wave|p2a: Blissey
|-status|p2a: Blissey|par
|
|turn|10
|
|move|p1a: Clefable|Calm Mind|p1a: Clefable
|-boost|p1a: Clefable|spa|1
|-boost|p1a: Clefable|spd|1
|move|p2a: Blissey|Stealth Rock|p1a: Clefable
|-sidestart|p1: taw|move: Stealth Rock
|
|turn|11
|
|switch|p2a: Landorus-Therian|Landorus-Therian, M|358\/358
|-ability|p2a: Landorus-Therian|Intimidate|[of] p1a: Clefable
|-unboost|p1a: Clefable|atk|1
|move|p1a: Clefable|Calm Mind|p1a: Clefable
|-boost|p1a: Clefable|spa|1
|-boost|p1a: Clefable|spd|1
|
|turn|12
|
|move|p2a: Landorus-Therian|Earthquake|p1a: Clefable
|-damage|p1a: Clefable|0 fnt
|faint|p1a: Clefable
|
|
|switch|p1a: Talonflame|Talonflame, F|297\/297
|-damage|p1a: Talonflame|149\/297|[from] Stealth Rock
|turn|13
|
|move|p1a: Talonflame|Roost|p1a: Talonflame
|-heal|p1a: Talonflame|297\/297
|move|p2a: Landorus-Therian|Rock Slide|p1a: Talonflame
|-supereffective|p1a: Talonflame
|-damage|p1a: Talonflame|17\/297
|
|turn|14
|
|move|p1a: Talonflame|Roost|p1a: Talonflame
|-heal|p1a: Talonflame|166\/297
|move|p2a: Landorus-Therian|Knock Off|p1a: Talonflame
|-damage|p1a: Talonflame|0 fnt
|-enditem|p1a: Talonflame|Sharp Beak|[from] move: Knock Off|[of] p2a: Landorus-Therian
|faint|p1a: Talonflame
|
|
|switch|p1a: Conkeldurr|Conkeldurr, F|234\/388
|-damage|p1a: Conkeldurr|210\/388|[from] Stealth Rock
|turn|15
|
|move|p2a: Landorus-Therian|U-turn|p1a: Conkeldurr
|-resisted|p1a: Conkeldurr
|-damage|p1a: Conkeldurr|162\/388
|
|switch|p2a: Clefable|Clefable, M|339\/394 par
|move|p1a: Conkeldurr|Ice Punch|p2a: Clefable
|-damage|p2a: Clefable|203\/394 par
|
|turn|16
|
|move|p1a: Conkeldurr|Ice Punch|p2a: Clefable
|-damage|p2a: Clefable|64\/394 par
|move|p2a: Clefable|Moonblast|p1a: Conkeldurr
|-supereffective|p1a: Conkeldurr
|-damage|p1a: Conkeldurr|0 fnt
|faint|p1a: Conkeldurr
|
|
|switch|p1a: Lopunny|Lopunny-Mega, F|271\/271
|-damage|p1a: Lopunny|255\/271|[from] Stealth Rock
|turn|17
|
|move|p1a: Lopunny|Fake Out|p2a: Clefable
|-crit|p2a: Clefable
|-damage|p2a: Clefable|0 fnt
|faint|p2a: Clefable
|
|
|switch|p2a: Landorus-Therian|Landorus-Therian, M|358\/358
|-ability|p2a: Landorus-Therian|Intimidate|[of] p1a: Lopunny
|-unboost|p1a: Lopunny|atk|1
|turn|18
|
|switch|p1a: Landorus-Therian|Landorus-Therian, M|382\/382
|-damage|p1a: Landorus-Therian|335\/382|[from] Stealth Rock
|-ability|p1a: Landorus-Therian|Intimidate|[of] p2a: Landorus-Therian
|-unboost|p2a: Landorus-Therian|atk|1
|move|p2a: Landorus-Therian|Knock Off|p1a: Landorus-Therian
|-damage|p1a: Landorus-Therian|259\/382
|-enditem|p1a: Landorus-Therian|Leftovers|[from] move: Knock Off|[of] p2a: Landorus-Therian
|
|turn|19
|
|move|p2a: Landorus-Therian|U-turn|p1a: Landorus-Therian
|-resisted|p1a: Landorus-Therian
|-damage|p1a: Landorus-Therian|235\/382
|
|switch|p2a: Sableye|Sableye-Mega, M|193\/304
|move|p1a: Landorus-Therian|Stealth Rock|p2a: Sableye
|move|p2a: Sableye|Stealth Rock|p1a: Landorus-Therian|[from]Magic Bounce
|-fail|p1a: Landorus-Therian
|
|turn|20
|
|move|p1a: Landorus-Therian|Earthquake|p2a: Sableye
|-damage|p2a: Sableye|75\/304
|move|p2a: Sableye|Will-O-Wisp|p1a: Landorus-Therian
|-status|p1a: Landorus-Therian|brn
|
|-damage|p1a: Landorus-Therian|188\/382 brn|[from] brn
|turn|21
|
|move|p1a: Landorus-Therian|Earthquake|p2a: Sableye
|-damage|p2a: Sableye|18\/304
|move|p2a: Sableye|Recover|p2a: Sableye
|-heal|p2a: Sableye|170\/304
|
|-damage|p1a: Landorus-Therian|141\/382 brn|[from] brn
|turn|22
|leave|taw
|
|switch|p1a: Rotom-Wash|Rotom-Wash|304\/304
|-damage|p1a: Rotom-Wash|266\/304|[from] Stealth Rock
|move|p2a: Sableye|Recover|p2a: Sableye
|-heal|p2a: Sableye|304\/304
|
|-heal|p1a: Rotom-Wash|285\/304|[from] item: Leftovers
|turn|23
|player|p1
|-message|taw lost due to inactivity.
|
|win|I'mSoMuted
|raw|Ladder updating...
|raw|taw's rating: 1324 &rarr; <strong>1304<\/strong><br \/>(-20 for losing)
|raw|I&apos;mSoMuted's rating: 1329 &rarr; <strong>1349<\/strong><br \/>(+20 for winning)