|join|taw
|join|macobi
|player|p1|taw|169
|player|p2|macobi|249
|gametype|singles
|gen|6
|tier|OU
|rated
|clearpoke
|poke|p1|Rotom-Wash
|poke|p1|Landorus-Therian, M
|poke|p1|Heatran, M
|poke|p1|Conkeldurr, M
|poke|p1|Gyarados, F
|poke|p1|Clefable, F
|poke|p2|Kyurem-Black
|poke|p2|Lopunny, M
|poke|p2|Clefable, M
|poke|p2|Conkeldurr, F
|poke|p2|Latios, M
|poke|p2|Rotom-Heat
|rule|Swagger Clause: Swagger is banned
|rule|Baton Pass Clause: Limit one PokÃ©mon knowing Baton Pass
|rule|Sleep Clause Mod: Limit one foe put to sleep
|rule|Species Clause: Limit one of each PokÃ©mon
|rule|OHKO Clause: OHKO moves are banned
|rule|Moody Clause: Moody is banned
|rule|Evasion Moves Clause: Evasion moves are banned
|rule|Endless Battle Clause: Forcing endless battles is banned
|rule|HP Percentage Mod: HP is shown in percentages
|teampreview
|
|start
|switch|p1a: Landorus-Therian|Landorus-Therian, M|382\/382
|switch|p2a: Clefable|Clefable, M|393\/393
|-ability|p1a: Landorus-Therian|Intimidate|[of] p2a: Clefable
|-unboost|p2a: Clefable|atk|1
|turn|1
|
|move|p1a: Landorus-Therian|Stealth Rock|p2a: Clefable
|-sidestart|p2: macobi|move: Stealth Rock
|move|p2a: Clefable|Trick|p1a: Landorus-Therian
|-activate|p2a: Clefable|move: Trick|[of] p1a: Landorus-Therian
|-item|p1a: Landorus-Therian|Flame Orb|[from] move: Trick
|-item|p2a: Clefable|Leftovers|[from] move: Trick
|
|-status|p1a: Landorus-Therian|brn|[from] item: Flame Orb
|turn|2
|
|move|p1a: Landorus-Therian|U-turn|p2a: Clefable
|-resisted|p2a: Clefable
|-damage|p2a: Clefable|369\/393
|
|switch|p1a: Heatran|Heatran, M|386\/386
|move|p2a: Clefable|Stealth Rock|p1a: Heatran
|-sidestart|p1: taw|move: Stealth Rock
|
|-heal|p2a: Clefable|393\/393|[from] item: Leftovers
|turn|3
|
|switch|p2a: Conkeldurr|Conkeldurr, F|413\/413
|-damage|p2a: Conkeldurr|388\/413|[from] Stealth Rock
|move|p1a: Heatran|Flash Cannon|p2a: Conkeldurr
|-damage|p2a: Conkeldurr|268\/413
|
|turn|4
|
|switch|p1a: Landorus-Therian|Landorus-Therian, M|382\/382 brn
|-damage|p1a: Landorus-Therian|335\/382 brn|[from] Stealth Rock
|-ability|p1a: Landorus-Therian|Intimidate|[of] p2a: Conkeldurr
|-unboost|p2a: Conkeldurr|atk|1
|move|p2a: Conkeldurr|Drain Punch|p1a: Landorus-Therian
|-resisted|p1a: Landorus-Therian
|-damage|p1a: Landorus-Therian|291\/382 brn
|-heal|p2a: Conkeldurr|290\/413|[from] drain|[of] p1a: Landorus-Therian
|
|-damage|p1a: Landorus-Therian|244\/382 brn|[from] brn
|turn|5
|
|move|p1a: Landorus-Therian|U-turn|p2a: Conkeldurr
|-resisted|p2a: Conkeldurr
|-damage|p2a: Conkeldurr|271\/413
|
|switch|p1a: Clefable|Clefable, F|394\/394
|-damage|p1a: Clefable|345\/394|[from] Stealth Rock
|move|p2a: Conkeldurr|Knock Off|p1a: Clefable
|-resisted|p1a: Clefable
|-damage|p1a: Clefable|304\/394
|-enditem|p1a: Clefable|Leftovers|[from] move: Knock Off|[of] p2a: Conkeldurr
|
|turn|6
|
|switch|p2a: Rotom-Heat|Rotom-Heat|303\/303
|-damage|p2a: Rotom-Heat|228\/303|[from] Stealth Rock
|move|p1a: Clefable|Calm Mind|p1a: Clefable
|-boost|p1a: Clefable|spa|1
|-boost|p1a: Clefable|spd|1
|
|turn|7
|
|move|p2a: Rotom-Heat|Trick|p1a: Clefable
|-activate|p2a: Rotom-Heat|move: Trick|[of] p1a: Clefable
|-item|p1a: Clefable|Choice Specs|[from] move: Trick
|move|p1a: Clefable|Moonblast|p2a: Rotom-Heat
|-resisted|p2a: Rotom-Heat
|-damage|p2a: Rotom-Heat|93\/303
|
|turn|8
|
|move|p2a: Rotom-Heat|Overheat|p1a: Clefable
|-damage|p1a: Clefable|144\/394
|-unboost|p2a: Rotom-Heat|spa|2
|move|p1a: Clefable|Moonblast|p2a: Rotom-Heat
|-resisted|p2a: Rotom-Heat
|-damage|p2a: Rotom-Heat|0 fnt
|faint|p2a: Rotom-Heat
|
|
|switch|p2a: Clefable|Clefable, M|393\/393
|turn|9
|
|move|p1a: Clefable|Moonblast|p2a: Clefable
|-damage|p2a: Clefable|170\/393
|move|p2a: Clefable|Moonblast|p1a: Clefable
|-damage|p1a: Clefable|62\/394
|
|-heal|p2a: Clefable|194\/393|[from] item: Leftovers
|turn|10
|
|move|p1a: Clefable|Moonblast|p2a: Clefable
|-damage|p2a: Clefable|0 fnt
|faint|p2a: Clefable
|
|
|switch|p2a: Lopunny|Lopunny, M|271\/271
|-damage|p2a: Lopunny|238\/271|[from] Stealth Rock
|turn|11
|
|detailschange|p2a: Lopunny|Lopunny-Mega, M
|-mega|p2a: Lopunny|Lopunny|Lopunnite
|move|p2a: Lopunny|Frustration|p1a: Clefable
|-damage|p1a: Clefable|0 fnt
|faint|p1a: Clefable
|
|
|switch|p1a: Landorus-Therian|Landorus-Therian, M|244\/382 brn
|-damage|p1a: Landorus-Therian|197\/382 brn|[from] Stealth Rock
|-ability|p1a: Landorus-Therian|Intimidate|[of] p2a: Lopunny
|-unboost|p2a: Lopunny|atk|1
|turn|12
|
|move|p2a: Lopunny|Ice Punch|p1a: Landorus-Therian
|-supereffective|p1a: Landorus-Therian
|-damage|p1a: Landorus-Therian|0 fnt
|faint|p1a: Landorus-Therian
|
|
|switch|p1a: Gyarados|Gyarados, F|331\/331
|-damage|p1a: Gyarados|249\/331|[from] Stealth Rock
|-ability|p1a: Gyarados|Intimidate|[of] p2a: Lopunny
|-unboost|p2a: Lopunny|atk|1
|turn|13
|
|switch|p2a: Latios|Latios, M|301\/301
|-damage|p2a: Latios|264\/301|[from] Stealth Rock
|move|p1a: Gyarados|Dragon Dance|p1a: Gyarados
|-boost|p1a: Gyarados|atk|1
|-boost|p1a: Gyarados|spe|1
|
|turn|14
|c|âtaw|hope that thing's scarfed for your sake.
|
|detailschange|p1a: Gyarados|Gyarados-Mega, F
|-mega|p1a: Gyarados|Gyarados|Gyaradosite
|-ability|p1a: Gyarados|Mold Breaker
|move|p2a: Latios|Draco Meteor|p1a: Gyarados
|-damage|p1a: Gyarados|71\/331
|-unboost|p2a: Latios|spa|2
|move|p1a: Gyarados|Crunch|p2a: Latios
|-supereffective|p2a: Latios
|-damage|p2a: Latios|0 fnt
|faint|p2a: Latios
|
|c|âmacobi|:)
|
|switch|p2a: Conkeldurr|Conkeldurr, F|271\/413
|-damage|p2a: Conkeldurr|246\/413|[from] Stealth Rock
|turn|15
|
|switch|p1a: Rotom-Wash|Rotom-Wash|304\/304
|-damage|p1a: Rotom-Wash|266\/304|[from] Stealth Rock
|move|p2a: Conkeldurr|Mach Punch|p1a: Rotom-Wash
|-damage|p1a: Rotom-Wash|211\/304
|
|-heal|p1a: Rotom-Wash|230\/304|[from] item: Leftovers
|turn|16
|
|move|p1a: Rotom-Wash|Hydro Pump|p2a: Conkeldurr|[miss]
|-miss|p1a: Rotom-Wash|p2a: Conkeldurr
|move|p2a: Conkeldurr|Drain Punch|p1a: Rotom-Wash
|-damage|p1a: Rotom-Wash|121\/304
|-heal|p2a: Conkeldurr|301\/413|[from] drain|[of] p1a: Rotom-Wash
|
|-heal|p1a: Rotom-Wash|140\/304|[from] item: Leftovers
|turn|17
|
|move|p1a: Rotom-Wash|Hydro Pump|p2a: Conkeldurr
|-damage|p2a: Conkeldurr|181\/413
|move|p2a: Conkeldurr|Drain Punch|p1a: Rotom-Wash
|-damage|p1a: Rotom-Wash|23\/304
|-heal|p2a: Conkeldurr|240\/413|[from] drain|[of] p1a: Rotom-Wash
|
|-heal|p1a: Rotom-Wash|42\/304|[from] item: Leftovers
|turn|18
|
|move|p2a: Conkeldurr|Mach Punch|p1a: Rotom-Wash
|-crit|p1a: Rotom-Wash
|-damage|p1a: Rotom-Wash|0 fnt
|faint|p1a: Rotom-Wash
|
|
|switch|p1a: Conkeldurr|Conkeldurr, M|413\/413
|-damage|p1a: Conkeldurr|388\/413|[from] Stealth Rock
|turn|19
|
|move|p2a: Conkeldurr|Knock Off|p1a: Conkeldurr
|-resisted|p1a: Conkeldurr
|-damage|p1a: Conkeldurr|324\/413
|-enditem|p1a: Conkeldurr|Assault Vest|[from] move: Knock Off|[of] p2a: Conkeldurr
|move|p1a: Conkeldurr|Drain Punch|p2a: Conkeldurr
|-damage|p2a: Conkeldurr|51\/413
|-heal|p1a: Conkeldurr|413\/413|[from] drain|[of] p2a: Conkeldurr
|
|turn|20
|
|move|p1a: Conkeldurr|Mach Punch|p2a: Conkeldurr
|-damage|p2a: Conkeldurr|0 fnt
|faint|p2a: Conkeldurr
|
|
|switch|p2a: Kyurem-Black|Kyurem-Black|404\/404
|-damage|p2a: Kyurem-Black|303\/404|[from] Stealth Rock
|-ability|p2a: Kyurem-Black|Teravolt
|turn|21
|
|move|p1a: Conkeldurr|Mach Punch|p2a: Kyurem-Black
|-supereffective|p2a: Kyurem-Black
|-damage|p2a: Kyurem-Black|93\/404
|move|p2a: Kyurem-Black|Dragon Pulse|p1a: Conkeldurr
|-damage|p1a: Conkeldurr|218\/413
|
|-heal|p2a: Kyurem-Black|118\/404|[from] item: Leftovers
|turn|22
|
|move|p1a: Conkeldurr|Mach Punch|p2a: Kyurem-Black
|-crit|p2a: Kyurem-Black
|-supereffective|p2a: Kyurem-Black
|-damage|p2a: Kyurem-Black|0 fnt
|faint|p2a: Kyurem-Black
|
|
|switch|p2a: Lopunny|Lopunny-Mega, M|238\/271
|-damage|p2a: Lopunny|222\/271|[from] Stealth Rock
|turn|23
|
|move|p2a: Lopunny|Fake Out|p1a: Conkeldurr
|-damage|p1a: Conkeldurr|142\/413
|cant|p1a: Conkeldurr|flinch
|
|turn|24
|
|move|p1a: Conkeldurr|Mach Punch|p2a: Lopunny
|-supereffective|p2a: Lopunny
|-damage|p2a: Lopunny|18\/271
|move|p2a: Lopunny|Frustration|p1a: Conkeldurr
|-damage|p1a: Conkeldurr|0 fnt
|faint|p1a: Conkeldurr
|
|
|switch|p1a: Gyarados|Gyarados-Mega, F|71\/331
|-damage|p1a: Gyarados|30\/331|[from] Stealth Rock
|-ability|p1a: Gyarados|Mold Breaker
|turn|25
|
|move|p2a: Lopunny|Frustration|p1a: Gyarados
|-damage|p1a: Gyarados|0 fnt
|faint|p1a: Gyarados
|
|
|switch|p1a: Heatran|Heatran, M|386\/386
|-damage|p1a: Heatran|338\/386|[from] Stealth Rock
|turn|26
|
|move|p2a: Lopunny|High Jump Kick|p1a: Heatran
|-crit|p1a: Heatran
|-supereffective|p1a: Heatran
|-damage|p1a: Heatran|0 fnt
|faint|p1a: Heatran
|
|win|macobi
|raw|Ladder updating...
|raw|taw's rating: 1314 &rarr; <strong>1291<\/strong><br \/>(-23 for losing)
|raw|macobi's rating: 1252 &rarr; <strong>1282<\/strong><br \/>(+30 for winning)
|c|âmacobi|gg
|leave|taw
|player|p1