|join|taw
|join|PKDJakaBreederBoss
|player|p1|taw|257
|player|p2|PKDJakaBreederBoss|186
|gametype|singles
|tier|OU
|rated
|rule|Evasion Abilities Clause: Evasion abilities are banned
|clearpoke
|poke|p1|Celebi
|poke|p1|Alakazam, M
|poke|p1|Chandelure, M
|poke|p1|Forretress, F
|poke|p1|Weavile, F
|poke|p1|Garchomp, M
|poke|p2|Hippowdon, F
|poke|p2|Mamoswine, M
|poke|p2|Sandslash, F, shiny
|poke|p2|Latias, F
|poke|p2|Scizor, F
|poke|p2|Rotom-Wash
|rule|Sleep Clause Mod: Limit one foe put to sleep
|rule|Species Clause: Limit one of each Pokemon
|rule|OHKO Clause: OHKO moves are banned
|rule|Moody Clause: Moody is banned
|rule|Evasion Moves Clause: Evasion moves are banned
|rule|HP Percentage Mod: HP is reported as percentages
|teampreview
|callback|decision
|
|start
|switch|p1a: Garchomp|Garchomp, M|358\/358
|switch|p2a: Water-Horse|Hippowdon, F|420\/420
|-weather|Sandstorm|[from] ability: Sand Stream|[of] p2a: Water-Horse
|turn|1
|callback|decision
|join|KingCobraAx2
|
|move|p1a: Garchomp|Stealth Rock|p2a: Water-Horse
|-sidestart|p2: PKDJakaBreederBoss|move: Stealth Rock
|move|p2a: Water-Horse|Earthquake|p1a: Garchomp
|-damage|p1a: Garchomp|220\/358
|
|-weather|Sandstorm|[upkeep]
|turn|2
|callback|decision
|
|switch|p1a: Celebi|Celebi|404\/404
|move|p2a: Water-Horse|Stealth Rock|p1a: Celebi
|-sidestart|p1: taw|move: Stealth Rock
|
|-weather|Sandstorm|[upkeep]
|-damage|p1a: Celebi|379\/404|[from] sandstorm
|-heal|p1a: Celebi|404\/404|[from] item: Leftovers
|turn|3
|callback|decision
|
|switch|p2a: Red Mantis|Scizor, F|343\/343
|-damage|p2a: Red Mantis|301\/343|[from] Stealth Rock
|move|p1a: Celebi|Nasty Plot|p1a: Celebi
|-boost|p1a: Celebi|spa|2
|
|-weather|Sandstorm|[upkeep]
|-damage|p1a: Celebi|379\/404|[from] sandstorm
|-heal|p1a: Celebi|404\/404|[from] item: Leftovers
|-heal|p2a: Red Mantis|322\/343|[from] item: Leftovers
|turn|4
|callback|decision
|
|move|p1a: Celebi|Baton Pass|p1a: Celebi
|callback|decision
|
|switch|p1a: Chandelure|Chandelure, M|261\/261
|-damage|p1a: Chandelure|196\/261|[from] Stealth Rock
|move|p2a: Red Mantis|Bug Bite|p1a: Chandelure
|-resisted|p1a: Chandelure
|-damage|p1a: Chandelure|154\/261
|
|-weather|Sandstorm|[upkeep]
|-damage|p1a: Chandelure|138\/261|[from] sandstorm
|-heal|p2a: Red Mantis|343\/343|[from] item: Leftovers
|turn|5
|callback|decision
|
|switch|p2a: BlooDragon|Latias, F|301\/301
|-damage|p2a: BlooDragon|264\/301|[from] Stealth Rock
|move|p1a: Chandelure|Flamethrower|p2a: BlooDragon
|-resisted|p2a: BlooDragon
|-damage|p2a: BlooDragon|131\/301
|
|-weather|Sandstorm|[upkeep]
|-damage|p1a: Chandelure|122\/261|[from] sandstorm
|-damage|p2a: BlooDragon|113\/301|[from] sandstorm
|turn|6
|callback|decision
|leave|KingCobraAx2
|
|move|p1a: Chandelure|Flamethrower|p2a: BlooDragon
|-resisted|p2a: BlooDragon
|-damage|p2a: BlooDragon|0 fnt
|faint|p2a: BlooDragon
|
|-weather|Sandstorm|[upkeep]
|-damage|p1a: Chandelure|106\/261|[from] sandstorm
|callback|decision
|
|switch|p2a: W-motor XXIV|Rotom-Wash|299\/299
|-damage|p2a: W-motor XXIV|262\/299|[from] Stealth Rock
|turn|7
|callback|decision
|
|move|p1a: Chandelure|Flamethrower|p2a: W-motor XXIV
|-resisted|p2a: W-motor XXIV
|-damage|p2a: W-motor XXIV|83\/299
|move|p2a: W-motor XXIV|Volt Switch|p1a: Chandelure
|-crit|p1a: Chandelure
|-damage|p1a: Chandelure|0 fnt
|faint|p1a: Chandelure
|callback|decision
|
|switch|p2a: Red Mantis|Scizor, F|343\/343
|-damage|p2a: Red Mantis|301\/343|[from] Stealth Rock
|
|-weather|Sandstorm|[upkeep]
|-heal|p2a: Red Mantis|322\/343|[from] item: Leftovers
|callback|decision
|
|switch|p1a: Alakazam|Alakazam, M|252\/252
|turn|8
|callback|decision
|
|switch|p2a: W-motor XXIV|Rotom-Wash|83\/299
|-damage|p2a: W-motor XXIV|46\/299|[from] Stealth Rock
|move|p1a: Alakazam|Hidden Power|p2a: W-motor XXIV
|-crit|p2a: W-motor XXIV
|-resisted|p2a: W-motor XXIV
|-damage|p2a: W-motor XXIV|0 fnt
|faint|p2a: W-motor XXIV
|
|-weather|Sandstorm|[upkeep]
|callback|decision
|
|switch|p2a: knuckles|Sandslash, F, shiny|291\/291
|-damage|p2a: knuckles|273\/291|[from] Stealth Rock
|turn|9
|callback|decision
|
|switch|p1a: Forretress|Forretress, F|354\/354
|-damage|p1a: Forretress|310\/354|[from] Stealth Rock
|move|p2a: knuckles|Rapid Spin|p1a: Forretress
|-resisted|p1a: Forretress
|-damage|p1a: Forretress|302\/354
|-sideend|p2: PKDJakaBreederBoss|Stealth Rock|[from] move: Rapid Spin|[of] p2a: knuckles
|
|-weather|Sandstorm|[upkeep]
|-heal|p2a: knuckles|291\/291|[from] item: Leftovers
|-heal|p1a: Forretress|324\/354|[from] item: Leftovers
|turn|10
|callback|decision
|
|switch|p2a: Red Mantis|Scizor, F|322\/343
|move|p1a: Forretress|Rapid Spin|p2a: Red Mantis
|-resisted|p2a: Red Mantis
|-damage|p2a: Red Mantis|315\/343
|-sideend|p1: taw|Stealth Rock|[from] move: Rapid Spin|[of] p1a: Forretress
|
|-weather|Sandstorm|[upkeep]
|-heal|p2a: Red Mantis|336\/343|[from] item: Leftovers
|-heal|p1a: Forretress|346\/354|[from] item: Leftovers
|turn|11
|callback|decision
|
|move|p2a: Red Mantis|Swords Dance|p2a: Red Mantis
|-boost|p2a: Red Mantis|atk|2
|move|p1a: Forretress|Volt Switch|p2a: Red Mantis
|-damage|p2a: Red Mantis|303\/343
|callback|decision
|
|switch|p1a: Alakazam|Alakazam, M|252\/252
|
|-weather|Sandstorm|[upkeep]
|-heal|p2a: Red Mantis|324\/343|[from] item: Leftovers
|turn|12
|callback|decision
|
|move|p2a: Red Mantis|Bullet Punch|p1a: Alakazam
|-enditem|p1a: Alakazam|Focus Sash
|-damage|p1a: Alakazam|1\/252
|move|p1a: Alakazam|Hidden Power|p2a: Red Mantis
|-supereffective|p2a: Red Mantis
|-damage|p2a: Red Mantis|28\/343
|
|-weather|Sandstorm|[upkeep]
|-heal|p2a: Red Mantis|49\/343|[from] item: Leftovers
|turn|13
|callback|decision
|
|switch|p1a: Garchomp|Garchomp, M|220\/358
|move|p2a: Red Mantis|Bullet Punch|p1a: Garchomp
|-damage|p1a: Garchomp|4\/358
|-damage|p2a: Red Mantis|7\/343|[from] ability: Rough Skin|[of] p1a: Garchomp
|
|-weather|Sandstorm|[upkeep]
|-heal|p2a: Red Mantis|28\/343|[from] item: Leftovers
|turn|14
|callback|decision
|
|move|p2a: Red Mantis|Bullet Punch|p1a: Garchomp
|-crit|p1a: Garchomp
|-damage|p1a: Garchomp|0 fnt
|-damage|p2a: Red Mantis|0 fnt|[from] ability: Rough Skin|[of] p1a: Garchomp
|faint|p1a: Garchomp
|faint|p2a: Red Mantis
|
|-weather|Sandstorm|[upkeep]
|callback|decision
|
|switch|p2a: knuckles|Sandslash, F, shiny|291\/291
|switch|p1a: Celebi|Celebi|404\/404
|turn|15
|callback|decision
|
|move|p2a: knuckles|X-Scissor|p1a: Celebi
|-supereffective|p1a: Celebi
|-damage|p1a: Celebi|76\/404
|move|p1a: Celebi|Nasty Plot|p1a: Celebi
|-boost|p1a: Celebi|spa|2
|
|-weather|Sandstorm|[upkeep]
|-damage|p1a: Celebi|51\/404|[from] sandstorm
|-heal|p1a: Celebi|76\/404|[from] item: Leftovers
|turn|16
|callback|decision
|
|switch|p1a: Forretress|Forretress, F|346\/354
|move|p2a: knuckles|Earthquake|p1a: Forretress
|-damage|p1a: Forretress|216\/354
|
|-weather|Sandstorm|[upkeep]
|-heal|p1a: Forretress|238\/354|[from] item: Leftovers
|turn|17
|callback|decision
|
|switch|p2a: Water-Horse|Hippowdon, F|420\/420
|move|p1a: Forretress|Gyro Ball|p2a: Water-Horse
|-damage|p2a: Water-Horse|378\/420
|
|-weather|Sandstorm|[upkeep]
|-heal|p2a: Water-Horse|404\/420|[from] item: Leftovers
|-heal|p1a: Forretress|260\/354|[from] item: Leftovers
|turn|18
|callback|decision
|
|switch|p1a: Celebi|Celebi|76\/404
|move|p2a: Water-Horse|Stealth Rock|p1a: Celebi
|-sidestart|p1: taw|move: Stealth Rock
|
|-weather|Sandstorm|[upkeep]
|-damage|p1a: Celebi|51\/404|[from] sandstorm
|-heal|p1a: Celebi|76\/404|[from] item: Leftovers
|-heal|p2a: Water-Horse|420\/420|[from] item: Leftovers
|turn|19
|callback|decision
|
|switch|p2a: knuckles|Sandslash, F, shiny|291\/291
|move|p1a: Celebi|Giga Drain|p2a: knuckles
|-supereffective|p2a: knuckles
|-damage|p2a: knuckles|7\/291
|-heal|p1a: Celebi|218\/404|[from] drain|[of] p2a: knuckles
|
|-weather|Sandstorm|[upkeep]
|-damage|p1a: Celebi|193\/404|[from] sandstorm
|-heal|p2a: knuckles|25\/291|[from] item: Leftovers
|-heal|p1a: Celebi|218\/404|[from] item: Leftovers
|turn|20
|callback|decision
|
|move|p2a: knuckles|X-Scissor|p1a: Celebi
|-supereffective|p1a: Celebi
|-damage|p1a: Celebi|0 fnt
|faint|p1a: Celebi
|
|-weather|Sandstorm|[upkeep]
|-heal|p2a: knuckles|43\/291|[from] item: Leftovers
|callback|decision
|
|switch|p1a: Weavile|Weavile, F|282\/282
|-damage|p1a: Weavile|212\/282|[from] Stealth Rock
|-ability|p1a: Weavile|Pressure
|turn|21
|callback|decision
|
|move|p1a: Weavile|Ice Shard|p2a: knuckles
|-supereffective|p2a: knuckles
|-damage|p2a: knuckles|0 fnt
|-damage|p1a: Weavile|184\/282|[from] item: Life Orb
|faint|p2a: knuckles
|
|-weather|Sandstorm|[upkeep]
|-damage|p1a: Weavile|167\/282|[from] sandstorm
|callback|decision
|
|switch|p2a: Absolute 0|Mamoswine, M|361\/361
|turn|22
|callback|decision
|
|move|p1a: Weavile|Brick Break|p2a: Absolute 0
|-supereffective|p2a: Absolute 0
|-damage|p2a: Absolute 0|111\/361
|-damage|p1a: Weavile|139\/282|[from] item: Life Orb
|move|p2a: Absolute 0|Earthquake|p1a: Weavile
|-damage|p1a: Weavile|0 fnt
|faint|p1a: Weavile
|
|-weather|Sandstorm|[upkeep]
|callback|decision
|
|switch|p1a: Forretress|Forretress, F|260\/354
|-damage|p1a: Forretress|216\/354|[from] Stealth Rock
|turn|23
|callback|decision
|
|move|p2a: Absolute 0|Earthquake|p1a: Forretress
|-damage|p1a: Forretress|92\/354
|move|p1a: Forretress|Gyro Ball|p2a: Absolute 0
|-supereffective|p2a: Absolute 0
|-damage|p2a: Absolute 0|0 fnt
|faint|p2a: Absolute 0
|
|-weather|Sandstorm|[upkeep]
|-heal|p1a: Forretress|114\/354|[from] item: Leftovers
|callback|decision
|
|switch|p2a: Water-Horse|Hippowdon, F|420\/420
|turn|24
|callback|decision
|
|move|p2a: Water-Horse|Earthquake|p1a: Forretress
|-damage|p1a: Forretress|18\/354
|move|p1a: Forretress|Pain Split|p2a: Water-Horse
|-sethp|p2a: Water-Horse|219\/420|p1a: Forretress|219\/354|[from] move: Pain Split
|
|-weather|Sandstorm|[upkeep]
|-heal|p2a: Water-Horse|245\/420|[from] item: Leftovers
|-heal|p1a: Forretress|241\/354|[from] item: Leftovers
|turn|25
|callback|decision
|
|move|p2a: Water-Horse|Earthquake|p1a: Forretress
|-damage|p1a: Forretress|150\/354
|move|p1a: Forretress|Rapid Spin|p2a: Water-Horse
|-damage|p2a: Water-Horse|231\/420
|-sideend|p1: taw|Stealth Rock|[from] move: Rapid Spin|[of] p1a: Forretress
|
|-weather|Sandstorm|[upkeep]
|-heal|p2a: Water-Horse|257\/420|[from] item: Leftovers
|-heal|p1a: Forretress|172\/354|[from] item: Leftovers
|turn|26
|callback|decision
|
|move|p2a: Water-Horse|Earthquake|p1a: Forretress
|-damage|p1a: Forretress|76\/354
|move|p1a: Forretress|Pain Split|p2a: Water-Horse
|-sethp|p2a: Water-Horse|166\/420|p1a: Forretress|166\/354|[from] move: Pain Split
|
|-weather|Sandstorm|[upkeep]
|-heal|p2a: Water-Horse|192\/420|[from] item: Leftovers
|-heal|p1a: Forretress|188\/354|[from] item: Leftovers
|turn|27
|callback|decision
|
|move|p2a: Water-Horse|Earthquake|p1a: Forretress
|-damage|p1a: Forretress|89\/354
|move|p1a: Forretress|Gyro Ball|p2a: Water-Horse
|-damage|p2a: Water-Horse|155\/420
|
|-weather|Sandstorm|[upkeep]
|-heal|p2a: Water-Horse|181\/420|[from] item: Leftovers
|-heal|p1a: Forretress|111\/354|[from] item: Leftovers
|turn|28
|callback|decision
|
|move|p2a: Water-Horse|Earthquake|p1a: Forretress
|-damage|p1a: Forretress|9\/354
|move|p1a: Forretress|Pain Split|p2a: Water-Horse
|-sethp|p2a: Water-Horse|95\/420|p1a: Forretress|95\/354|[from] move: Pain Split
|
|-weather|Sandstorm|[upkeep]
|-heal|p2a: Water-Horse|121\/420|[from] item: Leftovers
|-heal|p1a: Forretress|117\/354|[from] item: Leftovers
|turn|29
|callback|decision
|
|move|p2a: Water-Horse|Slack Off|p2a: Water-Horse
|-heal|p2a: Water-Horse|331\/420
|move|p1a: Forretress|Pain Split|p2a: Water-Horse
|-sethp|p2a: Water-Horse|224\/420|p1a: Forretress|224\/354|[from] move: Pain Split
|
|-weather|Sandstorm|[upkeep]
|-heal|p2a: Water-Horse|250\/420|[from] item: Leftovers
|-heal|p1a: Forretress|246\/354|[from] item: Leftovers
|turn|30
|callback|decision
|
|move|p2a: Water-Horse|Earthquake|p1a: Forretress
|-crit|p1a: Forretress
|-damage|p1a: Forretress|63\/354
|move|p1a: Forretress|Gyro Ball|p2a: Water-Horse
|-damage|p2a: Water-Horse|207\/420
|
|-weather|Sandstorm|[upkeep]
|-heal|p2a: Water-Horse|233\/420|[from] item: Leftovers
|-heal|p1a: Forretress|85\/354|[from] item: Leftovers
|turn|31
|callback|decision
|
|move|p2a: Water-Horse|Earthquake|p1a: Forretress
|-damage|p1a: Forretress|0 fnt
|faint|p1a: Forretress
|
|-weather|Sandstorm|[upkeep]
|-heal|p2a: Water-Horse|259\/420|[from] item: Leftovers
|callback|decision
|
|switch|p1a: Alakazam|Alakazam, M|1\/252
|turn|32
|callback|decision
|
|move|p1a: Alakazam|Shadow Ball|p2a: Water-Horse
|-damage|p2a: Water-Horse|178\/420
|move|p2a: Water-Horse|Earthquake|p1a: Alakazam
|-damage|p1a: Alakazam|0 fnt
|faint|p1a: Alakazam
|
|win|PKDJakaBreederBoss
|raw|Ladder updating...
|raw|taw's rating: 2028 &rarr; <strong>2025<\/strong><br \/>(-3 for losing)
|raw|PKDJakaBreederBoss's rating: 1928 &rarr; <strong>1933<\/strong><br \/>(+5 for winning)
|leave|taw
|player|p1