|join|taw
|join|Hades974
|player|p1|taw|257
|player|p2|Hades974|49
|gametype|singles
|tier|OU
|rated
|rule|Evasion Abilities Clause: Evasion abilities are banned
|clearpoke
|poke|p1|Breloom, F
|poke|p1|Dragonite, M
|poke|p1|Scizor, F
|poke|p1|Latios, M
|poke|p1|Thundurus-Therian, M
|poke|p1|Keldeo-Resolute
|poke|p2|Lucario, F
|poke|p2|Dragonite, M
|poke|p2|Starmie
|poke|p2|Mamoswine, M
|poke|p2|Breloom, M
|poke|p2|Azelf
|rule|Sleep Clause Mod: Limit one foe put to sleep
|rule|Species Clause: Limit one of each Pokemon
|rule|OHKO Clause: OHKO moves are banned
|rule|Moody Clause: Moody is banned
|rule|Evasion Moves Clause: Evasion moves are banned
|rule|HP Percentage Mod: HP is reported as percentages
|teampreview
|callback|decision
|
|start
|switch|p1a: Breloom|Breloom, F|262\/262
|switch|p2a: Gl & Hf|Azelf|354\/354
|turn|1
|callback|decision
|
|move|p2a: Gl & Hf|Taunt|p1a: Breloom
|-start|p1a: Breloom|move: Taunt
|cant|p1a: Breloom|move: Taunt|Spore
|
|turn|2
|callback|decision
|
|move|p2a: Gl & Hf|Reflect|p2a: Gl & Hf
|-sidestart|p2: Hades974|Reflect
|move|p1a: Breloom|Bullet Seed|p2a: Gl & Hf
|-damage|p2a: Gl & Hf|313\/354
|-damage|p2a: Gl & Hf|268\/354
|-damage|p2a: Gl & Hf|226\/354
|-damage|p2a: Gl & Hf|185\/354
|-hitcount|p2a: Gl & Hf|4
|
|turn|3
|callback|decision
|
|move|p2a: Gl & Hf|Stealth Rock|p1a: Breloom
|-sidestart|p1: taw|move: Stealth Rock
|move|p1a: Breloom|Bullet Seed|p2a: Gl & Hf
|-damage|p2a: Gl & Hf|138\/354
|-damage|p2a: Gl & Hf|90\/354
|-damage|p2a: Gl & Hf|48\/354
|-damage|p2a: Gl & Hf|0 fnt
|-hitcount|p2a: Gl & Hf|4
|faint|p2a: Gl & Hf
|
|-end|p1a: Breloom|move: Taunt
|callback|decision
|
|switch|p2a: Dragonite|Dragonite, M|324\/324
|turn|4
|callback|decision
|
|move|p1a: Breloom|Spore|p2a: Dragonite
|-status|p2a: Dragonite|slp
|-enditem|p2a: Dragonite|Lum Berry|[eat]
|-curestatus|p2a: Dragonite|slp
|move|p2a: Dragonite|Fire Punch|p1a: Breloom
|-supereffective|p1a: Breloom
|-damage|p1a: Breloom|12\/262
|-status|p1a: Breloom|brn
|
|-damage|p1a: Breloom|0 fnt|[from] brn
|faint|p1a: Breloom
|callback|decision
|
|switch|p1a: Latios|Latios, M|302\/302
|-damage|p1a: Latios|265\/302|[from] Stealth Rock
|turn|5
|callback|decision
|chat|Hades974|ugh
|chat|Hades974|no stealth rock
|
|move|p2a: Dragonite|ExtremeSpeed|p1a: Latios
|-damage|p1a: Latios|125\/302
|move|p1a: Latios|Draco Meteor|p2a: Dragonite
|-supereffective|p2a: Dragonite
|-damage|p2a: Dragonite|81\/324
|-unboost|p1a: Latios|spa|2
|
|turn|6
|callback|decision
|
|move|p1a: Latios|Draco Meteor|p2a: Dragonite
|-supereffective|p2a: Dragonite
|-damage|p2a: Dragonite|0 fnt
|-unboost|p1a: Latios|spa|2
|faint|p2a: Dragonite
|
|callback|decision
|
|switch|p2a: Mamoswine|Mamoswine, M|362\/362
|turn|7
|callback|decision
|
|move|p2a: Mamoswine|Ice Shard|p1a: Latios
|-supereffective|p1a: Latios
|-damage|p1a: Latios|0 fnt
|-damage|p2a: Mamoswine|326\/362|[from] item: Life Orb
|faint|p1a: Latios
|
|callback|decision
|
|switch|p1a: Scizor|Scizor, F|343\/343
|-damage|p1a: Scizor|301\/343|[from] Stealth Rock
|turn|8
|callback|decision
|
|move|p2a: Mamoswine|Earthquake|p1a: Scizor
|-damage|p1a: Scizor|101\/343
|-damage|p2a: Mamoswine|290\/362|[from] item: Life Orb
|move|p1a: Scizor|U-turn|p2a: Mamoswine
|-damage|p2a: Mamoswine|176\/362
|callback|decision
|
|switch|p1a: Keldeo-Resolute|Keldeo-Resolute|323\/323
|-damage|p1a: Keldeo-Resolute|303\/323|[from] Stealth Rock
|
|turn|9
|callback|decision
|
|switch|p2a: Breloom|Breloom, M|262\/262
|move|p1a: Keldeo-Resolute|Surf|p2a: Breloom
|-resisted|p2a: Breloom
|-damage|p2a: Breloom|67\/262
|
|-sideend|p2: Hades974|Reflect
|turn|10
|callback|decision
|
|move|p2a: Breloom|Mach Punch|p1a: Keldeo-Resolute
|-damage|p1a: Keldeo-Resolute|143\/323
|-damage|p2a: Breloom|41\/262|[from] item: Life Orb
|move|p1a: Keldeo-Resolute|Surf|p2a: Breloom
|-resisted|p2a: Breloom
|-damage|p2a: Breloom|0 fnt
|faint|p2a: Breloom
|
|callback|decision
|
|switch|p2a: Starmie|Starmie|262\/262
|turn|11
|callback|decision
|
|move|p2a: Starmie|Psyshock|p1a: Keldeo-Resolute
|-supereffective|p1a: Keldeo-Resolute
|-damage|p1a: Keldeo-Resolute|0 fnt
|-damage|p2a: Starmie|236\/262|[from] item: Life Orb
|faint|p1a: Keldeo-Resolute
|
|callback|decision
|
|switch|p1a: Scizor|Scizor, F|101\/343
|-damage|p1a: Scizor|59\/343|[from] Stealth Rock
|turn|12
|callback|decision
|
|move|p1a: Scizor|Bullet Punch|p2a: Starmie
|-resisted|p2a: Starmie
|-damage|p2a: Starmie|143\/262
|move|p2a: Starmie|Thunderbolt|p1a: Scizor
|-damage|p1a: Scizor|0 fnt
|-damage|p2a: Starmie|117\/262|[from] item: Life Orb
|faint|p1a: Scizor
|
|callback|decision
|
|switch|p1a: Dragonite|Dragonite, M|324\/324
|-damage|p1a: Dragonite|243\/324|[from] Stealth Rock
|turn|13
|callback|decision
|chat|Hades974|hum
|chat|Hades974|i guess a gg except with crit
|
|move|p1a: Dragonite|ExtremeSpeed|p2a: Starmie
|-damage|p2a: Starmie|0 fnt
|faint|p2a: Starmie
|
|callback|decision
|
|switch|p2a: Mamoswine|Mamoswine, M|176\/362
|turn|14
|callback|decision
|
|move|p1a: Dragonite|ExtremeSpeed|p2a: Mamoswine
|-damage|p2a: Mamoswine|50\/362
|move|p2a: Mamoswine|Ice Shard|p1a: Dragonite
|-supereffective|p1a: Dragonite
|-damage|p1a: Dragonite|0 fnt
|-damage|p2a: Mamoswine|14\/362|[from] item: Life Orb
|faint|p1a: Dragonite
|
|callback|decision
|
|switch|p1a: Thundurus-Therian|Thundurus-Therian, M|300\/300
|-damage|p1a: Thundurus-Therian|225\/300|[from] Stealth Rock
|turn|15
|callback|decision
|
|move|p2a: Mamoswine|Ice Shard|p1a: Thundurus-Therian
|-supereffective|p1a: Thundurus-Therian
|-damage|p1a: Thundurus-Therian|20\/300
|-damage|p2a: Mamoswine|0 fnt|[from] item: Life Orb
|faint|p2a: Mamoswine
|move|p1a: Thundurus-Therian|Agility|p1a: Thundurus-Therian
|-boost|p1a: Thundurus-Therian|spe|2
|
|callback|decision
|
|switch|p2a: Zeus974|Lucario, F|282\/282
|turn|16
|callback|decision
|
|move|p2a: Zeus974|ExtremeSpeed|p1a: Thundurus-Therian
|-damage|p1a: Thundurus-Therian|0 fnt
|-damage|p2a: Zeus974|254\/282|[from] item: Life Orb
|faint|p1a: Thundurus-Therian
|
|win|Hades974
|raw|Ladder updating...
|raw|taw's rating: 1997 &rarr; <strong>1994<\/strong><br \/>(-3 for losing)
|raw|Hades974's rating: 1972 &rarr; <strong>1977<\/strong><br \/>(+5 for winning)
|chat|Hades974|gg
|chat|taw|gg