|join|Lucksray
|join|taw
|player|p1|Lucksray|2
|player|p2|taw|257
|gametype|singles
|tier|OU
|rated
|rule|Evasion Abilities Clause: Evasion abilities are banned
|clearpoke
|poke|p1|Rotom-Wash
|poke|p1|Gliscor, M
|poke|p1|Starmie
|poke|p1|Infernape, F
|poke|p1|Gengar, M
|poke|p1|Metagross
|poke|p2|Celebi
|poke|p2|Alakazam, F
|poke|p2|Chandelure, F
|poke|p2|Forretress, F
|poke|p2|Weavile, F
|poke|p2|Garchomp, M
|rule|Sleep Clause Mod: Limit one foe put to sleep
|rule|Species Clause: Limit one of each Pokemon
|rule|OHKO Clause: OHKO moves are banned
|rule|Moody Clause: Moody is banned
|rule|Evasion Moves Clause: Evasion moves are banned
|rule|HP Percentage Mod: HP is reported as percentages
|teampreview
|callback|decision
|
|start
|switch|p1a: Rotom-Wash|Rotom-Wash|241\/241
|switch|p2a: Garchomp|Garchomp, M|358\/358
|turn|1
|callback|decision
|
|move|p1a: Rotom-Wash|Hidden Power|p2a: Garchomp
|-crit|p2a: Garchomp
|-supereffective|p2a: Garchomp
|-damage|p2a: Garchomp|0 fnt
|faint|p2a: Garchomp
|
|callback|decision
|
|switch|p2a: Celebi|Celebi|404\/404
|turn|2
|callback|decision
|chat|taw|hax
|
|switch|p1a: Metagross|Metagross|364\/364
|move|p2a: Celebi|Nasty Plot|p2a: Celebi
|-boost|p2a: Celebi|spa|2
|
|turn|3
|callback|decision
|
|move|p2a: Celebi|Nasty Plot|p2a: Celebi
|-boost|p2a: Celebi|spa|2
|move|p1a: Metagross|Meteor Mash|p2a: Celebi
|-damage|p2a: Celebi|82\/404
|
|-heal|p2a: Celebi|107\/404|[from] item: Leftovers
|turn|4
|callback|decision
|
|switch|p1a: Gengar|Gengar, M|262\/262
|move|p2a: Celebi|Baton Pass|p2a: Celebi
|callback|decision
|
|switch|p2a: Alakazam|Alakazam, F|252\/252
|
|turn|5
|callback|decision
|
|move|p2a: Alakazam|Shadow Ball|p1a: Gengar
|-supereffective|p1a: Gengar
|-damage|p1a: Gengar|0 fnt
|faint|p1a: Gengar
|
|callback|decision
|
|switch|p1a: Metagross|Metagross|364\/364
|turn|6
|callback|decision
|
|move|p2a: Alakazam|Hidden Power|p1a: Metagross
|-supereffective|p1a: Metagross
|-damage|p1a: Metagross|0 fnt
|faint|p1a: Metagross
|
|callback|decision
|
|switch|p1a: Rotom-Wash|Rotom-Wash|241\/241
|turn|7
|callback|decision
|
|move|p1a: Rotom-Wash|Volt Switch|p2a: Alakazam
|-damage|p2a: Alakazam|117\/252
|callback|decision
|
|switch|p1a: Gliscor|Gliscor, M|354\/354
|move|p2a: Alakazam|Psyshock|p1a: Gliscor
|-damage|p1a: Gliscor|63\/354
|
|-heal|p1a: Gliscor|85\/354|[from] item: Leftovers
|turn|8
|callback|decision
|
|move|p2a: Alakazam|Psyshock|p1a: Gliscor
|-damage|p1a: Gliscor|0 fnt
|faint|p1a: Gliscor
|
|callback|decision
|
|switch|p1a: Rotom-Wash|Rotom-Wash|241\/241
|turn|9
|callback|decision
|
|move|p1a: Rotom-Wash|Volt Switch|p2a: Alakazam
|-damage|p2a: Alakazam|0 fnt
|faint|p2a: Alakazam
|callback|decision
|
|switch|p1a: Infernape|Infernape, F|293\/293
|
|callback|decision
|
|switch|p2a: Chandelure|Chandelure, F|261\/261
|turn|10
|callback|decision
|
|switch|p1a: Rotom-Wash|Rotom-Wash|241\/241
|move|p2a: Chandelure|Shadow Ball|p1a: Rotom-Wash
|-damage|p1a: Rotom-Wash|108\/241
|
|turn|11
|callback|decision
|
|move|p1a: Rotom-Wash|Hydro Pump|p2a: Chandelure|[miss]
|-miss|p1a: Rotom-Wash|p2a: Chandelure
|move|p2a: Chandelure|Shadow Ball|p1a: Rotom-Wash
|-damage|p1a: Rotom-Wash|0 fnt
|faint|p1a: Rotom-Wash
|
|callback|decision
|
|switch|p1a: Starmie|Starmie|261\/261
|turn|12
|callback|decision
|
|move|p2a: Chandelure|Shadow Ball|p1a: Starmie
|-supereffective|p1a: Starmie
|-damage|p1a: Starmie|0 fnt
|faint|p1a: Starmie
|
|callback|decision
|-message|Lucksray forfeited.
|
|win|taw
|raw|Ladder updating...
|leave|Lucksray
|player|p1
|raw|Lucksray's rating: 2072 &rarr; <strong>2068<\/strong><br \/>(-4 for losing)
|raw|taw's rating: 2014 &rarr; <strong>2018<\/strong><br \/>(+4 for winning)