|join|yes_im_a_girl
|join|taw
|player|p1|yes_im_a_girl|112
|player|p2|taw|257
|gametype|singles
|tier|OU
|rated
|rule|Evasion Abilities Clause: Evasion abilities are banned
|clearpoke
|poke|p1|Dragonite, M
|poke|p1|Kyurem-Black
|poke|p1|Latios, M
|poke|p1|Magnezone
|poke|p1|Jirachi
|poke|p1|Aerodactyl, M
|poke|p2|Celebi
|poke|p2|Alakazam, F
|poke|p2|Chandelure, F
|poke|p2|Forretress, M
|poke|p2|Weavile, F
|poke|p2|Garchomp, M
|rule|Sleep Clause Mod: Limit one foe put to sleep
|rule|Species Clause: Limit one of each Pokemon
|rule|OHKO Clause: OHKO moves are banned
|rule|Moody Clause: Moody is banned
|rule|Evasion Moves Clause: Evasion moves are banned
|rule|HP Percentage Mod: HP is reported as percentages
|teampreview
|callback|decision
|
|start
|switch|p1a: Kyurem-Black|Kyurem-Black|403\/403
|switch|p2a: Garchomp|Garchomp, M|358\/358
|-ability|p1a: Kyurem-Black|Teravolt
|turn|1
|callback|decision
|
|move|p2a: Garchomp|Outrage|p1a: Kyurem-Black
|-enditem|p2a: Garchomp|Dragon Gem|[from] gem|[move] Outrage
|-supereffective|p1a: Kyurem-Black
|-damage|p1a: Kyurem-Black|0 fnt
|faint|p1a: Kyurem-Black
|
|callback|decision
|
|switch|p1a: Jirachi|Jirachi|341\/341
|turn|2
|callback|decision
|
|move|p1a: Jirachi|Ice Punch|p2a: Garchomp
|-supereffective|p2a: Garchomp
|-damage|p2a: Garchomp|66\/358
|-damage|p1a: Jirachi|299\/341|[from] ability: Rough Skin|[of] p2a: Garchomp
|move|p2a: Garchomp|Outrage|p1a: Jirachi
|-resisted|p1a: Jirachi
|-damage|p1a: Jirachi|183\/341
|
|-end|p2a: Garchomp|rampage
|-start|p2a: Garchomp|confusion
|turn|3
|callback|decision
|
|switch|p2a: Forretress|Forretress, M|354\/354
|move|p1a: Jirachi|Ice Punch|p2a: Forretress
|-resisted|p2a: Forretress
|-damage|p2a: Forretress|326\/354
|
|-heal|p2a: Forretress|348\/354|[from] item: Leftovers
|turn|4
|callback|decision
|
|switch|p1a: Magnezone|Magnezone|344\/344
|move|p2a: Forretress|Volt Switch|p1a: Magnezone
|-resisted|p1a: Magnezone
|-damage|p1a: Magnezone|325\/344
|callback|decision
|
|switch|p2a: Garchomp|Garchomp, M|66\/358
|
|turn|5
|callback|decision
|
|move|p2a: Garchomp|Earthquake|p1a: Magnezone
|-supereffective|p1a: Magnezone
|-damage|p1a: Magnezone|0 fnt
|faint|p1a: Magnezone
|
|callback|decision
|
|switch|p1a: Latios|Latios, M|302\/302
|turn|6
|callback|decision
|
|move|p1a: Latios|Surf|p2a: Garchomp
|-crit|p2a: Garchomp
|-damage|p2a: Garchomp|0 fnt
|faint|p2a: Garchomp
|
|callback|decision
|
|switch|p2a: Celebi|Celebi|404\/404
|turn|7
|callback|decision
|
|switch|p1a: Jirachi|Jirachi|183\/341
|move|p2a: Celebi|Nasty Plot|p2a: Celebi
|-boost|p2a: Celebi|spa|2
|
|turn|8
|callback|decision
|
|move|p1a: Jirachi|U-turn|p2a: Celebi
|-supereffective|p2a: Celebi
|-damage|p2a: Celebi|108\/404
|callback|decision
|
|switch|p1a: Dragonite|Dragonite, M|324\/324
|move|p2a: Celebi|Baton Pass|p2a: Celebi
|callback|decision
|
|switch|p2a: Chandelure|Chandelure, F|261\/261
|
|turn|9
|callback|decision
|
|move|p2a: Chandelure|Shadow Ball|p1a: Dragonite
|-damage|p1a: Dragonite|177\/324
|move|p1a: Dragonite|Dragon Dance|p1a: Dragonite
|-boost|p1a: Dragonite|atk|1
|-boost|p1a: Dragonite|spe|1
|
|turn|10
|callback|decision
|
|move|p2a: Chandelure|Shadow Ball|p1a: Dragonite
|-damage|p1a: Dragonite|0 fnt
|faint|p1a: Dragonite
|
|callback|decision
|chat|taw|bad choice
|-message|yes_im_a_girl forfeited.
|
|win|taw
|raw|Ladder updating...
|raw|yes_im_a_girl's rating: 2024 &rarr; <strong>2001<\/strong><br \/>(-23 for losing)
|raw|taw's rating: 1997 &rarr; <strong>2001<\/strong><br \/>(+4 for winning)
|leave|yes_im_a_girl
|player|p1