|join|taw
|join|ron11
|player|p1|taw|257
|player|p2|ron11|293
|gametype|singles
|tier|OU
|rated
|rule|Evasion Abilities Clause: Evasion abilities are banned
|clearpoke
|poke|p1|Celebi
|poke|p1|Alakazam, F
|poke|p1|Chandelure, F
|poke|p1|Forretress, M
|poke|p1|Weavile, M
|poke|p1|Garchomp, M
|poke|p2|Rotom-Wash
|poke|p2|Politoed, M
|poke|p2|Ferrothorn, M
|poke|p2|Scizor, M
|poke|p2|Feraligatr, F
|poke|p2|Xatu, M
|rule|Sleep Clause Mod: Limit one foe put to sleep
|rule|Species Clause: Limit one of each Pokemon
|rule|OHKO Clause: OHKO moves are banned
|rule|Moody Clause: Moody is banned
|rule|Evasion Moves Clause: Evasion moves are banned
|rule|HP Percentage Mod: HP is reported as percentages
|teampreview
|callback|decision
|
|start
|switch|p1a: Garchomp|Garchomp, M|358\/358
|switch|p2a: Rotom-Wash|Rotom-Wash|241\/241
|turn|1
|callback|decision
|
|move|p2a: Rotom-Wash|Hydro Pump|p1a: Garchomp
|-damage|p1a: Garchomp|138\/358
|move|p1a: Garchomp|Stealth Rock|p2a: Rotom-Wash
|-sidestart|p2: ron11|move: Stealth Rock
|
|turn|2
|callback|decision
|
|switch|p1a: Celebi|Celebi|404\/404
|move|p2a: Rotom-Wash|Hydro Pump|p1a: Celebi|[miss]
|-miss|p2a: Rotom-Wash|p1a: Celebi
|
|turn|3
|callback|decision
|
|switch|p2a: Ferrothorn|Ferrothorn, M|352\/352
|-damage|p2a: Ferrothorn|330\/352|[from] Stealth Rock
|move|p1a: Celebi|Nasty Plot|p1a: Celebi
|-boost|p1a: Celebi|spa|2
|
|-heal|p2a: Ferrothorn|352\/352|[from] item: Leftovers
|turn|4
|callback|decision
|
|move|p1a: Celebi|Nasty Plot|p1a: Celebi
|-boost|p1a: Celebi|spa|2
|move|p2a: Ferrothorn|Gyro Ball|p1a: Celebi
|-damage|p1a: Celebi|308\/404
|
|-heal|p1a: Celebi|333\/404|[from] item: Leftovers
|turn|5
|callback|decision
|
|move|p1a: Celebi|Nasty Plot|p1a: Celebi
|-boost|p1a: Celebi|spa|2
|move|p2a: Ferrothorn|Leech Seed|p1a: Celebi
|-immune|p1a: Celebi|[msg]
|
|-heal|p1a: Celebi|358\/404|[from] item: Leftovers
|turn|6
|callback|decision
|
|switch|p2a: Politoed|Politoed, M|321\/321
|-damage|p2a: Politoed|281\/321|[from] Stealth Rock
|-weather|RainDance|[from] ability: Drizzle|[of] p2a: Politoed
|move|p1a: Celebi|Giga Drain|p2a: Politoed
|-supereffective|p2a: Politoed
|-damage|p2a: Politoed|0 fnt
|-heal|p1a: Celebi|404\/404|[from] drain|[of] p2a: Politoed
|faint|p2a: Politoed
|
|-weather|RainDance|[upkeep]
|callback|decision
|
|switch|p2a: Ferrothorn|Ferrothorn, M|352\/352
|-damage|p2a: Ferrothorn|330\/352|[from] Stealth Rock
|turn|7
|callback|decision
|
|move|p1a: Celebi|Giga Drain|p2a: Ferrothorn
|-resisted|p2a: Ferrothorn
|-damage|p2a: Ferrothorn|268\/352
|move|p2a: Ferrothorn|Spikes|p1a: Celebi
|-sidestart|p1: taw|Spikes
|
|-weather|RainDance|[upkeep]
|-heal|p2a: Ferrothorn|290\/352|[from] item: Leftovers
|turn|8
|callback|decision
|
|move|p1a: Celebi|Baton Pass|p1a: Celebi
|callback|decision
|
|switch|p1a: Alakazam|Alakazam, F|252\/252
|move|p2a: Ferrothorn|Spikes|p1a: Alakazam
|-sidestart|p1: taw|Spikes
|
|-weather|RainDance|[upkeep]
|-heal|p2a: Ferrothorn|312\/352|[from] item: Leftovers
|turn|9
|callback|decision
|
|move|p1a: Alakazam|Hidden Power|p2a: Ferrothorn
|-supereffective|p2a: Ferrothorn
|-damage|p2a: Ferrothorn|0 fnt
|faint|p2a: Ferrothorn
|
|-weather|RainDance|[upkeep]
|callback|decision
|
|switch|p2a: Rotom-Wash|Rotom-Wash|241\/241
|-damage|p2a: Rotom-Wash|211\/241|[from] Stealth Rock
|turn|10
|callback|decision
|
|move|p2a: Rotom-Wash|Hydro Pump|p1a: Alakazam
|-enditem|p1a: Alakazam|Focus Sash
|-damage|p1a: Alakazam|1\/252
|move|p1a: Alakazam|Psyshock|p2a: Rotom-Wash
|-damage|p2a: Rotom-Wash|0 fnt
|faint|p2a: Rotom-Wash
|
|-weather|RainDance|[upkeep]
|callback|decision
|
|switch|p2a: Scizor|Scizor, M|343\/343
|-damage|p2a: Scizor|301\/343|[from] Stealth Rock
|turn|11
|callback|decision
|
|switch|p1a: Forretress|Forretress, M|354\/354
|-damage|p1a: Forretress|295\/354|[from] Spikes
|move|p2a: Scizor|Bullet Punch|p1a: Forretress
|-resisted|p1a: Forretress
|-damage|p1a: Forretress|224\/354
|
|-weather|RainDance|[upkeep]
|-heal|p1a: Forretress|246\/354|[from] item: Leftovers
|turn|12
|callback|decision
|
|switch|p2a: Xatu|Xatu, M|333\/333
|-damage|p2a: Xatu|250\/333|[from] Stealth Rock
|move|p1a: Forretress|Rapid Spin|p2a: Xatu
|-damage|p2a: Xatu|236\/333
|-sideend|p1: taw|Spikes|[from] move: Rapid Spin|[of] p1a: Forretress
|
|-weather|RainDance|[upkeep]
|-heal|p2a: Xatu|256\/333|[from] item: Leftovers
|-heal|p1a: Forretress|268\/354|[from] item: Leftovers
|turn|13
|callback|decision
|
|move|p2a: Xatu|Thunder Wave|p1a: Forretress
|-status|p1a: Forretress|par
|move|p1a: Forretress|Volt Switch|p2a: Xatu
|-crit|p2a: Xatu
|-supereffective|p2a: Xatu
|-damage|p2a: Xatu|74\/333
|callback|decision
|
|switch|p1a: Alakazam|Alakazam, F|1\/252
|
|-weather|RainDance|[upkeep]
|-heal|p2a: Xatu|94\/333|[from] item: Leftovers
|turn|14
|callback|decision
|
|move|p1a: Alakazam|Shadow Ball|p2a: Xatu
|-supereffective|p2a: Xatu
|-damage|p2a: Xatu|0 fnt
|faint|p2a: Xatu
|
|-weather|RainDance|[upkeep]
|callback|decision
|
|switch|p2a: Feraligatr|Feraligatr, F|373\/373
|-damage|p2a: Feraligatr|327\/373|[from] Stealth Rock
|turn|15
|callback|decision
|
|move|p2a: Feraligatr|Aqua Jet|p1a: Alakazam
|-damage|p1a: Alakazam|0 fnt
|faint|p1a: Alakazam
|
|-weather|RainDance|[upkeep]
|callback|decision
|
|switch|p1a: Celebi|Celebi|404\/404
|turn|16
|callback|decision
|
|switch|p2a: Scizor|Scizor, M|301\/343
|-damage|p2a: Scizor|259\/343|[from] Stealth Rock
|move|p1a: Celebi|Giga Drain|p2a: Scizor
|-resisted|p2a: Scizor
|-damage|p2a: Scizor|234\/343
|
|-weather|RainDance|[upkeep]
|turn|17
|callback|decision
|
|switch|p1a: Forretress|Forretress, M|268\/354 par
|move|p2a: Scizor|U-turn|p1a: Forretress
|-resisted|p1a: Forretress
|-damage|p1a: Forretress|189\/354 par
|callback|decision
|
|switch|p2a: Feraligatr|Feraligatr, F|327\/373
|-damage|p2a: Feraligatr|281\/373|[from] Stealth Rock
|
|-weather|RainDance|[upkeep]
|-heal|p1a: Forretress|211\/354 par|[from] item: Leftovers
|turn|18
|callback|decision
|
|move|p2a: Feraligatr|Waterfall|p1a: Forretress
|-damage|p1a: Forretress|42\/354 par
|move|p1a: Forretress|Volt Switch|p2a: Feraligatr
|-supereffective|p2a: Feraligatr
|-damage|p2a: Feraligatr|191\/373
|callback|decision
|
|switch|p1a: Garchomp|Garchomp, M|138\/358
|
|-weather|RainDance|[upkeep]
|turn|19
|callback|decision
|
|move|p2a: Feraligatr|Aqua Jet|p1a: Garchomp
|-damage|p1a: Garchomp|5\/358
|-damage|p2a: Feraligatr|145\/373|[from] ability: Rough Skin|[of] p1a: Garchomp
|move|p1a: Garchomp|Earthquake|p2a: Feraligatr
|-damage|p2a: Feraligatr|0 fnt
|faint|p2a: Feraligatr
|
|-weather|RainDance|[upkeep]
|callback|decision
|
|switch|p2a: Scizor|Scizor, M|234\/343
|-damage|p2a: Scizor|192\/343|[from] Stealth Rock
|turn|20
|callback|decision
|
|move|p2a: Scizor|Bullet Punch|p1a: Garchomp
|-damage|p1a: Garchomp|0 fnt
|-damage|p2a: Scizor|150\/343|[from] ability: Rough Skin|[of] p1a: Garchomp
|faint|p1a: Garchomp
|
|-weather|RainDance|[upkeep]
|callback|decision
|
|switch|p1a: Chandelure|Chandelure, F|261\/261
|turn|21
|callback|decision
|
|move|p2a: Scizor|Bullet Punch|p1a: Chandelure
|-resisted|p1a: Chandelure
|-damage|p1a: Chandelure|162\/261
|move|p1a: Chandelure|Flamethrower|p2a: Scizor
|-supereffective|p2a: Scizor
|-damage|p2a: Scizor|0 fnt
|faint|p2a: Scizor
|
|win|taw
|raw|Ladder updating...
|raw|taw's rating: 2005 &rarr; <strong>2007<\/strong><br \/>(+2 for winning)
|raw|ron11's rating: 1871 &rarr; <strong>1869<\/strong><br \/>(-2 for losing)
|leave|ron11
|player|p2
|chat|taw|gg