|join|taw
|join|juthebutt
|player|p1|taw|257
|player|p2|juthebutt|124
|gametype|singles
|tier|OU
|rated
|rule|Evasion Abilities Clause: Evasion abilities are banned
|clearpoke
|poke|p1|Celebi
|poke|p1|Alakazam, F
|poke|p1|Chandelure, F
|poke|p1|Forretress, M
|poke|p1|Weavile, M
|poke|p1|Garchomp, M
|poke|p2|Keldeo
|poke|p2|Jirachi
|poke|p2|Scizor, F
|poke|p2|Rotom-Wash
|poke|p2|Dragonite, F
|poke|p2|Garchomp, F
|rule|Sleep Clause Mod: Limit one foe put to sleep
|rule|Species Clause: Limit one of each Pokemon
|rule|OHKO Clause: OHKO moves are banned
|rule|Moody Clause: Moody is banned
|rule|Evasion Moves Clause: Evasion moves are banned
|rule|HP Percentage Mod: HP is reported as percentages
|teampreview
|callback|decision
|
|start
|switch|p1a: Garchomp|Garchomp, M|358\/358
|switch|p2a: Rotom-Wash|Rotom-Wash|303\/303
|turn|1
|callback|decision
|
|move|p1a: Garchomp|Stealth Rock|p2a: Rotom-Wash
|-sidestart|p2: juthebutt|move: Stealth Rock
|move|p2a: Rotom-Wash|Hidden Power|p1a: Garchomp
|-supereffective|p1a: Garchomp
|-damage|p1a: Garchomp|42\/358
|
|turn|2
|callback|decision
|
|move|p1a: Garchomp|Outrage|p2a: Rotom-Wash
|-enditem|p1a: Garchomp|Dragon Gem|[from] gem|[move] Outrage
|-damage|p2a: Rotom-Wash|21\/303
|move|p2a: Rotom-Wash|Hidden Power|p1a: Garchomp
|-supereffective|p1a: Garchomp
|-damage|p1a: Garchomp|0 fnt
|faint|p1a: Garchomp
|
|-heal|p2a: Rotom-Wash|39\/303|[from] item: Leftovers
|callback|decision
|
|switch|p1a: Celebi|Celebi|404\/404
|turn|3
|callback|decision
|
|move|p2a: Rotom-Wash|Hidden Power|p1a: Celebi
|-supereffective|p1a: Celebi
|-damage|p1a: Celebi|304\/404
|move|p1a: Celebi|Nasty Plot|p1a: Celebi
|-boost|p1a: Celebi|spa|2
|
|-heal|p2a: Rotom-Wash|57\/303|[from] item: Leftovers
|-heal|p1a: Celebi|329\/404|[from] item: Leftovers
|turn|4
|callback|decision
|
|move|p2a: Rotom-Wash|Volt Switch|p1a: Celebi
|-crit|p1a: Celebi
|-resisted|p1a: Celebi
|-damage|p1a: Celebi|253\/404
|callback|decision
|
|switch|p2a: Garchomp|Garchomp, F|358\/358
|-damage|p2a: Garchomp|336\/358|[from] Stealth Rock
|move|p1a: Celebi|Baton Pass|p1a: Celebi
|callback|decision
|chat|taw|I won't fall for your rachi with this team
|
|switch|p1a: Alakazam|Alakazam, F|252\/252
|
|turn|5
|callback|decision
|
|move|p2a: Garchomp|Rock Slide|p1a: Alakazam
|-damage|p1a: Alakazam|86\/252
|move|p1a: Alakazam|Psyshock|p2a: Garchomp
|-damage|p2a: Garchomp|39\/358
|
|turn|6
|callback|decision
|
|switch|p1a: Celebi|Celebi|253\/404
|move|p2a: Garchomp|Rock Slide|p1a: Celebi
|-damage|p1a: Celebi|165\/404
|
|-heal|p1a: Celebi|190\/404|[from] item: Leftovers
|turn|7
|callback|decision
|
|move|p2a: Garchomp|Rock Slide|p1a: Celebi
|-damage|p1a: Celebi|94\/404
|move|p1a: Celebi|Recover|p1a: Celebi
|-heal|p1a: Celebi|296\/404
|
|-heal|p1a: Celebi|321\/404|[from] item: Leftovers
|turn|8
|callback|decision
|
|move|p2a: Garchomp|Rock Slide|p1a: Celebi
|-damage|p1a: Celebi|239\/404
|cant|p1a: Celebi|flinch
|
|-heal|p1a: Celebi|264\/404|[from] item: Leftovers
|turn|9
|callback|decision
|
|move|p2a: Garchomp|Rock Slide|p1a: Celebi
|-damage|p1a: Celebi|181\/404
|move|p1a: Celebi|Recover|p1a: Celebi
|-heal|p1a: Celebi|383\/404
|
|-heal|p1a: Celebi|404\/404|[from] item: Leftovers
|turn|10
|callback|decision
|
|move|p2a: Garchomp|Rock Slide|p1a: Celebi
|-damage|p1a: Celebi|307\/404
|move|p1a: Celebi|Nasty Plot|p1a: Celebi
|-boost|p1a: Celebi|spa|2
|
|-heal|p1a: Celebi|332\/404|[from] item: Leftovers
|turn|11
|callback|decision
|
|move|p2a: Garchomp|Rock Slide|p1a: Celebi
|-damage|p1a: Celebi|250\/404
|cant|p1a: Celebi|flinch
|
|-heal|p1a: Celebi|275\/404|[from] item: Leftovers
|turn|12
|callback|decision
|
|move|p2a: Garchomp|Rock Slide|p1a: Celebi
|-damage|p1a: Celebi|183\/404
|move|p1a: Celebi|Recover|p1a: Celebi
|-heal|p1a: Celebi|385\/404
|
|-heal|p1a: Celebi|404\/404|[from] item: Leftovers
|turn|13
|callback|decision
|
|move|p2a: Garchomp|Rock Slide|p1a: Celebi
|-damage|p1a: Celebi|311\/404
|cant|p1a: Celebi|flinch
|
|-heal|p1a: Celebi|336\/404|[from] item: Leftovers
|turn|14
|callback|decision
|
|move|p2a: Garchomp|Rock Slide|p1a: Celebi
|-damage|p1a: Celebi|244\/404
|move|p1a: Celebi|Nasty Plot|p1a: Celebi
|-boost|p1a: Celebi|spa|2
|
|-heal|p1a: Celebi|269\/404|[from] item: Leftovers
|turn|15
|callback|decision
|
|move|p2a: Garchomp|Rock Slide|p1a: Celebi
|-damage|p1a: Celebi|187\/404
|move|p1a: Celebi|Recover|p1a: Celebi
|-heal|p1a: Celebi|389\/404
|
|-heal|p1a: Celebi|404\/404|[from] item: Leftovers
|turn|16
|callback|decision
|
|move|p2a: Garchomp|Rock Slide|p1a: Celebi
|-damage|p1a: Celebi|310\/404
|cant|p1a: Celebi|flinch
|
|-heal|p1a: Celebi|335\/404|[from] item: Leftovers
|turn|17
|callback|decision
|chat|taw|it's so not 20%
|
|move|p2a: Garchomp|Rock Slide|p1a: Celebi
|-damage|p1a: Celebi|239\/404
|move|p1a: Celebi|Nasty Plot|p1a: Celebi
|-boost|p1a: Celebi|spa|2
|
|-heal|p1a: Celebi|264\/404|[from] item: Leftovers
|turn|18
|callback|decision
|
|move|p2a: Garchomp|Rock Slide|p1a: Celebi
|-damage|p1a: Celebi|179\/404
|move|p1a: Celebi|Recover|p1a: Celebi
|-heal|p1a: Celebi|381\/404
|
|-heal|p1a: Celebi|404\/404|[from] item: Leftovers
|turn|19
|callback|decision
|
|move|p2a: Garchomp|Rock Slide|p1a: Celebi
|-miss|p2a: Garchomp|p1a: Celebi
|move|p1a: Celebi|Giga Drain|p2a: Garchomp
|-damage|p2a: Garchomp|0 fnt
|faint|p2a: Garchomp
|
|callback|decision
|
|switch|p2a: Dragonite|Dragonite, F|323\/323
|-damage|p2a: Dragonite|243\/323|[from] Stealth Rock
|turn|20
|callback|decision
|
|move|p2a: Dragonite|Dragon Dance|p2a: Dragonite
|-boost|p2a: Dragonite|atk|1
|-boost|p2a: Dragonite|spe|1
|move|p1a: Celebi|Baton Pass|p1a: Celebi
|callback|decision
|
|switch|p1a: Chandelure|Chandelure, F|261\/261
|
|turn|21
|callback|decision
|
|move|p1a: Chandelure|Flamethrower|p2a: Dragonite
|-resisted|p2a: Dragonite
|-damage|p2a: Dragonite|0 fnt
|faint|p2a: Dragonite
|
|callback|decision
|chat|juthebutt|scafr?
|chat|taw|yes
|
|switch|p2a: Keldeo|Keldeo|323\/323
|-damage|p2a: Keldeo|303\/323|[from] Stealth Rock
|turn|22
|callback|decision
|
|move|p1a: Chandelure|Flamethrower|p2a: Keldeo
|-resisted|p2a: Keldeo
|-damage|p2a: Keldeo|0 fnt
|faint|p2a: Keldeo
|
|callback|decision
|chat|juthebutt|gg
|chat|taw|gg
|
|switch|p2a: Scizor|Scizor, F|343\/343
|-damage|p2a: Scizor|301\/343|[from] Stealth Rock
|turn|23
|callback|decision
|
|move|p2a: Scizor|Bullet Punch|p1a: Chandelure
|-resisted|p1a: Chandelure
|-damage|p1a: Chandelure|162\/261
|move|p1a: Chandelure|Flamethrower|p2a: Scizor
|-supereffective|p2a: Scizor
|-damage|p2a: Scizor|0 fnt
|faint|p2a: Scizor
|
|callback|decision
|
|switch|p2a: Rotom-Wash|Rotom-Wash|57\/303
|-damage|p2a: Rotom-Wash|20\/303|[from] Stealth Rock
|turn|24
|callback|decision
|chat|taw|this guy has extremely high spA
|
|move|p1a: Chandelure|Flamethrower|p2a: Rotom-Wash
|-resisted|p2a: Rotom-Wash
|-damage|p2a: Rotom-Wash|0 fnt
|faint|p2a: Rotom-Wash
|
|callback|decision
|
|switch|p2a: Jirachi|Jirachi|397\/397
|-damage|p2a: Jirachi|373\/397|[from] Stealth Rock
|turn|25
|callback|decision
|chat|taw|needed to switch out the dragon when I passed
|
|move|p1a: Chandelure|Flamethrower|p2a: Jirachi
|-supereffective|p2a: Jirachi
|-damage|p2a: Jirachi|0 fnt
|faint|p2a: Jirachi
|
|win|taw
|raw|Ladder updating...
|raw|taw's rating: 2001 &rarr; <strong>2004<\/strong><br \/>(+3 for winning)
|raw|juthebutt's rating: 1944 &rarr; <strong>1941<\/strong><br \/>(-3 for losing)
|chat|taw|gg
|leave|juthebutt
|player|p2
|leave|taw
|player|p1
|join|taw