|join|taw
|join|DMG324
|player|p1|taw|266
|player|p2|DMG324|29
|gametype|singles
|gen|6
|tier|OU
|rated
|clearpoke
|poke|p1|Ambipom, F
|poke|p1|Greninja, F
|poke|p1|Conkeldurr, M
|poke|p1|Heatran, F
|poke|p1|Pinsir, M, shiny
|poke|p1|Latias, F
|poke|p2|Genesect, shiny
|poke|p2|Heatran, M
|poke|p2|Medicham, F
|poke|p2|Rotom-Wash
|poke|p2|Gliscor, F
|poke|p2|Espeon, F
|rule|Sleep Clause Mod: Limit one foe put to sleep
|rule|Species Clause: Limit one of each Pokemon
|rule|OHKO Clause: OHKO moves are banned
|rule|Moody Clause: Moody is banned
|rule|Evasion Moves Clause: Evasion moves are banned
|rule|Endless Battle Clause: Forcing endless battles is banned.
|rule|HP Percentage Mod: HP is reported as percentages
|teampreview
|
|start
|switch|p1a: Ambipom|Ambipom, F|291\/291
|switch|p2a: Rotom-Wash|Rotom-Wash|273\/273
|turn|1
|
|move|p1a: Ambipom|Fake Out|p2a: Rotom-Wash
|-damage|p2a: Rotom-Wash|170\/273
|-damage|p1a: Ambipom|262\/291|[from] item: Life Orb
|cant|p2a: Rotom-Wash|flinch
|
|-heal|p2a: Rotom-Wash|187\/273|[from] item: Leftovers
|turn|2
|
|switch|p2a: Espeon|Espeon, F|272\/272
|move|p1a: Ambipom|Double Hit|p2a: Espeon
|-damage|p2a: Espeon|119\/272
|-damage|p2a: Espeon|0 fnt
|-hitcount|p2a: Espeon|2
|-damage|p1a: Ambipom|233\/291|[from] item: Life Orb
|faint|p2a: Espeon
|
|
|switch|p2a: Medicha|Medicham, F|261\/261
|turn|3
|
|-formechange|p2a: Medicha|Medicham-Mega
|message|Medicham has Mega Evolved into Mega Medicham!
|move|p1a: Ambipom|Double Hit|p2a: Medicha
|-damage|p2a: Medicha|143\/261
|-damage|p2a: Medicha|22\/261
|-hitcount|p2a: Medicha|2
|-damage|p1a: Ambipom|204\/291|[from] item: Life Orb
|move|p2a: Medicha|Drain Punch|p1a: Ambipom
|-supereffective|p1a: Ambipom
|-damage|p1a: Ambipom|0 fnt
|-heal|p2a: Medicha|124\/261|[from] drain|[of] p1a: Ambipom
|faint|p1a: Ambipom
|
|
|switch|p1a: Pinsir|Pinsir, M, shiny|271\/271
|-ability|p1a: Pinsir|Mold Breaker
|turn|4
|
|-formechange|p1a: Pinsir|Pinsir-Mega
|message|Pinsir has Mega Evolved into Mega Pinsir!
|move|p2a: Medicha|Ice Punch|p1a: Pinsir
|-supereffective|p1a: Pinsir
|-damage|p1a: Pinsir|35\/271
|-status|p1a: Pinsir|frz
|cant|p1a: Pinsir|frz
|
|turn|5
|chat|taw|so luck :(
|
|cant|p1a: Pinsir|frz
|move|p2a: Medicha|Ice Punch|p1a: Pinsir
|-supereffective|p1a: Pinsir
|-damage|p1a: Pinsir|0 fnt
|faint|p1a: Pinsir
|
|
|switch|p1a: Greninja|Greninja, F|286\/286
|turn|6
|
|switch|p2a: Rotom-Wash|Rotom-Wash|187\/273
|-start|p1a: Greninja|typechange|Dark|[from] Protean
|move|p1a: Greninja|Dark Pulse|p2a: Rotom-Wash
|-damage|p2a: Rotom-Wash|82\/273
|-damage|p1a: Greninja|258\/286|[from] item: Life Orb
|
|-heal|p2a: Rotom-Wash|99\/273|[from] item: Leftovers
|turn|7
|
|move|p1a: Greninja|Dark Pulse|p2a: Rotom-Wash
|-damage|p2a: Rotom-Wash|0 fnt
|-damage|p1a: Greninja|230\/286|[from] item: Life Orb
|faint|p2a: Rotom-Wash
|
|
|switch|p2a: Genesect|Genesect, shiny|315\/315
|-boost|p2a: Genesect|atk|1|[from] ability: Download
|turn|8
|
|-start|p1a: Greninja|typechange|Fire|[from] Protean
|move|p1a: Greninja|Hidden Power|p2a: Genesect
|-supereffective|p2a: Genesect
|-damage|p2a: Genesect|0 fnt
|-damage|p1a: Greninja|202\/286|[from] item: Life Orb
|faint|p2a: Genesect
|
|
|switch|p2a: Gliscor|Gliscor, F|291\/291
|turn|9
|
|-start|p1a: Greninja|typechange|Ice|[from] Protean
|move|p1a: Greninja|Ice Beam|p2a: Gliscor
|-supereffective|p2a: Gliscor
|-damage|p2a: Gliscor|0 fnt
|-damage|p1a: Greninja|174\/286|[from] item: Life Orb
|faint|p2a: Gliscor
|
|
|switch|p2a: Heatran|Heatran, M|386\/386
|turn|10
|
|-start|p1a: Greninja|typechange|Water|[from] Protean
|move|p1a: Greninja|Hydro Pump|p2a: Heatran
|-supereffective|p2a: Heatran
|-damage|p2a: Heatran|105\/386
|-damage|p1a: Greninja|146\/286|[from] item: Life Orb
|move|p2a: Heatran|Flash Cannon|p1a: Greninja
|-resisted|p1a: Greninja
|-damage|p1a: Greninja|64\/286
|
|-heal|p2a: Heatran|129\/386|[from] item: Leftovers
|turn|11
|
|move|p1a: Greninja|Hydro Pump|p2a: Heatran
|-supereffective|p2a: Heatran
|-damage|p2a: Heatran|0 fnt
|-damage|p1a: Greninja|36\/286|[from] item: Life Orb
|faint|p2a: Heatran
|
|
|switch|p2a: Medicha|Medicham, F|124\/261
|-formechange|p2a: Medicha|Medicham-Mega
|turn|12
|
|move|p1a: Greninja|Hydro Pump|p2a: Medicha
|-damage|p2a: Medicha|0 fnt
|-damage|p1a: Greninja|8\/286|[from] item: Life Orb
|faint|p2a: Medicha
|
|win|taw
|raw|Ladder updating...
|raw|taw's rating: 1259 &rarr; <strong>1283<\/strong><br \/>(+24 for winning)
|raw|DMG324's rating: 1245 &rarr; <strong>1221<\/strong><br \/>(-24 for losing)
|chat|taw|gg
|leave|DMG324
|player|p2