|join|din n_n
|join|taw
|player|p1|din n_n|101
|player|p2|taw|266
|gametype|singles
|gen|6
|tier|OU
|rated
|clearpoke
|poke|p1|Heatran, F
|poke|p1|Venusaur, F
|poke|p1|Landorus-Therian, M
|poke|p1|Rotom-Wash
|poke|p1|Latias, F
|poke|p1|Conkeldurr, M
|poke|p2|Ambipom, M
|poke|p2|Greninja, M
|poke|p2|Conkeldurr, M
|poke|p2|Heatran, F
|poke|p2|Pinsir, M, shiny
|poke|p2|Latias, F
|rule|Sleep Clause Mod: Limit one foe put to sleep
|rule|Species Clause: Limit one of each Pokemon
|rule|OHKO Clause: OHKO moves are banned
|rule|Moody Clause: Moody is banned
|rule|Evasion Moves Clause: Evasion moves are banned
|rule|Endless Battle Clause: Forcing endless battles is banned.
|rule|HP Percentage Mod: HP is reported as percentages
|teampreview
|
|start
|switch|p1a: Rotom-Wash|Rotom-Wash|303\/303
|switch|p2a: Ambipom|Ambipom, M|291\/291
|turn|1
|
|move|p2a: Ambipom|Fake Out|p1a: Rotom-Wash
|-damage|p1a: Rotom-Wash|212\/303
|-damage|p2a: Ambipom|262\/291|[from] item: Life Orb
|cant|p1a: Rotom-Wash|flinch
|
|-heal|p1a: Rotom-Wash|230\/303|[from] item: Leftovers
|turn|2
|
|switch|p2a: Conkeldurr|Conkeldurr, M|360\/360
|move|p1a: Rotom-Wash|Volt Switch|p2a: Conkeldurr
|-damage|p2a: Conkeldurr|300\/360
|
|switch|p1a: Latias|Latias, F|302\/302
|
|turn|3
|
|move|p1a: Latias|Psyshock|p2a: Conkeldurr
|-supereffective|p2a: Conkeldurr
|-damage|p2a: Conkeldurr|18\/360
|move|p2a: Conkeldurr|Knock Off|p1a: Latias
|-crit|p1a: Latias
|-supereffective|p1a: Latias
|-damage|p1a: Latias|0 fnt
|faint|p1a: Latias
|
|
|switch|p1a: Venusaur|Venusaur, F|364\/364
|turn|4
|
|-formechange|p1a: Venusaur|Venusaur-Mega
|message|Venusaur has Mega Evolved into Mega Venusaur!
|move|p1a: Venusaur|Giga Drain|p2a: Conkeldurr
|-damage|p2a: Conkeldurr|0 fnt
|faint|p2a: Conkeldurr
|
|
|switch|p2a: Pinsir|Pinsir, M, shiny|271\/271
|-ability|p2a: Pinsir|Mold Breaker
|turn|5
|
|switch|p1a: Landorus-Therian|Landorus-Therian, M|368\/368
|-ability|p1a: Landorus-Therian|Intimidate|[of] p2a: Pinsir
|-unboost|p2a: Pinsir|atk|1
|-formechange|p2a: Pinsir|Pinsir-Mega
|message|Pinsir has Mega Evolved into Mega Pinsir!
|move|p2a: Pinsir|Swords Dance|p2a: Pinsir
|-boost|p2a: Pinsir|atk|2
|
|turn|6
|
|move|p2a: Pinsir|Return|p1a: Landorus-Therian
|-damage|p1a: Landorus-Therian|5\/368
|move|p1a: Landorus-Therian|Stone Edge|p2a: Pinsir
|-supereffective|p2a: Pinsir
|-damage|p2a: Pinsir|0 fnt
|faint|p2a: Pinsir
|
|-heal|p1a: Landorus-Therian|28\/368|[from] item: Leftovers
|
|switch|p2a: Ambipom|Ambipom, M|262\/291
|turn|7
|
|switch|p1a: Heatran|Heatran, F|384\/384
|move|p2a: Ambipom|Fake Out|p1a: Heatran
|-resisted|p1a: Heatran
|-damage|p1a: Heatran|328\/384
|-damage|p2a: Ambipom|233\/291|[from] item: Life Orb
|
|-heal|p1a: Heatran|352\/384|[from] item: Leftovers
|turn|8
|
|switch|p2a: Heatran|Heatran, F|386\/386
|move|p1a: Heatran|Protect|p1a: Heatran
|-fail|p1a: Heatran
|
|-heal|p1a: Heatran|376\/384|[from] item: Leftovers
|turn|9
|
|switch|p1a: Conkeldurr|Conkeldurr, M|351\/351
|move|p2a: Heatran|Stealth Rock|p1a: Conkeldurr
|-sidestart|p1: din n_n|move: Stealth Rock
|
|turn|10
|
|switch|p2a: Latias|Latias, F|364\/364
|move|p1a: Conkeldurr|Knock Off|p2a: Latias
|-supereffective|p2a: Latias
|-damage|p2a: Latias|68\/364
|-enditem|p2a: Latias|Life Orb|[from] move: Knock Off|[of] p1a: Conkeldurr
|
|turn|11
|
|switch|p1a: Landorus-Therian|Landorus-Therian, M|28\/368
|-damage|p1a: Landorus-Therian|0 fnt|[from] Stealth Rock
|faint|p1a: Landorus-Therian
|move|p2a: Latias|Draco Meteor|p1: Landorus-Therian|[notarget]
|-notarget
|
|
|switch|p1a: Conkeldurr|Conkeldurr, M|351\/351
|-damage|p1a: Conkeldurr|330\/351|[from] Stealth Rock
|turn|12
|
|move|p1a: Conkeldurr|Mach Punch|p2a: Latias
|-resisted|p2a: Latias
|-damage|p2a: Latias|24\/364
|move|p2a: Latias|Draco Meteor|p1a: Conkeldurr
|-damage|p1a: Conkeldurr|167\/351
|-unboost|p2a: Latias|spa|2
|
|turn|13
|
|move|p1a: Conkeldurr|Mach Punch|p2a: Latias
|-resisted|p2a: Latias
|-damage|p2a: Latias|0 fnt
|faint|p2a: Latias
|
|
|switch|p2a: Ambipom|Ambipom, M|233\/291
|turn|14
|
|switch|p1a: Heatran|Heatran, F|376\/384
|-damage|p1a: Heatran|328\/384|[from] Stealth Rock
|move|p2a: Ambipom|Fake Out|p1a: Heatran
|-crit|p1a: Heatran
|-resisted|p1a: Heatran
|-damage|p1a: Heatran|246\/384
|-damage|p2a: Ambipom|204\/291|[from] item: Life Orb
|
|-heal|p1a: Heatran|270\/384|[from] item: Leftovers
|turn|15
|
|switch|p2a: Greninja|Greninja, M|286\/286
|switch|p1a: Rotom-Wash|Rotom-Wash|230\/303
|-damage|p1a: Rotom-Wash|193\/303|[from] Stealth Rock
|
|-heal|p1a: Rotom-Wash|211\/303|[from] item: Leftovers
|turn|16
|
|-start|p2a: Greninja|typechange|Dark|[from] Protean
|move|p2a: Greninja|Dark Pulse|p1a: Rotom-Wash
|-damage|p1a: Rotom-Wash|69\/303
|-damage|p2a: Greninja|258\/286|[from] item: Life Orb
|move|p1a: Rotom-Wash|Volt Switch|p2a: Greninja
|-damage|p2a: Greninja|143\/286
|
|switch|p1a: Conkeldurr|Conkeldurr, M|167\/351
|-damage|p1a: Conkeldurr|146\/351|[from] Stealth Rock
|
|turn|17
|
|move|p1a: Conkeldurr|Mach Punch|p2a: Greninja
|-supereffective|p2a: Greninja
|-damage|p2a: Greninja|0 fnt
|faint|p2a: Greninja
|
|
|switch|p2a: Ambipom|Ambipom, M|204\/291
|turn|18
|
|switch|p1a: Heatran|Heatran, F|270\/384
|-damage|p1a: Heatran|222\/384|[from] Stealth Rock
|move|p2a: Ambipom|Fake Out|p1a: Heatran
|-resisted|p1a: Heatran
|-damage|p1a: Heatran|162\/384
|-damage|p2a: Ambipom|175\/291|[from] item: Life Orb
|
|-heal|p1a: Heatran|186\/384|[from] item: Leftovers
|turn|19
|
|move|p1a: Heatran|Protect|p1a: Heatran
|-singleturn|p1a: Heatran|Protect
|move|p2a: Ambipom|Pursuit|p1a: Heatran
|-activate|p1a: Heatran|Protect
|
|-heal|p1a: Heatran|210\/384|[from] item: Leftovers
|turn|20
|
|move|p2a: Ambipom|Pursuit|p1a: Heatran
|-damage|p1a: Heatran|139\/384
|-damage|p2a: Ambipom|146\/291|[from] item: Life Orb
|move|p1a: Heatran|Lava Plume|p2a: Ambipom
|-damage|p2a: Ambipom|0 fnt
|faint|p2a: Ambipom
|
|-heal|p1a: Heatran|163\/384|[from] item: Leftovers
|
|switch|p2a: Heatran|Heatran, F|386\/386
|turn|21
|
|move|p2a: Heatran|Ancient Power|p1a: Heatran
|-crit|p1a: Heatran
|-damage|p1a: Heatran|79\/384
|move|p1a: Heatran|Toxic|p2a: Heatran
|-fail|p2a: Heatran
|
|-heal|p1a: Heatran|103\/384|[from] item: Leftovers
|turn|22
|
|move|p2a: Heatran|Ancient Power|p1a: Heatran
|-damage|p1a: Heatran|51\/384
|move|p1a: Heatran|Roar|p2a: Heatran
|
|-heal|p1a: Heatran|75\/384|[from] item: Leftovers
|turn|23
|
|move|p2a: Heatran|Ancient Power|p1a: Heatran
|-damage|p1a: Heatran|21\/384
|-boost|p2a: Heatran|atk|1
|-boost|p2a: Heatran|def|1
|-boost|p2a: Heatran|spa|1
|-boost|p2a: Heatran|spd|1
|-boost|p2a: Heatran|spe|1
|move|p1a: Heatran|Roar|p2a: Heatran
|
|-heal|p1a: Heatran|45\/384|[from] item: Leftovers
|turn|24
|
|move|p2a: Heatran|Ancient Power|p1a: Heatran
|-damage|p1a: Heatran|0 fnt
|faint|p1a: Heatran
|
|
|switch|p1a: Venusaur|Venusaur, F|364\/364
|-formechange|p1a: Venusaur|Venusaur-Mega
|-damage|p1a: Venusaur|319\/364|[from] Stealth Rock
|turn|25
|
|move|p2a: Heatran|Lava Plume|p1a: Venusaur
|-supereffective|p1a: Venusaur
|-damage|p1a: Venusaur|127\/364
|-status|p1a: Venusaur|brn
|move|p1a: Venusaur|Sleep Powder|p2a: Heatran
|-status|p2a: Heatran|slp
|
|-damage|p1a: Venusaur|82\/364 brn|[from] brn
|turn|26
|
|cant|p2a: Heatran|slp
|move|p1a: Venusaur|Earthquake|p2a: Heatran
|-supereffective|p2a: Heatran
|-damage|p2a: Heatran|282\/386 slp
|
|-heal|p2a: Heatran|306\/386 slp|[from] item: Leftovers
|-damage|p1a: Venusaur|37\/364 brn|[from] brn
|turn|27
|
|cant|p2a: Heatran|slp
|move|p1a: Venusaur|Earthquake|p2a: Heatran
|-supereffective|p2a: Heatran
|-damage|p2a: Heatran|202\/386 slp
|
|-heal|p2a: Heatran|226\/386 slp|[from] item: Leftovers
|-damage|p1a: Venusaur|0 fnt|[from] brn
|faint|p1a: Venusaur
|
|switch|p1a: Conkeldurr|Conkeldurr, M|146\/351
|-damage|p1a: Conkeldurr|125\/351|[from] Stealth Rock
|turn|28
|
|-curestatus|p2a: Heatran|slp
|move|p2a: Heatran|Lava Plume|p1a: Conkeldurr
|-damage|p1a: Conkeldurr|0 fnt
|faint|p1a: Conkeldurr
|
|-heal|p2a: Heatran|250\/386|[from] item: Leftovers
|
|switch|p1a: Rotom-Wash|Rotom-Wash|69\/303
|-damage|p1a: Rotom-Wash|32\/303|[from] Stealth Rock
|turn|29
|
|move|p2a: Heatran|Lava Plume|p1a: Rotom-Wash
|-crit|p1a: Rotom-Wash
|-resisted|p1a: Rotom-Wash
|-damage|p1a: Rotom-Wash|0 fnt
|faint|p1a: Rotom-Wash
|
|win|taw
|raw|Ladder updating...
|raw|din n_n's rating: 1259 &rarr; <strong>1238<\/strong><br \/>(-21 for losing)
|raw|taw's rating: 1307 &rarr; <strong>1328<\/strong><br \/>(+21 for winning)
|chat|taw|gg
|leave|din n_n
|player|p1