|join|ash borer
|join|taw
|player|p1|ash borer|272
|player|p2|taw|169
|gametype|singles
|tier|Pokebank OU (beta)
|rated
|clearpoke
|poke|p1|Deoxys-Speed
|poke|p1|Gengar, F
|poke|p1|Genesect
|poke|p1|Excadrill, F
|poke|p1|Kyurem-Black
|poke|p1|Lucario, M
|poke|p2|Kangaskhan, F
|poke|p2|Tyranitar, M
|poke|p2|Rotom-Wash
|poke|p2|Volcarona, M
|poke|p2|Mandibuzz, F
|poke|p2|Genesect
|rule|Sleep Clause Mod: Limit one foe put to sleep
|rule|Species Clause: Limit one of each Pokemon
|rule|Moody Clause: Moody is banned
|rule|OHKO Clause: OHKO moves are banned
|rule|Evasion Moves Clause: Evasion moves are banned
|rule|HP Percentage Mod: HP is reported as percentages
|teampreview
|callback|decision
|
|start
|switch|p1a: offensive life orb|Deoxys-Speed|241\/241
|switch|p2a: Kangaskhan|Kangaskhan, F|414\/414
|-ability|p1a: offensive life orb|Pressure
|turn|1
|callback|decision
|
|switch|p1a: sub disable|Gengar, F|262\/262
|-formechange|p2a: Kangaskhan|Kangaskhan-Mega
|message|Kangaskhan has Mega Evolved into Mega Kangaskhan!
|move|p2a: Kangaskhan|Crunch|p1a: sub disable
|-supereffective|p1a: sub disable
|-damage|p1a: sub disable|0 fnt
|-hitcount|p1a: sub disable|1
|faint|p1a: sub disable
|
|callback|decision
|
|switch|p1a: swords dance|Lucario, M|281\/281
|turn|2
|callback|decision
|
|-formechange|p1a: swords dance|Lucario-Mega
|message|Lucario has Mega Evolved into Mega Lucario!
|move|p1a: swords dance|Close Combat|p2a: Kangaskhan
|-supereffective|p2a: Kangaskhan
|-damage|p2a: Kangaskhan|0 fnt
|-unboost|p1a: swords dance|def|1
|-unboost|p1a: swords dance|spd|1
|faint|p2a: Kangaskhan
|
|callback|decision
|
|switch|p2a: Volcarona|Volcarona, M|374\/374
|turn|3
|callback|decision
|
|move|p1a: swords dance|Close Combat|p2a: Volcarona
|-resisted|p2a: Volcarona
|-damage|p2a: Volcarona|217\/374
|-unboost|p1a: swords dance|def|1
|-unboost|p1a: swords dance|spd|1
|move|p2a: Volcarona|Fiery Dance|p1a: swords dance
|-supereffective|p1a: swords dance
|-damage|p1a: swords dance|0 fnt
|-boost|p2a: Volcarona|spa|1
|faint|p1a: swords dance
|
|-heal|p2a: Volcarona|240\/374|[from] item: Leftovers
|callback|decision
|
|switch|p1a: bulky rapid spin|Excadrill, F|362\/362
|-ability|p1a: bulky rapid spin|Mold Breaker
|turn|4
|callback|decision
|
|move|p1a: bulky rapid spin|Earthquake|p2a: Volcarona
|-damage|p2a: Volcarona|51\/374
|move|p2a: Volcarona|Fiery Dance|p1a: bulky rapid spin
|-supereffective|p1a: bulky rapid spin
|-damage|p1a: bulky rapid spin|0 fnt
|faint|p1a: bulky rapid spin
|
|-heal|p2a: Volcarona|74\/374|[from] item: Leftovers
|callback|decision
|
|switch|p1a: scarfed|Genesect|283\/283
|-boost|p1a: scarfed|atk|1|[from] ability: Download
|turn|5
|callback|decision
|
|move|p1a: scarfed|Thunderbolt|p2a: Volcarona
|-damage|p2a: Volcarona|0 fnt
|faint|p2a: Volcarona
|
|callback|decision
|
|switch|p2a: Genesect|Genesect|283\/283
|-boost|p2a: Genesect|spa|1|[from] ability: Download
|turn|6
|callback|decision
|
|switch|p1a: offensive life orb|Deoxys-Speed|241\/241
|-ability|p1a: offensive life orb|Pressure
|move|p2a: Genesect|Flamethrower|p1a: offensive life orb
|-damage|p1a: offensive life orb|84\/241
|
|turn|7
|callback|decision
|
|move|p1a: offensive life orb|Fire Punch|p2a: Genesect
|-supereffective|p2a: Genesect
|-damage|p2a: Genesect|0 fnt
|faint|p2a: Genesect
|
|callback|decision
|
|switch|p2a: Tyranitar|Tyranitar, M|404\/404
|-weather|Sandstorm
|turn|8
|callback|decision
|
|move|p1a: offensive life orb|Stealth Rock|p2a: Tyranitar
|-sidestart|p2: taw|move: Stealth Rock
|move|p2a: Tyranitar|Stealth Rock|p1a: offensive life orb
|-sidestart|p1: ash borer|move: Stealth Rock
|
|-weather|Sandstorm|[upkeep]
|-damage|p1a: offensive life orb|69\/241|[from] sandstorm
|turn|9
|callback|decision
|
|move|p1a: offensive life orb|Spikes|p2a: Tyranitar
|-sidestart|p2: taw|Spikes
|move|p2a: Tyranitar|Dragon Dance|p2a: Tyranitar
|-boost|p2a: Tyranitar|atk|1
|-boost|p2a: Tyranitar|spe|1
|
|-weather|Sandstorm|[upkeep]
|-damage|p1a: offensive life orb|54\/241|[from] sandstorm
|turn|10
|callback|decision
|
|move|p1a: offensive life orb|Taunt|p2a: Tyranitar
|-start|p2a: Tyranitar|move: Taunt
|cant|p2a: Tyranitar|move: Taunt|Dragon Dance
|
|-weather|Sandstorm|[upkeep]
|-damage|p1a: offensive life orb|39\/241|[from] sandstorm
|turn|11
|callback|decision
|
|move|p1a: offensive life orb|Spikes|p2a: Tyranitar
|-sidestart|p2: taw|Spikes
|move|p2a: Tyranitar|Crunch|p1a: offensive life orb
|-supereffective|p1a: offensive life orb
|-damage|p1a: offensive life orb|0 fnt
|faint|p1a: offensive life orb
|
|-weather|Sandstorm|[upkeep]
|callback|decision
|
|switch|p1a: scarfed|Genesect|283\/283
|-damage|p1a: scarfed|248\/283|[from] Stealth Rock
|-boost|p1a: scarfed|atk|1|[from] ability: Download
|turn|12
|callback|decision
|
|move|p1a: scarfed|U-turn|p2a: Tyranitar
|-supereffective|p2a: Tyranitar
|-damage|p2a: Tyranitar|146\/404
|callback|decision
|
|switch|p1a: life orb wallbreak|Kyurem-Black|391\/391
|-damage|p1a: life orb wallbreak|294\/391|[from] Stealth Rock
|-ability|p1a: life orb wallbreak|Teravolt
|move|p2a: Tyranitar|Crunch|p1a: life orb wallbreak
|-damage|p1a: life orb wallbreak|116\/391
|
|-weather|none
|-heal|p2a: Tyranitar|171\/404|[from] item: Leftovers
|-end|p2a: Tyranitar|move: Taunt
|turn|13
|callback|decision
|
|switch|p1a: scarfed|Genesect|248\/283
|-damage|p1a: scarfed|213\/283|[from] Stealth Rock
|-boost|p1a: scarfed|atk|1|[from] ability: Download
|move|p2a: Tyranitar|Crunch|p1a: scarfed
|-damage|p1a: scarfed|35\/283
|
|-heal|p2a: Tyranitar|196\/404|[from] item: Leftovers
|turn|14
|callback|decision
|
|move|p1a: scarfed|U-turn|p2a: Tyranitar
|-supereffective|p2a: Tyranitar
|-damage|p2a: Tyranitar|0 fnt
|faint|p2a: Tyranitar
|callback|decision
|
|switch|p1a: life orb wallbreak|Kyurem-Black|116\/391
|-damage|p1a: life orb wallbreak|19\/391|[from] Stealth Rock
|-ability|p1a: life orb wallbreak|Teravolt
|
|callback|decision
|
|switch|p2a: Mandibuzz|Mandibuzz, F|424\/424
|-damage|p2a: Mandibuzz|318\/424|[from] Stealth Rock
|turn|15
|callback|decision
|
|move|p1a: life orb wallbreak|Fusion Bolt|p2a: Mandibuzz
|-supereffective|p2a: Mandibuzz
|-damage|p2a: Mandibuzz|89\/424
|-damage|p1a: life orb wallbreak|0 fnt|[from] item: Life Orb
|faint|p1a: life orb wallbreak
|move|p2a: Mandibuzz|Knock Off|p1: life orb wallbreak|[notarget]
|-notarget
|
|-heal|p2a: Mandibuzz|115\/424|[from] item: Leftovers
|callback|decision
|
|switch|p1a: scarfed|Genesect|35\/283
|-damage|p1a: scarfed|0 fnt|[from] Stealth Rock
|faint|p1a: scarfed
|
|win|taw
|raw|Ladder updating...
|chat|taw|gg
|raw|ash borer's rating: 2051 &rarr; <strong>2041<\/strong><br \/>(-10 for losing)
|raw|taw's rating: 1872 &rarr; <strong>1880<\/strong><br \/>(+8 for winning)