|join|taw
|join|Dovahhkiin64
|player|p1|taw|170
|player|p2|Dovahhkiin64|162
|gametype|singles
|tier|Pokebank OU (beta)
|rated
|clearpoke
|poke|p1|Kangaskhan, F
|poke|p1|Talonflame, M
|poke|p1|Genesect, shiny
|poke|p1|Rotom-Wash
|poke|p1|Volcarona, M
|poke|p1|Terrakion
|poke|p2|Nidoking, M, shiny
|poke|p2|Jellicent, F
|poke|p2|Ferrothorn, F
|poke|p2|Infernape, M
|poke|p2|Donphan, F
|poke|p2|Latios, M
|rule|Sleep Clause Mod: Limit one foe put to sleep
|rule|Species Clause: Limit one of each Pokemon
|rule|Moody Clause: Moody is banned
|rule|OHKO Clause: OHKO moves are banned
|rule|Evasion Moves Clause: Evasion moves are banned
|rule|HP Percentage Mod: HP is reported as percentages
|teampreview
|callback|decision
|
|start
|switch|p1a: Kangaskhan|Kangaskhan, F|414\/414
|switch|p2a: Feel The Power|Infernape, M|294\/294
|turn|1
|callback|decision
|
|-formechange|p1a: Kangaskhan|Kangaskhan-Mega
|message|Kangaskhan has Mega Evolved into Mega Kangaskhan!
|move|p2a: Feel The Power|Close Combat|p1a: Kangaskhan
|-supereffective|p1a: Kangaskhan
|-damage|p1a: Kangaskhan|0 fnt
|-unboost|p2a: Feel The Power|def|1
|-unboost|p2a: Feel The Power|spd|1
|faint|p1a: Kangaskhan
|
|callback|decision
|
|switch|p1a: Talonflame|Talonflame, M|298\/298
|turn|2
|callback|decision
|
|switch|p2a: Hentai|Ferrothorn, F|352\/352
|move|p1a: Talonflame|Swords Dance|p1a: Talonflame
|-boost|p1a: Talonflame|atk|2
|
|turn|3
|callback|decision
|
|switch|p2a: Pringles|Jellicent, F|404\/404
|move|p1a: Talonflame|Flare Blitz|p2a: Pringles
|-resisted|p2a: Pringles
|-damage|p2a: Pringles|249\/404
|-damage|p1a: Talonflame|247\/298|[from] recoil|[of] p2a: Pringles
|
|-heal|p2a: Pringles|274\/404|[from] item: Leftovers
|turn|4
|callback|decision
|
|move|p1a: Talonflame|Brave Bird|p2a: Pringles
|-damage|p2a: Pringles|0 fnt
|-damage|p1a: Talonflame|157\/298|[from] recoil|[of] p2a: Pringles
|faint|p2a: Pringles
|
|callback|decision
|
|switch|p2a: Bonecrusher|Nidoking, M, shiny|304\/304
|turn|5
|callback|decision
|
|move|p1a: Talonflame|Brave Bird|p2a: Bonecrusher
|-damage|p2a: Bonecrusher|0 fnt
|-damage|p1a: Talonflame|57\/298|[from] recoil|[of] p2a: Bonecrusher
|faint|p2a: Bonecrusher
|
|callback|decision
|
|switch|p2a: Spin Me|Donphan, F|384\/384
|turn|6
|callback|decision
|
|move|p1a: Talonflame|Brave Bird|p2a: Spin Me
|-damage|p2a: Spin Me|41\/384
|-damage|p1a: Talonflame|0 fnt|[from] recoil|[of] p2a: Spin Me
|faint|p1a: Talonflame
|move|p2a: Spin Me|Stealth Rock|p1: Talonflame
|-sidestart|p1: taw|move: Stealth Rock
|
|-heal|p2a: Spin Me|65\/384|[from] item: Leftovers
|callback|decision
|
|switch|p1a: Genesect|Genesect, shiny|283\/283
|-damage|p1a: Genesect|248\/283|[from] Stealth Rock
|-boost|p1a: Genesect|spa|1|[from] ability: Download
|turn|7
|callback|decision
|
|switch|p2a: Feel The Power|Infernape, M|294\/294
|move|p1a: Genesect|Shift Gear|p1a: Genesect
|-boost|p1a: Genesect|atk|1
|-boost|p1a: Genesect|spe|2
|
|turn|8
|callback|decision
|
|move|p1a: Genesect|Extreme Speed|p2a: Feel The Power
|-damage|p2a: Feel The Power|79\/294
|move|p2a: Feel The Power|Fire Blast|p1a: Genesect
|-supereffective|p1a: Genesect
|-damage|p1a: Genesect|0 fnt
|faint|p1a: Genesect
|
|callback|decision
|
|switch|p1a: Rotom-Wash|Rotom-Wash|304\/304
|-damage|p1a: Rotom-Wash|266\/304|[from] Stealth Rock
|turn|9
|callback|decision
|
|switch|p2a: Hentai|Ferrothorn, F|352\/352
|move|p1a: Rotom-Wash|Hydro Pump|p2a: Hentai
|-resisted|p2a: Hentai
|-damage|p2a: Hentai|300\/352
|
|-heal|p1a: Rotom-Wash|285\/304|[from] item: Leftovers
|-heal|p2a: Hentai|322\/352|[from] item: Leftovers
|turn|10
|callback|decision
|
|move|p1a: Rotom-Wash|Will-O-Wisp|p2a: Hentai
|-status|p2a: Hentai|brn
|move|p2a: Hentai|Leech Seed|p1a: Rotom-Wash
|-start|p1a: Rotom-Wash|move: Leech Seed
|
|-heal|p1a: Rotom-Wash|304\/304|[from] item: Leftovers
|-heal|p2a: Hentai|344\/352 brn|[from] item: Leftovers
|-damage|p1a: Rotom-Wash|266\/304|[from] Leech Seed|[of] p2a: Hentai
|-heal|p2a: Hentai|352\/352 brn|[silent]
|-damage|p2a: Hentai|308\/352 brn|[from] brn
|turn|11
|callback|decision
|
|switch|p1a: Volcarona|Volcarona, M|374\/374
|-damage|p1a: Volcarona|187\/374|[from] Stealth Rock
|move|p2a: Hentai|Power Whip|p1a: Volcarona
|-resisted|p1a: Volcarona
|-damage|p1a: Volcarona|172\/374
|
|-heal|p1a: Volcarona|195\/374|[from] item: Leftovers
|-heal|p2a: Hentai|330\/352 brn|[from] item: Leftovers
|-damage|p2a: Hentai|286\/352 brn|[from] brn
|turn|12
|callback|decision
|
|switch|p2a: Feel The Power|Infernape, M|79\/294
|move|p1a: Volcarona|Quiver Dance|p1a: Volcarona
|-boost|p1a: Volcarona|spa|1
|-boost|p1a: Volcarona|spd|1
|-boost|p1a: Volcarona|spe|1
|
|-heal|p1a: Volcarona|218\/374|[from] item: Leftovers
|turn|13
|callback|decision
|
|move|p1a: Volcarona|Fiery Dance|p2a: Feel The Power
|-resisted|p2a: Feel The Power
|-damage|p2a: Feel The Power|0 fnt
|faint|p2a: Feel The Power
|
|-heal|p1a: Volcarona|241\/374|[from] item: Leftovers
|callback|decision
|
|switch|p2a: Luminesence|Latios, M|302\/302
|turn|14
|callback|decision
|
|move|p1a: Volcarona|Fiery Dance|p2a: Luminesence
|-resisted|p2a: Luminesence
|-damage|p2a: Luminesence|218\/302
|-boost|p1a: Volcarona|spa|1
|move|p2a: Luminesence|Surf|p1a: Volcarona
|-supereffective|p1a: Volcarona
|-damage|p1a: Volcarona|66\/374
|
|-heal|p1a: Volcarona|89\/374|[from] item: Leftovers
|turn|15
|callback|decision
|
|move|p1a: Volcarona|Roost|p1a: Volcarona
|-heal|p1a: Volcarona|276\/374
|move|p2a: Luminesence|Surf|p1a: Volcarona
|-crit|p1a: Volcarona
|-supereffective|p1a: Volcarona
|-damage|p1a: Volcarona|0 fnt
|faint|p1a: Volcarona
|
|callback|decision
|
|switch|p1a: Rotom-Wash|Rotom-Wash|266\/304
|-damage|p1a: Rotom-Wash|228\/304|[from] Stealth Rock
|turn|16
|callback|decision
|
|move|p2a: Luminesence|Draco Meteor|p1a: Rotom-Wash
|-damage|p1a: Rotom-Wash|66\/304
|-unboost|p2a: Luminesence|spa|2
|move|p1a: Rotom-Wash|Volt Switch|p2a: Luminesence
|-resisted|p2a: Luminesence
|-damage|p2a: Luminesence|178\/302
|callback|decision
|
|switch|p1a: Terrakion|Terrakion|323\/323
|-damage|p1a: Terrakion|303\/323|[from] Stealth Rock
|
|turn|17
|callback|decision
|
|switch|p2a: Hentai|Ferrothorn, F|286\/352 brn
|move|p1a: Terrakion|Close Combat|p2a: Hentai
|-supereffective|p2a: Hentai
|-damage|p2a: Hentai|0 fnt
|-damage|p1a: Terrakion|263\/323|[from] ability: Iron Barbs|[of] p2a: Hentai
|-unboost|p1a: Terrakion|def|1
|-unboost|p1a: Terrakion|spd|1
|faint|p2a: Hentai
|
|callback|decision
|
|switch|p2a: Luminesence|Latios, M|178\/302
|turn|18
|callback|decision
|
|switch|p1a: Rotom-Wash|Rotom-Wash|66\/304
|-damage|p1a: Rotom-Wash|28\/304|[from] Stealth Rock
|move|p2a: Luminesence|Psychic|p1a: Rotom-Wash
|-damage|p1a: Rotom-Wash|0 fnt
|faint|p1a: Rotom-Wash
|
|callback|decision
|
|switch|p1a: Terrakion|Terrakion|263\/323
|-damage|p1a: Terrakion|243\/323|[from] Stealth Rock
|turn|19
|callback|decision
|
|move|p1a: Terrakion|Quick Attack|p2a: Luminesence
|-damage|p2a: Luminesence|86\/302
|move|p2a: Luminesence|Psychic|p1a: Terrakion
|-supereffective|p1a: Terrakion
|-damage|p1a: Terrakion|0 fnt
|faint|p1a: Terrakion
|
|win|Dovahhkiin64
|raw|Ladder updating...
|raw|taw's rating: 1830 &rarr; <strong>1819<\/strong><br \/>(-11 for losing)
|raw|Dovahhkiin64's rating: 1596 &rarr; <strong>1601<\/strong><br \/>(+5 for winning)
|leave|taw
|chat|Dovahhkiin64|gg
|player|p1