|join|Wheezer
|join|WeirdNick504
|player|p1|Wheezer|141
|player|p2|WeirdNick504|281
|gametype|singles
|gen|6
|tier|OU
|rated
|clearpoke
|poke|p1|Sableye, F
|poke|p1|Chansey, F
|poke|p1|Skarmory, M
|poke|p1|Tentacruel, F
|poke|p1|Cresselia, F
|poke|p1|Quagsire, M
|poke|p2|Staraptor, F
|poke|p2|Altaria, F
|poke|p2|Magnezone
|poke|p2|Skarmory, F
|poke|p2|Sylveon, M
|poke|p2|Mew
|rule|Swagger Clause: Swagger is banned
|rule|Baton Pass Clause: Limit one PokÃ©mon knowing Baton Pass
|rule|Sleep Clause Mod: Limit one foe put to sleep
|rule|Species Clause: Limit one of each PokÃ©mon
|rule|OHKO Clause: OHKO moves are banned
|rule|Moody Clause: Moody is banned
|rule|Evasion Moves Clause: Evasion moves are banned
|rule|Endless Battle Clause: Forcing endless battles is banned
|rule|HP Percentage Mod: HP is shown in percentages
|teampreview
|c|âWheezer|gl
|c|âWeirdNick504|i hate vsing this stall team :(
|
|start
|switch|p1a: Tentacruel|Tentacruel, F|356\/356
|switch|p2a: Staraptor|Staraptor, F|311\/311
|turn|1
|
|switch|p1a: Skarmory|Skarmory, M|334\/334
|move|p2a: Staraptor|Double-Edge|p1a: Skarmory
|-resisted|p1a: Skarmory
|-damage|p1a: Skarmory|229\/334
|-damage|p2a: Staraptor|276\/311|[from] recoil|[of] p1a: Skarmory
|
|turn|2
|
|switch|p2a: Magnezone|Magnezone|281\/281
|move|p1a: Skarmory|Roost|p1a: Skarmory
|-heal|p1a: Skarmory|334\/334
|
|turn|3
|
|switch|p1a: Quagsire|Quagsire, M|394\/394
|move|p2a: Magnezone|Volt Switch|p1a: Quagsire
|-immune|p1a: Quagsire|[msg]
|
|turn|4
|
|switch|p2a: Mew|Mew|404\/404
|switch|p1a: Sableye|Sableye, F|304\/304
|
|turn|5
|
|switch|p2a: Altaria|Altaria, F|291\/291
|detailschange|p1a: Sableye|Sableye-Mega, F
|-mega|p1a: Sableye|Sableye|Sablenite
|move|p1a: Sableye|Will-O-Wisp|p2a: Altaria
|-status|p2a: Altaria|brn
|
|-damage|p2a: Altaria|255\/291 brn|[from] brn
|turn|6
|
|switch|p2a: Sylveon|Sylveon, M|394\/394
|switch|p1a: Chansey|Chansey, F|704\/704
|
|turn|7
|
|move|p2a: Sylveon|Heal Bell|p2a: Sylveon
|-cureteam|p2a: Sylveon|[from] move: HealBell
|move|p1a: Chansey|Stealth Rock|p2a: Sylveon
|-sidestart|p2: WeirdNick504|move: Stealth Rock
|
|turn|8
|
|switch|p1a: Skarmory|Skarmory, M|334\/334
|move|p2a: Sylveon|Wish|p2a: Sylveon
|
|turn|9
|
|switch|p2a: Skarmory|Skarmory, F|334\/334
|-damage|p2a: Skarmory|293\/334|[from] Stealth Rock
|move|p1a: Skarmory|Spikes|p2a: Skarmory
|-sidestart|p2: WeirdNick504|Spikes
|
|-heal|p2a: Skarmory|334\/334|[from] move: Wish|[wisher] Sylveon
|turn|10
|
|switch|p1a: Chansey|Chansey, F|704\/704
|move|p2a: Skarmory|Defog|p1a: Chansey
|-unboost|p1a: Chansey|evasion|1
|-sideend|p2: WeirdNick504|Spikes|[from] move: Defog|[of] p2a: Skarmory
|-sideend|p2: WeirdNick504|Stealth Rock|[from] move: Defog|[of] p2a: Skarmory
|
|turn|11
|
|move|p2a: Skarmory|Stealth Rock|p1a: Chansey
|-sidestart|p1: Wheezer|move: Stealth Rock
|move|p1a: Chansey|Stealth Rock|p2a: Skarmory
|-sidestart|p2: WeirdNick504|move: Stealth Rock
|
|turn|12
|
|switch|p2a: Sylveon|Sylveon, M|394\/394
|-damage|p2a: Sylveon|345\/394|[from] Stealth Rock
|switch|p1a: Skarmory|Skarmory, M|334\/334
|-damage|p1a: Skarmory|293\/334|[from] Stealth Rock
|
|-heal|p2a: Sylveon|369\/394|[from] item: Leftovers
|turn|13
|
|switch|p2a: Skarmory|Skarmory, F|334\/334
|-damage|p2a: Skarmory|293\/334|[from] Stealth Rock
|move|p1a: Skarmory|Spikes|p2a: Skarmory
|-sidestart|p2: WeirdNick504|Spikes
|
|-heal|p2a: Skarmory|313\/334|[from] item: Leftovers
|turn|14
|
|move|p2a: Skarmory|Defog|p1a: Skarmory
|-unboost|p1a: Skarmory|evasion|1
|-sideend|p1: Wheezer|Stealth Rock|[from] move: Defog|[of] p1a: Skarmory
|-sideend|p2: WeirdNick504|Spikes|[from] move: Defog|[of] p2a: Skarmory
|-sideend|p2: WeirdNick504|Stealth Rock|[from] move: Defog|[of] p2a: Skarmory
|move|p1a: Skarmory|Whirlwind|p2a: Skarmory
|drag|p2a: Sylveon|Sylveon, M|369\/394
|
|-heal|p2a: Sylveon|393\/394|[from] item: Leftovers
|turn|15
|
|switch|p2a: Mew|Mew|404\/404
|move|p1a: Skarmory|Spikes|p2a: Mew
|-sidestart|p2: WeirdNick504|Spikes
|
|turn|16
|
|switch|p2a: Altaria|Altaria, F|255\/291
|switch|p1a: Sableye|Sableye-Mega, F|304\/304
|
|turn|17
|
|switch|p1a: Skarmory|Skarmory, M|293\/334
|detailschange|p2a: Altaria|Altaria-Mega, F
|-mega|p2a: Altaria|Altaria|Altarianite
|move|p2a: Altaria|Return|p1a: Skarmory
|-resisted|p1a: Skarmory
|-damage|p1a: Skarmory|234\/334
|
|turn|18
|
|switch|p1a: Chansey|Chansey, F|704\/704
|move|p2a: Altaria|Fire Blast|p1a: Chansey
|-damage|p1a: Chansey|642\/704
|
|turn|19
|
|move|p2a: Altaria|Return|p1a: Chansey
|-damage|p1a: Chansey|344\/704
|move|p1a: Chansey|Stealth Rock|p2a: Altaria
|-sidestart|p2: WeirdNick504|move: Stealth Rock
|
|turn|20
|
|move|p2a: Altaria|Dragon Dance|p2a: Altaria
|-boost|p2a: Altaria|atk|1
|-boost|p2a: Altaria|spe|1
|move|p1a: Chansey|Soft-Boiled|p1a: Chansey
|-heal|p1a: Chansey|696\/704
|
|turn|21
|
|switch|p1a: Quagsire|Quagsire, M|394\/394
|move|p2a: Altaria|Return|p1a: Quagsire
|-damage|p1a: Quagsire|211\/394
|
|-heal|p1a: Quagsire|235\/394|[from] item: Leftovers
|turn|22
|
|move|p2a: Altaria|Return|p1a: Quagsire
|-damage|p1a: Quagsire|55\/394
|move|p1a: Quagsire|Recover|p1a: Quagsire
|-heal|p1a: Quagsire|252\/394
|
|-heal|p1a: Quagsire|276\/394|[from] item: Leftovers
|turn|23
|
|move|p2a: Altaria|Return|p1a: Quagsire
|-damage|p1a: Quagsire|122\/394
|move|p1a: Quagsire|Recover|p1a: Quagsire
|-heal|p1a: Quagsire|319\/394
|
|-heal|p1a: Quagsire|343\/394|[from] item: Leftovers
|turn|24
|
|move|p2a: Altaria|Return|p1a: Quagsire
|-damage|p1a: Quagsire|175\/394
|move|p1a: Quagsire|Toxic|p2a: Altaria
|-status|p2a: Altaria|tox
|
|-heal|p1a: Quagsire|199\/394|[from] item: Leftovers
|-damage|p2a: Altaria|237\/291 tox|[from] psn
|turn|25
|
|switch|p2a: Skarmory|Skarmory, F|313\/334
|-damage|p2a: Skarmory|272\/334|[from] Stealth Rock
|move|p1a: Quagsire|Recover|p1a: Quagsire
|-heal|p1a: Quagsire|394\/394
|
|-heal|p2a: Skarmory|292\/334|[from] item: Leftovers
|turn|26
|
|move|p2a: Skarmory|Defog|p1a: Quagsire
|-unboost|p1a: Quagsire|evasion|1
|-sideend|p2: WeirdNick504|Spikes|[from] move: Defog|[of] p2a: Skarmory
|-sideend|p2: WeirdNick504|Stealth Rock|[from] move: Defog|[of] p2a: Skarmory
|move|p1a: Quagsire|Scald|p2a: Skarmory
|-damage|p2a: Skarmory|199\/334
|-status|p2a: Skarmory|brn
|
|-heal|p2a: Skarmory|219\/334 brn|[from] item: Leftovers
|-damage|p2a: Skarmory|178\/334 brn|[from] brn
|turn|27
|
|switch|p2a: Sylveon|Sylveon, M|393\/394
|move|p1a: Quagsire|Earthquake|p2a: Sylveon
|-damage|p2a: Sylveon|257\/394
|
|-heal|p2a: Sylveon|281\/394|[from] item: Leftovers
|turn|28
|
|move|p2a: Sylveon|Wish|p2a: Sylveon
|move|p1a: Quagsire|Toxic|p2a: Sylveon
|-status|p2a: Sylveon|tox
|
|-heal|p2a: Sylveon|305\/394 tox|[from] item: Leftovers
|-damage|p2a: Sylveon|281\/394 tox|[from] psn
|turn|29
|
|move|p2a: Sylveon|Heal Bell|p2a: Sylveon
|-cureteam|p2a: Sylveon|[from] move: HealBell
|move|p1a: Quagsire|Toxic|p2a: Sylveon
|-status|p2a: Sylveon|tox
|
|-heal|p2a: Sylveon|394\/394 tox|[from] move: Wish|[wisher] Sylveon
|-damage|p2a: Sylveon|370\/394 tox|[from] psn
|turn|30
|
|move|p2a: Sylveon|Hyper Voice|p1a: Quagsire
|-damage|p1a: Quagsire|174\/394
|move|p1a: Quagsire|Earthquake|p2a: Sylveon
|-damage|p2a: Sylveon|214\/394 tox
|
|-heal|p2a: Sylveon|238\/394 tox|[from] item: Leftovers
|-heal|p1a: Quagsire|198\/394|[from] item: Leftovers
|-damage|p2a: Sylveon|190\/394 tox|[from] psn
|turn|31
|
|switch|p2a: Altaria|Altaria-Mega, F|237\/291
|switch|p1a: Tentacruel|Tentacruel, F|356\/356
|
|turn|32
|
|move|p2a: Altaria|Earthquake|p1a: Tentacruel
|-supereffective|p1a: Tentacruel
|-damage|p1a: Tentacruel|34\/356
|move|p1a: Tentacruel|Acid Spray|p2a: Altaria
|-supereffective|p2a: Altaria
|-damage|p2a: Altaria|147\/291
|-unboost|p2a: Altaria|spd|2
|
|-heal|p1a: Tentacruel|56\/356|[from] item: Black Sludge
|turn|33
|
|switch|p1a: Cresselia|Cresselia, F|444\/444
|move|p2a: Altaria|Return|p1a: Cresselia
|-damage|p1a: Cresselia|318\/444
|
|-heal|p1a: Cresselia|345\/444|[from] item: Leftovers
|turn|34
|
|switch|p2a: Mew|Mew|404\/404
|move|p1a: Cresselia|Psychic|p2a: Mew
|-resisted|p2a: Mew
|-damage|p2a: Mew|368\/404
|
|-heal|p2a: Mew|393\/404|[from] item: Leftovers
|-heal|p1a: Cresselia|372\/444|[from] item: Leftovers
|turn|35
|
|switch|p1a: Sableye|Sableye-Mega, F|304\/304
|move|p2a: Mew|Taunt|p1a: Sableye
|move|p1a: Sableye|Taunt|p2a: Mew|[from]Magic Bounce
|-start|p2a: Mew|move: Taunt
|
|-heal|p2a: Mew|404\/404|[from] item: Leftovers
|turn|36
|
|switch|p2a: Sylveon|Sylveon, M|190\/394 tox
|move|p1a: Sableye|Calm Mind|p1a: Sableye
|-boost|p1a: Sableye|spa|1
|-boost|p1a: Sableye|spd|1
|
|-heal|p2a: Sylveon|214\/394 tox|[from] item: Leftovers
|-damage|p2a: Sylveon|190\/394 tox|[from] psn
|turn|37
|
|switch|p1a: Chansey|Chansey, F|696\/704
|move|p2a: Sylveon|Wish|p2a: Sylveon
|
|-heal|p2a: Sylveon|214\/394 tox|[from] item: Leftovers
|-damage|p2a: Sylveon|166\/394 tox|[from] psn
|turn|38
|
|move|p2a: Sylveon|Heal Bell|p2a: Sylveon
|-cureteam|p2a: Sylveon|[from] move: HealBell
|move|p1a: Chansey|Stealth Rock|p2a: Sylveon
|-sidestart|p2: WeirdNick504|move: Stealth Rock
|
|-heal|p2a: Sylveon|363\/394|[from] move: Wish|[wisher] Sylveon
|-heal|p2a: Sylveon|387\/394|[from] item: Leftovers
|turn|39
|
|move|p2a: Sylveon|Wish|p2a: Sylveon
|move|p1a: Chansey|Seismic Toss|p2a: Sylveon
|-damage|p2a: Sylveon|287\/394
|
|-heal|p2a: Sylveon|311\/394|[from] item: Leftovers
|turn|40
|
|switch|p2a: Altaria|Altaria-Mega, F|147\/291
|-damage|p2a: Altaria|111\/291|[from] Stealth Rock
|move|p1a: Chansey|Seismic Toss|p2a: Altaria
|-damage|p2a: Altaria|11\/291
|
|-heal|p2a: Altaria|208\/291|[from] move: Wish|[wisher] Sylveon
|turn|41
|
|switch|p2a: Skarmory|Skarmory, F|178\/334
|-damage|p2a: Skarmory|137\/334|[from] Stealth Rock
|move|p1a: Chansey|Seismic Toss|p2a: Skarmory
|-damage|p2a: Skarmory|37\/334
|
|-heal|p2a: Skarmory|57\/334|[from] item: Leftovers
|turn|42
|
|switch|p1a: Sableye|Sableye-Mega, F|304\/304
|move|p2a: Skarmory|Roost|p2a: Skarmory
|-heal|p2a: Skarmory|224\/334
|
|-heal|p2a: Skarmory|244\/334|[from] item: Leftovers
|turn|43
|
|switch|p2a: Sylveon|Sylveon, M|311\/394
|-damage|p2a: Sylveon|262\/394|[from] Stealth Rock
|move|p1a: Sableye|Calm Mind|p1a: Sableye
|-boost|p1a: Sableye|spa|1
|-boost|p1a: Sableye|spd|1
|
|-heal|p2a: Sylveon|286\/394|[from] item: Leftovers
|turn|44
|
|switch|p1a: Chansey|Chansey, F|696\/704
|move|p2a: Sylveon|Wish|p2a: Sylveon
|
|-heal|p2a: Sylveon|310\/394|[from] item: Leftovers
|turn|45
|
|switch|p2a: Altaria|Altaria-Mega, F|208\/291
|-damage|p2a: Altaria|172\/291|[from] Stealth Rock
|switch|p1a: Cresselia|Cresselia, F|372\/444
|
|-heal|p2a: Altaria|291\/291|[from] move: Wish|[wisher] Sylveon
|-heal|p1a: Cresselia|399\/444|[from] item: Leftovers
|turn|46
|
|switch|p2a: Skarmory|Skarmory, F|244\/334
|-damage|p2a: Skarmory|203\/334|[from] Stealth Rock
|move|p1a: Cresselia|Ice Beam|p2a: Skarmory
|-damage|p2a: Skarmory|125\/334
|
|-heal|p1a: Cresselia|426\/444|[from] item: Leftovers
|-heal|p2a: Skarmory|145\/334|[from] item: Leftovers
|turn|47
|
|move|p1a: Cresselia|Ice Beam|p2a: Skarmory
|-damage|p2a: Skarmory|67\/334
|move|p2a: Skarmory|Roost|p2a: Skarmory
|-heal|p2a: Skarmory|234\/334
|
|-heal|p1a: Cresselia|444\/444|[from] item: Leftovers
|-heal|p2a: Skarmory|254\/334|[from] item: Leftovers
|turn|48
|
|move|p1a: Cresselia|Thunder Wave|p2a: Skarmory
|-status|p2a: Skarmory|par
|move|p2a: Skarmory|Stealth Rock|p1a: Cresselia
|-sidestart|p1: Wheezer|move: Stealth Rock
|
|-heal|p2a: Skarmory|274\/334 par|[from] item: Leftovers
|turn|49
|
|switch|p1a: Skarmory|Skarmory, M|234\/334
|-damage|p1a: Skarmory|193\/334|[from] Stealth Rock
|switch|p2a: Mew|Mew|404\/404
|-damage|p2a: Mew|354\/404|[from] Stealth Rock
|
|-heal|p2a: Mew|379\/404|[from] item: Leftovers
|turn|50
|
|switch|p1a: Sableye|Sableye-Mega, F|304\/304
|-damage|p1a: Sableye|266\/304|[from] Stealth Rock
|move|p2a: Mew|Taunt|p1a: Sableye
|move|p1a: Sableye|Taunt|p2a: Mew|[from]Magic Bounce
|-start|p2a: Mew|move: Taunt
|
|-heal|p2a: Mew|404\/404|[from] item: Leftovers
|turn|51
|
|switch|p2a: Sylveon|Sylveon, M|310\/394
|-damage|p2a: Sylveon|261\/394|[from] Stealth Rock
|move|p1a: Sableye|Will-O-Wisp|p2a: Sylveon
|-status|p2a: Sylveon|brn
|
|-heal|p2a: Sylveon|285\/394 brn|[from] item: Leftovers
|-damage|p2a: Sylveon|236\/394 brn|[from] brn
|turn|52
|
|move|p2a: Sylveon|Heal Bell|p2a: Sylveon
|-cureteam|p2a: Sylveon|[from] move: HealBell
|move|p1a: Sableye|Will-O-Wisp|p2a: Sylveon|[miss]
|-miss|p1a: Sableye|p2a: Sylveon
|
|-heal|p2a: Sylveon|260\/394|[from] item: Leftovers
|turn|53
|
|switch|p1a: Chansey|Chansey, F|696\/704
|-damage|p1a: Chansey|608\/704|[from] Stealth Rock
|move|p2a: Sylveon|Hyper Voice|p1a: Chansey
|-damage|p1a: Chansey|503\/704
|
|-heal|p2a: Sylveon|284\/394|[from] item: Leftovers
|turn|54
|
|move|p2a: Sylveon|Wish|p2a: Sylveon
|move|p1a: Chansey|Soft-Boiled|p1a: Chansey
|-heal|p1a: Chansey|704\/704
|
|-heal|p2a: Sylveon|308\/394|[from] item: Leftovers
|turn|55
|
|switch|p2a: Staraptor|Staraptor, F|276\/311
|-damage|p2a: Staraptor|199\/311|[from] Stealth Rock
|switch|p1a: Skarmory|Skarmory, M|193\/334
|-damage|p1a: Skarmory|152\/334|[from] Stealth Rock
|
|-heal|p2a: Staraptor|311\/311|[from] move: Wish|[wisher] Sylveon
|turn|56
|
|move|p2a: Staraptor|Close Combat|p1a: Skarmory
|-damage|p1a: Skarmory|39\/334
|-unboost|p2a: Staraptor|def|1
|-unboost|p2a: Staraptor|spd|1
|move|p1a: Skarmory|Roost|p1a: Skarmory
|-heal|p1a: Skarmory|206\/334
|
|turn|57
|
|switch|p2a: Skarmory|Skarmory, F|274\/334
|-damage|p2a: Skarmory|233\/334|[from] Stealth Rock
|move|p1a: Skarmory|Roost|p1a: Skarmory
|-heal|p1a: Skarmory|334\/334
|
|-heal|p2a: Skarmory|253\/334|[from] item: Leftovers
|turn|58
|
|move|p2a: Skarmory|Defog|p1a: Skarmory
|-unboost|p1a: Skarmory|evasion|1
|-sideend|p1: Wheezer|Stealth Rock|[from] move: Defog|[of] p1a: Skarmory
|-sideend|p2: WeirdNick504|Stealth Rock|[from] move: Defog|[of] p2a: Skarmory
|move|p1a: Skarmory|Spikes|p2a: Skarmory
|-sidestart|p2: WeirdNick504|Spikes
|
|-heal|p2a: Skarmory|273\/334|[from] item: Leftovers
|turn|59
|
|move|p2a: Skarmory|Defog|p1a: Skarmory
|-unboost|p1a: Skarmory|evasion|1
|-sideend|p2: WeirdNick504|Spikes|[from] move: Defog|[of] p2a: Skarmory
|move|p1a: Skarmory|Spikes|p2a: Skarmory
|-sidestart|p2: WeirdNick504|Spikes
|
|-heal|p2a: Skarmory|293\/334|[from] item: Leftovers
|turn|60
|
|move|p2a: Skarmory|Brave Bird|p1a: Skarmory
|-resisted|p1a: Skarmory
|-damage|p1a: Skarmory|302\/334
|-damage|p2a: Skarmory|282\/334|[from] recoil|[of] p1a: Skarmory
|move|p1a: Skarmory|Whirlwind|p2a: Skarmory
|drag|p2a: Sylveon|Sylveon, M|308\/394
|-damage|p2a: Sylveon|259\/394|[from] Spikes
|
|-heal|p2a: Sylveon|283\/394|[from] item: Leftovers
|turn|61
|
|move|p1a: Skarmory|Spikes|p2a: Sylveon
|-sidestart|p2: WeirdNick504|Spikes
|move|p2a: Sylveon|Hyper Voice|p1a: Skarmory
|-crit|p1a: Skarmory
|-resisted|p1a: Skarmory
|-damage|p1a: Skarmory|164\/334
|
|-heal|p2a: Sylveon|307\/394|[from] item: Leftovers
|turn|62
|
|switch|p2a: Skarmory|Skarmory, F|282\/334
|move|p1a: Skarmory|Roost|p1a: Skarmory
|-heal|p1a: Skarmory|331\/334
|
|-heal|p2a: Skarmory|302\/334|[from] item: Leftovers
|turn|63
|
|switch|p1a: Quagsire|Quagsire, M|198\/394
|move|p2a: Skarmory|Defog|p1a: Quagsire
|-unboost|p1a: Quagsire|evasion|1
|-sideend|p2: WeirdNick504|Spikes|[from] move: Defog|[of] p2a: Skarmory
|
|-heal|p2a: Skarmory|322\/334|[from] item: Leftovers
|-heal|p1a: Quagsire|222\/394|[from] item: Leftovers
|turn|64
|
|move|p2a: Skarmory|Stealth Rock|p1a: Quagsire
|-sidestart|p1: Wheezer|move: Stealth Rock
|move|p1a: Quagsire|Recover|p1a: Quagsire
|-heal|p1a: Quagsire|394\/394
|
|-heal|p2a: Skarmory|334\/334|[from] item: Leftovers
|turn|65
|
|switch|p2a: Mew|Mew|404\/404
|switch|p1a: Chansey|Chansey, F|704\/704
|-damage|p1a: Chansey|616\/704|[from] Stealth Rock
|
|turn|66
|join|Turducken64
|
|switch|p1a: Sableye|Sableye-Mega, F|266\/304
|-damage|p1a: Sableye|228\/304|[from] Stealth Rock
|move|p2a: Mew|Knock Off|p1a: Sableye
|-crit|p1a: Sableye
|-damage|p1a: Sableye|182\/304
|
|turn|67
|c| Turducken64|not bad g2g in 5
|c|âWheezer|k
|
|switch|p2a: Sylveon|Sylveon, M|307\/394
|move|p1a: Sableye|Recover|p1a: Sableye
|-heal|p1a: Sableye|304\/304
|
|-heal|p2a: Sylveon|331\/394|[from] item: Leftovers
|turn|68
|
|switch|p2a: Altaria|Altaria-Mega, F|291\/291
|switch|p1a: Skarmory|Skarmory, M|331\/334
|-damage|p1a: Skarmory|290\/334|[from] Stealth Rock
|
|turn|69
|
|switch|p1a: Cresselia|Cresselia, F|444\/444
|-damage|p1a: Cresselia|389\/444|[from] Stealth Rock
|move|p2a: Altaria|Return|p1a: Cresselia
|-damage|p1a: Cresselia|245\/444
|
|-heal|p1a: Cresselia|272\/444|[from] item: Leftovers
|turn|70
|
|switch|p2a: Mew|Mew|404\/404
|move|p1a: Cresselia|Moonlight|p1a: Cresselia
|-heal|p1a: Cresselia|444\/444
|
|turn|71
|
|switch|p1a: Sableye|Sableye-Mega, F|304\/304
|-damage|p1a: Sableye|266\/304|[from] Stealth Rock
|move|p2a: Mew|Knock Off|p1a: Sableye
|-damage|p1a: Sableye|235\/304
|
|turn|72
|
|move|p2a: Mew|Knock Off|p1a: Sableye
|-damage|p1a: Sableye|205\/304
|move|p1a: Sableye|Will-O-Wisp|p2a: Mew
|-status|p2a: Mew|brn
|-status|p1a: Sableye|brn
|
|-damage|p2a: Mew|354\/404 brn|[from] brn
|-damage|p1a: Sableye|167\/304 brn|[from] brn
|turn|73
|
|switch|p2a: Altaria|Altaria-Mega, F|291\/291
|move|p1a: Sableye|Recover|p1a: Sableye
|-heal|p1a: Sableye|304\/304 brn
|
|-damage|p1a: Sableye|266\/304 brn|[from] brn
|turn|74
|
|switch|p1a: Skarmory|Skarmory, M|290\/334
|-damage|p1a: Skarmory|249\/334|[from] Stealth Rock
|move|p2a: Altaria|Dragon Dance|p2a: Altaria
|-boost|p2a: Altaria|atk|1
|-boost|p2a: Altaria|spe|1
|
|turn|75
|
|switch|p1a: Cresselia|Cresselia, F|444\/444
|-damage|p1a: Cresselia|389\/444|[from] Stealth Rock
|move|p2a: Altaria|Fire Blast|p1a: Cresselia
|-damage|p1a: Cresselia|313\/444
|
|-heal|p1a: Cresselia|340\/444|[from] item: Leftovers
|turn|76
|
|move|p2a: Altaria|Return|p1a: Cresselia
|-damage|p1a: Cresselia|126\/444
|move|p1a: Cresselia|Ice Beam|p2a: Altaria
|-supereffective|p2a: Altaria
|-damage|p2a: Altaria|165\/291
|-status|p2a: Altaria|frz
|
|-heal|p1a: Cresselia|153\/444|[from] item: Leftovers
|turn|77
|c|âWheezer|sorry
|c|âWeirdNick504|...
|
|switch|p2a: Sylveon|Sylveon, M|331\/394
|move|p1a: Cresselia|Moonlight|p1a: Cresselia
|-heal|p1a: Cresselia|375\/444
|
|-heal|p1a: Cresselia|402\/444|[from] item: Leftovers
|-heal|p2a: Sylveon|355\/394|[from] item: Leftovers
|turn|78
|
|move|p1a: Cresselia|Thunder Wave|p2a: Sylveon
|-status|p2a: Sylveon|par
|move|p2a: Sylveon|Heal Bell|p2a: Sylveon
|-cureteam|p2a: Sylveon|[from] move: HealBell
|
|-heal|p1a: Cresselia|429\/444|[from] item: Leftovers
|-heal|p2a: Sylveon|379\/394|[from] item: Leftovers
|turn|79
|
|move|p1a: Cresselia|Thunder Wave|p2a: Sylveon
|-status|p2a: Sylveon|par
|cant|p2a: Sylveon|par
|
|-heal|p1a: Cresselia|444\/444|[from] item: Leftovers
|-heal|p2a: Sylveon|394\/394 par|[from] item: Leftovers
|turn|80
|
|switch|p1a: Chansey|Chansey, F|616\/704
|-damage|p1a: Chansey|528\/704|[from] Stealth Rock
|cant|p2a: Sylveon|par
|
|turn|81
|
|switch|p2a: Skarmory|Skarmory, F|334\/334
|move|p1a: Chansey|Heal Bell|p1a: Chansey
|-cureteam|p1a: Chansey|[from] move: HealBell
|
|turn|82
|
|switch|p2a: Staraptor|Staraptor, F|311\/311
|move|p1a: Chansey|Stealth Rock|p2a: Staraptor
|-sidestart|p2: WeirdNick504|move: Stealth Rock
|
|turn|83
|
|switch|p1a: Skarmory|Skarmory, M|249\/334
|-damage|p1a: Skarmory|208\/334|[from] Stealth Rock
|move|p2a: Staraptor|U-turn|p1a: Skarmory
|-crit|p1a: Skarmory
|-resisted|p1a: Skarmory
|-damage|p1a: Skarmory|183\/334
|
|switch|p2a: Magnezone|Magnezone|281\/281
|-damage|p2a: Magnezone|264\/281|[from] Stealth Rock
|
|turn|84
|
|switch|p1a: Quagsire|Quagsire, M|394\/394
|-damage|p1a: Quagsire|370\/394|[from] Stealth Rock
|move|p2a: Magnezone|Thunderbolt|p1a: Quagsire
|-immune|p1a: Quagsire|[msg]
|
|-heal|p1a: Quagsire|394\/394|[from] item: Leftovers
|turn|85
|
|switch|p2a: Mew|Mew|354\/404
|-damage|p2a: Mew|304\/404|[from] Stealth Rock
|move|p1a: Quagsire|Toxic|p2a: Mew
|-status|p2a: Mew|tox
|-status|p1a: Quagsire|tox
|
|-heal|p2a: Mew|329\/404 tox|[from] item: Leftovers
|-damage|p2a: Mew|304\/404 tox|[from] psn
|-damage|p1a: Quagsire|370\/394 tox|[from] psn
|turn|86
|
|switch|p2a: Staraptor|Staraptor, F|311\/311
|-damage|p2a: Staraptor|234\/311|[from] Stealth Rock
|switch|p1a: Sableye|Sableye-Mega, F|266\/304
|-damage|p1a: Sableye|228\/304|[from] Stealth Rock
|
|turn|87
|
|move|p2a: Staraptor|Brave Bird|p1a: Sableye
|-damage|p1a: Sableye|0 fnt
|-damage|p2a: Staraptor|159\/311|[from] recoil|[of] p1a: Sableye
|faint|p1a: Sableye
|
|
|switch|p1a: Skarmory|Skarmory, M|183\/334
|-damage|p1a: Skarmory|142\/334|[from] Stealth Rock
|turn|88
|
|switch|p2a: Skarmory|Skarmory, F|334\/334
|-damage|p2a: Skarmory|293\/334|[from] Stealth Rock
|move|p1a: Skarmory|Roost|p1a: Skarmory
|-heal|p1a: Skarmory|309\/334
|
|-heal|p2a: Skarmory|313\/334|[from] item: Leftovers
|turn|89
|c|âWeirdNick504|i think mew just shuts down your team now
|
|move|p2a: Skarmory|Defog|p1a: Skarmory
|-unboost|p1a: Skarmory|evasion|1
|-sideend|p1: Wheezer|Stealth Rock|[from] move: Defog|[of] p1a: Skarmory
|-sideend|p2: WeirdNick504|Stealth Rock|[from] move: Defog|[of] p2a: Skarmory
|move|p1a: Skarmory|Spikes|p2a: Skarmory
|-sidestart|p2: WeirdNick504|Spikes
|
|-heal|p2a: Skarmory|333\/334|[from] item: Leftovers
|turn|90
|
|switch|p2a: Sylveon|Sylveon, M|394\/394 par
|-damage|p2a: Sylveon|345\/394 par|[from] Spikes
|move|p1a: Skarmory|Whirlwind|p2a: Sylveon
|drag|p2a: Skarmory|Skarmory, F|333\/334
|
|-heal|p2a: Skarmory|334\/334|[from] item: Leftovers
|turn|91
|
|switch|p1a: Chansey|Chansey, F|528\/704
|move|p2a: Skarmory|Defog|p1a: Chansey
|-unboost|p1a: Chansey|evasion|1
|-sideend|p2: WeirdNick504|Spikes|[from] move: Defog|[of] p2a: Skarmory
|
|turn|92
|
|switch|p2a: Sylveon|Sylveon, M|345\/394 par
|switch|p1a: Tentacruel|Tentacruel, F|56\/356
|
|-heal|p1a: Tentacruel|78\/356|[from] item: Black Sludge
|-heal|p2a: Sylveon|369\/394 par|[from] item: Leftovers
|turn|93
|
|move|p1a: Tentacruel|Acid Spray|p2a: Sylveon
|-supereffective|p2a: Sylveon
|-damage|p2a: Sylveon|321\/394 par
|-unboost|p2a: Sylveon|spd|2
|cant|p2a: Sylveon|par
|
|-heal|p1a: Tentacruel|100\/356|[from] item: Black Sludge
|-heal|p2a: Sylveon|345\/394 par|[from] item: Leftovers
|turn|94
|
|switch|p2a: Magnezone|Magnezone|264\/281
|move|p1a: Tentacruel|Knock Off|p2a: Magnezone
|-damage|p2a: Magnezone|221\/281
|-enditem|p2a: Magnezone|Choice Scarf|[from] move: Knock Off|[of] p1a: Tentacruel
|
|-heal|p1a: Tentacruel|122\/356|[from] item: Black Sludge
|turn|95
|
|switch|p1a: Quagsire|Quagsire, M|370\/394 tox
|switch|p2a: Sylveon|Sylveon, M|345\/394 par
|
|-heal|p1a: Quagsire|394\/394 tox|[from] item: Leftovers
|-heal|p2a: Sylveon|369\/394 par|[from] item: Leftovers
|-damage|p1a: Quagsire|370\/394 tox|[from] psn
|turn|96
|
|switch|p1a: Skarmory|Skarmory, M|309\/334
|move|p2a: Sylveon|Heal Bell|p2a: Sylveon
|-cureteam|p2a: Sylveon|[from] move: HealBell
|
|-heal|p2a: Sylveon|393\/394|[from] item: Leftovers
|turn|97
|
|switch|p2a: Mew|Mew|304\/404
|move|p1a: Skarmory|Spikes|p2a: Mew
|-sidestart|p2: WeirdNick504|Spikes
|
|-heal|p2a: Mew|329\/404|[from] item: Leftovers
|turn|98
|
|switch|p1a: Chansey|Chansey, F|528\/704
|move|p2a: Mew|Taunt|p1a: Chansey
|-start|p1a: Chansey|move: Taunt
|
|-heal|p2a: Mew|354\/404|[from] item: Leftovers
|turn|99
|
|switch|p1a: Tentacruel|Tentacruel, F|122\/356
|move|p2a: Mew|Knock Off|p1a: Tentacruel
|-damage|p1a: Tentacruel|5\/356
|-enditem|p1a: Tentacruel|Black Sludge|[from] move: Knock Off|[of] p2a: Mew
|
|-heal|p2a: Mew|379\/404|[from] item: Leftovers
|turn|100
|c|âWheezer|gg
|-message|Wheezer forfeited.
|leave|Wheezer
|
|win|WeirdNick504
|raw|Ladder updating...
|player|p1
|raw|Wheezer's rating: 1545 &rarr; <strong>1525<\/strong><br \/>(-20 for losing)
|raw|WeirdNick504's rating: 1549 &rarr; <strong>1569<\/strong><br \/>(+20 for winning)