|join|WeirdNick504
|join|Delta Abomination
|player|p1|WeirdNick504|80
|player|p2|Delta Abomination|153
|gametype|singles
|gen|6
|tier|OU
|rated
|clearpoke
|poke|p1|Diancie
|poke|p1|Ferrothorn, M
|poke|p1|Latias, F
|poke|p1|Magnezone
|poke|p1|Mew
|poke|p1|Gliscor, F
|poke|p2|Aerodactyl, M
|poke|p2|Skarmory, F
|poke|p2|Diggersby, F
|poke|p2|Kyurem-Black
|poke|p2|Bisharp, F
|poke|p2|Sylveon, F
|rule|Swagger Clause: Swagger is banned
|rule|Baton Pass Clause: Limit one PokÃ©mon knowing Baton Pass
|rule|Sleep Clause Mod: Limit one foe put to sleep
|rule|Species Clause: Limit one of each PokÃ©mon
|rule|OHKO Clause: OHKO moves are banned
|rule|Moody Clause: Moody is banned
|rule|Evasion Moves Clause: Evasion moves are banned
|rule|Endless Battle Clause: Forcing endless battles is banned
|rule|HP Percentage Mod: HP is shown in percentages
|teampreview
|
|start
|switch|p1a: Diancie|Diancie|241\/241
|switch|p2a: Bisharp|Bisharp, F|271\/271
|turn|1
|
|switch|p1a: Magnezone|Magnezone|281\/281
|move|p2a: Bisharp|Iron Head|p1a: Magnezone
|-resisted|p1a: Magnezone
|-damage|p1a: Magnezone|246\/281
|
|turn|2
|
|move|p2a: Bisharp|Sucker Punch|p1a: Magnezone
|-damage|p1a: Magnezone|119\/281
|move|p1a: Magnezone|Volt Switch|p2a: Bisharp
|-damage|p2a: Bisharp|157\/271
|
|switch|p1a: Gliscor|Gliscor, F|353\/353
|
|-status|p1a: Gliscor|tox|[from] item: Toxic Orb
|turn|3
|
|switch|p2a: Skarmory|Skarmory, F|333\/333
|move|p1a: Gliscor|Earthquake|p2a: Skarmory
|-immune|p2a: Skarmory|[msg]
|
|turn|4
|
|switch|p1a: Magnezone|Magnezone|119\/281
|move|p2a: Skarmory|Drill Peck|p1a: Magnezone
|-resisted|p1a: Magnezone
|-damage|p1a: Magnezone|103\/281
|
|turn|5
|
|switch|p2a: Diggersby|Diggersby, F|311\/311
|move|p1a: Magnezone|Thunderbolt|p2a: Diggersby
|-immune|p2a: Diggersby|[msg]
|
|turn|6
|
|switch|p1a: Gliscor|Gliscor, F|353\/353 tox
|move|p2a: Diggersby|Swords Dance|p2a: Diggersby
|-boost|p2a: Diggersby|atk|2
|
|turn|7
|
|move|p2a: Diggersby|Frustration|p1a: Gliscor
|-damage|p1a: Gliscor|1\/353 tox
|-damage|p2a: Diggersby|280\/311|[from] item: Life Orb
|move|p1a: Gliscor|Earthquake|p2a: Diggersby
|-damage|p2a: Diggersby|153\/311
|
|-heal|p1a: Gliscor|45\/353 tox|[from] ability: Poison Heal
|turn|8
|
|move|p2a: Diggersby|Frustration|p1a: Gliscor
|-damage|p1a: Gliscor|0 fnt
|-damage|p2a: Diggersby|122\/311|[from] item: Life Orb
|faint|p1a: Gliscor
|
|
|switch|p1a: Latias|Latias, F|301\/301
|turn|9
|
|move|p2a: Diggersby|Quick Attack|p1a: Latias
|-damage|p1a: Latias|46\/301
|-damage|p2a: Diggersby|91\/311|[from] item: Life Orb
|move|p1a: Latias|Psyshock|p2a: Diggersby
|-crit|p2a: Diggersby
|-damage|p2a: Diggersby|0 fnt
|-damage|p1a: Latias|16\/301|[from] item: Life Orb
|faint|p2a: Diggersby
|
|
|switch|p2a: Aerodactyl|Aerodactyl, M|301\/301
|-ability|p2a: Aerodactyl|Pressure
|turn|10
|
|switch|p1a: Ferrothorn|Ferrothorn, M|352\/352
|detailschange|p2a: Aerodactyl|Aerodactyl-Mega, M
|-mega|p2a: Aerodactyl|Aerodactyl|Aerodactylite
|move|p2a: Aerodactyl|Aerial Ace|p1a: Ferrothorn
|-damage|p1a: Ferrothorn|246\/352
|-damage|p2a: Aerodactyl|264\/301|[from] ability: Iron Barbs|[of] p1a: Ferrothorn
|
|-heal|p1a: Ferrothorn|268\/352|[from] item: Leftovers
|turn|11
|
|switch|p2a: Skarmory|Skarmory, F|333\/333
|move|p1a: Ferrothorn|Protect|p1a: Ferrothorn
|-fail|p1a: Ferrothorn
|
|-heal|p1a: Ferrothorn|290\/352|[from] item: Leftovers
|turn|12
|
|switch|p2a: Sylveon|Sylveon, F|389\/389
|switch|p1a: Latias|Latias, F|16\/301
|
|turn|13
|join|Know My Pain
|
|switch|p1a: Mew|Mew|403\/403
|move|p2a: Sylveon|Hyper Voice|p1a: Mew
|-damage|p1a: Mew|210\/403
|
|turn|14
|c|âWeirdNick504|ow
|c| Know My Pain|gliscor nuuu
|c|âWeirdNick504|specs
|
|move|p1a: Mew|Poison Jab|p2a: Sylveon
|-crit|p2a: Sylveon
|-supereffective|p2a: Sylveon
|-damage|p2a: Sylveon|13\/389
|move|p2a: Sylveon|Hyper Voice|p1a: Mew
|-damage|p1a: Mew|20\/403
|
|turn|15
|
|switch|p2a: Skarmory|Skarmory, F|333\/333
|move|p1a: Mew|Drain Punch|p2a: Skarmory
|-damage|p2a: Skarmory|285\/333
|-heal|p1a: Mew|44\/403|[from] drain|[of] p2a: Skarmory
|
|turn|16
|c| Know My Pain|ahhh
|c| Know My Pain|skarmory
|
|move|p1a: Mew|Knock Off|p2a: Skarmory
|-damage|p2a: Skarmory|223\/333
|-enditem|p2a: Skarmory|Shed Shell|[from] move: Knock Off|[of] p1a: Mew
|move|p2a: Skarmory|Drill Peck|p1a: Mew
|-damage|p1a: Mew|0 fnt
|faint|p1a: Mew
|
|c| Know My Pain|y o.o
|
|switch|p1a: Magnezone|Magnezone|103\/281
|turn|17
|c|âWeirdNick504|y what
|c| Know My Pain|nvm
|c| Know My Pain|i c
|
|move|p1a: Magnezone|Volt Switch|p2a: Skarmory
|-supereffective|p2a: Skarmory
|-damage|p2a: Skarmory|0 fnt
|faint|p2a: Skarmory
|c|âWeirdNick504|he had shed shell
|
|switch|p1a: Latias|Latias, F|16\/301
|
|
|switch|p2a: Aerodactyl|Aerodactyl-Mega, M|264\/301
|turn|18
|
|switch|p2a: Sylveon|Sylveon, F|13\/389
|switch|p1a: Magnezone|Magnezone|103\/281
|
|turn|19
|c|âWeirdNick504|he has hp fire lol
|
|move|p1a: Magnezone|Volt Switch|p2a: Sylveon
|-damage|p2a: Sylveon|0 fnt
|faint|p2a: Sylveon
|
|switch|p1a: Ferrothorn|Ferrothorn, M|290\/352
|
|-heal|p1a: Ferrothorn|312\/352|[from] item: Leftovers
|
|switch|p2a: Kyurem-Black|Kyurem-Black|405\/405
|-ability|p2a: Kyurem-Black|Teravolt
|turn|20
|
|move|p1a: Ferrothorn|Protect|p1a: Ferrothorn
|-singleturn|p1a: Ferrothorn|Protect
|move|p2a: Kyurem-Black|Substitute|p2a: Kyurem-Black
|-start|p2a: Kyurem-Black|Substitute
|-damage|p2a: Kyurem-Black|304\/405
|
|-heal|p2a: Kyurem-Black|329\/405|[from] item: Leftovers
|-heal|p1a: Ferrothorn|334\/352|[from] item: Leftovers
|turn|21
|c|âWeirdNick504|uh oh lol
|
|move|p2a: Kyurem-Black|Ice Beam|p1a: Ferrothorn
|-damage|p1a: Ferrothorn|222\/352
|move|p1a: Ferrothorn|Gyro Ball|p2a: Kyurem-Black
|-supereffective|p2a: Kyurem-Black
|-end|p2a: Kyurem-Black|Substitute
|
|-heal|p2a: Kyurem-Black|354\/405|[from] item: Leftovers
|-heal|p1a: Ferrothorn|244\/352|[from] item: Leftovers
|turn|22
|
|move|p2a: Kyurem-Black|Substitute|p2a: Kyurem-Black
|-start|p2a: Kyurem-Black|Substitute
|-damage|p2a: Kyurem-Black|253\/405
|move|p1a: Ferrothorn|Stealth Rock|p2a: Kyurem-Black
|-sidestart|p2: Delta Abomination|move: Stealth Rock
|
|-heal|p2a: Kyurem-Black|278\/405|[from] item: Leftovers
|-heal|p1a: Ferrothorn|266\/352|[from] item: Leftovers
|turn|23
|
|move|p2a: Kyurem-Black|Ice Beam|p1a: Ferrothorn
|-damage|p1a: Ferrothorn|157\/352
|move|p1a: Ferrothorn|Gyro Ball|p2a: Kyurem-Black
|-supereffective|p2a: Kyurem-Black
|-end|p2a: Kyurem-Black|Substitute
|
|-heal|p2a: Kyurem-Black|303\/405|[from] item: Leftovers
|-heal|p1a: Ferrothorn|179\/352|[from] item: Leftovers
|turn|24
|
|switch|p2a: Bisharp|Bisharp, F|157\/271
|-damage|p2a: Bisharp|141\/271|[from] Stealth Rock
|move|p1a: Ferrothorn|Leech Seed|p2a: Bisharp|[miss]
|-miss|p1a: Ferrothorn|p2a: Bisharp
|
|-heal|p1a: Ferrothorn|201\/352|[from] item: Leftovers
|turn|25
|c|âWeirdNick504|wow
|
|move|p1a: Ferrothorn|Protect|p1a: Ferrothorn
|-singleturn|p1a: Ferrothorn|Protect
|move|p2a: Bisharp|Knock Off|p1a: Ferrothorn
|-activate|p1a: Ferrothorn|Protect
|
|-heal|p1a: Ferrothorn|223\/352|[from] item: Leftovers
|turn|26
|
|move|p2a: Bisharp|Knock Off|p1a: Ferrothorn
|-damage|p1a: Ferrothorn|82\/352
|-damage|p2a: Bisharp|108\/271|[from] ability: Iron Barbs|[of] p1a: Ferrothorn
|-enditem|p1a: Ferrothorn|Leftovers|[from] move: Knock Off|[of] p2a: Bisharp
|move|p1a: Ferrothorn|Leech Seed|p2a: Bisharp
|-start|p2a: Bisharp|move: Leech Seed
|
|-damage|p2a: Bisharp|75\/271|[from] Leech Seed|[of] p1a: Ferrothorn
|-heal|p1a: Ferrothorn|115\/352|[silent]
|turn|27
|
|switch|p2a: Aerodactyl|Aerodactyl-Mega, M|264\/301
|-damage|p2a: Aerodactyl|189\/301|[from] Stealth Rock
|switch|p1a: Magnezone|Magnezone|103\/281
|
|turn|28
|
|move|p2a: Aerodactyl|Earthquake|p1a: Magnezone
|-supereffective|p1a: Magnezone
|-damage|p1a: Magnezone|0 fnt
|faint|p1a: Magnezone
|
|
|switch|p1a: Ferrothorn|Ferrothorn, M|115\/352
|turn|29
|
|move|p2a: Aerodactyl|Earthquake|p1a: Ferrothorn
|-damage|p1a: Ferrothorn|21\/352
|move|p1a: Ferrothorn|Leech Seed|p2a: Aerodactyl
|-start|p2a: Aerodactyl|move: Leech Seed
|
|-damage|p2a: Aerodactyl|152\/301|[from] Leech Seed|[of] p1a: Ferrothorn
|-heal|p1a: Ferrothorn|58\/352|[silent]
|turn|30
|
|move|p1a: Ferrothorn|Protect|p1a: Ferrothorn
|-singleturn|p1a: Ferrothorn|Protect
|move|p2a: Aerodactyl|Stone Edge|p1a: Ferrothorn
|-activate|p1a: Ferrothorn|Protect
|
|-damage|p2a: Aerodactyl|115\/301|[from] Leech Seed|[of] p1a: Ferrothorn
|-heal|p1a: Ferrothorn|95\/352|[silent]
|turn|31
|
|move|p2a: Aerodactyl|Earthquake|p1a: Ferrothorn
|-damage|p1a: Ferrothorn|0 fnt
|faint|p1a: Ferrothorn
|
|
|switch|p1a: Diancie|Diancie|241\/241
|turn|32
|
|move|p2a: Aerodactyl|Earthquake|p1a: Diancie
|-supereffective|p1a: Diancie
|-damage|p1a: Diancie|59\/241
|move|p1a: Diancie|Rock Polish|p1a: Diancie
|-boost|p1a: Diancie|spe|2
|
|-damage|p2a: Aerodactyl|78\/301|[from] Leech Seed|[of] p1a: Diancie
|-heal|p1a: Diancie|96\/241|[silent]
|turn|33
|
|detailschange|p1a: Diancie|Diancie-Mega
|-mega|p1a: Diancie|Diancie|Diancite
|move|p2a: Aerodactyl|Earthquake|p1a: Diancie
|-supereffective|p1a: Diancie
|-damage|p1a: Diancie|0 fnt
|faint|p1a: Diancie
|
|c| Know My Pain|o shit
|c| Know My Pain|lets go yo
|c| Know My Pain|wow wtf
|c|âWeirdNick504|I Thought he was adamant
|c| Know My Pain|-..-
|
|switch|p1a: Latias|Latias, F|16\/301
|turn|34
|c|âDelta Abomination|why when mega scept and mega lopp out speed adamant
|
|move|p2a: Aerodactyl|Aerial Ace|p1a: Latias
|-damage|p1a: Latias|0 fnt
|faint|p1a: Latias
|
|win|Delta Abomination
|raw|Ladder updating...
|raw|WeirdNick504's rating: 1351 &rarr; <strong>1334<\/strong><br \/>(-17 for losing)
|raw|Delta Abomination's rating: 1391 &rarr; <strong>1409<\/strong><br \/>(+18 for winning)
|c|âWeirdNick504|cause calcs lie
|c|âDelta Abomination|gg
|leave|WeirdNick504
|player|p1
|leave|Know My Pain