|join|Dio Povero
|join|With No Survivors
|player|p1|Dio Povero|168
|player|p2|With No Survivors|248
|gametype|singles
|gen|6
|tier|OU
|rated
|clearpoke
|poke|p1|Sableye, M
|poke|p1|Skarmory, M
|poke|p1|Chesnaught, M
|poke|p1|Chansey, F
|poke|p1|Talonflame, F
|poke|p1|Gastrodon, F
|poke|p2|Charizard, F
|poke|p2|Tyranitar, M
|poke|p2|Excadrill, F
|poke|p2|Chesnaught, F
|poke|p2|Slowbro, M
|poke|p2|Chansey, F
|rule|Swagger Clause: Swagger is banned
|rule|Baton Pass Clause: Limit one PokÃ©mon knowing Baton Pass
|rule|Sleep Clause Mod: Limit one foe put to sleep
|rule|Species Clause: Limit one of each PokÃ©mon
|rule|OHKO Clause: OHKO moves are banned
|rule|Moody Clause: Moody is banned
|rule|Evasion Moves Clause: Evasion moves are banned
|rule|Endless Battle Clause: Forcing endless battles is banned
|rule|HP Percentage Mod: HP is shown in percentages
|teampreview
|
|start
|switch|p1a: Sableye|Sableye, M|304\/304
|switch|p2a: Charizard|Charizard, F|297\/297
|turn|1
|
|detailschange|p2a: Charizard|Charizard-Mega-Y, F
|message|Charizard has Mega Evolved into Mega Charizard!
|-weather|SunnyDay
|detailschange|p1a: Sableye|Sableye-Mega, M
|message|Sableye has Mega Evolved into Mega Sableye!
|move|p2a: Charizard|Fire Blast|p1a: Sableye|[miss]
|-miss|p2a: Charizard|p1a: Sableye
|move|p1a: Sableye|Metal Burst|p2a: Charizard
|-fail|p2a: Charizard
|
|-weather|SunnyDay|[upkeep]
|turn|2
|c|âDio Povero|uff
|c|âDio Povero|:(
|c|âWith No Survivors|wow
|
|switch|p1a: Talonflame|Talonflame, F|359\/359
|move|p2a: Charizard|Fire Blast|p1a: Talonflame
|-resisted|p1a: Talonflame
|-damage|p1a: Talonflame|205\/359
|
|-weather|SunnyDay|[upkeep]
|-heal|p1a: Talonflame|227\/359|[from] item: Leftovers
|turn|3
|
|switch|p2a: Tyranitar|Tyranitar, M|404\/404
|-weather|Sandstorm
|switch|p1a: Sableye|Sableye-Mega, M|304\/304
|
|-weather|Sandstorm|[upkeep]
|-damage|p1a: Sableye|285\/304|[from] sandstorm
|turn|4
|
|switch|p2a: Charizard|Charizard-Mega-Y, F|297\/297
|-weather|SunnyDay
|move|p1a: Sableye|Knock Off|p2a: Charizard
|-crit|p2a: Charizard
|-damage|p2a: Charizard|179\/297
|
|-weather|SunnyDay|[upkeep]
|turn|5
|
|switch|p1a: Chansey|Chansey, F|642\/642
|move|p2a: Charizard|Roost|p2a: Charizard
|-heal|p2a: Charizard|297\/297
|
|-weather|SunnyDay|[upkeep]
|turn|6
|
|switch|p2a: Excadrill|Excadrill, F|362\/362
|move|p1a: Chansey|Toxic|p2a: Excadrill
|-fail|p2a: Excadrill
|
|-weather|SunnyDay|[upkeep]
|turn|7
|
|switch|p2a: Charizard|Charizard-Mega-Y, F|297\/297
|move|p1a: Chansey|Seismic Toss|p2a: Charizard
|-damage|p2a: Charizard|197\/297
|
|-weather|SunnyDay|[upkeep]
|turn|8
|
|switch|p2a: Excadrill|Excadrill, F|362\/362
|move|p1a: Chansey|Seismic Toss|p2a: Excadrill
|-damage|p2a: Excadrill|262\/362
|
|-weather|none
|turn|9
|
|switch|p2a: Chesnaught|Chesnaught, F|318\/318
|switch|p1a: Skarmory|Skarmory, M|334\/334
|
|turn|10
|
|move|p2a: Chesnaught|Drain Punch|p1a: Skarmory
|-damage|p1a: Skarmory|262\/334
|move|p1a: Skarmory|Stealth Rock|p2a: Chesnaught
|-sidestart|p2: With No Survivors|move: Stealth Rock
|
|turn|11
|
|switch|p1a: Sableye|Sableye-Mega, M|285\/304
|move|p2a: Chesnaught|Drain Punch|p1a: Sableye
|-immune|p1a: Sableye|[msg]
|
|turn|12
|
|move|p2a: Chesnaught|Substitute|p2a: Chesnaught
|-start|p2a: Chesnaught|Substitute
|-damage|p2a: Chesnaught|239\/318
|move|p1a: Sableye|Knock Off|p2a: Chesnaught
|-resisted|p2a: Chesnaught
|-activate|p2a: Chesnaught|Substitute|[damage]
|
|-heal|p2a: Chesnaught|258\/318|[from] item: Leftovers
|turn|13
|
|move|p2a: Chesnaught|Wood Hammer|p1a: Sableye
|-damage|p1a: Sableye|165\/304
|-damage|p2a: Chesnaught|218\/318|[from] recoil|[of] p1a: Sableye
|move|p1a: Sableye|Metal Burst|p2a: Chesnaught
|-end|p2a: Chesnaught|Substitute
|
|-heal|p2a: Chesnaught|237\/318|[from] item: Leftovers
|turn|14
|
|move|p2a: Chesnaught|Substitute|p2a: Chesnaught
|-start|p2a: Chesnaught|Substitute
|-damage|p2a: Chesnaught|158\/318
|move|p1a: Sableye|Recover|p1a: Sableye
|-heal|p1a: Sableye|304\/304
|
|-heal|p2a: Chesnaught|177\/318|[from] item: Leftovers
|turn|15
|
|switch|p1a: Chesnaught|Chesnaught, M|380\/380
|move|p2a: Chesnaught|Synthesis|p2a: Chesnaught
|-heal|p2a: Chesnaught|318\/318
|
|turn|16
|
|move|p2a: Chesnaught|Drain Punch|p1a: Chesnaught
|-damage|p1a: Chesnaught|301\/380
|move|p1a: Chesnaught|Spikes|p2a: Chesnaught
|-sidestart|p2: With No Survivors|Spikes
|
|-heal|p1a: Chesnaught|324\/380|[from] item: Leftovers
|turn|17
|
|switch|p2a: Excadrill|Excadrill, F|262\/362
|-damage|p2a: Excadrill|251\/362|[from] Stealth Rock
|-damage|p2a: Excadrill|206\/362|[from] Spikes
|move|p1a: Chesnaught|Drain Punch|p2a: Excadrill
|-supereffective|p2a: Excadrill
|-damage|p2a: Excadrill|0 fnt
|-heal|p1a: Chesnaught|380\/380|[from] drain|[of] p2a: Excadrill
|faint|p2a: Excadrill
|
|c|âWith No Survivors|good call
|c|âDio Povero|thanks
|
|switch|p2a: Slowbro|Slowbro, M|394\/394
|-damage|p2a: Slowbro|345\/394|[from] Spikes
|-damage|p2a: Slowbro|296\/394|[from] Stealth Rock
|turn|18
|
|move|p1a: Chesnaught|Spikes|p2a: Slowbro
|-sidestart|p2: With No Survivors|Spikes
|move|p2a: Slowbro|Scald|p1a: Chesnaught
|-resisted|p1a: Chesnaught
|-damage|p1a: Chesnaught|299\/380
|
|-heal|p1a: Chesnaught|322\/380|[from] item: Leftovers
|turn|19
|
|move|p1a: Chesnaught|Drain Punch|p2a: Slowbro
|-resisted|p2a: Slowbro
|-damage|p2a: Slowbro|251\/394
|-heal|p1a: Chesnaught|345\/380|[from] drain|[of] p2a: Slowbro
|-damage|p1a: Chesnaught|282\/380|[from] item: Rocky Helmet|[of] p2a: Slowbro
|move|p2a: Slowbro|Psychic|p1a: Chesnaught
|-supereffective|p1a: Chesnaught
|-damage|p1a: Chesnaught|0 fnt
|faint|p1a: Chesnaught
|
|c|âDio Povero|oh :(
|
|switch|p1a: Gastrodon|Gastrodon, F|426\/426
|turn|20
|
|switch|p1a: Talonflame|Talonflame, F|227\/359
|switch|p2a: Chansey|Chansey, F|642\/642
|-damage|p2a: Chansey|535\/642|[from] Spikes
|-damage|p2a: Chansey|455\/642|[from] Stealth Rock
|
|-heal|p1a: Talonflame|249\/359|[from] item: Leftovers
|turn|21
|
|move|p1a: Talonflame|Taunt|p2a: Chansey
|-start|p2a: Chansey|move: Taunt
|cant|p2a: Chansey|move: Taunt|Soft-Boiled
|
|-heal|p1a: Talonflame|271\/359|[from] item: Leftovers
|turn|22
|
|move|p1a: Talonflame|Bulk Up|p1a: Talonflame
|-boost|p1a: Talonflame|atk|1
|-boost|p1a: Talonflame|def|1
|move|p2a: Chansey|Seismic Toss|p1a: Talonflame
|-damage|p1a: Talonflame|171\/359
|
|-heal|p1a: Talonflame|193\/359|[from] item: Leftovers
|turn|23
|
|switch|p2a: Tyranitar|Tyranitar, M|404\/404
|-damage|p2a: Tyranitar|337\/404|[from] Spikes
|-damage|p2a: Tyranitar|287\/404|[from] Stealth Rock
|-weather|Sandstorm
|move|p1a: Talonflame|Roost|p1a: Talonflame
|-heal|p1a: Talonflame|359\/359
|
|-weather|Sandstorm|[upkeep]
|-damage|p1a: Talonflame|337\/359|[from] sandstorm
|-heal|p1a: Talonflame|359\/359|[from] item: Leftovers
|turn|24
|
|switch|p1a: Sableye|Sableye-Mega, M|304\/304
|move|p2a: Tyranitar|Rock Slide|p1a: Sableye
|-damage|p1a: Sableye|214\/304
|
|-weather|Sandstorm|[upkeep]
|-damage|p1a: Sableye|195\/304|[from] sandstorm
|turn|25
|
|move|p2a: Tyranitar|Rock Slide|p1a: Sableye
|-damage|p1a: Sableye|104\/304
|move|p1a: Sableye|Knock Off|p2a: Tyranitar
|-resisted|p2a: Tyranitar
|-damage|p2a: Tyranitar|245\/404
|-enditem|p2a: Tyranitar|Lum Berry|[from] move: Knock Off|[of] p1a: Sableye
|
|-weather|Sandstorm|[upkeep]
|-damage|p1a: Sableye|85\/304|[from] sandstorm
|turn|26
|
|switch|p1a: Gastrodon|Gastrodon, F|426\/426
|move|p2a: Tyranitar|Rock Slide|p1a: Gastrodon
|-resisted|p1a: Gastrodon
|-damage|p1a: Gastrodon|354\/426
|
|-weather|Sandstorm|[upkeep]
|-heal|p1a: Gastrodon|380\/426|[from] item: Leftovers
|turn|27
|
|switch|p1a: Sableye|Sableye-Mega, M|85\/304
|move|p2a: Tyranitar|Stealth Rock|p1a: Sableye
|move|p1a: Sableye|Stealth Rock|p2a: Tyranitar|[from]Magic Bounce
|-fail|p2a: Tyranitar
|
|-weather|none
|turn|28
|
|move|p2a: Tyranitar|Rock Slide|p1a: Sableye
|-damage|p1a: Sableye|0 fnt
|faint|p1a: Sableye
|
|
|switch|p1a: Gastrodon|Gastrodon, F|380\/426
|turn|29
|
|move|p2a: Tyranitar|Stealth Rock|p1a: Gastrodon
|-sidestart|p1: Dio Povero|move: Stealth Rock
|move|p1a: Gastrodon|Earthquake|p2a: Tyranitar
|-supereffective|p2a: Tyranitar
|-damage|p2a: Tyranitar|89\/404
|
|-heal|p1a: Gastrodon|406\/426|[from] item: Leftovers
|turn|30
|
|switch|p2a: Chesnaught|Chesnaught, F|318\/318
|-damage|p2a: Chesnaught|265\/318|[from] Spikes
|-damage|p2a: Chesnaught|246\/318|[from] Stealth Rock
|move|p1a: Gastrodon|Scald|p2a: Chesnaught
|-resisted|p2a: Chesnaught
|-damage|p2a: Chesnaught|194\/318
|
|-heal|p2a: Chesnaught|213\/318|[from] item: Leftovers
|-heal|p1a: Gastrodon|426\/426|[from] item: Leftovers
|turn|31
|
|switch|p1a: Talonflame|Talonflame, F|359\/359
|-damage|p1a: Talonflame|180\/359|[from] Stealth Rock
|move|p2a: Chesnaught|Drain Punch|p1a: Talonflame
|-resisted|p1a: Talonflame
|-damage|p1a: Talonflame|100\/359
|-heal|p2a: Chesnaught|253\/318|[from] drain|[of] p1a: Talonflame
|
|-heal|p1a: Talonflame|122\/359|[from] item: Leftovers
|-heal|p2a: Chesnaught|272\/318|[from] item: Leftovers
|turn|32
|
|move|p1a: Talonflame|Roost|p1a: Talonflame
|-heal|p1a: Talonflame|302\/359
|move|p2a: Chesnaught|Drain Punch|p1a: Talonflame
|-damage|p1a: Talonflame|121\/359
|-heal|p2a: Chesnaught|318\/318|[from] drain|[of] p1a: Talonflame
|
|-heal|p1a: Talonflame|143\/359|[from] item: Leftovers
|turn|33
|
|move|p1a: Talonflame|Bulk Up|p1a: Talonflame
|-boost|p1a: Talonflame|atk|1
|-boost|p1a: Talonflame|def|1
|move|p2a: Chesnaught|Drain Punch|p1a: Talonflame
|-resisted|p1a: Talonflame
|-damage|p1a: Talonflame|86\/359
|
|-heal|p1a: Talonflame|108\/359|[from] item: Leftovers
|turn|34
|
|switch|p2a: Slowbro|Slowbro, M|382\/394
|-damage|p2a: Slowbro|317\/394|[from] Spikes
|-damage|p2a: Slowbro|268\/394|[from] Stealth Rock
|move|p1a: Talonflame|Roost|p1a: Talonflame
|-heal|p1a: Talonflame|288\/359
|
|-heal|p1a: Talonflame|310\/359|[from] item: Leftovers
|turn|35
|
|move|p1a: Talonflame|Bulk Up|p1a: Talonflame
|-boost|p1a: Talonflame|atk|1
|-boost|p1a: Talonflame|def|1
|move|p2a: Slowbro|Slack Off|p2a: Slowbro
|-heal|p2a: Slowbro|394\/394
|
|-heal|p1a: Talonflame|332\/359|[from] item: Leftovers
|turn|36
|
|move|p1a: Talonflame|Brave Bird|p2a: Slowbro
|-crit|p2a: Slowbro
|-damage|p2a: Slowbro|75\/394
|-damage|p1a: Talonflame|273\/359|[from] item: Rocky Helmet|[of] p2a: Slowbro
|-damage|p1a: Talonflame|168\/359|[from] recoil|[of] p2a: Slowbro
|move|p2a: Slowbro|Scald|p1a: Talonflame
|-supereffective|p1a: Talonflame
|-damage|p1a: Talonflame|0 fnt
|faint|p1a: Talonflame
|
|c|âDio Povero|shiy
|c|âDio Povero|that crit XD
|c|âWith No Survivors|word
|c|âWith No Survivors|almost scared me
|c|âDio Povero|u run spa evs?
|c|âWith No Survivors|mhm
|c|âDio Povero|0 SpA Slowbro Scald vs. 248 HP \/ 252+ SpD Talonflame: 156-186 (43.4 - 51.8%)
|c|âWith No Survivors|I think Ches got it, but I could be wrong
|c|âDio Povero|i lose because of mine ch
|c|âDio Povero|gr8
|c|âDio Povero|no lol
|c|âDio Povero|i've counter on skarmo, i've talonflame
|c|âDio Povero|ches do nothing
|c|âWith No Survivors|and I have sub
|c|âDio Povero|u sub, drain punch, counter
|c|âDio Povero|pointless
|c|âWith No Survivors|and repeat
|c|âDio Povero|i lose because of this ch
|
|switch|p1a: Gastrodon|Gastrodon, F|426\/426
|-damage|p1a: Gastrodon|400\/426|[from] Stealth Rock
|turn|37
|
|switch|p2a: Tyranitar|Tyranitar, M|89\/404
|-damage|p2a: Tyranitar|22\/404|[from] Spikes
|-damage|p2a: Tyranitar|0 fnt|[from] Stealth Rock
|faint|p2a: Tyranitar
|move|p1a: Gastrodon|Earthquake|p2: Tyranitar|[notarget]
|-notarget
|
|-heal|p1a: Gastrodon|426\/426|[from] item: Leftovers
|c|âDio Povero|and isn't funn
|
|switch|p2a: Chesnaught|Chesnaught, F|318\/318
|-damage|p2a: Chesnaught|299\/318|[from] Stealth Rock
|-damage|p2a: Chesnaught|246\/318|[from] Spikes
|turn|38
|
|switch|p1a: Skarmory|Skarmory, M|262\/334
|-damage|p1a: Skarmory|221\/334|[from] Stealth Rock
|move|p2a: Chesnaught|Wood Hammer|p1a: Skarmory
|-resisted|p1a: Skarmory
|-damage|p1a: Skarmory|192\/334
|-damage|p2a: Chesnaught|236\/318|[from] recoil|[of] p1a: Skarmory
|
|-heal|p2a: Chesnaught|255\/318|[from] item: Leftovers
|turn|39
|
|move|p2a: Chesnaught|Substitute|p2a: Chesnaught
|-start|p2a: Chesnaught|Substitute
|-damage|p2a: Chesnaught|176\/318
|move|p1a: Skarmory|Roost|p1a: Skarmory
|-heal|p1a: Skarmory|334\/334
|
|-heal|p2a: Chesnaught|195\/318|[from] item: Leftovers
|turn|40
|
|move|p2a: Chesnaught|Synthesis|p2a: Chesnaught
|-heal|p2a: Chesnaught|318\/318
|move|p1a: Skarmory|Counter|p2a: Chesnaught
|-fail|p2a: Chesnaught
|
|turn|41
|
|move|p2a: Chesnaught|Drain Punch|p1a: Skarmory
|-damage|p1a: Skarmory|256\/334
|move|p1a: Skarmory|Counter|p2a: Chesnaught
|-end|p2a: Chesnaught|Substitute
|
|turn|42
|
|move|p2a: Chesnaught|Substitute|p2a: Chesnaught
|-start|p2a: Chesnaught|Substitute
|-damage|p2a: Chesnaught|239\/318
|move|p1a: Skarmory|Roost|p1a: Skarmory
|-heal|p1a: Skarmory|334\/334
|
|-heal|p2a: Chesnaught|258\/318|[from] item: Leftovers
|turn|43
|
|move|p2a: Chesnaught|Drain Punch|p1a: Skarmory
|-damage|p1a: Skarmory|258\/334
|-heal|p2a: Chesnaught|296\/318|[from] drain|[of] p1a: Skarmory
|move|p1a: Skarmory|Defog|p2a: Chesnaught
|-sideend|p2: With No Survivors|Spikes|[from] move: Defog|[of] p2a: Chesnaught
|-sideend|p2: With No Survivors|Stealth Rock|[from] move: Defog|[of] p2a: Chesnaught
|-sideend|p1: Dio Povero|Stealth Rock|[from] move: Defog|[of] p1a: Skarmory
|
|-heal|p2a: Chesnaught|315\/318|[from] item: Leftovers
|turn|44
|c|âWith No Survivors|oh thanks
|
|switch|p2a: Charizard|Charizard-Mega-Y, F|197\/297
|-weather|SunnyDay
|move|p1a: Skarmory|Stealth Rock|p2a: Charizard
|-sidestart|p2: With No Survivors|move: Stealth Rock
|
|-weather|SunnyDay|[upkeep]
|turn|45
|c|âDio Povero|^^
|
|switch|p1a: Chansey|Chansey, F|642\/642
|move|p2a: Charizard|Roost|p2a: Charizard
|-heal|p2a: Charizard|297\/297
|
|-weather|SunnyDay|[upkeep]
|turn|46
|
|switch|p2a: Chansey|Chansey, F|455\/642
|-damage|p2a: Chansey|375\/642|[from] Stealth Rock
|move|p1a: Chansey|Toxic|p2a: Chansey
|-status|p2a: Chansey|tox
|
|-weather|SunnyDay|[upkeep]
|-damage|p2a: Chansey|335\/642 tox|[from] psn
|turn|47
|
|move|p1a: Chansey|Seismic Toss|p2a: Chansey
|-damage|p2a: Chansey|235\/642 tox
|move|p2a: Chansey|Soft-Boiled|p2a: Chansey
|-heal|p2a: Chansey|556\/642 tox
|
|-weather|SunnyDay|[upkeep]
|-damage|p2a: Chansey|476\/642 tox|[from] psn
|turn|48
|
|move|p2a: Chansey|Aromatherapy|p2a: Chansey
|-cureteam|p2a: Chansey|[from] move: Aromatherapy
|move|p1a: Chansey|Seismic Toss|p2a: Chansey
|-damage|p2a: Chansey|376\/642
|
|-weather|none
|turn|49
|
|move|p2a: Chansey|Thunder Wave|p1a: Chansey
|-status|p1a: Chansey|par
|move|p1a: Chansey|Toxic|p2a: Chansey
|-status|p2a: Chansey|tox
|
|-damage|p2a: Chansey|336\/642 tox|[from] psn
|turn|50
|
|move|p2a: Chansey|Soft-Boiled|p2a: Chansey
|-heal|p2a: Chansey|642\/642 tox
|move|p1a: Chansey|Seismic Toss|p2a: Chansey
|-damage|p2a: Chansey|542\/642 tox
|
|-damage|p2a: Chansey|462\/642 tox|[from] psn
|turn|51
|
|switch|p2a: Chesnaught|Chesnaught, F|315\/318
|-damage|p2a: Chesnaught|296\/318|[from] Stealth Rock
|move|p1a: Chansey|Toxic|p2a: Chesnaught
|-status|p2a: Chesnaught|tox
|
|-heal|p2a: Chesnaught|315\/318 tox|[from] item: Leftovers
|-damage|p2a: Chesnaught|296\/318 tox|[from] psn
|turn|52
|
|switch|p2a: Slowbro|Slowbro, M|206\/394
|-damage|p2a: Slowbro|157\/394|[from] Stealth Rock
|switch|p1a: Skarmory|Skarmory, M|258\/334
|
|turn|53
|
|switch|p1a: Gastrodon|Gastrodon, F|426\/426
|move|p2a: Slowbro|Fire Blast|p1a: Gastrodon
|-resisted|p1a: Gastrodon
|-damage|p1a: Gastrodon|358\/426
|
|-heal|p1a: Gastrodon|384\/426|[from] item: Leftovers
|turn|54
|
|move|p1a: Gastrodon|Earthquake|p2a: Slowbro
|-crit|p2a: Slowbro
|-damage|p2a: Slowbro|43\/394
|move|p2a: Slowbro|Slack Off|p2a: Slowbro
|-heal|p2a: Slowbro|240\/394
|
|-heal|p1a: Gastrodon|410\/426|[from] item: Leftovers
|turn|55
|c|âWith No Survivors|stop scaring me D:
|
|move|p1a: Gastrodon|Toxic|p2a: Slowbro
|-status|p2a: Slowbro|tox
|move|p2a: Slowbro|Slack Off|p2a: Slowbro
|-heal|p2a: Slowbro|394\/394 tox
|
|-heal|p1a: Gastrodon|426\/426|[from] item: Leftovers
|-damage|p2a: Slowbro|370\/394 tox|[from] psn
|turn|56
|
|move|p1a: Gastrodon|Scald|p2a: Slowbro
|-resisted|p2a: Slowbro
|-damage|p2a: Slowbro|314\/394 tox
|move|p2a: Slowbro|Psychic|p1a: Gastrodon
|-damage|p1a: Gastrodon|258\/426
|
|-heal|p1a: Gastrodon|284\/426|[from] item: Leftovers
|-damage|p2a: Slowbro|266\/394 tox|[from] psn
|turn|57
|
|switch|p2a: Chansey|Chansey, F|462\/642
|-damage|p2a: Chansey|382\/642|[from] Stealth Rock
|move|p1a: Gastrodon|Scald|p2a: Chansey
|-damage|p2a: Chansey|334\/642
|
|-heal|p1a: Gastrodon|310\/426|[from] item: Leftovers
|turn|58
|
|switch|p1a: Chansey|Chansey, F|642\/642
|move|p2a: Chansey|Soft-Boiled|p2a: Chansey
|-heal|p2a: Chansey|642\/642
|
|turn|59
|
|move|p1a: Chansey|Seismic Toss|p2a: Chansey
|-damage|p2a: Chansey|542\/642
|move|p2a: Chansey|Aromatherapy|p2a: Chansey
|-cureteam|p2a: Chansey|[from] move: Aromatherapy
|
|turn|60
|
|move|p1a: Chansey|Toxic|p2a: Chansey
|-status|p2a: Chansey|tox
|move|p2a: Chansey|Thunder Wave|p1a: Chansey
|-status|p1a: Chansey|par
|
|-damage|p2a: Chansey|502\/642 tox|[from] psn
|turn|61
|
|switch|p2a: Chesnaught|Chesnaught, F|296\/318
|-damage|p2a: Chesnaught|277\/318|[from] Stealth Rock
|move|p1a: Chansey|Toxic|p2a: Chesnaught
|-status|p2a: Chesnaught|tox
|
|-heal|p2a: Chesnaught|296\/318 tox|[from] item: Leftovers
|-damage|p2a: Chesnaught|277\/318 tox|[from] psn
|turn|62
|c|âDio Povero|can u foirfet?
|c|âDio Povero|i overpredict u over single turn
|c|âWith No Survivors|I kinda have the advantage in PP, so nah
|
|switch|p2a: Chansey|Chansey, F|502\/642
|-damage|p2a: Chansey|422\/642|[from] Stealth Rock
|switch|p1a: Skarmory|Skarmory, M|258\/334
|
|turn|63
|
|switch|p1a: Chansey|Chansey, F|642\/642
|move|p2a: Chansey|Thunder Wave|p1a: Chansey
|-status|p1a: Chansey|par
|
|turn|64
|
|move|p2a: Chansey|Seismic Toss|p1a: Chansey
|-damage|p1a: Chansey|542\/642 par
|move|p1a: Chansey|Seismic Toss|p2a: Chansey
|-damage|p2a: Chansey|322\/642
|
|turn|65
|
|move|p2a: Chansey|Seismic Toss|p1a: Chansey
|-damage|p1a: Chansey|442\/642 par
|move|p1a: Chansey|Seismic Toss|p2a: Chansey
|-damage|p2a: Chansey|222\/642
|
|turn|66
|
|switch|p1a: Gastrodon|Gastrodon, F|310\/426
|move|p2a: Chansey|Soft-Boiled|p2a: Chansey
|-heal|p2a: Chansey|543\/642
|
|-heal|p1a: Gastrodon|336\/426|[from] item: Leftovers
|turn|67
|
|switch|p2a: Slowbro|Slowbro, M|394\/394
|-damage|p2a: Slowbro|345\/394|[from] Stealth Rock
|move|p1a: Gastrodon|Scald|p2a: Slowbro
|-crit|p2a: Slowbro
|-resisted|p2a: Slowbro
|-damage|p2a: Slowbro|268\/394
|-status|p2a: Slowbro|brn
|
|-heal|p1a: Gastrodon|362\/426|[from] item: Leftovers
|-damage|p2a: Slowbro|219\/394 brn|[from] brn
|turn|68
|
|switch|p2a: Chansey|Chansey, F|543\/642
|-damage|p2a: Chansey|463\/642|[from] Stealth Rock
|move|p1a: Gastrodon|Earthquake|p2a: Chansey
|-damage|p2a: Chansey|348\/642
|
|-heal|p1a: Gastrodon|388\/426|[from] item: Leftovers
|turn|69
|
|move|p2a: Chansey|Soft-Boiled|p2a: Chansey
|-heal|p2a: Chansey|642\/642
|move|p1a: Gastrodon|Scald|p2a: Chansey
|-damage|p2a: Chansey|593\/642
|-status|p2a: Chansey|brn
|
|-heal|p1a: Gastrodon|414\/426|[from] item: Leftovers
|-damage|p2a: Chansey|513\/642 brn|[from] brn
|turn|70
|
|switch|p1a: Skarmory|Skarmory, M|258\/334
|move|p2a: Chansey|Seismic Toss|p1a: Skarmory
|-damage|p1a: Skarmory|158\/334
|
|-damage|p2a: Chansey|433\/642 brn|[from] brn
|turn|71
|
|move|p1a: Skarmory|Roost|p1a: Skarmory
|-heal|p1a: Skarmory|325\/334
|move|p2a: Chansey|Thunder Wave|p1a: Skarmory
|-status|p1a: Skarmory|par
|
|-damage|p2a: Chansey|353\/642 brn|[from] brn
|turn|72
|
|switch|p1a: Chansey|Chansey, F|442\/642
|move|p2a: Chansey|Aromatherapy|p2a: Chansey
|-cureteam|p2a: Chansey|[from] move: Aromatherapy
|
|turn|73
|
|move|p2a: Chansey|Thunder Wave|p1a: Chansey
|-status|p1a: Chansey|par
|move|p1a: Chansey|Toxic|p2a: Chansey
|-status|p2a: Chansey|tox
|
|-damage|p2a: Chansey|313\/642 tox|[from] psn
|turn|74
|
|switch|p2a: Chesnaught|Chesnaught, F|277\/318
|-damage|p2a: Chesnaught|258\/318|[from] Stealth Rock
|cant|p1a: Chansey|par
|
|-heal|p2a: Chesnaught|277\/318|[from] item: Leftovers
|turn|75
|
|switch|p1a: Skarmory|Skarmory, M|325\/334 par
|move|p2a: Chesnaught|Substitute|p2a: Chesnaught
|-start|p2a: Chesnaught|Substitute
|-damage|p2a: Chesnaught|198\/318
|
|-heal|p2a: Chesnaught|217\/318|[from] item: Leftovers
|turn|76
|
|move|p2a: Chesnaught|Drain Punch|p1a: Skarmory
|-damage|p1a: Skarmory|247\/334 par
|-heal|p2a: Chesnaught|256\/318|[from] drain|[of] p1a: Skarmory
|move|p1a: Skarmory|Counter|p2a: Chesnaught
|-end|p2a: Chesnaught|Substitute
|
|-heal|p2a: Chesnaught|275\/318|[from] item: Leftovers
|turn|77
|
|move|p2a: Chesnaught|Drain Punch|p1a: Skarmory
|-damage|p1a: Skarmory|169\/334 par
|-heal|p2a: Chesnaught|314\/318|[from] drain|[of] p1a: Skarmory
|cant|p1a: Skarmory|par
|
|-heal|p2a: Chesnaught|318\/318|[from] item: Leftovers
|turn|78
|
|move|p2a: Chesnaught|Drain Punch|p1a: Skarmory
|-damage|p1a: Skarmory|94\/334 par
|move|p1a: Skarmory|Roost|p1a: Skarmory
|-heal|p1a: Skarmory|261\/334 par
|
|turn|79
|
|move|p2a: Chesnaught|Substitute|p2a: Chesnaught
|-start|p2a: Chesnaught|Substitute
|-damage|p2a: Chesnaught|239\/318
|cant|p1a: Skarmory|par
|
|-heal|p2a: Chesnaught|258\/318|[from] item: Leftovers
|turn|80
|
|switch|p2a: Charizard|Charizard-Mega-Y, F|297\/297
|-damage|p2a: Charizard|149\/297|[from] Stealth Rock
|-weather|SunnyDay
|move|p1a: Skarmory|Counter|p2a: Charizard
|-fail|p2a: Charizard
|
|-weather|SunnyDay|[upkeep]
|turn|81
|
|switch|p1a: Chansey|Chansey, F|442\/642
|move|p2a: Charizard|Fire Blast|p1a: Chansey|[miss]
|-miss|p2a: Charizard|p1a: Chansey
|
|-weather|SunnyDay|[upkeep]
|turn|82
|
|move|p2a: Charizard|Roost|p2a: Charizard
|-heal|p2a: Charizard|297\/297
|move|p1a: Chansey|Toxic|p2a: Charizard
|-status|p2a: Charizard|tox
|
|-weather|SunnyDay|[upkeep]
|-damage|p2a: Charizard|279\/297 tox|[from] psn
|turn|83
|
|move|p2a: Charizard|Fire Blast|p1a: Chansey
|-damage|p1a: Chansey|282\/642
|move|p1a: Chansey|Toxic|p2a: Charizard
|-fail|p2a: Charizard|tox
|
|-weather|SunnyDay|[upkeep]
|-damage|p2a: Charizard|243\/297 tox|[from] psn
|turn|84
|c|âWith No Survivors|crit max can ohko at this range :S
|
|move|p2a: Charizard|Fire Blast|p1a: Chansey|[miss]
|-miss|p2a: Charizard|p1a: Chansey
|move|p1a: Chansey|Soft-Boiled|p1a: Chansey
|-heal|p1a: Chansey|603\/642
|
|-weather|none
|-damage|p2a: Charizard|189\/297 tox|[from] psn
|turn|85
|c|âWith No Survivors|XD
|
|switch|p2a: Chansey|Chansey, F|313\/642
|-damage|p2a: Chansey|233\/642|[from] Stealth Rock
|switch|p1a: Gastrodon|Gastrodon, F|414\/426
|
|-heal|p1a: Gastrodon|426\/426|[from] item: Leftovers
|turn|86
|
|move|p2a: Chansey|Soft-Boiled|p2a: Chansey
|-heal|p2a: Chansey|554\/642
|move|p1a: Gastrodon|Scald|p2a: Chansey
|-damage|p2a: Chansey|509\/642
|-status|p2a: Chansey|brn
|
|-damage|p2a: Chansey|429\/642 brn|[from] brn
|turn|87
|
|switch|p1a: Skarmory|Skarmory, M|261\/334 par
|move|p2a: Chansey|Aromatherapy|p2a: Chansey
|-cureteam|p2a: Chansey|[from] move: Aromatherapy
|
|turn|88
|
|move|p2a: Chansey|Seismic Toss|p1a: Skarmory
|-damage|p1a: Skarmory|161\/334 par
|cant|p1a: Skarmory|par
|
|turn|89
|
|move|p2a: Chansey|Seismic Toss|p1a: Skarmory
|-damage|p1a: Skarmory|61\/334 par
|move|p1a: Skarmory|Roost|p1a: Skarmory
|-heal|p1a: Skarmory|228\/334 par
|
|turn|90
|
|switch|p1a: Chansey|Chansey, F|603\/642
|move|p2a: Chansey|Soft-Boiled|p2a: Chansey
|-heal|p2a: Chansey|642\/642
|
|turn|91
|
|move|p1a: Chansey|Toxic|p2a: Chansey
|-status|p2a: Chansey|tox
|move|p2a: Chansey|Thunder Wave|p1a: Chansey
|-status|p1a: Chansey|par
|
|-damage|p2a: Chansey|602\/642 tox|[from] psn
|turn|92
|
|switch|p2a: Slowbro|Slowbro, M|350\/394
|-damage|p2a: Slowbro|301\/394|[from] Stealth Rock
|cant|p1a: Chansey|par
|
|turn|93
|
|move|p2a: Slowbro|Psychic|p1a: Chansey
|-damage|p1a: Chansey|522\/642 par
|cant|p1a: Chansey|par
|
|turn|94
|
|switch|p1a: Gastrodon|Gastrodon, F|426\/426
|move|p2a: Slowbro|Psychic|p1a: Gastrodon
|-damage|p1a: Gastrodon|245\/426
|
|-heal|p1a: Gastrodon|271\/426|[from] item: Leftovers
|turn|95
|
|move|p1a: Gastrodon|Toxic|p2a: Slowbro
|-status|p2a: Slowbro|tox
|move|p2a: Slowbro|Psychic|p1a: Gastrodon
|-damage|p1a: Gastrodon|106\/426
|
|-heal|p1a: Gastrodon|132\/426|[from] item: Leftovers
|-damage|p2a: Slowbro|277\/394 tox|[from] psn
|turn|96
|
|switch|p2a: Chesnaught|Chesnaught, F|258\/318
|-damage|p2a: Chesnaught|239\/318|[from] Stealth Rock
|move|p1a: Gastrodon|Recover|p1a: Gastrodon
|-heal|p1a: Gastrodon|345\/426
|
|-heal|p2a: Chesnaught|258\/318|[from] item: Leftovers
|-heal|p1a: Gastrodon|371\/426|[from] item: Leftovers
|turn|97
|
|move|p2a: Chesnaught|Wood Hammer|p1a: Gastrodon
|-supereffective|p1a: Gastrodon
|-damage|p1a: Gastrodon|0 fnt
|-damage|p2a: Chesnaught|136\/318|[from] recoil|[of] p1a: Gastrodon
|faint|p1a: Gastrodon
|
|-heal|p2a: Chesnaught|155\/318|[from] item: Leftovers
|
|switch|p1a: Skarmory|Skarmory, M|228\/334 par
|turn|98
|c|âDio Povero|gg
|-message|Dio Povero forfeited.
|
|win|With No Survivors
|raw|Ladder updating...
|leave|Dio Povero
|player|p1
|c|âWith No Survivors|gg
|raw|Dio Povero's rating: 1702 &rarr; <strong>1678<\/strong><br \/>(-24 for losing)
|raw|With No Survivors's rating: 1621 &rarr; <strong>1645<\/strong><br \/>(+24 for winning)