|join|gran chelin
|join|With No Survivors
|player|p1|gran chelin|164
|player|p2|With No Survivors|248
|gametype|singles
|gen|6
|tier|OU
|rated
|clearpoke
|poke|p1|Azelf
|poke|p1|Diggersby, F
|poke|p1|Breloom, M
|poke|p1|Thundurus, M
|poke|p1|Keldeo
|poke|p1|Scizor, M
|poke|p2|Excadrill, F
|poke|p2|Tyranitar, M
|poke|p2|Landorus-Therian, M
|poke|p2|Diancie
|poke|p2|Chesnaught, M
|poke|p2|Amoonguss, M
|rule|Swagger Clause: Swagger is banned
|rule|Baton Pass Clause: Limit one PokÃ©mon knowing Baton Pass
|rule|Sleep Clause Mod: Limit one foe put to sleep
|rule|Species Clause: Limit one of each PokÃ©mon
|rule|OHKO Clause: OHKO moves are banned
|rule|Moody Clause: Moody is banned
|rule|Evasion Moves Clause: Evasion moves are banned
|rule|Endless Battle Clause: Forcing endless battles is banned
|rule|HP Percentage Mod: HP is shown in percentages
|teampreview
|
|start
|switch|p1a: Azelf|Azelf|291\/291
|switch|p2a: Landorus-Therian|Landorus-Therian, M|320\/320
|-ability|p2a: Landorus-Therian|Intimidate|[of] p1a: Azelf
|-unboost|p1a: Azelf|atk|1
|turn|1
|
|move|p2a: Landorus-Therian|U-turn|p1a: Azelf
|-supereffective|p1a: Azelf
|-damage|p1a: Azelf|17\/291
|
|switch|p2a: Tyranitar|Tyranitar, M|404\/404
|-weather|Sandstorm
|move|p1a: Azelf|Taunt|p2a: Tyranitar
|-start|p2a: Tyranitar|move: Taunt
|
|-weather|Sandstorm|[upkeep]
|-damage|p1a: Azelf|0 fnt|[from] sandstorm
|faint|p1a: Azelf
|
|switch|p1a: Diggersby|Diggersby, F|311\/311
|turn|2
|
|switch|p2a: Landorus-Therian|Landorus-Therian, M|320\/320
|-ability|p2a: Landorus-Therian|Intimidate|[of] p1a: Diggersby
|-unboost|p1a: Diggersby|atk|1
|move|p1a: Diggersby|Swords Dance|p1a: Diggersby
|-boost|p1a: Diggersby|atk|2
|
|-weather|Sandstorm|[upkeep]
|turn|3
|
|move|p2a: Landorus-Therian|Knock Off|p1a: Diggersby
|-damage|p1a: Diggersby|162\/311
|-enditem|p1a: Diggersby|Focus Sash|[from] move: Knock Off|[of] p2a: Landorus-Therian
|move|p1a: Diggersby|Frustration|p2a: Landorus-Therian
|-damage|p2a: Landorus-Therian|0 fnt
|faint|p2a: Landorus-Therian
|
|-weather|Sandstorm|[upkeep]
|
|switch|p2a: Excadrill|Excadrill, F|362\/362
|turn|4
|
|move|p1a: Diggersby|Quick Attack|p2a: Excadrill
|-resisted|p2a: Excadrill
|-damage|p2a: Excadrill|262\/362
|move|p2a: Excadrill|Iron Head|p1a: Diggersby
|-damage|p1a: Diggersby|0 fnt
|faint|p1a: Diggersby
|
|-weather|Sandstorm|[upkeep]
|
|switch|p1a: Breloom|Breloom, M|261\/261
|turn|5
|
|switch|p2a: Amoonguss|Amoonguss, M|432\/432
|move|p1a: Breloom|Mach Punch|p2a: Amoonguss
|-resisted|p2a: Amoonguss
|-damage|p2a: Amoonguss|381\/432
|-damage|p1a: Breloom|218\/261|[from] item: Rocky Helmet|[of] p2a: Amoonguss
|
|-weather|none
|turn|6
|
|move|p1a: Breloom|Seed Bomb|p2a: Amoonguss
|-resisted|p2a: Amoonguss
|-damage|p2a: Amoonguss|349\/432
|move|p2a: Amoonguss|Spore|p1a: Breloom
|-fail|p1a: Breloom
|
|turn|7
|
|move|p1a: Breloom|Spore|p2a: Amoonguss
|-fail|p2a: Amoonguss
|move|p2a: Amoonguss|Spore|p1a: Breloom
|-fail|p1a: Breloom
|
|turn|8
|
|move|p1a: Breloom|Spore|p2a: Amoonguss
|-fail|p2a: Amoonguss
|move|p2a: Amoonguss|Spore|p1a: Breloom
|-fail|p1a: Breloom
|
|turn|9
|
|move|p1a: Breloom|Spore|p2a: Amoonguss
|-fail|p2a: Amoonguss
|move|p2a: Amoonguss|Spore|p1a: Breloom
|-fail|p1a: Breloom
|
|turn|10
|
|move|p1a: Breloom|Seed Bomb|p2a: Amoonguss
|-resisted|p2a: Amoonguss
|-damage|p2a: Amoonguss|320\/432
|move|p2a: Amoonguss|Spore|p1a: Breloom
|-fail|p1a: Breloom
|
|turn|11
|
|move|p1a: Breloom|Seed Bomb|p2a: Amoonguss
|-resisted|p2a: Amoonguss
|-damage|p2a: Amoonguss|290\/432
|move|p2a: Amoonguss|Sludge Bomb|p1a: Breloom
|-supereffective|p1a: Breloom
|-damage|p1a: Breloom|0 fnt
|faint|p1a: Breloom
|
|
|switch|p1a: Scizor|Scizor, M|281\/281
|turn|12
|
|switch|p2a: Excadrill|Excadrill, F|262\/362
|detailschange|p1a: Scizor|Scizor-Mega, M
|message|Scizor has Mega Evolved into Mega Scizor!
|move|p1a: Scizor|Bug Bite|p2a: Excadrill
|-resisted|p2a: Excadrill
|-damage|p2a: Excadrill|124\/362
|
|turn|13
|
|move|p2a: Excadrill|Earthquake|p1a: Scizor
|-damage|p1a: Scizor|127\/281
|move|p1a: Scizor|Bug Bite|p2a: Excadrill
|-resisted|p2a: Excadrill
|-damage|p2a: Excadrill|0 fnt
|faint|p2a: Excadrill
|
|
|switch|p2a: Chesnaught|Chesnaught, M|318\/318
|turn|14
|
|move|p1a: Scizor|Swords Dance|p1a: Scizor
|-boost|p1a: Scizor|atk|2
|move|p2a: Chesnaught|Leech Seed|p1a: Scizor
|-start|p1a: Scizor|move: Leech Seed
|
|-damage|p1a: Scizor|92\/281|[from] Leech Seed|[of] p2a: Chesnaught
|turn|15
|
|move|p1a: Scizor|Swords Dance|p1a: Scizor
|-boost|p1a: Scizor|atk|2
|move|p2a: Chesnaught|Drain Punch|p1a: Scizor
|-damage|p1a: Scizor|1\/281
|
|-damage|p1a: Scizor|0 fnt|[from] Leech Seed|[of] p2a: Chesnaught
|faint|p1a: Scizor
|
|switch|p1a: Thundurus|Thundurus, M|299\/299
|turn|16
|
|move|p1a: Thundurus|Nasty Plot|p1a: Thundurus
|-boost|p1a: Thundurus|spa|2
|move|p2a: Chesnaught|Leech Seed|p1a: Thundurus
|-start|p1a: Thundurus|move: Leech Seed
|
|-damage|p1a: Thundurus|262\/299|[from] Leech Seed|[of] p2a: Chesnaught
|turn|17
|
|switch|p2a: Tyranitar|Tyranitar, M|404\/404
|-weather|Sandstorm
|move|p1a: Thundurus|Psychic|p2a: Tyranitar
|-immune|p2a: Tyranitar|[msg]
|
|-weather|Sandstorm|[upkeep]
|-damage|p1a: Thundurus|244\/299|[from] sandstorm
|-heal|p1a: Thundurus|262\/299|[from] item: Leftovers
|-damage|p1a: Thundurus|225\/299|[from] Leech Seed|[of] p2a: Tyranitar
|turn|18
|
|switch|p2a: Chesnaught|Chesnaught, M|318\/318
|move|p1a: Thundurus|Focus Blast|p2a: Chesnaught
|-immune|p2a: Chesnaught|[msg]|[from] Bulletproof
|
|-weather|Sandstorm|[upkeep]
|-damage|p1a: Thundurus|207\/299|[from] sandstorm
|-damage|p2a: Chesnaught|299\/318|[from] sandstorm
|-heal|p1a: Thundurus|225\/299|[from] item: Leftovers
|-heal|p2a: Chesnaught|318\/318|[from] item: Leftovers
|-damage|p1a: Thundurus|188\/299|[from] Leech Seed|[of] p2a: Chesnaught
|turn|19
|
|switch|p2a: Tyranitar|Tyranitar, M|404\/404
|move|p1a: Thundurus|Psychic|p2a: Tyranitar
|-immune|p2a: Tyranitar|[msg]
|
|-weather|Sandstorm|[upkeep]
|-damage|p1a: Thundurus|170\/299|[from] sandstorm
|-heal|p1a: Thundurus|188\/299|[from] item: Leftovers
|-damage|p1a: Thundurus|151\/299|[from] Leech Seed|[of] p2a: Tyranitar
|turn|20
|
|move|p1a: Thundurus|Thunderbolt|p2a: Tyranitar
|-damage|p2a: Tyranitar|208\/404
|move|p2a: Tyranitar|Rock Slide|p1a: Thundurus
|-supereffective|p1a: Thundurus
|-damage|p1a: Thundurus|0 fnt
|faint|p1a: Thundurus
|
|-weather|Sandstorm|[upkeep]
|
|switch|p1a: Keldeo|Keldeo|324\/324
|turn|21
|
|move|p1a: Keldeo|Secret Sword|p2a: Tyranitar
|-supereffective|p2a: Tyranitar
|-damage|p2a: Tyranitar|0 fnt
|-damage|p1a: Keldeo|292\/324|[from] item: Life Orb
|faint|p2a: Tyranitar
|
|-weather|none
|
|switch|p2a: Chesnaught|Chesnaught, M|318\/318
|turn|22
|
|move|p1a: Keldeo|Icy Wind|p2a: Chesnaught
|-supereffective|p2a: Chesnaught
|-damage|p2a: Chesnaught|110\/318
|-unboost|p2a: Chesnaught|spe|1
|-damage|p1a: Keldeo|260\/324|[from] item: Life Orb
|move|p2a: Chesnaught|Wood Hammer|p1a: Keldeo
|-supereffective|p1a: Keldeo
|-damage|p1a: Keldeo|0 fnt
|-damage|p2a: Chesnaught|24\/318|[from] recoil|[of] p1a: Keldeo
|faint|p1a: Keldeo
|
|win|With No Survivors
|raw|Ladder updating...
|c|âWith No Survivors|gg
|leave|gran chelin
|player|p1
|raw|gran chelin's rating: 1464 &rarr; <strong>1447<\/strong><br \/>(-17 for losing)
|raw|With No Survivors's rating: 1516 &rarr; <strong>1533<\/strong><br \/>(+17 for winning)