|join|With No Survivors
|join|dannydarko
|player|p1|With No Survivors|248
|player|p2|dannydarko|163
|gametype|singles
|gen|6
|tier|OU
|rated
|clearpoke
|poke|p1|Lopunny, F
|poke|p1|Greninja, M
|poke|p1|Probopass, F
|poke|p1|Gothitelle, M
|poke|p1|Scizor, M
|poke|p1|Excadrill, M
|poke|p2|Blissey, F
|poke|p2|Skarmory, F
|poke|p2|Gothitelle, F
|poke|p2|Rotom-Wash
|poke|p2|Ferrothorn, M
|poke|p2|Togekiss, F
|rule|Swagger Clause: Swagger is banned
|rule|Baton Pass Clause: Limit one PokÃ©mon knowing Baton Pass
|rule|Sleep Clause Mod: Limit one foe put to sleep
|rule|Species Clause: Limit one of each PokÃ©mon
|rule|OHKO Clause: OHKO moves are banned
|rule|Moody Clause: Moody is banned
|rule|Evasion Moves Clause: Evasion moves are banned
|rule|Endless Battle Clause: Forcing endless battles is banned
|rule|HP Percentage Mod: HP is shown in percentages
|teampreview
|
|start
|switch|p1a: Lopunny|Lopunny, F|272\/272
|switch|p2a: Gothitelle|Gothitelle, F|301\/301
|turn|1
|
|switch|p2a: Ferrothorn|Ferrothorn, M|352\/352
|detailschange|p1a: Lopunny|Lopunny-Mega, F
|message|Lopunny has Mega Evolved into Mega Lopunny!
|move|p1a: Lopunny|Fake Out|p2a: Ferrothorn
|-resisted|p2a: Ferrothorn
|-damage|p2a: Ferrothorn|330\/352
|-damage|p1a: Lopunny|238\/272|[from] ability: Iron Barbs|[of] p2a: Ferrothorn
|-damage|p1a: Lopunny|193\/272|[from] item: Rocky Helmet|[of] p2a: Ferrothorn
|
|turn|2
|
|switch|p1a: Probopass|Probopass, F|324\/324
|switch|p2a: Togekiss|Togekiss, F|374\/374
|
|turn|3
|
|switch|p2a: Rotom-Wash|Rotom-Wash|304\/304
|switch|p1a: Excadrill|Excadrill, M|362\/362
|-ability|p1a: Excadrill|Mold Breaker
|
|turn|4
|
|switch|p1a: Probopass|Probopass, F|324\/324
|switch|p2a: Skarmory|Skarmory, F|334\/334
|
|turn|5
|
|move|p1a: Probopass|Taunt|p2a: Skarmory
|-start|p2a: Skarmory|move: Taunt
|cant|p2a: Skarmory|move: Taunt|Whirlwind
|
|turn|6
|
|move|p2a: Skarmory|Struggle|p1a: Probopass
|-crit|p1a: Probopass
|-damage|p1a: Probopass|297\/324
|-damage|p2a: Skarmory|251\/334
|move|p1a: Probopass|Hidden Power|p2a: Skarmory
|-supereffective|p2a: Skarmory
|-damage|p2a: Skarmory|161\/334
|
|-heal|p1a: Probopass|317\/324|[from] item: Leftovers
|turn|7
|
|move|p2a: Skarmory|Struggle|p1a: Probopass
|-damage|p1a: Probopass|297\/324
|-damage|p2a: Skarmory|78\/334
|move|p1a: Probopass|Hidden Power|p2a: Skarmory
|-supereffective|p2a: Skarmory
|-damage|p2a: Skarmory|0 fnt
|faint|p2a: Skarmory
|
|-heal|p1a: Probopass|317\/324|[from] item: Leftovers
|
|switch|p2a: Gothitelle|Gothitelle, F|301\/301
|turn|8
|
|move|p2a: Gothitelle|Trick|p1a: Probopass
|-activate|p2a: Gothitelle|move: Trick|[of] p1a: Probopass
|-item|p1a: Probopass|Choice Scarf|[from] move: Trick
|-item|p2a: Gothitelle|Leftovers|[from] move: Trick
|move|p1a: Probopass|Flash Cannon|p2a: Gothitelle
|-damage|p2a: Gothitelle|247\/301
|
|-heal|p2a: Gothitelle|265\/301|[from] item: Leftovers
|turn|9
|
|move|p1a: Probopass|Flash Cannon|p2a: Gothitelle
|-damage|p2a: Gothitelle|205\/301
|move|p2a: Gothitelle|Psychic|p1a: Probopass
|-resisted|p1a: Probopass
|-damage|p1a: Probopass|280\/324
|
|-heal|p2a: Gothitelle|223\/301|[from] item: Leftovers
|turn|10
|
|move|p1a: Probopass|Flash Cannon|p2a: Gothitelle
|-damage|p2a: Gothitelle|166\/301
|move|p2a: Gothitelle|Psychic|p1a: Probopass
|-resisted|p1a: Probopass
|-damage|p1a: Probopass|243\/324
|
|-heal|p2a: Gothitelle|184\/301|[from] item: Leftovers
|turn|11
|
|move|p1a: Probopass|Flash Cannon|p2a: Gothitelle
|-damage|p2a: Gothitelle|130\/301
|move|p2a: Gothitelle|Psychic|p1a: Probopass
|-resisted|p1a: Probopass
|-damage|p1a: Probopass|207\/324
|
|-heal|p2a: Gothitelle|148\/301|[from] item: Leftovers
|turn|12
|
|move|p1a: Probopass|Flash Cannon|p2a: Gothitelle
|-damage|p2a: Gothitelle|94\/301
|move|p2a: Gothitelle|Signal Beam|p1a: Probopass
|-resisted|p1a: Probopass
|-damage|p1a: Probopass|188\/324
|
|-heal|p2a: Gothitelle|112\/301|[from] item: Leftovers
|turn|13
|
|move|p1a: Probopass|Flash Cannon|p2a: Gothitelle
|-damage|p2a: Gothitelle|57\/301
|move|p2a: Gothitelle|Rest|p2a: Gothitelle
|-status|p2a: Gothitelle|slp
|-heal|p2a: Gothitelle|301\/301 slp|[silent]
|-status|p2a: Gothitelle|slp|[from] move: Rest
|
|turn|14
|
|move|p1a: Probopass|Flash Cannon|p2a: Gothitelle
|-crit|p2a: Gothitelle
|-damage|p2a: Gothitelle|220\/301 slp
|cant|p2a: Gothitelle|slp
|
|-heal|p2a: Gothitelle|238\/301 slp|[from] item: Leftovers
|turn|15
|
|move|p1a: Probopass|Flash Cannon|p2a: Gothitelle
|-damage|p2a: Gothitelle|177\/301 slp
|-unboost|p2a: Gothitelle|spd|1
|cant|p2a: Gothitelle|slp
|
|-heal|p2a: Gothitelle|195\/301 slp|[from] item: Leftovers
|turn|16
|
|move|p1a: Probopass|Flash Cannon|p2a: Gothitelle
|-damage|p2a: Gothitelle|113\/301 slp
|-curestatus|p2a: Gothitelle|slp
|move|p2a: Gothitelle|Signal Beam|p1a: Probopass
|-resisted|p1a: Probopass
|-damage|p1a: Probopass|170\/324
|
|-heal|p2a: Gothitelle|131\/301|[from] item: Leftovers
|turn|17
|
|move|p1a: Probopass|Flash Cannon|p2a: Gothitelle
|-damage|p2a: Gothitelle|41\/301
|-unboost|p2a: Gothitelle|spd|1
|move|p2a: Gothitelle|Rest|p2a: Gothitelle
|-status|p2a: Gothitelle|slp
|-heal|p2a: Gothitelle|301\/301 slp|[silent]
|-status|p2a: Gothitelle|slp|[from] move: Rest
|
|turn|18
|
|switch|p2a: Ferrothorn|Ferrothorn, M|330\/352
|move|p1a: Probopass|Flash Cannon|p2a: Ferrothorn
|-resisted|p2a: Ferrothorn
|-damage|p2a: Ferrothorn|300\/352
|
|turn|19
|
|switch|p1a: Gothitelle|Gothitelle, M|344\/344
|move|p2a: Ferrothorn|Gyro Ball|p1a: Gothitelle
|-damage|p1a: Gothitelle|160\/344
|
|turn|20
|
|switch|p1a: Probopass|Probopass, F|170\/324
|move|p2a: Ferrothorn|Gyro Ball|p1a: Probopass
|-damage|p1a: Probopass|104\/324
|
|turn|21
|
|move|p1a: Probopass|Hidden Power|p2a: Ferrothorn
|-supereffective|p2a: Ferrothorn
|-damage|p2a: Ferrothorn|168\/352
|move|p2a: Ferrothorn|Power Whip|p1a: Probopass
|-damage|p1a: Probopass|32\/324
|
|turn|22
|
|move|p1a: Probopass|Hidden Power|p2a: Ferrothorn
|-supereffective|p2a: Ferrothorn
|-damage|p2a: Ferrothorn|28\/352
|move|p2a: Ferrothorn|Power Whip|p1a: Probopass
|-crit|p1a: Probopass
|-damage|p1a: Probopass|0 fnt
|faint|p1a: Probopass
|
|
|switch|p1a: Excadrill|Excadrill, M|362\/362
|-ability|p1a: Excadrill|Mold Breaker
|turn|23
|
|switch|p2a: Togekiss|Togekiss, F|374\/374
|move|p1a: Excadrill|Iron Head|p2a: Togekiss
|-supereffective|p2a: Togekiss
|-damage|p2a: Togekiss|84\/374
|
|-heal|p2a: Togekiss|107\/374|[from] item: Leftovers
|turn|24
|
|switch|p2a: Ferrothorn|Ferrothorn, M|28\/352
|move|p1a: Excadrill|Iron Head|p2a: Ferrothorn
|-resisted|p2a: Ferrothorn
|-damage|p2a: Ferrothorn|0 fnt
|-damage|p1a: Excadrill|317\/362|[from] ability: Iron Barbs|[of] p2a: Ferrothorn
|-damage|p1a: Excadrill|257\/362|[from] item: Rocky Helmet|[of] p2a: Ferrothorn
|faint|p2a: Ferrothorn
|
|
|switch|p2a: Blissey|Blissey, F|714\/714
|turn|25
|
|switch|p1a: Gothitelle|Gothitelle, M|160\/344
|move|p2a: Blissey|Seismic Toss|p1a: Gothitelle
|-damage|p1a: Gothitelle|60\/344
|
|turn|26
|
|move|p1a: Gothitelle|Trick|p2a: Blissey
|-activate|p1a: Gothitelle|move: Trick|[of] p2a: Blissey
|-item|p2a: Blissey|Choice Scarf|[from] move: Trick
|-item|p1a: Gothitelle|Leftovers|[from] move: Trick
|move|p2a: Blissey|Seismic Toss|p1a: Gothitelle
|-damage|p1a: Gothitelle|0 fnt
|faint|p1a: Gothitelle
|
|
|switch|p1a: Lopunny|Lopunny-Mega, F|193\/272
|turn|27
|
|switch|p2a: Gothitelle|Gothitelle, F|301\/301 slp
|move|p1a: Lopunny|Fake Out|p2a: Gothitelle
|-damage|p2a: Gothitelle|243\/301 slp
|
|-heal|p2a: Gothitelle|261\/301 slp|[from] item: Leftovers
|turn|28
|
|move|p1a: Lopunny|Return|p2a: Gothitelle
|-damage|p2a: Gothitelle|113\/301 slp
|cant|p2a: Gothitelle|slp
|
|-heal|p2a: Gothitelle|131\/301 slp|[from] item: Leftovers
|turn|29
|
|move|p1a: Lopunny|Return|p2a: Gothitelle
|-damage|p2a: Gothitelle|0 fnt
|faint|p2a: Gothitelle
|
|
|switch|p2a: Rotom-Wash|Rotom-Wash|304\/304
|turn|30
|
|move|p1a: Lopunny|High Jump Kick|p2a: Rotom-Wash
|-damage|p2a: Rotom-Wash|153\/304
|move|p2a: Rotom-Wash|Will-O-Wisp|p1a: Lopunny
|-status|p1a: Lopunny|brn
|
|-heal|p2a: Rotom-Wash|172\/304|[from] item: Leftovers
|-damage|p1a: Lopunny|159\/272 brn|[from] brn
|turn|31
|
|switch|p2a: Togekiss|Togekiss, F|107\/374
|move|p1a: Lopunny|Return|p2a: Togekiss
|-damage|p2a: Togekiss|16\/374
|
|-heal|p2a: Togekiss|39\/374|[from] item: Leftovers
|-damage|p1a: Lopunny|125\/272 brn|[from] brn
|turn|32
|
|switch|p2a: Rotom-Wash|Rotom-Wash|172\/304
|move|p1a: Lopunny|Return|p2a: Rotom-Wash
|-damage|p2a: Rotom-Wash|106\/304
|
|-heal|p2a: Rotom-Wash|125\/304|[from] item: Leftovers
|-damage|p1a: Lopunny|91\/272 brn|[from] brn
|turn|33
|
|switch|p2a: Blissey|Blissey, F|714\/714
|move|p1a: Lopunny|High Jump Kick|p2a: Blissey
|-supereffective|p2a: Blissey
|-damage|p2a: Blissey|256\/714
|
|-damage|p1a: Lopunny|57\/272 brn|[from] brn
|turn|34
|
|move|p2a: Blissey|Protect|p2a: Blissey
|-singleturn|p2a: Blissey|Protect
|move|p1a: Lopunny|High Jump Kick|p2a: Blissey
|-activate|p2a: Blissey|Protect
|-damage|p1a: Lopunny|0 fnt|[from] highjumpkick
|faint|p1a: Lopunny
|
|
|switch|p1a: Excadrill|Excadrill, M|257\/362
|-ability|p1a: Excadrill|Mold Breaker
|turn|35
|
|switch|p2a: Togekiss|Togekiss, F|39\/374
|move|p1a: Excadrill|Earthquake|p2a: Togekiss
|-immune|p2a: Togekiss|[msg]
|
|-heal|p2a: Togekiss|62\/374|[from] item: Leftovers
|turn|36
|
|move|p1a: Excadrill|Iron Head|p2a: Togekiss
|-supereffective|p2a: Togekiss
|-damage|p2a: Togekiss|0 fnt
|faint|p2a: Togekiss
|
|
|switch|p2a: Blissey|Blissey, F|256\/714
|turn|37
|
|move|p1a: Excadrill|Earthquake|p2a: Blissey
|-damage|p2a: Blissey|0 fnt
|faint|p2a: Blissey
|
|c|âdannydarko|gg
|c|âWith No Survivors|gg
|-message|dannydarko forfeited.
|
|win|With No Survivors
|raw|Ladder updating...
|leave|dannydarko
|player|p2
|raw|With No Survivors's rating: 1493 &rarr; <strong>1512<\/strong><br \/>(+19 for winning)
|raw|dannydarko's rating: 1470 &rarr; <strong>1452<\/strong><br \/>(-18 for losing)