|join|With No Survivors
|join|mamep
|player|p1|With No Survivors|248
|player|p2|mamep|262
|gametype|singles
|gen|6
|tier|OU
|clearpoke
|poke|p1|Audino, M
|poke|p1|Chesnaught, M, shiny
|poke|p1|Slowbro, M
|poke|p1|Tropius, M
|poke|p1|Garchomp, M
|poke|p1|Ninetales, M
|poke|p2|Ferrothorn, M
|poke|p2|Azumarill, F
|poke|p2|Charizard, M
|poke|p2|Hydreigon, F
|poke|p2|Sylveon, M
|poke|p2|Scizor, M
|rule|Swagger Clause: Swagger is banned
|rule|Baton Pass Clause: Limit one PokÃ©mon knowing Baton Pass
|rule|Sleep Clause Mod: Limit one foe put to sleep
|rule|Species Clause: Limit one of each PokÃ©mon
|rule|OHKO Clause: OHKO moves are banned
|rule|Moody Clause: Moody is banned
|rule|Evasion Moves Clause: Evasion moves are banned
|rule|Endless Battle Clause: Forcing endless battles is banned
|rule|HP Percentage Mod: HP is shown in percentages
|teampreview
|c|âWith No Survivors|*closes 3DS, notices team*
|c|âWith No Survivors|damn, that's pretty threatening
|c|âmamep|Wait, really? I tried to think of something in the time given before midnight
|
|start
|switch|p1a: Hothead|Ninetales, M|350\/350
|switch|p2a: Lucas|Ferrothorn, M|352\/352
|-weather|SunnyDay
|turn|1
|
|switch|p2a: Azu|Azumarill, F|403\/403
|move|p1a: Hothead|Will-O-Wisp|p2a: Azu
|-status|p2a: Azu|brn
|
|-weather|SunnyDay|[upkeep]
|-damage|p2a: Azu|353\/403 brn|[from] brn
|turn|2
|c|âWith No Survivors|rekt
|
|switch|p1a: Brother|Tropius, M|339\/339
|move|p2a: Azu|Belly Drum|p2a: Azu
|-damage|p2a: Azu|152\/403 brn
|-setboost|p2a: Azu|atk|6|[from] move: Belly Drum
|-enditem|p2a: Azu|Sitrus Berry|[eat]
|-heal|p2a: Azu|252\/403 brn|[from] item: Sitrus Berry
|
|-weather|SunnyDay|[upkeep]
|-damage|p2a: Azu|202\/403 brn|[from] brn
|turn|3
|
|move|p1a: Brother|Leaf Blade|p2a: Azu
|-supereffective|p2a: Azu
|-damage|p2a: Azu|0 fnt
|faint|p2a: Azu
|
|-weather|SunnyDay|[upkeep]
|
|switch|p2a: Ryuga|Hydreigon, F|326\/326
|turn|4
|
|switch|p1a: Dr. Pavel|Audino, M|410\/410
|move|p2a: Ryuga|Surf|p1a: Dr. Pavel
|-damage|p1a: Dr. Pavel|350\/410
|
|-weather|SunnyDay|[upkeep]
|turn|5
|
|switch|p2a: Nanami|Sylveon, M|331\/331
|detailschange|p1a: Dr. Pavel|Audino-Mega, M
|-mega|p1a: Dr. Pavel|Audino|Audinite
|move|p1a: Dr. Pavel|Calm Mind|p1a: Dr. Pavel
|-boost|p1a: Dr. Pavel|spa|1
|-boost|p1a: Dr. Pavel|spd|1
|
|-weather|SunnyDay|[upkeep]
|turn|6
|
|move|p2a: Nanami|Calm Mind|p2a: Nanami
|-boost|p2a: Nanami|spa|1
|-boost|p2a: Nanami|spd|1
|move|p1a: Dr. Pavel|Calm Mind|p1a: Dr. Pavel
|-boost|p1a: Dr. Pavel|spa|1
|-boost|p1a: Dr. Pavel|spd|1
|
|-weather|SunnyDay|[upkeep]
|turn|7
|c|âWith No Survivors|oboi
|
|move|p2a: Nanami|Calm Mind|p2a: Nanami
|-boost|p2a: Nanami|spa|1
|-boost|p2a: Nanami|spd|1
|move|p1a: Dr. Pavel|Calm Mind|p1a: Dr. Pavel
|-boost|p1a: Dr. Pavel|spa|1
|-boost|p1a: Dr. Pavel|spd|1
|
|-weather|SunnyDay|[upkeep]
|turn|8
|
|move|p2a: Nanami|Calm Mind|p2a: Nanami
|-boost|p2a: Nanami|spa|1
|-boost|p2a: Nanami|spd|1
|move|p1a: Dr. Pavel|Calm Mind|p1a: Dr. Pavel
|-boost|p1a: Dr. Pavel|spa|1
|-boost|p1a: Dr. Pavel|spd|1
|
|-weather|none
|turn|9
|
|move|p2a: Nanami|Calm Mind|p2a: Nanami
|-boost|p2a: Nanami|spa|1
|-boost|p2a: Nanami|spd|1
|move|p1a: Dr. Pavel|Calm Mind|p1a: Dr. Pavel
|-boost|p1a: Dr. Pavel|spa|1
|-boost|p1a: Dr. Pavel|spd|1
|
|turn|10
|
|move|p2a: Nanami|Toxic|p1a: Dr. Pavel
|-status|p1a: Dr. Pavel|tox
|move|p1a: Dr. Pavel|Calm Mind|p1a: Dr. Pavel
|-boost|p1a: Dr. Pavel|spa|1
|-boost|p1a: Dr. Pavel|spd|1
|
|-damage|p1a: Dr. Pavel|325\/410 tox|[from] psn
|turn|11
|
|move|p2a: Nanami|Calm Mind|p2a: Nanami
|-boost|p2a: Nanami|spa|1
|-boost|p2a: Nanami|spd|1
|move|p1a: Dr. Pavel|Draining Kiss|p2a: Nanami
|-damage|p2a: Nanami|295\/331
|-heal|p1a: Dr. Pavel|352\/410 tox|[from] drain|[of] p2a: Nanami
|
|-heal|p2a: Nanami|315\/331|[from] item: Leftovers
|-damage|p1a: Dr. Pavel|302\/410 tox|[from] psn
|turn|12
|
|move|p2a: Nanami|Hidden Power|p1a: Dr. Pavel
|-crit|p1a: Dr. Pavel
|-damage|p1a: Dr. Pavel|53\/410 tox
|move|p1a: Dr. Pavel|Heal Bell|p1a: Dr. Pavel
|-cureteam|p1a: Dr. Pavel|[from] move: HealBell
|
|-heal|p2a: Nanami|331\/331|[from] item: Leftovers
|turn|13
|
|move|p2a: Nanami|Moonblast|p1a: Dr. Pavel
|-damage|p1a: Dr. Pavel|0 fnt
|faint|p1a: Dr. Pavel
|
|c|âWith No Survivors|hmm
|
|switch|p1a: Barsad|Garchomp, M|420\/420
|turn|14
|
|move|p1a: Barsad|Toxic|p2a: Nanami
|-status|p2a: Nanami|tox
|move|p2a: Nanami|Moonblast|p1a: Barsad
|-supereffective|p1a: Barsad
|-damage|p1a: Barsad|0 fnt
|faint|p1a: Barsad
|
|-damage|p2a: Nanami|311\/331 tox|[from] psn
|
|switch|p1a: Hothead|Ninetales, M|350\/350
|-weather|SunnyDay
|turn|15
|
|move|p1a: Hothead|Flamethrower|p2a: Nanami
|-damage|p2a: Nanami|287\/331 tox
|move|p2a: Nanami|Hidden Power|p1a: Hothead
|-crit|p1a: Hothead
|-damage|p1a: Hothead|102\/350
|
|-weather|SunnyDay|[upkeep]
|-heal|p2a: Nanami|307\/331 tox|[from] item: Leftovers
|-damage|p2a: Nanami|267\/331 tox|[from] psn
|turn|16
|
|move|p1a: Hothead|Pain Split|p2a: Nanami
|-sethp|p2a: Nanami|184\/331 tox|p1a: Hothead|184\/350|[from] move: Pain Split
|move|p2a: Nanami|Moonblast|p1a: Hothead
|-resisted|p1a: Hothead
|-damage|p1a: Hothead|7\/350
|
|-weather|SunnyDay|[upkeep]
|-heal|p2a: Nanami|204\/331 tox|[from] item: Leftovers
|-damage|p2a: Nanami|144\/331 tox|[from] psn
|turn|17
|
|move|p1a: Hothead|Pain Split|p2a: Nanami
|-sethp|p2a: Nanami|75\/331 tox|p1a: Hothead|75\/350|[from] move: Pain Split
|move|p2a: Nanami|Moonblast|p1a: Hothead
|-resisted|p1a: Hothead
|-damage|p1a: Hothead|0 fnt
|faint|p1a: Hothead
|
|-weather|SunnyDay|[upkeep]
|-heal|p2a: Nanami|95\/331 tox|[from] item: Leftovers
|-damage|p2a: Nanami|15\/331 tox|[from] psn
|
|switch|p1a: Brother|Tropius, M|339\/339
|turn|18
|
|switch|p2a: Lucas|Ferrothorn, M|352\/352
|move|p1a: Brother|Leaf Blade|p2a: Lucas
|-resisted|p2a: Lucas
|-damage|p2a: Lucas|334\/352
|-damage|p1a: Brother|297\/339|[from] ability: Iron Barbs|[of] p2a: Lucas
|-damage|p1a: Brother|241\/339|[from] item: Rocky Helmet|[of] p2a: Lucas
|
|-weather|SunnyDay|[upkeep]
|turn|19
|
|switch|p1a: CIA|Slowbro, M|394\/394
|move|p2a: Lucas|Stealth Rock|p1a: CIA
|-sidestart|p1: With No Survivors|move: Stealth Rock
|
|-weather|SunnyDay|[upkeep]
|turn|20
|
|move|p1a: CIA|Fire Blast|p2a: Lucas
|-crit|p2a: Lucas
|-supereffective|p2a: Lucas
|-damage|p2a: Lucas|0 fnt
|faint|p2a: Lucas
|
|-weather|SunnyDay|[upkeep]
|c|âmamep|CAUGHT ME OFF GUARD
|c|âWith No Survivors|I use a similar Slowbro for my laddering team
|c|âWith No Survivors|with Char-Y
|
|switch|p2a: Ryuga|Hydreigon, F|326\/326
|turn|21
|
|move|p2a: Ryuga|Dark Pulse|p1a: CIA
|-supereffective|p1a: CIA
|-damage|p1a: CIA|172\/394
|move|p1a: CIA|Ice Beam|p2a: Ryuga
|-supereffective|p2a: Ryuga
|-damage|p2a: Ryuga|180\/326
|
|-weather|SunnyDay|[upkeep]
|turn|22
|
|switch|p1a: Bane|Chesnaught, M, shiny|380\/380
|-damage|p1a: Bane|357\/380|[from] Stealth Rock
|move|p2a: Ryuga|Dark Pulse|p1a: Bane
|-resisted|p1a: Bane
|-damage|p1a: Bane|261\/380
|
|-weather|none
|-heal|p1a: Bane|284\/380|[from] item: Leftovers
|turn|23
|
|switch|p2a: Nanami|Sylveon, M|15\/331 tox
|move|p1a: Bane|Spiky Shield|p1a: Bane
|-fail|p1a: Bane
|
|-heal|p1a: Bane|307\/380|[from] item: Leftovers
|-heal|p2a: Nanami|35\/331 tox|[from] item: Leftovers
|-damage|p2a: Nanami|15\/331 tox|[from] psn
|turn|24
|
|move|p1a: Bane|Drain Punch|p2a: Nanami
|-resisted|p2a: Nanami
|-damage|p2a: Nanami|0 fnt
|-heal|p1a: Bane|315\/380|[from] drain|[of] p2a: Nanami
|faint|p2a: Nanami
|
|-heal|p1a: Bane|338\/380|[from] item: Leftovers
|
|switch|p2a: Ryuga|Hydreigon, F|180\/326
|turn|25
|
|move|p1a: Bane|Spiky Shield|p1a: Bane
|-singleturn|p1a: Bane|move: Protect
|move|p2a: Ryuga|Fire Blast|p1a: Bane
|-activate|p1a: Bane|move: Protect
|
|-heal|p1a: Bane|361\/380|[from] item: Leftovers
|turn|26
|
|switch|p1a: CIA|Slowbro, M|303\/394
|-damage|p1a: CIA|254\/394|[from] Stealth Rock
|move|p2a: Ryuga|Fire Blast|p1a: CIA
|-resisted|p1a: CIA
|-damage|p1a: CIA|203\/394
|
|turn|27
|
|move|p2a: Ryuga|Fire Blast|p1a: CIA|[miss]
|-miss|p2a: Ryuga|p1a: CIA
|move|p1a: CIA|Scald|p2a: Ryuga
|-resisted|p2a: Ryuga
|-damage|p2a: Ryuga|130\/326
|
|turn|28
|
|move|p2a: Ryuga|Fire Blast|p1a: CIA|[miss]
|-miss|p2a: Ryuga|p1a: CIA
|move|p1a: CIA|Ice Beam|p2a: Ryuga
|-supereffective|p2a: Ryuga
|-damage|p2a: Ryuga|0 fnt
|faint|p2a: Ryuga
|
|c|âmamep|TOP KEK
|c|âWith No Survivors|ayy lmao
|
|switch|p2a: Kyrael|Charizard, M|297\/297
|turn|29
|
|detailschange|p2a: Kyrael|Charizard-Mega-Y, M
|-mega|p2a: Kyrael|Charizard|Charizardite Y
|-weather|SunnyDay
|move|p2a: Kyrael|Solar Beam|p1a: CIA|[still]
|-prepare|p2a: Kyrael|Solar Beam|p1a: CIA
|-anim|p2a: Kyrael|Solar Beam|p1a: CIA
|-supereffective|p1a: CIA
|-damage|p1a: CIA|0 fnt
|faint|p1a: CIA
|
|-weather|SunnyDay|[upkeep]
|
|switch|p1a: Bane|Chesnaught, M, shiny|361\/380
|-damage|p1a: Bane|338\/380|[from] Stealth Rock
|turn|30
|
|move|p1a: Bane|Spiky Shield|p1a: Bane
|-singleturn|p1a: Bane|move: Protect
|move|p2a: Kyrael|Fire Blast|p1a: Bane
|-activate|p1a: Bane|move: Protect
|
|-weather|SunnyDay|[upkeep]
|-heal|p1a: Bane|361\/380|[from] item: Leftovers
|turn|31
|
|move|p1a: Bane|Spiky Shield|p1a: Bane
|-fail|p1a: Bane
|move|p2a: Kyrael|Fire Blast|p1a: Bane
|-supereffective|p1a: Bane
|-damage|p1a: Bane|0 fnt
|faint|p1a: Bane
|
|-weather|SunnyDay|[upkeep]
|c|âWith No Survivors|ogre
|
|switch|p1a: Brother|Tropius, M|241\/339
|-damage|p1a: Brother|157\/339|[from] Stealth Rock
|turn|32
|c|âWith No Survivors|unless you miss
|
|move|p2a: Kyrael|Fire Blast|p1a: Brother
|-supereffective|p1a: Brother
|-damage|p1a: Brother|0 fnt
|faint|p1a: Brother
|
|win|mamep
|c|âmamep|ueah
|c|âWith No Survivors|HAHA
|c|âmamep|Good game
|c|âWith No Survivors|GG
|leave|With No Survivors
|player|p1