|join|Australiano
|join|With No Survivors
|player|p1|Australiano|101
|player|p2|With No Survivors|248
|gametype|singles
|gen|6
|tier|OU
|rated
|clearpoke
|poke|p1|Bisharp, F
|poke|p1|Scrafty, F
|poke|p1|Slowbro, F
|poke|p1|Excadrill, M
|poke|p1|Greninja, F
|poke|p1|Landorus, M
|poke|p2|Sceptile, F
|poke|p2|Rotom-Wash
|poke|p2|Skarmory, M
|poke|p2|Magnezone
|poke|p2|Latios, M
|poke|p2|Chansey, F
|rule|Swagger Clause: Swagger is banned
|rule|Baton Pass Clause: Limit one PokÃ©mon knowing Baton Pass
|rule|Sleep Clause Mod: Limit one foe put to sleep
|rule|Species Clause: Limit one of each PokÃ©mon
|rule|OHKO Clause: OHKO moves are banned
|rule|Moody Clause: Moody is banned
|rule|Evasion Moves Clause: Evasion moves are banned
|rule|Endless Battle Clause: Forcing endless battles is banned
|rule|HP Percentage Mod: HP is shown in percentages
|teampreview
|
|start
|switch|p1a: Scrafty|Scrafty, F|331\/331
|switch|p2a: Rotom-Wash|Rotom-Wash|304\/304
|turn|1
|
|move|p2a: Rotom-Wash|Volt Switch|p1a: Scrafty
|-damage|p1a: Scrafty|261\/331
|
|switch|p2a: Skarmory|Skarmory, M|334\/334
|move|p1a: Scrafty|Knock Off|p2a: Skarmory
|-damage|p2a: Skarmory|279\/334
|-damage|p1a: Scrafty|206\/331|[from] item: Rocky Helmet|[of] p2a: Skarmory
|-enditem|p2a: Skarmory|Rocky Helmet|[from] move: Knock Off|[of] p1a: Scrafty
|
|-heal|p1a: Scrafty|226\/331|[from] item: Leftovers
|turn|2
|
|switch|p1a: Slowbro|Slowbro, F|394\/394
|move|p2a: Skarmory|Stealth Rock|p1a: Slowbro
|-sidestart|p1: Australiano|move: Stealth Rock
|
|turn|3
|
|switch|p2a: Rotom-Wash|Rotom-Wash|304\/304
|detailschange|p1a: Slowbro|Slowbro-Mega, F
|message|Slowbro has Mega Evolved into Mega Slowbro!
|move|p1a: Slowbro|Fire Blast|p2a: Rotom-Wash
|-resisted|p2a: Rotom-Wash
|-damage|p2a: Rotom-Wash|257\/304
|-status|p2a: Rotom-Wash|brn
|
|-heal|p2a: Rotom-Wash|276\/304 brn|[from] item: Leftovers
|-damage|p2a: Rotom-Wash|238\/304 brn|[from] brn
|turn|4
|
|switch|p1a: Excadrill|Excadrill, M|361\/361
|-damage|p1a: Excadrill|350\/361|[from] Stealth Rock
|-ability|p1a: Excadrill|Mold Breaker
|move|p2a: Rotom-Wash|Will-O-Wisp|p1a: Excadrill
|-status|p1a: Excadrill|brn
|
|-heal|p2a: Rotom-Wash|257\/304 brn|[from] item: Leftovers
|-damage|p1a: Excadrill|305\/361 brn|[from] brn
|-damage|p2a: Rotom-Wash|219\/304 brn|[from] brn
|turn|5
|
|switch|p2a: Skarmory|Skarmory, M|279\/334
|move|p1a: Excadrill|Rapid Spin|p2a: Skarmory
|-resisted|p2a: Skarmory
|-damage|p2a: Skarmory|275\/334
|-sideend|p1: Australiano|Stealth Rock|[from] move: Rapid Spin|[of] p1a: Excadrill
|
|-damage|p1a: Excadrill|260\/361 brn|[from] brn
|turn|6
|
|switch|p1a: Bisharp|Bisharp, F|272\/272
|move|p2a: Skarmory|Stealth Rock|p1a: Bisharp
|-sidestart|p1: Australiano|move: Stealth Rock
|
|turn|7
|
|move|p1a: Bisharp|Swords Dance|p1a: Bisharp
|-boost|p1a: Bisharp|atk|2
|move|p2a: Skarmory|Whirlwind|p1a: Bisharp
|drag|p1a: Excadrill|Excadrill, M|260\/361 brn
|-damage|p1a: Excadrill|249\/361 brn|[from] Stealth Rock
|-ability|p1a: Excadrill|Mold Breaker
|
|-damage|p1a: Excadrill|204\/361 brn|[from] brn
|turn|8
|
|move|p1a: Excadrill|Rapid Spin|p2a: Skarmory
|-resisted|p2a: Skarmory
|-damage|p2a: Skarmory|271\/334
|-sideend|p1: Australiano|Stealth Rock|[from] move: Rapid Spin|[of] p1a: Excadrill
|move|p2a: Skarmory|Roost|p2a: Skarmory
|-heal|p2a: Skarmory|334\/334
|
|-damage|p1a: Excadrill|159\/361 brn|[from] brn
|turn|9
|
|move|p1a: Excadrill|Rock Slide|p2a: Skarmory
|-miss|p1a: Excadrill|p2a: Skarmory
|move|p2a: Skarmory|Stealth Rock|p1a: Excadrill
|-sidestart|p1: Australiano|move: Stealth Rock
|
|-damage|p1a: Excadrill|114\/361 brn|[from] brn
|turn|10
|
|move|p1a: Excadrill|Rapid Spin|p2a: Skarmory
|-crit|p2a: Skarmory
|-resisted|p2a: Skarmory
|-damage|p2a: Skarmory|329\/334
|-sideend|p1: Australiano|Stealth Rock|[from] move: Rapid Spin|[of] p1a: Excadrill
|move|p2a: Skarmory|Stealth Rock|p1a: Excadrill
|-sidestart|p1: Australiano|move: Stealth Rock
|
|-damage|p1a: Excadrill|69\/361 brn|[from] brn
|turn|11
|
|move|p1a: Excadrill|Rapid Spin|p2a: Skarmory
|-resisted|p2a: Skarmory
|-damage|p2a: Skarmory|325\/334
|-sideend|p1: Australiano|Stealth Rock|[from] move: Rapid Spin|[of] p1a: Excadrill
|move|p2a: Skarmory|Stealth Rock|p1a: Excadrill
|-sidestart|p1: Australiano|move: Stealth Rock
|
|-damage|p1a: Excadrill|24\/361 brn|[from] brn
|turn|12
|
|move|p1a: Excadrill|Rapid Spin|p2a: Skarmory
|-crit|p2a: Skarmory
|-resisted|p2a: Skarmory
|-damage|p2a: Skarmory|319\/334
|-sideend|p1: Australiano|Stealth Rock|[from] move: Rapid Spin|[of] p1a: Excadrill
|move|p2a: Skarmory|Stealth Rock|p1a: Excadrill
|-sidestart|p1: Australiano|move: Stealth Rock
|
|-damage|p1a: Excadrill|0 fnt|[from] brn
|faint|p1a: Excadrill
|
|switch|p1a: Greninja|Greninja, F|286\/286
|-damage|p1a: Greninja|251\/286|[from] Stealth Rock
|turn|13
|
|switch|p2a: Chansey|Chansey, F|704\/704
|move|p1a: Greninja|Hidden Power|p2a: Chansey
|-start|p1a: Greninja|typechange|Fire|[from] Protean
|-damage|p2a: Chansey|625\/704
|-damage|p1a: Greninja|223\/286|[from] item: Life Orb
|
|turn|14
|
|switch|p1a: Scrafty|Scrafty, F|226\/331
|-damage|p1a: Scrafty|206\/331|[from] Stealth Rock
|move|p2a: Chansey|Thunder Wave|p1a: Scrafty
|-status|p1a: Scrafty|par
|
|-heal|p1a: Scrafty|226\/331 par|[from] item: Leftovers
|turn|15
|
|switch|p2a: Rotom-Wash|Rotom-Wash|219\/304 brn
|move|p1a: Scrafty|Rest|p1a: Scrafty
|-status|p1a: Scrafty|slp
|-heal|p1a: Scrafty|331\/331 slp|[silent]
|-status|p1a: Scrafty|slp|[from] move: Rest
|
|-heal|p2a: Rotom-Wash|238\/304 brn|[from] item: Leftovers
|-damage|p2a: Rotom-Wash|200\/304 brn|[from] brn
|turn|16
|
|move|p2a: Rotom-Wash|Hydro Pump|p1a: Scrafty
|-damage|p1a: Scrafty|231\/331 slp
|cant|p1a: Scrafty|slp
|
|-heal|p2a: Rotom-Wash|219\/304 brn|[from] item: Leftovers
|-heal|p1a: Scrafty|251\/331 slp|[from] item: Leftovers
|-damage|p2a: Rotom-Wash|181\/304 brn|[from] brn
|turn|17
|
|move|p2a: Rotom-Wash|Volt Switch|p1a: Scrafty
|-crit|p1a: Scrafty
|-damage|p1a: Scrafty|151\/331 slp
|
|switch|p2a: Latios|Latios, M|302\/302
|cant|p1a: Scrafty|slp
|
|-activate|p1a: Scrafty|ability: Shed Skin
|-curestatus|p1a: Scrafty|slp
|-heal|p1a: Scrafty|171\/331|[from] item: Leftovers
|turn|18
|
|switch|p2a: Magnezone|Magnezone|282\/282
|switch|p1a: Bisharp|Bisharp, F|272\/272
|-damage|p1a: Bisharp|255\/272|[from] Stealth Rock
|
|turn|19
|
|move|p1a: Bisharp|Sucker Punch|p2a: Magnezone
|-damage|p2a: Magnezone|143\/282
|move|p2a: Magnezone|Hidden Power|p1a: Bisharp
|-crit|p1a: Bisharp
|-supereffective|p1a: Bisharp
|-damage|p1a: Bisharp|0 fnt
|faint|p1a: Bisharp
|
|
|switch|p1a: Scrafty|Scrafty, F|171\/331
|-damage|p1a: Scrafty|151\/331|[from] Stealth Rock
|turn|20
|
|switch|p2a: Skarmory|Skarmory, M|319\/334
|move|p1a: Scrafty|Rest|p1a: Scrafty
|-status|p1a: Scrafty|slp
|-heal|p1a: Scrafty|331\/331 slp|[silent]
|-status|p1a: Scrafty|slp|[from] move: Rest
|
|-activate|p1a: Scrafty|ability: Shed Skin
|-curestatus|p1a: Scrafty|slp
|turn|21
|
|switch|p1a: Slowbro|Slowbro-Mega, F|394\/394
|-damage|p1a: Slowbro|345\/394|[from] Stealth Rock
|move|p2a: Skarmory|Whirlwind|p1a: Slowbro
|drag|p1a: Greninja|Greninja, F|223\/286
|-damage|p1a: Greninja|188\/286|[from] Stealth Rock
|
|turn|22
|
|switch|p2a: Chansey|Chansey, F|625\/704
|move|p1a: Greninja|Dark Pulse|p2a: Chansey
|-start|p1a: Greninja|typechange|Dark|[from] Protean
|-damage|p2a: Chansey|520\/704
|-damage|p1a: Greninja|160\/286|[from] item: Life Orb
|
|turn|23
|
|switch|p1a: Landorus|Landorus, M|320\/320
|-damage|p1a: Landorus|280\/320|[from] Stealth Rock
|move|p2a: Chansey|Seismic Toss|p1a: Landorus
|-damage|p1a: Landorus|180\/320
|
|turn|24
|
|move|p1a: Landorus|Stealth Rock|p2a: Chansey
|-sidestart|p2: With No Survivors|move: Stealth Rock
|move|p2a: Chansey|Soft-Boiled|p2a: Chansey
|-heal|p2a: Chansey|704\/704
|
|turn|25
|
|switch|p1a: Scrafty|Scrafty, F|331\/331
|-damage|p1a: Scrafty|311\/331|[from] Stealth Rock
|move|p2a: Chansey|Seismic Toss|p1a: Scrafty
|-damage|p1a: Scrafty|211\/331
|
|-heal|p1a: Scrafty|231\/331|[from] item: Leftovers
|turn|26
|
|switch|p2a: Skarmory|Skarmory, M|319\/334
|-damage|p2a: Skarmory|278\/334|[from] Stealth Rock
|move|p1a: Scrafty|Drain Punch|p2a: Skarmory
|-damage|p2a: Skarmory|227\/334
|-heal|p1a: Scrafty|257\/331|[from] drain|[of] p2a: Skarmory
|
|-heal|p1a: Scrafty|277\/331|[from] item: Leftovers
|turn|27
|
|move|p1a: Scrafty|Drain Punch|p2a: Skarmory
|-damage|p2a: Skarmory|182\/334
|-heal|p1a: Scrafty|300\/331|[from] drain|[of] p2a: Skarmory
|move|p2a: Skarmory|Whirlwind|p1a: Scrafty
|drag|p1a: Greninja|Greninja, F|160\/286
|-damage|p1a: Greninja|125\/286|[from] Stealth Rock
|
|turn|28
|
|switch|p2a: Chansey|Chansey, F|704\/704
|-damage|p2a: Chansey|616\/704|[from] Stealth Rock
|move|p1a: Greninja|Dark Pulse|p2a: Chansey
|-start|p1a: Greninja|typechange|Dark|[from] Protean
|-damage|p2a: Chansey|519\/704
|-damage|p1a: Greninja|97\/286|[from] item: Life Orb
|
|turn|29
|
|switch|p1a: Scrafty|Scrafty, F|300\/331
|-damage|p1a: Scrafty|280\/331|[from] Stealth Rock
|move|p2a: Chansey|Seismic Toss|p1a: Scrafty
|-damage|p1a: Scrafty|180\/331
|
|-heal|p1a: Scrafty|200\/331|[from] item: Leftovers
|turn|30
|
|switch|p2a: Skarmory|Skarmory, M|182\/334
|-damage|p2a: Skarmory|141\/334|[from] Stealth Rock
|move|p1a: Scrafty|Bulk Up|p1a: Scrafty
|-boost|p1a: Scrafty|atk|1
|-boost|p1a: Scrafty|def|1
|
|-heal|p1a: Scrafty|220\/331|[from] item: Leftovers
|turn|31
|
|move|p1a: Scrafty|Drain Punch|p2a: Skarmory
|-damage|p2a: Skarmory|71\/334
|-heal|p1a: Scrafty|255\/331|[from] drain|[of] p2a: Skarmory
|move|p2a: Skarmory|Whirlwind|p1a: Scrafty
|drag|p1a: Slowbro|Slowbro-Mega, F|345\/394
|-damage|p1a: Slowbro|296\/394|[from] Stealth Rock
|
|turn|32
|
|move|p2a: Skarmory|Roost|p2a: Skarmory
|-heal|p2a: Skarmory|238\/334
|move|p1a: Slowbro|Scald|p2a: Skarmory
|-damage|p2a: Skarmory|22\/334
|-status|p2a: Skarmory|brn
|
|-damage|p2a: Skarmory|0 fnt|[from] brn
|faint|p2a: Skarmory
|
|switch|p2a: Sceptile|Sceptile, F|281\/281
|-damage|p2a: Sceptile|246\/281|[from] Stealth Rock
|turn|33
|
|switch|p1a: Greninja|Greninja, F|97\/286
|-damage|p1a: Greninja|62\/286|[from] Stealth Rock
|detailschange|p2a: Sceptile|Sceptile-Mega, F
|message|Sceptile has Mega Evolved into Mega Sceptile!
|move|p2a: Sceptile|Giga Drain|p1a: Greninja
|-supereffective|p1a: Greninja
|-damage|p1a: Greninja|0 fnt
|-heal|p2a: Sceptile|277\/281|[from] drain|[of] p1a: Greninja
|faint|p1a: Greninja
|
|
|switch|p1a: Scrafty|Scrafty, F|255\/331
|-damage|p1a: Scrafty|235\/331|[from] Stealth Rock
|turn|34
|
|move|p2a: Sceptile|Substitute|p2a: Sceptile
|-start|p2a: Sceptile|Substitute
|-damage|p2a: Sceptile|207\/281
|move|p1a: Scrafty|Drain Punch|p2a: Sceptile
|-end|p2a: Sceptile|Substitute
|-heal|p1a: Scrafty|270\/331|[from] drain|[of] p2a: Sceptile
|
|-heal|p1a: Scrafty|290\/331|[from] item: Leftovers
|turn|35
|
|move|p2a: Sceptile|Dragon Pulse|p1a: Scrafty
|-damage|p1a: Scrafty|154\/331
|move|p1a: Scrafty|Drain Punch|p2a: Sceptile
|-damage|p2a: Sceptile|99\/281
|-heal|p1a: Scrafty|208\/331|[from] drain|[of] p2a: Sceptile
|
|-heal|p1a: Scrafty|228\/331|[from] item: Leftovers
|turn|36
|
|switch|p2a: Latios|Latios, M|302\/302
|-damage|p2a: Latios|265\/302|[from] Stealth Rock
|move|p1a: Scrafty|Rest|p1a: Scrafty
|-status|p1a: Scrafty|slp
|-heal|p1a: Scrafty|331\/331 slp|[silent]
|-status|p1a: Scrafty|slp|[from] move: Rest
|
|turn|37
|
|switch|p1a: Landorus|Landorus, M|180\/320
|-damage|p1a: Landorus|140\/320|[from] Stealth Rock
|move|p2a: Latios|Defog|p1a: Landorus
|-unboost|p1a: Landorus|evasion|1
|-sideend|p1: Australiano|Stealth Rock|[from] move: Defog|[of] p1a: Landorus
|-sideend|p2: With No Survivors|Stealth Rock|[from] move: Defog|[of] p2a: Latios
|
|turn|38
|
|switch|p2a: Chansey|Chansey, F|519\/704
|move|p1a: Landorus|Stealth Rock|p2a: Chansey
|-sidestart|p2: With No Survivors|move: Stealth Rock
|
|turn|39
|
|switch|p1a: Scrafty|Scrafty, F|331\/331 slp
|move|p2a: Chansey|Seismic Toss|p1a: Scrafty
|-damage|p1a: Scrafty|231\/331 slp
|
|-heal|p1a: Scrafty|251\/331 slp|[from] item: Leftovers
|turn|40
|
|switch|p2a: Latios|Latios, M|265\/302
|-damage|p2a: Latios|228\/302|[from] Stealth Rock
|cant|p1a: Scrafty|slp
|
|-heal|p1a: Scrafty|271\/331 slp|[from] item: Leftovers
|turn|41
|
|switch|p1a: Landorus|Landorus, M|140\/320
|move|p2a: Latios|Trick|p1a: Landorus
|-activate|p2a: Latios|move: Trick|[of] p1a: Landorus
|-item|p1a: Landorus|Choice Scarf|[from] move: Trick
|-item|p2a: Latios|Life Orb|[from] move: Trick
|
|turn|42
|
|move|p1a: Landorus|Sludge Wave|p2a: Latios
|-damage|p2a: Latios|106\/302
|move|p2a: Latios|Defog|p1a: Landorus
|-unboost|p1a: Landorus|evasion|1
|-sideend|p2: With No Survivors|Stealth Rock|[from] move: Defog|[of] p2a: Latios
|
|turn|43
|
|switch|p1a: Scrafty|Scrafty, F|271\/331 slp
|switch|p2a: Magnezone|Magnezone|143\/282
|
|-heal|p1a: Scrafty|291\/331 slp|[from] item: Leftovers
|turn|44
|
|move|p2a: Magnezone|Volt Switch|p1a: Scrafty
|-damage|p1a: Scrafty|191\/331 slp
|
|switch|p2a: Rotom-Wash|Rotom-Wash|181\/304 brn
|cant|p1a: Scrafty|slp
|
|-heal|p2a: Rotom-Wash|200\/304 brn|[from] item: Leftovers
|-activate|p1a: Scrafty|ability: Shed Skin
|-curestatus|p1a: Scrafty|slp
|-heal|p1a: Scrafty|211\/331|[from] item: Leftovers
|-damage|p2a: Rotom-Wash|162\/304 brn|[from] brn
|turn|45
|
|move|p2a: Rotom-Wash|Hydro Pump|p1a: Scrafty
|-damage|p1a: Scrafty|112\/331
|move|p1a: Scrafty|Knock Off|p2a: Rotom-Wash
|-damage|p2a: Rotom-Wash|60\/304 brn
|-enditem|p2a: Rotom-Wash|Leftovers|[from] move: Knock Off|[of] p1a: Scrafty
|
|-heal|p1a: Scrafty|132\/331|[from] item: Leftovers
|-damage|p2a: Rotom-Wash|22\/304 brn|[from] brn
|turn|46
|
|move|p2a: Rotom-Wash|Pain Split|p1a: Scrafty
|-sethp|p1a: Scrafty|77\/331|p2a: Rotom-Wash|77\/304 brn|[from] move: Pain Split
|move|p1a: Scrafty|Rest|p1a: Scrafty
|-status|p1a: Scrafty|slp
|-heal|p1a: Scrafty|331\/331 slp|[silent]
|-status|p1a: Scrafty|slp|[from] move: Rest
|
|-damage|p2a: Rotom-Wash|39\/304 brn|[from] brn
|turn|47
|
|move|p2a: Rotom-Wash|Pain Split|p1a: Scrafty
|-sethp|p1a: Scrafty|185\/331 slp|p2a: Rotom-Wash|185\/304 brn|[from] move: Pain Split
|cant|p1a: Scrafty|slp
|
|-activate|p1a: Scrafty|ability: Shed Skin
|-curestatus|p1a: Scrafty|slp
|-heal|p1a: Scrafty|205\/331|[from] item: Leftovers
|-damage|p2a: Rotom-Wash|147\/304 brn|[from] brn
|turn|48
|
|move|p2a: Rotom-Wash|Volt Switch|p1a: Scrafty
|-damage|p1a: Scrafty|139\/331
|
|switch|p2a: Latios|Latios, M|106\/302
|move|p1a: Scrafty|Bulk Up|p1a: Scrafty
|-boost|p1a: Scrafty|atk|1
|-boost|p1a: Scrafty|def|1
|
|-heal|p1a: Scrafty|159\/331|[from] item: Leftovers
|turn|49
|
|switch|p1a: Slowbro|Slowbro-Mega, F|296\/394
|move|p2a: Latios|Draco Meteor|p1a: Slowbro
|-damage|p1a: Slowbro|0 fnt
|-unboost|p2a: Latios|spa|2
|-damage|p2a: Latios|76\/302|[from] item: Life Orb
|faint|p1a: Slowbro
|
|
|switch|p1a: Scrafty|Scrafty, F|159\/331
|turn|50
|
|switch|p2a: Rotom-Wash|Rotom-Wash|147\/304 brn
|move|p1a: Scrafty|Rest|p1a: Scrafty
|-status|p1a: Scrafty|slp
|-heal|p1a: Scrafty|331\/331 slp|[silent]
|-status|p1a: Scrafty|slp|[from] move: Rest
|
|-damage|p2a: Rotom-Wash|109\/304 brn|[from] brn
|turn|51
|
|move|p2a: Rotom-Wash|Hydro Pump|p1a: Scrafty
|-damage|p1a: Scrafty|229\/331 slp
|cant|p1a: Scrafty|slp
|
|-heal|p1a: Scrafty|249\/331 slp|[from] item: Leftovers
|-damage|p2a: Rotom-Wash|71\/304 brn|[from] brn
|turn|52
|
|move|p2a: Rotom-Wash|Pain Split|p1a: Scrafty
|-sethp|p1a: Scrafty|160\/331 slp|p2a: Rotom-Wash|160\/304 brn|[from] move: Pain Split
|cant|p1a: Scrafty|slp
|
|-heal|p1a: Scrafty|180\/331 slp|[from] item: Leftovers
|-damage|p2a: Rotom-Wash|122\/304 brn|[from] brn
|turn|53
|
|switch|p1a: Landorus|Landorus, M|140\/320
|move|p2a: Rotom-Wash|Hydro Pump|p1a: Landorus
|-supereffective|p1a: Landorus
|-damage|p1a: Landorus|0 fnt
|faint|p1a: Landorus
|
|-damage|p2a: Rotom-Wash|84\/304 brn|[from] brn
|
|switch|p1a: Scrafty|Scrafty, F|180\/331 slp
|turn|54
|
|move|p2a: Rotom-Wash|Hydro Pump|p1a: Scrafty
|-damage|p1a: Scrafty|81\/331 slp
|-curestatus|p1a: Scrafty|slp
|move|p1a: Scrafty|Rest|p1a: Scrafty
|-status|p1a: Scrafty|slp
|-heal|p1a: Scrafty|331\/331 slp|[silent]
|-status|p1a: Scrafty|slp|[from] move: Rest
|
|-damage|p2a: Rotom-Wash|46\/304 brn|[from] brn
|turn|55
|
|move|p2a: Rotom-Wash|Pain Split|p1a: Scrafty
|-sethp|p1a: Scrafty|188\/331 slp|p2a: Rotom-Wash|188\/304 brn|[from] move: Pain Split
|cant|p1a: Scrafty|slp
|
|-heal|p1a: Scrafty|208\/331 slp|[from] item: Leftovers
|-damage|p2a: Rotom-Wash|150\/304 brn|[from] brn
|turn|56
|
|move|p2a: Rotom-Wash|Hydro Pump|p1a: Scrafty
|-damage|p1a: Scrafty|105\/331 slp
|cant|p1a: Scrafty|slp
|
|-activate|p1a: Scrafty|ability: Shed Skin
|-curestatus|p1a: Scrafty|slp
|-heal|p1a: Scrafty|125\/331|[from] item: Leftovers
|-damage|p2a: Rotom-Wash|112\/304 brn|[from] brn
|turn|57
|
|move|p2a: Rotom-Wash|Hydro Pump|p1a: Scrafty
|-damage|p1a: Scrafty|19\/331
|move|p1a: Scrafty|Rest|p1a: Scrafty
|-status|p1a: Scrafty|slp
|-heal|p1a: Scrafty|331\/331 slp|[silent]
|-status|p1a: Scrafty|slp|[from] move: Rest
|
|-damage|p2a: Rotom-Wash|74\/304 brn|[from] brn
|turn|58
|
|move|p2a: Rotom-Wash|Pain Split|p1a: Scrafty
|-sethp|p1a: Scrafty|202\/331 slp|p2a: Rotom-Wash|202\/304 brn|[from] move: Pain Split
|cant|p1a: Scrafty|slp
|
|-heal|p1a: Scrafty|222\/331 slp|[from] item: Leftovers
|-damage|p2a: Rotom-Wash|164\/304 brn|[from] brn
|turn|59
|
|move|p2a: Rotom-Wash|Hydro Pump|p1a: Scrafty
|-damage|p1a: Scrafty|114\/331 slp
|cant|p1a: Scrafty|slp
|
|-heal|p1a: Scrafty|134\/331 slp|[from] item: Leftovers
|-damage|p2a: Rotom-Wash|126\/304 brn|[from] brn
|turn|60
|
|move|p2a: Rotom-Wash|Volt Switch|p1a: Scrafty
|-damage|p1a: Scrafty|64\/331 slp
|
|switch|p2a: Magnezone|Magnezone|143\/282
|-curestatus|p1a: Scrafty|slp
|move|p1a: Scrafty|Rest|p1a: Scrafty
|-status|p1a: Scrafty|slp
|-heal|p1a: Scrafty|331\/331 slp|[silent]
|-status|p1a: Scrafty|slp|[from] move: Rest
|
|turn|61
|
|move|p2a: Magnezone|Thunderbolt|p1a: Scrafty
|-damage|p1a: Scrafty|201\/331 slp
|cant|p1a: Scrafty|slp
|
|-heal|p1a: Scrafty|221\/331 slp|[from] item: Leftovers
|turn|62
|
|move|p2a: Magnezone|Thunderbolt|p1a: Scrafty
|-crit|p1a: Scrafty
|-damage|p1a: Scrafty|26\/331 slp
|cant|p1a: Scrafty|slp
|
|-heal|p1a: Scrafty|46\/331 slp|[from] item: Leftovers
|turn|63
|
|move|p2a: Magnezone|Thunderbolt|p1a: Scrafty
|-damage|p1a: Scrafty|0 fnt
|faint|p1a: Scrafty
|
|win|With No Survivors
|raw|Ladder updating...
|c|âWith No Survivors|gg
|c|âWith No Survivors|nice scrafty
|raw|Australiano's rating: 1524 &rarr; <strong>1503<\/strong><br \/>(-21 for losing)
|raw|With No Survivors's rating: 1497 &rarr; <strong>1519<\/strong><br \/>(+22 for winning)