|join|Princes
|join|With No Survivors
|player|p1|Princes|266
|player|p2|With No Survivors|248
|gametype|singles
|gen|6
|tier|OU
|rated
|clearpoke
|poke|p1|Heatran, F
|poke|p1|Gyarados, F
|poke|p1|Ferrothorn, F
|poke|p1|Landorus-Therian, M
|poke|p1|Latias, F
|poke|p1|Keldeo
|poke|p2|Charizard, F
|poke|p2|Tyranitar, F
|poke|p2|Excadrill, F
|poke|p2|Chesnaught, M
|poke|p2|Slowbro, M
|poke|p2|Chansey, F
|rule|Swagger Clause: Swagger is banned
|rule|Baton Pass Clause: Limit one PokÃ©mon knowing Baton Pass
|rule|Sleep Clause Mod: Limit one foe put to sleep
|rule|Species Clause: Limit one of each PokÃ©mon
|rule|OHKO Clause: OHKO moves are banned
|rule|Moody Clause: Moody is banned
|rule|Evasion Moves Clause: Evasion moves are banned
|rule|Endless Battle Clause: Forcing endless battles is banned
|rule|HP Percentage Mod: HP is shown in percentages
|teampreview
|
|start
|switch|p1a: Keldeo|Keldeo|323\/323
|switch|p2a: Slowbro|Slowbro, M|394\/394
|turn|1
|
|move|p1a: Keldeo|Substitute|p1a: Keldeo
|-start|p1a: Keldeo|Substitute
|-damage|p1a: Keldeo|243\/323
|move|p2a: Slowbro|Psyshock|p1a: Keldeo
|-supereffective|p1a: Keldeo
|-end|p1a: Keldeo|Substitute
|
|-heal|p1a: Keldeo|263\/323|[from] item: Leftovers
|turn|2
|
|switch|p1a: Ferrothorn|Ferrothorn, F|352\/352
|move|p2a: Slowbro|Scald|p1a: Ferrothorn
|-resisted|p1a: Ferrothorn
|-damage|p1a: Ferrothorn|290\/352
|
|-heal|p1a: Ferrothorn|312\/352|[from] item: Leftovers
|turn|3
|
|move|p2a: Slowbro|Fire Blast|p1a: Ferrothorn
|-supereffective|p1a: Ferrothorn
|-damage|p1a: Ferrothorn|0 fnt
|faint|p1a: Ferrothorn
|
|
|switch|p1a: Gyarados|Gyarados, F|353\/353
|-ability|p1a: Gyarados|Intimidate|[of] p2a: Slowbro
|-unboost|p2a: Slowbro|atk|1
|turn|4
|
|switch|p2a: Chesnaught|Chesnaught, M|318\/318
|move|p1a: Gyarados|Dragon Dance|p1a: Gyarados
|-boost|p1a: Gyarados|atk|1
|-boost|p1a: Gyarados|spe|1
|
|turn|5
|
|move|p1a: Gyarados|Taunt|p2a: Chesnaught
|-start|p2a: Chesnaught|move: Taunt
|move|p2a: Chesnaught|Wood Hammer|p1a: Gyarados
|-damage|p1a: Gyarados|125\/353
|-damage|p2a: Chesnaught|243\/318|[from] recoil|[of] p1a: Gyarados
|
|-heal|p2a: Chesnaught|262\/318|[from] item: Leftovers
|turn|6
|
|detailschange|p1a: Gyarados|Gyarados-Mega, F
|-mega|p1a: Gyarados|Gyarados|Gyaradosite
|-ability|p1a: Gyarados|Mold Breaker
|move|p1a: Gyarados|Waterfall|p2a: Chesnaught
|-resisted|p2a: Chesnaught
|-damage|p2a: Chesnaught|159\/318
|move|p2a: Chesnaught|Wood Hammer|p1a: Gyarados
|-supereffective|p1a: Gyarados
|-damage|p1a: Gyarados|0 fnt
|-damage|p2a: Chesnaught|118\/318|[from] recoil|[of] p1a: Gyarados
|faint|p1a: Gyarados
|
|-heal|p2a: Chesnaught|137\/318|[from] item: Leftovers
|-message|Princes forfeited.
|
|win|With No Survivors
|raw|Ladder updating...
|leave|Princes
|player|p1
|raw|Princes's rating: 1538 &rarr; <strong>1518<\/strong><br \/>(-20 for losing)
|raw|With No Survivors's rating: 1543 &rarr; <strong>1563<\/strong><br \/>(+20 for winning)