|join|69time
|join|With No Survivors
|player|p1|69time|265
|player|p2|With No Survivors|248
|gametype|singles
|gen|6
|tier|OU (suspect test)
|rated
|clearpoke
|poke|p1|Lopunny, M
|poke|p1|Mandibuzz, F
|poke|p1|Darmanitan, F
|poke|p1|Thundurus, M
|poke|p1|Mew
|poke|p1|Clefable, F
|poke|p2|Charizard, F
|poke|p2|Tyranitar, M
|poke|p2|Excadrill, F
|poke|p2|Chesnaught, F
|poke|p2|Slowbro, F
|poke|p2|Chansey, F
|rule|Swagger Clause: Swagger is banned
|rule|Baton Pass Clause: Limit one PokÃ©mon knowing Baton Pass
|rule|Sleep Clause Mod: Limit one foe put to sleep
|rule|Species Clause: Limit one of each PokÃ©mon
|rule|OHKO Clause: OHKO moves are banned
|rule|Moody Clause: Moody is banned
|rule|Evasion Moves Clause: Evasion moves are banned
|rule|Endless Battle Clause: Forcing endless battles is banned
|rule|HP Percentage Mod: HP is shown in percentages
|teampreview
|
|start
|switch|p1a: Mew|Mew|404\/404
|switch|p2a: Chansey|Chansey, F|642\/642
|turn|1
|
|switch|p2a: Charizard|Charizard, F|297\/297
|move|p1a: Mew|Taunt|p2a: Charizard
|-start|p2a: Charizard|move: Taunt
|
|turn|2
|
|detailschange|p2a: Charizard|Charizard-Mega-Y, F
|-mega|p2a: Charizard|Charizard|Charizardite Y
|-weather|SunnyDay
|move|p2a: Charizard|Fire Blast|p1a: Mew
|-damage|p1a: Mew|178\/404
|move|p1a: Mew|Toxic|p2a: Charizard
|-status|p2a: Charizard|tox
|
|-weather|SunnyDay|[upkeep]
|-heal|p1a: Mew|203\/404|[from] item: Leftovers
|-damage|p2a: Charizard|279\/297 tox|[from] psn
|turn|3
|
|switch|p1a: Thundurus|Thundurus, M|299\/299
|move|p2a: Charizard|Fire Blast|p1a: Thundurus
|-damage|p1a: Thundurus|0 fnt
|faint|p1a: Thundurus
|
|-weather|SunnyDay|[upkeep]
|-damage|p2a: Charizard|243\/297 tox|[from] psn
|
|switch|p1a: Lopunny|Lopunny, M|271\/271
|turn|4
|
|switch|p2a: Slowbro|Slowbro, F|394\/394
|detailschange|p1a: Lopunny|Lopunny-Mega, M
|-mega|p1a: Lopunny|Lopunny|Lopunnite
|move|p1a: Lopunny|Fake Out|p2a: Slowbro
|-damage|p2a: Slowbro|322\/394
|-damage|p1a: Lopunny|226\/271|[from] item: Rocky Helmet|[of] p2a: Slowbro
|
|-weather|SunnyDay|[upkeep]
|turn|5
|
|switch|p1a: Mew|Mew|203\/404
|move|p2a: Slowbro|Fire Blast|p1a: Mew
|-damage|p1a: Mew|69\/404
|-status|p1a: Mew|brn
|-status|p2a: Slowbro|brn
|
|-weather|SunnyDay|[upkeep]
|-heal|p1a: Mew|94\/404 brn|[from] item: Leftovers
|-damage|p1a: Mew|44\/404 brn|[from] brn
|-damage|p2a: Slowbro|273\/394 brn|[from] brn
|turn|6
|
|switch|p2a: Tyranitar|Tyranitar, M|404\/404
|-weather|Sandstorm
|move|p1a: Mew|Stealth Rock|p2a: Tyranitar
|-sidestart|p2: With No Survivors|move: Stealth Rock
|
|-weather|Sandstorm|[upkeep]
|-damage|p1a: Mew|19\/404 brn|[from] sandstorm
|-heal|p1a: Mew|44\/404 brn|[from] item: Leftovers
|-damage|p1a: Mew|0 fnt|[from] brn
|faint|p1a: Mew
|
|switch|p1a: Lopunny|Lopunny-Mega, M|226\/271
|turn|7
|
|switch|p2a: Slowbro|Slowbro, F|394\/394 brn
|-damage|p2a: Slowbro|345\/394 brn|[from] Stealth Rock
|move|p1a: Lopunny|Drain Punch|p2a: Slowbro
|-resisted|p2a: Slowbro
|-damage|p2a: Slowbro|278\/394 brn
|-heal|p1a: Lopunny|260\/271|[from] drain|[of] p2a: Slowbro
|-damage|p1a: Lopunny|215\/271|[from] item: Rocky Helmet|[of] p2a: Slowbro
|
|-weather|Sandstorm|[upkeep]
|-damage|p1a: Lopunny|199\/271|[from] sandstorm
|-damage|p2a: Slowbro|254\/394 brn|[from] sandstorm
|-damage|p2a: Slowbro|205\/394 brn|[from] brn
|turn|8
|
|switch|p1a: Clefable|Clefable, F|394\/394
|switch|p2a: Chansey|Chansey, F|642\/642
|-damage|p2a: Chansey|562\/642|[from] Stealth Rock
|
|-weather|Sandstorm|[upkeep]
|-damage|p2a: Chansey|522\/642|[from] sandstorm
|turn|9
|
|switch|p1a: Lopunny|Lopunny-Mega, M|199\/271
|move|p2a: Chansey|Thunder Wave|p1a: Lopunny
|-status|p1a: Lopunny|par
|
|-weather|Sandstorm|[upkeep]
|-damage|p2a: Chansey|482\/642|[from] sandstorm
|-damage|p1a: Lopunny|183\/271 par|[from] sandstorm
|turn|10
|
|move|p2a: Chansey|Aromatherapy|p2a: Chansey
|-cureteam|p2a: Chansey|[from] move: Aromatherapy
|move|p1a: Lopunny|Frustration|p2a: Chansey
|-damage|p2a: Chansey|221\/642
|
|-weather|none
|turn|11
|
|switch|p2a: Chesnaught|Chesnaught, F|318\/318
|-damage|p2a: Chesnaught|299\/318|[from] Stealth Rock
|cant|p1a: Lopunny|par
|
|-heal|p2a: Chesnaught|318\/318|[from] item: Leftovers
|turn|12
|
|switch|p2a: Excadrill|Excadrill, F|362\/362
|-damage|p2a: Excadrill|351\/362|[from] Stealth Rock
|switch|p1a: Darmanitan|Darmanitan, F|351\/351
|
|turn|13
|
|switch|p2a: Slowbro|Slowbro, F|336\/394
|-damage|p2a: Slowbro|287\/394|[from] Stealth Rock
|move|p1a: Darmanitan|Flare Blitz|p2a: Slowbro
|-crit|p2a: Slowbro
|-resisted|p2a: Slowbro
|-damage|p2a: Slowbro|83\/394
|-damage|p1a: Darmanitan|293\/351|[from] item: Rocky Helmet|[of] p2a: Slowbro
|-damage|p1a: Darmanitan|226\/351|[from] recoil|[of] p2a: Slowbro
|
|turn|14
|
|switch|p2a: Tyranitar|Tyranitar, M|404\/404
|-damage|p2a: Tyranitar|354\/404|[from] Stealth Rock
|-weather|Sandstorm
|move|p1a: Darmanitan|Flare Blitz|p2a: Tyranitar
|-resisted|p2a: Tyranitar
|-damage|p2a: Tyranitar|216\/404
|-damage|p1a: Darmanitan|180\/351|[from] recoil|[of] p2a: Tyranitar
|
|-weather|Sandstorm|[upkeep]
|-damage|p1a: Darmanitan|159\/351|[from] sandstorm
|turn|15
|
|move|p2a: Tyranitar|Pursuit|p1a: Darmanitan|[from]Pursuit
|-damage|p1a: Darmanitan|0 fnt
|faint|p1a: Darmanitan
|
|-weather|Sandstorm|[upkeep]
|
|switch|p1a: Clefable|Clefable, F|394\/394
|turn|16
|
|move|p2a: Tyranitar|Thunder Wave|p1a: Clefable
|-status|p1a: Clefable|par
|move|p1a: Clefable|Calm Mind|p1a: Clefable
|-boost|p1a: Clefable|spa|1
|-boost|p1a: Clefable|spd|1
|
|-weather|Sandstorm|[upkeep]
|turn|17
|
|move|p2a: Tyranitar|Rock Slide|p1a: Clefable
|-damage|p1a: Clefable|256\/394 par
|cant|p1a: Clefable|flinch
|
|-weather|Sandstorm|[upkeep]
|-heal|p1a: Clefable|280\/394 par|[from] item: Leftovers
|turn|18
|
|move|p2a: Tyranitar|Rock Slide|p1a: Clefable
|-damage|p1a: Clefable|145\/394 par
|move|p1a: Clefable|Calm Mind|p1a: Clefable
|-boost|p1a: Clefable|spa|1
|-boost|p1a: Clefable|spd|1
|
|-weather|none
|-heal|p1a: Clefable|169\/394 par|[from] item: Leftovers
|turn|19
|
|switch|p2a: Excadrill|Excadrill, F|351\/362
|-damage|p2a: Excadrill|340\/362|[from] Stealth Rock
|cant|p1a: Clefable|par
|
|-heal|p1a: Clefable|193\/394 par|[from] item: Leftovers
|turn|20
|c|â69time|dang para
|c|â69time|gg
|
|move|p2a: Excadrill|Iron Head|p1a: Clefable
|-supereffective|p1a: Clefable
|-damage|p1a: Clefable|0 fnt
|faint|p1a: Clefable
|
|c|âWith No Survivors|gg
|
|switch|p1a: Mandibuzz|Mandibuzz, F|424\/424
|turn|21
|
|move|p2a: Excadrill|Rapid Spin|p1a: Mandibuzz
|-damage|p1a: Mandibuzz|405\/424
|-sideend|p2: With No Survivors|Stealth Rock|[from] move: Rapid Spin|[of] p2a: Excadrill
|move|p1a: Mandibuzz|Foul Play|p2a: Excadrill
|-damage|p2a: Excadrill|72\/362
|
|-heal|p1a: Mandibuzz|424\/424|[from] item: Leftovers
|turn|22
|
|switch|p2a: Chansey|Chansey, F|221\/642
|move|p1a: Mandibuzz|Foul Play|p2a: Chansey
|-damage|p2a: Chansey|212\/642
|
|turn|23
|
|move|p2a: Chansey|Soft-Boiled|p2a: Chansey
|-heal|p2a: Chansey|533\/642
|move|p1a: Mandibuzz|Whirlwind|p2a: Chansey
|drag|p2a: Slowbro|Slowbro, F|214\/394
|
|turn|24
|
|move|p1a: Mandibuzz|Foul Play|p2a: Slowbro
|-supereffective|p2a: Slowbro
|-damage|p2a: Slowbro|94\/394
|-damage|p1a: Mandibuzz|354\/424|[from] item: Rocky Helmet|[of] p2a: Slowbro
|move|p2a: Slowbro|Slack Off|p2a: Slowbro
|-heal|p2a: Slowbro|291\/394
|
|-heal|p1a: Mandibuzz|380\/424|[from] item: Leftovers
|turn|25
|c|â69time|hurry up
|
|switch|p2a: Chansey|Chansey, F|533\/642
|move|p1a: Mandibuzz|Defog|p2a: Chansey
|-unboost|p2a: Chansey|evasion|1
|
|-heal|p1a: Mandibuzz|406\/424|[from] item: Leftovers
|turn|26
|c|âWith No Survivors|you could technically just forfeit
|
|switch|p2a: Charizard|Charizard-Mega-Y, F|243\/297
|-weather|SunnyDay
|move|p1a: Mandibuzz|Defog|p2a: Charizard
|-unboost|p2a: Charizard|evasion|1
|
|-weather|SunnyDay|[upkeep]
|-heal|p1a: Mandibuzz|424\/424|[from] item: Leftovers
|turn|27
|c|â69time|nah
|
|move|p2a: Charizard|Fire Blast|p1a: Mandibuzz
|-damage|p1a: Mandibuzz|60\/424
|move|p1a: Mandibuzz|Defog|p2a: Charizard
|-unboost|p2a: Charizard|evasion|1
|
|-weather|SunnyDay|[upkeep]
|-heal|p1a: Mandibuzz|86\/424|[from] item: Leftovers
|turn|28
|
|move|p2a: Charizard|Fire Blast|p1a: Mandibuzz
|-damage|p1a: Mandibuzz|0 fnt
|faint|p1a: Mandibuzz
|
|-weather|SunnyDay|[upkeep]
|
|switch|p1a: Lopunny|Lopunny-Mega, M|183\/271 par
|turn|29
|
|move|p2a: Charizard|Fire Blast|p1a: Lopunny
|-damage|p1a: Lopunny|0 fnt
|faint|p1a: Lopunny
|
|win|With No Survivors
|raw|Ladder updating...
|raw|69time's rating: 1418 &rarr; <strong>1400<\/strong><br \/>(-18 for losing)
|raw|With No Survivors's rating: 1444 &rarr; <strong>1463<\/strong><br \/>(+19 for winning)
|c|âWith No Survivors|gg
|leave|69time
|player|p1