|join|HellfireRakehell
|join|With No Survivors
|player|p1|HellfireRakehell|290
|player|p2|With No Survivors|248
|gametype|singles
|gen|6
|tier|OU (suspect test)
|rated
|clearpoke
|poke|p1|Mamoswine, M
|poke|p1|Bisharp, M
|poke|p1|Gyarados, M
|poke|p1|Aerodactyl, M
|poke|p1|Thundurus, M
|poke|p1|Gothitelle, M
|poke|p2|Sceptile, M
|poke|p2|Rotom-Wash
|poke|p2|Skarmory, M
|poke|p2|Magnezone
|poke|p2|Latios, M
|poke|p2|Chansey, F
|rule|Swagger Clause: Swagger is banned
|rule|Baton Pass Clause: Limit one PokÃ©mon knowing Baton Pass
|rule|Sleep Clause Mod: Limit one foe put to sleep
|rule|Species Clause: Limit one of each PokÃ©mon
|rule|OHKO Clause: OHKO moves are banned
|rule|Moody Clause: Moody is banned
|rule|Evasion Moves Clause: Evasion moves are banned
|rule|Endless Battle Clause: Forcing endless battles is banned
|rule|HP Percentage Mod: HP is shown in percentages
|teampreview
|
|start
|switch|p1a: Aerodactyl|Aerodactyl, M|301\/301
|switch|p2a: Rotom-Wash|Rotom-Wash|304\/304
|-ability|p1a: Aerodactyl|Pressure
|turn|1
|
|move|p1a: Aerodactyl|Stealth Rock|p2a: Rotom-Wash
|-sidestart|p2: With No Survivors|move: Stealth Rock
|move|p2a: Rotom-Wash|Will-O-Wisp|p1a: Aerodactyl
|-status|p1a: Aerodactyl|brn
|
|-damage|p1a: Aerodactyl|264\/301 brn|[from] brn
|turn|2
|
|move|p1a: Aerodactyl|Stone Edge|p2a: Rotom-Wash
|-damage|p2a: Rotom-Wash|234\/304
|move|p2a: Rotom-Wash|Volt Switch|p1a: Aerodactyl
|-supereffective|p1a: Aerodactyl
|-damage|p1a: Aerodactyl|48\/301 brn
|
|switch|p2a: Latios|Latios, M|302\/302
|-damage|p2a: Latios|265\/302|[from] Stealth Rock
|
|-damage|p1a: Aerodactyl|11\/301 brn|[from] brn
|turn|3
|
|switch|p2a: Magnezone|Magnezone|282\/282
|-damage|p2a: Magnezone|265\/282|[from] Stealth Rock
|move|p1a: Aerodactyl|Taunt|p2a: Magnezone
|-start|p2a: Magnezone|move: Taunt
|
|-damage|p1a: Aerodactyl|0 fnt|[from] brn
|faint|p1a: Aerodactyl
|
|switch|p1a: Mamoswine|Mamoswine, M|361\/361
|turn|4
|
|switch|p1a: Gothitelle|Gothitelle, M|281\/281
|move|p2a: Magnezone|Flash Cannon|p1a: Gothitelle
|-damage|p1a: Gothitelle|145\/281
|
|turn|5
|
|switch|p1a: Gyarados|Gyarados, M|331\/331
|-ability|p1a: Gyarados|Intimidate|[of] p2a: Magnezone
|-unboost|p2a: Magnezone|atk|1
|move|p2a: Magnezone|Flash Cannon|p1a: Gyarados
|-resisted|p1a: Gyarados
|-damage|p1a: Gyarados|256\/331
|-unboost|p1a: Gyarados|spd|1
|
|turn|6
|
|switch|p2a: Rotom-Wash|Rotom-Wash|234\/304
|-damage|p2a: Rotom-Wash|196\/304|[from] Stealth Rock
|detailschange|p1a: Gyarados|Gyarados-Mega, M
|-mega|p1a: Gyarados|Gyarados|Gyaradosite
|-ability|p1a: Gyarados|Mold Breaker
|move|p1a: Gyarados|Dragon Dance|p1a: Gyarados
|-boost|p1a: Gyarados|atk|1
|-boost|p1a: Gyarados|spe|1
|
|-heal|p2a: Rotom-Wash|215\/304|[from] item: Leftovers
|turn|7
|
|switch|p2a: Skarmory|Skarmory, M|334\/334
|-damage|p2a: Skarmory|293\/334|[from] Stealth Rock
|move|p1a: Gyarados|Waterfall|p2a: Skarmory
|-damage|p2a: Skarmory|128\/334
|-damage|p1a: Gyarados|201\/331|[from] item: Rocky Helmet|[of] p2a: Skarmory
|
|turn|8
|
|move|p1a: Gyarados|Waterfall|p2a: Skarmory
|-damage|p2a: Skarmory|0 fnt
|-damage|p1a: Gyarados|146\/331|[from] item: Rocky Helmet|[of] p2a: Skarmory
|faint|p2a: Skarmory
|
|
|switch|p2a: Rotom-Wash|Rotom-Wash|215\/304
|-damage|p2a: Rotom-Wash|177\/304|[from] Stealth Rock
|turn|9
|
|move|p1a: Gyarados|Earthquake|p2a: Rotom-Wash
|-supereffective|p2a: Rotom-Wash
|-damage|p2a: Rotom-Wash|0 fnt
|faint|p2a: Rotom-Wash
|
|c|âWith No Survivors|wp
|
|switch|p2a: Chansey|Chansey, F|704\/704
|-damage|p2a: Chansey|616\/704|[from] Stealth Rock
|turn|10
|c|âHellfireRakehell|;3
|
|move|p1a: Gyarados|Waterfall|p2a: Chansey
|-damage|p2a: Chansey|268\/704
|move|p2a: Chansey|Thunder Wave|p1a: Gyarados
|-status|p1a: Gyarados|par
|
|turn|11
|
|move|p2a: Chansey|Soft-Boiled|p2a: Chansey
|-heal|p2a: Chansey|620\/704
|cant|p1a: Gyarados|par
|
|turn|12
|
|switch|p1a: Gothitelle|Gothitelle, M|145\/281
|move|p2a: Chansey|Seismic Toss|p1a: Gothitelle
|-damage|p1a: Gothitelle|45\/281
|
|turn|13
|
|move|p1a: Gothitelle|Trick|p2a: Chansey
|-activate|p1a: Gothitelle|move: Trick|[of] p2a: Chansey
|-item|p2a: Chansey|Choice Specs|[from] move: Trick
|-item|p1a: Gothitelle|Eviolite|[from] move: Trick
|move|p2a: Chansey|Seismic Toss|p1a: Gothitelle
|-damage|p1a: Gothitelle|0 fnt
|faint|p1a: Gothitelle
|
|
|switch|p1a: Bisharp|Bisharp, M|271\/271
|turn|14
|
|move|p1a: Bisharp|Swords Dance|p1a: Bisharp
|-boost|p1a: Bisharp|atk|2
|move|p2a: Chansey|Seismic Toss|p1a: Bisharp
|-damage|p1a: Bisharp|171\/271
|
|turn|15
|
|move|p1a: Bisharp|Knock Off|p2a: Chansey
|-damage|p2a: Chansey|0 fnt
|-enditem|p2a: Chansey|Choice Specs|[from] move: Knock Off|[of] p1a: Bisharp
|-damage|p1a: Bisharp|144\/271|[from] item: Life Orb
|faint|p2a: Chansey
|
|
|switch|p2a: Sceptile|Sceptile, M|281\/281
|-damage|p2a: Sceptile|246\/281|[from] Stealth Rock
|turn|16
|
|detailschange|p2a: Sceptile|Sceptile-Mega, M
|-mega|p2a: Sceptile|Sceptile|Sceptilite
|move|p1a: Bisharp|Sucker Punch|p2a: Sceptile
|-fail|p2a: Sceptile
|move|p2a: Sceptile|Substitute|p2a: Sceptile
|-start|p2a: Sceptile|Substitute
|-damage|p2a: Sceptile|176\/281
|
|turn|17
|
|move|p1a: Bisharp|Sucker Punch|p2a: Sceptile
|-end|p2a: Sceptile|Substitute
|-damage|p1a: Bisharp|117\/271|[from] item: Life Orb
|move|p2a: Sceptile|Earthquake|p1a: Bisharp
|-supereffective|p1a: Bisharp
|-damage|p1a: Bisharp|0 fnt
|faint|p1a: Bisharp
|
|
|switch|p1a: Mamoswine|Mamoswine, M|361\/361
|turn|18
|
|move|p2a: Sceptile|Giga Drain|p1a: Mamoswine
|-supereffective|p1a: Mamoswine
|-damage|p1a: Mamoswine|0 fnt
|-heal|p2a: Sceptile|281\/281|[from] drain|[of] p1a: Mamoswine
|faint|p1a: Mamoswine
|
|c|âHellfireRakehell|good ol over predictions
|
|switch|p1a: Thundurus|Thundurus, M|298\/298
|turn|19
|c|âWith No Survivors|first you have to find out what type of player your opponent is
|
|move|p1a: Thundurus|Thunder Wave|p2a: Sceptile
|-boost|p2a: Sceptile|spa|1|[from] ability: Lightning Rod
|move|p2a: Sceptile|Substitute|p2a: Sceptile
|-start|p2a: Sceptile|Substitute
|-damage|p2a: Sceptile|211\/281
|
|turn|20
|c|âWith No Survivors|if I saw that beforehand, I might've switched to Magne on Mamo lmao
|
|move|p2a: Sceptile|Dragon Pulse|p1a: Thundurus
|-damage|p1a: Thundurus|0 fnt
|faint|p1a: Thundurus
|
|-message|HellfireRakehell forfeited.
|leave|HellfireRakehell
|
|win|With No Survivors
|raw|Ladder updating...
|player|p1
|raw|HellfireRakehell's rating: 1183 &rarr; <strong>1159<\/strong><br \/>(-24 for losing)
|raw|With No Survivors's rating: 1203 &rarr; <strong>1226<\/strong><br \/>(+23 for winning)