|join|With No Survivors
|join|Bunbunin
|player|p1|With No Survivors|248
|player|p2|Bunbunin|96
|gametype|singles
|gen|6
|tier|OU (suspect test)
|rated
|clearpoke
|poke|p1|Charizard, F
|poke|p1|Tyranitar, F
|poke|p1|Excadrill, F
|poke|p1|Chesnaught, F
|poke|p1|Slowbro, M
|poke|p1|Chansey, F
|poke|p2|Lopunny, F
|poke|p2|Gyarados, M
|poke|p2|Sylveon, F
|poke|p2|Empoleon, M
|poke|p2|Roserade, F
|poke|p2|Goodra, F
|rule|Swagger Clause: Swagger is banned
|rule|Baton Pass Clause: Limit one PokÃ©mon knowing Baton Pass
|rule|Sleep Clause Mod: Limit one foe put to sleep
|rule|Species Clause: Limit one of each PokÃ©mon
|rule|OHKO Clause: OHKO moves are banned
|rule|Moody Clause: Moody is banned
|rule|Evasion Moves Clause: Evasion moves are banned
|rule|Endless Battle Clause: Forcing endless battles is banned
|rule|HP Percentage Mod: HP is shown in percentages
|teampreview
|
|start
|switch|p1a: Chesnaught|Chesnaught, F|318\/318
|switch|p2a: Gyarados|Gyarados, M|394\/394
|-ability|p2a: Gyarados|Intimidate|[of] p1a: Chesnaught
|-unboost|p1a: Chesnaught|atk|1
|turn|1
|
|move|p1a: Chesnaught|Wood Hammer|p2a: Gyarados
|-damage|p2a: Gyarados|277\/394
|-damage|p1a: Chesnaught|279\/318|[from] recoil|[of] p2a: Gyarados
|move|p2a: Gyarados|Thunder Wave|p1a: Chesnaught
|-status|p1a: Chesnaught|par
|
|-heal|p2a: Gyarados|301\/394|[from] item: Leftovers
|-heal|p1a: Chesnaught|298\/318 par|[from] item: Leftovers
|turn|2
|
|switch|p2a: Sylveon|Sylveon, F|394\/394
|switch|p1a: Chansey|Chansey, F|642\/642
|
|turn|3
|
|move|p2a: Sylveon|Wish|p2a: Sylveon
|move|p1a: Chansey|Aromatherapy|p1a: Chansey
|-cureteam|p1a: Chansey|[from] move: Aromatherapy
|
|turn|4
|
|switch|p2a: Gyarados|Gyarados, M|301\/394
|-ability|p2a: Gyarados|Intimidate|[of] p1a: Chansey
|-unboost|p1a: Chansey|atk|1
|move|p1a: Chansey|Thunder Wave|p2a: Gyarados
|-status|p2a: Gyarados|par
|
|-heal|p2a: Gyarados|394\/394 par|[from] move: Wish|[wisher] Sylveon
|turn|5
|
|switch|p1a: Tyranitar|Tyranitar, F|404\/404
|-weather|Sandstorm
|switch|p2a: Sylveon|Sylveon, F|394\/394
|
|-weather|Sandstorm|[upkeep]
|-damage|p2a: Sylveon|370\/394|[from] sandstorm
|-heal|p2a: Sylveon|394\/394|[from] item: Leftovers
|turn|6
|
|move|p1a: Tyranitar|Stealth Rock|p2a: Sylveon
|-sidestart|p2: Bunbunin|move: Stealth Rock
|move|p2a: Sylveon|Hyper Voice|p1a: Tyranitar
|-supereffective|p1a: Tyranitar
|-damage|p1a: Tyranitar|218\/404
|
|-weather|Sandstorm|[upkeep]
|-damage|p2a: Sylveon|370\/394|[from] sandstorm
|-heal|p2a: Sylveon|394\/394|[from] item: Leftovers
|turn|7
|
|switch|p1a: Excadrill|Excadrill, F|362\/362
|move|p2a: Sylveon|Heal Bell|p2a: Sylveon
|-cureteam|p2a: Sylveon|[from] move: HealBell
|
|-weather|Sandstorm|[upkeep]
|-damage|p2a: Sylveon|370\/394|[from] sandstorm
|-heal|p2a: Sylveon|394\/394|[from] item: Leftovers
|turn|8
|
|switch|p2a: Gyarados|Gyarados, M|394\/394
|-damage|p2a: Gyarados|296\/394|[from] Stealth Rock
|-ability|p2a: Gyarados|Intimidate|[of] p1a: Excadrill
|-unboost|p1a: Excadrill|atk|1
|move|p1a: Excadrill|Iron Head|p2a: Gyarados
|-resisted|p2a: Gyarados
|-damage|p2a: Gyarados|254\/394
|
|-weather|Sandstorm|[upkeep]
|-damage|p2a: Gyarados|230\/394|[from] sandstorm
|-heal|p2a: Gyarados|254\/394|[from] item: Leftovers
|turn|9
|
|switch|p1a: Chesnaught|Chesnaught, F|298\/318
|move|p2a: Gyarados|Aqua Tail|p1a: Chesnaught
|-resisted|p1a: Chesnaught
|-damage|p1a: Chesnaught|241\/318
|
|-weather|none
|-heal|p1a: Chesnaught|260\/318|[from] item: Leftovers
|-heal|p2a: Gyarados|278\/394|[from] item: Leftovers
|turn|10
|
|switch|p2a: Goodra|Goodra, F|384\/384
|-damage|p2a: Goodra|336\/384|[from] Stealth Rock
|move|p1a: Chesnaught|Substitute|p1a: Chesnaught
|-start|p1a: Chesnaught|Substitute
|-damage|p1a: Chesnaught|181\/318
|
|-heal|p1a: Chesnaught|200\/318|[from] item: Leftovers
|turn|11
|
|move|p1a: Chesnaught|Drain Punch|p2a: Goodra
|-damage|p2a: Goodra|167\/384
|-heal|p1a: Chesnaught|285\/318|[from] drain|[of] p2a: Goodra
|move|p2a: Goodra|Fire Blast|p1a: Chesnaught|[miss]
|-miss|p2a: Goodra|p1a: Chesnaught
|
|-heal|p1a: Chesnaught|304\/318|[from] item: Leftovers
|turn|12
|
|switch|p2a: Sylveon|Sylveon, F|394\/394
|-damage|p2a: Sylveon|345\/394|[from] Stealth Rock
|move|p1a: Chesnaught|Wood Hammer|p2a: Sylveon
|-damage|p2a: Sylveon|152\/394
|-damage|p1a: Chesnaught|240\/318|[from] recoil|[of] p2a: Sylveon
|
|-heal|p1a: Chesnaught|259\/318|[from] item: Leftovers
|-heal|p2a: Sylveon|176\/394|[from] item: Leftovers
|turn|13
|
|move|p2a: Sylveon|Protect|p2a: Sylveon
|-singleturn|p2a: Sylveon|Protect
|move|p1a: Chesnaught|Wood Hammer|p2a: Sylveon
|-activate|p2a: Sylveon|Protect
|
|-heal|p1a: Chesnaught|278\/318|[from] item: Leftovers
|-heal|p2a: Sylveon|200\/394|[from] item: Leftovers
|turn|14
|
|switch|p1a: Charizard|Charizard, F|297\/297
|move|p2a: Sylveon|Hyper Voice|p1a: Charizard
|-crit|p1a: Charizard
|-resisted|p1a: Charizard
|-damage|p1a: Charizard|144\/297
|
|-heal|p2a: Sylveon|224\/394|[from] item: Leftovers
|turn|15
|
|detailschange|p1a: Charizard|Charizard-Mega-Y, F
|-mega|p1a: Charizard|Charizard|Charizardite Y
|-weather|SunnyDay
|move|p1a: Charizard|Roost|p1a: Charizard
|-heal|p1a: Charizard|293\/297
|move|p2a: Sylveon|Wish|p2a: Sylveon
|
|-weather|SunnyDay|[upkeep]
|-heal|p2a: Sylveon|248\/394|[from] item: Leftovers
|turn|16
|
|switch|p1a: Excadrill|Excadrill, F|362\/362
|move|p2a: Sylveon|Protect|p2a: Sylveon
|-fail|p2a: Sylveon
|
|-weather|SunnyDay|[upkeep]
|-heal|p2a: Sylveon|394\/394|[from] move: Wish|[wisher] Sylveon
|turn|17
|
|switch|p2a: Gyarados|Gyarados, M|278\/394
|-damage|p2a: Gyarados|180\/394|[from] Stealth Rock
|-ability|p2a: Gyarados|Intimidate|[of] p1a: Excadrill
|-unboost|p1a: Excadrill|atk|1
|move|p1a: Excadrill|Rock Slide|p2a: Gyarados
|-supereffective|p2a: Gyarados
|-damage|p2a: Gyarados|76\/394
|
|-weather|SunnyDay|[upkeep]
|-heal|p2a: Gyarados|100\/394|[from] item: Leftovers
|turn|18
|
|switch|p2a: Empoleon|Empoleon, M|372\/372
|-damage|p2a: Empoleon|349\/372|[from] Stealth Rock
|move|p1a: Excadrill|Iron Head|p2a: Empoleon
|-resisted|p2a: Empoleon
|-damage|p2a: Empoleon|318\/372
|
|-weather|SunnyDay|[upkeep]
|-heal|p2a: Empoleon|341\/372|[from] item: Leftovers
|turn|19
|
|switch|p1a: Chesnaught|Chesnaught, F|278\/318
|switch|p2a: Gyarados|Gyarados, M|100\/394
|-damage|p2a: Gyarados|2\/394|[from] Stealth Rock
|-ability|p2a: Gyarados|Intimidate|[of] p1a: Chesnaught
|-unboost|p1a: Chesnaught|atk|1
|
|-weather|none
|-heal|p1a: Chesnaught|297\/318|[from] item: Leftovers
|-heal|p2a: Gyarados|26\/394|[from] item: Leftovers
|turn|20
|
|switch|p2a: Sylveon|Sylveon, F|394\/394
|-damage|p2a: Sylveon|345\/394|[from] Stealth Rock
|move|p1a: Chesnaught|Drain Punch|p2a: Sylveon
|-resisted|p2a: Sylveon
|-damage|p2a: Sylveon|300\/394
|-heal|p1a: Chesnaught|318\/318|[from] drain|[of] p2a: Sylveon
|
|-heal|p2a: Sylveon|324\/394|[from] item: Leftovers
|turn|21
|
|switch|p1a: Charizard|Charizard-Mega-Y, F|293\/297
|-weather|SunnyDay
|move|p2a: Sylveon|Hyper Voice|p1a: Charizard
|-resisted|p1a: Charizard
|-damage|p1a: Charizard|215\/297
|
|-weather|SunnyDay|[upkeep]
|-heal|p2a: Sylveon|348\/394|[from] item: Leftovers
|turn|22
|
|move|p2a: Sylveon|Protect|p2a: Sylveon
|-singleturn|p2a: Sylveon|Protect
|move|p1a: Charizard|Fire Blast|p2a: Sylveon
|-activate|p2a: Sylveon|Protect
|
|-weather|SunnyDay|[upkeep]
|-heal|p2a: Sylveon|372\/394|[from] item: Leftovers
|turn|23
|
|switch|p1a: Excadrill|Excadrill, F|362\/362
|move|p2a: Sylveon|Wish|p2a: Sylveon
|
|-weather|SunnyDay|[upkeep]
|-heal|p2a: Sylveon|394\/394|[from] item: Leftovers
|turn|24
|
|switch|p2a: Empoleon|Empoleon, M|341\/372
|-damage|p2a: Empoleon|318\/372|[from] Stealth Rock
|move|p1a: Excadrill|Earthquake|p2a: Empoleon
|-supereffective|p2a: Empoleon
|-damage|p2a: Empoleon|0 fnt
|faint|p2a: Empoleon
|
|-weather|SunnyDay|[upkeep]
|
|switch|p2a: Lopunny|Lopunny, F|271\/271
|-damage|p2a: Lopunny|238\/271|[from] Stealth Rock
|turn|25
|
|switch|p1a: Slowbro|Slowbro, M|394\/394
|detailschange|p2a: Lopunny|Lopunny-Mega, F
|-mega|p2a: Lopunny|Lopunny|Lopunnite
|move|p2a: Lopunny|Fake Out|p1a: Slowbro
|-damage|p1a: Slowbro|324\/394
|-damage|p2a: Lopunny|193\/271|[from] item: Rocky Helmet|[of] p1a: Slowbro
|
|-weather|none
|turn|26
|
|switch|p2a: Sylveon|Sylveon, F|394\/394
|-damage|p2a: Sylveon|345\/394|[from] Stealth Rock
|move|p1a: Slowbro|Psyshock|p2a: Sylveon
|-damage|p2a: Sylveon|225\/394
|
|-heal|p2a: Sylveon|249\/394|[from] item: Leftovers
|turn|27
|
|switch|p1a: Charizard|Charizard-Mega-Y, F|215\/297
|-weather|SunnyDay
|move|p2a: Sylveon|Wish|p2a: Sylveon
|
|-weather|SunnyDay|[upkeep]
|-heal|p2a: Sylveon|273\/394|[from] item: Leftovers
|turn|28
|
|move|p2a: Sylveon|Protect|p2a: Sylveon
|-singleturn|p2a: Sylveon|Protect
|move|p1a: Charizard|Earthquake|p2a: Sylveon
|-activate|p2a: Sylveon|Protect
|
|-weather|SunnyDay|[upkeep]
|-heal|p2a: Sylveon|394\/394|[from] move: Wish|[wisher] Sylveon
|turn|29
|
|move|p1a: Charizard|Roost|p1a: Charizard
|-heal|p1a: Charizard|297\/297
|move|p2a: Sylveon|Wish|p2a: Sylveon
|
|-weather|SunnyDay|[upkeep]
|turn|30
|
|move|p1a: Charizard|Earthquake|p2a: Sylveon
|-damage|p2a: Sylveon|311\/394
|move|p2a: Sylveon|Hyper Voice|p1a: Charizard
|-resisted|p1a: Charizard
|-damage|p1a: Charizard|230\/297
|
|-weather|SunnyDay|[upkeep]
|-heal|p2a: Sylveon|394\/394|[from] move: Wish|[wisher] Sylveon
|turn|31
|
|switch|p1a: Excadrill|Excadrill, F|362\/362
|move|p2a: Sylveon|Wish|p2a: Sylveon
|
|-weather|none
|turn|32
|
|move|p1a: Excadrill|Iron Head|p2a: Sylveon
|-supereffective|p2a: Sylveon
|-damage|p2a: Sylveon|94\/394
|move|p2a: Sylveon|Hyper Voice|p1a: Excadrill
|-resisted|p1a: Excadrill
|-damage|p1a: Excadrill|288\/362
|
|-heal|p2a: Sylveon|291\/394|[from] move: Wish|[wisher] Sylveon
|-heal|p2a: Sylveon|315\/394|[from] item: Leftovers
|turn|33
|
|switch|p1a: Tyranitar|Tyranitar, F|218\/404
|-weather|Sandstorm
|move|p2a: Sylveon|Protect|p2a: Sylveon
|-fail|p2a: Sylveon
|
|-weather|Sandstorm|[upkeep]
|-damage|p2a: Sylveon|291\/394|[from] sandstorm
|-heal|p2a: Sylveon|315\/394|[from] item: Leftovers
|turn|34
|
|switch|p1a: Excadrill|Excadrill, F|288\/362
|move|p2a: Sylveon|Wish|p2a: Sylveon
|
|-weather|Sandstorm|[upkeep]
|-damage|p2a: Sylveon|291\/394|[from] sandstorm
|-heal|p2a: Sylveon|315\/394|[from] item: Leftovers
|turn|35
|
|move|p1a: Excadrill|Iron Head|p2a: Sylveon
|-supereffective|p2a: Sylveon
|-damage|p2a: Sylveon|27\/394
|move|p2a: Sylveon|Hyper Voice|p1a: Excadrill
|-crit|p1a: Excadrill
|-resisted|p1a: Excadrill
|-damage|p1a: Excadrill|176\/362
|
|-weather|Sandstorm|[upkeep]
|-damage|p2a: Sylveon|3\/394|[from] sandstorm
|-heal|p2a: Sylveon|200\/394|[from] move: Wish|[wisher] Sylveon
|-heal|p2a: Sylveon|224\/394|[from] item: Leftovers
|turn|36
|
|switch|p2a: Gyarados|Gyarados, M|26\/394
|-damage|p2a: Gyarados|0 fnt|[from] Stealth Rock
|faint|p2a: Gyarados
|move|p1a: Excadrill|Iron Head|p2: Gyarados|[notarget]
|-notarget
|
|-weather|Sandstorm|[upkeep]
|
|switch|p2a: Roserade|Roserade, F|262\/262
|-damage|p2a: Roserade|230\/262|[from] Stealth Rock
|turn|37
|
|move|p1a: Excadrill|Earthquake|p2a: Roserade
|-damage|p2a: Roserade|0 fnt
|faint|p2a: Roserade
|
|-weather|none
|-message|Bunbunin forfeited.
|leave|Bunbunin
|
|win|With No Survivors
|raw|Ladder updating...
|player|p2
|raw|With No Survivors's rating: 1276 &rarr; <strong>1294<\/strong><br \/>(+18 for winning)
|raw|Bunbunin's rating: 1180 &rarr; <strong>1162<\/strong><br \/>(-18 for losing)