|join|TheDangalangSkitty
|join|With No Survivors
|player|p1|TheDangalangSkitty|2
|player|p2|With No Survivors|248
|gametype|singles
|gen|6
|tier|OU (suspect test)
|rated
|clearpoke
|poke|p1|Landorus-Therian, M
|poke|p1|Metagross
|poke|p1|Tyranitar, M
|poke|p1|Latios, M
|poke|p1|Gardevoir, F
|poke|p1|Mandibuzz, F
|poke|p2|Charizard, F
|poke|p2|Tyranitar, F
|poke|p2|Excadrill, M
|poke|p2|Chesnaught, M
|poke|p2|Slowbro, F
|poke|p2|Chansey, F
|rule|Swagger Clause: Swagger is banned
|rule|Baton Pass Clause: Limit one PokÃ©mon knowing Baton Pass
|rule|Sleep Clause Mod: Limit one foe put to sleep
|rule|Species Clause: Limit one of each PokÃ©mon
|rule|OHKO Clause: OHKO moves are banned
|rule|Moody Clause: Moody is banned
|rule|Evasion Moves Clause: Evasion moves are banned
|rule|Endless Battle Clause: Forcing endless battles is banned
|rule|HP Percentage Mod: HP is shown in percentages
|teampreview
|
|start
|switch|p1a: Landorus-Therian|Landorus-Therian, M|381\/381
|switch|p2a: Charizard|Charizard, F|297\/297
|-ability|p1a: Landorus-Therian|Intimidate|[of] p2a: Charizard
|-unboost|p2a: Charizard|atk|1
|turn|1
|
|detailschange|p2a: Charizard|Charizard-Mega-Y, F
|-mega|p2a: Charizard|Charizard|Charizardite Y
|-weather|SunnyDay
|move|p2a: Charizard|Fire Blast|p1a: Landorus-Therian
|-damage|p1a: Landorus-Therian|0 fnt
|faint|p1a: Landorus-Therian
|
|-weather|SunnyDay|[upkeep]
|
|switch|p1a: Tyranitar|Tyranitar, M|403\/403
|-weather|Sandstorm
|turn|2
|
|move|p1a: Tyranitar|Pursuit|p2a: Charizard|[from]Pursuit
|-damage|p2a: Charizard|0 fnt
|faint|p2a: Charizard
|
|-weather|Sandstorm|[upkeep]
|
|switch|p2a: Chesnaught|Chesnaught, M|318\/318
|turn|3
|
|switch|p1a: Gardevoir|Gardevoir, F|339\/339
|-ability|p1a: Gardevoir|Bulletproof|[from] ability: Trace|[of] p2a: Chesnaught
|move|p2a: Chesnaught|Wood Hammer|p1a: Gardevoir
|-damage|p1a: Gardevoir|50\/339
|-damage|p2a: Chesnaught|223\/318|[from] recoil|[of] p1a: Gardevoir
|
|-weather|Sandstorm|[upkeep]
|-damage|p1a: Gardevoir|29\/339|[from] sandstorm
|-damage|p2a: Chesnaught|204\/318|[from] sandstorm
|-heal|p2a: Chesnaught|223\/318|[from] item: Leftovers
|turn|4
|
|switch|p2a: Excadrill|Excadrill, M|362\/362
|move|p1a: Gardevoir|Moonblast|p2a: Excadrill
|-resisted|p2a: Excadrill
|-damage|p2a: Excadrill|292\/362
|
|-weather|Sandstorm|[upkeep]
|-damage|p1a: Gardevoir|8\/339|[from] sandstorm
|turn|5
|
|switch|p1a: Mandibuzz|Mandibuzz, F|423\/423
|move|p2a: Excadrill|Iron Head|p1a: Mandibuzz
|-damage|p1a: Mandibuzz|309\/423
|-damage|p2a: Excadrill|232\/362|[from] item: Rocky Helmet|[of] p1a: Mandibuzz
|
|-weather|Sandstorm|[upkeep]
|turn|6
|
|switch|p2a: Tyranitar|Tyranitar, F|404\/404
|move|p1a: Mandibuzz|Roost|p1a: Mandibuzz
|-heal|p1a: Mandibuzz|423\/423
|
|-weather|none
|turn|7
|
|move|p1a: Mandibuzz|Toxic|p2a: Tyranitar
|-status|p2a: Tyranitar|tox
|-enditem|p2a: Tyranitar|Lum Berry|[eat]
|-curestatus|p2a: Tyranitar|tox
|move|p2a: Tyranitar|Stealth Rock|p1a: Mandibuzz
|-sidestart|p1: TheDangalangSkitty|move: Stealth Rock
|
|turn|8
|
|move|p1a: Mandibuzz|Foul Play|p2a: Tyranitar
|-resisted|p2a: Tyranitar
|-damage|p2a: Tyranitar|311\/404
|move|p2a: Tyranitar|Thunder Wave|p1a: Mandibuzz
|-status|p1a: Mandibuzz|par
|
|turn|9
|
|move|p2a: Tyranitar|Rock Slide|p1a: Mandibuzz
|-supereffective|p1a: Mandibuzz
|-damage|p1a: Mandibuzz|175\/423 par
|move|p1a: Mandibuzz|Toxic|p2a: Tyranitar
|-status|p2a: Tyranitar|tox
|
|-damage|p2a: Tyranitar|286\/404 tox|[from] psn
|turn|10
|
|switch|p1a: Tyranitar|Tyranitar, M|403\/403
|-damage|p1a: Tyranitar|353\/403|[from] Stealth Rock
|-weather|Sandstorm
|move|p2a: Tyranitar|Rock Slide|p1a: Tyranitar
|-damage|p1a: Tyranitar|221\/403
|
|-weather|Sandstorm|[upkeep]
|-damage|p2a: Tyranitar|236\/404 tox|[from] psn
|turn|11
|
|switch|p2a: Chesnaught|Chesnaught, M|223\/318
|move|p1a: Tyranitar|Earthquake|p2a: Chesnaught
|-resisted|p2a: Chesnaught
|-damage|p2a: Chesnaught|137\/318
|
|-weather|Sandstorm|[upkeep]
|-damage|p2a: Chesnaught|118\/318|[from] sandstorm
|-heal|p2a: Chesnaught|137\/318|[from] item: Leftovers
|turn|12
|
|switch|p1a: Mandibuzz|Mandibuzz, F|175\/423 par
|-damage|p1a: Mandibuzz|70\/423 par|[from] Stealth Rock
|move|p2a: Chesnaught|Drain Punch|p1a: Mandibuzz
|-damage|p1a: Mandibuzz|0 fnt
|-heal|p2a: Chesnaught|172\/318|[from] drain|[of] p1a: Mandibuzz
|-damage|p2a: Chesnaught|119\/318|[from] item: Rocky Helmet|[of] p1a: Mandibuzz
|faint|p1a: Mandibuzz
|
|-weather|Sandstorm|[upkeep]
|-damage|p2a: Chesnaught|100\/318|[from] sandstorm
|-heal|p2a: Chesnaught|119\/318|[from] item: Leftovers
|
|switch|p1a: Latios|Latios, M|301\/301
|-damage|p1a: Latios|264\/301|[from] Stealth Rock
|turn|13
|
|switch|p2a: Chansey|Chansey, F|642\/642
|move|p1a: Latios|Psyshock|p2a: Chansey
|-damage|p2a: Chansey|440\/642
|
|-weather|Sandstorm|[upkeep]
|-damage|p1a: Latios|246\/301|[from] sandstorm
|-damage|p2a: Chansey|400\/642|[from] sandstorm
|turn|14
|
|move|p1a: Latios|Calm Mind|p1a: Latios
|-boost|p1a: Latios|spa|1
|-boost|p1a: Latios|spd|1
|move|p2a: Chansey|Thunder Wave|p1a: Latios
|-status|p1a: Latios|par
|
|-weather|none
|turn|15
|
|move|p2a: Chansey|Soft-Boiled|p2a: Chansey
|-heal|p2a: Chansey|642\/642
|cant|p1a: Latios|par
|
|turn|16
|
|move|p2a: Chansey|Seismic Toss|p1a: Latios
|-damage|p1a: Latios|146\/301 par
|move|p1a: Latios|Psyshock|p2a: Chansey
|-damage|p2a: Chansey|374\/642
|
|turn|17
|
|switch|p1a: Tyranitar|Tyranitar, M|221\/403
|-damage|p1a: Tyranitar|171\/403|[from] Stealth Rock
|-weather|Sandstorm
|move|p2a: Chansey|Seismic Toss|p1a: Tyranitar
|-damage|p1a: Tyranitar|71\/403
|
|-weather|Sandstorm|[upkeep]
|-damage|p2a: Chansey|334\/642|[from] sandstorm
|turn|18
|
|move|p1a: Tyranitar|Crunch|p2a: Chansey
|-damage|p2a: Chansey|0 fnt
|faint|p2a: Chansey
|
|-weather|Sandstorm|[upkeep]
|
|switch|p2a: Excadrill|Excadrill, M|232\/362
|turn|19
|
|switch|p1a: Latios|Latios, M|146\/301 par
|-damage|p1a: Latios|109\/301 par|[from] Stealth Rock
|move|p2a: Excadrill|Iron Head|p1a: Latios
|-damage|p1a: Latios|0 fnt
|faint|p1a: Latios
|
|-weather|Sandstorm|[upkeep]
|
|switch|p1a: Gardevoir|Gardevoir, F|8\/339
|-damage|p1a: Gardevoir|0 fnt|[from] Stealth Rock
|faint|p1a: Gardevoir
|
|switch|p1a: Tyranitar|Tyranitar, M|71\/403
|-damage|p1a: Tyranitar|21\/403|[from] Stealth Rock
|turn|20
|
|move|p2a: Excadrill|Earthquake|p1a: Tyranitar
|-supereffective|p1a: Tyranitar
|-damage|p1a: Tyranitar|0 fnt
|faint|p1a: Tyranitar
|
|-weather|Sandstorm|[upkeep]
|
|switch|p1a: Metagross|Metagross|301\/301
|-damage|p1a: Metagross|283\/301|[from] Stealth Rock
|turn|21
|
|detailschange|p1a: Metagross|Metagross-Mega
|-mega|p1a: Metagross|Metagross|Metagrossite
|move|p2a: Excadrill|Earthquake|p1a: Metagross
|-supereffective|p1a: Metagross
|-damage|p1a: Metagross|13\/301
|move|p1a: Metagross|Hone Claws|p1a: Metagross
|-boost|p1a: Metagross|atk|1
|-boost|p1a: Metagross|accuracy|1
|
|-weather|none
|turn|22
|c|âTheDangalangSkitty|gg
|
|switch|p2a: Slowbro|Slowbro, F|394\/394
|move|p1a: Metagross|Zen Headbutt|p2a: Slowbro
|-resisted|p2a: Slowbro
|-damage|p2a: Slowbro|245\/394
|-damage|p1a: Metagross|0 fnt|[from] item: Rocky Helmet|[of] p2a: Slowbro
|faint|p1a: Metagross
|
|win|With No Survivors
|raw|Ladder updating...
|c|âWith No Survivors|gg
|raw|TheDangalangSkitty's rating: 1326 &rarr; <strong>1307<\/strong><br \/>(-19 for losing)
|raw|With No Survivors's rating: 1336 &rarr; <strong>1355<\/strong><br \/>(+19 for winning)
|leave|TheDangalangSkitty
|player|p1