|join|With No Survivors
|join|princess ariel
|player|p1|With No Survivors|248
|player|p2|princess ariel|23
|gametype|singles
|gen|6
|tier|OU (suspect test)
|rated
|clearpoke
|poke|p1|Charizard, M
|poke|p1|Tyranitar, F
|poke|p1|Excadrill, F
|poke|p1|Chesnaught, F
|poke|p1|Slowbro, M
|poke|p1|Chansey, F
|poke|p2|Sableye, M
|poke|p2|Excadrill, M
|poke|p2|Tyranitar, F
|poke|p2|Gliscor, F
|poke|p2|Talonflame, F
|poke|p2|Clefable, F
|rule|Swagger Clause: Swagger is banned
|rule|Baton Pass Clause: Limit one PokÃ©mon knowing Baton Pass
|rule|Sleep Clause Mod: Limit one foe put to sleep
|rule|Species Clause: Limit one of each PokÃ©mon
|rule|OHKO Clause: OHKO moves are banned
|rule|Moody Clause: Moody is banned
|rule|Evasion Moves Clause: Evasion moves are banned
|rule|Endless Battle Clause: Forcing endless battles is banned
|rule|HP Percentage Mod: HP is shown in percentages
|teampreview
|
|start
|switch|p1a: Charizard|Charizard, M|297\/297
|switch|p2a: Gliscor|Gliscor, F|353\/353
|turn|1
|
|switch|p1a: Chesnaught|Chesnaught, F|318\/318
|switch|p2a: Tyranitar|Tyranitar, F|403\/403
|-weather|Sandstorm
|
|-weather|Sandstorm|[upkeep]
|-damage|p1a: Chesnaught|299\/318|[from] sandstorm
|-heal|p1a: Chesnaught|318\/318|[from] item: Leftovers
|turn|2
|
|switch|p2a: Gliscor|Gliscor, F|353\/353
|move|p1a: Chesnaught|Substitute|p1a: Chesnaught
|-start|p1a: Chesnaught|Substitute
|-damage|p1a: Chesnaught|239\/318
|
|-weather|Sandstorm|[upkeep]
|-damage|p1a: Chesnaught|220\/318|[from] sandstorm
|-heal|p1a: Chesnaught|239\/318|[from] item: Leftovers
|-status|p2a: Gliscor|tox|[from] item: Toxic Orb
|turn|3
|
|move|p2a: Gliscor|Stealth Rock|p1a: Chesnaught
|-sidestart|p1: With No Survivors|move: Stealth Rock
|move|p1a: Chesnaught|Wood Hammer|p2a: Gliscor
|-damage|p2a: Gliscor|217\/353 tox
|-damage|p1a: Chesnaught|194\/318|[from] recoil|[of] p2a: Gliscor
|
|-weather|Sandstorm|[upkeep]
|-damage|p1a: Chesnaught|175\/318|[from] sandstorm
|-heal|p1a: Chesnaught|194\/318|[from] item: Leftovers
|-heal|p2a: Gliscor|261\/353 tox|[from] ability: Poison Heal
|turn|4
|
|switch|p2a: Talonflame|Talonflame, F|345\/345
|switch|p1a: Excadrill|Excadrill, F|362\/362
|-damage|p1a: Excadrill|351\/362|[from] Stealth Rock
|
|-weather|Sandstorm|[upkeep]
|-damage|p2a: Talonflame|324\/345|[from] sandstorm
|turn|5
|
|move|p1a: Excadrill|Rock Slide|p2a: Talonflame
|-supereffective|p2a: Talonflame
|-damage|p2a: Talonflame|0 fnt
|faint|p2a: Talonflame
|
|-weather|Sandstorm|[upkeep]
|
|switch|p2a: Sableye|Sableye, M|303\/303
|turn|6
|
|switch|p1a: Charizard|Charizard, M|297\/297
|-damage|p1a: Charizard|149\/297|[from] Stealth Rock
|detailschange|p2a: Sableye|Sableye-Mega, M
|-mega|p2a: Sableye|Sableye|Sablenite
|move|p2a: Sableye|Will-O-Wisp|p1a: Charizard
|-fail|p1a: Charizard
|
|-weather|Sandstorm|[upkeep]
|-damage|p1a: Charizard|131\/297|[from] sandstorm
|-damage|p2a: Sableye|285\/303|[from] sandstorm
|turn|7
|
|switch|p2a: Tyranitar|Tyranitar, F|403\/403
|move|p1a: Charizard|Roost|p1a: Charizard
|-heal|p1a: Charizard|280\/297
|
|-weather|Sandstorm|[upkeep]
|-damage|p1a: Charizard|262\/297|[from] sandstorm
|turn|8
|
|detailschange|p1a: Charizard|Charizard-Mega-Y, M
|-mega|p1a: Charizard|Charizard|Charizardite Y
|-weather|SunnyDay
|move|p1a: Charizard|Solar Beam|p2a: Tyranitar|[still]
|-prepare|p1a: Charizard|Solar Beam|p2a: Tyranitar
|-anim|p1a: Charizard|Solar Beam|p2a: Tyranitar
|-supereffective|p2a: Tyranitar
|-damage|p2a: Tyranitar|163\/403
|move|p2a: Tyranitar|Crunch|p1a: Charizard
|-damage|p1a: Charizard|102\/297
|
|-weather|SunnyDay|[upkeep]
|turn|9
|
|switch|p2a: Gliscor|Gliscor, F|261\/353 tox
|move|p1a: Charizard|Fire Blast|p2a: Gliscor
|-damage|p2a: Gliscor|0 fnt
|faint|p2a: Gliscor
|
|-weather|SunnyDay|[upkeep]
|
|switch|p2a: Tyranitar|Tyranitar, F|163\/403
|-weather|Sandstorm
|turn|10
|
|move|p2a: Tyranitar|Pursuit|p1a: Charizard|[from]Pursuit
|-damage|p1a: Charizard|0 fnt
|faint|p1a: Charizard
|
|-weather|Sandstorm|[upkeep]
|
|switch|p1a: Excadrill|Excadrill, F|351\/362
|-damage|p1a: Excadrill|340\/362|[from] Stealth Rock
|turn|11
|
|move|p1a: Excadrill|Earthquake|p2a: Tyranitar
|-supereffective|p2a: Tyranitar
|-damage|p2a: Tyranitar|0 fnt
|faint|p2a: Tyranitar
|
|-weather|Sandstorm|[upkeep]
|
|switch|p2a: Sableye|Sableye-Mega, M|285\/303
|turn|12
|
|move|p1a: Excadrill|Iron Head|p2a: Sableye
|-damage|p2a: Sableye|144\/303
|move|p2a: Sableye|Will-O-Wisp|p1a: Excadrill
|-status|p1a: Excadrill|brn
|
|-weather|Sandstorm|[upkeep]
|-damage|p2a: Sableye|126\/303|[from] sandstorm
|-damage|p1a: Excadrill|295\/362 brn|[from] brn
|turn|13
|
|switch|p1a: Chesnaught|Chesnaught, F|194\/318
|-damage|p1a: Chesnaught|175\/318|[from] Stealth Rock
|move|p2a: Sableye|Recover|p2a: Sableye
|-heal|p2a: Sableye|278\/303
|
|-weather|Sandstorm|[upkeep]
|-damage|p1a: Chesnaught|156\/318|[from] sandstorm
|-damage|p2a: Sableye|260\/303|[from] sandstorm
|-heal|p1a: Chesnaught|175\/318|[from] item: Leftovers
|turn|14
|
|move|p1a: Chesnaught|Substitute|p1a: Chesnaught
|-start|p1a: Chesnaught|Substitute
|-damage|p1a: Chesnaught|96\/318
|move|p2a: Sableye|Foul Play|p1a: Chesnaught
|-resisted|p1a: Chesnaught
|-activate|p1a: Chesnaught|Substitute|[damage]
|
|-weather|Sandstorm|[upkeep]
|-damage|p1a: Chesnaught|77\/318|[from] sandstorm
|-damage|p2a: Sableye|242\/303|[from] sandstorm
|-heal|p1a: Chesnaught|96\/318|[from] item: Leftovers
|turn|15
|
|switch|p2a: Excadrill|Excadrill, M|424\/424
|move|p1a: Chesnaught|Synthesis|p1a: Chesnaught
|-heal|p1a: Chesnaught|175\/318
|
|-weather|Sandstorm|[upkeep]
|-damage|p1a: Chesnaught|156\/318|[from] sandstorm
|-heal|p1a: Chesnaught|175\/318|[from] item: Leftovers
|turn|16
|
|move|p2a: Excadrill|Iron Head|p1a: Chesnaught
|-end|p1a: Chesnaught|Substitute
|move|p1a: Chesnaught|Drain Punch|p2a: Excadrill
|-supereffective|p2a: Excadrill
|-damage|p2a: Excadrill|56\/424
|-heal|p1a: Chesnaught|318\/318|[from] drain|[of] p2a: Excadrill
|
|-weather|Sandstorm|[upkeep]
|-damage|p1a: Chesnaught|299\/318|[from] sandstorm
|-heal|p2a: Excadrill|82\/424|[from] item: Leftovers
|-heal|p1a: Chesnaught|318\/318|[from] item: Leftovers
|turn|17
|
|move|p2a: Excadrill|Toxic|p1a: Chesnaught
|-status|p1a: Chesnaught|tox
|move|p1a: Chesnaught|Drain Punch|p2a: Excadrill
|-supereffective|p2a: Excadrill
|-damage|p2a: Excadrill|0 fnt
|faint|p2a: Excadrill
|
|-weather|none
|-damage|p1a: Chesnaught|299\/318 tox|[from] psn
|
|switch|p2a: Clefable|Clefable, F|393\/393
|turn|18
|
|switch|p1a: Chansey|Chansey, F|642\/642
|-damage|p1a: Chansey|562\/642|[from] Stealth Rock
|move|p2a: Clefable|Calm Mind|p2a: Clefable
|-boost|p2a: Clefable|spa|1
|-boost|p2a: Clefable|spd|1
|
|turn|19
|
|switch|p2a: Sableye|Sableye-Mega, M|242\/303
|move|p1a: Chansey|Aromatherapy|p1a: Chansey
|-cureteam|p1a: Chansey|[from] move: Aromatherapy
|
|turn|20
|
|switch|p1a: Slowbro|Slowbro, M|394\/394
|-damage|p1a: Slowbro|345\/394|[from] Stealth Rock
|move|p2a: Sableye|Knock Off|p1a: Slowbro
|-supereffective|p1a: Slowbro
|-damage|p1a: Slowbro|165\/394
|-damage|p2a: Sableye|192\/303|[from] item: Rocky Helmet|[of] p1a: Slowbro
|-enditem|p1a: Slowbro|Rocky Helmet|[from] move: Knock Off|[of] p2a: Sableye
|
|turn|21
|
|move|p1a: Slowbro|Slack Off|p1a: Slowbro
|-heal|p1a: Slowbro|362\/394
|move|p2a: Sableye|Foul Play|p1a: Slowbro
|-supereffective|p1a: Slowbro
|-damage|p1a: Slowbro|230\/394
|
|turn|22
|
|move|p1a: Slowbro|Scald|p2a: Sableye
|-crit|p2a: Sableye
|-damage|p2a: Sableye|60\/303
|move|p2a: Sableye|Will-O-Wisp|p1a: Slowbro
|-status|p1a: Slowbro|brn
|
|-damage|p1a: Slowbro|181\/394 brn|[from] brn
|turn|23
|
|move|p1a: Slowbro|Scald|p2a: Sableye
|-damage|p2a: Sableye|0 fnt
|faint|p2a: Sableye
|
|-damage|p1a: Slowbro|132\/394 brn|[from] brn
|-message|princess ariel forfeited.
|
|win|With No Survivors
|raw|Ladder updating...
|raw|With No Survivors's rating: 1314 &rarr; <strong>1336<\/strong><br \/>(+22 for winning)
|raw|princess ariel's rating: 1340 &rarr; <strong>1318<\/strong><br \/>(-22 for losing)
|leave|princess ariel
|player|p2