|join|With No Survivors
|join|Breeloom
|player|p1|With No Survivors|248
|player|p2|Breeloom|143
|gametype|singles
|gen|6
|tier|OU (suspect test)
|rated
|clearpoke
|poke|p1|Charizard, M
|poke|p1|Tyranitar, M
|poke|p1|Excadrill, F
|poke|p1|Chesnaught, F
|poke|p1|Slowbro, F
|poke|p1|Chansey, F
|poke|p2|Azelf
|poke|p2|Whimsicott, M
|poke|p2|Sableye, F
|poke|p2|Espeon, M
|poke|p2|Smeargle, F
|poke|p2|Gothitelle, M
|rule|Swagger Clause: Swagger is banned
|rule|Baton Pass Clause: Limit one PokÃ©mon knowing Baton Pass
|rule|Sleep Clause Mod: Limit one foe put to sleep
|rule|Species Clause: Limit one of each PokÃ©mon
|rule|OHKO Clause: OHKO moves are banned
|rule|Moody Clause: Moody is banned
|rule|Evasion Moves Clause: Evasion moves are banned
|rule|Endless Battle Clause: Forcing endless battles is banned
|rule|HP Percentage Mod: HP is shown in percentages
|teampreview
|join|Vaporeon for Ubers
|join|Druides
|join|ben gayy lmao
|join|Lost In The Clouds
|c| Vaporeon for Ubers|Breeloom?
|c| Vaporeon for Ubers|more like
|c| Vaporeon for Ubers|__Bad__loom
|join|KEKTUS
|c| Vaporeon for Ubers|man I'm good,,,
|c| Druides|How about maybe 2 survivors?
|c| KEKTUS|YIFF ME BREELOOM
|
|start
|switch|p1a: Tyranitar|Tyranitar, M|404\/404
|switch|p2a: Azelf|Azelf|354\/354
|-weather|Sandstorm
|turn|1
|c| KEKTUS|Y I F F M E
|c| KEKTUS|I F F M E
|c| KEKTUS|F F M E
|c| KEKTUS|F M E
|c| KEKTUS|M E
|c| Vaporeon for Ubers|e
|c| KEKTUS|E
|join|jake5
|join|Updated Kanto
|c| Vaporeon for Ubers|:^)
|c| KEKTUS|fukc,.
|
|move|p2a: Azelf|Reflect|p2a: Azelf
|-sidestart|p2: Breeloom|Reflect
|move|p1a: Tyranitar|Pursuit|p2a: Azelf
|-supereffective|p2a: Azelf
|-damage|p2a: Azelf|248\/354
|
|-weather|Sandstorm|[upkeep]
|-damage|p2a: Azelf|226\/354|[from] sandstorm
|turn|2
|c|âBreeloom|trapped :^(
|c| Vaporeon for Ubers|C-C-C-COMBO BREAK
|
|move|p2a: Azelf|Light Screen|p2a: Azelf
|-sidestart|p2: Breeloom|move: Light Screen
|move|p1a: Tyranitar|Thunder Wave|p2a: Azelf
|-status|p2a: Azelf|par
|
|-weather|Sandstorm|[upkeep]
|-damage|p2a: Azelf|204\/354 par|[from] sandstorm
|turn|3
|c| Vaporeon for Ubers|>
|c|âBreeloom|ok wth.
|c| Vaporeon for Ubers|truck'ed
|c| Vaporeon for Ubers|what els
|
|move|p1a: Tyranitar|Stealth Rock|p2a: Azelf
|-sidestart|p2: Breeloom|move: Stealth Rock
|move|p2a: Azelf|Stealth Rock|p1a: Tyranitar
|-sidestart|p1: With No Survivors|move: Stealth Rock
|
|-weather|Sandstorm|[upkeep]
|-damage|p2a: Azelf|182\/354 par|[from] sandstorm
|turn|4
|c| KEKTUS|MEXICAN
|c| KEKTUS|'D
|c|âBreeloom|twave ttar confirmed greatest set
|
|move|p1a: Tyranitar|Pursuit|p2a: Azelf
|-supereffective|p2a: Azelf
|-damage|p2a: Azelf|82\/354 par
|move|p2a: Azelf|Explosion|p1a: Tyranitar
|-resisted|p1a: Tyranitar
|-damage|p1a: Tyranitar|292\/404
|faint|p2a: Azelf
|
|-weather|Sandstorm|[upkeep]
|
|switch|p2a: Whimsicott|Whimsicott, M|324\/324
|-damage|p2a: Whimsicott|284\/324|[from] Stealth Rock
|turn|5
|c| KEKTUS|when yiff
|c| KEKTUS|?!\/
|
|switch|p1a: Excadrill|Excadrill, F|362\/362
|-damage|p1a: Excadrill|351\/362|[from] Stealth Rock
|move|p2a: Whimsicott|Taunt|p1a: Excadrill
|-start|p1a: Excadrill|move: Taunt
|
|-weather|none
|turn|6
|
|move|p2a: Whimsicott|Memento|p1a: Excadrill
|-unboost|p1a: Excadrill|atk|2
|-unboost|p1a: Excadrill|spa|2
|faint|p2a: Whimsicott
|move|p1a: Excadrill|Iron Head|p2: Whimsicott|[notarget]
|-notarget
|
|c|âBreeloom|welp time to spoiler: win
|
|switch|p2a: Smeargle|Smeargle, F|314\/314
|-damage|p2a: Smeargle|275\/314|[from] Stealth Rock
|turn|7
|
|switch|p1a: Chesnaught|Chesnaught, F|318\/318
|-damage|p1a: Chesnaught|299\/318|[from] Stealth Rock
|move|p2a: Smeargle|Geomancy|p2a: Smeargle|[still]
|-prepare|p2a: Smeargle|Geomancy|p2a: Smeargle
|-enditem|p2a: Smeargle|Power Herb
|-anim|p2a: Smeargle|Geomancy|p2a: Smeargle
|-boost|p2a: Smeargle|spa|2
|-boost|p2a: Smeargle|spd|2
|-boost|p2a: Smeargle|spe|2
|
|-heal|p1a: Chesnaught|318\/318|[from] item: Leftovers
|turn|8
|
|move|p2a: Smeargle|Dark Void|p1a: Chesnaught
|-miss|p2a: Smeargle|p1a: Chesnaught
|move|p1a: Chesnaught|Wood Hammer|p2a: Smeargle
|-damage|p2a: Smeargle|51\/314
|-damage|p1a: Chesnaught|244\/318|[from] recoil|[of] p2a: Smeargle
|
|-heal|p1a: Chesnaught|263\/318|[from] item: Leftovers
|-sideend|p2: Breeloom|Reflect
|turn|9
|c| Vaporeon for Ubers|outskilled
|
|move|p2a: Smeargle|Dark Void|p1a: Chesnaught
|-status|p1a: Chesnaught|slp
|cant|p1a: Chesnaught|slp
|
|-heal|p1a: Chesnaught|282\/318 slp|[from] item: Leftovers
|-sideend|p2: Breeloom|move: Light Screen
|turn|10
|c| Vaporeon for Ubers|whats the chance of a turn 1 wake up
|c|âBreeloom|33
|
|switch|p1a: Excadrill|Excadrill, F|351\/362
|-damage|p1a: Excadrill|340\/362|[from] Stealth Rock
|move|p2a: Smeargle|Baton Pass|p2a: Smeargle
|c| Vaporeon for Ubers|why didnt you
|c| Vaporeon for Ubers|cotton guard
|c|âBreeloom|too risky..
|c| Vaporeon for Ubers|,,,
|
|switch|p2a: Espeon|Espeon, M|334\/334
|-damage|p2a: Espeon|293\/334|[from] Stealth Rock
|
|-heal|p2a: Espeon|313\/334|[from] item: Leftovers
|turn|11
|leave|Lost In The Clouds
|c| Vaporeon for Ubers|ok i s'pose
|
|move|p2a: Espeon|Stored Power|p1a: Excadrill
|-resisted|p1a: Excadrill
|-damage|p1a: Excadrill|144\/362
|move|p1a: Excadrill|Earthquake|p2a: Espeon
|-damage|p2a: Espeon|7\/334
|
|-heal|p2a: Espeon|27\/334|[from] item: Leftovers
|turn|12
|c|âBreeloom|mfw vest exca
|c|âBreeloom|on sand
|c| Vaporeon for Ubers|you had to cotton guard tehre
|c| Vaporeon for Ubers|to win though
|
|move|p2a: Espeon|Stored Power|p1a: Excadrill
|-resisted|p1a: Excadrill
|-damage|p1a: Excadrill|0 fnt
|faint|p1a: Excadrill
|
|-heal|p2a: Espeon|47\/334|[from] item: Leftovers
|c|âBreeloom|its ok ill still find a way to win
|
|switch|p1a: Tyranitar|Tyranitar, M|292\/404
|-damage|p1a: Tyranitar|242\/404|[from] Stealth Rock
|-weather|Sandstorm
|turn|13
|join|Ailurophilia
|
|move|p2a: Espeon|Dazzling Gleam|p1a: Tyranitar
|-supereffective|p1a: Tyranitar
|-damage|p1a: Tyranitar|34\/404
|move|p1a: Tyranitar|Pursuit|p2a: Espeon
|-supereffective|p2a: Espeon
|-damage|p2a: Espeon|0 fnt
|faint|p2a: Espeon
|
|-weather|Sandstorm|[upkeep]
|
|switch|p2a: Sableye|Sableye, F|304\/304
|-damage|p2a: Sableye|266\/304|[from] Stealth Rock
|turn|14
|join|Alldaalts
|c|âBreeloom|prolly should've cotton'd
|c|âBreeloom|but i rlly
|c|âBreeloom|just didn't wanna risk it tbh..
|
|switch|p1a: Charizard|Charizard, M|297\/297
|-damage|p1a: Charizard|149\/297|[from] Stealth Rock
|move|p2a: Sableye|Calm Mind|p2a: Sableye
|-boost|p2a: Sableye|spa|1
|-boost|p2a: Sableye|spd|1
|
|-weather|Sandstorm|[upkeep]
|-damage|p1a: Charizard|131\/297|[from] sandstorm
|-damage|p2a: Sableye|247\/304|[from] sandstorm
|turn|15
|
|switch|p2a: Smeargle|Smeargle, F|51\/314
|-damage|p2a: Smeargle|12\/314|[from] Stealth Rock
|detailschange|p1a: Charizard|Charizard-Mega-Y, M
|-mega|p1a: Charizard|Charizard|Charizardite Y
|-weather|SunnyDay
|move|p1a: Charizard|Fire Blast|p2a: Smeargle
|-damage|p2a: Smeargle|0 fnt
|faint|p2a: Smeargle
|
|-weather|SunnyDay|[upkeep]
|
|switch|p2a: Gothitelle|Gothitelle, M|302\/302
|-damage|p2a: Gothitelle|265\/302|[from] Stealth Rock
|turn|16
|
|move|p2a: Gothitelle|Psychic|p1a: Charizard
|-damage|p1a: Charizard|10\/297
|move|p1a: Charizard|Fire Blast|p2a: Gothitelle
|-damage|p2a: Gothitelle|0 fnt
|faint|p2a: Gothitelle
|
|-weather|SunnyDay|[upkeep]
|join|gobosox
|
|switch|p2a: Sableye|Sableye, F|247\/304
|-damage|p2a: Sableye|209\/304|[from] Stealth Rock
|turn|17
|c|âBreeloom|miss ok
|join|TOTEMO
|
|move|p1a: Charizard|Fire Blast|p2a: Sableye
|-damage|p2a: Sableye|0 fnt
|faint|p2a: Sableye
|
|win|With No Survivors
|raw|Ladder updating...
|c|+TOTEMO|crashing this bane :DDDD
|raw|With No Survivors's rating: 1482 &rarr; <strong>1510<\/strong><br \/>(+28 for winning)
|raw|Breeloom's rating: 1630 &rarr; <strong>1602<\/strong><br \/>(-28 for losing)
|c|âWith No Survivors|gg
|leave|Breeloom