|join|With No Survivors
|join|Shady Sucks
|player|p1|With No Survivors|248
|player|p2|Shady Sucks|#cpgtan
|gametype|singles
|gen|6
|tier|OU (suspect test)
|rated
|clearpoke
|poke|p1|Charizard, M
|poke|p1|Tyranitar, F
|poke|p1|Excadrill, M
|poke|p1|Chesnaught, M
|poke|p1|Slowbro, M
|poke|p1|Chansey, F
|poke|p2|Whimsicott, F
|poke|p2|Azelf, shiny
|poke|p2|Espeon, F
|poke|p2|Clefable, M
|poke|p2|Smeargle, F
|poke|p2|Sableye, M
|rule|Swagger Clause: Swagger is banned
|rule|Baton Pass Clause: Limit one PokÃ©mon knowing Baton Pass
|rule|Sleep Clause Mod: Limit one foe put to sleep
|rule|Species Clause: Limit one of each PokÃ©mon
|rule|OHKO Clause: OHKO moves are banned
|rule|Moody Clause: Moody is banned
|rule|Evasion Moves Clause: Evasion moves are banned
|rule|Endless Battle Clause: Forcing endless battles is banned
|rule|HP Percentage Mod: HP is shown in percentages
|teampreview
|
|start
|switch|p1a: Tyranitar|Tyranitar, F|404\/404
|switch|p2a: Azelf|Azelf, shiny|353\/353
|-weather|Sandstorm
|turn|1
|
|move|p2a: Azelf|Reflect|p2a: Azelf
|-sidestart|p2: Shady Sucks|Reflect
|move|p1a: Tyranitar|Rock Slide|p2a: Azelf
|-damage|p2a: Azelf|245\/353
|
|-weather|Sandstorm|[upkeep]
|-damage|p2a: Azelf|223\/353|[from] sandstorm
|turn|2
|
|move|p2a: Azelf|Light Screen|p2a: Azelf
|-sidestart|p2: Shady Sucks|move: Light Screen
|move|p1a: Tyranitar|Thunder Wave|p2a: Azelf
|-status|p2a: Azelf|par
|
|-weather|Sandstorm|[upkeep]
|-damage|p2a: Azelf|201\/353 par|[from] sandstorm
|turn|3
|
|move|p1a: Tyranitar|Pursuit|p2a: Azelf
|-supereffective|p2a: Azelf
|-damage|p2a: Azelf|71\/353 par
|cant|p2a: Azelf|par
|
|-weather|Sandstorm|[upkeep]
|-damage|p2a: Azelf|49\/353 par|[from] sandstorm
|turn|4
|
|move|p1a: Tyranitar|Pursuit|p2a: Azelf
|-supereffective|p2a: Azelf
|-damage|p2a: Azelf|0 fnt
|faint|p2a: Azelf
|
|-weather|Sandstorm|[upkeep]
|
|switch|p2a: Whimsicott|Whimsicott, F|323\/323
|turn|5
|
|move|p2a: Whimsicott|Encore|p1a: Tyranitar
|-start|p1a: Tyranitar|Encore
|move|p1a: Tyranitar|Pursuit|p2a: Whimsicott
|-resisted|p2a: Whimsicott
|-damage|p2a: Whimsicott|300\/323
|
|-weather|none
|turn|6
|
|switch|p1a: Chesnaught|Chesnaught, M|318\/318
|move|p2a: Whimsicott|Tailwind|p2a: Whimsicott
|-sidestart|p2: Shady Sucks|move: Tailwind
|
|turn|7
|
|switch|p1a: Tyranitar|Tyranitar, F|404\/404
|-weather|Sandstorm
|move|p2a: Whimsicott|Taunt|p1a: Tyranitar
|-start|p1a: Tyranitar|move: Taunt
|
|-weather|Sandstorm|[upkeep]
|-damage|p2a: Whimsicott|280\/323|[from] sandstorm
|turn|8
|
|switch|p1a: Chesnaught|Chesnaught, M|318\/318
|move|p2a: Whimsicott|Memento|p1a: Chesnaught
|-unboost|p1a: Chesnaught|atk|2
|-unboost|p1a: Chesnaught|spa|2
|faint|p2a: Whimsicott
|
|-weather|Sandstorm|[upkeep]
|-damage|p1a: Chesnaught|299\/318|[from] sandstorm
|-heal|p1a: Chesnaught|318\/318|[from] item: Leftovers
|-sideend|p2: Shady Sucks|Reflect
|
|switch|p2a: Smeargle|Smeargle, F|313\/313
|turn|9
|
|switch|p1a: Tyranitar|Tyranitar, F|404\/404
|move|p2a: Smeargle|Cotton Guard|p2a: Smeargle
|-boost|p2a: Smeargle|def|3
|
|-weather|Sandstorm|[upkeep]
|-damage|p2a: Smeargle|294\/313|[from] sandstorm
|-sideend|p2: Shady Sucks|move: Light Screen
|-sideend|p2: Shady Sucks|move: Tailwind
|turn|10
|
|move|p2a: Smeargle|Spore|p1a: Tyranitar
|-status|p1a: Tyranitar|slp
|-enditem|p1a: Tyranitar|Lum Berry|[eat]
|-curestatus|p1a: Tyranitar|slp
|move|p1a: Tyranitar|Thunder Wave|p2a: Smeargle
|-status|p2a: Smeargle|par
|
|-weather|Sandstorm|[upkeep]
|-damage|p2a: Smeargle|275\/313 par|[from] sandstorm
|turn|11
|
|move|p1a: Tyranitar|Rock Slide|p2a: Smeargle
|-damage|p2a: Smeargle|131\/313 par
|cant|p2a: Smeargle|par
|
|-weather|none
|turn|12
|
|move|p1a: Tyranitar|Rock Slide|p2a: Smeargle
|-damage|p2a: Smeargle|0 fnt
|faint|p2a: Smeargle
|
|
|switch|p2a: Sableye|Sableye, M|303\/303
|turn|13
|
|switch|p1a: Charizard|Charizard, M|297\/297
|detailschange|p2a: Sableye|Sableye-Mega, M
|-mega|p2a: Sableye|Sableye|Sablenite
|move|p2a: Sableye|Calm Mind|p2a: Sableye
|-boost|p2a: Sableye|spa|1
|-boost|p2a: Sableye|spd|1
|
|turn|14
|
|detailschange|p1a: Charizard|Charizard-Mega-Y, M
|-mega|p1a: Charizard|Charizard|Charizardite Y
|-weather|SunnyDay
|move|p1a: Charizard|Fire Blast|p2a: Sableye
|-damage|p2a: Sableye|108\/303
|move|p2a: Sableye|Recover|p2a: Sableye
|-heal|p2a: Sableye|260\/303
|
|-weather|SunnyDay|[upkeep]
|turn|15
|
|move|p1a: Charizard|Fire Blast|p2a: Sableye
|-damage|p2a: Sableye|64\/303
|move|p2a: Sableye|Recover|p2a: Sableye
|-heal|p2a: Sableye|216\/303
|
|-weather|SunnyDay|[upkeep]
|turn|16
|
|move|p1a: Charizard|Fire Blast|p2a: Sableye|[miss]
|-miss|p1a: Charizard|p2a: Sableye
|move|p2a: Sableye|Recover|p2a: Sableye
|-heal|p2a: Sableye|303\/303
|
|-weather|SunnyDay|[upkeep]
|turn|17
|
|move|p1a: Charizard|Fire Blast|p2a: Sableye|[miss]
|-miss|p1a: Charizard|p2a: Sableye
|move|p2a: Sableye|Recover|p2a: Sableye
|-fail|p2a: Sableye
|
|-weather|SunnyDay|[upkeep]
|turn|18
|
|move|p1a: Charizard|Fire Blast|p2a: Sableye
|-damage|p2a: Sableye|104\/303
|move|p2a: Sableye|Recover|p2a: Sableye
|-heal|p2a: Sableye|256\/303
|
|-weather|none
|turn|19
|
|switch|p1a: Excadrill|Excadrill, M|362\/362
|move|p2a: Sableye|Calm Mind|p2a: Sableye
|-boost|p2a: Sableye|spa|1
|-boost|p2a: Sableye|spd|1
|
|turn|20
|
|switch|p1a: Charizard|Charizard-Mega-Y, M|297\/297
|-weather|SunnyDay
|move|p2a: Sableye|Will-O-Wisp|p1a: Charizard
|-fail|p1a: Charizard
|
|-weather|SunnyDay|[upkeep]
|turn|21
|
|move|p1a: Charizard|Fire Blast|p2a: Sableye
|-damage|p2a: Sableye|100\/303
|move|p2a: Sableye|Recover|p2a: Sableye
|-heal|p2a: Sableye|252\/303
|
|-weather|SunnyDay|[upkeep]
|turn|22
|
|move|p1a: Charizard|Fire Blast|p2a: Sableye
|-damage|p2a: Sableye|102\/303
|move|p2a: Sableye|Recover|p2a: Sableye
|-heal|p2a: Sableye|254\/303
|
|-weather|SunnyDay|[upkeep]
|turn|23
|
|move|p1a: Charizard|Fire Blast|p2a: Sableye|[miss]
|-miss|p1a: Charizard|p2a: Sableye
|move|p2a: Sableye|Recover|p2a: Sableye
|-heal|p2a: Sableye|303\/303
|
|-weather|SunnyDay|[upkeep]
|turn|24
|
|switch|p1a: Chesnaught|Chesnaught, M|318\/318
|move|p2a: Sableye|Calm Mind|p2a: Sableye
|-boost|p2a: Sableye|spa|1
|-boost|p2a: Sableye|spd|1
|
|-weather|none
|turn|25
|
|move|p1a: Chesnaught|Substitute|p1a: Chesnaught
|-start|p1a: Chesnaught|Substitute
|-damage|p1a: Chesnaught|239\/318
|move|p2a: Sableye|Will-O-Wisp|p1a: Chesnaught
|
|-heal|p1a: Chesnaught|258\/318|[from] item: Leftovers
|turn|26
|
|move|p1a: Chesnaught|Wood Hammer|p2a: Sableye
|-damage|p2a: Sableye|170\/303
|-damage|p1a: Chesnaught|214\/318|[from] recoil|[of] p2a: Sableye
|move|p2a: Sableye|Calm Mind|p2a: Sableye
|-boost|p2a: Sableye|spa|1
|-boost|p2a: Sableye|spd|1
|
|-heal|p1a: Chesnaught|233\/318|[from] item: Leftovers
|turn|27
|
|move|p1a: Chesnaught|Wood Hammer|p2a: Sableye
|-damage|p2a: Sableye|50\/303
|-damage|p1a: Chesnaught|193\/318|[from] recoil|[of] p2a: Sableye
|move|p2a: Sableye|Recover|p2a: Sableye
|-heal|p2a: Sableye|202\/303
|
|-heal|p1a: Chesnaught|212\/318|[from] item: Leftovers
|turn|28
|
|move|p1a: Chesnaught|Wood Hammer|p2a: Sableye
|-crit|p2a: Sableye
|-damage|p2a: Sableye|0 fnt
|-damage|p1a: Chesnaught|145\/318|[from] recoil|[of] p2a: Sableye
|faint|p2a: Sableye
|
|-heal|p1a: Chesnaught|164\/318|[from] item: Leftovers
|
|switch|p2a: Clefable|Clefable, M|393\/393
|turn|29
|
|switch|p1a: Excadrill|Excadrill, M|362\/362
|move|p2a: Clefable|Calm Mind|p2a: Clefable
|-boost|p2a: Clefable|spa|1
|-boost|p2a: Clefable|spd|1
|
|turn|30
|-message|Shady Sucks forfeited.
|
|win|With No Survivors
|raw|Ladder updating...
|leave|Shady Sucks
|player|p2
|raw|With No Survivors's rating: 1408 &rarr; <strong>1422<\/strong><br \/>(+14 for winning)
|raw|Shady Sucks's rating: 1307 &rarr; <strong>1293<\/strong><br \/>(-14 for losing)