|join|With No Survivors
|join|xPWNxST4Rx
|player|p1|With No Survivors|248
|player|p2|xPWNxST4Rx|274
|gametype|singles
|gen|6
|tier|OU (suspect test)
|rated
|clearpoke
|poke|p1|Charizard, M
|poke|p1|Tyranitar, M
|poke|p1|Excadrill, F
|poke|p1|Chesnaught, F
|poke|p1|Slowbro, F
|poke|p1|Chansey, F
|poke|p2|Tyranitar, F
|poke|p2|Ferrothorn, F
|poke|p2|Rotom-Wash
|poke|p2|Metagross
|poke|p2|Azumarill, M
|poke|p2|Heatran, F
|rule|Swagger Clause: Swagger is banned
|rule|Baton Pass Clause: Limit one PokÃ©mon knowing Baton Pass
|rule|Sleep Clause Mod: Limit one foe put to sleep
|rule|Species Clause: Limit one of each PokÃ©mon
|rule|OHKO Clause: OHKO moves are banned
|rule|Moody Clause: Moody is banned
|rule|Evasion Moves Clause: Evasion moves are banned
|rule|Endless Battle Clause: Forcing endless battles is banned
|rule|HP Percentage Mod: HP is shown in percentages
|teampreview
|
|start
|switch|p1a: Chesnaught|Chesnaught, F|318\/318
|switch|p2a: Rotom-Wash|Rotom-Wash|303\/303
|turn|1
|
|move|p2a: Rotom-Wash|Volt Switch|p1a: Chesnaught
|-resisted|p1a: Chesnaught
|-damage|p1a: Chesnaught|262\/318
|
|switch|p2a: Metagross|Metagross|302\/302
|move|p1a: Chesnaught|Substitute|p1a: Chesnaught
|-start|p1a: Chesnaught|Substitute
|-damage|p1a: Chesnaught|183\/318
|
|-heal|p1a: Chesnaught|202\/318|[from] item: Leftovers
|turn|2
|
|detailschange|p2a: Metagross|Metagross-Mega
|-mega|p2a: Metagross|Metagross|Metagrossite
|move|p2a: Metagross|Zen Headbutt|p1a: Chesnaught
|-supereffective|p1a: Chesnaught
|-end|p1a: Chesnaught|Substitute
|move|p1a: Chesnaught|Drain Punch|p2a: Metagross
|-damage|p2a: Metagross|218\/302
|-heal|p1a: Chesnaught|244\/318|[from] drain|[of] p2a: Metagross
|
|-heal|p1a: Chesnaught|263\/318|[from] item: Leftovers
|turn|3
|
|switch|p2a: Rotom-Wash|Rotom-Wash|303\/303
|switch|p1a: Slowbro|Slowbro, F|394\/394
|
|turn|4
|
|switch|p1a: Excadrill|Excadrill, F|362\/362
|move|p2a: Rotom-Wash|Volt Switch|p1a: Excadrill
|-immune|p1a: Excadrill|[msg]
|
|turn|5
|
|move|p1a: Excadrill|Earthquake|p2a: Rotom-Wash
|-immune|p2a: Rotom-Wash|[msg]
|move|p2a: Rotom-Wash|Will-O-Wisp|p1a: Excadrill
|-status|p1a: Excadrill|brn
|
|-damage|p1a: Excadrill|317\/362 brn|[from] brn
|turn|6
|
|switch|p1a: Chansey|Chansey, F|642\/642
|move|p2a: Rotom-Wash|Volt Switch|p1a: Chansey
|-damage|p1a: Chansey|596\/642
|
|switch|p2a: Azumarill|Azumarill, M|401\/401
|
|turn|7
|
|move|p2a: Azumarill|Knock Off|p1a: Chansey
|-damage|p1a: Chansey|414\/642
|-enditem|p1a: Chansey|Eviolite|[from] move: Knock Off|[of] p2a: Azumarill
|move|p1a: Chansey|Aromatherapy|p1a: Chansey
|-cureteam|p1a: Chansey|[from] move: Aromatherapy
|
|turn|8
|
|move|p1a: Chansey|Thunder Wave|p2a: Azumarill
|-status|p2a: Azumarill|par
|move|p2a: Azumarill|Superpower|p1a: Chansey
|-supereffective|p1a: Chansey
|-damage|p1a: Chansey|0 fnt
|-unboost|p2a: Azumarill|atk|1
|-unboost|p2a: Azumarill|def|1
|faint|p1a: Chansey
|
|
|switch|p1a: Chesnaught|Chesnaught, F|263\/318
|turn|9
|
|move|p1a: Chesnaught|Substitute|p1a: Chesnaught
|-start|p1a: Chesnaught|Substitute
|-damage|p1a: Chesnaught|184\/318
|cant|p2a: Azumarill|par
|
|-heal|p1a: Chesnaught|203\/318|[from] item: Leftovers
|turn|10
|
|move|p1a: Chesnaught|Wood Hammer|p2a: Azumarill
|-supereffective|p2a: Azumarill
|-damage|p2a: Azumarill|0 fnt
|-damage|p1a: Chesnaught|71\/318|[from] recoil|[of] p2a: Azumarill
|faint|p2a: Azumarill
|
|-heal|p1a: Chesnaught|90\/318|[from] item: Leftovers
|
|switch|p2a: Metagross|Metagross-Mega|218\/302
|turn|11
|
|move|p2a: Metagross|Ice Punch|p1a: Chesnaught
|-supereffective|p1a: Chesnaught
|-end|p1a: Chesnaught|Substitute
|move|p1a: Chesnaught|Drain Punch|p2a: Metagross
|-damage|p2a: Metagross|131\/302
|-heal|p1a: Chesnaught|134\/318|[from] drain|[of] p2a: Metagross
|
|-heal|p1a: Chesnaught|153\/318|[from] item: Leftovers
|turn|12
|
|switch|p2a: Rotom-Wash|Rotom-Wash|303\/303
|switch|p1a: Slowbro|Slowbro, F|394\/394
|
|turn|13
|
|move|p2a: Rotom-Wash|Will-O-Wisp|p1a: Slowbro
|-status|p1a: Slowbro|brn
|move|p1a: Slowbro|Scald|p2a: Rotom-Wash
|-resisted|p2a: Rotom-Wash
|-damage|p2a: Rotom-Wash|237\/303
|
|-heal|p2a: Rotom-Wash|255\/303|[from] item: Leftovers
|-damage|p1a: Slowbro|345\/394 brn|[from] brn
|turn|14
|
|switch|p1a: Tyranitar|Tyranitar, M|404\/404
|-weather|Sandstorm
|move|p2a: Rotom-Wash|Volt Switch|p1a: Tyranitar
|-damage|p1a: Tyranitar|349\/404
|
|switch|p2a: Metagross|Metagross-Mega|131\/302
|
|-weather|Sandstorm|[upkeep]
|turn|15
|
|switch|p2a: Rotom-Wash|Rotom-Wash|255\/303
|switch|p1a: Slowbro|Slowbro, F|394\/394 brn
|
|-weather|Sandstorm|[upkeep]
|-damage|p2a: Rotom-Wash|237\/303|[from] sandstorm
|-damage|p1a: Slowbro|370\/394 brn|[from] sandstorm
|-heal|p2a: Rotom-Wash|255\/303|[from] item: Leftovers
|-damage|p1a: Slowbro|321\/394 brn|[from] brn
|turn|16
|
|switch|p1a: Charizard|Charizard, M|297\/297
|move|p2a: Rotom-Wash|Volt Switch|p1a: Charizard
|-supereffective|p1a: Charizard
|-damage|p1a: Charizard|81\/297
|
|switch|p2a: Metagross|Metagross-Mega|131\/302
|
|-weather|Sandstorm|[upkeep]
|-damage|p1a: Charizard|63\/297|[from] sandstorm
|turn|17
|
|switch|p1a: Slowbro|Slowbro, F|394\/394 brn
|move|p2a: Metagross|Zen Headbutt|p1a: Slowbro
|-resisted|p1a: Slowbro
|-damage|p1a: Slowbro|300\/394 brn
|-damage|p2a: Metagross|81\/302|[from] item: Rocky Helmet|[of] p1a: Slowbro
|
|-weather|Sandstorm|[upkeep]
|-damage|p1a: Slowbro|276\/394 brn|[from] sandstorm
|-damage|p1a: Slowbro|227\/394 brn|[from] brn
|turn|18
|
|switch|p2a: Ferrothorn|Ferrothorn, F|352\/352
|switch|p1a: Excadrill|Excadrill, F|317\/362
|
|-weather|none
|turn|19
|
|switch|p1a: Charizard|Charizard, M|63\/297
|move|p2a: Ferrothorn|Stealth Rock|p1a: Charizard
|-sidestart|p1: With No Survivors|move: Stealth Rock
|
|turn|20
|
|switch|p2a: Tyranitar|Tyranitar, F|404\/404
|-weather|Sandstorm
|move|p1a: Charizard|Roost|p1a: Charizard
|-heal|p1a: Charizard|212\/297
|
|-weather|Sandstorm|[upkeep]
|-damage|p1a: Charizard|194\/297|[from] sandstorm
|turn|21
|
|detailschange|p1a: Charizard|Charizard-Mega-Y, M
|-mega|p1a: Charizard|Charizard|Charizardite Y
|-weather|SunnyDay
|move|p1a: Charizard|Solar Beam|p2a: Tyranitar|[still]
|-prepare|p1a: Charizard|Solar Beam|p2a: Tyranitar
|-anim|p1a: Charizard|Solar Beam|p2a: Tyranitar
|-supereffective|p2a: Tyranitar
|-damage|p2a: Tyranitar|250\/404
|move|p2a: Tyranitar|Pursuit|p1a: Charizard
|-damage|p1a: Charizard|116\/297
|
|-weather|SunnyDay|[upkeep]
|turn|22
|
|switch|p2a: Heatran|Heatran, F|323\/323
|move|p1a: Charizard|Roost|p1a: Charizard
|-heal|p1a: Charizard|265\/297
|
|-weather|SunnyDay|[upkeep]
|turn|23
|
|move|p2a: Heatran|Lava Plume|p1a: Charizard
|-resisted|p1a: Charizard
|-damage|p1a: Charizard|154\/297
|move|p1a: Charizard|Earthquake|p2a: Heatran
|-supereffective|p2a: Heatran
|-damage|p2a: Heatran|7\/323
|
|-weather|SunnyDay|[upkeep]
|turn|24
|
|switch|p2a: Tyranitar|Tyranitar, F|250\/404
|-weather|Sandstorm
|move|p1a: Charizard|Roost|p1a: Charizard
|-heal|p1a: Charizard|297\/297
|
|-weather|Sandstorm|[upkeep]
|-damage|p1a: Charizard|279\/297|[from] sandstorm
|turn|25
|
|switch|p1a: Excadrill|Excadrill, F|317\/362
|-damage|p1a: Excadrill|306\/362|[from] Stealth Rock
|move|p2a: Tyranitar|Stone Edge|p1a: Excadrill
|-crit|p1a: Excadrill
|-resisted|p1a: Excadrill
|-damage|p1a: Excadrill|218\/362
|
|-weather|Sandstorm|[upkeep]
|turn|26
|
|switch|p2a: Ferrothorn|Ferrothorn, F|352\/352
|move|p1a: Excadrill|Rapid Spin|p2a: Ferrothorn
|-resisted|p2a: Ferrothorn
|-damage|p2a: Ferrothorn|343\/352
|-damage|p1a: Excadrill|173\/362|[from] ability: Iron Barbs|[of] p2a: Ferrothorn
|-sideend|p1: With No Survivors|Stealth Rock|[from] move: Rapid Spin|[of] p1a: Excadrill
|
|-weather|Sandstorm|[upkeep]
|-heal|p2a: Ferrothorn|352\/352|[from] item: Leftovers
|turn|27
|
|switch|p1a: Charizard|Charizard-Mega-Y, M|279\/297
|-weather|SunnyDay
|switch|p2a: Tyranitar|Tyranitar, F|250\/404
|-weather|Sandstorm
|
|-weather|Sandstorm|[upkeep]
|-damage|p1a: Charizard|261\/297|[from] sandstorm
|turn|28
|
|switch|p2a: Ferrothorn|Ferrothorn, F|352\/352
|move|p1a: Charizard|Earthquake|p2a: Ferrothorn
|-damage|p2a: Ferrothorn|295\/352
|
|-weather|Sandstorm|[upkeep]
|-damage|p1a: Charizard|243\/297|[from] sandstorm
|-heal|p2a: Ferrothorn|317\/352|[from] item: Leftovers
|turn|29
|
|switch|p1a: Chesnaught|Chesnaught, F|153\/318
|move|p2a: Ferrothorn|Protect|p2a: Ferrothorn
|-fail|p2a: Ferrothorn
|
|-weather|Sandstorm|[upkeep]
|-damage|p1a: Chesnaught|134\/318|[from] sandstorm
|-heal|p1a: Chesnaught|153\/318|[from] item: Leftovers
|-heal|p2a: Ferrothorn|339\/352|[from] item: Leftovers
|turn|30
|
|switch|p2a: Heatran|Heatran, F|7\/323
|move|p1a: Chesnaught|Drain Punch|p2a: Heatran
|-supereffective|p2a: Heatran
|-damage|p2a: Heatran|0 fnt
|-heal|p1a: Chesnaught|157\/318|[from] drain|[of] p2a: Heatran
|faint|p2a: Heatran
|
|-weather|Sandstorm|[upkeep]
|-damage|p1a: Chesnaught|138\/318|[from] sandstorm
|-heal|p1a: Chesnaught|157\/318|[from] item: Leftovers
|
|switch|p2a: Metagross|Metagross-Mega|81\/302
|turn|31
|
|switch|p2a: Rotom-Wash|Rotom-Wash|255\/303
|move|p1a: Chesnaught|Wood Hammer|p2a: Rotom-Wash
|-supereffective|p2a: Rotom-Wash
|-damage|p2a: Rotom-Wash|0 fnt
|-damage|p1a: Chesnaught|73\/318|[from] recoil|[of] p2a: Rotom-Wash
|faint|p2a: Rotom-Wash
|
|-weather|none
|-heal|p1a: Chesnaught|92\/318|[from] item: Leftovers
|-message|xPWNxST4Rx forfeited.
|
|win|With No Survivors
|raw|Ladder updating...
|leave|xPWNxST4Rx
|player|p2
|raw|With No Survivors's rating: 1375 &rarr; <strong>1390<\/strong><br \/>(+15 for winning)
|raw|xPWNxST4Rx's rating: 1277 &rarr; <strong>1259<\/strong><br \/>(-18 for losing)