|join|With No Survivors
|join|arular
|player|p1|With No Survivors|248
|player|p2|arular|2
|gametype|singles
|gen|6
|tier|OU (suspect test)
|rated
|clearpoke
|poke|p1|Charizard, M
|poke|p1|Tyranitar, F
|poke|p1|Excadrill, F
|poke|p1|Chesnaught, F
|poke|p1|Slowbro, F
|poke|p1|Chansey, F
|poke|p2|Diancie
|poke|p2|Keldeo
|poke|p2|Wobbuffet, M
|poke|p2|Thundurus, M
|poke|p2|Landorus-Therian, M
|poke|p2|Talonflame, M
|rule|Swagger Clause: Swagger is banned
|rule|Baton Pass Clause: Limit one PokÃ©mon knowing Baton Pass
|rule|Sleep Clause Mod: Limit one foe put to sleep
|rule|Species Clause: Limit one of each PokÃ©mon
|rule|OHKO Clause: OHKO moves are banned
|rule|Moody Clause: Moody is banned
|rule|Evasion Moves Clause: Evasion moves are banned
|rule|Endless Battle Clause: Forcing endless battles is banned
|rule|HP Percentage Mod: HP is shown in percentages
|teampreview
|
|start
|switch|p1a: Chesnaught|Chesnaught, F|318\/318
|switch|p2a: Diancie|Diancie|241\/241
|turn|1
|
|detailschange|p2a: Diancie|Diancie-Mega
|-mega|p2a: Diancie|Diancie|Diancite
|move|p1a: Chesnaught|Wood Hammer|p2a: Diancie
|-supereffective|p2a: Diancie
|-damage|p2a: Diancie|0 fnt
|-damage|p1a: Chesnaught|238\/318|[from] recoil|[of] p2a: Diancie
|faint|p2a: Diancie
|
|-heal|p1a: Chesnaught|257\/318|[from] item: Leftovers
|
|switch|p2a: Talonflame|Talonflame, M|360\/360
|turn|2
|
|switch|p1a: Tyranitar|Tyranitar, F|404\/404
|-weather|Sandstorm
|move|p2a: Talonflame|Will-O-Wisp|p1a: Tyranitar
|-status|p1a: Tyranitar|brn
|-enditem|p1a: Tyranitar|Lum Berry|[eat]
|-curestatus|p1a: Tyranitar|brn
|
|-weather|Sandstorm|[upkeep]
|-damage|p2a: Talonflame|338\/360|[from] sandstorm
|-heal|p2a: Talonflame|360\/360|[from] item: Leftovers
|turn|3
|
|move|p2a: Talonflame|Will-O-Wisp|p1a: Tyranitar
|-status|p1a: Tyranitar|brn
|move|p1a: Tyranitar|Pursuit|p2a: Talonflame
|-damage|p2a: Talonflame|308\/360
|
|-weather|Sandstorm|[upkeep]
|-damage|p2a: Talonflame|286\/360|[from] sandstorm
|-heal|p2a: Talonflame|308\/360|[from] item: Leftovers
|-damage|p1a: Tyranitar|354\/404 brn|[from] brn
|turn|4
|
|move|p2a: Talonflame|Swords Dance|p2a: Talonflame
|-boost|p2a: Talonflame|atk|2
|move|p1a: Tyranitar|Stealth Rock|p2a: Talonflame
|-sidestart|p2: arular|move: Stealth Rock
|
|-weather|Sandstorm|[upkeep]
|-damage|p2a: Talonflame|286\/360|[from] sandstorm
|-heal|p2a: Talonflame|308\/360|[from] item: Leftovers
|-damage|p1a: Tyranitar|304\/404 brn|[from] brn
|turn|5
|
|move|p2a: Talonflame|Swords Dance|p2a: Talonflame
|-boost|p2a: Talonflame|atk|2
|move|p1a: Tyranitar|Rock Slide|p2a: Talonflame
|-supereffective|p2a: Talonflame
|-damage|p2a: Talonflame|0 fnt
|faint|p2a: Talonflame
|
|-weather|Sandstorm|[upkeep]
|-damage|p1a: Tyranitar|254\/404 brn|[from] brn
|
|switch|p2a: Landorus-Therian|Landorus-Therian, M|382\/382
|-damage|p2a: Landorus-Therian|335\/382|[from] Stealth Rock
|-ability|p2a: Landorus-Therian|Intimidate|[of] p1a: Tyranitar
|-unboost|p1a: Tyranitar|atk|1
|turn|6
|
|switch|p1a: Charizard|Charizard, M|297\/297
|move|p2a: Landorus-Therian|Stealth Rock|p1a: Charizard
|-sidestart|p1: With No Survivors|move: Stealth Rock
|
|-weather|none
|-heal|p2a: Landorus-Therian|358\/382|[from] item: Leftovers
|turn|7
|
|detailschange|p1a: Charizard|Charizard-Mega-Y, M
|-mega|p1a: Charizard|Charizard|Charizardite Y
|-weather|SunnyDay
|move|p1a: Charizard|Fire Blast|p2a: Landorus-Therian
|-damage|p2a: Landorus-Therian|4\/382
|move|p2a: Landorus-Therian|U-turn|p1a: Charizard
|-resisted|p1a: Charizard
|-damage|p1a: Charizard|276\/297
|
|switch|p2a: Thundurus|Thundurus, M|299\/299
|-damage|p2a: Thundurus|225\/299|[from] Stealth Rock
|
|-weather|SunnyDay|[upkeep]
|-heal|p2a: Thundurus|243\/299|[from] item: Leftovers
|turn|8
|
|switch|p1a: Chansey|Chansey, F|642\/642
|-damage|p1a: Chansey|562\/642|[from] Stealth Rock
|move|p2a: Thundurus|Knock Off|p1a: Chansey
|-damage|p1a: Chansey|415\/642
|-enditem|p1a: Chansey|Eviolite|[from] move: Knock Off|[of] p2a: Thundurus
|
|-weather|SunnyDay|[upkeep]
|-heal|p2a: Thundurus|261\/299|[from] item: Leftovers
|turn|9
|
|move|p2a: Thundurus|Superpower|p1a: Chansey
|-supereffective|p1a: Chansey
|-damage|p1a: Chansey|0 fnt
|-unboost|p2a: Thundurus|atk|1
|-unboost|p2a: Thundurus|def|1
|faint|p1a: Chansey
|
|-weather|SunnyDay|[upkeep]
|-heal|p2a: Thundurus|279\/299|[from] item: Leftovers
|
|switch|p1a: Chesnaught|Chesnaught, F|257\/318
|-damage|p1a: Chesnaught|238\/318|[from] Stealth Rock
|turn|10
|
|switch|p2a: Wobbuffet|Wobbuffet, M|528\/528
|-damage|p2a: Wobbuffet|462\/528|[from] Stealth Rock
|move|p1a: Chesnaught|Drain Punch|p2a: Wobbuffet
|-resisted|p2a: Wobbuffet
|-damage|p2a: Wobbuffet|394\/528
|-heal|p1a: Chesnaught|272\/318|[from] drain|[of] p2a: Wobbuffet
|
|-weather|SunnyDay|[upkeep]
|-heal|p1a: Chesnaught|291\/318|[from] item: Leftovers
|-heal|p2a: Wobbuffet|427\/528|[from] item: Leftovers
|turn|11
|
|move|p1a: Chesnaught|Substitute|p1a: Chesnaught
|-start|p1a: Chesnaught|Substitute
|-damage|p1a: Chesnaught|212\/318
|move|p2a: Wobbuffet|Encore|p1a: Chesnaught
|-start|p1a: Chesnaught|Encore
|
|-weather|none
|-heal|p1a: Chesnaught|231\/318|[from] item: Leftovers
|-heal|p2a: Wobbuffet|460\/528|[from] item: Leftovers
|turn|12
|
|switch|p2a: Keldeo|Keldeo|323\/323
|-damage|p2a: Keldeo|303\/323|[from] Stealth Rock
|move|p1a: Chesnaught|Substitute|p1a: Chesnaught
|-fail|p1a: Chesnaught|move: Substitute
|
|-heal|p1a: Chesnaught|250\/318|[from] item: Leftovers
|turn|13
|
|move|p2a: Keldeo|Secret Sword|p1a: Chesnaught
|-end|p1a: Chesnaught|Substitute
|move|p1a: Chesnaught|Substitute|p1a: Chesnaught
|-start|p1a: Chesnaught|Substitute
|-damage|p1a: Chesnaught|171\/318
|
|-heal|p1a: Chesnaught|190\/318|[from] item: Leftovers
|turn|14
|
|move|p2a: Keldeo|Secret Sword|p1a: Chesnaught
|-end|p1a: Chesnaught|Substitute
|move|p1a: Chesnaught|Substitute|p1a: Chesnaught
|-start|p1a: Chesnaught|Substitute
|-damage|p1a: Chesnaught|111\/318
|
|-heal|p1a: Chesnaught|130\/318|[from] item: Leftovers
|-end|p1a: Chesnaught|Encore
|turn|15
|
|switch|p2a: Landorus-Therian|Landorus-Therian, M|4\/382
|-damage|p2a: Landorus-Therian|0 fnt|[from] Stealth Rock
|faint|p2a: Landorus-Therian
|move|p1a: Chesnaught|Synthesis|p1a: Chesnaught
|-heal|p1a: Chesnaught|289\/318
|
|-heal|p1a: Chesnaught|308\/318|[from] item: Leftovers
|
|switch|p2a: Wobbuffet|Wobbuffet, M|460\/528
|-damage|p2a: Wobbuffet|394\/528|[from] Stealth Rock
|turn|16
|
|move|p1a: Chesnaught|Wood Hammer|p2a: Wobbuffet
|-damage|p2a: Wobbuffet|204\/528
|-damage|p1a: Chesnaught|245\/318|[from] recoil|[of] p2a: Wobbuffet
|move|p2a: Wobbuffet|Encore|p1a: Chesnaught
|-start|p1a: Chesnaught|Encore
|
|-heal|p1a: Chesnaught|264\/318|[from] item: Leftovers
|-heal|p2a: Wobbuffet|237\/528|[from] item: Leftovers
|turn|17
|
|move|p1a: Chesnaught|Wood Hammer|p2a: Wobbuffet
|-damage|p2a: Wobbuffet|20\/528
|-damage|p1a: Chesnaught|192\/318|[from] recoil|[of] p2a: Wobbuffet
|move|p2a: Wobbuffet|Counter|p1a: Chesnaught
|-end|p1a: Chesnaught|Substitute
|
|-heal|p1a: Chesnaught|211\/318|[from] item: Leftovers
|-heal|p2a: Wobbuffet|53\/528|[from] item: Leftovers
|turn|18
|
|move|p1a: Chesnaught|Wood Hammer|p2a: Wobbuffet
|-crit|p2a: Wobbuffet
|-damage|p2a: Wobbuffet|0 fnt
|-damage|p1a: Chesnaught|194\/318|[from] recoil|[of] p2a: Wobbuffet
|faint|p2a: Wobbuffet
|
|-heal|p1a: Chesnaught|213\/318|[from] item: Leftovers
|
|switch|p2a: Keldeo|Keldeo|303\/323
|-damage|p2a: Keldeo|283\/323|[from] Stealth Rock
|turn|19
|
|move|p2a: Keldeo|Hidden Power|p1a: Chesnaught
|-supereffective|p1a: Chesnaught
|-damage|p1a: Chesnaught|0 fnt
|faint|p1a: Chesnaught
|
|
|switch|p1a: Charizard|Charizard-Mega-Y, M|276\/297
|-damage|p1a: Charizard|128\/297|[from] Stealth Rock
|-weather|SunnyDay
|turn|20
|
|move|p2a: Keldeo|Hydro Pump|p1a: Charizard
|-supereffective|p1a: Charizard
|-damage|p1a: Charizard|0 fnt
|faint|p1a: Charizard
|
|-weather|SunnyDay|[upkeep]
|
|switch|p1a: Slowbro|Slowbro, F|394\/394
|-damage|p1a: Slowbro|345\/394|[from] Stealth Rock
|turn|21
|
|switch|p2a: Thundurus|Thundurus, M|279\/299
|-damage|p2a: Thundurus|205\/299|[from] Stealth Rock
|move|p1a: Slowbro|Psyshock|p2a: Thundurus
|-damage|p2a: Thundurus|45\/299
|
|-weather|SunnyDay|[upkeep]
|-heal|p2a: Thundurus|63\/299|[from] item: Leftovers
|turn|22
|
|switch|p1a: Tyranitar|Tyranitar, F|254\/404 brn
|-damage|p1a: Tyranitar|204\/404 brn|[from] Stealth Rock
|-weather|Sandstorm
|move|p2a: Thundurus|Knock Off|p1a: Tyranitar
|-resisted|p1a: Tyranitar
|-damage|p1a: Tyranitar|169\/404 brn
|
|-weather|Sandstorm|[upkeep]
|-damage|p2a: Thundurus|45\/299|[from] sandstorm
|-heal|p2a: Thundurus|63\/299|[from] item: Leftovers
|-damage|p1a: Tyranitar|119\/404 brn|[from] brn
|turn|23
|
|move|p2a: Thundurus|Superpower|p1a: Tyranitar
|-supereffective|p1a: Tyranitar
|-damage|p1a: Tyranitar|0 fnt
|-unboost|p2a: Thundurus|atk|1
|-unboost|p2a: Thundurus|def|1
|faint|p1a: Tyranitar
|
|-weather|Sandstorm|[upkeep]
|-damage|p2a: Thundurus|45\/299|[from] sandstorm
|-heal|p2a: Thundurus|63\/299|[from] item: Leftovers
|
|switch|p1a: Excadrill|Excadrill, F|362\/362
|-damage|p1a: Excadrill|351\/362|[from] Stealth Rock
|turn|24
|
|move|p1a: Excadrill|Iron Head|p2a: Thundurus
|-resisted|p2a: Thundurus
|-damage|p2a: Thundurus|0 fnt
|faint|p2a: Thundurus
|
|-weather|Sandstorm|[upkeep]
|
|switch|p2a: Keldeo|Keldeo|283\/323
|-damage|p2a: Keldeo|263\/323|[from] Stealth Rock
|turn|25
|
|move|p1a: Excadrill|Earthquake|p2a: Keldeo
|-damage|p2a: Keldeo|46\/323
|move|p2a: Keldeo|Secret Sword|p1a: Excadrill
|-supereffective|p1a: Excadrill
|-damage|p1a: Excadrill|0 fnt
|faint|p1a: Excadrill
|
|-weather|Sandstorm|[upkeep]
|-damage|p2a: Keldeo|26\/323|[from] sandstorm
|
|switch|p1a: Slowbro|Slowbro, F|394\/394
|-damage|p1a: Slowbro|345\/394|[from] Stealth Rock
|turn|26
|
|move|p2a: Keldeo|Taunt|p1a: Slowbro
|-start|p1a: Slowbro|move: Taunt
|move|p1a: Slowbro|Psyshock|p2a: Keldeo
|-crit|p2a: Keldeo
|-supereffective|p2a: Keldeo
|-damage|p2a: Keldeo|0 fnt
|faint|p2a: Keldeo
|
|win|With No Survivors
|raw|Ladder updating...
|raw|With No Survivors's rating: 1431 &rarr; <strong>1453<\/strong><br \/>(+22 for winning)
|raw|arular's rating: 1478 &rarr; <strong>1456<\/strong><br \/>(-22 for losing)
|c|âWith No Survivors|gg