|join|With No Survivors
|join|JT-IA
|player|p1|With No Survivors|248
|player|p2|JT-IA|153
|gametype|singles
|gen|6
|tier|OU (suspect test)
|rated
|clearpoke
|poke|p1|Charizard, F
|poke|p1|Tyranitar, M
|poke|p1|Excadrill, F
|poke|p1|Chesnaught, M
|poke|p1|Slowbro, F
|poke|p1|Chansey, F
|poke|p2|Gallade, M
|poke|p2|Heatran, F
|poke|p2|Mandibuzz, F
|poke|p2|Sylveon, F
|poke|p2|Magnezone
|poke|p2|Diggersby, M
|rule|Swagger Clause: Swagger is banned
|rule|Baton Pass Clause: Limit one PokÃ©mon knowing Baton Pass
|rule|Sleep Clause Mod: Limit one foe put to sleep
|rule|Species Clause: Limit one of each PokÃ©mon
|rule|OHKO Clause: OHKO moves are banned
|rule|Moody Clause: Moody is banned
|rule|Evasion Moves Clause: Evasion moves are banned
|rule|Endless Battle Clause: Forcing endless battles is banned
|rule|HP Percentage Mod: HP is shown in percentages
|teampreview
|
|start
|switch|p1a: Charizard|Charizard, F|297\/297
|switch|p2a: Diggersby|Diggersby, M|311\/311
|turn|1
|
|detailschange|p1a: Charizard|Charizard-Mega-Y, F
|-mega|p1a: Charizard|Charizard|Charizardite Y
|-weather|SunnyDay
|move|p2a: Diggersby|U-turn|p1a: Charizard
|-resisted|p1a: Charizard
|-damage|p1a: Charizard|267\/297
|
|switch|p2a: Heatran|Heatran, F|386\/386
|move|p1a: Charizard|Fire Blast|p2a: Heatran
|-start|p2a: Heatran|ability: Flash Fire
|
|-weather|SunnyDay|[upkeep]
|turn|2
|
|move|p1a: Charizard|Earthquake|p2a: Heatran
|-supereffective|p2a: Heatran
|-damage|p2a: Heatran|82\/386
|move|p2a: Heatran|Stealth Rock|p1a: Charizard
|-sidestart|p1: With No Survivors|move: Stealth Rock
|
|-weather|SunnyDay|[upkeep]
|-heal|p2a: Heatran|106\/386|[from] item: Leftovers
|turn|3
|
|move|p2a: Heatran|Protect|p2a: Heatran
|-singleturn|p2a: Heatran|Protect
|move|p1a: Charizard|Fire Blast|p2a: Heatran
|-activate|p2a: Heatran|Protect
|
|-weather|SunnyDay|[upkeep]
|-heal|p2a: Heatran|130\/386|[from] item: Leftovers
|turn|4
|
|switch|p2a: Sylveon|Sylveon, F|394\/394
|move|p1a: Charizard|Fire Blast|p2a: Sylveon
|-damage|p2a: Sylveon|142\/394
|-status|p2a: Sylveon|brn
|
|-weather|SunnyDay|[upkeep]
|-heal|p2a: Sylveon|166\/394 brn|[from] item: Leftovers
|-damage|p2a: Sylveon|117\/394 brn|[from] brn
|turn|5
|
|move|p1a: Charizard|Earthquake|p2a: Sylveon
|-damage|p2a: Sylveon|35\/394 brn
|move|p2a: Sylveon|Wish|p2a: Sylveon
|
|-weather|none
|-heal|p2a: Sylveon|59\/394 brn|[from] item: Leftovers
|-damage|p2a: Sylveon|10\/394 brn|[from] brn
|turn|6
|
|switch|p1a: Excadrill|Excadrill, F|362\/362
|-damage|p1a: Excadrill|351\/362|[from] Stealth Rock
|move|p2a: Sylveon|Protect|p2a: Sylveon
|-fail|p2a: Sylveon
|
|-heal|p2a: Sylveon|207\/394 brn|[from] move: Wish|[wisher] Sylveon
|-heal|p2a: Sylveon|231\/394 brn|[from] item: Leftovers
|-damage|p2a: Sylveon|182\/394 brn|[from] brn
|turn|7
|
|switch|p2a: Magnezone|Magnezone|281\/281
|move|p1a: Excadrill|Rapid Spin|p2a: Magnezone
|-resisted|p2a: Magnezone
|-damage|p2a: Magnezone|270\/281
|-sideend|p1: With No Survivors|Stealth Rock|[from] move: Rapid Spin|[of] p1a: Excadrill
|
|turn|8
|
|move|p2a: Magnezone|Hidden Power|p1a: Excadrill
|-supereffective|p1a: Excadrill
|-damage|p1a: Excadrill|209\/362
|move|p1a: Excadrill|Earthquake|p2a: Magnezone
|-supereffective|p2a: Magnezone
|-damage|p2a: Magnezone|0 fnt
|faint|p2a: Magnezone
|
|
|switch|p2a: Diggersby|Diggersby, M|311\/311
|turn|9
|
|switch|p1a: Chesnaught|Chesnaught, M|318\/318
|move|p2a: Diggersby|U-turn|p1a: Chesnaught
|-damage|p1a: Chesnaught|238\/318
|
|switch|p2a: Gallade|Gallade, M|340\/340
|
|-heal|p1a: Chesnaught|257\/318|[from] item: Leftovers
|turn|10
|
|detailschange|p2a: Gallade|Gallade-Mega, M
|-mega|p2a: Gallade|Gallade|Galladite
|move|p2a: Gallade|Bulk Up|p2a: Gallade
|-boost|p2a: Gallade|atk|1
|-boost|p2a: Gallade|def|1
|move|p1a: Chesnaught|Wood Hammer|p2a: Gallade
|-damage|p2a: Gallade|184\/340
|-damage|p1a: Chesnaught|206\/318|[from] recoil|[of] p2a: Gallade
|
|-heal|p1a: Chesnaught|225\/318|[from] item: Leftovers
|turn|11
|
|switch|p1a: Tyranitar|Tyranitar, M|404\/404
|-weather|Sandstorm
|move|p2a: Gallade|Drain Punch|p1a: Tyranitar
|-supereffective|p1a: Tyranitar
|-damage|p1a: Tyranitar|0 fnt
|-heal|p2a: Gallade|340\/340|[from] drain|[of] p1a: Tyranitar
|faint|p1a: Tyranitar
|
|-weather|Sandstorm|[upkeep]
|-damage|p2a: Gallade|319\/340|[from] sandstorm
|
|switch|p1a: Charizard|Charizard-Mega-Y, F|267\/297
|-weather|SunnyDay
|turn|12
|
|move|p2a: Gallade|Ice Punch|p1a: Charizard
|-damage|p1a: Charizard|85\/297
|move|p1a: Charizard|Fire Blast|p2a: Gallade
|-damage|p2a: Gallade|0 fnt
|faint|p2a: Gallade
|
|-weather|SunnyDay|[upkeep]
|
|switch|p2a: Diggersby|Diggersby, M|311\/311
|turn|13
|
|switch|p1a: Slowbro|Slowbro, F|394\/394
|move|p2a: Diggersby|U-turn|p1a: Slowbro
|-supereffective|p1a: Slowbro
|-damage|p1a: Slowbro|220\/394
|-damage|p2a: Diggersby|260\/311|[from] item: Rocky Helmet|[of] p1a: Slowbro
|
|switch|p2a: Sylveon|Sylveon, F|182\/394 brn
|
|-weather|SunnyDay|[upkeep]
|-heal|p2a: Sylveon|206\/394 brn|[from] item: Leftovers
|-damage|p2a: Sylveon|157\/394 brn|[from] brn
|turn|14
|
|move|p2a: Sylveon|Heal Bell|p2a: Sylveon
|-cureteam|p2a: Sylveon|[from] move: HealBell
|move|p1a: Slowbro|Fire Blast|p2a: Sylveon
|-damage|p2a: Sylveon|10\/394
|
|-weather|SunnyDay|[upkeep]
|-heal|p2a: Sylveon|34\/394|[from] item: Leftovers
|turn|15
|
|switch|p1a: Excadrill|Excadrill, F|209\/362
|move|p2a: Sylveon|Hyper Voice|p1a: Excadrill
|-resisted|p1a: Excadrill
|-damage|p1a: Excadrill|140\/362
|
|-weather|SunnyDay|[upkeep]
|-heal|p2a: Sylveon|58\/394|[from] item: Leftovers
|turn|16
|
|switch|p2a: Mandibuzz|Mandibuzz, F|424\/424
|move|p1a: Excadrill|Iron Head|p2a: Mandibuzz
|-crit|p2a: Mandibuzz
|-damage|p2a: Mandibuzz|240\/424
|
|-weather|none
|-heal|p2a: Mandibuzz|266\/424|[from] item: Leftovers
|turn|17
|
|switch|p1a: Chesnaught|Chesnaught, M|225\/318
|move|p2a: Mandibuzz|Foul Play|p1a: Chesnaught
|-resisted|p1a: Chesnaught
|-damage|p1a: Chesnaught|152\/318
|
|-heal|p1a: Chesnaught|171\/318|[from] item: Leftovers
|-heal|p2a: Mandibuzz|292\/424|[from] item: Leftovers
|turn|18
|
|move|p1a: Chesnaught|Substitute|p1a: Chesnaught
|-start|p1a: Chesnaught|Substitute
|-damage|p1a: Chesnaught|92\/318
|move|p2a: Mandibuzz|Taunt|p1a: Chesnaught
|-start|p1a: Chesnaught|move: Taunt
|
|-heal|p1a: Chesnaught|111\/318|[from] item: Leftovers
|-heal|p2a: Mandibuzz|318\/424|[from] item: Leftovers
|turn|19
|
|move|p1a: Chesnaught|Drain Punch|p2a: Mandibuzz
|-damage|p2a: Mandibuzz|224\/424
|-heal|p1a: Chesnaught|158\/318|[from] drain|[of] p2a: Mandibuzz
|move|p2a: Mandibuzz|Foul Play|p1a: Chesnaught
|-crit|p1a: Chesnaught
|-resisted|p1a: Chesnaught
|-end|p1a: Chesnaught|Substitute
|
|-heal|p1a: Chesnaught|177\/318|[from] item: Leftovers
|-heal|p2a: Mandibuzz|250\/424|[from] item: Leftovers
|turn|20
|
|switch|p1a: Charizard|Charizard-Mega-Y, F|85\/297
|-weather|SunnyDay
|move|p2a: Mandibuzz|Foul Play|p1a: Charizard
|-damage|p1a: Charizard|0 fnt
|faint|p1a: Charizard
|
|-weather|SunnyDay|[upkeep]
|-heal|p2a: Mandibuzz|276\/424|[from] item: Leftovers
|
|switch|p1a: Chesnaught|Chesnaught, M|177\/318
|turn|21
|
|move|p1a: Chesnaught|Synthesis|p1a: Chesnaught
|-heal|p1a: Chesnaught|318\/318
|move|p2a: Mandibuzz|Foul Play|p1a: Chesnaught
|-resisted|p1a: Chesnaught
|-damage|p1a: Chesnaught|253\/318
|
|-weather|SunnyDay|[upkeep]
|-heal|p1a: Chesnaught|272\/318|[from] item: Leftovers
|-heal|p2a: Mandibuzz|302\/424|[from] item: Leftovers
|turn|22
|
|move|p1a: Chesnaught|Drain Punch|p2a: Mandibuzz
|-damage|p2a: Mandibuzz|215\/424
|-heal|p1a: Chesnaught|316\/318|[from] drain|[of] p2a: Mandibuzz
|move|p2a: Mandibuzz|Foul Play|p1a: Chesnaught
|-resisted|p1a: Chesnaught
|-damage|p1a: Chesnaught|250\/318
|
|-weather|SunnyDay|[upkeep]
|-heal|p1a: Chesnaught|269\/318|[from] item: Leftovers
|-heal|p2a: Mandibuzz|241\/424|[from] item: Leftovers
|turn|23
|
|move|p1a: Chesnaught|Drain Punch|p2a: Mandibuzz
|-damage|p2a: Mandibuzz|147\/424
|-heal|p1a: Chesnaught|316\/318|[from] drain|[of] p2a: Mandibuzz
|move|p2a: Mandibuzz|Roost|p2a: Mandibuzz
|-heal|p2a: Mandibuzz|359\/424
|
|-weather|SunnyDay|[upkeep]
|-heal|p1a: Chesnaught|318\/318|[from] item: Leftovers
|-heal|p2a: Mandibuzz|385\/424|[from] item: Leftovers
|turn|24
|
|move|p1a: Chesnaught|Drain Punch|p2a: Mandibuzz
|-damage|p2a: Mandibuzz|292\/424
|move|p2a: Mandibuzz|Taunt|p1a: Chesnaught
|-start|p1a: Chesnaught|move: Taunt
|
|-weather|none
|-heal|p2a: Mandibuzz|318\/424|[from] item: Leftovers
|turn|25
|
|move|p1a: Chesnaught|Drain Punch|p2a: Mandibuzz
|-damage|p2a: Mandibuzz|236\/424
|move|p2a: Mandibuzz|Foul Play|p1a: Chesnaught
|-resisted|p1a: Chesnaught
|-damage|p1a: Chesnaught|246\/318
|
|-heal|p1a: Chesnaught|265\/318|[from] item: Leftovers
|-heal|p2a: Mandibuzz|262\/424|[from] item: Leftovers
|turn|26
|
|move|p1a: Chesnaught|Drain Punch|p2a: Mandibuzz
|-damage|p2a: Mandibuzz|175\/424
|-heal|p1a: Chesnaught|309\/318|[from] drain|[of] p2a: Mandibuzz
|move|p2a: Mandibuzz|Roost|p2a: Mandibuzz
|-heal|p2a: Mandibuzz|387\/424
|
|-heal|p1a: Chesnaught|318\/318|[from] item: Leftovers
|-heal|p2a: Mandibuzz|413\/424|[from] item: Leftovers
|turn|27
|
|switch|p1a: Slowbro|Slowbro, F|351\/394
|move|p2a: Mandibuzz|Foul Play|p1a: Slowbro
|-supereffective|p1a: Slowbro
|-damage|p1a: Slowbro|231\/394
|-damage|p2a: Mandibuzz|343\/424|[from] item: Rocky Helmet|[of] p1a: Slowbro
|
|-heal|p2a: Mandibuzz|369\/424|[from] item: Leftovers
|turn|28
|
|switch|p2a: Heatran|Heatran, F|130\/386
|move|p1a: Slowbro|Scald|p2a: Heatran
|-supereffective|p2a: Heatran
|-damage|p2a: Heatran|0 fnt
|faint|p2a: Heatran
|
|
|switch|p2a: Sylveon|Sylveon, F|58\/394
|turn|29
|
|move|p2a: Sylveon|Hyper Voice|p1a: Slowbro
|-damage|p1a: Slowbro|48\/394
|move|p1a: Slowbro|Scald|p2a: Sylveon
|-crit|p2a: Sylveon
|-damage|p2a: Sylveon|0 fnt
|faint|p2a: Sylveon
|
|
|switch|p2a: Diggersby|Diggersby, M|260\/311
|turn|30
|
|switch|p1a: Excadrill|Excadrill, F|140\/362
|move|p2a: Diggersby|Return|p1a: Excadrill
|-resisted|p1a: Excadrill
|-damage|p1a: Excadrill|0 fnt
|faint|p1a: Excadrill
|
|
|switch|p1a: Chesnaught|Chesnaught, M|318\/318
|turn|31
|
|switch|p2a: Mandibuzz|Mandibuzz, F|369\/424
|move|p1a: Chesnaught|Drain Punch|p2a: Mandibuzz
|-damage|p2a: Mandibuzz|273\/424
|
|-heal|p2a: Mandibuzz|299\/424|[from] item: Leftovers
|turn|32
|
|switch|p1a: Slowbro|Slowbro, F|179\/394
|move|p2a: Mandibuzz|Foul Play|p1a: Slowbro
|-supereffective|p1a: Slowbro
|-damage|p1a: Slowbro|57\/394
|-damage|p2a: Mandibuzz|229\/424|[from] item: Rocky Helmet|[of] p1a: Slowbro
|
|-heal|p2a: Mandibuzz|255\/424|[from] item: Leftovers
|turn|33
|
|switch|p1a: Chansey|Chansey, F|642\/642
|move|p2a: Mandibuzz|Foul Play|p1a: Chansey
|-damage|p1a: Chansey|632\/642
|
|-heal|p2a: Mandibuzz|281\/424|[from] item: Leftovers
|turn|34
|
|switch|p2a: Diggersby|Diggersby, M|260\/311
|switch|p1a: Chesnaught|Chesnaught, M|318\/318
|
|turn|35
|
|switch|p2a: Mandibuzz|Mandibuzz, F|281\/424
|move|p1a: Chesnaught|Drain Punch|p2a: Mandibuzz
|-damage|p2a: Mandibuzz|191\/424
|
|-heal|p2a: Mandibuzz|217\/424|[from] item: Leftovers
|turn|36
|
|move|p1a: Chesnaught|Drain Punch|p2a: Mandibuzz
|-damage|p2a: Mandibuzz|132\/424
|move|p2a: Mandibuzz|Roost|p2a: Mandibuzz
|-heal|p2a: Mandibuzz|344\/424
|
|-heal|p2a: Mandibuzz|370\/424|[from] item: Leftovers
|turn|37
|
|switch|p1a: Slowbro|Slowbro, F|188\/394
|move|p2a: Mandibuzz|Foul Play|p1a: Slowbro
|-supereffective|p1a: Slowbro
|-damage|p1a: Slowbro|74\/394
|-damage|p2a: Mandibuzz|300\/424|[from] item: Rocky Helmet|[of] p1a: Slowbro
|
|-heal|p2a: Mandibuzz|326\/424|[from] item: Leftovers
|turn|38
|
|switch|p1a: Chansey|Chansey, F|632\/642
|move|p2a: Mandibuzz|Foul Play|p1a: Chansey
|-damage|p1a: Chansey|623\/642
|
|-heal|p2a: Mandibuzz|352\/424|[from] item: Leftovers
|turn|39
|
|move|p2a: Mandibuzz|Foul Play|p1a: Chansey
|-damage|p1a: Chansey|614\/642
|move|p1a: Chansey|Seismic Toss|p2a: Mandibuzz
|-damage|p2a: Mandibuzz|252\/424
|
|-heal|p2a: Mandibuzz|278\/424|[from] item: Leftovers
|turn|40
|
|switch|p1a: Chesnaught|Chesnaught, M|318\/318
|move|p2a: Mandibuzz|Roost|p2a: Mandibuzz
|-heal|p2a: Mandibuzz|424\/424
|
|turn|41
|
|move|p1a: Chesnaught|Substitute|p1a: Chesnaught
|-start|p1a: Chesnaught|Substitute
|-damage|p1a: Chesnaught|239\/318
|move|p2a: Mandibuzz|Foul Play|p1a: Chesnaught
|-resisted|p1a: Chesnaught
|-activate|p1a: Chesnaught|Substitute|[damage]
|
|-heal|p1a: Chesnaught|258\/318|[from] item: Leftovers
|turn|42
|
|move|p1a: Chesnaught|Wood Hammer|p2a: Mandibuzz
|-resisted|p2a: Mandibuzz
|-damage|p2a: Mandibuzz|350\/424
|-damage|p1a: Chesnaught|234\/318|[from] recoil|[of] p2a: Mandibuzz
|move|p2a: Mandibuzz|Foul Play|p1a: Chesnaught
|-resisted|p1a: Chesnaught
|-end|p1a: Chesnaught|Substitute
|
|-heal|p1a: Chesnaught|253\/318|[from] item: Leftovers
|-heal|p2a: Mandibuzz|376\/424|[from] item: Leftovers
|turn|43
|
|move|p1a: Chesnaught|Drain Punch|p2a: Mandibuzz
|-damage|p2a: Mandibuzz|292\/424
|-heal|p1a: Chesnaught|295\/318|[from] drain|[of] p2a: Mandibuzz
|move|p2a: Mandibuzz|Taunt|p1a: Chesnaught
|-start|p1a: Chesnaught|move: Taunt
|
|-heal|p1a: Chesnaught|314\/318|[from] item: Leftovers
|-heal|p2a: Mandibuzz|318\/424|[from] item: Leftovers
|turn|44
|
|switch|p1a: Chansey|Chansey, F|614\/642
|move|p2a: Mandibuzz|Defog|p1a: Chansey
|-unboost|p1a: Chansey|evasion|1
|
|-heal|p2a: Mandibuzz|344\/424|[from] item: Leftovers
|turn|45
|
|switch|p2a: Diggersby|Diggersby, M|260\/311
|move|p1a: Chansey|Thunder Wave|p2a: Diggersby
|-immune|p2a: Diggersby|[msg]
|
|turn|46
|
|move|p2a: Diggersby|Return|p1a: Chansey
|-damage|p1a: Chansey|311\/642
|move|p1a: Chansey|Seismic Toss|p2a: Diggersby
|-damage|p2a: Diggersby|160\/311
|
|turn|47
|
|switch|p1a: Slowbro|Slowbro, F|205\/394
|move|p2a: Diggersby|Return|p1a: Slowbro
|-damage|p1a: Slowbro|22\/394
|-damage|p2a: Diggersby|109\/311|[from] item: Rocky Helmet|[of] p1a: Slowbro
|
|turn|48
|
|move|p2a: Diggersby|Return|p1a: Slowbro
|-damage|p1a: Slowbro|0 fnt
|-damage|p2a: Diggersby|58\/311|[from] item: Rocky Helmet|[of] p1a: Slowbro
|faint|p1a: Slowbro
|
|
|switch|p1a: Chesnaught|Chesnaught, M|314\/318
|turn|49
|
|switch|p2a: Mandibuzz|Mandibuzz, F|344\/424
|move|p1a: Chesnaught|Drain Punch|p2a: Mandibuzz
|-damage|p2a: Mandibuzz|262\/424
|-heal|p1a: Chesnaught|318\/318|[from] drain|[of] p2a: Mandibuzz
|
|-heal|p2a: Mandibuzz|288\/424|[from] item: Leftovers
|turn|50
|
|switch|p2a: Diggersby|Diggersby, M|58\/311
|move|p1a: Chesnaught|Substitute|p1a: Chesnaught
|-start|p1a: Chesnaught|Substitute
|-damage|p1a: Chesnaught|239\/318
|
|-heal|p1a: Chesnaught|258\/318|[from] item: Leftovers
|turn|51
|
|switch|p2a: Mandibuzz|Mandibuzz, F|288\/424
|move|p1a: Chesnaught|Drain Punch|p2a: Mandibuzz
|-damage|p2a: Mandibuzz|194\/424
|-heal|p1a: Chesnaught|305\/318|[from] drain|[of] p2a: Mandibuzz
|
|-heal|p1a: Chesnaught|318\/318|[from] item: Leftovers
|-heal|p2a: Mandibuzz|220\/424|[from] item: Leftovers
|turn|52
|
|move|p1a: Chesnaught|Wood Hammer|p2a: Mandibuzz
|-resisted|p2a: Mandibuzz
|-damage|p2a: Mandibuzz|145\/424
|-damage|p1a: Chesnaught|293\/318|[from] recoil|[of] p2a: Mandibuzz
|move|p2a: Mandibuzz|Taunt|p1a: Chesnaught
|-start|p1a: Chesnaught|move: Taunt
|
|-heal|p1a: Chesnaught|312\/318|[from] item: Leftovers
|-heal|p2a: Mandibuzz|171\/424|[from] item: Leftovers
|turn|53
|
|switch|p1a: Chansey|Chansey, F|311\/642
|move|p2a: Mandibuzz|Roost|p2a: Mandibuzz
|-heal|p2a: Mandibuzz|383\/424
|
|-heal|p2a: Mandibuzz|409\/424|[from] item: Leftovers
|turn|54
|
|switch|p1a: Chesnaught|Chesnaught, M|312\/318
|move|p2a: Mandibuzz|Taunt|p1a: Chesnaught
|-start|p1a: Chesnaught|move: Taunt
|
|-heal|p1a: Chesnaught|318\/318|[from] item: Leftovers
|-heal|p2a: Mandibuzz|424\/424|[from] item: Leftovers
|turn|55
|
|switch|p1a: Chansey|Chansey, F|311\/642
|move|p2a: Mandibuzz|Foul Play|p1a: Chansey
|-damage|p1a: Chansey|302\/642
|
|turn|56
|
|move|p2a: Mandibuzz|Taunt|p1a: Chansey
|-start|p1a: Chansey|move: Taunt
|cant|p1a: Chansey|move: Taunt|Soft-Boiled
|
|turn|57
|
|switch|p1a: Chesnaught|Chesnaught, M|318\/318
|move|p2a: Mandibuzz|Foul Play|p1a: Chesnaught
|-resisted|p1a: Chesnaught
|-damage|p1a: Chesnaught|249\/318
|
|-heal|p1a: Chesnaught|268\/318|[from] item: Leftovers
|turn|58
|
|move|p1a: Chesnaught|Drain Punch|p2a: Mandibuzz
|-damage|p2a: Mandibuzz|330\/424
|-heal|p1a: Chesnaught|315\/318|[from] drain|[of] p2a: Mandibuzz
|move|p2a: Mandibuzz|Taunt|p1a: Chesnaught
|-start|p1a: Chesnaught|move: Taunt
|
|-heal|p1a: Chesnaught|318\/318|[from] item: Leftovers
|-heal|p2a: Mandibuzz|356\/424|[from] item: Leftovers
|turn|59
|
|switch|p1a: Chansey|Chansey, F|302\/642
|move|p2a: Mandibuzz|Roost|p2a: Mandibuzz
|-heal|p2a: Mandibuzz|424\/424
|
|turn|60
|
|move|p2a: Mandibuzz|Taunt|p1a: Chansey
|-start|p1a: Chansey|move: Taunt
|move|p1a: Chansey|Seismic Toss|p2a: Mandibuzz
|-damage|p2a: Mandibuzz|324\/424
|
|-heal|p2a: Mandibuzz|350\/424|[from] item: Leftovers
|turn|61
|
|move|p2a: Mandibuzz|Foul Play|p1a: Chansey
|-damage|p1a: Chansey|293\/642
|move|p1a: Chansey|Seismic Toss|p2a: Mandibuzz
|-damage|p2a: Mandibuzz|250\/424
|
|-heal|p2a: Mandibuzz|276\/424|[from] item: Leftovers
|turn|62
|
|move|p2a: Mandibuzz|Foul Play|p1a: Chansey
|-damage|p1a: Chansey|284\/642
|move|p1a: Chansey|Seismic Toss|p2a: Mandibuzz
|-damage|p2a: Mandibuzz|176\/424
|
|-heal|p2a: Mandibuzz|202\/424|[from] item: Leftovers
|-end|p1a: Chansey|move: Taunt
|turn|63
|
|move|p2a: Mandibuzz|Taunt|p1a: Chansey
|-start|p1a: Chansey|move: Taunt
|cant|p1a: Chansey|move: Taunt|Thunder Wave
|
|-heal|p2a: Mandibuzz|228\/424|[from] item: Leftovers
|turn|64
|
|switch|p1a: Chesnaught|Chesnaught, M|318\/318
|move|p2a: Mandibuzz|Foul Play|p1a: Chesnaught
|-resisted|p1a: Chesnaught
|-damage|p1a: Chesnaught|254\/318
|
|-heal|p1a: Chesnaught|273\/318|[from] item: Leftovers
|-heal|p2a: Mandibuzz|254\/424|[from] item: Leftovers
|turn|65
|
|move|p1a: Chesnaught|Substitute|p1a: Chesnaught
|-start|p1a: Chesnaught|Substitute
|-damage|p1a: Chesnaught|194\/318
|move|p2a: Mandibuzz|Taunt|p1a: Chesnaught
|-start|p1a: Chesnaught|move: Taunt
|
|-heal|p1a: Chesnaught|213\/318|[from] item: Leftovers
|-heal|p2a: Mandibuzz|280\/424|[from] item: Leftovers
|turn|66
|
|switch|p1a: Chansey|Chansey, F|284\/642
|move|p2a: Mandibuzz|Foul Play|p1a: Chansey
|-damage|p1a: Chansey|277\/642
|
|-heal|p2a: Mandibuzz|306\/424|[from] item: Leftovers
|turn|67
|
|switch|p1a: Chesnaught|Chesnaught, M|213\/318
|move|p2a: Mandibuzz|Taunt|p1a: Chesnaught
|-start|p1a: Chesnaught|move: Taunt
|
|-heal|p1a: Chesnaught|232\/318|[from] item: Leftovers
|-heal|p2a: Mandibuzz|332\/424|[from] item: Leftovers
|turn|68
|
|switch|p2a: Diggersby|Diggersby, M|58\/311
|move|p1a: Chesnaught|Wood Hammer|p2a: Diggersby
|-supereffective|p2a: Diggersby
|-damage|p2a: Diggersby|0 fnt
|-damage|p1a: Chesnaught|213\/318|[from] recoil|[of] p2a: Diggersby
|faint|p2a: Diggersby
|
|-heal|p1a: Chesnaught|232\/318|[from] item: Leftovers
|c|âJT-IA|gg
|c|âWith No Survivors|gg
|-message|JT-IA forfeited.
|
|win|With No Survivors
|raw|Ladder updating...
|raw|With No Survivors's rating: 1361 &rarr; <strong>1382<\/strong><br \/>(+21 for winning)
|raw|JT-IA's rating: 1378 &rarr; <strong>1357<\/strong><br \/>(-21 for losing)
|leave|JT-IA
|player|p2