|join|ChampXmaster
|join|With No Survivors
|player|p1|ChampXmaster|256
|player|p2|With No Survivors|248
|gametype|singles
|gen|6
|tier|OU (suspect test)
|rated
|clearpoke
|poke|p1|Gallade, M
|poke|p1|Thundurus, M
|poke|p1|Landorus, M
|poke|p1|Azumarill, M
|poke|p1|Klefki, F
|poke|p1|Kyurem-Black
|poke|p2|Sceptile, M
|poke|p2|Rotom-Wash
|poke|p2|Skarmory, M
|poke|p2|Magnezone
|poke|p2|Latios, M
|poke|p2|Chansey, F
|rule|Swagger Clause: Swagger is banned
|rule|Baton Pass Clause: Limit one PokÃ©mon knowing Baton Pass
|rule|Sleep Clause Mod: Limit one foe put to sleep
|rule|Species Clause: Limit one of each PokÃ©mon
|rule|OHKO Clause: OHKO moves are banned
|rule|Moody Clause: Moody is banned
|rule|Evasion Moves Clause: Evasion moves are banned
|rule|Endless Battle Clause: Forcing endless battles is banned
|rule|HP Percentage Mod: HP is shown in percentages
|teampreview
|
|start
|switch|p1a: Klefki|Klefki, F|317\/317
|switch|p2a: Magnezone|Magnezone|282\/282
|turn|1
|
|move|p1a: Klefki|Light Screen|p1a: Klefki
|-sidestart|p1: ChampXmaster|move: Light Screen
|move|p2a: Magnezone|Hidden Power|p1a: Klefki
|-supereffective|p1a: Klefki
|-damage|p1a: Klefki|241\/317
|
|turn|2
|
|move|p1a: Klefki|Reflect|p1a: Klefki
|-sidestart|p1: ChampXmaster|Reflect
|move|p2a: Magnezone|Hidden Power|p1a: Klefki
|-supereffective|p1a: Klefki
|-damage|p1a: Klefki|165\/317
|
|turn|3
|
|move|p2a: Magnezone|Hidden Power|p1a: Klefki
|-supereffective|p1a: Klefki
|-damage|p1a: Klefki|85\/317
|move|p1a: Klefki|Foul Play|p2a: Magnezone
|-damage|p2a: Magnezone|239\/282
|
|turn|4
|
|move|p2a: Magnezone|Hidden Power|p1a: Klefki
|-supereffective|p1a: Klefki
|-damage|p1a: Klefki|12\/317
|move|p1a: Klefki|Foul Play|p2a: Magnezone
|-damage|p2a: Magnezone|192\/282
|
|turn|5
|
|move|p1a: Klefki|Fairy Lock|p1a: Klefki
|-activate|Battle: oususpecttest|move: Fairy Lock
|move|p2a: Magnezone|Hidden Power|p1a: Klefki
|-supereffective|p1a: Klefki
|-damage|p1a: Klefki|0 fnt
|faint|p1a: Klefki
|
|
|switch|p1a: Kyurem-Black|Kyurem-Black|404\/404
|-ability|p1a: Kyurem-Black|Teravolt
|turn|6
|
|move|p2a: Magnezone|Hidden Power|p1a: Kyurem-Black
|-damage|p1a: Kyurem-Black|365\/404
|move|p1a: Kyurem-Black|Earth Power|p2a: Magnezone
|-supereffective|p2a: Magnezone
|-damage|p2a: Magnezone|0 fnt
|faint|p2a: Magnezone
|
|-heal|p1a: Kyurem-Black|390\/404|[from] item: Leftovers
|
|switch|p2a: Sceptile|Sceptile, M|281\/281
|turn|7
|
|detailschange|p2a: Sceptile|Sceptile-Mega, M
|-mega|p2a: Sceptile|Sceptile|Sceptilite
|move|p2a: Sceptile|Substitute|p2a: Sceptile
|-start|p2a: Sceptile|Substitute
|-damage|p2a: Sceptile|211\/281
|move|p1a: Kyurem-Black|Ice Beam|p2a: Sceptile
|-supereffective|p2a: Sceptile
|-end|p2a: Sceptile|Substitute
|
|-heal|p1a: Kyurem-Black|404\/404|[from] item: Leftovers
|turn|8
|
|switch|p2a: Chansey|Chansey, F|704\/704
|move|p1a: Kyurem-Black|Ice Beam|p2a: Chansey
|-damage|p2a: Chansey|593\/704
|
|-sideend|p1: ChampXmaster|move: Light Screen
|turn|9
|
|move|p1a: Kyurem-Black|Fusion Bolt|p2a: Chansey
|-damage|p2a: Chansey|421\/704
|move|p2a: Chansey|Seismic Toss|p1a: Kyurem-Black
|-damage|p1a: Kyurem-Black|304\/404
|
|-heal|p1a: Kyurem-Black|329\/404|[from] item: Leftovers
|-sideend|p1: ChampXmaster|Reflect
|turn|10
|
|move|p1a: Kyurem-Black|Fusion Bolt|p2a: Chansey
|-damage|p2a: Chansey|262\/704
|move|p2a: Chansey|Thunder Wave|p1a: Kyurem-Black
|-status|p1a: Kyurem-Black|par
|
|-heal|p1a: Kyurem-Black|354\/404 par|[from] item: Leftovers
|turn|11
|
|move|p2a: Chansey|Soft-Boiled|p2a: Chansey
|-heal|p2a: Chansey|614\/704
|move|p1a: Kyurem-Black|Fusion Bolt|p2a: Chansey
|-damage|p2a: Chansey|448\/704
|
|-heal|p1a: Kyurem-Black|379\/404 par|[from] item: Leftovers
|turn|12
|
|move|p2a: Chansey|Soft-Boiled|p2a: Chansey
|-heal|p2a: Chansey|704\/704
|move|p1a: Kyurem-Black|Fusion Bolt|p2a: Chansey
|-damage|p2a: Chansey|545\/704
|
|-heal|p1a: Kyurem-Black|404\/404 par|[from] item: Leftovers
|turn|13
|
|switch|p2a: Sceptile|Sceptile-Mega, M|211\/281
|move|p1a: Kyurem-Black|Fusion Bolt|p2a: Sceptile
|-resisted|p2a: Sceptile
|-damage|p2a: Sceptile|172\/281
|
|turn|14
|
|move|p2a: Sceptile|Substitute|p2a: Sceptile
|-start|p2a: Sceptile|Substitute
|-damage|p2a: Sceptile|102\/281
|cant|p1a: Kyurem-Black|par
|
|turn|15
|
|move|p2a: Sceptile|Dragon Pulse|p1a: Kyurem-Black
|-supereffective|p1a: Kyurem-Black
|-damage|p1a: Kyurem-Black|48\/404 par
|cant|p1a: Kyurem-Black|par
|
|-heal|p1a: Kyurem-Black|73\/404 par|[from] item: Leftovers
|turn|16
|c|âChampXmaster|wow
|
|move|p2a: Sceptile|Dragon Pulse|p1a: Kyurem-Black
|-supereffective|p1a: Kyurem-Black
|-damage|p1a: Kyurem-Black|0 fnt
|faint|p1a: Kyurem-Black
|
|
|switch|p1a: Thundurus|Thundurus, M|299\/299
|turn|17
|
|move|p2a: Sceptile|Dragon Pulse|p1a: Thundurus
|-damage|p1a: Thundurus|116\/299
|move|p1a: Thundurus|Psychic|p2a: Sceptile
|-end|p2a: Sceptile|Substitute
|-damage|p1a: Thundurus|87\/299|[from] item: Life Orb
|
|turn|18
|
|move|p2a: Sceptile|Dragon Pulse|p1a: Thundurus
|-damage|p1a: Thundurus|0 fnt
|faint|p1a: Thundurus
|
|
|switch|p1a: Landorus|Landorus, M|319\/319
|turn|19
|
|switch|p2a: Chansey|Chansey, F|545\/704
|move|p1a: Landorus|U-turn|p2a: Chansey
|-damage|p2a: Chansey|440\/704
|
|switch|p1a: Gallade|Gallade, M|277\/277
|
|turn|20
|
|switch|p2a: Skarmory|Skarmory, M|334\/334
|detailschange|p1a: Gallade|Gallade-Mega, M
|-mega|p1a: Gallade|Gallade|Galladite
|move|p1a: Gallade|Close Combat|p2a: Skarmory
|-damage|p2a: Skarmory|180\/334
|-damage|p1a: Gallade|231\/277|[from] item: Rocky Helmet|[of] p2a: Skarmory
|-unboost|p1a: Gallade|def|1
|-unboost|p1a: Gallade|spd|1
|
|turn|21
|
|move|p1a: Gallade|Knock Off|p2a: Skarmory
|-damage|p2a: Skarmory|102\/334
|-damage|p1a: Gallade|185\/277|[from] item: Rocky Helmet|[of] p2a: Skarmory
|-enditem|p2a: Skarmory|Rocky Helmet|[from] move: Knock Off|[of] p1a: Gallade
|move|p2a: Skarmory|Roost|p2a: Skarmory
|-heal|p2a: Skarmory|269\/334
|
|turn|22
|
|move|p1a: Gallade|Swords Dance|p1a: Gallade
|-boost|p1a: Gallade|atk|2
|move|p2a: Skarmory|Iron Head|p1a: Gallade
|-damage|p1a: Gallade|53\/277
|
|turn|23
|
|move|p1a: Gallade|Close Combat|p2a: Skarmory
|-damage|p2a: Skarmory|0 fnt
|-unboost|p1a: Gallade|def|1
|-unboost|p1a: Gallade|spd|1
|faint|p2a: Skarmory
|
|
|switch|p2a: Latios|Latios, M|302\/302
|turn|24
|
|move|p2a: Latios|Psyshock|p1a: Gallade
|-damage|p1a: Gallade|0 fnt
|faint|p1a: Gallade
|
|
|switch|p1a: Azumarill|Azumarill, M|356\/356
|turn|25
|
|switch|p2a: Rotom-Wash|Rotom-Wash|304\/304
|move|p1a: Azumarill|Belly Drum|p1a: Azumarill
|-damage|p1a: Azumarill|178\/356
|-setboost|p1a: Azumarill|atk|6|[from] move: Belly Drum
|-enditem|p1a: Azumarill|Sitrus Berry|[eat]
|-heal|p1a: Azumarill|267\/356|[from] item: Sitrus Berry
|
|turn|26
|
|move|p2a: Rotom-Wash|Volt Switch|p1a: Azumarill
|-supereffective|p1a: Azumarill
|-damage|p1a: Azumarill|45\/356
|
|switch|p2a: Chansey|Chansey, F|440\/704
|move|p1a: Azumarill|Play Rough|p2a: Chansey
|-damage|p2a: Chansey|0 fnt
|faint|p2a: Chansey
|
|
|switch|p2a: Latios|Latios, M|302\/302
|turn|27
|
|move|p1a: Azumarill|Aqua Jet|p2a: Latios
|-crit|p2a: Latios
|-resisted|p2a: Latios
|-damage|p2a: Latios|16\/302
|move|p2a: Latios|Psyshock|p1a: Azumarill
|-damage|p1a: Azumarill|0 fnt
|faint|p1a: Azumarill
|
|
|switch|p1a: Landorus|Landorus, M|319\/319
|turn|28
|
|move|p2a: Latios|Psyshock|p1a: Landorus
|-damage|p1a: Landorus|171\/319
|move|p1a: Landorus|U-turn|p2a: Latios
|-supereffective|p2a: Latios
|-damage|p2a: Latios|0 fnt
|faint|p2a: Latios
|
|
|switch|p2a: Rotom-Wash|Rotom-Wash|304\/304
|turn|29
|
|move|p1a: Landorus|U-turn|p2a: Rotom-Wash
|-damage|p2a: Rotom-Wash|227\/304
|move|p2a: Rotom-Wash|Hydro Pump|p1a: Landorus
|-supereffective|p1a: Landorus
|-damage|p1a: Landorus|0 fnt
|faint|p1a: Landorus
|
|win|With No Survivors
|raw|Ladder updating...
|raw|ChampXmaster's rating: 1172 &rarr; <strong>1153<\/strong><br \/>(-19 for losing)
|raw|With No Survivors's rating: 1263 &rarr; <strong>1281<\/strong><br \/>(+18 for winning)
|c|âWith No Survivors|gg
|c|âChampXmaster|gg
|leave|ChampXmaster
|player|p1