|join|WobbleCake
|join|With No Survivors
|player|p1|WobbleCake|265
|player|p2|With No Survivors|248
|gametype|singles
|gen|6
|tier|OU (suspect test)
|rated
|clearpoke
|poke|p1|Bisharp, F
|poke|p1|Landorus-Therian, M
|poke|p1|Rotom-Wash
|poke|p1|Conkeldurr, M
|poke|p1|Latias, F
|poke|p1|Gyarados, M
|poke|p2|Charizard, F
|poke|p2|Tyranitar, F
|poke|p2|Excadrill, F
|poke|p2|Chesnaught, F
|poke|p2|Slowbro, F
|poke|p2|Chansey, F
|rule|Swagger Clause: Swagger is banned
|rule|Baton Pass Clause: Limit one PokÃ©mon knowing Baton Pass
|rule|Sleep Clause Mod: Limit one foe put to sleep
|rule|Species Clause: Limit one of each PokÃ©mon
|rule|OHKO Clause: OHKO moves are banned
|rule|Moody Clause: Moody is banned
|rule|Evasion Moves Clause: Evasion moves are banned
|rule|Endless Battle Clause: Forcing endless battles is banned
|rule|HP Percentage Mod: HP is shown in percentages
|teampreview
|
|start
|switch|p1a: Conkeldurr|Conkeldurr, M|414\/414
|switch|p2a: Chesnaught|Chesnaught, F|318\/318
|turn|1
|
|move|p2a: Chesnaught|Wood Hammer|p1a: Conkeldurr
|-damage|p1a: Conkeldurr|198\/414
|-damage|p2a: Chesnaught|247\/318|[from] recoil|[of] p1a: Conkeldurr
|move|p1a: Conkeldurr|Ice Punch|p2a: Chesnaught
|-supereffective|p2a: Chesnaught
|-damage|p2a: Chesnaught|109\/318
|-status|p2a: Chesnaught|frz
|
|-heal|p2a: Chesnaught|128\/318 frz|[from] item: Leftovers
|turn|2
|
|switch|p2a: Charizard|Charizard, F|297\/297
|move|p1a: Conkeldurr|Drain Punch|p2a: Charizard
|-resisted|p2a: Charizard
|-damage|p2a: Charizard|211\/297
|-heal|p1a: Conkeldurr|241\/414|[from] drain|[of] p2a: Charizard
|
|turn|3
|
|detailschange|p2a: Charizard|Charizard-Mega-Y, F
|-mega|p2a: Charizard|Charizard|Charizardite Y
|-weather|SunnyDay
|move|p2a: Charizard|Fire Blast|p1a: Conkeldurr
|-damage|p1a: Conkeldurr|0 fnt
|faint|p1a: Conkeldurr
|
|-weather|SunnyDay|[upkeep]
|
|switch|p1a: Bisharp|Bisharp, F|272\/272
|turn|4
|
|move|p1a: Bisharp|Sucker Punch|p2a: Charizard
|-fail|p2a: Charizard
|move|p2a: Charizard|Roost|p2a: Charizard
|-heal|p2a: Charizard|297\/297
|
|-weather|SunnyDay|[upkeep]
|turn|5
|
|move|p1a: Bisharp|Sucker Punch|p2a: Charizard
|-damage|p2a: Charizard|107\/297
|move|p2a: Charizard|Fire Blast|p1a: Bisharp|[miss]
|-miss|p2a: Charizard|p1a: Bisharp
|
|-weather|SunnyDay|[upkeep]
|turn|6
|
|switch|p1a: Latias|Latias, F|319\/319
|move|p2a: Charizard|Fire Blast|p1a: Latias
|-resisted|p1a: Latias
|-damage|p1a: Latias|182\/319
|
|-weather|SunnyDay|[upkeep]
|turn|7
|
|switch|p2a: Chansey|Chansey, F|642\/642
|move|p1a: Latias|Draco Meteor|p2a: Chansey
|-damage|p2a: Chansey|508\/642
|-unboost|p1a: Latias|spa|2
|-damage|p1a: Latias|151\/319|[from] item: Life Orb
|
|-weather|none
|turn|8
|
|move|p1a: Latias|Roost|p1a: Latias
|-heal|p1a: Latias|311\/319
|move|p2a: Chansey|Aromatherapy|p2a: Chansey
|-cureteam|p2a: Chansey|[from] move: Aromatherapy
|
|turn|9
|
|switch|p1a: Gyarados|Gyarados, M|331\/331
|-ability|p1a: Gyarados|Intimidate|[of] p2a: Chansey
|-unboost|p2a: Chansey|atk|1
|move|p2a: Chansey|Thunder Wave|p1a: Gyarados
|-status|p1a: Gyarados|par
|
|turn|10
|
|switch|p2a: Chesnaught|Chesnaught, F|128\/318
|move|p1a: Gyarados|Dragon Dance|p1a: Gyarados
|-boost|p1a: Gyarados|atk|1
|-boost|p1a: Gyarados|spe|1
|
|-heal|p2a: Chesnaught|147\/318|[from] item: Leftovers
|turn|11
|
|move|p2a: Chesnaught|Synthesis|p2a: Chesnaught
|-heal|p2a: Chesnaught|306\/318
|move|p1a: Gyarados|Ice Fang|p2a: Chesnaught
|-supereffective|p2a: Chesnaught
|-damage|p2a: Chesnaught|84\/318
|
|-heal|p2a: Chesnaught|103\/318|[from] item: Leftovers
|turn|12
|
|switch|p2a: Slowbro|Slowbro, F|394\/394
|move|p1a: Gyarados|Dragon Dance|p1a: Gyarados
|-boost|p1a: Gyarados|atk|1
|-boost|p1a: Gyarados|spe|1
|
|turn|13
|
|move|p1a: Gyarados|Dragon Dance|p1a: Gyarados
|-boost|p1a: Gyarados|atk|1
|-boost|p1a: Gyarados|spe|1
|move|p2a: Slowbro|Psyshock|p1a: Gyarados
|-damage|p1a: Gyarados|165\/331 par
|
|turn|14
|
|switch|p2a: Tyranitar|Tyranitar, F|404\/404
|-weather|Sandstorm
|detailschange|p1a: Gyarados|Gyarados-Mega, M
|-mega|p1a: Gyarados|Gyarados|Gyaradosite
|-ability|p1a: Gyarados|Mold Breaker
|move|p1a: Gyarados|Earthquake|p2a: Tyranitar
|-supereffective|p2a: Tyranitar
|-damage|p2a: Tyranitar|0 fnt
|faint|p2a: Tyranitar
|
|-weather|Sandstorm|[upkeep]
|-damage|p1a: Gyarados|145\/331 par|[from] sandstorm
|
|switch|p2a: Excadrill|Excadrill, F|362\/362
|turn|15
|
|move|p2a: Excadrill|Earthquake|p1a: Gyarados
|-damage|p1a: Gyarados|0 fnt
|faint|p1a: Gyarados
|
|-weather|Sandstorm|[upkeep]
|
|switch|p1a: Rotom-Wash|Rotom-Wash|304\/304
|turn|16
|
|switch|p2a: Chansey|Chansey, F|508\/642
|move|p1a: Rotom-Wash|Will-O-Wisp|p2a: Chansey
|-status|p2a: Chansey|brn
|
|-weather|Sandstorm|[upkeep]
|-damage|p1a: Rotom-Wash|285\/304|[from] sandstorm
|-damage|p2a: Chansey|468\/642 brn|[from] sandstorm
|-heal|p1a: Rotom-Wash|304\/304|[from] item: Leftovers
|-damage|p2a: Chansey|388\/642 brn|[from] brn
|turn|17
|
|move|p1a: Rotom-Wash|Volt Switch|p2a: Chansey
|-damage|p2a: Chansey|342\/642 brn
|
|switch|p1a: Landorus-Therian|Landorus-Therian, M|382\/382
|-ability|p1a: Landorus-Therian|Intimidate|[of] p2a: Chansey
|-unboost|p2a: Chansey|atk|1
|move|p2a: Chansey|Thunder Wave|p1a: Landorus-Therian
|-immune|p1a: Landorus-Therian|[msg]
|
|-weather|Sandstorm|[upkeep]
|-damage|p2a: Chansey|302\/642 brn|[from] sandstorm
|-damage|p2a: Chansey|222\/642 brn|[from] brn
|turn|18
|
|move|p1a: Landorus-Therian|Stealth Rock|p2a: Chansey
|-sidestart|p2: With No Survivors|move: Stealth Rock
|move|p2a: Chansey|Soft-Boiled|p2a: Chansey
|-heal|p2a: Chansey|543\/642 brn
|
|-weather|none
|-damage|p2a: Chansey|463\/642 brn|[from] brn
|turn|19
|
|move|p1a: Landorus-Therian|Earthquake|p2a: Chansey
|-damage|p2a: Chansey|255\/642 brn
|move|p2a: Chansey|Soft-Boiled|p2a: Chansey
|-heal|p2a: Chansey|576\/642 brn
|
|-damage|p2a: Chansey|496\/642 brn|[from] brn
|turn|20
|
|switch|p1a: Bisharp|Bisharp, F|272\/272
|move|p2a: Chansey|Soft-Boiled|p2a: Chansey
|-heal|p2a: Chansey|642\/642 brn
|
|-damage|p2a: Chansey|562\/642 brn|[from] brn
|turn|21
|
|move|p1a: Bisharp|Knock Off|p2a: Chansey
|-damage|p2a: Chansey|309\/642 brn
|-enditem|p2a: Chansey|Eviolite|[from] move: Knock Off|[of] p1a: Bisharp
|move|p2a: Chansey|Thunder Wave|p1a: Bisharp
|-status|p1a: Bisharp|par
|
|-damage|p2a: Chansey|229\/642 brn|[from] brn
|turn|22
|
|move|p2a: Chansey|Seismic Toss|p1a: Bisharp
|-damage|p1a: Bisharp|172\/272 par
|cant|p1a: Bisharp|par
|
|-damage|p2a: Chansey|149\/642 brn|[from] brn
|turn|23
|
|cant|p1a: Bisharp|par
|move|p2a: Chansey|Soft-Boiled|p2a: Chansey
|-heal|p2a: Chansey|470\/642 brn
|
|-damage|p2a: Chansey|390\/642 brn|[from] brn
|turn|24
|
|switch|p2a: Excadrill|Excadrill, F|362\/362
|-damage|p2a: Excadrill|351\/362|[from] Stealth Rock
|cant|p1a: Bisharp|par
|
|turn|25
|
|switch|p1a: Landorus-Therian|Landorus-Therian, M|382\/382
|-ability|p1a: Landorus-Therian|Intimidate|[of] p2a: Excadrill
|-unboost|p2a: Excadrill|atk|1
|move|p2a: Excadrill|Rapid Spin|p1a: Landorus-Therian
|-damage|p1a: Landorus-Therian|369\/382
|-sideend|p2: With No Survivors|Stealth Rock|[from] move: Rapid Spin|[of] p2a: Excadrill
|
|-heal|p1a: Landorus-Therian|382\/382|[from] item: Leftovers
|turn|26
|
|switch|p2a: Charizard|Charizard-Mega-Y, F|107\/297
|-weather|SunnyDay
|move|p1a: Landorus-Therian|Stealth Rock|p2a: Charizard
|-sidestart|p2: With No Survivors|move: Stealth Rock
|
|-weather|SunnyDay|[upkeep]
|turn|27
|
|switch|p1a: Latias|Latias, F|311\/319
|move|p2a: Charizard|Roost|p2a: Charizard
|-heal|p2a: Charizard|256\/297
|
|-weather|SunnyDay|[upkeep]
|turn|28
|
|switch|p2a: Excadrill|Excadrill, F|351\/362
|-damage|p2a: Excadrill|340\/362|[from] Stealth Rock
|move|p1a: Latias|Draco Meteor|p2a: Excadrill
|-crit|p2a: Excadrill
|-resisted|p2a: Excadrill
|-damage|p2a: Excadrill|161\/362
|-unboost|p1a: Latias|spa|2
|-damage|p1a: Latias|280\/319|[from] item: Life Orb
|
|-weather|SunnyDay|[upkeep]
|turn|29
|
|move|p1a: Latias|Hidden Power|p2a: Excadrill
|-supereffective|p2a: Excadrill
|-damage|p2a: Excadrill|44\/362
|-damage|p1a: Latias|249\/319|[from] item: Life Orb
|move|p2a: Excadrill|Rapid Spin|p1a: Latias
|-damage|p1a: Latias|219\/319
|-sideend|p2: With No Survivors|Stealth Rock|[from] move: Rapid Spin|[of] p2a: Excadrill
|
|-weather|SunnyDay|[upkeep]
|turn|30
|
|switch|p2a: Chansey|Chansey, F|390\/642
|move|p1a: Latias|Roost|p1a: Latias
|-heal|p1a: Latias|319\/319
|
|-weather|none
|turn|31
|
|switch|p1a: Rotom-Wash|Rotom-Wash|304\/304
|switch|p2a: Charizard|Charizard-Mega-Y, F|256\/297
|-weather|SunnyDay
|
|-weather|SunnyDay|[upkeep]
|turn|32
|
|switch|p1a: Latias|Latias, F|319\/319
|move|p2a: Charizard|Solar Beam|p1a: Latias|[still]
|-prepare|p2a: Charizard|Solar Beam|p1a: Latias
|-anim|p2a: Charizard|Solar Beam|p1a: Latias
|-resisted|p1a: Latias
|-damage|p1a: Latias|255\/319
|
|-weather|SunnyDay|[upkeep]
|turn|33
|
|switch|p2a: Slowbro|Slowbro, F|394\/394
|move|p1a: Latias|Draco Meteor|p2a: Slowbro
|-damage|p2a: Slowbro|98\/394
|-unboost|p1a: Latias|spa|2
|-damage|p1a: Latias|224\/319|[from] item: Life Orb
|
|-weather|SunnyDay|[upkeep]
|turn|34
|
|switch|p2a: Chansey|Chansey, F|390\/642
|move|p1a: Latias|Draco Meteor|p2a: Chansey
|-damage|p2a: Chansey|287\/642
|-unboost|p1a: Latias|spa|2
|-damage|p1a: Latias|193\/319|[from] item: Life Orb
|
|-weather|SunnyDay|[upkeep]
|turn|35
|
|switch|p1a: Rotom-Wash|Rotom-Wash|304\/304
|move|p2a: Chansey|Soft-Boiled|p2a: Chansey
|-heal|p2a: Chansey|608\/642
|
|-weather|none
|turn|36
|
|move|p1a: Rotom-Wash|Hydro Pump|p2a: Chansey|[miss]
|-miss|p1a: Rotom-Wash|p2a: Chansey
|move|p2a: Chansey|Seismic Toss|p1a: Rotom-Wash
|-damage|p1a: Rotom-Wash|204\/304
|
|-heal|p1a: Rotom-Wash|223\/304|[from] item: Leftovers
|turn|37
|
|switch|p2a: Charizard|Charizard-Mega-Y, F|256\/297
|-weather|SunnyDay
|move|p1a: Rotom-Wash|Will-O-Wisp|p2a: Charizard
|-fail|p2a: Charizard
|
|-weather|SunnyDay|[upkeep]
|-heal|p1a: Rotom-Wash|242\/304|[from] item: Leftovers
|turn|38
|
|switch|p1a: Latias|Latias, F|193\/319
|move|p2a: Charizard|Solar Beam|p1a: Latias|[still]
|-prepare|p2a: Charizard|Solar Beam|p1a: Latias
|-anim|p2a: Charizard|Solar Beam|p1a: Latias
|-resisted|p1a: Latias
|-damage|p1a: Latias|131\/319
|
|-weather|SunnyDay|[upkeep]
|turn|39
|
|move|p1a: Latias|Draco Meteor|p2a: Charizard
|-damage|p2a: Charizard|10\/297
|-unboost|p1a: Latias|spa|2
|-damage|p1a: Latias|100\/319|[from] item: Life Orb
|move|p2a: Charizard|Fire Blast|p1a: Latias
|-resisted|p1a: Latias
|-damage|p1a: Latias|0 fnt
|faint|p1a: Latias
|
|-weather|SunnyDay|[upkeep]
|
|switch|p1a: Bisharp|Bisharp, F|172\/272 par
|turn|40
|
|move|p2a: Charizard|Roost|p2a: Charizard
|-heal|p2a: Charizard|159\/297
|cant|p1a: Bisharp|par
|
|-weather|SunnyDay|[upkeep]
|turn|41
|
|move|p2a: Charizard|Roost|p2a: Charizard
|-heal|p2a: Charizard|297\/297
|move|p1a: Bisharp|Knock Off|p2a: Charizard
|-damage|p2a: Charizard|141\/297
|
|-weather|none
|turn|42
|
|switch|p1a: Rotom-Wash|Rotom-Wash|242\/304
|move|p2a: Charizard|Roost|p2a: Charizard
|-heal|p2a: Charizard|290\/297
|
|-heal|p1a: Rotom-Wash|261\/304|[from] item: Leftovers
|turn|43
|
|switch|p2a: Excadrill|Excadrill, F|44\/362
|move|p1a: Rotom-Wash|Volt Switch|p2a: Excadrill
|-immune|p2a: Excadrill|[msg]
|
|-heal|p1a: Rotom-Wash|280\/304|[from] item: Leftovers
|turn|44
|
|switch|p2a: Slowbro|Slowbro, F|229\/394
|move|p1a: Rotom-Wash|Hydro Pump|p2a: Slowbro
|-resisted|p2a: Slowbro
|-damage|p2a: Slowbro|150\/394
|
|-heal|p1a: Rotom-Wash|299\/304|[from] item: Leftovers
|turn|45
|
|switch|p2a: Excadrill|Excadrill, F|44\/362
|move|p1a: Rotom-Wash|Will-O-Wisp|p2a: Excadrill
|-status|p2a: Excadrill|brn
|
|-heal|p1a: Rotom-Wash|304\/304|[from] item: Leftovers
|-damage|p2a: Excadrill|0 fnt|[from] brn
|faint|p2a: Excadrill
|
|switch|p2a: Chesnaught|Chesnaught, F|103\/318
|turn|46
|
|switch|p1a: Landorus-Therian|Landorus-Therian, M|382\/382
|-ability|p1a: Landorus-Therian|Intimidate|[of] p2a: Chesnaught
|-unboost|p2a: Chesnaught|atk|1
|move|p2a: Chesnaught|Substitute|p2a: Chesnaught
|-start|p2a: Chesnaught|Substitute
|-damage|p2a: Chesnaught|24\/318
|
|-heal|p2a: Chesnaught|43\/318|[from] item: Leftovers
|turn|47
|
|move|p2a: Chesnaught|Synthesis|p2a: Chesnaught
|-heal|p2a: Chesnaught|202\/318
|move|p1a: Landorus-Therian|Stealth Rock|p2a: Chesnaught
|-sidestart|p2: With No Survivors|move: Stealth Rock
|
|-heal|p2a: Chesnaught|221\/318|[from] item: Leftovers
|turn|48
|
|move|p2a: Chesnaught|Synthesis|p2a: Chesnaught
|-heal|p2a: Chesnaught|318\/318
|move|p1a: Landorus-Therian|Earthquake|p2a: Chesnaught
|-resisted|p2a: Chesnaught
|-activate|p2a: Chesnaught|Substitute|[damage]
|
|turn|49
|
|move|p2a: Chesnaught|Wood Hammer|p1a: Landorus-Therian
|-damage|p1a: Landorus-Therian|273\/382
|-damage|p2a: Chesnaught|282\/318|[from] recoil|[of] p1a: Landorus-Therian
|move|p1a: Landorus-Therian|U-turn|p2a: Chesnaught
|-end|p2a: Chesnaught|Substitute
|
|switch|p1a: Bisharp|Bisharp, F|172\/272 par
|
|-heal|p2a: Chesnaught|301\/318|[from] item: Leftovers
|turn|50
|
|move|p2a: Chesnaught|Substitute|p2a: Chesnaught
|-start|p2a: Chesnaught|Substitute
|-damage|p2a: Chesnaught|222\/318
|move|p1a: Bisharp|Knock Off|p2a: Chesnaught
|-resisted|p2a: Chesnaught
|-end|p2a: Chesnaught|Substitute
|
|-heal|p2a: Chesnaught|241\/318|[from] item: Leftovers
|turn|51
|
|move|p2a: Chesnaught|Drain Punch|p1a: Bisharp
|-supereffective|p1a: Bisharp
|-damage|p1a: Bisharp|0 fnt
|-heal|p2a: Chesnaught|318\/318|[from] drain|[of] p1a: Bisharp
|faint|p1a: Bisharp
|
|
|switch|p1a: Rotom-Wash|Rotom-Wash|304\/304
|turn|52
|
|move|p2a: Chesnaught|Substitute|p2a: Chesnaught
|-start|p2a: Chesnaught|Substitute
|-damage|p2a: Chesnaught|239\/318
|move|p1a: Rotom-Wash|Will-O-Wisp|p2a: Chesnaught
|
|-heal|p2a: Chesnaught|258\/318|[from] item: Leftovers
|turn|53
|leave|WobbleCake
|player|p1
|-message|wobblecake lost due to inactivity.
|
|win|With No Survivors
|raw|Ladder updating...