|join|With No Survivors
|join|amazingsamay
|player|p1|With No Survivors|248
|player|p2|amazingsamay|87
|gametype|singles
|gen|6
|tier|OU (suspect test)
|rated
|clearpoke
|poke|p1|Charizard, F
|poke|p1|Tyranitar, M
|poke|p1|Excadrill, F
|poke|p1|Chesnaught, F
|poke|p1|Slowbro, M
|poke|p1|Chansey, F
|poke|p2|Excadrill, F
|poke|p2|Hippowdon, F
|poke|p2|Sceptile, M
|poke|p2|Tyranitar, M
|poke|p2|Landorus, M
|poke|p2|Haxorus, F
|rule|Swagger Clause: Swagger is banned
|rule|Baton Pass Clause: Limit one PokÃ©mon knowing Baton Pass
|rule|Sleep Clause Mod: Limit one foe put to sleep
|rule|Species Clause: Limit one of each PokÃ©mon
|rule|OHKO Clause: OHKO moves are banned
|rule|Moody Clause: Moody is banned
|rule|Evasion Moves Clause: Evasion moves are banned
|rule|Endless Battle Clause: Forcing endless battles is banned
|rule|HP Percentage Mod: HP is shown in percentages
|teampreview
|
|start
|switch|p1a: Charizard|Charizard, F|297\/297
|switch|p2a: Tyranitar|Tyranitar, M|404\/404
|-weather|Sandstorm
|turn|1
|
|switch|p1a: Chesnaught|Chesnaught, F|318\/318
|move|p2a: Tyranitar|Stealth Rock|p1a: Chesnaught
|-sidestart|p1: With No Survivors|move: Stealth Rock
|
|-weather|Sandstorm|[upkeep]
|-damage|p1a: Chesnaught|299\/318|[from] sandstorm
|-heal|p1a: Chesnaught|318\/318|[from] item: Leftovers
|turn|2
|
|move|p1a: Chesnaught|Drain Punch|p2a: Tyranitar
|-supereffective|p2a: Tyranitar
|-damage|p2a: Tyranitar|40\/404
|move|p2a: Tyranitar|Fire Blast|p1a: Chesnaught|[miss]
|-miss|p2a: Tyranitar|p1a: Chesnaught
|
|-weather|Sandstorm|[upkeep]
|-damage|p1a: Chesnaught|299\/318|[from] sandstorm
|-heal|p1a: Chesnaught|318\/318|[from] item: Leftovers
|turn|3
|
|switch|p2a: Haxorus|Haxorus, F|294\/294
|-ability|p2a: Haxorus|Mold Breaker
|move|p1a: Chesnaught|Wood Hammer|p2a: Haxorus
|-resisted|p2a: Haxorus
|-damage|p2a: Haxorus|192\/294
|-damage|p1a: Chesnaught|284\/318|[from] recoil|[of] p2a: Haxorus
|
|-weather|Sandstorm|[upkeep]
|-damage|p2a: Haxorus|174\/294|[from] sandstorm
|-damage|p1a: Chesnaught|265\/318|[from] sandstorm
|-heal|p1a: Chesnaught|284\/318|[from] item: Leftovers
|turn|4
|
|move|p2a: Haxorus|Poison Jab|p1a: Chesnaught
|-supereffective|p1a: Chesnaught
|-damage|p1a: Chesnaught|8\/318
|move|p1a: Chesnaught|Drain Punch|p2a: Haxorus
|-damage|p2a: Haxorus|24\/294
|-heal|p1a: Chesnaught|83\/318|[from] drain|[of] p2a: Haxorus
|
|-weather|Sandstorm|[upkeep]
|-damage|p2a: Haxorus|6\/294|[from] sandstorm
|-damage|p1a: Chesnaught|64\/318|[from] sandstorm
|-heal|p1a: Chesnaught|83\/318|[from] item: Leftovers
|turn|5
|
|switch|p2a: Excadrill|Excadrill, F|362\/362
|switch|p1a: Excadrill|Excadrill, F|362\/362
|-damage|p1a: Excadrill|351\/362|[from] Stealth Rock
|
|-weather|Sandstorm|[upkeep]
|turn|6
|
|switch|p1a: Slowbro|Slowbro, M|394\/394
|-damage|p1a: Slowbro|345\/394|[from] Stealth Rock
|move|p2a: Excadrill|Earthquake|p1a: Slowbro
|-damage|p1a: Slowbro|94\/394
|-damage|p2a: Excadrill|326\/362|[from] item: Life Orb
|
|-weather|Sandstorm|[upkeep]
|-damage|p1a: Slowbro|70\/394|[from] sandstorm
|turn|7
|
|move|p2a: Excadrill|X-Scissor|p1a: Slowbro
|-supereffective|p1a: Slowbro
|-damage|p1a: Slowbro|0 fnt
|-damage|p2a: Excadrill|266\/362|[from] item: Rocky Helmet|[of] p1a: Slowbro
|-damage|p2a: Excadrill|230\/362|[from] item: Life Orb
|faint|p1a: Slowbro
|
|-weather|Sandstorm|[upkeep]
|
|switch|p1a: Charizard|Charizard, F|297\/297
|-damage|p1a: Charizard|149\/297|[from] Stealth Rock
|turn|8
|
|detailschange|p1a: Charizard|Charizard-Mega-Y, F
|-mega|p1a: Charizard|Charizard|Charizardite Y
|-weather|SunnyDay
|move|p2a: Excadrill|Rock Slide|p1a: Charizard
|-supereffective|p1a: Charizard
|-damage|p1a: Charizard|0 fnt
|-damage|p2a: Excadrill|194\/362|[from] item: Life Orb
|faint|p1a: Charizard
|
|-weather|SunnyDay|[upkeep]
|
|switch|p1a: Chesnaught|Chesnaught, F|83\/318
|-damage|p1a: Chesnaught|64\/318|[from] Stealth Rock
|turn|9
|
|switch|p2a: Tyranitar|Tyranitar, M|40\/404
|-weather|Sandstorm
|move|p1a: Chesnaught|Synthesis|p1a: Chesnaught
|-heal|p1a: Chesnaught|143\/318
|
|-weather|Sandstorm|[upkeep]
|-damage|p1a: Chesnaught|124\/318|[from] sandstorm
|-heal|p1a: Chesnaught|143\/318|[from] item: Leftovers
|turn|10
|
|move|p1a: Chesnaught|Drain Punch|p2a: Tyranitar
|-supereffective|p2a: Tyranitar
|-damage|p2a: Tyranitar|0 fnt
|-heal|p1a: Chesnaught|163\/318|[from] drain|[of] p2a: Tyranitar
|faint|p2a: Tyranitar
|
|-weather|Sandstorm|[upkeep]
|-damage|p1a: Chesnaught|144\/318|[from] sandstorm
|-heal|p1a: Chesnaught|163\/318|[from] item: Leftovers
|
|switch|p2a: Haxorus|Haxorus, F|6\/294
|-ability|p2a: Haxorus|Mold Breaker
|turn|11
|
|switch|p1a: Excadrill|Excadrill, F|351\/362
|-damage|p1a: Excadrill|340\/362|[from] Stealth Rock
|move|p2a: Haxorus|Dragon Claw|p1a: Excadrill
|-resisted|p1a: Excadrill
|-damage|p1a: Excadrill|157\/362
|
|-weather|Sandstorm|[upkeep]
|-damage|p2a: Haxorus|0 fnt|[from] sandstorm
|faint|p2a: Haxorus
|
|switch|p2a: Excadrill|Excadrill, F|194\/362
|turn|12
|
|switch|p2a: Hippowdon|Hippowdon, F|420\/420
|move|p1a: Excadrill|Earthquake|p2a: Hippowdon
|-crit|p2a: Hippowdon
|-damage|p2a: Hippowdon|227\/420
|
|-weather|Sandstorm|[upkeep]
|turn|13
|
|switch|p1a: Chesnaught|Chesnaught, F|163\/318
|-damage|p1a: Chesnaught|144\/318|[from] Stealth Rock
|move|p2a: Hippowdon|Whirlwind|p1a: Chesnaught
|drag|p1a: Excadrill|Excadrill, F|157\/362
|-damage|p1a: Excadrill|146\/362|[from] Stealth Rock
|
|-weather|Sandstorm|[upkeep]
|turn|14
|
|switch|p1a: Chesnaught|Chesnaught, F|144\/318
|-damage|p1a: Chesnaught|125\/318|[from] Stealth Rock
|move|p2a: Hippowdon|Earthquake|p1a: Chesnaught
|-resisted|p1a: Chesnaught
|-damage|p1a: Chesnaught|68\/318
|
|-weather|Sandstorm|[upkeep]
|-damage|p1a: Chesnaught|49\/318|[from] sandstorm
|-heal|p1a: Chesnaught|68\/318|[from] item: Leftovers
|turn|15
|
|switch|p2a: Landorus|Landorus, M|319\/319
|move|p1a: Chesnaught|Synthesis|p1a: Chesnaught
|-heal|p1a: Chesnaught|147\/318
|
|-weather|Sandstorm|[upkeep]
|-damage|p1a: Chesnaught|128\/318|[from] sandstorm
|-heal|p1a: Chesnaught|147\/318|[from] item: Leftovers
|turn|16
|
|switch|p1a: Chansey|Chansey, F|642\/642
|-damage|p1a: Chansey|562\/642|[from] Stealth Rock
|move|p2a: Landorus|Earthquake|p1a: Chansey
|-damage|p1a: Chansey|176\/642
|-damage|p2a: Landorus|288\/319|[from] item: Life Orb
|
|-weather|none
|turn|17
|
|move|p2a: Landorus|Earthquake|p1a: Chansey
|-damage|p1a: Chansey|0 fnt
|-damage|p2a: Landorus|257\/319|[from] item: Life Orb
|faint|p1a: Chansey
|
|
|switch|p1a: Chesnaught|Chesnaught, F|147\/318
|-damage|p1a: Chesnaught|128\/318|[from] Stealth Rock
|turn|18
|
|move|p2a: Landorus|Knock Off|p1a: Chesnaught
|-resisted|p1a: Chesnaught
|-damage|p1a: Chesnaught|71\/318
|-enditem|p1a: Chesnaught|Leftovers|[from] move: Knock Off|[of] p2a: Landorus
|-damage|p2a: Landorus|226\/319|[from] item: Life Orb
|move|p1a: Chesnaught|Synthesis|p1a: Chesnaught
|-heal|p1a: Chesnaught|230\/318
|
|turn|19
|
|switch|p2a: Sceptile|Sceptile, M|281\/281
|move|p1a: Chesnaught|Synthesis|p1a: Chesnaught
|-heal|p1a: Chesnaught|318\/318
|
|turn|20
|
|detailschange|p2a: Sceptile|Sceptile-Mega, M
|-mega|p2a: Sceptile|Sceptile|Sceptilite
|move|p2a: Sceptile|Dragon Pulse|p1a: Chesnaught
|-damage|p1a: Chesnaught|81\/318
|move|p1a: Chesnaught|Drain Punch|p2a: Sceptile
|-damage|p2a: Sceptile|89\/281
|-heal|p1a: Chesnaught|177\/318|[from] drain|[of] p2a: Sceptile
|
|turn|21
|
|switch|p1a: Tyranitar|Tyranitar, M|404\/404
|-damage|p1a: Tyranitar|354\/404|[from] Stealth Rock
|-weather|Sandstorm
|move|p2a: Sceptile|Dragon Pulse|p1a: Tyranitar
|-damage|p1a: Tyranitar|228\/404
|
|-weather|Sandstorm|[upkeep]
|-damage|p2a: Sceptile|72\/281|[from] sandstorm
|turn|22
|
|move|p2a: Sceptile|Leaf Storm|p1a: Tyranitar
|-supereffective|p1a: Tyranitar
|-damage|p1a: Tyranitar|0 fnt
|-unboost|p2a: Sceptile|spa|2
|faint|p1a: Tyranitar
|
|-weather|Sandstorm|[upkeep]
|-damage|p2a: Sceptile|55\/281|[from] sandstorm
|
|switch|p1a: Excadrill|Excadrill, F|146\/362
|-damage|p1a: Excadrill|135\/362|[from] Stealth Rock
|turn|23
|
|switch|p2a: Landorus|Landorus, M|226\/319
|move|p1a: Excadrill|Iron Head|p2a: Landorus
|-damage|p2a: Landorus|51\/319
|
|-weather|Sandstorm|[upkeep]
|turn|24
|
|move|p1a: Excadrill|Iron Head|p2a: Landorus
|-damage|p2a: Landorus|0 fnt
|faint|p2a: Landorus
|
|-weather|Sandstorm|[upkeep]
|
|switch|p2a: Hippowdon|Hippowdon, F|227\/420
|turn|25
|
|switch|p1a: Chesnaught|Chesnaught, F|177\/318
|-damage|p1a: Chesnaught|158\/318|[from] Stealth Rock
|move|p2a: Hippowdon|Slack Off|p2a: Hippowdon
|-heal|p2a: Hippowdon|420\/420
|
|-weather|none
|turn|26
|
|switch|p2a: Excadrill|Excadrill, F|194\/362
|move|p1a: Chesnaught|Synthesis|p1a: Chesnaught
|-heal|p1a: Chesnaught|317\/318
|
|turn|27
|
|move|p2a: Excadrill|X-Scissor|p1a: Chesnaught
|-damage|p1a: Chesnaught|188\/318
|-damage|p2a: Excadrill|158\/362|[from] item: Life Orb
|move|p1a: Chesnaught|Drain Punch|p2a: Excadrill
|-supereffective|p2a: Excadrill
|-damage|p2a: Excadrill|0 fnt
|-heal|p1a: Chesnaught|267\/318|[from] drain|[of] p2a: Excadrill
|faint|p2a: Excadrill
|
|
|switch|p2a: Sceptile|Sceptile-Mega, M|55\/281
|turn|28
|
|move|p2a: Sceptile|Dragon Pulse|p1a: Chesnaught
|-damage|p1a: Chesnaught|27\/318
|move|p1a: Chesnaught|Drain Punch|p2a: Sceptile
|-damage|p2a: Sceptile|0 fnt
|-heal|p1a: Chesnaught|55\/318|[from] drain|[of] p2a: Sceptile
|faint|p2a: Sceptile
|
|
|switch|p2a: Hippowdon|Hippowdon, F|420\/420
|-weather|Sandstorm
|turn|29
|
|move|p1a: Chesnaught|Synthesis|p1a: Chesnaught
|-heal|p1a: Chesnaught|134\/318
|move|p2a: Hippowdon|Earthquake|p1a: Chesnaught
|-resisted|p1a: Chesnaught
|-damage|p1a: Chesnaught|82\/318
|
|-weather|Sandstorm|[upkeep]
|-damage|p1a: Chesnaught|63\/318|[from] sandstorm
|turn|30
|
|move|p1a: Chesnaught|Synthesis|p1a: Chesnaught
|-heal|p1a: Chesnaught|142\/318
|move|p2a: Hippowdon|Earthquake|p1a: Chesnaught
|-resisted|p1a: Chesnaught
|-damage|p1a: Chesnaught|90\/318
|
|-weather|Sandstorm|[upkeep]
|-damage|p1a: Chesnaught|71\/318|[from] sandstorm
|turn|31
|
|move|p1a: Chesnaught|Synthesis|p1a: Chesnaught
|-heal|p1a: Chesnaught|150\/318
|move|p2a: Hippowdon|Earthquake|p1a: Chesnaught
|-resisted|p1a: Chesnaught
|-damage|p1a: Chesnaught|94\/318
|
|-weather|Sandstorm|[upkeep]
|-damage|p1a: Chesnaught|75\/318|[from] sandstorm
|turn|32
|
|move|p1a: Chesnaught|Drain Punch|p2a: Hippowdon
|-damage|p2a: Hippowdon|338\/420
|-heal|p1a: Chesnaught|116\/318|[from] drain|[of] p2a: Hippowdon
|move|p2a: Hippowdon|Earthquake|p1a: Chesnaught
|-resisted|p1a: Chesnaught
|-damage|p1a: Chesnaught|62\/318
|
|-weather|Sandstorm|[upkeep]
|-damage|p1a: Chesnaught|43\/318|[from] sandstorm
|turn|33
|
|move|p1a: Chesnaught|Wood Hammer|p2a: Hippowdon
|-supereffective|p2a: Hippowdon
|-damage|p2a: Hippowdon|92\/420
|-damage|p1a: Chesnaught|0 fnt|[from] recoil|[of] p2a: Hippowdon
|faint|p1a: Chesnaught
|move|p2a: Hippowdon|Earthquake|p1: Chesnaught|[notarget]
|-notarget
|
|-weather|Sandstorm|[upkeep]
|
|switch|p1a: Excadrill|Excadrill, F|135\/362
|-damage|p1a: Excadrill|124\/362|[from] Stealth Rock
|turn|34
|
|move|p1a: Excadrill|Earthquake|p2a: Hippowdon
|-damage|p2a: Hippowdon|0 fnt
|faint|p2a: Hippowdon
|
|win|With No Survivors
|raw|Ladder updating...
|c|âWith No Survivors|gg
|raw|With No Survivors's rating: 1430 &rarr; <strong>1444<\/strong><br \/>(+14 for winning)
|raw|amazingsamay's rating: 1333 &rarr; <strong>1318<\/strong><br \/>(-15 for losing)
|c|âamazingsamay|gg