|join|thenewguy222
|join|With No Survivors
|player|p1|thenewguy222|33
|player|p2|With No Survivors|248
|gametype|singles
|gen|6
|tier|OU (suspect test)
|rated
|clearpoke
|poke|p1|Heracross, F
|poke|p1|Weavile, M
|poke|p1|Zapdos
|poke|p1|Heatran, M
|poke|p1|Sylveon, M
|poke|p1|Landorus-Therian, M
|poke|p2|Charizard, F
|poke|p2|Tyranitar, F
|poke|p2|Excadrill, M
|poke|p2|Chesnaught, M
|poke|p2|Slowbro, M
|poke|p2|Chansey, F
|rule|Swagger Clause: Swagger is banned
|rule|Baton Pass Clause: Limit one PokÃ©mon knowing Baton Pass
|rule|Sleep Clause Mod: Limit one foe put to sleep
|rule|Species Clause: Limit one of each PokÃ©mon
|rule|OHKO Clause: OHKO moves are banned
|rule|Moody Clause: Moody is banned
|rule|Evasion Moves Clause: Evasion moves are banned
|rule|Endless Battle Clause: Forcing endless battles is banned
|rule|HP Percentage Mod: HP is shown in percentages
|teampreview
|
|start
|switch|p1a: Heracross|Heracross, F|302\/302
|switch|p2a: Charizard|Charizard, F|297\/297
|turn|1
|
|switch|p1a: Heatran|Heatran, M|385\/385
|detailschange|p2a: Charizard|Charizard-Mega-Y, F
|-mega|p2a: Charizard|Charizard|Charizardite Y
|-weather|SunnyDay
|move|p2a: Charizard|Fire Blast|p1a: Heatran
|-start|p1a: Heatran|ability: Flash Fire
|
|-weather|SunnyDay|[upkeep]
|turn|2
|
|move|p2a: Charizard|Earthquake|p1a: Heatran
|-supereffective|p1a: Heatran
|-damage|p1a: Heatran|149\/385
|move|p1a: Heatran|Stealth Rock|p2a: Charizard
|-sidestart|p2: With No Survivors|move: Stealth Rock
|
|-weather|SunnyDay|[upkeep]
|-heal|p1a: Heatran|173\/385|[from] item: Leftovers
|turn|3
|
|switch|p1a: Landorus-Therian|Landorus-Therian, M|325\/325
|-ability|p1a: Landorus-Therian|Intimidate|[of] p2a: Charizard
|-unboost|p2a: Charizard|atk|1
|move|p2a: Charizard|Fire Blast|p1a: Landorus-Therian
|-damage|p1a: Landorus-Therian|0 fnt
|faint|p1a: Landorus-Therian
|
|-weather|SunnyDay|[upkeep]
|
|switch|p1a: Zapdos|Zapdos|321\/321
|-ability|p1a: Zapdos|Pressure
|turn|4
|
|switch|p2a: Tyranitar|Tyranitar, F|404\/404
|-damage|p2a: Tyranitar|354\/404|[from] Stealth Rock
|-weather|Sandstorm
|move|p1a: Zapdos|Volt Switch|p2a: Tyranitar
|-damage|p2a: Tyranitar|278\/404
|
|switch|p1a: Heracross|Heracross, F|302\/302
|
|-weather|Sandstorm|[upkeep]
|-damage|p1a: Heracross|284\/302|[from] sandstorm
|turn|5
|
|detailschange|p1a: Heracross|Heracross-Mega, F
|-mega|p1a: Heracross|Heracross|Heracronite
|move|p1a: Heracross|Substitute|p1a: Heracross
|-start|p1a: Heracross|Substitute
|-damage|p1a: Heracross|209\/302
|move|p2a: Tyranitar|Thunder Wave|p1a: Heracross
|
|-weather|Sandstorm|[upkeep]
|-damage|p1a: Heracross|191\/302|[from] sandstorm
|turn|6
|
|move|p1a: Heracross|Pin Missile|p2a: Tyranitar
|-supereffective|p2a: Tyranitar
|-damage|p2a: Tyranitar|164\/404
|-supereffective|p2a: Tyranitar
|-damage|p2a: Tyranitar|44\/404
|-supereffective|p2a: Tyranitar
|-damage|p2a: Tyranitar|0 fnt
|-hitcount|p2a: Tyranitar|3
|faint|p2a: Tyranitar
|
|-weather|Sandstorm|[upkeep]
|-damage|p1a: Heracross|173\/302|[from] sandstorm
|
|switch|p2a: Excadrill|Excadrill, M|362\/362
|-damage|p2a: Excadrill|351\/362|[from] Stealth Rock
|turn|7
|
|move|p2a: Excadrill|Iron Head|p1a: Heracross
|-end|p1a: Heracross|Substitute
|move|p1a: Heracross|Close Combat|p2a: Excadrill
|-supereffective|p2a: Excadrill
|-damage|p2a: Excadrill|0 fnt
|-unboost|p1a: Heracross|def|1
|-unboost|p1a: Heracross|spd|1
|faint|p2a: Excadrill
|
|-weather|Sandstorm|[upkeep]
|-damage|p1a: Heracross|155\/302|[from] sandstorm
|
|switch|p2a: Charizard|Charizard-Mega-Y, F|297\/297
|-damage|p2a: Charizard|149\/297|[from] Stealth Rock
|-weather|SunnyDay
|turn|8
|
|switch|p1a: Heatran|Heatran, M|173\/385
|move|p2a: Charizard|Fire Blast|p1a: Heatran
|-start|p1a: Heatran|ability: Flash Fire
|
|-weather|SunnyDay|[upkeep]
|-heal|p1a: Heatran|197\/385|[from] item: Leftovers
|turn|9
|
|move|p2a: Charizard|Roost|p2a: Charizard
|-heal|p2a: Charizard|297\/297
|move|p1a: Heatran|Toxic|p2a: Charizard
|-status|p2a: Charizard|tox
|
|-weather|SunnyDay|[upkeep]
|-heal|p1a: Heatran|221\/385|[from] item: Leftovers
|-damage|p2a: Charizard|279\/297 tox|[from] psn
|turn|10
|
|switch|p1a: Sylveon|Sylveon, M|393\/393
|move|p2a: Charizard|Earthquake|p1a: Sylveon
|-damage|p1a: Sylveon|271\/393
|
|-weather|SunnyDay|[upkeep]
|-heal|p1a: Sylveon|295\/393|[from] item: Leftovers
|-damage|p2a: Charizard|243\/297 tox|[from] psn
|turn|11
|
|switch|p2a: Chansey|Chansey, F|642\/642
|-damage|p2a: Chansey|562\/642|[from] Stealth Rock
|move|p1a: Sylveon|Hyper Voice|p2a: Chansey
|-damage|p2a: Chansey|460\/642
|
|-weather|SunnyDay|[upkeep]
|-heal|p1a: Sylveon|319\/393|[from] item: Leftovers
|turn|12
|
|switch|p1a: Heracross|Heracross-Mega, F|155\/302
|move|p2a: Chansey|Aromatherapy|p2a: Chansey
|-cureteam|p2a: Chansey|[from] move: Aromatherapy
|
|-weather|none
|turn|13
|
|move|p1a: Heracross|Substitute|p1a: Heracross
|-start|p1a: Heracross|Substitute
|-damage|p1a: Heracross|80\/302
|move|p2a: Chansey|Seismic Toss|p1a: Heracross
|-end|p1a: Heracross|Substitute
|
|turn|14
|
|switch|p2a: Slowbro|Slowbro, M|394\/394
|-damage|p2a: Slowbro|345\/394|[from] Stealth Rock
|move|p1a: Heracross|Pin Missile|p2a: Slowbro
|-supereffective|p2a: Slowbro
|-damage|p2a: Slowbro|229\/394
|-supereffective|p2a: Slowbro
|-damage|p2a: Slowbro|97\/394
|-supereffective|p2a: Slowbro
|-damage|p2a: Slowbro|0 fnt
|-hitcount|p2a: Slowbro|3
|faint|p2a: Slowbro
|
|
|switch|p2a: Charizard|Charizard-Mega-Y, F|243\/297
|-damage|p2a: Charizard|95\/297|[from] Stealth Rock
|-weather|SunnyDay
|turn|15
|
|switch|p1a: Weavile|Weavile, M|281\/281
|-ability|p1a: Weavile|Pressure
|move|p2a: Charizard|Fire Blast|p1a: Weavile
|-supereffective|p1a: Weavile
|-damage|p1a: Weavile|0 fnt
|faint|p1a: Weavile
|
|-weather|SunnyDay|[upkeep]
|
|switch|p1a: Zapdos|Zapdos|321\/321
|-ability|p1a: Zapdos|Pressure
|turn|16
|
|move|p2a: Charizard|Roost|p2a: Charizard
|-heal|p2a: Charizard|244\/297
|move|p1a: Zapdos|Volt Switch|p2a: Charizard
|-damage|p2a: Charizard|129\/297
|
|switch|p1a: Sylveon|Sylveon, M|319\/393
|
|-weather|SunnyDay|[upkeep]
|-heal|p1a: Sylveon|343\/393|[from] item: Leftovers
|turn|17
|
|move|p2a: Charizard|Fire Blast|p1a: Sylveon
|-damage|p1a: Sylveon|108\/393
|move|p1a: Sylveon|Hyper Voice|p2a: Charizard
|-resisted|p2a: Charizard
|-damage|p2a: Charizard|42\/297
|
|-weather|SunnyDay|[upkeep]
|-heal|p1a: Sylveon|132\/393|[from] item: Leftovers
|turn|18
|
|switch|p1a: Zapdos|Zapdos|321\/321
|-ability|p1a: Zapdos|Pressure
|move|p2a: Charizard|Roost|p2a: Charizard
|-heal|p2a: Charizard|191\/297
|
|-weather|SunnyDay|[upkeep]
|turn|19
|
|move|p2a: Charizard|Roost|p2a: Charizard
|-heal|p2a: Charizard|297\/297
|move|p1a: Zapdos|Volt Switch|p2a: Charizard
|-damage|p2a: Charizard|173\/297
|
|switch|p1a: Heatran|Heatran, M|221\/385
|
|-weather|none
|-heal|p1a: Heatran|245\/385|[from] item: Leftovers
|turn|20
|c|âthenewguy222|another damn speed tie
|
|move|p2a: Charizard|Earthquake|p1a: Heatran
|-supereffective|p1a: Heatran
|-damage|p1a: Heatran|17\/385
|move|p1a: Heatran|Toxic|p2a: Charizard
|-status|p2a: Charizard|tox
|
|-heal|p1a: Heatran|41\/385|[from] item: Leftovers
|-damage|p2a: Charizard|155\/297 tox|[from] psn
|turn|21
|
|move|p2a: Charizard|Roost|p2a: Charizard
|-heal|p2a: Charizard|297\/297 tox
|move|p1a: Heatran|Roar|p2a: Charizard
|drag|p2a: Chesnaught|Chesnaught, M|318\/318
|-damage|p2a: Chesnaught|299\/318|[from] Stealth Rock
|
|-heal|p2a: Chesnaught|318\/318|[from] item: Leftovers
|-heal|p1a: Heatran|65\/385|[from] item: Leftovers
|turn|22
|
|move|p2a: Chesnaught|Drain Punch|p1a: Heatran
|-supereffective|p1a: Heatran
|-damage|p1a: Heatran|0 fnt
|faint|p1a: Heatran
|
|
|switch|p1a: Heracross|Heracross-Mega, F|80\/302
|turn|23
|
|move|p1a: Heracross|Substitute|p1a: Heracross
|-start|p1a: Heracross|Substitute
|-damage|p1a: Heracross|5\/302
|move|p2a: Chesnaught|Wood Hammer|p1a: Heracross
|-resisted|p1a: Heracross
|-end|p1a: Heracross|Substitute
|-damage|p2a: Chesnaught|293\/318|[from] recoil|[of] p1a: Heracross
|
|-heal|p2a: Chesnaught|312\/318|[from] item: Leftovers
|turn|24
|
|move|p1a: Heracross|Pin Missile|p2a: Chesnaught
|-damage|p2a: Chesnaught|257\/318
|-damage|p2a: Chesnaught|202\/318
|-damage|p2a: Chesnaught|145\/318
|-damage|p2a: Chesnaught|88\/318
|-damage|p2a: Chesnaught|28\/318
|-hitcount|p2a: Chesnaught|5
|move|p2a: Chesnaught|Wood Hammer|p1a: Heracross
|-resisted|p1a: Heracross
|-damage|p1a: Heracross|0 fnt
|-damage|p2a: Chesnaught|26\/318|[from] recoil|[of] p1a: Heracross
|faint|p1a: Heracross
|
|-heal|p2a: Chesnaught|45\/318|[from] item: Leftovers
|-message|thenewguy222 forfeited.
|leave|thenewguy222
|
|win|With No Survivors
|raw|Ladder updating...
|player|p1
|raw|thenewguy222's rating: 1196 &rarr; <strong>1174<\/strong><br \/>(-22 for losing)
|raw|With No Survivors's rating: 1245 &rarr; <strong>1267<\/strong><br \/>(+22 for winning)