|join|With No Survivors
|join|Lord Scrotum
|player|p1|With No Survivors|248
|player|p2|Lord Scrotum|153
|gametype|singles
|gen|6
|tier|OU (suspect test)
|rated
|clearpoke
|poke|p1|Sceptile, F
|poke|p1|Rotom-Wash
|poke|p1|Skarmory, M
|poke|p1|Magnezone
|poke|p1|Latios, M
|poke|p1|Chansey, F
|poke|p2|Slowbro, F, shiny
|poke|p2|Honchkrow, F
|poke|p2|Landorus-Therian, M
|poke|p2|Breloom, F
|poke|p2|Latios, M
|poke|p2|Chandelure, F, shiny
|rule|Swagger Clause: Swagger is banned
|rule|Baton Pass Clause: Limit one PokÃ©mon knowing Baton Pass
|rule|Sleep Clause Mod: Limit one foe put to sleep
|rule|Species Clause: Limit one of each PokÃ©mon
|rule|OHKO Clause: OHKO moves are banned
|rule|Moody Clause: Moody is banned
|rule|Evasion Moves Clause: Evasion moves are banned
|rule|Endless Battle Clause: Forcing endless battles is banned
|rule|HP Percentage Mod: HP is shown in percentages
|teampreview
|
|start
|switch|p1a: Sceptile|Sceptile, F|281\/281
|switch|p2a: Breloom|Breloom, F|261\/261
|turn|1
|
|switch|p2a: Chandelure|Chandelure, F, shiny|261\/261
|detailschange|p1a: Sceptile|Sceptile-Mega, F
|-mega|p1a: Sceptile|Sceptile|Sceptilite
|move|p1a: Sceptile|Dragon Pulse|p2a: Chandelure
|-damage|p2a: Chandelure|71\/261
|
|turn|2
|
|switch|p1a: Rotom-Wash|Rotom-Wash|304\/304
|move|p2a: Chandelure|Fire Blast|p1a: Rotom-Wash
|-resisted|p1a: Rotom-Wash
|-damage|p1a: Rotom-Wash|228\/304
|
|-heal|p1a: Rotom-Wash|247\/304|[from] item: Leftovers
|turn|3
|
|switch|p2a: Landorus-Therian|Landorus-Therian, M|382\/382
|-ability|p2a: Landorus-Therian|Intimidate|[of] p1a: Rotom-Wash
|-unboost|p1a: Rotom-Wash|atk|1
|move|p1a: Rotom-Wash|Volt Switch|p2a: Landorus-Therian
|-immune|p2a: Landorus-Therian|[msg]
|
|-heal|p1a: Rotom-Wash|266\/304|[from] item: Leftovers
|turn|4
|
|switch|p2a: Slowbro|Slowbro, F, shiny|393\/393
|move|p1a: Rotom-Wash|Hydro Pump|p2a: Slowbro
|-resisted|p2a: Slowbro
|-damage|p2a: Slowbro|315\/393
|
|-heal|p1a: Rotom-Wash|285\/304|[from] item: Leftovers
|turn|5
|
|detailschange|p2a: Slowbro|Slowbro-Mega, F, shiny
|-mega|p2a: Slowbro|Slowbro|Slowbronite
|move|p1a: Rotom-Wash|Will-O-Wisp|p2a: Slowbro|[miss]
|-miss|p1a: Rotom-Wash|p2a: Slowbro
|move|p2a: Slowbro|Calm Mind|p2a: Slowbro
|-boost|p2a: Slowbro|spa|1
|-boost|p2a: Slowbro|spd|1
|
|-heal|p1a: Rotom-Wash|304\/304|[from] item: Leftovers
|turn|6
|
|move|p1a: Rotom-Wash|Volt Switch|p2a: Slowbro
|-supereffective|p2a: Slowbro
|-damage|p2a: Slowbro|175\/393
|
|switch|p1a: Magnezone|Magnezone|282\/282
|move|p2a: Slowbro|Psyshock|p1a: Magnezone
|-resisted|p1a: Magnezone
|-damage|p1a: Magnezone|209\/282
|
|turn|7
|
|switch|p2a: Landorus-Therian|Landorus-Therian, M|382\/382
|-ability|p2a: Landorus-Therian|Intimidate|[of] p1a: Magnezone
|-unboost|p1a: Magnezone|atk|1
|move|p1a: Magnezone|Thunderbolt|p2a: Landorus-Therian
|-immune|p2a: Landorus-Therian|[msg]
|
|turn|8
|
|switch|p1a: Skarmory|Skarmory, M|334\/334
|move|p2a: Landorus-Therian|Stealth Rock|p1a: Skarmory
|-sidestart|p1: With No Survivors|move: Stealth Rock
|
|turn|9
|
|move|p2a: Landorus-Therian|Knock Off|p1a: Skarmory
|-damage|p1a: Skarmory|276\/334
|-damage|p2a: Landorus-Therian|319\/382|[from] item: Rocky Helmet|[of] p1a: Skarmory
|-enditem|p1a: Skarmory|Rocky Helmet|[from] move: Knock Off|[of] p2a: Landorus-Therian
|move|p1a: Skarmory|Stealth Rock|p2a: Landorus-Therian
|-sidestart|p2: Lord Scrotum|move: Stealth Rock
|
|-heal|p2a: Landorus-Therian|342\/382|[from] item: Leftovers
|turn|10
|
|move|p2a: Landorus-Therian|U-turn|p1a: Skarmory
|-resisted|p1a: Skarmory
|-damage|p1a: Skarmory|265\/334
|
|switch|p2a: Breloom|Breloom, F|261\/261
|-damage|p2a: Breloom|245\/261|[from] Stealth Rock
|move|p1a: Skarmory|Whirlwind|p2a: Breloom
|drag|p2a: Honchkrow|Honchkrow, F|341\/341
|-damage|p2a: Honchkrow|256\/341|[from] Stealth Rock
|
|turn|11
|
|move|p2a: Honchkrow|Sucker Punch|p1a: Skarmory
|-fail|p1a: Skarmory
|move|p1a: Skarmory|Whirlwind|p2a: Honchkrow
|drag|p2a: Landorus-Therian|Landorus-Therian, M|342\/382
|-damage|p2a: Landorus-Therian|295\/382|[from] Stealth Rock
|-ability|p2a: Landorus-Therian|Intimidate|[of] p1a: Skarmory
|-unboost|p1a: Skarmory|atk|1
|
|-heal|p2a: Landorus-Therian|318\/382|[from] item: Leftovers
|turn|12
|
|move|p2a: Landorus-Therian|U-turn|p1a: Skarmory
|-resisted|p1a: Skarmory
|-damage|p1a: Skarmory|255\/334
|
|switch|p2a: Slowbro|Slowbro-Mega, F, shiny|175\/393
|-damage|p2a: Slowbro|126\/393|[from] Stealth Rock
|move|p1a: Skarmory|Whirlwind|p2a: Slowbro
|drag|p2a: Landorus-Therian|Landorus-Therian, M|318\/382
|-damage|p2a: Landorus-Therian|271\/382|[from] Stealth Rock
|-ability|p2a: Landorus-Therian|Intimidate|[of] p1a: Skarmory
|-unboost|p1a: Skarmory|atk|1
|
|-heal|p2a: Landorus-Therian|294\/382|[from] item: Leftovers
|turn|13
|
|move|p2a: Landorus-Therian|Knock Off|p1a: Skarmory
|-damage|p1a: Skarmory|218\/334
|move|p1a: Skarmory|Whirlwind|p2a: Landorus-Therian
|drag|p2a: Honchkrow|Honchkrow, F|256\/341
|-damage|p2a: Honchkrow|171\/341|[from] Stealth Rock
|
|turn|14
|
|move|p2a: Honchkrow|Roost|p2a: Honchkrow
|-heal|p2a: Honchkrow|341\/341
|move|p1a: Skarmory|Roost|p1a: Skarmory
|-heal|p1a: Skarmory|334\/334
|
|turn|15
|
|move|p2a: Honchkrow|Brave Bird|p1a: Skarmory
|-resisted|p1a: Skarmory
|-damage|p1a: Skarmory|251\/334
|-damage|p2a: Honchkrow|314\/341|[from] recoil|[of] p1a: Skarmory
|-damage|p2a: Honchkrow|280\/341|[from] item: Life Orb
|move|p1a: Skarmory|Whirlwind|p2a: Honchkrow
|drag|p2a: Landorus-Therian|Landorus-Therian, M|294\/382
|-damage|p2a: Landorus-Therian|247\/382|[from] Stealth Rock
|-ability|p2a: Landorus-Therian|Intimidate|[of] p1a: Skarmory
|-unboost|p1a: Skarmory|atk|1
|
|-heal|p2a: Landorus-Therian|270\/382|[from] item: Leftovers
|turn|16
|
|move|p2a: Landorus-Therian|Knock Off|p1a: Skarmory
|-damage|p1a: Skarmory|210\/334
|move|p1a: Skarmory|Whirlwind|p2a: Landorus-Therian
|drag|p2a: Breloom|Breloom, F|245\/261
|-damage|p2a: Breloom|229\/261|[from] Stealth Rock
|
|turn|17
|
|move|p2a: Breloom|Rock Tomb|p1a: Skarmory
|-damage|p1a: Skarmory|148\/334
|-unboost|p1a: Skarmory|spe|1
|move|p1a: Skarmory|Whirlwind|p2a: Breloom
|drag|p2a: Chandelure|Chandelure, F, shiny|71\/261
|-damage|p2a: Chandelure|6\/261|[from] Stealth Rock
|
|turn|18
|
|switch|p1a: Rotom-Wash|Rotom-Wash|304\/304
|-damage|p1a: Rotom-Wash|266\/304|[from] Stealth Rock
|move|p2a: Chandelure|Shadow Ball|p1a: Rotom-Wash
|-damage|p1a: Rotom-Wash|161\/304
|
|-heal|p1a: Rotom-Wash|180\/304|[from] item: Leftovers
|turn|19
|
|move|p2a: Chandelure|Shadow Ball|p1a: Rotom-Wash
|-damage|p1a: Rotom-Wash|69\/304
|move|p1a: Rotom-Wash|Volt Switch|p2a: Chandelure
|-damage|p2a: Chandelure|0 fnt
|faint|p2a: Chandelure
|
|switch|p1a: Sceptile|Sceptile-Mega, F|281\/281
|-damage|p1a: Sceptile|246\/281|[from] Stealth Rock
|
|
|switch|p2a: Latios|Latios, M|301\/301
|-damage|p2a: Latios|264\/301|[from] Stealth Rock
|turn|20
|
|switch|p1a: Chansey|Chansey, F|704\/704
|-damage|p1a: Chansey|616\/704|[from] Stealth Rock
|move|p2a: Latios|Draco Meteor|p1a: Chansey
|-damage|p1a: Chansey|456\/704
|-unboost|p2a: Latios|spa|2
|
|turn|21
|
|switch|p2a: Landorus-Therian|Landorus-Therian, M|270\/382
|-damage|p2a: Landorus-Therian|223\/382|[from] Stealth Rock
|-ability|p2a: Landorus-Therian|Intimidate|[of] p1a: Chansey
|-unboost|p1a: Chansey|atk|1
|switch|p1a: Latios|Latios, M|302\/302
|-damage|p1a: Latios|265\/302|[from] Stealth Rock
|
|-heal|p2a: Landorus-Therian|246\/382|[from] item: Leftovers
|turn|22
|
|move|p1a: Latios|Draco Meteor|p2a: Landorus-Therian
|-damage|p2a: Landorus-Therian|0 fnt
|-unboost|p1a: Latios|spa|2
|faint|p2a: Landorus-Therian
|
|
|switch|p2a: Slowbro|Slowbro-Mega, F, shiny|126\/393
|-damage|p2a: Slowbro|77\/393|[from] Stealth Rock
|turn|23
|
|move|p1a: Latios|Draco Meteor|p2a: Slowbro
|-damage|p2a: Slowbro|0 fnt
|-unboost|p1a: Latios|spa|2
|faint|p2a: Slowbro
|
|-message|Lord Scrotum forfeited.
|
|win|With No Survivors
|raw|Ladder updating...
|leave|Lord Scrotum
|player|p2
|raw|With No Survivors's rating: 1245 &rarr; <strong>1263<\/strong><br \/>(+18 for winning)
|raw|Lord Scrotum's rating: 1133 &rarr; <strong>1115<\/strong><br \/>(-18 for losing)