|join|With No Survivors
|join|kenzikou75
|player|p1|With No Survivors|248
|player|p2|kenzikou75|2
|gametype|singles
|gen|6
|tier|OU (suspect test)
|rated
|clearpoke
|poke|p1|Charizard, M
|poke|p1|Tyranitar, M
|poke|p1|Excadrill, F
|poke|p1|Chesnaught, F
|poke|p1|Slowbro, M
|poke|p1|Chansey, F
|poke|p2|Gyarados, M
|poke|p2|Landorus-Therian, M
|poke|p2|Arcanine, M
|poke|p2|Bisharp, M
|poke|p2|Clefable, M
|poke|p2|Excadrill, F
|rule|Swagger Clause: Swagger is banned
|rule|Baton Pass Clause: Limit one PokÃ©mon knowing Baton Pass
|rule|Sleep Clause Mod: Limit one foe put to sleep
|rule|Species Clause: Limit one of each PokÃ©mon
|rule|OHKO Clause: OHKO moves are banned
|rule|Moody Clause: Moody is banned
|rule|Evasion Moves Clause: Evasion moves are banned
|rule|Endless Battle Clause: Forcing endless battles is banned
|rule|HP Percentage Mod: HP is shown in percentages
|teampreview
|
|start
|switch|p1a: Chesnaught|Chesnaught, F|318\/318
|switch|p2a: Landorus-Therian|Landorus-Therian, M|382\/382
|-ability|p2a: Landorus-Therian|Intimidate|[of] p1a: Chesnaught
|-unboost|p1a: Chesnaught|atk|1
|turn|1
|
|move|p1a: Chesnaught|Wood Hammer|p2a: Landorus-Therian
|-damage|p2a: Landorus-Therian|274\/382
|-damage|p1a: Chesnaught|282\/318|[from] recoil|[of] p2a: Landorus-Therian
|move|p2a: Landorus-Therian|Stealth Rock|p1a: Chesnaught
|-sidestart|p1: With No Survivors|move: Stealth Rock
|
|-heal|p1a: Chesnaught|301\/318|[from] item: Leftovers
|-heal|p2a: Landorus-Therian|297\/382|[from] item: Leftovers
|turn|2
|
|move|p1a: Chesnaught|Substitute|p1a: Chesnaught
|-start|p1a: Chesnaught|Substitute
|-damage|p1a: Chesnaught|222\/318
|move|p2a: Landorus-Therian|Knock Off|p1a: Chesnaught
|-resisted|p1a: Chesnaught
|-activate|p1a: Chesnaught|Substitute|[damage]
|
|-heal|p1a: Chesnaught|241\/318|[from] item: Leftovers
|-heal|p2a: Landorus-Therian|320\/382|[from] item: Leftovers
|turn|3
|
|move|p1a: Chesnaught|Wood Hammer|p2a: Landorus-Therian
|-damage|p2a: Landorus-Therian|206\/382
|-damage|p1a: Chesnaught|203\/318|[from] recoil|[of] p2a: Landorus-Therian
|move|p2a: Landorus-Therian|U-turn|p1a: Chesnaught
|-end|p1a: Chesnaught|Substitute
|
|switch|p2a: Clefable|Clefable, M|394\/394
|
|-heal|p1a: Chesnaught|222\/318|[from] item: Leftovers
|turn|4
|
|switch|p1a: Excadrill|Excadrill, F|362\/362
|-damage|p1a: Excadrill|351\/362|[from] Stealth Rock
|move|p2a: Clefable|Moonblast|p1a: Excadrill
|-resisted|p1a: Excadrill
|-damage|p1a: Excadrill|300\/362
|
|turn|5
|
|switch|p2a: Landorus-Therian|Landorus-Therian, M|206\/382
|-ability|p2a: Landorus-Therian|Intimidate|[of] p1a: Excadrill
|-unboost|p1a: Excadrill|atk|1
|move|p1a: Excadrill|Rapid Spin|p2a: Landorus-Therian
|-crit|p2a: Landorus-Therian
|-damage|p2a: Landorus-Therian|170\/382
|-sideend|p1: With No Survivors|Stealth Rock|[from] move: Rapid Spin|[of] p1a: Excadrill
|
|-heal|p2a: Landorus-Therian|193\/382|[from] item: Leftovers
|turn|6
|
|switch|p1a: Charizard|Charizard, M|297\/297
|move|p2a: Landorus-Therian|Stealth Rock|p1a: Charizard
|-sidestart|p1: With No Survivors|move: Stealth Rock
|
|-heal|p2a: Landorus-Therian|216\/382|[from] item: Leftovers
|turn|7
|
|detailschange|p1a: Charizard|Charizard-Mega-Y, M
|-mega|p1a: Charizard|Charizard|Charizardite Y
|-weather|SunnyDay
|move|p1a: Charizard|Fire Blast|p2a: Landorus-Therian
|-damage|p2a: Landorus-Therian|0 fnt
|faint|p2a: Landorus-Therian
|
|-weather|SunnyDay|[upkeep]
|
|switch|p2a: Excadrill|Excadrill, F|361\/361
|-ability|p2a: Excadrill|Mold Breaker
|turn|8
|
|switch|p1a: Chesnaught|Chesnaught, F|222\/318
|-damage|p1a: Chesnaught|203\/318|[from] Stealth Rock
|move|p2a: Excadrill|Rock Slide|p1a: Chesnaught
|-resisted|p1a: Chesnaught
|-damage|p1a: Chesnaught|162\/318
|
|-weather|SunnyDay|[upkeep]
|-heal|p1a: Chesnaught|181\/318|[from] item: Leftovers
|turn|9
|
|switch|p2a: Clefable|Clefable, M|394\/394
|move|p1a: Chesnaught|Synthesis|p1a: Chesnaught
|-heal|p1a: Chesnaught|318\/318
|
|-weather|SunnyDay|[upkeep]
|turn|10
|
|switch|p1a: Chansey|Chansey, F|642\/642
|-damage|p1a: Chansey|562\/642|[from] Stealth Rock
|move|p2a: Clefable|Flamethrower|p1a: Chansey
|-damage|p1a: Chansey|512\/642
|-status|p1a: Chansey|brn
|
|-weather|SunnyDay|[upkeep]
|-damage|p1a: Chansey|432\/642 brn|[from] brn
|turn|11
|
|move|p2a: Clefable|Moonblast|p1a: Chansey
|-damage|p1a: Chansey|377\/642 brn
|move|p1a: Chansey|Thunder Wave|p2a: Clefable
|-status|p2a: Clefable|par
|
|-weather|none
|-damage|p1a: Chansey|297\/642 brn|[from] brn
|turn|12
|
|move|p1a: Chansey|Soft-Boiled|p1a: Chansey
|-heal|p1a: Chansey|618\/642 brn
|move|p2a: Clefable|Moonblast|p1a: Chansey
|-damage|p1a: Chansey|561\/642 brn
|
|-damage|p1a: Chansey|481\/642 brn|[from] brn
|turn|13
|
|switch|p1a: Excadrill|Excadrill, F|300\/362
|-damage|p1a: Excadrill|289\/362|[from] Stealth Rock
|switch|p2a: Bisharp|Bisharp, M|334\/334
|
|turn|14
|
|move|p1a: Excadrill|Rapid Spin|p2a: Bisharp
|-resisted|p2a: Bisharp
|-damage|p2a: Bisharp|319\/334
|-sideend|p1: With No Survivors|Stealth Rock|[from] move: Rapid Spin|[of] p1a: Excadrill
|move|p2a: Bisharp|Swords Dance|p2a: Bisharp
|-boost|p2a: Bisharp|atk|2
|
|turn|15
|
|switch|p1a: Chesnaught|Chesnaught, F|318\/318
|move|p2a: Bisharp|Sucker Punch|p1a: Chesnaught
|-fail|p1a: Chesnaught
|
|turn|16
|
|move|p1a: Chesnaught|Drain Punch|p2a: Bisharp
|-crit|p2a: Bisharp
|-supereffective|p2a: Bisharp
|-damage|p2a: Bisharp|0 fnt
|faint|p2a: Bisharp
|
|
|switch|p2a: Clefable|Clefable, M|394\/394 par
|turn|17
|
|switch|p1a: Charizard|Charizard-Mega-Y, M|297\/297
|-weather|SunnyDay
|switch|p2a: Excadrill|Excadrill, F|361\/361
|-ability|p2a: Excadrill|Mold Breaker
|
|-weather|SunnyDay|[upkeep]
|turn|18
|
|switch|p1a: Chesnaught|Chesnaught, F|318\/318
|move|p2a: Excadrill|Rock Slide|p1a: Chesnaught
|-miss|p2a: Excadrill|p1a: Chesnaught
|
|-weather|SunnyDay|[upkeep]
|turn|19
|
|switch|p2a: Arcanine|Arcanine, M|384\/384
|-ability|p2a: Arcanine|Intimidate|[of] p1a: Chesnaught
|-unboost|p1a: Chesnaught|atk|1
|move|p1a: Chesnaught|Substitute|p1a: Chesnaught
|-start|p1a: Chesnaught|Substitute
|-damage|p1a: Chesnaught|239\/318
|
|-weather|SunnyDay|[upkeep]
|-heal|p1a: Chesnaught|258\/318|[from] item: Leftovers
|turn|20
|
|move|p1a: Chesnaught|Drain Punch|p2a: Arcanine
|-damage|p2a: Arcanine|314\/384
|-heal|p1a: Chesnaught|293\/318|[from] drain|[of] p2a: Arcanine
|-damage|p1a: Chesnaught|240\/318|[from] item: Rocky Helmet|[of] p2a: Arcanine
|move|p2a: Arcanine|Fire Spin|p1a: Chesnaught
|-supereffective|p1a: Chesnaught
|-end|p1a: Chesnaught|Substitute
|
|-weather|SunnyDay|[upkeep]
|-heal|p1a: Chesnaught|259\/318|[from] item: Leftovers
|turn|21
|
|switch|p1a: Tyranitar|Tyranitar, M|404\/404
|-weather|Sandstorm
|move|p2a: Arcanine|Fire Spin|p1a: Tyranitar
|-resisted|p1a: Tyranitar
|-damage|p1a: Tyranitar|391\/404
|-activate|p1a: Tyranitar|move: Fire Spin|[of] p2a: Arcanine
|
|-weather|Sandstorm|[upkeep]
|-damage|p2a: Arcanine|290\/384|[from] sandstorm
|-damage|p1a: Tyranitar|341\/404|[from] move: Fire Spin|[partiallytrapped]
|turn|22
|
|move|p2a: Arcanine|Will-O-Wisp|p1a: Tyranitar|[miss]
|-miss|p2a: Arcanine|p1a: Tyranitar
|move|p1a: Tyranitar|Pursuit|p2a: Arcanine
|-damage|p2a: Arcanine|221\/384
|-damage|p1a: Tyranitar|274\/404|[from] item: Rocky Helmet|[of] p2a: Arcanine
|
|-weather|Sandstorm|[upkeep]
|-damage|p2a: Arcanine|197\/384|[from] sandstorm
|-damage|p1a: Tyranitar|224\/404|[from] move: Fire Spin|[partiallytrapped]
|turn|23
|
|move|p2a: Arcanine|Will-O-Wisp|p1a: Tyranitar
|-status|p1a: Tyranitar|brn
|-enditem|p1a: Tyranitar|Lum Berry|[eat]
|-curestatus|p1a: Tyranitar|brn
|move|p1a: Tyranitar|Rock Slide|p2a: Arcanine
|-supereffective|p2a: Arcanine
|-damage|p2a: Arcanine|0 fnt
|faint|p2a: Arcanine
|
|-weather|Sandstorm|[upkeep]
|-end|p1a: Tyranitar|Fire Spin|[partiallytrapped]
|
|switch|p2a: Gyarados|Gyarados, M|331\/331
|-ability|p2a: Gyarados|Intimidate|[of] p1a: Tyranitar
|-unboost|p1a: Tyranitar|atk|1
|turn|24
|
|detailschange|p2a: Gyarados|Gyarados-Mega, M
|-mega|p2a: Gyarados|Gyarados|Gyaradosite
|-ability|p2a: Gyarados|Mold Breaker
|move|p2a: Gyarados|Dragon Dance|p2a: Gyarados
|-boost|p2a: Gyarados|atk|1
|-boost|p2a: Gyarados|spe|1
|move|p1a: Tyranitar|Thunder Wave|p2a: Gyarados
|-status|p2a: Gyarados|par
|
|-weather|Sandstorm|[upkeep]
|-damage|p2a: Gyarados|311\/331 par|[from] sandstorm
|turn|25
|
|switch|p1a: Chesnaught|Chesnaught, F|259\/318
|move|p2a: Gyarados|Dragon Dance|p2a: Gyarados
|-boost|p2a: Gyarados|atk|1
|-boost|p2a: Gyarados|spe|1
|
|-weather|none
|-heal|p1a: Chesnaught|278\/318|[from] item: Leftovers
|turn|26
|
|move|p1a: Chesnaught|Substitute|p1a: Chesnaught
|-start|p1a: Chesnaught|Substitute
|-damage|p1a: Chesnaught|199\/318
|move|p2a: Gyarados|Ice Fang|p1a: Chesnaught
|-supereffective|p1a: Chesnaught
|-end|p1a: Chesnaught|Substitute
|
|-heal|p1a: Chesnaught|218\/318|[from] item: Leftovers
|turn|27
|
|move|p1a: Chesnaught|Substitute|p1a: Chesnaught
|-start|p1a: Chesnaught|Substitute
|-damage|p1a: Chesnaught|139\/318
|cant|p2a: Gyarados|par
|
|-heal|p1a: Chesnaught|158\/318|[from] item: Leftovers
|turn|28
|
|move|p1a: Chesnaught|Drain Punch|p2a: Gyarados
|-supereffective|p2a: Gyarados
|-damage|p2a: Gyarados|59\/331 par
|-heal|p1a: Chesnaught|284\/318|[from] drain|[of] p2a: Gyarados
|move|p2a: Gyarados|Ice Fang|p1a: Chesnaught
|-supereffective|p1a: Chesnaught
|-end|p1a: Chesnaught|Substitute
|
|-heal|p1a: Chesnaught|303\/318|[from] item: Leftovers
|turn|29
|-message|kenzikou75 forfeited.
|leave|kenzikou75
|
|win|With No Survivors
|raw|Ladder updating...
|player|p2
|raw|With No Survivors's rating: 1407 &rarr; <strong>1427<\/strong><br \/>(+20 for winning)
|raw|kenzikou75's rating: 1416 &rarr; <strong>1395<\/strong><br \/>(-21 for losing)