|join|Maxedoutpokemon
|join|With No Survivors
|player|p1|Maxedoutpokemon|290
|player|p2|With No Survivors|248
|gametype|singles
|gen|6
|tier|OU (suspect test)
|rated
|clearpoke
|poke|p1|Lopunny, F, shiny
|poke|p1|Starmie
|poke|p1|Scizor, M, shiny
|poke|p1|Rotom-Wash
|poke|p1|Dragonite, M
|poke|p1|Gengar, F
|poke|p2|Charizard, F
|poke|p2|Tyranitar, F
|poke|p2|Excadrill, M
|poke|p2|Chesnaught, F
|poke|p2|Slowbro, M
|poke|p2|Chansey, F
|rule|Swagger Clause: Swagger is banned
|rule|Baton Pass Clause: Limit one PokÃ©mon knowing Baton Pass
|rule|Sleep Clause Mod: Limit one foe put to sleep
|rule|Species Clause: Limit one of each PokÃ©mon
|rule|OHKO Clause: OHKO moves are banned
|rule|Moody Clause: Moody is banned
|rule|Evasion Moves Clause: Evasion moves are banned
|rule|Endless Battle Clause: Forcing endless battles is banned
|rule|HP Percentage Mod: HP is shown in percentages
|teampreview
|
|start
|switch|p1a: Lopunny|Lopunny, F, shiny|272\/272
|switch|p2a: Chesnaught|Chesnaught, F|318\/318
|turn|1
|
|switch|p2a: Slowbro|Slowbro, M|394\/394
|detailschange|p1a: Lopunny|Lopunny-Mega, F, shiny
|-mega|p1a: Lopunny|Lopunny|Lopunnite
|move|p1a: Lopunny|Fake Out|p2a: Slowbro
|-damage|p2a: Slowbro|328\/394
|-damage|p1a: Lopunny|227\/272|[from] item: Rocky Helmet|[of] p2a: Slowbro
|
|turn|2
|
|switch|p1a: Scizor|Scizor, M, shiny|298\/298
|switch|p2a: Chesnaught|Chesnaught, F|318\/318
|
|turn|3
|
|move|p2a: Chesnaught|Drain Punch|p1a: Scizor
|-crit|p1a: Scizor
|-damage|p1a: Scizor|148\/298
|move|p1a: Scizor|Bug Bite|p2a: Chesnaught
|-damage|p2a: Chesnaught|119\/318
|-damage|p1a: Scizor|119\/298|[from] item: Life Orb
|
|-heal|p2a: Chesnaught|138\/318|[from] item: Leftovers
|turn|4
|
|switch|p1a: Gengar|Gengar, F|261\/261
|move|p2a: Chesnaught|Drain Punch|p1a: Gengar
|-immune|p1a: Gengar|[msg]
|
|-heal|p2a: Chesnaught|157\/318|[from] item: Leftovers
|turn|5
|
|switch|p2a: Tyranitar|Tyranitar, F|404\/404
|-weather|Sandstorm
|move|p1a: Gengar|Sludge Wave|p2a: Tyranitar
|-resisted|p2a: Tyranitar
|-damage|p2a: Tyranitar|345\/404
|
|-weather|Sandstorm|[upkeep]
|-damage|p1a: Gengar|245\/261|[from] sandstorm
|turn|6
|
|move|p2a: Tyranitar|Pursuit|p1a: Gengar|[from]Pursuit
|-supereffective|p1a: Gengar
|-damage|p1a: Gengar|0 fnt
|faint|p1a: Gengar
|
|-weather|Sandstorm|[upkeep]
|
|switch|p1a: Lopunny|Lopunny-Mega, F, shiny|227\/272
|turn|7
|
|switch|p2a: Slowbro|Slowbro, M|394\/394
|move|p1a: Lopunny|Fake Out|p2a: Slowbro
|-damage|p2a: Slowbro|325\/394
|-damage|p1a: Lopunny|182\/272|[from] item: Rocky Helmet|[of] p2a: Slowbro
|
|-weather|Sandstorm|[upkeep]
|-damage|p1a: Lopunny|165\/272|[from] sandstorm
|-damage|p2a: Slowbro|301\/394|[from] sandstorm
|turn|8
|
|switch|p1a: Rotom-Wash|Rotom-Wash|304\/304
|move|p2a: Slowbro|Scald|p1a: Rotom-Wash
|-resisted|p1a: Rotom-Wash
|-damage|p1a: Rotom-Wash|256\/304
|
|-weather|Sandstorm|[upkeep]
|-damage|p1a: Rotom-Wash|237\/304|[from] sandstorm
|-damage|p2a: Slowbro|277\/394|[from] sandstorm
|-heal|p1a: Rotom-Wash|256\/304|[from] item: Leftovers
|turn|9
|
|switch|p2a: Chansey|Chansey, F|642\/642
|move|p1a: Rotom-Wash|Will-O-Wisp|p2a: Chansey
|-status|p2a: Chansey|brn
|
|-weather|none
|-heal|p1a: Rotom-Wash|275\/304|[from] item: Leftovers
|-damage|p2a: Chansey|562\/642 brn|[from] brn
|turn|10
|
|switch|p1a: Scizor|Scizor, M, shiny|119\/298
|move|p2a: Chansey|Seismic Toss|p1a: Scizor
|-damage|p1a: Scizor|19\/298
|
|-damage|p2a: Chansey|482\/642 brn|[from] brn
|turn|11
|
|move|p1a: Scizor|Bug Bite|p2a: Chansey
|-damage|p2a: Chansey|170\/642 brn
|-damage|p1a: Scizor|0 fnt|[from] item: Life Orb
|faint|p1a: Scizor
|move|p2a: Chansey|Seismic Toss|p1: Scizor|[notarget]
|-notarget
|
|-damage|p2a: Chansey|90\/642 brn|[from] brn
|c|âWith No Survivors|ah didn't notice the LO
|
|switch|p1a: Dragonite|Dragonite, M|323\/323
|turn|12
|
|move|p1a: Dragonite|Dragon Dance|p1a: Dragonite
|-boost|p1a: Dragonite|atk|1
|-boost|p1a: Dragonite|spe|1
|move|p2a: Chansey|Seismic Toss|p1a: Dragonite
|-damage|p1a: Dragonite|223\/323
|
|-damage|p2a: Chansey|10\/642 brn|[from] brn
|turn|13
|
|move|p1a: Dragonite|Dragon Dance|p1a: Dragonite
|-boost|p1a: Dragonite|atk|1
|-boost|p1a: Dragonite|spe|1
|move|p2a: Chansey|Thunder Wave|p1a: Dragonite
|-status|p1a: Dragonite|par
|
|-damage|p2a: Chansey|0 fnt|[from] brn
|faint|p2a: Chansey
|
|switch|p2a: Tyranitar|Tyranitar, F|345\/404
|-weather|Sandstorm
|turn|14
|
|move|p2a: Tyranitar|Rock Slide|p1a: Dragonite
|-supereffective|p1a: Dragonite
|-damage|p1a: Dragonite|0 fnt
|faint|p1a: Dragonite
|
|-weather|Sandstorm|[upkeep]
|
|switch|p1a: Starmie|Starmie|261\/261
|turn|15
|
|move|p1a: Starmie|Surf|p2a: Tyranitar
|-supereffective|p2a: Tyranitar
|-damage|p2a: Tyranitar|116\/404
|-damage|p1a: Starmie|235\/261|[from] item: Life Orb
|move|p2a: Tyranitar|Pursuit|p1a: Starmie
|-supereffective|p1a: Starmie
|-damage|p1a: Starmie|59\/261
|
|-weather|Sandstorm|[upkeep]
|-damage|p1a: Starmie|43\/261|[from] sandstorm
|turn|16
|
|switch|p2a: Slowbro|Slowbro, M|394\/394
|move|p1a: Starmie|Surf|p2a: Slowbro
|-resisted|p2a: Slowbro
|-damage|p2a: Slowbro|293\/394
|-damage|p1a: Starmie|17\/261|[from] item: Life Orb
|
|-weather|Sandstorm|[upkeep]
|-damage|p1a: Starmie|1\/261|[from] sandstorm
|-damage|p2a: Slowbro|269\/394|[from] sandstorm
|turn|17
|
|switch|p1a: Rotom-Wash|Rotom-Wash|275\/304
|switch|p2a: Excadrill|Excadrill, M|362\/362
|
|-weather|Sandstorm|[upkeep]
|-damage|p1a: Rotom-Wash|256\/304|[from] sandstorm
|-heal|p1a: Rotom-Wash|275\/304|[from] item: Leftovers
|turn|18
|
|switch|p2a: Tyranitar|Tyranitar, F|116\/404
|move|p1a: Rotom-Wash|Will-O-Wisp|p2a: Tyranitar
|-status|p2a: Tyranitar|brn
|-enditem|p2a: Tyranitar|Lum Berry|[eat]
|-curestatus|p2a: Tyranitar|brn
|
|-weather|none
|-heal|p1a: Rotom-Wash|294\/304|[from] item: Leftovers
|turn|19
|
|move|p1a: Rotom-Wash|Hydro Pump|p2a: Tyranitar|[miss]
|-miss|p1a: Rotom-Wash|p2a: Tyranitar
|move|p2a: Tyranitar|Stealth Rock|p1a: Rotom-Wash
|-sidestart|p1: Maxedoutpokemon|move: Stealth Rock
|
|-heal|p1a: Rotom-Wash|304\/304|[from] item: Leftovers
|turn|20
|
|move|p1a: Rotom-Wash|Hydro Pump|p2a: Tyranitar
|-supereffective|p2a: Tyranitar
|-damage|p2a: Tyranitar|0 fnt
|faint|p2a: Tyranitar
|
|
|switch|p2a: Charizard|Charizard, F|297\/297
|turn|21
|
|detailschange|p2a: Charizard|Charizard-Mega-Y, F
|-mega|p2a: Charizard|Charizard|Charizardite Y
|-weather|SunnyDay
|move|p2a: Charizard|Solar Beam|p1a: Rotom-Wash|[still]
|-prepare|p2a: Charizard|Solar Beam|p1a: Rotom-Wash
|-anim|p2a: Charizard|Solar Beam|p1a: Rotom-Wash
|-supereffective|p1a: Rotom-Wash
|-damage|p1a: Rotom-Wash|50\/304
|move|p1a: Rotom-Wash|Volt Switch|p2a: Charizard
|-supereffective|p2a: Charizard
|-damage|p2a: Charizard|117\/297
|
|switch|p1a: Lopunny|Lopunny-Mega, F, shiny|165\/272
|-damage|p1a: Lopunny|148\/272|[from] Stealth Rock
|
|-weather|SunnyDay|[upkeep]
|turn|22
|
|switch|p2a: Slowbro|Slowbro, M|394\/394
|move|p1a: Lopunny|Fake Out|p2a: Slowbro
|-damage|p2a: Slowbro|328\/394
|-damage|p1a: Lopunny|103\/272|[from] item: Rocky Helmet|[of] p2a: Slowbro
|
|-weather|SunnyDay|[upkeep]
|turn|23
|
|move|p1a: Lopunny|Return|p2a: Slowbro
|-damage|p2a: Slowbro|150\/394
|-damage|p1a: Lopunny|58\/272|[from] item: Rocky Helmet|[of] p2a: Slowbro
|move|p2a: Slowbro|Psychic|p1a: Lopunny
|-crit|p1a: Lopunny
|-supereffective|p1a: Lopunny
|-damage|p1a: Lopunny|0 fnt
|faint|p1a: Lopunny
|
|-weather|SunnyDay|[upkeep]
|
|switch|p1a: Starmie|Starmie|1\/261
|-damage|p1a: Starmie|0 fnt|[from] Stealth Rock
|faint|p1a: Starmie
|
|switch|p1a: Rotom-Wash|Rotom-Wash|50\/304
|-damage|p1a: Rotom-Wash|12\/304|[from] Stealth Rock
|turn|24
|
|switch|p2a: Excadrill|Excadrill, M|362\/362
|move|p1a: Rotom-Wash|Volt Switch|p2a: Excadrill
|-immune|p2a: Excadrill|[msg]
|
|-weather|SunnyDay|[upkeep]
|-heal|p1a: Rotom-Wash|31\/304|[from] item: Leftovers
|turn|25
|-message|Maxedoutpokemon forfeited.
|leave|Maxedoutpokemon
|
|win|With No Survivors
|raw|Ladder updating...
|player|p1
|raw|Maxedoutpokemon's rating: 1111 &rarr; <strong>1092<\/strong><br \/>(-19 for losing)
|raw|With No Survivors's rating: 1189 &rarr; <strong>1208<\/strong><br \/>(+19 for winning)