|join|wishful thinking 1
|join|With No Survivors
|player|p1|wishful thinking 1|169
|player|p2|With No Survivors|248
|gametype|singles
|gen|6
|tier|OU (suspect test)
|rated
|clearpoke
|poke|p1|Clefable, F
|poke|p1|Cobalion
|poke|p1|Latias, F
|poke|p1|Rotom-Wash
|poke|p1|Diggersby, F
|poke|p1|Ferrothorn, M
|poke|p2|Charizard, M
|poke|p2|Tyranitar, F
|poke|p2|Excadrill, M
|poke|p2|Chesnaught, M
|poke|p2|Slowbro, F
|poke|p2|Chansey, F
|rule|Swagger Clause: Swagger is banned
|rule|Baton Pass Clause: Limit one PokÃ©mon knowing Baton Pass
|rule|Sleep Clause Mod: Limit one foe put to sleep
|rule|Species Clause: Limit one of each PokÃ©mon
|rule|OHKO Clause: OHKO moves are banned
|rule|Moody Clause: Moody is banned
|rule|Evasion Moves Clause: Evasion moves are banned
|rule|Endless Battle Clause: Forcing endless battles is banned
|rule|HP Percentage Mod: HP is shown in percentages
|teampreview
|
|start
|switch|p1a: Latias|Latias, F|363\/363
|switch|p2a: Charizard|Charizard, M|297\/297
|turn|1
|
|switch|p2a: Chansey|Chansey, F|642\/642
|detailschange|p1a: Latias|Latias-Mega, F
|-mega|p1a: Latias|Latias|Latiasite
|move|p1a: Latias|Calm Mind|p1a: Latias
|-boost|p1a: Latias|spa|1
|-boost|p1a: Latias|spd|1
|
|turn|2
|
|switch|p1a: Cobalion|Cobalion|323\/323
|move|p2a: Chansey|Thunder Wave|p1a: Cobalion
|-status|p1a: Cobalion|par
|
|turn|3
|
|switch|p2a: Slowbro|Slowbro, F|394\/394
|move|p1a: Cobalion|Stealth Rock|p2a: Slowbro
|-sidestart|p2: With No Survivors|move: Stealth Rock
|
|turn|4
|
|move|p2a: Slowbro|Fire Blast|p1a: Cobalion
|-supereffective|p1a: Cobalion
|-damage|p1a: Cobalion|0 fnt
|faint|p1a: Cobalion
|
|
|switch|p1a: Rotom-Wash|Rotom-Wash|304\/304
|turn|5
|
|switch|p2a: Excadrill|Excadrill, M|362\/362
|-damage|p2a: Excadrill|351\/362|[from] Stealth Rock
|move|p1a: Rotom-Wash|Will-O-Wisp|p2a: Excadrill|[miss]
|-miss|p1a: Rotom-Wash|p2a: Excadrill
|
|turn|6
|
|move|p2a: Excadrill|Rapid Spin|p1a: Rotom-Wash
|-damage|p1a: Rotom-Wash|284\/304
|-sideend|p2: With No Survivors|Stealth Rock|[from] move: Rapid Spin|[of] p2a: Excadrill
|move|p1a: Rotom-Wash|Hydro Pump|p2a: Excadrill
|-supereffective|p2a: Excadrill
|-damage|p2a: Excadrill|75\/362
|
|-heal|p1a: Rotom-Wash|303\/304|[from] item: Leftovers
|turn|7
|
|switch|p2a: Tyranitar|Tyranitar, F|404\/404
|-weather|Sandstorm
|move|p1a: Rotom-Wash|Will-O-Wisp|p2a: Tyranitar|[miss]
|-miss|p1a: Rotom-Wash|p2a: Tyranitar
|
|-weather|Sandstorm|[upkeep]
|-damage|p1a: Rotom-Wash|284\/304|[from] sandstorm
|-heal|p1a: Rotom-Wash|303\/304|[from] item: Leftovers
|turn|8
|
|move|p1a: Rotom-Wash|Will-O-Wisp|p2a: Tyranitar
|-status|p2a: Tyranitar|brn
|-enditem|p2a: Tyranitar|Lum Berry|[eat]
|-curestatus|p2a: Tyranitar|brn
|move|p2a: Tyranitar|Stealth Rock|p1a: Rotom-Wash
|-sidestart|p1: wishful thinking 1|move: Stealth Rock
|
|-weather|Sandstorm|[upkeep]
|-damage|p1a: Rotom-Wash|284\/304|[from] sandstorm
|-heal|p1a: Rotom-Wash|303\/304|[from] item: Leftovers
|turn|9
|
|switch|p2a: Charizard|Charizard, M|297\/297
|move|p1a: Rotom-Wash|Volt Switch|p2a: Charizard
|-supereffective|p2a: Charizard
|-damage|p2a: Charizard|91\/297
|
|switch|p1a: Diggersby|Diggersby, F|357\/357
|-damage|p1a: Diggersby|335\/357|[from] Stealth Rock
|
|-weather|Sandstorm|[upkeep]
|-damage|p2a: Charizard|73\/297|[from] sandstorm
|turn|10
|
|switch|p2a: Slowbro|Slowbro, F|394\/394
|switch|p1a: Clefable|Clefable, F|393\/393
|
|-weather|Sandstorm|[upkeep]
|-damage|p2a: Slowbro|370\/394|[from] sandstorm
|turn|11
|
|switch|p2a: Chansey|Chansey, F|642\/642
|move|p1a: Clefable|Calm Mind|p1a: Clefable
|-boost|p1a: Clefable|spa|1
|-boost|p1a: Clefable|spd|1
|
|-weather|none
|turn|12
|
|move|p1a: Clefable|Calm Mind|p1a: Clefable
|-boost|p1a: Clefable|spa|1
|-boost|p1a: Clefable|spd|1
|move|p2a: Chansey|Thunder Wave|p1a: Clefable
|-status|p1a: Clefable|par
|
|turn|13
|
|move|p2a: Chansey|Seismic Toss|p1a: Clefable
|-damage|p1a: Clefable|293\/393 par
|move|p1a: Clefable|Focus Blast|p2a: Chansey
|-supereffective|p2a: Chansey
|-damage|p2a: Chansey|460\/642
|
|-heal|p1a: Clefable|317\/393 par|[from] item: Leftovers
|turn|14
|
|switch|p2a: Excadrill|Excadrill, M|75\/362
|cant|p1a: Clefable|par
|
|-heal|p1a: Clefable|341\/393 par|[from] item: Leftovers
|turn|15
|
|switch|p2a: Charizard|Charizard, M|73\/297
|switch|p1a: Ferrothorn|Ferrothorn, M|352\/352
|-damage|p1a: Ferrothorn|330\/352|[from] Stealth Rock
|
|turn|16
|
|switch|p1a: Rotom-Wash|Rotom-Wash|303\/304
|-damage|p1a: Rotom-Wash|265\/304|[from] Stealth Rock
|move|p2a: Charizard|Roost|p2a: Charizard
|-heal|p2a: Charizard|222\/297
|
|-heal|p1a: Rotom-Wash|284\/304|[from] item: Leftovers
|turn|17
|
|detailschange|p2a: Charizard|Charizard-Mega-Y, M
|-mega|p2a: Charizard|Charizard|Charizardite Y
|-weather|SunnyDay
|move|p2a: Charizard|Solar Beam|p1a: Rotom-Wash|[still]
|-prepare|p2a: Charizard|Solar Beam|p1a: Rotom-Wash
|-anim|p2a: Charizard|Solar Beam|p1a: Rotom-Wash
|-crit|p1a: Rotom-Wash
|-supereffective|p1a: Rotom-Wash
|-damage|p1a: Rotom-Wash|0 fnt
|faint|p1a: Rotom-Wash
|
|-weather|SunnyDay|[upkeep]
|-message|wishful thinking 1 forfeited.
|leave|wishful thinking 1
|
|win|With No Survivors
|raw|Ladder updating...
|player|p1
|raw|wishful thinking 1's rating: 1342 &rarr; <strong>1324<\/strong><br \/>(-18 for losing)
|raw|With No Survivors's rating: 1382 &rarr; <strong>1400<\/strong><br \/>(+18 for winning)