|join|EnvyForsaken
|join|With No Survivors
|player|p1|EnvyForsaken|161
|player|p2|With No Survivors|248
|gametype|singles
|gen|6
|tier|OU (suspect test)
|rated
|clearpoke
|poke|p1|Gyarados, M
|poke|p1|Rhyperior, M
|poke|p1|Gardevoir, F
|poke|p1|Infernape, F
|poke|p1|Magnezone
|poke|p1|Toxicroak, M
|poke|p2|Charizard, M
|poke|p2|Tyranitar, M
|poke|p2|Excadrill, F
|poke|p2|Chesnaught, F
|poke|p2|Slowbro, F
|poke|p2|Chansey, F
|rule|Swagger Clause: Swagger is banned
|rule|Baton Pass Clause: Limit one PokÃ©mon knowing Baton Pass
|rule|Sleep Clause Mod: Limit one foe put to sleep
|rule|Species Clause: Limit one of each PokÃ©mon
|rule|OHKO Clause: OHKO moves are banned
|rule|Moody Clause: Moody is banned
|rule|Evasion Moves Clause: Evasion moves are banned
|rule|Endless Battle Clause: Forcing endless battles is banned
|rule|HP Percentage Mod: HP is shown in percentages
|teampreview
|
|start
|switch|p1a: Rhyperior|Rhyperior, M|371\/371
|switch|p2a: Slowbro|Slowbro, F|394\/394
|turn|1
|
|switch|p1a: Toxicroak|Toxicroak, M|307\/307
|move|p2a: Slowbro|Psyshock|p1a: Toxicroak
|-supereffective|p1a: Toxicroak
|-damage|p1a: Toxicroak|0 fnt
|faint|p1a: Toxicroak
|
|
|switch|p1a: Magnezone|Magnezone|344\/344
|turn|2
|
|switch|p2a: Excadrill|Excadrill, F|362\/362
|move|p1a: Magnezone|Flash Cannon|p2a: Excadrill
|-resisted|p2a: Excadrill
|-damage|p2a: Excadrill|222\/362
|-unboost|p2a: Excadrill|spd|1
|
|turn|3
|
|switch|p1a: Gyarados|Gyarados, M|332\/332
|-ability|p1a: Gyarados|Intimidate|[of] p2a: Excadrill
|-unboost|p2a: Excadrill|atk|1
|move|p2a: Excadrill|Earthquake|p1a: Gyarados
|-immune|p1a: Gyarados|[msg]
|
|turn|4
|
|switch|p2a: Chesnaught|Chesnaught, F|318\/318
|move|p1a: Gyarados|Dragon Dance|p1a: Gyarados
|-boost|p1a: Gyarados|atk|1
|-boost|p1a: Gyarados|spe|1
|
|turn|5
|
|move|p1a: Gyarados|Ice Fang|p2a: Chesnaught
|-supereffective|p2a: Chesnaught
|-damage|p2a: Chesnaught|108\/318
|move|p2a: Chesnaught|Wood Hammer|p1a: Gyarados
|-damage|p1a: Gyarados|82\/332
|-damage|p2a: Chesnaught|25\/318|[from] recoil|[of] p1a: Gyarados
|
|-heal|p2a: Chesnaught|44\/318|[from] item: Leftovers
|turn|6
|
|switch|p2a: Slowbro|Slowbro, F|394\/394
|move|p1a: Gyarados|Waterfall|p2a: Slowbro
|-resisted|p2a: Slowbro
|-damage|p2a: Slowbro|282\/394
|-damage|p1a: Gyarados|27\/332|[from] item: Rocky Helmet|[of] p2a: Slowbro
|
|turn|7
|
|switch|p2a: Tyranitar|Tyranitar, M|404\/404
|-weather|Sandstorm
|detailschange|p1a: Gyarados|Gyarados-Mega, M
|-mega|p1a: Gyarados|Gyarados|Gyaradosite
|-ability|p1a: Gyarados|Mold Breaker
|move|p1a: Gyarados|Earthquake|p2a: Tyranitar
|-supereffective|p2a: Tyranitar
|-damage|p2a: Tyranitar|0 fnt
|faint|p2a: Tyranitar
|
|-weather|Sandstorm|[upkeep]
|-damage|p1a: Gyarados|7\/332|[from] sandstorm
|
|switch|p2a: Excadrill|Excadrill, F|222\/362
|turn|8
|
|move|p2a: Excadrill|Earthquake|p1a: Gyarados
|-damage|p1a: Gyarados|0 fnt
|faint|p1a: Gyarados
|
|-weather|Sandstorm|[upkeep]
|
|switch|p1a: Rhyperior|Rhyperior, M|371\/371
|turn|9
|
|switch|p2a: Slowbro|Slowbro, F|394\/394
|move|p1a: Rhyperior|Earthquake|p2a: Slowbro
|-damage|p2a: Slowbro|187\/394
|
|-weather|Sandstorm|[upkeep]
|-damage|p2a: Slowbro|163\/394|[from] sandstorm
|turn|10
|
|switch|p2a: Charizard|Charizard, M|297\/297
|move|p1a: Rhyperior|Stone Edge|p2a: Charizard
|-supereffective|p2a: Charizard
|-damage|p2a: Charizard|0 fnt
|faint|p2a: Charizard
|
|-weather|Sandstorm|[upkeep]
|
|switch|p2a: Chesnaught|Chesnaught, F|44\/318
|turn|11
|
|switch|p1a: Infernape|Infernape, F|293\/293
|move|p2a: Chesnaught|Drain Punch|p1a: Infernape
|-damage|p1a: Infernape|124\/293
|-heal|p2a: Chesnaught|129\/318|[from] drain|[of] p1a: Infernape
|
|-weather|none
|-heal|p2a: Chesnaught|148\/318|[from] item: Leftovers
|turn|12
|
|switch|p2a: Slowbro|Slowbro, F|294\/394
|move|p1a: Infernape|Flare Blitz|p2a: Slowbro
|-resisted|p2a: Slowbro
|-damage|p2a: Slowbro|198\/394
|-damage|p1a: Infernape|76\/293|[from] item: Rocky Helmet|[of] p2a: Slowbro
|-damage|p1a: Infernape|44\/293|[from] recoil|[of] p2a: Slowbro
|
|turn|13
|
|switch|p1a: Gardevoir|Gardevoir, F|277\/277
|-ability|p1a: Gardevoir|Regenerator|[from] ability: Trace|[of] p2a: Slowbro
|switch|p2a: Chansey|Chansey, F|642\/642
|
|turn|14
|
|switch|p1a: Infernape|Infernape, F|44\/293
|move|p2a: Chansey|Seismic Toss|p1a: Infernape
|-damage|p1a: Infernape|0 fnt
|faint|p1a: Infernape
|
|
|switch|p1a: Rhyperior|Rhyperior, M|371\/371
|turn|15
|
|switch|p2a: Chesnaught|Chesnaught, F|148\/318
|move|p1a: Rhyperior|Earthquake|p2a: Chesnaught
|-resisted|p2a: Chesnaught
|-damage|p2a: Chesnaught|67\/318
|
|-heal|p2a: Chesnaught|86\/318|[from] item: Leftovers
|turn|16
|
|move|p2a: Chesnaught|Synthesis|p2a: Chesnaught
|-heal|p2a: Chesnaught|245\/318
|move|p1a: Rhyperior|Ice Punch|p2a: Chesnaught
|-supereffective|p2a: Chesnaught
|-damage|p2a: Chesnaught|59\/318
|
|-heal|p2a: Chesnaught|78\/318|[from] item: Leftovers
|turn|17
|
|move|p2a: Chesnaught|Wood Hammer|p1a: Rhyperior
|-supereffective|p1a: Rhyperior
|-damage|p1a: Rhyperior|0 fnt
|-damage|p2a: Chesnaught|0 fnt|[from] recoil|[of] p1a: Rhyperior
|faint|p1a: Rhyperior
|faint|p2a: Chesnaught
|
|
|switch|p2a: Excadrill|Excadrill, F|222\/362
|switch|p1a: Magnezone|Magnezone|344\/344
|turn|18
|
|move|p2a: Excadrill|Earthquake|p1a: Magnezone
|-supereffective|p1a: Magnezone
|-damage|p1a: Magnezone|0 fnt
|faint|p1a: Magnezone
|
|
|switch|p1a: Gardevoir|Gardevoir, F|277\/277
|-ability|p1a: Gardevoir|Sand Rush|[from] ability: Trace|[of] p2a: Excadrill
|turn|19
|
|move|p1a: Gardevoir|Hidden Power|p2a: Excadrill
|-supereffective|p2a: Excadrill
|-damage|p2a: Excadrill|100\/362
|move|p2a: Excadrill|Iron Head|p1a: Gardevoir
|-supereffective|p1a: Gardevoir
|-damage|p1a: Gardevoir|0 fnt
|faint|p1a: Gardevoir
|
|win|With No Survivors
|raw|Ladder updating...
|raw|EnvyForsaken's rating: 1313 &rarr; <strong>1298<\/strong><br \/>(-15 for losing)
|raw|With No Survivors's rating: 1399 &rarr; <strong>1414<\/strong><br \/>(+15 for winning)
|c|âWith No Survivors|gg
|leave|EnvyForsaken
|player|p1