|join|With No Survivors
|join|Lordeofpokemon0
|player|p1|With No Survivors|248
|player|p2|Lordeofpokemon0|170
|gametype|singles
|gen|6
|tier|OU (suspect test)
|rated
|clearpoke
|poke|p1|Charizard, F
|poke|p1|Tyranitar, F
|poke|p1|Excadrill, F
|poke|p1|Chesnaught, F
|poke|p1|Slowbro, M
|poke|p1|Chansey, F
|poke|p2|Slowbro, F
|poke|p2|Keldeo-Resolute
|poke|p2|Amoonguss, F
|poke|p2|Heatran, F
|poke|p2|Latias, F
|poke|p2|Landorus-Therian, M
|rule|Swagger Clause: Swagger is banned
|rule|Baton Pass Clause: Limit one PokÃ©mon knowing Baton Pass
|rule|Sleep Clause Mod: Limit one foe put to sleep
|rule|Species Clause: Limit one of each PokÃ©mon
|rule|OHKO Clause: OHKO moves are banned
|rule|Moody Clause: Moody is banned
|rule|Evasion Moves Clause: Evasion moves are banned
|rule|Endless Battle Clause: Forcing endless battles is banned
|rule|HP Percentage Mod: HP is shown in percentages
|teampreview
|
|start
|switch|p1a: Slowbro|Slowbro, M|394\/394
|switch|p2a: Breakfast|Amoonguss, F|431\/431
|turn|1
|
|switch|p1a: Chesnaught|Chesnaught, F|318\/318
|move|p2a: Breakfast|Giga Drain|p1a: Chesnaught
|-resisted|p1a: Chesnaught
|-damage|p1a: Chesnaught|272\/318
|
|-heal|p1a: Chesnaught|291\/318|[from] item: Leftovers
|turn|2
|
|switch|p1a: Charizard|Charizard, F|297\/297
|move|p2a: Breakfast|Clear Smog|p1a: Charizard
|-damage|p1a: Charizard|228\/297
|-clearboost|p1a: Charizard
|
|turn|3
|
|switch|p2a: Viking|Heatran, F|385\/385
|detailschange|p1a: Charizard|Charizard-Mega-Y, F
|-mega|p1a: Charizard|Charizard|Charizardite Y
|-weather|SunnyDay
|move|p1a: Charizard|Fire Blast|p2a: Viking
|-start|p2a: Viking|ability: Flash Fire
|
|-weather|SunnyDay|[upkeep]
|turn|4
|
|move|p1a: Charizard|Earthquake|p2a: Viking
|-supereffective|p2a: Viking
|-damage|p2a: Viking|57\/385
|move|p2a: Viking|Stealth Rock|p1a: Charizard
|-sidestart|p1: With No Survivors|move: Stealth Rock
|
|-weather|SunnyDay|[upkeep]
|-heal|p2a: Viking|81\/385|[from] item: Leftovers
|turn|5
|
|move|p2a: Viking|Protect|p2a: Viking
|-singleturn|p2a: Viking|Protect
|move|p1a: Charizard|Fire Blast|p2a: Viking
|-activate|p2a: Viking|Protect
|
|-weather|SunnyDay|[upkeep]
|-heal|p2a: Viking|105\/385|[from] item: Leftovers
|turn|6
|
|move|p1a: Charizard|Earthquake|p2a: Viking
|-supereffective|p2a: Viking
|-damage|p2a: Viking|0 fnt
|faint|p2a: Viking
|
|-weather|SunnyDay|[upkeep]
|
|switch|p2a: New Rayquaza|Landorus-Therian, M|319\/319
|-ability|p2a: New Rayquaza|Intimidate|[of] p1a: Charizard
|-unboost|p1a: Charizard|atk|1
|turn|7
|
|switch|p1a: Excadrill|Excadrill, F|362\/362
|-damage|p1a: Excadrill|351\/362|[from] Stealth Rock
|move|p2a: New Rayquaza|Stone Edge|p1a: Excadrill
|-resisted|p1a: Excadrill
|-damage|p1a: Excadrill|306\/362
|
|-weather|none
|turn|8
|
|switch|p2a: Breakfast|Amoonguss, F|431\/431
|move|p1a: Excadrill|Rapid Spin|p2a: Breakfast
|-damage|p2a: Breakfast|404\/431
|-sideend|p1: With No Survivors|Stealth Rock|[from] move: Rapid Spin|[of] p1a: Excadrill
|
|-heal|p2a: Breakfast|430\/431|[from] item: Black Sludge
|turn|9
|
|switch|p1a: Tyranitar|Tyranitar, F|404\/404
|-weather|Sandstorm
|move|p2a: Breakfast|Giga Drain|p1a: Tyranitar
|-supereffective|p1a: Tyranitar
|-damage|p1a: Tyranitar|300\/404
|-heal|p2a: Breakfast|431\/431|[from] drain|[of] p1a: Tyranitar
|
|-weather|Sandstorm|[upkeep]
|-damage|p2a: Breakfast|405\/431|[from] sandstorm
|-heal|p2a: Breakfast|431\/431|[from] item: Black Sludge
|turn|10
|
|move|p1a: Tyranitar|Stealth Rock|p2a: Breakfast
|-sidestart|p2: Lordeofpokemon0|move: Stealth Rock
|move|p2a: Breakfast|Giga Drain|p1a: Tyranitar
|-supereffective|p1a: Tyranitar
|-damage|p1a: Tyranitar|190\/404
|
|-weather|Sandstorm|[upkeep]
|-damage|p2a: Breakfast|405\/431|[from] sandstorm
|-heal|p2a: Breakfast|431\/431|[from] item: Black Sludge
|turn|11
|
|switch|p1a: Charizard|Charizard-Mega-Y, F|228\/297
|-weather|SunnyDay
|move|p2a: Breakfast|Giga Drain|p1a: Charizard
|-resisted|p1a: Charizard
|-damage|p1a: Charizard|210\/297
|
|-weather|SunnyDay|[upkeep]
|turn|12
|
|move|p1a: Charizard|Fire Blast|p2a: Breakfast|[miss]
|-miss|p1a: Charizard|p2a: Breakfast
|move|p2a: Breakfast|Spore|p1a: Charizard
|-status|p1a: Charizard|slp
|
|-weather|SunnyDay|[upkeep]
|turn|13
|
|switch|p1a: Chansey|Chansey, F|642\/642
|switch|p2a: Lady Lat|Latias, F|301\/301
|-damage|p2a: Lady Lat|264\/301|[from] Stealth Rock
|
|-weather|SunnyDay|[upkeep]
|turn|14
|
|move|p2a: Lady Lat|Defog|p1a: Chansey
|-unboost|p1a: Chansey|evasion|1
|-sideend|p2: Lordeofpokemon0|Stealth Rock|[from] move: Defog|[of] p2a: Lady Lat
|move|p1a: Chansey|Thunder Wave|p2a: Lady Lat
|-status|p2a: Lady Lat|par
|
|-weather|SunnyDay|[upkeep]
|turn|15
|
|switch|p2a: New Rayquaza|Landorus-Therian, M|319\/319
|-ability|p2a: New Rayquaza|Intimidate|[of] p1a: Chansey
|-unboost|p1a: Chansey|atk|1
|move|p1a: Chansey|Aromatherapy|p1a: Chansey
|-cureteam|p1a: Chansey|[from] move: Aromatherapy
|
|-weather|none
|turn|16
|
|move|p2a: New Rayquaza|Knock Off|p1a: Chansey
|-damage|p1a: Chansey|479\/642
|-enditem|p1a: Chansey|Eviolite|[from] move: Knock Off|[of] p2a: New Rayquaza
|move|p1a: Chansey|Seismic Toss|p2a: New Rayquaza
|-damage|p2a: New Rayquaza|219\/319
|
|turn|17
|
|move|p2a: New Rayquaza|Knock Off|p1a: Chansey
|-damage|p1a: Chansey|310\/642
|move|p1a: Chansey|Thunder Wave|p2a: New Rayquaza
|-immune|p2a: New Rayquaza|[msg]
|
|turn|18
|
|move|p2a: New Rayquaza|Knock Off|p1a: Chansey
|-damage|p1a: Chansey|148\/642
|move|p1a: Chansey|Soft-Boiled|p1a: Chansey
|-heal|p1a: Chansey|469\/642
|
|turn|19
|
|switch|p2a: Parry|Keldeo-Resolute|323\/323
|move|p1a: Chansey|Seismic Toss|p2a: Parry
|-damage|p2a: Parry|223\/323
|
|turn|20
|
|switch|p1a: Slowbro|Slowbro, M|394\/394
|move|p2a: Parry|Secret Sword|p1a: Slowbro
|-resisted|p1a: Slowbro
|-damage|p1a: Slowbro|312\/394
|-damage|p2a: Parry|191\/323|[from] item: Life Orb
|
|turn|21
|
|switch|p2a: Breakfast|Amoonguss, F|431\/431
|move|p1a: Slowbro|Psychic|p2a: Breakfast
|-supereffective|p2a: Breakfast
|-damage|p2a: Breakfast|111\/431
|
|-heal|p2a: Breakfast|137\/431|[from] item: Black Sludge
|turn|22
|
|move|p1a: Slowbro|Psychic|p2a: Breakfast
|-crit|p2a: Breakfast
|-supereffective|p2a: Breakfast
|-damage|p2a: Breakfast|0 fnt
|faint|p2a: Breakfast
|
|
|switch|p2a: Friendship|Slowbro, F|393\/393
|turn|23
|
|switch|p1a: Charizard|Charizard-Mega-Y, F|210\/297
|-weather|SunnyDay
|detailschange|p2a: Friendship|Slowbro-Mega, F
|-mega|p2a: Friendship|Slowbro|Slowbronite
|move|p2a: Friendship|Calm Mind|p2a: Friendship
|-boost|p2a: Friendship|spa|1
|-boost|p2a: Friendship|spd|1
|
|-weather|SunnyDay|[upkeep]
|turn|24
|
|move|p1a: Charizard|Solar Beam|p2a: Friendship|[still]
|-prepare|p1a: Charizard|Solar Beam|p2a: Friendship
|-anim|p1a: Charizard|Solar Beam|p2a: Friendship
|-supereffective|p2a: Friendship
|-damage|p2a: Friendship|111\/393
|move|p2a: Friendship|Psyshock|p1a: Charizard
|-crit|p1a: Charizard
|-damage|p1a: Charizard|0 fnt
|faint|p1a: Charizard
|
|-weather|SunnyDay|[upkeep]
|
|switch|p1a: Chesnaught|Chesnaught, F|291\/318
|turn|25
|
|switch|p2a: Lady Lat|Latias, F|264\/301 par
|move|p1a: Chesnaught|Wood Hammer|p2a: Lady Lat
|-resisted|p2a: Lady Lat
|-damage|p2a: Lady Lat|153\/301 par
|-damage|p1a: Chesnaught|254\/318|[from] recoil|[of] p2a: Lady Lat
|
|-weather|SunnyDay|[upkeep]
|-heal|p1a: Chesnaught|273\/318|[from] item: Leftovers
|turn|26
|
|switch|p1a: Tyranitar|Tyranitar, F|190\/404
|-weather|Sandstorm
|move|p2a: Lady Lat|Psyshock|p1a: Tyranitar
|-immune|p1a: Tyranitar|[msg]
|
|-weather|Sandstorm|[upkeep]
|-damage|p2a: Lady Lat|135\/301 par|[from] sandstorm
|turn|27
|
|move|p1a: Tyranitar|Pursuit|p2a: Lady Lat
|-supereffective|p2a: Lady Lat
|-damage|p2a: Lady Lat|0 fnt
|faint|p2a: Lady Lat
|
|-weather|Sandstorm|[upkeep]
|
|switch|p2a: Parry|Keldeo-Resolute|191\/323
|turn|28
|
|switch|p1a: Slowbro|Slowbro, M|394\/394
|move|p2a: Parry|Secret Sword|p1a: Slowbro
|-resisted|p1a: Slowbro
|-damage|p1a: Slowbro|308\/394
|-damage|p2a: Parry|159\/323|[from] item: Life Orb
|
|-weather|Sandstorm|[upkeep]
|-damage|p2a: Parry|139\/323|[from] sandstorm
|-damage|p1a: Slowbro|284\/394|[from] sandstorm
|turn|29
|
|switch|p2a: Friendship|Slowbro-Mega, F|111\/393
|move|p1a: Slowbro|Psychic|p2a: Friendship
|-resisted|p2a: Friendship
|-damage|p2a: Friendship|29\/393
|
|-weather|Sandstorm|[upkeep]
|-damage|p1a: Slowbro|260\/394|[from] sandstorm
|-damage|p2a: Friendship|5\/393|[from] sandstorm
|turn|30
|
|move|p2a: Friendship|Rest|p2a: Friendship
|-status|p2a: Friendship|slp
|-heal|p2a: Friendship|393\/393 slp|[silent]
|-status|p2a: Friendship|slp|[from] move: Rest
|move|p1a: Slowbro|Psychic|p2a: Friendship
|-resisted|p2a: Friendship
|-damage|p2a: Friendship|306\/393 slp
|
|-weather|none
|turn|31
|
|switch|p1a: Chesnaught|Chesnaught, F|273\/318
|cant|p2a: Friendship|slp
|
|-heal|p1a: Chesnaught|292\/318|[from] item: Leftovers
|turn|32
|
|move|p1a: Chesnaught|Substitute|p1a: Chesnaught
|-start|p1a: Chesnaught|Substitute
|-damage|p1a: Chesnaught|213\/318
|cant|p2a: Friendship|slp
|
|-heal|p1a: Chesnaught|232\/318|[from] item: Leftovers
|turn|33
|
|move|p1a: Chesnaught|Wood Hammer|p2a: Friendship
|-supereffective|p2a: Friendship
|-damage|p2a: Friendship|124\/393 slp
|-damage|p1a: Chesnaught|172\/318|[from] recoil|[of] p2a: Friendship
|-curestatus|p2a: Friendship|slp
|move|p2a: Friendship|Psyshock|p1a: Chesnaught
|-supereffective|p1a: Chesnaught
|-end|p1a: Chesnaught|Substitute
|
|-heal|p1a: Chesnaught|191\/318|[from] item: Leftovers
|turn|34
|
|move|p1a: Chesnaught|Wood Hammer|p2a: Friendship
|-supereffective|p2a: Friendship
|-damage|p2a: Friendship|0 fnt
|-damage|p1a: Chesnaught|150\/318|[from] recoil|[of] p2a: Friendship
|faint|p2a: Friendship
|
|-heal|p1a: Chesnaught|169\/318|[from] item: Leftovers
|
|switch|p2a: New Rayquaza|Landorus-Therian, M|219\/319
|-ability|p2a: New Rayquaza|Intimidate|[of] p1a: Chesnaught
|-unboost|p1a: Chesnaught|atk|1
|turn|35
|
|switch|p1a: Chansey|Chansey, F|469\/642
|move|p2a: New Rayquaza|Earthquake|p1a: Chansey
|-damage|p1a: Chansey|64\/642
|
|turn|36
|
|move|p2a: New Rayquaza|Earthquake|p1a: Chansey
|-damage|p1a: Chansey|0 fnt
|faint|p1a: Chansey
|
|
|switch|p1a: Slowbro|Slowbro, M|391\/394
|turn|37
|
|move|p2a: New Rayquaza|Earthquake|p1a: Slowbro
|-damage|p1a: Slowbro|223\/394
|move|p1a: Slowbro|Scald|p2a: New Rayquaza
|-supereffective|p2a: New Rayquaza
|-damage|p2a: New Rayquaza|0 fnt
|faint|p2a: New Rayquaza
|
|
|switch|p2a: Parry|Keldeo-Resolute|139\/323
|turn|38
|
|switch|p1a: Tyranitar|Tyranitar, F|190\/404
|-weather|Sandstorm
|move|p2a: Parry|Hydro Pump|p1a: Tyranitar|[miss]
|-miss|p2a: Parry|p1a: Tyranitar
|
|-weather|Sandstorm|[upkeep]
|-damage|p2a: Parry|119\/323|[from] sandstorm
|turn|39
|
|switch|p1a: Slowbro|Slowbro, M|354\/394
|move|p2a: Parry|Scald|p1a: Slowbro
|-resisted|p1a: Slowbro
|-damage|p1a: Slowbro|246\/394
|-status|p1a: Slowbro|brn
|-damage|p2a: Parry|87\/323|[from] item: Life Orb
|
|-weather|Sandstorm|[upkeep]
|-damage|p2a: Parry|67\/323|[from] sandstorm
|-damage|p1a: Slowbro|222\/394 brn|[from] sandstorm
|-damage|p1a: Slowbro|173\/394 brn|[from] brn
|turn|40
|
|move|p2a: Parry|Hydro Pump|p1a: Slowbro
|-resisted|p1a: Slowbro
|-damage|p1a: Slowbro|30\/394 brn
|-damage|p2a: Parry|35\/323|[from] item: Life Orb
|move|p1a: Slowbro|Psychic|p2a: Parry
|-supereffective|p2a: Parry
|-damage|p2a: Parry|0 fnt
|faint|p2a: Parry
|
|win|With No Survivors
|raw|Ladder updating...
|c|âWith No Survivors|just had to check for HP Grass
|raw|With No Survivors's rating: 1085 &rarr; <strong>1105<\/strong><br \/>(+20 for winning)
|raw|Lordeofpokemon0's rating: 1000 &rarr; <strong>1000<\/strong><br \/>(+0 for losing)
|leave|Lordeofpokemon0
|player|p2