|J|Megascizor94
|J|RenNegade
|player|p1|Megascizor94|265
|player|p2|RenNegade|196
|gametype|singles
|gen|6
|tier|OU
|clearpoke
|poke|p1|Metagross
|poke|p1|Rotom-Wash
|poke|p1|Heatran, F
|poke|p1|Keldeo
|poke|p1|Landorus-Therian, M
|poke|p1|Latios, M
|poke|p2|Keldeo-Resolute
|poke|p2|Clefable, F, shiny
|poke|p2|Metagross
|poke|p2|Heatran, F
|poke|p2|Latias, F
|poke|p2|Rotom-Wash
|rule|Swagger Clause: Swagger is banned
|rule|Baton Pass Clause: Limit one PokÃ©mon knowing Baton Pass
|rule|Sleep Clause Mod: Limit one foe put to sleep
|rule|Species Clause: Limit one of each PokÃ©mon
|rule|OHKO Clause: OHKO moves are banned
|rule|Moody Clause: Moody is banned
|rule|Evasion Moves Clause: Evasion moves are banned
|rule|Endless Battle Clause: Forcing endless battles is banned
|rule|HP Percentage Mod: HP is shown in percentages
|teampreview
|J|JustRyan.
|c|âMegascizor94|gl hf
|c|âRenNegade|a te, bello
|c| JustRyan.|che team
|c|âMegascizor94|:*
|c| JustRyan.|simili.
|J|Levi Kazama
|
|start
|switch|p1a: James Hetfield|Landorus-Therian, M|325\/325
|switch|p2a: Rotom-Wash|Rotom-Wash|303\/303
|-ability|p1a: James Hetfield|Intimidate|[of] p2a: Rotom-Wash
|-unboost|p2a: Rotom-Wash|atk|1
|turn|1
|c|âMegascizor94|sisi
|
|move|p1a: James Hetfield|U-turn|p2a: Rotom-Wash
|-damage|p2a: Rotom-Wash|240\/303
|
|switch|p1a: Jimmy Page|Keldeo|324\/324
|move|p2a: Rotom-Wash|Hydro Pump|p1a: Jimmy Page
|-resisted|p1a: Jimmy Page
|-damage|p1a: Jimmy Page|246\/324
|
|-heal|p1a: Jimmy Page|266\/324|[from] item: Leftovers
|-heal|p2a: Rotom-Wash|258\/303|[from] item: Leftovers
|turn|2
|
|switch|p1a: Axl Rose|Latios, M|302\/302
|move|p2a: Rotom-Wash|Volt Switch|p1a: Axl Rose
|-resisted|p1a: Axl Rose
|-damage|p1a: Axl Rose|261\/302
|
|switch|p2a: Metagross|Metagross|302\/302
|
|turn|3
|
|switch|p1a: Nick Mason|Rotom-Wash|303\/303
|detailschange|p2a: Metagross|Metagross-Mega
|-mega|p2a: Metagross|Metagross|Metagrossite
|move|p2a: Metagross|Meteor Mash|p1a: Nick Mason
|-resisted|p1a: Nick Mason
|-damage|p1a: Nick Mason|263\/303
|
|-heal|p1a: Nick Mason|281\/303|[from] item: Leftovers
|turn|4
|
|switch|p2a: Rotom-Wash|Rotom-Wash|258\/303
|move|p1a: Nick Mason|Hydro Pump|p2a: Rotom-Wash
|-resisted|p2a: Rotom-Wash
|-damage|p2a: Rotom-Wash|198\/303
|
|-heal|p1a: Nick Mason|299\/303|[from] item: Leftovers
|-heal|p2a: Rotom-Wash|216\/303|[from] item: Leftovers
|turn|5
|
|move|p1a: Nick Mason|Will-O-Wisp|p2a: Rotom-Wash
|-status|p2a: Rotom-Wash|brn
|move|p2a: Rotom-Wash|Will-O-Wisp|p1a: Nick Mason
|-status|p1a: Nick Mason|brn
|
|-heal|p1a: Nick Mason|303\/303 brn|[from] item: Leftovers
|-heal|p2a: Rotom-Wash|234\/303 brn|[from] item: Leftovers
|-damage|p1a: Nick Mason|266\/303 brn|[from] brn
|-damage|p2a: Rotom-Wash|197\/303 brn|[from] brn
|turn|6
|
|move|p1a: Nick Mason|Volt Switch|p2a: Rotom-Wash
|-damage|p2a: Rotom-Wash|122\/303 brn
|
|switch|p1a: John Bonham|Heatran, F|386\/386
|move|p2a: Rotom-Wash|Pain Split|p1a: John Bonham
|-sethp|p1a: John Bonham|254\/386|p2a: Rotom-Wash|254\/303 brn|[from] move: Pain Split
|
|-heal|p2a: Rotom-Wash|272\/303 brn|[from] item: Leftovers
|-heal|p1a: John Bonham|278\/386|[from] item: Leftovers
|-damage|p2a: Rotom-Wash|235\/303 brn|[from] brn
|turn|7
|
|move|p1a: John Bonham|Protect|p1a: John Bonham
|-singleturn|p1a: John Bonham|Protect
|move|p2a: Rotom-Wash|Volt Switch|p1a: John Bonham
|-activate|p1a: John Bonham|Protect
|
|-heal|p2a: Rotom-Wash|253\/303 brn|[from] item: Leftovers
|-heal|p1a: John Bonham|302\/386|[from] item: Leftovers
|-damage|p2a: Rotom-Wash|216\/303 brn|[from] brn
|turn|8
|
|switch|p1a: Nick Mason|Rotom-Wash|266\/303 brn
|move|p2a: Rotom-Wash|Volt Switch|p1a: Nick Mason
|-damage|p1a: Nick Mason|179\/303 brn
|
|switch|p2a: Latias|Latias, F|301\/301
|
|-heal|p1a: Nick Mason|197\/303 brn|[from] item: Leftovers
|-damage|p1a: Nick Mason|160\/303 brn|[from] brn
|turn|9
|J|Naeive
|
|switch|p1a: John Bonham|Heatran, F|302\/386
|move|p2a: Latias|Draco Meteor|p1a: John Bonham
|-resisted|p1a: John Bonham
|-damage|p1a: John Bonham|206\/386
|-unboost|p2a: Latias|spa|2
|-damage|p2a: Latias|271\/301|[from] item: Life Orb
|
|-heal|p1a: John Bonham|230\/386|[from] item: Leftovers
|turn|10
|J|P0keman_n
|L|Naeive
|
|switch|p2a: Heatran|Heatran, F|324\/324
|-item|p2a: Heatran|Air Balloon
|move|p1a: John Bonham|Stealth Rock|p2a: Heatran
|-sidestart|p2: RenNegade|move: Stealth Rock
|
|-heal|p1a: John Bonham|254\/386|[from] item: Leftovers
|turn|11
|
|switch|p1a: Jimmy Page|Keldeo|266\/324
|move|p2a: Heatran|Stealth Rock|p1a: Jimmy Page
|-sidestart|p1: Megascizor94|move: Stealth Rock
|
|-heal|p1a: Jimmy Page|286\/324|[from] item: Leftovers
|turn|12
|L|JustRyan.
|
|switch|p2a: Clefable|Clefable, F, shiny|393\/393
|-damage|p2a: Clefable|344\/393|[from] Stealth Rock
|move|p1a: Jimmy Page|Scald|p2a: Clefable
|-damage|p2a: Clefable|194\/393
|
|-heal|p1a: Jimmy Page|306\/324|[from] item: Leftovers
|-heal|p2a: Clefable|218\/393|[from] item: Leftovers
|turn|13
|
|switch|p1a: John Bonham|Heatran, F|254\/386
|-damage|p1a: John Bonham|206\/386|[from] Stealth Rock
|move|p2a: Clefable|Wish|p2a: Clefable
|
|-heal|p1a: John Bonham|230\/386|[from] item: Leftovers
|-heal|p2a: Clefable|242\/393|[from] item: Leftovers
|turn|14
|
|switch|p1a: Nick Mason|Rotom-Wash|160\/303 brn
|-damage|p1a: Nick Mason|123\/303 brn|[from] Stealth Rock
|switch|p2a: Rotom-Wash|Rotom-Wash|216\/303 brn
|-damage|p2a: Rotom-Wash|179\/303 brn|[from] Stealth Rock
|
|-heal|p2a: Rotom-Wash|303\/303 brn|[from] move: Wish|[wisher] Clefable
|-heal|p1a: Nick Mason|141\/303 brn|[from] item: Leftovers
|-damage|p1a: Nick Mason|104\/303 brn|[from] brn
|-damage|p2a: Rotom-Wash|266\/303 brn|[from] brn
|turn|15
|
|move|p1a: Nick Mason|Pain Split|p2a: Rotom-Wash
|-sethp|p2a: Rotom-Wash|185\/303 brn|p1a: Nick Mason|185\/303 brn|[from] move: Pain Split
|move|p2a: Rotom-Wash|Volt Switch|p1a: Nick Mason
|-damage|p1a: Nick Mason|109\/303 brn
|
|switch|p2a: MyLittlePony|Keldeo-Resolute|323\/323
|-damage|p2a: MyLittlePony|303\/323|[from] Stealth Rock
|
|-heal|p1a: Nick Mason|127\/303 brn|[from] item: Leftovers
|-damage|p1a: Nick Mason|90\/303 brn|[from] brn
|turn|16
|
|switch|p1a: Axl Rose|Latios, M|261\/302
|-damage|p1a: Axl Rose|224\/302|[from] Stealth Rock
|move|p2a: MyLittlePony|Secret Sword|p1a: Axl Rose
|-resisted|p1a: Axl Rose
|-damage|p1a: Axl Rose|92\/302
|
|turn|17
|
|switch|p2a: Clefable|Clefable, F, shiny|242\/393
|-damage|p2a: Clefable|193\/393|[from] Stealth Rock
|move|p1a: Axl Rose|Psyshock|p2a: Clefable
|-damage|p2a: Clefable|64\/393
|
|-heal|p2a: Clefable|88\/393|[from] item: Leftovers
|turn|18
|
|move|p2a: Clefable|Protect|p2a: Clefable
|-singleturn|p2a: Clefable|Protect
|move|p1a: Axl Rose|Psyshock|p2a: Clefable
|-activate|p2a: Clefable|Protect
|
|-heal|p2a: Clefable|112\/393|[from] item: Leftovers
|turn|19
|
|move|p1a: Axl Rose|Psyshock|p2a: Clefable
|-damage|p2a: Clefable|0 fnt
|faint|p2a: Clefable
|
|
|switch|p2a: Metagross|Metagross-Mega|302\/302
|-damage|p2a: Metagross|284\/302|[from] Stealth Rock
|turn|20
|
|switch|p1a: Nick Mason|Rotom-Wash|90\/303 brn
|-damage|p1a: Nick Mason|53\/303 brn|[from] Stealth Rock
|move|p2a: Metagross|Meteor Mash|p1a: Nick Mason
|-resisted|p1a: Nick Mason
|-damage|p1a: Nick Mason|13\/303 brn
|
|-heal|p1a: Nick Mason|31\/303 brn|[from] item: Leftovers
|-damage|p1a: Nick Mason|0 fnt|[from] brn
|faint|p1a: Nick Mason
|J|Peter Pan PM
|
|switch|p1a: John Bonham|Heatran, F|230\/386
|-damage|p1a: John Bonham|182\/386|[from] Stealth Rock
|turn|21
|
|move|p1a: John Bonham|Protect|p1a: John Bonham
|-singleturn|p1a: John Bonham|Protect
|move|p2a: Metagross|Earthquake|p1a: John Bonham
|-activate|p1a: John Bonham|Protect
|
|-heal|p1a: John Bonham|206\/386|[from] item: Leftovers
|turn|22
|
|move|p2a: Metagross|Earthquake|p1a: John Bonham
|-supereffective|p1a: John Bonham
|-damage|p1a: John Bonham|0 fnt
|faint|p1a: John Bonham
|
|
|switch|p1a: James Hetfield|Landorus-Therian, M|325\/325
|-damage|p1a: James Hetfield|285\/325|[from] Stealth Rock
|-ability|p1a: James Hetfield|Intimidate|[of] p2a: Metagross
|-unboost|p2a: Metagross|atk|1
|turn|23
|
|switch|p2a: Rotom-Wash|Rotom-Wash|185\/303 brn
|-damage|p2a: Rotom-Wash|148\/303 brn|[from] Stealth Rock
|move|p1a: James Hetfield|U-turn|p2a: Rotom-Wash
|-damage|p2a: Rotom-Wash|83\/303 brn
|
|switch|p1a: Jimmy Page|Keldeo|306\/324
|-damage|p1a: Jimmy Page|286\/324|[from] Stealth Rock
|
|-heal|p1a: Jimmy Page|306\/324|[from] item: Leftovers
|-heal|p2a: Rotom-Wash|101\/303 brn|[from] item: Leftovers
|-damage|p2a: Rotom-Wash|64\/303 brn|[from] brn
|turn|24
|
|move|p1a: Jimmy Page|Secret Sword|p2a: Rotom-Wash
|-damage|p2a: Rotom-Wash|0 fnt
|faint|p2a: Rotom-Wash
|
|-heal|p1a: Jimmy Page|324\/324|[from] item: Leftovers
|
|switch|p2a: Latias|Latias, F|271\/301
|-damage|p2a: Latias|234\/301|[from] Stealth Rock
|turn|25
|
|switch|p1a: Slash|Metagross|302\/302
|-damage|p1a: Slash|284\/302|[from] Stealth Rock
|move|p2a: Latias|Draco Meteor|p1a: Slash
|-resisted|p1a: Slash
|-damage|p1a: Slash|148\/302
|-unboost|p2a: Latias|spa|2
|-damage|p2a: Latias|204\/301|[from] item: Life Orb
|
|turn|26
|
|switch|p2a: Heatran|Heatran, F|324\/324
|-damage|p2a: Heatran|284\/324|[from] Stealth Rock
|-item|p2a: Heatran|Air Balloon
|detailschange|p1a: Slash|Metagross-Mega
|-mega|p1a: Slash|Metagross|Metagrossite
|move|p1a: Slash|Meteor Mash|p2a: Heatran
|-resisted|p2a: Heatran
|-damage|p2a: Heatran|224\/324
|-enditem|p2a: Heatran|Air Balloon
|-boost|p1a: Slash|atk|1
|
|turn|27
|
|move|p1a: Slash|Earthquake|p2a: Heatran
|-supereffective|p2a: Heatran
|-damage|p2a: Heatran|0 fnt
|faint|p2a: Heatran
|
|
|switch|p2a: Metagross|Metagross-Mega|284\/302
|-damage|p2a: Metagross|266\/302|[from] Stealth Rock
|turn|28
|
|move|p1a: Slash|Earthquake|p2a: Metagross
|-supereffective|p2a: Metagross
|-damage|p2a: Metagross|0 fnt
|faint|p2a: Metagross
|
|
|switch|p2a: MyLittlePony|Keldeo-Resolute|303\/323
|-damage|p2a: MyLittlePony|283\/323|[from] Stealth Rock
|turn|29
|c|âMegascizor94|Ã¨ jolly il tuo?
|
|move|p1a: Slash|Zen Headbutt|p2a: MyLittlePony
|-supereffective|p2a: MyLittlePony
|-damage|p2a: MyLittlePony|0 fnt
|faint|p2a: MyLittlePony
|
|c|âRenNegade|y
|c|âRenNegade|il tuo idem, immagino
|
|switch|p2a: Latias|Latias, F|204\/301
|-damage|p2a: Latias|167\/301|[from] Stealth Rock
|turn|30
|c|âRenNegade|meh
|c|âRenNegade|gg
|c|âMegascizor94|si certo
|
|move|p2a: Latias|Draco Meteor|p1a: Slash
|-resisted|p1a: Slash
|-damage|p1a: Slash|27\/302
|-unboost|p2a: Latias|spa|2
|-damage|p2a: Latias|137\/301|[from] item: Life Orb
|move|p1a: Slash|Ice Punch|p2a: Latias
|-supereffective|p2a: Latias
|-damage|p2a: Latias|0 fnt
|faint|p2a: Latias
|
|win|Megascizor94
|c|âMegascizor94|gg
|L|RenNegade
|player|p2
|L|Levi Kazama