|join|Crzyzyko
|join|22Mustafa
|player|p1|Crzyzyko|238
|player|p2|22Mustafa|80
|gametype|singles
|gen|6
|tier|UU
|rated
|rule|Sleep Clause Mod: Limit one foe put to sleep
|rule|Species Clause: Limit one of each PokÃ©mon
|rule|OHKO Clause: OHKO moves are banned
|rule|Moody Clause: Moody is banned
|rule|Evasion Moves Clause: Evasion moves are banned
|rule|Endless Battle Clause: Forcing endless battles is banned
|rule|HP Percentage Mod: HP is shown in percentages
|clearpoke
|poke|p1|Blastoise, M
|poke|p1|Jirachi
|poke|p1|Flygon, M, shiny
|poke|p1|Darmanitan, M
|poke|p1|Florges, F, shiny
|poke|p1|Scrafty, M, shiny
|poke|p2|Aromatisse, M
|poke|p2|Metagross
|poke|p2|Blissey, F
|poke|p2|Hydreigon, M
|poke|p2|Trevenant, F
|poke|p2|Blastoise, M
|rule|Swagger Clause: Swagger is banned
|rule|Baton Pass Clause: Limit one PokÃ©mon knowing Baton Pass
|teampreview
|
|start
|switch|p1a: Goggles|Flygon, M, shiny|301\/301
|switch|p2a: Blastoise|Blastoise, M|362\/362
|turn|1
|
|detailschange|p2a: Blastoise|Blastoise-Mega, M
|message|Blastoise has Mega Evolved into Mega Blastoise!
|move|p1a: Goggles|Outrage|p2a: Blastoise
|-damage|p2a: Blastoise|152\/362
|move|p2a: Blastoise|Water Pulse|p1a: Goggles
|-damage|p1a: Goggles|90\/301
|-start|p1a: Goggles|confusion
|
|turn|2
|
|switch|p2a: Aromatisse|Aromatisse, M|343\/343
|-activate|p1a: Goggles|confusion
|move|p1a: Goggles|Outrage|p2a: Aromatisse
|-immune|p2a: Aromatisse|[msg]
|
|-end|p1a: Goggles|rampage
|turn|3
|
|switch|p1a: Jirachi|Jirachi|341\/341
|move|p2a: Aromatisse|Wish|p2a: Aromatisse
|
|turn|4
|
|switch|p2a: Blastoise|Blastoise-Mega, M|152\/362
|move|p1a: Jirachi|Stealth Rock|p2a: Blastoise
|-sidestart|p2: 22Mustafa|move: Stealth Rock
|
|-heal|p2a: Blastoise|323\/362|[from] move: Wish|[wisher] Aromatisse
|turn|5
|
|move|p1a: Jirachi|Thunder Wave|p2a: Blastoise
|-status|p2a: Blastoise|par
|cant|p2a: Blastoise|par
|
|turn|6
|
|move|p1a: Jirachi|Iron Head|p2a: Blastoise
|-resisted|p2a: Blastoise
|-damage|p2a: Blastoise|275\/362 par
|cant|p2a: Blastoise|par
|
|turn|7
|
|move|p1a: Jirachi|Iron Head|p2a: Blastoise
|-crit|p2a: Blastoise
|-resisted|p2a: Blastoise
|-damage|p2a: Blastoise|204\/362 par
|cant|p2a: Blastoise|flinch
|
|turn|8
|
|switch|p2a: Metagross|Metagross|364\/364
|-damage|p2a: Metagross|342\/364|[from] Stealth Rock
|move|p1a: Jirachi|Iron Head|p2a: Metagross
|-resisted|p2a: Metagross
|-damage|p2a: Metagross|300\/364
|
|-heal|p2a: Metagross|322\/364|[from] item: Leftovers
|turn|9
|
|move|p1a: Jirachi|Thunder Wave|p2a: Metagross
|-status|p2a: Metagross|par
|move|p2a: Metagross|Earthquake|p1a: Jirachi
|-supereffective|p1a: Jirachi
|-damage|p1a: Jirachi|125\/341
|
|-heal|p1a: Jirachi|146\/341|[from] item: Leftovers
|-heal|p2a: Metagross|344\/364 par|[from] item: Leftovers
|turn|10
|
|move|p1a: Jirachi|U-turn|p2a: Metagross
|-damage|p2a: Metagross|299\/364 par
|
|switch|p1a: Goggles|Flygon, M, shiny|90\/301
|move|p2a: Metagross|Stealth Rock|p1a: Goggles
|-sidestart|p1: Crzyzyko|move: Stealth Rock
|
|-heal|p2a: Metagross|321\/364 par|[from] item: Leftovers
|turn|11
|
|switch|p2a: Aromatisse|Aromatisse, M|343\/343
|-damage|p2a: Aromatisse|301\/343|[from] Stealth Rock
|move|p1a: Goggles|Earthquake|p2a: Aromatisse
|-damage|p2a: Aromatisse|91\/343
|
|-heal|p2a: Aromatisse|112\/343|[from] item: Leftovers
|turn|12
|
|switch|p2a: Hydreigon|Hydreigon, M|325\/325
|-damage|p2a: Hydreigon|285\/325|[from] Stealth Rock
|move|p1a: Goggles|Earthquake|p2a: Hydreigon
|-immune|p2a: Hydreigon|[msg]
|
|turn|13
|
|switch|p1a: Flower Power|Florges, F, shiny|360\/360
|-damage|p1a: Flower Power|315\/360|[from] Stealth Rock
|move|p2a: Hydreigon|U-turn|p1a: Flower Power
|-resisted|p1a: Flower Power
|-damage|p1a: Flower Power|279\/360
|
|switch|p2a: Aromatisse|Aromatisse, M|112\/343
|-damage|p2a: Aromatisse|70\/343|[from] Stealth Rock
|
|-heal|p1a: Flower Power|301\/360|[from] item: Leftovers
|-heal|p2a: Aromatisse|91\/343|[from] item: Leftovers
|turn|14
|
|move|p1a: Flower Power|Moonblast|p2a: Aromatisse
|-damage|p2a: Aromatisse|0 fnt
|faint|p2a: Aromatisse
|
|-heal|p1a: Flower Power|323\/360|[from] item: Leftovers
|
|switch|p2a: Metagross|Metagross|321\/364 par
|-damage|p2a: Metagross|299\/364 par|[from] Stealth Rock
|turn|15
|
|move|p1a: Flower Power|Wish|p1a: Flower Power
|cant|p2a: Metagross|par
|
|-heal|p1a: Flower Power|345\/360|[from] item: Leftovers
|-heal|p2a: Metagross|321\/364 par|[from] item: Leftovers
|turn|16
|
|switch|p1a: Goggles|Flygon, M, shiny|90\/301
|-damage|p1a: Goggles|72\/301|[from] Stealth Rock
|move|p2a: Metagross|Zen Headbutt|p1a: Goggles
|-damage|p1a: Goggles|0 fnt
|faint|p1a: Goggles
|
|-heal|p2a: Metagross|343\/364 par|[from] item: Leftovers
|
|switch|p1a: Get Wrekt|Blastoise, M|362\/362
|-damage|p1a: Get Wrekt|317\/362|[from] Stealth Rock
|turn|17
|
|switch|p2a: Trevenant|Trevenant, F|374\/374
|-damage|p2a: Trevenant|328\/374|[from] Stealth Rock
|detailschange|p1a: Get Wrekt|Blastoise-Mega, M
|message|Blastoise has Mega Evolved into Mega Blastoise!
|move|p1a: Get Wrekt|Dark Pulse|p2a: Trevenant
|-supereffective|p2a: Trevenant
|-damage|p2a: Trevenant|64\/374
|
|turn|18
|
|move|p1a: Get Wrekt|Dark Pulse|p2a: Trevenant
|-supereffective|p2a: Trevenant
|-damage|p2a: Trevenant|0 fnt
|faint|p2a: Trevenant
|
|
|switch|p2a: Blissey|Blissey, F|714\/714
|-damage|p2a: Blissey|625\/714|[from] Stealth Rock
|turn|19
|
|move|p1a: Get Wrekt|Rapid Spin|p2a: Blissey
|-damage|p2a: Blissey|597\/714
|-sideend|p1: Crzyzyko|Stealth Rock|[from] move: Rapid Spin|[of] p1a: Get Wrekt
|move|p2a: Blissey|Toxic|p1a: Get Wrekt
|-status|p1a: Get Wrekt|tox
|
|-heal|p2a: Blissey|641\/714|[from] item: Leftovers
|-damage|p1a: Get Wrekt|295\/362 tox|[from] psn
|turn|20
|
|switch|p1a: Darmanitan|Darmanitan, M|351\/351
|move|p2a: Blissey|Wish|p2a: Blissey
|
|-heal|p2a: Blissey|685\/714|[from] item: Leftovers
|turn|21
|
|move|p2a: Blissey|Protect|p2a: Blissey
|-singleturn|p2a: Blissey|Protect
|move|p1a: Darmanitan|Flare Blitz|p2a: Blissey
|-activate|p2a: Blissey|Protect
|
|-heal|p2a: Blissey|714\/714|[from] move: Wish|[wisher] Blissey
|turn|22
|
|switch|p1a: Jirachi|Jirachi|146\/341
|move|p2a: Blissey|Wish|p2a: Blissey
|
|-heal|p1a: Jirachi|167\/341|[from] item: Leftovers
|turn|23
|
|switch|p2a: Blastoise|Blastoise-Mega, M|204\/362 par
|-damage|p2a: Blastoise|159\/362 par|[from] Stealth Rock
|move|p1a: Jirachi|Iron Head|p2a: Blastoise
|-resisted|p2a: Blastoise
|-damage|p2a: Blastoise|114\/362 par
|
|-heal|p2a: Blastoise|362\/362 par|[from] move: Wish|[wisher] Blissey
|-heal|p1a: Jirachi|188\/341|[from] item: Leftovers
|turn|24
|
|move|p1a: Jirachi|Iron Head|p2a: Blastoise
|-resisted|p2a: Blastoise
|-damage|p2a: Blastoise|314\/362 par
|cant|p2a: Blastoise|flinch
|
|-heal|p1a: Jirachi|209\/341|[from] item: Leftovers
|turn|25
|
|move|p1a: Jirachi|Iron Head|p2a: Blastoise
|-resisted|p2a: Blastoise
|-damage|p2a: Blastoise|272\/362 par
|cant|p2a: Blastoise|flinch
|
|-heal|p1a: Jirachi|230\/341|[from] item: Leftovers
|turn|26
|
|move|p1a: Jirachi|Iron Head|p2a: Blastoise
|-resisted|p2a: Blastoise
|-damage|p2a: Blastoise|230\/362 par
|cant|p2a: Blastoise|par
|
|-heal|p1a: Jirachi|251\/341|[from] item: Leftovers
|turn|27
|
|move|p1a: Jirachi|Iron Head|p2a: Blastoise
|-resisted|p2a: Blastoise
|-damage|p2a: Blastoise|185\/362 par
|move|p2a: Blastoise|Rapid Spin|p1a: Jirachi
|-resisted|p1a: Jirachi
|-damage|p1a: Jirachi|245\/341
|-sideend|p2: 22Mustafa|Stealth Rock|[from] move: Rapid Spin|[of] p2a: Blastoise
|
|-heal|p1a: Jirachi|266\/341|[from] item: Leftovers
|turn|28
|
|move|p1a: Jirachi|Stealth Rock|p2a: Blastoise
|-sidestart|p2: 22Mustafa|move: Stealth Rock
|move|p2a: Blastoise|Water Pulse|p1a: Jirachi
|-crit|p1a: Jirachi
|-damage|p1a: Jirachi|56\/341
|
|-heal|p1a: Jirachi|77\/341|[from] item: Leftovers
|turn|29
|
|move|p1a: Jirachi|Iron Head|p2a: Blastoise
|-resisted|p2a: Blastoise
|-damage|p2a: Blastoise|140\/362 par
|cant|p2a: Blastoise|flinch
|
|-heal|p1a: Jirachi|98\/341|[from] item: Leftovers
|turn|30
|
|switch|p2a: Hydreigon|Hydreigon, M|285\/325
|-damage|p2a: Hydreigon|245\/325|[from] Stealth Rock
|move|p1a: Jirachi|Iron Head|p2a: Hydreigon
|-damage|p2a: Hydreigon|125\/325
|
|-heal|p1a: Jirachi|119\/341|[from] item: Leftovers
|turn|31
|
|switch|p1a: Flower Power|Florges, F, shiny|345\/360
|move|p2a: Hydreigon|U-turn|p1a: Flower Power
|-resisted|p1a: Flower Power
|-damage|p1a: Flower Power|309\/360
|
|switch|p2a: Blastoise|Blastoise-Mega, M|140\/362 par
|-damage|p2a: Blastoise|95\/362 par|[from] Stealth Rock
|
|-heal|p1a: Flower Power|331\/360|[from] item: Leftovers
|turn|32
|
|move|p1a: Flower Power|Moonblast|p2a: Blastoise
|-damage|p2a: Blastoise|0 fnt
|faint|p2a: Blastoise
|
|-heal|p1a: Flower Power|353\/360|[from] item: Leftovers
|
|switch|p2a: Metagross|Metagross|343\/364 par
|-damage|p2a: Metagross|321\/364 par|[from] Stealth Rock
|turn|33
|
|move|p1a: Flower Power|Aromatherapy|p1a: Flower Power
|-cureteam|p1a: Flower Power|[from] move: Aromatherapy
|move|p2a: Metagross|Earthquake|p1a: Flower Power
|-crit|p1a: Flower Power
|-damage|p1a: Flower Power|64\/360
|
|-heal|p1a: Flower Power|86\/360|[from] item: Leftovers
|-heal|p2a: Metagross|343\/364 par|[from] item: Leftovers
|turn|34
|
|move|p1a: Flower Power|Moonblast|p2a: Metagross
|-crit|p2a: Metagross
|-resisted|p2a: Metagross
|-damage|p2a: Metagross|244\/364 par
|move|p2a: Metagross|Earthquake|p1a: Flower Power
|-crit|p1a: Flower Power
|-damage|p1a: Flower Power|0 fnt
|faint|p1a: Flower Power
|
|-heal|p2a: Metagross|266\/364 par|[from] item: Leftovers
|
|switch|p1a: Get Wrekt|Blastoise-Mega, M|295\/362
|turn|35
|
|move|p1a: Get Wrekt|Dark Pulse|p2a: Metagross
|-supereffective|p2a: Metagross
|-damage|p2a: Metagross|0 fnt
|faint|p2a: Metagross
|
|
|switch|p2a: Blissey|Blissey, F|714\/714
|-damage|p2a: Blissey|625\/714|[from] Stealth Rock
|turn|36
|
|move|p1a: Get Wrekt|Water Pulse|p2a: Blissey
|-damage|p2a: Blissey|489\/714
|move|p2a: Blissey|Toxic|p1a: Get Wrekt
|-status|p1a: Get Wrekt|tox
|
|-heal|p2a: Blissey|533\/714|[from] item: Leftovers
|-damage|p1a: Get Wrekt|273\/362 tox|[from] psn
|turn|37
|
|switch|p1a: Jirachi|Jirachi|119\/341
|move|p2a: Blissey|Seismic Toss|p1a: Jirachi
|-damage|p1a: Jirachi|19\/341
|
|-heal|p1a: Jirachi|40\/341|[from] item: Leftovers
|-heal|p2a: Blissey|577\/714|[from] item: Leftovers
|turn|38
|
|move|p1a: Jirachi|Iron Head|p2a: Blissey
|-damage|p2a: Blissey|403\/714
|move|p2a: Blissey|Seismic Toss|p1a: Jirachi
|-damage|p1a: Jirachi|0 fnt
|faint|p1a: Jirachi
|
|-heal|p2a: Blissey|447\/714|[from] item: Leftovers
|
|switch|p1a: Hoodlum|Scrafty, M, shiny|271\/271
|turn|39
|
|move|p1a: Hoodlum|Dragon Dance|p1a: Hoodlum
|-boost|p1a: Hoodlum|atk|1
|-boost|p1a: Hoodlum|spe|1
|move|p2a: Blissey|Toxic|p1a: Hoodlum|[miss]
|-miss|p2a: Blissey|p1a: Hoodlum
|
|-heal|p2a: Blissey|491\/714|[from] item: Leftovers
|turn|40
|
|move|p1a: Hoodlum|Knock Off|p2a: Blissey
|-damage|p2a: Blissey|31\/714
|-enditem|p2a: Blissey|Leftovers|[from] move: Knock Off|[of] p1a: Hoodlum
|-damage|p1a: Hoodlum|244\/271|[from] item: Life Orb
|move|p2a: Blissey|Toxic|p1a: Hoodlum
|-status|p1a: Hoodlum|tox
|
|-damage|p1a: Hoodlum|228\/271 tox|[from] psn
|turn|41
|
|move|p2a: Blissey|Protect|p2a: Blissey
|-singleturn|p2a: Blissey|Protect
|move|p1a: Hoodlum|Drain Punch|p2a: Blissey
|-activate|p2a: Blissey|Protect
|
|-damage|p1a: Hoodlum|196\/271 tox|[from] psn
|turn|42
|
|move|p1a: Hoodlum|Drain Punch|p2a: Blissey
|-supereffective|p2a: Blissey
|-damage|p2a: Blissey|0 fnt
|-heal|p1a: Hoodlum|212\/271 tox|[from] drain|[of] p2a: Blissey
|-damage|p1a: Hoodlum|185\/271 tox|[from] item: Life Orb
|faint|p2a: Blissey
|-boost|p1a: Hoodlum|atk|1|[from] ability: Moxie
|
|-damage|p1a: Hoodlum|137\/271 tox|[from] psn
|
|switch|p2a: Hydreigon|Hydreigon, M|125\/325
|-damage|p2a: Hydreigon|85\/325|[from] Stealth Rock
|turn|43
|
|move|p2a: Hydreigon|Dark Pulse|p1a: Hoodlum
|-resisted|p1a: Hoodlum
|-damage|p1a: Hoodlum|111\/271 tox
|move|p1a: Hoodlum|Drain Punch|p2a: Hydreigon
|-supereffective|p2a: Hydreigon
|-damage|p2a: Hydreigon|0 fnt
|-heal|p1a: Hoodlum|154\/271 tox|[from] drain|[of] p2a: Hydreigon
|-damage|p1a: Hoodlum|127\/271 tox|[from] item: Life Orb
|faint|p2a: Hydreigon
|-boost|p1a: Hoodlum|atk|1|[from] ability: Moxie
|
|win|Crzyzyko
|raw|Ladder updating...
|raw|Crzyzyko's rating: 1344 &rarr; <strong>1363<\/strong><br \/>(+19 for winning)
|raw|22Mustafa's rating: 1333 &rarr; <strong>1314<\/strong><br \/>(-19 for losing)
|c|âCrzyzyko|gg
|leave|22Mustafa
|player|p2