|join|22mustafa
|join|englishplease
|player|p1|22mustafa|43
|player|p2|englishplease|162
|gametype|singles
|gen|6
|tier|UU
|rated
|rule|Sleep Clause Mod: Limit one foe put to sleep
|rule|Species Clause: Limit one of each PokÃ©mon
|rule|OHKO Clause: OHKO moves are banned
|rule|Moody Clause: Moody is banned
|rule|Evasion Moves Clause: Evasion moves are banned
|rule|Endless Battle Clause: Forcing endless battles is banned
|rule|HP Percentage Mod: HP is shown in percentages
|clearpoke
|poke|p1|Ampharos, M
|poke|p1|Florges, F
|poke|p1|Swampert, F
|poke|p1|Escavalier, M
|poke|p1|Infernape, M
|poke|p1|Crobat, F
|poke|p2|Escavalier, M
|poke|p2|Vaporeon, F
|poke|p2|Hydreigon, F
|poke|p2|Hitmontop, M
|poke|p2|Nidoking, M
|poke|p2|Dugtrio, M
|rule|Swagger Clause: Swagger is banned
|rule|Baton Pass Clause: Limit one PokÃ©mon knowing Baton Pass
|teampreview
|
|start
|switch|p1a: Swampert|Swampert, F|404\/404
|switch|p2a: Vaporeon|Vaporeon, F|464\/464
|turn|1
|
|move|p2a: Vaporeon|Scald|p1a: Swampert
|-damage|p1a: Swampert|286\/404
|move|p1a: Swampert|Stealth Rock|p2a: Vaporeon
|-sidestart|p2: englishplease|move: Stealth Rock
|
|-heal|p1a: Swampert|311\/404|[from] item: Leftovers
|turn|2
|
|switch|p2a: Escavalier|Escavalier, M|344\/344
|-damage|p2a: Escavalier|301\/344|[from] Stealth Rock
|switch|p1a: Ampharos|Ampharos, M|384\/384
|
|turn|3
|
|detailschange|p1a: Ampharos|Ampharos-Mega, M
|message|Ampharos has Mega Evolved into Mega Ampharos!
|-ability|p1a: Ampharos|Mold Breaker
|move|p1a: Ampharos|Thunderbolt|p2a: Escavalier
|-damage|p2a: Escavalier|159\/344
|move|p2a: Escavalier|Megahorn|p1a: Ampharos
|-crit|p1a: Ampharos
|-damage|p1a: Ampharos|59\/384
|
|turn|4
|
|switch|p1a: Swampert|Swampert, F|311\/404
|switch|p2a: Hitmontop|Hitmontop, M|304\/304
|-damage|p2a: Hitmontop|285\/304|[from] Stealth Rock
|-ability|p2a: Hitmontop|Intimidate|[of] p1a: Swampert
|-unboost|p1a: Swampert|atk|1
|
|-heal|p1a: Swampert|336\/404|[from] item: Leftovers
|turn|5
|
|move|p2a: Hitmontop|Rapid Spin|p1a: Swampert
|-damage|p1a: Swampert|323\/404
|-sideend|p2: englishplease|Stealth Rock|[from] move: Rapid Spin|[of] p2a: Hitmontop
|move|p1a: Swampert|Scald|p2a: Hitmontop
|-damage|p2a: Hitmontop|225\/304
|
|-heal|p1a: Swampert|348\/404|[from] item: Leftovers
|turn|6
|
|switch|p2a: Vaporeon|Vaporeon, F|464\/464
|move|p1a: Swampert|Stealth Rock|p2a: Vaporeon
|-sidestart|p2: englishplease|move: Stealth Rock
|
|-heal|p1a: Swampert|373\/404|[from] item: Leftovers
|turn|7
|
|move|p2a: Vaporeon|Wish|p2a: Vaporeon
|move|p1a: Swampert|Roar|p2a: Vaporeon
|drag|p2a: Dugtrio|Dugtrio, M|211\/211
|-damage|p2a: Dugtrio|198\/211|[from] Stealth Rock
|
|-heal|p1a: Swampert|398\/404|[from] item: Leftovers
|turn|8
|
|switch|p2a: Escavalier|Escavalier, M|159\/344
|-damage|p2a: Escavalier|116\/344|[from] Stealth Rock
|move|p1a: Swampert|Scald|p2a: Escavalier
|-damage|p2a: Escavalier|65\/344
|
|-heal|p2a: Escavalier|297\/344|[from] move: Wish|[wisher] Vaporeon
|-heal|p1a: Swampert|404\/404|[from] item: Leftovers
|turn|9
|
|move|p1a: Swampert|Earthquake|p2a: Escavalier
|-damage|p2a: Escavalier|212\/344
|move|p2a: Escavalier|Knock Off|p1a: Swampert
|-damage|p1a: Swampert|305\/404
|-enditem|p1a: Swampert|Leftovers|[from] move: Knock Off|[of] p2a: Escavalier
|
|turn|10
|
|switch|p2a: Hitmontop|Hitmontop, M|225\/304
|-damage|p2a: Hitmontop|206\/304|[from] Stealth Rock
|-ability|p2a: Hitmontop|Intimidate|[of] p1a: Swampert
|-unboost|p1a: Swampert|atk|1
|move|p1a: Swampert|Scald|p2a: Hitmontop
|-crit|p2a: Hitmontop
|-damage|p2a: Hitmontop|122\/304
|
|turn|11
|
|switch|p1a: Florges|Florges, F|360\/360
|move|p2a: Hitmontop|Rapid Spin|p1a: Florges
|-damage|p1a: Florges|337\/360
|-sideend|p2: englishplease|Stealth Rock|[from] move: Rapid Spin|[of] p2a: Hitmontop
|
|-heal|p1a: Florges|359\/360|[from] item: Leftovers
|turn|12
|
|switch|p1a: Swampert|Swampert, F|305\/404
|switch|p2a: Escavalier|Escavalier, M|212\/344
|
|turn|13
|
|move|p1a: Swampert|Scald|p2a: Escavalier
|-damage|p2a: Escavalier|160\/344
|move|p2a: Escavalier|Megahorn|p1a: Swampert
|-damage|p1a: Swampert|118\/404
|
|turn|14
|
|switch|p1a: Crobat|Crobat, F|374\/374
|move|p2a: Escavalier|Megahorn|p1a: Crobat
|-resisted|p1a: Crobat
|-damage|p1a: Crobat|298\/374
|
|turn|15
|
|switch|p2a: Hitmontop|Hitmontop, M|122\/304
|-ability|p2a: Hitmontop|Intimidate|[of] p1a: Crobat
|-unboost|p1a: Crobat|atk|1
|move|p1a: Crobat|Brave Bird|p2a: Hitmontop
|-supereffective|p2a: Hitmontop
|-damage|p2a: Hitmontop|0 fnt
|-damage|p1a: Crobat|236\/374|[from] item: Rocky Helmet|[of] p2a: Hitmontop
|-damage|p1a: Crobat|196\/374|[from] recoil|[of] p2a: Hitmontop
|faint|p2a: Hitmontop
|
|
|switch|p2a: Vaporeon|Vaporeon, F|464\/464
|turn|16
|
|move|p1a: Crobat|Taunt|p2a: Vaporeon
|-start|p2a: Vaporeon|move: Taunt
|move|p2a: Vaporeon|Scald|p1a: Crobat
|-crit|p1a: Crobat
|-damage|p1a: Crobat|6\/374
|
|turn|17
|
|move|p1a: Crobat|Roost|p1a: Crobat
|-heal|p1a: Crobat|193\/374
|move|p2a: Vaporeon|Scald|p1a: Crobat
|-damage|p1a: Crobat|64\/374
|
|turn|18
|
|switch|p1a: Florges|Florges, F|359\/360
|move|p2a: Vaporeon|Scald|p1a: Florges
|-damage|p1a: Florges|305\/360
|
|-heal|p1a: Florges|327\/360|[from] item: Leftovers
|-end|p2a: Vaporeon|move: Taunt
|turn|19
|
|switch|p2a: Dugtrio|Dugtrio, M|198\/211
|move|p1a: Florges|Wish|p1a: Florges
|
|-heal|p1a: Florges|349\/360|[from] item: Leftovers
|turn|20
|
|move|p2a: Dugtrio|Stealth Rock|p1a: Florges
|-sidestart|p1: 22mustafa|move: Stealth Rock
|move|p1a: Florges|Moonblast|p2a: Dugtrio
|-damage|p2a: Dugtrio|35\/211
|
|-heal|p1a: Florges|360\/360|[from] move: Wish|[wisher] Florges
|turn|21
|
|switch|p2a: Vaporeon|Vaporeon, F|464\/464
|move|p1a: Florges|Moonblast|p2a: Vaporeon
|-damage|p2a: Vaporeon|338\/464
|
|-heal|p2a: Vaporeon|367\/464|[from] item: Leftovers
|turn|22
|
|move|p1a: Florges|Wish|p1a: Florges
|move|p2a: Vaporeon|Roar|p1a: Florges
|drag|p1a: Swampert|Swampert, F|118\/404
|-damage|p1a: Swampert|93\/404|[from] Stealth Rock
|
|-heal|p2a: Vaporeon|396\/464|[from] item: Leftovers
|turn|23
|
|move|p2a: Vaporeon|Scald|p1a: Swampert
|-damage|p1a: Swampert|0 fnt
|faint|p1a: Swampert
|
|-heal|p2a: Vaporeon|425\/464|[from] item: Leftovers
|
|switch|p1a: Infernape|Infernape, M|293\/293
|-damage|p1a: Infernape|257\/293|[from] Stealth Rock
|turn|24
|
|move|p1a: Infernape|Grass Knot|p2a: Vaporeon
|-supereffective|p2a: Vaporeon
|-damage|p2a: Vaporeon|285\/464
|-damage|p1a: Infernape|228\/293|[from] item: Life Orb
|move|p2a: Vaporeon|Scald|p1a: Infernape
|-supereffective|p1a: Infernape
|-damage|p1a: Infernape|0 fnt
|faint|p1a: Infernape
|
|-heal|p2a: Vaporeon|314\/464|[from] item: Leftovers
|
|switch|p1a: Escavalier|Escavalier, M|344\/344
|-damage|p1a: Escavalier|301\/344|[from] Stealth Rock
|turn|25
|
|move|p2a: Vaporeon|Wish|p2a: Vaporeon
|move|p1a: Escavalier|Knock Off|p2a: Vaporeon
|-damage|p2a: Vaporeon|177\/464
|-enditem|p2a: Vaporeon|Leftovers|[from] move: Knock Off|[of] p1a: Escavalier
|
|turn|26
|
|move|p2a: Vaporeon|Scald|p1a: Escavalier
|-damage|p1a: Escavalier|229\/344
|move|p1a: Escavalier|Knock Off|p2a: Vaporeon
|-damage|p2a: Vaporeon|94\/464
|
|-heal|p2a: Vaporeon|326\/464|[from] move: Wish|[wisher] Vaporeon
|turn|27
|
|move|p2a: Vaporeon|Scald|p1a: Escavalier
|-damage|p1a: Escavalier|162\/344
|-status|p1a: Escavalier|brn
|move|p1a: Escavalier|X-Scissor|p2a: Vaporeon
|-damage|p2a: Vaporeon|253\/464
|
|-damage|p1a: Escavalier|119\/344 brn|[from] brn
|turn|28
|
|switch|p1a: Florges|Florges, F|360\/360
|-damage|p1a: Florges|315\/360|[from] Stealth Rock
|move|p2a: Vaporeon|Wish|p2a: Vaporeon
|
|-heal|p1a: Florges|337\/360|[from] item: Leftovers
|turn|29
|
|switch|p2a: Escavalier|Escavalier, M|160\/344
|move|p1a: Florges|Moonblast|p2a: Escavalier
|-resisted|p2a: Escavalier
|-damage|p2a: Escavalier|118\/344
|
|-heal|p2a: Escavalier|344\/344|[from] move: Wish|[wisher] Vaporeon
|-heal|p1a: Florges|359\/360|[from] item: Leftovers
|turn|30
|-message|22mustafa forfeited.
|
|win|englishplease
|raw|Ladder updating...
|leave|22mustafa
|player|p1
|raw|22mustafa's rating: 1360 &rarr; <strong>1342<\/strong><br \/>(-18 for losing)
|raw|englishplease's rating: 1398 &rarr; <strong>1415<\/strong><br \/>(+17 for winning)