|join|22Mustafa
|join|Sweggity
|player|p1|22Mustafa|80
|player|p2|Sweggity|169
|gametype|singles
|gen|6
|tier|UU
|rated
|rule|Sleep Clause Mod: Limit one foe put to sleep
|rule|Species Clause: Limit one of each PokÃ©mon
|rule|OHKO Clause: OHKO moves are banned
|rule|Moody Clause: Moody is banned
|rule|Evasion Moves Clause: Evasion moves are banned
|rule|Endless Battle Clause: Forcing endless battles is banned
|rule|HP Percentage Mod: HP is shown in percentages
|clearpoke
|poke|p1|Aromatisse, M
|poke|p1|Metagross
|poke|p1|Blissey, F
|poke|p1|Hydreigon, M
|poke|p1|Trevenant, M
|poke|p1|Blastoise, M
|poke|p2|Ampharos, M
|poke|p2|Mienshao, M
|poke|p2|Lucario, M
|poke|p2|Shaymin
|poke|p2|Honchkrow, F
|poke|p2|Nidoking, M
|rule|Swagger Clause: Swagger is banned
|rule|Baton Pass Clause: Limit one PokÃ©mon knowing Baton Pass
|teampreview
|
|start
|switch|p1a: Hydreigon|Hydreigon, M|325\/325
|switch|p2a: Fabulous|Ampharos, M|322\/322
|turn|1
|
|move|p1a: Hydreigon|U-turn|p2a: Fabulous
|-damage|p2a: Fabulous|258\/322
|
|switch|p1a: Trevenant|Trevenant, M|374\/374
|move|p2a: Fabulous|Dragon Pulse|p1a: Trevenant
|-damage|p1a: Trevenant|285\/374
|
|turn|2
|
|switch|p2a: .|Shaymin|341\/341
|move|p1a: Trevenant|Will-O-Wisp|p2a: .
|-status|p2a: .|brn
|
|-damage|p2a: .|299\/341 brn|[from] brn
|turn|3
|
|switch|p1a: Blissey|Blissey, F|714\/714
|move|p2a: .|Seed Flare|p1a: Blissey
|-damage|p1a: Blissey|567\/714
|
|-heal|p1a: Blissey|611\/714|[from] item: Leftovers
|-damage|p2a: .|257\/341 brn|[from] brn
|turn|4
|
|switch|p2a: Testosterone|Nidoking, M|303\/303
|move|p1a: Blissey|Wish|p1a: Blissey
|
|-heal|p1a: Blissey|655\/714|[from] item: Leftovers
|turn|5
|
|switch|p1a: Blastoise|Blastoise, M|362\/362
|move|p2a: Testosterone|Stealth Rock|p1a: Blastoise
|-sidestart|p1: 22Mustafa|move: Stealth Rock
|
|turn|6
|
|detailschange|p1a: Blastoise|Blastoise-Mega, M
|message|Blastoise has Mega Evolved into Mega Blastoise!
|move|p2a: Testosterone|Earth Power|p1a: Blastoise
|-damage|p1a: Blastoise|175\/362
|move|p1a: Blastoise|Rapid Spin|p2a: Testosterone
|-damage|p2a: Testosterone|285\/303
|-sideend|p1: 22Mustafa|Stealth Rock|[from] move: Rapid Spin|[of] p1a: Blastoise
|
|turn|7
|
|move|p2a: Testosterone|Earth Power|p1a: Blastoise
|-damage|p1a: Blastoise|0 fnt
|faint|p1a: Blastoise
|
|
|switch|p1a: Hydreigon|Hydreigon, M|325\/325
|turn|8
|
|move|p1a: Hydreigon|Draco Meteor|p2a: Testosterone
|-damage|p2a: Testosterone|0 fnt
|-unboost|p1a: Hydreigon|spa|2
|faint|p2a: Testosterone
|
|
|switch|p2a: Goodbye|Mienshao, M|271\/271
|turn|9
|
|switch|p1a: Aromatisse|Aromatisse, M|406\/406
|move|p2a: Goodbye|U-turn|p1a: Aromatisse
|-resisted|p1a: Aromatisse
|-damage|p1a: Aromatisse|352\/406
|
|switch|p2a: .|Shaymin|257\/341
|
|-heal|p1a: Aromatisse|377\/406|[from] item: Leftovers
|turn|10
|
|switch|p1a: Blissey|Blissey, F|655\/714
|move|p2a: .|Seed Flare|p1a: Blissey
|-damage|p1a: Blissey|523\/714
|
|-heal|p1a: Blissey|567\/714|[from] item: Leftovers
|turn|11
|
|move|p2a: .|Seed Flare|p1a: Blissey
|-damage|p1a: Blissey|425\/714
|move|p1a: Blissey|Wish|p1a: Blissey
|
|-heal|p1a: Blissey|469\/714|[from] item: Leftovers
|turn|12
|
|move|p2a: .|Seed Flare|p1a: Blissey
|-damage|p1a: Blissey|322\/714
|-unboost|p1a: Blissey|spd|2
|move|p1a: Blissey|Toxic|p2a: .
|-status|p2a: .|tox
|
|-heal|p1a: Blissey|679\/714|[from] move: Wish|[wisher] Blissey
|-heal|p1a: Blissey|714\/714|[from] item: Leftovers
|-damage|p2a: .|236\/341 tox|[from] psn
|turn|13
|
|switch|p2a: Mobster|Honchkrow, F|342\/342
|move|p1a: Blissey|Wish|p1a: Blissey
|
|turn|14
|
|move|p2a: Mobster|Substitute|p2a: Mobster
|-start|p2a: Mobster|Substitute
|-damage|p2a: Mobster|257\/342
|move|p1a: Blissey|Toxic|p2a: Mobster
|
|turn|15
|
|switch|p1a: Aromatisse|Aromatisse, M|377\/406
|move|p2a: Mobster|Sucker Punch|p1a: Aromatisse
|-fail|p1a: Aromatisse
|
|-heal|p1a: Aromatisse|402\/406|[from] item: Leftovers
|turn|16
|
|move|p2a: Mobster|Brave Bird|p1a: Aromatisse
|-damage|p1a: Aromatisse|145\/406
|-damage|p2a: Mobster|172\/342|[from] recoil|[of] p1a: Aromatisse
|-damage|p2a: Mobster|138\/342|[from] item: Life Orb
|move|p1a: Aromatisse|Moonblast|p2a: Mobster
|-supereffective|p2a: Mobster
|-end|p2a: Mobster|Substitute
|
|-heal|p1a: Aromatisse|170\/406|[from] item: Leftovers
|turn|17
|
|move|p2a: Mobster|Brave Bird|p1a: Aromatisse
|-crit|p1a: Aromatisse
|-damage|p1a: Aromatisse|0 fnt
|-damage|p2a: Mobster|82\/342|[from] recoil|[of] p1a: Aromatisse
|-damage|p2a: Mobster|48\/342|[from] item: Life Orb
|faint|p1a: Aromatisse
|-boost|p2a: Mobster|atk|1|[from] ability: Moxie
|
|
|switch|p1a: Hydreigon|Hydreigon, M|325\/325
|turn|18
|
|move|p2a: Mobster|Sucker Punch|p1a: Hydreigon
|-resisted|p1a: Hydreigon
|-damage|p1a: Hydreigon|130\/325
|-damage|p2a: Mobster|14\/342|[from] item: Life Orb
|move|p1a: Hydreigon|U-turn|p2a: Mobster
|-damage|p2a: Mobster|0 fnt
|faint|p2a: Mobster
|
|switch|p1a: Blissey|Blissey, F|714\/714
|
|
|switch|p2a: Goodbye|Mienshao, M|271\/271
|turn|19
|
|move|p1a: Blissey|Protect|p1a: Blissey
|-singleturn|p1a: Blissey|Protect
|move|p2a: Goodbye|Knock Off|p1a: Blissey
|-activate|p1a: Blissey|Protect
|
|turn|20
|
|move|p2a: Goodbye|Knock Off|p1a: Blissey
|-damage|p1a: Blissey|415\/714
|-enditem|p1a: Blissey|Leftovers|[from] move: Knock Off|[of] p2a: Goodbye
|move|p1a: Blissey|Toxic|p2a: Goodbye|[miss]
|-miss|p1a: Blissey|p2a: Goodbye
|
|turn|21
|
|move|p2a: Goodbye|Knock Off|p1a: Blissey
|-damage|p1a: Blissey|208\/714
|move|p1a: Blissey|Wish|p1a: Blissey
|
|turn|22
|
|move|p1a: Blissey|Protect|p1a: Blissey
|-singleturn|p1a: Blissey|Protect
|move|p2a: Goodbye|Knock Off|p1a: Blissey
|-activate|p1a: Blissey|Protect
|
|-heal|p1a: Blissey|565\/714|[from] move: Wish|[wisher] Blissey
|turn|23
|
|switch|p2a: Mylo|Lucario, M|281\/281
|move|p1a: Blissey|Wish|p1a: Blissey
|
|turn|24
|
|switch|p1a: Trevenant|Trevenant, M|285\/374
|move|p2a: Mylo|Close Combat|p1a: Trevenant
|-immune|p1a: Trevenant|[msg]
|
|-heal|p1a: Trevenant|374\/374|[from] move: Wish|[wisher] Blissey
|turn|25
|
|switch|p2a: Fabulous|Ampharos, M|258\/322
|move|p1a: Trevenant|Will-O-Wisp|p2a: Fabulous
|-status|p2a: Fabulous|brn
|
|-damage|p2a: Fabulous|218\/322 brn|[from] brn
|turn|26
|
|switch|p2a: Goodbye|Mienshao, M|271\/271
|move|p1a: Trevenant|Leech Seed|p2a: Goodbye
|-start|p2a: Goodbye|move: Leech Seed
|
|-damage|p2a: Goodbye|238\/271|[from] Leech Seed|[of] p1a: Trevenant
|turn|27
|
|switch|p1a: Blissey|Blissey, F|565\/714
|move|p2a: Goodbye|U-turn|p1a: Blissey
|-damage|p1a: Blissey|330\/714
|
|switch|p2a: Mylo|Lucario, M|281\/281
|
|turn|28
|
|switch|p1a: Trevenant|Trevenant, M|374\/374
|move|p2a: Mylo|Swords Dance|p2a: Mylo
|-boost|p2a: Mylo|atk|2
|
|turn|29
|
|move|p2a: Mylo|Crunch|p1a: Trevenant
|-supereffective|p1a: Trevenant
|-damage|p1a: Trevenant|0 fnt
|-damage|p2a: Mylo|253\/281|[from] item: Life Orb
|faint|p1a: Trevenant
|
|
|switch|p1a: Metagross|Metagross|364\/364
|turn|30
|
|switch|p2a: .|Shaymin|236\/341
|move|p1a: Metagross|Earthquake|p2a: .
|-resisted|p2a: .
|-damage|p2a: .|169\/341
|
|turn|31
|
|switch|p2a: Goodbye|Mienshao, M|238\/271
|move|p1a: Metagross|Stealth Rock|p2a: Goodbye
|-sidestart|p2: Sweggity|move: Stealth Rock
|
|turn|32
|
|switch|p1a: Blissey|Blissey, F|330\/714
|move|p2a: Goodbye|High Jump Kick|p1a: Blissey
|-supereffective|p1a: Blissey
|-damage|p1a: Blissey|0 fnt
|faint|p1a: Blissey
|
|
|switch|p1a: Hydreigon|Hydreigon, M|130\/325
|turn|33
|
|move|p1a: Hydreigon|Dark Pulse|p2a: Goodbye
|-resisted|p2a: Goodbye
|-damage|p2a: Goodbye|135\/271
|move|p2a: Goodbye|High Jump Kick|p1a: Hydreigon
|-supereffective|p1a: Hydreigon
|-damage|p1a: Hydreigon|0 fnt
|faint|p1a: Hydreigon
|
|
|switch|p1a: Metagross|Metagross|364\/364
|turn|34
|
|move|p2a: Goodbye|High Jump Kick|p1a: Metagross
|-damage|p1a: Metagross|67\/364
|move|p1a: Metagross|Zen Headbutt|p2a: Goodbye
|-supereffective|p2a: Goodbye
|-damage|p2a: Goodbye|0 fnt
|faint|p2a: Goodbye
|
|-heal|p1a: Metagross|89\/364|[from] item: Leftovers
|
|switch|p2a: Mylo|Lucario, M|253\/281
|-damage|p2a: Mylo|245\/281|[from] Stealth Rock
|turn|35
|
|move|p2a: Mylo|Crunch|p1a: Metagross
|-supereffective|p1a: Metagross
|-damage|p1a: Metagross|0 fnt
|-damage|p2a: Mylo|217\/281|[from] item: Life Orb
|faint|p1a: Metagross
|
|win|Sweggity
|raw|Ladder updating...
|raw|22Mustafa's rating: 1336 &rarr; <strong>1318<\/strong><br \/>(-18 for losing)
|raw|Sweggity's rating: 1361 &rarr; <strong>1379<\/strong><br \/>(+18 for winning)
|c|â22Mustafa|gg
|leave|22Mustafa
|player|p1