|join|Pazza
|join|22Mustafa
|player|p1|Pazza|290
|player|p2|22Mustafa|80
|gametype|singles
|gen|6
|tier|UU
|rated
|rule|Sleep Clause Mod: Limit one foe put to sleep
|rule|Species Clause: Limit one of each PokÃ©mon
|rule|OHKO Clause: OHKO moves are banned
|rule|Moody Clause: Moody is banned
|rule|Evasion Moves Clause: Evasion moves are banned
|rule|Endless Battle Clause: Forcing endless battles is banned
|rule|HP Percentage Mod: HP is shown in percentages
|clearpoke
|poke|p1|Forretress, F
|poke|p1|Aggron, F
|poke|p1|Linoone, F
|poke|p1|Honchkrow, M
|poke|p1|Blissey, F, shiny
|poke|p1|Chandelure, F
|poke|p2|Aromatisse, F
|poke|p2|Doublade, F
|poke|p2|Blissey, F
|poke|p2|Hydreigon, F
|poke|p2|Trevenant, M
|poke|p2|Blastoise, F
|rule|Swagger Clause: Swagger is banned
|rule|Baton Pass Clause: Limit one PokÃ©mon knowing Baton Pass
|teampreview
|c|âPazza|Just saying, I'm testing out a new team.
|
|start
|switch|p1a: Forretress|Forretress, F|354\/354
|switch|p2a: Hydreigon|Hydreigon, F|325\/325
|turn|1
|
|move|p2a: Hydreigon|U-turn|p1a: Forretress
|-resisted|p1a: Forretress
|-damage|p1a: Forretress|335\/354
|
|switch|p2a: Blastoise|Blastoise, F|362\/362
|move|p1a: Forretress|Toxic Spikes|p2a: Blastoise
|-sidestart|p2: 22Mustafa|move: Toxic Spikes
|
|turn|2
|
|detailschange|p2a: Blastoise|Blastoise-Mega, F
|message|Blastoise has Mega Evolved into Mega Blastoise!
|move|p2a: Blastoise|Water Pulse|p1a: Forretress
|-damage|p1a: Forretress|49\/354
|-start|p1a: Forretress|confusion
|-activate|p1a: Forretress|confusion
|-damage|p1a: Forretress|31\/354|[from] confusion
|
|turn|3
|c|âPazza|hax
|c|âPazza|yey...
|
|move|p2a: Blastoise|Rapid Spin|p1a: Forretress
|-resisted|p1a: Forretress
|-damage|p1a: Forretress|27\/354
|-sideend|p2: 22Mustafa|Toxic Spikes|[from] move: Rapid Spin|[of] p2a: Blastoise
|-end|p1a: Forretress|confusion
|move|p1a: Forretress|Toxic Spikes|p2a: Blastoise
|-sidestart|p2: 22Mustafa|move: Toxic Spikes
|
|turn|4
|
|move|p2a: Blastoise|Rapid Spin|p1a: Forretress
|-resisted|p1a: Forretress
|-damage|p1a: Forretress|22\/354
|-sideend|p2: 22Mustafa|Toxic Spikes|[from] move: Rapid Spin|[of] p2a: Blastoise
|move|p1a: Forretress|Toxic Spikes|p2a: Blastoise
|-sidestart|p2: 22Mustafa|move: Toxic Spikes
|
|turn|5
|
|move|p2a: Blastoise|Rapid Spin|p1a: Forretress
|-resisted|p1a: Forretress
|-damage|p1a: Forretress|17\/354
|-sideend|p2: 22Mustafa|Toxic Spikes|[from] move: Rapid Spin|[of] p2a: Blastoise
|move|p1a: Forretress|Rapid Spin|p2a: Blastoise
|-damage|p2a: Blastoise|348\/362
|
|turn|6
|
|move|p2a: Blastoise|Aura Sphere|p1a: Forretress
|-damage|p1a: Forretress|0 fnt
|faint|p1a: Forretress
|
|
|switch|p1a: Al Pacino|Honchkrow, M|404\/404
|turn|7
|
|move|p1a: Al Pacino|Sucker Punch|p2a: Blastoise
|-damage|p2a: Blastoise|226\/362
|-damage|p1a: Al Pacino|364\/404|[from] item: Life Orb
|move|p2a: Blastoise|Water Pulse|p1a: Al Pacino
|-damage|p1a: Al Pacino|55\/404
|
|turn|8
|
|move|p1a: Al Pacino|Brave Bird|p2a: Blastoise
|-damage|p2a: Blastoise|34\/362
|-damage|p1a: Al Pacino|0 fnt|[from] recoil|[of] p2a: Blastoise
|faint|p1a: Al Pacino
|move|p2a: Blastoise|Water Pulse|p1: Al Pacino|[notarget]
|-notarget
|
|
|switch|p1a: No Curves Plz|Linoone, F|298\/298
|turn|9
|
|move|p1a: No Curves Plz|Extreme Speed|p2a: Blastoise
|-damage|p2a: Blastoise|0 fnt
|faint|p2a: Blastoise
|
|
|switch|p2a: Hydreigon|Hydreigon, F|325\/325
|turn|10
|
|move|p2a: Hydreigon|U-turn|p1a: No Curves Plz
|-crit|p1a: No Curves Plz
|-damage|p1a: No Curves Plz|169\/298
|
|switch|p2a: Doublade|Doublade, F|322\/322
|move|p1a: No Curves Plz|Belly Drum|p1a: No Curves Plz
|-damage|p1a: No Curves Plz|20\/298
|-setboost|p1a: No Curves Plz|atk|6|[from] move: Belly Drum
|-enditem|p1a: No Curves Plz|Sitrus Berry|[eat]
|-heal|p1a: No Curves Plz|94\/298|[from] item: Sitrus Berry
|
|turn|11
|
|move|p1a: No Curves Plz|Shadow Claw|p2a: Doublade
|-crit|p2a: Doublade
|-supereffective|p2a: Doublade
|-damage|p2a: Doublade|0 fnt
|faint|p2a: Doublade
|
|
|switch|p2a: Hydreigon|Hydreigon, F|325\/325
|turn|12
|
|move|p1a: No Curves Plz|Extreme Speed|p2a: Hydreigon
|-damage|p2a: Hydreigon|0 fnt
|faint|p2a: Hydreigon
|
|
|switch|p2a: Aromatisse|Aromatisse, F|406\/406
|turn|13
|
|move|p1a: No Curves Plz|Extreme Speed|p2a: Aromatisse
|-damage|p2a: Aromatisse|55\/406
|move|p2a: Aromatisse|Moonblast|p1a: No Curves Plz
|-damage|p1a: No Curves Plz|0 fnt
|faint|p1a: No Curves Plz
|
|-heal|p2a: Aromatisse|80\/406|[from] item: Leftovers
|c|âPazza|feck
|
|switch|p1a: Graham|Aggron, F|282\/282
|turn|14
|
|switch|p2a: Trevenant|Trevenant, M|374\/374
|move|p1a: Graham|Head Smash|p2a: Trevenant
|-damage|p2a: Trevenant|0 fnt
|faint|p2a: Trevenant
|
|
|switch|p2a: Aromatisse|Aromatisse, F|80\/406
|turn|15
|
|move|p1a: Graham|Head Smash|p2a: Aromatisse
|-damage|p2a: Aromatisse|0 fnt
|faint|p2a: Aromatisse
|
|
|switch|p2a: Blissey|Blissey, F|714\/714
|turn|16
|
|move|p1a: Graham|Head Smash|p2a: Blissey|[miss]
|-miss|p1a: Graham|p2a: Blissey
|move|p2a: Blissey|Seismic Toss|p1a: Graham
|-damage|p1a: Graham|182\/282
|
|turn|17
|
|move|p2a: Blissey|Protect|p2a: Blissey
|-singleturn|p2a: Blissey|Protect
|move|p1a: Graham|Head Smash|p2a: Blissey
|-activate|p2a: Blissey|Protect
|
|turn|18
|
|move|p1a: Graham|Head Smash|p2a: Blissey
|-damage|p2a: Blissey|66\/714
|move|p2a: Blissey|Seismic Toss|p1a: Graham
|-damage|p1a: Graham|82\/282
|
|-heal|p2a: Blissey|110\/714|[from] item: Leftovers
|turn|19
|
|move|p2a: Blissey|Protect|p2a: Blissey
|-singleturn|p2a: Blissey|Protect
|move|p1a: Graham|Head Smash|p2a: Blissey
|-activate|p2a: Blissey|Protect
|
|-heal|p2a: Blissey|154\/714|[from] item: Leftovers
|turn|20
|
|move|p1a: Graham|Head Smash|p2a: Blissey
|-damage|p2a: Blissey|0 fnt
|faint|p2a: Blissey
|
|win|Pazza
|raw|Ladder updating...
|raw|Pazza's rating: 1025 &rarr; <strong>1069<\/strong><br \/>(+44 for winning)
|raw|22Mustafa's rating: 1100 &rarr; <strong>1070<\/strong><br \/>(-30 for losing)
|c|âPazza|gg
|leave|22Mustafa
|player|p2