|join|22Mustafa
|join|DhgKing
|player|p1|22Mustafa|43
|player|p2|DhgKing|161
|gametype|singles
|gen|6
|tier|UU
|rated
|rule|Sleep Clause Mod: Limit one foe put to sleep
|rule|Species Clause: Limit one of each PokÃ©mon
|rule|OHKO Clause: OHKO moves are banned
|rule|Moody Clause: Moody is banned
|rule|Evasion Moves Clause: Evasion moves are banned
|rule|Endless Battle Clause: Forcing endless battles is banned
|rule|HP Percentage Mod: HP is shown in percentages
|clearpoke
|poke|p1|Ampharos, M
|poke|p1|Florges, F
|poke|p1|Swampert, M
|poke|p1|Escavalier, M
|poke|p1|Infernape, M
|poke|p1|Crobat, F
|poke|p2|Absol, M, shiny
|poke|p2|Galvantula, F, shiny
|poke|p2|Nidoking, M
|poke|p2|Celebi
|poke|p2|Noivern, M, shiny
|poke|p2|Torkoal, M, shiny
|rule|Swagger Clause: Swagger is banned
|rule|Baton Pass Clause: Limit one PokÃ©mon knowing Baton Pass
|teampreview
|
|start
|switch|p1a: Florges|Florges, F|360\/360
|switch|p2a: Stealth Rocker|Galvantula, F, shiny|281\/281
|turn|1
|
|move|p2a: Stealth Rocker|Sticky Web|p1a: Florges
|-sidestart|p1: 22Mustafa|move: Sticky Web
|move|p1a: Florges|Moonblast|p2a: Stealth Rocker
|-damage|p2a: Stealth Rocker|103\/281
|
|turn|2
|
|switch|p2a: Hookah|Torkoal, M, shiny|306\/306
|move|p1a: Florges|Moonblast|p2a: Hookah
|-resisted|p2a: Hookah
|-damage|p2a: Hookah|268\/306
|
|turn|3
|
|switch|p1a: Crobat|Crobat, F|374\/374
|switch|p2a: King|Nidoking, M|303\/303
|
|turn|4
|
|move|p1a: Crobat|Defog|p2a: King
|-unboost|p2a: King|evasion|1
|-sideend|p1: 22Mustafa|Sticky Web|[from] move: Defog|[of] p1a: Crobat
|move|p2a: King|Ice Beam|p1a: Crobat
|-supereffective|p1a: Crobat
|-damage|p1a: Crobat|57\/374
|
|-heal|p1a: Crobat|80\/374|[from] item: Black Sludge
|turn|5
|
|switch|p1a: Florges|Florges, F|360\/360
|move|p2a: King|Earth Power|p1a: Florges
|-damage|p1a: Florges|246\/360
|
|-heal|p1a: Florges|268\/360|[from] item: Leftovers
|turn|6
|
|switch|p1a: Swampert|Swampert, M|404\/404
|move|p2a: King|Poison Jab|p1a: Swampert
|-resisted|p1a: Swampert
|-damage|p1a: Swampert|346\/404
|
|-heal|p1a: Swampert|371\/404|[from] item: Leftovers
|turn|7
|
|switch|p2a: Stealth Rocker|Galvantula, F, shiny|103\/281
|move|p1a: Swampert|Scald|p2a: Stealth Rocker
|-damage|p2a: Stealth Rocker|0 fnt
|faint|p2a: Stealth Rocker
|
|-heal|p1a: Swampert|396\/404|[from] item: Leftovers
|
|switch|p2a: Celery|Celebi|396\/396
|turn|8
|
|switch|p1a: Infernape|Infernape, M|293\/293
|move|p2a: Celery|Stealth Rock|p1a: Infernape
|-sidestart|p1: 22Mustafa|move: Stealth Rock
|
|turn|9
|
|switch|p2a: Hookah|Torkoal, M, shiny|268\/306
|move|p1a: Infernape|Overheat|p2a: Hookah
|-resisted|p2a: Hookah
|-damage|p2a: Hookah|206\/306
|-unboost|p1a: Infernape|spa|2
|-damage|p1a: Infernape|264\/293|[from] item: Life Orb
|
|turn|10
|
|move|p1a: Infernape|Earthquake|p2a: Hookah
|-supereffective|p2a: Hookah
|-damage|p2a: Hookah|3\/306
|-damage|p1a: Infernape|235\/293|[from] item: Life Orb
|move|p2a: Hookah|Lava Plume|p1a: Infernape
|-resisted|p1a: Infernape
|-damage|p1a: Infernape|162\/293
|
|turn|11
|
|move|p1a: Infernape|Earthquake|p2a: Hookah
|-supereffective|p2a: Hookah
|-damage|p2a: Hookah|0 fnt
|-damage|p1a: Infernape|133\/293|[from] item: Life Orb
|faint|p2a: Hookah
|
|
|switch|p2a: Bach|Noivern, M, shiny|311\/311
|turn|12
|
|switch|p1a: Florges|Florges, F|268\/360
|-damage|p1a: Florges|223\/360|[from] Stealth Rock
|move|p2a: Bach|Boomburst|p1a: Florges
|-damage|p1a: Florges|112\/360
|
|-heal|p1a: Florges|134\/360|[from] item: Leftovers
|turn|13
|
|switch|p2a: King|Nidoking, M|303\/303
|move|p1a: Florges|Wish|p1a: Florges
|
|-heal|p1a: Florges|156\/360|[from] item: Leftovers
|turn|14
|
|move|p1a: Florges|Protect|p1a: Florges
|-singleturn|p1a: Florges|Protect
|move|p2a: King|Poison Jab|p1a: Florges
|-activate|p1a: Florges|Protect
|
|-heal|p1a: Florges|336\/360|[from] move: Wish|[wisher] Florges
|-heal|p1a: Florges|358\/360|[from] item: Leftovers
|turn|15
|
|switch|p1a: Swampert|Swampert, M|396\/404
|-damage|p1a: Swampert|371\/404|[from] Stealth Rock
|move|p2a: King|Earth Power|p1a: Swampert
|-damage|p1a: Swampert|133\/404
|
|-heal|p1a: Swampert|158\/404|[from] item: Leftovers
|turn|16
|
|move|p2a: King|Earth Power|p1a: Swampert
|-damage|p1a: Swampert|0 fnt
|faint|p1a: Swampert
|
|
|switch|p1a: Infernape|Infernape, M|133\/293
|-damage|p1a: Infernape|97\/293|[from] Stealth Rock
|turn|17
|
|switch|p2a: Bach|Noivern, M, shiny|311\/311
|move|p1a: Infernape|Earthquake|p2a: Bach
|-immune|p2a: Bach|[msg]
|
|turn|18
|
|switch|p1a: Escavalier|Escavalier, M|344\/344
|-damage|p1a: Escavalier|301\/344|[from] Stealth Rock
|move|p2a: Bach|Boomburst|p1a: Escavalier
|-resisted|p1a: Escavalier
|-damage|p1a: Escavalier|236\/344
|
|turn|19
|
|switch|p2a: Celery|Celebi|396\/396
|move|p1a: Escavalier|Drill Run|p2a: Celery
|-resisted|p2a: Celery
|-damage|p2a: Celery|340\/396
|
|-heal|p2a: Celery|364\/396|[from] item: Leftovers
|turn|20
|
|move|p2a: Celery|Psychic|p1a: Escavalier
|-resisted|p1a: Escavalier
|-damage|p1a: Escavalier|192\/344
|move|p1a: Escavalier|Knock Off|p2a: Celery
|-supereffective|p2a: Celery
|-damage|p2a: Celery|108\/396
|-enditem|p2a: Celery|Leftovers|[from] move: Knock Off|[of] p1a: Escavalier
|
|turn|21
|
|move|p2a: Celery|Recover|p2a: Celery
|-heal|p2a: Celery|306\/396
|move|p1a: Escavalier|Iron Head|p2a: Celery
|-damage|p2a: Celery|147\/396
|
|turn|22
|
|move|p2a: Celery|Recover|p2a: Celery
|-heal|p2a: Celery|345\/396
|move|p1a: Escavalier|X-Scissor|p2a: Celery
|-supereffective|p2a: Celery
|-damage|p2a: Celery|0 fnt
|faint|p2a: Celery
|
|
|switch|p2a: Bach|Noivern, M, shiny|311\/311
|turn|23
|
|move|p2a: Bach|Switcheroo|p1a: Escavalier
|-activate|p2a: Bach|move: Trick|[of] p1a: Escavalier
|-item|p1a: Escavalier|Choice Specs|[from] Trick
|-item|p2a: Bach|Assault Vest|[from] Trick
|move|p1a: Escavalier|Iron Head|p2a: Bach
|-damage|p2a: Bach|122\/311
|
|turn|24
|
|move|p2a: Bach|Draco Meteor|p1a: Escavalier
|-resisted|p1a: Escavalier
|-damage|p1a: Escavalier|95\/344
|-unboost|p2a: Bach|spa|2
|move|p1a: Escavalier|Iron Head|p2a: Bach
|-damage|p2a: Bach|0 fnt
|faint|p2a: Bach
|
|
|switch|p2a: King|Nidoking, M|303\/303
|turn|25
|
|move|p2a: King|Earth Power|p1a: Escavalier
|-damage|p1a: Escavalier|0 fnt
|faint|p1a: Escavalier
|
|
|switch|p1a: Infernape|Infernape, M|97\/293
|-damage|p1a: Infernape|61\/293|[from] Stealth Rock
|turn|26
|
|switch|p2a: Senketsu|Absol, M, shiny|271\/271
|move|p1a: Infernape|Earthquake|p2a: Senketsu
|-damage|p2a: Senketsu|84\/271
|-damage|p1a: Infernape|32\/293|[from] item: Life Orb
|
|turn|27
|
|switch|p1a: Ampharos|Ampharos, M|384\/384
|-damage|p1a: Ampharos|336\/384|[from] Stealth Rock
|detailschange|p2a: Senketsu|Absol-Mega, M, shiny
|message|Absol has Mega Evolved into Mega Absol!
|move|p2a: Senketsu|Sucker Punch|p1a: Ampharos
|-fail|p1a: Ampharos
|
|turn|28
|
|detailschange|p1a: Ampharos|Ampharos-Mega, M
|message|Ampharos has Mega Evolved into Mega Ampharos!
|-ability|p1a: Ampharos|Mold Breaker
|move|p2a: Senketsu|Play Rough|p1a: Ampharos
|-supereffective|p1a: Ampharos
|-damage|p1a: Ampharos|96\/384
|move|p1a: Ampharos|Dragon Pulse|p2a: Senketsu
|-damage|p2a: Senketsu|0 fnt
|faint|p2a: Senketsu
|
|
|switch|p2a: King|Nidoking, M|303\/303
|turn|29
|
|move|p2a: King|Ice Beam|p1a: Ampharos
|-supereffective|p1a: Ampharos
|-damage|p1a: Ampharos|0 fnt
|faint|p1a: Ampharos
|
|
|switch|p1a: Infernape|Infernape, M|32\/293
|-damage|p1a: Infernape|0 fnt|[from] Stealth Rock
|faint|p1a: Infernape
|
|switch|p1a: Crobat|Crobat, F|80\/374
|-damage|p1a: Crobat|0 fnt|[from] Stealth Rock
|faint|p1a: Crobat
|
|switch|p1a: Florges|Florges, F|358\/360
|-damage|p1a: Florges|313\/360|[from] Stealth Rock
|turn|30
|
|move|p2a: King|Poison Jab|p1a: Florges
|-supereffective|p1a: Florges
|-damage|p1a: Florges|0 fnt
|faint|p1a: Florges
|
|win|DhgKing
|raw|Ladder updating...
|raw|22Mustafa's rating: 1299 &rarr; <strong>1278<\/strong><br \/>(-21 for losing)
|raw|DhgKing's rating: 1359 &rarr; <strong>1375<\/strong><br \/>(+16 for winning)
|c|âDhgKing|gg
|c|â22Mustafa|gg
|leave|22Mustafa
|player|p1