|join|Sweep
|join|22mustafa
|player|p1|Sweep|1
|player|p2|22mustafa|15
|gametype|singles
|gen|6
|tier|UU
|rated
|rule|Sleep Clause Mod: Limit one foe put to sleep
|rule|Species Clause: Limit one of each PokÃ©mon
|rule|OHKO Clause: OHKO moves are banned
|rule|Moody Clause: Moody is banned
|rule|Evasion Moves Clause: Evasion moves are banned
|rule|Endless Battle Clause: Forcing endless battles is banned
|rule|HP Percentage Mod: HP is shown in percentages
|clearpoke
|poke|p1|Yanmega, F
|poke|p1|Krookodile, F
|poke|p1|Blastoise, F
|poke|p1|Azelf
|poke|p1|Machamp, F
|poke|p1|Entei, shiny
|poke|p2|Staraptor, M
|poke|p2|Chesnaught, M
|poke|p2|Klefki, F
|poke|p2|Vaporeon, F
|poke|p2|Crobat, F
|poke|p2|Altaria, M
|rule|Swagger Clause: Swagger is banned
|rule|Baton Pass Clause: Limit one PokÃ©mon knowing Baton Pass
|teampreview
|
|start
|switch|p1a: Azelf|Azelf|291\/291
|switch|p2a: Crobat|Crobat, F|374\/374
|turn|1
|
|move|p2a: Crobat|Brave Bird|p1a: Azelf
|-damage|p1a: Azelf|104\/291
|-damage|p2a: Crobat|312\/374|[from] recoil|[of] p1a: Azelf
|move|p1a: Azelf|Stealth Rock|p2a: Crobat
|-sidestart|p2: 22mustafa|move: Stealth Rock
|
|-heal|p2a: Crobat|335\/374|[from] item: Black Sludge
|turn|2
|
|move|p2a: Crobat|Brave Bird|p1a: Azelf
|-damage|p1a: Azelf|0 fnt
|-damage|p2a: Crobat|301\/374|[from] recoil|[of] p1a: Azelf
|faint|p1a: Azelf
|
|-heal|p2a: Crobat|324\/374|[from] item: Black Sludge
|
|switch|p1a: Entei|Entei, shiny|371\/371
|-ability|p1a: Entei|Pressure
|turn|3
|
|switch|p2a: Vaporeon|Vaporeon, F|464\/464
|-damage|p2a: Vaporeon|406\/464|[from] Stealth Rock
|move|p1a: Entei|Sacred Fire|p2a: Vaporeon
|-resisted|p2a: Vaporeon
|-damage|p2a: Vaporeon|298\/464
|
|-heal|p2a: Vaporeon|327\/464|[from] item: Leftovers
|turn|4
|
|switch|p1a: Machamp|Machamp, F|363\/363
|move|p2a: Vaporeon|Wish|p2a: Vaporeon
|
|-heal|p2a: Vaporeon|356\/464|[from] item: Leftovers
|turn|5
|
|switch|p2a: Crobat|Crobat, F|324\/374
|-damage|p2a: Crobat|231\/374|[from] Stealth Rock
|move|p1a: Machamp|Dynamic Punch|p2a: Crobat
|-resisted|p2a: Crobat
|-damage|p2a: Crobat|182\/374
|-start|p2a: Crobat|confusion
|
|-heal|p2a: Crobat|374\/374|[from] move: Wish|[wisher] Vaporeon
|turn|6
|
|-activate|p2a: Crobat|confusion
|-damage|p2a: Crobat|344\/374|[from] confusion
|move|p1a: Machamp|Stone Edge|p2a: Crobat
|-supereffective|p2a: Crobat
|-damage|p2a: Crobat|56\/374
|
|-heal|p2a: Crobat|79\/374|[from] item: Black Sludge
|turn|7
|
|-activate|p2a: Crobat|confusion
|-damage|p2a: Crobat|47\/374|[from] confusion
|move|p1a: Machamp|Knock Off|p2a: Crobat
|-damage|p2a: Crobat|0 fnt
|-enditem|p2a: Crobat|Black Sludge|[from] move: Knock Off|[of] p1a: Machamp
|faint|p2a: Crobat
|
|
|switch|p2a: Chesnaught|Chesnaught, M|380\/380
|-damage|p2a: Chesnaught|357\/380|[from] Stealth Rock
|turn|8
|
|move|p2a: Chesnaught|Spiky Shield|p2a: Chesnaught
|-singleturn|p2a: Chesnaught|move: Protect
|move|p1a: Machamp|Knock Off|p2a: Chesnaught
|-activate|p2a: Chesnaught|move: Protect
|-damage|p1a: Machamp|318\/363|[from] Spiky Shield|[of] p2a: Chesnaught
|
|-heal|p2a: Chesnaught|380\/380|[from] item: Leftovers
|turn|9
|
|switch|p2a: Altaria|Altaria, M|354\/354
|-damage|p2a: Altaria|266\/354|[from] Stealth Rock
|move|p1a: Machamp|Knock Off|p2a: Altaria
|-damage|p2a: Altaria|202\/354
|
|turn|10
|
|detailschange|p2a: Altaria|Altaria-Mega, M
|message|Altaria has Mega Evolved into Mega Altaria!
|move|p2a: Altaria|Hyper Voice|p1a: Machamp
|-supereffective|p1a: Machamp
|-damage|p1a: Machamp|100\/363
|move|p1a: Machamp|Ice Punch|p2a: Altaria
|-supereffective|p2a: Altaria
|-damage|p2a: Altaria|70\/354
|
|turn|11
|
|switch|p1a: Blastoise|Blastoise, F|331\/331
|move|p2a: Altaria|Roost|p2a: Altaria
|-heal|p2a: Altaria|247\/354
|
|turn|12
|
|detailschange|p1a: Blastoise|Blastoise-Mega, F
|message|Blastoise has Mega Evolved into Mega Blastoise!
|move|p1a: Blastoise|Ice Beam|p2a: Altaria
|-supereffective|p2a: Altaria
|-damage|p2a: Altaria|23\/354
|move|p2a: Altaria|Hyper Voice|p1a: Blastoise
|-damage|p1a: Blastoise|189\/331
|
|turn|13
|
|move|p1a: Blastoise|Ice Beam|p2a: Altaria
|-supereffective|p2a: Altaria
|-damage|p2a: Altaria|0 fnt
|faint|p2a: Altaria
|
|
|switch|p2a: Staraptor|Staraptor, M|312\/312
|-damage|p2a: Staraptor|234\/312|[from] Stealth Rock
|turn|14
|
|move|p2a: Staraptor|Brave Bird|p1a: Blastoise
|-damage|p1a: Blastoise|0 fnt
|-damage|p2a: Staraptor|172\/312|[from] recoil|[of] p1a: Blastoise
|faint|p1a: Blastoise
|
|
|switch|p1a: Krookodile|Krookodile, F|331\/331
|-ability|p1a: Krookodile|Intimidate|[of] p2a: Staraptor
|-unboost|p2a: Staraptor|atk|1
|turn|15
|
|move|p1a: Krookodile|Pursuit|p2a: Staraptor|[from]Pursuit
|-damage|p2a: Staraptor|0 fnt
|faint|p2a: Staraptor
|
|
|switch|p2a: Chesnaught|Chesnaught, M|380\/380
|-damage|p2a: Chesnaught|357\/380|[from] Stealth Rock
|turn|16
|
|switch|p1a: Machamp|Machamp, F|100\/363
|move|p2a: Chesnaught|Drain Punch|p1a: Machamp
|-damage|p1a: Machamp|0 fnt
|-heal|p2a: Chesnaught|380\/380|[from] drain|[of] p1a: Machamp
|faint|p1a: Machamp
|
|
|switch|p1a: Yanmega|Yanmega, F|313\/313
|turn|17
|
|switch|p2a: Klefki|Klefki, F|318\/318
|-damage|p2a: Klefki|299\/318|[from] Stealth Rock
|move|p1a: Yanmega|Air Slash|p2a: Klefki
|-resisted|p2a: Klefki
|-damage|p2a: Klefki|199\/318
|-damage|p1a: Yanmega|282\/313|[from] item: Life Orb
|
|-heal|p2a: Klefki|218\/318|[from] item: Leftovers
|-boost|p1a: Yanmega|spe|1|[from] ability: Speed Boost
|turn|18
|
|switch|p1a: Krookodile|Krookodile, F|331\/331
|-ability|p1a: Krookodile|Intimidate|[of] p2a: Klefki
|-unboost|p2a: Klefki|atk|1
|move|p2a: Klefki|Thunder Wave|p1a: Krookodile
|-immune|p1a: Krookodile|[msg]
|
|-heal|p2a: Klefki|237\/318|[from] item: Leftovers
|turn|19
|
|move|p2a: Klefki|Reflect|p2a: Klefki
|-sidestart|p2: 22mustafa|Reflect
|move|p1a: Krookodile|Knock Off|p2a: Klefki
|-resisted|p2a: Klefki
|-damage|p2a: Klefki|193\/318
|-enditem|p2a: Klefki|Leftovers|[from] move: Knock Off|[of] p1a: Krookodile
|
|turn|20
|
|move|p1a: Krookodile|Knock Off|p2a: Klefki
|-resisted|p2a: Klefki
|-damage|p2a: Klefki|162\/318
|move|p2a: Klefki|Play Rough|p1a: Krookodile
|-supereffective|p1a: Krookodile
|-damage|p1a: Krookodile|187\/331
|
|turn|21
|
|switch|p1a: Entei|Entei, shiny|371\/371
|-ability|p1a: Entei|Pressure
|move|p2a: Klefki|Thunder Wave|p1a: Entei
|-status|p1a: Entei|par
|
|turn|22
|
|switch|p2a: Vaporeon|Vaporeon, F|356\/464
|-damage|p2a: Vaporeon|298\/464|[from] Stealth Rock
|cant|p1a: Entei|par
|
|-heal|p2a: Vaporeon|327\/464|[from] item: Leftovers
|turn|23
|
|move|p2a: Vaporeon|Wish|p2a: Vaporeon
|move|p1a: Entei|Sacred Fire|p2a: Vaporeon
|-resisted|p2a: Vaporeon
|-damage|p2a: Vaporeon|270\/464
|-status|p2a: Vaporeon|brn
|
|-heal|p2a: Vaporeon|299\/464 brn|[from] item: Leftovers
|-damage|p2a: Vaporeon|241\/464 brn|[from] brn
|-sideend|p2: 22mustafa|Reflect
|turn|24
|
|switch|p1a: Yanmega|Yanmega, F|282\/313
|move|p2a: Vaporeon|Scald|p1a: Yanmega
|-damage|p1a: Yanmega|123\/313
|
|-heal|p2a: Vaporeon|464\/464 brn|[from] move: Wish|[wisher] Vaporeon
|-damage|p2a: Vaporeon|406\/464 brn|[from] brn
|turn|25
|
|move|p1a: Yanmega|Giga Drain|p2a: Vaporeon
|-supereffective|p2a: Vaporeon
|-damage|p2a: Vaporeon|172\/464 brn
|-heal|p1a: Yanmega|240\/313|[from] drain|[of] p2a: Vaporeon
|-damage|p1a: Yanmega|209\/313|[from] item: Life Orb
|move|p2a: Vaporeon|Scald|p1a: Yanmega
|-damage|p1a: Yanmega|35\/313
|-status|p1a: Yanmega|brn
|
|-heal|p2a: Vaporeon|201\/464 brn|[from] item: Leftovers
|-damage|p1a: Yanmega|0 fnt|[from] brn
|-damage|p2a: Vaporeon|143\/464 brn|[from] brn
|faint|p1a: Yanmega
|
|switch|p1a: Krookodile|Krookodile, F|187\/331
|-ability|p1a: Krookodile|Intimidate|[of] p2a: Vaporeon
|-unboost|p2a: Vaporeon|atk|1
|turn|26
|
|switch|p2a: Chesnaught|Chesnaught, M|380\/380
|-damage|p2a: Chesnaught|357\/380|[from] Stealth Rock
|move|p1a: Krookodile|Knock Off|p2a: Chesnaught
|-resisted|p2a: Chesnaught
|-damage|p2a: Chesnaught|281\/380
|-enditem|p2a: Chesnaught|Leftovers|[from] move: Knock Off|[of] p1a: Krookodile
|
|turn|27
|
|switch|p1a: Entei|Entei, shiny|371\/371 par
|-ability|p1a: Entei|Pressure
|move|p2a: Chesnaught|Drain Punch|p1a: Entei
|-damage|p1a: Entei|271\/371 par
|-heal|p2a: Chesnaught|331\/380|[from] drain|[of] p1a: Entei
|
|turn|28
|
|move|p2a: Chesnaught|Spiky Shield|p2a: Chesnaught
|-singleturn|p2a: Chesnaught|move: Protect
|move|p1a: Entei|Sacred Fire|p2a: Chesnaught
|-activate|p2a: Chesnaught|move: Protect
|
|turn|29
|
|switch|p2a: Klefki|Klefki, F|162\/318
|-damage|p2a: Klefki|143\/318|[from] Stealth Rock
|move|p1a: Entei|Sacred Fire|p2a: Klefki
|-supereffective|p2a: Klefki
|-damage|p2a: Klefki|0 fnt
|faint|p2a: Klefki
|
|
|switch|p2a: Vaporeon|Vaporeon, F|143\/464 brn
|-damage|p2a: Vaporeon|85\/464 brn|[from] Stealth Rock
|turn|30
|
|switch|p1a: Krookodile|Krookodile, F|187\/331
|-ability|p1a: Krookodile|Intimidate|[of] p2a: Vaporeon
|-unboost|p2a: Vaporeon|atk|1
|move|p2a: Vaporeon|Scald|p1a: Krookodile
|-supereffective|p1a: Krookodile
|-damage|p1a: Krookodile|0 fnt
|faint|p1a: Krookodile
|
|-heal|p2a: Vaporeon|114\/464 brn|[from] item: Leftovers
|-damage|p2a: Vaporeon|56\/464 brn|[from] brn
|
|switch|p1a: Entei|Entei, shiny|271\/371 par
|-ability|p1a: Entei|Pressure
|turn|31
|
|move|p1a: Entei|Extreme Speed|p2a: Vaporeon
|-damage|p2a: Vaporeon|0 fnt
|faint|p2a: Vaporeon
|
|
|switch|p2a: Chesnaught|Chesnaught, M|331\/380
|-damage|p2a: Chesnaught|308\/380|[from] Stealth Rock
|turn|32
|
|move|p2a: Chesnaught|Spiky Shield|p2a: Chesnaught
|-singleturn|p2a: Chesnaught|move: Protect
|cant|p1a: Entei|par
|
|turn|33
|
|move|p2a: Chesnaught|Drain Punch|p1a: Entei
|-damage|p1a: Entei|171\/371 par
|-heal|p2a: Chesnaught|358\/380|[from] drain|[of] p1a: Entei
|cant|p1a: Entei|par
|
|turn|34
|
|move|p2a: Chesnaught|Drain Punch|p1a: Entei
|-damage|p1a: Entei|66\/371 par
|-heal|p2a: Chesnaught|380\/380|[from] drain|[of] p1a: Entei
|move|p1a: Entei|Sacred Fire|p2a: Chesnaught
|-supereffective|p2a: Chesnaught
|-damage|p2a: Chesnaught|102\/380
|-status|p2a: Chesnaught|brn
|
|-damage|p2a: Chesnaught|55\/380 brn|[from] brn
|turn|35
|
|move|p1a: Entei|Extreme Speed|p2a: Chesnaught
|-damage|p2a: Chesnaught|0 fnt
|faint|p2a: Chesnaught
|
|win|Sweep
|raw|Ladder updating...
|raw|Sweep's rating: 1451 &rarr; <strong>1464<\/strong><br \/>(+13 for winning)
|raw|22mustafa's rating: 1338 &rarr; <strong>1324<\/strong><br \/>(-14 for losing)