|join|HottShottScott
|join|22Mustafa
|player|p1|HottShottScott|97
|player|p2|22Mustafa|43
|gametype|singles
|gen|6
|tier|UU
|rated
|rule|Sleep Clause Mod: Limit one foe put to sleep
|rule|Species Clause: Limit one of each PokÃ©mon
|rule|OHKO Clause: OHKO moves are banned
|rule|Moody Clause: Moody is banned
|rule|Evasion Moves Clause: Evasion moves are banned
|rule|Endless Battle Clause: Forcing endless battles is banned
|rule|HP Percentage Mod: HP is shown in percentages
|clearpoke
|poke|p1|Rotom-Mow
|poke|p1|Hydreigon, M
|poke|p1|Jirachi
|poke|p1|Suicune, shiny
|poke|p1|Gligar, M
|poke|p1|Florges, F
|poke|p2|Ampharos, M
|poke|p2|Florges, F
|poke|p2|Swampert, F
|poke|p2|Escavalier, F
|poke|p2|Infernape, F
|poke|p2|Crobat, F
|rule|Swagger Clause: Swagger is banned
|rule|Baton Pass Clause: Limit one PokÃ©mon knowing Baton Pass
|teampreview
|
|start
|switch|p1a: Cuddly|Rotom-Mow|275\/275
|switch|p2a: Crobat|Crobat, F|374\/374
|turn|1
|
|switch|p2a: Swampert|Swampert, F|404\/404
|move|p1a: Cuddly|Volt Switch|p2a: Swampert
|-immune|p2a: Swampert|[msg]
|
|turn|2
|
|switch|p1a: Liquid|Suicune, shiny|404\/404
|-ability|p1a: Liquid|Pressure
|move|p2a: Swampert|Stealth Rock|p1a: Liquid
|-sidestart|p1: HottShottScott|move: Stealth Rock
|
|turn|3
|
|move|p1a: Liquid|Scald|p2a: Swampert
|-damage|p2a: Swampert|305\/404
|move|p2a: Swampert|Roar|p1a: Liquid
|drag|p1a: Fancy|Gligar, M|334\/334
|-damage|p1a: Fancy|293\/334|[from] Stealth Rock
|
|-heal|p2a: Swampert|330\/404|[from] item: Leftovers
|turn|4
|
|move|p1a: Fancy|Stealth Rock|p2a: Swampert
|-sidestart|p2: 22Mustafa|move: Stealth Rock
|move|p2a: Swampert|Scald|p1a: Fancy
|-supereffective|p1a: Fancy
|-damage|p1a: Fancy|143\/334
|
|-heal|p2a: Swampert|355\/404|[from] item: Leftovers
|turn|5
|
|move|p1a: Fancy|Roost|p1a: Fancy
|-heal|p1a: Fancy|310\/334
|move|p2a: Swampert|Roar|p1a: Fancy
|drag|p1a: Percenter|Hydreigon, M|325\/325
|-damage|p1a: Percenter|285\/325|[from] Stealth Rock
|
|-heal|p2a: Swampert|380\/404|[from] item: Leftovers
|turn|6
|
|move|p1a: Percenter|Draco Meteor|p2a: Swampert
|-damage|p2a: Swampert|71\/404
|-unboost|p1a: Percenter|spa|2
|-damage|p1a: Percenter|253\/325|[from] item: Life Orb
|move|p2a: Swampert|Scald|p1a: Percenter
|-crit|p1a: Percenter
|-resisted|p1a: Percenter
|-damage|p1a: Percenter|156\/325
|-status|p1a: Percenter|brn
|
|-heal|p2a: Swampert|96\/404|[from] item: Leftovers
|-damage|p1a: Percenter|116\/325 brn|[from] brn
|turn|7
|
|switch|p2a: Crobat|Crobat, F|374\/374
|-damage|p2a: Crobat|281\/374|[from] Stealth Rock
|move|p1a: Percenter|Roost|p1a: Percenter
|-heal|p1a: Percenter|279\/325 brn
|
|-heal|p2a: Crobat|304\/374|[from] item: Black Sludge
|-damage|p1a: Percenter|239\/325 brn|[from] brn
|turn|8
|c|âHottShottScott|so whats your secret to getting a burn with scald? I needs help with it lol
|
|switch|p1a: Tilted|Jirachi|341\/341
|-damage|p1a: Tilted|320\/341|[from] Stealth Rock
|move|p2a: Crobat|Defog|p1a: Tilted
|-unboost|p1a: Tilted|evasion|1
|-sideend|p1: HottShottScott|Stealth Rock|[from] move: Defog|[of] p1a: Tilted
|-sideend|p2: 22Mustafa|Stealth Rock|[from] move: Defog|[of] p2a: Crobat
|
|-heal|p2a: Crobat|327\/374|[from] item: Black Sludge
|turn|9
|c|â22Mustafa|You need to invest some secondary effect ev's
|
|move|p1a: Tilted|Ice Punch|p2a: Crobat
|-supereffective|p2a: Crobat
|-damage|p2a: Crobat|167\/374
|move|p2a: Crobat|Taunt|p1a: Tilted
|-start|p1a: Tilted|move: Taunt
|
|-heal|p2a: Crobat|190\/374|[from] item: Black Sludge
|turn|10
|c|âHottShottScott|which eve's would you suggest?
|
|switch|p2a: Infernape|Infernape, F|293\/293
|move|p1a: Tilted|Ice Punch|p2a: Infernape
|-crit|p2a: Infernape
|-resisted|p2a: Infernape
|-damage|p2a: Infernape|229\/293
|
|turn|11
|c|â22Mustafa|vaporeon and umbreon
|c|âHottShottScott|gotcha
|
|switch|p1a: Liquid|Suicune, shiny|404\/404
|-ability|p1a: Liquid|Pressure
|move|p2a: Infernape|Close Combat|p1a: Liquid
|-damage|p1a: Liquid|262\/404
|-unboost|p2a: Infernape|def|1
|-unboost|p2a: Infernape|spd|1
|-damage|p2a: Infernape|200\/293|[from] item: Life Orb
|
|-heal|p1a: Liquid|287\/404|[from] item: Leftovers
|turn|12
|
|move|p2a: Infernape|Grass Knot|p1a: Liquid
|-supereffective|p1a: Liquid
|-damage|p1a: Liquid|82\/404
|-damage|p2a: Infernape|171\/293|[from] item: Life Orb
|move|p1a: Liquid|Scald|p2a: Infernape
|-supereffective|p2a: Infernape
|-damage|p2a: Infernape|0 fnt
|faint|p2a: Infernape
|
|-heal|p1a: Liquid|107\/404|[from] item: Leftovers
|
|switch|p2a: Ampharos|Ampharos, M|384\/384
|turn|13
|
|switch|p1a: Juice|Florges, F|360\/360
|detailschange|p2a: Ampharos|Ampharos-Mega, M
|message|Ampharos has Mega Evolved into Mega Ampharos!
|-ability|p2a: Ampharos|Mold Breaker
|move|p2a: Ampharos|Volt Switch|p1a: Juice
|-damage|p1a: Juice|240\/360
|
|switch|p2a: Escavalier|Escavalier, F|344\/344
|
|-heal|p1a: Juice|262\/360|[from] item: Leftovers
|turn|14
|
|switch|p1a: Fancy|Gligar, M|310\/334
|move|p2a: Escavalier|Knock Off|p1a: Fancy
|-damage|p1a: Fancy|252\/334
|-enditem|p1a: Fancy|Eviolite|[from] move: Knock Off|[of] p2a: Escavalier
|
|turn|15
|
|switch|p2a: Florges|Florges, F|360\/360
|move|p1a: Fancy|U-turn|p2a: Florges
|-resisted|p2a: Florges
|-damage|p2a: Florges|332\/360
|
|switch|p1a: Tilted|Jirachi|320\/341
|
|-heal|p2a: Florges|354\/360|[from] item: Leftovers
|turn|16
|
|switch|p2a: Escavalier|Escavalier, F|344\/344
|move|p1a: Tilted|Iron Head|p2a: Escavalier
|-resisted|p2a: Escavalier
|-damage|p2a: Escavalier|296\/344
|
|turn|17
|
|switch|p1a: Fancy|Gligar, M|252\/334
|move|p2a: Escavalier|X-Scissor|p1a: Fancy
|-crit|p1a: Fancy
|-resisted|p1a: Fancy
|-damage|p1a: Fancy|170\/334
|
|turn|18
|
|switch|p2a: Crobat|Crobat, F|190\/374
|move|p1a: Fancy|Roost|p1a: Fancy
|-heal|p1a: Fancy|334\/334
|
|-heal|p2a: Crobat|213\/374|[from] item: Black Sludge
|turn|19
|
|move|p2a: Crobat|Taunt|p1a: Fancy
|-start|p1a: Fancy|move: Taunt
|move|p1a: Fancy|U-turn|p2a: Crobat
|-resisted|p2a: Crobat
|-damage|p2a: Crobat|200\/374
|
|switch|p1a: Cuddly|Rotom-Mow|275\/275
|
|-heal|p2a: Crobat|223\/374|[from] item: Black Sludge
|turn|20
|
|switch|p2a: Ampharos|Ampharos-Mega, M|384\/384
|-ability|p2a: Ampharos|Mold Breaker
|move|p1a: Cuddly|Volt Switch|p2a: Ampharos
|-resisted|p2a: Ampharos
|-damage|p2a: Ampharos|343\/384
|
|switch|p1a: Percenter|Hydreigon, M|239\/325 brn
|
|-damage|p1a: Percenter|199\/325 brn|[from] brn
|turn|21
|
|switch|p2a: Florges|Florges, F|354\/360
|move|p1a: Percenter|Draco Meteor|p2a: Florges
|-immune|p2a: Florges|[msg]
|
|-heal|p2a: Florges|360\/360|[from] item: Leftovers
|-damage|p1a: Percenter|159\/325 brn|[from] brn
|turn|22
|
|switch|p1a: Cuddly|Rotom-Mow|275\/275
|move|p2a: Florges|Moonblast|p1a: Cuddly
|-damage|p1a: Cuddly|149\/275
|
|turn|23
|
|switch|p2a: Ampharos|Ampharos-Mega, M|343\/384
|-ability|p2a: Ampharos|Mold Breaker
|move|p1a: Cuddly|Trick|p2a: Ampharos
|-fail|p2a: Ampharos
|
|turn|24
|
|switch|p1a: Juice|Florges, F|262\/360
|move|p2a: Ampharos|Thunderbolt|p1a: Juice
|-damage|p1a: Juice|112\/360
|-status|p1a: Juice|par
|
|-heal|p1a: Juice|134\/360 par|[from] item: Leftovers
|turn|25
|
|move|p1a: Juice|Protect|p1a: Juice
|-singleturn|p1a: Juice|Protect
|move|p2a: Ampharos|Thunderbolt|p1a: Juice
|-activate|p1a: Juice|Protect
|
|-heal|p1a: Juice|156\/360 par|[from] item: Leftovers
|turn|26
|
|switch|p2a: Escavalier|Escavalier, F|296\/344
|cant|p1a: Juice|par
|
|-heal|p1a: Juice|178\/360 par|[from] item: Leftovers
|turn|27
|
|move|p1a: Juice|Protect|p1a: Juice
|-singleturn|p1a: Juice|Protect
|move|p2a: Escavalier|Iron Head|p1a: Juice
|-activate|p1a: Juice|Protect
|
|-heal|p1a: Juice|200\/360 par|[from] item: Leftovers
|turn|28
|
|switch|p1a: Fancy|Gligar, M|334\/334
|move|p2a: Escavalier|X-Scissor|p1a: Fancy
|-resisted|p1a: Fancy
|-damage|p1a: Fancy|273\/334
|
|turn|29
|
|move|p1a: Fancy|Stealth Rock|p2a: Escavalier
|-sidestart|p2: 22Mustafa|move: Stealth Rock
|move|p2a: Escavalier|Knock Off|p1a: Fancy
|-damage|p1a: Fancy|213\/334
|
|turn|30
|
|move|p1a: Fancy|U-turn|p2a: Escavalier
|-resisted|p2a: Escavalier
|-damage|p2a: Escavalier|275\/344
|
|switch|p1a: Liquid|Suicune, shiny|107\/404
|-ability|p1a: Liquid|Pressure
|move|p2a: Escavalier|Knock Off|p1a: Liquid
|-damage|p1a: Liquid|28\/404
|-enditem|p1a: Liquid|Leftovers|[from] move: Knock Off|[of] p2a: Escavalier
|
|turn|31
|
|move|p1a: Liquid|Rest|p1a: Liquid
|-status|p1a: Liquid|slp
|-heal|p1a: Liquid|404\/404 slp|[silent]
|-status|p1a: Liquid|slp|[from] move: Rest
|move|p2a: Escavalier|X-Scissor|p1a: Liquid
|-damage|p1a: Liquid|295\/404 slp
|
|turn|32
|
|cant|p1a: Liquid|slp
|move|p1a: Liquid|Sleep Talk|p1a: Liquid
|move|p1a: Liquid|Rest|p1a: Liquid|[from]Sleep Talk
|-fail|p1a: Liquid
|move|p2a: Escavalier|X-Scissor|p1a: Liquid
|-damage|p1a: Liquid|196\/404 slp
|
|turn|33
|
|switch|p2a: Ampharos|Ampharos-Mega, M|343\/384
|-damage|p2a: Ampharos|295\/384|[from] Stealth Rock
|-ability|p2a: Ampharos|Mold Breaker
|cant|p1a: Liquid|slp
|move|p1a: Liquid|Sleep Talk|p1a: Liquid
|move|p1a: Liquid|Calm Mind|p1a: Liquid|[from]Sleep Talk
|-boost|p1a: Liquid|spa|1
|-boost|p1a: Liquid|spd|1
|
|turn|34
|
|switch|p1a: Percenter|Hydreigon, M|159\/325 brn
|move|p2a: Ampharos|Thunderbolt|p1a: Percenter
|-resisted|p1a: Percenter
|-damage|p1a: Percenter|42\/325 brn
|
|-damage|p1a: Percenter|2\/325 brn|[from] brn
|turn|35
|
|move|p1a: Percenter|Dark Pulse|p2a: Ampharos
|-damage|p2a: Ampharos|131\/384
|-damage|p1a: Percenter|0 fnt|[from] item: Life Orb
|faint|p1a: Percenter
|move|p2a: Ampharos|Dragon Pulse|p1: Percenter|[notarget]
|-notarget
|
|
|switch|p1a: Tilted|Jirachi|320\/341
|turn|36
|
|switch|p2a: Escavalier|Escavalier, F|275\/344
|-damage|p2a: Escavalier|232\/344|[from] Stealth Rock
|move|p1a: Tilted|Ice Punch|p2a: Escavalier
|-resisted|p2a: Escavalier
|-damage|p2a: Escavalier|201\/344
|
|turn|37
|
|switch|p1a: Fancy|Gligar, M|213\/334
|move|p2a: Escavalier|Knock Off|p1a: Fancy
|-damage|p1a: Fancy|153\/334
|
|turn|38
|
|move|p1a: Fancy|Roost|p1a: Fancy
|-heal|p1a: Fancy|320\/334
|move|p2a: Escavalier|Iron Head|p1a: Fancy
|-damage|p1a: Fancy|209\/334
|
|turn|39
|
|move|p1a: Fancy|Earthquake|p2a: Escavalier
|-damage|p2a: Escavalier|114\/344
|move|p2a: Escavalier|Iron Head|p1a: Fancy
|-damage|p1a: Fancy|94\/334
|
|turn|40
|
|switch|p2a: Florges|Florges, F|360\/360
|-damage|p2a: Florges|315\/360|[from] Stealth Rock
|move|p1a: Fancy|Roost|p1a: Fancy
|-heal|p1a: Fancy|261\/334
|
|-heal|p2a: Florges|337\/360|[from] item: Leftovers
|turn|41
|
|move|p1a: Fancy|U-turn|p2a: Florges
|-resisted|p2a: Florges
|-damage|p2a: Florges|309\/360
|
|switch|p1a: Tilted|Jirachi|320\/341
|move|p2a: Florges|Wish|p2a: Florges
|
|-heal|p2a: Florges|331\/360|[from] item: Leftovers
|turn|42
|
|switch|p2a: Swampert|Swampert, F|96\/404
|-damage|p2a: Swampert|71\/404|[from] Stealth Rock
|move|p1a: Tilted|Ice Punch|p2a: Swampert
|-damage|p2a: Swampert|22\/404
|-status|p2a: Swampert|frz
|
|-heal|p2a: Swampert|202\/404 frz|[from] move: Wish|[wisher] Florges
|-heal|p2a: Swampert|227\/404 frz|[from] item: Leftovers
|turn|43
|
|switch|p1a: Cuddly|Rotom-Mow|149\/275
|-curestatus|p2a: Swampert|frz
|move|p2a: Swampert|Scald|p1a: Cuddly
|-resisted|p1a: Cuddly
|-damage|p1a: Cuddly|110\/275
|
|-heal|p2a: Swampert|252\/404|[from] item: Leftovers
|turn|44
|
|switch|p2a: Ampharos|Ampharos-Mega, M|131\/384
|-damage|p2a: Ampharos|83\/384|[from] Stealth Rock
|-ability|p2a: Ampharos|Mold Breaker
|move|p1a: Cuddly|Leaf Storm|p2a: Ampharos
|-resisted|p2a: Ampharos
|-damage|p2a: Ampharos|0 fnt
|-unboost|p1a: Cuddly|spa|2
|faint|p2a: Ampharos
|
|
|switch|p2a: Crobat|Crobat, F|223\/374
|-damage|p2a: Crobat|130\/374|[from] Stealth Rock
|turn|45
|
|switch|p1a: Tilted|Jirachi|320\/341
|move|p2a: Crobat|Defog|p1a: Tilted
|-unboost|p1a: Tilted|evasion|1
|-sideend|p2: 22Mustafa|Stealth Rock|[from] move: Defog|[of] p2a: Crobat
|
|-heal|p2a: Crobat|153\/374|[from] item: Black Sludge
|turn|46
|
|move|p1a: Tilted|U-turn|p2a: Crobat
|-resisted|p2a: Crobat
|-damage|p2a: Crobat|135\/374
|
|switch|p1a: Fancy|Gligar, M|261\/334
|move|p2a: Crobat|Roost|p2a: Crobat
|-heal|p2a: Crobat|322\/374
|
|-heal|p2a: Crobat|345\/374|[from] item: Black Sludge
|turn|47
|
|move|p2a: Crobat|Taunt|p1a: Fancy
|-start|p1a: Fancy|move: Taunt
|cant|p1a: Fancy|move: Taunt|Stealth Rock
|
|-heal|p2a: Crobat|368\/374|[from] item: Black Sludge
|turn|48
|
|move|p2a: Crobat|Brave Bird|p1a: Fancy
|-damage|p1a: Fancy|165\/334
|-damage|p2a: Crobat|336\/374|[from] recoil|[of] p1a: Fancy
|move|p1a: Fancy|U-turn|p2a: Crobat
|-resisted|p2a: Crobat
|-damage|p2a: Crobat|322\/374
|
|switch|p1a: Tilted|Jirachi|320\/341
|
|-heal|p2a: Crobat|345\/374|[from] item: Black Sludge
|turn|49
|
|switch|p2a: Swampert|Swampert, F|252\/404
|move|p1a: Tilted|Trick|p2a: Swampert
|-activate|p1a: Tilted|move: Trick|[of] p2a: Swampert
|-item|p2a: Swampert|Choice Scarf|[from] move: Trick
|-item|p1a: Tilted|Leftovers|[from] move: Trick
|
|-heal|p1a: Tilted|341\/341|[from] item: Leftovers
|turn|50
|
|move|p1a: Tilted|U-turn|p2a: Swampert
|-damage|p2a: Swampert|202\/404
|
|switch|p1a: Liquid|Suicune, shiny|196\/404 slp
|-ability|p1a: Liquid|Pressure
|move|p2a: Swampert|Scald|p1a: Liquid
|-resisted|p1a: Liquid
|-damage|p1a: Liquid|160\/404 slp
|
|turn|51
|
|switch|p2a: Crobat|Crobat, F|345\/374
|-curestatus|p1a: Liquid|slp
|move|p1a: Liquid|Scald|p2a: Crobat
|-damage|p2a: Crobat|242\/374
|
|-heal|p2a: Crobat|265\/374|[from] item: Black Sludge
|turn|52
|
|switch|p1a: Tilted|Jirachi|341\/341
|move|p2a: Crobat|Brave Bird|p1a: Tilted
|-resisted|p1a: Tilted
|-damage|p1a: Tilted|275\/341
|-damage|p2a: Crobat|243\/374|[from] recoil|[of] p1a: Tilted
|
|-heal|p2a: Crobat|266\/374|[from] item: Black Sludge
|-heal|p1a: Tilted|296\/341|[from] item: Leftovers
|turn|53
|
|switch|p2a: Swampert|Swampert, F|202\/404
|move|p1a: Tilted|Ice Punch|p2a: Swampert
|-damage|p2a: Swampert|148\/404
|-status|p2a: Swampert|frz
|
|-heal|p1a: Tilted|317\/341|[from] item: Leftovers
|turn|54
|
|move|p1a: Tilted|U-turn|p2a: Swampert
|-damage|p2a: Swampert|102\/404 frz
|
|switch|p1a: Liquid|Suicune, shiny|160\/404
|-ability|p1a: Liquid|Pressure
|-curestatus|p2a: Swampert|frz
|move|p2a: Swampert|Scald|p1a: Liquid
|-resisted|p1a: Liquid
|-damage|p1a: Liquid|102\/404
|
|turn|55
|
|switch|p2a: Crobat|Crobat, F|266\/374
|move|p1a: Liquid|Rest|p1a: Liquid
|-status|p1a: Liquid|slp
|-heal|p1a: Liquid|404\/404 slp|[silent]
|-status|p1a: Liquid|slp|[from] move: Rest
|
|-heal|p2a: Crobat|289\/374|[from] item: Black Sludge
|turn|56
|
|move|p2a: Crobat|Taunt|p1a: Liquid
|-start|p1a: Liquid|move: Taunt
|cant|p1a: Liquid|slp
|
|-heal|p2a: Crobat|312\/374|[from] item: Black Sludge
|turn|57
|
|move|p2a: Crobat|Brave Bird|p1a: Liquid
|-damage|p1a: Liquid|314\/404 slp
|-damage|p2a: Crobat|282\/374|[from] recoil|[of] p1a: Liquid
|cant|p1a: Liquid|slp
|
|-heal|p2a: Crobat|305\/374|[from] item: Black Sludge
|turn|58
|
|switch|p2a: Swampert|Swampert, F|102\/404
|-curestatus|p1a: Liquid|slp
|move|p1a: Liquid|Scald|p2a: Swampert
|-damage|p2a: Swampert|3\/404
|
|-end|p1a: Liquid|move: Taunt
|turn|59
|
|move|p1a: Liquid|Scald|p2a: Swampert
|-damage|p2a: Swampert|0 fnt
|faint|p2a: Swampert
|
|
|switch|p2a: Florges|Florges, F|331\/360
|turn|60
|
|move|p1a: Liquid|Calm Mind|p1a: Liquid
|-boost|p1a: Liquid|spa|1
|-boost|p1a: Liquid|spd|1
|move|p2a: Florges|Wish|p2a: Florges
|
|-heal|p2a: Florges|353\/360|[from] item: Leftovers
|turn|61
|
|switch|p2a: Escavalier|Escavalier, F|114\/344
|move|p1a: Liquid|Scald|p2a: Escavalier
|-damage|p2a: Escavalier|33\/344
|
|-heal|p2a: Escavalier|213\/344|[from] move: Wish|[wisher] Florges
|turn|62
|
|move|p1a: Liquid|Calm Mind|p1a: Liquid
|-boost|p1a: Liquid|spa|1
|-boost|p1a: Liquid|spd|1
|move|p2a: Escavalier|Knock Off|p1a: Liquid
|-damage|p1a: Liquid|253\/404
|
|turn|63
|
|move|p1a: Liquid|Scald|p2a: Escavalier
|-crit|p2a: Escavalier
|-damage|p2a: Escavalier|57\/344
|-status|p2a: Escavalier|brn
|move|p2a: Escavalier|X-Scissor|p1a: Liquid
|-damage|p1a: Liquid|196\/404
|
|-damage|p2a: Escavalier|14\/344 brn|[from] brn
|turn|64
|-message|22Mustafa forfeited.
|
|win|HottShottScott
|raw|Ladder updating...
|leave|22Mustafa
|player|p2
|raw|HottShottScott's rating: 1408 &rarr; <strong>1425<\/strong><br \/>(+17 for winning)
|raw|22Mustafa's rating: 1360 &rarr; <strong>1343<\/strong><br \/>(-17 for losing)