|join|22mustafa
|join|RnA Mr. R
|player|p1|22mustafa|43
|player|p2|RnA Mr. R|285
|gametype|singles
|gen|6
|tier|UU
|rated
|rule|Sleep Clause Mod: Limit one foe put to sleep
|rule|Species Clause: Limit one of each PokÃ©mon
|rule|OHKO Clause: OHKO moves are banned
|rule|Moody Clause: Moody is banned
|rule|Evasion Moves Clause: Evasion moves are banned
|rule|Endless Battle Clause: Forcing endless battles is banned
|rule|HP Percentage Mod: HP is shown in percentages
|clearpoke
|poke|p1|Roserade, M
|poke|p1|Lucario, F
|poke|p1|Flygon, F
|poke|p1|Ampharos, M
|poke|p1|Jirachi
|poke|p1|Mienshao, M
|poke|p2|Shedinja
|poke|p2|Absol, F
|poke|p2|Xatu, F
|poke|p2|Cobalion
|poke|p2|Archeops, F
|poke|p2|Tentacruel, M
|rule|Swagger Clause: Swagger is banned
|rule|Baton Pass Clause: Limit one PokÃ©mon knowing Baton Pass
|teampreview
|
|start
|switch|p1a: Mienshao|Mienshao, M|271\/271
|switch|p2a: Redneck|Archeops, F|291\/291
|turn|1
|join|RnA Mr.A
|join|Cbhulk92
|
|move|p2a: Redneck|U-turn|p1a: Mienshao
|-resisted|p1a: Mienshao
|-damage|p1a: Mienshao|205\/271
|
|switch|p2a: DOOT DOOT|Xatu, F|334\/334
|move|p1a: Mienshao|U-turn|p2a: DOOT DOOT
|-damage|p2a: DOOT DOOT|221\/334
|-damage|p1a: Mienshao|160\/271|[from] item: Rocky Helmet|[of] p2a: DOOT DOOT
|c| RnA Mr.A|that
|
|switch|p1a: Ampharos|Ampharos, M|384\/384
|
|turn|2
|
|detailschange|p1a: Ampharos|Ampharos-Mega, M
|message|Ampharos has Mega Evolved into Mega Ampharos!
|-ability|p1a: Ampharos|Mold Breaker
|move|p2a: DOOT DOOT|U-turn|p1a: Ampharos
|-damage|p1a: Ampharos|354\/384
|
|switch|p2a: Win Condition|Shedinja|1\/1
|move|p1a: Ampharos|Volt Switch|p2a: Win Condition
|-enditem|p2a: Win Condition|Focus Sash
|-damage|p2a: Win Condition|1\/1
|c| RnA Mr.A|lol doot doot
|c| RnA Mr.A|SS
|c|âRnA Mr. R|DOOT DOOT
|c| RnA Mr.A|SS
|c|âRnA Mr. R|oh wait mold breaker
|c|âRnA Mr. R|sad face
|c| RnA Mr.A|:l
|c|âRnA Mr. R|EVERY TIME
|c| RnA Mr.A|i cri eritime
|
|switch|p1a: Mienshao|Mienshao, M|160\/271
|
|turn|3
|
|move|p2a: Win Condition|Protect|p2a: Win Condition
|-singleturn|p2a: Win Condition|Protect
|move|p1a: Mienshao|Knock Off|p2a: Win Condition
|-activate|p2a: Win Condition|Protect
|
|turn|4
|
|switch|p1a: Ampharos|Ampharos-Mega, M|354\/384
|-ability|p1a: Ampharos|Mold Breaker
|switch|p2a: Fairy\/Dark plz|Absol, F|271\/271
|
|turn|5
|
|detailschange|p2a: Fairy\/Dark plz|Absol-Mega, F
|message|Absol has Mega Evolved into Mega Absol!
|move|p2a: Fairy\/Dark plz|Baton Pass|p2a: Fairy\/Dark plz
|
|switch|p2a: Combat Clothes|Cobalion|386\/386
|move|p1a: Ampharos|Volt Switch|p2a: Combat Clothes
|-crit|p2a: Combat Clothes
|-damage|p2a: Combat Clothes|88\/386
|c| RnA Mr.A|:{o
|c| RnA Mr.A|mustache man
|c| RnA Mr.A|jesus
|
|switch|p1a: Flygon|Flygon, F|301\/301
|
|turn|6
|c|âRnA Mr. R|This team is so bad lmao why do I make teams like this
|
|switch|p2a: Win Condition|Shedinja|1\/1
|move|p1a: Flygon|Stone Edge|p2a: Win Condition
|-crit|p2a: Win Condition
|-supereffective|p2a: Win Condition
|-damage|p2a: Win Condition|0 fnt
|faint|p2a: Win Condition
|
|c| RnA Mr.A|xD
|
|switch|p2a: Fairy\/Dark plz|Absol-Mega, F|271\/271
|turn|7
|
|move|p1a: Flygon|Stone Edge|p2a: Fairy\/Dark plz
|-damage|p2a: Fairy\/Dark plz|128\/271
|move|p2a: Fairy\/Dark plz|Swords Dance|p2a: Fairy\/Dark plz
|-boost|p2a: Fairy\/Dark plz|atk|2
|
|turn|8
|c| RnA Mr.A|dat
|c| RnA Mr.A|scraf
|c| RnA Mr.A|scarf
|
|switch|p1a: Roserade|Roserade, M|261\/261
|move|p2a: Fairy\/Dark plz|Knock Off|p1a: Roserade
|-enditem|p1a: Roserade|Focus Sash
|-damage|p1a: Roserade|1\/261
|-status|p2a: Fairy\/Dark plz|psn
|
|-damage|p2a: Fairy\/Dark plz|95\/271 psn|[from] psn
|turn|9
|c| RnA Mr.A|SS
|c| RnA Mr.A|OOO CREAMY
|
|move|p2a: Fairy\/Dark plz|Knock Off|p1a: Roserade
|-damage|p1a: Roserade|0 fnt
|faint|p1a: Roserade
|
|-damage|p2a: Fairy\/Dark plz|62\/271 psn|[from] psn
|c|âRnA Mr. R|lol
|c|âRnA Mr. R|oooo creamy
|
|switch|p1a: Mienshao|Mienshao, M|160\/271
|turn|10
|
|move|p2a: Fairy\/Dark plz|Sucker Punch|p1a: Mienshao
|-resisted|p1a: Mienshao
|-damage|p1a: Mienshao|0 fnt
|faint|p1a: Mienshao
|
|-damage|p2a: Fairy\/Dark plz|29\/271 psn|[from] psn
|c| RnA Mr.A|REKT
|
|switch|p1a: Jirachi|Jirachi|362\/362
|turn|11
|c|âRnA Mr. R|counters?
|c| RnA Mr.A|OOO CREAMY
|
|switch|p1a: Flygon|Flygon, F|301\/301
|move|p2a: Fairy\/Dark plz|Knock Off|p1a: Flygon
|-damage|p1a: Flygon|0 fnt
|-enditem|p1a: Flygon|Choice Scarf|[from] move: Knock Off|[of] p2a: Fairy\/Dark plz
|faint|p1a: Flygon
|
|-damage|p2a: Fairy\/Dark plz|0 fnt|[from] psn
|faint|p2a: Fairy\/Dark plz
|c| RnA Mr.A|NIGHT SLASH
|c| RnA Mr.A|SSS
|c|âRnA Mr. R|HERP
|c| RnA Mr.A|omg
|c| RnA Mr.A|WHAT A CLUTCH
|
|switch|p2a: Combat Clothes|Cobalion|88\/386
|switch|p1a: Jirachi|Jirachi|362\/362
|turn|12
|c| Cbhulk92|the power
|
|move|p2a: Combat Clothes|Rest|p2a: Combat Clothes
|-status|p2a: Combat Clothes|slp
|-heal|p2a: Combat Clothes|386\/386 slp|[silent]
|-status|p2a: Combat Clothes|slp|[from] move: Rest
|-enditem|p2a: Combat Clothes|Chesto Berry|[eat]
|-curestatus|p2a: Combat Clothes|slp
|move|p1a: Jirachi|Iron Head|p2a: Combat Clothes
|-resisted|p2a: Combat Clothes
|-damage|p2a: Combat Clothes|342\/386
|
|turn|13
|c| RnA Mr.A|LOL
|c| RnA Mr.A|WOT IS THIS
|c| RnA Mr.A|SS
|
|move|p2a: Combat Clothes|Iron Head|p1a: Jirachi
|-resisted|p1a: Jirachi
|-damage|p1a: Jirachi|325\/362
|move|p1a: Jirachi|Thunder Wave|p2a: Combat Clothes
|-status|p2a: Combat Clothes|par
|
|-heal|p1a: Jirachi|347\/362|[from] item: Leftovers
|turn|14
|
|switch|p1a: Ampharos|Ampharos-Mega, M|354\/384
|-ability|p1a: Ampharos|Mold Breaker
|move|p2a: Combat Clothes|Iron Head|p1a: Ampharos
|-resisted|p1a: Ampharos
|-damage|p1a: Ampharos|310\/384
|
|turn|15
|c| Cbhulk92|oh no its paraflinch
|
|move|p1a: Ampharos|Thunderbolt|p2a: Combat Clothes
|-damage|p2a: Combat Clothes|84\/386 par
|move|p2a: Combat Clothes|Close Combat|p1a: Ampharos
|-damage|p1a: Ampharos|178\/384
|-unboost|p2a: Combat Clothes|def|1
|-unboost|p2a: Combat Clothes|spd|1
|
|turn|16
|c| Cbhulk92|or not
|c|âRnA Mr. R|:V
|
|move|p1a: Ampharos|Volt Switch|p2a: Combat Clothes
|-damage|p2a: Combat Clothes|0 fnt
|faint|p2a: Combat Clothes
|
|switch|p1a: Jirachi|Jirachi|347\/362
|
|-heal|p1a: Jirachi|362\/362|[from] item: Leftovers
|
|switch|p2a: DOOT DOOT|Xatu, F|221\/334
|turn|17
|
|move|p1a: Jirachi|Iron Head|p2a: DOOT DOOT
|-damage|p2a: DOOT DOOT|137\/334
|-damage|p1a: Jirachi|302\/362|[from] item: Rocky Helmet|[of] p2a: DOOT DOOT
|cant|p2a: DOOT DOOT|flinch
|
|-heal|p1a: Jirachi|324\/362|[from] item: Leftovers
|turn|18
|
|move|p1a: Jirachi|Iron Head|p2a: DOOT DOOT
|-damage|p2a: DOOT DOOT|47\/334
|-damage|p1a: Jirachi|264\/362|[from] item: Rocky Helmet|[of] p2a: DOOT DOOT
|cant|p2a: DOOT DOOT|flinch
|
|-heal|p1a: Jirachi|286\/362|[from] item: Leftovers
|turn|19
|
|switch|p2a: Ten Tickles|Tentacruel, M|364\/364
|move|p1a: Jirachi|Iron Head|p2a: Ten Tickles
|-resisted|p2a: Ten Tickles
|-damage|p2a: Ten Tickles|312\/364
|
|-heal|p1a: Jirachi|308\/362|[from] item: Leftovers
|-heal|p2a: Ten Tickles|334\/364|[from] item: Black Sludge
|turn|20
|
|switch|p2a: DOOT DOOT|Xatu, F|47\/334
|move|p1a: Jirachi|Stealth Rock|p2a: DOOT DOOT
|move|p2a: DOOT DOOT|Stealth Rock|p1a: Jirachi|[from]Magic Bounce
|-sidestart|p1: 22mustafa|move: Stealth Rock
|
|-heal|p1a: Jirachi|330\/362|[from] item: Leftovers
|turn|21
|c| Cbhulk92|the predictions 
|
|move|p1a: Jirachi|Iron Head|p2a: DOOT DOOT
|-damage|p2a: DOOT DOOT|0 fnt
|-damage|p1a: Jirachi|270\/362|[from] item: Rocky Helmet|[of] p2a: DOOT DOOT
|faint|p2a: DOOT DOOT
|
|-heal|p1a: Jirachi|292\/362|[from] item: Leftovers
|
|switch|p2a: Redneck|Archeops, F|291\/291
|turn|22
|
|move|p2a: Redneck|U-turn|p1a: Jirachi
|-damage|p1a: Jirachi|212\/362
|
|switch|p2a: Ten Tickles|Tentacruel, M|334\/364
|move|p1a: Jirachi|Thunder Wave|p2a: Ten Tickles
|-status|p2a: Ten Tickles|par
|
|-heal|p1a: Jirachi|234\/362|[from] item: Leftovers
|-heal|p2a: Ten Tickles|356\/364 par|[from] item: Black Sludge
|turn|23
|
|move|p1a: Jirachi|Stealth Rock|p2a: Ten Tickles
|-sidestart|p2: RnA Mr. R|move: Stealth Rock
|move|p2a: Ten Tickles|Scald|p1a: Jirachi
|-damage|p1a: Jirachi|161\/362
|-status|p1a: Jirachi|brn
|
|-heal|p1a: Jirachi|183\/362 brn|[from] item: Leftovers
|-heal|p2a: Ten Tickles|364\/364 par|[from] item: Black Sludge
|-damage|p1a: Jirachi|138\/362 brn|[from] brn
|turn|24
|c|âRnA Mr. R|nice and deserved
|
|move|p1a: Jirachi|Healing Wish|p1a: Jirachi
|faint|p1a: Jirachi
|move|p2a: Ten Tickles|Toxic Spikes|p1: Jirachi
|-sidestart|p1: 22mustafa|move: Toxic Spikes
|
|
|switch|p1a: Ampharos|Ampharos-Mega, M|178\/384
|-heal|p1a: Ampharos|384\/384|[from] move: Healing Wish
|-status|p1a: Ampharos|psn
|-damage|p1a: Ampharos|336\/384 psn|[from] Stealth Rock
|-ability|p1a: Ampharos|Mold Breaker
|turn|25
|c| Cbhulk92|well then 
|
|move|p1a: Ampharos|Thunderbolt|p2a: Ten Tickles
|-supereffective|p2a: Ten Tickles
|-damage|p2a: Ten Tickles|52\/364 par
|move|p2a: Ten Tickles|Scald|p1a: Ampharos
|-resisted|p1a: Ampharos
|-damage|p1a: Ampharos|301\/384 psn
|
|-heal|p2a: Ten Tickles|74\/364 par|[from] item: Black Sludge
|-damage|p1a: Ampharos|253\/384 psn|[from] psn
|turn|26
|
|move|p1a: Ampharos|Thunderbolt|p2a: Ten Tickles
|-crit|p2a: Ten Tickles
|-supereffective|p2a: Ten Tickles
|-damage|p2a: Ten Tickles|0 fnt
|faint|p2a: Ten Tickles
|
|-damage|p1a: Ampharos|205\/384 psn|[from] psn
|
|switch|p2a: Redneck|Archeops, F|291\/291
|-damage|p2a: Redneck|219\/291|[from] Stealth Rock
|turn|27
|
|move|p2a: Redneck|Stone Edge|p1a: Ampharos|[miss]
|-miss|p2a: Redneck|p1a: Ampharos
|move|p1a: Ampharos|Thunderbolt|p2a: Redneck
|-supereffective|p2a: Redneck
|-damage|p2a: Redneck|0 fnt
|faint|p2a: Redneck
|
|win|22mustafa
|raw|Ladder updating...
|c|â22mustafa|gg
|raw|22mustafa's rating: 1403 &rarr; <strong>1421<\/strong><br \/>(+18 for winning)
|raw|RnA Mr. R's rating: 1365 &rarr; <strong>1347<\/strong><br \/>(-18 for losing)
|c|âRnA Mr. R|gg
|leave|22mustafa
|player|p1
|c|âRnA Mr. R|sometimes I wish I had EQ
|c| Cbhulk92|whats your set 
|c| Cbhulk92|Stone edge u turn 