|join|22mustafa
|join|OG_Wanka
|player|p1|22mustafa|15
|player|p2|OG_Wanka|52
|gametype|singles
|gen|6
|tier|UU
|rule|Sleep Clause Mod: Limit one foe put to sleep
|rule|Species Clause: Limit one of each PokÃ©mon
|rule|OHKO Clause: OHKO moves are banned
|rule|Moody Clause: Moody is banned
|rule|Evasion Moves Clause: Evasion moves are banned
|rule|Endless Battle Clause: Forcing endless battles is banned
|rule|HP Percentage Mod: HP is shown in percentages
|clearpoke
|poke|p1|Vaporeon, F
|poke|p1|Hippowdon, F
|poke|p1|Diggersby, M
|poke|p1|Raikou
|poke|p1|Crobat, F
|poke|p1|Alakazam, M
|poke|p2|Froslass, F
|poke|p2|Sableye, F, shiny
|poke|p2|Swampert, M, shiny
|poke|p2|Lucario, M
|poke|p2|Darmanitan, M
|poke|p2|Alakazam, M
|rule|Swagger Clause: Swagger is banned
|rule|Baton Pass Clause: Limit one PokÃ©mon knowing Baton Pass
|teampreview
|join|Magma Admin~
|join|yan-too-ultimate
|join|so dynamic
|
|start
|switch|p1a: Raikou|Raikou|322\/322
|switch|p2a: Froslass|Froslass, F|344\/344
|-ability|p1a: Raikou|Pressure
|turn|1
|join|Technosis
|join|tahapplepieman
|join|LessThanThreeMan
|
|move|p1a: Raikou|Volt Switch|p2a: Froslass
|-damage|p2a: Froslass|106\/344
|
|switch|p1a: Crobat|Crobat, F|374\/374
|move|p2a: Froslass|Spikes|p1a: Crobat
|-sidestart|p1: 22mustafa|Spikes
|
|turn|2
|join|SmashBrosBrawl
|join|roast toast
|
|move|p1a: Crobat|Brave Bird|p2a: Froslass
|-damage|p2a: Froslass|0 fnt
|-damage|p1a: Crobat|339\/374|[from] recoil|[of] p2a: Froslass
|faint|p2a: Froslass
|
|-heal|p1a: Crobat|362\/374|[from] item: Black Sludge
|c|âOG_Wanka|lo
|join|BurstStream
|c|âOG_Wanka|not bad
|c|âOG_Wanka|or
|c|âOG_Wanka|lol
|join|FeroccaTest
|join|Munkin
|c|âOG_Wanka|dont listen to me
|
|switch|p2a: Darmanitan|Darmanitan, M|351\/351
|turn|3
|
|switch|p1a: Hippowdon|Hippowdon, F|420\/420
|-damage|p1a: Hippowdon|368\/420|[from] Spikes
|-weather|Sandstorm
|move|p2a: Darmanitan|Flare Blitz|p1a: Hippowdon
|-damage|p1a: Hippowdon|190\/420
|-damage|p2a: Darmanitan|293\/351|[from] item: Rocky Helmet|[of] p1a: Hippowdon
|-damage|p2a: Darmanitan|234\/351|[from] recoil|[of] p1a: Hippowdon
|
|-weather|Sandstorm|[upkeep]
|-damage|p2a: Darmanitan|213\/351|[from] sandstorm
|turn|4
|join|BenzMafia
|
|switch|p2a: Swampert|Swampert, M, shiny|404\/404
|move|p1a: Hippowdon|Slack Off|p1a: Hippowdon
|-heal|p1a: Hippowdon|400\/420
|
|-weather|Sandstorm|[upkeep]
|turn|5
|c|+SmashBrosBrawl|weak
|
|switch|p1a: Vaporeon|Vaporeon, F|464\/464
|-damage|p1a: Vaporeon|406\/464|[from] Spikes
|move|p2a: Swampert|Stealth Rock|p1a: Vaporeon
|-sidestart|p1: 22mustafa|move: Stealth Rock
|
|-weather|Sandstorm|[upkeep]
|-damage|p1a: Vaporeon|377\/464|[from] sandstorm
|-heal|p1a: Vaporeon|406\/464|[from] item: Leftovers
|turn|6
|c| LessThanThreeMan|where are your lefties
|c|+SmashBrosBrawl|rocky helmet
|join|Meruu
|c| Meruu|NERDS
|c| Magma Admin~|right next to the rocky helmet
|c| LessThanThreeMan|oh derp
|
|switch|p2a: Sableye|Sableye, F, shiny|304\/304
|move|p1a: Vaporeon|Scald|p2a: Sableye
|-damage|p2a: Sableye|214\/304
|
|-weather|Sandstorm|[upkeep]
|-damage|p1a: Vaporeon|377\/464|[from] sandstorm
|-damage|p2a: Sableye|195\/304|[from] sandstorm
|-heal|p1a: Vaporeon|406\/464|[from] item: Leftovers
|-heal|p2a: Sableye|214\/304|[from] item: Leftovers
|turn|7
|c|+SmashBrosBrawl|oml
|c|+SmashBrosBrawl|dont let
|c| LessThanThreeMan|I was thinking sand rock
|c|+SmashBrosBrawl|sable get burned
|c| Magma Admin~|why is sable a vape counter
|c| LessThanThreeMan|and non sand abusing team
|
|move|p2a: Sableye|Will-O-Wisp|p1a: Vaporeon
|-status|p1a: Vaporeon|brn
|move|p1a: Vaporeon|Scald|p2a: Sableye
|-crit|p2a: Sableye
|-damage|p2a: Sableye|67\/304
|
|-weather|none
|-heal|p1a: Vaporeon|435\/464 brn|[from] item: Leftovers
|-heal|p2a: Sableye|86\/304|[from] item: Leftovers
|-damage|p1a: Vaporeon|377\/464 brn|[from] brn
|turn|8
|c| LessThanThreeMan|kek
|c|+SmashBrosBrawl|NERD
|
|move|p2a: Sableye|Recover|p2a: Sableye
|-heal|p2a: Sableye|238\/304
|move|p1a: Vaporeon|Scald|p2a: Sableye
|-damage|p2a: Sableye|133\/304
|
|-heal|p1a: Vaporeon|406\/464 brn|[from] item: Leftovers
|-heal|p2a: Sableye|152\/304|[from] item: Leftovers
|-damage|p1a: Vaporeon|348\/464 brn|[from] brn
|turn|9
|c| LessThanThreeMan|sableye is a stallbreaker
|c| Meruu|wow wtf diggersby is banned!!
|
|switch|p2a: Alakazam|Alakazam, M|252\/252
|move|p1a: Vaporeon|Scald|p2a: Alakazam
|-crit|p2a: Alakazam
|-damage|p2a: Alakazam|101\/252
|
|-heal|p1a: Vaporeon|377\/464 brn|[from] item: Leftovers
|-damage|p1a: Vaporeon|319\/464 brn|[from] brn
|turn|10
|c| LessThanThreeMan|!!
|c|+SmashBrosBrawl|LOL
|c|âOG_Wanka|nice crit
|c|+SmashBrosBrawl|not even bad
|c| Magma Admin~|worthit
|c| roast toast|lol
|
|detailschange|p2a: Alakazam|Alakazam-Mega, M
|message|Alakazam has Mega Evolved into Mega Alakazam!
|-ability|p2a: Alakazam|Water Absorb|[from] ability: Trace|[of] p1a: Vaporeon
|move|p2a: Alakazam|Energy Ball|p1a: Vaporeon
|-supereffective|p1a: Vaporeon
|-damage|p1a: Vaporeon|5\/464 brn
|-unboost|p1a: Vaporeon|spd|1
|move|p1a: Vaporeon|Scald|p2a: Alakazam
|-heal|p2a: Alakazam|164\/252|[from] ability: Water Absorb|[of] p1a: Vaporeon
|
|-heal|p1a: Vaporeon|34\/464 brn|[from] item: Leftovers
|-damage|p1a: Vaporeon|0 fnt|[from] brn
|faint|p1a: Vaporeon
|c| Magma Admin~|ayylmao
|c|+SmashBrosBrawl|GOOD PLAY
|c|â22mustafa|ayy
|c|+SmashBrosBrawl|GOOD PLAY
|c| so dynamic|amazing
|c|âOG_Wanka|LOL
|c| roast toast|LOL
|join|diggersby test LoL
|c| Meruu|scald that mega zam
|c| Meruu|,,,
|c|âOG_Wanka|plays
|
|switch|p1a: Alakazam|Alakazam, M|252\/252
|turn|11
|c| Magma Admin~|plays4dayz
|c|+SmashBrosBrawl|alakazam its own counter
|c| roast toast|c00nter
|
|move|p2a: Alakazam|Protect|p2a: Alakazam
|-singleturn|p2a: Alakazam|Protect
|move|p1a: Alakazam|Shadow Ball|p2a: Alakazam
|-activate|p2a: Alakazam|Protect
|
|turn|12
|join|Robbie Minaj
|c|â22mustafa|ok
|c|âOG_Wanka|hmmmm
|c| so dynamic|is this seriously
|c| so dynamic|sashzam
|c|+SmashBrosBrawl|dgleam
|
|switch|p2a: Lucario|Lucario, M|281\/281
|move|p1a: Alakazam|Shadow Ball|p2a: Lucario
|-damage|p2a: Lucario|148\/281
|
|turn|13
|c| roast toast|protect so you can risk the speed tie the next turn
|c| so dynamic|what are u doing
|c| so dynamic|ogwanka
|
|move|p2a: Lucario|Extreme Speed|p1a: Alakazam
|-damage|p1a: Alakazam|21\/252
|-damage|p2a: Lucario|120\/281|[from] item: Life Orb
|move|p1a: Alakazam|Shadow Ball|p2a: Lucario
|-damage|p2a: Lucario|0 fnt
|faint|p2a: Lucario
|
|c|+SmashBrosBrawl|hwlp
|c|âOG_Wanka|i dont have shadow ball :\/
|c| Magma Admin~|:\/
|
|switch|p2a: Alakazam|Alakazam-Mega, M|164\/252
|-ability|p2a: Alakazam|Magic Guard|[from] ability: Trace|[of] p1a: Alakazam
|turn|14
|
|move|p2a: Alakazam|Energy Ball|p1a: Alakazam
|-damage|p1a: Alakazam|0 fnt
|faint|p1a: Alakazam
|
|c|+SmashBrosBrawl|then why are you
|c|+SmashBrosBrawl|nvm
|
|switch|p1a: Raikou|Raikou|322\/322
|-damage|p1a: Raikou|282\/322|[from] Stealth Rock
|-damage|p1a: Raikou|242\/322|[from] Spikes
|-ability|p1a: Raikou|Pressure
|turn|15
|c| Magma Admin~|he b real
|c| Meruu|ayyyy lmao
|
|switch|p2a: Swampert|Swampert, M, shiny|404\/404
|move|p1a: Raikou|Extrasensory|p2a: Swampert
|-damage|p2a: Swampert|259\/404
|
|-heal|p2a: Swampert|284\/404|[from] item: Leftovers
|turn|16
|c|+SmashBrosBrawl|implying raikou koes
|c|+SmashBrosBrawl|NERD
|c|+SmashBrosBrawl|NERD
|c| roast toast|assvest kou
|
|switch|p2a: Alakazam|Alakazam-Mega, M|164\/252
|-ability|p2a: Alakazam|Pressure|[from] ability: Trace|[of] p1a: Raikou
|-ability|p2a: Alakazam|Pressure
|move|p1a: Raikou|Extrasensory|p2a: Alakazam
|-resisted|p2a: Alakazam
|-damage|p2a: Alakazam|96\/252
|
|turn|17
|c| roast toast|calling itt
|c|+SmashBrosBrawl|what in the fuck
|
|switch|p1a: Diggersby|Diggersby, M|311\/311
|-damage|p1a: Diggersby|273\/311|[from] Spikes
|-damage|p1a: Diggersby|254\/311|[from] Stealth Rock
|move|p2a: Alakazam|Psyshock|p1a: Diggersby
|-damage|p1a: Diggersby|2\/311
|
|turn|18
|c| Magma Admin~|ayy
|c| Meruu|its obv
|c| Magma Admin~|wait
|c|+SmashBrosBrawl|is this supposed to hit
|c| Meruu|specs mega zam
|c| Magma Admin~|what just happened
|c| roast toast|w
|c| roast toast|t
|c| roast toast|f
|
|switch|p2a: Sableye|Sableye, F, shiny|152\/304
|move|p1a: Diggersby|Earthquake|p2a: Sableye
|-damage|p2a: Sableye|0 fnt
|faint|p2a: Sableye
|
|c| LessThanThreeMan|p
|c|+SmashBrosBrawl|KEK
|c| LessThanThreeMan|l
|c|âOG_Wanka|o
|c| Meruu|dicted
|c| LessThanThreeMan|a
|c| diggersby test LoL|:O
|c|+SmashBrosBrawl|SHREK
|c| LessThanThreeMan|y
|
|switch|p2a: Swampert|Swampert, M, shiny|284\/404
|turn|19
|c|âOG_Wanka|no quick attack doe
|c|+SmashBrosBrawl|implying swampert
|c| so dynamic|who needs darm
|c| Meruu|roar imo
|c| Robbie Minaj|Bunnny power
|
|move|p1a: Diggersby|Earthquake|p2a: Swampert
|-damage|p2a: Swampert|109\/404
|move|p2a: Swampert|Scald|p1a: Diggersby
|-supereffective|p1a: Diggersby
|-damage|p1a: Diggersby|0 fnt
|faint|p1a: Diggersby
|
|-heal|p2a: Swampert|134\/404|[from] item: Leftovers
|c|âOG_Wanka|fkin ow
|
|switch|p1a: Raikou|Raikou|242\/322
|-damage|p1a: Raikou|202\/322|[from] Spikes
|-damage|p1a: Raikou|162\/322|[from] Stealth Rock
|-ability|p1a: Raikou|Pressure
|turn|20
|c| Magma Admin~|reveal hp ass
|
|move|p1a: Raikou|Volt Switch|p2a: Swampert
|-immune|p2a: Swampert|[msg]
|move|p2a: Swampert|Earthquake|p1a: Raikou
|-supereffective|p1a: Raikou
|-damage|p1a: Raikou|0 fnt
|faint|p1a: Raikou
|
|-heal|p2a: Swampert|159\/404|[from] item: Leftovers
|c|+SmashBrosBrawl|,
|c|+SmashBrosBrawl|,
|c|âOG_Wanka|lol
|c|+SmashBrosBrawl|,
|c|+SmashBrosBrawl|,
|c|+SmashBrosBrawl|,
|c| roast toast|scarf bunny is such a waste
|c| diggersby test LoL|:O
|c|+SmashBrosBrawl|,
|c| Magma Admin~|MLG PLAYS
|c|+SmashBrosBrawl|,
|c| Meruu|can i just dq both of u
|c|+SmashBrosBrawl|,
|c|+SmashBrosBrawl|,
|c|+SmashBrosBrawl|HOW
|
|switch|p1a: Crobat|Crobat, F|362\/374
|-damage|p1a: Crobat|269\/374|[from] Stealth Rock
|turn|21
|c|+SmashBrosBrawl|WAS THAT SUPPOSED TO WORK
|
|move|p1a: Crobat|Brave Bird|p2a: Swampert
|-damage|p2a: Swampert|59\/404
|-damage|p1a: Crobat|236\/374|[from] recoil|[of] p2a: Swampert
|move|p2a: Swampert|Scald|p1a: Crobat
|-damage|p1a: Crobat|88\/374
|-status|p1a: Crobat|brn
|
|-heal|p1a: Crobat|111\/374 brn|[from] item: Black Sludge
|-heal|p2a: Swampert|84\/404|[from] item: Leftovers
|-damage|p1a: Crobat|65\/374 brn|[from] brn
|turn|22
|leave|BurstStream
|c| Magma Admin~|the plays are real
|c|âOG_Wanka|why the fuq would you dq me
|c| Meruu|this game gave me aids
|leave|Meruu
|c|âOG_Wanka|:c
|c|âOG_Wanka|im not the one making retarded plays
|
|move|p1a: Crobat|Roost|p1a: Crobat
|-heal|p1a: Crobat|252\/374 brn
|move|p2a: Swampert|Scald|p1a: Crobat
|-damage|p1a: Crobat|107\/374 brn
|
|-heal|p1a: Crobat|130\/374 brn|[from] item: Black Sludge
|-heal|p2a: Swampert|109\/404|[from] item: Leftovers
|-damage|p1a: Crobat|84\/374 brn|[from] brn
|turn|23
|c| Magma Admin~|is this a 'how not to play pokemon' thing
|
|move|p1a: Crobat|Brave Bird|p2a: Swampert
|-damage|p2a: Swampert|60\/404
|-damage|p1a: Crobat|68\/374 brn|[from] recoil|[of] p2a: Swampert
|move|p2a: Swampert|Scald|p1a: Crobat
|-damage|p1a: Crobat|0 fnt
|faint|p1a: Crobat
|
|-heal|p2a: Swampert|85\/404|[from] item: Leftovers
|
|switch|p1a: Hippowdon|Hippowdon, F|400\/420
|-damage|p1a: Hippowdon|348\/420|[from] Spikes
|-damage|p1a: Hippowdon|322\/420|[from] Stealth Rock
|-weather|Sandstorm
|turn|24
|c|+SmashBrosBrawl|fast hippo
|c|+SmashBrosBrawl|gg
|c| Magma Admin~|hp ass hippo
|
|move|p2a: Swampert|Scald|p1a: Hippowdon
|-supereffective|p1a: Hippowdon
|-damage|p1a: Hippowdon|0 fnt
|faint|p1a: Hippowdon
|
|win|OG_Wanka
|c| Magma Admin~|lgi
|c| diggersby test LoL|scarf hippo
|c|â22mustafa|gg
|c|+SmashBrosBrawl|kek
|leave|Magma Admin~