|join|22Mustafa
|join|SergeantPokedoakes
|player|p1|22Mustafa|265
|player|p2|SergeantPokedoakes|250
|gametype|singles
|gen|6
|tier|UU
|rated
|rule|Sleep Clause Mod: Limit one foe put to sleep
|rule|Species Clause: Limit one of each PokÃ©mon
|rule|OHKO Clause: OHKO moves are banned
|rule|Moody Clause: Moody is banned
|rule|Evasion Moves Clause: Evasion moves are banned
|rule|Endless Battle Clause: Forcing endless battles is banned
|rule|HP Percentage Mod: HP is shown in percentages
|clearpoke
|poke|p1|Medicham, M
|poke|p1|Hydreigon, M
|poke|p1|Whimsicott, F
|poke|p1|Krookodile, M
|poke|p1|Nidoqueen, F
|poke|p1|Alakazam, M
|poke|p2|Swampert, M
|poke|p2|Aggron, M
|poke|p2|Chesnaught, F
|poke|p2|Infernape, F
|poke|p2|Galvantula, F
|poke|p2|Hydreigon, F
|rule|Swagger Clause: Swagger is banned
|rule|Baton Pass Clause: Limit one PokÃ©mon knowing Baton Pass
|teampreview
|join|JacobAsAlways
|
|start
|switch|p1a: Hydreigon|Hydreigon, M|325\/325
|switch|p2a: Shrek|Swampert, M|404\/404
|turn|1
|
|move|p1a: Hydreigon|Draco Meteor|p2a: Shrek
|-damage|p2a: Shrek|242\/404
|-unboost|p1a: Hydreigon|spa|2
|move|p2a: Shrek|Ice Punch|p1a: Hydreigon
|-supereffective|p1a: Hydreigon
|-damage|p1a: Hydreigon|147\/325
|
|turn|2
|
|switch|p1a: Alakazam|Alakazam, M|251\/251
|move|p2a: Shrek|Earthquake|p1a: Alakazam
|-enditem|p1a: Alakazam|Focus Sash
|-damage|p1a: Alakazam|1\/251
|
|turn|3
|
|move|p1a: Alakazam|Energy Ball|p2a: Shrek
|-supereffective|p2a: Shrek
|-damage|p2a: Shrek|0 fnt
|faint|p2a: Shrek
|
|
|switch|p2a: Chumpakt|Infernape, F|293\/293
|turn|4
|
|move|p2a: Chumpakt|Vacuum Wave|p1a: Alakazam
|-resisted|p1a: Alakazam
|-damage|p1a: Alakazam|0 fnt
|-damage|p2a: Chumpakt|264\/293|[from] item: Life Orb
|faint|p1a: Alakazam
|
|
|switch|p1a: Medicham|Medicham, M|261\/261
|turn|5
|
|switch|p2a: INCURSIO|Aggron, M|344\/344
|detailschange|p1a: Medicham|Medicham-Mega, M
|-mega|p1a: Medicham|Medicham|Medichamite
|move|p1a: Medicham|Fake Out|p2a: INCURSIO
|-resisted|p2a: INCURSIO
|-damage|p2a: INCURSIO|335\/344
|
|turn|6
|
|switch|p1a: Krookodile|Krookodile, M|393\/393
|-ability|p1a: Krookodile|Intimidate|[of] p2a: INCURSIO
|-unboost|p2a: INCURSIO|atk|1
|detailschange|p2a: INCURSIO|Aggron-Mega, M
|-mega|p2a: INCURSIO|Aggron|Aggronite
|move|p2a: INCURSIO|Thunder Wave|p1a: Krookodile
|-immune|p1a: Krookodile|[msg]
|
|turn|7
|
|move|p1a: Krookodile|Stealth Rock|p2a: INCURSIO
|-sidestart|p2: SergeantPokedoakes|move: Stealth Rock
|move|p2a: INCURSIO|Stealth Rock|p1a: Krookodile
|-sidestart|p1: 22Mustafa|move: Stealth Rock
|
|turn|8
|join|Mouzourides
|join|Mystical Scout
|leave|Mouzourides
|
|move|p1a: Krookodile|Earthquake|p2a: INCURSIO
|-supereffective|p2a: INCURSIO
|-damage|p2a: INCURSIO|259\/344
|move|p2a: INCURSIO|Heavy Slam|p1a: Krookodile
|-damage|p1a: Krookodile|300\/393
|
|-heal|p1a: Krookodile|324\/393|[from] item: Leftovers
|turn|9
|join|Karambit Fade
|
|move|p1a: Krookodile|Earthquake|p2a: INCURSIO
|-supereffective|p2a: INCURSIO
|-damage|p2a: INCURSIO|183\/344
|move|p2a: INCURSIO|Heavy Slam|p1a: Krookodile
|-crit|p1a: Krookodile
|-damage|p1a: Krookodile|138\/393
|
|-heal|p1a: Krookodile|162\/393|[from] item: Leftovers
|turn|10
|leave|Karambit Fade
|
|move|p1a: Krookodile|Earthquake|p2a: INCURSIO
|-supereffective|p2a: INCURSIO
|-damage|p2a: INCURSIO|98\/344
|move|p2a: INCURSIO|Heavy Slam|p1a: Krookodile
|-damage|p1a: Krookodile|66\/393
|
|-heal|p1a: Krookodile|90\/393|[from] item: Leftovers
|turn|11
|
|move|p1a: Krookodile|Earthquake|p2a: INCURSIO
|-supereffective|p2a: INCURSIO
|-damage|p2a: INCURSIO|22\/344
|move|p2a: INCURSIO|Heavy Slam|p1a: Krookodile
|-damage|p1a: Krookodile|8\/393
|
|-heal|p1a: Krookodile|32\/393|[from] item: Leftovers
|turn|12
|
|switch|p2a: Sasha Grey|Hydreigon, F|325\/325
|-damage|p2a: Sasha Grey|285\/325|[from] Stealth Rock
|move|p1a: Krookodile|Knock Off|p2a: Sasha Grey
|-resisted|p2a: Sasha Grey
|-damage|p2a: Sasha Grey|207\/325
|-enditem|p2a: Sasha Grey|Life Orb|[from] move: Knock Off|[of] p1a: Krookodile
|
|-heal|p1a: Krookodile|56\/393|[from] item: Leftovers
|turn|13
|leave|JacobAsAlways
|
|move|p2a: Sasha Grey|Iron Tail|p1a: Krookodile
|-damage|p1a: Krookodile|0 fnt
|faint|p1a: Krookodile
|
|
|switch|p1a: Medicham|Medicham-Mega, M|261\/261
|-damage|p1a: Medicham|245\/261|[from] Stealth Rock
|turn|14
|
|switch|p2a: INCURSIO|Aggron-Mega, M|22\/344
|-damage|p2a: INCURSIO|1\/344|[from] Stealth Rock
|move|p1a: Medicham|High Jump Kick|p2a: INCURSIO
|-supereffective|p2a: INCURSIO
|-damage|p2a: INCURSIO|0 fnt
|faint|p2a: INCURSIO
|
|
|switch|p2a: Lotus Elise|Galvantula, F|281\/281
|-damage|p2a: Lotus Elise|211\/281|[from] Stealth Rock
|turn|15
|
|move|p2a: Lotus Elise|Thunder|p1a: Medicham
|-damage|p1a: Medicham|64\/261
|-status|p1a: Medicham|par
|move|p1a: Medicham|Zen Headbutt|p2a: Lotus Elise
|-damage|p2a: Lotus Elise|0 fnt
|faint|p2a: Lotus Elise
|
|
|switch|p2a: Chumpakt|Infernape, F|264\/293
|-damage|p2a: Chumpakt|228\/293|[from] Stealth Rock
|turn|16
|
|move|p2a: Chumpakt|Flamethrower|p1a: Medicham
|-damage|p1a: Medicham|0 fnt
|-damage|p2a: Chumpakt|199\/293|[from] item: Life Orb
|faint|p1a: Medicham
|
|
|switch|p1a: Nidoqueen|Nidoqueen, F|383\/383
|-damage|p1a: Nidoqueen|360\/383|[from] Stealth Rock
|turn|17
|
|move|p2a: Chumpakt|Flamethrower|p1a: Nidoqueen
|-damage|p1a: Nidoqueen|149\/383
|-damage|p2a: Chumpakt|170\/293|[from] item: Life Orb
|move|p1a: Nidoqueen|Sludge Wave|p2a: Chumpakt
|-damage|p2a: Chumpakt|0 fnt
|faint|p2a: Chumpakt
|
|-message|SergeantPokedoakes forfeited.
|leave|SergeantPokedoakes
|
|win|22Mustafa
|raw|Ladder updating...
|player|p2
|raw|22Mustafa's rating: 1369 &rarr; <strong>1388<\/strong><br \/>(+19 for winning)
|raw|SergeantPokedoakes's rating: 1340 &rarr; <strong>1322<\/strong><br \/>(-18 for losing)
|leave|22Mustafa
|player|p1