|join|Lizardons
|join|palino
|player|p1|Lizardons|157
|player|p2|palino|29
|gametype|singles
|gen|6
|tier|OU
|rated
|clearpoke
|poke|p1|Charizard, M
|poke|p1|Blissey, F
|poke|p1|Gliscor, M
|poke|p1|Slowbro, M
|poke|p1|Zapdos
|poke|p1|Bronzong
|poke|p2|Venusaur, M
|poke|p2|Sylveon, M
|poke|p2|Heatran, F
|poke|p2|Magnezone
|poke|p2|Conkeldurr, F
|poke|p2|Landorus-Therian, M
|rule|Swagger Clause: Swagger is banned
|rule|Baton Pass Clause: Limit one PokÃ©mon knowing Baton Pass
|rule|Sleep Clause Mod: Limit one foe put to sleep
|rule|Species Clause: Limit one of each PokÃ©mon
|rule|OHKO Clause: OHKO moves are banned
|rule|Moody Clause: Moody is banned
|rule|Evasion Moves Clause: Evasion moves are banned
|rule|Endless Battle Clause: Forcing endless battles is banned
|rule|HP Percentage Mod: HP is shown in percentages
|teampreview
|c|âLizardons|gl
|c|âpalino|good luck!
|
|start
|switch|p1a: BatMan|Gliscor, M|352\/352
|switch|p2a: Conkeldurr|Conkeldurr, F|351\/351
|turn|1
|
|move|p1a: BatMan|Protect|p1a: BatMan
|-singleturn|p1a: BatMan|Protect
|move|p2a: Conkeldurr|Knock Off|p1a: BatMan
|-activate|p1a: BatMan|Protect
|
|-status|p1a: BatMan|tox|[from] item: Toxic Orb
|turn|2
|
|switch|p1a: Wayno|Slowbro, M|394\/394
|move|p2a: Conkeldurr|Knock Off|p1a: Wayno
|-supereffective|p1a: Wayno
|-damage|p1a: Wayno|220\/394
|-enditem|p1a: Wayno|Leftovers|[from] move: Knock Off|[of] p2a: Conkeldurr
|
|turn|3
|
|switch|p2a: Venusaur|Venusaur, M|364\/364
|move|p1a: Wayno|Slack Off|p1a: Wayno
|-heal|p1a: Wayno|394\/394
|
|turn|4
|
|switch|p1a: TacoBell|Bronzong|338\/338
|detailschange|p2a: Venusaur|Venusaur-Mega, M
|message|Venusaur has Mega Evolved into Mega Venusaur!
|move|p2a: Venusaur|Leech Seed|p1a: TacoBell
|-start|p1a: TacoBell|move: Leech Seed
|
|-damage|p1a: TacoBell|296\/338|[from] Leech Seed|[of] p2a: Venusaur
|turn|5
|
|switch|p2a: Magnezone|Magnezone|281\/281
|switch|p1a: Lizardon|Charizard, M|334\/334
|
|turn|6
|
|detailschange|p1a: Lizardon|Charizard-Mega-X, M
|message|Charizard has Mega Evolved into Mega Charizard!
|move|p2a: Magnezone|Volt Switch|p1a: Lizardon
|-resisted|p1a: Lizardon
|-damage|p1a: Lizardon|265\/334
|
|switch|p2a: Heatran|Heatran, F|334\/334
|-item|p2a: Heatran|Air Balloon
|move|p1a: Lizardon|Earthquake|p2a: Heatran
|-immune|p2a: Heatran|[msg]
|
|turn|7
|
|move|p1a: Lizardon|Dragon Claw|p2a: Heatran
|-crit|p2a: Heatran
|-resisted|p2a: Heatran
|-damage|p2a: Heatran|196\/334
|-enditem|p2a: Heatran|Air Balloon
|move|p2a: Heatran|Earth Power|p1a: Lizardon
|-supereffective|p1a: Lizardon
|-damage|p1a: Lizardon|0 fnt
|faint|p1a: Lizardon
|
|
|switch|p1a: BatMan|Gliscor, M|352\/352 tox
|turn|8
|
|switch|p2a: Venusaur|Venusaur-Mega, M|364\/364
|move|p1a: BatMan|Earthquake|p2a: Venusaur
|-damage|p2a: Venusaur|286\/364
|
|turn|9
|
|move|p1a: BatMan|Protect|p1a: BatMan
|-singleturn|p1a: BatMan|Protect
|move|p2a: Venusaur|Leech Seed|p1a: BatMan
|-activate|p1a: BatMan|Protect
|
|turn|10
|c|âpalino|?
|
|switch|p1a: FatTony|Blissey, F|714\/714
|move|p2a: Venusaur|Leech Seed|p1a: FatTony
|-start|p1a: FatTony|move: Leech Seed
|
|-damage|p1a: FatTony|625\/714|[from] Leech Seed|[of] p2a: Venusaur
|-heal|p2a: Venusaur|364\/364|[silent]
|turn|11
|
|switch|p2a: Conkeldurr|Conkeldurr, F|351\/351
|switch|p1a: TacoBell|Bronzong|296\/338
|
|-heal|p1a: TacoBell|317\/338|[from] item: Leftovers
|turn|12
|
|switch|p1a: Wayno|Slowbro, M|394\/394
|move|p2a: Conkeldurr|Knock Off|p1a: Wayno
|-supereffective|p1a: Wayno
|-damage|p1a: Wayno|270\/394
|
|turn|13
|
|switch|p2a: Venusaur|Venusaur-Mega, M|364\/364
|move|p1a: Wayno|Scald|p2a: Venusaur
|-resisted|p2a: Venusaur
|-damage|p2a: Venusaur|322\/364
|
|turn|14
|
|switch|p1a: TacoBell|Bronzong|317\/338
|move|p2a: Venusaur|Giga Drain|p1a: TacoBell
|-resisted|p1a: TacoBell
|-damage|p1a: TacoBell|284\/338
|-heal|p2a: Venusaur|339\/364|[from] drain|[of] p1a: TacoBell
|
|-heal|p1a: TacoBell|305\/338|[from] item: Leftovers
|turn|15
|
|switch|p2a: Magnezone|Magnezone|281\/281
|move|p1a: TacoBell|Stealth Rock|p2a: Magnezone
|-sidestart|p2: palino|move: Stealth Rock
|
|-heal|p1a: TacoBell|326\/338|[from] item: Leftovers
|turn|16
|
|move|p2a: Magnezone|Thunderbolt|p1a: TacoBell
|-damage|p1a: TacoBell|221\/338
|move|p1a: TacoBell|Earthquake|p2a: Magnezone
|-supereffective|p2a: Magnezone
|-damage|p2a: Magnezone|25\/281
|
|-heal|p1a: TacoBell|242\/338|[from] item: Leftovers
|turn|17
|
|switch|p2a: Landorus-Therian|Landorus-Therian, M|319\/319
|-damage|p2a: Landorus-Therian|280\/319|[from] Stealth Rock
|-ability|p2a: Landorus-Therian|Intimidate|[of] p1a: TacoBell
|-unboost|p1a: TacoBell|atk|1
|move|p1a: TacoBell|Earthquake|p2a: Landorus-Therian
|-immune|p2a: Landorus-Therian|[msg]
|
|-heal|p1a: TacoBell|263\/338|[from] item: Leftovers
|turn|18
|
|switch|p1a: BatMan|Gliscor, M|352\/352 tox
|move|p2a: Landorus-Therian|Knock Off|p1a: BatMan
|-damage|p1a: BatMan|276\/352 tox
|-enditem|p1a: BatMan|Toxic Orb|[from] move: Knock Off|[of] p2a: Landorus-Therian
|
|-heal|p1a: BatMan|320\/352 tox|[from] ability: Poison Heal
|turn|19
|
|switch|p2a: Venusaur|Venusaur-Mega, M|339\/364
|-damage|p2a: Venusaur|294\/364|[from] Stealth Rock
|move|p1a: BatMan|Knock Off|p2a: Venusaur
|-damage|p2a: Venusaur|264\/364
|
|-heal|p1a: BatMan|352\/352 tox|[from] ability: Poison Heal
|turn|20
|
|move|p1a: BatMan|Protect|p1a: BatMan
|-singleturn|p1a: BatMan|Protect
|move|p2a: Venusaur|Leech Seed|p1a: BatMan
|-activate|p1a: BatMan|Protect
|
|turn|21
|
|switch|p1a: FatTony|Blissey, F|625\/714
|move|p2a: Venusaur|Leech Seed|p1a: FatTony
|-start|p1a: FatTony|move: Leech Seed
|
|-heal|p1a: FatTony|669\/714|[from] item: Leftovers
|-damage|p1a: FatTony|580\/714|[from] Leech Seed|[of] p2a: Venusaur
|-heal|p2a: Venusaur|353\/364|[silent]
|turn|22
|
|switch|p2a: Heatran|Heatran, F|196\/334
|-damage|p2a: Heatran|155\/334|[from] Stealth Rock
|switch|p1a: TacoBell|Bronzong|263\/338
|
|-heal|p1a: TacoBell|284\/338|[from] item: Leftovers
|turn|23
|
|move|p2a: Heatran|Fire Blast|p1a: TacoBell
|-supereffective|p1a: TacoBell
|-damage|p1a: TacoBell|20\/338
|-status|p1a: TacoBell|brn
|move|p1a: TacoBell|Earthquake|p2a: Heatran
|-supereffective|p2a: Heatran
|-damage|p2a: Heatran|3\/334
|
|-heal|p1a: TacoBell|41\/338 brn|[from] item: Leftovers
|-damage|p1a: TacoBell|0 fnt|[from] brn
|faint|p1a: TacoBell
|
|switch|p1a: Zues|Zapdos|381\/381
|-ability|p1a: Zues|Pressure
|turn|24
|
|move|p2a: Heatran|Stealth Rock|p1a: Zues
|-sidestart|p1: Lizardons|move: Stealth Rock
|move|p1a: Zues|Thunderbolt|p2a: Heatran
|-damage|p2a: Heatran|0 fnt
|faint|p2a: Heatran
|
|
|switch|p2a: Conkeldurr|Conkeldurr, F|351\/351
|-damage|p2a: Conkeldurr|330\/351|[from] Stealth Rock
|turn|25
|
|switch|p1a: Wayno|Slowbro, M|394\/394
|-damage|p1a: Wayno|345\/394|[from] Stealth Rock
|move|p2a: Conkeldurr|Knock Off|p1a: Wayno
|-supereffective|p1a: Wayno
|-damage|p1a: Wayno|223\/394
|
|turn|26
|
|switch|p2a: Venusaur|Venusaur-Mega, M|353\/364
|-damage|p2a: Venusaur|308\/364|[from] Stealth Rock
|move|p1a: Wayno|Slack Off|p1a: Wayno
|-heal|p1a: Wayno|394\/394
|
|turn|27
|
|move|p2a: Venusaur|Leech Seed|p1a: Wayno
|-start|p1a: Wayno|move: Leech Seed
|move|p1a: Wayno|Scald|p2a: Venusaur
|-resisted|p2a: Venusaur
|-damage|p2a: Venusaur|268\/364
|-status|p2a: Venusaur|brn
|
|-damage|p1a: Wayno|345\/394|[from] Leech Seed|[of] p2a: Venusaur
|-heal|p2a: Venusaur|317\/364 brn|[silent]
|-damage|p2a: Venusaur|272\/364 brn|[from] brn
|turn|28
|
|switch|p1a: FatTony|Blissey, F|580\/714
|-damage|p1a: FatTony|491\/714|[from] Stealth Rock
|move|p2a: Venusaur|Giga Drain|p1a: FatTony
|-damage|p1a: FatTony|413\/714
|-heal|p2a: Venusaur|311\/364 brn|[from] drain|[of] p1a: FatTony
|
|-heal|p1a: FatTony|457\/714|[from] item: Leftovers
|-damage|p2a: Venusaur|266\/364 brn|[from] brn
|turn|29
|
|switch|p2a: Sylveon|Sylveon, M|394\/394
|-damage|p2a: Sylveon|345\/394|[from] Stealth Rock
|move|p1a: FatTony|Wish|p1a: FatTony
|
|-heal|p2a: Sylveon|369\/394|[from] item: Leftovers
|-heal|p1a: FatTony|501\/714|[from] item: Leftovers
|turn|30
|
|move|p2a: Sylveon|Wish|p2a: Sylveon
|move|p1a: FatTony|Toxic|p2a: Sylveon
|-status|p2a: Sylveon|tox
|
|-heal|p1a: FatTony|714\/714|[from] move: Wish|[wisher] FatTony
|-heal|p2a: Sylveon|393\/394 tox|[from] item: Leftovers
|-damage|p2a: Sylveon|369\/394 tox|[from] psn
|turn|31
|
|move|p2a: Sylveon|Heal Bell|p2a: Sylveon
|-cureteam|p2a: Sylveon|[from] move: HealBell
|move|p1a: FatTony|Seismic Toss|p2a: Sylveon
|-damage|p2a: Sylveon|269\/394
|
|-heal|p2a: Sylveon|394\/394|[from] move: Wish|[wisher] Sylveon
|turn|32
|
|switch|p2a: Conkeldurr|Conkeldurr, F|330\/351
|-damage|p2a: Conkeldurr|309\/351|[from] Stealth Rock
|move|p1a: FatTony|Toxic|p2a: Conkeldurr
|-status|p2a: Conkeldurr|tox
|
|-damage|p2a: Conkeldurr|288\/351 tox|[from] psn
|turn|33
|
|move|p1a: FatTony|Protect|p1a: FatTony
|-singleturn|p1a: FatTony|Protect
|move|p2a: Conkeldurr|Knock Off|p1a: FatTony
|-activate|p1a: FatTony|Protect
|
|-damage|p2a: Conkeldurr|246\/351 tox|[from] psn
|turn|34
|
|switch|p1a: Wayno|Slowbro, M|394\/394
|-damage|p1a: Wayno|345\/394|[from] Stealth Rock
|move|p2a: Conkeldurr|Knock Off|p1a: Wayno
|-supereffective|p1a: Wayno
|-damage|p1a: Wayno|167\/394
|
|-damage|p2a: Conkeldurr|183\/351 tox|[from] psn
|turn|35
|
|switch|p1a: Zues|Zapdos|381\/381
|-damage|p1a: Zues|286\/381|[from] Stealth Rock
|-ability|p1a: Zues|Pressure
|move|p2a: Conkeldurr|Knock Off|p1a: Zues
|-damage|p1a: Zues|125\/381
|-enditem|p1a: Zues|Leftovers|[from] move: Knock Off|[of] p2a: Conkeldurr
|
|-damage|p2a: Conkeldurr|99\/351 tox|[from] psn
|turn|36
|
|move|p1a: Zues|Roost|p1a: Zues
|-heal|p1a: Zues|316\/381
|move|p2a: Conkeldurr|Drain Punch|p1a: Zues
|-damage|p1a: Zues|135\/381
|-heal|p2a: Conkeldurr|190\/351 tox|[from] drain|[of] p1a: Zues
|
|-damage|p2a: Conkeldurr|85\/351 tox|[from] psn
|turn|37
|
|switch|p2a: Sylveon|Sylveon, M|394\/394
|-damage|p2a: Sylveon|345\/394|[from] Stealth Rock
|move|p1a: Zues|Roost|p1a: Zues
|-heal|p1a: Zues|326\/381
|
|-heal|p2a: Sylveon|369\/394|[from] item: Leftovers
|turn|38
|
|move|p1a: Zues|Defog|p2a: Sylveon
|-unboost|p2a: Sylveon|evasion|1
|-sideend|p2: palino|Stealth Rock|[from] move: Defog|[of] p2a: Sylveon
|-sideend|p1: Lizardons|Stealth Rock|[from] move: Defog|[of] p1a: Zues
|move|p2a: Sylveon|Wish|p2a: Sylveon
|
|-heal|p2a: Sylveon|393\/394|[from] item: Leftovers
|turn|39
|
|switch|p2a: Conkeldurr|Conkeldurr, F|85\/351 tox
|move|p1a: Zues|Thunderbolt|p2a: Conkeldurr
|-damage|p2a: Conkeldurr|0 fnt
|faint|p2a: Conkeldurr
|
|
|switch|p2a: Venusaur|Venusaur-Mega, M|266\/364
|turn|40
|
|switch|p1a: BatMan|Gliscor, M|352\/352 tox
|move|p2a: Venusaur|Leech Seed|p1a: BatMan
|-start|p1a: BatMan|move: Leech Seed
|
|-damage|p1a: BatMan|308\/352 tox|[from] Leech Seed|[of] p2a: Venusaur
|-heal|p2a: Venusaur|310\/364|[silent]
|-heal|p1a: BatMan|352\/352 tox|[from] ability: Poison Heal
|turn|41
|
|switch|p1a: FatTony|Blissey, F|714\/714
|move|p2a: Venusaur|Giga Drain|p1a: FatTony
|-damage|p1a: FatTony|632\/714
|-heal|p2a: Venusaur|351\/364|[from] drain|[of] p1a: FatTony
|
|-heal|p1a: FatTony|676\/714|[from] item: Leftovers
|turn|42
|
|move|p1a: FatTony|Protect|p1a: FatTony
|-singleturn|p1a: FatTony|Protect
|move|p2a: Venusaur|Leech Seed|p1a: FatTony
|-activate|p1a: FatTony|Protect
|
|-heal|p1a: FatTony|714\/714|[from] item: Leftovers
|turn|43
|
|switch|p1a: BatMan|Gliscor, M|352\/352 tox
|move|p2a: Venusaur|Leech Seed|p1a: BatMan
|-start|p1a: BatMan|move: Leech Seed
|
|-damage|p1a: BatMan|308\/352 tox|[from] Leech Seed|[of] p2a: Venusaur
|-heal|p2a: Venusaur|364\/364|[silent]
|-heal|p1a: BatMan|352\/352 tox|[from] ability: Poison Heal
|turn|44
|
|switch|p2a: Sylveon|Sylveon, M|393\/394
|move|p1a: BatMan|Protect|p1a: BatMan
|-fail|p1a: BatMan
|
|-heal|p2a: Sylveon|394\/394|[from] item: Leftovers
|-damage|p1a: BatMan|308\/352 tox|[from] Leech Seed|[of] p2a: Sylveon
|-heal|p1a: BatMan|352\/352 tox|[from] ability: Poison Heal
|turn|45
|
|move|p1a: BatMan|Knock Off|p2a: Sylveon
|-resisted|p2a: Sylveon
|-damage|p2a: Sylveon|360\/394
|-enditem|p2a: Sylveon|Leftovers|[from] move: Knock Off|[of] p1a: BatMan
|move|p2a: Sylveon|Wish|p2a: Sylveon
|
|-damage|p1a: BatMan|308\/352 tox|[from] Leech Seed|[of] p2a: Sylveon
|-heal|p2a: Sylveon|394\/394|[silent]
|-heal|p1a: BatMan|352\/352 tox|[from] ability: Poison Heal
|turn|46
|
|move|p1a: BatMan|Earthquake|p2a: Sylveon
|-damage|p2a: Sylveon|279\/394
|move|p2a: Sylveon|Hyper Voice|p1a: BatMan
|-damage|p1a: BatMan|174\/352 tox
|
|-heal|p2a: Sylveon|394\/394|[from] move: Wish|[wisher] Sylveon
|-damage|p1a: BatMan|130\/352 tox|[from] Leech Seed|[of] p2a: Sylveon
|-heal|p1a: BatMan|174\/352 tox|[from] ability: Poison Heal
|turn|47
|
|switch|p1a: FatTony|Blissey, F|714\/714
|move|p2a: Sylveon|Wish|p2a: Sylveon
|
|turn|48
|
|switch|p2a: Magnezone|Magnezone|25\/281
|move|p1a: FatTony|Seismic Toss|p2a: Magnezone
|-damage|p2a: Magnezone|0 fnt
|faint|p2a: Magnezone
|
|
|switch|p2a: Landorus-Therian|Landorus-Therian, M|280\/319
|-ability|p2a: Landorus-Therian|Intimidate|[of] p1a: FatTony
|-unboost|p1a: FatTony|atk|1
|turn|49
|
|switch|p1a: BatMan|Gliscor, M|174\/352 tox
|move|p2a: Landorus-Therian|Knock Off|p1a: BatMan
|-damage|p1a: BatMan|125\/352 tox
|
|-heal|p1a: BatMan|169\/352 tox|[from] ability: Poison Heal
|turn|50
|
|switch|p2a: Venusaur|Venusaur-Mega, M|364\/364
|move|p1a: BatMan|Earthquake|p2a: Venusaur
|-damage|p2a: Venusaur|294\/364
|
|-heal|p1a: BatMan|213\/352 tox|[from] ability: Poison Heal
|turn|51
|
|move|p1a: BatMan|Protect|p1a: BatMan
|-singleturn|p1a: BatMan|Protect
|move|p2a: Venusaur|Leech Seed|p1a: BatMan
|-activate|p1a: BatMan|Protect
|
|-heal|p1a: BatMan|257\/352 tox|[from] ability: Poison Heal
|turn|52
|
|switch|p1a: Zues|Zapdos|326\/381
|-ability|p1a: Zues|Pressure
|move|p2a: Venusaur|Leech Seed|p1a: Zues|[miss]
|-miss|p2a: Venusaur|p1a: Zues
|
|turn|53
|
|switch|p1a: BatMan|Gliscor, M|257\/352 tox
|move|p2a: Venusaur|Leech Seed|p1a: BatMan|[miss]
|-miss|p2a: Venusaur|p1a: BatMan
|
|-heal|p1a: BatMan|301\/352 tox|[from] ability: Poison Heal
|turn|54
|c|âpalino|o k
|c|âLizardons|=[
|
|move|p1a: BatMan|Protect|p1a: BatMan
|-singleturn|p1a: BatMan|Protect
|move|p2a: Venusaur|Giga Drain|p1a: BatMan
|-activate|p1a: BatMan|Protect
|
|-heal|p1a: BatMan|345\/352 tox|[from] ability: Poison Heal
|turn|55
|
|switch|p1a: Zues|Zapdos|326\/381
|-ability|p1a: Zues|Pressure
|move|p2a: Venusaur|Leech Seed|p1a: Zues
|-start|p1a: Zues|move: Leech Seed
|
|-damage|p1a: Zues|279\/381|[from] Leech Seed|[of] p2a: Venusaur
|-heal|p2a: Venusaur|341\/364|[silent]
|turn|56
|c|âpalino|stall too stally :[
|
|switch|p1a: FatTony|Blissey, F|714\/714
|move|p2a: Venusaur|Sludge Bomb|p1a: FatTony
|-damage|p1a: FatTony|615\/714
|
|-heal|p1a: FatTony|659\/714|[from] item: Leftovers
|turn|57
|c|âLizardons|cant really do much else
|c|âpalino|sure, forefeit :] jk.. 
|
|switch|p2a: Sylveon|Sylveon, M|394\/394
|move|p1a: FatTony|Protect|p1a: FatTony
|-fail|p1a: FatTony
|
|-heal|p1a: FatTony|703\/714|[from] item: Leftovers
|turn|58
|
|move|p2a: Sylveon|Wish|p2a: Sylveon
|move|p1a: FatTony|Toxic|p2a: Sylveon
|-status|p2a: Sylveon|tox
|
|-heal|p1a: FatTony|714\/714|[from] item: Leftovers
|-damage|p2a: Sylveon|370\/394 tox|[from] psn
|turn|59
|
|switch|p1a: Wayno|Slowbro, M|298\/394
|move|p2a: Sylveon|Heal Bell|p2a: Sylveon
|-cureteam|p2a: Sylveon|[from] move: HealBell
|
|-heal|p2a: Sylveon|394\/394|[from] move: Wish|[wisher] Sylveon
|turn|60
|
|switch|p1a: FatTony|Blissey, F|714\/714
|move|p2a: Sylveon|Hyper Voice|p1a: FatTony
|-damage|p1a: FatTony|603\/714
|
|-heal|p1a: FatTony|647\/714|[from] item: Leftovers
|turn|61
|
|move|p2a: Sylveon|Protect|p2a: Sylveon
|-singleturn|p2a: Sylveon|Protect
|move|p1a: FatTony|Seismic Toss|p2a: Sylveon
|-activate|p2a: Sylveon|Protect
|
|-heal|p1a: FatTony|691\/714|[from] item: Leftovers
|turn|62
|
|move|p2a: Sylveon|Wish|p2a: Sylveon
|move|p1a: FatTony|Toxic|p2a: Sylveon
|-status|p2a: Sylveon|tox
|
|-heal|p1a: FatTony|714\/714|[from] item: Leftovers
|-damage|p2a: Sylveon|370\/394 tox|[from] psn
|turn|63
|c|âpalino|this is lame :[
|c|âLizardons|wont argue
|c|âpalino|this is not the future i wanted for you
|c|âpalino|er the present that is
|
|switch|p1a: Wayno|Slowbro, M|394\/394
|move|p2a: Sylveon|Heal Bell|p2a: Sylveon
|-cureteam|p2a: Sylveon|[from] move: HealBell
|
|-heal|p2a: Sylveon|394\/394|[from] move: Wish|[wisher] Sylveon
|turn|64
|
|switch|p1a: FatTony|Blissey, F|714\/714
|move|p2a: Sylveon|Hyper Voice|p1a: FatTony
|-damage|p1a: FatTony|593\/714
|
|-heal|p1a: FatTony|637\/714|[from] item: Leftovers
|turn|65
|
|move|p2a: Sylveon|Protect|p2a: Sylveon
|-singleturn|p2a: Sylveon|Protect
|move|p1a: FatTony|Protect|p1a: FatTony
|-fail|p1a: FatTony
|
|-heal|p1a: FatTony|681\/714|[from] item: Leftovers
|turn|66
|c|âpalino|hah tha'ts got to be the lames turn in pokemon history
|c|âLizardons|yep lol
|
|switch|p2a: Venusaur|Venusaur-Mega, M|341\/364
|switch|p1a: Wayno|Slowbro, M|394\/394
|
|turn|67
|
|switch|p2a: Landorus-Therian|Landorus-Therian, M|280\/319
|-ability|p2a: Landorus-Therian|Intimidate|[of] p1a: Wayno
|-unboost|p1a: Wayno|atk|1
|switch|p1a: Zues|Zapdos|279\/381
|-ability|p1a: Zues|Pressure
|
|turn|68
|
|switch|p1a: BatMan|Gliscor, M|345\/352 tox
|move|p2a: Landorus-Therian|Rock Slide|p1a: BatMan
|-damage|p1a: BatMan|281\/352 tox
|
|-heal|p1a: BatMan|325\/352 tox|[from] ability: Poison Heal
|turn|69
|
|switch|p2a: Venusaur|Venusaur-Mega, M|341\/364
|move|p1a: BatMan|Toxic|p2a: Venusaur
|-fail|p2a: Venusaur
|
|-heal|p1a: BatMan|352\/352 tox|[from] ability: Poison Heal
|turn|70
|
|switch|p1a: Zues|Zapdos|279\/381
|-ability|p1a: Zues|Pressure
|move|p2a: Venusaur|Leech Seed|p1a: Zues
|-start|p1a: Zues|move: Leech Seed
|
|-damage|p1a: Zues|232\/381|[from] Leech Seed|[of] p2a: Venusaur
|-heal|p2a: Venusaur|364\/364|[silent]
|turn|71
|
|switch|p1a: FatTony|Blissey, F|681\/714
|move|p2a: Venusaur|Sludge Bomb|p1a: FatTony
|-damage|p1a: FatTony|579\/714
|
|-heal|p1a: FatTony|623\/714|[from] item: Leftovers
|turn|72
|c|âpalino|what do you say if we just flip a coin?
|c|âpalino|loser forefeits
|c|âLizardons|i think i got this 1
|c|âLizardons|I have a 481 turn battle yesturday this is nothing
|c|âLizardons|had*
|c|âpalino|so we dont spend 1 hour min
|
|move|p2a: Venusaur|Sludge Bomb|p1a: FatTony
|-damage|p1a: FatTony|527\/714
|-status|p1a: FatTony|psn
|move|p1a: FatTony|Wish|p1a: FatTony
|
|-heal|p1a: FatTony|571\/714 psn|[from] item: Leftovers
|-damage|p1a: FatTony|482\/714 psn|[from] psn
|turn|73
|c|âLizardons|I kinda want to play this one out sorry
|c|âLizardons|only since i have advantage
|c|âpalino|ok.. so that means you'd be displeased if i forefeit?
|
|switch|p2a: Landorus-Therian|Landorus-Therian, M|280\/319
|-ability|p2a: Landorus-Therian|Intimidate|[of] p1a: FatTony
|-unboost|p1a: FatTony|atk|1
|switch|p1a: Zues|Zapdos|232\/381
|-ability|p1a: Zues|Pressure
|
|-heal|p1a: Zues|381\/381|[from] move: Wish|[wisher] FatTony
|turn|74
|c|âLizardons|no not really
|
|switch|p1a: BatMan|Gliscor, M|352\/352 tox
|move|p2a: Landorus-Therian|Rock Slide|p1a: BatMan
|-damage|p1a: BatMan|295\/352 tox
|
|-heal|p1a: BatMan|339\/352 tox|[from] ability: Poison Heal
|turn|75
|c|âpalino|hm.. so you just want to win
|
|switch|p2a: Venusaur|Venusaur-Mega, M|364\/364
|switch|p1a: FatTony|Blissey, F|482\/714
|
|-heal|p1a: FatTony|526\/714|[from] item: Leftovers
|turn|76
|c|âLizardons|basically lol
|
|move|p1a: FatTony|Protect|p1a: FatTony
|-singleturn|p1a: FatTony|Protect
|move|p2a: Venusaur|Sludge Bomb|p1a: FatTony
|-activate|p1a: FatTony|Protect
|
|-heal|p1a: FatTony|570\/714|[from] item: Leftovers
|turn|77
|
|switch|p1a: BatMan|Gliscor, M|339\/352 tox
|move|p2a: Venusaur|Sludge Bomb|p1a: BatMan
|-resisted|p1a: BatMan
|-damage|p1a: BatMan|253\/352 tox
|
|-heal|p1a: BatMan|297\/352 tox|[from] ability: Poison Heal
|turn|78
|
|switch|p1a: FatTony|Blissey, F|570\/714
|move|p2a: Venusaur|Giga Drain|p1a: FatTony
|-damage|p1a: FatTony|485\/714
|
|-heal|p1a: FatTony|529\/714|[from] item: Leftovers
|turn|79
|
|move|p2a: Venusaur|Sludge Bomb|p1a: FatTony
|-damage|p1a: FatTony|438\/714
|move|p1a: FatTony|Wish|p1a: FatTony
|
|-heal|p1a: FatTony|482\/714|[from] item: Leftovers
|turn|80
|
|move|p2a: Venusaur|Sludge Bomb|p1a: FatTony
|-damage|p1a: FatTony|377\/714
|move|p1a: FatTony|Seismic Toss|p2a: Venusaur
|-damage|p2a: Venusaur|264\/364
|
|-heal|p1a: FatTony|714\/714|[from] move: Wish|[wisher] FatTony
|turn|81
|
|switch|p1a: BatMan|Gliscor, M|297\/352 tox
|move|p2a: Venusaur|Sludge Bomb|p1a: BatMan
|-resisted|p1a: BatMan
|-damage|p1a: BatMan|212\/352 tox
|
|-heal|p1a: BatMan|256\/352 tox|[from] ability: Poison Heal
|turn|82
|
|move|p1a: BatMan|Protect|p1a: BatMan
|-singleturn|p1a: BatMan|Protect
|move|p2a: Venusaur|Giga Drain|p1a: BatMan
|-activate|p1a: BatMan|Protect
|
|-heal|p1a: BatMan|300\/352 tox|[from] ability: Poison Heal
|turn|83
|
|switch|p1a: FatTony|Blissey, F|714\/714
|move|p2a: Venusaur|Giga Drain|p1a: FatTony
|-damage|p1a: FatTony|633\/714
|-heal|p2a: Venusaur|305\/364|[from] drain|[of] p1a: FatTony
|
|-heal|p1a: FatTony|677\/714|[from] item: Leftovers
|turn|84
|
|switch|p1a: BatMan|Gliscor, M|300\/352 tox
|move|p2a: Venusaur|Sludge Bomb|p1a: BatMan
|-resisted|p1a: BatMan
|-damage|p1a: BatMan|213\/352 tox
|
|-heal|p1a: BatMan|257\/352 tox|[from] ability: Poison Heal
|turn|85
|
|switch|p2a: Landorus-Therian|Landorus-Therian, M|280\/319
|-ability|p2a: Landorus-Therian|Intimidate|[of] p1a: BatMan
|-unboost|p1a: BatMan|atk|1
|move|p1a: BatMan|Protect|p1a: BatMan
|-fail|p1a: BatMan
|
|-heal|p1a: BatMan|301\/352 tox|[from] ability: Poison Heal
|turn|86
|
|switch|p1a: Wayno|Slowbro, M|394\/394
|move|p2a: Landorus-Therian|U-turn|p1a: Wayno
|-supereffective|p1a: Wayno
|-damage|p1a: Wayno|266\/394
|
|switch|p2a: Venusaur|Venusaur-Mega, M|305\/364
|
|turn|87
|
|switch|p1a: Zues|Zapdos|381\/381
|-ability|p1a: Zues|Pressure
|move|p2a: Venusaur|Giga Drain|p1a: Zues
|-resisted|p1a: Zues
|-damage|p1a: Zues|323\/381
|-heal|p2a: Venusaur|334\/364|[from] drain|[of] p1a: Zues
|
|turn|88
|
|switch|p1a: BatMan|Gliscor, M|301\/352 tox
|move|p2a: Venusaur|Sludge Bomb|p1a: BatMan
|-resisted|p1a: BatMan
|-damage|p1a: BatMan|215\/352 tox
|
|-heal|p1a: BatMan|259\/352 tox|[from] ability: Poison Heal
|turn|89
|
|switch|p2a: Landorus-Therian|Landorus-Therian, M|280\/319
|-ability|p2a: Landorus-Therian|Intimidate|[of] p1a: BatMan
|-unboost|p1a: BatMan|atk|1
|move|p1a: BatMan|Protect|p1a: BatMan
|-fail|p1a: BatMan
|
|-heal|p1a: BatMan|303\/352 tox|[from] ability: Poison Heal
|turn|90
|
|move|p2a: Landorus-Therian|U-turn|p1a: BatMan
|-resisted|p1a: BatMan
|-damage|p1a: BatMan|277\/352 tox
|
|switch|p2a: Venusaur|Venusaur-Mega, M|334\/364
|move|p1a: BatMan|Knock Off|p2a: Venusaur
|-damage|p2a: Venusaur|312\/364
|
|-heal|p1a: BatMan|321\/352 tox|[from] ability: Poison Heal
|turn|91
|
|move|p1a: BatMan|Toxic|p2a: Venusaur
|-fail|p2a: Venusaur
|move|p2a: Venusaur|Giga Drain|p1a: BatMan
|-damage|p1a: BatMan|189\/352 tox
|-heal|p2a: Venusaur|364\/364|[from] drain|[of] p1a: BatMan
|
|-heal|p1a: BatMan|233\/352 tox|[from] ability: Poison Heal
|turn|92
|
|move|p1a: BatMan|Protect|p1a: BatMan
|-singleturn|p1a: BatMan|Protect
|move|p2a: Venusaur|Giga Drain|p1a: BatMan
|-activate|p1a: BatMan|Protect
|
|-heal|p1a: BatMan|277\/352 tox|[from] ability: Poison Heal
|turn|93
|
|switch|p1a: Zues|Zapdos|323\/381
|-ability|p1a: Zues|Pressure
|move|p2a: Venusaur|Giga Drain|p1a: Zues
|-crit|p1a: Zues
|-resisted|p1a: Zues
|-damage|p1a: Zues|230\/381
|
|turn|94
|
|switch|p2a: Landorus-Therian|Landorus-Therian, M|280\/319
|-ability|p2a: Landorus-Therian|Intimidate|[of] p1a: Zues
|-unboost|p1a: Zues|atk|1
|move|p1a: Zues|Roost|p1a: Zues
|-heal|p1a: Zues|381\/381
|
|turn|95
|
|switch|p1a: BatMan|Gliscor, M|277\/352 tox
|move|p2a: Landorus-Therian|Rock Slide|p1a: BatMan
|-damage|p1a: BatMan|220\/352 tox
|
|-heal|p1a: BatMan|264\/352 tox|[from] ability: Poison Heal
|turn|96
|
|switch|p2a: Venusaur|Venusaur-Mega, M|364\/364
|move|p1a: BatMan|Knock Off|p2a: Venusaur
|-damage|p2a: Venusaur|333\/364
|
|-heal|p1a: BatMan|308\/352 tox|[from] ability: Poison Heal
|turn|97
|
|move|p1a: BatMan|Knock Off|p2a: Venusaur
|-damage|p2a: Venusaur|300\/364
|move|p2a: Venusaur|Giga Drain|p1a: BatMan
|-damage|p1a: BatMan|170\/352 tox
|-heal|p2a: Venusaur|364\/364|[from] drain|[of] p1a: BatMan
|
|-heal|p1a: BatMan|214\/352 tox|[from] ability: Poison Heal
|turn|98
|
|move|p1a: BatMan|Protect|p1a: BatMan
|-singleturn|p1a: BatMan|Protect
|move|p2a: Venusaur|Giga Drain|p1a: BatMan
|-activate|p1a: BatMan|Protect
|
|-heal|p1a: BatMan|258\/352 tox|[from] ability: Poison Heal
|turn|99
|
|switch|p1a: FatTony|Blissey, F|677\/714
|move|p2a: Venusaur|Giga Drain|p1a: FatTony
|-crit|p1a: FatTony
|-damage|p1a: FatTony|560\/714
|
|-heal|p1a: FatTony|604\/714|[from] item: Leftovers
|turn|100
|
|switch|p2a: Landorus-Therian|Landorus-Therian, M|280\/319
|-ability|p2a: Landorus-Therian|Intimidate|[of] p1a: FatTony
|-unboost|p1a: FatTony|atk|1
|move|p1a: FatTony|Seismic Toss|p2a: Landorus-Therian
|-damage|p2a: Landorus-Therian|180\/319
|
|-heal|p1a: FatTony|648\/714|[from] item: Leftovers
|turn|101
|
|switch|p1a: Wayno|Slowbro, M|394\/394
|move|p2a: Landorus-Therian|Knock Off|p1a: Wayno
|-supereffective|p1a: Wayno
|-damage|p1a: Wayno|274\/394
|
|turn|102
|
|switch|p2a: Venusaur|Venusaur-Mega, M|364\/364
|move|p1a: Wayno|Scald|p2a: Venusaur
|-resisted|p2a: Venusaur
|-damage|p2a: Venusaur|324\/364
|
|turn|103
|
|switch|p1a: Zues|Zapdos|381\/381
|-ability|p1a: Zues|Pressure
|move|p2a: Venusaur|Sludge Bomb|p1a: Zues
|-damage|p1a: Zues|236\/381
|
|turn|104
|
|switch|p1a: FatTony|Blissey, F|648\/714
|move|p2a: Venusaur|Sludge Bomb|p1a: FatTony
|-damage|p1a: FatTony|549\/714
|
|-heal|p1a: FatTony|593\/714|[from] item: Leftovers
|turn|105
|
|move|p2a: Venusaur|Sludge Bomb|p1a: FatTony
|-damage|p1a: FatTony|499\/714
|-status|p1a: FatTony|psn
|move|p1a: FatTony|Wish|p1a: FatTony
|
|-heal|p1a: FatTony|543\/714 psn|[from] item: Leftovers
|-damage|p1a: FatTony|454\/714 psn|[from] psn
|turn|106
|
|move|p2a: Venusaur|Sludge Bomb|p1a: FatTony
|-damage|p1a: FatTony|360\/714 psn
|move|p1a: FatTony|Seismic Toss|p2a: Venusaur
|-damage|p2a: Venusaur|224\/364
|
|-heal|p1a: FatTony|714\/714 psn|[from] move: Wish|[wisher] FatTony
|-damage|p1a: FatTony|625\/714 psn|[from] psn
|turn|107
|
|switch|p2a: Landorus-Therian|Landorus-Therian, M|180\/319
|-ability|p2a: Landorus-Therian|Intimidate|[of] p1a: FatTony
|-unboost|p1a: FatTony|atk|1
|switch|p1a: BatMan|Gliscor, M|258\/352 tox
|
|-heal|p1a: BatMan|302\/352 tox|[from] ability: Poison Heal
|turn|108
|
|move|p2a: Landorus-Therian|U-turn|p1a: BatMan
|-resisted|p1a: BatMan
|-damage|p1a: BatMan|276\/352 tox
|
|switch|p2a: Venusaur|Venusaur-Mega, M|224\/364
|move|p1a: BatMan|Earthquake|p2a: Venusaur
|-damage|p2a: Venusaur|146\/364
|
|-heal|p1a: BatMan|320\/352 tox|[from] ability: Poison Heal
|turn|109
|
|move|p1a: BatMan|Earthquake|p2a: Venusaur
|-damage|p2a: Venusaur|76\/364
|move|p2a: Venusaur|Sludge Bomb|p1a: BatMan
|-resisted|p1a: BatMan
|-damage|p1a: BatMan|239\/352 tox
|
|-heal|p1a: BatMan|283\/352 tox|[from] ability: Poison Heal
|turn|110
|
|move|p1a: BatMan|Earthquake|p2a: Venusaur
|-damage|p2a: Venusaur|1\/364
|move|p2a: Venusaur|Synthesis|p2a: Venusaur
|-heal|p2a: Venusaur|183\/364
|
|-heal|p1a: BatMan|327\/352 tox|[from] ability: Poison Heal
|turn|111
|c|âpalino|come at me 
|c|âpalino|hah
|c|âLizardons|xD
|
|switch|p1a: Zues|Zapdos|236\/381
|-ability|p1a: Zues|Pressure
|move|p2a: Venusaur|Synthesis|p2a: Venusaur
|-heal|p2a: Venusaur|364\/364
|
|turn|112
|c|âpalino|imma think of ways to beat that team.. bc it seems that i struggle with zappy
|
|switch|p1a: BatMan|Gliscor, M|327\/352 tox
|switch|p2a: Sylveon|Sylveon, M|394\/394
|
|-heal|p1a: BatMan|352\/352 tox|[from] ability: Poison Heal
|turn|113
|c|âLizardons|ya
|
|move|p1a: BatMan|Toxic|p2a: Sylveon
|-status|p2a: Sylveon|tox
|move|p2a: Sylveon|Wish|p2a: Sylveon
|
|-damage|p2a: Sylveon|370\/394 tox|[from] psn
|turn|114
|
|switch|p1a: Wayno|Slowbro, M|394\/394
|switch|p2a: Landorus-Therian|Landorus-Therian, M|180\/319
|-ability|p2a: Landorus-Therian|Intimidate|[of] p1a: Wayno
|-unboost|p1a: Wayno|atk|1
|
|-heal|p2a: Landorus-Therian|319\/319|[from] move: Wish|[wisher] Sylveon
|turn|115
|
|move|p2a: Landorus-Therian|U-turn|p1a: Wayno
|-supereffective|p1a: Wayno
|-damage|p1a: Wayno|266\/394
|
|switch|p2a: Sylveon|Sylveon, M|370\/394 tox
|move|p1a: Wayno|Scald|p2a: Sylveon
|-damage|p2a: Sylveon|300\/394 tox
|
|-damage|p2a: Sylveon|276\/394 tox|[from] psn
|turn|116
|
|switch|p1a: FatTony|Blissey, F|625\/714
|move|p2a: Sylveon|Wish|p2a: Sylveon
|
|-heal|p1a: FatTony|669\/714|[from] item: Leftovers
|-damage|p2a: Sylveon|228\/394 tox|[from] psn
|turn|117
|
|move|p2a: Sylveon|Heal Bell|p2a: Sylveon
|-cureteam|p2a: Sylveon|[from] move: HealBell
|move|p1a: FatTony|Toxic|p2a: Sylveon
|-status|p2a: Sylveon|tox
|
|-heal|p2a: Sylveon|394\/394 tox|[from] move: Wish|[wisher] Sylveon
|-heal|p1a: FatTony|713\/714|[from] item: Leftovers
|-damage|p2a: Sylveon|370\/394 tox|[from] psn
|turn|118
|
|move|p2a: Sylveon|Wish|p2a: Sylveon
|move|p1a: FatTony|Wish|p1a: FatTony
|
|-heal|p1a: FatTony|714\/714|[from] item: Leftovers
|-damage|p2a: Sylveon|322\/394 tox|[from] psn
|turn|119
|
|switch|p1a: Zues|Zapdos|236\/381
|-ability|p1a: Zues|Pressure
|move|p2a: Sylveon|Heal Bell|p2a: Sylveon
|-cureteam|p2a: Sylveon|[from] move: HealBell
|
|-heal|p2a: Sylveon|394\/394|[from] move: Wish|[wisher] Sylveon
|-heal|p1a: Zues|381\/381|[from] move: Wish|[wisher] FatTony
|turn|120
|
|switch|p1a: FatTony|Blissey, F|714\/714
|move|p2a: Sylveon|Hyper Voice|p1a: FatTony
|-damage|p1a: FatTony|605\/714
|
|-heal|p1a: FatTony|649\/714|[from] item: Leftovers
|turn|121
|
|move|p2a: Sylveon|Hyper Voice|p1a: FatTony
|-damage|p1a: FatTony|528\/714
|move|p1a: FatTony|Seismic Toss|p2a: Sylveon
|-damage|p2a: Sylveon|294\/394
|
|-heal|p1a: FatTony|572\/714|[from] item: Leftovers
|turn|122
|
|move|p2a: Sylveon|Hyper Voice|p1a: FatTony
|-damage|p1a: FatTony|452\/714
|move|p1a: FatTony|Toxic|p2a: Sylveon
|-status|p2a: Sylveon|tox
|
|-heal|p1a: FatTony|496\/714|[from] item: Leftovers
|-damage|p2a: Sylveon|270\/394 tox|[from] psn
|turn|123
|
|move|p2a: Sylveon|Wish|p2a: Sylveon
|move|p1a: FatTony|Seismic Toss|p2a: Sylveon
|-damage|p2a: Sylveon|170\/394 tox
|
|-heal|p1a: FatTony|540\/714|[from] item: Leftovers
|-damage|p2a: Sylveon|122\/394 tox|[from] psn
|turn|124
|
|move|p2a: Sylveon|Heal Bell|p2a: Sylveon
|-cureteam|p2a: Sylveon|[from] move: HealBell
|move|p1a: FatTony|Seismic Toss|p2a: Sylveon
|-damage|p2a: Sylveon|22\/394
|
|-heal|p2a: Sylveon|219\/394|[from] move: Wish|[wisher] Sylveon
|-heal|p1a: FatTony|584\/714|[from] item: Leftovers
|turn|125
|
|move|p2a: Sylveon|Wish|p2a: Sylveon
|move|p1a: FatTony|Seismic Toss|p2a: Sylveon
|-damage|p2a: Sylveon|119\/394
|
|-heal|p1a: FatTony|628\/714|[from] item: Leftovers
|turn|126
|
|switch|p1a: Wayno|Slowbro, M|394\/394
|move|p2a: Sylveon|Hyper Voice|p1a: Wayno
|-damage|p1a: Wayno|213\/394
|
|-heal|p2a: Sylveon|316\/394|[from] move: Wish|[wisher] Sylveon
|turn|127
|
|switch|p1a: FatTony|Blissey, F|628\/714
|move|p2a: Sylveon|Hyper Voice|p1a: FatTony
|-damage|p1a: FatTony|507\/714
|
|-heal|p1a: FatTony|551\/714|[from] item: Leftovers
|turn|128
|
|switch|p2a: Landorus-Therian|Landorus-Therian, M|319\/319
|-ability|p2a: Landorus-Therian|Intimidate|[of] p1a: FatTony
|-unboost|p1a: FatTony|atk|1
|move|p1a: FatTony|Toxic|p2a: Landorus-Therian
|-status|p2a: Landorus-Therian|tox
|
|-heal|p1a: FatTony|595\/714|[from] item: Leftovers
|-damage|p2a: Landorus-Therian|300\/319 tox|[from] psn
|turn|129
|c|âpalino|it's pretty well constructed
|c|âpalino|as stall
|c|âLizardons|yours is also made well
|
|switch|p1a: BatMan|Gliscor, M|352\/352 tox
|move|p2a: Landorus-Therian|Knock Off|p1a: BatMan
|-damage|p1a: BatMan|298\/352 tox
|
|-damage|p2a: Landorus-Therian|262\/319 tox|[from] psn
|-heal|p1a: BatMan|342\/352 tox|[from] ability: Poison Heal
|turn|130
|c|âpalino|i go for balance
|c|âLizardons|I am going to remove zard x probably
|c|âpalino|tx
|c|âpalino|yeah he is the least stally hah
|c|âLizardons|i wanted something wierd and I like charizard lol
|c|âpalino|wow works thi
|c|âpalino|tho
|c|âpalino|get m venu imo
|c|âLizardons|i never have success with venusaur mega
|
|switch|p2a: Sylveon|Sylveon, M|316\/394
|switch|p1a: Wayno|Slowbro, M|344\/394
|
|turn|131
|c|âpalino|how come?
|c|âLizardons|sandstorm mostly
|c|âLizardons|and its base defense is just meh
|
|move|p2a: Sylveon|Heal Bell|p2a: Sylveon
|-cureteam|p2a: Sylveon|[from] move: HealBell
|move|p1a: Wayno|Scald|p2a: Sylveon
|-damage|p2a: Sylveon|246\/394
|
|turn|132
|c|âpalino|hm..
|
|move|p2a: Sylveon|Hyper Voice|p1a: Wayno
|-damage|p1a: Wayno|161\/394
|move|p1a: Wayno|Scald|p2a: Sylveon
|-damage|p2a: Sylveon|167\/394
|
|turn|133
|c|âpalino|so what will you get instead of zardx?
|
|switch|p1a: FatTony|Blissey, F|595\/714
|move|p2a: Sylveon|Wish|p2a: Sylveon
|
|-heal|p1a: FatTony|639\/714|[from] item: Leftovers
|turn|134
|c|âLizardons|no clue lol maybe zard y
|c|âpalino|cool
|c|âpalino|gtg! gg
|c|âLizardons|i like messing around with my mega
|c|âLizardons|going to try mence when it comes out
|c|âLizardons|gg
|c|âpalino|oops
|c|âpalino|wait what's the code?
|c|âLizardons|the code?
|c|âpalino|i want to save the replay so i can remember to check such teams ha
|c|âLizardons|oh lol
|c|âpalino|i could just close tab and press back also
|c|âpalino|timer's almost out so
|c|âLizardons|fair enough
|c|âpalino|i thought it was \/forefeit
|-message|palino lost due to inactivity.
|
|win|Lizardons
|raw|Ladder updating...
|raw|Lizardons's rating: 1813 &rarr; <strong>1828<\/strong><br \/>(+15 for winning)
|raw|palino's rating: 1715 &rarr; <strong>1701<\/strong><br \/>(-14 for losing)
|c|âLizardons|gg
|leave|Lizardons
|player|p1