|join|Lizardons
|join|Aka DH
|player|p1|Lizardons|170
|player|p2|Aka DH|101
|gametype|singles
|gen|6
|tier|OU
|rated
|clearpoke
|poke|p1|Blissey, F
|poke|p1|Gliscor, M
|poke|p1|Latias, F, shiny
|poke|p1|Skarmory, M
|poke|p1|Charizard, M
|poke|p1|Amoonguss, M
|poke|p2|Chansey, F
|poke|p2|Keldeo
|poke|p2|Heatran, F
|poke|p2|Skarmory, F
|poke|p2|Bisharp, F
|poke|p2|Venusaur, M
|rule|Sleep Clause Mod: Limit one foe put to sleep
|rule|Species Clause: Limit one of each Pokemon
|rule|OHKO Clause: OHKO moves are banned
|rule|Moody Clause: Moody is banned
|rule|Evasion Moves Clause: Evasion moves are banned
|rule|Endless Battle Clause: Forcing endless battles is banned.
|rule|HP Percentage Mod: HP is reported as percentages
|teampreview
|join|jfcgsdxhcjvbhl
|chat|Lizardons|gl
|
|start
|switch|p1a: BatMan|Gliscor, M|352\/352
|switch|p2a: Heatran|Heatran, F|340\/340
|-item|p2a: Heatran|Air Balloon
|turn|1
|chat|Aka DH|gl
|
|move|p1a: BatMan|Protect|p1a: BatMan
|-singleturn|p1a: BatMan|Protect
|move|p2a: Heatran|Stealth Rock|p1a: BatMan
|-sidestart|p1: Lizardons|move: Stealth Rock
|
|-status|p1a: BatMan|tox|[from] item: Toxic Orb
|turn|2
|
|switch|p1a: FatTony|Blissey, F|714\/714
|-damage|p1a: FatTony|625\/714|[from] Stealth Rock
|move|p2a: Heatran|Fire Blast|p1a: FatTony
|-damage|p1a: FatTony|505\/714
|-status|p1a: FatTony|brn
|
|-heal|p1a: FatTony|549\/714 brn|[from] item: Leftovers
|-damage|p1a: FatTony|460\/714 brn|[from] brn
|turn|3
|
|move|p2a: Heatran|Taunt|p1a: FatTony
|-start|p1a: FatTony|move: Taunt
|cant|p1a: FatTony|move: Taunt|Wish
|
|-heal|p1a: FatTony|504\/714 brn|[from] item: Leftovers
|-damage|p1a: FatTony|415\/714 brn|[from] brn
|turn|4
|
|switch|p1a: Serenity|Latias, F, shiny|301\/301
|-damage|p1a: Serenity|264\/301|[from] Stealth Rock
|move|p2a: Heatran|Fire Blast|p1a: Serenity
|-resisted|p1a: Serenity
|-damage|p1a: Serenity|194\/301
|
|-heal|p1a: Serenity|212\/301|[from] item: Leftovers
|turn|5
|chat|Lizardons| i sware you made this team just to beat mine lol
|
|move|p1a: Serenity|Defog|p2a: Heatran
|-unboost|p2a: Heatran|evasion|1
|-sideend|p1: Lizardons|Stealth Rock|[from] move: Defog|[of] p1a: Serenity
|move|p2a: Heatran|Toxic|p1a: Serenity
|-status|p1a: Serenity|tox
|
|-heal|p1a: Serenity|230\/301 tox|[from] item: Leftovers
|-damage|p1a: Serenity|212\/301 tox|[from] psn
|turn|6
|
|move|p1a: Serenity|Dragon Pulse|p2a: Heatran
|-resisted|p2a: Heatran
|-damage|p2a: Heatran|275\/340
|-enditem|p2a: Heatran|Air Balloon
|move|p2a: Heatran|Stealth Rock|p1a: Serenity
|-sidestart|p1: Lizardons|move: Stealth Rock
|
|-heal|p1a: Serenity|230\/301 tox|[from] item: Leftovers
|-damage|p1a: Serenity|194\/301 tox|[from] psn
|turn|7
|
|move|p1a: Serenity|Defog|p2a: Heatran
|-unboost|p2a: Heatran|evasion|1
|-sideend|p1: Lizardons|Stealth Rock|[from] move: Defog|[of] p1a: Serenity
|move|p2a: Heatran|Taunt|p1a: Serenity
|-start|p1a: Serenity|move: Taunt
|
|-heal|p1a: Serenity|212\/301 tox|[from] item: Leftovers
|-damage|p1a: Serenity|158\/301 tox|[from] psn
|turn|8
|
|switch|p1a: FatTony|Blissey, F|415\/714
|move|p2a: Heatran|Stealth Rock|p1a: FatTony
|-sidestart|p1: Lizardons|move: Stealth Rock
|
|-heal|p1a: FatTony|459\/714|[from] item: Leftovers
|turn|9
|
|move|p2a: Heatran|Taunt|p1a: FatTony
|-start|p1a: FatTony|move: Taunt
|move|p1a: FatTony|Seismic Toss|p2a: Heatran
|-damage|p2a: Heatran|175\/340
|
|-heal|p1a: FatTony|503\/714|[from] item: Leftovers
|turn|10
|
|switch|p2a: Keldeo|Keldeo|323\/323
|move|p1a: FatTony|Seismic Toss|p2a: Keldeo
|-damage|p2a: Keldeo|223\/323
|
|-heal|p2a: Keldeo|243\/323|[from] item: Leftovers
|-heal|p1a: FatTony|547\/714|[from] item: Leftovers
|turn|11
|
|switch|p1a: Teemo|Amoonguss, M|432\/432
|-damage|p1a: Teemo|378\/432|[from] Stealth Rock
|move|p2a: Keldeo|Scald|p1a: Teemo
|-resisted|p1a: Teemo
|-damage|p1a: Teemo|315\/432
|
|-heal|p2a: Keldeo|263\/323|[from] item: Leftovers
|-heal|p1a: Teemo|342\/432|[from] item: Leftovers
|turn|12
|
|switch|p2a: Venusaur|Venusaur, M|364\/364
|move|p1a: Teemo|Toxic|p2a: Venusaur
|-fail|p2a: Venusaur
|
|-heal|p1a: Teemo|369\/432|[from] item: Leftovers
|turn|13
|
|switch|p2a: Bisharp|Bisharp, F|334\/334
|switch|p1a: Sharknado|Skarmory, M|334\/334
|-damage|p1a: Sharknado|293\/334|[from] Stealth Rock
|
|-heal|p1a: Sharknado|313\/334|[from] item: Leftovers
|turn|14
|
|move|p2a: Bisharp|Swords Dance|p2a: Bisharp
|-boost|p2a: Bisharp|atk|2
|move|p1a: Sharknado|Stealth Rock|p2a: Bisharp
|-sidestart|p2: Aka DH|move: Stealth Rock
|
|-heal|p1a: Sharknado|333\/334|[from] item: Leftovers
|turn|15
|
|move|p2a: Bisharp|Knock Off|p1a: Sharknado
|-damage|p1a: Sharknado|111\/334
|-enditem|p1a: Sharknado|Leftovers|[from] move: Knock Off|[of] p2a: Bisharp
|move|p1a: Sharknado|Whirlwind|p2a: Bisharp
|drag|p2a: Chansey|Chansey, F|685\/685
|-damage|p2a: Chansey|600\/685|[from] Stealth Rock
|
|turn|16
|
|move|p1a: Sharknado|Roost|p1a: Sharknado
|-heal|p1a: Sharknado|278\/334
|move|p2a: Chansey|Thunder Wave|p1a: Sharknado
|-status|p1a: Sharknado|par
|
|turn|17
|
|switch|p2a: Heatran|Heatran, F|175\/340
|-damage|p2a: Heatran|133\/340|[from] Stealth Rock
|move|p1a: Sharknado|Roost|p1a: Sharknado
|-heal|p1a: Sharknado|334\/334 par
|
|turn|18
|
|switch|p2a: Bisharp|Bisharp, F|334\/334
|-damage|p2a: Bisharp|314\/334|[from] Stealth Rock
|switch|p1a: FatTony|Blissey, F|547\/714
|-damage|p1a: FatTony|458\/714|[from] Stealth Rock
|
|-heal|p2a: Bisharp|334\/334|[from] item: Leftovers
|-heal|p1a: FatTony|502\/714|[from] item: Leftovers
|turn|19
|
|switch|p1a: BatMan|Gliscor, M|352\/352 tox
|-damage|p1a: BatMan|308\/352 tox|[from] Stealth Rock
|move|p2a: Bisharp|Knock Off|p1a: BatMan
|-damage|p1a: BatMan|190\/352 tox
|-enditem|p1a: BatMan|Toxic Orb|[from] move: Knock Off|[of] p2a: Bisharp
|
|-heal|p1a: BatMan|234\/352 tox|[from] ability: Poison Heal
|turn|20
|
|switch|p2a: Skarmory|Skarmory, F|334\/334
|-damage|p2a: Skarmory|293\/334|[from] Stealth Rock
|move|p1a: BatMan|Earthquake|p2a: Skarmory
|-immune|p2a: Skarmory|[msg]
|
|-heal|p1a: BatMan|278\/352 tox|[from] ability: Poison Heal
|turn|21
|
|switch|p1a: Lizardon|Charizard, M|297\/297
|-damage|p1a: Lizardon|149\/297|[from] Stealth Rock
|move|p2a: Skarmory|Whirlwind|p1a: Lizardon
|drag|p1a: FatTony|Blissey, F|502\/714
|-damage|p1a: FatTony|413\/714|[from] Stealth Rock
|
|-heal|p1a: FatTony|457\/714|[from] item: Leftovers
|turn|22
|
|move|p2a: Skarmory|Spikes|p1a: FatTony
|-sidestart|p1: Lizardons|Spikes
|move|p1a: FatTony|Wish|p1a: FatTony
|
|-heal|p1a: FatTony|501\/714|[from] item: Leftovers
|turn|23
|
|switch|p1a: Lizardon|Charizard, M|149\/297
|-damage|p1a: Lizardon|1\/297|[from] Stealth Rock
|move|p2a: Skarmory|Whirlwind|p1a: Lizardon
|drag|p1a: Teemo|Amoonguss, M|432\/432
|-damage|p1a: Teemo|378\/432|[from] Stealth Rock
|-damage|p1a: Teemo|324\/432|[from] Spikes
|
|-heal|p1a: Teemo|432\/432|[from] move: Wish|[wisher] FatTony
|turn|24
|chat|Lizardons|gg
|
|switch|p2a: Venusaur|Venusaur, M|364\/364
|-damage|p2a: Venusaur|319\/364|[from] Stealth Rock
|move|p1a: Teemo|Spore|p2a: Venusaur
|-fail|p2a: Venusaur
|
|turn|25
|-message|Lizardons forfeited.
|
|win|Aka DH
|raw|Ladder updating...
|leave|Lizardons
|player|p1