|join|Lizardons
|join|D.D.SURVIVOR
|player|p1|Lizardons|170
|player|p2|D.D.SURVIVOR|30
|gametype|singles
|gen|6
|tier|OU
|rated
|clearpoke
|poke|p1|Blissey, F
|poke|p1|Hippowdon, M
|poke|p1|Mandibuzz, F
|poke|p1|Skarmory, M
|poke|p1|Charizard, M
|poke|p1|Amoonguss, M
|poke|p2|Milotic, M
|poke|p2|Tyranitar, M
|poke|p2|Excadrill, F
|poke|p2|Thundurus, M
|poke|p2|Deoxys-Speed
|poke|p2|Aegislash, F
|rule|Sleep Clause Mod: Limit one foe put to sleep
|rule|Species Clause: Limit one of each Pokemon
|rule|OHKO Clause: OHKO moves are banned
|rule|Moody Clause: Moody is banned
|rule|Evasion Moves Clause: Evasion moves are banned
|rule|Endless Battle Clause: Forcing endless battles is banned.
|rule|HP Percentage Mod: HP is reported as percentages
|teampreview
|chat|Lizardons|gl
|
|start
|switch|p1a: Lizardon|Charizard, M|297\/297
|switch|p2a: Thundurus|Thundurus, M|299\/299
|turn|1
|
|switch|p1a: Teemo|Amoonguss, M|432\/432
|move|p2a: Thundurus|Superpower|p1a: Teemo
|-resisted|p1a: Teemo
|-damage|p1a: Teemo|332\/432
|-unboost|p2a: Thundurus|atk|1
|-unboost|p2a: Thundurus|def|1
|-damage|p2a: Thundurus|270\/299|[from] item: Life Orb
|
|-heal|p1a: Teemo|359\/432|[from] item: Leftovers
|turn|2
|
|move|p2a: Thundurus|Knock Off|p1a: Teemo
|-damage|p1a: Teemo|255\/432
|-enditem|p1a: Teemo|Leftovers|[from] move: Knock Off|[of] p2a: Thundurus
|-damage|p2a: Thundurus|241\/299|[from] item: Life Orb
|move|p1a: Teemo|Toxic|p2a: Thundurus
|-status|p2a: Thundurus|tox
|
|-damage|p2a: Thundurus|223\/299 tox|[from] psn
|turn|3
|
|switch|p2a: Deoxys-Speed|Deoxys-Speed|272\/272
|-ability|p2a: Deoxys-Speed|Pressure
|move|p1a: Teemo|Giga Drain|p2a: Deoxys-Speed
|-damage|p2a: Deoxys-Speed|212\/272
|-heal|p1a: Teemo|285\/432|[from] drain|[of] p2a: Deoxys-Speed
|
|-heal|p2a: Deoxys-Speed|229\/272|[from] item: Leftovers
|turn|4
|
|switch|p1a: Lizardon|Charizard, M|297\/297
|move|p2a: Deoxys-Speed|Stealth Rock|p1a: Lizardon
|-sidestart|p1: Lizardons|move: Stealth Rock
|
|-heal|p2a: Deoxys-Speed|246\/272|[from] item: Leftovers
|turn|5
|
|-formechange|p1a: Lizardon|Charizard-Mega-Y
|message|Charizard has Mega Evolved into Mega Charizard!
|-weather|SunnyDay
|move|p2a: Deoxys-Speed|Taunt|p1a: Lizardon
|-start|p1a: Lizardon|move: Taunt
|move|p1a: Lizardon|Flamethrower|p2a: Deoxys-Speed
|-damage|p2a: Deoxys-Speed|0 fnt
|faint|p2a: Deoxys-Speed
|
|-weather|SunnyDay|[upkeep]
|
|switch|p2a: Tyranitar|Tyranitar, M|341\/341
|-weather|Sandstorm
|turn|6
|
|switch|p1a: Hippo|Hippowdon, M|420\/420
|-damage|p1a: Hippo|394\/420|[from] Stealth Rock
|-formechange|p2a: Tyranitar|Tyranitar-Mega
|message|Tyranitar has Mega Evolved into Mega Tyranitar!
|move|p2a: Tyranitar|Taunt|p1a: Hippo
|-start|p1a: Hippo|move: Taunt
|
|-weather|Sandstorm|[upkeep]
|-heal|p1a: Hippo|420\/420|[from] item: Leftovers
|turn|7
|
|switch|p2a: Thundurus|Thundurus, M|223\/299 tox
|move|p1a: Hippo|Earthquake|p2a: Thundurus
|-immune|p2a: Thundurus|[msg]
|
|-weather|Sandstorm|[upkeep]
|-damage|p2a: Thundurus|205\/299 tox|[from] sandstorm
|-damage|p2a: Thundurus|187\/299 tox|[from] psn
|turn|8
|
|switch|p1a: Teemo|Amoonguss, M|429\/432
|-damage|p1a: Teemo|375\/432|[from] Stealth Rock
|move|p2a: Thundurus|Knock Off|p1a: Teemo
|-damage|p1a: Teemo|263\/432
|-damage|p2a: Thundurus|158\/299 tox|[from] item: Life Orb
|
|-weather|Sandstorm|[upkeep]
|-damage|p2a: Thundurus|140\/299 tox|[from] sandstorm
|-damage|p1a: Teemo|236\/432|[from] sandstorm
|-damage|p2a: Thundurus|104\/299 tox|[from] psn
|turn|9
|
|move|p2a: Thundurus|Sky Drop|p1a: Teemo|[still]
|-prepare|p2a: Thundurus|Sky Drop|p1a: Teemo
|-message|(Sky Drop prevented a Pokemon from moving.)
|
|-weather|Sandstorm|[upkeep]
|-damage|p2a: Thundurus|86\/299 tox|[from] sandstorm
|-damage|p1a: Teemo|209\/432|[from] sandstorm
|-damage|p2a: Thundurus|32\/299 tox|[from] psn
|turn|10
|
|move|p2a: Thundurus|Sky Drop|p1a: Teemo
|-supereffective|p1a: Teemo
|-damage|p1a: Teemo|0 fnt
|-damage|p2a: Thundurus|3\/299 tox|[from] item: Life Orb
|faint|p1a: Teemo
|
|-weather|none
|-damage|p2a: Thundurus|0 fnt|[from] psn
|faint|p2a: Thundurus
|
|switch|p2a: Milotic|Milotic, M|331\/331
|switch|p1a: DuckDodgers|Mandibuzz, F|424\/424
|-damage|p1a: DuckDodgers|318\/424|[from] Stealth Rock
|turn|11
|
|move|p2a: Milotic|Hypnosis|p1a: DuckDodgers|[miss]
|-miss|p2a: Milotic|p1a: DuckDodgers
|move|p1a: DuckDodgers|Defog|p2a: Milotic
|-unboost|p2a: Milotic|evasion|1
|-boost|p2a: Milotic|spa|2|[from] ability: Competitive
|-sideend|p1: Lizardons|Stealth Rock|[from] move: Defog|[of] p1a: DuckDodgers
|
|-heal|p1a: DuckDodgers|344\/424|[from] item: Leftovers
|turn|12
|
|switch|p1a: FatTony|Blissey, F|714\/714
|move|p2a: Milotic|Hypnosis|p1a: FatTony
|-status|p1a: FatTony|slp
|
|turn|13
|
|move|p2a: Milotic|Hypnosis|p1a: FatTony|[miss]
|-miss|p2a: Milotic|p1a: FatTony
|cant|p1a: FatTony|slp
|
|turn|14
|
|switch|p2a: Tyranitar|Tyranitar, M|341\/341
|-formechange|p2a: Tyranitar|Tyranitar-Mega
|-weather|Sandstorm
|cant|p1a: FatTony|slp
|
|-weather|Sandstorm|[upkeep]
|-damage|p1a: FatTony|670\/714 slp|[from] sandstorm
|-heal|p1a: FatTony|714\/714 slp|[from] item: Leftovers
|turn|15
|
|switch|p1a: Hippo|Hippowdon, M|420\/420
|move|p2a: Tyranitar|Taunt|p1a: Hippo
|-start|p1a: Hippo|move: Taunt
|
|-weather|Sandstorm|[upkeep]
|turn|16
|
|switch|p2a: Excadrill|Excadrill, F|361\/361
|-item|p2a: Excadrill|Air Balloon
|move|p1a: Hippo|Earthquake|p2a: Excadrill
|-immune|p2a: Excadrill|[msg]
|
|-weather|Sandstorm|[upkeep]
|turn|17
|
|switch|p2a: Aegislash|Aegislash, F|304\/304
|switch|p1a: DuckDodgers|Mandibuzz, F|344\/424
|
|-weather|Sandstorm|[upkeep]
|-heal|p1a: DuckDodgers|370\/424|[from] item: Leftovers
|turn|18
|
|move|p1a: DuckDodgers|Foul Play|p2a: Aegislash
|-supereffective|p2a: Aegislash
|-damage|p2a: Aegislash|214\/304
|move|p2a: Aegislash|Toxic|p1a: DuckDodgers
|-status|p1a: DuckDodgers|tox
|
|-weather|none
|-heal|p1a: DuckDodgers|396\/424 tox|[from] item: Leftovers
|-heal|p2a: Aegislash|233\/304|[from] item: Leftovers
|-damage|p1a: DuckDodgers|370\/424 tox|[from] psn
|turn|19
|
|switch|p1a: Lizardon|Charizard, M|297\/297
|-formechange|p1a: Lizardon|Charizard-Mega-Y
|-weather|SunnyDay
|switch|p2a: Milotic|Milotic, M|331\/331
|
|-weather|SunnyDay|[upkeep]
|turn|20
|
|switch|p2a: Tyranitar|Tyranitar, M|341\/341
|-formechange|p2a: Tyranitar|Tyranitar-Mega
|-weather|Sandstorm
|move|p1a: Lizardon|Focus Blast|p2a: Tyranitar
|-supereffective|p2a: Tyranitar
|-damage|p2a: Tyranitar|0 fnt
|faint|p2a: Tyranitar
|
|-weather|Sandstorm|[upkeep]
|-damage|p1a: Lizardon|279\/297|[from] sandstorm
|
|switch|p2a: Excadrill|Excadrill, F|361\/361
|-item|p2a: Excadrill|Air Balloon
|turn|21
|
|switch|p1a: Sharknado|Skarmory, M|334\/334
|move|p2a: Excadrill|Rock Slide|p1a: Sharknado
|-damage|p1a: Sharknado|281\/334
|
|-weather|Sandstorm|[upkeep]
|-heal|p1a: Sharknado|301\/334|[from] item: Leftovers
|turn|22
|
|switch|p2a: Aegislash|Aegislash, F|233\/304
|move|p1a: Sharknado|Brave Bird|p2a: Aegislash
|-resisted|p2a: Aegislash
|-damage|p2a: Aegislash|194\/304
|-damage|p1a: Sharknado|288\/334|[from] recoil|[of] p2a: Aegislash
|
|-weather|Sandstorm|[upkeep]
|-heal|p1a: Sharknado|308\/334|[from] item: Leftovers
|-heal|p2a: Aegislash|213\/304|[from] item: Leftovers
|turn|23
|
|switch|p1a: DuckDodgers|Mandibuzz, F|370\/424 tox
|-formechange|p2a: Aegislash|Aegislash-Blade
|move|p2a: Aegislash|Shadow Ball|p1a: DuckDodgers
|-resisted|p1a: DuckDodgers
|-damage|p1a: DuckDodgers|299\/424 tox
|
|-weather|Sandstorm|[upkeep]
|-heal|p1a: DuckDodgers|325\/424 tox|[from] item: Leftovers
|-heal|p2a: Aegislash|232\/304|[from] item: Leftovers
|-damage|p1a: DuckDodgers|299\/424 tox|[from] psn
|turn|24
|
|switch|p2a: Milotic|Milotic, M|331\/331
|move|p1a: DuckDodgers|Foul Play|p2a: Milotic
|-damage|p2a: Milotic|253\/331
|
|-weather|none
|-heal|p1a: DuckDodgers|325\/424 tox|[from] item: Leftovers
|-damage|p1a: DuckDodgers|273\/424 tox|[from] psn
|turn|25
|
|switch|p2a: Aegislash|Aegislash, F|232\/304
|switch|p1a: FatTony|Blissey, F|714\/714
|
|-heal|p2a: Aegislash|251\/304|[from] item: Leftovers
|turn|26
|
|move|p1a: FatTony|Protect|p1a: FatTony
|-singleturn|p1a: FatTony|Protect
|move|p2a: Aegislash|Substitute|p2a: Aegislash
|-start|p2a: Aegislash|Substitute
|-damage|p2a: Aegislash|175\/304
|
|-heal|p2a: Aegislash|194\/304|[from] item: Leftovers
|turn|27
|
|move|p1a: FatTony|Wish|p1a: FatTony
|move|p2a: Aegislash|Toxic|p1a: FatTony
|-status|p1a: FatTony|tox
|
|-heal|p2a: Aegislash|213\/304|[from] item: Leftovers
|-damage|p1a: FatTony|670\/714 tox|[from] psn
|turn|28
|
|switch|p1a: DuckDodgers|Mandibuzz, F|273\/424 tox
|move|p2a: Aegislash|Toxic|p1a: DuckDodgers
|-fail|p1a: DuckDodgers|tox
|
|-heal|p1a: DuckDodgers|424\/424 tox|[from] move: Wish|[wisher] FatTony
|-heal|p2a: Aegislash|232\/304|[from] item: Leftovers
|-damage|p1a: DuckDodgers|398\/424 tox|[from] psn
|turn|29
|
|switch|p1a: FatTony|Blissey, F|670\/714
|move|p2a: Aegislash|King's Shield|p2a: Aegislash
|-fail|p2a: Aegislash
|
|-heal|p1a: FatTony|714\/714|[from] item: Leftovers
|-heal|p2a: Aegislash|251\/304|[from] item: Leftovers
|turn|30
|
|switch|p1a: DuckDodgers|Mandibuzz, F|398\/424 tox
|-formechange|p2a: Aegislash|Aegislash-Blade
|move|p2a: Aegislash|Shadow Ball|p1a: DuckDodgers
|-resisted|p1a: DuckDodgers
|-damage|p1a: DuckDodgers|323\/424 tox
|
|-heal|p1a: DuckDodgers|349\/424 tox|[from] item: Leftovers
|-heal|p2a: Aegislash|270\/304|[from] item: Leftovers
|-damage|p1a: DuckDodgers|323\/424 tox|[from] psn
|turn|31
|
|-formechange|p2a: Aegislash|Aegislash
|move|p2a: Aegislash|King's Shield|p2a: Aegislash
|-singleturn|p2a: Aegislash|Protect
|move|p1a: DuckDodgers|Taunt|p2a: Aegislash
|-start|p2a: Aegislash|move: Taunt
|
|-heal|p1a: DuckDodgers|349\/424 tox|[from] item: Leftovers
|-heal|p2a: Aegislash|289\/304|[from] item: Leftovers
|-damage|p1a: DuckDodgers|297\/424 tox|[from] psn
|turn|32
|
|move|p1a: DuckDodgers|Foul Play|p2a: Aegislash
|-supereffective|p2a: Aegislash
|-end|p2a: Aegislash|Substitute
|-formechange|p2a: Aegislash|Aegislash-Blade
|move|p2a: Aegislash|Shadow Ball|p1a: DuckDodgers
|-resisted|p1a: DuckDodgers
|-damage|p1a: DuckDodgers|228\/424 tox
|
|-heal|p1a: DuckDodgers|254\/424 tox|[from] item: Leftovers
|-heal|p2a: Aegislash|304\/304|[from] item: Leftovers
|-damage|p1a: DuckDodgers|176\/424 tox|[from] psn
|turn|33
|
|switch|p1a: Lizardon|Charizard, M|279\/297
|-formechange|p1a: Lizardon|Charizard-Mega-Y
|-weather|SunnyDay
|switch|p2a: Milotic|Milotic, M|253\/331
|
|-weather|SunnyDay|[upkeep]
|turn|34
|
|move|p2a: Milotic|Hypnosis|p1a: Lizardon
|-status|p1a: Lizardon|slp
|cant|p1a: Lizardon|slp
|
|-weather|SunnyDay|[upkeep]
|turn|35
|
|switch|p2a: Excadrill|Excadrill, F|361\/361
|-item|p2a: Excadrill|Air Balloon
|cant|p1a: Lizardon|slp
|
|-weather|SunnyDay|[upkeep]
|turn|36
|
|switch|p1a: Sharknado|Skarmory, M|308\/334
|move|p2a: Excadrill|Rock Slide|p1a: Sharknado
|-miss|p2a: Excadrill|p1a: Sharknado
|
|-weather|SunnyDay|[upkeep]
|-heal|p1a: Sharknado|328\/334|[from] item: Leftovers
|turn|37
|
|switch|p2a: Aegislash|Aegislash, F|304\/304
|move|p1a: Sharknado|Brave Bird|p2a: Aegislash
|-resisted|p2a: Aegislash
|-damage|p2a: Aegislash|259\/304
|-damage|p1a: Sharknado|313\/334|[from] recoil|[of] p2a: Aegislash
|
|-weather|none
|-heal|p1a: Sharknado|333\/334|[from] item: Leftovers
|-heal|p2a: Aegislash|278\/304|[from] item: Leftovers
|turn|38
|
|switch|p1a: Lizardon|Charizard, M|279\/297 slp
|-formechange|p1a: Lizardon|Charizard-Mega-Y
|-weather|SunnyDay
|-formechange|p2a: Aegislash|Aegislash-Blade
|move|p2a: Aegislash|Shadow Ball|p1a: Lizardon
|-damage|p1a: Lizardon|152\/297 slp
|
|-weather|SunnyDay|[upkeep]
|-heal|p2a: Aegislash|297\/304|[from] item: Leftovers
|turn|39
|join|k1R4
|
|-curestatus|p1a: Lizardon|slp
|move|p1a: Lizardon|Flamethrower|p2a: Aegislash
|-supereffective|p2a: Aegislash
|-damage|p2a: Aegislash|0 fnt
|faint|p2a: Aegislash
|
|-weather|SunnyDay|[upkeep]
|-message|D.D.SURVIVOR forfeited.
|
|win|Lizardons
|raw|Ladder updating...
|leave|D.D.SURVIVOR
|player|p2
|raw|Lizardons's rating: 1860 &rarr; <strong>1876<\/strong><br \/>(+16 for winning)
|raw|D.D.SURVIVOR's rating: 1792 &rarr; <strong>1775<\/strong><br \/>(-17 for losing)