|join|Lizardons
|join|Lef Deppard
|player|p1|Lizardons|260
|player|p2|Lef Deppard|240
|gametype|singles
|gen|6
|tier|OU
|rated
|clearpoke
|poke|p1|Charizard, M
|poke|p1|Clefable, F
|poke|p1|Chansey, F
|poke|p1|Gliscor, M
|poke|p1|Slowbro, M
|poke|p1|Skarmory, F
|poke|p2|Donphan, M
|poke|p2|Zapdos
|poke|p2|Pinsir, M
|poke|p2|Keldeo-Resolute
|poke|p2|Metagross
|poke|p2|Celebi
|rule|Swagger Clause: Swagger is banned
|rule|Baton Pass Clause: Limit one PokÃ©mon knowing Baton Pass
|rule|Sleep Clause Mod: Limit one foe put to sleep
|rule|Species Clause: Limit one of each PokÃ©mon
|rule|OHKO Clause: OHKO moves are banned
|rule|Moody Clause: Moody is banned
|rule|Evasion Moves Clause: Evasion moves are banned
|rule|Endless Battle Clause: Forcing endless battles is banned
|rule|HP Percentage Mod: HP is shown in percentages
|teampreview
|
|start
|switch|p1a: Freddy|Gliscor, M|352\/352
|switch|p2a: Animal|Keldeo-Resolute|322\/322
|turn|1
|
|move|p1a: Freddy|Protect|p1a: Freddy
|-singleturn|p1a: Freddy|Protect
|move|p2a: Animal|Scald|p1a: Freddy
|-activate|p1a: Freddy|Protect
|
|-status|p1a: Freddy|tox|[from] item: Toxic Orb
|turn|2
|
|switch|p1a: Wayno|Slowbro, M|394\/394
|move|p2a: Animal|Scald|p1a: Wayno
|-resisted|p1a: Wayno
|-damage|p1a: Wayno|276\/394
|
|-heal|p1a: Wayno|300\/394|[from] item: Leftovers
|turn|3
|
|switch|p2a: Love bites|Celebi|404\/404
|switch|p1a: Lizardon|Charizard, M|333\/333
|
|turn|4
|
|detailschange|p1a: Lizardon|Charizard-Mega-X, M
|message|Charizard has Mega Evolved into Mega Charizard!
|move|p1a: Lizardon|Flare Blitz|p2a: Love bites
|-supereffective|p2a: Love bites
|-damage|p2a: Love bites|0 fnt
|-damage|p1a: Lizardon|200\/333|[from] recoil|[of] p2a: Love bites
|faint|p2a: Love bites
|
|
|switch|p2a: Animal|Keldeo-Resolute|322\/322
|turn|5
|
|switch|p1a: Wayno|Slowbro, M|394\/394
|move|p2a: Animal|Scald|p1a: Wayno
|-resisted|p1a: Wayno
|-damage|p1a: Wayno|272\/394
|
|-heal|p1a: Wayno|296\/394|[from] item: Leftovers
|turn|6
|
|move|p2a: Animal|Scald|p1a: Wayno
|-resisted|p1a: Wayno
|-damage|p1a: Wayno|167\/394
|move|p1a: Wayno|Toxic|p2a: Animal
|-status|p2a: Animal|tox
|
|-heal|p1a: Wayno|191\/394|[from] item: Leftovers
|-damage|p2a: Animal|302\/322 tox|[from] psn
|turn|7
|
|switch|p2a: Pour some on me|Donphan, M|384\/384
|move|p1a: Wayno|Slack Off|p1a: Wayno
|-heal|p1a: Wayno|388\/394
|
|-heal|p1a: Wayno|394\/394|[from] item: Leftovers
|turn|8
|
|move|p2a: Pour some on me|Knock Off|p1a: Wayno
|-supereffective|p1a: Wayno
|-damage|p1a: Wayno|222\/394
|-enditem|p1a: Wayno|Leftovers|[from] move: Knock Off|[of] p2a: Pour some on me
|move|p1a: Wayno|Toxic|p2a: Pour some on me
|-status|p2a: Pour some on me|tox
|
|-damage|p2a: Pour some on me|360\/384 tox|[from] psn
|turn|9
|
|switch|p2a: Undefeated|Metagross|364\/364
|switch|p1a: Skara|Skarmory, F|334\/334
|
|turn|10
|
|move|p1a: Skara|Brave Bird|p2a: Undefeated
|-resisted|p2a: Undefeated
|-damage|p2a: Undefeated|316\/364
|-damage|p1a: Skara|318\/334|[from] recoil|[of] p2a: Undefeated
|move|p2a: Undefeated|Stealth Rock|p1a: Skara
|-sidestart|p1: Lizardons|move: Stealth Rock
|
|-heal|p2a: Undefeated|338\/364|[from] item: Leftovers
|turn|11
|
|move|p1a: Skara|Defog|p2a: Undefeated
|-fail|p2a: Undefeated|unboost|[from] ability: Clear Body|[of] p2a: Undefeated
|-sideend|p1: Lizardons|Stealth Rock|[from] move: Defog|[of] p1a: Skara
|move|p2a: Undefeated|Meteor Mash|p1a: Skara
|-resisted|p1a: Skara
|-damage|p1a: Skara|264\/334
|-damage|p2a: Undefeated|278\/364|[from] item: Rocky Helmet|[of] p1a: Skara
|
|-heal|p2a: Undefeated|300\/364|[from] item: Leftovers
|turn|12
|
|move|p1a: Skara|Roost|p1a: Skara
|-heal|p1a: Skara|334\/334
|move|p2a: Undefeated|Earthquake|p1a: Skara
|-supereffective|p1a: Skara
|-damage|p1a: Skara|172\/334
|
|-heal|p2a: Undefeated|322\/364|[from] item: Leftovers
|turn|13
|
|move|p1a: Skara|Roost|p1a: Skara
|-heal|p1a: Skara|334\/334
|move|p2a: Undefeated|Stealth Rock|p1a: Skara
|-sidestart|p1: Lizardons|move: Stealth Rock
|
|-heal|p2a: Undefeated|344\/364|[from] item: Leftovers
|turn|14
|
|move|p1a: Skara|Defog|p2a: Undefeated
|-fail|p2a: Undefeated|unboost|[from] ability: Clear Body|[of] p2a: Undefeated
|-sideend|p1: Lizardons|Stealth Rock|[from] move: Defog|[of] p1a: Skara
|move|p2a: Undefeated|Meteor Mash|p1a: Skara
|-resisted|p1a: Skara
|-damage|p1a: Skara|286\/334
|-damage|p2a: Undefeated|284\/364|[from] item: Rocky Helmet|[of] p1a: Skara
|
|-heal|p2a: Undefeated|306\/364|[from] item: Leftovers
|turn|15
|
|switch|p1a: Wayno|Slowbro, M|353\/394
|move|p2a: Undefeated|Earthquake|p1a: Wayno
|-crit|p1a: Wayno
|-damage|p1a: Wayno|222\/394
|
|-heal|p2a: Undefeated|328\/364|[from] item: Leftovers
|turn|16
|
|move|p2a: Undefeated|Stealth Rock|p1a: Wayno
|-sidestart|p1: Lizardons|move: Stealth Rock
|move|p1a: Wayno|Scald|p2a: Undefeated
|-damage|p2a: Undefeated|229\/364
|
|-heal|p2a: Undefeated|251\/364|[from] item: Leftovers
|turn|17
|
|switch|p2a: Photograph|Zapdos|384\/384
|-ability|p2a: Photograph|Pressure
|move|p1a: Wayno|Scald|p2a: Photograph
|-damage|p2a: Photograph|311\/384
|
|-heal|p2a: Photograph|335\/384|[from] item: Leftovers
|turn|18
|
|switch|p2a: Armageddon it|Pinsir, M|271\/271
|switch|p1a: FatTony|Chansey, F|704\/704
|-damage|p1a: FatTony|616\/704|[from] Stealth Rock
|
|turn|19
|
|switch|p2a: Photograph|Zapdos|335\/384
|-ability|p2a: Photograph|Pressure
|move|p1a: FatTony|Toxic|p2a: Photograph
|-status|p2a: Photograph|tox
|
|-heal|p2a: Photograph|359\/384 tox|[from] item: Leftovers
|-damage|p2a: Photograph|335\/384 tox|[from] psn
|turn|20
|
|switch|p2a: Animal|Keldeo-Resolute|302\/322 tox
|move|p1a: FatTony|Stealth Rock|p2a: Animal
|-sidestart|p2: Lef Deppard|move: Stealth Rock
|
|-damage|p2a: Animal|282\/322 tox|[from] psn
|turn|21
|
|switch|p2a: Pour some on me|Donphan, M|360\/384 tox
|-damage|p2a: Pour some on me|336\/384 tox|[from] Stealth Rock
|switch|p1a: Wayno|Slowbro, M|353\/394
|-damage|p1a: Wayno|304\/394|[from] Stealth Rock
|
|-heal|p2a: Pour some on me|360\/384 tox|[from] item: Leftovers
|-damage|p2a: Pour some on me|336\/384 tox|[from] psn
|turn|22
|
|move|p2a: Pour some on me|Rapid Spin|p1a: Wayno
|-damage|p1a: Wayno|285\/394
|-sideend|p2: Lef Deppard|Stealth Rock|[from] move: Rapid Spin|[of] p2a: Pour some on me
|move|p1a: Wayno|Scald|p2a: Pour some on me
|-supereffective|p2a: Pour some on me
|-damage|p2a: Pour some on me|60\/384 tox
|
|-heal|p2a: Pour some on me|84\/384 tox|[from] item: Leftovers
|-damage|p2a: Pour some on me|36\/384 tox|[from] psn
|turn|23
|
|switch|p2a: Photograph|Zapdos|335\/384 tox
|-ability|p2a: Photograph|Pressure
|move|p1a: Wayno|Slack Off|p1a: Wayno
|-heal|p1a: Wayno|394\/394
|
|-heal|p2a: Photograph|359\/384 tox|[from] item: Leftovers
|-damage|p2a: Photograph|335\/384 tox|[from] psn
|turn|24
|
|switch|p1a: Freddy|Gliscor, M|352\/352 tox
|-damage|p1a: Freddy|308\/352 tox|[from] Stealth Rock
|move|p2a: Photograph|Thunderbolt|p1a: Freddy
|-immune|p1a: Freddy|[msg]
|
|-heal|p2a: Photograph|359\/384 tox|[from] item: Leftovers
|-damage|p2a: Photograph|311\/384 tox|[from] psn
|-heal|p1a: Freddy|352\/352 tox|[from] ability: Poison Heal
|turn|25
|
|move|p2a: Photograph|Hidden Power|p1a: Freddy
|-supereffective|p1a: Freddy
|-damage|p1a: Freddy|20\/352 tox
|move|p1a: Freddy|Taunt|p2a: Photograph
|-start|p2a: Photograph|move: Taunt
|
|-heal|p2a: Photograph|335\/384 tox|[from] item: Leftovers
|-damage|p2a: Photograph|263\/384 tox|[from] psn
|-heal|p1a: Freddy|64\/352 tox|[from] ability: Poison Heal
|turn|26
|
|switch|p2a: Armageddon it|Pinsir, M|271\/271
|move|p1a: Freddy|Protect|p1a: Freddy
|-fail|p1a: Freddy
|
|-heal|p1a: Freddy|108\/352 tox|[from] ability: Poison Heal
|turn|27
|
|detailschange|p2a: Armageddon it|Pinsir-Mega, M
|message|Pinsir has Mega Evolved into Mega Pinsir!
|move|p2a: Armageddon it|Return|p1a: Freddy
|-damage|p1a: Freddy|0 fnt
|faint|p1a: Freddy
|
|
|switch|p1a: Skara|Skarmory, F|286\/334
|-damage|p1a: Skara|245\/334|[from] Stealth Rock
|turn|28
|
|switch|p2a: Photograph|Zapdos|263\/384 tox
|-ability|p2a: Photograph|Pressure
|move|p1a: Skara|Roost|p1a: Skara
|-heal|p1a: Skara|334\/334
|
|-heal|p2a: Photograph|287\/384 tox|[from] item: Leftovers
|-damage|p2a: Photograph|263\/384 tox|[from] psn
|turn|29
|
|switch|p2a: Animal|Keldeo-Resolute|282\/322 tox
|switch|p1a: FatTony|Chansey, F|616\/704
|-damage|p1a: FatTony|528\/704|[from] Stealth Rock
|
|-damage|p2a: Animal|262\/322 tox|[from] psn
|turn|30
|
|switch|p1a: Wayno|Slowbro, M|394\/394
|-damage|p1a: Wayno|345\/394|[from] Stealth Rock
|move|p2a: Animal|Hydro Pump|p1a: Wayno
|-resisted|p1a: Wayno
|-damage|p1a: Wayno|174\/394
|
|-damage|p2a: Animal|222\/322 tox|[from] psn
|turn|31
|
|move|p2a: Animal|Hydro Pump|p1a: Wayno
|-resisted|p1a: Wayno
|-damage|p1a: Wayno|0 fnt
|faint|p1a: Wayno
|
|-damage|p2a: Animal|162\/322 tox|[from] psn
|
|switch|p1a: FatTony|Chansey, F|528\/704
|-damage|p1a: FatTony|440\/704|[from] Stealth Rock
|turn|32
|
|switch|p2a: Armageddon it|Pinsir-Mega, M|271\/271
|move|p1a: FatTony|Stealth Rock|p2a: Armageddon it
|-sidestart|p2: Lef Deppard|move: Stealth Rock
|
|turn|33
|
|switch|p1a: Skara|Skarmory, F|334\/334
|-damage|p1a: Skara|293\/334|[from] Stealth Rock
|move|p2a: Armageddon it|Swords Dance|p2a: Armageddon it
|-boost|p2a: Armageddon it|atk|2
|
|turn|34
|
|move|p2a: Armageddon it|Swords Dance|p2a: Armageddon it
|-boost|p2a: Armageddon it|atk|2
|move|p1a: Skara|Brave Bird|p2a: Armageddon it
|-supereffective|p2a: Armageddon it
|-damage|p2a: Armageddon it|85\/271
|-damage|p1a: Skara|232\/334|[from] recoil|[of] p2a: Armageddon it
|
|turn|35
|
|move|p2a: Armageddon it|Close Combat|p1a: Skara
|-damage|p1a: Skara|0 fnt
|-damage|p2a: Armageddon it|40\/271|[from] item: Rocky Helmet|[of] p1a: Skara
|-unboost|p2a: Armageddon it|def|1
|-unboost|p2a: Armageddon it|spd|1
|faint|p1a: Skara
|
|
|switch|p1a: Avocado|Clefable, F|394\/394
|turn|36
|
|move|p2a: Armageddon it|Return|p1a: Avocado
|-damage|p1a: Avocado|0 fnt
|faint|p1a: Avocado
|
|-message|Lizardons forfeited.
|
|win|Lef Deppard
|raw|Ladder updating...
|leave|Lizardons
|player|p1
|c|âLef Deppard|Gg
|raw|Lizardons's rating: 1703 &rarr; <strong>1691<\/strong><br \/>(-12 for losing)
|raw|Lef Deppard's rating: 1850 &rarr; <strong>1862<\/strong><br \/>(+12 for winning)