|join|Doublethink
|join|Lizardons
|player|p1|Doublethink|244
|player|p2|Lizardons|170
|gametype|singles
|gen|6
|tier|OU
|rated
|clearpoke
|poke|p1|Heatran, F
|poke|p1|Zapdos
|poke|p1|Garchomp, M
|poke|p1|Mawile, F
|poke|p1|Quagsire, F
|poke|p1|Dragonite, F
|poke|p2|Chansey, F
|poke|p2|Hippowdon, M
|poke|p2|Skarmory, M
|poke|p2|Amoonguss, F
|poke|p2|Charizard, M
|poke|p2|Aegislash, M
|rule|Sleep Clause Mod: Limit one foe put to sleep
|rule|Species Clause: Limit one of each Pokemon
|rule|OHKO Clause: OHKO moves are banned
|rule|Moody Clause: Moody is banned
|rule|Evasion Moves Clause: Evasion moves are banned
|rule|Endless Battle Clause: Forcing endless battles is banned.
|rule|HP Percentage Mod: HP is reported as percentages
|teampreview
|
|start
|switch|p1a: Zapdos|Zapdos|383\/383
|switch|p2a: Lizardon|Charizard, M|297\/297
|-ability|p1a: Zapdos|Pressure
|turn|1
|
|-formechange|p2a: Lizardon|Charizard-Mega-X
|message|Charizard has Mega Evolved into Mega Charizard!
|move|p2a: Lizardon|Flare Blitz|p1a: Zapdos
|-damage|p1a: Zapdos|137\/383
|-damage|p2a: Lizardon|216\/297|[from] recoil|[of] p1a: Zapdos
|move|p1a: Zapdos|Volt Switch|p2a: Lizardon
|-resisted|p2a: Lizardon
|-damage|p2a: Lizardon|163\/297
|
|switch|p1a: Quagsire|Quagsire, F|394\/394
|
|turn|2
|
|switch|p2a: TeemoShroom|Amoonguss, F|432\/432
|move|p1a: Quagsire|Ice Punch|p2a: TeemoShroom
|-crit|p2a: TeemoShroom
|-supereffective|p2a: TeemoShroom
|-damage|p2a: TeemoShroom|236\/432
|
|-heal|p2a: TeemoShroom|263\/432|[from] item: Leftovers
|turn|3
|
|switch|p1a: Zapdos|Zapdos|137\/383
|-ability|p1a: Zapdos|Pressure
|move|p2a: TeemoShroom|Spore|p1a: Zapdos
|-status|p1a: Zapdos|slp
|
|-heal|p1a: Zapdos|160\/383 slp|[from] item: Leftovers
|-heal|p2a: TeemoShroom|290\/432|[from] item: Leftovers
|turn|4
|
|switch|p2a: Lizardon|Charizard, M|163\/297
|-formechange|p2a: Lizardon|Charizard-Mega-X
|cant|p1a: Zapdos|slp
|
|-heal|p1a: Zapdos|183\/383 slp|[from] item: Leftovers
|turn|5
|
|switch|p1a: Quagsire|Quagsire, F|394\/394
|move|p2a: Lizardon|Roost|p2a: Lizardon
|-heal|p2a: Lizardon|297\/297
|
|turn|6
|
|switch|p2a: FatTony|Chansey, F|704\/704
|move|p1a: Quagsire|Earthquake|p2a: FatTony
|-damage|p2a: FatTony|562\/704
|
|turn|7
|
|move|p2a: FatTony|Seismic Toss|p1a: Quagsire
|-damage|p1a: Quagsire|294\/394
|move|p1a: Quagsire|Toxic|p2a: FatTony
|-status|p2a: FatTony|tox
|
|-heal|p1a: Quagsire|318\/394|[from] item: Leftovers
|-damage|p2a: FatTony|518\/704 tox|[from] psn
|turn|8
|
|move|p2a: FatTony|Toxic|p1a: Quagsire
|-status|p1a: Quagsire|tox
|move|p1a: Quagsire|Recover|p1a: Quagsire
|-heal|p1a: Quagsire|394\/394 tox
|
|-damage|p2a: FatTony|430\/704 tox|[from] psn
|-damage|p1a: Quagsire|370\/394 tox|[from] psn
|turn|9
|
|switch|p1a: Mawile|Mawile, F|303\/303
|-ability|p1a: Mawile|Intimidate|[of] p2a: FatTony
|-unboost|p2a: FatTony|atk|1
|move|p2a: FatTony|Soft-Boiled|p2a: FatTony
|-heal|p2a: FatTony|704\/704 tox
|
|-damage|p2a: FatTony|572\/704 tox|[from] psn
|turn|10
|
|switch|p2a: TheMurray|Hippowdon, M|420\/420
|-weather|Sandstorm
|-formechange|p1a: Mawile|Mawile-Mega
|message|Mawile has Mega Evolved into Mega Mawile!
|move|p1a: Mawile|Substitute|p1a: Mawile
|-start|p1a: Mawile|Substitute
|-damage|p1a: Mawile|228\/303
|
|-weather|Sandstorm|[upkeep]
|turn|11
|
|move|p1a: Mawile|Play Rough|p2a: TheMurray|[miss]
|-miss|p1a: Mawile|p2a: TheMurray
|move|p2a: TheMurray|Earthquake|p1a: Mawile
|-supereffective|p1a: Mawile
|-end|p1a: Mawile|Substitute
|
|-weather|Sandstorm|[upkeep]
|turn|12
|
|switch|p1a: Zapdos|Zapdos|183\/383 slp
|-ability|p1a: Zapdos|Pressure
|move|p2a: TheMurray|Stealth Rock|p1a: Zapdos
|-sidestart|p1: Doublethink|move: Stealth Rock
|
|-weather|Sandstorm|[upkeep]
|-damage|p1a: Zapdos|160\/383 slp|[from] sandstorm
|-heal|p1a: Zapdos|183\/383 slp|[from] item: Leftovers
|turn|13
|
|switch|p2a: Lizardon|Charizard, M|297\/297
|-formechange|p2a: Lizardon|Charizard-Mega-X
|cant|p1a: Zapdos|slp
|
|-weather|Sandstorm|[upkeep]
|-damage|p2a: Lizardon|279\/297|[from] sandstorm
|-damage|p1a: Zapdos|160\/383 slp|[from] sandstorm
|-heal|p1a: Zapdos|183\/383 slp|[from] item: Leftovers
|turn|14
|
|switch|p1a: Quagsire|Quagsire, F|370\/394 tox
|-damage|p1a: Quagsire|346\/394 tox|[from] Stealth Rock
|move|p2a: Lizardon|Flare Blitz|p1a: Quagsire
|-resisted|p1a: Quagsire
|-damage|p1a: Quagsire|229\/394 tox
|-damage|p2a: Lizardon|240\/297|[from] recoil|[of] p1a: Quagsire
|
|-weather|none
|-heal|p1a: Quagsire|253\/394 tox|[from] item: Leftovers
|-damage|p1a: Quagsire|229\/394 tox|[from] psn
|turn|15
|
|switch|p2a: TeemoShroom|Amoonguss, F|432\/432
|move|p1a: Quagsire|Toxic|p2a: TeemoShroom
|-fail|p2a: TeemoShroom
|
|-heal|p1a: Quagsire|253\/394 tox|[from] item: Leftovers
|-damage|p1a: Quagsire|205\/394 tox|[from] psn
|turn|16
|
|switch|p1a: Heatran|Heatran, F|323\/323
|-damage|p1a: Heatran|283\/323|[from] Stealth Rock
|move|p2a: TeemoShroom|Giga Drain|p1a: Heatran
|-resisted|p1a: Heatran
|-damage|p1a: Heatran|265\/323
|
|turn|17
|
|switch|p2a: FatTony|Chansey, F|572\/704
|move|p1a: Heatran|Stealth Rock|p2a: FatTony
|-sidestart|p2: Lizardons|move: Stealth Rock
|
|turn|18
|
|move|p2a: FatTony|Seismic Toss|p1a: Heatran
|-damage|p1a: Heatran|165\/323
|move|p1a: Heatran|Roar|p2a: FatTony
|drag|p2a: Sharknado|Skarmory, M|334\/334
|-damage|p2a: Sharknado|293\/334|[from] Stealth Rock
|
|-heal|p2a: Sharknado|313\/334|[from] item: Leftovers
|turn|19
|
|switch|p1a: Garchomp|Garchomp, M|358\/358
|-damage|p1a: Garchomp|336\/358|[from] Stealth Rock
|switch|p2a: FatTony|Chansey, F|572\/704
|-damage|p2a: FatTony|484\/704|[from] Stealth Rock
|
|turn|20
|
|switch|p2a: TheMurray|Hippowdon, M|420\/420
|-damage|p2a: TheMurray|394\/420|[from] Stealth Rock
|-weather|Sandstorm
|move|p1a: Garchomp|Swords Dance|p1a: Garchomp
|-boost|p1a: Garchomp|atk|2
|
|-weather|Sandstorm|[upkeep]
|-heal|p2a: TheMurray|420\/420|[from] item: Leftovers
|turn|21
|
|move|p1a: Garchomp|Earthquake|p2a: TheMurray
|-damage|p2a: TheMurray|180\/420
|move|p2a: TheMurray|Toxic|p1a: Garchomp
|-status|p1a: Garchomp|tox
|-enditem|p1a: Garchomp|Lum Berry|[eat]
|-curestatus|p1a: Garchomp|tox
|
|-weather|Sandstorm|[upkeep]
|-heal|p2a: TheMurray|206\/420|[from] item: Leftovers
|turn|22
|
|switch|p2a: Sharknado|Skarmory, M|313\/334
|-damage|p2a: Sharknado|272\/334|[from] Stealth Rock
|move|p1a: Garchomp|Stone Edge|p2a: Sharknado
|-crit|p2a: Sharknado
|-damage|p2a: Sharknado|82\/334
|
|-weather|Sandstorm|[upkeep]
|-heal|p2a: Sharknado|102\/334|[from] item: Leftovers
|turn|23
|
|move|p1a: Garchomp|Stone Edge|p2a: Sharknado|[miss]
|-miss|p1a: Garchomp|p2a: Sharknado
|move|p2a: Sharknado|Roost|p2a: Sharknado
|-heal|p2a: Sharknado|269\/334
|
|-weather|Sandstorm|[upkeep]
|-heal|p2a: Sharknado|289\/334|[from] item: Leftovers
|turn|24
|chat|Doublethink|ffs
|chat|Doublethink|lol
|chat|Lizardons|=[
|
|move|p1a: Garchomp|Stone Edge|p2a: Sharknado|[miss]
|-miss|p1a: Garchomp|p2a: Sharknado
|move|p2a: Sharknado|Whirlwind|p1a: Garchomp
|drag|p1a: Zapdos|Zapdos|183\/383 slp
|-damage|p1a: Zapdos|88\/383 slp|[from] Stealth Rock
|-ability|p1a: Zapdos|Pressure
|
|-weather|none
|-heal|p1a: Zapdos|111\/383 slp|[from] item: Leftovers
|-heal|p2a: Sharknado|309\/334|[from] item: Leftovers
|turn|25
|chat|Lizardons|you won this anyways
|chat|Doublethink|hell no
|chat|Doublethink|your shit is unbeatable
|
|switch|p2a: FatTony|Chansey, F|484\/704
|-damage|p2a: FatTony|396\/704|[from] Stealth Rock
|cant|p1a: Zapdos|slp
|
|-heal|p1a: Zapdos|134\/383 slp|[from] item: Leftovers
|turn|26
|
|-curestatus|p1a: Zapdos|slp
|move|p1a: Zapdos|Roost|p1a: Zapdos
|-heal|p1a: Zapdos|326\/383
|move|p2a: FatTony|Soft-Boiled|p2a: FatTony
|-heal|p2a: FatTony|704\/704
|
|-heal|p1a: Zapdos|349\/383|[from] item: Leftovers
|turn|27
|
|move|p1a: Zapdos|Defog|p2a: FatTony
|-unboost|p2a: FatTony|evasion|1
|-sideend|p2: Lizardons|Stealth Rock|[from] move: Defog|[of] p2a: FatTony
|-sideend|p1: Doublethink|Stealth Rock|[from] move: Defog|[of] p1a: Zapdos
|move|p2a: FatTony|Seismic Toss|p1a: Zapdos
|-damage|p1a: Zapdos|249\/383
|
|-heal|p1a: Zapdos|272\/383|[from] item: Leftovers
|turn|28
|
|switch|p1a: Mawile|Mawile, F|228\/303
|-formechange|p1a: Mawile|Mawile-Mega
|move|p2a: FatTony|Seismic Toss|p1a: Mawile
|-damage|p1a: Mawile|128\/303
|
|turn|29
|
|switch|p2a: Sharknado|Skarmory, M|309\/334
|move|p1a: Mawile|Play Rough|p2a: Sharknado
|-resisted|p2a: Sharknado
|-damage|p2a: Sharknado|219\/334
|-unboost|p2a: Sharknado|atk|1
|
|-heal|p2a: Sharknado|239\/334|[from] item: Leftovers
|turn|30
|
|-singleturn|p1a: Mawile|move: Focus Punch
|move|p1a: Mawile|Focus Punch|p2a: Sharknado
|-damage|p2a: Sharknado|41\/334
|move|p2a: Sharknado|Whirlwind|p1a: Mawile
|drag|p1a: Garchomp|Garchomp, M|336\/358
|
|-heal|p2a: Sharknado|61\/334|[from] item: Leftovers
|turn|31
|
|move|p1a: Garchomp|Stone Edge|p2a: Sharknado|[miss]
|-miss|p1a: Garchomp|p2a: Sharknado
|move|p2a: Sharknado|Whirlwind|p1a: Garchomp
|drag|p1a: Mawile|Mawile, F|128\/303
|-formechange|p1a: Mawile|Mawile-Mega
|
|-heal|p2a: Sharknado|81\/334|[from] item: Leftovers
|turn|32
|
|-singleturn|p1a: Mawile|move: Focus Punch
|move|p2a: Sharknado|Brave Bird|p1a: Mawile
|-resisted|p1a: Mawile
|-damage|p1a: Mawile|95\/303
|-damage|p2a: Sharknado|70\/334|[from] recoil|[of] p1a: Mawile
|cant|p1a: Mawile|Focus Punch|Focus Punch
|
|-heal|p2a: Sharknado|90\/334|[from] item: Leftovers
|turn|33
|
|-singleturn|p1a: Mawile|move: Focus Punch
|move|p2a: Sharknado|Roost|p2a: Sharknado
|-heal|p2a: Sharknado|257\/334
|move|p1a: Mawile|Focus Punch|p2a: Sharknado
|-crit|p2a: Sharknado
|-supereffective|p2a: Sharknado
|-damage|p2a: Sharknado|0 fnt
|faint|p2a: Sharknado
|
|
|switch|p2a: Lizardon|Charizard, M|240\/297
|-formechange|p2a: Lizardon|Charizard-Mega-X
|turn|34
|
|switch|p1a: Garchomp|Garchomp, M|336\/358
|move|p2a: Lizardon|Earthquake|p1a: Garchomp
|-damage|p1a: Garchomp|215\/358
|
|turn|35
|-message|Lizardons forfeited.
|
|win|Doublethink
|raw|Ladder updating...
|leave|Lizardons
|player|p2
|raw|Doublethink's rating: 1637 &rarr; <strong>1659<\/strong><br \/>(+22 for winning)
|raw|Lizardons's rating: 1674 &rarr; <strong>1652<\/strong><br \/>(-22 for losing)