|join|Lizardons
|join|SpDy Ginji
|player|p1|Lizardons|170
|player|p2|SpDy Ginji|1
|gametype|singles
|gen|6
|tier|OU
|rated
|clearpoke
|poke|p1|Blissey, F
|poke|p1|Gliscor, M
|poke|p1|Mandibuzz, F
|poke|p1|Skarmory, M
|poke|p1|Venusaur, M
|poke|p1|Heatran, M
|poke|p2|Deoxys-Defense
|poke|p2|Thundurus, M
|poke|p2|Keldeo
|poke|p2|Bisharp, M
|poke|p2|Pinsir, F
|poke|p2|Aegislash, M
|rule|Sleep Clause Mod: Limit one foe put to sleep
|rule|Species Clause: Limit one of each Pokemon
|rule|OHKO Clause: OHKO moves are banned
|rule|Moody Clause: Moody is banned
|rule|Evasion Moves Clause: Evasion moves are banned
|rule|Endless Battle Clause: Forcing endless battles is banned.
|rule|HP Percentage Mod: HP is reported as percentages
|teampreview
|
|start
|switch|p1a: Lavaman|Heatran, M|386\/386
|switch|p2a: Deoxys-Defense|Deoxys-Defense|304\/304
|-ability|p2a: Deoxys-Defense|Pressure
|turn|1
|
|move|p2a: Deoxys-Defense|Stealth Rock|p1a: Lavaman
|-sidestart|p1: Lizardons|move: Stealth Rock
|move|p1a: Lavaman|Lava Plume|p2a: Deoxys-Defense
|-damage|p2a: Deoxys-Defense|223\/304
|-enditem|p2a: Deoxys-Defense|Red Card|[of] p1a: Lavaman
|drag|p1a: FatTony|Blissey, F|714\/714
|-damage|p1a: FatTony|625\/714|[from] Stealth Rock
|
|-heal|p1a: FatTony|669\/714|[from] item: Leftovers
|turn|2
|
|move|p2a: Deoxys-Defense|Taunt|p1a: FatTony
|-start|p1a: FatTony|move: Taunt
|move|p1a: FatTony|Seismic Toss|p2a: Deoxys-Defense
|-damage|p2a: Deoxys-Defense|123\/304
|
|-heal|p1a: FatTony|713\/714|[from] item: Leftovers
|turn|3
|
|move|p2a: Deoxys-Defense|Spikes|p1a: FatTony
|-sidestart|p1: Lizardons|Spikes
|move|p1a: FatTony|Seismic Toss|p2a: Deoxys-Defense
|-damage|p2a: Deoxys-Defense|23\/304
|
|-heal|p1a: FatTony|714\/714|[from] item: Leftovers
|turn|4
|
|move|p2a: Deoxys-Defense|Spikes|p1a: FatTony
|-sidestart|p1: Lizardons|Spikes
|move|p1a: FatTony|Seismic Toss|p2a: Deoxys-Defense
|-damage|p2a: Deoxys-Defense|0 fnt
|faint|p2a: Deoxys-Defense
|
|-end|p1a: FatTony|move: Taunt
|
|switch|p2a: Keldeo|Keldeo|323\/323
|turn|5
|
|switch|p1a: FlowerPower|Venusaur, M|364\/364
|-damage|p1a: FlowerPower|319\/364|[from] Stealth Rock
|-damage|p1a: FlowerPower|259\/364|[from] Spikes
|move|p2a: Keldeo|Hidden Power|p1a: FlowerPower
|-supereffective|p1a: FlowerPower
|-damage|p1a: FlowerPower|37\/364
|
|turn|6
|
|switch|p2a: Thundurus|Thundurus, M|300\/300
|-formechange|p1a: FlowerPower|Venusaur-Mega
|message|Venusaur has Mega Evolved into Mega Venusaur!
|move|p1a: FlowerPower|Synthesis|p1a: FlowerPower
|-heal|p1a: FlowerPower|219\/364
|
|turn|7
|
|move|p2a: Thundurus|Taunt|p1a: FlowerPower
|-start|p1a: FlowerPower|move: Taunt
|cant|p1a: FlowerPower|move: Taunt|Leech Seed
|
|turn|8
|
|switch|p2a: Pinsir|Pinsir, F|272\/272
|-ability|p2a: Pinsir|Mold Breaker
|move|p1a: FlowerPower|Sludge Bomb|p2a: Pinsir
|-crit|p2a: Pinsir
|-damage|p2a: Pinsir|13\/272
|
|turn|9
|
|switch|p1a: Sharknado|Skarmory, M|334\/334
|-damage|p1a: Sharknado|293\/334|[from] Stealth Rock
|-formechange|p2a: Pinsir|Pinsir-Mega
|message|Pinsir has Mega Evolved into Mega Pinsir!
|move|p2a: Pinsir|Return|p1a: Sharknado
|-resisted|p1a: Sharknado
|-damage|p1a: Sharknado|218\/334
|
|-heal|p1a: Sharknado|238\/334|[from] item: Leftovers
|turn|10
|
|switch|p2a: Bisharp|Bisharp, M|272\/272
|move|p1a: Sharknado|Roost|p1a: Sharknado
|-heal|p1a: Sharknado|334\/334
|
|turn|11
|
|move|p2a: Bisharp|Swords Dance|p2a: Bisharp
|-boost|p2a: Bisharp|atk|2
|move|p1a: Sharknado|Taunt|p2a: Bisharp
|-start|p2a: Bisharp|move: Taunt
|
|turn|12
|
|move|p2a: Bisharp|Knock Off|p1a: Sharknado
|-damage|p1a: Sharknado|141\/334
|-enditem|p1a: Sharknado|Leftovers|[from] move: Knock Off|[of] p2a: Bisharp
|move|p1a: Sharknado|Brave Bird|p2a: Bisharp
|-resisted|p2a: Bisharp
|-damage|p2a: Bisharp|209\/272
|-damage|p1a: Sharknado|120\/334|[from] recoil|[of] p2a: Bisharp
|
|turn|13
|
|move|p2a: Bisharp|Sucker Punch|p1a: Sharknado
|-fail|p1a: Sharknado
|move|p1a: Sharknado|Roost|p1a: Sharknado
|-heal|p1a: Sharknado|287\/334
|
|turn|14
|
|move|p2a: Bisharp|Knock Off|p1a: Sharknado
|-damage|p1a: Sharknado|146\/334
|move|p1a: Sharknado|Brave Bird|p2a: Bisharp
|-resisted|p2a: Bisharp
|-damage|p2a: Bisharp|154\/272
|-damage|p1a: Sharknado|128\/334|[from] recoil|[of] p2a: Bisharp
|
|-end|p2a: Bisharp|move: Taunt
|turn|15
|
|move|p2a: Bisharp|Swords Dance|p2a: Bisharp
|-boost|p2a: Bisharp|atk|2
|move|p1a: Sharknado|Brave Bird|p2a: Bisharp
|-resisted|p2a: Bisharp
|-damage|p2a: Bisharp|100\/272
|-damage|p1a: Sharknado|110\/334|[from] recoil|[of] p2a: Bisharp
|
|turn|16
|
|move|p2a: Bisharp|Knock Off|p1a: Sharknado
|-damage|p1a: Sharknado|0 fnt
|faint|p1a: Sharknado
|
|
|switch|p1a: DuckDodgers|Mandibuzz, F|424\/424
|-damage|p1a: DuckDodgers|318\/424|[from] Stealth Rock
|turn|17
|
|move|p2a: Bisharp|Iron Head|p1a: DuckDodgers
|-damage|p1a: DuckDodgers|50\/424
|move|p1a: DuckDodgers|Foul Play|p2a: Bisharp
|-resisted|p2a: Bisharp
|-damage|p2a: Bisharp|0 fnt
|faint|p2a: Bisharp
|
|-heal|p1a: DuckDodgers|76\/424|[from] item: Leftovers
|
|switch|p2a: Keldeo|Keldeo|323\/323
|turn|18
|
|move|p2a: Keldeo|Secret Sword|p1a: DuckDodgers
|-damage|p1a: DuckDodgers|0 fnt
|faint|p1a: DuckDodgers
|
|
|switch|p1a: BatMan|Gliscor, M|352\/352
|-damage|p1a: BatMan|308\/352|[from] Stealth Rock
|turn|19
|
|switch|p2a: Thundurus|Thundurus, M|300\/300
|move|p1a: BatMan|Toxic|p2a: Thundurus
|-status|p2a: Thundurus|tox
|
|-damage|p2a: Thundurus|282\/300 tox|[from] psn
|-status|p1a: BatMan|tox|[from] item: Toxic Orb
|turn|20
|
|move|p1a: BatMan|Protect|p1a: BatMan
|-singleturn|p1a: BatMan|Protect
|move|p2a: Thundurus|Taunt|p1a: BatMan
|-activate|p1a: BatMan|Protect
|
|-damage|p2a: Thundurus|246\/300 tox|[from] psn
|-heal|p1a: BatMan|352\/352 tox|[from] ability: Poison Heal
|turn|21
|
|switch|p1a: FatTony|Blissey, F|714\/714
|-damage|p1a: FatTony|625\/714|[from] Stealth Rock
|-damage|p1a: FatTony|506\/714|[from] Spikes
|move|p2a: Thundurus|Taunt|p1a: FatTony
|-start|p1a: FatTony|move: Taunt
|
|-heal|p1a: FatTony|550\/714|[from] item: Leftovers
|-damage|p2a: Thundurus|192\/300 tox|[from] psn
|turn|22
|
|switch|p2a: Keldeo|Keldeo|323\/323
|switch|p1a: Lavaman|Heatran, M|386\/386
|-damage|p1a: Lavaman|338\/386|[from] Stealth Rock
|-damage|p1a: Lavaman|274\/386|[from] Spikes
|
|-heal|p1a: Lavaman|298\/386|[from] item: Leftovers
|turn|23
|
|move|p2a: Keldeo|Secret Sword|p1a: Lavaman
|-supereffective|p1a: Lavaman
|-damage|p1a: Lavaman|0 fnt
|faint|p1a: Lavaman
|
|
|switch|p1a: FlowerPower|Venusaur, M|219\/364
|-formechange|p1a: FlowerPower|Venusaur-Mega
|-damage|p1a: FlowerPower|159\/364|[from] Spikes
|-damage|p1a: FlowerPower|114\/364|[from] Stealth Rock
|turn|24
|
|switch|p2a: Aegislash|Aegislash, M|303\/303
|move|p1a: FlowerPower|Synthesis|p1a: FlowerPower
|-heal|p1a: FlowerPower|296\/364
|
|turn|25
|
|move|p1a: FlowerPower|Leech Seed|p2a: Aegislash
|-start|p2a: Aegislash|move: Leech Seed
|-formechange|p2a: Aegislash|Aegislash-Blade
|move|p2a: Aegislash|Shadow Ball|p1a: FlowerPower
|-damage|p1a: FlowerPower|158\/364
|
|-damage|p2a: Aegislash|266\/303|[from] Leech Seed|[of] p1a: FlowerPower
|-heal|p1a: FlowerPower|195\/364|[silent]
|turn|26
|
|move|p1a: FlowerPower|Giga Drain|p2a: Aegislash
|-resisted|p2a: Aegislash
|-damage|p2a: Aegislash|176\/303
|-heal|p1a: FlowerPower|240\/364|[from] drain|[of] p2a: Aegislash
|move|p2a: Aegislash|Shadow Ball|p1a: FlowerPower
|-damage|p1a: FlowerPower|86\/364
|-unboost|p1a: FlowerPower|spd|1
|
|-damage|p2a: Aegislash|139\/303|[from] Leech Seed|[of] p1a: FlowerPower
|-heal|p1a: FlowerPower|123\/364|[silent]
|turn|27
|
|move|p1a: FlowerPower|Synthesis|p1a: FlowerPower
|-heal|p1a: FlowerPower|305\/364
|move|p2a: Aegislash|Shadow Ball|p1a: FlowerPower
|-damage|p1a: FlowerPower|103\/364
|
|-damage|p2a: Aegislash|102\/303|[from] Leech Seed|[of] p1a: FlowerPower
|-heal|p1a: FlowerPower|140\/364|[silent]
|turn|28
|
|move|p1a: FlowerPower|Synthesis|p1a: FlowerPower
|-heal|p1a: FlowerPower|322\/364
|move|p2a: Aegislash|Shadow Ball|p1a: FlowerPower
|-damage|p1a: FlowerPower|100\/364
|-unboost|p1a: FlowerPower|spd|1
|
|-damage|p2a: Aegislash|65\/303|[from] Leech Seed|[of] p1a: FlowerPower
|-heal|p1a: FlowerPower|137\/364|[silent]
|turn|29
|
|move|p1a: FlowerPower|Giga Drain|p2a: Aegislash
|-resisted|p2a: Aegislash
|-damage|p2a: Aegislash|0 fnt
|-heal|p1a: FlowerPower|170\/364|[from] drain|[of] p2a: Aegislash
|faint|p2a: Aegislash
|
|
|switch|p2a: Pinsir|Pinsir, F|13\/272
|-formechange|p2a: Pinsir|Pinsir-Mega
|turn|30
|
|move|p2a: Pinsir|Return|p1a: FlowerPower
|-supereffective|p1a: FlowerPower
|-damage|p1a: FlowerPower|0 fnt
|faint|p1a: FlowerPower
|
|
|switch|p1a: BatMan|Gliscor, M|352\/352 tox
|-damage|p1a: BatMan|308\/352 tox|[from] Stealth Rock
|turn|31
|
|switch|p2a: Thundurus|Thundurus, M|192\/300 tox
|move|p1a: BatMan|Taunt|p2a: Thundurus
|-start|p2a: Thundurus|move: Taunt
|
|-damage|p2a: Thundurus|174\/300 tox|[from] psn
|-heal|p1a: BatMan|352\/352 tox|[from] ability: Poison Heal
|turn|32
|
|switch|p2a: Keldeo|Keldeo|323\/323
|switch|p1a: FatTony|Blissey, F|550\/714
|-damage|p1a: FatTony|461\/714|[from] Stealth Rock
|-damage|p1a: FatTony|342\/714|[from] Spikes
|
|-heal|p1a: FatTony|386\/714|[from] item: Leftovers
|turn|33
|
|move|p1a: FatTony|Protect|p1a: FatTony
|-singleturn|p1a: FatTony|Protect
|move|p2a: Keldeo|Secret Sword|p1a: FatTony
|-activate|p1a: FatTony|Protect
|
|-heal|p1a: FatTony|430\/714|[from] item: Leftovers
|turn|34
|
|switch|p1a: BatMan|Gliscor, M|352\/352 tox
|-damage|p1a: BatMan|308\/352 tox|[from] Stealth Rock
|move|p2a: Keldeo|Secret Sword|p1a: BatMan
|-resisted|p1a: BatMan
|-damage|p1a: BatMan|241\/352 tox
|
|-heal|p1a: BatMan|285\/352 tox|[from] ability: Poison Heal
|turn|35
|
|switch|p2a: Pinsir|Pinsir, F|13\/272
|-formechange|p2a: Pinsir|Pinsir-Mega
|move|p1a: BatMan|Taunt|p2a: Pinsir
|-start|p2a: Pinsir|move: Taunt
|
|-heal|p1a: BatMan|329\/352 tox|[from] ability: Poison Heal
|turn|36
|
|move|p2a: Pinsir|Return|p1a: BatMan
|-damage|p1a: BatMan|164\/352 tox
|move|p1a: BatMan|Toxic|p2a: Pinsir
|-status|p2a: Pinsir|tox
|
|-damage|p2a: Pinsir|0 fnt|[from] psn
|-heal|p1a: BatMan|208\/352 tox|[from] ability: Poison Heal
|faint|p2a: Pinsir
|
|switch|p2a: Keldeo|Keldeo|323\/323
|turn|37
|
|move|p1a: BatMan|Protect|p1a: BatMan
|-singleturn|p1a: BatMan|Protect
|move|p2a: Keldeo|Scald|p1a: BatMan
|-activate|p1a: BatMan|Protect
|
|-heal|p1a: BatMan|252\/352 tox|[from] ability: Poison Heal
|turn|38
|
|switch|p1a: FatTony|Blissey, F|430\/714
|-damage|p1a: FatTony|311\/714|[from] Spikes
|-damage|p1a: FatTony|222\/714|[from] Stealth Rock
|move|p2a: Keldeo|Scald|p1a: FatTony
|-damage|p1a: FatTony|69\/714
|-status|p1a: FatTony|brn
|
|-heal|p1a: FatTony|113\/714 brn|[from] item: Leftovers
|-damage|p1a: FatTony|24\/714 brn|[from] brn
|turn|39
|chat|Lizardons|gg
|
|move|p2a: Keldeo|Scald|p1a: FatTony
|-crit|p1a: FatTony
|-damage|p1a: FatTony|0 fnt
|faint|p1a: FatTony
|
|chat|SpDy Ginji|gg
|
|switch|p1a: BatMan|Gliscor, M|252\/352 tox
|-damage|p1a: BatMan|208\/352 tox|[from] Stealth Rock
|turn|40
|
|move|p2a: Keldeo|Scald|p1a: BatMan
|-supereffective|p1a: BatMan
|-damage|p1a: BatMan|0 fnt
|faint|p1a: BatMan
|
|win|SpDy Ginji
|raw|Ladder updating...
|raw|Lizardons's rating: 1914 &rarr; <strong>1890<\/strong><br \/>(-24 for losing)
|raw|SpDy Ginji's rating: 1847 &rarr; <strong>1871<\/strong><br \/>(+24 for winning)
|leave|Lizardons
|player|p1