|join|Lord Groundhog
|join|Lizardons
|player|p1|Lord Groundhog|165
|player|p2|Lizardons|163
|gametype|singles
|gen|6
|tier|OU
|rated
|clearpoke
|poke|p1|Dugtrio, F
|poke|p1|Mawile, F
|poke|p1|Celebi
|poke|p1|Gengar, F
|poke|p1|Conkeldurr, M
|poke|p1|Zapdos
|poke|p2|Charizard, M
|poke|p2|Amoonguss, M
|poke|p2|Blissey, F
|poke|p2|Zapdos
|poke|p2|Slowbro, M
|poke|p2|Gliscor, M
|rule|Swagger Clause: Swagger is banned
|rule|Baton Pass Clause: Limit one PokÃ©mon knowing Baton Pass
|rule|Sleep Clause Mod: Limit one foe put to sleep
|rule|Species Clause: Limit one of each PokÃ©mon
|rule|OHKO Clause: OHKO moves are banned
|rule|Moody Clause: Moody is banned
|rule|Evasion Moves Clause: Evasion moves are banned
|rule|Endless Battle Clause: Forcing endless battles is banned
|rule|HP Percentage Mod: HP is reported as percentages
|teampreview
|join|Pippolozzo
|
|start
|switch|p1a: Ogre|Conkeldurr, M|414\/414
|switch|p2a: Batman|Gliscor, M|354\/354
|turn|1
|
|move|p2a: Batman|Protect|p2a: Batman
|-singleturn|p2a: Batman|Protect
|move|p1a: Ogre|Ice Punch|p2a: Batman
|-activate|p2a: Batman|Protect
|
|-status|p2a: Batman|tox|[from] item: Toxic Orb
|turn|2
|
|switch|p2a: Wayno|Slowbro, M|394\/394
|move|p1a: Ogre|Ice Punch|p2a: Wayno
|-resisted|p2a: Wayno
|-damage|p2a: Wayno|362\/394
|
|-heal|p2a: Wayno|386\/394|[from] item: Leftovers
|turn|3
|
|switch|p1a: Tinkerbell|Celebi|396\/396
|move|p2a: Wayno|Toxic|p1a: Tinkerbell
|-status|p1a: Tinkerbell|tox
|
|-heal|p2a: Wayno|394\/394|[from] item: Leftovers
|-damage|p1a: Tinkerbell|372\/396 tox|[from] psn
|turn|4
|
|switch|p2a: Zues|Zapdos|384\/384
|-ability|p2a: Zues|Pressure
|move|p1a: Tinkerbell|Giga Drain|p2a: Zues
|-resisted|p2a: Zues
|-damage|p2a: Zues|317\/384
|-heal|p1a: Tinkerbell|396\/396 tox|[from] drain|[of] p2a: Zues
|
|-heal|p2a: Zues|341\/384|[from] item: Leftovers
|-damage|p1a: Tinkerbell|348\/396 tox|[from] psn
|turn|5
|
|switch|p1a: Ogre|Conkeldurr, M|414\/414
|move|p2a: Zues|Heat Wave|p1a: Ogre
|-miss|p2a: Zues|p1a: Ogre
|
|-heal|p2a: Zues|365\/384|[from] item: Leftovers
|turn|6
|
|move|p2a: Zues|Volt Switch|p1a: Ogre
|-damage|p1a: Ogre|312\/414
|
|switch|p2a: Wayno|Slowbro, M|394\/394
|move|p1a: Ogre|Thunder Punch|p2a: Wayno
|-supereffective|p2a: Wayno
|-damage|p2a: Wayno|246\/394
|
|-heal|p2a: Wayno|270\/394|[from] item: Leftovers
|turn|7
|
|switch|p1a: Tinkerbell|Celebi|348\/396
|move|p2a: Wayno|Toxic|p1a: Tinkerbell|[miss]
|-miss|p2a: Wayno|p1a: Tinkerbell
|
|-heal|p1a: Tinkerbell|372\/396|[from] item: Leftovers
|-heal|p2a: Wayno|294\/394|[from] item: Leftovers
|turn|8
|
|switch|p2a: Zues|Zapdos|365\/384
|-ability|p2a: Zues|Pressure
|move|p1a: Tinkerbell|Giga Drain|p2a: Zues
|-resisted|p2a: Zues
|-damage|p2a: Zues|303\/384
|-heal|p1a: Tinkerbell|396\/396|[from] drain|[of] p2a: Zues
|
|-heal|p2a: Zues|327\/384|[from] item: Leftovers
|turn|9
|
|move|p1a: Tinkerbell|Psychic|p2a: Zues
|-damage|p2a: Zues|159\/384
|move|p2a: Zues|Heat Wave|p1a: Tinkerbell
|-supereffective|p1a: Tinkerbell
|-damage|p1a: Tinkerbell|210\/396
|
|-heal|p1a: Tinkerbell|234\/396|[from] item: Leftovers
|-heal|p2a: Zues|183\/384|[from] item: Leftovers
|turn|10
|
|move|p1a: Tinkerbell|Psychic|p2a: Zues
|-damage|p2a: Zues|35\/384
|move|p2a: Zues|Roost|p2a: Zues
|-heal|p2a: Zues|227\/384
|
|-heal|p1a: Tinkerbell|258\/396|[from] item: Leftovers
|-heal|p2a: Zues|251\/384|[from] item: Leftovers
|turn|11
|
|move|p1a: Tinkerbell|Calm Mind|p1a: Tinkerbell
|-boost|p1a: Tinkerbell|spa|1
|-boost|p1a: Tinkerbell|spd|1
|move|p2a: Zues|Roost|p2a: Zues
|-heal|p2a: Zues|384\/384
|
|-heal|p1a: Tinkerbell|282\/396|[from] item: Leftovers
|turn|12
|
|switch|p2a: FatTony|Blissey, F|714\/714
|move|p1a: Tinkerbell|Psychic|p2a: FatTony
|-damage|p2a: FatTony|549\/714
|-unboost|p2a: FatTony|spd|1
|
|-heal|p1a: Tinkerbell|306\/396|[from] item: Leftovers
|-heal|p2a: FatTony|593\/714|[from] item: Leftovers
|turn|13
|
|move|p1a: Tinkerbell|Calm Mind|p1a: Tinkerbell
|-boost|p1a: Tinkerbell|spa|1
|-boost|p1a: Tinkerbell|spd|1
|move|p2a: FatTony|Toxic|p1a: Tinkerbell
|-status|p1a: Tinkerbell|tox
|
|-heal|p1a: Tinkerbell|330\/396 tox|[from] item: Leftovers
|-heal|p2a: FatTony|637\/714|[from] item: Leftovers
|-damage|p1a: Tinkerbell|306\/396 tox|[from] psn
|turn|14
|
|move|p1a: Tinkerbell|Giga Drain|p2a: FatTony
|-damage|p2a: FatTony|336\/714
|-heal|p1a: Tinkerbell|396\/396 tox|[from] drain|[of] p2a: FatTony
|move|p2a: FatTony|Seismic Toss|p1a: Tinkerbell
|-damage|p1a: Tinkerbell|296\/396 tox
|
|-heal|p1a: Tinkerbell|320\/396 tox|[from] item: Leftovers
|-heal|p2a: FatTony|380\/714|[from] item: Leftovers
|-damage|p1a: Tinkerbell|272\/396 tox|[from] psn
|turn|15
|
|move|p2a: FatTony|Protect|p2a: FatTony
|-singleturn|p2a: FatTony|Protect
|move|p1a: Tinkerbell|Psychic|p2a: FatTony
|-activate|p2a: FatTony|Protect
|
|-heal|p1a: Tinkerbell|296\/396 tox|[from] item: Leftovers
|-heal|p2a: FatTony|424\/714|[from] item: Leftovers
|-damage|p1a: Tinkerbell|224\/396 tox|[from] psn
|turn|16
|
|switch|p1a: Crowley|Gengar, F|262\/262
|move|p2a: FatTony|Wish|p2a: FatTony
|
|-heal|p2a: FatTony|468\/714|[from] item: Leftovers
|turn|17
|
|move|p2a: FatTony|Protect|p2a: FatTony
|-singleturn|p2a: FatTony|Protect
|move|p1a: Crowley|Substitute|p1a: Crowley
|-start|p1a: Crowley|Substitute
|-damage|p1a: Crowley|197\/262
|
|-heal|p2a: FatTony|714\/714|[from] move: Wish|[wisher] FatTony
|-heal|p1a: Crowley|213\/262|[from] item: Black Sludge
|turn|18
|
|switch|p2a: Teemo|Amoonguss, M|432\/432
|move|p1a: Crowley|Sludge Wave|p2a: Teemo
|-damage|p2a: Teemo|303\/432
|
|-heal|p1a: Crowley|229\/262|[from] item: Black Sludge
|-heal|p2a: Teemo|330\/432|[from] item: Black Sludge
|turn|19
|
|switch|p2a: FatTony|Blissey, F|714\/714
|move|p1a: Crowley|Will-O-Wisp|p2a: FatTony
|-status|p2a: FatTony|brn
|
|-heal|p1a: Crowley|245\/262|[from] item: Black Sludge
|-damage|p2a: FatTony|625\/714 brn|[from] brn
|turn|20
|
|switch|p2a: Teemo|Amoonguss, M|432\/432
|move|p1a: Crowley|Sludge Wave|p2a: Teemo
|-damage|p2a: Teemo|297\/432
|
|-heal|p1a: Crowley|261\/262|[from] item: Black Sludge
|-heal|p2a: Teemo|324\/432|[from] item: Black Sludge
|turn|21
|
|switch|p1a: Thunderbird|Zapdos|384\/384
|-ability|p1a: Thunderbird|Pressure
|switch|p2a: FatTony|Blissey, F|625\/714
|
|-heal|p2a: FatTony|669\/714|[from] item: Leftovers
|turn|22
|
|move|p1a: Thunderbird|Volt Switch|p2a: FatTony
|-damage|p2a: FatTony|597\/714
|
|switch|p1a: Groundhog Day|Dugtrio, F|212\/212
|move|p2a: FatTony|Seismic Toss|p1a: Groundhog Day
|-damage|p1a: Groundhog Day|112\/212
|
|-heal|p2a: FatTony|641\/714|[from] item: Leftovers
|turn|23
|
|move|p1a: Groundhog Day|Stealth Rock|p2a: FatTony
|-sidestart|p2: Lizardons|move: Stealth Rock
|move|p2a: FatTony|Wish|p2a: FatTony
|
|-heal|p2a: FatTony|685\/714|[from] item: Leftovers
|turn|24
|
|move|p1a: Groundhog Day|Earthquake|p2a: FatTony
|-damage|p2a: FatTony|463\/714
|move|p2a: FatTony|Toxic|p1a: Groundhog Day
|-status|p1a: Groundhog Day|tox
|
|-heal|p2a: FatTony|714\/714|[from] move: Wish|[wisher] FatTony
|-damage|p1a: Groundhog Day|99\/212 tox|[from] psn
|turn|25
|
|move|p1a: Groundhog Day|Reversal|p2a: FatTony
|-supereffective|p2a: FatTony
|-damage|p2a: FatTony|598\/714
|move|p2a: FatTony|Seismic Toss|p1a: Groundhog Day
|-damage|p1a: Groundhog Day|0 fnt
|faint|p1a: Groundhog Day
|
|-heal|p2a: FatTony|642\/714|[from] item: Leftovers
|
|switch|p1a: Cottonmouth|Mawile, F|304\/304
|-ability|p1a: Cottonmouth|Intimidate|[of] p2a: FatTony
|-unboost|p2a: FatTony|atk|1
|turn|26
|
|switch|p2a: Batman|Gliscor, M|354\/354 tox
|-damage|p2a: Batman|310\/354 tox|[from] Stealth Rock
|detailschange|p1a: Cottonmouth|Mawile-Mega, F
|message|Mawile has Mega Evolved into Mega Mawile!
|move|p1a: Cottonmouth|Play Rough|p2a: Batman
|-damage|p2a: Batman|127\/354 tox
|
|-heal|p2a: Batman|171\/354 tox|[from] ability: Poison Heal
|turn|27
|
|move|p2a: Batman|Protect|p2a: Batman
|-singleturn|p2a: Batman|Protect
|move|p1a: Cottonmouth|Play Rough|p2a: Batman
|-activate|p2a: Batman|Protect
|
|-heal|p2a: Batman|215\/354 tox|[from] ability: Poison Heal
|turn|28
|
|move|p2a: Batman|Earthquake|p1a: Cottonmouth
|-supereffective|p1a: Cottonmouth
|-damage|p1a: Cottonmouth|104\/304
|move|p1a: Cottonmouth|Play Rough|p2a: Batman
|-damage|p2a: Batman|16\/354 tox
|
|-heal|p2a: Batman|60\/354 tox|[from] ability: Poison Heal
|turn|29
|
|move|p2a: Batman|Protect|p2a: Batman
|-singleturn|p2a: Batman|Protect
|move|p1a: Cottonmouth|Sucker Punch|p2a: Batman
|-fail|p2a: Batman
|
|-heal|p2a: Batman|104\/354 tox|[from] ability: Poison Heal
|turn|30
|
|switch|p2a: Teemo|Amoonguss, M|432\/432
|-damage|p2a: Teemo|378\/432|[from] Stealth Rock
|move|p1a: Cottonmouth|Sucker Punch|p2a: Teemo
|-fail|p2a: Teemo
|
|-heal|p2a: Teemo|405\/432|[from] item: Black Sludge
|turn|31
|
|move|p1a: Cottonmouth|Fire Fang|p2a: Teemo
|-crit|p2a: Teemo
|-supereffective|p2a: Teemo
|-damage|p2a: Teemo|0 fnt
|faint|p2a: Teemo
|
|
|switch|p2a: Wayno|Slowbro, M|394\/394
|-damage|p2a: Wayno|345\/394|[from] Stealth Rock
|turn|32
|
|switch|p1a: Tinkerbell|Celebi|224\/396
|move|p2a: Wayno|Scald|p1a: Tinkerbell
|-resisted|p1a: Tinkerbell
|-damage|p1a: Tinkerbell|181\/396
|
|-heal|p1a: Tinkerbell|205\/396|[from] item: Leftovers
|-heal|p2a: Wayno|369\/394|[from] item: Leftovers
|turn|33
|
|switch|p2a: Zues|Zapdos|384\/384
|-damage|p2a: Zues|288\/384|[from] Stealth Rock
|-ability|p2a: Zues|Pressure
|move|p1a: Tinkerbell|Giga Drain|p2a: Zues
|-resisted|p2a: Zues
|-damage|p2a: Zues|217\/384
|-heal|p1a: Tinkerbell|241\/396|[from] drain|[of] p2a: Zues
|
|-heal|p1a: Tinkerbell|265\/396|[from] item: Leftovers
|-heal|p2a: Zues|241\/384|[from] item: Leftovers
|turn|34
|
|move|p1a: Tinkerbell|Psychic|p2a: Zues
|-damage|p2a: Zues|93\/384
|move|p2a: Zues|Defog|p1a: Tinkerbell
|-unboost|p1a: Tinkerbell|evasion|1
|-sideend|p2: Lizardons|Stealth Rock|[from] move: Defog|[of] p2a: Zues
|
|-heal|p1a: Tinkerbell|289\/396|[from] item: Leftovers
|-heal|p2a: Zues|117\/384|[from] item: Leftovers
|turn|35
|
|switch|p2a: FatTony|Blissey, F|642\/714
|move|p1a: Tinkerbell|Psychic|p2a: FatTony
|-damage|p2a: FatTony|525\/714
|
|-heal|p1a: Tinkerbell|313\/396|[from] item: Leftovers
|-heal|p2a: FatTony|569\/714|[from] item: Leftovers
|turn|36
|
|switch|p1a: Crowley|Gengar, F|261\/262
|move|p2a: FatTony|Seismic Toss|p1a: Crowley
|-immune|p1a: Crowley|[msg]
|
|-heal|p1a: Crowley|262\/262|[from] item: Black Sludge
|-heal|p2a: FatTony|613\/714|[from] item: Leftovers
|turn|37
|
|switch|p2a: Batman|Gliscor, M|104\/354 tox
|move|p1a: Crowley|Substitute|p1a: Crowley
|-start|p1a: Crowley|Substitute
|-damage|p1a: Crowley|197\/262
|
|-heal|p1a: Crowley|213\/262|[from] item: Black Sludge
|-heal|p2a: Batman|148\/354 tox|[from] ability: Poison Heal
|turn|38
|
|move|p2a: Batman|Protect|p2a: Batman
|-singleturn|p2a: Batman|Protect
|move|p1a: Crowley|Shadow Ball|p2a: Batman
|-activate|p2a: Batman|Protect
|
|-heal|p1a: Crowley|229\/262|[from] item: Black Sludge
|-heal|p2a: Batman|192\/354 tox|[from] ability: Poison Heal
|turn|39
|
|switch|p2a: FatTony|Blissey, F|613\/714
|move|p1a: Crowley|Sludge Wave|p2a: FatTony
|-damage|p2a: FatTony|484\/714
|
|-heal|p1a: Crowley|245\/262|[from] item: Black Sludge
|-heal|p2a: FatTony|528\/714|[from] item: Leftovers
|turn|40
|
|move|p2a: FatTony|Protect|p2a: FatTony
|-singleturn|p2a: FatTony|Protect
|move|p1a: Crowley|Shadow Ball|p2a: FatTony
|-immune|p2a: FatTony|[msg]
|
|-heal|p1a: Crowley|261\/262|[from] item: Black Sludge
|-heal|p2a: FatTony|572\/714|[from] item: Leftovers
|turn|41
|
|move|p1a: Crowley|Sludge Wave|p2a: FatTony
|-damage|p2a: FatTony|445\/714
|move|p2a: FatTony|Wish|p2a: FatTony
|
|-heal|p1a: Crowley|262\/262|[from] item: Black Sludge
|-heal|p2a: FatTony|489\/714|[from] item: Leftovers
|turn|42
|
|move|p2a: FatTony|Protect|p2a: FatTony
|-singleturn|p2a: FatTony|Protect
|move|p1a: Crowley|Sludge Wave|p2a: FatTony
|-activate|p2a: FatTony|Protect
|
|-heal|p2a: FatTony|714\/714|[from] move: Wish|[wisher] FatTony
|turn|43
|
|move|p1a: Crowley|Will-O-Wisp|p2a: FatTony
|-status|p2a: FatTony|brn
|move|p2a: FatTony|Wish|p2a: FatTony
|
|-damage|p2a: FatTony|625\/714 brn|[from] brn
|turn|44
|
|switch|p2a: Batman|Gliscor, M|192\/354 tox
|move|p1a: Crowley|Sludge Wave|p2a: Batman
|-resisted|p2a: Batman
|-damage|p2a: Batman|78\/354 tox
|
|-heal|p2a: Batman|354\/354 tox|[from] move: Wish|[wisher] FatTony
|turn|45
|
|switch|p2a: FatTony|Blissey, F|625\/714
|move|p1a: Crowley|Shadow Ball|p2a: FatTony
|-immune|p2a: FatTony|[msg]
|
|-heal|p2a: FatTony|669\/714|[from] item: Leftovers
|turn|46
|
|switch|p1a: Ogre|Conkeldurr, M|312\/414
|move|p2a: FatTony|Protect|p2a: FatTony
|-fail|p2a: FatTony
|
|-heal|p2a: FatTony|713\/714|[from] item: Leftovers
|turn|47
|
|switch|p2a: Wayno|Slowbro, M|394\/394
|move|p1a: Ogre|Drain Punch|p2a: Wayno
|-crit|p2a: Wayno
|-resisted|p2a: Wayno
|-damage|p2a: Wayno|313\/394
|-heal|p1a: Ogre|353\/414|[from] drain|[of] p2a: Wayno
|
|-heal|p2a: Wayno|337\/394|[from] item: Leftovers
|turn|48
|
|switch|p1a: Tinkerbell|Celebi|313\/396
|move|p2a: Wayno|Scald|p1a: Tinkerbell
|-resisted|p1a: Tinkerbell
|-damage|p1a: Tinkerbell|265\/396
|-status|p1a: Tinkerbell|brn
|
|-heal|p1a: Tinkerbell|289\/396 brn|[from] item: Leftovers
|-heal|p2a: Wayno|361\/394|[from] item: Leftovers
|-damage|p1a: Tinkerbell|240\/396 brn|[from] brn
|turn|49
|
|switch|p2a: Lizardon|Charizard, M|297\/297
|move|p1a: Tinkerbell|Giga Drain|p2a: Lizardon
|-resisted|p2a: Lizardon
|-damage|p2a: Lizardon|262\/297
|-heal|p1a: Tinkerbell|258\/396 brn|[from] drain|[of] p2a: Lizardon
|
|-heal|p1a: Tinkerbell|282\/396 brn|[from] item: Leftovers
|-damage|p1a: Tinkerbell|233\/396 brn|[from] brn
|turn|50
|
|switch|p1a: Thunderbird|Zapdos|384\/384
|-ability|p1a: Thunderbird|Pressure
|detailschange|p2a: Lizardon|Charizard-Mega-X, M
|message|Charizard has Mega Evolved into Mega Charizard!
|move|p2a: Lizardon|Flare Blitz|p1a: Thunderbird
|-damage|p1a: Thunderbird|155\/384
|-status|p1a: Thunderbird|brn
|-damage|p2a: Lizardon|186\/297|[from] recoil|[of] p1a: Thunderbird
|
|-heal|p1a: Thunderbird|179\/384 brn|[from] item: Leftovers
|-damage|p1a: Thunderbird|131\/384 brn|[from] brn
|turn|51
|
|move|p2a: Lizardon|Dragon Claw|p1a: Thunderbird
|-damage|p1a: Thunderbird|0 fnt
|faint|p1a: Thunderbird
|
|
|switch|p1a: Ogre|Conkeldurr, M|353\/414
|turn|52
|
|move|p2a: Lizardon|Roost|p2a: Lizardon
|-heal|p2a: Lizardon|297\/297
|move|p1a: Ogre|Drain Punch|p2a: Lizardon
|-crit|p2a: Lizardon
|-damage|p2a: Lizardon|95\/297
|-heal|p1a: Ogre|414\/414|[from] drain|[of] p2a: Lizardon
|
|turn|53
|
|move|p2a: Lizardon|Roost|p2a: Lizardon
|-heal|p2a: Lizardon|244\/297
|move|p1a: Ogre|Drain Punch|p2a: Lizardon
|-damage|p2a: Lizardon|94\/297
|
|turn|54
|
|switch|p2a: Wayno|Slowbro, M|394\/394
|move|p1a: Ogre|Drain Punch|p2a: Wayno
|-resisted|p2a: Wayno
|-damage|p2a: Wayno|343\/394
|
|-heal|p2a: Wayno|367\/394|[from] item: Leftovers
|turn|55
|
|switch|p2a: Lizardon|Charizard-Mega-X, M|94\/297
|move|p1a: Ogre|Thunder Punch|p2a: Lizardon
|-resisted|p2a: Lizardon
|-damage|p2a: Lizardon|49\/297
|-status|p2a: Lizardon|par
|
|turn|56
|
|switch|p2a: Wayno|Slowbro, M|394\/394
|move|p1a: Ogre|Mach Punch|p2a: Wayno
|-resisted|p2a: Wayno
|-damage|p2a: Wayno|367\/394
|
|-heal|p2a: Wayno|391\/394|[from] item: Leftovers
|turn|57
|
|move|p1a: Ogre|Thunder Punch|p2a: Wayno
|-supereffective|p2a: Wayno
|-damage|p2a: Wayno|247\/394
|move|p2a: Wayno|Toxic|p1a: Ogre|[miss]
|-miss|p2a: Wayno|p1a: Ogre
|
|-heal|p2a: Wayno|271\/394|[from] item: Leftovers
|turn|58
|
|move|p1a: Ogre|Thunder Punch|p2a: Wayno
|-supereffective|p2a: Wayno
|-damage|p2a: Wayno|131\/394
|move|p2a: Wayno|Toxic|p1a: Ogre
|-status|p1a: Ogre|tox
|
|-heal|p2a: Wayno|155\/394|[from] item: Leftovers
|-damage|p1a: Ogre|389\/414 tox|[from] psn
|turn|59
|
|switch|p2a: Lizardon|Charizard-Mega-X, M|49\/297 par
|move|p1a: Ogre|Thunder Punch|p2a: Lizardon
|-resisted|p2a: Lizardon
|-damage|p2a: Lizardon|0 fnt
|faint|p2a: Lizardon
|
|-damage|p1a: Ogre|339\/414 tox|[from] psn
|
|switch|p2a: Wayno|Slowbro, M|286\/394
|turn|60
|
|move|p1a: Ogre|Thunder Punch|p2a: Wayno
|-supereffective|p2a: Wayno
|-damage|p2a: Wayno|84\/394
|move|p2a: Wayno|Slack Off|p2a: Wayno
|-heal|p2a: Wayno|281\/394
|
|-heal|p2a: Wayno|305\/394|[from] item: Leftovers
|-damage|p1a: Ogre|264\/414 tox|[from] psn
|turn|61
|
|switch|p1a: Tinkerbell|Celebi|233\/396
|move|p2a: Wayno|Slack Off|p2a: Wayno
|-heal|p2a: Wayno|394\/394
|
|-heal|p1a: Tinkerbell|257\/396|[from] item: Leftovers
|turn|62
|
|switch|p2a: FatTony|Blissey, F|713\/714
|move|p1a: Tinkerbell|Giga Drain|p2a: FatTony
|-damage|p2a: FatTony|623\/714
|-heal|p1a: Tinkerbell|302\/396|[from] drain|[of] p2a: FatTony
|
|-heal|p1a: Tinkerbell|326\/396|[from] item: Leftovers
|-heal|p2a: FatTony|667\/714|[from] item: Leftovers
|turn|63
|
|move|p1a: Tinkerbell|Calm Mind|p1a: Tinkerbell
|-boost|p1a: Tinkerbell|spa|1
|-boost|p1a: Tinkerbell|spd|1
|move|p2a: FatTony|Seismic Toss|p1a: Tinkerbell
|-damage|p1a: Tinkerbell|226\/396
|
|-heal|p1a: Tinkerbell|250\/396|[from] item: Leftovers
|-heal|p2a: FatTony|711\/714|[from] item: Leftovers
|turn|64
|
|move|p1a: Tinkerbell|Giga Drain|p2a: FatTony
|-damage|p2a: FatTony|563\/714
|-heal|p1a: Tinkerbell|324\/396|[from] drain|[of] p2a: FatTony
|move|p2a: FatTony|Toxic|p1a: Tinkerbell
|-status|p1a: Tinkerbell|tox
|
|-heal|p1a: Tinkerbell|348\/396 tox|[from] item: Leftovers
|-heal|p2a: FatTony|607\/714|[from] item: Leftovers
|-damage|p1a: Tinkerbell|324\/396 tox|[from] psn
|turn|65
|
|switch|p1a: Crowley|Gengar, F|262\/262
|move|p2a: FatTony|Seismic Toss|p1a: Crowley
|-immune|p1a: Crowley|[msg]
|
|-heal|p2a: FatTony|651\/714|[from] item: Leftovers
|turn|66
|
|move|p2a: FatTony|Protect|p2a: FatTony
|-singleturn|p2a: FatTony|Protect
|move|p1a: Crowley|Substitute|p1a: Crowley
|-start|p1a: Crowley|Substitute
|-damage|p1a: Crowley|197\/262
|
|-heal|p1a: Crowley|213\/262|[from] item: Black Sludge
|-heal|p2a: FatTony|695\/714|[from] item: Leftovers
|turn|67
|
|switch|p2a: Batman|Gliscor, M|354\/354 tox
|move|p1a: Crowley|Shadow Ball|p2a: Batman
|-damage|p2a: Batman|186\/354 tox
|
|-heal|p1a: Crowley|229\/262|[from] item: Black Sludge
|-heal|p2a: Batman|230\/354 tox|[from] ability: Poison Heal
|turn|68
|
|move|p2a: Batman|Protect|p2a: Batman
|-singleturn|p2a: Batman|Protect
|move|p1a: Crowley|Shadow Ball|p2a: Batman
|-activate|p2a: Batman|Protect
|
|-heal|p1a: Crowley|245\/262|[from] item: Black Sludge
|-heal|p2a: Batman|274\/354 tox|[from] ability: Poison Heal
|turn|69
|
|switch|p1a: Cottonmouth|Mawile-Mega, F|104\/304
|move|p2a: Batman|Protect|p2a: Batman
|-fail|p2a: Batman
|
|-heal|p2a: Batman|318\/354 tox|[from] ability: Poison Heal
|turn|70
|
|switch|p1a: Crowley|Gengar, F|245\/262
|move|p2a: Batman|Earthquake|p1a: Crowley
|-immune|p1a: Crowley|[msg]
|
|-heal|p1a: Crowley|261\/262|[from] item: Black Sludge
|-heal|p2a: Batman|354\/354 tox|[from] ability: Poison Heal
|turn|71
|
|move|p1a: Crowley|Substitute|p1a: Crowley
|-start|p1a: Crowley|Substitute
|-damage|p1a: Crowley|196\/262
|move|p2a: Batman|Taunt|p1a: Crowley
|-start|p1a: Crowley|move: Taunt
|
|-heal|p1a: Crowley|212\/262|[from] item: Black Sludge
|turn|72
|
|switch|p2a: FatTony|Blissey, F|695\/714
|move|p1a: Crowley|Sludge Wave|p2a: FatTony
|-damage|p2a: FatTony|563\/714
|
|-heal|p1a: Crowley|228\/262|[from] item: Black Sludge
|-heal|p2a: FatTony|607\/714|[from] item: Leftovers
|turn|73
|
|move|p1a: Crowley|Sludge Wave|p2a: FatTony
|-damage|p2a: FatTony|474\/714
|move|p2a: FatTony|Seismic Toss|p1a: Crowley
|-immune|p1a: Crowley|[msg]
|
|-heal|p1a: Crowley|244\/262|[from] item: Black Sludge
|-heal|p2a: FatTony|518\/714|[from] item: Leftovers
|turn|74
|
|move|p1a: Crowley|Sludge Wave|p2a: FatTony
|-damage|p2a: FatTony|376\/714
|move|p2a: FatTony|Wish|p2a: FatTony
|
|-heal|p1a: Crowley|260\/262|[from] item: Black Sludge
|-heal|p2a: FatTony|420\/714|[from] item: Leftovers
|-end|p1a: Crowley|move: Taunt
|turn|75
|
|move|p1a: Crowley|Sludge Wave|p2a: FatTony
|-damage|p2a: FatTony|297\/714
|move|p2a: FatTony|Seismic Toss|p1a: Crowley
|-immune|p1a: Crowley|[msg]
|
|-heal|p2a: FatTony|654\/714|[from] move: Wish|[wisher] FatTony
|-heal|p1a: Crowley|262\/262|[from] item: Black Sludge
|-heal|p2a: FatTony|698\/714|[from] item: Leftovers
|turn|76
|
|move|p2a: FatTony|Protect|p2a: FatTony
|-singleturn|p2a: FatTony|Protect
|move|p1a: Crowley|Shadow Ball|p2a: FatTony
|-immune|p2a: FatTony|[msg]
|
|-heal|p2a: FatTony|714\/714|[from] item: Leftovers
|turn|77
|
|switch|p2a: Batman|Gliscor, M|354\/354 tox
|move|p1a: Crowley|Shadow Ball|p2a: Batman
|-damage|p2a: Batman|188\/354 tox
|
|-heal|p2a: Batman|232\/354 tox|[from] ability: Poison Heal
|turn|78
|
|switch|p1a: Tinkerbell|Celebi|324\/396
|move|p2a: Batman|Protect|p2a: Batman
|-fail|p2a: Batman
|
|-heal|p1a: Tinkerbell|348\/396|[from] item: Leftovers
|-heal|p2a: Batman|276\/354 tox|[from] ability: Poison Heal
|turn|79
|
|move|p2a: Batman|Protect|p2a: Batman
|-singleturn|p2a: Batman|Protect
|move|p1a: Tinkerbell|Giga Drain|p2a: Batman
|-activate|p2a: Batman|Protect
|
|-heal|p1a: Tinkerbell|372\/396|[from] item: Leftovers
|-heal|p2a: Batman|320\/354 tox|[from] ability: Poison Heal
|turn|80
|
|switch|p2a: FatTony|Blissey, F|714\/714
|move|p1a: Tinkerbell|Psychic|p2a: FatTony
|-damage|p2a: FatTony|602\/714
|
|-heal|p1a: Tinkerbell|396\/396|[from] item: Leftovers
|-heal|p2a: FatTony|646\/714|[from] item: Leftovers
|turn|81
|
|move|p1a: Tinkerbell|Calm Mind|p1a: Tinkerbell
|-boost|p1a: Tinkerbell|spa|1
|-boost|p1a: Tinkerbell|spd|1
|move|p2a: FatTony|Seismic Toss|p1a: Tinkerbell
|-damage|p1a: Tinkerbell|296\/396
|
|-heal|p1a: Tinkerbell|320\/396|[from] item: Leftovers
|-heal|p2a: FatTony|690\/714|[from] item: Leftovers
|turn|82
|
|switch|p1a: Cottonmouth|Mawile-Mega, F|104\/304
|move|p2a: FatTony|Seismic Toss|p1a: Cottonmouth
|-damage|p1a: Cottonmouth|4\/304
|
|-heal|p2a: FatTony|714\/714|[from] item: Leftovers
|turn|83
|
|switch|p2a: Batman|Gliscor, M|320\/354 tox
|move|p1a: Cottonmouth|Play Rough|p2a: Batman
|-damage|p2a: Batman|140\/354 tox
|
|-heal|p2a: Batman|184\/354 tox|[from] ability: Poison Heal
|turn|84
|
|switch|p1a: Crowley|Gengar, F|262\/262
|move|p2a: Batman|Earthquake|p1a: Crowley
|-immune|p1a: Crowley|[msg]
|
|-heal|p2a: Batman|228\/354 tox|[from] ability: Poison Heal
|turn|85
|
|switch|p1a: Tinkerbell|Celebi|320\/396
|move|p2a: Batman|Protect|p2a: Batman
|-fail|p2a: Batman
|
|-heal|p1a: Tinkerbell|344\/396|[from] item: Leftovers
|-heal|p2a: Batman|272\/354 tox|[from] ability: Poison Heal
|turn|86
|
|move|p2a: Batman|Protect|p2a: Batman
|-singleturn|p2a: Batman|Protect
|move|p1a: Tinkerbell|Calm Mind|p1a: Tinkerbell
|-boost|p1a: Tinkerbell|spa|1
|-boost|p1a: Tinkerbell|spd|1
|
|-heal|p1a: Tinkerbell|368\/396|[from] item: Leftovers
|-heal|p2a: Batman|316\/354 tox|[from] ability: Poison Heal
|turn|87
|
|switch|p2a: FatTony|Blissey, F|714\/714
|move|p1a: Tinkerbell|Calm Mind|p1a: Tinkerbell
|-boost|p1a: Tinkerbell|spa|1
|-boost|p1a: Tinkerbell|spd|1
|
|-heal|p1a: Tinkerbell|392\/396|[from] item: Leftovers
|turn|88
|
|move|p1a: Tinkerbell|Psychic|p2a: FatTony
|-damage|p2a: FatTony|495\/714
|move|p2a: FatTony|Toxic|p1a: Tinkerbell
|-status|p1a: Tinkerbell|tox
|
|-heal|p1a: Tinkerbell|396\/396 tox|[from] item: Leftovers
|-heal|p2a: FatTony|539\/714|[from] item: Leftovers
|-damage|p1a: Tinkerbell|372\/396 tox|[from] psn
|turn|89
|
|move|p1a: Tinkerbell|Psychic|p2a: FatTony
|-damage|p2a: FatTony|305\/714
|move|p2a: FatTony|Seismic Toss|p1a: Tinkerbell
|-damage|p1a: Tinkerbell|272\/396 tox
|
|-heal|p1a: Tinkerbell|296\/396 tox|[from] item: Leftovers
|-heal|p2a: FatTony|349\/714|[from] item: Leftovers
|-damage|p1a: Tinkerbell|248\/396 tox|[from] psn
|turn|90
|
|switch|p1a: Cottonmouth|Mawile-Mega, F|4\/304
|move|p2a: FatTony|Wish|p2a: FatTony
|
|-heal|p2a: FatTony|393\/714|[from] item: Leftovers
|turn|91
|
|switch|p2a: Wayno|Slowbro, M|394\/394
|move|p1a: Cottonmouth|Play Rough|p2a: Wayno
|-damage|p2a: Wayno|193\/394
|
|-heal|p2a: Wayno|394\/394|[from] move: Wish|[wisher] FatTony
|turn|92
|
|switch|p1a: Tinkerbell|Celebi|248\/396
|move|p2a: Wayno|Ice Beam|p1a: Tinkerbell
|-supereffective|p1a: Tinkerbell
|-damage|p1a: Tinkerbell|116\/396
|
|-heal|p1a: Tinkerbell|140\/396|[from] item: Leftovers
|turn|93
|
|switch|p2a: FatTony|Blissey, F|393\/714
|move|p1a: Tinkerbell|Giga Drain|p2a: FatTony
|-damage|p2a: FatTony|290\/714
|-heal|p1a: Tinkerbell|192\/396|[from] drain|[of] p2a: FatTony
|
|-heal|p1a: Tinkerbell|216\/396|[from] item: Leftovers
|-heal|p2a: FatTony|334\/714|[from] item: Leftovers
|turn|94
|
|move|p1a: Tinkerbell|Calm Mind|p1a: Tinkerbell
|-boost|p1a: Tinkerbell|spa|1
|-boost|p1a: Tinkerbell|spd|1
|move|p2a: FatTony|Wish|p2a: FatTony
|
|-heal|p1a: Tinkerbell|240\/396|[from] item: Leftovers
|-heal|p2a: FatTony|378\/714|[from] item: Leftovers
|turn|95
|
|move|p1a: Tinkerbell|Calm Mind|p1a: Tinkerbell
|-boost|p1a: Tinkerbell|spa|1
|-boost|p1a: Tinkerbell|spd|1
|move|p2a: FatTony|Toxic|p1a: Tinkerbell
|-status|p1a: Tinkerbell|tox
|
|-heal|p2a: FatTony|714\/714|[from] move: Wish|[wisher] FatTony
|-heal|p1a: Tinkerbell|264\/396 tox|[from] item: Leftovers
|-damage|p1a: Tinkerbell|240\/396 tox|[from] psn
|turn|96
|
|switch|p1a: Crowley|Gengar, F|262\/262
|move|p2a: FatTony|Seismic Toss|p1a: Crowley
|-immune|p1a: Crowley|[msg]
|
|turn|97
|
|switch|p2a: Batman|Gliscor, M|316\/354 tox
|move|p1a: Crowley|Will-O-Wisp|p2a: Batman
|-fail|p2a: Batman
|
|-heal|p2a: Batman|354\/354 tox|[from] ability: Poison Heal
|turn|98
|
|switch|p2a: FatTony|Blissey, F|714\/714
|move|p1a: Crowley|Shadow Ball|p2a: FatTony
|-immune|p2a: FatTony|[msg]
|
|turn|99
|
|move|p1a: Crowley|Will-O-Wisp|p2a: FatTony
|-status|p2a: FatTony|brn
|move|p2a: FatTony|Seismic Toss|p1a: Crowley
|-immune|p1a: Crowley|[msg]
|
|-damage|p2a: FatTony|625\/714 brn|[from] brn
|turn|100
|
|move|p1a: Crowley|Shadow Ball|p2a: FatTony
|-immune|p2a: FatTony|[msg]
|move|p2a: FatTony|Seismic Toss|p1a: Crowley
|-immune|p1a: Crowley|[msg]
|
|-heal|p2a: FatTony|669\/714 brn|[from] item: Leftovers
|-damage|p2a: FatTony|580\/714 brn|[from] brn
|turn|101
|
|switch|p2a: Batman|Gliscor, M|354\/354 tox
|move|p1a: Crowley|Shadow Ball|p2a: Batman
|-damage|p2a: Batman|188\/354 tox
|
|-heal|p2a: Batman|232\/354 tox|[from] ability: Poison Heal
|turn|102
|
|move|p2a: Batman|Protect|p2a: Batman
|-singleturn|p2a: Batman|Protect
|move|p1a: Crowley|Substitute|p1a: Crowley
|-start|p1a: Crowley|Substitute
|-damage|p1a: Crowley|197\/262
|
|-heal|p1a: Crowley|213\/262|[from] item: Black Sludge
|-heal|p2a: Batman|276\/354 tox|[from] ability: Poison Heal
|turn|103
|
|switch|p2a: FatTony|Blissey, F|580\/714
|move|p1a: Crowley|Sludge Wave|p2a: FatTony
|-damage|p2a: FatTony|451\/714
|
|-heal|p1a: Crowley|229\/262|[from] item: Black Sludge
|-heal|p2a: FatTony|495\/714|[from] item: Leftovers
|turn|104
|
|move|p2a: FatTony|Protect|p2a: FatTony
|-singleturn|p2a: FatTony|Protect
|move|p1a: Crowley|Will-O-Wisp|p2a: FatTony
|-activate|p2a: FatTony|Protect
|
|-heal|p1a: Crowley|245\/262|[from] item: Black Sludge
|-heal|p2a: FatTony|539\/714|[from] item: Leftovers
|turn|105
|
|move|p1a: Crowley|Shadow Ball|p2a: FatTony
|-immune|p2a: FatTony|[msg]
|move|p2a: FatTony|Wish|p2a: FatTony
|
|-heal|p1a: Crowley|261\/262|[from] item: Black Sludge
|-heal|p2a: FatTony|583\/714|[from] item: Leftovers
|turn|106
|
|switch|p2a: Batman|Gliscor, M|276\/354 tox
|move|p1a: Crowley|Shadow Ball|p2a: Batman
|-damage|p2a: Batman|101\/354 tox
|
|-heal|p2a: Batman|354\/354 tox|[from] move: Wish|[wisher] FatTony
|-heal|p1a: Crowley|262\/262|[from] item: Black Sludge
|turn|107
|
|switch|p1a: Cottonmouth|Mawile-Mega, F|4\/304
|move|p2a: Batman|Protect|p2a: Batman
|-fail|p2a: Batman
|
|turn|108
|
|switch|p1a: Crowley|Gengar, F|262\/262
|move|p2a: Batman|Earthquake|p1a: Crowley
|-immune|p1a: Crowley|[msg]
|
|turn|109
|
|switch|p1a: Tinkerbell|Celebi|240\/396
|move|p2a: Batman|Taunt|p1a: Tinkerbell
|-start|p1a: Tinkerbell|move: Taunt
|
|-heal|p1a: Tinkerbell|264\/396|[from] item: Leftovers
|turn|110
|
|switch|p1a: Crowley|Gengar, F|262\/262
|move|p2a: Batman|Toxic|p1a: Crowley
|-fail|p1a: Crowley
|
|turn|111
|
|switch|p2a: FatTony|Blissey, F|583\/714
|move|p1a: Crowley|Shadow Ball|p2a: FatTony
|-immune|p2a: FatTony|[msg]
|
|-heal|p2a: FatTony|627\/714|[from] item: Leftovers
|turn|112
|
|move|p1a: Crowley|Will-O-Wisp|p2a: FatTony
|-status|p2a: FatTony|brn
|move|p2a: FatTony|Seismic Toss|p1a: Crowley
|-immune|p1a: Crowley|[msg]
|
|-heal|p2a: FatTony|671\/714 brn|[from] item: Leftovers
|-damage|p2a: FatTony|582\/714 brn|[from] brn
|turn|113
|
|switch|p1a: Tinkerbell|Celebi|264\/396
|move|p2a: FatTony|Seismic Toss|p1a: Tinkerbell
|-damage|p1a: Tinkerbell|164\/396
|
|-heal|p1a: Tinkerbell|188\/396|[from] item: Leftovers
|-heal|p2a: FatTony|626\/714 brn|[from] item: Leftovers
|-damage|p2a: FatTony|537\/714 brn|[from] brn
|turn|114
|
|switch|p1a: Crowley|Gengar, F|262\/262
|move|p2a: FatTony|Seismic Toss|p1a: Crowley
|-immune|p1a: Crowley|[msg]
|
|-heal|p2a: FatTony|581\/714 brn|[from] item: Leftovers
|-damage|p2a: FatTony|492\/714 brn|[from] brn
|turn|115
|
|move|p1a: Crowley|Shadow Ball|p2a: FatTony
|-immune|p2a: FatTony|[msg]
|move|p2a: FatTony|Wish|p2a: FatTony
|
|-heal|p2a: FatTony|536\/714 brn|[from] item: Leftovers
|-damage|p2a: FatTony|447\/714 brn|[from] brn
|turn|116
|
|move|p1a: Crowley|Shadow Ball|p2a: FatTony
|-immune|p2a: FatTony|[msg]
|move|p2a: FatTony|Seismic Toss|p1a: Crowley
|-immune|p1a: Crowley|[msg]
|
|-heal|p2a: FatTony|714\/714 brn|[from] move: Wish|[wisher] FatTony
|-damage|p2a: FatTony|625\/714 brn|[from] brn
|turn|117
|
|switch|p1a: Ogre|Conkeldurr, M|264\/414 tox
|switch|p2a: Batman|Gliscor, M|354\/354 tox
|
|-damage|p1a: Ogre|239\/414 tox|[from] psn
|turn|118
|
|switch|p2a: Wayno|Slowbro, M|394\/394
|move|p1a: Ogre|Ice Punch|p2a: Wayno
|-resisted|p2a: Wayno
|-damage|p2a: Wayno|337\/394
|
|-heal|p2a: Wayno|361\/394|[from] item: Leftovers
|-damage|p1a: Ogre|189\/414 tox|[from] psn
|turn|119
|
|move|p1a: Ogre|Thunder Punch|p2a: Wayno
|-supereffective|p2a: Wayno
|-damage|p2a: Wayno|143\/394
|move|p2a: Wayno|Ice Beam|p1a: Ogre
|-damage|p1a: Ogre|120\/414 tox
|
|-heal|p2a: Wayno|167\/394|[from] item: Leftovers
|-damage|p1a: Ogre|45\/414 tox|[from] psn
|turn|120
|
|switch|p2a: Zues|Zapdos|117\/384
|-ability|p2a: Zues|Pressure
|move|p1a: Ogre|Thunder Punch|p2a: Zues
|-damage|p2a: Zues|0 fnt
|faint|p2a: Zues
|
|-damage|p1a: Ogre|0 fnt|[from] psn
|faint|p1a: Ogre
|
|switch|p1a: Crowley|Gengar, F|262\/262
|switch|p2a: Wayno|Slowbro, M|298\/394
|turn|121
|
|switch|p2a: FatTony|Blissey, F|625\/714
|move|p1a: Crowley|Shadow Ball|p2a: FatTony
|-immune|p2a: FatTony|[msg]
|
|-heal|p2a: FatTony|669\/714|[from] item: Leftovers
|turn|122
|
|switch|p2a: Batman|Gliscor, M|354\/354 tox
|move|p1a: Crowley|Will-O-Wisp|p2a: Batman
|-fail|p2a: Batman
|
|turn|123
|
|switch|p1a: Tinkerbell|Celebi|188\/396
|switch|p2a: FatTony|Blissey, F|669\/714
|
|-heal|p1a: Tinkerbell|212\/396|[from] item: Leftovers
|-heal|p2a: FatTony|713\/714|[from] item: Leftovers
|turn|124
|
|switch|p1a: Crowley|Gengar, F|262\/262
|move|p2a: FatTony|Seismic Toss|p1a: Crowley
|-immune|p1a: Crowley|[msg]
|
|-heal|p2a: FatTony|714\/714|[from] item: Leftovers
|turn|125
|
|move|p2a: FatTony|Protect|p2a: FatTony
|-singleturn|p2a: FatTony|Protect
|move|p1a: Crowley|Will-O-Wisp|p2a: FatTony
|-activate|p2a: FatTony|Protect
|
|turn|126
|
|switch|p2a: Batman|Gliscor, M|354\/354 tox
|move|p1a: Crowley|Will-O-Wisp|p2a: Batman
|-fail|p2a: Batman
|
|turn|127
|
|switch|p1a: Tinkerbell|Celebi|212\/396
|switch|p2a: FatTony|Blissey, F|714\/714
|
|-heal|p1a: Tinkerbell|236\/396|[from] item: Leftovers
|turn|128
|
|switch|p1a: Crowley|Gengar, F|262\/262
|move|p2a: FatTony|Seismic Toss|p1a: Crowley
|-immune|p1a: Crowley|[msg]
|
|turn|129
|
|switch|p1a: Tinkerbell|Celebi|236\/396
|switch|p2a: Batman|Gliscor, M|354\/354 tox
|
|-heal|p1a: Tinkerbell|260\/396|[from] item: Leftovers
|turn|130
|
|switch|p1a: Crowley|Gengar, F|262\/262
|switch|p2a: FatTony|Blissey, F|714\/714
|
|turn|131
|
|move|p1a: Crowley|Will-O-Wisp|p2a: FatTony|[miss]
|-miss|p1a: Crowley|p2a: FatTony
|move|p2a: FatTony|Seismic Toss|p1a: Crowley
|-immune|p1a: Crowley|[msg]
|
|turn|132
|
|switch|p1a: Tinkerbell|Celebi|260\/396
|switch|p2a: Batman|Gliscor, M|354\/354 tox
|
|-heal|p1a: Tinkerbell|284\/396|[from] item: Leftovers
|turn|133
|chat|Lizardons|this is such a sad battle lol
|chat|Lord Groundhog|true
|chat|Lizardons|neither of us can do anything ll
|chat|Lizardons|lol
|chat|Lord Groundhog|but if I don't switch I run out of pp and die
|
|switch|p1a: Crowley|Gengar, F|262\/262
|switch|p2a: FatTony|Blissey, F|714\/714
|
|turn|134
|
|switch|p2a: Batman|Gliscor, M|354\/354 tox
|move|p1a: Crowley|Will-O-Wisp|p2a: Batman
|-fail|p2a: Batman
|
|turn|135
|
|move|p1a: Crowley|Substitute|p1a: Crowley
|-start|p1a: Crowley|Substitute
|-damage|p1a: Crowley|197\/262
|move|p2a: Batman|Taunt|p1a: Crowley
|-start|p1a: Crowley|move: Taunt
|
|-heal|p1a: Crowley|213\/262|[from] item: Black Sludge
|turn|136
|
|switch|p1a: Tinkerbell|Celebi|284\/396
|switch|p2a: FatTony|Blissey, F|714\/714
|
|-heal|p1a: Tinkerbell|308\/396|[from] item: Leftovers
|turn|137
|
|switch|p1a: Crowley|Gengar, F|213\/262
|switch|p2a: Wayno|Slowbro, M|394\/394
|
|-heal|p1a: Crowley|229\/262|[from] item: Black Sludge
|turn|138
|
|move|p1a: Crowley|Shadow Ball|p2a: Wayno
|-supereffective|p2a: Wayno
|-damage|p2a: Wayno|62\/394
|move|p2a: Wayno|Scald|p1a: Crowley
|-damage|p1a: Crowley|115\/262
|
|-heal|p1a: Crowley|131\/262|[from] item: Black Sludge
|-heal|p2a: Wayno|86\/394|[from] item: Leftovers
|turn|139
|chat|Lizardons|noooo
|chat|Lord Groundhog|I thought shadow ball ko for sure
|chat|Lizardons|i prayed to the burn gods lol
|
|switch|p2a: FatTony|Blissey, F|714\/714
|move|p1a: Crowley|Sludge Wave|p2a: FatTony
|-damage|p2a: FatTony|576\/714
|
|-heal|p1a: Crowley|147\/262|[from] item: Black Sludge
|-heal|p2a: FatTony|620\/714|[from] item: Leftovers
|turn|140
|
|switch|p1a: Tinkerbell|Celebi|308\/396
|switch|p2a: Batman|Gliscor, M|354\/354 tox
|
|-heal|p1a: Tinkerbell|332\/396|[from] item: Leftovers
|turn|141
|
|move|p1a: Tinkerbell|Calm Mind|p1a: Tinkerbell
|-boost|p1a: Tinkerbell|spa|1
|-boost|p1a: Tinkerbell|spd|1
|move|p2a: Batman|Taunt|p1a: Tinkerbell
|-start|p1a: Tinkerbell|move: Taunt
|
|-heal|p1a: Tinkerbell|356\/396|[from] item: Leftovers
|turn|142
|
|switch|p1a: Crowley|Gengar, F|147\/262
|switch|p2a: FatTony|Blissey, F|620\/714
|
|-heal|p1a: Crowley|163\/262|[from] item: Black Sludge
|-heal|p2a: FatTony|664\/714|[from] item: Leftovers
|turn|143
|
|switch|p1a: Tinkerbell|Celebi|356\/396
|switch|p2a: Batman|Gliscor, M|354\/354 tox
|
|-heal|p1a: Tinkerbell|380\/396|[from] item: Leftovers
|turn|144
|
|switch|p2a: FatTony|Blissey, F|664\/714
|move|p1a: Tinkerbell|Calm Mind|p1a: Tinkerbell
|-boost|p1a: Tinkerbell|spa|1
|-boost|p1a: Tinkerbell|spd|1
|
|-heal|p1a: Tinkerbell|396\/396|[from] item: Leftovers
|-heal|p2a: FatTony|708\/714|[from] item: Leftovers
|turn|145
|
|move|p1a: Tinkerbell|Earth Power|p2a: FatTony
|-damage|p2a: FatTony|592\/714
|move|p2a: FatTony|Toxic|p1a: Tinkerbell|[miss]
|-miss|p2a: FatTony|p1a: Tinkerbell
|
|-heal|p2a: FatTony|636\/714|[from] item: Leftovers
|turn|146
|
|move|p1a: Tinkerbell|Earth Power|p2a: FatTony
|-damage|p2a: FatTony|517\/714
|move|p2a: FatTony|Toxic|p1a: Tinkerbell
|-status|p1a: Tinkerbell|tox
|
|-heal|p2a: FatTony|561\/714|[from] item: Leftovers
|-damage|p1a: Tinkerbell|372\/396 tox|[from] psn
|turn|147
|
|switch|p1a: Crowley|Gengar, F|163\/262
|move|p2a: FatTony|Seismic Toss|p1a: Crowley
|-immune|p1a: Crowley|[msg]
|
|-heal|p1a: Crowley|179\/262|[from] item: Black Sludge
|-heal|p2a: FatTony|605\/714|[from] item: Leftovers
|turn|148
|
|switch|p1a: Tinkerbell|Celebi|372\/396
|move|p2a: FatTony|Protect|p2a: FatTony
|-fail|p2a: FatTony
|
|-heal|p1a: Tinkerbell|396\/396|[from] item: Leftovers
|-heal|p2a: FatTony|649\/714|[from] item: Leftovers
|turn|149
|
|switch|p1a: Crowley|Gengar, F|179\/262
|switch|p2a: Wayno|Slowbro, M|217\/394
|
|-heal|p1a: Crowley|195\/262|[from] item: Black Sludge
|-heal|p2a: Wayno|241\/394|[from] item: Leftovers
|turn|150
|
|switch|p2a: FatTony|Blissey, F|649\/714
|move|p1a: Crowley|Shadow Ball|p2a: FatTony
|-immune|p2a: FatTony|[msg]
|
|-heal|p1a: Crowley|211\/262|[from] item: Black Sludge
|-heal|p2a: FatTony|693\/714|[from] item: Leftovers
|turn|151
|join|thepoooopgod
|chat|thepoooopgod|hi
|chat|thepoooopgod|am i late
|chat|Lizardons|hi xD
|chat|thepoooopgod|so sad
|chat|Lizardons|this game is driving me mad lol
|chat|thepoooopgod|xD
|chat|thepoooopgod|BE
|chat|Lizardons|but i have nothing else to do
|chat|thepoooopgod|BYE
|leave|thepoooopgod
|
|switch|p1a: Tinkerbell|Celebi|396\/396
|switch|p2a: Batman|Gliscor, M|354\/354 tox
|
|turn|152
|
|switch|p2a: FatTony|Blissey, F|693\/714
|move|p1a: Tinkerbell|Calm Mind|p1a: Tinkerbell
|-boost|p1a: Tinkerbell|spa|1
|-boost|p1a: Tinkerbell|spd|1
|
|-heal|p2a: FatTony|714\/714|[from] item: Leftovers
|turn|153
|
|switch|p1a: Crowley|Gengar, F|211\/262
|move|p2a: FatTony|Seismic Toss|p1a: Crowley
|-immune|p1a: Crowley|[msg]
|
|-heal|p1a: Crowley|227\/262|[from] item: Black Sludge
|turn|154
|
|switch|p1a: Tinkerbell|Celebi|396\/396
|switch|p2a: Batman|Gliscor, M|354\/354 tox
|
|turn|155
|
|switch|p2a: FatTony|Blissey, F|714\/714
|move|p1a: Tinkerbell|Calm Mind|p1a: Tinkerbell
|-boost|p1a: Tinkerbell|spa|1
|-boost|p1a: Tinkerbell|spd|1
|
|turn|156
|
|move|p1a: Tinkerbell|Earth Power|p2a: FatTony
|-damage|p2a: FatTony|610\/714
|move|p2a: FatTony|Toxic|p1a: Tinkerbell|[miss]
|-miss|p2a: FatTony|p1a: Tinkerbell
|
|-heal|p2a: FatTony|654\/714|[from] item: Leftovers
|turn|157
|
|move|p1a: Tinkerbell|Earth Power|p2a: FatTony
|-damage|p2a: FatTony|543\/714
|move|p2a: FatTony|Toxic|p1a: Tinkerbell
|-status|p1a: Tinkerbell|tox
|
|-heal|p2a: FatTony|587\/714|[from] item: Leftovers
|-damage|p1a: Tinkerbell|372\/396 tox|[from] psn
|turn|158
|
|switch|p1a: Crowley|Gengar, F|227\/262
|switch|p2a: Wayno|Slowbro, M|372\/394
|
|-heal|p1a: Crowley|243\/262|[from] item: Black Sludge
|-heal|p2a: Wayno|394\/394|[from] item: Leftovers
|turn|159
|
|switch|p1a: Tinkerbell|Celebi|372\/396
|move|p2a: Wayno|Scald|p1a: Tinkerbell
|-resisted|p1a: Tinkerbell
|-damage|p1a: Tinkerbell|326\/396
|
|-heal|p1a: Tinkerbell|350\/396|[from] item: Leftovers
|turn|160
|
|move|p1a: Tinkerbell|Earth Power|p2a: Wayno
|-damage|p2a: Wayno|271\/394
|move|p2a: Wayno|Toxic|p1a: Tinkerbell
|-status|p1a: Tinkerbell|tox
|
|-heal|p1a: Tinkerbell|374\/396 tox|[from] item: Leftovers
|-heal|p2a: Wayno|295\/394|[from] item: Leftovers
|-damage|p1a: Tinkerbell|350\/396 tox|[from] psn
|turn|161
|
|switch|p2a: FatTony|Blissey, F|587\/714
|move|p1a: Tinkerbell|Giga Drain|p2a: FatTony
|-damage|p2a: FatTony|497\/714
|-heal|p1a: Tinkerbell|395\/396 tox|[from] drain|[of] p2a: FatTony
|
|-heal|p1a: Tinkerbell|396\/396 tox|[from] item: Leftovers
|-heal|p2a: FatTony|541\/714|[from] item: Leftovers
|-damage|p1a: Tinkerbell|348\/396 tox|[from] psn
|turn|162
|
|switch|p1a: Crowley|Gengar, F|243\/262
|move|p2a: FatTony|Seismic Toss|p1a: Crowley
|-immune|p1a: Crowley|[msg]
|
|-heal|p1a: Crowley|259\/262|[from] item: Black Sludge
|-heal|p2a: FatTony|585\/714|[from] item: Leftovers
|turn|163
|
|switch|p2a: Wayno|Slowbro, M|394\/394
|move|p1a: Crowley|Will-O-Wisp|p2a: Wayno
|-status|p2a: Wayno|brn
|
|-heal|p1a: Crowley|262\/262|[from] item: Black Sludge
|-damage|p2a: Wayno|345\/394 brn|[from] brn
|turn|164
|
|switch|p1a: Tinkerbell|Celebi|348\/396
|move|p2a: Wayno|Scald|p1a: Tinkerbell
|-resisted|p1a: Tinkerbell
|-damage|p1a: Tinkerbell|297\/396
|
|-heal|p1a: Tinkerbell|321\/396|[from] item: Leftovers
|-heal|p2a: Wayno|369\/394 brn|[from] item: Leftovers
|-damage|p2a: Wayno|320\/394 brn|[from] brn
|turn|165
|
|switch|p2a: FatTony|Blissey, F|585\/714
|move|p1a: Tinkerbell|Earth Power|p2a: FatTony
|-damage|p2a: FatTony|503\/714
|
|-heal|p1a: Tinkerbell|345\/396|[from] item: Leftovers
|-heal|p2a: FatTony|547\/714|[from] item: Leftovers
|turn|166
|
|switch|p1a: Crowley|Gengar, F|262\/262
|move|p2a: FatTony|Wish|p2a: FatTony
|
|-heal|p2a: FatTony|591\/714|[from] item: Leftovers
|turn|167
|
|switch|p1a: Tinkerbell|Celebi|345\/396
|move|p2a: FatTony|Seismic Toss|p1a: Tinkerbell
|-damage|p1a: Tinkerbell|245\/396
|
|-heal|p2a: FatTony|714\/714|[from] move: Wish|[wisher] FatTony
|-heal|p1a: Tinkerbell|269\/396|[from] item: Leftovers
|turn|168
|chat|Lord Groundhog|that the last one
|
|switch|p1a: Crowley|Gengar, F|262\/262
|switch|p2a: Batman|Gliscor, M|354\/354 tox
|
|turn|169
|
|switch|p1a: Tinkerbell|Celebi|269\/396
|move|p2a: Batman|Taunt|p1a: Tinkerbell
|-start|p1a: Tinkerbell|move: Taunt
|
|-heal|p1a: Tinkerbell|293\/396|[from] item: Leftovers
|turn|170
|
|switch|p1a: Crowley|Gengar, F|262\/262
|switch|p2a: FatTony|Blissey, F|714\/714
|
|turn|171
|
|switch|p1a: Tinkerbell|Celebi|293\/396
|switch|p2a: Batman|Gliscor, M|354\/354 tox
|
|-heal|p1a: Tinkerbell|317\/396|[from] item: Leftovers
|turn|172
|
|switch|p1a: Crowley|Gengar, F|262\/262
|move|p2a: Batman|Taunt|p1a: Crowley
|-start|p1a: Crowley|move: Taunt
|
|turn|173
|
|switch|p1a: Tinkerbell|Celebi|317\/396
|switch|p2a: Wayno|Slowbro, M|394\/394 brn
|
|-heal|p1a: Tinkerbell|341\/396|[from] item: Leftovers
|-damage|p2a: Wayno|345\/394 brn|[from] brn
|turn|174
|
|switch|p2a: Batman|Gliscor, M|354\/354 tox
|move|p1a: Tinkerbell|Earth Power|p2a: Batman
|-immune|p2a: Batman|[msg]
|
|-heal|p1a: Tinkerbell|365\/396|[from] item: Leftovers
|turn|175
|
|switch|p1a: Crowley|Gengar, F|262\/262
|move|p2a: Batman|Taunt|p1a: Crowley
|-start|p1a: Crowley|move: Taunt
|
|turn|176
|
|switch|p1a: Tinkerbell|Celebi|365\/396
|switch|p2a: Wayno|Slowbro, M|394\/394 brn
|
|-heal|p1a: Tinkerbell|389\/396|[from] item: Leftovers
|-damage|p2a: Wayno|345\/394 brn|[from] brn
|turn|177
|
|switch|p2a: Batman|Gliscor, M|354\/354 tox
|move|p1a: Tinkerbell|Calm Mind|p1a: Tinkerbell
|-boost|p1a: Tinkerbell|spa|1
|-boost|p1a: Tinkerbell|spd|1
|
|-heal|p1a: Tinkerbell|396\/396|[from] item: Leftovers
|turn|178
|
|move|p1a: Tinkerbell|Calm Mind|p1a: Tinkerbell
|-boost|p1a: Tinkerbell|spa|1
|-boost|p1a: Tinkerbell|spd|1
|move|p2a: Batman|Toxic|p1a: Tinkerbell
|-status|p1a: Tinkerbell|tox
|
|-damage|p1a: Tinkerbell|372\/396 tox|[from] psn
|turn|179
|
|switch|p2a: FatTony|Blissey, F|714\/714
|move|p1a: Tinkerbell|Psychic|p2a: FatTony
|-damage|p2a: FatTony|470\/714
|
|-heal|p1a: Tinkerbell|396\/396 tox|[from] item: Leftovers
|-heal|p2a: FatTony|514\/714|[from] item: Leftovers
|-damage|p1a: Tinkerbell|348\/396 tox|[from] psn
|turn|180
|
|switch|p1a: Cottonmouth|Mawile-Mega, F|4\/304
|move|p2a: FatTony|Protect|p2a: FatTony
|-fail|p2a: FatTony
|
|-heal|p2a: FatTony|558\/714|[from] item: Leftovers
|turn|181
|
|switch|p2a: Batman|Gliscor, M|354\/354 tox
|move|p1a: Cottonmouth|Play Rough|p2a: Batman
|-damage|p2a: Batman|171\/354 tox
|
|-heal|p2a: Batman|215\/354 tox|[from] ability: Poison Heal
|turn|182
|
|switch|p1a: Crowley|Gengar, F|262\/262
|move|p2a: Batman|Earthquake|p1a: Crowley
|-immune|p1a: Crowley|[msg]
|
|-heal|p2a: Batman|259\/354 tox|[from] ability: Poison Heal
|turn|183
|
|switch|p1a: Tinkerbell|Celebi|348\/396
|move|p2a: Batman|Protect|p2a: Batman
|-fail|p2a: Batman
|
|-heal|p1a: Tinkerbell|372\/396|[from] item: Leftovers
|-heal|p2a: Batman|303\/354 tox|[from] ability: Poison Heal
|turn|184
|
|move|p1a: Tinkerbell|Calm Mind|p1a: Tinkerbell
|-boost|p1a: Tinkerbell|spa|1
|-boost|p1a: Tinkerbell|spd|1
|move|p2a: Batman|Toxic|p1a: Tinkerbell
|-status|p1a: Tinkerbell|tox
|
|-heal|p1a: Tinkerbell|396\/396 tox|[from] item: Leftovers
|-damage|p1a: Tinkerbell|372\/396 tox|[from] psn
|-heal|p2a: Batman|347\/354 tox|[from] ability: Poison Heal
|turn|185
|
|switch|p1a: Crowley|Gengar, F|262\/262
|switch|p2a: FatTony|Blissey, F|558\/714
|
|-heal|p2a: FatTony|602\/714|[from] item: Leftovers
|turn|186
|
|switch|p1a: Cottonmouth|Mawile-Mega, F|4\/304
|switch|p2a: Batman|Gliscor, M|347\/354 tox
|
|-heal|p2a: Batman|354\/354 tox|[from] ability: Poison Heal
|turn|187
|
|switch|p2a: Wayno|Slowbro, M|394\/394 brn
|switch|p1a: Tinkerbell|Celebi|372\/396
|
|-heal|p1a: Tinkerbell|396\/396|[from] item: Leftovers
|-damage|p2a: Wayno|345\/394 brn|[from] brn
|turn|188
|
|switch|p2a: Batman|Gliscor, M|354\/354 tox
|move|p1a: Tinkerbell|Earth Power|p2a: Batman
|-immune|p2a: Batman|[msg]
|
|turn|189
|
|switch|p1a: Crowley|Gengar, F|262\/262
|move|p2a: Batman|Taunt|p1a: Crowley
|-start|p1a: Crowley|move: Taunt
|
|turn|190
|
|switch|p1a: Tinkerbell|Celebi|396\/396
|switch|p2a: FatTony|Blissey, F|602\/714
|
|-heal|p2a: FatTony|646\/714|[from] item: Leftovers
|turn|191
|
|switch|p1a: Cottonmouth|Mawile-Mega, F|4\/304
|move|p2a: FatTony|Toxic|p1a: Cottonmouth
|-fail|p1a: Cottonmouth
|
|-heal|p2a: FatTony|690\/714|[from] item: Leftovers
|turn|192
|
|move|p2a: FatTony|Seismic Toss|p1a: Cottonmouth
|-damage|p1a: Cottonmouth|0 fnt
|faint|p1a: Cottonmouth
|
|-heal|p2a: FatTony|714\/714|[from] item: Leftovers
|chat|Lord Groundhog|damn miscounted
|chat|Lizardons|this whole time i had no idea i was faster xD
|
|switch|p1a: Tinkerbell|Celebi|396\/396
|turn|193
|
|switch|p1a: Crowley|Gengar, F|262\/262
|switch|p2a: Batman|Gliscor, M|354\/354 tox
|
|turn|194
|
|switch|p1a: Tinkerbell|Celebi|396\/396
|switch|p2a: Wayno|Slowbro, M|394\/394 brn
|
|-damage|p2a: Wayno|345\/394 brn|[from] brn
|turn|195
|
|switch|p2a: Batman|Gliscor, M|354\/354 tox
|move|p1a: Tinkerbell|Calm Mind|p1a: Tinkerbell
|-boost|p1a: Tinkerbell|spa|1
|-boost|p1a: Tinkerbell|spd|1
|
|turn|196
|chat|Lord Groundhog|I think I lose this now
|
|move|p1a: Tinkerbell|Psychic|p2a: Batman
|-damage|p2a: Batman|53\/354 tox
|move|p2a: Batman|Toxic|p1a: Tinkerbell
|-status|p1a: Tinkerbell|tox
|
|-damage|p1a: Tinkerbell|372\/396 tox|[from] psn
|-heal|p2a: Batman|97\/354 tox|[from] ability: Poison Heal
|turn|197
|chat|Lizardons|probably who knows at this point
|
|switch|p1a: Crowley|Gengar, F|262\/262
|move|p2a: Batman|Protect|p2a: Batman
|-fail|p2a: Batman
|
|-heal|p2a: Batman|141\/354 tox|[from] ability: Poison Heal
|turn|198
|
|switch|p1a: Tinkerbell|Celebi|372\/396
|move|p2a: Batman|Protect|p2a: Batman
|-fail|p2a: Batman
|
|-heal|p1a: Tinkerbell|396\/396|[from] item: Leftovers
|-heal|p2a: Batman|185\/354 tox|[from] ability: Poison Heal
|turn|199
|
|switch|p2a: FatTony|Blissey, F|714\/714
|move|p1a: Tinkerbell|Calm Mind|p1a: Tinkerbell
|-boost|p1a: Tinkerbell|spa|1
|-boost|p1a: Tinkerbell|spd|1
|
|turn|200
|
|switch|p1a: Crowley|Gengar, F|262\/262
|move|p2a: FatTony|Protect|p2a: FatTony
|-fail|p2a: FatTony
|
|turn|201
|
|switch|p2a: Batman|Gliscor, M|185\/354 tox
|move|p1a: Crowley|Will-O-Wisp|p2a: Batman
|-fail|p2a: Batman
|
|-heal|p2a: Batman|229\/354 tox|[from] ability: Poison Heal
|turn|202
|
|switch|p1a: Tinkerbell|Celebi|396\/396
|move|p2a: Batman|Taunt|p1a: Tinkerbell
|-start|p1a: Tinkerbell|move: Taunt
|
|-heal|p2a: Batman|273\/354 tox|[from] ability: Poison Heal
|turn|203
|
|switch|p1a: Crowley|Gengar, F|262\/262
|switch|p2a: FatTony|Blissey, F|714\/714
|
|turn|204
|
|switch|p2a: Batman|Gliscor, M|273\/354 tox
|move|p1a: Crowley|Substitute|p1a: Crowley
|-start|p1a: Crowley|Substitute
|-damage|p1a: Crowley|197\/262
|
|-heal|p1a: Crowley|213\/262|[from] item: Black Sludge
|-heal|p2a: Batman|317\/354 tox|[from] ability: Poison Heal
|turn|205
|
|switch|p2a: FatTony|Blissey, F|714\/714
|move|p1a: Crowley|Will-O-Wisp|p2a: FatTony
|-status|p2a: FatTony|brn
|
|-heal|p1a: Crowley|229\/262|[from] item: Black Sludge
|-damage|p2a: FatTony|625\/714 brn|[from] brn
|turn|206
|
|switch|p2a: Batman|Gliscor, M|317\/354 tox
|move|p1a: Crowley|Shadow Ball|p2a: Batman
|-damage|p2a: Batman|149\/354 tox
|
|-heal|p1a: Crowley|245\/262|[from] item: Black Sludge
|-heal|p2a: Batman|193\/354 tox|[from] ability: Poison Heal
|turn|207
|
|move|p2a: Batman|Protect|p2a: Batman
|-singleturn|p2a: Batman|Protect
|move|p1a: Crowley|Will-O-Wisp|p2a: Batman
|-activate|p2a: Batman|Protect
|
|-heal|p1a: Crowley|261\/262|[from] item: Black Sludge
|-heal|p2a: Batman|237\/354 tox|[from] ability: Poison Heal
|turn|208
|
|switch|p1a: Tinkerbell|Celebi|396\/396
|switch|p2a: FatTony|Blissey, F|625\/714
|
|-heal|p2a: FatTony|669\/714|[from] item: Leftovers
|turn|209
|
|move|p1a: Tinkerbell|Calm Mind|p1a: Tinkerbell
|-boost|p1a: Tinkerbell|spa|1
|-boost|p1a: Tinkerbell|spd|1
|move|p2a: FatTony|Seismic Toss|p1a: Tinkerbell
|-damage|p1a: Tinkerbell|296\/396
|
|-heal|p1a: Tinkerbell|320\/396|[from] item: Leftovers
|-heal|p2a: FatTony|713\/714|[from] item: Leftovers
|turn|210
|chat|Lord Groundhog|24 total seismic tosses?
|
|move|p1a: Tinkerbell|Calm Mind|p1a: Tinkerbell
|-boost|p1a: Tinkerbell|spa|1
|-boost|p1a: Tinkerbell|spd|1
|move|p2a: FatTony|Seismic Toss|p1a: Tinkerbell
|-damage|p1a: Tinkerbell|220\/396
|
|-heal|p1a: Tinkerbell|244\/396|[from] item: Leftovers
|-heal|p2a: FatTony|714\/714|[from] item: Leftovers
|turn|211
|chat|Lizardons|32
|chat|Lord Groundhog|oh ok
|
|move|p1a: Tinkerbell|Giga Drain|p2a: FatTony
|-damage|p2a: FatTony|513\/714
|-heal|p1a: Tinkerbell|345\/396|[from] drain|[of] p2a: FatTony
|move|p2a: FatTony|Toxic|p1a: Tinkerbell
|-status|p1a: Tinkerbell|tox
|
|-heal|p1a: Tinkerbell|369\/396 tox|[from] item: Leftovers
|-heal|p2a: FatTony|557\/714|[from] item: Leftovers
|-damage|p1a: Tinkerbell|345\/396 tox|[from] psn
|turn|212
|
|switch|p1a: Crowley|Gengar, F|261\/262
|move|p2a: FatTony|Wish|p2a: FatTony
|
|-heal|p1a: Crowley|262\/262|[from] item: Black Sludge
|-heal|p2a: FatTony|601\/714|[from] item: Leftovers
|turn|213
|
|switch|p1a: Tinkerbell|Celebi|345\/396
|switch|p2a: Batman|Gliscor, M|237\/354 tox
|
|-heal|p2a: Batman|354\/354 tox|[from] move: Wish|[wisher] FatTony
|-heal|p1a: Tinkerbell|369\/396|[from] item: Leftovers
|turn|214
|
|move|p1a: Tinkerbell|Calm Mind|p1a: Tinkerbell
|-boost|p1a: Tinkerbell|spa|1
|-boost|p1a: Tinkerbell|spd|1
|move|p2a: Batman|Taunt|p1a: Tinkerbell
|-start|p1a: Tinkerbell|move: Taunt
|
|-heal|p1a: Tinkerbell|393\/396|[from] item: Leftovers
|turn|215
|
|switch|p1a: Crowley|Gengar, F|262\/262
|move|p2a: Batman|Toxic|p1a: Crowley
|-fail|p1a: Crowley
|
|turn|216
|
|switch|p1a: Tinkerbell|Celebi|393\/396
|switch|p2a: Wayno|Slowbro, M|394\/394 brn
|
|-heal|p1a: Tinkerbell|396\/396|[from] item: Leftovers
|-damage|p2a: Wayno|345\/394 brn|[from] brn
|turn|217
|
|switch|p2a: FatTony|Blissey, F|601\/714
|move|p1a: Tinkerbell|Calm Mind|p1a: Tinkerbell
|-boost|p1a: Tinkerbell|spa|1
|-boost|p1a: Tinkerbell|spd|1
|
|-heal|p2a: FatTony|645\/714|[from] item: Leftovers
|turn|218
|
|switch|p1a: Crowley|Gengar, F|262\/262
|move|p2a: FatTony|Protect|p2a: FatTony
|-fail|p2a: FatTony
|
|-heal|p2a: FatTony|689\/714|[from] item: Leftovers
|turn|219
|
|switch|p1a: Tinkerbell|Celebi|396\/396
|switch|p2a: Wayno|Slowbro, M|394\/394 brn
|
|-damage|p2a: Wayno|345\/394 brn|[from] brn
|turn|220
|
|switch|p2a: FatTony|Blissey, F|689\/714
|move|p1a: Tinkerbell|Calm Mind|p1a: Tinkerbell
|-boost|p1a: Tinkerbell|spa|1
|-boost|p1a: Tinkerbell|spd|1
|
|-heal|p2a: FatTony|714\/714|[from] item: Leftovers
|turn|221
|
|switch|p1a: Crowley|Gengar, F|262\/262
|switch|p2a: Batman|Gliscor, M|354\/354 tox
|
|turn|222
|
|switch|p1a: Tinkerbell|Celebi|396\/396
|switch|p2a: FatTony|Blissey, F|714\/714
|
|turn|223
|
|switch|p1a: Crowley|Gengar, F|262\/262
|switch|p2a: Batman|Gliscor, M|354\/354 tox
|
|turn|224
|
|switch|p1a: Tinkerbell|Celebi|396\/396
|switch|p2a: Wayno|Slowbro, M|394\/394 brn
|
|-damage|p2a: Wayno|345\/394 brn|[from] brn
|turn|225
|
|switch|p2a: Batman|Gliscor, M|354\/354 tox
|move|p1a: Tinkerbell|Calm Mind|p1a: Tinkerbell
|-boost|p1a: Tinkerbell|spa|1
|-boost|p1a: Tinkerbell|spd|1
|
|turn|226
|
|switch|p2a: FatTony|Blissey, F|714\/714
|move|p1a: Tinkerbell|Calm Mind|p1a: Tinkerbell
|-boost|p1a: Tinkerbell|spa|1
|-boost|p1a: Tinkerbell|spd|1
|
|turn|227
|
|move|p2a: FatTony|Protect|p2a: FatTony
|-singleturn|p2a: FatTony|Protect
|move|p1a: Tinkerbell|Calm Mind|p1a: Tinkerbell
|-boost|p1a: Tinkerbell|spa|1
|-boost|p1a: Tinkerbell|spd|1
|
|turn|228
|
|move|p1a: Tinkerbell|Calm Mind|p1a: Tinkerbell
|-boost|p1a: Tinkerbell|spa|1
|-boost|p1a: Tinkerbell|spd|1
|move|p2a: FatTony|Toxic|p1a: Tinkerbell
|-status|p1a: Tinkerbell|tox
|
|-damage|p1a: Tinkerbell|372\/396 tox|[from] psn
|turn|229
|
|move|p2a: FatTony|Protect|p2a: FatTony
|-singleturn|p2a: FatTony|Protect
|move|p1a: Tinkerbell|Earth Power|p2a: FatTony
|-activate|p2a: FatTony|Protect
|
|-heal|p1a: Tinkerbell|396\/396 tox|[from] item: Leftovers
|-damage|p1a: Tinkerbell|348\/396 tox|[from] psn
|turn|230
|
|move|p1a: Tinkerbell|Psychic|p2a: FatTony
|-damage|p2a: FatTony|371\/714
|move|p2a: FatTony|Wish|p2a: FatTony
|
|-heal|p1a: Tinkerbell|372\/396 tox|[from] item: Leftovers
|-heal|p2a: FatTony|415\/714|[from] item: Leftovers
|-damage|p1a: Tinkerbell|300\/396 tox|[from] psn
|turn|231
|
|switch|p1a: Crowley|Gengar, F|262\/262
|move|p2a: FatTony|Protect|p2a: FatTony
|-fail|p2a: FatTony
|
|-heal|p2a: FatTony|714\/714|[from] move: Wish|[wisher] FatTony
|turn|232
|chat|Lord Groundhog|Tony too fat
|chat|Lizardons|ya
|
|switch|p2a: Batman|Gliscor, M|354\/354 tox
|move|p1a: Crowley|Substitute|p1a: Crowley
|-start|p1a: Crowley|Substitute
|-damage|p1a: Crowley|197\/262
|
|-heal|p1a: Crowley|213\/262|[from] item: Black Sludge
|turn|233
|chat|Lizardons|wont argue there
|
|switch|p1a: Tinkerbell|Celebi|300\/396
|move|p2a: Batman|Taunt|p1a: Tinkerbell
|-start|p1a: Tinkerbell|move: Taunt
|
|-heal|p1a: Tinkerbell|324\/396|[from] item: Leftovers
|turn|234
|
|switch|p1a: Crowley|Gengar, F|213\/262
|switch|p2a: FatTony|Blissey, F|714\/714
|
|-heal|p1a: Crowley|229\/262|[from] item: Black Sludge
|turn|235
|
|switch|p1a: Tinkerbell|Celebi|324\/396
|switch|p2a: Wayno|Slowbro, M|394\/394 brn
|
|-heal|p1a: Tinkerbell|348\/396|[from] item: Leftovers
|-damage|p2a: Wayno|345\/394 brn|[from] brn
|turn|236
|
|switch|p2a: Batman|Gliscor, M|354\/354 tox
|move|p1a: Tinkerbell|Earth Power|p2a: Batman
|-immune|p2a: Batman|[msg]
|
|-heal|p1a: Tinkerbell|372\/396|[from] item: Leftovers
|turn|237
|
|switch|p1a: Crowley|Gengar, F|229\/262
|move|p2a: Batman|Taunt|p1a: Crowley
|-start|p1a: Crowley|move: Taunt
|
|-heal|p1a: Crowley|245\/262|[from] item: Black Sludge
|turn|238
|
|switch|p1a: Tinkerbell|Celebi|372\/396
|switch|p2a: FatTony|Blissey, F|714\/714
|
|-heal|p1a: Tinkerbell|396\/396|[from] item: Leftovers
|turn|239
|
|switch|p1a: Crowley|Gengar, F|245\/262
|switch|p2a: Batman|Gliscor, M|354\/354 tox
|
|-heal|p1a: Crowley|261\/262|[from] item: Black Sludge
|turn|240
|
|switch|p1a: Tinkerbell|Celebi|396\/396
|switch|p2a: FatTony|Blissey, F|714\/714
|
|turn|241
|
|switch|p1a: Crowley|Gengar, F|261\/262
|switch|p2a: Wayno|Slowbro, M|394\/394 brn
|
|-heal|p1a: Crowley|262\/262|[from] item: Black Sludge
|-damage|p2a: Wayno|345\/394 brn|[from] brn
|turn|242
|
|move|p1a: Crowley|Shadow Ball|p2a: Wayno
|-supereffective|p2a: Wayno
|-damage|p2a: Wayno|0 fnt
|faint|p2a: Wayno
|
|chat|Lizardons|noooo
|
|switch|p2a: FatTony|Blissey, F|714\/714
|turn|243
|chat|Lizardons|it was suppose to live and scald burn lol
|chat|Lord Groundhog|yeah
|chat|Lord Groundhog|i decided a while ago
|chat|Lord Groundhog|next time I was going to chance it
|chat|Lizardons|same lol
|chat|Lord Groundhog|i think this is back to even
|
|switch|p1a: Tinkerbell|Celebi|396\/396
|switch|p2a: Batman|Gliscor, M|354\/354 tox
|
|turn|244
|
|switch|p1a: Crowley|Gengar, F|262\/262
|switch|p2a: FatTony|Blissey, F|714\/714
|
|turn|245
|
|switch|p1a: Tinkerbell|Celebi|396\/396
|switch|p2a: Batman|Gliscor, M|354\/354 tox
|
|turn|246
|chat|Lord Groundhog|does this fall under endless battle clause?
|chat|Lizardons|can we call this a draw xD
|
|switch|p2a: FatTony|Blissey, F|714\/714
|move|p1a: Tinkerbell|Calm Mind|p1a: Tinkerbell
|-boost|p1a: Tinkerbell|spa|1
|-boost|p1a: Tinkerbell|spd|1
|
|turn|247
|chat|Lizardons|like i dont care anymore
|
|move|p1a: Tinkerbell|Earth Power|p2a: FatTony
|-damage|p2a: FatTony|593\/714
|move|p2a: FatTony|Seismic Toss|p1a: Tinkerbell
|-damage|p1a: Tinkerbell|296\/396
|
|-heal|p1a: Tinkerbell|320\/396|[from] item: Leftovers
|-heal|p2a: FatTony|637\/714|[from] item: Leftovers
|turn|248
|
|switch|p1a: Crowley|Gengar, F|262\/262
|move|p2a: FatTony|Wish|p2a: FatTony
|
|-heal|p2a: FatTony|681\/714|[from] item: Leftovers
|turn|249
|chat|Lord Groundhog|you're welcome to forfeit
|
|switch|p2a: Batman|Gliscor, M|354\/354 tox
|move|p1a: Crowley|Will-O-Wisp|p2a: Batman
|-fail|p2a: Batman
|
|turn|250
|chat|Lizardons|nah
|chat|Lizardons|might as well play it out now
|
|switch|p1a: Tinkerbell|Celebi|320\/396
|switch|p2a: FatTony|Blissey, F|681\/714
|
|-heal|p1a: Tinkerbell|344\/396|[from] item: Leftovers
|-heal|p2a: FatTony|714\/714|[from] item: Leftovers
|turn|251
|
|switch|p1a: Crowley|Gengar, F|262\/262
|switch|p2a: Batman|Gliscor, M|354\/354 tox
|
|turn|252
|
|switch|p2a: FatTony|Blissey, F|714\/714
|move|p1a: Crowley|Will-O-Wisp|p2a: FatTony
|-status|p2a: FatTony|brn
|
|-damage|p2a: FatTony|625\/714 brn|[from] brn
|turn|253
|
|switch|p2a: Batman|Gliscor, M|354\/354 tox
|move|p1a: Crowley|Shadow Ball|p2a: Batman
|-damage|p2a: Batman|164\/354 tox
|-unboost|p2a: Batman|spd|1
|
|-heal|p2a: Batman|208\/354 tox|[from] ability: Poison Heal
|turn|254
|
|switch|p2a: FatTony|Blissey, F|625\/714
|move|p1a: Crowley|Will-O-Wisp|p2a: FatTony
|-status|p2a: FatTony|brn
|
|-heal|p2a: FatTony|669\/714 brn|[from] item: Leftovers
|-damage|p2a: FatTony|580\/714 brn|[from] brn
|turn|255
|chat|Lizardons|shocked you still have shadow balls left
|
|move|p1a: Crowley|Substitute|p1a: Crowley
|-start|p1a: Crowley|Substitute
|-damage|p1a: Crowley|197\/262
|move|p2a: FatTony|Wish|p2a: FatTony
|
|-heal|p1a: Crowley|213\/262|[from] item: Black Sludge
|-heal|p2a: FatTony|624\/714 brn|[from] item: Leftovers
|-damage|p2a: FatTony|535\/714 brn|[from] brn
|turn|256
|
|switch|p1a: Tinkerbell|Celebi|344\/396
|switch|p2a: Batman|Gliscor, M|208\/354 tox
|
|-heal|p2a: Batman|354\/354 tox|[from] move: Wish|[wisher] FatTony
|-heal|p1a: Tinkerbell|368\/396|[from] item: Leftovers
|turn|257
|
|move|p1a: Tinkerbell|Calm Mind|p1a: Tinkerbell
|-boost|p1a: Tinkerbell|spa|1
|-boost|p1a: Tinkerbell|spd|1
|move|p2a: Batman|Taunt|p1a: Tinkerbell
|-start|p1a: Tinkerbell|move: Taunt
|
|-heal|p1a: Tinkerbell|392\/396|[from] item: Leftovers
|turn|258
|
|switch|p2a: FatTony|Blissey, F|535\/714
|move|p1a: Tinkerbell|Psychic|p2a: FatTony
|-damage|p2a: FatTony|372\/714
|
|-heal|p1a: Tinkerbell|396\/396|[from] item: Leftovers
|-heal|p2a: FatTony|416\/714|[from] item: Leftovers
|turn|259
|
|move|p1a: Tinkerbell|Earth Power|p2a: FatTony
|-damage|p2a: FatTony|293\/714
|move|p2a: FatTony|Wish|p2a: FatTony
|
|-heal|p2a: FatTony|337\/714|[from] item: Leftovers
|turn|260
|
|move|p1a: Tinkerbell|Earth Power|p2a: FatTony
|-damage|p2a: FatTony|217\/714
|move|p2a: FatTony|Toxic|p1a: Tinkerbell
|-status|p1a: Tinkerbell|tox
|
|-heal|p2a: FatTony|574\/714|[from] move: Wish|[wisher] FatTony
|-heal|p2a: FatTony|618\/714|[from] item: Leftovers
|-damage|p1a: Tinkerbell|372\/396 tox|[from] psn
|-end|p1a: Tinkerbell|move: Taunt
|turn|261
|
|switch|p1a: Crowley|Gengar, F|213\/262
|switch|p2a: Batman|Gliscor, M|354\/354 tox
|
|-heal|p1a: Crowley|229\/262|[from] item: Black Sludge
|turn|262
|
|switch|p1a: Tinkerbell|Celebi|372\/396
|move|p2a: Batman|Taunt|p1a: Tinkerbell
|-start|p1a: Tinkerbell|move: Taunt
|
|-heal|p1a: Tinkerbell|396\/396|[from] item: Leftovers
|turn|263
|
|switch|p1a: Crowley|Gengar, F|229\/262
|switch|p2a: FatTony|Blissey, F|618\/714
|
|-heal|p1a: Crowley|245\/262|[from] item: Black Sludge
|-heal|p2a: FatTony|662\/714|[from] item: Leftovers
|turn|264
|chat|Lord Groundhog|I like how attacking is both the only way to win
|chat|Lord Groundhog|and the losing strategy
|
|switch|p2a: Batman|Gliscor, M|354\/354 tox
|move|p1a: Crowley|Sludge Wave|p2a: Batman
|-resisted|p2a: Batman
|-damage|p2a: Batman|254\/354 tox
|
|-heal|p1a: Crowley|261\/262|[from] item: Black Sludge
|-heal|p2a: Batman|298\/354 tox|[from] ability: Poison Heal
|turn|265
|chat|Lizardons|yep lol
|
|switch|p2a: FatTony|Blissey, F|662\/714
|move|p1a: Crowley|Sludge Wave|p2a: FatTony
|-damage|p2a: FatTony|532\/714
|
|-heal|p1a: Crowley|262\/262|[from] item: Black Sludge
|-heal|p2a: FatTony|576\/714|[from] item: Leftovers
|turn|266
|chat|Lizardons|attacking may  just be the loosing tactic
|
|switch|p2a: Batman|Gliscor, M|298\/354 tox
|move|p1a: Crowley|Will-O-Wisp|p2a: Batman
|-fail|p2a: Batman
|
|-heal|p2a: Batman|342\/354 tox|[from] ability: Poison Heal
|turn|267
|chat|Lizardons|havent had a game this long in like a year lol
|chat|Lord Groundhog|i haven't had game this long ever
|chat|Lord Groundhog|previous high was like 160
|
|switch|p1a: Tinkerbell|Celebi|396\/396
|switch|p2a: FatTony|Blissey, F|576\/714
|
|-heal|p2a: FatTony|620\/714|[from] item: Leftovers
|turn|268
|chat|Lizardons|my longest was 500 turns
|
|switch|p1a: Crowley|Gengar, F|262\/262
|switch|p2a: Batman|Gliscor, M|342\/354 tox
|
|-heal|p2a: Batman|354\/354 tox|[from] ability: Poison Heal
|turn|269
|
|switch|p1a: Tinkerbell|Celebi|396\/396
|switch|p2a: FatTony|Blissey, F|620\/714
|
|-heal|p2a: FatTony|664\/714|[from] item: Leftovers
|turn|270
|
|switch|p2a: Batman|Gliscor, M|354\/354 tox
|move|p1a: Tinkerbell|Calm Mind|p1a: Tinkerbell
|-boost|p1a: Tinkerbell|spa|1
|-boost|p1a: Tinkerbell|spd|1
|
|turn|271
|
|switch|p2a: FatTony|Blissey, F|664\/714
|move|p1a: Tinkerbell|Calm Mind|p1a: Tinkerbell
|-boost|p1a: Tinkerbell|spa|1
|-boost|p1a: Tinkerbell|spd|1
|
|-heal|p2a: FatTony|708\/714|[from] item: Leftovers
|turn|272
|chat|Lord Groundhog|normally gengar
|chat|Lord Groundhog|dismantles
|chat|Lord Groundhog|chansey\/blissey + friend
|chat|Lizardons|not this time i guess xD
|chat|Lord Groundhog|but since I can't burn gliscor
|
|switch|p1a: Crowley|Gengar, F|262\/262
|move|p2a: FatTony|Toxic|p1a: Crowley
|-fail|p1a: Crowley
|
|-heal|p2a: FatTony|714\/714|[from] item: Leftovers
|turn|273
|chat|Lizardons|wish i ran knock off not taunt right about now on gliscor
|
|switch|p1a: Tinkerbell|Celebi|396\/396
|switch|p2a: Batman|Gliscor, M|354\/354 tox
|
|turn|274
|chat|Lord Groundhog|if you did
|chat|Lizardons|would have been a different game xD
|chat|Lizardons|maybe shorter
|chat|Lord Groundhog|I would have prioritized killing it earlier
|
|switch|p1a: Crowley|Gengar, F|262\/262
|move|p2a: Batman|Taunt|p1a: Crowley
|-start|p1a: Crowley|move: Taunt
|
|turn|275
|
|switch|p1a: Tinkerbell|Celebi|396\/396
|switch|p2a: FatTony|Blissey, F|714\/714
|
|turn|276
|chat|Lizardons|can we just get an admin to make this a draw xD
|
|switch|p1a: Crowley|Gengar, F|262\/262
|switch|p2a: Batman|Gliscor, M|354\/354 tox
|
|turn|277
|
|switch|p1a: Tinkerbell|Celebi|396\/396
|switch|p2a: FatTony|Blissey, F|714\/714
|
|turn|278
|chat|Lord Groundhog|it is
|chat|Lord Groundhog|neither of us can win
|chat|Lizardons|yep xD
|join|nerderator
|join|swaginator II
|
|switch|p1a: Crowley|Gengar, F|262\/262
|switch|p2a: Batman|Gliscor, M|354\/354 tox
|
|turn|279
|join|Not C Lord Hit Ler
|join|James1234
|chat|Lord Groundhog|hello new people welcome to the endless battle
|
|switch|p1a: Tinkerbell|Celebi|396\/396
|switch|p2a: FatTony|Blissey, F|714\/714
|
|turn|280
|leave|Not C Lord Hit Ler
|chat|Lizardons|yep xD
|chat|Lizardons|this game cant end now
|
|switch|p1a: Crowley|Gengar, F|262\/262
|switch|p2a: Batman|Gliscor, M|354\/354 tox
|
|turn|281
|leave|nerderator
|chat|James1234|280 turns?
|chat|James1234|wow
|chat|Lizardons|yes
|chat|Lizardons|can one of you get an admin here
|
|switch|p1a: Tinkerbell|Celebi|396\/396
|switch|p2a: FatTony|Blissey, F|714\/714
|
|turn|282
|chat|Lizardons|this game is giving me cancer
|
|switch|p1a: Crowley|Gengar, F|262\/262
|switch|p2a: Batman|Gliscor, M|354\/354 tox
|
|turn|283
|chat|James1234|how long ago did you start?
|leave|swaginator II
|chat|Lizardons|like an hour ago i think
|
|switch|p1a: Tinkerbell|Celebi|396\/396
|switch|p2a: FatTony|Blissey, F|714\/714
|
|turn|284
|
|switch|p1a: Crowley|Gengar, F|262\/262
|switch|p2a: Batman|Gliscor, M|354\/354 tox
|
|turn|285
|
|switch|p1a: Tinkerbell|Celebi|396\/396
|switch|p2a: FatTony|Blissey, F|714\/714
|
|turn|286
|
|switch|p1a: Crowley|Gengar, F|262\/262
|switch|p2a: Batman|Gliscor, M|354\/354 tox
|
|turn|287
|
|switch|p1a: Tinkerbell|Celebi|396\/396
|switch|p2a: FatTony|Blissey, F|714\/714
|
|turn|288
|
|switch|p1a: Crowley|Gengar, F|262\/262
|switch|p2a: Batman|Gliscor, M|354\/354 tox
|
|turn|289
|join|Quinella
|
|switch|p1a: Tinkerbell|Celebi|396\/396
|switch|p2a: FatTony|Blissey, F|714\/714
|
|turn|290
|
|switch|p1a: Crowley|Gengar, F|262\/262
|switch|p2a: Batman|Gliscor, M|354\/354 tox
|
|turn|291
|
|switch|p1a: Tinkerbell|Celebi|396\/396
|switch|p2a: FatTony|Blissey, F|714\/714
|
|turn|292
|chat|Quinella|So, for the record, can both of you say you agree to a tie?
|chat|Lord Groundhog|I agree
|chat|Lizardons|yes please
|
|tie
|raw|Ladder updating...
|chat|Lizardons|thanks
|raw|Lord Groundhog's rating: 1769 &rarr; <strong>1762<\/strong><br \/>(-7 for tying)
|raw|Lizardons's rating: 1651 &rarr; <strong>1657<\/strong><br \/>(+6 for tying)
|chat|Lizardons|good game lol
|chat|Lizardons|was a long one
|chat|Lord Groundhog|lol
|chat|Lord Groundhog|good game
|leave|Lizardons
|player|p2
|leave|Lord Groundhog
|player|p1
|leave|James1234
|leave|Quinella