|join|LT3G SeeMe
|join|Lizardons
|player|p1|LT3G SeeMe|95
|player|p2|Lizardons|157
|gametype|singles
|gen|6
|tier|OU
|rated
|clearpoke
|poke|p1|Diggersby, F
|poke|p1|Pinsir, F
|poke|p1|Azumarill, M
|poke|p1|Garchomp, M
|poke|p1|Latios, M
|poke|p1|Magnezone
|poke|p2|Venusaur, M
|poke|p2|Blissey, F
|poke|p2|Gliscor, M
|poke|p2|Slowbro, M
|poke|p2|Zapdos
|poke|p2|Bronzong
|rule|Swagger Clause: Swagger is banned
|rule|Baton Pass Clause: Limit one PokÃ©mon knowing Baton Pass
|rule|Sleep Clause Mod: Limit one foe put to sleep
|rule|Species Clause: Limit one of each PokÃ©mon
|rule|OHKO Clause: OHKO moves are banned
|rule|Moody Clause: Moody is banned
|rule|Evasion Moves Clause: Evasion moves are banned
|rule|Endless Battle Clause: Forcing endless battles is banned
|rule|HP Percentage Mod: HP is shown in percentages
|teampreview
|
|start
|switch|p1a: Garchomp|Garchomp, M|357\/357
|switch|p2a: BatMan|Gliscor, M|352\/352
|turn|1
|
|move|p1a: Garchomp|Stealth Rock|p2a: BatMan
|-sidestart|p2: Lizardons|move: Stealth Rock
|move|p2a: BatMan|Toxic|p1a: Garchomp
|-status|p1a: Garchomp|tox
|
|-damage|p1a: Garchomp|335\/357 tox|[from] psn
|-status|p2a: BatMan|tox|[from] item: Toxic Orb
|turn|2
|
|move|p1a: Garchomp|Swords Dance|p1a: Garchomp
|-boost|p1a: Garchomp|atk|2
|move|p2a: BatMan|Earthquake|p1a: Garchomp
|-damage|p1a: Garchomp|206\/357 tox
|
|-damage|p1a: Garchomp|162\/357 tox|[from] psn
|turn|3
|
|move|p1a: Garchomp|Outrage|p2a: BatMan
|-damage|p2a: BatMan|85\/352 tox
|move|p2a: BatMan|Earthquake|p1a: Garchomp
|-damage|p1a: Garchomp|48\/357 tox
|
|-damage|p1a: Garchomp|0 fnt|[from] psn
|-heal|p2a: BatMan|129\/352 tox|[from] ability: Poison Heal
|faint|p1a: Garchomp
|
|switch|p1a: Diggersby|Diggersby, F|312\/312
|turn|4
|
|move|p1a: Diggersby|Return|p2a: BatMan
|-damage|p2a: BatMan|0 fnt
|-damage|p1a: Diggersby|281\/312|[from] item: Life Orb
|faint|p2a: BatMan
|
|
|switch|p2a: Plantman|Venusaur, M|363\/363
|-damage|p2a: Plantman|318\/363|[from] Stealth Rock
|turn|5
|
|switch|p1a: Latios|Latios, M|302\/302
|detailschange|p2a: Plantman|Venusaur-Mega, M
|message|Venusaur has Mega Evolved into Mega Venusaur!
|move|p2a: Plantman|Giga Drain|p1a: Latios
|-resisted|p1a: Latios
|-damage|p1a: Latios|257\/302
|-heal|p2a: Plantman|341\/363|[from] drain|[of] p1a: Latios
|
|turn|6
|
|switch|p1a: Magnezone|Magnezone|282\/282
|switch|p2a: TacoBell|Bronzong|338\/338
|-damage|p2a: TacoBell|317\/338|[from] Stealth Rock
|
|-heal|p2a: TacoBell|338\/338|[from] item: Leftovers
|turn|7
|
|move|p1a: Magnezone|Thunderbolt|p2a: TacoBell
|-damage|p2a: TacoBell|239\/338
|-status|p2a: TacoBell|par
|move|p2a: TacoBell|Earthquake|p1a: Magnezone
|-supereffective|p1a: Magnezone
|-damage|p1a: Magnezone|46\/282
|
|-heal|p2a: TacoBell|260\/338 par|[from] item: Leftovers
|turn|8
|
|move|p1a: Magnezone|Thunderbolt|p2a: TacoBell
|-damage|p2a: TacoBell|149\/338 par
|cant|p2a: TacoBell|par
|
|-heal|p2a: TacoBell|170\/338 par|[from] item: Leftovers
|turn|9
|
|move|p1a: Magnezone|Thunderbolt|p2a: TacoBell
|-damage|p2a: TacoBell|67\/338 par
|cant|p2a: TacoBell|par
|
|-heal|p2a: TacoBell|88\/338 par|[from] item: Leftovers
|turn|10
|
|move|p1a: Magnezone|Thunderbolt|p2a: TacoBell
|-damage|p2a: TacoBell|0 fnt
|faint|p2a: TacoBell
|
|c|âLizardons|ok
|
|switch|p2a: FatTony|Blissey, F|714\/714
|-damage|p2a: FatTony|625\/714|[from] Stealth Rock
|turn|11
|
|move|p1a: Magnezone|Thunderbolt|p2a: FatTony
|-crit|p2a: FatTony
|-damage|p2a: FatTony|427\/714
|move|p2a: FatTony|Toxic|p1a: Magnezone
|-fail|p1a: Magnezone
|
|-heal|p2a: FatTony|471\/714|[from] item: Leftovers
|turn|12
|c|âLizardons|gg
|
|switch|p1a: Latios|Latios, M|257\/302
|move|p2a: FatTony|Wish|p2a: FatTony
|
|-heal|p2a: FatTony|515\/714|[from] item: Leftovers
|turn|13
|
|move|p1a: Latios|Psyshock|p2a: FatTony
|-crit|p2a: FatTony
|-damage|p2a: FatTony|8\/714
|-damage|p1a: Latios|227\/302|[from] item: Life Orb
|move|p2a: FatTony|Toxic|p1a: Latios
|-status|p1a: Latios|tox
|
|-heal|p2a: FatTony|365\/714|[from] move: Wish|[wisher] FatTony
|-heal|p2a: FatTony|409\/714|[from] item: Leftovers
|-damage|p1a: Latios|209\/302 tox|[from] psn
|turn|14
|
|move|p1a: Latios|Psyshock|p2a: FatTony
|-damage|p2a: FatTony|57\/714
|-damage|p1a: Latios|179\/302 tox|[from] item: Life Orb
|move|p2a: FatTony|Wish|p2a: FatTony
|
|-heal|p2a: FatTony|101\/714|[from] item: Leftovers
|-damage|p1a: Latios|143\/302 tox|[from] psn
|turn|15
|
|switch|p1a: Diggersby|Diggersby, F|281\/312
|move|p2a: FatTony|Protect|p2a: FatTony
|-fail|p2a: FatTony
|
|-heal|p2a: FatTony|458\/714|[from] move: Wish|[wisher] FatTony
|-heal|p2a: FatTony|502\/714|[from] item: Leftovers
|turn|16
|
|move|p1a: Diggersby|Return|p2a: FatTony
|-damage|p2a: FatTony|0 fnt
|-damage|p1a: Diggersby|250\/312|[from] item: Life Orb
|faint|p2a: FatTony
|
|-message|Lizardons forfeited.
|
|win|LT3G SeeMe
|raw|Ladder updating...
|leave|Lizardons
|player|p2
|raw|LT3G SeeMe's rating: 1879 &rarr; <strong>1901<\/strong><br \/>(+22 for winning)
|raw|Lizardons's rating: 1908 &rarr; <strong>1886<\/strong><br \/>(-22 for losing)