|join|dEnIssSs
|join|Lizardons
|player|p1|dEnIssSs|288
|player|p2|Lizardons|170
|gametype|singles
|gen|6
|tier|OU
|rated
|clearpoke
|poke|p1|Smeargle, M, shiny
|poke|p1|Vaporeon, F
|poke|p1|Scolipede, M, shiny
|poke|p1|Sylveon, F
|poke|p1|Mr. Mime, M, shiny
|poke|p1|Espeon, M, shiny
|poke|p2|Blissey, F
|poke|p2|Quagsire, M
|poke|p2|Skarmory, M
|poke|p2|Clefable, F
|poke|p2|Charizard, M
|poke|p2|Mandibuzz, F
|rule|Sleep Clause Mod: Limit one foe put to sleep
|rule|Species Clause: Limit one of each Pokemon
|rule|OHKO Clause: OHKO moves are banned
|rule|Moody Clause: Moody is banned
|rule|Evasion Moves Clause: Evasion moves are banned
|rule|Endless Battle Clause: Forcing endless battles is banned.
|rule|HP Percentage Mod: HP is reported as percentages
|teampreview
|chat|Lizardons|hi again
|join|Amoong
|chat|dEnIssSs|so annoying to face the same team
|chat|dEnIssSs|hahah
|chat|dEnIssSs|xD
|join|shioca
|chat|Lizardons|know the feel xD
|
|start
|switch|p1a: PabloPicasso|Smeargle, M, shiny|273\/273
|switch|p2a: DuckDodgers|Mandibuzz, F|424\/424
|turn|1
|
|move|p1a: PabloPicasso|Baton Pass|p1a: PabloPicasso
|
|switch|p1a: Mind Blocker|Mr. Mime, M, shiny|284\/284
|move|p2a: DuckDodgers|Taunt|p1a: Mind Blocker
|-start|p1a: Mind Blocker|move: Taunt
|
|turn|2
|
|switch|p1a: PabloPicasso|Smeargle, M, shiny|273\/273
|switch|p2a: Lizardon|Charizard, M|297\/297
|
|turn|3
|
|-formechange|p2a: Lizardon|Charizard-Mega-Y
|message|Charizard has Mega Evolved into Mega Charizard!
|-weather|SunnyDay
|move|p2a: Lizardon|Flamethrower|p1a: PabloPicasso
|-enditem|p1a: PabloPicasso|Focus Sash
|-damage|p1a: PabloPicasso|1\/273
|move|p1a: PabloPicasso|Spore|p2a: Lizardon
|-status|p2a: Lizardon|slp
|
|-weather|SunnyDay|[upkeep]
|turn|4
|
|cant|p2a: Lizardon|slp
|move|p1a: PabloPicasso|Baton Pass|p1a: PabloPicasso
|
|switch|p1a: Mind Blocker|Mr. Mime, M, shiny|284\/284
|
|-weather|SunnyDay|[upkeep]
|turn|5
|
|cant|p2a: Lizardon|slp
|move|p1a: Mind Blocker|Calm Mind|p1a: Mind Blocker
|-boost|p1a: Mind Blocker|spa|1
|-boost|p1a: Mind Blocker|spd|1
|
|-weather|SunnyDay|[upkeep]
|turn|6
|join|McMann
|
|switch|p2a: BatMan|Quagsire, M|394\/394
|move|p1a: Mind Blocker|Baton Pass|p1a: Mind Blocker
|join|mars40
|
|switch|p1a: FrozenSoul|Vaporeon, F|449\/449
|
|-weather|SunnyDay|[upkeep]
|turn|7
|chat|McMann|double unaware.
|chat|McMann|denis this team will be a pain in the ass
|chat|Lizardons|only quag is unaware
|chat|dEnIssSs|just one of them is annoying 
|chat|McMann|oh
|chat|dEnIssSs|unaware clefable cant do anything
|
|move|p1a: FrozenSoul|Substitute|p1a: FrozenSoul
|-start|p1a: FrozenSoul|Substitute
|-damage|p1a: FrozenSoul|337\/449
|move|p2a: BatMan|Earthquake|p1a: FrozenSoul
|-activate|p1a: FrozenSoul|Substitute|[damage]
|
|-weather|none
|-heal|p1a: FrozenSoul|365\/449|[from] item: Leftovers
|turn|8
|chat|Lizardons|https:\/\/www.youtube.com\/watch?v=dvAUvRU5QV0
|
|move|p1a: FrozenSoul|Acid Armor|p1a: FrozenSoul
|-boost|p1a: FrozenSoul|def|2
|move|p2a: BatMan|Earthquake|p1a: FrozenSoul
|-end|p1a: FrozenSoul|Substitute
|
|-heal|p1a: FrozenSoul|393\/449|[from] item: Leftovers
|turn|9
|
|move|p1a: FrozenSoul|Substitute|p1a: FrozenSoul
|-start|p1a: FrozenSoul|Substitute
|-damage|p1a: FrozenSoul|281\/449
|move|p2a: BatMan|Haze|p2a: BatMan
|-clearallboost
|
|-heal|p1a: FrozenSoul|309\/449|[from] item: Leftovers
|turn|10
|chat|dEnIssSs|i def need my ingrain
|
|move|p1a: FrozenSoul|Baton Pass|p1a: FrozenSoul
|
|switch|p1a: fairy METEOR|Sylveon, F|385\/385
|move|p2a: BatMan|Earthquake|p1a: fairy METEOR
|-end|p1a: fairy METEOR|Substitute
|
|turn|11
|
|move|p1a: fairy METEOR|Hyper Voice|p2a: BatMan
|-damage|p2a: BatMan|201\/394
|move|p2a: BatMan|Scald|p1a: fairy METEOR
|-damage|p1a: fairy METEOR|339\/385
|-status|p1a: fairy METEOR|brn
|
|-heal|p1a: fairy METEOR|363\/385 brn|[from] item: Leftovers
|-heal|p2a: BatMan|225\/394|[from] item: Leftovers
|-damage|p1a: fairy METEOR|315\/385 brn|[from] brn
|turn|12
|
|switch|p2a: Lizardon|Charizard, M|297\/297 slp
|-formechange|p2a: Lizardon|Charizard-Mega-Y
|-weather|SunnyDay
|move|p1a: fairy METEOR|Hyper Voice|p2a: Lizardon
|-resisted|p2a: Lizardon
|-damage|p2a: Lizardon|227\/297 slp
|
|-weather|SunnyDay|[upkeep]
|-heal|p1a: fairy METEOR|339\/385 brn|[from] item: Leftovers
|-damage|p1a: fairy METEOR|291\/385 brn|[from] brn
|turn|13
|chat|McMann|..........
|
|cant|p2a: Lizardon|slp
|move|p1a: fairy METEOR|Baton Pass|p1a: fairy METEOR
|chat|mars40|that link
|
|switch|p1a: la cucaracha|Scolipede, M, shiny|321\/321
|
|-weather|SunnyDay|[upkeep]
|turn|14
|chat|Lizardons|not gonna lie kinda went for that lol
|
|move|p1a: la cucaracha|Protect|p1a: la cucaracha
|-singleturn|p1a: la cucaracha|Protect
|-curestatus|p2a: Lizardon|slp
|move|p2a: Lizardon|Flamethrower|p1a: la cucaracha
|-activate|p1a: la cucaracha|Protect
|
|-weather|SunnyDay|[upkeep]
|-boost|p1a: la cucaracha|spe|1|[from] ability: Speed Boost
|turn|15
|chat|McMann|lol
|chat|McMann|what happened to smeargle...
|
|switch|p2a: BatMan|Quagsire, M|225\/394
|move|p1a: la cucaracha|Substitute|p1a: la cucaracha
|-start|p1a: la cucaracha|Substitute
|-damage|p1a: la cucaracha|241\/321
|
|-weather|SunnyDay|[upkeep]
|-heal|p2a: BatMan|249\/394|[from] item: Leftovers
|-boost|p1a: la cucaracha|spe|1|[from] ability: Speed Boost
|turn|16
|chat|McMann|oh 1%
|
|move|p1a: la cucaracha|Baton Pass|p1a: la cucaracha
|
|switch|p1a: PabloPicasso|Smeargle, M, shiny|1\/273
|move|p2a: BatMan|Earthquake|p1a: PabloPicasso
|-end|p1a: PabloPicasso|Substitute
|
|-weather|none
|-heal|p2a: BatMan|273\/394|[from] item: Leftovers
|turn|17
|
|switch|p2a: DuckDodgers|Mandibuzz, F|424\/424
|move|p1a: PabloPicasso|Spore|p2a: DuckDodgers
|-fail|p2a: DuckDodgers
|
|turn|18
|
|move|p1a: PabloPicasso|Baton Pass|p1a: PabloPicasso
|
|switch|p1a: fairy METEOR|Sylveon, F|291\/385 brn
|move|p2a: DuckDodgers|Foul Play|p1a: fairy METEOR
|-resisted|p1a: fairy METEOR
|-damage|p1a: fairy METEOR|257\/385 brn
|
|-heal|p1a: fairy METEOR|281\/385 brn|[from] item: Leftovers
|-damage|p1a: fairy METEOR|233\/385 brn|[from] brn
|turn|19
|
|switch|p2a: Lizardon|Charizard, M|227\/297
|-formechange|p2a: Lizardon|Charizard-Mega-Y
|-weather|SunnyDay
|move|p1a: fairy METEOR|Baton Pass|p1a: fairy METEOR
|
|switch|p1a: PabloPicasso|Smeargle, M, shiny|1\/273
|
|-weather|SunnyDay|[upkeep]
|turn|20
|
|move|p1a: PabloPicasso|Spore|p2a: Lizardon
|-status|p2a: Lizardon|slp
|cant|p2a: Lizardon|slp
|
|-weather|SunnyDay|[upkeep]
|turn|21
|
|move|p1a: PabloPicasso|Baton Pass|p1a: PabloPicasso
|
|switch|p1a: Mind Blocker|Mr. Mime, M, shiny|284\/284
|-curestatus|p2a: Lizardon|slp
|move|p2a: Lizardon|Flamethrower|p1a: Mind Blocker
|-damage|p1a: Mind Blocker|76\/284
|
|-weather|SunnyDay|[upkeep]
|-heal|p1a: Mind Blocker|93\/284|[from] item: Leftovers
|turn|22
|
|move|p1a: Mind Blocker|Substitute|p1a: Mind Blocker
|-start|p1a: Mind Blocker|Substitute
|-damage|p1a: Mind Blocker|22\/284
|move|p2a: Lizardon|Flamethrower|p1a: Mind Blocker
|-end|p1a: Mind Blocker|Substitute
|
|-weather|SunnyDay|[upkeep]
|-heal|p1a: Mind Blocker|39\/284|[from] item: Leftovers
|turn|23
|
|move|p1a: Mind Blocker|Baton Pass|p1a: Mind Blocker
|
|switch|p1a: FrozenSoul|Vaporeon, F|309\/449
|move|p2a: Lizardon|Solar Beam|p1a: FrozenSoul|[still]
|-prepare|p2a: Lizardon|Solar Beam|p1a: FrozenSoul
|-anim|p2a: Lizardon|Solar Beam|p1a: FrozenSoul
|-supereffective|p1a: FrozenSoul
|-damage|p1a: FrozenSoul|0 fnt
|faint|p1a: FrozenSoul
|
|-weather|none
|chat|dEnIssSs|that was obv
|
|switch|p1a: Pandora Box|Espeon, M, shiny|334\/334
|turn|24
|chat|McMann|yea
|
|move|p2a: Lizardon|Flamethrower|p1a: Pandora Box
|-damage|p1a: Pandora Box|102\/334
|move|p1a: Pandora Box|Calm Mind|p1a: Pandora Box
|-boost|p1a: Pandora Box|spa|1
|-boost|p1a: Pandora Box|spd|1
|
|-heal|p1a: Pandora Box|122\/334|[from] item: Leftovers
|turn|25
|
|move|p2a: Lizardon|Flamethrower|p1a: Pandora Box
|-damage|p1a: Pandora Box|0 fnt
|faint|p1a: Pandora Box
|
|-message|dEnIssSs forfeited.
|
|win|Lizardons
|raw|Ladder updating...
|leave|dEnIssSs
|player|p1
|raw|dEnIssSs's rating: 2025 &rarr; <strong>1994<\/strong><br \/>(-31 for losing)
|raw|Lizardons's rating: 1807 &rarr; <strong>1838<\/strong><br \/>(+31 for winning)