|join|Lizardons
|join|Reverb
|player|p1|Lizardons|101
|player|p2|Reverb|#reverb
|gametype|singles
|gen|6
|tier|OU
|rated
|clearpoke
|poke|p1|Charizard, M
|poke|p1|Clefable, F
|poke|p1|Chansey, F
|poke|p1|Gliscor, M
|poke|p1|Slowbro, M
|poke|p1|Skarmory, F
|poke|p2|Empoleon, F
|poke|p2|Tyranitar, F
|poke|p2|Charizard, M
|poke|p2|Keldeo
|poke|p2|Kyurem-Black
|poke|p2|Landorus-Therian, M
|rule|Swagger Clause: Swagger is banned
|rule|Baton Pass Clause: Limit one PokÃ©mon knowing Baton Pass
|rule|Sleep Clause Mod: Limit one foe put to sleep
|rule|Species Clause: Limit one of each PokÃ©mon
|rule|OHKO Clause: OHKO moves are banned
|rule|Moody Clause: Moody is banned
|rule|Evasion Moves Clause: Evasion moves are banned
|rule|Endless Battle Clause: Forcing endless battles is banned
|rule|HP Percentage Mod: HP is shown in percentages
|teampreview
|c|âLizardons|gl
|
|start
|switch|p1a: Freddy|Gliscor, M|352\/352
|switch|p2a: Keldeo|Keldeo|323\/323
|turn|1
|
|switch|p2a: Charizard|Charizard, M|297\/297
|move|p1a: Freddy|Protect|p1a: Freddy
|-fail|p1a: Freddy
|
|-status|p1a: Freddy|tox|[from] item: Toxic Orb
|turn|2
|
|detailschange|p2a: Charizard|Charizard-Mega-Y, M
|message|Charizard has Mega Evolved into Mega Charizard!
|-weather|SunnyDay
|move|p1a: Freddy|Protect|p1a: Freddy
|-singleturn|p1a: Freddy|Protect
|move|p2a: Charizard|Fire Blast|p1a: Freddy
|-activate|p1a: Freddy|Protect
|
|-weather|SunnyDay|[upkeep]
|turn|3
|
|switch|p2a: Tyranitar|Tyranitar, F|383\/383
|-weather|Sandstorm
|switch|p1a: FatTony|Chansey, F|704\/704
|
|-weather|Sandstorm|[upkeep]
|-damage|p1a: FatTony|660\/704|[from] sandstorm
|turn|4
|
|switch|p1a: Skara|Skarmory, F|334\/334
|move|p2a: Tyranitar|Superpower|p1a: Skara
|-damage|p1a: Skara|209\/334
|-damage|p2a: Tyranitar|320\/383|[from] item: Rocky Helmet|[of] p1a: Skara
|-unboost|p2a: Tyranitar|atk|1
|-unboost|p2a: Tyranitar|def|1
|
|-weather|Sandstorm|[upkeep]
|turn|5
|join|I ABR I
|
|switch|p2a: Empoleon|Empoleon, F|372\/372
|move|p1a: Skara|Roost|p1a: Skara
|-heal|p1a: Skara|334\/334
|
|-weather|Sandstorm|[upkeep]
|turn|6
|join|squirrelll
|
|move|p1a: Skara|Stealth Rock|p2a: Empoleon
|-sidestart|p2: Reverb|move: Stealth Rock
|move|p2a: Empoleon|Scald|p1a: Skara
|-damage|p1a: Skara|193\/334
|
|-weather|Sandstorm|[upkeep]
|turn|7
|
|switch|p1a: Lizardon|Charizard, M|333\/333
|move|p2a: Empoleon|Defog|p1a: Lizardon
|-unboost|p1a: Lizardon|evasion|1
|-sideend|p2: Reverb|Stealth Rock|[from] move: Defog|[of] p2a: Empoleon
|
|-weather|none
|turn|8
|
|detailschange|p1a: Lizardon|Charizard-Mega-X, M
|message|Charizard has Mega Evolved into Mega Charizard!
|move|p1a: Lizardon|Flare Blitz|p2a: Empoleon
|-damage|p2a: Empoleon|113\/372
|-damage|p1a: Lizardon|248\/333|[from] recoil|[of] p2a: Empoleon
|move|p2a: Empoleon|Stealth Rock|p1a: Lizardon
|-sidestart|p1: Lizardons|move: Stealth Rock
|
|-heal|p2a: Empoleon|136\/372|[from] item: Leftovers
|turn|9
|
|switch|p2a: Landorus-Therian|Landorus-Therian, M|327\/327
|-ability|p2a: Landorus-Therian|Intimidate|[of] p1a: Lizardon
|-unboost|p1a: Lizardon|atk|1
|move|p1a: Lizardon|Flare Blitz|p2a: Landorus-Therian
|-damage|p2a: Landorus-Therian|119\/327
|-damage|p1a: Lizardon|179\/333|[from] recoil|[of] p2a: Landorus-Therian
|
|turn|10
|join|Chillingtilnoon
|
|switch|p1a: Skara|Skarmory, F|193\/334
|-damage|p1a: Skara|152\/334|[from] Stealth Rock
|move|p2a: Landorus-Therian|Explosion|p1a: Skara
|-resisted|p1a: Skara
|-damage|p1a: Skara|59\/334
|faint|p2a: Landorus-Therian
|
|join|Gizmo
|
|switch|p2a: Tyranitar|Tyranitar, F|320\/383
|-weather|Sandstorm
|turn|11
|
|move|p2a: Tyranitar|Crunch|p1a: Skara
|-damage|p1a: Skara|0 fnt
|-damage|p2a: Tyranitar|257\/383|[from] item: Rocky Helmet|[of] p1a: Skara
|faint|p1a: Skara
|
|-weather|Sandstorm|[upkeep]
|
|switch|p1a: Freddy|Gliscor, M|352\/352 tox
|-damage|p1a: Freddy|308\/352 tox|[from] Stealth Rock
|turn|12
|
|switch|p2a: Empoleon|Empoleon, F|136\/372
|move|p1a: Freddy|Toxic|p2a: Empoleon
|-fail|p2a: Empoleon
|
|-weather|Sandstorm|[upkeep]
|-heal|p2a: Empoleon|159\/372|[from] item: Leftovers
|-heal|p1a: Freddy|352\/352 tox|[from] ability: Poison Heal
|turn|13
|
|switch|p2a: Charizard|Charizard-Mega-Y, M|297\/297
|-weather|SunnyDay
|move|p1a: Freddy|Earthquake|p2a: Charizard
|-immune|p2a: Charizard|[msg]
|
|-weather|SunnyDay|[upkeep]
|turn|14
|
|move|p1a: Freddy|Protect|p1a: Freddy
|-singleturn|p1a: Freddy|Protect
|move|p2a: Charizard|Fire Blast|p1a: Freddy
|-activate|p1a: Freddy|Protect
|
|-weather|SunnyDay|[upkeep]
|turn|15
|c| I ABR I|pls tell me thats blitz
|
|move|p2a: Charizard|Fire Blast|p1a: Freddy
|-damage|p1a: Freddy|0 fnt
|faint|p1a: Freddy
|
|-weather|SunnyDay|[upkeep]
|
|switch|p1a: FatTony|Chansey, F|660\/704
|-damage|p1a: FatTony|572\/704|[from] Stealth Rock
|turn|16
|
|switch|p2a: Tyranitar|Tyranitar, F|257\/383
|-weather|Sandstorm
|move|p1a: FatTony|Wish|p1a: FatTony
|
|-weather|Sandstorm|[upkeep]
|-damage|p1a: FatTony|528\/704|[from] sandstorm
|turn|17
|
|move|p2a: Tyranitar|Stone Edge|p1a: FatTony
|-damage|p1a: FatTony|159\/704
|move|p1a: FatTony|Soft-Boiled|p1a: FatTony
|-heal|p1a: FatTony|511\/704
|
|-weather|Sandstorm|[upkeep]
|-damage|p1a: FatTony|467\/704|[from] sandstorm
|-heal|p1a: FatTony|704\/704|[from] move: Wish|[wisher] FatTony
|turn|18
|
|switch|p1a: Wayno|Slowbro, M|394\/394
|-damage|p1a: Wayno|345\/394|[from] Stealth Rock
|move|p2a: Tyranitar|Stone Edge|p1a: Wayno
|-damage|p1a: Wayno|152\/394
|
|-weather|Sandstorm|[upkeep]
|-damage|p1a: Wayno|128\/394|[from] sandstorm
|-heal|p1a: Wayno|152\/394|[from] item: Leftovers
|turn|19
|join|Albyness
|c| I ABR I|ooooo
|
|move|p2a: Tyranitar|Stone Edge|p1a: Wayno
|-damage|p1a: Wayno|0 fnt
|faint|p1a: Wayno
|
|-weather|Sandstorm|[upkeep]
|c| I ABR I|nice n cb
|c|âLizardons|gg
|-message|Lizardons forfeited.
|
|win|Reverb
|raw|Ladder updating...
|c|âReverb|gg
|leave|Lizardons
|player|p1
|c| I ABR I|nb reverb
|c| Gizmo|cb tar is annoying af rn
|leave|I ABR I