|join|Lizardons
|join|Brennyy
|player|p1|Lizardons|170
|player|p2|Brennyy|210
|gametype|singles
|gen|6
|tier|OU
|rated
|clearpoke
|poke|p1|Blissey, F
|poke|p1|Quagsire, M, shiny
|poke|p1|Skarmory, M
|poke|p1|Clefable, F
|poke|p1|Charizard, M
|poke|p1|Mandibuzz, F
|poke|p2|Landorus, M
|poke|p2|Heatran, M
|poke|p2|Keldeo
|poke|p2|Slowbro, F
|poke|p2|Venusaur, F
|poke|p2|Weavile, M
|rule|Sleep Clause Mod: Limit one foe put to sleep
|rule|Species Clause: Limit one of each Pokemon
|rule|OHKO Clause: OHKO moves are banned
|rule|Moody Clause: Moody is banned
|rule|Evasion Moves Clause: Evasion moves are banned
|rule|Endless Battle Clause: Forcing endless battles is banned.
|rule|HP Percentage Mod: HP is reported as percentages
|teampreview
|join|Omegasization
|
|start
|switch|p1a: Lizardon|Charizard, M|297\/297
|switch|p2a: Heatran|Heatran, M|323\/323
|turn|1
|
|-formechange|p1a: Lizardon|Charizard-Mega-Y
|message|Charizard has Mega Evolved into Mega Charizard!
|-weather|SunnyDay
|move|p2a: Heatran|Stone Edge|p1a: Lizardon
|-crit|p1a: Lizardon
|-supereffective|p1a: Lizardon
|-damage|p1a: Lizardon|0 fnt
|faint|p1a: Lizardon
|
|-weather|SunnyDay|[upkeep]
|chat|Omegasization|lol
|
|switch|p1a: TeemoShroom|Clefable, F|394\/394
|turn|2
|chat|Lizardons|ok
|join|AjTheEpic
|chat|Brennyy|i hate stall 
|chat|Brennyy|cryen 
|
|switch|p2a: Venusaur|Venusaur, F|364\/364
|move|p1a: TeemoShroom|Calm Mind|p1a: TeemoShroom
|-boost|p1a: TeemoShroom|spa|1
|-boost|p1a: TeemoShroom|spd|1
|
|-weather|SunnyDay|[upkeep]
|turn|3
|chat|AjTheEpic|Rate this stall team! 0\/10 uses blissey get good fgt
|
|-formechange|p2a: Venusaur|Venusaur-Mega
|message|Venusaur has Mega Evolved into Mega Venusaur!
|move|p2a: Venusaur|Sludge Bomb|p1a: TeemoShroom
|-supereffective|p1a: TeemoShroom
|-damage|p1a: TeemoShroom|214\/394
|move|p1a: TeemoShroom|Calm Mind|p1a: TeemoShroom
|-boost|p1a: TeemoShroom|spa|1
|-boost|p1a: TeemoShroom|spd|1
|
|-weather|SunnyDay|[upkeep]
|-heal|p1a: TeemoShroom|238\/394|[from] item: Leftovers
|turn|4
|chat|Brennyy|does clef get psychic
|chat|Lizardons|yep
|c|âBrennyy|!learn clefable, psychic
|raw|<div class="infobox">Clefable <span class="message-learn-canlearn">can<\/span> learn Psychic<\/ul><\/div>
|chat|Brennyy|aw fuck 
|chat|Lizardons|and flamethrower ice beam eta
|
|switch|p2a: Weavile|Weavile, M|282\/282
|-ability|p2a: Weavile|Pressure
|move|p1a: TeemoShroom|Soft-Boiled|p1a: TeemoShroom
|-heal|p1a: TeemoShroom|394\/394
|
|-weather|SunnyDay|[upkeep]
|turn|5
|chat|Lizardons|clefable has it all
|chat|AjTheEpic|it won't have it lol
|
|move|p2a: Weavile|Taunt|p1a: TeemoShroom
|-start|p1a: TeemoShroom|move: Taunt
|move|p1a: TeemoShroom|Moonblast|p2a: Weavile
|-supereffective|p2a: Weavile
|-damage|p2a: Weavile|0 fnt
|faint|p2a: Weavile
|
|-weather|none
|chat|Brennyy|k
|chat|AjTheEpic|It runs CM + Moon blast +Flame thrower
|
|switch|p2a: Venusaur|Venusaur, F|364\/364
|-formechange|p2a: Venusaur|Venusaur-Mega
|turn|6
|chat|Brennyy|oh thanks 
|
|move|p2a: Venusaur|Sludge Bomb|p1a: TeemoShroom
|-supereffective|p1a: TeemoShroom
|-damage|p1a: TeemoShroom|244\/394
|move|p1a: TeemoShroom|Flamethrower|p2a: Venusaur
|-supereffective|p2a: Venusaur
|-damage|p2a: Venusaur|282\/364
|
|-heal|p1a: TeemoShroom|268\/394|[from] item: Leftovers
|turn|7
|
|switch|p1a: Sharknado|Skarmory, M|334\/334
|move|p2a: Venusaur|Sludge Bomb|p1a: Sharknado
|-immune|p1a: Sharknado|[msg]
|
|turn|8
|
|switch|p2a: Keldeo|Keldeo|322\/322
|move|p1a: Sharknado|Stealth Rock|p2a: Keldeo
|-sidestart|p2: Brennyy|move: Stealth Rock
|
|turn|9
|
|move|p2a: Keldeo|Secret Sword|p1a: Sharknado
|-damage|p1a: Sharknado|214\/334
|move|p1a: Sharknado|Brave Bird|p2a: Keldeo
|-supereffective|p2a: Keldeo
|-damage|p2a: Keldeo|52\/322
|-damage|p1a: Sharknado|125\/334|[from] recoil|[of] p2a: Keldeo
|
|-heal|p1a: Sharknado|145\/334|[from] item: Leftovers
|turn|10
|chat|Brennyy|ok
|
|move|p2a: Keldeo|Secret Sword|p1a: Sharknado
|-damage|p1a: Sharknado|27\/334
|move|p1a: Sharknado|Roost|p1a: Sharknado
|-heal|p1a: Sharknado|194\/334
|
|-heal|p1a: Sharknado|214\/334|[from] item: Leftovers
|turn|11
|chat|Omegasization|you...
|chat|Brennyy|wait what am i doing lol 
|
|switch|p2a: Heatran|Heatran, M|323\/323
|-damage|p2a: Heatran|283\/323|[from] Stealth Rock
|move|p1a: Sharknado|Roost|p1a: Sharknado
|-heal|p1a: Sharknado|334\/334
|
|turn|12
|chat|Omegasization|secret sword is calced of the foes phys def
|chat|Omegasization|lol
|chat|Brennyy|i was predicting blissey
|
|switch|p1a: BatMan|Quagsire, M, shiny|394\/394
|move|p2a: Heatran|Overheat|p1a: BatMan
|-resisted|p1a: BatMan
|-damage|p1a: BatMan|225\/394
|-unboost|p2a: Heatran|spa|2
|
|-heal|p1a: BatMan|249\/394|[from] item: Leftovers
|turn|13
|chat|AjTheEpic|his best check to keldeo wasn't weak to fight
|chat|AjTheEpic|omg
|
|switch|p2a: Venusaur|Venusaur, F|282\/364
|-formechange|p2a: Venusaur|Venusaur-Mega
|-damage|p2a: Venusaur|237\/364|[from] Stealth Rock
|move|p1a: BatMan|Scald|p2a: Venusaur
|-resisted|p2a: Venusaur
|-damage|p2a: Venusaur|216\/364
|
|-heal|p1a: BatMan|273\/394|[from] item: Leftovers
|turn|14
|chat|AjTheEpic|Go hydro pump when opponent has clefable
|
|switch|p1a: Sharknado|Skarmory, M|334\/334
|move|p2a: Venusaur|Giga Drain|p1a: Sharknado
|-resisted|p1a: Sharknado
|-damage|p1a: Sharknado|300\/334
|-heal|p2a: Venusaur|233\/364|[from] drain|[of] p1a: Sharknado
|
|-heal|p1a: Sharknado|320\/334|[from] item: Leftovers
|turn|15
|chat|Omegasization|^
|chat|AjTheEpic|I mean, don't let an opponent kill keldeo with a skarmory
|
|move|p2a: Venusaur|Knock Off|p1a: Sharknado
|-damage|p1a: Sharknado|281\/334
|-enditem|p1a: Sharknado|Leftovers|[from] move: Knock Off|[of] p2a: Venusaur
|move|p1a: Sharknado|Whirlwind|p2a: Venusaur
|drag|p2a: Slowbro|Slowbro, F|394\/394
|-damage|p2a: Slowbro|345\/394|[from] Stealth Rock
|
|-heal|p2a: Slowbro|369\/394|[from] item: Leftovers
|turn|16
|
|switch|p1a: FatTony|Blissey, F|714\/714
|move|p2a: Slowbro|Scald|p1a: FatTony
|-damage|p1a: FatTony|639\/714
|-status|p1a: FatTony|brn
|
|-heal|p1a: FatTony|683\/714 brn|[from] item: Leftovers
|-heal|p2a: Slowbro|393\/394|[from] item: Leftovers
|-damage|p1a: FatTony|594\/714 brn|[from] brn
|turn|17
|
|switch|p2a: Venusaur|Venusaur, F|233\/364
|-formechange|p2a: Venusaur|Venusaur-Mega
|-damage|p2a: Venusaur|188\/364|[from] Stealth Rock
|move|p1a: FatTony|Wish|p1a: FatTony
|
|-heal|p1a: FatTony|638\/714 brn|[from] item: Leftovers
|-damage|p1a: FatTony|549\/714 brn|[from] brn
|turn|18
|chat|Brennyy|I should probs run leech seed on megasaur
|chat|Brennyy|but then aegi checks me 
|
|switch|p1a: Sharknado|Skarmory, M|281\/334
|move|p2a: Venusaur|Knock Off|p1a: Sharknado
|-damage|p1a: Sharknado|254\/334
|
|-heal|p1a: Sharknado|334\/334|[from] move: Wish|[wisher] FatTony
|turn|19
|
|switch|p2a: Heatran|Heatran, M|283\/323
|-damage|p2a: Heatran|243\/323|[from] Stealth Rock
|move|p1a: Sharknado|Brave Bird|p2a: Heatran
|-resisted|p2a: Heatran
|-damage|p2a: Heatran|180\/323
|-damage|p1a: Sharknado|313\/334|[from] recoil|[of] p2a: Heatran
|
|turn|20
|chat|Omegasization|LS is better
|
|switch|p1a: FatTony|Blissey, F|549\/714
|move|p2a: Heatran|Overheat|p1a: FatTony
|-damage|p1a: FatTony|359\/714
|-unboost|p2a: Heatran|spa|2
|
|-heal|p1a: FatTony|403\/714|[from] item: Leftovers
|turn|21
|chat|Omegasization|you can just stall aegi
|chat|Lizardons|didnt even know that venusaur got knock off
|chat|Omegasization|it does
|chat|Brennyy|Wiz told me to run it 
|chat|Lizardons|sounds cool might try it
|chat|Omegasization|hmm
|
|switch|p2a: Venusaur|Venusaur, F|188\/364
|-formechange|p2a: Venusaur|Venusaur-Mega
|-damage|p2a: Venusaur|143\/364|[from] Stealth Rock
|move|p1a: FatTony|Wish|p1a: FatTony
|
|-heal|p1a: FatTony|447\/714|[from] item: Leftovers
|turn|22
|chat|Lizardons|scarf heatran stone edge kinda ruined me lol
|chat|Brennyy|My team is so weak to stall I just can't 
|chat|Brennyy|it's amazing 
|chat|Brennyy|lol 
|
|move|p2a: Venusaur|Synthesis|p2a: Venusaur
|-heal|p2a: Venusaur|325\/364
|move|p1a: FatTony|Seismic Toss|p2a: Venusaur
|-damage|p2a: Venusaur|225\/364
|
|-heal|p1a: FatTony|714\/714|[from] move: Wish|[wisher] FatTony
|turn|23
|chat|Omegasization|landorus?
|
|switch|p1a: Sharknado|Skarmory, M|313\/334
|move|p2a: Venusaur|Knock Off|p1a: Sharknado
|-damage|p1a: Sharknado|286\/334
|
|turn|24
|chat|Brennyy|blissey
|chat|Omegasization|hmm
|chat|Brennyy|I don't run focus blast 
|chat|Brennyy|:\/
|chat|Lizardons|=[
|
|switch|p2a: Slowbro|Slowbro, F|394\/394
|-damage|p2a: Slowbro|345\/394|[from] Stealth Rock
|move|p1a: Sharknado|Brave Bird|p2a: Slowbro
|-damage|p2a: Slowbro|267\/394
|-damage|p1a: Sharknado|260\/334|[from] recoil|[of] p2a: Slowbro
|
|-heal|p2a: Slowbro|291\/394|[from] item: Leftovers
|turn|25
|chat|Omegasization|do you run the rock slide set?
|chat|Brennyy|cm
|
|switch|p1a: FatTony|Blissey, F|714\/714
|move|p2a: Slowbro|Scald|p1a: FatTony
|-damage|p1a: FatTony|645\/714
|-status|p1a: FatTony|brn
|
|-heal|p1a: FatTony|689\/714 brn|[from] item: Leftovers
|-heal|p2a: Slowbro|315\/394|[from] item: Leftovers
|-damage|p1a: FatTony|600\/714 brn|[from] brn
|turn|26
|chat|Omegasization|btw you should prob get up rocks
|chat|Omegasization|It might help
|chat|Brennyy|no rocks lol 
|chat|Omegasization|...
|
|switch|p1a: TeemoShroom|Clefable, F|268\/394
|move|p2a: Slowbro|Foul Play|p1a: TeemoShroom
|-resisted|p1a: TeemoShroom
|-damage|p1a: TeemoShroom|251\/394
|
|-heal|p1a: TeemoShroom|275\/394|[from] item: Leftovers
|-heal|p2a: Slowbro|339\/394|[from] item: Leftovers
|turn|27
|chat|Brennyy|I'm thinking of replacing weavile with chomp 
|chat|Brennyy|but i'd have a bad ice weakness
|
|switch|p2a: Venusaur|Venusaur, F|225\/364
|-formechange|p2a: Venusaur|Venusaur-Mega
|-damage|p2a: Venusaur|180\/364|[from] Stealth Rock
|move|p1a: TeemoShroom|Flamethrower|p2a: Venusaur
|-supereffective|p2a: Venusaur
|-damage|p2a: Venusaur|134\/364
|
|-heal|p1a: TeemoShroom|299\/394|[from] item: Leftovers
|turn|28
|chat|Omegasization|you should see my mega chomp team
|chat|Lizardons|try adding latios
|chat|Lizardons|or latias
|chat|Lizardons|since you need defog
|chat|Brennyy|Tried that too 
|
|switch|p1a: Sharknado|Skarmory, M|260\/334
|move|p2a: Venusaur|Synthesis|p2a: Venusaur
|-heal|p2a: Venusaur|316\/364
|
|turn|29
|chat|Brennyy|the first five mons are amazing 
|chat|Omegasization|you just need hazard control
|chat|Brennyy|I need a good sixth one 
|chat|Lizardons|i say you need defog
|chat|Brennyy|lando\/tran\/keldeo core hadles everything
|join|IAmGingy
|chat|Brennyy|yeah 
|chat|Omegasization|donphan :3
|
|switch|p2a: Heatran|Heatran, M|180\/323
|-damage|p2a: Heatran|140\/323|[from] Stealth Rock
|move|p1a: Sharknado|Roost|p1a: Sharknado
|-heal|p1a: Sharknado|334\/334
|
|turn|30
|chat|Brennyy|I could but I'm still walled by chansey\/blissey
|
|switch|p1a: FatTony|Blissey, F|600\/714
|move|p2a: Heatran|Overheat|p1a: FatTony
|-damage|p1a: FatTony|407\/714
|-unboost|p2a: Heatran|spa|2
|
|-heal|p1a: FatTony|451\/714|[from] item: Leftovers
|turn|31
|chat|Omegasization|it learns knock off
|chat|Omegasization|>.>
|
|switch|p2a: Keldeo|Keldeo|52\/322
|-damage|p2a: Keldeo|32\/322|[from] Stealth Rock
|move|p1a: FatTony|Wish|p1a: FatTony
|
|-heal|p1a: FatTony|495\/714|[from] item: Leftovers
|turn|32
|chat|Omegasization|no joke
|
|move|p1a: FatTony|Protect|p1a: FatTony
|-singleturn|p1a: FatTony|Protect
|move|p2a: Keldeo|Secret Sword|p1a: FatTony
|-activate|p1a: FatTony|Protect
|
|-heal|p1a: FatTony|714\/714|[from] move: Wish|[wisher] FatTony
|turn|33
|chat|Brennyy|yeah ik haha
|
|switch|p1a: TeemoShroom|Clefable, F|299\/394
|move|p2a: Keldeo|Secret Sword|p1a: TeemoShroom
|-resisted|p1a: TeemoShroom
|-damage|p1a: TeemoShroom|192\/394
|
|-heal|p1a: TeemoShroom|216\/394|[from] item: Leftovers
|turn|34
|chat|Omegasization|and seed bomb
|join|I'm Lati
|chat|Omegasization|and fire fang
|chat|Omegasization|and play rough, ice shard...
|chat|I'm Lati|aj
|chat|Brennyy|reallly lol 
|chat|I'm Lati|I read your team thing
|
|switch|p2a: Venusaur|Venusaur, F|316\/364
|-formechange|p2a: Venusaur|Venusaur-Mega
|-damage|p2a: Venusaur|271\/364|[from] Stealth Rock
|move|p1a: TeemoShroom|Soft-Boiled|p1a: TeemoShroom
|-heal|p1a: TeemoShroom|394\/394
|
|turn|35
|chat|I'm Lati|4\/10
|
|switch|p1a: Sharknado|Skarmory, M|334\/334
|move|p2a: Venusaur|Sludge Bomb|p1a: Sharknado
|-immune|p1a: Sharknado|[msg]
|
|turn|36
|chat|Omegasization|its movepool is really diverse
|c|âBrennyy|!dexsearch defog, all
|raw|<div class="infobox">A search with the parameter "all" cannot be broadcast.<\/div>
|chat|Brennyy|hm
|chat|Brennyy|oh 
|c|âBrennyy|!dexsearch defog
|raw|<div class="infobox">Tropius, Charizard, Charizard-Mega-Y, Vullaby, Beedrill, Pidgey, Pidgeotto, Pidgeot, Braviary, Rufflet, and 92 more. Redo the search with "all" as a search parameter to show all results.<\/div>
|chat|Omegasization|serebii.net
|chat|Omegasization|lol charizard for best defogger
|c|âBrennyy|!learn charizardmegax, defog
|raw|<div class="infobox">Charizard-Mega-X <span class="message-learn-canlearn">can<\/span> learn Defog only when obtained from:<ul class="message-learn-list"><li>any generation before 5<\/ul><\/div>
|chat|Brennyy|omg I'm gonna try it 
|chat|Brennyy|lol mega x before gen 5
|chat|Omegasization|4 times weak to rock
|chat|Omegasization|>.>
|chat|Lizardons|tried charizard with defog
|chat|Lizardons|it is crap
|chat|Omegasization|lol yup
|chat|Brennyy|bulky zard x?
|chat|Brennyy|lol
|chat|Lizardons|it was interesting
|chat|Omegasization|dont pls
|leave|I'm Lati
|
|switch|p2a: Landorus|Landorus, M|320\/320
|-damage|p2a: Landorus|280\/320|[from] Stealth Rock
|move|p1a: Sharknado|Whirlwind|p2a: Landorus
|drag|p2a: Venusaur|Venusaur, F|271\/364
|-formechange|p2a: Venusaur|Venusaur-Mega
|-damage|p2a: Venusaur|226\/364|[from] Stealth Rock
|
|turn|37
|
|move|p2a: Venusaur|Synthesis|p2a: Venusaur
|-heal|p2a: Venusaur|364\/364
|move|p1a: Sharknado|Whirlwind|p2a: Venusaur
|drag|p2a: Keldeo|Keldeo|32\/322
|-damage|p2a: Keldeo|12\/322|[from] Stealth Rock
|
|turn|38
|chat|Brennyy|fucking shit
|
|switch|p1a: BatMan|Quagsire, M, shiny|273\/394
|move|p2a: Keldeo|Scald|p1a: BatMan
|-damage|p1a: BatMan|0 fnt
|faint|p1a: BatMan
|
|
|switch|p1a: FatTony|Blissey, F|714\/714
|turn|39
|chat|Brennyy|yes
|chat|Brennyy|i killed something 
|
|move|p2a: Keldeo|Scald|p1a: FatTony
|-damage|p1a: FatTony|546\/714
|move|p1a: FatTony|Seismic Toss|p2a: Keldeo
|-damage|p2a: Keldeo|0 fnt
|faint|p2a: Keldeo
|
|-heal|p1a: FatTony|590\/714|[from] item: Leftovers
|chat|Omegasization|your keldeo needs expert belt
|chat|Omegasization|:I
|chat|Lizardons|specs keldeo is beast
|chat|Omegasization|or mystic water
|chat|Brennyy|now I'm walled by blissey 
|join|I'm Lati
|chat|Lizardons|that thing melts
|leave|I'm Lati
|chat|Brennyy|shouldn't have let weavile die :-(
|
|switch|p2a: Landorus|Landorus, M|280\/320
|-damage|p2a: Landorus|240\/320|[from] Stealth Rock
|turn|40
|chat|Brennyy|Pls don't run toxic 
|
|move|p2a: Landorus|Calm Mind|p2a: Landorus
|-boost|p2a: Landorus|spa|1
|-boost|p2a: Landorus|spd|1
|move|p1a: FatTony|Seismic Toss|p2a: Landorus
|-damage|p2a: Landorus|140\/320
|
|-heal|p1a: FatTony|634\/714|[from] item: Leftovers
|turn|41
|chat|Brennyy|thx 
|
|move|p2a: Landorus|Earth Power|p1a: FatTony
|-damage|p1a: FatTony|360\/714
|move|p1a: FatTony|Toxic|p2a: Landorus
|-status|p2a: Landorus|tox
|
|-heal|p1a: FatTony|404\/714|[from] item: Leftovers
|-damage|p2a: Landorus|120\/320 tox|[from] psn
|turn|42
|chat|Omegasization|lol
|chat|Brennyy|:------(
|
|switch|p2a: Heatran|Heatran, M|140\/323
|-damage|p2a: Heatran|100\/323|[from] Stealth Rock
|move|p1a: FatTony|Wish|p1a: FatTony
|
|-heal|p1a: FatTony|448\/714|[from] item: Leftovers
|turn|43
|chat|Lizardons|was thinkiing sub earlier for some reason lol
|
|move|p1a: FatTony|Protect|p1a: FatTony
|-singleturn|p1a: FatTony|Protect
|move|p2a: Heatran|Earth Power|p1a: FatTony
|-activate|p1a: FatTony|Protect
|
|-heal|p1a: FatTony|714\/714|[from] move: Wish|[wisher] FatTony
|turn|44
|chat|Lizardons|reading that explosion
|chat|Omegasization|blissey with sub
|chat|Brennyy|subcm keldeo could work 
|chat|Brennyy|why'd i click earth power
|
|switch|p2a: Venusaur|Venusaur, F|364\/364
|-formechange|p2a: Venusaur|Venusaur-Mega
|-damage|p2a: Venusaur|319\/364|[from] Stealth Rock
|move|p1a: FatTony|Seismic Toss|p2a: Venusaur
|-damage|p2a: Venusaur|219\/364
|
|turn|45
|chat|Omegasization|gets walled by jelli
|
|switch|p1a: Sharknado|Skarmory, M|334\/334
|move|p2a: Venusaur|Knock Off|p1a: Sharknado
|-damage|p1a: Sharknado|308\/334
|
|turn|46
|chat|Lizardons|no one uses jelli anymore
|chat|Brennyy|most keldeo's get walled by jelli 
|chat|Omegasization|i do
|chat|Brennyy|and yeah noone uses jelli 
|chat|Omegasization|.-.
|chat|Brennyy|except that one guy 
|chat|Omegasization|lol
|
|switch|p2a: Slowbro|Slowbro, F|394\/394
|-damage|p2a: Slowbro|345\/394|[from] Stealth Rock
|move|p1a: Sharknado|Brave Bird|p2a: Slowbro
|-damage|p2a: Slowbro|263\/394
|-damage|p1a: Sharknado|281\/334|[from] recoil|[of] p2a: Slowbro
|
|-heal|p2a: Slowbro|287\/394|[from] item: Leftovers
|turn|47
|chat|Omegasization|im also that one guy that likes donphan
|chat|Lizardons|and you have venusaur to ruin jelli
|chat|Omegasization|and rotom mow
|
|switch|p1a: TeemoShroom|Clefable, F|394\/394
|move|p2a: Slowbro|Scald|p1a: TeemoShroom
|-damage|p1a: TeemoShroom|286\/394
|-status|p1a: TeemoShroom|brn
|
|-heal|p1a: TeemoShroom|310\/394 brn|[from] item: Leftovers
|-heal|p2a: Slowbro|311\/394|[from] item: Leftovers
|turn|48
|chat|Brennyy|I liked donphan 
|chat|Brennyy|but not much offensive pressence
|
|move|p1a: TeemoShroom|Flamethrower|p2a: Slowbro
|-resisted|p2a: Slowbro
|-damage|p2a: Slowbro|267\/394
|move|p2a: Slowbro|Scald|p1a: TeemoShroom
|-damage|p1a: TeemoShroom|208\/394 brn
|
|-heal|p1a: TeemoShroom|232\/394 brn|[from] item: Leftovers
|-heal|p2a: Slowbro|291\/394|[from] item: Leftovers
|turn|49
|chat|Omegasization|what?
|
|switch|p2a: Venusaur|Venusaur, F|219\/364
|-formechange|p2a: Venusaur|Venusaur-Mega
|-damage|p2a: Venusaur|174\/364|[from] Stealth Rock
|move|p1a: TeemoShroom|Soft-Boiled|p1a: TeemoShroom
|-heal|p1a: TeemoShroom|394\/394 brn
|
|turn|50
|join|kl;jkjl
|chat|Lizardons|predicted venusaur lol
|chat|Brennyy|wouldn't have done much tho haha
|leave|IAmGingy
|chat|Lizardons|could burn xD
|
|switch|p1a: Sharknado|Skarmory, M|281\/334
|move|p2a: Venusaur|Synthesis|p2a: Venusaur
|-heal|p2a: Venusaur|356\/364
|
|turn|51
|
|switch|p2a: Slowbro|Slowbro, F|394\/394
|-damage|p2a: Slowbro|345\/394|[from] Stealth Rock
|move|p1a: Sharknado|Whirlwind|p2a: Slowbro
|drag|p2a: Venusaur|Venusaur, F|356\/364
|-formechange|p2a: Venusaur|Venusaur-Mega
|-damage|p2a: Venusaur|311\/364|[from] Stealth Rock
|
|turn|52
|
|switch|p2a: Slowbro|Slowbro, F|394\/394
|-damage|p2a: Slowbro|345\/394|[from] Stealth Rock
|move|p1a: Sharknado|Whirlwind|p2a: Slowbro
|drag|p2a: Heatran|Heatran, M|100\/323
|-damage|p2a: Heatran|60\/323|[from] Stealth Rock
|
|turn|53
|
|switch|p1a: FatTony|Blissey, F|714\/714
|move|p2a: Heatran|Stone Edge|p1a: FatTony|[miss]
|-miss|p2a: Heatran|p1a: FatTony
|
|turn|54
|
|move|p2a: Heatran|Stone Edge|p1a: FatTony
|-crit|p1a: FatTony
|-damage|p1a: FatTony|504\/714
|move|p1a: FatTony|Seismic Toss|p2a: Heatran
|-damage|p2a: Heatran|0 fnt
|faint|p2a: Heatran
|
|-heal|p1a: FatTony|548\/714|[from] item: Leftovers
|chat|Lizardons|such a weak stone crit
|chat|Omegasization|crit
|chat|Brennyy|sorry for the crit 
|
|switch|p2a: Slowbro|Slowbro, F|394\/394
|-damage|p2a: Slowbro|345\/394|[from] Stealth Rock
|turn|55
|chat|Omegasization|wow
|
|move|p1a: FatTony|Toxic|p2a: Slowbro|[miss]
|-miss|p1a: FatTony|p2a: Slowbro
|move|p2a: Slowbro|Scald|p1a: FatTony
|-damage|p1a: FatTony|473\/714
|
|-heal|p1a: FatTony|517\/714|[from] item: Leftovers
|-heal|p2a: Slowbro|369\/394|[from] item: Leftovers
|turn|56
|chat|Brennyy|help me fix my team pls 
|chat|Brennyy|I finally came up with a really nice core 
|chat|Brennyy|lol 
|chat|Omegasization|no :P
|
|move|p1a: FatTony|Toxic|p2a: Slowbro
|-status|p2a: Slowbro|tox
|move|p2a: Slowbro|Foul Play|p1a: FatTony
|-damage|p1a: FatTony|504\/714
|
|-heal|p1a: FatTony|548\/714|[from] item: Leftovers
|-heal|p2a: Slowbro|393\/394 tox|[from] item: Leftovers
|-damage|p2a: Slowbro|369\/394 tox|[from] psn
|turn|57
|chat|Lizardons|need something on my team for keldeo 
|chat|Brennyy|ur making me crey
|chat|Brennyy|you can play around it 
|chat|Omegasization|;.;
|chat|Lizardons|true
|
|move|p1a: FatTony|Seismic Toss|p2a: Slowbro
|-damage|p2a: Slowbro|269\/394 tox
|move|p2a: Slowbro|Foul Play|p1a: FatTony
|-damage|p1a: FatTony|534\/714
|
|-heal|p1a: FatTony|578\/714|[from] item: Leftovers
|-heal|p2a: Slowbro|293\/394 tox|[from] item: Leftovers
|-damage|p2a: Slowbro|245\/394 tox|[from] psn
|turn|58
|chat|Lizardons|i just like running charizard so screw venusaur
|
|move|p1a: FatTony|Seismic Toss|p2a: Slowbro
|-damage|p2a: Slowbro|145\/394 tox
|move|p2a: Slowbro|Scald|p1a: FatTony
|-damage|p1a: FatTony|509\/714
|
|-heal|p1a: FatTony|553\/714|[from] item: Leftovers
|-heal|p2a: Slowbro|169\/394 tox|[from] item: Leftovers
|-damage|p2a: Slowbro|97\/394 tox|[from] psn
|turn|59
|chat|Brennyy|ah
|
|move|p1a: FatTony|Seismic Toss|p2a: Slowbro
|-damage|p2a: Slowbro|0 fnt
|faint|p2a: Slowbro
|
|-heal|p1a: FatTony|597\/714|[from] item: Leftovers
|
|switch|p2a: Venusaur|Venusaur, F|311\/364
|-formechange|p2a: Venusaur|Venusaur-Mega
|-damage|p2a: Venusaur|266\/364|[from] Stealth Rock
|turn|60
|
|move|p1a: FatTony|Protect|p1a: FatTony
|-singleturn|p1a: FatTony|Protect
|move|p2a: Venusaur|Sludge Bomb|p1a: FatTony
|-activate|p1a: FatTony|Protect
|
|-heal|p1a: FatTony|641\/714|[from] item: Leftovers
|turn|61
|chat|Brennyy|I think i should run leech seed
|
|switch|p1a: Sharknado|Skarmory, M|281\/334
|move|p2a: Venusaur|Knock Off|p1a: Sharknado
|-damage|p1a: Sharknado|253\/334
|
|turn|62
|leave|AjTheEpic
|chat|Brennyy|and maybe replace weavile
|
|move|p2a: Venusaur|Knock Off|p1a: Sharknado
|-damage|p1a: Sharknado|226\/334
|move|p1a: Sharknado|Brave Bird|p2a: Venusaur
|-supereffective|p2a: Venusaur
|-damage|p2a: Venusaur|50\/364
|-damage|p1a: Sharknado|155\/334|[from] recoil|[of] p2a: Venusaur
|
|turn|63
|
|move|p2a: Venusaur|Knock Off|p1a: Sharknado
|-damage|p1a: Sharknado|127\/334
|move|p1a: Sharknado|Brave Bird|p2a: Venusaur
|-supereffective|p2a: Venusaur
|-damage|p2a: Venusaur|0 fnt
|-damage|p1a: Sharknado|110\/334|[from] recoil|[of] p2a: Venusaur
|faint|p2a: Venusaur
|
|chat|Omegasization|with exca
|
|switch|p2a: Landorus|Landorus, M|120\/320 tox
|-damage|p2a: Landorus|80\/320 tox|[from] Stealth Rock
|turn|64
|chat|Omegasization|also solves your blissey problem
|chat|Brennyy|oh fuck 
|chat|Brennyy|thanks 
|chat|Brennyy|holy shit 
|chat|Lizardons|exadrill might work
|chat|Brennyy|love u 
|chat|Omegasization|ty
|
|switch|p1a: DuckDodgers|Mandibuzz, F|424\/424
|move|p2a: Landorus|Psychic|p1a: DuckDodgers
|-immune|p1a: DuckDodgers|[msg]
|
|-damage|p2a: Landorus|60\/320 tox|[from] psn
|turn|65
|chat|Brennyy|ok 
|
|move|p2a: Landorus|Sludge Wave|p1a: DuckDodgers
|-damage|p1a: DuckDodgers|250\/424
|move|p1a: DuckDodgers|Foul Play|p2a: Landorus
|-damage|p2a: Landorus|0 fnt
|faint|p2a: Landorus
|
|win|Lizardons
|raw|Ladder updating...
|raw|Lizardons's rating: 1705 &rarr; <strong>1714<\/strong><br \/>(+9 for winning)
|raw|Brennyy's rating: 1482 &rarr; <strong>1473<\/strong><br \/>(-9 for losing)
|chat|Brennyy|gg man 
|chat|Lizardons|gg
|chat|Brennyy|:)
|chat|Lizardons|=]
|chat|Brennyy|how'd i go against
|chat|Brennyy|someone that's 1700
|chat|Brennyy|wth 
|chat|Lizardons|no clue
|chat|Brennyy|that's unfair 
|chat|Brennyy|i was gonna hit 
|chat|Omegasization|lol
|chat|Brennyy|1500
|chat|Lizardons|I tanked from1900 yesturday xD
|chat|Brennyy|:----(
|chat|Brennyy|good job 
|chat|Lizardons|was super fun
|chat|Brennyy|haha
|chat|Brennyy|gg :) 