|join|Lizardons
|join|Murkrow Jupiter
|player|p1|Lizardons|170
|player|p2|Murkrow Jupiter|132
|gametype|singles
|gen|6
|tier|OU
|rated
|clearpoke
|poke|p1|Blissey, F
|poke|p1|Gliscor, M
|poke|p1|Mandibuzz, F
|poke|p1|Skarmory, M
|poke|p1|Charizard, M
|poke|p1|Celebi
|poke|p2|Aegislash, F, shiny
|poke|p2|Meloetta, shiny
|poke|p2|Hydreigon, M, shiny
|poke|p2|Landorus-Therian, M
|poke|p2|Blastoise, M
|poke|p2|Keldeo, shiny
|rule|Sleep Clause Mod: Limit one foe put to sleep
|rule|Species Clause: Limit one of each Pokemon
|rule|OHKO Clause: OHKO moves are banned
|rule|Moody Clause: Moody is banned
|rule|Evasion Moves Clause: Evasion moves are banned
|rule|Endless Battle Clause: Forcing endless battles is banned.
|rule|HP Percentage Mod: HP is reported as percentages
|teampreview
|
|start
|switch|p1a: BatMan|Gliscor, M|352\/352
|switch|p2a: eViL|Hydreigon, M, shiny|369\/369
|turn|1
|
|move|p1a: BatMan|Protect|p1a: BatMan
|-singleturn|p1a: BatMan|Protect
|move|p2a: eViL|Draco Meteor|p1a: BatMan
|-activate|p1a: BatMan|Protect
|
|-status|p1a: BatMan|tox|[from] item: Toxic Orb
|turn|2
|
|switch|p2a: The Godfather|Landorus-Therian, M|381\/381
|-ability|p2a: The Godfather|Intimidate|[of] p1a: BatMan
|-unboost|p1a: BatMan|atk|1
|switch|p1a: FatTony|Blissey, F|714\/714
|
|turn|3
|chat|Murkrow Jupiter|http:\/\/www.youtube.com\/watch?v=eDuRoPIOBjE
|join|zachstache
|join|Earl of Pudding
|join|BUSH DID 9\/11
|
|move|p2a: The Godfather|Stealth Rock|p1a: FatTony
|-sidestart|p1: Lizardons|move: Stealth Rock
|move|p1a: FatTony|Toxic|p2a: The Godfather
|-status|p2a: The Godfather|tox
|
|-damage|p2a: The Godfather|358\/381 tox|[from] psn
|turn|4
|join|Jee Wiz
|
|switch|p1a: BatMan|Gliscor, M|352\/352 tox
|-damage|p1a: BatMan|308\/352 tox|[from] Stealth Rock
|move|p2a: The Godfather|U-turn|p1a: BatMan
|-resisted|p1a: BatMan
|-damage|p1a: BatMan|284\/352 tox
|chat|BUSH DID 9\/11|tfw no gf
|chat|BUSH DID 9\/11|tfw no gf
|
|switch|p2a: Rainbows&Death|Keldeo, shiny|322\/322
|
|-heal|p1a: BatMan|328\/352 tox|[from] ability: Poison Heal
|turn|5
|chat|BUSH DID 9\/11|tfw no gf
|
|switch|p1a: Serenity|Celebi|404\/404
|-damage|p1a: Serenity|354\/404|[from] Stealth Rock
|move|p2a: Rainbows&Death|Calm Mind|p2a: Rainbows&Death
|-boost|p2a: Rainbows&Death|spa|1
|-boost|p2a: Rainbows&Death|spd|1
|
|-heal|p1a: Serenity|379\/404|[from] item: Leftovers
|turn|6
|
|switch|p2a: HeWent2Jareds!|Aegislash, F, shiny|261\/261
|move|p1a: Serenity|Perish Song|p1a: Serenity
|-fieldactivate|move: Perish Song
|
|-start|p1a: Serenity|perish3
|-start|p2a: HeWent2Jareds!|perish3
|-heal|p1a: Serenity|404\/404|[from] item: Leftovers
|turn|7
|
|-formechange|p2a: HeWent2Jareds!|Aegislash-Blade
|move|p2a: HeWent2Jareds!|Pursuit|p1a: Serenity|[from]Pursuit
|-supereffective|p1a: Serenity
|-damage|p1a: Serenity|123\/404
|-damage|p2a: HeWent2Jareds!|235\/261|[from] item: Life Orb
|switch|p1a: DuckDodgers|Mandibuzz, F|424\/424
|-damage|p1a: DuckDodgers|318\/424|[from] Stealth Rock
|
|-start|p2a: HeWent2Jareds!|perish2
|-heal|p1a: DuckDodgers|344\/424|[from] item: Leftovers
|turn|8
|
|switch|p2a: The Godfather|Landorus-Therian, M|358\/381 tox
|-ability|p2a: The Godfather|Intimidate|[of] p1a: DuckDodgers
|-unboost|p1a: DuckDodgers|atk|1
|move|p1a: DuckDodgers|Defog|p2a: The Godfather
|-unboost|p2a: The Godfather|evasion|1
|-sideend|p1: Lizardons|Stealth Rock|[from] move: Defog|[of] p1a: DuckDodgers
|
|-heal|p2a: The Godfather|381\/381 tox|[from] item: Leftovers
|-heal|p1a: DuckDodgers|370\/424|[from] item: Leftovers
|-damage|p2a: The Godfather|358\/381 tox|[from] psn
|turn|9
|chat|BUSH DID 9\/11|swords dont have ears
|
|move|p2a: The Godfather|Stealth Rock|p1a: DuckDodgers
|-sidestart|p1: Lizardons|move: Stealth Rock
|move|p1a: DuckDodgers|Knock Off|p2a: The Godfather
|-damage|p2a: The Godfather|315\/381 tox
|-enditem|p2a: The Godfather|Leftovers|[from] move: Knock Off|[of] p1a: DuckDodgers
|
|-heal|p1a: DuckDodgers|396\/424|[from] item: Leftovers
|-damage|p2a: The Godfather|269\/381 tox|[from] psn
|turn|10
|
|move|p2a: The Godfather|U-turn|p1a: DuckDodgers
|-damage|p1a: DuckDodgers|339\/424
|
|switch|p2a: getShot@Son|Blastoise, M|358\/358
|move|p1a: DuckDodgers|Defog|p2a: getShot@Son
|-unboost|p2a: getShot@Son|evasion|1
|-sideend|p1: Lizardons|Stealth Rock|[from] move: Defog|[of] p1a: DuckDodgers
|
|-heal|p1a: DuckDodgers|365\/424|[from] item: Leftovers
|turn|11
|
|switch|p1a: FatTony|Blissey, F|714\/714
|-formechange|p2a: getShot@Son|Blastoise-Mega
|message|Blastoise has Mega Evolved into Mega Blastoise!
|move|p2a: getShot@Son|Dark Pulse|p1a: FatTony
|-damage|p1a: FatTony|589\/714
|
|-heal|p1a: FatTony|633\/714|[from] item: Leftovers
|turn|12
|
|switch|p2a: The Godfather|Landorus-Therian, M|269\/381 tox
|-ability|p2a: The Godfather|Intimidate|[of] p1a: FatTony
|-unboost|p1a: FatTony|atk|1
|move|p1a: FatTony|Toxic|p2a: The Godfather
|-fail|p2a: The Godfather|tox
|
|-heal|p1a: FatTony|677\/714|[from] item: Leftovers
|-damage|p2a: The Godfather|246\/381 tox|[from] psn
|turn|13
|
|switch|p1a: DuckDodgers|Mandibuzz, F|365\/424
|move|p2a: The Godfather|Stealth Rock|p1a: DuckDodgers
|-sidestart|p1: Lizardons|move: Stealth Rock
|
|-heal|p1a: DuckDodgers|391\/424|[from] item: Leftovers
|-damage|p2a: The Godfather|200\/381 tox|[from] psn
|turn|14
|
|move|p2a: The Godfather|Stone Edge|p1a: DuckDodgers
|-supereffective|p1a: DuckDodgers
|-damage|p1a: DuckDodgers|247\/424
|move|p1a: DuckDodgers|Defog|p2a: The Godfather
|-unboost|p2a: The Godfather|evasion|1
|-sideend|p1: Lizardons|Stealth Rock|[from] move: Defog|[of] p1a: DuckDodgers
|
|-heal|p1a: DuckDodgers|273\/424|[from] item: Leftovers
|-damage|p2a: The Godfather|131\/381 tox|[from] psn
|turn|15
|
|move|p2a: The Godfather|Stealth Rock|p1a: DuckDodgers
|-sidestart|p1: Lizardons|move: Stealth Rock
|move|p1a: DuckDodgers|Roost|p1a: DuckDodgers
|-heal|p1a: DuckDodgers|424\/424
|
|-damage|p2a: The Godfather|39\/381 tox|[from] psn
|turn|16
|
|switch|p2a: Calm Mind is OP|Meloetta, shiny|341\/341
|move|p1a: DuckDodgers|Defog|p2a: Calm Mind is OP
|-unboost|p2a: Calm Mind is OP|evasion|1
|-sideend|p1: Lizardons|Stealth Rock|[from] move: Defog|[of] p1a: DuckDodgers
|
|turn|17
|
|move|p2a: Calm Mind is OP|Thunderbolt|p1a: DuckDodgers
|-supereffective|p1a: DuckDodgers
|-damage|p1a: DuckDodgers|148\/424
|-status|p1a: DuckDodgers|par
|move|p1a: DuckDodgers|Knock Off|p2a: Calm Mind is OP
|-supereffective|p2a: Calm Mind is OP
|-damage|p2a: Calm Mind is OP|173\/341
|-enditem|p2a: Calm Mind is OP|Expert Belt|[from] move: Knock Off|[of] p1a: DuckDodgers
|
|-heal|p1a: DuckDodgers|174\/424 par|[from] item: Leftovers
|turn|18
|
|switch|p1a: BatMan|Gliscor, M|328\/352 tox
|move|p2a: Calm Mind is OP|Relic Song|p1a: BatMan
|-crit|p1a: BatMan
|-damage|p1a: BatMan|57\/352 tox
|-formechange|p2a: Calm Mind is OP|Meloetta-Pirouette
|
|-heal|p1a: BatMan|101\/352 tox|[from] ability: Poison Heal
|turn|19
|
|move|p1a: BatMan|Protect|p1a: BatMan
|-singleturn|p1a: BatMan|Protect
|move|p2a: Calm Mind is OP|Psychic|p1a: BatMan
|-activate|p1a: BatMan|Protect
|
|-heal|p1a: BatMan|145\/352 tox|[from] ability: Poison Heal
|turn|20
|leave|Earl of Pudding
|
|switch|p2a: The Godfather|Landorus-Therian, M|39\/381 tox
|-ability|p2a: The Godfather|Intimidate|[of] p1a: BatMan
|-unboost|p1a: BatMan|atk|1
|move|p1a: BatMan|Toxic|p2a: The Godfather
|-fail|p2a: The Godfather|tox
|
|-damage|p2a: The Godfather|16\/381 tox|[from] psn
|-heal|p1a: BatMan|189\/352 tox|[from] ability: Poison Heal
|turn|21
|
|move|p2a: The Godfather|Stealth Rock|p1a: BatMan
|-sidestart|p1: Lizardons|move: Stealth Rock
|move|p1a: BatMan|Substitute|p1a: BatMan
|-start|p1a: BatMan|Substitute
|-damage|p1a: BatMan|101\/352 tox
|
|-damage|p2a: The Godfather|0 fnt|[from] psn
|-heal|p1a: BatMan|145\/352 tox|[from] ability: Poison Heal
|faint|p2a: The Godfather
|join|Firefall Embrace
|
|switch|p2a: getShot@Son|Blastoise, M|358\/358
|-formechange|p2a: getShot@Son|Blastoise-Mega
|turn|22
|join|AstroHamsta
|chat|Firefall Embrace|gliscor
|chat|Firefall Embrace|is a fgt
|chat|Firefall Embrace|;-;
|
|move|p1a: BatMan|Protect|p1a: BatMan
|-singleturn|p1a: BatMan|Protect
|move|p2a: getShot@Son|Ice Beam|p1a: BatMan
|-activate|p1a: BatMan|Protect
|
|-heal|p1a: BatMan|189\/352 tox|[from] ability: Poison Heal
|turn|23
|
|move|p1a: BatMan|Toxic|p2a: getShot@Son|[miss]
|-miss|p1a: BatMan|p2a: getShot@Son
|move|p2a: getShot@Son|Ice Beam|p1a: BatMan
|-supereffective|p1a: BatMan
|-end|p1a: BatMan|Substitute
|
|-heal|p1a: BatMan|233\/352 tox|[from] ability: Poison Heal
|turn|24
|
|move|p1a: BatMan|Protect|p1a: BatMan
|-singleturn|p1a: BatMan|Protect
|move|p2a: getShot@Son|Water Pulse|p1a: BatMan
|-activate|p1a: BatMan|Protect
|
|-heal|p1a: BatMan|277\/352 tox|[from] ability: Poison Heal
|turn|25
|
|switch|p1a: FatTony|Blissey, F|677\/714
|-damage|p1a: FatTony|588\/714|[from] Stealth Rock
|move|p2a: getShot@Son|Ice Beam|p1a: FatTony
|-damage|p1a: FatTony|500\/714
|
|-heal|p1a: FatTony|544\/714|[from] item: Leftovers
|turn|26
|
|switch|p2a: HeWent2Jareds!|Aegislash, F, shiny|235\/261
|move|p1a: FatTony|Wish|p1a: FatTony
|
|-heal|p1a: FatTony|588\/714|[from] item: Leftovers
|turn|27
|
|switch|p1a: DuckDodgers|Mandibuzz, F|174\/424 par
|-damage|p1a: DuckDodgers|68\/424 par|[from] Stealth Rock
|-formechange|p2a: HeWent2Jareds!|Aegislash-Blade
|move|p2a: HeWent2Jareds!|Iron Head|p1a: DuckDodgers
|-damage|p1a: DuckDodgers|0 fnt
|-damage|p2a: HeWent2Jareds!|209\/261|[from] item: Life Orb
|faint|p1a: DuckDodgers
|
|
|switch|p1a: BatMan|Gliscor, M|277\/352 tox
|-damage|p1a: BatMan|233\/352 tox|[from] Stealth Rock
|turn|28
|chat|Murkrow Jupiter|http:\/\/www.youtube.com\/watch?v=eDuRoPIOBjE
|
|move|p1a: BatMan|Substitute|p1a: BatMan
|-start|p1a: BatMan|Substitute
|-damage|p1a: BatMan|145\/352 tox
|move|p2a: HeWent2Jareds!|Shadow Ball|p1a: BatMan
|-end|p1a: BatMan|Substitute
|-damage|p2a: HeWent2Jareds!|183\/261|[from] item: Life Orb
|
|-heal|p1a: BatMan|189\/352 tox|[from] ability: Poison Heal
|turn|29
|
|switch|p2a: Rainbows&Death|Keldeo, shiny|322\/322
|move|p1a: BatMan|Earthquake|p2a: Rainbows&Death
|-damage|p2a: Rainbows&Death|207\/322
|
|-heal|p1a: BatMan|233\/352 tox|[from] ability: Poison Heal
|turn|30
|
|move|p2a: Rainbows&Death|Scald|p1a: BatMan
|-supereffective|p1a: BatMan
|-damage|p1a: BatMan|0 fnt
|faint|p1a: BatMan
|
|leave|BUSH DID 9\/11
|
|switch|p1a: FatTony|Blissey, F|588\/714
|-damage|p1a: FatTony|499\/714|[from] Stealth Rock
|turn|31
|chat|Murkrow Jupiter|nigga imma bout ma business son
|chat|Lizardons|learned this battle that charizard and celebi are bad lol
|
|move|p2a: Rainbows&Death|Secret Sword|p1a: FatTony
|-supereffective|p1a: FatTony
|-damage|p1a: FatTony|0 fnt
|faint|p1a: FatTony
|
|
|switch|p1a: Serenity|Celebi|123\/404
|-damage|p1a: Serenity|73\/404|[from] Stealth Rock
|turn|32
|
|move|p2a: Rainbows&Death|Hidden Power|p1a: Serenity
|-supereffective|p1a: Serenity
|-damage|p1a: Serenity|0 fnt
|faint|p1a: Serenity
|
|
|switch|p1a: Lizardon|Charizard, M|297\/297
|-damage|p1a: Lizardon|149\/297|[from] Stealth Rock
|turn|33
|
|move|p2a: Rainbows&Death|Scald|p1a: Lizardon
|-supereffective|p1a: Lizardon
|-damage|p1a: Lizardon|0 fnt
|faint|p1a: Lizardon
|
|
|switch|p1a: Sharknado|Skarmory, M|334\/334
|-damage|p1a: Sharknado|293\/334|[from] Stealth Rock
|turn|34
|chat|Lizardons|gg
|chat|Murkrow Jupiter|gg 
|
|move|p2a: Rainbows&Death|Scald|p1a: Sharknado
|-damage|p1a: Sharknado|115\/334
|move|p1a: Sharknado|Brave Bird|p2a: Rainbows&Death
|-supereffective|p2a: Rainbows&Death
|-enditem|p2a: Rainbows&Death|Coba Berry|[eat]
|-damage|p2a: Rainbows&Death|69\/322
|-damage|p1a: Sharknado|69\/334|[from] recoil|[of] p2a: Rainbows&Death
|
|-heal|p1a: Sharknado|89\/334|[from] item: Leftovers
|turn|35
|chat|Lizardons|celebii is bad for a reason lol
|
|move|p2a: Rainbows&Death|Scald|p1a: Sharknado
|-damage|p1a: Sharknado|0 fnt
|faint|p1a: Sharknado
|
|win|Murkrow Jupiter
|raw|Ladder updating...
|raw|Lizardons's rating: 1761 &rarr; <strong>1742<\/strong><br \/>(-19 for losing)
|raw|Murkrow Jupiter's rating: 1788 &rarr; <strong>1807<\/strong><br \/>(+19 for winning)
|leave|Lizardons
|player|p1