|join|lil manaphy
|join|Lizardons
|player|p1|lil manaphy|37
|player|p2|Lizardons|157
|gametype|singles
|gen|6
|tier|OU
|rated
|clearpoke
|poke|p1|Gardevoir, F, shiny
|poke|p1|Mandibuzz, F
|poke|p1|Amoonguss, M
|poke|p1|Chansey, F
|poke|p1|Keldeo
|poke|p1|Landorus-Therian, M
|poke|p2|Venusaur, M
|poke|p2|Blissey, F
|poke|p2|Gliscor, M
|poke|p2|Slowbro, M
|poke|p2|Zapdos
|poke|p2|Bronzong
|rule|Swagger Clause: Swagger is banned
|rule|Baton Pass Clause: Limit one PokÃ©mon knowing Baton Pass
|rule|Sleep Clause Mod: Limit one foe put to sleep
|rule|Species Clause: Limit one of each PokÃ©mon
|rule|OHKO Clause: OHKO moves are banned
|rule|Moody Clause: Moody is banned
|rule|Evasion Moves Clause: Evasion moves are banned
|rule|Endless Battle Clause: Forcing endless battles is banned
|rule|HP Percentage Mod: HP is shown in percentages
|teampreview
|c|âLizardons|gl
|
|start
|switch|p1a: Landorus-Therian|Landorus-Therian, M|382\/382
|switch|p2a: BatMan|Gliscor, M|352\/352
|-ability|p1a: Landorus-Therian|Intimidate|[of] p2a: BatMan
|-unboost|p2a: BatMan|atk|1
|turn|1
|
|move|p2a: BatMan|Protect|p2a: BatMan
|-singleturn|p2a: BatMan|Protect
|move|p1a: Landorus-Therian|Stealth Rock|p2a: BatMan
|-sidestart|p2: Lizardons|move: Stealth Rock
|
|-status|p2a: BatMan|tox|[from] item: Toxic Orb
|turn|2
|
|move|p2a: BatMan|Knock Off|p1a: Landorus-Therian
|-damage|p1a: Landorus-Therian|343\/382
|-enditem|p1a: Landorus-Therian|Leftovers|[from] move: Knock Off|[of] p2a: BatMan
|move|p1a: Landorus-Therian|U-turn|p2a: BatMan
|-resisted|p2a: BatMan
|-damage|p2a: BatMan|330\/352 tox
|
|switch|p1a: Keldeo|Keldeo|323\/323
|
|-heal|p2a: BatMan|352\/352 tox|[from] ability: Poison Heal
|turn|3
|
|switch|p2a: Wayno|Slowbro, M|394\/394
|-damage|p2a: Wayno|345\/394|[from] Stealth Rock
|move|p1a: Keldeo|Scald|p2a: Wayno
|-resisted|p2a: Wayno
|-damage|p2a: Wayno|255\/394
|
|-heal|p2a: Wayno|279\/394|[from] item: Leftovers
|turn|4
|
|move|p1a: Keldeo|Substitute|p1a: Keldeo
|-start|p1a: Keldeo|Substitute
|-damage|p1a: Keldeo|243\/323
|move|p2a: Wayno|Scald|p1a: Keldeo
|-resisted|p1a: Keldeo
|-activate|p1a: Keldeo|Substitute|[damage]
|
|-heal|p1a: Keldeo|263\/323|[from] item: Leftovers
|-heal|p2a: Wayno|303\/394|[from] item: Leftovers
|turn|5
|
|move|p1a: Keldeo|Scald|p2a: Wayno
|-resisted|p2a: Wayno
|-damage|p2a: Wayno|211\/394
|move|p2a: Wayno|Psyshock|p1a: Keldeo
|-supereffective|p1a: Keldeo
|-end|p1a: Keldeo|Substitute
|
|-heal|p1a: Keldeo|283\/323|[from] item: Leftovers
|-heal|p2a: Wayno|235\/394|[from] item: Leftovers
|turn|6
|
|switch|p1a: Landorus-Therian|Landorus-Therian, M|343\/382
|-ability|p1a: Landorus-Therian|Intimidate|[of] p2a: Wayno
|-unboost|p2a: Wayno|atk|1
|move|p2a: Wayno|Slack Off|p2a: Wayno
|-heal|p2a: Wayno|394\/394
|
|turn|7
|
|move|p1a: Landorus-Therian|U-turn|p2a: Wayno
|-supereffective|p2a: Wayno
|-damage|p2a: Wayno|286\/394
|
|switch|p1a: Zoe|Amoonguss, M|432\/432
|move|p2a: Wayno|Scald|p1a: Zoe
|-resisted|p1a: Zoe
|-damage|p1a: Zoe|381\/432
|
|-heal|p2a: Wayno|310\/394|[from] item: Leftovers
|-heal|p1a: Zoe|408\/432|[from] item: Black Sludge
|turn|8
|
|switch|p2a: FatTony|Blissey, F|714\/714
|-damage|p2a: FatTony|625\/714|[from] Stealth Rock
|move|p1a: Zoe|Giga Drain|p2a: FatTony
|-damage|p2a: FatTony|564\/714
|-heal|p1a: Zoe|432\/432|[from] drain|[of] p2a: FatTony
|
|-heal|p2a: FatTony|608\/714|[from] item: Leftovers
|turn|9
|
|move|p2a: FatTony|Seismic Toss|p1a: Zoe
|-damage|p1a: Zoe|332\/432
|move|p1a: Zoe|Spore|p2a: FatTony
|-status|p2a: FatTony|slp
|
|-heal|p2a: FatTony|652\/714 slp|[from] item: Leftovers
|-heal|p1a: Zoe|359\/432|[from] item: Black Sludge
|turn|10
|
|switch|p2a: BatMan|Gliscor, M|352\/352 tox
|-damage|p2a: BatMan|308\/352 tox|[from] Stealth Rock
|switch|p1a: Misty day|Gardevoir, F, shiny|277\/277
|-ability|p1a: Misty day|Poison Heal|[from] ability: Trace|[of] p2a: BatMan
|
|-heal|p2a: BatMan|352\/352 tox|[from] ability: Poison Heal
|turn|11
|
|switch|p2a: TacoBell|Bronzong|338\/338
|-damage|p2a: TacoBell|317\/338|[from] Stealth Rock
|detailschange|p1a: Misty day|Gardevoir-Mega, F, shiny
|message|Gardevoir has Mega Evolved into Mega Gardevoir!
|move|p1a: Misty day|Hyper Voice|p2a: TacoBell
|-resisted|p2a: TacoBell
|-damage|p2a: TacoBell|239\/338
|
|-heal|p2a: TacoBell|260\/338|[from] item: Leftovers
|turn|12
|
|switch|p1a: Laveau|Mandibuzz, F|424\/424
|move|p2a: TacoBell|Stealth Rock|p1a: Laveau
|-sidestart|p1: lil manaphy|move: Stealth Rock
|
|-heal|p2a: TacoBell|281\/338|[from] item: Leftovers
|turn|13
|
|switch|p2a: BatMan|Gliscor, M|352\/352 tox
|-damage|p2a: BatMan|308\/352 tox|[from] Stealth Rock
|move|p1a: Laveau|Defog|p2a: BatMan
|-unboost|p2a: BatMan|evasion|1
|-sideend|p2: Lizardons|Stealth Rock|[from] move: Defog|[of] p2a: BatMan
|-sideend|p1: lil manaphy|Stealth Rock|[from] move: Defog|[of] p1a: Laveau
|
|-heal|p2a: BatMan|352\/352 tox|[from] ability: Poison Heal
|turn|14
|
|switch|p1a: Landorus-Therian|Landorus-Therian, M|343\/382
|-ability|p1a: Landorus-Therian|Intimidate|[of] p2a: BatMan
|-unboost|p2a: BatMan|atk|1
|move|p2a: BatMan|Knock Off|p1a: Landorus-Therian
|-damage|p1a: Landorus-Therian|316\/382
|
|turn|15
|
|move|p2a: BatMan|Toxic|p1a: Landorus-Therian
|-status|p1a: Landorus-Therian|tox
|move|p1a: Landorus-Therian|U-turn|p2a: BatMan
|-resisted|p2a: BatMan
|-damage|p2a: BatMan|328\/352 tox
|
|switch|p1a: Misty day|Gardevoir-Mega, F, shiny|277\/277
|
|-heal|p2a: BatMan|352\/352 tox|[from] ability: Poison Heal
|turn|16
|
|switch|p2a: TacoBell|Bronzong|281\/338
|move|p1a: Misty day|Hyper Voice|p2a: TacoBell
|-resisted|p2a: TacoBell
|-damage|p2a: TacoBell|195\/338
|
|-heal|p2a: TacoBell|216\/338|[from] item: Leftovers
|turn|17
|
|switch|p1a: Laveau|Mandibuzz, F|424\/424
|move|p2a: TacoBell|Hypnosis|p1a: Laveau|[miss]
|-miss|p2a: TacoBell|p1a: Laveau
|
|-heal|p2a: TacoBell|237\/338|[from] item: Leftovers
|turn|18
|
|move|p1a: Laveau|Foul Play|p2a: TacoBell
|-supereffective|p2a: TacoBell
|-damage|p2a: TacoBell|45\/338
|move|p2a: TacoBell|Stealth Rock|p1a: Laveau
|-sidestart|p1: lil manaphy|move: Stealth Rock
|
|-heal|p2a: TacoBell|66\/338|[from] item: Leftovers
|turn|19
|
|switch|p2a: BatMan|Gliscor, M|352\/352 tox
|move|p1a: Laveau|Defog|p2a: BatMan
|-unboost|p2a: BatMan|evasion|1
|-sideend|p1: lil manaphy|Stealth Rock|[from] move: Defog|[of] p1a: Laveau
|
|turn|20
|
|switch|p1a: Landorus-Therian|Landorus-Therian, M|316\/382 tox
|-ability|p1a: Landorus-Therian|Intimidate|[of] p2a: BatMan
|-unboost|p2a: BatMan|atk|1
|move|p2a: BatMan|Toxic|p1a: Landorus-Therian
|-fail|p1a: Landorus-Therian|tox
|
|-damage|p1a: Landorus-Therian|293\/382 tox|[from] psn
|turn|21
|
|move|p2a: BatMan|Protect|p2a: BatMan
|-singleturn|p2a: BatMan|Protect
|move|p1a: Landorus-Therian|U-turn|p2a: BatMan
|-activate|p2a: BatMan|Protect
|
|-damage|p1a: Landorus-Therian|247\/382 tox|[from] psn
|turn|22
|
|switch|p2a: FatTony|Blissey, F|652\/714
|move|p1a: Landorus-Therian|U-turn|p2a: FatTony
|-damage|p2a: FatTony|515\/714
|
|switch|p1a: Keldeo|Keldeo|283\/323
|
|-heal|p1a: Keldeo|303\/323|[from] item: Leftovers
|-heal|p2a: FatTony|559\/714|[from] item: Leftovers
|turn|23
|
|switch|p2a: Wayno|Slowbro, M|394\/394
|move|p1a: Keldeo|Secret Sword|p2a: Wayno
|-resisted|p2a: Wayno
|-damage|p2a: Wayno|346\/394
|
|-heal|p1a: Keldeo|323\/323|[from] item: Leftovers
|-heal|p2a: Wayno|370\/394|[from] item: Leftovers
|turn|24
|
|switch|p1a: Zoe|Amoonguss, M|432\/432
|move|p2a: Wayno|Scald|p1a: Zoe
|-crit|p1a: Zoe
|-resisted|p1a: Zoe
|-damage|p1a: Zoe|351\/432
|
|-heal|p2a: Wayno|394\/394|[from] item: Leftovers
|-heal|p1a: Zoe|378\/432|[from] item: Black Sludge
|turn|25
|
|switch|p2a: FatTony|Blissey, F|559\/714
|move|p1a: Zoe|Spore|p2a: FatTony
|-status|p2a: FatTony|slp
|
|-heal|p2a: FatTony|603\/714 slp|[from] item: Leftovers
|-heal|p1a: Zoe|405\/432|[from] item: Black Sludge
|turn|26
|
|switch|p2a: Plantman|Venusaur, M|363\/363
|switch|p1a: Misty day|Gardevoir-Mega, F, shiny|277\/277
|
|turn|27
|
|detailschange|p2a: Plantman|Venusaur-Mega, M
|message|Venusaur has Mega Evolved into Mega Venusaur!
|move|p1a: Misty day|Psyshock|p2a: Plantman
|-supereffective|p2a: Plantman
|-damage|p2a: Plantman|145\/363
|move|p2a: Plantman|Sludge Bomb|p1a: Misty day
|-supereffective|p1a: Misty day
|-damage|p1a: Misty day|67\/277
|
|turn|28
|
|switch|p2a: BatMan|Gliscor, M|352\/352 tox
|move|p1a: Misty day|Hyper Voice|p2a: BatMan
|-damage|p2a: BatMan|18\/352 tox
|
|-heal|p2a: BatMan|62\/352 tox|[from] ability: Poison Heal
|turn|29
|
|switch|p2a: FatTony|Blissey, F|603\/714
|move|p1a: Misty day|Psyshock|p2a: FatTony
|-damage|p2a: FatTony|300\/714
|
|-heal|p2a: FatTony|344\/714|[from] item: Leftovers
|turn|30
|
|switch|p1a: Landorus-Therian|Landorus-Therian, M|247\/382 tox
|-ability|p1a: Landorus-Therian|Intimidate|[of] p2a: FatTony
|-unboost|p2a: FatTony|atk|1
|move|p2a: FatTony|Seismic Toss|p1a: Landorus-Therian
|-damage|p1a: Landorus-Therian|147\/382 tox
|
|-heal|p2a: FatTony|388\/714|[from] item: Leftovers
|-damage|p1a: Landorus-Therian|124\/382 tox|[from] psn
|turn|31
|
|switch|p2a: BatMan|Gliscor, M|62\/352 tox
|move|p1a: Landorus-Therian|Stealth Rock|p2a: BatMan
|-sidestart|p2: Lizardons|move: Stealth Rock
|
|-heal|p2a: BatMan|106\/352 tox|[from] ability: Poison Heal
|-damage|p1a: Landorus-Therian|78\/382 tox|[from] psn
|turn|32
|
|move|p2a: BatMan|Protect|p2a: BatMan
|-singleturn|p2a: BatMan|Protect
|move|p1a: Landorus-Therian|U-turn|p2a: BatMan
|-activate|p2a: BatMan|Protect
|
|-heal|p2a: BatMan|150\/352 tox|[from] ability: Poison Heal
|-damage|p1a: Landorus-Therian|9\/382 tox|[from] psn
|turn|33
|
|move|p2a: BatMan|Knock Off|p1a: Landorus-Therian
|-damage|p1a: Landorus-Therian|0 fnt
|faint|p1a: Landorus-Therian
|
|-heal|p2a: BatMan|194\/352 tox|[from] ability: Poison Heal
|
|switch|p1a: Misty day|Gardevoir-Mega, F, shiny|67\/277
|turn|34
|
|switch|p2a: TacoBell|Bronzong|66\/338
|-damage|p2a: TacoBell|45\/338|[from] Stealth Rock
|move|p1a: Misty day|Hyper Voice|p2a: TacoBell
|-resisted|p2a: TacoBell
|-damage|p2a: TacoBell|0 fnt
|faint|p2a: TacoBell
|
|
|switch|p2a: FatTony|Blissey, F|388\/714
|-damage|p2a: FatTony|299\/714|[from] Stealth Rock
|turn|35
|
|move|p1a: Misty day|Psyshock|p2a: FatTony
|-crit|p2a: FatTony
|-damage|p2a: FatTony|0 fnt
|faint|p2a: FatTony
|
|
|switch|p2a: Zues|Zapdos|381\/381
|-damage|p2a: Zues|286\/381|[from] Stealth Rock
|-ability|p2a: Zues|Pressure
|turn|36
|
|move|p1a: Misty day|Hyper Voice|p2a: Zues
|-damage|p2a: Zues|21\/381
|move|p2a: Zues|Thunderbolt|p1a: Misty day
|-damage|p1a: Misty day|0 fnt
|faint|p1a: Misty day
|
|-heal|p2a: Zues|44\/381|[from] item: Leftovers
|
|switch|p1a: Keldeo|Keldeo|323\/323
|turn|37
|
|move|p1a: Keldeo|Scald|p2a: Zues
|-damage|p2a: Zues|0 fnt
|faint|p2a: Zues
|
|
|switch|p2a: Wayno|Slowbro, M|394\/394
|-damage|p2a: Wayno|345\/394|[from] Stealth Rock
|turn|38
|c|âLizardons|looks like you got me again
|
|switch|p1a: Zoe|Amoonguss, M|432\/432
|move|p2a: Wayno|Scald|p1a: Zoe
|-resisted|p1a: Zoe
|-damage|p1a: Zoe|379\/432
|
|-heal|p2a: Wayno|369\/394|[from] item: Leftovers
|-heal|p1a: Zoe|406\/432|[from] item: Black Sludge
|turn|39
|
|move|p2a: Wayno|Psyshock|p1a: Zoe
|-supereffective|p1a: Zoe
|-damage|p1a: Zoe|236\/432
|move|p1a: Zoe|Giga Drain|p2a: Wayno
|-supereffective|p2a: Wayno
|-damage|p2a: Wayno|199\/394
|-heal|p1a: Zoe|321\/432|[from] drain|[of] p2a: Wayno
|
|-heal|p2a: Wayno|223\/394|[from] item: Leftovers
|-heal|p1a: Zoe|348\/432|[from] item: Black Sludge
|turn|40
|
|switch|p2a: Plantman|Venusaur-Mega, M|145\/363
|-damage|p2a: Plantman|100\/363|[from] Stealth Rock
|move|p1a: Zoe|Giga Drain|p2a: Plantman
|-resisted|p2a: Plantman
|-damage|p2a: Plantman|84\/363
|-heal|p1a: Zoe|356\/432|[from] drain|[of] p2a: Plantman
|
|-heal|p1a: Zoe|383\/432|[from] item: Black Sludge
|turn|41
|
|switch|p1a: Laveau|Mandibuzz, F|424\/424
|move|p2a: Plantman|Synthesis|p2a: Plantman
|-heal|p2a: Plantman|265\/363
|
|turn|42
|
|move|p1a: Laveau|Taunt|p2a: Plantman
|-start|p2a: Plantman|move: Taunt
|move|p2a: Plantman|Sludge Bomb|p1a: Laveau
|-damage|p1a: Laveau|279\/424
|
|-heal|p1a: Laveau|305\/424|[from] item: Leftovers
|turn|43
|
|move|p1a: Laveau|Foul Play|p2a: Plantman
|-crit|p2a: Plantman
|-damage|p2a: Plantman|154\/363
|move|p2a: Plantman|Sludge Bomb|p1a: Laveau
|-damage|p1a: Laveau|151\/424
|-status|p1a: Laveau|psn
|
|-heal|p1a: Laveau|177\/424 psn|[from] item: Leftovers
|-damage|p1a: Laveau|124\/424 psn|[from] psn
|turn|44
|
|switch|p2a: BatMan|Gliscor, M|194\/352 tox
|-damage|p2a: BatMan|150\/352 tox|[from] Stealth Rock
|move|p1a: Laveau|Foul Play|p2a: BatMan
|-damage|p2a: BatMan|80\/352 tox
|
|-heal|p1a: Laveau|150\/424 psn|[from] item: Leftovers
|-heal|p2a: BatMan|124\/352 tox|[from] ability: Poison Heal
|-damage|p1a: Laveau|97\/424 psn|[from] psn
|turn|45
|
|move|p2a: BatMan|Knock Off|p1a: Laveau
|-crit|p1a: Laveau
|-resisted|p1a: Laveau
|-damage|p1a: Laveau|57\/424 psn
|-enditem|p1a: Laveau|Leftovers|[from] move: Knock Off|[of] p2a: BatMan
|move|p1a: Laveau|Roost|p1a: Laveau
|-heal|p1a: Laveau|269\/424 psn
|
|-heal|p2a: BatMan|168\/352 tox|[from] ability: Poison Heal
|-damage|p1a: Laveau|216\/424 psn|[from] psn
|turn|46
|
|switch|p2a: Wayno|Slowbro, M|354\/394
|-damage|p2a: Wayno|305\/394|[from] Stealth Rock
|move|p1a: Laveau|Roost|p1a: Laveau
|-heal|p1a: Laveau|424\/424 psn
|
|-heal|p2a: Wayno|329\/394|[from] item: Leftovers
|-damage|p1a: Laveau|371\/424 psn|[from] psn
|turn|47
|
|move|p1a: Laveau|Taunt|p2a: Wayno
|-start|p2a: Wayno|move: Taunt
|move|p2a: Wayno|Scald|p1a: Laveau
|-damage|p1a: Laveau|275\/424 psn
|
|-heal|p2a: Wayno|353\/394|[from] item: Leftovers
|-damage|p1a: Laveau|222\/424 psn|[from] psn
|turn|48
|
|move|p1a: Laveau|Roost|p1a: Laveau
|-heal|p1a: Laveau|424\/424 psn
|move|p2a: Wayno|Scald|p1a: Laveau
|-damage|p1a: Laveau|327\/424 psn
|
|-heal|p2a: Wayno|377\/394|[from] item: Leftovers
|-damage|p1a: Laveau|274\/424 psn|[from] psn
|turn|49
|
|move|p1a: Laveau|Foul Play|p2a: Wayno
|-supereffective|p2a: Wayno
|-damage|p2a: Wayno|263\/394
|move|p2a: Wayno|Scald|p1a: Laveau
|-damage|p1a: Laveau|175\/424 psn
|
|-heal|p2a: Wayno|287\/394|[from] item: Leftovers
|-damage|p1a: Laveau|122\/424 psn|[from] psn
|-end|p2a: Wayno|move: Taunt
|turn|50
|join|jake5
|
|move|p1a: Laveau|Roost|p1a: Laveau
|-heal|p1a: Laveau|334\/424 psn
|move|p2a: Wayno|Scald|p1a: Laveau
|-damage|p1a: Laveau|234\/424 psn
|
|-heal|p2a: Wayno|311\/394|[from] item: Leftovers
|-damage|p1a: Laveau|181\/424 psn|[from] psn
|turn|51
|
|move|p1a: Laveau|Roost|p1a: Laveau
|-heal|p1a: Laveau|393\/424 psn
|move|p2a: Wayno|Scald|p1a: Laveau
|-crit|p1a: Laveau
|-damage|p1a: Laveau|240\/424 psn
|
|-heal|p2a: Wayno|335\/394|[from] item: Leftovers
|-damage|p1a: Laveau|187\/424 psn|[from] psn
|turn|52
|
|move|p1a: Laveau|Roost|p1a: Laveau
|-heal|p1a: Laveau|399\/424 psn
|move|p2a: Wayno|Scald|p1a: Laveau
|-damage|p1a: Laveau|300\/424 psn
|
|-heal|p2a: Wayno|359\/394|[from] item: Leftovers
|-damage|p1a: Laveau|247\/424 psn|[from] psn
|turn|53
|
|switch|p1a: Zoe|Amoonguss, M|432\/432
|move|p2a: Wayno|Scald|p1a: Zoe
|-resisted|p1a: Zoe
|-damage|p1a: Zoe|372\/432
|-status|p1a: Zoe|brn
|
|-heal|p2a: Wayno|383\/394|[from] item: Leftovers
|-heal|p1a: Zoe|399\/432 brn|[from] item: Black Sludge
|-damage|p1a: Zoe|345\/432 brn|[from] brn
|turn|54
|
|switch|p2a: Plantman|Venusaur-Mega, M|154\/363
|-damage|p2a: Plantman|109\/363|[from] Stealth Rock
|switch|p1a: Laveau|Mandibuzz, F|247\/424 psn
|
|-damage|p1a: Laveau|194\/424 psn|[from] psn
|turn|55
|join|KwiickFan
|
|switch|p2a: BatMan|Gliscor, M|168\/352 tox
|-damage|p2a: BatMan|124\/352 tox|[from] Stealth Rock
|move|p1a: Laveau|Roost|p1a: Laveau
|-heal|p1a: Laveau|406\/424 psn
|
|-heal|p2a: BatMan|168\/352 tox|[from] ability: Poison Heal
|-damage|p1a: Laveau|353\/424 psn|[from] psn
|turn|56
|
|move|p2a: BatMan|Knock Off|p1a: Laveau
|-resisted|p1a: Laveau
|-damage|p1a: Laveau|337\/424 psn
|move|p1a: Laveau|Foul Play|p2a: BatMan
|-damage|p2a: BatMan|102\/352 tox
|
|-heal|p2a: BatMan|146\/352 tox|[from] ability: Poison Heal
|-damage|p1a: Laveau|284\/424 psn|[from] psn
|turn|57
|
|move|p2a: BatMan|Protect|p2a: BatMan
|-singleturn|p2a: BatMan|Protect
|move|p1a: Laveau|Roost|p1a: Laveau
|-heal|p1a: Laveau|424\/424 psn
|
|-heal|p2a: BatMan|190\/352 tox|[from] ability: Poison Heal
|-damage|p1a: Laveau|371\/424 psn|[from] psn
|turn|58
|
|move|p2a: BatMan|Knock Off|p1a: Laveau
|-resisted|p1a: Laveau
|-damage|p1a: Laveau|354\/424 psn
|move|p1a: Laveau|Taunt|p2a: BatMan
|-start|p2a: BatMan|move: Taunt
|
|-heal|p2a: BatMan|234\/352 tox|[from] ability: Poison Heal
|-damage|p1a: Laveau|301\/424 psn|[from] psn
|turn|59
|
|switch|p2a: Wayno|Slowbro, M|394\/394
|-damage|p2a: Wayno|345\/394|[from] Stealth Rock
|move|p1a: Laveau|Foul Play|p2a: Wayno
|-supereffective|p2a: Wayno
|-damage|p2a: Wayno|231\/394
|
|-heal|p2a: Wayno|255\/394|[from] item: Leftovers
|-damage|p1a: Laveau|248\/424 psn|[from] psn
|turn|60
|
|move|p1a: Laveau|Roost|p1a: Laveau
|-heal|p1a: Laveau|424\/424 psn
|move|p2a: Wayno|Scald|p1a: Laveau
|-damage|p1a: Laveau|330\/424 psn
|
|-heal|p2a: Wayno|279\/394|[from] item: Leftovers
|-damage|p1a: Laveau|277\/424 psn|[from] psn
|turn|61
|
|switch|p1a: Zoe|Amoonguss, M|432\/432 brn
|move|p2a: Wayno|Scald|p1a: Zoe
|-resisted|p1a: Zoe
|-damage|p1a: Zoe|378\/432 brn
|
|-heal|p2a: Wayno|303\/394|[from] item: Leftovers
|-heal|p1a: Zoe|405\/432 brn|[from] item: Black Sludge
|-damage|p1a: Zoe|351\/432 brn|[from] brn
|turn|62
|
|switch|p1a: Keldeo|Keldeo|323\/323
|move|p2a: Wayno|Psyshock|p1a: Keldeo
|-supereffective|p1a: Keldeo
|-damage|p1a: Keldeo|117\/323
|
|-heal|p1a: Keldeo|137\/323|[from] item: Leftovers
|-heal|p2a: Wayno|327\/394|[from] item: Leftovers
|turn|63
|
|switch|p1a: Zoe|Amoonguss, M|432\/432 brn
|move|p2a: Wayno|Psyshock|p1a: Zoe
|-supereffective|p1a: Zoe
|-damage|p1a: Zoe|250\/432 brn
|
|-heal|p2a: Wayno|351\/394|[from] item: Leftovers
|-heal|p1a: Zoe|277\/432 brn|[from] item: Black Sludge
|-damage|p1a: Zoe|223\/432 brn|[from] brn
|turn|64
|
|switch|p1a: Laveau|Mandibuzz, F|277\/424 psn
|move|p2a: Wayno|Psyshock|p1a: Laveau
|-immune|p1a: Laveau|[msg]
|
|-heal|p2a: Wayno|375\/394|[from] item: Leftovers
|-damage|p1a: Laveau|224\/424 psn|[from] psn
|turn|65
|
|move|p1a: Laveau|Roost|p1a: Laveau
|-heal|p1a: Laveau|424\/424 psn
|move|p2a: Wayno|Scald|p1a: Laveau
|-damage|p1a: Laveau|333\/424 psn
|
|-heal|p2a: Wayno|394\/394|[from] item: Leftovers
|-damage|p1a: Laveau|280\/424 psn|[from] psn
|turn|66
|
|switch|p1a: Zoe|Amoonguss, M|367\/432 brn
|move|p2a: Wayno|Flamethrower|p1a: Zoe
|-supereffective|p1a: Zoe
|-damage|p1a: Zoe|197\/432 brn
|
|-heal|p1a: Zoe|224\/432 brn|[from] item: Black Sludge
|-damage|p1a: Zoe|170\/432 brn|[from] brn
|turn|67
|
|move|p2a: Wayno|Flamethrower|p1a: Zoe
|-supereffective|p1a: Zoe
|-damage|p1a: Zoe|2\/432 brn
|move|p1a: Zoe|Spore|p2a: Wayno
|-status|p2a: Wayno|slp
|
|-heal|p1a: Zoe|29\/432 brn|[from] item: Black Sludge
|-damage|p1a: Zoe|0 fnt|[from] brn
|faint|p1a: Zoe
|
|switch|p1a: Keldeo|Keldeo|137\/323
|turn|68
|
|move|p1a: Keldeo|Calm Mind|p1a: Keldeo
|-boost|p1a: Keldeo|spa|1
|-boost|p1a: Keldeo|spd|1
|cant|p2a: Wayno|slp
|
|-heal|p1a: Keldeo|157\/323|[from] item: Leftovers
|turn|69
|
|move|p1a: Keldeo|Substitute|p1a: Keldeo
|-start|p1a: Keldeo|Substitute
|-damage|p1a: Keldeo|77\/323
|cant|p2a: Wayno|slp
|
|-heal|p1a: Keldeo|97\/323|[from] item: Leftovers
|turn|70
|
|move|p1a: Keldeo|Scald|p2a: Wayno
|-resisted|p2a: Wayno
|-damage|p2a: Wayno|274\/394 slp
|-curestatus|p2a: Wayno|slp
|move|p2a: Wayno|Psyshock|p1a: Keldeo
|-crit|p1a: Keldeo
|-supereffective|p1a: Keldeo
|-end|p1a: Keldeo|Substitute
|
|-heal|p1a: Keldeo|117\/323|[from] item: Leftovers
|-heal|p2a: Wayno|298\/394|[from] item: Leftovers
|turn|71
|
|switch|p1a: Chansey|Chansey, F|704\/704
|move|p2a: Wayno|Psyshock|p1a: Chansey
|-damage|p1a: Chansey|584\/704
|
|-heal|p2a: Wayno|322\/394|[from] item: Leftovers
|turn|72
|
|switch|p2a: BatMan|Gliscor, M|234\/352 tox
|-damage|p2a: BatMan|190\/352 tox|[from] Stealth Rock
|move|p1a: Chansey|Seismic Toss|p2a: BatMan
|-damage|p2a: BatMan|90\/352 tox
|
|-heal|p2a: BatMan|134\/352 tox|[from] ability: Poison Heal
|turn|73
|
|move|p2a: BatMan|Protect|p2a: BatMan
|-singleturn|p2a: BatMan|Protect
|move|p1a: Chansey|Wish|p1a: Chansey
|
|-heal|p2a: BatMan|178\/352 tox|[from] ability: Poison Heal
|turn|74
|
|move|p2a: BatMan|Earthquake|p1a: Chansey
|-damage|p1a: Chansey|427\/704
|move|p1a: Chansey|Seismic Toss|p2a: BatMan
|-damage|p2a: BatMan|78\/352 tox
|
|-heal|p1a: Chansey|704\/704|[from] move: Wish|[wisher] Chansey
|-heal|p2a: BatMan|122\/352 tox|[from] ability: Poison Heal
|turn|75
|
|move|p2a: BatMan|Knock Off|p1a: Chansey
|-crit|p1a: Chansey
|-damage|p1a: Chansey|557\/704
|-enditem|p1a: Chansey|Eviolite|[from] move: Knock Off|[of] p2a: BatMan
|move|p1a: Chansey|Seismic Toss|p2a: BatMan
|-damage|p2a: BatMan|22\/352 tox
|
|-heal|p2a: BatMan|66\/352 tox|[from] ability: Poison Heal
|turn|76
|
|move|p2a: BatMan|Protect|p2a: BatMan
|-singleturn|p2a: BatMan|Protect
|move|p1a: Chansey|Wish|p1a: Chansey
|
|-heal|p2a: BatMan|110\/352 tox|[from] ability: Poison Heal
|turn|77
|
|switch|p2a: Wayno|Slowbro, M|394\/394
|-damage|p2a: Wayno|345\/394|[from] Stealth Rock
|move|p1a: Chansey|Seismic Toss|p2a: Wayno
|-damage|p2a: Wayno|245\/394
|
|-heal|p1a: Chansey|704\/704|[from] move: Wish|[wisher] Chansey
|-heal|p2a: Wayno|269\/394|[from] item: Leftovers
|turn|78
|
|move|p1a: Chansey|Seismic Toss|p2a: Wayno
|-damage|p2a: Wayno|169\/394
|move|p2a: Wayno|Slack Off|p2a: Wayno
|-heal|p2a: Wayno|366\/394
|
|-heal|p2a: Wayno|390\/394|[from] item: Leftovers
|turn|79
|
|move|p1a: Chansey|Seismic Toss|p2a: Wayno
|-damage|p2a: Wayno|290\/394
|move|p2a: Wayno|Scald|p1a: Chansey
|-damage|p1a: Chansey|608\/704
|
|-heal|p2a: Wayno|314\/394|[from] item: Leftovers
|turn|80
|
|move|p1a: Chansey|Wish|p1a: Chansey
|move|p2a: Wayno|Psyshock|p1a: Chansey
|-damage|p1a: Chansey|421\/704
|
|-heal|p2a: Wayno|338\/394|[from] item: Leftovers
|turn|81
|
|switch|p2a: Plantman|Venusaur-Mega, M|109\/363
|-damage|p2a: Plantman|64\/363|[from] Stealth Rock
|move|p1a: Chansey|Seismic Toss|p2a: Plantman
|-damage|p2a: Plantman|0 fnt
|faint|p2a: Plantman
|
|-heal|p1a: Chansey|704\/704|[from] move: Wish|[wisher] Chansey
|
|switch|p2a: BatMan|Gliscor, M|110\/352 tox
|-damage|p2a: BatMan|66\/352 tox|[from] Stealth Rock
|turn|82
|
|move|p2a: BatMan|Protect|p2a: BatMan
|-singleturn|p2a: BatMan|Protect
|move|p1a: Chansey|Wish|p1a: Chansey
|
|-heal|p2a: BatMan|110\/352 tox|[from] ability: Poison Heal
|turn|83
|-message|Lizardons forfeited.
|leave|Lizardons
|
|win|lil manaphy
|raw|Ladder updating...
|player|p2