|join|Lizardons
|join|Widdly Skuds
|player|p1|Lizardons|170
|player|p2|Widdly Skuds|269
|gametype|doubles
|gen|6
|tier|Smogon Doubles
|rated
|clearpoke
|poke|p1|Charizard, M
|poke|p1|Cresselia, F, shiny
|poke|p1|Landorus-Therian, M
|poke|p1|Aegislash, M
|poke|p1|Rotom-Wash
|poke|p1|Infernape, M
|poke|p2|Marowak, M
|poke|p2|Chandelure, M
|poke|p2|Cresselia, F
|poke|p2|Azumarill, M
|poke|p2|Breloom, M
|poke|p2|Kangaskhan, F
|rule|Species Clause: Limit one of each PokÃ©mon
|rule|OHKO Clause: OHKO moves are banned
|rule|Moody Clause: Moody is banned
|rule|Evasion Abilities Clause: Evasion abilities are banned
|rule|Evasion Moves Clause: Evasion moves are banned
|rule|Endless Battle Clause: Forcing endless battles is banned
|rule|HP Percentage Mod: HP is shown in percentages
|teampreview
|c|âWiddly Skuds|Glhf
|
|start
|switch|p1a: Tang|Infernape, M|294\/294
|switch|p1b: Breaker|Aegislash, M|324\/324
|switch|p2a: Gopher Boy|Kangaskhan, F|395\/395
|switch|p2b: Lightly Toasted|Chandelure, M|324\/324
|turn|1
|
|move|p1a: Tang|Fake Out|p2a: Gopher Boy
|-damage|p2a: Gopher Boy|346\/395
|move|p2a: Gopher Boy|Double-Edge|p1a: Tang
|-damage|p1a: Tang|32\/294
|-damage|p2a: Gopher Boy|260\/395|[from] recoil|[of] p1a: Tang
|-formechange|p1b: Breaker|Aegislash-Blade
|move|p1b: Breaker|Shadow Ball|p2b: Lightly Toasted
|-supereffective|p2b: Lightly Toasted
|-enditem|p2b: Lightly Toasted|Focus Sash
|-damage|p2b: Lightly Toasted|1\/324
|move|p2b: Lightly Toasted|Trick Room|p2b: Lightly Toasted
|-fieldstart|move: Trick Room|[of] p2b: Lightly Toasted
|
|turn|2
|
|detailschange|p2a: Gopher Boy|Kangaskhan-Mega, F
|message|Kangaskhan has Mega Evolved into Mega Kangaskhan!
|-formechange|p1b: Breaker|Aegislash
|move|p1b: Breaker|King's Shield|p1b: Breaker
|-singleturn|p1b: Breaker|Protect
|move|p2b: Lightly Toasted|Protect|p2b: Lightly Toasted
|-singleturn|p2b: Lightly Toasted|Protect
|move|p1a: Tang|Protect|p1a: Tang
|-singleturn|p1a: Tang|Protect
|move|p2a: Gopher Boy|Hammer Arm|p1a: Tang
|-activate|p1a: Tang|Protect
|
|turn|3
|
|switch|p1a: Scruffy|Landorus-Therian, M|336\/336
|-ability|p1a: Scruffy|Intimidate|[of] p2a: Gopher Boy
|-unboost|p2a: Gopher Boy|atk|1
|-ability|p1a: Scruffy|Intimidate|[of] p2b: Lightly Toasted
|-unboost|p2b: Lightly Toasted|atk|1
|-formechange|p1b: Breaker|Aegislash-Blade
|move|p1b: Breaker|Shadow Sneak|p2b: Lightly Toasted
|-supereffective|p2b: Lightly Toasted
|-damage|p2b: Lightly Toasted|0 fnt
|faint|p2b: Lightly Toasted
|move|p2a: Gopher Boy|Ice Punch|p1b: Breaker
|-resisted|p1b: Breaker
|-damage|p1b: Breaker|270\/324
|-resisted|p1b: Breaker
|-damage|p1b: Breaker|245\/324
|-status|p1b: Breaker|frz
|-hitcount|p1b: Breaker|2
|
|
|switch|p2b: Urban Salad|Breloom, M|284\/284
|turn|4
|
|switch|p1a: Tang|Infernape, M|32\/294
|-formechange|p1b: Breaker|Aegislash
|-curestatus|p1b: Breaker|frz
|move|p1b: Breaker|King's Shield|p1b: Breaker
|-singleturn|p1b: Breaker|Protect
|move|p2b: Urban Salad|Spore|p1a: Tang
|-status|p1a: Tang|slp
|move|p2a: Gopher Boy|Ice Punch|p1a: Tang
|-resisted|p1a: Tang
|-damage|p1a: Tang|0 fnt
|-hitcount|p1a: Tang|1
|faint|p1a: Tang
|
|
|switch|p1a: Scruffy|Landorus-Therian, M|336\/336
|-ability|p1a: Scruffy|Intimidate|[of] p2a: Gopher Boy
|-unboost|p2a: Gopher Boy|atk|1
|-ability|p1a: Scruffy|Intimidate|[of] p2b: Urban Salad
|-unboost|p2b: Urban Salad|atk|1
|turn|5
|
|switch|p1a: MoonDuck|Cresselia, F, shiny|444\/444
|move|p2b: Urban Salad|Spore|p1b: Breaker
|-status|p1b: Breaker|slp
|-formechange|p1b: Breaker|Aegislash-Blade
|cant|p1b: Breaker|slp
|move|p2a: Gopher Boy|Ice Punch|p1a: MoonDuck
|-crit|p1a: MoonDuck
|-damage|p1a: MoonDuck|314\/444
|-damage|p1a: MoonDuck|291\/444
|-hitcount|p1a: MoonDuck|2
|
|-heal|p1a: MoonDuck|318\/444|[from] item: Leftovers
|-fieldend|move: Trick Room
|turn|6
|
|switch|p2a: Bubbles|Azumarill, M|390\/390
|-formechange|p1b: Breaker|Aegislash
|-curestatus|p1b: Breaker|slp
|move|p1b: Breaker|King's Shield|p1b: Breaker
|-singleturn|p1b: Breaker|Protect
|move|p1a: MoonDuck|Psychic|p2b: Urban Salad
|-crit|p2b: Urban Salad
|-supereffective|p2b: Urban Salad
|-enditem|p2b: Urban Salad|Focus Sash
|-damage|p2b: Urban Salad|1\/284
|move|p2b: Urban Salad|Spore|p1a: MoonDuck
|-status|p1a: MoonDuck|slp
|
|-heal|p1a: MoonDuck|345\/444 slp|[from] item: Leftovers
|turn|7
|
|-formechange|p1b: Breaker|Aegislash-Blade
|move|p1b: Breaker|Shadow Sneak|p2b: Urban Salad
|-damage|p2b: Urban Salad|0 fnt
|faint|p2b: Urban Salad
|cant|p1a: MoonDuck|slp
|move|p2a: Bubbles|Belly Drum|p2a: Bubbles
|-damage|p2a: Bubbles|195\/390
|-setboost|p2a: Bubbles|atk|6|[from] move: Belly Drum
|-enditem|p2a: Bubbles|Sitrus Berry|[eat]
|-heal|p2a: Bubbles|292\/390|[from] item: Sitrus Berry
|
|-heal|p1a: MoonDuck|372\/444 slp|[from] item: Leftovers
|
|switch|p2b: Nanny Skexis|Cresselia, F|444\/444
|turn|8
|
|switch|p1a: Scruffy|Landorus-Therian, M|336\/336
|-ability|p1a: Scruffy|Intimidate|[of] p2a: Bubbles
|-unboost|p2a: Bubbles|atk|1
|-ability|p1a: Scruffy|Intimidate|[of] p2b: Nanny Skexis
|-unboost|p2b: Nanny Skexis|atk|1
|move|p2a: Bubbles|Protect|p2a: Bubbles
|-singleturn|p2a: Bubbles|Protect
|move|p1b: Breaker|Flash Cannon|p2a: Bubbles
|-activate|p2a: Bubbles|Protect
|move|p2b: Nanny Skexis|Trick Room|p2b: Nanny Skexis
|-fieldstart|move: Trick Room|[of] p2b: Nanny Skexis
|
|turn|9
|
|switch|p2b: Gopher Boy|Kangaskhan-Mega, F|260\/395
|switch|p1a: MoonDuck|Cresselia, F, shiny|372\/444 slp
|-formechange|p1b: Breaker|Aegislash
|move|p1b: Breaker|King's Shield|p1b: Breaker
|-singleturn|p1b: Breaker|Protect
|move|p2a: Bubbles|Aqua Jet|p1b: Breaker
|-activate|p1b: Breaker|Protect
|-unboost|p2a: Bubbles|atk|2
|
|-heal|p1a: MoonDuck|399\/444 slp|[from] item: Leftovers
|turn|10
|
|switch|p1a: Scruffy|Landorus-Therian, M|336\/336
|-ability|p1a: Scruffy|Intimidate|[of] p2a: Bubbles
|-unboost|p2a: Bubbles|atk|1
|-ability|p1a: Scruffy|Intimidate|[of] p2b: Gopher Boy
|-unboost|p2b: Gopher Boy|atk|1
|move|p2a: Bubbles|Aqua Jet|p1b: Breaker
|-damage|p1b: Breaker|115\/324
|-formechange|p1b: Breaker|Aegislash-Blade
|move|p1b: Breaker|Flash Cannon|p2a: Bubbles
|-damage|p2a: Bubbles|99\/390
|move|p2b: Gopher Boy|Double-Edge|p1a: Scruffy
|-damage|p1a: Scruffy|168\/336
|-damage|p1a: Scruffy|81\/336
|-hitcount|p1a: Scruffy|2
|-damage|p2b: Gopher Boy|176\/395|[from] recoil|[of] p1a: Scruffy
|
|turn|11
|
|switch|p1a: MoonDuck|Cresselia, F, shiny|399\/444 slp
|-formechange|p1b: Breaker|Aegislash
|move|p1b: Breaker|King's Shield|p1b: Breaker
|-singleturn|p1b: Breaker|Protect
|move|p2a: Bubbles|Aqua Jet|p1b: Breaker
|-activate|p1b: Breaker|Protect
|-unboost|p2a: Bubbles|atk|2
|move|p2b: Gopher Boy|Double-Edge|p1a: MoonDuck
|-damage|p1a: MoonDuck|269\/444 slp
|-damage|p1a: MoonDuck|203\/444 slp
|-hitcount|p1a: MoonDuck|2
|-damage|p2b: Gopher Boy|111\/395|[from] recoil|[of] p1a: MoonDuck
|
|-heal|p1a: MoonDuck|230\/444 slp|[from] item: Leftovers
|turn|12
|
|switch|p1b: Scruffy|Landorus-Therian, M|81\/336
|-ability|p1b: Scruffy|Intimidate|[of] p2a: Bubbles
|-unboost|p2a: Bubbles|atk|1
|-ability|p1b: Scruffy|Intimidate|[of] p2b: Gopher Boy
|-unboost|p2b: Gopher Boy|atk|1
|move|p2a: Bubbles|Play Rough|p1b: Scruffy
|-damage|p1b: Scruffy|0 fnt
|faint|p1b: Scruffy
|move|p2b: Gopher Boy|Double-Edge|p1a: MoonDuck
|-damage|p1a: MoonDuck|128\/444 slp
|-damage|p1a: MoonDuck|74\/444 slp
|-hitcount|p1a: MoonDuck|2
|-damage|p2b: Gopher Boy|60\/395|[from] recoil|[of] p1a: MoonDuck
|cant|p1a: MoonDuck|slp
|
|-heal|p1a: MoonDuck|101\/444 slp|[from] item: Leftovers
|-fieldend|move: Trick Room
|
|switch|p1b: Lizardon|Charizard, M|297\/297
|turn|13
|
|switch|p2b: Nanny Skexis|Cresselia, F|444\/444
|detailschange|p1b: Lizardon|Charizard-Mega-Y, M
|message|Charizard has Mega Evolved into Mega Charizard!
|-weather|SunnyDay
|move|p2a: Bubbles|Aqua Jet|p1b: Lizardon
|-supereffective|p1b: Lizardon
|-damage|p1b: Lizardon|223\/297
|move|p1b: Lizardon|Heat Wave|p2b: Nanny Skexis
|-resisted|p2a: Bubbles
|-damage|p2a: Bubbles|0 fnt
|-damage|p2b: Nanny Skexis|272\/444
|faint|p2a: Bubbles
|cant|p1a: MoonDuck|slp
|
|-weather|SunnyDay|[upkeep]
|-heal|p1a: MoonDuck|128\/444 slp|[from] item: Leftovers
|
|switch|p2a: Gopher Boy|Kangaskhan-Mega, F|60\/395
|turn|14
|
|switch|p1b: Breaker|Aegislash, M|115\/324
|move|p2a: Gopher Boy|Fake Out|p1b: Breaker
|-immune|p1b: Breaker|[msg]
|-curestatus|p1a: MoonDuck|slp
|move|p1a: MoonDuck|Moonlight|p1a: MoonDuck
|-heal|p1a: MoonDuck|424\/444
|move|p2b: Nanny Skexis|Trick Room|p2b: Nanny Skexis
|-fieldstart|move: Trick Room|[of] p2b: Nanny Skexis
|
|-weather|SunnyDay|[upkeep]
|-heal|p1a: MoonDuck|444\/444|[from] item: Leftovers
|turn|15
|
|move|p1b: Breaker|King's Shield|p1b: Breaker
|-singleturn|p1b: Breaker|Protect
|move|p2b: Nanny Skexis|Moonlight|p2b: Nanny Skexis
|-heal|p2b: Nanny Skexis|444\/444
|move|p2a: Gopher Boy|Double-Edge|p1a: MoonDuck
|-damage|p1a: MoonDuck|251\/444
|-damage|p1a: MoonDuck|146\/444
|-hitcount|p1a: MoonDuck|2
|-damage|p2a: Gopher Boy|0 fnt|[from] recoil|[of] p1a: MoonDuck
|faint|p2a: Gopher Boy
|move|p1a: MoonDuck|Psychic|p2b: Nanny Skexis
|-crit|p2b: Nanny Skexis
|-resisted|p2b: Nanny Skexis
|-damage|p2b: Nanny Skexis|400\/444
|
|-weather|SunnyDay|[upkeep]
|-heal|p1a: MoonDuck|173\/444|[from] item: Leftovers
|
|switch|p2a: Tittysprinkles|Marowak, M|324\/324
|turn|16
|
|move|p2a: Tittysprinkles|Rock Slide|p1b: Breaker
|-damage|p1a: MoonDuck|85\/444
|-resisted|p1b: Breaker
|-damage|p1b: Breaker|76\/324
|-formechange|p1b: Breaker|Aegislash-Blade
|move|p1b: Breaker|Flash Cannon|p2a: Tittysprinkles
|-damage|p2a: Tittysprinkles|101\/324
|move|p2b: Nanny Skexis|Psychic|p1b: Breaker
|-resisted|p1b: Breaker
|-damage|p1b: Breaker|0 fnt
|faint|p1b: Breaker
|move|p1a: MoonDuck|Moonlight|p1a: MoonDuck
|-heal|p1a: MoonDuck|381\/444
|
|-weather|SunnyDay|[upkeep]
|-heal|p1a: MoonDuck|408\/444|[from] item: Leftovers
|
|switch|p1b: SmogonWash|Rotom-Wash|304\/304
|turn|17
|
|move|p1b: SmogonWash|Protect|p1b: SmogonWash
|-singleturn|p1b: SmogonWash|Protect
|move|p2a: Tittysprinkles|Rock Slide|p1b: SmogonWash
|-damage|p1a: MoonDuck|316\/444
|-activate|p1b: SmogonWash|Protect
|move|p2b: Nanny Skexis|Psychic|p1b: SmogonWash
|-activate|p1b: SmogonWash|Protect
|move|p1a: MoonDuck|Psychic|p2a: Tittysprinkles
|-damage|p2a: Tittysprinkles|0 fnt
|faint|p2a: Tittysprinkles
|
|-weather|none
|-heal|p1a: MoonDuck|343\/444|[from] item: Leftovers
|turn|18
|-message|Widdly Skuds forfeited.
|
|win|Lizardons
|raw|Ladder updating...
|leave|Widdly Skuds
|player|p2
|raw|Lizardons's rating: 1471 &rarr; <strong>1491<\/strong><br \/>(+20 for winning)
|raw|Widdly Skuds's rating: 1469 &rarr; <strong>1449<\/strong><br \/>(-20 for losing)