|join|Lizardons
|join|CT hax
|player|p1|Lizardons|157
|player|p2|CT hax|15
|gametype|doubles
|gen|6
|tier|Smogon Doubles
|rated
|clearpoke
|poke|p1|Charizard, M
|poke|p1|Blaziken, M
|poke|p1|Rotom-Wash
|poke|p1|Scizor, F
|poke|p1|Cresselia, F
|poke|p1|Landorus-Therian, M
|poke|p2|Gardevoir, F, shiny
|poke|p2|Entei, shiny
|poke|p2|Zapdos
|poke|p2|Terrakion
|poke|p2|Blastoise, M
|poke|p2|Scizor, M
|rule|Species Clause: Limit one of each PokÃ©mon
|rule|OHKO Clause: OHKO moves are banned
|rule|Moody Clause: Moody is banned
|rule|Evasion Abilities Clause: Evasion abilities are banned
|rule|Evasion Moves Clause: Evasion moves are banned
|rule|Endless Battle Clause: Forcing endless battles is banned
|rule|HP Percentage Mod: HP is shown in percentages
|teampreview
|
|start
|switch|p1a: Randorosu|Landorus-Therian, M|382\/382
|switch|p1b: MoonDuck|Cresselia, F|444\/444
|switch|p2a: Gardevoir|Gardevoir, F, shiny|278\/278
|switch|p2b: Blastoise|Blastoise, M|362\/362
|-ability|p1a: Randorosu|Intimidate|[of] p2a: Gardevoir
|-unboost|p2a: Gardevoir|atk|1
|-ability|p1a: Randorosu|Intimidate|[of] p2b: Blastoise
|-unboost|p2b: Blastoise|atk|1
|-ability|p2a: Gardevoir|Levitate|[from] ability: Trace|[of] p1b: MoonDuck
|turn|1
|
|detailschange|p2a: Gardevoir|Gardevoir-Mega, F, shiny
|message|Gardevoir has Mega Evolved into Mega Gardevoir!
|move|p1a: Randorosu|Protect|p1a: Randorosu
|-singleturn|p1a: Randorosu|Protect
|move|p2a: Gardevoir|Protect|p2a: Gardevoir
|-singleturn|p2a: Gardevoir|Protect
|move|p1b: MoonDuck|Icy Wind|p2b: Blastoise
|-activate|p2a: Gardevoir|Protect
|-resisted|p2b: Blastoise
|-damage|p2b: Blastoise|350\/362
|-unboost|p2b: Blastoise|spe|1
|move|p2b: Blastoise|Icy Wind|p1b: MoonDuck
|-activate|p1a: Randorosu|Protect
|-crit|p1b: MoonDuck
|-damage|p1b: MoonDuck|417\/444
|-unboost|p1b: MoonDuck|spe|1
|
|-heal|p1b: MoonDuck|444\/444|[from] item: Leftovers
|turn|2
|
|switch|p1a: Bug|Scizor, F|344\/344
|move|p2a: Gardevoir|Substitute|p2a: Gardevoir
|-start|p2a: Gardevoir|Substitute
|-damage|p2a: Gardevoir|209\/278
|move|p1b: MoonDuck|Thunder Wave|p2a: Gardevoir
|move|p2b: Blastoise|Scald|p1a: Bug
|-crit|p1a: Bug
|-damage|p1a: Bug|200\/344
|
|turn|3
|
|move|p2b: Blastoise|Follow Me|p2b: Blastoise
|move|p1a: Bug|Bullet Punch|p2a: Gardevoir
|-resisted|p2b: Blastoise
|-damage|p2b: Blastoise|303\/362
|-damage|p1a: Bug|143\/344|[from] item: Rocky Helmet|[of] p2b: Blastoise
|move|p2a: Gardevoir|Hyper Voice|p1b: MoonDuck
|-resisted|p1a: Bug
|-damage|p1a: Bug|26\/344
|-damage|p1b: MoonDuck|306\/444
|move|p1b: MoonDuck|Thunder Wave|p2a: Gardevoir
|-status|p2b: Blastoise|par
|
|-heal|p1b: MoonDuck|333\/444|[from] item: Leftovers
|turn|4
|
|move|p2b: Blastoise|Follow Me|p2b: Blastoise
|move|p1a: Bug|Bullet Punch|p2a: Gardevoir
|-resisted|p2b: Blastoise
|-damage|p2b: Blastoise|256\/362 par
|-damage|p1a: Bug|0 fnt|[from] item: Rocky Helmet|[of] p2b: Blastoise
|faint|p1a: Bug
|move|p2a: Gardevoir|Hyper Voice|p1b: MoonDuck
|-damage|p1b: MoonDuck|153\/444
|move|p1b: MoonDuck|Psychic|p2b: Blastoise
|-damage|p2b: Blastoise|175\/362 par
|
|-heal|p1b: MoonDuck|180\/444|[from] item: Leftovers
|
|switch|p1a: Lizardon|Charizard, M|297\/297
|turn|5
|
|detailschange|p1a: Lizardon|Charizard-Mega-Y, M
|message|Charizard has Mega Evolved into Mega Charizard!
|-weather|SunnyDay
|move|p2a: Gardevoir|Protect|p2a: Gardevoir
|-singleturn|p2a: Gardevoir|Protect
|move|p1a: Lizardon|Heat Wave|p2b: Blastoise
|-activate|p2a: Gardevoir|Protect
|-resisted|p2b: Blastoise
|-damage|p2b: Blastoise|65\/362 par
|move|p1b: MoonDuck|Moonlight|p1b: MoonDuck
|-heal|p1b: MoonDuck|444\/444
|move|p2b: Blastoise|Scald|p1b: MoonDuck
|-damage|p1b: MoonDuck|402\/444
|
|-weather|SunnyDay|[upkeep]
|-heal|p1b: MoonDuck|429\/444|[from] item: Leftovers
|turn|6
|
|move|p1a: Lizardon|Heat Wave|p2b: Blastoise
|-end|p2a: Gardevoir|Substitute
|-resisted|p2b: Blastoise
|-damage|p2b: Blastoise|0 fnt
|faint|p2b: Blastoise
|move|p2a: Gardevoir|Hyper Voice|p1b: MoonDuck
|-resisted|p1a: Lizardon
|-damage|p1a: Lizardon|215\/297
|-crit|p1b: MoonDuck
|-damage|p1b: MoonDuck|242\/444
|move|p1b: MoonDuck|Thunder Wave|p2a: Gardevoir
|-status|p2a: Gardevoir|par
|
|-weather|SunnyDay|[upkeep]
|-heal|p1b: MoonDuck|269\/444|[from] item: Leftovers
|
|switch|p2b: Terrakion|Terrakion|324\/324
|turn|7
|
|switch|p2a: Scizor|Scizor, M|320\/320
|move|p2b: Terrakion|Protect|p2b: Terrakion
|-singleturn|p2b: Terrakion|Protect
|move|p1a: Lizardon|Protect|p1a: Lizardon
|-singleturn|p1a: Lizardon|Protect
|move|p1b: MoonDuck|Icy Wind|p2b: Terrakion
|-resisted|p2a: Scizor
|-damage|p2a: Scizor|305\/320
|-unboost|p2a: Scizor|spe|1
|-activate|p2b: Terrakion|Protect
|
|-weather|SunnyDay|[upkeep]
|-heal|p1b: MoonDuck|296\/444|[from] item: Leftovers
|turn|8
|
|switch|p1a: Randorosu|Landorus-Therian, M|382\/382
|-ability|p1a: Randorosu|Intimidate|[of] p2a: Scizor
|-unboost|p2a: Scizor|atk|1
|-ability|p1a: Randorosu|Intimidate|[of] p2b: Terrakion
|-unboost|p2b: Terrakion|atk|1
|switch|p1b: KFC|Blaziken, M|302\/302
|move|p2b: Terrakion|Rock Slide|p1a: Randorosu
|-damage|p1a: Randorosu|318\/382
|-damage|p1b: KFC|218\/302
|move|p2a: Scizor|Bug Bite|p1b: KFC
|-resisted|p1b: KFC
|-damage|p1b: KFC|170\/302
|-damage|p2a: Scizor|273\/320|[from] item: Life Orb
|
|-weather|SunnyDay|[upkeep]
|-heal|p1a: Randorosu|341\/382|[from] item: Leftovers
|turn|9
|
|switch|p2a: Zapdos|Zapdos|376\/376
|-ability|p2a: Zapdos|Pressure
|move|p1b: KFC|Protect|p1b: KFC
|-singleturn|p1b: KFC|Protect
|move|p2b: Terrakion|Rock Slide|p1b: KFC
|-miss|p2b: Terrakion|p1a: Randorosu
|-activate|p1b: KFC|Protect
|move|p1a: Randorosu|Earthquake|p2b: Terrakion
|-activate|p1b: KFC|Protect
|-immune|p2a: Zapdos|[msg]
|-supereffective|p2b: Terrakion
|-damage|p2b: Terrakion|78\/324
|
|-weather|none
|-heal|p1a: Randorosu|364\/382|[from] item: Leftovers
|-boost|p1b: KFC|spe|1|[from] ability: Speed Boost
|turn|10
|
|switch|p1a: Rotom-Wash|Rotom-Wash|304\/304
|move|p2b: Terrakion|Protect|p2b: Terrakion
|-singleturn|p2b: Terrakion|Protect
|move|p1b: KFC|Flare Blitz|p2b: Terrakion
|-activate|p2b: Terrakion|Protect
|move|p2a: Zapdos|Thunderbolt|p1b: KFC
|-damage|p1b: KFC|0 fnt
|faint|p1b: KFC
|
|
|switch|p1b: MoonDuck|Cresselia, F|296\/444
|turn|11
|
|switch|p2b: Gardevoir|Gardevoir-Mega, F, shiny|209\/278 par
|move|p2a: Zapdos|Thunderbolt|p1a: Rotom-Wash
|-damage|p1a: Rotom-Wash|189\/304
|move|p1a: Rotom-Wash|Will-O-Wisp|p2a: Zapdos
|-status|p2a: Zapdos|brn
|move|p1b: MoonDuck|Icy Wind|p2b: Gardevoir
|-supereffective|p2a: Zapdos
|-damage|p2a: Zapdos|328\/376 brn
|-unboost|p2a: Zapdos|spe|1
|-damage|p2b: Gardevoir|189\/278 par
|-unboost|p2b: Gardevoir|spe|1
|
|-heal|p1a: Rotom-Wash|208\/304|[from] item: Leftovers
|-heal|p1b: MoonDuck|323\/444|[from] item: Leftovers
|-damage|p2a: Zapdos|281\/376 brn|[from] brn
|turn|12
|
|move|p1a: Rotom-Wash|Protect|p1a: Rotom-Wash
|-singleturn|p1a: Rotom-Wash|Protect
|move|p1b: MoonDuck|Icy Wind|p2a: Zapdos
|-supereffective|p2a: Zapdos
|-damage|p2a: Zapdos|235\/376 brn
|-unboost|p2a: Zapdos|spe|1
|-damage|p2b: Gardevoir|168\/278 par
|-unboost|p2b: Gardevoir|spe|1
|move|p2a: Zapdos|Thunderbolt|p1b: MoonDuck
|-damage|p1b: MoonDuck|227\/444
|-status|p1b: MoonDuck|par
|move|p2b: Gardevoir|Hyper Voice|p1a: Rotom-Wash
|-activate|p1a: Rotom-Wash|Protect
|-damage|p1b: MoonDuck|95\/444 par
|
|-heal|p1a: Rotom-Wash|227\/304|[from] item: Leftovers
|-heal|p1b: MoonDuck|122\/444 par|[from] item: Leftovers
|-damage|p2a: Zapdos|188\/376 brn|[from] brn
|-enditem|p2a: Zapdos|Sitrus Berry|[eat]
|-heal|p2a: Zapdos|282\/376 brn|[from] item: Sitrus Berry
|turn|13
|
|move|p1a: Rotom-Wash|Thunderbolt|p2a: Zapdos
|-damage|p2a: Zapdos|179\/376 brn
|move|p2a: Zapdos|Thunderbolt|p1a: Rotom-Wash
|-damage|p1a: Rotom-Wash|118\/304
|move|p1b: MoonDuck|Moonlight|p1b: MoonDuck
|-heal|p1b: MoonDuck|344\/444 par
|cant|p2b: Gardevoir|par
|
|-heal|p1a: Rotom-Wash|137\/304|[from] item: Leftovers
|-heal|p1b: MoonDuck|371\/444 par|[from] item: Leftovers
|-damage|p2a: Zapdos|132\/376 brn|[from] brn
|turn|14
|
|switch|p2a: Entei|Entei, shiny|372\/372
|-ability|p2a: Entei|Pressure
|move|p1a: Rotom-Wash|Hydro Pump|p2a: Entei
|-supereffective|p2a: Entei
|-damage|p2a: Entei|174\/372
|move|p1b: MoonDuck|Icy Wind|p2a: Entei
|-resisted|p2a: Entei
|-damage|p2a: Entei|165\/372
|-unboost|p2a: Entei|spe|1
|-damage|p2b: Gardevoir|147\/278 par
|-unboost|p2b: Gardevoir|spe|1
|move|p2b: Gardevoir|Hyper Voice|p1b: MoonDuck
|-damage|p1a: Rotom-Wash|0 fnt
|-crit|p1b: MoonDuck
|-damage|p1b: MoonDuck|164\/444 par
|faint|p1a: Rotom-Wash
|
|-heal|p1b: MoonDuck|191\/444 par|[from] item: Leftovers
|
|switch|p1a: Randorosu|Landorus-Therian, M|364\/382
|-ability|p1a: Randorosu|Intimidate|[of] p2a: Entei
|-unboost|p2a: Entei|atk|1
|-ability|p1a: Randorosu|Intimidate|[of] p2b: Gardevoir
|-unboost|p2b: Gardevoir|atk|1
|turn|15
|
|switch|p2a: Zapdos|Zapdos|132\/376 brn
|-ability|p2a: Zapdos|Pressure
|move|p1a: Randorosu|Earthquake|p2b: Gardevoir
|-immune|p1b: MoonDuck|[msg]
|-immune|p2a: Zapdos|[msg]
|-damage|p2b: Gardevoir|0 fnt
|faint|p2b: Gardevoir
|cant|p1b: MoonDuck|par
|
|-heal|p1a: Randorosu|382\/382|[from] item: Leftovers
|-heal|p1b: MoonDuck|218\/444 par|[from] item: Leftovers
|-damage|p2a: Zapdos|85\/376 brn|[from] brn
|
|switch|p2b: Scizor|Scizor, M|273\/320
|turn|16
|
|move|p2b: Scizor|Bullet Punch|p1a: Randorosu
|-crit|p1a: Randorosu
|-damage|p1a: Randorosu|170\/382
|-damage|p2b: Scizor|241\/320|[from] item: Life Orb
|move|p1a: Randorosu|Rock Slide|p2b: Scizor
|-supereffective|p2a: Zapdos
|-damage|p2a: Zapdos|0 fnt
|-miss|p1a: Randorosu|p2b: Scizor
|faint|p2a: Zapdos
|move|p1b: MoonDuck|Moonlight|p1b: MoonDuck
|-heal|p1b: MoonDuck|440\/444 par
|
|-heal|p1a: Randorosu|193\/382|[from] item: Leftovers
|-heal|p1b: MoonDuck|444\/444 par|[from] item: Leftovers
|
|switch|p2a: Entei|Entei, shiny|165\/372
|-ability|p2a: Entei|Pressure
|turn|17
|
|move|p1a: Randorosu|Protect|p1a: Randorosu
|-singleturn|p1a: Randorosu|Protect
|move|p2a: Entei|Extreme Speed|p1a: Randorosu
|-activate|p1a: Randorosu|Protect
|move|p2b: Scizor|Bullet Punch|p1a: Randorosu
|-activate|p1a: Randorosu|Protect
|move|p1b: MoonDuck|Icy Wind|p2a: Entei
|-resisted|p2a: Entei
|-damage|p2a: Entei|156\/372
|-unboost|p2a: Entei|spe|1
|-resisted|p2b: Scizor
|-damage|p2b: Scizor|226\/320
|-unboost|p2b: Scizor|spe|1
|
|-heal|p1a: Randorosu|216\/382|[from] item: Leftovers
|turn|18
|
|move|p2a: Entei|Extreme Speed|p1a: Randorosu
|-damage|p1a: Randorosu|119\/382
|move|p2b: Scizor|Bullet Punch|p1a: Randorosu
|-damage|p1a: Randorosu|0 fnt
|-damage|p2b: Scizor|194\/320|[from] item: Life Orb
|faint|p1a: Randorosu
|move|p1b: MoonDuck|Psychic|p2a: Entei
|-damage|p2a: Entei|93\/372
|
|
|switch|p1a: Lizardon|Charizard-Mega-Y, M|215\/297
|-weather|SunnyDay
|turn|19
|
|move|p2b: Scizor|Protect|p2b: Scizor
|-singleturn|p2b: Scizor|Protect
|move|p1a: Lizardon|Heat Wave|p2b: Scizor
|-crit|p2a: Entei
|-resisted|p2a: Entei
|-damage|p2a: Entei|0 fnt
|-activate|p2b: Scizor|Protect
|faint|p2a: Entei
|move|p1b: MoonDuck|Psychic|p2b: Scizor
|-activate|p2b: Scizor|Protect
|
|-weather|SunnyDay|[upkeep]
|
|switch|p2a: Terrakion|Terrakion|78\/324
|turn|20
|
|move|p1a: Lizardon|Protect|p1a: Lizardon
|-singleturn|p1a: Lizardon|Protect
|move|p2a: Terrakion|Rock Slide|p1a: Lizardon
|-activate|p1a: Lizardon|Protect
|-damage|p1b: MoonDuck|368\/444 par
|move|p2b: Scizor|Bug Bite|p1b: MoonDuck
|-supereffective|p1b: MoonDuck
|-damage|p1b: MoonDuck|7\/444 par
|-damage|p2b: Scizor|162\/320|[from] item: Life Orb
|move|p1b: MoonDuck|Thunder Wave|p2a: Terrakion
|-status|p2a: Terrakion|par
|
|-weather|SunnyDay|[upkeep]
|-heal|p1b: MoonDuck|34\/444 par|[from] item: Leftovers
|turn|21
|
|move|p2b: Scizor|Bullet Punch|p1b: MoonDuck
|-damage|p1b: MoonDuck|0 fnt
|-damage|p2b: Scizor|130\/320|[from] item: Life Orb
|faint|p1b: MoonDuck
|move|p1a: Lizardon|Heat Wave|p2b: Scizor
|-resisted|p2a: Terrakion
|-damage|p2a: Terrakion|0 fnt
|-supereffective|p2b: Scizor
|-damage|p2b: Scizor|0 fnt
|faint|p2a: Terrakion
|faint|p2b: Scizor
|
|win|Lizardons
|raw|Ladder updating...
|raw|Lizardons's rating: 1643 &rarr; <strong>1665<\/strong><br \/>(+22 for winning)
|raw|CT hax's rating: 1669 &rarr; <strong>1647<\/strong><br \/>(-22 for losing)
|c|âLizardons|gg
|c|âCT hax|that was
|c|âCT hax|lol
|c|âLizardons|was REALLY CLOSE
|c|âCT hax|gg I guess