|join|Lizardons
|join|fangame10
|player|p1|Lizardons|266
|player|p2|fangame10|163
|gametype|doubles
|gen|6
|tier|Smogon Doubles
|rated
|clearpoke
|poke|p1|Charizard, M
|poke|p1|Cresselia, F, shiny
|poke|p1|Landorus-Therian, M
|poke|p1|Aegislash, M
|poke|p1|Rotom-Wash
|poke|p1|Tangrowth, M
|poke|p2|Chandelure, M
|poke|p2|Hariyama, M
|poke|p2|Escavalier, M
|poke|p2|Ampharos, M
|poke|p2|Sylveon, F
|poke|p2|Cresselia, F, shiny
|rule|Species Clause: Limit one of each PokÃ©mon
|rule|OHKO Clause: OHKO moves are banned
|rule|Moody Clause: Moody is banned
|rule|Evasion Abilities Clause: Evasion abilities are banned
|rule|Evasion Moves Clause: Evasion moves are banned
|rule|Endless Battle Clause: Forcing endless battles is banned
|rule|HP Percentage Mod: HP is shown in percentages
|teampreview
|
|start
|switch|p1a: Breaker|Aegislash, M|324\/324
|switch|p1b: Scruffy|Landorus-Therian, M|336\/336
|switch|p2a: F-117 Nighthawk|Chandelure, M|324\/324
|switch|p2b: UH-1 Huey"|Hariyama, M|492\/492
|-ability|p1b: Scruffy|Intimidate|[of] p2a: F-117 Nighthawk
|-unboost|p2a: F-117 Nighthawk|atk|1
|-ability|p1b: Scruffy|Intimidate|[of] p2b: UH-1 Huey"
|-unboost|p2b: UH-1 Huey"|atk|1
|turn|1
|join|TOTEMO
|
|switch|p1b: MoonDuck|Cresselia, F, shiny|444\/444
|move|p2b: UH-1 Huey"|Fake Out|p1b: MoonDuck
|-damage|p1b: MoonDuck|414\/444
|-formechange|p1a: Breaker|Aegislash-Blade
|move|p1a: Breaker|Shadow Ball|p2a: F-117 Nighthawk
|-crit|p2a: F-117 Nighthawk
|-supereffective|p2a: F-117 Nighthawk
|-enditem|p2a: F-117 Nighthawk|Focus Sash
|-damage|p2a: F-117 Nighthawk|1\/324
|move|p2a: F-117 Nighthawk|Trick Room|p2a: F-117 Nighthawk
|-fieldstart|move: Trick Room|[of] p2a: F-117 Nighthawk
|
|-heal|p1b: MoonDuck|441\/444|[from] item: Leftovers
|-status|p2b: UH-1 Huey"|tox|[from] item: Toxic Orb
|turn|2
|
|move|p1a: Breaker|Shadow Sneak|p2a: F-117 Nighthawk
|-supereffective|p2a: F-117 Nighthawk
|-damage|p2a: F-117 Nighthawk|0 fnt
|faint|p2a: F-117 Nighthawk
|move|p2b: UH-1 Huey"|Knock Off|p1b: MoonDuck
|-supereffective|p1b: MoonDuck
|-damage|p1b: MoonDuck|237\/444
|-enditem|p1b: MoonDuck|Leftovers|[from] move: Knock Off|[of] p2b: UH-1 Huey"
|move|p1b: MoonDuck|Psychic|p2b: UH-1 Huey"
|-supereffective|p2b: UH-1 Huey"
|-damage|p2b: UH-1 Huey"|252\/492 tox
|
|-damage|p2b: UH-1 Huey"|222\/492 tox|[from] psn
|
|switch|p2a: B-2 Spirit|Sylveon, F|330\/330
|turn|3
|
|switch|p2b: AH-64 Apache|Ampharos, M|384\/384
|-formechange|p1a: Breaker|Aegislash
|move|p1a: Breaker|King's Shield|p1a: Breaker
|-singleturn|p1a: Breaker|Protect
|move|p2a: B-2 Spirit|Calm Mind|p2a: B-2 Spirit
|-boost|p2a: B-2 Spirit|spa|1
|-boost|p2a: B-2 Spirit|spd|1
|move|p1b: MoonDuck|Psychic|p2b: AH-64 Apache
|-damage|p2b: AH-64 Apache|287\/384
|
|turn|4
|
|switch|p1a: Linguine|Tangrowth, M|341\/341
|detailschange|p2b: AH-64 Apache|Ampharos-Mega, M
|message|Ampharos has Mega Evolved into Mega Ampharos!
|-ability|p2b: AH-64 Apache|Mold Breaker
|move|p2b: AH-64 Apache|Thunderbolt|p1a: Linguine
|-resisted|p1a: Linguine
|-damage|p1a: Linguine|164\/341
|move|p2a: B-2 Spirit|Hyper Voice|p1b: MoonDuck
|-damage|p1a: Linguine|0 fnt
|-damage|p1b: MoonDuck|64\/444
|-damage|p2a: B-2 Spirit|297\/330|[from] item: Life Orb
|faint|p1a: Linguine
|move|p1b: MoonDuck|Psychic|p2b: AH-64 Apache
|-crit|p2b: AH-64 Apache
|-damage|p2b: AH-64 Apache|170\/384
|
|
|switch|p1a: Lizardon|Charizard, M|297\/297
|turn|5
|
|move|p1a: Lizardon|Protect|p1a: Lizardon
|-singleturn|p1a: Lizardon|Protect
|move|p2b: AH-64 Apache|Thunderbolt|p1a: Lizardon
|-activate|p1a: Lizardon|Protect
|move|p2a: B-2 Spirit|Calm Mind|p2a: B-2 Spirit
|-boost|p2a: B-2 Spirit|spa|1
|-boost|p2a: B-2 Spirit|spd|1
|move|p1b: MoonDuck|Psychic|p2b: AH-64 Apache
|-damage|p2b: AH-64 Apache|86\/384
|
|-fieldend|move: Trick Room
|turn|6
|
|switch|p2b: Predator Drone|Cresselia, F, shiny|444\/444
|detailschange|p1a: Lizardon|Charizard-Mega-Y, M
|message|Charizard has Mega Evolved into Mega Charizard!
|-weather|SunnyDay
|move|p1a: Lizardon|Heat Wave|p2a: B-2 Spirit
|-damage|p2a: B-2 Spirit|192\/330
|-damage|p2b: Predator Drone|254\/444
|move|p1b: MoonDuck|Psychic|p2b: Predator Drone
|-resisted|p2b: Predator Drone
|-damage|p2b: Predator Drone|223\/444
|move|p2a: B-2 Spirit|Hyper Voice|p1a: Lizardon
|-resisted|p1a: Lizardon
|-damage|p1a: Lizardon|119\/297
|-damage|p1b: MoonDuck|0 fnt
|-damage|p2a: B-2 Spirit|159\/330|[from] item: Life Orb
|faint|p1b: MoonDuck
|
|-weather|SunnyDay|[upkeep]
|
|switch|p1b: Breaker|Aegislash, M|324\/324
|turn|7
|
|switch|p2b: AH-64 Apache|Ampharos-Mega, M|86\/384
|-ability|p2b: AH-64 Apache|Mold Breaker
|move|p1a: Lizardon|Overheat|p2b: AH-64 Apache|[miss]
|-miss|p1a: Lizardon|p2b: AH-64 Apache
|-formechange|p1b: Breaker|Aegislash-Blade
|move|p1b: Breaker|Flash Cannon|p2a: B-2 Spirit
|-supereffective|p2a: B-2 Spirit
|-damage|p2a: B-2 Spirit|9\/330
|move|p2a: B-2 Spirit|Hyper Voice|p1b: Breaker
|-resisted|p1a: Lizardon
|-damage|p1a: Lizardon|0 fnt
|-crit|p1b: Breaker
|-resisted|p1b: Breaker
|-damage|p1b: Breaker|0 fnt
|-damage|p2a: B-2 Spirit|0 fnt|[from] item: Life Orb
|faint|p1a: Lizardon
|faint|p1b: Breaker
|faint|p2a: B-2 Spirit
|
|-weather|SunnyDay|[upkeep]
|
|switch|p1a: Scruffy|Landorus-Therian, M|336\/336
|switch|p1b: SmogonWash|Rotom-Wash|304\/304
|switch|p2a: Predator Drone|Cresselia, F, shiny|223\/444
|-ability|p1a: Scruffy|Intimidate|[of] p2a: Predator Drone
|-unboost|p2a: Predator Drone|atk|1
|-ability|p1a: Scruffy|Intimidate|[of] p2b: AH-64 Apache
|-unboost|p2b: AH-64 Apache|atk|1
|turn|8
|
|move|p1a: Scruffy|Rock Slide|p2a: Predator Drone
|-damage|p2a: Predator Drone|170\/444
|-damage|p2b: AH-64 Apache|10\/384
|move|p1b: SmogonWash|Will-O-Wisp|p2a: Predator Drone
|-status|p2a: Predator Drone|brn
|move|p2b: AH-64 Apache|Dragon Pulse|p1a: Scruffy
|-damage|p1a: Scruffy|93\/336
|move|p2a: Predator Drone|Trick Room|p2a: Predator Drone
|-fieldstart|move: Trick Room|[of] p2a: Predator Drone
|
|-weather|SunnyDay|[upkeep]
|-damage|p2a: Predator Drone|115\/444 brn|[from] brn
|turn|9
|
|move|p2b: AH-64 Apache|Thunderbolt|p1b: SmogonWash
|-damage|p1b: SmogonWash|148\/304
|move|p2a: Predator Drone|Psychic|p1a: Scruffy
|-damage|p1a: Scruffy|0 fnt
|faint|p1a: Scruffy
|move|p1b: SmogonWash|Thunderbolt|p2b: AH-64 Apache
|-resisted|p2b: AH-64 Apache
|-damage|p2b: AH-64 Apache|0 fnt
|faint|p2b: AH-64 Apache
|
|-weather|SunnyDay|[upkeep]
|-heal|p1b: SmogonWash|167\/304|[from] item: Leftovers
|-damage|p2a: Predator Drone|60\/444 brn|[from] brn
|
|switch|p2b: UH-1 Huey"|Hariyama, M|222\/492 tox
|turn|10
|
|move|p1b: SmogonWash|Protect|p1b: SmogonWash
|-singleturn|p1b: SmogonWash|Protect
|move|p2b: UH-1 Huey"|Close Combat|p1b: SmogonWash
|-activate|p1b: SmogonWash|Protect
|move|p2a: Predator Drone|Psychic|p1b: SmogonWash
|-activate|p1b: SmogonWash|Protect
|
|-weather|none
|-heal|p1b: SmogonWash|186\/304|[from] item: Leftovers
|-damage|p2b: UH-1 Huey"|192\/492 tox|[from] psn
|-damage|p2a: Predator Drone|5\/444 brn|[from] brn
|turn|11
|
|move|p1b: SmogonWash|Protect|p1b: SmogonWash
|-fail|p1b: SmogonWash
|move|p2b: UH-1 Huey"|Close Combat|p1b: SmogonWash
|-damage|p1b: SmogonWash|0 fnt
|-unboost|p2b: UH-1 Huey"|def|1
|-unboost|p2b: UH-1 Huey"|spd|1
|faint|p1b: SmogonWash
|
|win|fangame10
|raw|Ladder updating...
|c|âfangame10|gg
|leave|Lizardons
|player|p1
|raw|Lizardons's rating: 1574 &rarr; <strong>1541<\/strong><br \/>(-33 for losing)
|raw|fangame10's rating: 1301 &rarr; <strong>1334<\/strong><br \/>(+33 for winning)