|join|Lizardons
|join|Widdly Skuds
|player|p1|Lizardons|266
|player|p2|Widdly Skuds|269
|gametype|doubles
|gen|6
|tier|Smogon Doubles
|rated
|clearpoke
|poke|p1|Charizard, M
|poke|p1|Cresselia, F, shiny
|poke|p1|Landorus-Therian, M
|poke|p1|Aegislash, M
|poke|p1|Rotom-Wash
|poke|p1|Togekiss, F
|poke|p2|Talonflame, F
|poke|p2|Azumarill, M
|poke|p2|Breloom, F
|poke|p2|Mamoswine, F
|poke|p2|Kangaskhan, F
|poke|p2|Amoonguss, F
|rule|Species Clause: Limit one of each PokÃ©mon
|rule|OHKO Clause: OHKO moves are banned
|rule|Moody Clause: Moody is banned
|rule|Evasion Abilities Clause: Evasion abilities are banned
|rule|Evasion Moves Clause: Evasion moves are banned
|rule|Endless Battle Clause: Forcing endless battles is banned
|rule|HP Percentage Mod: HP is shown in percentages
|teampreview
|c|âWiddly Skuds|Glhf
|
|start
|switch|p1a: Batman|Togekiss, F|374\/374
|switch|p1b: Lizardon|Charizard, M|297\/297
|switch|p2a: Breloom|Breloom, F|262\/262
|switch|p2b: Kangaskhan|Kangaskhan, F|414\/414
|turn|1
|
|detailschange|p1b: Lizardon|Charizard-Mega-Y, M
|message|Charizard has Mega Evolved into Mega Charizard!
|-weather|SunnyDay
|detailschange|p2b: Kangaskhan|Kangaskhan-Mega, F
|message|Kangaskhan has Mega Evolved into Mega Kangaskhan!
|move|p2b: Kangaskhan|Fake Out|p1a: Batman
|-damage|p1a: Batman|301\/374
|-damage|p1a: Batman|262\/374
|-hitcount|p1a: Batman|2
|cant|p1a: Batman|flinch
|move|p1b: Lizardon|Overheat|p2b: Kangaskhan
|-damage|p2b: Kangaskhan|0 fnt
|-unboost|p1b: Lizardon|spa|2
|faint|p2b: Kangaskhan
|move|p2a: Breloom|Spore|p1b: Lizardon
|-status|p1b: Lizardon|slp
|
|-weather|SunnyDay|[upkeep]
|-heal|p1a: Batman|285\/374|[from] item: Leftovers
|
|switch|p2b: Azumarill|Azumarill, M|342\/342
|turn|2
|
|switch|p1b: Scruffy|Landorus-Therian, M|336\/336
|-ability|p1b: Scruffy|Intimidate|[of] p2a: Breloom
|-unboost|p2a: Breloom|atk|1
|-ability|p1b: Scruffy|Intimidate|[of] p2b: Azumarill
|-unboost|p2b: Azumarill|atk|1
|move|p2a: Breloom|Spore|p1a: Batman
|-status|p1a: Batman|slp
|move|p2b: Azumarill|Belly Drum|p2b: Azumarill
|-damage|p2b: Azumarill|171\/342
|-setboost|p2b: Azumarill|atk|6|[from] move: Belly Drum
|-enditem|p2b: Azumarill|Sitrus Berry|[eat]
|-heal|p2b: Azumarill|256\/342|[from] item: Sitrus Berry
|cant|p1a: Batman|slp
|
|-weather|SunnyDay|[upkeep]
|-heal|p1a: Batman|308\/374 slp|[from] item: Leftovers
|turn|3
|
|move|p2b: Azumarill|Aqua Jet|p1b: Scruffy
|-supereffective|p1b: Scruffy
|-damage|p1b: Scruffy|0 fnt
|faint|p1b: Scruffy
|move|p2a: Breloom|Swords Dance|p2a: Breloom
|-boost|p2a: Breloom|atk|2
|cant|p1a: Batman|slp
|
|-weather|SunnyDay|[upkeep]
|-heal|p1a: Batman|331\/374 slp|[from] item: Leftovers
|
|switch|p1b: SmogonWash|Rotom-Wash|304\/304
|turn|4
|
|move|p1b: SmogonWash|Protect|p1b: SmogonWash
|-singleturn|p1b: SmogonWash|Protect
|move|p2b: Azumarill|Protect|p2b: Azumarill
|-singleturn|p2b: Azumarill|Protect
|move|p2a: Breloom|Spore|p1b: SmogonWash
|-activate|p1b: SmogonWash|Protect
|cant|p1a: Batman|slp
|
|-weather|SunnyDay|[upkeep]
|-heal|p1a: Batman|354\/374 slp|[from] item: Leftovers
|turn|5
|
|move|p2b: Azumarill|Aqua Jet|p1a: Batman
|-damage|p1a: Batman|168\/374 slp
|move|p2a: Breloom|Spore|p1b: SmogonWash
|-status|p1b: SmogonWash|slp
|cant|p1b: SmogonWash|slp
|-curestatus|p1a: Batman|slp
|move|p1a: Batman|Air Slash|p2a: Breloom
|-supereffective|p2a: Breloom
|-enditem|p2a: Breloom|Focus Sash
|-damage|p2a: Breloom|1\/262
|
|-weather|none
|-heal|p1a: Batman|191\/374|[from] item: Leftovers
|turn|6
|
|move|p1a: Batman|Protect|p1a: Batman
|-singleturn|p1a: Batman|Protect
|move|p2b: Azumarill|Aqua Jet|p1a: Batman
|-activate|p1a: Batman|Protect
|move|p2a: Breloom|Swords Dance|p2a: Breloom
|-boost|p2a: Breloom|atk|2
|-curestatus|p1b: SmogonWash|slp
|move|p1b: SmogonWash|Will-O-Wisp|p2b: Azumarill
|-status|p2b: Azumarill|brn
|
|-heal|p1a: Batman|214\/374|[from] item: Leftovers
|-damage|p2b: Azumarill|214\/342 brn|[from] brn
|turn|7
|c|âWiddly Skuds|Ok then
|c|âWiddly Skuds|Legit
|
|switch|p1a: Breaker|Aegislash, M|324\/324
|move|p1b: SmogonWash|Protect|p1b: SmogonWash
|-singleturn|p1b: SmogonWash|Protect
|move|p2a: Breloom|Spore|p1b: SmogonWash
|-activate|p1b: SmogonWash|Protect
|move|p2b: Azumarill|Play Rough|p1a: Breaker
|-resisted|p1a: Breaker
|-damage|p1a: Breaker|180\/324
|
|-heal|p1a: Breaker|200\/324|[from] item: Leftovers
|-damage|p2b: Azumarill|172\/342 brn|[from] brn
|turn|8
|
|-formechange|p1a: Breaker|Aegislash-Blade
|move|p1a: Breaker|Shadow Sneak|p2a: Breloom
|-damage|p2a: Breloom|0 fnt
|faint|p2a: Breloom
|move|p1b: SmogonWash|Thunderbolt|p2b: Azumarill
|-supereffective|p2b: Azumarill
|-damage|p2b: Azumarill|0 fnt
|faint|p2b: Azumarill
|
|-heal|p1a: Breaker|220\/324|[from] item: Leftovers
|
|switch|p2a: Talonflame|Talonflame, F|318\/318
|switch|p2b: Mamoswine|Mamoswine, F|424\/424
|turn|9
|join|SpaceBass
|
|move|p2a: Talonflame|Protect|p2a: Talonflame
|-singleturn|p2a: Talonflame|Protect
|-formechange|p1a: Breaker|Aegislash
|move|p1a: Breaker|King's Shield|p1a: Breaker
|-singleturn|p1a: Breaker|Protect
|move|p1b: SmogonWash|Thunderbolt|p2a: Talonflame
|-activate|p2a: Talonflame|Protect
|move|p2b: Mamoswine|Icicle Crash|p1b: SmogonWash|[miss]
|-miss|p2b: Mamoswine|p1b: SmogonWash
|
|-heal|p1a: Breaker|240\/324|[from] item: Leftovers
|turn|10
|c|âWiddly Skuds|The hax
|c|âWiddly Skuds|Is unreal
|c|âLizardons|=[
|
|move|p1a: Breaker|King's Shield|p1a: Breaker
|-fail|p1a: Breaker
|move|p2a: Talonflame|Swords Dance|p2a: Talonflame
|-boost|p2a: Talonflame|atk|2
|move|p1b: SmogonWash|Thunderbolt|p2a: Talonflame
|-supereffective|p2a: Talonflame
|-damage|p2a: Talonflame|58\/318
|move|p2b: Mamoswine|Earthquake|p1b: SmogonWash
|-immune|p2a: Talonflame|[msg]
|-supereffective|p1a: Breaker
|-damage|p1a: Breaker|48\/324
|-immune|p1b: SmogonWash|[msg]
|
|-heal|p1a: Breaker|68\/324|[from] item: Leftovers
|turn|11
|c|âWiddly Skuds|Two first turn wake ups and a miss
|c|âLizardons|=[
|
|move|p2a: Talonflame|Protect|p2a: Talonflame
|-singleturn|p2a: Talonflame|Protect
|-formechange|p1a: Breaker|Aegislash-Blade
|move|p1a: Breaker|Shadow Sneak|p2a: Talonflame
|-activate|p2a: Talonflame|Protect
|move|p1b: SmogonWash|Thunderbolt|p2a: Talonflame
|-activate|p2a: Talonflame|Protect
|move|p2b: Mamoswine|Earthquake|p1a: Breaker
|-immune|p2a: Talonflame|[msg]
|-supereffective|p1a: Breaker
|-damage|p1a: Breaker|0 fnt
|-immune|p1b: SmogonWash|[msg]
|faint|p1a: Breaker
|
|
|switch|p1a: MoonDuck|Cresselia, F, shiny|444\/444
|turn|12
|
|move|p2a: Talonflame|Brave Bird|p1a: MoonDuck
|-damage|p1a: MoonDuck|194\/444
|-damage|p2a: Talonflame|0 fnt|[from] recoil|[of] p1a: MoonDuck
|faint|p2a: Talonflame
|move|p1b: SmogonWash|Thunderbolt|p2b: Mamoswine
|-immune|p2b: Mamoswine|[msg]
|move|p1a: MoonDuck|Icy Wind|p2b: Mamoswine
|-damage|p2b: Mamoswine|397\/424
|-unboost|p2b: Mamoswine|spe|1
|move|p2b: Mamoswine|Icicle Crash|p1a: MoonDuck
|-damage|p1a: MoonDuck|23\/444
|
|-heal|p1a: MoonDuck|50\/444|[from] item: Leftovers
|
|switch|p2a: Amoonguss|Amoonguss, F|432\/432
|turn|13
|
|move|p2b: Mamoswine|Ice Shard|p1a: MoonDuck
|-damage|p1a: MoonDuck|0 fnt
|faint|p1a: MoonDuck
|move|p1b: SmogonWash|Will-O-Wisp|p2a: Amoonguss
|-status|p2a: Amoonguss|brn
|move|p2a: Amoonguss|Spore|p1b: SmogonWash
|-status|p1b: SmogonWash|slp
|
|-damage|p2a: Amoonguss|378\/432 brn|[from] brn
|
|switch|p1a: Batman|Togekiss, F|214\/374
|turn|14
|
|move|p2a: Amoonguss|Rage Powder|p2a: Amoonguss
|-start|p2a: Amoonguss|move: Rage Powder
|cant|p1b: SmogonWash|slp
|move|p1a: Batman|Air Slash|p2a: Amoonguss
|-supereffective|p2a: Amoonguss
|-damage|p2a: Amoonguss|144\/432 brn
|move|p2b: Mamoswine|Icicle Crash|p1a: Batman
|-supereffective|p1a: Batman
|-damage|p1a: Batman|0 fnt
|faint|p1a: Batman
|
|-heal|p2a: Amoonguss|171\/432 brn|[from] item: Black Sludge
|-damage|p2a: Amoonguss|117\/432 brn|[from] brn
|
|switch|p1a: Lizardon|Charizard-Mega-Y, M|297\/297 slp
|-weather|SunnyDay
|turn|15
|join|mouse de frank
|
|cant|p1b: SmogonWash|slp
|cant|p1a: Lizardon|slp
|move|p2b: Mamoswine|Icicle Crash|p1a: Lizardon|[miss]
|-miss|p2b: Mamoswine|p1a: Lizardon
|move|p2a: Amoonguss|Giga Drain|p1b: SmogonWash
|-supereffective|p1b: SmogonWash
|-damage|p1b: SmogonWash|194\/304 slp
|-heal|p2a: Amoonguss|172\/432 brn|[from] drain|[of] p1b: SmogonWash
|
|-weather|SunnyDay|[upkeep]
|-heal|p1b: SmogonWash|213\/304 slp|[from] item: Leftovers
|-heal|p2a: Amoonguss|199\/432 brn|[from] item: Black Sludge
|-damage|p2a: Amoonguss|145\/432 brn|[from] brn
|turn|16
|c|âWiddly Skuds|Lollllllllllllll
|
|-curestatus|p1b: SmogonWash|slp
|move|p1b: SmogonWash|Protect|p1b: SmogonWash
|-singleturn|p1b: SmogonWash|Protect
|cant|p1a: Lizardon|slp
|move|p2b: Mamoswine|Icicle Crash|p1a: Lizardon
|-damage|p1a: Lizardon|63\/297 slp
|move|p2a: Amoonguss|Giga Drain|p1b: SmogonWash
|-activate|p1b: SmogonWash|Protect
|
|-weather|SunnyDay|[upkeep]
|-heal|p1b: SmogonWash|232\/304|[from] item: Leftovers
|-heal|p2a: Amoonguss|172\/432 brn|[from] item: Black Sludge
|-damage|p2a: Amoonguss|118\/432 brn|[from] brn
|turn|17
|
|move|p2b: Mamoswine|Ice Shard|p1a: Lizardon
|-damage|p1a: Lizardon|0 fnt
|faint|p1a: Lizardon
|move|p1b: SmogonWash|Thunderbolt|p2a: Amoonguss
|-resisted|p2a: Amoonguss
|-damage|p2a: Amoonguss|57\/432 brn
|move|p2a: Amoonguss|Spore|p1b: SmogonWash
|-status|p1b: SmogonWash|slp
|
|-weather|SunnyDay|[upkeep]
|-heal|p1b: SmogonWash|251\/304 slp|[from] item: Leftovers
|-heal|p2a: Amoonguss|84\/432 brn|[from] item: Black Sludge
|-damage|p2a: Amoonguss|30\/432 brn|[from] brn
|turn|18
|
|cant|p1b: SmogonWash|slp
|move|p2b: Mamoswine|Icicle Crash|p1b: SmogonWash
|-resisted|p1b: SmogonWash
|-damage|p1b: SmogonWash|165\/304 slp
|move|p2a: Amoonguss|Giga Drain|p1b: SmogonWash
|-supereffective|p1b: SmogonWash
|-damage|p1b: SmogonWash|57\/304 slp
|-heal|p2a: Amoonguss|84\/432 brn|[from] drain|[of] p1b: SmogonWash
|
|-weather|SunnyDay|[upkeep]
|-heal|p1b: SmogonWash|76\/304 slp|[from] item: Leftovers
|-heal|p2a: Amoonguss|111\/432 brn|[from] item: Black Sludge
|-damage|p2a: Amoonguss|57\/432 brn|[from] brn
|turn|19
|c|âLizardons|gg
|
|cant|p1b: SmogonWash|slp
|move|p2b: Mamoswine|Icicle Crash|p1b: SmogonWash|[miss]
|-miss|p2b: Mamoswine|p1b: SmogonWash
|move|p2a: Amoonguss|Giga Drain|p1b: SmogonWash
|-supereffective|p1b: SmogonWash
|-damage|p1b: SmogonWash|0 fnt
|-heal|p2a: Amoonguss|95\/432 brn|[from] drain|[of] p1b: SmogonWash
|faint|p1b: SmogonWash
|
|win|Widdly Skuds
|raw|Ladder updating...
|c|âWiddly Skuds|Gg
|raw|Lizardons's rating: 1535 &rarr; <strong>1516<\/strong><br \/>(-19 for losing)
|raw|Widdly Skuds's rating: 1555 &rarr; <strong>1574<\/strong><br \/>(+19 for winning)
|leave|Lizardons
|player|p1