|join|Antenna Management
|join|Shanksaw
|player|p1|Antenna Management|268
|player|p2|Shanksaw|96
|gametype|singles
|gen|6
|tier|UU
|rated
|rule|Sleep Clause Mod: Limit one foe put to sleep
|rule|Species Clause: Limit one of each PokÃ©mon
|rule|OHKO Clause: OHKO moves are banned
|rule|Moody Clause: Moody is banned
|rule|Evasion Moves Clause: Evasion moves are banned
|rule|Endless Battle Clause: Forcing endless battles is banned
|rule|HP Percentage Mod: HP is shown in percentages
|clearpoke
|poke|p1|Suicune
|poke|p1|Yanmega, M, shiny
|poke|p1|Jirachi, shiny
|poke|p1|Togetic, F
|poke|p1|Donphan, M
|poke|p1|Diancie, shiny
|poke|p2|Aerodactyl, F
|poke|p2|Amoonguss, F
|poke|p2|Galvantula, F
|poke|p2|Suicune
|poke|p2|Forretress, M
|poke|p2|Nidoking, M
|rule|Swagger Clause: Swagger is banned
|rule|Baton Pass Clause: Limit one PokÃ©mon knowing Baton Pass
|teampreview
|
|start
|switch|p1a: so pretty|Diancie, shiny|280\/280
|switch|p2a: Galvantula|Galvantula, F|281\/281
|turn|1
|join|Dad's Dad
|
|detailschange|p1a: so pretty|Diancie-Mega, shiny
|-mega|p1a: so pretty|Diancie|Diancite
|move|p2a: Galvantula|Giga Drain|p1a: so pretty
|-supereffective|p1a: so pretty
|-damage|p1a: so pretty|146\/280
|move|p1a: so pretty|Moonblast|p2a: Galvantula
|-enditem|p2a: Galvantula|Focus Sash
|-damage|p2a: Galvantula|1\/281
|
|turn|2
|
|move|p2a: Galvantula|Giga Drain|p1a: so pretty
|-supereffective|p1a: so pretty
|-damage|p1a: so pretty|20\/280
|-heal|p2a: Galvantula|64\/281|[from] drain|[of] p1a: so pretty
|move|p1a: so pretty|Moonblast|p2a: Galvantula
|-damage|p2a: Galvantula|0 fnt
|faint|p2a: Galvantula
|
|
|switch|p2a: Amoonguss|Amoonguss, F|432\/432
|turn|3
|
|move|p1a: so pretty|Psyshock|p2a: Amoonguss
|-supereffective|p2a: Amoonguss
|-damage|p2a: Amoonguss|66\/432
|move|p2a: Amoonguss|Giga Drain|p1a: so pretty
|-supereffective|p1a: so pretty
|-damage|p1a: so pretty|0 fnt
|-heal|p2a: Amoonguss|76\/432|[from] drain|[of] p1a: so pretty
|faint|p1a: so pretty
|
|-heal|p2a: Amoonguss|103\/432|[from] item: Black Sludge
|join|ahyueah
|
|switch|p1a: Schweinsteiger|Donphan, M|382\/382
|turn|4
|join|Shit User
|c| ahyueah|needs more
|c| ahyueah|sub petaya emp imo
|c|âAntenna Management|lol
|
|switch|p2a: Suicune|Suicune|404\/404
|-ability|p2a: Suicune|Pressure
|move|p1a: Schweinsteiger|Knock Off|p2a: Suicune
|-damage|p2a: Suicune|338\/404
|-enditem|p2a: Suicune|Leftovers|[from] move: Knock Off|[of] p1a: Schweinsteiger
|
|turn|5
|c|âAntenna Management|did you see heist v bad ass
|c| ahyueah|yh
|c|âAntenna Management|p. good game
|c| ahyueah|im more hyped for jorgen vs picollo
|c| ahyueah|but hell I cant make the time
|
|switch|p1a: Bravely Default|Togetic, F|313\/313
|move|p2a: Suicune|Calm Mind|p2a: Suicune
|-boost|p2a: Suicune|spa|1
|-boost|p2a: Suicune|spd|1
|
|turn|6
|c| ahyueah|6pm gmt -6 at a sunday
|c|âAntenna Management|dam
|
|move|p2a: Suicune|Scald|p1a: Bravely Default
|-damage|p1a: Bravely Default|253\/313
|move|p1a: Bravely Default|Nasty Plot|p1a: Bravely Default
|-boost|p1a: Bravely Default|spa|2
|
|turn|7
|join|Tom's Uncle
|
|move|p2a: Suicune|Scald|p1a: Bravely Default
|-damage|p1a: Bravely Default|189\/313
|move|p1a: Bravely Default|Nasty Plot|p1a: Bravely Default
|-boost|p1a: Bravely Default|spa|2
|
|turn|8
|c| ahyueah|also mr.E vs mdragon will be funny too
|c| Dad's Dad|weelllllllllllllllllllp
|
|switch|p2a: Forretress|Forretress, M|354\/354
|move|p1a: Bravely Default|Baton Pass|p1a: Bravely Default
|c|âAntenna Management|stopped goboing at the right time imo
|
|switch|p1a: Helicopter|Yanmega, M, shiny|313\/313
|
|turn|9
|c| Dad's Dad|i luv 2 gobo
|c|âAntenna Management|flinch pls
|c| Dad's Dad|just flinch here tbh
|
|move|p1a: Helicopter|Air Slash|p2a: Forretress
|-activate|p2a: Forretress|Sturdy
|-damage|p2a: Forretress|1\/354
|-enditem|p2a: Forretress|Red Card|[of] p1a: Helicopter
|drag|p1a: Schweinsteiger|Donphan, M|382\/382
|move|p2a: Forretress|Stealth Rock|p1a: Schweinsteiger
|-sidestart|p1: Antenna Management|move: Stealth Rock
|
|turn|10
|c| Shit User|e
|c| Shit User|b
|c| ahyueah|red
|c| Shit User|i
|c| Shit User|c
|c| ahyueah|card
|c| Shit User|that just
|c| ahyueah|bop
|c| Shit User|helped
|c| Shit User|LOL
|c|âAntenna Management|easiest spin
|c| Dad's Dad|nice an bad
|c|âAntenna Management|of my life
|
|move|p1a: Schweinsteiger|Rapid Spin|p2a: Forretress
|-resisted|p2a: Forretress
|-damage|p2a: Forretress|0 fnt
|-sideend|p1: Antenna Management|Stealth Rock|[from] move: Rapid Spin|[of] p1a: Schweinsteiger
|faint|p2a: Forretress
|
|c| Shit User|not even
|c| Shit User|max speed
|c| Shit User|forrey
|c| Shit User|GARBAGE
|c| Dad's Dad|WHY IS THIS NOT MAX SPEED EXPLOSION
|
|switch|p2a: Amoonguss|Amoonguss, F|247\/432
|turn|11
|c| ahyueah|I want old boom mechanics
|c| Shit User|Its red card lol
|c| ahyueah|tbh
|c| Shit User|it probably should be
|
|move|p1a: Schweinsteiger|Earthquake|p2a: Amoonguss
|-damage|p2a: Amoonguss|0 fnt
|faint|p2a: Amoonguss
|
|c| ahyueah|then fat teams would prolly be "less" common or atleast a bit easier to break
|c| Shit User|fucking
|c| Shit User|schweinsteigher
|c| Shit User|not even
|c| Shit User|bad
|c| Shit User|0.0
|
|switch|p2a: Suicune|Suicune|338\/404
|-ability|p2a: Suicune|Pressure
|turn|12
|c| Dad's Dad|what were old boom mechanics
|c| ahyueah|boom halfs the defense of the opponents mon
|
|move|p2a: Suicune|Calm Mind|p2a: Suicune
|-boost|p2a: Suicune|spa|1
|-boost|p2a: Suicune|spd|1
|move|p1a: Schweinsteiger|Stealth Rock|p2a: Suicune
|-sidestart|p2: Shanksaw|move: Stealth Rock
|
|turn|13
|
|switch|p1a: Jirachi|Jirachi, shiny|341\/341
|move|p2a: Suicune|Scald|p1a: Jirachi
|-damage|p1a: Jirachi|212\/341
|
|turn|14
|c| Dad's Dad|but dont they usually die lol
|
|move|p1a: Jirachi|Trick|p2a: Suicune
|-activate|p1a: Jirachi|move: Trick|[of] p2a: Suicune
|-item|p2a: Suicune|Choice Scarf|[from] move: Trick
|move|p2a: Suicune|Scald|p1a: Jirachi
|-crit|p1a: Jirachi
|-damage|p1a: Jirachi|20\/341
|
|turn|15
|c| ahyueah|your own mons? they do lol but with the current boom mechanics introduced in bw
|c| ahyueah|some mons lost their ability to boom when they were almost dead
|
|move|p1a: Jirachi|U-turn|p2a: Suicune
|-damage|p2a: Suicune|293\/404
|
|switch|p1a: Suicune|Suicune|404\/404
|-ability|p1a: Suicune|Pressure
|move|p2a: Suicune|Scald|p1a: Suicune
|-resisted|p1a: Suicune
|-damage|p1a: Suicune|346\/404
|
|-heal|p1a: Suicune|371\/404|[from] item: Leftovers
|turn|16
|-message|Shanksaw forfeited.
|leave|Shanksaw
|leave|Shit User
|
|win|Antenna Management
|raw|Ladder updating...
|player|p2
|raw|Antenna Management's rating: 1478 &rarr; <strong>1489<\/strong><br \/>(+11 for winning)
|raw|Shanksaw's rating: 1308 &rarr; <strong>1297<\/strong><br \/>(-11 for losing)
|leave|Antenna Management