|join|Gr1ndin
|join|Antenna Management
|player|p1|Gr1ndin|79
|player|p2|Antenna Management|268
|gametype|singles
|gen|6
|tier|UU
|rated
|rule|Sleep Clause Mod: Limit one foe put to sleep
|rule|Species Clause: Limit one of each PokÃ©mon
|rule|OHKO Clause: OHKO moves are banned
|rule|Moody Clause: Moody is banned
|rule|Evasion Moves Clause: Evasion moves are banned
|rule|Endless Battle Clause: Forcing endless battles is banned
|rule|HP Percentage Mod: HP is shown in percentages
|clearpoke
|poke|p1|Lickilicky, F
|poke|p1|Aggron, F
|poke|p1|Celebi
|poke|p1|Doublade, F
|poke|p1|Starmie
|poke|p1|Arcanine, M
|poke|p2|Slowking, M
|poke|p2|Porygon-Z
|poke|p2|Haxorus, M
|poke|p2|Tornadus, M, shiny
|poke|p2|Azelf, shiny
|poke|p2|Fletchinder, M
|rule|Swagger Clause: Swagger is banned
|rule|Baton Pass Clause: Limit one PokÃ©mon knowing Baton Pass
|teampreview
|join|ahyueah
|
|start
|switch|p1a: Aggron|Aggron, F|343\/343
|switch|p2a: xMarth|Haxorus, M|307\/307
|-ability|p2a: xMarth|Mold Breaker
|turn|1
|
|detailschange|p1a: Aggron|Aggron-Mega, F
|-mega|p1a: Aggron|Aggron|Aggronite
|move|p2a: xMarth|Swords Dance|p2a: xMarth
|-boost|p2a: xMarth|atk|2
|move|p1a: Aggron|Stealth Rock|p2a: xMarth
|-sidestart|p2: Antenna Management|move: Stealth Rock
|
|turn|2
|c| ahyueah|rofl did st123 die
|
|move|p2a: xMarth|Earthquake|p1a: Aggron
|-supereffective|p1a: Aggron
|-damage|p1a: Aggron|119\/343
|move|p1a: Aggron|Avalanche|p2a: xMarth
|-supereffective|p2a: xMarth
|-damage|p2a: xMarth|21\/307
|
|turn|3
|c|âAntenna Management|idk haven't seen him in a while
|join|6 agility
|
|move|p2a: xMarth|Earthquake|p1a: Aggron
|-supereffective|p1a: Aggron
|-damage|p1a: Aggron|0 fnt
|faint|p1a: Aggron
|
|
|switch|p1a: Arcanine|Arcanine, M|383\/383
|-ability|p1a: Arcanine|Intimidate|[of] p2a: xMarth
|-unboost|p2a: xMarth|atk|1
|turn|4
|
|move|p1a: Arcanine|Extreme Speed|p2a: xMarth
|-damage|p2a: xMarth|0 fnt
|faint|p2a: xMarth
|
|
|switch|p2a: Billtodamax|Slowking, M|394\/394
|-damage|p2a: Billtodamax|345\/394|[from] Stealth Rock
|turn|5
|
|switch|p2a: dodmen|Azelf, shiny|291\/291
|-damage|p2a: dodmen|255\/291|[from] Stealth Rock
|move|p1a: Arcanine|Toxic|p2a: dodmen
|-status|p2a: dodmen|tox
|
|-damage|p2a: dodmen|237\/291 tox|[from] psn
|turn|6
|
|switch|p1a: Lickilicky|Lickilicky, F|423\/423
|move|p2a: dodmen|Stealth Rock|p1a: Lickilicky
|-sidestart|p1: Gr1ndin|move: Stealth Rock
|
|-damage|p2a: dodmen|201\/291 tox|[from] psn
|turn|7
|
|move|p2a: dodmen|Knock Off|p1a: Lickilicky
|-crit|p1a: Lickilicky
|-damage|p1a: Lickilicky|248\/423
|-enditem|p1a: Lickilicky|Leftovers|[from] move: Knock Off|[of] p2a: dodmen
|move|p1a: Lickilicky|Knock Off|p2a: dodmen
|-supereffective|p2a: dodmen
|-damage|p2a: dodmen|9\/291 tox
|-enditem|p2a: dodmen|Focus Sash|[from] move: Knock Off|[of] p1a: Lickilicky
|
|-damage|p2a: dodmen|0 fnt|[from] psn
|faint|p2a: dodmen
|
|switch|p2a: ahyueah|Porygon-Z|331\/331
|-damage|p2a: ahyueah|290\/331|[from] Stealth Rock
|turn|8
|
|move|p2a: ahyueah|Trick|p1a: Lickilicky
|-activate|p2a: ahyueah|move: Trick|[of] p1a: Lickilicky
|-item|p1a: Lickilicky|Choice Specs|[from] move: Trick
|move|p1a: Lickilicky|Toxic|p2a: ahyueah|[miss]
|-miss|p1a: Lickilicky|p2a: ahyueah
|
|turn|9
|c| ahyueah|is that
|c| ahyueah|THE pz st
|c|âAntenna Management|yeah
|join|Shit User
|c|âAntenna Management|still gonna lose though
|c| Shit User|n
|c| Shit User|u can do this
|
|move|p2a: ahyueah|Nasty Plot|p2a: ahyueah
|-boost|p2a: ahyueah|spa|2
|move|p1a: Lickilicky|Toxic|p2a: ahyueah
|-status|p2a: ahyueah|tox
|
|-damage|p2a: ahyueah|270\/331 tox|[from] psn
|turn|10
|c| Shit User|we believe in u
|c| Shit User|ebic lum
|c| Shit User|:[
|
|switch|p1a: Doublade|Doublade, F|321\/321
|-damage|p1a: Doublade|301\/321|[from] Stealth Rock
|move|p2a: ahyueah|Tri Attack|p1a: Doublade
|-immune|p1a: Doublade|[msg]
|
|-damage|p2a: ahyueah|230\/331 tox|[from] psn
|turn|11
|c| ahyueah|somethings gonna die
|
|switch|p1a: Lickilicky|Lickilicky, F|248\/423
|-damage|p1a: Lickilicky|196\/423|[from] Stealth Rock
|move|p2a: ahyueah|Dark Pulse|p1a: Lickilicky
|-damage|p1a: Lickilicky|37\/423
|
|-damage|p2a: ahyueah|170\/331 tox|[from] psn
|turn|12
|c| ahyueah|wow
|c| ahyueah|impressive
|
|move|p1a: Lickilicky|Protect|p1a: Lickilicky
|-singleturn|p1a: Lickilicky|Protect
|move|p2a: ahyueah|Dark Pulse|p1a: Lickilicky
|-activate|p1a: Lickilicky|Protect
|
|-damage|p2a: ahyueah|90\/331 tox|[from] psn
|turn|13
|
|move|p1a: Lickilicky|Protect|p1a: Lickilicky
|-fail|p1a: Lickilicky
|move|p2a: ahyueah|Nasty Plot|p2a: ahyueah
|-boost|p2a: ahyueah|spa|2
|
|-damage|p2a: ahyueah|0 fnt|[from] psn
|faint|p2a: ahyueah
|c|âGr1ndin|lol
|
|switch|p2a: sniperaim|Fletchinder, M|291\/291
|-damage|p2a: sniperaim|146\/291|[from] Stealth Rock
|turn|14
|
|switch|p1a: Arcanine|Arcanine, M|383\/383
|-damage|p1a: Arcanine|288\/383|[from] Stealth Rock
|-ability|p1a: Arcanine|Intimidate|[of] p2a: sniperaim
|-unboost|p2a: sniperaim|atk|1
|move|p2a: sniperaim|Swords Dance|p2a: sniperaim
|-boost|p2a: sniperaim|atk|2
|
|-heal|p1a: Arcanine|311\/383|[from] item: Leftovers
|turn|15
|c| Shit User|ebin
|
|move|p1a: Arcanine|Extreme Speed|p2a: sniperaim
|-damage|p2a: sniperaim|27\/291
|move|p2a: sniperaim|Roost|p2a: sniperaim
|-heal|p2a: sniperaim|173\/291
|
|-heal|p1a: Arcanine|334\/383|[from] item: Leftovers
|turn|16
|c| Shit User|ebin
|
|move|p2a: sniperaim|Swords Dance|p2a: sniperaim
|-boost|p2a: sniperaim|atk|2
|move|p1a: Arcanine|Toxic|p2a: sniperaim
|-status|p2a: sniperaim|tox
|
|-heal|p1a: Arcanine|357\/383|[from] item: Leftovers
|-damage|p2a: sniperaim|155\/291 tox|[from] psn
|turn|17
|
|move|p1a: Arcanine|Extreme Speed|p2a: sniperaim
|-damage|p2a: sniperaim|41\/291 tox
|move|p2a: sniperaim|Acrobatics|p1a: Arcanine
|-crit|p1a: Arcanine
|-damage|p1a: Arcanine|0 fnt
|faint|p1a: Arcanine
|
|-damage|p2a: sniperaim|5\/291 tox|[from] psn
|join|Dad's Dad
|
|switch|p1a: Doublade|Doublade, F|301\/321
|-damage|p1a: Doublade|281\/321|[from] Stealth Rock
|turn|18
|
|switch|p1a: Lickilicky|Lickilicky, F|37\/423
|-damage|p1a: Lickilicky|0 fnt|[from] Stealth Rock
|faint|p1a: Lickilicky
|move|p2a: sniperaim|Acrobatics|p1: Lickilicky|[notarget]
|-notarget
|
|-damage|p2a: sniperaim|0 fnt|[from] psn
|faint|p2a: sniperaim
|join|Gogoplata
|c| Shit User|:[
|join|Pinkin Lark
|c|âGr1ndin|:]
|c| Shit User|u
|c| Shit User|got em!
|c| Gogoplata|r u shofu
|
|switch|p1a: Starmie|Starmie|323\/323
|switch|p2a: Technosis|Tornadus, M, shiny|299\/299
|-damage|p1a: Starmie|283\/323|[from] Stealth Rock
|-damage|p2a: Technosis|225\/299|[from] Stealth Rock
|turn|19
|c|âGr1ndin|feel pretty crispy about that one
|join|Snowballin
|c| Shit User|ur so crispy
|
|move|p1a: Starmie|Scald|p2a: Technosis
|-damage|p2a: Technosis|102\/299
|-status|p2a: Technosis|brn
|move|p2a: Technosis|Knock Off|p1a: Starmie
|-supereffective|p1a: Starmie
|-damage|p1a: Starmie|163\/323
|-enditem|p1a: Starmie|Leftovers|[from] move: Knock Off|[of] p2a: Technosis
|
|-damage|p2a: Technosis|65\/299 brn|[from] brn
|turn|20
|join|nidvikie
|-message|Antenna Management forfeited.
|leave|Antenna Management
|leave|nidvikie
|
|win|Gr1ndin
|raw|Ladder updating...
|player|p2
|raw|Gr1ndin's rating: 1467 &rarr; <strong>1488<\/strong><br \/>(+21 for winning)
|raw|Antenna Management's rating: 1489 &rarr; <strong>1468<\/strong><br \/>(-21 for losing)
|leave|Pinkin Lark