|join|Rflp
|join|Robert Edward Lee
|player|p1|Rflp|290
|player|p2|Robert Edward Lee|214
|gametype|singles
|gen|6
|tier|OU
|rated
|clearpoke
|poke|p1|Heracross, M
|poke|p1|Magnezone
|poke|p1|Thundurus, M
|poke|p1|Heatran, M
|poke|p1|Landorus-Therian, M
|poke|p1|Azumarill, F
|poke|p2|Medicham, F, shiny
|poke|p2|Ferrothorn, F
|poke|p2|Rotom-Wash
|poke|p2|Latios, M
|poke|p2|Tyranitar, M
|poke|p2|Gengar, M, shiny
|rule|Swagger Clause: Swagger is banned
|rule|Baton Pass Clause: Limit one PokÃ©mon knowing Baton Pass
|rule|Sleep Clause Mod: Limit one foe put to sleep
|rule|Species Clause: Limit one of each PokÃ©mon
|rule|OHKO Clause: OHKO moves are banned
|rule|Moody Clause: Moody is banned
|rule|Evasion Moves Clause: Evasion moves are banned
|rule|Endless Battle Clause: Forcing endless battles is banned
|rule|HP Percentage Mod: HP is shown in percentages
|teampreview
|c|âRobert Edward Lee|gl hf
|
|start
|switch|p1a: Landorus-Therian|Landorus-Therian, M|381\/381
|switch|p2a: Medicham|Medicham, F, shiny|261\/261
|-ability|p1a: Landorus-Therian|Intimidate|[of] p2a: Medicham
|-unboost|p2a: Medicham|atk|1
|turn|1
|
|switch|p1a: Azumarill|Azumarill, F|401\/401
|detailschange|p2a: Medicham|Medicham-Mega, F, shiny
|message|Medicham has Mega Evolved into Mega Medicham!
|move|p2a: Medicham|Fake Out|p1a: Azumarill
|-damage|p1a: Azumarill|333\/401
|
|turn|2
|
|switch|p2a: Ferrothorn|Ferrothorn, F|352\/352
|move|p1a: Azumarill|Knock Off|p2a: Ferrothorn
|-damage|p2a: Ferrothorn|272\/352
|-damage|p1a: Azumarill|283\/401|[from] ability: Iron Barbs|[of] p2a: Ferrothorn
|-enditem|p2a: Ferrothorn|Leftovers|[from] move: Knock Off|[of] p1a: Azumarill
|
|turn|3
|
|switch|p1a: Magnezone|Magnezone|286\/286
|switch|p2a: Medicham|Medicham-Mega, F, shiny|261\/261
|
|turn|4
|
|move|p1a: Magnezone|Volt Switch|p2a: Medicham
|-damage|p2a: Medicham|126\/261
|
|switch|p1a: Landorus-Therian|Landorus-Therian, M|381\/381
|-ability|p1a: Landorus-Therian|Intimidate|[of] p2a: Medicham
|-unboost|p2a: Medicham|atk|1
|move|p2a: Medicham|High Jump Kick|p1a: Landorus-Therian
|-resisted|p1a: Landorus-Therian
|-damage|p1a: Landorus-Therian|282\/381
|
|-heal|p1a: Landorus-Therian|305\/381|[from] item: Leftovers
|turn|5
|
|move|p2a: Medicham|Zen Headbutt|p1a: Landorus-Therian
|-crit|p1a: Landorus-Therian
|-damage|p1a: Landorus-Therian|43\/381
|move|p1a: Landorus-Therian|Stealth Rock|p2a: Medicham
|-sidestart|p2: Robert Edward Lee|move: Stealth Rock
|
|-heal|p1a: Landorus-Therian|66\/381|[from] item: Leftovers
|turn|6
|c|âRobert Edward Lee|whoa sry
|
|switch|p1a: Magnezone|Magnezone|286\/286
|move|p2a: Medicham|Zen Headbutt|p1a: Magnezone
|-resisted|p1a: Magnezone
|-damage|p1a: Magnezone|219\/286
|
|turn|7
|
|switch|p2a: Ferrothorn|Ferrothorn, F|272\/352
|-damage|p2a: Ferrothorn|250\/352|[from] Stealth Rock
|move|p1a: Magnezone|Volt Switch|p2a: Ferrothorn
|-resisted|p2a: Ferrothorn
|-damage|p2a: Ferrothorn|196\/352
|
|switch|p1a: Heatran|Heatran, M|344\/344
|
|turn|8
|
|switch|p2a: Rotom-Wash|Rotom-Wash|304\/304
|-damage|p2a: Rotom-Wash|266\/304|[from] Stealth Rock
|move|p1a: Heatran|Lava Plume|p2a: Rotom-Wash
|-resisted|p2a: Rotom-Wash
|-damage|p2a: Rotom-Wash|206\/304
|
|-heal|p2a: Rotom-Wash|225\/304|[from] item: Leftovers
|turn|9
|join|The Boi Wonder
|
|move|p2a: Rotom-Wash|Hydro Pump|p1a: Heatran
|-supereffective|p1a: Heatran
|-damage|p1a: Heatran|104\/344
|move|p1a: Heatran|Toxic|p2a: Rotom-Wash
|-status|p2a: Rotom-Wash|tox
|
|-heal|p2a: Rotom-Wash|244\/304 tox|[from] item: Leftovers
|-heal|p1a: Heatran|125\/344|[from] item: Leftovers
|-damage|p2a: Rotom-Wash|225\/304 tox|[from] psn
|turn|10
|
|move|p1a: Heatran|Protect|p1a: Heatran
|-singleturn|p1a: Heatran|Protect
|move|p2a: Rotom-Wash|Hydro Pump|p1a: Heatran
|-activate|p1a: Heatran|Protect
|
|-heal|p2a: Rotom-Wash|244\/304 tox|[from] item: Leftovers
|-heal|p1a: Heatran|146\/344|[from] item: Leftovers
|-damage|p2a: Rotom-Wash|206\/304 tox|[from] psn
|turn|11
|
|switch|p1a: Azumarill|Azumarill, F|283\/401
|move|p2a: Rotom-Wash|Hydro Pump|p1a: Azumarill
|-resisted|p1a: Azumarill
|-damage|p1a: Azumarill|228\/401
|
|-heal|p2a: Rotom-Wash|225\/304 tox|[from] item: Leftovers
|-damage|p2a: Rotom-Wash|168\/304 tox|[from] psn
|turn|12
|
|switch|p1a: Heatran|Heatran, M|146\/344
|move|p2a: Rotom-Wash|Volt Switch|p1a: Heatran
|-damage|p1a: Heatran|76\/344
|
|switch|p2a: Gengar|Gengar, M, shiny|259\/259
|-damage|p2a: Gengar|227\/259|[from] Stealth Rock
|
|-heal|p1a: Heatran|97\/344|[from] item: Leftovers
|turn|13
|
|switch|p1a: Magnezone|Magnezone|219\/286
|move|p2a: Gengar|Shadow Ball|p1a: Magnezone
|-damage|p1a: Magnezone|12\/286
|-unboost|p1a: Magnezone|spd|1
|-damage|p2a: Gengar|202\/259|[from] item: Life Orb
|
|turn|14
|
|switch|p2a: Rotom-Wash|Rotom-Wash|168\/304 tox
|-damage|p2a: Rotom-Wash|130\/304 tox|[from] Stealth Rock
|move|p1a: Magnezone|Volt Switch|p2a: Rotom-Wash
|-damage|p2a: Rotom-Wash|10\/304 tox
|
|switch|p1a: Heatran|Heatran, M|97\/344
|
|-heal|p2a: Rotom-Wash|29\/304 tox|[from] item: Leftovers
|-heal|p1a: Heatran|118\/344|[from] item: Leftovers
|-damage|p2a: Rotom-Wash|10\/304 tox|[from] psn
|turn|15
|
|move|p1a: Heatran|Protect|p1a: Heatran
|-singleturn|p1a: Heatran|Protect
|move|p2a: Rotom-Wash|Hydro Pump|p1a: Heatran
|-activate|p1a: Heatran|Protect
|
|-heal|p2a: Rotom-Wash|29\/304 tox|[from] item: Leftovers
|-heal|p1a: Heatran|139\/344|[from] item: Leftovers
|-damage|p2a: Rotom-Wash|0 fnt|[from] psn
|faint|p2a: Rotom-Wash
|
|switch|p2a: Gengar|Gengar, M, shiny|202\/259
|-damage|p2a: Gengar|170\/259|[from] Stealth Rock
|turn|16
|
|switch|p1a: Landorus-Therian|Landorus-Therian, M|66\/381
|-ability|p1a: Landorus-Therian|Intimidate|[of] p2a: Gengar
|-unboost|p2a: Gengar|atk|1
|move|p2a: Gengar|Shadow Ball|p1a: Landorus-Therian
|-damage|p1a: Landorus-Therian|0 fnt
|-damage|p2a: Gengar|145\/259|[from] item: Life Orb
|faint|p1a: Landorus-Therian
|
|
|switch|p1a: Magnezone|Magnezone|12\/286
|turn|17
|
|switch|p2a: Latios|Latios, M|299\/299
|-damage|p2a: Latios|262\/299|[from] Stealth Rock
|move|p1a: Magnezone|Volt Switch|p2a: Latios
|-crit|p2a: Latios
|-resisted|p2a: Latios
|-damage|p2a: Latios|173\/299
|
|switch|p1a: Azumarill|Azumarill, F|228\/401
|
|turn|18
|
|switch|p2a: Ferrothorn|Ferrothorn, F|196\/352
|-damage|p2a: Ferrothorn|174\/352|[from] Stealth Rock
|move|p1a: Azumarill|Knock Off|p2a: Ferrothorn
|-damage|p2a: Ferrothorn|117\/352
|-damage|p1a: Azumarill|178\/401|[from] ability: Iron Barbs|[of] p2a: Ferrothorn
|
|turn|19
|
|switch|p1a: Magnezone|Magnezone|12\/286
|move|p2a: Ferrothorn|Stealth Rock|p1a: Magnezone
|-sidestart|p1: Rflp|move: Stealth Rock
|
|turn|20
|
|move|p1a: Magnezone|Hidden Power|p2a: Ferrothorn
|-supereffective|p2a: Ferrothorn
|-damage|p2a: Ferrothorn|0 fnt
|faint|p2a: Ferrothorn
|
|
|switch|p2a: Medicham|Medicham-Mega, F, shiny|126\/261
|-damage|p2a: Medicham|110\/261|[from] Stealth Rock
|turn|21
|
|move|p2a: Medicham|Fake Out|p1a: Magnezone
|-resisted|p1a: Magnezone
|-damage|p1a: Magnezone|0 fnt
|faint|p1a: Magnezone
|
|
|switch|p1a: Azumarill|Azumarill, F|178\/401
|-damage|p1a: Azumarill|128\/401|[from] Stealth Rock
|turn|22
|
|move|p1a: Azumarill|Aqua Jet|p2a: Medicham
|-damage|p2a: Medicham|13\/261
|move|p2a: Medicham|Thunder Punch|p1a: Azumarill
|-supereffective|p1a: Azumarill
|-damage|p1a: Azumarill|0 fnt
|faint|p1a: Azumarill
|
|
|switch|p1a: Thundurus|Thundurus, M|299\/299
|-damage|p1a: Thundurus|225\/299|[from] Stealth Rock
|turn|23
|
|move|p1a: Thundurus|Thunderbolt|p2a: Medicham
|-damage|p2a: Medicham|0 fnt
|faint|p2a: Medicham
|
|-heal|p1a: Thundurus|243\/299|[from] item: Leftovers
|
|switch|p2a: Tyranitar|Tyranitar, M|341\/341
|-damage|p2a: Tyranitar|299\/341|[from] Stealth Rock
|-weather|Sandstorm
|turn|24
|
|switch|p1a: Heracross|Heracross, M|311\/311
|-damage|p1a: Heracross|273\/311|[from] Stealth Rock
|move|p2a: Tyranitar|Stone Edge|p1a: Heracross|[miss]
|-miss|p2a: Tyranitar|p1a: Heracross
|
|-weather|Sandstorm|[upkeep]
|-damage|p1a: Heracross|254\/311|[from] sandstorm
|turn|25
|
|switch|p2a: Gengar|Gengar, M, shiny|145\/259
|-damage|p2a: Gengar|113\/259|[from] Stealth Rock
|detailschange|p1a: Heracross|Heracross-Mega, M
|message|Heracross has Mega Evolved into Mega Heracross!
|move|p1a: Heracross|Pin Missile|p2a: Gengar
|-resisted|p2a: Gengar
|-damage|p2a: Gengar|92\/259
|-resisted|p2a: Gengar
|-damage|p2a: Gengar|70\/259
|-resisted|p2a: Gengar
|-damage|p2a: Gengar|49\/259
|-resisted|p2a: Gengar
|-damage|p2a: Gengar|29\/259
|-resisted|p2a: Gengar
|-damage|p2a: Gengar|9\/259
|-hitcount|p2a: Gengar|5
|
|-weather|Sandstorm|[upkeep]
|-damage|p2a: Gengar|0 fnt|[from] sandstorm
|-damage|p1a: Heracross|235\/311|[from] sandstorm
|faint|p2a: Gengar
|
|switch|p2a: Latios|Latios, M|173\/299
|-damage|p2a: Latios|136\/299|[from] Stealth Rock
|turn|26
|
|switch|p2a: Tyranitar|Tyranitar, M|299\/341
|-damage|p2a: Tyranitar|257\/341|[from] Stealth Rock
|switch|p1a: Heatran|Heatran, M|139\/344
|-damage|p1a: Heatran|96\/344|[from] Stealth Rock
|
|-weather|Sandstorm|[upkeep]
|-heal|p1a: Heatran|117\/344|[from] item: Leftovers
|turn|27
|
|move|p2a: Tyranitar|Stone Edge|p1a: Heatran
|-damage|p1a: Heatran|0 fnt
|faint|p1a: Heatran
|
|-weather|Sandstorm|[upkeep]
|
|switch|p1a: Heracross|Heracross-Mega, M|235\/311
|-damage|p1a: Heracross|197\/311|[from] Stealth Rock
|turn|28
|
|switch|p2a: Latios|Latios, M|136\/299
|-damage|p2a: Latios|99\/299|[from] Stealth Rock
|move|p1a: Heracross|Pin Missile|p2a: Latios
|-supereffective|p2a: Latios
|-damage|p2a: Latios|0 fnt
|-hitcount|p2a: Latios|1
|faint|p2a: Latios
|
|-weather|none
|
|switch|p2a: Tyranitar|Tyranitar, M|257\/341
|-damage|p2a: Tyranitar|215\/341|[from] Stealth Rock
|-weather|Sandstorm
|turn|29
|
|move|p2a: Tyranitar|Stone Edge|p1a: Heracross|[miss]
|-miss|p2a: Tyranitar|p1a: Heracross
|move|p1a: Heracross|Pin Missile|p2a: Tyranitar
|-supereffective|p2a: Tyranitar
|-damage|p2a: Tyranitar|99\/341
|-supereffective|p2a: Tyranitar
|-damage|p2a: Tyranitar|0 fnt
|-hitcount|p2a: Tyranitar|2
|faint|p2a: Tyranitar
|
|win|Rflp
|raw|Ladder updating...
|raw|Rflp's rating: 1778 &rarr; <strong>1801<\/strong><br \/>(+23 for winning)
|raw|Robert Edward Lee's rating: 1833 &rarr; <strong>1810<\/strong><br \/>(-23 for losing)
|c|âRobert Edward Lee|gg
|leave|Robert Edward Lee
|player|p2