|join|haterss gonna hate
|join|Robert Edward Lee
|player|p1|haterss gonna hate|289
|player|p2|Robert Edward Lee|214
|gametype|singles
|gen|6
|tier|OU
|rated
|clearpoke
|poke|p1|Bisharp, M
|poke|p1|Venusaur, F
|poke|p1|Heatran, M
|poke|p1|Keldeo
|poke|p1|Chansey, F
|poke|p1|Skarmory, F
|poke|p2|Azumarill, F
|poke|p2|Heatran, M
|poke|p2|Mamoswine, F
|poke|p2|Latios, M
|poke|p2|Heracross, M
|poke|p2|Thundurus, M
|rule|Swagger Clause: Swagger is banned
|rule|Baton Pass Clause: Limit one PokÃ©mon knowing Baton Pass
|rule|Sleep Clause Mod: Limit one foe put to sleep
|rule|Species Clause: Limit one of each PokÃ©mon
|rule|OHKO Clause: OHKO moves are banned
|rule|Moody Clause: Moody is banned
|rule|Evasion Moves Clause: Evasion moves are banned
|rule|Endless Battle Clause: Forcing endless battles is banned
|rule|HP Percentage Mod: HP is shown in percentages
|teampreview
|
|start
|switch|p1a: Heatran|Heatran, M|340\/340
|switch|p2a: Dovahkiin|Azumarill, F|401\/401
|-item|p1a: Heatran|Air Balloon
|turn|1
|
|switch|p1a: Venusaur|Venusaur, F|364\/364
|move|p2a: Dovahkiin|Waterfall|p1a: Venusaur
|-resisted|p1a: Venusaur
|-damage|p1a: Venusaur|290\/364
|
|turn|2
|
|switch|p2a: The Red Terror|Heatran, M|362\/362
|-item|p2a: The Red Terror|Air Balloon
|detailschange|p1a: Venusaur|Venusaur-Mega, F
|message|Venusaur has Mega Evolved into Mega Venusaur!
|move|p1a: Venusaur|Leech Seed|p2a: The Red Terror
|-start|p2a: The Red Terror|move: Leech Seed
|
|-damage|p2a: The Red Terror|317\/362|[from] Leech Seed|[of] p1a: Venusaur
|-heal|p1a: Venusaur|335\/364|[silent]
|turn|3
|
|switch|p1a: Heatran|Heatran, M|340\/340
|-item|p1a: Heatran|Air Balloon
|move|p2a: The Red Terror|Stealth Rock|p1a: Heatran
|-sidestart|p1: haterss gonna hate|move: Stealth Rock
|
|-damage|p2a: The Red Terror|272\/362|[from] Leech Seed|[of] p1a: Heatran
|turn|4
|
|switch|p2a: Dovahkiin|Azumarill, F|401\/401
|move|p1a: Heatran|Stealth Rock|p2a: Dovahkiin
|-sidestart|p2: Robert Edward Lee|move: Stealth Rock
|
|turn|5
|
|switch|p2a: Latios|Latios, M|299\/299
|-damage|p2a: Latios|262\/299|[from] Stealth Rock
|move|p1a: Heatran|Toxic|p2a: Latios
|-status|p2a: Latios|tox
|
|-damage|p2a: Latios|244\/299 tox|[from] psn
|turn|6
|
|switch|p2a: The Red Terror|Heatran, M|272\/362
|-damage|p2a: The Red Terror|227\/362|[from] Stealth Rock
|-item|p2a: The Red Terror|Air Balloon
|switch|p1a: Chansey|Chansey, F|684\/684
|-damage|p1a: Chansey|599\/684|[from] Stealth Rock
|
|turn|7
|
|move|p2a: The Red Terror|Fire Blast|p1a: Chansey
|-damage|p1a: Chansey|491\/684
|move|p1a: Chansey|Seismic Toss|p2a: The Red Terror
|-damage|p2a: The Red Terror|127\/362
|-enditem|p2a: The Red Terror|Air Balloon
|
|turn|8
|
|move|p2a: The Red Terror|Fire Blast|p1a: Chansey
|-damage|p1a: Chansey|371\/684
|move|p1a: Chansey|Thunder Wave|p2a: The Red Terror
|-status|p2a: The Red Terror|par
|
|turn|9
|
|move|p1a: Chansey|Soft-Boiled|p1a: Chansey
|-heal|p1a: Chansey|684\/684
|move|p2a: The Red Terror|Roar|p1a: Chansey
|drag|p1a: Bisharp|Bisharp, M|334\/334
|-damage|p1a: Bisharp|314\/334|[from] Stealth Rock
|
|-heal|p1a: Bisharp|334\/334|[from] item: Leftovers
|turn|10
|
|move|p1a: Bisharp|Knock Off|p2a: The Red Terror
|-crit|p2a: The Red Terror
|-damage|p2a: The Red Terror|0 fnt
|faint|p2a: The Red Terror
|
|
|switch|p2a: Trotsky|Heracross, M|308\/308
|-damage|p2a: Trotsky|270\/308|[from] Stealth Rock
|turn|11
|
|switch|p1a: Skarmory|Skarmory, F|334\/334
|-damage|p1a: Skarmory|293\/334|[from] Stealth Rock
|detailschange|p2a: Trotsky|Heracross-Mega, M
|message|Heracross has Mega Evolved into Mega Heracross!
|move|p2a: Trotsky|Close Combat|p1a: Skarmory
|-damage|p1a: Skarmory|109\/334
|-damage|p2a: Trotsky|219\/308|[from] item: Rocky Helmet|[of] p1a: Skarmory
|-unboost|p2a: Trotsky|def|1
|-unboost|p2a: Trotsky|spd|1
|
|turn|12
|
|move|p2a: Trotsky|Close Combat|p1a: Skarmory
|-damage|p1a: Skarmory|0 fnt
|-damage|p2a: Trotsky|168\/308|[from] item: Rocky Helmet|[of] p1a: Skarmory
|-unboost|p2a: Trotsky|def|1
|-unboost|p2a: Trotsky|spd|1
|faint|p1a: Skarmory
|
|
|switch|p1a: Keldeo|Keldeo|323\/323
|-damage|p1a: Keldeo|303\/323|[from] Stealth Rock
|turn|13
|
|switch|p2a: Latios|Latios, M|244\/299 tox
|-damage|p2a: Latios|207\/299 tox|[from] Stealth Rock
|move|p1a: Keldeo|Scald|p2a: Latios
|-resisted|p2a: Latios
|-damage|p2a: Latios|142\/299 tox
|
|-heal|p1a: Keldeo|323\/323|[from] item: Leftovers
|-damage|p2a: Latios|124\/299 tox|[from] psn
|turn|14
|
|switch|p1a: Heatran|Heatran, M|340\/340
|-damage|p1a: Heatran|298\/340|[from] Stealth Rock
|-item|p1a: Heatran|Air Balloon
|move|p2a: Latios|Draco Meteor|p1a: Heatran
|-resisted|p1a: Heatran
|-damage|p1a: Heatran|146\/340
|-enditem|p1a: Heatran|Air Balloon
|-unboost|p2a: Latios|spa|2
|-damage|p2a: Latios|95\/299 tox|[from] item: Life Orb
|
|-damage|p2a: Latios|59\/299 tox|[from] psn
|turn|15
|
|move|p2a: Latios|Defog|p1a: Heatran
|-unboost|p1a: Heatran|evasion|1
|-sideend|p1: haterss gonna hate|Stealth Rock|[from] move: Defog|[of] p1a: Heatran
|-sideend|p2: Robert Edward Lee|Stealth Rock|[from] move: Defog|[of] p2a: Latios
|move|p1a: Heatran|Stealth Rock|p2a: Latios
|-sidestart|p2: Robert Edward Lee|move: Stealth Rock
|
|-damage|p2a: Latios|5\/299 tox|[from] psn
|turn|16
|
|move|p2a: Latios|Defog|p1a: Heatran
|-unboost|p1a: Heatran|evasion|1
|-sideend|p2: Robert Edward Lee|Stealth Rock|[from] move: Defog|[of] p2a: Latios
|move|p1a: Heatran|Stealth Rock|p2a: Latios
|-sidestart|p2: Robert Edward Lee|move: Stealth Rock
|
|-damage|p2a: Latios|0 fnt|[from] psn
|faint|p2a: Latios
|
|switch|p2a: Siberia|Mamoswine, F|359\/359
|-damage|p2a: Siberia|315\/359|[from] Stealth Rock
|turn|17
|
|move|p2a: Siberia|Earthquake|p1a: Heatran
|-crit|p1a: Heatran
|-supereffective|p1a: Heatran
|-damage|p1a: Heatran|0 fnt
|-damage|p2a: Siberia|280\/359|[from] item: Life Orb
|faint|p1a: Heatran
|
|
|switch|p1a: Keldeo|Keldeo|323\/323
|turn|18
|
|switch|p2a: Dovahkiin|Azumarill, F|401\/401
|-damage|p2a: Dovahkiin|351\/401|[from] Stealth Rock
|move|p1a: Keldeo|Scald|p2a: Dovahkiin
|-crit|p2a: Dovahkiin
|-resisted|p2a: Dovahkiin
|-damage|p2a: Dovahkiin|267\/401
|
|turn|19
|
|switch|p1a: Venusaur|Venusaur-Mega, F|335\/364
|move|p2a: Dovahkiin|Play Rough|p1a: Venusaur
|-resisted|p1a: Venusaur
|-damage|p1a: Venusaur|279\/364
|
|turn|20
|
|switch|p2a: Siberia|Mamoswine, F|280\/359
|-damage|p2a: Siberia|236\/359|[from] Stealth Rock
|move|p1a: Venusaur|Leech Seed|p2a: Siberia
|-start|p2a: Siberia|move: Leech Seed
|
|-damage|p2a: Siberia|192\/359|[from] Leech Seed|[of] p1a: Venusaur
|-heal|p1a: Venusaur|323\/364|[silent]
|turn|21
|
|move|p2a: Siberia|Earthquake|p1a: Venusaur
|-damage|p1a: Venusaur|181\/364
|-damage|p2a: Siberia|157\/359|[from] item: Life Orb
|move|p1a: Venusaur|Giga Drain|p2a: Siberia
|-supereffective|p2a: Siberia
|-damage|p2a: Siberia|0 fnt
|-heal|p1a: Venusaur|260\/364|[from] drain|[of] p2a: Siberia
|faint|p2a: Siberia
|
|
|switch|p2a: Trotsky|Heracross-Mega, M|168\/308
|-damage|p2a: Trotsky|130\/308|[from] Stealth Rock
|turn|22
|
|move|p2a: Trotsky|Pin Missile|p1a: Venusaur
|-damage|p1a: Venusaur|220\/364
|-damage|p1a: Venusaur|177\/364
|-damage|p1a: Venusaur|137\/364
|-damage|p1a: Venusaur|97\/364
|-damage|p1a: Venusaur|55\/364
|-hitcount|p1a: Venusaur|5
|move|p1a: Venusaur|Hidden Power|p2a: Trotsky
|-supereffective|p2a: Trotsky
|-damage|p2a: Trotsky|12\/308
|
|turn|23
|
|move|p2a: Trotsky|Close Combat|p1a: Venusaur
|-resisted|p1a: Venusaur
|-damage|p1a: Venusaur|0 fnt
|-unboost|p2a: Trotsky|def|1
|-unboost|p2a: Trotsky|spd|1
|faint|p1a: Venusaur
|
|
|switch|p1a: Bisharp|Bisharp, M|334\/334
|turn|24
|
|move|p1a: Bisharp|Sucker Punch|p2a: Trotsky
|-resisted|p2a: Trotsky
|-damage|p2a: Trotsky|0 fnt
|faint|p2a: Trotsky
|
|-message|Robert Edward Lee forfeited.
|
|win|haterss gonna hate
|raw|Ladder updating...
|leave|Robert Edward Lee
|player|p2
|raw|haterss gonna hate's rating: 1877 &rarr; <strong>1891<\/strong><br \/>(+14 for winning)
|raw|Robert Edward Lee's rating: 1771 &rarr; <strong>1757<\/strong><br \/>(-14 for losing)