|join|Robert Edward Lee
|join|Murkrow Jupiter
|player|p1|Robert Edward Lee|214
|player|p2|Murkrow Jupiter|261
|gametype|singles
|gen|6
|tier|OU
|clearpoke
|poke|p1|Scizor, F
|poke|p1|Rotom-Wash
|poke|p1|Dugtrio, M
|poke|p1|Gothitelle, F
|poke|p1|Togekiss, F
|poke|p1|Manectric, F
|poke|p2|Swampert, M
|poke|p2|Ferrothorn, M
|poke|p2|Keldeo
|poke|p2|Politoed, M
|poke|p2|Latios, M
|poke|p2|Kingdra, F
|rule|Swagger Clause: Swagger is banned
|rule|Baton Pass Clause: Limit one PokÃ©mon knowing Baton Pass
|rule|Sleep Clause Mod: Limit one foe put to sleep
|rule|Species Clause: Limit one of each PokÃ©mon
|rule|OHKO Clause: OHKO moves are banned
|rule|Moody Clause: Moody is banned
|rule|Evasion Moves Clause: Evasion moves are banned
|rule|Endless Battle Clause: Forcing endless battles is banned
|rule|HP Percentage Mod: HP is shown in percentages
|teampreview
|c|âRobert Edward Lee|hf
|c|âRobert Edward Lee|oh shit
|c|âMurkrow Jupiter|u2 son
|c|âRobert Edward Lee|my biggest weakness.
|
|start
|switch|p1a: Manectric|Manectric, F|281\/281
|switch|p2a: Politoed|Politoed, M|384\/384
|-weather|RainDance
|turn|1
|
|switch|p2a: Swampert|Swampert, M|367\/367
|detailschange|p1a: Manectric|Manectric-Mega, F
|message|Manectric has Mega Evolved into Mega Manectric!
|-ability|p1a: Manectric|Intimidate|[of] p2a: Swampert
|-unboost|p2a: Swampert|atk|1
|move|p1a: Manectric|Hidden Power|p2a: Swampert
|-damage|p2a: Swampert|283\/367
|
|-weather|RainDance|[upkeep]
|turn|2
|
|switch|p1a: Rotom-Wash|Rotom-Wash|304\/304
|detailschange|p2a: Swampert|Swampert-Mega, M
|message|Swampert has Mega Evolved into Mega Swampert!
|move|p2a: Swampert|Aqua Tail|p1a: Rotom-Wash
|-resisted|p1a: Rotom-Wash
|-damage|p1a: Rotom-Wash|239\/304
|
|-weather|RainDance|[upkeep]
|turn|3
|
|switch|p2a: Ferrothorn|Ferrothorn, M|352\/352
|move|p1a: Rotom-Wash|Will-O-Wisp|p2a: Ferrothorn
|-status|p2a: Ferrothorn|brn
|
|-weather|RainDance|[upkeep]
|-damage|p2a: Ferrothorn|308\/352 brn|[from] brn
|turn|4
|
|move|p1a: Rotom-Wash|Volt Switch|p2a: Ferrothorn
|-resisted|p2a: Ferrothorn
|-damage|p2a: Ferrothorn|273\/352 brn
|
|switch|p1a: Scizor|Scizor, F|344\/344
|move|p2a: Ferrothorn|Stealth Rock|p1a: Scizor
|-sidestart|p1: Robert Edward Lee|move: Stealth Rock
|
|-weather|RainDance|[upkeep]
|-heal|p2a: Ferrothorn|295\/352 brn|[from] item: Leftovers
|-damage|p2a: Ferrothorn|251\/352 brn|[from] brn
|turn|5
|
|move|p1a: Scizor|Defog|p2a: Ferrothorn
|-unboost|p2a: Ferrothorn|evasion|1
|-sideend|p1: Robert Edward Lee|Stealth Rock|[from] move: Defog|[of] p1a: Scizor
|move|p2a: Ferrothorn|Leech Seed|p1a: Scizor
|-start|p1a: Scizor|move: Leech Seed
|
|-weather|RainDance|[upkeep]
|-heal|p2a: Ferrothorn|273\/352 brn|[from] item: Leftovers
|-damage|p1a: Scizor|301\/344|[from] Leech Seed|[of] p2a: Ferrothorn
|-heal|p2a: Ferrothorn|316\/352 brn|[silent]
|-damage|p2a: Ferrothorn|272\/352 brn|[from] brn
|turn|6
|join|Fateh
|
|move|p1a: Scizor|U-turn|p2a: Ferrothorn
|-damage|p2a: Ferrothorn|200\/352 brn
|-damage|p1a: Scizor|258\/344|[from] ability: Iron Barbs|[of] p2a: Ferrothorn
|
|switch|p1a: Gothitelle|Gothitelle, F|301\/301
|move|p2a: Ferrothorn|Stealth Rock|p1a: Gothitelle
|-sidestart|p1: Robert Edward Lee|move: Stealth Rock
|
|-weather|RainDance|[upkeep]
|-heal|p2a: Ferrothorn|222\/352 brn|[from] item: Leftovers
|-damage|p2a: Ferrothorn|178\/352 brn|[from] brn
|turn|7
|
|move|p1a: Gothitelle|Hidden Power|p2a: Ferrothorn
|-supereffective|p2a: Ferrothorn
|-damage|p2a: Ferrothorn|90\/352 brn
|move|p2a: Ferrothorn|Leech Seed|p1a: Gothitelle
|-start|p1a: Gothitelle|move: Leech Seed
|
|-weather|RainDance|[upkeep]
|-heal|p2a: Ferrothorn|112\/352 brn|[from] item: Leftovers
|-damage|p1a: Gothitelle|264\/301|[from] Leech Seed|[of] p2a: Ferrothorn
|-heal|p2a: Ferrothorn|149\/352 brn|[silent]
|-damage|p2a: Ferrothorn|105\/352 brn|[from] brn
|turn|8
|join|Flan76
|c| Fateh|what is ur biggest weakness?
|
|move|p1a: Gothitelle|Hidden Power|p2a: Ferrothorn
|-supereffective|p2a: Ferrothorn
|-damage|p2a: Ferrothorn|17\/352 brn
|move|p2a: Ferrothorn|Leech Seed|p1a: Gothitelle
|-fail|p1a: Gothitelle
|
|-weather|none
|-heal|p2a: Ferrothorn|39\/352 brn|[from] item: Leftovers
|-damage|p1a: Gothitelle|227\/301|[from] Leech Seed|[of] p2a: Ferrothorn
|-heal|p2a: Ferrothorn|76\/352 brn|[silent]
|-damage|p2a: Ferrothorn|32\/352 brn|[from] brn
|turn|9
|
|switch|p1a: Scizor|Scizor, F|258\/344
|-damage|p1a: Scizor|215\/344|[from] Stealth Rock
|move|p2a: Ferrothorn|Protect|p2a: Ferrothorn
|-fail|p2a: Ferrothorn
|
|-heal|p1a: Scizor|236\/344|[from] item: Leftovers
|-heal|p2a: Ferrothorn|54\/352 brn|[from] item: Leftovers
|-damage|p2a: Ferrothorn|10\/352 brn|[from] brn
|turn|10
|
|move|p1a: Scizor|Defog|p2a: Ferrothorn
|-unboost|p2a: Ferrothorn|evasion|1
|-sideend|p1: Robert Edward Lee|Stealth Rock|[from] move: Defog|[of] p1a: Scizor
|move|p2a: Ferrothorn|Stealth Rock|p1a: Scizor
|-sidestart|p1: Robert Edward Lee|move: Stealth Rock
|
|-heal|p1a: Scizor|257\/344|[from] item: Leftovers
|-heal|p2a: Ferrothorn|32\/352 brn|[from] item: Leftovers
|-damage|p2a: Ferrothorn|0 fnt|[from] brn
|faint|p2a: Ferrothorn
|c|âRobert Edward Lee|;-;
|
|switch|p2a: Kingdra|Kingdra, F|297\/297
|turn|11
|
|move|p2a: Kingdra|Hydro Pump|p1a: Scizor
|-damage|p1a: Scizor|0 fnt
|faint|p1a: Scizor
|
|c|âMurkrow Jupiter|lel
|
|switch|p1a: Togekiss|Togekiss, F|373\/373
|-damage|p1a: Togekiss|280\/373|[from] Stealth Rock
|turn|12
|c|âMurkrow Jupiter|dat shit stays
|
|switch|p2a: Politoed|Politoed, M|384\/384
|-weather|RainDance
|move|p1a: Togekiss|Dazzling Gleam|p2a: Politoed
|-damage|p2a: Politoed|284\/384
|
|-weather|RainDance|[upkeep]
|-heal|p1a: Togekiss|303\/373|[from] item: Leftovers
|turn|13
|
|move|p1a: Togekiss|Nasty Plot|p1a: Togekiss
|-boost|p1a: Togekiss|spa|2
|move|p2a: Politoed|Toxic|p1a: Togekiss
|-status|p1a: Togekiss|tox
|
|-weather|RainDance|[upkeep]
|-heal|p1a: Togekiss|326\/373 tox|[from] item: Leftovers
|-damage|p1a: Togekiss|303\/373 tox|[from] psn
|turn|14
|leave|Flan76
|
|move|p1a: Togekiss|Air Slash|p2a: Politoed
|-damage|p2a: Politoed|100\/384
|cant|p2a: Politoed|flinch
|
|-weather|RainDance|[upkeep]
|-heal|p1a: Togekiss|326\/373 tox|[from] item: Leftovers
|-damage|p1a: Togekiss|280\/373 tox|[from] psn
|turn|15
|
|switch|p2a: Keldeo|Keldeo|337\/337
|move|p1a: Togekiss|Defog|p2a: Keldeo
|-unboost|p2a: Keldeo|evasion|1
|-sideend|p1: Robert Edward Lee|Stealth Rock|[from] move: Defog|[of] p1a: Togekiss
|
|-weather|RainDance|[upkeep]
|-heal|p1a: Togekiss|303\/373 tox|[from] item: Leftovers
|-damage|p1a: Togekiss|234\/373 tox|[from] psn
|turn|16
|
|move|p2a: Keldeo|Substitute|p2a: Keldeo
|-start|p2a: Keldeo|Substitute
|-damage|p2a: Keldeo|253\/337
|move|p1a: Togekiss|Dazzling Gleam|p2a: Keldeo
|-supereffective|p2a: Keldeo
|-end|p2a: Keldeo|Substitute
|
|-weather|RainDance|[upkeep]
|-heal|p2a: Keldeo|274\/337|[from] item: Leftovers
|-heal|p1a: Togekiss|257\/373 tox|[from] item: Leftovers
|-damage|p1a: Togekiss|165\/373 tox|[from] psn
|turn|17
|
|move|p2a: Keldeo|Substitute|p2a: Keldeo
|-start|p2a: Keldeo|Substitute
|-damage|p2a: Keldeo|190\/337
|move|p1a: Togekiss|Dazzling Gleam|p2a: Keldeo
|-supereffective|p2a: Keldeo
|-end|p2a: Keldeo|Substitute
|
|-weather|RainDance|[upkeep]
|-heal|p2a: Keldeo|211\/337|[from] item: Leftovers
|-heal|p1a: Togekiss|188\/373 tox|[from] item: Leftovers
|-damage|p1a: Togekiss|73\/373 tox|[from] psn
|turn|18
|
|move|p2a: Keldeo|Scald|p1a: Togekiss
|-damage|p1a: Togekiss|0 fnt
|faint|p1a: Togekiss
|
|-weather|RainDance|[upkeep]
|-heal|p2a: Keldeo|232\/337|[from] item: Leftovers
|
|switch|p1a: Gothitelle|Gothitelle, F|227\/301
|turn|19
|
|move|p1a: Gothitelle|Psychic|p2a: Keldeo
|-supereffective|p2a: Keldeo
|-damage|p2a: Keldeo|0 fnt
|faint|p2a: Keldeo
|
|-weather|none
|
|switch|p2a: Politoed|Politoed, M|100\/384
|-weather|RainDance
|turn|20
|
|move|p1a: Gothitelle|Psychic|p2a: Politoed
|-crit|p2a: Politoed
|-damage|p2a: Politoed|0 fnt
|faint|p2a: Politoed
|
|-weather|RainDance|[upkeep]
|c|âRobert Edward Lee|sry ;-;
|
|switch|p2a: Kingdra|Kingdra, F|297\/297
|turn|21
|c|âMurkrow Jupiter|lol
|c|âMurkrow Jupiter|it's all good
|
|move|p2a: Kingdra|Hydro Pump|p1a: Gothitelle
|-damage|p1a: Gothitelle|0 fnt
|faint|p1a: Gothitelle
|
|-weather|RainDance|[upkeep]
|
|switch|p1a: Dugtrio|Dugtrio, M|211\/211
|turn|22
|
|move|p2a: Kingdra|Hydro Pump|p1a: Dugtrio
|-supereffective|p1a: Dugtrio
|-enditem|p1a: Dugtrio|Focus Sash
|-damage|p1a: Dugtrio|1\/211
|move|p1a: Dugtrio|Reversal|p2a: Kingdra
|-damage|p2a: Kingdra|104\/297
|
|-weather|RainDance|[upkeep]
|turn|23
|
|move|p2a: Kingdra|Hydro Pump|p1a: Dugtrio
|-supereffective|p1a: Dugtrio
|-damage|p1a: Dugtrio|0 fnt
|faint|p1a: Dugtrio
|
|-weather|RainDance|[upkeep]
|
|switch|p1a: Rotom-Wash|Rotom-Wash|239\/304
|turn|24
|
|move|p2a: Kingdra|Hydro Pump|p1a: Rotom-Wash
|-resisted|p1a: Rotom-Wash
|-damage|p1a: Rotom-Wash|51\/304
|move|p1a: Rotom-Wash|Rest|p1a: Rotom-Wash
|-status|p1a: Rotom-Wash|slp
|-heal|p1a: Rotom-Wash|304\/304 slp|[silent]
|-status|p1a: Rotom-Wash|slp|[from] move: Rest
|-enditem|p1a: Rotom-Wash|Chesto Berry|[eat]
|-curestatus|p1a: Rotom-Wash|slp
|
|-weather|RainDance|[upkeep]
|turn|25
|
|move|p2a: Kingdra|Hydro Pump|p1a: Rotom-Wash
|-resisted|p1a: Rotom-Wash
|-damage|p1a: Rotom-Wash|110\/304
|move|p1a: Rotom-Wash|Volt Switch|p2a: Kingdra
|-damage|p2a: Kingdra|16\/297
|
|switch|p1a: Manectric|Manectric-Mega, F|281\/281
|-ability|p1a: Manectric|Intimidate|[of] p2a: Kingdra
|-unboost|p2a: Kingdra|atk|1
|
|-weather|RainDance|[upkeep]
|turn|26
|c|âRobert Edward Lee|why so accurate ;-;
|
|move|p2a: Kingdra|Hydro Pump|p1a: Manectric
|-damage|p1a: Manectric|0 fnt
|faint|p1a: Manectric
|
|-weather|RainDance|[upkeep]
|
|switch|p1a: Rotom-Wash|Rotom-Wash|110\/304
|turn|27
|
|move|p2a: Kingdra|Hydro Pump|p1a: Rotom-Wash
|-resisted|p1a: Rotom-Wash
|-damage|p1a: Rotom-Wash|0 fnt
|faint|p1a: Rotom-Wash
|
|win|Murkrow Jupiter
|c|âRobert Edward Lee|gg
|c|âMurkrow Jupiter|gggg
|leave|Robert Edward Lee
|player|p1
|leave|Fateh