|join|Robert Edward Lee
|join|sunasun
|player|p1|Robert Edward Lee|214
|player|p2|sunasun|20
|gametype|singles
|gen|6
|tier|OU
|rated
|clearpoke
|poke|p1|Scizor, M
|poke|p1|Kyurem-Black, shiny
|poke|p1|Azumarill, F
|poke|p1|Heatran, F
|poke|p1|Latios, M, shiny
|poke|p1|Landorus, M
|poke|p2|Mew
|poke|p2|Keldeo-Resolute
|poke|p2|Clefable, M
|poke|p2|Charizard, F
|poke|p2|Rotom-Wash
|poke|p2|Skarmory, F
|rule|Swagger Clause: Swagger is banned
|rule|Baton Pass Clause: Limit one PokÃ©mon knowing Baton Pass
|rule|Sleep Clause Mod: Limit one foe put to sleep
|rule|Species Clause: Limit one of each PokÃ©mon
|rule|OHKO Clause: OHKO moves are banned
|rule|Moody Clause: Moody is banned
|rule|Evasion Moves Clause: Evasion moves are banned
|rule|Endless Battle Clause: Forcing endless battles is banned
|rule|HP Percentage Mod: HP is reported as percentages
|teampreview
|join|Gizmozian
|chat|Gizmozian|oh shit.
|chat|Gizmozian|welp
|chat|Gizmozian|gg
|chat|Robert Edward Lee|the 6-0 fetus ;-;
|chat|Robert Edward Lee|gl hf
|
|start
|switch|p1a: Landorus|Landorus, M|317\/317
|switch|p2a: Rotom-Wash|Rotom-Wash|302\/302
|turn|1
|
|switch|p1a: Bahamut|Kyurem-Black, shiny|389\/389
|-ability|p1a: Bahamut|Teravolt
|move|p2a: Rotom-Wash|Hydro Pump|p1a: Bahamut
|-resisted|p1a: Bahamut
|-damage|p1a: Bahamut|313\/389
|
|turn|2
|
|switch|p2a: Clefable|Clefable, M|391\/391
|move|p1a: Bahamut|Earth Power|p2a: Clefable
|-damage|p2a: Clefable|271\/391
|-damage|p1a: Bahamut|275\/389|[from] item: Life Orb
|
|-heal|p2a: Clefable|295\/391|[from] item: Leftovers
|turn|3
|
|move|p1a: Bahamut|Ice Beam|p2a: Clefable
|-damage|p2a: Clefable|135\/391
|-damage|p1a: Bahamut|237\/389|[from] item: Life Orb
|move|p2a: Clefable|Stealth Rock|p1a: Bahamut
|-sidestart|p1: Robert Edward Lee|move: Stealth Rock
|
|-heal|p2a: Clefable|159\/391|[from] item: Leftovers
|turn|4
|
|switch|p2a: Keldeo-Resolute|Keldeo-Resolute|323\/323
|move|p1a: Bahamut|Fusion Bolt|p2a: Keldeo-Resolute
|-supereffective|p2a: Keldeo-Resolute
|-damage|p2a: Keldeo-Resolute|0 fnt
|-damage|p1a: Bahamut|199\/389|[from] item: Life Orb
|faint|p2a: Keldeo-Resolute
|
|
|switch|p2a: Charizard|Charizard, F|335\/335
|turn|5
|
|switch|p1a: Gen. 4 King|Heatran, F|362\/362
|-damage|p1a: Gen. 4 King|317\/362|[from] Stealth Rock
|-item|p1a: Gen. 4 King|Air Balloon
|detailschange|p2a: Charizard|Charizard-Mega-X, F
|message|Charizard has Mega Evolved into Mega Charizard!
|move|p2a: Charizard|Flare Blitz|p1a: Gen. 4 King
|-start|p1a: Gen. 4 King|ability: Flash Fire
|
|turn|6
|
|move|p2a: Charizard|Substitute|p2a: Charizard
|-start|p2a: Charizard|Substitute
|-damage|p2a: Charizard|252\/335
|move|p1a: Gen. 4 King|Stealth Rock|p2a: Charizard
|-sidestart|p2: sunasun|move: Stealth Rock
|
|turn|7
|
|-singleturn|p2a: Charizard|move: Focus Punch
|move|p2a: Charizard|Focus Punch|p1a: Gen. 4 King
|-supereffective|p1a: Gen. 4 King
|-damage|p1a: Gen. 4 King|0 fnt
|-enditem|p1a: Gen. 4 King|Air Balloon
|faint|p1a: Gen. 4 King
|
|
|switch|p1a: Azumarill|Azumarill, F|401\/401
|-damage|p1a: Azumarill|351\/401|[from] Stealth Rock
|turn|8
|
|move|p2a: Charizard|Flare Blitz|p1a: Azumarill
|-resisted|p1a: Azumarill
|-damage|p1a: Azumarill|157\/401
|-damage|p2a: Charizard|188\/335|[from] recoil|[of] p1a: Azumarill
|move|p1a: Azumarill|Waterfall|p2a: Charizard
|-end|p2a: Charizard|Substitute
|
|turn|9
|
|move|p2a: Charizard|Roost|p2a: Charizard
|-heal|p2a: Charizard|335\/335
|move|p1a: Azumarill|Waterfall|p2a: Charizard
|-damage|p2a: Charizard|178\/335
|
|turn|10
|
|move|p2a: Charizard|Roost|p2a: Charizard
|-heal|p2a: Charizard|335\/335
|move|p1a: Azumarill|Play Rough|p2a: Charizard
|-damage|p2a: Charizard|151\/335
|
|turn|11
|chat|Gizmozian|holy fuck
|join|KwiickFan
|
|move|p2a: Charizard|Flare Blitz|p1a: Azumarill
|-resisted|p1a: Azumarill
|-damage|p1a: Azumarill|0 fnt
|-damage|p2a: Charizard|99\/335|[from] recoil|[of] p1a: Azumarill
|faint|p1a: Azumarill
|
|
|switch|p1a: Landorus|Landorus, M|317\/317
|-damage|p1a: Landorus|278\/317|[from] Stealth Rock
|turn|12
|
|switch|p2a: Rotom-Wash|Rotom-Wash|302\/302
|-damage|p2a: Rotom-Wash|265\/302|[from] Stealth Rock
|move|p1a: Landorus|Psychic|p2a: Rotom-Wash
|-crit|p2a: Rotom-Wash
|-damage|p2a: Rotom-Wash|40\/302
|
|-heal|p2a: Rotom-Wash|58\/302|[from] item: Leftovers
|turn|13
|
|move|p1a: Landorus|Psychic|p2a: Rotom-Wash
|-damage|p2a: Rotom-Wash|0 fnt
|faint|p2a: Rotom-Wash
|
|
|switch|p2a: Mew|Mew|401\/401
|-damage|p2a: Mew|351\/401|[from] Stealth Rock
|turn|14
|
|move|p1a: Landorus|Knock Off|p2a: Mew
|-supereffective|p2a: Mew
|-damage|p2a: Mew|153\/401
|-enditem|p2a: Mew|Leftovers|[from] move: Knock Off|[of] p1a: Landorus
|-damage|p1a: Landorus|247\/317|[from] item: Life Orb
|move|p2a: Mew|Knock Off|p1a: Landorus
|-damage|p1a: Landorus|157\/317
|-enditem|p1a: Landorus|Life Orb|[from] move: Knock Off|[of] p2a: Mew
|
|turn|15
|
|switch|p2a: Skarmory|Skarmory, F|329\/329
|-damage|p2a: Skarmory|288\/329|[from] Stealth Rock
|move|p1a: Landorus|Earth Power|p2a: Skarmory
|-immune|p2a: Skarmory|[msg]
|
|turn|16
|chat|Gizmozian|landogod wins
|chat|Gizmozian|from here
|chat|Robert Edward Lee|nah
|chat|Gizmozian|yeah
|
|move|p1a: Landorus|Focus Blast|p2a: Skarmory
|-damage|p2a: Skarmory|74\/329
|move|p2a: Skarmory|Whirlwind|p1a: Landorus
|drag|p1a: Bahamut|Kyurem-Black, shiny|199\/389
|-damage|p1a: Bahamut|102\/389|[from] Stealth Rock
|-ability|p1a: Bahamut|Teravolt
|
|turn|17
|chat|Gizmozian|that zard is obviously bulky
|
|move|p1a: Bahamut|Ice Beam|p2a: Skarmory
|-damage|p2a: Skarmory|0 fnt
|-damage|p1a: Bahamut|64\/389|[from] item: Life Orb
|faint|p2a: Skarmory
|
|chat|Gizmozian|unless your azuarill is just a bitch
|
|switch|p2a: Clefable|Clefable, M|159\/391
|turn|18
|
|move|p1a: Bahamut|Fusion Bolt|p2a: Clefable
|-damage|p2a: Clefable|0 fnt
|-damage|p1a: Bahamut|26\/389|[from] item: Life Orb
|faint|p2a: Clefable
|
|
|switch|p2a: Charizard|Charizard-Mega-X, F|99\/335
|-damage|p2a: Charizard|16\/335|[from] Stealth Rock
|turn|19
|
|move|p1a: Bahamut|Earth Power|p2a: Charizard
|-supereffective|p2a: Charizard
|-damage|p2a: Charizard|0 fnt
|-damage|p1a: Bahamut|0 fnt|[from] item: Life Orb
|faint|p2a: Charizard
|faint|p1a: Bahamut
|
|
|switch|p1a: Landorus|Landorus, M|157\/317
|-damage|p1a: Landorus|118\/317|[from] Stealth Rock
|switch|p2a: Mew|Mew|153\/401
|-damage|p2a: Mew|103\/401|[from] Stealth Rock
|turn|20
|chat|Robert Edward Lee|watch this live
|
|move|p1a: Landorus|Earth Power|p2a: Mew
|-crit|p2a: Mew
|-damage|p2a: Mew|0 fnt
|faint|p2a: Mew
|
|win|Robert Edward Lee
|raw|Ladder updating...
|raw|Robert Edward Lee's rating: 1751 &rarr; <strong>1775<\/strong><br \/>(+24 for winning)
|raw|sunasun's rating: 1813 &rarr; <strong>1789<\/strong><br \/>(-24 for losing)
|chat|Robert Edward Lee|gg
|leave|sunasun
|player|p2
|leave|Robert Edward Lee
|player|p1
|leave|Gizmozian