|join|Aka DH
|join|Robert Edward Lee
|player|p1|Aka DH|68
|player|p2|Robert Edward Lee|214
|gametype|singles
|gen|6
|tier|OU
|rated
|clearpoke
|poke|p1|Chansey, F
|poke|p1|Keldeo
|poke|p1|Heatran, M
|poke|p1|Skarmory, M
|poke|p1|Bisharp, M
|poke|p1|Venusaur, F
|poke|p2|Scizor, F
|poke|p2|Kyurem-Black, shiny
|poke|p2|Azumarill, F, shiny
|poke|p2|Heatran, M
|poke|p2|Latios, M
|poke|p2|Landorus, M
|rule|Swagger Clause: Swagger is banned
|rule|Baton Pass Clause: Limit one PokÃ©mon knowing Baton Pass
|rule|Sleep Clause Mod: Limit one foe put to sleep
|rule|Species Clause: Limit one of each PokÃ©mon
|rule|OHKO Clause: OHKO moves are banned
|rule|Moody Clause: Moody is banned
|rule|Evasion Moves Clause: Evasion moves are banned
|rule|Endless Battle Clause: Forcing endless battles is banned
|rule|HP Percentage Mod: HP is reported as percentages
|teampreview
|
|start
|switch|p1a: Keldeo|Keldeo|323\/323
|switch|p2a: Siberia|Kyurem-Black, shiny|389\/389
|-ability|p2a: Siberia|Teravolt
|turn|1
|
|switch|p1a: Chansey|Chansey, F|685\/685
|switch|p2a: Lil Cuzzin Terio|Azumarill, F, shiny|403\/403
|
|turn|2
|
|switch|p1a: Venusaur|Venusaur, F|364\/364
|move|p2a: Lil Cuzzin Terio|Knock Off|p1a: Venusaur
|-damage|p1a: Venusaur|289\/364
|
|turn|3
|
|switch|p2a: Siberia|Kyurem-Black, shiny|389\/389
|-ability|p2a: Siberia|Teravolt
|detailschange|p1a: Venusaur|Venusaur-Mega, F
|message|Venusaur has Mega Evolved into Mega Venusaur!
|move|p1a: Venusaur|Leech Seed|p2a: Siberia
|-start|p2a: Siberia|move: Leech Seed
|
|-damage|p2a: Siberia|341\/389|[from] Leech Seed|[of] p1a: Venusaur
|-heal|p1a: Venusaur|337\/364|[silent]
|turn|4
|
|switch|p2a: The Regulator|Landorus, M|319\/319
|switch|p1a: Heatran|Heatran, M|340\/340
|-item|p1a: Heatran|Air Balloon
|
|turn|5
|
|move|p2a: The Regulator|Focus Blast|p1a: Heatran
|-supereffective|p1a: Heatran
|-damage|p1a: Heatran|0 fnt
|-enditem|p1a: Heatran|Air Balloon
|faint|p1a: Heatran
|
|
|switch|p1a: Keldeo|Keldeo|323\/323
|turn|6
|
|switch|p2a: Lil Cuzzin Terio|Azumarill, F, shiny|403\/403
|move|p1a: Keldeo|Scald|p2a: Lil Cuzzin Terio
|-resisted|p2a: Lil Cuzzin Terio
|-damage|p2a: Lil Cuzzin Terio|344\/403
|
|turn|7
|
|switch|p2a: Siberia|Kyurem-Black, shiny|341\/389
|-ability|p2a: Siberia|Teravolt
|move|p1a: Keldeo|Scald|p2a: Siberia
|-resisted|p2a: Siberia
|-damage|p2a: Siberia|253\/389
|-status|p2a: Siberia|brn
|
|-damage|p2a: Siberia|205\/389 brn|[from] brn
|turn|8
|
|move|p1a: Keldeo|Secret Sword|p2a: Siberia
|-supereffective|p2a: Siberia
|-damage|p2a: Siberia|0 fnt
|faint|p2a: Siberia
|
|
|switch|p2a: Lil Cuzzin Terio|Azumarill, F, shiny|344\/403
|turn|9
|join|y4
|
|switch|p1a: Venusaur|Venusaur-Mega, F|337\/364
|switch|p2a: Trotsky|Latios, M|299\/299
|
|turn|10
|
|switch|p2a: The Regulator|Landorus, M|319\/319
|switch|p1a: Chansey|Chansey, F|685\/685
|
|turn|11
|join|Aka the God
|
|move|p2a: The Regulator|Knock Off|p1a: Chansey
|-damage|p1a: Chansey|537\/685
|-enditem|p1a: Chansey|Eviolite|[from] move: Knock Off|[of] p2a: The Regulator
|-damage|p2a: The Regulator|288\/319|[from] item: Life Orb
|move|p1a: Chansey|Seismic Toss|p2a: The Regulator
|-damage|p2a: The Regulator|188\/319
|
|turn|12
|
|move|p2a: The Regulator|Focus Blast|p1a: Chansey
|-supereffective|p1a: Chansey
|-damage|p1a: Chansey|160\/685
|move|p1a: Chansey|Seismic Toss|p2a: The Regulator
|-damage|p2a: The Regulator|88\/319
|
|turn|13
|
|switch|p1a: Skarmory|Skarmory, M|334\/334
|move|p2a: The Regulator|Earth Power|p1a: Skarmory
|-immune|p1a: Skarmory|[msg]
|
|turn|14
|chat|y4|rando
|
|switch|p2a: The Red Terror|Heatran, M|362\/362
|-item|p2a: The Red Terror|Air Balloon
|move|p1a: Skarmory|Brave Bird|p2a: The Red Terror
|-resisted|p2a: The Red Terror
|-damage|p2a: The Red Terror|311\/362
|-enditem|p2a: The Red Terror|Air Balloon
|-damage|p1a: Skarmory|317\/334|[from] recoil|[of] p2a: The Red Terror
|
|turn|15
|join|MixedCalibur
|raw|<div class="broadcast-red"><b>Moderated chat was set to +!<\/b><br \/>Only users of rank + and higher can talk.<\/div>
|
|switch|p1a: Keldeo|Keldeo|323\/323
|move|p2a: The Red Terror|Roar|p1a: Keldeo
|drag|p1a: Bisharp|Bisharp, M|334\/334
|
|turn|16
|
|switch|p1a: Keldeo|Keldeo|323\/323
|move|p2a: The Red Terror|Fire Blast|p1a: Keldeo|[miss]
|-miss|p2a: The Red Terror|p1a: Keldeo
|
|turn|17
|
|switch|p2a: Trotsky|Latios, M|299\/299
|move|p1a: Keldeo|Secret Sword|p2a: Trotsky
|-resisted|p2a: Trotsky
|-damage|p2a: Trotsky|201\/299
|
|turn|18
|
|switch|p1a: Skarmory|Skarmory, M|317\/334
|move|p2a: Trotsky|Psychic|p1a: Skarmory
|-resisted|p1a: Skarmory
|-damage|p1a: Skarmory|196\/334
|-damage|p2a: Trotsky|172\/299|[from] item: Life Orb
|
|turn|19
|
|move|p2a: Trotsky|Hidden Power|p1a: Skarmory
|-supereffective|p1a: Skarmory
|-damage|p1a: Skarmory|0 fnt
|-damage|p2a: Trotsky|143\/299|[from] item: Life Orb
|faint|p1a: Skarmory
|
|
|switch|p1a: Bisharp|Bisharp, M|334\/334
|turn|20
|
|switch|p2a: The Red Terror|Heatran, M|311\/362
|move|p1a: Bisharp|Knock Off|p2a: The Red Terror
|-damage|p2a: The Red Terror|184\/362
|
|turn|21
|
|switch|p1a: Keldeo|Keldeo|323\/323
|move|p2a: The Red Terror|Fire Blast|p1a: Keldeo
|-resisted|p1a: Keldeo
|-damage|p1a: Keldeo|226\/323
|
|-heal|p1a: Keldeo|246\/323|[from] item: Leftovers
|turn|22
|
|switch|p2a: Lil Cuzzin Terio|Azumarill, F, shiny|344\/403
|move|p1a: Keldeo|Scald|p2a: Lil Cuzzin Terio
|-resisted|p2a: Lil Cuzzin Terio
|-damage|p2a: Lil Cuzzin Terio|290\/403
|
|-heal|p1a: Keldeo|266\/323|[from] item: Leftovers
|turn|23
|
|switch|p1a: Venusaur|Venusaur-Mega, F|337\/364
|switch|p2a: The Red Terror|Heatran, M|184\/362
|
|turn|24
|
|move|p2a: The Red Terror|Stealth Rock|p1a: Venusaur
|-sidestart|p1: Aka DH|move: Stealth Rock
|move|p1a: Venusaur|Leech Seed|p2a: The Red Terror
|-start|p2a: The Red Terror|move: Leech Seed
|
|-damage|p2a: The Red Terror|139\/362|[from] Leech Seed|[of] p1a: Venusaur
|-heal|p1a: Venusaur|364\/364|[silent]
|turn|25
|
|move|p2a: The Red Terror|Fire Blast|p1a: Venusaur
|-crit|p1a: Venusaur
|-supereffective|p1a: Venusaur
|-damage|p1a: Venusaur|106\/364
|move|p1a: Venusaur|Giga Drain|p2a: The Red Terror
|-resisted|p2a: The Red Terror
|-damage|p2a: The Red Terror|115\/362
|-heal|p1a: Venusaur|118\/364|[from] drain|[of] p2a: The Red Terror
|
|-damage|p2a: The Red Terror|70\/362|[from] Leech Seed|[of] p1a: Venusaur
|-heal|p1a: Venusaur|163\/364|[silent]
|turn|26
|
|switch|p2a: Father Lenin|Scizor, F|343\/343
|move|p1a: Venusaur|Synthesis|p1a: Venusaur
|-heal|p1a: Venusaur|345\/364
|
|turn|27
|
|detailschange|p2a: Father Lenin|Scizor-Mega, F
|message|Scizor has Mega Evolved into Mega Scizor!
|move|p1a: Venusaur|Hidden Power|p2a: Father Lenin
|-supereffective|p2a: Father Lenin
|-damage|p2a: Father Lenin|155\/343
|move|p2a: Father Lenin|Swords Dance|p2a: Father Lenin
|-boost|p2a: Father Lenin|atk|2
|
|turn|28
|
|switch|p2a: The Red Terror|Heatran, M|70\/362
|move|p1a: Venusaur|Hidden Power|p2a: The Red Terror
|-start|p2a: The Red Terror|ability: Flash Fire
|
|turn|29
|
|switch|p1a: Chansey|Chansey, F|160\/685
|-damage|p1a: Chansey|75\/685|[from] Stealth Rock
|move|p2a: The Red Terror|Fire Blast|p1a: Chansey|[miss]
|-miss|p2a: The Red Terror|p1a: Chansey
|
|turn|30
|
|move|p2a: The Red Terror|Earth Power|p1a: Chansey
|-damage|p1a: Chansey|0 fnt
|faint|p1a: Chansey
|
|
|switch|p1a: Keldeo|Keldeo|266\/323
|-damage|p1a: Keldeo|246\/323|[from] Stealth Rock
|turn|31
|
|move|p1a: Keldeo|Scald|p2a: The Red Terror
|-supereffective|p2a: The Red Terror
|-damage|p2a: The Red Terror|0 fnt
|faint|p2a: The Red Terror
|
|-heal|p1a: Keldeo|266\/323|[from] item: Leftovers
|
|switch|p2a: Lil Cuzzin Terio|Azumarill, F, shiny|290\/403
|turn|32
|
|move|p1a: Keldeo|Scald|p2a: Lil Cuzzin Terio
|-resisted|p2a: Lil Cuzzin Terio
|-damage|p2a: Lil Cuzzin Terio|233\/403
|move|p2a: Lil Cuzzin Terio|Play Rough|p1a: Keldeo
|-supereffective|p1a: Keldeo
|-damage|p1a: Keldeo|0 fnt
|faint|p1a: Keldeo
|
|
|switch|p1a: Bisharp|Bisharp, M|334\/334
|-damage|p1a: Bisharp|314\/334|[from] Stealth Rock
|turn|33
|
|move|p1a: Bisharp|Iron Head|p2a: Lil Cuzzin Terio
|-damage|p2a: Lil Cuzzin Terio|49\/403
|cant|p2a: Lil Cuzzin Terio|flinch
|
|-heal|p1a: Bisharp|334\/334|[from] item: Leftovers
|turn|34
|
|move|p1a: Bisharp|Knock Off|p2a: Lil Cuzzin Terio
|-resisted|p2a: Lil Cuzzin Terio
|-damage|p2a: Lil Cuzzin Terio|0 fnt
|-enditem|p2a: Lil Cuzzin Terio|Assault Vest|[from] move: Knock Off|[of] p1a: Bisharp
|faint|p2a: Lil Cuzzin Terio
|
|
|switch|p2a: Father Lenin|Scizor-Mega, F|155\/343
|turn|35
|
|move|p2a: Father Lenin|Swords Dance|p2a: Father Lenin
|-boost|p2a: Father Lenin|atk|2
|move|p1a: Bisharp|Swords Dance|p1a: Bisharp
|-boost|p1a: Bisharp|atk|2
|
|turn|36
|
|move|p2a: Father Lenin|Roost|p2a: Father Lenin
|-heal|p2a: Father Lenin|327\/343
|move|p1a: Bisharp|Knock Off|p2a: Father Lenin
|-crit|p2a: Father Lenin
|-damage|p2a: Father Lenin|71\/343
|
|turn|37
|
|move|p2a: Father Lenin|Knock Off|p1a: Bisharp
|-resisted|p1a: Bisharp
|-damage|p1a: Bisharp|204\/334
|-enditem|p1a: Bisharp|Leftovers|[from] move: Knock Off|[of] p2a: Father Lenin
|move|p1a: Bisharp|Knock Off|p2a: Father Lenin
|-damage|p2a: Father Lenin|0 fnt
|faint|p2a: Father Lenin
|
|-message|Robert Edward Lee forfeited.
|
|win|Aka DH
|raw|Ladder updating...
|leave|Robert Edward Lee
|player|p2
|raw|Aka DH's rating: 1960 &rarr; <strong>1967<\/strong><br \/>(+7 for winning)
|raw|Robert Edward Lee's rating: 1695 &rarr; <strong>1687<\/strong><br \/>(-8 for losing)
|leave|y4
|leave|Aka DH
|player|p1
|leave|MixedCalibur
|join|MixedCalibur
|leave|MixedCalibur