|join|hades666
|join|Robert Edward Lee
|player|p1|hades666|265
|player|p2|Robert Edward Lee|214
|gametype|singles
|gen|6
|tier|OU
|rated
|clearpoke
|poke|p1|Clefable, F
|poke|p1|Dugtrio, M
|poke|p1|Talonflame, F
|poke|p1|Venusaur, M
|poke|p1|Gliscor, M
|poke|p1|Latias, F
|poke|p2|Scizor, F
|poke|p2|Kyurem-Black, shiny
|poke|p2|Azumarill, M, shiny
|poke|p2|Heatran, M
|poke|p2|Latios, M
|poke|p2|Landorus, M
|rule|Swagger Clause: Swagger is banned
|rule|Baton Pass Clause: Limit one PokÃ©mon knowing Baton Pass
|rule|Sleep Clause Mod: Limit one foe put to sleep
|rule|Species Clause: Limit one of each PokÃ©mon
|rule|OHKO Clause: OHKO moves are banned
|rule|Moody Clause: Moody is banned
|rule|Evasion Moves Clause: Evasion moves are banned
|rule|Endless Battle Clause: Forcing endless battles is banned
|rule|HP Percentage Mod: HP is reported as percentages
|teampreview
|
|start
|switch|p1a: Talonflame|Talonflame, F|298\/298
|switch|p2a: The Red Terror|Heatran, M|362\/362
|-item|p2a: The Red Terror|Air Balloon
|turn|1
|
|move|p1a: Talonflame|U-turn|p2a: The Red Terror
|-resisted|p2a: The Red Terror
|-damage|p2a: The Red Terror|341\/362
|-enditem|p2a: The Red Terror|Air Balloon
|
|switch|p1a: Dugtrio|Dugtrio, M|206\/206
|move|p2a: The Red Terror|Stealth Rock|p1a: Dugtrio
|-sidestart|p1: hades666|move: Stealth Rock
|
|turn|2
|chat|hades666|alright
|
|move|p1a: Dugtrio|Earthquake|p2a: The Red Terror
|-supereffective|p2a: The Red Terror
|-damage|p2a: The Red Terror|0 fnt
|faint|p2a: The Red Terror
|
|
|switch|p2a: Father Lenin|Scizor, F|343\/343
|turn|3
|
|switch|p1a: Venusaur|Venusaur, M|341\/341
|-damage|p1a: Venusaur|299\/341|[from] Stealth Rock
|detailschange|p2a: Father Lenin|Scizor-Mega, F
|message|Scizor has Mega Evolved into Mega Scizor!
|move|p2a: Father Lenin|Knock Off|p1a: Venusaur
|-damage|p1a: Venusaur|211\/341
|
|turn|4
|
|switch|p2a: Siberia|Kyurem-Black, shiny|389\/389
|-ability|p2a: Siberia|Teravolt
|detailschange|p1a: Venusaur|Venusaur-Mega, M
|message|Venusaur has Mega Evolved into Mega Venusaur!
|move|p1a: Venusaur|Hidden Power|p2a: Siberia
|-damage|p2a: Siberia|290\/389
|
|turn|5
|
|switch|p1a: Gliscor|Gliscor, M|352\/352
|-damage|p1a: Gliscor|308\/352|[from] Stealth Rock
|move|p2a: Siberia|Ice Beam|p1a: Gliscor
|-supereffective|p1a: Gliscor
|-damage|p1a: Gliscor|0 fnt
|-damage|p2a: Siberia|252\/389|[from] item: Life Orb
|faint|p1a: Gliscor
|
|
|switch|p1a: Latias|Latias, F|301\/301
|-damage|p1a: Latias|264\/301|[from] Stealth Rock
|turn|6
|
|switch|p2a: Lil Cuzzin Terio|Azumarill, M, shiny|403\/403
|move|p1a: Latias|Defog|p2a: Lil Cuzzin Terio
|-unboost|p2a: Lil Cuzzin Terio|evasion|1
|-sideend|p1: hades666|Stealth Rock|[from] move: Defog|[of] p1a: Latias
|
|turn|7
|
|switch|p1a: Venusaur|Venusaur-Mega, M|211\/341
|switch|p2a: Siberia|Kyurem-Black, shiny|252\/389
|-ability|p2a: Siberia|Teravolt
|
|turn|8
|
|switch|p1a: Dugtrio|Dugtrio, M|206\/206
|move|p2a: Siberia|Ice Beam|p1a: Dugtrio
|-supereffective|p1a: Dugtrio
|-enditem|p1a: Dugtrio|Focus Sash
|-damage|p1a: Dugtrio|1\/206
|-damage|p2a: Siberia|214\/389|[from] item: Life Orb
|
|turn|9
|chat|hades666|alright
|
|move|p1a: Dugtrio|Reversal|p2a: Siberia
|-supereffective|p2a: Siberia
|-damage|p2a: Siberia|0 fnt
|faint|p2a: Siberia
|
|chat|hades666|there
|chat|hades666|we go
|
|switch|p2a: The Regulator|Landorus, M|319\/319
|turn|10
|
|move|p1a: Dugtrio|Memento|p2a: The Regulator
|-unboost|p2a: The Regulator|atk|2
|-unboost|p2a: The Regulator|spa|2
|faint|p1a: Dugtrio
|move|p2a: The Regulator|Knock Off|p1: Dugtrio|[notarget]
|-notarget
|
|
|switch|p1a: Dr.Swag|Clefable, F|393\/393
|turn|11
|
|switch|p2a: Father Lenin|Scizor-Mega, F|343\/343
|move|p1a: Dr.Swag|Calm Mind|p1a: Dr.Swag
|-boost|p1a: Dr.Swag|spa|1
|-boost|p1a: Dr.Swag|spd|1
|
|turn|12
|
|move|p2a: Father Lenin|Bullet Punch|p1a: Dr.Swag
|-supereffective|p1a: Dr.Swag
|-damage|p1a: Dr.Swag|195\/393
|move|p1a: Dr.Swag|Flamethrower|p2a: Father Lenin
|-supereffective|p2a: Father Lenin
|-damage|p2a: Father Lenin|0 fnt
|faint|p2a: Father Lenin
|
|
|switch|p2a: The Regulator|Landorus, M|319\/319
|turn|13
|chat|hades666|wow
|chat|hades666|you are about to regulate me
|
|move|p2a: The Regulator|Earth Power|p1a: Dr.Swag
|-damage|p1a: Dr.Swag|18\/393
|move|p1a: Dr.Swag|Moonblast|p2a: The Regulator
|-damage|p2a: The Regulator|38\/319
|
|turn|14
|chat|hades666|yay
|
|move|p2a: The Regulator|Psychic|p1a: Dr.Swag
|-damage|p1a: Dr.Swag|0 fnt
|faint|p1a: Dr.Swag
|
|
|switch|p1a: Talonflame|Talonflame, F|298\/298
|turn|15
|
|move|p1a: Talonflame|Brave Bird|p2a: The Regulator
|-damage|p2a: The Regulator|0 fnt
|-damage|p1a: Talonflame|285\/298|[from] recoil|[of] p2a: The Regulator
|faint|p2a: The Regulator
|
|
|switch|p2a: Lil Cuzzin Terio|Azumarill, M, shiny|403\/403
|turn|16
|
|switch|p1a: Venusaur|Venusaur-Mega, M|211\/341
|move|p2a: Lil Cuzzin Terio|Waterfall|p1a: Venusaur
|-resisted|p1a: Venusaur
|-damage|p1a: Venusaur|143\/341
|
|turn|17
|
|switch|p2a: Trotsky|Latios, M|299\/299
|move|p1a: Venusaur|Sludge Bomb|p2a: Trotsky
|-damage|p2a: Trotsky|145\/299
|-status|p2a: Trotsky|psn
|
|-damage|p2a: Trotsky|108\/299 psn|[from] psn
|turn|18
|
|switch|p1a: Latias|Latias, F|264\/301
|move|p2a: Trotsky|Draco Meteor|p1a: Latias
|-supereffective|p1a: Latias
|-damage|p1a: Latias|0 fnt
|-unboost|p2a: Trotsky|spa|2
|-damage|p2a: Trotsky|79\/299 psn|[from] item: Life Orb
|faint|p1a: Latias
|
|-damage|p2a: Trotsky|42\/299 psn|[from] psn
|
|switch|p1a: Talonflame|Talonflame, F|285\/298
|turn|19
|-message|Robert Edward Lee forfeited.
|
|win|hades666
|raw|Ladder updating...
|raw|hades666's rating: 1764 &rarr; <strong>1779<\/strong><br \/>(+15 for winning)
|raw|Robert Edward Lee's rating: 1688 &rarr; <strong>1672<\/strong><br \/>(-16 for losing)
|leave|Robert Edward Lee
|player|p2