|join|aguila74
|join|Robert Edward Lee
|player|p1|aguila74|2
|player|p2|Robert Edward Lee|214
|gametype|singles
|gen|6
|tier|OU
|rated
|clearpoke
|poke|p1|Talonflame, M
|poke|p1|Greninja, F
|poke|p1|Ferrothorn, F
|poke|p1|Garchomp, F
|poke|p1|Azumarill, M
|poke|p1|Zapdos
|poke|p2|Medicham, F, shiny
|poke|p2|Ferrothorn, F
|poke|p2|Rotom-Wash
|poke|p2|Latios, M
|poke|p2|Tyranitar, M
|poke|p2|Gengar, M
|rule|Swagger Clause: Swagger is banned
|rule|Baton Pass Clause: Limit one PokÃ©mon knowing Baton Pass
|rule|Sleep Clause Mod: Limit one foe put to sleep
|rule|Species Clause: Limit one of each PokÃ©mon
|rule|OHKO Clause: OHKO moves are banned
|rule|Moody Clause: Moody is banned
|rule|Evasion Moves Clause: Evasion moves are banned
|rule|Endless Battle Clause: Forcing endless battles is banned
|rule|HP Percentage Mod: HP is shown in percentages
|teampreview
|
|start
|switch|p1a: Talonflame|Talonflame, M|297\/297
|switch|p2a: Rotom-Wash|Rotom-Wash|304\/304
|turn|1
|
|move|p1a: Talonflame|U-turn|p2a: Rotom-Wash
|-damage|p2a: Rotom-Wash|261\/304
|
|switch|p1a: Zapdos|Zapdos|379\/379
|-ability|p1a: Zapdos|Pressure
|move|p2a: Rotom-Wash|Volt Switch|p1a: Zapdos
|-damage|p1a: Zapdos|283\/379
|
|switch|p2a: Darude|Tyranitar, M|341\/341
|-weather|Sandstorm
|
|-weather|Sandstorm|[upkeep]
|-damage|p1a: Zapdos|260\/379|[from] sandstorm
|-heal|p1a: Zapdos|283\/379|[from] item: Leftovers
|turn|2
|
|move|p2a: Darude|Pursuit|p1a: Zapdos|[from]Pursuit
|-damage|p1a: Zapdos|171\/379
|switch|p1a: Garchomp|Garchomp, F|357\/357
|
|-weather|Sandstorm|[upkeep]
|turn|3
|
|switch|p2a: Ferrothorn|Ferrothorn, F|352\/352
|move|p1a: Garchomp|Earthquake|p2a: Ferrothorn
|-damage|p2a: Ferrothorn|244\/352
|
|-weather|Sandstorm|[upkeep]
|-heal|p2a: Ferrothorn|266\/352|[from] item: Leftovers
|turn|4
|join|Gizmo
|c| Gizmo|nite haba
|
|switch|p2a: Latios|Latios, M|299\/299
|move|p1a: Garchomp|Swords Dance|p1a: Garchomp
|-boost|p1a: Garchomp|atk|2
|
|-weather|Sandstorm|[upkeep]
|-damage|p2a: Latios|281\/299|[from] sandstorm
|turn|5
|c|âRobert Edward Lee|cya bae 
|leave|Gizmo
|
|switch|p1a: Ferrothorn|Ferrothorn, F|349\/349
|move|p2a: Latios|Draco Meteor|p1a: Ferrothorn
|-resisted|p1a: Ferrothorn
|-damage|p1a: Ferrothorn|248\/349
|-unboost|p2a: Latios|spa|2
|-damage|p2a: Latios|252\/299|[from] item: Life Orb
|
|-weather|none
|-heal|p1a: Ferrothorn|269\/349|[from] item: Leftovers
|turn|6
|
|switch|p2a: Yip Man|Medicham, F, shiny|261\/261
|move|p1a: Ferrothorn|Stealth Rock|p2a: Yip Man
|-sidestart|p2: Robert Edward Lee|move: Stealth Rock
|
|-heal|p1a: Ferrothorn|290\/349|[from] item: Leftovers
|turn|7
|
|switch|p1a: Zapdos|Zapdos|171\/379
|-ability|p1a: Zapdos|Pressure
|detailschange|p2a: Yip Man|Medicham-Mega, F, shiny
|message|Medicham has Mega Evolved into Mega Medicham!
|move|p2a: Yip Man|Fake Out|p1a: Zapdos
|-damage|p1a: Zapdos|108\/379
|
|-heal|p1a: Zapdos|131\/379|[from] item: Leftovers
|turn|8
|
|move|p2a: Yip Man|Zen Headbutt|p1a: Zapdos
|-damage|p1a: Zapdos|0 fnt
|faint|p1a: Zapdos
|
|
|switch|p1a: Talonflame|Talonflame, M|297\/297
|turn|9
|
|switch|p2a: Rotom-Wash|Rotom-Wash|261\/304
|-damage|p2a: Rotom-Wash|223\/304|[from] Stealth Rock
|move|p1a: Talonflame|U-turn|p2a: Rotom-Wash
|-damage|p2a: Rotom-Wash|183\/304
|
|switch|p1a: Greninja|Greninja, F|285\/285
|
|turn|10
|
|move|p1a: Greninja|Dark Pulse|p2a: Rotom-Wash
|-start|p1a: Greninja|typechange|Dark|[from] Protean
|-damage|p2a: Rotom-Wash|71\/304
|cant|p2a: Rotom-Wash|flinch
|
|turn|11
|
|move|p1a: Greninja|Dark Pulse|p2a: Rotom-Wash
|-damage|p2a: Rotom-Wash|0 fnt
|faint|p2a: Rotom-Wash
|
|
|switch|p2a: Ferrothorn|Ferrothorn, F|266\/352
|-damage|p2a: Ferrothorn|244\/352|[from] Stealth Rock
|turn|12
|
|switch|p1a: Talonflame|Talonflame, M|297\/297
|move|p2a: Ferrothorn|Stealth Rock|p1a: Talonflame
|-sidestart|p1: aguila74|move: Stealth Rock
|
|-heal|p2a: Ferrothorn|266\/352|[from] item: Leftovers
|turn|13
|
|switch|p2a: Darude|Tyranitar, M|341\/341
|-damage|p2a: Darude|299\/341|[from] Stealth Rock
|-weather|Sandstorm
|move|p1a: Talonflame|U-turn|p2a: Darude
|-supereffective|p2a: Darude
|-damage|p2a: Darude|185\/341
|
|switch|p1a: Garchomp|Garchomp, F|357\/357
|-damage|p1a: Garchomp|335\/357|[from] Stealth Rock
|
|-weather|Sandstorm|[upkeep]
|turn|14
|
|move|p2a: Darude|Crunch|p1a: Garchomp
|-damage|p1a: Garchomp|170\/357
|-damage|p2a: Darude|143\/341|[from] ability: Rough Skin|[of] p1a: Garchomp
|move|p1a: Garchomp|Swords Dance|p1a: Garchomp
|-boost|p1a: Garchomp|atk|2
|
|-weather|Sandstorm|[upkeep]
|turn|15
|
|switch|p2a: Latios|Latios, M|252\/299
|-damage|p2a: Latios|215\/299|[from] Stealth Rock
|move|p1a: Garchomp|Dragon Claw|p2a: Latios
|-supereffective|p2a: Latios
|-damage|p2a: Latios|0 fnt
|faint|p2a: Latios
|
|-weather|Sandstorm|[upkeep]
|
|switch|p2a: Gengar|Gengar, M|259\/259
|-damage|p2a: Gengar|227\/259|[from] Stealth Rock
|turn|16
|
|move|p2a: Gengar|Shadow Ball|p1a: Garchomp
|-damage|p1a: Garchomp|0 fnt
|-damage|p2a: Gengar|202\/259|[from] item: Life Orb
|faint|p1a: Garchomp
|
|-weather|Sandstorm|[upkeep]
|-damage|p2a: Gengar|186\/259|[from] sandstorm
|
|switch|p1a: Greninja|Greninja, F|285\/285
|-damage|p1a: Greninja|250\/285|[from] Stealth Rock
|turn|17
|
|move|p1a: Greninja|Dark Pulse|p2a: Gengar
|-start|p1a: Greninja|typechange|Dark|[from] Protean
|-crit|p2a: Gengar
|-supereffective|p2a: Gengar
|-damage|p2a: Gengar|0 fnt
|faint|p2a: Gengar
|
|-weather|none
|
|switch|p2a: Yip Man|Medicham-Mega, F, shiny|261\/261
|-damage|p2a: Yip Man|245\/261|[from] Stealth Rock
|turn|18
|
|move|p1a: Greninja|Extrasensory|p2a: Yip Man
|-start|p1a: Greninja|typechange|Psychic|[from] Protean
|-damage|p2a: Yip Man|107\/261
|move|p2a: Yip Man|High Jump Kick|p1a: Greninja
|-resisted|p1a: Greninja
|-damage|p1a: Greninja|0 fnt
|faint|p1a: Greninja
|
|
|switch|p1a: Azumarill|Azumarill, M|404\/404
|-damage|p1a: Azumarill|354\/404|[from] Stealth Rock
|turn|19
|
|move|p2a: Yip Man|Thunder Punch|p1a: Azumarill
|-supereffective|p1a: Azumarill
|-damage|p1a: Azumarill|0 fnt
|faint|p1a: Azumarill
|
|
|switch|p1a: Talonflame|Talonflame, M|297\/297
|-damage|p1a: Talonflame|149\/297|[from] Stealth Rock
|turn|20
|
|switch|p2a: Ferrothorn|Ferrothorn, F|266\/352
|-damage|p2a: Ferrothorn|244\/352|[from] Stealth Rock
|move|p1a: Talonflame|U-turn|p2a: Ferrothorn
|-damage|p2a: Ferrothorn|208\/352
|-damage|p1a: Talonflame|112\/297|[from] ability: Iron Barbs|[of] p2a: Ferrothorn
|
|switch|p1a: Ferrothorn|Ferrothorn, F|290\/349
|-damage|p1a: Ferrothorn|269\/349|[from] Stealth Rock
|
|-heal|p2a: Ferrothorn|230\/352|[from] item: Leftovers
|-heal|p1a: Ferrothorn|290\/349|[from] item: Leftovers
|turn|21
|
|move|p2a: Ferrothorn|Gyro Ball|p1a: Ferrothorn
|-resisted|p1a: Ferrothorn
|-damage|p1a: Ferrothorn|281\/349
|-damage|p2a: Ferrothorn|186\/352|[from] ability: Iron Barbs|[of] p1a: Ferrothorn
|move|p1a: Ferrothorn|Curse|p1a: Ferrothorn
|-boost|p1a: Ferrothorn|atk|1
|-boost|p1a: Ferrothorn|def|1
|-unboost|p1a: Ferrothorn|spe|1
|
|-heal|p2a: Ferrothorn|208\/352|[from] item: Leftovers
|-heal|p1a: Ferrothorn|302\/349|[from] item: Leftovers
|turn|22
|
|switch|p2a: Darude|Tyranitar, M|143\/341
|-damage|p2a: Darude|101\/341|[from] Stealth Rock
|-weather|Sandstorm
|move|p1a: Ferrothorn|Curse|p1a: Ferrothorn
|-boost|p1a: Ferrothorn|atk|1
|-boost|p1a: Ferrothorn|def|1
|-unboost|p1a: Ferrothorn|spe|1
|
|-weather|Sandstorm|[upkeep]
|-heal|p1a: Ferrothorn|323\/349|[from] item: Leftovers
|turn|23
|
|move|p2a: Darude|Superpower|p1a: Ferrothorn
|-supereffective|p1a: Ferrothorn
|-damage|p1a: Ferrothorn|223\/349
|-damage|p2a: Darude|59\/341|[from] ability: Iron Barbs|[of] p1a: Ferrothorn
|-unboost|p2a: Darude|atk|1
|-unboost|p2a: Darude|def|1
|move|p1a: Ferrothorn|Leech Seed|p2a: Darude
|-start|p2a: Darude|move: Leech Seed
|
|-weather|Sandstorm|[upkeep]
|-heal|p1a: Ferrothorn|244\/349|[from] item: Leftovers
|-damage|p2a: Darude|17\/341|[from] Leech Seed|[of] p1a: Ferrothorn
|-heal|p1a: Ferrothorn|286\/349|[silent]
|turn|24
|
|move|p2a: Darude|Superpower|p1a: Ferrothorn
|-supereffective|p1a: Ferrothorn
|-damage|p1a: Ferrothorn|222\/349
|-damage|p2a: Darude|0 fnt|[from] ability: Iron Barbs|[of] p1a: Ferrothorn
|faint|p2a: Darude
|move|p1a: Ferrothorn|Curse|p1a: Ferrothorn
|-boost|p1a: Ferrothorn|atk|1
|-boost|p1a: Ferrothorn|def|1
|-unboost|p1a: Ferrothorn|spe|1
|
|-weather|Sandstorm|[upkeep]
|-heal|p1a: Ferrothorn|243\/349|[from] item: Leftovers
|
|switch|p2a: Yip Man|Medicham-Mega, F, shiny|107\/261
|-damage|p2a: Yip Man|91\/261|[from] Stealth Rock
|turn|25
|
|move|p2a: Yip Man|High Jump Kick|p1a: Ferrothorn
|-supereffective|p1a: Ferrothorn
|-damage|p1a: Ferrothorn|15\/349
|-damage|p2a: Yip Man|59\/261|[from] ability: Iron Barbs|[of] p1a: Ferrothorn
|move|p1a: Ferrothorn|Gyro Ball|p2a: Yip Man
|-damage|p2a: Yip Man|0 fnt
|faint|p2a: Yip Man
|
|-weather|Sandstorm|[upkeep]
|-heal|p1a: Ferrothorn|36\/349|[from] item: Leftovers
|
|switch|p2a: Ferrothorn|Ferrothorn, F|208\/352
|-damage|p2a: Ferrothorn|186\/352|[from] Stealth Rock
|turn|26
|
|move|p2a: Ferrothorn|Gyro Ball|p1a: Ferrothorn
|-resisted|p1a: Ferrothorn
|-damage|p1a: Ferrothorn|35\/349
|-damage|p2a: Ferrothorn|142\/352|[from] ability: Iron Barbs|[of] p1a: Ferrothorn
|move|p1a: Ferrothorn|Curse|p1a: Ferrothorn
|-boost|p1a: Ferrothorn|atk|1
|-boost|p1a: Ferrothorn|def|1
|-unboost|p1a: Ferrothorn|spe|1
|
|-weather|none
|-heal|p2a: Ferrothorn|164\/352|[from] item: Leftovers
|-heal|p1a: Ferrothorn|56\/349|[from] item: Leftovers
|turn|27
|
|move|p2a: Ferrothorn|Stealth Rock|p1a: Ferrothorn
|-fail|p1a: Ferrothorn
|move|p1a: Ferrothorn|Curse|p1a: Ferrothorn
|-boost|p1a: Ferrothorn|atk|1
|-boost|p1a: Ferrothorn|def|1
|-unboost|p1a: Ferrothorn|spe|1
|
|-heal|p2a: Ferrothorn|186\/352|[from] item: Leftovers
|-heal|p1a: Ferrothorn|77\/349|[from] item: Leftovers
|turn|28
|
|move|p2a: Ferrothorn|Stealth Rock|p1a: Ferrothorn
|-fail|p1a: Ferrothorn
|move|p1a: Ferrothorn|Curse|p1a: Ferrothorn
|-boost|p1a: Ferrothorn|atk|1
|-boost|p1a: Ferrothorn|def|1
|-unboost|p1a: Ferrothorn|spe|1
|
|-heal|p2a: Ferrothorn|208\/352|[from] item: Leftovers
|-heal|p1a: Ferrothorn|98\/349|[from] item: Leftovers
|turn|29
|
|move|p2a: Ferrothorn|Stealth Rock|p1a: Ferrothorn
|-fail|p1a: Ferrothorn
|move|p1a: Ferrothorn|Gyro Ball|p2a: Ferrothorn
|-resisted|p2a: Ferrothorn
|-damage|p2a: Ferrothorn|43\/352
|-damage|p1a: Ferrothorn|55\/349|[from] ability: Iron Barbs|[of] p2a: Ferrothorn
|
|-heal|p2a: Ferrothorn|65\/352|[from] item: Leftovers
|-heal|p1a: Ferrothorn|76\/349|[from] item: Leftovers
|turn|30
|c|âaguila74|gg
|
|move|p2a: Ferrothorn|Gyro Ball|p1a: Ferrothorn
|-resisted|p1a: Ferrothorn
|-damage|p1a: Ferrothorn|75\/349
|-damage|p2a: Ferrothorn|21\/352|[from] ability: Iron Barbs|[of] p1a: Ferrothorn
|move|p1a: Ferrothorn|Gyro Ball|p2a: Ferrothorn
|-resisted|p2a: Ferrothorn
|-damage|p2a: Ferrothorn|0 fnt
|-damage|p1a: Ferrothorn|32\/349|[from] ability: Iron Barbs|[of] p2a: Ferrothorn
|faint|p2a: Ferrothorn
|
|win|aguila74
|raw|Ladder updating...
|raw|aguila74's rating: 1809 &rarr; <strong>1826<\/strong><br \/>(+17 for winning)
|raw|Robert Edward Lee's rating: 1751 &rarr; <strong>1734<\/strong><br \/>(-17 for losing)
|c|âRobert Edward Lee|gg
|leave|Robert Edward Lee
|player|p2