|join|zealous1
|join|Robert Edward Lee
|player|p1|zealous1|272
|player|p2|Robert Edward Lee|214
|gametype|singles
|gen|6
|tier|OU
|rated
|clearpoke
|poke|p1|Clefable, F
|poke|p1|Heatran, M
|poke|p1|Gengar, F
|poke|p1|Gyarados, F
|poke|p1|Scizor, F
|poke|p1|Terrakion
|poke|p2|Scizor, M
|poke|p2|Kyurem-Black, shiny
|poke|p2|Azumarill, F
|poke|p2|Heatran, F
|poke|p2|Latios, M, shiny
|poke|p2|Landorus, M
|rule|Swagger Clause: Swagger is banned
|rule|Baton Pass Clause: Limit one PokÃ©mon knowing Baton Pass
|rule|Sleep Clause Mod: Limit one foe put to sleep
|rule|Species Clause: Limit one of each PokÃ©mon
|rule|OHKO Clause: OHKO moves are banned
|rule|Moody Clause: Moody is banned
|rule|Evasion Moves Clause: Evasion moves are banned
|rule|Endless Battle Clause: Forcing endless battles is banned
|rule|HP Percentage Mod: HP is reported as percentages
|teampreview
|join|KwiickFan
|chat|Robert Edward Lee|gl hf
|
|start
|switch|p1a: Terrakion|Terrakion|324\/324
|switch|p2a: Bahamut|Kyurem-Black, shiny|389\/389
|-ability|p2a: Bahamut|Teravolt
|turn|1
|
|switch|p2a: Azumarill|Azumarill, F|401\/401
|move|p1a: Terrakion|Swords Dance|p1a: Terrakion
|-boost|p1a: Terrakion|atk|2
|
|turn|2
|
|move|p2a: Azumarill|Aqua Jet|p1a: Terrakion
|-supereffective|p1a: Terrakion
|-damage|p1a: Terrakion|150\/324
|move|p1a: Terrakion|Stone Edge|p2a: Azumarill
|-damage|p2a: Azumarill|0 fnt
|faint|p2a: Azumarill
|
|
|switch|p2a: Scizor|Scizor, M|342\/342
|turn|3
|
|switch|p1a: Heatran|Heatran, M|324\/324
|detailschange|p2a: Scizor|Scizor-Mega, M
|message|Scizor has Mega Evolved into Mega Scizor!
|move|p2a: Scizor|Bullet Punch|p1a: Heatran
|-resisted|p1a: Heatran
|-damage|p1a: Heatran|299\/324
|
|turn|4
|
|switch|p2a: Gen. 4 King|Heatran, F|362\/362
|-item|p2a: Gen. 4 King|Air Balloon
|move|p1a: Heatran|Earth Power|p2a: Gen. 4 King
|-immune|p2a: Gen. 4 King|[msg]
|
|turn|5
|
|switch|p1a: Clefable|Clefable, F|394\/394
|move|p2a: Gen. 4 King|Stealth Rock|p1a: Clefable
|-sidestart|p1: zealous1|move: Stealth Rock
|
|turn|6
|
|move|p1a: Clefable|Wish|p1a: Clefable
|move|p2a: Gen. 4 King|Roar|p1a: Clefable
|drag|p1a: Gyarados|Gyarados, F|353\/353
|-damage|p1a: Gyarados|265\/353|[from] Stealth Rock
|
|-heal|p1a: Gyarados|287\/353|[from] item: Leftovers
|turn|7
|
|move|p1a: Gyarados|Dragon Dance|p1a: Gyarados
|-boost|p1a: Gyarados|atk|1
|-boost|p1a: Gyarados|spe|1
|move|p2a: Gen. 4 King|Roar|p1a: Gyarados
|drag|p1a: Gengar|Gengar, F|268\/268
|-damage|p1a: Gengar|235\/268|[from] Stealth Rock
|
|-heal|p1a: Gengar|268\/268|[from] move: Wish|[wisher] Clefable
|turn|8
|
|switch|p1a: Terrakion|Terrakion|150\/324
|-damage|p1a: Terrakion|130\/324|[from] Stealth Rock
|move|p2a: Gen. 4 King|Fire Blast|p1a: Terrakion
|-resisted|p1a: Terrakion
|-damage|p1a: Terrakion|33\/324
|-status|p1a: Terrakion|brn
|
|-damage|p1a: Terrakion|0 fnt|[from] brn
|faint|p1a: Terrakion
|
|switch|p1a: Gyarados|Gyarados, F|287\/353
|-damage|p1a: Gyarados|199\/353|[from] Stealth Rock
|turn|9
|join|Gizmozian
|
|switch|p2a: Bahamut|Kyurem-Black, shiny|389\/389
|-ability|p2a: Bahamut|Teravolt
|move|p1a: Gyarados|Waterfall|p2a: Bahamut
|-crit|p2a: Bahamut
|-resisted|p2a: Bahamut
|-damage|p2a: Bahamut|288\/389
|
|-heal|p1a: Gyarados|221\/353|[from] item: Leftovers
|turn|10
|
|switch|p1a: Scizor|Scizor, F|344\/344
|-damage|p1a: Scizor|301\/344|[from] Stealth Rock
|move|p2a: Bahamut|Earth Power|p1a: Scizor
|-damage|p1a: Scizor|175\/344
|-damage|p2a: Bahamut|250\/389|[from] item: Life Orb
|
|turn|11
|
|switch|p2a: Gen. 4 King|Heatran, F|362\/362
|-item|p2a: Gen. 4 King|Air Balloon
|detailschange|p1a: Scizor|Scizor-Mega, F
|message|Scizor has Mega Evolved into Mega Scizor!
|move|p1a: Scizor|Defog|p2a: Gen. 4 King
|-unboost|p2a: Gen. 4 King|evasion|1
|-sideend|p1: zealous1|Stealth Rock|[from] move: Defog|[of] p1a: Scizor
|
|turn|12
|
|switch|p1a: Heatran|Heatran, M|299\/324
|move|p2a: Gen. 4 King|Fire Blast|p1a: Heatran
|-start|p1a: Heatran|ability: Flash Fire
|
|turn|13
|
|move|p1a: Heatran|Ancient Power|p2a: Gen. 4 King
|-damage|p2a: Gen. 4 King|291\/362
|-enditem|p2a: Gen. 4 King|Air Balloon
|-boost|p1a: Heatran|atk|1
|-boost|p1a: Heatran|def|1
|-boost|p1a: Heatran|spa|1
|-boost|p1a: Heatran|spd|1
|-boost|p1a: Heatran|spe|1
|move|p2a: Gen. 4 King|Stealth Rock|p1a: Heatran
|-sidestart|p1: zealous1|move: Stealth Rock
|
|turn|14
|
|move|p1a: Heatran|Ancient Power|p2a: Gen. 4 King
|-damage|p2a: Gen. 4 King|187\/362
|move|p2a: Gen. 4 King|Earth Power|p1a: Heatran
|-supereffective|p1a: Heatran
|-damage|p1a: Heatran|39\/324
|
|turn|15
|
|switch|p1a: Clefable|Clefable, F|394\/394
|move|p2a: Gen. 4 King|Earth Power|p1a: Clefable
|-damage|p1a: Clefable|303\/394
|
|-heal|p1a: Clefable|327\/394|[from] item: Leftovers
|turn|16
|
|move|p2a: Gen. 4 King|Fire Blast|p1a: Clefable
|-damage|p1a: Clefable|170\/394
|move|p1a: Clefable|Wish|p1a: Clefable
|
|-heal|p1a: Clefable|194\/394|[from] item: Leftovers
|turn|17
|
|switch|p1a: Gyarados|Gyarados, F|221\/353
|-damage|p1a: Gyarados|133\/353|[from] Stealth Rock
|move|p2a: Gen. 4 King|Roar|p1a: Gyarados
|drag|p1a: Heatran|Heatran, M|39\/324
|-damage|p1a: Heatran|0 fnt|[from] Stealth Rock
|faint|p1a: Heatran
|
|
|switch|p1a: Gyarados|Gyarados, F|133\/353
|-damage|p1a: Gyarados|45\/353|[from] Stealth Rock
|turn|18
|
|move|p1a: Gyarados|Dragon Dance|p1a: Gyarados
|-boost|p1a: Gyarados|atk|1
|-boost|p1a: Gyarados|spe|1
|move|p2a: Gen. 4 King|Fire Blast|p1a: Gyarados
|-resisted|p1a: Gyarados
|-damage|p1a: Gyarados|0 fnt
|faint|p1a: Gyarados
|
|-message|zealous1 forfeited.
|
|win|Robert Edward Lee
|raw|Ladder updating...
|raw|zealous1's rating: 1665 &rarr; <strong>1649<\/strong><br \/>(-16 for losing)
|raw|Robert Edward Lee's rating: 1735 &rarr; <strong>1751<\/strong><br \/>(+16 for winning)
|leave|Gizmozian
|leave|zealous1
|player|p1
|join|Gizmozian
|leave|Robert Edward Lee
|player|p2
|leave|Gizmozian