|join|Lt1B tesung
|join|Robert Edward Lee
|player|p1|Lt1B tesung|101
|player|p2|Robert Edward Lee|214
|gametype|singles
|gen|6
|tier|OU
|rated
|clearpoke
|poke|p1|Jirachi
|poke|p1|Chesnaught, F
|poke|p1|Heatran, F
|poke|p1|Clefable, F
|poke|p1|Starmie
|poke|p1|Aerodactyl, M
|poke|p2|Azumarill, M
|poke|p2|Heatran, F
|poke|p2|Mamoswine, F
|poke|p2|Latios, M
|poke|p2|Heracross, M
|poke|p2|Thundurus, M
|rule|Swagger Clause: Swagger is banned
|rule|Baton Pass Clause: Limit one PokÃ©mon knowing Baton Pass
|rule|Sleep Clause Mod: Limit one foe put to sleep
|rule|Species Clause: Limit one of each PokÃ©mon
|rule|OHKO Clause: OHKO moves are banned
|rule|Moody Clause: Moody is banned
|rule|Evasion Moves Clause: Evasion moves are banned
|rule|Endless Battle Clause: Forcing endless battles is banned
|rule|HP Percentage Mod: HP is shown in percentages
|teampreview
|c|âRobert Edward Lee|gl hf
|c|âLt1B tesung|u2
|
|start
|switch|p1a: Aerodactyl|Aerodactyl, M|336\/336
|switch|p2a: The Red Terror|Heatran, F|362\/362
|-ability|p1a: Aerodactyl|Unnerve|p2: Robert Edward Lee
|-item|p2a: The Red Terror|Air Balloon
|turn|1
|
|switch|p2a: Dovahkiin|Azumarill, M|401\/401
|detailschange|p1a: Aerodactyl|Aerodactyl-Mega, M
|message|Aerodactyl has Mega Evolved into Mega Aerodactyl!
|move|p1a: Aerodactyl|Aqua Tail|p2a: Dovahkiin
|-resisted|p2a: Dovahkiin
|-damage|p2a: Dovahkiin|315\/401
|
|turn|2
|join|LT1A PDC
|
|switch|p1a: Clefable|Clefable, F|394\/394
|move|p2a: Dovahkiin|Waterfall|p1a: Clefable
|-damage|p1a: Clefable|234\/394
|
|-heal|p1a: Clefable|258\/394|[from] item: Leftovers
|turn|3
|join|Henry
|
|switch|p2a: The Red Terror|Heatran, F|362\/362
|-item|p2a: The Red Terror|Air Balloon
|move|p1a: Clefable|Soft-Boiled|p1a: Clefable
|-heal|p1a: Clefable|394\/394
|
|turn|4
|leave|Henry
|join|Henry
|join|Masati 5
|
|switch|p1a: Starmie|Starmie|323\/323
|move|p2a: The Red Terror|Stealth Rock|p1a: Starmie
|-sidestart|p1: Lt1B tesung|move: Stealth Rock
|
|turn|5
|
|switch|p2a: Dovahkiin|Azumarill, M|315\/401
|move|p1a: Starmie|Rapid Spin|p2a: Dovahkiin
|-damage|p2a: Dovahkiin|304\/401
|-sideend|p1: Lt1B tesung|Stealth Rock|[from] move: Rapid Spin|[of] p1a: Starmie
|
|turn|6
|
|switch|p1a: Clefable|Clefable, F|394\/394
|switch|p2a: Thundurus|Thundurus, M|299\/299
|
|turn|7
|c|âRobert Edward Lee|sorry
|join|sugarhigh
|c| sugarhigh|gnight jake
|c| sugarhigh|get to #1 for meh fren
|c| sugarhigh|:]
|
|move|p2a: Thundurus|Thunderbolt|p1a: Clefable
|-damage|p1a: Clefable|180\/394
|-damage|p2a: Thundurus|270\/299|[from] item: Life Orb
|move|p1a: Clefable|Calm Mind|p1a: Clefable
|-boost|p1a: Clefable|spa|1
|-boost|p1a: Clefable|spd|1
|
|-heal|p1a: Clefable|204\/394|[from] item: Leftovers
|turn|8
|c|âLt1B tesung|cyaaa
|leave|sugarhigh
|
|switch|p2a: The Red Terror|Heatran, F|362\/362
|-item|p2a: The Red Terror|Air Balloon
|move|p1a: Clefable|Soft-Boiled|p1a: Clefable
|-heal|p1a: Clefable|394\/394
|
|turn|9
|
|move|p2a: The Red Terror|Stealth Rock|p1a: Clefable
|-sidestart|p1: Lt1B tesung|move: Stealth Rock
|move|p1a: Clefable|Moonblast|p2a: The Red Terror
|-resisted|p2a: The Red Terror
|-damage|p2a: The Red Terror|327\/362
|-enditem|p2a: The Red Terror|Air Balloon
|
|turn|10
|
|move|p1a: Clefable|Calm Mind|p1a: Clefable
|-boost|p1a: Clefable|spa|1
|-boost|p1a: Clefable|spd|1
|move|p2a: The Red Terror|Roar|p1a: Clefable
|drag|p1a: Jirachi|Jirachi|404\/404
|-damage|p1a: Jirachi|379\/404|[from] Stealth Rock
|
|-heal|p1a: Jirachi|404\/404|[from] item: Leftovers
|turn|11
|
|switch|p1a: Starmie|Starmie|323\/323
|-damage|p1a: Starmie|283\/323|[from] Stealth Rock
|move|p2a: The Red Terror|Fire Blast|p1a: Starmie
|-resisted|p1a: Starmie
|-damage|p1a: Starmie|177\/323
|
|-heal|p1a: Starmie|197\/323|[from] item: Leftovers
|turn|12
|
|move|p1a: Starmie|Rapid Spin|p2a: The Red Terror
|-crit|p2a: The Red Terror
|-resisted|p2a: The Red Terror
|-damage|p2a: The Red Terror|320\/362
|-sideend|p1: Lt1B tesung|Stealth Rock|[from] move: Rapid Spin|[of] p1a: Starmie
|move|p2a: The Red Terror|Earth Power|p1a: Starmie
|-damage|p1a: Starmie|85\/323
|
|-heal|p1a: Starmie|105\/323|[from] item: Leftovers
|turn|13
|
|move|p1a: Starmie|Recover|p1a: Starmie
|-heal|p1a: Starmie|267\/323
|move|p2a: The Red Terror|Stealth Rock|p1a: Starmie
|-sidestart|p1: Lt1B tesung|move: Stealth Rock
|
|-heal|p1a: Starmie|287\/323|[from] item: Leftovers
|turn|14
|
|switch|p2a: Trotsky|Heracross, M|308\/308
|move|p1a: Starmie|Rapid Spin|p2a: Trotsky
|-damage|p2a: Trotsky|295\/308
|-sideend|p1: Lt1B tesung|Stealth Rock|[from] move: Rapid Spin|[of] p1a: Starmie
|
|-heal|p1a: Starmie|307\/323|[from] item: Leftovers
|turn|15
|
|switch|p1a: Clefable|Clefable, F|394\/394
|detailschange|p2a: Trotsky|Heracross-Mega, M
|message|Heracross has Mega Evolved into Mega Heracross!
|move|p2a: Trotsky|Rock Blast|p1a: Clefable
|-damage|p1a: Clefable|358\/394
|-damage|p1a: Clefable|321\/394
|-damage|p1a: Clefable|285\/394
|-damage|p1a: Clefable|249\/394
|-damage|p1a: Clefable|208\/394
|-hitcount|p1a: Clefable|5
|
|-heal|p1a: Clefable|232\/394|[from] item: Leftovers
|turn|16
|
|move|p2a: Trotsky|Swords Dance|p2a: Trotsky
|-boost|p2a: Trotsky|atk|2
|move|p1a: Clefable|Moonblast|p2a: Trotsky
|-supereffective|p2a: Trotsky
|-damage|p2a: Trotsky|73\/308
|-unboost|p2a: Trotsky|spa|1
|
|-heal|p1a: Clefable|256\/394|[from] item: Leftovers
|turn|17
|
|switch|p1a: Jirachi|Jirachi|404\/404
|move|p2a: Trotsky|Rock Blast|p1a: Jirachi
|-resisted|p1a: Jirachi
|-damage|p1a: Jirachi|363\/404
|-resisted|p1a: Jirachi
|-damage|p1a: Jirachi|317\/404
|-resisted|p1a: Jirachi
|-damage|p1a: Jirachi|273\/404
|-resisted|p1a: Jirachi
|-damage|p1a: Jirachi|233\/404
|-resisted|p1a: Jirachi
|-damage|p1a: Jirachi|191\/404
|-hitcount|p1a: Jirachi|5
|
|-heal|p1a: Jirachi|216\/404|[from] item: Leftovers
|turn|18
|
|move|p1a: Jirachi|Iron Head|p2a: Trotsky
|-damage|p2a: Trotsky|0 fnt
|faint|p2a: Trotsky
|
|-heal|p1a: Jirachi|241\/404|[from] item: Leftovers
|
|switch|p2a: The Red Terror|Heatran, F|320\/362
|turn|19
|
|switch|p1a: Starmie|Starmie|307\/323
|move|p2a: The Red Terror|Fire Blast|p1a: Starmie
|-resisted|p1a: Starmie
|-damage|p1a: Starmie|204\/323
|
|-heal|p1a: Starmie|224\/323|[from] item: Leftovers
|turn|20
|
|switch|p2a: Latios|Latios, M|299\/299
|move|p1a: Starmie|Scald|p2a: Latios
|-resisted|p2a: Latios
|-damage|p2a: Latios|255\/299
|
|-heal|p1a: Starmie|244\/323|[from] item: Leftovers
|turn|21
|
|switch|p1a: Jirachi|Jirachi|241\/404
|switch|p2a: Dovahkiin|Azumarill, M|304\/401
|
|-heal|p1a: Jirachi|266\/404|[from] item: Leftovers
|turn|22
|join|jakeokay
|
|move|p1a: Jirachi|Iron Head|p2a: Dovahkiin
|-damage|p2a: Dovahkiin|196\/401
|cant|p2a: Dovahkiin|flinch
|
|-heal|p1a: Jirachi|291\/404|[from] item: Leftovers
|turn|23
|c|âRobert Edward Lee|pls ;-;
|leave|jakeokay
|
|move|p1a: Jirachi|Iron Head|p2a: Dovahkiin
|-damage|p2a: Dovahkiin|91\/401
|move|p2a: Dovahkiin|Knock Off|p1a: Jirachi
|-supereffective|p1a: Jirachi
|-damage|p1a: Jirachi|1\/404
|-enditem|p1a: Jirachi|Leftovers|[from] move: Knock Off|[of] p2a: Dovahkiin
|
|turn|24
|
|switch|p1a: Chesnaught|Chesnaught, F|379\/379
|move|p2a: Dovahkiin|Aqua Jet|p1a: Chesnaught
|-resisted|p1a: Chesnaught
|-damage|p1a: Chesnaught|349\/379
|
|-heal|p1a: Chesnaught|372\/379|[from] item: Leftovers
|turn|25
|
|switch|p2a: The Red Terror|Heatran, F|320\/362
|move|p1a: Chesnaught|Wood Hammer|p2a: The Red Terror
|-resisted|p2a: The Red Terror
|-damage|p2a: The Red Terror|284\/362
|-damage|p1a: Chesnaught|360\/379|[from] recoil|[of] p2a: The Red Terror
|
|-heal|p1a: Chesnaught|379\/379|[from] item: Leftovers
|turn|26
|join|LT1A whitesox
|
|move|p2a: The Red Terror|Fire Blast|p1a: Chesnaught
|-supereffective|p1a: Chesnaught
|-damage|p1a: Chesnaught|0 fnt
|faint|p1a: Chesnaught
|
|
|switch|p1a: Aerodactyl|Aerodactyl-Mega, M|336\/336
|turn|27
|
|move|p1a: Aerodactyl|Aqua Tail|p2a: The Red Terror
|-supereffective|p2a: The Red Terror
|-damage|p2a: The Red Terror|0 fnt
|faint|p2a: The Red Terror
|
|
|switch|p2a: Dovahkiin|Azumarill, M|91\/401
|turn|28
|
|move|p1a: Aerodactyl|Aerial Ace|p2a: Dovahkiin
|-damage|p2a: Dovahkiin|0 fnt
|faint|p2a: Dovahkiin
|
|
|switch|p2a: Thundurus|Thundurus, M|270\/299
|turn|29
|
|move|p2a: Thundurus|Thunder Wave|p1a: Aerodactyl
|-status|p1a: Aerodactyl|par
|move|p1a: Aerodactyl|Aqua Tail|p2a: Thundurus
|-damage|p2a: Thundurus|76\/299
|
|turn|30
|
|switch|p1a: Jirachi|Jirachi|1\/404
|move|p2a: Thundurus|Thunderbolt|p1a: Jirachi
|-damage|p1a: Jirachi|0 fnt
|-damage|p2a: Thundurus|47\/299|[from] item: Life Orb
|faint|p1a: Jirachi
|
|
|switch|p1a: Starmie|Starmie|244\/323
|turn|31
|
|move|p1a: Starmie|Scald|p2a: Thundurus
|-damage|p2a: Thundurus|0 fnt
|faint|p2a: Thundurus
|
|-heal|p1a: Starmie|264\/323|[from] item: Leftovers
|
|switch|p2a: Latios|Latios, M|255\/299
|turn|32
|
|switch|p1a: Heatran|Heatran, F|385\/385
|switch|p2a: Siberia|Mamoswine, F|359\/359
|
|turn|33
|
|switch|p1a: Aerodactyl|Aerodactyl-Mega, M|336\/336 par
|move|p2a: Siberia|Earthquake|p1a: Aerodactyl
|-immune|p1a: Aerodactyl|[msg]
|
|turn|34
|
|move|p2a: Siberia|Earthquake|p1a: Aerodactyl
|-immune|p1a: Aerodactyl|[msg]
|move|p1a: Aerodactyl|Aqua Tail|p2a: Siberia
|-supereffective|p2a: Siberia
|-damage|p2a: Siberia|0 fnt
|faint|p2a: Siberia
|
|c|âRobert Edward Lee|gg
|-message|Robert Edward Lee forfeited.
|
|win|Lt1B tesung
|raw|Ladder updating...
|raw|Lt1B tesung's rating: 1923 &rarr; <strong>1935<\/strong><br \/>(+12 for winning)
|raw|Robert Edward Lee's rating: 1780 &rarr; <strong>1767<\/strong><br \/>(-13 for losing)
|leave|Robert Edward Lee
|player|p2
|c|âLt1B tesung|gg
|leave|LT1A whitesox
|join|viorr
|leave|Lt1B tesung
|player|p1
|leave|viorr
|join|Seasons
|join|Yuttt
|leave|LT1A PDC
|leave|Yuttt