|join|Robert Edward Lee
|join|Animus Majulous
|player|p1|Robert Edward Lee|214
|player|p2|Animus Majulous|2
|gametype|singles
|gen|6
|tier|OU
|rated
|clearpoke
|poke|p1|Politoed, M
|poke|p1|Heracross, F, shiny
|poke|p1|Ferrothorn, F
|poke|p1|Latias, F
|poke|p1|Kingdra, M, shiny
|poke|p1|Kabutops, M, shiny
|poke|p2|Clefable, M
|poke|p2|Latias, F
|poke|p2|Pinsir, F
|poke|p2|Breloom, M
|poke|p2|Rotom-Wash
|poke|p2|Gothitelle, M
|rule|Swagger Clause: Swagger is banned
|rule|Baton Pass Clause: Limit one PokÃ©mon knowing Baton Pass
|rule|Sleep Clause Mod: Limit one foe put to sleep
|rule|Species Clause: Limit one of each PokÃ©mon
|rule|OHKO Clause: OHKO moves are banned
|rule|Moody Clause: Moody is banned
|rule|Evasion Moves Clause: Evasion moves are banned
|rule|Endless Battle Clause: Forcing endless battles is banned
|rule|HP Percentage Mod: HP is shown in percentages
|teampreview
|c|âRobert Edward Lee|gl hf
|
|start
|switch|p1a: Heracross|Heracross, F, shiny|308\/308
|switch|p2a: Breloom|Breloom, M|262\/262
|turn|1
|join|Gizmo
|
|switch|p2a: Clefable|Clefable, M|394\/394
|detailschange|p1a: Heracross|Heracross-Mega, F, shiny
|message|Heracross has Mega Evolved into Mega Heracross!
|move|p1a: Heracross|Pin Missile|p2a: Clefable|[miss]
|-miss|p1a: Heracross|p2a: Clefable
|
|turn|2
|
|switch|p1a: Politoed|Politoed, M|384\/384
|-weather|RainDance
|move|p2a: Clefable|Moonblast|p1a: Politoed
|-damage|p1a: Politoed|309\/384
|
|-weather|RainDance|[upkeep]
|turn|3
|c| Gizmo|pin **MISS**ille
|
|switch|p1a: Heracross|Heracross-Mega, F, shiny|308\/308
|move|p2a: Clefable|Flamethrower|p1a: Heracross
|-supereffective|p1a: Heracross
|-damage|p1a: Heracross|244\/308
|
|-weather|RainDance|[upkeep]
|turn|4
|
|switch|p1a: Ferrothorn|Ferrothorn, F|352\/352
|move|p2a: Clefable|Moonblast|p1a: Ferrothorn
|-resisted|p1a: Ferrothorn
|-damage|p1a: Ferrothorn|307\/352
|
|-weather|RainDance|[upkeep]
|-heal|p1a: Ferrothorn|329\/352|[from] item: Leftovers
|turn|5
|
|switch|p2a: Rotom-Wash|Rotom-Wash|241\/241
|move|p1a: Ferrothorn|Stealth Rock|p2a: Rotom-Wash
|-sidestart|p2: Animus Majulous|move: Stealth Rock
|
|-weather|RainDance|[upkeep]
|-heal|p1a: Ferrothorn|351\/352|[from] item: Leftovers
|turn|6
|
|move|p2a: Rotom-Wash|Will-O-Wisp|p1a: Ferrothorn
|-status|p1a: Ferrothorn|brn
|move|p1a: Ferrothorn|Leech Seed|p2a: Rotom-Wash
|-start|p2a: Rotom-Wash|move: Leech Seed
|
|-weather|RainDance|[upkeep]
|-heal|p1a: Ferrothorn|352\/352 brn|[from] item: Leftovers
|-damage|p2a: Rotom-Wash|211\/241|[from] Leech Seed|[of] p1a: Ferrothorn
|-damage|p1a: Ferrothorn|308\/352 brn|[from] brn
|turn|7
|
|switch|p2a: Latias|Latias, F|302\/302
|-damage|p2a: Latias|265\/302|[from] Stealth Rock
|move|p1a: Ferrothorn|Leech Seed|p2a: Latias
|-start|p2a: Latias|move: Leech Seed
|
|-weather|RainDance|[upkeep]
|-heal|p1a: Ferrothorn|330\/352 brn|[from] item: Leftovers
|-damage|p2a: Latias|228\/302|[from] Leech Seed|[of] p1a: Ferrothorn
|-heal|p1a: Ferrothorn|352\/352 brn|[silent]
|-damage|p1a: Ferrothorn|308\/352 brn|[from] brn
|turn|8
|
|move|p2a: Latias|Defog|p1a: Ferrothorn
|-unboost|p1a: Ferrothorn|evasion|1
|-sideend|p2: Animus Majulous|Stealth Rock|[from] move: Defog|[of] p2a: Latias
|move|p1a: Ferrothorn|Gyro Ball|p2a: Latias
|-damage|p2a: Latias|144\/302
|
|-weather|RainDance|[upkeep]
|-heal|p1a: Ferrothorn|330\/352 brn|[from] item: Leftovers
|-damage|p2a: Latias|107\/302|[from] Leech Seed|[of] p1a: Ferrothorn
|-heal|p1a: Ferrothorn|352\/352 brn|[silent]
|-damage|p1a: Ferrothorn|308\/352 brn|[from] brn
|turn|9
|
|move|p2a: Latias|Hidden Power|p1a: Ferrothorn
|-supereffective|p1a: Ferrothorn
|-damage|p1a: Ferrothorn|165\/352 brn
|-damage|p2a: Latias|77\/302|[from] item: Life Orb
|move|p1a: Ferrothorn|Stealth Rock|p2a: Latias
|-sidestart|p2: Animus Majulous|move: Stealth Rock
|
|-weather|none
|-heal|p1a: Ferrothorn|187\/352 brn|[from] item: Leftovers
|-damage|p2a: Latias|40\/302|[from] Leech Seed|[of] p1a: Ferrothorn
|-heal|p1a: Ferrothorn|224\/352 brn|[silent]
|-damage|p1a: Ferrothorn|180\/352 brn|[from] brn
|turn|10
|
|move|p2a: Latias|Defog|p1a: Ferrothorn
|-unboost|p1a: Ferrothorn|evasion|1
|-sideend|p2: Animus Majulous|Stealth Rock|[from] move: Defog|[of] p2a: Latias
|move|p1a: Ferrothorn|Stealth Rock|p2a: Latias
|-sidestart|p2: Animus Majulous|move: Stealth Rock
|
|-heal|p1a: Ferrothorn|202\/352 brn|[from] item: Leftovers
|-damage|p2a: Latias|3\/302|[from] Leech Seed|[of] p1a: Ferrothorn
|-heal|p1a: Ferrothorn|239\/352 brn|[silent]
|-damage|p1a: Ferrothorn|195\/352 brn|[from] brn
|turn|11
|
|move|p1a: Ferrothorn|Protect|p1a: Ferrothorn
|-singleturn|p1a: Ferrothorn|Protect
|move|p2a: Latias|Hidden Power|p1a: Ferrothorn
|-activate|p1a: Ferrothorn|Protect
|
|-heal|p1a: Ferrothorn|217\/352 brn|[from] item: Leftovers
|-damage|p2a: Latias|0 fnt|[from] Leech Seed|[of] p1a: Ferrothorn
|-heal|p1a: Ferrothorn|220\/352 brn|[silent]
|-damage|p1a: Ferrothorn|176\/352 brn|[from] brn
|faint|p2a: Latias
|
|switch|p2a: Gothitelle|Gothitelle, M|312\/312
|-damage|p2a: Gothitelle|273\/312|[from] Stealth Rock
|turn|12
|
|move|p2a: Gothitelle|Hidden Power|p1a: Ferrothorn
|-supereffective|p1a: Ferrothorn
|-damage|p1a: Ferrothorn|0 fnt
|faint|p1a: Ferrothorn
|
|
|switch|p1a: Politoed|Politoed, M|309\/384
|-weather|RainDance
|turn|13
|
|switch|p2a: Rotom-Wash|Rotom-Wash|211\/241
|-damage|p2a: Rotom-Wash|181\/241|[from] Stealth Rock
|move|p1a: Politoed|Hypnosis|p2a: Rotom-Wash|[miss]
|-miss|p1a: Politoed|p2a: Rotom-Wash
|
|-weather|RainDance|[upkeep]
|turn|14
|
|move|p2a: Rotom-Wash|Thunderbolt|p1a: Politoed
|-supereffective|p1a: Politoed
|-damage|p1a: Politoed|93\/384
|move|p1a: Politoed|Hypnosis|p2a: Rotom-Wash
|-status|p2a: Rotom-Wash|slp
|
|-weather|RainDance|[upkeep]
|turn|15
|
|switch|p1a: Heracross|Heracross-Mega, F, shiny|244\/308
|cant|p2a: Rotom-Wash|slp
|
|-weather|RainDance|[upkeep]
|turn|16
|
|cant|p2a: Rotom-Wash|slp
|move|p1a: Heracross|Rock Blast|p2a: Rotom-Wash
|-damage|p2a: Rotom-Wash|137\/241 slp
|-crit|p2a: Rotom-Wash
|-damage|p2a: Rotom-Wash|70\/241 slp
|-damage|p2a: Rotom-Wash|31\/241 slp
|-damage|p2a: Rotom-Wash|0 fnt
|-hitcount|p2a: Rotom-Wash|4
|faint|p2a: Rotom-Wash
|
|-weather|RainDance|[upkeep]
|
|switch|p2a: Pinsir|Pinsir, F|271\/271
|-damage|p2a: Pinsir|204\/271|[from] Stealth Rock
|turn|17
|
|switch|p1a: Kabutops|Kabutops, M, shiny|261\/261
|detailschange|p2a: Pinsir|Pinsir-Mega, F
|message|Pinsir has Mega Evolved into Mega Pinsir!
|move|p2a: Pinsir|Frustration|p1a: Kabutops
|-resisted|p1a: Kabutops
|-damage|p1a: Kabutops|135\/261
|
|-weather|RainDance|[upkeep]
|turn|18
|
|switch|p2a: Clefable|Clefable, M|394\/394
|move|p1a: Kabutops|Waterfall|p2a: Clefable
|-damage|p2a: Clefable|137\/394
|-damage|p1a: Kabutops|109\/261|[from] item: Life Orb
|
|-weather|RainDance|[upkeep]
|-heal|p2a: Clefable|161\/394|[from] item: Leftovers
|turn|19
|
|move|p1a: Kabutops|Waterfall|p2a: Clefable
|-damage|p2a: Clefable|0 fnt
|-damage|p1a: Kabutops|83\/261|[from] item: Life Orb
|faint|p2a: Clefable
|
|-weather|RainDance|[upkeep]
|
|switch|p2a: Breloom|Breloom, M|262\/262
|-damage|p2a: Breloom|246\/262|[from] Stealth Rock
|turn|20
|
|move|p1a: Kabutops|Aqua Jet|p2a: Breloom
|-resisted|p2a: Breloom
|-damage|p2a: Breloom|162\/262
|-damage|p1a: Kabutops|57\/261|[from] item: Life Orb
|move|p2a: Breloom|Spore|p1a: Kabutops
|-status|p1a: Kabutops|slp
|
|-weather|none
|turn|21
|
|-singleturn|p2a: Breloom|move: Focus Punch
|cant|p1a: Kabutops|slp
|move|p2a: Breloom|Focus Punch|p1a: Kabutops
|-supereffective|p1a: Kabutops
|-damage|p1a: Kabutops|0 fnt
|-damage|p2a: Breloom|136\/262|[from] item: Life Orb
|faint|p1a: Kabutops
|
|
|switch|p1a: Politoed|Politoed, M|93\/384
|-weather|RainDance
|turn|22
|
|move|p2a: Breloom|Spore|p1a: Politoed
|-status|p1a: Politoed|slp
|cant|p1a: Politoed|slp
|
|-weather|RainDance|[upkeep]
|turn|23
|
|move|p2a: Breloom|Spore|p1a: Politoed
|-fail|p1a: Politoed|slp
|cant|p1a: Politoed|slp
|
|-weather|RainDance|[upkeep]
|turn|24
|join|Kung Fu Pancham
|
|move|p2a: Breloom|Spore|p1a: Politoed
|-fail|p1a: Politoed|slp
|cant|p1a: Politoed|slp
|
|-weather|RainDance|[upkeep]
|turn|25
|join|callumcomingthur
|
|switch|p1a: Latias|Latias, F|299\/299
|move|p2a: Breloom|Bullet Seed|p1a: Latias
|-resisted|p1a: Latias
|-damage|p1a: Latias|248\/299
|-resisted|p1a: Latias
|-damage|p1a: Latias|201\/299
|-resisted|p1a: Latias
|-damage|p1a: Latias|153\/299
|-hitcount|p1a: Latias|3
|-damage|p2a: Breloom|110\/262|[from] item: Life Orb
|
|-weather|RainDance|[upkeep]
|turn|26
|
|switch|p2a: Gothitelle|Gothitelle, M|273\/312
|-damage|p2a: Gothitelle|234\/312|[from] Stealth Rock
|move|p1a: Latias|Psyshock|p2a: Gothitelle
|-resisted|p2a: Gothitelle
|-damage|p2a: Gothitelle|148\/312
|-damage|p1a: Latias|124\/299|[from] item: Life Orb
|
|-weather|RainDance|[upkeep]
|turn|27
|
|move|p1a: Latias|Draco Meteor|p2a: Gothitelle
|-damage|p2a: Gothitelle|0 fnt
|-unboost|p1a: Latias|spa|2
|-damage|p1a: Latias|95\/299|[from] item: Life Orb
|faint|p2a: Gothitelle
|
|-weather|RainDance|[upkeep]
|join|whoursentine
|
|switch|p2a: Pinsir|Pinsir-Mega, F|204\/271
|-damage|p2a: Pinsir|69\/271|[from] Stealth Rock
|turn|28
|
|move|p2a: Pinsir|Quick Attack|p1a: Latias
|-damage|p1a: Latias|0 fnt
|faint|p1a: Latias
|
|-weather|RainDance|[upkeep]
|
|switch|p1a: Kingdra|Kingdra, M, shiny|306\/306
|turn|29
|
|move|p2a: Pinsir|Quick Attack|p1a: Kingdra
|-damage|p1a: Kingdra|194\/306
|move|p1a: Kingdra|Dragon Pulse|p2a: Pinsir
|-damage|p2a: Pinsir|0 fnt
|faint|p2a: Pinsir
|
|-weather|none
|
|switch|p2a: Breloom|Breloom, M|110\/262
|-damage|p2a: Breloom|94\/262|[from] Stealth Rock
|turn|30
|
|move|p2a: Breloom|Bullet Seed|p1a: Kingdra
|-damage|p1a: Kingdra|111\/306
|-damage|p1a: Kingdra|28\/306
|-hitcount|p1a: Kingdra|2
|-damage|p2a: Breloom|68\/262|[from] item: Life Orb
|move|p1a: Kingdra|Dragon Pulse|p2a: Breloom
|-damage|p2a: Breloom|0 fnt
|faint|p2a: Breloom
|
|win|Robert Edward Lee
|raw|Ladder updating...
|join|Kostitsyn-kun
|c|âRobert Edward Lee|gg
|leave|Kostitsyn-kun
|leave|Animus Majulous
|player|p2
|leave|callumcomingthur
|join|callumcomingthur
|raw|Ladder (probably) updated, but score could not be retrieved (timeout).
|raw|Ladder (probably) updated, but score could not be retrieved (Error: socket hang up).
|leave|callumcomingthur
|leave|whoursentine
|leave|Kung Fu Pancham
|join|Kung Fu Pancham
|leave|Kung Fu Pancham
|join|PikachuCandyã
|leave|PikachuCandyã
|join|Kung Fu Pancham
|leave|Robert Edward Lee
|player|p1
|join|Robert Edward Lee
|leave|Robert Edward Lee
|join|Yuttt
|leave|Kung Fu Pancham
|join|Kung Fu Pancham
|leave|Kung Fu Pancham
|leave|Yuttt
|join|Kung Fu Pancham
|join|Robert Edward Lee
|leave|Robert Edward Lee
|join|I'm Batman \('O')\/
|leave|I'm Batman \('O')\/
|join|Emiliano.Com
|leave|Kung Fu Pancham
|join|Robert Edward Lee
|leave|Robert Edward Lee
|join|Kung Fu Pancham
|join|bravoteam
|leave|Kung Fu Pancham
|join|Kung Fu Pancham
|leave|Kung Fu Pancham
|leave|bravoteam