|join|Robert Edward Lee
|join|Peaches & Cream
|player|p1|Robert Edward Lee|214
|player|p2|Peaches & Cream|112
|gametype|singles
|gen|6
|tier|OU
|rated
|clearpoke
|poke|p1|Scizor, M
|poke|p1|Kyurem-Black, shiny
|poke|p1|Azumarill, M
|poke|p1|Heatran, F
|poke|p1|Latios, M, shiny
|poke|p1|Landorus, M
|poke|p2|Smeargle, M
|poke|p2|Latios, M
|poke|p2|Uxie
|poke|p2|Gothitelle, M
|poke|p2|Espeon, M
|poke|p2|Dugtrio, M
|rule|Swagger Clause: Swagger is banned
|rule|Baton Pass Clause: Limit one PokÃ©mon knowing Baton Pass
|rule|Sleep Clause Mod: Limit one foe put to sleep
|rule|Species Clause: Limit one of each PokÃ©mon
|rule|OHKO Clause: OHKO moves are banned
|rule|Moody Clause: Moody is banned
|rule|Evasion Moves Clause: Evasion moves are banned
|rule|Endless Battle Clause: Forcing endless battles is banned
|rule|HP Percentage Mod: HP is reported as percentages
|teampreview
|
|start
|switch|p1a: Azumarill|Azumarill, M|401\/401
|switch|p2a: Uxie|Uxie|354\/354
|turn|1
|
|move|p2a: Uxie|Reflect|p2a: Uxie
|-sidestart|p2: Peaches & Cream|Reflect
|move|p1a: Azumarill|Knock Off|p2a: Uxie
|-supereffective|p2a: Uxie
|-damage|p2a: Uxie|276\/354
|-enditem|p2a: Uxie|Light Clay|[from] move: Knock Off|[of] p1a: Azumarill
|
|turn|2
|
|switch|p1a: Moist Nugget|Latios, M, shiny|301\/301
|move|p2a: Uxie|Light Screen|p2a: Uxie
|-sidestart|p2: Peaches & Cream|move: Light Screen
|
|turn|3
|
|move|p1a: Moist Nugget|Defog|p2a: Uxie
|-unboost|p2a: Uxie|evasion|1
|-sideend|p2: Peaches & Cream|Reflect
|-sideend|p2: Peaches & Cream|Reflect|[from] move: Defog|[of] p2a: Uxie
|-sideend|p2: Peaches & Cream|move: Light Screen
|-sideend|p2: Peaches & Cream|Light Screen|[from] move: Defog|[of] p2a: Uxie
|move|p2a: Uxie|Memento|p1a: Moist Nugget
|-unboost|p1a: Moist Nugget|atk|2
|-unboost|p1a: Moist Nugget|spa|2
|faint|p2a: Uxie
|
|
|switch|p2a: Smeargle|Smeargle, M|314\/314
|turn|4
|
|switch|p1a: Gen. 4 King|Heatran, F|362\/362
|-item|p1a: Gen. 4 King|Air Balloon
|move|p2a: Smeargle|Geomancy|p2a: Smeargle|[still]
|-prepare|p2a: Smeargle|Geomancy|p2a: Smeargle
|-enditem|p2a: Smeargle|Power Herb
|-anim|p2a: Smeargle|Geomancy|p2a: Smeargle
|-boost|p2a: Smeargle|spa|2
|-boost|p2a: Smeargle|spd|2
|-boost|p2a: Smeargle|spe|2
|
|turn|5
|
|move|p2a: Smeargle|Magic Coat|p2a: Smeargle
|-singleturn|p2a: Smeargle|move: Magic Coat
|move|p1a: Gen. 4 King|Roar|p2a: Smeargle
|move|p2a: Smeargle|Roar|p1a: Gen. 4 King|[from]Magic Coat
|drag|p1a: Landorus|Landorus, M|317\/317
|
|turn|6
|
|move|p2a: Smeargle|Cotton Guard|p2a: Smeargle
|-boost|p2a: Smeargle|def|3
|move|p1a: Landorus|Focus Blast|p2a: Smeargle|[miss]
|-miss|p1a: Landorus|p2a: Smeargle
|
|turn|7
|
|move|p2a: Smeargle|Baton Pass|p2a: Smeargle
|
|switch|p2a: Espeon|Espeon, M|334\/334
|move|p1a: Landorus|Knock Off|p2a: Espeon
|-supereffective|p2a: Espeon
|-damage|p2a: Espeon|235\/334
|-enditem|p2a: Espeon|Leftovers|[from] move: Knock Off|[of] p1a: Landorus
|-damage|p1a: Landorus|286\/317|[from] item: Life Orb
|
|turn|8
|-message|Robert Edward Lee forfeited.
|
|win|Peaches & Cream
|raw|Ladder updating...
|leave|Robert Edward Lee
|player|p1
|raw|Robert Edward Lee's rating: 1730 &rarr; <strong>1703<\/strong><br \/>(-27 for losing)
|raw|Peaches &amp; Cream's rating: 1614 &rarr; <strong>1641<\/strong><br \/>(+27 for winning)