|join|hj regicide
|join|Robert Edward Lee
|player|p1|hj regicide|10
|player|p2|Robert Edward Lee|214
|gametype|singles
|gen|6
|tier|OU
|rated
|clearpoke
|poke|p1|Ampharos, F
|poke|p1|Gengar, F
|poke|p1|Ferrothorn, M
|poke|p1|Slowbro, F
|poke|p1|Keldeo, shiny
|poke|p1|Latios, M
|poke|p2|Scizor, F
|poke|p2|Kyurem-Black, shiny
|poke|p2|Azumarill, M, shiny
|poke|p2|Heatran, M
|poke|p2|Latios, M
|poke|p2|Landorus, M
|rule|Swagger Clause: Swagger is banned
|rule|Baton Pass Clause: Limit one PokÃ©mon knowing Baton Pass
|rule|Sleep Clause Mod: Limit one foe put to sleep
|rule|Species Clause: Limit one of each PokÃ©mon
|rule|OHKO Clause: OHKO moves are banned
|rule|Moody Clause: Moody is banned
|rule|Evasion Moves Clause: Evasion moves are banned
|rule|Endless Battle Clause: Forcing endless battles is banned
|rule|HP Percentage Mod: HP is reported as percentages
|teampreview
|join|Gizmozian
|chat|Gizmozian|OML
|chat|Robert Edward Lee|gl hf
|chat|Gizmozian|THAT'S A FATASS TEAM
|
|start
|switch|p1a: Keldeo|Keldeo, shiny|323\/323
|switch|p2a: Trotsky|Latios, M|299\/299
|turn|1
|chat|Gizmozian|HOW DO YOU SLEEP AT NIGHT
|chat|Robert Edward Lee|lol
|
|switch|p1a: Ferrothorn|Ferrothorn, M|352\/352
|move|p2a: Trotsky|Psychic|p1a: Ferrothorn
|-resisted|p1a: Ferrothorn
|-damage|p1a: Ferrothorn|264\/352
|-unboost|p1a: Ferrothorn|spd|1
|-damage|p2a: Trotsky|270\/299|[from] item: Life Orb
|
|-heal|p1a: Ferrothorn|286\/352|[from] item: Leftovers
|turn|2
|
|switch|p1a: Slowbro|Slowbro, F|393\/393
|move|p2a: Trotsky|Hidden Power|p1a: Slowbro
|-resisted|p1a: Slowbro
|-damage|p1a: Slowbro|341\/393
|-damage|p2a: Trotsky|241\/299|[from] item: Life Orb
|
|-heal|p1a: Slowbro|365\/393|[from] item: Leftovers
|turn|3
|
|switch|p1a: Ferrothorn|Ferrothorn, M|286\/352
|move|p2a: Trotsky|Draco Meteor|p1a: Ferrothorn
|-resisted|p1a: Ferrothorn
|-damage|p1a: Ferrothorn|166\/352
|-unboost|p2a: Trotsky|spa|2
|-damage|p2a: Trotsky|212\/299|[from] item: Life Orb
|
|-heal|p1a: Ferrothorn|188\/352|[from] item: Leftovers
|turn|4
|
|move|p2a: Trotsky|Hidden Power|p1a: Ferrothorn
|-supereffective|p1a: Ferrothorn
|-damage|p1a: Ferrothorn|16\/352
|-damage|p2a: Trotsky|183\/299|[from] item: Life Orb
|move|p1a: Ferrothorn|Stealth Rock|p2a: Trotsky
|-sidestart|p2: Robert Edward Lee|move: Stealth Rock
|
|-heal|p1a: Ferrothorn|38\/352|[from] item: Leftovers
|turn|5
|
|switch|p1a: Slowbro|Slowbro, F|393\/393
|move|p2a: Trotsky|Defog|p1a: Slowbro
|-unboost|p1a: Slowbro|evasion|1
|-sideend|p2: Robert Edward Lee|Stealth Rock|[from] move: Defog|[of] p2a: Trotsky
|
|turn|6
|
|switch|p2a: Siberia|Kyurem-Black, shiny|389\/389
|-ability|p2a: Siberia|Teravolt
|move|p1a: Slowbro|Thunder Wave|p2a: Siberia
|-status|p2a: Siberia|par
|
|turn|7
|chat|Gizmozian|T wave bro is the most annoying
|chat|Gizmozian|pokemon
|
|move|p1a: Slowbro|Slack Off|p1a: Slowbro
|-fail|p1a: Slowbro
|move|p2a: Siberia|Fusion Bolt|p1a: Slowbro
|-supereffective|p1a: Slowbro
|-damage|p1a: Slowbro|156\/393
|-damage|p2a: Siberia|351\/389 par|[from] item: Life Orb
|
|-heal|p1a: Slowbro|180\/393|[from] item: Leftovers
|turn|8
|chat|Gizmozian|to step foot
|chat|Gizmozian|on this planet
|
|switch|p2a: Trotsky|Latios, M|183\/299
|move|p1a: Slowbro|Slack Off|p1a: Slowbro
|-heal|p1a: Slowbro|377\/393
|
|-heal|p1a: Slowbro|393\/393|[from] item: Leftovers
|turn|9
|
|switch|p2a: The Regulator|Landorus, M|319\/319
|move|p1a: Slowbro|Thunder Wave|p2a: The Regulator
|-immune|p2a: The Regulator|[msg]
|
|turn|10
|
|move|p2a: The Regulator|Knock Off|p1a: Slowbro
|-supereffective|p1a: Slowbro
|-damage|p1a: Slowbro|245\/393
|-enditem|p1a: Slowbro|Leftovers|[from] move: Knock Off|[of] p2a: The Regulator
|-damage|p2a: The Regulator|288\/319|[from] item: Life Orb
|move|p1a: Slowbro|Ice Beam|p2a: The Regulator
|-supereffective|p2a: The Regulator
|-damage|p2a: The Regulator|0 fnt
|faint|p2a: The Regulator
|
|
|switch|p2a: Trotsky|Latios, M|183\/299
|turn|11
|
|switch|p1a: Ferrothorn|Ferrothorn, M|38\/352
|move|p2a: Trotsky|Psychic|p1a: Ferrothorn
|-resisted|p1a: Ferrothorn
|-damage|p1a: Ferrothorn|0 fnt
|-damage|p2a: Trotsky|154\/299|[from] item: Life Orb
|faint|p1a: Ferrothorn
|
|
|switch|p1a: Gengar|Gengar, F|268\/268
|turn|12
|
|switch|p2a: The Red Terror|Heatran, M|362\/362
|-item|p2a: The Red Terror|Air Balloon
|move|p1a: Gengar|Shadow Ball|p2a: The Red Terror
|-damage|p2a: The Red Terror|227\/362
|-enditem|p2a: The Red Terror|Air Balloon
|
|turn|13
|
|move|p1a: Gengar|Taunt|p2a: The Red Terror
|-start|p2a: The Red Terror|move: Taunt
|cant|p2a: The Red Terror|move: Taunt|Stealth Rock
|
|turn|14
|
|switch|p1a: Ampharos|Ampharos, F|321\/321
|move|p2a: The Red Terror|Fire Blast|p1a: Ampharos
|-crit|p1a: Ampharos
|-damage|p1a: Ampharos|0 fnt
|faint|p1a: Ampharos
|
|
|switch|p1a: Keldeo|Keldeo, shiny|323\/323
|turn|15
|
|switch|p2a: Lil Cuzzin Terio|Azumarill, M, shiny|403\/403
|move|p1a: Keldeo|Substitute|p1a: Keldeo
|-start|p1a: Keldeo|Substitute
|-damage|p1a: Keldeo|243\/323
|
|-heal|p1a: Keldeo|263\/323|[from] item: Leftovers
|turn|16
|
|move|p1a: Keldeo|Scald|p2a: Lil Cuzzin Terio
|-resisted|p2a: Lil Cuzzin Terio
|-damage|p2a: Lil Cuzzin Terio|346\/403
|move|p2a: Lil Cuzzin Terio|Play Rough|p1a: Keldeo
|-supereffective|p1a: Keldeo
|-end|p1a: Keldeo|Substitute
|
|-heal|p1a: Keldeo|283\/323|[from] item: Leftovers
|turn|17
|
|switch|p1a: Slowbro|Slowbro, F|376\/393
|move|p2a: Lil Cuzzin Terio|Play Rough|p1a: Slowbro
|-damage|p1a: Slowbro|232\/393
|
|turn|18
|
|switch|p2a: Siberia|Kyurem-Black, shiny|351\/389 par
|-ability|p2a: Siberia|Teravolt
|move|p1a: Slowbro|Scald|p2a: Siberia
|-resisted|p2a: Siberia
|-damage|p2a: Siberia|293\/389 par
|
|turn|19
|
|move|p1a: Slowbro|Slack Off|p1a: Slowbro
|-heal|p1a: Slowbro|393\/393
|move|p2a: Siberia|Earth Power|p1a: Slowbro
|-damage|p1a: Slowbro|221\/393
|-damage|p2a: Siberia|255\/389 par|[from] item: Life Orb
|
|turn|20
|
|move|p1a: Slowbro|Slack Off|p1a: Slowbro
|-heal|p1a: Slowbro|393\/393
|cant|p2a: Siberia|par
|
|turn|21
|
|move|p1a: Slowbro|Ice Beam|p2a: Siberia
|-damage|p2a: Siberia|162\/389 par
|move|p2a: Siberia|Earth Power|p1a: Slowbro
|-damage|p1a: Slowbro|208\/393
|-damage|p2a: Siberia|124\/389 par|[from] item: Life Orb
|
|turn|22
|
|move|p1a: Slowbro|Slack Off|p1a: Slowbro
|-heal|p1a: Slowbro|393\/393
|cant|p2a: Siberia|par
|
|turn|23
|
|move|p1a: Slowbro|Ice Beam|p2a: Siberia
|-damage|p2a: Siberia|43\/389 par
|move|p2a: Siberia|Roost|p2a: Siberia
|-heal|p2a: Siberia|238\/389 par
|
|turn|24
|
|move|p1a: Slowbro|Ice Beam|p2a: Siberia
|-damage|p2a: Siberia|157\/389 par
|move|p2a: Siberia|Earth Power|p1a: Slowbro
|-damage|p1a: Slowbro|210\/393
|-damage|p2a: Siberia|119\/389 par|[from] item: Life Orb
|
|turn|25
|
|switch|p1a: Latios|Latios, M|302\/302
|move|p2a: Siberia|Roost|p2a: Siberia
|-heal|p2a: Siberia|314\/389 par
|
|turn|26
|
|switch|p1a: Keldeo|Keldeo, shiny|283\/323
|switch|p2a: The Red Terror|Heatran, M|227\/362
|
|-heal|p1a: Keldeo|303\/323|[from] item: Leftovers
|turn|27
|
|move|p1a: Keldeo|Scald|p2a: The Red Terror
|-supereffective|p2a: The Red Terror
|-damage|p2a: The Red Terror|0 fnt
|faint|p2a: The Red Terror
|
|-heal|p1a: Keldeo|323\/323|[from] item: Leftovers
|
|switch|p2a: Lil Cuzzin Terio|Azumarill, M, shiny|346\/403
|turn|28
|
|switch|p1a: Gengar|Gengar, F|268\/268
|move|p2a: Lil Cuzzin Terio|Play Rough|p1a: Gengar
|-resisted|p1a: Gengar
|-damage|p1a: Gengar|131\/268
|
|-heal|p1a: Gengar|147\/268|[from] item: Black Sludge
|turn|29
|
|switch|p2a: Siberia|Kyurem-Black, shiny|314\/389 par
|-ability|p2a: Siberia|Teravolt
|move|p1a: Gengar|Will-O-Wisp|p2a: Siberia
|-fail|p2a: Siberia
|
|-heal|p1a: Gengar|163\/268|[from] item: Black Sludge
|turn|30
|
|switch|p1a: Slowbro|Slowbro, F|341\/393
|move|p2a: Siberia|Earth Power|p1a: Slowbro
|-damage|p1a: Slowbro|158\/393
|-damage|p2a: Siberia|276\/389 par|[from] item: Life Orb
|
|turn|31
|
|switch|p1a: Latios|Latios, M|302\/302
|move|p2a: Siberia|Earth Power|p1a: Latios
|-damage|p1a: Latios|180\/302
|-damage|p2a: Siberia|238\/389 par|[from] item: Life Orb
|
|turn|32
|
|switch|p1a: Keldeo|Keldeo, shiny|323\/323
|switch|p2a: Father Lenin|Scizor, F|343\/343
|
|turn|33
|
|switch|p2a: Lil Cuzzin Terio|Azumarill, M, shiny|346\/403
|move|p1a: Keldeo|Scald|p2a: Lil Cuzzin Terio
|-resisted|p2a: Lil Cuzzin Terio
|-damage|p2a: Lil Cuzzin Terio|288\/403
|-status|p2a: Lil Cuzzin Terio|brn
|
|-damage|p2a: Lil Cuzzin Terio|238\/403 brn|[from] brn
|turn|34
|
|switch|p2a: Trotsky|Latios, M|154\/299
|move|p1a: Keldeo|Substitute|p1a: Keldeo
|-start|p1a: Keldeo|Substitute
|-damage|p1a: Keldeo|243\/323
|
|-heal|p1a: Keldeo|263\/323|[from] item: Leftovers
|turn|35
|
|move|p2a: Trotsky|Psychic|p1a: Keldeo
|-crit|p1a: Keldeo
|-supereffective|p1a: Keldeo
|-end|p1a: Keldeo|Substitute
|-damage|p2a: Trotsky|125\/299|[from] item: Life Orb
|move|p1a: Keldeo|Scald|p2a: Trotsky
|-resisted|p2a: Trotsky
|-damage|p2a: Trotsky|62\/299
|
|-heal|p1a: Keldeo|283\/323|[from] item: Leftovers
|turn|36
|
|switch|p1a: Slowbro|Slowbro, F|289\/393
|move|p2a: Trotsky|Draco Meteor|p1a: Slowbro
|-damage|p1a: Slowbro|0 fnt
|-unboost|p2a: Trotsky|spa|2
|-damage|p2a: Trotsky|33\/299|[from] item: Life Orb
|faint|p1a: Slowbro
|
|
|switch|p1a: Latios|Latios, M|180\/302
|turn|37
|
|move|p1a: Latios|Roost|p1a: Latios
|-heal|p1a: Latios|302\/302
|move|p2a: Trotsky|Draco Meteor|p1a: Latios
|-supereffective|p1a: Latios
|-damage|p1a: Latios|37\/302
|-unboost|p2a: Trotsky|spa|2
|-damage|p2a: Trotsky|4\/299|[from] item: Life Orb
|
|turn|38
|
|move|p1a: Latios|Roost|p1a: Latios
|-heal|p1a: Latios|188\/302
|move|p2a: Trotsky|Draco Meteor|p1a: Latios
|-supereffective|p1a: Latios
|-damage|p1a: Latios|9\/302
|-unboost|p2a: Trotsky|spa|2
|-damage|p2a: Trotsky|0 fnt|[from] item: Life Orb
|faint|p2a: Trotsky
|
|
|switch|p2a: Lil Cuzzin Terio|Azumarill, M, shiny|238\/403 brn
|turn|39
|
|switch|p1a: Gengar|Gengar, F|163\/268
|move|p2a: Lil Cuzzin Terio|Aqua Jet|p1a: Gengar
|-damage|p1a: Gengar|100\/268
|
|-heal|p1a: Gengar|116\/268|[from] item: Black Sludge
|-damage|p2a: Lil Cuzzin Terio|188\/403 brn|[from] brn
|turn|40
|
|move|p1a: Gengar|Substitute|p1a: Gengar
|-start|p1a: Gengar|Substitute
|-damage|p1a: Gengar|49\/268
|move|p2a: Lil Cuzzin Terio|Knock Off|p1a: Gengar
|-supereffective|p1a: Gengar
|-end|p1a: Gengar|Substitute
|
|-heal|p1a: Gengar|65\/268|[from] item: Black Sludge
|-damage|p2a: Lil Cuzzin Terio|138\/403 brn|[from] brn
|turn|41
|
|move|p2a: Lil Cuzzin Terio|Aqua Jet|p1a: Gengar
|-damage|p1a: Gengar|0 fnt
|faint|p1a: Gengar
|
|-damage|p2a: Lil Cuzzin Terio|88\/403 brn|[from] brn
|
|switch|p1a: Keldeo|Keldeo, shiny|283\/323
|turn|42
|
|move|p1a: Keldeo|Substitute|p1a: Keldeo
|-start|p1a: Keldeo|Substitute
|-damage|p1a: Keldeo|203\/323
|move|p2a: Lil Cuzzin Terio|Play Rough|p1a: Keldeo
|-crit|p1a: Keldeo
|-supereffective|p1a: Keldeo
|-end|p1a: Keldeo|Substitute
|
|-heal|p1a: Keldeo|223\/323|[from] item: Leftovers
|-damage|p2a: Lil Cuzzin Terio|38\/403 brn|[from] brn
|turn|43
|
|move|p1a: Keldeo|Scald|p2a: Lil Cuzzin Terio
|-resisted|p2a: Lil Cuzzin Terio
|-damage|p2a: Lil Cuzzin Terio|0 fnt
|faint|p2a: Lil Cuzzin Terio
|
|-heal|p1a: Keldeo|243\/323|[from] item: Leftovers
|
|switch|p2a: Father Lenin|Scizor, F|343\/343
|turn|44
|
|detailschange|p2a: Father Lenin|Scizor-Mega, F
|message|Scizor has Mega Evolved into Mega Scizor!
|move|p1a: Keldeo|Scald|p2a: Father Lenin
|-damage|p2a: Father Lenin|225\/343
|-status|p2a: Father Lenin|brn
|move|p2a: Father Lenin|Swords Dance|p2a: Father Lenin
|-boost|p2a: Father Lenin|atk|2
|
|-heal|p1a: Keldeo|263\/323|[from] item: Leftovers
|-damage|p2a: Father Lenin|183\/343 brn|[from] brn
|turn|45
|leave|Gizmozian
|join|Gizmozian
|
|move|p1a: Keldeo|Calm Mind|p1a: Keldeo
|-boost|p1a: Keldeo|spa|1
|-boost|p1a: Keldeo|spd|1
|move|p2a: Father Lenin|Roost|p2a: Father Lenin
|-heal|p2a: Father Lenin|343\/343 brn
|
|-heal|p1a: Keldeo|283\/323|[from] item: Leftovers
|-damage|p2a: Father Lenin|301\/343 brn|[from] brn
|turn|46
|join|TheLaughingCats
|-message|Robert Edward Lee forfeited.
|
|win|hj regicide
|raw|Ladder updating...
|leave|Robert Edward Lee
|player|p2
|raw|hj regicide's rating: 1743 &rarr; <strong>1764<\/strong><br \/>(+21 for winning)
|raw|Robert Edward Lee's rating: 1748 &rarr; <strong>1728<\/strong><br \/>(-20 for losing)
|chat|TheLaughingCats|both of u suck
|chat|TheLaughingCats|js
|leave|Gizmozian