|join|lil manaphy
|join|Robert Edward Lee
|player|p1|lil manaphy|37
|player|p2|Robert Edward Lee|214
|gametype|singles
|gen|6
|tier|OU
|rated
|clearpoke
|poke|p1|Medicham, F
|poke|p1|Gothitelle, M
|poke|p1|Rotom-Wash
|poke|p1|Landorus-Therian, M
|poke|p1|Heatran, F
|poke|p1|Sylveon, M
|poke|p2|Azumarill, M
|poke|p2|Heatran, M
|poke|p2|Mamoswine, F
|poke|p2|Latios, M
|poke|p2|Heracross, F
|poke|p2|Thundurus, M
|rule|Swagger Clause: Swagger is banned
|rule|Baton Pass Clause: Limit one PokÃ©mon knowing Baton Pass
|rule|Sleep Clause Mod: Limit one foe put to sleep
|rule|Species Clause: Limit one of each PokÃ©mon
|rule|OHKO Clause: OHKO moves are banned
|rule|Moody Clause: Moody is banned
|rule|Evasion Moves Clause: Evasion moves are banned
|rule|Endless Battle Clause: Forcing endless battles is banned
|rule|HP Percentage Mod: HP is shown in percentages
|teampreview
|c|âRobert Edward Lee|gl hf
|
|start
|switch|p1a: baptism|Gothitelle, M|301\/301
|switch|p2a: Thundurus|Thundurus, M|299\/299
|turn|1
|
|move|p1a: baptism|Psychic|p2a: Thundurus
|-damage|p2a: Thundurus|152\/299
|move|p2a: Thundurus|Thunderbolt|p1a: baptism
|-damage|p1a: baptism|105\/301
|-damage|p2a: Thundurus|123\/299|[from] item: Life Orb
|
|turn|2
|
|move|p1a: baptism|Psychic|p2a: Thundurus
|-damage|p2a: Thundurus|0 fnt
|faint|p2a: Thundurus
|
|
|switch|p2a: The Red Terror|Heatran, M|362\/362
|-item|p2a: The Red Terror|Air Balloon
|turn|3
|
|switch|p1a: wrath of god|Landorus-Therian, M|382\/382
|-ability|p1a: wrath of god|Intimidate|[of] p2a: The Red Terror
|-unboost|p2a: The Red Terror|atk|1
|move|p2a: The Red Terror|Stealth Rock|p1a: wrath of god
|-sidestart|p1: lil manaphy|move: Stealth Rock
|
|turn|4
|
|move|p2a: The Red Terror|Fire Blast|p1a: wrath of god
|-crit|p1a: wrath of god
|-damage|p1a: wrath of god|34\/382
|move|p1a: wrath of god|Stealth Rock|p2a: The Red Terror
|-sidestart|p2: Robert Edward Lee|move: Stealth Rock
|
|-heal|p1a: wrath of god|57\/382|[from] item: Leftovers
|turn|5
|
|switch|p1a: baptism|Gothitelle, M|105\/301
|-damage|p1a: baptism|68\/301|[from] Stealth Rock
|move|p2a: The Red Terror|Fire Blast|p1a: baptism
|-damage|p1a: baptism|0 fnt
|faint|p1a: baptism
|
|
|switch|p1a: crimewave|Medicham, F|261\/261
|-damage|p1a: crimewave|245\/261|[from] Stealth Rock
|turn|6
|
|detailschange|p1a: crimewave|Medicham-Mega, F
|message|Medicham has Mega Evolved into Mega Medicham!
|move|p1a: crimewave|Drain Punch|p2a: The Red Terror
|-supereffective|p2a: The Red Terror
|-damage|p2a: The Red Terror|0 fnt
|-heal|p1a: crimewave|261\/261|[from] drain|[of] p2a: The Red Terror
|-enditem|p2a: The Red Terror|Air Balloon
|faint|p2a: The Red Terror
|
|
|switch|p2a: Latios|Latios, M|299\/299
|-damage|p2a: Latios|262\/299|[from] Stealth Rock
|turn|7
|
|switch|p2a: Dovahkiin|Azumarill, M|401\/401
|-damage|p2a: Dovahkiin|351\/401|[from] Stealth Rock
|switch|p1a: sad eyes|Heatran, F|386\/386
|-damage|p1a: sad eyes|338\/386|[from] Stealth Rock
|
|-heal|p1a: sad eyes|362\/386|[from] item: Leftovers
|turn|8
|
|switch|p1a: pale|Rotom-Wash|303\/303
|-damage|p1a: pale|266\/303|[from] Stealth Rock
|move|p2a: Dovahkiin|Waterfall|p1a: pale
|-resisted|p1a: pale
|-damage|p1a: pale|203\/303
|
|-heal|p1a: pale|221\/303|[from] item: Leftovers
|turn|9
|
|switch|p2a: Latios|Latios, M|262\/299
|-damage|p2a: Latios|225\/299|[from] Stealth Rock
|move|p1a: pale|Volt Switch|p2a: Latios
|-resisted|p2a: Latios
|-damage|p2a: Latios|185\/299
|
|switch|p1a: transgender|Sylveon, M|394\/394
|-damage|p1a: transgender|345\/394|[from] Stealth Rock
|
|-heal|p1a: transgender|369\/394|[from] item: Leftovers
|turn|10
|
|move|p2a: Latios|Psychic|p1a: transgender
|-damage|p1a: transgender|213\/394
|-damage|p2a: Latios|156\/299|[from] item: Life Orb
|move|p1a: transgender|Hyper Voice|p2a: Latios
|-supereffective|p2a: Latios
|-damage|p2a: Latios|0 fnt
|faint|p2a: Latios
|
|-heal|p1a: transgender|237\/394|[from] item: Leftovers
|
|switch|p2a: Trotsky|Heracross, F|308\/308
|-damage|p2a: Trotsky|270\/308|[from] Stealth Rock
|turn|11
|
|switch|p1a: wrath of god|Landorus-Therian, M|57\/382
|-damage|p1a: wrath of god|10\/382|[from] Stealth Rock
|-ability|p1a: wrath of god|Intimidate|[of] p2a: Trotsky
|-unboost|p2a: Trotsky|atk|1
|detailschange|p2a: Trotsky|Heracross-Mega, F
|message|Heracross has Mega Evolved into Mega Heracross!
|move|p2a: Trotsky|Bullet Seed|p1a: wrath of god
|-damage|p1a: wrath of god|0 fnt
|-hitcount|p1a: wrath of god|1
|faint|p1a: wrath of god
|
|
|switch|p1a: crimewave|Medicham-Mega, F|261\/261
|-damage|p1a: crimewave|245\/261|[from] Stealth Rock
|turn|12
|
|move|p1a: crimewave|Zen Headbutt|p2a: Trotsky
|-supereffective|p2a: Trotsky
|-damage|p2a: Trotsky|0 fnt
|faint|p2a: Trotsky
|
|
|switch|p2a: Dovahkiin|Azumarill, M|351\/401
|-damage|p2a: Dovahkiin|301\/401|[from] Stealth Rock
|turn|13
|c|âRobert Edward Lee|gg
|
|move|p1a: crimewave|Zen Headbutt|p2a: Dovahkiin
|-damage|p2a: Dovahkiin|0 fnt
|faint|p2a: Dovahkiin
|
|c|âlil manaphy|gg
|-message|Robert Edward Lee forfeited.
|
|win|lil manaphy
|raw|Ladder updating...
|raw|lil manaphy's rating: 1893 &rarr; <strong>1902<\/strong><br \/>(+9 for winning)
|raw|Robert Edward Lee's rating: 1678 &rarr; <strong>1669<\/strong><br \/>(-9 for losing)