|join|haterss gonna hate
|join|Robert Edward Lee
|player|p1|haterss gonna hate|289
|player|p2|Robert Edward Lee|214
|gametype|singles
|gen|6
|tier|OU
|rated
|clearpoke
|poke|p1|Bisharp, F
|poke|p1|Venusaur, M
|poke|p1|Heatran, M
|poke|p1|Keldeo
|poke|p1|Chansey, F
|poke|p1|Skarmory, M
|poke|p2|Medicham, M, shiny
|poke|p2|Ferrothorn, M
|poke|p2|Rotom-Wash
|poke|p2|Latios, M
|poke|p2|Tyranitar, F
|poke|p2|Gengar, F, shiny
|rule|Swagger Clause: Swagger is banned
|rule|Baton Pass Clause: Limit one PokÃ©mon knowing Baton Pass
|rule|Sleep Clause Mod: Limit one foe put to sleep
|rule|Species Clause: Limit one of each PokÃ©mon
|rule|OHKO Clause: OHKO moves are banned
|rule|Moody Clause: Moody is banned
|rule|Evasion Moves Clause: Evasion moves are banned
|rule|Endless Battle Clause: Forcing endless battles is banned
|rule|HP Percentage Mod: HP is shown in percentages
|teampreview
|c|âRobert Edward Lee|gl hf
|
|start
|switch|p1a: Heatran|Heatran, M|340\/340
|switch|p2a: Rotom-Wash|Rotom-Wash|304\/304
|-item|p1a: Heatran|Air Balloon
|turn|1
|
|move|p1a: Heatran|Stealth Rock|p2a: Rotom-Wash
|-sidestart|p2: Robert Edward Lee|move: Stealth Rock
|move|p2a: Rotom-Wash|Hydro Pump|p1a: Heatran|[miss]
|-miss|p2a: Rotom-Wash|p1a: Heatran
|
|turn|2
|
|move|p1a: Heatran|Toxic|p2a: Rotom-Wash
|-status|p2a: Rotom-Wash|tox
|move|p2a: Rotom-Wash|Hydro Pump|p1a: Heatran
|-crit|p1a: Heatran
|-supereffective|p1a: Heatran
|-damage|p1a: Heatran|0 fnt
|-enditem|p1a: Heatran|Air Balloon
|faint|p1a: Heatran
|
|-damage|p2a: Rotom-Wash|285\/304 tox|[from] psn
|
|switch|p1a: Venusaur|Venusaur, M|364\/364
|turn|3
|
|switch|p2a: Ferrothorn|Ferrothorn, M|352\/352
|-damage|p2a: Ferrothorn|330\/352|[from] Stealth Rock
|detailschange|p1a: Venusaur|Venusaur-Mega, M
|message|Venusaur has Mega Evolved into Mega Venusaur!
|move|p1a: Venusaur|Leech Seed|p2a: Ferrothorn
|-immune|p2a: Ferrothorn|[msg]
|
|-heal|p2a: Ferrothorn|352\/352|[from] item: Leftovers
|turn|4
|
|switch|p2a: Rotom-Wash|Rotom-Wash|285\/304 tox
|-damage|p2a: Rotom-Wash|247\/304 tox|[from] Stealth Rock
|move|p1a: Venusaur|Hidden Power|p2a: Rotom-Wash
|-resisted|p2a: Rotom-Wash
|-damage|p2a: Rotom-Wash|221\/304 tox
|
|-damage|p2a: Rotom-Wash|202\/304 tox|[from] psn
|turn|5
|
|switch|p2a: Latios|Latios, M|299\/299
|-damage|p2a: Latios|262\/299|[from] Stealth Rock
|move|p1a: Venusaur|Giga Drain|p2a: Latios
|-resisted|p2a: Latios
|-damage|p2a: Latios|213\/299
|
|turn|6
|
|switch|p2a: Medicham|Medicham, M, shiny|261\/261
|-damage|p2a: Medicham|245\/261|[from] Stealth Rock
|switch|p1a: Bisharp|Bisharp, F|334\/334
|
|turn|7
|
|switch|p1a: Skarmory|Skarmory, M|334\/334
|detailschange|p2a: Medicham|Medicham-Mega, M, shiny
|message|Medicham has Mega Evolved into Mega Medicham!
|move|p2a: Medicham|High Jump Kick|p1a: Skarmory
|-damage|p1a: Skarmory|67\/334
|-damage|p2a: Medicham|202\/261|[from] item: Rocky Helmet|[of] p1a: Skarmory
|
|turn|8
|
|move|p2a: Medicham|Thunder Punch|p1a: Skarmory
|-supereffective|p1a: Skarmory
|-damage|p1a: Skarmory|0 fnt
|-damage|p2a: Medicham|159\/261|[from] item: Rocky Helmet|[of] p1a: Skarmory
|faint|p1a: Skarmory
|
|
|switch|p1a: Keldeo|Keldeo|323\/323
|turn|9
|
|switch|p1a: Bisharp|Bisharp, F|334\/334
|switch|p2a: Latios|Latios, M|213\/299
|-damage|p2a: Latios|176\/299|[from] Stealth Rock
|
|turn|10
|
|move|p2a: Latios|Hidden Power|p1a: Bisharp
|-supereffective|p1a: Bisharp
|-damage|p1a: Bisharp|77\/334
|-damage|p2a: Latios|147\/299|[from] item: Life Orb
|move|p1a: Bisharp|Swords Dance|p1a: Bisharp
|-boost|p1a: Bisharp|atk|2
|
|-heal|p1a: Bisharp|97\/334|[from] item: Leftovers
|turn|11
|
|move|p1a: Bisharp|Sucker Punch|p2a: Latios
|-fail|p2a: Latios
|move|p2a: Latios|Defog|p1a: Bisharp
|-unboost|p1a: Bisharp|evasion|1
|-boost|p1a: Bisharp|atk|2|[from] ability: Defiant
|-sideend|p2: Robert Edward Lee|Stealth Rock|[from] move: Defog|[of] p2a: Latios
|
|-heal|p1a: Bisharp|117\/334|[from] item: Leftovers
|turn|12
|
|move|p1a: Bisharp|Sucker Punch|p2a: Latios
|-supereffective|p2a: Latios
|-damage|p2a: Latios|0 fnt
|faint|p2a: Latios
|
|-heal|p1a: Bisharp|137\/334|[from] item: Leftovers
|
|switch|p2a: Tyranitar|Tyranitar, F|341\/341
|-weather|Sandstorm
|turn|13
|
|switch|p1a: Venusaur|Venusaur-Mega, M|364\/364
|move|p2a: Tyranitar|Superpower|p1a: Venusaur
|-resisted|p1a: Venusaur
|-damage|p1a: Venusaur|317\/364
|-unboost|p2a: Tyranitar|atk|1
|-unboost|p2a: Tyranitar|def|1
|
|-weather|Sandstorm|[upkeep]
|-damage|p1a: Venusaur|295\/364|[from] sandstorm
|turn|14
|
|switch|p2a: Ferrothorn|Ferrothorn, M|352\/352
|move|p1a: Venusaur|Hidden Power|p2a: Ferrothorn
|-supereffective|p2a: Ferrothorn
|-damage|p2a: Ferrothorn|156\/352
|
|-weather|Sandstorm|[upkeep]
|-damage|p1a: Venusaur|273\/364|[from] sandstorm
|-heal|p2a: Ferrothorn|178\/352|[from] item: Leftovers
|turn|15
|
|switch|p2a: Gengar|Gengar, F, shiny|259\/259
|move|p1a: Venusaur|Leech Seed|p2a: Gengar
|-start|p2a: Gengar|move: Leech Seed
|
|-weather|Sandstorm|[upkeep]
|-damage|p2a: Gengar|243\/259|[from] sandstorm
|-damage|p1a: Venusaur|251\/364|[from] sandstorm
|-damage|p2a: Gengar|211\/259|[from] Leech Seed|[of] p1a: Venusaur
|-heal|p1a: Venusaur|283\/364|[silent]
|turn|16
|
|switch|p2a: Ferrothorn|Ferrothorn, M|178\/352
|move|p1a: Venusaur|Hidden Power|p2a: Ferrothorn
|-crit|p2a: Ferrothorn
|-supereffective|p2a: Ferrothorn
|-damage|p2a: Ferrothorn|0 fnt
|faint|p2a: Ferrothorn
|
|-weather|Sandstorm|[upkeep]
|-damage|p1a: Venusaur|261\/364|[from] sandstorm
|
|switch|p2a: Gengar|Gengar, F, shiny|211\/259
|turn|17
|
|switch|p1a: Bisharp|Bisharp, F|137\/334
|move|p2a: Gengar|Taunt|p1a: Bisharp
|-start|p1a: Bisharp|move: Taunt
|
|-weather|none
|-heal|p1a: Bisharp|157\/334|[from] item: Leftovers
|turn|18
|
|move|p2a: Gengar|Focus Blast|p1a: Bisharp|[miss]
|-miss|p2a: Gengar|p1a: Bisharp
|move|p1a: Bisharp|Knock Off|p2a: Gengar
|-supereffective|p2a: Gengar
|-damage|p2a: Gengar|0 fnt
|-enditem|p2a: Gengar|Life Orb|[from] move: Knock Off|[of] p1a: Bisharp
|faint|p2a: Gengar
|
|-heal|p1a: Bisharp|177\/334|[from] item: Leftovers
|c|âRobert Edward Lee|wow
|
|switch|p2a: Tyranitar|Tyranitar, F|341\/341
|-weather|Sandstorm
|turn|19
|
|switch|p2a: Medicham|Medicham-Mega, M, shiny|159\/261
|switch|p1a: Chansey|Chansey, F|684\/684
|
|-weather|Sandstorm|[upkeep]
|-damage|p2a: Medicham|143\/261|[from] sandstorm
|-damage|p1a: Chansey|642\/684|[from] sandstorm
|turn|20
|
|move|p2a: Medicham|High Jump Kick|p1a: Chansey
|-supereffective|p1a: Chansey
|-damage|p1a: Chansey|0 fnt
|faint|p1a: Chansey
|
|-weather|Sandstorm|[upkeep]
|-damage|p2a: Medicham|127\/261|[from] sandstorm
|
|switch|p1a: Keldeo|Keldeo|323\/323
|turn|21
|
|move|p1a: Keldeo|Secret Sword|p2a: Medicham
|-resisted|p2a: Medicham
|-damage|p2a: Medicham|43\/261
|move|p2a: Medicham|Thunder Punch|p1a: Keldeo
|-supereffective|p1a: Keldeo
|-damage|p1a: Keldeo|13\/323
|
|-weather|Sandstorm|[upkeep]
|-damage|p1a: Keldeo|0 fnt|[from] sandstorm
|-damage|p2a: Medicham|27\/261|[from] sandstorm
|faint|p1a: Keldeo
|
|switch|p1a: Bisharp|Bisharp, F|177\/334
|turn|22
|
|move|p1a: Bisharp|Sucker Punch|p2a: Medicham
|-damage|p2a: Medicham|0 fnt
|faint|p2a: Medicham
|
|-weather|Sandstorm|[upkeep]
|-heal|p1a: Bisharp|197\/334|[from] item: Leftovers
|
|switch|p2a: Rotom-Wash|Rotom-Wash|202\/304 tox
|turn|23
|
|move|p2a: Rotom-Wash|Will-O-Wisp|p1a: Bisharp
|-status|p1a: Bisharp|brn
|move|p1a: Bisharp|Knock Off|p2a: Rotom-Wash
|-damage|p2a: Rotom-Wash|141\/304 tox
|-enditem|p2a: Rotom-Wash|Chesto Berry|[from] move: Knock Off|[of] p1a: Bisharp
|
|-weather|none
|-heal|p1a: Bisharp|217\/334 brn|[from] item: Leftovers
|-damage|p2a: Rotom-Wash|122\/304 tox|[from] psn
|-damage|p1a: Bisharp|176\/334 brn|[from] brn
|turn|24
|
|move|p1a: Bisharp|Sucker Punch|p2a: Rotom-Wash
|-fail|p2a: Rotom-Wash
|move|p2a: Rotom-Wash|Rest|p2a: Rotom-Wash
|-status|p2a: Rotom-Wash|slp
|-heal|p2a: Rotom-Wash|304\/304 slp|[silent]
|-status|p2a: Rotom-Wash|slp|[from] move: Rest
|
|-heal|p1a: Bisharp|196\/334 brn|[from] item: Leftovers
|-damage|p1a: Bisharp|155\/334 brn|[from] brn
|turn|25
|
|switch|p1a: Venusaur|Venusaur-Mega, M|261\/364
|cant|p2a: Rotom-Wash|slp
|
|turn|26
|
|cant|p2a: Rotom-Wash|slp
|move|p1a: Venusaur|Giga Drain|p2a: Rotom-Wash
|-supereffective|p2a: Rotom-Wash
|-damage|p2a: Rotom-Wash|94\/304 slp
|-heal|p1a: Venusaur|364\/364|[from] drain|[of] p2a: Rotom-Wash
|
|turn|27
|
|-curestatus|p2a: Rotom-Wash|slp
|move|p2a: Rotom-Wash|Volt Switch|p1a: Venusaur
|-resisted|p1a: Venusaur
|-damage|p1a: Venusaur|328\/364
|
|switch|p2a: Tyranitar|Tyranitar, F|341\/341
|-weather|Sandstorm
|move|p1a: Venusaur|Giga Drain|p2a: Tyranitar
|-supereffective|p2a: Tyranitar
|-damage|p2a: Tyranitar|197\/341
|-heal|p1a: Venusaur|364\/364|[from] drain|[of] p2a: Tyranitar
|
|-weather|Sandstorm|[upkeep]
|-damage|p1a: Venusaur|342\/364|[from] sandstorm
|turn|28
|
|move|p2a: Tyranitar|Stone Edge|p1a: Venusaur|[miss]
|-miss|p2a: Tyranitar|p1a: Venusaur
|move|p1a: Venusaur|Giga Drain|p2a: Tyranitar
|-supereffective|p2a: Tyranitar
|-damage|p2a: Tyranitar|63\/341
|-heal|p1a: Venusaur|364\/364|[from] drain|[of] p2a: Tyranitar
|
|-weather|Sandstorm|[upkeep]
|-damage|p1a: Venusaur|342\/364|[from] sandstorm
|turn|29
|c|âRobert Edward Lee|fkn gengar
|c|âRobert Edward Lee|o wow
|-message|Robert Edward Lee forfeited.
|
|win|haterss gonna hate
|raw|Ladder updating...
|leave|Robert Edward Lee
|player|p2
|raw|haterss gonna hate's rating: 1855 &rarr; <strong>1874<\/strong><br \/>(+19 for winning)
|raw|Robert Edward Lee's rating: 1836 &rarr; <strong>1817<\/strong><br \/>(-19 for losing)