|join|Hogback_fosh_men
|join|Robert Edward Lee
|player|p1|Hogback_fosh_men|1
|player|p2|Robert Edward Lee|214
|gametype|singles
|gen|6
|tier|OU
|rated
|clearpoke
|poke|p1|Gardevoir, F
|poke|p1|Conkeldurr, M, shiny
|poke|p1|Ferrothorn, F
|poke|p1|Rotom-Wash
|poke|p1|Heatran, M
|poke|p1|Landorus, M
|poke|p2|Azumarill, M
|poke|p2|Heatran, F
|poke|p2|Mamoswine, M
|poke|p2|Latios, M
|poke|p2|Heracross, M
|poke|p2|Thundurus, M
|rule|Swagger Clause: Swagger is banned
|rule|Baton Pass Clause: Limit one PokÃ©mon knowing Baton Pass
|rule|Sleep Clause Mod: Limit one foe put to sleep
|rule|Species Clause: Limit one of each PokÃ©mon
|rule|OHKO Clause: OHKO moves are banned
|rule|Moody Clause: Moody is banned
|rule|Evasion Moves Clause: Evasion moves are banned
|rule|Endless Battle Clause: Forcing endless battles is banned
|rule|HP Percentage Mod: HP is shown in percentages
|teampreview
|
|start
|switch|p1a: Heatran|Heatran, M|324\/324
|switch|p2a: Latios|Latios, M|299\/299
|turn|1
|
|switch|p2a: Dovahkiin|Azumarill, M|401\/401
|move|p1a: Heatran|Lava Plume|p2a: Dovahkiin
|-resisted|p2a: Dovahkiin
|-damage|p2a: Dovahkiin|344\/401
|
|turn|2
|
|switch|p1a: Ferrothorn|Ferrothorn, F|352\/352
|switch|p2a: The Red Terror|Heatran, F|362\/362
|-item|p2a: The Red Terror|Air Balloon
|
|turn|3
|
|switch|p1a: UncleRucus|Conkeldurr, M, shiny|402\/402
|move|p2a: The Red Terror|Stealth Rock|p1a: UncleRucus
|-sidestart|p1: Hogback_fosh_men|move: Stealth Rock
|
|turn|4
|
|switch|p2a: Dovahkiin|Azumarill, M|344\/401
|move|p1a: UncleRucus|Knock Off|p2a: Dovahkiin
|-resisted|p2a: Dovahkiin
|-damage|p2a: Dovahkiin|259\/401
|-enditem|p2a: Dovahkiin|Assault Vest|[from] move: Knock Off|[of] p1a: UncleRucus
|
|turn|5
|
|switch|p2a: Trotsky|Heracross, M|308\/308
|switch|p1a: Ferrothorn|Ferrothorn, F|352\/352
|-damage|p1a: Ferrothorn|330\/352|[from] Stealth Rock
|
|turn|6
|
|switch|p1a: StrongLikeLando|Landorus, M|320\/320
|-damage|p1a: StrongLikeLando|280\/320|[from] Stealth Rock
|detailschange|p2a: Trotsky|Heracross-Mega, M
|message|Heracross has Mega Evolved into Mega Heracross!
|move|p2a: Trotsky|Bullet Seed|p1a: StrongLikeLando
|-damage|p1a: StrongLikeLando|235\/320
|-damage|p1a: StrongLikeLando|187\/320
|-damage|p1a: StrongLikeLando|140\/320
|-damage|p1a: StrongLikeLando|94\/320
|-damage|p1a: StrongLikeLando|42\/320
|-hitcount|p1a: StrongLikeLando|5
|
|turn|7
|
|switch|p2a: Latios|Latios, M|299\/299
|move|p1a: StrongLikeLando|Psychic|p2a: Latios
|-resisted|p2a: Latios
|-damage|p2a: Latios|220\/299
|
|turn|8
|
|switch|p1a: Ferrothorn|Ferrothorn, F|330\/352
|-damage|p1a: Ferrothorn|308\/352|[from] Stealth Rock
|move|p2a: Latios|Psychic|p1a: Ferrothorn
|-resisted|p1a: Ferrothorn
|-damage|p1a: Ferrothorn|230\/352
|-damage|p2a: Latios|191\/299|[from] item: Life Orb
|
|turn|9
|
|move|p2a: Latios|Hidden Power|p1a: Ferrothorn
|-supereffective|p1a: Ferrothorn
|-damage|p1a: Ferrothorn|0 fnt
|-damage|p2a: Latios|162\/299|[from] item: Life Orb
|faint|p1a: Ferrothorn
|
|
|switch|p1a: Gardevoir|Gardevoir, F|278\/278
|-damage|p1a: Gardevoir|244\/278|[from] Stealth Rock
|-ability|p1a: Gardevoir|Levitate|[from] ability: Trace|[of] p2a: Latios
|turn|10
|
|switch|p2a: The Red Terror|Heatran, F|362\/362
|-item|p2a: The Red Terror|Air Balloon
|detailschange|p1a: Gardevoir|Gardevoir-Mega, F
|message|Gardevoir has Mega Evolved into Mega Gardevoir!
|move|p1a: Gardevoir|Hyper Voice|p2a: The Red Terror
|-resisted|p2a: The Red Terror
|-damage|p2a: The Red Terror|300\/362
|-enditem|p2a: The Red Terror|Air Balloon
|
|turn|11
|
|move|p1a: Gardevoir|Focus Blast|p2a: The Red Terror|[miss]
|-miss|p1a: Gardevoir|p2a: The Red Terror
|move|p2a: The Red Terror|Fire Blast|p1a: Gardevoir
|-damage|p1a: Gardevoir|99\/278
|
|turn|12
|
|move|p1a: Gardevoir|Focus Blast|p2a: The Red Terror
|-supereffective|p2a: The Red Terror
|-damage|p2a: The Red Terror|0 fnt
|faint|p2a: The Red Terror
|
|
|switch|p2a: Thundurus|Thundurus, M|299\/299
|turn|13
|
|switch|p1a: StrongLikeLando|Landorus, M|42\/320
|-damage|p1a: StrongLikeLando|2\/320|[from] Stealth Rock
|move|p2a: Thundurus|Thunderbolt|p1a: StrongLikeLando
|-immune|p1a: StrongLikeLando|[msg]
|
|turn|14
|
|move|p2a: Thundurus|Hidden Power|p1a: StrongLikeLando
|-supereffective|p1a: StrongLikeLando
|-damage|p1a: StrongLikeLando|0 fnt
|-damage|p2a: Thundurus|270\/299|[from] item: Life Orb
|faint|p1a: StrongLikeLando
|
|
|switch|p1a: UncleRucus|Conkeldurr, M, shiny|402\/402
|-damage|p1a: UncleRucus|377\/402|[from] Stealth Rock
|turn|15
|
|switch|p2a: Dovahkiin|Azumarill, M|259\/401
|move|p1a: UncleRucus|Drain Punch|p2a: Dovahkiin
|-resisted|p2a: Dovahkiin
|-damage|p2a: Dovahkiin|163\/401
|-heal|p1a: UncleRucus|402\/402|[from] drain|[of] p2a: Dovahkiin
|
|turn|16
|
|switch|p1a: Heatran|Heatran, M|324\/324
|-damage|p1a: Heatran|284\/324|[from] Stealth Rock
|move|p2a: Dovahkiin|Play Rough|p1a: Heatran
|-resisted|p1a: Heatran
|-damage|p1a: Heatran|236\/324
|
|-heal|p1a: Heatran|256\/324|[from] item: Leftovers
|turn|17
|
|move|p1a: Heatran|Flash Cannon|p2a: Dovahkiin
|-damage|p2a: Dovahkiin|0 fnt
|faint|p2a: Dovahkiin
|
|-heal|p1a: Heatran|276\/324|[from] item: Leftovers
|
|switch|p2a: Trotsky|Heracross-Mega, M|308\/308
|turn|18
|
|move|p1a: Heatran|Lava Plume|p2a: Trotsky
|-supereffective|p2a: Trotsky
|-damage|p2a: Trotsky|48\/308
|move|p2a: Trotsky|Close Combat|p1a: Heatran
|-supereffective|p1a: Heatran
|-damage|p1a: Heatran|0 fnt
|-unboost|p2a: Trotsky|def|1
|-unboost|p2a: Trotsky|spd|1
|faint|p1a: Heatran
|
|
|switch|p1a: Rotom-Wash|Rotom-Wash|242\/242
|-damage|p1a: Rotom-Wash|212\/242|[from] Stealth Rock
|turn|19
|
|move|p1a: Rotom-Wash|Volt Switch|p2a: Trotsky
|-crit|p2a: Trotsky
|-damage|p2a: Trotsky|0 fnt
|faint|p2a: Trotsky
|
|switch|p1a: UncleRucus|Conkeldurr, M, shiny|402\/402
|-damage|p1a: UncleRucus|377\/402|[from] Stealth Rock
|
|
|switch|p2a: Latios|Latios, M|162\/299
|turn|20
|
|move|p2a: Latios|Psychic|p1a: UncleRucus
|-supereffective|p1a: UncleRucus
|-damage|p1a: UncleRucus|8\/402
|-damage|p2a: Latios|133\/299|[from] item: Life Orb
|move|p1a: UncleRucus|Ice Punch|p2a: Latios
|-supereffective|p2a: Latios
|-damage|p2a: Latios|0 fnt
|faint|p2a: Latios
|
|
|switch|p2a: Thundurus|Thundurus, M|270\/299
|turn|21
|
|move|p1a: UncleRucus|Mach Punch|p2a: Thundurus
|-resisted|p2a: Thundurus
|-damage|p2a: Thundurus|219\/299
|move|p2a: Thundurus|Thunderbolt|p1a: UncleRucus
|-damage|p1a: UncleRucus|0 fnt
|-damage|p2a: Thundurus|190\/299|[from] item: Life Orb
|faint|p1a: UncleRucus
|
|
|switch|p1a: Rotom-Wash|Rotom-Wash|212\/242
|-damage|p1a: Rotom-Wash|182\/242|[from] Stealth Rock
|turn|22
|
|move|p1a: Rotom-Wash|Hydro Pump|p2a: Thundurus
|-damage|p2a: Thundurus|0 fnt
|faint|p2a: Thundurus
|
|
|switch|p2a: Siberia|Mamoswine, M|359\/359
|turn|23
|
|move|p1a: Rotom-Wash|Hydro Pump|p2a: Siberia
|-supereffective|p2a: Siberia
|-damage|p2a: Siberia|0 fnt
|faint|p2a: Siberia
|
|win|Hogback_fosh_men
|raw|Ladder updating...
|c|âRobert Edward Lee|gg
|raw|Hogback_fosh_men's rating: 1821 &rarr; <strong>1837<\/strong><br \/>(+16 for winning)
|raw|Robert Edward Lee's rating: 1758 &rarr; <strong>1741<\/strong><br \/>(-17 for losing)
|c|âHogback_fosh_men|gg