|join|Robert Edward Lee
|join|zaheezy
|player|p1|Robert Edward Lee|214
|player|p2|zaheezy|156
|gametype|singles
|gen|6
|tier|OU
|rated
|clearpoke
|poke|p1|Scizor, M
|poke|p1|Kyurem-Black, shiny
|poke|p1|Azumarill, F, shiny
|poke|p1|Heatran, M
|poke|p1|Latios, M
|poke|p1|Landorus, M
|poke|p2|Shuckle, F, shiny
|poke|p2|Bisharp, M
|poke|p2|Heracross, M
|poke|p2|Latias, F, shiny
|poke|p2|Rotom-Wash, shiny
|poke|p2|Landorus, M, shiny
|rule|Swagger Clause: Swagger is banned
|rule|Baton Pass Clause: Limit one PokÃ©mon knowing Baton Pass
|rule|Sleep Clause Mod: Limit one foe put to sleep
|rule|Species Clause: Limit one of each PokÃ©mon
|rule|OHKO Clause: OHKO moves are banned
|rule|Moody Clause: Moody is banned
|rule|Evasion Moves Clause: Evasion moves are banned
|rule|Endless Battle Clause: Forcing endless battles is banned
|rule|HP Percentage Mod: HP is reported as percentages
|teampreview
|join|sas_WHAT
|
|start
|switch|p1a: Siberia|Kyurem-Black, shiny|389\/389
|switch|p2a: Shuckle My Dick|Shuckle, F, shiny|244\/244
|-ability|p1a: Siberia|Teravolt
|turn|1
|
|move|p1a: Siberia|Ice Beam|p2a: Shuckle My Dick
|-damage|p2a: Shuckle My Dick|150\/244
|-damage|p1a: Siberia|351\/389|[from] item: Life Orb
|move|p2a: Shuckle My Dick|Sticky Web|p1a: Siberia
|-sidestart|p1: Robert Edward Lee|move: Sticky Web
|
|turn|2
|
|move|p1a: Siberia|Ice Beam|p2a: Shuckle My Dick
|-crit|p2a: Shuckle My Dick
|-damage|p2a: Shuckle My Dick|1\/244
|-damage|p1a: Siberia|313\/389|[from] item: Life Orb
|move|p2a: Shuckle My Dick|Stealth Rock|p1a: Siberia
|-sidestart|p1: Robert Edward Lee|move: Stealth Rock
|
|turn|3
|
|move|p1a: Siberia|Earth Power|p2a: Shuckle My Dick
|-damage|p2a: Shuckle My Dick|0 fnt
|-damage|p1a: Siberia|275\/389|[from] item: Life Orb
|faint|p2a: Shuckle My Dick
|
|join|WhyWouldUSashThat!
|
|switch|p2a: Harrier|Latias, F, shiny|301\/301
|turn|4
|
|switch|p1a: Lil Cuzzin Terio|Azumarill, F, shiny|403\/403
|-damage|p1a: Lil Cuzzin Terio|353\/403|[from] Stealth Rock
|-activate|p1a: Lil Cuzzin Terio|move: Sticky Web
|-unboost|p1a: Lil Cuzzin Terio|spe|1
|move|p2a: Harrier|Draco Meteor|p1a: Lil Cuzzin Terio
|-immune|p1a: Lil Cuzzin Terio|[msg]
|
|turn|5
|chat|WhyWouldUSashThat!|AYY IT'S TERIO
|
|switch|p2a: Dirty Laundry|Rotom-Wash, shiny|304\/304
|switch|p1a: Trotsky|Latios, M|299\/299
|-damage|p1a: Trotsky|262\/299|[from] Stealth Rock
|
|turn|6
|chat|WhyWouldUSashThat!|CAN U DANC
|
|switch|p2a: Schoolboy Q|Bisharp, M|272\/272
|move|p1a: Trotsky|Hidden Power|p2a: Schoolboy Q
|-supereffective|p2a: Schoolboy Q
|-damage|p2a: Schoolboy Q|17\/272
|-damage|p1a: Trotsky|233\/299|[from] item: Life Orb
|
|turn|7
|
|move|p2a: Schoolboy Q|Sucker Punch|p1a: Trotsky
|-fail|p1a: Trotsky
|move|p1a: Trotsky|Defog|p2a: Schoolboy Q
|-unboost|p2a: Schoolboy Q|evasion|1
|-boost|p2a: Schoolboy Q|atk|2|[from] ability: Defiant
|-sideend|p1: Robert Edward Lee|Stealth Rock|[from] move: Defog|[of] p1a: Trotsky
|-sideend|p1: Robert Edward Lee|Sticky Web|[from] move: Defog|[of] p1a: Trotsky
|
|turn|8
|
|move|p2a: Schoolboy Q|Sucker Punch|p1a: Trotsky
|-supereffective|p1a: Trotsky
|-damage|p1a: Trotsky|0 fnt
|-damage|p2a: Schoolboy Q|0 fnt|[from] item: Life Orb
|faint|p1a: Trotsky
|faint|p2a: Schoolboy Q
|
|
|switch|p1a: Siberia|Kyurem-Black, shiny|275\/389
|switch|p2a: Mike Tyson Nigga|Heracross, M|361\/361
|-ability|p1a: Siberia|Teravolt
|turn|9
|
|switch|p1a: The Regulator|Landorus, M|319\/319
|detailschange|p2a: Mike Tyson Nigga|Heracross-Mega, M
|message|Heracross has Mega Evolved into Mega Heracross!
|move|p2a: Mike Tyson Nigga|Rock Blast|p1a: The Regulator
|-damage|p1a: The Regulator|277\/319
|-damage|p1a: The Regulator|234\/319
|-damage|p1a: The Regulator|192\/319
|-damage|p1a: The Regulator|151\/319
|-damage|p1a: The Regulator|103\/319
|-hitcount|p1a: The Regulator|5
|
|turn|10
|
|switch|p2a: Harrier|Latias, F, shiny|301\/301
|move|p1a: The Regulator|Psychic|p2a: Harrier
|-resisted|p2a: Harrier
|-damage|p2a: Harrier|233\/301
|
|turn|11
|
|switch|p1a: Father Lenin|Scizor, M|343\/343
|move|p2a: Harrier|Ice Beam|p1a: Father Lenin
|-resisted|p1a: Father Lenin
|-damage|p1a: Father Lenin|270\/343
|-damage|p2a: Harrier|203\/301|[from] item: Life Orb
|
|turn|12
|
|switch|p1a: Siberia|Kyurem-Black, shiny|275\/389
|-ability|p1a: Siberia|Teravolt
|move|p2a: Harrier|Surf|p1a: Siberia
|-resisted|p1a: Siberia
|-damage|p1a: Siberia|189\/389
|-damage|p2a: Harrier|173\/301|[from] item: Life Orb
|
|turn|13
|
|switch|p1a: Lil Cuzzin Terio|Azumarill, F, shiny|353\/403
|move|p2a: Harrier|Draco Meteor|p1a: Lil Cuzzin Terio
|-immune|p1a: Lil Cuzzin Terio|[msg]
|
|turn|14
|
|switch|p2a: Dirty Laundry|Rotom-Wash, shiny|304\/304
|move|p1a: Lil Cuzzin Terio|Play Rough|p2a: Dirty Laundry
|-damage|p2a: Dirty Laundry|129\/304
|
|turn|15
|
|move|p2a: Dirty Laundry|Volt Switch|p1a: Lil Cuzzin Terio
|-supereffective|p1a: Lil Cuzzin Terio
|-damage|p1a: Lil Cuzzin Terio|225\/403
|join|Gizmozian#
|
|switch|p2a: Harrier|Latias, F, shiny|173\/301
|move|p1a: Lil Cuzzin Terio|Play Rough|p2a: Harrier
|-supereffective|p2a: Harrier
|-damage|p2a: Harrier|0 fnt
|faint|p2a: Harrier
|
|
|switch|p2a: Mike Tyson Nigga|Heracross-Mega, M|361\/361
|turn|16
|
|switch|p1a: The Red Terror|Heatran, M|362\/362
|-item|p1a: The Red Terror|Air Balloon
|move|p2a: Mike Tyson Nigga|Rock Blast|p1a: The Red Terror
|-damage|p1a: The Red Terror|323\/362
|-enditem|p1a: The Red Terror|Air Balloon
|-damage|p1a: The Red Terror|287\/362
|-damage|p1a: The Red Terror|249\/362
|-damage|p1a: The Red Terror|207\/362
|-damage|p1a: The Red Terror|170\/362
|-hitcount|p1a: The Red Terror|5
|
|turn|17
|
|switch|p2a: Dirty Laundry|Rotom-Wash, shiny|129\/304
|move|p1a: The Red Terror|Fire Blast|p2a: Dirty Laundry
|-resisted|p2a: Dirty Laundry
|-damage|p2a: Dirty Laundry|66\/304
|
|turn|18
|
|move|p1a: The Red Terror|Fire Blast|p2a: Dirty Laundry
|-resisted|p2a: Dirty Laundry
|-damage|p2a: Dirty Laundry|0 fnt
|faint|p2a: Dirty Laundry
|
|
|switch|p2a: Pimp Named Slickba|Landorus, M, shiny|319\/319
|turn|19
|chat|Gizmozian#|uh haba
|chat|Robert Edward Lee|yeh?
|
|switch|p1a: Siberia|Kyurem-Black, shiny|189\/389
|-ability|p1a: Siberia|Teravolt
|move|p2a: Pimp Named Slickba|Earth Power|p1a: Siberia
|-damage|p1a: Siberia|0 fnt
|faint|p1a: Siberia
|
|join|EL ARistotle_15
|chat|sas_WHAT|no
|chat|Gizmozian#|they're too shit
|chat|zaheezy|u wot m8
|
|switch|p1a: Lil Cuzzin Terio|Azumarill, F, shiny|225\/403
|turn|20
|
|move|p2a: Pimp Named Slickba|Earth Power|p1a: Lil Cuzzin Terio
|-crit|p1a: Lil Cuzzin Terio
|-damage|p1a: Lil Cuzzin Terio|0 fnt
|faint|p1a: Lil Cuzzin Terio
|
|chat|Gizmozian#|LOL
|chat|Robert Edward Lee|FUCK ME IN THE ASS
|
|switch|p1a: The Regulator|Landorus, M|103\/319
|turn|21
|
|move|p2a: Pimp Named Slickba|Hidden Power|p1a: The Regulator
|-supereffective|p1a: The Regulator
|-damage|p1a: The Regulator|0 fnt
|-damage|p2a: Pimp Named Slickba|288\/319|[from] item: Life Orb
|faint|p1a: The Regulator
|
|
|switch|p1a: Father Lenin|Scizor, M|270\/343
|turn|22
|chat|Gizmozian#|AND LOST THE SPEED TIE
|chat|Gizmozian#|OML
|
|detailschange|p1a: Father Lenin|Scizor-Mega, M
|message|Scizor has Mega Evolved into Mega Scizor!
|move|p2a: Pimp Named Slickba|Earth Power|p1a: Father Lenin
|-damage|p1a: Father Lenin|44\/343
|move|p1a: Father Lenin|Knock Off|p2a: Pimp Named Slickba
|-damage|p2a: Pimp Named Slickba|159\/319
|-enditem|p2a: Pimp Named Slickba|Life Orb|[from] move: Knock Off|[of] p1a: Father Lenin
|
|turn|23
|-message|Robert Edward Lee forfeited.
|
|win|zaheezy
|raw|Ladder updating...
|leave|Robert Edward Lee
|player|p1
|raw|Robert Edward Lee's rating: 1646 &rarr; <strong>1617<\/strong><br \/>(-29 for losing)
|raw|zaheezy's rating: 1470 &rarr; <strong>1499<\/strong><br \/>(+29 for winning)
|leave|Gizmozian#
|chat|zaheezy|gg bitchs
|leave|EL ARistotle_15