|join|Robert Edward Lee
|join|LT1C FLCL
|player|p1|Robert Edward Lee|214
|player|p2|LT1C FLCL|182
|gametype|singles
|gen|6
|tier|OU
|rated
|clearpoke
|poke|p1|Medicham, M, shiny
|poke|p1|Ferrothorn, F
|poke|p1|Rotom-Wash
|poke|p1|Latios, M
|poke|p1|Tyranitar, M
|poke|p1|Gengar, F, shiny
|poke|p2|Mew
|poke|p2|Garchomp, M
|poke|p2|Azumarill, M
|poke|p2|Skarmory, F
|poke|p2|Manectric, M
|poke|p2|Breloom, F
|rule|Swagger Clause: Swagger is banned
|rule|Baton Pass Clause: Limit one PokÃ©mon knowing Baton Pass
|rule|Sleep Clause Mod: Limit one foe put to sleep
|rule|Species Clause: Limit one of each PokÃ©mon
|rule|OHKO Clause: OHKO moves are banned
|rule|Moody Clause: Moody is banned
|rule|Evasion Moves Clause: Evasion moves are banned
|rule|Endless Battle Clause: Forcing endless battles is banned
|rule|HP Percentage Mod: HP is shown in percentages
|teampreview
|c|âRobert Edward Lee|gl hf
|
|start
|switch|p1a: Medicham|Medicham, M, shiny|261\/261
|switch|p2a: Manectric|Manectric, M|281\/281
|turn|1
|
|detailschange|p2a: Manectric|Manectric-Mega, M
|message|Manectric has Mega Evolved into Mega Manectric!
|-ability|p2a: Manectric|Intimidate|[of] p1a: Medicham
|-unboost|p1a: Medicham|atk|1
|detailschange|p1a: Medicham|Medicham-Mega, M, shiny
|message|Medicham has Mega Evolved into Mega Medicham!
|move|p1a: Medicham|Fake Out|p2a: Manectric
|-damage|p2a: Manectric|212\/281
|cant|p2a: Manectric|flinch
|
|turn|2
|
|switch|p1a: Ferrothorn|Ferrothorn, F|352\/352
|move|p2a: Manectric|Volt Switch|p1a: Ferrothorn
|-resisted|p1a: Ferrothorn
|-damage|p1a: Ferrothorn|298\/352
|
|switch|p2a: Mew|Mew|404\/404
|
|-heal|p1a: Ferrothorn|320\/352|[from] item: Leftovers
|turn|3
|
|switch|p1a: Gengar|Gengar, F, shiny|259\/259
|move|p2a: Mew|Taunt|p1a: Gengar
|-start|p1a: Gengar|move: Taunt
|
|turn|4
|
|switch|p2a: Manectric|Manectric-Mega, M|212\/281
|-ability|p2a: Manectric|Intimidate|[of] p1a: Gengar
|-unboost|p1a: Gengar|atk|1
|move|p1a: Gengar|Shadow Ball|p2a: Manectric
|-damage|p2a: Manectric|0 fnt
|-damage|p1a: Gengar|234\/259|[from] item: Life Orb
|faint|p2a: Manectric
|
|
|switch|p2a: Breloom|Breloom, F|261\/261
|turn|5
|
|switch|p1a: Ferrothorn|Ferrothorn, F|320\/352
|move|p2a: Breloom|Rock Tomb|p1a: Ferrothorn
|-resisted|p1a: Ferrothorn
|-damage|p1a: Ferrothorn|286\/352
|-unboost|p1a: Ferrothorn|spe|1
|
|-heal|p1a: Ferrothorn|308\/352|[from] item: Leftovers
|turn|6
|
|switch|p2a: Mew|Mew|404\/404
|move|p1a: Ferrothorn|Stealth Rock|p2a: Mew
|-sidestart|p2: LT1C FLCL|move: Stealth Rock
|
|-heal|p1a: Ferrothorn|330\/352|[from] item: Leftovers
|turn|7
|
|move|p2a: Mew|Knock Off|p1a: Ferrothorn
|-damage|p1a: Ferrothorn|285\/352
|-damage|p2a: Mew|354\/404|[from] ability: Iron Barbs|[of] p1a: Ferrothorn
|-enditem|p1a: Ferrothorn|Leftovers|[from] move: Knock Off|[of] p2a: Mew
|move|p1a: Ferrothorn|Leech Seed|p2a: Mew
|-start|p2a: Mew|move: Leech Seed
|
|-heal|p2a: Mew|379\/404|[from] item: Leftovers
|-damage|p2a: Mew|329\/404|[from] Leech Seed|[of] p1a: Ferrothorn
|-heal|p1a: Ferrothorn|335\/352|[silent]
|turn|8
|
|switch|p2a: Garchomp|Garchomp, M|357\/357
|-damage|p2a: Garchomp|335\/357|[from] Stealth Rock
|move|p1a: Ferrothorn|Gyro Ball|p2a: Garchomp
|-damage|p2a: Garchomp|152\/357
|-damage|p1a: Ferrothorn|291\/352|[from] ability: Rough Skin|[of] p2a: Garchomp
|-damage|p1a: Ferrothorn|233\/352|[from] item: Rocky Helmet|[of] p2a: Garchomp
|
|turn|9
|c|âRobert Edward Lee|:o
|c|âRobert Edward Lee|stronk
|
|move|p2a: Garchomp|Fire Blast|p1a: Ferrothorn
|-supereffective|p1a: Ferrothorn
|-damage|p1a: Ferrothorn|17\/352
|move|p1a: Ferrothorn|Gyro Ball|p2a: Garchomp
|-damage|p2a: Garchomp|0 fnt
|-damage|p1a: Ferrothorn|0 fnt|[from] ability: Rough Skin|[of] p2a: Garchomp
|faint|p1a: Ferrothorn
|faint|p2a: Garchomp
|
|
|switch|p1a: Medicham|Medicham-Mega, M, shiny|261\/261
|switch|p2a: Azumarill|Azumarill, M|385\/385
|-damage|p2a: Azumarill|337\/385|[from] Stealth Rock
|turn|10
|
|switch|p2a: Skarmory|Skarmory, F|333\/333
|-damage|p2a: Skarmory|292\/333|[from] Stealth Rock
|move|p1a: Medicham|Fake Out|p2a: Skarmory
|-resisted|p2a: Skarmory
|-damage|p2a: Skarmory|269\/333
|
|turn|11
|
|switch|p1a: Rotom-Wash|Rotom-Wash|304\/304
|move|p2a: Skarmory|Counter|p1a: Rotom-Wash
|-fail|p1a: Rotom-Wash
|
|turn|12
|
|move|p1a: Rotom-Wash|Volt Switch|p2a: Skarmory
|-supereffective|p2a: Skarmory
|-damage|p2a: Skarmory|27\/333
|
|switch|p1a: Latios|Latios, M|299\/299
|move|p2a: Skarmory|Defog|p1a: Latios
|-unboost|p1a: Latios|evasion|1
|-sideend|p2: LT1C FLCL|Stealth Rock|[from] move: Defog|[of] p2a: Skarmory
|
|turn|13
|
|switch|p1a: Rotom-Wash|Rotom-Wash|304\/304
|switch|p2a: Mew|Mew|329\/404
|
|-heal|p2a: Mew|354\/404|[from] item: Leftovers
|turn|14
|
|move|p2a: Mew|Will-O-Wisp|p1a: Rotom-Wash
|-status|p1a: Rotom-Wash|brn
|move|p1a: Rotom-Wash|Will-O-Wisp|p2a: Mew
|-status|p2a: Mew|brn
|
|-heal|p2a: Mew|379\/404 brn|[from] item: Leftovers
|-damage|p2a: Mew|329\/404 brn|[from] brn
|-damage|p1a: Rotom-Wash|266\/304 brn|[from] brn
|turn|15
|
|move|p2a: Mew|Knock Off|p1a: Rotom-Wash
|-damage|p1a: Rotom-Wash|239\/304 brn
|-enditem|p1a: Rotom-Wash|Chesto Berry|[from] move: Knock Off|[of] p2a: Mew
|move|p1a: Rotom-Wash|Hydro Pump|p2a: Mew
|-damage|p2a: Mew|217\/404 brn
|
|-heal|p2a: Mew|242\/404 brn|[from] item: Leftovers
|-damage|p2a: Mew|192\/404 brn|[from] brn
|-damage|p1a: Rotom-Wash|201\/304 brn|[from] brn
|turn|16
|
|move|p2a: Mew|Soft-Boiled|p2a: Mew
|-heal|p2a: Mew|394\/404 brn
|move|p1a: Rotom-Wash|Volt Switch|p2a: Mew
|-damage|p2a: Mew|324\/404 brn
|
|switch|p1a: Gengar|Gengar, F, shiny|234\/259
|
|-heal|p2a: Mew|349\/404 brn|[from] item: Leftovers
|-damage|p2a: Mew|299\/404 brn|[from] brn
|turn|17
|
|switch|p2a: Skarmory|Skarmory, F|27\/333
|move|p1a: Gengar|Shadow Ball|p2a: Skarmory
|-damage|p2a: Skarmory|0 fnt
|-damage|p1a: Gengar|209\/259|[from] item: Life Orb
|faint|p2a: Skarmory
|
|c|âRobert Edward Lee|that KO's?
|
|switch|p2a: Azumarill|Azumarill, M|337\/385
|turn|18
|
|switch|p1a: Rotom-Wash|Rotom-Wash|201\/304 brn
|move|p2a: Azumarill|Aqua Jet|p1a: Rotom-Wash
|-resisted|p1a: Rotom-Wash
|-damage|p1a: Rotom-Wash|158\/304 brn
|
|-damage|p1a: Rotom-Wash|120\/304 brn|[from] brn
|turn|19
|
|switch|p2a: Breloom|Breloom, F|261\/261
|move|p1a: Rotom-Wash|Rest|p1a: Rotom-Wash
|-status|p1a: Rotom-Wash|slp
|-heal|p1a: Rotom-Wash|304\/304 slp|[silent]
|-status|p1a: Rotom-Wash|slp|[from] move: Rest
|
|turn|20
|
|move|p2a: Breloom|Spore|p1a: Rotom-Wash
|-fail|p1a: Rotom-Wash|slp
|cant|p1a: Rotom-Wash|slp
|
|turn|21
|
|move|p2a: Breloom|Bullet Seed|p1a: Rotom-Wash
|-supereffective|p1a: Rotom-Wash
|-damage|p1a: Rotom-Wash|206\/304 slp
|-supereffective|p1a: Rotom-Wash
|-damage|p1a: Rotom-Wash|110\/304 slp
|-supereffective|p1a: Rotom-Wash
|-damage|p1a: Rotom-Wash|18\/304 slp
|-supereffective|p1a: Rotom-Wash
|-damage|p1a: Rotom-Wash|0 fnt
|-hitcount|p1a: Rotom-Wash|4
|faint|p1a: Rotom-Wash
|
|
|switch|p1a: Medicham|Medicham-Mega, M, shiny|261\/261
|turn|22
|
|switch|p2a: Mew|Mew|299\/404 brn
|move|p1a: Medicham|Fake Out|p2a: Mew
|-damage|p2a: Mew|225\/404 brn
|
|-heal|p2a: Mew|250\/404 brn|[from] item: Leftovers
|-damage|p2a: Mew|200\/404 brn|[from] brn
|turn|23
|
|switch|p1a: Tyranitar|Tyranitar, M|341\/341
|-weather|Sandstorm
|move|p2a: Mew|Soft-Boiled|p2a: Mew
|-heal|p2a: Mew|402\/404 brn
|
|-weather|Sandstorm|[upkeep]
|-damage|p2a: Mew|377\/404 brn|[from] sandstorm
|-heal|p2a: Mew|402\/404 brn|[from] item: Leftovers
|-damage|p2a: Mew|352\/404 brn|[from] brn
|turn|24
|
|move|p1a: Tyranitar|Crunch|p2a: Mew
|-crit|p2a: Mew
|-supereffective|p2a: Mew
|-damage|p2a: Mew|0 fnt
|faint|p2a: Mew
|
|-weather|Sandstorm|[upkeep]
|c|âRobert Edward Lee|whoa whoa whoa
|-message|LT1C FLCL forfeited.
|leave|LT1C FLCL
|
|win|Robert Edward Lee
|raw|Ladder updating...
|c|âRobert Edward Lee|sry man
|player|p2
|raw|Robert Edward Lee's rating: 1757 &rarr; <strong>1770<\/strong><br \/>(+13 for winning)
|raw|LT1C FLCL's rating: 1627 &rarr; <strong>1614<\/strong><br \/>(-13 for losing)