|join|Reverb
|join|Robert Edward Lee
|player|p1|Reverb|#reverb
|player|p2|Robert Edward Lee|214
|gametype|singles
|gen|6
|tier|OU
|rated
|clearpoke
|poke|p1|Empoleon, M
|poke|p1|Tyranitar, M
|poke|p1|Charizard, F
|poke|p1|Keldeo
|poke|p1|Kyurem-Black
|poke|p1|Landorus-Therian, M
|poke|p2|Hydreigon, F
|poke|p2|Metagross
|poke|p2|Azumarill, M
|poke|p2|Latios, M
|poke|p2|Heatran, F
|poke|p2|Rotom-Wash
|rule|Swagger Clause: Swagger is banned
|rule|Baton Pass Clause: Limit one PokÃ©mon knowing Baton Pass
|rule|Sleep Clause Mod: Limit one foe put to sleep
|rule|Species Clause: Limit one of each PokÃ©mon
|rule|OHKO Clause: OHKO moves are banned
|rule|Moody Clause: Moody is banned
|rule|Evasion Moves Clause: Evasion moves are banned
|rule|Endless Battle Clause: Forcing endless battles is banned
|rule|HP Percentage Mod: HP is shown in percentages
|teampreview
|c|âRobert Edward Lee|hf
|c|âReverb|u2
|join|Alex The Chief
|
|start
|switch|p1a: Tyranitar|Tyranitar, M|383\/383
|switch|p2a: King Ghidorah|Hydreigon, F|331\/331
|-weather|Sandstorm
|turn|1
|join|Squirrelll
|
|move|p2a: King Ghidorah|U-turn|p1a: Tyranitar
|-supereffective|p1a: Tyranitar
|-damage|p1a: Tyranitar|285\/383
|
|switch|p2a: Metagross|Metagross|301\/301
|move|p1a: Tyranitar|Crunch|p2a: Metagross
|-supereffective|p2a: Metagross
|-damage|p2a: Metagross|0 fnt
|faint|p2a: Metagross
|
|-weather|Sandstorm|[upkeep]
|join|Invok3r
|c|âReverb|ye
|c|âReverb|plays
|c|âRobert Edward Lee|predoncted
|c| Squirrelll|rip
|
|switch|p2a: Heatran|Heatran, F|323\/323
|turn|2
|
|move|p2a: Heatran|Stealth Rock|p1a: Tyranitar
|-sidestart|p1: Reverb|move: Stealth Rock
|move|p1a: Tyranitar|Crunch|p2a: Heatran
|-damage|p2a: Heatran|98\/323
|
|-weather|Sandstorm|[upkeep]
|turn|3
|
|move|p2a: Heatran|Earth Power|p1a: Tyranitar
|-supereffective|p1a: Tyranitar
|-damage|p1a: Tyranitar|143\/383
|move|p1a: Tyranitar|Crunch|p2a: Heatran
|-crit|p2a: Heatran
|-damage|p2a: Heatran|0 fnt
|faint|p2a: Heatran
|
|-weather|Sandstorm|[upkeep]
|
|switch|p2a: Rotom-Wash|Rotom-Wash|304\/304
|turn|4
|
|move|p2a: Rotom-Wash|Will-O-Wisp|p1a: Tyranitar
|-status|p1a: Tyranitar|brn
|move|p1a: Tyranitar|Crunch|p2a: Rotom-Wash
|-damage|p2a: Rotom-Wash|214\/304
|
|-weather|Sandstorm|[upkeep]
|-damage|p2a: Rotom-Wash|195\/304|[from] sandstorm
|-damage|p1a: Tyranitar|96\/383 brn|[from] brn
|turn|5
|
|move|p2a: Rotom-Wash|Hydro Pump|p1a: Tyranitar|[miss]
|-miss|p2a: Rotom-Wash|p1a: Tyranitar
|move|p1a: Tyranitar|Crunch|p2a: Rotom-Wash
|-damage|p2a: Rotom-Wash|113\/304
|
|-weather|none
|-damage|p1a: Tyranitar|49\/383 brn|[from] brn
|turn|6
|
|move|p2a: Rotom-Wash|Rest|p2a: Rotom-Wash
|-status|p2a: Rotom-Wash|slp
|-heal|p2a: Rotom-Wash|304\/304 slp|[silent]
|-status|p2a: Rotom-Wash|slp|[from] move: Rest
|-enditem|p2a: Rotom-Wash|Chesto Berry|[eat]
|-curestatus|p2a: Rotom-Wash|slp
|move|p1a: Tyranitar|Crunch|p2a: Rotom-Wash
|-damage|p2a: Rotom-Wash|214\/304
|
|-damage|p1a: Tyranitar|2\/383 brn|[from] brn
|turn|7
|join|Gizmoâ
|
|move|p2a: Rotom-Wash|Volt Switch|p1a: Tyranitar
|-damage|p1a: Tyranitar|0 fnt
|faint|p1a: Tyranitar
|
|switch|p2a: King Ghidorah|Hydreigon, F|331\/331
|
|
|switch|p1a: Empoleon|Empoleon, M|372\/372
|-damage|p1a: Empoleon|349\/372|[from] Stealth Rock
|turn|8
|
|move|p2a: King Ghidorah|Dark Pulse|p1a: Empoleon
|-damage|p1a: Empoleon|211\/372
|move|p1a: Empoleon|Defog|p2a: King Ghidorah
|-unboost|p2a: King Ghidorah|evasion|1
|-sideend|p1: Reverb|Stealth Rock|[from] move: Defog|[of] p1a: Empoleon
|
|-heal|p1a: Empoleon|234\/372|[from] item: Leftovers
|turn|9
|
|move|p2a: King Ghidorah|Dark Pulse|p1a: Empoleon
|-damage|p1a: Empoleon|93\/372
|move|p1a: Empoleon|Stealth Rock|p2a: King Ghidorah
|-sidestart|p2: Robert Edward Lee|move: Stealth Rock
|
|-heal|p1a: Empoleon|116\/372|[from] item: Leftovers
|turn|10
|
|switch|p1a: Keldeo|Keldeo|323\/323
|move|p2a: King Ghidorah|Dark Pulse|p1a: Keldeo
|-resisted|p1a: Keldeo
|-damage|p1a: Keldeo|248\/323
|-boost|p1a: Keldeo|atk|1|[from] ability: Justified
|
|turn|11
|
|switch|p2a: Moist Nugget|Latios, M|301\/301
|-damage|p2a: Moist Nugget|264\/301|[from] Stealth Rock
|move|p1a: Keldeo|Icy Wind|p2a: Moist Nugget
|-supereffective|p2a: Moist Nugget
|-damage|p2a: Moist Nugget|84\/301
|-unboost|p2a: Moist Nugget|spe|1
|
|turn|12
|c|âRobert Edward Lee|gg
|c|âReverb|gg
|leave|Invok3r
|
|move|p2a: Moist Nugget|Draco Meteor|p1a: Keldeo
|-damage|p1a: Keldeo|0 fnt
|-unboost|p2a: Moist Nugget|spa|2
|faint|p1a: Keldeo
|
|c|âReverb|oh right
|
|switch|p1a: Landorus-Therian|Landorus-Therian, M|327\/327
|-ability|p1a: Landorus-Therian|Intimidate|[of] p2a: Moist Nugget
|-unboost|p2a: Moist Nugget|atk|1
|turn|13
|c|âRobert Edward Lee|i have like 0 ways to wintho ;_;
|
|switch|p2a: Rotom-Wash|Rotom-Wash|214\/304
|-damage|p2a: Rotom-Wash|176\/304|[from] Stealth Rock
|move|p1a: Landorus-Therian|U-turn|p2a: Rotom-Wash
|-damage|p2a: Rotom-Wash|117\/304
|c|âReverb|maybe hydreigon
|
|switch|p1a: Charizard|Charizard, F|297\/297
|
|turn|14
|
|detailschange|p1a: Charizard|Charizard-Mega-Y, F
|message|Charizard has Mega Evolved into Mega Charizard!
|-weather|SunnyDay
|move|p1a: Charizard|Solar Beam|p2a: Rotom-Wash|[still]
|-prepare|p1a: Charizard|Solar Beam|p2a: Rotom-Wash
|-anim|p1a: Charizard|Solar Beam|p2a: Rotom-Wash
|-supereffective|p2a: Rotom-Wash
|-damage|p2a: Rotom-Wash|0 fnt
|faint|p2a: Rotom-Wash
|
|-weather|SunnyDay|[upkeep]
|c|âRobert Edward Lee|nah
|
|switch|p2a: King Ghidorah|Hydreigon, F|331\/331
|-damage|p2a: King Ghidorah|290\/331|[from] Stealth Rock
|turn|15
|join|haunter
|
|move|p2a: King Ghidorah|Dark Pulse|p1a: Charizard
|-damage|p1a: Charizard|179\/297
|move|p1a: Charizard|Flamethrower|p2a: King Ghidorah
|-resisted|p2a: King Ghidorah
|-damage|p2a: King Ghidorah|122\/331
|
|-weather|SunnyDay|[upkeep]
|turn|16
|join|K1ngdr4
|
|move|p2a: King Ghidorah|Dark Pulse|p1a: Charizard
|-damage|p1a: Charizard|64\/297
|move|p1a: Charizard|Roost|p1a: Charizard
|-heal|p1a: Charizard|213\/297
|
|-weather|SunnyDay|[upkeep]
|turn|17
|
|move|p2a: King Ghidorah|Dark Pulse|p1a: Charizard
|-damage|p1a: Charizard|83\/297
|move|p1a: Charizard|Flamethrower|p2a: King Ghidorah
|-resisted|p2a: King Ghidorah
|-damage|p2a: King Ghidorah|0 fnt
|faint|p2a: King Ghidorah
|
|-weather|SunnyDay|[upkeep]
|
|switch|p2a: Moist Nugget|Latios, M|84\/301
|-damage|p2a: Moist Nugget|47\/301|[from] Stealth Rock
|turn|18
|
|move|p2a: Moist Nugget|Psyshock|p1a: Charizard
|-damage|p1a: Charizard|0 fnt
|faint|p1a: Charizard
|
|-weather|none
|
|switch|p1a: Empoleon|Empoleon, M|116\/372
|turn|19
|
|move|p2a: Moist Nugget|Psyshock|p1a: Empoleon
|-resisted|p1a: Empoleon
|-damage|p1a: Empoleon|59\/372
|move|p1a: Empoleon|Scald|p2a: Moist Nugget
|-resisted|p2a: Moist Nugget
|-damage|p2a: Moist Nugget|0 fnt
|faint|p2a: Moist Nugget
|
|-heal|p1a: Empoleon|82\/372|[from] item: Leftovers
|
|switch|p2a: Bunny M|Azumarill, M|340\/340
|-damage|p2a: Bunny M|298\/340|[from] Stealth Rock
|turn|20
|
|move|p2a: Bunny M|Belly Drum|p2a: Bunny M
|-damage|p2a: Bunny M|128\/340
|-setboost|p2a: Bunny M|atk|6|[from] move: Belly Drum
|-enditem|p2a: Bunny M|Sitrus Berry|[eat]
|-heal|p2a: Bunny M|213\/340|[from] item: Sitrus Berry
|move|p1a: Empoleon|Scald|p2a: Bunny M
|-resisted|p2a: Bunny M
|-damage|p2a: Bunny M|124\/340
|
|-heal|p1a: Empoleon|105\/372|[from] item: Leftovers
|turn|21
|
|move|p2a: Bunny M|Knock Off|p1a: Empoleon
|-damage|p1a: Empoleon|0 fnt
|-enditem|p1a: Empoleon|Leftovers|[from] move: Knock Off|[of] p2a: Bunny M
|faint|p1a: Empoleon
|
|
|switch|p1a: Kyurem-Black|Kyurem-Black|391\/391
|-ability|p1a: Kyurem-Black|Teravolt
|turn|22
|c|âReverb|gg
|c|âRobert Edward Lee|gg
|
|move|p1a: Kyurem-Black|Fusion Bolt|p2a: Bunny M
|-supereffective|p2a: Bunny M
|-damage|p2a: Bunny M|0 fnt
|faint|p2a: Bunny M
|
|win|Reverb
|raw|Ladder updating...
|raw|Reverb's rating: 1818 &rarr; <strong>1828<\/strong><br \/>(+10 for winning)
|raw|Robert Edward Lee's rating: 1637 &rarr; <strong>1627<\/strong><br \/>(-10 for losing)