|join|MoB Barley
|join|Robert Edward Lee
|player|p1|MoB Barley|161
|player|p2|Robert Edward Lee|214
|gametype|singles
|gen|6
|tier|OU
|rated
|clearpoke
|poke|p1|Diggersby, M, shiny
|poke|p1|Magnezone, shiny
|poke|p1|Gardevoir, F
|poke|p1|Terrakion, shiny
|poke|p1|Azumarill, M
|poke|p1|Mandibuzz, F, shiny
|poke|p2|Azumarill, M
|poke|p2|Heatran, F
|poke|p2|Mamoswine, F
|poke|p2|Latios, M
|poke|p2|Heracross, M
|poke|p2|Thundurus, M
|rule|Swagger Clause: Swagger is banned
|rule|Baton Pass Clause: Limit one PokÃ©mon knowing Baton Pass
|rule|Sleep Clause Mod: Limit one foe put to sleep
|rule|Species Clause: Limit one of each PokÃ©mon
|rule|OHKO Clause: OHKO moves are banned
|rule|Moody Clause: Moody is banned
|rule|Evasion Moves Clause: Evasion moves are banned
|rule|Endless Battle Clause: Forcing endless battles is banned
|rule|HP Percentage Mod: HP is shown in percentages
|teampreview
|c|âRobert Edward Lee|gl hf
|c|âMoB Barley|gl
|
|start
|switch|p1a: Cosmo Queen|Gardevoir, F|277\/277
|switch|p2a: Dovahkiin|Azumarill, M|401\/401
|-ability|p1a: Cosmo Queen|Huge Power|[from] ability: Trace|[of] p2a: Dovahkiin
|turn|1
|
|switch|p2a: The Red Terror|Heatran, F|362\/362
|-item|p2a: The Red Terror|Air Balloon
|detailschange|p1a: Cosmo Queen|Gardevoir-Mega, F
|message|Gardevoir has Mega Evolved into Mega Gardevoir!
|move|p1a: Cosmo Queen|Will-O-Wisp|p2a: The Red Terror
|-start|p2a: The Red Terror|ability: Flash Fire
|
|turn|2
|
|move|p1a: Cosmo Queen|Focus Blast|p2a: The Red Terror
|-supereffective|p2a: The Red Terror
|-damage|p2a: The Red Terror|40\/362
|-enditem|p2a: The Red Terror|Air Balloon
|move|p2a: The Red Terror|Fire Blast|p1a: Cosmo Queen
|-damage|p1a: Cosmo Queen|55\/277
|
|turn|3
|
|switch|p2a: Dovahkiin|Azumarill, M|401\/401
|move|p1a: Cosmo Queen|Psyshock|p2a: Dovahkiin
|-damage|p2a: Dovahkiin|187\/401
|
|turn|4
|join|Bulky Deoxys-A
|
|switch|p1a: Vulture Aid|Mandibuzz, F, shiny|423\/423
|move|p2a: Dovahkiin|Aqua Jet|p1a: Vulture Aid
|-crit|p1a: Vulture Aid
|-damage|p1a: Vulture Aid|326\/423
|-damage|p2a: Dovahkiin|121\/401|[from] item: Rocky Helmet|[of] p1a: Vulture Aid
|
|turn|5
|
|move|p1a: Vulture Aid|Foul Play|p2a: Dovahkiin
|-resisted|p2a: Dovahkiin
|-damage|p2a: Dovahkiin|61\/401
|move|p2a: Dovahkiin|Play Rough|p1a: Vulture Aid
|-supereffective|p1a: Vulture Aid
|-damage|p1a: Vulture Aid|44\/423
|-damage|p2a: Dovahkiin|0 fnt|[from] item: Rocky Helmet|[of] p1a: Vulture Aid
|faint|p2a: Dovahkiin
|
|
|switch|p2a: The Red Terror|Heatran, F|40\/362
|turn|6
|
|move|p2a: The Red Terror|Stealth Rock|p1a: Vulture Aid
|-sidestart|p1: MoB Barley|move: Stealth Rock
|move|p1a: Vulture Aid|Foul Play|p2a: The Red Terror
|-damage|p2a: The Red Terror|0 fnt
|faint|p2a: The Red Terror
|
|
|switch|p2a: Thundurus|Thundurus, M|299\/299
|turn|7
|
|move|p2a: Thundurus|Thunderbolt|p1a: Vulture Aid
|-supereffective|p1a: Vulture Aid
|-damage|p1a: Vulture Aid|0 fnt
|-damage|p2a: Thundurus|270\/299|[from] item: Life Orb
|faint|p1a: Vulture Aid
|
|
|switch|p1a: Magneto|Magnezone, shiny|281\/281
|-damage|p1a: Magneto|264\/281|[from] Stealth Rock
|turn|8
|
|move|p1a: Magneto|Flash Cannon|p2a: Thundurus
|-resisted|p2a: Thundurus
|-damage|p2a: Thundurus|183\/299
|move|p2a: Thundurus|Focus Blast|p1a: Magneto
|-supereffective|p1a: Magneto
|-damage|p1a: Magneto|0 fnt
|-damage|p2a: Thundurus|154\/299|[from] item: Life Orb
|faint|p1a: Magneto
|
|join|Obliteration101
|
|switch|p1a: Bugs|Diggersby, M, shiny|311\/311
|-damage|p1a: Bugs|292\/311|[from] Stealth Rock
|turn|9
|join|Alkov
|join|Sugar K Leonard
|
|switch|p2a: Latios|Latios, M|299\/299
|move|p1a: Bugs|Quick Attack|p2a: Latios
|-damage|p2a: Latios|121\/299
|
|turn|10
|c|âRobert Edward Lee|power 
|
|move|p1a: Bugs|Quick Attack|p2a: Latios
|-damage|p2a: Latios|0 fnt
|faint|p2a: Latios
|
|c| Sugar K Leonard|oh
|
|switch|p2a: Siberia|Mamoswine, F|359\/359
|turn|11
|
|move|p1a: Bugs|Quick Attack|p2a: Siberia
|-damage|p2a: Siberia|202\/359
|move|p2a: Siberia|Icicle Spear|p1a: Bugs
|-supereffective|p1a: Bugs
|-damage|p1a: Bugs|157\/311
|-supereffective|p1a: Bugs
|-damage|p1a: Bugs|9\/311
|-supereffective|p1a: Bugs
|-damage|p1a: Bugs|0 fnt
|-hitcount|p1a: Bugs|3
|-damage|p2a: Siberia|167\/359|[from] item: Life Orb
|faint|p1a: Bugs
|
|
|switch|p1a: Red Bull|Terrakion, shiny|323\/323
|-damage|p1a: Red Bull|303\/323|[from] Stealth Rock
|turn|12
|join|Khaliem
|
|switch|p2a: Trotsky|Heracross, M|308\/308
|move|p1a: Red Bull|Close Combat|p2a: Trotsky
|-resisted|p2a: Trotsky
|-damage|p2a: Trotsky|171\/308
|-unboost|p1a: Red Bull|def|1
|-unboost|p1a: Red Bull|spd|1
|
|turn|13
|leave|Sugar K Leonard
|
|detailschange|p2a: Trotsky|Heracross-Mega, M
|message|Heracross has Mega Evolved into Mega Heracross!
|move|p1a: Red Bull|Stone Edge|p2a: Trotsky
|-damage|p2a: Trotsky|0 fnt
|faint|p2a: Trotsky
|
|
|switch|p2a: Thundurus|Thundurus, M|154\/299
|turn|14
|
|switch|p1a: Cosmo Queen|Gardevoir-Mega, F|55\/277
|-damage|p1a: Cosmo Queen|21\/277|[from] Stealth Rock
|move|p2a: Thundurus|Thunderbolt|p1a: Cosmo Queen
|-damage|p1a: Cosmo Queen|0 fnt
|-damage|p2a: Thundurus|125\/299|[from] item: Life Orb
|faint|p1a: Cosmo Queen
|
|
|switch|p1a: Water Bomb|Azumarill, M|345\/345
|-damage|p1a: Water Bomb|302\/345|[from] Stealth Rock
|turn|15
|
|move|p1a: Water Bomb|Aqua Jet|p2a: Thundurus
|-damage|p2a: Thundurus|7\/299
|move|p2a: Thundurus|Thunderbolt|p1a: Water Bomb
|-supereffective|p1a: Water Bomb
|-damage|p1a: Water Bomb|34\/345
|-damage|p2a: Thundurus|0 fnt|[from] item: Life Orb
|faint|p2a: Thundurus
|
|
|switch|p2a: Siberia|Mamoswine, F|167\/359
|turn|16
|c|âRobert Edward Lee|gg
|
|move|p2a: Siberia|Ice Shard|p1a: Water Bomb
|-resisted|p1a: Water Bomb
|-damage|p1a: Water Bomb|0 fnt
|-damage|p2a: Siberia|132\/359|[from] item: Life Orb
|faint|p1a: Water Bomb
|
|c|âMoB Barley|gg
|
|switch|p1a: Red Bull|Terrakion, shiny|303\/323
|-damage|p1a: Red Bull|283\/323|[from] Stealth Rock
|turn|17
|
|move|p1a: Red Bull|Close Combat|p2a: Siberia
|-supereffective|p2a: Siberia
|-damage|p2a: Siberia|0 fnt
|-unboost|p1a: Red Bull|def|1
|-unboost|p1a: Red Bull|spd|1
|faint|p2a: Siberia
|
|win|MoB Barley
|raw|Ladder updating...
|raw|MoB Barley's rating: 1889 &rarr; <strong>1898<\/strong><br \/>(+9 for winning)
|raw|Robert Edward Lee's rating: 1687 &rarr; <strong>1677<\/strong><br \/>(-10 for losing)
|leave|Robert Edward Lee
|player|p2
|leave|MoB Barley
|player|p1
|leave|Alkov