|join|Valentine
|join|Robert Edward Lee
|player|p1|Valentine|217
|player|p2|Robert Edward Lee|214
|gametype|singles
|gen|6
|tier|OU
|clearpoke
|poke|p1|Azumarill, M
|poke|p1|Magnezone
|poke|p1|Landorus-Therian, M
|poke|p1|Latios, M
|poke|p1|Talonflame, M
|poke|p1|Gardevoir, M
|poke|p2|Swellow, M
|poke|p2|Azumarill, F
|poke|p2|Magnezone
|poke|p2|Latios, M
|poke|p2|Heracross, F
|poke|p2|Mamoswine, M, shiny
|rule|Swagger Clause: Swagger is banned
|rule|Baton Pass Clause: Limit one PokÃ©mon knowing Baton Pass
|rule|Sleep Clause Mod: Limit one foe put to sleep
|rule|Species Clause: Limit one of each PokÃ©mon
|rule|OHKO Clause: OHKO moves are banned
|rule|Moody Clause: Moody is banned
|rule|Evasion Moves Clause: Evasion moves are banned
|rule|Endless Battle Clause: Forcing endless battles is banned
|rule|HP Percentage Mod: HP is shown in percentages
|teampreview
|c|âRobert Edward Lee|gl hf
|join|LT1A hellfiend
|join|bigpimpin12
|join|tst_100
|join|Will of Smith
|join|CobaltAK
|join|LT2K MTK
|c|âValentine|hf
|c| LT1A hellfiend|wow facade swellow
|join|SweetenedTea
|c| Will of Smith|sup
|join|raiderrocker18
|
|start
|switch|p1a: Azumarill|Azumarill, M|401\/401
|switch|p2a: Siberia|Mamoswine, M, shiny|361\/361
|turn|1
|c| raiderrocker18|is this on da ladder
|c|âRobert Edward Lee|nahnah
|
|switch|p2a: Bunny M|Azumarill, F|404\/404
|move|p1a: Azumarill|Waterfall|p2a: Bunny M
|-resisted|p2a: Bunny M
|-damage|p2a: Bunny M|335\/404
|
|-heal|p2a: Bunny M|360\/404|[from] item: Leftovers
|turn|2
|join|boltaway
|c|âRobert Edward Lee|this is fo fun
|
|move|p1a: Azumarill|Play Rough|p2a: Bunny M|[miss]
|-miss|p1a: Azumarill|p2a: Bunny M
|move|p2a: Bunny M|Whirlpool|p1a: Azumarill
|-resisted|p1a: Azumarill
|-damage|p1a: Azumarill|390\/401
|-activate|p1a: Azumarill|move: Whirlpool|[of] p2a: Bunny M
|
|-heal|p2a: Bunny M|385\/404|[from] item: Leftovers
|-damage|p1a: Azumarill|340\/401|[from] move: Whirlpool|[partiallytrapped]
|turn|3
|c| raiderrocker18|oh god that stupid swellow
|c|âRobert Edward Lee|whoa sry
|
|move|p1a: Azumarill|Play Rough|p2a: Bunny M
|-damage|p2a: Bunny M|231\/404
|-unboost|p2a: Bunny M|atk|1
|move|p2a: Bunny M|Perish Song|p2a: Bunny M
|-fieldactivate|move: Perish Song
|
|-start|p1a: Azumarill|perish3
|-start|p2a: Bunny M|perish3
|-heal|p2a: Bunny M|256\/404|[from] item: Leftovers
|-damage|p1a: Azumarill|290\/401|[from] move: Whirlpool|[partiallytrapped]
|turn|4
|join|TFL
|c| CobaltAK|Stupid sexy swellow
|join|Prankster
|c| LT1A hellfiend|what?
|
|move|p2a: Bunny M|Protect|p2a: Bunny M
|-singleturn|p2a: Bunny M|Protect
|move|p1a: Azumarill|Play Rough|p2a: Bunny M
|-activate|p2a: Bunny M|Protect
|
|-start|p2a: Bunny M|perish2
|-start|p1a: Azumarill|perish2
|-heal|p2a: Bunny M|281\/404|[from] item: Leftovers
|-damage|p1a: Azumarill|240\/401|[from] move: Whirlpool|[partiallytrapped]
|turn|5
|c|âRobert Edward Lee|gimmicks galore
|c| CobaltAK|^
|join|Go.Tigers.Beat.FSU
|
|move|p2a: Bunny M|Scald|p1a: Azumarill
|-resisted|p1a: Azumarill
|-damage|p1a: Azumarill|216\/401
|move|p1a: Azumarill|Play Rough|p2a: Bunny M
|-damage|p2a: Bunny M|107\/404
|
|-start|p1a: Azumarill|perish1
|-start|p2a: Bunny M|perish1
|-heal|p2a: Bunny M|132\/404|[from] item: Leftovers
|-damage|p1a: Azumarill|166\/401|[from] move: Whirlpool|[partiallytrapped]
|turn|6
|join|fingerscrossed
|leave|SweetenedTea
|join|Chillarmy
|
|move|p2a: Bunny M|Protect|p2a: Bunny M
|-singleturn|p2a: Bunny M|Protect
|move|p1a: Azumarill|Knock Off|p2a: Bunny M
|-activate|p2a: Bunny M|Protect
|
|-start|p2a: Bunny M|perish0
|-start|p1a: Azumarill|perish0
|faint|p2a: Bunny M
|faint|p1a: Azumarill
|c| CobaltAK|lmao rekt
|c| raiderrocker18|well that was pointless
|c| TFL|they traded bunnys
|c|âRobert Edward Lee|^
|leave|Will of Smith
|join|Will of Smith
|
|switch|p2a: Roswell|Magnezone|282\/282
|switch|p1a: Magnezone|Magnezone|281\/281
|turn|7
|leave|Will of Smith
|c| CobaltAK|HAHAHA
|c| Go.Tigers.Beat.FSU|haha 
|
|move|p1a: Magnezone|Hidden Power|p2a: Roswell
|-supereffective|p2a: Roswell
|-damage|p2a: Roswell|132\/282
|move|p2a: Roswell|Hidden Power|p1a: Magnezone
|-supereffective|p1a: Magnezone
|-damage|p1a: Magnezone|129\/281
|
|turn|8
|c| CobaltAK|Mfw Magnet Pull
|c| CobaltAK|Wtf
|c| CobaltAK|These guys
|
|move|p1a: Magnezone|Hidden Power|p2a: Roswell
|-supereffective|p2a: Roswell
|-damage|p2a: Roswell|0 fnt
|faint|p2a: Roswell
|
|c| raiderrocker18|much magnets
|c| raiderrocker18|many pull
|c| raiderrocker18|wau
|
|switch|p2a: Siberia|Mamoswine, M, shiny|361\/361
|turn|9
|c| raiderrocker18|reveal sash endeavor mamo
|
|switch|p1a: Landorus-Therian|Landorus-Therian, M|381\/381
|-ability|p1a: Landorus-Therian|Intimidate|[of] p2a: Siberia
|-unboost|p2a: Siberia|atk|1
|move|p2a: Siberia|Stealth Rock|p1a: Landorus-Therian
|-sidestart|p1: Valentine|move: Stealth Rock
|
|turn|10
|c|âRobert Edward Lee|^
|c|+fingerscrossed|valentine the manager or player show up ?
|
|move|p2a: Siberia|Icicle Spear|p1a: Landorus-Therian
|-supereffective|p1a: Landorus-Therian
|-damage|p1a: Landorus-Therian|251\/381
|-supereffective|p1a: Landorus-Therian
|-damage|p1a: Landorus-Therian|137\/381
|-supereffective|p1a: Landorus-Therian
|-damage|p1a: Landorus-Therian|7\/381
|-supereffective|p1a: Landorus-Therian
|-damage|p1a: Landorus-Therian|0 fnt
|-hitcount|p1a: Landorus-Therian|4
|-damage|p2a: Siberia|325\/361|[from] item: Life Orb
|faint|p1a: Landorus-Therian
|
|c| raiderrocker18|=O
|c| CobaltAK|!!!
|
|switch|p1a: Magnezone|Magnezone|129\/281
|-damage|p1a: Magnezone|112\/281|[from] Stealth Rock
|turn|11
|c|âRobert Edward Lee|ze gimmicks
|c|âRobert Edward Lee|hey look at all my switch ins
|
|switch|p2a: Latios|Latios, M|299\/299
|move|p1a: Magnezone|Flash Cannon|p2a: Latios
|-damage|p2a: Latios|158\/299
|
|turn|12
|c| CobaltAK|MMM FLASH ME GOOD JAAA
|c| CobaltAK|uhh
|c|âRobert Edward Lee|ew
|c| raiderrocker18|hp ground so obvoius
|
|move|p1a: Magnezone|Flash Cannon|p2a: Latios
|-damage|p2a: Latios|26\/299
|move|p2a: Latios|Psychic|p1a: Magnezone
|-resisted|p1a: Magnezone
|-damage|p1a: Magnezone|0 fnt
|-damage|p2a: Latios|0 fnt|[from] item: Life Orb
|faint|p1a: Magnezone
|faint|p2a: Latios
|
|c| CobaltAK|Uhh no
|join|river2
|
|switch|p1a: Talonflame|Talonflame, M|307\/307
|-damage|p1a: Talonflame|154\/307|[from] Stealth Rock
|switch|p2a: Siberia|Mamoswine, M, shiny|325\/361
|turn|13
|c| raiderrocker18|never noticed just how high magnezones SpA was
|join|LT2C Disorient
|
|move|p1a: Talonflame|Brave Bird|p2a: Siberia
|-damage|p2a: Siberia|70\/361
|-damage|p1a: Talonflame|70\/307|[from] recoil|[of] p2a: Siberia
|move|p2a: Siberia|Icicle Spear|p1a: Talonflame
|-crit|p1a: Talonflame
|-damage|p1a: Talonflame|0 fnt
|-hitcount|p1a: Talonflame|1
|-damage|p2a: Siberia|34\/361|[from] item: Life Orb
|faint|p1a: Talonflame
|
|c|+fingerscrossed|what
|c|+fingerscrossed|that made no sense val
|c|âRobert Edward Lee|;-;
|c| raiderrocker18|lol
|c|âValentine|mis
|c|âValentine|click
|c|âValentine|!
|c|âRobert Edward Lee|sorry :[
|c| raiderrocker18|talon was ur win condition once mamo is weak
|leave|tst_100
|c|âValentine|i kno
|c|âValentine|lol
|c|âValentine|i meant to click lati
|join|Testlum
|c|âValentine|then defog
|c|âValentine|hue
|c|âValentine|too late
|c|âValentine|now
|c|+fingerscrossed|are you pullin a wepwn right now tom
|c|âValentine|fuck
|c|âValentine|you
|c| raiderrocker18|so basically swellow is the MVP
|c|âValentine|i lose yah
|c|âValentine|to swellow
|c|âRobert Edward Lee|can u at least let swellow come in?
|c| raiderrocker18|^
|c|âRobert Edward Lee|pls ;-;
|c|+fingerscrossed|lo
|
|switch|p1a: Gardevoir|Gardevoir, M|277\/277
|-damage|p1a: Gardevoir|243\/277|[from] Stealth Rock
|-ability|p1a: Gardevoir|Thick Fat|[from] ability: Trace|[of] p2a: Siberia
|turn|14
|
|switch|p2a: GypsyRemovalUnit|Heracross, F|307\/307
|detailschange|p1a: Gardevoir|Gardevoir-Mega, M
|message|Gardevoir has Mega Evolved into Mega Gardevoir!
|move|p1a: Gardevoir|Psyshock|p2a: GypsyRemovalUnit
|-supereffective|p2a: GypsyRemovalUnit
|-damage|p2a: GypsyRemovalUnit|0 fnt
|faint|p2a: GypsyRemovalUnit
|
|
|switch|p2a: Eazy|Swellow, M|261\/261
|turn|15
|c| CobaltAK|That fucking name
|
|move|p2a: Eazy|Protect|p2a: Eazy
|-singleturn|p2a: Eazy|Protect
|move|p1a: Gardevoir|Hyper Voice|p2a: Eazy
|-activate|p2a: Eazy|Protect
|
|-status|p2a: Eazy|tox|[from] item: Toxic Orb
|turn|16
|c|âRobert Edward Lee|i know thats a scarfed latios
|c|âValentine|free
|c|âValentine|points
|c| LT1A hellfiend|facade time
|
|move|p2a: Eazy|Facade|p1a: Gardevoir
|-damage|p1a: Gardevoir|0 fnt
|faint|p1a: Gardevoir
|
|-damage|p2a: Eazy|245\/261 tox|[from] psn
|c| CobaltAK|Mfw quick attack
|
|switch|p1a: Latios|Latios, M|301\/301
|-damage|p1a: Latios|264\/301|[from] Stealth Rock
|turn|17
|
|move|p2a: Eazy|Quick Attack|p1a: Latios
|-damage|p1a: Latios|167\/301
|move|p1a: Latios|Psyshock|p2a: Eazy
|-damage|p2a: Eazy|0 fnt
|-damage|p1a: Latios|137\/301|[from] item: Life Orb
|faint|p2a: Eazy
|
|
|switch|p2a: Siberia|Mamoswine, M, shiny|34\/361
|turn|18
|c|âValentine|g g
|c|âRobert Edward Lee|gg
|c| LT1A hellfiend|gg
|
|move|p2a: Siberia|Ice Shard|p1a: Latios
|-supereffective|p1a: Latios
|-damage|p1a: Latios|0 fnt
|-damage|p2a: Siberia|0 fnt|[from] item: Life Orb
|faint|p1a: Latios
|faint|p2a: Siberia
|
|win|Robert Edward Lee
|c| CobaltAK|OOOOOOOOOOOOOOOO
|leave|Valentine
|player|p1
|c|+Chillarmy|whoa man
|c|âRobert Edward Lee|aww i wanted tie :[
|c|+Chillarmy|do you even
|c|+Chillarmy|have a HEART
|c| raiderrocker18|tache latios
|c| CobaltAK|lol
|leave|fingerscrossed
|c| raiderrocker18|yache*