|join|Robert Edward Lee
|join|jpw234
|player|p1|Robert Edward Lee|214
|player|p2|jpw234|176
|gametype|singles
|gen|6
|tier|OU
|clearpoke
|poke|p1|Houndoom, M
|poke|p1|Landorus-Therian, M
|poke|p1|Azumarill, M
|poke|p1|Ferrothorn, M
|poke|p1|Gengar, M
|poke|p1|Latias, F
|poke|p2|Clefable, F
|poke|p2|Gyarados, M
|poke|p2|Jirachi
|poke|p2|Gliscor, M
|poke|p2|Quagsire, F
|poke|p2|Skarmory, F
|rule|Swagger Clause: Swagger is banned
|rule|Baton Pass Clause: Limit one PokÃ©mon knowing Baton Pass
|rule|Sleep Clause Mod: Limit one foe put to sleep
|rule|Species Clause: Limit one of each PokÃ©mon
|rule|OHKO Clause: OHKO moves are banned
|rule|Moody Clause: Moody is banned
|rule|Evasion Moves Clause: Evasion moves are banned
|rule|Endless Battle Clause: Forcing endless battles is banned
|rule|HP Percentage Mod: HP is shown in percentages
|teampreview
|join|TheNewBrends11
|c|âRobert Edward Lee|gl hf
|join|Draeden
|join|Gizmo
|join|AcceleratorGod
|c|âjpw234|u2
|c| Draeden|HABA
|join|Demandred
|c| Draeden|Hi
|join|UBERPYRO
|
|start
|switch|p1a: Landorus-Therian|Landorus-Therian, M|319\/319
|switch|p2a: Clefable|Clefable, F|394\/394
|-ability|p1a: Landorus-Therian|Intimidate|[of] p2a: Clefable
|-unboost|p2a: Clefable|atk|1
|turn|1
|join|asdfCookie
|
|switch|p2a: Skarmory|Skarmory, F|334\/334
|move|p1a: Landorus-Therian|U-turn|p2a: Skarmory
|-resisted|p2a: Skarmory
|-damage|p2a: Skarmory|321\/334
|-damage|p1a: Landorus-Therian|266\/319|[from] item: Rocky Helmet|[of] p2a: Skarmory
|
|switch|p1a: Houndoom|Houndoom, M|291\/291
|
|turn|2
|join|Dragonite VII
|
|switch|p2a: Clefable|Clefable, F|394\/394
|detailschange|p1a: Houndoom|Houndoom-Mega, M
|message|Houndoom has Mega Evolved into Mega Houndoom!
|move|p1a: Houndoom|Dark Pulse|p2a: Clefable
|-resisted|p2a: Clefable
|-damage|p2a: Clefable|326\/394
|
|-heal|p2a: Clefable|350\/394|[from] item: Leftovers
|turn|3
|
|move|p2a: Clefable|Protect|p2a: Clefable
|-singleturn|p2a: Clefable|Protect
|move|p1a: Houndoom|Nasty Plot|p1a: Houndoom
|-boost|p1a: Houndoom|spa|2
|
|-heal|p2a: Clefable|374\/394|[from] item: Leftovers
|turn|4
|
|move|p1a: Houndoom|Fire Blast|p2a: Clefable
|-damage|p2a: Clefable|173\/394
|move|p2a: Clefable|Moonblast|p1a: Houndoom
|-damage|p1a: Houndoom|180\/291
|
|-heal|p2a: Clefable|197\/394|[from] item: Leftovers
|turn|5
|c| Gizmo|well
|c| Gizmo|you saw protect
|c| Gizmo|so
|join|Wilkhun
|
|switch|p1a: Gengar|Gengar, M|259\/259
|move|p2a: Clefable|Protect|p2a: Clefable
|-fail|p2a: Clefable
|
|-heal|p2a: Clefable|221\/394|[from] item: Leftovers
|turn|6
|c| Gizmo|it's a wrap
|join|VanilliteCone
|
|switch|p2a: Jirachi|Jirachi|404\/404
|move|p1a: Gengar|Sludge Wave|p2a: Jirachi
|-immune|p2a: Jirachi|[msg]
|
|turn|7
|leave|Gizmo
|
|switch|p1a: Landorus-Therian|Landorus-Therian, M|266\/319
|-ability|p1a: Landorus-Therian|Intimidate|[of] p2a: Jirachi
|-unboost|p2a: Jirachi|atk|1
|move|p2a: Jirachi|Iron Head|p1a: Landorus-Therian
|-damage|p1a: Landorus-Therian|196\/319
|
|turn|8
|
|switch|p2a: Skarmory|Skarmory, F|321\/334
|move|p1a: Landorus-Therian|Knock Off|p2a: Skarmory
|-damage|p2a: Skarmory|250\/334
|-damage|p1a: Landorus-Therian|143\/319|[from] item: Rocky Helmet|[of] p2a: Skarmory
|-enditem|p2a: Skarmory|Rocky Helmet|[from] move: Knock Off|[of] p1a: Landorus-Therian
|
|turn|9
|
|switch|p1a: Ferrothorn|Ferrothorn, M|352\/352
|move|p2a: Skarmory|Spikes|p1a: Ferrothorn
|-sidestart|p1: Robert Edward Lee|Spikes
|
|turn|10
|
|move|p2a: Skarmory|Spikes|p1a: Ferrothorn
|-sidestart|p1: Robert Edward Lee|Spikes
|move|p1a: Ferrothorn|Stealth Rock|p2a: Skarmory
|-sidestart|p2: jpw234|move: Stealth Rock
|
|turn|11
|
|switch|p1a: Houndoom|Houndoom-Mega, M|180\/291
|-damage|p1a: Houndoom|132\/291|[from] Spikes
|move|p2a: Skarmory|Spikes|p1a: Houndoom
|-sidestart|p1: Robert Edward Lee|Spikes
|
|turn|12
|
|switch|p2a: Gyarados|Gyarados, M|393\/393
|-damage|p2a: Gyarados|295\/393|[from] Stealth Rock
|-ability|p2a: Gyarados|Intimidate|[of] p1a: Houndoom
|-unboost|p1a: Houndoom|atk|1
|move|p1a: Houndoom|Fire Blast|p2a: Gyarados
|-resisted|p2a: Gyarados
|-damage|p2a: Gyarados|226\/393
|
|-heal|p2a: Gyarados|250\/393|[from] item: Leftovers
|turn|13
|
|switch|p1a: Ferrothorn|Ferrothorn, M|352\/352
|-damage|p1a: Ferrothorn|264\/352|[from] Spikes
|move|p2a: Gyarados|Dragon Tail|p1a: Ferrothorn
|-resisted|p1a: Ferrothorn
|-damage|p1a: Ferrothorn|245\/352
|-damage|p2a: Gyarados|201\/393|[from] ability: Iron Barbs|[of] p1a: Ferrothorn
|drag|p1a: Azumarill|Azumarill, M|401\/401
|-damage|p1a: Azumarill|301\/401|[from] Spikes
|
|-heal|p2a: Gyarados|225\/393|[from] item: Leftovers
|turn|14
|leave|AcceleratorGod
|
|switch|p2a: Skarmory|Skarmory, F|250\/334
|-damage|p2a: Skarmory|209\/334|[from] Stealth Rock
|switch|p1a: Houndoom|Houndoom-Mega, M|132\/291
|-damage|p1a: Houndoom|60\/291|[from] Spikes
|
|turn|15
|
|switch|p2a: Clefable|Clefable, F|221\/394
|-damage|p2a: Clefable|172\/394|[from] Stealth Rock
|move|p1a: Houndoom|Fire Blast|p2a: Clefable
|-damage|p2a: Clefable|3\/394
|
|-heal|p2a: Clefable|27\/394|[from] item: Leftovers
|turn|16
|
|move|p1a: Houndoom|Dark Pulse|p2a: Clefable
|-resisted|p2a: Clefable
|-damage|p2a: Clefable|0 fnt
|faint|p2a: Clefable
|
|
|switch|p2a: Gyarados|Gyarados, M|225\/393
|-damage|p2a: Gyarados|127\/393|[from] Stealth Rock
|-ability|p2a: Gyarados|Intimidate|[of] p1a: Houndoom
|-unboost|p1a: Houndoom|atk|1
|turn|17
|join|BaconRush
|
|switch|p1a: Ferrothorn|Ferrothorn, M|245\/352
|-damage|p1a: Ferrothorn|157\/352|[from] Spikes
|move|p2a: Gyarados|Rest|p2a: Gyarados
|-status|p2a: Gyarados|slp
|-heal|p2a: Gyarados|393\/393 slp|[silent]
|-status|p2a: Gyarados|slp|[from] move: Rest
|
|-heal|p1a: Ferrothorn|179\/352|[from] item: Leftovers
|turn|18
|
|switch|p2a: Gliscor|Gliscor, M|354\/354
|-damage|p2a: Gliscor|310\/354|[from] Stealth Rock
|move|p1a: Ferrothorn|Leech Seed|p2a: Gliscor
|-start|p2a: Gliscor|move: Leech Seed
|
|-heal|p1a: Ferrothorn|201\/352|[from] item: Leftovers
|-damage|p2a: Gliscor|266\/354|[from] Leech Seed|[of] p1a: Ferrothorn
|-heal|p1a: Ferrothorn|245\/352|[silent]
|-status|p2a: Gliscor|tox|[from] item: Toxic Orb
|turn|19
|join|JDynasty
|
|move|p2a: Gliscor|Knock Off|p1a: Ferrothorn
|-damage|p1a: Ferrothorn|199\/352
|-damage|p2a: Gliscor|222\/354 tox|[from] ability: Iron Barbs|[of] p1a: Ferrothorn
|-enditem|p1a: Ferrothorn|Leftovers|[from] move: Knock Off|[of] p2a: Gliscor
|move|p1a: Ferrothorn|Gyro Ball|p2a: Gliscor
|-damage|p2a: Gliscor|105\/354 tox
|
|-damage|p2a: Gliscor|61\/354 tox|[from] Leech Seed|[of] p1a: Ferrothorn
|-heal|p1a: Ferrothorn|243\/352|[silent]
|-heal|p2a: Gliscor|105\/354 tox|[from] ability: Poison Heal
|turn|20
|
|move|p2a: Gliscor|Roost|p2a: Gliscor
|-heal|p2a: Gliscor|282\/354 tox
|move|p1a: Ferrothorn|Stealth Rock|p2a: Gliscor
|-fail|p2a: Gliscor
|
|-damage|p2a: Gliscor|238\/354 tox|[from] Leech Seed|[of] p1a: Ferrothorn
|-heal|p1a: Ferrothorn|287\/352|[silent]
|-heal|p2a: Gliscor|282\/354 tox|[from] ability: Poison Heal
|turn|21
|c| UBERPYRO|where's the taunt
|
|switch|p2a: Jirachi|Jirachi|404\/404
|-damage|p2a: Jirachi|379\/404|[from] Stealth Rock
|switch|p1a: Landorus-Therian|Landorus-Therian, M|143\/319
|-ability|p1a: Landorus-Therian|Intimidate|[of] p2a: Jirachi
|-unboost|p2a: Jirachi|atk|1
|
|-heal|p2a: Jirachi|404\/404|[from] item: Leftovers
|turn|22
|join|Gizmo
|join|Bulky Deoxys-A
|join|dymbath
|c|âjpw234|gizmo
|
|move|p2a: Jirachi|Protect|p2a: Jirachi
|-singleturn|p2a: Jirachi|Protect
|move|p1a: Landorus-Therian|Knock Off|p2a: Jirachi
|-activate|p2a: Jirachi|Protect
|
|turn|23
|c|âjpw234|u ask what i weak to
|c|âjpw234|i remember
|c|âjpw234|dark\/ghost special attackers
|
|switch|p1a: Latias|Latias, F|301\/301
|switch|p2a: Quagsire|Quagsire, F|394\/394
|-damage|p2a: Quagsire|370\/394|[from] Stealth Rock
|
|-heal|p2a: Quagsire|394\/394|[from] item: Leftovers
|turn|24
|
|move|p1a: Latias|Healing Wish|p1a: Latias
|faint|p1a: Latias
|move|p2a: Quagsire|Amnesia|p2a: Quagsire
|-boost|p2a: Quagsire|spd|2
|
|
|switch|p1a: Houndoom|Houndoom-Mega, M|60\/291
|-heal|p1a: Houndoom|291\/291|[from] move: Healing Wish
|-damage|p1a: Houndoom|219\/291|[from] Spikes
|turn|25
|
|move|p1a: Houndoom|Hidden Power|p2a: Quagsire
|-supereffective|p2a: Quagsire
|-damage|p2a: Quagsire|194\/394
|move|p2a: Quagsire|Amnesia|p2a: Quagsire
|-boost|p2a: Quagsire|spd|2
|
|-heal|p2a: Quagsire|218\/394|[from] item: Leftovers
|turn|26
|c|âjpw234|O.o
|c|âjpw234|hp grass?
|
|move|p1a: Houndoom|Hidden Power|p2a: Quagsire
|-supereffective|p2a: Quagsire
|-damage|p2a: Quagsire|74\/394
|move|p2a: Quagsire|Recover|p2a: Quagsire
|-heal|p2a: Quagsire|271\/394
|
|-heal|p2a: Quagsire|295\/394|[from] item: Leftovers
|turn|27
|join|Chillingtilnoon
|c| Draeden|HP Grass Houndoom, nb
|c| Gizmo|it ate that all the way up
|
|move|p1a: Houndoom|Hidden Power|p2a: Quagsire
|-supereffective|p2a: Quagsire
|-damage|p2a: Quagsire|139\/394
|move|p2a: Quagsire|Recover|p2a: Quagsire
|-heal|p2a: Quagsire|336\/394
|
|-heal|p2a: Quagsire|360\/394|[from] item: Leftovers
|turn|28
|
|move|p1a: Houndoom|Hidden Power|p2a: Quagsire
|-supereffective|p2a: Quagsire
|-damage|p2a: Quagsire|212\/394
|move|p2a: Quagsire|Toxic|p1a: Houndoom
|-status|p1a: Houndoom|tox
|
|-heal|p2a: Quagsire|236\/394|[from] item: Leftovers
|-damage|p1a: Houndoom|201\/291 tox|[from] psn
|turn|29
|c| Gizmo|quag is such a fatass
|c| Dragonite VII|crit incoming
|
|move|p1a: Houndoom|Hidden Power|p2a: Quagsire
|-supereffective|p2a: Quagsire
|-damage|p2a: Quagsire|84\/394
|move|p2a: Quagsire|Recover|p2a: Quagsire
|-heal|p2a: Quagsire|281\/394
|
|-heal|p2a: Quagsire|305\/394|[from] item: Leftovers
|-damage|p1a: Houndoom|165\/291 tox|[from] psn
|turn|30
|c|âRobert Edward Lee|cmon
|join|PATBYX
|c|âRobert Edward Lee|just one?
|
|move|p1a: Houndoom|Hidden Power|p2a: Quagsire
|-supereffective|p2a: Quagsire
|-damage|p2a: Quagsire|161\/394
|move|p2a: Quagsire|Recover|p2a: Quagsire
|-heal|p2a: Quagsire|358\/394
|
|-heal|p2a: Quagsire|382\/394|[from] item: Leftovers
|-damage|p1a: Houndoom|111\/291 tox|[from] psn
|turn|31
|c| VanilliteCone|no nasty plot?
|
|switch|p1a: Ferrothorn|Ferrothorn, M|287\/352
|-damage|p1a: Ferrothorn|199\/352|[from] Spikes
|move|p2a: Quagsire|Recover|p2a: Quagsire
|-heal|p2a: Quagsire|394\/394
|
|turn|32
|c|âRobert Edward Lee|unaware
|c| Dragonite VII|it wouldn't matter
|c| Dragonite VII|lol
|c| VanilliteCone|yeah, duh lol
|
|move|p2a: Quagsire|Scald|p1a: Ferrothorn
|-resisted|p1a: Ferrothorn
|-damage|p1a: Ferrothorn|173\/352
|-status|p1a: Ferrothorn|brn
|move|p1a: Ferrothorn|Leech Seed|p2a: Quagsire
|-start|p2a: Quagsire|move: Leech Seed
|
|-damage|p2a: Quagsire|345\/394|[from] Leech Seed|[of] p1a: Ferrothorn
|-heal|p1a: Ferrothorn|222\/352 brn|[silent]
|-damage|p1a: Ferrothorn|178\/352 brn|[from] brn
|turn|33
|
|move|p2a: Quagsire|Scald|p1a: Ferrothorn
|-crit|p1a: Ferrothorn
|-resisted|p1a: Ferrothorn
|-damage|p1a: Ferrothorn|136\/352 brn
|move|p1a: Ferrothorn|Leech Seed|p2a: Quagsire|[miss]
|-miss|p1a: Ferrothorn|p2a: Quagsire
|
|-heal|p2a: Quagsire|369\/394|[from] item: Leftovers
|-damage|p2a: Quagsire|320\/394|[from] Leech Seed|[of] p1a: Ferrothorn
|-heal|p1a: Ferrothorn|185\/352 brn|[silent]
|-damage|p1a: Ferrothorn|141\/352 brn|[from] brn
|turn|34
|join|its unbalanced
|
|move|p2a: Quagsire|Scald|p1a: Ferrothorn
|-resisted|p1a: Ferrothorn
|-damage|p1a: Ferrothorn|113\/352 brn
|move|p1a: Ferrothorn|Leech Seed|p2a: Quagsire
|-fail|p2a: Quagsire
|
|-heal|p2a: Quagsire|344\/394|[from] item: Leftovers
|-damage|p2a: Quagsire|295\/394|[from] Leech Seed|[of] p1a: Ferrothorn
|-heal|p1a: Ferrothorn|162\/352 brn|[silent]
|-damage|p1a: Ferrothorn|118\/352 brn|[from] brn
|turn|35
|
|move|p2a: Quagsire|Scald|p1a: Ferrothorn
|-resisted|p1a: Ferrothorn
|-damage|p1a: Ferrothorn|88\/352 brn
|move|p1a: Ferrothorn|Gyro Ball|p2a: Quagsire
|-resisted|p2a: Quagsire
|-damage|p2a: Quagsire|280\/394
|
|-heal|p2a: Quagsire|304\/394|[from] item: Leftovers
|-damage|p2a: Quagsire|255\/394|[from] Leech Seed|[of] p1a: Ferrothorn
|-heal|p1a: Ferrothorn|137\/352 brn|[silent]
|-damage|p1a: Ferrothorn|93\/352 brn|[from] brn
|turn|36
|join|ttar and freunds
|
|move|p2a: Quagsire|Scald|p1a: Ferrothorn
|-resisted|p1a: Ferrothorn
|-damage|p1a: Ferrothorn|63\/352 brn
|move|p1a: Ferrothorn|Stealth Rock|p2a: Quagsire
|-fail|p2a: Quagsire
|
|-heal|p2a: Quagsire|279\/394|[from] item: Leftovers
|-damage|p2a: Quagsire|230\/394|[from] Leech Seed|[of] p1a: Ferrothorn
|-heal|p1a: Ferrothorn|112\/352 brn|[silent]
|-damage|p1a: Ferrothorn|68\/352 brn|[from] brn
|turn|37
|
|move|p2a: Quagsire|Scald|p1a: Ferrothorn
|-resisted|p1a: Ferrothorn
|-damage|p1a: Ferrothorn|41\/352 brn
|move|p1a: Ferrothorn|Stealth Rock|p2a: Quagsire
|-fail|p2a: Quagsire
|
|-heal|p2a: Quagsire|254\/394|[from] item: Leftovers
|-damage|p2a: Quagsire|205\/394|[from] Leech Seed|[of] p1a: Ferrothorn
|-heal|p1a: Ferrothorn|90\/352 brn|[silent]
|-damage|p1a: Ferrothorn|46\/352 brn|[from] brn
|turn|38
|leave|its unbalanced
|
|move|p2a: Quagsire|Scald|p1a: Ferrothorn
|-crit|p1a: Ferrothorn
|-resisted|p1a: Ferrothorn
|-damage|p1a: Ferrothorn|6\/352 brn
|move|p1a: Ferrothorn|Stealth Rock|p2a: Quagsire
|-fail|p2a: Quagsire
|
|-heal|p2a: Quagsire|229\/394|[from] item: Leftovers
|-damage|p2a: Quagsire|180\/394|[from] Leech Seed|[of] p1a: Ferrothorn
|-heal|p1a: Ferrothorn|55\/352 brn|[silent]
|-damage|p1a: Ferrothorn|11\/352 brn|[from] brn
|turn|39
|
|move|p2a: Quagsire|Recover|p2a: Quagsire
|-heal|p2a: Quagsire|377\/394
|move|p1a: Ferrothorn|Stealth Rock|p2a: Quagsire
|-fail|p2a: Quagsire
|
|-heal|p2a: Quagsire|394\/394|[from] item: Leftovers
|-damage|p2a: Quagsire|345\/394|[from] Leech Seed|[of] p1a: Ferrothorn
|-heal|p1a: Ferrothorn|60\/352 brn|[silent]
|-damage|p1a: Ferrothorn|16\/352 brn|[from] brn
|turn|40
|
|move|p2a: Quagsire|Scald|p1a: Ferrothorn
|-resisted|p1a: Ferrothorn
|-damage|p1a: Ferrothorn|0 fnt
|faint|p1a: Ferrothorn
|
|-heal|p2a: Quagsire|369\/394|[from] item: Leftovers
|join|Specs Fake-Out
|
|switch|p1a: Houndoom|Houndoom-Mega, M|111\/291 tox
|-damage|p1a: Houndoom|39\/291 tox|[from] Spikes
|turn|41
|c|âRobert Edward Lee|gg
|
|move|p1a: Houndoom|Hidden Power|p2a: Quagsire
|-supereffective|p2a: Quagsire
|-damage|p2a: Quagsire|225\/394
|move|p2a: Quagsire|Scald|p1a: Houndoom
|-supereffective|p1a: Houndoom
|-damage|p1a: Houndoom|0 fnt
|faint|p1a: Houndoom
|
|-heal|p2a: Quagsire|249\/394|[from] item: Leftovers
|
|switch|p1a: Gengar|Gengar, M|259\/259
|turn|42
|join|its unbalanced
|
|move|p1a: Gengar|Shadow Ball|p2a: Quagsire
|-damage|p2a: Quagsire|155\/394
|-damage|p1a: Gengar|234\/259|[from] item: Life Orb
|move|p2a: Quagsire|Recover|p2a: Quagsire
|-heal|p2a: Quagsire|352\/394
|
|-heal|p2a: Quagsire|376\/394|[from] item: Leftovers
|-damage|p2a: Quagsire|327\/394|[from] Leech Seed|[of] p1a: Gengar
|-heal|p1a: Gengar|259\/259|[silent]
|turn|43
|leave|its unbalanced
|c|âjpw234|gg
|c| Specs Fake-Out|yall taking forever
|
|move|p1a: Gengar|Shadow Ball|p2a: Quagsire
|-damage|p2a: Quagsire|237\/394
|-damage|p1a: Gengar|234\/259|[from] item: Life Orb
|move|p2a: Quagsire|Scald|p1a: Gengar
|-damage|p1a: Gengar|147\/259
|
|-heal|p2a: Quagsire|261\/394|[from] item: Leftovers
|-damage|p2a: Quagsire|212\/394|[from] Leech Seed|[of] p1a: Gengar
|-heal|p1a: Gengar|196\/259|[silent]
|turn|44
|leave|asdfCookie
|leave|VanilliteCone
|
|move|p1a: Gengar|Shadow Ball|p2a: Quagsire
|-damage|p2a: Quagsire|130\/394
|-damage|p1a: Gengar|171\/259|[from] item: Life Orb
|move|p2a: Quagsire|Recover|p2a: Quagsire
|-heal|p2a: Quagsire|327\/394
|
|-heal|p2a: Quagsire|351\/394|[from] item: Leftovers
|-damage|p2a: Quagsire|302\/394|[from] Leech Seed|[of] p1a: Gengar
|-heal|p1a: Gengar|220\/259|[silent]
|turn|45
|c| UBERPYRO|no taunt? >.>
|c|âjpw234|oh sorry specs are you on a schedule?
|
|move|p1a: Gengar|Taunt|p2a: Quagsire
|-start|p2a: Quagsire|move: Taunt
|move|p2a: Quagsire|Scald|p1a: Gengar
|-damage|p1a: Gengar|136\/259
|
|-heal|p2a: Quagsire|326\/394|[from] item: Leftovers
|-damage|p2a: Quagsire|277\/394|[from] Leech Seed|[of] p1a: Gengar
|-heal|p1a: Gengar|185\/259|[silent]
|turn|46
|c| UBERPYRO|well
|c| UBERPYRO|bad time
|
|move|p1a: Gengar|Shadow Ball|p2a: Quagsire
|-damage|p2a: Quagsire|180\/394
|-damage|p1a: Gengar|160\/259|[from] item: Life Orb
|move|p2a: Quagsire|Scald|p1a: Gengar
|-damage|p1a: Gengar|81\/259
|
|-heal|p2a: Quagsire|204\/394|[from] item: Leftovers
|-damage|p2a: Quagsire|155\/394|[from] Leech Seed|[of] p1a: Gengar
|-heal|p1a: Gengar|130\/259|[silent]
|turn|47
|join|Hwangin
|
|move|p1a: Gengar|Shadow Ball|p2a: Quagsire
|-crit|p2a: Quagsire
|-damage|p2a: Quagsire|0 fnt
|-damage|p1a: Gengar|105\/259|[from] item: Life Orb
|faint|p2a: Quagsire
|
|c| UBERPYRO|there u go
|
|switch|p2a: Jirachi|Jirachi|404\/404
|-damage|p2a: Jirachi|379\/404|[from] Stealth Rock
|turn|48
|
|switch|p1a: Landorus-Therian|Landorus-Therian, M|143\/319
|-ability|p1a: Landorus-Therian|Intimidate|[of] p2a: Jirachi
|-unboost|p2a: Jirachi|atk|1
|move|p2a: Jirachi|Iron Head|p1a: Landorus-Therian
|-damage|p1a: Landorus-Therian|74\/319
|
|-heal|p2a: Jirachi|404\/404|[from] item: Leftovers
|turn|49
|c| Specs Fake-Out|wao
|
|move|p2a: Jirachi|Protect|p2a: Jirachi
|-singleturn|p2a: Jirachi|Protect
|move|p1a: Landorus-Therian|Earthquake|p2a: Jirachi
|-activate|p2a: Jirachi|Protect
|
|turn|50
|leave|Specs Fake-Out
|
|switch|p1a: Gengar|Gengar, M|105\/259
|switch|p2a: Gyarados|Gyarados, M|393\/393 slp
|-damage|p2a: Gyarados|295\/393 slp|[from] Stealth Rock
|-ability|p2a: Gyarados|Intimidate|[of] p1a: Gengar
|-unboost|p1a: Gengar|atk|1
|
|-heal|p2a: Gyarados|319\/393 slp|[from] item: Leftovers
|turn|51
|
|move|p1a: Gengar|Shadow Ball|p2a: Gyarados
|-damage|p2a: Gyarados|189\/393 slp
|-damage|p1a: Gengar|80\/259|[from] item: Life Orb
|cant|p2a: Gyarados|slp
|move|p2a: Gyarados|Sleep Talk|p2a: Gyarados
|move|p2a: Gyarados|Waterfall|p1a: Gengar|[from]Sleep Talk
|-damage|p1a: Gengar|0 fnt
|faint|p1a: Gengar
|
|-heal|p2a: Gyarados|213\/393 slp|[from] item: Leftovers
|c|âRobert Edward Lee|gg
|-message|Robert Edward Lee forfeited.
|
|win|jpw234
|leave|Bulky Deoxys-A
|leave|dymbath
|leave|jpw234
|player|p2
|leave|Gizmo
|leave|UBERPYRO
|leave|Dragonite VII
|leave|PATBYX
|leave|Draeden
|leave|Robert Edward Lee
|player|p1
|leave|BaconRush
|leave|Demandred