|join|horny whore
|join|jjrn
|player|p1|horny whore|155
|player|p2|jjrn|2
|gametype|singles
|gen|6
|tier|OU
|rated
|clearpoke
|poke|p1|Azumarill, M
|poke|p1|Galvantula, M, shiny
|poke|p1|Ferrothorn, F
|poke|p1|Rotom-Wash, shiny
|poke|p1|Charizard, M, shiny
|poke|p1|Jellicent, M
|poke|p2|Azumarill, F
|poke|p2|Kyurem-Black
|poke|p2|Latios, M
|poke|p2|Zapdos
|poke|p2|Medicham, F
|poke|p2|Breloom, M
|rule|Swagger Clause: Swagger is banned
|rule|Baton Pass Clause: Limit one PokÃ©mon knowing Baton Pass
|rule|Sleep Clause Mod: Limit one foe put to sleep
|rule|Species Clause: Limit one of each PokÃ©mon
|rule|OHKO Clause: OHKO moves are banned
|rule|Moody Clause: Moody is banned
|rule|Evasion Moves Clause: Evasion moves are banned
|rule|Endless Battle Clause: Forcing endless battles is banned
|rule|HP Percentage Mod: HP is shown in percentages
|teampreview
|
|start
|switch|p1a: Galvantula|Galvantula, M, shiny|281\/281
|switch|p2a: Medicham|Medicham, F|261\/261
|turn|1
|
|switch|p1a: Jellicent|Jellicent, M|341\/341
|detailschange|p2a: Medicham|Medicham-Mega, F
|message|Medicham has Mega Evolved into Mega Medicham!
|move|p2a: Medicham|Fake Out|p1a: Jellicent
|-immune|p1a: Jellicent|[msg]
|
|turn|2
|
|switch|p2a: Zapdos|Zapdos|321\/321
|-ability|p2a: Zapdos|Pressure
|move|p1a: Jellicent|Will-O-Wisp|p2a: Zapdos
|-status|p2a: Zapdos|brn
|
|-damage|p2a: Zapdos|281\/321 brn|[from] brn
|turn|3
|
|switch|p1a: Galvantula|Galvantula, M, shiny|281\/281
|move|p2a: Zapdos|Discharge|p1a: Galvantula
|-resisted|p1a: Galvantula
|-damage|p1a: Galvantula|179\/281
|
|-heal|p2a: Zapdos|301\/321 brn|[from] item: Leftovers
|-damage|p2a: Zapdos|261\/321 brn|[from] brn
|turn|4
|
|move|p1a: Galvantula|Sticky Web|p2a: Zapdos
|-sidestart|p2: jjrn|move: Sticky Web
|move|p2a: Zapdos|Heat Wave|p1a: Galvantula
|-supereffective|p1a: Galvantula
|-damage|p1a: Galvantula|0 fnt
|faint|p1a: Galvantula
|
|-heal|p2a: Zapdos|281\/321 brn|[from] item: Leftovers
|-damage|p2a: Zapdos|241\/321 brn|[from] brn
|
|switch|p1a: Charizard|Charizard, M, shiny|297\/297
|turn|5
|
|detailschange|p1a: Charizard|Charizard-Mega-X, M, shiny
|message|Charizard has Mega Evolved into Mega Charizard!
|move|p1a: Charizard|Dragon Dance|p1a: Charizard
|-boost|p1a: Charizard|atk|1
|-boost|p1a: Charizard|spe|1
|move|p2a: Zapdos|Discharge|p1a: Charizard
|-resisted|p1a: Charizard
|-damage|p1a: Charizard|208\/297
|
|-heal|p2a: Zapdos|261\/321 brn|[from] item: Leftovers
|-damage|p2a: Zapdos|221\/321 brn|[from] brn
|turn|6
|
|move|p1a: Charizard|Flare Blitz|p2a: Zapdos
|-crit|p2a: Zapdos
|-damage|p2a: Zapdos|0 fnt
|-damage|p1a: Charizard|135\/297|[from] recoil|[of] p2a: Zapdos
|faint|p2a: Zapdos
|
|
|switch|p2a: Breloom|Breloom, M|261\/261
|-activate|p2a: Breloom|move: Sticky Web
|-unboost|p2a: Breloom|spe|1
|turn|7
|
|move|p1a: Charizard|Dragon Claw|p2a: Breloom
|-enditem|p2a: Breloom|Focus Sash
|-damage|p2a: Breloom|1\/261
|move|p2a: Breloom|Spore|p1a: Charizard
|-status|p1a: Charizard|slp
|
|turn|8
|
|switch|p1a: Jellicent|Jellicent, M|341\/341
|move|p2a: Breloom|Rock Tomb|p1a: Jellicent
|-damage|p1a: Jellicent|231\/341
|-unboost|p1a: Jellicent|spe|1
|
|-heal|p1a: Jellicent|252\/341|[from] item: Leftovers
|turn|9
|
|move|p2a: Breloom|Bullet Seed|p1a: Jellicent
|-supereffective|p1a: Jellicent
|-damage|p1a: Jellicent|114\/341
|-supereffective|p1a: Jellicent
|-damage|p1a: Jellicent|0 fnt
|-hitcount|p1a: Jellicent|2
|faint|p1a: Jellicent
|
|
|switch|p1a: Azumarill|Azumarill, M|341\/341
|turn|10
|
|move|p1a: Azumarill|Aqua Jet|p2a: Breloom
|-resisted|p2a: Breloom
|-damage|p2a: Breloom|0 fnt
|faint|p2a: Breloom
|
|
|switch|p2a: Medicham|Medicham-Mega, F|261\/261
|-activate|p2a: Medicham|move: Sticky Web
|-unboost|p2a: Medicham|spe|1
|turn|11
|
|switch|p1a: Ferrothorn|Ferrothorn, F|289\/289
|move|p2a: Medicham|Fake Out|p1a: Ferrothorn
|-resisted|p1a: Ferrothorn
|-damage|p1a: Ferrothorn|261\/289
|-damage|p2a: Medicham|229\/261|[from] ability: Iron Barbs|[of] p1a: Ferrothorn
|
|-heal|p1a: Ferrothorn|279\/289|[from] item: Leftovers
|turn|12
|
|move|p1a: Ferrothorn|Protect|p1a: Ferrothorn
|-singleturn|p1a: Ferrothorn|Protect
|move|p2a: Medicham|Drain Punch|p1a: Ferrothorn
|-activate|p1a: Ferrothorn|Protect
|
|-heal|p1a: Ferrothorn|289\/289|[from] item: Leftovers
|turn|13
|
|switch|p1a: Azumarill|Azumarill, M|341\/341
|move|p2a: Medicham|Drain Punch|p1a: Azumarill
|-resisted|p1a: Azumarill
|-damage|p1a: Azumarill|212\/341
|-heal|p2a: Medicham|261\/261|[from] drain|[of] p1a: Azumarill
|
|turn|14
|
|move|p2a: Medicham|Zen Headbutt|p1a: Azumarill|[miss]
|-miss|p2a: Medicham|p1a: Azumarill
|move|p1a: Azumarill|Play Rough|p2a: Medicham
|-supereffective|p2a: Medicham
|-damage|p2a: Medicham|0 fnt
|faint|p2a: Medicham
|
|
|switch|p2a: Kyurem-Black|Kyurem-Black|391\/391
|-activate|p2a: Kyurem-Black|move: Sticky Web
|-unboost|p2a: Kyurem-Black|spe|1
|-ability|p2a: Kyurem-Black|Teravolt
|turn|15
|
|switch|p1a: Ferrothorn|Ferrothorn, F|289\/289
|move|p2a: Kyurem-Black|Fusion Bolt|p1a: Ferrothorn
|-resisted|p1a: Ferrothorn
|-damage|p1a: Ferrothorn|232\/289
|
|-heal|p1a: Ferrothorn|250\/289|[from] item: Leftovers
|turn|16
|
|switch|p2a: Latios|Latios, M|301\/301
|move|p1a: Ferrothorn|Leech Seed|p2a: Latios
|-start|p2a: Latios|move: Leech Seed
|
|-heal|p1a: Ferrothorn|268\/289|[from] item: Leftovers
|-damage|p2a: Latios|264\/301|[from] Leech Seed|[of] p1a: Ferrothorn
|-heal|p1a: Ferrothorn|289\/289|[silent]
|turn|17
|
|move|p1a: Ferrothorn|Protect|p1a: Ferrothorn
|-singleturn|p1a: Ferrothorn|Protect
|move|p2a: Latios|Recover|p2a: Latios
|-heal|p2a: Latios|301\/301
|
|-damage|p2a: Latios|264\/301|[from] Leech Seed|[of] p1a: Ferrothorn
|turn|18
|
|move|p2a: Latios|Psychic|p1a: Ferrothorn
|-resisted|p1a: Ferrothorn
|-damage|p1a: Ferrothorn|206\/289
|-damage|p2a: Latios|234\/301|[from] item: Life Orb
|move|p1a: Ferrothorn|Stealth Rock|p2a: Latios
|-sidestart|p2: jjrn|move: Stealth Rock
|
|-heal|p1a: Ferrothorn|224\/289|[from] item: Leftovers
|-damage|p2a: Latios|197\/301|[from] Leech Seed|[of] p1a: Ferrothorn
|-heal|p1a: Ferrothorn|261\/289|[silent]
|turn|19
|
|move|p1a: Ferrothorn|Protect|p1a: Ferrothorn
|-singleturn|p1a: Ferrothorn|Protect
|move|p2a: Latios|Recover|p2a: Latios
|-heal|p2a: Latios|301\/301
|
|-heal|p1a: Ferrothorn|279\/289|[from] item: Leftovers
|-damage|p2a: Latios|264\/301|[from] Leech Seed|[of] p1a: Ferrothorn
|-heal|p1a: Ferrothorn|289\/289|[silent]
|turn|20
|
|move|p2a: Latios|Hidden Power|p1a: Ferrothorn
|-supereffective|p1a: Ferrothorn
|-damage|p1a: Ferrothorn|8\/289
|-damage|p2a: Latios|234\/301|[from] item: Life Orb
|move|p1a: Ferrothorn|Gyro Ball|p2a: Latios
|-damage|p2a: Latios|0 fnt
|faint|p2a: Latios
|
|-heal|p1a: Ferrothorn|26\/289|[from] item: Leftovers
|-message|jjrn forfeited.
|
|win|horny whore
|raw|Ladder updating...
|leave|jjrn
|player|p2
|raw|horny whore's rating: 1434 &rarr; <strong>1458<\/strong><br \/>(+24 for winning)
|raw|jjrn's rating: 1501 &rarr; <strong>1478<\/strong><br \/>(-23 for losing)