|join|Alpha1234
|join|jjrn
|player|p1|Alpha1234|96
|player|p2|jjrn|2
|gametype|singles
|gen|6
|tier|OU
|rated
|clearpoke
|poke|p1|Banette, M
|poke|p1|Garchomp, F
|poke|p1|Klefki, M
|poke|p1|Talonflame, F
|poke|p1|Kyurem-Black
|poke|p1|Greninja, M
|poke|p2|Mawile, M
|poke|p2|Hydreigon, F
|poke|p2|Garchomp, F
|poke|p2|Ferrothorn, M
|poke|p2|Zapdos
|poke|p2|Greninja, M
|rule|Swagger Clause: Swagger is banned
|rule|Baton Pass Clause: Limit one PokÃ©mon knowing Baton Pass
|rule|Sleep Clause Mod: Limit one foe put to sleep
|rule|Species Clause: Limit one of each PokÃ©mon
|rule|OHKO Clause: OHKO moves are banned
|rule|Moody Clause: Moody is banned
|rule|Evasion Moves Clause: Evasion moves are banned
|rule|Endless Battle Clause: Forcing endless battles is banned
|rule|HP Percentage Mod: HP is reported as percentages
|teampreview
|
|start
|switch|p1a: Greninja|Greninja, M|286\/286
|switch|p2a: Greninja|Greninja, M|285\/285
|turn|1
|
|move|p2a: Greninja|Hydro Pump|p1a: Greninja
|-resisted|p1a: Greninja
|-damage|p1a: Greninja|143\/286
|-damage|p2a: Greninja|257\/285|[from] item: Life Orb
|move|p1a: Greninja|Hidden Power|p2a: Greninja
|-start|p1a: Greninja|typechange|Fighting|[from] Protean
|-supereffective|p2a: Greninja
|-damage|p2a: Greninja|0 fnt
|faint|p2a: Greninja
|
|
|switch|p2a: Zapdos|Zapdos|321\/321
|-ability|p2a: Zapdos|Pressure
|turn|2
|
|switch|p1a: Garchomp|Garchomp, F|358\/358
|move|p2a: Zapdos|Toxic|p1a: Garchomp
|-status|p1a: Garchomp|tox
|
|-damage|p1a: Garchomp|336\/358 tox|[from] psn
|turn|3
|
|move|p1a: Garchomp|Rock Slide|p2a: Zapdos
|-supereffective|p2a: Zapdos
|-damage|p2a: Zapdos|119\/321
|move|p2a: Zapdos|Extrasensory|p1a: Garchomp
|-damage|p1a: Garchomp|231\/358 tox
|
|-heal|p2a: Zapdos|139\/321|[from] item: Leftovers
|-damage|p1a: Garchomp|187\/358 tox|[from] psn
|turn|4
|
|switch|p2a: Ferrothorn|Ferrothorn, M|289\/289
|move|p1a: Garchomp|Rock Slide|p2a: Ferrothorn
|-resisted|p2a: Ferrothorn
|-damage|p2a: Ferrothorn|259\/289
|
|-heal|p2a: Ferrothorn|277\/289|[from] item: Leftovers
|-damage|p1a: Garchomp|121\/358 tox|[from] psn
|turn|5
|
|switch|p1a: Talonflame|Talonflame, F|298\/298
|switch|p2a: Zapdos|Zapdos|139\/321
|-ability|p2a: Zapdos|Pressure
|
|-heal|p2a: Zapdos|159\/321|[from] item: Leftovers
|turn|6
|
|switch|p1a: Kyurem-Black|Kyurem-Black|391\/391
|-ability|p1a: Kyurem-Black|Teravolt
|switch|p2a: Garchomp|Garchomp, F|357\/357
|
|turn|7
|
|move|p2a: Garchomp|Dragon Claw|p1a: Kyurem-Black
|-supereffective|p1a: Kyurem-Black
|-damage|p1a: Kyurem-Black|76\/391
|-damage|p2a: Garchomp|322\/357|[from] item: Life Orb
|move|p1a: Kyurem-Black|Ice Beam|p2a: Garchomp
|-supereffective|p2a: Garchomp
|-damage|p2a: Garchomp|0 fnt
|-damage|p1a: Kyurem-Black|37\/391|[from] item: Life Orb
|faint|p2a: Garchomp
|
|
|switch|p2a: Zapdos|Zapdos|159\/321
|-ability|p2a: Zapdos|Pressure
|turn|8
|
|move|p1a: Kyurem-Black|Ice Beam|p2a: Zapdos
|-supereffective|p2a: Zapdos
|-damage|p2a: Zapdos|0 fnt
|-damage|p1a: Kyurem-Black|0 fnt|[from] item: Life Orb
|faint|p2a: Zapdos
|faint|p1a: Kyurem-Black
|
|
|switch|p1a: Talonflame|Talonflame, F|298\/298
|switch|p2a: Hydreigon|Hydreigon, F|325\/325
|turn|9
|
|move|p1a: Talonflame|Brave Bird|p2a: Hydreigon
|-damage|p2a: Hydreigon|69\/325
|-damage|p1a: Talonflame|214\/298|[from] recoil|[of] p2a: Hydreigon
|move|p2a: Hydreigon|Dragon Pulse|p1a: Talonflame
|-damage|p1a: Talonflame|0 fnt
|faint|p1a: Talonflame
|
|
|switch|p1a: Greninja|Greninja, M|143\/286
|turn|10
|
|switch|p2a: Ferrothorn|Ferrothorn, M|277\/289
|move|p1a: Greninja|Hidden Power|p2a: Ferrothorn
|-start|p1a: Greninja|typechange|Fighting|[from] Protean
|-supereffective|p2a: Ferrothorn
|-damage|p2a: Ferrothorn|138\/289
|
|-heal|p2a: Ferrothorn|156\/289|[from] item: Leftovers
|turn|11
|
|switch|p1a: Klefki|Klefki, M|318\/318
|move|p2a: Ferrothorn|Knock Off|p1a: Klefki
|-resisted|p1a: Klefki
|-damage|p1a: Klefki|288\/318
|-enditem|p1a: Klefki|Focus Sash|[from] move: Knock Off|[of] p2a: Ferrothorn
|
|-heal|p2a: Ferrothorn|174\/289|[from] item: Leftovers
|turn|12
|
|move|p1a: Klefki|Switcheroo|p2a: Ferrothorn
|-activate|p1a: Klefki|move: Trick|[of] p2a: Ferrothorn
|-item|p1a: Klefki|Leftovers|[from] Trick
|move|p2a: Ferrothorn|Thunder Wave|p1a: Klefki
|-status|p1a: Klefki|par
|
|-heal|p1a: Klefki|307\/318 par|[from] item: Leftovers
|turn|13
|
|move|p1a: Klefki|Spikes|p2a: Ferrothorn
|-sidestart|p2: jjrn|Spikes
|move|p2a: Ferrothorn|Leech Seed|p1a: Klefki
|-start|p1a: Klefki|move: Leech Seed
|
|-heal|p1a: Klefki|318\/318 par|[from] item: Leftovers
|-damage|p1a: Klefki|279\/318 par|[from] Leech Seed|[of] p2a: Ferrothorn
|-heal|p2a: Ferrothorn|213\/289|[silent]
|turn|14
|
|switch|p1a: Garchomp|Garchomp, F|121\/358 tox
|move|p2a: Ferrothorn|Knock Off|p1a: Garchomp
|-damage|p1a: Garchomp|31\/358 tox
|-damage|p2a: Ferrothorn|177\/289|[from] ability: Rough Skin|[of] p1a: Garchomp
|-enditem|p1a: Garchomp|Choice Scarf|[from] move: Knock Off|[of] p2a: Ferrothorn
|
|-damage|p1a: Garchomp|9\/358 tox|[from] psn
|turn|15
|
|switch|p2a: Hydreigon|Hydreigon, F|69\/325
|move|p1a: Garchomp|Earthquake|p2a: Hydreigon
|-immune|p2a: Hydreigon|[msg]
|
|-damage|p1a: Garchomp|0 fnt|[from] psn
|faint|p1a: Garchomp
|
|switch|p1a: Greninja|Greninja, M|143\/286
|turn|16
|
|move|p1a: Greninja|Hidden Power|p2a: Hydreigon
|-start|p1a: Greninja|typechange|Fighting|[from] Protean
|-supereffective|p2a: Hydreigon
|-damage|p2a: Hydreigon|0 fnt
|faint|p2a: Hydreigon
|
|
|switch|p2a: Mawile|Mawile, M|241\/241
|-damage|p2a: Mawile|211\/241|[from] Spikes
|-ability|p2a: Mawile|Intimidate|[of] p1a: Greninja
|-unboost|p1a: Greninja|atk|1
|turn|17
|
|detailschange|p2a: Mawile|Mawile-Mega, M
|message|Mawile has Mega Evolved into Mega Mawile!
|move|p2a: Mawile|Sucker Punch|p1a: Greninja
|-resisted|p1a: Greninja
|-damage|p1a: Greninja|8\/286
|move|p1a: Greninja|Surf|p2a: Mawile
|-start|p1a: Greninja|typechange|Water|[from] Protean
|-damage|p2a: Mawile|76\/241
|
|turn|18
|
|switch|p1a: Klefki|Klefki, M|279\/318 par
|move|p2a: Mawile|Sucker Punch|p1a: Klefki
|-fail|p1a: Klefki
|
|-heal|p1a: Klefki|298\/318 par|[from] item: Leftovers
|turn|19
|
|switch|p2a: Ferrothorn|Ferrothorn, M|177\/289
|-damage|p2a: Ferrothorn|141\/289|[from] Spikes
|move|p1a: Klefki|Thunder Wave|p2a: Ferrothorn
|-status|p2a: Ferrothorn|par
|
|-heal|p1a: Klefki|317\/318 par|[from] item: Leftovers
|turn|20
|
|switch|p1a: Greninja|Greninja, M|8\/286
|cant|p2a: Ferrothorn|par
|
|turn|21
|
|move|p1a: Greninja|Hidden Power|p2a: Ferrothorn
|-start|p1a: Greninja|typechange|Fighting|[from] Protean
|-supereffective|p2a: Ferrothorn
|-damage|p2a: Ferrothorn|2\/289 par
|move|p2a: Ferrothorn|Leech Seed|p1a: Greninja
|-start|p1a: Greninja|move: Leech Seed
|
|-damage|p1a: Greninja|0 fnt|[from] Leech Seed|[of] p2a: Ferrothorn
|-heal|p2a: Ferrothorn|10\/289 par|[silent]
|faint|p1a: Greninja
|
|switch|p1a: Banette|Banette, M|331\/331
|turn|22
|
|detailschange|p1a: Banette|Banette-Mega, M
|message|Banette has Mega Evolved into Mega Banette!
|move|p1a: Banette|Shadow Sneak|p2a: Ferrothorn
|-damage|p2a: Ferrothorn|0 fnt
|-damage|p1a: Banette|290\/331|[from] ability: Iron Barbs|[of] p2a: Ferrothorn
|faint|p2a: Ferrothorn
|
|
|switch|p2a: Mawile|Mawile-Mega, M|76\/241
|-damage|p2a: Mawile|46\/241|[from] Spikes
|turn|23
|
|move|p1a: Banette|Shadow Sneak|p2a: Mawile
|-damage|p2a: Mawile|0 fnt
|faint|p2a: Mawile
|
|win|Alpha1234
|raw|Ladder updating...
|raw|Alpha1234's rating: 1386 &rarr; <strong>1405<\/strong><br \/>(+19 for winning)
|raw|jjrn's rating: 1372 &rarr; <strong>1353<\/strong><br \/>(-19 for losing)