|join|DiegoJ
|join|jjrn
|player|p1|DiegoJ|101
|player|p2|jjrn|170
|gametype|singles
|gen|6
|tier|OU
|rated
|clearpoke
|poke|p1|Garchomp, M
|poke|p1|Heracross, M
|poke|p1|Landorus-Therian, M
|poke|p1|Rotom-Wash
|poke|p1|Crobat, F
|poke|p1|Clefable, M
|poke|p2|Mawile, F
|poke|p2|Hydreigon, F
|poke|p2|Garchomp, F
|poke|p2|Ferrothorn, F
|poke|p2|Zapdos
|poke|p2|Latios, M
|rule|Swagger Clause: Swagger is banned
|rule|Baton Pass Clause: Limit one PokÃ©mon knowing Baton Pass
|rule|Sleep Clause Mod: Limit one foe put to sleep
|rule|Species Clause: Limit one of each PokÃ©mon
|rule|OHKO Clause: OHKO moves are banned
|rule|Moody Clause: Moody is banned
|rule|Evasion Moves Clause: Evasion moves are banned
|rule|Endless Battle Clause: Forcing endless battles is banned
|rule|HP Percentage Mod: HP is shown in percentages
|teampreview
|
|start
|switch|p1a: Heracross|Heracross, M|302\/302
|switch|p2a: Latios|Latios, M|301\/301
|turn|1
|
|switch|p2a: Garchomp|Garchomp, F|357\/357
|move|p1a: Heracross|Megahorn|p2a: Garchomp
|-damage|p2a: Garchomp|182\/357
|-damage|p1a: Heracross|265\/302|[from] ability: Rough Skin|[of] p2a: Garchomp
|
|turn|2
|
|switch|p1a: Landorus-Therian|Landorus-Therian, M|382\/382
|-ability|p1a: Landorus-Therian|Intimidate|[of] p2a: Garchomp
|-unboost|p2a: Garchomp|atk|1
|move|p2a: Garchomp|Stone Edge|p1a: Landorus-Therian
|-damage|p1a: Landorus-Therian|312\/382
|-damage|p2a: Garchomp|147\/357|[from] item: Life Orb
|
|-heal|p1a: Landorus-Therian|335\/382|[from] item: Leftovers
|turn|3
|
|switch|p2a: Ferrothorn|Ferrothorn, F|289\/289
|move|p1a: Landorus-Therian|Stealth Rock|p2a: Ferrothorn
|-sidestart|p2: jjrn|move: Stealth Rock
|
|-heal|p1a: Landorus-Therian|358\/382|[from] item: Leftovers
|turn|4
|
|switch|p1a: Clefable|Clefable, M|394\/394
|move|p2a: Ferrothorn|Stealth Rock|p1a: Clefable
|-sidestart|p1: DiegoJ|move: Stealth Rock
|
|turn|5
|
|move|p1a: Clefable|Flamethrower|p2a: Ferrothorn
|-supereffective|p2a: Ferrothorn
|-damage|p2a: Ferrothorn|50\/289
|move|p2a: Ferrothorn|Gyro Ball|p1a: Clefable
|-supereffective|p1a: Clefable
|-damage|p1a: Clefable|266\/394
|
|-heal|p2a: Ferrothorn|68\/289|[from] item: Leftovers
|turn|6
|
|switch|p2a: Hydreigon|Hydreigon, F|325\/325
|-damage|p2a: Hydreigon|285\/325|[from] Stealth Rock
|move|p1a: Clefable|Moonblast|p2a: Hydreigon
|-supereffective|p2a: Hydreigon
|-damage|p2a: Hydreigon|0 fnt
|faint|p2a: Hydreigon
|
|
|switch|p2a: Latios|Latios, M|301\/301
|-damage|p2a: Latios|264\/301|[from] Stealth Rock
|turn|7
|
|move|p2a: Latios|Ice Beam|p1a: Clefable
|-damage|p1a: Clefable|141\/394
|move|p1a: Clefable|Soft-Boiled|p1a: Clefable
|-heal|p1a: Clefable|338\/394
|
|turn|8
|
|switch|p2a: Mawile|Mawile, F|242\/242
|-damage|p2a: Mawile|227\/242|[from] Stealth Rock
|-ability|p2a: Mawile|Intimidate|[of] p1a: Clefable
|-unboost|p1a: Clefable|atk|1
|move|p1a: Clefable|Moonblast|p2a: Mawile
|-resisted|p2a: Mawile
|-damage|p2a: Mawile|94\/242
|
|turn|9
|
|detailschange|p2a: Mawile|Mawile-Mega, F
|message|Mawile has Mega Evolved into Mega Mawile!
|move|p1a: Clefable|Flamethrower|p2a: Mawile
|-supereffective|p2a: Mawile
|-damage|p2a: Mawile|0 fnt
|faint|p2a: Mawile
|
|-message|jjrn forfeited.
|
|win|DiegoJ
|raw|Ladder updating...
|leave|jjrn
|player|p2
|raw|DiegoJ's rating: 1483 &rarr; <strong>1500<\/strong><br \/>(+17 for winning)
|raw|jjrn's rating: 1437 &rarr; <strong>1420<\/strong><br \/>(-17 for losing)