|join|kullhadd hekk
|join|jjrn
|player|p1|kullhadd hekk|266
|player|p2|jjrn|2
|gametype|singles
|gen|6
|tier|OU
|rated
|clearpoke
|poke|p1|Tyranitar, M
|poke|p1|Excadrill, M
|poke|p1|Ferrothorn, M
|poke|p1|Keldeo
|poke|p1|Pinsir, F
|poke|p1|Gengar, F
|poke|p2|Azumarill, M
|poke|p2|Kyurem-Black
|poke|p2|Latios, M
|poke|p2|Zapdos
|poke|p2|Medicham, F
|poke|p2|Breloom, M
|rule|Swagger Clause: Swagger is banned
|rule|Baton Pass Clause: Limit one PokÃ©mon knowing Baton Pass
|rule|Sleep Clause Mod: Limit one foe put to sleep
|rule|Species Clause: Limit one of each PokÃ©mon
|rule|OHKO Clause: OHKO moves are banned
|rule|Moody Clause: Moody is banned
|rule|Evasion Moves Clause: Evasion moves are banned
|rule|Endless Battle Clause: Forcing endless battles is banned
|rule|HP Percentage Mod: HP is shown in percentages
|teampreview
|
|start
|switch|p1a: Tyranitar|Tyranitar, M|341\/341
|switch|p2a: Breloom|Breloom, M|261\/261
|-weather|Sandstorm
|turn|1
|
|switch|p1a: Ferrothorn|Ferrothorn, M|351\/351
|move|p2a: Breloom|Bullet Seed|p1a: Ferrothorn
|-resisted|p1a: Ferrothorn
|-damage|p1a: Ferrothorn|340\/351
|-resisted|p1a: Ferrothorn
|-damage|p1a: Ferrothorn|329\/351
|-resisted|p1a: Ferrothorn
|-damage|p1a: Ferrothorn|319\/351
|-resisted|p1a: Ferrothorn
|-damage|p1a: Ferrothorn|309\/351
|-hitcount|p1a: Ferrothorn|4
|
|-weather|Sandstorm|[upkeep]
|-damage|p2a: Breloom|245\/261|[from] sandstorm
|-heal|p1a: Ferrothorn|330\/351|[from] item: Leftovers
|turn|2
|
|switch|p2a: Zapdos|Zapdos|321\/321
|-ability|p2a: Zapdos|Pressure
|move|p1a: Ferrothorn|Gyro Ball|p2a: Zapdos
|-resisted|p2a: Zapdos
|-damage|p2a: Zapdos|237\/321
|
|-weather|Sandstorm|[upkeep]
|-damage|p2a: Zapdos|217\/321|[from] sandstorm
|-heal|p2a: Zapdos|237\/321|[from] item: Leftovers
|-heal|p1a: Ferrothorn|351\/351|[from] item: Leftovers
|turn|3
|
|switch|p1a: Tyranitar|Tyranitar, M|341\/341
|move|p2a: Zapdos|Discharge|p1a: Tyranitar
|-damage|p1a: Tyranitar|226\/341
|
|-weather|Sandstorm|[upkeep]
|-damage|p2a: Zapdos|217\/321|[from] sandstorm
|-heal|p2a: Zapdos|237\/321|[from] item: Leftovers
|turn|4
|
|switch|p2a: Breloom|Breloom, M|245\/261
|move|p1a: Tyranitar|Stealth Rock|p2a: Breloom
|-sidestart|p2: jjrn|move: Stealth Rock
|
|-weather|Sandstorm|[upkeep]
|-damage|p2a: Breloom|229\/261|[from] sandstorm
|turn|5
|
|switch|p1a: Ferrothorn|Ferrothorn, M|351\/351
|move|p2a: Breloom|Drain Punch|p1a: Ferrothorn
|-crit|p1a: Ferrothorn
|-supereffective|p1a: Ferrothorn
|-damage|p1a: Ferrothorn|63\/351
|-heal|p2a: Breloom|261\/261|[from] drain|[of] p1a: Ferrothorn
|-damage|p2a: Breloom|229\/261|[from] ability: Iron Barbs|[of] p1a: Ferrothorn
|
|-weather|none
|-heal|p1a: Ferrothorn|84\/351|[from] item: Leftovers
|turn|6
|c|âkullhadd hekk|every match
|c|âkullhadd hekk|this fucking hax
|
|move|p1a: Ferrothorn|Protect|p1a: Ferrothorn
|-singleturn|p1a: Ferrothorn|Protect
|move|p2a: Breloom|Drain Punch|p1a: Ferrothorn
|-activate|p1a: Ferrothorn|Protect
|
|-heal|p1a: Ferrothorn|105\/351|[from] item: Leftovers
|turn|7
|
|switch|p1a: Gengar|Gengar, F|261\/261
|move|p2a: Breloom|Rock Tomb|p1a: Gengar
|-damage|p1a: Gengar|112\/261
|-unboost|p1a: Gengar|spe|1
|
|turn|8
|
|switch|p1a: Ferrothorn|Ferrothorn, M|105\/351
|move|p2a: Breloom|Rock Tomb|p1a: Ferrothorn
|-resisted|p1a: Ferrothorn
|-damage|p1a: Ferrothorn|68\/351
|-unboost|p1a: Ferrothorn|spe|1
|
|-heal|p1a: Ferrothorn|89\/351|[from] item: Leftovers
|turn|9
|
|move|p1a: Ferrothorn|Protect|p1a: Ferrothorn
|-singleturn|p1a: Ferrothorn|Protect
|move|p2a: Breloom|Drain Punch|p1a: Ferrothorn
|-activate|p1a: Ferrothorn|Protect
|
|-heal|p1a: Ferrothorn|110\/351|[from] item: Leftovers
|turn|10
|
|switch|p1a: Gengar|Gengar, F|112\/261
|move|p2a: Breloom|Drain Punch|p1a: Gengar
|-immune|p1a: Gengar|[msg]
|
|turn|11
|
|switch|p2a: Kyurem-Black|Kyurem-Black|391\/391
|-damage|p2a: Kyurem-Black|294\/391|[from] Stealth Rock
|-ability|p2a: Kyurem-Black|Teravolt
|move|p1a: Gengar|Sludge Wave|p2a: Kyurem-Black
|-damage|p2a: Kyurem-Black|68\/391
|-damage|p1a: Gengar|86\/261|[from] item: Life Orb
|
|turn|12
|
|switch|p1a: Tyranitar|Tyranitar, M|226\/341
|-weather|Sandstorm
|move|p2a: Kyurem-Black|Dragon Claw|p1a: Tyranitar
|-damage|p1a: Tyranitar|39\/341
|
|-weather|Sandstorm|[upkeep]
|-damage|p2a: Kyurem-Black|44\/391|[from] sandstorm
|turn|13
|
|switch|p1a: Ferrothorn|Ferrothorn, M|110\/351
|move|p2a: Kyurem-Black|Dragon Claw|p1a: Ferrothorn
|-resisted|p1a: Ferrothorn
|-damage|p1a: Ferrothorn|51\/351
|-damage|p2a: Kyurem-Black|0 fnt|[from] ability: Iron Barbs|[of] p1a: Ferrothorn
|faint|p2a: Kyurem-Black
|
|-weather|Sandstorm|[upkeep]
|-heal|p1a: Ferrothorn|72\/351|[from] item: Leftovers
|
|switch|p2a: Zapdos|Zapdos|237\/321
|-damage|p2a: Zapdos|157\/321|[from] Stealth Rock
|-ability|p2a: Zapdos|Pressure
|turn|14
|
|move|p2a: Zapdos|Roost|p2a: Zapdos
|-heal|p2a: Zapdos|318\/321
|move|p1a: Ferrothorn|Leech Seed|p2a: Zapdos
|-start|p2a: Zapdos|move: Leech Seed
|
|-weather|Sandstorm|[upkeep]
|-damage|p2a: Zapdos|298\/321|[from] sandstorm
|-heal|p2a: Zapdos|318\/321|[from] item: Leftovers
|-heal|p1a: Ferrothorn|93\/351|[from] item: Leftovers
|-damage|p2a: Zapdos|278\/321|[from] Leech Seed|[of] p1a: Ferrothorn
|-heal|p1a: Ferrothorn|133\/351|[silent]
|turn|15
|
|switch|p2a: Latios|Latios, M|301\/301
|-damage|p2a: Latios|264\/301|[from] Stealth Rock
|move|p1a: Ferrothorn|Protect|p1a: Ferrothorn
|-fail|p1a: Ferrothorn
|
|-weather|Sandstorm|[upkeep]
|-damage|p2a: Latios|246\/301|[from] sandstorm
|-heal|p1a: Ferrothorn|154\/351|[from] item: Leftovers
|turn|16
|
|move|p1a: Ferrothorn|Protect|p1a: Ferrothorn
|-singleturn|p1a: Ferrothorn|Protect
|move|p2a: Latios|Hidden Power|p1a: Ferrothorn
|-activate|p1a: Ferrothorn|Protect
|
|-weather|none
|-heal|p1a: Ferrothorn|175\/351|[from] item: Leftovers
|turn|17
|
|switch|p2a: Zapdos|Zapdos|278\/321
|-damage|p2a: Zapdos|198\/321|[from] Stealth Rock
|-ability|p2a: Zapdos|Pressure
|switch|p1a: Tyranitar|Tyranitar, M|39\/341
|-weather|Sandstorm
|
|-weather|Sandstorm|[upkeep]
|-damage|p2a: Zapdos|178\/321|[from] sandstorm
|-heal|p2a: Zapdos|198\/321|[from] item: Leftovers
|turn|18
|
|move|p1a: Tyranitar|Stone Edge|p2a: Zapdos
|-supereffective|p2a: Zapdos
|-damage|p2a: Zapdos|0 fnt
|faint|p2a: Zapdos
|
|-weather|Sandstorm|[upkeep]
|
|switch|p2a: Breloom|Breloom, M|229\/261
|-damage|p2a: Breloom|213\/261|[from] Stealth Rock
|turn|19
|c|âkullhadd hekk|VISSERO
|
|move|p2a: Breloom|Spore|p1a: Tyranitar
|-status|p1a: Tyranitar|slp
|cant|p1a: Tyranitar|slp
|
|-weather|Sandstorm|[upkeep]
|-damage|p2a: Breloom|197\/261|[from] sandstorm
|turn|20
|
|move|p2a: Breloom|Bullet Seed|p1a: Tyranitar
|-supereffective|p1a: Tyranitar
|-damage|p1a: Tyranitar|0 fnt
|-hitcount|p1a: Tyranitar|1
|faint|p1a: Tyranitar
|
|-weather|Sandstorm|[upkeep]
|-damage|p2a: Breloom|181\/261|[from] sandstorm
|
|switch|p1a: Excadrill|Excadrill, M|361\/361
|turn|21
|
|move|p1a: Excadrill|Iron Head|p2a: Breloom
|-damage|p2a: Breloom|0 fnt
|-damage|p1a: Excadrill|325\/361|[from] item: Life Orb
|faint|p2a: Breloom
|
|-weather|none
|
|switch|p2a: Azumarill|Azumarill, M|341\/341
|-damage|p2a: Azumarill|299\/341|[from] Stealth Rock
|turn|22
|
|move|p1a: Excadrill|Earthquake|p2a: Azumarill
|-damage|p2a: Azumarill|26\/341
|-damage|p1a: Excadrill|289\/361|[from] item: Life Orb
|move|p2a: Azumarill|Knock Off|p1a: Excadrill
|-damage|p1a: Excadrill|75\/361
|-enditem|p1a: Excadrill|Life Orb|[from] move: Knock Off|[of] p2a: Azumarill
|
|turn|23
|
|switch|p1a: Ferrothorn|Ferrothorn, M|175\/351
|move|p2a: Azumarill|Aqua Jet|p1a: Ferrothorn
|-resisted|p1a: Ferrothorn
|-damage|p1a: Ferrothorn|148\/351
|-damage|p2a: Azumarill|0 fnt|[from] ability: Iron Barbs|[of] p1a: Ferrothorn
|faint|p2a: Azumarill
|
|-heal|p1a: Ferrothorn|169\/351|[from] item: Leftovers
|c|âkullhadd hekk|los
|c|âkullhadd hekk|plays
|
|switch|p2a: Medicham|Medicham, F|261\/261
|-damage|p2a: Medicham|245\/261|[from] Stealth Rock
|turn|24
|c|âkullhadd hekk|gg
|
|detailschange|p2a: Medicham|Medicham-Mega, F
|message|Medicham has Mega Evolved into Mega Medicham!
|move|p2a: Medicham|Ice Punch|p1a: Ferrothorn
|-damage|p1a: Ferrothorn|59\/351
|-damage|p2a: Medicham|213\/261|[from] ability: Iron Barbs|[of] p1a: Ferrothorn
|move|p1a: Ferrothorn|Gyro Ball|p2a: Medicham
|-damage|p2a: Medicham|24\/261
|
|-heal|p1a: Ferrothorn|80\/351|[from] item: Leftovers
|turn|25
|-message|jjrn forfeited.
|
|win|kullhadd hekk
|raw|Ladder updating...
|leave|jjrn
|player|p2
|raw|kullhadd hekk's rating: 1600 &rarr; <strong>1617<\/strong><br \/>(+17 for winning)
|raw|jjrn's rating: 1543 &rarr; <strong>1526<\/strong><br \/>(-17 for losing)