|join|jjrn
|join|JTF123
|player|p1|jjrn|169
|player|p2|JTF123|262
|gametype|singles
|gen|6
|tier|OU
|rated
|clearpoke
|poke|p1|Mawile, M
|poke|p1|Hydreigon, F
|poke|p1|Garchomp, M
|poke|p1|Ferrothorn, F
|poke|p1|Zapdos
|poke|p1|Greninja, F
|poke|p2|Excadrill, M
|poke|p2|Gastrodon, F
|poke|p2|Rotom-Wash
|poke|p2|Greninja, M, shiny
|poke|p2|Pinsir, M
|poke|p2|Talonflame, F
|rule|Swagger Clause: Swagger is banned
|rule|Baton Pass Clause: Limit one PokÃ©mon knowing Baton Pass
|rule|Sleep Clause Mod: Limit one foe put to sleep
|rule|Species Clause: Limit one of each PokÃ©mon
|rule|OHKO Clause: OHKO moves are banned
|rule|Moody Clause: Moody is banned
|rule|Evasion Moves Clause: Evasion moves are banned
|rule|Endless Battle Clause: Forcing endless battles is banned
|rule|HP Percentage Mod: HP is shown in percentages
|teampreview
|
|start
|switch|p1a: Zapdos|Zapdos|321\/321
|switch|p2a: Talonflair|Talonflame, F|298\/298
|-ability|p1a: Zapdos|Pressure
|turn|1
|
|switch|p1a: Garchomp|Garchomp, M|357\/357
|move|p2a: Talonflair|U-turn|p1a: Garchomp
|-crit|p1a: Garchomp
|-damage|p1a: Garchomp|249\/357
|-damage|p2a: Talonflair|261\/298|[from] ability: Rough Skin|[of] p1a: Garchomp
|-damage|p2a: Talonflair|232\/298|[from] item: Life Orb
|
|switch|p2a: Grengier|Greninja, M, shiny|286\/286
|
|turn|2
|
|switch|p1a: Ferrothorn|Ferrothorn, F|289\/289
|move|p2a: Grengier|Ice Beam|p1a: Ferrothorn
|-start|p2a: Grengier|typechange|Ice|[from] Protean
|-damage|p1a: Ferrothorn|199\/289
|
|-heal|p1a: Ferrothorn|217\/289|[from] item: Leftovers
|turn|3
|
|move|p2a: Grengier|Hidden Power|p1a: Ferrothorn
|-start|p2a: Grengier|typechange|Fire|[from] Protean
|-supereffective|p1a: Ferrothorn
|-damage|p1a: Ferrothorn|0 fnt
|faint|p1a: Ferrothorn
|
|
|switch|p1a: Mawile|Mawile, M|241\/241
|-ability|p1a: Mawile|Intimidate|[of] p2a: Grengier
|-unboost|p2a: Grengier|atk|1
|turn|4
|
|detailschange|p1a: Mawile|Mawile-Mega, M
|message|Mawile has Mega Evolved into Mega Mawile!
|move|p2a: Grengier|Hidden Power|p1a: Mawile
|-supereffective|p1a: Mawile
|-damage|p1a: Mawile|55\/241
|move|p1a: Mawile|Swords Dance|p1a: Mawile
|-boost|p1a: Mawile|atk|2
|
|turn|5
|
|move|p1a: Mawile|Sucker Punch|p2a: Grengier
|-damage|p2a: Grengier|0 fnt
|faint|p2a: Grengier
|
|
|switch|p2a: Talonflair|Talonflame, F|232\/298
|turn|6
|
|switch|p1a: Garchomp|Garchomp, M|249\/357
|move|p2a: Talonflair|Brave Bird|p1a: Garchomp
|-damage|p1a: Garchomp|64\/357
|-damage|p2a: Talonflair|195\/298|[from] ability: Rough Skin|[of] p1a: Garchomp
|-damage|p2a: Talonflair|134\/298|[from] recoil|[of] p1a: Garchomp
|-damage|p2a: Talonflair|105\/298|[from] item: Life Orb
|
|turn|7
|
|move|p2a: Talonflair|U-turn|p1a: Garchomp
|-damage|p1a: Garchomp|0 fnt
|-damage|p2a: Talonflair|68\/298|[from] ability: Rough Skin|[of] p1a: Garchomp
|-damage|p2a: Talonflair|39\/298|[from] item: Life Orb
|faint|p1a: Garchomp
|
|switch|p2a: Devil|Pinsir, M|272\/272
|
|
|switch|p1a: Hydreigon|Hydreigon, F|325\/325
|turn|8
|
|detailschange|p2a: Devil|Pinsir-Mega, M
|message|Pinsir has Mega Evolved into Mega Pinsir!
|move|p2a: Devil|Return|p1a: Hydreigon
|-damage|p1a: Hydreigon|46\/325
|move|p1a: Hydreigon|Fire Blast|p2a: Devil
|-supereffective|p2a: Devil
|-damage|p2a: Devil|0 fnt
|faint|p2a: Devil
|
|
|switch|p2a: Broken washer|Rotom-Wash|283\/283
|turn|9
|
|switch|p1a: Zapdos|Zapdos|321\/321
|-ability|p1a: Zapdos|Pressure
|move|p2a: Broken washer|Volt Switch|p1a: Zapdos
|-damage|p1a: Zapdos|228\/321
|
|switch|p2a: Tectonic|Excadrill, M|400\/400
|-ability|p2a: Tectonic|Mold Breaker
|-item|p2a: Tectonic|Air Balloon
|
|-heal|p1a: Zapdos|248\/321|[from] item: Leftovers
|turn|10
|
|switch|p1a: Hydreigon|Hydreigon, F|46\/325
|move|p2a: Tectonic|Rock Slide|p1a: Hydreigon
|-damage|p1a: Hydreigon|0 fnt
|faint|p1a: Hydreigon
|
|
|switch|p1a: Greninja|Greninja, F|285\/285
|turn|11
|
|switch|p2a: Tank|Gastrodon, F|415\/415
|move|p1a: Greninja|Dark Pulse|p2a: Tank
|-damage|p2a: Tank|242\/415
|-damage|p1a: Greninja|257\/285|[from] item: Life Orb
|
|-heal|p2a: Tank|267\/415|[from] item: Leftovers
|turn|12
|
|move|p1a: Greninja|Hydro Pump|p2a: Tank
|-boost|p2a: Tank|spa|1|[from] ability: Storm Drain
|move|p2a: Tank|Recover|p2a: Tank
|-heal|p2a: Tank|415\/415
|
|turn|13
|
|move|p1a: Greninja|Dark Pulse|p2a: Tank
|-damage|p2a: Tank|247\/415
|-damage|p1a: Greninja|229\/285|[from] item: Life Orb
|cant|p2a: Tank|flinch
|
|-heal|p2a: Tank|272\/415|[from] item: Leftovers
|turn|14
|
|move|p1a: Greninja|Dark Pulse|p2a: Tank
|-damage|p2a: Tank|116\/415
|-damage|p1a: Greninja|201\/285|[from] item: Life Orb
|cant|p2a: Tank|flinch
|
|-heal|p2a: Tank|141\/415|[from] item: Leftovers
|turn|15
|
|switch|p2a: Broken washer|Rotom-Wash|283\/283
|move|p1a: Greninja|Dark Pulse|p2a: Broken washer
|-damage|p2a: Broken washer|165\/283
|-damage|p1a: Greninja|173\/285|[from] item: Life Orb
|
|-heal|p2a: Broken washer|182\/283|[from] item: Leftovers
|turn|16
|
|move|p1a: Greninja|Dark Pulse|p2a: Broken washer
|-damage|p2a: Broken washer|73\/283
|-damage|p1a: Greninja|145\/285|[from] item: Life Orb
|move|p2a: Broken washer|Thunder Wave|p1a: Greninja
|-status|p1a: Greninja|par
|
|-heal|p2a: Broken washer|90\/283|[from] item: Leftovers
|turn|17
|
|switch|p1a: Zapdos|Zapdos|248\/321
|-ability|p1a: Zapdos|Pressure
|move|p2a: Broken washer|Volt Switch|p1a: Zapdos
|-damage|p1a: Zapdos|164\/321
|
|switch|p2a: Tectonic|Excadrill, M|400\/400
|-ability|p2a: Tectonic|Mold Breaker
|-item|p2a: Tectonic|Air Balloon
|
|-heal|p1a: Zapdos|184\/321|[from] item: Leftovers
|turn|18
|
|switch|p1a: Greninja|Greninja, F|145\/285 par
|move|p2a: Tectonic|Rock Slide|p1a: Greninja
|-damage|p1a: Greninja|0 fnt
|faint|p1a: Greninja
|
|
|switch|p1a: Mawile|Mawile-Mega, M|55\/241
|turn|19
|
|move|p2a: Tectonic|Earthquake|p1a: Mawile
|-supereffective|p1a: Mawile
|-damage|p1a: Mawile|0 fnt
|faint|p1a: Mawile
|
|-message|jjrn forfeited.
|
|win|JTF123
|raw|Ladder updating...
|leave|jjrn
|chat|JTF123|GG?
|player|p1
|raw|jjrn's rating: 1375 &rarr; <strong>1355<\/strong><br \/>(-20 for losing)
|raw|JTF123's rating: 1364 &rarr; <strong>1385<\/strong><br \/>(+21 for winning)
|chat|JTF123|This was a close battle, because you took out most of my team's hp leaving Excadrill as the only one that was safe to battle with. You did well...