|join|jjrn
|join|FUCKHACKERS14
|player|p1|jjrn|1
|player|p2|FUCKHACKERS14|125
|gametype|singles
|gen|6
|tier|OU
|rated
|clearpoke
|poke|p1|Breloom, M
|poke|p1|Medicham, F
|poke|p1|Azumarill, M
|poke|p1|Heatran, M
|poke|p1|Latios, M
|poke|p1|Kyurem-Black
|poke|p2|Charizard, F, shiny
|poke|p2|Latios, M, shiny
|poke|p2|Ferrothorn, F, shiny
|poke|p2|Mew, shiny
|poke|p2|Manaphy, shiny
|poke|p2|Landorus-Therian, M, shiny
|rule|Swagger Clause: Swagger is banned
|rule|Baton Pass Clause: Limit one PokÃ©mon knowing Baton Pass
|rule|Sleep Clause Mod: Limit one foe put to sleep
|rule|Species Clause: Limit one of each PokÃ©mon
|rule|OHKO Clause: OHKO moves are banned
|rule|Moody Clause: Moody is banned
|rule|Evasion Moves Clause: Evasion moves are banned
|rule|Endless Battle Clause: Forcing endless battles is banned
|rule|HP Percentage Mod: HP is shown in percentages
|teampreview
|
|start
|switch|p1a: Kyurem-Black|Kyurem-Black|391\/391
|switch|p2a: Latios|Latios, M, shiny|301\/301
|-ability|p1a: Kyurem-Black|Teravolt
|turn|1
|
|switch|p2a: Ferrothorn|Ferrothorn, F, shiny|352\/352
|move|p1a: Kyurem-Black|Dragon Claw|p2a: Ferrothorn
|-resisted|p2a: Ferrothorn
|-damage|p2a: Ferrothorn|297\/352
|-damage|p1a: Kyurem-Black|343\/391|[from] ability: Iron Barbs|[of] p2a: Ferrothorn
|
|-heal|p2a: Ferrothorn|319\/352|[from] item: Leftovers
|turn|2
|
|switch|p1a: Heatran|Heatran, M|323\/323
|-item|p1a: Heatran|Air Balloon
|move|p2a: Ferrothorn|Stealth Rock|p1a: Heatran
|-sidestart|p1: jjrn|move: Stealth Rock
|
|-heal|p2a: Ferrothorn|341\/352|[from] item: Leftovers
|turn|3
|
|switch|p2a: Manaphy|Manaphy, shiny|403\/403
|move|p1a: Heatran|Lava Plume|p2a: Manaphy
|-resisted|p2a: Manaphy
|-damage|p2a: Manaphy|322\/403
|
|-heal|p2a: Manaphy|347\/403|[from] item: Leftovers
|turn|4
|
|switch|p1a: Breloom|Breloom, M|261\/261
|-damage|p1a: Breloom|245\/261|[from] Stealth Rock
|move|p2a: Manaphy|Tail Glow|p2a: Manaphy
|-boost|p2a: Manaphy|spa|3
|
|-heal|p2a: Manaphy|372\/403|[from] item: Leftovers
|turn|5
|
|move|p2a: Manaphy|Psychic|p1a: Breloom
|-supereffective|p1a: Breloom
|-damage|p1a: Breloom|0 fnt
|faint|p1a: Breloom
|
|-heal|p2a: Manaphy|397\/403|[from] item: Leftovers
|-message|jjrn forfeited.
|
|win|FUCKHACKERS14
|raw|Ladder updating...
|leave|jjrn
|player|p1
|raw|jjrn's rating: 1732 &rarr; <strong>1711<\/strong><br \/>(-21 for losing)
|raw|FUCKHACKERS14's rating: 1710 &rarr; <strong>1731<\/strong><br \/>(+21 for winning)