|join|jjrn
|join|misled youth
|player|p1|jjrn|265
|player|p2|misled youth|23
|gametype|singles
|gen|6
|tier|OU
|rated
|clearpoke
|poke|p1|Breloom, F
|poke|p1|Medicham, M
|poke|p1|Azumarill, F
|poke|p1|Heatran, M
|poke|p1|Latios, M
|poke|p1|Kyurem-Black
|poke|p2|Scizor, M
|poke|p2|Gothitelle, M, shiny
|poke|p2|Zapdos, shiny
|poke|p2|Alomomola, F
|poke|p2|Chansey, F
|poke|p2|Cresselia, F
|rule|Swagger Clause: Swagger is banned
|rule|Baton Pass Clause: Limit one PokÃ©mon knowing Baton Pass
|rule|Sleep Clause Mod: Limit one foe put to sleep
|rule|Species Clause: Limit one of each PokÃ©mon
|rule|OHKO Clause: OHKO moves are banned
|rule|Moody Clause: Moody is banned
|rule|Evasion Moves Clause: Evasion moves are banned
|rule|Endless Battle Clause: Forcing endless battles is banned
|rule|HP Percentage Mod: HP is shown in percentages
|teampreview
|
|start
|switch|p1a: Breloom|Breloom, F|261\/261
|switch|p2a: Alomomola|Alomomola, F|534\/534
|turn|1
|
|switch|p2a: Zapdos|Zapdos, shiny|382\/382
|-ability|p2a: Zapdos|Pressure
|move|p1a: Breloom|Bullet Seed|p2a: Zapdos
|-resisted|p2a: Zapdos
|-damage|p2a: Zapdos|353\/382
|-resisted|p2a: Zapdos
|-damage|p2a: Zapdos|326\/382
|-resisted|p2a: Zapdos
|-damage|p2a: Zapdos|296\/382
|-hitcount|p2a: Zapdos|3
|
|-heal|p2a: Zapdos|319\/382|[from] item: Leftovers
|turn|2
|
|move|p1a: Breloom|Spore|p2a: Zapdos
|-status|p2a: Zapdos|slp
|cant|p2a: Zapdos|slp
|
|-heal|p2a: Zapdos|342\/382 slp|[from] item: Leftovers
|turn|3
|
|switch|p2a: Scizor|Scizor, M|343\/343
|move|p1a: Breloom|Rock Tomb|p2a: Scizor
|-damage|p2a: Scizor|261\/343
|-unboost|p2a: Scizor|spe|1
|
|turn|4
|
|switch|p1a: Heatran|Heatran, M|323\/323
|-item|p1a: Heatran|Air Balloon
|detailschange|p2a: Scizor|Scizor-Mega, M
|message|Scizor has Mega Evolved into Mega Scizor!
|move|p2a: Scizor|Superpower|p1a: Heatran
|-supereffective|p1a: Heatran
|-damage|p1a: Heatran|125\/323
|-enditem|p1a: Heatran|Air Balloon
|-unboost|p2a: Scizor|atk|1
|-unboost|p2a: Scizor|def|1
|
|turn|5
|
|switch|p1a: Medicham|Medicham, M|261\/261
|switch|p2a: Chansey|Chansey, F|704\/704
|
|turn|6
|
|switch|p2a: Sleepless|Cresselia, F|444\/444
|detailschange|p1a: Medicham|Medicham-Mega, M
|message|Medicham has Mega Evolved into Mega Medicham!
|move|p1a: Medicham|Drain Punch|p2a: Sleepless
|-resisted|p2a: Sleepless
|-damage|p2a: Sleepless|354\/444
|
|-heal|p2a: Sleepless|381\/444|[from] item: Leftovers
|turn|7
|
|switch|p1a: Azumarill|Azumarill, F|341\/341
|move|p2a: Sleepless|Skill Swap|p1a: Azumarill
|-activate|p2a: Sleepless|move: Skill Swap|Huge Power|Levitate|[of] p1a: Azumarill
|
|-heal|p2a: Sleepless|408\/444|[from] item: Leftovers
|turn|8
|
|switch|p2a: Scizor|Scizor-Mega, M|261\/343
|move|p1a: Azumarill|Waterfall|p2a: Scizor
|-damage|p2a: Scizor|204\/343
|
|turn|9
|
|switch|p1a: Heatran|Heatran, M|125\/323
|move|p2a: Scizor|Superpower|p1a: Heatran
|-supereffective|p1a: Heatran
|-damage|p1a: Heatran|0 fnt
|-unboost|p2a: Scizor|atk|1
|-unboost|p2a: Scizor|def|1
|faint|p1a: Heatran
|
|
|switch|p1a: Medicham|Medicham-Mega, M|261\/261
|turn|10
|
|switch|p2a: Sleepless|Cresselia, F|408\/444
|move|p1a: Medicham|Ice Punch|p2a: Sleepless
|-damage|p2a: Sleepless|270\/444
|
|-heal|p2a: Sleepless|297\/444|[from] item: Leftovers
|turn|11
|
|move|p1a: Medicham|Ice Punch|p2a: Sleepless
|-damage|p2a: Sleepless|166\/444
|move|p2a: Sleepless|Skill Swap|p1a: Medicham
|-activate|p2a: Sleepless|move: Skill Swap|Pure Power|Levitate|[of] p1a: Medicham
|
|-heal|p2a: Sleepless|193\/444|[from] item: Leftovers
|turn|12
|
|move|p1a: Medicham|Ice Punch|p2a: Sleepless
|-damage|p2a: Sleepless|123\/444
|move|p2a: Sleepless|Moonlight|p2a: Sleepless
|-heal|p2a: Sleepless|345\/444
|
|-heal|p2a: Sleepless|372\/444|[from] item: Leftovers
|turn|13
|
|switch|p1a: Kyurem-Black|Kyurem-Black|391\/391
|-ability|p1a: Kyurem-Black|Teravolt
|move|p2a: Sleepless|Psyshock|p1a: Kyurem-Black
|-damage|p1a: Kyurem-Black|324\/391
|
|-heal|p2a: Sleepless|399\/444|[from] item: Leftovers
|turn|14
|
|switch|p2a: Chansey|Chansey, F|704\/704
|move|p1a: Kyurem-Black|Dragon Claw|p2a: Chansey
|-crit|p2a: Chansey
|-damage|p2a: Chansey|347\/704
|
|turn|15
|
|move|p1a: Kyurem-Black|Dragon Claw|p2a: Chansey
|-damage|p2a: Chansey|92\/704
|move|p2a: Chansey|Soft-Boiled|p2a: Chansey
|-heal|p2a: Chansey|444\/704
|
|turn|16
|
|move|p1a: Kyurem-Black|Dragon Claw|p2a: Chansey
|-damage|p2a: Chansey|170\/704
|move|p2a: Chansey|Soft-Boiled|p2a: Chansey
|-heal|p2a: Chansey|522\/704
|
|turn|17
|
|move|p1a: Kyurem-Black|Dragon Claw|p2a: Chansey
|-damage|p2a: Chansey|263\/704
|move|p2a: Chansey|Soft-Boiled|p2a: Chansey
|-heal|p2a: Chansey|615\/704
|
|turn|18
|
|switch|p1a: Azumarill|Azumarill, F|341\/341
|move|p2a: Chansey|Toxic|p1a: Azumarill
|-status|p1a: Azumarill|tox
|
|-damage|p1a: Azumarill|320\/341 tox|[from] psn
|turn|19
|
|switch|p1a: Medicham|Medicham-Mega, M|261\/261
|switch|p2a: Alomomola|Alomomola, F|534\/534
|
|turn|20
|
|move|p2a: Alomomola|Protect|p2a: Alomomola
|-singleturn|p2a: Alomomola|Protect
|move|p1a: Medicham|Fake Out|p2a: Alomomola
|-activate|p2a: Alomomola|Protect
|
|turn|21
|
|move|p1a: Medicham|Psycho Cut|p2a: Alomomola
|-crit|p2a: Alomomola
|-damage|p2a: Alomomola|252\/534
|move|p2a: Alomomola|Toxic|p1a: Medicham
|-status|p1a: Medicham|tox
|
|-damage|p1a: Medicham|245\/261 tox|[from] psn
|turn|22
|
|switch|p2a: Sleepless|Cresselia, F|399\/444
|move|p1a: Medicham|Psycho Cut|p2a: Sleepless
|-resisted|p2a: Sleepless
|-damage|p2a: Sleepless|310\/444
|
|-heal|p2a: Sleepless|337\/444|[from] item: Leftovers
|-damage|p1a: Medicham|213\/261 tox|[from] psn
|turn|23
|-message|jjrn forfeited.
|
|win|misled youth
|raw|Ladder updating...
|leave|jjrn
|player|p1
|raw|jjrn's rating: 1744 &rarr; <strong>1721<\/strong><br \/>(-23 for losing)
|raw|misled youth's rating: 1678 &rarr; <strong>1702<\/strong><br \/>(+24 for winning)
|join|lil manaphy