|join|jjrn
|join|ThE0testing
|player|p1|jjrn|170
|player|p2|ThE0testing|2
|gametype|singles
|gen|6
|tier|OU
|rated
|clearpoke
|poke|p1|Magnezone
|poke|p1|Breloom, F
|poke|p1|Azumarill, F
|poke|p1|Latios, M
|poke|p1|Metagross
|poke|p1|Landorus-Therian, M
|poke|p2|Camerupt, M
|poke|p2|Celebi
|poke|p2|Crawdaunt, M
|poke|p2|Sylveon, M
|poke|p2|Porygon2
|poke|p2|Latias, F
|rule|Swagger Clause: Swagger is banned
|rule|Baton Pass Clause: Limit one PokÃ©mon knowing Baton Pass
|rule|Sleep Clause Mod: Limit one foe put to sleep
|rule|Species Clause: Limit one of each PokÃ©mon
|rule|OHKO Clause: OHKO moves are banned
|rule|Moody Clause: Moody is banned
|rule|Evasion Moves Clause: Evasion moves are banned
|rule|Endless Battle Clause: Forcing endless battles is banned
|rule|HP Percentage Mod: HP is shown in percentages
|teampreview
|
|start
|switch|p1a: Landorus-Therian|Landorus-Therian, M|319\/319
|switch|p2a: Sylveon|Sylveon, M|391\/391
|-ability|p1a: Landorus-Therian|Intimidate|[of] p2a: Sylveon
|-unboost|p2a: Sylveon|atk|1
|turn|1
|
|move|p1a: Landorus-Therian|U-turn|p2a: Sylveon
|-resisted|p2a: Sylveon
|-damage|p2a: Sylveon|318\/391
|
|switch|p1a: Metagross|Metagross|301\/301
|move|p2a: Sylveon|Hyper Voice|p1a: Metagross
|-resisted|p1a: Metagross
|-damage|p1a: Metagross|140\/301
|
|turn|2
|
|switch|p2a: Crawdaunt|Crawdaunt, M|319\/319
|detailschange|p1a: Metagross|Metagross-Mega
|-mega|p1a: Metagross|Metagross|Metagrossite
|move|p1a: Metagross|Meteor Mash|p2a: Crawdaunt
|-resisted|p2a: Crawdaunt
|-damage|p2a: Crawdaunt|186\/319
|
|turn|3
|
|switch|p1a: Landorus-Therian|Landorus-Therian, M|319\/319
|-ability|p1a: Landorus-Therian|Intimidate|[of] p2a: Crawdaunt
|-unboost|p2a: Crawdaunt|atk|1
|move|p2a: Crawdaunt|Aqua Jet|p1a: Landorus-Therian
|-supereffective|p1a: Landorus-Therian
|-damage|p1a: Landorus-Therian|147\/319
|-damage|p2a: Crawdaunt|155\/319|[from] item: Life Orb
|
|turn|4
|
|switch|p1a: Azumarill|Azumarill, F|341\/341
|switch|p2a: Porygon2|Porygon2|373\/373
|-boost|p2a: Porygon2|atk|1|[from] ability: Download
|
|turn|5
|
|move|p1a: Azumarill|Knock Off|p2a: Porygon2
|-damage|p2a: Porygon2|266\/373
|-enditem|p2a: Porygon2|Eviolite|[from] move: Knock Off|[of] p1a: Azumarill
|move|p2a: Porygon2|Tri Attack|p1a: Azumarill
|-damage|p1a: Azumarill|265\/341
|-status|p1a: Azumarill|par
|
|turn|6
|
|move|p2a: Porygon2|Tri Attack|p1a: Azumarill
|-damage|p1a: Azumarill|177\/341 par
|cant|p1a: Azumarill|par
|
|turn|7
|
|move|p2a: Porygon2|Tri Attack|p1a: Azumarill
|-damage|p1a: Azumarill|90\/341 par
|move|p1a: Azumarill|Play Rough|p2a: Porygon2
|-crit|p2a: Porygon2
|-damage|p2a: Porygon2|0 fnt
|faint|p2a: Porygon2
|
|
|switch|p2a: Crawdaunt|Crawdaunt, M|155\/319
|turn|8
|
|move|p2a: Crawdaunt|Knock Off|p1a: Azumarill
|-resisted|p1a: Azumarill
|-damage|p1a: Azumarill|0 fnt
|-enditem|p1a: Azumarill|Assault Vest|[from] move: Knock Off|[of] p2a: Crawdaunt
|-damage|p2a: Crawdaunt|124\/319|[from] item: Life Orb
|faint|p1a: Azumarill
|
|
|switch|p1a: Metagross|Metagross-Mega|140\/301
|turn|9
|c|âjjrn|very atak special
|
|move|p2a: Crawdaunt|Aqua Jet|p1a: Metagross
|-damage|p1a: Metagross|46\/301
|-damage|p2a: Crawdaunt|93\/319|[from] item: Life Orb
|move|p1a: Metagross|Meteor Mash|p2a: Crawdaunt
|-resisted|p2a: Crawdaunt
|-damage|p2a: Crawdaunt|0 fnt
|faint|p2a: Crawdaunt
|
|
|switch|p2a: Latias|Latias, F|319\/319
|turn|10
|
|move|p2a: Latias|Draco Meteor|p1a: Metagross
|-resisted|p1a: Metagross
|-damage|p1a: Metagross|0 fnt
|-unboost|p2a: Latias|spa|2
|-damage|p2a: Latias|288\/319|[from] item: Life Orb
|faint|p1a: Metagross
|
|
|switch|p1a: Landorus-Therian|Landorus-Therian, M|147\/319
|-ability|p1a: Landorus-Therian|Intimidate|[of] p2a: Latias
|-unboost|p2a: Latias|atk|1
|turn|11
|
|move|p1a: Landorus-Therian|U-turn|p2a: Latias
|-supereffective|p2a: Latias
|-damage|p2a: Latias|64\/319
|
|switch|p1a: Magnezone|Magnezone|281\/281
|move|p2a: Latias|Draco Meteor|p1a: Magnezone
|-resisted|p1a: Magnezone
|-damage|p1a: Magnezone|216\/281
|-unboost|p2a: Latias|spa|2
|-damage|p2a: Latias|33\/319|[from] item: Life Orb
|
|turn|12
|c|âThE0testing|u have no rocks?
|
|switch|p2a: Camerupt|Camerupt, M|343\/343
|move|p1a: Magnezone|Volt Switch|p2a: Camerupt
|-immune|p2a: Camerupt|[msg]
|
|turn|13
|
|switch|p1a: Breloom|Breloom, F|261\/261
|detailschange|p2a: Camerupt|Camerupt-Mega, M
|-mega|p2a: Camerupt|Camerupt|Cameruptite
|move|p2a: Camerupt|Stealth Rock|p1a: Breloom
|-sidestart|p1: jjrn|move: Stealth Rock
|
|turn|14
|
|switch|p2a: Celebi|Celebi|403\/403
|move|p1a: Breloom|Rock Tomb|p2a: Celebi
|-damage|p2a: Celebi|284\/403
|-unboost|p2a: Celebi|spe|1
|
|-heal|p2a: Celebi|309\/403|[from] item: Leftovers
|turn|15
|
|move|p1a: Breloom|Rock Tomb|p2a: Celebi
|-damage|p2a: Celebi|198\/403
|-unboost|p2a: Celebi|spe|1
|move|p2a: Celebi|Trick Room|p2a: Celebi
|-fieldstart|move: Trick Room|[of] p2a: Celebi
|
|-heal|p2a: Celebi|223\/403|[from] item: Leftovers
|turn|16
|
|move|p2a: Celebi|Baton Pass|p2a: Celebi
|
|switch|p2a: Camerupt|Camerupt-Mega, M|343\/343
|move|p1a: Breloom|Rock Tomb|p2a: Camerupt|[miss]
|-miss|p1a: Breloom|p2a: Camerupt
|
|turn|17
|
|move|p2a: Camerupt|Earth Power|p1a: Breloom
|-resisted|p1a: Breloom
|-damage|p1a: Breloom|75\/261
|move|p1a: Breloom|Spore|p2a: Camerupt
|-status|p2a: Camerupt|slp
|
|turn|18
|
|switch|p2a: Latias|Latias, F|33\/319
|move|p1a: Breloom|Rock Tomb|p2a: Latias
|-damage|p2a: Latias|0 fnt
|faint|p2a: Latias
|
|
|switch|p2a: Sylveon|Sylveon, M|318\/391
|turn|19
|
|switch|p1a: Magnezone|Magnezone|216\/281
|-damage|p1a: Magnezone|199\/281|[from] Stealth Rock
|move|p2a: Sylveon|Hyper Voice|p1a: Magnezone
|-resisted|p1a: Magnezone
|-damage|p1a: Magnezone|38\/281
|
|-fieldend|move: Trick Room
|turn|20
|
|switch|p2a: Camerupt|Camerupt-Mega, M|343\/343 slp
|move|p1a: Magnezone|Flash Cannon|p2a: Camerupt
|-resisted|p2a: Camerupt
|-damage|p2a: Camerupt|267\/343 slp
|
|turn|21
|
|switch|p1a: Landorus-Therian|Landorus-Therian, M|147\/319
|-damage|p1a: Landorus-Therian|108\/319|[from] Stealth Rock
|-ability|p1a: Landorus-Therian|Intimidate|[of] p2a: Camerupt
|-unboost|p2a: Camerupt|atk|1
|switch|p2a: Sylveon|Sylveon, M|318\/391
|
|turn|22
|
|move|p1a: Landorus-Therian|Earthquake|p2a: Sylveon
|-damage|p2a: Sylveon|38\/391
|move|p2a: Sylveon|Hyper Voice|p1a: Landorus-Therian
|-damage|p1a: Landorus-Therian|0 fnt
|faint|p1a: Landorus-Therian
|
|
|switch|p1a: Latios|Latios, M|301\/301
|-damage|p1a: Latios|264\/301|[from] Stealth Rock
|turn|23
|
|switch|p2a: Camerupt|Camerupt-Mega, M|267\/343 slp
|move|p1a: Latios|Shadow Ball|p2a: Camerupt
|-damage|p2a: Camerupt|161\/343 slp
|
|turn|24
|
|move|p1a: Latios|Shadow Ball|p2a: Camerupt
|-damage|p2a: Camerupt|60\/343 slp
|cant|p2a: Camerupt|slp
|
|turn|25
|
|move|p1a: Latios|Shadow Ball|p2a: Camerupt
|-damage|p2a: Camerupt|0 fnt
|faint|p2a: Camerupt
|
|
|switch|p2a: Celebi|Celebi|223\/403
|turn|26
|
|move|p1a: Latios|Shadow Ball|p2a: Celebi
|-supereffective|p2a: Celebi
|-damage|p2a: Celebi|71\/403
|move|p2a: Celebi|Trick Room|p2a: Celebi
|-fieldstart|move: Trick Room|[of] p2a: Celebi
|
|-heal|p2a: Celebi|96\/403|[from] item: Leftovers
|turn|27
|
|move|p2a: Celebi|Healing Wish|p2a: Celebi
|faint|p2a: Celebi
|move|p1a: Latios|Shadow Ball|p2: Celebi|[notarget]
|-notarget
|
|
|switch|p2a: Sylveon|Sylveon, M|38\/391
|-heal|p2a: Sylveon|391\/391|[from] move: Healing Wish
|turn|28
|c|âThE0testing|gg
|c|âjjrn|nice
|c|âThE0testing|xD
|
|move|p2a: Sylveon|Hyper Voice|p1a: Latios
|-supereffective|p1a: Latios
|-damage|p1a: Latios|0 fnt
|faint|p1a: Latios
|
|
|switch|p1a: Magnezone|Magnezone|38\/281
|-damage|p1a: Magnezone|21\/281|[from] Stealth Rock
|turn|29
|
|move|p2a: Sylveon|Hyper Voice|p1a: Magnezone
|-resisted|p1a: Magnezone
|-damage|p1a: Magnezone|0 fnt
|faint|p1a: Magnezone
|
|
|switch|p1a: Breloom|Breloom, F|75\/261
|-damage|p1a: Breloom|59\/261|[from] Stealth Rock
|turn|30
|
|move|p2a: Sylveon|Hyper Voice|p1a: Breloom
|-supereffective|p1a: Breloom
|-damage|p1a: Breloom|0 fnt
|faint|p1a: Breloom
|
|win|ThE0testing
|raw|Ladder updating...
|raw|jjrn's rating: 1694 &rarr; <strong>1671<\/strong><br \/>(-23 for losing)
|raw|ThE0testing's rating: 1644 &rarr; <strong>1667<\/strong><br \/>(+23 for winning)
|leave|jjrn
|player|p1