|join|jjrn
|join|cocohuang
|player|p1|jjrn|169
|player|p2|cocohuang|1
|gametype|singles
|gen|6
|tier|OU
|rated
|clearpoke
|poke|p1|Magnezone
|poke|p1|Breloom, F
|poke|p1|Azumarill, F
|poke|p1|Latios, M
|poke|p1|Metagross
|poke|p1|Landorus-Therian, M
|poke|p2|Chansey, F
|poke|p2|Manectric, F
|poke|p2|Heracross, M
|poke|p2|Slowbro, M
|poke|p2|Mandibuzz, F
|poke|p2|Talonflame, F
|rule|Swagger Clause: Swagger is banned
|rule|Baton Pass Clause: Limit one PokÃ©mon knowing Baton Pass
|rule|Sleep Clause Mod: Limit one foe put to sleep
|rule|Species Clause: Limit one of each PokÃ©mon
|rule|OHKO Clause: OHKO moves are banned
|rule|Moody Clause: Moody is banned
|rule|Evasion Moves Clause: Evasion moves are banned
|rule|Endless Battle Clause: Forcing endless battles is banned
|rule|HP Percentage Mod: HP is shown in percentages
|teampreview
|
|start
|switch|p1a: Landorus-Therian|Landorus-Therian, M|319\/319
|switch|p2a: Mandibuzz|Mandibuzz, F|423\/423
|-ability|p1a: Landorus-Therian|Intimidate|[of] p2a: Mandibuzz
|-unboost|p2a: Mandibuzz|atk|1
|turn|1
|
|move|p1a: Landorus-Therian|Stealth Rock|p2a: Mandibuzz
|-sidestart|p2: cocohuang|move: Stealth Rock
|move|p2a: Mandibuzz|Toxic|p1a: Landorus-Therian
|-status|p1a: Landorus-Therian|tox
|
|-damage|p1a: Landorus-Therian|300\/319 tox|[from] psn
|turn|2
|
|switch|p1a: Azumarill|Azumarill, F|341\/341
|move|p2a: Mandibuzz|Defog|p1a: Azumarill
|-unboost|p1a: Azumarill|evasion|1
|-sideend|p2: cocohuang|Stealth Rock|[from] move: Defog|[of] p2a: Mandibuzz
|
|turn|3
|
|move|p2a: Mandibuzz|Toxic|p1a: Azumarill
|-status|p1a: Azumarill|tox
|move|p1a: Azumarill|Play Rough|p2a: Mandibuzz
|-supereffective|p2a: Mandibuzz
|-damage|p2a: Mandibuzz|169\/423
|
|-heal|p2a: Mandibuzz|195\/423|[from] item: Leftovers
|-damage|p1a: Azumarill|320\/341 tox|[from] psn
|turn|4
|
|switch|p1a: Magnezone|Magnezone|281\/281
|move|p2a: Mandibuzz|Roost|p2a: Mandibuzz
|-heal|p2a: Mandibuzz|407\/423
|
|-heal|p2a: Mandibuzz|423\/423|[from] item: Leftovers
|turn|5
|
|switch|p2a: Manectric|Manectric, F|299\/299
|move|p1a: Magnezone|Flash Cannon|p2a: Manectric
|-resisted|p2a: Manectric
|-damage|p2a: Manectric|183\/299
|
|turn|6
|
|detailschange|p2a: Manectric|Manectric-Mega, F
|-mega|p2a: Manectric|Manectric|Manectite
|-ability|p2a: Manectric|Intimidate|[of] p1a: Magnezone
|-unboost|p1a: Magnezone|atk|1
|move|p1a: Magnezone|Flash Cannon|p2a: Manectric
|-resisted|p2a: Manectric
|-damage|p2a: Manectric|87\/299
|move|p2a: Manectric|Overheat|p1a: Magnezone
|-supereffective|p1a: Magnezone
|-damage|p1a: Magnezone|0 fnt
|-unboost|p2a: Manectric|spa|2
|faint|p1a: Magnezone
|
|
|switch|p1a: Azumarill|Azumarill, F|320\/341 tox
|turn|7
|
|switch|p2a: Slowbro|Slowbro, M|394\/394
|move|p1a: Azumarill|Knock Off|p2a: Slowbro
|-supereffective|p2a: Slowbro
|-damage|p2a: Slowbro|212\/394
|-enditem|p2a: Slowbro|Leftovers|[from] move: Knock Off|[of] p1a: Azumarill
|
|-damage|p1a: Azumarill|299\/341 tox|[from] psn
|turn|8
|c|âcocohuang|nice
|
|switch|p1a: Breloom|Breloom, F|261\/261
|move|p2a: Slowbro|Slack Off|p2a: Slowbro
|-heal|p2a: Slowbro|394\/394
|
|turn|9
|
|switch|p2a: Mandibuzz|Mandibuzz, F|423\/423
|move|p1a: Breloom|Bullet Seed|p2a: Mandibuzz
|-resisted|p2a: Mandibuzz
|-damage|p2a: Mandibuzz|399\/423
|-resisted|p2a: Mandibuzz
|-damage|p2a: Mandibuzz|372\/423
|-hitcount|p2a: Mandibuzz|2
|
|-heal|p2a: Mandibuzz|398\/423|[from] item: Leftovers
|turn|10
|
|move|p1a: Breloom|Rock Tomb|p2a: Mandibuzz
|-supereffective|p2a: Mandibuzz
|-damage|p2a: Mandibuzz|242\/423
|-unboost|p2a: Mandibuzz|spe|1
|move|p2a: Mandibuzz|Foul Play|p1a: Breloom
|-crit|p1a: Breloom
|-resisted|p1a: Breloom
|-damage|p1a: Breloom|97\/261
|
|-heal|p2a: Mandibuzz|268\/423|[from] item: Leftovers
|turn|11
|
|move|p1a: Breloom|Rock Tomb|p2a: Mandibuzz
|-supereffective|p2a: Mandibuzz
|-damage|p2a: Mandibuzz|118\/423
|-unboost|p2a: Mandibuzz|spe|1
|move|p2a: Mandibuzz|Roost|p2a: Mandibuzz
|-heal|p2a: Mandibuzz|330\/423
|
|-heal|p2a: Mandibuzz|356\/423|[from] item: Leftovers
|turn|12
|
|move|p1a: Breloom|Rock Tomb|p2a: Mandibuzz
|-supereffective|p2a: Mandibuzz
|-damage|p2a: Mandibuzz|206\/423
|-unboost|p2a: Mandibuzz|spe|1
|move|p2a: Mandibuzz|Foul Play|p1a: Breloom
|-resisted|p1a: Breloom
|-damage|p1a: Breloom|0 fnt
|faint|p1a: Breloom
|
|-heal|p2a: Mandibuzz|232\/423|[from] item: Leftovers
|
|switch|p1a: Metagross|Metagross|301\/301
|turn|13
|-message|jjrn forfeited.
|leave|jjrn
|
|win|cocohuang
|raw|Ladder updating...
|player|p1
|raw|jjrn's rating: 1702 &rarr; <strong>1669<\/strong><br \/>(-33 for losing)
|raw|cocohuang's rating: 1456 &rarr; <strong>1488<\/strong><br \/>(+32 for winning)