|join|jjrn
|join|Blazelatis
|c|âBlazelatis|gl
|player|p1|jjrn|1
|player|p2|Blazelatis|290
|gametype|singles
|gen|6
|tier|OU
|rated
|clearpoke
|poke|p1|Magnezone
|poke|p1|Breloom, F
|poke|p1|Azumarill, F
|poke|p1|Greninja, F
|poke|p1|Metagross
|poke|p1|Landorus-Therian, M
|poke|p2|Dragalge, F, shiny
|poke|p2|Landorus-Therian, M
|poke|p2|Heatran, M, shiny
|poke|p2|Gyarados, F, shiny
|poke|p2|Celebi
|poke|p2|Conkeldurr, M
|rule|Swagger Clause: Swagger is banned
|rule|Baton Pass Clause: Limit one PokÃ©mon knowing Baton Pass
|rule|Sleep Clause Mod: Limit one foe put to sleep
|rule|Species Clause: Limit one of each PokÃ©mon
|rule|OHKO Clause: OHKO moves are banned
|rule|Moody Clause: Moody is banned
|rule|Evasion Moves Clause: Evasion moves are banned
|rule|Endless Battle Clause: Forcing endless battles is banned
|rule|HP Percentage Mod: HP is shown in percentages
|teampreview
|c|âBlazelatis|hf
|join|millow
|c| millow|nice and standard
|c|âBlazelatis|yup
|c|âBlazelatis|based frog+based wabbit
|c|âBlazelatis|but no zard x
|c|âBlazelatis|aww
|c|âBlazelatis|let me think dude
|
|start
|switch|p1a: Landorus-Therian|Landorus-Therian, M|319\/319
|switch|p2a: Scar Face|Landorus-Therian, M|320\/320
|-ability|p2a: Scar Face|Intimidate|[of] p1a: Landorus-Therian
|-unboost|p1a: Landorus-Therian|atk|1
|-ability|p1a: Landorus-Therian|Intimidate|[of] p2a: Scar Face
|-unboost|p2a: Scar Face|atk|1
|turn|1
|c|âBlazelatis|lol
|c|âBlazelatis|when chimpact said ladder players like to risk there landos
|c|âBlazelatis|he was right
|
|move|p2a: Scar Face|Knock Off|p1a: Landorus-Therian
|-damage|p1a: Landorus-Therian|232\/319
|-enditem|p1a: Landorus-Therian|Choice Scarf|[from] move: Knock Off|[of] p2a: Scar Face
|move|p1a: Landorus-Therian|Knock Off|p2a: Scar Face
|-damage|p2a: Scar Face|220\/320
|-enditem|p2a: Scar Face|Choice Scarf|[from] move: Knock Off|[of] p1a: Landorus-Therian
|
|turn|2
|
|move|p2a: Scar Face|U-turn|p1a: Landorus-Therian
|-resisted|p1a: Landorus-Therian
|-damage|p1a: Landorus-Therian|201\/319
|
|switch|p2a: Snake SNAKE|Gyarados, F, shiny|351\/351
|-ability|p2a: Snake SNAKE|Intimidate|[of] p1a: Landorus-Therian
|-unboost|p1a: Landorus-Therian|atk|1
|move|p1a: Landorus-Therian|U-turn|p2a: Snake SNAKE
|-resisted|p2a: Snake SNAKE
|-damage|p2a: Snake SNAKE|322\/351
|
|switch|p1a: Magnezone|Magnezone|281\/281
|
|turn|3
|c|âBlazelatis|so its fine for you to think but not me huh?
|
|switch|p2a: Hey|Celebi|404\/404
|move|p1a: Magnezone|Volt Switch|p2a: Hey
|-resisted|p2a: Hey
|-damage|p2a: Hey|336\/404
|c|âBlazelatis|yup should of switch 2 lando
|
|switch|p1a: Metagross|Metagross|301\/301
|
|-heal|p2a: Hey|361\/404|[from] item: Leftovers
|turn|4
|c|âBlazelatis|erm
|c|âBlazelatis|ik where this is going
|
|detailschange|p1a: Metagross|Metagross-Mega
|-mega|p1a: Metagross|Metagross|Metagrossite
|move|p1a: Metagross|Ice Punch|p2a: Hey
|-supereffective|p2a: Hey
|-damage|p2a: Hey|179\/404
|move|p2a: Hey|Thunder Wave|p1a: Metagross
|-status|p1a: Metagross|par
|
|-heal|p2a: Hey|204\/404|[from] item: Leftovers
|turn|5
|
|move|p2a: Hey|Baton Pass|p2a: Hey
|
|switch|p2a: Snake SNAKE|Gyarados, F, shiny|322\/351
|-ability|p2a: Snake SNAKE|Intimidate|[of] p1a: Metagross
|-unboost|p1a: Metagross|atk|1
|cant|p1a: Metagross|par
|
|turn|6
|c| millow|tran
|c|âBlazelatis|nah
|c|âBlazelatis|cant risky hammer arm
|c|âBlazelatis|or eq
|
|switch|p1a: Magnezone|Magnezone|281\/281
|detailschange|p2a: Snake SNAKE|Gyarados-Mega, F, shiny
|-mega|p2a: Snake SNAKE|Gyarados|Gyaradosite
|-ability|p2a: Snake SNAKE|Mold Breaker
|move|p2a: Snake SNAKE|Substitute|p2a: Snake SNAKE
|-start|p2a: Snake SNAKE|Substitute
|-damage|p2a: Snake SNAKE|235\/351
|
|turn|7
|c|âBlazelatis|but i can do that
|
|move|p1a: Magnezone|Volt Switch|p2a: Snake SNAKE
|-supereffective|p2a: Snake SNAKE
|-end|p2a: Snake SNAKE|Substitute
|
|switch|p1a: Landorus-Therian|Landorus-Therian, M|201\/319
|-ability|p1a: Landorus-Therian|Intimidate|[of] p2a: Snake SNAKE
|-unboost|p2a: Snake SNAKE|atk|1
|move|p2a: Snake SNAKE|Waterfall|p1a: Landorus-Therian
|-supereffective|p1a: Landorus-Therian
|-damage|p1a: Landorus-Therian|0 fnt
|faint|p1a: Landorus-Therian
|
|c|âBlazelatis|get predicted
|
|switch|p1a: Azumarill|Azumarill, F|341\/341
|turn|8
|
|switch|p2a: Hot topic|Heatran, M, shiny|386\/386
|move|p1a: Azumarill|Play Rough|p2a: Hot topic
|-resisted|p2a: Hot topic
|-damage|p2a: Hot topic|343\/386
|
|-heal|p2a: Hot topic|367\/386|[from] item: Leftovers
|turn|9
|
|switch|p2a: Hey|Celebi|204\/404
|move|p1a: Azumarill|Waterfall|p2a: Hey
|-resisted|p2a: Hey
|-damage|p2a: Hey|138\/404
|
|-heal|p2a: Hey|163\/404|[from] item: Leftovers
|turn|10
|
|move|p2a: Hey|Baton Pass|p2a: Hey
|c| millow|to be fair that lando sack was a bit odd
|c|âBlazelatis|yup
|
|switch|p2a: Hot topic|Heatran, M, shiny|367\/386
|move|p1a: Azumarill|Knock Off|p2a: Hot topic
|-damage|p2a: Hot topic|228\/386
|-enditem|p2a: Hot topic|Leftovers|[from] move: Knock Off|[of] p1a: Azumarill
|
|turn|11
|c|âBlazelatis|i think someone predicted dd
|
|move|p2a: Hot topic|Lava Plume|p1a: Azumarill
|-resisted|p1a: Azumarill
|-damage|p1a: Azumarill|304\/341
|-status|p1a: Azumarill|brn
|move|p1a: Azumarill|Waterfall|p2a: Hot topic
|-supereffective|p2a: Hot topic
|-damage|p2a: Hot topic|52\/386
|
|-damage|p1a: Azumarill|262\/341 brn|[from] brn
|turn|12
|c|âBlazelatis|:P
|
|switch|p2a: Scar Face|Landorus-Therian, M|220\/320
|-ability|p2a: Scar Face|Intimidate|[of] p1a: Azumarill
|-unboost|p1a: Azumarill|atk|1
|move|p1a: Azumarill|Knock Off|p2a: Scar Face
|-crit|p2a: Scar Face
|-damage|p2a: Scar Face|146\/320
|
|-damage|p1a: Azumarill|220\/341 brn|[from] brn
|turn|13
|c|âBlazelatis|im feeling real
|c|âBlazelatis|LOL
|c| millow|mad plays son
|
|switch|p2a: Purple Dank|Dragalge, F, shiny|301\/301
|move|p1a: Azumarill|Waterfall|p2a: Purple Dank
|-resisted|p2a: Purple Dank
|-damage|p2a: Purple Dank|269\/301
|
|-damage|p1a: Azumarill|178\/341 brn|[from] brn
|turn|14
|c|âBlazelatis|shame jjrn is not laughing with us
|c| millow|bro jjrn has a pretty high rating tbf
|c| millow|and he's getting schooled
|
|move|p2a: Purple Dank|Scald|p1a: Azumarill
|-resisted|p1a: Azumarill
|-damage|p1a: Azumarill|137\/341 brn
|move|p1a: Azumarill|Knock Off|p2a: Purple Dank
|-damage|p2a: Purple Dank|214\/301
|-enditem|p2a: Purple Dank|Choice Specs|[from] move: Knock Off|[of] p1a: Azumarill
|
|-damage|p1a: Azumarill|95\/341 brn|[from] brn
|turn|15
|c|âBlazelatis|ty
|c|âBlazelatis|i was hoping you would be so kind
|c| millow|?
|c|âBlazelatis|knocked my specs :P
|
|move|p2a: Purple Dank|Sludge Wave|p1a: Azumarill
|-supereffective|p1a: Azumarill
|-damage|p1a: Azumarill|0 fnt
|faint|p1a: Azumarill
|
|c| millow|suppose u dont need it i guess
|c|âBlazelatis|yup
|c|âBlazelatis|not so much
|
|switch|p1a: Greninja|Greninja, F|285\/285
|turn|16
|
|move|p1a: Greninja|Ice Beam|p2a: Purple Dank
|-start|p1a: Greninja|typechange|Ice|[from] Protean
|-supereffective|p2a: Purple Dank
|-damage|p2a: Purple Dank|0 fnt
|-damage|p1a: Greninja|257\/285|[from] item: Life Orb
|faint|p2a: Purple Dank
|
|c|âBlazelatis|guess it does
|c| millow|dude hurry timer
|c|âBlazelatis|fine
|c|âBlazelatis|i picked my move
|
|switch|p2a: Titan|Conkeldurr, M|414\/414
|turn|17
|c|âBlazelatis|this is what i get for doing calcs
|c|âBlazelatis|lol
|
|switch|p1a: Breloom|Breloom, F|261\/261
|move|p2a: Titan|Knock Off|p1a: Breloom
|-resisted|p1a: Breloom
|-damage|p1a: Breloom|192\/261
|-enditem|p1a: Breloom|Focus Sash|[from] move: Knock Off|[of] p2a: Titan
|
|turn|18
|c| millow|u dont need to calc u've won
|c|âBlazelatis|kinda do
|
|switch|p2a: Hey|Celebi|163\/404
|move|p1a: Breloom|Bullet Seed|p2a: Hey
|-resisted|p2a: Hey
|-damage|p2a: Hey|139\/404
|-resisted|p2a: Hey
|-damage|p2a: Hey|111\/404
|-resisted|p2a: Hey
|-damage|p2a: Hey|86\/404
|-resisted|p2a: Hey
|-damage|p2a: Hey|59\/404
|-crit|p2a: Hey
|-resisted|p2a: Hey
|-damage|p2a: Hey|22\/404
|-hitcount|p2a: Hey|5
|
|-heal|p2a: Hey|47\/404|[from] item: Leftovers
|turn|19
|c|âBlazelatis|but not as much
|
|switch|p1a: Greninja|Greninja, F|257\/285
|move|p2a: Hey|Thunder Wave|p1a: Greninja
|-status|p1a: Greninja|par
|
|-heal|p2a: Hey|72\/404|[from] item: Leftovers
|turn|20
|c|âBlazelatis|LOL
|c|âBlazelatis|perfection
|
|switch|p1a: Magnezone|Magnezone|281\/281
|move|p2a: Hey|Giga Drain|p1a: Magnezone
|-resisted|p1a: Magnezone
|-damage|p1a: Magnezone|236\/281
|-heal|p2a: Hey|95\/404|[from] drain|[of] p1a: Magnezone
|
|-heal|p2a: Hey|120\/404|[from] item: Leftovers
|turn|21
|c| millow|gg i believe
|c|âBlazelatis|yup
|
|switch|p2a: Hot topic|Heatran, M, shiny|52\/386
|move|p1a: Magnezone|Thunderbolt|p2a: Hot topic
|-damage|p2a: Hot topic|0 fnt
|faint|p2a: Hot topic
|
|c|âBlazelatis|but anything can happen
|
|switch|p2a: Scar Face|Landorus-Therian, M|146\/320
|-ability|p2a: Scar Face|Intimidate|[of] p1a: Magnezone
|-unboost|p1a: Magnezone|atk|1
|turn|22
|c| millow|jjrn y not quit and save yourself some time
|c|âBlazelatis|naw let him do what he wants
|
|switch|p1a: Greninja|Greninja, F|257\/285 par
|move|p2a: Scar Face|Earthquake|p1a: Greninja
|-damage|p1a: Greninja|0 fnt
|faint|p1a: Greninja
|
|c|âBlazelatis|ninja'd
|c| millow|i just dont get people who play on when there is no hope
|c|âBlazelatis|always a chance
|
|switch|p1a: Breloom|Breloom, F|192\/261
|turn|23
|c|âBlazelatis|you never know what will happen
|
|move|p2a: Scar Face|U-turn|p1a: Breloom
|-crit|p1a: Breloom
|-damage|p1a: Breloom|28\/261
|c| millow|there was some twat i played had 1 poke left and i had 6 and he stalled out for like 30 extra turns just to lose to lack of pp
|c|âBlazelatis|damn
|
|switch|p2a: Hey|Celebi|120\/404
|move|p1a: Breloom|Rock Tomb|p2a: Hey
|-damage|p2a: Hey|28\/404
|-unboost|p2a: Hey|spe|1
|
|-heal|p2a: Hey|53\/404|[from] item: Leftovers
|turn|24
|c|âBlazelatis|i had some dude time stall me
|c|âBlazelatis|every time timer was about to go down he would make a move
|c|âBlazelatis|had to forfit
|c|âBlazelatis|and i would of won also
|
|move|p1a: Breloom|Drain Punch|p2a: Hey
|-resisted|p2a: Hey
|-damage|p2a: Hey|0 fnt
|-heal|p1a: Breloom|55\/261|[from] drain|[of] p2a: Hey
|faint|p2a: Hey
|
|
|switch|p2a: Scar Face|Landorus-Therian, M|146\/320
|-ability|p2a: Scar Face|Intimidate|[of] p1a: Breloom
|-unboost|p1a: Breloom|atk|1
|turn|25
|
|move|p2a: Scar Face|U-turn|p1a: Breloom
|-damage|p1a: Breloom|0 fnt
|faint|p1a: Breloom
|c|âBlazelatis|poor gyara
|c|âBlazelatis|sitting in the back
|
|switch|p2a: Titan|Conkeldurr, M|414\/414
|
|
|switch|p1a: Metagross|Metagross-Mega|301\/301 par
|turn|26
|
|move|p2a: Titan|Knock Off|p1a: Metagross
|-supereffective|p1a: Metagross
|-damage|p1a: Metagross|187\/301 par
|cant|p1a: Metagross|par
|
|turn|27
|c|âBlazelatis|welp
|-message|jjrn forfeited.
|leave|jjrn
|c| millow|lolol
|c|âBlazelatis|LOL
|c|âBlazelatis|RAGE QUIT
|
|win|Blazelatis
|raw|Ladder updating...
|player|p1
|c|âBlazelatis|so your turn?
|raw|jjrn's rating: 1579 &rarr; <strong>1556<\/strong><br \/>(-23 for losing)
|raw|Blazelatis's rating: 1524 &rarr; <strong>1547<\/strong><br \/>(+23 for winning)
|c| millow|maybe he came to his senses
|c|âBlazelatis|yup
|c|âBlazelatis|the para got to him
|c|âBlazelatis|i got inside his head
|c|âBlazelatis|and into the brain
|c| millow|i'll play u give me one min need a piss
|c|âBlazelatis|k