|join|sand1234
|join|jjrn
|player|p1|sand1234|284
|player|p2|jjrn|265
|gametype|singles
|gen|6
|tier|OU
|rated
|clearpoke
|poke|p1|Klefki, F
|poke|p1|Diggersby, F
|poke|p1|Talonflame, M
|poke|p1|Bisharp, M
|poke|p1|Azumarill, M
|poke|p1|Clefable, F
|poke|p2|Magnezone
|poke|p2|Breloom, F
|poke|p2|Azumarill, F
|poke|p2|Greninja, F
|poke|p2|Metagross
|poke|p2|Landorus-Therian, M
|rule|Swagger Clause: Swagger is banned
|rule|Baton Pass Clause: Limit one PokÃ©mon knowing Baton Pass
|rule|Sleep Clause Mod: Limit one foe put to sleep
|rule|Species Clause: Limit one of each PokÃ©mon
|rule|OHKO Clause: OHKO moves are banned
|rule|Moody Clause: Moody is banned
|rule|Evasion Moves Clause: Evasion moves are banned
|rule|Endless Battle Clause: Forcing endless battles is banned
|rule|HP Percentage Mod: HP is shown in percentages
|teampreview
|c|âsand1234|did we play some time ago
|
|start
|switch|p1a: Klefki|Klefki, F|318\/318
|switch|p2a: Breloom|Breloom, F|261\/261
|turn|1
|c|âjjrn|yes
|c|âjjrn|revenge
|
|move|p1a: Klefki|Thunder Wave|p2a: Breloom
|-status|p2a: Breloom|par
|move|p2a: Breloom|Spore|p1a: Klefki
|-status|p1a: Klefki|slp
|
|turn|2
|c|âsand1234|try
|
|switch|p1a: Clefable|Clefable, F|394\/394
|switch|p2a: Magnezone|Magnezone|281\/281
|
|turn|3
|
|move|p2a: Magnezone|Flash Cannon|p1a: Clefable
|-supereffective|p1a: Clefable
|-damage|p1a: Clefable|52\/394
|-unboost|p1a: Clefable|spd|1
|move|p1a: Clefable|Flamethrower|p2a: Magnezone
|-supereffective|p2a: Magnezone
|-damage|p2a: Magnezone|123\/281
|
|-heal|p1a: Clefable|76\/394|[from] item: Leftovers
|turn|4
|
|switch|p1a: Talonflame|Talonflame, M|297\/297
|move|p2a: Magnezone|Flash Cannon|p1a: Talonflame
|-resisted|p1a: Talonflame
|-damage|p1a: Talonflame|190\/297
|-unboost|p1a: Talonflame|spd|1
|
|turn|5
|
|switch|p2a: Landorus-Therian|Landorus-Therian, M|319\/319
|-ability|p2a: Landorus-Therian|Intimidate|[of] p1a: Talonflame
|-unboost|p1a: Talonflame|atk|1
|move|p1a: Talonflame|Swords Dance|p1a: Talonflame
|-boost|p1a: Talonflame|atk|2
|
|turn|6
|
|move|p1a: Talonflame|Brave Bird|p2a: Landorus-Therian
|-damage|p2a: Landorus-Therian|61\/319
|-damage|p1a: Talonflame|105\/297|[from] recoil|[of] p2a: Landorus-Therian
|move|p2a: Landorus-Therian|Rock Slide|p1a: Talonflame
|-supereffective|p1a: Talonflame
|-damage|p1a: Talonflame|0 fnt
|faint|p1a: Talonflame
|
|
|switch|p1a: Azumarill|Azumarill, M|351\/351
|turn|7
|
|switch|p2a: Magnezone|Magnezone|123\/281
|move|p1a: Azumarill|Belly Drum|p1a: Azumarill
|-damage|p1a: Azumarill|176\/351
|-setboost|p1a: Azumarill|atk|6|[from] move: Belly Drum
|
|turn|8
|
|move|p1a: Azumarill|Aqua Jet|p2a: Magnezone
|-damage|p2a: Magnezone|0 fnt
|faint|p2a: Magnezone
|
|
|switch|p2a: Breloom|Breloom, F|261\/261 par
|turn|9
|
|move|p1a: Azumarill|Play Rough|p2a: Breloom|[miss]
|-miss|p1a: Azumarill|p2a: Breloom
|move|p2a: Breloom|Bullet Seed|p1a: Azumarill
|-supereffective|p1a: Azumarill
|-damage|p1a: Azumarill|0 fnt
|-hitcount|p1a: Azumarill|1
|faint|p1a: Azumarill
|
|c|âsand1234|ah
|
|switch|p1a: Clefable|Clefable, F|76\/394
|turn|10
|
|move|p1a: Clefable|Soft-Boiled|p1a: Clefable
|-heal|p1a: Clefable|273\/394
|cant|p2a: Breloom|par
|
|-heal|p1a: Clefable|297\/394|[from] item: Leftovers
|turn|11
|
|move|p1a: Clefable|Flamethrower|p2a: Breloom
|-supereffective|p2a: Breloom
|-damage|p2a: Breloom|49\/261 par
|move|p2a: Breloom|Bullet Seed|p1a: Clefable
|-damage|p1a: Clefable|234\/394
|-damage|p1a: Clefable|173\/394
|-hitcount|p1a: Clefable|2
|
|-heal|p1a: Clefable|197\/394|[from] item: Leftovers
|turn|12
|
|move|p1a: Clefable|Soft-Boiled|p1a: Clefable
|-heal|p1a: Clefable|394\/394
|move|p2a: Breloom|Bullet Seed|p1a: Clefable
|-damage|p1a: Clefable|327\/394
|-damage|p1a: Clefable|258\/394
|-crit|p1a: Clefable
|-damage|p1a: Clefable|161\/394
|-hitcount|p1a: Clefable|3
|
|-heal|p1a: Clefable|185\/394|[from] item: Leftovers
|turn|13
|
|move|p1a: Clefable|Soft-Boiled|p1a: Clefable
|-heal|p1a: Clefable|382\/394
|cant|p2a: Breloom|par
|
|-heal|p1a: Clefable|394\/394|[from] item: Leftovers
|turn|14
|
|move|p1a: Clefable|Moonblast|p2a: Breloom
|-supereffective|p2a: Breloom
|-damage|p2a: Breloom|0 fnt
|faint|p2a: Breloom
|
|
|switch|p2a: Metagross|Metagross|301\/301
|turn|15
|
|switch|p1a: Klefki|Klefki, F|318\/318 slp
|detailschange|p2a: Metagross|Metagross-Mega
|-mega|p2a: Metagross|Metagross|Metagrossite
|move|p2a: Metagross|Meteor Mash|p1a: Klefki
|-damage|p1a: Klefki|126\/318 slp
|
|turn|16
|
|cant|p1a: Klefki|slp
|move|p2a: Metagross|Meteor Mash|p1a: Klefki|[miss]
|-miss|p2a: Metagross|p1a: Klefki
|
|turn|17
|
|-curestatus|p1a: Klefki|slp
|move|p1a: Klefki|Thunder Wave|p2a: Metagross
|-status|p2a: Metagross|par
|move|p2a: Metagross|Meteor Mash|p1a: Klefki
|-damage|p1a: Klefki|0 fnt
|faint|p1a: Klefki
|
|
|switch|p1a: Diggersby|Diggersby, F|311\/311
|turn|18
|
|move|p1a: Diggersby|Return|p2a: Metagross
|-resisted|p2a: Metagross
|-damage|p2a: Metagross|188\/301 par
|-damage|p1a: Diggersby|280\/311|[from] item: Life Orb
|move|p2a: Metagross|Ice Punch|p1a: Diggersby
|-supereffective|p1a: Diggersby
|-damage|p1a: Diggersby|0 fnt
|faint|p1a: Diggersby
|
|
|switch|p1a: Bisharp|Bisharp, M|272\/272
|turn|19
|
|move|p1a: Bisharp|Swords Dance|p1a: Bisharp
|-boost|p1a: Bisharp|atk|2
|move|p2a: Metagross|Earthquake|p1a: Bisharp
|-supereffective|p1a: Bisharp
|-damage|p1a: Bisharp|24\/272
|
|turn|20
|
|move|p1a: Bisharp|Knock Off|p2a: Metagross
|-supereffective|p2a: Metagross
|-damage|p2a: Metagross|0 fnt
|-damage|p1a: Bisharp|0 fnt|[from] item: Life Orb
|faint|p2a: Metagross
|faint|p1a: Bisharp
|
|c|âsand1234|wrong predicts
|
|switch|p2a: Greninja|Greninja, F|285\/285
|switch|p1a: Clefable|Clefable, F|394\/394
|turn|21
|c|âsand1234|cost
|c|âsand1234|gg
|
|move|p2a: Greninja|Gunk Shot|p1a: Clefable
|-start|p2a: Greninja|typechange|Poison|[from] Protean
|-supereffective|p1a: Clefable
|-damage|p1a: Clefable|134\/394
|-damage|p2a: Greninja|257\/285|[from] item: Life Orb
|move|p1a: Clefable|Flamethrower|p2a: Greninja
|-damage|p2a: Greninja|175\/285
|-status|p2a: Greninja|brn
|
|-heal|p1a: Clefable|158\/394|[from] item: Leftovers
|-damage|p2a: Greninja|140\/285 brn|[from] brn
|turn|22
|
|move|p2a: Greninja|Gunk Shot|p1a: Clefable
|-supereffective|p1a: Clefable
|-damage|p1a: Clefable|25\/394
|-status|p1a: Clefable|psn
|-damage|p2a: Greninja|112\/285 brn|[from] item: Life Orb
|move|p1a: Clefable|Soft-Boiled|p1a: Clefable
|-heal|p1a: Clefable|222\/394 psn
|
|-heal|p1a: Clefable|246\/394 psn|[from] item: Leftovers
|-damage|p2a: Greninja|77\/285 brn|[from] brn
|turn|23
|
|move|p2a: Greninja|Surf|p1a: Clefable
|-start|p2a: Greninja|typechange|Water|[from] Protean
|-damage|p1a: Clefable|47\/394 psn
|-damage|p2a: Greninja|49\/285 brn|[from] item: Life Orb
|move|p1a: Clefable|Soft-Boiled|p1a: Clefable
|-heal|p1a: Clefable|244\/394 psn
|
|-heal|p1a: Clefable|268\/394 psn|[from] item: Leftovers
|-damage|p2a: Greninja|14\/285 brn|[from] brn
|turn|24
|
|move|p2a: Greninja|Surf|p1a: Clefable
|-damage|p1a: Clefable|65\/394 psn
|-damage|p2a: Greninja|0 fnt|[from] item: Life Orb
|faint|p2a: Greninja
|move|p1a: Clefable|Soft-Boiled|p1a: Clefable
|-heal|p1a: Clefable|262\/394 psn
|
|-heal|p1a: Clefable|286\/394 psn|[from] item: Leftovers
|
|switch|p2a: Azumarill|Azumarill, F|341\/341
|turn|25
|
|move|p1a: Clefable|Moonblast|p2a: Azumarill
|-damage|p2a: Azumarill|272\/341
|move|p2a: Azumarill|Waterfall|p1a: Clefable
|-damage|p1a: Clefable|141\/394 psn
|
|-heal|p1a: Clefable|165\/394 psn|[from] item: Leftovers
|turn|26
|
|move|p1a: Clefable|Soft-Boiled|p1a: Clefable
|-heal|p1a: Clefable|362\/394 psn
|move|p2a: Azumarill|Knock Off|p1a: Clefable
|-resisted|p1a: Clefable
|-damage|p1a: Clefable|302\/394 psn
|-enditem|p1a: Clefable|Leftovers|[from] move: Knock Off|[of] p2a: Azumarill
|
|turn|27
|
|move|p1a: Clefable|Calm Mind|p1a: Clefable
|-boost|p1a: Clefable|spa|1
|-boost|p1a: Clefable|spd|1
|move|p2a: Azumarill|Play Rough|p1a: Clefable
|-damage|p1a: Clefable|131\/394 psn
|-unboost|p1a: Clefable|atk|1
|
|turn|28
|
|switch|p2a: Landorus-Therian|Landorus-Therian, M|61\/319
|-ability|p2a: Landorus-Therian|Intimidate|[of] p1a: Clefable
|-unboost|p1a: Clefable|atk|1
|move|p1a: Clefable|Soft-Boiled|p1a: Clefable
|-heal|p1a: Clefable|328\/394 psn
|
|turn|29
|
|move|p2a: Landorus-Therian|Earthquake|p1a: Clefable
|-damage|p1a: Clefable|153\/394 psn
|move|p1a: Clefable|Moonblast|p2a: Landorus-Therian
|-damage|p2a: Landorus-Therian|0 fnt
|faint|p2a: Landorus-Therian
|
|
|switch|p2a: Azumarill|Azumarill, F|272\/341
|turn|30
|
|move|p1a: Clefable|Soft-Boiled|p1a: Clefable
|-heal|p1a: Clefable|350\/394 psn
|move|p2a: Azumarill|Play Rough|p1a: Clefable
|-damage|p1a: Clefable|185\/394 psn
|
|turn|31
|c|âsand1234|gg
|
|move|p1a: Clefable|Soft-Boiled|p1a: Clefable
|-heal|p1a: Clefable|382\/394 psn
|move|p2a: Azumarill|Play Rough|p1a: Clefable
|-damage|p1a: Clefable|214\/394 psn
|
|turn|32
|
|move|p1a: Clefable|Moonblast|p2a: Azumarill
|-damage|p2a: Azumarill|170\/341
|move|p2a: Azumarill|Play Rough|p1a: Clefable
|-crit|p1a: Clefable
|-damage|p1a: Clefable|0 fnt
|faint|p1a: Clefable
|
|win|jjrn
|raw|Ladder updating...
|raw|sand1234's rating: 1607 &rarr; <strong>1584<\/strong><br \/>(-23 for losing)
|raw|jjrn's rating: 1561 &rarr; <strong>1583<\/strong><br \/>(+22 for winning)
|c|âsand1234|gg
|leave|jjrn
|player|p2