|join|jjrn
|join|Deen Gay
|player|p1|jjrn|1
|player|p2|Deen Gay|263
|gametype|singles
|gen|6
|tier|OU
|rated
|clearpoke
|poke|p1|Magnezone
|poke|p1|Breloom, F
|poke|p1|Azumarill, F
|poke|p1|Latios, M
|poke|p1|Metagross
|poke|p1|Landorus-Therian, M
|poke|p2|Azelf
|poke|p2|Charizard, M
|poke|p2|Bisharp, M
|poke|p2|Gengar, M
|poke|p2|Latios, M
|poke|p2|Gyarados, F
|rule|Swagger Clause: Swagger is banned
|rule|Baton Pass Clause: Limit one PokÃ©mon knowing Baton Pass
|rule|Sleep Clause Mod: Limit one foe put to sleep
|rule|Species Clause: Limit one of each PokÃ©mon
|rule|OHKO Clause: OHKO moves are banned
|rule|Moody Clause: Moody is banned
|rule|Evasion Moves Clause: Evasion moves are banned
|rule|Endless Battle Clause: Forcing endless battles is banned
|rule|HP Percentage Mod: HP is shown in percentages
|teampreview
|
|start
|switch|p1a: Breloom|Breloom, F|261\/261
|switch|p2a: Azelf|Azelf|291\/291
|turn|1
|
|move|p2a: Azelf|Stealth Rock|p1a: Breloom
|-sidestart|p1: jjrn|move: Stealth Rock
|move|p1a: Breloom|Spore|p2a: Azelf
|-status|p2a: Azelf|slp
|
|turn|2
|
|switch|p2a: Gyarados|Gyarados, F|331\/331
|-ability|p2a: Gyarados|Intimidate|[of] p1a: Breloom
|-unboost|p1a: Breloom|atk|1
|move|p1a: Breloom|Bullet Seed|p2a: Gyarados
|-damage|p2a: Gyarados|277\/331
|-damage|p2a: Gyarados|217\/331
|-hitcount|p2a: Gyarados|2
|
|-heal|p2a: Gyarados|237\/331|[from] item: Leftovers
|turn|3
|
|move|p2a: Gyarados|Bounce|p1a: Breloom|[still]
|-prepare|p2a: Gyarados|Bounce|p1a: Breloom
|move|p1a: Breloom|Rock Tomb|p2a: Gyarados|[miss]
|-miss|p1a: Breloom|p2a: Gyarados
|
|-heal|p2a: Gyarados|257\/331|[from] item: Leftovers
|turn|4
|
|switch|p1a: Magnezone|Magnezone|281\/281
|-damage|p1a: Magnezone|264\/281|[from] Stealth Rock
|move|p2a: Gyarados|Bounce|p1a: Magnezone
|-resisted|p1a: Magnezone
|-damage|p1a: Magnezone|227\/281
|
|-heal|p2a: Gyarados|277\/331|[from] item: Leftovers
|turn|5
|
|switch|p2a: Latios|Latios, M|301\/301
|move|p1a: Magnezone|Volt Switch|p2a: Latios
|-crit|p2a: Latios
|-resisted|p2a: Latios
|-damage|p2a: Latios|211\/301
|
|switch|p1a: Landorus-Therian|Landorus-Therian, M|319\/319
|-damage|p1a: Landorus-Therian|280\/319|[from] Stealth Rock
|-ability|p1a: Landorus-Therian|Intimidate|[of] p2a: Latios
|-unboost|p2a: Latios|atk|1
|
|turn|6
|
|switch|p2a: Gyarados|Gyarados, F|277\/331
|-ability|p2a: Gyarados|Intimidate|[of] p1a: Landorus-Therian
|-unboost|p1a: Landorus-Therian|atk|1
|move|p1a: Landorus-Therian|U-turn|p2a: Gyarados
|-resisted|p2a: Gyarados
|-damage|p2a: Gyarados|239\/331
|
|switch|p1a: Magnezone|Magnezone|227\/281
|-damage|p1a: Magnezone|210\/281|[from] Stealth Rock
|
|-heal|p2a: Gyarados|259\/331|[from] item: Leftovers
|turn|7
|
|switch|p2a: Latios|Latios, M|211\/301
|move|p1a: Magnezone|Volt Switch|p2a: Latios
|-resisted|p2a: Latios
|-damage|p2a: Latios|142\/301
|
|switch|p1a: Landorus-Therian|Landorus-Therian, M|280\/319
|-damage|p1a: Landorus-Therian|241\/319|[from] Stealth Rock
|-ability|p1a: Landorus-Therian|Intimidate|[of] p2a: Latios
|-unboost|p2a: Latios|atk|1
|
|turn|8
|
|switch|p2a: Gyarados|Gyarados, F|259\/331
|-ability|p2a: Gyarados|Intimidate|[of] p1a: Landorus-Therian
|-unboost|p1a: Landorus-Therian|atk|1
|move|p1a: Landorus-Therian|U-turn|p2a: Gyarados
|-resisted|p2a: Gyarados
|-damage|p2a: Gyarados|219\/331
|
|switch|p1a: Magnezone|Magnezone|210\/281
|-damage|p1a: Magnezone|193\/281|[from] Stealth Rock
|
|-heal|p2a: Gyarados|239\/331|[from] item: Leftovers
|turn|9
|
|switch|p2a: Azelf|Azelf|291\/291 slp
|move|p1a: Magnezone|Volt Switch|p2a: Azelf
|-damage|p2a: Azelf|113\/291 slp
|
|switch|p1a: Breloom|Breloom, F|261\/261
|-damage|p1a: Breloom|245\/261|[from] Stealth Rock
|
|turn|10
|
|cant|p2a: Azelf|slp
|move|p1a: Breloom|Drain Punch|p2a: Azelf
|-resisted|p2a: Azelf
|-damage|p2a: Azelf|2\/291 slp
|-heal|p1a: Breloom|261\/261|[from] drain|[of] p2a: Azelf
|
|turn|11
|
|-curestatus|p2a: Azelf|slp
|move|p2a: Azelf|Explosion|p1a: Breloom
|-enditem|p1a: Breloom|Focus Sash
|-damage|p1a: Breloom|1\/261
|faint|p2a: Azelf
|move|p1a: Breloom|Rock Tomb|p2: Azelf|[notarget]
|-notarget
|
|
|switch|p2a: Latios|Latios, M|142\/301
|turn|12
|c|âjjrn|...
|
|move|p2a: Latios|Psyshock|p1a: Breloom
|-supereffective|p1a: Breloom
|-damage|p1a: Breloom|0 fnt
|-damage|p2a: Latios|112\/301|[from] item: Life Orb
|faint|p1a: Breloom
|
|
|switch|p1a: Landorus-Therian|Landorus-Therian, M|241\/319
|-damage|p1a: Landorus-Therian|202\/319|[from] Stealth Rock
|-ability|p1a: Landorus-Therian|Intimidate|[of] p2a: Latios
|-unboost|p2a: Latios|atk|1
|turn|13
|
|switch|p2a: Gyarados|Gyarados, F|239\/331
|-ability|p2a: Gyarados|Intimidate|[of] p1a: Landorus-Therian
|-unboost|p1a: Landorus-Therian|atk|1
|move|p1a: Landorus-Therian|U-turn|p2a: Gyarados
|-resisted|p2a: Gyarados
|-damage|p2a: Gyarados|195\/331
|
|switch|p1a: Magnezone|Magnezone|193\/281
|-damage|p1a: Magnezone|176\/281|[from] Stealth Rock
|
|-heal|p2a: Gyarados|215\/331|[from] item: Leftovers
|turn|14
|
|switch|p2a: Latios|Latios, M|112\/301
|move|p1a: Magnezone|Volt Switch|p2a: Latios
|-resisted|p2a: Latios
|-damage|p2a: Latios|48\/301
|
|switch|p1a: Landorus-Therian|Landorus-Therian, M|202\/319
|-damage|p1a: Landorus-Therian|163\/319|[from] Stealth Rock
|-ability|p1a: Landorus-Therian|Intimidate|[of] p2a: Latios
|-unboost|p2a: Latios|atk|1
|
|turn|15
|
|move|p1a: Landorus-Therian|Stealth Rock|p2a: Latios
|-sidestart|p2: Deen Gay|move: Stealth Rock
|move|p2a: Latios|Draco Meteor|p1a: Landorus-Therian
|-damage|p1a: Landorus-Therian|0 fnt
|-unboost|p2a: Latios|spa|2
|-damage|p2a: Latios|18\/301|[from] item: Life Orb
|faint|p1a: Landorus-Therian
|
|
|switch|p1a: Metagross|Metagross|301\/301
|-damage|p1a: Metagross|283\/301|[from] Stealth Rock
|turn|16
|
|detailschange|p1a: Metagross|Metagross-Mega
|-mega|p1a: Metagross|Metagross|Metagrossite
|move|p2a: Latios|Defog|p1a: Metagross
|-unboost|p1a: Metagross|evasion|1
|-sideend|p1: jjrn|Stealth Rock|[from] move: Defog|[of] p1a: Metagross
|-sideend|p2: Deen Gay|Stealth Rock|[from] move: Defog|[of] p2a: Latios
|move|p1a: Metagross|Meteor Mash|p2a: Latios
|-damage|p2a: Latios|0 fnt
|faint|p2a: Latios
|
|
|switch|p2a: Gengar|Gengar, M|261\/261
|turn|17
|
|move|p2a: Gengar|Shadow Ball|p1a: Metagross
|-supereffective|p1a: Metagross
|-damage|p1a: Metagross|0 fnt
|-damage|p2a: Gengar|235\/261|[from] item: Life Orb
|faint|p1a: Metagross
|
|
|switch|p1a: Latios|Latios, M|301\/301
|turn|18
|
|switch|p2a: Bisharp|Bisharp, M|271\/271
|move|p1a: Latios|Psychic|p2a: Bisharp
|-immune|p2a: Bisharp|[msg]
|
|turn|19
|-message|jjrn forfeited.
|
|win|Deen Gay
|raw|Ladder updating...
|raw|jjrn's rating: 1596 &rarr; <strong>1577<\/strong><br \/>(-19 for losing)
|raw|Deen Gay's rating: 1603 &rarr; <strong>1623<\/strong><br \/>(+20 for winning)
|leave|jjrn
|player|p1