|join|FearTheCow57
|join|Darub
|player|p1|FearTheCow57|248
|player|p2|Darub|169
|gametype|singles
|gen|6
|tier|UU
|rated
|rule|Sleep Clause Mod: Limit one foe put to sleep
|rule|Species Clause: Limit one of each PokÃ©mon
|rule|OHKO Clause: OHKO moves are banned
|rule|Moody Clause: Moody is banned
|rule|Evasion Moves Clause: Evasion moves are banned
|rule|Endless Battle Clause: Forcing endless battles is banned
|rule|HP Percentage Mod: HP is shown in percentages
|clearpoke
|poke|p1|Yanmega, M, shiny
|poke|p1|Hydreigon, M
|poke|p1|Tentacruel, M
|poke|p1|Chesnaught, M
|poke|p1|Jirachi
|poke|p1|Rotom-Heat
|poke|p2|Alakazam, M
|poke|p2|Empoleon, M
|poke|p2|Porygon2
|poke|p2|Machamp, F
|poke|p2|Reuniclus, F
|poke|p2|Diancie
|rule|Swagger Clause: Swagger is banned
|rule|Baton Pass Clause: Limit one PokÃ©mon knowing Baton Pass
|teampreview
|
|start
|switch|p1a: Rotom-Heat|Rotom-Heat|241\/241
|switch|p2a: Porygon2|Porygon2|373\/373
|-boost|p2a: Porygon2|atk|1|[from] ability: Download
|turn|1
|
|switch|p2a: Diancie|Diancie|241\/241
|move|p1a: Rotom-Heat|Will-O-Wisp|p2a: Diancie
|-status|p2a: Diancie|brn
|
|-damage|p2a: Diancie|211\/241 brn|[from] brn
|turn|2
|
|switch|p1a: Jirachi|Jirachi|404\/404
|detailschange|p2a: Diancie|Diancie-Mega
|-mega|p2a: Diancie|Diancie|Diancite
|move|p2a: Diancie|Moonblast|p1a: Jirachi
|-resisted|p1a: Jirachi
|-damage|p1a: Jirachi|326\/404
|
|-heal|p1a: Jirachi|351\/404|[from] item: Leftovers
|-damage|p2a: Diancie|181\/241 brn|[from] brn
|turn|3
|
|switch|p2a: Porygon2|Porygon2|373\/373
|-boost|p2a: Porygon2|atk|1|[from] ability: Download
|move|p1a: Jirachi|U-turn|p2a: Porygon2
|-damage|p2a: Porygon2|331\/373
|
|switch|p1a: Rotom-Heat|Rotom-Heat|241\/241
|
|turn|4
|
|move|p1a: Rotom-Heat|Volt Switch|p2a: Porygon2
|-crit|p2a: Porygon2
|-damage|p2a: Porygon2|244\/373
|
|switch|p1a: Jirachi|Jirachi|351\/404
|move|p2a: Porygon2|Tri Attack|p1a: Jirachi
|-crit|p1a: Jirachi
|-resisted|p1a: Jirachi
|-damage|p1a: Jirachi|298\/404
|
|-heal|p1a: Jirachi|323\/404|[from] item: Leftovers
|turn|5
|
|move|p1a: Jirachi|Stealth Rock|p2a: Porygon2
|-sidestart|p2: Darub|move: Stealth Rock
|move|p2a: Porygon2|Trick Room|p2a: Porygon2
|-fieldstart|move: Trick Room|[of] p2a: Porygon2
|
|-heal|p1a: Jirachi|348\/404|[from] item: Leftovers
|turn|6
|
|switch|p2a: Machamp|Machamp, F|383\/383
|-damage|p2a: Machamp|360\/383|[from] Stealth Rock
|move|p1a: Jirachi|U-turn|p2a: Machamp
|-resisted|p2a: Machamp
|-damage|p2a: Machamp|328\/383
|
|switch|p1a: Chesnaught|Chesnaught, M|379\/379
|
|turn|7
|
|move|p2a: Machamp|Dynamic Punch|p1a: Chesnaught
|-damage|p1a: Chesnaught|189\/379
|-start|p1a: Chesnaught|confusion
|-activate|p1a: Chesnaught|confusion
|-damage|p1a: Chesnaught|165\/379|[from] confusion
|
|-heal|p1a: Chesnaught|188\/379|[from] item: Leftovers
|turn|8
|
|-activate|p1a: Chesnaught|confusion
|-damage|p1a: Chesnaught|165\/379|[from] confusion
|move|p2a: Machamp|Dynamic Punch|p1a: Chesnaught
|-damage|p1a: Chesnaught|0 fnt
|faint|p1a: Chesnaught
|
|
|switch|p1a: Yanmega|Yanmega, M, shiny|313\/313
|turn|9
|
|switch|p2a: Porygon2|Porygon2|244\/373
|-damage|p2a: Porygon2|198\/373|[from] Stealth Rock
|-boost|p2a: Porygon2|spa|1|[from] ability: Download
|move|p1a: Yanmega|Protect|p1a: Yanmega
|-fail|p1a: Yanmega
|
|-fieldend|move: Trick Room
|-boost|p1a: Yanmega|spe|1|[from] ability: Speed Boost
|turn|10
|
|switch|p1a: Tentacruel|Tentacruel, M|363\/363
|move|p2a: Porygon2|Trick Room|p2a: Porygon2
|-fieldstart|move: Trick Room|[of] p2a: Porygon2
|
|turn|11
|
|move|p2a: Porygon2|Psyshock|p1a: Tentacruel
|-supereffective|p1a: Tentacruel
|-damage|p1a: Tentacruel|193\/363
|move|p1a: Tentacruel|Toxic Spikes|p2a: Porygon2
|-sidestart|p2: Darub|move: Toxic Spikes
|
|-heal|p1a: Tentacruel|215\/363|[from] item: Black Sludge
|turn|12
|
|switch|p1a: Jirachi|Jirachi|348\/404
|move|p2a: Porygon2|Recover|p2a: Porygon2
|-heal|p2a: Porygon2|373\/373
|
|-heal|p1a: Jirachi|373\/404|[from] item: Leftovers
|turn|13
|
|move|p2a: Porygon2|Tri Attack|p1a: Jirachi
|-resisted|p1a: Jirachi
|-damage|p1a: Jirachi|322\/404
|-status|p1a: Jirachi|par
|move|p1a: Jirachi|U-turn|p2a: Porygon2
|-damage|p2a: Porygon2|332\/373
|
|switch|p1a: Rotom-Heat|Rotom-Heat|241\/241
|
|turn|14
|
|move|p2a: Porygon2|Tri Attack|p1a: Rotom-Heat
|-damage|p1a: Rotom-Heat|96\/241
|move|p1a: Rotom-Heat|Volt Switch|p2a: Porygon2
|-damage|p2a: Porygon2|281\/373
|
|switch|p1a: Tentacruel|Tentacruel, M|215\/363
|
|-heal|p1a: Tentacruel|237\/363|[from] item: Black Sludge
|-fieldend|move: Trick Room
|turn|15
|
|move|p1a: Tentacruel|Acid Spray|p2a: Porygon2
|-damage|p2a: Porygon2|259\/373
|-unboost|p2a: Porygon2|spd|2
|move|p2a: Porygon2|Trick Room|p2a: Porygon2
|-fieldstart|move: Trick Room|[of] p2a: Porygon2
|
|-heal|p1a: Tentacruel|259\/363|[from] item: Black Sludge
|turn|16
|
|move|p2a: Porygon2|Tri Attack|p1a: Tentacruel
|-damage|p1a: Tentacruel|129\/363
|move|p1a: Tentacruel|Scald|p2a: Porygon2
|-damage|p2a: Porygon2|187\/373
|-status|p2a: Porygon2|brn
|
|-heal|p1a: Tentacruel|151\/363|[from] item: Black Sludge
|-damage|p2a: Porygon2|141\/373 brn|[from] brn
|turn|17
|
|switch|p1a: Jirachi|Jirachi|322\/404 par
|move|p2a: Porygon2|Psyshock|p1a: Jirachi
|-resisted|p1a: Jirachi
|-damage|p1a: Jirachi|299\/404 par
|
|-heal|p1a: Jirachi|324\/404 par|[from] item: Leftovers
|-damage|p2a: Porygon2|95\/373 brn|[from] brn
|turn|18
|
|cant|p1a: Jirachi|par
|move|p2a: Porygon2|Recover|p2a: Porygon2
|-heal|p2a: Porygon2|282\/373 brn
|
|-heal|p1a: Jirachi|349\/404 par|[from] item: Leftovers
|-damage|p2a: Porygon2|236\/373 brn|[from] brn
|turn|19
|
|move|p1a: Jirachi|Wish|p1a: Jirachi
|move|p2a: Porygon2|Tri Attack|p1a: Jirachi
|-resisted|p1a: Jirachi
|-damage|p1a: Jirachi|295\/404 par
|
|-heal|p1a: Jirachi|320\/404 par|[from] item: Leftovers
|-damage|p2a: Porygon2|190\/373 brn|[from] brn
|-fieldend|move: Trick Room
|turn|20
|
|move|p2a: Porygon2|Psyshock|p1a: Jirachi
|-resisted|p1a: Jirachi
|-damage|p1a: Jirachi|295\/404 par
|move|p1a: Jirachi|U-turn|p2a: Porygon2
|-damage|p2a: Porygon2|151\/373 brn
|
|switch|p1a: Rotom-Heat|Rotom-Heat|96\/241
|
|-heal|p1a: Rotom-Heat|241\/241|[from] move: Wish|[wisher] Jirachi
|-damage|p2a: Porygon2|105\/373 brn|[from] brn
|turn|21
|
|move|p1a: Rotom-Heat|Volt Switch|p2a: Porygon2
|-damage|p2a: Porygon2|2\/373 brn
|
|switch|p1a: Jirachi|Jirachi|295\/404 par
|move|p2a: Porygon2|Trick Room|p2a: Porygon2
|-fieldstart|move: Trick Room|[of] p2a: Porygon2
|
|-heal|p1a: Jirachi|320\/404 par|[from] item: Leftovers
|-damage|p2a: Porygon2|0 fnt|[from] brn
|faint|p2a: Porygon2
|
|switch|p2a: Machamp|Machamp, F|328\/383
|-damage|p2a: Machamp|305\/383|[from] Stealth Rock
|-status|p2a: Machamp|psn
|turn|22
|
|move|p1a: Jirachi|Iron Head|p2a: Machamp
|-damage|p2a: Machamp|190\/383 psn
|cant|p2a: Machamp|flinch
|
|-heal|p1a: Jirachi|345\/404 par|[from] item: Leftovers
|-damage|p2a: Machamp|143\/383 psn|[from] psn
|turn|23
|
|cant|p1a: Jirachi|par
|move|p2a: Machamp|Knock Off|p1a: Jirachi
|-supereffective|p1a: Jirachi
|-damage|p1a: Jirachi|0 fnt
|-enditem|p1a: Jirachi|Leftovers|[from] move: Knock Off|[of] p2a: Machamp
|faint|p1a: Jirachi
|
|-damage|p2a: Machamp|96\/383 psn|[from] psn
|
|switch|p1a: Hydreigon|Hydreigon, M|325\/325
|turn|24
|
|move|p2a: Machamp|Knock Off|p1a: Hydreigon
|-resisted|p1a: Hydreigon
|-damage|p1a: Hydreigon|204\/325
|-enditem|p1a: Hydreigon|Life Orb|[from] move: Knock Off|[of] p2a: Machamp
|move|p1a: Hydreigon|Dark Pulse|p2a: Machamp
|-resisted|p2a: Machamp
|-damage|p2a: Machamp|13\/383 psn
|
|-damage|p2a: Machamp|0 fnt|[from] psn
|faint|p2a: Machamp
|
|switch|p2a: Diancie|Diancie-Mega|181\/241 brn
|-damage|p2a: Diancie|151\/241 brn|[from] Stealth Rock
|turn|25
|
|switch|p2a: Empoleon|Empoleon, M|309\/309
|-damage|p2a: Empoleon|290\/309|[from] Stealth Rock
|move|p1a: Hydreigon|Iron Tail|p2a: Empoleon
|-resisted|p2a: Empoleon
|-damage|p2a: Empoleon|271\/309
|
|-heal|p2a: Empoleon|290\/309|[from] item: Leftovers
|-fieldend|move: Trick Room
|turn|26
|
|move|p1a: Hydreigon|Superpower|p2a: Empoleon
|-supereffective|p2a: Empoleon
|-damage|p2a: Empoleon|98\/309
|-unboost|p1a: Hydreigon|atk|1
|-unboost|p1a: Hydreigon|def|1
|move|p2a: Empoleon|Defog|p1a: Hydreigon
|-unboost|p1a: Hydreigon|evasion|1
|-sideend|p2: Darub|Toxic Spikes|[from] move: Defog|[of] p2a: Empoleon
|-sideend|p2: Darub|Stealth Rock|[from] move: Defog|[of] p2a: Empoleon
|
|-heal|p2a: Empoleon|117\/309|[from] item: Leftovers
|turn|27
|
|move|p1a: Hydreigon|Dark Pulse|p2a: Empoleon
|-damage|p2a: Empoleon|18\/309
|move|p2a: Empoleon|Ice Beam|p1a: Hydreigon
|-supereffective|p1a: Hydreigon
|-damage|p1a: Hydreigon|10\/325
|
|-heal|p2a: Empoleon|37\/309|[from] item: Leftovers
|turn|28
|
|move|p1a: Hydreigon|Dark Pulse|p2a: Empoleon
|-damage|p2a: Empoleon|0 fnt
|faint|p2a: Empoleon
|
|
|switch|p2a: Alakazam|Alakazam, M|251\/251
|turn|29
|
|move|p2a: Alakazam|Dazzling Gleam|p1a: Hydreigon
|-supereffective|p1a: Hydreigon
|-damage|p1a: Hydreigon|0 fnt
|faint|p1a: Hydreigon
|
|
|switch|p1a: Rotom-Heat|Rotom-Heat|241\/241
|turn|30
|
|move|p1a: Rotom-Heat|Volt Switch|p2a: Alakazam
|-damage|p2a: Alakazam|130\/251
|
|switch|p1a: Tentacruel|Tentacruel, M|151\/363
|move|p2a: Alakazam|Trick Room|p2a: Alakazam
|-fieldstart|move: Trick Room|[of] p2a: Alakazam
|
|-heal|p1a: Tentacruel|173\/363|[from] item: Black Sludge
|turn|31
|
|move|p1a: Tentacruel|Scald|p2a: Alakazam
|-damage|p2a: Alakazam|54\/251
|move|p2a: Alakazam|Psychic|p1a: Tentacruel
|-supereffective|p1a: Tentacruel
|-damage|p1a: Tentacruel|0 fnt
|faint|p1a: Tentacruel
|
|
|switch|p1a: Yanmega|Yanmega, M, shiny|313\/313
|turn|32
|
|move|p1a: Yanmega|Bug Buzz|p2a: Alakazam
|-supereffective|p2a: Alakazam
|-damage|p2a: Alakazam|0 fnt
|-damage|p1a: Yanmega|282\/313|[from] item: Life Orb
|faint|p2a: Alakazam
|
|-boost|p1a: Yanmega|spe|1|[from] ability: Speed Boost
|
|switch|p2a: Diancie|Diancie-Mega|151\/241 brn
|turn|33
|join|ba$ed n bad
|
|switch|p1a: Rotom-Heat|Rotom-Heat|241\/241
|move|p2a: Diancie|Diamond Storm|p1a: Rotom-Heat
|-supereffective|p1a: Rotom-Heat
|-damage|p1a: Rotom-Heat|77\/241
|
|-damage|p2a: Diancie|121\/241 brn|[from] brn
|turn|34
|
|move|p2a: Diancie|Diamond Storm|p1a: Rotom-Heat
|-supereffective|p1a: Rotom-Heat
|-damage|p1a: Rotom-Heat|0 fnt
|-boost|p2a: Diancie|def|1
|faint|p1a: Rotom-Heat
|
|-damage|p2a: Diancie|91\/241 brn|[from] brn
|-fieldend|move: Trick Room
|
|switch|p1a: Yanmega|Yanmega, M, shiny|282\/313
|turn|35
|
|move|p2a: Diancie|Rock Polish|p2a: Diancie
|-boost|p2a: Diancie|spe|2
|move|p1a: Yanmega|Giga Drain|p2a: Diancie
|-supereffective|p2a: Diancie
|-damage|p2a: Diancie|0 fnt
|-heal|p1a: Yanmega|313\/313|[from] drain|[of] p2a: Diancie
|-damage|p1a: Yanmega|282\/313|[from] item: Life Orb
|faint|p2a: Diancie
|
|-boost|p1a: Yanmega|spe|1|[from] ability: Speed Boost
|c|âDarub|fug. gg
|c|âFearTheCow57|gg
|
|switch|p2a: Reuniclus|Reuniclus, F|424\/424
|turn|36
|c|âFearTheCow57|love your team, its really cool
|
|move|p1a: Yanmega|Bug Buzz|p2a: Reuniclus
|-supereffective|p2a: Reuniclus
|-damage|p2a: Reuniclus|0 fnt
|-damage|p1a: Yanmega|251\/313|[from] item: Life Orb
|faint|p2a: Reuniclus
|
|win|FearTheCow57
|raw|Ladder updating...
|raw|FearTheCow57's rating: 1572 &rarr; <strong>1587<\/strong><br \/>(+15 for winning)
|raw|Darub's rating: 1489 &rarr; <strong>1474<\/strong><br \/>(-15 for losing)
|c|âDarub|thx.  you too
|leave|ba$ed n bad