|join|FearTheCow57
|join|Pkmn Champ Lance
|player|p1|FearTheCow57|248
|player|p2|Pkmn Champ Lance|153
|gametype|singles
|gen|6
|tier|UU
|rated
|rule|Sleep Clause Mod: Limit one foe put to sleep
|rule|Species Clause: Limit one of each PokÃ©mon
|rule|OHKO Clause: OHKO moves are banned
|rule|Moody Clause: Moody is banned
|rule|Evasion Moves Clause: Evasion moves are banned
|rule|Endless Battle Clause: Forcing endless battles is banned
|rule|HP Percentage Mod: HP is shown in percentages
|clearpoke
|poke|p1|Yanmega, F, shiny
|poke|p1|Hydreigon, M
|poke|p1|Tentacruel, M
|poke|p1|Chesnaught, M
|poke|p1|Jirachi
|poke|p1|Rotom-Heat
|poke|p2|Azelf
|poke|p2|Tornadus, M
|poke|p2|Kingdra, M
|poke|p2|Swampert, M
|poke|p2|Kabutops, F
|poke|p2|Ludicolo, F
|rule|Swagger Clause: Swagger is banned
|rule|Baton Pass Clause: Limit one PokÃ©mon knowing Baton Pass
|teampreview
|
|start
|switch|p1a: Jirachi|Jirachi|404\/404
|switch|p2a: Tornadus|Tornadus, M|361\/361
|turn|1
|
|move|p2a: Tornadus|Rain Dance|p2a: Tornadus
|-weather|RainDance
|move|p1a: Jirachi|Stealth Rock|p2a: Tornadus
|-sidestart|p2: Pkmn Champ Lance|move: Stealth Rock
|
|-weather|RainDance|[upkeep]
|turn|2
|
|move|p2a: Tornadus|Hurricane|p1a: Jirachi
|-resisted|p1a: Jirachi
|-damage|p1a: Jirachi|340\/404
|move|p1a: Jirachi|U-turn|p2a: Tornadus
|-resisted|p2a: Tornadus
|-damage|p2a: Tornadus|317\/361
|
|switch|p1a: Hydreigon|Hydreigon, M|325\/325
|
|-weather|RainDance|[upkeep]
|turn|3
|
|move|p1a: Hydreigon|Draco Meteor|p2a: Tornadus
|-damage|p2a: Tornadus|0 fnt
|-unboost|p1a: Hydreigon|spa|2
|-damage|p1a: Hydreigon|293\/325|[from] item: Life Orb
|faint|p2a: Tornadus
|
|-weather|RainDance|[upkeep]
|
|switch|p2a: Kingdra|Kingdra, M|291\/291
|-damage|p2a: Kingdra|255\/291|[from] Stealth Rock
|turn|4
|
|switch|p1a: Rotom-Heat|Rotom-Heat|241\/241
|move|p2a: Kingdra|Draco Meteor|p1a: Rotom-Heat
|-damage|p1a: Rotom-Heat|76\/241
|-unboost|p2a: Kingdra|spa|2
|-damage|p2a: Kingdra|226\/291|[from] item: Life Orb
|
|-weather|RainDance|[upkeep]
|turn|5
|
|move|p2a: Kingdra|Waterfall|p1a: Rotom-Heat
|-supereffective|p1a: Rotom-Heat
|-damage|p1a: Rotom-Heat|0 fnt
|-damage|p2a: Kingdra|197\/291|[from] item: Life Orb
|faint|p1a: Rotom-Heat
|
|-weather|RainDance|[upkeep]
|
|switch|p1a: Tentacruel|Tentacruel, M|363\/363
|turn|6
|
|move|p2a: Kingdra|Outrage|p1a: Tentacruel
|-damage|p1a: Tentacruel|116\/363
|-damage|p2a: Kingdra|168\/291|[from] item: Life Orb
|move|p1a: Tentacruel|Toxic Spikes|p2a: Kingdra
|-sidestart|p2: Pkmn Champ Lance|move: Toxic Spikes
|
|-weather|RainDance|[upkeep]
|-heal|p1a: Tentacruel|138\/363|[from] item: Black Sludge
|turn|7
|
|switch|p1a: Jirachi|Jirachi|340\/404
|move|p2a: Kingdra|Outrage|p1a: Jirachi
|-resisted|p1a: Jirachi
|-damage|p1a: Jirachi|227\/404
|-damage|p2a: Kingdra|139\/291|[from] item: Life Orb
|
|-weather|RainDance|[upkeep]
|-heal|p1a: Jirachi|252\/404|[from] item: Leftovers
|turn|8
|
|move|p2a: Kingdra|Outrage|p1a: Jirachi
|-resisted|p1a: Jirachi
|-damage|p1a: Jirachi|139\/404
|-damage|p2a: Kingdra|110\/291|[from] item: Life Orb
|move|p1a: Jirachi|U-turn|p2a: Kingdra
|-damage|p2a: Kingdra|43\/291
|
|switch|p1a: Yanmega|Yanmega, F, shiny|313\/313
|
|-end|p2a: Kingdra|rampage
|-start|p2a: Kingdra|confusion
|-weather|none
|turn|9
|
|move|p1a: Yanmega|Bug Buzz|p2a: Kingdra
|-damage|p2a: Kingdra|0 fnt
|-damage|p1a: Yanmega|282\/313|[from] item: Life Orb
|faint|p2a: Kingdra
|
|-boost|p1a: Yanmega|spe|1|[from] ability: Speed Boost
|
|switch|p2a: Swampert|Swampert, M|381\/381
|-damage|p2a: Swampert|358\/381|[from] Stealth Rock
|-status|p2a: Swampert|psn
|turn|10
|
|detailschange|p2a: Swampert|Swampert-Mega, M
|-mega|p2a: Swampert|Swampert|Swampertite
|move|p1a: Yanmega|Giga Drain|p2a: Swampert
|-supereffective|p2a: Swampert
|-damage|p2a: Swampert|0 fnt
|-heal|p1a: Yanmega|313\/313|[from] drain|[of] p2a: Swampert
|-damage|p1a: Yanmega|282\/313|[from] item: Life Orb
|faint|p2a: Swampert
|
|-boost|p1a: Yanmega|spe|1|[from] ability: Speed Boost
|
|switch|p2a: Ludicolo|Ludicolo, F|301\/301
|-damage|p2a: Ludicolo|264\/301|[from] Stealth Rock
|-status|p2a: Ludicolo|psn
|turn|11
|c|âFearTheCow57|gg
|
|move|p1a: Yanmega|Bug Buzz|p2a: Ludicolo
|-supereffective|p2a: Ludicolo
|-damage|p2a: Ludicolo|0 fnt
|-damage|p1a: Yanmega|251\/313|[from] item: Life Orb
|faint|p2a: Ludicolo
|
|-boost|p1a: Yanmega|spe|1|[from] ability: Speed Boost
|
|switch|p2a: Kabutops|Kabutops, F|261\/261
|-status|p2a: Kabutops|psn
|-damage|p2a: Kabutops|229\/261 psn|[from] Stealth Rock
|turn|12
|
|move|p2a: Kabutops|Aqua Jet|p1a: Yanmega
|-damage|p1a: Yanmega|142\/313
|-damage|p2a: Kabutops|203\/261 psn|[from] item: Life Orb
|move|p1a: Yanmega|Giga Drain|p2a: Kabutops
|-supereffective|p2a: Kabutops
|-damage|p2a: Kabutops|0 fnt
|-heal|p1a: Yanmega|244\/313|[from] drain|[of] p2a: Kabutops
|-damage|p1a: Yanmega|213\/313|[from] item: Life Orb
|faint|p2a: Kabutops
|
|-boost|p1a: Yanmega|spe|1|[from] ability: Speed Boost
|
|switch|p2a: Azelf|Azelf|291\/291
|-damage|p2a: Azelf|255\/291|[from] Stealth Rock
|turn|13
|
|move|p1a: Yanmega|Bug Buzz|p2a: Azelf
|-supereffective|p2a: Azelf
|-damage|p2a: Azelf|0 fnt
|-damage|p1a: Yanmega|182\/313|[from] item: Life Orb
|faint|p2a: Azelf
|
|win|FearTheCow57
|raw|Ladder updating...
|raw|FearTheCow57's rating: 1587 &rarr; <strong>1598<\/strong><br \/>(+11 for winning)
|raw|Pkmn Champ Lance's rating: 1422 &rarr; <strong>1410<\/strong><br \/>(-12 for losing)