|join|FearTheCow57
|join|SuperSaiyanBlade
|player|p1|FearTheCow57|143
|player|p2|SuperSaiyanBlade|290
|gametype|singles
|gen|6
|tier|UU
|rated
|rule|Sleep Clause Mod: Limit one foe put to sleep
|rule|Species Clause: Limit one of each PokÃ©mon
|rule|OHKO Clause: OHKO moves are banned
|rule|Moody Clause: Moody is banned
|rule|Evasion Moves Clause: Evasion moves are banned
|rule|Endless Battle Clause: Forcing endless battles is banned
|rule|HP Percentage Mod: HP is shown in percentages
|clearpoke
|poke|p1|Beedrill, M
|poke|p1|Jirachi
|poke|p1|Machamp, M
|poke|p1|Krookodile, M
|poke|p1|Yanmega, M
|poke|p1|Starmie
|poke|p2|Crobat, F
|poke|p2|Sharpedo, F
|poke|p2|Infernape, M, shiny
|poke|p2|Serperior, M
|poke|p2|Spiritomb, F
|poke|p2|Shuckle, F
|rule|Swagger Clause: Swagger is banned
|rule|Baton Pass Clause: Limit one PokÃ©mon knowing Baton Pass
|teampreview
|
|start
|switch|p1a: Beedrill|Beedrill, M|271\/271
|switch|p2a: Shuckle|Shuckle, F|244\/244
|turn|1
|
|detailschange|p1a: Beedrill|Beedrill-Mega, M
|-mega|p1a: Beedrill|Beedrill|Beedrillite
|move|p1a: Beedrill|U-turn|p2a: Shuckle
|-damage|p2a: Shuckle|174\/244
|-damage|p1a: Beedrill|226\/271|[from] item: Rocky Helmet|[of] p2a: Shuckle
|
|switch|p1a: Starmie|Starmie|324\/324
|move|p2a: Shuckle|Stealth Rock|p1a: Starmie
|-sidestart|p1: FearTheCow57|move: Stealth Rock
|
|turn|2
|
|switch|p2a: Spiritomb|Spiritomb, F|304\/304
|move|p1a: Starmie|Scald|p2a: Spiritomb
|-damage|p2a: Spiritomb|238\/304
|-status|p2a: Spiritomb|brn
|
|-heal|p2a: Spiritomb|257\/304 brn|[from] item: Leftovers
|-damage|p2a: Spiritomb|219\/304 brn|[from] brn
|turn|3
|
|move|p1a: Starmie|Scald|p2a: Spiritomb
|-damage|p2a: Spiritomb|147\/304 brn
|move|p2a: Spiritomb|Calm Mind|p2a: Spiritomb
|-boost|p2a: Spiritomb|spa|1
|-boost|p2a: Spiritomb|spd|1
|
|-heal|p2a: Spiritomb|166\/304 brn|[from] item: Leftovers
|-damage|p2a: Spiritomb|128\/304 brn|[from] brn
|turn|4
|
|switch|p1a: Krookodile|Krookodile, M|353\/353
|-damage|p1a: Krookodile|331\/353|[from] Stealth Rock
|-ability|p1a: Krookodile|Intimidate|[of] p2a: Spiritomb
|-unboost|p2a: Spiritomb|atk|1
|move|p2a: Spiritomb|Pain Split|p1a: Krookodile
|-sethp|p1a: Krookodile|229\/353|p2a: Spiritomb|229\/304 brn|[from] move: Pain Split
|
|-heal|p2a: Spiritomb|248\/304 brn|[from] item: Leftovers
|-damage|p2a: Spiritomb|210\/304 brn|[from] brn
|turn|5
|
|switch|p2a: Serperior|Serperior, M|292\/292
|move|p1a: Krookodile|Knock Off|p2a: Serperior
|-damage|p2a: Serperior|61\/292
|-enditem|p2a: Serperior|Choice Scarf|[from] move: Knock Off|[of] p1a: Krookodile
|
|turn|6
|
|switch|p1a: Jirachi|Jirachi|341\/341
|-damage|p1a: Jirachi|320\/341|[from] Stealth Rock
|move|p2a: Serperior|Leaf Storm|p1a: Jirachi
|-resisted|p1a: Jirachi
|-damage|p1a: Jirachi|247\/341
|-boost|p2a: Serperior|spa|2
|
|turn|7
|
|switch|p2a: Shuckle|Shuckle, F|174\/244
|move|p1a: Jirachi|U-turn|p2a: Shuckle
|-damage|p2a: Shuckle|147\/244
|-damage|p1a: Jirachi|191\/341|[from] item: Rocky Helmet|[of] p2a: Shuckle
|
|switch|p1a: Starmie|Starmie|324\/324
|-damage|p1a: Starmie|284\/324|[from] Stealth Rock
|
|-heal|p1a: Starmie|304\/324|[from] item: Leftovers
|turn|8
|
|move|p1a: Starmie|Scald|p2a: Shuckle
|-supereffective|p2a: Shuckle
|-damage|p2a: Shuckle|57\/244
|move|p2a: Shuckle|Sticky Web|p1a: Starmie
|-sidestart|p1: FearTheCow57|move: Sticky Web
|
|-heal|p1a: Starmie|324\/324|[from] item: Leftovers
|turn|9
|
|switch|p2a: Spiritomb|Spiritomb, F|210\/304 brn
|move|p1a: Starmie|Rapid Spin|p2a: Spiritomb
|-immune|p2a: Spiritomb|[msg]
|
|-heal|p2a: Spiritomb|229\/304 brn|[from] item: Leftovers
|-damage|p2a: Spiritomb|191\/304 brn|[from] brn
|turn|10
|
|switch|p1a: Krookodile|Krookodile, M|229\/353
|-activate|p1a: Krookodile|move: Sticky Web
|-unboost|p1a: Krookodile|spe|1
|-damage|p1a: Krookodile|207\/353|[from] Stealth Rock
|-ability|p1a: Krookodile|Intimidate|[of] p2a: Spiritomb
|-unboost|p2a: Spiritomb|atk|1
|move|p2a: Spiritomb|Will-O-Wisp|p1a: Krookodile
|-status|p1a: Krookodile|brn
|
|-heal|p2a: Spiritomb|210\/304 brn|[from] item: Leftovers
|-damage|p1a: Krookodile|163\/353 brn|[from] brn
|-damage|p2a: Spiritomb|172\/304 brn|[from] brn
|turn|11
|
|switch|p2a: Shuckle|Shuckle, F|57\/244
|move|p1a: Krookodile|Stealth Rock|p2a: Shuckle
|-sidestart|p2: SuperSaiyanBlade|move: Stealth Rock
|
|-damage|p1a: Krookodile|119\/353 brn|[from] brn
|turn|12
|
|move|p1a: Krookodile|Earthquake|p2a: Shuckle
|-damage|p2a: Shuckle|18\/244
|move|p2a: Shuckle|Infestation|p1a: Krookodile
|-supereffective|p1a: Krookodile
|-damage|p1a: Krookodile|101\/353 brn
|-activate|p1a: Krookodile|move: Infestation|[of] p2a: Shuckle
|
|-damage|p1a: Krookodile|57\/353 brn|[from] brn
|-damage|p1a: Krookodile|13\/353 brn|[from] move: Infestation|[partiallytrapped]
|turn|13
|
|move|p1a: Krookodile|Knock Off|p2a: Shuckle
|-damage|p2a: Shuckle|0 fnt
|-damage|p1a: Krookodile|0 fnt|[from] item: Rocky Helmet|[of] p2a: Shuckle
|faint|p1a: Krookodile
|faint|p2a: Shuckle
|
|
|switch|p2a: Crobat|Crobat, F|311\/311
|switch|p1a: Machamp|Machamp, M|344\/344
|-damage|p2a: Crobat|234\/311|[from] Stealth Rock
|-activate|p1a: Machamp|move: Sticky Web
|-unboost|p1a: Machamp|spe|1
|-damage|p1a: Machamp|323\/344|[from] Stealth Rock
|turn|14
|
|move|p1a: Machamp|Bullet Punch|p2a: Crobat
|-damage|p2a: Crobat|171\/311
|move|p2a: Crobat|Brave Bird|p1a: Machamp
|-supereffective|p1a: Machamp
|-damage|p1a: Machamp|0 fnt
|-damage|p2a: Crobat|64\/311|[from] recoil|[of] p1a: Machamp
|faint|p1a: Machamp
|
|
|switch|p1a: Starmie|Starmie|324\/324
|-activate|p1a: Starmie|move: Sticky Web
|-unboost|p1a: Starmie|spe|1
|-damage|p1a: Starmie|284\/324|[from] Stealth Rock
|turn|15
|
|move|p2a: Crobat|Brave Bird|p1a: Starmie
|-damage|p1a: Starmie|0 fnt
|-damage|p2a: Crobat|0 fnt|[from] recoil|[of] p1a: Starmie
|faint|p1a: Starmie
|faint|p2a: Crobat
|
|
|switch|p2a: Infernape|Infernape, M, shiny|294\/294
|switch|p1a: Yanmega|Yanmega, M|313\/313
|-damage|p2a: Infernape|258\/294|[from] Stealth Rock
|-damage|p1a: Yanmega|157\/313|[from] Stealth Rock
|turn|16
|
|move|p1a: Yanmega|Protect|p1a: Yanmega
|-singleturn|p1a: Yanmega|Protect
|move|p2a: Infernape|Fake Out|p1a: Yanmega
|-activate|p1a: Yanmega|Protect
|
|-boost|p1a: Yanmega|spe|1|[from] ability: Speed Boost
|turn|17
|
|switch|p2a: Spiritomb|Spiritomb, F|172\/304 brn
|-damage|p2a: Spiritomb|134\/304 brn|[from] Stealth Rock
|move|p1a: Yanmega|Air Slash|p2a: Spiritomb
|-damage|p2a: Spiritomb|0 fnt
|-damage|p1a: Yanmega|126\/313|[from] item: Life Orb
|faint|p2a: Spiritomb
|
|-boost|p1a: Yanmega|spe|1|[from] ability: Speed Boost
|
|switch|p2a: Serperior|Serperior, M|61\/292
|-damage|p2a: Serperior|25\/292|[from] Stealth Rock
|turn|18
|
|move|p1a: Yanmega|Giga Drain|p2a: Serperior
|-resisted|p2a: Serperior
|-damage|p2a: Serperior|0 fnt
|-heal|p1a: Yanmega|139\/313|[from] drain|[of] p2a: Serperior
|-damage|p1a: Yanmega|108\/313|[from] item: Life Orb
|faint|p2a: Serperior
|
|-boost|p1a: Yanmega|spe|1|[from] ability: Speed Boost
|
|switch|p2a: Infernape|Infernape, M, shiny|258\/294
|-damage|p2a: Infernape|222\/294|[from] Stealth Rock
|turn|19
|
|move|p1a: Yanmega|Protect|p1a: Yanmega
|-singleturn|p1a: Yanmega|Protect
|move|p2a: Infernape|Fake Out|p1a: Yanmega
|-activate|p1a: Yanmega|Protect
|
|-boost|p1a: Yanmega|spe|1|[from] ability: Speed Boost
|turn|20
|
|move|p1a: Yanmega|Air Slash|p2a: Infernape
|-supereffective|p2a: Infernape
|-damage|p2a: Infernape|0 fnt
|-damage|p1a: Yanmega|77\/313|[from] item: Life Orb
|faint|p2a: Infernape
|
|-boost|p1a: Yanmega|spe|1|[from] ability: Speed Boost
|
|switch|p2a: Sharpedo|Sharpedo, F|282\/282
|-damage|p2a: Sharpedo|247\/282|[from] Stealth Rock
|turn|21
|
|move|p2a: Sharpedo|Protect|p2a: Sharpedo
|-singleturn|p2a: Sharpedo|Protect
|move|p1a: Yanmega|Bug Buzz|p2a: Sharpedo
|-activate|p2a: Sharpedo|Protect
|
|-boost|p1a: Yanmega|spe|1|[from] ability: Speed Boost
|-boost|p2a: Sharpedo|spe|1|[from] ability: Speed Boost
|turn|22
|
|move|p1a: Yanmega|Bug Buzz|p2a: Sharpedo
|-crit|p2a: Sharpedo
|-supereffective|p2a: Sharpedo
|-damage|p2a: Sharpedo|0 fnt
|-damage|p1a: Yanmega|46\/313|[from] item: Life Orb
|faint|p2a: Sharpedo
|
|win|FearTheCow57
|raw|Ladder updating...
|raw|FearTheCow57's rating: 1265 &rarr; <strong>1288<\/strong><br \/>(+23 for winning)
|raw|SuperSaiyanBlade's rating: 1233 &rarr; <strong>1210<\/strong><br \/>(-23 for losing)
|c|âFearTheCow57|gg
|c|âSuperSaiyanBlade|gg
|leave|SuperSaiyanBlade
|player|p2