|join|zoid's warhorse
|join|FearTheCow57
|player|p1|zoid's warhorse|188
|player|p2|FearTheCow57|143
|gametype|singles
|gen|6
|tier|UU
|rated
|rule|Sleep Clause Mod: Limit one foe put to sleep
|rule|Species Clause: Limit one of each PokÃ©mon
|rule|OHKO Clause: OHKO moves are banned
|rule|Moody Clause: Moody is banned
|rule|Evasion Moves Clause: Evasion moves are banned
|rule|Endless Battle Clause: Forcing endless battles is banned
|rule|HP Percentage Mod: HP is shown in percentages
|clearpoke
|poke|p1|Aerodactyl, F
|poke|p1|Azelf
|poke|p1|Dragalge, M
|poke|p1|Lucario, F
|poke|p1|Magneton
|poke|p1|Serperior, M
|poke|p2|Jirachi
|poke|p2|Yanmega, M
|poke|p2|Rotom-Heat
|poke|p2|Roserade, M
|poke|p2|Swampert, M
|poke|p2|Donphan, F
|rule|Swagger Clause: Swagger is banned
|rule|Baton Pass Clause: Limit one PokÃ©mon knowing Baton Pass
|teampreview
|
|start
|switch|p1a: Azelf|Azelf|291\/291
|switch|p2a: Donphan|Donphan, F|364\/364
|turn|1
|
|move|p1a: Azelf|Stealth Rock|p2a: Donphan
|-sidestart|p2: FearTheCow57|move: Stealth Rock
|move|p2a: Donphan|Rapid Spin|p1a: Azelf
|-damage|p1a: Azelf|255\/291
|-sideend|p2: FearTheCow57|Stealth Rock|[from] move: Rapid Spin|[of] p2a: Donphan
|
|turn|2
|
|move|p1a: Azelf|Stealth Rock|p2a: Donphan
|-sidestart|p2: FearTheCow57|move: Stealth Rock
|move|p2a: Donphan|Knock Off|p1a: Azelf
|-supereffective|p1a: Azelf
|-damage|p1a: Azelf|0 fnt
|-enditem|p1a: Azelf|Focus Sash|[from] move: Knock Off|[of] p2a: Donphan
|faint|p1a: Azelf
|
|
|switch|p1a: Serperior|Serperior, M|303\/303
|turn|3
|
|move|p1a: Serperior|Leaf Storm|p2a: Donphan
|-supereffective|p2a: Donphan
|-damage|p2a: Donphan|86\/364
|-boost|p1a: Serperior|spa|2
|move|p2a: Donphan|Rapid Spin|p1a: Serperior
|-damage|p1a: Serperior|279\/303
|-sideend|p2: FearTheCow57|Stealth Rock|[from] move: Rapid Spin|[of] p2a: Donphan
|
|turn|4
|
|move|p2a: Donphan|Ice Shard|p1a: Serperior
|-supereffective|p1a: Serperior
|-damage|p1a: Serperior|187\/303
|move|p1a: Serperior|Leaf Storm|p2a: Donphan
|-supereffective|p2a: Donphan
|-damage|p2a: Donphan|0 fnt
|-boost|p1a: Serperior|spa|2
|faint|p2a: Donphan
|
|
|switch|p2a: Yanmega|Yanmega, M|313\/313
|turn|5
|
|move|p2a: Yanmega|Protect|p2a: Yanmega
|-singleturn|p2a: Yanmega|Protect
|move|p1a: Serperior|Glare|p2a: Yanmega
|-activate|p2a: Yanmega|Protect
|
|-boost|p2a: Yanmega|spe|1|[from] ability: Speed Boost
|turn|6
|
|switch|p1a: Magneton|Magneton|303\/303
|move|p2a: Yanmega|Bug Buzz|p1a: Magneton
|-resisted|p1a: Magneton
|-damage|p1a: Magneton|216\/303
|-unboost|p1a: Magneton|spd|1
|-damage|p2a: Yanmega|282\/313|[from] item: Life Orb
|
|-boost|p2a: Yanmega|spe|1|[from] ability: Speed Boost
|turn|7
|
|switch|p2a: Swampert|Swampert, M|404\/404
|move|p1a: Magneton|Volt Switch|p2a: Swampert
|-immune|p2a: Swampert|[msg]
|
|turn|8
|join|Clamperl is Jesus
|
|move|p1a: Magneton|Hidden Power|p2a: Swampert
|-supereffective|p2a: Swampert
|-damage|p2a: Swampert|84\/404
|move|p2a: Swampert|Stealth Rock|p1a: Magneton
|-sidestart|p1: zoid's warhorse|move: Stealth Rock
|
|-heal|p2a: Swampert|109\/404|[from] item: Leftovers
|turn|9
|
|switch|p2a: Rotom-Heat|Rotom-Heat|241\/241
|move|p1a: Magneton|Hidden Power|p2a: Rotom-Heat
|-resisted|p2a: Rotom-Heat
|-damage|p2a: Rotom-Heat|207\/241
|
|turn|10
|
|switch|p1a: Dragalge|Dragalge, M|283\/283
|-damage|p1a: Dragalge|248\/283|[from] Stealth Rock
|move|p2a: Rotom-Heat|Overheat|p1a: Dragalge|[miss]
|-miss|p2a: Rotom-Heat|p1a: Dragalge
|
|turn|11
|
|switch|p2a: Jirachi|Jirachi|404\/404
|move|p1a: Dragalge|Draco Meteor|p2a: Jirachi
|-resisted|p2a: Jirachi
|-damage|p2a: Jirachi|270\/404
|-unboost|p1a: Dragalge|spa|2
|
|-heal|p2a: Jirachi|295\/404|[from] item: Leftovers
|turn|12
|
|switch|p1a: Lucario|Lucario, F|279\/279
|-damage|p1a: Lucario|271\/279|[from] Stealth Rock
|move|p2a: Jirachi|Substitute|p2a: Jirachi
|-start|p2a: Jirachi|Substitute
|-damage|p2a: Jirachi|194\/404
|
|-heal|p2a: Jirachi|219\/404|[from] item: Leftovers
|turn|13
|
|move|p1a: Lucario|Earthquake|p2a: Jirachi
|-supereffective|p2a: Jirachi
|-end|p2a: Jirachi|Substitute
|-damage|p1a: Lucario|244\/279|[from] item: Life Orb
|move|p2a: Jirachi|Fire Punch|p1a: Lucario
|-supereffective|p1a: Lucario
|-damage|p1a: Lucario|78\/279
|
|-heal|p2a: Jirachi|244\/404|[from] item: Leftovers
|turn|14
|
|switch|p2a: Swampert|Swampert, M|109\/404
|move|p1a: Lucario|Close Combat|p2a: Swampert
|-damage|p2a: Swampert|0 fnt
|-unboost|p1a: Lucario|def|1
|-unboost|p1a: Lucario|spd|1
|-damage|p1a: Lucario|51\/279|[from] item: Life Orb
|faint|p2a: Swampert
|
|
|switch|p2a: Rotom-Heat|Rotom-Heat|207\/241
|turn|15
|
|move|p2a: Rotom-Heat|Volt Switch|p1a: Lucario
|-crit|p1a: Lucario
|-damage|p1a: Lucario|0 fnt
|faint|p1a: Lucario
|
|switch|p2a: Jirachi|Jirachi|244\/404
|
|-heal|p2a: Jirachi|269\/404|[from] item: Leftovers
|
|switch|p1a: Aerodactyl|Aerodactyl, F|302\/302
|-damage|p1a: Aerodactyl|227\/302|[from] Stealth Rock
|-ability|p1a: Aerodactyl|Unnerve|p2: FearTheCow57
|turn|16
|
|switch|p2a: Roserade|Roserade, M|323\/323
|detailschange|p1a: Aerodactyl|Aerodactyl-Mega, F
|-mega|p1a: Aerodactyl|Aerodactyl|Aerodactylite
|move|p1a: Aerodactyl|Aqua Tail|p2a: Roserade
|-resisted|p2a: Roserade
|-damage|p2a: Roserade|213\/323
|
|-heal|p2a: Roserade|233\/323|[from] item: Leftovers
|turn|17
|
|move|p1a: Aerodactyl|Stone Edge|p2a: Roserade|[miss]
|-miss|p1a: Aerodactyl|p2a: Roserade
|move|p2a: Roserade|Spikes|p1a: Aerodactyl
|-sidestart|p1: zoid's warhorse|Spikes
|
|-heal|p2a: Roserade|253\/323|[from] item: Leftovers
|turn|18
|
|move|p1a: Aerodactyl|Aerial Ace|p2a: Roserade
|-supereffective|p2a: Roserade
|-damage|p2a: Roserade|0 fnt
|faint|p2a: Roserade
|
|
|switch|p2a: Rotom-Heat|Rotom-Heat|207\/241
|turn|19
|
|switch|p1a: Serperior|Serperior, M|187\/303
|-damage|p1a: Serperior|150\/303|[from] Spikes
|-damage|p1a: Serperior|113\/303|[from] Stealth Rock
|move|p2a: Rotom-Heat|Volt Switch|p1a: Serperior
|-resisted|p1a: Serperior
|-damage|p1a: Serperior|53\/303
|
|switch|p2a: Yanmega|Yanmega, M|282\/313
|
|turn|20
|
|move|p2a: Yanmega|Protect|p2a: Yanmega
|-singleturn|p2a: Yanmega|Protect
|move|p1a: Serperior|Glare|p2a: Yanmega
|-activate|p2a: Yanmega|Protect
|
|-boost|p2a: Yanmega|spe|1|[from] ability: Speed Boost
|turn|21
|
|move|p2a: Yanmega|Bug Buzz|p1a: Serperior
|-supereffective|p1a: Serperior
|-damage|p1a: Serperior|0 fnt
|-damage|p2a: Yanmega|251\/313|[from] item: Life Orb
|faint|p1a: Serperior
|
|-boost|p2a: Yanmega|spe|1|[from] ability: Speed Boost
|
|switch|p1a: Magneton|Magneton|216\/303
|-damage|p1a: Magneton|198\/303|[from] Stealth Rock
|-damage|p1a: Magneton|161\/303|[from] Spikes
|turn|22
|
|switch|p2a: Rotom-Heat|Rotom-Heat|207\/241
|move|p1a: Magneton|Volt Switch|p2a: Rotom-Heat
|-resisted|p2a: Rotom-Heat
|-damage|p2a: Rotom-Heat|152\/241
|
|switch|p1a: Dragalge|Dragalge, M|248\/283
|-damage|p1a: Dragalge|213\/283|[from] Stealth Rock
|-damage|p1a: Dragalge|178\/283|[from] Spikes
|
|turn|23
|
|move|p2a: Rotom-Heat|Volt Switch|p1a: Dragalge
|-resisted|p1a: Dragalge
|-damage|p1a: Dragalge|136\/283
|
|switch|p2a: Jirachi|Jirachi|269\/404
|move|p1a: Dragalge|Scald|p2a: Jirachi
|-damage|p2a: Jirachi|182\/404
|-status|p2a: Jirachi|brn
|
|-heal|p2a: Jirachi|207\/404 brn|[from] item: Leftovers
|-damage|p2a: Jirachi|157\/404 brn|[from] brn
|turn|24
|
|move|p2a: Jirachi|Fire Punch|p1a: Dragalge
|-resisted|p1a: Dragalge
|-damage|p1a: Dragalge|120\/283
|move|p1a: Dragalge|Scald|p2a: Jirachi
|-damage|p2a: Jirachi|60\/404 brn
|
|-heal|p2a: Jirachi|85\/404 brn|[from] item: Leftovers
|-damage|p2a: Jirachi|35\/404 brn|[from] brn
|turn|25
|
|move|p2a: Jirachi|Iron Head|p1a: Dragalge
|-damage|p1a: Dragalge|71\/283
|move|p1a: Dragalge|Scald|p2a: Jirachi
|-damage|p2a: Jirachi|0 fnt
|faint|p2a: Jirachi
|
|
|switch|p2a: Yanmega|Yanmega, M|251\/313
|turn|26
|
|move|p2a: Yanmega|Air Slash|p1a: Dragalge
|-damage|p1a: Dragalge|0 fnt
|-damage|p2a: Yanmega|220\/313|[from] item: Life Orb
|faint|p1a: Dragalge
|
|-boost|p2a: Yanmega|spe|1|[from] ability: Speed Boost
|
|switch|p1a: Aerodactyl|Aerodactyl-Mega, F|227\/302
|-damage|p1a: Aerodactyl|152\/302|[from] Stealth Rock
|turn|27
|
|move|p1a: Aerodactyl|Stone Edge|p2a: Yanmega
|-supereffective|p2a: Yanmega
|-damage|p2a: Yanmega|0 fnt
|faint|p2a: Yanmega
|
|
|switch|p2a: Rotom-Heat|Rotom-Heat|152\/241
|turn|28
|
|move|p2a: Rotom-Heat|Thunderbolt|p1a: Aerodactyl
|-supereffective|p1a: Aerodactyl
|-damage|p1a: Aerodactyl|0 fnt
|faint|p1a: Aerodactyl
|
|
|switch|p1a: Magneton|Magneton|161\/303
|-damage|p1a: Magneton|124\/303|[from] Spikes
|-damage|p1a: Magneton|106\/303|[from] Stealth Rock
|turn|29
|c|âFearTheCow57|gg
|
|move|p2a: Rotom-Heat|Thunderbolt|p1a: Magneton
|-resisted|p1a: Magneton
|-damage|p1a: Magneton|40\/303
|move|p1a: Magneton|Thunderbolt|p2a: Rotom-Heat
|-resisted|p2a: Rotom-Heat
|-damage|p2a: Rotom-Heat|69\/241
|
|turn|30
|c|âzoid's warhorse|gg
|
|move|p2a: Rotom-Heat|Thunderbolt|p1a: Magneton
|-resisted|p1a: Magneton
|-damage|p1a: Magneton|0 fnt
|faint|p1a: Magneton
|
|win|FearTheCow57
|raw|Ladder updating...
|leave|Clamperl is Jesus
|raw|zoid&apos;s warhorse's rating: 1452 &rarr; <strong>1433<\/strong><br \/>(-19 for losing)
|raw|FearTheCow57's rating: 1479 &rarr; <strong>1497<\/strong><br \/>(+18 for winning)