|join|FearTheCow57
|join|Ruddockclyro
|player|p1|FearTheCow57|143
|player|p2|Ruddockclyro|162
|gametype|singles
|gen|6
|tier|UU
|rated
|rule|Sleep Clause Mod: Limit one foe put to sleep
|rule|Species Clause: Limit one of each PokÃ©mon
|rule|OHKO Clause: OHKO moves are banned
|rule|Moody Clause: Moody is banned
|rule|Evasion Moves Clause: Evasion moves are banned
|rule|Endless Battle Clause: Forcing endless battles is banned
|rule|HP Percentage Mod: HP is shown in percentages
|clearpoke
|poke|p1|Beedrill, M, shiny
|poke|p1|Jirachi
|poke|p1|Machamp, F
|poke|p1|Krookodile, F
|poke|p1|Yanmega, M, shiny
|poke|p1|Starmie
|poke|p2|Sharpedo, M
|poke|p2|Arcanine, M
|poke|p2|Hydreigon, M
|poke|p2|Espeon, F
|poke|p2|Blissey, F
|poke|p2|Chesnaught, F
|rule|Swagger Clause: Swagger is banned
|rule|Baton Pass Clause: Limit one PokÃ©mon knowing Baton Pass
|teampreview
|
|start
|switch|p1a: Beedrill|Beedrill, M, shiny|271\/271
|switch|p2a: Hydreigon|Hydreigon, M|325\/325
|turn|1
|
|detailschange|p1a: Beedrill|Beedrill-Mega, M, shiny
|-mega|p1a: Beedrill|Beedrill|Beedrillite
|move|p1a: Beedrill|Protect|p1a: Beedrill
|-singleturn|p1a: Beedrill|Protect
|move|p2a: Hydreigon|Flamethrower|p1a: Beedrill
|-activate|p1a: Beedrill|Protect
|
|turn|2
|
|switch|p2a: Chesnaught|Chesnaught, F|379\/379
|switch|p1a: Machamp|Machamp, F|344\/344
|
|turn|3
|
|switch|p1a: Beedrill|Beedrill-Mega, M, shiny|271\/271
|move|p2a: Chesnaught|Leech Seed|p1a: Beedrill
|-start|p1a: Beedrill|move: Leech Seed
|
|-damage|p1a: Beedrill|238\/271|[from] Leech Seed|[of] p2a: Chesnaught
|turn|4
|
|move|p2a: Chesnaught|Spiky Shield|p2a: Chesnaught
|-singleturn|p2a: Chesnaught|move: Protect
|move|p1a: Beedrill|Poison Jab|p2a: Chesnaught
|-activate|p2a: Chesnaught|move: Protect
|-damage|p1a: Beedrill|205\/271|[from] Spiky Shield|[of] p2a: Chesnaught
|
|-damage|p1a: Beedrill|172\/271|[from] Leech Seed|[of] p2a: Chesnaught
|turn|5
|
|move|p1a: Beedrill|U-turn|p2a: Chesnaught
|-damage|p2a: Chesnaught|255\/379
|-damage|p1a: Beedrill|127\/271|[from] item: Rocky Helmet|[of] p2a: Chesnaught
|
|switch|p1a: Starmie|Starmie|324\/324
|move|p2a: Chesnaught|Synthesis|p2a: Chesnaught
|-heal|p2a: Chesnaught|379\/379
|
|turn|6
|
|switch|p2a: Sharpedo|Sharpedo, M|281\/281
|move|p1a: Starmie|Psyshock|p2a: Sharpedo
|-immune|p2a: Sharpedo|[msg]
|
|turn|7
|
|switch|p1a: Krookodile|Krookodile, F|353\/353
|-ability|p1a: Krookodile|Intimidate|[of] p2a: Sharpedo
|-unboost|p2a: Sharpedo|atk|1
|move|p2a: Sharpedo|Protect|p2a: Sharpedo
|-fail|p2a: Sharpedo
|
|-boost|p2a: Sharpedo|spe|1|[from] ability: Speed Boost
|turn|8
|
|switch|p2a: Chesnaught|Chesnaught, F|379\/379
|move|p1a: Krookodile|Earthquake|p2a: Chesnaught
|-resisted|p2a: Chesnaught
|-damage|p2a: Chesnaught|325\/379
|
|turn|9
|
|switch|p2a: Arcanine|Arcanine, M|322\/322
|-ability|p2a: Arcanine|Intimidate|[of] p1a: Krookodile
|-unboost|p1a: Krookodile|atk|1
|-item|p2a: Arcanine|Air Balloon
|move|p1a: Krookodile|Knock Off|p2a: Arcanine
|-crit|p2a: Arcanine
|-damage|p2a: Arcanine|0 fnt
|-enditem|p2a: Arcanine|Air Balloon
|-enditem|p2a: Arcanine|Air Balloon|[from] move: Knock Off|[of] p1a: Krookodile
|faint|p2a: Arcanine
|
|
|switch|p2a: Chesnaught|Chesnaught, F|325\/379
|turn|10
|
|move|p1a: Krookodile|Stealth Rock|p2a: Chesnaught
|-sidestart|p2: Ruddockclyro|move: Stealth Rock
|move|p2a: Chesnaught|Leech Seed|p1a: Krookodile
|-start|p1a: Krookodile|move: Leech Seed
|
|-damage|p1a: Krookodile|309\/353|[from] Leech Seed|[of] p2a: Chesnaught
|-heal|p2a: Chesnaught|369\/379|[silent]
|turn|11
|
|move|p1a: Krookodile|Knock Off|p2a: Chesnaught
|-resisted|p2a: Chesnaught
|-damage|p2a: Chesnaught|323\/379
|-damage|p1a: Krookodile|251\/353|[from] item: Rocky Helmet|[of] p2a: Chesnaught
|-enditem|p2a: Chesnaught|Rocky Helmet|[from] move: Knock Off|[of] p1a: Krookodile
|move|p2a: Chesnaught|Drain Punch|p1a: Krookodile
|-supereffective|p1a: Krookodile
|-damage|p1a: Krookodile|5\/353
|-heal|p2a: Chesnaught|379\/379|[from] drain|[of] p1a: Krookodile
|
|-damage|p1a: Krookodile|0 fnt|[from] Leech Seed|[of] p2a: Chesnaught
|faint|p1a: Krookodile
|
|switch|p1a: Yanmega|Yanmega, M, shiny|313\/313
|turn|12
|
|switch|p1a: Machamp|Machamp, F|344\/344
|move|p2a: Chesnaught|Leech Seed|p1a: Machamp
|-start|p1a: Machamp|move: Leech Seed
|
|-damage|p1a: Machamp|301\/344|[from] Leech Seed|[of] p2a: Chesnaught
|turn|13
|
|switch|p1a: Yanmega|Yanmega, M, shiny|313\/313
|move|p2a: Chesnaught|Drain Punch|p1a: Yanmega
|-resisted|p1a: Yanmega
|-damage|p1a: Yanmega|287\/313
|
|turn|14
|
|switch|p1a: Machamp|Machamp, F|301\/344
|switch|p2a: Blissey|Blissey, F|672\/672
|-damage|p2a: Blissey|588\/672|[from] Stealth Rock
|
|-heal|p2a: Blissey|630\/672|[from] item: Leftovers
|turn|15
|
|switch|p2a: Espeon|Espeon, F|271\/271
|-damage|p2a: Espeon|238\/271|[from] Stealth Rock
|move|p1a: Machamp|Close Combat|p2a: Espeon
|-resisted|p2a: Espeon
|-damage|p2a: Espeon|62\/271
|-unboost|p1a: Machamp|def|1
|-unboost|p1a: Machamp|spd|1
|
|turn|16
|
|switch|p1a: Jirachi|Jirachi|341\/341
|move|p2a: Espeon|Psychic|p1a: Jirachi
|-resisted|p1a: Jirachi
|-damage|p1a: Jirachi|289\/341
|-damage|p2a: Espeon|35\/271|[from] item: Life Orb
|
|turn|17
|
|move|p1a: Jirachi|U-turn|p2a: Espeon
|-supereffective|p2a: Espeon
|-damage|p2a: Espeon|0 fnt
|faint|p2a: Espeon
|
|switch|p1a: Yanmega|Yanmega, M, shiny|287\/313
|
|
|switch|p2a: Blissey|Blissey, F|630\/672
|-damage|p2a: Blissey|546\/672|[from] Stealth Rock
|turn|18
|
|switch|p1a: Machamp|Machamp, F|301\/344
|move|p2a: Blissey|Toxic|p1a: Machamp
|-status|p1a: Machamp|tox
|
|-heal|p2a: Blissey|588\/672|[from] item: Leftovers
|-damage|p1a: Machamp|280\/344 tox|[from] psn
|turn|19
|c|âFearTheCow57|guts machamp :]
|
|switch|p2a: Chesnaught|Chesnaught, F|379\/379
|-damage|p2a: Chesnaught|356\/379|[from] Stealth Rock
|move|p1a: Machamp|Close Combat|p2a: Chesnaught
|-damage|p2a: Chesnaught|127\/379
|-unboost|p1a: Machamp|def|1
|-unboost|p1a: Machamp|spd|1
|
|-damage|p1a: Machamp|238\/344 tox|[from] psn
|turn|20
|
|move|p2a: Chesnaught|Spiky Shield|p2a: Chesnaught
|-singleturn|p2a: Chesnaught|move: Protect
|move|p1a: Machamp|Close Combat|p2a: Chesnaught
|-activate|p2a: Chesnaught|move: Protect
|-damage|p1a: Machamp|195\/344 tox|[from] Spiky Shield|[of] p2a: Chesnaught
|
|-damage|p1a: Machamp|132\/344 tox|[from] psn
|turn|21
|
|move|p1a: Machamp|Close Combat|p2a: Chesnaught
|-damage|p2a: Chesnaught|0 fnt
|-unboost|p1a: Machamp|def|1
|-unboost|p1a: Machamp|spd|1
|faint|p2a: Chesnaught
|
|-damage|p1a: Machamp|48\/344 tox|[from] psn
|
|switch|p2a: Sharpedo|Sharpedo, M|281\/281
|-damage|p2a: Sharpedo|246\/281|[from] Stealth Rock
|turn|22
|
|switch|p1a: Starmie|Starmie|324\/324
|move|p2a: Sharpedo|Protect|p2a: Sharpedo
|-fail|p2a: Sharpedo
|
|-boost|p2a: Sharpedo|spe|1|[from] ability: Speed Boost
|turn|23
|
|move|p2a: Sharpedo|Protect|p2a: Sharpedo
|-singleturn|p2a: Sharpedo|Protect
|move|p1a: Starmie|Scald|p2a: Sharpedo
|-activate|p2a: Sharpedo|Protect
|
|-boost|p2a: Sharpedo|spe|1|[from] ability: Speed Boost
|turn|24
|
|detailschange|p2a: Sharpedo|Sharpedo-Mega, M
|-mega|p2a: Sharpedo|Sharpedo|Sharpedonite
|move|p2a: Sharpedo|Crunch|p1a: Starmie
|-supereffective|p1a: Starmie
|-damage|p1a: Starmie|0 fnt
|faint|p1a: Starmie
|
|
|switch|p1a: Jirachi|Jirachi|289\/341
|turn|25
|
|move|p2a: Sharpedo|Crunch|p1a: Jirachi
|-supereffective|p1a: Jirachi
|-damage|p1a: Jirachi|0 fnt
|faint|p1a: Jirachi
|
|
|switch|p1a: Yanmega|Yanmega, M, shiny|287\/313
|turn|26
|
|move|p2a: Sharpedo|Crunch|p1a: Yanmega
|-damage|p1a: Yanmega|0 fnt
|faint|p1a: Yanmega
|
|
|switch|p1a: Machamp|Machamp, F|48\/344 tox
|turn|27
|-message|FearTheCow57 forfeited.
|leave|FearTheCow57
|
|move|p2a: Sharpedo|Crunch|p1a: Machamp
|-resisted|p1a: Machamp
|-damage|p1a: Machamp|0 fnt
|faint|p1a: Machamp
|
|
|win|Ruddockclyro
|raw|Ladder updating...
|player|p1
|raw|Ladder (probably) updated, but score could not be retrieved (timeout).
|raw|Ladder (probably) updated, but score could not be retrieved (Error: socket hang up).