|join|da diddy
|join|FearTheCow57
|player|p1|da diddy|275
|player|p2|FearTheCow57|143
|gametype|singles
|gen|6
|tier|UU
|rated
|rule|Sleep Clause Mod: Limit one foe put to sleep
|rule|Species Clause: Limit one of each PokÃ©mon
|rule|OHKO Clause: OHKO moves are banned
|rule|Moody Clause: Moody is banned
|rule|Evasion Moves Clause: Evasion moves are banned
|rule|Endless Battle Clause: Forcing endless battles is banned
|rule|HP Percentage Mod: HP is shown in percentages
|clearpoke
|poke|p1|Swampert, M
|poke|p1|Florges, F
|poke|p1|Machamp, M
|poke|p1|Aggron, F
|poke|p1|Alakazam, M
|poke|p1|Hydreigon, F
|poke|p2|Beedrill, F, shiny
|poke|p2|Jirachi
|poke|p2|Machamp, F
|poke|p2|Krookodile, M
|poke|p2|Yanmega, M, shiny
|poke|p2|Tentacruel, F
|rule|Swagger Clause: Swagger is banned
|rule|Baton Pass Clause: Limit one PokÃ©mon knowing Baton Pass
|teampreview
|
|start
|switch|p1a: I SKIP LEG DAY|Machamp, M|364\/364
|switch|p2a: Beedrill|Beedrill, F, shiny|271\/271
|turn|1
|
|detailschange|p2a: Beedrill|Beedrill-Mega, F, shiny
|-mega|p2a: Beedrill|Beedrill|Beedrillite
|move|p2a: Beedrill|U-turn|p1a: I SKIP LEG DAY
|-resisted|p1a: I SKIP LEG DAY
|-damage|p1a: I SKIP LEG DAY|254\/364
|
|switch|p2a: Tentacruel|Tentacruel, F|363\/363
|move|p1a: I SKIP LEG DAY|Dynamic Punch|p2a: Tentacruel
|-resisted|p2a: Tentacruel
|-damage|p2a: Tentacruel|273\/363
|-start|p2a: Tentacruel|confusion
|
|-heal|p2a: Tentacruel|295\/363|[from] item: Black Sludge
|turn|2
|
|-activate|p2a: Tentacruel|confusion
|-damage|p2a: Tentacruel|273\/363|[from] confusion
|move|p1a: I SKIP LEG DAY|Knock Off|p2a: Tentacruel
|-damage|p2a: Tentacruel|161\/363
|-enditem|p2a: Tentacruel|Black Sludge|[from] move: Knock Off|[of] p1a: I SKIP LEG DAY
|
|turn|3
|
|switch|p1a: p00n sp00ns|Alakazam, M|251\/251
|-activate|p2a: Tentacruel|confusion
|move|p2a: Tentacruel|Toxic Spikes|p1a: p00n sp00ns
|-sidestart|p1: da diddy|move: Toxic Spikes
|
|turn|4
|
|switch|p2a: Jirachi|Jirachi|341\/341
|move|p1a: p00n sp00ns|Psyshock|p2a: Jirachi
|-resisted|p2a: Jirachi
|-damage|p2a: Jirachi|301\/341
|
|turn|5
|
|switch|p1a: Womp Womp|Swampert, M|404\/404
|-status|p1a: Womp Womp|psn
|move|p2a: Jirachi|Iron Head|p1a: Womp Womp
|-resisted|p1a: Womp Womp
|-damage|p1a: Womp Womp|355\/404 psn
|
|-heal|p1a: Womp Womp|380\/404 psn|[from] item: Leftovers
|-damage|p1a: Womp Womp|330\/404 psn|[from] psn
|turn|6
|
|switch|p2a: Machamp|Machamp, F|344\/344
|move|p1a: Womp Womp|Earthquake|p2a: Machamp
|-damage|p2a: Machamp|175\/344
|
|-heal|p1a: Womp Womp|355\/404 psn|[from] item: Leftovers
|-damage|p1a: Womp Womp|305\/404 psn|[from] psn
|turn|7
|
|move|p2a: Machamp|Knock Off|p1a: Womp Womp
|-damage|p1a: Womp Womp|201\/404 psn
|-enditem|p1a: Womp Womp|Leftovers|[from] move: Knock Off|[of] p2a: Machamp
|move|p1a: Womp Womp|Earthquake|p2a: Machamp
|-damage|p2a: Machamp|30\/344
|
|-damage|p1a: Womp Womp|151\/404 psn|[from] psn
|turn|8
|
|move|p2a: Machamp|Close Combat|p1a: Womp Womp
|-damage|p1a: Womp Womp|0 fnt
|-unboost|p2a: Machamp|def|1
|-unboost|p2a: Machamp|spd|1
|faint|p1a: Womp Womp
|
|
|switch|p1a: muh fairies|Hydreigon, F|325\/325
|turn|9
|
|move|p2a: Machamp|Bullet Punch|p1a: muh fairies
|-damage|p1a: muh fairies|264\/325
|move|p1a: muh fairies|U-turn|p2a: Machamp
|-resisted|p2a: Machamp
|-damage|p2a: Machamp|0 fnt
|faint|p2a: Machamp
|
|switch|p1a: BoomQuisha|Aggron, F|344\/344
|
|
|switch|p2a: Krookodile|Krookodile, M|353\/353
|-ability|p2a: Krookodile|Intimidate|[of] p1a: BoomQuisha
|-unboost|p1a: BoomQuisha|atk|1
|turn|10
|
|detailschange|p1a: BoomQuisha|Aggron-Mega, F
|-mega|p1a: BoomQuisha|Aggron|Aggronite
|move|p2a: Krookodile|Earthquake|p1a: BoomQuisha
|-supereffective|p1a: BoomQuisha
|-damage|p1a: BoomQuisha|235\/344
|move|p1a: BoomQuisha|Stealth Rock|p2a: Krookodile
|-sidestart|p2: FearTheCow57|move: Stealth Rock
|
|turn|11
|
|switch|p1a: muh fairies|Hydreigon, F|264\/325
|move|p2a: Krookodile|Stealth Rock|p1a: muh fairies
|-sidestart|p1: da diddy|move: Stealth Rock
|
|turn|12
|
|switch|p2a: Tentacruel|Tentacruel, F|161\/363
|-damage|p2a: Tentacruel|116\/363|[from] Stealth Rock
|move|p1a: muh fairies|U-turn|p2a: Tentacruel
|-resisted|p2a: Tentacruel
|-damage|p2a: Tentacruel|89\/363
|
|switch|p1a: p00n sp00ns|Alakazam, M|251\/251
|-status|p1a: p00n sp00ns|psn
|
|turn|13
|
|switch|p2a: Jirachi|Jirachi|301\/341
|-damage|p2a: Jirachi|280\/341|[from] Stealth Rock
|move|p1a: p00n sp00ns|Shadow Ball|p2a: Jirachi
|-supereffective|p2a: Jirachi
|-damage|p2a: Jirachi|68\/341
|
|turn|14
|
|switch|p1a: I SKIP LEG DAY|Machamp, M|254\/364
|-damage|p1a: I SKIP LEG DAY|232\/364|[from] Stealth Rock
|-status|p1a: I SKIP LEG DAY|psn
|move|p2a: Jirachi|Iron Head|p1a: I SKIP LEG DAY
|-damage|p1a: I SKIP LEG DAY|76\/364 psn
|
|-damage|p1a: I SKIP LEG DAY|31\/364 psn|[from] psn
|turn|15
|
|move|p1a: I SKIP LEG DAY|Bullet Punch|p2a: Jirachi
|-resisted|p2a: Jirachi
|-damage|p2a: Jirachi|43\/341
|move|p2a: Jirachi|Iron Head|p1a: I SKIP LEG DAY
|-damage|p1a: I SKIP LEG DAY|0 fnt
|faint|p1a: I SKIP LEG DAY
|
|
|switch|p1a: BoomQuisha|Aggron-Mega, F|235\/344
|-damage|p1a: BoomQuisha|214\/344|[from] Stealth Rock
|turn|16
|
|switch|p2a: Krookodile|Krookodile, M|353\/353
|-damage|p2a: Krookodile|331\/353|[from] Stealth Rock
|-ability|p2a: Krookodile|Intimidate|[of] p1a: BoomQuisha
|-unboost|p1a: BoomQuisha|atk|1
|move|p1a: BoomQuisha|Earthquake|p2a: Krookodile
|-crit|p2a: Krookodile
|-damage|p2a: Krookodile|145\/353
|
|turn|17
|
|switch|p1a: muh fairies|Hydreigon, F|264\/325
|-damage|p1a: muh fairies|224\/325|[from] Stealth Rock
|move|p2a: Krookodile|Knock Off|p1a: muh fairies
|-resisted|p1a: muh fairies
|-damage|p1a: muh fairies|104\/325
|-enditem|p1a: muh fairies|Choice Scarf|[from] move: Knock Off|[of] p2a: Krookodile
|
|turn|18
|
|move|p1a: muh fairies|U-turn|p2a: Krookodile
|-supereffective|p2a: Krookodile
|-damage|p2a: Krookodile|7\/353
|
|move|p2a: Krookodile|Pursuit|p1a: muh fairies|[from]Pursuit
|-resisted|p1a: muh fairies
|-damage|p1a: muh fairies|14\/325
|switch|p1a: don't pick me pls|Florges, F|360\/360
|-damage|p1a: don't pick me pls|315\/360|[from] Stealth Rock
|-status|p1a: don't pick me pls|psn
|
|-heal|p1a: don't pick me pls|337\/360 psn|[from] item: Leftovers
|-damage|p1a: don't pick me pls|292\/360 psn|[from] psn
|turn|19
|
|move|p2a: Krookodile|Knock Off|p1a: don't pick me pls
|-resisted|p1a: don't pick me pls
|-damage|p1a: don't pick me pls|200\/360 psn
|-enditem|p1a: don't pick me pls|Leftovers|[from] move: Knock Off|[of] p2a: Krookodile
|move|p1a: don't pick me pls|Moonblast|p2a: Krookodile
|-supereffective|p2a: Krookodile
|-damage|p2a: Krookodile|0 fnt
|faint|p2a: Krookodile
|
|-damage|p1a: don't pick me pls|155\/360 psn|[from] psn
|
|switch|p2a: Tentacruel|Tentacruel, F|89\/363
|-damage|p2a: Tentacruel|44\/363|[from] Stealth Rock
|turn|20
|
|move|p2a: Tentacruel|Rapid Spin|p1a: don't pick me pls
|-damage|p1a: don't pick me pls|145\/360 psn
|-sideend|p2: FearTheCow57|Stealth Rock|[from] move: Rapid Spin|[of] p2a: Tentacruel
|move|p1a: don't pick me pls|Moonblast|p2a: Tentacruel
|-resisted|p2a: Tentacruel
|-damage|p2a: Tentacruel|0 fnt
|faint|p2a: Tentacruel
|
|-damage|p1a: don't pick me pls|100\/360 psn|[from] psn
|
|switch|p2a: Beedrill|Beedrill-Mega, F, shiny|271\/271
|turn|21
|
|move|p2a: Beedrill|Drill Run|p1a: don't pick me pls
|-damage|p1a: don't pick me pls|0 fnt
|faint|p1a: don't pick me pls
|
|
|switch|p1a: BoomQuisha|Aggron-Mega, F|214\/344
|-damage|p1a: BoomQuisha|193\/344|[from] Stealth Rock
|turn|22
|
|move|p2a: Beedrill|U-turn|p1a: BoomQuisha
|-resisted|p1a: BoomQuisha
|-damage|p1a: BoomQuisha|156\/344
|
|switch|p2a: Yanmega|Yanmega, M, shiny|313\/313
|move|p1a: BoomQuisha|Heavy Slam|p2a: Yanmega
|-damage|p2a: Yanmega|108\/313
|
|turn|23
|
|move|p2a: Yanmega|Bug Buzz|p1a: BoomQuisha
|-resisted|p1a: BoomQuisha
|-damage|p1a: BoomQuisha|52\/344
|-damage|p2a: Yanmega|77\/313|[from] item: Life Orb
|move|p1a: BoomQuisha|Heavy Slam|p2a: Yanmega
|-crit|p2a: Yanmega
|-damage|p2a: Yanmega|0 fnt
|faint|p2a: Yanmega
|
|
|switch|p2a: Beedrill|Beedrill-Mega, F, shiny|271\/271
|turn|24
|c|âFearTheCow57|wow
|c|âFearTheCow57|cant believe i pulled this out my ass
|
|switch|p1a: muh fairies|Hydreigon, F|14\/325
|-damage|p1a: muh fairies|0 fnt|[from] Stealth Rock
|faint|p1a: muh fairies
|move|p2a: Beedrill|Drill Run|p1: muh fairies|[notarget]
|-notarget
|
|
|switch|p1a: p00n sp00ns|Alakazam, M|251\/251 psn
|turn|25
|
|move|p2a: Beedrill|U-turn|p1a: p00n sp00ns
|-supereffective|p1a: p00n sp00ns
|-enditem|p1a: p00n sp00ns|Focus Sash
|-damage|p1a: p00n sp00ns|1\/251 psn
|
|switch|p2a: Jirachi|Jirachi|43\/341
|move|p1a: p00n sp00ns|Psyshock|p2a: Jirachi
|-crit|p2a: Jirachi
|-resisted|p2a: Jirachi
|-damage|p2a: Jirachi|0 fnt
|faint|p2a: Jirachi
|
|
|switch|p2a: Beedrill|Beedrill-Mega, F, shiny|271\/271
|turn|26
|
|move|p2a: Beedrill|U-turn|p1a: p00n sp00ns
|-supereffective|p1a: p00n sp00ns
|-damage|p1a: p00n sp00ns|0 fnt
|faint|p1a: p00n sp00ns
|
|
|switch|p1a: BoomQuisha|Aggron-Mega, F|52\/344
|-damage|p1a: BoomQuisha|31\/344|[from] Stealth Rock
|turn|27
|
|move|p2a: Beedrill|Drill Run|p1a: BoomQuisha
|-supereffective|p1a: BoomQuisha
|-damage|p1a: BoomQuisha|0 fnt
|faint|p1a: BoomQuisha
|
|win|FearTheCow57
|raw|Ladder updating...
|raw|da diddy's rating: 1411 &rarr; <strong>1390<\/strong><br \/>(-21 for losing)
|raw|FearTheCow57's rating: 1387 &rarr; <strong>1408<\/strong><br \/>(+21 for winning)
|c|âFearTheCow57|gg
|c|âda diddy|gg