|join|Blackfenix19
|join|kjdflk
|player|p1|Blackfenix19|266
|player|p2|kjdflk|162
|gametype|singles
|gen|6
|tier|ORAS OU
|rated
|rule|Sleep Clause Mod: Limit one foe put to sleep
|rule|Species Clause: Limit one of each PokÃ©mon
|rule|OHKO Clause: OHKO moves are banned
|rule|Moody Clause: Moody is banned
|rule|Evasion Moves Clause: Evasion moves are banned
|rule|Endless Battle Clause: Forcing endless battles is banned
|rule|HP Percentage Mod: HP is shown in percentages
|clearpoke
|poke|p1|Politoed, F
|poke|p1|Ludicolo, F
|poke|p1|Swampert, F
|poke|p1|Weavile, F
|poke|p1|Cacturne, F
|poke|p1|Slowbro, F
|poke|p2|Talonflame, F
|poke|p2|Gengar, F
|poke|p2|Ferrothorn, M
|poke|p2|Latios, M
|poke|p2|Ditto
|poke|p2|Lopunny, F
|rule|Swagger Clause: Swagger is banned
|rule|Baton Pass Clause: Limit one PokÃ©mon knowing Baton Pass
|teampreview
|c|âkjdflk|hi
|
|start
|switch|p1a: Politoed|Politoed, F|384\/384
|switch|p2a: Ferrothorn|Ferrothorn, M|352\/352
|-weather|RainDance
|turn|1
|c|âBlackfenix19|Hi
|
|switch|p1a: Cacturne|Cacturne, F|281\/281
|move|p2a: Ferrothorn|Stealth Rock|p1a: Cacturne
|-sidestart|p1: Blackfenix19|move: Stealth Rock
|
|-weather|RainDance|[upkeep]
|turn|2
|
|move|p1a: Cacturne|Swords Dance|p1a: Cacturne
|-boost|p1a: Cacturne|atk|2
|move|p2a: Ferrothorn|Explosion|p1a: Cacturne
|-crit|p1a: Cacturne
|-damage|p1a: Cacturne|0 fnt
|faint|p2a: Ferrothorn
|faint|p1a: Cacturne
|
|-weather|RainDance|[upkeep]
|
|switch|p2a: Latios|Latios, M|301\/301
|switch|p1a: Swampert|Swampert, F|350\/350
|-damage|p1a: Swampert|329\/350|[from] Stealth Rock
|turn|3
|
|detailschange|p1a: Swampert|Swampert-Mega, F
|message|Swampert has Mega Evolved into Mega Swampert!
|move|p2a: Latios|Energy Ball|p1a: Swampert
|-supereffective|p1a: Swampert
|-damage|p1a: Swampert|0 fnt
|faint|p1a: Swampert
|
|-weather|RainDance|[upkeep]
|
|switch|p1a: Weavile|Weavile, F|281\/281
|-damage|p1a: Weavile|211\/281|[from] Stealth Rock
|-ability|p1a: Weavile|Pressure
|turn|4
|
|switch|p2a: Talonflame|Talonflame, F|297\/297
|move|p1a: Weavile|Night Slash|p2a: Talonflame
|-damage|p2a: Talonflame|106\/297
|-damage|p1a: Weavile|183\/281|[from] item: Life Orb
|
|-weather|RainDance|[upkeep]
|turn|5
|
|move|p1a: Weavile|Ice Shard|p2a: Talonflame
|-damage|p2a: Talonflame|0 fnt
|-damage|p1a: Weavile|155\/281|[from] item: Life Orb
|faint|p2a: Talonflame
|
|-weather|RainDance|[upkeep]
|
|switch|p2a: Lopunny|Lopunny, F|272\/272
|turn|6
|
|switch|p1a: Slowbro|Slowbro, F|394\/394
|-damage|p1a: Slowbro|345\/394|[from] Stealth Rock
|detailschange|p2a: Lopunny|Lopunny-Mega, F
|message|Lopunny has Mega Evolved into Mega Lopunny!
|move|p2a: Lopunny|Fake Out|p1a: Slowbro
|-damage|p1a: Slowbro|290\/394
|-damage|p2a: Lopunny|227\/272|[from] item: Rocky Helmet|[of] p1a: Slowbro
|
|-weather|RainDance|[upkeep]
|turn|7
|
|move|p2a: Lopunny|Retaliate|p1a: Slowbro
|-crit|p1a: Slowbro
|-damage|p1a: Slowbro|163\/394
|-damage|p2a: Lopunny|182\/272|[from] item: Rocky Helmet|[of] p1a: Slowbro
|move|p1a: Slowbro|Scald|p2a: Lopunny
|-damage|p2a: Lopunny|32\/272
|
|-weather|RainDance|[upkeep]
|turn|8
|
|switch|p2a: Gengar|Gengar, F|261\/261
|move|p1a: Slowbro|Scald|p2a: Gengar
|-damage|p2a: Gengar|93\/261
|
|-weather|none
|turn|9
|
|switch|p1a: Politoed|Politoed, F|384\/384
|-damage|p1a: Politoed|336\/384|[from] Stealth Rock
|-weather|RainDance
|move|p2a: Gengar|Sludge Wave|p1a: Politoed
|-damage|p1a: Politoed|167\/384
|-damage|p2a: Gengar|67\/261|[from] item: Life Orb
|
|-weather|RainDance|[upkeep]
|turn|10
|
|move|p2a: Gengar|Sludge Wave|p1a: Politoed
|-damage|p1a: Politoed|7\/384
|-damage|p2a: Gengar|41\/261|[from] item: Life Orb
|move|p1a: Politoed|Ice Beam|p2a: Gengar
|-damage|p2a: Gengar|0 fnt
|faint|p2a: Gengar
|
|-weather|RainDance|[upkeep]
|
|switch|p2a: Ditto|Ditto|238\/238
|-transform|p2a: Ditto|p1a: Politoed
|turn|11
|
|move|p2a: Ditto|Hydro Pump|p1a: Politoed
|-resisted|p1a: Politoed
|-damage|p1a: Politoed|0 fnt
|faint|p1a: Politoed
|
|-weather|RainDance|[upkeep]
|
|switch|p1a: Ludicolo|Ludicolo, F|301\/301
|-damage|p1a: Ludicolo|264\/301|[from] Stealth Rock
|turn|12
|
|move|p1a: Ludicolo|Ice Beam|p2a: Ditto
|-resisted|p2a: Ditto
|-damage|p2a: Ditto|188\/238
|move|p2a: Ditto|Hydro Pump|p1a: Ludicolo|[miss]
|-miss|p2a: Ditto|p1a: Ludicolo
|
|-weather|RainDance|[upkeep]
|turn|13
|
|switch|p1a: Slowbro|Slowbro, F|294\/394
|-damage|p1a: Slowbro|245\/394|[from] Stealth Rock
|move|p2a: Ditto|Hydro Pump|p1a: Slowbro
|-resisted|p1a: Slowbro
|-damage|p1a: Slowbro|131\/394
|
|-weather|RainDance|[upkeep]
|turn|14
|
|switch|p1a: Ludicolo|Ludicolo, F|264\/301
|-damage|p1a: Ludicolo|227\/301|[from] Stealth Rock
|move|p2a: Ditto|Hydro Pump|p1a: Ludicolo
|-resisted|p1a: Ludicolo
|-damage|p1a: Ludicolo|185\/301
|
|-weather|RainDance|[upkeep]
|turn|15
|
|move|p1a: Ludicolo|Giga Drain|p2a: Ditto
|-supereffective|p2a: Ditto
|-damage|p2a: Ditto|0 fnt
|-heal|p1a: Ludicolo|279\/301|[from] drain|[of] p2a: Ditto
|faint|p2a: Ditto
|
|-weather|RainDance|[upkeep]
|
|switch|p2a: Lopunny|Lopunny-Mega, F|32\/272
|turn|16
|
|switch|p1a: Slowbro|Slowbro, F|262\/394
|-damage|p1a: Slowbro|213\/394|[from] Stealth Rock
|move|p2a: Lopunny|Retaliate|p1a: Slowbro
|-damage|p1a: Slowbro|45\/394
|-damage|p2a: Lopunny|0 fnt|[from] item: Rocky Helmet|[of] p1a: Slowbro
|faint|p2a: Lopunny
|
|-weather|none
|-message|kjdflk forfeited.
|
|win|Blackfenix19
|raw|Ladder updating...
|leave|kjdflk
|player|p2