|join|lizer
|join|Blackfenix19
|player|p1|lizer|122
|player|p2|Blackfenix19|170
|gametype|singles
|gen|6
|tier|OU
|rated
|clearpoke
|poke|p1|Blissey, F
|poke|p1|Conkeldurr, F
|poke|p1|Greninja, M
|poke|p1|Talonflame, M
|poke|p1|Skarmory, F
|poke|p1|Venusaur, M
|poke|p2|Houndoom, F
|poke|p2|Klefki, F
|poke|p2|Leavanny, F
|poke|p2|Greninja, M
|poke|p2|Florges, F
|poke|p2|Skarmory, M
|rule|Swagger Clause: Swagger is banned
|rule|Baton Pass Clause: Limit one PokÃ©mon knowing Baton Pass
|rule|Sleep Clause Mod: Limit one foe put to sleep
|rule|Species Clause: Limit one of each PokÃ©mon
|rule|OHKO Clause: OHKO moves are banned
|rule|Moody Clause: Moody is banned
|rule|Evasion Moves Clause: Evasion moves are banned
|rule|Endless Battle Clause: Forcing endless battles is banned
|rule|HP Percentage Mod: HP is shown in percentages
|teampreview
|
|start
|switch|p1a: Conkeldurr|Conkeldurr, F|352\/352
|switch|p2a: Skarmory|Skarmory, M|334\/334
|turn|1
|
|move|p2a: Skarmory|Stealth Rock|p1a: Conkeldurr
|-sidestart|p1: lizer|move: Stealth Rock
|move|p1a: Conkeldurr|Stone Edge|p2a: Skarmory
|-damage|p2a: Skarmory|256\/334
|
|turn|2
|
|move|p1a: Conkeldurr|Ice Punch|p2a: Skarmory
|-damage|p2a: Skarmory|187\/334
|-damage|p1a: Conkeldurr|294\/352|[from] item: Rocky Helmet|[of] p2a: Skarmory
|move|p2a: Skarmory|Whirlwind|p1a: Conkeldurr
|drag|p1a: Greninja|Greninja, M|286\/286
|-damage|p1a: Greninja|251\/286|[from] Stealth Rock
|
|turn|3
|
|move|p1a: Greninja|Ice Beam|p2a: Skarmory
|-start|p1a: Greninja|typechange|Ice|[from] Protean
|-damage|p2a: Skarmory|0 fnt
|-damage|p1a: Greninja|223\/286|[from] item: Life Orb
|faint|p2a: Skarmory
|
|
|switch|p2a: Leavanny|Leavanny, F|291\/291
|turn|4
|
|move|p1a: Greninja|Ice Beam|p2a: Leavanny
|-supereffective|p2a: Leavanny
|-enditem|p2a: Leavanny|Focus Sash
|-damage|p2a: Leavanny|1\/291
|-damage|p1a: Greninja|195\/286|[from] item: Life Orb
|move|p2a: Leavanny|Sticky Web|p1a: Greninja
|-sidestart|p1: lizer|move: Sticky Web
|
|turn|5
|
|move|p1a: Greninja|Ice Beam|p2a: Leavanny
|-supereffective|p2a: Leavanny
|-damage|p2a: Leavanny|0 fnt
|-damage|p1a: Greninja|167\/286|[from] item: Life Orb
|faint|p2a: Leavanny
|
|
|switch|p2a: Klefki|Klefki, F|318\/318
|turn|6
|
|switch|p1a: Skarmory|Skarmory, F|334\/334
|-damage|p1a: Skarmory|293\/334|[from] Stealth Rock
|move|p2a: Klefki|Thunder Wave|p1a: Skarmory
|-status|p1a: Skarmory|par
|
|turn|7
|
|move|p2a: Klefki|Sunny Day|p2a: Klefki
|-weather|SunnyDay
|cant|p1a: Skarmory|par
|
|-weather|SunnyDay|[upkeep]
|turn|8
|
|switch|p2a: Houndoom|Houndoom, F|291\/291
|cant|p1a: Skarmory|par
|
|-weather|SunnyDay|[upkeep]
|turn|9
|
|switch|p1a: Blissey|Blissey, F|652\/652
|-damage|p1a: Blissey|571\/652|[from] Stealth Rock
|-activate|p1a: Blissey|move: Sticky Web
|-unboost|p1a: Blissey|spe|1
|detailschange|p2a: Houndoom|Houndoom-Mega, F
|message|Houndoom has Mega Evolved into Mega Houndoom!
|move|p2a: Houndoom|Heat Wave|p1a: Blissey
|-damage|p1a: Blissey|331\/652
|-status|p1a: Blissey|brn
|
|-weather|SunnyDay|[upkeep]
|-damage|p2a: Houndoom|255\/291|[from] ability: Solar Power
|-heal|p1a: Blissey|371\/652 brn|[from] item: Leftovers
|-damage|p1a: Blissey|290\/652 brn|[from] brn
|turn|10
|
|move|p2a: Houndoom|Nasty Plot|p2a: Houndoom
|-boost|p2a: Houndoom|spa|2
|move|p1a: Blissey|Seismic Toss|p2a: Houndoom
|-damage|p2a: Houndoom|155\/291
|
|-weather|SunnyDay|[upkeep]
|-damage|p2a: Houndoom|119\/291|[from] ability: Solar Power
|-heal|p1a: Blissey|330\/652 brn|[from] item: Leftovers
|-damage|p1a: Blissey|249\/652 brn|[from] brn
|turn|11
|
|move|p2a: Houndoom|Heat Wave|p1a: Blissey
|-damage|p1a: Blissey|0 fnt
|faint|p1a: Blissey
|
|-weather|SunnyDay|[upkeep]
|-damage|p2a: Houndoom|83\/291|[from] ability: Solar Power
|
|switch|p1a: Talonflame|Talonflame, M|298\/298
|-damage|p1a: Talonflame|149\/298|[from] Stealth Rock
|turn|12
|
|move|p2a: Houndoom|Sucker Punch|p1a: Talonflame
|-damage|p1a: Talonflame|44\/298
|move|p1a: Talonflame|Brave Bird|p2a: Houndoom
|-crit|p2a: Houndoom
|-damage|p2a: Houndoom|0 fnt
|-damage|p1a: Talonflame|17\/298|[from] recoil|[of] p2a: Houndoom
|faint|p2a: Houndoom
|
|-weather|SunnyDay|[upkeep]
|-heal|p1a: Talonflame|35\/298|[from] item: Leftovers
|
|switch|p2a: Florges|Florges, F|360\/360
|turn|13
|
|move|p1a: Talonflame|Flare Blitz|p2a: Florges
|-damage|p2a: Florges|30\/360
|-damage|p1a: Talonflame|0 fnt|[from] recoil|[of] p2a: Florges
|faint|p1a: Talonflame
|move|p2a: Florges|Moonblast|p1: Talonflame|[notarget]
|-notarget
|
|-weather|SunnyDay|[upkeep]
|-heal|p2a: Florges|52\/360|[from] item: Leftovers
|
|switch|p1a: Skarmory|Skarmory, F|293\/334 par
|-damage|p1a: Skarmory|252\/334 par|[from] Stealth Rock
|turn|14
|
|move|p2a: Florges|Wish|p2a: Florges
|move|p1a: Skarmory|Defog|p2a: Florges
|-unboost|p2a: Florges|evasion|1
|-sideend|p1: lizer|Stealth Rock|[from] move: Defog|[of] p1a: Skarmory
|-sideend|p1: lizer|Sticky Web|[from] move: Defog|[of] p1a: Skarmory
|
|-weather|none
|-heal|p2a: Florges|74\/360|[from] item: Leftovers
|turn|15
|
|move|p2a: Florges|Moonblast|p1a: Skarmory
|-resisted|p1a: Skarmory
|-damage|p1a: Skarmory|158\/334 par
|move|p1a: Skarmory|Stealth Rock|p2a: Florges
|-sidestart|p2: Blackfenix19|move: Stealth Rock
|
|-heal|p2a: Florges|254\/360|[from] move: Wish|[wisher] Florges
|-heal|p2a: Florges|276\/360|[from] item: Leftovers
|turn|16
|
|move|p2a: Florges|Wish|p2a: Florges
|move|p1a: Skarmory|Roost|p1a: Skarmory
|-heal|p1a: Skarmory|325\/334 par
|
|-heal|p2a: Florges|298\/360|[from] item: Leftovers
|turn|17
|
|switch|p1a: Venusaur|Venusaur, M|364\/364
|move|p2a: Florges|Moonblast|p1a: Venusaur
|-resisted|p1a: Venusaur
|-damage|p1a: Venusaur|307\/364
|
|-heal|p2a: Florges|360\/360|[from] move: Wish|[wisher] Florges
|turn|18
|
|switch|p2a: Klefki|Klefki, F|318\/318
|-damage|p2a: Klefki|299\/318|[from] Stealth Rock
|detailschange|p1a: Venusaur|Venusaur-Mega, M
|message|Venusaur has Mega Evolved into Mega Venusaur!
|move|p1a: Venusaur|Synthesis|p1a: Venusaur
|-heal|p1a: Venusaur|364\/364
|
|turn|19
|
|move|p2a: Klefki|Thunder Wave|p1a: Venusaur
|-status|p1a: Venusaur|par
|cant|p1a: Venusaur|par
|
|turn|20
|
|move|p2a: Klefki|Light Screen|p2a: Klefki
|-sidestart|p2: Blackfenix19|move: Light Screen
|move|p1a: Venusaur|Leech Seed|p2a: Klefki
|-start|p2a: Klefki|move: Leech Seed
|
|-damage|p2a: Klefki|260\/318|[from] Leech Seed|[of] p1a: Venusaur
|turn|21
|
|switch|p2a: Greninja|Greninja, M|285\/285
|-damage|p2a: Greninja|250\/285|[from] Stealth Rock
|move|p1a: Venusaur|Sludge Bomb|p2a: Greninja
|-damage|p2a: Greninja|159\/285
|
|turn|22
|
|move|p2a: Greninja|Dark Pulse|p1a: Venusaur
|-start|p2a: Greninja|typechange|Dark|[from] Protean
|-damage|p1a: Venusaur|250\/364 par
|-damage|p2a: Greninja|131\/285|[from] item: Life Orb
|move|p1a: Venusaur|Sludge Bomb|p2a: Greninja
|-damage|p2a: Greninja|36\/285
|
|turn|23
|
|move|p2a: Greninja|Ice Beam|p1a: Venusaur
|-start|p2a: Greninja|typechange|Ice|[from] Protean
|-supereffective|p1a: Venusaur
|-damage|p1a: Venusaur|123\/364 par
|-damage|p2a: Greninja|8\/285|[from] item: Life Orb
|cant|p1a: Venusaur|par
|
|turn|24
|
|switch|p1a: Skarmory|Skarmory, F|325\/334 par
|move|p2a: Greninja|Ice Beam|p1a: Skarmory
|-damage|p1a: Skarmory|82\/334 par
|-damage|p2a: Greninja|0 fnt|[from] item: Life Orb
|faint|p2a: Greninja
|
|-sideend|p2: Blackfenix19|move: Light Screen
|
|switch|p2a: Klefki|Klefki, F|260\/318
|-damage|p2a: Klefki|241\/318|[from] Stealth Rock
|turn|25
|
|move|p2a: Klefki|Reflect|p2a: Klefki
|-sidestart|p2: Blackfenix19|Reflect
|cant|p1a: Skarmory|par
|
|turn|26
|
|move|p2a: Klefki|Light Screen|p2a: Klefki
|-sidestart|p2: Blackfenix19|move: Light Screen
|cant|p1a: Skarmory|par
|
|turn|27
|
|switch|p2a: Florges|Florges, F|360\/360
|-damage|p2a: Florges|315\/360|[from] Stealth Rock
|move|p1a: Skarmory|Roost|p1a: Skarmory
|-heal|p1a: Skarmory|249\/334 par
|
|-heal|p2a: Florges|337\/360|[from] item: Leftovers
|turn|28
|
|switch|p1a: Venusaur|Venusaur-Mega, M|123\/364 par
|move|p2a: Florges|Moonblast|p1a: Venusaur
|-resisted|p1a: Venusaur
|-damage|p1a: Venusaur|75\/364 par
|
|-heal|p2a: Florges|359\/360|[from] item: Leftovers
|turn|29
|
|move|p2a: Florges|Moonblast|p1a: Venusaur
|-resisted|p1a: Venusaur
|-damage|p1a: Venusaur|26\/364 par
|-unboost|p1a: Venusaur|spa|1
|move|p1a: Venusaur|Synthesis|p1a: Venusaur
|-heal|p1a: Venusaur|208\/364 par
|
|-heal|p2a: Florges|360\/360|[from] item: Leftovers
|-sideend|p2: Blackfenix19|Reflect
|turn|30
|
|move|p2a: Florges|Moonblast|p1a: Venusaur
|-resisted|p1a: Venusaur
|-damage|p1a: Venusaur|163\/364 par
|move|p1a: Venusaur|Synthesis|p1a: Venusaur
|-heal|p1a: Venusaur|345\/364 par
|
|-sideend|p2: Blackfenix19|move: Light Screen
|turn|31
|
|move|p2a: Florges|Moonblast|p1a: Venusaur
|-resisted|p1a: Venusaur
|-damage|p1a: Venusaur|297\/364 par
|cant|p1a: Venusaur|par
|
|turn|32
|
|move|p2a: Florges|Moonblast|p1a: Venusaur
|-resisted|p1a: Venusaur
|-damage|p1a: Venusaur|254\/364 par
|cant|p1a: Venusaur|par
|
|turn|33
|
|move|p2a: Florges|Moonblast|p1a: Venusaur
|-resisted|p1a: Venusaur
|-damage|p1a: Venusaur|206\/364 par
|cant|p1a: Venusaur|par
|
|turn|34
|
|move|p2a: Florges|Moonblast|p1a: Venusaur
|-resisted|p1a: Venusaur
|-damage|p1a: Venusaur|158\/364 par
|-unboost|p1a: Venusaur|spa|1
|cant|p1a: Venusaur|par
|
|turn|35
|
|move|p2a: Florges|Moonblast|p1a: Venusaur
|-resisted|p1a: Venusaur
|-damage|p1a: Venusaur|110\/364 par
|-unboost|p1a: Venusaur|spa|1
|cant|p1a: Venusaur|par
|
|turn|36
|
|move|p2a: Florges|Moonblast|p1a: Venusaur
|-resisted|p1a: Venusaur
|-damage|p1a: Venusaur|63\/364 par
|move|p1a: Venusaur|Synthesis|p1a: Venusaur
|-heal|p1a: Venusaur|245\/364 par
|
|turn|37
|
|move|p2a: Florges|Moonblast|p1a: Venusaur
|-resisted|p1a: Venusaur
|-damage|p1a: Venusaur|199\/364 par
|-unboost|p1a: Venusaur|spa|1
|cant|p1a: Venusaur|par
|
|turn|38
|
|move|p2a: Florges|Moonblast|p1a: Venusaur
|-resisted|p1a: Venusaur
|-damage|p1a: Venusaur|151\/364 par
|move|p1a: Venusaur|Leech Seed|p2a: Florges
|-start|p2a: Florges|move: Leech Seed
|
|-damage|p2a: Florges|315\/360|[from] Leech Seed|[of] p1a: Venusaur
|-heal|p1a: Venusaur|196\/364 par|[silent]
|turn|39
|
|move|p2a: Florges|Moonblast|p1a: Venusaur
|-crit|p1a: Venusaur
|-resisted|p1a: Venusaur
|-damage|p1a: Venusaur|119\/364 par
|move|p1a: Venusaur|Synthesis|p1a: Venusaur
|-heal|p1a: Venusaur|301\/364 par
|
|-heal|p2a: Florges|337\/360|[from] item: Leftovers
|-damage|p2a: Florges|292\/360|[from] Leech Seed|[of] p1a: Venusaur
|-heal|p1a: Venusaur|346\/364 par|[silent]
|turn|40
|
|move|p2a: Florges|Moonblast|p1a: Venusaur
|-crit|p1a: Venusaur
|-resisted|p1a: Venusaur
|-damage|p1a: Venusaur|277\/364 par
|move|p1a: Venusaur|Sludge Bomb|p2a: Florges
|-supereffective|p2a: Florges
|-damage|p2a: Florges|232\/360
|
|-heal|p2a: Florges|254\/360|[from] item: Leftovers
|-damage|p2a: Florges|209\/360|[from] Leech Seed|[of] p1a: Venusaur
|-heal|p1a: Venusaur|322\/364 par|[silent]
|turn|41
|
|switch|p1a: Skarmory|Skarmory, F|249\/334 par
|move|p2a: Florges|Wish|p2a: Florges
|
|-heal|p2a: Florges|231\/360|[from] item: Leftovers
|-damage|p2a: Florges|186\/360|[from] Leech Seed|[of] p1a: Skarmory
|-heal|p1a: Skarmory|294\/334 par|[silent]
|turn|42
|
|switch|p1a: Venusaur|Venusaur-Mega, M|322\/364 par
|move|p2a: Florges|Moonblast|p1a: Venusaur
|-resisted|p1a: Venusaur
|-damage|p1a: Venusaur|274\/364 par
|
|-heal|p2a: Florges|360\/360|[from] move: Wish|[wisher] Florges
|-damage|p2a: Florges|315\/360|[from] Leech Seed|[of] p1a: Venusaur
|-heal|p1a: Venusaur|319\/364 par|[silent]
|turn|43
|
|switch|p2a: Klefki|Klefki, F|241\/318
|-damage|p2a: Klefki|222\/318|[from] Stealth Rock
|move|p1a: Venusaur|Sludge Bomb|p2a: Klefki
|-immune|p2a: Klefki|[msg]
|
|turn|44
|
|move|p2a: Klefki|Light Screen|p2a: Klefki
|-sidestart|p2: Blackfenix19|move: Light Screen
|cant|p1a: Venusaur|par
|
|turn|45
|
|move|p2a: Klefki|Reflect|p2a: Klefki
|-sidestart|p2: Blackfenix19|Reflect
|move|p1a: Venusaur|Leech Seed|p2a: Klefki
|-start|p2a: Klefki|move: Leech Seed
|
|-damage|p2a: Klefki|183\/318|[from] Leech Seed|[of] p1a: Venusaur
|-heal|p1a: Venusaur|358\/364 par|[silent]
|turn|46
|
|switch|p2a: Florges|Florges, F|315\/360
|-damage|p2a: Florges|270\/360|[from] Stealth Rock
|move|p1a: Venusaur|Giga Drain|p2a: Florges
|-damage|p2a: Florges|236\/360
|-heal|p1a: Venusaur|364\/364 par|[from] drain|[of] p2a: Florges
|
|-heal|p2a: Florges|258\/360|[from] item: Leftovers
|turn|47
|
|move|p2a: Florges|Moonblast|p1a: Venusaur
|-resisted|p1a: Venusaur
|-damage|p1a: Venusaur|319\/364 par
|move|p1a: Venusaur|Leech Seed|p2a: Florges
|-start|p2a: Florges|move: Leech Seed
|
|-heal|p2a: Florges|280\/360|[from] item: Leftovers
|-damage|p2a: Florges|235\/360|[from] Leech Seed|[of] p1a: Venusaur
|-heal|p1a: Venusaur|364\/364 par|[silent]
|turn|48
|
|move|p2a: Florges|Wish|p2a: Florges
|move|p1a: Venusaur|Leech Seed|p2a: Florges
|-fail|p2a: Florges
|
|-heal|p2a: Florges|257\/360|[from] item: Leftovers
|-damage|p2a: Florges|212\/360|[from] Leech Seed|[of] p1a: Venusaur
|-sideend|p2: Blackfenix19|move: Light Screen
|turn|49
|
|move|p2a: Florges|Moonblast|p1a: Venusaur
|-resisted|p1a: Venusaur
|-damage|p1a: Venusaur|320\/364 par
|cant|p1a: Venusaur|par
|
|-heal|p2a: Florges|360\/360|[from] move: Wish|[wisher] Florges
|-damage|p2a: Florges|315\/360|[from] Leech Seed|[of] p1a: Venusaur
|-heal|p1a: Venusaur|364\/364 par|[silent]
|-sideend|p2: Blackfenix19|Reflect
|turn|50
|
|move|p2a: Florges|Moonblast|p1a: Venusaur
|-resisted|p1a: Venusaur
|-damage|p1a: Venusaur|320\/364 par
|-unboost|p1a: Venusaur|spa|1
|move|p1a: Venusaur|Leech Seed|p2a: Florges
|-fail|p2a: Florges
|
|-heal|p2a: Florges|337\/360|[from] item: Leftovers
|-damage|p2a: Florges|292\/360|[from] Leech Seed|[of] p1a: Venusaur
|-heal|p1a: Venusaur|364\/364 par|[silent]
|turn|51
|
|move|p2a: Florges|Wish|p2a: Florges
|move|p1a: Venusaur|Sludge Bomb|p2a: Florges
|-supereffective|p2a: Florges
|-damage|p2a: Florges|178\/360
|
|-heal|p2a: Florges|200\/360|[from] item: Leftovers
|-damage|p2a: Florges|155\/360|[from] Leech Seed|[of] p1a: Venusaur
|turn|52
|
|move|p2a: Florges|Moonblast|p1a: Venusaur
|-resisted|p1a: Venusaur
|-damage|p1a: Venusaur|316\/364 par
|move|p1a: Venusaur|Sludge Bomb|p2a: Florges
|-supereffective|p2a: Florges
|-damage|p2a: Florges|41\/360
|
|-heal|p2a: Florges|221\/360|[from] move: Wish|[wisher] Florges
|-heal|p2a: Florges|243\/360|[from] item: Leftovers
|-damage|p2a: Florges|198\/360|[from] Leech Seed|[of] p1a: Venusaur
|-heal|p1a: Venusaur|361\/364 par|[silent]
|turn|53
|
|move|p2a: Florges|Wish|p2a: Florges
|move|p1a: Venusaur|Sludge Bomb|p2a: Florges
|-supereffective|p2a: Florges
|-damage|p2a: Florges|88\/360
|
|-heal|p2a: Florges|110\/360|[from] item: Leftovers
|-damage|p2a: Florges|65\/360|[from] Leech Seed|[of] p1a: Venusaur
|-heal|p1a: Venusaur|364\/364 par|[silent]
|turn|54
|
|move|p2a: Florges|Moonblast|p1a: Venusaur
|-resisted|p1a: Venusaur
|-damage|p1a: Venusaur|319\/364 par
|cant|p1a: Venusaur|par
|
|-heal|p2a: Florges|245\/360|[from] move: Wish|[wisher] Florges
|-heal|p2a: Florges|267\/360|[from] item: Leftovers
|-damage|p2a: Florges|222\/360|[from] Leech Seed|[of] p1a: Venusaur
|-heal|p1a: Venusaur|364\/364 par|[silent]
|turn|55
|
|move|p2a: Florges|Wish|p2a: Florges
|cant|p1a: Venusaur|par
|
|-heal|p2a: Florges|244\/360|[from] item: Leftovers
|-damage|p2a: Florges|199\/360|[from] Leech Seed|[of] p1a: Venusaur
|turn|56
|
|move|p2a: Florges|Moonblast|p1a: Venusaur
|-resisted|p1a: Venusaur
|-damage|p1a: Venusaur|314\/364 par
|-unboost|p1a: Venusaur|spa|1
|move|p1a: Venusaur|Sludge Bomb|p2a: Florges
|-supereffective|p2a: Florges
|-damage|p2a: Florges|121\/360
|-status|p2a: Florges|psn
|
|-heal|p2a: Florges|301\/360 psn|[from] move: Wish|[wisher] Florges
|-heal|p2a: Florges|323\/360 psn|[from] item: Leftovers
|-damage|p2a: Florges|278\/360 psn|[from] Leech Seed|[of] p1a: Venusaur
|-heal|p1a: Venusaur|359\/364 par|[silent]
|-damage|p2a: Florges|233\/360 psn|[from] psn
|turn|57
|
|switch|p1a: Skarmory|Skarmory, F|294\/334 par
|move|p2a: Florges|Aromatherapy|p2a: Florges
|-cureteam|p2a: Florges|[from] move: Aromatherapy
|
|-heal|p2a: Florges|255\/360|[from] item: Leftovers
|-damage|p2a: Florges|210\/360|[from] Leech Seed|[of] p1a: Skarmory
|-heal|p1a: Skarmory|334\/334 par|[silent]
|turn|58
|c|âlizer|....
|c|âBlackfenix19|I have lots of respect for you my friend
|
|move|p2a: Florges|Wish|p2a: Florges
|move|p1a: Skarmory|Brave Bird|p2a: Florges
|-damage|p2a: Florges|54\/360
|-damage|p1a: Skarmory|283\/334 par|[from] recoil|[of] p2a: Florges
|
|-heal|p2a: Florges|76\/360|[from] item: Leftovers
|-damage|p2a: Florges|31\/360|[from] Leech Seed|[of] p1a: Skarmory
|-heal|p1a: Skarmory|328\/334 par|[silent]
|turn|59
|c|âBlackfenix19|i woul{ve rage quited long ago
|
|switch|p2a: Klefki|Klefki, F|183\/318
|-damage|p2a: Klefki|164\/318|[from] Stealth Rock
|switch|p1a: Venusaur|Venusaur-Mega, M|359\/364 par
|
|-heal|p2a: Klefki|318\/318|[from] move: Wish|[wisher] Florges
|turn|60
|
|move|p2a: Klefki|Light Screen|p2a: Klefki
|-sidestart|p2: Blackfenix19|move: Light Screen
|move|p1a: Venusaur|Leech Seed|p2a: Klefki
|-start|p2a: Klefki|move: Leech Seed
|
|-damage|p2a: Klefki|279\/318|[from] Leech Seed|[of] p1a: Venusaur
|-heal|p1a: Venusaur|364\/364 par|[silent]
|turn|61
|c|âlizer|no, i have a lot of patience
|
|move|p2a: Klefki|Reflect|p2a: Klefki
|-sidestart|p2: Blackfenix19|Reflect
|move|p1a: Venusaur|Giga Drain|p2a: Klefki
|-resisted|p2a: Klefki
|-damage|p2a: Klefki|249\/318
|
|-damage|p2a: Klefki|210\/318|[from] Leech Seed|[of] p1a: Venusaur
|turn|62
|c|âBlackfenix19|which is good
|c|âBlackfenix19|because u win
|c|âBlackfenix19|i knew this long ago
|
|move|p2a: Klefki|Sunny Day|p2a: Klefki
|-weather|SunnyDay
|move|p1a: Venusaur|Giga Drain|p2a: Klefki
|-resisted|p2a: Klefki
|-damage|p2a: Klefki|180\/318
|
|-weather|SunnyDay|[upkeep]
|-damage|p2a: Klefki|141\/318|[from] Leech Seed|[of] p1a: Venusaur
|turn|63
|c|âBlackfenix19|but the hax bad luck was so funny
|c|âBlackfenix19|i want to send it to a friend
|
|switch|p2a: Florges|Florges, F|31\/360
|-damage|p2a: Florges|0 fnt|[from] Stealth Rock
|faint|p2a: Florges
|move|p1a: Venusaur|Giga Drain|p2: Florges|[notarget]
|-notarget
|
|-weather|SunnyDay|[upkeep]
|
|switch|p2a: Klefki|Klefki, F|141\/318
|-damage|p2a: Klefki|122\/318|[from] Stealth Rock
|turn|64
|
|move|p2a: Klefki|Light Screen|p2a: Klefki
|-fail|p2a: Klefki
|cant|p1a: Venusaur|par
|
|-weather|SunnyDay|[upkeep]
|-sideend|p2: Blackfenix19|move: Light Screen
|turn|65
|
|move|p2a: Klefki|Thunder Wave|p1a: Venusaur
|-fail|p1a: Venusaur|par
|move|p1a: Venusaur|Leech Seed|p2a: Klefki
|-start|p2a: Klefki|move: Leech Seed
|
|-weather|SunnyDay|[upkeep]
|-damage|p2a: Klefki|83\/318|[from] Leech Seed|[of] p1a: Venusaur
|-sideend|p2: Blackfenix19|Reflect
|turn|66
|
|move|p2a: Klefki|Sunny Day|p2a: Klefki
|-fail|p2a: Klefki
|move|p1a: Venusaur|Giga Drain|p2a: Klefki
|-resisted|p2a: Klefki
|-damage|p2a: Klefki|15\/318
|
|-weather|SunnyDay|[upkeep]
|-damage|p2a: Klefki|0 fnt|[from] Leech Seed|[of] p1a: Venusaur
|faint|p2a: Klefki
|
|win|lizer
|raw|Ladder updating...
|raw|lizer's rating: 1399 &rarr; <strong>1420<\/strong><br \/>(+21 for winning)
|raw|Blackfenix19's rating: 1415 &rarr; <strong>1394<\/strong><br \/>(-21 for losing)