|join|Blackfenix19
|join|Patata7
|player|p1|Blackfenix19|1
|player|p2|Patata7|163
|gametype|singles
|gen|6
|tier|OU
|rated
|clearpoke
|poke|p1|Gardevoir, F
|poke|p1|Charizard, F
|poke|p1|Armaldo, M
|poke|p1|Breloom, F
|poke|p1|Empoleon, M
|poke|p1|Gengar, M
|poke|p2|Garchomp, F
|poke|p2|Conkeldurr, F
|poke|p2|Weezing, M
|poke|p2|Gyarados, M
|poke|p2|Ferrothorn, F
|poke|p2|Magnezone
|rule|Swagger Clause: Swagger is banned
|rule|Baton Pass Clause: Limit one PokÃ©mon knowing Baton Pass
|rule|Sleep Clause Mod: Limit one foe put to sleep
|rule|Species Clause: Limit one of each PokÃ©mon
|rule|OHKO Clause: OHKO moves are banned
|rule|Moody Clause: Moody is banned
|rule|Evasion Moves Clause: Evasion moves are banned
|rule|Endless Battle Clause: Forcing endless battles is banned
|rule|HP Percentage Mod: HP is shown in percentages
|teampreview
|
|start
|switch|p1a: Gardevoir|Gardevoir, F|278\/278
|switch|p2a: Gyarados|Gyarados, M|332\/332
|-ability|p1a: Gardevoir|Intimidate|[from] ability: Trace|[of] p2a: Gyarados
|-ability|p1a: Gardevoir|Intimidate|[of] p2a: Gyarados
|-unboost|p2a: Gyarados|atk|1
|-ability|p2a: Gyarados|Intimidate|[of] p1a: Gardevoir
|-unboost|p1a: Gardevoir|atk|1
|turn|1
|
|switch|p2a: Magnezone|Magnezone|311\/311
|move|p1a: Gardevoir|Focus Blast|p2a: Magnezone|[miss]
|-miss|p1a: Gardevoir|p2a: Magnezone
|
|turn|2
|
|move|p1a: Gardevoir|Focus Blast|p2a: Magnezone
|-supereffective|p2a: Magnezone
|-damage|p2a: Magnezone|0 fnt
|faint|p2a: Magnezone
|
|
|switch|p2a: Ferrothorn|Ferrothorn, F|352\/352
|turn|3
|
|move|p1a: Gardevoir|Focus Blast|p2a: Ferrothorn
|-crit|p2a: Ferrothorn
|-supereffective|p2a: Ferrothorn
|-damage|p2a: Ferrothorn|38\/352
|-unboost|p2a: Ferrothorn|spd|1
|move|p2a: Ferrothorn|Stealth Rock|p1a: Gardevoir
|-sidestart|p1: Blackfenix19|move: Stealth Rock
|
|-heal|p2a: Ferrothorn|60\/352|[from] item: Leftovers
|turn|4
|
|move|p2a: Ferrothorn|Protect|p2a: Ferrothorn
|-singleturn|p2a: Ferrothorn|Protect
|move|p1a: Gardevoir|Focus Blast|p2a: Ferrothorn
|-activate|p2a: Ferrothorn|Protect
|
|-heal|p2a: Ferrothorn|82\/352|[from] item: Leftovers
|turn|5
|
|switch|p2a: Weezing|Weezing, M|309\/309
|move|p1a: Gardevoir|Focus Blast|p2a: Weezing|[miss]
|-miss|p1a: Gardevoir|p2a: Weezing
|
|turn|6
|
|switch|p1a: Armaldo|Armaldo, M|354\/354
|-damage|p1a: Armaldo|266\/354|[from] Stealth Rock
|move|p2a: Weezing|Sludge Bomb|p1a: Armaldo
|-resisted|p1a: Armaldo
|-damage|p1a: Armaldo|197\/354
|
|turn|7
|
|move|p2a: Weezing|Flamethrower|p1a: Armaldo
|-damage|p1a: Armaldo|109\/354
|move|p1a: Armaldo|Rapid Spin|p2a: Weezing
|-damage|p2a: Weezing|282\/309
|-sideend|p1: Blackfenix19|Stealth Rock|[from] move: Rapid Spin|[of] p1a: Armaldo
|
|-heal|p2a: Weezing|301\/309|[from] item: Black Sludge
|turn|8
|
|switch|p1a: Gardevoir|Gardevoir, F|278\/278
|-ability|p1a: Gardevoir|Levitate|[from] ability: Trace|[of] p2a: Weezing
|move|p2a: Weezing|Flamethrower|p1a: Gardevoir
|-damage|p1a: Gardevoir|207\/278
|
|-heal|p2a: Weezing|309\/309|[from] item: Black Sludge
|turn|9
|
|switch|p2a: Ferrothorn|Ferrothorn, F|82\/352
|move|p1a: Gardevoir|Trick|p2a: Ferrothorn
|-activate|p1a: Gardevoir|move: Trick|[of] p2a: Ferrothorn
|-item|p2a: Ferrothorn|Choice Scarf|[from] move: Trick
|-item|p1a: Gardevoir|Leftovers|[from] move: Trick
|
|-heal|p1a: Gardevoir|224\/278|[from] item: Leftovers
|turn|10
|
|move|p2a: Ferrothorn|Protect|p2a: Ferrothorn
|-singleturn|p2a: Ferrothorn|Protect
|move|p1a: Gardevoir|Focus Blast|p2a: Ferrothorn
|-activate|p2a: Ferrothorn|Protect
|
|-heal|p1a: Gardevoir|241\/278|[from] item: Leftovers
|turn|11
|
|switch|p2a: Garchomp|Garchomp, F|358\/358
|move|p1a: Gardevoir|Focus Blast|p2a: Garchomp
|-damage|p2a: Garchomp|198\/358
|
|-heal|p1a: Gardevoir|258\/278|[from] item: Leftovers
|turn|12
|
|move|p2a: Garchomp|Earthquake|p1a: Gardevoir
|-immune|p1a: Gardevoir|[msg]
|move|p1a: Gardevoir|Moonblast|p2a: Garchomp
|-crit|p2a: Garchomp
|-supereffective|p2a: Garchomp
|-damage|p2a: Garchomp|0 fnt
|faint|p2a: Garchomp
|
|-heal|p1a: Gardevoir|275\/278|[from] item: Leftovers
|-message|Patata7 forfeited.
|leave|Patata7
|
|win|Blackfenix19
|raw|Ladder updating...
|player|p2
|raw|Blackfenix19's rating: 1420 &rarr; <strong>1440<\/strong><br \/>(+20 for winning)
|raw|Patata7's rating: 1433 &rarr; <strong>1412<\/strong><br \/>(-21 for losing)