|join|Blackfenix19
|join|MULUK KULALA
|player|p1|Blackfenix19|1
|player|p2|MULUK KULALA|78
|gametype|singles
|gen|6
|tier|OU
|rated
|clearpoke
|poke|p1|Gardevoir, F
|poke|p1|Charizard, F
|poke|p1|Armaldo, M
|poke|p1|Breloom, M
|poke|p1|Empoleon, F
|poke|p1|Gengar, F
|poke|p2|Greninja, M
|poke|p2|Terrakion
|poke|p2|Medicham, M
|poke|p2|Milotic, M
|poke|p2|Talonflame, M
|poke|p2|Gliscor, F
|rule|Swagger Clause: Swagger is banned
|rule|Baton Pass Clause: Limit one PokÃ©mon knowing Baton Pass
|rule|Sleep Clause Mod: Limit one foe put to sleep
|rule|Species Clause: Limit one of each PokÃ©mon
|rule|OHKO Clause: OHKO moves are banned
|rule|Moody Clause: Moody is banned
|rule|Evasion Moves Clause: Evasion moves are banned
|rule|Endless Battle Clause: Forcing endless battles is banned
|rule|HP Percentage Mod: HP is shown in percentages
|teampreview
|
|start
|switch|p1a: Gardevoir|Gardevoir, F|278\/278
|switch|p2a: Terrakion|Terrakion|324\/324
|-ability|p1a: Gardevoir|Justified|[from] ability: Trace|[of] p2a: Terrakion
|turn|1
|
|move|p1a: Gardevoir|Moonblast|p2a: Terrakion
|-supereffective|p2a: Terrakion
|-enditem|p2a: Terrakion|Focus Sash
|-damage|p2a: Terrakion|1\/324
|-unboost|p2a: Terrakion|spa|1
|move|p2a: Terrakion|Stealth Rock|p1a: Gardevoir
|-sidestart|p1: Blackfenix19|move: Stealth Rock
|
|turn|2
|
|move|p1a: Gardevoir|Moonblast|p2a: Terrakion
|-supereffective|p2a: Terrakion
|-damage|p2a: Terrakion|0 fnt
|faint|p2a: Terrakion
|
|
|switch|p2a: Medicham|Medicham, M|262\/262
|turn|3
|
|detailschange|p2a: Medicham|Medicham-Mega, M
|message|Medicham has Mega Evolved into Mega Medicham!
|move|p2a: Medicham|Fake Out|p1a: Gardevoir
|-damage|p1a: Gardevoir|173\/278
|cant|p1a: Gardevoir|flinch
|
|turn|4
|
|move|p1a: Gardevoir|Moonblast|p2a: Medicham
|-supereffective|p2a: Medicham
|-damage|p2a: Medicham|0 fnt
|faint|p2a: Medicham
|
|
|switch|p2a: Talonflame|Talonflame, M|298\/298
|turn|5
|
|switch|p1a: Armaldo|Armaldo, M|354\/354
|-damage|p1a: Armaldo|266\/354|[from] Stealth Rock
|move|p2a: Talonflame|Brave Bird|p1a: Armaldo
|-damage|p1a: Armaldo|32\/354
|-damage|p2a: Talonflame|221\/298|[from] recoil|[of] p1a: Armaldo
|
|turn|6
|
|move|p2a: Talonflame|Brave Bird|p1a: Armaldo
|-damage|p1a: Armaldo|0 fnt
|-damage|p2a: Talonflame|210\/298|[from] recoil|[of] p1a: Armaldo
|faint|p1a: Armaldo
|
|
|switch|p1a: Empoleon|Empoleon, F|372\/372
|-damage|p1a: Empoleon|349\/372|[from] Stealth Rock
|turn|7
|
|switch|p2a: Milotic|Milotic, M|394\/394
|move|p1a: Empoleon|Waterfall|p2a: Milotic
|-resisted|p2a: Milotic
|-damage|p2a: Milotic|300\/394
|-damage|p1a: Empoleon|312\/372|[from] item: Life Orb
|
|-heal|p2a: Milotic|324\/394|[from] item: Leftovers
|turn|8
|
|switch|p1a: Breloom|Breloom, M|262\/262
|-damage|p1a: Breloom|246\/262|[from] Stealth Rock
|move|p2a: Milotic|Scald|p1a: Breloom
|-crit|p1a: Breloom
|-resisted|p1a: Breloom
|-damage|p1a: Breloom|141\/262
|
|-heal|p2a: Milotic|348\/394|[from] item: Leftovers
|turn|9
|
|move|p2a: Milotic|Scald|p1a: Breloom
|-resisted|p1a: Breloom
|-damage|p1a: Breloom|72\/262
|-status|p1a: Breloom|brn
|move|p1a: Breloom|Rock Tomb|p2a: Milotic
|-damage|p2a: Milotic|287\/394
|-unboost|p2a: Milotic|spe|1
|
|-heal|p2a: Milotic|311\/394|[from] item: Leftovers
|-damage|p1a: Breloom|40\/262 brn|[from] brn
|turn|10
|
|switch|p2a: Greninja|Greninja, M|286\/286
|move|p1a: Breloom|Bullet Seed|p2a: Greninja
|-supereffective|p2a: Greninja
|-damage|p2a: Greninja|194\/286
|-supereffective|p2a: Greninja
|-damage|p2a: Greninja|104\/286
|-supereffective|p2a: Greninja
|-damage|p2a: Greninja|18\/286
|-supereffective|p2a: Greninja
|-damage|p2a: Greninja|0 fnt
|-hitcount|p2a: Greninja|4
|faint|p2a: Greninja
|
|-damage|p1a: Breloom|8\/262 brn|[from] brn
|
|switch|p2a: Talonflame|Talonflame, M|210\/298
|turn|11
|
|move|p2a: Talonflame|Brave Bird|p1a: Breloom
|-supereffective|p1a: Breloom
|-damage|p1a: Breloom|0 fnt
|-damage|p2a: Talonflame|207\/298|[from] recoil|[of] p1a: Breloom
|faint|p1a: Breloom
|
|
|switch|p1a: Empoleon|Empoleon, F|312\/372
|-damage|p1a: Empoleon|289\/372|[from] Stealth Rock
|turn|12
|
|move|p2a: Talonflame|Brave Bird|p1a: Empoleon
|-resisted|p1a: Empoleon
|-damage|p1a: Empoleon|151\/372
|-damage|p2a: Talonflame|161\/298|[from] recoil|[of] p1a: Empoleon
|move|p1a: Empoleon|Waterfall|p2a: Talonflame
|-supereffective|p2a: Talonflame
|-damage|p2a: Talonflame|0 fnt
|-damage|p1a: Empoleon|114\/372|[from] item: Life Orb
|faint|p2a: Talonflame
|
|
|switch|p2a: Gliscor|Gliscor, F|354\/354
|turn|13
|
|move|p2a: Gliscor|Knock Off|p1a: Empoleon
|-damage|p1a: Empoleon|17\/372
|-enditem|p1a: Empoleon|Life Orb|[from] move: Knock Off|[of] p2a: Gliscor
|move|p1a: Empoleon|Blizzard|p2a: Gliscor
|-miss|p1a: Empoleon|p2a: Gliscor
|
|-status|p2a: Gliscor|tox|[from] item: Toxic Orb
|turn|14
|
|move|p1a: Empoleon|Aqua Jet|p2a: Gliscor
|-supereffective|p2a: Gliscor
|-damage|p2a: Gliscor|270\/354 tox
|move|p2a: Gliscor|Knock Off|p1a: Empoleon
|-damage|p1a: Empoleon|0 fnt
|faint|p1a: Empoleon
|
|-heal|p2a: Gliscor|314\/354 tox|[from] ability: Poison Heal
|
|switch|p1a: Gengar|Gengar, F|261\/261
|-damage|p1a: Gengar|229\/261|[from] Stealth Rock
|turn|15
|
|move|p1a: Gengar|Shadow Ball|p2a: Gliscor
|-damage|p2a: Gliscor|148\/354 tox
|move|p2a: Gliscor|Knock Off|p1a: Gengar
|-supereffective|p1a: Gengar
|-damage|p1a: Gengar|0 fnt
|-enditem|p1a: Gengar|Black Sludge|[from] move: Knock Off|[of] p2a: Gliscor
|faint|p1a: Gengar
|
|-heal|p2a: Gliscor|192\/354 tox|[from] ability: Poison Heal
|
|switch|p1a: Gardevoir|Gardevoir, F|173\/278
|-damage|p1a: Gardevoir|139\/278|[from] Stealth Rock
|-ability|p1a: Gardevoir|Poison Heal|[from] ability: Trace|[of] p2a: Gliscor
|turn|16
|
|move|p2a: Gliscor|Protect|p2a: Gliscor
|-singleturn|p2a: Gliscor|Protect
|move|p1a: Gardevoir|Moonblast|p2a: Gliscor
|-activate|p2a: Gliscor|Protect
|
|-heal|p2a: Gliscor|236\/354 tox|[from] ability: Poison Heal
|turn|17
|
|move|p1a: Gardevoir|Moonblast|p2a: Gliscor
|-damage|p2a: Gliscor|0 fnt
|faint|p2a: Gliscor
|
|
|switch|p2a: Milotic|Milotic, M|311\/394
|turn|18
|
|move|p1a: Gardevoir|Moonblast|p2a: Milotic
|-damage|p2a: Milotic|202\/394
|-unboost|p2a: Milotic|spa|1
|move|p2a: Milotic|Scald|p1a: Gardevoir
|-damage|p1a: Gardevoir|84\/278
|-status|p1a: Gardevoir|brn
|
|-heal|p2a: Milotic|226\/394|[from] item: Leftovers
|-damage|p1a: Gardevoir|50\/278 brn|[from] brn
|turn|19
|
|move|p1a: Gardevoir|Moonblast|p2a: Milotic
|-damage|p2a: Milotic|118\/394
|move|p2a: Milotic|Recover|p2a: Milotic
|-heal|p2a: Milotic|315\/394
|
|-heal|p2a: Milotic|339\/394|[from] item: Leftovers
|-damage|p1a: Gardevoir|16\/278 brn|[from] brn
|turn|20
|
|move|p1a: Gardevoir|Moonblast|p2a: Milotic
|-damage|p2a: Milotic|222\/394
|move|p2a: Milotic|Recover|p2a: Milotic
|-heal|p2a: Milotic|394\/394
|
|-damage|p1a: Gardevoir|0 fnt|[from] brn
|faint|p1a: Gardevoir
|
|switch|p1a: Charizard|Charizard, F|360\/360
|-damage|p1a: Charizard|180\/360|[from] Stealth Rock
|turn|21
|
|detailschange|p1a: Charizard|Charizard-Mega-X, F
|message|Charizard has Mega Evolved into Mega Charizard!
|move|p1a: Charizard|Dragon Claw|p2a: Milotic
|-crit|p2a: Milotic
|-damage|p2a: Milotic|39\/394
|move|p2a: Milotic|Toxic|p1a: Charizard
|-status|p1a: Charizard|tox
|
|-heal|p2a: Milotic|63\/394|[from] item: Leftovers
|-damage|p1a: Charizard|158\/360 tox|[from] psn
|turn|22
|
|move|p1a: Charizard|Dragon Claw|p2a: Milotic
|-damage|p2a: Milotic|0 fnt
|faint|p2a: Milotic
|
|win|Blackfenix19
|raw|Ladder updating...
|raw|Blackfenix19's rating: 1461 &rarr; <strong>1480<\/strong><br \/>(+19 for winning)
|raw|MULUK KULALA's rating: 1433 &rarr; <strong>1414<\/strong><br \/>(-19 for losing)
|leave|MULUK KULALA
|player|p2