|join|datxguyx69
|join|Blackfenix19
|player|p1|datxguyx69|101
|player|p2|Blackfenix19|2
|gametype|singles
|gen|6
|tier|OU
|rated
|clearpoke
|poke|p1|Infernape, M
|poke|p1|Gyarados, M, shiny
|poke|p1|Dragonite, F
|poke|p1|Latias, F
|poke|p1|Rotom-Wash
|poke|p1|Metagross, shiny
|poke|p2|Gardevoir, M
|poke|p2|Charizard, M
|poke|p2|Breloom, F
|poke|p2|Volcarona, F, shiny
|poke|p2|Empoleon, M
|poke|p2|Crobat, M
|rule|Swagger Clause: Swagger is banned
|rule|Baton Pass Clause: Limit one PokÃ©mon knowing Baton Pass
|rule|Sleep Clause Mod: Limit one foe put to sleep
|rule|Species Clause: Limit one of each PokÃ©mon
|rule|OHKO Clause: OHKO moves are banned
|rule|Moody Clause: Moody is banned
|rule|Evasion Moves Clause: Evasion moves are banned
|rule|Endless Battle Clause: Forcing endless battles is banned
|rule|HP Percentage Mod: HP is shown in percentages
|teampreview
|
|start
|switch|p1a: Metagross|Metagross, shiny|364\/364
|switch|p2a: Crobat|Crobat, M|374\/374
|turn|1
|
|move|p2a: Crobat|Taunt|p1a: Metagross
|-start|p1a: Metagross|move: Taunt
|move|p1a: Metagross|Zen Headbutt|p2a: Crobat
|-supereffective|p2a: Crobat
|-damage|p2a: Crobat|6\/374
|
|-heal|p2a: Crobat|29\/374|[from] item: Black Sludge
|turn|2
|
|move|p1a: Metagross|Bullet Punch|p2a: Crobat
|-damage|p2a: Crobat|0 fnt
|faint|p2a: Crobat
|
|
|switch|p2a: Volcarona|Volcarona, F, shiny|374\/374
|turn|3
|
|move|p2a: Volcarona|Quiver Dance|p2a: Volcarona
|-boost|p2a: Volcarona|spa|1
|-boost|p2a: Volcarona|spd|1
|-boost|p2a: Volcarona|spe|1
|move|p1a: Metagross|Zen Headbutt|p2a: Volcarona
|-damage|p2a: Volcarona|217\/374
|-status|p1a: Metagross|brn
|
|-damage|p1a: Metagross|319\/364 brn|[from] brn
|-end|p1a: Metagross|move: Taunt
|turn|4
|
|move|p2a: Volcarona|Fiery Dance|p1a: Metagross
|-crit|p1a: Metagross
|-supereffective|p1a: Metagross
|-damage|p1a: Metagross|0 fnt
|-boost|p2a: Volcarona|spa|1
|faint|p1a: Metagross
|
|
|switch|p1a: Dragonite|Dragonite, F|386\/386
|turn|5
|
|move|p1a: Dragonite|Extreme Speed|p2a: Volcarona
|-damage|p2a: Volcarona|76\/374
|-status|p1a: Dragonite|brn
|-enditem|p2a: Volcarona|Sitrus Berry|[eat]
|-heal|p2a: Volcarona|169\/374|[from] item: Sitrus Berry
|move|p2a: Volcarona|Fiery Dance|p1a: Dragonite
|-resisted|p1a: Dragonite
|-damage|p1a: Dragonite|330\/386 brn
|
|-damage|p1a: Dragonite|282\/386 brn|[from] brn
|turn|6
|
|move|p1a: Dragonite|Extreme Speed|p2a: Volcarona
|-damage|p2a: Volcarona|97\/374
|move|p2a: Volcarona|Fiery Dance|p1a: Dragonite
|-resisted|p1a: Dragonite
|-damage|p1a: Dragonite|170\/386 brn
|-boost|p2a: Volcarona|spa|1
|
|-damage|p1a: Dragonite|122\/386 brn|[from] brn
|turn|7
|
|move|p1a: Dragonite|Extreme Speed|p2a: Volcarona
|-damage|p2a: Volcarona|22\/374
|move|p2a: Volcarona|Fiery Dance|p1a: Dragonite
|-resisted|p1a: Dragonite
|-damage|p1a: Dragonite|0 fnt
|faint|p1a: Dragonite
|
|
|switch|p1a: Infernape|Infernape, M|293\/293
|turn|8
|
|move|p1a: Infernape|Mach Punch|p2a: Volcarona
|-resisted|p2a: Volcarona
|-damage|p2a: Volcarona|0 fnt
|faint|p2a: Volcarona
|
|
|switch|p2a: Charizard|Charizard, M|360\/360
|turn|9
|
|detailschange|p2a: Charizard|Charizard-Mega-X, M
|message|Charizard has Mega Evolved into Mega Charizard!
|move|p1a: Infernape|Close Combat|p2a: Charizard
|-damage|p2a: Charizard|204\/360
|-unboost|p1a: Infernape|def|1
|-unboost|p1a: Infernape|spd|1
|move|p2a: Charizard|Dragon Dance|p2a: Charizard
|-boost|p2a: Charizard|atk|1
|-boost|p2a: Charizard|spe|1
|
|turn|10
|
|move|p2a: Charizard|Earthquake|p1a: Infernape
|-supereffective|p1a: Infernape
|-enditem|p1a: Infernape|Focus Sash
|-damage|p1a: Infernape|1\/293
|move|p1a: Infernape|Endeavor|p2a: Charizard
|-damage|p2a: Charizard|1\/360
|
|turn|11
|
|move|p1a: Infernape|Mach Punch|p2a: Charizard
|-damage|p2a: Charizard|0 fnt
|faint|p2a: Charizard
|
|
|switch|p2a: Empoleon|Empoleon, M|372\/372
|turn|12
|
|move|p2a: Empoleon|Aqua Jet|p1a: Infernape
|-supereffective|p1a: Infernape
|-damage|p1a: Infernape|0 fnt
|-damage|p2a: Empoleon|335\/372|[from] item: Life Orb
|faint|p1a: Infernape
|
|
|switch|p1a: Gyarados|Gyarados, M, shiny|332\/332
|-ability|p1a: Gyarados|Intimidate|[of] p2a: Empoleon
|-unboost|p2a: Empoleon|atk|1
|-boost|p2a: Empoleon|atk|2|[from] ability: Defiant
|turn|13
|
|move|p1a: Gyarados|Earthquake|p2a: Empoleon
|-supereffective|p2a: Empoleon
|-damage|p2a: Empoleon|39\/372
|move|p2a: Empoleon|Drill Peck|p1a: Gyarados
|-damage|p1a: Gyarados|134\/332
|-damage|p2a: Empoleon|2\/372|[from] item: Life Orb
|
|turn|14
|
|move|p2a: Empoleon|Aqua Jet|p1a: Gyarados
|-resisted|p1a: Gyarados
|-damage|p1a: Gyarados|61\/332
|-damage|p2a: Empoleon|0 fnt|[from] item: Life Orb
|faint|p2a: Empoleon
|move|p1a: Gyarados|Earthquake|p2: Empoleon|[notarget]
|-notarget
|
|
|switch|p2a: Gardevoir|Gardevoir, M|278\/278
|-ability|p2a: Gardevoir|Intimidate|[from] ability: Trace|[of] p1a: Gyarados
|-ability|p2a: Gardevoir|Intimidate|[of] p1a: Gyarados
|-unboost|p1a: Gyarados|atk|1
|turn|15
|
|detailschange|p1a: Gyarados|Gyarados-Mega, M, shiny
|message|Gyarados has Mega Evolved into Mega Gyarados!
|-ability|p1a: Gyarados|Mold Breaker
|move|p2a: Gardevoir|Moonblast|p1a: Gyarados
|-supereffective|p1a: Gyarados
|-damage|p1a: Gyarados|0 fnt
|faint|p1a: Gyarados
|
|
|switch|p1a: Rotom-Wash|Rotom-Wash|304\/304
|turn|16
|
|switch|p2a: Breloom|Breloom, F|261\/261
|move|p1a: Rotom-Wash|Will-O-Wisp|p2a: Breloom
|-status|p2a: Breloom|brn
|
|-damage|p2a: Breloom|229\/261 brn|[from] brn
|turn|17
|
|move|p2a: Breloom|Rock Tomb|p1a: Rotom-Wash
|-damage|p1a: Rotom-Wash|270\/304
|-unboost|p1a: Rotom-Wash|spe|1
|move|p1a: Rotom-Wash|Volt Switch|p2a: Breloom
|-resisted|p2a: Breloom
|-damage|p2a: Breloom|168\/261 brn
|
|switch|p1a: Latias|Latias, F|302\/302
|
|-damage|p2a: Breloom|136\/261 brn|[from] brn
|turn|18
|
|move|p1a: Latias|Hidden Power|p2a: Breloom
|-supereffective|p2a: Breloom
|-damage|p2a: Breloom|0 fnt
|-damage|p1a: Latias|272\/302|[from] item: Life Orb
|faint|p2a: Breloom
|
|
|switch|p2a: Gardevoir|Gardevoir, M|278\/278
|-ability|p2a: Gardevoir|Levitate|[from] ability: Trace|[of] p1a: Latias
|turn|19
|
|move|p2a: Gardevoir|Moonblast|p1a: Latias
|-supereffective|p1a: Latias
|-damage|p1a: Latias|0 fnt
|faint|p1a: Latias
|
|
|switch|p1a: Rotom-Wash|Rotom-Wash|270\/304
|turn|20
|
|move|p2a: Gardevoir|Moonblast|p1a: Rotom-Wash
|-crit|p1a: Rotom-Wash
|-damage|p1a: Rotom-Wash|0 fnt
|faint|p1a: Rotom-Wash
|
|win|Blackfenix19
|raw|Ladder updating...
|raw|datxguyx69's rating: 1371 &rarr; <strong>1348<\/strong><br \/>(-23 for losing)
|raw|Blackfenix19's rating: 1324 &rarr; <strong>1347<\/strong><br \/>(+23 for winning)