|join|cyndaquilidin
|join|Blackfenix19
|player|p1|cyndaquilidin|143
|player|p2|Blackfenix19|102
|gametype|singles
|gen|6
|tier|OU
|rated
|clearpoke
|poke|p1|Forretress, F
|poke|p1|Gengar, F
|poke|p1|Thundurus, M
|poke|p1|Gyarados, M
|poke|p1|Breloom, F
|poke|p1|Scizor, M
|poke|p2|Mightyena, F
|poke|p2|Nidoking, M
|poke|p2|Hitmontop, M
|poke|p2|Metagross
|poke|p2|Slowking, M
|poke|p2|Toxicroak, F
|rule|Swagger Clause: Swagger is banned
|rule|Baton Pass Clause: Limit one PokÃ©mon knowing Baton Pass
|rule|Sleep Clause Mod: Limit one foe put to sleep
|rule|Species Clause: Limit one of each PokÃ©mon
|rule|OHKO Clause: OHKO moves are banned
|rule|Moody Clause: Moody is banned
|rule|Evasion Moves Clause: Evasion moves are banned
|rule|Endless Battle Clause: Forcing endless battles is banned
|rule|HP Percentage Mod: HP is shown in percentages
|teampreview
|
|start
|switch|p1a: Scizor|Scizor, M|334\/334
|switch|p2a: Nidoking|Nidoking, M|303\/303
|turn|1
|
|move|p1a: Scizor|Bullet Punch|p2a: Nidoking
|-damage|p2a: Nidoking|144\/303
|move|p2a: Nidoking|Flamethrower|p1a: Scizor
|-supereffective|p1a: Scizor
|-damage|p1a: Scizor|42\/334
|
|turn|2
|
|move|p2a: Nidoking|Sucker Punch|p1a: Scizor
|-damage|p1a: Scizor|0 fnt
|faint|p1a: Scizor
|
|
|switch|p1a: Breloom|Breloom, F|284\/284
|turn|3
|
|move|p2a: Nidoking|Flamethrower|p1a: Breloom
|-supereffective|p1a: Breloom
|-enditem|p1a: Breloom|Focus Sash
|-damage|p1a: Breloom|1\/284
|move|p1a: Breloom|Spore|p2a: Nidoking
|-status|p2a: Nidoking|slp
|
|turn|4
|
|switch|p2a: Metagross|Metagross|364\/364
|move|p1a: Breloom|Swords Dance|p1a: Breloom
|-boost|p1a: Breloom|atk|2
|
|turn|5
|
|move|p1a: Breloom|Mach Punch|p2a: Metagross
|-damage|p2a: Metagross|178\/364
|move|p2a: Metagross|Bullet Punch|p1a: Breloom
|-damage|p1a: Breloom|0 fnt
|faint|p1a: Breloom
|
|
|switch|p1a: Gyarados|Gyarados, M|370\/370
|-ability|p1a: Gyarados|Intimidate|[of] p2a: Metagross
|-fail|p2a: Metagross|unboost|[from] ability: Clear Body|[of] p2a: Metagross
|turn|6
|
|detailschange|p1a: Gyarados|Gyarados-Mega, M
|message|Gyarados has Mega Evolved into Mega Gyarados!
|-ability|p1a: Gyarados|Mold Breaker
|move|p1a: Gyarados|Dragon Dance|p1a: Gyarados
|-boost|p1a: Gyarados|atk|1
|-boost|p1a: Gyarados|spe|1
|move|p2a: Metagross|Rock Polish|p2a: Metagross
|-boost|p2a: Metagross|spe|2
|
|turn|7
|
|move|p2a: Metagross|Meteor Mash|p1a: Gyarados
|-resisted|p1a: Gyarados
|-damage|p1a: Gyarados|283\/370
|move|p1a: Gyarados|Earthquake|p2a: Metagross
|-supereffective|p2a: Metagross
|-damage|p2a: Metagross|0 fnt
|faint|p2a: Metagross
|
|
|switch|p2a: Hitmontop|Hitmontop, M|304\/304
|-ability|p2a: Hitmontop|Intimidate|[of] p1a: Gyarados
|-unboost|p1a: Gyarados|atk|1
|turn|8
|
|move|p1a: Gyarados|Waterfall|p2a: Hitmontop
|-damage|p2a: Hitmontop|114\/304
|move|p2a: Hitmontop|Close Combat|p1a: Gyarados
|-supereffective|p1a: Gyarados
|-damage|p1a: Gyarados|0 fnt
|-unboost|p2a: Hitmontop|def|1
|-unboost|p2a: Hitmontop|spd|1
|faint|p1a: Gyarados
|
|
|switch|p1a: Forretress|Forretress, F|354\/354
|turn|9
|
|move|p2a: Hitmontop|Close Combat|p1a: Forretress
|-damage|p1a: Forretress|218\/354
|-unboost|p2a: Hitmontop|def|1
|-unboost|p2a: Hitmontop|spd|1
|move|p1a: Forretress|Stealth Rock|p2a: Hitmontop
|-sidestart|p2: Blackfenix19|move: Stealth Rock
|
|-heal|p1a: Forretress|240\/354|[from] item: Leftovers
|turn|10
|
|move|p2a: Hitmontop|Rapid Spin|p1a: Forretress
|-resisted|p1a: Forretress
|-damage|p1a: Forretress|233\/354
|-sideend|p2: Blackfenix19|Stealth Rock|[from] move: Rapid Spin|[of] p2a: Hitmontop
|move|p1a: Forretress|Spikes|p2a: Hitmontop
|-sidestart|p2: Blackfenix19|Spikes
|
|-heal|p1a: Forretress|255\/354|[from] item: Leftovers
|turn|11
|
|move|p2a: Hitmontop|Close Combat|p1a: Forretress
|-damage|p1a: Forretress|120\/354
|-unboost|p2a: Hitmontop|def|1
|-unboost|p2a: Hitmontop|spd|1
|move|p1a: Forretress|Stealth Rock|p2a: Hitmontop
|-sidestart|p2: Blackfenix19|move: Stealth Rock
|
|-heal|p1a: Forretress|142\/354|[from] item: Leftovers
|turn|12
|
|move|p2a: Hitmontop|Rapid Spin|p1a: Forretress
|-resisted|p1a: Forretress
|-damage|p1a: Forretress|135\/354
|-sideend|p2: Blackfenix19|Spikes|[from] move: Rapid Spin|[of] p2a: Hitmontop
|-sideend|p2: Blackfenix19|Stealth Rock|[from] move: Rapid Spin|[of] p2a: Hitmontop
|move|p1a: Forretress|Toxic|p2a: Hitmontop
|-status|p2a: Hitmontop|tox
|
|-heal|p1a: Forretress|157\/354|[from] item: Leftovers
|-damage|p2a: Hitmontop|95\/304 tox|[from] psn
|turn|13
|
|switch|p2a: Toxicroak|Toxicroak, F|307\/307
|move|p1a: Forretress|Stealth Rock|p2a: Toxicroak
|-sidestart|p2: Blackfenix19|move: Stealth Rock
|
|-heal|p1a: Forretress|179\/354|[from] item: Leftovers
|turn|14
|
|move|p2a: Toxicroak|Swords Dance|p2a: Toxicroak
|-boost|p2a: Toxicroak|atk|2
|move|p1a: Forretress|Spikes|p2a: Toxicroak
|-sidestart|p2: Blackfenix19|Spikes
|
|-heal|p1a: Forretress|201\/354|[from] item: Leftovers
|turn|15
|
|move|p2a: Toxicroak|Swords Dance|p2a: Toxicroak
|-boost|p2a: Toxicroak|atk|2
|move|p1a: Forretress|Volt Switch|p2a: Toxicroak
|-damage|p2a: Toxicroak|258\/307
|
|switch|p1a: Gengar|Gengar, F|297\/297
|
|-heal|p2a: Toxicroak|277\/307|[from] item: Black Sludge
|turn|16
|
|move|p2a: Toxicroak|Sucker Punch|p1a: Gengar
|-supereffective|p1a: Gengar
|-damage|p1a: Gengar|0 fnt
|faint|p1a: Gengar
|
|-heal|p2a: Toxicroak|296\/307|[from] item: Black Sludge
|-message|cyndaquilidin forfeited.
|
|win|Blackfenix19
|raw|Ladder updating...
|leave|cyndaquilidin
|player|p1
|raw|cyndaquilidin's rating: 1360 &rarr; <strong>1339<\/strong><br \/>(-21 for losing)
|raw|Blackfenix19's rating: 1338 &rarr; <strong>1359<\/strong><br \/>(+21 for winning)