|join|Blackfenix19
|join|VVill
|player|p1|Blackfenix19|102
|player|p2|VVill|50
|gametype|singles
|gen|6
|tier|OU
|rated
|clearpoke
|poke|p1|Jolteon, F
|poke|p1|Cacturne, F
|poke|p1|Staraptor, M
|poke|p1|Donphan, M
|poke|p1|Houndoom, M
|poke|p1|Lucario, F
|poke|p2|Gardevoir, F
|poke|p2|Scrafty, M
|poke|p2|Gastrodon, M
|poke|p2|Ampharos, M
|poke|p2|Arcanine, M
|poke|p2|Aerodactyl, M
|rule|Swagger Clause: Swagger is banned
|rule|Baton Pass Clause: Limit one PokÃ©mon knowing Baton Pass
|rule|Sleep Clause Mod: Limit one foe put to sleep
|rule|Species Clause: Limit one of each PokÃ©mon
|rule|OHKO Clause: OHKO moves are banned
|rule|Moody Clause: Moody is banned
|rule|Evasion Moves Clause: Evasion moves are banned
|rule|Endless Battle Clause: Forcing endless battles is banned
|rule|HP Percentage Mod: HP is shown in percentages
|teampreview
|
|start
|switch|p1a: Jolteon|Jolteon, F|271\/271
|switch|p2a: Gastrodon|Gastrodon, M|426\/426
|-item|p1a: Jolteon|Air Balloon
|turn|1
|
|switch|p1a: Cacturne|Cacturne, F|282\/282
|move|p2a: Gastrodon|Scald|p1a: Cacturne
|-immune|p1a: Cacturne|[msg]
|
|turn|2
|
|switch|p2a: Arcanine|Arcanine, M|349\/349
|-ability|p2a: Arcanine|Intimidate|[of] p1a: Cacturne
|-unboost|p1a: Cacturne|atk|1
|move|p1a: Cacturne|Swords Dance|p1a: Cacturne
|-boost|p1a: Cacturne|atk|2
|
|turn|3
|
|move|p1a: Cacturne|Sucker Punch|p2a: Arcanine
|-damage|p2a: Arcanine|29\/349
|-damage|p1a: Cacturne|254\/282|[from] item: Life Orb
|-enditem|p2a: Arcanine|Sitrus Berry|[eat]
|-heal|p2a: Arcanine|116\/349|[from] item: Sitrus Berry
|move|p2a: Arcanine|Flare Blitz|p1a: Cacturne
|-supereffective|p1a: Cacturne
|-damage|p1a: Cacturne|0 fnt
|-damage|p2a: Arcanine|32\/349|[from] recoil|[of] p1a: Cacturne
|faint|p1a: Cacturne
|
|
|switch|p1a: Houndoom|Houndoom, M|291\/291
|turn|4
|
|detailschange|p1a: Houndoom|Houndoom-Mega, M
|message|Houndoom has Mega Evolved into Mega Houndoom!
|move|p2a: Arcanine|Extreme Speed|p1a: Houndoom
|-damage|p1a: Houndoom|168\/291
|move|p1a: Houndoom|Nasty Plot|p1a: Houndoom
|-boost|p1a: Houndoom|spa|2
|
|turn|5
|
|move|p2a: Arcanine|Extreme Speed|p1a: Houndoom
|-damage|p1a: Houndoom|53\/291
|move|p1a: Houndoom|Dark Pulse|p2a: Arcanine
|-damage|p2a: Arcanine|0 fnt
|faint|p2a: Arcanine
|
|
|switch|p2a: Aerodactyl|Aerodactyl, M|302\/302
|turn|6
|
|move|p2a: Aerodactyl|Rock Slide|p1a: Houndoom
|-supereffective|p1a: Houndoom
|-damage|p1a: Houndoom|0 fnt
|faint|p1a: Houndoom
|
|
|switch|p1a: Donphan|Donphan, M|384\/384
|turn|7
|
|switch|p2a: Gastrodon|Gastrodon, M|426\/426
|move|p1a: Donphan|Rock Slide|p2a: Gastrodon
|-resisted|p2a: Gastrodon
|-damage|p2a: Gastrodon|358\/426
|
|-heal|p2a: Gastrodon|384\/426|[from] item: Leftovers
|turn|8
|
|move|p1a: Donphan|Earthquake|p2a: Gastrodon
|-damage|p2a: Gastrodon|143\/426
|move|p2a: Gastrodon|Stockpile|p2a: Gastrodon
|-start|p2a: Gastrodon|stockpile1
|-boost|p2a: Gastrodon|def|1
|-boost|p2a: Gastrodon|spd|1
|
|-heal|p2a: Gastrodon|169\/426|[from] item: Leftovers
|turn|9
|
|move|p1a: Donphan|Earthquake|p2a: Gastrodon
|-damage|p2a: Gastrodon|0 fnt
|faint|p2a: Gastrodon
|
|
|switch|p2a: Scrafty|Scrafty, M|272\/272
|-ability|p2a: Scrafty|Intimidate|[of] p1a: Donphan
|-unboost|p1a: Donphan|atk|1
|turn|10
|
|move|p2a: Scrafty|Ice Punch|p1a: Donphan
|-supereffective|p1a: Donphan
|-damage|p1a: Donphan|262\/384
|-damage|p2a: Scrafty|227\/272|[from] item: Rocky Helmet|[of] p1a: Donphan
|move|p1a: Donphan|Earthquake|p2a: Scrafty
|-damage|p2a: Scrafty|133\/272
|-enditem|p2a: Scrafty|Sitrus Berry|[eat]
|-heal|p2a: Scrafty|201\/272|[from] item: Sitrus Berry
|
|turn|11
|
|move|p2a: Scrafty|Dragon Dance|p2a: Scrafty
|-boost|p2a: Scrafty|atk|1
|-boost|p2a: Scrafty|spe|1
|move|p1a: Donphan|Earthquake|p2a: Scrafty
|-damage|p2a: Scrafty|119\/272
|
|turn|12
|
|move|p2a: Scrafty|Drain Punch|p1a: Donphan
|-damage|p1a: Donphan|127\/384
|-heal|p2a: Scrafty|187\/272|[from] drain|[of] p1a: Donphan
|-damage|p2a: Scrafty|142\/272|[from] item: Rocky Helmet|[of] p1a: Donphan
|move|p1a: Donphan|Earthquake|p2a: Scrafty
|-damage|p2a: Scrafty|60\/272
|
|turn|13
|
|move|p1a: Donphan|Ice Shard|p2a: Scrafty
|-damage|p2a: Scrafty|36\/272
|move|p2a: Scrafty|Drain Punch|p1a: Donphan
|-damage|p1a: Donphan|0 fnt
|-heal|p2a: Scrafty|100\/272|[from] drain|[of] p1a: Donphan
|-damage|p2a: Scrafty|55\/272|[from] item: Rocky Helmet|[of] p1a: Donphan
|faint|p1a: Donphan
|
|
|switch|p1a: Lucario|Lucario, F|281\/281
|turn|14
|
|move|p1a: Lucario|Swords Dance|p1a: Lucario
|-boost|p1a: Lucario|atk|2
|move|p2a: Scrafty|Drain Punch|p1a: Lucario
|-supereffective|p1a: Lucario
|-enditem|p1a: Lucario|Focus Sash
|-damage|p1a: Lucario|1\/281
|-heal|p2a: Scrafty|195\/272|[from] drain|[of] p1a: Lucario
|
|turn|15
|
|move|p1a: Lucario|Close Combat|p2a: Scrafty
|-supereffective|p2a: Scrafty
|-damage|p2a: Scrafty|0 fnt
|-unboost|p1a: Lucario|def|1
|-unboost|p1a: Lucario|spd|1
|faint|p2a: Scrafty
|
|
|switch|p2a: Aerodactyl|Aerodactyl, M|302\/302
|turn|16
|
|move|p1a: Lucario|Bullet Punch|p2a: Aerodactyl
|-supereffective|p2a: Aerodactyl
|-damage|p2a: Aerodactyl|0 fnt
|faint|p2a: Aerodactyl
|
|
|switch|p2a: Ampharos|Ampharos, M|357\/357
|turn|17
|
|move|p1a: Lucario|Close Combat|p2a: Ampharos
|-damage|p2a: Ampharos|0 fnt
|-unboost|p1a: Lucario|def|1
|-unboost|p1a: Lucario|spd|1
|faint|p2a: Ampharos
|
|
|switch|p2a: Gardevoir|Gardevoir, F|340\/340
|turn|18
|
|detailschange|p2a: Gardevoir|Gardevoir-Mega, F
|message|Gardevoir has Mega Evolved into Mega Gardevoir!
|move|p1a: Lucario|Bullet Punch|p2a: Gardevoir
|-supereffective|p2a: Gardevoir
|-damage|p2a: Gardevoir|0 fnt
|faint|p2a: Gardevoir
|
|win|Blackfenix19
|raw|Ladder updating...
|raw|Blackfenix19's rating: 1319 &rarr; <strong>1339<\/strong><br \/>(+20 for winning)
|raw|VVill's rating: 1330 &rarr; <strong>1310<\/strong><br \/>(-20 for losing)
|leave|VVill
|player|p2