|join|Sh1fty
|join|Blackfenix19
|player|p1|Sh1fty|162
|player|p2|Blackfenix19|1
|gametype|singles
|gen|6
|tier|OU
|rated
|clearpoke
|poke|p1|Kyurem-Black
|poke|p1|Scolipede, F
|poke|p1|Sableye, F
|poke|p1|Heracross, M
|poke|p1|Roserade, M
|poke|p1|Chandelure, F
|poke|p2|Gardevoir, F
|poke|p2|Charizard, F
|poke|p2|Armaldo, F
|poke|p2|Breloom, F
|poke|p2|Empoleon, F
|poke|p2|Gengar, F
|rule|Swagger Clause: Swagger is banned
|rule|Baton Pass Clause: Limit one PokÃ©mon knowing Baton Pass
|rule|Sleep Clause Mod: Limit one foe put to sleep
|rule|Species Clause: Limit one of each PokÃ©mon
|rule|OHKO Clause: OHKO moves are banned
|rule|Moody Clause: Moody is banned
|rule|Evasion Moves Clause: Evasion moves are banned
|rule|Endless Battle Clause: Forcing endless battles is banned
|rule|HP Percentage Mod: HP is shown in percentages
|teampreview
|
|start
|switch|p1a: Sableye|Sableye, F|304\/304
|switch|p2a: Gardevoir|Gardevoir, F|278\/278
|-ability|p2a: Gardevoir|Prankster|[from] ability: Trace|[of] p1a: Sableye
|turn|1
|
|move|p2a: Gardevoir|Trick|p1a: Sableye
|-activate|p2a: Gardevoir|move: Trick|[of] p1a: Sableye
|-item|p1a: Sableye|Choice Scarf|[from] move: Trick
|-item|p2a: Gardevoir|Leftovers|[from] move: Trick
|move|p1a: Sableye|Confuse Ray|p2a: Gardevoir
|-start|p2a: Gardevoir|confusion
|
|turn|2
|
|switch|p1a: Chandelure|Chandelure, F|261\/261
|-activate|p2a: Gardevoir|confusion
|move|p2a: Gardevoir|Psyshock|p1a: Chandelure
|-damage|p1a: Chandelure|87\/261
|
|turn|3
|
|switch|p2a: Empoleon|Empoleon, F|372\/372
|move|p1a: Chandelure|Shadow Ball|p2a: Empoleon
|-damage|p2a: Empoleon|227\/372
|
|turn|4
|
|move|p1a: Chandelure|Shadow Ball|p2a: Empoleon
|-damage|p2a: Empoleon|65\/372
|move|p2a: Empoleon|Drill Peck|p1a: Chandelure
|-damage|p1a: Chandelure|0 fnt
|-damage|p2a: Empoleon|28\/372|[from] item: Life Orb
|faint|p1a: Chandelure
|
|
|switch|p1a: Sableye|Sableye, F|304\/304
|turn|5
|
|move|p1a: Sableye|Night Shade|p2a: Empoleon
|-damage|p2a: Empoleon|0 fnt
|faint|p2a: Empoleon
|
|
|switch|p2a: Charizard|Charizard, F|360\/360
|turn|6
|
|detailschange|p2a: Charizard|Charizard-Mega-X, F
|message|Charizard has Mega Evolved into Mega Charizard!
|move|p2a: Charizard|Dragon Dance|p2a: Charizard
|-boost|p2a: Charizard|atk|1
|-boost|p2a: Charizard|spe|1
|move|p1a: Sableye|Night Shade|p2a: Charizard
|-damage|p2a: Charizard|260\/360
|
|turn|7
|
|move|p2a: Charizard|Dragon Dance|p2a: Charizard
|-boost|p2a: Charizard|atk|1
|-boost|p2a: Charizard|spe|1
|move|p1a: Sableye|Night Shade|p2a: Charizard
|-damage|p2a: Charizard|160\/360
|
|turn|8
|
|switch|p1a: Roserade|Roserade, M|324\/324
|move|p2a: Charizard|Dragon Claw|p1a: Roserade
|-damage|p1a: Roserade|0 fnt
|faint|p1a: Roserade
|
|
|switch|p1a: Scolipede|Scolipede, F|323\/323
|turn|9
|
|move|p1a: Scolipede|Protect|p1a: Scolipede
|-singleturn|p1a: Scolipede|Protect
|move|p2a: Charizard|Fire Punch|p1a: Scolipede
|-activate|p1a: Scolipede|Protect
|
|-boost|p1a: Scolipede|spe|1|[from] ability: Speed Boost
|turn|10
|
|move|p1a: Scolipede|Swords Dance|p1a: Scolipede
|-boost|p1a: Scolipede|atk|2
|move|p2a: Charizard|Fire Punch|p1a: Scolipede
|-supereffective|p1a: Scolipede
|-enditem|p1a: Scolipede|Focus Sash
|-damage|p1a: Scolipede|1\/323
|
|-boost|p1a: Scolipede|spe|1|[from] ability: Speed Boost
|turn|11
|
|move|p1a: Scolipede|Protect|p1a: Scolipede
|-singleturn|p1a: Scolipede|Protect
|move|p2a: Charizard|Fire Punch|p1a: Scolipede
|-activate|p1a: Scolipede|Protect
|
|-boost|p1a: Scolipede|spe|1|[from] ability: Speed Boost
|turn|12
|
|move|p1a: Scolipede|Baton Pass|p1a: Scolipede
|
|switch|p1a: Kyurem-Black|Kyurem-Black|454\/454
|-ability|p1a: Kyurem-Black|Teravolt
|move|p2a: Charizard|Fire Punch|p1a: Kyurem-Black
|-damage|p1a: Kyurem-Black|36\/454
|-status|p1a: Kyurem-Black|brn
|
|-damage|p1a: Kyurem-Black|0 fnt|[from] brn
|faint|p1a: Kyurem-Black
|c|âSh1fty|........
|c|âSh1fty|really
|-message|Sh1fty forfeited.
|
|win|Blackfenix19
|raw|Ladder updating...
|leave|Sh1fty
|player|p1
|raw|Sh1fty's rating: 1433 &rarr; <strong>1412<\/strong><br \/>(-21 for losing)
|raw|Blackfenix19's rating: 1416 &rarr; <strong>1437<\/strong><br \/>(+21 for winning)