|join|Blaze Hydra
|join|Blackfenix19
|player|p1|Blaze Hydra|70
|player|p2|Blackfenix19|266
|gametype|singles
|gen|6
|tier|OU
|rated
|clearpoke
|poke|p1|Gallade, M, shiny
|poke|p1|Skarmory, F, shiny
|poke|p1|Garchomp, M, shiny
|poke|p1|Latios, M
|poke|p1|Rotom-Wash
|poke|p1|Magnezone
|poke|p2|Darmanitan, M
|poke|p2|Beedrill, M
|poke|p2|Donphan, F
|poke|p2|Sylveon, F
|poke|p2|Cacturne, F
|poke|p2|Gyarados, M
|rule|Swagger Clause: Swagger is banned
|rule|Baton Pass Clause: Limit one PokÃ©mon knowing Baton Pass
|rule|Sleep Clause Mod: Limit one foe put to sleep
|rule|Species Clause: Limit one of each PokÃ©mon
|rule|OHKO Clause: OHKO moves are banned
|rule|Moody Clause: Moody is banned
|rule|Evasion Moves Clause: Evasion moves are banned
|rule|Endless Battle Clause: Forcing endless battles is banned
|rule|HP Percentage Mod: HP is shown in percentages
|teampreview
|
|start
|switch|p1a: Garchomp|Garchomp, M, shiny|420\/420
|switch|p2a: Darmanitan|Darmanitan, M|352\/352
|turn|1
|
|move|p2a: Darmanitan|U-turn|p1a: Garchomp
|-damage|p1a: Garchomp|350\/420
|-damage|p2a: Darmanitan|308\/352|[from] ability: Rough Skin|[of] p1a: Garchomp
|-damage|p2a: Darmanitan|250\/352|[from] item: Rocky Helmet|[of] p1a: Garchomp
|
|switch|p2a: Donphan|Donphan, F|384\/384
|move|p1a: Garchomp|Stealth Rock|p2a: Donphan
|-sidestart|p2: Blackfenix19|move: Stealth Rock
|
|turn|2
|
|move|p1a: Garchomp|Toxic|p2a: Donphan
|-status|p2a: Donphan|tox
|move|p2a: Donphan|Earthquake|p1a: Garchomp
|-damage|p1a: Garchomp|217\/420
|
|-damage|p2a: Donphan|360\/384 tox|[from] psn
|turn|3
|
|move|p2a: Donphan|Rapid Spin|p1a: Garchomp
|-damage|p1a: Garchomp|197\/420
|-damage|p2a: Donphan|312\/384 tox|[from] ability: Rough Skin|[of] p1a: Garchomp
|-damage|p2a: Donphan|248\/384 tox|[from] item: Rocky Helmet|[of] p1a: Garchomp
|-sideend|p2: Blackfenix19|Stealth Rock|[from] move: Rapid Spin|[of] p2a: Donphan
|move|p1a: Garchomp|Dragon Tail|p2a: Donphan
|-damage|p2a: Donphan|176\/384 tox
|-damage|p1a: Garchomp|127\/420|[from] item: Rocky Helmet|[of] p2a: Donphan
|drag|p2a: Sylveon|Sylveon, F|394\/394
|
|turn|4
|
|move|p1a: Garchomp|Stealth Rock|p2a: Sylveon
|-sidestart|p2: Blackfenix19|move: Stealth Rock
|move|p2a: Sylveon|Hyper Voice|p1a: Garchomp
|-supereffective|p1a: Garchomp
|-damage|p1a: Garchomp|0 fnt
|faint|p1a: Garchomp
|
|
|switch|p1a: Magnezone|Magnezone|344\/344
|turn|5
|
|move|p1a: Magnezone|Volt Switch|p2a: Sylveon
|-damage|p2a: Sylveon|280\/394
|
|switch|p1a: Skarmory|Skarmory, F, shiny|333\/333
|move|p2a: Sylveon|Hidden Power|p1a: Skarmory
|-supereffective|p1a: Skarmory
|-damage|p1a: Skarmory|137\/333
|
|-heal|p1a: Skarmory|157\/333|[from] item: Leftovers
|turn|6
|
|move|p2a: Sylveon|Hyper Voice|p1a: Skarmory
|-resisted|p1a: Skarmory
|-damage|p1a: Skarmory|10\/333
|move|p1a: Skarmory|Whirlwind|p2a: Sylveon
|drag|p2a: Donphan|Donphan, F|176\/384 tox
|-damage|p2a: Donphan|152\/384 tox|[from] Stealth Rock
|
|-heal|p1a: Skarmory|30\/333|[from] item: Leftovers
|-damage|p2a: Donphan|128\/384 tox|[from] psn
|turn|7
|
|move|p1a: Skarmory|Roost|p1a: Skarmory
|-heal|p1a: Skarmory|197\/333
|move|p2a: Donphan|Rapid Spin|p1a: Skarmory
|-resisted|p1a: Skarmory
|-damage|p1a: Skarmory|189\/333
|-sideend|p2: Blackfenix19|Stealth Rock|[from] move: Rapid Spin|[of] p2a: Donphan
|
|-heal|p1a: Skarmory|209\/333|[from] item: Leftovers
|-damage|p2a: Donphan|80\/384 tox|[from] psn
|turn|8
|
|move|p1a: Skarmory|Roost|p1a: Skarmory
|-heal|p1a: Skarmory|333\/333
|move|p2a: Donphan|Earthquake|p1a: Skarmory
|-supereffective|p1a: Skarmory
|-damage|p1a: Skarmory|135\/333
|
|-heal|p1a: Skarmory|155\/333|[from] item: Leftovers
|-damage|p2a: Donphan|8\/384 tox|[from] psn
|turn|9
|
|switch|p2a: Beedrill|Beedrill, M|271\/271
|move|p1a: Skarmory|Defog|p2a: Beedrill
|-unboost|p2a: Beedrill|evasion|1
|
|-heal|p1a: Skarmory|175\/333|[from] item: Leftovers
|turn|10
|
|detailschange|p2a: Beedrill|Beedrill-Mega, M
|message|Beedrill has Mega Evolved into Mega Beedrill!
|move|p2a: Beedrill|U-turn|p1a: Skarmory
|-resisted|p1a: Skarmory
|-damage|p1a: Skarmory|150\/333
|
|switch|p2a: Darmanitan|Darmanitan, M|250\/352
|move|p1a: Skarmory|Brave Bird|p2a: Darmanitan
|-damage|p2a: Darmanitan|60\/352
|-damage|p1a: Skarmory|87\/333|[from] recoil|[of] p2a: Darmanitan
|
|-heal|p1a: Skarmory|107\/333|[from] item: Leftovers
|turn|11
|
|switch|p1a: Rotom-Wash|Rotom-Wash|304\/304
|move|p2a: Darmanitan|Flare Blitz|p1a: Rotom-Wash
|-resisted|p1a: Rotom-Wash
|-damage|p1a: Rotom-Wash|150\/304
|-damage|p2a: Darmanitan|9\/352|[from] recoil|[of] p1a: Rotom-Wash
|
|-heal|p1a: Rotom-Wash|169\/304|[from] item: Leftovers
|turn|12
|
|move|p2a: Darmanitan|Flare Blitz|p1a: Rotom-Wash
|-resisted|p1a: Rotom-Wash
|-damage|p1a: Rotom-Wash|26\/304
|-damage|p2a: Darmanitan|0 fnt|[from] recoil|[of] p1a: Rotom-Wash
|faint|p2a: Darmanitan
|move|p1a: Rotom-Wash|Volt Switch|p2: Darmanitan|[notarget]
|-notarget
|
|-heal|p1a: Rotom-Wash|45\/304|[from] item: Leftovers
|
|switch|p2a: Beedrill|Beedrill-Mega, M|271\/271
|turn|13
|
|move|p2a: Beedrill|Fell Stinger|p1a: Rotom-Wash
|-damage|p1a: Rotom-Wash|0 fnt
|-boost|p2a: Beedrill|atk|2
|faint|p1a: Rotom-Wash
|
|
|switch|p1a: Latios|Latios, M|302\/302
|turn|14
|
|move|p1a: Latios|Psyshock|p2a: Beedrill
|-supereffective|p2a: Beedrill
|-damage|p2a: Beedrill|0 fnt
|faint|p2a: Beedrill
|
|
|switch|p2a: Gyarados|Gyarados, M|353\/353
|-ability|p2a: Gyarados|Intimidate|[of] p1a: Latios
|-unboost|p1a: Latios|atk|1
|turn|15
|
|switch|p1a: Skarmory|Skarmory, F, shiny|107\/333
|move|p2a: Gyarados|Dragon Dance|p2a: Gyarados
|-boost|p2a: Gyarados|atk|1
|-boost|p2a: Gyarados|spe|1
|
|-heal|p1a: Skarmory|127\/333|[from] item: Leftovers
|turn|16
|
|move|p2a: Gyarados|Taunt|p1a: Skarmory
|-start|p1a: Skarmory|move: Taunt
|cant|p1a: Skarmory|move: Taunt|Whirlwind
|
|-heal|p1a: Skarmory|147\/333|[from] item: Leftovers
|turn|17
|
|move|p2a: Gyarados|Substitute|p2a: Gyarados
|-start|p2a: Gyarados|Substitute
|-damage|p2a: Gyarados|265\/353
|move|p1a: Skarmory|Brave Bird|p2a: Gyarados
|-end|p2a: Gyarados|Substitute
|-damage|p1a: Skarmory|118\/333|[from] recoil|[of] p2a: Gyarados
|
|-heal|p2a: Gyarados|287\/353|[from] item: Leftovers
|-heal|p1a: Skarmory|138\/333|[from] item: Leftovers
|turn|18
|
|move|p2a: Gyarados|Dragon Dance|p2a: Gyarados
|-boost|p2a: Gyarados|atk|1
|-boost|p2a: Gyarados|spe|1
|move|p1a: Skarmory|Brave Bird|p2a: Gyarados
|-damage|p2a: Gyarados|143\/353
|-damage|p1a: Skarmory|90\/333|[from] recoil|[of] p2a: Gyarados
|
|-heal|p2a: Gyarados|165\/353|[from] item: Leftovers
|-heal|p1a: Skarmory|110\/333|[from] item: Leftovers
|-end|p1a: Skarmory|move: Taunt
|turn|19
|
|move|p2a: Gyarados|Taunt|p1a: Skarmory
|-start|p1a: Skarmory|move: Taunt
|move|p1a: Skarmory|Brave Bird|p2a: Gyarados
|-damage|p2a: Gyarados|27\/353
|-damage|p1a: Skarmory|64\/333|[from] recoil|[of] p2a: Gyarados
|
|-heal|p2a: Gyarados|49\/353|[from] item: Leftovers
|-heal|p1a: Skarmory|84\/333|[from] item: Leftovers
|turn|20
|
|move|p2a: Gyarados|Waterfall|p1a: Skarmory
|-damage|p1a: Skarmory|0 fnt
|faint|p1a: Skarmory
|
|-heal|p2a: Gyarados|71\/353|[from] item: Leftovers
|
|switch|p1a: Latios|Latios, M|302\/302
|turn|21
|
|move|p1a: Latios|Psyshock|p2a: Gyarados
|-damage|p2a: Gyarados|0 fnt
|faint|p2a: Gyarados
|
|
|switch|p2a: Cacturne|Cacturne, F|281\/281
|turn|22
|
|switch|p1a: Gallade|Gallade, M, shiny|277\/277
|move|p2a: Cacturne|Swords Dance|p2a: Cacturne
|-boost|p2a: Cacturne|atk|2
|
|turn|23
|
|detailschange|p1a: Gallade|Gallade-Mega, M, shiny
|message|Gallade has Mega Evolved into Mega Gallade!
|move|p2a: Cacturne|Sucker Punch|p1a: Gallade
|-damage|p1a: Gallade|0 fnt
|-damage|p2a: Cacturne|253\/281|[from] item: Life Orb
|faint|p1a: Gallade
|
|
|switch|p1a: Magnezone|Magnezone|344\/344
|turn|24
|
|move|p2a: Cacturne|Drain Punch|p1a: Magnezone
|-supereffective|p1a: Magnezone
|-activate|p1a: Magnezone|Sturdy
|-damage|p1a: Magnezone|1\/344
|-heal|p2a: Cacturne|281\/281|[from] drain|[of] p1a: Magnezone
|-damage|p2a: Cacturne|253\/281|[from] item: Life Orb
|move|p1a: Magnezone|Hidden Power|p2a: Cacturne
|-supereffective|p2a: Cacturne
|-damage|p2a: Cacturne|0 fnt
|faint|p2a: Cacturne
|
|
|switch|p2a: Donphan|Donphan, F|8\/384 tox
|turn|25
|c|âBlackfenix19|stupid sash
|
|switch|p1a: Latios|Latios, M|302\/302
|move|p2a: Donphan|Ice Shard|p1a: Latios
|-supereffective|p1a: Latios
|-damage|p1a: Latios|180\/302
|
|-damage|p2a: Donphan|0 fnt|[from] psn
|faint|p2a: Donphan
|c|âBlackfenix19|:(
|c|âBlaze Hydra|haha sorry
|
|switch|p2a: Sylveon|Sylveon, F|280\/394
|turn|26
|
|move|p1a: Latios|Psyshock|p2a: Sylveon
|-damage|p2a: Sylveon|66\/394
|move|p2a: Sylveon|Hyper Voice|p1a: Latios
|-supereffective|p1a: Latios
|-damage|p1a: Latios|0 fnt
|faint|p1a: Latios
|
|
|switch|p1a: Magnezone|Magnezone|1\/344
|turn|27
|
|move|p1a: Magnezone|Flash Cannon|p2a: Sylveon
|-supereffective|p2a: Sylveon
|-damage|p2a: Sylveon|0 fnt
|faint|p2a: Sylveon
|
|win|Blaze Hydra
|raw|Ladder updating...
|c|âBlaze Hydra|gg
|c|âBlaze Hydra|wow
|raw|Blaze Hydra's rating: 1367 &rarr; <strong>1385<\/strong><br \/>(+18 for winning)
|raw|Blackfenix19's rating: 1327 &rarr; <strong>1309<\/strong><br \/>(-18 for losing)
|leave|Blackfenix19
|player|p2