|join|FFFruit
|join|Blackfenix19
|player|p1|FFFruit|201
|player|p2|Blackfenix19|170
|gametype|singles
|gen|6
|tier|OU
|rated
|clearpoke
|poke|p1|Skarmory, M
|poke|p1|Rotom-Wash
|poke|p1|Ferrothorn, M
|poke|p1|Dragonite, M
|poke|p1|Latios, M
|poke|p1|Pinsir, M
|poke|p2|Houndoom, F
|poke|p2|Klefki, F
|poke|p2|Leavanny, M
|poke|p2|Greninja, M
|poke|p2|Florges, F
|poke|p2|Skarmory, M
|rule|Swagger Clause: Swagger is banned
|rule|Baton Pass Clause: Limit one PokÃ©mon knowing Baton Pass
|rule|Sleep Clause Mod: Limit one foe put to sleep
|rule|Species Clause: Limit one of each PokÃ©mon
|rule|OHKO Clause: OHKO moves are banned
|rule|Moody Clause: Moody is banned
|rule|Evasion Moves Clause: Evasion moves are banned
|rule|Endless Battle Clause: Forcing endless battles is banned
|rule|HP Percentage Mod: HP is shown in percentages
|teampreview
|
|start
|switch|p1a: Rotom-Wash|Rotom-Wash|303\/303
|switch|p2a: Klefki|Klefki, F|318\/318
|turn|1
|
|move|p2a: Klefki|Sunny Day|p2a: Klefki
|-weather|SunnyDay
|move|p1a: Rotom-Wash|Confuse Ray|p2a: Klefki
|-start|p2a: Klefki|confusion
|
|-weather|SunnyDay|[upkeep]
|turn|2
|
|switch|p2a: Leavanny|Leavanny, M|291\/291
|move|p1a: Rotom-Wash|Substitute|p1a: Rotom-Wash
|-start|p1a: Rotom-Wash|Substitute
|-damage|p1a: Rotom-Wash|228\/303
|
|-weather|SunnyDay|[upkeep]
|-heal|p1a: Rotom-Wash|246\/303|[from] item: Leftovers
|turn|3
|
|move|p2a: Leavanny|Sticky Web|p1a: Rotom-Wash
|-sidestart|p1: FFFruit|move: Sticky Web
|move|p1a: Rotom-Wash|Confuse Ray|p2a: Leavanny
|-start|p2a: Leavanny|confusion
|
|-weather|SunnyDay|[upkeep]
|-heal|p1a: Rotom-Wash|264\/303|[from] item: Leftovers
|turn|4
|
|switch|p2a: Skarmory|Skarmory, M|334\/334
|move|p1a: Rotom-Wash|Will-O-Wisp|p2a: Skarmory
|-status|p2a: Skarmory|brn
|
|-weather|SunnyDay|[upkeep]
|-heal|p1a: Rotom-Wash|282\/303|[from] item: Leftovers
|-damage|p2a: Skarmory|293\/334 brn|[from] brn
|turn|5
|
|move|p1a: Rotom-Wash|Confuse Ray|p2a: Skarmory
|-start|p2a: Skarmory|confusion
|-activate|p2a: Skarmory|confusion
|move|p2a: Skarmory|Stealth Rock|p1a: Rotom-Wash
|-sidestart|p1: FFFruit|move: Stealth Rock
|
|-weather|SunnyDay|[upkeep]
|-heal|p1a: Rotom-Wash|300\/303|[from] item: Leftovers
|-damage|p2a: Skarmory|252\/334 brn|[from] brn
|turn|6
|
|move|p1a: Rotom-Wash|Confuse Ray|p2a: Skarmory
|-fail|p2a: Skarmory
|-end|p2a: Skarmory|confusion
|move|p2a: Skarmory|Whirlwind|p1a: Rotom-Wash
|drag|p1a: Pinsir|Pinsir, M|272\/272
|-damage|p1a: Pinsir|204\/272|[from] Stealth Rock
|-activate|p1a: Pinsir|move: Sticky Web
|-unboost|p1a: Pinsir|spe|1
|
|-weather|SunnyDay|[upkeep]
|-damage|p2a: Skarmory|211\/334 brn|[from] brn
|turn|7
|
|detailschange|p1a: Pinsir|Pinsir-Mega, M
|message|Pinsir has Mega Evolved into Mega Pinsir!
|move|p1a: Pinsir|Swords Dance|p1a: Pinsir
|-boost|p1a: Pinsir|atk|2
|move|p2a: Skarmory|Whirlwind|p1a: Pinsir
|drag|p1a: Latios|Latios, M|302\/302
|-damage|p1a: Latios|265\/302|[from] Stealth Rock
|
|-weather|SunnyDay|[upkeep]
|-damage|p2a: Skarmory|170\/334 brn|[from] brn
|turn|8
|
|switch|p2a: Florges|Florges, F|360\/360
|move|p1a: Latios|Thunderbolt|p2a: Florges
|-damage|p2a: Florges|266\/360
|
|-weather|none
|-heal|p2a: Florges|288\/360|[from] item: Leftovers
|turn|9
|
|switch|p1a: Skarmory|Skarmory, M|334\/334
|-damage|p1a: Skarmory|293\/334|[from] Stealth Rock
|move|p2a: Florges|Aromatherapy|p2a: Florges
|-cureteam|p2a: Florges|[from] move: Aromatherapy
|
|-heal|p2a: Florges|310\/360|[from] item: Leftovers
|-heal|p1a: Skarmory|313\/334|[from] item: Leftovers
|turn|10
|
|switch|p2a: Houndoom|Houndoom, F|291\/291
|move|p1a: Skarmory|Spikes|p2a: Houndoom
|-sidestart|p2: Blackfenix19|Spikes
|
|-heal|p1a: Skarmory|333\/334|[from] item: Leftovers
|turn|11
|
|switch|p1a: Dragonite|Dragonite, M|324\/324
|-damage|p1a: Dragonite|243\/324|[from] Stealth Rock
|detailschange|p2a: Houndoom|Houndoom-Mega, F
|message|Houndoom has Mega Evolved into Mega Houndoom!
|move|p2a: Houndoom|Flamethrower|p1a: Dragonite
|-crit|p1a: Dragonite
|-resisted|p1a: Dragonite
|-damage|p1a: Dragonite|121\/324
|
|turn|12
|
|move|p2a: Houndoom|Dark Pulse|p1a: Dragonite
|-damage|p1a: Dragonite|0 fnt
|faint|p1a: Dragonite
|
|
|switch|p1a: Rotom-Wash|Rotom-Wash|300\/303
|-damage|p1a: Rotom-Wash|263\/303|[from] Stealth Rock
|turn|13
|
|switch|p2a: Florges|Florges, F|310\/360
|-damage|p2a: Florges|265\/360|[from] Spikes
|move|p1a: Rotom-Wash|Confuse Ray|p2a: Florges
|-start|p2a: Florges|confusion
|
|-heal|p1a: Rotom-Wash|281\/303|[from] item: Leftovers
|-heal|p2a: Florges|287\/360|[from] item: Leftovers
|turn|14
|
|move|p1a: Rotom-Wash|Will-O-Wisp|p2a: Florges
|-status|p2a: Florges|brn
|-activate|p2a: Florges|confusion
|move|p2a: Florges|Wish|p2a: Florges
|
|-heal|p1a: Rotom-Wash|299\/303|[from] item: Leftovers
|-heal|p2a: Florges|309\/360 brn|[from] item: Leftovers
|-damage|p2a: Florges|264\/360 brn|[from] brn
|turn|15
|
|switch|p2a: Skarmory|Skarmory, M|170\/334
|move|p1a: Rotom-Wash|Volt Switch|p2a: Skarmory
|-supereffective|p2a: Skarmory
|-damage|p2a: Skarmory|0 fnt
|faint|p2a: Skarmory
|
|switch|p1a: Pinsir|Pinsir-Mega, M|204\/272
|-damage|p1a: Pinsir|68\/272|[from] Stealth Rock
|
|
|switch|p2a: Houndoom|Houndoom-Mega, F|291\/291
|-damage|p2a: Houndoom|255\/291|[from] Spikes
|turn|16
|
|move|p2a: Houndoom|Sucker Punch|p1a: Pinsir
|-damage|p1a: Pinsir|0 fnt
|faint|p1a: Pinsir
|
|
|switch|p1a: Latios|Latios, M|265\/302
|-damage|p1a: Latios|228\/302|[from] Stealth Rock
|turn|17
|
|move|p2a: Houndoom|Sucker Punch|p1a: Latios
|-supereffective|p1a: Latios
|-damage|p1a: Latios|36\/302
|move|p1a: Latios|Draco Meteor|p2a: Houndoom
|-damage|p2a: Houndoom|0 fnt
|-unboost|p1a: Latios|spa|2
|faint|p2a: Houndoom
|
|
|switch|p2a: Leavanny|Leavanny, M|291\/291
|-damage|p2a: Leavanny|255\/291|[from] Spikes
|turn|18
|
|move|p1a: Latios|Draco Meteor|p2a: Leavanny
|-damage|p2a: Leavanny|48\/291
|-unboost|p1a: Latios|spa|2
|move|p2a: Leavanny|Fell Stinger|p1a: Latios
|-supereffective|p1a: Latios
|-damage|p1a: Latios|0 fnt
|-boost|p2a: Leavanny|atk|2
|faint|p1a: Latios
|
|
|switch|p1a: Ferrothorn|Ferrothorn, M|352\/352
|-damage|p1a: Ferrothorn|330\/352|[from] Stealth Rock
|-activate|p1a: Ferrothorn|move: Sticky Web
|-unboost|p1a: Ferrothorn|spe|1
|turn|19
|
|move|p2a: Leavanny|X-Scissor|p1a: Ferrothorn
|-damage|p1a: Ferrothorn|111\/352
|-damage|p2a: Leavanny|12\/291|[from] ability: Iron Barbs|[of] p1a: Ferrothorn
|-damage|p2a: Leavanny|0 fnt|[from] item: Rocky Helmet|[of] p1a: Ferrothorn
|faint|p2a: Leavanny
|move|p1a: Ferrothorn|Stealth Rock|p2: Leavanny
|-sidestart|p2: Blackfenix19|move: Stealth Rock
|
|
|switch|p2a: Greninja|Greninja, M|285\/285
|-damage|p2a: Greninja|250\/285|[from] Stealth Rock
|-damage|p2a: Greninja|215\/285|[from] Spikes
|turn|20
|
|move|p1a: Ferrothorn|Protect|p1a: Ferrothorn
|-singleturn|p1a: Ferrothorn|Protect
|move|p2a: Greninja|Dark Pulse|p1a: Ferrothorn
|-start|p2a: Greninja|typechange|Dark|[from] Protean
|-activate|p1a: Ferrothorn|Protect
|
|turn|21
|
|move|p2a: Greninja|Dark Pulse|p1a: Ferrothorn
|-damage|p1a: Ferrothorn|0 fnt
|-damage|p2a: Greninja|187\/285|[from] item: Life Orb
|faint|p1a: Ferrothorn
|
|
|switch|p1a: Skarmory|Skarmory, M|333\/334
|-damage|p1a: Skarmory|292\/334|[from] Stealth Rock
|turn|22
|
|move|p2a: Greninja|Dark Pulse|p1a: Skarmory
|-damage|p1a: Skarmory|78\/334
|-damage|p2a: Greninja|159\/285|[from] item: Life Orb
|move|p1a: Skarmory|Spikes|p2a: Greninja
|-sidestart|p2: Blackfenix19|Spikes
|
|-heal|p1a: Skarmory|98\/334|[from] item: Leftovers
|turn|23
|
|move|p2a: Greninja|Dark Pulse|p1a: Skarmory
|-damage|p1a: Skarmory|0 fnt
|-damage|p2a: Greninja|131\/285|[from] item: Life Orb
|faint|p1a: Skarmory
|
|
|switch|p1a: Rotom-Wash|Rotom-Wash|299\/303
|-damage|p1a: Rotom-Wash|262\/303|[from] Stealth Rock
|turn|24
|
|move|p2a: Greninja|Dark Pulse|p1a: Rotom-Wash
|-damage|p1a: Rotom-Wash|159\/303
|-damage|p2a: Greninja|103\/285|[from] item: Life Orb
|move|p1a: Rotom-Wash|Confuse Ray|p2a: Greninja
|-start|p2a: Greninja|confusion
|
|-heal|p1a: Rotom-Wash|177\/303|[from] item: Leftovers
|turn|25
|
|-activate|p2a: Greninja|confusion
|move|p2a: Greninja|Dark Pulse|p1a: Rotom-Wash
|-damage|p1a: Rotom-Wash|59\/303
|-damage|p2a: Greninja|75\/285|[from] item: Life Orb
|move|p1a: Rotom-Wash|Will-O-Wisp|p2a: Greninja
|-status|p2a: Greninja|brn
|
|-heal|p1a: Rotom-Wash|77\/303|[from] item: Leftovers
|-damage|p2a: Greninja|40\/285 brn|[from] brn
|turn|26
|
|-activate|p2a: Greninja|confusion
|-damage|p2a: Greninja|17\/285 brn|[from] confusion
|move|p1a: Rotom-Wash|Substitute|p1a: Rotom-Wash
|-start|p1a: Rotom-Wash|Substitute
|-damage|p1a: Rotom-Wash|2\/303
|
|-heal|p1a: Rotom-Wash|20\/303|[from] item: Leftovers
|-damage|p2a: Greninja|0 fnt|[from] brn
|faint|p2a: Greninja
|
|switch|p2a: Florges|Florges, F|264\/360 brn
|-damage|p2a: Florges|219\/360 brn|[from] Stealth Rock
|-damage|p2a: Florges|159\/360 brn|[from] Spikes
|turn|27
|
|move|p1a: Rotom-Wash|Confuse Ray|p2a: Florges
|-start|p2a: Florges|confusion
|-activate|p2a: Florges|confusion
|move|p2a: Florges|Wish|p2a: Florges
|
|-heal|p1a: Rotom-Wash|38\/303|[from] item: Leftovers
|-heal|p2a: Florges|181\/360 brn|[from] item: Leftovers
|-damage|p2a: Florges|136\/360 brn|[from] brn
|turn|28
|
|move|p1a: Rotom-Wash|Volt Switch|p2a: Florges
|-damage|p2a: Florges|84\/360 brn
|-end|p2a: Florges|confusion
|move|p2a: Florges|Aromatherapy|p2a: Florges
|-cureteam|p2a: Florges|[from] move: Aromatherapy
|
|-heal|p2a: Florges|264\/360|[from] move: Wish|[wisher] Florges
|-heal|p1a: Rotom-Wash|56\/303|[from] item: Leftovers
|-heal|p2a: Florges|286\/360|[from] item: Leftovers
|turn|29
|
|move|p1a: Rotom-Wash|Confuse Ray|p2a: Florges
|-start|p2a: Florges|confusion
|-activate|p2a: Florges|confusion
|-damage|p2a: Florges|255\/360|[from] confusion
|
|-heal|p1a: Rotom-Wash|74\/303|[from] item: Leftovers
|-heal|p2a: Florges|277\/360|[from] item: Leftovers
|turn|30
|
|move|p1a: Rotom-Wash|Will-O-Wisp|p2a: Florges|[miss]
|-miss|p1a: Rotom-Wash|p2a: Florges
|-end|p2a: Florges|confusion
|move|p2a: Florges|Wish|p2a: Florges
|
|-heal|p1a: Rotom-Wash|92\/303|[from] item: Leftovers
|-heal|p2a: Florges|299\/360|[from] item: Leftovers
|turn|31
|
|move|p1a: Rotom-Wash|Confuse Ray|p2a: Florges
|-start|p2a: Florges|confusion
|-activate|p2a: Florges|confusion
|-damage|p2a: Florges|272\/360|[from] confusion
|
|-heal|p2a: Florges|360\/360|[from] move: Wish|[wisher] Florges
|-heal|p1a: Rotom-Wash|110\/303|[from] item: Leftovers
|turn|32
|
|move|p1a: Rotom-Wash|Will-O-Wisp|p2a: Florges
|-status|p2a: Florges|brn
|-activate|p2a: Florges|confusion
|-damage|p2a: Florges|346\/360 brn|[from] confusion
|
|-heal|p1a: Rotom-Wash|128\/303|[from] item: Leftovers
|-heal|p2a: Florges|360\/360 brn|[from] item: Leftovers
|-damage|p2a: Florges|315\/360 brn|[from] brn
|turn|33
|
|move|p1a: Rotom-Wash|Volt Switch|p2a: Florges
|-damage|p2a: Florges|261\/360 brn
|-activate|p2a: Florges|confusion
|-damage|p2a: Florges|247\/360 brn|[from] confusion
|
|-heal|p1a: Rotom-Wash|146\/303|[from] item: Leftovers
|-heal|p2a: Florges|269\/360 brn|[from] item: Leftovers
|-damage|p2a: Florges|224\/360 brn|[from] brn
|turn|34
|
|move|p1a: Rotom-Wash|Volt Switch|p2a: Florges
|-damage|p2a: Florges|176\/360 brn
|-activate|p2a: Florges|confusion
|move|p2a: Florges|Wish|p2a: Florges
|
|-heal|p1a: Rotom-Wash|164\/303|[from] item: Leftovers
|-heal|p2a: Florges|198\/360 brn|[from] item: Leftovers
|-damage|p2a: Florges|153\/360 brn|[from] brn
|turn|35
|
|move|p1a: Rotom-Wash|Volt Switch|p2a: Florges
|-damage|p2a: Florges|101\/360 brn
|-end|p2a: Florges|confusion
|move|p2a: Florges|Moonblast|p1a: Rotom-Wash
|-end|p1a: Rotom-Wash|Substitute
|
|-heal|p2a: Florges|281\/360 brn|[from] move: Wish|[wisher] Florges
|-heal|p1a: Rotom-Wash|182\/303|[from] item: Leftovers
|-heal|p2a: Florges|303\/360 brn|[from] item: Leftovers
|-damage|p2a: Florges|258\/360 brn|[from] brn
|turn|36
|
|move|p1a: Rotom-Wash|Confuse Ray|p2a: Florges
|-start|p2a: Florges|confusion
|-activate|p2a: Florges|confusion
|-damage|p2a: Florges|245\/360 brn|[from] confusion
|
|-heal|p1a: Rotom-Wash|200\/303|[from] item: Leftovers
|-heal|p2a: Florges|267\/360 brn|[from] item: Leftovers
|-damage|p2a: Florges|222\/360 brn|[from] brn
|turn|37
|
|move|p1a: Rotom-Wash|Substitute|p1a: Rotom-Wash
|-start|p1a: Rotom-Wash|Substitute
|-damage|p1a: Rotom-Wash|125\/303
|-activate|p2a: Florges|confusion
|-damage|p2a: Florges|208\/360 brn|[from] confusion
|
|-heal|p1a: Rotom-Wash|143\/303|[from] item: Leftovers
|-heal|p2a: Florges|230\/360 brn|[from] item: Leftovers
|-damage|p2a: Florges|185\/360 brn|[from] brn
|turn|38
|
|move|p1a: Rotom-Wash|Volt Switch|p2a: Florges
|-damage|p2a: Florges|139\/360 brn
|-activate|p2a: Florges|confusion
|-damage|p2a: Florges|124\/360 brn|[from] confusion
|
|-heal|p1a: Rotom-Wash|161\/303|[from] item: Leftovers
|-heal|p2a: Florges|146\/360 brn|[from] item: Leftovers
|-damage|p2a: Florges|101\/360 brn|[from] brn
|turn|39
|
|move|p1a: Rotom-Wash|Volt Switch|p2a: Florges
|-crit|p2a: Florges
|-damage|p2a: Florges|26\/360 brn
|-end|p2a: Florges|confusion
|move|p2a: Florges|Wish|p2a: Florges
|
|-heal|p1a: Rotom-Wash|179\/303|[from] item: Leftovers
|-heal|p2a: Florges|48\/360 brn|[from] item: Leftovers
|-damage|p2a: Florges|3\/360 brn|[from] brn
|turn|40
|
|move|p1a: Rotom-Wash|Volt Switch|p2a: Florges
|-damage|p2a: Florges|0 fnt
|faint|p2a: Florges
|
|-heal|p1a: Rotom-Wash|197\/303|[from] item: Leftovers
|
|switch|p2a: Klefki|Klefki, F|318\/318
|-damage|p2a: Klefki|265\/318|[from] Spikes
|-damage|p2a: Klefki|246\/318|[from] Stealth Rock
|turn|41
|
|move|p2a: Klefki|Spikes|p1a: Rotom-Wash
|-sidestart|p1: FFFruit|Spikes
|move|p1a: Rotom-Wash|Confuse Ray|p2a: Klefki
|-start|p2a: Klefki|confusion
|
|-heal|p1a: Rotom-Wash|215\/303|[from] item: Leftovers
|turn|42
|
|-activate|p2a: Klefki|confusion
|-damage|p2a: Klefki|225\/318|[from] confusion
|move|p1a: Rotom-Wash|Will-O-Wisp|p2a: Klefki
|-status|p2a: Klefki|brn
|
|-heal|p1a: Rotom-Wash|233\/303|[from] item: Leftovers
|-damage|p2a: Klefki|186\/318 brn|[from] brn
|turn|43
|
|-activate|p2a: Klefki|confusion
|move|p2a: Klefki|Spikes|p1a: Rotom-Wash
|-sidestart|p1: FFFruit|Spikes
|move|p1a: Rotom-Wash|Volt Switch|p2a: Klefki
|-damage|p2a: Klefki|81\/318 brn
|
|-heal|p1a: Rotom-Wash|251\/303|[from] item: Leftovers
|-damage|p2a: Klefki|42\/318 brn|[from] brn
|turn|44
|
|-activate|p2a: Klefki|confusion
|move|p2a: Klefki|Spikes|p1a: Rotom-Wash
|-sidestart|p1: FFFruit|Spikes
|move|p1a: Rotom-Wash|Volt Switch|p2a: Klefki
|-damage|p2a: Klefki|0 fnt
|faint|p2a: Klefki
|
|win|FFFruit
|raw|Ladder updating...
|raw|FFFruit's rating: 1252 &rarr; <strong>1281<\/strong><br \/>(+29 for winning)
|raw|Blackfenix19's rating: 1310 &rarr; <strong>1286<\/strong><br \/>(-24 for losing)
|leave|Blackfenix19
|player|p2