|join|KeldoStarStudios
|join|Blackfenix19
|player|p1|KeldoStarStudios|43
|player|p2|Blackfenix19|170
|gametype|singles
|gen|6
|tier|OU
|rated
|clearpoke
|poke|p1|Greninja, M
|poke|p1|Excadrill, F
|poke|p1|Tyranitar, M
|poke|p1|Ferrothorn, M
|poke|p1|Talonflame, M
|poke|p1|Thundurus, M
|poke|p2|Crawdaunt, M
|poke|p2|Noivern, F
|poke|p2|Hitmontop, M
|poke|p2|Mamoswine, F
|poke|p2|Ferrothorn, M
|poke|p2|Gardevoir, F
|rule|Swagger Clause: Swagger is banned
|rule|Baton Pass Clause: Limit one PokÃ©mon knowing Baton Pass
|rule|Sleep Clause Mod: Limit one foe put to sleep
|rule|Species Clause: Limit one of each PokÃ©mon
|rule|OHKO Clause: OHKO moves are banned
|rule|Moody Clause: Moody is banned
|rule|Evasion Moves Clause: Evasion moves are banned
|rule|Endless Battle Clause: Forcing endless battles is banned
|rule|HP Percentage Mod: HP is shown in percentages
|teampreview
|
|start
|switch|p1a: Greninja|Greninja, M|286\/286
|switch|p2a: Crawdaunt|Crawdaunt, M|330\/330
|turn|1
|
|switch|p1a: Ferrothorn|Ferrothorn, M|352\/352
|move|p2a: Crawdaunt|Superpower|p1a: Ferrothorn
|-supereffective|p1a: Ferrothorn
|-damage|p1a: Ferrothorn|98\/352
|-damage|p2a: Crawdaunt|289\/330|[from] ability: Iron Barbs|[of] p1a: Ferrothorn
|-damage|p2a: Crawdaunt|234\/330|[from] item: Rocky Helmet|[of] p1a: Ferrothorn
|-unboost|p2a: Crawdaunt|atk|1
|-unboost|p2a: Crawdaunt|def|1
|
|turn|2
|
|move|p2a: Crawdaunt|Superpower|p1a: Ferrothorn
|-supereffective|p1a: Ferrothorn
|-damage|p1a: Ferrothorn|0 fnt
|-damage|p2a: Crawdaunt|193\/330|[from] ability: Iron Barbs|[of] p1a: Ferrothorn
|-damage|p2a: Crawdaunt|138\/330|[from] item: Rocky Helmet|[of] p1a: Ferrothorn
|-unboost|p2a: Crawdaunt|atk|1
|-unboost|p2a: Crawdaunt|def|1
|faint|p1a: Ferrothorn
|
|
|switch|p1a: Tyranitar|Tyranitar, M|404\/404
|-weather|Sandstorm
|turn|3
|
|switch|p2a: Hitmontop|Hitmontop, M|304\/304
|-ability|p2a: Hitmontop|Intimidate|[of] p1a: Tyranitar
|-unboost|p1a: Tyranitar|atk|1
|detailschange|p1a: Tyranitar|Tyranitar-Mega, M
|message|Tyranitar has Mega Evolved into Mega Tyranitar!
|move|p1a: Tyranitar|Rock Slide|p2a: Hitmontop
|-resisted|p2a: Hitmontop
|-damage|p2a: Hitmontop|244\/304
|
|-weather|Sandstorm|[upkeep]
|-damage|p2a: Hitmontop|225\/304|[from] sandstorm
|turn|4
|
|switch|p1a: Talonflame|Talonflame, M|360\/360
|move|p2a: Hitmontop|Close Combat|p1a: Talonflame
|-resisted|p1a: Talonflame
|-damage|p1a: Talonflame|228\/360
|-unboost|p2a: Hitmontop|def|1
|-unboost|p2a: Hitmontop|spd|1
|
|-weather|Sandstorm|[upkeep]
|-damage|p1a: Talonflame|206\/360|[from] sandstorm
|-damage|p2a: Hitmontop|206\/304|[from] sandstorm
|-heal|p1a: Talonflame|228\/360|[from] item: Leftovers
|turn|5
|
|switch|p2a: Ferrothorn|Ferrothorn, M|352\/352
|move|p1a: Talonflame|Will-O-Wisp|p2a: Ferrothorn|[miss]
|-miss|p1a: Talonflame|p2a: Ferrothorn
|
|-weather|Sandstorm|[upkeep]
|-damage|p1a: Talonflame|206\/360|[from] sandstorm
|-heal|p1a: Talonflame|228\/360|[from] item: Leftovers
|turn|6
|
|move|p1a: Talonflame|Taunt|p2a: Ferrothorn
|-start|p2a: Ferrothorn|move: Taunt
|cant|p2a: Ferrothorn|move: Taunt|Thunder Wave
|
|-weather|Sandstorm|[upkeep]
|-damage|p1a: Talonflame|206\/360|[from] sandstorm
|-heal|p1a: Talonflame|228\/360|[from] item: Leftovers
|turn|7
|
|switch|p2a: Mamoswine|Mamoswine, F|362\/362
|move|p1a: Talonflame|Will-O-Wisp|p2a: Mamoswine
|-status|p2a: Mamoswine|brn
|
|-weather|none
|-heal|p1a: Talonflame|250\/360|[from] item: Leftovers
|-damage|p2a: Mamoswine|317\/362 brn|[from] brn
|turn|8
|
|move|p1a: Talonflame|Roost|p1a: Talonflame
|-heal|p1a: Talonflame|360\/360
|move|p2a: Mamoswine|Stealth Rock|p1a: Talonflame
|-sidestart|p1: KeldoStarStudios|move: Stealth Rock
|
|-damage|p2a: Mamoswine|272\/362 brn|[from] brn
|turn|9
|
|move|p1a: Talonflame|Brave Bird|p2a: Mamoswine
|-crit|p2a: Mamoswine
|-damage|p2a: Mamoswine|44\/362 brn
|-damage|p1a: Talonflame|285\/360|[from] recoil|[of] p2a: Mamoswine
|move|p2a: Mamoswine|Icicle Crash|p1a: Talonflame
|-damage|p1a: Talonflame|171\/360
|
|-heal|p1a: Talonflame|193\/360|[from] item: Leftovers
|-damage|p2a: Mamoswine|0 fnt|[from] brn
|faint|p2a: Mamoswine
|
|switch|p2a: Noivern|Noivern, F|311\/311
|turn|10
|
|move|p1a: Talonflame|Roost|p1a: Talonflame
|-heal|p1a: Talonflame|360\/360
|move|p2a: Noivern|Draco Meteor|p1a: Talonflame
|-crit|p1a: Talonflame
|-damage|p1a: Talonflame|48\/360
|-unboost|p2a: Noivern|spa|2
|-damage|p2a: Noivern|280\/311|[from] item: Life Orb
|
|-heal|p1a: Talonflame|70\/360|[from] item: Leftovers
|turn|11
|
|move|p1a: Talonflame|Roost|p1a: Talonflame
|-heal|p1a: Talonflame|250\/360
|move|p2a: Noivern|Draco Meteor|p1a: Talonflame
|-damage|p1a: Talonflame|132\/360
|-unboost|p2a: Noivern|spa|2
|-damage|p2a: Noivern|249\/311|[from] item: Life Orb
|
|-heal|p1a: Talonflame|154\/360|[from] item: Leftovers
|turn|12
|
|switch|p2a: Hitmontop|Hitmontop, M|206\/304
|-ability|p2a: Hitmontop|Intimidate|[of] p1a: Talonflame
|-unboost|p1a: Talonflame|atk|1
|move|p1a: Talonflame|Will-O-Wisp|p2a: Hitmontop
|-status|p2a: Hitmontop|brn
|
|-heal|p1a: Talonflame|176\/360|[from] item: Leftovers
|-damage|p2a: Hitmontop|168\/304 brn|[from] brn
|turn|13
|
|switch|p2a: Crawdaunt|Crawdaunt, M|138\/330
|move|p1a: Talonflame|Roost|p1a: Talonflame
|-heal|p1a: Talonflame|356\/360
|
|-heal|p1a: Talonflame|360\/360|[from] item: Leftovers
|turn|14
|
|switch|p1a: Thundurus|Thundurus, M|300\/300
|-damage|p1a: Thundurus|225\/300|[from] Stealth Rock
|move|p2a: Crawdaunt|Waterfall|p1a: Thundurus
|-damage|p1a: Thundurus|0 fnt
|faint|p1a: Thundurus
|
|
|switch|p1a: Tyranitar|Tyranitar-Mega, M|404\/404
|-damage|p1a: Tyranitar|354\/404|[from] Stealth Rock
|-weather|Sandstorm
|turn|15
|
|switch|p2a: Hitmontop|Hitmontop, M|168\/304 brn
|-ability|p2a: Hitmontop|Intimidate|[of] p1a: Tyranitar
|-unboost|p1a: Tyranitar|atk|1
|move|p1a: Tyranitar|Rock Slide|p2a: Hitmontop
|-resisted|p2a: Hitmontop
|-damage|p2a: Hitmontop|108\/304 brn
|
|-weather|Sandstorm|[upkeep]
|-damage|p2a: Hitmontop|89\/304 brn|[from] sandstorm
|-damage|p2a: Hitmontop|51\/304 brn|[from] brn
|turn|16
|
|switch|p1a: Excadrill|Excadrill, F|362\/362
|-damage|p1a: Excadrill|351\/362|[from] Stealth Rock
|-ability|p1a: Excadrill|Mold Breaker
|move|p2a: Hitmontop|Close Combat|p1a: Excadrill
|-supereffective|p1a: Excadrill
|-damage|p1a: Excadrill|51\/362
|-unboost|p2a: Hitmontop|def|1
|-unboost|p2a: Hitmontop|spd|1
|
|-weather|Sandstorm|[upkeep]
|-damage|p2a: Hitmontop|32\/304 brn|[from] sandstorm
|-damage|p2a: Hitmontop|0 fnt|[from] brn
|faint|p2a: Hitmontop
|
|switch|p2a: Crawdaunt|Crawdaunt, M|138\/330
|turn|17
|
|move|p2a: Crawdaunt|Aqua Jet|p1a: Excadrill
|-supereffective|p1a: Excadrill
|-damage|p1a: Excadrill|0 fnt
|faint|p1a: Excadrill
|
|-weather|Sandstorm|[upkeep]
|-damage|p2a: Crawdaunt|118\/330|[from] sandstorm
|
|switch|p1a: Talonflame|Talonflame, M|360\/360
|-damage|p1a: Talonflame|180\/360|[from] Stealth Rock
|turn|18
|
|move|p1a: Talonflame|Brave Bird|p2a: Crawdaunt
|-damage|p2a: Crawdaunt|0 fnt
|-damage|p1a: Talonflame|141\/360|[from] recoil|[of] p2a: Crawdaunt
|faint|p2a: Crawdaunt
|
|-weather|Sandstorm|[upkeep]
|-damage|p1a: Talonflame|119\/360|[from] sandstorm
|-heal|p1a: Talonflame|141\/360|[from] item: Leftovers
|
|switch|p2a: Noivern|Noivern, F|249\/311
|turn|19
|
|move|p1a: Talonflame|Roost|p1a: Talonflame
|-heal|p1a: Talonflame|321\/360
|move|p2a: Noivern|Draco Meteor|p1a: Talonflame
|-damage|p1a: Talonflame|110\/360
|-unboost|p2a: Noivern|spa|2
|-damage|p2a: Noivern|218\/311|[from] item: Life Orb
|
|-weather|none
|-heal|p1a: Talonflame|132\/360|[from] item: Leftovers
|turn|20
|
|switch|p2a: Gardevoir|Gardevoir, F|340\/340
|-ability|p2a: Gardevoir|Gale Wings|[from] ability: Trace|[of] p1a: Talonflame
|move|p1a: Talonflame|Roost|p1a: Talonflame
|-heal|p1a: Talonflame|312\/360
|
|-heal|p1a: Talonflame|334\/360|[from] item: Leftovers
|turn|21
|
|detailschange|p2a: Gardevoir|Gardevoir-Mega, F
|message|Gardevoir has Mega Evolved into Mega Gardevoir!
|move|p1a: Talonflame|Will-O-Wisp|p2a: Gardevoir
|-status|p2a: Gardevoir|brn
|move|p2a: Gardevoir|Psyshock|p1a: Talonflame
|-damage|p1a: Talonflame|127\/360
|
|-heal|p1a: Talonflame|149\/360|[from] item: Leftovers
|-damage|p2a: Gardevoir|298\/340 brn|[from] brn
|turn|22
|c|âBlackfenix19|bulky talon flame
|c|âBlackfenix19|wtf
|
|move|p1a: Talonflame|Roost|p1a: Talonflame
|-heal|p1a: Talonflame|329\/360
|move|p2a: Gardevoir|Psyshock|p1a: Talonflame
|-damage|p1a: Talonflame|134\/360
|
|-heal|p1a: Talonflame|156\/360|[from] item: Leftovers
|-damage|p2a: Gardevoir|256\/340 brn|[from] brn
|turn|23
|
|move|p1a: Talonflame|Roost|p1a: Talonflame
|-heal|p1a: Talonflame|336\/360
|move|p2a: Gardevoir|Calm Mind|p2a: Gardevoir
|-boost|p2a: Gardevoir|spa|1
|-boost|p2a: Gardevoir|spd|1
|
|-heal|p1a: Talonflame|358\/360|[from] item: Leftovers
|-damage|p2a: Gardevoir|214\/340 brn|[from] brn
|turn|24
|
|switch|p1a: Tyranitar|Tyranitar-Mega, M|354\/404
|-damage|p1a: Tyranitar|304\/404|[from] Stealth Rock
|-weather|Sandstorm
|move|p2a: Gardevoir|Psyshock|p1a: Tyranitar
|-immune|p1a: Tyranitar|[msg]
|
|-weather|Sandstorm|[upkeep]
|-damage|p2a: Gardevoir|193\/340 brn|[from] sandstorm
|-damage|p2a: Gardevoir|151\/340 brn|[from] brn
|turn|25
|
|move|p2a: Gardevoir|Hyper Voice|p1a: Tyranitar
|-supereffective|p1a: Tyranitar
|-damage|p1a: Tyranitar|0 fnt
|faint|p1a: Tyranitar
|
|-weather|Sandstorm|[upkeep]
|-damage|p2a: Gardevoir|130\/340 brn|[from] sandstorm
|-damage|p2a: Gardevoir|88\/340 brn|[from] brn
|
|switch|p1a: Talonflame|Talonflame, M|358\/360
|-damage|p1a: Talonflame|178\/360|[from] Stealth Rock
|turn|26
|
|move|p1a: Talonflame|Brave Bird|p2a: Gardevoir
|-damage|p2a: Gardevoir|0 fnt
|-damage|p1a: Talonflame|149\/360|[from] recoil|[of] p2a: Gardevoir
|faint|p2a: Gardevoir
|
|-weather|Sandstorm|[upkeep]
|-damage|p1a: Talonflame|127\/360|[from] sandstorm
|-heal|p1a: Talonflame|149\/360|[from] item: Leftovers
|
|switch|p2a: Ferrothorn|Ferrothorn, M|352\/352
|turn|27
|
|move|p1a: Talonflame|Taunt|p2a: Ferrothorn
|-start|p2a: Ferrothorn|move: Taunt
|move|p2a: Ferrothorn|Iron Head|p1a: Talonflame
|-resisted|p1a: Talonflame
|-damage|p1a: Talonflame|67\/360
|
|-weather|Sandstorm|[upkeep]
|-damage|p1a: Talonflame|45\/360|[from] sandstorm
|-heal|p1a: Talonflame|67\/360|[from] item: Leftovers
|turn|28
|
|switch|p2a: Noivern|Noivern, F|218\/311
|move|p1a: Talonflame|Roost|p1a: Talonflame
|-heal|p1a: Talonflame|247\/360
|
|-weather|none
|-heal|p1a: Talonflame|269\/360|[from] item: Leftovers
|turn|29
|c|âBlackfenix19|!data talonflame
|c|~|\/data-pokemon Talonflame

|
|move|p2a: Noivern|Air Slash|p1a: Talonflame
|-damage|p1a: Talonflame|131\/360
|-damage|p2a: Noivern|187\/311|[from] item: Life Orb
|move|p1a: Talonflame|Will-O-Wisp|p2a: Noivern
|-status|p2a: Noivern|brn
|
|-heal|p1a: Talonflame|153\/360|[from] item: Leftovers
|-damage|p2a: Noivern|149\/311 brn|[from] brn
|turn|30
|
|move|p1a: Talonflame|Roost|p1a: Talonflame
|-heal|p1a: Talonflame|333\/360
|move|p2a: Noivern|Draco Meteor|p1a: Talonflame
|-damage|p1a: Talonflame|106\/360
|-unboost|p2a: Noivern|spa|2
|-damage|p2a: Noivern|118\/311 brn|[from] item: Life Orb
|
|-heal|p1a: Talonflame|128\/360|[from] item: Leftovers
|-damage|p2a: Noivern|80\/311 brn|[from] brn
|turn|31
|c|âBlackfenix19|how does he survive a draco meteor
|
|move|p1a: Talonflame|Roost|p1a: Talonflame
|-heal|p1a: Talonflame|308\/360
|move|p2a: Noivern|Draco Meteor|p1a: Talonflame
|-damage|p1a: Talonflame|201\/360
|-unboost|p2a: Noivern|spa|2
|-damage|p2a: Noivern|49\/311 brn|[from] item: Life Orb
|
|-heal|p1a: Talonflame|223\/360|[from] item: Leftovers
|-damage|p2a: Noivern|11\/311 brn|[from] brn
|turn|32
|-message|Blackfenix19 forfeited.
|
|win|KeldoStarStudios
|raw|Ladder updating...
|leave|Blackfenix19
|player|p2
|raw|KeldoStarStudios's rating: 1461 &rarr; <strong>1483<\/strong><br \/>(+22 for winning)
|raw|Blackfenix19's rating: 1494 &rarr; <strong>1472<\/strong><br \/>(-22 for losing)