|join|Blackfenix19
|join|KillerX_2012
|player|p1|Blackfenix19|101
|player|p2|KillerX_2012|102
|gametype|singles
|gen|6
|tier|OU
|rated
|clearpoke
|poke|p1|Lopunny, M
|poke|p1|Heracross, F
|poke|p1|Excadrill, M
|poke|p1|Infernape, M
|poke|p1|Slowbro, M
|poke|p1|Sylveon, F
|poke|p2|Greninja, M
|poke|p2|Hippowdon, M
|poke|p2|Excadrill, M
|poke|p2|Talonflame, M
|poke|p2|Rotom-Wash
|poke|p2|Magnezone
|rule|Swagger Clause: Swagger is banned
|rule|Baton Pass Clause: Limit one PokÃ©mon knowing Baton Pass
|rule|Sleep Clause Mod: Limit one foe put to sleep
|rule|Species Clause: Limit one of each PokÃ©mon
|rule|OHKO Clause: OHKO moves are banned
|rule|Moody Clause: Moody is banned
|rule|Evasion Moves Clause: Evasion moves are banned
|rule|Endless Battle Clause: Forcing endless battles is banned
|rule|HP Percentage Mod: HP is shown in percentages
|teampreview
|
|start
|switch|p1a: Infernape|Infernape, M|293\/293
|switch|p2a: Hippowdon|Hippowdon, M|420\/420
|-weather|Sandstorm
|turn|1
|
|move|p1a: Infernape|Taunt|p2a: Hippowdon
|-start|p2a: Hippowdon|move: Taunt
|move|p2a: Hippowdon|Earthquake|p1a: Infernape
|-supereffective|p1a: Infernape
|-enditem|p1a: Infernape|Focus Sash
|-damage|p1a: Infernape|1\/293
|
|-weather|Sandstorm|[upkeep]
|-damage|p1a: Infernape|0 fnt|[from] sandstorm
|faint|p1a: Infernape
|
|switch|p1a: Slowbro|Slowbro, M|394\/394
|turn|2
|
|switch|p2a: Magnezone|Magnezone|281\/281
|move|p1a: Slowbro|Scald|p2a: Magnezone
|-damage|p2a: Magnezone|148\/281
|
|-weather|Sandstorm|[upkeep]
|-damage|p1a: Slowbro|370\/394|[from] sandstorm
|turn|3
|
|move|p2a: Magnezone|Thunderbolt|p1a: Slowbro
|-supereffective|p1a: Slowbro
|-damage|p1a: Slowbro|130\/394
|move|p1a: Slowbro|Flamethrower|p2a: Magnezone
|-supereffective|p2a: Magnezone
|-damage|p2a: Magnezone|0 fnt
|faint|p2a: Magnezone
|
|-weather|Sandstorm|[upkeep]
|-damage|p1a: Slowbro|106\/394|[from] sandstorm
|
|switch|p2a: Rotom-Wash|Rotom-Wash|304\/304
|turn|4
|
|switch|p1a: Sylveon|Sylveon, F|394\/394
|move|p2a: Rotom-Wash|Volt Switch|p1a: Sylveon
|-damage|p1a: Sylveon|298\/394
|
|switch|p2a: Talonflame|Talonflame, M|333\/333
|
|-weather|Sandstorm|[upkeep]
|-damage|p2a: Talonflame|313\/333|[from] sandstorm
|-damage|p1a: Sylveon|274\/394|[from] sandstorm
|turn|5
|
|move|p2a: Talonflame|Brave Bird|p1a: Sylveon
|-damage|p1a: Sylveon|0 fnt
|-damage|p2a: Talonflame|223\/333|[from] recoil|[of] p1a: Sylveon
|faint|p1a: Sylveon
|
|-weather|Sandstorm|[upkeep]
|-damage|p2a: Talonflame|203\/333|[from] sandstorm
|
|switch|p1a: Slowbro|Slowbro, M|237\/394
|turn|6
|
|move|p2a: Talonflame|Brave Bird|p1a: Slowbro
|-damage|p1a: Slowbro|0 fnt
|-damage|p2a: Talonflame|125\/333|[from] recoil|[of] p1a: Slowbro
|faint|p1a: Slowbro
|
|-weather|Sandstorm|[upkeep]
|-damage|p2a: Talonflame|105\/333|[from] sandstorm
|c|âBlackfenix19|lol
|c|âBlackfenix19|how?
|c|âBlackfenix19|full defense
|c|âBlackfenix19|dafuq
|
|switch|p1a: Excadrill|Excadrill, M|361\/361
|-ability|p1a: Excadrill|Mold Breaker
|-item|p1a: Excadrill|Air Balloon
|turn|7
|
|switch|p2a: Hippowdon|Hippowdon, M|420\/420
|move|p1a: Excadrill|Rock Slide|p2a: Hippowdon
|-resisted|p2a: Hippowdon
|-damage|p2a: Hippowdon|390\/420
|
|-weather|Sandstorm|[upkeep]
|turn|8
|
|move|p1a: Excadrill|Earthquake|p2a: Hippowdon
|-damage|p2a: Hippowdon|252\/420
|move|p2a: Hippowdon|Stone Edge|p1a: Excadrill
|-resisted|p1a: Excadrill
|-damage|p1a: Excadrill|328\/361
|-enditem|p1a: Excadrill|Air Balloon
|
|-weather|none
|turn|9
|
|switch|p1a: Heracross|Heracross, F|301\/301
|move|p2a: Hippowdon|Earthquake|p1a: Heracross
|-resisted|p1a: Heracross
|-damage|p1a: Heracross|215\/301
|
|turn|10
|
|move|p1a: Heracross|Stone Edge|p2a: Hippowdon
|-resisted|p2a: Hippowdon
|-damage|p2a: Hippowdon|214\/420
|move|p2a: Hippowdon|Slack Off|p2a: Hippowdon
|-heal|p2a: Hippowdon|420\/420
|
|turn|11
|
|switch|p1a: Lopunny|Lopunny, M|271\/271
|move|p2a: Hippowdon|Stone Edge|p1a: Lopunny
|-damage|p1a: Lopunny|178\/271
|
|turn|12
|
|detailschange|p1a: Lopunny|Lopunny-Mega, M
|message|Lopunny has Mega Evolved into Mega Lopunny!
|move|p1a: Lopunny|Drain Punch|p2a: Hippowdon
|-damage|p2a: Hippowdon|341\/420
|-heal|p1a: Lopunny|218\/271|[from] drain|[of] p2a: Hippowdon
|move|p2a: Hippowdon|Earthquake|p1a: Lopunny
|-damage|p1a: Lopunny|76\/271
|
|turn|13
|
|move|p1a: Lopunny|High Jump Kick|p2a: Hippowdon
|-damage|p2a: Hippowdon|191\/420
|move|p2a: Hippowdon|Earthquake|p1a: Lopunny
|-damage|p1a: Lopunny|0 fnt
|faint|p1a: Lopunny
|
|
|switch|p1a: Heracross|Heracross, F|215\/301
|turn|14
|
|move|p1a: Heracross|Close Combat|p2a: Hippowdon
|-damage|p2a: Hippowdon|53\/420
|-unboost|p1a: Heracross|def|1
|-unboost|p1a: Heracross|spd|1
|move|p2a: Hippowdon|Slack Off|p2a: Hippowdon
|-heal|p2a: Hippowdon|263\/420
|
|turn|15
|
|move|p1a: Heracross|Close Combat|p2a: Hippowdon
|-damage|p2a: Hippowdon|116\/420
|-unboost|p1a: Heracross|def|1
|-unboost|p1a: Heracross|spd|1
|move|p2a: Hippowdon|Earthquake|p1a: Heracross
|-resisted|p1a: Heracross
|-damage|p1a: Heracross|58\/301
|
|turn|16
|
|move|p1a: Heracross|Close Combat|p2a: Hippowdon
|-damage|p2a: Hippowdon|0 fnt
|-unboost|p1a: Heracross|def|1
|-unboost|p1a: Heracross|spd|1
|faint|p2a: Hippowdon
|
|
|switch|p2a: Greninja|Greninja, M|285\/285
|turn|17
|
|move|p1a: Heracross|Close Combat|p2a: Greninja
|-supereffective|p2a: Greninja
|-damage|p2a: Greninja|0 fnt
|-unboost|p1a: Heracross|def|1
|-unboost|p1a: Heracross|spd|1
|faint|p2a: Greninja
|
|
|switch|p2a: Talonflame|Talonflame, M|105\/333
|turn|18
|
|switch|p1a: Excadrill|Excadrill, M|328\/361
|-ability|p1a: Excadrill|Mold Breaker
|move|p2a: Talonflame|Brave Bird|p1a: Excadrill
|-resisted|p1a: Excadrill
|-damage|p1a: Excadrill|124\/361
|-damage|p2a: Talonflame|38\/333|[from] recoil|[of] p1a: Excadrill
|
|turn|19
|
|switch|p2a: Rotom-Wash|Rotom-Wash|304\/304
|move|p1a: Excadrill|Rock Slide|p2a: Rotom-Wash
|-damage|p2a: Rotom-Wash|209\/304
|
|turn|20
|
|move|p1a: Excadrill|Earthquake|p2a: Rotom-Wash
|-crit|p2a: Rotom-Wash
|-supereffective|p2a: Rotom-Wash
|-damage|p2a: Rotom-Wash|0 fnt
|faint|p2a: Rotom-Wash
|
|
|switch|p2a: Excadrill|Excadrill, M|362\/362
|turn|21
|
|move|p2a: Excadrill|Earthquake|p1a: Excadrill
|-supereffective|p1a: Excadrill
|-damage|p1a: Excadrill|0 fnt
|-damage|p2a: Excadrill|326\/362|[from] item: Life Orb
|faint|p1a: Excadrill
|
|
|switch|p1a: Heracross|Heracross, F|58\/301
|turn|22
|c|âBlackfenix19|gg
|
|move|p1a: Heracross|Close Combat|p2a: Excadrill
|-supereffective|p2a: Excadrill
|-damage|p2a: Excadrill|0 fnt
|-unboost|p1a: Heracross|def|1
|-unboost|p1a: Heracross|spd|1
|faint|p2a: Excadrill
|
|
|switch|p2a: Talonflame|Talonflame, M|38\/333
|turn|23
|c|âKillerX_2012|talonflame was banded
|c|âKillerX_2012|gg
|
|move|p2a: Talonflame|Aerial Ace|p1a: Heracross
|-crit|p1a: Heracross
|-supereffective|p1a: Heracross
|-damage|p1a: Heracross|0 fnt
|faint|p1a: Heracross
|
|win|KillerX_2012
|raw|Ladder updating...
|c|âBlackfenix19|lol
|c|âBlackfenix19|XD
|leave|Blackfenix19
|player|p1
|raw|Ladder (probably) updated, but score could not be retrieved (timeout).
|raw|Ladder (probably) updated, but score could not be retrieved (Error: socket hang up).