|join|Blackfenix19
|join|essoh
|player|p1|Blackfenix19|266
|player|p2|essoh|277
|gametype|singles
|gen|6
|tier|OU
|rated
|clearpoke
|poke|p1|Seismitoad, F
|poke|p1|Noivern, M
|poke|p1|Hitmontop, M
|poke|p1|Mamoswine, F
|poke|p1|Ferrothorn, M
|poke|p1|Gardevoir, F
|poke|p2|Porygon2, shiny
|poke|p2|Hitmontop, M, shiny
|poke|p2|Clefable, F
|poke|p2|Skarmory, M
|poke|p2|Milotic, F, shiny
|poke|p2|Garchomp, F
|rule|Swagger Clause: Swagger is banned
|rule|Baton Pass Clause: Limit one PokÃ©mon knowing Baton Pass
|rule|Sleep Clause Mod: Limit one foe put to sleep
|rule|Species Clause: Limit one of each PokÃ©mon
|rule|OHKO Clause: OHKO moves are banned
|rule|Moody Clause: Moody is banned
|rule|Evasion Moves Clause: Evasion moves are banned
|rule|Endless Battle Clause: Forcing endless battles is banned
|rule|HP Percentage Mod: HP is shown in percentages
|teampreview
|
|start
|switch|p1a: Noivern|Noivern, M|311\/311
|switch|p2a: Porygon2|Porygon2, shiny|374\/374
|-ability|p2a: Porygon2|Infiltrator|[from] ability: Trace|[of] p1a: Noivern
|turn|1
|
|move|p1a: Noivern|U-turn|p2a: Porygon2
|-damage|p2a: Porygon2|342\/374
|-damage|p1a: Noivern|280\/311|[from] item: Life Orb
|
|switch|p1a: Ferrothorn|Ferrothorn, M|352\/352
|move|p2a: Porygon2|Ice Beam|p1a: Ferrothorn
|-damage|p1a: Ferrothorn|283\/352
|-status|p1a: Ferrothorn|frz
|
|-heal|p1a: Ferrothorn|305\/352 frz|[from] item: Leftovers
|turn|2
|
|switch|p2a: Clefable|Clefable, F|394\/394
|cant|p1a: Ferrothorn|frz
|
|-heal|p1a: Ferrothorn|327\/352 frz|[from] item: Leftovers
|turn|3
|
|switch|p1a: Gardevoir|Gardevoir, F|340\/340
|-ability|p1a: Gardevoir|Magic Guard|[from] ability: Trace|[of] p2a: Clefable
|move|p2a: Clefable|Calm Mind|p2a: Clefable
|-boost|p2a: Clefable|spa|1
|-boost|p2a: Clefable|spd|1
|
|turn|4
|
|detailschange|p1a: Gardevoir|Gardevoir-Mega, F
|message|Gardevoir has Mega Evolved into Mega Gardevoir!
|move|p1a: Gardevoir|Calm Mind|p1a: Gardevoir
|-boost|p1a: Gardevoir|spa|1
|-boost|p1a: Gardevoir|spd|1
|move|p2a: Clefable|Calm Mind|p2a: Clefable
|-boost|p2a: Clefable|spa|1
|-boost|p2a: Clefable|spd|1
|
|turn|5
|
|move|p1a: Gardevoir|Calm Mind|p1a: Gardevoir
|-boost|p1a: Gardevoir|spa|1
|-boost|p1a: Gardevoir|spd|1
|move|p2a: Clefable|Moonblast|p1a: Gardevoir
|-damage|p1a: Gardevoir|256\/340
|
|turn|6
|
|move|p1a: Gardevoir|Calm Mind|p1a: Gardevoir
|-boost|p1a: Gardevoir|spa|1
|-boost|p1a: Gardevoir|spd|1
|move|p2a: Clefable|Moonblast|p1a: Gardevoir
|-damage|p1a: Gardevoir|187\/340
|-unboost|p1a: Gardevoir|spa|1
|
|turn|7
|
|move|p1a: Gardevoir|Calm Mind|p1a: Gardevoir
|-boost|p1a: Gardevoir|spa|1
|-boost|p1a: Gardevoir|spd|1
|move|p2a: Clefable|Moonblast|p1a: Gardevoir
|-damage|p1a: Gardevoir|135\/340
|-unboost|p1a: Gardevoir|spa|1
|
|turn|8
|
|move|p1a: Gardevoir|Psyshock|p2a: Clefable
|-damage|p2a: Clefable|159\/394
|move|p2a: Clefable|Moonblast|p1a: Gardevoir
|-damage|p1a: Gardevoir|77\/340
|-unboost|p1a: Gardevoir|spa|1
|
|-heal|p2a: Clefable|183\/394|[from] item: Leftovers
|turn|9
|
|move|p1a: Gardevoir|Psyshock|p2a: Clefable
|-damage|p2a: Clefable|0 fnt
|faint|p2a: Clefable
|
|
|switch|p2a: Garchomp|Garchomp, F|358\/358
|turn|10
|
|move|p2a: Garchomp|Earthquake|p1a: Gardevoir
|-damage|p1a: Gardevoir|0 fnt
|faint|p1a: Gardevoir
|
|
|switch|p1a: Noivern|Noivern, M|280\/311
|turn|11
|
|switch|p2a: Porygon2|Porygon2, shiny|342\/374
|-ability|p2a: Porygon2|Infiltrator|[from] ability: Trace|[of] p1a: Noivern
|move|p1a: Noivern|Draco Meteor|p2a: Porygon2
|-damage|p2a: Porygon2|198\/374
|-unboost|p1a: Noivern|spa|2
|-damage|p1a: Noivern|249\/311|[from] item: Life Orb
|
|turn|12
|
|switch|p1a: Seismitoad|Seismitoad, F|352\/352
|move|p2a: Porygon2|Thunder Wave|p1a: Seismitoad
|-immune|p1a: Seismitoad|[msg]
|
|turn|13
|
|move|p1a: Seismitoad|Power-Up Punch|p2a: Porygon2
|-supereffective|p2a: Porygon2
|-damage|p2a: Porygon2|134\/374
|-boost|p1a: Seismitoad|atk|1
|move|p2a: Porygon2|Recover|p2a: Porygon2
|-heal|p2a: Porygon2|321\/374
|
|turn|14
|
|switch|p2a: Skarmory|Skarmory, M|334\/334
|move|p1a: Seismitoad|Power-Up Punch|p2a: Skarmory
|-damage|p2a: Skarmory|298\/334
|-damage|p1a: Seismitoad|294\/352|[from] item: Rocky Helmet|[of] p2a: Skarmory
|-boost|p1a: Seismitoad|atk|1
|
|turn|15
|
|move|p1a: Seismitoad|Rock Tomb|p2a: Skarmory
|-damage|p2a: Skarmory|223\/334
|-unboost|p2a: Skarmory|spe|1
|move|p2a: Skarmory|Whirlwind|p1a: Seismitoad
|drag|p1a: Mamoswine|Mamoswine, F|362\/362
|
|turn|16
|
|switch|p2a: Porygon2|Porygon2, shiny|321\/374
|-ability|p2a: Porygon2|Thick Fat|[from] ability: Trace|[of] p1a: Mamoswine
|move|p1a: Mamoswine|Stealth Rock|p2a: Porygon2
|-sidestart|p2: essoh|move: Stealth Rock
|
|turn|17
|
|switch|p1a: Ferrothorn|Ferrothorn, M|327\/352 frz
|move|p2a: Porygon2|Tri Attack|p1a: Ferrothorn
|-resisted|p1a: Ferrothorn
|-damage|p1a: Ferrothorn|282\/352 frz
|
|-heal|p1a: Ferrothorn|304\/352 frz|[from] item: Leftovers
|turn|18
|
|switch|p2a: Hitmontop|Hitmontop, M, shiny|242\/242
|-damage|p2a: Hitmontop|227\/242|[from] Stealth Rock
|cant|p1a: Ferrothorn|frz
|
|-heal|p1a: Ferrothorn|326\/352 frz|[from] item: Leftovers
|turn|19
|
|move|p2a: Hitmontop|Rapid Spin|p1a: Ferrothorn
|-resisted|p1a: Ferrothorn
|-damage|p1a: Ferrothorn|317\/352 frz
|-damage|p2a: Hitmontop|197\/242|[from] ability: Iron Barbs|[of] p1a: Ferrothorn
|-sideend|p2: essoh|Stealth Rock|[from] move: Rapid Spin|[of] p2a: Hitmontop
|cant|p1a: Ferrothorn|frz
|
|-heal|p1a: Ferrothorn|339\/352 frz|[from] item: Leftovers
|turn|20
|
|move|p2a: Hitmontop|High Jump Kick|p1a: Ferrothorn
|-supereffective|p1a: Ferrothorn
|-damage|p1a: Ferrothorn|79\/352 frz
|-damage|p2a: Hitmontop|167\/242|[from] ability: Iron Barbs|[of] p1a: Ferrothorn
|cant|p1a: Ferrothorn|frz
|
|-heal|p1a: Ferrothorn|101\/352 frz|[from] item: Leftovers
|turn|21
|
|cant|p1a: Ferrothorn|frz
|move|p2a: Hitmontop|Mach Punch|p1a: Ferrothorn
|-supereffective|p1a: Ferrothorn
|-damage|p1a: Ferrothorn|0 fnt
|-damage|p2a: Hitmontop|137\/242|[from] ability: Iron Barbs|[of] p1a: Ferrothorn
|faint|p1a: Ferrothorn
|
|
|switch|p1a: Noivern|Noivern, M|249\/311
|turn|22
|
|switch|p2a: Porygon2|Porygon2, shiny|321\/374
|-ability|p2a: Porygon2|Infiltrator|[from] ability: Trace|[of] p1a: Noivern
|move|p1a: Noivern|Draco Meteor|p2a: Porygon2
|-damage|p2a: Porygon2|199\/374
|-unboost|p1a: Noivern|spa|2
|-damage|p1a: Noivern|218\/311|[from] item: Life Orb
|
|turn|23
|
|move|p1a: Noivern|U-turn|p2a: Porygon2
|-crit|p2a: Porygon2
|-damage|p2a: Porygon2|143\/374
|-damage|p1a: Noivern|187\/311|[from] item: Life Orb
|
|switch|p1a: Seismitoad|Seismitoad, F|294\/352
|move|p2a: Porygon2|Thunder Wave|p1a: Seismitoad
|-immune|p1a: Seismitoad|[msg]
|
|turn|24
|
|switch|p2a: Skarmory|Skarmory, M|223\/334
|move|p1a: Seismitoad|Power-Up Punch|p2a: Skarmory
|-damage|p2a: Skarmory|198\/334
|-damage|p1a: Seismitoad|236\/352|[from] item: Rocky Helmet|[of] p2a: Skarmory
|-boost|p1a: Seismitoad|atk|1
|
|turn|25
|
|move|p1a: Seismitoad|Ice Punch|p2a: Skarmory
|-damage|p2a: Skarmory|125\/334
|-damage|p1a: Seismitoad|178\/352|[from] item: Rocky Helmet|[of] p2a: Skarmory
|move|p2a: Skarmory|Roost|p2a: Skarmory
|-heal|p2a: Skarmory|292\/334
|
|turn|26
|
|move|p1a: Seismitoad|Power-Up Punch|p2a: Skarmory
|-damage|p2a: Skarmory|255\/334
|-damage|p1a: Seismitoad|120\/352|[from] item: Rocky Helmet|[of] p2a: Skarmory
|-boost|p1a: Seismitoad|atk|1
|-enditem|p1a: Seismitoad|Sitrus Berry|[eat]
|-heal|p1a: Seismitoad|208\/352|[from] item: Sitrus Berry
|move|p2a: Skarmory|Stealth Rock|p1a: Seismitoad
|-sidestart|p1: Blackfenix19|move: Stealth Rock
|
|turn|27
|
|move|p1a: Seismitoad|Ice Punch|p2a: Skarmory
|-damage|p2a: Skarmory|158\/334
|-damage|p1a: Seismitoad|150\/352|[from] item: Rocky Helmet|[of] p2a: Skarmory
|move|p2a: Skarmory|Whirlwind|p1a: Seismitoad
|drag|p1a: Hitmontop|Hitmontop, M|304\/304
|-damage|p1a: Hitmontop|285\/304|[from] Stealth Rock
|-ability|p1a: Hitmontop|Intimidate|[of] p2a: Skarmory
|-unboost|p2a: Skarmory|atk|1
|
|turn|28
|
|move|p2a: Skarmory|Roost|p2a: Skarmory
|-heal|p2a: Skarmory|325\/334
|move|p1a: Hitmontop|Rapid Spin|p2a: Skarmory
|-resisted|p2a: Skarmory
|-damage|p2a: Skarmory|320\/334
|-damage|p1a: Hitmontop|235\/304|[from] item: Rocky Helmet|[of] p2a: Skarmory
|-sideend|p1: Blackfenix19|Stealth Rock|[from] move: Rapid Spin|[of] p1a: Hitmontop
|
|turn|29
|
|switch|p1a: Noivern|Noivern, M|187\/311
|move|p2a: Skarmory|Stealth Rock|p1a: Noivern
|-sidestart|p1: Blackfenix19|move: Stealth Rock
|
|turn|30
|
|switch|p2a: Milotic|Milotic, F, shiny|394\/394
|move|p1a: Noivern|Flamethrower|p2a: Milotic
|-resisted|p2a: Milotic
|-damage|p2a: Milotic|349\/394
|-damage|p1a: Noivern|156\/311|[from] item: Life Orb
|
|-heal|p2a: Milotic|373\/394|[from] item: Leftovers
|turn|31
|
|move|p1a: Noivern|U-turn|p2a: Milotic
|-damage|p2a: Milotic|330\/394
|-damage|p1a: Noivern|125\/311|[from] item: Life Orb
|
|switch|p1a: Hitmontop|Hitmontop, M|235\/304
|-damage|p1a: Hitmontop|216\/304|[from] Stealth Rock
|-ability|p1a: Hitmontop|Intimidate|[of] p2a: Milotic
|-unboost|p2a: Milotic|atk|1
|move|p2a: Milotic|Toxic|p1a: Hitmontop
|-status|p1a: Hitmontop|tox
|
|-heal|p2a: Milotic|354\/394|[from] item: Leftovers
|-damage|p1a: Hitmontop|197\/304 tox|[from] psn
|turn|32
|
|switch|p2a: Skarmory|Skarmory, M|320\/334
|move|p1a: Hitmontop|Rapid Spin|p2a: Skarmory
|-crit|p2a: Skarmory
|-resisted|p2a: Skarmory
|-damage|p2a: Skarmory|311\/334
|-damage|p1a: Hitmontop|147\/304 tox|[from] item: Rocky Helmet|[of] p2a: Skarmory
|-sideend|p1: Blackfenix19|Stealth Rock|[from] move: Rapid Spin|[of] p1a: Hitmontop
|
|-damage|p1a: Hitmontop|109\/304 tox|[from] psn
|turn|33
|
|switch|p1a: Noivern|Noivern, M|125\/311
|move|p2a: Skarmory|Stealth Rock|p1a: Noivern
|-sidestart|p1: Blackfenix19|move: Stealth Rock
|
|turn|34
|
|switch|p2a: Milotic|Milotic, F, shiny|354\/394
|move|p1a: Noivern|Draco Meteor|p2a: Milotic
|-damage|p2a: Milotic|159\/394
|-unboost|p1a: Noivern|spa|2
|-damage|p1a: Noivern|94\/311|[from] item: Life Orb
|
|-heal|p2a: Milotic|183\/394|[from] item: Leftovers
|turn|35
|
|move|p1a: Noivern|Draco Meteor|p2a: Milotic
|-damage|p2a: Milotic|89\/394
|-unboost|p1a: Noivern|spa|2
|-damage|p1a: Noivern|63\/311|[from] item: Life Orb
|move|p2a: Milotic|Recover|p2a: Milotic
|-heal|p2a: Milotic|286\/394
|
|-heal|p2a: Milotic|310\/394|[from] item: Leftovers
|turn|36
|
|move|p1a: Noivern|Draco Meteor|p2a: Milotic
|-damage|p2a: Milotic|242\/394
|-unboost|p1a: Noivern|spa|2
|-damage|p1a: Noivern|32\/311|[from] item: Life Orb
|move|p2a: Milotic|Recover|p2a: Milotic
|-heal|p2a: Milotic|394\/394
|
|turn|37
|
|move|p1a: Noivern|U-turn|p2a: Milotic
|-damage|p2a: Milotic|355\/394
|-damage|p1a: Noivern|1\/311|[from] item: Life Orb
|
|switch|p1a: Seismitoad|Seismitoad, F|150\/352
|-damage|p1a: Seismitoad|128\/352|[from] Stealth Rock
|move|p2a: Milotic|Scald|p1a: Seismitoad
|-heal|p1a: Seismitoad|216\/352|[from] ability: Water Absorb|[of] p2a: Milotic
|
|-heal|p2a: Milotic|379\/394|[from] item: Leftovers
|turn|38
|
|move|p1a: Seismitoad|Earthquake|p2a: Milotic
|-damage|p2a: Milotic|258\/394
|move|p2a: Milotic|Toxic|p1a: Seismitoad
|-status|p1a: Seismitoad|tox
|
|-heal|p2a: Milotic|282\/394|[from] item: Leftovers
|-damage|p1a: Seismitoad|194\/352 tox|[from] psn
|turn|39
|
|move|p1a: Seismitoad|Power-Up Punch|p2a: Milotic
|-damage|p2a: Milotic|247\/394
|-boost|p1a: Seismitoad|atk|1
|move|p2a: Milotic|Recover|p2a: Milotic
|-heal|p2a: Milotic|394\/394
|
|-damage|p1a: Seismitoad|150\/352 tox|[from] psn
|turn|40
|
|switch|p2a: Skarmory|Skarmory, M|311\/334
|move|p1a: Seismitoad|Earthquake|p2a: Skarmory
|-immune|p2a: Skarmory|[msg]
|
|-damage|p1a: Seismitoad|84\/352 tox|[from] psn
|turn|41
|
|move|p1a: Seismitoad|Rock Tomb|p2a: Skarmory
|-damage|p2a: Skarmory|251\/334
|-unboost|p2a: Skarmory|spe|1
|move|p2a: Skarmory|Whirlwind|p1a: Seismitoad
|drag|p1a: Mamoswine|Mamoswine, F|362\/362
|-damage|p1a: Mamoswine|317\/362|[from] Stealth Rock
|
|turn|42
|
|move|p1a: Mamoswine|Icicle Crash|p2a: Skarmory
|-damage|p2a: Skarmory|158\/334
|move|p2a: Skarmory|Roost|p2a: Skarmory
|-heal|p2a: Skarmory|325\/334
|
|turn|43
|
|move|p1a: Mamoswine|Icicle Crash|p2a: Skarmory
|-damage|p2a: Skarmory|235\/334
|move|p2a: Skarmory|Whirlwind|p1a: Mamoswine
|drag|p1a: Hitmontop|Hitmontop, M|109\/304 tox
|-damage|p1a: Hitmontop|90\/304 tox|[from] Stealth Rock
|-ability|p1a: Hitmontop|Intimidate|[of] p2a: Skarmory
|-unboost|p2a: Skarmory|atk|1
|
|-damage|p1a: Hitmontop|71\/304 tox|[from] psn
|turn|44
|
|move|p1a: Hitmontop|Rapid Spin|p2a: Skarmory
|-resisted|p2a: Skarmory
|-damage|p2a: Skarmory|229\/334
|-damage|p1a: Hitmontop|21\/304 tox|[from] item: Rocky Helmet|[of] p2a: Skarmory
|-sideend|p1: Blackfenix19|Stealth Rock|[from] move: Rapid Spin|[of] p1a: Hitmontop
|move|p2a: Skarmory|Stealth Rock|p1a: Hitmontop
|-sidestart|p1: Blackfenix19|move: Stealth Rock
|
|-damage|p1a: Hitmontop|0 fnt|[from] psn
|faint|p1a: Hitmontop
|-message|Blackfenix19 forfeited.
|
|win|essoh
|raw|Ladder updating...
|raw|Blackfenix19's rating: 1548 &rarr; <strong>1529<\/strong><br \/>(-19 for losing)
|raw|essoh's rating: 1572 &rarr; <strong>1590<\/strong><br \/>(+18 for winning)
|leave|Blackfenix19
|player|p1