|join|Blackfenix19
|join|Lakiro
|player|p1|Blackfenix19|1
|player|p2|Lakiro|264
|gametype|singles
|gen|6
|tier|OU
|rated
|clearpoke
|poke|p1|Gliscor, M
|poke|p1|Bisharp, F
|poke|p1|Kecleon, F
|poke|p1|Pinsir, F
|poke|p1|Porygon2
|poke|p1|Alakazam, M
|poke|p2|Heracross, F, shiny
|poke|p2|Crawdaunt, M
|poke|p2|Klefki, M, shiny
|poke|p2|Manaphy, shiny
|poke|p2|Venomoth, M, shiny
|poke|p2|Diggersby, F, shiny
|rule|Swagger Clause: Swagger is banned
|rule|Baton Pass Clause: Limit one PokÃ©mon knowing Baton Pass
|rule|Sleep Clause Mod: Limit one foe put to sleep
|rule|Species Clause: Limit one of each PokÃ©mon
|rule|OHKO Clause: OHKO moves are banned
|rule|Moody Clause: Moody is banned
|rule|Evasion Moves Clause: Evasion moves are banned
|rule|Endless Battle Clause: Forcing endless battles is banned
|rule|HP Percentage Mod: HP is shown in percentages
|teampreview
|
|start
|switch|p1a: Gliscor|Gliscor, M|350\/350
|switch|p2a: Manaphy|Manaphy, shiny|341\/341
|turn|1
|
|move|p2a: Manaphy|Tail Glow|p2a: Manaphy
|-boost|p2a: Manaphy|spa|3
|move|p1a: Gliscor|Acrobatics|p2a: Manaphy
|-damage|p2a: Manaphy|280\/341
|
|-heal|p2a: Manaphy|301\/341|[from] item: Leftovers
|-status|p1a: Gliscor|tox|[from] item: Toxic Orb
|turn|2
|
|switch|p1a: Porygon2|Porygon2|374\/374
|-ability|p1a: Porygon2|Hydration|[from] ability: Trace|[of] p2a: Manaphy
|move|p2a: Manaphy|Scald|p1a: Porygon2
|-damage|p1a: Porygon2|227\/374
|
|-heal|p2a: Manaphy|322\/341|[from] item: Leftovers
|turn|3
|
|move|p2a: Manaphy|Tail Glow|p2a: Manaphy
|-boost|p2a: Manaphy|spa|3
|move|p1a: Porygon2|Toxic|p2a: Manaphy
|-status|p2a: Manaphy|tox
|
|-heal|p2a: Manaphy|341\/341 tox|[from] item: Leftovers
|-damage|p2a: Manaphy|320\/341 tox|[from] psn
|turn|4
|
|move|p2a: Manaphy|Scald|p1a: Porygon2
|-damage|p1a: Porygon2|0 fnt
|faint|p1a: Porygon2
|
|-heal|p2a: Manaphy|341\/341 tox|[from] item: Leftovers
|-damage|p2a: Manaphy|299\/341 tox|[from] psn
|
|switch|p1a: Kecleon|Kecleon, F|300\/300
|turn|5
|
|move|p1a: Kecleon|Fake Out|p2a: Manaphy
|-damage|p2a: Manaphy|224\/341 tox
|-damage|p1a: Kecleon|270\/300|[from] item: Life Orb
|cant|p2a: Manaphy|flinch
|
|-heal|p2a: Manaphy|245\/341 tox|[from] item: Leftovers
|-damage|p2a: Manaphy|182\/341 tox|[from] psn
|turn|6
|
|move|p1a: Kecleon|Sucker Punch|p2a: Manaphy
|-start|p1a: Kecleon|typechange|Dark|[from] Protean
|-fail|p2a: Manaphy
|move|p2a: Manaphy|Heal Bell|p2a: Manaphy
|-cureteam|p2a: Manaphy|[from] move: HealBell
|
|-heal|p2a: Manaphy|203\/341|[from] item: Leftovers
|turn|7
|
|move|p1a: Kecleon|Sucker Punch|p2a: Manaphy
|-damage|p2a: Manaphy|55\/341
|-damage|p1a: Kecleon|240\/300|[from] item: Life Orb
|move|p2a: Manaphy|Scald|p1a: Kecleon
|-damage|p1a: Kecleon|0 fnt
|faint|p1a: Kecleon
|
|-heal|p2a: Manaphy|76\/341|[from] item: Leftovers
|
|switch|p1a: Pinsir|Pinsir, F|271\/271
|turn|8
|
|detailschange|p1a: Pinsir|Pinsir-Mega, F
|message|Pinsir has Mega Evolved into Mega Pinsir!
|move|p1a: Pinsir|Quick Attack|p2a: Manaphy
|-damage|p2a: Manaphy|0 fnt
|faint|p2a: Manaphy
|
|
|switch|p2a: Klefki|Klefki, M, shiny|318\/318
|turn|9
|
|switch|p1a: Gliscor|Gliscor, M|350\/350 tox
|move|p2a: Klefki|Thunder Wave|p1a: Gliscor
|-immune|p1a: Gliscor|[msg]
|
|turn|10
|
|move|p2a: Klefki|Reflect|p2a: Klefki
|-sidestart|p2: Lakiro|Reflect
|move|p1a: Gliscor|Swords Dance|p1a: Gliscor
|-boost|p1a: Gliscor|atk|2
|
|turn|11
|
|switch|p2a: Crawdaunt|Crawdaunt, M|268\/268
|move|p1a: Gliscor|Fling|p2a: Crawdaunt
|-enditem|p1a: Gliscor|Toxic Orb|[from] move: Fling
|-resisted|p2a: Crawdaunt
|-damage|p2a: Crawdaunt|254\/268
|-status|p2a: Crawdaunt|tox
|
|-damage|p2a: Crawdaunt|238\/268 tox|[from] psn
|turn|12
|
|move|p2a: Crawdaunt|Aqua Jet|p1a: Gliscor
|-supereffective|p1a: Gliscor
|-damage|p1a: Gliscor|194\/350 tox
|-damage|p2a: Crawdaunt|212\/268 tox|[from] item: Life Orb
|move|p1a: Gliscor|Earthquake|p2a: Crawdaunt
|-crit|p2a: Crawdaunt
|-damage|p2a: Crawdaunt|0 fnt
|faint|p2a: Crawdaunt
|
|-heal|p1a: Gliscor|237\/350 tox|[from] ability: Poison Heal
|
|switch|p2a: Diggersby|Diggersby, F, shiny|311\/311
|turn|13
|
|move|p2a: Diggersby|Agility|p2a: Diggersby
|-boost|p2a: Diggersby|spe|2
|move|p1a: Gliscor|Earthquake|p2a: Diggersby
|-damage|p2a: Diggersby|179\/311
|
|-heal|p1a: Gliscor|280\/350 tox|[from] ability: Poison Heal
|turn|14
|
|move|p2a: Diggersby|Facade|p1a: Gliscor
|-damage|p1a: Gliscor|183\/350 tox
|move|p1a: Gliscor|Acrobatics|p2a: Diggersby
|-damage|p2a: Diggersby|16\/311
|
|-heal|p1a: Gliscor|226\/350 tox|[from] ability: Poison Heal
|turn|15
|
|move|p2a: Diggersby|Facade|p1a: Gliscor
|-damage|p1a: Gliscor|121\/350 tox
|move|p1a: Gliscor|Swords Dance|p1a: Gliscor
|-boost|p1a: Gliscor|atk|2
|
|-heal|p1a: Gliscor|164\/350 tox|[from] ability: Poison Heal
|turn|16
|
|move|p2a: Diggersby|Swords Dance|p2a: Diggersby
|-boost|p2a: Diggersby|atk|2
|move|p1a: Gliscor|Acrobatics|p2a: Diggersby
|-damage|p2a: Diggersby|0 fnt
|faint|p2a: Diggersby
|
|-heal|p1a: Gliscor|207\/350 tox|[from] ability: Poison Heal
|
|switch|p2a: Heracross|Heracross, F, shiny|301\/301
|turn|17
|
|detailschange|p2a: Heracross|Heracross-Mega, F, shiny
|message|Heracross has Mega Evolved into Mega Heracross!
|move|p2a: Heracross|Rock Blast|p1a: Gliscor
|-crit|p1a: Gliscor
|-damage|p1a: Gliscor|165\/350 tox
|-damage|p1a: Gliscor|137\/350 tox
|-damage|p1a: Gliscor|109\/350 tox
|-damage|p1a: Gliscor|78\/350 tox
|-damage|p1a: Gliscor|52\/350 tox
|-hitcount|p1a: Gliscor|5
|move|p1a: Gliscor|Acrobatics|p2a: Heracross
|-supereffective|p2a: Heracross
|-damage|p2a: Heracross|0 fnt
|faint|p2a: Heracross
|
|-heal|p1a: Gliscor|95\/350 tox|[from] ability: Poison Heal
|-sideend|p2: Lakiro|Reflect
|-message|Lakiro forfeited.
|leave|Lakiro
|
|win|Blackfenix19
|raw|Ladder updating...
|player|p2
|raw|Blackfenix19's rating: 1423 &rarr; <strong>1442<\/strong><br \/>(+19 for winning)
|raw|Lakiro's rating: 1411 &rarr; <strong>1392<\/strong><br \/>(-19 for losing)