|join|Blackfenix19
|join|Chris D Boss
|player|p1|Blackfenix19|102
|player|p2|Chris D Boss|33
|gametype|singles
|gen|6
|tier|OU
|rated
|clearpoke
|poke|p1|Mightyena, M
|poke|p1|Nidoking, M
|poke|p1|Hitmontop, M
|poke|p1|Metagross
|poke|p1|Slowking, M
|poke|p1|Toxicroak, M
|poke|p2|Tyrantrum, M, shiny
|poke|p2|Mandibuzz, F, shiny
|poke|p2|Gengar, F
|poke|p2|Ferrothorn, F, shiny
|poke|p2|Greninja, M, shiny
|poke|p2|Charizard, F, shiny
|rule|Swagger Clause: Swagger is banned
|rule|Baton Pass Clause: Limit one PokÃ©mon knowing Baton Pass
|rule|Sleep Clause Mod: Limit one foe put to sleep
|rule|Species Clause: Limit one of each PokÃ©mon
|rule|OHKO Clause: OHKO moves are banned
|rule|Moody Clause: Moody is banned
|rule|Evasion Moves Clause: Evasion moves are banned
|rule|Endless Battle Clause: Forcing endless battles is banned
|rule|HP Percentage Mod: HP is shown in percentages
|teampreview
|
|start
|switch|p1a: Nidoking|Nidoking, M|303\/303
|switch|p2a: Ferrothorn|Ferrothorn, F, shiny|352\/352
|turn|1
|
|switch|p2a: Charizard|Charizard, F, shiny|297\/297
|move|p1a: Nidoking|Flamethrower|p2a: Charizard
|-resisted|p2a: Charizard
|-damage|p2a: Charizard|254\/297
|
|turn|2
|
|move|p2a: Charizard|Dragon Dance|p2a: Charizard
|-boost|p2a: Charizard|atk|1
|-boost|p2a: Charizard|spe|1
|move|p1a: Nidoking|Earthquake|p2a: Charizard
|-immune|p2a: Charizard|[msg]
|
|turn|3
|
|move|p2a: Charizard|Dragon Dance|p2a: Charizard
|-boost|p2a: Charizard|atk|1
|-boost|p2a: Charizard|spe|1
|move|p1a: Nidoking|Earthquake|p2a: Charizard
|-immune|p2a: Charizard|[msg]
|
|turn|4
|
|detailschange|p2a: Charizard|Charizard-Mega-X, F, shiny
|message|Charizard has Mega Evolved into Mega Charizard!
|move|p2a: Charizard|Earthquake|p1a: Nidoking
|-supereffective|p1a: Nidoking
|-enditem|p1a: Nidoking|Focus Sash
|-damage|p1a: Nidoking|1\/303
|move|p1a: Nidoking|Earthquake|p2a: Charizard
|-supereffective|p2a: Charizard
|-damage|p2a: Charizard|0 fnt
|faint|p2a: Charizard
|
|
|switch|p2a: Greninja|Greninja, M, shiny|285\/285
|turn|5
|
|move|p1a: Nidoking|Sucker Punch|p2a: Greninja
|-resisted|p2a: Greninja
|-damage|p2a: Greninja|221\/285
|move|p2a: Greninja|U-turn|p1a: Nidoking
|-start|p2a: Greninja|typechange|Bug|[from] Protean
|-resisted|p1a: Nidoking
|-damage|p1a: Nidoking|0 fnt
|faint|p1a: Nidoking
|
|switch|p2a: Ferrothorn|Ferrothorn, F, shiny|352\/352
|
|
|switch|p1a: Toxicroak|Toxicroak, M|307\/307
|turn|6
|
|move|p1a: Toxicroak|Swords Dance|p1a: Toxicroak
|-boost|p1a: Toxicroak|atk|2
|move|p2a: Ferrothorn|Stealth Rock|p1a: Toxicroak
|-sidestart|p1: Blackfenix19|move: Stealth Rock
|
|turn|7
|
|move|p1a: Toxicroak|Swords Dance|p1a: Toxicroak
|-boost|p1a: Toxicroak|atk|2
|move|p2a: Ferrothorn|Leech Seed|p1a: Toxicroak
|-start|p1a: Toxicroak|move: Leech Seed
|
|-damage|p1a: Toxicroak|269\/307|[from] Leech Seed|[of] p2a: Ferrothorn
|turn|8
|
|move|p1a: Toxicroak|Drain Punch|p2a: Ferrothorn
|-supereffective|p2a: Ferrothorn
|-damage|p2a: Ferrothorn|0 fnt
|-heal|p1a: Toxicroak|307\/307|[from] drain|[of] p2a: Ferrothorn
|-damage|p1a: Toxicroak|269\/307|[from] ability: Iron Barbs|[of] p2a: Ferrothorn
|-damage|p1a: Toxicroak|218\/307|[from] item: Rocky Helmet|[of] p2a: Ferrothorn
|faint|p2a: Ferrothorn
|
|-heal|p1a: Toxicroak|237\/307|[from] item: Black Sludge
|
|switch|p2a: Gengar|Gengar, F|262\/262
|turn|9
|
|move|p1a: Toxicroak|Sucker Punch|p2a: Gengar
|-fail|p2a: Gengar
|move|p2a: Gengar|Will-O-Wisp|p1a: Toxicroak
|-status|p1a: Toxicroak|brn
|
|-heal|p1a: Toxicroak|256\/307 brn|[from] item: Black Sludge
|-damage|p1a: Toxicroak|218\/307 brn|[from] Leech Seed|[of] p2a: Gengar
|-damage|p1a: Toxicroak|180\/307 brn|[from] brn
|turn|10
|
|switch|p2a: Mandibuzz|Mandibuzz, F, shiny|424\/424
|move|p1a: Toxicroak|Sucker Punch|p2a: Mandibuzz
|-fail|p2a: Mandibuzz
|
|-heal|p1a: Toxicroak|199\/307 brn|[from] item: Black Sludge
|-damage|p1a: Toxicroak|161\/307 brn|[from] Leech Seed|[of] p2a: Mandibuzz
|-damage|p1a: Toxicroak|123\/307 brn|[from] brn
|turn|11
|
|move|p1a: Toxicroak|Drain Punch|p2a: Mandibuzz
|-damage|p2a: Mandibuzz|285\/424
|-heal|p1a: Toxicroak|193\/307 brn|[from] drain|[of] p2a: Mandibuzz
|move|p2a: Mandibuzz|Knock Off|p1a: Toxicroak
|-resisted|p1a: Toxicroak
|-damage|p1a: Toxicroak|137\/307 brn
|-enditem|p1a: Toxicroak|Black Sludge|[from] move: Knock Off|[of] p2a: Mandibuzz
|
|-heal|p2a: Mandibuzz|311\/424|[from] item: Leftovers
|-damage|p1a: Toxicroak|99\/307 brn|[from] Leech Seed|[of] p2a: Mandibuzz
|-heal|p2a: Mandibuzz|349\/424|[silent]
|-damage|p1a: Toxicroak|61\/307 brn|[from] brn
|turn|12
|
|move|p1a: Toxicroak|Drain Punch|p2a: Mandibuzz
|-damage|p2a: Mandibuzz|207\/424
|-heal|p1a: Toxicroak|132\/307 brn|[from] drain|[of] p2a: Mandibuzz
|move|p2a: Mandibuzz|Roost|p2a: Mandibuzz
|-heal|p2a: Mandibuzz|419\/424
|
|-heal|p2a: Mandibuzz|424\/424|[from] item: Leftovers
|-damage|p1a: Toxicroak|94\/307 brn|[from] Leech Seed|[of] p2a: Mandibuzz
|-damage|p1a: Toxicroak|56\/307 brn|[from] brn
|turn|13
|
|move|p1a: Toxicroak|Drain Punch|p2a: Mandibuzz
|-damage|p2a: Mandibuzz|300\/424
|-heal|p1a: Toxicroak|118\/307 brn|[from] drain|[of] p2a: Mandibuzz
|move|p2a: Mandibuzz|Foul Play|p1a: Toxicroak
|-resisted|p1a: Toxicroak
|-damage|p1a: Toxicroak|0 fnt
|faint|p1a: Toxicroak
|
|-heal|p2a: Mandibuzz|326\/424|[from] item: Leftovers
|
|switch|p1a: Metagross|Metagross|364\/364
|-damage|p1a: Metagross|342\/364|[from] Stealth Rock
|turn|14
|
|move|p2a: Mandibuzz|Knock Off|p1a: Metagross
|-supereffective|p1a: Metagross
|-damage|p1a: Metagross|226\/364
|-enditem|p1a: Metagross|Weakness Policy
|-boost|p1a: Metagross|atk|2|[from] item: Weakness Policy
|-boost|p1a: Metagross|spa|2|[from] item: Weakness Policy
|move|p1a: Metagross|Rock Polish|p1a: Metagross
|-boost|p1a: Metagross|spe|2
|
|-heal|p2a: Mandibuzz|352\/424|[from] item: Leftovers
|turn|15
|
|move|p1a: Metagross|Rock Slide|p2a: Mandibuzz
|-supereffective|p2a: Mandibuzz
|-damage|p2a: Mandibuzz|58\/424
|move|p2a: Mandibuzz|Foul Play|p1a: Metagross
|-supereffective|p1a: Metagross
|-damage|p1a: Metagross|0 fnt
|faint|p1a: Metagross
|
|-heal|p2a: Mandibuzz|84\/424|[from] item: Leftovers
|
|switch|p1a: Mightyena|Mightyena, M|281\/281
|-damage|p1a: Mightyena|246\/281|[from] Stealth Rock
|turn|16
|
|move|p1a: Mightyena|Play Rough|p2a: Mandibuzz
|-supereffective|p2a: Mandibuzz
|-damage|p2a: Mandibuzz|0 fnt
|-damage|p1a: Mightyena|218\/281|[from] item: Life Orb
|faint|p2a: Mandibuzz
|-boost|p1a: Mightyena|atk|1|[from] ability: Moxie
|
|
|switch|p2a: Gengar|Gengar, F|262\/262
|turn|17
|
|move|p2a: Gengar|Will-O-Wisp|p1a: Mightyena
|-status|p1a: Mightyena|brn
|move|p1a: Mightyena|Crunch|p2a: Gengar
|-supereffective|p2a: Gengar
|-damage|p2a: Gengar|0 fnt
|-damage|p1a: Mightyena|190\/281 brn|[from] item: Life Orb
|faint|p2a: Gengar
|-boost|p1a: Mightyena|atk|1|[from] ability: Moxie
|
|-damage|p1a: Mightyena|155\/281 brn|[from] brn
|
|switch|p2a: Greninja|Greninja, M, shiny|221\/285
|turn|18
|
|move|p1a: Mightyena|Sucker Punch|p2a: Greninja
|-resisted|p2a: Greninja
|-damage|p2a: Greninja|109\/285
|-damage|p1a: Mightyena|127\/281 brn|[from] item: Life Orb
|move|p2a: Greninja|U-turn|p1a: Mightyena
|-start|p2a: Greninja|typechange|Bug|[from] Protean
|-supereffective|p1a: Mightyena
|-damage|p1a: Mightyena|0 fnt
|faint|p1a: Mightyena
|
|switch|p2a: Tyrantrum|Tyrantrum, M, shiny|306\/306
|
|
|switch|p1a: Hitmontop|Hitmontop, M|304\/304
|-damage|p1a: Hitmontop|285\/304|[from] Stealth Rock
|-ability|p1a: Hitmontop|Intimidate|[of] p2a: Tyrantrum
|-unboost|p2a: Tyrantrum|atk|1
|turn|19
|
|move|p2a: Tyrantrum|Dragon Dance|p2a: Tyrantrum
|-boost|p2a: Tyrantrum|atk|1
|-boost|p2a: Tyrantrum|spe|1
|move|p1a: Hitmontop|Close Combat|p2a: Tyrantrum
|-supereffective|p2a: Tyrantrum
|-damage|p2a: Tyrantrum|0 fnt
|-unboost|p1a: Hitmontop|def|1
|-unboost|p1a: Hitmontop|spd|1
|faint|p2a: Tyrantrum
|
|
|switch|p2a: Greninja|Greninja, M, shiny|109\/285
|turn|20
|
|move|p1a: Hitmontop|Sucker Punch|p2a: Greninja
|-resisted|p2a: Greninja
|-damage|p2a: Greninja|48\/285
|move|p2a: Greninja|Surf|p1a: Hitmontop
|-start|p2a: Greninja|typechange|Water|[from] Protean
|-damage|p1a: Hitmontop|165\/304
|
|turn|21
|
|move|p1a: Hitmontop|Sucker Punch|p2a: Greninja
|-damage|p2a: Greninja|0 fnt
|faint|p2a: Greninja
|
|win|Blackfenix19
|raw|Ladder updating...
|raw|Blackfenix19's rating: 1359 &rarr; <strong>1372<\/strong><br \/>(+13 for winning)
|raw|Chris D Boss's rating: 1243 &rarr; <strong>1226<\/strong><br \/>(-17 for losing)
|c|âChris D Boss|gg