|join|Blackfenix19
|join|jway822
|player|p1|Blackfenix19|102
|player|p2|jway822|101
|gametype|singles
|gen|6
|tier|OU
|rated
|clearpoke
|poke|p1|Gardevoir, F
|poke|p1|Nidoking, M
|poke|p1|Eelektross, F
|poke|p1|Aerodactyl, M
|poke|p1|Hitmontop, M
|poke|p1|Garchomp, F
|poke|p2|Dragonite, M
|poke|p2|Smeargle, M
|poke|p2|Greninja, M
|poke|p2|Heracross, M
|poke|p2|Volcarona, M
|poke|p2|Gengar, M
|rule|Swagger Clause: Swagger is banned
|rule|Baton Pass Clause: Limit one PokÃ©mon knowing Baton Pass
|rule|Sleep Clause Mod: Limit one foe put to sleep
|rule|Species Clause: Limit one of each PokÃ©mon
|rule|OHKO Clause: OHKO moves are banned
|rule|Moody Clause: Moody is banned
|rule|Evasion Moves Clause: Evasion moves are banned
|rule|Endless Battle Clause: Forcing endless battles is banned
|rule|HP Percentage Mod: HP is shown in percentages
|teampreview
|
|start
|switch|p1a: Eelektross|Eelektross, F|312\/312
|switch|p2a: BROCASSO|Smeargle, M|314\/314
|turn|1
|
|move|p2a: BROCASSO|Stealth Rock|p1a: Eelektross
|-sidestart|p1: Blackfenix19|move: Stealth Rock
|move|p1a: Eelektross|Volt Switch|p2a: BROCASSO
|-damage|p2a: BROCASSO|110\/314
|
|switch|p1a: Aerodactyl|Aerodactyl, M|301\/301
|-damage|p1a: Aerodactyl|226\/301|[from] Stealth Rock
|
|turn|2
|
|move|p1a: Aerodactyl|Earthquake|p2a: BROCASSO
|-damage|p2a: BROCASSO|0 fnt
|-damage|p1a: Aerodactyl|196\/301|[from] item: Life Orb
|faint|p2a: BROCASSO
|
|
|switch|p2a: JORDAN|Greninja, M|286\/286
|turn|3
|
|move|p1a: Aerodactyl|Earthquake|p2a: JORDAN
|-damage|p2a: JORDAN|114\/286
|-damage|p1a: Aerodactyl|166\/301|[from] item: Life Orb
|move|p2a: JORDAN|Power-Up Punch|p1a: Aerodactyl
|-start|p2a: JORDAN|typechange|Fighting|[from] Protean
|-damage|p1a: Aerodactyl|59\/301
|-boost|p2a: JORDAN|atk|1
|-damage|p2a: JORDAN|86\/286|[from] item: Life Orb
|
|turn|4
|
|move|p2a: JORDAN|Shadow Sneak|p1a: Aerodactyl
|-start|p2a: JORDAN|typechange|Ghost|[from] Protean
|-damage|p1a: Aerodactyl|0 fnt
|-damage|p2a: JORDAN|58\/286|[from] item: Life Orb
|faint|p1a: Aerodactyl
|
|
|switch|p1a: Hitmontop|Hitmontop, M|304\/304
|-damage|p1a: Hitmontop|285\/304|[from] Stealth Rock
|-ability|p1a: Hitmontop|Intimidate|[of] p2a: JORDAN
|-unboost|p2a: JORDAN|atk|1
|turn|5
|
|move|p2a: JORDAN|Shadow Sneak|p1a: Hitmontop
|-damage|p1a: Hitmontop|203\/304
|-damage|p2a: JORDAN|30\/286|[from] item: Life Orb
|move|p1a: Hitmontop|Rapid Spin|p2a: JORDAN
|-immune|p2a: JORDAN|[msg]
|
|turn|6
|
|move|p2a: JORDAN|Shadow Sneak|p1a: Hitmontop
|-crit|p1a: Hitmontop
|-damage|p1a: Hitmontop|89\/304
|-damage|p2a: JORDAN|2\/286|[from] item: Life Orb
|move|p1a: Hitmontop|Sucker Punch|p2a: JORDAN
|-fail|p2a: JORDAN
|
|turn|7
|
|move|p2a: JORDAN|Shadow Sneak|p1a: Hitmontop
|-damage|p1a: Hitmontop|18\/304
|-damage|p2a: JORDAN|0 fnt|[from] item: Life Orb
|faint|p2a: JORDAN
|move|p1a: Hitmontop|Earthquake|p2: JORDAN|[notarget]
|-notarget
|
|
|switch|p2a: LUIGI|Gengar, M|262\/262
|turn|8
|
|move|p1a: Hitmontop|Sucker Punch|p2a: LUIGI
|-supereffective|p2a: LUIGI
|-damage|p2a: LUIGI|22\/262
|move|p2a: LUIGI|Thunderbolt|p1a: Hitmontop
|-damage|p1a: Hitmontop|0 fnt
|-damage|p2a: LUIGI|0 fnt|[from] item: Life Orb
|faint|p1a: Hitmontop
|faint|p2a: LUIGI
|
|
|switch|p1a: Garchomp|Garchomp, F|357\/357
|-damage|p1a: Garchomp|335\/357|[from] Stealth Rock
|switch|p2a: VALOO|Dragonite, M|324\/324
|turn|9
|
|move|p1a: Garchomp|Iron Head|p2a: VALOO
|-damage|p2a: VALOO|266\/324
|cant|p2a: VALOO|flinch
|
|turn|10
|
|move|p1a: Garchomp|Iron Head|p2a: VALOO
|-damage|p2a: VALOO|150\/324
|cant|p2a: VALOO|flinch
|
|turn|11
|
|move|p1a: Garchomp|Iron Head|p2a: VALOO
|-damage|p2a: VALOO|47\/324
|move|p2a: VALOO|Outrage|p1a: Garchomp
|-supereffective|p1a: Garchomp
|-damage|p1a: Garchomp|0 fnt
|-damage|p2a: VALOO|7\/324|[from] ability: Rough Skin|[of] p1a: Garchomp
|faint|p1a: Garchomp
|
|
|switch|p1a: Nidoking|Nidoking, M|303\/303
|-damage|p1a: Nidoking|285\/303|[from] Stealth Rock
|turn|12
|
|move|p1a: Nidoking|Sucker Punch|p2a: VALOO
|-damage|p2a: VALOO|0 fnt
|faint|p2a: VALOO
|
|
|switch|p2a: HELIOS|Volcarona, M|374\/374
|turn|13
|
|move|p1a: Nidoking|Earthquake|p2a: HELIOS
|-damage|p2a: HELIOS|218\/374
|move|p2a: HELIOS|Quiver Dance|p2a: HELIOS
|-boost|p2a: HELIOS|spa|1
|-boost|p2a: HELIOS|spd|1
|-boost|p2a: HELIOS|spe|1
|
|-heal|p2a: HELIOS|241\/374|[from] item: Leftovers
|turn|14
|
|move|p1a: Nidoking|Sucker Punch|p2a: HELIOS
|-damage|p2a: HELIOS|148\/374
|-status|p1a: Nidoking|brn
|move|p2a: HELIOS|Fiery Dance|p1a: Nidoking
|-damage|p1a: Nidoking|53\/303 brn
|
|-heal|p2a: HELIOS|171\/374|[from] item: Leftovers
|-damage|p1a: Nidoking|16\/303 brn|[from] brn
|turn|15
|
|move|p2a: HELIOS|Roost|p2a: HELIOS
|-heal|p2a: HELIOS|358\/374
|move|p1a: Nidoking|Ice Beam|p2a: HELIOS
|-resisted|p2a: HELIOS
|-damage|p2a: HELIOS|330\/374
|
|-heal|p2a: HELIOS|353\/374|[from] item: Leftovers
|-damage|p1a: Nidoking|0 fnt|[from] brn
|faint|p1a: Nidoking
|
|switch|p1a: Eelektross|Eelektross, F|312\/312
|-damage|p1a: Eelektross|273\/312|[from] Stealth Rock
|turn|16
|
|move|p2a: HELIOS|Bug Buzz|p1a: Eelektross
|-damage|p1a: Eelektross|18\/312
|-enditem|p1a: Eelektross|Sitrus Berry|[eat]
|-heal|p1a: Eelektross|96\/312|[from] item: Sitrus Berry
|move|p1a: Eelektross|Acrobatics|p2a: HELIOS
|-supereffective|p2a: HELIOS
|-damage|p2a: HELIOS|113\/374
|
|-heal|p2a: HELIOS|136\/374|[from] item: Leftovers
|turn|17
|
|move|p2a: HELIOS|Bug Buzz|p1a: Eelektross
|-damage|p1a: Eelektross|0 fnt
|faint|p1a: Eelektross
|
|-heal|p2a: HELIOS|159\/374|[from] item: Leftovers
|-message|Blackfenix19 forfeited.
|
|win|jway822
|raw|Ladder updating...
|leave|Blackfenix19
|player|p1
|raw|Blackfenix19's rating: 1373 &rarr; <strong>1351<\/strong><br \/>(-22 for losing)
|raw|jway822's rating: 1325 &rarr; <strong>1348<\/strong><br \/>(+23 for winning)