|join|Blackfenix19
|join|eljermso
|player|p1|Blackfenix19|1
|player|p2|eljermso|1
|gametype|singles
|gen|6
|tier|OU
|rated
|clearpoke
|poke|p1|Gardevoir, F
|poke|p1|Charizard, M
|poke|p1|Armaldo, F
|poke|p1|Breloom, M
|poke|p1|Empoleon, F
|poke|p1|Gengar, M
|poke|p2|Gyarados, F
|poke|p2|Landorus, M
|poke|p2|Volcarona, M
|poke|p2|Ferrothorn, F
|poke|p2|Weavile, M
|poke|p2|Aerodactyl, F
|rule|Swagger Clause: Swagger is banned
|rule|Baton Pass Clause: Limit one PokÃ©mon knowing Baton Pass
|rule|Sleep Clause Mod: Limit one foe put to sleep
|rule|Species Clause: Limit one of each PokÃ©mon
|rule|OHKO Clause: OHKO moves are banned
|rule|Moody Clause: Moody is banned
|rule|Evasion Moves Clause: Evasion moves are banned
|rule|Endless Battle Clause: Forcing endless battles is banned
|rule|HP Percentage Mod: HP is shown in percentages
|teampreview
|
|start
|switch|p1a: Armaldo|Armaldo, F|354\/354
|switch|p2a: Landorus|Landorus, M|320\/320
|turn|1
|
|move|p2a: Landorus|Calm Mind|p2a: Landorus
|-boost|p2a: Landorus|spa|1
|-boost|p2a: Landorus|spd|1
|move|p1a: Armaldo|Stone Edge|p2a: Landorus
|-damage|p2a: Landorus|34\/320
|
|turn|2
|
|move|p2a: Landorus|Earth Power|p1a: Armaldo
|-damage|p1a: Armaldo|0 fnt
|faint|p1a: Armaldo
|
|
|switch|p1a: Empoleon|Empoleon, F|372\/372
|turn|3
|
|move|p1a: Empoleon|Aqua Jet|p2a: Landorus
|-supereffective|p2a: Landorus
|-damage|p2a: Landorus|0 fnt
|-damage|p1a: Empoleon|335\/372|[from] item: Life Orb
|faint|p2a: Landorus
|
|
|switch|p2a: Ferrothorn|Ferrothorn, F|319\/319
|turn|4
|
|switch|p1a: Charizard|Charizard, M|360\/360
|move|p2a: Ferrothorn|Leech Seed|p1a: Charizard
|-start|p1a: Charizard|move: Leech Seed
|
|-damage|p1a: Charizard|315\/360|[from] Leech Seed|[of] p2a: Ferrothorn
|turn|5
|
|switch|p2a: Aerodactyl|Aerodactyl, F|302\/302
|move|p1a: Charizard|Dragon Dance|p1a: Charizard
|-boost|p1a: Charizard|atk|1
|-boost|p1a: Charizard|spe|1
|
|-damage|p1a: Charizard|270\/360|[from] Leech Seed|[of] p2a: Aerodactyl
|turn|6
|
|detailschange|p1a: Charizard|Charizard-Mega-X, M
|message|Charizard has Mega Evolved into Mega Charizard!
|move|p2a: Aerodactyl|Hone Claws|p2a: Aerodactyl
|-boost|p2a: Aerodactyl|atk|1
|-boost|p2a: Aerodactyl|accuracy|1
|move|p1a: Charizard|Dragon Claw|p2a: Aerodactyl
|-damage|p2a: Aerodactyl|0 fnt
|faint|p2a: Aerodactyl
|
|
|switch|p2a: Gyarados|Gyarados, F|394\/394
|-ability|p2a: Gyarados|Intimidate|[of] p1a: Charizard
|-unboost|p1a: Charizard|atk|1
|turn|7
|
|detailschange|p2a: Gyarados|Gyarados-Mega, F
|message|Gyarados has Mega Evolved into Mega Gyarados!
|-ability|p2a: Gyarados|Mold Breaker
|move|p1a: Charizard|Dragon Claw|p2a: Gyarados
|-crit|p2a: Gyarados
|-damage|p2a: Gyarados|129\/394
|move|p2a: Gyarados|Dragon Dance|p2a: Gyarados
|-boost|p2a: Gyarados|atk|1
|-boost|p2a: Gyarados|spe|1
|
|-damage|p1a: Charizard|225\/360|[from] Leech Seed|[of] p2a: Gyarados
|-heal|p2a: Gyarados|174\/394|[silent]
|turn|8
|
|move|p1a: Charizard|Dragon Claw|p2a: Gyarados
|-damage|p2a: Gyarados|0 fnt
|faint|p2a: Gyarados
|
|
|switch|p2a: Weavile|Weavile, M|281\/281
|-ability|p2a: Weavile|Pressure
|turn|9
|
|move|p2a: Weavile|Knock Off|p1a: Charizard
|-damage|p1a: Charizard|95\/360
|-damage|p2a: Weavile|253\/281|[from] item: Life Orb
|move|p1a: Charizard|Earthquake|p2a: Weavile
|-damage|p2a: Weavile|67\/281
|
|-damage|p1a: Charizard|50\/360|[from] Leech Seed|[of] p2a: Weavile
|-heal|p2a: Weavile|112\/281|[silent]
|turn|10
|
|move|p2a: Weavile|Ice Punch|p1a: Charizard
|-damage|p1a: Charizard|0 fnt
|-damage|p2a: Weavile|84\/281|[from] item: Life Orb
|faint|p1a: Charizard
|
|
|switch|p1a: Breloom|Breloom, M|262\/262
|turn|11
|
|move|p1a: Breloom|Mach Punch|p2a: Weavile
|-supereffective|p2a: Weavile
|-damage|p2a: Weavile|0 fnt
|faint|p2a: Weavile
|
|
|switch|p2a: Volcarona|Volcarona, M|312\/312
|turn|12
|
|move|p2a: Volcarona|Fiery Dance|p1a: Breloom
|-supereffective|p1a: Breloom
|-enditem|p1a: Breloom|Focus Sash
|-damage|p1a: Breloom|1\/262
|-damage|p2a: Volcarona|281\/312|[from] item: Life Orb
|move|p1a: Breloom|Rock Tomb|p2a: Volcarona
|-supereffective|p2a: Volcarona
|-damage|p2a: Volcarona|0 fnt
|faint|p2a: Volcarona
|
|
|switch|p2a: Ferrothorn|Ferrothorn, F|319\/319
|turn|13
|
|move|p1a: Breloom|Mach Punch|p2a: Ferrothorn
|-supereffective|p2a: Ferrothorn
|-damage|p2a: Ferrothorn|161\/319
|-damage|p1a: Breloom|0 fnt|[from] ability: Iron Barbs|[of] p2a: Ferrothorn
|faint|p1a: Breloom
|move|p2a: Ferrothorn|Gyro Ball|p1: Breloom|[notarget]
|-notarget
|
|-heal|p2a: Ferrothorn|180\/319|[from] item: Leftovers
|
|switch|p1a: Gengar|Gengar, M|261\/261
|turn|14
|
|move|p2a: Ferrothorn|Protect|p2a: Ferrothorn
|-singleturn|p2a: Ferrothorn|Protect
|move|p1a: Gengar|Substitute|p1a: Gengar
|-start|p1a: Gengar|Substitute
|-damage|p1a: Gengar|196\/261
|
|-heal|p1a: Gengar|212\/261|[from] item: Black Sludge
|-heal|p2a: Ferrothorn|199\/319|[from] item: Leftovers
|turn|15
|
|move|p1a: Gengar|Will-O-Wisp|p2a: Ferrothorn
|-status|p2a: Ferrothorn|brn
|move|p2a: Ferrothorn|Gyro Ball|p1a: Gengar
|-end|p1a: Gengar|Substitute
|
|-heal|p1a: Gengar|228\/261|[from] item: Black Sludge
|-heal|p2a: Ferrothorn|218\/319 brn|[from] item: Leftovers
|-damage|p2a: Ferrothorn|179\/319 brn|[from] brn
|turn|16
|
|move|p1a: Gengar|Shadow Ball|p2a: Ferrothorn
|-damage|p2a: Ferrothorn|64\/319 brn
|move|p2a: Ferrothorn|Gyro Ball|p1a: Gengar
|-damage|p1a: Gengar|57\/261
|
|-heal|p1a: Gengar|73\/261|[from] item: Black Sludge
|-heal|p2a: Ferrothorn|83\/319 brn|[from] item: Leftovers
|-damage|p2a: Ferrothorn|44\/319 brn|[from] brn
|turn|17
|c|âeljermso|gg
|
|move|p1a: Gengar|Shadow Ball|p2a: Ferrothorn
|-damage|p2a: Ferrothorn|0 fnt
|faint|p2a: Ferrothorn
|
|win|Blackfenix19
|raw|Ladder updating...
|raw|Blackfenix19's rating: 1440 &rarr; <strong>1461<\/strong><br \/>(+21 for winning)
|raw|eljermso's rating: 1459 &rarr; <strong>1438<\/strong><br \/>(-21 for losing)