|join|Blackfenix19
|join|Teddeh
|player|p1|Blackfenix19|101
|player|p2|Teddeh|143
|gametype|singles
|gen|6
|tier|OU
|rated
|clearpoke
|poke|p1|Darmanitan, F
|poke|p1|Cryogonal
|poke|p1|Steelix, F
|poke|p1|Dragonite, F
|poke|p1|Conkeldurr, M
|poke|p1|Vaporeon, M
|poke|p2|Diancie
|poke|p2|Keldeo
|poke|p2|Heatran, M
|poke|p2|Ferrothorn, M
|poke|p2|Latias, F
|poke|p2|Landorus-Therian, M
|rule|Swagger Clause: Swagger is banned
|rule|Baton Pass Clause: Limit one PokÃ©mon knowing Baton Pass
|rule|Sleep Clause Mod: Limit one foe put to sleep
|rule|Species Clause: Limit one of each PokÃ©mon
|rule|OHKO Clause: OHKO moves are banned
|rule|Moody Clause: Moody is banned
|rule|Evasion Moves Clause: Evasion moves are banned
|rule|Endless Battle Clause: Forcing endless battles is banned
|rule|HP Percentage Mod: HP is shown in percentages
|teampreview
|
|start
|switch|p1a: Darmanitan|Darmanitan, F|351\/351
|switch|p2a: Keldeo|Keldeo|323\/323
|turn|1
|
|move|p1a: Darmanitan|U-turn|p2a: Keldeo
|-crit|p2a: Keldeo
|-resisted|p2a: Keldeo
|-damage|p2a: Keldeo|249\/323
|
|switch|p1a: Vaporeon|Vaporeon, M|464\/464
|move|p2a: Keldeo|Scald|p1a: Vaporeon
|-immune|p1a: Vaporeon|[msg]
|
|-heal|p2a: Keldeo|269\/323|[from] item: Leftovers
|turn|2
|
|move|p2a: Keldeo|Substitute|p2a: Keldeo
|-start|p2a: Keldeo|Substitute
|-damage|p2a: Keldeo|189\/323
|move|p1a: Vaporeon|Scald|p2a: Keldeo
|-resisted|p2a: Keldeo
|-activate|p2a: Keldeo|Substitute|[damage]
|
|-heal|p2a: Keldeo|209\/323|[from] item: Leftovers
|turn|3
|
|move|p2a: Keldeo|Calm Mind|p2a: Keldeo
|-boost|p2a: Keldeo|spa|1
|-boost|p2a: Keldeo|spd|1
|move|p1a: Vaporeon|Scald|p2a: Keldeo
|-resisted|p2a: Keldeo
|-end|p2a: Keldeo|Substitute
|
|-heal|p2a: Keldeo|229\/323|[from] item: Leftovers
|turn|4
|
|switch|p1a: Steelix|Steelix, F|354\/354
|move|p2a: Keldeo|Substitute|p2a: Keldeo
|-start|p2a: Keldeo|Substitute
|-damage|p2a: Keldeo|149\/323
|
|-heal|p2a: Keldeo|169\/323|[from] item: Leftovers
|turn|5
|
|move|p2a: Keldeo|Scald|p1a: Steelix
|-supereffective|p1a: Steelix
|-activate|p1a: Steelix|Sturdy
|-damage|p1a: Steelix|1\/354
|-status|p1a: Steelix|brn
|move|p1a: Steelix|Roar|p2a: Keldeo
|drag|p2a: Ferrothorn|Ferrothorn, M|343\/343
|
|-damage|p1a: Steelix|0 fnt|[from] brn
|faint|p1a: Steelix
|
|switch|p1a: Darmanitan|Darmanitan, F|351\/351
|turn|6
|
|move|p2a: Ferrothorn|Protect|p2a: Ferrothorn
|-singleturn|p2a: Ferrothorn|Protect
|move|p1a: Darmanitan|Flare Blitz|p2a: Ferrothorn
|-activate|p2a: Ferrothorn|Protect
|
|turn|7
|
|switch|p1a: Conkeldurr|Conkeldurr, M|410\/410
|switch|p2a: Heatran|Heatran, M|369\/369
|
|turn|8
|
|switch|p2a: Landorus-Therian|Landorus-Therian, M|319\/319
|-ability|p2a: Landorus-Therian|Intimidate|[of] p1a: Conkeldurr
|-unboost|p1a: Conkeldurr|atk|1
|move|p1a: Conkeldurr|Knock Off|p2a: Landorus-Therian
|-damage|p2a: Landorus-Therian|222\/319
|-enditem|p2a: Landorus-Therian|Choice Scarf|[from] move: Knock Off|[of] p1a: Conkeldurr
|
|turn|9
|
|switch|p1a: Vaporeon|Vaporeon, M|464\/464
|move|p2a: Landorus-Therian|Earthquake|p1a: Vaporeon
|-damage|p1a: Vaporeon|277\/464
|
|-heal|p1a: Vaporeon|306\/464|[from] item: Leftovers
|turn|10
|
|switch|p2a: Keldeo|Keldeo|169\/323
|move|p1a: Vaporeon|Scald|p2a: Keldeo
|-resisted|p2a: Keldeo
|-damage|p2a: Keldeo|109\/323
|
|-heal|p2a: Keldeo|129\/323|[from] item: Leftovers
|-heal|p1a: Vaporeon|335\/464|[from] item: Leftovers
|turn|11
|
|switch|p1a: Conkeldurr|Conkeldurr, M|410\/410
|move|p2a: Keldeo|Substitute|p2a: Keldeo
|-start|p2a: Keldeo|Substitute
|-damage|p2a: Keldeo|49\/323
|
|-heal|p2a: Keldeo|69\/323|[from] item: Leftovers
|turn|12
|
|move|p2a: Keldeo|Scald|p1a: Conkeldurr
|-damage|p1a: Conkeldurr|265\/410
|-status|p1a: Conkeldurr|brn
|move|p1a: Conkeldurr|Drain Punch|p2a: Keldeo
|-crit|p2a: Keldeo
|-end|p2a: Keldeo|Substitute
|-heal|p1a: Conkeldurr|305\/410 brn|[from] drain|[of] p2a: Keldeo
|
|-heal|p2a: Keldeo|89\/323|[from] item: Leftovers
|-damage|p1a: Conkeldurr|254\/410 brn|[from] brn
|turn|13
|
|switch|p2a: Landorus-Therian|Landorus-Therian, M|222\/319
|-ability|p2a: Landorus-Therian|Intimidate|[of] p1a: Conkeldurr
|-unboost|p1a: Conkeldurr|atk|1
|move|p1a: Conkeldurr|Drain Punch|p2a: Landorus-Therian
|-resisted|p2a: Landorus-Therian
|-damage|p2a: Landorus-Therian|135\/319
|-heal|p1a: Conkeldurr|298\/410 brn|[from] drain|[of] p2a: Landorus-Therian
|
|-damage|p1a: Conkeldurr|247\/410 brn|[from] brn
|turn|14
|
|switch|p1a: Vaporeon|Vaporeon, M|335\/464
|move|p2a: Landorus-Therian|U-turn|p1a: Vaporeon
|-damage|p1a: Vaporeon|241\/464
|
|switch|p2a: Keldeo|Keldeo|89\/323
|
|-heal|p2a: Keldeo|109\/323|[from] item: Leftovers
|-heal|p1a: Vaporeon|270\/464|[from] item: Leftovers
|turn|15
|
|move|p2a: Keldeo|Substitute|p2a: Keldeo
|-start|p2a: Keldeo|Substitute
|-damage|p2a: Keldeo|29\/323
|move|p1a: Vaporeon|Wish|p1a: Vaporeon
|
|-heal|p2a: Keldeo|49\/323|[from] item: Leftovers
|-heal|p1a: Vaporeon|299\/464|[from] item: Leftovers
|turn|16
|
|switch|p1a: Conkeldurr|Conkeldurr, M|247\/410 brn
|move|p2a: Keldeo|Calm Mind|p2a: Keldeo
|-boost|p2a: Keldeo|spa|1
|-boost|p2a: Keldeo|spd|1
|
|-heal|p1a: Conkeldurr|410\/410 brn|[from] move: Wish|[wisher] Vaporeon
|-heal|p2a: Keldeo|69\/323|[from] item: Leftovers
|-damage|p1a: Conkeldurr|359\/410 brn|[from] brn
|turn|17
|
|move|p2a: Keldeo|Secret Sword|p1a: Conkeldurr
|-damage|p1a: Conkeldurr|134\/410 brn
|move|p1a: Conkeldurr|Drain Punch|p2a: Keldeo
|-crit|p2a: Keldeo
|-end|p2a: Keldeo|Substitute
|-heal|p1a: Conkeldurr|174\/410 brn|[from] drain|[of] p2a: Keldeo
|
|-heal|p2a: Keldeo|89\/323|[from] item: Leftovers
|-damage|p1a: Conkeldurr|123\/410 brn|[from] brn
|turn|18
|
|switch|p2a: Landorus-Therian|Landorus-Therian, M|135\/319
|-ability|p2a: Landorus-Therian|Intimidate|[of] p1a: Conkeldurr
|-unboost|p1a: Conkeldurr|atk|1
|move|p1a: Conkeldurr|Mach Punch|p2a: Landorus-Therian
|-resisted|p2a: Landorus-Therian
|-damage|p2a: Landorus-Therian|92\/319
|
|-damage|p1a: Conkeldurr|72\/410 brn|[from] brn
|turn|19
|
|move|p1a: Conkeldurr|Mach Punch|p2a: Landorus-Therian
|-resisted|p2a: Landorus-Therian
|-damage|p2a: Landorus-Therian|45\/319
|move|p2a: Landorus-Therian|Earthquake|p1a: Conkeldurr
|-damage|p1a: Conkeldurr|0 fnt
|faint|p1a: Conkeldurr
|
|
|switch|p1a: Dragonite|Dragonite, F|324\/324
|turn|20
|
|move|p2a: Landorus-Therian|Stone Edge|p1a: Dragonite
|-crit|p1a: Dragonite
|-supereffective|p1a: Dragonite
|-damage|p1a: Dragonite|112\/324
|move|p1a: Dragonite|Dragon Dance|p1a: Dragonite
|-boost|p1a: Dragonite|atk|1
|-boost|p1a: Dragonite|spe|1
|
|turn|21
|
|move|p1a: Dragonite|Extreme Speed|p2a: Landorus-Therian
|-damage|p2a: Landorus-Therian|0 fnt
|faint|p2a: Landorus-Therian
|
|
|switch|p2a: Latias|Latias, F|301\/301
|turn|22
|
|move|p1a: Dragonite|Dragon Claw|p2a: Latias
|-supereffective|p2a: Latias
|-damage|p2a: Latias|0 fnt
|faint|p2a: Latias
|
|
|switch|p2a: Keldeo|Keldeo|89\/323
|turn|23
|
|switch|p2a: Ferrothorn|Ferrothorn, M|343\/343
|move|p1a: Dragonite|Extreme Speed|p2a: Ferrothorn
|-resisted|p2a: Ferrothorn
|-damage|p2a: Ferrothorn|296\/343
|-damage|p1a: Dragonite|72\/324|[from] ability: Iron Barbs|[of] p2a: Ferrothorn
|
|-heal|p2a: Ferrothorn|317\/343|[from] item: Leftovers
|turn|24
|
|move|p1a: Dragonite|Earthquake|p2a: Ferrothorn
|-damage|p2a: Ferrothorn|200\/343
|move|p2a: Ferrothorn|Leech Seed|p1a: Dragonite
|-start|p1a: Dragonite|move: Leech Seed
|
|-heal|p2a: Ferrothorn|221\/343|[from] item: Leftovers
|-damage|p1a: Dragonite|32\/324|[from] Leech Seed|[of] p2a: Ferrothorn
|-heal|p2a: Ferrothorn|261\/343|[silent]
|turn|25
|
|move|p2a: Ferrothorn|Protect|p2a: Ferrothorn
|-singleturn|p2a: Ferrothorn|Protect
|move|p1a: Dragonite|Earthquake|p2a: Ferrothorn
|-activate|p2a: Ferrothorn|Protect
|
|-heal|p2a: Ferrothorn|282\/343|[from] item: Leftovers
|-damage|p1a: Dragonite|0 fnt|[from] Leech Seed|[of] p2a: Ferrothorn
|-heal|p2a: Ferrothorn|314\/343|[silent]
|faint|p1a: Dragonite
|
|switch|p1a: Darmanitan|Darmanitan, F|351\/351
|turn|26
|
|switch|p2a: Keldeo|Keldeo|89\/323
|move|p1a: Darmanitan|Earthquake|p2a: Keldeo
|-damage|p2a: Keldeo|0 fnt
|faint|p2a: Keldeo
|
|
|switch|p2a: Ferrothorn|Ferrothorn, M|314\/343
|turn|27
|
|switch|p1a: Cryogonal|Cryogonal|344\/344
|move|p2a: Ferrothorn|Power Whip|p1a: Cryogonal
|-damage|p1a: Cryogonal|4\/344
|-enditem|p1a: Cryogonal|Sitrus Berry|[eat]
|-heal|p1a: Cryogonal|90\/344|[from] item: Sitrus Berry
|
|-heal|p2a: Ferrothorn|335\/343|[from] item: Leftovers
|turn|28
|
|switch|p2a: Heatran|Heatran, M|369\/369
|move|p1a: Cryogonal|Freeze-Dry|p2a: Heatran
|-resisted|p2a: Heatran
|-damage|p2a: Heatran|357\/369
|
|-heal|p2a: Heatran|369\/369|[from] item: Leftovers
|turn|29
|
|switch|p1a: Vaporeon|Vaporeon, M|299\/464
|move|p2a: Heatran|Stealth Rock|p1a: Vaporeon
|-sidestart|p1: Blackfenix19|move: Stealth Rock
|
|-heal|p1a: Vaporeon|328\/464|[from] item: Leftovers
|turn|30
|
|move|p2a: Heatran|Toxic|p1a: Vaporeon
|-status|p1a: Vaporeon|tox
|move|p1a: Vaporeon|Scald|p2a: Heatran
|-supereffective|p2a: Heatran
|-damage|p2a: Heatran|229\/369
|
|-heal|p2a: Heatran|252\/369|[from] item: Leftovers
|-heal|p1a: Vaporeon|357\/464 tox|[from] item: Leftovers
|-damage|p1a: Vaporeon|328\/464 tox|[from] psn
|turn|31
|
|switch|p2a: Diancie|Diancie|241\/241
|move|p1a: Vaporeon|Scald|p2a: Diancie
|-supereffective|p2a: Diancie
|-damage|p2a: Diancie|103\/241
|
|-heal|p1a: Vaporeon|357\/464 tox|[from] item: Leftovers
|-damage|p1a: Vaporeon|299\/464 tox|[from] psn
|turn|32
|
|detailschange|p2a: Diancie|Diancie-Mega
|-mega|p2a: Diancie|Diancie|Diancite
|move|p2a: Diancie|Moonblast|p1a: Vaporeon
|-damage|p1a: Vaporeon|80\/464 tox
|move|p1a: Vaporeon|Scald|p2a: Diancie
|-supereffective|p2a: Diancie
|-damage|p2a: Diancie|0 fnt
|faint|p2a: Diancie
|
|-heal|p1a: Vaporeon|109\/464 tox|[from] item: Leftovers
|-damage|p1a: Vaporeon|22\/464 tox|[from] psn
|
|switch|p2a: Ferrothorn|Ferrothorn, M|335\/343
|turn|33
|
|move|p2a: Ferrothorn|Protect|p2a: Ferrothorn
|-singleturn|p2a: Ferrothorn|Protect
|move|p1a: Vaporeon|Wish|p1a: Vaporeon
|
|-heal|p1a: Vaporeon|51\/464 tox|[from] item: Leftovers
|-heal|p2a: Ferrothorn|343\/343|[from] item: Leftovers
|-damage|p1a: Vaporeon|0 fnt|[from] psn
|faint|p1a: Vaporeon
|
|switch|p1a: Darmanitan|Darmanitan, F|351\/351
|-damage|p1a: Darmanitan|264\/351|[from] Stealth Rock
|turn|34
|join|Nemonu
|
|move|p2a: Ferrothorn|Protect|p2a: Ferrothorn
|-fail|p2a: Ferrothorn
|move|p1a: Darmanitan|Flare Blitz|p2a: Ferrothorn
|-supereffective|p2a: Ferrothorn
|-damage|p2a: Ferrothorn|0 fnt
|-damage|p1a: Darmanitan|221\/351|[from] ability: Iron Barbs|[of] p2a: Ferrothorn
|-damage|p1a: Darmanitan|108\/351|[from] recoil|[of] p2a: Ferrothorn
|faint|p2a: Ferrothorn
|
|-heal|p1a: Darmanitan|340\/351|[from] move: Wish|[wisher] Vaporeon
|
|switch|p2a: Heatran|Heatran, M|252\/369
|turn|35
|-message|Teddeh forfeited.
|leave|Teddeh
|
|switch|p1a: Cryogonal|Cryogonal|90\/344
|-damage|p1a: Cryogonal|4\/344|[from] Stealth Rock
|move|p2a: Heatran|Lava Plume|p1a: Cryogonal
|-supereffective|p1a: Cryogonal
|-damage|p1a: Cryogonal|0 fnt
|faint|p1a: Cryogonal
|
|-heal|p2a: Heatran|275\/369|[from] item: Leftovers
|
|win|Blackfenix19
|raw|Ladder updating...
|raw|Blackfenix19's rating: 1432 &rarr; <strong>1452<\/strong><br \/>(+20 for winning)
|raw|Teddeh's rating: 1435 &rarr; <strong>1415<\/strong><br \/>(-20 for losing)
|player|p2