|join|Blackfenix19
|join|bstella1
|player|p1|Blackfenix19|102
|player|p2|bstella1|169
|gametype|singles
|gen|6
|tier|OU
|rated
|clearpoke
|poke|p1|Skarmory, F
|poke|p1|Sharpedo, M
|poke|p1|Rotom-Wash
|poke|p1|Goodra, F
|poke|p1|Hitmontop, M
|poke|p1|Darmanitan, F
|poke|p2|Sceptile, M
|poke|p2|Gyarados, M
|poke|p2|Heatran, F
|poke|p2|Landorus-Therian, M
|poke|p2|Clefable, F
|poke|p2|Tyranitar, M, shiny
|rule|Swagger Clause: Swagger is banned
|rule|Baton Pass Clause: Limit one PokÃ©mon knowing Baton Pass
|rule|Sleep Clause Mod: Limit one foe put to sleep
|rule|Species Clause: Limit one of each PokÃ©mon
|rule|OHKO Clause: OHKO moves are banned
|rule|Moody Clause: Moody is banned
|rule|Evasion Moves Clause: Evasion moves are banned
|rule|Endless Battle Clause: Forcing endless battles is banned
|rule|HP Percentage Mod: HP is shown in percentages
|teampreview
|
|start
|switch|p1a: Darmanitan|Darmanitan, F|351\/351
|switch|p2a: Landorus-Therian|Landorus-Therian, M|324\/324
|-ability|p2a: Landorus-Therian|Intimidate|[of] p1a: Darmanitan
|-unboost|p1a: Darmanitan|atk|1
|turn|1
|
|move|p1a: Darmanitan|U-turn|p2a: Landorus-Therian
|-resisted|p2a: Landorus-Therian
|-damage|p2a: Landorus-Therian|293\/324
|
|switch|p1a: Skarmory|Skarmory, F|334\/334
|move|p2a: Landorus-Therian|U-turn|p1a: Skarmory
|-resisted|p1a: Skarmory
|-damage|p1a: Skarmory|322\/334
|-damage|p2a: Landorus-Therian|239\/324|[from] item: Rocky Helmet|[of] p1a: Skarmory
|
|switch|p2a: Heatran|Heatran, F|386\/386
|
|turn|2
|
|switch|p1a: Hitmontop|Hitmontop, M|304\/304
|-ability|p1a: Hitmontop|Intimidate|[of] p2a: Heatran
|-unboost|p2a: Heatran|atk|1
|move|p2a: Heatran|Lava Plume|p1a: Hitmontop
|-damage|p1a: Hitmontop|237\/304
|-status|p1a: Hitmontop|brn
|
|-damage|p1a: Hitmontop|199\/304 brn|[from] brn
|turn|3
|
|move|p2a: Heatran|Taunt|p1a: Hitmontop
|-start|p1a: Hitmontop|move: Taunt
|move|p1a: Hitmontop|Close Combat|p2a: Heatran
|-supereffective|p2a: Heatran
|-damage|p2a: Heatran|194\/386
|-unboost|p1a: Hitmontop|def|1
|-unboost|p1a: Hitmontop|spd|1
|
|-heal|p2a: Heatran|218\/386|[from] item: Leftovers
|-damage|p1a: Hitmontop|161\/304 brn|[from] brn
|turn|4
|
|switch|p2a: Clefable|Clefable, F|394\/394
|switch|p1a: Rotom-Wash|Rotom-Wash|304\/304
|
|turn|5
|
|switch|p2a: Sceptile|Sceptile, M|292\/292
|move|p1a: Rotom-Wash|Volt Switch|p2a: Sceptile
|-resisted|p2a: Sceptile
|-damage|p2a: Sceptile|237\/292
|
|switch|p1a: Skarmory|Skarmory, F|322\/334
|
|turn|6
|
|detailschange|p2a: Sceptile|Sceptile-Mega, M
|-mega|p2a: Sceptile|Sceptile|Sceptilite
|move|p2a: Sceptile|Substitute|p2a: Sceptile
|-start|p2a: Sceptile|Substitute
|-damage|p2a: Sceptile|164\/292
|move|p1a: Skarmory|Stealth Rock|p2a: Sceptile
|-sidestart|p2: bstella1|move: Stealth Rock
|
|turn|7
|
|move|p2a: Sceptile|Focus Blast|p1a: Skarmory|[miss]
|-miss|p2a: Sceptile|p1a: Skarmory
|move|p1a: Skarmory|Whirlwind|p2a: Sceptile
|drag|p2a: Tyranitar|Tyranitar, M, shiny|404\/404
|-damage|p2a: Tyranitar|354\/404|[from] Stealth Rock
|-weather|Sandstorm
|
|-weather|Sandstorm|[upkeep]
|-heal|p2a: Tyranitar|379\/404|[from] item: Leftovers
|turn|8
|
|switch|p1a: Hitmontop|Hitmontop, M|161\/304 brn
|-ability|p1a: Hitmontop|Intimidate|[of] p2a: Tyranitar
|-unboost|p2a: Tyranitar|atk|1
|move|p2a: Tyranitar|Thunderbolt|p1a: Hitmontop
|-damage|p1a: Hitmontop|110\/304 brn
|
|-weather|Sandstorm|[upkeep]
|-damage|p1a: Hitmontop|91\/304 brn|[from] sandstorm
|-heal|p2a: Tyranitar|404\/404|[from] item: Leftovers
|-damage|p1a: Hitmontop|53\/304 brn|[from] brn
|turn|9
|
|switch|p2a: Clefable|Clefable, F|394\/394
|-damage|p2a: Clefable|345\/394|[from] Stealth Rock
|move|p1a: Hitmontop|Close Combat|p2a: Clefable
|-resisted|p2a: Clefable
|-damage|p2a: Clefable|303\/394
|-unboost|p1a: Hitmontop|def|1
|-unboost|p1a: Hitmontop|spd|1
|
|-weather|Sandstorm|[upkeep]
|-damage|p1a: Hitmontop|34\/304 brn|[from] sandstorm
|-damage|p2a: Clefable|279\/394|[from] sandstorm
|-heal|p2a: Clefable|303\/394|[from] item: Leftovers
|-damage|p1a: Hitmontop|0 fnt|[from] brn
|faint|p1a: Hitmontop
|
|switch|p1a: Rotom-Wash|Rotom-Wash|304\/304
|turn|10
|
|move|p2a: Clefable|Protect|p2a: Clefable
|-singleturn|p2a: Clefable|Protect
|move|p1a: Rotom-Wash|Will-O-Wisp|p2a: Clefable
|-activate|p2a: Clefable|Protect
|
|-weather|Sandstorm|[upkeep]
|-damage|p1a: Rotom-Wash|285\/304|[from] sandstorm
|-damage|p2a: Clefable|279\/394|[from] sandstorm
|-heal|p2a: Clefable|303\/394|[from] item: Leftovers
|turn|11
|
|move|p1a: Rotom-Wash|Hydro Pump|p2a: Clefable
|-damage|p2a: Clefable|140\/394
|move|p2a: Clefable|Wish|p2a: Clefable
|
|-weather|none
|-heal|p2a: Clefable|164\/394|[from] item: Leftovers
|turn|12
|
|move|p2a: Clefable|Protect|p2a: Clefable
|-singleturn|p2a: Clefable|Protect
|move|p1a: Rotom-Wash|Hydro Pump|p2a: Clefable
|-activate|p2a: Clefable|Protect
|
|-heal|p2a: Clefable|361\/394|[from] move: Wish|[wisher] Clefable
|-heal|p2a: Clefable|385\/394|[from] item: Leftovers
|turn|13
|
|move|p1a: Rotom-Wash|Will-O-Wisp|p2a: Clefable
|-status|p2a: Clefable|brn
|move|p2a: Clefable|Wish|p2a: Clefable
|
|-heal|p2a: Clefable|394\/394 brn|[from] item: Leftovers
|-damage|p2a: Clefable|345\/394 brn|[from] brn
|turn|14
|
|switch|p2a: Sceptile|Sceptile-Mega, M|164\/292
|-damage|p2a: Sceptile|128\/292|[from] Stealth Rock
|move|p1a: Rotom-Wash|Volt Switch|p2a: Sceptile
|-boost|p2a: Sceptile|spa|1|[from] ability: Lightning Rod
|
|-heal|p2a: Sceptile|292\/292|[from] move: Wish|[wisher] Clefable
|turn|15
|
|switch|p1a: Goodra|Goodra, F|384\/384
|move|p2a: Sceptile|Focus Blast|p1a: Goodra
|-damage|p1a: Goodra|237\/384
|-unboost|p1a: Goodra|spd|1
|
|-heal|p1a: Goodra|261\/384|[from] item: Leftovers
|turn|16
|
|move|p2a: Sceptile|Dragon Pulse|p1a: Goodra
|-supereffective|p1a: Goodra
|-damage|p1a: Goodra|0 fnt
|faint|p1a: Goodra
|
|
|switch|p1a: Darmanitan|Darmanitan, F|351\/351
|turn|17
|
|switch|p2a: Gyarados|Gyarados, M|353\/353
|-damage|p2a: Gyarados|265\/353|[from] Stealth Rock
|-ability|p2a: Gyarados|Intimidate|[of] p1a: Darmanitan
|-unboost|p1a: Darmanitan|atk|1
|move|p1a: Darmanitan|U-turn|p2a: Gyarados
|-resisted|p2a: Gyarados
|-damage|p2a: Gyarados|231\/353
|
|switch|p1a: Rotom-Wash|Rotom-Wash|285\/304
|
|-heal|p2a: Gyarados|253\/353|[from] item: Leftovers
|turn|18
|
|switch|p2a: Sceptile|Sceptile-Mega, M|292\/292
|-damage|p2a: Sceptile|256\/292|[from] Stealth Rock
|move|p1a: Rotom-Wash|Will-O-Wisp|p2a: Sceptile
|-status|p2a: Sceptile|brn
|
|-damage|p2a: Sceptile|220\/292 brn|[from] brn
|turn|19
|
|switch|p1a: Skarmory|Skarmory, F|322\/334
|move|p2a: Sceptile|Giga Drain|p1a: Skarmory
|-resisted|p1a: Skarmory
|-damage|p1a: Skarmory|267\/334
|-heal|p2a: Sceptile|248\/292 brn|[from] drain|[of] p1a: Skarmory
|
|-damage|p2a: Sceptile|212\/292 brn|[from] brn
|turn|20
|
|switch|p2a: Tyranitar|Tyranitar, M, shiny|404\/404
|-damage|p2a: Tyranitar|354\/404|[from] Stealth Rock
|-weather|Sandstorm
|move|p1a: Skarmory|Brave Bird|p2a: Tyranitar
|-resisted|p2a: Tyranitar
|-damage|p2a: Tyranitar|304\/404
|-damage|p1a: Skarmory|250\/334|[from] recoil|[of] p2a: Tyranitar
|
|-weather|Sandstorm|[upkeep]
|-heal|p2a: Tyranitar|329\/404|[from] item: Leftovers
|turn|21
|
|switch|p1a: Rotom-Wash|Rotom-Wash|285\/304
|move|p2a: Tyranitar|Stealth Rock|p1a: Rotom-Wash
|-sidestart|p1: Blackfenix19|move: Stealth Rock
|
|-weather|Sandstorm|[upkeep]
|-damage|p1a: Rotom-Wash|266\/304|[from] sandstorm
|-heal|p2a: Tyranitar|354\/404|[from] item: Leftovers
|turn|22
|
|switch|p2a: Clefable|Clefable, F|345\/394 brn
|-damage|p2a: Clefable|296\/394 brn|[from] Stealth Rock
|move|p1a: Rotom-Wash|Hydro Pump|p2a: Clefable|[miss]
|-miss|p1a: Rotom-Wash|p2a: Clefable
|
|-weather|Sandstorm|[upkeep]
|-damage|p1a: Rotom-Wash|247\/304|[from] sandstorm
|-damage|p2a: Clefable|272\/394 brn|[from] sandstorm
|-heal|p2a: Clefable|296\/394 brn|[from] item: Leftovers
|-damage|p2a: Clefable|247\/394 brn|[from] brn
|turn|23
|
|move|p2a: Clefable|Protect|p2a: Clefable
|-singleturn|p2a: Clefable|Protect
|move|p1a: Rotom-Wash|Hydro Pump|p2a: Clefable
|-activate|p2a: Clefable|Protect
|
|-weather|Sandstorm|[upkeep]
|-damage|p1a: Rotom-Wash|228\/304|[from] sandstorm
|-damage|p2a: Clefable|223\/394 brn|[from] sandstorm
|-heal|p2a: Clefable|247\/394 brn|[from] item: Leftovers
|-damage|p2a: Clefable|198\/394 brn|[from] brn
|turn|24
|
|move|p1a: Rotom-Wash|Hydro Pump|p2a: Clefable
|-damage|p2a: Clefable|27\/394 brn
|move|p2a: Clefable|Wish|p2a: Clefable
|
|-weather|none
|-heal|p2a: Clefable|51\/394 brn|[from] item: Leftovers
|-damage|p2a: Clefable|2\/394 brn|[from] brn
|turn|25
|
|move|p2a: Clefable|Protect|p2a: Clefable
|-singleturn|p2a: Clefable|Protect
|move|p1a: Rotom-Wash|Hydro Pump|p2a: Clefable
|-activate|p2a: Clefable|Protect
|
|-heal|p2a: Clefable|199\/394 brn|[from] move: Wish|[wisher] Clefable
|-heal|p2a: Clefable|223\/394 brn|[from] item: Leftovers
|-damage|p2a: Clefable|174\/394 brn|[from] brn
|turn|26
|
|move|p1a: Rotom-Wash|Volt Switch|p2a: Clefable
|-damage|p2a: Clefable|68\/394 brn
|
|switch|p1a: Darmanitan|Darmanitan, F|351\/351
|-damage|p1a: Darmanitan|264\/351|[from] Stealth Rock
|move|p2a: Clefable|Wish|p2a: Clefable
|
|-heal|p2a: Clefable|92\/394 brn|[from] item: Leftovers
|-damage|p2a: Clefable|43\/394 brn|[from] brn
|turn|27
|
|move|p2a: Clefable|Protect|p2a: Clefable
|-singleturn|p2a: Clefable|Protect
|move|p1a: Darmanitan|Earthquake|p2a: Clefable
|-activate|p2a: Clefable|Protect
|
|-heal|p2a: Clefable|240\/394 brn|[from] move: Wish|[wisher] Clefable
|-heal|p2a: Clefable|264\/394 brn|[from] item: Leftovers
|-damage|p2a: Clefable|215\/394 brn|[from] brn
|turn|28
|
|switch|p1a: Rotom-Wash|Rotom-Wash|228\/304
|-damage|p1a: Rotom-Wash|190\/304|[from] Stealth Rock
|switch|p2a: Gyarados|Gyarados, M|253\/353
|-damage|p2a: Gyarados|165\/353|[from] Stealth Rock
|-ability|p2a: Gyarados|Intimidate|[of] p1a: Rotom-Wash
|-unboost|p1a: Rotom-Wash|atk|1
|
|-heal|p2a: Gyarados|187\/353|[from] item: Leftovers
|turn|29
|
|switch|p2a: Landorus-Therian|Landorus-Therian, M|239\/324
|-damage|p2a: Landorus-Therian|199\/324|[from] Stealth Rock
|-ability|p2a: Landorus-Therian|Intimidate|[of] p1a: Rotom-Wash
|-unboost|p1a: Rotom-Wash|atk|1
|move|p1a: Rotom-Wash|Hydro Pump|p2a: Landorus-Therian
|-supereffective|p2a: Landorus-Therian
|-damage|p2a: Landorus-Therian|0 fnt
|faint|p2a: Landorus-Therian
|
|
|switch|p2a: Clefable|Clefable, F|215\/394 brn
|-damage|p2a: Clefable|166\/394 brn|[from] Stealth Rock
|turn|30
|
|move|p1a: Rotom-Wash|Hydro Pump|p2a: Clefable|[miss]
|-miss|p1a: Rotom-Wash|p2a: Clefable
|move|p2a: Clefable|Wish|p2a: Clefable
|
|-heal|p2a: Clefable|190\/394 brn|[from] item: Leftovers
|-damage|p2a: Clefable|141\/394 brn|[from] brn
|turn|31
|
|move|p2a: Clefable|Protect|p2a: Clefable
|-singleturn|p2a: Clefable|Protect
|move|p1a: Rotom-Wash|Volt Switch|p2a: Clefable
|-activate|p2a: Clefable|Protect
|
|-heal|p2a: Clefable|338\/394 brn|[from] move: Wish|[wisher] Clefable
|-heal|p2a: Clefable|362\/394 brn|[from] item: Leftovers
|-damage|p2a: Clefable|313\/394 brn|[from] brn
|turn|32
|
|move|p1a: Rotom-Wash|Pain Split|p2a: Clefable
|-sethp|p2a: Clefable|251\/394 brn|p1a: Rotom-Wash|251\/304|[from] move: Pain Split
|move|p2a: Clefable|Heal Bell|p2a: Clefable
|-cureteam|p2a: Clefable|[from] move: HealBell
|
|-heal|p2a: Clefable|275\/394|[from] item: Leftovers
|turn|33
|
|move|p1a: Rotom-Wash|Will-O-Wisp|p2a: Clefable
|-status|p2a: Clefable|brn
|move|p2a: Clefable|Wish|p2a: Clefable
|
|-heal|p2a: Clefable|299\/394 brn|[from] item: Leftovers
|-damage|p2a: Clefable|250\/394 brn|[from] brn
|turn|34
|
|switch|p2a: Heatran|Heatran, F|218\/386
|-damage|p2a: Heatran|170\/386|[from] Stealth Rock
|move|p1a: Rotom-Wash|Will-O-Wisp|p2a: Heatran
|-start|p2a: Heatran|ability: Flash Fire
|
|-heal|p2a: Heatran|367\/386|[from] move: Wish|[wisher] Clefable
|-heal|p2a: Heatran|386\/386|[from] item: Leftovers
|turn|35
|
|move|p1a: Rotom-Wash|Volt Switch|p2a: Heatran
|-damage|p2a: Heatran|322\/386
|
|switch|p1a: Darmanitan|Darmanitan, F|264\/351
|-damage|p1a: Darmanitan|177\/351|[from] Stealth Rock
|move|p2a: Heatran|Toxic|p1a: Darmanitan
|-status|p1a: Darmanitan|tox
|
|-heal|p2a: Heatran|346\/386|[from] item: Leftovers
|-damage|p1a: Darmanitan|156\/351 tox|[from] psn
|turn|36
|
|switch|p2a: Gyarados|Gyarados, M|187\/353
|-damage|p2a: Gyarados|99\/353|[from] Stealth Rock
|-ability|p2a: Gyarados|Intimidate|[of] p1a: Darmanitan
|-unboost|p1a: Darmanitan|atk|1
|move|p1a: Darmanitan|U-turn|p2a: Gyarados
|-resisted|p2a: Gyarados
|-damage|p2a: Gyarados|64\/353
|
|switch|p1a: Sharpedo|Sharpedo, M|282\/282
|-damage|p1a: Sharpedo|247\/282|[from] Stealth Rock
|
|-heal|p2a: Gyarados|86\/353|[from] item: Leftovers
|turn|37
|
|move|p1a: Sharpedo|Crunch|p2a: Gyarados
|-damage|p2a: Gyarados|0 fnt
|faint|p2a: Gyarados
|
|-boost|p1a: Sharpedo|spe|1|[from] ability: Speed Boost
|
|switch|p2a: Tyranitar|Tyranitar, M, shiny|354\/404
|-damage|p2a: Tyranitar|304\/404|[from] Stealth Rock
|-weather|Sandstorm
|turn|38
|
|detailschange|p1a: Sharpedo|Sharpedo-Mega, M
|-mega|p1a: Sharpedo|Sharpedo|Sharpedonite
|move|p1a: Sharpedo|Waterfall|p2a: Tyranitar
|-crit|p2a: Tyranitar
|-supereffective|p2a: Tyranitar
|-damage|p2a: Tyranitar|0 fnt
|faint|p2a: Tyranitar
|
|-weather|Sandstorm|[upkeep]
|-damage|p1a: Sharpedo|230\/282|[from] sandstorm
|
|switch|p2a: Clefable|Clefable, F|250\/394 brn
|-damage|p2a: Clefable|201\/394 brn|[from] Stealth Rock
|turn|39
|
|move|p1a: Sharpedo|Waterfall|p2a: Clefable
|-damage|p2a: Clefable|51\/394 brn
|move|p2a: Clefable|Moonblast|p1a: Sharpedo
|-supereffective|p1a: Sharpedo
|-damage|p1a: Sharpedo|0 fnt
|faint|p1a: Sharpedo
|
|-weather|Sandstorm|[upkeep]
|-damage|p2a: Clefable|27\/394 brn|[from] sandstorm
|-heal|p2a: Clefable|51\/394 brn|[from] item: Leftovers
|-damage|p2a: Clefable|2\/394 brn|[from] brn
|
|switch|p1a: Skarmory|Skarmory, F|250\/334
|-damage|p1a: Skarmory|209\/334|[from] Stealth Rock
|turn|40
|
|move|p1a: Skarmory|Roost|p1a: Skarmory
|-heal|p1a: Skarmory|334\/334
|move|p2a: Clefable|Wish|p2a: Clefable
|
|-weather|Sandstorm|[upkeep]
|-damage|p2a: Clefable|0 fnt|[from] sandstorm
|faint|p2a: Clefable
|
|switch|p2a: Heatran|Heatran, F|346\/386
|-damage|p2a: Heatran|298\/386|[from] Stealth Rock
|turn|41
|
|switch|p1a: Rotom-Wash|Rotom-Wash|251\/304
|-damage|p1a: Rotom-Wash|213\/304|[from] Stealth Rock
|move|p2a: Heatran|Lava Plume|p1a: Rotom-Wash
|-resisted|p1a: Rotom-Wash
|-damage|p1a: Rotom-Wash|166\/304
|
|-weather|Sandstorm|[upkeep]
|-damage|p1a: Rotom-Wash|147\/304|[from] sandstorm
|-heal|p2a: Heatran|386\/386|[from] move: Wish|[wisher] Clefable
|-enditem|p1a: Rotom-Wash|Sitrus Berry|[eat]
|-heal|p1a: Rotom-Wash|223\/304|[from] item: Sitrus Berry
|turn|42
|
|move|p1a: Rotom-Wash|Will-O-Wisp|p2a: Heatran
|-start|p2a: Heatran|ability: Flash Fire
|move|p2a: Heatran|Toxic|p1a: Rotom-Wash|[miss]
|-miss|p2a: Heatran|p1a: Rotom-Wash
|
|-weather|none
|turn|43
|
|move|p1a: Rotom-Wash|Will-O-Wisp|p2a: Heatran
|-immune|p2a: Heatran|[msg]
|move|p2a: Heatran|Lava Plume|p1a: Rotom-Wash
|-resisted|p1a: Rotom-Wash
|-damage|p1a: Rotom-Wash|146\/304
|-status|p1a: Rotom-Wash|brn
|
|-damage|p1a: Rotom-Wash|108\/304 brn|[from] brn
|turn|44
|
|move|p1a: Rotom-Wash|Pain Split|p2a: Heatran
|-sethp|p2a: Heatran|247\/386|p1a: Rotom-Wash|247\/304 brn|[from] move: Pain Split
|move|p2a: Heatran|Taunt|p1a: Rotom-Wash
|-start|p1a: Rotom-Wash|move: Taunt
|
|-heal|p2a: Heatran|271\/386|[from] item: Leftovers
|-damage|p1a: Rotom-Wash|209\/304 brn|[from] brn
|turn|45
|
|switch|p1a: Skarmory|Skarmory, F|334\/334
|-damage|p1a: Skarmory|293\/334|[from] Stealth Rock
|move|p2a: Heatran|Lava Plume|p1a: Skarmory
|-supereffective|p1a: Skarmory
|-damage|p1a: Skarmory|0 fnt
|faint|p1a: Skarmory
|
|-heal|p2a: Heatran|295\/386|[from] item: Leftovers
|
|switch|p1a: Darmanitan|Darmanitan, F|156\/351 tox
|-damage|p1a: Darmanitan|69\/351 tox|[from] Stealth Rock
|turn|46
|
|switch|p2a: Sceptile|Sceptile-Mega, M|212\/292
|-damage|p2a: Sceptile|176\/292|[from] Stealth Rock
|move|p1a: Darmanitan|Earthquake|p2a: Sceptile
|-resisted|p2a: Sceptile
|-damage|p2a: Sceptile|91\/292
|
|-damage|p1a: Darmanitan|48\/351 tox|[from] psn
|turn|47
|
|move|p1a: Darmanitan|Earthquake|p2a: Sceptile
|-resisted|p2a: Sceptile
|-damage|p2a: Sceptile|14\/292
|move|p2a: Sceptile|Giga Drain|p1a: Darmanitan
|-resisted|p1a: Darmanitan
|-damage|p1a: Darmanitan|0 fnt
|-heal|p2a: Sceptile|38\/292|[from] drain|[of] p1a: Darmanitan
|faint|p1a: Darmanitan
|
|-message|Blackfenix19 forfeited.
|leave|Blackfenix19
|
|win|bstella1
|raw|Ladder updating...
|player|p1
|raw|Blackfenix19's rating: 1431 &rarr; <strong>1411<\/strong><br \/>(-20 for losing)
|raw|bstella1's rating: 1429 &rarr; <strong>1449<\/strong><br \/>(+20 for winning)