|join|aushazard
|join|Blackfenix19
|player|p1|aushazard|190
|player|p2|Blackfenix19|1
|gametype|doubles
|gen|6
|tier|Smogon Doubles
|rated
|clearpoke
|poke|p1|Landorus-Therian, M
|poke|p1|Heatran, M
|poke|p1|Keldeo-Resolute
|poke|p1|Kangaskhan, F
|poke|p1|Zapdos
|poke|p1|Sylveon, F
|poke|p2|Charizard, M
|poke|p2|Garchomp, M
|poke|p2|Quagsire, F
|poke|p2|Clefable, F
|poke|p2|Rotom-Wash
|poke|p2|Infernape, F
|rule|Species Clause: Limit one of each PokÃ©mon
|rule|OHKO Clause: OHKO moves are banned
|rule|Moody Clause: Moody is banned
|rule|Evasion Abilities Clause: Evasion abilities are banned
|rule|Evasion Moves Clause: Evasion moves are banned
|rule|Endless Battle Clause: Forcing endless battles is banned
|rule|HP Percentage Mod: HP is shown in percentages
|teampreview
|
|start
|switch|p1a: Sylveon|Sylveon, F|392\/392
|switch|p1b: Kangaskhan|Kangaskhan, F|414\/414
|switch|p2a: Infernape|Infernape, F|293\/293
|switch|p2b: Quagsire|Quagsire, F|394\/394
|turn|1
|
|detailschange|p1b: Kangaskhan|Kangaskhan-Mega, F
|message|Kangaskhan has Mega Evolved into Mega Kangaskhan!
|move|p2a: Infernape|Nasty Plot|p2a: Infernape
|-boost|p2a: Infernape|spa|2
|move|p1b: Kangaskhan|Return|p2a: Infernape
|-damage|p2a: Infernape|56\/293
|-damage|p2a: Infernape|0 fnt
|-hitcount|p2a: Infernape|2
|faint|p2a: Infernape
|move|p1a: Sylveon|Hyper Voice|p2b: Quagsire
|-crit|p2b: Quagsire
|-damage|p2b: Quagsire|0 fnt
|faint|p2b: Quagsire
|
|
|switch|p2b: Charizard|Charizard, M|297\/297
|switch|p2a: Garchomp|Garchomp, M|357\/357
|turn|2
|
|detailschange|p2b: Charizard|Charizard-Mega-Y, M
|message|Charizard has Mega Evolved into Mega Charizard!
|-weather|SunnyDay
|move|p2a: Garchomp|Iron Head|p1a: Sylveon
|-supereffective|p1a: Sylveon
|-damage|p1a: Sylveon|106\/392
|move|p2b: Charizard|Heat Wave|p1b: Kangaskhan
|-damage|p1a: Sylveon|0 fnt
|-miss|p2b: Charizard|p1b: Kangaskhan
|faint|p1a: Sylveon
|move|p1b: Kangaskhan|Return|p2b: Charizard
|-damage|p2b: Charizard|68\/297
|-damage|p2b: Charizard|0 fnt
|-hitcount|p2b: Charizard|2
|faint|p2b: Charizard
|
|-weather|SunnyDay|[upkeep]
|
|switch|p2b: Rotom-Wash|Rotom-Wash|241\/241
|switch|p1a: Zapdos|Zapdos|322\/322
|-ability|p1a: Zapdos|Pressure
|turn|3
|
|switch|p2a: Clefable|Clefable, F|394\/394
|switch|p1b: Heatran|Heatran, M|337\/337
|-item|p1b: Heatran|Air Balloon
|move|p1a: Zapdos|Hidden Power|p2a: Clefable
|-damage|p2a: Clefable|329\/394
|-damage|p1a: Zapdos|290\/322|[from] item: Life Orb
|move|p2b: Rotom-Wash|Hydro Pump|p1b: Heatran
|-supereffective|p1b: Heatran
|-damage|p1b: Heatran|95\/337
|-enditem|p1b: Heatran|Air Balloon
|
|-weather|SunnyDay|[upkeep]
|turn|4
|
|move|p1a: Zapdos|Thunderbolt|p2b: Rotom-Wash
|-damage|p2b: Rotom-Wash|58\/241
|-damage|p1a: Zapdos|258\/322|[from] item: Life Orb
|move|p2b: Rotom-Wash|Hydro Pump|p1b: Heatran|[miss]
|-miss|p2b: Rotom-Wash|p1b: Heatran
|move|p1b: Heatran|Flash Cannon|p2a: Clefable
|-supereffective|p2a: Clefable
|-damage|p2a: Clefable|81\/394
|-enditem|p2a: Clefable|Sitrus Berry|[eat]
|-heal|p2a: Clefable|179\/394|[from] item: Sitrus Berry
|move|p2a: Clefable|Calm Mind|p2a: Clefable
|-boost|p2a: Clefable|spa|1
|-boost|p2a: Clefable|spd|1
|
|-weather|SunnyDay|[upkeep]
|turn|5
|c|âBlackfenix19|wrtf
|c|âBlackfenix19|ugh
|c|âBlackfenix19|dmaowkdoiaisjddf
|c|âBlackfenix19|mother
|c|âBlackfenix19|of hacks
|
|move|p1a: Zapdos|Hidden Power|p2b: Rotom-Wash
|-resisted|p2b: Rotom-Wash
|-damage|p2b: Rotom-Wash|14\/241
|-damage|p1a: Zapdos|226\/322|[from] item: Life Orb
|move|p2b: Rotom-Wash|Hydro Pump|p1b: Heatran
|-supereffective|p1b: Heatran
|-damage|p1b: Heatran|0 fnt
|faint|p1b: Heatran
|move|p2a: Clefable|Moonblast|p1a: Zapdos
|-damage|p1a: Zapdos|55\/322
|
|-weather|SunnyDay|[upkeep]
|
|switch|p1b: Kangaskhan|Kangaskhan-Mega, F|414\/414
|turn|6
|
|move|p1a: Zapdos|Roost|p1a: Zapdos
|-heal|p1a: Zapdos|216\/322
|move|p2b: Rotom-Wash|Hydro Pump|p1a: Zapdos
|-damage|p1a: Zapdos|86\/322
|move|p1b: Kangaskhan|Return|p2a: Clefable
|-damage|p2a: Clefable|0 fnt
|-hitcount|p2a: Clefable|1
|faint|p2a: Clefable
|
|-weather|none
|
|switch|p2a: Garchomp|Garchomp, M|357\/357
|turn|7
|
|switch|p1b: Landorus-Therian|Landorus-Therian, M|320\/320
|-ability|p1b: Landorus-Therian|Intimidate|[of] p2a: Garchomp
|-unboost|p2a: Garchomp|atk|1
|-ability|p1b: Landorus-Therian|Intimidate|[of] p2b: Rotom-Wash
|-unboost|p2b: Rotom-Wash|atk|1
|move|p2a: Garchomp|Rock Slide|p1b: Landorus-Therian
|-supereffective|p1a: Zapdos
|-damage|p1a: Zapdos|0 fnt
|-damage|p1b: Landorus-Therian|265\/320
|faint|p1a: Zapdos
|move|p2b: Rotom-Wash|Hydro Pump|p1b: Landorus-Therian
|-supereffective|p1b: Landorus-Therian
|-damage|p1b: Landorus-Therian|0 fnt
|faint|p1b: Landorus-Therian
|
|
|switch|p1b: Keldeo-Resolute|Keldeo-Resolute|323\/323
|switch|p1a: Kangaskhan|Kangaskhan-Mega, F|414\/414
|turn|8
|
|move|p1a: Kangaskhan|Fake Out|p2a: Garchomp
|-damage|p2a: Garchomp|275\/357
|-damage|p1a: Kangaskhan|363\/414|[from] ability: Rough Skin|[of] p2a: Garchomp
|-crit|p2a: Garchomp
|-damage|p2a: Garchomp|217\/357
|-damage|p1a: Kangaskhan|312\/414|[from] ability: Rough Skin|[of] p2a: Garchomp
|-hitcount|p2a: Garchomp|2
|cant|p2a: Garchomp|flinch
|move|p1b: Keldeo-Resolute|Icy Wind|p2a: Garchomp
|-miss|p1b: Keldeo-Resolute|p2a: Garchomp
|-resisted|p2b: Rotom-Wash
|-damage|p2b: Rotom-Wash|0 fnt
|-damage|p1b: Keldeo-Resolute|291\/323|[from] item: Life Orb
|faint|p2b: Rotom-Wash
|
|turn|9
|
|move|p2a: Garchomp|Rock Slide|p1a: Kangaskhan
|-miss|p2a: Garchomp|p1a: Kangaskhan
|-resisted|p1b: Keldeo-Resolute
|-damage|p1b: Keldeo-Resolute|262\/323
|move|p1b: Keldeo-Resolute|Icy Wind|p2a: Garchomp
|-supereffective|p2a: Garchomp
|-damage|p2a: Garchomp|0 fnt
|-damage|p1b: Keldeo-Resolute|230\/323|[from] item: Life Orb
|faint|p2a: Garchomp
|
|win|aushazard
|raw|Ladder updating...
|raw|aushazard's rating: 1651 &rarr; <strong>1661<\/strong><br \/>(+10 for winning)
|raw|Blackfenix19's rating: 1454 &rarr; <strong>1444<\/strong><br \/>(-10 for losing)