|join|Nido-Rus
|join|Blackfenix19
|player|p1|Nido-Rus|290
|player|p2|Blackfenix19|170
|gametype|doubles
|gen|6
|tier|Smogon Doubles
|rated
|clearpoke
|poke|p1|Amoonguss, M
|poke|p1|Togekiss, F
|poke|p1|Garchomp, F
|poke|p1|Landorus-Therian, M
|poke|p1|Talonflame, F
|poke|p1|Manectric, M
|poke|p2|Houndoom, F
|poke|p2|Klefki, M
|poke|p2|Leavanny, M
|poke|p2|Greninja, M
|poke|p2|Florges, F
|poke|p2|Skarmory, M
|rule|Species Clause: Limit one of each PokÃ©mon
|rule|OHKO Clause: OHKO moves are banned
|rule|Moody Clause: Moody is banned
|rule|Evasion Abilities Clause: Evasion abilities are banned
|rule|Evasion Moves Clause: Evasion moves are banned
|rule|Endless Battle Clause: Forcing endless battles is banned
|rule|HP Percentage Mod: HP is shown in percentages
|teampreview
|
|start
|switch|p1a: Landorus-Therian|Landorus-Therian, M|319\/319
|switch|p1b: Manectric|Manectric, M|281\/281
|switch|p2a: Klefki|Klefki, M|318\/318
|switch|p2b: Leavanny|Leavanny, M|291\/291
|-ability|p1a: Landorus-Therian|Intimidate|[of] p2a: Klefki
|-unboost|p2a: Klefki|atk|1
|-ability|p1a: Landorus-Therian|Intimidate|[of] p2b: Leavanny
|-unboost|p2b: Leavanny|atk|1
|turn|1
|
|detailschange|p1b: Manectric|Manectric-Mega, M
|message|Manectric has Mega Evolved into Mega Manectric!
|-ability|p1b: Manectric|Intimidate|[of] p2a: Klefki
|-unboost|p2a: Klefki|atk|1
|-ability|p1b: Manectric|Intimidate|[of] p2b: Leavanny
|-unboost|p2b: Leavanny|atk|1
|move|p2a: Klefki|Light Screen|p2a: Klefki
|-sidestart|p2: Blackfenix19|move: Light Screen
|move|p1a: Landorus-Therian|Rock Slide|p2b: Leavanny
|-resisted|p2a: Klefki
|-damage|p2a: Klefki|288\/318
|-supereffective|p2b: Leavanny
|-damage|p2b: Leavanny|109\/291
|move|p1b: Manectric|Hidden Power|p2b: Leavanny
|-crit|p2b: Leavanny
|-supereffective|p2b: Leavanny
|-damage|p2b: Leavanny|0 fnt
|faint|p2b: Leavanny
|
|c|âNido-Rus|D:
|
|switch|p2b: Greninja|Greninja, M|285\/285
|turn|2
|c|âNido-Rus|Sorry
|
|move|p2a: Klefki|Light Screen|p2a: Klefki
|-fail|p2a: Klefki
|move|p1a: Landorus-Therian|Rock Slide|p2b: Greninja
|-resisted|p2a: Klefki
|-damage|p2a: Klefki|256\/318
|-damage|p2b: Greninja|182\/285
|move|p1b: Manectric|Volt Switch|p2b: Greninja
|-supereffective|p2b: Greninja
|-damage|p2b: Greninja|0 fnt
|faint|p2b: Greninja
|
|switch|p1b: Garchomp|Garchomp, F|358\/358
|
|c|âNido-Rus|Light screen again?
|
|switch|p2b: Skarmory|Skarmory, M|334\/334
|turn|3
|c|âBlackfenix19|idk i got confused
|c|âBlackfenix19|xD
|
|move|p2a: Klefki|Reflect|p2a: Klefki
|-sidestart|p2: Blackfenix19|Reflect
|move|p1a: Landorus-Therian|Rock Slide|p2b: Skarmory
|-resisted|p2a: Klefki
|-damage|p2a: Klefki|236\/318
|-damage|p2b: Skarmory|302\/334
|move|p1b: Garchomp|Earthquake|p2a: Klefki
|-immune|p1a: Landorus-Therian|[msg]
|-crit|p2a: Klefki
|-supereffective|p2a: Klefki
|-damage|p2a: Klefki|0 fnt
|-immune|p2b: Skarmory|[msg]
|faint|p2a: Klefki
|cant|p2b: Skarmory|flinch
|
|c|âNido-Rus|._.
|c|âNido-Rus|My gawd.
|
|switch|p2a: Houndoom|Houndoom, F|291\/291
|turn|4
|c|âNido-Rus|These crits. D:
|c|âBlackfenix19|yeah
|
|detailschange|p2a: Houndoom|Houndoom-Mega, F
|message|Houndoom has Mega Evolved into Mega Houndoom!
|move|p1a: Landorus-Therian|Rock Slide|p2b: Skarmory
|-crit|p2a: Houndoom
|-supereffective|p2a: Houndoom
|-damage|p2a: Houndoom|49\/291
|-damage|p2b: Skarmory|270\/334
|move|p1b: Garchomp|Earthquake|p2b: Skarmory
|-immune|p1a: Landorus-Therian|[msg]
|-supereffective|p2a: Houndoom
|-damage|p2a: Houndoom|0 fnt
|-immune|p2b: Skarmory|[msg]
|faint|p2a: Houndoom
|move|p2b: Skarmory|Stealth Rock|p1a: Landorus-Therian
|-sidestart|p1: Nido-Rus|move: Stealth Rock
|
|c|âBlackfenix19|xd
|c|âNido-Rus|Wanna have a rematch? Hopefully it'll have fewer haxy crits like these.
|c|âNido-Rus|AGAIN?
|
|switch|p2a: Florges|Florges, F|360\/360
|turn|5
|c|âNido-Rus|D:
|c|âBlackfenix19|lol
|c|âBlackfenix19|na i have to go
|c|âBlackfenix19|but you seem like a nice guy
|c|âNido-Rus|Kay.
|c|âNido-Rus|Thanks! :]
|
|move|p1b: Garchomp|Protect|p1b: Garchomp
|-singleturn|p1b: Garchomp|Protect
|move|p1a: Landorus-Therian|Rock Slide|p2b: Skarmory
|-crit|p2a: Florges
|-damage|p2a: Florges|191\/360
|-damage|p2b: Skarmory|238\/334
|cant|p2a: Florges|flinch
|move|p2b: Skarmory|Whirlwind|p1a: Landorus-Therian
|drag|p1a: Togekiss|Togekiss, F|374\/374
|-damage|p1a: Togekiss|281\/374|[from] Stealth Rock
|
|-heal|p2a: Florges|213\/360|[from] item: Leftovers
|-sideend|p2: Blackfenix19|move: Light Screen
|turn|6
|c|âNido-Rus|Like wut.
|
|move|p1b: Garchomp|Earthquake|p2a: Florges
|-immune|p1a: Togekiss|[msg]
|-crit|p2a: Florges
|-damage|p2a: Florges|0 fnt
|-immune|p2b: Skarmory|[msg]
|faint|p2a: Florges
|move|p1a: Togekiss|Air Slash|p2b: Skarmory
|-resisted|p2b: Skarmory
|-damage|p2b: Skarmory|174\/334
|cant|p2b: Skarmory|flinch
|
|turn|7
|c|âNido-Rus|WAT.
|c|âBlackfenix19|xD
|c|âBlackfenix19|lol
|c|âBlackfenix19|go buy a loterry ticket now
|
|switch|p1b: Manectric|Manectric-Mega, M|281\/281
|-damage|p1b: Manectric|246\/281|[from] Stealth Rock
|-ability|p1b: Manectric|Intimidate|[of] p2b: Skarmory
|-unboost|p2b: Skarmory|atk|1
|move|p1a: Togekiss|Air Slash|p2b: Skarmory
|-resisted|p2b: Skarmory
|-damage|p2b: Skarmory|108\/334
|move|p2b: Skarmory|Whirlwind|p1a: Togekiss
|drag|p1a: Landorus-Therian|Landorus-Therian, M|319\/319
|-damage|p1a: Landorus-Therian|280\/319|[from] Stealth Rock
|-ability|p1a: Landorus-Therian|Intimidate|[of] p2b: Skarmory
|-unboost|p2b: Skarmory|atk|1
|
|-sideend|p2: Blackfenix19|Reflect
|turn|8
|c|âNido-Rus|xD
|c|âNido-Rus|Probably gonna, looking at what this match was like.
|leave|Blackfenix19
|player|p2
|-message|blackfenix19 lost due to inactivity.
|
|win|Nido-Rus
|raw|Ladder updating...
|raw|Nido-Rus's rating: 1618 &rarr; <strong>1628<\/strong><br \/>(+10 for winning)
|raw|Blackfenix19's rating: 1429 &rarr; <strong>1419<\/strong><br \/>(-10 for losing)