|join|Yuga of CS10K
|join|Blackfenix19
|player|p1|Yuga of CS10K|1
|player|p2|Blackfenix19|170
|gametype|doubles
|gen|6
|tier|Smogon Doubles
|rated
|clearpoke
|poke|p1|Greninja, F
|poke|p1|Kangaskhan, F
|poke|p1|Talonflame, M
|poke|p1|Rotom-Wash
|poke|p1|Aegislash, M
|poke|p1|Garchomp, M
|poke|p2|Lucario, F
|poke|p2|Gardevoir, F
|poke|p2|Rotom-Wash
|poke|p2|Garchomp, M
|poke|p2|Hitmontop, M
|poke|p2|Togekiss, M
|rule|Species Clause: Limit one of each PokÃ©mon
|rule|OHKO Clause: OHKO moves are banned
|rule|Moody Clause: Moody is banned
|rule|Evasion Abilities Clause: Evasion abilities are banned
|rule|Evasion Moves Clause: Evasion moves are banned
|rule|Endless Battle Clause: Forcing endless battles is banned
|rule|HP Percentage Mod: HP is shown in percentages
|teampreview
|
|start
|switch|p1a: Aegislash|Aegislash, M|324\/324
|switch|p1b: Rotom-Wash|Rotom-Wash|304\/304
|switch|p2a: Rotom-Wash|Rotom-Wash|290\/290
|switch|p2b: Gardevoir|Gardevoir, F|277\/277
|turn|1
|
|move|p2b: Gardevoir|Dazzling Gleam|p1b: Rotom-Wash
|-resisted|p1a: Aegislash
|-damage|p1a: Aegislash|259\/324
|-damage|p1b: Rotom-Wash|159\/304
|move|p2a: Rotom-Wash|Dark Pulse|p1a: Aegislash
|-supereffective|p1a: Aegislash
|-damage|p1a: Aegislash|131\/324
|move|p1b: Rotom-Wash|Will-O-Wisp|p2a: Rotom-Wash
|-status|p2a: Rotom-Wash|brn
|move|p1a: Aegislash|Substitute|p1a: Aegislash
|-start|p1a: Aegislash|Substitute
|-damage|p1a: Aegislash|50\/324
|
|-heal|p1a: Aegislash|70\/324|[from] item: Leftovers
|-damage|p2a: Rotom-Wash|254\/290 brn|[from] brn
|turn|2
|
|move|p1a: Aegislash|King's Shield|p1a: Aegislash
|-singleturn|p1a: Aegislash|Protect
|move|p2b: Gardevoir|Dazzling Gleam|p1a: Aegislash
|-activate|p1a: Aegislash|Protect
|-damage|p1b: Rotom-Wash|6\/304
|-enditem|p1b: Rotom-Wash|Sitrus Berry|[eat]
|-heal|p1b: Rotom-Wash|82\/304|[from] item: Sitrus Berry
|move|p2a: Rotom-Wash|Dark Pulse|p1a: Aegislash
|-activate|p1a: Aegislash|Protect
|move|p1b: Rotom-Wash|Hydro Pump|p2b: Gardevoir
|-damage|p2b: Gardevoir|141\/277
|
|-heal|p1a: Aegislash|90\/324|[from] item: Leftovers
|-damage|p2a: Rotom-Wash|218\/290 brn|[from] brn
|turn|3
|
|move|p2b: Gardevoir|Dazzling Gleam|p1b: Rotom-Wash
|-resisted|p1a: Aegislash
|-activate|p1a: Aegislash|Substitute|[damage]
|-damage|p1b: Rotom-Wash|0 fnt
|faint|p1b: Rotom-Wash
|move|p2a: Rotom-Wash|Dark Pulse|p1a: Aegislash
|-supereffective|p1a: Aegislash
|-end|p1a: Aegislash|Substitute
|-formechange|p1a: Aegislash|Aegislash-Blade
|move|p1a: Aegislash|Shadow Ball|p2b: Gardevoir
|-supereffective|p2b: Gardevoir
|-damage|p2b: Gardevoir|0 fnt
|faint|p2b: Gardevoir
|
|-heal|p1a: Aegislash|110\/324|[from] item: Leftovers
|-damage|p2a: Rotom-Wash|182\/290 brn|[from] brn
|
|switch|p2b: Garchomp|Garchomp, M|357\/357
|switch|p1b: Kangaskhan|Kangaskhan, F|351\/351
|turn|4
|
|detailschange|p1b: Kangaskhan|Kangaskhan-Mega, F
|message|Kangaskhan has Mega Evolved into Mega Kangaskhan!
|-formechange|p1a: Aegislash|Aegislash
|move|p1a: Aegislash|King's Shield|p1a: Aegislash
|-singleturn|p1a: Aegislash|Protect
|move|p1b: Kangaskhan|Fake Out|p2a: Rotom-Wash
|-damage|p2a: Rotom-Wash|113\/290 brn
|-damage|p2a: Rotom-Wash|76\/290 brn
|-hitcount|p2a: Rotom-Wash|2
|move|p2b: Garchomp|Earthquake|p1b: Kangaskhan
|-immune|p2a: Rotom-Wash|[msg]
|-activate|p1a: Aegislash|Protect
|-damage|p1b: Kangaskhan|182\/351
|-damage|p2b: Garchomp|322\/357|[from] item: Life Orb
|cant|p2a: Rotom-Wash|flinch
|
|-heal|p1a: Aegislash|130\/324|[from] item: Leftovers
|-damage|p2a: Rotom-Wash|40\/290 brn|[from] brn
|turn|5
|
|switch|p1a: Talonflame|Talonflame, M|298\/298
|move|p2b: Garchomp|Earthquake|p1b: Kangaskhan
|-immune|p2a: Rotom-Wash|[msg]
|-immune|p1a: Talonflame|[msg]
|-damage|p1b: Kangaskhan|17\/351
|-damage|p2b: Garchomp|287\/357|[from] item: Life Orb
|move|p1b: Kangaskhan|Return|p2b: Garchomp
|-damage|p2b: Garchomp|101\/357
|-damage|p1b: Kangaskhan|0 fnt|[from] ability: Rough Skin|[of] p2b: Garchomp
|faint|p1b: Kangaskhan
|-hitcount|p2b: Garchomp|1
|move|p2a: Rotom-Wash|Discharge|p1a: Talonflame
|-immune|p2b: Garchomp|[msg]
|-supereffective|p1a: Talonflame
|-damage|p1a: Talonflame|22\/298
|-status|p1a: Talonflame|par
|
|-damage|p2a: Rotom-Wash|4\/290 brn|[from] brn
|
|switch|p1b: Greninja|Greninja, F|286\/286
|turn|6
|
|move|p1a: Talonflame|Brave Bird|p2a: Rotom-Wash
|-resisted|p2a: Rotom-Wash
|-damage|p2a: Rotom-Wash|0 fnt
|-damage|p1a: Talonflame|21\/298 par|[from] recoil|[of] p2a: Rotom-Wash
|faint|p2a: Rotom-Wash
|move|p1b: Greninja|Ice Beam|p2b: Garchomp
|-start|p1b: Greninja|typechange|Ice|[from] Protean
|-supereffective|p2b: Garchomp
|-damage|p2b: Garchomp|0 fnt
|faint|p2b: Garchomp
|
|-message|Blackfenix19 lost due to inactivity.
|
|win|Yuga of CS10K
|raw|Ladder updating...
|raw|Yuga of CS10K's rating: 1461 &rarr; <strong>1483<\/strong><br \/>(+22 for winning)
|raw|Blackfenix19's rating: 1491 &rarr; <strong>1469<\/strong><br \/>(-22 for losing)