|join|Suicuninite
|join|fenyx4
|player|p1|Suicuninite|92
|player|p2|fenyx4|167
|gametype|singles
|gen|6
|tier|OU
|rated
|clearpoke
|poke|p1|Pinsir, M, shiny
|poke|p1|Ferrothorn, M
|poke|p1|Vaporeon, F
|poke|p1|Landorus-Therian, M
|poke|p1|Magnezone, shiny
|poke|p1|Latios, M, shiny
|poke|p2|Metagross
|poke|p2|Thundurus-Therian, M
|poke|p2|Chandelure, M
|poke|p2|Greninja, M
|poke|p2|Alakazam, M
|poke|p2|Smeargle, M
|rule|Swagger Clause: Swagger is banned
|rule|Baton Pass Clause: Limit one PokÃ©mon knowing Baton Pass
|rule|Sleep Clause Mod: Limit one foe put to sleep
|rule|Species Clause: Limit one of each PokÃ©mon
|rule|OHKO Clause: OHKO moves are banned
|rule|Moody Clause: Moody is banned
|rule|Evasion Moves Clause: Evasion moves are banned
|rule|Endless Battle Clause: Forcing endless battles is banned
|rule|HP Percentage Mod: HP is shown in percentages
|teampreview
|
|start
|switch|p1a: Kruphix|Landorus-Therian, M|320\/320
|switch|p2a: Smeargle|Smeargle, M|314\/314
|-ability|p1a: Kruphix|Intimidate|[of] p2a: Smeargle
|-unboost|p2a: Smeargle|atk|1
|turn|1
|
|move|p1a: Kruphix|U-turn|p2a: Smeargle
|-damage|p2a: Smeargle|119\/314
|
|switch|p1a: Pharika|Ferrothorn, M|352\/352
|move|p2a: Smeargle|Spore|p1a: Pharika
|-fail|p1a: Pharika
|
|turn|2
|
|move|p2a: Smeargle|Magic Coat|p2a: Smeargle
|-singleturn|p2a: Smeargle|move: Magic Coat
|move|p1a: Pharika|Gyro Ball|p2a: Smeargle
|-damage|p2a: Smeargle|0 fnt
|faint|p2a: Smeargle
|
|
|switch|p2a: Chandelure|Chandelure, M|261\/261
|turn|3
|
|switch|p1a: Thassa|Vaporeon, F|464\/464
|move|p2a: Chandelure|Flamethrower|p1a: Thassa
|-resisted|p1a: Thassa
|-damage|p1a: Thassa|395\/464
|
|-heal|p1a: Thassa|424\/464|[from] item: Leftovers
|turn|4
|
|switch|p2a: Thundurus-Therian|Thundurus-Therian, M|300\/300
|move|p1a: Thassa|Wish|p1a: Thassa
|
|-heal|p1a: Thassa|453\/464|[from] item: Leftovers
|turn|5
|
|switch|p1a: Xenagos|Latios, M, shiny|302\/302
|move|p2a: Thundurus-Therian|Nasty Plot|p2a: Thundurus-Therian
|-boost|p2a: Thundurus-Therian|spa|2
|
|turn|6
|
|move|p1a: Xenagos|Draco Meteor|p2a: Thundurus-Therian
|-damage|p2a: Thundurus-Therian|0 fnt
|-unboost|p1a: Xenagos|spa|2
|-damage|p1a: Xenagos|272\/302|[from] item: Life Orb
|faint|p2a: Thundurus-Therian
|
|
|switch|p2a: Chandelure|Chandelure, M|261\/261
|turn|7
|
|switch|p1a: Thassa|Vaporeon, F|453\/464
|move|p2a: Chandelure|Hidden Power|p1a: Thassa
|-resisted|p1a: Thassa
|-damage|p1a: Thassa|425\/464
|
|-heal|p1a: Thassa|454\/464|[from] item: Leftovers
|turn|8
|
|move|p2a: Chandelure|Energy Ball|p1a: Thassa
|-supereffective|p1a: Thassa
|-damage|p1a: Thassa|292\/464
|move|p1a: Thassa|Scald|p2a: Chandelure
|-supereffective|p2a: Chandelure
|-damage|p2a: Chandelure|43\/261
|
|-heal|p1a: Thassa|321\/464|[from] item: Leftovers
|turn|9
|
|move|p2a: Chandelure|Energy Ball|p1a: Thassa
|-supereffective|p1a: Thassa
|-damage|p1a: Thassa|161\/464
|move|p1a: Thassa|Wish|p1a: Thassa
|
|-heal|p1a: Thassa|190\/464|[from] item: Leftovers
|turn|10
|
|move|p1a: Thassa|Protect|p1a: Thassa
|-singleturn|p1a: Thassa|Protect
|move|p2a: Chandelure|Energy Ball|p1a: Thassa
|-activate|p1a: Thassa|Protect
|
|-heal|p1a: Thassa|422\/464|[from] move: Wish|[wisher] Thassa
|-heal|p1a: Thassa|451\/464|[from] item: Leftovers
|turn|11
|
|move|p2a: Chandelure|Energy Ball|p1a: Thassa
|-supereffective|p1a: Thassa
|-damage|p1a: Thassa|263\/464
|move|p1a: Thassa|Scald|p2a: Chandelure
|-supereffective|p2a: Chandelure
|-damage|p2a: Chandelure|0 fnt
|faint|p2a: Chandelure
|
|-heal|p1a: Thassa|292\/464|[from] item: Leftovers
|
|switch|p2a: Metagross|Metagross|364\/364
|turn|12
|
|detailschange|p2a: Metagross|Metagross-Mega
|message|Metagross has Mega Evolved into Mega Metagross!
|move|p2a: Metagross|Thunder Punch|p1a: Thassa
|-supereffective|p1a: Thassa
|-damage|p1a: Thassa|0 fnt
|faint|p1a: Thassa
|
|
|switch|p1a: Kruphix|Landorus-Therian, M|320\/320
|-ability|p1a: Kruphix|Intimidate|[of] p2a: Metagross
|-unboost|p2a: Metagross|atk|1
|turn|13
|
|move|p1a: Kruphix|Earthquake|p2a: Metagross
|-supereffective|p2a: Metagross
|-damage|p2a: Metagross|74\/364
|move|p2a: Metagross|Ice Punch|p1a: Kruphix
|-crit|p1a: Kruphix
|-supereffective|p1a: Kruphix
|-damage|p1a: Kruphix|0 fnt
|faint|p1a: Kruphix
|
|
|switch|p1a: Mogis|Pinsir, M, shiny|271\/271
|turn|14
|
|move|p2a: Metagross|Bullet Punch|p1a: Mogis
|-damage|p1a: Mogis|195\/271
|move|p1a: Mogis|Earthquake|p2a: Metagross
|-supereffective|p2a: Metagross
|-damage|p2a: Metagross|0 fnt
|faint|p2a: Metagross
|-boost|p1a: Mogis|atk|1|[from] ability: Moxie
|
|
|switch|p2a: Alakazam|Alakazam, M|252\/252
|turn|15
|
|detailschange|p1a: Mogis|Pinsir-Mega, M, shiny
|message|Pinsir has Mega Evolved into Mega Pinsir!
|move|p1a: Mogis|Quick Attack|p2a: Alakazam
|-enditem|p2a: Alakazam|Focus Sash
|-damage|p2a: Alakazam|1\/252
|move|p2a: Alakazam|Hidden Power|p1a: Mogis
|-supereffective|p1a: Mogis
|-damage|p1a: Mogis|35\/271
|
|turn|16
|
|move|p1a: Mogis|Quick Attack|p2a: Alakazam
|-damage|p2a: Alakazam|0 fnt
|faint|p2a: Alakazam
|
|
|switch|p2a: Greninja|Greninja, M|286\/286
|turn|17
|
|move|p1a: Mogis|Quick Attack|p2a: Greninja
|-damage|p2a: Greninja|84\/286
|move|p2a: Greninja|Ice Beam|p1a: Mogis
|-start|p2a: Greninja|typechange|Ice|[from] Protean
|-supereffective|p1a: Mogis
|-damage|p1a: Mogis|0 fnt
|faint|p1a: Mogis
|
|
|switch|p1a: Pharika|Ferrothorn, M|352\/352
|turn|18
|
|move|p2a: Greninja|Hidden Power|p1a: Pharika
|-start|p2a: Greninja|typechange|Fire|[from] Protean
|-supereffective|p1a: Pharika
|-damage|p1a: Pharika|40\/352
|move|p1a: Pharika|Gyro Ball|p2a: Greninja
|-resisted|p2a: Greninja
|-damage|p2a: Greninja|0 fnt
|faint|p2a: Greninja
|
|win|Suicuninite
|raw|Ladder updating...
|raw|Suicuninite's rating: 1341 &rarr; <strong>1362<\/strong><br \/>(+21 for winning)
|raw|fenyx4's rating: 1357 &rarr; <strong>1336<\/strong><br \/>(-21 for losing)
|c|âfenyx4|gg
|c|âSuicuninite|gg
|leave|Suicuninite
|player|p1