|join|Suicuninite
|join|asdf430
|player|p1|Suicuninite|92
|player|p2|asdf430|102
|gametype|singles
|gen|6
|tier|OU
|rated
|clearpoke
|poke|p1|Trevenant, M, shiny
|poke|p1|Rotom-Wash, shiny
|poke|p1|Mawile, M, shiny
|poke|p1|Starmie, shiny
|poke|p1|Mienshao, M, shiny
|poke|p1|Volcarona, F, shiny
|poke|p2|Togekiss, M
|poke|p2|Absol, M
|poke|p2|Talonflame, M
|poke|p2|Kyurem-Black
|poke|p2|Aegislash, M
|poke|p2|Latios, M
|rule|Sleep Clause Mod: Limit one foe put to sleep
|rule|Species Clause: Limit one of each Pokemon
|rule|OHKO Clause: OHKO moves are banned
|rule|Moody Clause: Moody is banned
|rule|Evasion Moves Clause: Evasion moves are banned
|rule|Endless Battle Clause: Forcing endless battles is banned.
|rule|HP Percentage Mod: HP is reported as percentages
|teampreview
|join|Vellsy
|
|start
|switch|p1a: Mienshao|Mienshao, M, shiny|271\/271
|switch|p2a: Absol|Absol, M|271\/271
|turn|1
|
|switch|p2a: Togekiss|Togekiss, M|374\/374
|move|p1a: Mienshao|U-turn|p2a: Togekiss
|-resisted|p2a: Togekiss
|-damage|p2a: Togekiss|353\/374
|
|switch|p1a: Mawile|Mawile, M, shiny|304\/304
|
|-heal|p2a: Togekiss|374\/374|[from] item: Leftovers
|turn|2
|
|-formechange|p1a: Mawile|Mawile-Mega
|message|Mawile has Mega Evolved into Mega Mawile!
|move|p2a: Togekiss|Baton Pass|p2a: Togekiss
|
|switch|p2a: Aegislash|Aegislash, M|324\/324
|move|p1a: Mawile|Iron Head|p2a: Aegislash
|-resisted|p2a: Aegislash
|-damage|p2a: Aegislash|237\/324
|
|-heal|p2a: Aegislash|257\/324|[from] item: Leftovers
|turn|3
|
|switch|p1a: Rotom-Wash|Rotom-Wash, shiny|304\/304
|-formechange|p2a: Aegislash|Aegislash-Blade
|move|p2a: Aegislash|Shadow Ball|p1a: Rotom-Wash
|-damage|p1a: Rotom-Wash|184\/304
|
|-heal|p1a: Rotom-Wash|203\/304|[from] item: Leftovers
|-heal|p2a: Aegislash|277\/324|[from] item: Leftovers
|turn|4
|
|switch|p2a: Talonflame|Talonflame, M|345\/345
|move|p1a: Rotom-Wash|Volt Switch|p2a: Talonflame
|-supereffective|p2a: Talonflame
|-damage|p2a: Talonflame|123\/345
|chat|asdf430|whoooops
|chat|Suicuninite|predicted will o wisp?
|leave|Vellsy
|chat|Suicuninite|i figured you would
|
|switch|p1a: Volcarona|Volcarona, F, shiny|312\/312
|
|turn|5
|
|switch|p1a: Rotom-Wash|Rotom-Wash, shiny|203\/304
|move|p2a: Talonflame|Brave Bird|p1a: Rotom-Wash
|-resisted|p1a: Rotom-Wash
|-damage|p1a: Rotom-Wash|137\/304
|-damage|p2a: Talonflame|101\/345|[from] recoil|[of] p1a: Rotom-Wash
|
|-heal|p1a: Rotom-Wash|156\/304|[from] item: Leftovers
|turn|6
|
|move|p2a: Talonflame|Roost|p2a: Talonflame
|-heal|p2a: Talonflame|274\/345
|move|p1a: Rotom-Wash|Will-O-Wisp|p2a: Talonflame
|-fail|p2a: Talonflame
|
|-heal|p1a: Rotom-Wash|175\/304|[from] item: Leftovers
|turn|7
|
|move|p2a: Talonflame|U-turn|p1a: Rotom-Wash
|-damage|p1a: Rotom-Wash|129\/304
|
|switch|p2a: Latios|Latios, M|302\/302
|move|p1a: Rotom-Wash|Volt Switch|p2a: Latios
|-resisted|p2a: Latios
|-damage|p2a: Latios|260\/302
|
|switch|p1a: Mienshao|Mienshao, M, shiny|271\/271
|
|turn|8
|
|move|p1a: Mienshao|Knock Off|p2a: Latios
|-supereffective|p2a: Latios
|-damage|p2a: Latios|0 fnt
|faint|p2a: Latios
|
|
|switch|p2a: Absol|Absol, M|271\/271
|turn|9
|
|switch|p1a: Mawile|Mawile, M, shiny|304\/304
|-formechange|p1a: Mawile|Mawile-Mega
|-formechange|p2a: Absol|Absol-Mega
|message|Absol has Mega Evolved into Mega Absol!
|move|p2a: Absol|Swords Dance|p2a: Absol
|-boost|p2a: Absol|atk|2
|
|turn|10
|
|move|p2a: Absol|Baton Pass|p2a: Absol
|
|switch|p2a: Aegislash|Aegislash, M|277\/324
|move|p1a: Mawile|Play Rough|p2a: Aegislash|[miss]
|-miss|p1a: Mawile|p2a: Aegislash
|
|-heal|p2a: Aegislash|297\/324|[from] item: Leftovers
|turn|11
|
|move|p1a: Mawile|Sucker Punch|p2a: Aegislash
|-supereffective|p2a: Aegislash
|-damage|p2a: Aegislash|65\/324
|-formechange|p2a: Aegislash|Aegislash-Blade
|move|p2a: Aegislash|Iron Head|p1a: Mawile
|-damage|p1a: Mawile|25\/304
|
|-heal|p2a: Aegislash|85\/324|[from] item: Leftovers
|turn|12
|
|move|p2a: Aegislash|Shadow Sneak|p1a: Mawile
|-damage|p1a: Mawile|0 fnt
|faint|p1a: Mawile
|
|-heal|p2a: Aegislash|105\/324|[from] item: Leftovers
|
|switch|p1a: Mienshao|Mienshao, M, shiny|271\/271
|turn|13
|
|-formechange|p2a: Aegislash|Aegislash
|move|p2a: Aegislash|King's Shield|p2a: Aegislash
|-singleturn|p2a: Aegislash|Protect
|move|p1a: Mienshao|Knock Off|p2a: Aegislash
|-activate|p2a: Aegislash|Protect
|-unboost|p1a: Mienshao|atk|2
|
|-heal|p2a: Aegislash|125\/324|[from] item: Leftovers
|turn|14
|
|switch|p1a: Rotom-Wash|Rotom-Wash, shiny|129\/304
|-formechange|p2a: Aegislash|Aegislash-Blade
|move|p2a: Aegislash|Iron Head|p1a: Rotom-Wash
|-resisted|p1a: Rotom-Wash
|-damage|p1a: Rotom-Wash|65\/304
|
|-heal|p1a: Rotom-Wash|84\/304|[from] item: Leftovers
|-heal|p2a: Aegislash|145\/324|[from] item: Leftovers
|turn|15
|
|-formechange|p2a: Aegislash|Aegislash
|move|p2a: Aegislash|King's Shield|p2a: Aegislash
|-singleturn|p2a: Aegislash|Protect
|move|p1a: Rotom-Wash|Will-O-Wisp|p2a: Aegislash
|-status|p2a: Aegislash|brn
|
|-heal|p1a: Rotom-Wash|103\/304|[from] item: Leftovers
|-heal|p2a: Aegislash|165\/324 brn|[from] item: Leftovers
|-damage|p2a: Aegislash|125\/324 brn|[from] brn
|turn|16
|
|move|p1a: Rotom-Wash|Volt Switch|p2a: Aegislash
|-damage|p2a: Aegislash|61\/324 brn
|
|switch|p1a: Mienshao|Mienshao, M, shiny|271\/271
|-formechange|p2a: Aegislash|Aegislash-Blade
|move|p2a: Aegislash|Shadow Ball|p1a: Mienshao
|-damage|p1a: Mienshao|67\/271
|
|-heal|p2a: Aegislash|81\/324 brn|[from] item: Leftovers
|-damage|p2a: Aegislash|41\/324 brn|[from] brn
|turn|17
|
|switch|p1a: Rotom-Wash|Rotom-Wash, shiny|103\/304
|move|p2a: Aegislash|Shadow Sneak|p1a: Rotom-Wash
|-damage|p1a: Rotom-Wash|48\/304
|
|-heal|p1a: Rotom-Wash|67\/304|[from] item: Leftovers
|-heal|p2a: Aegislash|61\/324 brn|[from] item: Leftovers
|-damage|p2a: Aegislash|21\/324 brn|[from] brn
|turn|18
|
|move|p2a: Aegislash|Shadow Sneak|p1a: Rotom-Wash
|-damage|p1a: Rotom-Wash|9\/304
|move|p1a: Rotom-Wash|Volt Switch|p2a: Aegislash
|-damage|p2a: Aegislash|0 fnt
|faint|p2a: Aegislash
|
|switch|p1a: Mienshao|Mienshao, M, shiny|157\/271
|
|
|switch|p2a: Talonflame|Talonflame, M|274\/345
|turn|19
|
|switch|p1a: Rotom-Wash|Rotom-Wash, shiny|9\/304
|move|p2a: Talonflame|Brave Bird|p1a: Rotom-Wash
|-resisted|p1a: Rotom-Wash
|-damage|p1a: Rotom-Wash|0 fnt
|-damage|p2a: Talonflame|271\/345|[from] recoil|[of] p1a: Rotom-Wash
|faint|p1a: Rotom-Wash
|
|
|switch|p1a: Volcarona|Volcarona, F, shiny|312\/312
|turn|20
|
|move|p2a: Talonflame|Brave Bird|p1a: Volcarona
|-supereffective|p1a: Volcarona
|-damage|p1a: Volcarona|0 fnt
|-damage|p2a: Talonflame|168\/345|[from] recoil|[of] p1a: Volcarona
|faint|p1a: Volcarona
|
|
|switch|p1a: Mienshao|Mienshao, M, shiny|247\/271
|turn|21
|
|move|p2a: Talonflame|Brave Bird|p1a: Mienshao
|-supereffective|p1a: Mienshao
|-damage|p1a: Mienshao|0 fnt
|-damage|p2a: Talonflame|86\/345|[from] recoil|[of] p1a: Mienshao
|faint|p1a: Mienshao
|
|
|switch|p1a: Trevenant|Trevenant, M, shiny|374\/374
|turn|22
|
|move|p2a: Talonflame|Brave Bird|p1a: Trevenant
|-supereffective|p1a: Trevenant
|-damage|p1a: Trevenant|0 fnt
|-damage|p2a: Talonflame|0 fnt|[from] recoil|[of] p1a: Trevenant
|faint|p1a: Trevenant
|faint|p2a: Talonflame
|
|
|switch|p1a: Starmie|Starmie, shiny|262\/262
|switch|p2a: Kyurem-Black|Kyurem-Black|405\/405
|-ability|p2a: Kyurem-Black|Teravolt
|turn|23
|
|move|p1a: Starmie|Psyshock|p2a: Kyurem-Black
|-damage|p2a: Kyurem-Black|244\/405
|-damage|p1a: Starmie|236\/262|[from] item: Life Orb
|move|p2a: Kyurem-Black|Fusion Bolt|p1a: Starmie
|-supereffective|p1a: Starmie
|-damage|p1a: Starmie|0 fnt
|faint|p1a: Starmie
|
|win|asdf430
|raw|Ladder updating...
|chat|Suicuninite|gg
|raw|Suicuninite's rating: 1473 &rarr; <strong>1454<\/strong><br \/>(-19 for losing)
|raw|asdf430's rating: 1474 &rarr; <strong>1494<\/strong><br \/>(+20 for winning)
|chat|asdf430|gg
|leave|Suicuninite
|player|p1