|join|Suicuninite
|join|PKT popopop1279
|player|p1|Suicuninite|92
|player|p2|PKT popopop1279|13
|gametype|singles
|gen|6
|tier|OU
|clearpoke
|poke|p1|Landorus-Therian, M
|poke|p1|Charizard, M
|poke|p1|Tentacruel, M
|poke|p1|Ferrothorn, M
|poke|p1|Azumarill, F
|poke|p1|Bisharp, M, shiny
|poke|p2|Snorlax, F
|poke|p2|Charizard, M
|poke|p2|Cloyster, F
|poke|p2|Ferrothorn, F
|poke|p2|Gengar, M
|poke|p2|Tentacruel, F
|rule|Sleep Clause Mod: Limit one foe put to sleep
|rule|Species Clause: Limit one of each Pokemon
|rule|OHKO Clause: OHKO moves are banned
|rule|Moody Clause: Moody is banned
|rule|Evasion Moves Clause: Evasion moves are banned
|rule|Endless Battle Clause: Forcing endless battles is banned.
|rule|HP Percentage Mod: HP is reported as percentages
|teampreview
|chat|Suicuninite|best of luck si
|chat|Suicuninite|sir
|
|start
|switch|p1a: Landorus-Therian|Landorus-Therian, M|320\/320
|switch|p2a: Gengar|Gengar, M|262\/262
|-ability|p1a: Landorus-Therian|Intimidate|[of] p2a: Gengar
|-unboost|p2a: Gengar|atk|1
|turn|1
|chat|PKT popopop1279|gl hf
|
|switch|p2a: Ferrothorn|Ferrothorn, F|352\/352
|move|p1a: Landorus-Therian|Knock Off|p2a: Ferrothorn
|-damage|p2a: Ferrothorn|276\/352
|-damage|p1a: Landorus-Therian|280\/320|[from] ability: Iron Barbs|[of] p2a: Ferrothorn
|-damage|p1a: Landorus-Therian|227\/320|[from] item: Rocky Helmet|[of] p2a: Ferrothorn
|-enditem|p2a: Ferrothorn|Rocky Helmet|[from] move: Knock Off|[of] p1a: Landorus-Therian
|
|turn|2
|
|switch|p1a: Charizard|Charizard, M|297\/297
|move|p2a: Ferrothorn|Leech Seed|p1a: Charizard
|-start|p1a: Charizard|move: Leech Seed
|
|-damage|p1a: Charizard|260\/297|[from] Leech Seed|[of] p2a: Ferrothorn
|-heal|p2a: Ferrothorn|313\/352|[silent]
|turn|3
|
|switch|p1a: Landorus-Therian|Landorus-Therian, M|227\/320
|-ability|p1a: Landorus-Therian|Intimidate|[of] p2a: Ferrothorn
|-unboost|p2a: Ferrothorn|atk|1
|switch|p2a: Snorlax|Snorlax, F|524\/524
|
|turn|4
|
|move|p1a: Landorus-Therian|U-turn|p2a: Snorlax
|-damage|p2a: Snorlax|434\/524
|
|switch|p1a: Ferrothorn|Ferrothorn, M|352\/352
|move|p2a: Snorlax|Body Slam|p1a: Ferrothorn
|-resisted|p1a: Ferrothorn
|-damage|p1a: Ferrothorn|317\/352
|-damage|p2a: Snorlax|369\/524|[from] ability: Iron Barbs|[of] p1a: Ferrothorn
|
|-heal|p2a: Snorlax|401\/524|[from] item: Leftovers
|-heal|p1a: Ferrothorn|339\/352|[from] item: Leftovers
|turn|5
|
|switch|p2a: Charizard|Charizard, M|298\/298
|move|p1a: Ferrothorn|Stealth Rock|p2a: Charizard
|-sidestart|p2: PKT popopop1279|move: Stealth Rock
|
|-heal|p1a: Ferrothorn|352\/352|[from] item: Leftovers
|turn|6
|
|switch|p1a: Tentacruel|Tentacruel, M|364\/364
|detailschange|p2a: Charizard|Charizard-Mega-Y, M
|message|Charizard has Mega Evolved into Mega Charizard!
|-weather|SunnyDay
|move|p2a: Charizard|Flamethrower|p1a: Tentacruel
|-resisted|p1a: Tentacruel
|-damage|p1a: Tentacruel|280\/364
|
|-weather|SunnyDay|[upkeep]
|-heal|p1a: Tentacruel|302\/364|[from] item: Black Sludge
|turn|7
|
|move|p2a: Charizard|Solar Beam|p1a: Tentacruel|[still]
|-prepare|p2a: Charizard|Solar Beam|p1a: Tentacruel
|-anim|p2a: Charizard|Solar Beam|p1a: Tentacruel
|-damage|p1a: Tentacruel|195\/364
|move|p1a: Tentacruel|Toxic|p2a: Charizard
|-status|p2a: Charizard|tox
|
|-weather|SunnyDay|[upkeep]
|-heal|p1a: Tentacruel|217\/364|[from] item: Black Sludge
|-damage|p2a: Charizard|280\/298 tox|[from] psn
|turn|8
|
|move|p2a: Charizard|Air Slash|p1a: Tentacruel
|-crit|p1a: Tentacruel
|-damage|p1a: Tentacruel|73\/364
|cant|p1a: Tentacruel|flinch
|
|-weather|SunnyDay|[upkeep]
|-heal|p1a: Tentacruel|95\/364|[from] item: Black Sludge
|-damage|p2a: Charizard|244\/298 tox|[from] psn
|turn|9
|chat|Suicuninite|jesus christ :\/
|
|switch|p1a: Ferrothorn|Ferrothorn, M|352\/352
|move|p2a: Charizard|Solar Beam|p1a: Ferrothorn|[still]
|-prepare|p2a: Charizard|Solar Beam|p1a: Ferrothorn
|-anim|p2a: Charizard|Solar Beam|p1a: Ferrothorn
|-resisted|p1a: Ferrothorn
|-damage|p1a: Ferrothorn|322\/352
|
|-weather|SunnyDay|[upkeep]
|-heal|p1a: Ferrothorn|344\/352|[from] item: Leftovers
|-damage|p2a: Charizard|190\/298 tox|[from] psn
|turn|10
|chat|PKT popopop1279|lol
|
|switch|p1a: Tentacruel|Tentacruel, M|95\/364
|move|p2a: Charizard|Flamethrower|p1a: Tentacruel
|-resisted|p1a: Tentacruel
|-damage|p1a: Tentacruel|3\/364
|
|-weather|none
|-heal|p1a: Tentacruel|25\/364|[from] item: Black Sludge
|-damage|p2a: Charizard|118\/298 tox|[from] psn
|turn|11
|
|move|p2a: Charizard|Flamethrower|p1a: Tentacruel
|-resisted|p1a: Tentacruel
|-damage|p1a: Tentacruel|0 fnt
|faint|p1a: Tentacruel
|
|-damage|p2a: Charizard|28\/298 tox|[from] psn
|
|switch|p1a: Landorus-Therian|Landorus-Therian, M|227\/320
|-ability|p1a: Landorus-Therian|Intimidate|[of] p2a: Charizard
|-unboost|p2a: Charizard|atk|1
|turn|12
|
|switch|p2a: Ferrothorn|Ferrothorn, F|313\/352
|-damage|p2a: Ferrothorn|291\/352|[from] Stealth Rock
|move|p1a: Landorus-Therian|Knock Off|p2a: Ferrothorn
|-damage|p2a: Ferrothorn|238\/352
|-damage|p1a: Landorus-Therian|187\/320|[from] ability: Iron Barbs|[of] p2a: Ferrothorn
|
|turn|13
|
|switch|p1a: Ferrothorn|Ferrothorn, M|344\/352
|move|p2a: Ferrothorn|Leech Seed|p1a: Ferrothorn
|-immune|p1a: Ferrothorn|[msg]
|
|-heal|p1a: Ferrothorn|352\/352|[from] item: Leftovers
|turn|14
|chat|PKT popopop1279|ok
|
|switch|p1a: Bisharp|Bisharp, M, shiny|272\/272
|move|p2a: Ferrothorn|Stealth Rock|p1a: Bisharp
|-sidestart|p1: Suicuninite|move: Stealth Rock
|
|turn|15
|chat|PKT popopop1279|O-o
|
|move|p1a: Bisharp|Swords Dance|p1a: Bisharp
|-boost|p1a: Bisharp|atk|2
|move|p2a: Ferrothorn|Leech Seed|p1a: Bisharp
|-start|p1a: Bisharp|move: Leech Seed
|
|-damage|p1a: Bisharp|238\/272|[from] Leech Seed|[of] p2a: Ferrothorn
|-heal|p2a: Ferrothorn|272\/352|[silent]
|turn|16
|
|move|p1a: Bisharp|Knock Off|p2a: Ferrothorn
|-damage|p2a: Ferrothorn|64\/352
|-damage|p1a: Bisharp|204\/272|[from] ability: Iron Barbs|[of] p2a: Ferrothorn
|-damage|p1a: Bisharp|177\/272|[from] item: Life Orb
|move|p2a: Ferrothorn|Gyro Ball|p1a: Bisharp
|-resisted|p1a: Bisharp
|-damage|p1a: Bisharp|89\/272
|
|-damage|p1a: Bisharp|55\/272|[from] Leech Seed|[of] p2a: Ferrothorn
|-heal|p2a: Ferrothorn|98\/352|[silent]
|turn|17
|
|move|p2a: Ferrothorn|Protect|p2a: Ferrothorn
|-singleturn|p2a: Ferrothorn|Protect
|move|p1a: Bisharp|Knock Off|p2a: Ferrothorn
|-activate|p2a: Ferrothorn|Protect
|
|-damage|p1a: Bisharp|21\/272|[from] Leech Seed|[of] p2a: Ferrothorn
|-heal|p2a: Ferrothorn|132\/352|[silent]
|turn|18
|chat|Suicuninite|that is incredibly annoying
|
|move|p2a: Ferrothorn|Protect|p2a: Ferrothorn
|-singleturn|p2a: Ferrothorn|Protect
|move|p1a: Bisharp|Knock Off|p2a: Ferrothorn
|-activate|p2a: Ferrothorn|Protect
|
|-damage|p1a: Bisharp|0 fnt|[from] Leech Seed|[of] p2a: Ferrothorn
|-heal|p2a: Ferrothorn|153\/352|[silent]
|faint|p1a: Bisharp
|chat|PKT popopop1279|lol
|chat|Suicuninite|and the double protect wow.
|
|switch|p1a: Charizard|Charizard, M|260\/297
|-damage|p1a: Charizard|112\/297|[from] Stealth Rock
|turn|19
|chat|PKT popopop1279|xP
|
|detailschange|p1a: Charizard|Charizard-Mega-Y, M
|message|Charizard has Mega Evolved into Mega Charizard!
|-weather|SunnyDay
|move|p1a: Charizard|Fire Blast|p2a: Ferrothorn
|-supereffective|p2a: Ferrothorn
|-damage|p2a: Ferrothorn|0 fnt
|faint|p2a: Ferrothorn
|
|-weather|SunnyDay|[upkeep]
|
|switch|p2a: Tentacruel|Tentacruel, F|364\/364
|-damage|p2a: Tentacruel|319\/364|[from] Stealth Rock
|turn|20
|
|move|p1a: Charizard|Air Slash|p2a: Tentacruel
|-damage|p2a: Tentacruel|178\/364
|cant|p2a: Tentacruel|flinch
|
|-weather|SunnyDay|[upkeep]
|-heal|p2a: Tentacruel|200\/364|[from] item: Black Sludge
|turn|21
|chat|PKT popopop1279|;-;
|
|move|p1a: Charizard|Air Slash|p2a: Tentacruel|[miss]
|-miss|p1a: Charizard|p2a: Tentacruel
|move|p2a: Tentacruel|Rapid Spin|p1a: Charizard
|-damage|p1a: Charizard|99\/297
|-sideend|p2: PKT popopop1279|Stealth Rock|[from] move: Rapid Spin|[of] p2a: Tentacruel
|
|-weather|SunnyDay|[upkeep]
|-heal|p2a: Tentacruel|222\/364|[from] item: Black Sludge
|turn|22
|chat|Suicuninite|tell me about it
|
|move|p1a: Charizard|Air Slash|p2a: Tentacruel
|-damage|p2a: Tentacruel|83\/364
|cant|p2a: Tentacruel|flinch
|
|-weather|SunnyDay|[upkeep]
|-heal|p2a: Tentacruel|105\/364|[from] item: Black Sludge
|turn|23
|
|move|p1a: Charizard|Air Slash|p2a: Tentacruel
|-damage|p2a: Tentacruel|0 fnt
|faint|p2a: Tentacruel
|
|-weather|none
|
|switch|p2a: Gengar|Gengar, M|262\/262
|turn|24
|
|move|p2a: Gengar|Shadow Ball|p1a: Charizard
|-damage|p1a: Charizard|0 fnt
|faint|p1a: Charizard
|
|
|switch|p1a: Landorus-Therian|Landorus-Therian, M|187\/320
|-damage|p1a: Landorus-Therian|147\/320|[from] Stealth Rock
|-ability|p1a: Landorus-Therian|Intimidate|[of] p2a: Gengar
|-unboost|p2a: Gengar|atk|1
|turn|25
|
|switch|p2a: Snorlax|Snorlax, F|401\/524
|move|p1a: Landorus-Therian|Knock Off|p2a: Snorlax
|-damage|p2a: Snorlax|277\/524
|-enditem|p2a: Snorlax|Leftovers|[from] move: Knock Off|[of] p1a: Landorus-Therian
|
|turn|26
|
|switch|p1a: Ferrothorn|Ferrothorn, M|352\/352
|-damage|p1a: Ferrothorn|330\/352|[from] Stealth Rock
|switch|p2a: Gengar|Gengar, M|262\/262
|
|-heal|p1a: Ferrothorn|352\/352|[from] item: Leftovers
|turn|27
|
|move|p2a: Gengar|Taunt|p1a: Ferrothorn
|-start|p1a: Ferrothorn|move: Taunt
|cant|p1a: Ferrothorn|move: Taunt|Leech Seed
|
|turn|28
|
|move|p2a: Gengar|Shadow Ball|p1a: Ferrothorn
|-damage|p1a: Ferrothorn|241\/352
|move|p1a: Ferrothorn|Gyro Ball|p2a: Gengar
|-damage|p2a: Gengar|4\/262
|
|-heal|p1a: Ferrothorn|263\/352|[from] item: Leftovers
|turn|29
|
|move|p2a: Gengar|Destiny Bond|p2a: Gengar
|-singlemove|p2a: Gengar|Destiny Bond
|move|p1a: Ferrothorn|Gyro Ball|p2a: Gengar
|-crit|p2a: Gengar
|-damage|p2a: Gengar|0 fnt
|faint|p2a: Gengar
|-activate|p2a: Gengar|Destiny Bond
|faint|p1a: Ferrothorn
|
|
|switch|p1a: Landorus-Therian|Landorus-Therian, M|147\/320
|-damage|p1a: Landorus-Therian|107\/320|[from] Stealth Rock
|switch|p2a: Snorlax|Snorlax, F|277\/524
|-ability|p1a: Landorus-Therian|Intimidate|[of] p2a: Snorlax
|-unboost|p2a: Snorlax|atk|1
|turn|30
|
|move|p1a: Landorus-Therian|Earthquake|p2a: Snorlax
|-damage|p2a: Snorlax|100\/524
|move|p2a: Snorlax|Rest|p2a: Snorlax
|-status|p2a: Snorlax|slp
|-heal|p2a: Snorlax|524\/524 slp|[silent]
|-status|p2a: Snorlax|slp|[from] move: Rest
|
|turn|31
|
|switch|p1a: Azumarill|Azumarill, F|404\/404
|-damage|p1a: Azumarill|354\/404|[from] Stealth Rock
|switch|p2a: Charizard|Charizard-Mega-Y, M|28\/298 tox
|-weather|SunnyDay
|
|-weather|SunnyDay|[upkeep]
|-damage|p2a: Charizard|10\/298 tox|[from] psn
|turn|32
|
|move|p1a: Azumarill|Aqua Jet|p2a: Charizard
|-supereffective|p2a: Charizard
|-damage|p2a: Charizard|0 fnt
|faint|p2a: Charizard
|
|-weather|SunnyDay|[upkeep]
|
|switch|p2a: Snorlax|Snorlax, F|524\/524 slp
|turn|33
|
|move|p1a: Azumarill|Belly Drum|p1a: Azumarill
|-damage|p1a: Azumarill|152\/404
|-setboost|p1a: Azumarill|atk|6|[from] move: Belly Drum
|-enditem|p1a: Azumarill|Sitrus Berry|[eat]
|-heal|p1a: Azumarill|253\/404|[from] item: Sitrus Berry
|cant|p2a: Snorlax|slp
|move|p2a: Snorlax|Sleep Talk|p2a: Snorlax
|move|p2a: Snorlax|Body Slam|p1a: Azumarill|[from]Sleep Talk
|-damage|p1a: Azumarill|124\/404
|
|-weather|SunnyDay|[upkeep]
|turn|34
|
|move|p1a: Azumarill|Superpower|p2a: Snorlax
|-supereffective|p2a: Snorlax
|-damage|p2a: Snorlax|0 fnt
|-unboost|p1a: Azumarill|atk|1
|-unboost|p1a: Azumarill|def|1
|faint|p2a: Snorlax
|
|-weather|SunnyDay|[upkeep]
|
|switch|p2a: Cloyster|Cloyster, F|242\/242
|turn|35
|
|move|p2a: Cloyster|Rock Blast|p1a: Azumarill
|-damage|p1a: Azumarill|73\/404
|-damage|p1a: Azumarill|25\/404
|-damage|p1a: Azumarill|0 fnt
|-hitcount|p1a: Azumarill|3
|faint|p1a: Azumarill
|
|-weather|none
|chat|PKT popopop1279|gg
|
|switch|p1a: Landorus-Therian|Landorus-Therian, M|107\/320
|-damage|p1a: Landorus-Therian|67\/320|[from] Stealth Rock
|-ability|p1a: Landorus-Therian|Intimidate|[of] p2a: Cloyster
|-unboost|p2a: Cloyster|atk|1
|turn|36
|
|move|p1a: Landorus-Therian|Stone Edge|p2a: Cloyster
|-crit|p2a: Cloyster
|-supereffective|p2a: Cloyster
|-damage|p2a: Cloyster|4\/242
|move|p2a: Cloyster|Icicle Spear|p1a: Landorus-Therian
|-supereffective|p1a: Landorus-Therian
|-damage|p1a: Landorus-Therian|0 fnt
|-hitcount|p1a: Landorus-Therian|1
|faint|p1a: Landorus-Therian
|
|win|PKT popopop1279
|leave|Suicuninite
|player|p1