|join|Suicuninite
|join|Centipede
|player|p1|Suicuninite|92
|player|p2|Centipede|201
|gametype|singles
|gen|6
|tier|OU
|rated
|clearpoke
|poke|p1|Charizard, F
|poke|p1|Gliscor, M, shiny
|poke|p1|Vaporeon, F, shiny
|poke|p1|Scizor, M
|poke|p1|Terrakion
|poke|p1|Latios, M, shiny
|poke|p2|Bisharp, M
|poke|p2|Charizard, M
|poke|p2|Clefable, F
|poke|p2|Garchomp, M, shiny
|poke|p2|Gengar, M, shiny
|poke|p2|Greninja, M, shiny
|rule|Swagger Clause: Swagger is banned
|rule|Baton Pass Clause: Limit one PokÃ©mon knowing Baton Pass
|rule|Sleep Clause Mod: Limit one foe put to sleep
|rule|Species Clause: Limit one of each PokÃ©mon
|rule|OHKO Clause: OHKO moves are banned
|rule|Moody Clause: Moody is banned
|rule|Evasion Moves Clause: Evasion moves are banned
|rule|Endless Battle Clause: Forcing endless battles is banned
|rule|HP Percentage Mod: HP is shown in percentages
|teampreview
|
|start
|switch|p1a: Heliod|Terrakion|323\/323
|switch|p2a: Charizard|Charizard, M|297\/297
|turn|1
|
|switch|p2a: Garchomp|Garchomp, M, shiny|357\/357
|move|p1a: Heliod|Stone Edge|p2a: Garchomp
|-resisted|p2a: Garchomp
|-damage|p2a: Garchomp|271\/357
|
|turn|2
|
|switch|p1a: Athreos|Gliscor, M, shiny|354\/354
|switch|p2a: Charizard|Charizard, M|297\/297
|
|-status|p1a: Athreos|tox|[from] item: Toxic Orb
|turn|3
|
|detailschange|p2a: Charizard|Charizard-Mega-Y, M
|message|Charizard has Mega Evolved into Mega Charizard!
|-weather|SunnyDay
|move|p1a: Athreos|Protect|p1a: Athreos
|-singleturn|p1a: Athreos|Protect
|move|p2a: Charizard|Hidden Power|p1a: Athreos
|-activate|p1a: Athreos|Protect
|
|-weather|SunnyDay|[upkeep]
|turn|4
|
|switch|p1a: Thassa|Vaporeon, F, shiny|464\/464
|move|p2a: Charizard|Hidden Power|p1a: Thassa
|-resisted|p1a: Thassa
|-damage|p1a: Thassa|432\/464
|
|-weather|SunnyDay|[upkeep]
|-heal|p1a: Thassa|461\/464|[from] item: Leftovers
|turn|5
|
|move|p1a: Thassa|Protect|p1a: Thassa
|-singleturn|p1a: Thassa|Protect
|move|p2a: Charizard|Solar Beam|p1a: Thassa|[still]
|-prepare|p2a: Charizard|Solar Beam|p1a: Thassa
|-anim|p2a: Charizard|Solar Beam|p1a: Thassa
|-activate|p1a: Thassa|Protect
|
|-weather|SunnyDay|[upkeep]
|-heal|p1a: Thassa|464\/464|[from] item: Leftovers
|turn|6
|
|switch|p1a: Xenagos|Latios, M, shiny|302\/302
|move|p2a: Charizard|Solar Beam|p1a: Xenagos|[still]
|-prepare|p2a: Charizard|Solar Beam|p1a: Xenagos
|-anim|p2a: Charizard|Solar Beam|p1a: Xenagos
|-resisted|p1a: Xenagos
|-damage|p1a: Xenagos|223\/302
|
|-weather|SunnyDay|[upkeep]
|turn|7
|
|switch|p2a: Clefable|Clefable, F|394\/394
|move|p1a: Xenagos|Thunderbolt|p2a: Clefable
|-damage|p2a: Clefable|241\/394
|-damage|p1a: Xenagos|193\/302|[from] item: Life Orb
|
|-weather|none
|-heal|p2a: Clefable|265\/394|[from] item: Leftovers
|turn|8
|
|switch|p1a: Erebos|Scizor, M|344\/344
|move|p2a: Clefable|Soft-Boiled|p2a: Clefable
|-heal|p2a: Clefable|394\/394
|
|turn|9
|
|switch|p2a: Charizard|Charizard-Mega-Y, M|297\/297
|-weather|SunnyDay
|move|p1a: Erebos|U-turn|p2a: Charizard
|-crit|p2a: Charizard
|-resisted|p2a: Charizard
|-damage|p2a: Charizard|231\/297
|
|switch|p1a: Heliod|Terrakion|323\/323
|
|-weather|SunnyDay|[upkeep]
|turn|10
|
|switch|p2a: Garchomp|Garchomp, M, shiny|271\/357
|move|p1a: Heliod|Stone Edge|p2a: Garchomp
|-resisted|p2a: Garchomp
|-damage|p2a: Garchomp|173\/357
|
|-weather|SunnyDay|[upkeep]
|turn|11
|
|switch|p1a: Athreos|Gliscor, M, shiny|354\/354 tox
|move|p2a: Garchomp|Dragon Claw|p1a: Athreos
|-damage|p1a: Athreos|260\/354 tox
|
|-weather|SunnyDay|[upkeep]
|-heal|p1a: Athreos|304\/354 tox|[from] ability: Poison Heal
|turn|12
|
|move|p2a: Garchomp|Dragon Claw|p1a: Athreos
|-damage|p1a: Athreos|214\/354 tox
|move|p1a: Athreos|Stealth Rock|p2a: Garchomp
|-sidestart|p2: Centipede|move: Stealth Rock
|
|-weather|SunnyDay|[upkeep]
|-heal|p1a: Athreos|258\/354 tox|[from] ability: Poison Heal
|turn|13
|
|move|p1a: Athreos|Protect|p1a: Athreos
|-singleturn|p1a: Athreos|Protect
|move|p2a: Garchomp|Dragon Claw|p1a: Athreos
|-activate|p1a: Athreos|Protect
|
|-weather|none
|-heal|p1a: Athreos|302\/354 tox|[from] ability: Poison Heal
|turn|14
|
|move|p2a: Garchomp|Dragon Claw|p1a: Athreos
|-damage|p1a: Athreos|206\/354 tox
|move|p1a: Athreos|Earthquake|p2a: Garchomp
|-damage|p2a: Garchomp|44\/357
|
|-heal|p1a: Athreos|250\/354 tox|[from] ability: Poison Heal
|turn|15
|
|move|p1a: Athreos|Protect|p1a: Athreos
|-singleturn|p1a: Athreos|Protect
|move|p2a: Garchomp|Dragon Claw|p1a: Athreos
|-activate|p1a: Athreos|Protect
|
|-heal|p1a: Athreos|294\/354 tox|[from] ability: Poison Heal
|turn|16
|
|switch|p2a: Charizard|Charizard-Mega-Y, M|231\/297
|-damage|p2a: Charizard|83\/297|[from] Stealth Rock
|-weather|SunnyDay
|move|p1a: Athreos|Earthquake|p2a: Charizard
|-immune|p2a: Charizard|[msg]
|
|-weather|SunnyDay|[upkeep]
|-heal|p1a: Athreos|338\/354 tox|[from] ability: Poison Heal
|turn|17
|
|switch|p1a: Xenagos|Latios, M, shiny|193\/302
|move|p2a: Charizard|Flamethrower|p1a: Xenagos
|-resisted|p1a: Xenagos
|-damage|p1a: Xenagos|70\/302
|
|-weather|SunnyDay|[upkeep]
|turn|18
|
|move|p1a: Xenagos|Psyshock|p2a: Charizard
|-damage|p2a: Charizard|0 fnt
|-damage|p1a: Xenagos|40\/302|[from] item: Life Orb
|faint|p2a: Charizard
|
|-weather|SunnyDay|[upkeep]
|
|switch|p2a: Clefable|Clefable, F|394\/394
|turn|19
|
|switch|p1a: Erebos|Scizor, M|344\/344
|move|p2a: Clefable|Calm Mind|p2a: Clefable
|-boost|p2a: Clefable|spa|1
|-boost|p2a: Clefable|spd|1
|
|-weather|SunnyDay|[upkeep]
|turn|20
|
|move|p1a: Erebos|Bullet Punch|p2a: Clefable
|-supereffective|p2a: Clefable
|-damage|p2a: Clefable|200\/394
|move|p2a: Clefable|Flamethrower|p1a: Erebos
|-supereffective|p1a: Erebos
|-damage|p1a: Erebos|0 fnt
|faint|p1a: Erebos
|
|-weather|none
|-heal|p2a: Clefable|224\/394|[from] item: Leftovers
|
|switch|p1a: Xenagos|Latios, M, shiny|40\/302
|turn|21
|
|move|p1a: Xenagos|Psyshock|p2a: Clefable
|-damage|p2a: Clefable|59\/394
|-damage|p1a: Xenagos|10\/302|[from] item: Life Orb
|move|p2a: Clefable|Soft-Boiled|p2a: Clefable
|-heal|p2a: Clefable|256\/394
|
|-heal|p2a: Clefable|280\/394|[from] item: Leftovers
|turn|22
|
|move|p1a: Xenagos|Psyshock|p2a: Clefable
|-damage|p2a: Clefable|112\/394
|-damage|p1a: Xenagos|0 fnt|[from] item: Life Orb
|faint|p1a: Xenagos
|move|p2a: Clefable|Soft-Boiled|p2a: Clefable
|-heal|p2a: Clefable|309\/394
|
|-heal|p2a: Clefable|333\/394|[from] item: Leftovers
|
|switch|p1a: Iroas|Charizard, F|298\/298
|turn|23
|
|move|p1a: Iroas|Dragon Dance|p1a: Iroas
|-boost|p1a: Iroas|atk|1
|-boost|p1a: Iroas|spe|1
|move|p2a: Clefable|Calm Mind|p2a: Clefable
|-boost|p2a: Clefable|spa|1
|-boost|p2a: Clefable|spd|1
|
|-heal|p2a: Clefable|357\/394|[from] item: Leftovers
|turn|24
|
|move|p1a: Iroas|Dragon Dance|p1a: Iroas
|-boost|p1a: Iroas|atk|1
|-boost|p1a: Iroas|spe|1
|move|p2a: Clefable|Moonblast|p1a: Iroas
|-resisted|p1a: Iroas
|-damage|p1a: Iroas|175\/298
|
|-heal|p2a: Clefable|381\/394|[from] item: Leftovers
|turn|25
|
|detailschange|p1a: Iroas|Charizard-Mega-X, F
|message|Charizard has Mega Evolved into Mega Charizard!
|move|p1a: Iroas|Flare Blitz|p2a: Clefable
|-damage|p2a: Clefable|0 fnt
|-damage|p1a: Iroas|49\/298|[from] recoil|[of] p2a: Clefable
|faint|p2a: Clefable
|
|
|switch|p2a: Bisharp|Bisharp, M|334\/334
|-damage|p2a: Bisharp|314\/334|[from] Stealth Rock
|turn|26
|
|move|p1a: Iroas|Dragon Dance|p1a: Iroas
|-boost|p1a: Iroas|atk|1
|-boost|p1a: Iroas|spe|1
|move|p2a: Bisharp|Knock Off|p1a: Iroas
|-damage|p1a: Iroas|0 fnt
|faint|p1a: Iroas
|
|c|âSuicuninite|ngl expected sucker punch
|
|switch|p1a: Heliod|Terrakion|323\/323
|turn|27
|c|âCentipede|I know
|
|move|p2a: Bisharp|Sucker Punch|p1a: Heliod
|-resisted|p1a: Heliod
|-damage|p1a: Heliod|240\/323
|-boost|p1a: Heliod|atk|1|[from] ability: Justified
|move|p1a: Heliod|Stone Edge|p2a: Bisharp
|-resisted|p2a: Bisharp
|-damage|p2a: Bisharp|187\/334
|
|turn|28
|
|switch|p1a: Athreos|Gliscor, M, shiny|338\/354 tox
|move|p2a: Bisharp|Iron Head|p1a: Athreos
|-damage|p1a: Athreos|245\/354 tox
|
|-heal|p1a: Athreos|289\/354 tox|[from] ability: Poison Heal
|turn|29
|
|switch|p1a: Thassa|Vaporeon, F, shiny|464\/464
|move|p2a: Bisharp|Knock Off|p1a: Thassa
|-damage|p1a: Thassa|196\/464
|-enditem|p1a: Thassa|Leftovers|[from] move: Knock Off|[of] p2a: Bisharp
|
|turn|30
|c|âSuicuninite|wtf are you predicting me or?
|
|move|p2a: Bisharp|Sucker Punch|p1a: Thassa
|-damage|p1a: Thassa|0 fnt
|faint|p1a: Thassa
|
|c|âCentipede|or?
|c|âSuicuninite|your plays make no sense but they're working lol
|-message|Suicuninite forfeited.
|
|win|Centipede
|raw|Ladder updating...
|leave|Suicuninite
|player|p1
|raw|Suicuninite's rating: 1258 &rarr; <strong>1229<\/strong><br \/>(-29 for losing)
|raw|Centipede's rating: 1197 &rarr; <strong>1226<\/strong><br \/>(+29 for winning)