|join|tubson361
|join|Suicuninite
|player|p1|tubson361|101
|player|p2|Suicuninite|92
|gametype|singles
|gen|6
|tier|OU
|clearpoke
|poke|p1|Charizard, M
|poke|p1|Keldeo
|poke|p1|Dragonite, M
|poke|p1|Aegislash, M
|poke|p1|Forretress, M
|poke|p1|Heatran, M
|poke|p2|Charizard, M, shiny
|poke|p2|Skarmory, M
|poke|p2|Sylveon, F, shiny
|poke|p2|Breloom, M, shiny
|poke|p2|Rotom-Wash, shiny
|poke|p2|Latios, M, shiny
|rule|Sleep Clause Mod: Limit one foe put to sleep
|rule|Species Clause: Limit one of each Pokemon
|rule|OHKO Clause: OHKO moves are banned
|rule|Moody Clause: Moody is banned
|rule|Evasion Moves Clause: Evasion moves are banned
|rule|Endless Battle Clause: Forcing endless battles is banned.
|rule|HP Percentage Mod: HP is reported as percentages
|teampreview
|join|Crystalites
|chat|Crystalites|win tubson
|
|start
|switch|p1a: Bugs Castle|Forretress, M|354\/354
|switch|p2a: Rotom-Wash|Rotom-Wash, shiny|241\/241
|turn|1
|join|Woutt120
|leave|Crystalites
|
|move|p2a: Rotom-Wash|Volt Switch|p1a: Bugs Castle
|-damage|p1a: Bugs Castle|186\/354
|join|iBattleSpotPRO
|
|switch|p2a: Latios|Latios, M, shiny|302\/302
|move|p1a: Bugs Castle|Stealth Rock|p2a: Latios
|-sidestart|p2: Suicuninite|move: Stealth Rock
|
|turn|2
|
|switch|p1a: Mutated Wall|Heatran, M|357\/357
|-item|p1a: Mutated Wall|Air Balloon
|move|p2a: Latios|Surf|p1a: Mutated Wall
|-supereffective|p1a: Mutated Wall
|-damage|p1a: Mutated Wall|89\/357
|-enditem|p1a: Mutated Wall|Air Balloon
|-damage|p2a: Latios|272\/302|[from] item: Life Orb
|
|turn|3
|chat|tubson361|woops
|chat|Woutt120|The winner of the lumiose station tournament!
|
|move|p2a: Latios|Psyshock|p1a: Mutated Wall
|-resisted|p1a: Mutated Wall
|-damage|p1a: Mutated Wall|6\/357
|-damage|p2a: Latios|242\/302|[from] item: Life Orb
|move|p1a: Mutated Wall|Will-O-Wisp|p2a: Latios
|-status|p2a: Latios|brn
|
|-damage|p2a: Latios|205\/302 brn|[from] brn
|turn|4
|chat|Suicuninite|damn, expected keldeo
|
|move|p1a: Mutated Wall|Protect|p1a: Mutated Wall
|-singleturn|p1a: Mutated Wall|Protect
|move|p2a: Latios|Dragon Pulse|p1a: Mutated Wall
|-activate|p1a: Mutated Wall|Protect
|
|-damage|p2a: Latios|168\/302 brn|[from] brn
|turn|5
|chat|Suicuninite|yup thats me :P
|chat|iBattleSpotPRO|lol 
|
|switch|p1a: Bugs Castle|Forretress, M|186\/354
|move|p2a: Latios|Psyshock|p1a: Bugs Castle
|-resisted|p1a: Bugs Castle
|-damage|p1a: Bugs Castle|138\/354
|-damage|p2a: Latios|138\/302 brn|[from] item: Life Orb
|
|-damage|p2a: Latios|101\/302 brn|[from] brn
|turn|6
|chat|iBattleSpotPRO|grats btw i dont think i said it
|
|switch|p2a: Sylveon|Sylveon, F, shiny|394\/394
|-damage|p2a: Sylveon|345\/394|[from] Stealth Rock
|move|p1a: Bugs Castle|Spikes|p2a: Sylveon
|-sidestart|p2: Suicuninite|Spikes
|
|-heal|p2a: Sylveon|369\/394|[from] item: Leftovers
|turn|7
|chat|Suicuninite|ah thanks dude :)
|chat|tubson361|nice wrok winning it brah
|chat|iBattleSpotPRO|np :)
|chat|Suicuninite|I didnt win with this team though, lol
|chat|Woutt120|diffrent team do
|
|move|p2a: Sylveon|Wish|p2a: Sylveon
|move|p1a: Bugs Castle|Toxic Spikes|p2a: Sylveon
|-sidestart|p2: Suicuninite|move: Toxic Spikes
|
|-heal|p2a: Sylveon|393\/394|[from] item: Leftovers
|turn|8
|
|switch|p2a: Latios|Latios, M, shiny|101\/302 brn
|-damage|p2a: Latios|64\/302 brn|[from] Stealth Rock
|move|p1a: Bugs Castle|Spikes|p2a: Latios
|-sidestart|p2: Suicuninite|Spikes
|
|-heal|p2a: Latios|261\/302 brn|[from] move: Wish|[wisher] Sylveon
|-damage|p2a: Latios|224\/302 brn|[from] brn
|turn|9
|chat|iBattleSpotPRO|lol ik i was watching ;P
|
|move|p2a: Latios|Defog|p1a: Bugs Castle
|-unboost|p1a: Bugs Castle|evasion|1
|-sideend|p2: Suicuninite|Spikes|[from] move: Defog|[of] p2a: Latios
|-sideend|p2: Suicuninite|Toxic Spikes|[from] move: Defog|[of] p2a: Latios
|-sideend|p2: Suicuninite|Stealth Rock|[from] move: Defog|[of] p2a: Latios
|move|p1a: Bugs Castle|Stealth Rock|p2a: Latios
|-sidestart|p2: Suicuninite|move: Stealth Rock
|
|-damage|p2a: Latios|187\/302 brn|[from] brn
|turn|10
|
|move|p2a: Latios|Surf|p1a: Bugs Castle
|-damage|p1a: Bugs Castle|0 fnt
|-damage|p2a: Latios|157\/302 brn|[from] item: Life Orb
|faint|p1a: Bugs Castle
|
|-damage|p2a: Latios|120\/302 brn|[from] brn
|
|switch|p1a: Shin-Dragoon|Dragonite, M|323\/323
|turn|11
|
|switch|p2a: Skarmory|Skarmory, M|334\/334
|-damage|p2a: Skarmory|293\/334|[from] Stealth Rock
|move|p1a: Shin-Dragoon|Dragon Dance|p1a: Shin-Dragoon
|-boost|p1a: Shin-Dragoon|atk|1
|-boost|p1a: Shin-Dragoon|spe|1
|
|-heal|p2a: Skarmory|313\/334|[from] item: Leftovers
|turn|12
|
|switch|p1a: Mutated Wall|Heatran, M|6\/357
|move|p2a: Skarmory|Whirlwind|p1a: Mutated Wall
|drag|p1a: Fire-Heart|Charizard, M|298\/298
|
|-heal|p2a: Skarmory|333\/334|[from] item: Leftovers
|turn|13
|
|switch|p2a: Sylveon|Sylveon, F, shiny|393\/394
|-damage|p2a: Sylveon|344\/394|[from] Stealth Rock
|-weather|SunnyDay
|detailschange|p1a: Fire-Heart|Charizard-Mega-Y, M
|message|Charizard has Mega Evolved into Mega Charizard!
|move|p1a: Fire-Heart|Fire Blast|p2a: Sylveon
|-damage|p2a: Sylveon|139\/394
|
|-weather|SunnyDay|[upkeep]
|-heal|p2a: Sylveon|163\/394|[from] item: Leftovers
|turn|14
|
|move|p2a: Sylveon|Protect|p2a: Sylveon
|-singleturn|p2a: Sylveon|Protect
|move|p1a: Fire-Heart|Fire Blast|p2a: Sylveon
|-activate|p2a: Sylveon|Protect
|
|-weather|SunnyDay|[upkeep]
|-heal|p2a: Sylveon|187\/394|[from] item: Leftovers
|turn|15
|
|move|p1a: Fire-Heart|Fire Blast|p2a: Sylveon
|-damage|p2a: Sylveon|0 fnt
|faint|p2a: Sylveon
|
|-weather|SunnyDay|[upkeep]
|chat|Suicuninite|jeez
|chat|tubson361|:3
|chat|iBattleSpotPRO|wow
|chat|tubson361|strong yes
|
|switch|p2a: Latios|Latios, M, shiny|120\/302 brn
|-damage|p2a: Latios|83\/302 brn|[from] Stealth Rock
|turn|16
|chat|iBattleSpotPRO|then again suns up so yh lol
|
|move|p2a: Latios|Defog|p1a: Fire-Heart
|-unboost|p1a: Fire-Heart|evasion|1
|-sideend|p2: Suicuninite|Stealth Rock|[from] move: Defog|[of] p2a: Latios
|move|p1a: Fire-Heart|Air Slash|p2a: Latios
|-damage|p2a: Latios|0 fnt
|faint|p2a: Latios
|
|-weather|SunnyDay|[upkeep]
|chat|Woutt120|charizard y to op
|chat|iBattleSpotPRO|yes
|
|switch|p2a: Rotom-Wash|Rotom-Wash, shiny|241\/241
|turn|17
|
|move|p2a: Rotom-Wash|Volt Switch|p1a: Fire-Heart
|-supereffective|p1a: Fire-Heart
|-damage|p1a: Fire-Heart|92\/298
|chat|tubson361|choice scarf?
|
|switch|p2a: Skarmory|Skarmory, M|333\/334
|move|p1a: Fire-Heart|Solar Beam|p2a: Skarmory|[still]
|-prepare|p1a: Fire-Heart|Solar Beam|p2a: Skarmory
|-anim|p1a: Fire-Heart|Solar Beam|p2a: Skarmory
|-resisted|p2a: Skarmory
|-damage|p2a: Skarmory|275\/334
|
|-weather|none
|-heal|p2a: Skarmory|295\/334|[from] item: Leftovers
|turn|18
|
|switch|p2a: Rotom-Wash|Rotom-Wash, shiny|241\/241
|move|p1a: Fire-Heart|Fire Blast|p2a: Rotom-Wash
|-resisted|p2a: Rotom-Wash
|-damage|p2a: Rotom-Wash|137\/241
|
|turn|19
|
|switch|p1a: Mutated Wall|Heatran, M|6\/357
|move|p2a: Rotom-Wash|Volt Switch|p1a: Mutated Wall
|-damage|p1a: Mutated Wall|0 fnt
|faint|p1a: Mutated Wall
|chat|tubson361|sacrafice
|
|switch|p2a: Charizard|Charizard, M, shiny|298\/298
|
|
|switch|p1a: Da Chosen One|Keldeo|323\/323
|turn|20
|chat|iBattleSpotPRO|oooo zard v zard come on :3
|
|switch|p2a: Skarmory|Skarmory, M|295\/334
|move|p1a: Da Chosen One|Hydro Pump|p2a: Skarmory
|-damage|p2a: Skarmory|0 fnt
|faint|p2a: Skarmory
|
|chat|tubson361|no
|chat|tubson361|XD
|chat|tubson361|dat skarm fail
|
|switch|p2a: Rotom-Wash|Rotom-Wash, shiny|137\/241
|turn|21
|chat|Suicuninite|i was sacrificing it lol
|
|switch|p1a: Fire-Heart|Charizard-Mega-Y, M|92\/298
|-weather|SunnyDay
|move|p2a: Rotom-Wash|Volt Switch|p1a: Fire-Heart
|-supereffective|p1a: Fire-Heart
|-damage|p1a: Fire-Heart|0 fnt
|faint|p1a: Fire-Heart
|chat|tubson361|sacrafice
|chat|iBattleSpotPRO|lol
|chat|tubson361|ACE
|
|switch|p2a: Charizard|Charizard, M, shiny|298\/298
|
|-weather|SunnyDay|[upkeep]
|
|switch|p1a: Da Chosen One|Keldeo|323\/323
|turn|22
|chat|Woutt120|stupid switch tubson
|
|detailschange|p2a: Charizard|Charizard-Mega-X, M, shiny
|message|Charizard has Mega Evolved into Mega Charizard!
|move|p1a: Da Chosen One|Hydro Pump|p2a: Charizard
|-damage|p2a: Charizard|120\/298
|move|p2a: Charizard|Dragon Dance|p2a: Charizard
|-boost|p2a: Charizard|atk|1
|-boost|p2a: Charizard|spe|1
|
|-weather|SunnyDay|[upkeep]
|turn|23
|chat|tubson361|NEVAH
|chat|iBattleSpotPRO|brelooms too good im waiting for him ;P
|chat|Woutt120|aegislash was better
|chat|tubson361|nothing is stupid
|
|move|p2a: Charizard|Dragon Claw|p1a: Da Chosen One
|-damage|p1a: Da Chosen One|19\/323
|move|p1a: Da Chosen One|Hydro Pump|p2a: Charizard
|-damage|p2a: Charizard|0 fnt
|faint|p2a: Charizard
|
|-weather|SunnyDay|[upkeep]
|join|aCept
|chat|tubson361|or was it
|chat|Suicuninite|my god...
|chat|tubson361|:P
|
|switch|p2a: Rotom-Wash|Rotom-Wash, shiny|137\/241
|turn|24
|chat|Woutt120|mach punch?
|
|move|p2a: Rotom-Wash|Volt Switch|p1a: Da Chosen One
|-supereffective|p1a: Da Chosen One
|-damage|p1a: Da Chosen One|0 fnt
|faint|p1a: Da Chosen One
|
|switch|p2a: Breloom|Breloom, M, shiny|262\/262
|
|-weather|SunnyDay|[upkeep]
|
|switch|p1a: Sword & Shield|Aegislash, M|261\/261
|turn|25
|chat|tubson361|oh lord gg
|
|move|p2a: Breloom|Spore|p1a: Sword & Shield
|-status|p1a: Sword & Shield|slp
|cant|p1a: Sword & Shield|slp
|
|-weather|none
|turn|26
|chat|tubson361|i never win a OU tournye
|chat|tubson361|i see why u won the Lumiose sation winner
|
|switch|p2a: Rotom-Wash|Rotom-Wash, shiny|137\/241
|cant|p1a: Sword & Shield|slp
|
|turn|27
|chat|tubson361|WAKE UP
|chat|Suicuninite|haha thanks dude but Im probably gonna lose this one to be honest
|
|move|p2a: Rotom-Wash|Hydro Pump|p1a: Sword & Shield
|-damage|p1a: Sword & Shield|155\/261 slp
|-curestatus|p1a: Sword & Shield|slp
|move|p1a: Sword & Shield|Swords Dance|p1a: Sword & Shield
|-boost|p1a: Sword & Shield|atk|2
|
|turn|28
|chat|iBattleSpotPRO|yep
|
|move|p2a: Rotom-Wash|Hydro Pump|p1a: Sword & Shield|[miss]
|-miss|p2a: Rotom-Wash|p1a: Sword & Shield
|-formechange|p1a: Sword & Shield|Aegislash-Blade
|move|p1a: Sword & Shield|Sacred Sword|p2a: Rotom-Wash
|-damage|p2a: Rotom-Wash|0 fnt
|faint|p2a: Rotom-Wash
|
|chat|tubson361|OHHH
|chat|Suicuninite|of course I miss too lol
|
|switch|p2a: Breloom|Breloom, M, shiny|262\/262
|turn|29
|chat|tubson361|can i win?
|chat|Woutt120|aegislash should be band from ou
|chat|tubson361|HELL NO
|chat|iBattleSpotPRO|so op
|chat|Suicuninite|nah
|chat|Suicuninite|its not OP at all
|
|move|p1a: Sword & Shield|Shadow Sneak|p2a: Breloom
|-damage|p2a: Breloom|72\/262
|move|p2a: Breloom|Spore|p1a: Sword & Shield
|-status|p1a: Sword & Shield|slp
|
|turn|30
|chat|Woutt120|king shield spamming sucks
|
|-formechange|p1a: Sword & Shield|Aegislash
|cant|p1a: Sword & Shield|slp
|move|p2a: Breloom|Bullet Seed|p1a: Sword & Shield
|-resisted|p1a: Sword & Shield
|-damage|p1a: Sword & Shield|124\/261 slp
|-resisted|p1a: Sword & Shield
|-damage|p1a: Sword & Shield|97\/261 slp
|-resisted|p1a: Sword & Shield
|-damage|p1a: Sword & Shield|66\/261 slp
|-resisted|p1a: Sword & Shield
|-damage|p1a: Sword & Shield|36\/261 slp
|-hitcount|p1a: Sword & Shield|4
|-damage|p2a: Breloom|46\/262|[from] item: Life Orb
|
|turn|31
|chat|tubson361|ahh lord
|chat|Suicuninite|yeah i lost
|
|-formechange|p1a: Sword & Shield|Aegislash-Blade
|cant|p1a: Sword & Shield|slp
|move|p2a: Breloom|Bullet Seed|p1a: Sword & Shield
|-resisted|p1a: Sword & Shield
|-damage|p1a: Sword & Shield|0 fnt
|-hitcount|p1a: Sword & Shield|1
|-damage|p2a: Breloom|20\/262|[from] item: Life Orb
|faint|p1a: Sword & Shield
|
|chat|tubson361|ik
|chat|Woutt120|oh no life orb
|chat|tubson361|can u say i won
|
|switch|p1a: Shin-Dragoon|Dragonite, M|323\/323
|turn|32
|chat|Suicuninite|what?
|chat|tubson361|pretend u host the tourney
|chat|Woutt120|extreme speed?
|chat|tubson361|idk where the host is
|chat|Suicuninite|no.. im not gonna pretend I was the host lol
|chat|iBattleSpotPRO|lol
|chat|tubson361|xd
|
|move|p1a: Shin-Dragoon|Extreme Speed|p2a: Breloom
|-damage|p2a: Breloom|0 fnt
|faint|p2a: Breloom
|
|win|tubson361
|chat|tubson361|GG
|leave|aCept
|chat|tubson361|dude
|chat|Suicuninite|yup gg
|chat|Woutt120|yep
|chat|tubson361|wanna battle
|chat|Woutt120|gg
|leave|iBattleSpotPRO
|leave|Suicuninite
|chat|tubson361|use ur actual team
|leave|tubson361
|player|p2
|player|p1
|leave|Woutt120
|join|Woutt120