|join|Suicuninite
|join|Fetish Boy
|player|p1|Suicuninite|92
|player|p2|Fetish Boy|92
|gametype|singles
|gen|6
|tier|OU
|rated
|clearpoke
|poke|p1|Pinsir, M, shiny
|poke|p1|Ferrothorn, M
|poke|p1|Vaporeon, F
|poke|p1|Landorus-Therian, M
|poke|p1|Magnezone, shiny
|poke|p1|Latios, M, shiny
|poke|p2|Bisharp, M
|poke|p2|Togekiss, M
|poke|p2|Skarmory, M
|poke|p2|Scizor, F
|poke|p2|Salamence, M
|poke|p2|Talonflame, F
|rule|Swagger Clause: Swagger is banned
|rule|Baton Pass Clause: Limit one PokÃ©mon knowing Baton Pass
|rule|Sleep Clause Mod: Limit one foe put to sleep
|rule|Species Clause: Limit one of each PokÃ©mon
|rule|OHKO Clause: OHKO moves are banned
|rule|Moody Clause: Moody is banned
|rule|Evasion Moves Clause: Evasion moves are banned
|rule|Endless Battle Clause: Forcing endless battles is banned
|rule|HP Percentage Mod: HP is shown in percentages
|teampreview
|
|start
|switch|p1a: Pharika|Ferrothorn, M|352\/352
|switch|p2a: Bisharp|Bisharp, M|334\/334
|turn|1
|
|move|p2a: Bisharp|Swords Dance|p2a: Bisharp
|-boost|p2a: Bisharp|atk|2
|move|p1a: Pharika|Stealth Rock|p2a: Bisharp
|-sidestart|p2: Fetish Boy|move: Stealth Rock
|
|turn|2
|
|move|p2a: Bisharp|Swords Dance|p2a: Bisharp
|-boost|p2a: Bisharp|atk|2
|move|p1a: Pharika|Leech Seed|p2a: Bisharp
|-start|p2a: Bisharp|move: Leech Seed
|
|-damage|p2a: Bisharp|293\/334|[from] Leech Seed|[of] p1a: Pharika
|turn|3
|
|move|p2a: Bisharp|Knock Off|p1a: Pharika
|-damage|p1a: Pharika|19\/352
|-damage|p2a: Bisharp|252\/334|[from] ability: Iron Barbs|[of] p1a: Pharika
|-enditem|p1a: Pharika|Leftovers|[from] move: Knock Off|[of] p2a: Bisharp
|move|p1a: Pharika|Gyro Ball|p2a: Bisharp
|-resisted|p2a: Bisharp
|-damage|p2a: Bisharp|194\/334
|
|-damage|p2a: Bisharp|153\/334|[from] Leech Seed|[of] p1a: Pharika
|-heal|p1a: Pharika|60\/352|[silent]
|turn|4
|
|move|p2a: Bisharp|Knock Off|p1a: Pharika
|-crit|p1a: Pharika
|-damage|p1a: Pharika|0 fnt
|-damage|p2a: Bisharp|112\/334|[from] ability: Iron Barbs|[of] p1a: Pharika
|faint|p1a: Pharika
|
|
|switch|p1a: Thassa|Vaporeon, F|422\/422
|turn|5
|
|move|p1a: Thassa|Protect|p1a: Thassa
|-singleturn|p1a: Thassa|Protect
|move|p2a: Bisharp|Sucker Punch|p1a: Thassa
|-fail|p1a: Thassa
|
|-damage|p2a: Bisharp|71\/334|[from] Leech Seed|[of] p1a: Thassa
|turn|6
|
|move|p1a: Thassa|Wish|p1a: Thassa
|move|p2a: Bisharp|Knock Off|p1a: Thassa
|-damage|p1a: Thassa|0 fnt
|-enditem|p1a: Thassa|Leftovers|[from] move: Knock Off|[of] p2a: Bisharp
|faint|p1a: Thassa
|
|
|switch|p1a: Xenagos|Latios, M, shiny|302\/302
|turn|7
|
|move|p2a: Bisharp|Sucker Punch|p1a: Xenagos
|-fail|p1a: Xenagos
|move|p1a: Xenagos|Defog|p2a: Bisharp
|-unboost|p2a: Bisharp|evasion|1
|-boost|p2a: Bisharp|atk|2|[from] ability: Defiant
|-sideend|p2: Fetish Boy|Stealth Rock|[from] move: Defog|[of] p2a: Bisharp
|
|-damage|p2a: Bisharp|30\/334|[from] Leech Seed|[of] p1a: Xenagos
|turn|8
|
|move|p1a: Xenagos|Thunderbolt|p2a: Bisharp
|-damage|p2a: Bisharp|0 fnt
|-damage|p1a: Xenagos|272\/302|[from] item: Life Orb
|faint|p2a: Bisharp
|
|c|âFetish Boy|noooo i missed :O
|c|âSuicuninite|lol
|
|switch|p2a: Scizor|Scizor, F|344\/344
|turn|9
|c|âSuicuninite|prediction game on point
|
|switch|p1a: Phenax|Magnezone, shiny|344\/344
|detailschange|p2a: Scizor|Scizor-Mega, F
|message|Scizor has Mega Evolved into Mega Scizor!
|move|p2a: Scizor|Swords Dance|p2a: Scizor
|-boost|p2a: Scizor|atk|2
|
|turn|10
|c|âFetish Boy|that was me last game
|c|âFetish Boy|hp fire?
|c|âSuicuninite|possibly
|
|move|p2a: Scizor|Bug Bite|p1a: Phenax
|-resisted|p1a: Phenax
|-damage|p1a: Phenax|161\/344
|move|p1a: Phenax|Hidden Power|p2a: Scizor
|-supereffective|p2a: Scizor
|-damage|p2a: Scizor|0 fnt
|faint|p2a: Scizor
|
|c|âFetish Boy|nice :)
|c|âSuicuninite|haha thank you
|
|switch|p2a: Togekiss|Togekiss, M|312\/312
|turn|11
|c|âSuicuninite|its on this team specifically to deal with scizor and skarmory
|
|switch|p1a: Kruphix|Landorus-Therian, M|320\/320
|-ability|p1a: Kruphix|Intimidate|[of] p2a: Togekiss
|-unboost|p2a: Togekiss|atk|1
|move|p2a: Togekiss|Aura Sphere|p1a: Kruphix
|-resisted|p1a: Kruphix
|-damage|p1a: Kruphix|263\/320
|
|turn|12
|c|âFetish Boy|i hate them so much
|
|switch|p2a: Skarmory|Skarmory, M|334\/334
|move|p1a: Kruphix|Stone Edge|p2a: Skarmory
|-damage|p2a: Skarmory|266\/334
|
|turn|13
|
|switch|p1a: Phenax|Magnezone, shiny|161\/344
|move|p2a: Skarmory|Stealth Rock|p1a: Phenax
|-sidestart|p1: Suicuninite|move: Stealth Rock
|
|turn|14
|
|move|p1a: Phenax|Volt Switch|p2a: Skarmory
|-supereffective|p2a: Skarmory
|-damage|p2a: Skarmory|0 fnt
|faint|p2a: Skarmory
|
|switch|p1a: Xenagos|Latios, M, shiny|272\/302
|-damage|p1a: Xenagos|235\/302|[from] Stealth Rock
|
|
|switch|p2a: Togekiss|Togekiss, M|312\/312
|turn|15
|
|move|p2a: Togekiss|Air Slash|p1a: Xenagos
|-damage|p1a: Xenagos|105\/302
|cant|p1a: Xenagos|flinch
|
|turn|16
|
|switch|p1a: Phenax|Magnezone, shiny|161\/344
|-damage|p1a: Phenax|140\/344|[from] Stealth Rock
|move|p2a: Togekiss|Air Slash|p1a: Phenax
|-resisted|p1a: Phenax
|-damage|p1a: Phenax|103\/344
|
|turn|17
|
|move|p2a: Togekiss|Air Slash|p1a: Phenax
|-resisted|p1a: Phenax
|-damage|p1a: Phenax|65\/344
|cant|p1a: Phenax|flinch
|
|turn|18
|
|move|p2a: Togekiss|Air Slash|p1a: Phenax
|-resisted|p1a: Phenax
|-damage|p1a: Phenax|26\/344
|cant|p1a: Phenax|flinch
|
|turn|19
|c|âSuicuninite|wooooooooooooooow.
|
|move|p2a: Togekiss|Air Slash|p1a: Phenax
|-resisted|p1a: Phenax
|-damage|p1a: Phenax|0 fnt
|faint|p1a: Phenax
|
|
|switch|p1a: Kruphix|Landorus-Therian, M|263\/320
|-damage|p1a: Kruphix|223\/320|[from] Stealth Rock
|-ability|p1a: Kruphix|Intimidate|[of] p2a: Togekiss
|-unboost|p2a: Togekiss|atk|1
|turn|20
|c|âFetish Boy|salamence has a similar strat lol
|
|move|p1a: Kruphix|Stone Edge|p2a: Togekiss|[miss]
|-miss|p1a: Kruphix|p2a: Togekiss
|move|p2a: Togekiss|Air Slash|p1a: Kruphix
|-damage|p1a: Kruphix|58\/320
|
|turn|21
|c|âFetish Boy|scarf oh
|
|move|p1a: Kruphix|Stone Edge|p2a: Togekiss
|-supereffective|p2a: Togekiss
|-damage|p2a: Togekiss|30\/312
|move|p2a: Togekiss|Air Slash|p1a: Kruphix
|-damage|p1a: Kruphix|0 fnt
|faint|p1a: Kruphix
|
|c|âSuicuninite|just had to miss the first one huh
|
|switch|p1a: Mogis|Pinsir, M, shiny|271\/271
|-damage|p1a: Mogis|204\/271|[from] Stealth Rock
|turn|22
|c|âFetish Boy|yeah now its done :(
|
|move|p1a: Mogis|Quick Attack|p2a: Togekiss
|-crit|p2a: Togekiss
|-damage|p2a: Togekiss|0 fnt
|faint|p2a: Togekiss
|-boost|p1a: Mogis|atk|1|[from] ability: Moxie
|
|-message|Suicuninite forfeited.
|
|win|Fetish Boy
|raw|Ladder updating...
|
|switch|p2a: Brave Burd|Talonflame, F|360\/360
|leave|Suicuninite
|player|p1
|raw|Suicuninite's rating: 1303 &rarr; <strong>1280<\/strong><br \/>(-23 for losing)
|raw|Fetish Boy's rating: 1250 &rarr; <strong>1279<\/strong><br \/>(+29 for winning)