|join|Suicuninite
|join|GenoAzelf
|player|p1|Suicuninite|92
|player|p2|GenoAzelf|266
|gametype|singles
|gen|6
|tier|OU
|clearpoke
|poke|p1|Pinsir, M, shiny
|poke|p1|Ferrothorn, M
|poke|p1|Vaporeon, F
|poke|p1|Landorus-Therian, M
|poke|p1|Magnezone, shiny
|poke|p1|Latios, M, shiny
|poke|p2|Landorus, M
|poke|p2|Greninja, M, shiny
|poke|p2|Lucario, M
|poke|p2|Altaria, F
|poke|p2|Rotom-Wash
|poke|p2|Klefki, F
|rule|Swagger Clause: Swagger is banned
|rule|Baton Pass Clause: Limit one PokÃ©mon knowing Baton Pass
|rule|Sleep Clause Mod: Limit one foe put to sleep
|rule|Species Clause: Limit one of each PokÃ©mon
|rule|OHKO Clause: OHKO moves are banned
|rule|Moody Clause: Moody is banned
|rule|Evasion Moves Clause: Evasion moves are banned
|rule|Endless Battle Clause: Forcing endless battles is banned
|rule|HP Percentage Mod: HP is shown in percentages
|teampreview
|join|2z
|
|start
|switch|p1a: Kruphix|Landorus-Therian, M|320\/320
|switch|p2a: Randorosu|Landorus, M|319\/319
|-ability|p1a: Kruphix|Intimidate|[of] p2a: Randorosu
|-unboost|p2a: Randorosu|atk|1
|turn|1
|
|move|p1a: Kruphix|U-turn|p2a: Randorosu
|-crit|p2a: Randorosu
|-resisted|p2a: Randorosu
|-damage|p2a: Randorosu|251\/319
|
|switch|p1a: Thassa|Vaporeon, F|464\/464
|move|p2a: Randorosu|Stealth Rock|p1a: Thassa
|-sidestart|p1: Suicuninite|move: Stealth Rock
|
|turn|2
|
|switch|p2a: Axium|Rotom-Wash|303\/303
|move|p1a: Thassa|Scald|p2a: Axium
|-resisted|p2a: Axium
|-damage|p2a: Axium|252\/303
|-status|p2a: Axium|brn
|
|-heal|p2a: Axium|270\/303 brn|[from] item: Leftovers
|-damage|p2a: Axium|233\/303 brn|[from] brn
|turn|3
|
|move|p2a: Axium|Will-O-Wisp|p1a: Thassa
|-status|p1a: Thassa|brn
|move|p1a: Thassa|Wish|p1a: Thassa
|
|-heal|p2a: Axium|251\/303 brn|[from] item: Leftovers
|-damage|p2a: Axium|214\/303 brn|[from] brn
|-damage|p1a: Thassa|406\/464 brn|[from] brn
|turn|4
|
|switch|p1a: Xenagos|Latios, M, shiny|302\/302
|-damage|p1a: Xenagos|265\/302|[from] Stealth Rock
|move|p2a: Axium|Volt Switch|p1a: Xenagos
|-resisted|p1a: Xenagos
|-damage|p1a: Xenagos|222\/302
|
|switch|p2a: Nobunaga|Greninja, M, shiny|285\/285
|
|-heal|p1a: Xenagos|302\/302|[from] move: Wish|[wisher] Thassa
|turn|5
|leave|2z
|
|switch|p1a: Thassa|Vaporeon, F|406\/464 brn
|-damage|p1a: Thassa|348\/464 brn|[from] Stealth Rock
|move|p2a: Nobunaga|Ice Beam|p1a: Thassa
|-start|p2a: Nobunaga|typechange|Ice|[from] Protean
|-resisted|p1a: Thassa
|-damage|p1a: Thassa|287\/464 brn
|-damage|p2a: Nobunaga|257\/285|[from] item: Life Orb
|
|-heal|p1a: Thassa|316\/464 brn|[from] item: Leftovers
|-damage|p1a: Thassa|258\/464 brn|[from] brn
|turn|6
|
|move|p2a: Nobunaga|Gunk Shot|p1a: Thassa|[miss]
|-start|p2a: Nobunaga|typechange|Poison|[from] Protean
|-miss|p2a: Nobunaga|p1a: Thassa
|move|p1a: Thassa|Wish|p1a: Thassa
|
|-heal|p1a: Thassa|287\/464 brn|[from] item: Leftovers
|-damage|p1a: Thassa|229\/464 brn|[from] brn
|turn|7
|
|move|p1a: Thassa|Protect|p1a: Thassa
|-singleturn|p1a: Thassa|Protect
|move|p2a: Nobunaga|Ice Beam|p1a: Thassa
|-start|p2a: Nobunaga|typechange|Ice|[from] Protean
|-activate|p1a: Thassa|Protect
|
|-heal|p1a: Thassa|461\/464 brn|[from] move: Wish|[wisher] Thassa
|-heal|p1a: Thassa|464\/464 brn|[from] item: Leftovers
|-damage|p1a: Thassa|406\/464 brn|[from] brn
|turn|8
|
|switch|p2a: Nimbus|Altaria, F|311\/311
|switch|p1a: Phenax|Magnezone, shiny|344\/344
|-damage|p1a: Phenax|323\/344|[from] Stealth Rock
|
|turn|9
|
|switch|p1a: Kruphix|Landorus-Therian, M|320\/320
|-damage|p1a: Kruphix|280\/320|[from] Stealth Rock
|-ability|p1a: Kruphix|Intimidate|[of] p2a: Nimbus
|-unboost|p2a: Nimbus|atk|1
|move|p2a: Nimbus|Earthquake|p1a: Kruphix
|-immune|p1a: Kruphix|[msg]
|
|turn|10
|
|detailschange|p2a: Nimbus|Altaria-Mega, F
|-mega|p2a: Nimbus|Altaria|Altarianite
|move|p1a: Kruphix|U-turn|p2a: Nimbus
|-resisted|p2a: Nimbus
|-damage|p2a: Nimbus|273\/311
|
|switch|p1a: Pharika|Ferrothorn, M|352\/352
|-damage|p1a: Pharika|330\/352|[from] Stealth Rock
|move|p2a: Nimbus|Dragon Dance|p2a: Nimbus
|-boost|p2a: Nimbus|atk|1
|-boost|p2a: Nimbus|spe|1
|
|-heal|p1a: Pharika|352\/352|[from] item: Leftovers
|turn|11
|
|switch|p2a: Doomsday|Lucario, M|279\/279
|move|p1a: Pharika|Thunder Wave|p2a: Doomsday
|-status|p2a: Doomsday|par
|
|turn|12
|
|switch|p1a: Kruphix|Landorus-Therian, M|280\/320
|-damage|p1a: Kruphix|240\/320|[from] Stealth Rock
|-ability|p1a: Kruphix|Intimidate|[of] p2a: Doomsday
|-unboost|p2a: Doomsday|atk|1
|cant|p2a: Doomsday|par
|
|turn|13
|
|move|p1a: Kruphix|Earthquake|p2a: Doomsday
|-supereffective|p2a: Doomsday
|-damage|p2a: Doomsday|0 fnt
|faint|p2a: Doomsday
|
|
|switch|p2a: Randorosu|Landorus, M|251\/319
|turn|14
|
|switch|p1a: Pharika|Ferrothorn, M|352\/352
|-damage|p1a: Pharika|330\/352|[from] Stealth Rock
|move|p2a: Randorosu|Hidden Power|p1a: Pharika
|-damage|p1a: Pharika|260\/352
|-damage|p2a: Randorosu|220\/319|[from] item: Life Orb
|
|-heal|p1a: Pharika|282\/352|[from] item: Leftovers
|turn|15
|
|move|p2a: Randorosu|Focus Blast|p1a: Pharika
|-supereffective|p1a: Pharika
|-damage|p1a: Pharika|0 fnt
|faint|p1a: Pharika
|
|c|âSuicuninite|i always forget that these damn things have f blast
|
|switch|p1a: Xenagos|Latios, M, shiny|302\/302
|-damage|p1a: Xenagos|265\/302|[from] Stealth Rock
|turn|16
|
|switch|p2a: Nimbus|Altaria-Mega, F|273\/311
|move|p1a: Xenagos|Defog|p2a: Nimbus
|-unboost|p2a: Nimbus|evasion|1
|-sideend|p1: Suicuninite|Stealth Rock|[from] move: Defog|[of] p1a: Xenagos
|
|turn|17
|
|move|p1a: Xenagos|Psyshock|p2a: Nimbus
|-crit|p2a: Nimbus
|-damage|p2a: Nimbus|35\/311
|-damage|p1a: Xenagos|235\/302|[from] item: Life Orb
|move|p2a: Nimbus|Dragon Dance|p2a: Nimbus
|-boost|p2a: Nimbus|atk|1
|-boost|p2a: Nimbus|spe|1
|
|turn|18
|
|switch|p1a: Thassa|Vaporeon, F|406\/464 brn
|move|p2a: Nimbus|Roost|p2a: Nimbus
|-heal|p2a: Nimbus|191\/311
|
|-heal|p1a: Thassa|435\/464 brn|[from] item: Leftovers
|-damage|p1a: Thassa|377\/464 brn|[from] brn
|turn|19
|
|move|p2a: Nimbus|Frustration|p1a: Thassa
|-damage|p1a: Thassa|0 fnt
|faint|p1a: Thassa
|
|
|switch|p1a: Kruphix|Landorus-Therian, M|240\/320
|-ability|p1a: Kruphix|Intimidate|[of] p2a: Nimbus
|-unboost|p2a: Nimbus|atk|1
|turn|20
|
|move|p1a: Kruphix|Earthquake|p2a: Nimbus
|-damage|p2a: Nimbus|10\/311
|move|p2a: Nimbus|Dragon Dance|p2a: Nimbus
|-boost|p2a: Nimbus|atk|1
|-boost|p2a: Nimbus|spe|1
|
|turn|21
|
|move|p2a: Nimbus|Frustration|p1a: Kruphix
|-damage|p1a: Kruphix|0 fnt
|faint|p1a: Kruphix
|
|
|switch|p1a: Mogis|Pinsir, M, shiny|271\/271
|turn|22
|
|move|p1a: Mogis|Quick Attack|p2a: Nimbus
|-damage|p2a: Nimbus|0 fnt
|faint|p2a: Nimbus
|-boost|p1a: Mogis|atk|1|[from] ability: Moxie
|
|
|switch|p2a: Axium|Rotom-Wash|214\/303 brn
|turn|23
|
|switch|p1a: Xenagos|Latios, M, shiny|235\/302
|move|p2a: Axium|Will-O-Wisp|p1a: Xenagos
|-status|p1a: Xenagos|brn
|
|-heal|p2a: Axium|232\/303 brn|[from] item: Leftovers
|-damage|p1a: Xenagos|198\/302 brn|[from] brn
|-damage|p2a: Axium|195\/303 brn|[from] brn
|turn|24
|
|move|p1a: Xenagos|Thunderbolt|p2a: Axium
|-damage|p2a: Axium|72\/303 brn
|-damage|p1a: Xenagos|168\/302 brn|[from] item: Life Orb
|move|p2a: Axium|Hydro Pump|p1a: Xenagos
|-resisted|p1a: Xenagos
|-damage|p1a: Xenagos|93\/302 brn
|
|-heal|p2a: Axium|90\/303 brn|[from] item: Leftovers
|-damage|p1a: Xenagos|56\/302 brn|[from] brn
|-damage|p2a: Axium|53\/303 brn|[from] brn
|turn|25
|
|move|p1a: Xenagos|Psyshock|p2a: Axium
|-damage|p2a: Axium|0 fnt
|-damage|p1a: Xenagos|26\/302 brn|[from] item: Life Orb
|faint|p2a: Axium
|
|-damage|p1a: Xenagos|0 fnt|[from] brn
|faint|p1a: Xenagos
|
|switch|p2a: Nobunaga|Greninja, M, shiny|257\/285
|switch|p1a: Mogis|Pinsir, M, shiny|271\/271
|turn|26
|
|move|p2a: Nobunaga|Ice Beam|p1a: Mogis
|-start|p2a: Nobunaga|typechange|Ice|[from] Protean
|-damage|p1a: Mogis|29\/271
|-damage|p2a: Nobunaga|229\/285|[from] item: Life Orb
|move|p1a: Mogis|Swords Dance|p1a: Mogis
|-boost|p1a: Mogis|atk|2
|
|turn|27
|
|switch|p2a: Klepto|Klefki, F|317\/317
|detailschange|p1a: Mogis|Pinsir-Mega, M, shiny
|-mega|p1a: Mogis|Pinsir|Pinsirite
|move|p1a: Mogis|Quick Attack|p2a: Klepto
|-resisted|p2a: Klepto
|-damage|p2a: Klepto|203\/317
|
|-heal|p2a: Klepto|222\/317|[from] item: Leftovers
|turn|28
|
|move|p2a: Klepto|Thunder Wave|p1a: Mogis
|-status|p1a: Mogis|par
|move|p1a: Mogis|Earthquake|p2a: Klepto
|-crit|p2a: Klepto
|-supereffective|p2a: Klepto
|-damage|p2a: Klepto|0 fnt
|faint|p2a: Klepto
|
|
|switch|p2a: Randorosu|Landorus, M|220\/319
|turn|29
|
|move|p1a: Mogis|Quick Attack|p2a: Randorosu
|-damage|p2a: Randorosu|0 fnt
|faint|p2a: Randorosu
|
|
|switch|p2a: Nobunaga|Greninja, M, shiny|229\/285
|turn|30
|c|âSuicuninite|is the comeback real?
|c|âGenoAzelf|full para imo
|
|move|p1a: Mogis|Quick Attack|p2a: Nobunaga
|-damage|p2a: Nobunaga|0 fnt
|faint|p2a: Nobunaga
|
|win|Suicuninite
|c|âGenoAzelf|ahh
|c|âGenoAzelf|gg
|c|âSuicuninite|haha gg man