|join|thenewguy22
|join|oelfre
|player|p1|thenewguy22|33
|player|p2|oelfre|279
|gametype|singles
|gen|6
|tier|OU
|rated
|clearpoke
|poke|p1|Heracross, M
|poke|p1|Hawlucha, M
|poke|p1|Thundurus, M
|poke|p1|Heatran, M
|poke|p1|Empoleon, F
|poke|p1|Kyurem-Black
|poke|p2|Scolipede, F
|poke|p2|Heracross, M
|poke|p2|Skarmory, M
|poke|p2|Rotom-Wash
|poke|p2|Landorus, M
|poke|p2|Scizor, M
|rule|Swagger Clause: Swagger is banned
|rule|Baton Pass Clause: Limit one PokÃ©mon knowing Baton Pass
|rule|Sleep Clause Mod: Limit one foe put to sleep
|rule|Species Clause: Limit one of each PokÃ©mon
|rule|OHKO Clause: OHKO moves are banned
|rule|Moody Clause: Moody is banned
|rule|Evasion Moves Clause: Evasion moves are banned
|rule|Endless Battle Clause: Forcing endless battles is banned
|rule|HP Percentage Mod: HP is reported as percentages
|teampreview
|
|start
|switch|p1a: Heracross|Heracross, M|302\/302
|switch|p2a: Scolipede|Scolipede, F|323\/323
|turn|1
|
|detailschange|p1a: Heracross|Heracross-Mega, M
|message|Heracross has Mega Evolved into Mega Heracross!
|move|p2a: Scolipede|Protect|p2a: Scolipede
|-singleturn|p2a: Scolipede|Protect
|move|p1a: Heracross|Rock Blast|p2a: Scolipede
|-activate|p2a: Scolipede|Protect
|
|-boost|p2a: Scolipede|spe|1|[from] ability: Speed Boost
|turn|2
|
|switch|p2a: Skarmory|Skarmory, M|334\/334
|move|p1a: Heracross|Rock Blast|p2a: Skarmory
|-damage|p2a: Skarmory|308\/334
|-damage|p2a: Skarmory|284\/334
|-damage|p2a: Skarmory|260\/334
|-damage|p2a: Skarmory|236\/334
|-damage|p2a: Skarmory|210\/334
|-hitcount|p2a: Skarmory|5
|
|-heal|p2a: Skarmory|230\/334|[from] item: Leftovers
|turn|3
|
|switch|p1a: Thundurus|Thundurus, M|300\/300
|move|p2a: Skarmory|Brave Bird|p1a: Thundurus
|-crit|p1a: Thundurus
|-resisted|p1a: Thundurus
|-damage|p1a: Thundurus|172\/300
|-damage|p2a: Skarmory|188\/334|[from] recoil|[of] p1a: Thundurus
|
|-heal|p2a: Skarmory|208\/334|[from] item: Leftovers
|turn|4
|
|switch|p2a: Rotom-Wash|Rotom-Wash|304\/304
|move|p1a: Thundurus|Thunderbolt|p2a: Rotom-Wash
|-damage|p2a: Rotom-Wash|168\/304
|-damage|p1a: Thundurus|142\/300|[from] item: Life Orb
|
|-heal|p2a: Rotom-Wash|187\/304|[from] item: Leftovers
|turn|5
|
|switch|p1a: Kyurem-Black|Kyurem-Black|401\/401
|-ability|p1a: Kyurem-Black|Teravolt
|move|p2a: Rotom-Wash|Hydro Pump|p1a: Kyurem-Black|[miss]
|-miss|p2a: Rotom-Wash|p1a: Kyurem-Black
|
|-heal|p2a: Rotom-Wash|206\/304|[from] item: Leftovers
|turn|6
|
|move|p1a: Kyurem-Black|Substitute|p1a: Kyurem-Black
|-start|p1a: Kyurem-Black|Substitute
|-damage|p1a: Kyurem-Black|301\/401
|move|p2a: Rotom-Wash|Will-O-Wisp|p1a: Kyurem-Black
|
|-heal|p1a: Kyurem-Black|326\/401|[from] item: Leftovers
|-heal|p2a: Rotom-Wash|225\/304|[from] item: Leftovers
|turn|7
|
|switch|p2a: Scizor|Scizor, M|344\/344
|move|p1a: Kyurem-Black|Earth Power|p2a: Scizor
|-damage|p2a: Scizor|215\/344
|
|-heal|p1a: Kyurem-Black|351\/401|[from] item: Leftovers
|turn|8
|
|move|p2a: Scizor|Bullet Punch|p1a: Kyurem-Black
|-supereffective|p1a: Kyurem-Black
|-end|p1a: Kyurem-Black|Substitute
|move|p1a: Kyurem-Black|Earth Power|p2a: Scizor
|-damage|p2a: Scizor|73\/344
|
|-heal|p1a: Kyurem-Black|376\/401|[from] item: Leftovers
|turn|9
|
|switch|p1a: Heatran|Heatran, M|386\/386
|move|p2a: Scizor|Bullet Punch|p1a: Heatran
|-resisted|p1a: Heatran
|-damage|p1a: Heatran|342\/386
|
|-heal|p1a: Heatran|366\/386|[from] item: Leftovers
|turn|10
|
|switch|p2a: Rotom-Wash|Rotom-Wash|225\/304
|move|p1a: Heatran|Roar|p2a: Rotom-Wash
|drag|p2a: Scizor|Scizor, M|73\/344
|
|-heal|p1a: Heatran|386\/386|[from] item: Leftovers
|turn|11
|
|switch|p2a: Landorus|Landorus, M|319\/319
|move|p1a: Heatran|Lava Plume|p2a: Landorus
|-damage|p2a: Landorus|156\/319
|
|turn|12
|
|switch|p1a: Thundurus|Thundurus, M|142\/300
|move|p2a: Landorus|Knock Off|p1a: Thundurus
|-damage|p1a: Thundurus|0 fnt
|-enditem|p1a: Thundurus|Life Orb|[from] move: Knock Off|[of] p2a: Landorus
|-damage|p2a: Landorus|125\/319|[from] item: Life Orb
|faint|p1a: Thundurus
|
|
|switch|p1a: Hawlucha|Hawlucha, M|298\/298
|turn|13
|
|switch|p2a: Skarmory|Skarmory, M|208\/334
|move|p1a: Hawlucha|Sky Attack|p2a: Skarmory|[still]
|-prepare|p1a: Hawlucha|Sky Attack|p2a: Skarmory
|-enditem|p1a: Hawlucha|Power Herb
|-anim|p1a: Hawlucha|Sky Attack|p2a: Skarmory
|-crit|p2a: Skarmory
|-resisted|p2a: Skarmory
|-damage|p2a: Skarmory|109\/334
|
|-heal|p2a: Skarmory|129\/334|[from] item: Leftovers
|turn|14
|
|move|p1a: Hawlucha|High Jump Kick|p2a: Skarmory
|-damage|p2a: Skarmory|17\/334
|move|p2a: Skarmory|Roost|p2a: Skarmory
|-heal|p2a: Skarmory|184\/334
|
|-heal|p2a: Skarmory|204\/334|[from] item: Leftovers
|turn|15
|
|move|p1a: Hawlucha|Swords Dance|p1a: Hawlucha
|-boost|p1a: Hawlucha|atk|2
|move|p2a: Skarmory|Stealth Rock|p1a: Hawlucha
|-sidestart|p1: thenewguy22|move: Stealth Rock
|
|-heal|p2a: Skarmory|224\/334|[from] item: Leftovers
|turn|16
|
|move|p1a: Hawlucha|High Jump Kick|p2a: Skarmory
|-damage|p2a: Skarmory|0 fnt
|faint|p2a: Skarmory
|
|
|switch|p2a: Scizor|Scizor, M|73\/344
|turn|17
|
|move|p2a: Scizor|Bullet Punch|p1a: Hawlucha
|-damage|p1a: Hawlucha|66\/298
|move|p1a: Hawlucha|Acrobatics|p2a: Scizor
|-damage|p2a: Scizor|0 fnt
|faint|p2a: Scizor
|
|
|switch|p2a: Landorus|Landorus, M|125\/319
|turn|18
|chat|thenewguy22|thats gg
|
|move|p1a: Hawlucha|Acrobatics|p2a: Landorus
|-damage|p2a: Landorus|0 fnt
|faint|p2a: Landorus
|
|
|switch|p2a: Rotom-Wash|Rotom-Wash|225\/304
|turn|19
|chat|thenewguy22|dont forfeit please
|
|move|p1a: Hawlucha|High Jump Kick|p2a: Rotom-Wash
|-damage|p2a: Rotom-Wash|0 fnt
|faint|p2a: Rotom-Wash
|
|
|switch|p2a: Scolipede|Scolipede, F|323\/323
|turn|20
|
|move|p2a: Scolipede|Protect|p2a: Scolipede
|-singleturn|p2a: Scolipede|Protect
|move|p1a: Hawlucha|Acrobatics|p2a: Scolipede
|-activate|p2a: Scolipede|Protect
|
|-boost|p2a: Scolipede|spe|1|[from] ability: Speed Boost
|turn|21
|
|move|p1a: Hawlucha|Acrobatics|p2a: Scolipede
|-supereffective|p2a: Scolipede
|-damage|p2a: Scolipede|0 fnt
|faint|p2a: Scolipede
|
|
|switch|p2a: Heracross|Heracross, M|364\/364
|turn|22
|
|detailschange|p2a: Heracross|Heracross-Mega, M
|message|Heracross has Mega Evolved into Mega Heracross!
|move|p1a: Hawlucha|Acrobatics|p2a: Heracross
|-supereffective|p2a: Heracross
|-damage|p2a: Heracross|0 fnt
|faint|p2a: Heracross
|
|win|thenewguy22
|raw|Ladder updating...
|raw|thenewguy22's rating: 1368 &rarr; <strong>1388<\/strong><br \/>(+20 for winning)
|raw|oelfre's rating: 1365 &rarr; <strong>1345<\/strong><br \/>(-20 for losing)
|leave|oelfre
|player|p2