|join|Vending Machine
|join|oelfre
|player|p1|Vending Machine|290
|player|p2|oelfre|279
|gametype|singles
|gen|6
|tier|OU
|rated
|clearpoke
|poke|p1|Togekiss, F, shiny
|poke|p1|Ampharos, F
|poke|p1|Latios, M, shiny
|poke|p1|Excadrill, F
|poke|p1|Landorus-Therian, M
|poke|p1|Keldeo-Resolute
|poke|p2|Clefable, F
|poke|p2|Excadrill, M
|poke|p2|Tyranitar, F
|poke|p2|Mew
|poke|p2|Milotic, M
|poke|p2|Venusaur, M
|rule|Swagger Clause: Swagger is banned
|rule|Baton Pass Clause: Limit one PokÃ©mon knowing Baton Pass
|rule|Sleep Clause Mod: Limit one foe put to sleep
|rule|Species Clause: Limit one of each PokÃ©mon
|rule|OHKO Clause: OHKO moves are banned
|rule|Moody Clause: Moody is banned
|rule|Evasion Moves Clause: Evasion moves are banned
|rule|Endless Battle Clause: Forcing endless battles is banned
|rule|HP Percentage Mod: HP is shown in percentages
|teampreview
|
|start
|switch|p1a: Landorus-Therian|Landorus-Therian, M|364\/364
|switch|p2a: Clefable|Clefable, F|394\/394
|-ability|p1a: Landorus-Therian|Intimidate|[of] p2a: Clefable
|-unboost|p2a: Clefable|atk|1
|turn|1
|
|move|p1a: Landorus-Therian|Earthquake|p2a: Clefable
|-damage|p2a: Clefable|252\/394
|move|p2a: Clefable|Flamethrower|p1a: Landorus-Therian
|-damage|p1a: Landorus-Therian|285\/364
|
|-heal|p1a: Landorus-Therian|307\/364|[from] item: Leftovers
|-heal|p2a: Clefable|276\/394|[from] item: Leftovers
|turn|2
|
|move|p1a: Landorus-Therian|Stealth Rock|p2a: Clefable
|-sidestart|p2: oelfre|move: Stealth Rock
|move|p2a: Clefable|Moonblast|p1a: Landorus-Therian
|-damage|p1a: Landorus-Therian|189\/364
|
|-heal|p1a: Landorus-Therian|211\/364|[from] item: Leftovers
|-heal|p2a: Clefable|300\/394|[from] item: Leftovers
|turn|3
|
|move|p1a: Landorus-Therian|U-turn|p2a: Clefable
|-resisted|p2a: Clefable
|-damage|p2a: Clefable|267\/394
|
|switch|p1a: Togekiss|Togekiss, F, shiny|374\/374
|move|p2a: Clefable|Soft-Boiled|p2a: Clefable
|-heal|p2a: Clefable|394\/394
|
|turn|4
|
|move|p1a: Togekiss|Air Slash|p2a: Clefable
|-damage|p2a: Clefable|288\/394
|move|p2a: Clefable|Calm Mind|p2a: Clefable
|-boost|p2a: Clefable|spa|1
|-boost|p2a: Clefable|spd|1
|
|-heal|p2a: Clefable|312\/394|[from] item: Leftovers
|turn|5
|
|switch|p1a: Landorus-Therian|Landorus-Therian, M|211\/364
|-ability|p1a: Landorus-Therian|Intimidate|[of] p2a: Clefable
|-unboost|p2a: Clefable|atk|1
|move|p2a: Clefable|Calm Mind|p2a: Clefable
|-boost|p2a: Clefable|spa|1
|-boost|p2a: Clefable|spd|1
|
|-heal|p1a: Landorus-Therian|233\/364|[from] item: Leftovers
|-heal|p2a: Clefable|336\/394|[from] item: Leftovers
|turn|6
|
|move|p1a: Landorus-Therian|Earthquake|p2a: Clefable
|-damage|p2a: Clefable|201\/394
|move|p2a: Clefable|Moonblast|p1a: Landorus-Therian
|-damage|p1a: Landorus-Therian|0 fnt
|faint|p1a: Landorus-Therian
|
|-heal|p2a: Clefable|225\/394|[from] item: Leftovers
|
|switch|p1a: Excadrill|Excadrill, F|362\/362
|-ability|p1a: Excadrill|Mold Breaker
|turn|7
|
|switch|p2a: Mew|Mew|404\/404
|-damage|p2a: Mew|354\/404|[from] Stealth Rock
|move|p1a: Excadrill|Iron Head|p2a: Mew
|-damage|p2a: Mew|242\/404
|
|-heal|p2a: Mew|267\/404|[from] item: Leftovers
|turn|8
|
|switch|p1a: Latios|Latios, M, shiny|301\/301
|move|p2a: Mew|Will-O-Wisp|p1a: Latios|[miss]
|-miss|p2a: Mew|p1a: Latios
|
|-heal|p2a: Mew|292\/404|[from] item: Leftovers
|turn|9
|
|switch|p2a: Tyranitar|Tyranitar, F|404\/404
|-damage|p2a: Tyranitar|354\/404|[from] Stealth Rock
|-weather|Sandstorm
|move|p1a: Latios|Draco Meteor|p2a: Tyranitar
|-damage|p2a: Tyranitar|158\/404
|-unboost|p1a: Latios|spa|2
|-damage|p1a: Latios|271\/301|[from] item: Life Orb
|
|-weather|Sandstorm|[upkeep]
|-damage|p1a: Latios|253\/301|[from] sandstorm
|-heal|p2a: Tyranitar|183\/404|[from] item: Leftovers
|turn|10
|
|move|p2a: Tyranitar|Pursuit|p1a: Latios|[from]Pursuit
|-supereffective|p1a: Latios
|-damage|p1a: Latios|0 fnt
|faint|p1a: Latios
|
|-weather|Sandstorm|[upkeep]
|-heal|p2a: Tyranitar|208\/404|[from] item: Leftovers
|
|switch|p1a: Keldeo-Resolute|Keldeo-Resolute|323\/323
|turn|11
|
|switch|p2a: Milotic|Milotic, M|394\/394
|-damage|p2a: Milotic|345\/394|[from] Stealth Rock
|move|p1a: Keldeo-Resolute|Scald|p2a: Milotic
|-crit|p2a: Milotic
|-resisted|p2a: Milotic
|-damage|p2a: Milotic|278\/394
|
|-weather|Sandstorm|[upkeep]
|-damage|p1a: Keldeo-Resolute|303\/323|[from] sandstorm
|-damage|p2a: Milotic|254\/394|[from] sandstorm
|-heal|p2a: Milotic|278\/394|[from] item: Leftovers
|turn|12
|
|switch|p1a: Togekiss|Togekiss, F, shiny|374\/374
|move|p2a: Milotic|Recover|p2a: Milotic
|-heal|p2a: Milotic|394\/394
|
|-weather|Sandstorm|[upkeep]
|-damage|p1a: Togekiss|351\/374|[from] sandstorm
|-damage|p2a: Milotic|370\/394|[from] sandstorm
|-heal|p1a: Togekiss|374\/374|[from] item: Leftovers
|-heal|p2a: Milotic|394\/394|[from] item: Leftovers
|turn|13
|
|move|p1a: Togekiss|Nasty Plot|p1a: Togekiss
|-boost|p1a: Togekiss|spa|2
|move|p2a: Milotic|Scald|p1a: Togekiss
|-damage|p1a: Togekiss|305\/374
|
|-weather|none
|-heal|p1a: Togekiss|328\/374|[from] item: Leftovers
|turn|14
|
|move|p1a: Togekiss|Nasty Plot|p1a: Togekiss
|-boost|p1a: Togekiss|spa|2
|move|p2a: Milotic|Mirror Coat|p1a: Togekiss
|-fail|p1a: Togekiss
|
|-heal|p1a: Togekiss|351\/374|[from] item: Leftovers
|turn|15
|
|move|p1a: Togekiss|Nasty Plot|p1a: Togekiss
|-boost|p1a: Togekiss|spa|2
|move|p2a: Milotic|Scald|p1a: Togekiss
|-damage|p1a: Togekiss|282\/374
|
|-heal|p1a: Togekiss|305\/374|[from] item: Leftovers
|turn|16
|
|move|p1a: Togekiss|Baton Pass|p1a: Togekiss
|
|switch|p1a: Keldeo-Resolute|Keldeo-Resolute|303\/323
|move|p2a: Milotic|Mirror Coat|p1a: Keldeo-Resolute
|-fail|p1a: Keldeo-Resolute
|
|turn|17
|
|move|p1a: Keldeo-Resolute|Secret Sword|p2a: Milotic
|-damage|p2a: Milotic|0 fnt
|faint|p2a: Milotic
|
|
|switch|p2a: Venusaur|Venusaur, M|364\/364
|-damage|p2a: Venusaur|319\/364|[from] Stealth Rock
|turn|18
|
|detailschange|p2a: Venusaur|Venusaur-Mega, M
|message|Venusaur has Mega Evolved into Mega Venusaur!
|move|p1a: Keldeo-Resolute|Secret Sword|p2a: Venusaur
|-resisted|p2a: Venusaur
|-damage|p2a: Venusaur|144\/364
|move|p2a: Venusaur|Giga Drain|p1a: Keldeo-Resolute
|-supereffective|p1a: Keldeo-Resolute
|-damage|p1a: Keldeo-Resolute|73\/323
|-heal|p2a: Venusaur|259\/364|[from] drain|[of] p1a: Keldeo-Resolute
|
|turn|19
|
|switch|p1a: Togekiss|Togekiss, F, shiny|305\/374
|move|p2a: Venusaur|Giga Drain|p1a: Togekiss
|-resisted|p1a: Togekiss
|-damage|p1a: Togekiss|268\/374
|-heal|p2a: Venusaur|278\/364|[from] drain|[of] p1a: Togekiss
|
|-heal|p1a: Togekiss|291\/374|[from] item: Leftovers
|turn|20
|
|move|p1a: Togekiss|Air Slash|p2a: Venusaur
|-supereffective|p2a: Venusaur
|-damage|p2a: Venusaur|86\/364
|move|p2a: Venusaur|Leech Seed|p1a: Togekiss
|-start|p1a: Togekiss|move: Leech Seed
|
|-heal|p1a: Togekiss|314\/374|[from] item: Leftovers
|-damage|p1a: Togekiss|268\/374|[from] Leech Seed|[of] p2a: Venusaur
|-heal|p2a: Venusaur|132\/364|[silent]
|turn|21
|
|switch|p1a: Ampharos|Ampharos, F|322\/322
|switch|p2a: Tyranitar|Tyranitar, F|208\/404
|-damage|p2a: Tyranitar|158\/404|[from] Stealth Rock
|-weather|Sandstorm
|
|-weather|Sandstorm|[upkeep]
|-damage|p1a: Ampharos|302\/322|[from] sandstorm
|-heal|p2a: Tyranitar|183\/404|[from] item: Leftovers
|turn|22
|
|detailschange|p1a: Ampharos|Ampharos-Mega, F
|message|Ampharos has Mega Evolved into Mega Ampharos!
|-ability|p1a: Ampharos|Mold Breaker
|move|p1a: Ampharos|Focus Blast|p2a: Tyranitar
|-supereffective|p2a: Tyranitar
|-damage|p2a: Tyranitar|0 fnt
|faint|p2a: Tyranitar
|
|-weather|Sandstorm|[upkeep]
|-damage|p1a: Ampharos|282\/322|[from] sandstorm
|
|switch|p2a: Mew|Mew|292\/404
|-damage|p2a: Mew|242\/404|[from] Stealth Rock
|turn|23
|
|move|p2a: Mew|Will-O-Wisp|p1a: Ampharos
|-status|p1a: Ampharos|brn
|move|p1a: Ampharos|Thunderbolt|p2a: Mew
|-damage|p2a: Mew|50\/404
|
|-weather|Sandstorm|[upkeep]
|-damage|p2a: Mew|25\/404|[from] sandstorm
|-damage|p1a: Ampharos|262\/322 brn|[from] sandstorm
|-heal|p2a: Mew|50\/404|[from] item: Leftovers
|-damage|p1a: Ampharos|222\/322 brn|[from] brn
|turn|24
|
|switch|p1a: Togekiss|Togekiss, F, shiny|268\/374
|move|p2a: Mew|Soft-Boiled|p2a: Mew
|-heal|p2a: Mew|252\/404
|
|-weather|Sandstorm|[upkeep]
|-damage|p1a: Togekiss|245\/374|[from] sandstorm
|-damage|p2a: Mew|227\/404|[from] sandstorm
|-heal|p1a: Togekiss|268\/374|[from] item: Leftovers
|-heal|p2a: Mew|252\/404|[from] item: Leftovers
|turn|25
|
|move|p1a: Togekiss|Air Slash|p2a: Mew
|-damage|p2a: Mew|153\/404
|move|p2a: Mew|Taunt|p1a: Togekiss
|-start|p1a: Togekiss|move: Taunt
|
|-weather|none
|-heal|p1a: Togekiss|291\/374|[from] item: Leftovers
|-heal|p2a: Mew|178\/404|[from] item: Leftovers
|turn|26
|
|move|p1a: Togekiss|Air Slash|p2a: Mew
|-damage|p2a: Mew|85\/404
|move|p2a: Mew|Soft-Boiled|p2a: Mew
|-heal|p2a: Mew|287\/404
|
|-heal|p1a: Togekiss|314\/374|[from] item: Leftovers
|-heal|p2a: Mew|312\/404|[from] item: Leftovers
|turn|27
|
|move|p1a: Togekiss|Air Slash|p2a: Mew
|-damage|p2a: Mew|210\/404
|move|p2a: Mew|Knock Off|p1a: Togekiss
|-crit|p1a: Togekiss
|-resisted|p1a: Togekiss
|-damage|p1a: Togekiss|260\/374
|-enditem|p1a: Togekiss|Leftovers|[from] move: Knock Off|[of] p2a: Mew
|
|-heal|p2a: Mew|235\/404|[from] item: Leftovers
|turn|28
|
|move|p1a: Togekiss|Air Slash|p2a: Mew
|-damage|p2a: Mew|147\/404
|cant|p2a: Mew|flinch
|
|-heal|p2a: Mew|172\/404|[from] item: Leftovers
|-end|p1a: Togekiss|move: Taunt
|turn|29
|
|move|p1a: Togekiss|Nasty Plot|p1a: Togekiss
|-boost|p1a: Togekiss|spa|2
|move|p2a: Mew|Soft-Boiled|p2a: Mew
|-heal|p2a: Mew|374\/404
|
|-heal|p2a: Mew|399\/404|[from] item: Leftovers
|turn|30
|
|move|p1a: Togekiss|Air Slash|p2a: Mew
|-damage|p2a: Mew|216\/404
|cant|p2a: Mew|flinch
|
|-heal|p2a: Mew|241\/404|[from] item: Leftovers
|turn|31
|
|move|p1a: Togekiss|Air Slash|p2a: Mew
|-damage|p2a: Mew|66\/404
|move|p2a: Mew|Will-O-Wisp|p1a: Togekiss
|-status|p1a: Togekiss|brn
|
|-heal|p2a: Mew|91\/404|[from] item: Leftovers
|-damage|p1a: Togekiss|214\/374 brn|[from] brn
|turn|32
|
|switch|p2a: Excadrill|Excadrill, M|362\/362
|-damage|p2a: Excadrill|351\/362|[from] Stealth Rock
|move|p1a: Togekiss|Baton Pass|p1a: Togekiss
|
|switch|p1a: Keldeo-Resolute|Keldeo-Resolute|73\/323
|
|turn|33
|
|switch|p2a: Clefable|Clefable, F|225\/394
|move|p1a: Keldeo-Resolute|Hydro Pump|p2a: Clefable|[miss]
|-miss|p1a: Keldeo-Resolute|p2a: Clefable
|
|-heal|p2a: Clefable|249\/394|[from] item: Leftovers
|turn|34
|
|move|p1a: Keldeo-Resolute|Hydro Pump|p2a: Clefable
|-damage|p2a: Clefable|0 fnt
|faint|p2a: Clefable
|
|
|switch|p2a: Venusaur|Venusaur-Mega, M|132\/364
|-damage|p2a: Venusaur|87\/364|[from] Stealth Rock
|turn|35
|
|move|p1a: Keldeo-Resolute|Hydro Pump|p2a: Venusaur|[miss]
|-miss|p1a: Keldeo-Resolute|p2a: Venusaur
|move|p2a: Venusaur|Giga Drain|p1a: Keldeo-Resolute
|-supereffective|p1a: Keldeo-Resolute
|-damage|p1a: Keldeo-Resolute|0 fnt
|-heal|p2a: Venusaur|124\/364|[from] drain|[of] p1a: Keldeo-Resolute
|faint|p1a: Keldeo-Resolute
|
|
|switch|p1a: Ampharos|Ampharos-Mega, F|222\/322 brn
|-ability|p1a: Ampharos|Mold Breaker
|turn|36
|
|move|p2a: Venusaur|Leech Seed|p1a: Ampharos
|-start|p1a: Ampharos|move: Leech Seed
|move|p1a: Ampharos|Dragon Pulse|p2a: Venusaur
|-damage|p2a: Venusaur|0 fnt
|faint|p2a: Venusaur
|
|-damage|p1a: Ampharos|182\/322 brn|[from] brn
|
|switch|p2a: Mew|Mew|91\/404
|-damage|p2a: Mew|41\/404|[from] Stealth Rock
|turn|37
|
|move|p2a: Mew|Soft-Boiled|p2a: Mew
|-heal|p2a: Mew|243\/404
|move|p1a: Ampharos|Dragon Pulse|p2a: Mew
|-crit|p2a: Mew
|-damage|p2a: Mew|0 fnt
|faint|p2a: Mew
|
|-damage|p1a: Ampharos|142\/322 brn|[from] brn
|
|switch|p2a: Excadrill|Excadrill, M|351\/362
|-damage|p2a: Excadrill|340\/362|[from] Stealth Rock
|turn|38
|
|move|p2a: Excadrill|Earthquake|p1a: Ampharos
|-supereffective|p1a: Ampharos
|-damage|p1a: Ampharos|0 fnt
|-damage|p2a: Excadrill|304\/362|[from] item: Life Orb
|faint|p1a: Ampharos
|
|
|switch|p1a: Excadrill|Excadrill, F|362\/362
|-ability|p1a: Excadrill|Mold Breaker
|turn|39
|
|move|p1a: Excadrill|Earthquake|p2a: Excadrill
|-supereffective|p2a: Excadrill
|-damage|p2a: Excadrill|0 fnt
|faint|p2a: Excadrill
|
|win|Vending Machine
|raw|Ladder updating...
|raw|Vending Machine's rating: 1606 &rarr; <strong>1623<\/strong><br \/>(+17 for winning)
|raw|oelfre's rating: 1549 &rarr; <strong>1532<\/strong><br \/>(-17 for losing)
|c|âVending Machine|gg
|leave|oelfre
|player|p2