|join|oelfre
|join|Rikai-No-Teki
|player|p1|oelfre|279
|player|p2|Rikai-No-Teki|163
|gametype|singles
|gen|6
|tier|OU
|rated
|clearpoke
|poke|p1|Mew
|poke|p1|Manectric, F
|poke|p1|Conkeldurr, M
|poke|p1|Landorus, M
|poke|p1|Terrakion
|poke|p1|Ferrothorn, M
|poke|p2|Gothitelle, M
|poke|p2|Gyarados, F
|poke|p2|Latios, M
|poke|p2|Sylveon, F
|poke|p2|Ferrothorn, M
|poke|p2|Landorus, M
|rule|Swagger Clause: Swagger is banned
|rule|Baton Pass Clause: Limit one PokÃ©mon knowing Baton Pass
|rule|Sleep Clause Mod: Limit one foe put to sleep
|rule|Species Clause: Limit one of each PokÃ©mon
|rule|OHKO Clause: OHKO moves are banned
|rule|Moody Clause: Moody is banned
|rule|Evasion Moves Clause: Evasion moves are banned
|rule|Endless Battle Clause: Forcing endless battles is banned
|rule|HP Percentage Mod: HP is shown in percentages
|teampreview
|
|start
|switch|p1a: Terrakion|Terrakion|323\/323
|switch|p2a: Gothitelle|Gothitelle, M|282\/282
|turn|1
|
|move|p1a: Terrakion|Earthquake|p2a: Gothitelle
|-damage|p2a: Gothitelle|165\/282
|move|p2a: Gothitelle|Trick|p1a: Terrakion
|-activate|p2a: Gothitelle|move: Trick|[of] p1a: Terrakion
|-item|p1a: Terrakion|Choice Scarf|[from] move: Trick
|-item|p2a: Gothitelle|Choice Scarf|[from] move: Trick
|
|turn|2
|
|move|p1a: Terrakion|Earthquake|p2a: Gothitelle
|-damage|p2a: Gothitelle|33\/282
|move|p2a: Gothitelle|Psyshock|p1a: Terrakion
|-supereffective|p1a: Terrakion
|-damage|p1a: Terrakion|63\/323
|
|turn|3
|
|switch|p2a: Gyarados|Gyarados, F|332\/332
|-ability|p2a: Gyarados|Intimidate|[of] p1a: Terrakion
|-unboost|p1a: Terrakion|atk|1
|move|p1a: Terrakion|Earthquake|p2a: Gyarados
|-immune|p2a: Gyarados|[msg]
|
|turn|4
|
|switch|p1a: Mew|Mew|404\/404
|switch|p2a: Gothitelle|Gothitelle, M|33\/282
|
|turn|5
|
|move|p2a: Gothitelle|Trick|p1a: Mew
|-activate|p2a: Gothitelle|move: Trick|[of] p1a: Mew
|-item|p1a: Mew|Choice Scarf|[from] move: Trick
|-item|p2a: Gothitelle|Leftovers|[from] move: Trick
|move|p1a: Mew|Knock Off|p2a: Gothitelle
|-supereffective|p2a: Gothitelle
|-damage|p2a: Gothitelle|0 fnt
|-enditem|p2a: Gothitelle|Leftovers|[from] move: Knock Off|[of] p1a: Mew
|faint|p2a: Gothitelle
|
|
|switch|p2a: Gyarados|Gyarados, F|332\/332
|-ability|p2a: Gyarados|Intimidate|[of] p1a: Mew
|-unboost|p1a: Mew|atk|1
|turn|6
|
|switch|p1a: Ferrothorn|Ferrothorn, M|352\/352
|switch|p2a: Landorus|Landorus, M|320\/320
|
|turn|7
|
|move|p2a: Landorus|Focus Blast|p1a: Ferrothorn
|-supereffective|p1a: Ferrothorn
|-damage|p1a: Ferrothorn|6\/352
|move|p1a: Ferrothorn|Gyro Ball|p2a: Landorus
|-damage|p2a: Landorus|136\/320
|
|-heal|p1a: Ferrothorn|28\/352|[from] item: Leftovers
|turn|8
|
|switch|p1a: Mew|Mew|404\/404
|move|p2a: Landorus|Psychic|p1a: Mew
|-resisted|p1a: Mew
|-damage|p1a: Mew|325\/404
|
|turn|9
|
|move|p1a: Mew|Will-O-Wisp|p2a: Landorus|[miss]
|-miss|p1a: Mew|p2a: Landorus
|move|p2a: Landorus|Earth Power|p1a: Mew
|-damage|p1a: Mew|91\/404
|
|turn|10
|
|move|p1a: Mew|Will-O-Wisp|p2a: Landorus|[miss]
|-miss|p1a: Mew|p2a: Landorus
|move|p2a: Landorus|Earth Power|p1a: Mew
|-damage|p1a: Mew|0 fnt
|faint|p1a: Mew
|
|c|âoelfre|really
|
|switch|p1a: Terrakion|Terrakion|63\/323
|turn|11
|
|switch|p2a: Ferrothorn|Ferrothorn, M|352\/352
|move|p1a: Terrakion|Stone Edge|p2a: Ferrothorn
|-resisted|p2a: Ferrothorn
|-damage|p2a: Ferrothorn|296\/352
|
|turn|12
|
|switch|p1a: Manectric|Manectric, F|281\/281
|move|p2a: Ferrothorn|Stealth Rock|p1a: Manectric
|-sidestart|p1: oelfre|move: Stealth Rock
|
|turn|13
|
|switch|p2a: Sylveon|Sylveon, F|394\/394
|detailschange|p1a: Manectric|Manectric-Mega, F
|message|Manectric has Mega Evolved into Mega Manectric!
|-ability|p1a: Manectric|Intimidate|[of] p2a: Sylveon
|-unboost|p2a: Sylveon|atk|1
|move|p1a: Manectric|Overheat|p2a: Sylveon
|-damage|p2a: Sylveon|275\/394
|-unboost|p1a: Manectric|spa|2
|
|-heal|p2a: Sylveon|299\/394|[from] item: Leftovers
|turn|14
|
|move|p1a: Manectric|Volt Switch|p2a: Sylveon
|-damage|p2a: Sylveon|251\/394
|
|switch|p1a: Landorus|Landorus, M|319\/319
|-damage|p1a: Landorus|280\/319|[from] Stealth Rock
|move|p2a: Sylveon|Wish|p2a: Sylveon
|
|-heal|p2a: Sylveon|275\/394|[from] item: Leftovers
|turn|15
|
|move|p2a: Sylveon|Protect|p2a: Sylveon
|-singleturn|p2a: Sylveon|Protect
|move|p1a: Landorus|Knock Off|p2a: Sylveon
|-activate|p2a: Sylveon|Protect
|
|-heal|p2a: Sylveon|394\/394|[from] move: Wish|[wisher] Sylveon
|turn|16
|
|move|p1a: Landorus|Sludge Wave|p2a: Sylveon
|-supereffective|p2a: Sylveon
|-damage|p2a: Sylveon|124\/394
|move|p2a: Sylveon|Hyper Voice|p1a: Landorus
|-damage|p1a: Landorus|67\/319
|
|-heal|p2a: Sylveon|148\/394|[from] item: Leftovers
|turn|17
|
|move|p1a: Landorus|Earth Power|p2a: Sylveon
|-damage|p2a: Sylveon|0 fnt
|faint|p2a: Sylveon
|
|
|switch|p2a: Gyarados|Gyarados, F|332\/332
|-ability|p2a: Gyarados|Intimidate|[of] p1a: Landorus
|-unboost|p1a: Landorus|atk|1
|turn|18
|
|move|p1a: Landorus|Sludge Wave|p2a: Gyarados
|-damage|p2a: Gyarados|147\/332
|move|p2a: Gyarados|Dragon Dance|p2a: Gyarados
|-boost|p2a: Gyarados|atk|1
|-boost|p2a: Gyarados|spe|1
|
|turn|19
|
|detailschange|p2a: Gyarados|Gyarados-Mega, F
|message|Gyarados has Mega Evolved into Mega Gyarados!
|-ability|p2a: Gyarados|Mold Breaker
|move|p2a: Gyarados|Waterfall|p1a: Landorus
|-supereffective|p1a: Landorus
|-damage|p1a: Landorus|0 fnt
|faint|p1a: Landorus
|
|
|switch|p1a: Terrakion|Terrakion|63\/323
|-damage|p1a: Terrakion|43\/323|[from] Stealth Rock
|turn|20
|
|switch|p2a: Ferrothorn|Ferrothorn, M|296\/352
|move|p1a: Terrakion|Close Combat|p2a: Ferrothorn
|-supereffective|p2a: Ferrothorn
|-damage|p2a: Ferrothorn|36\/352
|-damage|p1a: Terrakion|3\/323|[from] ability: Iron Barbs|[of] p2a: Ferrothorn
|-damage|p1a: Terrakion|0 fnt|[from] item: Rocky Helmet|[of] p2a: Ferrothorn
|faint|p1a: Terrakion
|
|
|switch|p1a: Conkeldurr|Conkeldurr, M|414\/414
|-damage|p1a: Conkeldurr|389\/414|[from] Stealth Rock
|turn|21
|
|move|p1a: Conkeldurr|Ice Punch|p2a: Ferrothorn
|-damage|p2a: Ferrothorn|0 fnt
|-damage|p1a: Conkeldurr|338\/414|[from] ability: Iron Barbs|[of] p2a: Ferrothorn
|-damage|p1a: Conkeldurr|269\/414|[from] item: Rocky Helmet|[of] p2a: Ferrothorn
|faint|p2a: Ferrothorn
|
|
|switch|p2a: Latios|Latios, M|302\/302
|turn|22
|
|move|p2a: Latios|Psyshock|p1a: Conkeldurr
|-supereffective|p1a: Conkeldurr
|-damage|p1a: Conkeldurr|0 fnt
|-damage|p2a: Latios|272\/302|[from] item: Life Orb
|faint|p1a: Conkeldurr
|
|
|switch|p1a: Ferrothorn|Ferrothorn, M|28\/352
|-damage|p1a: Ferrothorn|6\/352|[from] Stealth Rock
|turn|23
|
|move|p2a: Latios|Psyshock|p1a: Ferrothorn
|-resisted|p1a: Ferrothorn
|-damage|p1a: Ferrothorn|0 fnt
|-damage|p2a: Latios|242\/302|[from] item: Life Orb
|faint|p1a: Ferrothorn
|
|
|switch|p1a: Manectric|Manectric-Mega, F|281\/281
|-damage|p1a: Manectric|246\/281|[from] Stealth Rock
|-ability|p1a: Manectric|Intimidate|[of] p2a: Latios
|-unboost|p2a: Latios|atk|1
|turn|24
|
|move|p1a: Manectric|Hidden Power|p2a: Latios
|-supereffective|p2a: Latios
|-damage|p2a: Latios|110\/302
|move|p2a: Latios|Draco Meteor|p1a: Manectric
|-damage|p1a: Manectric|0 fnt
|-unboost|p2a: Latios|spa|2
|-damage|p2a: Latios|80\/302|[from] item: Life Orb
|faint|p1a: Manectric
|
|win|Rikai-No-Teki
|raw|Ladder updating...
|raw|oelfre's rating: 1607 &rarr; <strong>1583<\/strong><br \/>(-24 for losing)
|raw|Rikai-No-Teki's rating: 1544 &rarr; <strong>1567<\/strong><br \/>(+23 for winning)
|leave|oelfre
|player|p1