|join|GymLeadeâ Apples
|join|BenTheDemon
|player|p1|GymLeadeâ Apples|15
|player|p2|BenTheDemon|240
|gametype|singles
|gen|6
|tier|OU
|clearpoke
|poke|p1|Breloom, F
|poke|p1|Terrakion
|poke|p1|Infernape, F
|poke|p1|Conkeldurr, M
|poke|p1|Hawlucha, M
|poke|p1|Medicham, M
|poke|p2|Dragonite, M, shiny
|poke|p2|Azumarill, M
|poke|p2|Aegislash, M, shiny
|poke|p2|Charizard, M, shiny
|poke|p2|Excadrill, M
|poke|p2|Gengar, M
|rule|Sleep Clause Mod: Limit one foe put to sleep
|rule|Species Clause: Limit one of each Pokemon
|rule|OHKO Clause: OHKO moves are banned
|rule|Moody Clause: Moody is banned
|rule|Evasion Moves Clause: Evasion moves are banned
|rule|Endless Battle Clause: Forcing endless battles is banned.
|rule|HP Percentage Mod: HP is reported as percentages
|teampreview
|chat|GymLeadeâ Apples|alrighties
|chat|BenTheDemon|Let me link Wingg to this battle.
|
|start
|switch|p1a: Infernape|Infernape, F|293\/293
|switch|p2a: Bubble Man|Azumarill, M|404\/404
|turn|1
|
|move|p1a: Infernape|Taunt|p2a: Bubble Man
|-start|p2a: Bubble Man|move: Taunt
|move|p2a: Bubble Man|Play Rough|p1a: Infernape
|-enditem|p1a: Infernape|Focus Sash
|-damage|p1a: Infernape|1\/293
|
|turn|2
|
|switch|p2a: Sword Man|Aegislash, M, shiny|324\/324
|move|p1a: Infernape|Mach Punch|p2a: Sword Man
|-immune|p2a: Sword Man|[msg]
|
|turn|3
|
|move|p1a: Infernape|Fire Blast|p2a: Sword Man
|-supereffective|p2a: Sword Man
|-damage|p2a: Sword Man|120\/324
|move|p2a: Sword Man|Swords Dance|p2a: Sword Man
|-boost|p2a: Sword Man|atk|2
|
|-heal|p2a: Sword Man|140\/324|[from] item: Leftovers
|turn|4
|chat|BenTheDemon|Which is your Ace?
|
|move|p2a: Sword Man|King's Shield|p2a: Sword Man
|-singleturn|p2a: Sword Man|Protect
|move|p1a: Infernape|Fire Blast|p2a: Sword Man
|-activate|p2a: Sword Man|Protect
|
|-heal|p2a: Sword Man|160\/324|[from] item: Leftovers
|turn|5
|
|-formechange|p2a: Sword Man|Aegislash-Blade
|move|p2a: Sword Man|Shadow Sneak|p1a: Infernape
|-damage|p1a: Infernape|0 fnt
|faint|p1a: Infernape
|
|-heal|p2a: Sword Man|180\/324|[from] item: Leftovers
|
|switch|p1a: Breloom|Breloom, F|262\/262
|turn|6
|
|-formechange|p2a: Sword Man|Aegislash
|move|p2a: Sword Man|King's Shield|p2a: Sword Man
|-singleturn|p2a: Sword Man|Protect
|move|p1a: Breloom|Spore|p2a: Sword Man
|-status|p2a: Sword Man|slp
|
|-heal|p2a: Sword Man|200\/324 slp|[from] item: Leftovers
|turn|7
|
|move|p1a: Breloom|Swords Dance|p1a: Breloom
|-boost|p1a: Breloom|atk|2
|-formechange|p2a: Sword Man|Aegislash-Blade
|cant|p2a: Sword Man|slp
|
|-heal|p2a: Sword Man|220\/324 slp|[from] item: Leftovers
|turn|8
|
|-formechange|p2a: Sword Man|Aegislash
|-curestatus|p2a: Sword Man|slp
|move|p2a: Sword Man|King's Shield|p2a: Sword Man
|-singleturn|p2a: Sword Man|Protect
|move|p1a: Breloom|Bullet Seed|p2a: Sword Man
|-activate|p2a: Sword Man|Protect
|
|-heal|p2a: Sword Man|240\/324|[from] item: Leftovers
|turn|9
|
|-formechange|p2a: Sword Man|Aegislash-Blade
|move|p2a: Sword Man|Shadow Sneak|p1a: Breloom
|-damage|p1a: Breloom|40\/262
|move|p1a: Breloom|Bullet Seed|p2a: Sword Man
|-resisted|p2a: Sword Man
|-damage|p2a: Sword Man|131\/324
|-resisted|p2a: Sword Man
|-damage|p2a: Sword Man|17\/324
|-resisted|p2a: Sword Man
|-damage|p2a: Sword Man|0 fnt
|-hitcount|p2a: Sword Man|3
|faint|p2a: Sword Man
|
|
|switch|p2a: Flame Man|Charizard, M, shiny|297\/297
|turn|10
|
|-formechange|p2a: Flame Man|Charizard-Mega-Y
|message|Charizard has Mega Evolved into Mega Charizard!
|-weather|SunnyDay
|move|p1a: Breloom|Mach Punch|p2a: Flame Man
|-resisted|p2a: Flame Man
|-damage|p2a: Flame Man|172\/297
|move|p2a: Flame Man|Air Slash|p1a: Breloom
|-supereffective|p1a: Breloom
|-damage|p1a: Breloom|0 fnt
|faint|p1a: Breloom
|
|-weather|SunnyDay|[upkeep]
|
|switch|p1a: Terrakion|Terrakion|323\/323
|turn|11
|join|Teste RObin
|chat|Teste RObin|ben
|chat|GymLeadeâ Apples|hai robin
|
|switch|p2a: Bubble Man|Azumarill, M|404\/404
|move|p1a: Terrakion|Stone Edge|p2a: Bubble Man
|-damage|p2a: Bubble Man|203\/404
|
|-weather|SunnyDay|[upkeep]
|turn|12
|chat|Teste RObin|did you fight
|chat|Teste RObin|the trainers?
|chat|BenTheDemon|I was given permission to take on Apples without facing Ceasar since he's been offline for a while.
|chat|Teste RObin|by?
|
|move|p1a: Terrakion|Stone Edge|p2a: Bubble Man
|-damage|p2a: Bubble Man|0 fnt
|faint|p2a: Bubble Man
|
|-weather|SunnyDay|[upkeep]
|
|switch|p2a: Yellow Devil|Dragonite, M, shiny|386\/386
|turn|13
|chat|Teste RObin|you were given permission by?
|
|move|p1a: Terrakion|Stone Edge|p2a: Yellow Devil
|-crit|p2a: Yellow Devil
|-supereffective|p2a: Yellow Devil
|-damage|p2a: Yellow Devil|85\/386
|-enditem|p2a: Yellow Devil|Weakness Policy
|-boost|p2a: Yellow Devil|atk|2|[from] item: Weakness Policy
|-boost|p2a: Yellow Devil|spa|2|[from] item: Weakness Policy
|move|p2a: Yellow Devil|Earthquake|p1a: Terrakion
|-crit|p1a: Terrakion
|-supereffective|p1a: Terrakion
|-damage|p1a: Terrakion|0 fnt
|faint|p1a: Terrakion
|
|-weather|SunnyDay|[upkeep]
|
|switch|p1a: Hawlucha|Hawlucha, M|298\/298
|turn|14
|chat|BenTheDemon|Godchef.
|
|move|p1a: Hawlucha|Sky Attack|p2a: Yellow Devil|[still]
|-prepare|p1a: Hawlucha|Sky Attack|p2a: Yellow Devil
|-enditem|p1a: Hawlucha|Power Herb
|-anim|p1a: Hawlucha|Sky Attack|p2a: Yellow Devil
|-damage|p2a: Yellow Devil|0 fnt
|faint|p2a: Yellow Devil
|
|-weather|none
|
|switch|p2a: Shadow Man|Gengar, M|262\/262
|turn|15
|
|move|p1a: Hawlucha|Acrobatics|p2a: Shadow Man
|-damage|p2a: Shadow Man|12\/262
|move|p2a: Shadow Man|Counter|p1a: Hawlucha
|-damage|p1a: Hawlucha|0 fnt
|faint|p1a: Hawlucha
|
|
|switch|p1a: Medicham|Medicham, M|261\/261
|turn|16
|
|switch|p2a: Flame Man|Charizard, M, shiny|172\/297
|-formechange|p2a: Flame Man|Charizard-Mega-Y
|-weather|SunnyDay
|-formechange|p1a: Medicham|Medicham-Mega
|message|Medicham has Mega Evolved into Mega Medicham!
|move|p1a: Medicham|Bullet Punch|p2a: Flame Man
|-crit|p2a: Flame Man
|-resisted|p2a: Flame Man
|-damage|p2a: Flame Man|93\/297
|
|-weather|SunnyDay|[upkeep]
|turn|17
|chat|GymLeadeâ Apples|counter
|chat|GymLeadeâ Apples|:I
|chat|GymLeadeâ Apples|lel
|
|move|p2a: Flame Man|Air Slash|p1a: Medicham
|-supereffective|p1a: Medicham
|-damage|p1a: Medicham|0 fnt
|faint|p1a: Medicham
|
|-weather|SunnyDay|[upkeep]
|
|switch|p1a: Conkeldurr|Conkeldurr, M|414\/414
|turn|18
|
|move|p2a: Flame Man|Air Slash|p1a: Conkeldurr
|-supereffective|p1a: Conkeldurr
|-damage|p1a: Conkeldurr|144\/414
|cant|p1a: Conkeldurr|flinch
|
|-weather|SunnyDay|[upkeep]
|turn|19
|
|move|p1a: Conkeldurr|Mach Punch|p2a: Flame Man
|-resisted|p2a: Flame Man
|-damage|p2a: Flame Man|39\/297
|move|p2a: Flame Man|Air Slash|p1a: Conkeldurr
|-supereffective|p1a: Conkeldurr
|-damage|p1a: Conkeldurr|0 fnt
|faint|p1a: Conkeldurr
|
|win|BenTheDemon
|chat|BenTheDemon|GG.
|chat|GymLeadeâ Apples|gg
|chat|GymLeadeâ Apples|whould have bullet punched
|chat|GymLeadeâ Apples|then would have won lol
|chat|BenTheDemon|No. Gengar has Destiny Bond.
|join|Gym Traineâ Gryph
|chat|BenTheDemon|Good game, though.
|leave|Gym Traineâ Gryph
|chat|Teste RObin|lol destiny bond
|chat|BenTheDemon|Do I get a badge?
|chat|BenTheDemon|Destiny Bond Gengar pisses a lot of people off.
|chat|Teste RObin|no it doesn't lol
|chat|Teste RObin|who have you been fighting XD
|chat|BenTheDemon|It does more so with Taunt.
|chat|Teste RObin|lol support gengar
|chat|Teste RObin|XD
|chat|Teste RObin|original 
|chat|Teste RObin|I'll give you that
|leave|Teste RObin
|join|Gym Traineâ Gryph
|join|Teste RObin
|chat|BenTheDemon|I posted it on Smogon.
|chat|Teste RObin|lawl
|join|Short Notice
|chat|BenTheDemon|On the underrated sets thread.
|chat|Gym Traineâ Gryph|robin do you want that x again? lol
|join|ChampionâPsiker
|chat|Teste RObin|naw
|leave|ChampionâPsiker
|chat|Teste RObin|it'll show up tomorrow 
|chat|Gym Traineâ Gryph|haha ok
|chat|BenTheDemon|Hey Psiker.
|chat|Teste RObin|no one reads smogon
|chat|Teste RObin|XD
|join|Gym Traineâ ichi
|chat|BenTheDemon|Do I get a badge made in Paint or something?
|chat|Teste RObin|LOL
|chat|Teste RObin|this is a game sir
|chat|Gym Traineâ Gryph|haha
|chat|Teste RObin|it was not programed for leagues
|chat|Gym Traineâ Gryph|you can make one yourself though if you like
|leave|Short Notice
|chat|Teste RObin|^
|chat|Gym Traineâ Gryph|little side project
|join|GymTraineâ Chelsea
|chat|BenTheDemon|Can I design badges for the league?
|chat|Gym Traineâ Gryph|...
|chat|Gym Traineâ Gryph|you could run it by psiker i guess?