|join|BenTheDemon
|join|Gym Leadeâ Shred
|player|p1|BenTheDemon|240
|player|p2|Gym Leadeâ Shred|80
|gametype|singles
|gen|6
|tier|OU
|clearpoke
|poke|p1|Dragonite, M, shiny
|poke|p1|Azumarill, M
|poke|p1|Aegislash, M, shiny
|poke|p1|Charizard, M, shiny
|poke|p1|Excadrill, M
|poke|p1|Gengar, M
|poke|p2|Zapdos, shiny
|poke|p2|Rotom-Wash
|poke|p2|Thundurus, M, shiny
|poke|p2|Electivire, M, shiny
|poke|p2|Raikou, shiny
|poke|p2|Jolteon, M
|rule|Sleep Clause Mod: Limit one foe put to sleep
|rule|Species Clause: Limit one of each Pokemon
|rule|OHKO Clause: OHKO moves are banned
|rule|Moody Clause: Moody is banned
|rule|Evasion Moves Clause: Evasion moves are banned
|rule|Endless Battle Clause: Forcing endless battles is banned.
|rule|HP Percentage Mod: HP is reported as percentages
|teampreview
|
|start
|switch|p1a: Drill Man|Excadrill, M|362\/362
|switch|p2a: Rotom-Wash|Rotom-Wash|304\/304
|-ability|p1a: Drill Man|Mold Breaker
|turn|1
|
|switch|p2a: Zapdos|Zapdos, shiny|384\/384
|-ability|p2a: Zapdos|Pressure
|move|p1a: Drill Man|Earthquake|p2a: Zapdos
|-immune|p2a: Zapdos|[msg]
|
|turn|2
|join|Testeâ Dagger
|
|switch|p1a: Sword Man|Aegislash, M, shiny|324\/324
|move|p2a: Zapdos|Thunderbolt|p1a: Sword Man
|-damage|p1a: Sword Man|234\/324
|
|-heal|p1a: Sword Man|254\/324|[from] item: Leftovers
|turn|3
|chat|Testeâ Dagger|Shred, that raikou though
|
|switch|p2a: Thundurus|Thundurus, M, shiny|340\/340
|move|p1a: Sword Man|King's Shield|p1a: Sword Man
|-fail|p1a: Sword Man
|
|-heal|p1a: Sword Man|274\/324|[from] item: Leftovers
|turn|4
|chat|Testeâ Dagger|Glad to see you back in action
|
|switch|p1a: Drill Man|Excadrill, M|362\/362
|-ability|p1a: Drill Man|Mold Breaker
|move|p2a: Thundurus|Taunt|p1a: Drill Man
|-start|p1a: Drill Man|move: Taunt
|
|turn|5
|chat|Gym Leadeâ Shred|thanks
|
|switch|p2a: Zapdos|Zapdos, shiny|384\/384
|-ability|p2a: Zapdos|Pressure
|move|p1a: Drill Man|Rock Slide|p2a: Zapdos
|-miss|p1a: Drill Man|p2a: Zapdos
|
|turn|6
|
|switch|p2a: Rotom-Wash|Rotom-Wash|304\/304
|move|p1a: Drill Man|Rock Slide|p2a: Rotom-Wash
|-damage|p2a: Rotom-Wash|214\/304
|
|-heal|p2a: Rotom-Wash|233\/304|[from] item: Leftovers
|turn|7
|
|switch|p1a: Flame Man|Charizard, M, shiny|297\/297
|move|p2a: Rotom-Wash|Hydro Pump|p1a: Flame Man|[miss]
|-miss|p2a: Rotom-Wash|p1a: Flame Man
|
|-heal|p2a: Rotom-Wash|252\/304|[from] item: Leftovers
|turn|8
|chat|BenTheDemon|Finally hax is on my side!
|join|Gym Traineâ Gryph
|
|switch|p2a: Thundurus|Thundurus, M, shiny|340\/340
|-formechange|p1a: Flame Man|Charizard-Mega-Y
|message|Charizard has Mega Evolved into Mega Charizard!
|-weather|SunnyDay
|move|p1a: Flame Man|Solar Beam|p2a: Thundurus|[still]
|-prepare|p1a: Flame Man|Solar Beam|p2a: Thundurus
|-anim|p1a: Flame Man|Solar Beam|p2a: Thundurus
|-resisted|p2a: Thundurus
|-damage|p2a: Thundurus|243\/340
|
|-weather|SunnyDay|[upkeep]
|-heal|p2a: Thundurus|264\/340|[from] item: Leftovers
|turn|9
|
|switch|p1a: Sword Man|Aegislash, M, shiny|274\/324
|move|p2a: Thundurus|Thunder Wave|p1a: Sword Man
|-status|p1a: Sword Man|par
|
|-weather|SunnyDay|[upkeep]
|-heal|p2a: Thundurus|285\/340|[from] item: Leftovers
|-heal|p1a: Sword Man|294\/324 par|[from] item: Leftovers
|turn|10
|
|move|p2a: Thundurus|Taunt|p1a: Sword Man
|-start|p1a: Sword Man|move: Taunt
|-formechange|p1a: Sword Man|Aegislash-Blade
|move|p1a: Sword Man|Shadow Sneak|p2a: Thundurus
|-damage|p2a: Thundurus|176\/340
|
|-weather|SunnyDay|[upkeep]
|-heal|p2a: Thundurus|197\/340|[from] item: Leftovers
|-heal|p1a: Sword Man|314\/324 par|[from] item: Leftovers
|turn|11
|
|switch|p1a: Drill Man|Excadrill, M|362\/362
|-ability|p1a: Drill Man|Mold Breaker
|move|p2a: Thundurus|Volt Switch|p1a: Drill Man
|-immune|p1a: Drill Man|[msg]
|
|-weather|SunnyDay|[upkeep]
|-heal|p2a: Thundurus|218\/340|[from] item: Leftovers
|turn|12
|
|switch|p2a: Zapdos|Zapdos, shiny|384\/384
|-ability|p2a: Zapdos|Pressure
|move|p1a: Drill Man|Earthquake|p2a: Zapdos
|-immune|p2a: Zapdos|[msg]
|
|-weather|none
|turn|13
|
|switch|p1a: Sword Man|Aegislash, M, shiny|314\/324 par
|move|p2a: Zapdos|Thunderbolt|p1a: Sword Man
|-damage|p1a: Sword Man|226\/324 par
|
|-heal|p1a: Sword Man|246\/324 par|[from] item: Leftovers
|turn|14
|
|move|p2a: Zapdos|Thunderbolt|p1a: Sword Man
|-damage|p1a: Sword Man|158\/324 par
|-formechange|p1a: Sword Man|Aegislash-Blade
|move|p1a: Sword Man|Sacred Sword|p2a: Zapdos
|-resisted|p2a: Zapdos
|-damage|p2a: Zapdos|334\/384
|
|-heal|p2a: Zapdos|358\/384|[from] item: Leftovers
|-heal|p1a: Sword Man|178\/324 par|[from] item: Leftovers
|turn|15
|
|-formechange|p1a: Sword Man|Aegislash
|move|p1a: Sword Man|King's Shield|p1a: Sword Man
|-singleturn|p1a: Sword Man|Protect
|move|p2a: Zapdos|Thunderbolt|p1a: Sword Man
|-activate|p1a: Sword Man|Protect
|
|-heal|p2a: Zapdos|382\/384|[from] item: Leftovers
|-heal|p1a: Sword Man|198\/324 par|[from] item: Leftovers
|turn|16
|
|move|p2a: Zapdos|Thunderbolt|p1a: Sword Man
|-damage|p1a: Sword Man|113\/324 par
|move|p1a: Sword Man|Swords Dance|p1a: Sword Man
|-boost|p1a: Sword Man|atk|2
|
|-heal|p2a: Zapdos|384\/384|[from] item: Leftovers
|-heal|p1a: Sword Man|133\/324 par|[from] item: Leftovers
|turn|17
|
|cant|p1a: Sword Man|par
|move|p2a: Zapdos|Heat Wave|p1a: Sword Man
|-supereffective|p1a: Sword Man
|-damage|p1a: Sword Man|3\/324 par
|
|-heal|p1a: Sword Man|23\/324 par|[from] item: Leftovers
|turn|18
|
|move|p1a: Sword Man|King's Shield|p1a: Sword Man
|-singleturn|p1a: Sword Man|Protect
|move|p2a: Zapdos|Thunderbolt|p1a: Sword Man
|-activate|p1a: Sword Man|Protect
|
|-heal|p1a: Sword Man|43\/324 par|[from] item: Leftovers
|turn|19
|
|-formechange|p1a: Sword Man|Aegislash-Blade
|move|p1a: Sword Man|Shadow Sneak|p2a: Zapdos
|-damage|p2a: Zapdos|240\/384
|move|p2a: Zapdos|Thunderbolt|p1a: Sword Man
|-damage|p1a: Sword Man|0 fnt
|faint|p1a: Sword Man
|
|-heal|p2a: Zapdos|264\/384|[from] item: Leftovers
|
|switch|p1a: Flame Man|Charizard, M, shiny|297\/297
|-formechange|p1a: Flame Man|Charizard-Mega-Y
|-weather|SunnyDay
|turn|20
|chat|Testeâ Dagger|fodder?
|chat|Testeâ Dagger|just SD all the way and sneak
|chat|Testeâ Dagger|ouch ..
|
|move|p1a: Flame Man|Flamethrower|p2a: Zapdos
|-damage|p2a: Zapdos|0 fnt
|faint|p2a: Zapdos
|
|-weather|SunnyDay|[upkeep]
|
|switch|p2a: Thundurus|Thundurus, M, shiny|218\/340
|turn|21
|
|switch|p1a: Drill Man|Excadrill, M|362\/362
|-ability|p1a: Drill Man|Mold Breaker
|move|p2a: Thundurus|Thunder Wave|p1a: Drill Man
|-immune|p1a: Drill Man|[msg]
|
|-weather|SunnyDay|[upkeep]
|-heal|p2a: Thundurus|239\/340|[from] item: Leftovers
|turn|22
|chat|Gym Leadeâ Shred|hmm...
|
|switch|p2a: Raikou|Raikou, shiny|322\/322
|-ability|p2a: Raikou|Pressure
|move|p1a: Drill Man|Rock Slide|p2a: Raikou
|-damage|p2a: Raikou|203\/322
|
|-weather|SunnyDay|[upkeep]
|turn|23
|join|AM E4 Ticken
|
|switch|p1a: Yellow Devil|Dragonite, M, shiny|386\/386
|move|p2a: Raikou|Volt Switch|p1a: Yellow Devil
|-damage|p1a: Yellow Devil|320\/386
|
|switch|p2a: Rotom-Wash|Rotom-Wash|252\/304
|
|-weather|SunnyDay|[upkeep]
|-heal|p2a: Rotom-Wash|271\/304|[from] item: Leftovers
|turn|24
|
|switch|p1a: Flame Man|Charizard, M, shiny|297\/297
|-formechange|p1a: Flame Man|Charizard-Mega-Y
|move|p2a: Rotom-Wash|Will-O-Wisp|p1a: Flame Man
|-fail|p1a: Flame Man
|
|-weather|none
|-heal|p2a: Rotom-Wash|290\/304|[from] item: Leftovers
|turn|25
|
|switch|p1a: Bubble Man|Azumarill, M|404\/404
|move|p2a: Rotom-Wash|Hydro Pump|p1a: Bubble Man
|-resisted|p1a: Bubble Man
|-damage|p1a: Bubble Man|329\/404
|
|-heal|p2a: Rotom-Wash|304\/304|[from] item: Leftovers
|turn|26
|
|move|p2a: Rotom-Wash|Hydro Pump|p1a: Bubble Man
|-resisted|p1a: Bubble Man
|-damage|p1a: Bubble Man|251\/404
|move|p1a: Bubble Man|Play Rough|p2a: Rotom-Wash
|-damage|p2a: Rotom-Wash|27\/304
|-unboost|p2a: Rotom-Wash|atk|1
|
|-heal|p2a: Rotom-Wash|46\/304|[from] item: Leftovers
|turn|27
|chat|BenTheDemon|Lag?
|chat|Testeâ Dagger|Ben, predict well
|chat|Gym Leadeâ Shred|im thinking
|chat|Testeâ Dagger|you're doing good
|chat|BenTheDemon|Thanks.
|chat|BenTheDemon|Zapdos was the biggest threat, and he's gone.
|chat|Testeâ Dagger|actually
|chat|Testeâ Dagger|Prankster thundurus is your biggest problem
|
|switch|p2a: Electivire|Electivire, M, shiny|292\/292
|move|p1a: Bubble Man|Play Rough|p2a: Electivire
|-damage|p2a: Electivire|0 fnt
|faint|p2a: Electivire
|
|
|switch|p2a: Thundurus|Thundurus, M, shiny|239\/340
|turn|28
|
|switch|p1a: Drill Man|Excadrill, M|362\/362
|-ability|p1a: Drill Man|Mold Breaker
|move|p2a: Thundurus|Grass Knot|p1a: Drill Man
|-damage|p1a: Drill Man|282\/362
|
|-heal|p2a: Thundurus|260\/340|[from] item: Leftovers
|turn|29
|chat|Testeâ Dagger|Once excadrill is gone, that seals the deal
|chat|BenTheDemon|True.
|
|move|p1a: Drill Man|Rock Slide|p2a: Thundurus
|-supereffective|p2a: Thundurus
|-damage|p2a: Thundurus|0 fnt
|faint|p2a: Thundurus
|
|chat|BenTheDemon|It's over!
|chat|Gym Leadeâ Shred|damn. good predict
|chat|Testeâ Dagger|Shred, predicted EQ?
|chat|Gym Leadeâ Shred|yes
|
|switch|p2a: Thunders|Jolteon, M|272\/272
|turn|30
|chat|Testeâ Dagger|Rotom was your best switch
|
|switch|p1a: Yellow Devil|Dragonite, M, shiny|320\/386
|move|p2a: Thunders|Shadow Ball|p1a: Yellow Devil
|-damage|p1a: Yellow Devil|192\/386
|-unboost|p1a: Yellow Devil|spd|1
|
|turn|31
|chat|Testeâ Dagger|it was already at low hp
|
|switch|p1a: Bubble Man|Azumarill, M|251\/404
|move|p2a: Thunders|Shadow Ball|p1a: Bubble Man
|-crit|p1a: Bubble Man
|-damage|p1a: Bubble Man|0 fnt
|faint|p1a: Bubble Man
|
|chat|Testeâ Dagger|could have fodderd.
|chat|Testeâ Dagger|that crit
|chat|Testeâ Dagger|specs?
|chat|Testeâ Dagger|too strong.
|
|switch|p1a: Flame Man|Charizard, M, shiny|297\/297
|-formechange|p1a: Flame Man|Charizard-Mega-Y
|-weather|SunnyDay
|turn|32
|
|move|p2a: Thunders|Shadow Ball|p1a: Flame Man
|-damage|p1a: Flame Man|184\/297
|-unboost|p1a: Flame Man|spd|1
|move|p1a: Flame Man|Flamethrower|p2a: Thunders
|-damage|p2a: Thunders|0 fnt
|faint|p2a: Thunders
|
|-weather|SunnyDay|[upkeep]
|
|switch|p2a: Raikou|Raikou, shiny|203\/322
|-ability|p2a: Raikou|Pressure
|turn|33
|chat|Testeâ Dagger|:l
|
|move|p2a: Raikou|Thunderbolt|p1a: Flame Man
|-supereffective|p1a: Flame Man
|-damage|p1a: Flame Man|0 fnt
|faint|p1a: Flame Man
|
|-weather|SunnyDay|[upkeep]
|
|switch|p1a: Drill Man|Excadrill, M|282\/362
|-ability|p1a: Drill Man|Mold Breaker
|turn|34
|chat|Gym Leadeâ Shred|gg
|
|switch|p2a: Rotom-Wash|Rotom-Wash|46\/304
|move|p1a: Drill Man|Earthquake|p2a: Rotom-Wash
|-supereffective|p2a: Rotom-Wash
|-damage|p2a: Rotom-Wash|0 fnt
|faint|p2a: Rotom-Wash
|
|-weather|SunnyDay|[upkeep]
|
|switch|p2a: Raikou|Raikou, shiny|203\/322
|-ability|p2a: Raikou|Pressure
|turn|35
|
|move|p2a: Raikou|Aura Sphere|p1a: Drill Man
|-supereffective|p1a: Drill Man
|-damage|p1a: Drill Man|28\/362
|move|p1a: Drill Man|Earthquake|p2a: Raikou
|-supereffective|p2a: Raikou
|-damage|p2a: Raikou|0 fnt
|faint|p2a: Raikou
|
|win|BenTheDemon
|chat|Testeâ Dagger|that live
|chat|BenTheDemon|GG.
|chat|Gym Leadeâ Shred|;)
|chat|Testeâ Dagger|Congrats ben, Gj Shred
|chat|Testeâ Dagger|:)
|leave|Testeâ Dagger
|chat|Gym Leadeâ Shred|you have earned the ampere badge
|chat|BenTheDemon|That was the most intense OU vs Monotype team I've ever played.
|leave|AM E4 Ticken
|join|Invictus Link
|chat|Gym Leadeâ Shred|heh... really?
|chat|Gym Leadeâ Shred|i had fun too
|chat|Gym Leadeâ Shred|see ya around
|leave|Invictus Link
|leave|Gym Leadeâ Shred
|player|p2
|leave|Gym Traineâ Gryph
|join|Gym Leadeâ Shred