|join|MegaBlueAce
|join|BenTheDemon
|player|p1|MegaBlueAce|161
|player|p2|BenTheDemon|53
|gametype|singles
|gen|3
|tier|[Gen 3] OU (beta)
|rule|Sleep Clause Mod: Limit one foe put to sleep
|rule|Species Clause: Limit one of each PokÃ©mon
|rule|OHKO Clause: OHKO moves are banned
|rule|Moody Clause: Moody is banned
|rule|Evasion Moves Clause: Evasion moves are banned
|rule|Endless Battle Clause: Forcing endless battles is banned
|rule|HP Percentage Mod: HP is shown in percentages
|
|start
|switch|p1a: Warbird|Skarmory, M, shiny|334\/334
|switch|p2a: Gengar|Gengar, M, shiny|262\/262
|turn|1
|
|move|p2a: Gengar|Thunderbolt|p1a: Warbird
|-supereffective|p1a: Warbird
|-damage|p1a: Warbird|100\/334
|move|p1a: Warbird|Spikes|p2a: Gengar
|-sidestart|p2: BenTheDemon|Spikes
|
|-heal|p1a: Warbird|120\/334|[from] item: Leftovers
|turn|2
|
|switch|p1a: Death Stare|Umbreon, M|394\/394
|move|p2a: Gengar|Thunderbolt|p1a: Death Stare
|-damage|p1a: Death Stare|325\/394
|
|-heal|p1a: Death Stare|349\/394|[from] item: Leftovers
|turn|3
|
|switch|p2a: Blaziken|Blaziken, M, shiny|305\/305
|-damage|p2a: Blaziken|267\/305|[from] Spikes
|move|p1a: Death Stare|Toxic|p2a: Blaziken
|-status|p2a: Blaziken|tox
|
|-heal|p1a: Death Stare|373\/394|[from] item: Leftovers
|-damage|p2a: Blaziken|248\/305 tox|[from] psn
|turn|4
|
|switch|p1a: Crobat|Crobat, M|331\/331
|move|p2a: Blaziken|Sky Uppercut|p1a: Crobat
|-resisted|p1a: Crobat
|-damage|p1a: Crobat|292\/331
|
|-damage|p2a: Blaziken|210\/305 tox|[from] psn
|turn|5
|join|Robotstephen
|
|switch|p2a: Metagross|Metagross, shiny|303\/303
|-damage|p2a: Metagross|266\/303|[from] Spikes
|move|p1a: Crobat|Aerial Ace|p2a: Metagross
|-resisted|p2a: Metagross
|-damage|p2a: Metagross|214\/303
|
|-heal|p2a: Metagross|232\/303|[from] item: Leftovers
|turn|6
|
|switch|p1a: Blood Serpent|Gyarados, M, shiny|347\/347
|-ability|p1a: Blood Serpent|Intimidate|[of] p2a: Metagross
|-fail|p2a: Metagross|unboost|[from] ability: Clear Body|[of] p2a: Metagross
|move|p2a: Metagross|Agility|p2a: Metagross
|-boost|p2a: Metagross|spe|2
|
|-heal|p2a: Metagross|250\/303|[from] item: Leftovers
|turn|7
|
|move|p2a: Metagross|Rock Slide|p1a: Blood Serpent
|-supereffective|p1a: Blood Serpent
|-damage|p1a: Blood Serpent|119\/347
|move|p1a: Blood Serpent|Earthquake|p2a: Metagross
|-supereffective|p2a: Metagross
|-damage|p2a: Metagross|38\/303
|
|-heal|p2a: Metagross|56\/303|[from] item: Leftovers
|-heal|p1a: Blood Serpent|140\/347|[from] item: Leftovers
|turn|8
|
|move|p2a: Metagross|Rock Slide|p1a: Blood Serpent
|-supereffective|p1a: Blood Serpent
|-damage|p1a: Blood Serpent|0 fnt
|faint|p1a: Blood Serpent
|
|switch|p1a: Crobat|Crobat, M|292\/331
|
|-heal|p2a: Metagross|74\/303|[from] item: Leftovers
|turn|9
|
|switch|p1a: Warbird|Skarmory, M, shiny|120\/334
|move|p2a: Metagross|Rock Slide|p1a: Warbird
|-damage|p1a: Warbird|57\/334
|
|-heal|p2a: Metagross|92\/303|[from] item: Leftovers
|-heal|p1a: Warbird|77\/334|[from] item: Leftovers
|turn|10
|
|move|p2a: Metagross|Rock Slide|p1a: Warbird
|-damage|p1a: Warbird|3\/334
|move|p1a: Warbird|Rest|p1a: Warbird
|-status|p1a: Warbird|slp
|-heal|p1a: Warbird|334\/334 slp|[silent]
|-status|p1a: Warbird|slp|[from] move: Rest
|
|-heal|p2a: Metagross|110\/303|[from] item: Leftovers
|turn|11
|
|move|p2a: Metagross|Rock Slide|p1a: Warbird
|-damage|p1a: Warbird|270\/334 slp
|cant|p1a: Warbird|slp
|
|-heal|p2a: Metagross|128\/303|[from] item: Leftovers
|-heal|p1a: Warbird|290\/334 slp|[from] item: Leftovers
|turn|12
|
|move|p2a: Metagross|Meteor Mash|p1a: Warbird
|-resisted|p1a: Warbird
|-damage|p1a: Warbird|221\/334 slp
|cant|p1a: Warbird|slp
|
|-heal|p2a: Metagross|146\/303|[from] item: Leftovers
|-heal|p1a: Warbird|241\/334 slp|[from] item: Leftovers
|turn|13
|
|move|p2a: Metagross|Rock Slide|p1a: Warbird
|-damage|p1a: Warbird|176\/334 slp
|-curestatus|p1a: Warbird|slp
|move|p1a: Warbird|Spikes|p2a: Metagross
|-sidestart|p2: BenTheDemon|Spikes
|
|-heal|p2a: Metagross|164\/303|[from] item: Leftovers
|-heal|p1a: Warbird|196\/334|[from] item: Leftovers
|turn|14
|
|move|p2a: Metagross|Meteor Mash|p1a: Warbird
|-resisted|p1a: Warbird
|-damage|p1a: Warbird|127\/334
|-boost|p2a: Metagross|atk|1
|move|p1a: Warbird|Roar|p2a: Metagross
|drag|p2a: Salamence|Salamence, M|331\/331
|-ability|p2a: Salamence|Intimidate|[of] p1a: Warbird
|-unboost|p1a: Warbird|atk|1
|
|-heal|p1a: Warbird|147\/334|[from] item: Leftovers
|turn|15
|
|move|p2a: Salamence|Rock Slide|p1a: Warbird
|-damage|p1a: Warbird|83\/334
|cant|p1a: Warbird|flinch
|
|-heal|p1a: Warbird|103\/334|[from] item: Leftovers
|turn|16
|
|move|p2a: Salamence|Rock Slide|p1a: Warbird
|-damage|p1a: Warbird|37\/334
|cant|p1a: Warbird|flinch
|
|-heal|p1a: Warbird|57\/334|[from] item: Leftovers
|turn|17
|
|switch|p1a: Metagross|Metagross|341\/341
|move|p2a: Salamence|Rock Slide|p1a: Metagross
|-miss|p2a: Salamence|p1a: Metagross
|
|turn|18
|
|move|p2a: Salamence|Earthquake|p1a: Metagross
|-supereffective|p1a: Metagross
|-damage|p1a: Metagross|137\/341
|move|p1a: Metagross|Meteor Mash|p2a: Salamence|[miss]
|-miss|p1a: Metagross|p2a: Salamence
|
|-heal|p1a: Metagross|158\/341|[from] item: Leftovers
|turn|19
|
|switch|p1a: Warbird|Skarmory, M, shiny|57\/334
|move|p2a: Salamence|Earthquake|p1a: Warbird
|-immune|p1a: Warbird|[msg]
|
|-heal|p1a: Warbird|77\/334|[from] item: Leftovers
|turn|20
|
|move|p2a: Salamence|Rock Slide|p1a: Warbird
|-damage|p1a: Warbird|4\/334
|move|p1a: Warbird|Rest|p1a: Warbird
|-status|p1a: Warbird|slp
|-heal|p1a: Warbird|334\/334 slp|[silent]
|-status|p1a: Warbird|slp|[from] move: Rest
|
|turn|21
|
|switch|p2a: Gengar|Gengar, M, shiny|262\/262
|cant|p1a: Warbird|slp
|
|turn|22
|
|switch|p1a: Death Stare|Umbreon, M|373\/394
|move|p2a: Gengar|Thunderbolt|p1a: Death Stare
|-damage|p1a: Death Stare|304\/394
|
|-heal|p1a: Death Stare|328\/394|[from] item: Leftovers
|turn|23
|
|switch|p2a: Metagross|Metagross, shiny|164\/303
|-damage|p2a: Metagross|114\/303|[from] Spikes
|move|p1a: Death Stare|Protect|p1a: Death Stare
|-fail|p1a: Death Stare
|
|-heal|p2a: Metagross|132\/303|[from] item: Leftovers
|-heal|p1a: Death Stare|352\/394|[from] item: Leftovers
|turn|24
|
|switch|p1a: Warbird|Skarmory, M, shiny|334\/334 slp
|move|p2a: Metagross|Meteor Mash|p1a: Warbird
|-resisted|p1a: Warbird
|-damage|p1a: Warbird|262\/334 slp
|
|-heal|p2a: Metagross|150\/303|[from] item: Leftovers
|-heal|p1a: Warbird|282\/334 slp|[from] item: Leftovers
|turn|25
|
|move|p2a: Metagross|Meteor Mash|p1a: Warbird
|-resisted|p1a: Warbird
|-damage|p1a: Warbird|212\/334 slp
|cant|p1a: Warbird|slp
|
|-heal|p2a: Metagross|168\/303|[from] item: Leftovers
|-heal|p1a: Warbird|232\/334 slp|[from] item: Leftovers
|turn|26
|
|move|p2a: Metagross|Meteor Mash|p1a: Warbird
|-resisted|p1a: Warbird
|-damage|p1a: Warbird|164\/334 slp
|-curestatus|p1a: Warbird|slp
|move|p1a: Warbird|Spikes|p2a: Metagross
|-sidestart|p2: BenTheDemon|Spikes
|
|-heal|p2a: Metagross|186\/303|[from] item: Leftovers
|-heal|p1a: Warbird|184\/334|[from] item: Leftovers
|turn|27
|
|move|p2a: Metagross|Rock Slide|p1a: Warbird
|-damage|p1a: Warbird|115\/334
|cant|p1a: Warbird|flinch
|
|-heal|p2a: Metagross|204\/303|[from] item: Leftovers
|-heal|p1a: Warbird|135\/334|[from] item: Leftovers
|turn|28
|
|move|p2a: Metagross|Rock Slide|p1a: Warbird
|-damage|p1a: Warbird|70\/334
|move|p1a: Warbird|Rest|p1a: Warbird
|-status|p1a: Warbird|slp
|-heal|p1a: Warbird|334\/334 slp|[silent]
|-status|p1a: Warbird|slp|[from] move: Rest
|
|-heal|p2a: Metagross|222\/303|[from] item: Leftovers
|turn|29
|
|switch|p1a: Crobat|Crobat, M|292\/331
|move|p2a: Metagross|Meteor Mash|p1a: Crobat
|-damage|p1a: Crobat|60\/331
|
|-heal|p2a: Metagross|240\/303|[from] item: Leftovers
|turn|30
|
|move|p1a: Crobat|Shadow Ball|p2a: Metagross
|-damage|p2a: Metagross|158\/303
|move|p2a: Metagross|Meteor Mash|p1a: Crobat
|-damage|p1a: Crobat|0 fnt
|faint|p1a: Crobat
|
|switch|p1a: Warbird|Skarmory, M, shiny|334\/334 slp
|
|-heal|p2a: Metagross|176\/303|[from] item: Leftovers
|turn|31
|
|move|p2a: Metagross|Meteor Mash|p1a: Warbird
|-resisted|p1a: Warbird
|-damage|p1a: Warbird|265\/334 slp
|cant|p1a: Warbird|slp
|
|-heal|p2a: Metagross|194\/303|[from] item: Leftovers
|-heal|p1a: Warbird|285\/334 slp|[from] item: Leftovers
|turn|32
|
|move|p2a: Metagross|Meteor Mash|p1a: Warbird
|-resisted|p1a: Warbird
|-damage|p1a: Warbird|219\/334 slp
|cant|p1a: Warbird|slp
|
|-heal|p2a: Metagross|212\/303|[from] item: Leftovers
|-heal|p1a: Warbird|239\/334 slp|[from] item: Leftovers
|turn|33
|
|move|p2a: Metagross|Meteor Mash|p1a: Warbird
|-resisted|p1a: Warbird
|-damage|p1a: Warbird|167\/334 slp
|-curestatus|p1a: Warbird|slp
|move|p1a: Warbird|Roar|p2a: Metagross
|drag|p2a: Salamence|Salamence, M|331\/331
|-ability|p2a: Salamence|Intimidate|[of] p1a: Warbird
|-unboost|p1a: Warbird|atk|1
|
|-heal|p1a: Warbird|187\/334|[from] item: Leftovers
|turn|34
|
|switch|p1a: Death Stare|Umbreon, M|352\/394
|move|p2a: Salamence|Rock Slide|p1a: Death Stare
|-damage|p1a: Death Stare|261\/394
|
|-heal|p1a: Death Stare|285\/394|[from] item: Leftovers
|turn|35
|
|move|p2a: Salamence|Hidden Power|p1a: Death Stare
|-damage|p1a: Death Stare|165\/394
|move|p1a: Death Stare|Toxic|p2a: Salamence
|-status|p2a: Salamence|tox
|
|-heal|p1a: Death Stare|189\/394|[from] item: Leftovers
|-damage|p2a: Salamence|311\/331 tox|[from] psn
|turn|36
|
|move|p2a: Salamence|Dragon Dance|p2a: Salamence
|-boost|p2a: Salamence|atk|1
|-boost|p2a: Salamence|spe|1
|move|p1a: Death Stare|Mean Look|p2a: Salamence
|-activate|p2a: Salamence|trapped
|
|-heal|p2a: Salamence|331\/331 tox|[from] item: Leftovers
|-heal|p1a: Death Stare|213\/394|[from] item: Leftovers
|-damage|p2a: Salamence|291\/331 tox|[from] psn
|turn|37
|
|move|p2a: Salamence|Dragon Dance|p2a: Salamence
|-boost|p2a: Salamence|atk|1
|-boost|p2a: Salamence|spe|1
|move|p1a: Death Stare|Moonlight|p1a: Death Stare
|-heal|p1a: Death Stare|394\/394
|
|-heal|p2a: Salamence|311\/331 tox|[from] item: Leftovers
|-damage|p2a: Salamence|251\/331 tox|[from] psn
|turn|38
|
|move|p1a: Death Stare|Protect|p1a: Death Stare
|-singleturn|p1a: Death Stare|Protect
|move|p2a: Salamence|Hidden Power|p1a: Death Stare
|-activate|p1a: Death Stare|Protect
|
|-heal|p2a: Salamence|271\/331 tox|[from] item: Leftovers
|-damage|p2a: Salamence|191\/331 tox|[from] psn
|turn|39
|
|move|p1a: Death Stare|Protect|p1a: Death Stare
|-fail|p1a: Death Stare
|move|p2a: Salamence|Hidden Power|p1a: Death Stare
|-damage|p1a: Death Stare|138\/394
|
|-heal|p2a: Salamence|211\/331 tox|[from] item: Leftovers
|-heal|p1a: Death Stare|162\/394|[from] item: Leftovers
|-damage|p2a: Salamence|111\/331 tox|[from] psn
|turn|40
|
|move|p1a: Death Stare|Protect|p1a: Death Stare
|-singleturn|p1a: Death Stare|Protect
|move|p2a: Salamence|Hidden Power|p1a: Death Stare
|-activate|p1a: Death Stare|Protect
|
|-heal|p2a: Salamence|131\/331 tox|[from] item: Leftovers
|-heal|p1a: Death Stare|186\/394|[from] item: Leftovers
|-damage|p2a: Salamence|11\/331 tox|[from] psn
|turn|41
|
|switch|p1a: Warbird|Skarmory, M, shiny|187\/334
|move|p2a: Salamence|Hidden Power|p1a: Warbird
|-resisted|p1a: Warbird
|-damage|p1a: Warbird|88\/334
|
|-heal|p2a: Salamence|31\/331 tox|[from] item: Leftovers
|-heal|p1a: Warbird|108\/334|[from] item: Leftovers
|-damage|p2a: Salamence|0 fnt|[from] psn
|faint|p2a: Salamence
|
|switch|p2a: Blaziken|Blaziken, M, shiny|210\/305 tox
|-damage|p2a: Blaziken|134\/305 tox|[from] Spikes
|turn|42
|
|switch|p1a: Death Stare|Umbreon, M|186\/394
|move|p2a: Blaziken|Thunder Punch|p1a: Death Stare
|-crit|p1a: Death Stare
|-damage|p1a: Death Stare|87\/394
|
|-heal|p1a: Death Stare|111\/394|[from] item: Leftovers
|-damage|p2a: Blaziken|115\/305 tox|[from] psn
|turn|43
|
|move|p2a: Blaziken|Sky Uppercut|p1a: Death Stare
|-supereffective|p1a: Death Stare
|-damage|p1a: Death Stare|0 fnt
|faint|p1a: Death Stare
|
|switch|p1a: Raikou|Raikou|322\/322
|
|-damage|p2a: Blaziken|77\/305 tox|[from] psn
|turn|44
|
|move|p1a: Raikou|Thunderbolt|p2a: Blaziken
|-damage|p2a: Blaziken|0 fnt
|faint|p2a: Blaziken
|
|switch|p2a: Swampert|Swampert, M, shiny|404\/404
|-damage|p2a: Swampert|303\/404|[from] Spikes
|
|-heal|p2a: Swampert|328\/404|[from] item: Leftovers
|turn|45
|
|switch|p1a: Warbird|Skarmory, M, shiny|108\/334
|move|p2a: Swampert|Curse|p2a: Swampert
|-boost|p2a: Swampert|atk|1
|-boost|p2a: Swampert|def|1
|-unboost|p2a: Swampert|spe|1
|
|-heal|p1a: Warbird|128\/334|[from] item: Leftovers
|-heal|p2a: Swampert|353\/404|[from] item: Leftovers
|turn|46
|
|move|p2a: Swampert|Ice Beam|p1a: Warbird
|-damage|p1a: Warbird|55\/334
|move|p1a: Warbird|Roar|p2a: Swampert
|drag|p2a: Metagross|Metagross, shiny|212\/303
|-damage|p2a: Metagross|137\/303|[from] Spikes
|
|-heal|p2a: Metagross|155\/303|[from] item: Leftovers
|-heal|p1a: Warbird|75\/334|[from] item: Leftovers
|turn|47
|
|move|p2a: Metagross|Rock Slide|p1a: Warbird
|-damage|p1a: Warbird|8\/334
|move|p1a: Warbird|Rest|p1a: Warbird
|-status|p1a: Warbird|slp
|-heal|p1a: Warbird|334\/334 slp|[silent]
|-status|p1a: Warbird|slp|[from] move: Rest
|
|-heal|p2a: Metagross|173\/303|[from] item: Leftovers
|turn|48
|
|move|p2a: Metagross|Meteor Mash|p1a: Warbird
|-resisted|p1a: Warbird
|-damage|p1a: Warbird|262\/334 slp
|cant|p1a: Warbird|slp
|
|-heal|p2a: Metagross|191\/303|[from] item: Leftovers
|-heal|p1a: Warbird|282\/334 slp|[from] item: Leftovers
|turn|49
|
|switch|p2a: Gengar|Gengar, M, shiny|262\/262
|cant|p1a: Warbird|slp
|
|-heal|p1a: Warbird|302\/334 slp|[from] item: Leftovers
|turn|50
|
|move|p2a: Gengar|Thunderbolt|p1a: Warbird
|-supereffective|p1a: Warbird
|-damage|p1a: Warbird|70\/334 slp
|-curestatus|p1a: Warbird|slp
|move|p1a: Warbird|Roar|p2a: Gengar
|drag|p2a: Metagross|Metagross, shiny|191\/303
|-damage|p2a: Metagross|116\/303|[from] Spikes
|
|-heal|p2a: Metagross|134\/303|[from] item: Leftovers
|-heal|p1a: Warbird|90\/334|[from] item: Leftovers
|turn|51
|
|move|p2a: Metagross|Rock Slide|p1a: Warbird
|-damage|p1a: Warbird|28\/334
|move|p1a: Warbird|Rest|p1a: Warbird
|-status|p1a: Warbird|slp
|-heal|p1a: Warbird|334\/334 slp|[silent]
|-status|p1a: Warbird|slp|[from] move: Rest
|
|-heal|p2a: Metagross|152\/303|[from] item: Leftovers
|turn|52
|
|switch|p2a: Gengar|Gengar, M, shiny|262\/262
|switch|p1a: Raikou|Raikou|322\/322
|
|turn|53
|
|switch|p2a: Swampert|Swampert, M, shiny|353\/404
|-damage|p2a: Swampert|252\/404|[from] Spikes
|move|p1a: Raikou|Calm Mind|p1a: Raikou
|-boost|p1a: Raikou|spa|1
|-boost|p1a: Raikou|spd|1
|
|-heal|p2a: Swampert|277\/404|[from] item: Leftovers
|turn|54
|
|move|p1a: Raikou|Hidden Power|p2a: Swampert
|-damage|p2a: Swampert|152\/404
|move|p2a: Swampert|Curse|p2a: Swampert
|-boost|p2a: Swampert|atk|1
|-boost|p2a: Swampert|def|1
|-unboost|p2a: Swampert|spe|1
|
|-heal|p2a: Swampert|177\/404|[from] item: Leftovers
|turn|55
|
|switch|p1a: Warbird|Skarmory, M, shiny|334\/334 slp
|move|p2a: Swampert|Protect|p2a: Swampert
|-fail|p2a: Swampert
|
|-heal|p2a: Swampert|202\/404|[from] item: Leftovers
|turn|56
|
|move|p2a: Swampert|Ice Beam|p1a: Warbird
|-damage|p1a: Warbird|269\/334 slp
|cant|p1a: Warbird|slp
|
|-heal|p1a: Warbird|289\/334 slp|[from] item: Leftovers
|-heal|p2a: Swampert|227\/404|[from] item: Leftovers
|turn|57
|
|move|p2a: Swampert|Ice Beam|p1a: Warbird
|-damage|p1a: Warbird|223\/334 slp
|cant|p1a: Warbird|slp
|
|-heal|p1a: Warbird|243\/334 slp|[from] item: Leftovers
|-heal|p2a: Swampert|252\/404|[from] item: Leftovers
|turn|58
|
|move|p2a: Swampert|Ice Beam|p1a: Warbird
|-damage|p1a: Warbird|174\/334 slp
|-curestatus|p1a: Warbird|slp
|move|p1a: Warbird|Roar|p2a: Swampert
|drag|p2a: Dragonite|Dragonite, M, shiny|337\/337
|
|-heal|p1a: Warbird|194\/334|[from] item: Leftovers
|turn|59
|
|move|p2a: Dragonite|Thunder|p1a: Warbird|[miss]
|-miss|p2a: Dragonite|p1a: Warbird
|move|p1a: Warbird|Drill Peck|p2a: Dragonite
|-crit|p2a: Dragonite
|-damage|p2a: Dragonite|156\/337
|
|-heal|p2a: Dragonite|177\/337|[from] item: Leftovers
|-heal|p1a: Warbird|214\/334|[from] item: Leftovers
|turn|60
|
|switch|p1a: Raikou|Raikou|322\/322
|move|p2a: Dragonite|Thunder|p1a: Raikou|[miss]
|-miss|p2a: Dragonite|p1a: Raikou
|
|-heal|p2a: Dragonite|198\/337|[from] item: Leftovers
|turn|61
|
|move|p1a: Raikou|Hidden Power|p2a: Dragonite
|-supereffective|p2a: Dragonite
|-damage|p2a: Dragonite|0 fnt
|faint|p2a: Dragonite
|
|switch|p2a: Swampert|Swampert, M, shiny|252\/404
|-damage|p2a: Swampert|151\/404|[from] Spikes
|
|-heal|p2a: Swampert|176\/404|[from] item: Leftovers
|turn|62
|
|switch|p1a: Warbird|Skarmory, M, shiny|214\/334
|move|p2a: Swampert|Protect|p2a: Swampert
|-fail|p2a: Swampert
|
|-heal|p1a: Warbird|234\/334|[from] item: Leftovers
|-heal|p2a: Swampert|201\/404|[from] item: Leftovers
|turn|63
|
|move|p2a: Swampert|Ice Beam|p1a: Warbird
|-damage|p1a: Warbird|167\/334
|move|p1a: Warbird|Roar|p2a: Swampert
|drag|p2a: Gengar|Gengar, M, shiny|262\/262
|
|-heal|p1a: Warbird|187\/334|[from] item: Leftovers
|turn|64
|
|switch|p1a: Raikou|Raikou|322\/322
|move|p2a: Gengar|Fire Punch|p1a: Raikou
|-damage|p1a: Raikou|234\/322
|
|-heal|p1a: Raikou|254\/322|[from] item: Leftovers
|turn|65
|
|switch|p2a: Swampert|Swampert, M, shiny|201\/404
|-damage|p2a: Swampert|100\/404|[from] Spikes
|move|p1a: Raikou|Roar|p2a: Swampert
|drag|p2a: Gengar|Gengar, M, shiny|262\/262
|
|-heal|p1a: Raikou|274\/322|[from] item: Leftovers
|turn|66
|
|move|p1a: Raikou|Thunderbolt|p2a: Gengar
|-damage|p2a: Gengar|79\/262
|move|p2a: Gengar|Ice Punch|p1a: Raikou
|-damage|p1a: Raikou|182\/322
|
|-heal|p1a: Raikou|202\/322|[from] item: Leftovers
|-heal|p2a: Gengar|95\/262|[from] item: Leftovers
|turn|67
|
|move|p1a: Raikou|Hidden Power|p2a: Gengar
|-damage|p2a: Gengar|4\/262
|move|p2a: Gengar|Ice Punch|p1a: Raikou
|-damage|p1a: Raikou|119\/322
|
|-heal|p1a: Raikou|139\/322|[from] item: Leftovers
|-heal|p2a: Gengar|20\/262|[from] item: Leftovers
|turn|68
|
|switch|p2a: Swampert|Swampert, M, shiny|100\/404
|-damage|p2a: Swampert|0 fnt|[from] Spikes
|faint|p2a: Swampert
|
|switch|p2a: Gengar|Gengar, M, shiny|20\/262
|move|p1a: Raikou|Hidden Power|p2a: Gengar
|-crit|p2a: Gengar
|-damage|p2a: Gengar|0 fnt
|faint|p2a: Gengar
|
|switch|p2a: Metagross|Metagross, shiny|152\/303
|-damage|p2a: Metagross|77\/303|[from] Spikes
|
|-heal|p1a: Raikou|159\/322|[from] item: Leftovers
|-heal|p2a: Metagross|95\/303|[from] item: Leftovers
|turn|69
|-message|BenTheDemon forfeited.
|
|win|MegaBlueAce