|join|MegaBlueAce
|join|BenTheDemon
|player|p1|MegaBlueAce|161
|player|p2|BenTheDemon|53
|gametype|singles
|gen|3
|tier|[Gen 3] OU (beta)
|rule|Sleep Clause Mod: Limit one foe put to sleep
|rule|Species Clause: Limit one of each PokÃ©mon
|rule|OHKO Clause: OHKO moves are banned
|rule|Moody Clause: Moody is banned
|rule|Evasion Moves Clause: Evasion moves are banned
|rule|Endless Battle Clause: Forcing endless battles is banned
|rule|HP Percentage Mod: HP is shown in percentages
|
|start
|switch|p1a: Metagross|Metagross|341\/341
|switch|p2a: Starmie|Starmie|324\/324
|turn|1
|
|move|p2a: Starmie|Surf|p1a: Metagross
|-damage|p1a: Metagross|206\/341
|move|p1a: Metagross|Agility|p1a: Metagross
|-boost|p1a: Metagross|spe|2
|
|-heal|p1a: Metagross|227\/341|[from] item: Leftovers
|turn|2
|
|move|p1a: Metagross|Shadow Ball|p2a: Starmie
|-supereffective|p2a: Starmie
|-damage|p2a: Starmie|68\/324
|move|p2a: Starmie|Surf|p1a: Metagross
|-damage|p1a: Metagross|97\/341
|
|-heal|p1a: Metagross|118\/341|[from] item: Leftovers
|-heal|p2a: Starmie|88\/324|[from] item: Leftovers
|turn|3
|join|Buttonz
|
|switch|p2a: Blaziken|Blaziken, M|305\/305
|move|p1a: Metagross|Shadow Ball|p2a: Blaziken
|-damage|p2a: Blaziken|160\/305
|
|-heal|p1a: Metagross|139\/341|[from] item: Leftovers
|turn|4
|
|move|p1a: Metagross|Earthquake|p2a: Blaziken
|-supereffective|p2a: Blaziken
|-damage|p2a: Blaziken|0 fnt
|faint|p2a: Blaziken
|
|switch|p2a: Dragonite|Dragonite, M|337\/337
|
|-heal|p1a: Metagross|160\/341|[from] item: Leftovers
|turn|5
|
|move|p1a: Metagross|Meteor Mash|p2a: Dragonite|[miss]
|-miss|p1a: Metagross|p2a: Dragonite
|move|p2a: Dragonite|Earthquake|p1a: Metagross
|-supereffective|p1a: Metagross
|-damage|p1a: Metagross|0 fnt
|faint|p1a: Metagross
|
|switch|p1a: Raikou|Raikou|322\/322
|
|turn|6
|
|switch|p1a: Gyarados|Gyarados, M|347\/347
|-ability|p1a: Gyarados|Intimidate|[of] p2a: Dragonite
|-unboost|p2a: Dragonite|atk|1
|switch|p2a: Metagross|Metagross|364\/364
|
|turn|7
|
|move|p1a: Gyarados|Taunt|p2a: Metagross
|-start|p2a: Metagross|move: Taunt
|move|p2a: Metagross|Rock Slide|p1a: Gyarados
|-supereffective|p1a: Gyarados
|-damage|p1a: Gyarados|0 fnt
|faint|p1a: Gyarados
|
|switch|p1a: Skarmory|Skarmory, M|334\/334
|
|turn|8
|
|switch|p2a: Gengar|Gengar, M|262\/262
|move|p1a: Skarmory|Spikes|p2a: Gengar
|-sidestart|p2: BenTheDemon|Spikes
|
|turn|9
|
|move|p2a: Gengar|Fire Punch|p1a: Skarmory
|-supereffective|p1a: Skarmory
|-damage|p1a: Skarmory|148\/334
|move|p1a: Skarmory|Drill Peck|p2a: Gengar
|-damage|p2a: Gengar|148\/262
|
|-heal|p2a: Gengar|164\/262|[from] item: Leftovers
|-heal|p1a: Skarmory|168\/334|[from] item: Leftovers
|turn|10
|leave|Buttonz
|
|switch|p1a: Crobat|Crobat, M|331\/331
|move|p2a: Gengar|Fire Punch|p1a: Crobat
|-damage|p1a: Crobat|223\/331
|
|-heal|p2a: Gengar|180\/262|[from] item: Leftovers
|turn|11
|
|move|p1a: Crobat|Shadow Ball|p2a: Gengar
|-supereffective|p2a: Gengar
|-damage|p2a: Gengar|0 fnt
|faint|p2a: Gengar
|
|switch|p2a: Salamence|Salamence, M|331\/331
|-ability|p2a: Salamence|Intimidate|[of] p1a: Crobat
|-unboost|p1a: Crobat|atk|1
|
|turn|12
|
|switch|p1a: Skarmory|Skarmory, M|168\/334
|move|p2a: Salamence|Dragon Dance|p2a: Salamence
|-boost|p2a: Salamence|atk|1
|-boost|p2a: Salamence|spe|1
|
|-heal|p1a: Skarmory|188\/334|[from] item: Leftovers
|turn|13
|
|move|p2a: Salamence|Rock Slide|p1a: Skarmory
|-damage|p1a: Skarmory|77\/334
|move|p1a: Skarmory|Roar|p2a: Salamence
|drag|p2a: Metagross|Metagross|364\/364
|-damage|p2a: Metagross|319\/364|[from] Spikes
|
|-heal|p1a: Skarmory|97\/334|[from] item: Leftovers
|turn|14
|
|move|p2a: Metagross|Rock Slide|p1a: Skarmory
|-crit|p1a: Skarmory
|-damage|p1a: Skarmory|0 fnt
|faint|p1a: Skarmory
|
|switch|p1a: Crobat|Crobat, M|223\/331
|
|turn|15
|
|move|p1a: Crobat|Shadow Ball|p2a: Metagross
|-damage|p2a: Metagross|223\/364
|move|p2a: Metagross|Rock Slide|p1a: Crobat
|-supereffective|p1a: Crobat
|-damage|p1a: Crobat|0 fnt
|faint|p1a: Crobat
|
|switch|p1a: Raikou|Raikou|322\/322
|
|turn|16
|
|switch|p2a: Starmie|Starmie|88\/324
|-damage|p2a: Starmie|48\/324|[from] Spikes
|move|p1a: Raikou|Calm Mind|p1a: Raikou
|-boost|p1a: Raikou|spa|1
|-boost|p1a: Raikou|spd|1
|
|-heal|p2a: Starmie|68\/324|[from] item: Leftovers
|turn|17
|
|move|p1a: Raikou|Thunderbolt|p2a: Starmie
|-supereffective|p2a: Starmie
|-damage|p2a: Starmie|0 fnt
|faint|p2a: Starmie
|
|switch|p2a: Metagross|Metagross|223\/364
|-damage|p2a: Metagross|178\/364|[from] Spikes
|
|turn|18
|
|move|p1a: Raikou|Thunderbolt|p2a: Metagross
|-damage|p2a: Metagross|0 fnt
|faint|p2a: Metagross
|
|switch|p2a: Salamence|Salamence, M|331\/331
|-ability|p2a: Salamence|Intimidate|[of] p1a: Raikou
|-unboost|p1a: Raikou|atk|1
|
|turn|19
|
|move|p1a: Raikou|Hidden Power|p2a: Salamence
|-supereffective|p2a: Salamence
|-damage|p2a: Salamence|0 fnt
|faint|p2a: Salamence
|
|switch|p2a: Dragonite|Dragonite, M|337\/337
|
|turn|20
|
|move|p1a: Raikou|Hidden Power|p2a: Dragonite
|-supereffective|p2a: Dragonite
|-damage|p2a: Dragonite|0 fnt
|faint|p2a: Dragonite
|
|win|MegaBlueAce