|join|Snorlax4President
|join|BenTheDemon
|player|p1|Snorlax4President|156
|player|p2|BenTheDemon|240
|gametype|singles
|gen|6
|tier|OU
|rated
|clearpoke
|poke|p1|Garchomp, M
|poke|p1|Keldeo
|poke|p1|Pinsir, M
|poke|p1|Bisharp, M
|poke|p1|Aegislash, M
|poke|p1|Deoxys-Defense
|poke|p2|Dragonite, M, shiny
|poke|p2|Greninja, M, shiny
|poke|p2|Mandibuzz, F, shiny
|poke|p2|Charizard, M, shiny
|poke|p2|Bisharp, M, shiny
|poke|p2|Gengar, M, shiny
|rule|Sleep Clause Mod: Limit one foe put to sleep
|rule|Species Clause: Limit one of each Pokemon
|rule|OHKO Clause: OHKO moves are banned
|rule|Moody Clause: Moody is banned
|rule|Evasion Moves Clause: Evasion moves are banned
|rule|Endless Battle Clause: Forcing endless battles is banned.
|rule|HP Percentage Mod: HP is reported as percentages
|teampreview
|
|start
|switch|p1a: Epona|Keldeo|323\/323
|switch|p2a: Shadow Man|Gengar, M, shiny|262\/262
|turn|1
|
|switch|p1a: B#|Bisharp, M|272\/272
|move|p2a: Shadow Man|Shadow Ball|p1a: B#
|-resisted|p1a: B#
|-damage|p1a: B#|175\/272
|
|turn|2
|
|move|p1a: B#|Pursuit|p2a: Shadow Man
|-supereffective|p2a: Shadow Man
|-enditem|p2a: Shadow Man|Focus Sash
|-damage|p2a: Shadow Man|1\/262
|-damage|p1a: B#|148\/272|[from] item: Life Orb
|move|p2a: Shadow Man|Counter|p1a: B#
|-damage|p1a: B#|0 fnt
|faint|p1a: B#
|
|
|switch|p1a: Phillip|Aegislash, M|324\/324
|-item|p1a: Phillip|Air Balloon
|turn|3
|
|switch|p2a: Splash Woman|Mandibuzz, F, shiny|424\/424
|-formechange|p1a: Phillip|Aegislash-Blade
|move|p1a: Phillip|Shadow Sneak|p2a: Splash Woman
|-resisted|p2a: Splash Woman
|-damage|p2a: Splash Woman|399\/424
|
|-heal|p2a: Splash Woman|424\/424|[from] item: Leftovers
|turn|4
|
|switch|p1a: The D|Deoxys-Defense|304\/304
|-ability|p1a: The D|Pressure
|move|p2a: Splash Woman|Foul Play|p1a: The D
|-supereffective|p1a: The D
|-damage|p1a: The D|212\/304
|
|-heal|p1a: The D|231\/304|[from] item: Leftovers
|turn|5
|
|move|p1a: The D|Thunder Wave|p2a: Splash Woman
|-status|p2a: Splash Woman|par
|move|p2a: Splash Woman|Foul Play|p1a: The D
|-supereffective|p1a: The D
|-damage|p1a: The D|123\/304
|
|-heal|p1a: The D|142\/304|[from] item: Leftovers
|turn|6
|
|move|p1a: The D|Stealth Rock|p2a: Splash Woman
|-sidestart|p2: BenTheDemon|move: Stealth Rock
|move|p2a: Splash Woman|Foul Play|p1a: The D
|-supereffective|p1a: The D
|-damage|p1a: The D|44\/304
|
|-heal|p1a: The D|63\/304|[from] item: Leftovers
|turn|7
|
|move|p1a: The D|Taunt|p2a: Splash Woman
|-start|p2a: Splash Woman|move: Taunt
|cant|p2a: Splash Woman|move: Taunt|Defog
|
|-heal|p1a: The D|82\/304|[from] item: Leftovers
|turn|8
|
|move|p1a: The D|Spikes|p2a: Splash Woman
|-sidestart|p2: BenTheDemon|Spikes
|move|p2a: Splash Woman|Foul Play|p1a: The D
|-supereffective|p1a: The D
|-damage|p1a: The D|0 fnt
|faint|p1a: The D
|
|
|switch|p1a: Garchamp|Garchomp, M|357\/357
|turn|9
|
|move|p1a: Garchamp|Stone Edge|p2a: Splash Woman
|-supereffective|p2a: Splash Woman
|-damage|p2a: Splash Woman|180\/424 par
|-damage|p1a: Garchamp|322\/357|[from] item: Life Orb
|move|p2a: Splash Woman|Foul Play|p1a: Garchamp
|-damage|p1a: Garchamp|133\/357
|-damage|p2a: Splash Woman|127\/424 par|[from] ability: Rough Skin|[of] p1a: Garchamp
|
|-heal|p2a: Splash Woman|153\/424 par|[from] item: Leftovers
|-end|p2a: Splash Woman|move: Taunt
|turn|10
|
|move|p1a: Garchamp|Stone Edge|p2a: Splash Woman
|-supereffective|p2a: Splash Woman
|-damage|p2a: Splash Woman|0 fnt
|-damage|p1a: Garchamp|98\/357|[from] item: Life Orb
|faint|p2a: Splash Woman
|
|
|switch|p2a: Bubble Man|Greninja, M, shiny|286\/286
|-damage|p2a: Bubble Man|251\/286|[from] Stealth Rock
|-damage|p2a: Bubble Man|216\/286|[from] Spikes
|turn|11
|
|-start|p2a: Bubble Man|typechange|Ice|[from] Protean
|move|p2a: Bubble Man|Ice Beam|p1a: Garchamp
|-supereffective|p1a: Garchamp
|-damage|p1a: Garchamp|0 fnt
|-damage|p2a: Bubble Man|188\/286|[from] item: Life Orb
|faint|p1a: Garchamp
|
|
|switch|p1a: Phillip|Aegislash, M|324\/324
|-item|p1a: Phillip|Air Balloon
|turn|12
|
|-start|p2a: Bubble Man|typechange|Dark|[from] Protean
|move|p2a: Bubble Man|Dark Pulse|p1a: Phillip
|-supereffective|p1a: Phillip
|-damage|p1a: Phillip|98\/324
|-enditem|p1a: Phillip|Air Balloon
|-damage|p2a: Bubble Man|160\/286|[from] item: Life Orb
|-formechange|p1a: Phillip|Aegislash-Blade
|move|p1a: Phillip|Sacred Sword|p2a: Bubble Man
|-supereffective|p2a: Bubble Man
|-damage|p2a: Bubble Man|0 fnt
|faint|p2a: Bubble Man
|
|
|switch|p2a: Flame Man|Charizard, M, shiny|298\/298
|-damage|p2a: Flame Man|149\/298|[from] Stealth Rock
|turn|13
|
|detailschange|p2a: Flame Man|Charizard-Mega-Y, M, shiny
|message|Charizard has Mega Evolved into Mega Charizard!
|-weather|SunnyDay
|move|p1a: Phillip|Shadow Sneak|p2a: Flame Man
|-damage|p2a: Flame Man|68\/298
|move|p2a: Flame Man|Roost|p2a: Flame Man
|-heal|p2a: Flame Man|217\/298
|
|-weather|SunnyDay|[upkeep]
|turn|14
|
|move|p2a: Flame Man|Roost|p2a: Flame Man
|-heal|p2a: Flame Man|298\/298
|move|p1a: Phillip|Shadow Ball|p2a: Flame Man
|-damage|p2a: Flame Man|138\/298
|
|-weather|SunnyDay|[upkeep]
|turn|15
|
|move|p2a: Flame Man|Fire Blast|p1a: Phillip
|-supereffective|p1a: Phillip
|-damage|p1a: Phillip|0 fnt
|faint|p1a: Phillip
|
|-weather|SunnyDay|[upkeep]
|
|switch|p1a: Pimpsir|Pinsir, M|334\/334
|turn|16
|
|detailschange|p1a: Pimpsir|Pinsir-Mega, M
|message|Pinsir has Mega Evolved into Mega Pinsir!
|move|p1a: Pimpsir|Quick Attack|p2a: Flame Man
|-damage|p2a: Flame Man|0 fnt
|faint|p2a: Flame Man
|
|-weather|SunnyDay|[upkeep]
|
|switch|p2a: Metal Man|Bisharp, M, shiny|279\/279
|-damage|p2a: Metal Man|245\/279|[from] Spikes
|-damage|p2a: Metal Man|228\/279|[from] Stealth Rock
|turn|17
|
|switch|p1a: Epona|Keldeo|323\/323
|move|p2a: Metal Man|Sucker Punch|p1a: Epona
|-fail|p1a: Epona
|
|-weather|none
|turn|18
|
|move|p1a: Epona|Secret Sword|p2a: Metal Man
|-supereffective|p2a: Metal Man
|-damage|p2a: Metal Man|0 fnt
|-damage|p1a: Epona|291\/323|[from] item: Life Orb
|faint|p2a: Metal Man
|
|
|switch|p2a: Green Devil|Dragonite, M, shiny|324\/324
|-damage|p2a: Green Devil|243\/324|[from] Stealth Rock
|turn|19
|
|move|p1a: Epona|Icy Wind|p2a: Green Devil
|-supereffective|p2a: Green Devil
|-damage|p2a: Green Devil|0 fnt
|-damage|p1a: Epona|259\/323|[from] item: Life Orb
|faint|p2a: Green Devil
|
|chat|Snorlax4President|gg
|
|switch|p2a: Shadow Man|Gengar, M, shiny|1\/262
|-damage|p2a: Shadow Man|0 fnt|[from] Stealth Rock
|faint|p2a: Shadow Man
|
|win|Snorlax4President
|raw|Ladder updating...
|raw|Snorlax4President's rating: 1485 &rarr; <strong>1504<\/strong><br \/>(+19 for winning)
|raw|BenTheDemon's rating: 1460 &rarr; <strong>1442<\/strong><br \/>(-18 for losing)
|leave|BenTheDemon
|player|p2