|join|Lyni
|join|BenTheDemon
|player|p1|Lyni|178
|player|p2|BenTheDemon|53
|gametype|singles
|gen|6
|tier|OU
|clearpoke
|poke|p1|Gengar, F
|poke|p1|Gallade, M
|poke|p1|Weavile, M
|poke|p1|Skarmory, M
|poke|p1|Gastrodon, F
|poke|p1|Clefable, F
|poke|p2|Dragonite, M, shiny
|poke|p2|Greninja, M, shiny
|poke|p2|Charizard, M
|poke|p2|Excadrill, M
|poke|p2|Gliscor, M
|poke|p2|Gengar, M, shiny
|rule|Swagger Clause: Swagger is banned
|rule|Baton Pass Clause: Limit one PokÃ©mon knowing Baton Pass
|rule|Sleep Clause Mod: Limit one foe put to sleep
|rule|Species Clause: Limit one of each PokÃ©mon
|rule|OHKO Clause: OHKO moves are banned
|rule|Moody Clause: Moody is banned
|rule|Evasion Moves Clause: Evasion moves are banned
|rule|Endless Battle Clause: Forcing endless battles is banned
|rule|HP Percentage Mod: HP is shown in percentages
|teampreview
|
|start
|switch|p1a: Kano|Weavile, M|282\/282
|switch|p2a: Shade Man|Gengar, M, shiny|268\/268
|-ability|p1a: Kano|Pressure
|turn|1
|c|âLyni|oh hey it's my old friend Charizard :'D
|
|switch|p2a: Ground Man|Gliscor, M|354\/354
|move|p1a: Kano|Knock Off|p2a: Ground Man
|-damage|p2a: Ground Man|215\/354
|-enditem|p2a: Ground Man|Toxic Orb|[from] move: Knock Off|[of] p1a: Kano
|
|turn|2
|c|âBenTheDemon|Crap...
|c|âLyni|hee
|
|move|p1a: Kano|Taunt|p2a: Ground Man
|-start|p2a: Ground Man|move: Taunt
|cant|p2a: Ground Man|move: Taunt|Stealth Rock
|
|turn|3
|
|switch|p2a: Drill Man|Excadrill, M|391\/391
|-ability|p2a: Drill Man|Mold Breaker
|move|p1a: Kano|Knock Off|p2a: Drill Man
|-damage|p2a: Drill Man|135\/391
|-enditem|p2a: Drill Man|Assault Vest|[from] move: Knock Off|[of] p1a: Kano
|
|turn|4
|
|move|p1a: Kano|Ice Punch|p2a: Drill Man
|-damage|p2a: Drill Man|0 fnt
|faint|p2a: Drill Man
|
|
|switch|p2a: Green Devil|Dragonite, M, shiny|324\/324
|turn|5
|
|move|p1a: Kano|Ice Punch|p2a: Green Devil
|-supereffective|p2a: Green Devil
|-damage|p2a: Green Devil|76\/324
|-enditem|p2a: Green Devil|Weakness Policy
|-boost|p2a: Green Devil|atk|2|[from] item: Weakness Policy
|-boost|p2a: Green Devil|spa|2|[from] item: Weakness Policy
|move|p2a: Green Devil|Dragon Claw|p1a: Kano
|-enditem|p1a: Kano|Focus Sash
|-damage|p1a: Kano|1\/282
|
|turn|6
|
|move|p2a: Green Devil|Extreme Speed|p1a: Kano
|-damage|p1a: Kano|0 fnt
|faint|p1a: Kano
|
|c|âBenTheDemon|Gonna have to make due with 4 Mons.
|
|switch|p1a: Kido|Gengar, F|262\/262
|turn|7
|
|move|p1a: Kido|Sludge Wave|p2a: Green Devil
|-damage|p2a: Green Devil|0 fnt
|-damage|p1a: Kido|236\/262|[from] item: Life Orb
|faint|p2a: Green Devil
|
|
|switch|p2a: Bubble Man|Greninja, M, shiny|286\/286
|turn|8
|
|switch|p1a: Momo|Gastrodon, F|426\/426
|move|p2a: Bubble Man|Extrasensory|p1a: Momo
|-start|p2a: Bubble Man|typechange|Psychic|[from] Protean
|-damage|p1a: Momo|304\/426
|-damage|p2a: Bubble Man|258\/286|[from] item: Life Orb
|
|-heal|p1a: Momo|330\/426|[from] item: Leftovers
|turn|9
|
|move|p2a: Bubble Man|Grass Knot|p1a: Momo
|-start|p2a: Bubble Man|typechange|Grass|[from] Protean
|-supereffective|p1a: Momo
|-damage|p1a: Momo|0 fnt
|-damage|p2a: Bubble Man|230\/286|[from] item: Life Orb
|faint|p1a: Momo
|
|c|âLyni|shoot I should've expected that
|
|switch|p1a: Seto|Gallade, M|278\/278
|turn|10
|c|âBenTheDemon|Yea. Same with me for Knock Off.
|
|switch|p2a: Shade Man|Gengar, M, shiny|268\/268
|move|p1a: Seto|Close Combat|p2a: Shade Man
|-immune|p2a: Shade Man|[msg]
|
|turn|11
|
|switch|p1a: Konoha|Skarmory, M|333\/333
|move|p2a: Shade Man|Shadow Ball|p1a: Konoha
|-damage|p1a: Konoha|156\/333
|
|turn|12
|c|âLyni|sadness
|c|âLyni|who should I sacrifice
|
|switch|p1a: Seto|Gallade, M|278\/278
|move|p2a: Shade Man|Shadow Ball|p1a: Seto
|-supereffective|p1a: Seto
|-damage|p1a: Seto|60\/278
|
|turn|13
|
|move|p1a: Seto|Rock Slide|p2a: Shade Man
|-damage|p2a: Shade Man|135\/268
|move|p2a: Shade Man|Shadow Ball|p1a: Seto
|-supereffective|p1a: Seto
|-damage|p1a: Seto|0 fnt
|faint|p1a: Seto
|
|-heal|p2a: Shade Man|151\/268|[from] item: Black Sludge
|c|âBenTheDemon|Scarf...
|
|switch|p1a: Kido|Gengar, F|236\/262
|turn|14
|
|switch|p2a: Ground Man|Gliscor, M|215\/354
|move|p1a: Kido|Psychic|p2a: Ground Man
|-damage|p2a: Ground Man|105\/354
|-damage|p1a: Kido|210\/262|[from] item: Life Orb
|
|turn|15
|
|move|p1a: Kido|Sludge Wave|p2a: Ground Man
|-crit|p2a: Ground Man
|-resisted|p2a: Ground Man
|-damage|p2a: Ground Man|0 fnt
|-damage|p1a: Kido|184\/262|[from] item: Life Orb
|faint|p2a: Ground Man
|
|
|switch|p2a: Bubble Man|Greninja, M, shiny|230\/286
|turn|16
|
|switch|p1a: Mary|Clefable, F|394\/394
|move|p2a: Bubble Man|Extrasensory|p1a: Mary
|-start|p2a: Bubble Man|typechange|Psychic|[from] Protean
|-damage|p1a: Mary|272\/394
|-damage|p2a: Bubble Man|202\/286|[from] item: Life Orb
|
|-heal|p1a: Mary|296\/394|[from] item: Leftovers
|turn|17
|
|move|p2a: Bubble Man|Hydro Pump|p1a: Mary|[miss]
|-start|p2a: Bubble Man|typechange|Water|[from] Protean
|-miss|p2a: Bubble Man|p1a: Mary
|move|p1a: Mary|Wish|p1a: Mary
|
|-heal|p1a: Mary|320\/394|[from] item: Leftovers
|turn|18
|
|switch|p2a: Shade Man|Gengar, M, shiny|151\/268
|move|p1a: Mary|Moonblast|p2a: Shade Man
|-resisted|p2a: Shade Man
|-damage|p2a: Shade Man|94\/268
|
|-heal|p1a: Mary|394\/394|[from] move: Wish|[wisher] Mary
|-heal|p2a: Shade Man|110\/268|[from] item: Black Sludge
|turn|19
|
|switch|p1a: Konoha|Skarmory, M|156\/333
|move|p2a: Shade Man|Taunt|p1a: Konoha
|-start|p1a: Konoha|move: Taunt
|
|-heal|p2a: Shade Man|126\/268|[from] item: Black Sludge
|turn|20
|
|move|p2a: Shade Man|Substitute|p2a: Shade Man
|-start|p2a: Shade Man|Substitute
|-damage|p2a: Shade Man|59\/268
|move|p1a: Konoha|Brave Bird|p2a: Shade Man
|-end|p2a: Shade Man|Substitute
|-damage|p1a: Konoha|134\/333|[from] recoil|[of] p2a: Shade Man
|
|-heal|p2a: Shade Man|75\/268|[from] item: Black Sludge
|turn|21
|
|move|p2a: Shade Man|Shadow Ball|p1a: Konoha
|-damage|p1a: Konoha|0 fnt
|faint|p1a: Konoha
|
|-heal|p2a: Shade Man|91\/268|[from] item: Black Sludge
|
|switch|p1a: Kido|Gengar, F|184\/262
|turn|22
|
|move|p2a: Shade Man|Shadow Ball|p1a: Kido
|-supereffective|p1a: Kido
|-damage|p1a: Kido|0 fnt
|faint|p1a: Kido
|
|-heal|p2a: Shade Man|107\/268|[from] item: Black Sludge
|c|âLyni|nuuu ;;
|c|âLyni|gg XD
|
|switch|p1a: Mary|Clefable, F|394\/394
|turn|23
|c|âBenTheDemon|GG, son.
|
|move|p2a: Shade Man|Taunt|p1a: Mary
|-start|p1a: Mary|move: Taunt
|cant|p1a: Mary|move: Taunt|Wish
|
|-heal|p2a: Shade Man|123\/268|[from] item: Black Sludge
|turn|24
|
|move|p2a: Shade Man|Will-O-Wisp|p1a: Mary|[miss]
|-miss|p2a: Shade Man|p1a: Mary
|move|p1a: Mary|Moonblast|p2a: Shade Man
|-resisted|p2a: Shade Man
|-damage|p2a: Shade Man|67\/268
|
|-heal|p2a: Shade Man|83\/268|[from] item: Black Sludge
|turn|25
|
|move|p2a: Shade Man|Will-O-Wisp|p1a: Mary
|-status|p1a: Mary|brn
|move|p1a: Mary|Moonblast|p2a: Shade Man
|-resisted|p2a: Shade Man
|-damage|p2a: Shade Man|23\/268
|-unboost|p2a: Shade Man|spa|1
|
|-heal|p2a: Shade Man|39\/268|[from] item: Black Sludge
|-end|p1a: Mary|move: Taunt
|turn|26
|
|move|p2a: Shade Man|Taunt|p1a: Mary
|-start|p1a: Mary|move: Taunt
|move|p1a: Mary|Moonblast|p2a: Shade Man
|-crit|p2a: Shade Man
|-resisted|p2a: Shade Man
|-damage|p2a: Shade Man|0 fnt
|faint|p2a: Shade Man
|
|
|switch|p2a: Bubble Man|Greninja, M, shiny|202\/286
|turn|27
|
|move|p2a: Bubble Man|Ice Beam|p1a: Mary
|-start|p2a: Bubble Man|typechange|Ice|[from] Protean
|-damage|p1a: Mary|265\/394 brn
|-damage|p2a: Bubble Man|174\/286|[from] item: Life Orb
|move|p1a: Mary|Moonblast|p2a: Bubble Man
|-damage|p2a: Bubble Man|29\/286
|-unboost|p2a: Bubble Man|spa|1
|
|-heal|p1a: Mary|289\/394 brn|[from] item: Leftovers
|turn|28
|
|move|p2a: Bubble Man|Hydro Pump|p1a: Mary
|-start|p2a: Bubble Man|typechange|Water|[from] Protean
|-damage|p1a: Mary|184\/394 brn
|-damage|p2a: Bubble Man|1\/286|[from] item: Life Orb
|move|p1a: Mary|Moonblast|p2a: Bubble Man
|-damage|p2a: Bubble Man|0 fnt
|faint|p2a: Bubble Man
|
|-heal|p1a: Mary|208\/394 brn|[from] item: Leftovers
|-end|p1a: Mary|move: Taunt
|
|switch|p2a: Flame Man|Charizard, M|298\/298
|turn|29
|
|detailschange|p2a: Flame Man|Charizard-Mega-X, M
|message|Charizard has Mega Evolved into Mega Charizard!
|move|p1a: Mary|Protect|p1a: Mary
|-singleturn|p1a: Mary|Protect
|move|p2a: Flame Man|Flare Blitz|p1a: Mary
|-activate|p1a: Mary|Protect
|
|-heal|p1a: Mary|232\/394 brn|[from] item: Leftovers
|turn|30
|
|move|p2a: Flame Man|Flare Blitz|p1a: Mary
|-damage|p1a: Mary|0 fnt
|-damage|p2a: Flame Man|221\/298|[from] recoil|[of] p1a: Mary
|faint|p1a: Mary
|
|win|BenTheDemon
|c|âLyni|yep, gg XD
|c|âBenTheDemon|GG.