|join|derpderpderping
|join|BenTheDemon
|player|p1|derpderpderping|214
|player|p2|BenTheDemon|53
|gametype|singles
|gen|6
|tier|OU
|rated
|clearpoke
|poke|p1|Scizor, F
|poke|p1|Dragonite, F
|poke|p1|Landorus-Therian, M
|poke|p1|Azumarill, M
|poke|p1|Keldeo
|poke|p1|Latios, M
|poke|p2|Dragonite, M, shiny
|poke|p2|Greninja, M, shiny
|poke|p2|Metagross, shiny
|poke|p2|Excadrill, M
|poke|p2|Gliscor, M
|poke|p2|Gengar, M, shiny
|rule|Swagger Clause: Swagger is banned
|rule|Baton Pass Clause: Limit one PokÃ©mon knowing Baton Pass
|rule|Sleep Clause Mod: Limit one foe put to sleep
|rule|Species Clause: Limit one of each PokÃ©mon
|rule|OHKO Clause: OHKO moves are banned
|rule|Moody Clause: Moody is banned
|rule|Evasion Moves Clause: Evasion moves are banned
|rule|Endless Battle Clause: Forcing endless battles is banned
|rule|HP Percentage Mod: HP is shown in percentages
|teampreview
|
|start
|switch|p1a: Free Magma|Keldeo|324\/324
|switch|p2a: Ground Man|Gliscor, M|354\/354
|turn|1
|
|move|p2a: Ground Man|Protect|p2a: Ground Man
|-singleturn|p2a: Ground Man|Protect
|move|p1a: Free Magma|Scald|p2a: Ground Man
|-activate|p2a: Ground Man|Protect
|
|-status|p2a: Ground Man|tox|[from] item: Toxic Orb
|turn|2
|
|switch|p2a: Bubble Man|Greninja, M, shiny|286\/286
|move|p1a: Free Magma|Scald|p2a: Bubble Man
|-resisted|p2a: Bubble Man
|-damage|p2a: Bubble Man|151\/286
|
|turn|3
|
|move|p2a: Bubble Man|Grass Knot|p1a: Free Magma
|-start|p2a: Bubble Man|typechange|Grass|[from] Protean
|-supereffective|p1a: Free Magma
|-damage|p1a: Free Magma|56\/324
|-damage|p2a: Bubble Man|123\/286|[from] item: Life Orb
|move|p1a: Free Magma|Scald|p2a: Bubble Man
|-resisted|p2a: Bubble Man
|-damage|p2a: Bubble Man|0 fnt
|faint|p2a: Bubble Man
|
|
|switch|p2a: Green Devil|Dragonite, M, shiny|324\/324
|turn|4
|
|switch|p1a: KT|Scizor, F|344\/344
|move|p2a: Green Devil|Extreme Speed|p1a: KT
|-resisted|p1a: KT
|-damage|p1a: KT|287\/344
|
|turn|5
|
|switch|p2a: Shade Man|Gengar, M, shiny|268\/268
|move|p1a: KT|U-turn|p2a: Shade Man
|-resisted|p2a: Shade Man
|-damage|p2a: Shade Man|197\/268
|
|switch|p1a: Qi Tao|Landorus-Therian, M|339\/339
|-ability|p1a: Qi Tao|Intimidate|[of] p2a: Shade Man
|-unboost|p2a: Shade Man|atk|1
|
|-heal|p2a: Shade Man|213\/268|[from] item: Black Sludge
|turn|6
|
|switch|p2a: Ground Man|Gliscor, M|354\/354 tox
|move|p1a: Qi Tao|U-turn|p2a: Ground Man
|-resisted|p2a: Ground Man
|-damage|p2a: Ground Man|320\/354 tox
|
|switch|p1a: Free Magma|Keldeo|56\/324
|
|-heal|p2a: Ground Man|354\/354 tox|[from] ability: Poison Heal
|turn|7
|
|move|p1a: Free Magma|Scald|p2a: Ground Man
|-supereffective|p2a: Ground Man
|-damage|p2a: Ground Man|16\/354 tox
|move|p2a: Ground Man|Stealth Rock|p1a: Free Magma
|-sidestart|p1: derpderpderping|move: Stealth Rock
|
|-heal|p2a: Ground Man|60\/354 tox|[from] ability: Poison Heal
|turn|8
|
|move|p2a: Ground Man|Protect|p2a: Ground Man
|-singleturn|p2a: Ground Man|Protect
|move|p1a: Free Magma|Scald|p2a: Ground Man
|-activate|p2a: Ground Man|Protect
|
|-heal|p2a: Ground Man|104\/354 tox|[from] ability: Poison Heal
|turn|9
|
|switch|p2a: Shade Man|Gengar, M, shiny|213\/268
|move|p1a: Free Magma|Scald|p2a: Shade Man
|-damage|p2a: Shade Man|0 fnt
|faint|p2a: Shade Man
|
|
|switch|p2a: Green Devil|Dragonite, M, shiny|324\/324
|turn|10
|
|switch|p1a: KT|Scizor, F|287\/344
|-damage|p1a: KT|244\/344|[from] Stealth Rock
|move|p2a: Green Devil|Extreme Speed|p1a: KT
|-resisted|p1a: KT
|-damage|p1a: KT|186\/344
|
|turn|11
|
|move|p2a: Green Devil|Dragon Dance|p2a: Green Devil
|-boost|p2a: Green Devil|atk|1
|-boost|p2a: Green Devil|spe|1
|move|p1a: KT|U-turn|p2a: Green Devil
|-crit|p2a: Green Devil
|-resisted|p2a: Green Devil
|-damage|p2a: Green Devil|245\/324
|
|switch|p1a: Qi Tao|Landorus-Therian, M|339\/339
|-damage|p1a: Qi Tao|297\/339|[from] Stealth Rock
|-ability|p1a: Qi Tao|Intimidate|[of] p2a: Green Devil
|-unboost|p2a: Green Devil|atk|1
|
|turn|12
|
|switch|p2a: Ground Man|Gliscor, M|104\/354 tox
|move|p1a: Qi Tao|U-turn|p2a: Ground Man
|-resisted|p2a: Ground Man
|-damage|p2a: Ground Man|70\/354 tox
|join|emielvd1
|leave|emielvd1
|
|switch|p1a: Chi Tau|Latios, M|302\/302
|-damage|p1a: Chi Tau|265\/302|[from] Stealth Rock
|
|-heal|p2a: Ground Man|114\/354 tox|[from] ability: Poison Heal
|turn|13
|
|move|p2a: Ground Man|Protect|p2a: Ground Man
|-singleturn|p2a: Ground Man|Protect
|move|p1a: Chi Tau|Trick|p2a: Ground Man
|-activate|p2a: Ground Man|Protect
|
|-heal|p2a: Ground Man|158\/354 tox|[from] ability: Poison Heal
|turn|14
|
|switch|p2a: Metal Man|Metagross, shiny|321\/321
|move|p1a: Chi Tau|Trick|p2a: Metal Man
|-fail|p2a: Metal Man
|
|turn|15
|c|âderpderpderping|damn I keep forgetting this guy can be mega
|
|switch|p1a: KT|Scizor, F|186\/344
|-damage|p1a: KT|143\/344|[from] Stealth Rock
|detailschange|p2a: Metal Man|Metagross-Mega, shiny
|message|Metagross has Mega Evolved into Mega Metagross!
|move|p2a: Metal Man|Rock Polish|p2a: Metal Man
|-boost|p2a: Metal Man|spe|2
|
|turn|16
|
|move|p2a: Metal Man|Meteor Mash|p1a: KT|[miss]
|-miss|p2a: Metal Man|p1a: KT
|move|p1a: KT|Bug Bite|p2a: Metal Man
|-damage|p2a: Metal Man|140\/321
|
|turn|17
|
|move|p2a: Metal Man|Hammer Arm|p1a: KT
|-damage|p1a: KT|0 fnt
|-unboost|p2a: Metal Man|spe|1
|faint|p1a: KT
|
|
|switch|p1a: Qi Tao|Landorus-Therian, M|297\/339
|-damage|p1a: Qi Tao|255\/339|[from] Stealth Rock
|-ability|p1a: Qi Tao|Intimidate|[of] p2a: Metal Man
|-unboost|p2a: Metal Man|atk|1
|turn|18
|
|move|p2a: Metal Man|Meteor Mash|p1a: Qi Tao
|-crit|p1a: Qi Tao
|-damage|p1a: Qi Tao|0 fnt
|faint|p1a: Qi Tao
|
|
|switch|p1a: 1.cmpctfctn|Azumarill, M|404\/404
|-damage|p1a: 1.cmpctfctn|354\/404|[from] Stealth Rock
|turn|19
|
|move|p1a: 1.cmpctfctn|Aqua Jet|p2a: Metal Man
|-damage|p2a: Metal Man|50\/321
|move|p2a: Metal Man|Meteor Mash|p1a: 1.cmpctfctn
|-damage|p1a: 1.cmpctfctn|153\/404
|-boost|p2a: Metal Man|atk|1
|
|turn|20
|
|move|p1a: 1.cmpctfctn|Aqua Jet|p2a: Metal Man
|-damage|p2a: Metal Man|0 fnt
|faint|p2a: Metal Man
|
|
|switch|p2a: Green Devil|Dragonite, M, shiny|245\/324
|turn|21
|
|move|p1a: 1.cmpctfctn|Aqua Jet|p2a: Green Devil
|-resisted|p2a: Green Devil
|-damage|p2a: Green Devil|177\/324
|move|p2a: Green Devil|Earthquake|p1a: 1.cmpctfctn
|-damage|p1a: 1.cmpctfctn|6\/404
|
|turn|22
|
|move|p1a: 1.cmpctfctn|Aqua Jet|p2a: Green Devil
|-resisted|p2a: Green Devil
|-damage|p2a: Green Devil|108\/324
|move|p2a: Green Devil|Dragon Dance|p2a: Green Devil
|-boost|p2a: Green Devil|atk|1
|-boost|p2a: Green Devil|spe|1
|
|turn|23
|
|move|p2a: Green Devil|Extreme Speed|p1a: 1.cmpctfctn
|-damage|p1a: 1.cmpctfctn|0 fnt
|faint|p1a: 1.cmpctfctn
|
|
|switch|p1a: Eigenflash|Dragonite, F|386\/386
|-damage|p1a: Eigenflash|290\/386|[from] Stealth Rock
|turn|24
|
|move|p1a: Eigenflash|Extreme Speed|p2a: Green Devil
|-damage|p2a: Green Devil|0 fnt
|faint|p2a: Green Devil
|
|
|switch|p2a: Drill Man|Excadrill, M|391\/391
|-ability|p2a: Drill Man|Mold Breaker
|turn|25
|
|move|p1a: Eigenflash|Extreme Speed|p2a: Drill Man
|-resisted|p2a: Drill Man
|-damage|p2a: Drill Man|260\/391
|move|p2a: Drill Man|Rock Slide|p1a: Eigenflash
|-supereffective|p1a: Eigenflash
|-damage|p1a: Eigenflash|90\/386
|
|turn|26
|
|move|p1a: Eigenflash|Extreme Speed|p2a: Drill Man
|-resisted|p2a: Drill Man
|-damage|p2a: Drill Man|131\/391
|move|p2a: Drill Man|Rock Slide|p1a: Eigenflash
|-miss|p2a: Drill Man|p1a: Eigenflash
|
|turn|27
|
|move|p1a: Eigenflash|Extreme Speed|p2a: Drill Man
|-resisted|p2a: Drill Man
|-damage|p2a: Drill Man|2\/391
|move|p2a: Drill Man|Rock Slide|p1a: Eigenflash
|-supereffective|p1a: Eigenflash
|-damage|p1a: Eigenflash|0 fnt
|faint|p1a: Eigenflash
|
|
|switch|p1a: Free Magma|Keldeo|56\/324
|-damage|p1a: Free Magma|36\/324|[from] Stealth Rock
|turn|28
|
|move|p1a: Free Magma|Scald|p2a: Drill Man
|-supereffective|p2a: Drill Man
|-damage|p2a: Drill Man|0 fnt
|faint|p2a: Drill Man
|
|
|switch|p2a: Ground Man|Gliscor, M|158\/354 tox
|turn|29
|
|move|p2a: Ground Man|Protect|p2a: Ground Man
|-singleturn|p2a: Ground Man|Protect
|move|p1a: Free Magma|Scald|p2a: Ground Man
|-activate|p2a: Ground Man|Protect
|
|-heal|p2a: Ground Man|202\/354 tox|[from] ability: Poison Heal
|turn|30
|-message|BenTheDemon forfeited.
|
|win|derpderpderping
|raw|Ladder updating...
|leave|BenTheDemon
|player|p2
|raw|derpderpderping's rating: 1203 &rarr; <strong>1230<\/strong><br \/>(+27 for winning)
|raw|BenTheDemon's rating: 1225 &rarr; <strong>1198<\/strong><br \/>(-27 for losing)