|join|LegitCricket
|join|BenTheDemon
|player|p1|LegitCricket|33
|player|p2|BenTheDemon|53
|gametype|singles
|gen|6
|tier|OU
|clearpoke
|poke|p1|Charizard, M
|poke|p1|Gengar, M
|poke|p1|Thundurus-Therian, M
|poke|p1|Talonflame, F
|poke|p1|Breloom, M
|poke|p1|Gliscor, M
|poke|p2|Dragonite, M, shiny
|poke|p2|Greninja, M, shiny
|poke|p2|Mandibuzz, F, shiny
|poke|p2|Charizard, M
|poke|p2|Excadrill, M
|poke|p2|Gengar, M, shiny
|rule|Swagger Clause: Swagger is banned
|rule|Baton Pass Clause: Limit one PokÃ©mon knowing Baton Pass
|rule|Sleep Clause Mod: Limit one foe put to sleep
|rule|Species Clause: Limit one of each PokÃ©mon
|rule|OHKO Clause: OHKO moves are banned
|rule|Moody Clause: Moody is banned
|rule|Evasion Moves Clause: Evasion moves are banned
|rule|Endless Battle Clause: Forcing endless battles is banned
|rule|HP Percentage Mod: HP is reported as percentages
|teampreview
|
|start
|switch|p1a: Gengar|Gengar, M|261\/261
|switch|p2a: Shadow Man|Gengar, M, shiny|262\/262
|turn|1
|
|move|p2a: Shadow Man|Shadow Ball|p1a: Gengar
|-supereffective|p1a: Gengar
|-damage|p1a: Gengar|0 fnt
|faint|p1a: Gengar
|
|
|switch|p1a: Talonflame|Talonflame, F|297\/297
|turn|2
|
|move|p1a: Talonflame|Bulk Up|p1a: Talonflame
|-boost|p1a: Talonflame|atk|1
|-boost|p1a: Talonflame|def|1
|move|p2a: Shadow Man|Taunt|p1a: Talonflame
|-start|p1a: Talonflame|move: Taunt
|
|turn|3
|
|move|p1a: Talonflame|Brave Bird|p2a: Shadow Man
|-enditem|p2a: Shadow Man|Focus Sash
|-damage|p2a: Shadow Man|1\/262
|-damage|p1a: Talonflame|211\/297|[from] recoil|[of] p2a: Shadow Man
|-damage|p1a: Talonflame|182\/297|[from] item: Life Orb
|move|p2a: Shadow Man|Counter|p1a: Talonflame
|-damage|p1a: Talonflame|0 fnt
|faint|p1a: Talonflame
|
|
|switch|p1a: Charizard|Charizard, M|297\/297
|turn|4
|
|detailschange|p1a: Charizard|Charizard-Mega-X, M
|message|Charizard has Mega Evolved into Mega Charizard!
|move|p2a: Shadow Man|Taunt|p1a: Charizard
|-start|p1a: Charizard|move: Taunt
|move|p1a: Charizard|Dragon Claw|p2a: Shadow Man
|-damage|p2a: Shadow Man|0 fnt
|faint|p2a: Shadow Man
|
|
|switch|p2a: Green Devil|Dragonite, M, shiny|324\/324
|turn|5
|
|move|p1a: Charizard|Dragon Claw|p2a: Green Devil
|-supereffective|p2a: Green Devil
|-damage|p2a: Green Devil|114\/324
|-enditem|p2a: Green Devil|Weakness Policy
|-boost|p2a: Green Devil|atk|2|[from] item: Weakness Policy
|-boost|p2a: Green Devil|spa|2|[from] item: Weakness Policy
|move|p2a: Green Devil|Dragon Claw|p1a: Charizard
|-supereffective|p1a: Charizard
|-damage|p1a: Charizard|0 fnt
|faint|p1a: Charizard
|
|
|switch|p1a: Breloom|Breloom, M|261\/261
|turn|6
|
|move|p2a: Green Devil|Extreme Speed|p1a: Breloom
|-damage|p1a: Breloom|0 fnt
|faint|p1a: Breloom
|
|
|switch|p1a: Thundurus-Therian|Thundurus-Therian, M|299\/299
|turn|7
|
|move|p2a: Green Devil|Extreme Speed|p1a: Thundurus-Therian
|-damage|p1a: Thundurus-Therian|0 fnt
|faint|p1a: Thundurus-Therian
|
|
|switch|p1a: Gliscor|Gliscor, M|291\/291
|turn|8
|
|move|p1a: Gliscor|Toxic|p2a: Green Devil
|-status|p2a: Green Devil|tox
|move|p2a: Green Devil|Dragon Claw|p1a: Gliscor
|-crit|p1a: Gliscor
|-damage|p1a: Gliscor|0 fnt
|faint|p1a: Gliscor
|
|win|BenTheDemon
|leave|LegitCricket
|player|p1