|join|SL) VetDancX
|join|BenTheDemon
|player|p1|SL) VetDancX|265
|player|p2|BenTheDemon|53
|gametype|singles
|gen|6
|tier|OU
|rated
|clearpoke
|poke|p1|Latias, F, shiny
|poke|p1|Milotic, F
|poke|p1|Excadrill, M
|poke|p1|Gyarados, M
|poke|p1|Heatran, M
|poke|p1|Scizor, F
|poke|p2|Dragonite, M, shiny
|poke|p2|Greninja, M, shiny
|poke|p2|Charizard, M
|poke|p2|Excadrill, M
|poke|p2|Gliscor, M
|poke|p2|Gengar, M, shiny
|rule|Swagger Clause: Swagger is banned
|rule|Baton Pass Clause: Limit one PokÃ©mon knowing Baton Pass
|rule|Sleep Clause Mod: Limit one foe put to sleep
|rule|Species Clause: Limit one of each PokÃ©mon
|rule|OHKO Clause: OHKO moves are banned
|rule|Moody Clause: Moody is banned
|rule|Evasion Moves Clause: Evasion moves are banned
|rule|Endless Battle Clause: Forcing endless battles is banned
|rule|HP Percentage Mod: HP is shown in percentages
|teampreview
|c|âBenTheDemon|This is the 3rd fucking Stall team I've seen in a row.
|
|start
|switch|p1a: Isabella|Milotic, F|394\/394
|switch|p2a: Ground Man|Gliscor, M|354\/354
|turn|1
|
|move|p2a: Ground Man|Protect|p2a: Ground Man
|-singleturn|p2a: Ground Man|Protect
|move|p1a: Isabella|Scald|p2a: Ground Man
|-activate|p2a: Ground Man|Protect
|
|-status|p2a: Ground Man|tox|[from] item: Toxic Orb
|turn|2
|
|switch|p1a: Hades|Heatran, M|324\/324
|-item|p1a: Hades|Air Balloon
|move|p2a: Ground Man|Toxic|p1a: Hades
|-fail|p1a: Hades
|
|turn|3
|
|move|p1a: Hades|Stealth Rock|p2a: Ground Man
|-sidestart|p2: BenTheDemon|move: Stealth Rock
|move|p2a: Ground Man|Stealth Rock|p1a: Hades
|-sidestart|p1: SL) VetDancX|move: Stealth Rock
|
|turn|4
|
|move|p2a: Ground Man|Protect|p2a: Ground Man
|-singleturn|p2a: Ground Man|Protect
|move|p1a: Hades|Fire Blast|p2a: Ground Man
|-activate|p2a: Ground Man|Protect
|
|turn|5
|
|switch|p2a: Bubble Man|Greninja, M, shiny|286\/286
|-damage|p2a: Bubble Man|251\/286|[from] Stealth Rock
|move|p1a: Hades|Fire Blast|p2a: Bubble Man
|-resisted|p2a: Bubble Man
|-damage|p2a: Bubble Man|118\/286
|-status|p2a: Bubble Man|brn
|
|-damage|p2a: Bubble Man|83\/286 brn|[from] brn
|turn|6
|
|switch|p1a: Isabella|Milotic, F|394\/394
|-damage|p1a: Isabella|345\/394|[from] Stealth Rock
|move|p2a: Bubble Man|Hydro Pump|p1a: Isabella
|-start|p2a: Bubble Man|typechange|Water|[from] Protean
|-resisted|p1a: Isabella
|-damage|p1a: Isabella|253\/394
|-damage|p2a: Bubble Man|55\/286 brn|[from] item: Life Orb
|
|-heal|p1a: Isabella|277\/394|[from] item: Leftovers
|-damage|p2a: Bubble Man|20\/286 brn|[from] brn
|turn|7
|
|move|p2a: Bubble Man|Grass Knot|p1a: Isabella
|-start|p2a: Bubble Man|typechange|Grass|[from] Protean
|-supereffective|p1a: Isabella
|-damage|p1a: Isabella|0 fnt
|-damage|p2a: Bubble Man|0 fnt|[from] item: Life Orb
|faint|p1a: Isabella
|faint|p2a: Bubble Man
|
|
|switch|p2a: Drill Man|Excadrill, M|391\/391
|-damage|p2a: Drill Man|379\/391|[from] Stealth Rock
|switch|p1a: Red|Scizor, F|344\/344
|-damage|p1a: Red|301\/344|[from] Stealth Rock
|-ability|p2a: Drill Man|Mold Breaker
|turn|8
|
|move|p2a: Drill Man|Rapid Spin|p1a: Red
|-resisted|p1a: Red
|-damage|p1a: Red|289\/344
|-sideend|p2: BenTheDemon|Stealth Rock|[from] move: Rapid Spin|[of] p2a: Drill Man
|move|p1a: Red|Superpower|p2a: Drill Man
|-supereffective|p2a: Drill Man
|-damage|p2a: Drill Man|0 fnt
|-unboost|p1a: Red|atk|1
|-unboost|p1a: Red|def|1
|faint|p2a: Drill Man
|
|
|switch|p2a: Green Devil|Dragonite, M, shiny|324\/324
|turn|9
|
|switch|p1a: Hades|Heatran, M|324\/324
|-damage|p1a: Hades|284\/324|[from] Stealth Rock
|-item|p1a: Hades|Air Balloon
|move|p2a: Green Devil|Dragon Dance|p2a: Green Devil
|-boost|p2a: Green Devil|atk|1
|-boost|p2a: Green Devil|spe|1
|
|turn|10
|
|move|p2a: Green Devil|Dragon Claw|p1a: Hades
|-resisted|p1a: Hades
|-damage|p1a: Hades|171\/324
|-enditem|p1a: Hades|Air Balloon
|move|p1a: Hades|Will-O-Wisp|p2a: Green Devil
|-status|p2a: Green Devil|brn
|
|-damage|p2a: Green Devil|284\/324 brn|[from] brn
|turn|11
|
|move|p2a: Green Devil|Earthquake|p1a: Hades
|-supereffective|p1a: Hades
|-damage|p1a: Hades|0 fnt
|faint|p1a: Hades
|
|-damage|p2a: Green Devil|244\/324 brn|[from] brn
|
|switch|p1a: Excabron!|Excadrill, M|362\/362
|-damage|p1a: Excabron!|351\/362|[from] Stealth Rock
|-ability|p1a: Excabron!|Mold Breaker
|turn|12
|
|move|p1a: Excabron!|Rapid Spin|p2a: Green Devil
|-damage|p2a: Green Devil|217\/324 brn
|-sideend|p1: SL) VetDancX|Stealth Rock|[from] move: Rapid Spin|[of] p1a: Excabron!
|move|p2a: Green Devil|Earthquake|p1a: Excabron!
|-supereffective|p1a: Excabron!
|-damage|p1a: Excabron!|63\/362
|
|-damage|p2a: Green Devil|177\/324 brn|[from] brn
|turn|13
|
|switch|p1a: VetDancX|Gyarados, M|332\/332
|-ability|p1a: VetDancX|Intimidate|[of] p2a: Green Devil
|-unboost|p2a: Green Devil|atk|1
|move|p2a: Green Devil|Earthquake|p1a: VetDancX
|-immune|p1a: VetDancX|[msg]
|
|-damage|p2a: Green Devil|137\/324 brn|[from] brn
|turn|14
|
|detailschange|p1a: VetDancX|Gyarados-Mega, M
|message|Gyarados has Mega Evolved into Mega Gyarados!
|-ability|p1a: VetDancX|Mold Breaker
|move|p2a: Green Devil|Dragon Claw|p1a: VetDancX
|-damage|p1a: VetDancX|250\/332
|move|p1a: VetDancX|Dragon Dance|p1a: VetDancX
|-boost|p1a: VetDancX|atk|1
|-boost|p1a: VetDancX|spe|1
|
|-damage|p2a: Green Devil|97\/324 brn|[from] brn
|turn|15
|
|move|p1a: VetDancX|Dragon Dance|p1a: VetDancX
|-boost|p1a: VetDancX|atk|1
|-boost|p1a: VetDancX|spe|1
|move|p2a: Green Devil|Dragon Claw|p1a: VetDancX
|-damage|p1a: VetDancX|168\/332
|
|-damage|p2a: Green Devil|57\/324 brn|[from] brn
|turn|16
|
|move|p2a: Green Devil|Extreme Speed|p1a: VetDancX
|-damage|p1a: VetDancX|119\/332
|move|p1a: VetDancX|Waterfall|p2a: Green Devil
|-resisted|p2a: Green Devil
|-damage|p2a: Green Devil|0 fnt
|faint|p2a: Green Devil
|
|
|switch|p2a: Ground Man|Gliscor, M|354\/354 tox
|turn|17
|
|move|p1a: VetDancX|Ice Fang|p2a: Ground Man
|-supereffective|p2a: Ground Man
|-damage|p2a: Ground Man|0 fnt
|faint|p2a: Ground Man
|
|
|switch|p2a: Shade Man|Gengar, M, shiny|268\/268
|turn|18
|
|move|p1a: VetDancX|Earthquake|p2a: Shade Man
|-supereffective|p2a: Shade Man
|-damage|p2a: Shade Man|0 fnt
|faint|p2a: Shade Man
|
|
|switch|p2a: Flame Man|Charizard, M|298\/298
|turn|19
|
|detailschange|p2a: Flame Man|Charizard-Mega-X, M
|message|Charizard has Mega Evolved into Mega Charizard!
|move|p1a: VetDancX|Waterfall|p2a: Flame Man
|-damage|p2a: Flame Man|0 fnt
|faint|p2a: Flame Man
|
|win|SL) VetDancX
|raw|Ladder updating...
|raw|SL) VetDancX's rating: 1715 &rarr; <strong>1728<\/strong><br \/>(+13 for winning)
|raw|BenTheDemon's rating: 1583 &rarr; <strong>1571<\/strong><br \/>(-12 for losing)
|leave|BenTheDemon
|player|p2