|join|Absox3
|join|BenTheDemon
|player|p1|Absox3|1
|player|p2|BenTheDemon|240
|gametype|singles
|gen|6
|tier|OU
|rated
|clearpoke
|poke|p1|Zapdos
|poke|p1|Dragonite, F
|poke|p1|Tyranitar, M
|poke|p1|Mamoswine, F
|poke|p1|Heatran, M
|poke|p1|Jirachi
|poke|p2|Dragonite, M, shiny
|poke|p2|Greninja, M, shiny
|poke|p2|Mandibuzz, F, shiny
|poke|p2|Charizard, M, shiny
|poke|p2|Bisharp, M, shiny
|poke|p2|Gengar, M, shiny
|rule|Sleep Clause Mod: Limit one foe put to sleep
|rule|Species Clause: Limit one of each Pokemon
|rule|OHKO Clause: OHKO moves are banned
|rule|Moody Clause: Moody is banned
|rule|Evasion Moves Clause: Evasion moves are banned
|rule|Endless Battle Clause: Forcing endless battles is banned.
|rule|HP Percentage Mod: HP is reported as percentages
|teampreview
|chat|Absox3|glhf
|
|start
|switch|p1a: Zapdos|Zapdos|384\/384
|switch|p2a: Bubble Man|Greninja, M, shiny|286\/286
|-ability|p1a: Zapdos|Pressure
|turn|1
|
|switch|p1a: Jirachi|Jirachi|341\/341
|-start|p2a: Bubble Man|typechange|Ice|[from] Protean
|move|p2a: Bubble Man|Ice Beam|p1a: Jirachi
|-resisted|p1a: Jirachi
|-damage|p1a: Jirachi|258\/341
|-damage|p2a: Bubble Man|258\/286|[from] item: Life Orb
|
|turn|2
|
|move|p1a: Jirachi|Iron Head|p2a: Bubble Man
|-crit|p2a: Bubble Man
|-supereffective|p2a: Bubble Man
|-damage|p2a: Bubble Man|0 fnt
|faint|p2a: Bubble Man
|
|
|switch|p2a: Flame Man|Charizard, M, shiny|297\/297
|turn|3
|
|switch|p1a: Tyranitar|Tyranitar, M|404\/404
|-weather|Sandstorm
|-formechange|p2a: Flame Man|Charizard-Mega-Y
|message|Charizard has Mega Evolved into Mega Charizard!
|-weather|SunnyDay
|move|p2a: Flame Man|Fire Blast|p1a: Tyranitar
|-resisted|p1a: Tyranitar
|-damage|p1a: Tyranitar|224\/404
|
|-weather|SunnyDay|[upkeep]
|turn|4
|
|-formechange|p1a: Tyranitar|Tyranitar-Mega
|message|Tyranitar has Mega Evolved into Mega Tyranitar!
|-weather|Sandstorm
|move|p2a: Flame Man|Focus Blast|p1a: Tyranitar|[miss]
|-miss|p2a: Flame Man|p1a: Tyranitar
|move|p1a: Tyranitar|Stone Edge|p2a: Flame Man
|-supereffective|p2a: Flame Man
|-damage|p2a: Flame Man|0 fnt
|faint|p2a: Flame Man
|
|-weather|Sandstorm|[upkeep]
|
|switch|p2a: Yellow Devil|Dragonite, M, shiny|386\/386
|turn|5
|
|move|p2a: Yellow Devil|Dragon Dance|p2a: Yellow Devil
|-boost|p2a: Yellow Devil|atk|1
|-boost|p2a: Yellow Devil|spe|1
|move|p1a: Tyranitar|Stealth Rock|p2a: Yellow Devil
|-sidestart|p2: BenTheDemon|move: Stealth Rock
|
|-weather|Sandstorm|[upkeep]
|-damage|p2a: Yellow Devil|362\/386|[from] sandstorm
|turn|6
|
|move|p2a: Yellow Devil|Earthquake|p1a: Tyranitar
|-supereffective|p1a: Tyranitar
|-damage|p1a: Tyranitar|58\/404
|move|p1a: Tyranitar|Stone Edge|p2a: Yellow Devil
|-supereffective|p2a: Yellow Devil
|-damage|p2a: Yellow Devil|0 fnt
|faint|p2a: Yellow Devil
|
|-weather|Sandstorm|[upkeep]
|-message|BenTheDemon forfeited.
|
|win|Absox3
|raw|Ladder updating...
|leave|BenTheDemon
|player|p2
|raw|Absox3's rating: 1507 &rarr; <strong>1529<\/strong><br \/>(+22 for winning)
|raw|BenTheDemon's rating: 1545 &rarr; <strong>1523<\/strong><br \/>(-22 for losing)