|join|Fixdswine
|join|BenTheDemon
|player|p1|Fixdswine|169
|player|p2|BenTheDemon|240
|gametype|singles
|gen|6
|tier|OU
|rated
|clearpoke
|poke|p1|Diggersby, M
|poke|p1|Heatran, M, shiny
|poke|p1|Infernape, M
|poke|p1|Latios, M
|poke|p1|Skarmory, F
|poke|p1|Gyarados, M, shiny
|poke|p2|Dragonite, M, shiny
|poke|p2|Greninja, M, shiny
|poke|p2|Mandibuzz, F, shiny
|poke|p2|Charizard, M, shiny
|poke|p2|Excadrill, M
|poke|p2|Gengar, M, shiny
|rule|Swagger Clause: Swagger is banned
|rule|Baton Pass Clause: Limit one PokÃ©mon knowing Baton Pass
|rule|Sleep Clause Mod: Limit one foe put to sleep
|rule|Species Clause: Limit one of each PokÃ©mon
|rule|OHKO Clause: OHKO moves are banned
|rule|Moody Clause: Moody is banned
|rule|Evasion Moves Clause: Evasion moves are banned
|rule|Endless Battle Clause: Forcing endless battles is banned
|rule|HP Percentage Mod: HP is reported as percentages
|teampreview
|
|start
|switch|p1a: Diggersby|Diggersby, M|311\/311
|switch|p2a: Bubble Man|Greninja, M, shiny|286\/286
|turn|1
|
|switch|p2a: Shadow Man|Gengar, M, shiny|262\/262
|move|p1a: Diggersby|U-turn|p2a: Shadow Man
|-resisted|p2a: Shadow Man
|-damage|p2a: Shadow Man|222\/262
|
|switch|p1a: Heatran|Heatran, M, shiny|386\/386
|
|turn|2
|
|move|p2a: Shadow Man|Taunt|p1a: Heatran
|-start|p1a: Heatran|move: Taunt
|move|p1a: Heatran|Lava Plume|p2a: Shadow Man
|-damage|p2a: Shadow Man|78\/262
|-status|p2a: Shadow Man|brn
|
|-damage|p2a: Shadow Man|46\/262 brn|[from] brn
|turn|3
|
|switch|p1a: Diggersby|Diggersby, M|311\/311
|move|p2a: Shadow Man|Destiny Bond|p2a: Shadow Man
|-singlemove|p2a: Shadow Man|Destiny Bond
|
|-damage|p2a: Shadow Man|14\/262 brn|[from] brn
|turn|4
|
|switch|p1a: Heatran|Heatran, M, shiny|386\/386
|move|p2a: Shadow Man|Destiny Bond|p2a: Shadow Man
|-singlemove|p2a: Shadow Man|Destiny Bond
|
|-damage|p2a: Shadow Man|0 fnt|[from] brn
|faint|p2a: Shadow Man
|
|switch|p2a: Metal Man|Excadrill, M|362\/362
|-ability|p2a: Metal Man|Mold Breaker
|turn|5
|
|switch|p2a: Flame Man|Charizard, M, shiny|298\/298
|switch|p1a: Skarmory|Skarmory, F|334\/334
|
|turn|6
|
|detailschange|p2a: Flame Man|Charizard-Mega-Y, M, shiny
|message|Charizard has Mega Evolved into Mega Charizard!
|-weather|SunnyDay
|move|p2a: Flame Man|Focus Blast|p1a: Skarmory|[miss]
|-miss|p2a: Flame Man|p1a: Skarmory
|move|p1a: Skarmory|Stealth Rock|p2a: Flame Man
|-sidestart|p2: BenTheDemon|move: Stealth Rock
|
|-weather|SunnyDay|[upkeep]
|turn|7
|
|switch|p1a: Heatran|Heatran, M, shiny|386\/386
|move|p2a: Flame Man|Fire Blast|p1a: Heatran
|-start|p1a: Heatran|ability: Flash Fire
|
|-weather|SunnyDay|[upkeep]
|turn|8
|
|move|p2a: Flame Man|Focus Blast|p1a: Heatran|[miss]
|-miss|p2a: Flame Man|p1a: Heatran
|move|p1a: Heatran|Toxic|p2a: Flame Man
|-status|p2a: Flame Man|tox
|
|-weather|SunnyDay|[upkeep]
|-damage|p2a: Flame Man|280\/298 tox|[from] psn
|turn|9
|
|move|p2a: Flame Man|Dragon Pulse|p1a: Heatran
|-resisted|p1a: Heatran
|-damage|p1a: Heatran|343\/386
|move|p1a: Heatran|Lava Plume|p2a: Flame Man
|-resisted|p2a: Flame Man
|-damage|p2a: Flame Man|153\/298 tox
|
|-weather|SunnyDay|[upkeep]
|-heal|p1a: Heatran|367\/386|[from] item: Leftovers
|-damage|p2a: Flame Man|117\/298 tox|[from] psn
|turn|10
|
|move|p2a: Flame Man|Focus Blast|p1a: Heatran|[miss]
|-miss|p2a: Flame Man|p1a: Heatran
|move|p1a: Heatran|Lava Plume|p2a: Flame Man
|-resisted|p2a: Flame Man
|-damage|p2a: Flame Man|4\/298 tox
|
|-weather|none
|-heal|p1a: Heatran|386\/386|[from] item: Leftovers
|-damage|p2a: Flame Man|0 fnt|[from] psn
|faint|p2a: Flame Man
|chat|Fixdswine|holy cow
|chat|BenTheDemon|Well shit.
|chat|Fixdswine|that sucked
|chat|BenTheDemon|You trying to ladder?
|chat|Fixdswine|yeah
|
|switch|p2a: Bubble Man|Greninja, M, shiny|286\/286
|-damage|p2a: Bubble Man|251\/286|[from] Stealth Rock
|turn|11
|
|move|p2a: Bubble Man|Hydro Pump|p1a: Heatran
|-start|p2a: Bubble Man|typechange|Water|[from] Protean
|-supereffective|p1a: Heatran
|-damage|p1a: Heatran|79\/386
|-damage|p2a: Bubble Man|223\/286|[from] item: Life Orb
|move|p1a: Heatran|Lava Plume|p2a: Bubble Man
|-resisted|p2a: Bubble Man
|-damage|p2a: Bubble Man|112\/286
|
|-heal|p1a: Heatran|103\/386|[from] item: Leftovers
|turn|12
|
|move|p2a: Bubble Man|Dark Pulse|p1a: Heatran
|-start|p2a: Bubble Man|typechange|Dark|[from] Protean
|-damage|p1a: Heatran|0 fnt
|-damage|p2a: Bubble Man|84\/286|[from] item: Life Orb
|faint|p1a: Heatran
|
|
|switch|p1a: Infernape|Infernape, M|293\/293
|turn|13
|
|switch|p2a: Splash Woman|Mandibuzz, F, shiny|424\/424
|-damage|p2a: Splash Woman|318\/424|[from] Stealth Rock
|move|p1a: Infernape|Mach Punch|p2a: Splash Woman
|-crit|p2a: Splash Woman
|-damage|p2a: Splash Woman|209\/424
|-damage|p1a: Infernape|264\/293|[from] item: Life Orb
|
|-heal|p2a: Splash Woman|235\/424|[from] item: Leftovers
|turn|14
|
|move|p1a: Infernape|Fire Blast|p2a: Splash Woman
|-damage|p2a: Splash Woman|82\/424
|-damage|p1a: Infernape|235\/293|[from] item: Life Orb
|move|p2a: Splash Woman|Defog|p1a: Infernape
|-unboost|p1a: Infernape|evasion|1
|-sideend|p2: BenTheDemon|Stealth Rock|[from] move: Defog|[of] p2a: Splash Woman
|
|-heal|p2a: Splash Woman|108\/424|[from] item: Leftovers
|turn|15
|
|move|p1a: Infernape|Close Combat|p2a: Splash Woman
|-damage|p2a: Splash Woman|0 fnt
|-unboost|p1a: Infernape|def|1
|-unboost|p1a: Infernape|spd|1
|-damage|p1a: Infernape|206\/293|[from] item: Life Orb
|faint|p2a: Splash Woman
|
|
|switch|p2a: Green Devil|Dragonite, M, shiny|324\/324
|turn|16
|
|switch|p1a: Skarmory|Skarmory, F|334\/334
|switch|p2a: Bubble Man|Greninja, M, shiny|84\/286
|
|turn|17
|
|move|p2a: Bubble Man|Dark Pulse|p1a: Skarmory
|-start|p2a: Bubble Man|typechange|Dark|[from] Protean
|-damage|p1a: Skarmory|120\/334
|-damage|p2a: Bubble Man|56\/286|[from] item: Life Orb
|move|p1a: Skarmory|Stealth Rock|p2a: Bubble Man
|-sidestart|p2: BenTheDemon|move: Stealth Rock
|
|turn|18
|
|move|p2a: Bubble Man|Dark Pulse|p1a: Skarmory
|-damage|p1a: Skarmory|0 fnt
|-damage|p2a: Bubble Man|28\/286|[from] item: Life Orb
|faint|p1a: Skarmory
|
|
|switch|p1a: Gyarados|Gyarados, M, shiny|341\/341
|turn|19
|
|move|p2a: Bubble Man|Dark Pulse|p1a: Gyarados
|-damage|p1a: Gyarados|172\/341
|-damage|p2a: Bubble Man|0 fnt|[from] item: Life Orb
|faint|p2a: Bubble Man
|move|p1a: Gyarados|Dragon Dance|p1a: Gyarados
|-boost|p1a: Gyarados|atk|1
|-boost|p1a: Gyarados|spe|1
|
|
|switch|p2a: Metal Man|Excadrill, M|362\/362
|-damage|p2a: Metal Man|351\/362|[from] Stealth Rock
|-ability|p2a: Metal Man|Mold Breaker
|turn|20
|
|detailschange|p1a: Gyarados|Gyarados-Mega, M, shiny
|message|Gyarados has Mega Evolved into Mega Gyarados!
|-ability|p1a: Gyarados|Mold Breaker
|move|p1a: Gyarados|Waterfall|p2a: Metal Man
|-crit|p2a: Metal Man
|-supereffective|p2a: Metal Man
|-damage|p2a: Metal Man|0 fnt
|faint|p2a: Metal Man
|
|-message|BenTheDemon forfeited.
|
|win|Fixdswine
|raw|Ladder updating...
|leave|BenTheDemon
|raw|Fixdswine's rating: 1682 &rarr; <strong>1700<\/strong><br \/>(+18 for winning)
|raw|BenTheDemon's rating: 1641 &rarr; <strong>1623<\/strong><br \/>(-18 for losing)
|player|p2