|join|BenTheDemon
|join|dorian8x
|player|p1|BenTheDemon|240
|player|p2|dorian8x|170
|gametype|singles
|gen|6
|tier|OU
|rated
|clearpoke
|poke|p1|Dragonite, M
|poke|p1|Rotom-Wash
|poke|p1|Aegislash, M
|poke|p1|Charizard, M
|poke|p1|Excadrill, M
|poke|p1|Gengar, M
|poke|p2|Sableye, M
|poke|p2|Weavile, F
|poke|p2|Greninja, M
|poke|p2|Cofagrigus, M, shiny
|poke|p2|Darmanitan, M
|poke|p2|Manectric, M, shiny
|rule|Sleep Clause Mod: Limit one foe put to sleep
|rule|Species Clause: Limit one of each Pokemon
|rule|OHKO Clause: OHKO moves are banned
|rule|Moody Clause: Moody is banned
|rule|Evasion Moves Clause: Evasion moves are banned
|rule|Endless Battle Clause: Forcing endless battles is banned.
|rule|HP Percentage Mod: HP is reported as percentages
|teampreview
|chat|BenTheDemon|Dorian from IRC?
|
|start
|switch|p1a: Flame Man|Charizard, M|297\/297
|switch|p2a: N.A.C.J.A.C.|Manectric, M, shiny|282\/282
|turn|1
|chat|dorian8x|I don't think so...  ^^
|
|switch|p1a: Drill Man|Excadrill, M|405\/405
|-ability|p1a: Drill Man|Mold Breaker
|-formechange|p2a: N.A.C.J.A.C.|Manectric-Mega
|message|Manectric has Mega Evolved into Mega Manectric!
|-ability|p2a: N.A.C.J.A.C.|Intimidate|[of] p1a: Drill Man
|-unboost|p1a: Drill Man|atk|1
|move|p2a: N.A.C.J.A.C.|Volt Switch|p1a: Drill Man
|-immune|p1a: Drill Man|[msg]
|
|turn|2
|chat|BenTheDemon|Damn.
|
|move|p2a: N.A.C.J.A.C.|Flamethrower|p1a: Drill Man
|-supereffective|p1a: Drill Man
|-damage|p1a: Drill Man|169\/405
|move|p1a: Drill Man|Stealth Rock|p2a: N.A.C.J.A.C.
|-sidestart|p2: dorian8x|move: Stealth Rock
|
|-heal|p1a: Drill Man|194\/405|[from] item: Leftovers
|turn|3
|chat|BenTheDemon|My rank went down the shitter today.
|
|switch|p1a: Elec Man|Rotom-Wash|304\/304
|move|p2a: N.A.C.J.A.C.|Flamethrower|p1a: Elec Man
|-resisted|p1a: Elec Man
|-damage|p1a: Elec Man|250\/304
|
|-heal|p1a: Elec Man|269\/304|[from] item: Leftovers
|turn|4
|chat|dorian8x|lol
|chat|dorian8x|I keep growing instead =)
|chat|BenTheDemon|Not really funny.
|
|move|p2a: N.A.C.J.A.C.|Volt Switch|p1a: Elec Man
|-damage|p1a: Elec Man|149\/304
|chat|BenTheDemon|I was right at 1700.
|
|switch|p2a: Yami|Cofagrigus, M, shiny|320\/320
|-damage|p2a: Yami|280\/320|[from] Stealth Rock
|move|p1a: Elec Man|Hydro Pump|p2a: Yami
|-damage|p2a: Yami|154\/320
|
|-heal|p1a: Elec Man|168\/304|[from] item: Leftovers
|turn|5
|
|move|p1a: Elec Man|Will-O-Wisp|p2a: Yami
|-status|p2a: Yami|brn
|move|p2a: Yami|Energy Ball|p1a: Elec Man
|-supereffective|p1a: Elec Man
|-damage|p1a: Elec Man|0 fnt
|faint|p1a: Elec Man
|
|-damage|p2a: Yami|114\/320 brn|[from] brn
|chat|BenTheDemon|Now I'm 1569.
|
|switch|p1a: Sword Man|Aegislash, M|324\/324
|turn|6
|
|-formechange|p1a: Sword Man|Aegislash-Blade
|move|p1a: Sword Man|Shadow Sneak|p2a: Yami
|-supereffective|p2a: Yami
|-damage|p2a: Yami|0 fnt
|faint|p2a: Yami
|
|chat|dorian8x|wow, 1700
|chat|dorian8x|I've never been there ^^
|chat|BenTheDemon|Yea. It fell a lot today.
|
|switch|p2a: Blazing D.|Darmanitan, M|351\/351
|-damage|p2a: Blazing D.|264\/351|[from] Stealth Rock
|-item|p2a: Blazing D.|Air Balloon
|turn|7
|
|-formechange|p1a: Sword Man|Aegislash
|move|p1a: Sword Man|King's Shield|p1a: Sword Man
|-singleturn|p1a: Sword Man|Protect
|move|p2a: Blazing D.|Fire Punch|p1a: Sword Man
|-activate|p1a: Sword Man|Protect
|-unboost|p2a: Blazing D.|atk|2
|
|turn|8
|
|move|p2a: Blazing D.|Fire Punch|p1a: Sword Man
|-supereffective|p1a: Sword Man
|-damage|p1a: Sword Man|186\/324
|-enditem|p1a: Sword Man|Weakness Policy
|-boost|p1a: Sword Man|atk|2|[from] item: Weakness Policy
|-boost|p1a: Sword Man|spa|2|[from] item: Weakness Policy
|-formechange|p1a: Sword Man|Aegislash-Blade
|move|p1a: Sword Man|Sacred Sword|p2a: Blazing D.
|-damage|p2a: Blazing D.|0 fnt
|-enditem|p2a: Blazing D.|Air Balloon
|faint|p2a: Blazing D.
|
|
|switch|p2a: N.A.C.J.A.C.|Manectric, M, shiny|282\/282
|-formechange|p2a: N.A.C.J.A.C.|Manectric-Mega
|-damage|p2a: N.A.C.J.A.C.|247\/282|[from] Stealth Rock
|-ability|p2a: N.A.C.J.A.C.|Intimidate|[of] p1a: Sword Man
|-unboost|p1a: Sword Man|atk|1
|turn|9
|chat|BenTheDemon|The stress of falling doesn't help in battles.
|
|move|p1a: Sword Man|Shadow Sneak|p2a: N.A.C.J.A.C.
|-damage|p2a: N.A.C.J.A.C.|97\/282
|move|p2a: N.A.C.J.A.C.|Flamethrower|p1a: Sword Man
|-supereffective|p1a: Sword Man
|-damage|p1a: Sword Man|0 fnt
|faint|p1a: Sword Man
|
|
|switch|p1a: Yellow Devil|Dragonite, M|386\/386
|turn|10
|
|move|p2a: N.A.C.J.A.C.|Volt Switch|p1a: Yellow Devil
|-damage|p1a: Yellow Devil|319\/386
|chat|dorian8x|yeah, I know that
|
|switch|p2a: 7|Sableye, M|304\/304
|-damage|p2a: 7|266\/304|[from] Stealth Rock
|move|p1a: Yellow Devil|Dragon Dance|p1a: Yellow Devil
|-boost|p1a: Yellow Devil|atk|1
|-boost|p1a: Yellow Devil|spe|1
|
|-heal|p2a: 7|285\/304|[from] item: Leftovers
|turn|11
|
|switch|p1a: Flame Man|Charizard, M|297\/297
|move|p2a: 7|Will-O-Wisp|p1a: Flame Man
|-fail|p1a: Flame Man
|
|-heal|p2a: 7|304\/304|[from] item: Leftovers
|turn|12
|
|switch|p2a: Greninja|Greninja, M|286\/286
|-damage|p2a: Greninja|251\/286|[from] Stealth Rock
|-formechange|p1a: Flame Man|Charizard-Mega-Y
|message|Charizard has Mega Evolved into Mega Charizard!
|-weather|SunnyDay
|move|p1a: Flame Man|Flamethrower|p2a: Greninja
|-resisted|p2a: Greninja
|-damage|p2a: Greninja|51\/286
|-status|p2a: Greninja|brn
|-enditem|p2a: Greninja|Sitrus Berry|[eat]
|-heal|p2a: Greninja|122\/286 brn|[from] item: Sitrus Berry
|
|-weather|SunnyDay|[upkeep]
|-damage|p2a: Greninja|87\/286 brn|[from] brn
|turn|13
|
|-start|p2a: Greninja|typechange|Water|[from] Protean
|move|p2a: Greninja|Waterfall|p1a: Flame Man
|-supereffective|p1a: Flame Man
|-damage|p1a: Flame Man|225\/297
|move|p1a: Flame Man|Solar Beam|p2a: Greninja|[still]
|-prepare|p1a: Flame Man|Solar Beam|p2a: Greninja
|-anim|p1a: Flame Man|Solar Beam|p2a: Greninja
|-supereffective|p2a: Greninja
|-damage|p2a: Greninja|0 fnt
|faint|p2a: Greninja
|
|-weather|SunnyDay|[upkeep]
|
|switch|p2a: N.A.C.J.A.C.|Manectric, M, shiny|97\/282
|-formechange|p2a: N.A.C.J.A.C.|Manectric-Mega
|-damage|p2a: N.A.C.J.A.C.|62\/282|[from] Stealth Rock
|-ability|p2a: N.A.C.J.A.C.|Intimidate|[of] p1a: Flame Man
|-unboost|p1a: Flame Man|atk|1
|turn|14
|
|switch|p1a: Drill Man|Excadrill, M|194\/405
|-ability|p1a: Drill Man|Mold Breaker
|move|p2a: N.A.C.J.A.C.|Volt Switch|p1a: Drill Man
|-immune|p1a: Drill Man|[msg]
|
|-weather|SunnyDay|[upkeep]
|-heal|p1a: Drill Man|219\/405|[from] item: Leftovers
|turn|15
|
|move|p2a: N.A.C.J.A.C.|Flamethrower|p1a: Drill Man
|-supereffective|p1a: Drill Man
|-damage|p1a: Drill Man|0 fnt
|faint|p1a: Drill Man
|
|-weather|SunnyDay|[upkeep]
|
|switch|p1a: Shadow Man|Gengar, M|262\/262
|turn|16
|
|move|p2a: N.A.C.J.A.C.|Volt Switch|p1a: Shadow Man
|-damage|p1a: Shadow Man|109\/262
|
|switch|p2a: Weavile|Weavile, F|282\/282
|-damage|p2a: Weavile|212\/282|[from] Stealth Rock
|-ability|p2a: Weavile|Pressure
|move|p1a: Shadow Man|Shadow Ball|p2a: Weavile
|-resisted|p2a: Weavile
|-damage|p2a: Weavile|125\/282
|
|-weather|none
|turn|17
|
|move|p2a: Weavile|Knock Off|p1a: Shadow Man
|-supereffective|p1a: Shadow Man
|-damage|p1a: Shadow Man|0 fnt
|-damage|p2a: Weavile|97\/282|[from] item: Life Orb
|faint|p1a: Shadow Man
|
|
|switch|p1a: Flame Man|Charizard, M|225\/297
|-formechange|p1a: Flame Man|Charizard-Mega-Y
|-weather|SunnyDay
|turn|18
|
|move|p2a: Weavile|Knock Off|p1a: Flame Man
|-crit|p1a: Flame Man
|-damage|p1a: Flame Man|0 fnt
|-damage|p2a: Weavile|69\/282|[from] item: Life Orb
|faint|p1a: Flame Man
|
|-weather|SunnyDay|[upkeep]
|
|switch|p1a: Yellow Devil|Dragonite, M|319\/386
|turn|19
|chat|dorian8x|dat crit
|
|move|p2a: Weavile|Ice Shard|p1a: Yellow Devil
|-supereffective|p1a: Yellow Devil
|-damage|p1a: Yellow Devil|0 fnt
|-damage|p2a: Weavile|41\/282|[from] item: Life Orb
|faint|p1a: Yellow Devil
|
|win|dorian8x
|raw|Ladder updating...
|raw|BenTheDemon's rating: 1569 &rarr; <strong>1545<\/strong><br \/>(-24 for losing)
|raw|dorian8x's rating: 1504 &rarr; <strong>1527<\/strong><br \/>(+23 for winning)
|chat|BenTheDemon|FUCK!
|chat|dorian8x|gg
|leave|BenTheDemon
|player|p1