|join|kurtsuckswilly
|join|BenTheDemon
|player|p1|kurtsuckswilly|162
|player|p2|BenTheDemon|240
|gametype|singles
|gen|6
|tier|OU
|rated
|clearpoke
|poke|p1|Charizard, M, shiny
|poke|p1|Excadrill, F
|poke|p1|Sylveon, F, shiny
|poke|p1|Suicune, shiny
|poke|p1|Skarmory, M
|poke|p1|Terrakion
|poke|p2|Dragonite, M
|poke|p2|Rotom-Wash
|poke|p2|Aegislash, M
|poke|p2|Charizard, M
|poke|p2|Excadrill, M
|poke|p2|Gengar, M
|rule|Sleep Clause Mod: Limit one foe put to sleep
|rule|Species Clause: Limit one of each Pokemon
|rule|OHKO Clause: OHKO moves are banned
|rule|Moody Clause: Moody is banned
|rule|Evasion Moves Clause: Evasion moves are banned
|rule|Endless Battle Clause: Forcing endless battles is banned.
|rule|HP Percentage Mod: HP is reported as percentages
|teampreview
|
|start
|switch|p1a: Charizard|Charizard, M, shiny|297\/297
|switch|p2a: Shadow Man|Gengar, M|262\/262
|turn|1
|
|switch|p1a: Excadrill|Excadrill, F|405\/405
|-ability|p1a: Excadrill|Mold Breaker
|move|p2a: Shadow Man|Taunt|p1a: Excadrill
|-start|p1a: Excadrill|move: Taunt
|
|turn|2
|
|move|p1a: Excadrill|Earthquake|p2a: Shadow Man
|-supereffective|p2a: Shadow Man
|-enditem|p2a: Shadow Man|Focus Sash
|-damage|p2a: Shadow Man|1\/262
|move|p2a: Shadow Man|Counter|p1a: Excadrill
|-damage|p1a: Excadrill|0 fnt
|faint|p1a: Excadrill
|
|chat|kurtsuckswilly|haha wtf
|
|switch|p1a: Suicune|Suicune, shiny|404\/404
|-ability|p1a: Suicune|Pressure
|turn|3
|
|move|p2a: Shadow Man|Destiny Bond|p2a: Shadow Man
|-singlemove|p2a: Shadow Man|Destiny Bond
|move|p1a: Suicune|Scald|p2a: Shadow Man
|-damage|p2a: Shadow Man|0 fnt
|faint|p2a: Shadow Man
|-activate|p2a: Shadow Man|Destiny Bond
|faint|p1a: Suicune
|
|chat|kurtsuckswilly|literally the pussiest strat ive ever seen
|chat|kurtsuckswilly|wow nevermind
|chat|kurtsuckswilly|that is
|chat|BenTheDemon|That's a set I made. It fuckin' works.
|
|switch|p1a: Charizard|Charizard, M, shiny|297\/297
|switch|p2a: Elec Man|Rotom-Wash|304\/304
|turn|4
|chat|kurtsuckswilly|we'll see
|
|switch|p2a: Sword Man|Aegislash, M|324\/324
|-formechange|p1a: Charizard|Charizard-Mega-Y
|message|Charizard has Mega Evolved into Mega Charizard!
|-weather|SunnyDay
|move|p1a: Charizard|Solar Beam|p2a: Sword Man|[still]
|-prepare|p1a: Charizard|Solar Beam|p2a: Sword Man
|-anim|p1a: Charizard|Solar Beam|p2a: Sword Man
|-resisted|p2a: Sword Man
|-damage|p2a: Sword Man|263\/324
|
|-weather|SunnyDay|[upkeep]
|turn|5
|
|switch|p2a: Yellow Devil|Dragonite, M|386\/386
|move|p1a: Charizard|Fire Blast|p2a: Yellow Devil
|-resisted|p2a: Yellow Devil
|-damage|p2a: Yellow Devil|299\/386
|
|-weather|SunnyDay|[upkeep]
|turn|6
|
|move|p1a: Charizard|Dragon Pulse|p2a: Yellow Devil
|-supereffective|p2a: Yellow Devil
|-damage|p2a: Yellow Devil|83\/386
|-enditem|p2a: Yellow Devil|Weakness Policy
|-boost|p2a: Yellow Devil|atk|2|[from] item: Weakness Policy
|-boost|p2a: Yellow Devil|spa|2|[from] item: Weakness Policy
|move|p2a: Yellow Devil|Dragon Dance|p2a: Yellow Devil
|-boost|p2a: Yellow Devil|atk|1
|-boost|p2a: Yellow Devil|spe|1
|
|-weather|SunnyDay|[upkeep]
|turn|7
|
|switch|p1a: Skarmory|Skarmory, M|334\/334
|move|p2a: Yellow Devil|Dragon Claw|p1a: Skarmory
|-resisted|p1a: Skarmory
|-damage|p1a: Skarmory|250\/334
|-damage|p2a: Yellow Devil|19\/386|[from] item: Rocky Helmet|[of] p1a: Skarmory
|
|-weather|SunnyDay|[upkeep]
|turn|8
|
|move|p2a: Yellow Devil|Roost|p2a: Yellow Devil
|-heal|p2a: Yellow Devil|212\/386
|move|p1a: Skarmory|Stealth Rock|p2a: Yellow Devil
|-sidestart|p2: BenTheDemon|move: Stealth Rock
|
|-weather|none
|turn|9
|
|move|p2a: Yellow Devil|Roost|p2a: Yellow Devil
|-heal|p2a: Yellow Devil|386\/386
|move|p1a: Skarmory|Brave Bird|p2a: Yellow Devil
|-damage|p2a: Yellow Devil|323\/386
|-damage|p1a: Skarmory|229\/334|[from] recoil|[of] p2a: Yellow Devil
|
|turn|10
|
|move|p2a: Yellow Devil|Dragon Dance|p2a: Yellow Devil
|-boost|p2a: Yellow Devil|atk|1
|-boost|p2a: Yellow Devil|spe|1
|move|p1a: Skarmory|Roost|p1a: Skarmory
|-heal|p1a: Skarmory|334\/334
|
|turn|11
|
|move|p2a: Yellow Devil|Dragon Dance|p2a: Yellow Devil
|-boost|p2a: Yellow Devil|atk|1
|-boost|p2a: Yellow Devil|spe|1
|move|p1a: Skarmory|Whirlwind|p2a: Yellow Devil
|drag|p2a: Elec Man|Rotom-Wash|304\/304
|-damage|p2a: Elec Man|266\/304|[from] Stealth Rock
|
|-heal|p2a: Elec Man|285\/304|[from] item: Leftovers
|turn|12
|chat|kurtsuckswilly|get bombed cunt
|
|switch|p1a: Sylveon|Sylveon, F, shiny|394\/394
|move|p2a: Elec Man|Thunderbolt|p1a: Sylveon
|-damage|p1a: Sylveon|303\/394
|
|-heal|p2a: Elec Man|304\/304|[from] item: Leftovers
|-heal|p1a: Sylveon|327\/394|[from] item: Leftovers
|turn|13
|
|move|p2a: Elec Man|Will-O-Wisp|p1a: Sylveon
|-status|p1a: Sylveon|brn
|move|p1a: Sylveon|Hyper Voice|p2a: Elec Man
|-damage|p2a: Elec Man|159\/304
|
|-heal|p2a: Elec Man|178\/304|[from] item: Leftovers
|-heal|p1a: Sylveon|351\/394 brn|[from] item: Leftovers
|-damage|p1a: Sylveon|302\/394 brn|[from] brn
|turn|14
|
|move|p2a: Elec Man|Pain Split|p1a: Sylveon
|-sethp|p1a: Sylveon|240\/394 brn|p2a: Elec Man|240\/304|[from] move: Pain Split
|move|p1a: Sylveon|Hyper Voice|p2a: Elec Man
|-damage|p2a: Elec Man|95\/304
|
|-heal|p2a: Elec Man|114\/304|[from] item: Leftovers
|-heal|p1a: Sylveon|264\/394 brn|[from] item: Leftovers
|-damage|p1a: Sylveon|215\/394 brn|[from] brn
|turn|15
|
|move|p2a: Elec Man|Pain Split|p1a: Sylveon
|-sethp|p1a: Sylveon|164\/394 brn|p2a: Elec Man|164\/304|[from] move: Pain Split
|move|p1a: Sylveon|Wish|p1a: Sylveon
|
|-heal|p2a: Elec Man|183\/304|[from] item: Leftovers
|-heal|p1a: Sylveon|188\/394 brn|[from] item: Leftovers
|-damage|p1a: Sylveon|139\/394 brn|[from] brn
|turn|16
|
|move|p2a: Elec Man|Hydro Pump|p1a: Sylveon
|-damage|p1a: Sylveon|25\/394 brn
|move|p1a: Sylveon|Heal Bell|p1a: Sylveon
|-cureteam|p1a: Sylveon|[from] move: HealBell
|
|-heal|p1a: Sylveon|222\/394|[from] move: Wish|[wisher] Sylveon
|-heal|p2a: Elec Man|202\/304|[from] item: Leftovers
|-heal|p1a: Sylveon|246\/394|[from] item: Leftovers
|turn|17
|
|move|p2a: Elec Man|Will-O-Wisp|p1a: Sylveon
|-status|p1a: Sylveon|brn
|move|p1a: Sylveon|Wish|p1a: Sylveon
|
|-heal|p2a: Elec Man|221\/304|[from] item: Leftovers
|-heal|p1a: Sylveon|270\/394 brn|[from] item: Leftovers
|-damage|p1a: Sylveon|221\/394 brn|[from] brn
|turn|18
|
|switch|p2a: Drill Man|Excadrill, M|405\/405
|-damage|p2a: Drill Man|393\/405|[from] Stealth Rock
|-ability|p2a: Drill Man|Mold Breaker
|switch|p1a: Charizard|Charizard, M, shiny|297\/297
|-formechange|p1a: Charizard|Charizard-Mega-Y
|-weather|SunnyDay
|
|-weather|SunnyDay|[upkeep]
|-heal|p2a: Drill Man|405\/405|[from] item: Leftovers
|turn|19
|
|switch|p2a: Yellow Devil|Dragonite, M|323\/386
|-damage|p2a: Yellow Devil|227\/386|[from] Stealth Rock
|move|p1a: Charizard|Fire Blast|p2a: Yellow Devil|[miss]
|-miss|p1a: Charizard|p2a: Yellow Devil
|
|-weather|SunnyDay|[upkeep]
|turn|20
|
|switch|p2a: Elec Man|Rotom-Wash|221\/304
|-damage|p2a: Elec Man|183\/304|[from] Stealth Rock
|move|p1a: Charizard|Dragon Pulse|p2a: Elec Man
|-damage|p2a: Elec Man|67\/304
|
|-weather|SunnyDay|[upkeep]
|-heal|p2a: Elec Man|86\/304|[from] item: Leftovers
|turn|21
|
|switch|p2a: Sword Man|Aegislash, M|263\/324
|-damage|p2a: Sword Man|243\/324|[from] Stealth Rock
|move|p1a: Charizard|Dragon Pulse|p2a: Sword Man
|-resisted|p2a: Sword Man
|-damage|p2a: Sword Man|204\/324
|
|-weather|SunnyDay|[upkeep]
|turn|22
|
|move|p2a: Sword Man|King's Shield|p2a: Sword Man
|-singleturn|p2a: Sword Man|Protect
|move|p1a: Charizard|Fire Blast|p2a: Sword Man
|-activate|p2a: Sword Man|Protect
|
|-weather|none
|turn|23
|
|move|p1a: Charizard|Fire Blast|p2a: Sword Man
|-supereffective|p2a: Sword Man
|-damage|p2a: Sword Man|0 fnt
|faint|p2a: Sword Man
|
|
|switch|p2a: Elec Man|Rotom-Wash|86\/304
|-damage|p2a: Elec Man|48\/304|[from] Stealth Rock
|turn|24
|
|move|p1a: Charizard|Dragon Pulse|p2a: Elec Man
|-damage|p2a: Elec Man|0 fnt
|faint|p2a: Elec Man
|
|
|switch|p2a: Yellow Devil|Dragonite, M|227\/386
|-damage|p2a: Yellow Devil|131\/386|[from] Stealth Rock
|turn|25
|
|move|p1a: Charizard|Dragon Pulse|p2a: Yellow Devil
|-supereffective|p2a: Yellow Devil
|-damage|p2a: Yellow Devil|0 fnt
|faint|p2a: Yellow Devil
|
|-message|BenTheDemon forfeited.
|
|win|kurtsuckswilly
|raw|Ladder updating...
|leave|BenTheDemon
|player|p2
|chat|kurtsuckswilly|"it fuckn works"
|raw|kurtsuckswilly's rating: 1494 &rarr; <strong>1515<\/strong><br \/>(+21 for winning)
|raw|BenTheDemon's rating: 1514 &rarr; <strong>1493<\/strong><br \/>(-21 for losing)