|join|TheRocker93
|join|snowballin
|player|p1|TheRocker93|53
|player|p2|snowballin|256
|gametype|singles
|gen|6
|tier|OU
|rated
|clearpoke
|poke|p1|Rotom-Wash
|poke|p1|Excadrill, M
|poke|p1|Latios, M
|poke|p1|Scizor, M
|poke|p1|Tyranitar, M
|poke|p1|Talonflame, F
|poke|p2|Camerupt, F, shiny
|poke|p2|Celebi
|poke|p2|Alomomola, F
|poke|p2|Scizor, F
|poke|p2|Landorus, M
|poke|p2|Garchomp, M
|rule|Swagger Clause: Swagger is banned
|rule|Baton Pass Clause: Limit one PokÃ©mon knowing Baton Pass
|rule|Sleep Clause Mod: Limit one foe put to sleep
|rule|Species Clause: Limit one of each PokÃ©mon
|rule|OHKO Clause: OHKO moves are banned
|rule|Moody Clause: Moody is banned
|rule|Evasion Moves Clause: Evasion moves are banned
|rule|Endless Battle Clause: Forcing endless battles is banned
|rule|HP Percentage Mod: HP is shown in percentages
|teampreview
|
|start
|switch|p1a: Momentum|Rotom-Wash|301\/301
|switch|p2a: Celebi|Celebi|404\/404
|turn|1
|
|move|p2a: Celebi|Baton Pass|p2a: Celebi
|
|switch|p2a: Garchomp|Garchomp, M|357\/357
|move|p1a: Momentum|Volt Switch|p2a: Garchomp
|-immune|p2a: Garchomp|[msg]
|
|turn|2
|
|switch|p2a: Celebi|Celebi|404\/404
|move|p1a: Momentum|Will-O-Wisp|p2a: Celebi
|-status|p2a: Celebi|brn
|
|-damage|p2a: Celebi|354\/404 brn|[from] brn
|turn|3
|
|move|p2a: Celebi|Giga Drain|p1a: Momentum
|-supereffective|p1a: Momentum
|-damage|p1a: Momentum|169\/301
|-heal|p2a: Celebi|404\/404 brn|[from] drain|[of] p1a: Momentum
|move|p1a: Momentum|Will-O-Wisp|p2a: Celebi
|-fail|p2a: Celebi|brn
|
|-heal|p1a: Momentum|187\/301|[from] item: Leftovers
|-damage|p2a: Celebi|354\/404 brn|[from] brn
|turn|4
|
|switch|p1a: IronBug|Scizor, M|341\/341
|move|p2a: Celebi|Baton Pass|p2a: Celebi
|
|switch|p2a: Camerupt|Camerupt, F, shiny|344\/344
|
|turn|5
|
|switch|p1a: Eon|Latios, M|302\/302
|detailschange|p2a: Camerupt|Camerupt-Mega, F, shiny
|message|Camerupt has Mega Evolved into Mega Camerupt!
|move|p2a: Camerupt|Fire Blast|p1a: Eon
|-resisted|p1a: Eon
|-damage|p1a: Eon|173\/302
|
|turn|6
|
|switch|p2a: Scizor|Scizor, F|343\/343
|move|p1a: Eon|Surf|p2a: Scizor
|-damage|p2a: Scizor|216\/343
|-damage|p1a: Eon|143\/302|[from] item: Life Orb
|
|-heal|p2a: Scizor|237\/343|[from] item: Leftovers
|turn|7
|
|move|p1a: Eon|Surf|p2a: Scizor
|-damage|p2a: Scizor|119\/343
|-damage|p1a: Eon|113\/302|[from] item: Life Orb
|move|p2a: Scizor|U-turn|p1a: Eon
|-supereffective|p1a: Eon
|-damage|p1a: Eon|0 fnt
|faint|p1a: Eon
|
|switch|p2a: Garchomp|Garchomp, M|357\/357
|
|
|switch|p1a: Momentum|Rotom-Wash|187\/301
|turn|8
|
|switch|p2a: Celebi|Celebi|354\/404
|move|p1a: Momentum|Volt Switch|p2a: Celebi
|-resisted|p2a: Celebi
|-damage|p2a: Celebi|310\/404
|
|switch|p1a: MyBigCock|Talonflame, F|315\/315
|
|-heal|p2a: Celebi|335\/404|[from] item: Leftovers
|turn|9
|
|switch|p2a: Alomomola|Alomomola, F|529\/529
|move|p1a: MyBigCock|Swords Dance|p1a: MyBigCock
|-boost|p1a: MyBigCock|atk|2
|
|turn|10
|
|move|p1a: MyBigCock|Brave Bird|p2a: Alomomola
|-damage|p2a: Alomomola|126\/529
|-damage|p1a: MyBigCock|182\/315|[from] recoil|[of] p2a: Alomomola
|move|p2a: Alomomola|Toxic|p1a: MyBigCock
|-status|p1a: MyBigCock|tox
|
|-heal|p2a: Alomomola|159\/529|[from] item: Leftovers
|-damage|p1a: MyBigCock|163\/315 tox|[from] psn
|turn|11
|
|move|p2a: Alomomola|Protect|p2a: Alomomola
|-singleturn|p2a: Alomomola|Protect
|move|p1a: MyBigCock|Roost|p1a: MyBigCock
|-heal|p1a: MyBigCock|315\/315 tox
|
|-heal|p2a: Alomomola|192\/529|[from] item: Leftovers
|-damage|p1a: MyBigCock|277\/315 tox|[from] psn
|turn|12
|
|switch|p2a: Scizor|Scizor, F|119\/343
|move|p1a: MyBigCock|Brave Bird|p2a: Scizor
|-damage|p2a: Scizor|0 fnt
|-damage|p1a: MyBigCock|238\/315 tox|[from] recoil|[of] p2a: Scizor
|faint|p2a: Scizor
|
|-damage|p1a: MyBigCock|181\/315 tox|[from] psn
|
|switch|p2a: Alomomola|Alomomola, F|368\/529
|turn|13
|
|move|p1a: MyBigCock|Roost|p1a: MyBigCock
|-heal|p1a: MyBigCock|315\/315 tox
|move|p2a: Alomomola|Scald|p1a: MyBigCock
|-supereffective|p1a: MyBigCock
|-damage|p1a: MyBigCock|207\/315 tox
|
|-heal|p2a: Alomomola|401\/529|[from] item: Leftovers
|-damage|p1a: MyBigCock|131\/315 tox|[from] psn
|turn|14
|
|move|p2a: Alomomola|Protect|p2a: Alomomola
|-singleturn|p2a: Alomomola|Protect
|move|p1a: MyBigCock|Brave Bird|p2a: Alomomola
|-activate|p2a: Alomomola|Protect
|
|-heal|p2a: Alomomola|434\/529|[from] item: Leftovers
|-damage|p1a: MyBigCock|36\/315 tox|[from] psn
|turn|15
|
|move|p1a: MyBigCock|Brave Bird|p2a: Alomomola
|-damage|p2a: Alomomola|31\/529
|-damage|p1a: MyBigCock|0 fnt|[from] recoil|[of] p2a: Alomomola
|faint|p1a: MyBigCock
|move|p2a: Alomomola|Wish|p2a: Alomomola
|
|-heal|p2a: Alomomola|64\/529|[from] item: Leftovers
|
|switch|p1a: Godzilla|Tyranitar, M|387\/387
|-weather|Sandstorm
|turn|16
|
|switch|p2a: Landorus|Landorus, M|320\/320
|move|p1a: Godzilla|Rock Slide|p2a: Landorus
|-damage|p2a: Landorus|170\/320
|
|-weather|Sandstorm|[upkeep]
|-heal|p2a: Landorus|320\/320|[from] move: Wish|[wisher] Alomomola
|turn|17
|
|switch|p1a: Momentum|Rotom-Wash|187\/301
|move|p2a: Landorus|Calm Mind|p2a: Landorus
|-boost|p2a: Landorus|spa|1
|-boost|p2a: Landorus|spd|1
|
|-weather|Sandstorm|[upkeep]
|-damage|p1a: Momentum|169\/301|[from] sandstorm
|-heal|p1a: Momentum|187\/301|[from] item: Leftovers
|turn|18
|
|move|p2a: Landorus|Focus Blast|p1a: Momentum|[miss]
|-miss|p2a: Landorus|p1a: Momentum
|move|p1a: Momentum|Hydro Pump|p2a: Landorus
|-supereffective|p2a: Landorus
|-damage|p2a: Landorus|104\/320
|
|-weather|Sandstorm|[upkeep]
|-damage|p1a: Momentum|169\/301|[from] sandstorm
|-heal|p1a: Momentum|187\/301|[from] item: Leftovers
|turn|19
|
|move|p2a: Landorus|Focus Blast|p1a: Momentum
|-damage|p1a: Momentum|0 fnt
|faint|p1a: Momentum
|
|-weather|Sandstorm|[upkeep]
|
|switch|p1a: IronBug|Scizor, M|341\/341
|turn|20
|
|switch|p2a: Alomomola|Alomomola, F|240\/529
|detailschange|p1a: IronBug|Scizor-Mega, M
|message|Scizor has Mega Evolved into Mega Scizor!
|move|p1a: IronBug|Bullet Punch|p2a: Alomomola
|-resisted|p2a: Alomomola
|-damage|p2a: Alomomola|162\/529
|
|-weather|Sandstorm|[upkeep]
|-damage|p2a: Alomomola|129\/529|[from] sandstorm
|-heal|p2a: Alomomola|162\/529|[from] item: Leftovers
|turn|21
|
|move|p1a: IronBug|Swords Dance|p1a: IronBug
|-boost|p1a: IronBug|atk|2
|move|p2a: Alomomola|Wish|p2a: Alomomola
|
|-weather|Sandstorm|[upkeep]
|-damage|p2a: Alomomola|129\/529|[from] sandstorm
|-heal|p2a: Alomomola|162\/529|[from] item: Leftovers
|turn|22
|
|move|p1a: IronBug|Knock Off|p2a: Alomomola
|-damage|p2a: Alomomola|0 fnt
|-enditem|p2a: Alomomola|Leftovers|[from] move: Knock Off|[of] p1a: IronBug
|faint|p2a: Alomomola
|
|-weather|Sandstorm|[upkeep]
|
|switch|p2a: Camerupt|Camerupt-Mega, F, shiny|344\/344
|turn|23
|
|switch|p1a: Godzilla|Tyranitar, M|387\/387
|move|p2a: Camerupt|Fire Blast|p1a: Godzilla|[miss]
|-miss|p2a: Camerupt|p1a: Godzilla
|
|-weather|none
|turn|24
|
|switch|p1a: IronBug|Scizor-Mega, M|341\/341
|switch|p2a: Garchomp|Garchomp, M|357\/357
|
|turn|25
|
|move|p2a: Garchomp|Fire Blast|p1a: IronBug
|-supereffective|p1a: IronBug
|-damage|p1a: IronBug|25\/341
|move|p1a: IronBug|Knock Off|p2a: Garchomp
|-damage|p2a: Garchomp|222\/357
|-damage|p1a: IronBug|0 fnt|[from] ability: Rough Skin|[of] p2a: Garchomp
|faint|p1a: IronBug
|
|
|switch|p1a: Godzilla|Tyranitar, M|387\/387
|-weather|Sandstorm
|turn|26
|
|move|p1a: Godzilla|Pursuit|p2a: Garchomp|[from]Pursuit
|-damage|p2a: Garchomp|80\/357
|-damage|p1a: Godzilla|339\/387|[from] ability: Rough Skin|[of] p2a: Garchomp
|switch|p2a: Celebi|Celebi|335\/404
|
|-weather|Sandstorm|[upkeep]
|-damage|p2a: Celebi|310\/404|[from] sandstorm
|-heal|p2a: Celebi|335\/404|[from] item: Leftovers
|turn|27
|
|move|p2a: Celebi|Giga Drain|p1a: Godzilla
|-supereffective|p1a: Godzilla
|-damage|p1a: Godzilla|241\/387
|-heal|p2a: Celebi|384\/404|[from] drain|[of] p1a: Godzilla
|move|p1a: Godzilla|Pursuit|p2a: Celebi
|-supereffective|p2a: Celebi
|-damage|p2a: Celebi|274\/404
|
|-weather|Sandstorm|[upkeep]
|-damage|p2a: Celebi|249\/404|[from] sandstorm
|-heal|p2a: Celebi|274\/404|[from] item: Leftovers
|turn|28
|
|move|p2a: Celebi|Giga Drain|p1a: Godzilla
|-supereffective|p1a: Godzilla
|-damage|p1a: Godzilla|137\/387
|-heal|p2a: Celebi|326\/404|[from] drain|[of] p1a: Godzilla
|move|p1a: Godzilla|Fire Blast|p2a: Celebi
|-supereffective|p2a: Celebi
|-damage|p2a: Celebi|130\/404
|-status|p2a: Celebi|brn
|
|-weather|Sandstorm|[upkeep]
|-damage|p2a: Celebi|105\/404 brn|[from] sandstorm
|-heal|p2a: Celebi|130\/404 brn|[from] item: Leftovers
|-damage|p2a: Celebi|80\/404 brn|[from] brn
|turn|29
|
|switch|p1a: DesertKing|Excadrill, M|362\/362
|move|p2a: Celebi|Giga Drain|p1a: DesertKing
|-damage|p1a: DesertKing|238\/362
|-heal|p2a: Celebi|142\/404 brn|[from] drain|[of] p1a: DesertKing
|
|-weather|Sandstorm|[upkeep]
|-damage|p2a: Celebi|117\/404 brn|[from] sandstorm
|-heal|p2a: Celebi|142\/404 brn|[from] item: Leftovers
|-damage|p2a: Celebi|92\/404 brn|[from] brn
|turn|30
|
|move|p1a: DesertKing|Iron Head|p2a: Celebi
|-damage|p2a: Celebi|0 fnt
|-damage|p1a: DesertKing|202\/362|[from] item: Life Orb
|faint|p2a: Celebi
|
|-weather|Sandstorm|[upkeep]
|
|switch|p2a: Landorus|Landorus, M|104\/320
|turn|31
|
|move|p1a: DesertKing|Iron Head|p2a: Landorus
|-damage|p2a: Landorus|0 fnt
|-damage|p1a: DesertKing|166\/362|[from] item: Life Orb
|faint|p2a: Landorus
|
|-weather|Sandstorm|[upkeep]
|
|switch|p2a: Camerupt|Camerupt-Mega, F, shiny|344\/344
|turn|32
|
|move|p1a: DesertKing|Earthquake|p2a: Camerupt
|-crit|p2a: Camerupt
|-supereffective|p2a: Camerupt
|-damage|p2a: Camerupt|0 fnt
|-damage|p1a: DesertKing|130\/362|[from] item: Life Orb
|faint|p2a: Camerupt
|
|-weather|Sandstorm|[upkeep]
|
|switch|p2a: Garchomp|Garchomp, M|80\/357
|turn|33
|
|move|p1a: DesertKing|Earthquake|p2a: Garchomp
|-damage|p2a: Garchomp|0 fnt
|-damage|p1a: DesertKing|94\/362|[from] item: Life Orb
|faint|p2a: Garchomp
|
|win|TheRocker93
|raw|Ladder updating...
|leave|snowballin
|player|p2
|raw|TheRocker93's rating: 1544 &rarr; <strong>1560<\/strong><br \/>(+16 for winning)
|raw|snowballin's rating: 1480 &rarr; <strong>1463<\/strong><br \/>(-17 for losing)