|join|Snowballin
|join|Doomed hi
|player|p1|Snowballin|260
|player|p2|Doomed hi|120
|gametype|singles
|gen|6
|tier|OU
|rated
|clearpoke
|poke|p1|Diancie
|poke|p1|Rotom-Wash
|poke|p1|Landorus-Therian, M
|poke|p1|Heatran, F
|poke|p1|Celebi
|poke|p1|Keldeo
|poke|p2|Sharpedo, M, shiny
|poke|p2|Thundurus, M, shiny
|poke|p2|Heatran, F
|poke|p2|Keldeo-Resolute, shiny
|poke|p2|Gengar, F
|poke|p2|Rotom-Wash
|rule|Swagger Clause: Swagger is banned
|rule|Baton Pass Clause: Limit one PokÃ©mon knowing Baton Pass
|rule|Sleep Clause Mod: Limit one foe put to sleep
|rule|Species Clause: Limit one of each PokÃ©mon
|rule|OHKO Clause: OHKO moves are banned
|rule|Moody Clause: Moody is banned
|rule|Evasion Moves Clause: Evasion moves are banned
|rule|Endless Battle Clause: Forcing endless battles is banned
|rule|HP Percentage Mod: HP is shown in percentages
|teampreview
|
|start
|switch|p1a: Diancie|Diancie|241\/241
|switch|p2a: Thundurus|Thundurus, M, shiny|300\/300
|turn|1
|
|detailschange|p1a: Diancie|Diancie-Mega
|message|Diancie has Mega Evolved into Mega Diancie!
|move|p2a: Thundurus|Thunderbolt|p1a: Diancie
|-damage|p1a: Diancie|66\/241
|-damage|p2a: Thundurus|270\/300|[from] item: Life Orb
|move|p1a: Diancie|Diamond Storm|p2a: Thundurus
|-miss|p1a: Diancie|p2a: Thundurus
|
|turn|2
|c|âSnowballin|95% acc my ass
|c|âDoomed hi|pheww
|c|âSnowballin|this shit misses all day long
|c|âSnowballin|LOL
|c|âDoomed hi|lmfao
|c|âDoomed hi|sorry
|
|switch|p1a: Celebi|Celebi|404\/404
|move|p2a: Thundurus|Thunderbolt|p1a: Celebi
|-crit|p1a: Celebi
|-resisted|p1a: Celebi
|-damage|p1a: Celebi|242\/404
|-damage|p2a: Thundurus|240\/300|[from] item: Life Orb
|
|-heal|p1a: Celebi|267\/404|[from] item: Leftovers
|turn|3
|
|move|p2a: Thundurus|Knock Off|p1a: Celebi
|-crit|p1a: Celebi
|-supereffective|p1a: Celebi
|-damage|p1a: Celebi|4\/404
|-enditem|p1a: Celebi|Leftovers|[from] move: Knock Off|[of] p2a: Thundurus
|-damage|p2a: Thundurus|210\/300|[from] item: Life Orb
|move|p1a: Celebi|Baton Pass|p1a: Celebi
|c|âDoomed hi|lol
|
|switch|p1a: Heatran|Heatran, F|323\/323
|
|turn|4
|
|move|p1a: Heatran|Fire Blast|p2a: Thundurus
|-damage|p2a: Thundurus|0 fnt
|faint|p2a: Thundurus
|
|
|switch|p2a: Keldeo-Resolute|Keldeo-Resolute, shiny|324\/324
|turn|5
|
|switch|p1a: Rotom-Wash|Rotom-Wash|304\/304
|move|p2a: Keldeo-Resolute|Scald|p1a: Rotom-Wash
|-resisted|p1a: Rotom-Wash
|-damage|p1a: Rotom-Wash|229\/304
|
|-heal|p1a: Rotom-Wash|248\/304|[from] item: Leftovers
|turn|6
|
|switch|p2a: Rotom-Wash|Rotom-Wash|304\/304
|move|p1a: Rotom-Wash|Volt Switch|p2a: Rotom-Wash
|-damage|p2a: Rotom-Wash|220\/304
|
|switch|p1a: Celebi|Celebi|4\/404
|
|-heal|p2a: Rotom-Wash|239\/304|[from] item: Leftovers
|turn|7
|
|move|p1a: Celebi|Recover|p1a: Celebi
|-heal|p1a: Celebi|206\/404
|move|p2a: Rotom-Wash|Volt Switch|p1a: Celebi
|-resisted|p1a: Celebi
|-damage|p1a: Celebi|163\/404
|
|switch|p2a: Gengar|Gengar, F|262\/262
|
|turn|8
|
|switch|p1a: Heatran|Heatran, F|323\/323
|move|p2a: Gengar|Shadow Ball|p1a: Heatran
|-damage|p1a: Heatran|142\/323
|-damage|p2a: Gengar|236\/262|[from] item: Life Orb
|
|turn|9
|
|move|p1a: Heatran|Overheat|p2a: Gengar|[miss]
|-miss|p1a: Heatran|p2a: Gengar
|move|p2a: Gengar|Shadow Ball|p1a: Heatran
|-damage|p1a: Heatran|0 fnt
|-damage|p2a: Gengar|210\/262|[from] item: Life Orb
|faint|p1a: Heatran
|
|c|âSnowballin|not my day
|c|âSnowballin|LOL...
|
|switch|p1a: Keldeo|Keldeo|322\/322
|turn|10
|c|âDoomed hi|omg i forgot you were scarfed
|c|âDoomed hi|lmfao
|
|switch|p2a: Rotom-Wash|Rotom-Wash|239\/304
|move|p1a: Keldeo|Hydro Pump|p2a: Rotom-Wash|[miss]
|-miss|p1a: Keldeo|p2a: Rotom-Wash
|
|-heal|p2a: Rotom-Wash|258\/304|[from] item: Leftovers
|turn|11
|c|âDoomed hi|omg
|c|âDoomed hi|so sorry dude
|
|switch|p1a: Celebi|Celebi|163\/404
|move|p2a: Rotom-Wash|Will-O-Wisp|p1a: Celebi
|-status|p1a: Celebi|brn
|
|-heal|p2a: Rotom-Wash|277\/304|[from] item: Leftovers
|-damage|p1a: Celebi|113\/404 brn|[from] brn
|turn|12
|
|switch|p2a: Heatran|Heatran, F|344\/344
|move|p1a: Celebi|Baton Pass|p1a: Celebi
|
|switch|p1a: Keldeo|Keldeo|322\/322
|
|turn|13
|
|move|p1a: Keldeo|Hydro Pump|p2a: Heatran|[miss]
|-miss|p1a: Keldeo|p2a: Heatran
|move|p2a: Heatran|Stealth Rock|p1a: Keldeo
|-sidestart|p1: Snowballin|move: Stealth Rock
|
|turn|14
|c|âDoomed hi|lmfao
|c|âDoomed hi|wtf is going on
|c|âSnowballin|wait
|c|âSnowballin|did it miss again
|c|âSnowballin|dammit
|c|âSnowballin|LOL...
|
|switch|p2a: Rotom-Wash|Rotom-Wash|277\/304
|move|p1a: Keldeo|Hydro Pump|p2a: Rotom-Wash
|-resisted|p2a: Rotom-Wash
|-damage|p2a: Rotom-Wash|151\/304
|
|-heal|p2a: Rotom-Wash|170\/304|[from] item: Leftovers
|turn|15
|
|switch|p1a: Landorus-Therian|Landorus-Therian, M|382\/382
|-damage|p1a: Landorus-Therian|335\/382|[from] Stealth Rock
|-ability|p1a: Landorus-Therian|Intimidate|[of] p2a: Rotom-Wash
|-unboost|p2a: Rotom-Wash|atk|1
|move|p2a: Rotom-Wash|Volt Switch|p1a: Landorus-Therian
|-immune|p1a: Landorus-Therian|[msg]
|
|-heal|p1a: Landorus-Therian|358\/382|[from] item: Leftovers
|-heal|p2a: Rotom-Wash|189\/304|[from] item: Leftovers
|turn|16
|
|move|p1a: Landorus-Therian|U-turn|p2a: Rotom-Wash
|-damage|p2a: Rotom-Wash|138\/304
|
|switch|p1a: Celebi|Celebi|113\/404
|-damage|p1a: Celebi|63\/404|[from] Stealth Rock
|move|p2a: Rotom-Wash|Volt Switch|p1a: Celebi
|-resisted|p1a: Celebi
|-damage|p1a: Celebi|18\/404
|c|âSnowballin|what did I do to deserve thiss
|
|switch|p2a: Gengar|Gengar, F|210\/262
|
|turn|17
|
|move|p2a: Gengar|Shadow Ball|p1a: Celebi
|-supereffective|p1a: Celebi
|-damage|p1a: Celebi|0 fnt
|-damage|p2a: Gengar|184\/262|[from] item: Life Orb
|faint|p1a: Celebi
|
|c|âDoomed hi|merry christmas
|
|switch|p1a: Keldeo|Keldeo|322\/322
|-damage|p1a: Keldeo|302\/322|[from] Stealth Rock
|turn|18
|c|âSnowballin|LOLL
|c|âSnowballin|Now I shall combine the christmas with Hanukkah
|c|âSnowballin|to create
|c|âDoomed hi|dear santa
|c|âSnowballin|Luck
|c|âSnowballin|BEHOLD
|c|âDoomed hi|all i want for christmas if for hydro pump to miss from doomed hi
|c|âSnowballin|"dear santa, love me"
|
|switch|p2a: Rotom-Wash|Rotom-Wash|138\/304
|move|p1a: Keldeo|Hydro Pump|p2a: Rotom-Wash
|-crit|p2a: Rotom-Wash
|-resisted|p2a: Rotom-Wash
|-damage|p2a: Rotom-Wash|0 fnt
|faint|p2a: Rotom-Wash
|
|c|âDoomed hi|fuck you sanata
|c|âSnowballin|CHRISTMAS POWERR
|c|âDoomed hi|santa**
|
|switch|p2a: Keldeo-Resolute|Keldeo-Resolute, shiny|324\/324
|turn|19
|
|move|p2a: Keldeo-Resolute|Scald|p1a: Keldeo
|-crit|p1a: Keldeo
|-resisted|p1a: Keldeo
|-damage|p1a: Keldeo|177\/322
|-status|p1a: Keldeo|brn
|move|p1a: Keldeo|Hydro Pump|p2a: Keldeo-Resolute
|-resisted|p2a: Keldeo-Resolute
|-damage|p2a: Keldeo-Resolute|159\/324
|
|-damage|p1a: Keldeo|137\/322 brn|[from] brn
|turn|20
|c|âSnowballin|I take it back
|c|âSnowballin|LOL
|c|âDoomed hi|crit burn
|c|âDoomed hi|sorry santa
|c|âSnowballin|qq
|c|âDoomed hi|i love you
|
|move|p2a: Keldeo-Resolute|Scald|p1a: Keldeo
|-resisted|p1a: Keldeo
|-damage|p1a: Keldeo|48\/322 brn
|move|p1a: Keldeo|Hydro Pump|p2a: Keldeo-Resolute
|-resisted|p2a: Keldeo-Resolute
|-damage|p2a: Keldeo-Resolute|0 fnt
|faint|p2a: Keldeo-Resolute
|
|-damage|p1a: Keldeo|8\/322 brn|[from] brn
|
|switch|p2a: Sharpedo|Sharpedo, M, shiny|282\/282
|turn|21
|
|move|p2a: Sharpedo|Protect|p2a: Sharpedo
|-singleturn|p2a: Sharpedo|Protect
|move|p1a: Keldeo|Hydro Pump|p2a: Sharpedo
|-activate|p2a: Sharpedo|Protect
|
|-damage|p1a: Keldeo|0 fnt|[from] brn
|-boost|p2a: Sharpedo|spe|1|[from] ability: Speed Boost
|faint|p1a: Keldeo
|
|switch|p1a: Rotom-Wash|Rotom-Wash|248\/304
|-damage|p1a: Rotom-Wash|210\/304|[from] Stealth Rock
|turn|22
|
|switch|p2a: Heatran|Heatran, F|344\/344
|move|p1a: Rotom-Wash|Will-O-Wisp|p2a: Heatran
|-start|p2a: Heatran|ability: Flash Fire
|
|-heal|p1a: Rotom-Wash|229\/304|[from] item: Leftovers
|turn|23
|
|move|p1a: Rotom-Wash|Hydro Pump|p2a: Heatran
|-supereffective|p2a: Heatran
|-damage|p2a: Heatran|128\/344
|move|p2a: Heatran|Lava Plume|p1a: Rotom-Wash
|-resisted|p1a: Rotom-Wash
|-damage|p1a: Rotom-Wash|142\/304
|
|-heal|p1a: Rotom-Wash|161\/304|[from] item: Leftovers
|-heal|p2a: Heatran|149\/344|[from] item: Leftovers
|turn|24
|c|âDoomed hi|miss
|
|move|p1a: Rotom-Wash|Hydro Pump|p2a: Heatran|[miss]
|-miss|p1a: Rotom-Wash|p2a: Heatran
|move|p2a: Heatran|Lava Plume|p1a: Rotom-Wash
|-resisted|p1a: Rotom-Wash
|-damage|p1a: Rotom-Wash|80\/304
|
|-heal|p1a: Rotom-Wash|99\/304|[from] item: Leftovers
|-heal|p2a: Heatran|170\/344|[from] item: Leftovers
|turn|25
|c|âDoomed hi|please
|c|âSnowballin|dammit
|c|âDoomed hi|hahahahahahahahah
|c|âSnowballin|LOL
|c|âSnowballin|DON'T LAUGH AT MY PAINN
|
|move|p1a: Rotom-Wash|Hydro Pump|p2a: Heatran
|-supereffective|p2a: Heatran
|-damage|p2a: Heatran|0 fnt
|faint|p2a: Heatran
|
|-heal|p1a: Rotom-Wash|118\/304|[from] item: Leftovers
|
|switch|p2a: Sharpedo|Sharpedo, M, shiny|282\/282
|turn|26
|
|move|p2a: Sharpedo|Protect|p2a: Sharpedo
|-singleturn|p2a: Sharpedo|Protect
|move|p1a: Rotom-Wash|Pain Split|p2a: Sharpedo
|-activate|p2a: Sharpedo|Protect
|
|-heal|p1a: Rotom-Wash|137\/304|[from] item: Leftovers
|-boost|p2a: Sharpedo|spe|1|[from] ability: Speed Boost
|turn|27
|c|âSnowballin|I swear to god
|
|move|p2a: Sharpedo|Crunch|p1a: Rotom-Wash
|-damage|p1a: Rotom-Wash|32\/304
|move|p1a: Rotom-Wash|Will-O-Wisp|p2a: Sharpedo
|-status|p2a: Sharpedo|brn
|
|-heal|p1a: Rotom-Wash|51\/304|[from] item: Leftovers
|-damage|p2a: Sharpedo|247\/282 brn|[from] brn
|-boost|p2a: Sharpedo|spe|1|[from] ability: Speed Boost
|turn|28
|c|âSnowballin|I'm switching to water gun
|c|âDoomed hi|noooooooooooooooooo
|c|âDoomed hi|wtf
|
|detailschange|p2a: Sharpedo|Sharpedo-Mega, M, shiny
|message|Sharpedo has Mega Evolved into Mega Sharpedo!
|move|p2a: Sharpedo|Crunch|p1a: Rotom-Wash
|-damage|p1a: Rotom-Wash|0 fnt
|faint|p1a: Rotom-Wash
|
|-damage|p2a: Sharpedo|212\/282 brn|[from] brn
|c|âSnowballin|it'll hit
|c|âSnowballin|LOL
|
|switch|p1a: Landorus-Therian|Landorus-Therian, M|358\/382
|-damage|p1a: Landorus-Therian|311\/382|[from] Stealth Rock
|-ability|p1a: Landorus-Therian|Intimidate|[of] p2a: Sharpedo
|-unboost|p2a: Sharpedo|atk|1
|turn|29
|
|move|p2a: Sharpedo|Waterfall|p1a: Landorus-Therian
|-supereffective|p1a: Landorus-Therian
|-damage|p1a: Landorus-Therian|219\/382
|move|p1a: Landorus-Therian|Earthquake|p2a: Sharpedo
|-damage|p2a: Sharpedo|0 fnt
|faint|p2a: Sharpedo
|
|-heal|p1a: Landorus-Therian|242\/382|[from] item: Leftovers
|
|switch|p2a: Gengar|Gengar, F|184\/262
|turn|30
|c|âDoomed hi|rwkt
|
|move|p2a: Gengar|Shadow Ball|p1a: Landorus-Therian
|-damage|p1a: Landorus-Therian|39\/382
|-unboost|p1a: Landorus-Therian|spd|1
|-damage|p2a: Gengar|158\/262|[from] item: Life Orb
|move|p1a: Landorus-Therian|Knock Off|p2a: Gengar
|-supereffective|p2a: Gengar
|-damage|p2a: Gengar|0 fnt
|-enditem|p2a: Gengar|Life Orb|[from] move: Knock Off|[of] p1a: Landorus-Therian
|faint|p2a: Gengar
|
|win|Snowballin
|raw|Ladder updating...
|c|âDoomed hi|please kill
|raw|Snowballin's rating: 1549 &rarr; <strong>1567<\/strong><br \/>(+18 for winning)
|raw|Doomed hi's rating: 1524 &rarr; <strong>1505<\/strong><br \/>(-19 for losing)
|c|âDoomed hi|noooooooooo
|c|âDoomed hi|gg