|join|Drikohnoob
|join|ULT DaSpoofy
|player|p1|Drikohnoob|169
|player|p2|ULT DaSpoofy|252
|gametype|singles
|gen|6
|tier|UU
|rated
|rule|Sleep Clause Mod: Limit one foe put to sleep
|rule|Species Clause: Limit one of each PokÃ©mon
|rule|OHKO Clause: OHKO moves are banned
|rule|Moody Clause: Moody is banned
|rule|Evasion Moves Clause: Evasion moves are banned
|rule|Endless Battle Clause: Forcing endless battles is banned
|rule|HP Percentage Mod: HP is shown in percentages
|clearpoke
|poke|p1|Arcanine, F
|poke|p1|Suicune
|poke|p1|Beedrill, F, shiny
|poke|p1|Galvantula, F
|poke|p1|Hydreigon, M
|poke|p1|Donphan, M
|poke|p2|Stunfisk, F
|poke|p2|Tangrowth, M
|poke|p2|Empoleon, F
|poke|p2|Absol, M
|poke|p2|Yanmega, F
|poke|p2|Entei, shiny
|rule|Swagger Clause: Swagger is banned
|rule|Baton Pass Clause: Limit one PokÃ©mon knowing Baton Pass
|teampreview
|
|start
|switch|p1a: Galvantula|Galvantula, F|281\/281
|switch|p2a: Absol|Absol, M|271\/271
|turn|1
|
|detailschange|p2a: Absol|Absol-Mega, M
|-mega|p2a: Absol|Absol|Absolite
|move|p2a: Absol|Protect|p2a: Absol
|-singleturn|p2a: Absol|Protect
|move|p1a: Galvantula|Bug Buzz|p2a: Absol
|-activate|p2a: Absol|Protect
|
|turn|2
|
|switch|p2a: Stunfisk|Stunfisk, F|422\/422
|move|p1a: Galvantula|Bug Buzz|p2a: Stunfisk
|-damage|p2a: Stunfisk|293\/422
|
|turn|3
|
|move|p1a: Galvantula|Sticky Web|p2a: Stunfisk
|-sidestart|p2: ULT DaSpoofy|move: Sticky Web
|move|p2a: Stunfisk|Earth Power|p1a: Galvantula
|-damage|p1a: Galvantula|143\/281
|
|turn|4
|
|switch|p1a: Suicune|Suicune|404\/404
|-ability|p1a: Suicune|Pressure
|move|p2a: Stunfisk|Scald|p1a: Suicune
|-crit|p1a: Suicune
|-resisted|p1a: Suicune
|-damage|p1a: Suicune|369\/404
|-status|p1a: Suicune|brn
|
|-heal|p1a: Suicune|394\/404 brn|[from] item: Leftovers
|-damage|p1a: Suicune|344\/404 brn|[from] brn
|turn|5
|
|switch|p2a: Empoleon|Empoleon, F|372\/372
|-activate|p2a: Empoleon|move: Sticky Web
|-unboost|p2a: Empoleon|spe|1
|move|p1a: Suicune|Calm Mind|p1a: Suicune
|-boost|p1a: Suicune|spa|1
|-boost|p1a: Suicune|spd|1
|
|-heal|p1a: Suicune|369\/404 brn|[from] item: Leftovers
|-damage|p1a: Suicune|319\/404 brn|[from] brn
|turn|6
|
|move|p1a: Suicune|Calm Mind|p1a: Suicune
|-boost|p1a: Suicune|spa|1
|-boost|p1a: Suicune|spd|1
|move|p2a: Empoleon|Defog|p1a: Suicune
|-unboost|p1a: Suicune|evasion|1
|-sideend|p2: ULT DaSpoofy|Sticky Web|[from] move: Defog|[of] p2a: Empoleon
|
|-heal|p1a: Suicune|344\/404 brn|[from] item: Leftovers
|-damage|p1a: Suicune|294\/404 brn|[from] brn
|turn|7
|c|âULT DaSpoofy|pls dont have rest
|
|move|p1a: Suicune|Calm Mind|p1a: Suicune
|-boost|p1a: Suicune|spa|1
|-boost|p1a: Suicune|spd|1
|move|p2a: Empoleon|Roar|p1a: Suicune
|drag|p1a: Donphan|Donphan, M|384\/384
|
|turn|8
|
|switch|p2a: Tangrowth|Tangrowth, M|404\/404
|move|p1a: Donphan|Earthquake|p2a: Tangrowth
|-resisted|p2a: Tangrowth
|-damage|p2a: Tangrowth|358\/404
|
|-heal|p2a: Tangrowth|383\/404|[from] item: Leftovers
|turn|9
|
|switch|p1a: Arcanine|Arcanine, F|383\/383
|-ability|p1a: Arcanine|Intimidate|[of] p2a: Tangrowth
|-unboost|p2a: Tangrowth|atk|1
|move|p2a: Tangrowth|Sleep Powder|p1a: Arcanine|[miss]
|-miss|p2a: Tangrowth|p1a: Arcanine
|
|-heal|p2a: Tangrowth|404\/404|[from] item: Leftovers
|turn|10
|
|switch|p2a: Entei|Entei, shiny|371\/371
|-ability|p2a: Entei|Pressure
|move|p1a: Arcanine|Will-O-Wisp|p2a: Entei
|-fail|p2a: Entei
|
|turn|11
|
|switch|p1a: Suicune|Suicune|294\/404 brn
|-ability|p1a: Suicune|Pressure
|move|p2a: Entei|Stone Edge|p1a: Suicune
|-damage|p1a: Suicune|175\/404 brn
|
|-heal|p1a: Suicune|200\/404 brn|[from] item: Leftovers
|-damage|p1a: Suicune|150\/404 brn|[from] brn
|turn|12
|
|switch|p2a: Empoleon|Empoleon, F|372\/372
|move|p1a: Suicune|Rest|p1a: Suicune
|-status|p1a: Suicune|slp
|-heal|p1a: Suicune|404\/404 slp|[silent]
|-status|p1a: Suicune|slp|[from] move: Rest
|
|turn|13
|
|cant|p1a: Suicune|slp
|move|p1a: Suicune|Sleep Talk|p1a: Suicune
|move|p1a: Suicune|Calm Mind|p1a: Suicune|[from]Sleep Talk
|-boost|p1a: Suicune|spa|1
|-boost|p1a: Suicune|spd|1
|move|p2a: Empoleon|Stealth Rock|p1a: Suicune
|-sidestart|p1: Drikohnoob|move: Stealth Rock
|
|turn|14
|
|cant|p1a: Suicune|slp
|move|p1a: Suicune|Sleep Talk|p1a: Suicune
|move|p1a: Suicune|Calm Mind|p1a: Suicune|[from]Sleep Talk
|-boost|p1a: Suicune|spa|1
|-boost|p1a: Suicune|spd|1
|move|p2a: Empoleon|Roar|p1a: Suicune
|drag|p1a: Hydreigon|Hydreigon, M|325\/325
|-damage|p1a: Hydreigon|285\/325|[from] Stealth Rock
|
|turn|15
|
|move|p1a: Hydreigon|Earth Power|p2a: Empoleon
|-supereffective|p2a: Empoleon
|-damage|p2a: Empoleon|210\/372
|move|p2a: Empoleon|Scald|p1a: Hydreigon
|-resisted|p1a: Hydreigon
|-damage|p1a: Hydreigon|231\/325
|
|-heal|p2a: Empoleon|233\/372|[from] item: Leftovers
|turn|16
|
|switch|p1a: Arcanine|Arcanine, F|383\/383
|-damage|p1a: Arcanine|288\/383|[from] Stealth Rock
|-ability|p1a: Arcanine|Intimidate|[of] p2a: Empoleon
|-unboost|p2a: Empoleon|atk|1
|switch|p2a: Yanmega|Yanmega, F|313\/313
|
|-heal|p1a: Arcanine|311\/383|[from] item: Leftovers
|turn|17
|
|switch|p2a: Entei|Entei, shiny|371\/371
|-ability|p2a: Entei|Pressure
|move|p1a: Arcanine|Will-O-Wisp|p2a: Entei
|-fail|p2a: Entei
|
|-heal|p1a: Arcanine|334\/383|[from] item: Leftovers
|turn|18
|
|switch|p1a: Donphan|Donphan, M|384\/384
|-damage|p1a: Donphan|360\/384|[from] Stealth Rock
|move|p2a: Entei|Sacred Fire|p1a: Donphan
|-damage|p1a: Donphan|186\/384
|
|-heal|p1a: Donphan|210\/384|[from] item: Leftovers
|turn|19
|
|switch|p2a: Tangrowth|Tangrowth, M|404\/404
|move|p1a: Donphan|Stealth Rock|p2a: Tangrowth
|-sidestart|p2: ULT DaSpoofy|move: Stealth Rock
|
|-heal|p1a: Donphan|234\/384|[from] item: Leftovers
|turn|20
|
|move|p2a: Tangrowth|Knock Off|p1a: Donphan
|-damage|p1a: Donphan|183\/384
|-enditem|p1a: Donphan|Leftovers|[from] move: Knock Off|[of] p2a: Tangrowth
|move|p1a: Donphan|Rapid Spin|p2a: Tangrowth
|-damage|p2a: Tangrowth|389\/404
|-sideend|p1: Drikohnoob|Stealth Rock|[from] move: Rapid Spin|[of] p1a: Donphan
|
|-heal|p2a: Tangrowth|404\/404|[from] item: Leftovers
|turn|21
|
|switch|p1a: Beedrill|Beedrill, F, shiny|271\/271
|move|p2a: Tangrowth|Giga Drain|p1a: Beedrill
|-resisted|p1a: Beedrill
|-damage|p1a: Beedrill|245\/271
|
|turn|22
|
|switch|p2a: Stunfisk|Stunfisk, F|293\/422
|-damage|p2a: Stunfisk|267\/422|[from] Stealth Rock
|detailschange|p1a: Beedrill|Beedrill-Mega, F, shiny
|-mega|p1a: Beedrill|Beedrill|Beedrillite
|move|p1a: Beedrill|U-turn|p2a: Stunfisk
|-damage|p2a: Stunfisk|115\/422
|-damage|p1a: Beedrill|200\/271|[from] item: Rocky Helmet|[of] p2a: Stunfisk
|
|switch|p1a: Galvantula|Galvantula, F|143\/281
|
|turn|23
|
|switch|p2a: Empoleon|Empoleon, F|233\/372
|-damage|p2a: Empoleon|210\/372|[from] Stealth Rock
|move|p1a: Galvantula|Sticky Web|p2a: Empoleon
|-sidestart|p2: ULT DaSpoofy|move: Sticky Web
|
|-heal|p2a: Empoleon|233\/372|[from] item: Leftovers
|turn|24
|
|switch|p2a: Stunfisk|Stunfisk, F|115\/422
|-damage|p2a: Stunfisk|89\/422|[from] Stealth Rock
|-activate|p2a: Stunfisk|move: Sticky Web
|-unboost|p2a: Stunfisk|spe|1
|move|p1a: Galvantula|Thunder|p2a: Stunfisk
|-immune|p2a: Stunfisk|[msg]
|
|turn|25
|
|move|p1a: Galvantula|Bug Buzz|p2a: Stunfisk
|-damage|p2a: Stunfisk|0 fnt
|faint|p2a: Stunfisk
|
|
|switch|p2a: Entei|Entei, shiny|371\/371
|-activate|p2a: Entei|move: Sticky Web
|-unboost|p2a: Entei|spe|1
|-damage|p2a: Entei|279\/371|[from] Stealth Rock
|-ability|p2a: Entei|Pressure
|turn|26
|
|switch|p1a: Suicune|Suicune|404\/404 slp
|-ability|p1a: Suicune|Pressure
|move|p2a: Entei|Extreme Speed|p1a: Suicune
|-damage|p1a: Suicune|314\/404 slp
|
|-heal|p1a: Suicune|339\/404 slp|[from] item: Leftovers
|turn|27
|
|switch|p2a: Empoleon|Empoleon, F|233\/372
|-activate|p2a: Empoleon|move: Sticky Web
|-unboost|p2a: Empoleon|spe|1
|-damage|p2a: Empoleon|210\/372|[from] Stealth Rock
|-curestatus|p1a: Suicune|slp
|move|p1a: Suicune|Calm Mind|p1a: Suicune
|-boost|p1a: Suicune|spa|1
|-boost|p1a: Suicune|spd|1
|
|-heal|p1a: Suicune|364\/404|[from] item: Leftovers
|-heal|p2a: Empoleon|233\/372|[from] item: Leftovers
|turn|28
|
|move|p1a: Suicune|Scald|p2a: Empoleon
|-crit|p2a: Empoleon
|-resisted|p2a: Empoleon
|-damage|p2a: Empoleon|167\/372
|move|p2a: Empoleon|Defog|p1a: Suicune
|-unboost|p1a: Suicune|evasion|1
|-sideend|p2: ULT DaSpoofy|Stealth Rock|[from] move: Defog|[of] p2a: Empoleon
|-sideend|p2: ULT DaSpoofy|Sticky Web|[from] move: Defog|[of] p2a: Empoleon
|
|-heal|p1a: Suicune|389\/404|[from] item: Leftovers
|-heal|p2a: Empoleon|190\/372|[from] item: Leftovers
|turn|29
|
|move|p1a: Suicune|Scald|p2a: Empoleon
|-resisted|p2a: Empoleon
|-damage|p2a: Empoleon|145\/372
|move|p2a: Empoleon|Roar|p1a: Suicune
|drag|p1a: Donphan|Donphan, M|183\/384
|
|-heal|p2a: Empoleon|168\/372|[from] item: Leftovers
|turn|30
|
|move|p1a: Donphan|Earthquake|p2a: Empoleon
|-supereffective|p2a: Empoleon
|-damage|p2a: Empoleon|0 fnt
|faint|p2a: Empoleon
|
|
|switch|p2a: Yanmega|Yanmega, F|313\/313
|turn|31
|c|âULT DaSpoofy|you are one sick bastard
|
|move|p1a: Donphan|Ice Shard|p2a: Yanmega
|-crit|p2a: Yanmega
|-supereffective|p2a: Yanmega
|-damage|p2a: Yanmega|181\/313
|move|p2a: Yanmega|Giga Drain|p1a: Donphan
|-supereffective|p1a: Donphan
|-damage|p1a: Donphan|0 fnt
|-heal|p2a: Yanmega|273\/313|[from] drain|[of] p1a: Donphan
|-damage|p2a: Yanmega|242\/313|[from] item: Life Orb
|faint|p1a: Donphan
|
|-boost|p2a: Yanmega|spe|1|[from] ability: Speed Boost
|
|switch|p1a: Hydreigon|Hydreigon, M|231\/325
|turn|32
|
|move|p2a: Yanmega|Protect|p2a: Yanmega
|-singleturn|p2a: Yanmega|Protect
|move|p1a: Hydreigon|Fire Blast|p2a: Yanmega
|-activate|p2a: Yanmega|Protect
|
|-boost|p2a: Yanmega|spe|1|[from] ability: Speed Boost
|turn|33
|
|move|p2a: Yanmega|Bug Buzz|p1a: Hydreigon
|-supereffective|p1a: Hydreigon
|-damage|p1a: Hydreigon|0 fnt
|-damage|p2a: Yanmega|211\/313|[from] item: Life Orb
|faint|p1a: Hydreigon
|
|-boost|p2a: Yanmega|spe|1|[from] ability: Speed Boost
|
|switch|p1a: Galvantula|Galvantula, F|143\/281
|turn|34
|
|move|p2a: Yanmega|Bug Buzz|p1a: Galvantula
|-damage|p1a: Galvantula|0 fnt
|-damage|p2a: Yanmega|180\/313|[from] item: Life Orb
|faint|p1a: Galvantula
|
|-boost|p2a: Yanmega|spe|1|[from] ability: Speed Boost
|
|switch|p1a: Arcanine|Arcanine, F|334\/383
|-ability|p1a: Arcanine|Intimidate|[of] p2a: Yanmega
|-unboost|p2a: Yanmega|atk|1
|turn|35
|
|switch|p2a: Entei|Entei, shiny|279\/371
|-ability|p2a: Entei|Pressure
|move|p1a: Arcanine|Flare Blitz|p2a: Entei
|-resisted|p2a: Entei
|-damage|p2a: Entei|195\/371
|-damage|p1a: Arcanine|306\/383|[from] recoil|[of] p2a: Entei
|
|-heal|p1a: Arcanine|329\/383|[from] item: Leftovers
|turn|36
|
|switch|p2a: Tangrowth|Tangrowth, M|404\/404
|switch|p1a: Suicune|Suicune|389\/404
|-ability|p1a: Suicune|Pressure
|
|-heal|p1a: Suicune|404\/404|[from] item: Leftovers
|turn|37
|
|switch|p1a: Beedrill|Beedrill-Mega, F, shiny|200\/271
|move|p2a: Tangrowth|Knock Off|p1a: Beedrill
|-damage|p1a: Beedrill|103\/271
|
|turn|38
|
|move|p1a: Beedrill|Poison Jab|p2a: Tangrowth
|-supereffective|p2a: Tangrowth
|-damage|p2a: Tangrowth|156\/404
|-status|p2a: Tangrowth|psn
|move|p2a: Tangrowth|Sleep Powder|p1a: Beedrill|[miss]
|-miss|p2a: Tangrowth|p1a: Beedrill
|
|-heal|p2a: Tangrowth|181\/404 psn|[from] item: Leftovers
|-damage|p2a: Tangrowth|131\/404 psn|[from] psn
|turn|39
|
|move|p1a: Beedrill|Poison Jab|p2a: Tangrowth
|-supereffective|p2a: Tangrowth
|-damage|p2a: Tangrowth|0 fnt
|faint|p2a: Tangrowth
|
|
|switch|p2a: Absol|Absol-Mega, M|271\/271
|turn|40
|
|move|p1a: Beedrill|Protect|p1a: Beedrill
|-singleturn|p1a: Beedrill|Protect
|move|p2a: Absol|Sucker Punch|p1a: Beedrill
|-fail|p2a: Absol
|
|turn|41
|
|switch|p1a: Suicune|Suicune|404\/404
|-ability|p1a: Suicune|Pressure
|move|p2a: Absol|Swords Dance|p2a: Absol
|-boost|p2a: Absol|atk|2
|
|turn|42
|
|move|p2a: Absol|Play Rough|p1a: Suicune
|-damage|p1a: Suicune|242\/404
|-unboost|p1a: Suicune|atk|1
|move|p1a: Suicune|Scald|p2a: Absol
|-damage|p2a: Absol|139\/271
|
|-heal|p1a: Suicune|267\/404|[from] item: Leftovers
|turn|43
|
|move|p2a: Absol|Sucker Punch|p1a: Suicune
|-damage|p1a: Suicune|35\/404
|move|p1a: Suicune|Scald|p2a: Absol
|-damage|p2a: Absol|0 fnt
|faint|p2a: Absol
|
|-heal|p1a: Suicune|60\/404|[from] item: Leftovers
|
|switch|p2a: Yanmega|Yanmega, F|180\/313
|turn|44
|
|move|p2a: Yanmega|Giga Drain|p1a: Suicune
|-supereffective|p1a: Suicune
|-damage|p1a: Suicune|0 fnt
|-heal|p2a: Yanmega|210\/313|[from] drain|[of] p1a: Suicune
|-damage|p2a: Yanmega|179\/313|[from] item: Life Orb
|faint|p1a: Suicune
|
|-boost|p2a: Yanmega|spe|1|[from] ability: Speed Boost
|
|switch|p1a: Arcanine|Arcanine, F|329\/383
|-ability|p1a: Arcanine|Intimidate|[of] p2a: Yanmega
|-unboost|p2a: Yanmega|atk|1
|turn|45
|
|move|p2a: Yanmega|Air Slash|p1a: Arcanine
|-damage|p1a: Arcanine|180\/383
|-damage|p2a: Yanmega|148\/313|[from] item: Life Orb
|move|p1a: Arcanine|Flare Blitz|p2a: Yanmega
|-supereffective|p2a: Yanmega
|-damage|p2a: Yanmega|0 fnt
|-damage|p1a: Arcanine|131\/383|[from] recoil|[of] p2a: Yanmega
|faint|p2a: Yanmega
|
|-heal|p1a: Arcanine|154\/383|[from] item: Leftovers
|
|switch|p2a: Entei|Entei, shiny|195\/371
|-ability|p2a: Entei|Pressure
|turn|46
|
|move|p2a: Entei|Extreme Speed|p1a: Arcanine
|-damage|p1a: Arcanine|0 fnt
|faint|p1a: Arcanine
|
|
|switch|p1a: Beedrill|Beedrill-Mega, F, shiny|103\/271
|turn|47
|
|move|p1a: Beedrill|Protect|p1a: Beedrill
|-singleturn|p1a: Beedrill|Protect
|move|p2a: Entei|Extreme Speed|p1a: Beedrill
|-activate|p1a: Beedrill|Protect
|
|turn|48
|c|âDrikohnoob|gg
|
|move|p2a: Entei|Extreme Speed|p1a: Beedrill
|-damage|p1a: Beedrill|0 fnt
|faint|p1a: Beedrill
|
|win|ULT DaSpoofy
|raw|Ladder updating...
|raw|Drikohnoob's rating: 1318 &rarr; <strong>1303<\/strong><br \/>(-15 for losing)
|raw|ULT DaSpoofy's rating: 1402 &rarr; <strong>1417<\/strong><br \/>(+15 for winning)
|leave|Drikohnoob
|player|p1