|join|LeifErikson1
|join|ULT DaSpoofy
|c|âULT DaSpoofy|lol liefEricksen
|player|p1|LeifErikson1|10
|player|p2|ULT DaSpoofy|252
|gametype|singles
|gen|6
|tier|UU
|rated
|rule|Sleep Clause Mod: Limit one foe put to sleep
|rule|Species Clause: Limit one of each PokÃ©mon
|rule|OHKO Clause: OHKO moves are banned
|rule|Moody Clause: Moody is banned
|rule|Evasion Moves Clause: Evasion moves are banned
|rule|Endless Battle Clause: Forcing endless battles is banned
|rule|HP Percentage Mod: HP is shown in percentages
|clearpoke
|poke|p1|Infernape, M
|poke|p1|Kyurem
|poke|p1|Slowking, M
|poke|p1|Hitmonlee, M
|poke|p1|Ampharos, F
|poke|p1|Krookodile, F
|poke|p2|Stunfisk, M
|poke|p2|Tangrowth, F
|poke|p2|Empoleon, M
|poke|p2|Absol, F
|poke|p2|Yanmega, M
|poke|p2|Entei, shiny
|rule|Swagger Clause: Swagger is banned
|rule|Baton Pass Clause: Limit one PokÃ©mon knowing Baton Pass
|teampreview
|c|âULT DaSpoofy|son*
|c|âLeifErikson1|hello
|
|start
|switch|p1a: Krookodile|Krookodile, F|331\/331
|switch|p2a: Tangrowth|Tangrowth, F|404\/404
|-ability|p1a: Krookodile|Intimidate|[of] p2a: Tangrowth
|-unboost|p2a: Tangrowth|atk|1
|turn|1
|c|âULT DaSpoofy|easy with that timer my man
|
|move|p1a: Krookodile|Knock Off|p2a: Tangrowth
|-damage|p2a: Tangrowth|247\/404
|-enditem|p2a: Tangrowth|Leftovers|[from] move: Knock Off|[of] p1a: Krookodile
|move|p2a: Tangrowth|Sleep Powder|p1a: Krookodile
|-status|p1a: Krookodile|slp
|
|turn|2
|
|switch|p1a: Kyurem|Kyurem|453\/453
|-ability|p1a: Kyurem|Pressure
|move|p2a: Tangrowth|Knock Off|p1a: Kyurem
|-damage|p1a: Kyurem|404\/453
|-enditem|p1a: Kyurem|Assault Vest|[from] move: Knock Off|[of] p2a: Tangrowth
|
|turn|3
|
|switch|p1a: Ampharos|Ampharos, F|321\/321
|switch|p2a: Empoleon|Empoleon, M|372\/372
|
|turn|4
|
|detailschange|p1a: Ampharos|Ampharos-Mega, F
|-mega|p1a: Ampharos|Ampharos|Ampharosite
|-ability|p1a: Ampharos|Mold Breaker
|move|p1a: Ampharos|Focus Blast|p2a: Empoleon
|-supereffective|p2a: Empoleon
|-damage|p2a: Empoleon|88\/372
|move|p2a: Empoleon|Stealth Rock|p1a: Ampharos
|-sidestart|p1: LeifErikson1|move: Stealth Rock
|
|-heal|p2a: Empoleon|111\/372|[from] item: Leftovers
|turn|5
|
|switch|p2a: Stunfisk|Stunfisk, M|422\/422
|move|p1a: Ampharos|Thunderbolt|p2a: Stunfisk
|-immune|p2a: Stunfisk|[msg]
|
|turn|6
|
|switch|p1a: Slowking|Slowking, M|394\/394
|-damage|p1a: Slowking|345\/394|[from] Stealth Rock
|move|p2a: Stunfisk|Earth Power|p1a: Slowking
|-damage|p1a: Slowking|261\/394
|
|-heal|p1a: Slowking|285\/394|[from] item: Leftovers
|turn|7
|
|switch|p2a: Empoleon|Empoleon, M|111\/372
|move|p1a: Slowking|Scald|p2a: Empoleon
|-resisted|p2a: Empoleon
|-damage|p2a: Empoleon|77\/372
|-status|p2a: Empoleon|brn
|
|-heal|p2a: Empoleon|100\/372 brn|[from] item: Leftovers
|-heal|p1a: Slowking|309\/394|[from] item: Leftovers
|-damage|p2a: Empoleon|54\/372 brn|[from] brn
|turn|8
|
|switch|p1a: Krookodile|Krookodile, F|331\/331 slp
|-damage|p1a: Krookodile|311\/331 slp|[from] Stealth Rock
|-ability|p1a: Krookodile|Intimidate|[of] p2a: Empoleon
|-unboost|p2a: Empoleon|atk|1
|move|p2a: Empoleon|Scald|p1a: Krookodile
|-supereffective|p1a: Krookodile
|-damage|p1a: Krookodile|0 fnt
|faint|p1a: Krookodile
|
|-heal|p2a: Empoleon|77\/372 brn|[from] item: Leftovers
|-damage|p2a: Empoleon|31\/372 brn|[from] brn
|
|switch|p1a: Hitmonlee|Hitmonlee, M|242\/242
|-damage|p1a: Hitmonlee|227\/242|[from] Stealth Rock
|turn|9
|
|switch|p2a: Stunfisk|Stunfisk, M|422\/422
|move|p1a: Hitmonlee|Rapid Spin|p2a: Stunfisk
|-enditem|p1a: Hitmonlee|Normal Gem|[from] gem|[move] Rapid Spin
|-damage|p2a: Stunfisk|394\/422
|-damage|p1a: Hitmonlee|187\/242|[from] item: Rocky Helmet|[of] p2a: Stunfisk
|-sideend|p1: LeifErikson1|Stealth Rock|[from] move: Rapid Spin|[of] p1a: Hitmonlee
|
|turn|10
|
|move|p1a: Hitmonlee|Earthquake|p2a: Stunfisk
|-supereffective|p2a: Stunfisk
|-damage|p2a: Stunfisk|204\/422
|move|p2a: Stunfisk|Discharge|p1a: Hitmonlee
|-damage|p1a: Hitmonlee|117\/242
|
|turn|11
|
|switch|p2a: Yanmega|Yanmega, M|313\/313
|move|p1a: Hitmonlee|High Jump Kick|p2a: Yanmega
|-resisted|p2a: Yanmega
|-damage|p2a: Yanmega|242\/313
|
|turn|12
|
|switch|p1a: Kyurem|Kyurem|404\/453
|-ability|p1a: Kyurem|Pressure
|move|p2a: Yanmega|Air Slash|p1a: Kyurem
|-crit|p1a: Kyurem
|-damage|p1a: Kyurem|118\/453
|-damage|p2a: Yanmega|211\/313|[from] item: Life Orb
|
|-boost|p2a: Yanmega|spe|1|[from] ability: Speed Boost
|turn|13
|
|move|p2a: Yanmega|Protect|p2a: Yanmega
|-singleturn|p2a: Yanmega|Protect
|move|p1a: Kyurem|Ice Beam|p2a: Yanmega
|-activate|p2a: Yanmega|Protect
|
|-boost|p2a: Yanmega|spe|1|[from] ability: Speed Boost
|turn|14
|
|move|p2a: Yanmega|Bug Buzz|p1a: Kyurem
|-damage|p1a: Kyurem|0 fnt
|-damage|p2a: Yanmega|180\/313|[from] item: Life Orb
|faint|p1a: Kyurem
|
|-boost|p2a: Yanmega|spe|1|[from] ability: Speed Boost
|
|switch|p1a: Ampharos|Ampharos-Mega, F|321\/321
|-ability|p1a: Ampharos|Mold Breaker
|turn|15
|
|switch|p2a: Empoleon|Empoleon, M|31\/372 brn
|move|p1a: Ampharos|Dragon Pulse|p2a: Empoleon
|-resisted|p2a: Empoleon
|-damage|p2a: Empoleon|0 fnt
|faint|p2a: Empoleon
|
|
|switch|p2a: Absol|Absol, F|271\/271
|turn|16
|
|switch|p1a: Hitmonlee|Hitmonlee, M|117\/242
|detailschange|p2a: Absol|Absol-Mega, F
|-mega|p2a: Absol|Absol|Absolite
|move|p2a: Absol|Play Rough|p1a: Hitmonlee
|-supereffective|p1a: Hitmonlee
|-damage|p1a: Hitmonlee|0 fnt
|faint|p1a: Hitmonlee
|
|
|switch|p1a: Infernape|Infernape, M|293\/293
|turn|17
|
|switch|p2a: Stunfisk|Stunfisk, M|204\/422
|move|p1a: Infernape|Focus Blast|p2a: Stunfisk
|-damage|p2a: Stunfisk|35\/422
|
|turn|18
|c|âULT DaSpoofy|yummy specail
|
|move|p1a: Infernape|Fire Blast|p2a: Stunfisk
|-damage|p2a: Stunfisk|0 fnt
|faint|p2a: Stunfisk
|
|
|switch|p2a: Entei|Entei, shiny|371\/371
|-ability|p2a: Entei|Pressure
|turn|19
|
|switch|p1a: Slowking|Slowking, M|394\/394
|move|p2a: Entei|Extreme Speed|p1a: Slowking
|-damage|p1a: Slowking|280\/394
|
|-heal|p1a: Slowking|304\/394|[from] item: Leftovers
|turn|20
|
|switch|p2a: Absol|Absol-Mega, F|271\/271
|move|p1a: Slowking|Scald|p2a: Absol
|-damage|p2a: Absol|138\/271
|
|-heal|p1a: Slowking|328\/394|[from] item: Leftovers
|turn|21
|
|move|p2a: Absol|Swords Dance|p2a: Absol
|-boost|p2a: Absol|atk|2
|move|p1a: Slowking|Scald|p2a: Absol
|-damage|p2a: Absol|3\/271
|
|-heal|p1a: Slowking|352\/394|[from] item: Leftovers
|turn|22
|
|move|p2a: Absol|Sucker Punch|p1a: Slowking
|-supereffective|p1a: Slowking
|-damage|p1a: Slowking|0 fnt
|faint|p1a: Slowking
|
|
|switch|p1a: Infernape|Infernape, M|293\/293
|turn|23
|
|move|p2a: Absol|Protect|p2a: Absol
|-singleturn|p2a: Absol|Protect
|move|p1a: Infernape|Fire Blast|p2a: Absol
|-activate|p2a: Absol|Protect
|
|turn|24
|
|move|p2a: Absol|Sucker Punch|p1a: Infernape
|-resisted|p1a: Infernape
|-damage|p1a: Infernape|70\/293
|-enditem|p1a: Infernape|Salac Berry|[eat]
|-boost|p1a: Infernape|spe|1|[from] item: Salac Berry
|move|p1a: Infernape|Fire Blast|p2a: Absol
|-damage|p2a: Absol|0 fnt
|faint|p2a: Absol
|
|
|switch|p2a: Entei|Entei, shiny|371\/371
|-ability|p2a: Entei|Pressure
|turn|25
|
|move|p2a: Entei|Extreme Speed|p1a: Infernape
|-damage|p1a: Infernape|0 fnt
|faint|p1a: Infernape
|
|
|switch|p1a: Ampharos|Ampharos-Mega, F|321\/321
|-ability|p1a: Ampharos|Mold Breaker
|turn|26
|
|move|p2a: Entei|Extreme Speed|p1a: Ampharos
|-damage|p1a: Ampharos|177\/321
|move|p1a: Ampharos|Thunderbolt|p2a: Entei
|-damage|p2a: Entei|113\/371
|-status|p2a: Entei|par
|
|turn|27
|
|move|p2a: Entei|Extreme Speed|p1a: Ampharos
|-damage|p1a: Ampharos|34\/321
|move|p1a: Ampharos|Thunderbolt|p2a: Entei
|-damage|p2a: Entei|0 fnt
|faint|p2a: Entei
|
|
|switch|p2a: Tangrowth|Tangrowth, F|381\/404
|turn|28
|c|âULT DaSpoofy|gg
|
|move|p1a: Ampharos|Dragon Pulse|p2a: Tangrowth
|-damage|p2a: Tangrowth|23\/404
|move|p2a: Tangrowth|Sludge Bomb|p1a: Ampharos
|-crit|p1a: Ampharos
|-damage|p1a: Ampharos|0 fnt
|faint|p1a: Ampharos
|
|win|ULT DaSpoofy
|raw|Ladder updating...
|raw|LeifErikson1's rating: 1389 &rarr; <strong>1368<\/strong><br \/>(-21 for losing)
|raw|ULT DaSpoofy's rating: 1381 &rarr; <strong>1402<\/strong><br \/>(+21 for winning)
|leave|LeifErikson1