|join|ULT DaSpoofy
|join|ThE0 Trolopoulos
|player|p1|ULT DaSpoofy|252
|player|p2|ThE0 Trolopoulos|102
|gametype|singles
|gen|6
|tier|UU
|rated
|rule|Sleep Clause Mod: Limit one foe put to sleep
|rule|Species Clause: Limit one of each PokÃ©mon
|rule|OHKO Clause: OHKO moves are banned
|rule|Moody Clause: Moody is banned
|rule|Evasion Moves Clause: Evasion moves are banned
|rule|Endless Battle Clause: Forcing endless battles is banned
|rule|HP Percentage Mod: HP is shown in percentages
|clearpoke
|poke|p1|Mismagius, F
|poke|p1|Arcanine, M
|poke|p1|Empoleon, M
|poke|p1|Chesnaught, M
|poke|p1|Snorlax, F
|poke|p1|Ampharos, F
|poke|p2|Serperior, F
|poke|p2|Entei, shiny
|poke|p2|Blastoise, M
|poke|p2|Jirachi
|poke|p2|Crobat, M
|poke|p2|Nidoqueen, F
|rule|Swagger Clause: Swagger is banned
|rule|Baton Pass Clause: Limit one PokÃ©mon knowing Baton Pass
|teampreview
|
|start
|switch|p1a: Empoleon|Empoleon, M|372\/372
|switch|p2a: Blastoise|Blastoise, M|358\/358
|turn|1
|
|switch|p1a: Chesnaught|Chesnaught, M|380\/380
|detailschange|p2a: Blastoise|Blastoise-Mega, M
|-mega|p2a: Blastoise|Blastoise|Blastoisinite
|move|p2a: Blastoise|Aura Sphere|p1a: Chesnaught
|-immune|p1a: Chesnaught|[msg]|[from] Bulletproof
|
|turn|2
|
|switch|p2a: Serperior|Serperior, F|293\/293
|move|p1a: Chesnaught|Spiky Shield|p1a: Chesnaught
|-fail|p1a: Chesnaught
|
|turn|3
|
|move|p2a: Serperior|Leaf Storm|p1a: Chesnaught
|-resisted|p1a: Chesnaught
|-damage|p1a: Chesnaught|249\/380
|-boost|p2a: Serperior|spa|2
|-damage|p2a: Serperior|264\/293|[from] item: Life Orb
|move|p1a: Chesnaught|Hammer Arm|p2a: Serperior
|-damage|p2a: Serperior|135\/293
|-unboost|p1a: Chesnaught|spe|1
|
|-heal|p1a: Chesnaught|272\/380|[from] item: Leftovers
|turn|4
|
|move|p2a: Serperior|Synthesis|p2a: Serperior
|-heal|p2a: Serperior|281\/293
|move|p1a: Chesnaught|Hammer Arm|p2a: Serperior
|-damage|p2a: Serperior|148\/293
|-unboost|p1a: Chesnaught|spe|1
|
|-heal|p1a: Chesnaught|295\/380|[from] item: Leftovers
|turn|5
|
|move|p2a: Serperior|Synthesis|p2a: Serperior
|-heal|p2a: Serperior|293\/293
|move|p1a: Chesnaught|Hammer Arm|p2a: Serperior
|-damage|p2a: Serperior|152\/293
|-unboost|p1a: Chesnaught|spe|1
|
|-heal|p1a: Chesnaught|318\/380|[from] item: Leftovers
|turn|6
|
|move|p2a: Serperior|Synthesis|p2a: Serperior
|-heal|p2a: Serperior|293\/293
|move|p1a: Chesnaught|Hammer Arm|p2a: Serperior
|-damage|p2a: Serperior|167\/293
|-unboost|p1a: Chesnaught|spe|1
|
|-heal|p1a: Chesnaught|341\/380|[from] item: Leftovers
|turn|7
|
|move|p2a: Serperior|Synthesis|p2a: Serperior
|-heal|p2a: Serperior|293\/293
|move|p1a: Chesnaught|Hammer Arm|p2a: Serperior
|-damage|p2a: Serperior|169\/293
|-unboost|p1a: Chesnaught|spe|1
|
|-heal|p1a: Chesnaught|364\/380|[from] item: Leftovers
|turn|8
|
|move|p2a: Serperior|Leaf Storm|p1a: Chesnaught
|-resisted|p1a: Chesnaught
|-damage|p1a: Chesnaught|82\/380
|-boost|p2a: Serperior|spa|2
|-damage|p2a: Serperior|140\/293|[from] item: Life Orb
|move|p1a: Chesnaught|Hammer Arm|p2a: Serperior
|-damage|p2a: Serperior|14\/293
|-unboost|p1a: Chesnaught|spe|1
|
|-heal|p1a: Chesnaught|105\/380|[from] item: Leftovers
|turn|9
|
|move|p2a: Serperior|Synthesis|p2a: Serperior
|-heal|p2a: Serperior|160\/293
|move|p1a: Chesnaught|Hammer Arm|p2a: Serperior
|-damage|p2a: Serperior|27\/293
|
|-heal|p1a: Chesnaught|128\/380|[from] item: Leftovers
|turn|10
|
|switch|p1a: Arcanine|Arcanine, M|325\/325
|-ability|p1a: Arcanine|Intimidate|[of] p2a: Serperior
|-boost|p2a: Serperior|atk|1
|move|p2a: Serperior|Synthesis|p2a: Serperior
|-heal|p2a: Serperior|173\/293
|
|turn|11
|
|switch|p2a: Blastoise|Blastoise-Mega, M|358\/358
|move|p1a: Arcanine|Extreme Speed|p2a: Blastoise
|-damage|p2a: Blastoise|283\/358
|
|turn|12
|
|switch|p1a: Ampharos|Ampharos, F|368\/368
|move|p2a: Blastoise|Scald|p1a: Ampharos
|-damage|p1a: Ampharos|182\/368
|
|turn|13
|
|switch|p2a: Nidoqueen|Nidoqueen, F|353\/353
|detailschange|p1a: Ampharos|Ampharos-Mega, F
|-mega|p1a: Ampharos|Ampharos|Ampharosite
|-ability|p1a: Ampharos|Mold Breaker
|move|p1a: Ampharos|Volt Switch|p2a: Nidoqueen
|-immune|p2a: Nidoqueen|[msg]
|
|turn|14
|
|switch|p1a: Snorlax|Snorlax, F|520\/520
|move|p2a: Nidoqueen|Stealth Rock|p1a: Snorlax
|-sidestart|p1: ULT DaSpoofy|move: Stealth Rock
|
|turn|15
|
|switch|p2a: Jirachi|Jirachi|341\/341
|move|p1a: Snorlax|Curse|p1a: Snorlax
|-boost|p1a: Snorlax|atk|1
|-boost|p1a: Snorlax|def|1
|-unboost|p1a: Snorlax|spe|1
|
|turn|16
|
|switch|p1a: Ampharos|Ampharos-Mega, F|182\/368
|-damage|p1a: Ampharos|136\/368|[from] Stealth Rock
|-ability|p1a: Ampharos|Mold Breaker
|move|p2a: Jirachi|U-turn|p1a: Ampharos
|-damage|p1a: Ampharos|73\/368
|
|switch|p2a: Nidoqueen|Nidoqueen, F|353\/353
|
|turn|17
|
|switch|p1a: Snorlax|Snorlax, F|520\/520
|-damage|p1a: Snorlax|455\/520|[from] Stealth Rock
|move|p2a: Nidoqueen|Sludge Wave|p1a: Snorlax
|-crit|p1a: Snorlax
|-damage|p1a: Snorlax|217\/520
|
|-heal|p1a: Snorlax|249\/520|[from] item: Leftovers
|turn|18
|
|move|p2a: Nidoqueen|Sludge Wave|p1a: Snorlax
|-damage|p1a: Snorlax|109\/520
|move|p1a: Snorlax|Rest|p1a: Snorlax
|-status|p1a: Snorlax|slp
|-heal|p1a: Snorlax|520\/520 slp|[silent]
|-status|p1a: Snorlax|slp|[from] move: Rest
|
|turn|19
|
|switch|p2a: Jirachi|Jirachi|341\/341
|cant|p1a: Snorlax|slp
|move|p1a: Snorlax|Sleep Talk|p1a: Snorlax
|move|p1a: Snorlax|Return|p2a: Jirachi|[from]Sleep Talk
|-resisted|p2a: Jirachi
|-damage|p2a: Jirachi|276\/341
|
|turn|20
|join|YoungLegend
|
|switch|p1a: Ampharos|Ampharos-Mega, F|73\/368
|-damage|p1a: Ampharos|27\/368|[from] Stealth Rock
|-ability|p1a: Ampharos|Mold Breaker
|move|p2a: Jirachi|U-turn|p1a: Ampharos
|-damage|p1a: Ampharos|0 fnt
|faint|p1a: Ampharos
|
|switch|p2a: Entei|Entei, shiny|371\/371
|-ability|p2a: Entei|Pressure
|
|
|switch|p1a: Arcanine|Arcanine, M|325\/325
|-damage|p1a: Arcanine|244\/325|[from] Stealth Rock
|-ability|p1a: Arcanine|Intimidate|[of] p2a: Entei
|-unboost|p2a: Entei|atk|1
|turn|21
|
|switch|p1a: Chesnaught|Chesnaught, M|128\/380
|-damage|p1a: Chesnaught|105\/380|[from] Stealth Rock
|move|p2a: Entei|Stone Edge|p1a: Chesnaught
|-resisted|p1a: Chesnaught
|-damage|p1a: Chesnaught|70\/380
|
|-heal|p1a: Chesnaught|93\/380|[from] item: Leftovers
|turn|22
|
|switch|p2a: Nidoqueen|Nidoqueen, F|353\/353
|switch|p1a: Arcanine|Arcanine, M|244\/325
|-damage|p1a: Arcanine|163\/325|[from] Stealth Rock
|-ability|p1a: Arcanine|Intimidate|[of] p2a: Nidoqueen
|-unboost|p2a: Nidoqueen|atk|1
|
|-heal|p1a: Arcanine|183\/325|[from] item: Leftovers
|turn|23
|
|switch|p1a: Empoleon|Empoleon, M|372\/372
|-damage|p1a: Empoleon|349\/372|[from] Stealth Rock
|move|p2a: Nidoqueen|Sludge Wave|p1a: Empoleon
|-immune|p1a: Empoleon|[msg]
|
|-heal|p1a: Empoleon|372\/372|[from] item: Leftovers
|turn|24
|join|xMarth
|
|move|p2a: Nidoqueen|Earth Power|p1a: Empoleon
|-supereffective|p1a: Empoleon
|-damage|p1a: Empoleon|44\/372
|move|p1a: Empoleon|Scald|p2a: Nidoqueen
|-supereffective|p2a: Nidoqueen
|-damage|p2a: Nidoqueen|0 fnt
|faint|p2a: Nidoqueen
|
|-heal|p1a: Empoleon|67\/372|[from] item: Leftovers
|
|switch|p2a: Serperior|Serperior, F|173\/293
|turn|25
|
|move|p2a: Serperior|Leaf Storm|p1a: Empoleon|[miss]
|-miss|p2a: Serperior|p1a: Empoleon
|move|p1a: Empoleon|Knock Off|p2a: Serperior
|-damage|p2a: Serperior|107\/293
|-enditem|p2a: Serperior|Life Orb|[from] move: Knock Off|[of] p1a: Empoleon
|
|-heal|p1a: Empoleon|90\/372|[from] item: Leftovers
|turn|26
|
|move|p2a: Serperior|Synthesis|p2a: Serperior
|-heal|p2a: Serperior|253\/293
|move|p1a: Empoleon|Scald|p2a: Serperior
|-resisted|p2a: Serperior
|-damage|p2a: Serperior|173\/293
|
|-heal|p1a: Empoleon|113\/372|[from] item: Leftovers
|turn|27
|
|move|p2a: Serperior|Leaf Storm|p1a: Empoleon
|-damage|p1a: Empoleon|0 fnt
|-boost|p2a: Serperior|spa|2
|faint|p1a: Empoleon
|
|
|switch|p1a: Mismagius|Mismagius, F|261\/261
|-damage|p1a: Mismagius|229\/261|[from] Stealth Rock
|turn|28
|
|move|p1a: Mismagius|Shadow Ball|p2a: Serperior
|-damage|p2a: Serperior|47\/293
|-boost|p2a: Serperior|spd|1
|move|p2a: Serperior|Leaf Storm|p1a: Mismagius
|-damage|p1a: Mismagius|0 fnt
|-boost|p2a: Serperior|spa|2
|faint|p1a: Mismagius
|
|
|switch|p1a: Arcanine|Arcanine, M|183\/325
|-damage|p1a: Arcanine|102\/325|[from] Stealth Rock
|-ability|p1a: Arcanine|Intimidate|[of] p2a: Serperior
|-boost|p2a: Serperior|atk|1
|turn|29
|leave|xMarth
|
|move|p1a: Arcanine|Extreme Speed|p2a: Serperior
|-damage|p2a: Serperior|0 fnt
|faint|p2a: Serperior
|
|-heal|p1a: Arcanine|122\/325|[from] item: Leftovers
|
|switch|p2a: Blastoise|Blastoise-Mega, M|283\/358
|turn|30
|
|move|p1a: Arcanine|Wild Charge|p2a: Blastoise
|-supereffective|p2a: Blastoise
|-damage|p2a: Blastoise|103\/358
|-damage|p1a: Arcanine|77\/325|[from] recoil|[of] p2a: Blastoise
|move|p2a: Blastoise|Scald|p1a: Arcanine
|-supereffective|p1a: Arcanine
|-damage|p1a: Arcanine|0 fnt
|faint|p1a: Arcanine
|
|
|switch|p1a: Chesnaught|Chesnaught, M|93\/380
|-damage|p1a: Chesnaught|70\/380|[from] Stealth Rock
|turn|31
|
|move|p2a: Blastoise|Scald|p1a: Chesnaught
|-resisted|p1a: Chesnaught
|-damage|p1a: Chesnaught|0 fnt
|faint|p1a: Chesnaught
|
|
|switch|p1a: Snorlax|Snorlax, F|520\/520 slp
|-damage|p1a: Snorlax|455\/520 slp|[from] Stealth Rock
|turn|32
|
|move|p2a: Blastoise|Aura Sphere|p1a: Snorlax
|-supereffective|p1a: Snorlax
|-damage|p1a: Snorlax|249\/520 slp
|cant|p1a: Snorlax|slp
|move|p1a: Snorlax|Sleep Talk|p1a: Snorlax
|move|p1a: Snorlax|Curse|p1a: Snorlax|[from]Sleep Talk
|-boost|p1a: Snorlax|atk|1
|-boost|p1a: Snorlax|def|1
|-unboost|p1a: Snorlax|spe|1
|
|-heal|p1a: Snorlax|281\/520 slp|[from] item: Leftovers
|turn|33
|
|switch|p2a: Jirachi|Jirachi|276\/341
|-curestatus|p1a: Snorlax|slp
|move|p1a: Snorlax|Rest|p1a: Snorlax
|-status|p1a: Snorlax|slp
|-heal|p1a: Snorlax|520\/520 slp|[silent]
|-status|p1a: Snorlax|slp|[from] move: Rest
|
|turn|34
|
|move|p2a: Jirachi|Trick|p1a: Snorlax
|-activate|p2a: Jirachi|move: Trick|[of] p1a: Snorlax
|-item|p1a: Snorlax|Choice Scarf|[from] move: Trick
|-item|p2a: Jirachi|Leftovers|[from] move: Trick
|cant|p1a: Snorlax|slp
|
|-heal|p2a: Jirachi|297\/341|[from] item: Leftovers
|turn|35
|
|move|p2a: Jirachi|Iron Head|p1a: Snorlax
|-damage|p1a: Snorlax|417\/520 slp
|cant|p1a: Snorlax|slp
|
|-heal|p2a: Jirachi|318\/341|[from] item: Leftovers
|turn|36
|
|move|p2a: Jirachi|Iron Head|p1a: Snorlax
|-damage|p1a: Snorlax|314\/520 slp
|-curestatus|p1a: Snorlax|slp
|cant|p1a: Snorlax|flinch
|
|-heal|p2a: Jirachi|339\/341|[from] item: Leftovers
|turn|37
|
|move|p2a: Jirachi|Iron Head|p1a: Snorlax
|-damage|p1a: Snorlax|203\/520
|cant|p1a: Snorlax|flinch
|
|-heal|p2a: Jirachi|341\/341|[from] item: Leftovers
|turn|38
|
|move|p2a: Jirachi|Iron Head|p1a: Snorlax
|-damage|p1a: Snorlax|91\/520
|cant|p1a: Snorlax|flinch
|
|turn|39
|c|âThE0 Trolopoulos|what move did u use?
|c|âULT DaSpoofy|retern
|c|âULT DaSpoofy|so if you didnt flinch you still would have won
|c|âULT DaSpoofy|gg
|c|âThE0 Trolopoulos|gg
|
|move|p2a: Jirachi|Iron Head|p1a: Snorlax
|-damage|p1a: Snorlax|0 fnt
|faint|p1a: Snorlax
|
|win|ThE0 Trolopoulos
|raw|Ladder updating...
|raw|ULT DaSpoofy's rating: 1472 &rarr; <strong>1447<\/strong><br \/>(-25 for losing)
|raw|ThE0 Trolopoulos's rating: 1385 &rarr; <strong>1409<\/strong><br \/>(+24 for winning)