|join|Heracrotest
|join|ULT DaSpoofy
|player|p1|Heracrotest|201
|player|p2|ULT DaSpoofy|252
|gametype|singles
|gen|6
|tier|UU
|rated
|rule|Sleep Clause Mod: Limit one foe put to sleep
|rule|Species Clause: Limit one of each PokÃ©mon
|rule|OHKO Clause: OHKO moves are banned
|rule|Moody Clause: Moody is banned
|rule|Evasion Moves Clause: Evasion moves are banned
|rule|Endless Battle Clause: Forcing endless battles is banned
|rule|HP Percentage Mod: HP is shown in percentages
|clearpoke
|poke|p1|Houndoom, F
|poke|p1|Toxicroak, F
|poke|p1|Gligar, F
|poke|p1|Milotic, M
|poke|p1|Forretress, M
|poke|p1|Shaymin
|poke|p2|Stunfisk, F
|poke|p2|Tangrowth, M
|poke|p2|Empoleon, M
|poke|p2|Absol, F
|poke|p2|Yanmega, F
|poke|p2|Entei, shiny
|rule|Swagger Clause: Swagger is banned
|rule|Baton Pass Clause: Limit one PokÃ©mon knowing Baton Pass
|teampreview
|
|start
|switch|p1a: Toxicroak|Toxicroak, F|307\/307
|switch|p2a: Absol|Absol, F|271\/271
|turn|1
|
|switch|p2a: Stunfisk|Stunfisk, F|422\/422
|move|p1a: Toxicroak|Drain Punch|p2a: Stunfisk
|-damage|p2a: Stunfisk|284\/422
|-status|p1a: Toxicroak|par
|-damage|p1a: Toxicroak|256\/307 par|[from] item: Rocky Helmet|[of] p2a: Stunfisk
|-damage|p1a: Toxicroak|226\/307 par|[from] item: Life Orb
|
|turn|2
|
|switch|p1a: Shaymin|Shaymin|341\/341
|move|p2a: Stunfisk|Earth Power|p1a: Shaymin
|-resisted|p1a: Shaymin
|-damage|p1a: Shaymin|295\/341
|
|-heal|p1a: Shaymin|316\/341|[from] item: Leftovers
|turn|3
|
|switch|p2a: Entei|Entei, shiny|371\/371
|-ability|p2a: Entei|Pressure
|move|p1a: Shaymin|Substitute|p1a: Shaymin
|-start|p1a: Shaymin|Substitute
|-damage|p1a: Shaymin|231\/341
|
|-heal|p1a: Shaymin|252\/341|[from] item: Leftovers
|turn|4
|
|switch|p2a: Yanmega|Yanmega, F|313\/313
|move|p1a: Shaymin|Psychic|p2a: Yanmega
|-damage|p2a: Yanmega|167\/313
|
|-heal|p1a: Shaymin|273\/341|[from] item: Leftovers
|turn|5
|
|switch|p1a: Milotic|Milotic, M|394\/394
|move|p2a: Yanmega|Protect|p2a: Yanmega
|-fail|p2a: Yanmega
|
|-boost|p2a: Yanmega|spe|1|[from] ability: Speed Boost
|turn|6
|
|move|p2a: Yanmega|Giga Drain|p1a: Milotic
|-supereffective|p1a: Milotic
|-damage|p1a: Milotic|254\/394
|-heal|p2a: Yanmega|237\/313|[from] drain|[of] p1a: Milotic
|-damage|p2a: Yanmega|206\/313|[from] item: Life Orb
|move|p1a: Milotic|Scald|p2a: Yanmega
|-damage|p2a: Yanmega|55\/313
|
|-heal|p1a: Milotic|278\/394|[from] item: Leftovers
|-boost|p2a: Yanmega|spe|1|[from] ability: Speed Boost
|turn|7
|
|switch|p2a: Empoleon|Empoleon, M|372\/372
|move|p1a: Milotic|Scald|p2a: Empoleon
|-resisted|p2a: Empoleon
|-damage|p2a: Empoleon|340\/372
|-status|p2a: Empoleon|brn
|
|-heal|p1a: Milotic|302\/394|[from] item: Leftovers
|-heal|p2a: Empoleon|363\/372 brn|[from] item: Leftovers
|-damage|p2a: Empoleon|317\/372 brn|[from] brn
|turn|8
|
|switch|p1a: Shaymin|Shaymin|273\/341
|move|p2a: Empoleon|Stealth Rock|p1a: Shaymin
|-sidestart|p1: Heracrotest|move: Stealth Rock
|
|-heal|p1a: Shaymin|294\/341|[from] item: Leftovers
|-heal|p2a: Empoleon|340\/372 brn|[from] item: Leftovers
|-damage|p2a: Empoleon|294\/372 brn|[from] brn
|turn|9
|
|move|p1a: Shaymin|Seed Flare|p2a: Empoleon
|-damage|p2a: Empoleon|153\/372 brn
|move|p2a: Empoleon|Roar|p1a: Shaymin
|drag|p1a: Houndoom|Houndoom, F|291\/291
|-damage|p1a: Houndoom|219\/291|[from] Stealth Rock
|
|-heal|p2a: Empoleon|176\/372 brn|[from] item: Leftovers
|-damage|p2a: Empoleon|130\/372 brn|[from] brn
|turn|10
|
|detailschange|p1a: Houndoom|Houndoom-Mega, F
|-mega|p1a: Houndoom|Houndoom|Houndoominite
|move|p1a: Houndoom|Fire Blast|p2a: Empoleon
|-damage|p2a: Empoleon|0 fnt
|faint|p2a: Empoleon
|
|
|switch|p2a: Entei|Entei, shiny|371\/371
|-ability|p2a: Entei|Pressure
|turn|11
|
|switch|p1a: Gligar|Gligar, F|333\/333
|-damage|p1a: Gligar|292\/333|[from] Stealth Rock
|move|p2a: Entei|Extreme Speed|p1a: Gligar
|-damage|p1a: Gligar|227\/333
|
|turn|12
|
|switch|p2a: Tangrowth|Tangrowth, M|404\/404
|move|p1a: Gligar|Stealth Rock|p2a: Tangrowth
|-sidestart|p2: ULT DaSpoofy|move: Stealth Rock
|
|turn|13
|
|move|p1a: Gligar|U-turn|p2a: Tangrowth
|-supereffective|p2a: Tangrowth
|-damage|p2a: Tangrowth|344\/404
|
|switch|p1a: Forretress|Forretress, M|354\/354
|-damage|p1a: Forretress|310\/354|[from] Stealth Rock
|move|p2a: Tangrowth|Knock Off|p1a: Forretress
|-damage|p1a: Forretress|260\/354
|-enditem|p1a: Forretress|Leftovers|[from] move: Knock Off|[of] p2a: Tangrowth
|
|-heal|p2a: Tangrowth|369\/404|[from] item: Leftovers
|turn|14
|c|âULT DaSpoofy|it lag
|c|âHeracrotest|yeh :\/
|
|move|p2a: Tangrowth|Sleep Powder|p1a: Forretress
|-status|p1a: Forretress|slp
|cant|p1a: Forretress|slp
|
|-heal|p2a: Tangrowth|394\/404|[from] item: Leftovers
|turn|15
|
|switch|p2a: Entei|Entei, shiny|371\/371
|-damage|p2a: Entei|279\/371|[from] Stealth Rock
|-ability|p2a: Entei|Pressure
|cant|p1a: Forretress|slp
|
|turn|16
|
|switch|p1a: Milotic|Milotic, M|302\/394
|-damage|p1a: Milotic|253\/394|[from] Stealth Rock
|move|p2a: Entei|Sacred Fire|p1a: Milotic
|-crit|p1a: Milotic
|-resisted|p1a: Milotic
|-damage|p1a: Milotic|40\/394
|-status|p1a: Milotic|brn
|
|-heal|p1a: Milotic|64\/394 brn|[from] item: Leftovers
|-damage|p1a: Milotic|15\/394 brn|[from] brn
|turn|17
|c|âHeracrotest|turn off the timer if you feel like
|
|move|p2a: Entei|Sacred Fire|p1a: Milotic
|-resisted|p1a: Milotic
|-damage|p1a: Milotic|0 fnt
|faint|p1a: Milotic
|
|c|âULT DaSpoofy|kk
|
|switch|p1a: Houndoom|Houndoom-Mega, F|219\/291
|-damage|p1a: Houndoom|147\/291|[from] Stealth Rock
|turn|18
|
|switch|p2a: Yanmega|Yanmega, F|55\/313
|-damage|p2a: Yanmega|0 fnt|[from] Stealth Rock
|faint|p2a: Yanmega
|move|p1a: Houndoom|Dark Pulse|p2: Yanmega|[notarget]
|-notarget
|
|
|switch|p2a: Absol|Absol, F|271\/271
|-damage|p2a: Absol|238\/271|[from] Stealth Rock
|turn|19
|
|detailschange|p2a: Absol|Absol-Mega, F
|-mega|p2a: Absol|Absol|Absolite
|move|p2a: Absol|Protect|p2a: Absol
|-singleturn|p2a: Absol|Protect
|move|p1a: Houndoom|Fire Blast|p2a: Absol
|-activate|p2a: Absol|Protect
|
|turn|20
|
|move|p2a: Absol|Sucker Punch|p1a: Houndoom
|-crit|p1a: Houndoom
|-resisted|p1a: Houndoom
|-damage|p1a: Houndoom|8\/291
|move|p1a: Houndoom|Fire Blast|p2a: Absol
|-damage|p2a: Absol|0 fnt
|faint|p2a: Absol
|
|
|switch|p2a: Entei|Entei, shiny|279\/371
|-damage|p2a: Entei|187\/371|[from] Stealth Rock
|-ability|p2a: Entei|Pressure
|turn|21
|c|âULT DaSpoofy|lol just killed my win condition
|
|move|p2a: Entei|Extreme Speed|p1a: Houndoom
|-damage|p1a: Houndoom|0 fnt
|faint|p1a: Houndoom
|
|c|âHeracrotest|getting a crit in the way
|
|switch|p1a: Gligar|Gligar, F|227\/333
|-damage|p1a: Gligar|186\/333|[from] Stealth Rock
|turn|22
|
|switch|p2a: Stunfisk|Stunfisk, F|284\/422
|-damage|p2a: Stunfisk|258\/422|[from] Stealth Rock
|move|p1a: Gligar|Roost|p1a: Gligar
|-heal|p1a: Gligar|333\/333
|
|turn|23
|
|move|p1a: Gligar|Earthquake|p2a: Stunfisk
|-supereffective|p2a: Stunfisk
|-damage|p2a: Stunfisk|94\/422
|move|p2a: Stunfisk|Scald|p1a: Gligar
|-supereffective|p1a: Gligar
|-damage|p1a: Gligar|235\/333
|
|turn|24
|
|switch|p2a: Tangrowth|Tangrowth, M|404\/404
|-damage|p2a: Tangrowth|354\/404|[from] Stealth Rock
|move|p1a: Gligar|Earthquake|p2a: Tangrowth
|-resisted|p2a: Tangrowth
|-damage|p2a: Tangrowth|326\/404
|
|-heal|p2a: Tangrowth|351\/404|[from] item: Leftovers
|turn|25
|
|move|p1a: Gligar|U-turn|p2a: Tangrowth
|-supereffective|p2a: Tangrowth
|-damage|p2a: Tangrowth|295\/404
|
|switch|p1a: Shaymin|Shaymin|294\/341
|-damage|p1a: Shaymin|252\/341|[from] Stealth Rock
|move|p2a: Tangrowth|Knock Off|p1a: Shaymin
|-damage|p1a: Shaymin|179\/341
|-enditem|p1a: Shaymin|Leftovers|[from] move: Knock Off|[of] p2a: Tangrowth
|
|-heal|p2a: Tangrowth|320\/404|[from] item: Leftovers
|turn|26
|
|move|p1a: Shaymin|Substitute|p1a: Shaymin
|-start|p1a: Shaymin|Substitute
|-damage|p1a: Shaymin|94\/341
|move|p2a: Tangrowth|Sludge Bomb|p1a: Shaymin
|-supereffective|p1a: Shaymin
|-end|p1a: Shaymin|Substitute
|
|-heal|p2a: Tangrowth|345\/404|[from] item: Leftovers
|turn|27
|
|move|p1a: Shaymin|Healing Wish|p1a: Shaymin
|faint|p1a: Shaymin
|move|p2a: Tangrowth|Sludge Bomb|p1: Shaymin|[notarget]
|-notarget
|
|-heal|p2a: Tangrowth|370\/404|[from] item: Leftovers
|
|switch|p1a: Toxicroak|Toxicroak, F|226\/307 par
|-heal|p1a: Toxicroak|307\/307|[from] move: Healing Wish
|-damage|p1a: Toxicroak|288\/307|[from] Stealth Rock
|turn|28
|
|switch|p2a: Stunfisk|Stunfisk, F|94\/422
|-damage|p2a: Stunfisk|68\/422|[from] Stealth Rock
|move|p1a: Toxicroak|Gunk Shot|p2a: Stunfisk
|-resisted|p2a: Stunfisk
|-damage|p2a: Stunfisk|0 fnt
|-damage|p1a: Toxicroak|258\/307|[from] item: Life Orb
|faint|p2a: Stunfisk
|
|
|switch|p2a: Tangrowth|Tangrowth, M|404\/404
|-damage|p2a: Tangrowth|354\/404|[from] Stealth Rock
|turn|29
|c|âHeracrotest|?
|
|move|p1a: Toxicroak|Gunk Shot|p2a: Tangrowth
|-supereffective|p2a: Tangrowth
|-damage|p2a: Tangrowth|0 fnt
|-damage|p1a: Toxicroak|228\/307|[from] item: Life Orb
|faint|p2a: Tangrowth
|
|
|switch|p2a: Entei|Entei, shiny|187\/371
|-damage|p2a: Entei|95\/371|[from] Stealth Rock
|-ability|p2a: Entei|Pressure
|turn|30
|
|switch|p1a: Forretress|Forretress, M|260\/354 slp
|-damage|p1a: Forretress|216\/354 slp|[from] Stealth Rock
|move|p2a: Entei|Extreme Speed|p1a: Forretress
|-resisted|p1a: Forretress
|-damage|p1a: Forretress|159\/354 slp
|
|turn|31
|
|move|p2a: Entei|Extreme Speed|p1a: Forretress
|-resisted|p1a: Forretress
|-damage|p1a: Forretress|109\/354 slp
|-curestatus|p1a: Forretress|slp
|move|p1a: Forretress|Volt Switch|p2a: Entei
|-damage|p2a: Entei|52\/371
|c|âULT DaSpoofy|did you have the sucker punch bro?
|c|âHeracrotest|yes
|
|switch|p1a: Gligar|Gligar, F|235\/333
|-damage|p1a: Gligar|194\/333|[from] Stealth Rock
|
|turn|32
|c|âHeracrotest|but ESpeed has more priority
|c|âHeracrotest|gg buddy
|c|âULT DaSpoofy|I know but it didnt matter
|c|âULT DaSpoofy|gg
|c|âHeracrotest|good luck in the ULT
|c|âULT DaSpoofy|thx
|
|move|p2a: Entei|Extreme Speed|p1a: Gligar
|-damage|p1a: Gligar|124\/333
|move|p1a: Gligar|Earthquake|p2a: Entei
|-supereffective|p2a: Entei
|-damage|p2a: Entei|0 fnt
|faint|p2a: Entei
|
|win|Heracrotest
|raw|Ladder updating...
|raw|Heracrotest's rating: 1347 &rarr; <strong>1368<\/strong><br \/>(+21 for winning)
|raw|ULT DaSpoofy's rating: 1357 &rarr; <strong>1337<\/strong><br \/>(-20 for losing)