|join|ULT Christo
|join|ULT DaSpoofy
|c|âULT DaSpoofy|lol hey Christo
|player|p1|ULT Christo|1
|player|p2|ULT DaSpoofy|252
|gametype|singles
|gen|6
|tier|UU
|rated
|rule|Sleep Clause Mod: Limit one foe put to sleep
|rule|Species Clause: Limit one of each PokÃ©mon
|rule|OHKO Clause: OHKO moves are banned
|rule|Moody Clause: Moody is banned
|rule|Evasion Moves Clause: Evasion moves are banned
|rule|Endless Battle Clause: Forcing endless battles is banned
|rule|HP Percentage Mod: HP is shown in percentages
|clearpoke
|poke|p1|Celebi
|poke|p1|Nidoqueen, F
|poke|p1|Entei, shiny
|poke|p1|Doublade, F
|poke|p1|Sharpedo, F
|poke|p1|Raikou
|poke|p2|Stunfisk, F
|poke|p2|Tangrowth, F
|poke|p2|Empoleon, M
|poke|p2|Absol, F
|poke|p2|Yanmega, F
|poke|p2|Entei, shiny
|rule|Swagger Clause: Swagger is banned
|rule|Baton Pass Clause: Limit one PokÃ©mon knowing Baton Pass
|teampreview
|c|âULT Christo|sup
|c|âULT DaSpoofy|my team kinda sucks so dont expect much
|
|start
|switch|p1a: Nidoqueen|Nidoqueen, F|330\/330
|switch|p2a: Empoleon|Empoleon, M|372\/372
|turn|1
|
|move|p1a: Nidoqueen|Earth Power|p2a: Empoleon
|-supereffective|p2a: Empoleon
|-damage|p2a: Empoleon|44\/372
|move|p2a: Empoleon|Scald|p1a: Nidoqueen
|-supereffective|p1a: Nidoqueen
|-damage|p1a: Nidoqueen|0 fnt
|faint|p1a: Nidoqueen
|
|-heal|p2a: Empoleon|67\/372|[from] item: Leftovers
|c|âULT Christo|oh
|c|âULT DaSpoofy|big threat gone
|c|âULT Christo|yup
|c|âULT DaSpoofy|torrent
|c|âULT Christo|ahh
|
|switch|p1a: Sharpedo|Sharpedo, F|282\/282
|turn|2
|
|move|p1a: Sharpedo|Crunch|p2a: Empoleon
|-damage|p2a: Empoleon|0 fnt
|faint|p2a: Empoleon
|
|-boost|p1a: Sharpedo|spe|1|[from] ability: Speed Boost
|
|switch|p2a: Tangrowth|Tangrowth, F|404\/404
|turn|3
|join|pokeblade101
|
|switch|p1a: Celebi|Celebi|404\/404
|move|p2a: Tangrowth|Sludge Bomb|p1a: Celebi
|-supereffective|p1a: Celebi
|-damage|p1a: Celebi|294\/404
|-enditem|p1a: Celebi|Weakness Policy
|-boost|p1a: Celebi|atk|2|[from] item: Weakness Policy
|-boost|p1a: Celebi|spa|2|[from] item: Weakness Policy
|
|turn|4
|c|âULT DaSpoofy|damnit i hate this thing
|
|move|p1a: Celebi|Baton Pass|p1a: Celebi
|c| pokeblade101|Lol
|
|switch|p1a: Entei|Entei, shiny|372\/372
|-ability|p1a: Entei|Pressure
|move|p2a: Tangrowth|Knock Off|p1a: Entei
|-damage|p1a: Entei|299\/372
|-enditem|p1a: Entei|Life Orb|[from] move: Knock Off|[of] p2a: Tangrowth
|
|turn|5
|c| pokeblade101|That helps
|c|âULT Christo|not even mad about that
|
|switch|p2a: Stunfisk|Stunfisk, F|422\/422
|move|p1a: Entei|Sacred Fire|p2a: Stunfisk
|-damage|p2a: Stunfisk|139\/422
|
|turn|6
|c| pokeblade101|Thx
|c| pokeblade101|No burn
|c| pokeblade101|Now flame charge
|c| pokeblade101|Oh not
|c| pokeblade101|Or*
|c|âULT Christo|i almost did
|
|move|p1a: Entei|Flame Charge|p2a: Stunfisk
|-damage|p2a: Stunfisk|0 fnt
|-damage|p1a: Entei|237\/372|[from] item: Rocky Helmet|[of] p2a: Stunfisk
|-boost|p1a: Entei|spe|1
|faint|p2a: Stunfisk
|
|c|âULT Christo|idk if kills
|c|âULT Christo|ok
|c|âULT Christo|i love the innovation tho
|c| pokeblade101|It has static
|
|switch|p2a: Entei|Entei, shiny|371\/371
|-ability|p2a: Entei|Pressure
|turn|7
|c| pokeblade101|Thats why i said or not
|
|move|p2a: Entei|Extreme Speed|p1a: Entei
|-crit|p1a: Entei
|-damage|p1a: Entei|0 fnt
|faint|p1a: Entei
|
|c|âULT Christo|:[
|c| pokeblade101|Ahahahahaha
|c|âULT Christo|rip
|
|switch|p1a: Raikou|Raikou|322\/322
|-ability|p1a: Raikou|Pressure
|turn|8
|c| pokeblade101|Huh?
|
|move|p2a: Entei|Extreme Speed|p1a: Raikou
|-damage|p1a: Raikou|132\/322
|move|p1a: Raikou|Substitute|p1a: Raikou
|-start|p1a: Raikou|Substitute
|-damage|p1a: Raikou|52\/322
|
|-heal|p1a: Raikou|72\/322|[from] item: Leftovers
|turn|9
|c| pokeblade101|Why this
|c| pokeblade101|That was a bad play
|
|move|p2a: Entei|Extreme Speed|p1a: Raikou
|-end|p1a: Raikou|Substitute
|move|p1a: Raikou|Thunderbolt|p2a: Entei
|-damage|p2a: Entei|179\/371
|-status|p2a: Entei|par
|
|-heal|p1a: Raikou|92\/322|[from] item: Leftovers
|turn|10
|c|âULT Christo|planned para
|c|âULT DaSpoofy|lol
|
|switch|p1a: Doublade|Doublade, F|322\/322
|switch|p2a: Tangrowth|Tangrowth, F|404\/404
|
|turn|11
|c| pokeblade101|Luck conquers all
|c| pokeblade101|Aha
|c| pokeblade101|Nice
|
|move|p2a: Tangrowth|Sleep Powder|p1a: Doublade
|-status|p1a: Doublade|slp
|cant|p1a: Doublade|slp
|
|turn|12
|c|âULT Christo|i told u i planned that out
|c|âULT Christo|fuck
|c|âULT Christo|thought it was AV
|
|switch|p1a: Celebi|Celebi|294\/404
|move|p2a: Tangrowth|Knock Off|p1a: Celebi
|-supereffective|p1a: Celebi
|-damage|p1a: Celebi|204\/404
|
|turn|13
|c| pokeblade101|I dont find that gpod
|c| pokeblade101|Good*
|
|switch|p2a: Yanmega|Yanmega, F|313\/313
|move|p1a: Celebi|Swords Dance|p1a: Celebi
|-boost|p1a: Celebi|atk|2
|
|turn|14
|c| pokeblade101|Yanmega!!!
|
|move|p1a: Celebi|Sucker Punch|p2a: Yanmega
|-damage|p2a: Yanmega|161\/313
|move|p2a: Yanmega|Bug Buzz|p1a: Celebi
|-supereffective|p1a: Celebi
|-damage|p1a: Celebi|0 fnt
|-damage|p2a: Yanmega|130\/313|[from] item: Life Orb
|faint|p1a: Celebi
|
|-boost|p2a: Yanmega|spe|1|[from] ability: Speed Boost
|
|switch|p1a: Doublade|Doublade, F|322\/322 slp
|turn|15
|
|switch|p2a: Entei|Entei, shiny|179\/371 par
|-ability|p2a: Entei|Pressure
|cant|p1a: Doublade|slp
|
|turn|16
|c| pokeblade101|Reveal hp fire
|c| pokeblade101|Tangrowth proved to be god
|c|âULT Christo|yeah i lost
|c|âULT Christo|fuck this team
|
|switch|p1a: Raikou|Raikou|92\/322
|-ability|p1a: Raikou|Pressure
|move|p2a: Entei|Sacred Fire|p1a: Raikou
|-crit|p1a: Raikou
|-damage|p1a: Raikou|0 fnt
|faint|p1a: Raikou
|
|c|âULT DaSpoofy|yeah i have 3 win conditions atm
|c| pokeblade101|Ppl always fall are the empoleon lead
|c| pokeblade101|With nido
|
|switch|p1a: Sharpedo|Sharpedo, F|282\/282
|turn|17
|
|switch|p2a: Tangrowth|Tangrowth, F|404\/404
|move|p1a: Sharpedo|Ice Fang|p2a: Tangrowth
|-supereffective|p2a: Tangrowth
|-damage|p2a: Tangrowth|302\/404
|
|-heal|p2a: Tangrowth|327\/404|[from] item: Leftovers
|-boost|p1a: Sharpedo|spe|1|[from] ability: Speed Boost
|turn|18
|c| pokeblade101|They eq empoleon lives then scald torrent kills it
|c| pokeblade101|*Jawdrop*
|
|move|p1a: Sharpedo|Ice Fang|p2a: Tangrowth
|-supereffective|p2a: Tangrowth
|-damage|p2a: Tangrowth|217\/404
|move|p2a: Tangrowth|Giga Drain|p1a: Sharpedo
|-crit|p1a: Sharpedo
|-supereffective|p1a: Sharpedo
|-damage|p1a: Sharpedo|0 fnt
|-heal|p2a: Tangrowth|358\/404|[from] drain|[of] p1a: Sharpedo
|faint|p1a: Sharpedo
|
|-heal|p2a: Tangrowth|383\/404|[from] item: Leftovers
|
|switch|p1a: Doublade|Doublade, F|322\/322 slp
|turn|19
|
|move|p2a: Tangrowth|Knock Off|p1a: Doublade
|-supereffective|p1a: Doublade
|-damage|p1a: Doublade|258\/322 slp
|-enditem|p1a: Doublade|Eviolite|[from] move: Knock Off|[of] p2a: Tangrowth
|cant|p1a: Doublade|slp
|
|-heal|p2a: Tangrowth|404\/404|[from] item: Leftovers
|turn|20
|
|move|p2a: Tangrowth|Giga Drain|p1a: Doublade
|-resisted|p1a: Doublade
|-damage|p1a: Doublade|181\/322 slp
|-curestatus|p1a: Doublade|slp
|move|p1a: Doublade|Swords Dance|p1a: Doublade
|-boost|p1a: Doublade|atk|2
|
|turn|21
|
|move|p2a: Tangrowth|Sleep Powder|p1a: Doublade
|-status|p1a: Doublade|slp
|cant|p1a: Doublade|slp
|
|turn|22
|
|move|p2a: Tangrowth|Giga Drain|p1a: Doublade
|-resisted|p1a: Doublade
|-damage|p1a: Doublade|95\/322 slp
|cant|p1a: Doublade|slp
|
|turn|23
|c|âULT Christo|back to the main team
|c|âULT DaSpoofy|gl laddering
|
|move|p2a: Tangrowth|Giga Drain|p1a: Doublade
|-resisted|p1a: Doublade
|-damage|p1a: Doublade|6\/322 slp
|-curestatus|p1a: Doublade|slp
|move|p1a: Doublade|Iron Head|p2a: Tangrowth
|-damage|p2a: Tangrowth|242\/404
|
|-heal|p2a: Tangrowth|267\/404|[from] item: Leftovers
|turn|24
|c|âULT DaSpoofy|gg
|c|âULT Christo|yeah
|
|move|p1a: Doublade|Shadow Sneak|p2a: Tangrowth
|-damage|p2a: Tangrowth|180\/404
|move|p2a: Tangrowth|Knock Off|p1a: Doublade
|-crit|p1a: Doublade
|-supereffective|p1a: Doublade
|-damage|p1a: Doublade|0 fnt
|faint|p1a: Doublade
|
|win|ULT DaSpoofy
|raw|Ladder updating...
|raw|ULT Christo's rating: 1553 &rarr; <strong>1521<\/strong><br \/>(-32 for losing)
|raw|ULT DaSpoofy's rating: 1320 &rarr; <strong>1351<\/strong><br \/>(+31 for winning)
|leave|ULT Christo