|join|ElijahMikaelson
|join|tbh js imo
|player|p1|ElijahMikaelson|265
|player|p2|tbh js imo|33
|gametype|singles
|gen|6
|tier|OU
|rated
|clearpoke
|poke|p1|Diancie
|poke|p1|Gothitelle, F
|poke|p1|Zapdos
|poke|p1|Conkeldurr, F
|poke|p1|Ferrothorn, M
|poke|p1|Serperior, M
|poke|p2|Diancie
|poke|p2|Ferrothorn, M
|poke|p2|Rotom-Wash
|poke|p2|Latios, M
|poke|p2|Landorus, M
|poke|p2|Talonflame, M
|rule|Swagger Clause: Swagger is banned
|rule|Baton Pass Clause: Limit one PokÃ©mon knowing Baton Pass
|rule|Sleep Clause Mod: Limit one foe put to sleep
|rule|Species Clause: Limit one of each PokÃ©mon
|rule|OHKO Clause: OHKO moves are banned
|rule|Moody Clause: Moody is banned
|rule|Evasion Moves Clause: Evasion moves are banned
|rule|Endless Battle Clause: Forcing endless battles is banned
|rule|HP Percentage Mod: HP is shown in percentages
|teampreview
|
|start
|switch|p1a: Conkeldurr|Conkeldurr, F|351\/351
|switch|p2a: Talonflame|Talonflame, M|359\/359
|turn|1
|
|switch|p1a: Zapdos|Zapdos|384\/384
|-ability|p1a: Zapdos|Pressure
|move|p2a: Talonflame|Will-O-Wisp|p1a: Zapdos
|-status|p1a: Zapdos|brn
|
|-damage|p1a: Zapdos|336\/384 brn|[from] brn
|turn|2
|
|switch|p2a: Rotom-Wash|Rotom-Wash|303\/303
|move|p1a: Zapdos|Toxic|p2a: Rotom-Wash
|-status|p2a: Rotom-Wash|tox
|
|-heal|p1a: Zapdos|360\/384 brn|[from] item: Leftovers
|-damage|p1a: Zapdos|312\/384 brn|[from] brn
|-damage|p2a: Rotom-Wash|285\/303 tox|[from] psn
|turn|3
|
|move|p1a: Zapdos|Roost|p1a: Zapdos
|-heal|p1a: Zapdos|384\/384 brn
|move|p2a: Rotom-Wash|Volt Switch|p1a: Zapdos
|-crit|p1a: Zapdos
|-resisted|p1a: Zapdos
|-damage|p1a: Zapdos|318\/384 brn
|
|switch|p2a: Latios|Latios, M|301\/301
|
|-heal|p1a: Zapdos|342\/384 brn|[from] item: Leftovers
|-damage|p1a: Zapdos|294\/384 brn|[from] brn
|turn|4
|
|switch|p1a: Ferrothorn|Ferrothorn, M|352\/352
|move|p2a: Latios|Psyshock|p1a: Ferrothorn
|-resisted|p1a: Ferrothorn
|-damage|p1a: Ferrothorn|284\/352
|-damage|p2a: Latios|271\/301|[from] item: Life Orb
|
|-heal|p1a: Ferrothorn|306\/352|[from] item: Leftovers
|turn|5
|
|switch|p2a: Ferrothorn|Ferrothorn, M|352\/352
|move|p1a: Ferrothorn|Stealth Rock|p2a: Ferrothorn
|-sidestart|p2: tbh js imo|move: Stealth Rock
|
|-heal|p1a: Ferrothorn|328\/352|[from] item: Leftovers
|turn|6
|
|switch|p1a: Gothitelle|Gothitelle, F|281\/281
|move|p2a: Ferrothorn|Stealth Rock|p1a: Gothitelle
|-sidestart|p1: ElijahMikaelson|move: Stealth Rock
|
|turn|7
|
|move|p1a: Gothitelle|Trick|p2a: Ferrothorn
|-activate|p1a: Gothitelle|move: Trick|[of] p2a: Ferrothorn
|-item|p2a: Ferrothorn|Choice Scarf|[from] move: Trick
|-item|p1a: Gothitelle|Leftovers|[from] move: Trick
|move|p2a: Ferrothorn|Power Whip|p1a: Gothitelle
|-damage|p1a: Gothitelle|151\/281
|
|-heal|p1a: Gothitelle|168\/281|[from] item: Leftovers
|turn|8
|
|move|p1a: Gothitelle|Psychic|p2a: Ferrothorn
|-resisted|p2a: Ferrothorn
|-damage|p2a: Ferrothorn|306\/352
|move|p2a: Ferrothorn|Power Whip|p1a: Gothitelle
|-damage|p1a: Gothitelle|23\/281
|
|-heal|p1a: Gothitelle|40\/281|[from] item: Leftovers
|turn|9
|
|switch|p1a: Ferrothorn|Ferrothorn, M|328\/352
|-damage|p1a: Ferrothorn|306\/352|[from] Stealth Rock
|move|p2a: Ferrothorn|Power Whip|p1a: Ferrothorn
|-crit|p1a: Ferrothorn
|-resisted|p1a: Ferrothorn
|-damage|p1a: Ferrothorn|267\/352
|-damage|p2a: Ferrothorn|262\/352|[from] ability: Iron Barbs|[of] p1a: Ferrothorn
|
|-heal|p1a: Ferrothorn|289\/352|[from] item: Leftovers
|turn|10
|
|switch|p2a: Rotom-Wash|Rotom-Wash|285\/303 tox
|-damage|p2a: Rotom-Wash|248\/303 tox|[from] Stealth Rock
|move|p1a: Ferrothorn|Spikes|p2a: Rotom-Wash
|-sidestart|p2: tbh js imo|Spikes
|
|-heal|p2a: Rotom-Wash|266\/303 tox|[from] item: Leftovers
|-heal|p1a: Ferrothorn|311\/352|[from] item: Leftovers
|-damage|p2a: Rotom-Wash|248\/303 tox|[from] psn
|turn|11
|
|switch|p1a: Gothitelle|Gothitelle, F|40\/281
|-damage|p1a: Gothitelle|5\/281|[from] Stealth Rock
|move|p2a: Rotom-Wash|Volt Switch|p1a: Gothitelle
|-damage|p1a: Gothitelle|0 fnt
|faint|p1a: Gothitelle
|
|switch|p2a: Landorus|Landorus, M|319\/319
|-damage|p2a: Landorus|280\/319|[from] Stealth Rock
|
|
|switch|p1a: Conkeldurr|Conkeldurr, F|351\/351
|-damage|p1a: Conkeldurr|330\/351|[from] Stealth Rock
|turn|12
|
|move|p2a: Landorus|Earth Power|p1a: Conkeldurr
|-damage|p1a: Conkeldurr|145\/351
|move|p1a: Conkeldurr|Ice Punch|p2a: Landorus
|-supereffective|p2a: Landorus
|-damage|p2a: Landorus|0 fnt
|faint|p2a: Landorus
|
|
|switch|p2a: Latios|Latios, M|271\/301
|-damage|p2a: Latios|234\/301|[from] Stealth Rock
|turn|13
|
|move|p2a: Latios|Psyshock|p1a: Conkeldurr
|-supereffective|p1a: Conkeldurr
|-damage|p1a: Conkeldurr|0 fnt
|-damage|p2a: Latios|204\/301|[from] item: Life Orb
|faint|p1a: Conkeldurr
|
|
|switch|p1a: Ferrothorn|Ferrothorn, M|311\/352
|-damage|p1a: Ferrothorn|289\/352|[from] Stealth Rock
|turn|14
|
|move|p2a: Latios|Defog|p1a: Ferrothorn
|-unboost|p1a: Ferrothorn|evasion|1
|-sideend|p1: ElijahMikaelson|Stealth Rock|[from] move: Defog|[of] p1a: Ferrothorn
|-sideend|p2: tbh js imo|Spikes|[from] move: Defog|[of] p2a: Latios
|-sideend|p2: tbh js imo|Stealth Rock|[from] move: Defog|[of] p2a: Latios
|move|p1a: Ferrothorn|Leech Seed|p2a: Latios
|-start|p2a: Latios|move: Leech Seed
|
|-heal|p1a: Ferrothorn|311\/352|[from] item: Leftovers
|-damage|p2a: Latios|167\/301|[from] Leech Seed|[of] p1a: Ferrothorn
|-heal|p1a: Ferrothorn|348\/352|[silent]
|turn|15
|
|switch|p2a: Talonflame|Talonflame, M|359\/359
|move|p1a: Ferrothorn|Stealth Rock|p2a: Talonflame
|-sidestart|p2: tbh js imo|move: Stealth Rock
|
|-heal|p1a: Ferrothorn|352\/352|[from] item: Leftovers
|turn|16
|
|switch|p1a: Zelda|Diancie|241\/241
|move|p2a: Talonflame|Will-O-Wisp|p1a: Zelda
|-status|p1a: Zelda|brn
|
|-damage|p1a: Zelda|211\/241 brn|[from] brn
|turn|17
|
|switch|p2a: Ferrothorn|Ferrothorn, M|262\/352
|-damage|p2a: Ferrothorn|240\/352|[from] Stealth Rock
|detailschange|p1a: Zelda|Diancie-Mega
|-mega|p1a: Zelda|Diancie|Diancite
|move|p1a: Zelda|Diamond Storm|p2a: Ferrothorn
|-resisted|p2a: Ferrothorn
|-damage|p2a: Ferrothorn|210\/352
|-boost|p1a: Zelda|def|1
|
|-damage|p1a: Zelda|181\/241 brn|[from] brn
|turn|18
|
|switch|p1a: Zapdos|Zapdos|294\/384 brn
|-ability|p1a: Zapdos|Pressure
|move|p2a: Ferrothorn|Stealth Rock|p1a: Zapdos
|-sidestart|p1: ElijahMikaelson|move: Stealth Rock
|
|-heal|p1a: Zapdos|318\/384 brn|[from] item: Leftovers
|-damage|p1a: Zapdos|270\/384 brn|[from] brn
|turn|19
|
|switch|p2a: Rotom-Wash|Rotom-Wash|248\/303 tox
|-damage|p2a: Rotom-Wash|211\/303 tox|[from] Stealth Rock
|move|p1a: Zapdos|Defog|p2a: Rotom-Wash
|-unboost|p2a: Rotom-Wash|evasion|1
|-sideend|p2: tbh js imo|Stealth Rock|[from] move: Defog|[of] p2a: Rotom-Wash
|-sideend|p1: ElijahMikaelson|Stealth Rock|[from] move: Defog|[of] p1a: Zapdos
|
|-heal|p1a: Zapdos|294\/384 brn|[from] item: Leftovers
|-heal|p2a: Rotom-Wash|229\/303 tox|[from] item: Leftovers
|-damage|p1a: Zapdos|246\/384 brn|[from] brn
|-damage|p2a: Rotom-Wash|211\/303 tox|[from] psn
|turn|20
|
|move|p1a: Zapdos|Roost|p1a: Zapdos
|-heal|p1a: Zapdos|384\/384 brn
|move|p2a: Rotom-Wash|Volt Switch|p1a: Zapdos
|-crit|p1a: Zapdos
|-resisted|p1a: Zapdos
|-damage|p1a: Zapdos|308\/384 brn
|
|switch|p2a: Diancie|Diancie|244\/244
|
|-heal|p1a: Zapdos|332\/384 brn|[from] item: Leftovers
|-damage|p1a: Zapdos|284\/384 brn|[from] brn
|turn|21
|
|switch|p1a: Ferrothorn|Ferrothorn, M|352\/352
|detailschange|p2a: Diancie|Diancie-Mega
|-mega|p2a: Diancie|Diancie|Diancite
|move|p2a: Diancie|Diamond Storm|p1a: Ferrothorn
|-resisted|p1a: Ferrothorn
|-damage|p1a: Ferrothorn|292\/352
|
|-heal|p1a: Ferrothorn|314\/352|[from] item: Leftovers
|turn|22
|
|move|p2a: Diancie|Hidden Power|p1a: Ferrothorn
|-supereffective|p1a: Ferrothorn
|-damage|p1a: Ferrothorn|82\/352
|move|p1a: Ferrothorn|Stealth Rock|p2a: Diancie
|move|p2a: Diancie|Stealth Rock|p1a: Ferrothorn|[from]Magic Bounce
|-sidestart|p1: ElijahMikaelson|move: Stealth Rock
|
|-heal|p1a: Ferrothorn|104\/352|[from] item: Leftovers
|turn|23
|-message|ElijahMikaelson forfeited.
|leave|ElijahMikaelson
|
|win|tbh js imo
|raw|Ladder updating...
|player|p1
|raw|ElijahMikaelson's rating: 1593 &rarr; <strong>1574<\/strong><br \/>(-19 for losing)
|raw|tbh js imo's rating: 1617 &rarr; <strong>1636<\/strong><br \/>(+19 for winning)