|join|overpowered mess
|join|JeromeSeiko
|player|p1|overpowered mess|92
|player|p2|JeromeSeiko|49
|gametype|singles
|gen|6
|tier|OU
|rated
|clearpoke
|poke|p1|Scizor, F
|poke|p1|Gothitelle, F
|poke|p1|Landorus, M
|poke|p1|Rotom-Wash
|poke|p1|Serperior, M
|poke|p1|Heatran, F
|poke|p2|Latios, M
|poke|p2|Lopunny, F, shiny
|poke|p2|Rotom-Heat
|poke|p2|Porygon2
|poke|p2|Skarmory, M
|poke|p2|Azumarill, F
|rule|Swagger Clause: Swagger is banned
|rule|Baton Pass Clause: Limit one PokÃ©mon knowing Baton Pass
|rule|Sleep Clause Mod: Limit one foe put to sleep
|rule|Species Clause: Limit one of each PokÃ©mon
|rule|OHKO Clause: OHKO moves are banned
|rule|Moody Clause: Moody is banned
|rule|Evasion Moves Clause: Evasion moves are banned
|rule|Endless Battle Clause: Forcing endless battles is banned
|rule|HP Percentage Mod: HP is shown in percentages
|teampreview
|
|start
|switch|p1a: Heatran|Heatran, F|386\/386
|switch|p2a: Stall Airline|Skarmory, M|333\/333
|turn|1
|
|switch|p2a: File deleted ..|Porygon2|373\/373
|-boost|p2a: File deleted ..|atk|1|[from] ability: Download
|move|p1a: Heatran|Stealth Rock|p2a: File deleted ..
|-sidestart|p2: JeromeSeiko|move: Stealth Rock
|
|turn|2
|
|move|p1a: Heatran|Lava Plume|p2a: File deleted ..
|-damage|p2a: File deleted ..|295\/373
|-status|p2a: File deleted ..|brn
|move|p2a: File deleted ..|Thunder Wave|p1a: Heatran
|-status|p1a: Heatran|par
|
|-damage|p2a: File deleted ..|249\/373 brn|[from] brn
|turn|3
|
|move|p2a: File deleted ..|Ice Beam|p1a: Heatran
|-resisted|p1a: Heatran
|-damage|p1a: Heatran|370\/386 par
|cant|p1a: Heatran|par
|
|-heal|p1a: Heatran|386\/386 par|[from] item: Leftovers
|-damage|p2a: File deleted ..|203\/373 brn|[from] brn
|turn|4
|
|move|p2a: File deleted ..|Thunder Wave|p1a: Heatran
|-fail|p1a: Heatran|par
|move|p1a: Heatran|Lava Plume|p2a: File deleted ..
|-damage|p2a: File deleted ..|131\/373 brn
|
|-damage|p2a: File deleted ..|85\/373 brn|[from] brn
|turn|5
|
|move|p2a: File deleted ..|Recover|p2a: File deleted ..
|-heal|p2a: File deleted ..|272\/373 brn
|cant|p1a: Heatran|par
|
|-damage|p2a: File deleted ..|226\/373 brn|[from] brn
|turn|6
|
|move|p2a: File deleted ..|Recover|p2a: File deleted ..
|-heal|p2a: File deleted ..|373\/373 brn
|move|p1a: Heatran|Flash Cannon|p2a: File deleted ..
|-damage|p2a: File deleted ..|289\/373 brn
|
|-damage|p2a: File deleted ..|243\/373 brn|[from] brn
|turn|7
|
|switch|p2a: Lap2|Lopunny, F, shiny|271\/271
|-damage|p2a: Lap2|238\/271|[from] Stealth Rock
|cant|p1a: Heatran|par
|
|turn|8
|
|detailschange|p2a: Lap2|Lopunny-Mega, F, shiny
|-mega|p2a: Lap2|Lopunny|Lopunnite
|move|p2a: Lap2|Return|p1a: Heatran
|-resisted|p1a: Heatran
|-damage|p1a: Heatran|296\/386 par
|move|p1a: Heatran|Lava Plume|p2a: Lap2
|-damage|p2a: Lap2|64\/271
|
|-heal|p1a: Heatran|320\/386 par|[from] item: Leftovers
|turn|9
|
|move|p2a: Lap2|Drain Punch|p1a: Heatran
|-supereffective|p1a: Heatran
|-damage|p1a: Heatran|32\/386 par
|-heal|p2a: Lap2|208\/271|[from] drain|[of] p1a: Heatran
|cant|p1a: Heatran|par
|
|-heal|p1a: Heatran|56\/386 par|[from] item: Leftovers
|turn|10
|
|move|p2a: Lap2|Drain Punch|p1a: Heatran
|-crit|p1a: Heatran
|-supereffective|p1a: Heatran
|-damage|p1a: Heatran|0 fnt
|-heal|p2a: Lap2|236\/271|[from] drain|[of] p1a: Heatran
|faint|p1a: Heatran
|
|
|switch|p1a: Gothitelle|Gothitelle, F|343\/343
|turn|11
|
|move|p2a: Lap2|Return|p1a: Gothitelle
|-damage|p1a: Gothitelle|154\/343
|move|p1a: Gothitelle|Psyshock|p2a: Lap2
|-supereffective|p2a: Lap2
|-damage|p2a: Lap2|0 fnt
|faint|p2a: Lap2
|
|
|switch|p2a: Thermostat 7|Rotom-Heat|241\/241
|-damage|p2a: Thermostat 7|181\/241|[from] Stealth Rock
|turn|12
|
|switch|p1a: Rotom-Wash|Rotom-Wash|304\/304
|move|p2a: Thermostat 7|Shadow Ball|p1a: Rotom-Wash
|-damage|p1a: Rotom-Wash|252\/304
|-unboost|p1a: Rotom-Wash|spd|1
|
|-heal|p1a: Rotom-Wash|271\/304|[from] item: Leftovers
|turn|13
|
|switch|p2a: Hoenn Airline|Latios, M|301\/301
|-damage|p2a: Hoenn Airline|264\/301|[from] Stealth Rock
|move|p1a: Rotom-Wash|Volt Switch|p2a: Hoenn Airline
|-resisted|p2a: Hoenn Airline
|-damage|p2a: Hoenn Airline|225\/301
|
|switch|p1a: Serperior|Serperior, M|291\/291
|
|turn|14
|
|switch|p2a: File deleted ..|Porygon2|243\/373 brn
|-damage|p2a: File deleted ..|197\/373 brn|[from] Stealth Rock
|-boost|p2a: File deleted ..|atk|1|[from] ability: Download
|move|p1a: Serperior|Leaf Storm|p2a: File deleted ..
|-damage|p2a: File deleted ..|119\/373 brn
|-boost|p1a: Serperior|spa|2
|
|-damage|p2a: File deleted ..|73\/373 brn|[from] brn
|turn|15
|
|move|p1a: Serperior|Leaf Storm|p2a: File deleted ..
|-damage|p2a: File deleted ..|0 fnt
|-boost|p1a: Serperior|spa|2
|faint|p2a: File deleted ..
|
|
|switch|p2a: Thermostat 7|Rotom-Heat|181\/241
|-damage|p2a: Thermostat 7|121\/241|[from] Stealth Rock
|turn|16
|
|move|p2a: Thermostat 7|Overheat|p1a: Serperior
|-supereffective|p1a: Serperior
|-damage|p1a: Serperior|0 fnt
|-unboost|p2a: Thermostat 7|spa|2
|faint|p1a: Serperior
|
|
|switch|p1a: Gothitelle|Gothitelle, F|154\/343
|turn|17
|
|move|p2a: Thermostat 7|Overheat|p1a: Gothitelle
|-damage|p1a: Gothitelle|58\/343
|-unboost|p2a: Thermostat 7|spa|2
|move|p1a: Gothitelle|Psyshock|p2a: Thermostat 7
|-damage|p2a: Thermostat 7|0 fnt
|faint|p2a: Thermostat 7
|
|
|switch|p2a: Stall Airline|Skarmory, M|333\/333
|-damage|p2a: Stall Airline|292\/333|[from] Stealth Rock
|turn|18
|
|switch|p1a: Rotom-Wash|Rotom-Wash|271\/304
|move|p2a: Stall Airline|Stealth Rock|p1a: Rotom-Wash
|-sidestart|p1: overpowered mess|move: Stealth Rock
|
|-heal|p1a: Rotom-Wash|290\/304|[from] item: Leftovers
|turn|19
|
|switch|p2a: Hoenn Airline|Latios, M|225\/301
|-damage|p2a: Hoenn Airline|188\/301|[from] Stealth Rock
|move|p1a: Rotom-Wash|Will-O-Wisp|p2a: Hoenn Airline
|-status|p2a: Hoenn Airline|brn
|
|-heal|p1a: Rotom-Wash|304\/304|[from] item: Leftovers
|-damage|p2a: Hoenn Airline|151\/301 brn|[from] brn
|turn|20
|
|move|p2a: Hoenn Airline|Energy Ball|p1a: Rotom-Wash
|-supereffective|p1a: Rotom-Wash
|-damage|p1a: Rotom-Wash|117\/304
|-damage|p2a: Hoenn Airline|121\/301 brn|[from] item: Life Orb
|move|p1a: Rotom-Wash|Hydro Pump|p2a: Hoenn Airline
|-resisted|p2a: Hoenn Airline
|-damage|p2a: Hoenn Airline|62\/301 brn
|
|-heal|p1a: Rotom-Wash|136\/304|[from] item: Leftovers
|-damage|p2a: Hoenn Airline|25\/301 brn|[from] brn
|turn|21
|c|âJeromeSeiko|gg
|
|switch|p1a: Scizor|Scizor, F|320\/320
|-damage|p1a: Scizor|280\/320|[from] Stealth Rock
|move|p2a: Hoenn Airline|Draco Meteor|p1a: Scizor
|-resisted|p1a: Scizor
|-damage|p1a: Scizor|98\/320
|-unboost|p2a: Hoenn Airline|spa|2
|-damage|p2a: Hoenn Airline|0 fnt|[from] item: Life Orb
|faint|p2a: Hoenn Airline
|
|
|switch|p2a: Stall Airline|Skarmory, M|292\/333
|-damage|p2a: Stall Airline|251\/333|[from] Stealth Rock
|turn|22
|
|detailschange|p1a: Scizor|Scizor-Mega, F
|-mega|p1a: Scizor|Scizor|Scizorite
|move|p1a: Scizor|Swords Dance|p1a: Scizor
|-boost|p1a: Scizor|atk|2
|move|p2a: Stall Airline|Brave Bird|p1a: Scizor
|-damage|p1a: Scizor|5\/320
|-damage|p2a: Stall Airline|220\/333|[from] recoil|[of] p1a: Scizor
|
|turn|23
|
|move|p1a: Scizor|Superpower|p2a: Stall Airline
|-damage|p2a: Stall Airline|35\/333
|-damage|p1a: Scizor|0 fnt|[from] item: Rocky Helmet|[of] p2a: Stall Airline
|faint|p1a: Scizor
|move|p2a: Stall Airline|Roost|p2a: Stall Airline
|-heal|p2a: Stall Airline|202\/333
|
|
|switch|p1a: Rotom-Wash|Rotom-Wash|136\/304
|-damage|p1a: Rotom-Wash|98\/304|[from] Stealth Rock
|turn|24
|
|move|p1a: Rotom-Wash|Will-O-Wisp|p2a: Stall Airline
|-status|p2a: Stall Airline|brn
|move|p2a: Stall Airline|Whirlwind|p1a: Rotom-Wash
|drag|p1a: Landorus|Landorus, M|319\/319
|-damage|p1a: Landorus|280\/319|[from] Stealth Rock
|
|-damage|p2a: Stall Airline|161\/333 brn|[from] brn
|turn|25
|
|move|p1a: Landorus|Focus Blast|p2a: Stall Airline|[miss]
|-miss|p1a: Landorus|p2a: Stall Airline
|move|p2a: Stall Airline|Roost|p2a: Stall Airline
|-heal|p2a: Stall Airline|328\/333 brn
|
|-damage|p2a: Stall Airline|287\/333 brn|[from] brn
|turn|26
|
|switch|p2a: Lap1|Azumarill, F|403\/403
|-damage|p2a: Lap1|353\/403|[from] Stealth Rock
|move|p1a: Landorus|Focus Blast|p2a: Lap1
|-resisted|p2a: Lap1
|-damage|p2a: Lap1|262\/403
|
|turn|27
|
|move|p1a: Landorus|Sludge Wave|p2a: Lap1
|-supereffective|p2a: Lap1
|-damage|p2a: Lap1|0 fnt
|faint|p2a: Lap1
|
|
|switch|p2a: Stall Airline|Skarmory, M|287\/333 brn
|-damage|p2a: Stall Airline|246\/333 brn|[from] Stealth Rock
|turn|28
|
|move|p1a: Landorus|Focus Blast|p2a: Stall Airline
|-damage|p2a: Stall Airline|0 fnt
|faint|p2a: Stall Airline
|
|win|overpowered mess
|raw|Ladder updating...
|raw|overpowered mess's rating: 1589 &rarr; <strong>1602<\/strong><br \/>(+13 for winning)
|raw|JeromeSeiko's rating: 1461 &rarr; <strong>1448<\/strong><br \/>(-13 for losing)