|join|overpowered mess
|join|cadeskjl
|player|p1|overpowered mess|92
|player|p2|cadeskjl|1
|gametype|singles
|gen|6
|tier|OU
|rated
|clearpoke
|poke|p1|Scizor, M
|poke|p1|Clefable, F
|poke|p1|Landorus-Therian, M
|poke|p1|Keldeo-Resolute
|poke|p1|Heatran, F
|poke|p1|Gothitelle, M
|poke|p2|Diancie
|poke|p2|Talonflame, M
|poke|p2|Seismitoad, M
|poke|p2|Celebi
|poke|p2|Crobat, F
|poke|p2|Tyranitar, F
|rule|Swagger Clause: Swagger is banned
|rule|Baton Pass Clause: Limit one PokÃ©mon knowing Baton Pass
|rule|Sleep Clause Mod: Limit one foe put to sleep
|rule|Species Clause: Limit one of each PokÃ©mon
|rule|OHKO Clause: OHKO moves are banned
|rule|Moody Clause: Moody is banned
|rule|Evasion Moves Clause: Evasion moves are banned
|rule|Endless Battle Clause: Forcing endless battles is banned
|rule|HP Percentage Mod: HP is shown in percentages
|teampreview
|
|start
|switch|p1a: Clefable|Clefable, F|393\/393
|switch|p2a: Tyranitar|Tyranitar, F|341\/341
|-weather|Sandstorm
|turn|1
|
|switch|p2a: Crobat|Crobat, F|373\/373
|move|p1a: Clefable|Stealth Rock|p2a: Crobat
|-sidestart|p2: cadeskjl|move: Stealth Rock
|
|-weather|Sandstorm|[upkeep]
|-damage|p2a: Crobat|350\/373|[from] sandstorm
|-heal|p2a: Crobat|373\/373|[from] item: Black Sludge
|turn|2
|
|switch|p1a: Landorus-Therian|Landorus-Therian, M|319\/319
|-ability|p1a: Landorus-Therian|Intimidate|[of] p2a: Crobat
|-unboost|p2a: Crobat|atk|1
|move|p2a: Crobat|Defog|p1a: Landorus-Therian
|-unboost|p1a: Landorus-Therian|evasion|1
|-sideend|p2: cadeskjl|Stealth Rock|[from] move: Defog|[of] p2a: Crobat
|
|-weather|Sandstorm|[upkeep]
|-damage|p2a: Crobat|350\/373|[from] sandstorm
|-heal|p2a: Crobat|373\/373|[from] item: Black Sludge
|turn|3
|
|switch|p2a: Seismitoad|Seismitoad, M|414\/414
|move|p1a: Landorus-Therian|Knock Off|p2a: Seismitoad
|-damage|p2a: Seismitoad|300\/414
|-enditem|p2a: Seismitoad|Leftovers|[from] move: Knock Off|[of] p1a: Landorus-Therian
|
|-weather|Sandstorm|[upkeep]
|turn|4
|
|switch|p1a: Gothitelle|Gothitelle, M|293\/293
|move|p2a: Seismitoad|Knock Off|p1a: Gothitelle
|-supereffective|p1a: Gothitelle
|-damage|p1a: Gothitelle|145\/293
|-enditem|p1a: Gothitelle|Choice Specs|[from] move: Knock Off|[of] p2a: Seismitoad
|
|-weather|Sandstorm|[upkeep]
|-damage|p1a: Gothitelle|127\/293|[from] sandstorm
|turn|5
|
|move|p1a: Gothitelle|Energy Ball|p2a: Seismitoad
|-crit|p2a: Seismitoad
|-supereffective|p2a: Seismitoad
|-damage|p2a: Seismitoad|0 fnt
|faint|p2a: Seismitoad
|
|-weather|none
|
|switch|p2a: Diancie|Diancie|241\/241
|turn|6
|
|detailschange|p2a: Diancie|Diancie-Mega
|-mega|p2a: Diancie|Diancie|Diancite
|move|p1a: Gothitelle|Energy Ball|p2a: Diancie
|-supereffective|p2a: Diancie
|-damage|p2a: Diancie|67\/241
|move|p2a: Diancie|Moonblast|p1a: Gothitelle
|-crit|p1a: Gothitelle
|-damage|p1a: Gothitelle|0 fnt
|faint|p1a: Gothitelle
|
|
|switch|p1a: Clefable|Clefable, F|393\/393
|turn|7
|
|move|p2a: Diancie|Calm Mind|p2a: Diancie
|-boost|p2a: Diancie|spa|1
|-boost|p2a: Diancie|spd|1
|move|p1a: Clefable|Stealth Rock|p2a: Diancie
|move|p2a: Diancie|Stealth Rock|p1a: Clefable|[from]Magic Bounce
|-sidestart|p1: overpowered mess|move: Stealth Rock
|
|turn|8
|
|move|p2a: Diancie|Moonblast|p1a: Clefable
|-damage|p1a: Clefable|38\/393
|-unboost|p1a: Clefable|spa|1
|move|p1a: Clefable|Moonblast|p2a: Diancie
|-damage|p2a: Diancie|0 fnt
|faint|p2a: Diancie
|
|
|switch|p2a: Tyranitar|Tyranitar, F|341\/341
|-weather|Sandstorm
|turn|9
|
|move|p2a: Tyranitar|Pursuit|p1a: Clefable
|-resisted|p1a: Clefable
|-damage|p1a: Clefable|0 fnt
|faint|p1a: Clefable
|
|-weather|Sandstorm|[upkeep]
|
|switch|p1a: Keldeo-Resolute|Keldeo-Resolute|323\/323
|-damage|p1a: Keldeo-Resolute|303\/323|[from] Stealth Rock
|turn|10
|
|switch|p2a: Celebi|Celebi|403\/403
|move|p1a: Keldeo-Resolute|Icy Wind|p2a: Celebi
|-supereffective|p2a: Celebi
|-damage|p2a: Celebi|269\/403
|-unboost|p2a: Celebi|spe|1
|
|-weather|Sandstorm|[upkeep]
|-damage|p1a: Keldeo-Resolute|283\/323|[from] sandstorm
|-damage|p2a: Celebi|244\/403|[from] sandstorm
|-heal|p2a: Celebi|269\/403|[from] item: Leftovers
|turn|11
|
|switch|p1a: Landorus-Therian|Landorus-Therian, M|319\/319
|-damage|p1a: Landorus-Therian|280\/319|[from] Stealth Rock
|-ability|p1a: Landorus-Therian|Intimidate|[of] p2a: Celebi
|-unboost|p2a: Celebi|atk|1
|move|p2a: Celebi|Giga Drain|p1a: Landorus-Therian
|-damage|p1a: Landorus-Therian|168\/319
|-heal|p2a: Celebi|325\/403|[from] drain|[of] p1a: Landorus-Therian
|
|-weather|Sandstorm|[upkeep]
|-damage|p2a: Celebi|300\/403|[from] sandstorm
|-heal|p2a: Celebi|325\/403|[from] item: Leftovers
|turn|12
|
|switch|p2a: Crobat|Crobat, F|373\/373
|move|p1a: Landorus-Therian|Knock Off|p2a: Crobat
|-damage|p2a: Crobat|239\/373
|-enditem|p2a: Crobat|Black Sludge|[from] move: Knock Off|[of] p1a: Landorus-Therian
|
|-weather|Sandstorm|[upkeep]
|-damage|p2a: Crobat|216\/373|[from] sandstorm
|turn|13
|
|switch|p1a: Heatran|Heatran, F|363\/363
|-damage|p1a: Heatran|318\/363|[from] Stealth Rock
|move|p2a: Crobat|Super Fang|p1a: Heatran
|-damage|p1a: Heatran|159\/363
|
|-weather|none
|-heal|p1a: Heatran|181\/363|[from] item: Leftovers
|turn|14
|
|switch|p2a: Tyranitar|Tyranitar, F|341\/341
|-weather|Sandstorm
|move|p1a: Heatran|Ancient Power|p2a: Tyranitar
|-damage|p2a: Tyranitar|286\/341
|
|-weather|Sandstorm|[upkeep]
|-heal|p1a: Heatran|203\/363|[from] item: Leftovers
|turn|15
|
|move|p2a: Tyranitar|Pursuit|p1a: Heatran|[from]Pursuit
|-damage|p1a: Heatran|76\/363
|switch|p1a: Landorus-Therian|Landorus-Therian, M|168\/319
|-damage|p1a: Landorus-Therian|129\/319|[from] Stealth Rock
|-ability|p1a: Landorus-Therian|Intimidate|[of] p2a: Tyranitar
|-unboost|p2a: Tyranitar|atk|1
|
|-weather|Sandstorm|[upkeep]
|turn|16
|
|switch|p2a: Crobat|Crobat, F|216\/373
|move|p1a: Landorus-Therian|U-turn|p2a: Crobat
|-resisted|p2a: Crobat
|-damage|p2a: Crobat|190\/373
|
|switch|p1a: Scizor|Scizor, M|320\/320
|-damage|p1a: Scizor|280\/320|[from] Stealth Rock
|
|-weather|Sandstorm|[upkeep]
|-damage|p2a: Crobat|167\/373|[from] sandstorm
|turn|17
|
|detailschange|p1a: Scizor|Scizor-Mega, M
|-mega|p1a: Scizor|Scizor|Scizorite
|move|p1a: Scizor|Bullet Punch|p2a: Crobat
|-damage|p2a: Crobat|14\/373
|move|p2a: Crobat|Super Fang|p1a: Scizor
|-damage|p1a: Scizor|140\/320
|
|-weather|Sandstorm|[upkeep]
|-damage|p2a: Crobat|0 fnt|[from] sandstorm
|faint|p2a: Crobat
|
|switch|p2a: Talonflame|Talonflame, M|319\/319
|turn|18
|
|switch|p1a: Landorus-Therian|Landorus-Therian, M|129\/319
|-damage|p1a: Landorus-Therian|90\/319|[from] Stealth Rock
|-ability|p1a: Landorus-Therian|Intimidate|[of] p2a: Talonflame
|-unboost|p2a: Talonflame|atk|1
|move|p2a: Talonflame|Swords Dance|p2a: Talonflame
|-boost|p2a: Talonflame|atk|2
|
|-weather|none
|turn|19
|
|move|p2a: Talonflame|Brave Bird|p1a: Landorus-Therian
|-damage|p1a: Landorus-Therian|0 fnt
|-damage|p2a: Talonflame|289\/319|[from] recoil|[of] p1a: Landorus-Therian
|faint|p1a: Landorus-Therian
|
|-heal|p2a: Talonflame|308\/319|[from] item: Leftovers
|
|switch|p1a: Heatran|Heatran, F|76\/363
|-damage|p1a: Heatran|31\/363|[from] Stealth Rock
|turn|20
|c|âcadeskjl|gg methinks
|
|move|p2a: Talonflame|Brave Bird|p1a: Heatran
|-resisted|p1a: Heatran
|-damage|p1a: Heatran|0 fnt
|-damage|p2a: Talonflame|298\/319|[from] recoil|[of] p1a: Heatran
|faint|p1a: Heatran
|
|-heal|p2a: Talonflame|317\/319|[from] item: Leftovers
|
|switch|p1a: Keldeo-Resolute|Keldeo-Resolute|283\/323
|-damage|p1a: Keldeo-Resolute|263\/323|[from] Stealth Rock
|turn|21
|
|move|p2a: Talonflame|Brave Bird|p1a: Keldeo-Resolute
|-supereffective|p1a: Keldeo-Resolute
|-damage|p1a: Keldeo-Resolute|0 fnt
|-damage|p2a: Talonflame|230\/319|[from] recoil|[of] p1a: Keldeo-Resolute
|faint|p1a: Keldeo-Resolute
|
|-heal|p2a: Talonflame|249\/319|[from] item: Leftovers
|
|switch|p1a: Scizor|Scizor-Mega, M|140\/320
|-damage|p1a: Scizor|100\/320|[from] Stealth Rock
|turn|22
|
|move|p1a: Scizor|Bullet Punch|p2a: Talonflame
|-resisted|p2a: Talonflame
|-damage|p2a: Talonflame|161\/319
|move|p2a: Talonflame|Flare Blitz|p1a: Scizor
|-supereffective|p1a: Scizor
|-damage|p1a: Scizor|0 fnt
|-damage|p2a: Talonflame|128\/319|[from] recoil|[of] p1a: Scizor
|faint|p1a: Scizor
|
|win|cadeskjl
|raw|Ladder updating...
|raw|overpowered mess's rating: 1549 &rarr; <strong>1526<\/strong><br \/>(-23 for losing)
|raw|cadeskjl's rating: 1491 &rarr; <strong>1514<\/strong><br \/>(+23 for winning)
|leave|overpowered mess
|player|p1