|join|dais it mane
|join|delicieuxstuff
|player|p1|dais it mane|1
|player|p2|delicieuxstuff|170
|gametype|singles
|gen|6
|tier|OU
|rated
|clearpoke
|poke|p1|Keldeo
|poke|p1|Diancie
|poke|p1|Landorus-Therian, M
|poke|p1|Diggersby, F
|poke|p1|Bisharp, M
|poke|p1|Azumarill, M
|poke|p2|Starmie
|poke|p2|Skarmory, F
|poke|p2|Quagsire, M
|poke|p2|Amoonguss, F
|poke|p2|Sableye, M
|poke|p2|Chansey, F
|rule|Swagger Clause: Swagger is banned
|rule|Baton Pass Clause: Limit one PokÃ©mon knowing Baton Pass
|rule|Sleep Clause Mod: Limit one foe put to sleep
|rule|Species Clause: Limit one of each PokÃ©mon
|rule|OHKO Clause: OHKO moves are banned
|rule|Moody Clause: Moody is banned
|rule|Evasion Moves Clause: Evasion moves are banned
|rule|Endless Battle Clause: Forcing endless battles is banned
|rule|HP Percentage Mod: HP is shown in percentages
|teampreview
|
|start
|switch|p1a: Diancie|Diancie|241\/241
|switch|p2a: Sableye|Sableye, M|304\/304
|turn|1
|
|switch|p2a: Amoonguss|Amoonguss, F|432\/432
|detailschange|p1a: Diancie|Diancie-Mega
|-mega|p1a: Diancie|Diancie|Diancite
|move|p1a: Diancie|Protect|p1a: Diancie
|-fail|p1a: Diancie
|
|turn|2
|
|switch|p1a: Bisharp|Bisharp, M|272\/272
|switch|p2a: Sableye|Sableye, M|304\/304
|
|turn|3
|
|switch|p1a: Diancie|Diancie-Mega|241\/241
|detailschange|p2a: Sableye|Sableye-Mega, M
|-mega|p2a: Sableye|Sableye|Sablenite
|move|p2a: Sableye|Knock Off|p1a: Diancie
|-resisted|p1a: Diancie
|-damage|p1a: Diancie|209\/241
|
|turn|4
|
|switch|p2a: Skarmory|Skarmory, F|334\/334
|move|p1a: Diancie|Earth Power|p2a: Skarmory
|-immune|p2a: Skarmory|[msg]
|
|turn|5
|
|move|p1a: Diancie|Moonblast|p2a: Skarmory
|-resisted|p2a: Skarmory
|-damage|p2a: Skarmory|226\/334
|move|p2a: Skarmory|Iron Head|p1a: Diancie
|-supereffective|p1a: Diancie
|-damage|p1a: Diancie|0 fnt
|faint|p1a: Diancie
|
|c|âdais it mane|lol
|
|switch|p1a: Keldeo|Keldeo|323\/323
|turn|6
|
|switch|p2a: Amoonguss|Amoonguss, F|432\/432
|move|p1a: Keldeo|Scald|p2a: Amoonguss
|-resisted|p2a: Amoonguss
|-damage|p2a: Amoonguss|355\/432
|
|-heal|p2a: Amoonguss|382\/432|[from] item: Black Sludge
|turn|7
|
|switch|p1a: Bisharp|Bisharp, M|272\/272
|move|p2a: Amoonguss|Giga Drain|p1a: Bisharp
|-resisted|p1a: Bisharp
|-damage|p1a: Bisharp|221\/272
|-heal|p2a: Amoonguss|408\/432|[from] drain|[of] p1a: Bisharp
|
|-heal|p2a: Amoonguss|432\/432|[from] item: Black Sludge
|turn|8
|
|switch|p2a: Quagsire|Quagsire, M|394\/394
|move|p1a: Bisharp|Stealth Rock|p2a: Quagsire
|-sidestart|p2: delicieuxstuff|move: Stealth Rock
|
|turn|9
|
|move|p1a: Bisharp|Knock Off|p2a: Quagsire
|-damage|p2a: Quagsire|250\/394
|-enditem|p2a: Quagsire|Leftovers|[from] move: Knock Off|[of] p1a: Bisharp
|move|p2a: Quagsire|Scald|p1a: Bisharp
|-damage|p1a: Bisharp|127\/272
|
|turn|10
|
|move|p1a: Bisharp|Iron Head|p2a: Quagsire
|-resisted|p2a: Quagsire
|-damage|p2a: Quagsire|185\/394
|move|p2a: Quagsire|Recover|p2a: Quagsire
|-heal|p2a: Quagsire|382\/394
|
|turn|11
|
|move|p1a: Bisharp|Iron Head|p2a: Quagsire
|-resisted|p2a: Quagsire
|-damage|p2a: Quagsire|318\/394
|move|p2a: Quagsire|Toxic|p1a: Bisharp
|-fail|p1a: Bisharp
|
|turn|12
|
|move|p1a: Bisharp|Iron Head|p2a: Quagsire
|-resisted|p2a: Quagsire
|-damage|p2a: Quagsire|255\/394
|move|p2a: Quagsire|Recover|p2a: Quagsire
|-heal|p2a: Quagsire|394\/394
|
|turn|13
|
|switch|p2a: Starmie|Starmie|324\/324
|-damage|p2a: Starmie|284\/324|[from] Stealth Rock
|move|p1a: Bisharp|Iron Head|p2a: Starmie
|-resisted|p2a: Starmie
|-damage|p2a: Starmie|192\/324
|
|-heal|p2a: Starmie|212\/324|[from] item: Leftovers
|turn|14
|
|move|p1a: Bisharp|Sucker Punch|p2a: Starmie
|-fail|p2a: Starmie
|move|p2a: Starmie|Reflect Type|p1a: Bisharp
|-start|p2a: Starmie|typechange|[from] move: Reflect Type|[of] p1a: Bisharp
|
|-heal|p2a: Starmie|232\/324|[from] item: Leftovers
|turn|15
|
|move|p2a: Starmie|Rapid Spin|p1a: Bisharp
|-resisted|p1a: Bisharp
|-damage|p1a: Bisharp|122\/272
|-sideend|p2: delicieuxstuff|Stealth Rock|[from] move: Rapid Spin|[of] p2a: Starmie
|move|p1a: Bisharp|Iron Head|p2a: Starmie
|-resisted|p2a: Starmie
|-damage|p2a: Starmie|139\/324
|
|-heal|p2a: Starmie|159\/324|[from] item: Leftovers
|turn|16
|
|move|p2a: Starmie|Scald|p1a: Bisharp
|-damage|p1a: Bisharp|38\/272
|-status|p1a: Bisharp|brn
|move|p1a: Bisharp|Stealth Rock|p2a: Starmie
|-sidestart|p2: delicieuxstuff|move: Stealth Rock
|
|-heal|p2a: Starmie|179\/324|[from] item: Leftovers
|-damage|p1a: Bisharp|4\/272 brn|[from] brn
|turn|17
|
|switch|p1a: Diggersby|Diggersby, F|312\/312
|move|p2a: Starmie|Rapid Spin|p1a: Diggersby
|-crit|p1a: Diggersby
|-damage|p1a: Diggersby|292\/312
|-sideend|p2: delicieuxstuff|Stealth Rock|[from] move: Rapid Spin|[of] p2a: Starmie
|
|-heal|p2a: Starmie|199\/324|[from] item: Leftovers
|turn|18
|
|switch|p2a: Skarmory|Skarmory, F|226\/334
|move|p1a: Diggersby|U-turn|p2a: Skarmory
|-resisted|p2a: Skarmory
|-damage|p2a: Skarmory|199\/334
|
|switch|p1a: Azumarill|Azumarill, M|364\/364
|
|turn|19
|
|move|p1a: Azumarill|Knock Off|p2a: Skarmory
|-damage|p2a: Skarmory|107\/334
|-enditem|p2a: Skarmory|Shed Shell|[from] move: Knock Off|[of] p1a: Azumarill
|move|p2a: Skarmory|Roost|p2a: Skarmory
|-heal|p2a: Skarmory|274\/334
|
|turn|20
|
|switch|p1a: Keldeo|Keldeo|323\/323
|move|p2a: Skarmory|Spikes|p1a: Keldeo
|-sidestart|p1: dais it mane|Spikes
|
|turn|21
|
|switch|p2a: Amoonguss|Amoonguss, F|432\/432
|move|p1a: Keldeo|Scald|p2a: Amoonguss
|-resisted|p2a: Amoonguss
|-damage|p2a: Amoonguss|360\/432
|
|-heal|p2a: Amoonguss|387\/432|[from] item: Black Sludge
|turn|22
|-message|dais it mane forfeited.
|
|win|delicieuxstuff
|raw|Ladder updating...
|leave|dais it mane
|raw|dais it mane's rating: 1621 &rarr; <strong>1604<\/strong><br \/>(-17 for losing)
|raw|delicieuxstuff's rating: 1680 &rarr; <strong>1697<\/strong><br \/>(+17 for winning)
|player|p1