|join|nero89
|join|dais it mane
|player|p1|nero89|7
|player|p2|dais it mane|170
|gametype|singles
|gen|6
|tier|OU
|rated
|clearpoke
|poke|p1|Umbreon, M
|poke|p1|Skarmory, F, shiny
|poke|p1|Sableye, F
|poke|p1|Heatran, M
|poke|p1|Rotom-Wash, shiny
|poke|p1|Gliscor, M
|poke|p2|Diggersby, M
|poke|p2|Magnezone
|poke|p2|Garchomp, M
|poke|p2|Azumarill, M
|poke|p2|Gengar, F
|poke|p2|Altaria, M
|rule|Swagger Clause: Swagger is banned
|rule|Baton Pass Clause: Limit one PokÃ©mon knowing Baton Pass
|rule|Sleep Clause Mod: Limit one foe put to sleep
|rule|Species Clause: Limit one of each PokÃ©mon
|rule|OHKO Clause: OHKO moves are banned
|rule|Moody Clause: Moody is banned
|rule|Evasion Moves Clause: Evasion moves are banned
|rule|Endless Battle Clause: Forcing endless battles is banned
|rule|HP Percentage Mod: HP is shown in percentages
|teampreview
|
|start
|switch|p1a: Sableye|Sableye, F|300\/300
|switch|p2a: Garchomp|Garchomp, M|357\/357
|turn|1
|
|detailschange|p1a: Sableye|Sableye-Mega, F
|-mega|p1a: Sableye|Sableye|Sablenite
|move|p1a: Sableye|Will-O-Wisp|p2a: Garchomp
|-status|p2a: Garchomp|brn
|move|p2a: Garchomp|Swords Dance|p2a: Garchomp
|-boost|p2a: Garchomp|atk|2
|
|-damage|p2a: Garchomp|313\/357 brn|[from] brn
|turn|2
|
|move|p2a: Garchomp|Swords Dance|p2a: Garchomp
|-boost|p2a: Garchomp|atk|2
|move|p1a: Sableye|Knock Off|p2a: Garchomp
|-damage|p2a: Garchomp|211\/357 brn
|-damage|p1a: Sableye|263\/300|[from] ability: Rough Skin|[of] p2a: Garchomp
|-enditem|p2a: Garchomp|Focus Sash|[from] move: Knock Off|[of] p1a: Sableye
|
|-damage|p2a: Garchomp|167\/357 brn|[from] brn
|turn|3
|
|move|p2a: Garchomp|Dragon Claw|p1a: Sableye
|-damage|p1a: Sableye|121\/300
|move|p1a: Sableye|Recover|p1a: Sableye
|-heal|p1a: Sableye|271\/300
|
|-damage|p2a: Garchomp|123\/357 brn|[from] brn
|turn|4
|
|move|p2a: Garchomp|Earthquake|p1a: Sableye
|-damage|p1a: Sableye|87\/300
|move|p1a: Sableye|Recover|p1a: Sableye
|-heal|p1a: Sableye|237\/300
|
|-damage|p2a: Garchomp|79\/357 brn|[from] brn
|turn|5
|
|switch|p1a: Gliscor|Gliscor, M|353\/353
|move|p2a: Garchomp|Earthquake|p1a: Gliscor
|-immune|p1a: Gliscor|[msg]
|
|-damage|p2a: Garchomp|35\/357 brn|[from] brn
|-status|p1a: Gliscor|tox|[from] item: Toxic Orb
|turn|6
|
|move|p1a: Gliscor|Protect|p1a: Gliscor
|-singleturn|p1a: Gliscor|Protect
|move|p2a: Garchomp|Stealth Rock|p1a: Gliscor
|-sidestart|p1: nero89|move: Stealth Rock
|
|-damage|p2a: Garchomp|0 fnt|[from] brn
|faint|p2a: Garchomp
|
|switch|p2a: Gengar|Gengar, F|261\/261
|turn|7
|
|switch|p1a: Umbreon|Umbreon, M|360\/360
|-damage|p1a: Umbreon|315\/360|[from] Stealth Rock
|move|p2a: Gengar|Taunt|p1a: Umbreon
|-start|p1a: Umbreon|move: Taunt
|
|-heal|p1a: Umbreon|337\/360|[from] item: Leftovers
|turn|8
|
|switch|p2a: Azumarill|Azumarill, M|404\/404
|move|p1a: Umbreon|Foul Play|p2a: Azumarill
|-crit|p2a: Azumarill
|-resisted|p2a: Azumarill
|-damage|p2a: Azumarill|316\/404
|
|-heal|p1a: Umbreon|359\/360|[from] item: Leftovers
|turn|9
|
|switch|p1a: Rotom-Wash|Rotom-Wash, shiny|300\/300
|-damage|p1a: Rotom-Wash|263\/300|[from] Stealth Rock
|switch|p2a: Magnezone|Magnezone|281\/281
|
|-heal|p1a: Rotom-Wash|281\/300|[from] item: Leftovers
|turn|10
|
|move|p2a: Magnezone|Volt Switch|p1a: Rotom-Wash
|-damage|p1a: Rotom-Wash|199\/300
|
|switch|p2a: Gengar|Gengar, F|261\/261
|move|p1a: Rotom-Wash|Pain Split|p2a: Gengar
|-sethp|p2a: Gengar|230\/261|p1a: Rotom-Wash|230\/300|[from] move: Pain Split
|
|-heal|p1a: Rotom-Wash|248\/300|[from] item: Leftovers
|turn|11
|
|move|p2a: Gengar|Sludge Wave|p1a: Rotom-Wash
|-damage|p1a: Rotom-Wash|99\/300
|-damage|p2a: Gengar|204\/261|[from] item: Life Orb
|move|p1a: Rotom-Wash|Hydro Pump|p2a: Gengar
|-damage|p2a: Gengar|35\/261
|
|-heal|p1a: Rotom-Wash|117\/300|[from] item: Leftovers
|turn|12
|
|switch|p1a: Skarmory|Skarmory, F, shiny|334\/334
|-damage|p1a: Skarmory|293\/334|[from] Stealth Rock
|move|p2a: Gengar|Shadow Ball|p1a: Skarmory
|-damage|p1a: Skarmory|54\/334
|-unboost|p1a: Skarmory|spd|1
|-damage|p2a: Gengar|9\/261|[from] item: Life Orb
|
|-heal|p1a: Skarmory|74\/334|[from] item: Leftovers
|turn|13
|
|switch|p1a: Umbreon|Umbreon, M|359\/360
|-damage|p1a: Umbreon|314\/360|[from] Stealth Rock
|move|p2a: Gengar|Taunt|p1a: Umbreon
|-start|p1a: Umbreon|move: Taunt
|
|-heal|p1a: Umbreon|336\/360|[from] item: Leftovers
|turn|14
|
|move|p2a: Gengar|Destiny Bond|p2a: Gengar
|-singlemove|p2a: Gengar|Destiny Bond
|move|p1a: Umbreon|Foul Play|p2a: Gengar
|-crit|p2a: Gengar
|-supereffective|p2a: Gengar
|-damage|p2a: Gengar|0 fnt
|faint|p2a: Gengar
|-activate|p2a: Gengar|Destiny Bond
|faint|p1a: Umbreon
|
|
|switch|p2a: Diggersby|Diggersby, M|312\/312
|switch|p1a: Sableye|Sableye-Mega, F|237\/300
|-damage|p1a: Sableye|200\/300|[from] Stealth Rock
|turn|15
|
|move|p2a: Diggersby|U-turn|p1a: Sableye
|-damage|p1a: Sableye|93\/300
|
|switch|p2a: Magnezone|Magnezone|281\/281
|move|p1a: Sableye|Will-O-Wisp|p2a: Magnezone
|-status|p2a: Magnezone|brn
|
|-damage|p2a: Magnezone|246\/281 brn|[from] brn
|turn|16
|
|move|p2a: Magnezone|Flash Cannon|p1a: Sableye
|-damage|p1a: Sableye|0 fnt
|faint|p1a: Sableye
|
|-damage|p2a: Magnezone|211\/281 brn|[from] brn
|
|switch|p1a: Heatran|Heatran, M|375\/375
|-damage|p1a: Heatran|329\/375|[from] Stealth Rock
|-item|p1a: Heatran|Air Balloon
|turn|17
|
|switch|p2a: Azumarill|Azumarill, M|316\/404
|move|p1a: Heatran|Lava Plume|p2a: Azumarill
|-resisted|p2a: Azumarill
|-damage|p2a: Azumarill|247\/404
|
|turn|18
|
|move|p1a: Heatran|Lava Plume|p2a: Azumarill
|-resisted|p2a: Azumarill
|-damage|p2a: Azumarill|178\/404
|-enditem|p2a: Azumarill|Sitrus Berry|[eat]
|-heal|p2a: Azumarill|279\/404|[from] item: Sitrus Berry
|move|p2a: Azumarill|Belly Drum|p2a: Azumarill
|-damage|p2a: Azumarill|77\/404
|-setboost|p2a: Azumarill|atk|6|[from] move: Belly Drum
|
|turn|19
|
|move|p2a: Azumarill|Aqua Jet|p1a: Heatran
|-supereffective|p1a: Heatran
|-damage|p1a: Heatran|0 fnt
|-enditem|p1a: Heatran|Air Balloon
|faint|p1a: Heatran
|
|c|âdais it mane|bruh bruh
|
|switch|p1a: Rotom-Wash|Rotom-Wash, shiny|117\/300
|-damage|p1a: Rotom-Wash|80\/300|[from] Stealth Rock
|turn|20
|
|move|p2a: Azumarill|Aqua Jet|p1a: Rotom-Wash
|-crit|p1a: Rotom-Wash
|-resisted|p1a: Rotom-Wash
|-damage|p1a: Rotom-Wash|0 fnt
|faint|p1a: Rotom-Wash
|
|-message|nero89 forfeited.
|
|win|dais it mane
|raw|Ladder updating...
|leave|nero89
|player|p1
|raw|nero89's rating: 1362 &rarr; <strong>1340<\/strong><br \/>(-22 for losing)
|raw|dais it mane's rating: 1325 &rarr; <strong>1348<\/strong><br \/>(+23 for winning)