|join|BIGSTEELIX
|join|RustyEspur
|player|p1|BIGSTEELIX|161
|player|p2|RustyEspur|172
|gametype|singles
|gen|6
|tier|UU
|rated
|rule|Sleep Clause Mod: Limit one foe put to sleep
|rule|Species Clause: Limit one of each PokÃ©mon
|rule|OHKO Clause: OHKO moves are banned
|rule|Moody Clause: Moody is banned
|rule|Evasion Moves Clause: Evasion moves are banned
|rule|Endless Battle Clause: Forcing endless battles is banned
|rule|HP Percentage Mod: HP is shown in percentages
|clearpoke
|poke|p1|Crobat, M
|poke|p1|Steelix, M
|poke|p1|Suicune
|poke|p1|Alakazam, F
|poke|p1|Shaymin
|poke|p1|Snorlax, F
|poke|p2|Ursaring, M
|poke|p2|Forretress, F
|poke|p2|Florges, F
|poke|p2|Ampharos, F
|poke|p2|Scrafty, M
|poke|p2|Nidoqueen, F
|rule|Swagger Clause: Swagger is banned
|rule|Baton Pass Clause: Limit one PokÃ©mon knowing Baton Pass
|teampreview
|
|start
|switch|p1a: Steelix|Steelix, M|354\/354
|switch|p2a: Ampharos|Ampharos, F|383\/383
|turn|1
|
|switch|p2a: Forretress|Forretress, F|354\/354
|detailschange|p1a: Steelix|Steelix-Mega, M
|-mega|p1a: Steelix|Steelix|Steelixite
|move|p1a: Steelix|Earthquake|p2a: Forretress
|-damage|p2a: Forretress|278\/354
|
|-heal|p2a: Forretress|300\/354|[from] item: Leftovers
|turn|2
|
|move|p1a: Steelix|Stealth Rock|p2a: Forretress
|-sidestart|p2: RustyEspur|move: Stealth Rock
|move|p2a: Forretress|Spikes|p1a: Steelix
|-sidestart|p1: BIGSTEELIX|Spikes
|
|-heal|p2a: Forretress|322\/354|[from] item: Leftovers
|turn|3
|
|switch|p1a: Crobat|Crobat, M|373\/373
|move|p2a: Forretress|Rapid Spin|p1a: Crobat
|-damage|p1a: Crobat|354\/373
|-sideend|p2: RustyEspur|Stealth Rock|[from] move: Rapid Spin|[of] p2a: Forretress
|
|-heal|p2a: Forretress|344\/354|[from] item: Leftovers
|turn|4
|
|move|p1a: Crobat|Defog|p2a: Forretress
|-unboost|p2a: Forretress|evasion|1
|-sideend|p1: BIGSTEELIX|Spikes|[from] move: Defog|[of] p1a: Crobat
|move|p2a: Forretress|Volt Switch|p1a: Crobat
|-supereffective|p1a: Crobat
|-damage|p1a: Crobat|268\/373
|
|switch|p2a: Ampharos|Ampharos, F|383\/383
|
|turn|5
|
|switch|p1a: Steelix|Steelix-Mega, M|354\/354
|detailschange|p2a: Ampharos|Ampharos-Mega, F
|-mega|p2a: Ampharos|Ampharos|Ampharosite
|-ability|p2a: Ampharos|Mold Breaker
|move|p2a: Ampharos|Focus Blast|p1a: Steelix|[miss]
|-miss|p2a: Ampharos|p1a: Steelix
|
|turn|6
|
|switch|p2a: Forretress|Forretress, F|344\/354
|move|p1a: Steelix|Earthquake|p2a: Forretress
|-damage|p2a: Forretress|266\/354
|
|-heal|p2a: Forretress|288\/354|[from] item: Leftovers
|turn|7
|
|switch|p1a: Shaymin|Shaymin|404\/404
|move|p2a: Forretress|Spikes|p1a: Shaymin
|-sidestart|p1: BIGSTEELIX|Spikes
|
|-heal|p2a: Forretress|310\/354|[from] item: Leftovers
|turn|8
|
|switch|p2a: Ampharos|Ampharos-Mega, F|383\/383
|-ability|p2a: Ampharos|Mold Breaker
|move|p1a: Shaymin|Substitute|p1a: Shaymin
|-start|p1a: Shaymin|Substitute
|-damage|p1a: Shaymin|303\/404
|
|-heal|p1a: Shaymin|328\/404|[from] item: Leftovers
|turn|9
|
|move|p1a: Shaymin|Leech Seed|p2a: Ampharos
|-start|p2a: Ampharos|move: Leech Seed
|move|p2a: Ampharos|Volt Switch|p1a: Shaymin
|-resisted|p1a: Shaymin
|-activate|p1a: Shaymin|Substitute|[damage]
|
|switch|p2a: Nidoqueen|Nidoqueen, F|353\/353
|
|-heal|p1a: Shaymin|353\/404|[from] item: Leftovers
|turn|10
|
|move|p1a: Shaymin|Seed Flare|p2a: Nidoqueen
|-damage|p2a: Nidoqueen|185\/353
|-unboost|p2a: Nidoqueen|spd|2
|move|p2a: Nidoqueen|Sludge Wave|p1a: Shaymin
|-supereffective|p1a: Shaymin
|-end|p1a: Shaymin|Substitute
|
|-heal|p1a: Shaymin|378\/404|[from] item: Leftovers
|turn|11
|
|switch|p2a: Florges|Florges, F|360\/360
|move|p1a: Shaymin|Seed Flare|p2a: Florges
|-damage|p2a: Florges|269\/360
|
|-heal|p1a: Shaymin|403\/404|[from] item: Leftovers
|-heal|p2a: Florges|291\/360|[from] item: Leftovers
|turn|12
|
|move|p1a: Shaymin|Leech Seed|p2a: Florges
|-start|p2a: Florges|move: Leech Seed
|move|p2a: Florges|Moonblast|p1a: Shaymin
|-damage|p1a: Shaymin|277\/404
|
|-heal|p1a: Shaymin|302\/404|[from] item: Leftovers
|-heal|p2a: Florges|313\/360|[from] item: Leftovers
|-damage|p2a: Florges|268\/360|[from] Leech Seed|[of] p1a: Shaymin
|-heal|p1a: Shaymin|347\/404|[silent]
|turn|13
|
|switch|p2a: Scrafty|Scrafty, M|334\/334
|move|p1a: Shaymin|Substitute|p1a: Shaymin
|-start|p1a: Shaymin|Substitute
|-damage|p1a: Shaymin|246\/404
|
|-heal|p1a: Shaymin|271\/404|[from] item: Leftovers
|turn|14
|
|switch|p2a: Forretress|Forretress, F|310\/354
|move|p1a: Shaymin|Leech Seed|p2a: Forretress
|-start|p2a: Forretress|move: Leech Seed
|
|-heal|p1a: Shaymin|296\/404|[from] item: Leftovers
|-heal|p2a: Forretress|332\/354|[from] item: Leftovers
|-damage|p2a: Forretress|288\/354|[from] Leech Seed|[of] p1a: Shaymin
|-heal|p1a: Shaymin|340\/404|[silent]
|turn|15
|
|move|p1a: Shaymin|Air Slash|p2a: Forretress
|-damage|p2a: Forretress|189\/354
|move|p2a: Forretress|Rapid Spin|p1a: Shaymin
|-activate|p1a: Shaymin|Substitute|[damage]
|-end|p2a: Forretress|Leech Seed|[from] move: Rapid Spin|[of] p2a: Forretress
|
|-heal|p1a: Shaymin|365\/404|[from] item: Leftovers
|-heal|p2a: Forretress|211\/354|[from] item: Leftovers
|turn|16
|
|move|p1a: Shaymin|Air Slash|p2a: Forretress
|-damage|p2a: Forretress|119\/354
|move|p2a: Forretress|Spikes|p1a: Shaymin
|-sidestart|p1: BIGSTEELIX|Spikes
|
|-heal|p1a: Shaymin|390\/404|[from] item: Leftovers
|-heal|p2a: Forretress|141\/354|[from] item: Leftovers
|turn|17
|
|switch|p2a: Florges|Florges, F|268\/360
|move|p1a: Shaymin|Air Slash|p2a: Florges
|-damage|p2a: Florges|226\/360
|
|-heal|p1a: Shaymin|404\/404|[from] item: Leftovers
|-heal|p2a: Florges|248\/360|[from] item: Leftovers
|turn|18
|
|move|p1a: Shaymin|Leech Seed|p2a: Florges
|-start|p2a: Florges|move: Leech Seed
|move|p2a: Florges|Wish|p2a: Florges
|
|-heal|p2a: Florges|270\/360|[from] item: Leftovers
|-damage|p2a: Florges|225\/360|[from] Leech Seed|[of] p1a: Shaymin
|turn|19
|
|switch|p2a: Forretress|Forretress, F|141\/354
|move|p1a: Shaymin|Leech Seed|p2a: Forretress
|-start|p2a: Forretress|move: Leech Seed
|
|-heal|p2a: Forretress|321\/354|[from] move: Wish|[wisher] Florges
|-heal|p2a: Forretress|343\/354|[from] item: Leftovers
|-damage|p2a: Forretress|299\/354|[from] Leech Seed|[of] p1a: Shaymin
|turn|20
|
|switch|p2a: Florges|Florges, F|225\/360
|move|p1a: Shaymin|Air Slash|p2a: Florges
|-damage|p2a: Florges|188\/360
|
|-heal|p2a: Florges|210\/360|[from] item: Leftovers
|turn|21
|
|move|p1a: Shaymin|Leech Seed|p2a: Florges
|-start|p2a: Florges|move: Leech Seed
|move|p2a: Florges|Wish|p2a: Florges
|
|-heal|p2a: Florges|232\/360|[from] item: Leftovers
|-damage|p2a: Florges|187\/360|[from] Leech Seed|[of] p1a: Shaymin
|turn|22
|
|move|p2a: Florges|Protect|p2a: Florges
|-singleturn|p2a: Florges|Protect
|move|p1a: Shaymin|Air Slash|p2a: Florges
|-activate|p2a: Florges|Protect
|
|-heal|p2a: Florges|360\/360|[from] move: Wish|[wisher] Florges
|-damage|p2a: Florges|315\/360|[from] Leech Seed|[of] p1a: Shaymin
|turn|23
|
|move|p1a: Shaymin|Seed Flare|p2a: Florges|[miss]
|-miss|p1a: Shaymin|p2a: Florges
|move|p2a: Florges|Wish|p2a: Florges
|
|-heal|p2a: Florges|337\/360|[from] item: Leftovers
|-damage|p2a: Florges|292\/360|[from] Leech Seed|[of] p1a: Shaymin
|turn|24
|
|switch|p2a: Nidoqueen|Nidoqueen, F|185\/353
|move|p1a: Shaymin|Air Slash|p2a: Nidoqueen
|-damage|p2a: Nidoqueen|111\/353
|
|-heal|p2a: Nidoqueen|291\/353|[from] move: Wish|[wisher] Florges
|turn|25
|
|switch|p2a: Ampharos|Ampharos-Mega, F|383\/383
|-ability|p2a: Ampharos|Mold Breaker
|move|p1a: Shaymin|Leech Seed|p2a: Ampharos
|-start|p2a: Ampharos|move: Leech Seed
|
|-damage|p2a: Ampharos|336\/383|[from] Leech Seed|[of] p1a: Shaymin
|turn|26
|
|move|p1a: Shaymin|Air Slash|p2a: Ampharos
|-resisted|p2a: Ampharos
|-damage|p2a: Ampharos|315\/383
|move|p2a: Ampharos|Volt Switch|p1a: Shaymin
|-crit|p1a: Shaymin
|-resisted|p1a: Shaymin
|-end|p1a: Shaymin|Substitute
|
|switch|p2a: Nidoqueen|Nidoqueen, F|291\/353
|
|turn|27
|
|switch|p1a: Snorlax|Snorlax, F|461\/461
|-damage|p1a: Snorlax|385\/461|[from] Spikes
|move|p2a: Nidoqueen|Ice Beam|p1a: Snorlax
|-damage|p1a: Snorlax|333\/461
|
|turn|28
|
|switch|p2a: Forretress|Forretress, F|299\/354
|move|p1a: Snorlax|Frustration|p2a: Forretress
|-resisted|p2a: Forretress
|-damage|p2a: Forretress|217\/354
|
|-heal|p2a: Forretress|239\/354|[from] item: Leftovers
|turn|29
|
|move|p1a: Snorlax|Frustration|p2a: Forretress
|-resisted|p2a: Forretress
|-damage|p2a: Forretress|164\/354
|move|p2a: Forretress|Volt Switch|p1a: Snorlax
|-damage|p1a: Snorlax|308\/461
|
|switch|p2a: Ursaring|Ursaring, M|321\/321
|
|-status|p2a: Ursaring|brn|[from] item: Flame Orb
|turn|30
|
|switch|p1a: Steelix|Steelix-Mega, M|354\/354
|-damage|p1a: Steelix|295\/354|[from] Spikes
|move|p2a: Ursaring|Facade|p1a: Steelix
|-resisted|p1a: Steelix
|-damage|p1a: Steelix|200\/354
|
|-damage|p2a: Ursaring|281\/321 brn|[from] brn
|turn|31
|
|move|p2a: Ursaring|Earthquake|p1a: Steelix
|-supereffective|p1a: Steelix
|-damage|p1a: Steelix|2\/354
|move|p1a: Steelix|Earthquake|p2a: Ursaring
|-damage|p2a: Ursaring|91\/321 brn
|
|-damage|p2a: Ursaring|51\/321 brn|[from] brn
|turn|32
|
|move|p2a: Ursaring|Facade|p1a: Steelix
|-crit|p1a: Steelix
|-resisted|p1a: Steelix
|-damage|p1a: Steelix|0 fnt
|faint|p1a: Steelix
|
|-damage|p2a: Ursaring|11\/321 brn|[from] brn
|
|switch|p1a: Crobat|Crobat, M|268\/373
|turn|33
|
|move|p1a: Crobat|Brave Bird|p2a: Ursaring
|-damage|p2a: Ursaring|0 fnt
|-damage|p1a: Crobat|264\/373|[from] recoil|[of] p2a: Ursaring
|faint|p2a: Ursaring
|
|
|switch|p2a: Ampharos|Ampharos-Mega, F|315\/383
|-ability|p2a: Ampharos|Mold Breaker
|turn|34
|
|switch|p1a: Shaymin|Shaymin|404\/404
|-damage|p1a: Shaymin|337\/404|[from] Spikes
|move|p2a: Ampharos|Volt Switch|p1a: Shaymin
|-resisted|p1a: Shaymin
|-damage|p1a: Shaymin|279\/404
|
|switch|p2a: Nidoqueen|Nidoqueen, F|291\/353
|
|-heal|p1a: Shaymin|304\/404|[from] item: Leftovers
|turn|35
|
|switch|p1a: Snorlax|Snorlax, F|308\/461
|-damage|p1a: Snorlax|232\/461|[from] Spikes
|move|p2a: Nidoqueen|Sludge Wave|p1a: Snorlax
|-damage|p1a: Snorlax|72\/461
|
|turn|36
|
|move|p2a: Nidoqueen|Sludge Wave|p1a: Snorlax
|-damage|p1a: Snorlax|0 fnt
|faint|p1a: Snorlax
|
|
|switch|p1a: Alakazam|Alakazam, F|251\/251
|turn|37
|
|switch|p2a: Florges|Florges, F|292\/360
|move|p1a: Alakazam|Psyshock|p2a: Florges
|-damage|p2a: Florges|135\/360
|
|-heal|p2a: Florges|157\/360|[from] item: Leftovers
|turn|38
|
|switch|p1a: Crobat|Crobat, M|264\/373
|move|p2a: Florges|Protect|p2a: Florges
|-fail|p2a: Florges
|
|-heal|p2a: Florges|179\/360|[from] item: Leftovers
|turn|39
|
|move|p1a: Crobat|Defog|p2a: Florges
|-unboost|p2a: Florges|evasion|1
|-sideend|p1: BIGSTEELIX|Spikes|[from] move: Defog|[of] p1a: Crobat
|move|p2a: Florges|Wish|p2a: Florges
|
|-heal|p2a: Florges|201\/360|[from] item: Leftovers
|turn|40
|
|move|p2a: Florges|Protect|p2a: Florges
|-singleturn|p2a: Florges|Protect
|move|p1a: Crobat|Brave Bird|p2a: Florges
|-activate|p2a: Florges|Protect
|
|-heal|p2a: Florges|360\/360|[from] move: Wish|[wisher] Florges
|turn|41
|
|switch|p1a: Shaymin|Shaymin|304\/404
|move|p2a: Florges|Wish|p2a: Florges
|
|-heal|p1a: Shaymin|329\/404|[from] item: Leftovers
|turn|42
|
|switch|p2a: Forretress|Forretress, F|164\/354
|move|p1a: Shaymin|Leech Seed|p2a: Forretress
|-start|p2a: Forretress|move: Leech Seed
|
|-heal|p2a: Forretress|344\/354|[from] move: Wish|[wisher] Florges
|-heal|p1a: Shaymin|354\/404|[from] item: Leftovers
|-heal|p2a: Forretress|354\/354|[from] item: Leftovers
|-damage|p2a: Forretress|310\/354|[from] Leech Seed|[of] p1a: Shaymin
|-heal|p1a: Shaymin|398\/404|[silent]
|turn|43
|
|switch|p1a: Crobat|Crobat, M|264\/373
|move|p2a: Forretress|Spikes|p1a: Crobat
|-sidestart|p1: BIGSTEELIX|Spikes
|
|-heal|p2a: Forretress|332\/354|[from] item: Leftovers
|-damage|p2a: Forretress|288\/354|[from] Leech Seed|[of] p1a: Crobat
|-heal|p1a: Crobat|308\/373|[silent]
|turn|44
|
|move|p1a: Crobat|Defog|p2a: Forretress
|-unboost|p2a: Forretress|evasion|1
|-sideend|p1: BIGSTEELIX|Spikes|[from] move: Defog|[of] p1a: Crobat
|move|p2a: Forretress|Volt Switch|p1a: Crobat
|-supereffective|p1a: Crobat
|-damage|p1a: Crobat|224\/373
|
|switch|p2a: Ampharos|Ampharos-Mega, F|315\/383
|-ability|p2a: Ampharos|Mold Breaker
|
|turn|45
|
|switch|p1a: Shaymin|Shaymin|398\/404
|move|p2a: Ampharos|Volt Switch|p1a: Shaymin
|-resisted|p1a: Shaymin
|-damage|p1a: Shaymin|333\/404
|
|switch|p2a: Nidoqueen|Nidoqueen, F|291\/353
|
|-heal|p1a: Shaymin|358\/404|[from] item: Leftovers
|turn|46
|
|switch|p1a: Suicune|Suicune|404\/404
|-ability|p1a: Suicune|Pressure
|move|p2a: Nidoqueen|Sludge Wave|p1a: Suicune
|-damage|p1a: Suicune|201\/404
|
|-heal|p1a: Suicune|226\/404|[from] item: Leftovers
|turn|47
|
|move|p2a: Nidoqueen|Sludge Wave|p1a: Suicune
|-damage|p1a: Suicune|49\/404
|move|p1a: Suicune|Calm Mind|p1a: Suicune
|-boost|p1a: Suicune|spa|1
|-boost|p1a: Suicune|spd|1
|
|-heal|p1a: Suicune|74\/404|[from] item: Leftovers
|turn|48
|
|move|p2a: Nidoqueen|Sludge Wave|p1a: Suicune
|-damage|p1a: Suicune|0 fnt
|faint|p1a: Suicune
|
|
|switch|p1a: Alakazam|Alakazam, F|251\/251
|turn|49
|
|switch|p2a: Scrafty|Scrafty, M|334\/334
|move|p1a: Alakazam|Psyshock|p2a: Scrafty
|-immune|p2a: Scrafty|[msg]
|
|turn|50
|
|switch|p2a: Florges|Florges, F|360\/360
|move|p1a: Alakazam|Dazzling Gleam|p2a: Florges
|-damage|p2a: Florges|297\/360
|
|-heal|p2a: Florges|319\/360|[from] item: Leftovers
|turn|51
|
|switch|p1a: Crobat|Crobat, M|224\/373
|move|p2a: Florges|Wish|p2a: Florges
|
|-heal|p2a: Florges|341\/360|[from] item: Leftovers
|turn|52
|
|switch|p2a: Ampharos|Ampharos-Mega, F|315\/383
|-ability|p2a: Ampharos|Mold Breaker
|move|p1a: Crobat|Roost|p1a: Crobat
|-heal|p1a: Crobat|373\/373
|
|-heal|p2a: Ampharos|383\/383|[from] move: Wish|[wisher] Florges
|turn|53
|
|switch|p1a: Shaymin|Shaymin|358\/404
|move|p2a: Ampharos|Thunder Wave|p1a: Shaymin
|-status|p1a: Shaymin|par
|
|-heal|p1a: Shaymin|383\/404 par|[from] item: Leftovers
|turn|54
|
|move|p2a: Ampharos|Volt Switch|p1a: Shaymin
|-resisted|p1a: Shaymin
|-damage|p1a: Shaymin|323\/404 par
|
|switch|p2a: Forretress|Forretress, F|288\/354
|cant|p1a: Shaymin|par
|
|-heal|p1a: Shaymin|348\/404 par|[from] item: Leftovers
|-heal|p2a: Forretress|310\/354|[from] item: Leftovers
|turn|55
|
|cant|p1a: Shaymin|par
|move|p2a: Forretress|Spikes|p1a: Shaymin
|-sidestart|p1: BIGSTEELIX|Spikes
|
|-heal|p1a: Shaymin|373\/404 par|[from] item: Leftovers
|-heal|p2a: Forretress|332\/354|[from] item: Leftovers
|turn|56
|
|cant|p1a: Shaymin|par
|move|p2a: Forretress|Spikes|p1a: Shaymin
|-sidestart|p1: BIGSTEELIX|Spikes
|
|-heal|p1a: Shaymin|398\/404 par|[from] item: Leftovers
|-heal|p2a: Forretress|354\/354|[from] item: Leftovers
|turn|57
|-message|BIGSTEELIX forfeited.
|
|win|RustyEspur
|raw|Ladder updating...
|leave|BIGSTEELIX
|player|p1
|raw|BIGSTEELIX's rating: 1489 &rarr; <strong>1467<\/strong><br \/>(-22 for losing)
|raw|RustyEspur's rating: 1456 &rarr; <strong>1478<\/strong><br \/>(+22 for winning)