|join|Sacripan'
|join|ULT BiG BiRD
|player|p1|Sacripan'|1
|player|p2|ULT BiG BiRD|31
|gametype|singles
|gen|6
|tier|UU
|rated
|rule|Sleep Clause Mod: Limit one foe put to sleep
|rule|Species Clause: Limit one of each PokÃ©mon
|rule|OHKO Clause: OHKO moves are banned
|rule|Moody Clause: Moody is banned
|rule|Evasion Moves Clause: Evasion moves are banned
|rule|Endless Battle Clause: Forcing endless battles is banned
|rule|HP Percentage Mod: HP is shown in percentages
|clearpoke
|poke|p1|Absol, F
|poke|p1|Nidoqueen, F
|poke|p1|Roserade, M
|poke|p1|Mienshao, F
|poke|p1|Jirachi
|poke|p1|Suicune
|poke|p2|Pidgeot, M
|poke|p2|Starmie
|poke|p2|Krookodile, F
|poke|p2|Snorlax, M
|poke|p2|Jirachi
|poke|p2|Crobat, F
|rule|Swagger Clause: Swagger is banned
|rule|Baton Pass Clause: Limit one PokÃ©mon knowing Baton Pass
|teampreview
|
|start
|switch|p1a: Mienshao|Mienshao, F|271\/271
|switch|p2a: Krookodile|Krookodile, F|331\/331
|-ability|p2a: Krookodile|Intimidate|[of] p1a: Mienshao
|-unboost|p1a: Mienshao|atk|1
|turn|1
|
|switch|p2a: Crobat|Crobat, F|373\/373
|move|p1a: Mienshao|High Jump Kick|p2a: Crobat
|-resisted|p2a: Crobat
|-damage|p2a: Crobat|323\/373
|
|turn|2
|
|switch|p1a: Jirachi|Jirachi|341\/341
|move|p2a: Crobat|U-turn|p1a: Jirachi
|-damage|p1a: Jirachi|288\/341
|
|switch|p2a: Krookodile|Krookodile, F|331\/331
|-ability|p2a: Krookodile|Intimidate|[of] p1a: Jirachi
|-unboost|p1a: Jirachi|atk|1
|
|-heal|p1a: Jirachi|309\/341|[from] item: Leftovers
|turn|3
|
|move|p1a: Jirachi|Iron Head|p2a: Krookodile
|-damage|p2a: Krookodile|226\/331
|cant|p2a: Krookodile|flinch
|
|-heal|p1a: Jirachi|330\/341|[from] item: Leftovers
|turn|4
|join|skysoki
|
|move|p1a: Jirachi|Iron Head|p2a: Krookodile
|-damage|p2a: Krookodile|124\/331
|move|p2a: Krookodile|Knock Off|p1a: Jirachi
|-supereffective|p1a: Jirachi
|-damage|p1a: Jirachi|0 fnt
|-enditem|p1a: Jirachi|Leftovers|[from] move: Knock Off|[of] p2a: Krookodile
|faint|p1a: Jirachi
|
|
|switch|p1a: Absol|Absol, F|271\/271
|turn|5
|
|move|p2a: Krookodile|Earthquake|p1a: Absol
|-damage|p1a: Absol|12\/271
|move|p1a: Absol|Swords Dance|p1a: Absol
|-boost|p1a: Absol|atk|2
|
|turn|6
|
|detailschange|p1a: Absol|Absol-Mega, F
|-mega|p1a: Absol|Absol|Absolite
|move|p1a: Absol|Sucker Punch|p2a: Krookodile
|-fail|p2a: Krookodile
|move|p2a: Krookodile|Stealth Rock|p1a: Absol
|move|p1a: Absol|Stealth Rock|p2a: Krookodile|[from]Magic Bounce
|-sidestart|p2: ULT BiG BiRD|move: Stealth Rock
|
|turn|7
|c|âULT BiG BiRD|whups
|
|move|p1a: Absol|Knock Off|p2a: Krookodile
|-resisted|p2a: Krookodile
|-damage|p2a: Krookodile|0 fnt
|-enditem|p2a: Krookodile|Black Glasses|[from] move: Knock Off|[of] p1a: Absol
|faint|p2a: Krookodile
|
|
|switch|p2a: Snorlax|Snorlax, M|513\/513
|-damage|p2a: Snorlax|449\/513|[from] Stealth Rock
|turn|8
|
|move|p1a: Absol|Knock Off|p2a: Snorlax
|-crit|p2a: Snorlax
|-damage|p2a: Snorlax|0 fnt
|-enditem|p2a: Snorlax|Leftovers|[from] move: Knock Off|[of] p1a: Absol
|faint|p2a: Snorlax
|
|c|âSacripan'|sorry
|c|âSacripan'|:\/
|c|âULT BiG BiRD|:{
|c|âULT BiG BiRD|i lose lol
|c|âSacripan'|yeah :\/
|
|switch|p2a: Crobat|Crobat, F|323\/373
|-damage|p2a: Crobat|230\/373|[from] Stealth Rock
|turn|9
|
|move|p2a: Crobat|Roost|p2a: Crobat
|-heal|p2a: Crobat|373\/373
|move|p1a: Absol|Knock Off|p2a: Crobat
|-damage|p2a: Crobat|99\/373
|
|turn|10
|
|move|p1a: Absol|Sucker Punch|p2a: Crobat
|-fail|p2a: Crobat
|move|p2a: Crobat|Roost|p2a: Crobat
|-heal|p2a: Crobat|286\/373
|
|turn|11
|c|âSacripan'|itemless bat o:
|c|âSacripan'|@acrobatics
|
|move|p1a: Absol|Sucker Punch|p2a: Crobat
|-damage|p2a: Crobat|0 fnt
|faint|p2a: Crobat
|
|c|âULT BiG BiRD|fsdfad'fas
|c|âULT BiG BiRD|f
|c|âULT BiG BiRD|asf
|c|âULT BiG BiRD|as
|c|âULT BiG BiRD|fa
|c|âULT BiG BiRD|sf
|c|âULT BiG BiRD|asf
|c|âULT BiG BiRD|asf
|c|âULT BiG BiRD|sf
|c| skysoki|ce roll
|c|âSacripan'|Y'a pas de roll
|c|âSacripan'|Je l'OHKO
|c|âULT BiG BiRD|^
|c|âULT BiG BiRD|yea it okos
|c|âULT BiG BiRD|so gay
|c|âULT BiG BiRD|ugh
|c|âULT BiG BiRD|such a tilting game
|c|âULT BiG BiRD|lol
|-message|ULT BiG BiRD forfeited.
|c|âULT BiG BiRD|i h8 pokes
|
|win|Sacripan'
|raw|Ladder updating...
|c|âULT BiG BiRD|lol
|c| skysoki|Ah autant pour moi
|raw|Sacripan&apos;'s rating: 1506 &rarr; <strong>1525<\/strong><br \/>(+19 for winning)
|raw|ULT BiG BiRD's rating: 1477 &rarr; <strong>1459<\/strong><br \/>(-18 for losing)
|leave|Sacripan'
|c|âULT BiG BiRD|fking sad
|player|p1
|c|âULT BiG BiRD|ugh