|join|Pink Nightmares
|join|ULT BiG BiRD
|join|BenzMafia
|player|p1|Pink Nightmares|272
|player|p2|ULT BiG BiRD|79
|gametype|singles
|gen|6
|tier|UU
|rule|Sleep Clause Mod: Limit one foe put to sleep
|rule|Species Clause: Limit one of each PokÃ©mon
|rule|OHKO Clause: OHKO moves are banned
|rule|Moody Clause: Moody is banned
|rule|Evasion Moves Clause: Evasion moves are banned
|rule|Endless Battle Clause: Forcing endless battles is banned
|rule|HP Percentage Mod: HP is shown in percentages
|clearpoke
|poke|p1|Steelix, F
|poke|p1|Starmie
|poke|p1|Braviary, M
|poke|p1|Florges, F, shiny
|poke|p1|Hydreigon, F
|poke|p1|Infernape, M
|poke|p2|Pidgeot, F
|poke|p2|Starmie
|poke|p2|Krookodile, M
|poke|p2|Snorlax, M
|poke|p2|Jirachi
|poke|p2|Crobat, M
|rule|Swagger Clause: Swagger is banned
|rule|Baton Pass Clause: Limit one PokÃ©mon knowing Baton Pass
|teampreview
|join|Primal Whimsicott
|join|skyfellar
|join|bruv
|join|Buuskeri
|join|Pinkin Lark
|join|Ysangwen
|c| Pinkin Lark|NV using that megalix
|join|BiG BiRD SQUAD
|c|âULT BiG BiRD|^_^
|join|ULT Christo
|c| BiG BiRD SQUAD|yung braviary making an appearance
|c|âULT BiG BiRD|bird hype
|
|start
|switch|p1a: 24 Karat|Steelix, F|354\/354
|switch|p2a: Krookodile|Krookodile, M|331\/331
|-ability|p2a: Krookodile|Intimidate|[of] p1a: 24 Karat
|-unboost|p1a: 24 Karat|atk|1
|turn|1
|
|detailschange|p1a: 24 Karat|Steelix-Mega, F
|-mega|p1a: 24 Karat|Steelix|Steelixite
|move|p2a: Krookodile|Stealth Rock|p1a: 24 Karat
|-sidestart|p1: Pink Nightmares|move: Stealth Rock
|move|p1a: 24 Karat|Stealth Rock|p2a: Krookodile
|-sidestart|p2: ULT BiG BiRD|move: Stealth Rock
|
|turn|2
|join|Snowballin
|join|Serperior BaeBlade
|join|Tf2Hunter
|c| Serperior BaeBlade|HINALS FYPE
|c| Serperior BaeBlade|btw nv why dont u use megagrron
|c| Pinkin Lark|hes too cool to use aggron
|c| Serperior BaeBlade|turn off timer nv has slow internet
|c| Serperior BaeBlade|or so ive heard
|c|âULT BiG BiRD|who is nv :3
|
|move|p2a: Krookodile|Knock Off|p1a: 24 Karat
|-damage|p1a: 24 Karat|300\/354
|move|p1a: 24 Karat|Roar|p2a: Krookodile
|drag|p2a: Snorlax|Snorlax, M|513\/513
|-damage|p2a: Snorlax|449\/513|[from] Stealth Rock
|
|-heal|p2a: Snorlax|481\/513|[from] item: Leftovers
|turn|3
|c| Serperior BaeBlade|pink nightmares
|c| Serperior BaeBlade|origninally nightmare vampire
|c|âPink Nightmares|MegaLix is cooler imo
|c| Serperior BaeBlade|hence nv
|c| Serperior BaeBlade|thats pretty sound logic lol
|join|Ult Narcotics
|leave|Tf2Hunter
|c| Pinkin Lark|got that stab EQ
|
|move|p2a: Snorlax|Body Slam|p1a: 24 Karat
|-resisted|p1a: 24 Karat
|-damage|p1a: 24 Karat|278\/354
|-status|p1a: 24 Karat|par
|move|p1a: 24 Karat|Roar|p2a: Snorlax
|drag|p2a: Jirachi|Jirachi|341\/341
|-damage|p2a: Jirachi|320\/341|[from] Stealth Rock
|
|turn|4
|c| Pinkin Lark|megalix has one problem though
|c| Pinkin Lark|his animation is kinda shit in showdown
|c|âULT BiG BiRD|omg
|c|âULT BiG BiRD|do i just
|c| Pinkin Lark|doesnt loop right
|c|âULT BiG BiRD|click iron head here
|c|âULT BiG BiRD|:D
|c| Serperior BaeBlade|omfg
|
|move|p2a: Jirachi|Iron Head|p1a: 24 Karat
|-resisted|p1a: 24 Karat
|-damage|p1a: 24 Karat|254\/354 par
|cant|p1a: 24 Karat|flinch
|
|turn|5
|c| Serperior BaeBlade|does serene grace double the chance of para halt too
|c|âULT BiG BiRD|no lol
|
|move|p2a: Jirachi|Iron Head|p1a: 24 Karat
|-resisted|p1a: 24 Karat
|-damage|p1a: 24 Karat|229\/354 par
|cant|p1a: 24 Karat|flinch
|
|turn|6
|c|âULT BiG BiRD|just need
|c|âULT BiG BiRD|11 more
|c| BiG BiRD SQUAD|o lord
|join|Tf2Hunter
|
|move|p2a: Jirachi|Iron Head|p1a: 24 Karat
|-resisted|p1a: 24 Karat
|-damage|p1a: 24 Karat|203\/354 par
|cant|p1a: 24 Karat|flinch
|
|turn|7
|c|âPink Nightmares|:(
|
|move|p2a: Jirachi|Iron Head|p1a: 24 Karat
|-resisted|p1a: 24 Karat
|-damage|p1a: 24 Karat|177\/354 par
|cant|p1a: 24 Karat|flinch
|
|turn|8
|c| Serperior BaeBlade|what is the chance of para causing a pokemon not to move
|c|âULT BiG BiRD|16% chance for this to work
|
|move|p2a: Jirachi|Iron Head|p1a: 24 Karat
|-crit|p1a: 24 Karat
|-resisted|p1a: 24 Karat
|-damage|p1a: 24 Karat|136\/354 par
|cant|p1a: 24 Karat|flinch
|
|turn|9
|c|âULT BiG BiRD|25
|c|âPink Nightmares|:\/
|
|move|p2a: Jirachi|Iron Head|p1a: 24 Karat
|-resisted|p1a: 24 Karat
|-damage|p1a: 24 Karat|110\/354 par
|cant|p1a: 24 Karat|flinch
|
|turn|10
|
|move|p2a: Jirachi|Iron Head|p1a: 24 Karat
|-resisted|p1a: 24 Karat
|-damage|p1a: 24 Karat|87\/354 par
|cant|p1a: 24 Karat|flinch
|
|turn|11
|c| Serperior BaeBlade|he has a 15% chance of getting an attack out
|
|move|p2a: Jirachi|Iron Head|p1a: 24 Karat
|-resisted|p1a: 24 Karat
|-damage|p1a: 24 Karat|64\/354 par
|cant|p1a: 24 Karat|flinch
|
|turn|12
|c| Serperior BaeBlade|ban jirachi+serene grace
|c| Tf2Hunter|no u
|c|âPink Nightmares|Bullshit
|
|switch|p1a: Ruby|Starmie|323\/323
|-damage|p1a: Ruby|283\/323|[from] Stealth Rock
|move|p2a: Jirachi|Iron Head|p1a: Ruby
|-resisted|p1a: Ruby
|-damage|p1a: Ruby|220\/323
|
|-heal|p1a: Ruby|240\/323|[from] item: Leftovers
|turn|13
|c| Ult Narcotics|ban serene grace
|c| Pinkin Lark|or pray OU used it enough this month
|c| Serperior BaeBlade|^
|
|switch|p2a: Krookodile|Krookodile, M|331\/331
|-damage|p2a: Krookodile|311\/331|[from] Stealth Rock
|-ability|p2a: Krookodile|Intimidate|[of] p1a: Ruby
|-unboost|p1a: Ruby|atk|1
|move|p1a: Ruby|Rapid Spin|p2a: Krookodile
|-damage|p2a: Krookodile|301\/331
|-sideend|p1: Pink Nightmares|Stealth Rock|[from] move: Rapid Spin|[of] p1a: Ruby
|
|-heal|p1a: Ruby|260\/323|[from] item: Leftovers
|turn|14
|c| Pinkin Lark|banning serene grace would be even worse
|c| Snowballin|ban serene grace
|c| Snowballin|fuck anyone who uses ice beam blissey
|c| Snowballin|neverforgive
|c| Pinkin Lark|cuz then youd be banning meloetta :3
|c| Pinkin Lark|and melo is love
|
|move|p1a: Ruby|Scald|p2a: Krookodile
|-supereffective|p2a: Krookodile
|-damage|p2a: Krookodile|31\/331
|-status|p2a: Krookodile|brn
|move|p2a: Krookodile|Pursuit|p1a: Ruby
|-supereffective|p1a: Ruby
|-damage|p1a: Ruby|170\/323
|
|-heal|p1a: Ruby|190\/323|[from] item: Leftovers
|-damage|p2a: Krookodile|0 fnt|[from] brn
|faint|p2a: Krookodile
|c| BiG BiRD SQUAD|oii
|c|âPink Nightmares|Good
|c|âPink Nightmares|Some hax for me
|c|âPink Nightmares|:\/
|c| Pinkin Lark|implying scald burns require hax
|c|âPink Nightmares|LOL
|
|switch|p2a: Jirachi|Jirachi|320\/341
|-damage|p2a: Jirachi|299\/341|[from] Stealth Rock
|turn|15
|join|woaaaah g
|c| Serperior BaeBlade|"fuck hax" - plato
|leave|woaaaah g
|
|switch|p1a: Pheromones|Florges, F, shiny|359\/359
|move|p2a: Jirachi|U-turn|p1a: Pheromones
|-resisted|p1a: Pheromones
|-damage|p1a: Pheromones|324\/359
|c| Ult Narcotics|serene grace is on like 3 poke ( Those that actually use it , Rachi , Togekiss )
|join|woaaaah g
|
|switch|p2a: Snorlax|Snorlax, M|481\/513
|-damage|p2a: Snorlax|417\/513|[from] Stealth Rock
|
|-heal|p1a: Pheromones|346\/359|[from] item: Leftovers
|-heal|p2a: Snorlax|449\/513|[from] item: Leftovers
|turn|16
|leave|woaaaah g
|c| Ult Narcotics|need rachi with new ability
|c| Serperior BaeBlade|tbh when i get hax in my favor i just say lol rekt but when it happens to me i say ban scald
|c|âULT BiG BiRD|tough clawss
|c| Serperior BaeBlade|happens to others i mean
|
|move|p1a: Pheromones|Wish|p1a: Pheromones
|move|p2a: Snorlax|Body Slam|p1a: Pheromones
|-damage|p1a: Pheromones|232\/359
|
|-heal|p1a: Pheromones|254\/359|[from] item: Leftovers
|-heal|p2a: Snorlax|481\/513|[from] item: Leftovers
|turn|17
|
|switch|p1a: 24 Karat|Steelix-Mega, F|64\/354 par
|move|p2a: Snorlax|Curse|p2a: Snorlax
|-boost|p2a: Snorlax|atk|1
|-boost|p2a: Snorlax|def|1
|-unboost|p2a: Snorlax|spe|1
|
|-heal|p1a: 24 Karat|243\/354 par|[from] move: Wish|[wisher] Pheromones
|-heal|p2a: Snorlax|513\/513|[from] item: Leftovers
|turn|18
|c| BiG BiRD SQUAD|i want speed boost snorlax
|c| Ult Narcotics|Natural Cure Rachi would be fine :p
|leave|Tf2Hunter
|c|âPink Nightmares|Lol
|
|move|p2a: Snorlax|Body Slam|p1a: 24 Karat
|-resisted|p1a: 24 Karat
|-damage|p1a: 24 Karat|208\/354 par
|move|p1a: 24 Karat|Roar|p2a: Snorlax
|drag|p2a: Jirachi|Jirachi|299\/341
|-damage|p2a: Jirachi|278\/341|[from] Stealth Rock
|
|turn|19
|c|âULT BiG BiRD|ahhh
|c|âULT BiG BiRD|im here
|c|âPink Nightmares|Oh here we go again
|c| Serperior BaeBlade|never give up never surrender
|
|move|p2a: Jirachi|Iron Head|p1a: 24 Karat
|-resisted|p1a: 24 Karat
|-damage|p1a: 24 Karat|181\/354 par
|cant|p1a: 24 Karat|flinch
|
|turn|20
|
|switch|p2a: Starmie|Starmie|323\/323
|-damage|p2a: Starmie|283\/323|[from] Stealth Rock
|move|p1a: 24 Karat|Earthquake|p2a: Starmie
|-damage|p2a: Starmie|127\/323
|
|-heal|p2a: Starmie|147\/323|[from] item: Leftovers
|turn|21
|c| Serperior BaeBlade|no nercy dudeee
|c| Serperior BaeBlade|mercy
|c| Serperior BaeBlade|wtf big bird
|c| Serperior BaeBlade|jk
|
|switch|p1a: Ruby|Starmie|190\/323
|move|p2a: Starmie|Recover|p2a: Starmie
|-heal|p2a: Starmie|309\/323
|
|-heal|p2a: Starmie|323\/323|[from] item: Leftovers
|-heal|p1a: Ruby|210\/323|[from] item: Leftovers
|turn|22
|leave|skyfellar
|
|move|p2a: Starmie|Rapid Spin|p1a: Ruby
|-damage|p1a: Ruby|197\/323
|-sideend|p2: ULT BiG BiRD|Stealth Rock|[from] move: Rapid Spin|[of] p2a: Starmie
|move|p1a: Ruby|Ice Beam|p2a: Starmie
|-resisted|p2a: Starmie
|-damage|p2a: Starmie|284\/323
|
|-heal|p2a: Starmie|304\/323|[from] item: Leftovers
|-heal|p1a: Ruby|217\/323|[from] item: Leftovers
|turn|23
|c|âULT BiG BiRD|?
|c| Serperior BaeBlade|why did u switch from jirachi
|
|move|p2a: Starmie|Scald|p1a: Ruby
|-resisted|p1a: Ruby
|-damage|p1a: Ruby|162\/323
|move|p1a: Ruby|Scald|p2a: Starmie
|-resisted|p2a: Starmie
|-damage|p2a: Starmie|250\/323
|
|-heal|p2a: Starmie|270\/323|[from] item: Leftovers
|-heal|p1a: Ruby|182\/323|[from] item: Leftovers
|turn|24
|c|âULT BiG BiRD|ooo no sp atk starmie
|c| Serperior BaeBlade|defensive starmie much wow
|
|move|p2a: Starmie|Scald|p1a: Ruby
|-resisted|p1a: Ruby
|-damage|p1a: Ruby|132\/323
|move|p1a: Ruby|Recover|p1a: Ruby
|-heal|p1a: Ruby|294\/323
|
|-heal|p2a: Starmie|290\/323|[from] item: Leftovers
|-heal|p1a: Ruby|314\/323|[from] item: Leftovers
|turn|25
|c| Pinkin Lark|bulkmie vs bulkmie?
|c| Serperior BaeBlade|mia stop it
|
|switch|p1a: Pheromones|Florges, F, shiny|254\/359
|move|p2a: Starmie|Scald|p1a: Pheromones
|-damage|p1a: Pheromones|193\/359
|
|-heal|p2a: Starmie|310\/323|[from] item: Leftovers
|-heal|p1a: Pheromones|215\/359|[from] item: Leftovers
|turn|26
|c| Serperior BaeBlade|nv how did u become such a boss
|
|move|p2a: Starmie|Scald|p1a: Pheromones
|-damage|p1a: Pheromones|157\/359
|move|p1a: Pheromones|Wish|p1a: Pheromones
|
|-heal|p2a: Starmie|323\/323|[from] item: Leftovers
|-heal|p1a: Pheromones|179\/359|[from] item: Leftovers
|turn|27
|c| Serperior BaeBlade|that avatar is the epitomy of bossnees
|
|move|p2a: Starmie|Scald|p1a: Pheromones
|-damage|p1a: Pheromones|116\/359
|move|p1a: Pheromones|Moonblast|p2a: Starmie
|-damage|p2a: Starmie|178\/323
|
|-heal|p1a: Pheromones|295\/359|[from] move: Wish|[wisher] Pheromones
|-heal|p2a: Starmie|198\/323|[from] item: Leftovers
|-heal|p1a: Pheromones|317\/359|[from] item: Leftovers
|turn|28
|
|move|p2a: Starmie|Scald|p1a: Pheromones
|-damage|p1a: Pheromones|254\/359
|move|p1a: Pheromones|Moonblast|p2a: Starmie
|-damage|p2a: Starmie|48\/323
|
|-heal|p2a: Starmie|68\/323|[from] item: Leftovers
|-heal|p1a: Pheromones|276\/359|[from] item: Leftovers
|turn|29
|
|move|p2a: Starmie|Recover|p2a: Starmie
|-heal|p2a: Starmie|230\/323
|move|p1a: Pheromones|Wish|p1a: Pheromones
|
|-heal|p2a: Starmie|250\/323|[from] item: Leftovers
|-heal|p1a: Pheromones|298\/359|[from] item: Leftovers
|turn|30
|c| Serperior BaeBlade|fuck stall
|
|move|p2a: Starmie|Scald|p1a: Pheromones
|-damage|p1a: Pheromones|234\/359
|move|p1a: Pheromones|Moonblast|p2a: Starmie
|-damage|p2a: Starmie|103\/323
|-unboost|p2a: Starmie|spa|1
|
|-heal|p1a: Pheromones|359\/359|[from] move: Wish|[wisher] Pheromones
|-heal|p2a: Starmie|123\/323|[from] item: Leftovers
|turn|31
|c| Serperior BaeBlade|ban scald
|c|âULT BiG BiRD|._.
|c| Serperior BaeBlade|ban florges
|c| Pinkin Lark|if only cm florges
|join|DaSpoofy
|c| Serperior BaeBlade|fuck scarf rachi
|c| Pinkin Lark|NV not real enough
|
|switch|p2a: Crobat|Crobat, M|373\/373
|move|p1a: Pheromones|Moonblast|p2a: Crobat
|-resisted|p2a: Crobat
|-damage|p2a: Crobat|295\/373
|
|turn|32
|
|move|p2a: Crobat|Taunt|p1a: Pheromones
|-start|p1a: Pheromones|move: Taunt
|cant|p1a: Pheromones|move: Taunt|Aromatherapy
|
|turn|33
|
|switch|p1a: 24 Karat|Steelix-Mega, F|181\/354 par
|move|p2a: Crobat|U-turn|p1a: 24 Karat
|-crit|p1a: 24 Karat
|-resisted|p1a: 24 Karat
|-damage|p1a: 24 Karat|163\/354 par
|
|switch|p2a: Pidgeot|Pidgeot, F|307\/307
|
|turn|34
|c| Serperior BaeBlade|<3 crobat bcuse of defog which helps serperior and braviary #1 and #3 baes respectively
|c|âULT BiG BiRD|i forget
|c|âULT BiG BiRD|is it scarf iary
|c|âULT BiG BiRD|hmmm
|c| DaSpoofy|defiant
|c| DaSpoofy|defiant
|c| Pinkin Lark|nah, obviously keen eye
|c| Serperior BaeBlade|defiant contrary combo
|c| Pinkin Lark|prevent those acc drops
|join|yockausck
|join|Christoo
|
|detailschange|p2a: Pidgeot|Pidgeot-Mega, F
|-mega|p2a: Pidgeot|Pidgeot|Pidgeotite
|move|p2a: Pidgeot|Heat Wave|p1a: 24 Karat
|-supereffective|p1a: 24 Karat
|-damage|p1a: 24 Karat|0 fnt
|faint|p1a: 24 Karat
|
|c|âULT BiG BiRD|must kill ape
|c| Serperior BaeBlade|nv have u considered pairing serperior and braviary together
|
|switch|p1a: Stars And Stripes|Braviary, M|404\/404
|turn|35
|c|âPink Nightmares|Nah
|c|âPink Nightmares|They seem cool
|c|âPink Nightmares|Except Ice weakness lol
|c| Serperior BaeBlade|kek
|c| Serperior BaeBlade|lol
|c| Serperior BaeBlade|i use infernape too though with that core
|c| Ult Narcotics|sad braviary cant learn taunt :'(
|leave|Ysangwen
|c| Serperior BaeBlade|braviary too slow for taunt
|
|move|p2a: Pidgeot|Hurricane|p1a: Stars And Stripes
|-damage|p1a: Stars And Stripes|218\/404
|move|p1a: Stars And Stripes|Brave Bird|p2a: Pidgeot
|-damage|p2a: Pidgeot|118\/307
|-damage|p1a: Stars And Stripes|156\/404|[from] recoil|[of] p2a: Pidgeot
|
|-heal|p1a: Stars And Stripes|181\/404|[from] item: Leftovers
|turn|36
|c| Serperior BaeBlade|scarf is better nv
|c| Serperior BaeBlade|u know it
|c| Snowballin|ey
|c| Ult Narcotics|SubBulkup :3
|c| Snowballin|Why don't you say that to gen 5 RU's face
|c| Snowballin|:[
|
|move|p2a: Pidgeot|Hurricane|p1a: Stars And Stripes
|-damage|p1a: Stars And Stripes|12\/404
|-start|p1a: Stars And Stripes|confusion
|-activate|p1a: Stars And Stripes|confusion
|move|p1a: Stars And Stripes|Brave Bird|p2a: Pidgeot
|-damage|p2a: Pidgeot|0 fnt
|-damage|p1a: Stars And Stripes|0 fnt|[from] recoil|[of] p2a: Pidgeot
|faint|p2a: Pidgeot
|faint|p1a: Stars And Stripes
|
|c|âULT BiG BiRD|pls
|c|âPink Nightmares|yes!
|c|âPink Nightmares|:D
|c| BiG BiRD SQUAD|:\/
|c|âULT BiG BiRD|zzzz
|leave|yockausck
|leave|Ult Narcotics
|
|switch|p2a: Jirachi|Jirachi|278\/341
|switch|p1a: Triple Threat|Hydreigon, F|325\/325
|turn|37
|
|move|p2a: Jirachi|U-turn|p1a: Triple Threat
|-supereffective|p1a: Triple Threat
|-damage|p1a: Triple Threat|163\/325
|join|Tf2Hunter
|
|switch|p2a: Snorlax|Snorlax, M|513\/513
|move|p1a: Triple Threat|Dark Pulse|p2a: Snorlax
|-damage|p2a: Snorlax|391\/513
|-damage|p1a: Triple Threat|131\/325|[from] item: Life Orb
|
|-heal|p2a: Snorlax|423\/513|[from] item: Leftovers
|turn|38
|join|Uniterflash RW7
|c| Serperior BaeBlade|hey uniterflash
|c| Serperior BaeBlade|hows RW going
|leave|BenzMafia
|c|âULT BiG BiRD|ugh
|c|âULT BiG BiRD|wat a stressful turn
|c| Uniterflash RW7|Pretty good lol, ended up messing with EVs and made my braviary set
|c| Snowballin|lel
|c| Uniterflash RW7|hbu
|c| Serperior BaeBlade|scarf or subBU
|c| Uniterflash RW7|Sub BU
|c| Uniterflash RW7|scarf seems borrring
|c| Serperior BaeBlade|noooooooooooooo
|c| Serperior BaeBlade|use scarf
|c| Uniterflash RW7|although
|c| Serperior BaeBlade|hits like a truck after a defiant boost
|
|move|p1a: Triple Threat|Roost|p1a: Triple Threat
|-heal|p1a: Triple Threat|294\/325
|move|p2a: Snorlax|Rest|p2a: Snorlax
|-status|p2a: Snorlax|slp
|-heal|p2a: Snorlax|513\/513 slp|[silent]
|-status|p2a: Snorlax|slp|[from] move: Rest
|
|turn|39
|c|âULT BiG BiRD|o
|c| Uniterflash RW7|I did wanna try birdspam
|c| Serperior BaeBlade|crobat can suck braviarys nuts
|c| Uniterflash RW7|mega pidgeot
|c| Uniterflash RW7|braviary
|
|switch|p1a: Ring Of Fire|Infernape, M|293\/293
|cant|p2a: Snorlax|slp
|move|p2a: Snorlax|Sleep Talk|p2a: Snorlax
|move|p2a: Snorlax|Body Slam|p1a: Ring Of Fire|[from]Sleep Talk
|-damage|p1a: Ring Of Fire|148\/293
|
|turn|40
|c|âULT BiG BiRD|para
|c| Serperior BaeBlade|hax
|c| Serperior BaeBlade|not there
|
|switch|p2a: Crobat|Crobat, M|295\/373
|move|p1a: Ring Of Fire|Swords Dance|p1a: Ring Of Fire
|-boost|p1a: Ring Of Fire|atk|2
|
|turn|41
|c|âULT BiG BiRD|i cant get scald bruns
|c|âULT BiG BiRD|cant get body slam paras
|
|switch|p1a: Pheromones|Florges, F, shiny|359\/359
|move|p2a: Crobat|Acrobatics|p1a: Pheromones
|-damage|p1a: Pheromones|230\/359
|
|-heal|p1a: Pheromones|252\/359|[from] item: Leftovers
|turn|42
|c| Serperior BaeBlade|heliolisk is better than raikou imo
|c| Snowballin|lol
|c| Serperior BaeBlade|movepool reks
|
|switch|p1a: Ruby|Starmie|314\/323
|move|p2a: Crobat|Taunt|p1a: Ruby
|-start|p1a: Ruby|move: Taunt
|
|-heal|p1a: Ruby|323\/323|[from] item: Leftovers
|turn|43
|c| Serperior BaeBlade|dry skin tooo
|leave|DaSpoofy
|c| Snowballin|None of you fuckers
|c|âULT BiG BiRD|!data heliolisk
|c|~|\/data-pokemon Heliolisk

|c| Snowballin|praise the sun
|c|âULT BiG BiRD|!data raikou
|c|~|\/data-pokemon Raikou

|c|âULT BiG BiRD|no lol
|c| Serperior BaeBlade|not stats
|c| Serperior BaeBlade|but moveset
|c| Serperior BaeBlade|and ability
|c| Pinkin Lark|Raichu is best of all
|c| Snowballin|It has dry skin & surf over raikou
|c| Snowballin|that's bout it
|c|âULT BiG BiRD|^
|c| Snowballin|I mean focus blast maybe
|
|move|p2a: Crobat|U-turn|p1a: Ruby
|-crit|p1a: Ruby
|-supereffective|p1a: Ruby
|-damage|p1a: Ruby|149\/323
|c| Serperior BaeBlade|thats all it needs
|c| Snowballin|not really
|
|switch|p2a: Snorlax|Snorlax, M|513\/513 slp
|move|p1a: Ruby|Scald|p2a: Snorlax
|-damage|p2a: Snorlax|443\/513 slp
|
|-heal|p1a: Ruby|169\/323|[from] item: Leftovers
|-heal|p2a: Snorlax|475\/513 slp|[from] item: Leftovers
|turn|44
|c| Snowballin|I guess the niche it has
|c| Serperior BaeBlade|ohkos swampert donphan hippowdown mega blastiois vaproen athe list goes on and on
|c| Snowballin|uhh
|
|switch|p1a: Ring Of Fire|Infernape, M|148\/293
|cant|p2a: Snorlax|slp
|move|p2a: Snorlax|Sleep Talk|p2a: Snorlax
|move|p2a: Snorlax|Body Slam|p1a: Ring Of Fire|[from]Sleep Talk
|-damage|p1a: Ring Of Fire|0 fnt
|faint|p1a: Ring Of Fire
|
|-heal|p2a: Snorlax|507\/513 slp|[from] item: Leftovers
|c|âPink Nightmares|Fk
|c| Serperior BaeBlade|grass knot
|c| Snowballin|first of all n
|c|âULT BiG BiRD|e
|c|âULT BiG BiRD|fcking
|c| Snowballin|oh
|c|âULT BiG BiRD|z
|c| Snowballin|wait
|c|âPink Nightmares|Lucky Sleep Talk rools
|c| Snowballin|it gets that
|c|âULT BiG BiRD|well trained
|c| Snowballin|nbad.
|c|âPink Nightmares|rolls*
|c|âPink Nightmares|:\/
|c| Pinkin Lark|knot cant OHKO vape
|c| Pinkin Lark|never will
|
|switch|p1a: Triple Threat|Hydreigon, F|294\/325
|turn|45
|c| Snowballin|tbolt will
|c| Serperior BaeBlade|thunderbot does
|c| Snowballin|I mean maybe
|c| Snowballin|if specs
|c| Serperior BaeBlade|i did the calcs
|c| Serperior BaeBlade|it does
|c| Serperior BaeBlade|depending on evs doe
|leave|Uniterflash RW7
|c| Pinkin Lark|if they keep a vape in vs helio
|c| Pinkin Lark|theyre fucking stupid
|c| Serperior BaeBlade|true
|c| Serperior BaeBlade|but it koes donphan
|c| Serperior BaeBlade|and hippowdown
|c| Pinkin Lark|also
|c| Pinkin Lark|252 SpA Choice Specs Heliolisk Thunderbolt vs. 200 HP \/ 56+ SpD Vaporeon: 350-414 (77.6 - 91.7%) -- guaranteed 2HKO after Leftovers recovery
|c| Serperior BaeBlade|and megapert
|
|move|p1a: Triple Threat|Superpower|p2a: Snorlax
|-supereffective|p2a: Snorlax
|-damage|p2a: Snorlax|164\/513 slp
|-unboost|p1a: Triple Threat|atk|1
|-unboost|p1a: Triple Threat|def|1
|-damage|p1a: Triple Threat|262\/325|[from] item: Life Orb
|-curestatus|p2a: Snorlax|slp
|move|p2a: Snorlax|Body Slam|p1a: Triple Threat
|-damage|p1a: Triple Threat|94\/325
|
|-heal|p2a: Snorlax|196\/513|[from] item: Leftovers
|turn|46
|c| Snowballin|well
|c| Pinkin Lark|fucking jirachi can OHKO swampert with Grass Knot
|c| Snowballin|vappy can't touch it anyway
|c| Snowballin|dry skin
|c| Pinkin Lark|so
|c| Snowballin|js
|c| Pinkin Lark|theyre going to switch
|c| Snowballin|that match up is worthless to bring up
|c| Serperior BaeBlade|but jirachi does not use jirachi commonly doe
|c| Serperior BaeBlade|grass knot lol
|c| Pinkin Lark|theyre not going to keep their water type in vs obvious offensive electric
|c| Serperior BaeBlade|i meant
|leave|Pinkin Lark
|c|âULT BiG BiRD|ugh i derped so hard
|join|ubers ez
|c| Primal Whimsicott|Jirachi used Jirachi, the opposing Jirachi flinches for the next 20 turns
|c| Serperior BaeBlade|fine that was a bad point but it still hits the regular railou counters hard
|join|dodmen
|c|âULT BiG BiRD|all a brother had to do
|
|switch|p2a: Starmie|Starmie|123\/323
|move|p1a: Triple Threat|Superpower|p2a: Starmie
|-resisted|p2a: Starmie
|-damage|p2a: Starmie|78\/323
|-unboost|p1a: Triple Threat|atk|1
|-unboost|p1a: Triple Threat|def|1
|-damage|p1a: Triple Threat|62\/325|[from] item: Life Orb
|
|-heal|p2a: Starmie|98\/323|[from] item: Leftovers
|turn|47
|c|âULT BiG BiRD|was rest
|c| Serperior BaeBlade|wow its dodmen
|c| Serperior BaeBlade|infamous
|c|+dodmen|haha xD
|
|move|p2a: Starmie|Scald|p1a: Triple Threat
|-resisted|p1a: Triple Threat
|-damage|p1a: Triple Threat|2\/325
|-status|p1a: Triple Threat|brn
|move|p1a: Triple Threat|Roost|p1a: Triple Threat
|-heal|p1a: Triple Threat|165\/325 brn
|
|-heal|p2a: Starmie|118\/323|[from] item: Leftovers
|-damage|p1a: Triple Threat|125\/325 brn|[from] brn
|turn|48
|c| Serperior BaeBlade|idk who u r but everyone tells me ur a dick who bans stuff
|c|âPink Nightmares|Hey dodmen
|c|âPink Nightmares|:)
|c|+dodmen|they're probably right!
|c| Serperior BaeBlade|*cough cough* bob
|
|move|p2a: Starmie|Recover|p2a: Starmie
|-heal|p2a: Starmie|280\/323
|move|p1a: Triple Threat|Roost|p1a: Triple Threat
|-heal|p1a: Triple Threat|288\/325 brn
|
|-heal|p2a: Starmie|300\/323|[from] item: Leftovers
|-damage|p1a: Triple Threat|248\/325 brn|[from] brn
|turn|49
|c| Serperior BaeBlade|lolll
|leave|ubers ez
|leave|Serperior BaeBlade
|
|move|p2a: Starmie|Scald|p1a: Triple Threat
|-resisted|p1a: Triple Threat
|-damage|p1a: Triple Threat|190\/325 brn
|move|p1a: Triple Threat|Dark Pulse|p2a: Starmie
|-supereffective|p2a: Starmie
|-damage|p2a: Starmie|0 fnt
|-damage|p1a: Triple Threat|158\/325 brn|[from] item: Life Orb
|faint|p2a: Starmie
|
|-damage|p1a: Triple Threat|118\/325 brn|[from] brn
|join|Pinkin Lark
|
|switch|p2a: Crobat|Crobat, M|295\/373
|turn|50
|join|DaSpoofy
|
|move|p2a: Crobat|U-turn|p1a: Triple Threat
|-supereffective|p1a: Triple Threat
|-damage|p1a: Triple Threat|0 fnt
|faint|p1a: Triple Threat
|c|âULT BiG BiRD|wtf
|c| Pinkin Lark|raikou counters.. you mean the thing raikou spefically runs HP Grass for?
|leave|Buuskeri
|join|Borismon12
|
|switch|p2a: Jirachi|Jirachi|278\/341
|
|c|âPink Nightmares|Gg
|c|âULT BiG BiRD|gg
|c|âPink Nightmares|After all that Iron Head hax and everything
|
|switch|p1a: Ruby|Starmie|169\/323
|turn|51
|c|âULT BiG BiRD|85% is in my favor
|c|âULT BiG BiRD|its douchey but like
|
|move|p2a: Jirachi|Trick|p1a: Ruby
|-activate|p2a: Jirachi|move: Trick|[of] p1a: Ruby
|-item|p1a: Ruby|Choice Scarf|[from] move: Trick
|-item|p2a: Jirachi|Leftovers|[from] move: Trick
|move|p1a: Ruby|Scald|p2a: Jirachi
|-damage|p2a: Jirachi|176\/341
|-status|p2a: Jirachi|brn
|
|-heal|p2a: Jirachi|197\/341 brn|[from] item: Leftovers
|-damage|p2a: Jirachi|155\/341 brn|[from] brn
|turn|52
|
|move|p1a: Ruby|Scald|p2a: Jirachi
|-crit|p2a: Jirachi
|-damage|p2a: Jirachi|10\/341 brn
|move|p2a: Jirachi|Healing Wish|p2a: Jirachi
|faint|p2a: Jirachi
|
|
|switch|p2a: Snorlax|Snorlax, M|196\/513
|-heal|p2a: Snorlax|513\/513|[from] move: Healing Wish
|turn|53
|
|move|p1a: Ruby|Scald|p2a: Snorlax
|-damage|p2a: Snorlax|441\/513
|-status|p2a: Snorlax|brn
|move|p2a: Snorlax|Body Slam|p1a: Ruby
|-damage|p1a: Ruby|106\/323
|
|-heal|p2a: Snorlax|473\/513 brn|[from] item: Leftovers
|-damage|p2a: Snorlax|409\/513 brn|[from] brn
|turn|54
|
|move|p1a: Ruby|Scald|p2a: Snorlax
|-damage|p2a: Snorlax|346\/513 brn
|move|p2a: Snorlax|Curse|p2a: Snorlax
|-boost|p2a: Snorlax|atk|1
|-boost|p2a: Snorlax|def|1
|-unboost|p2a: Snorlax|spe|1
|
|-heal|p2a: Snorlax|378\/513 brn|[from] item: Leftovers
|-damage|p2a: Snorlax|314\/513 brn|[from] brn
|turn|55
|
|move|p1a: Ruby|Scald|p2a: Snorlax
|-damage|p2a: Snorlax|242\/513 brn
|move|p2a: Snorlax|Curse|p2a: Snorlax
|-boost|p2a: Snorlax|atk|1
|-boost|p2a: Snorlax|def|1
|-unboost|p2a: Snorlax|spe|1
|
|-heal|p2a: Snorlax|274\/513 brn|[from] item: Leftovers
|-damage|p2a: Snorlax|210\/513 brn|[from] brn
|turn|56
|leave|dodmen
|
|move|p1a: Ruby|Scald|p2a: Snorlax
|-damage|p2a: Snorlax|141\/513 brn
|move|p2a: Snorlax|Rest|p2a: Snorlax
|-status|p2a: Snorlax|slp
|-heal|p2a: Snorlax|513\/513 slp|[silent]
|-status|p2a: Snorlax|slp|[from] move: Rest
|
|turn|57
|leave|Borismon12
|
|move|p1a: Ruby|Scald|p2a: Snorlax
|-damage|p2a: Snorlax|440\/513 slp
|cant|p2a: Snorlax|slp
|move|p2a: Snorlax|Sleep Talk|p2a: Snorlax
|move|p2a: Snorlax|Rest|p2a: Snorlax|[from]Sleep Talk
|-fail|p2a: Snorlax
|
|-heal|p2a: Snorlax|472\/513 slp|[from] item: Leftovers
|turn|58
|leave|Pinkin Lark
|
|move|p1a: Ruby|Scald|p2a: Snorlax
|-damage|p2a: Snorlax|408\/513 slp
|cant|p2a: Snorlax|slp
|move|p2a: Snorlax|Sleep Talk|p2a: Snorlax
|move|p2a: Snorlax|Curse|p2a: Snorlax|[from]Sleep Talk
|-boost|p2a: Snorlax|atk|1
|-boost|p2a: Snorlax|def|1
|-unboost|p2a: Snorlax|spe|1
|
|-heal|p2a: Snorlax|440\/513 slp|[from] item: Leftovers
|turn|59
|
|move|p1a: Ruby|Scald|p2a: Snorlax
|-damage|p2a: Snorlax|371\/513 slp
|-curestatus|p2a: Snorlax|slp
|move|p2a: Snorlax|Body Slam|p1a: Ruby
|-damage|p1a: Ruby|0 fnt
|faint|p1a: Ruby
|
|-heal|p2a: Snorlax|403\/513|[from] item: Leftovers
|join|some weird shit
|
|switch|p1a: Pheromones|Florges, F, shiny|252\/359
|turn|60
|
|move|p1a: Pheromones|Moonblast|p2a: Snorlax
|-damage|p2a: Snorlax|321\/513
|move|p2a: Snorlax|Body Slam|p1a: Pheromones
|-damage|p1a: Pheromones|0 fnt
|faint|p1a: Pheromones
|
|win|ULT BiG BiRD
|leave|Tf2Hunter
|c|âULT BiG BiRD|gg