|join|uunubnub
|join|LiberalLucario
|player|p1|uunubnub|184
|player|p2|LiberalLucario|290
|gametype|singles
|gen|6
|tier|UU
|rated
|rule|Sleep Clause Mod: Limit one foe put to sleep
|rule|Species Clause: Limit one of each PokÃ©mon
|rule|OHKO Clause: OHKO moves are banned
|rule|Moody Clause: Moody is banned
|rule|Evasion Moves Clause: Evasion moves are banned
|rule|Endless Battle Clause: Forcing endless battles is banned
|rule|HP Percentage Mod: HP is shown in percentages
|clearpoke
|poke|p1|Machamp, M
|poke|p1|Snorlax, M
|poke|p1|Cresselia, F
|poke|p1|Nidoqueen, F
|poke|p1|Blastoise, F
|poke|p1|Arcanine, F
|poke|p2|Camerupt, M
|poke|p2|Celebi
|poke|p2|Vaporeon, M
|poke|p2|Escavalier, M
|poke|p2|Hydreigon, M
|poke|p2|Crobat, M
|rule|Swagger Clause: Swagger is banned
|rule|Baton Pass Clause: Limit one PokÃ©mon knowing Baton Pass
|teampreview
|
|start
|switch|p1a: Arcanine|Arcanine, F|383\/383
|switch|p2a: Vaporeon|Vaporeon, M|451\/451
|-ability|p1a: Arcanine|Intimidate|[of] p2a: Vaporeon
|-unboost|p2a: Vaporeon|atk|1
|turn|1
|
|switch|p1a: Machamp|Machamp, M|384\/384
|switch|p2a: Camerupt|Camerupt, M|333\/333
|
|turn|2
|
|switch|p2a: Crobat|Crobat, M|374\/374
|move|p1a: Machamp|Ice Punch|p2a: Crobat
|-supereffective|p2a: Crobat
|-damage|p2a: Crobat|4\/374
|
|-heal|p2a: Crobat|27\/374|[from] item: Black Sludge
|turn|3
|
|switch|p1a: Arcanine|Arcanine, F|383\/383
|-ability|p1a: Arcanine|Intimidate|[of] p2a: Crobat
|-unboost|p2a: Crobat|atk|1
|move|p2a: Crobat|Roost|p2a: Crobat
|-heal|p2a: Crobat|214\/374
|
|-heal|p2a: Crobat|237\/374|[from] item: Black Sludge
|turn|4
|
|switch|p2a: Camerupt|Camerupt, M|333\/333
|move|p1a: Arcanine|Extreme Speed|p2a: Camerupt
|-damage|p2a: Camerupt|160\/333
|
|turn|5
|
|switch|p2a: Escavalier|Escavalier, M|343\/343
|move|p1a: Arcanine|Extreme Speed|p2a: Escavalier
|-resisted|p2a: Escavalier
|-damage|p2a: Escavalier|275\/343
|
|turn|6
|
|switch|p1a: Nidoqueen|Nidoqueen, F|351\/351
|move|p2a: Escavalier|Knock Off|p1a: Nidoqueen
|-damage|p1a: Nidoqueen|146\/351
|-enditem|p1a: Nidoqueen|Life Orb|[from] move: Knock Off|[of] p2a: Escavalier
|
|turn|7
|
|move|p1a: Nidoqueen|Stealth Rock|p2a: Escavalier
|-sidestart|p2: LiberalLucario|move: Stealth Rock
|move|p2a: Escavalier|Knock Off|p1a: Nidoqueen
|-damage|p1a: Nidoqueen|5\/351
|
|turn|8
|
|switch|p2a: Vaporeon|Vaporeon, M|451\/451
|-damage|p2a: Vaporeon|395\/451|[from] Stealth Rock
|move|p1a: Nidoqueen|Earth Power|p2a: Vaporeon
|-damage|p2a: Vaporeon|259\/451
|
|-heal|p2a: Vaporeon|287\/451|[from] item: Leftovers
|turn|9
|
|move|p1a: Nidoqueen|Ice Beam|p2a: Vaporeon
|-resisted|p2a: Vaporeon
|-damage|p2a: Vaporeon|237\/451
|move|p2a: Vaporeon|Wish|p2a: Vaporeon
|
|-heal|p2a: Vaporeon|265\/451|[from] item: Leftovers
|turn|10
|
|move|p1a: Nidoqueen|Ice Beam|p2a: Vaporeon
|-resisted|p2a: Vaporeon
|-damage|p2a: Vaporeon|216\/451
|move|p2a: Vaporeon|Scald|p1a: Nidoqueen
|-supereffective|p1a: Nidoqueen
|-damage|p1a: Nidoqueen|0 fnt
|faint|p1a: Nidoqueen
|
|-heal|p2a: Vaporeon|441\/451|[from] move: Wish|[wisher] Vaporeon
|-heal|p2a: Vaporeon|451\/451|[from] item: Leftovers
|
|switch|p1a: Machamp|Machamp, M|384\/384
|turn|11
|
|move|p2a: Vaporeon|Protect|p2a: Vaporeon
|-singleturn|p2a: Vaporeon|Protect
|move|p1a: Machamp|Close Combat|p2a: Vaporeon
|-activate|p2a: Vaporeon|Protect
|
|turn|12
|
|switch|p2a: Celebi|Celebi|401\/401
|-damage|p2a: Celebi|351\/401|[from] Stealth Rock
|move|p1a: Machamp|Close Combat|p2a: Celebi
|-resisted|p2a: Celebi
|-damage|p2a: Celebi|219\/401
|-unboost|p1a: Machamp|def|1
|-unboost|p1a: Machamp|spd|1
|
|-heal|p2a: Celebi|244\/401|[from] item: Leftovers
|turn|13
|
|switch|p1a: Arcanine|Arcanine, F|383\/383
|-ability|p1a: Arcanine|Intimidate|[of] p2a: Celebi
|-unboost|p2a: Celebi|atk|1
|move|p2a: Celebi|Baton Pass|p2a: Celebi
|
|switch|p2a: Vaporeon|Vaporeon, M|451\/451
|-damage|p2a: Vaporeon|395\/451|[from] Stealth Rock
|
|-heal|p2a: Vaporeon|423\/451|[from] item: Leftovers
|turn|14
|
|switch|p1a: Machamp|Machamp, M|384\/384
|move|p2a: Vaporeon|Scald|p1a: Machamp
|-damage|p1a: Machamp|272\/384
|
|-heal|p2a: Vaporeon|451\/451|[from] item: Leftovers
|turn|15
|
|move|p2a: Vaporeon|Protect|p2a: Vaporeon
|-singleturn|p2a: Vaporeon|Protect
|move|p1a: Machamp|Close Combat|p2a: Vaporeon
|-activate|p2a: Vaporeon|Protect
|
|turn|16
|
|move|p2a: Vaporeon|Wish|p2a: Vaporeon
|move|p1a: Machamp|Close Combat|p2a: Vaporeon
|-damage|p2a: Vaporeon|45\/451
|-unboost|p1a: Machamp|def|1
|-unboost|p1a: Machamp|spd|1
|
|-heal|p2a: Vaporeon|73\/451|[from] item: Leftovers
|turn|17
|
|move|p2a: Vaporeon|Protect|p2a: Vaporeon
|-singleturn|p2a: Vaporeon|Protect
|move|p1a: Machamp|Close Combat|p2a: Vaporeon
|-activate|p2a: Vaporeon|Protect
|
|-heal|p2a: Vaporeon|298\/451|[from] move: Wish|[wisher] Vaporeon
|-heal|p2a: Vaporeon|326\/451|[from] item: Leftovers
|turn|18
|
|switch|p2a: Celebi|Celebi|244\/401
|-damage|p2a: Celebi|194\/401|[from] Stealth Rock
|move|p1a: Machamp|Close Combat|p2a: Celebi
|-resisted|p2a: Celebi
|-damage|p2a: Celebi|69\/401
|-unboost|p1a: Machamp|def|1
|-unboost|p1a: Machamp|spd|1
|
|-heal|p2a: Celebi|94\/401|[from] item: Leftovers
|turn|19
|join|Shit User
|
|switch|p1a: Snorlax|Snorlax, M|461\/461
|move|p2a: Celebi|Recover|p2a: Celebi
|-heal|p2a: Celebi|295\/401
|
|-heal|p2a: Celebi|320\/401|[from] item: Leftovers
|turn|20
|
|move|p2a: Celebi|Baton Pass|p2a: Celebi
|join|losedude
|
|switch|p2a: Escavalier|Escavalier, M|275\/343
|-damage|p2a: Escavalier|233\/343|[from] Stealth Rock
|move|p1a: Snorlax|Body Slam|p2a: Escavalier
|-resisted|p2a: Escavalier
|-damage|p2a: Escavalier|174\/343
|-status|p2a: Escavalier|par
|
|turn|21
|leave|losedude
|join|GasDrawls
|c| Shit User|go to your counter
|
|switch|p1a: Arcanine|Arcanine, F|383\/383
|-ability|p1a: Arcanine|Intimidate|[of] p2a: Escavalier
|-unboost|p2a: Escavalier|atk|1
|move|p2a: Escavalier|Megahorn|p1a: Arcanine
|-resisted|p1a: Arcanine
|-damage|p1a: Arcanine|240\/383
|
|turn|22
|c| Shit User|mmmm
|c| GasDrawls|go to your shit user
|c| Shit User|fuck
|c| Shit User|ah yueah
|c| GasDrawls|fuck
|c| GasDrawls|shit user
|
|switch|p2a: Camerupt|Camerupt, M|160\/333
|-damage|p2a: Camerupt|119\/333|[from] Stealth Rock
|move|p1a: Arcanine|Close Combat|p2a: Camerupt
|-damage|p2a: Camerupt|0 fnt
|-unboost|p1a: Arcanine|def|1
|-unboost|p1a: Arcanine|spd|1
|faint|p2a: Camerupt
|
|c| Shit User|smacked
|
|switch|p2a: Crobat|Crobat, M|237\/374
|-damage|p2a: Crobat|144\/374|[from] Stealth Rock
|turn|23
|
|switch|p1a: Blastoise|Blastoise, F|362\/362
|move|p2a: Crobat|Defog|p1a: Blastoise
|-unboost|p1a: Blastoise|evasion|1
|-sideend|p2: LiberalLucario|Stealth Rock|[from] move: Defog|[of] p2a: Crobat
|
|-heal|p2a: Crobat|167\/374|[from] item: Black Sludge
|turn|24
|
|detailschange|p1a: Blastoise|Blastoise-Mega, F
|-mega|p1a: Blastoise|Blastoise|Blastoisinite
|move|p2a: Crobat|U-turn|p1a: Blastoise
|-damage|p1a: Blastoise|314\/362
|
|switch|p2a: Vaporeon|Vaporeon, M|326\/451
|move|p1a: Blastoise|Dark Pulse|p2a: Vaporeon
|-damage|p2a: Vaporeon|183\/451
|
|-heal|p2a: Vaporeon|211\/451|[from] item: Leftovers
|turn|25
|
|switch|p1a: Machamp|Machamp, M|272\/384
|move|p2a: Vaporeon|Wish|p2a: Vaporeon
|
|-heal|p2a: Vaporeon|239\/451|[from] item: Leftovers
|turn|26
|
|move|p2a: Vaporeon|Protect|p2a: Vaporeon
|-singleturn|p2a: Vaporeon|Protect
|move|p1a: Machamp|Knock Off|p2a: Vaporeon
|-activate|p2a: Vaporeon|Protect
|
|-heal|p2a: Vaporeon|451\/451|[from] move: Wish|[wisher] Vaporeon
|turn|27
|
|switch|p2a: Hydreigon|Hydreigon, M|325\/325
|move|p1a: Machamp|Knock Off|p2a: Hydreigon
|-resisted|p2a: Hydreigon
|-damage|p2a: Hydreigon|219\/325
|-enditem|p2a: Hydreigon|Choice Scarf|[from] move: Knock Off|[of] p1a: Machamp
|
|turn|28
|
|switch|p1a: Snorlax|Snorlax, M|461\/461
|move|p2a: Hydreigon|U-turn|p1a: Snorlax
|-damage|p1a: Snorlax|399\/461
|
|switch|p2a: Escavalier|Escavalier, M|174\/343 par
|
|turn|29
|
|move|p1a: Snorlax|Earthquake|p2a: Escavalier
|-damage|p2a: Escavalier|70\/343 par
|cant|p2a: Escavalier|par
|
|turn|30
|c| Shit User|if you curse
|c|âLiberalLucario|ahh
|c|âLiberalLucario|fuck that
|c| Shit User|oh hes av
|
|switch|p2a: Vaporeon|Vaporeon, M|451\/451
|move|p1a: Snorlax|Earthquake|p2a: Vaporeon
|-damage|p2a: Vaporeon|342\/451
|
|-heal|p2a: Vaporeon|370\/451|[from] item: Leftovers
|turn|31
|c|âLiberalLucario|oh yeah right
|join|OGWanka
|c|âLiberalLucario|i forgot av lax is a thing
|c| OGWanka|nolan
|c| OGWanka|u tryna make camel work or summet
|
|move|p2a: Vaporeon|Scald|p1a: Snorlax
|-damage|p1a: Snorlax|332\/461
|-status|p1a: Snorlax|brn
|move|p1a: Snorlax|Body Slam|p2a: Vaporeon
|-crit|p2a: Vaporeon
|-damage|p2a: Vaporeon|252\/451
|-status|p2a: Vaporeon|par
|
|-heal|p2a: Vaporeon|280\/451 par|[from] item: Leftovers
|-damage|p1a: Snorlax|275\/461 brn|[from] brn
|turn|32
|c|âLiberalLucario|ya
|c|âLiberalLucario|p much
|c|âLiberalLucario|ah yes solid critpara
|c| OGWanka|any luck?
|c|âLiberalLucario|um
|
|switch|p1a: Machamp|Machamp, M|272\/384
|cant|p2a: Vaporeon|par
|
|-heal|p2a: Vaporeon|308\/451 par|[from] item: Leftovers
|turn|33
|c|âLiberalLucario|kinda
|c|âLiberalLucario|its only good in trick room
|
|move|p2a: Vaporeon|Protect|p2a: Vaporeon
|-singleturn|p2a: Vaporeon|Protect
|move|p1a: Machamp|Earthquake|p2a: Vaporeon
|-activate|p2a: Vaporeon|Protect
|
|-heal|p2a: Vaporeon|336\/451 par|[from] item: Leftovers
|turn|34
|c|âLiberalLucario|it's not really "anti-meta" because theres so many bulky waters
|
|switch|p2a: Celebi|Celebi|320\/401
|move|p1a: Machamp|Earthquake|p2a: Celebi
|-resisted|p2a: Celebi
|-damage|p2a: Celebi|250\/401
|
|-heal|p2a: Celebi|275\/401|[from] item: Leftovers
|turn|35
|
|switch|p1a: Arcanine|Arcanine, F|240\/383
|-ability|p1a: Arcanine|Intimidate|[of] p2a: Celebi
|-unboost|p2a: Celebi|atk|1
|move|p2a: Celebi|Baton Pass|p2a: Celebi
|
|switch|p2a: Vaporeon|Vaporeon, M|336\/451 par
|
|-heal|p2a: Vaporeon|364\/451 par|[from] item: Leftovers
|turn|36
|
|switch|p2a: Celebi|Celebi|275\/401
|move|p1a: Arcanine|Close Combat|p2a: Celebi
|-resisted|p2a: Celebi
|-damage|p2a: Celebi|195\/401
|-unboost|p1a: Arcanine|def|1
|-unboost|p1a: Arcanine|spd|1
|
|-heal|p2a: Celebi|220\/401|[from] item: Leftovers
|turn|37
|
|switch|p1a: Machamp|Machamp, M|272\/384
|move|p2a: Celebi|Trick Room|p2a: Celebi
|-fieldstart|move: Trick Room|[of] p2a: Celebi
|
|-heal|p2a: Celebi|245\/401|[from] item: Leftovers
|turn|38
|
|switch|p1a: Cresselia|Cresselia, F|444\/444
|switch|p2a: Hydreigon|Hydreigon, M|219\/325
|
|turn|39
|
|switch|p1a: Snorlax|Snorlax, M|275\/461 brn
|switch|p2a: Crobat|Crobat, M|167\/374
|
|-heal|p2a: Crobat|190\/374|[from] item: Black Sludge
|-damage|p1a: Snorlax|218\/461 brn|[from] brn
|turn|40
|
|move|p1a: Snorlax|Body Slam|p2a: Crobat
|-damage|p2a: Crobat|106\/374
|move|p2a: Crobat|U-turn|p1a: Snorlax
|-damage|p1a: Snorlax|166\/461 brn
|
|switch|p2a: Escavalier|Escavalier, M|70\/343 par
|
|-damage|p1a: Snorlax|109\/461 brn|[from] brn
|turn|41
|
|cant|p2a: Escavalier|par
|move|p1a: Snorlax|Earthquake|p2a: Escavalier
|-damage|p2a: Escavalier|22\/343 par
|
|-damage|p1a: Snorlax|52\/461 brn|[from] brn
|-fieldend|move: Trick Room
|turn|42
|
|move|p1a: Snorlax|Pursuit|p2a: Escavalier|[from]Pursuit
|-damage|p2a: Escavalier|0 fnt
|faint|p2a: Escavalier
|
|-damage|p1a: Snorlax|0 fnt|[from] brn
|faint|p1a: Snorlax
|
|switch|p1a: Arcanine|Arcanine, F|240\/383
|switch|p2a: Crobat|Crobat, M|106\/374
|-ability|p1a: Arcanine|Intimidate|[of] p2a: Crobat
|-unboost|p2a: Crobat|atk|1
|turn|43
|
|switch|p2a: Vaporeon|Vaporeon, M|364\/451 par
|move|p1a: Arcanine|Extreme Speed|p2a: Vaporeon
|-damage|p2a: Vaporeon|215\/451 par
|
|-heal|p2a: Vaporeon|243\/451 par|[from] item: Leftovers
|turn|44
|
|switch|p1a: Machamp|Machamp, M|272\/384
|switch|p2a: Crobat|Crobat, M|106\/374
|
|-heal|p2a: Crobat|129\/374|[from] item: Black Sludge
|turn|45
|c| OGWanka|you have a cresselia just win with it
|c| OGWanka|jeez
|c|âLiberalLucario|he might be support cress
|
|switch|p1a: Blastoise|Blastoise-Mega, F|314\/362
|move|p2a: Crobat|Brave Bird|p1a: Blastoise
|-damage|p1a: Blastoise|190\/362
|-damage|p2a: Crobat|88\/374|[from] recoil|[of] p1a: Blastoise
|
|-heal|p2a: Crobat|111\/374|[from] item: Black Sludge
|turn|46
|c| OGWanka|tht would be dumb
|c|âLiberalLucario|lol
|leave|OGWanka
|
|move|p2a: Crobat|U-turn|p1a: Blastoise
|-damage|p1a: Blastoise|143\/362
|c|âuunubnub|zygarde cress lol
|
|switch|p2a: Hydreigon|Hydreigon, M|219\/325
|move|p1a: Blastoise|Dark Pulse|p2a: Hydreigon
|-resisted|p2a: Hydreigon
|-damage|p2a: Hydreigon|138\/325
|
|turn|47
|
|move|p2a: Hydreigon|Draco Meteor|p1a: Blastoise
|-damage|p1a: Blastoise|0 fnt
|-unboost|p2a: Hydreigon|spa|2
|faint|p1a: Blastoise
|
|
|switch|p1a: Arcanine|Arcanine, F|240\/383
|-ability|p1a: Arcanine|Intimidate|[of] p2a: Hydreigon
|-unboost|p2a: Hydreigon|atk|1
|turn|48
|join|Alldaalts
|
|move|p1a: Arcanine|Extreme Speed|p2a: Hydreigon
|-damage|p2a: Hydreigon|0 fnt
|faint|p2a: Hydreigon
|
|c|âLiberalLucario|fuq
|c|âLiberalLucario|cancelled
|
|switch|p2a: Celebi|Celebi|245\/401
|turn|49
|c|âLiberalLucario|is sad
|c| Shit User|didnt matter he knows your spread
|
|switch|p1a: Cresselia|Cresselia, F|444\/444
|move|p2a: Celebi|Recover|p2a: Celebi
|-heal|p2a: Celebi|401\/401
|
|turn|50
|c|âLiberalLucario|k
|
|move|p2a: Celebi|Baton Pass|p2a: Celebi
|
|switch|p2a: Vaporeon|Vaporeon, M|243\/451 par
|move|p1a: Cresselia|Psyshock|p2a: Vaporeon
|-damage|p2a: Vaporeon|161\/451 par
|
|-heal|p2a: Vaporeon|189\/451 par|[from] item: Leftovers
|turn|51
|
|switch|p1a: Machamp|Machamp, M|272\/384
|cant|p2a: Vaporeon|par
|
|-heal|p2a: Vaporeon|217\/451 par|[from] item: Leftovers
|turn|52
|c| Shit User|confuse
|c| Shit User|confuse
|c| Shit User|confuse
|c| Shit User|confuse
|
|move|p2a: Vaporeon|Protect|p2a: Vaporeon
|-singleturn|p2a: Vaporeon|Protect
|move|p1a: Machamp|Knock Off|p2a: Vaporeon
|-activate|p2a: Vaporeon|Protect
|
|-heal|p2a: Vaporeon|245\/451 par|[from] item: Leftovers
|turn|53
|c| Shit User|im assuming ur the bad set
|c|âLiberalLucario|hes cb
|c|âLiberalLucario|guts
|c| Shit User|oh hes
|c| Shit User|the good set
|
|move|p1a: Machamp|Knock Off|p2a: Vaporeon
|-damage|p2a: Vaporeon|53\/451 par
|-enditem|p2a: Vaporeon|Leftovers|[from] move: Knock Off|[of] p1a: Machamp
|cant|p2a: Vaporeon|par
|
|turn|54
|c|âLiberalLucario|fuq that..
|-message|LiberalLucario forfeited.
|-message|LiberalLucario forfeited.
|c|âuunubnub|lol
|leave|LiberalLucario
|
|win|uunubnub
|raw|Ladder updating...
|player|p2
|leave|Shit User
|raw|uunubnub's rating: 1570 &rarr; <strong>1584<\/strong><br \/>(+14 for winning)
|raw|LiberalLucario's rating: 1459 &rarr; <strong>1445<\/strong><br \/>(-14 for losing)