|join|LiberalLucario
|join|0rbital
|player|p1|LiberalLucario|290
|player|p2|0rbital|170
|gametype|singles
|gen|6
|tier|UU
|rule|Sleep Clause Mod: Limit one foe put to sleep
|rule|Species Clause: Limit one of each PokÃ©mon
|rule|OHKO Clause: OHKO moves are banned
|rule|Moody Clause: Moody is banned
|rule|Evasion Moves Clause: Evasion moves are banned
|rule|Endless Battle Clause: Forcing endless battles is banned
|rule|HP Percentage Mod: HP is shown in percentages
|clearpoke
|poke|p1|Jirachi
|poke|p1|Hydreigon, M
|poke|p1|Nidoqueen, F
|poke|p1|Blastoise, M
|poke|p1|Celebi
|poke|p1|Machamp, F
|poke|p2|Camerupt, M
|poke|p2|Celebi
|poke|p2|Porygon2
|poke|p2|Dragalge, M
|poke|p2|Fletchinder, F
|poke|p2|Swampert, F
|rule|Swagger Clause: Swagger is banned
|rule|Baton Pass Clause: Limit one PokÃ©mon knowing Baton Pass
|teampreview
|join|the fun in this
|join|DrReuniclus3
|join|CoolStoryBrobat
|c| DrReuniclus3|Good luck to both
|c| DrReuniclus3|:)
|c|â0rbital|i was about to make this room private
|c|â0rbital|lol
|c|âLiberalLucario|oh
|join|thymetime
|join|hairy toenail
|c|âLiberalLucario|sorry people said they wanted to watch
|join|poonHunter (DD)
|c|âLiberalLucario|:(
|c| hairy toenail|farm hype
|join|so dynamic
|join|Munkin
|c| DrReuniclus3|Oh
|c| DrReuniclus3|rip
|c|âLiberalLucario|i can turn modchat on if you want, though.
|c|@CoolStoryBrobat|Might recommend it
|raw|<div class="broadcast-red"><b>Moderated chat was set to +!<\/b><br \/>Only users of rank + and higher can talk.<\/div>
|c|âLiberalLucario|yeah ok
|c|@CoolStoryBrobat|Good luck to both
|c|âLiberalLucario|cool
|
|start
|switch|p1a: Jirachi|Jirachi|341\/341
|switch|p2a: Porygon2|Porygon2|373\/373
|-ability|p2a: Porygon2|Serene Grace|[from] ability: Trace|[of] p1a: Jirachi
|turn|1
|join|getready4UU
|
|switch|p1a: Machamp|Machamp, F|324\/324
|switch|p2a: Camerupt|Camerupt, M|344\/344
|
|turn|2
|join|Latios pls
|
|switch|p2a: Celebi|Celebi|403\/403
|move|p1a: Machamp|Close Combat|p2a: Celebi
|-resisted|p2a: Celebi
|-damage|p2a: Celebi|316\/403
|-unboost|p1a: Machamp|def|1
|-unboost|p1a: Machamp|spd|1
|
|-heal|p2a: Celebi|341\/403|[from] item: Leftovers
|turn|3
|
|switch|p1a: Celebi|Celebi|341\/341
|move|p2a: Celebi|Trick Room|p2a: Celebi
|-fieldstart|move: Trick Room|[of] p2a: Celebi
|
|-heal|p2a: Celebi|366\/403|[from] item: Leftovers
|turn|4
|
|move|p1a: Celebi|Sucker Punch|p2a: Celebi
|-fail|p2a: Celebi
|move|p2a: Celebi|Baton Pass|p2a: Celebi
|
|switch|p2a: Camerupt|Camerupt, M|344\/344
|
|turn|5
|
|switch|p1a: Hydreigon|Hydreigon, M|325\/325
|detailschange|p2a: Camerupt|Camerupt-Mega, M
|-mega|p2a: Camerupt|Camerupt|Cameruptite
|move|p2a: Camerupt|Fire Blast|p1a: Hydreigon
|-resisted|p1a: Hydreigon
|-damage|p1a: Hydreigon|157\/325
|
|turn|6
|
|move|p2a: Camerupt|Fire Blast|p1a: Hydreigon
|-resisted|p1a: Hydreigon
|-damage|p1a: Hydreigon|2\/325
|move|p1a: Hydreigon|U-turn|p2a: Camerupt
|-resisted|p2a: Camerupt
|-damage|p2a: Camerupt|317\/344
|
|switch|p1a: Blastoise|Blastoise, M|314\/314
|
|turn|7
|
|switch|p2a: Porygon2|Porygon2|373\/373
|-ability|p2a: Porygon2|Torrent|[from] ability: Trace|[of] p1a: Blastoise
|detailschange|p1a: Blastoise|Blastoise-Mega, M
|-mega|p1a: Blastoise|Blastoise|Blastoisinite
|move|p1a: Blastoise|Ice Beam|p2a: Porygon2
|-damage|p2a: Porygon2|305\/373
|
|-fieldend|move: Trick Room
|turn|8
|
|switch|p1a: Machamp|Machamp, F|324\/324
|move|p2a: Porygon2|Trick Room|p2a: Porygon2
|-fieldstart|move: Trick Room|[of] p2a: Porygon2
|
|turn|9
|
|switch|p2a: Dragalge|Dragalge, M|333\/333
|move|p1a: Machamp|Knock Off|p2a: Dragalge
|-damage|p2a: Dragalge|185\/333
|-enditem|p2a: Dragalge|Choice Specs|[from] move: Knock Off|[of] p1a: Machamp
|
|turn|10
|join|The French
|join|Truth In Lies
|
|switch|p1a: Jirachi|Jirachi|341\/341
|move|p2a: Dragalge|Dragon Pulse|p1a: Jirachi
|-resisted|p1a: Jirachi
|-damage|p1a: Jirachi|255\/341
|
|turn|11
|leave|The French
|
|move|p2a: Dragalge|Focus Blast|p1a: Jirachi
|-damage|p1a: Jirachi|120\/341
|move|p1a: Jirachi|Doom Desire|p2a: Dragalge
|-start|p1a: Jirachi|Doom Desire
|
|turn|12
|
|switch|p1a: Celebi|Celebi|341\/341
|move|p2a: Dragalge|Dragon Pulse|p1a: Celebi
|-damage|p1a: Celebi|143\/341
|
|-heal|p1a: Celebi|164\/341|[from] item: Leftovers
|-fieldend|move: Trick Room
|turn|13
|
|move|p1a: Celebi|Zen Headbutt|p2a: Dragalge
|-supereffective|p2a: Dragalge
|-damage|p2a: Dragalge|0 fnt
|faint|p2a: Dragalge
|
|-hint|Doom Desire did not hit because the target is fainted.
|-heal|p1a: Celebi|185\/341|[from] item: Leftovers
|
|switch|p2a: Porygon2|Porygon2|305\/373
|-ability|p2a: Porygon2|Natural Cure|[from] ability: Trace|[of] p1a: Celebi
|turn|14
|
|switch|p1a: Machamp|Machamp, F|324\/324
|move|p2a: Porygon2|Trick Room|p2a: Porygon2
|-fieldstart|move: Trick Room|[of] p2a: Porygon2
|
|turn|15
|
|switch|p2a: Celebi|Celebi|366\/403
|move|p1a: Machamp|Close Combat|p2a: Celebi
|-resisted|p2a: Celebi
|-damage|p2a: Celebi|279\/403
|-unboost|p1a: Machamp|def|1
|-unboost|p1a: Machamp|spd|1
|
|-heal|p2a: Celebi|304\/403|[from] item: Leftovers
|turn|16
|
|switch|p1a: Hydreigon|Hydreigon, M|2\/325
|move|p2a: Celebi|Baton Pass|p2a: Celebi
|leave|Truth In Lies
|
|switch|p2a: Swampert|Swampert, F|401\/401
|
|turn|17
|join|Truth In Lies
|
|move|p2a: Swampert|Waterfall|p1a: Hydreigon
|-resisted|p1a: Hydreigon
|-damage|p1a: Hydreigon|0 fnt
|-damage|p2a: Swampert|361\/401|[from] item: Life Orb
|faint|p1a: Hydreigon
|
|
|switch|p1a: Celebi|Celebi|185\/341
|turn|18
|
|switch|p1a: Blastoise|Blastoise-Mega, M|314\/314
|move|p2a: Swampert|Ice Punch|p1a: Blastoise
|-resisted|p1a: Blastoise
|-damage|p1a: Blastoise|265\/314
|-status|p1a: Blastoise|frz
|-damage|p2a: Swampert|321\/401|[from] item: Life Orb
|
|-fieldend|move: Trick Room
|turn|19
|join|plini
|c|âLiberalLucario|sigh
|leave|plini
|c|â0rbital|do you have scald
|c|âLiberalLucario|luckily, yes
|c|âLiberalLucario|lmao
|
|switch|p2a: Porygon2|Porygon2|305\/373
|-ability|p2a: Porygon2|Mega Launcher|[from] ability: Trace|[of] p1a: Blastoise
|-curestatus|p1a: Blastoise|frz
|move|p1a: Blastoise|Scald|p2a: Porygon2
|-crit|p2a: Porygon2
|-damage|p2a: Porygon2|184\/373
|-status|p2a: Porygon2|brn
|
|-damage|p2a: Porygon2|138\/373 brn|[from] brn
|turn|20
|c|âLiberalLucario|guess that
|c|@CoolStoryBrobat|good ol critburn
|c|âLiberalLucario|makes up for it
|
|move|p1a: Blastoise|Dark Pulse|p2a: Porygon2
|-damage|p2a: Porygon2|51\/373 brn
|move|p2a: Porygon2|Trick Room|p2a: Porygon2
|-fieldstart|move: Trick Room|[of] p2a: Porygon2
|
|-damage|p2a: Porygon2|5\/373 brn|[from] brn
|turn|21
|
|switch|p1a: Machamp|Machamp, F|324\/324
|move|p2a: Porygon2|Tri Attack|p1a: Machamp
|-damage|p1a: Machamp|255\/324
|
|-damage|p2a: Porygon2|0 fnt|[from] brn
|faint|p2a: Porygon2
|
|switch|p2a: Fletchinder|Fletchinder, F|265\/265
|turn|22
|
|switch|p1a: Nidoqueen|Nidoqueen, F|384\/384
|move|p2a: Fletchinder|Acrobatics|p1a: Nidoqueen
|-damage|p1a: Nidoqueen|263\/384
|
|-heal|p1a: Nidoqueen|287\/384|[from] item: Black Sludge
|turn|23
|leave|so dynamic
|
|switch|p2a: Camerupt|Camerupt-Mega, M|317\/344
|move|p1a: Nidoqueen|Stealth Rock|p2a: Camerupt
|-sidestart|p2: 0rbital|move: Stealth Rock
|
|-heal|p1a: Nidoqueen|311\/384|[from] item: Black Sludge
|turn|24
|join|Donfantastic
|
|switch|p1a: Machamp|Machamp, F|255\/324
|move|p2a: Camerupt|Earth Power|p1a: Machamp
|-damage|p1a: Machamp|54\/324
|
|-fieldend|move: Trick Room
|turn|25
|
|move|p1a: Machamp|Knock Off|p2a: Camerupt
|-damage|p2a: Camerupt|233\/344
|move|p2a: Camerupt|Earth Power|p1a: Machamp
|-damage|p1a: Machamp|0 fnt
|faint|p1a: Machamp
|
|
|switch|p1a: Blastoise|Blastoise-Mega, M|265\/314
|turn|26
|
|move|p1a: Blastoise|Scald|p2a: Camerupt
|-supereffective|p2a: Camerupt
|-damage|p2a: Camerupt|0 fnt
|faint|p2a: Camerupt
|
|c|â0rbital|rip
|c|â0rbital|a million times
|
|switch|p2a: Celebi|Celebi|304\/403
|-damage|p2a: Celebi|254\/403|[from] Stealth Rock
|turn|27
|
|move|p1a: Blastoise|Dark Pulse|p2a: Celebi
|-supereffective|p2a: Celebi
|-damage|p2a: Celebi|0 fnt
|faint|p2a: Celebi
|
|c|âLiberalLucario|alright
|c|â0rbital|oh yeah
|c|â0rbital|that
|c|âLiberalLucario|i run loads of speed on stoise
|c|@CoolStoryBrobat|That's a buttload of speed
|c|âLiberalLucario|enough to outspeed adamant krow :o
|c|â0rbital|um
|
|switch|p2a: Swampert|Swampert, F|321\/401
|-damage|p2a: Swampert|296\/401|[from] Stealth Rock
|turn|28
|c|â0rbital|what is that
|c|â0rbital|because i hit 241 on celebi
|c|âLiberalLucario|it was
|c|âLiberalLucario|a speed tie
|c|âLiberalLucario|:o
|c|âLiberalLucario|i hit 241
|c|âLiberalLucario|on stoise
|c|â0rbital|oh
|c|âLiberalLucario|what were you going to use?
|c|â0rbital|giga
|c|â0rbital|drain
|c|âLiberalLucario|oh
|c|âLiberalLucario|darn.
|c|@CoolStoryBrobat|Like tha'ts literally 200 Spe
|c|@CoolStoryBrobat|jesus
|c|âLiberalLucario|mhmm
|c|âLiberalLucario|i like speedy turtle.
|c|âLiberalLucario|and anyway
|
|move|p1a: Blastoise|Scald|p2a: Swampert
|-damage|p2a: Swampert|134\/401
|move|p2a: Swampert|Earthquake|p1a: Blastoise
|-damage|p1a: Blastoise|62\/314
|-damage|p2a: Swampert|94\/401|[from] item: Life Orb
|
|turn|29
|c|âLiberalLucario|you would have had to win 2 speed ties
|c|@CoolStoryBrobat|I swear like
|c|@CoolStoryBrobat|I might start using Jolly Krow
|join|r0ady
|c|@CoolStoryBrobat|If I ever were to use it again
|c|âLiberalLucario|lol
|
|move|p1a: Blastoise|Scald|p2a: Swampert
|-damage|p2a: Swampert|0 fnt
|faint|p2a: Swampert
|
|c|@CoolStoryBrobat|He gets crept on so viciously
|c|âLiberalLucario|everything outspeeds adamant krow, yeah.
|c|â0rbital|fletch god
|c|â0rbital|save me
|c|âLiberalLucario|lol
|
|switch|p2a: Fletchinder|Fletchinder, F|265\/265
|-damage|p2a: Fletchinder|133\/265|[from] Stealth Rock
|turn|30
|c|â0rbital|nice n stealth rock damage
|c|âLiberalLucario|odd hp is a good thing.
|
|move|p2a: Fletchinder|Acrobatics|p1a: Blastoise
|-damage|p1a: Blastoise|0 fnt
|faint|p1a: Blastoise
|
|c|@CoolStoryBrobat|just crit your way to victory
|c|â0rbital|^
|
|switch|p1a: Jirachi|Jirachi|120\/341
|turn|31
|c|â0rbital|i run razor claw acrobatics
|c|â0rbital|its fine
|c|âLiberalLucario|cool
|
|move|p2a: Fletchinder|Roost|p2a: Fletchinder
|-heal|p2a: Fletchinder|265\/265
|move|p1a: Jirachi|Psyshock|p2a: Fletchinder
|-damage|p2a: Fletchinder|8\/265
|-damage|p1a: Jirachi|86\/341|[from] item: Life Orb
|
|turn|32
|c|@CoolStoryBrobat|!learn JIrachi, lucky chant
|raw|<div class="infobox">Jirachi <span class="message-learn-cannotlearn">can't<\/span> learn Lucky Chant<\/div>
|c|âLiberalLucario|o
|c|@CoolStoryBrobat|He ain't safe
|c|âLiberalLucario|thats some damage.
|c|â0rbital|crit
|
|move|p2a: Fletchinder|Acrobatics|p1a: Jirachi
|-resisted|p1a: Jirachi
|-damage|p1a: Jirachi|9\/341
|move|p1a: Jirachi|Psyshock|p2a: Fletchinder
|-damage|p2a: Fletchinder|0 fnt
|-damage|p1a: Jirachi|0 fnt|[from] item: Life Orb
|faint|p2a: Fletchinder
|faint|p1a: Jirachi
|
|win|LiberalLucario
|c|â0rbital|gg
|c|âLiberalLucario|gg.
|c|â0rbital|close
|leave|the fun in this
|leave|Truth In Lies
|c|âLiberalLucario|yeah
|leave|hairy toenail
|leave|Donfantastic
|c|âLiberalLucario|you played well
|leave|CoolStoryBrobat
|leave|0rbital
|player|p2
|leave|r0ady
|c|âLiberalLucario|camerupt is scary as hell