|join|namurt
|join|LIBERALLUCARIO
|player|p1|namurt|2
|player|p2|LIBERALLUCARIO|290
|gametype|singles
|gen|6
|tier|UU
|rated
|rule|Sleep Clause Mod: Limit one foe put to sleep
|rule|Species Clause: Limit one of each PokÃ©mon
|rule|OHKO Clause: OHKO moves are banned
|rule|Moody Clause: Moody is banned
|rule|Evasion Moves Clause: Evasion moves are banned
|rule|Endless Battle Clause: Forcing endless battles is banned
|rule|HP Percentage Mod: HP is shown in percentages
|clearpoke
|poke|p1|Hippowdon, M
|poke|p1|Crobat, F
|poke|p1|Alomomola, M
|poke|p1|Shaymin
|poke|p1|Lucario, F
|poke|p1|Chandelure, M
|poke|p2|Zygarde
|poke|p2|Forretress, M
|poke|p2|Ampharos, M
|poke|p2|Nidoqueen, F
|poke|p2|Whimsicott, M
|poke|p2|Jirachi
|rule|Swagger Clause: Swagger is banned
|rule|Baton Pass Clause: Limit one PokÃ©mon knowing Baton Pass
|teampreview
|
|start
|switch|p1a: Shaymin|Shaymin|404\/404
|switch|p2a: Whimsicott|Whimsicott, M|261\/261
|turn|1
|
|move|p2a: Whimsicott|U-turn|p1a: Shaymin
|-supereffective|p1a: Shaymin
|-damage|p1a: Shaymin|330\/404
|
|switch|p2a: Jirachi|Jirachi|341\/341
|move|p1a: Shaymin|Seed Flare|p2a: Jirachi
|-resisted|p2a: Jirachi
|-damage|p2a: Jirachi|207\/341
|-unboost|p2a: Jirachi|spd|2
|-damage|p1a: Shaymin|290\/404|[from] item: Life Orb
|
|turn|2
|
|switch|p1a: Hippowdon|Hippowdon, M|420\/420
|-weather|Sandstorm
|move|p2a: Jirachi|U-turn|p1a: Hippowdon
|-damage|p1a: Hippowdon|371\/420
|
|switch|p2a: Whimsicott|Whimsicott, M|261\/261
|
|-weather|Sandstorm|[upkeep]
|-damage|p2a: Whimsicott|245\/261|[from] sandstorm
|-heal|p2a: Whimsicott|261\/261|[from] item: Leftovers
|-heal|p1a: Hippowdon|397\/420|[from] item: Leftovers
|turn|3
|
|switch|p1a: Crobat|Crobat, F|343\/343
|move|p2a: Whimsicott|Leech Seed|p1a: Crobat|[miss]
|-miss|p2a: Whimsicott|p1a: Crobat
|
|-weather|Sandstorm|[upkeep]
|-damage|p1a: Crobat|322\/343|[from] sandstorm
|-damage|p2a: Whimsicott|245\/261|[from] sandstorm
|-heal|p1a: Crobat|343\/343|[from] item: Black Sludge
|-heal|p2a: Whimsicott|261\/261|[from] item: Leftovers
|turn|4
|
|switch|p2a: Ampharos|Ampharos, M|369\/369
|move|p1a: Crobat|U-turn|p2a: Ampharos
|-damage|p2a: Ampharos|297\/369
|-status|p1a: Crobat|par
|
|switch|p1a: Hippowdon|Hippowdon, M|397\/420
|
|-weather|Sandstorm|[upkeep]
|-damage|p2a: Ampharos|274\/369|[from] sandstorm
|-heal|p1a: Hippowdon|420\/420|[from] item: Leftovers
|turn|5
|c|âLIBERALLUCARIO|static
|c|âLIBERALLUCARIO|!!
|
|detailschange|p2a: Ampharos|Ampharos-Mega, M
|-mega|p2a: Ampharos|Ampharos|Ampharosite
|-ability|p2a: Ampharos|Mold Breaker
|move|p2a: Ampharos|Dragon Pulse|p1a: Hippowdon
|-damage|p1a: Hippowdon|164\/420
|move|p1a: Hippowdon|Earthquake|p2a: Ampharos
|-supereffective|p2a: Ampharos
|-damage|p2a: Ampharos|16\/369
|
|-weather|Sandstorm|[upkeep]
|-damage|p2a: Ampharos|0 fnt|[from] sandstorm
|-heal|p1a: Hippowdon|190\/420|[from] item: Leftovers
|faint|p2a: Ampharos
|
|switch|p2a: Nidoqueen|Nidoqueen, F|346\/346
|turn|6
|
|move|p2a: Nidoqueen|Earth Power|p1a: Hippowdon
|-damage|p1a: Hippowdon|0 fnt
|faint|p1a: Hippowdon
|
|-weather|none
|
|switch|p1a: Shaymin|Shaymin|290\/404
|turn|7
|
|switch|p2a: Whimsicott|Whimsicott, M|261\/261
|move|p1a: Shaymin|Earth Power|p2a: Whimsicott
|-resisted|p2a: Whimsicott
|-damage|p2a: Whimsicott|186\/261
|-damage|p1a: Shaymin|250\/404|[from] item: Life Orb
|
|-heal|p2a: Whimsicott|202\/261|[from] item: Leftovers
|turn|8
|
|move|p2a: Whimsicott|U-turn|p1a: Shaymin
|-supereffective|p1a: Shaymin
|-damage|p1a: Shaymin|176\/404
|
|switch|p2a: Jirachi|Jirachi|207\/341
|move|p1a: Shaymin|Earth Power|p2a: Jirachi
|-supereffective|p2a: Jirachi
|-damage|p2a: Jirachi|0 fnt
|-damage|p1a: Shaymin|136\/404|[from] item: Life Orb
|faint|p2a: Jirachi
|
|
|switch|p2a: Whimsicott|Whimsicott, M|202\/261
|turn|9
|
|switch|p1a: Alomomola|Alomomola, M|501\/501
|move|p2a: Whimsicott|Moonblast|p1a: Alomomola
|-damage|p1a: Alomomola|356\/501
|
|-heal|p2a: Whimsicott|218\/261|[from] item: Leftovers
|-heal|p1a: Alomomola|387\/501|[from] item: Leftovers
|turn|10
|
|move|p2a: Whimsicott|Leech Seed|p1a: Alomomola
|-start|p1a: Alomomola|move: Leech Seed
|move|p1a: Alomomola|Wish|p1a: Alomomola
|
|-heal|p2a: Whimsicott|234\/261|[from] item: Leftovers
|-heal|p1a: Alomomola|418\/501|[from] item: Leftovers
|-damage|p1a: Alomomola|356\/501|[from] Leech Seed|[of] p2a: Whimsicott
|-heal|p2a: Whimsicott|261\/261|[silent]
|turn|11
|
|switch|p1a: Shaymin|Shaymin|136\/404
|move|p2a: Whimsicott|Moonblast|p1a: Shaymin
|-damage|p1a: Shaymin|7\/404
|
|-heal|p1a: Shaymin|257\/404|[from] move: Wish|[wisher] Alomomola
|turn|12
|
|switch|p1a: Chandelure|Chandelure, M|289\/289
|move|p2a: Whimsicott|Moonblast|p1a: Chandelure
|-resisted|p1a: Chandelure
|-damage|p1a: Chandelure|229\/289
|
|-heal|p1a: Chandelure|247\/289|[from] item: Leftovers
|turn|13
|
|move|p2a: Whimsicott|U-turn|p1a: Chandelure
|-resisted|p1a: Chandelure
|-damage|p1a: Chandelure|237\/289
|
|switch|p2a: Zygarde|Zygarde|357\/357
|-ability|p2a: Zygarde|Aura Break
|move|p1a: Chandelure|Substitute|p1a: Chandelure
|-start|p1a: Chandelure|Substitute
|-damage|p1a: Chandelure|165\/289
|
|-heal|p1a: Chandelure|183\/289|[from] item: Leftovers
|turn|14
|
|move|p2a: Zygarde|Earthquake|p1a: Chandelure
|-supereffective|p1a: Chandelure
|-end|p1a: Chandelure|Substitute
|-damage|p2a: Zygarde|322\/357|[from] item: Life Orb
|move|p1a: Chandelure|Fire Blast|p2a: Zygarde
|-resisted|p2a: Zygarde
|-damage|p2a: Zygarde|214\/357
|
|-heal|p1a: Chandelure|201\/289|[from] item: Leftovers
|turn|15
|
|switch|p1a: Alomomola|Alomomola, M|501\/501
|move|p2a: Zygarde|Dragon Dance|p2a: Zygarde
|-boost|p2a: Zygarde|atk|1
|-boost|p2a: Zygarde|spe|1
|
|turn|16
|
|switch|p2a: Whimsicott|Whimsicott, M|261\/261
|move|p1a: Alomomola|Toxic|p2a: Whimsicott
|-status|p2a: Whimsicott|tox
|
|-damage|p2a: Whimsicott|245\/261 tox|[from] psn
|turn|17
|
|move|p2a: Whimsicott|Leech Seed|p1a: Alomomola
|-start|p1a: Alomomola|move: Leech Seed
|move|p1a: Alomomola|Toxic|p2a: Whimsicott
|-fail|p2a: Whimsicott|tox
|
|-heal|p2a: Whimsicott|261\/261 tox|[from] item: Leftovers
|-damage|p1a: Alomomola|439\/501|[from] Leech Seed|[of] p2a: Whimsicott
|-damage|p2a: Whimsicott|229\/261 tox|[from] psn
|turn|18
|
|move|p2a: Whimsicott|U-turn|p1a: Alomomola
|-damage|p1a: Alomomola|400\/501
|
|switch|p2a: Nidoqueen|Nidoqueen, F|346\/346
|move|p1a: Alomomola|Wish|p1a: Alomomola
|
|-heal|p1a: Alomomola|431\/501|[from] item: Leftovers
|-damage|p1a: Alomomola|369\/501|[from] Leech Seed|[of] p2a: Nidoqueen
|turn|19
|
|move|p2a: Nidoqueen|Sludge Wave|p1a: Alomomola
|-damage|p1a: Alomomola|110\/501
|move|p1a: Alomomola|Mirror Coat|p2a: Nidoqueen
|-damage|p2a: Nidoqueen|0 fnt
|faint|p2a: Nidoqueen
|
|-heal|p1a: Alomomola|360\/501|[from] move: Wish|[wisher] Alomomola
|-heal|p1a: Alomomola|391\/501|[from] item: Leftovers
|
|switch|p2a: Whimsicott|Whimsicott, M|229\/261 tox
|turn|20
|
|move|p2a: Whimsicott|Giga Drain|p1a: Alomomola
|-supereffective|p1a: Alomomola
|-damage|p1a: Alomomola|157\/501
|-heal|p2a: Whimsicott|261\/261 tox|[from] drain|[of] p1a: Alomomola
|move|p1a: Alomomola|Toxic|p2a: Whimsicott
|-fail|p2a: Whimsicott|tox
|
|-heal|p1a: Alomomola|188\/501|[from] item: Leftovers
|-damage|p1a: Alomomola|126\/501|[from] Leech Seed|[of] p2a: Whimsicott
|-damage|p2a: Whimsicott|245\/261 tox|[from] psn
|turn|21
|join|R0ADY
|
|switch|p1a: Shaymin|Shaymin|257\/404
|move|p2a: Whimsicott|Moonblast|p1a: Shaymin
|-damage|p1a: Shaymin|143\/404
|-unboost|p1a: Shaymin|spa|1
|
|-heal|p2a: Whimsicott|261\/261 tox|[from] item: Leftovers
|-damage|p2a: Whimsicott|229\/261 tox|[from] psn
|turn|22
|
|move|p2a: Whimsicott|Moonblast|p1a: Shaymin
|-damage|p1a: Shaymin|32\/404
|move|p1a: Shaymin|Aromatherapy|p1a: Shaymin
|-cureteam|p1a: Shaymin|[from] move: Aromatherapy
|
|-heal|p2a: Whimsicott|245\/261 tox|[from] item: Leftovers
|-damage|p2a: Whimsicott|197\/261 tox|[from] psn
|turn|23
|
|switch|p1a: Chandelure|Chandelure, M|201\/289
|move|p2a: Whimsicott|U-turn|p1a: Chandelure
|-resisted|p1a: Chandelure
|-damage|p1a: Chandelure|192\/289
|
|switch|p2a: Zygarde|Zygarde|214\/357
|-ability|p2a: Zygarde|Aura Break
|
|-heal|p1a: Chandelure|210\/289|[from] item: Leftovers
|turn|24
|c| R0ADY|was that
|
|move|p2a: Zygarde|Earthquake|p1a: Chandelure
|-crit|p1a: Chandelure
|-supereffective|p1a: Chandelure
|-damage|p1a: Chandelure|0 fnt
|-damage|p2a: Zygarde|179\/357|[from] item: Life Orb
|faint|p1a: Chandelure
|
|c| R0ADY|a cleric shaymin
|c|âLIBERALLUCARIO|idk
|
|switch|p1a: Crobat|Crobat, F|343\/343
|turn|25
|c|âLIBERALLUCARIO|it was lo
|c|âLIBERALLUCARIO|so i doubt it
|c|âLIBERALLUCARIO|i got slapped by mirror coat alomomola
|
|switch|p2a: Forretress|Forretress, M|354\/354
|move|p1a: Crobat|Brave Bird|p2a: Forretress
|-damage|p2a: Forretress|264\/354
|-damage|p1a: Crobat|313\/343|[from] recoil|[of] p2a: Forretress
|
|-heal|p1a: Crobat|334\/343|[from] item: Black Sludge
|-heal|p2a: Forretress|286\/354|[from] item: Leftovers
|turn|26
|c| R0ADY|how bad did you tilt jesus
|c|âLIBERALLUCARIO|um
|c|âLIBERALLUCARIO|200 points or so
|c| R0ADY|damn
|
|move|p1a: Crobat|U-turn|p2a: Forretress
|-resisted|p2a: Forretress
|-damage|p2a: Forretress|267\/354
|c| R0ADY|still around the same rank as me lmao
|c|âLIBERALLUCARIO|y
|
|switch|p1a: Lucario|Lucario, F|281\/281
|move|p2a: Forretress|Volt Switch|p1a: Lucario
|-damage|p1a: Lucario|229\/281
|
|switch|p2a: Zygarde|Zygarde|179\/357
|-ability|p2a: Zygarde|Aura Break
|
|turn|27
|c| R0ADY|although i havent laddered in a good 2 weeks because of salt
|
|switch|p1a: Crobat|Crobat, F|334\/343
|move|p2a: Zygarde|Earthquake|p1a: Crobat
|-immune|p1a: Crobat|[msg]
|
|-heal|p1a: Crobat|343\/343|[from] item: Black Sludge
|turn|28
|c|âLIBERALLUCARIO|salt is what drives me away from ladder
|
|switch|p2a: Forretress|Forretress, M|267\/354
|move|p1a: Crobat|Brave Bird|p2a: Forretress
|-damage|p2a: Forretress|174\/354
|-damage|p1a: Crobat|312\/343|[from] recoil|[of] p2a: Forretress
|
|-heal|p1a: Crobat|333\/343|[from] item: Black Sludge
|-heal|p2a: Forretress|196\/354|[from] item: Leftovers
|turn|29
|c| R0ADY|ya
|
|move|p1a: Crobat|U-turn|p2a: Forretress
|-crit|p2a: Forretress
|-resisted|p2a: Forretress
|-damage|p2a: Forretress|172\/354
|
|switch|p1a: Alomomola|Alomomola, M|293\/501
|move|p2a: Forretress|Volt Switch|p1a: Alomomola
|-crit|p1a: Alomomola
|-supereffective|p1a: Alomomola
|-damage|p1a: Alomomola|167\/501
|c| R0ADY|one loss and im like fuck this im out
|
|switch|p2a: Zygarde|Zygarde|179\/357
|-ability|p2a: Zygarde|Aura Break
|
|-heal|p1a: Alomomola|198\/501|[from] item: Leftovers
|turn|30
|c| R0ADY|holy shit that just did 25%
|c| R0ADY|from a forrey
|
|switch|p1a: Crobat|Crobat, F|333\/343
|move|p2a: Zygarde|Outrage|p1a: Crobat
|-damage|p1a: Crobat|2\/343
|-damage|p2a: Zygarde|144\/357|[from] item: Life Orb
|
|-heal|p1a: Crobat|23\/343|[from] item: Black Sludge
|turn|31
|c|âLIBERALLUCARIO|lol
|c| R0ADY|crit or no crit
|c|âLIBERALLUCARIO|fuck
|c|âLIBERALLUCARIO|that
|
|move|p1a: Crobat|Brave Bird|p2a: Zygarde
|-damage|p2a: Zygarde|9\/357
|-damage|p1a: Crobat|0 fnt|[from] recoil|[of] p2a: Zygarde
|faint|p1a: Crobat
|move|p2a: Zygarde|Outrage|p1: Crobat|[notarget]
|-notarget
|
|-end|p2a: Zygarde|rampage
|-start|p2a: Zygarde|confusion
|
|switch|p1a: Lucario|Lucario, F|229\/281
|turn|32
|c| R0ADY|sky pl8?
|
|move|p1a: Lucario|Extreme Speed|p2a: Zygarde
|-damage|p2a: Zygarde|0 fnt
|-damage|p1a: Lucario|201\/281|[from] item: Life Orb
|faint|p2a: Zygarde
|
|
|switch|p2a: Whimsicott|Whimsicott, M|197\/261 tox
|turn|33
|c| R0ADY|that didnt exactly eat that up
|
|move|p1a: Lucario|Bullet Punch|p2a: Whimsicott
|-supereffective|p2a: Whimsicott
|-damage|p2a: Whimsicott|0 fnt
|-damage|p1a: Lucario|173\/281|[from] item: Life Orb
|faint|p2a: Whimsicott
|
|c| R0ADY|bp espeed
|c|âLIBERALLUCARIO|this game makes me
|c|âLIBERALLUCARIO|so sad
|
|switch|p2a: Forretress|Forretress, M|172\/354
|turn|34
|c|âLIBERALLUCARIO|i wuold have been perfectly fine
|c|âLIBERALLUCARIO|had he not had mirror coat alomomola,,,
|
|move|p1a: Lucario|Close Combat|p2a: Forretress
|-damage|p2a: Forretress|16\/354
|-unboost|p1a: Lucario|def|1
|-unboost|p1a: Lucario|spd|1
|-damage|p1a: Lucario|145\/281|[from] item: Life Orb
|move|p2a: Forretress|Volt Switch|p1a: Lucario
|-damage|p1a: Lucario|66\/281
|
|-heal|p2a: Forretress|38\/354|[from] item: Leftovers
|turn|35
|
|move|p1a: Lucario|Close Combat|p2a: Forretress
|-damage|p2a: Forretress|0 fnt
|-unboost|p1a: Lucario|def|1
|-unboost|p1a: Lucario|spd|1
|-damage|p1a: Lucario|38\/281|[from] item: Life Orb
|faint|p2a: Forretress
|
|win|namurt
|raw|Ladder updating...
|raw|namurt's rating: 1434 &rarr; <strong>1455<\/strong><br \/>(+21 for winning)
|raw|LIBERALLUCARIO's rating: 1449 &rarr; <strong>1428<\/strong><br \/>(-21 for losing)
|c| R0ADY|:(
|c|âLIBERALLUCARIO|ugh
|leave|LIBERALLUCARIO
|player|p2
|leave|R0ADY