|join|LiberalLucario
|join|Saidinmilamber
|player|p1|LiberalLucario|130
|player|p2|Saidinmilamber|290
|gametype|singles
|gen|6
|tier|UU
|rated
|rule|Sleep Clause Mod: Limit one foe put to sleep
|rule|Species Clause: Limit one of each PokÃ©mon
|rule|OHKO Clause: OHKO moves are banned
|rule|Moody Clause: Moody is banned
|rule|Evasion Moves Clause: Evasion moves are banned
|rule|Endless Battle Clause: Forcing endless battles is banned
|rule|HP Percentage Mod: HP is shown in percentages
|clearpoke
|poke|p1|Qwilfish, M
|poke|p1|Cobalion
|poke|p1|Sharpedo, F
|poke|p1|Hydreigon, M
|poke|p1|Celebi
|poke|p1|Rotom-Heat
|poke|p2|Shedinja
|poke|p2|Aggron, F, shiny
|poke|p2|Tentacruel, M
|poke|p2|Aromatisse, M, shiny
|poke|p2|Xatu, F
|poke|p2|Snorlax, F
|rule|Swagger Clause: Swagger is banned
|rule|Baton Pass Clause: Limit one PokÃ©mon knowing Baton Pass
|teampreview
|
|start
|switch|p1a: Rotom-Heat|Rotom-Heat|241\/241
|switch|p2a: Sunlight Maggot|Shedinja|1\/1
|turn|1
|
|switch|p2a: Xatu|Xatu, F|333\/333
|move|p1a: Rotom-Heat|Trick|p2a: Xatu
|-activate|p1a: Rotom-Heat|move: Trick|[of] p2a: Xatu
|-item|p2a: Xatu|Choice Specs|[from] move: Trick
|-item|p1a: Rotom-Heat|Rocky Helmet|[from] move: Trick
|
|turn|2
|
|move|p1a: Rotom-Heat|Volt Switch|p2a: Xatu
|-supereffective|p2a: Xatu
|-damage|p2a: Xatu|33\/333
|
|switch|p1a: Hydreigon|Hydreigon, M|325\/325
|move|p2a: Xatu|Toxic|p1a: Hydreigon
|-status|p1a: Hydreigon|tox
|
|-damage|p1a: Hydreigon|305\/325 tox|[from] psn
|turn|3
|
|switch|p2a: Princess Tibs|Aromatisse, M, shiny|406\/406
|move|p1a: Hydreigon|U-turn|p2a: Princess Tibs
|-resisted|p2a: Princess Tibs
|-damage|p2a: Princess Tibs|379\/406
|
|switch|p1a: Cobalion|Cobalion|386\/386
|
|-heal|p2a: Princess Tibs|404\/406|[from] item: Leftovers
|turn|4
|
|switch|p2a: Sunlight Maggot|Shedinja|1\/1
|move|p1a: Cobalion|Iron Head|p2a: Sunlight Maggot
|-activate|p2a: Sunlight Maggot|ability: Wonder Guard
|
|turn|5
|
|switch|p1a: Rotom-Heat|Rotom-Heat|241\/241
|move|p2a: Sunlight Maggot|Shadow Sneak|p1a: Rotom-Heat
|-damage|p1a: Rotom-Heat|183\/241
|-damage|p2a: Sunlight Maggot|0 fnt|[from] item: Rocky Helmet|[of] p1a: Rotom-Heat
|faint|p2a: Sunlight Maggot
|
|-message|Saidinmilamber forfeited.
|leave|Saidinmilamber
|
|win|LiberalLucario
|raw|Ladder updating...
|player|p2
|raw|LiberalLucario's rating: 1521 &rarr; <strong>1540<\/strong><br \/>(+19 for winning)
|raw|Saidinmilamber's rating: 1509 &rarr; <strong>1490<\/strong><br \/>(-19 for losing)
|join|Thisbemyalt
|join|Kleffi
|join|LessThanThreeMan
|join|IDerpy
|join|ChibiSonic
|join|Frames Janco
|join|xAristotle