|join|LiberalLucario
|join|philz
|join|drreuniclus3
|player|p1|LiberalLucario|290
|player|p2|philz|138
|gametype|singles
|gen|6
|tier|UU
|rule|Sleep Clause Mod: Limit one foe put to sleep
|rule|Species Clause: Limit one of each PokÃ©mon
|rule|OHKO Clause: OHKO moves are banned
|rule|Moody Clause: Moody is banned
|rule|Evasion Moves Clause: Evasion moves are banned
|rule|Endless Battle Clause: Forcing endless battles is banned
|rule|HP Percentage Mod: HP is shown in percentages
|clearpoke
|poke|p1|Kyurem
|poke|p1|Nidoqueen, F
|poke|p1|Celebi
|poke|p1|Machamp, M
|poke|p1|Jirachi
|poke|p1|Blastoise, M
|poke|p2|Entei, shiny
|poke|p2|Slowking, M
|poke|p2|Beedrill, F
|poke|p2|Donphan, M
|poke|p2|Hydreigon, F
|poke|p2|Jirachi, shiny
|rule|Swagger Clause: Swagger is banned
|rule|Baton Pass Clause: Limit one PokÃ©mon knowing Baton Pass
|teampreview
|join|Celsius
|join|I'M B4TMAN
|join|kekkers
|join|hxhxhxhxhxhxhx
|join|pyr0man99
|
|start
|switch|p1a: Jirachi|Jirachi|341\/341
|switch|p2a: Slowking|Slowking, M|394\/394
|turn|1
|join|ANGER MANAGEMENT
|
|move|p1a: Jirachi|U-turn|p2a: Slowking
|-supereffective|p2a: Slowking
|-damage|p2a: Slowking|216\/394
|
|switch|p1a: Kyurem|Kyurem|391\/391
|-ability|p1a: Kyurem|Pressure
|move|p2a: Slowking|Scald|p1a: Kyurem
|-resisted|p1a: Kyurem
|-damage|p1a: Kyurem|321\/391
|-status|p1a: Kyurem|brn
|
|-damage|p1a: Kyurem|273\/391 brn|[from] brn
|turn|2
|join|dodmen
|
|move|p1a: Kyurem|Earth Power|p2a: Slowking
|-damage|p2a: Slowking|119\/394
|move|p2a: Slowking|Psyshock|p1a: Kyurem
|-damage|p1a: Kyurem|132\/391 brn
|
|-damage|p1a: Kyurem|84\/391 brn|[from] brn
|turn|3
|join|skysoki
|
|switch|p1a: Blastoise|Blastoise, M|361\/361
|switch|p2a: Jirachi|Jirachi, shiny|341\/341
|
|turn|4
|
|detailschange|p1a: Blastoise|Blastoise-Mega, M
|-mega|p1a: Blastoise|Blastoise|Blastoisinite
|move|p2a: Jirachi|Calm Mind|p2a: Jirachi
|-boost|p2a: Jirachi|spa|1
|-boost|p2a: Jirachi|spd|1
|move|p1a: Blastoise|Aura Sphere|p2a: Jirachi
|-damage|p2a: Jirachi|234\/341
|
|-heal|p2a: Jirachi|255\/341|[from] item: Leftovers
|turn|5
|
|move|p2a: Jirachi|Energy Ball|p1a: Blastoise
|-supereffective|p1a: Blastoise
|-damage|p1a: Blastoise|115\/361
|move|p1a: Blastoise|Dark Pulse|p2a: Jirachi
|-supereffective|p2a: Jirachi
|-damage|p2a: Jirachi|37\/341
|
|-heal|p2a: Jirachi|58\/341|[from] item: Leftovers
|turn|6
|
|switch|p1a: Jirachi|Jirachi|341\/341
|move|p2a: Jirachi|Psyshock|p1a: Jirachi
|-resisted|p1a: Jirachi
|-damage|p1a: Jirachi|297\/341
|
|-heal|p2a: Jirachi|79\/341|[from] item: Leftovers
|turn|7
|leave|skysoki
|join|trevor ellis
|
|switch|p2a: Entei|Entei, shiny|372\/372
|-ability|p2a: Entei|Pressure
|move|p1a: Jirachi|U-turn|p2a: Entei
|-resisted|p2a: Entei
|-damage|p2a: Entei|330\/372
|
|switch|p1a: Kyurem|Kyurem|84\/391 brn
|-ability|p1a: Kyurem|Pressure
|
|-damage|p1a: Kyurem|36\/391 brn|[from] brn
|turn|8
|
|switch|p2a: Hydreigon|Hydreigon, F|325\/325
|move|p1a: Kyurem|Draco Meteor|p2a: Hydreigon
|-supereffective|p2a: Hydreigon
|-damage|p2a: Hydreigon|0 fnt
|-unboost|p1a: Kyurem|spa|2
|faint|p2a: Hydreigon
|
|-damage|p1a: Kyurem|0 fnt|[from] brn
|faint|p1a: Kyurem
|c|âphilz|ah fu
|c|âphilz|k
|c| drreuniclus3|hydra switch in?
|c| Celsius|?_?
|c|+dodmen|w o t
|c| ANGER MANAGEMENT|philz
|c| drreuniclus3|y
|c| ANGER MANAGEMENT|why
|c| Celsius|dat counter
|c| drreuniclus3|would you
|c| drreuniclus3|expect
|c|âphilz|earth power
|c|âphilz|kek
|c| drreuniclus3|an earth power
|c|+dodmen|but
|c| ANGER MANAGEMENT|he has nothing to lose by dracoing
|c| drreuniclus3|u silly
|c| trevor ellis|specs draco is stronger
|c| ANGER MANAGEMENT|he's on his last legs
|c|+dodmen|wait
|c|+dodmen|was espeed
|
|switch|p1a: Jirachi|Jirachi|297\/341
|switch|p2a: Beedrill|Beedrill, F|271\/271
|turn|9
|c|+dodmen|like
|c|âphilz|wait
|c|+dodmen|i'm not exactly sure what happened there rip
|join|IheartMagikarp
|c| ANGER MANAGEMENT|me neither
|c|âphilz|wait
|c| ANGER MANAGEMENT|happened too fast
|
|detailschange|p2a: Beedrill|Beedrill-Mega, F
|-mega|p2a: Beedrill|Beedrill|Beedrillite
|move|p2a: Beedrill|Protect|p2a: Beedrill
|-singleturn|p2a: Beedrill|Protect
|move|p1a: Jirachi|Iron Head|p2a: Beedrill
|-activate|p2a: Beedrill|Protect
|
|turn|10
|c|âphilz|wait
|c|âphilz|wait
|c|âphilz|wait
|c|âphilz|espeed
|c|âphilz|FUCK
|c| trevor ellis|hello
|c| trevor ellis|so you turned him sacing into you sacing
|c|âphilz|basically
|c|âphilz|thats what happened
|c|âphilz|yea
|c|âphilz|its like 1am
|
|switch|p1a: Nidoqueen|Nidoqueen, F|353\/353
|switch|p2a: Donphan|Donphan, M|384\/384
|
|turn|11
|c|âphilz|:<
|
|switch|p1a: Celebi|Celebi|341\/341
|move|p2a: Donphan|Earthquake|p1a: Celebi
|-resisted|p1a: Celebi
|-damage|p1a: Celebi|268\/341
|
|-heal|p1a: Celebi|289\/341|[from] item: Leftovers
|turn|12
|join|thunderkid blitz
|
|switch|p2a: Entei|Entei, shiny|330\/372
|-ability|p2a: Entei|Pressure
|move|p1a: Celebi|Seed Bomb|p2a: Entei
|-resisted|p2a: Entei
|-damage|p2a: Entei|267\/372
|
|-heal|p1a: Celebi|310\/341|[from] item: Leftovers
|turn|13
|
|switch|p1a: Blastoise|Blastoise-Mega, M|115\/361
|move|p2a: Entei|Sacred Fire|p1a: Blastoise
|-crit|p1a: Blastoise
|-resisted|p1a: Blastoise
|-damage|p1a: Blastoise|0 fnt
|-damage|p2a: Entei|230\/372|[from] item: Life Orb
|faint|p1a: Blastoise
|
|join|Thisbemyladder
|
|switch|p1a: Nidoqueen|Nidoqueen, F|353\/353
|turn|14
|
|switch|p2a: Slowking|Slowking, M|250\/394
|move|p1a: Nidoqueen|Earth Power|p2a: Slowking
|-damage|p2a: Slowking|116\/394
|
|turn|15
|join|Irosstein
|join|madoka
|
|switch|p2a: Donphan|Donphan, M|384\/384
|move|p1a: Nidoqueen|Earth Power|p2a: Donphan
|-damage|p2a: Donphan|86\/384
|
|-heal|p2a: Donphan|110\/384|[from] item: Leftovers
|turn|16
|
|move|p1a: Nidoqueen|Earth Power|p2a: Donphan
|-damage|p2a: Donphan|0 fnt
|faint|p2a: Donphan
|
|c|âphilz|ffs
|c|âphilz|cancel button
|c|âphilz|why
|c| trevor ellis|youre letting your mons take too much damage tf
|c| trevor ellis|its ogre
|join|VividLatias
|
|switch|p2a: Beedrill|Beedrill-Mega, F|271\/271
|turn|17
|c|âphilz|i never claimed
|c|âphilz|to be good
|c|âphilz|:<
|join|Oregon Ducks
|join|LeviathanRanger9
|
|move|p2a: Beedrill|U-turn|p1a: Nidoqueen
|-resisted|p1a: Nidoqueen
|-damage|p1a: Nidoqueen|244\/353
|
|switch|p2a: Slowking|Slowking, M|247\/394
|move|p1a: Nidoqueen|Earth Power|p2a: Slowking
|-damage|p2a: Slowking|125\/394
|
|turn|18
|join|skysoki
|leave|kekkers
|join|Gernemi
|
|move|p1a: Nidoqueen|Earth Power|p2a: Slowking
|-damage|p2a: Slowking|0 fnt
|faint|p2a: Slowking
|
|
|switch|p2a: Entei|Entei, shiny|230\/372
|-ability|p2a: Entei|Pressure
|turn|19
|c| I'M B4TMAN|no regen?
|c| I'M B4TMAN|oh nvm he took 2 i was afk
|c|+dodmen|welp
|
|move|p2a: Entei|Sacred Fire|p1a: Nidoqueen
|-damage|p1a: Nidoqueen|0 fnt
|-damage|p2a: Entei|193\/372|[from] item: Life Orb
|faint|p1a: Nidoqueen
|
|c| hxhxhxhxhxhxhx|does that not win
|
|switch|p1a: Celebi|Celebi|310\/341
|turn|20
|c|âphilz|rachi is scarf
|c| hxhxhxhxhxhxhx|u resist
|c| trevor ellis|after lo hits
|c| hxhxhxhxhxhxhx|idk i didnt pay attention to what happend
|
|switch|p2a: Jirachi|Jirachi, shiny|79\/341
|move|p1a: Celebi|Zen Headbutt|p2a: Jirachi
|-resisted|p2a: Jirachi
|-damage|p2a: Jirachi|49\/341
|
|-heal|p2a: Jirachi|70\/341|[from] item: Leftovers
|-heal|p1a: Celebi|331\/341|[from] item: Leftovers
|turn|21
|c| trevor ellis|sd pass
|
|move|p1a: Celebi|Swords Dance|p1a: Celebi
|-boost|p1a: Celebi|atk|2
|move|p2a: Jirachi|Moonblast|p1a: Celebi
|-damage|p1a: Celebi|235\/341
|-unboost|p1a: Celebi|spa|1
|
|-heal|p2a: Jirachi|91\/341|[from] item: Leftovers
|-heal|p1a: Celebi|256\/341|[from] item: Leftovers
|turn|22
|c| trevor ellis|gg
|c| Gernemi|It's all kyogre now
|c| hxhxhxhxhxhxhx|just fire punch the switch in
|c| hxhxhxhxhxhxhx|:^
|c|âphilz|>fire punch
|c| I'M B4TMAN|doesnt kill
|c|âphilz|>fire punch
|c| trevor ellis|moonblast fire punch mix rachi new meta
|
|switch|p2a: Beedrill|Beedrill-Mega, F|271\/271
|move|p1a: Celebi|Seed Bomb|p2a: Beedrill
|-resisted|p2a: Beedrill
|-damage|p2a: Beedrill|161\/271
|
|-heal|p1a: Celebi|277\/341|[from] item: Leftovers
|turn|23
|c| ANGER MANAGEMENT|eat this sucker
|
|move|p1a: Celebi|Sucker Punch|p2a: Beedrill
|-damage|p2a: Beedrill|0 fnt
|faint|p2a: Beedrill
|
|-heal|p1a: Celebi|298\/341|[from] item: Leftovers
|c|âphilz|WHAT
|c|âphilz|IT GETS
|c|âphilz|THAT
|c| Irosstein|:[
|c| ANGER MANAGEMENT|lol
|c| I'M B4TMAN|surprise
|c| ANGER MANAGEMENT|even warned you
|
|switch|p2a: Entei|Entei, shiny|193\/372
|-ability|p2a: Entei|Pressure
|turn|24
|c| hxhxhxhxhxhxhx|lo!l.
|c| trevor ellis|sucke
|c| trevor ellis|u want him to take lo
|
|move|p1a: Celebi|Zen Headbutt|p2a: Entei|[miss]
|-miss|p1a: Celebi|p2a: Entei
|move|p2a: Entei|Sacred Fire|p1a: Celebi|[miss]
|-miss|p2a: Entei|p1a: Celebi
|
|-heal|p1a: Celebi|319\/341|[from] item: Leftovers
|turn|25
|c|âphilz|lel
|
|move|p1a: Celebi|Zen Headbutt|p2a: Entei
|-damage|p2a: Entei|0 fnt
|faint|p2a: Entei
|
|-heal|p1a: Celebi|340\/341|[from] item: Leftovers
|leave|hxhxhxhxhxhxhx
|
|switch|p2a: Jirachi|Jirachi, shiny|91\/341
|turn|26
|c|âphilz|gg
|leave|LeviathanRanger9
|
|move|p2a: Jirachi|Moonblast|p1a: Celebi
|-damage|p1a: Celebi|249\/341
|-unboost|p1a: Celebi|spa|1
|move|p1a: Celebi|Seed Bomb|p2a: Jirachi
|-resisted|p2a: Jirachi
|-damage|p2a: Jirachi|0 fnt
|faint|p2a: Jirachi
|
|win|LiberalLucario
|leave|trevor ellis
|leave|I'M B4TMAN
|leave|ANGER MANAGEMENT
|leave|LiberalLucario
|leave|philz
|player|p1
|leave|Gernemi
|player|p2
|leave|Oregon Ducks