|join|LiberalLucario
|join|Lucipurrr
|player|p1|LiberalLucario|290
|player|p2|Lucipurrr|77
|gametype|singles
|gen|6
|tier|UU
|rule|Sleep Clause Mod: Limit one foe put to sleep
|rule|Species Clause: Limit one of each PokÃ©mon
|rule|OHKO Clause: OHKO moves are banned
|rule|Moody Clause: Moody is banned
|rule|Evasion Moves Clause: Evasion moves are banned
|rule|Endless Battle Clause: Forcing endless battles is banned
|rule|HP Percentage Mod: HP is shown in percentages
|clearpoke
|poke|p1|Kyurem
|poke|p1|Nidoqueen, F
|poke|p1|Celebi
|poke|p1|Machamp, F
|poke|p1|Jirachi
|poke|p1|Blastoise, F
|poke|p2|Serperior, M, shiny
|poke|p2|Ampharos, M
|poke|p2|Vaporeon, M
|poke|p2|Gligar, M
|poke|p2|Mawile, F, shiny
|poke|p2|Machamp, F
|rule|Swagger Clause: Swagger is banned
|rule|Baton Pass Clause: Limit one PokÃ©mon knowing Baton Pass
|teampreview
|join|hilarious
|join|Wolfenstein
|join|sniperaim
|
|start
|switch|p1a: Blastoise|Blastoise, F|361\/361
|switch|p2a: Ampharos|Ampharos, M|374\/374
|turn|1
|
|switch|p1a: Machamp|Machamp, F|364\/364
|detailschange|p2a: Ampharos|Ampharos-Mega, M
|-mega|p2a: Ampharos|Ampharos|Ampharosite
|-ability|p2a: Ampharos|Mold Breaker
|move|p2a: Ampharos|Volt Switch|p1a: Machamp
|-damage|p1a: Machamp|244\/364
|
|switch|p2a: Machamp|Machamp, F|363\/363
|
|turn|2
|join|philz
|c| philz|THIS MAN
|c| philz|IS A CHEATER
|c|âLucipurrr|lol
|
|move|p2a: Machamp|Dynamic Punch|p1a: Machamp
|-damage|p1a: Machamp|0 fnt
|faint|p1a: Machamp
|
|c|âLucipurrr|zzzzz
|
|switch|p1a: Celebi|Celebi|341\/341
|turn|3
|
|switch|p2a: Mawile|Mawile, F, shiny|303\/303
|move|p1a: Celebi|Zen Headbutt|p2a: Mawile
|-resisted|p2a: Mawile
|-damage|p2a: Mawile|235\/303
|
|turn|4
|join|drreuniclus3
|join|bad stall team
|
|switch|p1a: Jirachi|Jirachi|341\/341
|move|p2a: Mawile|Crunch|p1a: Jirachi
|-supereffective|p1a: Jirachi
|-damage|p1a: Jirachi|63\/341
|
|turn|5
|
|switch|p1a: Nidoqueen|Nidoqueen, F|353\/353
|move|p2a: Mawile|Fire Fang|p1a: Nidoqueen
|-damage|p1a: Nidoqueen|240\/353
|
|turn|6
|
|switch|p2a: Gligar|Gligar, M|334\/334
|move|p1a: Nidoqueen|Earth Power|p2a: Gligar
|-immune|p2a: Gligar|[msg]
|
|turn|7
|c| Wolfenstein|wait
|
|move|p1a: Nidoqueen|Stealth Rock|p2a: Gligar
|-sidestart|p2: Lucipurrr|move: Stealth Rock
|move|p2a: Gligar|Earthquake|p1a: Nidoqueen
|-supereffective|p1a: Nidoqueen
|-damage|p1a: Nidoqueen|40\/353
|
|turn|8
|c| Wolfenstein|why do you have mawile
|c| Wolfenstein|O.o
|c| drreuniclus3|why not
|
|move|p1a: Nidoqueen|Sludge Wave|p2a: Gligar
|-resisted|p2a: Gligar
|-damage|p2a: Gligar|256\/334
|move|p2a: Gligar|Earthquake|p1a: Nidoqueen
|-crit|p1a: Nidoqueen
|-supereffective|p1a: Nidoqueen
|-damage|p1a: Nidoqueen|0 fnt
|faint|p1a: Nidoqueen
|
|c| philz|because mawile is uu
|c|âLucipurrr|^
|c| Wolfenstein|well you got me ther
|c| hilarious|nice ice beam
|
|switch|p1a: Kyurem|Kyurem|391\/391
|-ability|p1a: Kyurem|Pressure
|turn|9
|leave|bad stall team
|
|switch|p2a: Mawile|Mawile, F, shiny|235\/303
|-damage|p2a: Mawile|217\/303|[from] Stealth Rock
|move|p1a: Kyurem|Ice Beam|p2a: Mawile
|-resisted|p2a: Mawile
|-damage|p2a: Mawile|29\/303
|
|turn|10
|
|move|p1a: Kyurem|Ice Beam|p2a: Mawile
|-resisted|p2a: Mawile
|-damage|p2a: Mawile|0 fnt
|faint|p2a: Mawile
|
|c| hilarious|nice resist
|join|dodmen
|c|âLucipurrr|Speed though
|
|switch|p2a: Machamp|Machamp, F|363\/363
|-damage|p2a: Machamp|341\/363|[from] Stealth Rock
|turn|11
|c| hilarious|freeze here
|
|switch|p1a: Blastoise|Blastoise, F|361\/361
|move|p2a: Machamp|Knock Off|p1a: Blastoise
|-damage|p1a: Blastoise|240\/361
|
|turn|12
|join|amg
|join|hxhxhxhxhxhxhx
|c|âLucipurrr|lol
|
|switch|p2a: Serperior|Serperior, M, shiny|291\/291
|-damage|p2a: Serperior|255\/291|[from] Stealth Rock
|detailschange|p1a: Blastoise|Blastoise-Mega, F
|-mega|p1a: Blastoise|Blastoise|Blastoisinite
|move|p1a: Blastoise|Scald|p2a: Serperior
|-resisted|p2a: Serperior
|-damage|p2a: Serperior|176\/291
|
|turn|13
|join|Meruu
|
|switch|p1a: Celebi|Celebi|341\/341
|move|p2a: Serperior|Leaf Storm|p1a: Celebi|[miss]
|-miss|p2a: Serperior|p1a: Celebi
|
|turn|14
|
|move|p2a: Serperior|Hidden Power|p1a: Celebi
|-supereffective|p1a: Celebi
|-damage|p1a: Celebi|211\/341
|-damage|p2a: Serperior|147\/291|[from] item: Life Orb
|move|p1a: Celebi|Swords Dance|p1a: Celebi
|-boost|p1a: Celebi|atk|2
|
|-heal|p1a: Celebi|232\/341|[from] item: Leftovers
|turn|15
|c| hilarious|nice avoid
|join|Pink Core Is Back
|
|switch|p2a: Ampharos|Ampharos-Mega, M|374\/374
|-damage|p2a: Ampharos|328\/374|[from] Stealth Rock
|-ability|p2a: Ampharos|Mold Breaker
|move|p1a: Celebi|Swords Dance|p1a: Celebi
|-boost|p1a: Celebi|atk|2
|
|-heal|p1a: Celebi|253\/341|[from] item: Leftovers
|turn|16
|
|move|p1a: Celebi|Zen Headbutt|p2a: Ampharos|[miss]
|-miss|p1a: Celebi|p2a: Ampharos
|move|p2a: Ampharos|Thunderbolt|p1a: Celebi
|-resisted|p1a: Celebi
|-damage|p1a: Celebi|151\/341
|-status|p1a: Celebi|par
|
|-heal|p1a: Celebi|172\/341 par|[from] item: Leftovers
|turn|17
|c| Wolfenstein|rip
|
|move|p2a: Ampharos|Dragon Pulse|p1a: Celebi
|-damage|p1a: Celebi|0 fnt
|faint|p1a: Celebi
|
|
|switch|p1a: Kyurem|Kyurem|391\/391
|-ability|p1a: Kyurem|Pressure
|turn|18
|
|move|p1a: Kyurem|Dragon Pulse|p2a: Ampharos
|-supereffective|p2a: Ampharos
|-damage|p2a: Ampharos|0 fnt
|faint|p2a: Ampharos
|
|
|switch|p2a: Machamp|Machamp, F|341\/363
|-damage|p2a: Machamp|319\/363|[from] Stealth Rock
|turn|19
|
|switch|p1a: Blastoise|Blastoise-Mega, F|240\/361
|move|p2a: Machamp|Dynamic Punch|p1a: Blastoise
|-damage|p1a: Blastoise|0 fnt
|faint|p1a: Blastoise
|
|c| philz|u c what i mean lib
|c| philz|fukn cheat
|c|âLucipurrr|lol
|c| amg|why does that kill
|c| amg|what is uu
|c| amg|???
|c| hilarious|choice band guts dynamic punch
|c| hxhxhxhxhxhxhx|play this tier with random team from forum
|c| hxhxhxhxhxhxhx|then u will figure out how it works
|c|âLucipurrr|I made this team, lol.
|c| amg|sure u dud
|c|âLucipurrr|I did...
|
|switch|p1a: Kyurem|Kyurem|391\/391
|-ability|p1a: Kyurem|Pressure
|turn|20
|c| hilarious|dont be mean
|c|âLucipurrr|Who the fuck would put Mawile on a forum team
|c| amg|there are people
|c| amg|who do that
|c|âLucipurrr|Like?
|c| hilarious|idk mawile looks a little underrated
|c| philz|no matter mawile
|c| hxhxhxhxhxhxhx|dont mind him he is being like that always cuz he is a faggÂ­Â­ot
|
|move|p1a: Kyurem|Draco Meteor|p2a: Machamp
|-damage|p2a: Machamp|0 fnt
|-unboost|p1a: Kyurem|spa|2
|faint|p2a: Machamp
|
|c| philz|who the fuck would put serperior on a team
|c| amg|you dont even me hxhxhxhx
|c| amg|ur not allowed to call me a poopyhead
|c| amg|wait
|c| hxhxhxhxhxhxhx|rofl
|c|âLucipurrr|Like, I literally made this team last night, to try out pokes I don't normally use
|c| amg|how can u call me fag got
|
|switch|p2a: Vaporeon|Vaporeon, M|464\/464
|-damage|p2a: Vaporeon|406\/464|[from] Stealth Rock
|turn|21
|c| hxhxhxhxhxhxhx|sekrit
|
|switch|p1a: Jirachi|Jirachi|63\/341
|move|p2a: Vaporeon|Scald|p1a: Jirachi
|-damage|p1a: Jirachi|0 fnt
|faint|p1a: Jirachi
|
|-heal|p2a: Vaporeon|435\/464|[from] item: Leftovers
|
|switch|p1a: Kyurem|Kyurem|391\/391
|-ability|p1a: Kyurem|Pressure
|turn|22
|c| amg|imma make my own team
|
|move|p2a: Vaporeon|Protect|p2a: Vaporeon
|-singleturn|p2a: Vaporeon|Protect
|move|p1a: Kyurem|Dragon Pulse|p2a: Vaporeon
|-activate|p2a: Vaporeon|Protect
|
|-heal|p2a: Vaporeon|464\/464|[from] item: Leftovers
|turn|23
|c| amg|and destroy the uu tier
|c| amg|gg
|leave|hxhxhxhxhxhxhx
|
|switch|p2a: Gligar|Gligar, M|256\/334
|-damage|p2a: Gligar|215\/334|[from] Stealth Rock
|move|p1a: Kyurem|Dragon Pulse|p2a: Gligar
|-crit|p2a: Gligar
|-damage|p2a: Gligar|0 fnt
|faint|p2a: Gligar
|
|
|switch|p2a: Serperior|Serperior, M, shiny|147\/291
|-damage|p2a: Serperior|111\/291|[from] Stealth Rock
|turn|24
|
|move|p2a: Serperior|Dragon Pulse|p1a: Kyurem
|-supereffective|p1a: Kyurem
|-damage|p1a: Kyurem|178\/391
|-damage|p2a: Serperior|82\/291|[from] item: Life Orb
|move|p1a: Kyurem|Dragon Pulse|p2a: Serperior
|-damage|p2a: Serperior|0 fnt
|faint|p2a: Serperior
|
|
|switch|p2a: Vaporeon|Vaporeon, M|464\/464
|-damage|p2a: Vaporeon|406\/464|[from] Stealth Rock
|turn|25
|c|âLucipurrr|gg
|
|move|p1a: Kyurem|Dragon Pulse|p2a: Vaporeon
|-damage|p2a: Vaporeon|208\/464
|move|p2a: Vaporeon|Scald|p1a: Kyurem
|-resisted|p1a: Kyurem
|-damage|p1a: Kyurem|126\/391
|
|-heal|p2a: Vaporeon|237\/464|[from] item: Leftovers
|turn|26
|c| hilarious|crit dragon pulse
|c|+dodmen|implying
|c| amg|wish
|
|move|p2a: Vaporeon|Protect|p2a: Vaporeon
|-singleturn|p2a: Vaporeon|Protect
|move|p1a: Kyurem|Dragon Pulse|p2a: Vaporeon
|-activate|p2a: Vaporeon|Protect
|
|-heal|p2a: Vaporeon|266\/464|[from] item: Leftovers
|turn|27
|c|+dodmen|someone has won
|join|Oregon Ducks
|c|âLucipurrr|Eh
|c|âLucipurrr|It was close
|
|move|p1a: Kyurem|Dragon Pulse|p2a: Vaporeon
|-damage|p2a: Vaporeon|50\/464
|move|p2a: Vaporeon|Wish|p2a: Vaporeon
|
|-heal|p2a: Vaporeon|79\/464|[from] item: Leftovers
|turn|28
|c|+dodmen|implying
|c|+dodmen|it's over
|c|âLucipurrr|I'm not sure where I fucked up though
|c|âLucipurrr|going to have to rewatch
|
|move|p2a: Vaporeon|Protect|p2a: Vaporeon
|-singleturn|p2a: Vaporeon|Protect
|move|p1a: Kyurem|Dragon Pulse|p2a: Vaporeon
|-activate|p2a: Vaporeon|Protect
|
|-heal|p2a: Vaporeon|311\/464|[from] move: Wish|[wisher] Vaporeon
|-heal|p2a: Vaporeon|340\/464|[from] item: Leftovers
|turn|29
|c| amg|team watchup
|c| amg|matchup
|
|move|p1a: Kyurem|Dragon Pulse|p2a: Vaporeon
|-damage|p2a: Vaporeon|123\/464
|move|p2a: Vaporeon|Scald|p1a: Kyurem
|-resisted|p1a: Kyurem
|-damage|p1a: Kyurem|69\/391
|
|-heal|p2a: Vaporeon|152\/464|[from] item: Leftovers
|turn|30
|
|move|p2a: Vaporeon|Protect|p2a: Vaporeon
|-singleturn|p2a: Vaporeon|Protect
|move|p1a: Kyurem|Dragon Pulse|p2a: Vaporeon
|-activate|p2a: Vaporeon|Protect
|
|-heal|p2a: Vaporeon|181\/464|[from] item: Leftovers
|turn|31
|c|+dodmen|my face when
|c|âLucipurrr|I really need burn lmao
|leave|Wolfenstein
|c| hilarious|what happaned
|join|hxhxhxhxhxhxhx
|c|âLucipurrr|gg though =\/
|c|âLucipurrr|was close
|
|move|p1a: Kyurem|Dragon Pulse|p2a: Vaporeon
|-damage|p2a: Vaporeon|0 fnt
|faint|p2a: Vaporeon
|
|win|LiberalLucario
|c| hilarious|why did vaporeon become all weak
|leave|LiberalLucario
|leave|hxhxhxhxhxhxhx
|leave|philz
|player|p1
|leave|hilarious
|leave|Oregon Ducks
|leave|Pink Core Is Back