|join|LiberalLucario
|join|BoJackHorsesemen
|player|p1|LiberalLucario|290
|player|p2|BoJackHorsesemen|266
|gametype|singles
|gen|6
|tier|UU
|rated
|rule|Sleep Clause Mod: Limit one foe put to sleep
|rule|Species Clause: Limit one of each PokÃ©mon
|rule|OHKO Clause: OHKO moves are banned
|rule|Moody Clause: Moody is banned
|rule|Evasion Moves Clause: Evasion moves are banned
|rule|Endless Battle Clause: Forcing endless battles is banned
|rule|HP Percentage Mod: HP is shown in percentages
|clearpoke
|poke|p1|Ampharos, M
|poke|p1|Machamp, M
|poke|p1|Crobat, M
|poke|p1|Swampert, M
|poke|p1|Jirachi
|poke|p1|Celebi
|poke|p2|Suicune, shiny
|poke|p2|Jirachi, shiny
|poke|p2|Krookodile, F, shiny
|poke|p2|Starmie, shiny
|poke|p2|Arcanine, F, shiny
|poke|p2|Aerodactyl, F, shiny
|rule|Swagger Clause: Swagger is banned
|rule|Baton Pass Clause: Limit one PokÃ©mon knowing Baton Pass
|teampreview
|
|start
|switch|p1a: Machampion|Machamp, M|364\/364
|switch|p2a: Gigglez|Aerodactyl, F, shiny|308\/308
|turn|1
|
|switch|p1a: Swampathetic|Swampert, M|404\/404
|detailschange|p2a: Gigglez|Aerodactyl-Mega, F, shiny
|-mega|p2a: Gigglez|Aerodactyl|Aerodactylite
|move|p2a: Gigglez|Aerial Ace|p1a: Swampathetic
|-damage|p1a: Swampathetic|299\/404
|
|-heal|p1a: Swampathetic|324\/404|[from] item: Leftovers
|turn|2
|
|switch|p2a: Sweets|Suicune, shiny|391\/391
|-ability|p2a: Sweets|Pressure
|move|p1a: Swampathetic|Stealth Rock|p2a: Sweets
|-sidestart|p2: BoJackHorsesemen|move: Stealth Rock
|
|-heal|p1a: Swampathetic|349\/404|[from] item: Leftovers
|turn|3
|
|switch|p1a: Celebrity|Celebi|341\/341
|move|p2a: Sweets|Calm Mind|p2a: Sweets
|-boost|p2a: Sweets|spa|1
|-boost|p2a: Sweets|spd|1
|
|turn|4
|
|move|p1a: Celebrity|Swords Dance|p1a: Celebrity
|-boost|p1a: Celebrity|atk|2
|move|p2a: Sweets|Ice Beam|p1a: Celebrity
|-supereffective|p1a: Celebrity
|-damage|p1a: Celebrity|83\/341
|
|-heal|p1a: Celebrity|104\/341|[from] item: Leftovers
|turn|5
|
|move|p1a: Celebrity|Seed Bomb|p2a: Sweets
|-supereffective|p2a: Sweets
|-damage|p2a: Sweets|0 fnt
|faint|p2a: Sweets
|
|-heal|p1a: Celebrity|125\/341|[from] item: Leftovers
|
|switch|p2a: Hamburgler|Krookodile, F, shiny|331\/331
|-damage|p2a: Hamburgler|311\/331|[from] Stealth Rock
|turn|6
|
|switch|p1a: Swampathetic|Swampert, M|349\/404
|move|p2a: Hamburgler|Knock Off|p1a: Swampathetic
|-damage|p1a: Swampathetic|231\/404
|-enditem|p1a: Swampathetic|Leftovers|[from] move: Knock Off|[of] p2a: Hamburgler
|
|turn|7
|
|switch|p2a: Slickback|Starmie, shiny|262\/262
|-damage|p2a: Slickback|230\/262|[from] Stealth Rock
|move|p1a: Swampathetic|Scald|p2a: Slickback
|-resisted|p2a: Slickback
|-damage|p2a: Slickback|187\/262
|
|turn|8
|
|switch|p1a: Celebrity|Celebi|125\/341
|move|p2a: Slickback|Hydro Pump|p1a: Celebrity
|-resisted|p1a: Celebrity
|-damage|p1a: Celebrity|12\/341
|-damage|p2a: Slickback|161\/262|[from] item: Life Orb
|
|-heal|p1a: Celebrity|33\/341|[from] item: Leftovers
|turn|9
|
|move|p1a: Celebrity|Sucker Punch|p2a: Slickback
|-supereffective|p2a: Slickback
|-damage|p2a: Slickback|0 fnt
|faint|p2a: Slickback
|
|-heal|p1a: Celebrity|54\/341|[from] item: Leftovers
|
|switch|p2a: Beavis|Arcanine, F, shiny|321\/321
|-damage|p2a: Beavis|241\/321|[from] Stealth Rock
|-ability|p2a: Beavis|Intimidate|[of] p1a: Celebrity
|-unboost|p1a: Celebrity|atk|1
|turn|10
|
|move|p1a: Celebrity|Zen Headbutt|p2a: Beavis
|-damage|p2a: Beavis|150\/321
|move|p2a: Beavis|Flare Blitz|p1a: Celebrity
|-supereffective|p1a: Celebrity
|-damage|p1a: Celebrity|0 fnt
|-damage|p2a: Beavis|132\/321|[from] recoil|[of] p1a: Celebrity
|-damage|p2a: Beavis|100\/321|[from] item: Life Orb
|faint|p1a: Celebrity
|
|
|switch|p1a: Brobattington|Crobat, M|363\/363
|turn|11
|
|switch|p2a: Beerachi|Jirachi, shiny|404\/404
|-damage|p2a: Beerachi|379\/404|[from] Stealth Rock
|move|p1a: Brobattington|Brave Bird|p2a: Beerachi
|-resisted|p2a: Beerachi
|-damage|p2a: Beerachi|308\/404
|-damage|p1a: Brobattington|340\/363|[from] recoil|[of] p2a: Beerachi
|
|-heal|p1a: Brobattington|362\/363|[from] item: Black Sludge
|-heal|p2a: Beerachi|333\/404|[from] item: Leftovers
|turn|12
|
|move|p1a: Brobattington|U-turn|p2a: Beerachi
|-damage|p2a: Beerachi|281\/404
|
|switch|p1a: Ampherotic|Ampharos, M|369\/369
|move|p2a: Beerachi|Stealth Rock|p1a: Ampherotic
|-sidestart|p1: LiberalLucario|move: Stealth Rock
|
|-heal|p2a: Beerachi|306\/404|[from] item: Leftovers
|turn|13
|
|detailschange|p1a: Ampherotic|Ampharos-Mega, M
|-mega|p1a: Ampherotic|Ampharos|Ampharosite
|-ability|p1a: Ampherotic|Mold Breaker
|move|p2a: Beerachi|Wish|p2a: Beerachi
|move|p1a: Ampherotic|Dragon Pulse|p2a: Beerachi
|-resisted|p2a: Beerachi
|-damage|p2a: Beerachi|239\/404
|
|-heal|p2a: Beerachi|264\/404|[from] item: Leftovers
|turn|14
|
|move|p2a: Beerachi|Moonblast|p1a: Ampherotic
|-supereffective|p1a: Ampherotic
|-damage|p1a: Ampherotic|221\/369
|-unboost|p1a: Ampherotic|spa|1
|move|p1a: Ampherotic|Thunderbolt|p2a: Beerachi
|-damage|p2a: Beerachi|165\/404
|
|-heal|p2a: Beerachi|367\/404|[from] move: Wish|[wisher] Beerachi
|-heal|p2a: Beerachi|392\/404|[from] item: Leftovers
|turn|15
|
|switch|p1a: Swampathetic|Swampert, M|231\/404
|-damage|p1a: Swampathetic|206\/404|[from] Stealth Rock
|move|p2a: Beerachi|Wish|p2a: Beerachi
|
|-heal|p2a: Beerachi|404\/404|[from] item: Leftovers
|turn|16
|
|move|p2a: Beerachi|Moonblast|p1a: Swampathetic
|-crit|p1a: Swampathetic
|-damage|p1a: Swampathetic|88\/404
|move|p1a: Swampathetic|Scald|p2a: Beerachi
|-damage|p2a: Beerachi|310\/404
|-status|p2a: Beerachi|brn
|
|-heal|p2a: Beerachi|404\/404 brn|[from] move: Wish|[wisher] Beerachi
|-damage|p2a: Beerachi|354\/404 brn|[from] brn
|turn|17
|
|move|p2a: Beerachi|Moonblast|p1a: Swampathetic
|-damage|p1a: Swampathetic|0 fnt
|faint|p1a: Swampathetic
|
|-heal|p2a: Beerachi|379\/404 brn|[from] item: Leftovers
|-damage|p2a: Beerachi|329\/404 brn|[from] brn
|
|switch|p1a: Machampion|Machamp, M|364\/364
|-damage|p1a: Machampion|342\/364|[from] Stealth Rock
|turn|18
|
|switch|p2a: Gigglez|Aerodactyl-Mega, F, shiny|308\/308
|-damage|p2a: Gigglez|231\/308|[from] Stealth Rock
|move|p1a: Machampion|Knock Off|p2a: Gigglez
|-crit|p2a: Gigglez
|-damage|p2a: Gigglez|84\/308
|
|turn|19
|
|move|p1a: Machampion|Bullet Punch|p2a: Gigglez
|-supereffective|p2a: Gigglez
|-damage|p2a: Gigglez|0 fnt
|faint|p2a: Gigglez
|
|
|switch|p2a: Hamburgler|Krookodile, F, shiny|311\/331
|-damage|p2a: Hamburgler|291\/331|[from] Stealth Rock
|turn|20
|
|switch|p1a: Brobattington|Crobat, M|362\/363
|-damage|p1a: Brobattington|272\/363|[from] Stealth Rock
|move|p2a: Hamburgler|Knock Off|p1a: Brobattington
|-damage|p1a: Brobattington|86\/363
|-enditem|p1a: Brobattington|Black Sludge|[from] move: Knock Off|[of] p2a: Hamburgler
|
|turn|21
|
|move|p2a: Hamburgler|Knock Off|p1a: Brobattington
|-crit|p1a: Brobattington
|-damage|p1a: Brobattington|0 fnt
|faint|p1a: Brobattington
|-boost|p2a: Hamburgler|atk|1|[from] ability: Moxie
|
|
|switch|p1a: Machampion|Machamp, M|342\/364
|-damage|p1a: Machampion|320\/364|[from] Stealth Rock
|turn|22
|
|switch|p2a: Beerachi|Jirachi, shiny|329\/404 brn
|-damage|p2a: Beerachi|304\/404 brn|[from] Stealth Rock
|move|p1a: Machampion|Close Combat|p2a: Beerachi
|-damage|p2a: Beerachi|81\/404 brn
|-unboost|p1a: Machampion|def|1
|-unboost|p1a: Machampion|spd|1
|
|-heal|p2a: Beerachi|106\/404 brn|[from] item: Leftovers
|-damage|p2a: Beerachi|56\/404 brn|[from] brn
|turn|23
|
|switch|p1a: Jirasta|Jirachi|341\/341
|-damage|p1a: Jirasta|320\/341|[from] Stealth Rock
|move|p2a: Beerachi|Wish|p2a: Beerachi
|
|-heal|p2a: Beerachi|81\/404 brn|[from] item: Leftovers
|-damage|p2a: Beerachi|31\/404 brn|[from] brn
|turn|24
|
|move|p2a: Beerachi|Protect|p2a: Beerachi
|-singleturn|p2a: Beerachi|Protect
|move|p1a: Jirasta|Fire Punch|p2a: Beerachi
|-activate|p2a: Beerachi|Protect
|
|-heal|p2a: Beerachi|233\/404 brn|[from] move: Wish|[wisher] Beerachi
|-heal|p2a: Beerachi|258\/404 brn|[from] item: Leftovers
|-damage|p2a: Beerachi|208\/404 brn|[from] brn
|turn|25
|
|switch|p2a: Beavis|Arcanine, F, shiny|100\/321
|-damage|p2a: Beavis|20\/321|[from] Stealth Rock
|-ability|p2a: Beavis|Intimidate|[of] p1a: Jirasta
|-unboost|p1a: Jirasta|atk|1
|move|p1a: Jirasta|Fire Punch|p2a: Beavis
|-resisted|p2a: Beavis
|-damage|p2a: Beavis|0 fnt
|faint|p2a: Beavis
|
|
|switch|p2a: Hamburgler|Krookodile, F, shiny|291\/331
|-damage|p2a: Hamburgler|271\/331|[from] Stealth Rock
|turn|26
|
|switch|p1a: Ampherotic|Ampharos-Mega, M|221\/369
|-damage|p1a: Ampherotic|175\/369|[from] Stealth Rock
|-ability|p1a: Ampherotic|Mold Breaker
|move|p2a: Hamburgler|Earthquake|p1a: Ampherotic
|-crit|p1a: Ampherotic
|-supereffective|p1a: Ampherotic
|-damage|p1a: Ampherotic|0 fnt
|faint|p1a: Ampherotic
|-boost|p2a: Hamburgler|atk|1|[from] ability: Moxie
|
|
|switch|p1a: Jirasta|Jirachi|320\/341
|-damage|p1a: Jirasta|299\/341|[from] Stealth Rock
|turn|27
|
|move|p1a: Jirasta|Iron Head|p2a: Hamburgler
|-damage|p2a: Hamburgler|126\/331
|move|p2a: Hamburgler|Earthquake|p1a: Jirasta
|-supereffective|p1a: Jirasta
|-damage|p1a: Jirasta|0 fnt
|faint|p1a: Jirasta
|-boost|p2a: Hamburgler|atk|1|[from] ability: Moxie
|
|c|âBoJackHorsesemen|boo yeah
|
|switch|p1a: Machampion|Machamp, M|320\/364
|-damage|p1a: Machampion|298\/364|[from] Stealth Rock
|turn|28
|
|move|p2a: Hamburgler|Earthquake|p1a: Machampion
|-damage|p1a: Machampion|0 fnt
|faint|p1a: Machampion
|-boost|p2a: Hamburgler|atk|1|[from] ability: Moxie
|
|win|BoJackHorsesemen
|raw|Ladder updating...
|raw|LiberalLucario's rating: 1404 &rarr; <strong>1375<\/strong><br \/>(-29 for losing)
|raw|BoJackHorsesemen's rating: 1239 &rarr; <strong>1275<\/strong><br \/>(+36 for winning)
|leave|LiberalLucario
|c|âBoJackHorsesemen|gg
|player|p1