|join|LiberalLucario
|join|clickdraco.exe
|player|p1|LiberalLucario|290
|player|p2|clickdraco.exe|293
|gametype|singles
|gen|6
|tier|UU
|rule|Sleep Clause Mod: Limit one foe put to sleep
|rule|Species Clause: Limit one of each PokÃ©mon
|rule|OHKO Clause: OHKO moves are banned
|rule|Moody Clause: Moody is banned
|rule|Evasion Moves Clause: Evasion moves are banned
|rule|Endless Battle Clause: Forcing endless battles is banned
|rule|HP Percentage Mod: HP is shown in percentages
|clearpoke
|poke|p1|Virizion
|poke|p1|Ampharos, F
|poke|p1|Jirachi
|poke|p1|Entei, shiny
|poke|p1|Crobat, M
|poke|p1|Suicune
|poke|p2|Swampert, M
|poke|p2|Florges, F
|poke|p2|Forretress, M
|poke|p2|Beedrill, F
|poke|p2|Haxorus, M
|poke|p2|Rotom-Heat
|rule|Swagger Clause: Swagger is banned
|rule|Baton Pass Clause: Limit one PokÃ©mon knowing Baton Pass
|teampreview
|join|Gay Bear Sex
|leave|Gay Bear Sex
|join|Munkin
|c| Munkin|hi liblub
|join|Meruu
|c|âclickdraco.exe|have fun
|join|MrBubbles25
|c|âLiberalLucario|fuk the > on one of my nicknames didnt show up
|c|âLiberalLucario|:(
|
|start
|switch|p1a: arcanineentei|Entei, shiny|371\/371
|switch|p2a: Team Player|Swampert, M|404\/404
|-ability|p1a: arcanineentei|Pressure
|turn|1
|
|switch|p1a: lol verizon|Virizion|323\/323
|move|p2a: Team Player|Stealth Rock|p1a: lol verizon
|-sidestart|p1: LiberalLucario|move: Stealth Rock
|
|turn|2
|leave|MrBubbles25
|join|kidd timelapse
|join|Arised
|
|switch|p1a: not broken|Suicune|341\/341
|-damage|p1a: not broken|299\/341|[from] Stealth Rock
|-ability|p1a: not broken|Pressure
|switch|p2a: Spam U turn|Beedrill, F|279\/279
|
|-heal|p1a: not broken|320\/341|[from] item: Leftovers
|turn|3
|
|detailschange|p2a: Spam U turn|Beedrill-Mega, F
|-mega|p2a: Spam U turn|Beedrill|Beedrillite
|move|p1a: not broken|Tailwind|p1a: not broken
|-sidestart|p1: LiberalLucario|move: Tailwind
|move|p2a: Spam U turn|U-turn|p1a: not broken
|-damage|p1a: not broken|154\/341
|c| Arised|lol these nicknames.
|
|switch|p2a: Team Player|Swampert, M|404\/404
|
|-heal|p1a: not broken|175\/341|[from] item: Leftovers
|turn|4
|
|move|p1a: not broken|Calm Mind|p1a: not broken
|-boost|p1a: not broken|spa|1
|-boost|p1a: not broken|spd|1
|move|p2a: Team Player|Roar|p1a: not broken
|drag|p1a: brobat kek|Crobat, M|373\/373
|-damage|p1a: brobat kek|280\/373|[from] Stealth Rock
|
|-heal|p1a: brobat kek|303\/373|[from] item: Black Sludge
|turn|5
|
|move|p1a: brobat kek|Defog|p2a: Team Player
|-unboost|p2a: Team Player|evasion|1
|-sideend|p1: LiberalLucario|Stealth Rock|[from] move: Defog|[of] p1a: brobat kek
|move|p2a: Team Player|Scald|p1a: brobat kek
|-crit|p1a: brobat kek
|-damage|p1a: brobat kek|155\/373
|-status|p1a: brobat kek|brn
|
|-heal|p1a: brobat kek|178\/373 brn|[from] item: Black Sludge
|-damage|p1a: brobat kek|132\/373 brn|[from] brn
|turn|6
|c|âLiberalLucario|critburns
|c|âLiberalLucario|sigh
|
|move|p1a: brobat kek|U-turn|p2a: Team Player
|-damage|p2a: Team Player|383\/404
|c|âclickdraco.exe|:[
|
|switch|p1a: not broken|Suicune|175\/341
|-ability|p1a: not broken|Pressure
|move|p2a: Team Player|Stealth Rock|p1a: not broken
|-sidestart|p1: LiberalLucario|move: Stealth Rock
|
|-heal|p1a: not broken|196\/341|[from] item: Leftovers
|-heal|p2a: Team Player|404\/404|[from] item: Leftovers
|-sideend|p1: LiberalLucario|move: Tailwind
|turn|7
|
|move|p1a: not broken|Hydro Pump|p2a: Team Player
|-damage|p2a: Team Player|233\/404
|move|p2a: Team Player|Roar|p1a: not broken
|drag|p1a: la cucarachi|Jirachi|341\/341
|-damage|p1a: la cucarachi|320\/341|[from] Stealth Rock
|
|-heal|p1a: la cucarachi|341\/341|[from] item: Leftovers
|-heal|p2a: Team Player|258\/404|[from] item: Leftovers
|turn|8
|c| Meruu|LL
|c| Meruu|why do u have tw
|c| Meruu|lol
|c|âLiberalLucario|um
|c|âLiberalLucario|bc i wanted an offensive water
|c| Meruu|i dont feel like u have anything that abuses it well tho
|c|âLiberalLucario|and i didnt have anyting else to run
|c|âclickdraco.exe|tw?
|c|âLiberalLucario|i could run extrasensory lol
|
|move|p1a: la cucarachi|U-turn|p2a: Team Player
|-damage|p2a: Team Player|198\/404
|c| Meruu|tailwind
|
|switch|p1a: lol verizon|Virizion|323\/323
|-damage|p1a: lol verizon|303\/323|[from] Stealth Rock
|move|p2a: Team Player|Earthquake|p1a: lol verizon
|-resisted|p1a: lol verizon
|-damage|p1a: lol verizon|220\/323
|
|-heal|p2a: Team Player|223\/404|[from] item: Leftovers
|turn|9
|c|âLiberalLucario|i mean it means viriz outspeeds bat
|c|âLiberalLucario|which is nice
|c|âclickdraco.exe|tailwind oh right
|
|switch|p2a: Shell|Forretress, M|353\/353
|move|p1a: lol verizon|Zen Headbutt|p2a: Shell|[miss]
|-miss|p1a: lol verizon|p2a: Shell
|
|turn|10
|leave|kidd timelapse
|
|switch|p1a: Momentum.|Ampharos, F|383\/383
|-damage|p1a: Momentum.|336\/383|[from] Stealth Rock
|move|p2a: Shell|Toxic Spikes|p1a: Momentum.
|-sidestart|p1: LiberalLucario|move: Toxic Spikes
|
|turn|11
|
|switch|p2a: Florges|Florges, F|358\/358
|detailschange|p1a: Momentum.|Ampharos-Mega, F
|-mega|p1a: Momentum.|Ampharos|Ampharosite
|-ability|p1a: Momentum.|Mold Breaker
|move|p1a: Momentum.|Volt Switch|p2a: Florges
|-damage|p2a: Florges|283\/358
|
|switch|p1a: la cucarachi|Jirachi|341\/341
|-damage|p1a: la cucarachi|320\/341|[from] Stealth Rock
|
|-heal|p1a: la cucarachi|341\/341|[from] item: Leftovers
|-heal|p2a: Florges|305\/358|[from] item: Leftovers
|turn|12
|
|move|p2a: Florges|Protect|p2a: Florges
|-singleturn|p2a: Florges|Protect
|move|p1a: la cucarachi|Stealth Rock|p2a: Florges
|-sidestart|p2: clickdraco.exe|move: Stealth Rock
|
|-heal|p2a: Florges|327\/358|[from] item: Leftovers
|turn|13
|
|switch|p2a: Team Player|Swampert, M|223\/404
|-damage|p2a: Team Player|198\/404|[from] Stealth Rock
|move|p1a: la cucarachi|U-turn|p2a: Team Player
|-damage|p2a: Team Player|143\/404
|
|switch|p1a: lol verizon|Virizion|220\/323
|-status|p1a: lol verizon|psn
|-damage|p1a: lol verizon|200\/323 psn|[from] Stealth Rock
|-enditem|p1a: lol verizon|Lum Berry|[eat]
|-curestatus|p1a: lol verizon|psn
|
|-heal|p2a: Team Player|168\/404|[from] item: Leftovers
|turn|14
|
|switch|p2a: Shell|Forretress, M|353\/353
|-damage|p2a: Shell|309\/353|[from] Stealth Rock
|move|p1a: lol verizon|Close Combat|p2a: Shell
|-damage|p2a: Shell|216\/353
|-damage|p1a: lol verizon|147\/323|[from] item: Rocky Helmet|[of] p2a: Shell
|-unboost|p1a: lol verizon|def|1
|-unboost|p1a: lol verizon|spd|1
|
|turn|15
|leave|Meruu
|c|âLiberalLucario|rocky helmet
|c|âLiberalLucario|eww
|c|âclickdraco.exe|you have lum berry eww
|c|âLiberalLucario|but lum is actually good on this
|
|switch|p1a: la cucarachi|Jirachi|341\/341
|-damage|p1a: la cucarachi|320\/341|[from] Stealth Rock
|move|p2a: Shell|Rapid Spin|p1a: la cucarachi
|-resisted|p1a: la cucarachi
|-damage|p1a: la cucarachi|313\/341
|-sideend|p2: clickdraco.exe|Stealth Rock|[from] move: Rapid Spin|[of] p2a: Shell
|
|-heal|p1a: la cucarachi|334\/341|[from] item: Leftovers
|turn|16
|
|move|p1a: la cucarachi|Healing Wish|p1a: la cucarachi
|faint|p1a: la cucarachi
|move|p2a: Shell|Rapid Spin|p1: la cucarachi|[notarget]
|-notarget
|
|
|switch|p1a: brobat kek|Crobat, M|132\/373 brn
|-heal|p1a: brobat kek|373\/373|[from] move: Healing Wish
|-damage|p1a: brobat kek|280\/373|[from] Stealth Rock
|turn|17
|
|move|p1a: brobat kek|Defog|p2a: Shell
|-unboost|p2a: Shell|evasion|1
|-sideend|p1: LiberalLucario|Toxic Spikes|[from] move: Defog|[of] p1a: brobat kek
|-sideend|p1: LiberalLucario|Stealth Rock|[from] move: Defog|[of] p1a: brobat kek
|move|p2a: Shell|Gyro Ball|p1a: brobat kek
|-damage|p1a: brobat kek|127\/373
|
|-heal|p1a: brobat kek|150\/373|[from] item: Black Sludge
|turn|18
|
|move|p1a: brobat kek|Roost|p1a: brobat kek
|-heal|p1a: brobat kek|337\/373
|move|p2a: Shell|Stealth Rock|p1a: brobat kek
|-sidestart|p1: LiberalLucario|move: Stealth Rock
|
|-heal|p1a: brobat kek|360\/373|[from] item: Black Sludge
|turn|19
|
|move|p1a: brobat kek|Defog|p2a: Shell
|-unboost|p2a: Shell|evasion|1
|-sideend|p1: LiberalLucario|Stealth Rock|[from] move: Defog|[of] p1a: brobat kek
|move|p2a: Shell|Toxic Spikes|p1a: brobat kek
|-sidestart|p1: LiberalLucario|move: Toxic Spikes
|
|-heal|p1a: brobat kek|373\/373|[from] item: Black Sludge
|turn|20
|
|move|p1a: brobat kek|Defog|p2a: Shell
|-unboost|p2a: Shell|evasion|1
|-sideend|p1: LiberalLucario|Toxic Spikes|[from] move: Defog|[of] p1a: brobat kek
|move|p2a: Shell|Stealth Rock|p1a: brobat kek
|-sidestart|p1: LiberalLucario|move: Stealth Rock
|
|turn|21
|
|move|p1a: brobat kek|Brave Bird|p2a: Shell
|-damage|p2a: Shell|141\/353
|-damage|p1a: brobat kek|311\/373|[from] item: Rocky Helmet|[of] p2a: Shell
|-damage|p1a: brobat kek|286\/373|[from] recoil|[of] p2a: Shell
|move|p2a: Shell|Stealth Rock|p1a: brobat kek
|-fail|p1a: brobat kek
|
|-heal|p1a: brobat kek|309\/373|[from] item: Black Sludge
|turn|22
|join|Philz
|join|OGWanka
|
|move|p1a: brobat kek|Defog|p2a: Shell
|-unboost|p2a: Shell|evasion|1
|-sideend|p1: LiberalLucario|Stealth Rock|[from] move: Defog|[of] p1a: brobat kek
|move|p2a: Shell|Gyro Ball|p1a: brobat kek
|-crit|p1a: brobat kek
|-damage|p1a: brobat kek|71\/373
|
|-heal|p1a: brobat kek|94\/373|[from] item: Black Sludge
|turn|23
|c| OGWanka|u dont have  MON WITH DRACO
|c| OGWanka|o caps
|c| OGWanka|myb
|raw|<div class="broadcast-red"><b>Moderated chat was set to +!<\/b><br \/>Only users of rank + and higher can talk.<\/div>
|c|âLiberalLucario|o
OGWanka was promoted to Room Voice by LiberalLucario.
|
|move|p1a: brobat kek|Roost|p1a: brobat kek
|-heal|p1a: brobat kek|281\/373
|move|p2a: Shell|Stealth Rock|p1a: brobat kek
|-sidestart|p1: LiberalLucario|move: Stealth Rock
|
|-heal|p1a: brobat kek|304\/373|[from] item: Black Sludge
|turn|24
|
|move|p1a: brobat kek|Brave Bird|p2a: Shell
|-crit|p2a: Shell
|-damage|p2a: Shell|14\/353
|-damage|p1a: brobat kek|242\/373|[from] item: Rocky Helmet|[of] p2a: Shell
|-damage|p1a: brobat kek|200\/373|[from] recoil|[of] p2a: Shell
|move|p2a: Shell|Stealth Rock|p1a: brobat kek
|-fail|p1a: brobat kek
|
|-heal|p1a: brobat kek|223\/373|[from] item: Black Sludge
|turn|25
|raw|<div class="broadcast-blue"><b>Moderated chat was disabled!<\/b><br \/>Anyone may talk now.<\/div>
|c|+OGWanka|helmet
|c|+OGWanka|nb
|c|âLiberalLucario|lol
|
|move|p1a: brobat kek|Defog|p2a: Shell
|-unboost|p2a: Shell|evasion|1
|-sideend|p1: LiberalLucario|Stealth Rock|[from] move: Defog|[of] p1a: brobat kek
|move|p2a: Shell|Stealth Rock|p1a: brobat kek
|-sidestart|p1: LiberalLucario|move: Stealth Rock
|
|-heal|p1a: brobat kek|246\/373|[from] item: Black Sludge
|turn|26
|
|move|p1a: brobat kek|Defog|p2a: Shell
|-unboost|p2a: Shell|evasion|1
|-sideend|p1: LiberalLucario|Stealth Rock|[from] move: Defog|[of] p1a: brobat kek
|move|p2a: Shell|Stealth Rock|p1a: brobat kek
|-sidestart|p1: LiberalLucario|move: Stealth Rock
|
|-heal|p1a: brobat kek|269\/373|[from] item: Black Sludge
|turn|27
|
|move|p1a: brobat kek|Brave Bird|p2a: Shell
|-damage|p2a: Shell|0 fnt
|-damage|p1a: brobat kek|207\/373|[from] item: Rocky Helmet|[of] p2a: Shell
|-damage|p1a: brobat kek|202\/373|[from] recoil|[of] p2a: Shell
|faint|p2a: Shell
|
|-heal|p1a: brobat kek|225\/373|[from] item: Black Sludge
|join|Meruu
|join|hxhxhxhxhxhxhx
|join|SmashBrosBrawl
|c|+OGWanka|o virizion...im curious
|
|switch|p2a: Haxorus|Haxorus, M|293\/293
|-ability|p2a: Haxorus|Mold Breaker
|turn|28
|join|Raichu75
|c| Philz|haxo
|c| Philz|draco
|c| Philz|gogoogog
|c|âLiberalLucario|oh um
|c|âLiberalLucario|ok
|c| Philz|special haxo pls
|c|âclickdraco.exe|lol
|c|âclickdraco.exe|i live brave bird
|c|+SmashBrosBrawl|rotom where
|c|+OGWanka|i mean he doesnt have powerful priority or anything
|c|+OGWanka|lol
|c| hxhxhxhxhxhxhx|u live BB
|c| hxhxhxhxhxhxhx|but u aint living the espeed
|c|âLiberalLucario|yeah it does like
|c| hxhxhxhxhxhxhx|rofl
|c|âLiberalLucario|50%
|join|Angina Management
|c| Raichu75|dang, 28 turns and only one pokemon on each side fainted. Man this is gonna be a long battle.
|
|switch|p2a: Rotom-Heat|Rotom-Heat|299\/299
|move|p1a: brobat kek|Brave Bird|p2a: Rotom-Heat
|-resisted|p2a: Rotom-Heat
|-damage|p2a: Rotom-Heat|239\/299
|-damage|p1a: brobat kek|205\/373|[from] recoil|[of] p2a: Rotom-Heat
|
|-heal|p1a: brobat kek|228\/373|[from] item: Black Sludge
|-heal|p2a: Rotom-Heat|257\/299|[from] item: Leftovers
|turn|29
|c|âLiberalLucario|oof
|
|move|p1a: brobat kek|U-turn|p2a: Rotom-Heat
|-resisted|p2a: Rotom-Heat
|-damage|p2a: Rotom-Heat|232\/299
|
|switch|p1a: arcanineentei|Entei, shiny|371\/371
|-damage|p1a: arcanineentei|279\/371|[from] Stealth Rock
|-ability|p1a: arcanineentei|Pressure
|move|p2a: Rotom-Heat|Volt Switch|p1a: arcanineentei
|-damage|p1a: arcanineentei|165\/371
|c|âLiberalLucario|sigh
|c|+OGWanka|didnt even willo
|c|+SmashBrosBrawl|if entei dies ure fucked
|c|âLiberalLucario|ppl making the wrong play
|c| Angina Management|lol
|c| hxhxhxhxhxhxhx|rofl
|c| hxhxhxhxhxhxhx|why was that the "wrong" play by him
|c|âLiberalLucario|literally no reason not to willo
|c|+OGWanka|it sfine he predicted u not to have roost
|c|+OGWanka|ez
|c| Angina Management|'not playing how I wanted you to is the wrong play'
|
|switch|p2a: Team Player|Swampert, M|168\/404
|
|-heal|p2a: Team Player|193\/404|[from] item: Leftovers
|turn|30
|c|+SmashBrosBrawl|why tf would he wow when he predicted the entei
|c| hxhxhxhxhxhxhx|why should he wisp
|c|âLiberalLucario|if i go to entei he gets a free switch into haxorus
|c| hxhxhxhxhxhxhx|u have entei
|c| hxhxhxhxhxhxhx|entei switch is obvs
|c| Philz|Angina Management: 'not playing how I wanted you to is the wrong play'
|c| hxhxhxhxhxhxhx|nigga dont blame your opponent
|c| Philz|liberal in a nut shell here
|c| hxhxhxhxhxhxhx|blame yourself
|c|âclickdraco.exe|yes
|
|switch|p1a: lol verizon|Virizion|147\/323
|-damage|p1a: lol verizon|127\/323|[from] Stealth Rock
|move|p2a: Team Player|Scald|p1a: lol verizon
|-resisted|p1a: lol verizon
|-damage|p1a: lol verizon|97\/323
|-status|p1a: lol verizon|brn
|
|-heal|p2a: Team Player|218\/404|[from] item: Leftovers
|-damage|p1a: lol verizon|57\/323 brn|[from] brn
|turn|31
|c|âLiberalLucario|why should i blame myself
|c|+SmashBrosBrawl|holy fuck haxorus is gonna
|c|+SmashBrosBrawl|sweep
|c|+SmashBrosBrawl|for the first time in 5 months
|c|âLiberalLucario|what would i blame myself for?
|c|âclickdraco.exe|once entei is gone
|c|âclickdraco.exe|yes smashbrosbrawl
|c| hxhxhxhxhxhxhx|cuz wearing down entei is easier for him
|leave|Raichu75
|c| hxhxhxhxhxhxhx|then anything else
|
|switch|p1a: Momentum.|Ampharos-Mega, F|336\/383
|-damage|p1a: Momentum.|289\/383|[from] Stealth Rock
|-ability|p1a: Momentum.|Mold Breaker
|switch|p2a: Florges|Florges, F|327\/358
|
|-heal|p2a: Florges|349\/358|[from] item: Leftovers
|turn|32
|c| hxhxhxhxhxhxhx|played
|c|âLiberalLucario|oh
|c|âclickdraco.exe|:\/
|c|âclickdraco.exe|ok
|
|switch|p1a: brobat kek|Crobat, M|228\/373
|-damage|p1a: brobat kek|135\/373|[from] Stealth Rock
|move|p2a: Florges|Moonblast|p1a: brobat kek
|-resisted|p1a: brobat kek
|-damage|p1a: brobat kek|68\/373
|-unboost|p1a: brobat kek|spa|1
|
|-heal|p1a: brobat kek|91\/373|[from] item: Black Sludge
|-heal|p2a: Florges|358\/358|[from] item: Leftovers
|turn|33
|c|âLiberalLucario|also im hoping you made a mistake in teambuilding
|c|âLiberalLucario|and didnt actually mean to put rocks on both pert and forry
|
|switch|p2a: Rotom-Heat|Rotom-Heat|232\/299
|move|p1a: brobat kek|Defog|p2a: Rotom-Heat
|-unboost|p2a: Rotom-Heat|evasion|1
|-sideend|p1: LiberalLucario|Stealth Rock|[from] move: Defog|[of] p1a: brobat kek
|
|-heal|p1a: brobat kek|114\/373|[from] item: Black Sludge
|-heal|p2a: Rotom-Heat|250\/299|[from] item: Leftovers
|turn|34
|c| Philz|double rocker
|c| Philz|a bit like a double spinner
|
|move|p1a: brobat kek|Roost|p1a: brobat kek
|-heal|p1a: brobat kek|301\/373
|move|p2a: Rotom-Heat|Will-O-Wisp|p1a: brobat kek
|-status|p1a: brobat kek|brn
|
|-heal|p1a: brobat kek|324\/373 brn|[from] item: Black Sludge
|-heal|p2a: Rotom-Heat|268\/299|[from] item: Leftovers
|-damage|p1a: brobat kek|278\/373 brn|[from] brn
|turn|35
|c|+SmashBrosBrawl|played
|c|+OGWanka|lol
|c|âLiberalLucario|i mean
|join|trevor ellis
|c|âclickdraco.exe|lol
|c|âLiberalLucario|i'm not risking entei anymore lol
|c|+SmashBrosBrawl|now he can setup on burned bat
|c|+SmashBrosBrawl|same thing
|
|move|p1a: brobat kek|Roost|p1a: brobat kek
|-heal|p1a: brobat kek|373\/373 brn
|move|p2a: Rotom-Heat|Volt Switch|p1a: brobat kek
|-damage|p1a: brobat kek|274\/373 brn
|c|+SmashBrosBrawl|gg
|c|âLiberalLucario|its fine
|
|switch|p2a: Team Player|Swampert, M|218\/404
|
|-heal|p1a: brobat kek|297\/373 brn|[from] item: Black Sludge
|-heal|p2a: Team Player|243\/404|[from] item: Leftovers
|-damage|p1a: brobat kek|251\/373 brn|[from] brn
|turn|36
|c|âLiberalLucario|see
|c|âclickdraco.exe|he has extremespeed entei
|c|+SmashBrosBrawl|it doesnt even
|c|+SmashBrosBrawl|2hko
|c| Philz|what are you worried about espeed for lol
|c|âLiberalLucario|it 2hkos
|c| Philz|haxo has defenses
|c|âclickdraco.exe|if choice band it might
|c|âLiberalLucario|btw
|c|âclickdraco.exe|!data haxorus
|c|~|\/data-pokemon Haxorus

|c|+SmashBrosBrawl|except entei dies
|c|+SmashBrosBrawl|so it only gets one off
|c|+SmashBrosBrawl|o_o
|
|move|p1a: brobat kek|U-turn|p2a: Team Player
|-damage|p2a: Team Player|223\/404
|c| hxhxhxhxhxhxhx|fucking rip
|c|+SmashBrosBrawl|fuck
|c|+SmashBrosBrawl|that was the easiest win
|c|+OGWanka|does he have 2 rockers
|
|switch|p1a: lol verizon|Virizion|57\/323 brn
|move|p2a: Team Player|Stealth Rock|p1a: lol verizon
|-sidestart|p1: LiberalLucario|move: Stealth Rock
|
|-heal|p2a: Team Player|248\/404|[from] item: Leftovers
|-damage|p1a: lol verizon|17\/323 brn|[from] brn
|turn|37
|c|âLiberalLucario|yes chris
|c|+OGWanka|or is this band pert
|c|âLiberalLucario|he does
|c|âLiberalLucario|see!
|c|+OGWanka|LOL
|c|+OGWanka|#sblt
|c|âLiberalLucario|how you know you're playing a terrible player
|c| hxhxhxhxhxhxhx|ROFL
|c|+SmashBrosBrawl|youre losing
|c|+SmashBrosBrawl|stfu
|c|âLiberalLucario|and you try to predict
|c|+SmashBrosBrawl|lol
|
|switch|p2a: Florges|Florges, F|358\/358
|move|p1a: lol verizon|Close Combat|p2a: Florges
|-resisted|p2a: Florges
|-damage|p2a: Florges|313\/358
|-unboost|p1a: lol verizon|def|1
|-unboost|p1a: lol verizon|spd|1
|
|-heal|p2a: Florges|335\/358|[from] item: Leftovers
|-damage|p1a: lol verizon|0 fnt|[from] brn
|faint|p1a: lol verizon
|c| hxhxhxhxhxhxhx|yeah literally
|join|Trevormelon
|c| hxhxhxhxhxhxhx|stfu u r the one in a bad position
|c|âLiberalLucario|lol
|c|+SmashBrosBrawl|he can win with hax anytime he wants
|
|switch|p1a: not broken|Suicune|196\/341
|-damage|p1a: not broken|154\/341|[from] Stealth Rock
|-ability|p1a: not broken|Pressure
|turn|38
|leave|Trevormelon
|c|+SmashBrosBrawl|rofl
|c|âLiberalLucario|i mean
|c|âLiberalLucario|ive been haxed this game at every possible opportunity but none of it has been game changing
|join|Triforce Mantine
|c|âLiberalLucario|so i doubt im getting any
|join|Cautious
|leave|Triforce Mantine
|
|move|p1a: not broken|Calm Mind|p1a: not broken
|-boost|p1a: not broken|spa|1
|-boost|p1a: not broken|spd|1
|move|p2a: Florges|Moonblast|p1a: not broken
|-damage|p1a: not broken|85\/341
|-unboost|p1a: not broken|spa|1
|
|-heal|p1a: not broken|106\/341|[from] item: Leftovers
|-heal|p2a: Florges|357\/358|[from] item: Leftovers
|turn|39
|join|Gay Bear Sex
|c|+SmashBrosBrawl|n
|c|+SmashBrosBrawl|pert
|c|âLiberalLucario|c
|c|+SmashBrosBrawl|roar
|c|+SmashBrosBrawl|pert
|c|+SmashBrosBrawl|roar
|c|âclickdraco.exe|now
|c|+OGWanka|well this guy is handing u a cune sweep rn
|
|switch|p2a: Team Player|Swampert, M|248\/404
|move|p1a: not broken|Calm Mind|p1a: not broken
|-boost|p1a: not broken|spa|1
|-boost|p1a: not broken|spd|1
|
|-heal|p1a: not broken|127\/341|[from] item: Leftovers
|-heal|p2a: Team Player|273\/404|[from] item: Leftovers
|turn|40
|raw|<div class="broadcast-red"><b>Moderated chat was set to +!<\/b><br \/>Only users of rank + and higher can talk.<\/div>
|raw|<div class="broadcast-red"><b>Moderated chat was set to autoconfirmed!<\/b><br \/>Only users of rank autoconfirmed and higher can talk.<\/div>
|c|+SmashBrosBrawl|now you have to rest
|c|âLiberalLucario|please die
|c|âLiberalLucario|please die
|c|+OGWanka|o he got the drop
|c|âLiberalLucario|please die
|
|move|p1a: not broken|Hydro Pump|p2a: Team Player|[miss]
|-miss|p1a: not broken|p2a: Team Player
|move|p2a: Team Player|Roar|p1a: not broken
|drag|p1a: Momentum.|Ampharos-Mega, F|289\/383
|-damage|p1a: Momentum.|242\/383|[from] Stealth Rock
|-ability|p1a: Momentum.|Mold Breaker
|
|-heal|p2a: Team Player|298\/404|[from] item: Leftovers
|turn|41
|c|+OGWanka|it wont
|c|+OGWanka|die
|c|âLiberalLucario|sigh
|c|âclickdraco.exe|sorry
|c|+OGWanka|lol
|c|âLiberalLucario|literally
|c|âLiberalLucario|at every opportunity
|c|âclickdraco.exe|!learn ampharos, energy ball
|raw|<div class="infobox">Ampharos <span class="message-learn-cannotlearn">can't<\/span> learn Energy Ball<\/div>
|c|+OGWanka|lo
|c|+OGWanka|l
|join|LeviathanRanger9
|
|switch|p2a: Florges|Florges, F|357\/358
|move|p1a: Momentum.|Dragon Pulse|p2a: Florges
|-immune|p2a: Florges|[msg]
|
|-heal|p2a: Florges|358\/358|[from] item: Leftovers
|turn|42
|join|Shit User
|
|switch|p2a: Rotom-Heat|Rotom-Heat|268\/299
|move|p1a: Momentum.|Rest|p1a: Momentum.
|-status|p1a: Momentum.|slp
|-heal|p1a: Momentum.|383\/383 slp|[silent]
|-status|p1a: Momentum.|slp|[from] move: Rest
|
|-heal|p2a: Rotom-Heat|286\/299|[from] item: Leftovers
|turn|43
|c|+SmashBrosBrawl|,
|c|+OGWanka|tht play right there should signify something nolan...start makin some plays
|join|PepsiOverdose
|c|âLiberalLucario|lol he finally made a play!
|c|+OGWanka|the florges switch
|leave|PepsiOverdose
|
|move|p2a: Rotom-Heat|Volt Switch|p1a: Momentum.
|-resisted|p1a: Momentum.
|-damage|p1a: Momentum.|364\/383 slp
|c|âLiberalLucario|what am i supposed to do
|c|âLiberalLucario|i lost my wincon
|join|Thisbemyalt
|
|switch|p2a: Florges|Florges, F|358\/358
|cant|p1a: Momentum.|slp
|move|p1a: Momentum.|Sleep Talk|p1a: Momentum.
|move|p1a: Momentum.|Volt Switch|p2a: Florges|[from]Sleep Talk
|-damage|p2a: Florges|270\/358
|
|switch|p1a: brobat kek|Crobat, M|251\/373 brn
|-damage|p1a: brobat kek|158\/373 brn|[from] Stealth Rock
|
|-heal|p1a: brobat kek|181\/373 brn|[from] item: Black Sludge
|-heal|p2a: Florges|292\/358|[from] item: Leftovers
|-damage|p1a: brobat kek|135\/373 brn|[from] brn
|turn|44
|leave|Cautious
|
|move|p1a: brobat kek|Defog|p2a: Florges
|-unboost|p2a: Florges|evasion|1
|-sideend|p1: LiberalLucario|Stealth Rock|[from] move: Defog|[of] p1a: brobat kek
|move|p2a: Florges|Moonblast|p1a: brobat kek
|-resisted|p1a: brobat kek
|-damage|p1a: brobat kek|66\/373 brn
|
|-heal|p1a: brobat kek|89\/373 brn|[from] item: Black Sludge
|-heal|p2a: Florges|314\/358|[from] item: Leftovers
|-damage|p1a: brobat kek|43\/373 brn|[from] brn
|turn|45
|
|move|p1a: brobat kek|Roost|p1a: brobat kek
|-heal|p1a: brobat kek|230\/373 brn
|move|p2a: Florges|Moonblast|p1a: brobat kek
|-resisted|p1a: brobat kek
|-damage|p1a: brobat kek|158\/373 brn
|
|-heal|p1a: brobat kek|181\/373 brn|[from] item: Black Sludge
|-heal|p2a: Florges|336\/358|[from] item: Leftovers
|-damage|p1a: brobat kek|135\/373 brn|[from] brn
|turn|46
|
|switch|p2a: Team Player|Swampert, M|298\/404
|move|p1a: brobat kek|U-turn|p2a: Team Player
|-damage|p2a: Team Player|277\/404
|
|switch|p1a: not broken|Suicune|127\/341
|-ability|p1a: not broken|Pressure
|
|-heal|p1a: not broken|148\/341|[from] item: Leftovers
|-heal|p2a: Team Player|302\/404|[from] item: Leftovers
|turn|47
|
|move|p1a: not broken|Hydro Pump|p2a: Team Player
|-damage|p2a: Team Player|110\/404
|move|p2a: Team Player|Roar|p1a: not broken
|drag|p1a: arcanineentei|Entei, shiny|165\/371
|-ability|p1a: arcanineentei|Pressure
|
|-heal|p2a: Team Player|135\/404|[from] item: Leftovers
|turn|48
|c|+SmashBrosBrawl|mfw
|c| Shit User|ebi
|c| Shit User|n
|c|+SmashBrosBrawl|now you sr
|c|+SmashBrosBrawl|plox
|c| hxhxhxhxhxhxhx|test
|c| hxhxhxhxhxhxhx|I can actually talk
|c| hxhxhxhxhxhxhx|LOL
|c| Shit User|well
|c| Shit User|duh
|c|âclickdraco.exe|ofc
|c|+SmashBrosBrawl|it isnt modchat
|c|+OGWanka|its autoconfirmed
|c|+OGWanka|lol
|c|âLiberalLucario|gimme a crit
|
|move|p1a: arcanineentei|Sacred Fire|p2a: Team Player
|-resisted|p2a: Team Player
|-damage|p2a: Team Player|33\/404
|-status|p2a: Team Player|brn
|move|p2a: Team Player|Stealth Rock|p1a: arcanineentei
|-sidestart|p1: LiberalLucario|move: Stealth Rock
|
|-heal|p2a: Team Player|58\/404 brn|[from] item: Leftovers
|-damage|p2a: Team Player|8\/404 brn|[from] brn
|turn|49
|c|âLiberalLucario|mayb
|c| hxhxhxhxhxhxhx|I just saw modchat +
|c| hxhxhxhxhxhxhx|then didnt pay attention
|c|+SmashBrosBrawl|shoulve
|c|+SmashBrosBrawl|falre blitzed
|c| Shit User|miss here
|c|âclickdraco.exe|miss
|c|âLiberalLucario|mfw that doesnt kill
|c|âLiberalLucario|either
|c|âclickdraco.exe|sacred fire
|c|+SmashBrosBrawl|scald
|c|+SmashBrosBrawl|sald
|c|âclickdraco.exe|i did
|
|move|p1a: arcanineentei|Sacred Fire|p2a: Team Player
|-resisted|p2a: Team Player
|-damage|p2a: Team Player|0 fnt
|faint|p2a: Team Player
|
|c| hxhxhxhxhxhxhx|doesnt he just setup with hax
|join|gobosox
|c|+SmashBrosBrawl|no dont
|c|+SmashBrosBrawl|not now
|c| Shit User|he does
|c| Shit User|kek
|c| Angina Management|if he's lum
|c|âLiberalLucario|risk burn
|c| hxhxhxhxhxhxhx|no wait
|c|+SmashBrosBrawl|go to rotom
|
|switch|p2a: Haxorus|Haxorus, M|293\/293
|-ability|p2a: Haxorus|Mold Breaker
|turn|50
|c|+SmashBrosBrawl|volt switch
|c|+SmashBrosBrawl|NO
|c| hxhxhxhxhxhxhx|unless
|c|+SmashBrosBrawl|NIGGA
|join|You lose Agin
|c|+OGWanka|lol
|c| hxhxhxhxhxhxhx|u r
|c| hxhxhxhxhxhxhx|LUM
|c|âclickdraco.exe|im lum
|c| hxhxhxhxhxhxhx|BUT IF U R NOT
|c|+SmashBrosBrawl|it doesnt matter
|
|move|p2a: Haxorus|Dragon Dance|p2a: Haxorus
|-boost|p2a: Haxorus|atk|1
|-boost|p2a: Haxorus|spe|1
|move|p1a: arcanineentei|Sacred Fire|p2a: Haxorus
|-resisted|p2a: Haxorus
|-damage|p2a: Haxorus|143\/293
|-status|p2a: Haxorus|brn
|-enditem|p2a: Haxorus|Lum Berry|[eat]
|-curestatus|p2a: Haxorus|brn
|
|turn|51
|c|+SmashBrosBrawl|it takes too much dmg
|c|+SmashBrosBrawl|NO
|c|+SmashBrosBrawl|FAGET
|c|+SmashBrosBrawl|DONT
|c|+OGWanka|this prolly does like half
|c|+SmashBrosBrawl|CHOKE
|c|+SmashBrosBrawl|THE WIN
|c|+SmashBrosBrawl|omfg
|c| Shit User|ecks
|c|âLiberalLucario|yeah
|c| Shit User|deee
|c|+SmashBrosBrawl|you fucking
|c| LeviathanRanger9|the plays
|c|+OGWanka|then he comes back in
|leave|You lose Agin
|c|+SmashBrosBrawl|choked
|c|âLiberalLucario|rip and a half
|c|+SmashBrosBrawl|idiot
|c|+SmashBrosBrawl|...
|c| Shit User|how did he choke
|c| hxhxhxhxhxhxhx|its fine
|c|+SmashBrosBrawl|just switch out
|c|+SmashBrosBrawl|and exspeed later
|c| Shit User|oh
|c|+SmashBrosBrawl|duh
|c| hxhxhxhxhxhxhx|he has dclaw
|
|switch|p1a: Momentum.|Ampharos-Mega, F|364\/383 slp
|-damage|p1a: Momentum.|317\/383 slp|[from] Stealth Rock
|-ability|p1a: Momentum.|Mold Breaker
|move|p2a: Haxorus|Earthquake|p1a: Momentum.
|-supereffective|p1a: Momentum.
|-damage|p1a: Momentum.|69\/383 slp
|
|turn|52
|c| Shit User|sshs
|c| Shit User|ebin
|c|+SmashBrosBrawl|ugh
|c| hxhxhxhxhxhxhx|entei takes sr again
|c| Shit User|he can set up later
|join|FearTheCow57
|c| Shit User|ZZZZZZZZZZZZZZZZZZZZZZZZZZZZZZZZZZZZZZZZZZZZZZZZZ
|c| hxhxhxhxhxhxhx|then he switches to tom
|c| hxhxhxhxhxhxhx|then he vswitches
|c|+OGWanka|u shouldve dded on bat
|c|+OGWanka|-.-
|c| Angina Management|hello
|c| Angina Management|rotom-h is healthy
|c| Angina Management|why are you fretting
|c|+SmashBrosBrawl|he couldve won this at turn 36
|c| hxhxhxhxhxhxhx|pray for the 33
|c| Shit User|OUTRAGE
|c| Shit User|SHOW ME UR BALLS
|c| Thisbemyalt|OUTRAGE
|c|+OGWanka|k whts ur snap
|c| hxhxhxhxhxhxhx|he wins anyway??
|c| Angina Management|just eq again
|c| hxhxhxhxhxhxhx|he has m beedril
|c| Angina Management|it's v simple
|c| Thisbemyalt|SHOW ME UR MOVES
|c| hxhxhxhxhxhxhx|does enuff to suicune
|join|Raichu75
|c|+OGWanka|not if he gets a rest off and burns it
|c| Angina Management|dunno why this is taking so long
|c|+OGWanka|O.O
|c|âclickdraco.exe|go
|c| hxhxhxhxhxhxhx|he has fucking
|c|âclickdraco.exe|hurry up
|c| hxhxhxhxhxhxhx|HPUMP
|c| hxhxhxhxhxhxhx|lol.
|c|âLiberalLucario|i clicked a move
|c|âLiberalLucario|already
|
|move|p2a: Haxorus|Dragon Claw|p1a: Momentum.
|-supereffective|p1a: Momentum.
|-damage|p1a: Momentum.|0 fnt
|faint|p1a: Momentum.
|
|c|+OGWanka|oh ye
|c|+SmashBrosBrawl|dclaw lum
|c| hxhxhxhxhxhxhx|he has dclaw
|c|+SmashBrosBrawl|le weak
|c|+OGWanka|nvm then
|c| hxhxhxhxhxhxhx|he is forced to
|c| hxhxhxhxhxhxhx|entei
|
|switch|p1a: arcanineentei|Entei, shiny|165\/371
|-damage|p1a: arcanineentei|73\/371|[from] Stealth Rock
|-ability|p1a: arcanineentei|Pressure
|turn|53
|c| Shit User|is it scarf tom w
|c| trevor ellis|i use d claw lum on sd haxo but for dd its too weak
|c|+SmashBrosBrawl|florges
|c|âLiberalLucario|no shit user
|c|âLiberalLucario|its not
|c| hxhxhxhxhxhxhx|is it specs tom w
|
|switch|p1a: brobat kek|Crobat, M|135\/373 brn
|-damage|p1a: brobat kek|42\/373 brn|[from] Stealth Rock
|move|p2a: Haxorus|Dragon Claw|p1a: brobat kek
|-damage|p1a: brobat kek|0 fnt
|faint|p1a: brobat kek
|
|c| hxhxhxhxhxhxhx|PLAYED
|c|+SmashBrosBrawl|kek
|c| Angina Management|lol
|c|âLiberalLucario|yeah ok
|c|+SmashBrosBrawl|played
|c|âLiberalLucario|my only chance
|c|âLiberalLucario|was a choke
|c|âLiberalLucario|he didnt choke
|c| Shit User|not a choke tbh
|c| Shit User|like you lost anyway
|
|switch|p1a: not broken|Suicune|148\/341
|-damage|p1a: not broken|106\/341|[from] Stealth Rock
|-ability|p1a: not broken|Pressure
|turn|54
|c|+OGWanka|l0l
|c| hxhxhxhxhxhxhx|no reason
|c|âLiberalLucario|if he had gone to rotom
|c| hxhxhxhxhxhxhx|not to espeed
|c|âclickdraco.exe|i should run outrage
|c| Raichu75|Dang! The battle is still going!? Man we better get some sleeping bags, it's gonna be a loooong night.
|c|âLiberalLucario|that would have been a choke
|c|+OGWanka|he had to do tht
|c| Shit User|y
|c|âLiberalLucario|wtf
|c|âLiberalLucario|raichu75 for shitposter of the year
|c|+OGWanka|if he didnt double rotom won the game
|c|âclickdraco.exe|i would have sacked haxorus
|c|âclickdraco.exe|rotom wins
|
|move|p2a: Haxorus|Dragon Claw|p1a: not broken
|-damage|p1a: not broken|0 fnt
|faint|p1a: not broken
|
|c|âclickdraco.exe|gg
|c|âLiberalLucario|got outhaxed
|c|+SmashBrosBrawl|kek
|c|âLiberalLucario|g_g
|
|switch|p1a: arcanineentei|Entei, shiny|73\/371
|-damage|p1a: arcanineentei|0 fnt|[from] Stealth Rock
|faint|p1a: arcanineentei
|
|win|clickdraco.exe
|leave|OGWanka
|leave|SmashBrosBrawl
|c| hxhxhxhxhxhxhx|s a l t
|leave|Gay Bear Sex
|leave|LeviathanRanger9
|leave|LiberalLucario