|join|LiberalLucario
|join|Godsend
|player|p1|LiberalLucario|134
|player|p2|Godsend|162
|gametype|singles
|gen|6
|tier|UU
|rated
|rule|Sleep Clause Mod: Limit one foe put to sleep
|rule|Species Clause: Limit one of each PokÃ©mon
|rule|OHKO Clause: OHKO moves are banned
|rule|Moody Clause: Moody is banned
|rule|Evasion Moves Clause: Evasion moves are banned
|rule|Endless Battle Clause: Forcing endless battles is banned
|rule|HP Percentage Mod: HP is shown in percentages
|clearpoke
|poke|p1|Aerodactyl, F
|poke|p1|Seismitoad, M
|poke|p1|Escavalier, M
|poke|p1|Crobat, F
|poke|p1|Shaymin
|poke|p1|Infernape, F
|poke|p2|Medicham, F
|poke|p2|Lucario, F
|poke|p2|Nidoking, M
|poke|p2|Crobat, M
|poke|p2|Kingdra, M
|poke|p2|Celebi
|rule|Swagger Clause: Swagger is banned
|rule|Baton Pass Clause: Limit one PokÃ©mon knowing Baton Pass
|teampreview
|c|âGodsend|hai
|c|âLiberalLucario|hi
|c|âLiberalLucario|ah get that shit out of here
|c|âLiberalLucario|fucking cham
|join|iknownothingatall
|
|start
|switch|p1a: Seismitoad|Seismitoad, M|401\/401
|switch|p2a: Medicham|Medicham, F|261\/261
|turn|1
|c|âGodsend|i haven't found it THAT good
|
|switch|p1a: Aerodactyl|Aerodactyl, F|311\/311
|-ability|p1a: Aerodactyl|Pressure
|detailschange|p2a: Medicham|Medicham-Mega, F
|-mega|p2a: Medicham|Medicham|Medichamite
|move|p2a: Medicham|High Jump Kick|p1a: Aerodactyl
|-damage|p1a: Aerodactyl|0 fnt
|faint|p1a: Aerodactyl
|
|c| iknownothingatall|to goog
|c|âLiberalLucario|it is
|c|âLiberalLucario|that good
|
|switch|p1a: Crobat|Crobat, F|373\/373
|turn|2
|c|âLiberalLucario|it has fake out + bp
|c|âLiberalLucario|and that move
|
|switch|p2a: Crobat|Crobat, M|373\/373
|move|p1a: Crobat|Brave Bird|p2a: Crobat
|-damage|p2a: Crobat|220\/373
|-damage|p1a: Crobat|323\/373|[from] recoil|[of] p2a: Crobat
|
|-heal|p1a: Crobat|346\/373|[from] item: Black Sludge
|-heal|p2a: Crobat|243\/373|[from] item: Leftovers
|turn|3
|
|move|p1a: Crobat|U-turn|p2a: Crobat
|-resisted|p2a: Crobat
|-damage|p2a: Crobat|228\/373
|
|switch|p1a: Seismitoad|Seismitoad, M|401\/401
|move|p2a: Crobat|U-turn|p1a: Seismitoad
|-damage|p1a: Seismitoad|359\/401
|
|switch|p2a: Medicham|Medicham-Mega, F|261\/261
|
|-heal|p1a: Seismitoad|384\/401|[from] item: Leftovers
|turn|4
|
|move|p2a: Medicham|Psycho Cut|p1a: Seismitoad
|-crit|p1a: Seismitoad
|-damage|p1a: Seismitoad|128\/401
|move|p1a: Seismitoad|Scald|p2a: Medicham
|-damage|p2a: Medicham|170\/261
|
|-heal|p1a: Seismitoad|153\/401|[from] item: Leftovers
|turn|5
|c|âGodsend|#noburn
|
|move|p2a: Medicham|High Jump Kick|p1a: Seismitoad
|-damage|p1a: Seismitoad|0 fnt
|faint|p1a: Seismitoad
|
|
|switch|p1a: Crobat|Crobat, F|346\/373
|turn|6
|
|switch|p2a: Crobat|Crobat, M|228\/373
|move|p1a: Crobat|Brave Bird|p2a: Crobat
|-damage|p2a: Crobat|80\/373
|-damage|p1a: Crobat|297\/373|[from] recoil|[of] p2a: Crobat
|
|-heal|p1a: Crobat|320\/373|[from] item: Black Sludge
|-heal|p2a: Crobat|103\/373|[from] item: Leftovers
|turn|7
|c|âGodsend|idk what i'm doing
|c|âGodsend|i need this
|
|move|p1a: Crobat|Brave Bird|p2a: Crobat
|-damage|p2a: Crobat|0 fnt
|-damage|p1a: Crobat|286\/373|[from] recoil|[of] p2a: Crobat
|faint|p2a: Crobat
|
|-heal|p1a: Crobat|309\/373|[from] item: Black Sludge
|
|switch|p2a: Nidoking|Nidoking, M|303\/303
|turn|8
|
|move|p1a: Crobat|U-turn|p2a: Nidoking
|-resisted|p2a: Nidoking
|-damage|p2a: Nidoking|267\/303
|
|switch|p1a: Escavalier|Escavalier, M|343\/343
|move|p2a: Nidoking|Stealth Rock|p1a: Escavalier
|-sidestart|p1: LiberalLucario|move: Stealth Rock
|
|turn|9
|leave|iknownothingatall
|
|move|p2a: Nidoking|Earth Power|p1a: Escavalier
|-damage|p1a: Escavalier|213\/343
|move|p1a: Escavalier|Knock Off|p2a: Nidoking
|-damage|p2a: Nidoking|112\/303
|-enditem|p2a: Nidoking|Life Orb|[from] move: Knock Off|[of] p1a: Escavalier
|
|turn|10
|c|âGodsend|drill run me
|
|move|p2a: Nidoking|Earth Power|p1a: Escavalier
|-crit|p1a: Escavalier
|-damage|p1a: Escavalier|60\/343
|move|p1a: Escavalier|Iron Head|p2a: Nidoking
|-damage|p2a: Nidoking|0 fnt
|faint|p2a: Nidoking
|
|
|switch|p2a: Medicham|Medicham-Mega, F|170\/261
|turn|11
|
|move|p2a: Medicham|Psycho Cut|p1a: Escavalier
|-resisted|p1a: Escavalier
|-damage|p1a: Escavalier|0 fnt
|faint|p1a: Escavalier
|
|
|switch|p1a: Infernape|Infernape, F|293\/293
|-damage|p1a: Infernape|257\/293|[from] Stealth Rock
|turn|12
|
|switch|p2a: Celebi|Celebi|378\/378
|move|p1a: Infernape|Flare Blitz|p2a: Celebi
|-supereffective|p2a: Celebi
|-damage|p2a: Celebi|0 fnt
|-damage|p1a: Infernape|132\/293|[from] recoil|[of] p2a: Celebi
|faint|p2a: Celebi
|
|
|switch|p2a: Lucario|Lucario, F|281\/281
|turn|13
|
|switch|p1a: Crobat|Crobat, F|309\/373
|-damage|p1a: Crobat|216\/373|[from] Stealth Rock
|move|p2a: Lucario|Extreme Speed|p1a: Crobat
|-damage|p1a: Crobat|70\/373
|-damage|p2a: Lucario|253\/281|[from] item: Life Orb
|
|-heal|p1a: Crobat|93\/373|[from] item: Black Sludge
|turn|14
|
|move|p2a: Lucario|Extreme Speed|p1a: Crobat
|-damage|p1a: Crobat|0 fnt
|-damage|p2a: Lucario|225\/281|[from] item: Life Orb
|faint|p1a: Crobat
|
|
|switch|p1a: Shaymin|Shaymin|341\/341
|-damage|p1a: Shaymin|299\/341|[from] Stealth Rock
|turn|15
|
|move|p2a: Lucario|Extreme Speed|p1a: Shaymin
|-damage|p1a: Shaymin|189\/341
|-damage|p2a: Lucario|197\/281|[from] item: Life Orb
|move|p1a: Shaymin|Earth Power|p2a: Lucario
|-supereffective|p2a: Lucario
|-damage|p2a: Lucario|0 fnt
|faint|p2a: Lucario
|
|
|switch|p2a: Kingdra|Kingdra, M|337\/337
|turn|16
|
|move|p1a: Shaymin|Earth Power|p2a: Kingdra
|-damage|p2a: Kingdra|193\/337
|move|p2a: Kingdra|Outrage|p1a: Shaymin
|-damage|p1a: Shaymin|2\/341
|
|turn|17
|c|âGodsend|:O
|c|âLiberalLucario|oml
|
|move|p1a: Shaymin|Earth Power|p2a: Kingdra
|-damage|p2a: Kingdra|56\/337
|move|p2a: Kingdra|Outrage|p1a: Shaymin
|-damage|p1a: Shaymin|0 fnt
|faint|p1a: Shaymin
|
|c|âLiberalLucario|if you
|c|âLiberalLucario|have fake out cham
|c|âLiberalLucario|it's over bc that mon is broke
|c|âGodsend|i don't
|
|switch|p1a: Infernape|Infernape, F|132\/293
|-damage|p1a: Infernape|96\/293|[from] Stealth Rock
|turn|18
|c|âLiberalLucario|well here's  the hoping
|c|âLiberalLucario|*to
|c|âLiberalLucario|i dont die to
|c|âLiberalLucario|BP
|
|move|p1a: Infernape|Flare Blitz|p2a: Kingdra
|-resisted|p2a: Kingdra
|-damage|p2a: Kingdra|0 fnt
|-damage|p1a: Infernape|78\/293|[from] recoil|[of] p2a: Kingdra
|faint|p2a: Kingdra
|
|
|switch|p2a: Medicham|Medicham-Mega, F|170\/261
|turn|19
|c|âLiberalLucario|but i will kill myself i think
|
|move|p2a: Medicham|Bullet Punch|p1a: Infernape
|-resisted|p1a: Infernape
|-damage|p1a: Infernape|26\/293
|move|p1a: Infernape|Flare Blitz|p2a: Medicham
|-damage|p2a: Medicham|0 fnt
|-damage|p1a: Infernape|0 fnt|[from] recoil|[of] p2a: Medicham
|faint|p2a: Medicham
|faint|p1a: Infernape
|
|win|LiberalLucario
|raw|Ladder updating...
|raw|LiberalLucario's rating: 1486 &rarr; <strong>1499<\/strong><br \/>(+13 for winning)
|raw|Godsend's rating: 1361 &rarr; <strong>1347<\/strong><br \/>(-14 for losing)
|c|âLiberalLucario|lol
|c|âLiberalLucario|damn
|c|âGodsend|gg
|leave|Godsend
|player|p2
|c|âLiberalLucario|i'm saving this