|J|Vlado Vladimir
|J|Techno Champ Cat
|player|p1|Vlado Vladimir|1
|player|p2|Techno Champ Cat|technochampcat.png
|gametype|singles
|gen|6
|tier|OU
|clearpoke
|poke|p1|Conkeldurr, M
|poke|p1|Metagross
|poke|p1|Landorus-Therian, M
|poke|p1|Latios, M
|poke|p1|Greninja, F
|poke|p1|Heatran, M
|poke|p2|Suicune, shiny
|poke|p2|Jirachi
|poke|p2|Gengar, M
|poke|p2|Altaria, M, shiny
|poke|p2|Bisharp, M
|poke|p2|Darmanitan, M
|rule|Swagger Clause: Swagger is banned
|rule|Baton Pass Clause: Limit one PokÃ©mon knowing Baton Pass
|rule|Sleep Clause Mod: Limit one foe put to sleep
|rule|Species Clause: Limit one of each PokÃ©mon
|rule|OHKO Clause: OHKO moves are banned
|rule|Moody Clause: Moody is banned
|rule|Evasion Moves Clause: Evasion moves are banned
|rule|Endless Battle Clause: Forcing endless battles is banned
|rule|HP Percentage Mod: HP is shown in percentages
|teampreview
|c|âTechno Champ Cat|aww
|c|âTechno Champ Cat|revere my avi eh?
|c|âTechno Champ Cat|stfu u den
|c|âTechno Champ Cat|:C
|J|AR Khaos
|
|start
|switch|p1a: Conkeldurr|Conkeldurr, M|410\/410
|switch|p2a: .3.|Darmanitan, M|352\/352
|turn|1
|
|move|p2a: .3.|Flare Blitz|p1a: Conkeldurr
|-damage|p1a: Conkeldurr|83\/410
|-damage|p2a: .3.|244\/352|[from] recoil|[of] p1a: Conkeldurr
|move|p1a: Conkeldurr|Knock Off|p2a: .3.
|-damage|p2a: .3.|29\/352
|-enditem|p2a: .3.|Choice Scarf|[from] move: Knock Off|[of] p1a: Conkeldurr
|
|turn|2
|
|move|p1a: Conkeldurr|Mach Punch|p2a: .3.
|-damage|p2a: .3.|0 fnt
|faint|p2a: .3.
|
|
|switch|p2a: Fluffy|Altaria, M, shiny|291\/291
|turn|3
|
|switch|p1a: Heatran|Heatran, M|336\/336
|-item|p1a: Heatran|Air Balloon
|detailschange|p2a: Fluffy|Altaria-Mega, M, shiny
|-mega|p2a: Fluffy|Altaria|Altarianite
|move|p2a: Fluffy|Dragon Dance|p2a: Fluffy
|-boost|p2a: Fluffy|atk|1
|-boost|p2a: Fluffy|spe|1
|
|turn|4
|L|AR Khaos
|
|move|p2a: Fluffy|Return|p1a: Heatran
|-resisted|p1a: Heatran
|-damage|p1a: Heatran|255\/336
|-enditem|p1a: Heatran|Air Balloon
|move|p1a: Heatran|Fire Blast|p2a: Fluffy
|-resisted|p2a: Fluffy
|-damage|p2a: Fluffy|201\/291
|
|turn|5
|
|switch|p1a: Landorus-Therian|Landorus-Therian, M|382\/382
|-ability|p1a: Landorus-Therian|Intimidate|[of] p2a: Fluffy
|-unboost|p2a: Fluffy|atk|1
|move|p2a: Fluffy|Return|p1a: Landorus-Therian
|-damage|p1a: Landorus-Therian|205\/382
|
|-heal|p1a: Landorus-Therian|228\/382|[from] item: Leftovers
|turn|6
|
|move|p2a: Fluffy|Dragon Dance|p2a: Fluffy
|-boost|p2a: Fluffy|atk|1
|-boost|p2a: Fluffy|spe|1
|move|p1a: Landorus-Therian|Stealth Rock|p2a: Fluffy
|-sidestart|p2: Techno Champ Cat|move: Stealth Rock
|
|-heal|p1a: Landorus-Therian|251\/382|[from] item: Leftovers
|turn|7
|
|move|p2a: Fluffy|Dragon Dance|p2a: Fluffy
|-boost|p2a: Fluffy|atk|1
|-boost|p2a: Fluffy|spe|1
|move|p1a: Landorus-Therian|Earthquake|p2a: Fluffy
|-damage|p2a: Fluffy|63\/291
|
|-heal|p1a: Landorus-Therian|274\/382|[from] item: Leftovers
|turn|8
|
|switch|p1a: Heatran|Heatran, M|255\/336
|move|p2a: Fluffy|Return|p1a: Heatran
|-resisted|p1a: Heatran
|-damage|p1a: Heatran|146\/336
|
|turn|9
|
|move|p2a: Fluffy|Return|p1a: Heatran
|-resisted|p1a: Heatran
|-damage|p1a: Heatran|32\/336
|move|p1a: Heatran|Flash Cannon|p2a: Fluffy
|-supereffective|p2a: Fluffy
|-damage|p2a: Fluffy|0 fnt
|faint|p2a: Fluffy
|
|
|switch|p2a: Dark Fairy|Gengar, M|261\/261
|-damage|p2a: Dark Fairy|229\/261|[from] Stealth Rock
|turn|10
|
|move|p2a: Dark Fairy|Thunderbolt|p1a: Heatran
|-damage|p1a: Heatran|0 fnt
|-damage|p2a: Dark Fairy|203\/261|[from] item: Life Orb
|faint|p1a: Heatran
|
|
|switch|p1a: Greninja|Greninja, F|286\/286
|turn|11
|
|move|p1a: Greninja|Dark Pulse|p2a: Dark Fairy
|-start|p1a: Greninja|typechange|Dark|[from] Protean
|-supereffective|p2a: Dark Fairy
|-damage|p2a: Dark Fairy|0 fnt
|-damage|p1a: Greninja|258\/286|[from] item: Life Orb
|faint|p2a: Dark Fairy
|
|
|switch|p2a: Trollacuine|Suicune, shiny|404\/404
|-damage|p2a: Trollacuine|354\/404|[from] Stealth Rock
|-ability|p2a: Trollacuine|Pressure
|turn|12
|
|move|p1a: Greninja|Hidden Power|p2a: Trollacuine
|-start|p1a: Greninja|typechange|Grass|[from] Protean
|-supereffective|p2a: Trollacuine
|-damage|p2a: Trollacuine|149\/404
|-damage|p1a: Greninja|230\/286|[from] item: Life Orb
|move|p2a: Trollacuine|Calm Mind|p2a: Trollacuine
|-boost|p2a: Trollacuine|spa|1
|-boost|p2a: Trollacuine|spd|1
|
|-heal|p2a: Trollacuine|174\/404|[from] item: Leftovers
|turn|13
|
|switch|p1a: Latios|Latios, M|302\/302
|move|p2a: Trollacuine|Rest|p2a: Trollacuine
|-status|p2a: Trollacuine|slp
|-heal|p2a: Trollacuine|404\/404 slp|[silent]
|-status|p2a: Trollacuine|slp|[from] move: Rest
|
|turn|14
|
|move|p1a: Latios|Trick|p2a: Trollacuine
|-activate|p1a: Latios|move: Trick|[of] p2a: Trollacuine
|-item|p2a: Trollacuine|Choice Scarf|[from] move: Trick
|-item|p1a: Latios|Leftovers|[from] move: Trick
|cant|p2a: Trollacuine|slp
|move|p2a: Trollacuine|Sleep Talk|p2a: Trollacuine
|move|p2a: Trollacuine|Scald|p1a: Latios|[from]Sleep Talk
|-resisted|p1a: Latios
|-damage|p1a: Latios|237\/302
|-status|p1a: Latios|brn
|
|-heal|p1a: Latios|255\/302 brn|[from] item: Leftovers
|-damage|p1a: Latios|218\/302 brn|[from] brn
|turn|15
|
|move|p1a: Latios|Draco Meteor|p2a: Trollacuine
|-damage|p2a: Trollacuine|262\/404 slp
|-unboost|p1a: Latios|spa|2
|cant|p2a: Trollacuine|slp
|move|p2a: Trollacuine|Sleep Talk|p2a: Trollacuine
|move|p2a: Trollacuine|Scald|p1a: Latios|[from]Sleep Talk
|-resisted|p1a: Latios
|-damage|p1a: Latios|156\/302 brn
|
|-heal|p1a: Latios|174\/302 brn|[from] item: Leftovers
|-damage|p1a: Latios|137\/302 brn|[from] brn
|turn|16
|
|move|p1a: Latios|Draco Meteor|p2a: Trollacuine|[miss]
|-miss|p1a: Latios|p2a: Trollacuine
|-curestatus|p2a: Trollacuine|slp
|move|p2a: Trollacuine|Sleep Talk|p2a: Trollacuine
|-fail|p2a: Trollacuine
|
|-heal|p1a: Latios|155\/302 brn|[from] item: Leftovers
|-damage|p1a: Latios|118\/302 brn|[from] brn
|turn|17
|
|switch|p1a: Greninja|Greninja, F|230\/286
|switch|p2a: Sharps|Bisharp, M|322\/322
|-damage|p2a: Sharps|302\/322|[from] Stealth Rock
|
|turn|18
|
|switch|p1a: Latios|Latios, M|118\/302 brn
|move|p2a: Sharps|Swords Dance|p2a: Sharps
|-boost|p2a: Sharps|atk|2
|
|-heal|p1a: Latios|136\/302 brn|[from] item: Leftovers
|-damage|p1a: Latios|99\/302 brn|[from] brn
|turn|19
|
|move|p1a: Latios|Draco Meteor|p2a: Sharps
|-resisted|p2a: Sharps
|-damage|p2a: Sharps|126\/322
|-unboost|p1a: Latios|spa|2
|move|p2a: Sharps|Iron Head|p1a: Latios
|-damage|p1a: Latios|0 fnt
|faint|p1a: Latios
|
|
|switch|p1a: Conkeldurr|Conkeldurr, M|83\/410
|turn|20
|
|switch|p1a: Metagross|Metagross|301\/301
|move|p2a: Sharps|Sucker Punch|p1a: Metagross
|-fail|p1a: Metagross
|
|turn|21
|
|detailschange|p1a: Metagross|Metagross-Mega
|-mega|p1a: Metagross|Metagross|Metagrossite
|move|p2a: Sharps|Sucker Punch|p1a: Metagross
|-supereffective|p1a: Metagross
|-damage|p1a: Metagross|0 fnt
|faint|p1a: Metagross
|
|
|switch|p1a: Conkeldurr|Conkeldurr, M|83\/410
|turn|22
|
|switch|p1a: Greninja|Greninja, F|230\/286
|move|p2a: Sharps|Sucker Punch|p1a: Greninja
|-fail|p1a: Greninja
|
|turn|23
|c|âTechno Champ Cat|daammit
|c|âTechno Champ Cat|thats not gonna kill....
|c|âTechno Champ Cat|I hope it does
|c|âTechno Champ Cat|:C
|
|move|p2a: Sharps|Sucker Punch|p1a: Greninja
|-resisted|p1a: Greninja
|-damage|p1a: Greninja|10\/286
|move|p1a: Greninja|Hydro Pump|p2a: Sharps
|-start|p1a: Greninja|typechange|Water|[from] Protean
|-damage|p2a: Sharps|0 fnt
|-damage|p1a: Greninja|0 fnt|[from] item: Life Orb
|faint|p2a: Sharps
|faint|p1a: Greninja
|
|
|switch|p2a: iFlinch|Jirachi|341\/341
|switch|p1a: Conkeldurr|Conkeldurr, M|83\/410
|-damage|p2a: iFlinch|320\/341|[from] Stealth Rock
|turn|24
|
|move|p1a: Conkeldurr|Mach Punch|p2a: iFlinch
|-damage|p2a: iFlinch|233\/341
|move|p2a: iFlinch|Ice Punch|p1a: Conkeldurr
|-damage|p1a: Conkeldurr|10\/410
|
|turn|25
|
|move|p1a: Conkeldurr|Mach Punch|p2a: iFlinch
|-damage|p2a: iFlinch|152\/341
|move|p2a: iFlinch|Ice Punch|p1a: Conkeldurr
|-damage|p1a: Conkeldurr|0 fnt
|faint|p1a: Conkeldurr
|
|
|switch|p1a: Landorus-Therian|Landorus-Therian, M|274\/382
|-ability|p1a: Landorus-Therian|Intimidate|[of] p2a: iFlinch
|-unboost|p2a: iFlinch|atk|1
|turn|26
|
|move|p2a: iFlinch|Ice Punch|p1a: Landorus-Therian
|-supereffective|p1a: Landorus-Therian
|-damage|p1a: Landorus-Therian|118\/382
|-status|p1a: Landorus-Therian|frz
|cant|p1a: Landorus-Therian|frz
|
|-heal|p1a: Landorus-Therian|141\/382 frz|[from] item: Leftovers
|turn|27
|c|âVlado Vladimir|gg
|c|âTechno Champ Cat|LOOOLLL'
|c|âVlado Vladimir|lol
|J|AR Khaos
|c|âTechno Champ Cat|dat sexy hax
|c|âTechno Champ Cat|if no hax
|c|âTechno Champ Cat|it would be gg
|c|âTechno Champ Cat|xD
|c|âVlado Vladimir|ikr lol
|
|move|p2a: iFlinch|Ice Punch|p1a: Landorus-Therian
|-supereffective|p1a: Landorus-Therian
|-damage|p1a: Landorus-Therian|0 fnt
|faint|p1a: Landorus-Therian
|
|win|Techno Champ Cat
|L|Vlado Vladimir
|player|p1
|L|AR Khaos