|join|Vlado Vladimir
|join|5fg54
|player|p1|Vlado Vladimir|290
|player|p2|5fg54|13
|gametype|singles
|gen|6
|tier|OU
|rated
|clearpoke
|poke|p1|Greninja, M
|poke|p1|Latios, M
|poke|p1|Landorus-Therian, M
|poke|p1|Ferrothorn, M
|poke|p1|Heatran, F
|poke|p1|Metagross
|poke|p2|Sylveon, F
|poke|p2|Empoleon, M
|poke|p2|Tyranitar, M
|poke|p2|Charizard, F
|poke|p2|Landorus-Therian, M
|poke|p2|Keldeo
|rule|Swagger Clause: Swagger is banned
|rule|Baton Pass Clause: Limit one PokÃ©mon knowing Baton Pass
|rule|Sleep Clause Mod: Limit one foe put to sleep
|rule|Species Clause: Limit one of each PokÃ©mon
|rule|OHKO Clause: OHKO moves are banned
|rule|Moody Clause: Moody is banned
|rule|Evasion Moves Clause: Evasion moves are banned
|rule|Endless Battle Clause: Forcing endless battles is banned
|rule|HP Percentage Mod: HP is shown in percentages
|teampreview
|
|start
|switch|p1a: Metagross|Metagross|302\/302
|switch|p2a: Landorus-Therian|Landorus-Therian, M|349\/349
|-ability|p2a: Landorus-Therian|Intimidate|[of] p1a: Metagross
|-fail|p1a: Metagross|unboost|[from] ability: Clear Body|[of] p1a: Metagross
|turn|1
|
|switch|p1a: Landorus-Therian|Landorus-Therian, M|382\/382
|-ability|p1a: Landorus-Therian|Intimidate|[of] p2a: Landorus-Therian
|-unboost|p2a: Landorus-Therian|atk|1
|move|p2a: Landorus-Therian|Earthquake|p1a: Landorus-Therian
|-immune|p1a: Landorus-Therian|[msg]
|
|turn|2
|
|switch|p2a: Charizard|Charizard, F|297\/297
|move|p1a: Landorus-Therian|Stealth Rock|p2a: Charizard
|-sidestart|p2: 5fg54|move: Stealth Rock
|
|turn|3
|
|switch|p1a: Heatran|Heatran, F|323\/323
|-item|p1a: Heatran|Air Balloon
|detailschange|p2a: Charizard|Charizard-Mega-Y, F
|message|Charizard has Mega Evolved into Mega Charizard!
|-weather|SunnyDay
|move|p2a: Charizard|Flamethrower|p1a: Heatran
|-start|p1a: Heatran|ability: Flash Fire
|
|-weather|SunnyDay|[upkeep]
|turn|4
|
|move|p2a: Charizard|Focus Blast|p1a: Heatran
|-supereffective|p1a: Heatran
|-damage|p1a: Heatran|63\/323
|-enditem|p1a: Heatran|Air Balloon
|move|p1a: Heatran|Fire Blast|p2a: Charizard
|-resisted|p2a: Charizard
|-damage|p2a: Charizard|90\/297
|
|-weather|SunnyDay|[upkeep]
|turn|5
|
|move|p2a: Charizard|Focus Blast|p1a: Heatran
|-supereffective|p1a: Heatran
|-damage|p1a: Heatran|0 fnt
|faint|p1a: Heatran
|
|-weather|SunnyDay|[upkeep]
|
|switch|p1a: Latios|Latios, M|301\/301
|turn|6
|
|switch|p1a: Landorus-Therian|Landorus-Therian, M|382\/382
|-ability|p1a: Landorus-Therian|Intimidate|[of] p2a: Charizard
|-unboost|p2a: Charizard|atk|1
|switch|p2a: Tyranitar|Tyranitar, M|404\/404
|-damage|p2a: Tyranitar|354\/404|[from] Stealth Rock
|-weather|Sandstorm
|
|-weather|Sandstorm|[upkeep]
|turn|7
|
|switch|p2a: Landorus-Therian|Landorus-Therian, M|349\/349
|-damage|p2a: Landorus-Therian|306\/349|[from] Stealth Rock
|-ability|p2a: Landorus-Therian|Intimidate|[of] p1a: Landorus-Therian
|-unboost|p1a: Landorus-Therian|atk|1
|move|p1a: Landorus-Therian|U-turn|p2a: Landorus-Therian
|-crit|p2a: Landorus-Therian
|-resisted|p2a: Landorus-Therian
|-damage|p2a: Landorus-Therian|240\/349
|
|switch|p1a: Latios|Latios, M|301\/301
|
|-weather|Sandstorm|[upkeep]
|-damage|p1a: Latios|283\/301|[from] sandstorm
|turn|8
|
|move|p1a: Latios|Draco Meteor|p2a: Landorus-Therian
|-damage|p2a: Landorus-Therian|0 fnt
|-unboost|p1a: Latios|spa|2
|faint|p2a: Landorus-Therian
|
|-weather|Sandstorm|[upkeep]
|-damage|p1a: Latios|265\/301|[from] sandstorm
|
|switch|p2a: Empoleon|Empoleon, M|372\/372
|-damage|p2a: Empoleon|349\/372|[from] Stealth Rock
|turn|9
|
|switch|p1a: Metagross|Metagross|302\/302
|move|p2a: Empoleon|Defog|p1a: Metagross
|-fail|p1a: Metagross|unboost|[from] ability: Clear Body|[of] p1a: Metagross
|-sideend|p2: 5fg54|Stealth Rock|[from] move: Defog|[of] p2a: Empoleon
|
|-weather|Sandstorm|[upkeep]
|-heal|p2a: Empoleon|372\/372|[from] item: Leftovers
|turn|10
|
|detailschange|p1a: Metagross|Metagross-Mega
|message|Metagross has Mega Evolved into Mega Metagross!
|move|p1a: Metagross|Hammer Arm|p2a: Empoleon
|-supereffective|p2a: Empoleon
|-damage|p2a: Empoleon|0 fnt
|-unboost|p1a: Metagross|spe|1
|faint|p2a: Empoleon
|
|-weather|none
|
|switch|p2a: Charizard|Charizard-Mega-Y, F|90\/297
|-weather|SunnyDay
|turn|11
|
|switch|p1a: Latios|Latios, M|265\/301
|move|p2a: Charizard|Roost|p2a: Charizard
|-heal|p2a: Charizard|239\/297
|
|-weather|SunnyDay|[upkeep]
|turn|12
|
|switch|p1a: Landorus-Therian|Landorus-Therian, M|382\/382
|-ability|p1a: Landorus-Therian|Intimidate|[of] p2a: Charizard
|-unboost|p2a: Charizard|atk|1
|move|p2a: Charizard|Roost|p2a: Charizard
|-heal|p2a: Charizard|297\/297
|
|-weather|SunnyDay|[upkeep]
|turn|13
|
|move|p2a: Charizard|Flamethrower|p1a: Landorus-Therian
|-damage|p1a: Landorus-Therian|67\/382
|-status|p1a: Landorus-Therian|brn
|move|p1a: Landorus-Therian|Stone Edge|p2a: Charizard
|-supereffective|p2a: Charizard
|-damage|p2a: Charizard|9\/297
|
|-weather|SunnyDay|[upkeep]
|-heal|p1a: Landorus-Therian|90\/382 brn|[from] item: Leftovers
|-damage|p1a: Landorus-Therian|43\/382 brn|[from] brn
|turn|14
|
|move|p2a: Charizard|Roost|p2a: Charizard
|-heal|p2a: Charizard|158\/297
|move|p1a: Landorus-Therian|Earthquake|p2a: Charizard
|-crit|p2a: Charizard
|-supereffective|p2a: Charizard
|-damage|p2a: Charizard|0 fnt
|faint|p2a: Charizard
|
|-weather|SunnyDay|[upkeep]
|-heal|p1a: Landorus-Therian|66\/382 brn|[from] item: Leftovers
|-damage|p1a: Landorus-Therian|19\/382 brn|[from] brn
|
|switch|p2a: Keldeo|Keldeo|323\/323
|turn|15
|
|move|p2a: Keldeo|Scald|p1a: Landorus-Therian
|-supereffective|p1a: Landorus-Therian
|-damage|p1a: Landorus-Therian|0 fnt
|faint|p1a: Landorus-Therian
|
|-weather|none
|
|switch|p1a: Greninja|Greninja, M|286\/286
|turn|16
|
|switch|p2a: Sylveon|Sylveon, F|392\/392
|move|p1a: Greninja|Hydro Pump|p2a: Sylveon
|-start|p1a: Greninja|typechange|Water|[from] Protean
|-damage|p2a: Sylveon|232\/392
|-damage|p1a: Greninja|258\/286|[from] item: Life Orb
|
|turn|17
|
|switch|p1a: Metagross|Metagross-Mega|302\/302
|move|p2a: Sylveon|Hyper Voice|p1a: Metagross
|-resisted|p1a: Metagross
|-damage|p1a: Metagross|153\/302
|
|turn|18
|
|switch|p2a: Keldeo|Keldeo|323\/323
|move|p1a: Metagross|Zen Headbutt|p2a: Keldeo
|-supereffective|p2a: Keldeo
|-damage|p2a: Keldeo|0 fnt
|faint|p2a: Keldeo
|
|c|âVlado Vladimir|gg
|
|switch|p2a: Tyranitar|Tyranitar, M|354\/404
|-weather|Sandstorm
|turn|19
|
|move|p1a: Metagross|Meteor Mash|p2a: Tyranitar
|-supereffective|p2a: Tyranitar
|-damage|p2a: Tyranitar|0 fnt
|faint|p2a: Tyranitar
|
|-weather|Sandstorm|[upkeep]
|
|switch|p2a: Sylveon|Sylveon, F|232\/392
|turn|20
|
|move|p1a: Metagross|Meteor Mash|p2a: Sylveon
|-supereffective|p2a: Sylveon
|-damage|p2a: Sylveon|0 fnt
|faint|p2a: Sylveon
|
|win|Vlado Vladimir
|raw|Ladder updating...
|raw|Vlado Vladimir's rating: 1513 &rarr; <strong>1531<\/strong><br \/>(+18 for winning)
|raw|5fg54's rating: 1466 &rarr; <strong>1449<\/strong><br \/>(-17 for losing)
|leave|5fg54
|player|p2