|join|Megazard Z
|join|Vlado Vladimir
|player|p1|Megazard Z|30
|player|p2|Vlado Vladimir|1
|gametype|singles
|gen|6
|tier|OU
|clearpoke
|poke|p1|Metagross
|poke|p1|Ferrothorn, M
|poke|p1|Landorus-Therian, M
|poke|p1|Manaphy
|poke|p1|Latias, F
|poke|p1|Heatran, M
|poke|p2|Metagross
|poke|p2|Rotom-Wash
|poke|p2|Thundurus-Therian, M
|poke|p2|Latios, M
|poke|p2|Ferrothorn, F
|poke|p2|Landorus-Therian, M
|rule|Swagger Clause: Swagger is banned
|rule|Baton Pass Clause: Limit one PokÃ©mon knowing Baton Pass
|rule|Sleep Clause Mod: Limit one foe put to sleep
|rule|Species Clause: Limit one of each PokÃ©mon
|rule|OHKO Clause: OHKO moves are banned
|rule|Moody Clause: Moody is banned
|rule|Evasion Moves Clause: Evasion moves are banned
|rule|Endless Battle Clause: Forcing endless battles is banned
|rule|HP Percentage Mod: HP is shown in percentages
|teampreview
|join|Brierton
|c|âMegazard Z|gl hf
|c|âVlado Vladimir|u2
|join|Wmar
|
|start
|switch|p1a: Ferrothorn|Ferrothorn, M|352\/352
|switch|p2a: Rotom-Wash|Rotom-Wash|242\/242
|turn|1
|
|move|p2a: Rotom-Wash|Will-O-Wisp|p1a: Ferrothorn
|-status|p1a: Ferrothorn|brn
|move|p1a: Ferrothorn|Spikes|p2a: Rotom-Wash
|-sidestart|p2: Vlado Vladimir|Spikes
|
|-damage|p1a: Ferrothorn|308\/352 brn|[from] brn
|turn|2
|
|switch|p2a: Latios|Latios, M|301\/301
|move|p1a: Ferrothorn|Spikes|p2a: Latios
|-sidestart|p2: Vlado Vladimir|Spikes
|
|-heal|p1a: Ferrothorn|330\/352 brn|[from] item: Leftovers
|-damage|p1a: Ferrothorn|286\/352 brn|[from] brn
|turn|3
|
|switch|p1a: Metagross|Metagross|301\/301
|move|p2a: Latios|Defog|p1a: Metagross
|-fail|p1a: Metagross|unboost|[from] ability: Clear Body|[of] p1a: Metagross
|-sideend|p2: Vlado Vladimir|Spikes|[from] move: Defog|[of] p2a: Latios
|
|turn|4
|
|switch|p2a: Ferrothorn|Ferrothorn, F|352\/352
|detailschange|p1a: Metagross|Metagross-Mega
|-mega|p1a: Metagross|Metagross|Metagrossite
|move|p1a: Metagross|Hammer Arm|p2a: Ferrothorn
|-supereffective|p2a: Ferrothorn
|-damage|p2a: Ferrothorn|76\/352
|-damage|p1a: Metagross|264\/301|[from] ability: Iron Barbs|[of] p2a: Ferrothorn
|-damage|p1a: Metagross|214\/301|[from] item: Rocky Helmet|[of] p2a: Ferrothorn
|-unboost|p1a: Metagross|spe|1
|
|turn|5
|
|switch|p2a: Landorus-Therian|Landorus-Therian, M|382\/382
|-ability|p2a: Landorus-Therian|Intimidate|[of] p1a: Metagross
|-unboost|p1a: Metagross|atk|1
|move|p1a: Metagross|Ice Punch|p2a: Landorus-Therian
|-supereffective|p2a: Landorus-Therian
|-damage|p2a: Landorus-Therian|94\/382
|
|-heal|p2a: Landorus-Therian|117\/382|[from] item: Leftovers
|turn|6
|
|move|p1a: Metagross|Ice Punch|p2a: Landorus-Therian
|-supereffective|p2a: Landorus-Therian
|-damage|p2a: Landorus-Therian|0 fnt
|faint|p2a: Landorus-Therian
|
|c|âVlado Vladimir|now thats THE moveset
|
|switch|p2a: Thundurus-Therian|Thundurus-Therian, M|299\/299
|turn|7
|c|âMegazard Z|the manly gross
|
|switch|p1a: Latias|Latias, F|301\/301
|move|p2a: Thundurus-Therian|Dark Pulse|p1a: Latias
|-supereffective|p1a: Latias
|-damage|p1a: Latias|113\/301
|
|turn|8
|c|âMegazard Z|o
|
|move|p2a: Thundurus-Therian|Dark Pulse|p1a: Latias
|-supereffective|p1a: Latias
|-damage|p1a: Latias|0 fnt
|faint|p1a: Latias
|
|
|switch|p1a: Manaphy|Manaphy|365\/365
|turn|9
|
|switch|p2a: Rotom-Wash|Rotom-Wash|242\/242
|move|p1a: Manaphy|Tail Glow|p1a: Manaphy
|-boost|p1a: Manaphy|spa|3
|
|turn|10
|
|switch|p2a: Thundurus-Therian|Thundurus-Therian, M|299\/299
|move|p1a: Manaphy|Energy Ball|p2a: Thundurus-Therian
|-resisted|p2a: Thundurus-Therian
|-damage|p2a: Thundurus-Therian|152\/299
|
|turn|11
|
|switch|p1a: Ferrothorn|Ferrothorn, M|286\/352 brn
|move|p2a: Thundurus-Therian|Thunderbolt|p1a: Ferrothorn
|-resisted|p1a: Ferrothorn
|-damage|p1a: Ferrothorn|214\/352 brn
|
|-heal|p1a: Ferrothorn|236\/352 brn|[from] item: Leftovers
|-damage|p1a: Ferrothorn|192\/352 brn|[from] brn
|turn|12
|
|switch|p2a: Ferrothorn|Ferrothorn, F|76\/352
|switch|p1a: Landorus-Therian|Landorus-Therian, M|382\/382
|-ability|p1a: Landorus-Therian|Intimidate|[of] p2a: Ferrothorn
|-unboost|p2a: Ferrothorn|atk|1
|
|turn|13
|
|move|p1a: Landorus-Therian|Earthquake|p2a: Ferrothorn
|-damage|p2a: Ferrothorn|0 fnt
|faint|p2a: Ferrothorn
|
|
|switch|p2a: Thundurus-Therian|Thundurus-Therian, M|152\/299
|turn|14
|
|switch|p1a: Heatran|Heatran, M|323\/323
|move|p2a: Thundurus-Therian|Volt Switch|p1a: Heatran
|-damage|p1a: Heatran|178\/323
|
|switch|p2a: Rotom-Wash|Rotom-Wash|242\/242
|
|turn|15
|
|switch|p1a: Ferrothorn|Ferrothorn, M|192\/352 brn
|move|p2a: Rotom-Wash|Hydro Pump|p1a: Ferrothorn
|-resisted|p1a: Ferrothorn
|-damage|p1a: Ferrothorn|138\/352 brn
|
|-heal|p1a: Ferrothorn|160\/352 brn|[from] item: Leftovers
|-damage|p1a: Ferrothorn|116\/352 brn|[from] brn
|turn|16
|
|switch|p2a: Latios|Latios, M|301\/301
|move|p1a: Ferrothorn|Leech Seed|p2a: Latios
|-start|p2a: Latios|move: Leech Seed
|
|-heal|p1a: Ferrothorn|138\/352 brn|[from] item: Leftovers
|-damage|p2a: Latios|264\/301|[from] Leech Seed|[of] p1a: Ferrothorn
|-heal|p1a: Ferrothorn|175\/352 brn|[silent]
|-damage|p1a: Ferrothorn|131\/352 brn|[from] brn
|turn|17
|
|switch|p2a: Thundurus-Therian|Thundurus-Therian, M|152\/299
|move|p1a: Ferrothorn|Leech Seed|p2a: Thundurus-Therian
|-start|p2a: Thundurus-Therian|move: Leech Seed
|
|-heal|p1a: Ferrothorn|153\/352 brn|[from] item: Leftovers
|-damage|p2a: Thundurus-Therian|115\/299|[from] Leech Seed|[of] p1a: Ferrothorn
|-heal|p1a: Ferrothorn|190\/352 brn|[silent]
|-damage|p1a: Ferrothorn|146\/352 brn|[from] brn
|turn|18
|leave|Wmar
|
|move|p1a: Ferrothorn|Protect|p1a: Ferrothorn
|-singleturn|p1a: Ferrothorn|Protect
|move|p2a: Thundurus-Therian|Volt Switch|p1a: Ferrothorn
|-activate|p1a: Ferrothorn|Protect
|
|-heal|p1a: Ferrothorn|168\/352 brn|[from] item: Leftovers
|-damage|p2a: Thundurus-Therian|78\/299|[from] Leech Seed|[of] p1a: Ferrothorn
|-heal|p1a: Ferrothorn|205\/352 brn|[silent]
|-damage|p1a: Ferrothorn|161\/352 brn|[from] brn
|turn|19
|
|switch|p2a: Latios|Latios, M|264\/301
|move|p1a: Ferrothorn|Leech Seed|p2a: Latios
|-start|p2a: Latios|move: Leech Seed
|
|-heal|p1a: Ferrothorn|183\/352 brn|[from] item: Leftovers
|-damage|p2a: Latios|227\/301|[from] Leech Seed|[of] p1a: Ferrothorn
|-heal|p1a: Ferrothorn|220\/352 brn|[silent]
|-damage|p1a: Ferrothorn|176\/352 brn|[from] brn
|turn|20
|
|switch|p2a: Thundurus-Therian|Thundurus-Therian, M|78\/299
|move|p1a: Ferrothorn|Power Whip|p2a: Thundurus-Therian
|-resisted|p2a: Thundurus-Therian
|-damage|p2a: Thundurus-Therian|37\/299
|
|-heal|p1a: Ferrothorn|198\/352 brn|[from] item: Leftovers
|-damage|p1a: Ferrothorn|154\/352 brn|[from] brn
|turn|21
|
|move|p2a: Thundurus-Therian|Focus Blast|p1a: Ferrothorn
|-supereffective|p1a: Ferrothorn
|-damage|p1a: Ferrothorn|0 fnt
|faint|p1a: Ferrothorn
|
|
|switch|p1a: Landorus-Therian|Landorus-Therian, M|382\/382
|-ability|p1a: Landorus-Therian|Intimidate|[of] p2a: Thundurus-Therian
|-unboost|p2a: Thundurus-Therian|atk|1
|turn|22
|
|switch|p2a: Rotom-Wash|Rotom-Wash|242\/242
|move|p1a: Landorus-Therian|U-turn|p2a: Rotom-Wash
|-damage|p2a: Rotom-Wash|189\/242
|
|switch|p1a: Manaphy|Manaphy|365\/365
|
|-heal|p2a: Rotom-Wash|204\/242|[from] item: Leftovers
|turn|23
|
|move|p1a: Manaphy|Energy Ball|p2a: Rotom-Wash
|-supereffective|p2a: Rotom-Wash
|-damage|p2a: Rotom-Wash|68\/242
|move|p2a: Rotom-Wash|Discharge|p1a: Manaphy
|-supereffective|p1a: Manaphy
|-damage|p1a: Manaphy|183\/365
|-status|p1a: Manaphy|par
|
|-heal|p2a: Rotom-Wash|83\/242|[from] item: Leftovers
|-heal|p1a: Manaphy|205\/365 par|[from] item: Leftovers
|turn|24
|
|move|p2a: Rotom-Wash|Discharge|p1a: Manaphy
|-supereffective|p1a: Manaphy
|-damage|p1a: Manaphy|0 fnt
|faint|p1a: Manaphy
|
|-heal|p2a: Rotom-Wash|98\/242|[from] item: Leftovers
|
|switch|p1a: Metagross|Metagross-Mega|214\/301
|turn|25
|
|move|p1a: Metagross|Zen Headbutt|p2a: Rotom-Wash
|-damage|p2a: Rotom-Wash|0 fnt
|faint|p2a: Rotom-Wash
|
|
|switch|p2a: Thundurus-Therian|Thundurus-Therian, M|37\/299
|turn|26
|
|switch|p1a: Landorus-Therian|Landorus-Therian, M|382\/382
|-ability|p1a: Landorus-Therian|Intimidate|[of] p2a: Thundurus-Therian
|-unboost|p2a: Thundurus-Therian|atk|1
|move|p2a: Thundurus-Therian|Dark Pulse|p1a: Landorus-Therian
|-damage|p1a: Landorus-Therian|238\/382
|
|-heal|p1a: Landorus-Therian|261\/382|[from] item: Leftovers
|turn|27
|
|switch|p2a: Metagross|Metagross|302\/302
|move|p1a: Landorus-Therian|U-turn|p2a: Metagross
|-damage|p2a: Metagross|242\/302
|
|switch|p1a: Heatran|Heatran, M|178\/323
|
|turn|28
|
|switch|p2a: Latios|Latios, M|227\/301
|move|p1a: Heatran|Overheat|p2a: Latios
|-resisted|p2a: Latios
|-damage|p2a: Latios|128\/301
|-unboost|p1a: Heatran|spa|2
|
|turn|29
|
|switch|p1a: Metagross|Metagross-Mega|214\/301
|move|p2a: Latios|Earthquake|p1a: Metagross
|-supereffective|p1a: Metagross
|-damage|p1a: Metagross|74\/301
|-damage|p2a: Latios|98\/301|[from] item: Life Orb
|
|turn|30
|
|move|p2a: Latios|Draco Meteor|p1a: Metagross
|-resisted|p1a: Metagross
|-damage|p1a: Metagross|0 fnt
|-unboost|p2a: Latios|spa|2
|-damage|p2a: Latios|68\/301|[from] item: Life Orb
|faint|p1a: Metagross
|
|
|switch|p1a: Heatran|Heatran, M|178\/323
|turn|31
|
|move|p1a: Heatran|Overheat|p2a: Latios
|-resisted|p2a: Latios
|-damage|p2a: Latios|0 fnt
|-unboost|p1a: Heatran|spa|2
|faint|p2a: Latios
|
|
|switch|p2a: Thundurus-Therian|Thundurus-Therian, M|37\/299
|turn|32
|
|switch|p1a: Landorus-Therian|Landorus-Therian, M|261\/382
|-ability|p1a: Landorus-Therian|Intimidate|[of] p2a: Thundurus-Therian
|-unboost|p2a: Thundurus-Therian|atk|1
|move|p2a: Thundurus-Therian|Thunderbolt|p1a: Landorus-Therian
|-immune|p1a: Landorus-Therian|[msg]
|
|-heal|p1a: Landorus-Therian|284\/382|[from] item: Leftovers
|turn|33
|join|Rangweezy
|c|âVlado Vladimir|gg
|
|move|p2a: Thundurus-Therian|Thunderbolt|p1a: Landorus-Therian
|-immune|p1a: Landorus-Therian|[msg]
|move|p1a: Landorus-Therian|U-turn|p2a: Thundurus-Therian
|-resisted|p2a: Thundurus-Therian
|-damage|p2a: Thundurus-Therian|0 fnt
|faint|p2a: Thundurus-Therian
|
|switch|p1a: Heatran|Heatran, M|178\/323
|
|c|âMegazard Z|gg
|
|switch|p2a: Metagross|Metagross|242\/302
|turn|34
|
|detailschange|p2a: Metagross|Metagross-Mega
|-mega|p2a: Metagross|Metagross|Metagrossite
|move|p1a: Heatran|Overheat|p2a: Metagross
|-supereffective|p2a: Metagross
|-damage|p2a: Metagross|0 fnt
|-unboost|p1a: Heatran|spa|2
|faint|p2a: Metagross
|
|win|Megazard Z