|join|Alvadora
|join|Vlado Vladimir
|player|p1|Alvadora|256
|player|p2|Vlado Vladimir|31
|gametype|singles
|gen|6
|tier|OU
|rated
|clearpoke
|poke|p1|Gothitelle, F
|poke|p1|Skarmory, M
|poke|p1|Cresselia, F
|poke|p1|Quagsire, M
|poke|p1|Sableye, F
|poke|p1|Chansey, F
|poke|p2|Metagross
|poke|p2|Rotom-Wash
|poke|p2|Gengar, M
|poke|p2|Latios, M
|poke|p2|Ferrothorn, F
|poke|p2|Landorus-Therian, M
|rule|Swagger Clause: Swagger is banned
|rule|Baton Pass Clause: Limit one PokÃ©mon knowing Baton Pass
|rule|Sleep Clause Mod: Limit one foe put to sleep
|rule|Species Clause: Limit one of each PokÃ©mon
|rule|OHKO Clause: OHKO moves are banned
|rule|Moody Clause: Moody is banned
|rule|Evasion Moves Clause: Evasion moves are banned
|rule|Endless Battle Clause: Forcing endless battles is banned
|rule|HP Percentage Mod: HP is shown in percentages
|teampreview
|c|âAlvadora|GL
|
|start
|switch|p1a: Chansey|Chansey, F|704\/704
|switch|p2a: Landorus-Therian|Landorus-Therian, M|319\/319
|-ability|p2a: Landorus-Therian|Intimidate|[of] p1a: Chansey
|-unboost|p1a: Chansey|atk|1
|turn|1
|c|âVlado Vladimir|u2
|c|âVlado Vladimir|;_;
|
|switch|p1a: Skarmory|Skarmory, M|334\/334
|move|p2a: Landorus-Therian|Stealth Rock|p1a: Skarmory
|-sidestart|p1: Alvadora|move: Stealth Rock
|
|turn|2
|
|switch|p2a: Rotom-Wash|Rotom-Wash|303\/303
|move|p1a: Skarmory|Defog|p2a: Rotom-Wash
|-unboost|p2a: Rotom-Wash|evasion|1
|-sideend|p1: Alvadora|Stealth Rock|[from] move: Defog|[of] p1a: Skarmory
|
|turn|3
|
|switch|p1a: Quagsire|Quagsire, M|394\/394
|move|p2a: Rotom-Wash|Volt Switch|p1a: Quagsire
|-immune|p1a: Quagsire|[msg]
|
|turn|4
|
|switch|p2a: Ferrothorn|Ferrothorn, F|352\/352
|move|p1a: Quagsire|Toxic|p2a: Ferrothorn
|-fail|p2a: Ferrothorn
|
|turn|5
|
|switch|p1a: Sableye|Sableye, F|303\/303
|move|p2a: Ferrothorn|Spikes|p1a: Sableye
|-sidestart|p1: Alvadora|Spikes
|
|turn|6
|
|switch|p2a: Gengar|Gengar, M|262\/262
|detailschange|p1a: Sableye|Sableye-Mega, F
|-mega|p1a: Sableye|Sableye|Sablenite
|move|p1a: Sableye|Will-O-Wisp|p2a: Gengar
|-status|p2a: Gengar|brn
|
|-damage|p2a: Gengar|230\/262 brn|[from] brn
|turn|7
|
|move|p2a: Gengar|Sludge Bomb|p1a: Sableye
|-resisted|p1a: Sableye
|-damage|p1a: Sableye|211\/303
|-status|p1a: Sableye|psn
|-damage|p2a: Gengar|204\/262 brn|[from] item: Life Orb
|move|p1a: Sableye|Recover|p1a: Sableye
|-heal|p1a: Sableye|303\/303 psn
|
|-damage|p2a: Gengar|172\/262 brn|[from] brn
|-damage|p1a: Sableye|266\/303 psn|[from] psn
|turn|8
|c|âAlvadora|!!!!
|
|move|p2a: Gengar|Shadow Ball|p1a: Sableye
|-damage|p1a: Sableye|113\/303 psn
|-damage|p2a: Gengar|146\/262 brn|[from] item: Life Orb
|move|p1a: Sableye|Snarl|p2a: Gengar
|-supereffective|p2a: Gengar
|-damage|p2a: Gengar|6\/262 brn
|-unboost|p2a: Gengar|spa|1
|
|-damage|p2a: Gengar|0 fnt|[from] brn
|-damage|p1a: Sableye|76\/303 psn|[from] psn
|faint|p2a: Gengar
|c|âVlado Vladimir|whaat?
|c|âVlado Vladimir|!dt snarl
|c|~|\/data-move Snarl
|raw|<font size="1"><font color=#585858>Priority:<\/font> 0&nbsp;|&ThickSpace;<font color=#585858><font color=black>&#10003; Secondary effect<\/font><\/font>&nbsp;|&ThickSpace;<font color=#585858><font color=black>&#10003; Sound<\/font><\/font>&nbsp;|&ThickSpace;<font color=#585858><font color=black>&#10003; Blocked by Protect<\/font><\/font>&nbsp;|&ThickSpace;<font color=#585858><font color=black>&#10003; Ignores substitutes<\/font><\/font>&nbsp;|&ThickSpace;<font color=#585858>Target:<\/font> All Adjacent Opponents<\/font>
|c|âAlvadora|poisoned :[
|c|âVlado Vladimir|Uh
|c|âAlvadora|rip
|c|âVlado Vladimir|That's nasty
|
|switch|p2a: Metagross|Metagross|301\/301
|turn|9
|
|switch|p2a: Rotom-Wash|Rotom-Wash|303\/303
|switch|p1a: Skarmory|Skarmory, M|334\/334
|
|turn|10
|
|move|p2a: Rotom-Wash|Will-O-Wisp|p1a: Skarmory
|-status|p1a: Skarmory|brn
|move|p1a: Skarmory|Roost|p1a: Skarmory
|-fail|p1a: Skarmory
|
|-damage|p1a: Skarmory|293\/334 brn|[from] brn
|turn|11
|c|âAlvadora|....
|c|âAlvadora|misclick
|
|move|p2a: Rotom-Wash|Volt Switch|p1a: Skarmory
|-supereffective|p1a: Skarmory
|-damage|p1a: Skarmory|77\/334 brn
|
|switch|p2a: Metagross|Metagross|301\/301
|move|p1a: Skarmory|Defog|p2a: Metagross
|-fail|p2a: Metagross|unboost|[from] ability: Clear Body|[of] p2a: Metagross
|-sideend|p1: Alvadora|Spikes|[from] move: Defog|[of] p1a: Skarmory
|
|-damage|p1a: Skarmory|36\/334 brn|[from] brn
|turn|12
|c|âAlvadora|wtf
|c|âAlvadora|i clicked
|c|âAlvadora|roost
|c|âAlvadora|the cancel
|c|âAlvadora|button is shit
|c|âVlado Vladimir|I know lol
|
|detailschange|p2a: Metagross|Metagross-Mega
|-mega|p2a: Metagross|Metagross|Metagrossite
|move|p2a: Metagross|Meteor Mash|p1a: Skarmory
|-resisted|p1a: Skarmory
|-damage|p1a: Skarmory|0 fnt
|faint|p1a: Skarmory
|
|c|âVlado Vladimir|When playing vs stall
|c|âVlado Vladimir|Every turn
|c|âVlado Vladimir|is too important
|
|switch|p1a: Quagsire|Quagsire, M|394\/394
|turn|13
|
|switch|p2a: Ferrothorn|Ferrothorn, F|352\/352
|move|p1a: Quagsire|Scald|p2a: Ferrothorn
|-crit|p2a: Ferrothorn
|-resisted|p2a: Ferrothorn
|-damage|p2a: Ferrothorn|308\/352
|
|turn|14
|
|switch|p1a: Chansey|Chansey, F|704\/704
|move|p2a: Ferrothorn|Power Whip|p1a: Chansey|[miss]
|-miss|p2a: Ferrothorn|p1a: Chansey
|
|turn|15
|
|switch|p1a: Sableye|Sableye-Mega, F|76\/303 psn
|switch|p2a: Metagross|Metagross-Mega|301\/301
|
|-damage|p1a: Sableye|39\/303 psn|[from] psn
|turn|16
|
|move|p2a: Metagross|Meteor Mash|p1a: Sableye
|-damage|p1a: Sableye|0 fnt
|-boost|p2a: Metagross|atk|1
|faint|p1a: Sableye
|
|c|âAlvadora|zzzzzz
|c|âAlvadora|that 2 turns on skarm
|c|âAlvadora|cost me the game
|-message|Alvadora forfeited.
|c|âVlado Vladimir|yep
|c|âVlado Vladimir|lol
|
|win|Vlado Vladimir
|raw|Ladder updating...
|raw|Alvadora's rating: 1728 &rarr; <strong>1710<\/strong><br \/>(-18 for losing)
|raw|Vlado Vladimir's rating: 1750 &rarr; <strong>1768<\/strong><br \/>(+18 for winning)