|join|Vlado Vladimir
|join|bousheesnaw
|player|p1|Vlado Vladimir|2
|player|p2|bousheesnaw|1
|gametype|singles
|gen|6
|tier|OU
|rated
|clearpoke
|poke|p1|Metagross
|poke|p1|Rotom-Wash
|poke|p1|Gengar, F
|poke|p1|Latios, M
|poke|p1|Ferrothorn, F
|poke|p1|Landorus-Therian, M
|poke|p2|Gyarados, F
|poke|p2|Magnezone
|poke|p2|Landorus-Therian, M
|poke|p2|Latios, M
|poke|p2|Sylveon, M
|poke|p2|Skarmory, M
|rule|Swagger Clause: Swagger is banned
|rule|Baton Pass Clause: Limit one PokÃ©mon knowing Baton Pass
|rule|Sleep Clause Mod: Limit one foe put to sleep
|rule|Species Clause: Limit one of each PokÃ©mon
|rule|OHKO Clause: OHKO moves are banned
|rule|Moody Clause: Moody is banned
|rule|Evasion Moves Clause: Evasion moves are banned
|rule|Endless Battle Clause: Forcing endless battles is banned
|rule|HP Percentage Mod: HP is shown in percentages
|teampreview
|c|âbousheesnaw|gl
|
|start
|switch|p1a: Rotom-Wash|Rotom-Wash|303\/303
|switch|p2a: Landorus-Therian|Landorus-Therian, M|382\/382
|-ability|p2a: Landorus-Therian|Intimidate|[of] p1a: Rotom-Wash
|-unboost|p1a: Rotom-Wash|atk|1
|turn|1
|
|switch|p2a: Sylveon|Sylveon, M|394\/394
|move|p1a: Rotom-Wash|Hydro Pump|p2a: Sylveon
|-damage|p2a: Sylveon|310\/394
|
|-heal|p2a: Sylveon|334\/394|[from] item: Leftovers
|turn|2
|
|switch|p1a: Metagross|Metagross|301\/301
|move|p2a: Sylveon|Hyper Voice|p1a: Metagross
|-resisted|p1a: Metagross
|-damage|p1a: Metagross|227\/301
|
|-heal|p2a: Sylveon|358\/394|[from] item: Leftovers
|turn|3
|
|switch|p1a: Gengar|Gengar, F|262\/262
|switch|p2a: Skarmory|Skarmory, M|333\/333
|
|turn|4
|
|switch|p2a: Sylveon|Sylveon, M|358\/394
|move|p1a: Gengar|Shadow Ball|p2a: Sylveon
|-damage|p2a: Sylveon|249\/394
|-damage|p1a: Gengar|236\/262|[from] item: Life Orb
|
|-heal|p2a: Sylveon|273\/394|[from] item: Leftovers
|turn|5
|
|move|p2a: Sylveon|Protect|p2a: Sylveon
|-singleturn|p2a: Sylveon|Protect
|move|p1a: Gengar|Sludge Wave|p2a: Sylveon
|-activate|p2a: Sylveon|Protect
|
|-heal|p2a: Sylveon|297\/394|[from] item: Leftovers
|turn|6
|
|switch|p2a: Magnezone|Magnezone|281\/281
|move|p1a: Gengar|Focus Blast|p2a: Magnezone
|-supereffective|p2a: Magnezone
|-damage|p2a: Magnezone|0 fnt
|-damage|p1a: Gengar|210\/262|[from] item: Life Orb
|faint|p2a: Magnezone
|
|
|switch|p2a: Gyarados|Gyarados, F|331\/331
|-ability|p2a: Gyarados|Intimidate|[of] p1a: Gengar
|-unboost|p1a: Gengar|atk|1
|turn|7
|
|switch|p1a: Ferrothorn|Ferrothorn, F|352\/352
|move|p2a: Gyarados|Dragon Dance|p2a: Gyarados
|-boost|p2a: Gyarados|atk|1
|-boost|p2a: Gyarados|spe|1
|
|turn|8
|
|detailschange|p2a: Gyarados|Gyarados-Mega, F
|-mega|p2a: Gyarados|Gyarados|Gyaradosite
|-ability|p2a: Gyarados|Mold Breaker
|move|p2a: Gyarados|Dragon Dance|p2a: Gyarados
|-boost|p2a: Gyarados|atk|1
|-boost|p2a: Gyarados|spe|1
|move|p1a: Ferrothorn|Power Whip|p2a: Gyarados
|-supereffective|p2a: Gyarados
|-damage|p2a: Gyarados|91\/331
|
|turn|9
|
|move|p2a: Gyarados|Crunch|p1a: Ferrothorn
|-damage|p1a: Ferrothorn|157\/352
|-damage|p2a: Gyarados|50\/331|[from] ability: Iron Barbs|[of] p1a: Ferrothorn
|-damage|p2a: Gyarados|0 fnt|[from] item: Rocky Helmet|[of] p1a: Ferrothorn
|faint|p2a: Gyarados
|-unboost|p1a: Ferrothorn|def|1
|move|p1a: Ferrothorn|Leech Seed|p2: Gyarados|[notarget]
|-notarget
|
|c|âVlado Vladimir|ugh
|
|switch|p2a: Landorus-Therian|Landorus-Therian, M|382\/382
|-ability|p2a: Landorus-Therian|Intimidate|[of] p1a: Ferrothorn
|-unboost|p1a: Ferrothorn|atk|1
|turn|10
|c|âVlado Vladimir|should've used sikes
|c|âVlado Vladimir|*spikes
|
|move|p2a: Landorus-Therian|Stealth Rock|p1a: Ferrothorn
|-sidestart|p1: Vlado Vladimir|move: Stealth Rock
|move|p1a: Ferrothorn|Leech Seed|p2a: Landorus-Therian
|-start|p2a: Landorus-Therian|move: Leech Seed
|
|-damage|p2a: Landorus-Therian|335\/382|[from] Leech Seed|[of] p1a: Ferrothorn
|-heal|p1a: Ferrothorn|204\/352|[silent]
|turn|11
|
|move|p2a: Landorus-Therian|Earthquake|p1a: Ferrothorn
|-damage|p1a: Ferrothorn|62\/352
|move|p1a: Ferrothorn|Spikes|p2a: Landorus-Therian
|-sidestart|p2: bousheesnaw|Spikes
|
|-heal|p2a: Landorus-Therian|358\/382|[from] item: Leftovers
|-damage|p2a: Landorus-Therian|311\/382|[from] Leech Seed|[of] p1a: Ferrothorn
|-heal|p1a: Ferrothorn|109\/352|[silent]
|turn|12
|join|Caso Casimir
|
|switch|p1a: Landorus-Therian|Landorus-Therian, M|319\/319
|-damage|p1a: Landorus-Therian|280\/319|[from] Stealth Rock
|-ability|p1a: Landorus-Therian|Intimidate|[of] p2a: Landorus-Therian
|-unboost|p2a: Landorus-Therian|atk|1
|move|p2a: Landorus-Therian|Earthquake|p1a: Landorus-Therian
|-immune|p1a: Landorus-Therian|[msg]
|
|-heal|p2a: Landorus-Therian|334\/382|[from] item: Leftovers
|-damage|p2a: Landorus-Therian|287\/382|[from] Leech Seed|[of] p1a: Landorus-Therian
|-heal|p1a: Landorus-Therian|319\/319|[silent]
|turn|13
|
|move|p1a: Landorus-Therian|Stealth Rock|p2a: Landorus-Therian
|-sidestart|p2: bousheesnaw|move: Stealth Rock
|move|p2a: Landorus-Therian|U-turn|p1a: Landorus-Therian
|-resisted|p1a: Landorus-Therian
|-damage|p1a: Landorus-Therian|295\/319
|
|switch|p2a: Skarmory|Skarmory, M|333\/333
|-damage|p2a: Skarmory|292\/333|[from] Stealth Rock
|
|turn|14
|
|switch|p1a: Gengar|Gengar, F|210\/262
|-damage|p1a: Gengar|178\/262|[from] Stealth Rock
|move|p2a: Skarmory|Spikes|p1a: Gengar
|-sidestart|p1: Vlado Vladimir|Spikes
|
|turn|15
|
|move|p1a: Gengar|Shadow Ball|p2a: Skarmory
|-damage|p2a: Skarmory|58\/333
|-damage|p1a: Gengar|152\/262|[from] item: Life Orb
|move|p2a: Skarmory|Brave Bird|p1a: Gengar
|-damage|p1a: Gengar|0 fnt
|-damage|p2a: Skarmory|8\/333|[from] recoil|[of] p1a: Gengar
|faint|p1a: Gengar
|
|
|switch|p1a: Latios|Latios, M|301\/301
|-damage|p1a: Latios|264\/301|[from] Stealth Rock
|turn|16
|
|move|p1a: Latios|Calm Mind|p1a: Latios
|-boost|p1a: Latios|spa|1
|-boost|p1a: Latios|spd|1
|move|p2a: Skarmory|Brave Bird|p1a: Latios
|-damage|p1a: Latios|108\/301
|-damage|p2a: Skarmory|0 fnt|[from] recoil|[of] p1a: Latios
|faint|p2a: Skarmory
|
|
|switch|p2a: Latios|Latios, M|301\/301
|-damage|p2a: Latios|264\/301|[from] Stealth Rock
|turn|17
|
|move|p2a: Latios|Draco Meteor|p1a: Latios
|-supereffective|p1a: Latios
|-damage|p1a: Latios|0 fnt
|-unboost|p2a: Latios|spa|2
|-damage|p2a: Latios|234\/301|[from] item: Life Orb
|faint|p1a: Latios
|
|
|switch|p1a: Metagross|Metagross|227\/301
|-damage|p1a: Metagross|190\/301|[from] Spikes
|-damage|p1a: Metagross|172\/301|[from] Stealth Rock
|turn|18
|
|switch|p2a: Landorus-Therian|Landorus-Therian, M|287\/382
|-damage|p2a: Landorus-Therian|240\/382|[from] Stealth Rock
|-ability|p2a: Landorus-Therian|Intimidate|[of] p1a: Metagross
|-fail|p1a: Metagross|unboost|[from] ability: Clear Body|[of] p1a: Metagross
|detailschange|p1a: Metagross|Metagross-Mega
|-mega|p1a: Metagross|Metagross|Metagrossite
|move|p1a: Metagross|Meteor Mash|p2a: Landorus-Therian
|-damage|p2a: Landorus-Therian|60\/382
|
|-heal|p2a: Landorus-Therian|83\/382|[from] item: Leftovers
|turn|19
|
|switch|p2a: Latios|Latios, M|234\/301
|-damage|p2a: Latios|197\/301|[from] Stealth Rock
|move|p1a: Metagross|Meteor Mash|p2a: Latios
|-damage|p2a: Latios|0 fnt
|faint|p2a: Latios
|
|
|switch|p2a: Landorus-Therian|Landorus-Therian, M|83\/382
|-damage|p2a: Landorus-Therian|36\/382|[from] Stealth Rock
|-ability|p2a: Landorus-Therian|Intimidate|[of] p1a: Metagross
|-unboost|p1a: Metagross|atk|1
|turn|20
|
|switch|p1a: Landorus-Therian|Landorus-Therian, M|295\/319
|-damage|p1a: Landorus-Therian|256\/319|[from] Stealth Rock
|-ability|p1a: Landorus-Therian|Intimidate|[of] p2a: Landorus-Therian
|-unboost|p2a: Landorus-Therian|atk|1
|move|p2a: Landorus-Therian|Earthquake|p1a: Landorus-Therian
|-immune|p1a: Landorus-Therian|[msg]
|
|-heal|p2a: Landorus-Therian|59\/382|[from] item: Leftovers
|turn|21
|
|move|p1a: Landorus-Therian|Stone Edge|p2a: Landorus-Therian
|-damage|p2a: Landorus-Therian|0 fnt
|faint|p2a: Landorus-Therian
|
|
|switch|p2a: Sylveon|Sylveon, M|297\/394
|-damage|p2a: Sylveon|248\/394|[from] Spikes
|-damage|p2a: Sylveon|199\/394|[from] Stealth Rock
|turn|22
|c|âbousheesnaw|gg
|c|âVlado Vladimir|gg
|c|âVlado Vladimir|I guess
|
|switch|p1a: Ferrothorn|Ferrothorn, F|109\/352
|-damage|p1a: Ferrothorn|65\/352|[from] Spikes
|-damage|p1a: Ferrothorn|43\/352|[from] Stealth Rock
|move|p2a: Sylveon|Wish|p2a: Sylveon
|
|-heal|p2a: Sylveon|223\/394|[from] item: Leftovers
|turn|23
|c|âVlado Vladimir|not realy bruh
|
|move|p2a: Sylveon|Hyper Voice|p1a: Ferrothorn
|-resisted|p1a: Ferrothorn
|-damage|p1a: Ferrothorn|0 fnt
|faint|p1a: Ferrothorn
|
|-heal|p2a: Sylveon|394\/394|[from] move: Wish|[wisher] Sylveon
|c|âVlado Vladimir|*yet
|
|switch|p1a: Rotom-Wash|Rotom-Wash|303\/303
|-damage|p1a: Rotom-Wash|266\/303|[from] Stealth Rock
|turn|24
|
|move|p1a: Rotom-Wash|Will-O-Wisp|p2a: Sylveon|[miss]
|-miss|p1a: Rotom-Wash|p2a: Sylveon
|move|p2a: Sylveon|Wish|p2a: Sylveon
|
|-heal|p1a: Rotom-Wash|284\/303|[from] item: Leftovers
|turn|25
|
|move|p1a: Rotom-Wash|Will-O-Wisp|p2a: Sylveon
|-status|p2a: Sylveon|brn
|move|p2a: Sylveon|Hyper Voice|p1a: Rotom-Wash
|-damage|p1a: Rotom-Wash|182\/303
|
|-heal|p1a: Rotom-Wash|200\/303|[from] item: Leftovers
|-damage|p2a: Sylveon|345\/394 brn|[from] brn
|turn|26
|
|move|p1a: Rotom-Wash|Hydro Pump|p2a: Sylveon|[miss]
|-miss|p1a: Rotom-Wash|p2a: Sylveon
|move|p2a: Sylveon|Hyper Voice|p1a: Rotom-Wash
|-damage|p1a: Rotom-Wash|101\/303
|
|-heal|p1a: Rotom-Wash|119\/303|[from] item: Leftovers
|-heal|p2a: Sylveon|369\/394 brn|[from] item: Leftovers
|-damage|p2a: Sylveon|320\/394 brn|[from] brn
|turn|27
|
|move|p1a: Rotom-Wash|Discharge|p2a: Sylveon
|-damage|p2a: Sylveon|263\/394 brn
|move|p2a: Sylveon|Wish|p2a: Sylveon
|
|-heal|p1a: Rotom-Wash|137\/303|[from] item: Leftovers
|-heal|p2a: Sylveon|287\/394 brn|[from] item: Leftovers
|-damage|p2a: Sylveon|238\/394 brn|[from] brn
|turn|28
|
|move|p1a: Rotom-Wash|Hydro Pump|p2a: Sylveon
|-damage|p2a: Sylveon|156\/394 brn
|move|p2a: Sylveon|Heal Bell|p2a: Sylveon
|-cureteam|p2a: Sylveon|[from] move: HealBell
|
|-heal|p2a: Sylveon|353\/394|[from] move: Wish|[wisher] Sylveon
|-heal|p1a: Rotom-Wash|155\/303|[from] item: Leftovers
|-heal|p2a: Sylveon|377\/394|[from] item: Leftovers
|turn|29
|
|move|p1a: Rotom-Wash|Pain Split|p2a: Sylveon
|-sethp|p2a: Sylveon|266\/394|p1a: Rotom-Wash|266\/303|[from] move: Pain Split
|move|p2a: Sylveon|Hyper Voice|p1a: Rotom-Wash
|-damage|p1a: Rotom-Wash|152\/303
|
|-heal|p1a: Rotom-Wash|170\/303|[from] item: Leftovers
|-heal|p2a: Sylveon|290\/394|[from] item: Leftovers
|turn|30
|
|move|p1a: Rotom-Wash|Will-O-Wisp|p2a: Sylveon
|-status|p2a: Sylveon|brn
|move|p2a: Sylveon|Hyper Voice|p1a: Rotom-Wash
|-damage|p1a: Rotom-Wash|70\/303
|
|-heal|p1a: Rotom-Wash|88\/303|[from] item: Leftovers
|-heal|p2a: Sylveon|314\/394 brn|[from] item: Leftovers
|-damage|p2a: Sylveon|265\/394 brn|[from] brn
|turn|31
|
|move|p1a: Rotom-Wash|Pain Split|p2a: Sylveon
|-sethp|p2a: Sylveon|176\/394 brn|p1a: Rotom-Wash|176\/303|[from] move: Pain Split
|move|p2a: Sylveon|Hyper Voice|p1a: Rotom-Wash
|-crit|p1a: Rotom-Wash
|-damage|p1a: Rotom-Wash|10\/303
|
|-heal|p1a: Rotom-Wash|28\/303|[from] item: Leftovers
|-heal|p2a: Sylveon|200\/394 brn|[from] item: Leftovers
|-damage|p2a: Sylveon|151\/394 brn|[from] brn
|turn|32
|
|move|p1a: Rotom-Wash|Hydro Pump|p2a: Sylveon
|-damage|p2a: Sylveon|64\/394 brn
|move|p2a: Sylveon|Hyper Voice|p1a: Rotom-Wash
|-damage|p1a: Rotom-Wash|0 fnt
|faint|p1a: Rotom-Wash
|
|-heal|p2a: Sylveon|88\/394 brn|[from] item: Leftovers
|-damage|p2a: Sylveon|39\/394 brn|[from] brn
|
|switch|p1a: Landorus-Therian|Landorus-Therian, M|256\/319
|-damage|p1a: Landorus-Therian|217\/319|[from] Stealth Rock
|-ability|p1a: Landorus-Therian|Intimidate|[of] p2a: Sylveon
|-unboost|p2a: Sylveon|atk|1
|turn|33
|c|âVlado Vladimir|ok now it is gg
|c|âbousheesnaw|gg
|c|âVlado Vladimir|You won't bealieve how many times my mash fails ;_;
|
|move|p1a: Landorus-Therian|Earthquake|p2a: Sylveon
|-damage|p2a: Sylveon|0 fnt
|faint|p2a: Sylveon
|
|win|Vlado Vladimir
|raw|Ladder updating...
|raw|Vlado Vladimir's rating: 1632 &rarr; <strong>1645<\/strong><br \/>(+13 for winning)
|raw|bousheesnaw's rating: 1507 &rarr; <strong>1494<\/strong><br \/>(-13 for losing)
|c|âbousheesnaw|lol
|leave|Vlado Vladimir
|player|p1
|c| Caso Casimir|huh
|c| Caso Casimir|our names
|c| Caso Casimir|rhymed