|join|Vlado Vladimir
|join|thesomeguy
|player|p1|Vlado Vladimir|101
|player|p2|thesomeguy|262
|gametype|singles
|gen|6
|tier|OU (suspect test)
|rated
|clearpoke
|poke|p1|Gyarados, M
|poke|p1|Whimsicott, M
|poke|p1|Jirachi
|poke|p2|Victini
|poke|p2|Starmie
|poke|p2|Manectric, M, shiny
|poke|p2|Azumarill, F, shiny
|poke|p2|Breloom, F
|poke|p2|Keldeo
|rule|Swagger Clause: Swagger is banned
|rule|Baton Pass Clause: Limit one PokÃ©mon knowing Baton Pass
|rule|Sleep Clause Mod: Limit one foe put to sleep
|rule|Species Clause: Limit one of each PokÃ©mon
|rule|OHKO Clause: OHKO moves are banned
|rule|Moody Clause: Moody is banned
|rule|Evasion Moves Clause: Evasion moves are banned
|rule|Endless Battle Clause: Forcing endless battles is banned
|rule|HP Percentage Mod: HP is shown in percentages
|teampreview
|c|âVlado Vladimir|And this my friend
|c|âVlado Vladimir|is what happens when you clean your cookies
|c|âthesomeguy|lol
|c|âVlado Vladimir|you get the wrong team
|c|âthesomeguy|i was like tf is this?
|c|âthesomeguy|but gl hf nonetheless
|c|âVlado Vladimir|lol
|c|âVlado Vladimir|kk
|c|âVlado Vladimir|:(
|
|start
|switch|p1a: Jirachi|Jirachi|404\/404
|switch|p2a: Bobby Rydell|Manectric, M, shiny|281\/281
|turn|1
|
|switch|p1a: Whimsicott|Whimsicott, M|324\/324
|detailschange|p2a: Bobby Rydell|Manectric-Mega, M, shiny
|-mega|p2a: Bobby Rydell|Manectric|Manectite
|-ability|p2a: Bobby Rydell|Intimidate|[of] p1a: Whimsicott
|-unboost|p1a: Whimsicott|atk|1
|move|p2a: Bobby Rydell|Volt Switch|p1a: Whimsicott
|-resisted|p1a: Whimsicott
|-damage|p1a: Whimsicott|243\/324
|
|switch|p2a: Vito|Victini|341\/341
|
|-heal|p1a: Whimsicott|263\/324|[from] item: Leftovers
|turn|2
|
|move|p1a: Whimsicott|Substitute|p1a: Whimsicott
|-start|p1a: Whimsicott|Substitute
|-damage|p1a: Whimsicott|182\/324
|move|p2a: Vito|V-create|p1a: Whimsicott
|-supereffective|p1a: Whimsicott
|-end|p1a: Whimsicott|Substitute
|-unboost|p2a: Vito|def|1
|-unboost|p2a: Vito|spd|1
|-unboost|p2a: Vito|spe|1
|
|-heal|p1a: Whimsicott|202\/324|[from] item: Leftovers
|turn|3
|
|move|p1a: Whimsicott|Protect|p1a: Whimsicott
|-singleturn|p1a: Whimsicott|Protect
|move|p2a: Vito|V-create|p1a: Whimsicott
|-activate|p1a: Whimsicott|Protect
|
|-heal|p1a: Whimsicott|222\/324|[from] item: Leftovers
|turn|4
|
|move|p1a: Whimsicott|Substitute|p1a: Whimsicott
|-start|p1a: Whimsicott|Substitute
|-damage|p1a: Whimsicott|141\/324
|move|p2a: Vito|V-create|p1a: Whimsicott
|-supereffective|p1a: Whimsicott
|-end|p1a: Whimsicott|Substitute
|-unboost|p2a: Vito|def|1
|-unboost|p2a: Vito|spd|1
|-unboost|p2a: Vito|spe|1
|
|-heal|p1a: Whimsicott|161\/324|[from] item: Leftovers
|turn|5
|
|move|p1a: Whimsicott|Leech Seed|p2a: Vito
|-start|p2a: Vito|move: Leech Seed
|move|p2a: Vito|V-create|p1a: Whimsicott
|-supereffective|p1a: Whimsicott
|-damage|p1a: Whimsicott|0 fnt
|-unboost|p2a: Vito|def|1
|-unboost|p2a: Vito|spd|1
|-unboost|p2a: Vito|spe|1
|faint|p1a: Whimsicott
|
|
|switch|p1a: Gyarados|Gyarados, M|332\/332
|-ability|p1a: Gyarados|Intimidate|[of] p2a: Vito
|-unboost|p2a: Vito|atk|1
|turn|6
|
|detailschange|p1a: Gyarados|Gyarados-Mega, M
|-mega|p1a: Gyarados|Gyarados|Gyaradosite
|-ability|p1a: Gyarados|Mold Breaker
|move|p1a: Gyarados|Dragon Dance|p1a: Gyarados
|-boost|p1a: Gyarados|atk|1
|-boost|p1a: Gyarados|spe|1
|move|p2a: Vito|V-create|p1a: Gyarados
|-resisted|p1a: Gyarados
|-damage|p1a: Gyarados|217\/332
|-unboost|p2a: Vito|def|1
|-unboost|p2a: Vito|spd|1
|-unboost|p2a: Vito|spe|1
|
|-damage|p2a: Vito|299\/341|[from] Leech Seed|[of] p1a: Gyarados
|-heal|p1a: Gyarados|259\/332|[silent]
|turn|7
|
|move|p1a: Gyarados|Dragon Dance|p1a: Gyarados
|-boost|p1a: Gyarados|atk|1
|-boost|p1a: Gyarados|spe|1
|move|p2a: Vito|V-create|p1a: Gyarados
|-resisted|p1a: Gyarados
|-damage|p1a: Gyarados|134\/332
|-unboost|p2a: Vito|def|1
|-unboost|p2a: Vito|spd|1
|-unboost|p2a: Vito|spe|1
|
|-damage|p2a: Vito|257\/341|[from] Leech Seed|[of] p1a: Gyarados
|-heal|p1a: Gyarados|176\/332|[silent]
|turn|8
|
|move|p1a: Gyarados|Earthquake|p2a: Vito
|-supereffective|p2a: Vito
|-damage|p2a: Vito|0 fnt
|faint|p2a: Vito
|
|
|switch|p2a: Rocky|Breloom, F|261\/261
|turn|9
|c|âVlado Vladimir|Shet
|c|âVlado Vladimir|a guy
|c|âVlado Vladimir|just gave me the win
|
|move|p2a: Rocky|Mach Punch|p1a: Gyarados
|-supereffective|p1a: Gyarados
|-damage|p1a: Gyarados|0 fnt
|-damage|p2a: Rocky|235\/261|[from] item: Life Orb
|faint|p1a: Gyarados
|
|c|âVlado Vladimir|I still believe in people
|
|switch|p1a: Jirachi|Jirachi|404\/404
|turn|10
|
|move|p2a: Rocky|Mach Punch|p1a: Jirachi
|-crit|p1a: Jirachi
|-damage|p1a: Jirachi|217\/404
|-damage|p2a: Rocky|209\/261|[from] item: Life Orb
|move|p1a: Jirachi|Zen Headbutt|p2a: Rocky|[miss]
|-miss|p1a: Jirachi|p2a: Rocky
|
|-heal|p1a: Jirachi|242\/404|[from] item: Leftovers
|turn|11
|
|move|p2a: Rocky|Mach Punch|p1a: Jirachi
|-damage|p1a: Jirachi|109\/404
|-damage|p2a: Rocky|183\/261|[from] item: Life Orb
|move|p1a: Jirachi|Zen Headbutt|p2a: Rocky
|-supereffective|p2a: Rocky
|-damage|p2a: Rocky|0 fnt
|faint|p2a: Rocky
|
|-heal|p1a: Jirachi|134\/404|[from] item: Leftovers
|
|switch|p2a: Bobby Rydell|Manectric-Mega, M, shiny|281\/281
|-ability|p2a: Bobby Rydell|Intimidate|[of] p1a: Jirachi
|-unboost|p1a: Jirachi|atk|1
|turn|12
|c|âVlado Vladimir|Are you the guy who battled Joey in todays vid? :O
|c|âthesomeguy|?
|c|âVlado Vladimir|Pokeaimmd...
|c|âVlado Vladimir|nope? Ok :(
|c|âthesomeguy|oh no sorry thats not me
|c|âVlado Vladimir|gg
|c|âthesomeguy|that someguy stole me nickname
|
|move|p2a: Bobby Rydell|Overheat|p1a: Jirachi
|-supereffective|p1a: Jirachi
|-damage|p1a: Jirachi|0 fnt
|-unboost|p2a: Bobby Rydell|spa|2
|faint|p1a: Jirachi
|
|win|thesomeguy
|raw|Ladder updating...
|raw|Vlado Vladimir's rating: 1221 &rarr; <strong>1191<\/strong><br \/>(-30 for losing)
|raw|thesomeguy's rating: 1149 &rarr; <strong>1179<\/strong><br \/>(+30 for winning)
|c|âVlado Vladimir|Lol
|c|âthesomeguy|lol gg
|c|âVlado Vladimir|I think so
|leave|Vlado Vladimir
|c|âthesomeguy|joey is cool
|player|p1