|join|tele strikes back
|join|Lef Deppard
|player|p1|tele strikes back|168
|player|p2|Lef Deppard|240
|gametype|singles
|gen|6
|tier|ORAS OU
|rated
|rule|Sleep Clause Mod: Limit one foe put to sleep
|rule|Species Clause: Limit one of each PokÃ©mon
|rule|OHKO Clause: OHKO moves are banned
|rule|Moody Clause: Moody is banned
|rule|Evasion Moves Clause: Evasion moves are banned
|rule|Endless Battle Clause: Forcing endless battles is banned
|rule|HP Percentage Mod: HP is shown in percentages
|clearpoke
|poke|p1|Slowbro, F
|poke|p1|Latios, M
|poke|p1|Clefable, F
|poke|p1|Keldeo
|poke|p1|Landorus-Therian, M
|poke|p1|Scizor, M
|poke|p2|Donphan, M
|poke|p2|Salamence, F
|poke|p2|Keldeo-Resolute
|poke|p2|Zapdos
|poke|p2|Jirachi
|poke|p2|Breloom, M
|rule|Swagger Clause: Swagger is banned
|rule|Baton Pass Clause: Limit one PokÃ©mon knowing Baton Pass
|teampreview
|
|start
|switch|p1a: Keldeo|Keldeo|323\/323
|switch|p2a: Keldeo-Resolute|Keldeo-Resolute|322\/322
|turn|1
|
|switch|p2a: Jirachi|Jirachi|404\/404
|move|p1a: Keldeo|Secret Sword|p2a: Jirachi
|-damage|p2a: Jirachi|248\/404
|
|-heal|p2a: Jirachi|273\/404|[from] item: Leftovers
|turn|2
|
|switch|p1a: Landorus-Therian|Landorus-Therian, M|382\/382
|-ability|p1a: Landorus-Therian|Intimidate|[of] p2a: Jirachi
|-unboost|p2a: Jirachi|atk|1
|move|p2a: Jirachi|Stealth Rock|p1a: Landorus-Therian
|-sidestart|p1: tele strikes back|move: Stealth Rock
|
|-heal|p2a: Jirachi|298\/404|[from] item: Leftovers
|turn|3
|
|switch|p2a: Keldeo-Resolute|Keldeo-Resolute|322\/322
|move|p1a: Landorus-Therian|Stealth Rock|p2a: Keldeo-Resolute
|-sidestart|p2: Lef Deppard|move: Stealth Rock
|
|turn|4
|join|Alldaalts
|
|switch|p1a: Slowbro|Slowbro, F|394\/394
|-damage|p1a: Slowbro|345\/394|[from] Stealth Rock
|move|p2a: Keldeo-Resolute|Scald|p1a: Slowbro
|-resisted|p1a: Slowbro
|-damage|p1a: Slowbro|217\/394
|
|-heal|p1a: Slowbro|241\/394|[from] item: Leftovers
|turn|5
|
|move|p2a: Keldeo-Resolute|Scald|p1a: Slowbro
|-resisted|p1a: Slowbro
|-damage|p1a: Slowbro|121\/394
|move|p1a: Slowbro|Scald|p2a: Keldeo-Resolute
|-crit|p2a: Keldeo-Resolute
|-resisted|p2a: Keldeo-Resolute
|-damage|p2a: Keldeo-Resolute|238\/322
|
|-heal|p1a: Slowbro|145\/394|[from] item: Leftovers
|turn|6
|
|move|p2a: Keldeo-Resolute|Scald|p1a: Slowbro
|-resisted|p1a: Slowbro
|-damage|p1a: Slowbro|17\/394
|move|p1a: Slowbro|Slack Off|p1a: Slowbro
|-heal|p1a: Slowbro|214\/394
|
|-heal|p1a: Slowbro|238\/394|[from] item: Leftovers
|turn|7
|c|âtele strikes back|man switch out
|c|âtele strikes back|i have psyschock
|c|âLef Deppard|Wanted a burn
|c|âLef Deppard|didnt get it
|
|switch|p2a: Zapdos|Zapdos|384\/384
|-damage|p2a: Zapdos|288\/384|[from] Stealth Rock
|-ability|p2a: Zapdos|Pressure
|move|p1a: Slowbro|Psyshock|p2a: Zapdos
|-damage|p2a: Zapdos|170\/384
|
|-heal|p2a: Zapdos|194\/384|[from] item: Leftovers
|-heal|p1a: Slowbro|262\/394|[from] item: Leftovers
|turn|8
|join|CleanerThanRotom-W
|
|switch|p1a: Clefable|Clefable, F|394\/394
|move|p2a: Zapdos|Roost|p2a: Zapdos
|-heal|p2a: Zapdos|384\/384
|
|turn|9
|
|switch|p2a: Jirachi|Jirachi|298\/404
|-damage|p2a: Jirachi|273\/404|[from] Stealth Rock
|move|p1a: Clefable|Flamethrower|p2a: Jirachi
|-supereffective|p2a: Jirachi
|-damage|p2a: Jirachi|179\/404
|
|-heal|p2a: Jirachi|204\/404|[from] item: Leftovers
|turn|10
|
|switch|p1a: Landorus-Therian|Landorus-Therian, M|382\/382
|-damage|p1a: Landorus-Therian|335\/382|[from] Stealth Rock
|-ability|p1a: Landorus-Therian|Intimidate|[of] p2a: Jirachi
|-unboost|p2a: Jirachi|atk|1
|move|p2a: Jirachi|Wish|p2a: Jirachi
|
|-heal|p2a: Jirachi|229\/404|[from] item: Leftovers
|-heal|p1a: Landorus-Therian|358\/382|[from] item: Leftovers
|turn|11
|
|move|p2a: Jirachi|Protect|p2a: Jirachi
|-singleturn|p2a: Jirachi|Protect
|move|p1a: Landorus-Therian|Toxic|p2a: Jirachi
|-activate|p2a: Jirachi|Protect
|
|-heal|p2a: Jirachi|404\/404|[from] move: Wish|[wisher] Jirachi
|-heal|p1a: Landorus-Therian|381\/382|[from] item: Leftovers
|turn|12
|
|switch|p2a: Breloom|Breloom, M|323\/323
|-damage|p2a: Breloom|303\/323|[from] Stealth Rock
|move|p1a: Landorus-Therian|Toxic|p2a: Breloom
|-status|p2a: Breloom|tox
|
|-heal|p1a: Landorus-Therian|382\/382|[from] item: Leftovers
|-heal|p2a: Breloom|323\/323 tox|[from] ability: Poison Heal
|turn|13
|c|âLef Deppard|Ty
|
|switch|p1a: Latios|Latios, M|302\/302
|-damage|p1a: Latios|265\/302|[from] Stealth Rock
|move|p2a: Breloom|Spore|p1a: Latios
|-status|p1a: Latios|slp
|
|turn|14
|c|âtele strikes back|for?
|c|âLef Deppard|Toxic lol
|c|âtele strikes back|i see how toxic lando annoys u man
|
|switch|p1a: Clefable|Clefable, F|394\/394
|switch|p2a: Jirachi|Jirachi|404\/404
|-damage|p2a: Jirachi|379\/404|[from] Stealth Rock
|
|-heal|p2a: Jirachi|404\/404|[from] item: Leftovers
|turn|15
|join|NocturOP
|c| NocturOP|Ù©(ââá´ââ)Û¶
|
|switch|p1a: Landorus-Therian|Landorus-Therian, M|382\/382
|-damage|p1a: Landorus-Therian|335\/382|[from] Stealth Rock
|-ability|p1a: Landorus-Therian|Intimidate|[of] p2a: Jirachi
|-unboost|p2a: Jirachi|atk|1
|move|p2a: Jirachi|Wish|p2a: Jirachi
|
|-heal|p1a: Landorus-Therian|358\/382|[from] item: Leftovers
|turn|16
|c|âtele strikes back|yo noctur
|
|switch|p2a: Breloom|Breloom, M|323\/323 tox
|-damage|p2a: Breloom|303\/323 tox|[from] Stealth Rock
|move|p1a: Landorus-Therian|U-turn|p2a: Breloom
|-damage|p2a: Breloom|238\/323 tox
|
|switch|p1a: Clefable|Clefable, F|394\/394
|
|-heal|p2a: Breloom|323\/323 tox|[from] move: Wish|[wisher] Jirachi
|turn|17
|
|switch|p2a: Jirachi|Jirachi|404\/404
|-damage|p2a: Jirachi|379\/404|[from] Stealth Rock
|move|p1a: Clefable|Calm Mind|p1a: Clefable
|-boost|p1a: Clefable|spa|1
|-boost|p1a: Clefable|spd|1
|
|-heal|p2a: Jirachi|404\/404|[from] item: Leftovers
|turn|18
|join|stalkly3
|
|switch|p1a: Slowbro|Slowbro, F|393\/394
|-damage|p1a: Slowbro|344\/394|[from] Stealth Rock
|move|p2a: Jirachi|Iron Head|p1a: Slowbro
|-resisted|p1a: Slowbro
|-damage|p1a: Slowbro|311\/394
|
|-heal|p1a: Slowbro|335\/394|[from] item: Leftovers
|turn|19
|
|switch|p2a: Zapdos|Zapdos|384\/384
|-damage|p2a: Zapdos|288\/384|[from] Stealth Rock
|-ability|p2a: Zapdos|Pressure
|move|p1a: Slowbro|Scald|p2a: Zapdos
|-damage|p2a: Zapdos|210\/384
|-status|p2a: Zapdos|brn
|
|-heal|p2a: Zapdos|234\/384 brn|[from] item: Leftovers
|-heal|p1a: Slowbro|359\/394|[from] item: Leftovers
|-damage|p2a: Zapdos|186\/384 brn|[from] brn
|turn|20
|
|switch|p1a: Clefable|Clefable, F|394\/394
|move|p2a: Zapdos|Roost|p2a: Zapdos
|-heal|p2a: Zapdos|378\/384 brn
|
|-heal|p2a: Zapdos|384\/384 brn|[from] item: Leftovers
|-damage|p2a: Zapdos|336\/384 brn|[from] brn
|turn|21
|
|switch|p2a: Salamence|Salamence, F|331\/331
|-damage|p2a: Salamence|249\/331|[from] Stealth Rock
|-ability|p2a: Salamence|Intimidate|[of] p1a: Clefable
|-unboost|p1a: Clefable|atk|1
|switch|p1a: Scizor|Scizor, M|324\/324
|-damage|p1a: Scizor|284\/324|[from] Stealth Rock
|
|turn|22
|
|detailschange|p2a: Salamence|Salamence-Mega, F
|message|Salamence has Mega Evolved into Mega Salamence!
|detailschange|p1a: Scizor|Scizor-Mega, M
|message|Scizor has Mega Evolved into Mega Scizor!
|move|p1a: Scizor|Bullet Punch|p2a: Salamence
|-damage|p2a: Salamence|143\/331
|move|p2a: Salamence|Fire Blast|p1a: Scizor
|-supereffective|p1a: Scizor
|-damage|p1a: Scizor|0 fnt
|faint|p1a: Scizor
|
|
|switch|p1a: Clefable|Clefable, F|394\/394
|turn|23
|
|switch|p2a: Jirachi|Jirachi|404\/404
|-damage|p2a: Jirachi|379\/404|[from] Stealth Rock
|move|p1a: Clefable|Moonblast|p2a: Jirachi
|-resisted|p2a: Jirachi
|-damage|p2a: Jirachi|338\/404
|
|-heal|p2a: Jirachi|363\/404|[from] item: Leftovers
|turn|24
|
|switch|p2a: Pivin on a Lrayer|Donphan, M|384\/384
|-damage|p2a: Pivin on a Lrayer|360\/384|[from] Stealth Rock
|switch|p1a: Slowbro|Slowbro, F|394\/394
|-damage|p1a: Slowbro|345\/394|[from] Stealth Rock
|
|-heal|p2a: Pivin on a Lrayer|384\/384|[from] item: Leftovers
|-heal|p1a: Slowbro|369\/394|[from] item: Leftovers
|turn|25
|
|move|p2a: Pivin on a Lrayer|Rapid Spin|p1a: Slowbro
|-damage|p1a: Slowbro|353\/394
|-sideend|p2: Lef Deppard|Stealth Rock|[from] move: Rapid Spin|[of] p2a: Pivin on a Lrayer
|move|p1a: Slowbro|Scald|p2a: Pivin on a Lrayer
|-supereffective|p2a: Pivin on a Lrayer
|-damage|p2a: Pivin on a Lrayer|112\/384
|
|-heal|p2a: Pivin on a Lrayer|136\/384|[from] item: Leftovers
|-heal|p1a: Slowbro|377\/394|[from] item: Leftovers
|turn|26
|
|switch|p2a: Zapdos|Zapdos|336\/384 brn
|-ability|p2a: Zapdos|Pressure
|move|p1a: Slowbro|Scald|p2a: Zapdos
|-damage|p2a: Zapdos|258\/384 brn
|
|-heal|p2a: Zapdos|282\/384 brn|[from] item: Leftovers
|-heal|p1a: Slowbro|394\/394|[from] item: Leftovers
|-damage|p2a: Zapdos|234\/384 brn|[from] brn
|turn|27
|
|switch|p1a: Landorus-Therian|Landorus-Therian, M|358\/382
|-damage|p1a: Landorus-Therian|311\/382|[from] Stealth Rock
|-ability|p1a: Landorus-Therian|Intimidate|[of] p2a: Zapdos
|-unboost|p2a: Zapdos|atk|1
|move|p2a: Zapdos|Roost|p2a: Zapdos
|-heal|p2a: Zapdos|384\/384 brn
|
|-heal|p1a: Landorus-Therian|334\/382|[from] item: Leftovers
|-damage|p2a: Zapdos|336\/384 brn|[from] brn
|turn|28
|
|move|p2a: Zapdos|Hidden Power|p1a: Landorus-Therian
|-supereffective|p1a: Landorus-Therian
|-damage|p1a: Landorus-Therian|66\/382
|move|p1a: Landorus-Therian|Toxic|p2a: Zapdos
|-fail|p2a: Zapdos
|
|-heal|p2a: Zapdos|360\/384 brn|[from] item: Leftovers
|-heal|p1a: Landorus-Therian|89\/382|[from] item: Leftovers
|-damage|p2a: Zapdos|312\/384 brn|[from] brn
|turn|29
|leave|CleanerThanRotom-W
|join|I ABR I
|
|switch|p1a: Clefable|Clefable, F|394\/394
|move|p2a: Zapdos|Hidden Power|p1a: Clefable
|-damage|p1a: Clefable|335\/394
|
|-heal|p2a: Zapdos|336\/384 brn|[from] item: Leftovers
|-heal|p1a: Clefable|359\/394|[from] item: Leftovers
|-damage|p2a: Zapdos|288\/384 brn|[from] brn
|turn|30
|join|Omegasization
|join|JohnxYiu
|
|switch|p2a: Jirachi|Jirachi|363\/404
|move|p1a: Clefable|Moonblast|p2a: Jirachi
|-resisted|p2a: Jirachi
|-damage|p2a: Jirachi|321\/404
|-unboost|p2a: Jirachi|spa|1
|
|-heal|p2a: Jirachi|346\/404|[from] item: Leftovers
|-heal|p1a: Clefable|383\/394|[from] item: Leftovers
|turn|31
|
|switch|p2a: Salamence|Salamence-Mega, F|143\/331
|switch|p1a: Slowbro|Slowbro, F|394\/394
|-damage|p1a: Slowbro|345\/394|[from] Stealth Rock
|
|-heal|p1a: Slowbro|369\/394|[from] item: Leftovers
|turn|32
|
|move|p2a: Salamence|Return|p1a: Slowbro
|-damage|p1a: Slowbro|209\/394
|move|p1a: Slowbro|Scald|p2a: Salamence
|-resisted|p2a: Salamence
|-damage|p2a: Salamence|86\/331
|
|-heal|p1a: Slowbro|233\/394|[from] item: Leftovers
|turn|33
|join|MiXXX
|
|move|p2a: Salamence|Dragon Dance|p2a: Salamence
|-boost|p2a: Salamence|atk|1
|-boost|p2a: Salamence|spe|1
|move|p1a: Slowbro|Psyshock|p2a: Salamence
|-damage|p2a: Salamence|10\/331
|
|-heal|p1a: Slowbro|257\/394|[from] item: Leftovers
|turn|34
|
|move|p2a: Salamence|Return|p1a: Slowbro
|-crit|p1a: Slowbro
|-damage|p1a: Slowbro|0 fnt
|faint|p1a: Slowbro
|
|-message|tele strikes back forfeited.
|
|win|Lef Deppard
|raw|Ladder updating...
|leave|tele strikes back
|player|p1
|raw|tele strikes back's rating: 1536 &rarr; <strong>1512<\/strong><br \/>(-24 for losing)
|raw|Lef Deppard's rating: 1470 &rarr; <strong>1494<\/strong><br \/>(+24 for winning)