|join|Lef Deppard
|join|Kratos <3
|player|p1|Lef Deppard|240
|player|p2|Kratos <3|293
|gametype|singles
|gen|6
|tier|ORAS OU
|rated
|rule|Sleep Clause Mod: Limit one foe put to sleep
|rule|Species Clause: Limit one of each PokÃ©mon
|rule|OHKO Clause: OHKO moves are banned
|rule|Moody Clause: Moody is banned
|rule|Evasion Moves Clause: Evasion moves are banned
|rule|Endless Battle Clause: Forcing endless battles is banned
|rule|HP Percentage Mod: HP is shown in percentages
|clearpoke
|poke|p1|Donphan, M
|poke|p1|Zapdos
|poke|p1|Pinsir, M
|poke|p1|Keldeo-Resolute
|poke|p1|Metagross
|poke|p1|Celebi
|poke|p2|Tyranitar, F
|poke|p2|Excadrill, M
|poke|p2|Goodra, M
|poke|p2|Pidgeot, F
|poke|p2|Thundurus, M
|poke|p2|Slowbro, M
|rule|Swagger Clause: Swagger is banned
|rule|Baton Pass Clause: Limit one PokÃ©mon knowing Baton Pass
|teampreview
|
|start
|switch|p1a: Pour some on me|Donphan, M|384\/384
|switch|p2a: Pidgeot|Pidgeot, F|308\/308
|turn|1
|
|switch|p1a: Photograph|Zapdos|384\/384
|-ability|p1a: Photograph|Pressure
|detailschange|p2a: Pidgeot|Pidgeot-Mega, F
|message|Pidgeot has Mega Evolved into Mega Pidgeot!
|move|p2a: Pidgeot|Hurricane|p1a: Photograph
|-resisted|p1a: Photograph
|-damage|p1a: Photograph|300\/384
|-start|p1a: Photograph|confusion
|
|-heal|p1a: Photograph|324\/384|[from] item: Leftovers
|turn|2
|
|switch|p1a: Undefeated|Metagross|364\/364
|move|p2a: Pidgeot|U-turn|p1a: Undefeated
|-damage|p1a: Undefeated|326\/364
|
|switch|p2a: Excadrill|Excadrill, M|362\/362
|
|-heal|p1a: Undefeated|348\/364|[from] item: Leftovers
|turn|3
|
|switch|p1a: Love bites|Celebi|404\/404
|move|p2a: Excadrill|Earthquake|p1a: Love bites
|-resisted|p1a: Love bites
|-damage|p1a: Love bites|271\/404
|-damage|p2a: Excadrill|326\/362|[from] item: Life Orb
|
|-heal|p1a: Love bites|296\/404|[from] item: Leftovers
|turn|4
|
|switch|p2a: Goodra|Goodra, M|381\/381
|switch|p1a: Animal|Keldeo-Resolute|322\/322
|
|turn|5
|
|move|p1a: Animal|Secret Sword|p2a: Goodra
|-damage|p2a: Goodra|75\/381
|move|p2a: Goodra|Thunderbolt|p1a: Animal
|-crit|p1a: Animal
|-supereffective|p1a: Animal
|-damage|p1a: Animal|0 fnt
|faint|p1a: Animal
|
|c|âLef Deppard|Come on
|
|switch|p1a: Armageddon it|Pinsir, M|271\/271
|turn|6
|
|switch|p2a: Thundurus|Thundurus, M|299\/299
|detailschange|p1a: Armageddon it|Pinsir-Mega, M
|message|Pinsir has Mega Evolved into Mega Pinsir!
|move|p1a: Armageddon it|Return|p2a: Thundurus
|-resisted|p2a: Thundurus
|-damage|p2a: Thundurus|104\/299
|
|-heal|p2a: Thundurus|122\/299|[from] item: Leftovers
|turn|7
|
|switch|p1a: Photograph|Zapdos|324\/384
|-ability|p1a: Photograph|Pressure
|move|p2a: Thundurus|Thunderbolt|p1a: Photograph
|-damage|p1a: Photograph|195\/384
|
|-heal|p2a: Thundurus|140\/299|[from] item: Leftovers
|-heal|p1a: Photograph|219\/384|[from] item: Leftovers
|turn|8
|
|move|p2a: Thundurus|U-turn|p1a: Photograph
|-resisted|p1a: Photograph
|-damage|p1a: Photograph|184\/384
|
|switch|p2a: Tyranitar|Tyranitar, F|404\/404
|-weather|Sandstorm
|move|p1a: Photograph|Roost|p1a: Photograph
|-heal|p1a: Photograph|376\/384
|
|-weather|Sandstorm|[upkeep]
|-damage|p1a: Photograph|352\/384|[from] sandstorm
|-heal|p1a: Photograph|376\/384|[from] item: Leftovers
|turn|9
|
|switch|p1a: Pour some on me|Donphan, M|384\/384
|move|p2a: Tyranitar|Stealth Rock|p1a: Pour some on me
|-sidestart|p1: Lef Deppard|move: Stealth Rock
|
|-weather|Sandstorm|[upkeep]
|turn|10
|
|switch|p2a: Slowbro|Slowbro, M|394\/394
|move|p1a: Pour some on me|Rapid Spin|p2a: Slowbro
|-damage|p2a: Slowbro|376\/394
|-sideend|p1: Lef Deppard|Stealth Rock|[from] move: Rapid Spin|[of] p1a: Pour some on me
|
|-weather|Sandstorm|[upkeep]
|-damage|p2a: Slowbro|352\/394|[from] sandstorm
|-heal|p2a: Slowbro|376\/394|[from] item: Leftovers
|turn|11
|
|switch|p1a: Love bites|Celebi|296\/404
|move|p2a: Slowbro|Ice Beam|p1a: Love bites
|-supereffective|p1a: Love bites
|-damage|p1a: Love bites|186\/404
|
|-weather|Sandstorm|[upkeep]
|-damage|p1a: Love bites|161\/404|[from] sandstorm
|-damage|p2a: Slowbro|352\/394|[from] sandstorm
|-heal|p1a: Love bites|186\/404|[from] item: Leftovers
|-heal|p2a: Slowbro|376\/394|[from] item: Leftovers
|turn|12
|
|switch|p2a: Pidgeot|Pidgeot-Mega, F|308\/308
|move|p1a: Love bites|Recover|p1a: Love bites
|-heal|p1a: Love bites|388\/404
|
|-weather|Sandstorm|[upkeep]
|-damage|p2a: Pidgeot|289\/308|[from] sandstorm
|-damage|p1a: Love bites|363\/404|[from] sandstorm
|-heal|p1a: Love bites|388\/404|[from] item: Leftovers
|turn|13
|
|switch|p1a: Photograph|Zapdos|376\/384
|-ability|p1a: Photograph|Pressure
|move|p2a: Pidgeot|Heat Wave|p1a: Photograph
|-damage|p1a: Photograph|272\/384
|-status|p1a: Photograph|brn
|
|-weather|Sandstorm|[upkeep]
|-damage|p2a: Pidgeot|270\/308|[from] sandstorm
|-damage|p1a: Photograph|248\/384 brn|[from] sandstorm
|-heal|p1a: Photograph|272\/384 brn|[from] item: Leftovers
|-damage|p1a: Photograph|224\/384 brn|[from] brn
|turn|14
|
|move|p2a: Pidgeot|U-turn|p1a: Photograph
|-resisted|p1a: Photograph
|-damage|p1a: Photograph|196\/384 brn
|
|switch|p2a: Tyranitar|Tyranitar, F|404\/404
|move|p1a: Photograph|Roost|p1a: Photograph
|-heal|p1a: Photograph|384\/384 brn
|
|-weather|Sandstorm|[upkeep]
|-damage|p1a: Photograph|360\/384 brn|[from] sandstorm
|-heal|p1a: Photograph|384\/384 brn|[from] item: Leftovers
|-damage|p1a: Photograph|336\/384 brn|[from] brn
|turn|15
|
|switch|p1a: Pour some on me|Donphan, M|384\/384
|switch|p2a: Slowbro|Slowbro, M|394\/394
|
|-weather|none
|turn|16
|
|switch|p1a: Love bites|Celebi|388\/404
|move|p2a: Slowbro|Ice Beam|p1a: Love bites
|-supereffective|p1a: Love bites
|-damage|p1a: Love bites|290\/404
|
|-heal|p1a: Love bites|315\/404|[from] item: Leftovers
|turn|17
|
|switch|p2a: Tyranitar|Tyranitar, F|404\/404
|-weather|Sandstorm
|move|p1a: Love bites|Heal Bell|p1a: Love bites
|-cureteam|p1a: Love bites|[from] move: HealBell
|
|-weather|Sandstorm|[upkeep]
|-damage|p1a: Love bites|290\/404|[from] sandstorm
|-heal|p1a: Love bites|315\/404|[from] item: Leftovers
|turn|18
|
|move|p2a: Tyranitar|Pursuit|p1a: Love bites|[from]Pursuit
|-supereffective|p1a: Love bites
|-damage|p1a: Love bites|73\/404
|switch|p1a: Pour some on me|Donphan, M|384\/384
|
|-weather|Sandstorm|[upkeep]
|turn|19
|
|switch|p1a: Love bites|Celebi|73\/404
|move|p2a: Tyranitar|Stealth Rock|p1a: Love bites
|-sidestart|p1: Lef Deppard|move: Stealth Rock
|
|-weather|Sandstorm|[upkeep]
|-damage|p1a: Love bites|48\/404|[from] sandstorm
|-heal|p1a: Love bites|73\/404|[from] item: Leftovers
|turn|20
|
|move|p1a: Love bites|Recover|p1a: Love bites
|-heal|p1a: Love bites|275\/404
|move|p2a: Tyranitar|Crunch|p1a: Love bites
|-supereffective|p1a: Love bites
|-damage|p1a: Love bites|53\/404
|
|-weather|Sandstorm|[upkeep]
|-damage|p1a: Love bites|28\/404|[from] sandstorm
|-heal|p1a: Love bites|53\/404|[from] item: Leftovers
|turn|21
|
|move|p1a: Love bites|Recover|p1a: Love bites
|-heal|p1a: Love bites|255\/404
|move|p2a: Tyranitar|Pursuit|p1a: Love bites
|-supereffective|p1a: Love bites
|-damage|p1a: Love bites|127\/404
|
|-weather|Sandstorm|[upkeep]
|-damage|p1a: Love bites|102\/404|[from] sandstorm
|-heal|p1a: Love bites|127\/404|[from] item: Leftovers
|turn|22
|
|move|p1a: Love bites|Recover|p1a: Love bites
|-heal|p1a: Love bites|329\/404
|move|p2a: Tyranitar|Crunch|p1a: Love bites
|-supereffective|p1a: Love bites
|-damage|p1a: Love bites|89\/404
|
|-weather|Sandstorm|[upkeep]
|-damage|p1a: Love bites|64\/404|[from] sandstorm
|-heal|p1a: Love bites|89\/404|[from] item: Leftovers
|turn|23
|
|move|p1a: Love bites|Recover|p1a: Love bites
|-heal|p1a: Love bites|291\/404
|move|p2a: Tyranitar|Crunch|p1a: Love bites
|-supereffective|p1a: Love bites
|-damage|p1a: Love bites|31\/404
|
|-weather|Sandstorm|[upkeep]
|-damage|p1a: Love bites|6\/404|[from] sandstorm
|-heal|p1a: Love bites|31\/404|[from] item: Leftovers
|turn|24
|
|move|p1a: Love bites|Thunder Wave|p2a: Tyranitar
|-status|p2a: Tyranitar|par
|move|p2a: Tyranitar|Crunch|p1a: Love bites
|-supereffective|p1a: Love bites
|-damage|p1a: Love bites|0 fnt
|faint|p1a: Love bites
|
|-weather|none
|
|switch|p1a: Pour some on me|Donphan, M|384\/384
|-damage|p1a: Pour some on me|360\/384|[from] Stealth Rock
|turn|25
|
|switch|p2a: Slowbro|Slowbro, M|394\/394
|move|p1a: Pour some on me|Rapid Spin|p2a: Slowbro
|-damage|p2a: Slowbro|376\/394
|-sideend|p1: Lef Deppard|Stealth Rock|[from] move: Rapid Spin|[of] p1a: Pour some on me
|
|-heal|p1a: Pour some on me|384\/384|[from] item: Leftovers
|-heal|p2a: Slowbro|394\/394|[from] item: Leftovers
|turn|26
|
|switch|p1a: Undefeated|Metagross|348\/364
|move|p2a: Slowbro|Scald|p1a: Undefeated
|-damage|p1a: Undefeated|245\/364
|
|-heal|p1a: Undefeated|267\/364|[from] item: Leftovers
|turn|27
|
|move|p1a: Undefeated|Stealth Rock|p2a: Slowbro
|-sidestart|p2: Kratos <3|move: Stealth Rock
|move|p2a: Slowbro|Scald|p1a: Undefeated
|-damage|p1a: Undefeated|164\/364
|
|-heal|p1a: Undefeated|186\/364|[from] item: Leftovers
|turn|28
|
|switch|p1a: Photograph|Zapdos|336\/384
|-ability|p1a: Photograph|Pressure
|move|p2a: Slowbro|Scald|p1a: Photograph
|-damage|p1a: Photograph|249\/384
|
|-heal|p1a: Photograph|273\/384|[from] item: Leftovers
|turn|29
|
|move|p1a: Photograph|Heat Wave|p2a: Slowbro
|-resisted|p2a: Slowbro
|-damage|p2a: Slowbro|336\/394
|move|p2a: Slowbro|Toxic|p1a: Photograph
|-status|p1a: Photograph|tox
|
|-heal|p1a: Photograph|297\/384 tox|[from] item: Leftovers
|-heal|p2a: Slowbro|360\/394|[from] item: Leftovers
|-damage|p1a: Photograph|273\/384 tox|[from] psn
|turn|30
|
|switch|p2a: Goodra|Goodra, M|75\/381
|-damage|p2a: Goodra|28\/381|[from] Stealth Rock
|move|p1a: Photograph|Heat Wave|p2a: Goodra
|-resisted|p2a: Goodra
|-damage|p2a: Goodra|6\/381
|
|-heal|p1a: Photograph|297\/384 tox|[from] item: Leftovers
|-damage|p1a: Photograph|249\/384 tox|[from] psn
|turn|31
|
|move|p1a: Photograph|Hidden Power|p2a: Goodra
|-supereffective|p2a: Goodra
|-damage|p2a: Goodra|0 fnt
|faint|p2a: Goodra
|
|-heal|p1a: Photograph|273\/384 tox|[from] item: Leftovers
|-damage|p1a: Photograph|201\/384 tox|[from] psn
|
|switch|p2a: Tyranitar|Tyranitar, F|404\/404 par
|-damage|p2a: Tyranitar|354\/404 par|[from] Stealth Rock
|-weather|Sandstorm
|turn|32
|
|cant|p2a: Tyranitar|par
|switch|p1a: Pour some on me|Donphan, M|384\/384
|
|-weather|Sandstorm|[upkeep]
|turn|33
|
|switch|p2a: Slowbro|Slowbro, M|394\/394
|-damage|p2a: Slowbro|345\/394|[from] Stealth Rock
|move|p1a: Pour some on me|Earthquake|p2a: Slowbro
|-damage|p2a: Slowbro|225\/394
|
|-weather|Sandstorm|[upkeep]
|-damage|p2a: Slowbro|201\/394|[from] sandstorm
|-heal|p2a: Slowbro|225\/394|[from] item: Leftovers
|turn|34
|
|switch|p1a: Armageddon it|Pinsir-Mega, M|271\/271
|move|p2a: Slowbro|Slack Off|p2a: Slowbro
|-heal|p2a: Slowbro|394\/394
|
|-weather|Sandstorm|[upkeep]
|-damage|p1a: Armageddon it|255\/271|[from] sandstorm
|-damage|p2a: Slowbro|370\/394|[from] sandstorm
|-heal|p2a: Slowbro|394\/394|[from] item: Leftovers
|turn|35
|
|move|p1a: Armageddon it|Swords Dance|p1a: Armageddon it
|-boost|p1a: Armageddon it|atk|2
|move|p2a: Slowbro|Ice Beam|p1a: Armageddon it
|-supereffective|p1a: Armageddon it
|-damage|p1a: Armageddon it|91\/271
|
|-weather|Sandstorm|[upkeep]
|-damage|p1a: Armageddon it|75\/271|[from] sandstorm
|-damage|p2a: Slowbro|370\/394|[from] sandstorm
|-heal|p2a: Slowbro|394\/394|[from] item: Leftovers
|turn|36
|
|move|p1a: Armageddon it|Return|p2a: Slowbro
|-damage|p2a: Slowbro|52\/394
|move|p2a: Slowbro|Ice Beam|p1a: Armageddon it
|-supereffective|p1a: Armageddon it
|-damage|p1a: Armageddon it|0 fnt
|faint|p1a: Armageddon it
|
|-weather|Sandstorm|[upkeep]
|-damage|p2a: Slowbro|28\/394|[from] sandstorm
|-heal|p2a: Slowbro|52\/394|[from] item: Leftovers
|
|switch|p1a: Pour some on me|Donphan, M|384\/384
|turn|37
|
|switch|p2a: Thundurus|Thundurus, M|140\/299
|-damage|p2a: Thundurus|66\/299|[from] Stealth Rock
|move|p1a: Pour some on me|Stone Edge|p2a: Thundurus
|-supereffective|p2a: Thundurus
|-damage|p2a: Thundurus|0 fnt
|faint|p2a: Thundurus
|
|-weather|Sandstorm|[upkeep]
|
|switch|p2a: Slowbro|Slowbro, M|183\/394
|-damage|p2a: Slowbro|134\/394|[from] Stealth Rock
|turn|38
|
|move|p1a: Pour some on me|Earthquake|p2a: Slowbro
|-damage|p2a: Slowbro|14\/394
|move|p2a: Slowbro|Slack Off|p2a: Slowbro
|-heal|p2a: Slowbro|211\/394
|
|-weather|Sandstorm|[upkeep]
|-damage|p2a: Slowbro|187\/394|[from] sandstorm
|-heal|p2a: Slowbro|211\/394|[from] item: Leftovers
|turn|39
|
|switch|p1a: Photograph|Zapdos|201\/384 tox
|-ability|p1a: Photograph|Pressure
|move|p2a: Slowbro|Slack Off|p2a: Slowbro
|-heal|p2a: Slowbro|394\/394
|
|-weather|none
|-heal|p1a: Photograph|225\/384 tox|[from] item: Leftovers
|-damage|p1a: Photograph|201\/384 tox|[from] psn
|turn|40
|
|switch|p2a: Tyranitar|Tyranitar, F|354\/404 par
|-damage|p2a: Tyranitar|304\/404 par|[from] Stealth Rock
|-weather|Sandstorm
|move|p1a: Photograph|Roost|p1a: Photograph
|-heal|p1a: Photograph|384\/384 tox
|
|-weather|Sandstorm|[upkeep]
|-damage|p1a: Photograph|360\/384 tox|[from] sandstorm
|-heal|p1a: Photograph|384\/384 tox|[from] item: Leftovers
|-damage|p1a: Photograph|336\/384 tox|[from] psn
|turn|41
|
|move|p2a: Tyranitar|Pursuit|p1a: Photograph|[from]Pursuit
|-damage|p1a: Photograph|203\/384 tox
|switch|p1a: Pour some on me|Donphan, M|384\/384
|
|-weather|Sandstorm|[upkeep]
|turn|42
|
|switch|p2a: Slowbro|Slowbro, M|394\/394
|-damage|p2a: Slowbro|345\/394|[from] Stealth Rock
|move|p1a: Pour some on me|Earthquake|p2a: Slowbro
|-damage|p2a: Slowbro|215\/394
|
|-weather|Sandstorm|[upkeep]
|-damage|p2a: Slowbro|191\/394|[from] sandstorm
|-heal|p2a: Slowbro|215\/394|[from] item: Leftovers
|turn|43
|
|move|p1a: Pour some on me|Earthquake|p2a: Slowbro
|-damage|p2a: Slowbro|83\/394
|move|p2a: Slowbro|Slack Off|p2a: Slowbro
|-heal|p2a: Slowbro|280\/394
|
|-weather|Sandstorm|[upkeep]
|-damage|p2a: Slowbro|256\/394|[from] sandstorm
|-heal|p2a: Slowbro|280\/394|[from] item: Leftovers
|turn|44
|
|switch|p1a: Photograph|Zapdos|203\/384 tox
|-ability|p1a: Photograph|Pressure
|move|p2a: Slowbro|Ice Beam|p1a: Photograph
|-supereffective|p1a: Photograph
|-damage|p1a: Photograph|91\/384 tox
|
|-weather|Sandstorm|[upkeep]
|-damage|p1a: Photograph|67\/384 tox|[from] sandstorm
|-damage|p2a: Slowbro|256\/394|[from] sandstorm
|-heal|p1a: Photograph|91\/384 tox|[from] item: Leftovers
|-heal|p2a: Slowbro|280\/394|[from] item: Leftovers
|-damage|p1a: Photograph|67\/384 tox|[from] psn
|turn|45
|
|switch|p2a: Excadrill|Excadrill, M|326\/362
|-damage|p2a: Excadrill|315\/362|[from] Stealth Rock
|move|p1a: Photograph|Roost|p1a: Photograph
|-heal|p1a: Photograph|259\/384 tox
|
|-weather|Sandstorm|[upkeep]
|-damage|p1a: Photograph|235\/384 tox|[from] sandstorm
|-heal|p1a: Photograph|259\/384 tox|[from] item: Leftovers
|-damage|p1a: Photograph|211\/384 tox|[from] psn
|turn|46
|
|switch|p1a: Pour some on me|Donphan, M|384\/384
|move|p2a: Excadrill|Return|p1a: Pour some on me
|-damage|p1a: Pour some on me|237\/384
|-damage|p2a: Excadrill|279\/362|[from] item: Life Orb
|
|-weather|Sandstorm|[upkeep]
|-heal|p1a: Pour some on me|261\/384|[from] item: Leftovers
|turn|47
|
|move|p2a: Excadrill|Earthquake|p1a: Pour some on me
|-damage|p1a: Pour some on me|50\/384
|-damage|p2a: Excadrill|243\/362|[from] item: Life Orb
|move|p1a: Pour some on me|Earthquake|p2a: Excadrill
|-supereffective|p2a: Excadrill
|-damage|p2a: Excadrill|0 fnt
|faint|p2a: Excadrill
|
|-weather|none
|-heal|p1a: Pour some on me|74\/384|[from] item: Leftovers
|
|switch|p2a: Slowbro|Slowbro, M|394\/394
|-damage|p2a: Slowbro|345\/394|[from] Stealth Rock
|turn|48
|
|switch|p1a: Photograph|Zapdos|211\/384 tox
|-ability|p1a: Photograph|Pressure
|move|p2a: Slowbro|Ice Beam|p1a: Photograph
|-supereffective|p1a: Photograph
|-damage|p1a: Photograph|97\/384 tox
|
|-heal|p1a: Photograph|121\/384 tox|[from] item: Leftovers
|-heal|p2a: Slowbro|369\/394|[from] item: Leftovers
|-damage|p1a: Photograph|97\/384 tox|[from] psn
|turn|49
|
|move|p1a: Photograph|Roost|p1a: Photograph
|-heal|p1a: Photograph|289\/384 tox
|move|p2a: Slowbro|Scald|p1a: Photograph
|-damage|p1a: Photograph|211\/384 tox
|
|-heal|p1a: Photograph|235\/384 tox|[from] item: Leftovers
|-heal|p2a: Slowbro|393\/394|[from] item: Leftovers
|-damage|p1a: Photograph|187\/384 tox|[from] psn
|turn|50
|
|move|p1a: Photograph|Roost|p1a: Photograph
|-heal|p1a: Photograph|379\/384 tox
|move|p2a: Slowbro|Slack Off|p2a: Slowbro
|-heal|p2a: Slowbro|394\/394
|
|-heal|p1a: Photograph|384\/384 tox|[from] item: Leftovers
|-damage|p1a: Photograph|312\/384 tox|[from] psn
|turn|51
|
|switch|p1a: Undefeated|Metagross|186\/364
|move|p2a: Slowbro|Ice Beam|p1a: Undefeated
|-resisted|p1a: Undefeated
|-damage|p1a: Undefeated|149\/364
|
|-heal|p1a: Undefeated|171\/364|[from] item: Leftovers
|turn|52
|
|switch|p1a: Photograph|Zapdos|312\/384 tox
|-ability|p1a: Photograph|Pressure
|move|p2a: Slowbro|Scald|p1a: Photograph
|-damage|p1a: Photograph|228\/384 tox
|
|-heal|p1a: Photograph|252\/384 tox|[from] item: Leftovers
|-damage|p1a: Photograph|228\/384 tox|[from] psn
|turn|53
|
|move|p1a: Photograph|Roost|p1a: Photograph
|-heal|p1a: Photograph|384\/384 tox
|move|p2a: Slowbro|Slack Off|p2a: Slowbro
|-fail|p2a: Slowbro
|
|-damage|p1a: Photograph|336\/384 tox|[from] psn
|turn|54
|
|move|p1a: Photograph|Thunderbolt|p2a: Slowbro
|-supereffective|p2a: Slowbro
|-damage|p2a: Slowbro|74\/394
|move|p2a: Slowbro|Slack Off|p2a: Slowbro
|-heal|p2a: Slowbro|271\/394
|
|-heal|p1a: Photograph|360\/384 tox|[from] item: Leftovers
|-heal|p2a: Slowbro|295\/394|[from] item: Leftovers
|-damage|p1a: Photograph|288\/384 tox|[from] psn
|turn|55
|
|switch|p1a: Pour some on me|Donphan, M|74\/384
|switch|p2a: Tyranitar|Tyranitar, F|304\/404 par
|-damage|p2a: Tyranitar|254\/404 par|[from] Stealth Rock
|-weather|Sandstorm
|
|-weather|Sandstorm|[upkeep]
|-heal|p1a: Pour some on me|98\/384|[from] item: Leftovers
|turn|56
|
|switch|p2a: Slowbro|Slowbro, M|394\/394
|-damage|p2a: Slowbro|345\/394|[from] Stealth Rock
|move|p1a: Pour some on me|Stone Edge|p2a: Slowbro|[miss]
|-miss|p1a: Pour some on me|p2a: Slowbro
|
|-weather|Sandstorm|[upkeep]
|-damage|p2a: Slowbro|321\/394|[from] sandstorm
|-heal|p1a: Pour some on me|122\/384|[from] item: Leftovers
|-heal|p2a: Slowbro|345\/394|[from] item: Leftovers
|turn|57
|
|switch|p1a: Photograph|Zapdos|288\/384 tox
|-ability|p1a: Photograph|Pressure
|move|p2a: Slowbro|Ice Beam|p1a: Photograph
|-supereffective|p1a: Photograph
|-damage|p1a: Photograph|158\/384 tox
|
|-weather|Sandstorm|[upkeep]
|-damage|p1a: Photograph|134\/384 tox|[from] sandstorm
|-damage|p2a: Slowbro|321\/394|[from] sandstorm
|-heal|p1a: Photograph|158\/384 tox|[from] item: Leftovers
|-heal|p2a: Slowbro|345\/394|[from] item: Leftovers
|-damage|p1a: Photograph|134\/384 tox|[from] psn
|turn|58
|
|switch|p2a: Tyranitar|Tyranitar, F|254\/404 par
|-damage|p2a: Tyranitar|204\/404 par|[from] Stealth Rock
|move|p1a: Photograph|Roost|p1a: Photograph
|-heal|p1a: Photograph|326\/384 tox
|
|-weather|Sandstorm|[upkeep]
|-damage|p1a: Photograph|302\/384 tox|[from] sandstorm
|-heal|p1a: Photograph|326\/384 tox|[from] item: Leftovers
|-damage|p1a: Photograph|278\/384 tox|[from] psn
|turn|59
|
|move|p2a: Tyranitar|Pursuit|p1a: Photograph|[from]Pursuit
|-damage|p1a: Photograph|137\/384 tox
|switch|p1a: Undefeated|Metagross|171\/364
|
|-weather|Sandstorm|[upkeep]
|-heal|p1a: Undefeated|193\/364|[from] item: Leftovers
|turn|60
|
|switch|p1a: Photograph|Zapdos|137\/384 tox
|-ability|p1a: Photograph|Pressure
|switch|p2a: Slowbro|Slowbro, M|394\/394
|-damage|p2a: Slowbro|345\/394|[from] Stealth Rock
|
|-weather|Sandstorm|[upkeep]
|-damage|p1a: Photograph|113\/384 tox|[from] sandstorm
|-damage|p2a: Slowbro|321\/394|[from] sandstorm
|-heal|p1a: Photograph|137\/384 tox|[from] item: Leftovers
|-heal|p2a: Slowbro|345\/394|[from] item: Leftovers
|-damage|p1a: Photograph|113\/384 tox|[from] psn
|turn|61
|
|move|p1a: Photograph|Roost|p1a: Photograph
|-heal|p1a: Photograph|305\/384 tox
|move|p2a: Slowbro|Scald|p1a: Photograph
|-damage|p1a: Photograph|221\/384 tox
|
|-weather|Sandstorm|[upkeep]
|-damage|p1a: Photograph|197\/384 tox|[from] sandstorm
|-damage|p2a: Slowbro|321\/394|[from] sandstorm
|-heal|p1a: Photograph|221\/384 tox|[from] item: Leftovers
|-heal|p2a: Slowbro|345\/394|[from] item: Leftovers
|-damage|p1a: Photograph|173\/384 tox|[from] psn
|turn|62
|
|move|p1a: Photograph|Thunderbolt|p2a: Slowbro
|-supereffective|p2a: Slowbro
|-damage|p2a: Slowbro|9\/394
|move|p2a: Slowbro|Scald|p1a: Photograph
|-damage|p1a: Photograph|100\/384 tox
|
|-weather|none
|-heal|p1a: Photograph|124\/384 tox|[from] item: Leftovers
|-heal|p2a: Slowbro|33\/394|[from] item: Leftovers
|-damage|p1a: Photograph|52\/384 tox|[from] psn
|turn|63
|
|switch|p1a: Pour some on me|Donphan, M|122\/384
|switch|p2a: Pidgeot|Pidgeot-Mega, F|270\/308
|-damage|p2a: Pidgeot|193\/308|[from] Stealth Rock
|
|-heal|p1a: Pour some on me|146\/384|[from] item: Leftovers
|turn|64
|
|switch|p1a: Undefeated|Metagross|193\/364
|move|p2a: Pidgeot|Hurricane|p1a: Undefeated
|-resisted|p1a: Undefeated
|-damage|p1a: Undefeated|77\/364
|
|-heal|p1a: Undefeated|99\/364|[from] item: Leftovers
|turn|65
|
|move|p1a: Undefeated|Bullet Punch|p2a: Pidgeot
|-damage|p2a: Pidgeot|96\/308
|move|p2a: Pidgeot|Heat Wave|p1a: Undefeated
|-supereffective|p1a: Undefeated
|-damage|p1a: Undefeated|0 fnt
|faint|p1a: Undefeated
|
|
|switch|p1a: Pour some on me|Donphan, M|146\/384
|turn|66
|
|move|p1a: Pour some on me|Ice Shard|p2a: Pidgeot
|-supereffective|p2a: Pidgeot
|-damage|p2a: Pidgeot|0 fnt
|faint|p2a: Pidgeot
|
|-heal|p1a: Pour some on me|170\/384|[from] item: Leftovers
|
|switch|p2a: Slowbro|Slowbro, M|164\/394
|-damage|p2a: Slowbro|115\/394|[from] Stealth Rock
|turn|67
|c|âLef Deppard|Dude
|c|âLef Deppard|what a battle!
|c|âLef Deppard|Even if I lose, gg man
|
|switch|p2a: Tyranitar|Tyranitar, F|204\/404 par
|-damage|p2a: Tyranitar|154\/404 par|[from] Stealth Rock
|-weather|Sandstorm
|move|p1a: Pour some on me|Earthquake|p2a: Tyranitar
|-supereffective|p2a: Tyranitar
|-damage|p2a: Tyranitar|0 fnt
|faint|p2a: Tyranitar
|
|-weather|Sandstorm|[upkeep]
|-heal|p1a: Pour some on me|194\/384|[from] item: Leftovers
|
|switch|p2a: Slowbro|Slowbro, M|246\/394
|-damage|p2a: Slowbro|197\/394|[from] Stealth Rock
|turn|68
|
|move|p1a: Pour some on me|Earthquake|p2a: Slowbro
|-crit|p2a: Slowbro
|-damage|p2a: Slowbro|1\/394
|move|p2a: Slowbro|Slack Off|p2a: Slowbro
|-heal|p2a: Slowbro|198\/394
|
|-weather|Sandstorm|[upkeep]
|-damage|p2a: Slowbro|174\/394|[from] sandstorm
|-heal|p1a: Pour some on me|218\/384|[from] item: Leftovers
|-heal|p2a: Slowbro|198\/394|[from] item: Leftovers
|turn|69
|
|move|p1a: Pour some on me|Earthquake|p2a: Slowbro
|-damage|p2a: Slowbro|78\/394
|move|p2a: Slowbro|Slack Off|p2a: Slowbro
|-heal|p2a: Slowbro|275\/394
|
|-weather|Sandstorm|[upkeep]
|-damage|p2a: Slowbro|251\/394|[from] sandstorm
|-heal|p1a: Pour some on me|242\/384|[from] item: Leftovers
|-heal|p2a: Slowbro|275\/394|[from] item: Leftovers
|turn|70
|
|move|p1a: Pour some on me|Earthquake|p2a: Slowbro
|-damage|p2a: Slowbro|157\/394
|move|p2a: Slowbro|Scald|p1a: Pour some on me
|-supereffective|p1a: Pour some on me
|-damage|p1a: Pour some on me|0 fnt
|faint|p1a: Pour some on me
|
|-weather|Sandstorm|[upkeep]
|-damage|p2a: Slowbro|133\/394|[from] sandstorm
|-heal|p2a: Slowbro|157\/394|[from] item: Leftovers
|c|âLef Deppard|Gg
|c|âKratos <3|gg
|
|switch|p1a: Photograph|Zapdos|52\/384 tox
|-ability|p1a: Photograph|Pressure
|turn|71
|
|move|p1a: Photograph|Thunderbolt|p2a: Slowbro
|-supereffective|p2a: Slowbro
|-damage|p2a: Slowbro|0 fnt
|faint|p2a: Slowbro
|
|win|Lef Deppard
|raw|Ladder updating...
|raw|Lef Deppard's rating: 1491 &rarr; <strong>1506<\/strong><br \/>(+15 for winning)
|raw|Kratos &lt;3's rating: 1401 &rarr; <strong>1386<\/strong><br \/>(-15 for losing)