|join|Lef Deppard
|join|costigan
|player|p1|Lef Deppard|240
|player|p2|costigan|2
|gametype|singles
|gen|6
|tier|ORAS OU
|rated
|rule|Sleep Clause Mod: Limit one foe put to sleep
|rule|Species Clause: Limit one of each PokÃ©mon
|rule|OHKO Clause: OHKO moves are banned
|rule|Moody Clause: Moody is banned
|rule|Evasion Moves Clause: Evasion moves are banned
|rule|Endless Battle Clause: Forcing endless battles is banned
|rule|HP Percentage Mod: HP is shown in percentages
|clearpoke
|poke|p1|Donphan, M
|poke|p1|Zapdos
|poke|p1|Keldeo-Resolute
|poke|p1|Altaria, F
|poke|p1|Ferrothorn, F
|poke|p1|Staraptor, M
|poke|p2|Salamence, M
|poke|p2|Slowbro, F
|poke|p2|Conkeldurr, F
|poke|p2|Jirachi
|poke|p2|Empoleon, M
|poke|p2|Landorus-Therian, M
|rule|Swagger Clause: Swagger is banned
|rule|Baton Pass Clause: Limit one PokÃ©mon knowing Baton Pass
|teampreview
|
|start
|switch|p1a: Ferrothorn|Ferrothorn, F|352\/352
|switch|p2a: Conkeldurr|Conkeldurr, F|351\/351
|turn|1
|
|switch|p1a: Altaria|Altaria, F|354\/354
|-ability|p1a: Altaria|Cloud Nine
|move|p2a: Conkeldurr|Knock Off|p1a: Altaria
|-damage|p1a: Altaria|293\/354
|
|turn|2
|
|switch|p2a: Jirachi|Jirachi|404\/404
|detailschange|p1a: Altaria|Altaria-Mega, F
|message|Altaria has Mega Evolved into Mega Altaria!
|move|p1a: Altaria|Hyper Voice|p2a: Jirachi
|-resisted|p2a: Jirachi
|-damage|p2a: Jirachi|330\/404
|
|-heal|p2a: Jirachi|355\/404|[from] item: Leftovers
|turn|3
|
|switch|p1a: Ferrothorn|Ferrothorn, F|352\/352
|move|p2a: Jirachi|Substitute|p2a: Jirachi
|-start|p2a: Jirachi|Substitute
|-damage|p2a: Jirachi|254\/404
|
|-heal|p2a: Jirachi|279\/404|[from] item: Leftovers
|turn|4
|
|move|p2a: Jirachi|Fire Punch|p1a: Ferrothorn
|-supereffective|p1a: Ferrothorn
|-damage|p1a: Ferrothorn|172\/352
|-damage|p2a: Jirachi|229\/404|[from] ability: Iron Barbs|[of] p1a: Ferrothorn
|move|p1a: Ferrothorn|Stealth Rock|p2a: Jirachi
|-sidestart|p2: costigan|move: Stealth Rock
|
|-heal|p2a: Jirachi|254\/404|[from] item: Leftovers
|-heal|p1a: Ferrothorn|194\/352|[from] item: Leftovers
|turn|5
|
|move|p1a: Ferrothorn|Protect|p1a: Ferrothorn
|-singleturn|p1a: Ferrothorn|Protect
|move|p2a: Jirachi|Fire Punch|p1a: Ferrothorn
|-activate|p1a: Ferrothorn|Protect
|
|-heal|p2a: Jirachi|279\/404|[from] item: Leftovers
|-heal|p1a: Ferrothorn|216\/352|[from] item: Leftovers
|turn|6
|
|switch|p1a: Animal|Keldeo-Resolute|322\/322
|move|p2a: Jirachi|Fire Punch|p1a: Animal
|-resisted|p1a: Animal
|-damage|p1a: Animal|283\/322
|
|-heal|p2a: Jirachi|304\/404|[from] item: Leftovers
|turn|7
|
|move|p1a: Animal|Scald|p2a: Jirachi
|-end|p2a: Jirachi|Substitute
|move|p2a: Jirachi|Toxic|p1a: Animal
|-status|p1a: Animal|tox
|
|-heal|p2a: Jirachi|329\/404|[from] item: Leftovers
|-damage|p1a: Animal|263\/322 tox|[from] psn
|turn|8
|
|switch|p1a: Ferrothorn|Ferrothorn, F|216\/352
|switch|p2a: Empoleon|Empoleon, M|371\/371
|-damage|p2a: Empoleon|348\/371|[from] Stealth Rock
|
|-heal|p2a: Empoleon|371\/371|[from] item: Leftovers
|-heal|p1a: Ferrothorn|238\/352|[from] item: Leftovers
|turn|9
|
|move|p2a: Empoleon|Defog|p1a: Ferrothorn
|-unboost|p1a: Ferrothorn|evasion|1
|-sideend|p2: costigan|Stealth Rock|[from] move: Defog|[of] p2a: Empoleon
|move|p1a: Ferrothorn|Leech Seed|p2a: Empoleon
|-start|p2a: Empoleon|move: Leech Seed
|
|-heal|p1a: Ferrothorn|260\/352|[from] item: Leftovers
|-damage|p2a: Empoleon|325\/371|[from] Leech Seed|[of] p1a: Ferrothorn
|-heal|p1a: Ferrothorn|306\/352|[silent]
|turn|10
|
|switch|p2a: Jirachi|Jirachi|329\/404
|move|p1a: Ferrothorn|Stealth Rock|p2a: Jirachi
|-sidestart|p2: costigan|move: Stealth Rock
|
|-heal|p2a: Jirachi|354\/404|[from] item: Leftovers
|-heal|p1a: Ferrothorn|328\/352|[from] item: Leftovers
|turn|11
|
|switch|p1a: Staraptor|Staraptor, M|311\/311
|move|p2a: Jirachi|Substitute|p2a: Jirachi
|-start|p2a: Jirachi|Substitute
|-damage|p2a: Jirachi|253\/404
|
|-heal|p2a: Jirachi|278\/404|[from] item: Leftovers
|turn|12
|
|move|p1a: Staraptor|U-turn|p2a: Jirachi
|-activate|p2a: Jirachi|Substitute|[damage]
|
|switch|p1a: Photograph|Zapdos|384\/384
|-ability|p1a: Photograph|Pressure
|move|p2a: Jirachi|Toxic|p1a: Photograph
|-status|p1a: Photograph|tox
|
|-heal|p2a: Jirachi|303\/404|[from] item: Leftovers
|-damage|p1a: Photograph|360\/384 tox|[from] psn
|turn|13
|
|move|p2a: Jirachi|Iron Head|p1a: Photograph
|-resisted|p1a: Photograph
|-damage|p1a: Photograph|296\/384 tox
|cant|p1a: Photograph|flinch
|
|-heal|p2a: Jirachi|328\/404|[from] item: Leftovers
|-heal|p1a: Photograph|320\/384 tox|[from] item: Leftovers
|-damage|p1a: Photograph|272\/384 tox|[from] psn
|turn|14
|
|move|p2a: Jirachi|Iron Head|p1a: Photograph
|-resisted|p1a: Photograph
|-damage|p1a: Photograph|206\/384 tox
|cant|p1a: Photograph|flinch
|
|-heal|p2a: Jirachi|353\/404|[from] item: Leftovers
|-heal|p1a: Photograph|230\/384 tox|[from] item: Leftovers
|-damage|p1a: Photograph|158\/384 tox|[from] psn
|turn|15
|
|switch|p1a: Pour some on me|Donphan, M|384\/384
|move|p2a: Jirachi|Iron Head|p1a: Pour some on me
|-crit|p1a: Pour some on me
|-damage|p1a: Pour some on me|249\/384
|
|-heal|p2a: Jirachi|378\/404|[from] item: Leftovers
|-heal|p1a: Pour some on me|273\/384|[from] item: Leftovers
|turn|16
|
|move|p2a: Jirachi|Toxic|p1a: Pour some on me
|-status|p1a: Pour some on me|tox
|move|p1a: Pour some on me|Earthquake|p2a: Jirachi
|-supereffective|p2a: Jirachi
|-end|p2a: Jirachi|Substitute
|
|-heal|p2a: Jirachi|403\/404|[from] item: Leftovers
|-heal|p1a: Pour some on me|297\/384 tox|[from] item: Leftovers
|-damage|p1a: Pour some on me|273\/384 tox|[from] psn
|turn|17
|
|switch|p2a: Landorus-Therian|Landorus-Therian, M|341\/341
|-damage|p2a: Landorus-Therian|299\/341|[from] Stealth Rock
|-ability|p2a: Landorus-Therian|Intimidate|[of] p1a: Pour some on me
|-unboost|p1a: Pour some on me|atk|1
|move|p1a: Pour some on me|Knock Off|p2a: Landorus-Therian
|-damage|p2a: Landorus-Therian|217\/341
|-enditem|p2a: Landorus-Therian|Choice Scarf|[from] move: Knock Off|[of] p1a: Pour some on me
|
|-heal|p1a: Pour some on me|297\/384 tox|[from] item: Leftovers
|-damage|p1a: Pour some on me|249\/384 tox|[from] psn
|turn|18
|
|switch|p1a: Altaria|Altaria-Mega, F|293\/354
|move|p2a: Landorus-Therian|U-turn|p1a: Altaria
|-resisted|p1a: Altaria
|-damage|p1a: Altaria|263\/354
|
|switch|p2a: Jirachi|Jirachi|403\/404
|-damage|p2a: Jirachi|378\/404|[from] Stealth Rock
|
|-heal|p2a: Jirachi|403\/404|[from] item: Leftovers
|turn|19
|
|move|p2a: Jirachi|Substitute|p2a: Jirachi
|-start|p2a: Jirachi|Substitute
|-damage|p2a: Jirachi|302\/404
|move|p1a: Altaria|Heal Bell|p1a: Altaria
|-cureteam|p1a: Altaria|[from] move: HealBell
|
|-heal|p2a: Jirachi|327\/404|[from] item: Leftovers
|turn|20
|
|move|p2a: Jirachi|Toxic|p1a: Altaria
|-status|p1a: Altaria|tox
|move|p1a: Altaria|Fire Blast|p2a: Jirachi|[miss]
|-miss|p1a: Altaria|p2a: Jirachi
|
|-heal|p2a: Jirachi|352\/404|[from] item: Leftovers
|-damage|p1a: Altaria|241\/354 tox|[from] psn
|turn|21
|
|switch|p1a: Photograph|Zapdos|158\/384
|-ability|p1a: Photograph|Pressure
|move|p2a: Jirachi|Iron Head|p1a: Photograph
|-resisted|p1a: Photograph
|-damage|p1a: Photograph|95\/384
|
|-heal|p2a: Jirachi|377\/404|[from] item: Leftovers
|-heal|p1a: Photograph|119\/384|[from] item: Leftovers
|turn|22
|
|move|p2a: Jirachi|Toxic|p1a: Photograph
|-status|p1a: Photograph|tox
|move|p1a: Photograph|Roost|p1a: Photograph
|-heal|p1a: Photograph|311\/384 tox
|
|-heal|p2a: Jirachi|402\/404|[from] item: Leftovers
|-heal|p1a: Photograph|335\/384 tox|[from] item: Leftovers
|-damage|p1a: Photograph|311\/384 tox|[from] psn
|turn|23
|
|move|p2a: Jirachi|Iron Head|p1a: Photograph
|-resisted|p1a: Photograph
|-damage|p1a: Photograph|250\/384 tox
|cant|p1a: Photograph|flinch
|
|-heal|p2a: Jirachi|404\/404|[from] item: Leftovers
|-heal|p1a: Photograph|274\/384 tox|[from] item: Leftovers
|-damage|p1a: Photograph|226\/384 tox|[from] psn
|turn|24
|
|switch|p1a: Animal|Keldeo-Resolute|263\/322
|move|p2a: Jirachi|Iron Head|p1a: Animal
|-resisted|p1a: Animal
|-damage|p1a: Animal|206\/322
|
|turn|25
|
|move|p1a: Animal|Scald|p2a: Jirachi
|-end|p2a: Jirachi|Substitute
|move|p2a: Jirachi|Toxic|p1a: Animal
|-status|p1a: Animal|tox
|
|-damage|p1a: Animal|186\/322 tox|[from] psn
|turn|26
|
|move|p1a: Animal|Scald|p2a: Jirachi
|-damage|p2a: Jirachi|197\/404
|move|p2a: Jirachi|Substitute|p2a: Jirachi
|-start|p2a: Jirachi|Substitute
|-damage|p2a: Jirachi|96\/404
|
|-heal|p2a: Jirachi|121\/404|[from] item: Leftovers
|-damage|p1a: Animal|146\/322 tox|[from] psn
|turn|27
|
|move|p1a: Animal|Scald|p2a: Jirachi
|-end|p2a: Jirachi|Substitute
|move|p2a: Jirachi|Iron Head|p1a: Animal
|-resisted|p1a: Animal
|-damage|p1a: Animal|88\/322 tox
|
|-heal|p2a: Jirachi|146\/404|[from] item: Leftovers
|-damage|p1a: Animal|28\/322 tox|[from] psn
|turn|28
|
|switch|p1a: Pour some on me|Donphan, M|249\/384
|switch|p2a: Empoleon|Empoleon, M|325\/371
|-damage|p2a: Empoleon|302\/371|[from] Stealth Rock
|
|-heal|p2a: Empoleon|325\/371|[from] item: Leftovers
|-heal|p1a: Pour some on me|273\/384|[from] item: Leftovers
|turn|29
|
|switch|p2a: Slowbro|Slowbro, F|393\/393
|-damage|p2a: Slowbro|344\/393|[from] Stealth Rock
|switch|p1a: Ferrothorn|Ferrothorn, F|328\/352
|
|-heal|p2a: Slowbro|368\/393|[from] item: Leftovers
|-heal|p1a: Ferrothorn|350\/352|[from] item: Leftovers
|turn|30
|
|move|p2a: Slowbro|Scald|p1a: Ferrothorn
|-resisted|p1a: Ferrothorn
|-damage|p1a: Ferrothorn|314\/352
|-status|p1a: Ferrothorn|brn
|move|p1a: Ferrothorn|Leech Seed|p2a: Slowbro
|-start|p2a: Slowbro|move: Leech Seed
|
|-heal|p2a: Slowbro|392\/393|[from] item: Leftovers
|-heal|p1a: Ferrothorn|336\/352 brn|[from] item: Leftovers
|-damage|p2a: Slowbro|343\/393|[from] Leech Seed|[of] p1a: Ferrothorn
|-heal|p1a: Ferrothorn|352\/352 brn|[silent]
|-damage|p1a: Ferrothorn|308\/352 brn|[from] brn
|turn|31
|
|move|p2a: Slowbro|Ice Beam|p1a: Ferrothorn
|-damage|p1a: Ferrothorn|256\/352 brn
|move|p1a: Ferrothorn|Leech Seed|p2a: Slowbro
|-fail|p2a: Slowbro
|
|-heal|p2a: Slowbro|367\/393|[from] item: Leftovers
|-heal|p1a: Ferrothorn|278\/352 brn|[from] item: Leftovers
|-damage|p2a: Slowbro|318\/393|[from] Leech Seed|[of] p1a: Ferrothorn
|-heal|p1a: Ferrothorn|327\/352 brn|[silent]
|-damage|p1a: Ferrothorn|283\/352 brn|[from] brn
|turn|32
|
|switch|p2a: Jirachi|Jirachi|146\/404
|-damage|p2a: Jirachi|121\/404|[from] Stealth Rock
|move|p1a: Ferrothorn|Leech Seed|p2a: Jirachi
|-start|p2a: Jirachi|move: Leech Seed
|
|-heal|p2a: Jirachi|146\/404|[from] item: Leftovers
|-heal|p1a: Ferrothorn|305\/352 brn|[from] item: Leftovers
|-damage|p2a: Jirachi|96\/404|[from] Leech Seed|[of] p1a: Ferrothorn
|-heal|p1a: Ferrothorn|352\/352 brn|[silent]
|-damage|p1a: Ferrothorn|308\/352 brn|[from] brn
|turn|33
|
|switch|p2a: Conkeldurr|Conkeldurr, F|351\/351
|-damage|p2a: Conkeldurr|330\/351|[from] Stealth Rock
|switch|p1a: Pour some on me|Donphan, M|273\/384
|
|-heal|p1a: Pour some on me|297\/384|[from] item: Leftovers
|turn|34
|
|switch|p1a: Altaria|Altaria-Mega, F|241\/354 tox
|move|p2a: Conkeldurr|Ice Punch|p1a: Altaria
|-crit|p1a: Altaria
|-supereffective|p1a: Altaria
|-damage|p1a: Altaria|35\/354 tox
|
|-damage|p1a: Altaria|13\/354 tox|[from] psn
|turn|35
|c|âLef Deppard|Obviously
|c|âLef Deppard|fuck
|
|switch|p1a: Pour some on me|Donphan, M|297\/384
|move|p2a: Conkeldurr|Mach Punch|p1a: Pour some on me
|-damage|p1a: Pour some on me|228\/384
|
|-heal|p1a: Pour some on me|252\/384|[from] item: Leftovers
|turn|36
|
|move|p1a: Pour some on me|Earthquake|p2a: Conkeldurr
|-damage|p2a: Conkeldurr|150\/351
|move|p2a: Conkeldurr|Ice Punch|p1a: Pour some on me
|-supereffective|p1a: Pour some on me
|-damage|p1a: Pour some on me|90\/384
|
|-heal|p1a: Pour some on me|114\/384|[from] item: Leftovers
|turn|37
|
|switch|p2a: Landorus-Therian|Landorus-Therian, M|217\/341
|-damage|p2a: Landorus-Therian|175\/341|[from] Stealth Rock
|-ability|p2a: Landorus-Therian|Intimidate|[of] p1a: Pour some on me
|-unboost|p1a: Pour some on me|atk|1
|move|p1a: Pour some on me|Earthquake|p2a: Landorus-Therian
|-immune|p2a: Landorus-Therian|[msg]
|
|-heal|p1a: Pour some on me|138\/384|[from] item: Leftovers
|turn|38
|
|move|p1a: Pour some on me|Ice Shard|p2a: Landorus-Therian
|-supereffective|p2a: Landorus-Therian
|-damage|p2a: Landorus-Therian|31\/341
|move|p2a: Landorus-Therian|U-turn|p1a: Pour some on me
|-damage|p1a: Pour some on me|61\/384
|
|switch|p2a: Slowbro|Slowbro, F|393\/393
|-damage|p2a: Slowbro|344\/393|[from] Stealth Rock
|
|-heal|p1a: Pour some on me|85\/384|[from] item: Leftovers
|-heal|p2a: Slowbro|368\/393|[from] item: Leftovers
|turn|39
|
|move|p1a: Pour some on me|Knock Off|p2a: Slowbro
|-supereffective|p2a: Slowbro
|-damage|p2a: Slowbro|260\/393
|-enditem|p2a: Slowbro|Leftovers|[from] move: Knock Off|[of] p1a: Pour some on me
|move|p2a: Slowbro|Scald|p1a: Pour some on me
|-supereffective|p1a: Pour some on me
|-damage|p1a: Pour some on me|0 fnt
|faint|p1a: Pour some on me
|
|
|switch|p1a: Altaria|Altaria-Mega, F|13\/354 tox
|turn|40
|
|move|p1a: Altaria|Heal Bell|p1a: Altaria
|-cureteam|p1a: Altaria|[from] move: HealBell
|move|p2a: Slowbro|Ice Beam|p1a: Altaria
|-supereffective|p1a: Altaria
|-damage|p1a: Altaria|0 fnt
|faint|p1a: Altaria
|
|
|switch|p1a: Photograph|Zapdos|226\/384
|-ability|p1a: Photograph|Pressure
|turn|41
|
|switch|p2a: Landorus-Therian|Landorus-Therian, M|31\/341
|-damage|p2a: Landorus-Therian|0 fnt|[from] Stealth Rock
|faint|p2a: Landorus-Therian
|move|p1a: Photograph|Thunderbolt|p2: Landorus-Therian|[notarget]
|-notarget
|
|-heal|p1a: Photograph|250\/384|[from] item: Leftovers
|
|switch|p2a: Salamence|Salamence, M|393\/393
|-damage|p2a: Salamence|295\/393|[from] Stealth Rock
|-ability|p2a: Salamence|Intimidate|[of] p1a: Photograph
|-unboost|p1a: Photograph|atk|1
|turn|42
|
|detailschange|p2a: Salamence|Salamence-Mega, M
|message|Salamence has Mega Evolved into Mega Salamence!
|move|p2a: Salamence|Substitute|p2a: Salamence
|-start|p2a: Salamence|Substitute
|-damage|p2a: Salamence|197\/393
|move|p1a: Photograph|Roost|p1a: Photograph
|-heal|p1a: Photograph|384\/384
|
|turn|43
|
|move|p2a: Salamence|Roost|p2a: Salamence
|-heal|p2a: Salamence|393\/393
|move|p1a: Photograph|Hidden Power|p2a: Salamence
|-supereffective|p2a: Salamence
|-end|p2a: Salamence|Substitute
|
|turn|44
|
|move|p2a: Salamence|Dragon Dance|p2a: Salamence
|-boost|p2a: Salamence|atk|1
|-boost|p2a: Salamence|spe|1
|move|p1a: Photograph|Hidden Power|p2a: Salamence
|-supereffective|p2a: Salamence
|-damage|p2a: Salamence|201\/393
|
|turn|45
|
|switch|p1a: Ferrothorn|Ferrothorn, F|308\/352
|move|p2a: Salamence|Roost|p2a: Salamence
|-heal|p2a: Salamence|393\/393
|
|-heal|p1a: Ferrothorn|330\/352|[from] item: Leftovers
|turn|46
|
|move|p2a: Salamence|Substitute|p2a: Salamence
|-start|p2a: Salamence|Substitute
|-damage|p2a: Salamence|295\/393
|move|p1a: Ferrothorn|Gyro Ball|p2a: Salamence
|-end|p2a: Salamence|Substitute
|
|-heal|p1a: Ferrothorn|352\/352|[from] item: Leftovers
|turn|47
|
|move|p2a: Salamence|Dragon Dance|p2a: Salamence
|-boost|p2a: Salamence|atk|1
|-boost|p2a: Salamence|spe|1
|move|p1a: Ferrothorn|Gyro Ball|p2a: Salamence
|-damage|p2a: Salamence|151\/393
|
|turn|48
|
|move|p2a: Salamence|Roost|p2a: Salamence
|-heal|p2a: Salamence|348\/393
|move|p1a: Ferrothorn|Leech Seed|p2a: Salamence
|-start|p2a: Salamence|move: Leech Seed
|
|-damage|p2a: Salamence|299\/393|[from] Leech Seed|[of] p1a: Ferrothorn
|turn|49
|
|move|p2a: Salamence|Frustration|p1a: Ferrothorn
|-damage|p1a: Ferrothorn|66\/352
|-damage|p2a: Salamence|250\/393|[from] ability: Iron Barbs|[of] p1a: Ferrothorn
|move|p1a: Ferrothorn|Gyro Ball|p2a: Salamence
|-damage|p2a: Salamence|115\/393
|
|-heal|p1a: Ferrothorn|88\/352|[from] item: Leftovers
|-damage|p2a: Salamence|66\/393|[from] Leech Seed|[of] p1a: Ferrothorn
|-heal|p1a: Ferrothorn|137\/352|[silent]
|turn|50
|
|switch|p1a: Photograph|Zapdos|384\/384
|-ability|p1a: Photograph|Pressure
|move|p2a: Salamence|Roost|p2a: Salamence
|-heal|p2a: Salamence|263\/393
|
|-damage|p2a: Salamence|214\/393|[from] Leech Seed|[of] p1a: Photograph
|turn|51
|
|move|p2a: Salamence|Frustration|p1a: Photograph
|-resisted|p1a: Photograph
|-damage|p1a: Photograph|139\/384
|move|p1a: Photograph|Hidden Power|p2a: Salamence
|-supereffective|p2a: Salamence
|-damage|p2a: Salamence|2\/393
|
|-heal|p1a: Photograph|163\/384|[from] item: Leftovers
|-damage|p2a: Salamence|0 fnt|[from] Leech Seed|[of] p1a: Photograph
|-heal|p1a: Photograph|165\/384|[silent]
|faint|p2a: Salamence
|
|switch|p2a: Jirachi|Jirachi|96\/404
|-damage|p2a: Jirachi|71\/404|[from] Stealth Rock
|turn|52
|
|move|p2a: Jirachi|Toxic|p1a: Photograph
|-status|p1a: Photograph|tox
|move|p1a: Photograph|Thunderbolt|p2a: Jirachi
|-damage|p2a: Jirachi|0 fnt
|faint|p2a: Jirachi
|
|-heal|p1a: Photograph|189\/384 tox|[from] item: Leftovers
|-damage|p1a: Photograph|165\/384 tox|[from] psn
|
|switch|p2a: Slowbro|Slowbro, F|391\/393
|-damage|p2a: Slowbro|342\/393|[from] Stealth Rock
|turn|53
|
|move|p1a: Photograph|Thunderbolt|p2a: Slowbro
|-supereffective|p2a: Slowbro
|-damage|p2a: Slowbro|4\/393
|move|p2a: Slowbro|Ice Beam|p1a: Photograph
|-supereffective|p1a: Photograph
|-damage|p1a: Photograph|35\/384 tox
|
|-heal|p1a: Photograph|59\/384 tox|[from] item: Leftovers
|-damage|p1a: Photograph|11\/384 tox|[from] psn
|turn|54
|
|switch|p2a: Conkeldurr|Conkeldurr, F|150\/351
|-damage|p2a: Conkeldurr|129\/351|[from] Stealth Rock
|move|p1a: Photograph|Thunderbolt|p2a: Conkeldurr
|-damage|p2a: Conkeldurr|41\/351
|
|-heal|p1a: Photograph|35\/384 tox|[from] item: Leftovers
|-damage|p1a: Photograph|0 fnt|[from] psn
|faint|p1a: Photograph
|
|switch|p1a: Staraptor|Staraptor, M|311\/311
|turn|55
|
|move|p2a: Conkeldurr|Mach Punch|p1a: Staraptor
|-crit|p1a: Staraptor
|-damage|p1a: Staraptor|172\/311
|move|p1a: Staraptor|Brave Bird|p2a: Conkeldurr
|-supereffective|p2a: Conkeldurr
|-damage|p2a: Conkeldurr|0 fnt
|-damage|p1a: Staraptor|158\/311|[from] recoil|[of] p2a: Conkeldurr
|faint|p2a: Conkeldurr
|
|
|switch|p2a: Empoleon|Empoleon, M|325\/371
|-damage|p2a: Empoleon|302\/371|[from] Stealth Rock
|turn|56
|
|switch|p1a: Ferrothorn|Ferrothorn, F|137\/352
|move|p2a: Empoleon|Defog|p1a: Ferrothorn
|-unboost|p1a: Ferrothorn|evasion|1
|-sideend|p2: costigan|Stealth Rock|[from] move: Defog|[of] p2a: Empoleon
|
|-heal|p2a: Empoleon|325\/371|[from] item: Leftovers
|-heal|p1a: Ferrothorn|159\/352|[from] item: Leftovers
|turn|57
|
|move|p2a: Empoleon|Stealth Rock|p1a: Ferrothorn
|-sidestart|p1: Lef Deppard|move: Stealth Rock
|move|p1a: Ferrothorn|Leech Seed|p2a: Empoleon
|-start|p2a: Empoleon|move: Leech Seed
|
|-heal|p2a: Empoleon|348\/371|[from] item: Leftovers
|-heal|p1a: Ferrothorn|181\/352|[from] item: Leftovers
|-damage|p2a: Empoleon|302\/371|[from] Leech Seed|[of] p1a: Ferrothorn
|-heal|p1a: Ferrothorn|227\/352|[silent]
|turn|58
|
|switch|p2a: Slowbro|Slowbro, F|135\/393
|move|p1a: Ferrothorn|Stealth Rock|p2a: Slowbro
|-sidestart|p2: costigan|move: Stealth Rock
|
|-heal|p1a: Ferrothorn|249\/352|[from] item: Leftovers
|turn|59
|
|move|p2a: Slowbro|Slack Off|p2a: Slowbro
|-heal|p2a: Slowbro|332\/393
|move|p1a: Ferrothorn|Leech Seed|p2a: Slowbro
|-start|p2a: Slowbro|move: Leech Seed
|
|-heal|p1a: Ferrothorn|271\/352|[from] item: Leftovers
|-damage|p2a: Slowbro|283\/393|[from] Leech Seed|[of] p1a: Ferrothorn
|-heal|p1a: Ferrothorn|320\/352|[silent]
|turn|60
|
|move|p2a: Slowbro|Scald|p1a: Ferrothorn
|-resisted|p1a: Ferrothorn
|-damage|p1a: Ferrothorn|285\/352
|move|p1a: Ferrothorn|Gyro Ball|p2a: Slowbro
|-resisted|p2a: Slowbro
|-damage|p2a: Slowbro|259\/393
|
|-heal|p1a: Ferrothorn|307\/352|[from] item: Leftovers
|-damage|p2a: Slowbro|210\/393|[from] Leech Seed|[of] p1a: Ferrothorn
|-heal|p1a: Ferrothorn|352\/352|[silent]
|turn|61
|
|move|p2a: Slowbro|Scald|p1a: Ferrothorn
|-resisted|p1a: Ferrothorn
|-damage|p1a: Ferrothorn|317\/352
|move|p1a: Ferrothorn|Leech Seed|p2a: Slowbro
|-fail|p2a: Slowbro
|
|-heal|p1a: Ferrothorn|339\/352|[from] item: Leftovers
|-damage|p2a: Slowbro|161\/393|[from] Leech Seed|[of] p1a: Ferrothorn
|-heal|p1a: Ferrothorn|352\/352|[silent]
|turn|62
|
|switch|p1a: Animal|Keldeo-Resolute|28\/322
|-damage|p1a: Animal|8\/322|[from] Stealth Rock
|move|p2a: Slowbro|Slack Off|p2a: Slowbro
|-heal|p2a: Slowbro|358\/393
|
|-damage|p2a: Slowbro|309\/393|[from] Leech Seed|[of] p1a: Animal
|-heal|p1a: Animal|57\/322|[silent]
|turn|63
|
|move|p1a: Animal|Scald|p2a: Slowbro
|-resisted|p2a: Slowbro
|-damage|p2a: Slowbro|185\/393
|move|p2a: Slowbro|Scald|p1a: Animal
|-resisted|p1a: Animal
|-damage|p1a: Animal|6\/322
|-status|p1a: Animal|brn
|
|-damage|p2a: Slowbro|136\/393|[from] Leech Seed|[of] p1a: Animal
|-heal|p1a: Animal|55\/322 brn|[silent]
|-damage|p1a: Animal|15\/322 brn|[from] brn
|turn|64
|
|switch|p2a: Empoleon|Empoleon, M|302\/371
|-damage|p2a: Empoleon|279\/371|[from] Stealth Rock
|move|p1a: Animal|Scald|p2a: Empoleon
|-resisted|p2a: Empoleon
|-damage|p2a: Empoleon|198\/371
|-status|p2a: Empoleon|brn
|
|-heal|p2a: Empoleon|221\/371 brn|[from] item: Leftovers
|-damage|p1a: Animal|0 fnt|[from] brn
|-damage|p2a: Empoleon|175\/371 brn|[from] brn
|faint|p1a: Animal
|
|switch|p1a: Ferrothorn|Ferrothorn, F|352\/352
|-damage|p1a: Ferrothorn|330\/352|[from] Stealth Rock
|turn|65
|
|move|p2a: Empoleon|Scald|p1a: Ferrothorn
|-resisted|p1a: Ferrothorn
|-damage|p1a: Ferrothorn|291\/352
|move|p1a: Ferrothorn|Leech Seed|p2a: Empoleon
|-start|p2a: Empoleon|move: Leech Seed
|
|-heal|p2a: Empoleon|198\/371 brn|[from] item: Leftovers
|-heal|p1a: Ferrothorn|313\/352|[from] item: Leftovers
|-damage|p2a: Empoleon|152\/371 brn|[from] Leech Seed|[of] p1a: Ferrothorn
|-heal|p1a: Ferrothorn|352\/352|[silent]
|-damage|p2a: Empoleon|106\/371 brn|[from] brn
|turn|66
|
|switch|p2a: Slowbro|Slowbro, F|267\/393
|-damage|p2a: Slowbro|218\/393|[from] Stealth Rock
|move|p1a: Ferrothorn|Leech Seed|p2a: Slowbro
|-start|p2a: Slowbro|move: Leech Seed
|
|-damage|p2a: Slowbro|169\/393|[from] Leech Seed|[of] p1a: Ferrothorn
|turn|67
|
|switch|p1a: Staraptor|Staraptor, M|158\/311
|-damage|p1a: Staraptor|81\/311|[from] Stealth Rock
|move|p2a: Slowbro|Slack Off|p2a: Slowbro
|-heal|p2a: Slowbro|366\/393
|
|-damage|p2a: Slowbro|317\/393|[from] Leech Seed|[of] p1a: Staraptor
|-heal|p1a: Staraptor|130\/311|[silent]
|turn|68
|
|switch|p2a: Empoleon|Empoleon, M|106\/371 brn
|-damage|p2a: Empoleon|83\/371 brn|[from] Stealth Rock
|move|p1a: Staraptor|Brave Bird|p2a: Empoleon
|-resisted|p2a: Empoleon
|-damage|p2a: Empoleon|0 fnt
|-damage|p1a: Staraptor|103\/311|[from] recoil|[of] p2a: Empoleon
|faint|p2a: Empoleon
|
|
|switch|p2a: Slowbro|Slowbro, F|393\/393
|-damage|p2a: Slowbro|344\/393|[from] Stealth Rock
|turn|69
|
|switch|p1a: Ferrothorn|Ferrothorn, F|352\/352
|-damage|p1a: Ferrothorn|330\/352|[from] Stealth Rock
|move|p2a: Slowbro|Ice Beam|p1a: Ferrothorn
|-damage|p1a: Ferrothorn|275\/352
|
|-heal|p1a: Ferrothorn|297\/352|[from] item: Leftovers
|turn|70
|
|move|p2a: Slowbro|Scald|p1a: Ferrothorn
|-resisted|p1a: Ferrothorn
|-damage|p1a: Ferrothorn|263\/352
|move|p1a: Ferrothorn|Leech Seed|p2a: Slowbro
|-start|p2a: Slowbro|move: Leech Seed
|
|-heal|p1a: Ferrothorn|285\/352|[from] item: Leftovers
|-damage|p2a: Slowbro|295\/393|[from] Leech Seed|[of] p1a: Ferrothorn
|-heal|p1a: Ferrothorn|334\/352|[silent]
|turn|71
|
|move|p2a: Slowbro|Scald|p1a: Ferrothorn
|-resisted|p1a: Ferrothorn
|-damage|p1a: Ferrothorn|301\/352
|move|p1a: Ferrothorn|Gyro Ball|p2a: Slowbro
|-resisted|p2a: Slowbro
|-damage|p2a: Slowbro|273\/393
|
|-heal|p1a: Ferrothorn|323\/352|[from] item: Leftovers
|-damage|p2a: Slowbro|224\/393|[from] Leech Seed|[of] p1a: Ferrothorn
|-heal|p1a: Ferrothorn|352\/352|[silent]
|turn|72
|
|move|p2a: Slowbro|Scald|p1a: Ferrothorn
|-resisted|p1a: Ferrothorn
|-damage|p1a: Ferrothorn|317\/352
|move|p1a: Ferrothorn|Gyro Ball|p2a: Slowbro
|-resisted|p2a: Slowbro
|-damage|p2a: Slowbro|201\/393
|
|-heal|p1a: Ferrothorn|339\/352|[from] item: Leftovers
|-damage|p2a: Slowbro|152\/393|[from] Leech Seed|[of] p1a: Ferrothorn
|-heal|p1a: Ferrothorn|352\/352|[silent]
|turn|73
|
|move|p2a: Slowbro|Scald|p1a: Ferrothorn
|-resisted|p1a: Ferrothorn
|-damage|p1a: Ferrothorn|316\/352
|move|p1a: Ferrothorn|Gyro Ball|p2a: Slowbro
|-resisted|p2a: Slowbro
|-damage|p2a: Slowbro|128\/393
|
|-heal|p1a: Ferrothorn|338\/352|[from] item: Leftovers
|-damage|p2a: Slowbro|79\/393|[from] Leech Seed|[of] p1a: Ferrothorn
|-heal|p1a: Ferrothorn|352\/352|[silent]
|turn|74
|
|switch|p1a: Staraptor|Staraptor, M|103\/311
|-damage|p1a: Staraptor|26\/311|[from] Stealth Rock
|move|p2a: Slowbro|Slack Off|p2a: Slowbro
|-heal|p2a: Slowbro|276\/393
|
|-damage|p2a: Slowbro|227\/393|[from] Leech Seed|[of] p1a: Staraptor
|-heal|p1a: Staraptor|75\/311|[silent]
|turn|75
|
|move|p1a: Staraptor|Brave Bird|p2a: Slowbro
|-damage|p2a: Slowbro|35\/393
|-damage|p1a: Staraptor|12\/311|[from] recoil|[of] p2a: Slowbro
|move|p2a: Slowbro|Slack Off|p2a: Slowbro
|-heal|p2a: Slowbro|232\/393
|
|-damage|p2a: Slowbro|183\/393|[from] Leech Seed|[of] p1a: Staraptor
|-heal|p1a: Staraptor|61\/311|[silent]
|turn|76
|
|move|p1a: Staraptor|Brave Bird|p2a: Slowbro
|-damage|p2a: Slowbro|12\/393
|-damage|p1a: Staraptor|5\/311|[from] recoil|[of] p2a: Slowbro
|move|p2a: Slowbro|Slack Off|p2a: Slowbro
|-heal|p2a: Slowbro|209\/393
|
|-damage|p2a: Slowbro|160\/393|[from] Leech Seed|[of] p1a: Staraptor
|-heal|p1a: Staraptor|54\/311|[silent]
|turn|77
|-message|costigan forfeited.
|
|win|Lef Deppard
|raw|Ladder updating...
|leave|costigan
|player|p2
|c|âLef Deppard|Gg
|raw|Ladder (probably) updated, but score could not be retrieved (timeout).
|raw|Ladder (probably) updated, but score could not be retrieved (Error: socket hang up).