|join|sp141
|join|Lef Deppard
|player|p1|sp141|1
|player|p2|Lef Deppard|240
|gametype|singles
|gen|6
|tier|ORAS OU
|rated
|rule|Sleep Clause Mod: Limit one foe put to sleep
|rule|Species Clause: Limit one of each PokÃ©mon
|rule|OHKO Clause: OHKO moves are banned
|rule|Moody Clause: Moody is banned
|rule|Evasion Moves Clause: Evasion moves are banned
|rule|Endless Battle Clause: Forcing endless battles is banned
|rule|HP Percentage Mod: HP is shown in percentages
|clearpoke
|poke|p1|Weavile, F
|poke|p1|Talonflame, F
|poke|p1|Starmie
|poke|p1|Rotom-Wash
|poke|p1|Heatran, M
|poke|p1|Metagross
|poke|p2|Donphan, M
|poke|p2|Zapdos
|poke|p2|Keldeo-Resolute
|poke|p2|Altaria, F
|poke|p2|Ferrothorn, F
|poke|p2|Staraptor, M
|rule|Swagger Clause: Swagger is banned
|rule|Baton Pass Clause: Limit one PokÃ©mon knowing Baton Pass
|teampreview
|
|start
|switch|p1a: Heatran|Heatran, M|324\/324
|switch|p2a: Ferrothorn|Ferrothorn, F|352\/352
|-item|p1a: Heatran|Air Balloon
|turn|1
|
|switch|p2a: Animal|Keldeo-Resolute|322\/322
|move|p1a: Heatran|Stealth Rock|p2a: Animal
|-sidestart|p2: Lef Deppard|move: Stealth Rock
|
|turn|2
|
|switch|p2a: Ferrothorn|Ferrothorn, F|352\/352
|-damage|p2a: Ferrothorn|330\/352|[from] Stealth Rock
|switch|p1a: Starmie|Starmie|324\/324
|
|-heal|p2a: Ferrothorn|352\/352|[from] item: Leftovers
|turn|3
|
|move|p1a: Starmie|Reflect Type|p2a: Ferrothorn
|-start|p1a: Starmie|typechange|[from] move: Reflect Type|[of] p2a: Ferrothorn
|move|p2a: Ferrothorn|Stealth Rock|p1a: Starmie
|-sidestart|p1: sp141|move: Stealth Rock
|
|turn|4
|
|switch|p2a: Animal|Keldeo-Resolute|322\/322
|-damage|p2a: Animal|302\/322|[from] Stealth Rock
|move|p1a: Starmie|Rapid Spin|p2a: Animal
|-damage|p2a: Animal|288\/322
|-sideend|p1: sp141|Stealth Rock|[from] move: Rapid Spin|[of] p1a: Starmie
|
|turn|5
|
|switch|p1a: Talonflame|Talonflame, F|319\/319
|move|p2a: Animal|Scald|p1a: Talonflame
|-supereffective|p1a: Talonflame
|-damage|p1a: Talonflame|0 fnt
|faint|p1a: Talonflame
|
|
|switch|p1a: Rotom-Wash|Rotom-Wash|304\/304
|turn|6
|
|switch|p2a: Altaria|Altaria, F|354\/354
|-damage|p2a: Altaria|266\/354|[from] Stealth Rock
|-ability|p2a: Altaria|Cloud Nine
|move|p1a: Rotom-Wash|Volt Switch|p2a: Altaria
|-damage|p2a: Altaria|110\/354
|
|switch|p1a: Weavile|Weavile, F|281\/281
|
|turn|7
|
|switch|p2a: Animal|Keldeo-Resolute|288\/322
|-damage|p2a: Animal|268\/322|[from] Stealth Rock
|move|p1a: Weavile|Icicle Crash|p2a: Animal
|-resisted|p2a: Animal
|-damage|p2a: Animal|167\/322
|-damage|p1a: Weavile|253\/281|[from] item: Life Orb
|
|turn|8
|
|switch|p1a: Starmie|Starmie|324\/324
|move|p2a: Animal|Scald|p1a: Starmie
|-resisted|p1a: Starmie
|-damage|p1a: Starmie|208\/324
|
|-heal|p1a: Starmie|228\/324|[from] item: Leftovers
|turn|9
|
|switch|p2a: Photograph|Zapdos|384\/384
|-damage|p2a: Photograph|288\/384|[from] Stealth Rock
|-ability|p2a: Photograph|Pressure
|move|p1a: Starmie|Scald|p2a: Photograph
|-damage|p2a: Photograph|206\/384
|
|-heal|p1a: Starmie|248\/324|[from] item: Leftovers
|-heal|p2a: Photograph|230\/384|[from] item: Leftovers
|turn|10
|
|switch|p1a: Heatran|Heatran, M|324\/324
|-item|p1a: Heatran|Air Balloon
|move|p2a: Photograph|Thunderbolt|p1a: Heatran
|-damage|p1a: Heatran|192\/324
|-enditem|p1a: Heatran|Air Balloon
|
|-heal|p2a: Photograph|254\/384|[from] item: Leftovers
|turn|11
|
|move|p1a: Heatran|Lava Plume|p2a: Photograph
|-damage|p2a: Photograph|137\/384
|move|p2a: Photograph|Roost|p2a: Photograph
|-heal|p2a: Photograph|329\/384
|
|-heal|p2a: Photograph|353\/384|[from] item: Leftovers
|turn|12
|
|move|p1a: Heatran|Taunt|p2a: Photograph
|-start|p2a: Photograph|move: Taunt
|move|p2a: Photograph|Thunderbolt|p1a: Heatran
|-damage|p1a: Heatran|57\/324
|
|-heal|p2a: Photograph|377\/384|[from] item: Leftovers
|turn|13
|
|move|p1a: Heatran|Lava Plume|p2a: Photograph
|-damage|p2a: Photograph|265\/384
|-status|p2a: Photograph|brn
|move|p2a: Photograph|Thunderbolt|p1a: Heatran
|-damage|p1a: Heatran|0 fnt
|faint|p1a: Heatran
|
|-heal|p2a: Photograph|289\/384 brn|[from] item: Leftovers
|-damage|p2a: Photograph|241\/384 brn|[from] brn
|
|switch|p1a: Weavile|Weavile, F|253\/281
|turn|14
|
|switch|p2a: Altaria|Altaria, F|110\/354
|-damage|p2a: Altaria|22\/354|[from] Stealth Rock
|-ability|p2a: Altaria|Cloud Nine
|move|p1a: Weavile|Icicle Crash|p2a: Altaria
|-supereffective|p2a: Altaria
|-damage|p2a: Altaria|0 fnt
|-damage|p1a: Weavile|225\/281|[from] item: Life Orb
|faint|p2a: Altaria
|
|
|switch|p2a: Ferrothorn|Ferrothorn, F|352\/352
|-damage|p2a: Ferrothorn|330\/352|[from] Stealth Rock
|turn|15
|
|switch|p1a: Starmie|Starmie|248\/324
|move|p2a: Ferrothorn|Stealth Rock|p1a: Starmie
|-sidestart|p1: sp141|move: Stealth Rock
|
|-heal|p1a: Starmie|268\/324|[from] item: Leftovers
|-heal|p2a: Ferrothorn|352\/352|[from] item: Leftovers
|turn|16
|
|move|p1a: Starmie|Rapid Spin|p2a: Ferrothorn
|-resisted|p2a: Ferrothorn
|-damage|p2a: Ferrothorn|348\/352
|-damage|p1a: Starmie|228\/324|[from] ability: Iron Barbs|[of] p2a: Ferrothorn
|-sideend|p1: sp141|Stealth Rock|[from] move: Rapid Spin|[of] p1a: Starmie
|move|p2a: Ferrothorn|Leech Seed|p1a: Starmie
|-start|p1a: Starmie|move: Leech Seed
|
|-heal|p1a: Starmie|248\/324|[from] item: Leftovers
|-heal|p2a: Ferrothorn|352\/352|[from] item: Leftovers
|-damage|p1a: Starmie|208\/324|[from] Leech Seed|[of] p2a: Ferrothorn
|turn|17
|
|move|p1a: Starmie|Scald|p2a: Ferrothorn
|-resisted|p2a: Ferrothorn
|-damage|p2a: Ferrothorn|317\/352
|move|p2a: Ferrothorn|Stealth Rock|p1a: Starmie
|-sidestart|p1: sp141|move: Stealth Rock
|
|-heal|p1a: Starmie|228\/324|[from] item: Leftovers
|-heal|p2a: Ferrothorn|339\/352|[from] item: Leftovers
|-damage|p1a: Starmie|188\/324|[from] Leech Seed|[of] p2a: Ferrothorn
|-heal|p2a: Ferrothorn|352\/352|[silent]
|turn|18
|
|switch|p2a: Photograph|Zapdos|241\/384 brn
|-damage|p2a: Photograph|145\/384 brn|[from] Stealth Rock
|-ability|p2a: Photograph|Pressure
|move|p1a: Starmie|Rapid Spin|p2a: Photograph
|-damage|p2a: Photograph|132\/384 brn
|-end|p1a: Starmie|Leech Seed|[from] move: Rapid Spin|[of] p1a: Starmie
|-sideend|p1: sp141|Stealth Rock|[from] move: Rapid Spin|[of] p1a: Starmie
|
|-heal|p1a: Starmie|208\/324|[from] item: Leftovers
|-heal|p2a: Photograph|156\/384 brn|[from] item: Leftovers
|-damage|p2a: Photograph|108\/384 brn|[from] brn
|turn|19
|
|switch|p1a: Weavile|Weavile, F|225\/281
|move|p2a: Photograph|Thunderbolt|p1a: Weavile
|-damage|p1a: Weavile|60\/281
|
|-heal|p2a: Photograph|132\/384 brn|[from] item: Leftovers
|-damage|p2a: Photograph|84\/384 brn|[from] brn
|turn|20
|
|move|p1a: Weavile|Icicle Crash|p2a: Photograph
|-supereffective|p2a: Photograph
|-damage|p2a: Photograph|0 fnt
|-damage|p1a: Weavile|32\/281|[from] item: Life Orb
|faint|p2a: Photograph
|
|
|switch|p2a: Animal|Keldeo-Resolute|167\/322
|-damage|p2a: Animal|147\/322|[from] Stealth Rock
|turn|21
|
|switch|p1a: Starmie|Starmie|208\/324
|move|p2a: Animal|Scald|p1a: Starmie
|-resisted|p1a: Starmie
|-damage|p1a: Starmie|82\/324
|
|-heal|p1a: Starmie|102\/324|[from] item: Leftovers
|turn|22
|
|move|p1a: Starmie|Recover|p1a: Starmie
|-heal|p1a: Starmie|264\/324
|move|p2a: Animal|Scald|p1a: Starmie
|-resisted|p1a: Starmie
|-damage|p1a: Starmie|150\/324
|
|-heal|p1a: Starmie|170\/324|[from] item: Leftovers
|turn|23
|
|move|p1a: Starmie|Scald|p2a: Animal
|-resisted|p2a: Animal
|-damage|p2a: Animal|98\/322
|move|p2a: Animal|Scald|p1a: Starmie
|-resisted|p1a: Starmie
|-damage|p1a: Starmie|39\/324
|-status|p1a: Starmie|brn
|
|-heal|p1a: Starmie|59\/324 brn|[from] item: Leftovers
|-damage|p1a: Starmie|19\/324 brn|[from] brn
|turn|24
|
|switch|p2a: Ferrothorn|Ferrothorn, F|352\/352
|-damage|p2a: Ferrothorn|330\/352|[from] Stealth Rock
|move|p1a: Starmie|Recover|p1a: Starmie
|-heal|p1a: Starmie|181\/324 brn
|
|-heal|p1a: Starmie|201\/324 brn|[from] item: Leftovers
|-heal|p2a: Ferrothorn|352\/352|[from] item: Leftovers
|-damage|p1a: Starmie|161\/324 brn|[from] brn
|turn|25
|
|move|p1a: Starmie|Recover|p1a: Starmie
|-heal|p1a: Starmie|323\/324 brn
|move|p2a: Ferrothorn|Stealth Rock|p1a: Starmie
|-sidestart|p1: sp141|move: Stealth Rock
|
|-heal|p1a: Starmie|324\/324 brn|[from] item: Leftovers
|-damage|p1a: Starmie|284\/324 brn|[from] brn
|turn|26
|
|move|p1a: Starmie|Scald|p2a: Ferrothorn
|-crit|p2a: Ferrothorn
|-resisted|p2a: Ferrothorn
|-damage|p2a: Ferrothorn|301\/352
|-status|p2a: Ferrothorn|brn
|move|p2a: Ferrothorn|Leech Seed|p1a: Starmie
|-start|p1a: Starmie|move: Leech Seed
|
|-heal|p1a: Starmie|304\/324 brn|[from] item: Leftovers
|-heal|p2a: Ferrothorn|323\/352 brn|[from] item: Leftovers
|-damage|p1a: Starmie|264\/324 brn|[from] Leech Seed|[of] p2a: Ferrothorn
|-heal|p2a: Ferrothorn|352\/352 brn|[silent]
|-damage|p1a: Starmie|224\/324 brn|[from] brn
|-damage|p2a: Ferrothorn|308\/352 brn|[from] brn
|turn|27
|
|move|p1a: Starmie|Rapid Spin|p2a: Ferrothorn
|-resisted|p2a: Ferrothorn
|-damage|p2a: Ferrothorn|306\/352 brn
|-damage|p1a: Starmie|184\/324 brn|[from] ability: Iron Barbs|[of] p2a: Ferrothorn
|-end|p1a: Starmie|Leech Seed|[from] move: Rapid Spin|[of] p1a: Starmie
|-sideend|p1: sp141|Stealth Rock|[from] move: Rapid Spin|[of] p1a: Starmie
|move|p2a: Ferrothorn|Gyro Ball|p1a: Starmie
|-resisted|p1a: Starmie
|-damage|p1a: Starmie|138\/324 brn
|
|-heal|p1a: Starmie|158\/324 brn|[from] item: Leftovers
|-heal|p2a: Ferrothorn|328\/352 brn|[from] item: Leftovers
|-damage|p1a: Starmie|118\/324 brn|[from] brn
|-damage|p2a: Ferrothorn|284\/352 brn|[from] brn
|turn|28
|
|move|p1a: Starmie|Recover|p1a: Starmie
|-heal|p1a: Starmie|280\/324 brn
|move|p2a: Ferrothorn|Stealth Rock|p1a: Starmie
|-sidestart|p1: sp141|move: Stealth Rock
|
|-heal|p1a: Starmie|300\/324 brn|[from] item: Leftovers
|-heal|p2a: Ferrothorn|306\/352 brn|[from] item: Leftovers
|-damage|p1a: Starmie|260\/324 brn|[from] brn
|-damage|p2a: Ferrothorn|262\/352 brn|[from] brn
|turn|29
|
|move|p1a: Starmie|Rapid Spin|p2a: Ferrothorn
|-resisted|p2a: Ferrothorn
|-damage|p2a: Ferrothorn|260\/352 brn
|-damage|p1a: Starmie|220\/324 brn|[from] ability: Iron Barbs|[of] p2a: Ferrothorn
|-sideend|p1: sp141|Stealth Rock|[from] move: Rapid Spin|[of] p1a: Starmie
|move|p2a: Ferrothorn|Leech Seed|p1a: Starmie
|-start|p1a: Starmie|move: Leech Seed
|
|-heal|p1a: Starmie|240\/324 brn|[from] item: Leftovers
|-heal|p2a: Ferrothorn|282\/352 brn|[from] item: Leftovers
|-damage|p1a: Starmie|200\/324 brn|[from] Leech Seed|[of] p2a: Ferrothorn
|-heal|p2a: Ferrothorn|322\/352 brn|[silent]
|-damage|p1a: Starmie|160\/324 brn|[from] brn
|-damage|p2a: Ferrothorn|278\/352 brn|[from] brn
|turn|30
|
|move|p1a: Starmie|Reflect Type|p2a: Ferrothorn
|-start|p1a: Starmie|typechange|[from] move: Reflect Type|[of] p2a: Ferrothorn
|move|p2a: Ferrothorn|Stealth Rock|p1a: Starmie
|-sidestart|p1: sp141|move: Stealth Rock
|
|-heal|p1a: Starmie|180\/324 brn|[from] item: Leftovers
|-heal|p2a: Ferrothorn|300\/352 brn|[from] item: Leftovers
|-damage|p1a: Starmie|140\/324 brn|[from] Leech Seed|[of] p2a: Ferrothorn
|-heal|p2a: Ferrothorn|340\/352 brn|[silent]
|-damage|p1a: Starmie|100\/324 brn|[from] brn
|-damage|p2a: Ferrothorn|296\/352 brn|[from] brn
|turn|31
|
|switch|p2a: Pour some on me|Donphan, M|384\/384
|-damage|p2a: Pour some on me|360\/384|[from] Stealth Rock
|move|p1a: Starmie|Recover|p1a: Starmie
|-heal|p1a: Starmie|262\/324 brn
|
|-heal|p1a: Starmie|282\/324 brn|[from] item: Leftovers
|-heal|p2a: Pour some on me|384\/384|[from] item: Leftovers
|-damage|p1a: Starmie|242\/324 brn|[from] Leech Seed|[of] p2a: Pour some on me
|-damage|p1a: Starmie|202\/324 brn|[from] brn
|turn|32
|
|move|p1a: Starmie|Rapid Spin|p2a: Pour some on me
|-damage|p2a: Pour some on me|378\/384
|-end|p1a: Starmie|Leech Seed|[from] move: Rapid Spin|[of] p1a: Starmie
|-sideend|p1: sp141|Stealth Rock|[from] move: Rapid Spin|[of] p1a: Starmie
|move|p2a: Pour some on me|Rapid Spin|p1a: Starmie
|-resisted|p1a: Starmie
|-damage|p1a: Starmie|188\/324 brn
|-sideend|p2: Lef Deppard|Stealth Rock|[from] move: Rapid Spin|[of] p2a: Pour some on me
|
|-heal|p1a: Starmie|208\/324 brn|[from] item: Leftovers
|-heal|p2a: Pour some on me|384\/384|[from] item: Leftovers
|-damage|p1a: Starmie|168\/324 brn|[from] brn
|turn|33
|
|switch|p1a: Rotom-Wash|Rotom-Wash|304\/304
|move|p2a: Pour some on me|Knock Off|p1a: Rotom-Wash
|-damage|p1a: Rotom-Wash|195\/304
|-enditem|p1a: Rotom-Wash|Choice Specs|[from] move: Knock Off|[of] p2a: Pour some on me
|
|turn|34
|
|switch|p2a: Ferrothorn|Ferrothorn, F|296\/352 brn
|move|p1a: Rotom-Wash|Hydro Pump|p2a: Ferrothorn
|-resisted|p2a: Ferrothorn
|-damage|p2a: Ferrothorn|231\/352 brn
|
|-heal|p2a: Ferrothorn|253\/352 brn|[from] item: Leftovers
|-damage|p2a: Ferrothorn|209\/352 brn|[from] brn
|turn|35
|
|move|p1a: Rotom-Wash|Volt Switch|p2a: Ferrothorn
|-resisted|p2a: Ferrothorn
|-damage|p2a: Ferrothorn|164\/352 brn
|
|switch|p1a: Starmie|Starmie|168\/324
|move|p2a: Ferrothorn|Stealth Rock|p1a: Starmie
|-sidestart|p1: sp141|move: Stealth Rock
|
|-heal|p1a: Starmie|188\/324|[from] item: Leftovers
|-heal|p2a: Ferrothorn|186\/352 brn|[from] item: Leftovers
|-damage|p2a: Ferrothorn|142\/352 brn|[from] brn
|turn|36
|
|switch|p2a: Staraptor|Staraptor, M|311\/311
|move|p1a: Starmie|Rapid Spin|p2a: Staraptor
|-crit|p2a: Staraptor
|-damage|p2a: Staraptor|289\/311
|-sideend|p1: sp141|Stealth Rock|[from] move: Rapid Spin|[of] p1a: Starmie
|
|-heal|p1a: Starmie|208\/324|[from] item: Leftovers
|turn|37
|join|Stepback
|
|switch|p1a: Metagross|Metagross|302\/302
|move|p2a: Staraptor|Double-Edge|p1a: Metagross
|-resisted|p1a: Metagross
|-damage|p1a: Metagross|199\/302
|-damage|p2a: Staraptor|255\/311|[from] recoil|[of] p1a: Metagross
|
|turn|38
|
|switch|p2a: Ferrothorn|Ferrothorn, F|142\/352 brn
|detailschange|p1a: Metagross|Metagross-Mega
|message|Metagross has Mega Evolved into Mega Metagross!
|move|p1a: Metagross|Meteor Mash|p2a: Ferrothorn
|-crit|p2a: Ferrothorn
|-resisted|p2a: Ferrothorn
|-damage|p2a: Ferrothorn|13\/352 brn
|-damage|p1a: Metagross|162\/302|[from] ability: Iron Barbs|[of] p2a: Ferrothorn
|
|-heal|p2a: Ferrothorn|35\/352 brn|[from] item: Leftovers
|-damage|p2a: Ferrothorn|0 fnt|[from] brn
|faint|p2a: Ferrothorn
|
|switch|p2a: Pour some on me|Donphan, M|384\/384
|turn|39
|
|switch|p1a: Starmie|Starmie|208\/324
|switch|p2a: Animal|Keldeo-Resolute|98\/322
|
|-heal|p1a: Starmie|228\/324|[from] item: Leftovers
|turn|40
|
|move|p1a: Starmie|Scald|p2a: Animal
|-resisted|p2a: Animal
|-damage|p2a: Animal|48\/322
|move|p2a: Animal|Scald|p1a: Starmie
|-resisted|p1a: Starmie
|-damage|p1a: Starmie|105\/324
|-status|p1a: Starmie|brn
|
|-heal|p1a: Starmie|125\/324 brn|[from] item: Leftovers
|-damage|p1a: Starmie|85\/324 brn|[from] brn
|turn|41
|
|switch|p2a: Staraptor|Staraptor, M|255\/311
|move|p1a: Starmie|Scald|p2a: Staraptor
|-damage|p2a: Staraptor|119\/311
|
|-heal|p1a: Starmie|105\/324 brn|[from] item: Leftovers
|-damage|p1a: Starmie|65\/324 brn|[from] brn
|turn|42
|
|move|p2a: Staraptor|U-turn|p1a: Starmie
|-supereffective|p1a: Starmie
|-damage|p1a: Starmie|0 fnt
|faint|p1a: Starmie
|
|switch|p2a: Pour some on me|Donphan, M|384\/384
|
|
|switch|p1a: Rotom-Wash|Rotom-Wash|195\/304
|turn|43
|
|switch|p2a: Animal|Keldeo-Resolute|48\/322
|move|p1a: Rotom-Wash|Hydro Pump|p2a: Animal
|-resisted|p2a: Animal
|-damage|p2a: Animal|0 fnt
|faint|p2a: Animal
|
|
|switch|p2a: Staraptor|Staraptor, M|119\/311
|turn|44
|
|switch|p1a: Metagross|Metagross-Mega|162\/302
|move|p2a: Staraptor|Close Combat|p1a: Metagross
|-crit|p1a: Metagross
|-damage|p1a: Metagross|0 fnt
|-unboost|p2a: Staraptor|def|1
|-unboost|p2a: Staraptor|spd|1
|faint|p1a: Metagross
|
|
|switch|p1a: Weavile|Weavile, F|32\/281
|turn|45
|
|switch|p2a: Pour some on me|Donphan, M|384\/384
|move|p1a: Weavile|Ice Shard|p2a: Pour some on me
|-supereffective|p2a: Pour some on me
|-damage|p2a: Pour some on me|241\/384
|-damage|p1a: Weavile|4\/281|[from] item: Life Orb
|
|-heal|p2a: Pour some on me|265\/384|[from] item: Leftovers
|turn|46
|
|switch|p1a: Rotom-Wash|Rotom-Wash|195\/304
|move|p2a: Pour some on me|Ice Shard|p1a: Rotom-Wash
|-resisted|p1a: Rotom-Wash
|-damage|p1a: Rotom-Wash|171\/304
|
|-heal|p2a: Pour some on me|289\/384|[from] item: Leftovers
|turn|47
|
|move|p1a: Rotom-Wash|Hydro Pump|p2a: Pour some on me
|-supereffective|p2a: Pour some on me
|-damage|p2a: Pour some on me|0 fnt
|faint|p2a: Pour some on me
|
|
|switch|p2a: Staraptor|Staraptor, M|119\/311
|turn|48
|
|move|p2a: Staraptor|Double-Edge|p1a: Rotom-Wash
|-damage|p1a: Rotom-Wash|0 fnt
|-damage|p2a: Staraptor|63\/311|[from] recoil|[of] p1a: Rotom-Wash
|faint|p1a: Rotom-Wash
|
|c|âLef Deppard|Gg
|
|switch|p1a: Weavile|Weavile, F|4\/281
|turn|49
|c|âsp141|gg
|
|move|p1a: Weavile|Ice Shard|p2a: Staraptor
|-supereffective|p2a: Staraptor
|-damage|p2a: Staraptor|0 fnt
|-damage|p1a: Weavile|0 fnt|[from] item: Life Orb
|faint|p2a: Staraptor
|faint|p1a: Weavile
|
|win|sp141
|raw|Ladder updating...
|raw|sp141's rating: 1744 &rarr; <strong>1754<\/strong><br \/>(+10 for winning)
|raw|Lef Deppard's rating: 1538 &rarr; <strong>1529<\/strong><br \/>(-9 for losing)