|join|Aka DH
|join|Lef Deppard
|player|p1|Aka DH|266
|player|p2|Lef Deppard|240
|gametype|singles
|gen|6
|tier|ORAS OU
|rated
|rule|Sleep Clause Mod: Limit one foe put to sleep
|rule|Species Clause: Limit one of each PokÃ©mon
|rule|OHKO Clause: OHKO moves are banned
|rule|Moody Clause: Moody is banned
|rule|Evasion Moves Clause: Evasion moves are banned
|rule|Endless Battle Clause: Forcing endless battles is banned
|rule|HP Percentage Mod: HP is shown in percentages
|clearpoke
|poke|p1|Bisharp, F
|poke|p1|Venusaur, F
|poke|p1|Heatran, F
|poke|p1|Keldeo
|poke|p1|Chansey, F
|poke|p1|Skarmory, F
|poke|p2|Donphan, M
|poke|p2|Zapdos
|poke|p2|Keldeo-Resolute
|poke|p2|Ferrothorn, F
|poke|p2|Diancie
|poke|p2|Conkeldurr, M
|rule|Swagger Clause: Swagger is banned
|rule|Baton Pass Clause: Limit one PokÃ©mon knowing Baton Pass
|teampreview
|join|Zenzoh
|
|start
|switch|p1a: Heatran|Heatran, F|340\/340
|switch|p2a: Diancie|Diancie|241\/241
|-item|p1a: Heatran|Air Balloon
|turn|1
|join|Weather Station
|
|switch|p1a: Chansey|Chansey, F|684\/684
|detailschange|p2a: Diancie|Diancie-Mega
|message|Diancie has Mega Evolved into Mega Diancie!
|move|p2a: Diancie|Diamond Storm|p1a: Chansey
|-damage|p1a: Chansey|411\/684
|-boost|p2a: Diancie|def|1
|
|turn|2
|
|move|p2a: Diancie|Diamond Storm|p1a: Chansey
|-damage|p1a: Chansey|126\/684
|-boost|p2a: Diancie|def|1
|move|p1a: Chansey|Soft-Boiled|p1a: Chansey
|-heal|p1a: Chansey|468\/684
|
|turn|3
|
|switch|p2a: Conkeldurr|Conkeldurr, M|351\/351
|move|p1a: Chansey|Soft-Boiled|p1a: Chansey
|-heal|p1a: Chansey|684\/684
|
|turn|4
|
|switch|p1a: Venusaur|Venusaur, F|364\/364
|switch|p2a: Ferrothorn|Ferrothorn, F|352\/352
|
|turn|5
|
|detailschange|p1a: Venusaur|Venusaur-Mega, F
|message|Venusaur has Mega Evolved into Mega Venusaur!
|move|p1a: Venusaur|Hidden Power|p2a: Ferrothorn
|-supereffective|p2a: Ferrothorn
|-damage|p2a: Ferrothorn|180\/352
|move|p2a: Ferrothorn|Stealth Rock|p1a: Venusaur
|-sidestart|p1: Aka DH|move: Stealth Rock
|
|-heal|p2a: Ferrothorn|202\/352|[from] item: Leftovers
|turn|6
|
|move|p2a: Ferrothorn|Protect|p2a: Ferrothorn
|-singleturn|p2a: Ferrothorn|Protect
|move|p1a: Venusaur|Giga Drain|p2a: Ferrothorn
|-activate|p2a: Ferrothorn|Protect
|
|-heal|p2a: Ferrothorn|224\/352|[from] item: Leftovers
|turn|7
|
|switch|p2a: Conkeldurr|Conkeldurr, M|351\/351
|move|p1a: Venusaur|Leech Seed|p2a: Conkeldurr
|-start|p2a: Conkeldurr|move: Leech Seed
|
|-damage|p2a: Conkeldurr|308\/351|[from] Leech Seed|[of] p1a: Venusaur
|turn|8
|
|switch|p2a: Photograph|Zapdos|384\/384
|-ability|p2a: Photograph|Pressure
|move|p1a: Venusaur|Hidden Power|p2a: Photograph
|-damage|p2a: Photograph|340\/384
|
|-heal|p2a: Photograph|364\/384|[from] item: Leftovers
|turn|9
|
|move|p2a: Photograph|Heat Wave|p1a: Venusaur
|-supereffective|p1a: Venusaur
|-damage|p1a: Venusaur|280\/364
|-status|p1a: Venusaur|brn
|move|p1a: Venusaur|Leech Seed|p2a: Photograph|[miss]
|-miss|p1a: Venusaur|p2a: Photograph
|
|-heal|p2a: Photograph|384\/384|[from] item: Leftovers
|-damage|p1a: Venusaur|235\/364 brn|[from] brn
|turn|10
|
|switch|p2a: Conkeldurr|Conkeldurr, M|308\/351
|move|p1a: Venusaur|Synthesis|p1a: Venusaur
|-heal|p1a: Venusaur|364\/364 brn
|
|-damage|p1a: Venusaur|319\/364 brn|[from] brn
|turn|11
|c| Zenzoh|...
|
|switch|p2a: Ferrothorn|Ferrothorn, F|224\/352
|move|p1a: Venusaur|Giga Drain|p2a: Ferrothorn
|-resisted|p2a: Ferrothorn
|-damage|p2a: Ferrothorn|206\/352
|-heal|p1a: Venusaur|328\/364 brn|[from] drain|[of] p2a: Ferrothorn
|
|-heal|p2a: Ferrothorn|228\/352|[from] item: Leftovers
|-damage|p1a: Venusaur|283\/364 brn|[from] brn
|turn|12
|
|switch|p1a: Heatran|Heatran, F|340\/340
|-damage|p1a: Heatran|298\/340|[from] Stealth Rock
|-item|p1a: Heatran|Air Balloon
|switch|p2a: Diancie|Diancie-Mega|241\/241
|
|turn|13
|
|move|p2a: Diancie|Diamond Storm|p1a: Heatran
|-damage|p1a: Heatran|145\/340
|-enditem|p1a: Heatran|Air Balloon
|-boost|p2a: Diancie|def|1
|move|p1a: Heatran|Fire Blast|p2a: Diancie
|-resisted|p2a: Diancie
|-damage|p2a: Diancie|157\/241
|
|turn|14
|
|switch|p1a: Chansey|Chansey, F|684\/684
|-damage|p1a: Chansey|599\/684|[from] Stealth Rock
|move|p2a: Diancie|Diamond Storm|p1a: Chansey
|-damage|p1a: Chansey|311\/684
|
|turn|15
|
|move|p2a: Diancie|Diamond Storm|p1a: Chansey
|-damage|p1a: Chansey|26\/684
|move|p1a: Chansey|Soft-Boiled|p1a: Chansey
|-heal|p1a: Chansey|368\/684
|
|turn|16
|
|switch|p2a: Conkeldurr|Conkeldurr, M|308\/351
|move|p1a: Chansey|Soft-Boiled|p1a: Chansey
|-heal|p1a: Chansey|684\/684
|
|turn|17
|
|switch|p1a: Venusaur|Venusaur-Mega, F|283\/364 brn
|-damage|p1a: Venusaur|238\/364 brn|[from] Stealth Rock
|move|p2a: Conkeldurr|Knock Off|p1a: Venusaur
|-damage|p1a: Venusaur|186\/364 brn
|
|-damage|p1a: Venusaur|141\/364 brn|[from] brn
|turn|18
|
|move|p1a: Venusaur|Synthesis|p1a: Venusaur
|-heal|p1a: Venusaur|323\/364 brn
|move|p2a: Conkeldurr|Drain Punch|p1a: Venusaur
|-resisted|p1a: Venusaur
|-damage|p1a: Venusaur|273\/364 brn
|-heal|p2a: Conkeldurr|333\/351|[from] drain|[of] p1a: Venusaur
|
|-damage|p1a: Venusaur|228\/364 brn|[from] brn
|turn|19
|
|switch|p2a: Ferrothorn|Ferrothorn, F|228\/352
|move|p1a: Venusaur|Giga Drain|p2a: Ferrothorn
|-resisted|p2a: Ferrothorn
|-damage|p2a: Ferrothorn|210\/352
|-heal|p1a: Venusaur|237\/364 brn|[from] drain|[of] p2a: Ferrothorn
|
|-heal|p2a: Ferrothorn|232\/352|[from] item: Leftovers
|-damage|p1a: Venusaur|192\/364 brn|[from] brn
|turn|20
|
|move|p1a: Venusaur|Synthesis|p1a: Venusaur
|-heal|p1a: Venusaur|364\/364 brn
|move|p2a: Ferrothorn|Gyro Ball|p1a: Venusaur
|-damage|p1a: Venusaur|282\/364 brn
|
|-heal|p2a: Ferrothorn|254\/352|[from] item: Leftovers
|-damage|p1a: Venusaur|237\/364 brn|[from] brn
|turn|21
|
|switch|p2a: Photograph|Zapdos|384\/384
|-ability|p2a: Photograph|Pressure
|move|p1a: Venusaur|Hidden Power|p2a: Photograph
|-damage|p2a: Photograph|340\/384
|
|-heal|p2a: Photograph|364\/384|[from] item: Leftovers
|-damage|p1a: Venusaur|192\/364 brn|[from] brn
|turn|22
|
|move|p2a: Photograph|Thunderbolt|p1a: Venusaur
|-resisted|p1a: Venusaur
|-damage|p1a: Venusaur|138\/364 brn
|move|p1a: Venusaur|Synthesis|p1a: Venusaur
|-heal|p1a: Venusaur|320\/364 brn
|
|-heal|p2a: Photograph|384\/384|[from] item: Leftovers
|-damage|p1a: Venusaur|275\/364 brn|[from] brn
|turn|23
|
|switch|p2a: Animal|Keldeo-Resolute|322\/322
|switch|p1a: Chansey|Chansey, F|684\/684
|-damage|p1a: Chansey|599\/684|[from] Stealth Rock
|
|turn|24
|
|move|p2a: Animal|Secret Sword|p1a: Chansey
|-supereffective|p1a: Chansey
|-damage|p1a: Chansey|45\/684
|move|p1a: Chansey|Thunder Wave|p2a: Animal
|-status|p2a: Animal|par
|
|turn|25
|
|move|p1a: Chansey|Aromatherapy|p1a: Chansey
|-cureteam|p1a: Chansey|[from] move: Aromatherapy
|move|p2a: Animal|Secret Sword|p1a: Chansey
|-supereffective|p1a: Chansey
|-damage|p1a: Chansey|0 fnt
|faint|p1a: Chansey
|
|
|switch|p1a: Skarmory|Skarmory, F|334\/334
|-damage|p1a: Skarmory|293\/334|[from] Stealth Rock
|turn|26
|
|switch|p2a: Diancie|Diancie-Mega|157\/241
|move|p1a: Skarmory|Brave Bird|p2a: Diancie
|-resisted|p2a: Diancie
|-damage|p2a: Diancie|104\/241
|-damage|p1a: Skarmory|276\/334|[from] recoil|[of] p2a: Diancie
|
|turn|27
|
|move|p2a: Diancie|Hidden Power|p1a: Skarmory
|-supereffective|p1a: Skarmory
|-damage|p1a: Skarmory|130\/334
|move|p1a: Skarmory|Brave Bird|p2a: Diancie
|-resisted|p2a: Diancie
|-damage|p2a: Diancie|51\/241
|-damage|p1a: Skarmory|113\/334|[from] recoil|[of] p2a: Diancie
|
|turn|28
|
|switch|p1a: Heatran|Heatran, F|145\/340
|-damage|p1a: Heatran|103\/340|[from] Stealth Rock
|move|p2a: Diancie|Hidden Power|p1a: Heatran
|-start|p1a: Heatran|ability: Flash Fire
|
|turn|29
|
|move|p2a: Diancie|Earth Power|p1a: Heatran
|-supereffective|p1a: Heatran
|-damage|p1a: Heatran|0 fnt
|faint|p1a: Heatran
|
|
|switch|p1a: Bisharp|Bisharp, F|334\/334
|-damage|p1a: Bisharp|314\/334|[from] Stealth Rock
|turn|30
|
|switch|p2a: Conkeldurr|Conkeldurr, M|333\/351
|move|p1a: Bisharp|Knock Off|p2a: Conkeldurr
|-resisted|p2a: Conkeldurr
|-damage|p2a: Conkeldurr|238\/351
|-enditem|p2a: Conkeldurr|Assault Vest|[from] move: Knock Off|[of] p1a: Bisharp
|
|-heal|p1a: Bisharp|334\/334|[from] item: Leftovers
|turn|31
|
|switch|p1a: Skarmory|Skarmory, F|113\/334
|-damage|p1a: Skarmory|72\/334|[from] Stealth Rock
|move|p2a: Conkeldurr|Drain Punch|p1a: Skarmory
|-damage|p1a: Skarmory|0 fnt
|-heal|p2a: Conkeldurr|274\/351|[from] drain|[of] p1a: Skarmory
|-damage|p2a: Conkeldurr|216\/351|[from] item: Rocky Helmet|[of] p1a: Skarmory
|faint|p1a: Skarmory
|
|
|switch|p1a: Venusaur|Venusaur-Mega, F|275\/364
|-damage|p1a: Venusaur|230\/364|[from] Stealth Rock
|turn|32
|
|switch|p2a: Ferrothorn|Ferrothorn, F|254\/352
|move|p1a: Venusaur|Hidden Power|p2a: Ferrothorn
|-supereffective|p2a: Ferrothorn
|-damage|p2a: Ferrothorn|78\/352
|
|-heal|p2a: Ferrothorn|100\/352|[from] item: Leftovers
|turn|33
|
|move|p1a: Venusaur|Hidden Power|p2a: Ferrothorn
|-supereffective|p2a: Ferrothorn
|-damage|p2a: Ferrothorn|0 fnt
|faint|p2a: Ferrothorn
|
|
|switch|p2a: Diancie|Diancie-Mega|51\/241
|turn|34
|
|move|p2a: Diancie|Diamond Storm|p1a: Venusaur
|-damage|p1a: Venusaur|110\/364
|move|p1a: Venusaur|Synthesis|p1a: Venusaur
|-heal|p1a: Venusaur|292\/364
|
|turn|35
|
|move|p2a: Diancie|Diamond Storm|p1a: Venusaur
|-damage|p1a: Venusaur|171\/364
|-boost|p2a: Diancie|def|1
|move|p1a: Venusaur|Giga Drain|p2a: Diancie
|-supereffective|p2a: Diancie
|-damage|p2a: Diancie|0 fnt
|-heal|p1a: Venusaur|197\/364|[from] drain|[of] p2a: Diancie
|faint|p2a: Diancie
|
|
|switch|p2a: Photograph|Zapdos|384\/384
|-ability|p2a: Photograph|Pressure
|turn|36
|
|move|p2a: Photograph|Heat Wave|p1a: Venusaur
|-supereffective|p1a: Venusaur
|-damage|p1a: Venusaur|109\/364
|move|p1a: Venusaur|Leech Seed|p2a: Photograph
|-start|p2a: Photograph|move: Leech Seed
|
|-damage|p2a: Photograph|336\/384|[from] Leech Seed|[of] p1a: Venusaur
|-heal|p1a: Venusaur|157\/364|[silent]
|turn|37
|
|move|p2a: Photograph|Heat Wave|p1a: Venusaur
|-crit|p1a: Venusaur
|-supereffective|p1a: Venusaur
|-damage|p1a: Venusaur|37\/364
|move|p1a: Venusaur|Hidden Power|p2a: Photograph
|-damage|p2a: Photograph|290\/384
|
|-heal|p2a: Photograph|314\/384|[from] item: Leftovers
|-damage|p2a: Photograph|266\/384|[from] Leech Seed|[of] p1a: Venusaur
|-heal|p1a: Venusaur|85\/364|[silent]
|turn|38
|
|switch|p1a: Keldeo|Keldeo|323\/323
|-damage|p1a: Keldeo|303\/323|[from] Stealth Rock
|move|p2a: Photograph|Heat Wave|p1a: Keldeo
|-miss|p2a: Photograph|p1a: Keldeo
|
|-heal|p1a: Keldeo|323\/323|[from] item: Leftovers
|-heal|p2a: Photograph|290\/384|[from] item: Leftovers
|-damage|p2a: Photograph|242\/384|[from] Leech Seed|[of] p1a: Keldeo
|turn|39
|
|switch|p2a: Animal|Keldeo-Resolute|322\/322 par
|move|p1a: Keldeo|Calm Mind|p1a: Keldeo
|-boost|p1a: Keldeo|spa|1
|-boost|p1a: Keldeo|spd|1
|
|turn|40
|
|move|p1a: Keldeo|Secret Sword|p2a: Animal
|-damage|p2a: Animal|70\/322 par
|move|p2a: Animal|Secret Sword|p1a: Keldeo
|-damage|p1a: Keldeo|68\/323
|
|-heal|p1a: Keldeo|88\/323|[from] item: Leftovers
|turn|41
|
|move|p1a: Keldeo|Secret Sword|p2a: Animal
|-damage|p2a: Animal|0 fnt
|faint|p2a: Animal
|
|-heal|p1a: Keldeo|108\/323|[from] item: Leftovers
|
|switch|p2a: Photograph|Zapdos|242\/384
|-ability|p2a: Photograph|Pressure
|turn|42
|
|move|p1a: Keldeo|Scald|p2a: Photograph
|-damage|p2a: Photograph|64\/384
|move|p2a: Photograph|Thunderbolt|p1a: Keldeo
|-supereffective|p1a: Keldeo
|-damage|p1a: Keldeo|0 fnt
|faint|p1a: Keldeo
|
|-heal|p2a: Photograph|88\/384|[from] item: Leftovers
|
|switch|p1a: Bisharp|Bisharp, F|334\/334
|-damage|p1a: Bisharp|314\/334|[from] Stealth Rock
|turn|43
|
|move|p2a: Photograph|Roost|p2a: Photograph
|-heal|p2a: Photograph|280\/384
|move|p1a: Bisharp|Swords Dance|p1a: Bisharp
|-boost|p1a: Bisharp|atk|2
|
|-heal|p2a: Photograph|304\/384|[from] item: Leftovers
|-heal|p1a: Bisharp|334\/334|[from] item: Leftovers
|turn|44
|
|move|p2a: Photograph|Heat Wave|p1a: Bisharp
|-supereffective|p1a: Bisharp
|-damage|p1a: Bisharp|98\/334
|move|p1a: Bisharp|Knock Off|p2a: Photograph
|-damage|p2a: Photograph|0 fnt
|-enditem|p2a: Photograph|Leftovers|[from] move: Knock Off|[of] p1a: Bisharp
|faint|p2a: Photograph
|
|-heal|p1a: Bisharp|118\/334|[from] item: Leftovers
|
|switch|p2a: Pour some on me|Donphan, M|384\/384
|turn|45
|
|move|p1a: Bisharp|Iron Head|p2a: Pour some on me
|-damage|p2a: Pour some on me|131\/384
|move|p2a: Pour some on me|Earthquake|p1a: Bisharp
|-supereffective|p1a: Bisharp
|-damage|p1a: Bisharp|0 fnt
|faint|p1a: Bisharp
|
|-heal|p2a: Pour some on me|155\/384|[from] item: Leftovers
|
|switch|p1a: Venusaur|Venusaur-Mega, F|85\/364
|-damage|p1a: Venusaur|40\/364|[from] Stealth Rock
|turn|46
|
|move|p2a: Pour some on me|Ice Shard|p1a: Venusaur
|-supereffective|p1a: Venusaur
|-damage|p1a: Venusaur|6\/364
|move|p1a: Venusaur|Synthesis|p1a: Venusaur
|-heal|p1a: Venusaur|188\/364
|
|-heal|p2a: Pour some on me|179\/384|[from] item: Leftovers
|turn|47
|c|âLef Deppard|Damn
|
|move|p1a: Venusaur|Giga Drain|p2a: Pour some on me
|-crit|p2a: Pour some on me
|-supereffective|p2a: Pour some on me
|-damage|p2a: Pour some on me|0 fnt
|-heal|p1a: Venusaur|278\/364|[from] drain|[of] p2a: Pour some on me
|faint|p2a: Pour some on me
|
|
|switch|p2a: Conkeldurr|Conkeldurr, M|216\/351
|turn|48
|
|move|p1a: Venusaur|Leech Seed|p2a: Conkeldurr|[miss]
|-miss|p1a: Venusaur|p2a: Conkeldurr
|move|p2a: Conkeldurr|Drain Punch|p1a: Venusaur
|-resisted|p1a: Venusaur
|-damage|p1a: Venusaur|231\/364
|-heal|p2a: Conkeldurr|240\/351|[from] drain|[of] p1a: Venusaur
|
|turn|49
|
|move|p1a: Venusaur|Leech Seed|p2a: Conkeldurr
|-start|p2a: Conkeldurr|move: Leech Seed
|move|p2a: Conkeldurr|Poison Jab|p1a: Venusaur
|-damage|p1a: Venusaur|163\/364
|
|-damage|p2a: Conkeldurr|197\/351|[from] Leech Seed|[of] p1a: Venusaur
|-heal|p1a: Venusaur|206\/364|[silent]
|turn|50
|-message|Lef Deppard forfeited.
|
|win|Aka DH
|raw|Ladder updating...
|leave|Lef Deppard
|player|p2
|raw|Aka DH's rating: 1685 &rarr; <strong>1695<\/strong><br \/>(+10 for winning)
|raw|Lef Deppard's rating: 1505 &rarr; <strong>1494<\/strong><br \/>(-11 for losing)