|join|iplaytennislol ãâã
|join|Lef Deppard
|player|p1|iplaytennislol ãâã|175
|player|p2|Lef Deppard|240
|gametype|singles
|gen|6
|tier|ORAS OU
|rated
|rule|Sleep Clause Mod: Limit one foe put to sleep
|rule|Species Clause: Limit one of each PokÃ©mon
|rule|OHKO Clause: OHKO moves are banned
|rule|Moody Clause: Moody is banned
|rule|Evasion Moves Clause: Evasion moves are banned
|rule|Endless Battle Clause: Forcing endless battles is banned
|rule|HP Percentage Mod: HP is shown in percentages
|clearpoke
|poke|p1|Azelf
|poke|p1|Scizor, M
|poke|p1|Diggersby, F
|poke|p1|Greninja, M
|poke|p1|Dragonite, M
|poke|p1|Latios, M
|poke|p2|Donphan, M
|poke|p2|Zapdos
|poke|p2|Keldeo-Resolute
|poke|p2|Ferrothorn, F
|poke|p2|Heracross, M
|poke|p2|Rotom-Wash
|rule|Swagger Clause: Swagger is banned
|rule|Baton Pass Clause: Limit one PokÃ©mon knowing Baton Pass
|teampreview
|
|start
|switch|p1a: Azelf|Azelf|291\/291
|switch|p2a: Heracross|Heracross, M|301\/301
|turn|1
|join|Realistic Waters 2
|
|detailschange|p2a: Heracross|Heracross-Mega, M
|message|Heracross has Mega Evolved into Mega Heracross!
|move|p1a: Azelf|Stealth Rock|p2a: Heracross
|-sidestart|p2: Lef Deppard|move: Stealth Rock
|move|p2a: Heracross|Pin Missile|p1a: Azelf
|-supereffective|p1a: Azelf
|-damage|p1a: Azelf|111\/291
|-supereffective|p1a: Azelf
|-damage|p1a: Azelf|0 fnt
|-hitcount|p1a: Azelf|2
|faint|p1a: Azelf
|
|join|Sir Kay
|join|Realistic Fling
|join|lil manaphy
|join|Escavalierâ«â«â«â«
|join|Flan76
|
|switch|p1a: Greninja|Greninja, M|285\/285
|turn|2
|
|move|p1a: Greninja|Hydro Pump|p2a: Heracross
|-start|p1a: Greninja|typechange|Water|[from] Protean
|-damage|p2a: Heracross|98\/301
|-damage|p1a: Greninja|257\/285|[from] item: Life Orb
|move|p2a: Heracross|Close Combat|p1a: Greninja
|-damage|p1a: Greninja|0 fnt
|-unboost|p2a: Heracross|def|1
|-unboost|p2a: Heracross|spd|1
|faint|p1a: Greninja
|
|
|switch|p1a: Scizor|Scizor, M|283\/283
|turn|3
|
|switch|p2a: Rotom-Wash|Rotom-Wash|304\/304
|-damage|p2a: Rotom-Wash|266\/304|[from] Stealth Rock
|detailschange|p1a: Scizor|Scizor-Mega, M
|message|Scizor has Mega Evolved into Mega Scizor!
|move|p1a: Scizor|Swords Dance|p1a: Scizor
|-boost|p1a: Scizor|atk|2
|
|-heal|p2a: Rotom-Wash|285\/304|[from] item: Leftovers
|turn|4
|
|move|p1a: Scizor|Bug Bite|p2a: Rotom-Wash
|-damage|p2a: Rotom-Wash|9\/304
|move|p2a: Rotom-Wash|Will-O-Wisp|p1a: Scizor
|-status|p1a: Scizor|brn
|
|-heal|p2a: Rotom-Wash|28\/304|[from] item: Leftovers
|-damage|p1a: Scizor|248\/283 brn|[from] brn
|turn|5
|join|CharlieBravo
|join|AlltheTests
|
|move|p1a: Scizor|Bug Bite|p2a: Rotom-Wash
|-damage|p2a: Rotom-Wash|0 fnt
|faint|p2a: Rotom-Wash
|
|-damage|p1a: Scizor|213\/283 brn|[from] brn
|
|switch|p2a: Pour some on me|Donphan, M|384\/384
|-damage|p2a: Pour some on me|360\/384|[from] Stealth Rock
|turn|6
|
|move|p1a: Scizor|Swords Dance|p1a: Scizor
|-boost|p1a: Scizor|atk|2
|move|p2a: Pour some on me|Rapid Spin|p1a: Scizor
|-resisted|p1a: Scizor
|-damage|p1a: Scizor|203\/283 brn
|-sideend|p2: Lef Deppard|Stealth Rock|[from] move: Rapid Spin|[of] p2a: Pour some on me
|
|-heal|p2a: Pour some on me|384\/384|[from] item: Leftovers
|-damage|p1a: Scizor|168\/283 brn|[from] brn
|turn|7
|
|switch|p2a: Heracross|Heracross-Mega, M|98\/301
|move|p1a: Scizor|Bug Bite|p2a: Heracross
|-resisted|p2a: Heracross
|-damage|p2a: Heracross|0 fnt
|faint|p2a: Heracross
|
|-damage|p1a: Scizor|133\/283 brn|[from] brn
|
|switch|p2a: Photograph|Zapdos|384\/384
|-ability|p2a: Photograph|Pressure
|turn|8
|
|move|p1a: Scizor|Bug Bite|p2a: Photograph
|-resisted|p2a: Photograph
|-damage|p2a: Photograph|205\/384
|move|p2a: Photograph|Heat Wave|p1a: Scizor
|-supereffective|p1a: Scizor
|-damage|p1a: Scizor|0 fnt
|faint|p1a: Scizor
|
|-heal|p2a: Photograph|229\/384|[from] item: Leftovers
|
|switch|p1a: Diggersby|Diggersby, F|311\/311
|turn|9
|
|move|p1a: Diggersby|Swords Dance|p1a: Diggersby
|-boost|p1a: Diggersby|atk|2
|move|p2a: Photograph|Hidden Power|p1a: Diggersby
|-supereffective|p1a: Diggersby
|-damage|p1a: Diggersby|173\/311
|
|-heal|p2a: Photograph|253\/384|[from] item: Leftovers
|turn|10
|
|move|p1a: Diggersby|Frustration|p2a: Photograph
|-damage|p2a: Photograph|0 fnt
|-damage|p1a: Diggersby|142\/311|[from] item: Life Orb
|faint|p2a: Photograph
|
|
|switch|p2a: Animal|Keldeo-Resolute|322\/322
|turn|11
|
|switch|p1a: Latios|Latios, M|301\/301
|move|p2a: Animal|Scald|p1a: Latios
|-resisted|p1a: Latios
|-damage|p1a: Latios|211\/301
|
|turn|12
|
|switch|p1a: Diggersby|Diggersby, F|142\/311
|switch|p2a: Ferrothorn|Ferrothorn, F|352\/352
|
|turn|13
|join|illestt
|
|move|p1a: Diggersby|Earthquake|p2a: Ferrothorn
|-damage|p2a: Ferrothorn|141\/352
|-damage|p1a: Diggersby|111\/311|[from] item: Life Orb
|move|p2a: Ferrothorn|Gyro Ball|p1a: Diggersby
|-damage|p1a: Diggersby|0 fnt
|faint|p1a: Diggersby
|
|-heal|p2a: Ferrothorn|163\/352|[from] item: Leftovers
|c| CharlieBravo|diggersbytho
|c|âiplaytennislol ãâã|^
|
|switch|p1a: Dragonite|Dragonite, M|323\/323
|turn|14
|join|dealerdechoucroute
|
|move|p1a: Dragonite|Fire Punch|p2a: Ferrothorn
|-supereffective|p2a: Ferrothorn
|-damage|p2a: Ferrothorn|0 fnt
|-damage|p1a: Dragonite|283\/323|[from] ability: Iron Barbs|[of] p2a: Ferrothorn
|faint|p2a: Ferrothorn
|
|
|switch|p2a: Animal|Keldeo-Resolute|322\/322
|turn|15
|
|move|p2a: Animal|Icy Wind|p1a: Dragonite
|-supereffective|p1a: Dragonite
|-damage|p1a: Dragonite|0 fnt
|faint|p1a: Dragonite
|
|
|switch|p1a: Latios|Latios, M|211\/301
|turn|16
|c|âLef Deppard|Gg man
|c|âiplaytennislol ãâã|g_G
|
|move|p1a: Latios|Draco Meteor|p2a: Animal
|-damage|p2a: Animal|73\/322
|-unboost|p1a: Latios|spa|2
|move|p2a: Animal|Icy Wind|p1a: Latios
|-supereffective|p1a: Latios
|-damage|p1a: Latios|19\/301
|-unboost|p1a: Latios|spe|1
|
|turn|17
|leave|Escavalierâ«â«â«â«
|c| Sir Kay|gg
|leave|lil manaphy
|c| Realistic Waters 2|gg
|
|switch|p2a: Pour some on me|Donphan, M|384\/384
|move|p1a: Latios|Draco Meteor|p2a: Pour some on me
|-damage|p2a: Pour some on me|200\/384
|-unboost|p1a: Latios|spa|2
|
|-heal|p2a: Pour some on me|224\/384|[from] item: Leftovers
|turn|18
|c| dealerdechoucroute|jeej
|
|move|p2a: Pour some on me|Ice Shard|p1a: Latios
|-crit|p1a: Latios
|-supereffective|p1a: Latios
|-damage|p1a: Latios|0 fnt
|faint|p1a: Latios
|
|win|Lef Deppard
|raw|Ladder updating...
|raw|iplaytennislol ãâã's rating: 1615 &rarr; <strong>1593<\/strong><br \/>(-22 for losing)
|raw|Lef Deppard's rating: 1579 &rarr; <strong>1602<\/strong><br \/>(+23 for winning)
|leave|iplaytennislol ãâã
|player|p1
|leave|Sir Kay
|leave|dealerdechoucroute
|leave|CharlieBravo
|leave|Realistic Waters 2
|leave|illestt