|join|Lef Deppard
|join|Th3Ender
|player|p1|Lef Deppard|240
|player|p2|Th3Ender|95
|gametype|singles
|gen|6
|tier|OU
|rated
|clearpoke
|poke|p1|Donphan, M
|poke|p1|Zapdos
|poke|p1|Pinsir, M
|poke|p1|Keldeo-Resolute
|poke|p1|Metagross
|poke|p1|Celebi
|poke|p2|Gardevoir, M
|poke|p2|Latios, M
|poke|p2|Keldeo
|poke|p2|Ferrothorn, M
|poke|p2|Tyranitar, F
|poke|p2|Excadrill, F
|rule|Swagger Clause: Swagger is banned
|rule|Baton Pass Clause: Limit one PokÃ©mon knowing Baton Pass
|rule|Sleep Clause Mod: Limit one foe put to sleep
|rule|Species Clause: Limit one of each PokÃ©mon
|rule|OHKO Clause: OHKO moves are banned
|rule|Moody Clause: Moody is banned
|rule|Evasion Moves Clause: Evasion moves are banned
|rule|Endless Battle Clause: Forcing endless battles is banned
|rule|HP Percentage Mod: HP is shown in percentages
|teampreview
|join|illestt
|
|start
|switch|p1a: Keldeo-Resolute|Keldeo-Resolute|322\/322
|switch|p2a: Magic|Gardevoir, M|277\/277
|-ability|p2a: Magic|Justified|[from] ability: Trace|[of] p1a: Keldeo-Resolute
|turn|1
|
|switch|p1a: Celebi|Celebi|404\/404
|detailschange|p2a: Magic|Gardevoir-Mega, M
|message|Gardevoir has Mega Evolved into Mega Gardevoir!
|move|p2a: Magic|Hyper Voice|p1a: Celebi
|-damage|p1a: Celebi|199\/404
|
|-heal|p1a: Celebi|224\/404|[from] item: Leftovers
|turn|2
|
|move|p2a: Magic|Taunt|p1a: Celebi
|-start|p1a: Celebi|move: Taunt
|cant|p1a: Celebi|move: Taunt|Thunder Wave
|
|-heal|p1a: Celebi|249\/404|[from] item: Leftovers
|turn|3
|
|switch|p1a: Metagross|Metagross|364\/364
|move|p2a: Magic|Hyper Voice|p1a: Metagross
|-resisted|p1a: Metagross
|-damage|p1a: Metagross|229\/364
|
|-heal|p1a: Metagross|251\/364|[from] item: Leftovers
|turn|4
|
|switch|p2a: The Scientist|Ferrothorn, M|352\/352
|move|p1a: Metagross|Stealth Rock|p2a: The Scientist
|-sidestart|p2: Th3Ender|move: Stealth Rock
|
|-heal|p1a: Metagross|273\/364|[from] item: Leftovers
|turn|5
|join|Demerge
|leave|Demerge
|
|switch|p1a: Keldeo-Resolute|Keldeo-Resolute|322\/322
|move|p2a: The Scientist|Spikes|p1a: Keldeo-Resolute
|-sidestart|p1: Lef Deppard|Spikes
|
|turn|6
|
|move|p2a: The Scientist|Protect|p2a: The Scientist
|-singleturn|p2a: The Scientist|Protect
|move|p1a: Keldeo-Resolute|Scald|p2a: The Scientist
|-activate|p2a: The Scientist|Protect
|
|turn|7
|
|move|p1a: Keldeo-Resolute|Scald|p2a: The Scientist
|-resisted|p2a: The Scientist
|-damage|p2a: The Scientist|268\/352
|-status|p2a: The Scientist|brn
|move|p2a: The Scientist|Leech Seed|p1a: Keldeo-Resolute
|-start|p1a: Keldeo-Resolute|move: Leech Seed
|
|-heal|p2a: The Scientist|290\/352 brn|[from] item: Leftovers
|-damage|p1a: Keldeo-Resolute|282\/322|[from] Leech Seed|[of] p2a: The Scientist
|-heal|p2a: The Scientist|330\/352 brn|[silent]
|-damage|p2a: The Scientist|286\/352 brn|[from] brn
|turn|8
|
|switch|p1a: Pivin on a Lrayer|Donphan, M|384\/384
|-damage|p1a: Pivin on a Lrayer|336\/384|[from] Spikes
|switch|p2a: High Speed|Latios, M|299\/299
|-damage|p2a: High Speed|262\/299|[from] Stealth Rock
|
|-heal|p1a: Pivin on a Lrayer|360\/384|[from] item: Leftovers
|turn|9
|join|Demerge
|
|switch|p1a: Zapdos|Zapdos|384\/384
|-ability|p1a: Zapdos|Pressure
|move|p2a: High Speed|Draco Meteor|p1a: Zapdos
|-damage|p1a: Zapdos|129\/384
|-unboost|p2a: High Speed|spa|2
|-damage|p2a: High Speed|233\/299|[from] item: Life Orb
|
|-heal|p1a: Zapdos|153\/384|[from] item: Leftovers
|turn|10
|
|switch|p2a: Magic|Gardevoir-Mega, M|277\/277
|-damage|p2a: Magic|243\/277|[from] Stealth Rock
|move|p1a: Zapdos|Roost|p1a: Zapdos
|-heal|p1a: Zapdos|345\/384
|
|-heal|p1a: Zapdos|369\/384|[from] item: Leftovers
|turn|11
|
|switch|p1a: Metagross|Metagross|273\/364
|-damage|p1a: Metagross|228\/364|[from] Spikes
|move|p2a: Magic|Hyper Voice|p1a: Metagross
|-resisted|p1a: Metagross
|-damage|p1a: Metagross|72\/364
|
|-heal|p1a: Metagross|94\/364|[from] item: Leftovers
|turn|12
|
|switch|p2a: The Scientist|Ferrothorn, M|286\/352 brn
|-damage|p2a: The Scientist|264\/352 brn|[from] Stealth Rock
|move|p1a: Metagross|Bullet Punch|p2a: The Scientist
|-resisted|p2a: The Scientist
|-damage|p2a: The Scientist|239\/352 brn
|-damage|p1a: Metagross|49\/364|[from] ability: Iron Barbs|[of] p2a: The Scientist
|
|-heal|p1a: Metagross|71\/364|[from] item: Leftovers
|-heal|p2a: The Scientist|261\/352 brn|[from] item: Leftovers
|-damage|p2a: The Scientist|217\/352 brn|[from] brn
|turn|13
|
|switch|p1a: Celebi|Celebi|249\/404
|-damage|p1a: Celebi|199\/404|[from] Spikes
|move|p2a: The Scientist|Leech Seed|p1a: Celebi
|-immune|p1a: Celebi|[msg]
|
|-heal|p1a: Celebi|224\/404|[from] item: Leftovers
|-heal|p2a: The Scientist|239\/352 brn|[from] item: Leftovers
|-damage|p2a: The Scientist|195\/352 brn|[from] brn
|turn|14
|
|move|p1a: Celebi|Recover|p1a: Celebi
|-heal|p1a: Celebi|404\/404
|move|p2a: The Scientist|Spikes|p1a: Celebi
|-sidestart|p1: Lef Deppard|Spikes
|
|-heal|p2a: The Scientist|217\/352 brn|[from] item: Leftovers
|-damage|p2a: The Scientist|173\/352 brn|[from] brn
|turn|15
|
|switch|p1a: Pivin on a Lrayer|Donphan, M|360\/384
|-damage|p1a: Pivin on a Lrayer|296\/384|[from] Spikes
|switch|p2a: High Speed|Latios, M|233\/299
|-damage|p2a: High Speed|196\/299|[from] Stealth Rock
|
|-heal|p1a: Pivin on a Lrayer|320\/384|[from] item: Leftovers
|turn|16
|
|switch|p1a: Celebi|Celebi|404\/404
|-damage|p1a: Celebi|337\/404|[from] Spikes
|move|p2a: High Speed|Psyshock|p1a: Celebi
|-resisted|p1a: Celebi
|-damage|p1a: Celebi|247\/404
|-damage|p2a: High Speed|167\/299|[from] item: Life Orb
|
|-heal|p1a: Celebi|272\/404|[from] item: Leftovers
|turn|17
|
|switch|p2a: Such a Rush|Excadrill, F|361\/361
|-damage|p2a: Such a Rush|350\/361|[from] Stealth Rock
|-item|p2a: Such a Rush|Air Balloon
|move|p1a: Celebi|Thunder Wave|p2a: Such a Rush
|-immune|p2a: Such a Rush|[msg]
|
|-heal|p1a: Celebi|297\/404|[from] item: Leftovers
|turn|18
|
|move|p2a: Such a Rush|Iron Head|p1a: Celebi
|-damage|p1a: Celebi|141\/404
|move|p1a: Celebi|Giga Drain|p2a: Such a Rush
|-damage|p2a: Such a Rush|221\/361
|-heal|p1a: Celebi|206\/404|[from] drain|[of] p2a: Such a Rush
|-enditem|p2a: Such a Rush|Air Balloon
|
|-heal|p1a: Celebi|231\/404|[from] item: Leftovers
|turn|19
|
|move|p2a: Such a Rush|Rapid Spin|p1a: Celebi
|-damage|p1a: Celebi|204\/404
|-sideend|p2: Th3Ender|Stealth Rock|[from] move: Rapid Spin|[of] p2a: Such a Rush
|move|p1a: Celebi|Recover|p1a: Celebi
|-heal|p1a: Celebi|404\/404
|
|turn|20
|
|move|p2a: Such a Rush|Iron Head|p1a: Celebi
|-damage|p1a: Celebi|235\/404
|move|p1a: Celebi|Giga Drain|p2a: Such a Rush
|-damage|p2a: Such a Rush|100\/361
|-heal|p1a: Celebi|296\/404|[from] drain|[of] p2a: Such a Rush
|
|-heal|p1a: Celebi|321\/404|[from] item: Leftovers
|turn|21
|
|switch|p2a: Magic|Gardevoir-Mega, M|243\/277
|move|p1a: Celebi|Recover|p1a: Celebi
|-heal|p1a: Celebi|404\/404
|
|turn|22
|
|move|p2a: Magic|Taunt|p1a: Celebi
|-start|p1a: Celebi|move: Taunt
|move|p1a: Celebi|Giga Drain|p2a: Magic
|-damage|p2a: Magic|171\/277
|
|turn|23
|
|move|p2a: Magic|Hyper Voice|p1a: Celebi
|-damage|p1a: Celebi|220\/404
|move|p1a: Celebi|Giga Drain|p2a: Magic
|-damage|p2a: Magic|99\/277
|-heal|p1a: Celebi|256\/404|[from] drain|[of] p2a: Magic
|
|-heal|p1a: Celebi|281\/404|[from] item: Leftovers
|turn|24
|
|move|p2a: Magic|Hyper Voice|p1a: Celebi
|-damage|p1a: Celebi|92\/404
|move|p1a: Celebi|Giga Drain|p2a: Magic
|-damage|p2a: Magic|32\/277
|-heal|p1a: Celebi|126\/404|[from] drain|[of] p2a: Magic
|
|-heal|p1a: Celebi|151\/404|[from] item: Leftovers
|-end|p1a: Celebi|move: Taunt
|turn|25
|
|switch|p1a: Metagross|Metagross|71\/364
|-damage|p1a: Metagross|11\/364|[from] Spikes
|move|p2a: Magic|Hyper Voice|p1a: Metagross
|-resisted|p1a: Metagross
|-damage|p1a: Metagross|0 fnt
|faint|p1a: Metagross
|
|
|switch|p1a: Pinsir|Pinsir, M|271\/271
|-damage|p1a: Pinsir|226\/271|[from] Spikes
|turn|26
|
|detailschange|p1a: Pinsir|Pinsir-Mega, M
|message|Pinsir has Mega Evolved into Mega Pinsir!
|move|p1a: Pinsir|Quick Attack|p2a: Magic
|-damage|p2a: Magic|0 fnt
|faint|p2a: Magic
|
|
|switch|p2a: Crests of Waves|Keldeo|323\/323
|turn|27
|
|switch|p1a: Keldeo-Resolute|Keldeo-Resolute|282\/322
|-damage|p1a: Keldeo-Resolute|229\/322|[from] Spikes
|move|p2a: Crests of Waves|Scald|p1a: Keldeo-Resolute
|-resisted|p1a: Keldeo-Resolute
|-damage|p1a: Keldeo-Resolute|116\/322
|
|turn|28
|
|move|p2a: Crests of Waves|Scald|p1a: Keldeo-Resolute
|-resisted|p1a: Keldeo-Resolute
|-damage|p1a: Keldeo-Resolute|0 fnt
|faint|p1a: Keldeo-Resolute
|
|
|switch|p1a: Zapdos|Zapdos|369\/384
|-ability|p1a: Zapdos|Pressure
|turn|29
|
|switch|p2a: Such a Rush|Excadrill, F|100\/361
|move|p1a: Zapdos|Thunderbolt|p2a: Such a Rush
|-immune|p2a: Such a Rush|[msg]
|
|-heal|p1a: Zapdos|384\/384|[from] item: Leftovers
|turn|30
|
|switch|p2a: High Speed|Latios, M|167\/299
|move|p1a: Zapdos|Heat Wave|p2a: High Speed
|-resisted|p2a: High Speed
|-damage|p2a: High Speed|126\/299
|
|turn|31
|
|move|p2a: High Speed|Roost|p2a: High Speed
|-heal|p2a: High Speed|276\/299
|move|p1a: Zapdos|Roost|p1a: Zapdos
|-fail|p1a: Zapdos
|
|turn|32
|
|switch|p2a: Shiver|Tyranitar, F|365\/365
|-weather|Sandstorm
|move|p1a: Zapdos|Roost|p1a: Zapdos
|-fail|p1a: Zapdos
|
|-weather|Sandstorm|[upkeep]
|-damage|p1a: Zapdos|360\/384|[from] sandstorm
|-heal|p1a: Zapdos|384\/384|[from] item: Leftovers
|turn|33
|
|switch|p1a: Pivin on a Lrayer|Donphan, M|320\/384
|-damage|p1a: Pivin on a Lrayer|256\/384|[from] Spikes
|switch|p2a: High Speed|Latios, M|276\/299
|
|-weather|Sandstorm|[upkeep]
|-damage|p2a: High Speed|258\/299|[from] sandstorm
|-heal|p1a: Pivin on a Lrayer|280\/384|[from] item: Leftovers
|turn|34
|
|move|p2a: High Speed|Draco Meteor|p1a: Pivin on a Lrayer
|-damage|p1a: Pivin on a Lrayer|0 fnt
|-unboost|p2a: High Speed|spa|2
|-damage|p2a: High Speed|229\/299|[from] item: Life Orb
|faint|p1a: Pivin on a Lrayer
|
|-weather|Sandstorm|[upkeep]
|-damage|p2a: High Speed|211\/299|[from] sandstorm
|
|switch|p1a: Pinsir|Pinsir-Mega, M|226\/271
|turn|35
|
|move|p2a: High Speed|Draco Meteor|p1a: Pinsir
|-damage|p1a: Pinsir|73\/271
|-unboost|p2a: High Speed|spa|2
|-damage|p2a: High Speed|182\/299|[from] item: Life Orb
|move|p1a: Pinsir|Swords Dance|p1a: Pinsir
|-boost|p1a: Pinsir|atk|2
|
|-weather|Sandstorm|[upkeep]
|-damage|p2a: High Speed|164\/299|[from] sandstorm
|-damage|p1a: Pinsir|57\/271|[from] sandstorm
|turn|36
|
|switch|p2a: Such a Rush|Excadrill, F|100\/361
|move|p1a: Pinsir|Return|p2a: Such a Rush
|-resisted|p2a: Such a Rush
|-damage|p2a: Such a Rush|0 fnt
|faint|p2a: Such a Rush
|
|-weather|Sandstorm|[upkeep]
|-damage|p1a: Pinsir|41\/271|[from] sandstorm
|
|switch|p2a: The Scientist|Ferrothorn, M|173\/352 brn
|turn|37
|c| illestt|protect
|
|switch|p1a: Zapdos|Zapdos|384\/384
|-ability|p1a: Zapdos|Pressure
|move|p2a: The Scientist|Protect|p2a: The Scientist
|-fail|p2a: The Scientist
|
|-weather|Sandstorm|[upkeep]
|-damage|p1a: Zapdos|360\/384|[from] sandstorm
|-heal|p1a: Zapdos|384\/384|[from] item: Leftovers
|-heal|p2a: The Scientist|195\/352 brn|[from] item: Leftovers
|-damage|p2a: The Scientist|151\/352 brn|[from] brn
|turn|38
|raw|<div class="broadcast-blue"><b>Join the new ORAS room for real time talk about the upcoming new games!<\/b><\/div>
|
|move|p1a: Zapdos|Heat Wave|p2a: The Scientist
|-crit|p2a: The Scientist
|-supereffective|p2a: The Scientist
|-damage|p2a: The Scientist|0 fnt
|faint|p2a: The Scientist
|
|-weather|Sandstorm|[upkeep]
|-damage|p1a: Zapdos|360\/384|[from] sandstorm
|-heal|p1a: Zapdos|384\/384|[from] item: Leftovers
|
|switch|p2a: Shiver|Tyranitar, F|365\/365
|turn|39
|
|move|p1a: Zapdos|Thunderbolt|p2a: Shiver
|-damage|p2a: Shiver|287\/365
|move|p2a: Shiver|Stone Edge|p1a: Zapdos|[miss]
|-miss|p2a: Shiver|p1a: Zapdos
|
|-weather|none
|turn|40
|
|switch|p1a: Celebi|Celebi|151\/404
|-damage|p1a: Celebi|84\/404|[from] Spikes
|move|p2a: Shiver|Stealth Rock|p1a: Celebi
|-sidestart|p1: Lef Deppard|move: Stealth Rock
|
|-heal|p1a: Celebi|109\/404|[from] item: Leftovers
|turn|41
|c| illestt|gg
|
|move|p1a: Celebi|Recover|p1a: Celebi
|-heal|p1a: Celebi|311\/404
|move|p2a: Shiver|Stone Edge|p1a: Celebi
|-damage|p1a: Celebi|130\/404
|
|-heal|p1a: Celebi|155\/404|[from] item: Leftovers
|turn|42
|c|âLef Deppard|U have crunch?
|
|move|p1a: Celebi|Recover|p1a: Celebi
|-heal|p1a: Celebi|357\/404
|move|p2a: Shiver|Stone Edge|p1a: Celebi
|-damage|p1a: Celebi|180\/404
|
|-heal|p1a: Celebi|205\/404|[from] item: Leftovers
|turn|43
|join|oras time
|c|âTh3Ender|n
|
|switch|p2a: Crests of Waves|Keldeo|323\/323
|move|p1a: Celebi|Recover|p1a: Celebi
|-heal|p1a: Celebi|404\/404
|
|turn|44
|
|move|p2a: Crests of Waves|Scald|p1a: Celebi
|-resisted|p1a: Celebi
|-damage|p1a: Celebi|322\/404
|-status|p1a: Celebi|brn
|move|p1a: Celebi|Thunder Wave|p2a: Crests of Waves
|-status|p2a: Crests of Waves|par
|
|-heal|p1a: Celebi|347\/404 brn|[from] item: Leftovers
|-damage|p1a: Celebi|297\/404 brn|[from] brn
|turn|45
|
|switch|p2a: High Speed|Latios, M|164\/299
|move|p1a: Celebi|Heal Bell|p1a: Celebi
|-cureteam|p1a: Celebi|[from] move: HealBell
|
|-heal|p1a: Celebi|322\/404|[from] item: Leftovers
|turn|46
|
|move|p2a: High Speed|Hidden Power|p1a: Celebi
|-supereffective|p1a: Celebi
|-damage|p1a: Celebi|174\/404
|-damage|p2a: High Speed|135\/299|[from] item: Life Orb
|move|p1a: Celebi|Thunder Wave|p2a: High Speed
|-status|p2a: High Speed|par
|
|-heal|p1a: Celebi|199\/404|[from] item: Leftovers
|turn|47
|c| illestt|uhmm
|
|move|p1a: Celebi|Recover|p1a: Celebi
|-heal|p1a: Celebi|401\/404
|move|p2a: High Speed|Roost|p2a: High Speed
|-heal|p2a: High Speed|285\/299 par
|
|-heal|p1a: Celebi|404\/404|[from] item: Leftovers
|turn|48
|c| oras time|this could be a while
|c|âLef Deppard|U said gg illest?
|
|move|p1a: Celebi|Giga Drain|p2a: High Speed
|-resisted|p2a: High Speed
|-damage|p2a: High Speed|247\/299 par
|cant|p2a: High Speed|par
|
|turn|49
|c| illestt|well
|
|move|p1a: Celebi|Giga Drain|p2a: High Speed
|-resisted|p2a: High Speed
|-damage|p2a: High Speed|210\/299 par
|cant|p2a: High Speed|par
|
|turn|50
|
|move|p1a: Celebi|Giga Drain|p2a: High Speed
|-resisted|p2a: High Speed
|-damage|p2a: High Speed|173\/299 par
|move|p2a: High Speed|Hidden Power|p1a: Celebi
|-supereffective|p1a: Celebi
|-damage|p1a: Celebi|261\/404
|-damage|p2a: High Speed|144\/299 par|[from] item: Life Orb
|
|-heal|p1a: Celebi|286\/404|[from] item: Leftovers
|turn|51
|c| oras time|if zappy somehow manages to get a defog
|c| oras time|lol
|
|move|p1a: Celebi|Recover|p1a: Celebi
|-heal|p1a: Celebi|404\/404
|move|p2a: High Speed|Roost|p2a: High Speed
|-heal|p2a: High Speed|294\/299 par
|
|turn|52
|c| oras time|it'll be over fast
|c|âTh3Ender|it doesnt have defog
|join|Demerge
|c| illestt|yeah
|
|switch|p1a: Pinsir|Pinsir-Mega, M|41\/271
|-damage|p1a: Pinsir|0 fnt|[from] Stealth Rock
|faint|p1a: Pinsir
|move|p2a: High Speed|Hidden Power|p1: Pinsir|[notarget]
|-notarget
|
|c| oras time|lol wat
|c| oras time|why
|c| oras time|why run zapdos then? o.o
|c|âTh3Ender|donphan
|
|switch|p1a: Zapdos|Zapdos|384\/384
|-damage|p1a: Zapdos|288\/384|[from] Stealth Rock
|-ability|p1a: Zapdos|Pressure
|turn|53
|c|âTh3Ender|has spin
|
|switch|p2a: Shiver|Tyranitar, F|287\/365
|-weather|Sandstorm
|move|p1a: Zapdos|Hidden Power|p2a: Shiver
|-crit|p2a: Shiver
|-damage|p2a: Shiver|233\/365
|
|-weather|Sandstorm|[upkeep]
|-damage|p1a: Zapdos|264\/384|[from] sandstorm
|-heal|p1a: Zapdos|288\/384|[from] item: Leftovers
|turn|54
|
|move|p1a: Zapdos|Roost|p1a: Zapdos
|-heal|p1a: Zapdos|384\/384
|move|p2a: Shiver|Stone Edge|p1a: Zapdos|[miss]
|-miss|p2a: Shiver|p1a: Zapdos
|
|-weather|Sandstorm|[upkeep]
|-damage|p1a: Zapdos|360\/384|[from] sandstorm
|-heal|p1a: Zapdos|384\/384|[from] item: Leftovers
|turn|55
|c|âTh3Ender|fk
|c| illestt|are you scarfed?
|c| oras time|dat pressure sure is useful
|
|move|p1a: Zapdos|Thunderbolt|p2a: Shiver
|-damage|p2a: Shiver|143\/365
|move|p2a: Shiver|Stone Edge|p1a: Zapdos
|-crit|p1a: Zapdos
|-supereffective|p1a: Zapdos
|-damage|p1a: Zapdos|0 fnt
|faint|p1a: Zapdos
|
|-weather|Sandstorm|[upkeep]
|c| oras time|obv not scarfed
|c| illestt|ohhh
|c| oras time|ah
|
|switch|p1a: Celebi|Celebi|404\/404
|-damage|p1a: Celebi|337\/404|[from] Spikes
|-damage|p1a: Celebi|287\/404|[from] Stealth Rock
|turn|56
|c| oras time|should've kept roosting tbh
|c|âTh3Ender|he was 100
|c|âLef Deppard|The crit was gonna kill
|
|move|p1a: Celebi|Giga Drain|p2a: Shiver
|-supereffective|p2a: Shiver
|-damage|p2a: Shiver|29\/365
|-heal|p1a: Celebi|344\/404|[from] drain|[of] p2a: Shiver
|move|p2a: Shiver|Pursuit|p1a: Celebi
|-supereffective|p1a: Celebi
|-damage|p1a: Celebi|200\/404
|
|-weather|Sandstorm|[upkeep]
|-damage|p1a: Celebi|175\/404|[from] sandstorm
|-heal|p1a: Celebi|200\/404|[from] item: Leftovers
|turn|57
|c|âLef Deppard|even if I roost
|c| illestt|yeah
|c| illestt|well
|
|move|p1a: Celebi|Giga Drain|p2a: Shiver
|-crit|p2a: Shiver
|-supereffective|p2a: Shiver
|-damage|p2a: Shiver|0 fnt
|-heal|p1a: Celebi|215\/404|[from] drain|[of] p2a: Shiver
|faint|p2a: Shiver
|
|-weather|Sandstorm|[upkeep]
|-damage|p1a: Celebi|190\/404|[from] sandstorm
|-heal|p1a: Celebi|215\/404|[from] item: Leftovers
|c|âTh3Ender|yeah this is a pp war
|c| illestt|as long as latios
|
|switch|p2a: High Speed|Latios, M|294\/299 par
|turn|58
|
|move|p1a: Celebi|Recover|p1a: Celebi
|-heal|p1a: Celebi|404\/404
|move|p2a: High Speed|Hidden Power|p1a: Celebi
|-supereffective|p1a: Celebi
|-damage|p1a: Celebi|271\/404
|-damage|p2a: High Speed|265\/299 par|[from] item: Life Orb
|
|-weather|Sandstorm|[upkeep]
|-damage|p1a: Celebi|246\/404|[from] sandstorm
|-damage|p2a: High Speed|247\/299 par|[from] sandstorm
|-heal|p1a: Celebi|271\/404|[from] item: Leftovers
|turn|59
|c| illestt|doesn't get parahax too many times
|
|move|p1a: Celebi|Giga Drain|p2a: High Speed
|-resisted|p2a: High Speed
|-damage|p2a: High Speed|209\/299 par
|-heal|p1a: Celebi|290\/404|[from] drain|[of] p2a: High Speed
|move|p2a: High Speed|Hidden Power|p1a: Celebi
|-supereffective|p1a: Celebi
|-damage|p1a: Celebi|155\/404
|-damage|p2a: High Speed|180\/299 par|[from] item: Life Orb
|
|-weather|Sandstorm|[upkeep]
|-damage|p1a: Celebi|130\/404|[from] sandstorm
|-damage|p2a: High Speed|162\/299 par|[from] sandstorm
|-heal|p1a: Celebi|155\/404|[from] item: Leftovers
|turn|60
|
|move|p1a: Celebi|Recover|p1a: Celebi
|-heal|p1a: Celebi|357\/404
|move|p2a: High Speed|Hidden Power|p1a: Celebi
|-supereffective|p1a: Celebi
|-damage|p1a: Celebi|224\/404
|-damage|p2a: High Speed|133\/299 par|[from] item: Life Orb
|
|-weather|none
|-heal|p1a: Celebi|249\/404|[from] item: Leftovers
|turn|61
|
|move|p1a: Celebi|Giga Drain|p2a: High Speed
|-resisted|p2a: High Speed
|-damage|p2a: High Speed|95\/299 par
|-heal|p1a: Celebi|268\/404|[from] drain|[of] p2a: High Speed
|move|p2a: High Speed|Roost|p2a: High Speed
|-heal|p2a: High Speed|245\/299 par
|
|-heal|p1a: Celebi|293\/404|[from] item: Leftovers
|turn|62
|
|move|p1a: Celebi|Thunder Wave|p2a: High Speed
|-fail|p2a: High Speed|par
|cant|p2a: High Speed|par
|
|-heal|p1a: Celebi|318\/404|[from] item: Leftovers
|turn|63
|c|âTh3Ender|how many recovers left?
|c|âLef Deppard|Six
|c|âTh3Ender|k
|
|move|p1a: Celebi|Thunder Wave|p2a: High Speed
|-fail|p2a: High Speed|par
|move|p2a: High Speed|Hidden Power|p1a: Celebi
|-supereffective|p1a: Celebi
|-damage|p1a: Celebi|175\/404
|-damage|p2a: High Speed|216\/299 par|[from] item: Life Orb
|
|-heal|p1a: Celebi|200\/404|[from] item: Leftovers
|turn|64
|
|move|p1a: Celebi|Thunder Wave|p2a: High Speed
|-fail|p2a: High Speed|par
|move|p2a: High Speed|Hidden Power|p1a: Celebi
|-supereffective|p1a: Celebi
|-damage|p1a: Celebi|60\/404
|-damage|p2a: High Speed|187\/299 par|[from] item: Life Orb
|
|-heal|p1a: Celebi|85\/404|[from] item: Leftovers
|turn|65
|join|cfhgvbnj
|
|move|p1a: Celebi|Recover|p1a: Celebi
|-heal|p1a: Celebi|287\/404
|move|p2a: High Speed|Hidden Power|p1a: Celebi
|-supereffective|p1a: Celebi
|-damage|p1a: Celebi|149\/404
|-damage|p2a: High Speed|158\/299 par|[from] item: Life Orb
|
|-heal|p1a: Celebi|174\/404|[from] item: Leftovers
|turn|66
|c| illestt|crit
|
|move|p1a: Celebi|Giga Drain|p2a: High Speed
|-resisted|p2a: High Speed
|-damage|p2a: High Speed|117\/299 par
|-heal|p1a: Celebi|195\/404|[from] drain|[of] p2a: High Speed
|cant|p2a: High Speed|par
|
|-heal|p1a: Celebi|220\/404|[from] item: Leftovers
|turn|67
|c| Demerge|FUCKKKKKKKKKKKKKKKKKKKKKKKKKKKKKKKKKKKKKKKKKKKKKKKKKKKKKKKKK
|
|move|p1a: Celebi|Giga Drain|p2a: High Speed
|-resisted|p2a: High Speed
|-damage|p2a: High Speed|77\/299 par
|-heal|p1a: Celebi|240\/404|[from] drain|[of] p2a: High Speed
|move|p2a: High Speed|Roost|p2a: High Speed
|-heal|p2a: High Speed|227\/299 par
|
|-heal|p1a: Celebi|265\/404|[from] item: Leftovers
|turn|68
|c| illestt|draco
|c| illestt|would of killed
|c| illestt|lol
|
|move|p1a: Celebi|Thunder Wave|p2a: High Speed
|-fail|p2a: High Speed|par
|move|p2a: High Speed|Hidden Power|p1a: Celebi
|-supereffective|p1a: Celebi
|-damage|p1a: Celebi|138\/404
|-damage|p2a: High Speed|198\/299 par|[from] item: Life Orb
|
|-heal|p1a: Celebi|163\/404|[from] item: Leftovers
|turn|69
|c| cfhgvbnj|shut up Demerge
|c|âTh3Ender|i went for hp fire
|c|âTh3Ender|anyways
|c|âTh3Ender|so wouldnt matter
|
|move|p1a: Celebi|Recover|p1a: Celebi
|-heal|p1a: Celebi|365\/404
|move|p2a: High Speed|Hidden Power|p1a: Celebi
|-supereffective|p1a: Celebi
|-damage|p1a: Celebi|222\/404
|-damage|p2a: High Speed|169\/299 par|[from] item: Life Orb
|
|-heal|p1a: Celebi|247\/404|[from] item: Leftovers
|turn|70
|
|move|p1a: Celebi|Thunder Wave|p2a: High Speed
|-fail|p2a: High Speed|par
|cant|p2a: High Speed|par
|
|-heal|p1a: Celebi|272\/404|[from] item: Leftovers
|turn|71
|c| illestt|how many roost
|c| illestt|left
|
|move|p1a: Celebi|Thunder Wave|p2a: High Speed
|-fail|p2a: High Speed|par
|cant|p2a: High Speed|par
|
|-heal|p1a: Celebi|297\/404|[from] item: Leftovers
|turn|72
|c|âTh3Ender|11
|
|move|p1a: Celebi|Thunder Wave|p2a: High Speed
|-fail|p2a: High Speed|par
|cant|p2a: High Speed|par
|
|-heal|p1a: Celebi|322\/404|[from] item: Leftovers
|turn|73
|c|âLef Deppard|Gg
|-message|Lef Deppard forfeited.
|
|win|Th3Ender
|raw|Ladder updating...
|leave|Lef Deppard
|player|p1
|c|âTh3Ender|gg
|leave|cfhgvbnj
|leave|Th3Ender
|player|p2
|c| illestt|i knew you'll win
|join|cfhgvbnj
|raw|Ladder (probably) updated, but score could not be retrieved (timeout).
|raw|Ladder (probably) updated, but score could not be retrieved (Error: socket hang up).
|leave|cfhgvbnj
|leave|illestt
|join|illestt
|join|cfhgvbnj
|leave|illestt
|leave|cfhgvbnj
|join|cfhgvbnj
|leave|cfhgvbnj
|leave|Demerge