|join|Patodragon.v2
|join|Lef Deppard
|player|p1|Patodragon.v2|169
|player|p2|Lef Deppard|240
|gametype|singles
|gen|6
|tier|OU
|rated
|clearpoke
|poke|p1|Politoed, M
|poke|p1|Scizor, F
|poke|p1|Kingdra, M
|poke|p1|Ferrothorn, F
|poke|p1|Landorus-Therian, M
|poke|p1|Raikou
|poke|p2|Donphan, M
|poke|p2|Zapdos
|poke|p2|Pinsir, M
|poke|p2|Keldeo-Resolute
|poke|p2|Metagross
|poke|p2|Celebi
|rule|Swagger Clause: Swagger is banned
|rule|Baton Pass Clause: Limit one PokÃ©mon knowing Baton Pass
|rule|Sleep Clause Mod: Limit one foe put to sleep
|rule|Species Clause: Limit one of each PokÃ©mon
|rule|OHKO Clause: OHKO moves are banned
|rule|Moody Clause: Moody is banned
|rule|Evasion Moves Clause: Evasion moves are banned
|rule|Endless Battle Clause: Forcing endless battles is banned
|rule|HP Percentage Mod: HP is shown in percentages
|teampreview
|
|start
|switch|p1a: Politoed|Politoed, M|364\/364
|switch|p2a: Photograph|Zapdos|384\/384
|-ability|p2a: Photograph|Pressure
|-weather|RainDance
|turn|1
|
|switch|p1a: Landorus-Therian|Landorus-Therian, M|319\/319
|-ability|p1a: Landorus-Therian|Intimidate|[of] p2a: Photograph
|-unboost|p2a: Photograph|atk|1
|move|p2a: Photograph|Heat Wave|p1a: Landorus-Therian
|-miss|p2a: Photograph|p1a: Landorus-Therian
|
|-weather|RainDance|[upkeep]
|turn|2
|
|switch|p2a: Pour some on me|Donphan, M|384\/384
|move|p1a: Landorus-Therian|U-turn|p2a: Pour some on me
|-damage|p2a: Pour some on me|295\/384
|
|switch|p1a: Politoed|Politoed, M|364\/364
|
|-weather|RainDance|[upkeep]
|-heal|p2a: Pour some on me|319\/384|[from] item: Leftovers
|turn|3
|
|switch|p2a: Love bites|Celebi|404\/404
|move|p1a: Politoed|Scald|p2a: Love bites
|-resisted|p2a: Love bites
|-damage|p2a: Love bites|338\/404
|
|-weather|RainDance|[upkeep]
|-heal|p2a: Love bites|363\/404|[from] item: Leftovers
|turn|4
|
|switch|p1a: Ferrothorn|Ferrothorn, F|352\/352
|move|p2a: Love bites|Thunder Wave|p1a: Ferrothorn
|-status|p1a: Ferrothorn|par
|
|-weather|RainDance|[upkeep]
|-heal|p2a: Love bites|388\/404|[from] item: Leftovers
|turn|5
|
|switch|p2a: Animal|Keldeo-Resolute|322\/322
|move|p1a: Ferrothorn|Stealth Rock|p2a: Animal
|-sidestart|p2: Lef Deppard|move: Stealth Rock
|
|-weather|RainDance|[upkeep]
|turn|6
|
|move|p2a: Animal|Secret Sword|p1a: Ferrothorn
|-supereffective|p1a: Ferrothorn
|-damage|p1a: Ferrothorn|56\/352 par
|move|p1a: Ferrothorn|Power Whip|p2a: Animal
|-supereffective|p2a: Animal
|-damage|p2a: Animal|22\/322
|
|-weather|RainDance|[upkeep]
|-heal|p1a: Ferrothorn|78\/352 par|[from] item: Leftovers
|turn|7
|
|switch|p2a: Pour some on me|Donphan, M|319\/384
|-damage|p2a: Pour some on me|295\/384|[from] Stealth Rock
|switch|p1a: Landorus-Therian|Landorus-Therian, M|319\/319
|-ability|p1a: Landorus-Therian|Intimidate|[of] p2a: Pour some on me
|-unboost|p2a: Pour some on me|atk|1
|
|-weather|RainDance|[upkeep]
|-heal|p2a: Pour some on me|319\/384|[from] item: Leftovers
|turn|8
|
|move|p1a: Landorus-Therian|U-turn|p2a: Pour some on me
|-damage|p2a: Pour some on me|240\/384
|
|switch|p1a: Ferrothorn|Ferrothorn, F|78\/352 par
|move|p2a: Pour some on me|Rapid Spin|p1a: Ferrothorn
|-resisted|p1a: Ferrothorn
|-damage|p1a: Ferrothorn|72\/352 par
|-damage|p2a: Pour some on me|192\/384|[from] ability: Iron Barbs|[of] p1a: Ferrothorn
|-sideend|p2: Lef Deppard|Stealth Rock|[from] move: Rapid Spin|[of] p2a: Pour some on me
|
|-weather|none
|-heal|p2a: Pour some on me|216\/384|[from] item: Leftovers
|-heal|p1a: Ferrothorn|94\/352 par|[from] item: Leftovers
|turn|9
|
|move|p2a: Pour some on me|Earthquake|p1a: Ferrothorn
|-damage|p1a: Ferrothorn|12\/352 par
|move|p1a: Ferrothorn|Stealth Rock|p2a: Pour some on me
|-sidestart|p2: Lef Deppard|move: Stealth Rock
|
|-heal|p2a: Pour some on me|240\/384|[from] item: Leftovers
|-heal|p1a: Ferrothorn|34\/352 par|[from] item: Leftovers
|turn|10
|
|move|p2a: Pour some on me|Rapid Spin|p1a: Ferrothorn
|-resisted|p1a: Ferrothorn
|-damage|p1a: Ferrothorn|28\/352 par
|-damage|p2a: Pour some on me|192\/384|[from] ability: Iron Barbs|[of] p1a: Ferrothorn
|-sideend|p2: Lef Deppard|Stealth Rock|[from] move: Rapid Spin|[of] p2a: Pour some on me
|cant|p1a: Ferrothorn|par
|
|-heal|p2a: Pour some on me|216\/384|[from] item: Leftovers
|-heal|p1a: Ferrothorn|50\/352 par|[from] item: Leftovers
|turn|11
|
|switch|p1a: Landorus-Therian|Landorus-Therian, M|319\/319
|-ability|p1a: Landorus-Therian|Intimidate|[of] p2a: Pour some on me
|-unboost|p2a: Pour some on me|atk|1
|move|p2a: Pour some on me|Earthquake|p1a: Landorus-Therian
|-immune|p1a: Landorus-Therian|[msg]
|
|-heal|p2a: Pour some on me|240\/384|[from] item: Leftovers
|turn|12
|
|switch|p1a: Ferrothorn|Ferrothorn, F|50\/352 par
|move|p2a: Pour some on me|Knock Off|p1a: Ferrothorn
|-damage|p1a: Ferrothorn|12\/352 par
|-damage|p2a: Pour some on me|192\/384|[from] ability: Iron Barbs|[of] p1a: Ferrothorn
|-enditem|p1a: Ferrothorn|Leftovers|[from] move: Knock Off|[of] p2a: Pour some on me
|
|-heal|p2a: Pour some on me|216\/384|[from] item: Leftovers
|turn|13
|
|move|p2a: Pour some on me|Earthquake|p1a: Ferrothorn
|-damage|p1a: Ferrothorn|0 fnt
|faint|p1a: Ferrothorn
|
|-heal|p2a: Pour some on me|240\/384|[from] item: Leftovers
|
|switch|p1a: Politoed|Politoed, M|364\/364
|-weather|RainDance
|turn|14
|
|switch|p1a: Landorus-Therian|Landorus-Therian, M|319\/319
|-ability|p1a: Landorus-Therian|Intimidate|[of] p2a: Pour some on me
|-unboost|p2a: Pour some on me|atk|1
|switch|p2a: Love bites|Celebi|388\/404
|
|-weather|RainDance|[upkeep]
|-heal|p2a: Love bites|404\/404|[from] item: Leftovers
|turn|15
|
|switch|p2a: Photograph|Zapdos|384\/384
|-ability|p2a: Photograph|Pressure
|move|p1a: Landorus-Therian|U-turn|p2a: Photograph
|-resisted|p2a: Photograph
|-damage|p2a: Photograph|331\/384
|
|switch|p1a: Kingdra|Kingdra, M|291\/291
|
|-weather|RainDance|[upkeep]
|-heal|p2a: Photograph|355\/384|[from] item: Leftovers
|turn|16
|
|switch|p2a: Love bites|Celebi|404\/404
|move|p1a: Kingdra|Hydro Pump|p2a: Love bites
|-resisted|p2a: Love bites
|-damage|p2a: Love bites|271\/404
|-damage|p1a: Kingdra|262\/291|[from] item: Life Orb
|
|-weather|RainDance|[upkeep]
|-heal|p2a: Love bites|296\/404|[from] item: Leftovers
|turn|17
|
|move|p1a: Kingdra|Draco Meteor|p2a: Love bites
|-damage|p2a: Love bites|88\/404
|-unboost|p1a: Kingdra|spa|2
|-damage|p1a: Kingdra|233\/291|[from] item: Life Orb
|move|p2a: Love bites|Giga Drain|p1a: Kingdra
|-damage|p1a: Kingdra|128\/291
|-heal|p2a: Love bites|141\/404|[from] drain|[of] p1a: Kingdra
|
|-weather|RainDance|[upkeep]
|-heal|p2a: Love bites|166\/404|[from] item: Leftovers
|turn|18
|
|switch|p2a: Undefeated|Metagross|364\/364
|move|p1a: Kingdra|Outrage|p2a: Undefeated
|-resisted|p2a: Undefeated
|-damage|p2a: Undefeated|286\/364
|-damage|p1a: Kingdra|99\/291|[from] item: Life Orb
|
|-weather|RainDance|[upkeep]
|-heal|p2a: Undefeated|308\/364|[from] item: Leftovers
|turn|19
|
|move|p1a: Kingdra|Outrage|p2a: Undefeated
|-resisted|p2a: Undefeated
|-damage|p2a: Undefeated|226\/364
|-damage|p1a: Kingdra|70\/291|[from] item: Life Orb
|move|p2a: Undefeated|Stealth Rock|p1a: Kingdra
|-sidestart|p1: Patodragon.v2|move: Stealth Rock
|
|-end|p1a: Kingdra|rampage
|-start|p1a: Kingdra|confusion
|-weather|RainDance|[upkeep]
|-heal|p2a: Undefeated|248\/364|[from] item: Leftovers
|turn|20
|c|âPatodragon.v2|get predicted :(
|
|switch|p1a: Landorus-Therian|Landorus-Therian, M|319\/319
|-damage|p1a: Landorus-Therian|280\/319|[from] Stealth Rock
|-ability|p1a: Landorus-Therian|Intimidate|[of] p2a: Undefeated
|-fail|p2a: Undefeated|unboost|[from] ability: Clear Body|[of] p2a: Undefeated
|move|p2a: Undefeated|Meteor Mash|p1a: Landorus-Therian
|-damage|p1a: Landorus-Therian|87\/319
|-boost|p2a: Undefeated|atk|1
|
|-weather|RainDance|[upkeep]
|-heal|p2a: Undefeated|270\/364|[from] item: Leftovers
|turn|21
|c|âLef Deppard|I remeber ur team haha
|
|move|p2a: Undefeated|Bullet Punch|p1a: Landorus-Therian
|-damage|p1a: Landorus-Therian|0 fnt
|faint|p1a: Landorus-Therian
|
|-weather|none
|-heal|p2a: Undefeated|292\/364|[from] item: Leftovers
|
|switch|p1a: Raikou|Raikou|327\/327
|-damage|p1a: Raikou|287\/327|[from] Stealth Rock
|-ability|p1a: Raikou|Pressure
|turn|22
|
|move|p1a: Raikou|Volt Switch|p2a: Undefeated
|-damage|p2a: Undefeated|94\/364
|
|switch|p1a: Politoed|Politoed, M|364\/364
|-damage|p1a: Politoed|319\/364|[from] Stealth Rock
|-weather|RainDance
|move|p2a: Undefeated|Earthquake|p1a: Politoed
|-damage|p1a: Politoed|49\/364
|
|-weather|RainDance|[upkeep]
|-heal|p2a: Undefeated|116\/364|[from] item: Leftovers
|turn|23
|
|move|p2a: Undefeated|Bullet Punch|p1a: Politoed
|-resisted|p1a: Politoed
|-damage|p1a: Politoed|0 fnt
|faint|p1a: Politoed
|
|-weather|RainDance|[upkeep]
|-heal|p2a: Undefeated|138\/364|[from] item: Leftovers
|
|switch|p1a: Scizor|Scizor, F|289\/289
|-damage|p1a: Scizor|253\/289|[from] Stealth Rock
|turn|24
|
|detailschange|p1a: Scizor|Scizor-Mega, F
|message|Scizor has Mega Evolved into Mega Scizor!
|move|p1a: Scizor|Swords Dance|p1a: Scizor
|-boost|p1a: Scizor|atk|2
|move|p2a: Undefeated|Earthquake|p1a: Scizor
|-damage|p1a: Scizor|102\/289
|
|-weather|RainDance|[upkeep]
|-heal|p2a: Undefeated|160\/364|[from] item: Leftovers
|turn|25
|
|move|p1a: Scizor|Bug Bite|p2a: Undefeated
|-damage|p2a: Undefeated|0 fnt
|faint|p2a: Undefeated
|
|-weather|RainDance|[upkeep]
|
|switch|p2a: Photograph|Zapdos|355\/384
|-ability|p2a: Photograph|Pressure
|turn|26
|
|move|p1a: Scizor|Bug Bite|p2a: Photograph
|-resisted|p2a: Photograph
|-damage|p2a: Photograph|124\/384
|move|p2a: Photograph|Thunderbolt|p1a: Scizor
|-damage|p1a: Scizor|0 fnt
|faint|p1a: Scizor
|
|-weather|RainDance|[upkeep]
|-heal|p2a: Photograph|148\/384|[from] item: Leftovers
|
|switch|p1a: Kingdra|Kingdra, M|70\/291
|-damage|p1a: Kingdra|34\/291|[from] Stealth Rock
|turn|27
|
|switch|p2a: Animal|Keldeo-Resolute|22\/322
|move|p1a: Kingdra|Hydro Pump|p2a: Animal
|-resisted|p2a: Animal
|-damage|p2a: Animal|0 fnt
|-damage|p1a: Kingdra|5\/291|[from] item: Life Orb
|faint|p2a: Animal
|
|-weather|RainDance|[upkeep]
|
|switch|p2a: Pour some on me|Donphan, M|240\/384
|turn|28
|c|âPatodragon.v2|balls
|
|switch|p1a: Raikou|Raikou|287\/327
|-damage|p1a: Raikou|247\/327|[from] Stealth Rock
|-ability|p1a: Raikou|Pressure
|move|p2a: Pour some on me|Ice Shard|p1a: Raikou
|-crit|p1a: Raikou
|-damage|p1a: Raikou|156\/327
|
|-weather|RainDance|[upkeep]
|-heal|p2a: Pour some on me|264\/384|[from] item: Leftovers
|turn|29
|c|âLef Deppard|Gg
|
|move|p1a: Raikou|Hidden Power|p2a: Pour some on me
|-supereffective|p2a: Pour some on me
|-damage|p2a: Pour some on me|0 fnt
|faint|p2a: Pour some on me
|
|-weather|none
|
|switch|p2a: Armageddon it|Pinsir, M|271\/271
|turn|30
|
|move|p1a: Raikou|Hidden Power|p2a: Armageddon it
|-damage|p2a: Armageddon it|139\/271
|move|p2a: Armageddon it|Return|p1a: Raikou
|-damage|p1a: Raikou|15\/327
|
|turn|31
|
|move|p2a: Armageddon it|Quick Attack|p1a: Raikou
|-damage|p1a: Raikou|0 fnt
|faint|p1a: Raikou
|
|-message|Patodragon.v2 forfeited.
|
|win|Lef Deppard
|raw|Ladder updating...
|leave|Patodragon.v2
|player|p1
|raw|Patodragon.v2's rating: 1561 &rarr; <strong>1546<\/strong><br \/>(-15 for losing)
|raw|Lef Deppard's rating: 1658 &rarr; <strong>1672<\/strong><br \/>(+14 for winning)