|join|Lef Deppard
|join|lilbigman
|player|p1|Lef Deppard|240
|player|p2|lilbigman|99
|gametype|singles
|gen|6
|tier|OU
|rated
|clearpoke
|poke|p1|Donphan, M
|poke|p1|Zapdos
|poke|p1|Pinsir, M
|poke|p1|Keldeo-Resolute
|poke|p1|Metagross
|poke|p1|Celebi
|poke|p2|Charizard, M, shiny
|poke|p2|Landorus-Therian, M, shiny
|poke|p2|Latias, F, shiny
|poke|p2|Scizor, M, shiny
|poke|p2|Porygon2, shiny
|poke|p2|Lucario, M, shiny
|rule|Swagger Clause: Swagger is banned
|rule|Baton Pass Clause: Limit one PokÃ©mon knowing Baton Pass
|rule|Sleep Clause Mod: Limit one foe put to sleep
|rule|Species Clause: Limit one of each PokÃ©mon
|rule|OHKO Clause: OHKO moves are banned
|rule|Moody Clause: Moody is banned
|rule|Evasion Moves Clause: Evasion moves are banned
|rule|Endless Battle Clause: Forcing endless battles is banned
|rule|HP Percentage Mod: HP is shown in percentages
|teampreview
|join|Tseru
|join|pjpjopjppojp
|
|start
|switch|p1a: Pour some on me|Donphan, M|384\/384
|switch|p2a: Thoth|Porygon2, shiny|374\/374
|-ability|p2a: Thoth|Sturdy|[from] ability: Trace|[of] p1a: Pour some on me
|turn|1
|
|switch|p1a: Undefeated|Metagross|364\/364
|move|p2a: Thoth|Ice Beam|p1a: Undefeated
|-resisted|p1a: Undefeated
|-damage|p1a: Undefeated|322\/364
|
|-heal|p1a: Undefeated|344\/364|[from] item: Leftovers
|turn|2
|
|move|p1a: Undefeated|Stealth Rock|p2a: Thoth
|-sidestart|p2: lilbigman|move: Stealth Rock
|move|p2a: Thoth|Shadow Ball|p1a: Undefeated
|-supereffective|p1a: Undefeated
|-damage|p1a: Undefeated|196\/364
|
|-heal|p1a: Undefeated|218\/364|[from] item: Leftovers
|turn|3
|join|Doctor Octagon
|
|switch|p1a: Love bites|Celebi|404\/404
|move|p2a: Thoth|Shadow Ball|p1a: Love bites
|-supereffective|p1a: Love bites
|-damage|p1a: Love bites|304\/404
|
|-heal|p1a: Love bites|329\/404|[from] item: Leftovers
|turn|4
|
|switch|p2a: Khepri|Scizor, M, shiny|301\/301
|-damage|p2a: Khepri|264\/301|[from] Stealth Rock
|move|p1a: Love bites|Thunder Wave|p2a: Khepri
|-status|p2a: Khepri|par
|
|-heal|p1a: Love bites|354\/404|[from] item: Leftovers
|turn|5
|
|switch|p1a: Photograph|Zapdos|384\/384
|-ability|p1a: Photograph|Pressure
|move|p2a: Khepri|U-turn|p1a: Photograph
|-resisted|p1a: Photograph
|-damage|p1a: Photograph|276\/384
|
|switch|p2a: Thoth|Porygon2, shiny|374\/374
|-damage|p2a: Thoth|328\/374|[from] Stealth Rock
|-ability|p2a: Thoth|Pressure|[from] ability: Trace|[of] p1a: Photograph
|-ability|p2a: Thoth|Pressure
|
|-heal|p1a: Photograph|300\/384|[from] item: Leftovers
|turn|6
|
|switch|p1a: Animal|Keldeo-Resolute|322\/322
|move|p2a: Thoth|Ice Beam|p1a: Animal
|-resisted|p1a: Animal
|-damage|p1a: Animal|279\/322
|
|turn|7
|
|move|p1a: Animal|Icy Wind|p2a: Thoth
|-damage|p2a: Thoth|279\/374
|-unboost|p2a: Thoth|spe|1
|move|p2a: Thoth|Discharge|p1a: Animal
|-supereffective|p1a: Animal
|-damage|p1a: Animal|137\/322
|
|turn|8
|
|switch|p1a: Love bites|Celebi|354\/404
|move|p2a: Thoth|Discharge|p1a: Love bites
|-resisted|p1a: Love bites
|-damage|p1a: Love bites|332\/404
|
|-heal|p1a: Love bites|357\/404|[from] item: Leftovers
|turn|9
|
|switch|p2a: Khepri|Scizor, M, shiny|264\/301 par
|-damage|p2a: Khepri|227\/301 par|[from] Stealth Rock
|move|p1a: Love bites|Giga Drain|p2a: Khepri
|-resisted|p2a: Khepri
|-damage|p2a: Khepri|203\/301 par
|-heal|p1a: Love bites|369\/404|[from] drain|[of] p2a: Khepri
|
|-heal|p1a: Love bites|394\/404|[from] item: Leftovers
|turn|10
|
|switch|p1a: Photograph|Zapdos|300\/384
|-ability|p1a: Photograph|Pressure
|move|p2a: Khepri|U-turn|p1a: Photograph
|-resisted|p1a: Photograph
|-damage|p1a: Photograph|183\/384
|
|switch|p2a: Isis|Latias, F, shiny|319\/319
|-damage|p2a: Isis|280\/319|[from] Stealth Rock
|
|-heal|p1a: Photograph|207\/384|[from] item: Leftovers
|turn|11
|
|switch|p1a: Undefeated|Metagross|218\/364
|move|p2a: Isis|Draco Meteor|p1a: Undefeated|[miss]
|-miss|p2a: Isis|p1a: Undefeated
|
|-heal|p1a: Undefeated|240\/364|[from] item: Leftovers
|turn|12
|
|move|p2a: Isis|Defog|p1a: Undefeated
|-fail|p1a: Undefeated|unboost|[from] ability: Clear Body|[of] p1a: Undefeated
|-sideend|p2: lilbigman|Stealth Rock|[from] move: Defog|[of] p2a: Isis
|move|p1a: Undefeated|Meteor Mash|p2a: Isis
|-damage|p2a: Isis|97\/319
|
|-heal|p1a: Undefeated|262\/364|[from] item: Leftovers
|turn|13
|
|switch|p2a: Ra|Charizard, M, shiny|301\/301
|move|p1a: Undefeated|Stealth Rock|p2a: Ra
|-sidestart|p2: lilbigman|move: Stealth Rock
|
|-heal|p1a: Undefeated|284\/364|[from] item: Leftovers
|turn|14
|
|detailschange|p2a: Ra|Charizard-Mega-Y, M, shiny
|message|Charizard has Mega Evolved into Mega Charizard!
|-weather|SunnyDay
|move|p2a: Ra|Fire Blast|p1a: Undefeated
|-supereffective|p1a: Undefeated
|-damage|p1a: Undefeated|0 fnt
|faint|p1a: Undefeated
|
|-weather|SunnyDay|[upkeep]
|
|switch|p1a: Animal|Keldeo-Resolute|137\/322
|turn|15
|
|move|p1a: Animal|Hydro Pump|p2a: Ra
|-supereffective|p2a: Ra
|-damage|p2a: Ra|25\/301
|move|p2a: Ra|Solar Beam|p1a: Animal|[still]
|-prepare|p2a: Ra|Solar Beam|p1a: Animal
|-anim|p2a: Ra|Solar Beam|p1a: Animal
|-supereffective|p1a: Animal
|-damage|p1a: Animal|0 fnt
|faint|p1a: Animal
|
|-weather|SunnyDay|[upkeep]
|
|switch|p1a: Armageddon it|Pinsir, M|271\/271
|turn|16
|
|switch|p2a: Maahes|Landorus-Therian, M, shiny|382\/382
|-damage|p2a: Maahes|335\/382|[from] Stealth Rock
|-ability|p2a: Maahes|Intimidate|[of] p1a: Armageddon it
|-fail|p1a: Armageddon it|unboost|Attack|[from] ability: Hyper Cutter|[of] p1a: Armageddon it
|detailschange|p1a: Armageddon it|Pinsir-Mega, M
|message|Pinsir has Mega Evolved into Mega Pinsir!
|move|p1a: Armageddon it|Quick Attack|p2a: Maahes
|-damage|p2a: Maahes|247\/382
|
|-weather|SunnyDay|[upkeep]
|-heal|p2a: Maahes|270\/382|[from] item: Leftovers
|turn|17
|
|switch|p1a: Pour some on me|Donphan, M|384\/384
|move|p2a: Maahes|Stone Edge|p1a: Pour some on me|[miss]
|-miss|p2a: Maahes|p1a: Pour some on me
|
|-weather|SunnyDay|[upkeep]
|-heal|p2a: Maahes|293\/382|[from] item: Leftovers
|turn|18
|
|move|p2a: Maahes|Stealth Rock|p1a: Pour some on me
|-sidestart|p1: Lef Deppard|move: Stealth Rock
|move|p1a: Pour some on me|Knock Off|p2a: Maahes
|-damage|p2a: Maahes|206\/382
|-enditem|p2a: Maahes|Leftovers|[from] move: Knock Off|[of] p1a: Pour some on me
|
|-weather|none
|turn|19
|
|switch|p2a: Isis|Latias, F, shiny|97\/319
|-damage|p2a: Isis|58\/319|[from] Stealth Rock
|move|p1a: Pour some on me|Rapid Spin|p2a: Isis
|-damage|p2a: Isis|33\/319
|-sideend|p1: Lef Deppard|Stealth Rock|[from] move: Rapid Spin|[of] p1a: Pour some on me
|
|turn|20
|
|move|p1a: Pour some on me|Ice Shard|p2a: Isis
|-supereffective|p2a: Isis
|-damage|p2a: Isis|0 fnt
|faint|p2a: Isis
|
|
|switch|p2a: Thoth|Porygon2, shiny|279\/374
|-damage|p2a: Thoth|233\/374|[from] Stealth Rock
|-ability|p2a: Thoth|Sturdy|[from] ability: Trace|[of] p1a: Pour some on me
|turn|21
|
|move|p2a: Thoth|Ice Beam|p1a: Pour some on me
|-supereffective|p1a: Pour some on me
|-damage|p1a: Pour some on me|174\/384
|move|p1a: Pour some on me|Knock Off|p2a: Thoth
|-damage|p2a: Thoth|158\/374
|-enditem|p2a: Thoth|Eviolite|[from] move: Knock Off|[of] p1a: Pour some on me
|
|-heal|p1a: Pour some on me|198\/384|[from] item: Leftovers
|turn|22
|
|move|p2a: Thoth|Recover|p2a: Thoth
|-heal|p2a: Thoth|345\/374
|move|p1a: Pour some on me|Earthquake|p2a: Thoth
|-damage|p2a: Thoth|168\/374
|
|-heal|p1a: Pour some on me|222\/384|[from] item: Leftovers
|turn|23
|
|move|p2a: Thoth|Recover|p2a: Thoth
|-heal|p2a: Thoth|355\/374
|move|p1a: Pour some on me|Earthquake|p2a: Thoth
|-damage|p2a: Thoth|169\/374
|
|-heal|p1a: Pour some on me|246\/384|[from] item: Leftovers
|turn|24
|
|move|p2a: Thoth|Ice Beam|p1a: Pour some on me
|-supereffective|p1a: Pour some on me
|-damage|p1a: Pour some on me|18\/384
|-status|p1a: Pour some on me|frz
|cant|p1a: Pour some on me|frz
|
|-heal|p1a: Pour some on me|42\/384 frz|[from] item: Leftovers
|turn|25
|c|âLef Deppard|...
|
|switch|p1a: Love bites|Celebi|394\/404
|move|p2a: Thoth|Recover|p2a: Thoth
|-heal|p2a: Thoth|356\/374
|
|-heal|p1a: Love bites|404\/404|[from] item: Leftovers
|turn|26
|c|âlilbigman|so sorry
|
|switch|p2a: Khepri|Scizor, M, shiny|203\/301 par
|-damage|p2a: Khepri|166\/301 par|[from] Stealth Rock
|move|p1a: Love bites|Thunder Wave|p2a: Khepri
|-fail|p2a: Khepri|par
|
|turn|27
|
|move|p2a: Khepri|Pursuit|p1a: Love bites|[from]Pursuit
|-supereffective|p1a: Love bites
|-damage|p1a: Love bites|76\/404
|switch|p1a: Pour some on me|Donphan, M|42\/384 frz
|
|-heal|p1a: Pour some on me|66\/384 frz|[from] item: Leftovers
|turn|28
|
|cant|p1a: Pour some on me|frz
|cant|p2a: Khepri|par
|
|-heal|p1a: Pour some on me|90\/384 frz|[from] item: Leftovers
|turn|29
|
|switch|p2a: Maahes|Landorus-Therian, M, shiny|206\/382
|-damage|p2a: Maahes|159\/382|[from] Stealth Rock
|-ability|p2a: Maahes|Intimidate|[of] p1a: Pour some on me
|-unboost|p1a: Pour some on me|atk|1
|-curestatus|p1a: Pour some on me|frz
|move|p1a: Pour some on me|Earthquake|p2a: Maahes
|-immune|p2a: Maahes|[msg]
|
|-heal|p1a: Pour some on me|114\/384|[from] item: Leftovers
|turn|30
|
|move|p2a: Maahes|Stealth Rock|p1a: Pour some on me
|-sidestart|p1: Lef Deppard|move: Stealth Rock
|move|p1a: Pour some on me|Rapid Spin|p2a: Maahes
|-damage|p2a: Maahes|145\/382
|-sideend|p1: Lef Deppard|Stealth Rock|[from] move: Rapid Spin|[of] p1a: Pour some on me
|
|-heal|p1a: Pour some on me|138\/384|[from] item: Leftovers
|turn|31
|
|move|p2a: Maahes|Earthquake|p1a: Pour some on me
|-damage|p1a: Pour some on me|9\/384
|move|p1a: Pour some on me|Rapid Spin|p2a: Maahes
|-damage|p2a: Maahes|132\/382
|
|-heal|p1a: Pour some on me|33\/384|[from] item: Leftovers
|turn|32
|
|switch|p2a: Ra|Charizard-Mega-Y, M, shiny|25\/301
|-damage|p2a: Ra|0 fnt|[from] Stealth Rock
|faint|p2a: Ra
|move|p1a: Pour some on me|Rapid Spin|p2: Ra|[notarget]
|-notarget
|
|-heal|p1a: Pour some on me|57\/384|[from] item: Leftovers
|
|switch|p2a: Anubis|Lucario, M, shiny|281\/281
|-damage|p2a: Anubis|273\/281|[from] Stealth Rock
|turn|33
|
|move|p2a: Anubis|Close Combat|p1a: Pour some on me
|-damage|p1a: Pour some on me|0 fnt
|-unboost|p2a: Anubis|def|1
|-unboost|p2a: Anubis|spd|1
|-damage|p2a: Anubis|245\/281|[from] item: Life Orb
|faint|p1a: Pour some on me
|
|
|switch|p1a: Armageddon it|Pinsir-Mega, M|271\/271
|turn|34
|
|switch|p2a: Maahes|Landorus-Therian, M, shiny|132\/382
|-damage|p2a: Maahes|85\/382|[from] Stealth Rock
|-ability|p2a: Maahes|Intimidate|[of] p1a: Armageddon it
|-unboost|p1a: Armageddon it|atk|1
|move|p1a: Armageddon it|Return|p2a: Maahes
|-damage|p2a: Maahes|0 fnt
|faint|p2a: Maahes
|
|
|switch|p2a: Khepri|Scizor, M, shiny|166\/301 par
|-damage|p2a: Khepri|129\/301 par|[from] Stealth Rock
|turn|35
|
|switch|p1a: Love bites|Celebi|76\/404
|cant|p2a: Khepri|par
|
|-heal|p1a: Love bites|101\/404|[from] item: Leftovers
|turn|36
|
|move|p1a: Love bites|Giga Drain|p2a: Khepri
|-resisted|p2a: Khepri
|-damage|p2a: Khepri|105\/301 par
|-heal|p1a: Love bites|113\/404|[from] drain|[of] p2a: Khepri
|move|p2a: Khepri|U-turn|p1a: Love bites
|-supereffective|p1a: Love bites
|-damage|p1a: Love bites|0 fnt
|faint|p1a: Love bites
|
|switch|p2a: Thoth|Porygon2, shiny|356\/374
|-damage|p2a: Thoth|310\/374|[from] Stealth Rock
|
|
|switch|p1a: Photograph|Zapdos|207\/384
|-ability|p2a: Thoth|Pressure|[from] ability: Trace|[of] p1a: Photograph
|-ability|p2a: Thoth|Pressure
|-ability|p1a: Photograph|Pressure
|turn|37
|
|move|p1a: Photograph|Thunderbolt|p2a: Thoth
|-damage|p2a: Thoth|192\/374
|move|p2a: Thoth|Ice Beam|p1a: Photograph
|-supereffective|p1a: Photograph
|-damage|p1a: Photograph|83\/384
|
|-heal|p1a: Photograph|107\/384|[from] item: Leftovers
|turn|38
|
|move|p1a: Photograph|Thunderbolt|p2a: Thoth
|-damage|p2a: Thoth|90\/374
|move|p2a: Thoth|Ice Beam|p1a: Photograph
|-supereffective|p1a: Photograph
|-damage|p1a: Photograph|0 fnt
|faint|p1a: Photograph
|
|
|switch|p1a: Armageddon it|Pinsir-Mega, M|271\/271
|turn|39
|
|move|p1a: Armageddon it|Return|p2a: Thoth
|-crit|p2a: Thoth
|-damage|p2a: Thoth|0 fnt
|faint|p2a: Thoth
|
|
|switch|p2a: Khepri|Scizor, M, shiny|105\/301 par
|-damage|p2a: Khepri|68\/301 par|[from] Stealth Rock
|turn|40
|c|âLef Deppard|Gg
|
|move|p1a: Armageddon it|Quick Attack|p2a: Khepri
|-damage|p2a: Khepri|0 fnt
|faint|p2a: Khepri
|
|
|switch|p2a: Anubis|Lucario, M, shiny|245\/281
|-damage|p2a: Anubis|237\/281|[from] Stealth Rock
|turn|41
|
|move|p2a: Anubis|Extreme Speed|p1a: Armageddon it
|-damage|p1a: Armageddon it|162\/271
|-damage|p2a: Anubis|209\/281|[from] item: Life Orb
|move|p1a: Armageddon it|Return|p2a: Anubis
|-damage|p2a: Anubis|0 fnt
|faint|p2a: Anubis
|
|win|Lef Deppard
|raw|Ladder updating...
|c|âlilbigman|gg
|leave|lilbigman
|player|p2
|raw|Ladder (probably) updated, but score could not be retrieved (timeout).
|raw|Ladder (probably) updated, but score could not be retrieved (Error: socket hang up).
|leave|Doctor Octagon