|join|Lef Deppard
|join|CleanerThanRotom-W
|player|p1|Lef Deppard|240
|player|p2|CleanerThanRotom-W|226
|gametype|singles
|gen|6
|tier|OU
|rated
|clearpoke
|poke|p1|Donphan, M
|poke|p1|Zapdos
|poke|p1|Pinsir, M
|poke|p1|Keldeo-Resolute
|poke|p1|Metagross
|poke|p1|Celebi
|poke|p2|Sableye, F
|poke|p2|Chansey, F
|poke|p2|Cresselia, F
|poke|p2|Gothitelle, M
|poke|p2|Skarmory, F
|poke|p2|Quagsire, M
|rule|Swagger Clause: Swagger is banned
|rule|Baton Pass Clause: Limit one PokÃ©mon knowing Baton Pass
|rule|Sleep Clause Mod: Limit one foe put to sleep
|rule|Species Clause: Limit one of each PokÃ©mon
|rule|OHKO Clause: OHKO moves are banned
|rule|Moody Clause: Moody is banned
|rule|Evasion Moves Clause: Evasion moves are banned
|rule|Endless Battle Clause: Forcing endless battles is banned
|rule|HP Percentage Mod: HP is shown in percentages
|teampreview
CleanerThanRotom-W made this room private.
|
|start
|switch|p1a: Pour some on me|Donphan, M|384\/384
|switch|p2a: Sableye|Sableye, F|303\/303
|turn|1
|
|switch|p1a: Love bites|Celebi|404\/404
|detailschange|p2a: Sableye|Sableye-Mega, F
|message|Sableye has Mega Evolved into Mega Sableye!
|move|p2a: Sableye|Will-O-Wisp|p1a: Love bites
|-status|p1a: Love bites|brn
|
|-damage|p1a: Love bites|354\/404 brn|[from] brn
|turn|2
|
|switch|p1a: Animal|Keldeo-Resolute|322\/322
|move|p2a: Sableye|Will-O-Wisp|p1a: Animal
|-status|p1a: Animal|brn
|
|-damage|p1a: Animal|282\/322 brn|[from] brn
|turn|3
|
|switch|p2a: Cresselia|Cresselia, F|444\/444
|move|p1a: Animal|Scald|p2a: Cresselia
|-damage|p2a: Cresselia|318\/444
|
|-heal|p2a: Cresselia|345\/444|[from] item: Leftovers
|-damage|p1a: Animal|242\/322 brn|[from] brn
|turn|4
|
|switch|p1a: Undefeated|Metagross|364\/364
|move|p2a: Cresselia|Psyshock|p1a: Undefeated
|-resisted|p1a: Undefeated
|-damage|p1a: Undefeated|349\/364
|
|-heal|p2a: Cresselia|372\/444|[from] item: Leftovers
|-heal|p1a: Undefeated|364\/364|[from] item: Leftovers
|turn|5
|
|switch|p2a: Skarmory|Skarmory, F|334\/334
|switch|p1a: Armageddon it|Pinsir, M|271\/271
|
|turn|6
|
|switch|p1a: Pour some on me|Donphan, M|384\/384
|move|p2a: Skarmory|Spikes|p1a: Pour some on me
|-sidestart|p1: Lef Deppard|Spikes
|
|turn|7
|
|switch|p2a: Quagsire|Quagsire, M|393\/393
|move|p1a: Pour some on me|Earthquake|p2a: Quagsire
|-damage|p2a: Quagsire|249\/393
|
|-heal|p2a: Quagsire|273\/393|[from] item: Leftovers
|turn|8
|
|move|p1a: Pour some on me|Knock Off|p2a: Quagsire
|-damage|p2a: Quagsire|174\/393
|-enditem|p2a: Quagsire|Leftovers|[from] move: Knock Off|[of] p1a: Pour some on me
|move|p2a: Quagsire|Recover|p2a: Quagsire
|-heal|p2a: Quagsire|371\/393
|
|turn|9
|
|move|p1a: Pour some on me|Earthquake|p2a: Quagsire
|-damage|p2a: Quagsire|233\/393
|move|p2a: Quagsire|Scald|p1a: Pour some on me
|-supereffective|p1a: Pour some on me
|-damage|p1a: Pour some on me|174\/384
|
|-heal|p1a: Pour some on me|198\/384|[from] item: Leftovers
|turn|10
|
|move|p1a: Pour some on me|Rapid Spin|p2a: Quagsire
|-damage|p2a: Quagsire|213\/393
|-sideend|p1: Lef Deppard|Spikes|[from] move: Rapid Spin|[of] p1a: Pour some on me
|move|p2a: Quagsire|Recover|p2a: Quagsire
|-heal|p2a: Quagsire|393\/393
|
|-heal|p1a: Pour some on me|222\/384|[from] item: Leftovers
|turn|11
|
|switch|p1a: Love bites|Celebi|354\/404
|move|p2a: Quagsire|Scald|p1a: Love bites
|-resisted|p1a: Love bites
|-damage|p1a: Love bites|332\/404
|
|-heal|p1a: Love bites|357\/404|[from] item: Leftovers
|turn|12
|
|switch|p2a: Sableye|Sableye-Mega, F|303\/303
|move|p1a: Love bites|Heal Bell|p1a: Love bites
|-cureteam|p1a: Love bites|[from] move: HealBell
|
|-heal|p1a: Love bites|382\/404|[from] item: Leftovers
|turn|13
|
|switch|p1a: Animal|Keldeo-Resolute|242\/322
|move|p2a: Sableye|Calm Mind|p2a: Sableye
|-boost|p2a: Sableye|spa|1
|-boost|p2a: Sableye|spd|1
|
|turn|14
|
|move|p1a: Animal|Scald|p2a: Sableye
|-damage|p2a: Sableye|203\/303
|move|p2a: Sableye|Will-O-Wisp|p1a: Animal
|-status|p1a: Animal|brn
|
|-damage|p1a: Animal|202\/322 brn|[from] brn
|turn|15
|
|move|p1a: Animal|Scald|p2a: Sableye
|-damage|p2a: Sableye|106\/303
|-status|p2a: Sableye|brn
|move|p2a: Sableye|Recover|p2a: Sableye
|-heal|p2a: Sableye|258\/303 brn
|
|-damage|p1a: Animal|162\/322 brn|[from] brn
|-damage|p2a: Sableye|221\/303 brn|[from] brn
|turn|16
|
|switch|p1a: Pour some on me|Donphan, M|222\/384
|switch|p2a: Chansey|Chansey, F|703\/703
|
|-heal|p1a: Pour some on me|246\/384|[from] item: Leftovers
|turn|17
|
|switch|p2a: Quagsire|Quagsire, M|393\/393
|move|p1a: Pour some on me|Knock Off|p2a: Quagsire
|-damage|p2a: Quagsire|331\/393
|
|-heal|p1a: Pour some on me|270\/384|[from] item: Leftovers
|turn|18
|
|switch|p1a: Love bites|Celebi|382\/404
|move|p2a: Quagsire|Scald|p1a: Love bites
|-resisted|p1a: Love bites
|-damage|p1a: Love bites|358\/404
|
|-heal|p1a: Love bites|383\/404|[from] item: Leftovers
|turn|19
|
|switch|p1a: Pour some on me|Donphan, M|270\/384
|switch|p2a: Gothitelle|Gothitelle, M|301\/301
|
|-heal|p1a: Pour some on me|294\/384|[from] item: Leftovers
|turn|20
|
|move|p2a: Gothitelle|Trick|p1a: Pour some on me
|-activate|p2a: Gothitelle|move: Trick|[of] p1a: Pour some on me
|-item|p1a: Pour some on me|Choice Scarf|[from] move: Trick
|-item|p2a: Gothitelle|Leftovers|[from] move: Trick
|move|p1a: Pour some on me|Knock Off|p2a: Gothitelle
|-supereffective|p2a: Gothitelle
|-damage|p2a: Gothitelle|53\/301
|-enditem|p2a: Gothitelle|Leftovers|[from] move: Knock Off|[of] p1a: Pour some on me
|
|turn|21
|
|switch|p2a: Skarmory|Skarmory, F|334\/334
|move|p1a: Pour some on me|Knock Off|p2a: Skarmory
|-damage|p2a: Skarmory|261\/334
|-enditem|p2a: Skarmory|Shed Shell|[from] move: Knock Off|[of] p1a: Pour some on me
|
|turn|22
|
|switch|p1a: Photograph|Zapdos|384\/384
|-ability|p1a: Photograph|Pressure
|move|p2a: Skarmory|Spikes|p1a: Photograph
|-sidestart|p1: Lef Deppard|Spikes
|
|turn|23
|
|switch|p1a: Pour some on me|Donphan, M|294\/384
|-damage|p1a: Pour some on me|246\/384|[from] Spikes
|switch|p2a: Chansey|Chansey, F|703\/703
|
|turn|24
|
|switch|p2a: Skarmory|Skarmory, F|261\/334
|move|p1a: Pour some on me|Rapid Spin|p2a: Skarmory
|-resisted|p2a: Skarmory
|-damage|p2a: Skarmory|254\/334
|-sideend|p1: Lef Deppard|Spikes|[from] move: Rapid Spin|[of] p1a: Pour some on me
|
|turn|25
|
|switch|p1a: Undefeated|Metagross|364\/364
|move|p2a: Skarmory|Spikes|p1a: Undefeated
|-sidestart|p1: Lef Deppard|Spikes
|
|turn|26
|
|move|p2a: Skarmory|Roost|p2a: Skarmory
|-heal|p2a: Skarmory|334\/334
|move|p1a: Undefeated|Stealth Rock|p2a: Skarmory
|-sidestart|p2: CleanerThanRotom-W|move: Stealth Rock
|
|turn|27
|
|move|p2a: Skarmory|Spikes|p1a: Undefeated
|-sidestart|p1: Lef Deppard|Spikes
|move|p1a: Undefeated|Meteor Mash|p2a: Skarmory
|-resisted|p2a: Skarmory
|-damage|p2a: Skarmory|278\/334
|
|turn|28
|
|move|p2a: Skarmory|Spikes|p1a: Undefeated
|-sidestart|p1: Lef Deppard|Spikes
|move|p1a: Undefeated|Meteor Mash|p2a: Skarmory
|-resisted|p2a: Skarmory
|-damage|p2a: Skarmory|222\/334
|
|turn|29
|
|move|p2a: Skarmory|Roost|p2a: Skarmory
|-heal|p2a: Skarmory|334\/334
|move|p1a: Undefeated|Meteor Mash|p2a: Skarmory
|-resisted|p2a: Skarmory
|-damage|p2a: Skarmory|283\/334
|
|turn|30
|
|move|p1a: Undefeated|Meteor Mash|p2a: Skarmory|[miss]
|-miss|p1a: Undefeated|p2a: Skarmory
|move|p2a: Skarmory|Counter|p1a: Undefeated
|-fail|p1a: Undefeated
|
|turn|31
|
|move|p1a: Undefeated|Meteor Mash|p2a: Skarmory
|-resisted|p2a: Skarmory
|-damage|p2a: Skarmory|236\/334
|move|p2a: Skarmory|Whirlwind|p1a: Undefeated
|drag|p1a: Love bites|Celebi|383\/404
|-damage|p1a: Love bites|282\/404|[from] Spikes
|
|-heal|p1a: Love bites|307\/404|[from] item: Leftovers
|turn|32
|
|switch|p2a: Chansey|Chansey, F|703\/703
|-damage|p2a: Chansey|616\/703|[from] Stealth Rock
|move|p1a: Love bites|Heal Bell|p1a: Love bites
|-cureteam|p1a: Love bites|[from] move: HealBell
|
|-heal|p1a: Love bites|332\/404|[from] item: Leftovers
|turn|33
|
|switch|p1a: Armageddon it|Pinsir, M|271\/271
|-damage|p1a: Armageddon it|204\/271|[from] Spikes
|move|p2a: Chansey|Aromatherapy|p2a: Chansey
|-cureteam|p2a: Chansey|[from] move: Aromatherapy
|
|turn|34
|
|switch|p2a: Skarmory|Skarmory, F|236\/334
|-damage|p2a: Skarmory|195\/334|[from] Stealth Rock
|detailschange|p1a: Armageddon it|Pinsir-Mega, M
|message|Pinsir has Mega Evolved into Mega Pinsir!
|move|p1a: Armageddon it|Swords Dance|p1a: Armageddon it
|-boost|p1a: Armageddon it|atk|2
|
|turn|35
|
|move|p1a: Armageddon it|Close Combat|p2a: Skarmory
|-damage|p2a: Skarmory|0 fnt
|-unboost|p1a: Armageddon it|def|1
|-unboost|p1a: Armageddon it|spd|1
|faint|p2a: Skarmory
|
|
|switch|p2a: Quagsire|Quagsire, M|331\/393
|-damage|p2a: Quagsire|307\/393|[from] Stealth Rock
|turn|36
|
|move|p1a: Armageddon it|Return|p2a: Quagsire
|-damage|p2a: Quagsire|105\/393
|move|p2a: Quagsire|Toxic|p1a: Armageddon it
|-status|p1a: Armageddon it|tox
|
|-damage|p1a: Armageddon it|188\/271 tox|[from] psn
|turn|37
|
|move|p1a: Armageddon it|Return|p2a: Quagsire
|-damage|p2a: Quagsire|0 fnt
|faint|p2a: Quagsire
|
|-damage|p1a: Armageddon it|156\/271 tox|[from] psn
|
|switch|p2a: Cresselia|Cresselia, F|372\/444
|-damage|p2a: Cresselia|317\/444|[from] Stealth Rock
|turn|38
|
|move|p1a: Armageddon it|Return|p2a: Cresselia
|-damage|p2a: Cresselia|0 fnt
|faint|p2a: Cresselia
|
|-damage|p1a: Armageddon it|108\/271 tox|[from] psn
|
|switch|p2a: Sableye|Sableye-Mega, F|221\/303
|-damage|p2a: Sableye|184\/303|[from] Stealth Rock
|turn|39
|
|switch|p2a: Gothitelle|Gothitelle, M|53\/301
|-damage|p2a: Gothitelle|16\/301|[from] Stealth Rock
|move|p1a: Armageddon it|Return|p2a: Gothitelle
|-damage|p2a: Gothitelle|0 fnt
|faint|p2a: Gothitelle
|
|-damage|p1a: Armageddon it|44\/271 tox|[from] psn
|
|switch|p2a: Chansey|Chansey, F|616\/703
|-damage|p2a: Chansey|529\/703|[from] Stealth Rock
|turn|40
|
|switch|p1a: Undefeated|Metagross|364\/364
|-damage|p1a: Undefeated|273\/364|[from] Spikes
|move|p2a: Chansey|Stealth Rock|p1a: Undefeated
|-sidestart|p1: Lef Deppard|move: Stealth Rock
|
|-heal|p1a: Undefeated|295\/364|[from] item: Leftovers
|turn|41
|
|move|p1a: Undefeated|Meteor Mash|p2a: Chansey
|-damage|p2a: Chansey|271\/703
|move|p2a: Chansey|Seismic Toss|p1a: Undefeated
|-damage|p1a: Undefeated|195\/364
|
|-heal|p1a: Undefeated|217\/364|[from] item: Leftovers
|turn|42
|
|switch|p1a: Pour some on me|Donphan, M|246\/384
|-damage|p1a: Pour some on me|150\/384|[from] Spikes
|-damage|p1a: Pour some on me|126\/384|[from] Stealth Rock
|move|p2a: Chansey|Soft-Boiled|p2a: Chansey
|-heal|p2a: Chansey|623\/703
|
|turn|43
|
|switch|p2a: Sableye|Sableye-Mega, F|184\/303
|-damage|p2a: Sableye|147\/303|[from] Stealth Rock
|move|p1a: Pour some on me|Earthquake|p2a: Sableye
|-damage|p2a: Sableye|0 fnt
|faint|p2a: Sableye
|
|c|âLef Deppard|G
|c|âLef Deppard|gg
|
|switch|p2a: Chansey|Chansey, F|623\/703
|-damage|p2a: Chansey|536\/703|[from] Stealth Rock
|turn|44
|
|switch|p1a: Love bites|Celebi|332\/404
|-damage|p1a: Love bites|231\/404|[from] Spikes
|-damage|p1a: Love bites|181\/404|[from] Stealth Rock
|move|p2a: Chansey|Soft-Boiled|p2a: Chansey
|-heal|p2a: Chansey|703\/703
|
|-heal|p1a: Love bites|206\/404|[from] item: Leftovers
|turn|45
|
|move|p1a: Love bites|Thunder Wave|p2a: Chansey
|-status|p2a: Chansey|par
|move|p2a: Chansey|Seismic Toss|p1a: Love bites
|-damage|p1a: Love bites|106\/404
|
|-heal|p1a: Love bites|131\/404|[from] item: Leftovers
|turn|46
|
|move|p1a: Love bites|Recover|p1a: Love bites
|-heal|p1a: Love bites|333\/404
|cant|p2a: Chansey|par
|
|-heal|p1a: Love bites|358\/404|[from] item: Leftovers
|turn|47
|
|move|p1a: Love bites|Heal Bell|p1a: Love bites
|-cureteam|p1a: Love bites|[from] move: HealBell
|cant|p2a: Chansey|par
|
|-heal|p1a: Love bites|383\/404|[from] item: Leftovers
|turn|48
|
|move|p1a: Love bites|Giga Drain|p2a: Chansey
|-damage|p2a: Chansey|649\/703 par
|-heal|p1a: Love bites|404\/404|[from] drain|[of] p2a: Chansey
|cant|p2a: Chansey|par
|
|turn|49
|
|move|p1a: Love bites|Giga Drain|p2a: Chansey
|-damage|p2a: Chansey|589\/703 par
|move|p2a: Chansey|Seismic Toss|p1a: Love bites
|-damage|p1a: Love bites|304\/404
|
|-heal|p1a: Love bites|329\/404|[from] item: Leftovers
|turn|50
|
|move|p1a: Love bites|Giga Drain|p2a: Chansey
|-damage|p2a: Chansey|532\/703 par
|-heal|p1a: Love bites|358\/404|[from] drain|[of] p2a: Chansey
|cant|p2a: Chansey|par
|
|-heal|p1a: Love bites|383\/404|[from] item: Leftovers
|turn|51
|
|move|p1a: Love bites|Giga Drain|p2a: Chansey
|-damage|p2a: Chansey|475\/703 par
|-heal|p1a: Love bites|404\/404|[from] drain|[of] p2a: Chansey
|move|p2a: Chansey|Seismic Toss|p1a: Love bites
|-damage|p1a: Love bites|304\/404
|
|-heal|p1a: Love bites|329\/404|[from] item: Leftovers
|turn|52
|
|switch|p1a: Animal|Keldeo-Resolute|162\/322
|-damage|p1a: Animal|82\/322|[from] Spikes
|-damage|p1a: Animal|62\/322|[from] Stealth Rock
|cant|p2a: Chansey|par
|
|turn|53
|
|move|p1a: Animal|Secret Sword|p2a: Chansey
|-supereffective|p2a: Chansey
|-damage|p2a: Chansey|0 fnt
|faint|p2a: Chansey
|
|win|Lef Deppard
|raw|Ladder updating...
|leave|CleanerThanRotom-W
|player|p2
|raw|Lef Deppard's rating: 1789 &rarr; <strong>1811<\/strong><br \/>(+22 for winning)
|raw|CleanerThanRotom-W's rating: 1819 &rarr; <strong>1797<\/strong><br \/>(-22 for losing)
|c|âLef Deppard|6-0 Mario