|join|im telegend
|join|Lef Deppard
|player|p1|im telegend|168
|player|p2|Lef Deppard|240
|gametype|singles
|gen|6
|tier|OU
|rated
|clearpoke
|poke|p1|Slowbro, F
|poke|p1|Latios, M
|poke|p1|Heatran, F
|poke|p1|Scizor, M
|poke|p1|Clefable, F
|poke|p1|Terrakion
|poke|p2|Donphan, M
|poke|p2|Zapdos
|poke|p2|Pinsir, M
|poke|p2|Keldeo-Resolute
|poke|p2|Metagross
|poke|p2|Celebi
|rule|Swagger Clause: Swagger is banned
|rule|Baton Pass Clause: Limit one PokÃ©mon knowing Baton Pass
|rule|Sleep Clause Mod: Limit one foe put to sleep
|rule|Species Clause: Limit one of each PokÃ©mon
|rule|OHKO Clause: OHKO moves are banned
|rule|Moody Clause: Moody is banned
|rule|Evasion Moves Clause: Evasion moves are banned
|rule|Endless Battle Clause: Forcing endless battles is banned
|rule|HP Percentage Mod: HP is shown in percentages
|teampreview
|
|start
|switch|p1a: Scizor|Scizor, M|342\/342
|switch|p2a: Pinsir|Pinsir, M|271\/271
|turn|1
|join|jake5alt
|c| jake5alt|sup bon
|
|switch|p1a: Slowbro|Slowbro, F|394\/394
|detailschange|p2a: Pinsir|Pinsir-Mega, M
|message|Pinsir has Mega Evolved into Mega Pinsir!
|move|p2a: Pinsir|Return|p1a: Slowbro
|-damage|p1a: Slowbro|225\/394
|
|-heal|p1a: Slowbro|249\/394|[from] item: Leftovers
|turn|2
|c| jake5alt|cool team
|c|âLef Deppard|Thx man
|c| jake5alt|u just love donphan lol
|c|âLef Deppard|how r u jake?
|c|âLef Deppard|Lol
|
|move|p2a: Pinsir|Swords Dance|p2a: Pinsir
|-boost|p2a: Pinsir|atk|2
|move|p1a: Slowbro|Scald|p2a: Pinsir
|-damage|p2a: Pinsir|162\/271
|
|-heal|p1a: Slowbro|273\/394|[from] item: Leftovers
|turn|3
|c| jake5alt|i'm pretty well, are you coming online after a while?
|
|switch|p1a: Heatran|Heatran, F|385\/385
|move|p2a: Pinsir|Return|p1a: Heatran
|-resisted|p1a: Heatran
|-damage|p1a: Heatran|119\/385
|
|-heal|p1a: Heatran|143\/385|[from] item: Leftovers
|turn|4
|
|move|p2a: Pinsir|Close Combat|p1a: Heatran
|-supereffective|p1a: Heatran
|-damage|p1a: Heatran|0 fnt
|-unboost|p2a: Pinsir|def|1
|-unboost|p2a: Pinsir|spd|1
|faint|p1a: Heatran
|
|
|switch|p1a: Terrakion|Terrakion|323\/323
|turn|5
|
|switch|p2a: Pivin on a Lrayer|Donphan, M|384\/384
|move|p1a: Terrakion|Stone Edge|p2a: Pivin on a Lrayer
|-resisted|p2a: Pivin on a Lrayer
|-damage|p2a: Pivin on a Lrayer|301\/384
|
|-heal|p2a: Pivin on a Lrayer|325\/384|[from] item: Leftovers
|turn|6
|
|switch|p1a: Scizor|Scizor, M|342\/342
|switch|p2a: Zapdos|Zapdos|384\/384
|-ability|p2a: Zapdos|Pressure
|
|turn|7
|
|switch|p1a: Clefable|Clefable, F|394\/394
|move|p2a: Zapdos|Heat Wave|p1a: Clefable
|-damage|p1a: Clefable|301\/394
|
|-heal|p1a: Clefable|325\/394|[from] item: Leftovers
|turn|8
|
|switch|p2a: Metagross|Metagross|364\/364
|move|p1a: Clefable|Flamethrower|p2a: Metagross
|-supereffective|p2a: Metagross
|-damage|p2a: Metagross|206\/364
|
|-heal|p2a: Metagross|228\/364|[from] item: Leftovers
|-heal|p1a: Clefable|349\/394|[from] item: Leftovers
|turn|9
|
|switch|p1a: Scizor|Scizor, M|342\/342
|move|p2a: Metagross|Stealth Rock|p1a: Scizor
|-sidestart|p1: im telegend|move: Stealth Rock
|
|-heal|p2a: Metagross|250\/364|[from] item: Leftovers
|turn|10
|join|Alldaalts
|
|switch|p2a: Zapdos|Zapdos|384\/384
|-ability|p2a: Zapdos|Pressure
|detailschange|p1a: Scizor|Scizor-Mega, M
|message|Scizor has Mega Evolved into Mega Scizor!
|move|p1a: Scizor|Knock Off|p2a: Zapdos
|-damage|p2a: Zapdos|248\/384
|-enditem|p2a: Zapdos|Leftovers|[from] move: Knock Off|[of] p1a: Scizor
|
|turn|11
|
|switch|p1a: Clefable|Clefable, F|349\/394
|move|p2a: Zapdos|Roost|p2a: Zapdos
|-heal|p2a: Zapdos|384\/384
|
|-heal|p1a: Clefable|373\/394|[from] item: Leftovers
|turn|12
|
|switch|p2a: Metagross|Metagross|250\/364
|move|p1a: Clefable|Calm Mind|p1a: Clefable
|-boost|p1a: Clefable|spa|1
|-boost|p1a: Clefable|spd|1
|
|-heal|p2a: Metagross|272\/364|[from] item: Leftovers
|-heal|p1a: Clefable|394\/394|[from] item: Leftovers
|turn|13
|
|switch|p1a: Slowbro|Slowbro, F|394\/394
|-damage|p1a: Slowbro|345\/394|[from] Stealth Rock
|move|p2a: Metagross|Meteor Mash|p1a: Slowbro
|-resisted|p1a: Slowbro
|-damage|p1a: Slowbro|282\/394
|
|-heal|p2a: Metagross|294\/364|[from] item: Leftovers
|-heal|p1a: Slowbro|306\/394|[from] item: Leftovers
|turn|14
|
|switch|p2a: Celebi|Celebi|404\/404
|switch|p1a: Scizor|Scizor-Mega, M|342\/342
|-damage|p1a: Scizor|300\/342|[from] Stealth Rock
|
|turn|15
|join|PoweredByRevenge
|join|jollipop
|leave|PoweredByRevenge
|
|switch|p2a: Zapdos|Zapdos|384\/384
|-ability|p2a: Zapdos|Pressure
|switch|p1a: Terrakion|Terrakion|323\/323
|-damage|p1a: Terrakion|303\/323|[from] Stealth Rock
|
|turn|16
|
|switch|p2a: Metagross|Metagross|294\/364
|move|p1a: Terrakion|Close Combat|p2a: Metagross
|-damage|p2a: Metagross|113\/364
|-unboost|p1a: Terrakion|def|1
|-unboost|p1a: Terrakion|spd|1
|
|-heal|p2a: Metagross|135\/364|[from] item: Leftovers
|turn|17
|
|switch|p1a: Scizor|Scizor-Mega, M|300\/342
|-damage|p1a: Scizor|258\/342|[from] Stealth Rock
|switch|p2a: Celebi|Celebi|404\/404
|
|turn|18
|
|move|p2a: Celebi|Thunder Wave|p1a: Scizor
|-status|p1a: Scizor|par
|cant|p1a: Scizor|par
|
|turn|19
|
|switch|p2a: Keldeo-Resolute|Keldeo-Resolute|322\/322
|move|p1a: Scizor|Knock Off|p2a: Keldeo-Resolute
|-resisted|p2a: Keldeo-Resolute
|-damage|p2a: Keldeo-Resolute|259\/322
|-boost|p2a: Keldeo-Resolute|atk|1|[from] ability: Justified
|-enditem|p2a: Keldeo-Resolute|Choice Specs|[from] move: Knock Off|[of] p1a: Scizor
|
|turn|20
|
|switch|p1a: Clefable|Clefable, F|394\/394
|move|p2a: Keldeo-Resolute|Hydro Pump|p1a: Clefable
|-damage|p1a: Clefable|220\/394
|
|-heal|p1a: Clefable|244\/394|[from] item: Leftovers
|turn|21
|c|âim telegend|dont go to metagross
|c|âim telegend|ill kill him
|c|âim telegend|with ft
|
|switch|p2a: Celebi|Celebi|404\/404
|move|p1a: Clefable|Soft-Boiled|p1a: Clefable
|-heal|p1a: Clefable|394\/394
|
|turn|22
|c|âLef Deppard|Lmfao
|
|move|p2a: Celebi|Thunder Wave|p1a: Clefable
|-status|p1a: Clefable|par
|move|p1a: Clefable|Calm Mind|p1a: Clefable
|-boost|p1a: Clefable|spa|1
|-boost|p1a: Clefable|spd|1
|
|turn|23
|
|switch|p2a: Pivin on a Lrayer|Donphan, M|325\/384
|move|p1a: Clefable|Moonblast|p2a: Pivin on a Lrayer
|-damage|p2a: Pivin on a Lrayer|93\/384
|
|-heal|p2a: Pivin on a Lrayer|117\/384|[from] item: Leftovers
|turn|24
|
|move|p2a: Pivin on a Lrayer|Earthquake|p1a: Clefable
|-damage|p1a: Clefable|198\/394 par
|move|p1a: Clefable|Moonblast|p2a: Pivin on a Lrayer
|-damage|p2a: Pivin on a Lrayer|0 fnt
|faint|p2a: Pivin on a Lrayer
|
|-heal|p1a: Clefable|222\/394 par|[from] item: Leftovers
|
|switch|p2a: Pinsir|Pinsir-Mega, M|162\/271
|turn|25
|
|switch|p1a: Slowbro|Slowbro, F|394\/394
|-damage|p1a: Slowbro|345\/394|[from] Stealth Rock
|move|p2a: Pinsir|Return|p1a: Slowbro
|-damage|p1a: Slowbro|170\/394
|
|-heal|p1a: Slowbro|194\/394|[from] item: Leftovers
|turn|26
|
|move|p2a: Pinsir|Swords Dance|p2a: Pinsir
|-boost|p2a: Pinsir|atk|2
|move|p1a: Slowbro|Thunder Wave|p2a: Pinsir
|-status|p2a: Pinsir|par
|
|-heal|p1a: Slowbro|218\/394|[from] item: Leftovers
|turn|27
|
|switch|p1a: Scizor|Scizor-Mega, M|258\/342 par
|-damage|p1a: Scizor|216\/342 par|[from] Stealth Rock
|move|p2a: Pinsir|Return|p1a: Scizor
|-damage|p1a: Scizor|0 fnt
|faint|p1a: Scizor
|
|
|switch|p1a: Terrakion|Terrakion|303\/323
|-damage|p1a: Terrakion|283\/323|[from] Stealth Rock
|turn|28
|
|switch|p2a: Keldeo-Resolute|Keldeo-Resolute|259\/322
|move|p1a: Terrakion|Stone Edge|p2a: Keldeo-Resolute
|-crit|p2a: Keldeo-Resolute
|-resisted|p2a: Keldeo-Resolute
|-damage|p2a: Keldeo-Resolute|85\/322
|
|turn|29
|
|switch|p1a: Slowbro|Slowbro, F|349\/394
|-damage|p1a: Slowbro|300\/394|[from] Stealth Rock
|move|p2a: Keldeo-Resolute|Scald|p1a: Slowbro
|-resisted|p1a: Slowbro
|-damage|p1a: Slowbro|220\/394
|-status|p1a: Slowbro|brn
|
|-heal|p1a: Slowbro|244\/394 brn|[from] item: Leftovers
|-damage|p1a: Slowbro|195\/394 brn|[from] brn
|turn|30
|c|âim telegend|fucking gay shit
|c|âim telegend|fuck off
|
|switch|p2a: Celebi|Celebi|404\/404
|move|p1a: Slowbro|Slack Off|p1a: Slowbro
|-heal|p1a: Slowbro|392\/394 brn
|
|-heal|p1a: Slowbro|394\/394 brn|[from] item: Leftovers
|-damage|p1a: Slowbro|345\/394 brn|[from] brn
|turn|31
|c| jake5alt|lololollol
|
|move|p2a: Celebi|Heal Bell|p2a: Celebi
|-cureteam|p2a: Celebi|[from] move: HealBell
|move|p1a: Slowbro|Thunder Wave|p2a: Celebi
|-status|p2a: Celebi|par
|
|-heal|p1a: Slowbro|369\/394 brn|[from] item: Leftovers
|-damage|p1a: Slowbro|320\/394 brn|[from] brn
|turn|32
|c| jake5alt|tele is pissed
|c| jake5alt|hmm cool heal bell
|c| jake5alt|don't see too many of them
|c| jake5alt|i love the way all your teams are original :]
|c|âLef Deppard|Lol ty man
|c|âLef Deppard|trying shit out
|
|switch|p1a: Clefable|Clefable, F|222\/394 par
|switch|p2a: Metagross|Metagross|135\/364
|
|-heal|p2a: Metagross|157\/364|[from] item: Leftovers
|-heal|p1a: Clefable|246\/394 par|[from] item: Leftovers
|turn|33
|
|switch|p1a: Slowbro|Slowbro, F|394\/394 brn
|-damage|p1a: Slowbro|345\/394 brn|[from] Stealth Rock
|move|p2a: Metagross|Meteor Mash|p1a: Slowbro
|-resisted|p1a: Slowbro
|-damage|p1a: Slowbro|282\/394 brn
|-boost|p2a: Metagross|atk|1
|
|-heal|p2a: Metagross|179\/364|[from] item: Leftovers
|-heal|p1a: Slowbro|306\/394 brn|[from] item: Leftovers
|-damage|p1a: Slowbro|257\/394 brn|[from] brn
|turn|34
|
|switch|p1a: Terrakion|Terrakion|283\/323
|-damage|p1a: Terrakion|263\/323|[from] Stealth Rock
|move|p2a: Metagross|Earthquake|p1a: Terrakion
|-supereffective|p1a: Terrakion
|-damage|p1a: Terrakion|0 fnt
|faint|p1a: Terrakion
|
|-heal|p2a: Metagross|201\/364|[from] item: Leftovers
|c|âLef Deppard|Oups
|c|âim telegend|hehe i tried
|c|âLef Deppard|haha
|c|âim telegend|but with such incompetent players
|c|âim telegend|ill take care next time
|c|âim telegend|of ur lucky ass
|c|âim telegend|and of ur gay shit playz
|c|âLef Deppard|Bla bla bla
|-message|im telegend forfeited.
|leave|im telegend
|c|âLef Deppard|i beat slowbroed
|
|win|Lef Deppard
|raw|Ladder updating...
|c| jollipop|lol what a dick
|player|p1
|c|âLef Deppard|and terrakioned
|join|im telegend
|raw|im telegend's rating: 1811 &rarr; <strong>1789<\/strong><br \/>(-22 for losing)
|raw|Lef Deppard's rating: 1768 &rarr; <strong>1791<\/strong><br \/>(+23 for winning)
|c|âLef Deppard|So long loser
|c|âim telegend|lmao
|c|âim telegend|what a retarded
|c|âim telegend|gay
|c|âLef Deppard|Oh ur back
|c|âim telegend|i beat jon jovi every single time
|c|âLef Deppard|nope
|c|âLef Deppard|i beat u once
|c|âim telegend|shut up ur big mouth man
|leave|im telegend
|c| jollipop|made no sense
|c|âLef Deppard|so long loser
|c|âLef Deppard|i know haha
|c| jollipop|hes CLEARLY not english
|c|âLef Deppard|thats what happens when u take pokemon too seriously
|c| jollipop|ikr
|c| jollipop|its a game
|c| jollipop|fuck that
|c| jollipop|I dont even take real life
|c| jollipop|that seriosuly
|c|âLef Deppard|Anyways, fun battle
|c| jollipop|yeah man gj
|c|âLef Deppard|dominated him completly
|leave|Alldaalts
|leave|jollipop
|c|âLef Deppard|Lol
|c|âLef Deppard|i beat him
|c|âLef Deppard|thats it that's all