|join|Lef Deppard
|join|Kaz-Ichinose
|player|p1|Lef Deppard|240
|player|p2|Kaz-Ichinose|161
|gametype|singles
|gen|6
|tier|OU
|rated
|clearpoke
|poke|p1|Donphan, M
|poke|p1|Zapdos
|poke|p1|Pinsir, M
|poke|p1|Keldeo-Resolute
|poke|p1|Metagross
|poke|p1|Celebi
|poke|p2|Skarmory, M
|poke|p2|Charizard, M
|poke|p2|Breloom, M
|poke|p2|Manaphy
|poke|p2|Tyranitar, M
|poke|p2|Excadrill, M
|rule|Swagger Clause: Swagger is banned
|rule|Baton Pass Clause: Limit one PokÃ©mon knowing Baton Pass
|rule|Sleep Clause Mod: Limit one foe put to sleep
|rule|Species Clause: Limit one of each PokÃ©mon
|rule|OHKO Clause: OHKO moves are banned
|rule|Moody Clause: Moody is banned
|rule|Evasion Moves Clause: Evasion moves are banned
|rule|Endless Battle Clause: Forcing endless battles is banned
|rule|HP Percentage Mod: HP is shown in percentages
|teampreview
|
|start
|switch|p1a: Animal|Keldeo-Resolute|322\/322
|switch|p2a: Chapignon|Breloom, M|262\/262
|turn|1
|
|switch|p1a: Love bites|Celebi|404\/404
|move|p2a: Chapignon|Swords Dance|p2a: Chapignon
|-boost|p2a: Chapignon|atk|2
|
|turn|2
|c|âLef Deppard|Bonne chance
|
|move|p2a: Chapignon|Bullet Seed|p1a: Love bites
|-resisted|p1a: Love bites
|-damage|p1a: Love bites|313\/404
|-resisted|p1a: Love bites
|-damage|p1a: Love bites|230\/404
|-resisted|p1a: Love bites
|-damage|p1a: Love bites|144\/404
|-resisted|p1a: Love bites
|-damage|p1a: Love bites|66\/404
|-resisted|p1a: Love bites
|-damage|p1a: Love bites|0 fnt
|-hitcount|p1a: Love bites|5
|-damage|p2a: Chapignon|236\/262|[from] item: Life Orb
|faint|p1a: Love bites
|
|c|âKaz-Ichinose|de meme
|c|âLef Deppard|Damn
|
|switch|p1a: Armageddon it|Pinsir, M|271\/271
|turn|3
|
|switch|p2a: Airmure|Skarmory, M|334\/334
|detailschange|p1a: Armageddon it|Pinsir-Mega, M
|message|Pinsir has Mega Evolved into Mega Pinsir!
|move|p1a: Armageddon it|Quick Attack|p2a: Airmure
|-resisted|p2a: Airmure
|-damage|p2a: Airmure|292\/334
|
|turn|4
|
|switch|p1a: Undefeated|Metagross|364\/364
|move|p2a: Airmure|Stealth Rock|p1a: Undefeated
|-sidestart|p1: Lef Deppard|move: Stealth Rock
|
|turn|5
|
|move|p2a: Airmure|Spikes|p1a: Undefeated
|-sidestart|p1: Lef Deppard|Spikes
|move|p1a: Undefeated|Stealth Rock|p2a: Airmure
|-sidestart|p2: Kaz-Ichinose|move: Stealth Rock
|
|turn|6
|
|switch|p1a: Pour some on me|Donphan, M|384\/384
|-damage|p1a: Pour some on me|360\/384|[from] Stealth Rock
|-damage|p1a: Pour some on me|312\/384|[from] Spikes
|move|p2a: Airmure|Spikes|p1a: Pour some on me
|-sidestart|p1: Lef Deppard|Spikes
|
|-heal|p1a: Pour some on me|336\/384|[from] item: Leftovers
|turn|7
|
|switch|p2a: Chapignon|Breloom, M|236\/262
|-damage|p2a: Chapignon|220\/262|[from] Stealth Rock
|move|p1a: Pour some on me|Rapid Spin|p2a: Chapignon
|-damage|p2a: Chapignon|188\/262
|-sideend|p1: Lef Deppard|Spikes|[from] move: Rapid Spin|[of] p1a: Pour some on me
|-sideend|p1: Lef Deppard|Stealth Rock|[from] move: Rapid Spin|[of] p1a: Pour some on me
|
|-heal|p1a: Pour some on me|360\/384|[from] item: Leftovers
|turn|8
|
|switch|p1a: Undefeated|Metagross|364\/364
|move|p2a: Chapignon|Spore|p1a: Undefeated
|-status|p1a: Undefeated|slp
|
|turn|9
|
|switch|p2a: Tyranocif|Tyranitar, M|404\/404
|-damage|p2a: Tyranocif|354\/404|[from] Stealth Rock
|-weather|Sandstorm
|switch|p1a: Armageddon it|Pinsir-Mega, M|271\/271
|
|-weather|Sandstorm|[upkeep]
|-damage|p1a: Armageddon it|255\/271|[from] sandstorm
|turn|10
|
|switch|p1a: Pour some on me|Donphan, M|360\/384
|switch|p2a: Airmure|Skarmory, M|292\/334
|-damage|p2a: Airmure|251\/334|[from] Stealth Rock
|
|-weather|Sandstorm|[upkeep]
|-heal|p1a: Pour some on me|384\/384|[from] item: Leftovers
|turn|11
|
|move|p2a: Airmure|Stealth Rock|p1a: Pour some on me
|-sidestart|p1: Lef Deppard|move: Stealth Rock
|move|p1a: Pour some on me|Knock Off|p2a: Airmure
|-crit|p2a: Airmure
|-damage|p2a: Airmure|117\/334
|-enditem|p2a: Airmure|Mental Herb|[from] move: Knock Off|[of] p1a: Pour some on me
|
|-weather|Sandstorm|[upkeep]
|turn|12
|
|switch|p2a: Manaphy|Manaphy|355\/355
|-damage|p2a: Manaphy|311\/355|[from] Stealth Rock
|move|p1a: Pour some on me|Rapid Spin|p2a: Manaphy
|-damage|p2a: Manaphy|287\/355
|-sideend|p1: Lef Deppard|Stealth Rock|[from] move: Rapid Spin|[of] p1a: Pour some on me
|
|-weather|Sandstorm|[upkeep]
|-damage|p2a: Manaphy|265\/355|[from] sandstorm
|-heal|p2a: Manaphy|287\/355|[from] item: Leftovers
|turn|13
|
|switch|p1a: Animal|Keldeo-Resolute|322\/322
|move|p2a: Manaphy|Scald|p1a: Animal
|-resisted|p1a: Animal
|-damage|p1a: Animal|254\/322
|
|-weather|Sandstorm|[upkeep]
|-damage|p1a: Animal|234\/322|[from] sandstorm
|-damage|p2a: Manaphy|265\/355|[from] sandstorm
|-heal|p2a: Manaphy|287\/355|[from] item: Leftovers
|turn|14
|
|move|p1a: Animal|Secret Sword|p2a: Manaphy
|-damage|p2a: Manaphy|43\/355
|move|p2a: Manaphy|Psychic|p1a: Animal
|-supereffective|p1a: Animal
|-damage|p1a: Animal|22\/322
|
|-weather|Sandstorm|[upkeep]
|-damage|p1a: Animal|2\/322|[from] sandstorm
|-damage|p2a: Manaphy|21\/355|[from] sandstorm
|-heal|p2a: Manaphy|43\/355|[from] item: Leftovers
|turn|15
|
|switch|p1a: Photograph|Zapdos|384\/384
|-ability|p1a: Photograph|Pressure
|move|p2a: Manaphy|Scald|p1a: Photograph
|-damage|p1a: Photograph|276\/384
|
|-weather|Sandstorm|[upkeep]
|-damage|p2a: Manaphy|21\/355|[from] sandstorm
|-damage|p1a: Photograph|252\/384|[from] sandstorm
|-heal|p2a: Manaphy|43\/355|[from] item: Leftovers
|-heal|p1a: Photograph|276\/384|[from] item: Leftovers
|turn|16
|
|move|p2a: Manaphy|Scald|p1a: Photograph
|-crit|p1a: Photograph
|-damage|p1a: Photograph|102\/384
|move|p1a: Photograph|Thunderbolt|p2a: Manaphy
|-supereffective|p2a: Manaphy
|-damage|p2a: Manaphy|0 fnt
|faint|p2a: Manaphy
|
|-weather|none
|-heal|p1a: Photograph|126\/384|[from] item: Leftovers
|
|switch|p2a: Tyranocif|Tyranitar, M|354\/404
|-damage|p2a: Tyranocif|304\/404|[from] Stealth Rock
|-weather|Sandstorm
|turn|17
|
|move|p1a: Photograph|Roost|p1a: Photograph
|-heal|p1a: Photograph|318\/384
|move|p2a: Tyranocif|Pursuit|p1a: Photograph
|-damage|p1a: Photograph|233\/384
|
|-weather|Sandstorm|[upkeep]
|-damage|p1a: Photograph|209\/384|[from] sandstorm
|-heal|p1a: Photograph|233\/384|[from] item: Leftovers
|turn|18
|
|switch|p1a: Pour some on me|Donphan, M|384\/384
|move|p2a: Tyranocif|Stone Edge|p1a: Pour some on me
|-resisted|p1a: Pour some on me
|-damage|p1a: Pour some on me|307\/384
|
|-weather|Sandstorm|[upkeep]
|-heal|p1a: Pour some on me|331\/384|[from] item: Leftovers
|turn|19
|
|switch|p2a: Chapignon|Breloom, M|188\/262
|-damage|p2a: Chapignon|172\/262|[from] Stealth Rock
|move|p1a: Pour some on me|Knock Off|p2a: Chapignon
|-resisted|p2a: Chapignon
|-damage|p2a: Chapignon|105\/262
|-enditem|p2a: Chapignon|Life Orb|[from] move: Knock Off|[of] p1a: Pour some on me
|
|-weather|Sandstorm|[upkeep]
|-damage|p2a: Chapignon|89\/262|[from] sandstorm
|-heal|p1a: Pour some on me|355\/384|[from] item: Leftovers
|turn|20
|
|move|p1a: Pour some on me|Ice Shard|p2a: Chapignon
|-supereffective|p2a: Chapignon
|-damage|p2a: Chapignon|0 fnt
|faint|p2a: Chapignon
|
|-weather|Sandstorm|[upkeep]
|-heal|p1a: Pour some on me|379\/384|[from] item: Leftovers
|
|switch|p2a: Dracaufeu|Charizard, M|333\/333
|-damage|p2a: Dracaufeu|167\/333|[from] Stealth Rock
|turn|21
|
|move|p2a: Dracaufeu|Dragon Dance|p2a: Dracaufeu
|-boost|p2a: Dracaufeu|atk|1
|-boost|p2a: Dracaufeu|spe|1
|move|p1a: Pour some on me|Knock Off|p2a: Dracaufeu
|-damage|p2a: Dracaufeu|69\/333
|
|-weather|Sandstorm|[upkeep]
|-damage|p2a: Dracaufeu|49\/333|[from] sandstorm
|-heal|p1a: Pour some on me|384\/384|[from] item: Leftovers
|turn|22
|
|move|p1a: Pour some on me|Ice Shard|p2a: Dracaufeu
|-damage|p2a: Dracaufeu|0 fnt
|faint|p2a: Dracaufeu
|
|-weather|Sandstorm|[upkeep]
|-message|Kaz-Ichinose forfeited.
|
|win|Lef Deppard
|raw|Ladder updating...
|leave|Kaz-Ichinose
|player|p2
|raw|Lef Deppard's rating: 1588 &rarr; <strong>1606<\/strong><br \/>(+18 for winning)
|raw|Kaz-Ichinose's rating: 1559 &rarr; <strong>1541<\/strong><br \/>(-18 for losing)