|join|Lef Deppard
|join|Storm Zone
|player|p1|Lef Deppard|240
|player|p2|Storm Zone|151
|gametype|singles
|gen|6
|tier|OU
|rated
|clearpoke
|poke|p1|Donphan, M
|poke|p1|Zapdos
|poke|p1|Pinsir, M
|poke|p1|Keldeo-Resolute
|poke|p1|Metagross
|poke|p1|Celebi
|poke|p2|Gengar, M
|poke|p2|Meloetta
|poke|p2|Conkeldurr, M
|poke|p2|Gyarados, M
|poke|p2|Ferrothorn, M
|poke|p2|Landorus, M
|rule|Swagger Clause: Swagger is banned
|rule|Baton Pass Clause: Limit one PokÃ©mon knowing Baton Pass
|rule|Sleep Clause Mod: Limit one foe put to sleep
|rule|Species Clause: Limit one of each PokÃ©mon
|rule|OHKO Clause: OHKO moves are banned
|rule|Moody Clause: Moody is banned
|rule|Evasion Moves Clause: Evasion moves are banned
|rule|Endless Battle Clause: Forcing endless battles is banned
|rule|HP Percentage Mod: HP is shown in percentages
|teampreview
|
|start
|switch|p1a: Armageddon it|Pinsir, M|271\/271
|switch|p2a: Enten|Landorus, M|319\/319
|turn|1
|
|detailschange|p1a: Armageddon it|Pinsir-Mega, M
|message|Pinsir has Mega Evolved into Mega Pinsir!
|move|p2a: Enten|Psychic|p1a: Armageddon it
|-damage|p1a: Armageddon it|85\/271
|move|p1a: Armageddon it|Swords Dance|p1a: Armageddon it
|-boost|p1a: Armageddon it|atk|2
|
|turn|2
|
|move|p1a: Armageddon it|Close Combat|p2a: Enten
|-resisted|p2a: Enten
|-damage|p2a: Enten|132\/319
|-unboost|p1a: Armageddon it|def|1
|-unboost|p1a: Armageddon it|spd|1
|move|p2a: Enten|Psychic|p1a: Armageddon it
|-damage|p1a: Armageddon it|0 fnt
|faint|p1a: Armageddon it
|
|
|switch|p1a: Pour some on me|Donphan, M|384\/384
|turn|3
|
|switch|p2a: Tytannial|Ferrothorn, M|352\/352
|move|p1a: Pour some on me|Knock Off|p2a: Tytannial
|-damage|p2a: Tytannial|275\/352
|-damage|p1a: Pour some on me|336\/384|[from] ability: Iron Barbs|[of] p2a: Tytannial
|-damage|p1a: Pour some on me|272\/384|[from] item: Rocky Helmet|[of] p2a: Tytannial
|-enditem|p2a: Tytannial|Rocky Helmet|[from] move: Knock Off|[of] p1a: Pour some on me
|
|-heal|p1a: Pour some on me|296\/384|[from] item: Leftovers
|turn|4
|join|audino spumoni
|
|move|p1a: Pour some on me|Earthquake|p2a: Tytannial
|-damage|p2a: Tytannial|161\/352
|move|p2a: Tytannial|Stealth Rock|p1a: Pour some on me
|-sidestart|p1: Lef Deppard|move: Stealth Rock
|
|-heal|p1a: Pour some on me|320\/384|[from] item: Leftovers
|turn|5
|
|move|p1a: Pour some on me|Earthquake|p2a: Tytannial
|-damage|p2a: Tytannial|47\/352
|move|p2a: Tytannial|Leech Seed|p1a: Pour some on me
|-start|p1a: Pour some on me|move: Leech Seed
|
|-heal|p1a: Pour some on me|344\/384|[from] item: Leftovers
|-damage|p1a: Pour some on me|296\/384|[from] Leech Seed|[of] p2a: Tytannial
|-heal|p2a: Tytannial|95\/352|[silent]
|turn|6
|
|switch|p2a: Phantom|Gengar, M|262\/262
|move|p1a: Pour some on me|Knock Off|p2a: Phantom
|-supereffective|p2a: Phantom
|-damage|p2a: Phantom|0 fnt
|-enditem|p2a: Phantom|Black Sludge|[from] move: Knock Off|[of] p1a: Pour some on me
|faint|p2a: Phantom
|
|-heal|p1a: Pour some on me|320\/384|[from] item: Leftovers
|join|PKM1
|
|switch|p2a: Predator|Gyarados, M|331\/331
|-ability|p2a: Predator|Intimidate|[of] p1a: Pour some on me
|-unboost|p1a: Pour some on me|atk|1
|turn|7
|
|detailschange|p2a: Predator|Gyarados-Mega, M
|message|Gyarados has Mega Evolved into Mega Gyarados!
|-ability|p2a: Predator|Mold Breaker
|move|p2a: Predator|Dragon Dance|p2a: Predator
|-boost|p2a: Predator|atk|1
|-boost|p2a: Predator|spe|1
|move|p1a: Pour some on me|Rapid Spin|p2a: Predator
|-damage|p2a: Predator|315\/331
|-end|p1a: Pour some on me|Leech Seed|[from] move: Rapid Spin|[of] p1a: Pour some on me
|-sideend|p1: Lef Deppard|Stealth Rock|[from] move: Rapid Spin|[of] p1a: Pour some on me
|
|-heal|p1a: Pour some on me|344\/384|[from] item: Leftovers
|turn|8
|
|switch|p1a: Love bites|Celebi|404\/404
|move|p2a: Predator|Substitute|p2a: Predator
|-start|p2a: Predator|Substitute
|-damage|p2a: Predator|233\/331
|
|turn|9
|
|move|p2a: Predator|Crunch|p1a: Love bites
|-supereffective|p1a: Love bites
|-damage|p1a: Love bites|0 fnt
|faint|p1a: Love bites
|
|
|switch|p1a: Animal|Keldeo-Resolute|322\/322
|turn|10
|
|move|p2a: Predator|Crunch|p1a: Animal
|-resisted|p1a: Animal
|-damage|p1a: Animal|205\/322
|-boost|p1a: Animal|atk|1|[from] ability: Justified
|move|p1a: Animal|Secret Sword|p2a: Predator
|-supereffective|p2a: Predator
|-end|p2a: Predator|Substitute
|
|turn|11
|c|âLef Deppard|No more EQ?
|
|switch|p2a: Tytannial|Ferrothorn, M|95\/352
|move|p1a: Animal|Secret Sword|p2a: Tytannial
|-supereffective|p2a: Tytannial
|-damage|p2a: Tytannial|0 fnt
|faint|p2a: Tytannial
|
|c|âStorm Zone|nah crunch is viable now
|c|âStorm Zone|:]
|
|switch|p2a: Zelda|Meloetta|404\/404
|turn|12
|
|switch|p1a: Undefeated|Metagross|364\/364
|switch|p2a: Predator|Gyarados-Mega, M|233\/331
|-ability|p2a: Predator|Mold Breaker
|
|turn|13
|
|switch|p1a: Animal|Keldeo-Resolute|205\/322
|move|p2a: Predator|Crunch|p1a: Animal
|-resisted|p1a: Animal
|-damage|p1a: Animal|127\/322
|-boost|p1a: Animal|atk|1|[from] ability: Justified
|
|turn|14
|
|switch|p2a: Enten|Landorus, M|132\/319
|move|p1a: Animal|Secret Sword|p2a: Enten
|-resisted|p2a: Enten
|-damage|p2a: Enten|12\/319
|
|turn|15
|
|move|p1a: Animal|Secret Sword|p2a: Enten
|-resisted|p2a: Enten
|-damage|p2a: Enten|0 fnt
|faint|p2a: Enten
|
|
|switch|p2a: Zelda|Meloetta|404\/404
|turn|16
|
|switch|p1a: Undefeated|Metagross|364\/364
|move|p2a: Zelda|Dazzling Gleam|p1a: Undefeated
|-resisted|p1a: Undefeated
|-damage|p1a: Undefeated|320\/364
|
|-heal|p1a: Undefeated|342\/364|[from] item: Leftovers
|turn|17
|c|âLef Deppard|That's new too
|c|âLef Deppard|lol
|
|switch|p2a: Predator|Gyarados-Mega, M|233\/331
|-ability|p2a: Predator|Mold Breaker
|move|p1a: Undefeated|Earthquake|p2a: Predator
|-damage|p2a: Predator|113\/331
|
|-heal|p1a: Undefeated|364\/364|[from] item: Leftovers
|turn|18
|c|âStorm Zone|it hits mega sableye
|
|move|p2a: Predator|Crunch|p1a: Undefeated
|-supereffective|p1a: Undefeated
|-damage|p1a: Undefeated|136\/364
|move|p1a: Undefeated|Earthquake|p2a: Predator
|-crit|p2a: Predator
|-damage|p2a: Predator|0 fnt
|faint|p2a: Predator
|
|-heal|p1a: Undefeated|158\/364|[from] item: Leftovers
|
|switch|p2a: Heihachi|Conkeldurr, M|383\/383
|turn|19
|c|âLef Deppard|True
|
|switch|p1a: Photograph|Zapdos|384\/384
|-ability|p1a: Photograph|Pressure
|move|p2a: Heihachi|Knock Off|p1a: Photograph
|-damage|p1a: Photograph|251\/384
|-enditem|p1a: Photograph|Leftovers|[from] move: Knock Off|[of] p2a: Heihachi
|
|turn|20
|
|move|p1a: Photograph|Thunderbolt|p2a: Heihachi
|-damage|p2a: Heihachi|298\/383
|move|p2a: Heihachi|Ice Punch|p1a: Photograph
|-supereffective|p1a: Photograph
|-damage|p1a: Photograph|35\/384
|
|turn|21
|
|move|p2a: Heihachi|Mach Punch|p1a: Photograph
|-resisted|p1a: Photograph
|-damage|p1a: Photograph|0 fnt
|faint|p1a: Photograph
|
|
|switch|p1a: Animal|Keldeo-Resolute|127\/322
|turn|22
|
|move|p1a: Animal|Secret Sword|p2a: Heihachi
|-damage|p2a: Heihachi|75\/383
|move|p2a: Heihachi|Drain Punch|p1a: Animal
|-damage|p1a: Animal|0 fnt
|-heal|p2a: Heihachi|139\/383|[from] drain|[of] p1a: Animal
|faint|p1a: Animal
|
|
|switch|p1a: Pour some on me|Donphan, M|344\/384
|turn|23
|
|move|p1a: Pour some on me|Earthquake|p2a: Heihachi
|-damage|p2a: Heihachi|0 fnt
|faint|p2a: Heihachi
|
|-heal|p1a: Pour some on me|368\/384|[from] item: Leftovers
|
|switch|p2a: Zelda|Meloetta|404\/404
|turn|24
|c|âLef Deppard|Gg man
|c|âLef Deppard|always cool battling with u
|c|âLef Deppard|love ur team btw
|
|move|p2a: Zelda|Calm Mind|p2a: Zelda
|-boost|p2a: Zelda|spa|1
|-boost|p2a: Zelda|spd|1
|move|p1a: Pour some on me|Knock Off|p2a: Zelda
|-supereffective|p2a: Zelda
|-damage|p2a: Zelda|218\/404
|-enditem|p2a: Zelda|Leftovers|[from] move: Knock Off|[of] p1a: Pour some on me
|
|-heal|p1a: Pour some on me|384\/384|[from] item: Leftovers
|turn|25
|c|âStorm Zone|tx u want the paste?
|
|move|p2a: Zelda|Dazzling Gleam|p1a: Pour some on me
|-damage|p1a: Pour some on me|203\/384
|move|p1a: Pour some on me|Earthquake|p2a: Zelda
|-damage|p2a: Zelda|70\/404
|
|-heal|p1a: Pour some on me|227\/384|[from] item: Leftovers
|turn|26
|c| audino spumoni|i love both of your teams js
|c|âLef Deppard|Nah I'll stick with my team haha
|c|âLef Deppard|Ty bro
|
|move|p2a: Zelda|Dazzling Gleam|p1a: Pour some on me
|-damage|p1a: Pour some on me|65\/384
|move|p1a: Pour some on me|Earthquake|p2a: Zelda
|-damage|p2a: Zelda|0 fnt
|faint|p2a: Zelda
|
|win|Lef Deppard
|raw|Ladder updating...
|raw|Lef Deppard's rating: 1783 &rarr; <strong>1795<\/strong><br \/>(+12 for winning)
|raw|Storm Zone's rating: 1635 &rarr; <strong>1623<\/strong><br \/>(-12 for losing)
|c|âLef Deppard|Cya around man
|leave|audino spumoni
|c|âStorm Zone|u2
|leave|Storm Zone
|player|p2
|leave|PKM1