|join|Will-I-am2
|join|Lef Deppard
|player|p1|Will-I-am2|1
|player|p2|Lef Deppard|240
|gametype|singles
|gen|6
|tier|OU
|rated
|clearpoke
|poke|p1|Registeel
|poke|p1|Mamoswine, M
|poke|p1|Hydreigon, F
|poke|p1|Talonflame, M
|poke|p1|Slowbro, M
|poke|p1|Xatu, M
|poke|p2|Donphan, M
|poke|p2|Zapdos
|poke|p2|Pinsir, M
|poke|p2|Keldeo-Resolute
|poke|p2|Metagross
|poke|p2|Celebi
|rule|Swagger Clause: Swagger is banned
|rule|Baton Pass Clause: Limit one PokÃ©mon knowing Baton Pass
|rule|Sleep Clause Mod: Limit one foe put to sleep
|rule|Species Clause: Limit one of each PokÃ©mon
|rule|OHKO Clause: OHKO moves are banned
|rule|Moody Clause: Moody is banned
|rule|Evasion Moves Clause: Evasion moves are banned
|rule|Endless Battle Clause: Forcing endless battles is banned
|rule|HP Percentage Mod: HP is shown in percentages
|teampreview
|
|start
|switch|p1a: Hydreigon|Hydreigon, F|343\/343
|switch|p2a: Undefeated|Metagross|364\/364
|turn|1
|c|âWill-I-am2|gl hf
|
|switch|p2a: Photograph|Zapdos|384\/384
|-ability|p2a: Photograph|Pressure
|move|p1a: Hydreigon|Dark Pulse|p2a: Photograph
|-damage|p2a: Photograph|191\/384
|
|-heal|p2a: Photograph|215\/384|[from] item: Leftovers
|turn|2
|c|âLef Deppard|U2
|
|switch|p2a: Animal|Keldeo-Resolute|322\/322
|move|p1a: Hydreigon|Dark Pulse|p2a: Animal
|-resisted|p2a: Animal
|-damage|p2a: Animal|201\/322
|-boost|p2a: Animal|atk|1|[from] ability: Justified
|
|turn|3
|
|switch|p1a: Slowbro|Slowbro, M|394\/394
|move|p2a: Animal|Scald|p1a: Slowbro
|-resisted|p1a: Slowbro
|-damage|p1a: Slowbro|272\/394
|-status|p1a: Slowbro|brn
|
|-heal|p1a: Slowbro|296\/394 brn|[from] item: Leftovers
|-damage|p1a: Slowbro|247\/394 brn|[from] brn
|turn|4
|
|switch|p2a: Love bites|Celebi|404\/404
|move|p1a: Slowbro|Psychic|p2a: Love bites
|-resisted|p2a: Love bites
|-damage|p2a: Love bites|351\/404
|
|-heal|p2a: Love bites|376\/404|[from] item: Leftovers
|-heal|p1a: Slowbro|271\/394 brn|[from] item: Leftovers
|-damage|p1a: Slowbro|222\/394 brn|[from] brn
|turn|5
|
|switch|p1a: Registeel|Registeel|364\/364
|move|p2a: Love bites|Thunder Wave|p1a: Registeel
|-status|p1a: Registeel|par
|
|-heal|p2a: Love bites|401\/404|[from] item: Leftovers
|turn|6
|
|switch|p2a: Pour some on me|Donphan, M|384\/384
|move|p1a: Registeel|Stealth Rock|p2a: Pour some on me
|-sidestart|p2: Lef Deppard|move: Stealth Rock
|
|turn|7
|
|switch|p1a: Hydreigon|Hydreigon, F|343\/343
|move|p2a: Pour some on me|Rapid Spin|p1a: Hydreigon
|-crit|p1a: Hydreigon
|-damage|p1a: Hydreigon|302\/343
|-sideend|p2: Lef Deppard|Stealth Rock|[from] move: Rapid Spin|[of] p2a: Pour some on me
|
|turn|8
|
|move|p1a: Hydreigon|Flash Cannon|p2a: Pour some on me
|-damage|p2a: Pour some on me|153\/384
|move|p2a: Pour some on me|Knock Off|p1a: Hydreigon
|-resisted|p1a: Hydreigon
|-damage|p1a: Hydreigon|241\/343
|-enditem|p1a: Hydreigon|Choice Specs|[from] move: Knock Off|[of] p2a: Pour some on me
|
|-heal|p2a: Pour some on me|177\/384|[from] item: Leftovers
|turn|9
|
|switch|p2a: Love bites|Celebi|401\/404
|move|p1a: Hydreigon|Dark Pulse|p2a: Love bites
|-supereffective|p2a: Love bites
|-damage|p2a: Love bites|171\/404
|
|-heal|p2a: Love bites|196\/404|[from] item: Leftovers
|turn|10
|
|switch|p2a: Animal|Keldeo-Resolute|201\/322
|move|p1a: Hydreigon|Draco Meteor|p2a: Animal
|-damage|p2a: Animal|0 fnt
|-unboost|p1a: Hydreigon|spa|2
|faint|p2a: Animal
|
|
|switch|p2a: Photograph|Zapdos|215\/384
|-ability|p2a: Photograph|Pressure
|turn|11
|
|switch|p1a: Mamoswine|Mamoswine, M|424\/424
|move|p2a: Photograph|Roost|p2a: Photograph
|-heal|p2a: Photograph|384\/384
|
|turn|12
|
|switch|p2a: Undefeated|Metagross|364\/364
|move|p1a: Mamoswine|Knock Off|p2a: Undefeated
|-supereffective|p2a: Undefeated
|-damage|p2a: Undefeated|91\/364
|-enditem|p2a: Undefeated|Leftovers|[from] move: Knock Off|[of] p1a: Mamoswine
|-damage|p1a: Mamoswine|382\/424|[from] item: Life Orb
|
|turn|13
|
|switch|p1a: Registeel|Registeel|364\/364 par
|move|p2a: Undefeated|Bullet Punch|p1a: Registeel
|-resisted|p1a: Registeel
|-damage|p1a: Registeel|334\/364 par
|
|-heal|p1a: Registeel|356\/364 par|[from] item: Leftovers
|turn|14
|
|move|p2a: Undefeated|Stealth Rock|p1a: Registeel
|-sidestart|p1: Will-I-am2|move: Stealth Rock
|move|p1a: Registeel|Seismic Toss|p2a: Undefeated
|-damage|p2a: Undefeated|0 fnt
|faint|p2a: Undefeated
|
|-heal|p1a: Registeel|364\/364 par|[from] item: Leftovers
|
|switch|p2a: Pour some on me|Donphan, M|177\/384
|turn|15
|
|switch|p1a: Hydreigon|Hydreigon, F|241\/343
|-damage|p1a: Hydreigon|199\/343|[from] Stealth Rock
|move|p2a: Pour some on me|Knock Off|p1a: Hydreigon
|-resisted|p1a: Hydreigon
|-damage|p1a: Hydreigon|157\/343
|
|-heal|p2a: Pour some on me|201\/384|[from] item: Leftovers
|turn|16
|
|switch|p2a: Photograph|Zapdos|384\/384
|-ability|p2a: Photograph|Pressure
|move|p1a: Hydreigon|Dark Pulse|p2a: Photograph
|-damage|p2a: Photograph|260\/384
|
|-heal|p2a: Photograph|284\/384|[from] item: Leftovers
|turn|17
|
|switch|p1a: Mamoswine|Mamoswine, M|382\/424
|-damage|p1a: Mamoswine|329\/424|[from] Stealth Rock
|move|p2a: Photograph|Heat Wave|p1a: Mamoswine
|-supereffective|p1a: Mamoswine
|-damage|p1a: Mamoswine|179\/424
|
|-heal|p2a: Photograph|308\/384|[from] item: Leftovers
|turn|18
|
|switch|p2a: Pour some on me|Donphan, M|201\/384
|move|p1a: Mamoswine|Icicle Crash|p2a: Pour some on me
|-supereffective|p2a: Pour some on me
|-damage|p2a: Pour some on me|0 fnt
|-damage|p1a: Mamoswine|137\/424|[from] item: Life Orb
|faint|p2a: Pour some on me
|
|
|switch|p2a: Armageddon it|Pinsir, M|271\/271
|turn|19
|
|switch|p1a: Xatu|Xatu, M|334\/334
|-damage|p1a: Xatu|251\/334|[from] Stealth Rock
|detailschange|p2a: Armageddon it|Pinsir-Mega, M
|message|Pinsir has Mega Evolved into Mega Pinsir!
|move|p2a: Armageddon it|Return|p1a: Xatu
|-damage|p1a: Xatu|0 fnt
|faint|p1a: Xatu
|
|
|switch|p1a: Talonflame|Talonflame, M|349\/349
|-damage|p1a: Talonflame|175\/349|[from] Stealth Rock
|turn|20
|
|switch|p2a: Photograph|Zapdos|308\/384
|-ability|p2a: Photograph|Pressure
|move|p1a: Talonflame|Will-O-Wisp|p2a: Photograph
|-status|p2a: Photograph|brn
|
|-heal|p1a: Talonflame|196\/349|[from] item: Leftovers
|-heal|p2a: Photograph|332\/384 brn|[from] item: Leftovers
|-damage|p2a: Photograph|284\/384 brn|[from] brn
|turn|21
|
|move|p1a: Talonflame|Roost|p1a: Talonflame
|-heal|p1a: Talonflame|349\/349
|move|p2a: Photograph|Thunderbolt|p1a: Talonflame
|-damage|p1a: Talonflame|229\/349
|
|-heal|p1a: Talonflame|250\/349|[from] item: Leftovers
|-heal|p2a: Photograph|308\/384 brn|[from] item: Leftovers
|-damage|p2a: Photograph|260\/384 brn|[from] brn
|turn|22
|
|move|p1a: Talonflame|Roost|p1a: Talonflame
|-heal|p1a: Talonflame|349\/349
|move|p2a: Photograph|Heat Wave|p1a: Talonflame
|-resisted|p1a: Talonflame
|-damage|p1a: Talonflame|309\/349
|
|-heal|p1a: Talonflame|330\/349|[from] item: Leftovers
|-heal|p2a: Photograph|284\/384 brn|[from] item: Leftovers
|-damage|p2a: Photograph|236\/384 brn|[from] brn
|turn|23
|
|switch|p1a: Mamoswine|Mamoswine, M|137\/424
|-damage|p1a: Mamoswine|84\/424|[from] Stealth Rock
|move|p2a: Photograph|Heat Wave|p1a: Mamoswine
|-supereffective|p1a: Mamoswine
|-damage|p1a: Mamoswine|0 fnt
|faint|p1a: Mamoswine
|
|-heal|p2a: Photograph|260\/384 brn|[from] item: Leftovers
|-damage|p2a: Photograph|212\/384 brn|[from] brn
|
|switch|p1a: Hydreigon|Hydreigon, F|157\/343
|-damage|p1a: Hydreigon|115\/343|[from] Stealth Rock
|turn|24
|
|move|p1a: Hydreigon|Dark Pulse|p2a: Photograph
|-damage|p2a: Photograph|80\/384 brn
|move|p2a: Photograph|Roost|p2a: Photograph
|-heal|p2a: Photograph|272\/384 brn
|
|-heal|p2a: Photograph|296\/384 brn|[from] item: Leftovers
|-damage|p2a: Photograph|248\/384 brn|[from] brn
|turn|25
|
|move|p1a: Hydreigon|Dark Pulse|p2a: Photograph
|-damage|p2a: Photograph|131\/384 brn
|move|p2a: Photograph|Roost|p2a: Photograph
|-heal|p2a: Photograph|323\/384 brn
|
|-heal|p2a: Photograph|347\/384 brn|[from] item: Leftovers
|-damage|p2a: Photograph|299\/384 brn|[from] brn
|turn|26
|
|move|p1a: Hydreigon|Dark Pulse|p2a: Photograph
|-damage|p2a: Photograph|179\/384 brn
|cant|p2a: Photograph|flinch
|
|-heal|p2a: Photograph|203\/384 brn|[from] item: Leftovers
|-damage|p2a: Photograph|155\/384 brn|[from] brn
|turn|27
|
|switch|p2a: Love bites|Celebi|196\/404
|move|p1a: Hydreigon|Draco Meteor|p2a: Love bites
|-damage|p2a: Love bites|10\/404
|-unboost|p1a: Hydreigon|spa|2
|
|-heal|p2a: Love bites|35\/404|[from] item: Leftovers
|turn|28
|
|switch|p1a: Talonflame|Talonflame, M|330\/349
|-damage|p1a: Talonflame|156\/349|[from] Stealth Rock
|move|p2a: Love bites|Thunder Wave|p1a: Talonflame
|-status|p1a: Talonflame|par
|
|-heal|p2a: Love bites|60\/404|[from] item: Leftovers
|-heal|p1a: Talonflame|177\/349 par|[from] item: Leftovers
|turn|29
|
|move|p2a: Love bites|Heal Bell|p2a: Love bites
|-cureteam|p2a: Love bites|[from] move: HealBell
|move|p1a: Talonflame|Swords Dance|p1a: Talonflame
|-boost|p1a: Talonflame|atk|2
|
|-heal|p2a: Love bites|85\/404|[from] item: Leftovers
|-heal|p1a: Talonflame|198\/349 par|[from] item: Leftovers
|turn|30
|
|move|p2a: Love bites|Giga Drain|p1a: Talonflame
|-resisted|p1a: Talonflame
|-damage|p1a: Talonflame|177\/349 par
|-heal|p2a: Love bites|96\/404|[from] drain|[of] p1a: Talonflame
|move|p1a: Talonflame|Swords Dance|p1a: Talonflame
|-boost|p1a: Talonflame|atk|2
|
|-heal|p2a: Love bites|121\/404|[from] item: Leftovers
|-heal|p1a: Talonflame|198\/349 par|[from] item: Leftovers
|turn|31
|
|move|p1a: Talonflame|Brave Bird|p2a: Love bites
|-supereffective|p2a: Love bites
|-damage|p2a: Love bites|0 fnt
|-damage|p1a: Talonflame|158\/349 par|[from] recoil|[of] p2a: Love bites
|faint|p2a: Love bites
|
|-heal|p1a: Talonflame|179\/349 par|[from] item: Leftovers
|
|switch|p2a: Armageddon it|Pinsir-Mega, M|271\/271
|turn|32
|
|move|p2a: Armageddon it|Quick Attack|p1a: Talonflame
|-damage|p1a: Talonflame|40\/349 par
|move|p1a: Talonflame|Brave Bird|p2a: Armageddon it
|-supereffective|p2a: Armageddon it
|-damage|p2a: Armageddon it|0 fnt
|-damage|p1a: Talonflame|0 fnt|[from] recoil|[of] p2a: Armageddon it
|faint|p2a: Armageddon it
|faint|p1a: Talonflame
|
|
|switch|p1a: Hydreigon|Hydreigon, F|115\/343
|switch|p2a: Photograph|Zapdos|155\/384
|-damage|p1a: Hydreigon|73\/343|[from] Stealth Rock
|-ability|p2a: Photograph|Pressure
|turn|33
|
|move|p1a: Hydreigon|Draco Meteor|p2a: Photograph
|-damage|p2a: Photograph|0 fnt
|-unboost|p1a: Hydreigon|spa|2
|faint|p2a: Photograph
|
|win|Will-I-am2
|raw|Ladder updating...
|c|âWill-I-am2|gg
|raw|Will-I-am2's rating: 1556 &rarr; <strong>1576<\/strong><br \/>(+20 for winning)
|raw|Lef Deppard's rating: 1557 &rarr; <strong>1537<\/strong><br \/>(-20 for losing)
|leave|Lef Deppard
|player|p2