|join|LT6A M Dragon
|join|Lef Deppard
|player|p1|LT6A M Dragon|1
|player|p2|Lef Deppard|240
|gametype|singles
|gen|6
|tier|OU
|rated
|clearpoke
|poke|p1|Gliscor, F
|poke|p1|Tyranitar, F
|poke|p1|Azumarill, M
|poke|p1|Charizard, F
|poke|p1|Ferrothorn, M
|poke|p1|Latios, M
|poke|p2|Donphan, M
|poke|p2|Zapdos
|poke|p2|Pinsir, M
|poke|p2|Keldeo-Resolute
|poke|p2|Metagross
|poke|p2|Celebi
|rule|Swagger Clause: Swagger is banned
|rule|Baton Pass Clause: Limit one PokÃ©mon knowing Baton Pass
|rule|Sleep Clause Mod: Limit one foe put to sleep
|rule|Species Clause: Limit one of each PokÃ©mon
|rule|OHKO Clause: OHKO moves are banned
|rule|Moody Clause: Moody is banned
|rule|Evasion Moves Clause: Evasion moves are banned
|rule|Endless Battle Clause: Forcing endless battles is banned
|rule|HP Percentage Mod: HP is shown in percentages
|teampreview
|
|start
|switch|p1a: Charizard|Charizard, F|297\/297
|switch|p2a: Keldeo-Resolute|Keldeo-Resolute|322\/322
|turn|1
|
|detailschange|p1a: Charizard|Charizard-Mega-Y, F
|message|Charizard has Mega Evolved into Mega Charizard!
|-weather|SunnyDay
|move|p2a: Keldeo-Resolute|Hydro Pump|p1a: Charizard|[miss]
|-miss|p2a: Keldeo-Resolute|p1a: Charizard
|move|p1a: Charizard|Solar Beam|p2a: Keldeo-Resolute|[still]
|-prepare|p1a: Charizard|Solar Beam|p2a: Keldeo-Resolute
|-anim|p1a: Charizard|Solar Beam|p2a: Keldeo-Resolute
|-supereffective|p2a: Keldeo-Resolute
|-damage|p2a: Keldeo-Resolute|0 fnt
|faint|p2a: Keldeo-Resolute
|
|-weather|SunnyDay|[upkeep]
|
|switch|p2a: Pivin on a Lrayer|Donphan, M|384\/384
|turn|2
|
|move|p1a: Charizard|Flamethrower|p2a: Pivin on a Lrayer
|-activate|p2a: Pivin on a Lrayer|Sturdy
|-damage|p2a: Pivin on a Lrayer|1\/384
|move|p2a: Pivin on a Lrayer|Stone Edge|p1a: Charizard
|-supereffective|p1a: Charizard
|-damage|p1a: Charizard|0 fnt
|faint|p1a: Charizard
|
|-weather|SunnyDay|[upkeep]
|-heal|p2a: Pivin on a Lrayer|25\/384|[from] item: Leftovers
|
|switch|p1a: Tyranitar|Tyranitar, F|342\/342
|-weather|Sandstorm
|turn|3
|
|move|p1a: Tyranitar|Pursuit|p2a: Pivin on a Lrayer
|-damage|p2a: Pivin on a Lrayer|0 fnt
|faint|p2a: Pivin on a Lrayer
|
|-weather|Sandstorm|[upkeep]
|
|switch|p2a: Metagross|Metagross|364\/364
|turn|4
|
|switch|p1a: Ferrothorn|Ferrothorn, M|352\/352
|move|p2a: Metagross|Stealth Rock|p1a: Ferrothorn
|-sidestart|p1: LT6A M Dragon|move: Stealth Rock
|
|-weather|Sandstorm|[upkeep]
|turn|5
|
|switch|p2a: Zapdos|Zapdos|384\/384
|-ability|p2a: Zapdos|Pressure
|move|p1a: Ferrothorn|Stealth Rock|p2a: Zapdos
|-sidestart|p2: Lef Deppard|move: Stealth Rock
|
|-weather|Sandstorm|[upkeep]
|-damage|p2a: Zapdos|360\/384|[from] sandstorm
|-heal|p2a: Zapdos|384\/384|[from] item: Leftovers
|turn|6
|
|move|p2a: Zapdos|Heat Wave|p1a: Ferrothorn
|-supereffective|p1a: Ferrothorn
|-damage|p1a: Ferrothorn|56\/352
|move|p1a: Ferrothorn|Leech Seed|p2a: Zapdos
|-start|p2a: Zapdos|move: Leech Seed
|
|-weather|Sandstorm|[upkeep]
|-damage|p2a: Zapdos|360\/384|[from] sandstorm
|-heal|p2a: Zapdos|384\/384|[from] item: Leftovers
|-heal|p1a: Ferrothorn|78\/352|[from] item: Leftovers
|-damage|p2a: Zapdos|336\/384|[from] Leech Seed|[of] p1a: Ferrothorn
|-heal|p1a: Ferrothorn|126\/352|[silent]
|turn|7
|
|switch|p2a: Metagross|Metagross|364\/364
|-damage|p2a: Metagross|342\/364|[from] Stealth Rock
|move|p1a: Ferrothorn|Protect|p1a: Ferrothorn
|-fail|p1a: Ferrothorn
|
|-weather|none
|-heal|p2a: Metagross|364\/364|[from] item: Leftovers
|-heal|p1a: Ferrothorn|148\/352|[from] item: Leftovers
|turn|8
|
|switch|p2a: Zapdos|Zapdos|336\/384
|-damage|p2a: Zapdos|240\/384|[from] Stealth Rock
|-ability|p2a: Zapdos|Pressure
|move|p1a: Ferrothorn|Leech Seed|p2a: Zapdos
|-start|p2a: Zapdos|move: Leech Seed
|
|-heal|p2a: Zapdos|264\/384|[from] item: Leftovers
|-heal|p1a: Ferrothorn|170\/352|[from] item: Leftovers
|-damage|p2a: Zapdos|216\/384|[from] Leech Seed|[of] p1a: Ferrothorn
|-heal|p1a: Ferrothorn|218\/352|[silent]
|turn|9
|
|switch|p1a: Tyranitar|Tyranitar, F|342\/342
|-damage|p1a: Tyranitar|300\/342|[from] Stealth Rock
|-weather|Sandstorm
|move|p2a: Zapdos|Roost|p2a: Zapdos
|-heal|p2a: Zapdos|384\/384
|
|-weather|Sandstorm|[upkeep]
|-damage|p2a: Zapdos|360\/384|[from] sandstorm
|-heal|p2a: Zapdos|384\/384|[from] item: Leftovers
|-damage|p2a: Zapdos|336\/384|[from] Leech Seed|[of] p1a: Tyranitar
|-heal|p1a: Tyranitar|342\/342|[silent]
|turn|10
|
|switch|p2a: Metagross|Metagross|364\/364
|-damage|p2a: Metagross|342\/364|[from] Stealth Rock
|move|p1a: Tyranitar|Crunch|p2a: Metagross
|-supereffective|p2a: Metagross
|-damage|p2a: Metagross|102\/364
|
|-weather|Sandstorm|[upkeep]
|-heal|p2a: Metagross|124\/364|[from] item: Leftovers
|turn|11
|
|move|p1a: Tyranitar|Crunch|p2a: Metagross
|-supereffective|p2a: Metagross
|-damage|p2a: Metagross|0 fnt
|faint|p2a: Metagross
|
|-weather|Sandstorm|[upkeep]
|
|switch|p2a: Zapdos|Zapdos|336\/384
|-damage|p2a: Zapdos|240\/384|[from] Stealth Rock
|-ability|p2a: Zapdos|Pressure
|turn|12
|
|move|p1a: Tyranitar|Crunch|p2a: Zapdos
|-crit|p2a: Zapdos
|-damage|p2a: Zapdos|0 fnt
|faint|p2a: Zapdos
|
|-weather|Sandstorm|[upkeep]
|c|âLef Deppard|Come in
|c|âLef Deppard|on
|c|âLef Deppard|fuck u
|-message|Lef Deppard forfeited.
|
|win|LT6A M Dragon
|raw|Ladder updating...
|leave|Lef Deppard
|player|p2
|raw|LT6A M Dragon's rating: 1850 &rarr; <strong>1874<\/strong><br \/>(+24 for winning)
|raw|Lef Deppard's rating: 1920 &rarr; <strong>1896<\/strong><br \/>(-24 for losing)
|leave|LT6A M Dragon
|player|p1