|join|Lef Deppard
|join|Mistakess
|player|p1|Lef Deppard|240
|player|p2|Mistakess|249
|gametype|singles
|gen|6
|tier|OU
|rated
|clearpoke
|poke|p1|Donphan, M
|poke|p1|Zapdos
|poke|p1|Pinsir, M
|poke|p1|Keldeo-Resolute
|poke|p1|Metagross
|poke|p1|Celebi
|poke|p2|Greninja, M, shiny
|poke|p2|Gallade, M
|poke|p2|Infernape, M
|poke|p2|Dragonite, M
|poke|p2|Azumarill, F, shiny
|poke|p2|Scizor, F
|rule|Swagger Clause: Swagger is banned
|rule|Baton Pass Clause: Limit one PokÃ©mon knowing Baton Pass
|rule|Sleep Clause Mod: Limit one foe put to sleep
|rule|Species Clause: Limit one of each PokÃ©mon
|rule|OHKO Clause: OHKO moves are banned
|rule|Moody Clause: Moody is banned
|rule|Evasion Moves Clause: Evasion moves are banned
|rule|Endless Battle Clause: Forcing endless battles is banned
|rule|HP Percentage Mod: HP is shown in percentages
|teampreview
|
|start
|switch|p1a: Pour some on me|Donphan, M|384\/384
|switch|p2a: Dragonite|Dragonite, M|323\/323
|turn|1
|
|move|p2a: Dragonite|Draco Meteor|p1a: Pour some on me
|-activate|p1a: Pour some on me|Sturdy
|-damage|p1a: Pour some on me|1\/384
|-unboost|p2a: Dragonite|spa|2
|-damage|p2a: Dragonite|291\/323|[from] item: Life Orb
|move|p1a: Pour some on me|Knock Off|p2a: Dragonite
|-damage|p2a: Dragonite|149\/323
|-enditem|p2a: Dragonite|Life Orb|[from] move: Knock Off|[of] p1a: Pour some on me
|
|-heal|p1a: Pour some on me|25\/384|[from] item: Leftovers
|turn|2
|
|move|p2a: Dragonite|Extreme Speed|p1a: Pour some on me
|-damage|p1a: Pour some on me|0 fnt
|faint|p1a: Pour some on me
|
|
|switch|p1a: Armageddon it|Pinsir, M|271\/271
|turn|3
|
|detailschange|p1a: Armageddon it|Pinsir-Mega, M
|message|Pinsir has Mega Evolved into Mega Pinsir!
|move|p2a: Dragonite|Extreme Speed|p1a: Armageddon it
|-damage|p1a: Armageddon it|191\/271
|move|p1a: Armageddon it|Return|p2a: Dragonite
|-damage|p2a: Dragonite|0 fnt
|faint|p2a: Dragonite
|
|
|switch|p2a: Infernape|Infernape, M|293\/293
|turn|4
|
|move|p1a: Armageddon it|Quick Attack|p2a: Infernape
|-supereffective|p2a: Infernape
|-damage|p2a: Infernape|27\/293
|move|p2a: Infernape|Fire Blast|p1a: Armageddon it
|-supereffective|p1a: Armageddon it
|-damage|p1a: Armageddon it|0 fnt
|faint|p1a: Armageddon it
|
|
|switch|p1a: Undefeated|Metagross|364\/364
|turn|5
|
|switch|p2a: Scizor|Scizor, F|344\/344
|move|p1a: Undefeated|Bullet Punch|p2a: Scizor
|-resisted|p2a: Scizor
|-damage|p2a: Scizor|307\/344
|
|turn|6
|
|move|p1a: Undefeated|Stealth Rock|p2a: Scizor
|-sidestart|p2: Mistakess|move: Stealth Rock
|move|p2a: Scizor|Knock Off|p1a: Undefeated
|-supereffective|p1a: Undefeated
|-damage|p1a: Undefeated|60\/364
|-enditem|p1a: Undefeated|Leftovers|[from] move: Knock Off|[of] p2a: Scizor
|
|turn|7
|
|move|p1a: Undefeated|Earthquake|p2a: Scizor
|-damage|p2a: Scizor|173\/344
|move|p2a: Scizor|Knock Off|p1a: Undefeated
|-supereffective|p1a: Undefeated
|-damage|p1a: Undefeated|0 fnt
|faint|p1a: Undefeated
|
|
|switch|p1a: Photograph|Zapdos|384\/384
|-ability|p1a: Photograph|Pressure
|turn|8
|
|switch|p2a: Infernape|Infernape, M|27\/293
|-damage|p2a: Infernape|0 fnt|[from] Stealth Rock
|faint|p2a: Infernape
|move|p1a: Photograph|Heat Wave|p2: Infernape|[notarget]
|-notarget
|
|
|switch|p2a: Gallade|Gallade, M|277\/277
|-damage|p2a: Gallade|260\/277|[from] Stealth Rock
|turn|9
|
|detailschange|p2a: Gallade|Gallade-Mega, M
|message|Gallade has Mega Evolved into Mega Gallade!
|move|p2a: Gallade|Swords Dance|p2a: Gallade
|-boost|p2a: Gallade|atk|2
|move|p1a: Photograph|Thunderbolt|p2a: Gallade
|-damage|p2a: Gallade|133\/277
|
|turn|10
|
|move|p2a: Gallade|Zen Headbutt|p1a: Photograph|[miss]
|-miss|p2a: Gallade|p1a: Photograph
|move|p1a: Photograph|Thunderbolt|p2a: Gallade
|-damage|p2a: Gallade|12\/277
|
|turn|11
|c|âMistakess|ouch
|
|switch|p1a: Animal|Keldeo-Resolute|322\/322
|move|p2a: Gallade|Zen Headbutt|p1a: Animal
|-supereffective|p1a: Animal
|-damage|p1a: Animal|0 fnt
|faint|p1a: Animal
|
|c|âMistakess|?
|c|âMistakess|why
|
|switch|p1a: Love bites|Celebi|404\/404
|turn|12
|
|move|p2a: Gallade|Shadow Sneak|p1a: Love bites
|-supereffective|p1a: Love bites
|-damage|p1a: Love bites|180\/404
|move|p1a: Love bites|Giga Drain|p2a: Gallade
|-damage|p2a: Gallade|0 fnt
|-heal|p1a: Love bites|186\/404|[from] drain|[of] p2a: Gallade
|faint|p2a: Gallade
|
|-heal|p1a: Love bites|211\/404|[from] item: Leftovers
|
|switch|p2a: Scizor|Scizor, F|173\/344
|-damage|p2a: Scizor|130\/344|[from] Stealth Rock
|turn|13
|
|switch|p1a: Photograph|Zapdos|384\/384
|-ability|p1a: Photograph|Pressure
|move|p2a: Scizor|Bullet Punch|p1a: Photograph
|-resisted|p1a: Photograph
|-damage|p1a: Photograph|289\/384
|
|-heal|p1a: Photograph|313\/384|[from] item: Leftovers
|turn|14
|
|move|p2a: Scizor|Bullet Punch|p1a: Photograph
|-crit|p1a: Photograph
|-resisted|p1a: Photograph
|-damage|p1a: Photograph|154\/384
|move|p1a: Photograph|Roost|p1a: Photograph
|-heal|p1a: Photograph|346\/384
|
|-heal|p1a: Photograph|370\/384|[from] item: Leftovers
|turn|15
|
|move|p2a: Scizor|Bullet Punch|p1a: Photograph
|-resisted|p1a: Photograph
|-damage|p1a: Photograph|262\/384
|move|p1a: Photograph|Roost|p1a: Photograph
|-heal|p1a: Photograph|384\/384
|
|turn|16
|
|move|p2a: Scizor|Bullet Punch|p1a: Photograph
|-resisted|p1a: Photograph
|-damage|p1a: Photograph|287\/384
|move|p1a: Photograph|Thunderbolt|p2a: Scizor
|-damage|p2a: Scizor|0 fnt
|faint|p2a: Scizor
|
|-heal|p1a: Photograph|311\/384|[from] item: Leftovers
|
|switch|p2a: Greninja|Greninja, M, shiny|285\/285
|-damage|p2a: Greninja|250\/285|[from] Stealth Rock
|turn|17
|
|move|p2a: Greninja|Ice Beam|p1a: Photograph
|-start|p2a: Greninja|typechange|Ice|[from] Protean
|-supereffective|p1a: Photograph
|-damage|p1a: Photograph|0 fnt
|-damage|p2a: Greninja|222\/285|[from] item: Life Orb
|faint|p1a: Photograph
|
|c|âMistakess|gg?
|
|switch|p1a: Love bites|Celebi|211\/404
|turn|18
|c|âLef Deppard|Max damage
|c|âLef Deppard|great
|c|âLef Deppard|gg
|
|move|p2a: Greninja|Ice Beam|p1a: Love bites
|-supereffective|p1a: Love bites
|-damage|p1a: Love bites|0 fnt
|-damage|p2a: Greninja|194\/285|[from] item: Life Orb
|faint|p1a: Love bites
|
|win|Mistakess
|raw|Ladder updating...