|join|Lef Deppard
|join|Mantle51
|player|p1|Lef Deppard|240
|player|p2|Mantle51|23
|gametype|singles
|gen|6
|tier|OU
|rated
|clearpoke
|poke|p1|Donphan, M
|poke|p1|Zapdos
|poke|p1|Pinsir, M
|poke|p1|Keldeo-Resolute
|poke|p1|Metagross
|poke|p1|Celebi
|poke|p2|Sharpedo, M
|poke|p2|Talonflame, M
|poke|p2|Gengar, F
|poke|p2|Weavile, F
|poke|p2|Thundurus, M
|poke|p2|Aerodactyl, F
|rule|Swagger Clause: Swagger is banned
|rule|Baton Pass Clause: Limit one PokÃ©mon knowing Baton Pass
|rule|Sleep Clause Mod: Limit one foe put to sleep
|rule|Species Clause: Limit one of each PokÃ©mon
|rule|OHKO Clause: OHKO moves are banned
|rule|Moody Clause: Moody is banned
|rule|Evasion Moves Clause: Evasion moves are banned
|rule|Endless Battle Clause: Forcing endless battles is banned
|rule|HP Percentage Mod: HP is shown in percentages
|teampreview
|
|start
|switch|p1a: Pour some on me|Donphan, M|384\/384
|switch|p2a: Aerodactyl|Aerodactyl, F|302\/302
|turn|1
|
|move|p2a: Aerodactyl|Taunt|p1a: Pour some on me
|-start|p1a: Pour some on me|move: Taunt
|move|p1a: Pour some on me|Knock Off|p2a: Aerodactyl
|-damage|p2a: Aerodactyl|130\/302
|-enditem|p2a: Aerodactyl|Focus Sash|[from] move: Knock Off|[of] p1a: Pour some on me
|
|turn|2
|
|move|p1a: Pour some on me|Ice Shard|p2a: Aerodactyl
|-supereffective|p2a: Aerodactyl
|-damage|p2a: Aerodactyl|0 fnt
|faint|p2a: Aerodactyl
|
|
|switch|p2a: Sharpedo|Sharpedo, M|281\/281
|turn|3
|
|move|p2a: Sharpedo|Ice Fang|p1a: Pour some on me
|-supereffective|p1a: Pour some on me
|-damage|p1a: Pour some on me|252\/384
|move|p1a: Pour some on me|Earthquake|p2a: Sharpedo
|-damage|p2a: Sharpedo|0 fnt
|faint|p2a: Sharpedo
|
|-heal|p1a: Pour some on me|276\/384|[from] item: Leftovers
|-end|p1a: Pour some on me|move: Taunt
|
|switch|p2a: Weavile|Weavile, F|282\/282
|-ability|p2a: Weavile|Pressure
|turn|4
|
|switch|p1a: Animal|Keldeo-Resolute|322\/322
|move|p2a: Weavile|Ice Punch|p1a: Animal
|-resisted|p1a: Animal
|-damage|p1a: Animal|230\/322
|-damage|p2a: Weavile|254\/282|[from] item: Life Orb
|
|turn|5
|
|move|p2a: Weavile|Knock Off|p1a: Animal
|-resisted|p1a: Animal
|-damage|p1a: Animal|113\/322
|-boost|p1a: Animal|atk|1|[from] ability: Justified
|-enditem|p1a: Animal|Choice Specs|[from] move: Knock Off|[of] p2a: Weavile
|-damage|p2a: Weavile|226\/282|[from] item: Life Orb
|move|p1a: Animal|Scald|p2a: Weavile
|-damage|p2a: Weavile|72\/282
|
|turn|6
|
|move|p2a: Weavile|Ice Punch|p1a: Animal
|-resisted|p1a: Animal
|-damage|p1a: Animal|19\/322
|-status|p1a: Animal|frz
|-damage|p2a: Weavile|44\/282|[from] item: Life Orb
|-curestatus|p1a: Animal|frz
|move|p1a: Animal|Scald|p2a: Weavile
|-damage|p2a: Weavile|0 fnt
|faint|p2a: Weavile
|
|
|switch|p2a: Talonflame|Talonflame, M|319\/319
|turn|7
|
|move|p2a: Talonflame|Brave Bird|p1a: Animal
|-supereffective|p1a: Animal
|-damage|p1a: Animal|0 fnt
|-damage|p2a: Talonflame|313\/319|[from] recoil|[of] p1a: Animal
|faint|p1a: Animal
|
|
|switch|p1a: Pour some on me|Donphan, M|276\/384
|turn|8
|
|switch|p2a: Gengar|Gengar, F|262\/262
|move|p1a: Pour some on me|Knock Off|p2a: Gengar
|-supereffective|p2a: Gengar
|-damage|p2a: Gengar|0 fnt
|-enditem|p2a: Gengar|Life Orb|[from] move: Knock Off|[of] p1a: Pour some on me
|faint|p2a: Gengar
|
|-heal|p1a: Pour some on me|300\/384|[from] item: Leftovers
|
|switch|p2a: Thundurus|Thundurus, M|300\/300
|turn|9
|
|switch|p1a: Undefeated|Metagross|364\/364
|move|p2a: Thundurus|Hidden Power|p1a: Undefeated
|-resisted|p1a: Undefeated
|-damage|p1a: Undefeated|326\/364
|
|-heal|p1a: Undefeated|348\/364|[from] item: Leftovers
|turn|10
|
|move|p2a: Thundurus|Focus Blast|p1a: Undefeated
|-damage|p1a: Undefeated|189\/364
|move|p1a: Undefeated|Stealth Rock|p2a: Thundurus
|-sidestart|p2: Mantle51|move: Stealth Rock
|
|-heal|p1a: Undefeated|211\/364|[from] item: Leftovers
|turn|11
|
|move|p2a: Thundurus|Focus Blast|p1a: Undefeated
|-damage|p1a: Undefeated|70\/364
|move|p1a: Undefeated|Meteor Mash|p2a: Thundurus|[miss]
|-miss|p1a: Undefeated|p2a: Thundurus
|
|-heal|p1a: Undefeated|92\/364|[from] item: Leftovers
|turn|12
|
|move|p2a: Thundurus|Focus Blast|p1a: Undefeated
|-damage|p1a: Undefeated|0 fnt
|faint|p1a: Undefeated
|
|
|switch|p1a: Pour some on me|Donphan, M|300\/384
|turn|13
|
|move|p2a: Thundurus|Hidden Power|p1a: Pour some on me
|-supereffective|p1a: Pour some on me
|-damage|p1a: Pour some on me|76\/384
|move|p1a: Pour some on me|Knock Off|p2a: Thundurus
|-damage|p2a: Thundurus|130\/300
|-enditem|p2a: Thundurus|Leftovers|[from] move: Knock Off|[of] p1a: Pour some on me
|
|-heal|p1a: Pour some on me|100\/384|[from] item: Leftovers
|turn|14
|
|move|p1a: Pour some on me|Ice Shard|p2a: Thundurus
|-supereffective|p2a: Thundurus
|-damage|p2a: Thundurus|0 fnt
|faint|p2a: Thundurus
|
|-heal|p1a: Pour some on me|124\/384|[from] item: Leftovers
|
|switch|p2a: Talonflame|Talonflame, M|313\/319
|-damage|p2a: Talonflame|154\/319|[from] Stealth Rock
|turn|15
|
|move|p2a: Talonflame|Roost|p2a: Talonflame
|-heal|p2a: Talonflame|314\/319
|move|p1a: Pour some on me|Knock Off|p2a: Talonflame
|-damage|p2a: Talonflame|159\/319
|-enditem|p2a: Talonflame|Muscle Band|[from] move: Knock Off|[of] p1a: Pour some on me
|
|-heal|p1a: Pour some on me|148\/384|[from] item: Leftovers
|turn|16
|
|move|p2a: Talonflame|Swords Dance|p2a: Talonflame
|-boost|p2a: Talonflame|atk|2
|move|p1a: Pour some on me|Earthquake|p2a: Talonflame
|-immune|p2a: Talonflame|[msg]
|
|-heal|p1a: Pour some on me|172\/384|[from] item: Leftovers
|turn|17
|
|move|p2a: Talonflame|Swords Dance|p2a: Talonflame
|-boost|p2a: Talonflame|atk|2
|move|p1a: Pour some on me|Knock Off|p2a: Talonflame
|-damage|p2a: Talonflame|55\/319
|
|-heal|p1a: Pour some on me|196\/384|[from] item: Leftovers
|turn|18
|
|move|p2a: Talonflame|Swords Dance|p2a: Talonflame
|-boost|p2a: Talonflame|atk|2
|move|p1a: Pour some on me|Earthquake|p2a: Talonflame
|-immune|p2a: Talonflame|[msg]
|
|-heal|p1a: Pour some on me|220\/384|[from] item: Leftovers
|turn|19
|
|move|p2a: Talonflame|Roost|p2a: Talonflame
|-heal|p2a: Talonflame|215\/319
|move|p1a: Pour some on me|Earthquake|p2a: Talonflame
|-supereffective|p2a: Talonflame
|-damage|p2a: Talonflame|0 fnt
|faint|p2a: Talonflame
|
|win|Lef Deppard
|raw|Ladder updating...
|c|âMantle51|gg
|c|âLef Deppard|Gg
|raw|Lef Deppard's rating: 1555 &rarr; <strong>1567<\/strong><br \/>(+12 for winning)
|raw|Mantle51's rating: 1417 &rarr; <strong>1405<\/strong><br \/>(-12 for losing)
|leave|Mantle51
|player|p2
|c|âLef Deppard|Donphan: 5 kills