|join|Patodragon.v2
|join|Lef Deppard
|player|p1|Patodragon.v2|170
|player|p2|Lef Deppard|240
|gametype|singles
|gen|6
|tier|OU
|rated
|clearpoke
|poke|p1|Clefable, M
|poke|p1|Manectric, F
|poke|p1|Lucario, F
|poke|p1|Landorus-Therian, M
|poke|p1|Gengar, M, shiny
|poke|p1|Hawlucha, F, shiny
|poke|p2|Donphan, M
|poke|p2|Zapdos
|poke|p2|Pinsir, M
|poke|p2|Keldeo-Resolute
|poke|p2|Metagross
|poke|p2|Celebi
|rule|Swagger Clause: Swagger is banned
|rule|Baton Pass Clause: Limit one PokÃ©mon knowing Baton Pass
|rule|Sleep Clause Mod: Limit one foe put to sleep
|rule|Species Clause: Limit one of each PokÃ©mon
|rule|OHKO Clause: OHKO moves are banned
|rule|Moody Clause: Moody is banned
|rule|Evasion Moves Clause: Evasion moves are banned
|rule|Endless Battle Clause: Forcing endless battles is banned
|rule|HP Percentage Mod: HP is shown in percentages
|teampreview
|
|start
|switch|p1a: Clefable|Clefable, M|391\/391
|switch|p2a: Pour some on me|Donphan, M|384\/384
|turn|1
|
|switch|p2a: Undefeated|Metagross|364\/364
|move|p1a: Clefable|Stealth Rock|p2a: Undefeated
|-sidestart|p2: Lef Deppard|move: Stealth Rock
|
|turn|2
|
|switch|p1a: Lucario|Lucario, F|279\/279
|move|p2a: Undefeated|Stealth Rock|p1a: Lucario
|-sidestart|p1: Patodragon.v2|move: Stealth Rock
|
|turn|3
|
|switch|p1a: Landorus-Therian|Landorus-Therian, M|325\/325
|-damage|p1a: Landorus-Therian|285\/325|[from] Stealth Rock
|-ability|p1a: Landorus-Therian|Intimidate|[of] p2a: Undefeated
|-fail|p2a: Undefeated|unboost|[from] ability: Clear Body|[of] p2a: Undefeated
|move|p2a: Undefeated|Earthquake|p1a: Landorus-Therian
|-immune|p1a: Landorus-Therian|[msg]
|
|turn|4
|
|switch|p2a: Pour some on me|Donphan, M|384\/384
|-damage|p2a: Pour some on me|360\/384|[from] Stealth Rock
|move|p1a: Landorus-Therian|Knock Off|p2a: Pour some on me
|-damage|p2a: Pour some on me|254\/384
|-enditem|p2a: Pour some on me|Leftovers|[from] move: Knock Off|[of] p1a: Landorus-Therian
|
|turn|5
|
|switch|p1a: Gengar|Gengar, M, shiny|259\/259
|-damage|p1a: Gengar|227\/259|[from] Stealth Rock
|move|p2a: Pour some on me|Knock Off|p1a: Gengar
|-supereffective|p1a: Gengar
|-damage|p1a: Gengar|0 fnt
|-enditem|p1a: Gengar|Life Orb|[from] move: Knock Off|[of] p2a: Pour some on me
|faint|p1a: Gengar
|
|
|switch|p1a: Hawlucha|Hawlucha, F, shiny|300\/300
|-damage|p1a: Hawlucha|263\/300|[from] Stealth Rock
|turn|6
|
|move|p1a: Hawlucha|Swords Dance|p1a: Hawlucha
|-boost|p1a: Hawlucha|atk|2
|move|p2a: Pour some on me|Rapid Spin|p1a: Hawlucha
|-damage|p1a: Hawlucha|231\/300
|-sideend|p2: Lef Deppard|Stealth Rock|[from] move: Rapid Spin|[of] p2a: Pour some on me
|
|turn|7
|
|move|p2a: Pour some on me|Ice Shard|p1a: Hawlucha
|-supereffective|p1a: Hawlucha
|-damage|p1a: Hawlucha|97\/300
|-enditem|p1a: Hawlucha|Sitrus Berry|[eat]
|-heal|p1a: Hawlucha|172\/300|[from] item: Sitrus Berry
|move|p1a: Hawlucha|Swords Dance|p1a: Hawlucha
|-boost|p1a: Hawlucha|atk|2
|
|turn|8
|
|move|p2a: Pour some on me|Ice Shard|p1a: Hawlucha
|-supereffective|p1a: Hawlucha
|-damage|p1a: Hawlucha|46\/300
|move|p1a: Hawlucha|Acrobatics|p2a: Pour some on me
|-damage|p2a: Pour some on me|0 fnt
|faint|p2a: Pour some on me
|
|
|switch|p2a: Armageddon it|Pinsir, M|271\/271
|turn|9
|
|switch|p1a: Landorus-Therian|Landorus-Therian, M|285\/325
|-damage|p1a: Landorus-Therian|245\/325|[from] Stealth Rock
|-ability|p1a: Landorus-Therian|Intimidate|[of] p2a: Armageddon it
|-fail|p2a: Armageddon it|unboost|Attack|[from] ability: Hyper Cutter|[of] p2a: Armageddon it
|detailschange|p2a: Armageddon it|Pinsir-Mega, M
|message|Pinsir has Mega Evolved into Mega Pinsir!
|move|p2a: Armageddon it|Quick Attack|p1a: Landorus-Therian
|-damage|p1a: Landorus-Therian|136\/325
|
|turn|10
|
|switch|p2a: Undefeated|Metagross|364\/364
|move|p1a: Landorus-Therian|U-turn|p2a: Undefeated
|-damage|p2a: Undefeated|289\/364
|
|switch|p1a: Manectric|Manectric, F|281\/281
|-damage|p1a: Manectric|246\/281|[from] Stealth Rock
|
|-heal|p2a: Undefeated|311\/364|[from] item: Leftovers
|turn|11
|
|switch|p2a: Photograph|Zapdos|384\/384
|-ability|p2a: Photograph|Pressure
|detailschange|p1a: Manectric|Manectric-Mega, F
|message|Manectric has Mega Evolved into Mega Manectric!
|-ability|p1a: Manectric|Intimidate|[of] p2a: Photograph
|-unboost|p2a: Photograph|atk|1
|move|p1a: Manectric|Volt Switch|p2a: Photograph
|-damage|p2a: Photograph|284\/384
|
|switch|p1a: Clefable|Clefable, M|391\/391
|
|-heal|p2a: Photograph|308\/384|[from] item: Leftovers
|turn|12
|
|switch|p2a: Armageddon it|Pinsir-Mega, M|271\/271
|move|p1a: Clefable|Stealth Rock|p2a: Armageddon it
|-sidestart|p2: Lef Deppard|move: Stealth Rock
|
|turn|13
|
|move|p2a: Armageddon it|Return|p1a: Clefable
|-damage|p1a: Clefable|118\/391
|move|p1a: Clefable|Moonblast|p2a: Armageddon it
|-damage|p2a: Armageddon it|150\/271
|
|-heal|p1a: Clefable|142\/391|[from] item: Leftovers
|turn|14
|
|switch|p1a: Manectric|Manectric-Mega, F|246\/281
|-damage|p1a: Manectric|211\/281|[from] Stealth Rock
|-ability|p1a: Manectric|Intimidate|[of] p2a: Armageddon it
|-unboost|p2a: Armageddon it|atk|1
|move|p2a: Armageddon it|Return|p1a: Manectric
|-resisted|p1a: Manectric
|-damage|p1a: Manectric|105\/281
|
|turn|15
|
|switch|p2a: Love bites|Celebi|404\/404
|-damage|p2a: Love bites|354\/404|[from] Stealth Rock
|move|p1a: Manectric|Volt Switch|p2a: Love bites
|-resisted|p2a: Love bites
|-damage|p2a: Love bites|303\/404
|
|switch|p1a: Hawlucha|Hawlucha, F, shiny|46\/300
|-damage|p1a: Hawlucha|9\/300|[from] Stealth Rock
|
|-heal|p2a: Love bites|328\/404|[from] item: Leftovers
|turn|16
|
|switch|p2a: Undefeated|Metagross|311\/364
|-damage|p2a: Undefeated|289\/364|[from] Stealth Rock
|move|p1a: Hawlucha|Acrobatics|p2a: Undefeated
|-crit|p2a: Undefeated
|-resisted|p2a: Undefeated
|-damage|p2a: Undefeated|190\/364
|
|-heal|p2a: Undefeated|212\/364|[from] item: Leftovers
|turn|17
|
|move|p2a: Undefeated|Bullet Punch|p1a: Hawlucha
|-damage|p1a: Hawlucha|0 fnt
|faint|p1a: Hawlucha
|
|-heal|p2a: Undefeated|234\/364|[from] item: Leftovers
|
|switch|p1a: Landorus-Therian|Landorus-Therian, M|136\/325
|-damage|p1a: Landorus-Therian|96\/325|[from] Stealth Rock
|-ability|p1a: Landorus-Therian|Intimidate|[of] p2a: Undefeated
|-fail|p2a: Undefeated|unboost|[from] ability: Clear Body|[of] p2a: Undefeated
|turn|18
|
|move|p2a: Undefeated|Bullet Punch|p1a: Landorus-Therian
|-damage|p1a: Landorus-Therian|12\/325
|move|p1a: Landorus-Therian|U-turn|p2a: Undefeated
|-damage|p2a: Undefeated|167\/364
|
|switch|p1a: Lucario|Lucario, F|279\/279
|-damage|p1a: Lucario|271\/279|[from] Stealth Rock
|
|-heal|p2a: Undefeated|189\/364|[from] item: Leftovers
|turn|19
|
|move|p1a: Lucario|Aura Sphere|p2a: Undefeated
|-damage|p2a: Undefeated|12\/364
|-damage|p1a: Lucario|244\/279|[from] item: Life Orb
|move|p2a: Undefeated|Earthquake|p1a: Lucario
|-supereffective|p1a: Lucario
|-damage|p1a: Lucario|0 fnt
|faint|p1a: Lucario
|
|-heal|p2a: Undefeated|34\/364|[from] item: Leftovers
|
|switch|p1a: Manectric|Manectric-Mega, F|105\/281
|-damage|p1a: Manectric|70\/281|[from] Stealth Rock
|-ability|p1a: Manectric|Intimidate|[of] p2a: Undefeated
|-fail|p2a: Undefeated|unboost|[from] ability: Clear Body|[of] p2a: Undefeated
|turn|20
|
|move|p2a: Undefeated|Bullet Punch|p1a: Manectric
|-resisted|p1a: Manectric
|-damage|p1a: Manectric|23\/281
|move|p1a: Manectric|Thunderbolt|p2a: Undefeated
|-damage|p2a: Undefeated|0 fnt
|faint|p2a: Undefeated
|
|c|âPatodragon.v2|bossed by a metaboss
|c|âLef Deppard|Indeed
|c|âLef Deppard|gg
|c|âPatodragon.v2|gg
|
|switch|p2a: Armageddon it|Pinsir-Mega, M|150\/271
|-damage|p2a: Armageddon it|15\/271|[from] Stealth Rock
|turn|21
|
|move|p2a: Armageddon it|Quick Attack|p1a: Manectric
|-resisted|p1a: Manectric
|-damage|p1a: Manectric|0 fnt
|faint|p1a: Manectric
|
|-message|Patodragon.v2 forfeited.
|
|win|Lef Deppard
|raw|Ladder updating...
|leave|Patodragon.v2
|player|p1
|raw|Patodragon.v2's rating: 1627 &rarr; <strong>1608<\/strong><br \/>(-19 for losing)
|raw|Lef Deppard's rating: 1640 &rarr; <strong>1660<\/strong><br \/>(+20 for winning)