|join|Lef Deppard
|join|Patodragon.v2
|player|p1|Lef Deppard|240
|player|p2|Patodragon.v2|265
|gametype|singles
|gen|6
|tier|OU
|rated
|clearpoke
|poke|p1|Donphan, M
|poke|p1|Zapdos
|poke|p1|Pinsir, M
|poke|p1|Keldeo-Resolute
|poke|p1|Metagross
|poke|p1|Celebi
|poke|p2|Politoed, F
|poke|p2|Scizor, F
|poke|p2|Kingdra, M
|poke|p2|Ferrothorn, M
|poke|p2|Landorus-Therian, M
|poke|p2|Raikou
|rule|Swagger Clause: Swagger is banned
|rule|Baton Pass Clause: Limit one PokÃ©mon knowing Baton Pass
|rule|Sleep Clause Mod: Limit one foe put to sleep
|rule|Species Clause: Limit one of each PokÃ©mon
|rule|OHKO Clause: OHKO moves are banned
|rule|Moody Clause: Moody is banned
|rule|Evasion Moves Clause: Evasion moves are banned
|rule|Endless Battle Clause: Forcing endless battles is banned
|rule|HP Percentage Mod: HP is shown in percentages
|teampreview
|
|start
|switch|p1a: Photograph|Zapdos|384\/384
|switch|p2a: Ferrothorn|Ferrothorn, M|352\/352
|-ability|p1a: Photograph|Pressure
|turn|1
|
|move|p1a: Photograph|Thunderbolt|p2a: Ferrothorn
|-resisted|p2a: Ferrothorn
|-damage|p2a: Ferrothorn|302\/352
|move|p2a: Ferrothorn|Stealth Rock|p1a: Photograph
|-sidestart|p1: Lef Deppard|move: Stealth Rock
|
|-heal|p2a: Ferrothorn|324\/352|[from] item: Leftovers
|turn|2
|
|switch|p2a: Politoed|Politoed, F|364\/364
|-weather|RainDance
|move|p1a: Photograph|Thunderbolt|p2a: Politoed
|-supereffective|p2a: Politoed
|-damage|p2a: Politoed|88\/364
|
|-weather|RainDance|[upkeep]
|turn|3
|
|switch|p2a: Ferrothorn|Ferrothorn, M|324\/352
|move|p1a: Photograph|Hidden Power|p2a: Ferrothorn
|-damage|p2a: Ferrothorn|276\/352
|
|-weather|RainDance|[upkeep]
|-heal|p2a: Ferrothorn|298\/352|[from] item: Leftovers
|turn|4
|
|switch|p1a: Love bites|Celebi|404\/404
|-damage|p1a: Love bites|354\/404|[from] Stealth Rock
|move|p2a: Ferrothorn|Gyro Ball|p1a: Love bites
|-damage|p1a: Love bites|176\/404
|
|-weather|RainDance|[upkeep]
|-heal|p1a: Love bites|201\/404|[from] item: Leftovers
|-heal|p2a: Ferrothorn|320\/352|[from] item: Leftovers
|turn|5
|
|move|p1a: Love bites|Recover|p1a: Love bites
|-heal|p1a: Love bites|403\/404
|move|p2a: Ferrothorn|Gyro Ball|p1a: Love bites
|-damage|p1a: Love bites|246\/404
|
|-weather|RainDance|[upkeep]
|-heal|p1a: Love bites|271\/404|[from] item: Leftovers
|-heal|p2a: Ferrothorn|342\/352|[from] item: Leftovers
|turn|6
|
|switch|p2a: Landorus-Therian|Landorus-Therian, M|319\/319
|-ability|p2a: Landorus-Therian|Intimidate|[of] p1a: Love bites
|-unboost|p1a: Love bites|atk|1
|move|p1a: Love bites|Thunder Wave|p2a: Landorus-Therian
|-immune|p2a: Landorus-Therian|[msg]
|
|-weather|RainDance|[upkeep]
|-heal|p1a: Love bites|296\/404|[from] item: Leftovers
|turn|7
|
|switch|p1a: Photograph|Zapdos|384\/384
|-damage|p1a: Photograph|288\/384|[from] Stealth Rock
|-ability|p1a: Photograph|Pressure
|move|p2a: Landorus-Therian|U-turn|p1a: Photograph
|-resisted|p1a: Photograph
|-damage|p1a: Photograph|233\/384
|
|switch|p2a: Kingdra|Kingdra, M|291\/291
|
|-weather|RainDance|[upkeep]
|-heal|p1a: Photograph|257\/384|[from] item: Leftovers
|turn|8
|
|switch|p1a: Love bites|Celebi|296\/404
|-damage|p1a: Love bites|246\/404|[from] Stealth Rock
|move|p2a: Kingdra|Hydro Pump|p1a: Love bites
|-resisted|p1a: Love bites
|-damage|p1a: Love bites|113\/404
|-damage|p2a: Kingdra|262\/291|[from] item: Life Orb
|
|-weather|RainDance|[upkeep]
|-heal|p1a: Love bites|138\/404|[from] item: Leftovers
|turn|9
|
|switch|p1a: Undefeated|Metagross|364\/364
|-damage|p1a: Undefeated|342\/364|[from] Stealth Rock
|move|p2a: Kingdra|Draco Meteor|p1a: Undefeated
|-resisted|p1a: Undefeated
|-damage|p1a: Undefeated|186\/364
|-unboost|p2a: Kingdra|spa|2
|-damage|p2a: Kingdra|233\/291|[from] item: Life Orb
|
|-weather|none
|-heal|p1a: Undefeated|208\/364|[from] item: Leftovers
|turn|10
|
|switch|p2a: Politoed|Politoed, F|88\/364
|-weather|RainDance
|move|p1a: Undefeated|Stealth Rock|p2a: Politoed
|-sidestart|p2: Patodragon.v2|move: Stealth Rock
|
|-weather|RainDance|[upkeep]
|-heal|p1a: Undefeated|230\/364|[from] item: Leftovers
|turn|11
|
|switch|p2a: Landorus-Therian|Landorus-Therian, M|319\/319
|-damage|p2a: Landorus-Therian|280\/319|[from] Stealth Rock
|-ability|p2a: Landorus-Therian|Intimidate|[of] p1a: Undefeated
|-fail|p1a: Undefeated|unboost|[from] ability: Clear Body|[of] p1a: Undefeated
|move|p1a: Undefeated|Meteor Mash|p2a: Landorus-Therian
|-damage|p2a: Landorus-Therian|72\/319
|
|-weather|RainDance|[upkeep]
|-heal|p1a: Undefeated|252\/364|[from] item: Leftovers
|turn|12
|
|move|p1a: Undefeated|Bullet Punch|p2a: Landorus-Therian
|-damage|p2a: Landorus-Therian|0 fnt
|faint|p2a: Landorus-Therian
|
|-weather|RainDance|[upkeep]
|-heal|p1a: Undefeated|274\/364|[from] item: Leftovers
|join|sablenite
|
|switch|p2a: Scizor|Scizor, F|289\/289
|-damage|p2a: Scizor|253\/289|[from] Stealth Rock
|turn|13
|
|switch|p1a: Animal|Keldeo-Resolute|322\/322
|-damage|p1a: Animal|302\/322|[from] Stealth Rock
|detailschange|p2a: Scizor|Scizor-Mega, F
|message|Scizor has Mega Evolved into Mega Scizor!
|move|p2a: Scizor|Swords Dance|p2a: Scizor
|-boost|p2a: Scizor|atk|2
|
|-weather|RainDance|[upkeep]
|turn|14
|
|switch|p2a: Ferrothorn|Ferrothorn, M|342\/352
|-damage|p2a: Ferrothorn|320\/352|[from] Stealth Rock
|move|p1a: Animal|Hydro Pump|p2a: Ferrothorn|[miss]
|-miss|p1a: Animal|p2a: Ferrothorn
|
|-weather|RainDance|[upkeep]
|-heal|p2a: Ferrothorn|342\/352|[from] item: Leftovers
|turn|15
|
|switch|p1a: Photograph|Zapdos|257\/384
|-damage|p1a: Photograph|161\/384|[from] Stealth Rock
|-ability|p1a: Photograph|Pressure
|move|p2a: Ferrothorn|Gyro Ball|p1a: Photograph
|-resisted|p1a: Photograph
|-damage|p1a: Photograph|59\/384
|
|-weather|RainDance|[upkeep]
|-heal|p1a: Photograph|83\/384|[from] item: Leftovers
|-heal|p2a: Ferrothorn|352\/352|[from] item: Leftovers
|turn|16
|
|move|p1a: Photograph|Roost|p1a: Photograph
|-heal|p1a: Photograph|275\/384
|move|p2a: Ferrothorn|Leech Seed|p1a: Photograph
|-start|p1a: Photograph|move: Leech Seed
|
|-weather|RainDance|[upkeep]
|-heal|p1a: Photograph|299\/384|[from] item: Leftovers
|-damage|p1a: Photograph|251\/384|[from] Leech Seed|[of] p2a: Ferrothorn
|turn|17
|
|switch|p2a: Raikou|Raikou|327\/327
|-damage|p2a: Raikou|287\/327|[from] Stealth Rock
|-ability|p2a: Raikou|Pressure
|move|p1a: Photograph|Roost|p1a: Photograph
|-heal|p1a: Photograph|384\/384
|
|-weather|none
|-damage|p1a: Photograph|336\/384|[from] Leech Seed|[of] p2a: Raikou
|-heal|p2a: Raikou|327\/327|[silent]
|turn|18
|
|move|p2a: Raikou|Shadow Ball|p1a: Photograph
|-damage|p1a: Photograph|229\/384
|move|p1a: Photograph|Roost|p1a: Photograph
|-heal|p1a: Photograph|384\/384
|
|-damage|p1a: Photograph|336\/384|[from] Leech Seed|[of] p2a: Raikou
|turn|19
|
|switch|p2a: Politoed|Politoed, F|88\/364
|-damage|p2a: Politoed|43\/364|[from] Stealth Rock
|-weather|RainDance
|switch|p1a: Animal|Keldeo-Resolute|302\/322
|-damage|p1a: Animal|282\/322|[from] Stealth Rock
|
|-weather|RainDance|[upkeep]
|turn|20
|
|move|p1a: Animal|Scald|p2a: Politoed
|-resisted|p2a: Politoed
|-damage|p2a: Politoed|0 fnt
|faint|p2a: Politoed
|
|-weather|RainDance|[upkeep]
|
|switch|p2a: Kingdra|Kingdra, M|233\/291
|-damage|p2a: Kingdra|197\/291|[from] Stealth Rock
|turn|21
|
|switch|p1a: Undefeated|Metagross|274\/364
|-damage|p1a: Undefeated|252\/364|[from] Stealth Rock
|move|p2a: Kingdra|Hydro Pump|p1a: Undefeated
|-damage|p1a: Undefeated|0 fnt
|-damage|p2a: Kingdra|168\/291|[from] item: Life Orb
|faint|p1a: Undefeated
|
|-weather|RainDance|[upkeep]
|
|switch|p1a: Animal|Keldeo-Resolute|282\/322
|-damage|p1a: Animal|262\/322|[from] Stealth Rock
|turn|22
|
|switch|p1a: Love bites|Celebi|138\/404
|-damage|p1a: Love bites|88\/404|[from] Stealth Rock
|move|p2a: Kingdra|Draco Meteor|p1a: Love bites
|-damage|p1a: Love bites|0 fnt
|-unboost|p2a: Kingdra|spa|2
|-damage|p2a: Kingdra|139\/291|[from] item: Life Orb
|faint|p1a: Love bites
|
|-weather|RainDance|[upkeep]
|
|switch|p1a: Photograph|Zapdos|336\/384
|-damage|p1a: Photograph|240\/384|[from] Stealth Rock
|-ability|p1a: Photograph|Pressure
|turn|23
|
|move|p2a: Kingdra|Waterfall|p1a: Photograph
|-damage|p1a: Photograph|26\/384
|-damage|p2a: Kingdra|110\/291|[from] item: Life Orb
|move|p1a: Photograph|Roost|p1a: Photograph
|-heal|p1a: Photograph|218\/384
|
|-weather|RainDance|[upkeep]
|-heal|p1a: Photograph|242\/384|[from] item: Leftovers
|turn|24
|
|switch|p2a: Ferrothorn|Ferrothorn, M|352\/352
|-damage|p2a: Ferrothorn|330\/352|[from] Stealth Rock
|move|p1a: Photograph|Thunderbolt|p2a: Ferrothorn
|-resisted|p2a: Ferrothorn
|-damage|p2a: Ferrothorn|275\/352
|
|-weather|RainDance|[upkeep]
|-heal|p1a: Photograph|266\/384|[from] item: Leftovers
|-heal|p2a: Ferrothorn|297\/352|[from] item: Leftovers
|turn|25
|
|move|p1a: Photograph|Heat Wave|p2a: Ferrothorn
|-supereffective|p2a: Ferrothorn
|-damage|p2a: Ferrothorn|149\/352
|move|p2a: Ferrothorn|Leech Seed|p1a: Photograph
|-start|p1a: Photograph|move: Leech Seed
|
|-weather|RainDance|[upkeep]
|-heal|p1a: Photograph|290\/384|[from] item: Leftovers
|-heal|p2a: Ferrothorn|171\/352|[from] item: Leftovers
|-damage|p1a: Photograph|242\/384|[from] Leech Seed|[of] p2a: Ferrothorn
|-heal|p2a: Ferrothorn|219\/352|[silent]
|turn|26
|
|move|p1a: Photograph|Heat Wave|p2a: Ferrothorn
|-supereffective|p2a: Ferrothorn
|-damage|p2a: Ferrothorn|75\/352
|move|p2a: Ferrothorn|Power Whip|p1a: Photograph
|-resisted|p1a: Photograph
|-damage|p1a: Photograph|163\/384
|
|-weather|none
|-heal|p1a: Photograph|187\/384|[from] item: Leftovers
|-heal|p2a: Ferrothorn|97\/352|[from] item: Leftovers
|-damage|p1a: Photograph|139\/384|[from] Leech Seed|[of] p2a: Ferrothorn
|-heal|p2a: Ferrothorn|145\/352|[silent]
|turn|27
|
|move|p1a: Photograph|Roost|p1a: Photograph
|-heal|p1a: Photograph|331\/384
|move|p2a: Ferrothorn|Power Whip|p1a: Photograph
|-damage|p1a: Photograph|168\/384
|
|-heal|p1a: Photograph|192\/384|[from] item: Leftovers
|-heal|p2a: Ferrothorn|167\/352|[from] item: Leftovers
|-damage|p1a: Photograph|144\/384|[from] Leech Seed|[of] p2a: Ferrothorn
|-heal|p2a: Ferrothorn|215\/352|[silent]
|turn|28
|
|move|p1a: Photograph|Heat Wave|p2a: Ferrothorn
|-supereffective|p2a: Ferrothorn
|-damage|p2a: Ferrothorn|0 fnt
|faint|p2a: Ferrothorn
|
|-heal|p1a: Photograph|168\/384|[from] item: Leftovers
|
|switch|p2a: Kingdra|Kingdra, M|110\/291
|-damage|p2a: Kingdra|74\/291|[from] Stealth Rock
|turn|29
|
|move|p2a: Kingdra|Hydro Pump|p1a: Photograph
|-damage|p1a: Photograph|0 fnt
|-damage|p2a: Kingdra|45\/291|[from] item: Life Orb
|faint|p1a: Photograph
|
|
|switch|p1a: Armageddon it|Pinsir, M|271\/271
|-damage|p1a: Armageddon it|204\/271|[from] Stealth Rock
|turn|30
|
|detailschange|p1a: Armageddon it|Pinsir-Mega, M
|message|Pinsir has Mega Evolved into Mega Pinsir!
|move|p1a: Armageddon it|Quick Attack|p2a: Kingdra
|-damage|p2a: Kingdra|0 fnt
|faint|p2a: Kingdra
|
|
|switch|p2a: Raikou|Raikou|327\/327
|-damage|p2a: Raikou|287\/327|[from] Stealth Rock
|-ability|p2a: Raikou|Pressure
|turn|31
|
|move|p2a: Raikou|Shadow Ball|p1a: Armageddon it
|-damage|p1a: Armageddon it|59\/271
|move|p1a: Armageddon it|Close Combat|p2a: Raikou
|-damage|p2a: Raikou|84\/327
|-unboost|p1a: Armageddon it|def|1
|-unboost|p1a: Armageddon it|spd|1
|
|turn|32
|
|move|p1a: Armageddon it|Quick Attack|p2a: Raikou
|-resisted|p2a: Raikou
|-damage|p2a: Raikou|15\/327
|move|p2a: Raikou|Shadow Ball|p1a: Armageddon it
|-damage|p1a: Armageddon it|0 fnt
|faint|p1a: Armageddon it
|
|c|âPatodragon.v2|damn
|c|âPatodragon.v2|gg
|
|switch|p1a: Animal|Keldeo-Resolute|262\/322
|-damage|p1a: Animal|242\/322|[from] Stealth Rock
|turn|33
|c|âLef Deppard|Gg
|
|move|p2a: Raikou|Shadow Ball|p1a: Animal
|-crit|p1a: Animal
|-damage|p1a: Animal|10\/322
|move|p1a: Animal|Scald|p2a: Raikou
|-damage|p2a: Raikou|0 fnt
|faint|p2a: Raikou
|
|c|âLef Deppard|Oh no
|
|switch|p2a: Scizor|Scizor-Mega, F|253\/289
|-damage|p2a: Scizor|217\/289|[from] Stealth Rock
|turn|34
|
|move|p2a: Scizor|Bullet Punch|p1a: Animal
|-resisted|p1a: Animal
|-damage|p1a: Animal|0 fnt
|faint|p1a: Animal
|
|
|switch|p1a: Pour some on me|Donphan, M|384\/384
|-damage|p1a: Pour some on me|360\/384|[from] Stealth Rock
|turn|35
|c|âPatodragon.v2|think you still win
|
|move|p2a: Scizor|Swords Dance|p2a: Scizor
|-boost|p2a: Scizor|atk|2
|move|p1a: Pour some on me|Earthquake|p2a: Scizor
|-damage|p2a: Scizor|73\/289
|
|-heal|p1a: Pour some on me|384\/384|[from] item: Leftovers
|turn|36
|c|âLef Deppard|Depends
|c|âPatodragon.v2|yeah
|c|âPatodragon.v2|you do
|
|move|p2a: Scizor|Bug Bite|p1a: Pour some on me
|-crit|p1a: Pour some on me
|-activate|p1a: Pour some on me|Sturdy
|-damage|p1a: Pour some on me|1\/384
|move|p1a: Pour some on me|Earthquake|p2a: Scizor
|-damage|p2a: Scizor|0 fnt
|faint|p2a: Scizor
|
|win|Lef Deppard
|raw|Ladder updating...
|raw|Lef Deppard's rating: 1795 &rarr; <strong>1809<\/strong><br \/>(+14 for winning)
|raw|Patodragon.v2's rating: 1678 &rarr; <strong>1664<\/strong><br \/>(-14 for losing)
|c|âPatodragon.v2|gg
|c|âLef Deppard|Gg
|leave|Patodragon.v2
|player|p2