|join|wish killer
|join|Lef Deppard
|player|p1|wish killer|68
|player|p2|Lef Deppard|240
|gametype|singles
|gen|6
|tier|OU
|rated
|clearpoke
|poke|p1|Bisharp, F
|poke|p1|Venusaur, F
|poke|p1|Heatran, F
|poke|p1|Keldeo
|poke|p1|Chansey, F
|poke|p1|Skarmory, M
|poke|p2|Donphan, M
|poke|p2|Zapdos
|poke|p2|Keldeo-Resolute
|poke|p2|Pinsir, M
|poke|p2|Metagross
|poke|p2|Celebi
|rule|Swagger Clause: Swagger is banned
|rule|Baton Pass Clause: Limit one PokÃ©mon knowing Baton Pass
|rule|Sleep Clause Mod: Limit one foe put to sleep
|rule|Species Clause: Limit one of each PokÃ©mon
|rule|OHKO Clause: OHKO moves are banned
|rule|Moody Clause: Moody is banned
|rule|Evasion Moves Clause: Evasion moves are banned
|rule|Endless Battle Clause: Forcing endless battles is banned
|rule|HP Percentage Mod: HP is shown in percentages
|teampreview
|
|start
|switch|p1a: Teleee is 18|Heatran, F|340\/340
|switch|p2a: Armageddon it|Pinsir, M|271\/271
|-item|p1a: Teleee is 18|Air Balloon
|turn|1
|
|switch|p2a: Animal|Keldeo-Resolute|322\/322
|move|p1a: Teleee is 18|Toxic|p2a: Animal
|-status|p2a: Animal|tox
|
|-damage|p2a: Animal|302\/322 tox|[from] psn
|turn|2
|join|CleanerThanRotom-W
|c| CleanerThanRotom-W|tele plays haxball
|join|Like me 2
|
|switch|p2a: Love bites|Celebi|404\/404
|switch|p1a: AKA Trice|Venusaur, F|364\/364
|
|turn|3
|join|heartfield
|
|switch|p1a: Teleee is 18|Heatran, F|340\/340
|-item|p1a: Teleee is 18|Air Balloon
|move|p2a: Love bites|Thunder Wave|p1a: Teleee is 18
|-status|p1a: Teleee is 18|par
|
|turn|4
|
|switch|p2a: Pour sugar on me|Donphan, M|384\/384
|move|p1a: Teleee is 18|Stealth Rock|p2a: Pour sugar on me
|-sidestart|p2: Lef Deppard|move: Stealth Rock
|
|turn|5
|
|move|p2a: Pour sugar on me|Rapid Spin|p1a: Teleee is 18
|-resisted|p1a: Teleee is 18
|-damage|p1a: Teleee is 18|329\/340 par
|-enditem|p1a: Teleee is 18|Air Balloon
|-sideend|p2: Lef Deppard|Stealth Rock|[from] move: Rapid Spin|[of] p2a: Pour sugar on me
|cant|p1a: Teleee is 18|par
|
|turn|6
|join|RayDalio
|
|switch|p1a: AKA Trice|Venusaur, F|364\/364
|move|p2a: Pour sugar on me|Earthquake|p1a: AKA Trice
|-damage|p1a: AKA Trice|216\/364
|
|turn|7
|
|switch|p2a: Undefeated|Metagross|364\/364
|detailschange|p1a: AKA Trice|Venusaur-Mega, F
|-mega|p1a: AKA Trice|Venusaur|Venusaurite
|move|p1a: AKA Trice|Synthesis|p1a: AKA Trice
|-heal|p1a: AKA Trice|364\/364
|
|turn|8
|
|switch|p1a: Aka Zenzoh|Skarmory, M|334\/334
|move|p2a: Undefeated|Stealth Rock|p1a: Aka Zenzoh
|-sidestart|p1: wish killer|move: Stealth Rock
|
|turn|9
|
|switch|p2a: Pour sugar on me|Donphan, M|384\/384
|move|p1a: Aka Zenzoh|Spikes|p2a: Pour sugar on me
|-sidestart|p2: Lef Deppard|Spikes
|
|turn|10
|
|switch|p1a: AKA Trice|Venusaur-Mega, F|364\/364
|-damage|p1a: AKA Trice|319\/364|[from] Stealth Rock
|move|p2a: Pour sugar on me|Rapid Spin|p1a: AKA Trice
|-damage|p1a: AKA Trice|302\/364
|-sideend|p2: Lef Deppard|Spikes|[from] move: Rapid Spin|[of] p2a: Pour sugar on me
|
|turn|11
|
|switch|p2a: Photograph|Zapdos|384\/384
|-ability|p2a: Photograph|Pressure
|move|p1a: AKA Trice|Leech Seed|p2a: Photograph
|-start|p2a: Photograph|move: Leech Seed
|
|-damage|p2a: Photograph|336\/384|[from] Leech Seed|[of] p1a: AKA Trice
|-heal|p1a: AKA Trice|350\/364|[silent]
|turn|12
|
|switch|p2a: Undefeated|Metagross|364\/364
|move|p1a: AKA Trice|Giga Drain|p2a: Undefeated
|-resisted|p2a: Undefeated
|-damage|p2a: Undefeated|308\/364
|-heal|p1a: AKA Trice|364\/364|[from] drain|[of] p2a: Undefeated
|
|-heal|p2a: Undefeated|330\/364|[from] item: Leftovers
|turn|13
|
|switch|p2a: Love bites|Celebi|404\/404
|move|p1a: AKA Trice|Leech Seed|p2a: Love bites
|-immune|p2a: Love bites|[msg]
|
|turn|14
|
|switch|p2a: Undefeated|Metagross|330\/364
|switch|p1a: AKA Leddit|Bisharp, F|334\/334
|-damage|p1a: AKA Leddit|314\/334|[from] Stealth Rock
|
|-heal|p1a: AKA Leddit|334\/334|[from] item: Leftovers
|-heal|p2a: Undefeated|352\/364|[from] item: Leftovers
|turn|15
|
|switch|p2a: Animal|Keldeo-Resolute|302\/322 tox
|move|p1a: AKA Leddit|Knock Off|p2a: Animal
|-resisted|p2a: Animal
|-damage|p2a: Animal|201\/322 tox
|-boost|p2a: Animal|atk|1|[from] ability: Justified
|-enditem|p2a: Animal|Choice Specs|[from] move: Knock Off|[of] p1a: AKA Leddit
|
|-damage|p2a: Animal|181\/322 tox|[from] psn
|turn|16
|
|switch|p2a: Armageddon it|Pinsir, M|271\/271
|switch|p1a: AKA Trice|Venusaur-Mega, F|364\/364
|-damage|p1a: AKA Trice|319\/364|[from] Stealth Rock
|
|turn|17
|
|switch|p2a: Photograph|Zapdos|336\/384
|-ability|p2a: Photograph|Pressure
|switch|p1a: Aka Zenzoh|Skarmory, M|334\/334
|-damage|p1a: Aka Zenzoh|293\/334|[from] Stealth Rock
|
|-heal|p2a: Photograph|360\/384|[from] item: Leftovers
|turn|18
|leave|Like me 2
|
|switch|p2a: Pour sugar on me|Donphan, M|384\/384
|switch|p1a: RS Cleaner|Chansey, F|684\/684
|-damage|p1a: RS Cleaner|599\/684|[from] Stealth Rock
|
|turn|19
|
|switch|p1a: AKA Trice|Venusaur-Mega, F|319\/364
|-damage|p1a: AKA Trice|274\/364|[from] Stealth Rock
|move|p2a: Pour sugar on me|Knock Off|p1a: AKA Trice
|-damage|p1a: AKA Trice|219\/364
|
|turn|20
|join|blankaking
|leave|blankaking
|
|switch|p2a: Armageddon it|Pinsir, M|271\/271
|move|p1a: AKA Trice|Synthesis|p1a: AKA Trice
|-heal|p1a: AKA Trice|364\/364
|
|turn|21
|
|switch|p2a: Photograph|Zapdos|360\/384
|-ability|p2a: Photograph|Pressure
|switch|p1a: Aka Zenzoh|Skarmory, M|293\/334
|-damage|p1a: Aka Zenzoh|252\/334|[from] Stealth Rock
|
|-heal|p2a: Photograph|384\/384|[from] item: Leftovers
|turn|22
|
|switch|p2a: Armageddon it|Pinsir, M|271\/271
|switch|p1a: AKA Trice|Venusaur-Mega, F|364\/364
|-damage|p1a: AKA Trice|319\/364|[from] Stealth Rock
|
|turn|23
|raw|<div class="broadcast-blue"><b>I've updated Battle Spot Doubles name to Battle Spot Doubles (VGC 2015). This ensures a fair total ladder reset for all BS Dubs \/ VGC players. These two formats are equal as of ORAS, bar unimplemented timer rules (on the pipeline). Enjoy!<\/b><\/div>
|
|switch|p2a: Photograph|Zapdos|384\/384
|-ability|p2a: Photograph|Pressure
|move|p1a: AKA Trice|Hidden Power|p2a: Photograph
|-crit|p2a: Photograph
|-damage|p2a: Photograph|310\/384
|
|-heal|p2a: Photograph|334\/384|[from] item: Leftovers
|turn|24
|
|switch|p2a: Undefeated|Metagross|352\/364
|move|p1a: AKA Trice|Giga Drain|p2a: Undefeated
|-resisted|p2a: Undefeated
|-damage|p2a: Undefeated|297\/364
|-heal|p1a: AKA Trice|347\/364|[from] drain|[of] p2a: Undefeated
|
|-heal|p2a: Undefeated|319\/364|[from] item: Leftovers
|turn|25
|
|switch|p2a: Photograph|Zapdos|334\/384
|-ability|p2a: Photograph|Pressure
|move|p1a: AKA Trice|Hidden Power|p2a: Photograph
|-crit|p2a: Photograph
|-damage|p2a: Photograph|265\/384
|
|-heal|p2a: Photograph|289\/384|[from] item: Leftovers
|turn|26
|
|move|p2a: Photograph|Heat Wave|p1a: AKA Trice
|-supereffective|p1a: AKA Trice
|-damage|p1a: AKA Trice|263\/364
|move|p1a: AKA Trice|Leech Seed|p2a: Photograph
|-start|p2a: Photograph|move: Leech Seed
|
|-heal|p2a: Photograph|313\/384|[from] item: Leftovers
|-damage|p2a: Photograph|265\/384|[from] Leech Seed|[of] p1a: AKA Trice
|-heal|p1a: AKA Trice|311\/364|[silent]
|turn|27
|
|switch|p2a: Love bites|Celebi|404\/404
|switch|p1a: Teleee is 18|Heatran, F|329\/340 par
|-damage|p1a: Teleee is 18|287\/340 par|[from] Stealth Rock
|
|turn|28
|
|switch|p2a: Pour sugar on me|Donphan, M|384\/384
|move|p1a: Teleee is 18|Stealth Rock|p2a: Pour sugar on me
|-sidestart|p2: Lef Deppard|move: Stealth Rock
|
|turn|29
|
|switch|p1a: Jake the ripper|Keldeo|323\/323
|-damage|p1a: Jake the ripper|303\/323|[from] Stealth Rock
|move|p2a: Pour sugar on me|Rapid Spin|p1a: Jake the ripper
|-damage|p1a: Jake the ripper|276\/323
|-sideend|p2: Lef Deppard|Stealth Rock|[from] move: Rapid Spin|[of] p2a: Pour sugar on me
|
|-heal|p1a: Jake the ripper|296\/323|[from] item: Leftovers
|turn|30
|
|switch|p2a: Photograph|Zapdos|265\/384
|-ability|p2a: Photograph|Pressure
|move|p1a: Jake the ripper|Scald|p2a: Photograph
|-damage|p2a: Photograph|154\/384
|
|-heal|p1a: Jake the ripper|316\/323|[from] item: Leftovers
|-heal|p2a: Photograph|178\/384|[from] item: Leftovers
|turn|31
|
|switch|p1a: Teleee is 18|Heatran, F|287\/340 par
|-damage|p1a: Teleee is 18|245\/340 par|[from] Stealth Rock
|move|p2a: Photograph|Roost|p2a: Photograph
|-heal|p2a: Photograph|370\/384
|
|-heal|p2a: Photograph|384\/384|[from] item: Leftovers
|turn|32
|
|switch|p2a: Pour sugar on me|Donphan, M|384\/384
|move|p1a: Teleee is 18|Stealth Rock|p2a: Pour sugar on me
|-sidestart|p2: Lef Deppard|move: Stealth Rock
|
|turn|33
|
|move|p2a: Pour sugar on me|Rapid Spin|p1a: Teleee is 18
|-resisted|p1a: Teleee is 18
|-damage|p1a: Teleee is 18|235\/340 par
|-sideend|p2: Lef Deppard|Stealth Rock|[from] move: Rapid Spin|[of] p2a: Pour sugar on me
|move|p1a: Teleee is 18|Toxic|p2a: Pour sugar on me
|-status|p2a: Pour sugar on me|tox
|
|-damage|p2a: Pour sugar on me|360\/384 tox|[from] psn
|turn|34
|
|switch|p2a: Photograph|Zapdos|384\/384
|-ability|p2a: Photograph|Pressure
|move|p1a: Teleee is 18|Stealth Rock|p2a: Photograph
|-sidestart|p2: Lef Deppard|move: Stealth Rock
|
|turn|35
|
|switch|p1a: RS Cleaner|Chansey, F|599\/684
|-damage|p1a: RS Cleaner|514\/684|[from] Stealth Rock
|move|p2a: Photograph|Thunderbolt|p1a: RS Cleaner
|-damage|p1a: RS Cleaner|436\/684
|
|turn|36
|
|switch|p2a: Pour sugar on me|Donphan, M|360\/384 tox
|-damage|p2a: Pour sugar on me|336\/384 tox|[from] Stealth Rock
|move|p1a: RS Cleaner|Aromatherapy|p1a: RS Cleaner
|-cureteam|p1a: RS Cleaner|[from] move: Aromatherapy
|
|-heal|p2a: Pour sugar on me|360\/384 tox|[from] item: Leftovers
|-damage|p2a: Pour sugar on me|336\/384 tox|[from] psn
|turn|37
|
|move|p2a: Pour sugar on me|Rapid Spin|p1a: RS Cleaner
|-damage|p1a: RS Cleaner|403\/684
|-sideend|p2: Lef Deppard|Stealth Rock|[from] move: Rapid Spin|[of] p2a: Pour sugar on me
|move|p1a: RS Cleaner|Soft-Boiled|p1a: RS Cleaner
|-heal|p1a: RS Cleaner|684\/684
|
|-heal|p2a: Pour sugar on me|360\/384 tox|[from] item: Leftovers
|-damage|p2a: Pour sugar on me|312\/384 tox|[from] psn
|turn|38
|
|switch|p2a: Photograph|Zapdos|384\/384
|-ability|p2a: Photograph|Pressure
|move|p1a: RS Cleaner|Seismic Toss|p2a: Photograph
|-damage|p2a: Photograph|284\/384
|
|-heal|p2a: Photograph|308\/384|[from] item: Leftovers
|turn|39
|
|switch|p2a: Love bites|Celebi|404\/404
|move|p1a: RS Cleaner|Seismic Toss|p2a: Love bites
|-damage|p2a: Love bites|304\/404
|
|-heal|p2a: Love bites|329\/404|[from] item: Leftovers
|turn|40
|
|switch|p1a: Teleee is 18|Heatran, F|235\/340
|-damage|p1a: Teleee is 18|193\/340|[from] Stealth Rock
|move|p2a: Love bites|Heal Bell|p2a: Love bites
|-cureteam|p2a: Love bites|[from] move: HealBell
|
|-heal|p2a: Love bites|354\/404|[from] item: Leftovers
|turn|41
|
|move|p1a: Teleee is 18|Fire Blast|p2a: Love bites
|-supereffective|p2a: Love bites
|-damage|p2a: Love bites|114\/404
|move|p2a: Love bites|Thunder Wave|p1a: Teleee is 18
|-status|p1a: Teleee is 18|par
|
|-heal|p2a: Love bites|139\/404|[from] item: Leftovers
|turn|42
|
|move|p2a: Love bites|Recover|p2a: Love bites
|-heal|p2a: Love bites|341\/404
|move|p1a: Teleee is 18|Stealth Rock|p2a: Love bites
|-sidestart|p2: Lef Deppard|move: Stealth Rock
|
|-heal|p2a: Love bites|366\/404|[from] item: Leftovers
|turn|43
|
|switch|p2a: Pour sugar on me|Donphan, M|312\/384
|-damage|p2a: Pour sugar on me|288\/384|[from] Stealth Rock
|cant|p1a: Teleee is 18|par
|
|-heal|p2a: Pour sugar on me|312\/384|[from] item: Leftovers
|turn|44
|join|blankaking
|leave|blankaking
|
|switch|p1a: Jake the ripper|Keldeo|316\/323
|-damage|p1a: Jake the ripper|296\/323|[from] Stealth Rock
|move|p2a: Pour sugar on me|Rapid Spin|p1a: Jake the ripper
|-damage|p1a: Jake the ripper|266\/323
|-sideend|p2: Lef Deppard|Stealth Rock|[from] move: Rapid Spin|[of] p2a: Pour sugar on me
|
|-heal|p1a: Jake the ripper|286\/323|[from] item: Leftovers
|-heal|p2a: Pour sugar on me|336\/384|[from] item: Leftovers
|turn|45
|
|switch|p2a: Photograph|Zapdos|308\/384
|-ability|p2a: Photograph|Pressure
|move|p1a: Jake the ripper|Scald|p2a: Photograph
|-damage|p2a: Photograph|193\/384
|-status|p2a: Photograph|brn
|
|-heal|p1a: Jake the ripper|306\/323|[from] item: Leftovers
|-heal|p2a: Photograph|217\/384 brn|[from] item: Leftovers
|-damage|p2a: Photograph|169\/384 brn|[from] brn
|turn|46
|
|switch|p2a: Animal|Keldeo-Resolute|181\/322
|move|p1a: Jake the ripper|Calm Mind|p1a: Jake the ripper
|-boost|p1a: Jake the ripper|spa|1
|-boost|p1a: Jake the ripper|spd|1
|
|-heal|p1a: Jake the ripper|323\/323|[from] item: Leftovers
|turn|47
|
|switch|p2a: Love bites|Celebi|366\/404
|move|p1a: Jake the ripper|Scald|p2a: Love bites
|-resisted|p2a: Love bites
|-damage|p2a: Love bites|284\/404
|
|-heal|p2a: Love bites|309\/404|[from] item: Leftovers
|turn|48
|
|move|p1a: Jake the ripper|Substitute|p1a: Jake the ripper
|-start|p1a: Jake the ripper|Substitute
|-damage|p1a: Jake the ripper|243\/323
|move|p2a: Love bites|Thunder Wave|p1a: Jake the ripper
|
|-heal|p1a: Jake the ripper|263\/323|[from] item: Leftovers
|-heal|p2a: Love bites|334\/404|[from] item: Leftovers
|turn|49
|
|move|p1a: Jake the ripper|Calm Mind|p1a: Jake the ripper
|-boost|p1a: Jake the ripper|spa|1
|-boost|p1a: Jake the ripper|spd|1
|move|p2a: Love bites|Giga Drain|p1a: Jake the ripper
|-supereffective|p1a: Jake the ripper
|-end|p1a: Jake the ripper|Substitute
|-heal|p2a: Love bites|374\/404|[from] drain|[of] p1a: Jake the ripper
|
|-heal|p1a: Jake the ripper|283\/323|[from] item: Leftovers
|-heal|p2a: Love bites|399\/404|[from] item: Leftovers
|turn|50
|
|move|p1a: Jake the ripper|Calm Mind|p1a: Jake the ripper
|-boost|p1a: Jake the ripper|spa|1
|-boost|p1a: Jake the ripper|spd|1
|move|p2a: Love bites|Giga Drain|p1a: Jake the ripper
|-supereffective|p1a: Jake the ripper
|-damage|p1a: Jake the ripper|205\/323
|-heal|p2a: Love bites|404\/404|[from] drain|[of] p1a: Jake the ripper
|
|-heal|p1a: Jake the ripper|225\/323|[from] item: Leftovers
|turn|51
|
|move|p1a: Jake the ripper|Substitute|p1a: Jake the ripper
|-start|p1a: Jake the ripper|Substitute
|-damage|p1a: Jake the ripper|145\/323
|move|p2a: Love bites|Giga Drain|p1a: Jake the ripper
|-supereffective|p1a: Jake the ripper
|-end|p1a: Jake the ripper|Substitute
|
|-heal|p1a: Jake the ripper|165\/323|[from] item: Leftovers
|turn|52
|
|switch|p1a: AKA Leddit|Bisharp, F|334\/334
|-damage|p1a: AKA Leddit|314\/334|[from] Stealth Rock
|move|p2a: Love bites|Giga Drain|p1a: AKA Leddit
|-resisted|p1a: AKA Leddit
|-damage|p1a: AKA Leddit|254\/334
|
|-heal|p1a: AKA Leddit|274\/334|[from] item: Leftovers
|turn|53
|leave|heartfield
|join|blankaking
|
|switch|p2a: Animal|Keldeo-Resolute|181\/322
|move|p1a: AKA Leddit|Knock Off|p2a: Animal
|-resisted|p2a: Animal
|-damage|p2a: Animal|111\/322
|-boost|p2a: Animal|atk|1|[from] ability: Justified
|
|-heal|p1a: AKA Leddit|294\/334|[from] item: Leftovers
|turn|54
|
|switch|p2a: Armageddon it|Pinsir, M|271\/271
|switch|p1a: AKA Trice|Venusaur-Mega, F|311\/364
|-damage|p1a: AKA Trice|266\/364|[from] Stealth Rock
|
|turn|55
|
|switch|p1a: Aka Zenzoh|Skarmory, M|252\/334
|-damage|p1a: Aka Zenzoh|211\/334|[from] Stealth Rock
|detailschange|p2a: Armageddon it|Pinsir-Mega, M
|-mega|p2a: Armageddon it|Pinsir|Pinsirite
|move|p2a: Armageddon it|Swords Dance|p2a: Armageddon it
|-boost|p2a: Armageddon it|atk|2
|
|turn|56
|join|Appreciation
|
|move|p2a: Armageddon it|Swords Dance|p2a: Armageddon it
|-boost|p2a: Armageddon it|atk|2
|move|p1a: Aka Zenzoh|Brave Bird|p2a: Armageddon it
|-supereffective|p2a: Armageddon it
|-damage|p2a: Armageddon it|61\/271
|-damage|p1a: Aka Zenzoh|142\/334|[from] recoil|[of] p2a: Armageddon it
|
|turn|57
|c| Appreciation|welcome bloody
|c| CleanerThanRotom-W|welcome trice
|
|move|p2a: Armageddon it|Close Combat|p1a: Aka Zenzoh
|-damage|p1a: Aka Zenzoh|0 fnt
|-damage|p2a: Armageddon it|16\/271|[from] item: Rocky Helmet|[of] p1a: Aka Zenzoh
|-unboost|p2a: Armageddon it|def|1
|-unboost|p2a: Armageddon it|spd|1
|faint|p1a: Aka Zenzoh
|
|
|switch|p1a: AKA Leddit|Bisharp, F|294\/334
|-damage|p1a: AKA Leddit|274\/334|[from] Stealth Rock
|turn|58
|
|move|p1a: AKA Leddit|Sucker Punch|p2a: Armageddon it
|-damage|p2a: Armageddon it|0 fnt
|faint|p2a: Armageddon it
|
|-heal|p1a: AKA Leddit|294\/334|[from] item: Leftovers
|c| Appreciation|rekt
|
|switch|p2a: Animal|Keldeo-Resolute|111\/322
|turn|59
|
|switch|p2a: Undefeated|Metagross|319\/364
|switch|p1a: AKA Trice|Venusaur-Mega, F|266\/364
|-damage|p1a: AKA Trice|221\/364|[from] Stealth Rock
|
|-heal|p2a: Undefeated|341\/364|[from] item: Leftovers
|turn|60
|c| Appreciation|wheres bloody leddit..
|
|move|p1a: AKA Trice|Synthesis|p1a: AKA Trice
|-heal|p1a: AKA Trice|364\/364
|move|p2a: Undefeated|Meteor Mash|p1a: AKA Trice
|-damage|p1a: AKA Trice|258\/364
|
|-heal|p2a: Undefeated|363\/364|[from] item: Leftovers
|turn|61
|
|move|p1a: AKA Trice|Leech Seed|p2a: Undefeated
|-start|p2a: Undefeated|move: Leech Seed
|move|p2a: Undefeated|Meteor Mash|p1a: AKA Trice
|-damage|p1a: AKA Trice|140\/364
|-boost|p2a: Undefeated|atk|1
|
|-heal|p2a: Undefeated|364\/364|[from] item: Leftovers
|-damage|p2a: Undefeated|319\/364|[from] Leech Seed|[of] p1a: AKA Trice
|-heal|p1a: AKA Trice|185\/364|[silent]
|turn|62
|c|âwish killer|rip leddit
|c| Appreciation|rip lusty
|join|Zenzo
|
|move|p1a: AKA Trice|Synthesis|p1a: AKA Trice
|-heal|p1a: AKA Trice|364\/364
|move|p2a: Undefeated|Meteor Mash|p1a: AKA Trice
|-damage|p1a: AKA Trice|186\/364
|
|-heal|p2a: Undefeated|341\/364|[from] item: Leftovers
|-damage|p2a: Undefeated|296\/364|[from] Leech Seed|[of] p1a: AKA Trice
|-heal|p1a: AKA Trice|231\/364|[silent]
|turn|63
|
|move|p1a: AKA Trice|Hidden Power|p2a: Undefeated
|-supereffective|p2a: Undefeated
|-damage|p2a: Undefeated|184\/364
|move|p2a: Undefeated|Earthquake|p1a: AKA Trice
|-damage|p1a: AKA Trice|98\/364
|
|-heal|p2a: Undefeated|206\/364|[from] item: Leftovers
|-damage|p2a: Undefeated|161\/364|[from] Leech Seed|[of] p1a: AKA Trice
|-heal|p1a: AKA Trice|143\/364|[silent]
|turn|64
|
|move|p1a: AKA Trice|Synthesis|p1a: AKA Trice
|-heal|p1a: AKA Trice|325\/364
|move|p2a: Undefeated|Meteor Mash|p1a: AKA Trice
|-damage|p1a: AKA Trice|148\/364
|-boost|p2a: Undefeated|atk|1
|
|-heal|p2a: Undefeated|183\/364|[from] item: Leftovers
|-damage|p2a: Undefeated|138\/364|[from] Leech Seed|[of] p1a: AKA Trice
|-heal|p1a: AKA Trice|193\/364|[silent]
|turn|65
|join|wish cleaner
|c| Appreciation|o fak,,
|
|move|p1a: AKA Trice|Synthesis|p1a: AKA Trice
|-heal|p1a: AKA Trice|364\/364
|move|p2a: Undefeated|Meteor Mash|p1a: AKA Trice
|-damage|p1a: AKA Trice|153\/364
|
|-heal|p2a: Undefeated|160\/364|[from] item: Leftovers
|-damage|p2a: Undefeated|115\/364|[from] Leech Seed|[of] p1a: AKA Trice
|-heal|p1a: AKA Trice|198\/364|[silent]
|turn|66
|join|wish reviver
|
|move|p1a: AKA Trice|Synthesis|p1a: AKA Trice
|-heal|p1a: AKA Trice|364\/364
|move|p2a: Undefeated|Meteor Mash|p1a: AKA Trice|[miss]
|-miss|p2a: Undefeated|p1a: AKA Trice
|
|-heal|p2a: Undefeated|137\/364|[from] item: Leftovers
|-damage|p2a: Undefeated|92\/364|[from] Leech Seed|[of] p1a: AKA Trice
|turn|67
|c| wish reviver|rekt
|c| wish reviver|what is a metagross to aka trice
|
|switch|p2a: Love bites|Celebi|404\/404
|move|p1a: AKA Trice|Hidden Power|p2a: Love bites
|-supereffective|p2a: Love bites
|-damage|p2a: Love bites|326\/404
|
|-heal|p2a: Love bites|351\/404|[from] item: Leftovers
|turn|68
|
|move|p2a: Love bites|Heal Bell|p2a: Love bites
|-cureteam|p2a: Love bites|[from] move: HealBell
|move|p1a: AKA Trice|Hidden Power|p2a: Love bites
|-supereffective|p2a: Love bites
|-damage|p2a: Love bites|267\/404
|
|-heal|p2a: Love bites|292\/404|[from] item: Leftovers
|turn|69
|c| wish cleaner|turn 69
|
|switch|p1a: Teleee is 18|Heatran, F|193\/340 par
|-damage|p1a: Teleee is 18|151\/340 par|[from] Stealth Rock
|move|p2a: Love bites|Thunder Wave|p1a: Teleee is 18
|-fail|p1a: Teleee is 18|par
|
|-heal|p2a: Love bites|317\/404|[from] item: Leftovers
|turn|70
|c| wish reviver|donk
|
|switch|p2a: Pour sugar on me|Donphan, M|336\/384
|move|p1a: Teleee is 18|Fire Blast|p2a: Pour sugar on me
|-damage|p2a: Pour sugar on me|90\/384
|
|-heal|p2a: Pour sugar on me|114\/384|[from] item: Leftovers
|turn|71
|
|switch|p1a: AKA Trice|Venusaur-Mega, F|364\/364
|-damage|p1a: AKA Trice|319\/364|[from] Stealth Rock
|move|p2a: Pour sugar on me|Earthquake|p1a: AKA Trice
|-damage|p1a: AKA Trice|211\/364
|
|-heal|p2a: Pour sugar on me|138\/384|[from] item: Leftovers
|turn|72
|
|switch|p2a: Love bites|Celebi|317\/404
|move|p1a: AKA Trice|Hidden Power|p2a: Love bites
|-supereffective|p2a: Love bites
|-damage|p2a: Love bites|229\/404
|
|-heal|p2a: Love bites|254\/404|[from] item: Leftovers
|turn|73
|c|âLef Deppard|Hoe many synthesis left?
|
|switch|p2a: Animal|Keldeo-Resolute|111\/322
|switch|p1a: AKA Leddit|Bisharp, F|294\/334
|-damage|p1a: AKA Leddit|274\/334|[from] Stealth Rock
|
|-heal|p1a: AKA Leddit|294\/334|[from] item: Leftovers
|turn|74
|c| wish reviver|>hoe
|c|âLef Deppard|How
|c| wish cleaner|hoe lol
|c| wish reviver|insult us one more time
|c| wish reviver|and we
|c| wish reviver|call a mod to ban u
|c| wish reviver|:)
|c| wish reviver|u wanna mod again?
|c|âLef Deppard|Doesn't take a lot to get banned huh?
|c| wish reviver|bloody if u were from germany this wouldve been funny
|c| wish reviver|,,,
|c| wish reviver|huh?
|
|switch|p1a: AKA Trice|Venusaur-Mega, F|211\/364
|-damage|p1a: AKA Trice|166\/364|[from] Stealth Rock
|move|p2a: Animal|Scald|p1a: AKA Trice
|-resisted|p1a: AKA Trice
|-damage|p1a: AKA Trice|109\/364
|
|turn|75
|c| wish reviver|no burn
|c| wish reviver|rekt
|
|move|p2a: Animal|Scald|p1a: AKA Trice
|-resisted|p1a: AKA Trice
|-damage|p1a: AKA Trice|52\/364
|-status|p1a: AKA Trice|brn
|move|p1a: AKA Trice|Synthesis|p1a: AKA Trice
|-heal|p1a: AKA Trice|234\/364 brn
|
|-damage|p1a: AKA Trice|189\/364 brn|[from] brn
|turn|76
|c| wish reviver|>goes for it
|c| wish reviver|>gets it
|c| wish reviver|worst player WOR
|
|switch|p2a: Love bites|Celebi|254\/404
|move|p1a: AKA Trice|Giga Drain|p2a: Love bites
|-resisted|p2a: Love bites
|-damage|p2a: Love bites|215\/404
|-heal|p1a: AKA Trice|209\/364 brn|[from] drain|[of] p2a: Love bites
|
|-heal|p2a: Love bites|240\/404|[from] item: Leftovers
|-damage|p1a: AKA Trice|164\/364 brn|[from] brn
|turn|77
|
|switch|p2a: Animal|Keldeo-Resolute|111\/322
|switch|p1a: AKA Leddit|Bisharp, F|294\/334
|-damage|p1a: AKA Leddit|274\/334|[from] Stealth Rock
|
|-heal|p1a: AKA Leddit|294\/334|[from] item: Leftovers
|turn|78
|c| wish reviver|my bisharp...
|
|switch|p1a: AKA Trice|Venusaur-Mega, F|164\/364 brn
|-damage|p1a: AKA Trice|119\/364 brn|[from] Stealth Rock
|move|p2a: Animal|Secret Sword|p1a: AKA Trice
|-resisted|p1a: AKA Trice
|-damage|p1a: AKA Trice|70\/364 brn
|
|-damage|p1a: AKA Trice|25\/364 brn|[from] brn
|turn|79
|c| wish reviver|rip my venu
|
|move|p2a: Animal|Secret Sword|p1a: AKA Trice
|-resisted|p1a: AKA Trice
|-damage|p1a: AKA Trice|0 fnt
|faint|p1a: AKA Trice
|
|
|switch|p1a: Jake the ripper|Keldeo|165\/323
|-damage|p1a: Jake the ripper|145\/323|[from] Stealth Rock
|turn|80
|c| wish reviver|GO JAKE
|c| wish cleaner|jake is here
|
|switch|p2a: Love bites|Celebi|240\/404
|move|p1a: Jake the ripper|Secret Sword|p2a: Love bites
|-crit|p2a: Love bites
|-resisted|p2a: Love bites
|-damage|p2a: Love bites|120\/404
|
|-heal|p1a: Jake the ripper|165\/323|[from] item: Leftovers
|-heal|p2a: Love bites|145\/404|[from] item: Leftovers
|turn|81
|c| wish cleaner|to safe the game
|c| wish reviver|one more crit imo
|
|switch|p1a: AKA Leddit|Bisharp, F|294\/334
|-damage|p1a: AKA Leddit|274\/334|[from] Stealth Rock
|move|p2a: Love bites|Giga Drain|p1a: AKA Leddit
|-resisted|p1a: AKA Leddit
|-damage|p1a: AKA Leddit|214\/334
|-heal|p2a: Love bites|175\/404|[from] drain|[of] p1a: AKA Leddit
|
|-heal|p2a: Love bites|200\/404|[from] item: Leftovers
|-heal|p1a: AKA Leddit|234\/334|[from] item: Leftovers
|turn|82
|c| wish cleaner|0 switch ins
|c| wish cleaner|yum
|c| wish reviver|bloody play pls
|c| wish reviver|,,,
|c|âwish killer|pursuit
|c| wish reviver|bloody is gonna do something else
|
|move|p2a: Love bites|Thunder Wave|p1a: AKA Leddit
|-status|p1a: AKA Leddit|par
|move|p1a: AKA Leddit|Swords Dance|p1a: AKA Leddit
|-boost|p1a: AKA Leddit|atk|2
|
|-heal|p2a: Love bites|225\/404|[from] item: Leftovers
|-heal|p1a: AKA Leddit|254\/334 par|[from] item: Leftovers
|turn|83
|c| wish reviver|>twave
|c| wish reviver|bad game
|c| wish reviver|BAD game
|
|move|p2a: Love bites|Giga Drain|p1a: AKA Leddit
|-resisted|p1a: AKA Leddit
|-damage|p1a: AKA Leddit|200\/334 par
|-heal|p2a: Love bites|252\/404|[from] drain|[of] p1a: AKA Leddit
|move|p1a: AKA Leddit|Knock Off|p2a: Love bites
|-supereffective|p2a: Love bites
|-damage|p2a: Love bites|0 fnt
|-enditem|p2a: Love bites|Leftovers|[from] move: Knock Off|[of] p1a: AKA Leddit
|faint|p2a: Love bites
|
|-heal|p1a: AKA Leddit|220\/334 par|[from] item: Leftovers
|c| wish cleaner|rip
|c| wish reviver|u couldve went for sd again lel
|c| wish cleaner|keldeo switch ins
|
|switch|p2a: Undefeated|Metagross|92\/364
|turn|84
|c| wish reviver|>undefeated
|
|move|p1a: AKA Leddit|Sucker Punch|p2a: Undefeated
|-supereffective|p2a: Undefeated
|-damage|p2a: Undefeated|0 fnt
|faint|p2a: Undefeated
|
|-heal|p1a: AKA Leddit|240\/334 par|[from] item: Leftovers
|c| wish reviver|>UNDEFEATED
|
|switch|p2a: Pour sugar on me|Donphan, M|138\/384
|turn|85
|c| wish reviver|The opposing Undefeated fainted!
|c| wish reviver|The opposing Undefeated fainted!
|c| wish reviver|AKA DH: LOL
|
|cant|p1a: AKA Leddit|par
|move|p2a: Pour sugar on me|Earthquake|p1a: AKA Leddit
|-supereffective|p1a: AKA Leddit
|-damage|p1a: AKA Leddit|0 fnt
|faint|p1a: AKA Leddit
|
|-heal|p2a: Pour sugar on me|162\/384|[from] item: Leftovers
|c| wish reviver|nice hax
|
|switch|p1a: Jake the ripper|Keldeo|165\/323
|-damage|p1a: Jake the ripper|145\/323|[from] Stealth Rock
|turn|86
|c|âLef Deppard|Well
|c|âLef Deppard|thats why I use t wave
|c| wish reviver|>i use twave
|c| wish reviver|>because i need hax to win
|c|âLef Deppard|Yeah yeah
|c| wish reviver|awfu ladder crap XD
|c|âLef Deppard|thats why
|c| wish reviver|why do u use
|c| wish reviver|twavew
|c| wish reviver|give me a reason
|c| wish reviver|:^)
|
|move|p1a: Jake the ripper|Scald|p2a: Pour sugar on me
|-supereffective|p2a: Pour sugar on me
|-damage|p2a: Pour sugar on me|0 fnt
|faint|p2a: Pour sugar on me
|
|-heal|p1a: Jake the ripper|165\/323|[from] item: Leftovers
|
|switch|p2a: Photograph|Zapdos|169\/384
|-ability|p2a: Photograph|Pressure
|turn|87
|
|switch|p1a: RS Cleaner|Chansey, F|684\/684
|-damage|p1a: RS Cleaner|599\/684|[from] Stealth Rock
|switch|p2a: Animal|Keldeo-Resolute|111\/322
|
|turn|88
|
|move|p2a: Animal|Secret Sword|p1a: RS Cleaner
|-supereffective|p1a: RS Cleaner
|-damage|p1a: RS Cleaner|185\/684
|move|p1a: RS Cleaner|Thunder Wave|p2a: Animal
|-status|p2a: Animal|par
|
|turn|89
|c| wish reviver|rekt
|
|move|p1a: RS Cleaner|Soft-Boiled|p1a: RS Cleaner
|-heal|p1a: RS Cleaner|527\/684
|move|p2a: Animal|Secret Sword|p1a: RS Cleaner
|-supereffective|p1a: RS Cleaner
|-damage|p1a: RS Cleaner|131\/684
|
|turn|90
|c| wish cleaner|im
|c| wish reviver|>not getting parad
|c| wish cleaner|bulkE
|
|move|p1a: RS Cleaner|Soft-Boiled|p1a: RS Cleaner
|-heal|p1a: RS Cleaner|473\/684
|move|p2a: Animal|Secret Sword|p1a: RS Cleaner
|-supereffective|p1a: RS Cleaner
|-damage|p1a: RS Cleaner|69\/684
|
|turn|91
|c| wish cleaner|RS
|c| wish reviver|NOT GETTING PARAD
|
|move|p1a: RS Cleaner|Aromatherapy|p1a: RS Cleaner
|-cureteam|p1a: RS Cleaner|[from] move: Aromatherapy
|move|p2a: Animal|Secret Sword|p1a: RS Cleaner
|-crit|p1a: RS Cleaner
|-supereffective|p1a: RS Cleaner
|-damage|p1a: RS Cleaner|0 fnt
|faint|p1a: RS Cleaner
|
|c| wish reviver|lol
|c| wish reviver|not getting parad once
|
|switch|p1a: Jake the ripper|Keldeo|165\/323
|-damage|p1a: Jake the ripper|145\/323|[from] Stealth Rock
|turn|92
|c| wish reviver|okokokokokokokokokokokokok
|c| wish reviver|bloody
|
|move|p1a: Jake the ripper|Substitute|p1a: Jake the ripper
|-start|p1a: Jake the ripper|Substitute
|-damage|p1a: Jake the ripper|65\/323
|move|p2a: Animal|Secret Sword|p1a: Jake the ripper
|-end|p1a: Jake the ripper|Substitute
|
|-heal|p1a: Jake the ripper|85\/323|[from] item: Leftovers
|turn|93
|c| wish cleaner|i supported the team enough
|c| wish reviver|i think u can
|c| wish cleaner|:^)
|c| wish reviver|cm here or not
|c| wish reviver|why didnt u cm
|c| wish reviver|,,,,,,,,,,
|
|move|p1a: Jake the ripper|Substitute|p1a: Jake the ripper
|-start|p1a: Jake the ripper|Substitute
|-damage|p1a: Jake the ripper|5\/323
|cant|p2a: Animal|par
|
|-heal|p1a: Jake the ripper|25\/323|[from] item: Leftovers
|turn|94
|c| wish cleaner|cuz sword kills...
|c| wish reviver|it doesnt
|c| wish reviver|its not specs
|c| wish cleaner|it
|c| wish cleaner|does
|
|move|p1a: Jake the ripper|Calm Mind|p1a: Jake the ripper
|-boost|p1a: Jake the ripper|spa|1
|-boost|p1a: Jake the ripper|spd|1
|move|p2a: Animal|Secret Sword|p1a: Jake the ripper
|-end|p1a: Jake the ripper|Substitute
|
|-heal|p1a: Jake the ripper|45\/323|[from] item: Leftovers
|turn|95
|
|move|p1a: Jake the ripper|Secret Sword|p2a: Animal
|-damage|p2a: Animal|0 fnt
|faint|p2a: Animal
|
|-heal|p1a: Jake the ripper|65\/323|[from] item: Leftovers
|c| wish cleaner|jake
|c| wish cleaner|saving the game
|c| wish reviver|ok ez crit burn here
|
|switch|p2a: Photograph|Zapdos|169\/384
|-ability|p2a: Photograph|Pressure
|turn|96
|c| wish reviver|jake the ripper
|c| wish reviver|;)
|c| wish cleaner|no crit needed
|c| wish cleaner|:^)
|c| wish reviver|GO BLOODY KELD
|
|move|p1a: Jake the ripper|Scald|p2a: Photograph
|-damage|p2a: Photograph|0 fnt
|faint|p2a: Photograph
|
|win|wish killer
|raw|Ladder updating...
|c| wish reviver|spd dos y\/m
|c| wish reviver|ok ez win
|c|âLef Deppard|Gg
|c| wish reviver|bad game
|c|âwish killer|gg
|leave|wish reviver
|leave|Zenzo
|raw|wish killer's rating: 1834 &rarr; <strong>1849<\/strong><br \/>(+15 for winning)
|raw|Lef Deppard's rating: 1741 &rarr; <strong>1726<\/strong><br \/>(-15 for losing)
|leave|Lef Deppard
|player|p2
|join|heartfield
|leave|heartfield
|join|Zenzo
|leave|Zenzo
|join|wish reviver
|c| wish reviver|bvloody
|c| wish reviver|leave this battle
|leave|wish reviver