|join|JiaShengz
|join|Where Dey At Doe
|player|p1|JiaShengz|266
|player|p2|Where Dey At Doe|270
|gametype|singles
|gen|6
|tier|OU
|rated
|clearpoke
|poke|p1|Sableye, F
|poke|p1|Heatran, M
|poke|p1|Tentacruel, M
|poke|p1|Chesnaught, F
|poke|p1|Chansey, F
|poke|p1|Clefable, F
|poke|p2|Metagross, shiny
|poke|p2|Keldeo-Resolute, shiny
|poke|p2|Victini
|poke|p2|Chansey, F, shiny
|poke|p2|Zapdos
|poke|p2|Rotom-Wash, shiny
|rule|Swagger Clause: Swagger is banned
|rule|Baton Pass Clause: Limit one PokÃ©mon knowing Baton Pass
|rule|Sleep Clause Mod: Limit one foe put to sleep
|rule|Species Clause: Limit one of each PokÃ©mon
|rule|OHKO Clause: OHKO moves are banned
|rule|Moody Clause: Moody is banned
|rule|Evasion Moves Clause: Evasion moves are banned
|rule|Endless Battle Clause: Forcing endless battles is banned
|rule|HP Percentage Mod: HP is shown in percentages
|teampreview
|
|start
|switch|p1a: Sableye|Sableye, F|304\/304
|switch|p2a: Keldeo-Resolute|Keldeo-Resolute, shiny|324\/324
|turn|1
|
|switch|p1a: Chesnaught|Chesnaught, F|380\/380
|move|p2a: Keldeo-Resolute|Scald|p1a: Chesnaught
|-resisted|p1a: Chesnaught
|-damage|p1a: Chesnaught|297\/380
|-status|p1a: Chesnaught|brn
|
|-heal|p1a: Chesnaught|320\/380 brn|[from] item: Leftovers
|-damage|p1a: Chesnaught|273\/380 brn|[from] brn
|turn|2
|
|move|p2a: Keldeo-Resolute|Icy Wind|p1a: Chesnaught
|-miss|p2a: Keldeo-Resolute|p1a: Chesnaught
|move|p1a: Chesnaught|Leech Seed|p2a: Keldeo-Resolute
|-start|p2a: Keldeo-Resolute|move: Leech Seed
|
|-heal|p1a: Chesnaught|296\/380 brn|[from] item: Leftovers
|-damage|p2a: Keldeo-Resolute|284\/324|[from] Leech Seed|[of] p1a: Chesnaught
|-heal|p1a: Chesnaught|336\/380 brn|[silent]
|-damage|p1a: Chesnaught|289\/380 brn|[from] brn
|turn|3
|
|switch|p2a: Chansey|Chansey, F, shiny|679\/679
|switch|p1a: Tentacruel|Tentacruel, M|361\/361
|
|turn|4
|
|switch|p2a: Zapdos|Zapdos|384\/384
|-ability|p2a: Zapdos|Pressure
|move|p1a: Tentacruel|Toxic Spikes|p2a: Zapdos
|-sidestart|p2: Where Dey At Doe|move: Toxic Spikes
|
|turn|5
|
|move|p2a: Zapdos|Discharge|p1a: Tentacruel
|-crit|p1a: Tentacruel
|-supereffective|p1a: Tentacruel
|-damage|p1a: Tentacruel|41\/361
|move|p1a: Tentacruel|Acid Spray|p2a: Zapdos
|-damage|p2a: Zapdos|338\/384
|-unboost|p2a: Zapdos|spd|2
|
|-heal|p2a: Zapdos|362\/384|[from] item: Leftovers
|-heal|p1a: Tentacruel|63\/361|[from] item: Black Sludge
|turn|6
|
|switch|p1a: Heatran|Heatran, M|386\/386
|move|p2a: Zapdos|Defog|p1a: Heatran
|-unboost|p1a: Heatran|evasion|1
|-sideend|p2: Where Dey At Doe|Toxic Spikes|[from] move: Defog|[of] p2a: Zapdos
|
|-heal|p2a: Zapdos|384\/384|[from] item: Leftovers
|turn|7
|
|switch|p2a: Chansey|Chansey, F, shiny|679\/679
|move|p1a: Heatran|Stealth Rock|p2a: Chansey
|-sidestart|p2: Where Dey At Doe|move: Stealth Rock
|
|turn|8
|
|move|p1a: Heatran|Taunt|p2a: Chansey
|-start|p2a: Chansey|move: Taunt
|cant|p2a: Chansey|move: Taunt|Stealth Rock
|
|turn|9
|
|switch|p1a: Sableye|Sableye, F|304\/304
|switch|p2a: Keldeo-Resolute|Keldeo-Resolute, shiny|284\/324
|-damage|p2a: Keldeo-Resolute|264\/324|[from] Stealth Rock
|
|turn|10
|
|switch|p1a: Clefable|Clefable, F|394\/394
|move|p2a: Keldeo-Resolute|Scald|p1a: Clefable
|-damage|p1a: Clefable|250\/394
|-status|p1a: Clefable|brn
|
|-heal|p1a: Clefable|274\/394 brn|[from] item: Leftovers
|-damage|p1a: Clefable|225\/394 brn|[from] brn
|turn|11
|
|switch|p2a: Chansey|Chansey, F, shiny|679\/679
|-damage|p2a: Chansey|595\/679|[from] Stealth Rock
|move|p1a: Clefable|Wish|p1a: Clefable
|
|-heal|p1a: Clefable|249\/394 brn|[from] item: Leftovers
|-damage|p1a: Clefable|200\/394 brn|[from] brn
|turn|12
|
|switch|p1a: Chansey|Chansey, F|703\/703
|move|p2a: Chansey|Stealth Rock|p1a: Chansey
|-sidestart|p1: JiaShengz|move: Stealth Rock
|
|turn|13
|
|move|p1a: Chansey|Heal Bell|p1a: Chansey
|-cureteam|p1a: Chansey|[from] move: HealBell
|move|p2a: Chansey|Thunder Wave|p1a: Chansey
|-status|p1a: Chansey|par
|
|turn|14
|
|move|p2a: Chansey|Thunder Wave|p1a: Chansey
|-fail|p1a: Chansey|par
|move|p1a: Chansey|Wish|p1a: Chansey
|
|turn|15
|
|switch|p1a: Tentacruel|Tentacruel, M|63\/361
|-damage|p1a: Tentacruel|18\/361|[from] Stealth Rock
|move|p2a: Chansey|Seismic Toss|p1a: Tentacruel
|-damage|p1a: Tentacruel|0 fnt
|faint|p1a: Tentacruel
|
|
|switch|p1a: Chesnaught|Chesnaught, F|289\/380
|-damage|p1a: Chesnaught|266\/380|[from] Stealth Rock
|turn|16
|
|switch|p2a: Metagross|Metagross, shiny|301\/301
|-damage|p2a: Metagross|283\/301|[from] Stealth Rock
|move|p1a: Chesnaught|Leech Seed|p2a: Metagross|[miss]
|-miss|p1a: Chesnaught|p2a: Metagross
|
|-heal|p1a: Chesnaught|289\/380|[from] item: Leftovers
|turn|17
|
|detailschange|p2a: Metagross|Metagross-Mega, shiny
|message|Metagross has Mega Evolved into Mega Metagross!
|move|p1a: Chesnaught|Spiky Shield|p1a: Chesnaught
|-singleturn|p1a: Chesnaught|move: Protect
|move|p2a: Metagross|Meteor Mash|p1a: Chesnaught
|-activate|p1a: Chesnaught|move: Protect
|-damage|p2a: Metagross|246\/301|[from] Spiky Shield|[of] p1a: Chesnaught
|
|-heal|p1a: Chesnaught|312\/380|[from] item: Leftovers
|turn|18
|
|move|p2a: Metagross|Meteor Mash|p1a: Chesnaught
|-damage|p1a: Chesnaught|174\/380
|-boost|p2a: Metagross|atk|1
|move|p1a: Chesnaught|Leech Seed|p2a: Metagross
|-start|p2a: Metagross|move: Leech Seed
|
|-heal|p1a: Chesnaught|197\/380|[from] item: Leftovers
|-damage|p2a: Metagross|209\/301|[from] Leech Seed|[of] p1a: Chesnaught
|-heal|p1a: Chesnaught|234\/380|[silent]
|turn|19
|
|move|p1a: Chesnaught|Spiky Shield|p1a: Chesnaught
|-singleturn|p1a: Chesnaught|move: Protect
|move|p2a: Metagross|Zen Headbutt|p1a: Chesnaught
|-activate|p1a: Chesnaught|move: Protect
|-damage|p2a: Metagross|172\/301|[from] Spiky Shield|[of] p1a: Chesnaught
|
|-heal|p1a: Chesnaught|257\/380|[from] item: Leftovers
|-damage|p2a: Metagross|135\/301|[from] Leech Seed|[of] p1a: Chesnaught
|-heal|p1a: Chesnaught|294\/380|[silent]
|turn|20
|
|move|p2a: Metagross|Meteor Mash|p1a: Chesnaught
|-damage|p1a: Chesnaught|95\/380
|move|p1a: Chesnaught|Drain Punch|p2a: Metagross
|-damage|p2a: Metagross|60\/301
|-heal|p1a: Chesnaught|133\/380|[from] drain|[of] p2a: Metagross
|
|-heal|p1a: Chesnaught|156\/380|[from] item: Leftovers
|-damage|p2a: Metagross|23\/301|[from] Leech Seed|[of] p1a: Chesnaught
|-heal|p1a: Chesnaught|193\/380|[silent]
|turn|21
|
|switch|p2a: Keldeo-Resolute|Keldeo-Resolute, shiny|264\/324
|-damage|p2a: Keldeo-Resolute|244\/324|[from] Stealth Rock
|move|p1a: Chesnaught|Spiky Shield|p1a: Chesnaught
|-fail|p1a: Chesnaught
|
|-heal|p1a: Chesnaught|216\/380|[from] item: Leftovers
|turn|22
|
|move|p1a: Chesnaught|Spiky Shield|p1a: Chesnaught
|-singleturn|p1a: Chesnaught|move: Protect
|move|p2a: Keldeo-Resolute|Hydro Pump|p1a: Chesnaught
|-activate|p1a: Chesnaught|move: Protect
|
|-heal|p1a: Chesnaught|239\/380|[from] item: Leftovers
|turn|23
|
|move|p2a: Keldeo-Resolute|Icy Wind|p1a: Chesnaught
|-supereffective|p1a: Chesnaught
|-damage|p1a: Chesnaught|33\/380
|-unboost|p1a: Chesnaught|spe|1
|move|p1a: Chesnaught|Leech Seed|p2a: Keldeo-Resolute
|-start|p2a: Keldeo-Resolute|move: Leech Seed
|
|-heal|p1a: Chesnaught|56\/380|[from] item: Leftovers
|-damage|p2a: Keldeo-Resolute|204\/324|[from] Leech Seed|[of] p1a: Chesnaught
|-heal|p1a: Chesnaught|96\/380|[silent]
|turn|24
|
|switch|p2a: Chansey|Chansey, F, shiny|595\/679
|-damage|p2a: Chansey|511\/679|[from] Stealth Rock
|move|p1a: Chesnaught|Spiky Shield|p1a: Chesnaught
|-fail|p1a: Chesnaught
|
|-heal|p1a: Chesnaught|119\/380|[from] item: Leftovers
|turn|25
|
|move|p2a: Chansey|Thunder Wave|p1a: Chesnaught
|-status|p1a: Chesnaught|par
|cant|p1a: Chesnaught|par
|
|-heal|p1a: Chesnaught|142\/380 par|[from] item: Leftovers
|turn|26
|
|move|p2a: Chansey|Seismic Toss|p1a: Chesnaught
|-damage|p1a: Chesnaught|42\/380 par
|move|p1a: Chesnaught|Leech Seed|p2a: Chansey
|-start|p2a: Chansey|move: Leech Seed
|
|-heal|p1a: Chesnaught|65\/380 par|[from] item: Leftovers
|-damage|p2a: Chansey|427\/679|[from] Leech Seed|[of] p1a: Chesnaught
|-heal|p1a: Chesnaught|149\/380 par|[silent]
|turn|27
|
|switch|p2a: Keldeo-Resolute|Keldeo-Resolute, shiny|204\/324
|-damage|p2a: Keldeo-Resolute|184\/324|[from] Stealth Rock
|move|p1a: Chesnaught|Drain Punch|p2a: Keldeo-Resolute
|-damage|p2a: Keldeo-Resolute|82\/324
|-heal|p1a: Chesnaught|200\/380 par|[from] drain|[of] p2a: Keldeo-Resolute
|
|-heal|p1a: Chesnaught|223\/380 par|[from] item: Leftovers
|turn|28
|
|move|p1a: Chesnaught|Spiky Shield|p1a: Chesnaught
|-singleturn|p1a: Chesnaught|move: Protect
|move|p2a: Keldeo-Resolute|Icy Wind|p1a: Chesnaught
|-activate|p1a: Chesnaught|move: Protect
|
|-heal|p1a: Chesnaught|246\/380 par|[from] item: Leftovers
|turn|29
|
|move|p2a: Keldeo-Resolute|Icy Wind|p1a: Chesnaught
|-supereffective|p1a: Chesnaught
|-damage|p1a: Chesnaught|52\/380 par
|-unboost|p1a: Chesnaught|spe|1
|cant|p1a: Chesnaught|par
|
|-heal|p1a: Chesnaught|75\/380 par|[from] item: Leftovers
|turn|30
|
|move|p2a: Keldeo-Resolute|Scald|p1a: Chesnaught
|-resisted|p1a: Chesnaught
|-damage|p1a: Chesnaught|0 fnt
|faint|p1a: Chesnaught
|
|
|switch|p1a: Sableye|Sableye, F|304\/304
|-damage|p1a: Sableye|266\/304|[from] Stealth Rock
|turn|31
|
|detailschange|p1a: Sableye|Sableye-Mega, F
|message|Sableye has Mega Evolved into Mega Sableye!
|move|p1a: Sableye|Will-O-Wisp|p2a: Keldeo-Resolute
|-status|p2a: Keldeo-Resolute|brn
|move|p2a: Keldeo-Resolute|Scald|p1a: Sableye
|-damage|p1a: Sableye|134\/304
|-status|p1a: Sableye|brn
|
|-damage|p2a: Keldeo-Resolute|42\/324 brn|[from] brn
|-damage|p1a: Sableye|96\/304 brn|[from] brn
|turn|32
|
|switch|p1a: Chansey|Chansey, F|703\/703
|-damage|p1a: Chansey|616\/703|[from] Stealth Rock
|move|p2a: Keldeo-Resolute|Scald|p1a: Chansey
|-damage|p1a: Chansey|531\/703
|
|-damage|p2a: Keldeo-Resolute|2\/324 brn|[from] brn
|turn|33
|
|move|p2a: Keldeo-Resolute|Secret Sword|p1a: Chansey
|-supereffective|p1a: Chansey
|-damage|p1a: Chansey|17\/703
|move|p1a: Chansey|Soft-Boiled|p1a: Chansey
|-heal|p1a: Chansey|369\/703
|
|-damage|p2a: Keldeo-Resolute|0 fnt|[from] brn
|faint|p2a: Keldeo-Resolute
|
|switch|p2a: Metagross|Metagross-Mega, shiny|23\/301
|-damage|p2a: Metagross|5\/301|[from] Stealth Rock
|turn|34
|
|move|p2a: Metagross|Meteor Mash|p1a: Chansey|[miss]
|-miss|p2a: Metagross|p1a: Chansey
|move|p1a: Chansey|Seismic Toss|p2a: Metagross
|-damage|p2a: Metagross|0 fnt
|faint|p2a: Metagross
|
|
|switch|p2a: Victini|Victini|355\/355
|-damage|p2a: Victini|267\/355|[from] Stealth Rock
|turn|35
|
|move|p2a: Victini|Bolt Strike|p1a: Chansey
|-damage|p1a: Chansey|94\/703
|-status|p1a: Chansey|par
|cant|p1a: Chansey|par
|
|turn|36
|
|move|p2a: Victini|Bolt Strike|p1a: Chansey
|-damage|p1a: Chansey|0 fnt
|faint|p1a: Chansey
|
|
|switch|p1a: Clefable|Clefable, F|200\/394
|-damage|p1a: Clefable|151\/394|[from] Stealth Rock
|turn|37
|
|move|p1a: Clefable|Protect|p1a: Clefable
|-singleturn|p1a: Clefable|Protect
|move|p2a: Victini|Bolt Strike|p1a: Clefable
|-activate|p1a: Clefable|Protect
|
|-heal|p1a: Clefable|175\/394|[from] item: Leftovers
|turn|38
|
|move|p2a: Victini|Bolt Strike|p1a: Clefable
|-damage|p1a: Clefable|0 fnt
|faint|p1a: Clefable
|
|
|switch|p1a: Heatran|Heatran, M|386\/386
|-damage|p1a: Heatran|338\/386|[from] Stealth Rock
|turn|39
|
|move|p2a: Victini|Bolt Strike|p1a: Heatran|[miss]
|-miss|p2a: Victini|p1a: Heatran
|move|p1a: Heatran|Toxic|p2a: Victini
|-status|p2a: Victini|tox
|
|-heal|p1a: Heatran|362\/386|[from] item: Leftovers
|-damage|p2a: Victini|245\/355 tox|[from] psn
|turn|40
|
|switch|p2a: Rotom-Wash|Rotom-Wash, shiny|304\/304
|-damage|p2a: Rotom-Wash|266\/304|[from] Stealth Rock
|move|p1a: Heatran|Lava Plume|p2a: Rotom-Wash
|-resisted|p2a: Rotom-Wash
|-damage|p2a: Rotom-Wash|207\/304
|
|-heal|p2a: Rotom-Wash|226\/304|[from] item: Leftovers
|-heal|p1a: Heatran|386\/386|[from] item: Leftovers
|turn|41
|
|move|p2a: Rotom-Wash|Hydro Pump|p1a: Heatran|[miss]
|-miss|p2a: Rotom-Wash|p1a: Heatran
|move|p1a: Heatran|Toxic|p2a: Rotom-Wash
|-status|p2a: Rotom-Wash|tox
|
|-heal|p2a: Rotom-Wash|245\/304 tox|[from] item: Leftovers
|-damage|p2a: Rotom-Wash|226\/304 tox|[from] psn
|turn|42
|
|move|p2a: Rotom-Wash|Hydro Pump|p1a: Heatran
|-supereffective|p1a: Heatran
|-damage|p1a: Heatran|204\/386
|move|p1a: Heatran|Lava Plume|p2a: Rotom-Wash
|-resisted|p2a: Rotom-Wash
|-damage|p2a: Rotom-Wash|175\/304 tox
|
|-heal|p2a: Rotom-Wash|194\/304 tox|[from] item: Leftovers
|-heal|p1a: Heatran|228\/386|[from] item: Leftovers
|-damage|p2a: Rotom-Wash|156\/304 tox|[from] psn
|turn|43
|
|move|p2a: Rotom-Wash|Hydro Pump|p1a: Heatran
|-supereffective|p1a: Heatran
|-damage|p1a: Heatran|34\/386
|move|p1a: Heatran|Taunt|p2a: Rotom-Wash
|-start|p2a: Rotom-Wash|move: Taunt
|
|-heal|p2a: Rotom-Wash|175\/304 tox|[from] item: Leftovers
|-heal|p1a: Heatran|58\/386|[from] item: Leftovers
|-damage|p2a: Rotom-Wash|118\/304 tox|[from] psn
|turn|44
|
|switch|p1a: Sableye|Sableye-Mega, F|96\/304 brn
|-damage|p1a: Sableye|58\/304 brn|[from] Stealth Rock
|move|p2a: Rotom-Wash|Volt Switch|p1a: Sableye
|-damage|p1a: Sableye|0 fnt
|faint|p1a: Sableye
|
|switch|p2a: Chansey|Chansey, F, shiny|427\/679
|-damage|p2a: Chansey|343\/679|[from] Stealth Rock
|
|-message|JiaShengz forfeited.
|
|win|Where Dey At Doe
|raw|Ladder updating...
|leave|JiaShengz
|player|p1
|raw|JiaShengz's rating: 1547 &rarr; <strong>1531<\/strong><br \/>(-16 for losing)
|raw|Where Dey At Doe's rating: 1606 &rarr; <strong>1622<\/strong><br \/>(+16 for winning)