|join|kfreshz
|join|Where Dey At Doe
|player|p1|kfreshz|129
|player|p2|Where Dey At Doe|270
|gametype|singles
|gen|6
|tier|OU
|rated
|clearpoke
|poke|p1|Kyurem-Black
|poke|p1|Azumarill, M
|poke|p1|Heatran, F
|poke|p1|Medicham, F
|poke|p1|Rotom-Wash
|poke|p1|Landorus, M
|poke|p2|Latias, F, shiny
|poke|p2|Bisharp, M, shiny
|poke|p2|Rotom-Wash, shiny
|poke|p2|Empoleon, F, shiny
|poke|p2|Conkeldurr, F
|poke|p2|Victini
|rule|Swagger Clause: Swagger is banned
|rule|Baton Pass Clause: Limit one PokÃ©mon knowing Baton Pass
|rule|Sleep Clause Mod: Limit one foe put to sleep
|rule|Species Clause: Limit one of each PokÃ©mon
|rule|OHKO Clause: OHKO moves are banned
|rule|Moody Clause: Moody is banned
|rule|Evasion Moves Clause: Evasion moves are banned
|rule|Endless Battle Clause: Forcing endless battles is banned
|rule|HP Percentage Mod: HP is shown in percentages
|teampreview
|
|start
|switch|p1a: Medicham|Medicham, F|261\/261
|switch|p2a: Victini|Victini|356\/356
|turn|1
|
|detailschange|p1a: Medicham|Medicham-Mega, F
|message|Medicham has Mega Evolved into Mega Medicham!
|move|p1a: Medicham|Fake Out|p2a: Victini
|-damage|p2a: Victini|275\/356
|cant|p2a: Victini|flinch
|
|turn|2
|
|switch|p1a: Heatran|Heatran, F|386\/386
|move|p2a: Victini|U-turn|p1a: Heatran
|-resisted|p1a: Heatran
|-damage|p1a: Heatran|360\/386
|
|switch|p2a: Conkeldurr|Conkeldurr, F|400\/400
|
|-heal|p1a: Heatran|384\/386|[from] item: Leftovers
|turn|3
|
|switch|p1a: Rotom-Wash|Rotom-Wash|304\/304
|move|p2a: Conkeldurr|Poison Jab|p1a: Rotom-Wash
|-damage|p1a: Rotom-Wash|204\/304
|
|-heal|p1a: Rotom-Wash|223\/304|[from] item: Leftovers
|turn|4
|
|move|p1a: Rotom-Wash|Volt Switch|p2a: Conkeldurr
|-damage|p2a: Conkeldurr|325\/400
|
|switch|p1a: Medicham|Medicham-Mega, F|261\/261
|move|p2a: Conkeldurr|Drain Punch|p1a: Medicham
|-resisted|p1a: Medicham
|-damage|p1a: Medicham|177\/261
|-heal|p2a: Conkeldurr|367\/400|[from] drain|[of] p1a: Medicham
|
|turn|5
|
|switch|p2a: Latias|Latias, F, shiny|363\/363
|move|p1a: Medicham|High Jump Kick|p2a: Latias
|-resisted|p2a: Latias
|-damage|p2a: Latias|219\/363
|
|turn|6
|
|switch|p1a: Heatran|Heatran, F|384\/386
|detailschange|p2a: Latias|Latias-Mega, F, shiny
|message|Latias has Mega Evolved into Mega Latias!
|move|p2a: Latias|Roost|p2a: Latias
|-heal|p2a: Latias|363\/363
|
|-heal|p1a: Heatran|386\/386|[from] item: Leftovers
|turn|7
|
|move|p2a: Latias|Calm Mind|p2a: Latias
|-boost|p2a: Latias|spa|1
|-boost|p2a: Latias|spd|1
|move|p1a: Heatran|Dark Pulse|p2a: Latias
|-supereffective|p2a: Latias
|-damage|p2a: Latias|283\/363
|
|turn|8
|
|switch|p1a: Azumarill|Azumarill, M|402\/402
|move|p2a: Latias|Calm Mind|p2a: Latias
|-boost|p2a: Latias|spa|1
|-boost|p2a: Latias|spd|1
|
|turn|9
|
|move|p2a: Latias|Stored Power|p1a: Azumarill
|-damage|p1a: Azumarill|8\/402
|-enditem|p1a: Azumarill|Sitrus Berry|[eat]
|-heal|p1a: Azumarill|108\/402|[from] item: Sitrus Berry
|move|p1a: Azumarill|Play Rough|p2a: Latias
|-supereffective|p2a: Latias
|-damage|p2a: Latias|11\/363
|
|turn|10
|
|switch|p2a: Rotom-Wash|Rotom-Wash, shiny|304\/304
|move|p1a: Azumarill|Aqua Jet|p2a: Rotom-Wash
|-resisted|p2a: Rotom-Wash
|-damage|p2a: Rotom-Wash|273\/304
|
|-heal|p2a: Rotom-Wash|292\/304|[from] item: Leftovers
|turn|11
|
|move|p2a: Rotom-Wash|Volt Switch|p1a: Azumarill
|-supereffective|p1a: Azumarill
|-damage|p1a: Azumarill|0 fnt
|faint|p1a: Azumarill
|
|switch|p2a: Bisharp|Bisharp, M, shiny|316\/316
|
|
|switch|p1a: Medicham|Medicham-Mega, F|177\/261
|turn|12
|
|move|p2a: Bisharp|Sucker Punch|p1a: Medicham
|-damage|p1a: Medicham|12\/261
|move|p1a: Medicham|High Jump Kick|p2a: Bisharp
|-supereffective|p2a: Bisharp
|-damage|p2a: Bisharp|0 fnt
|faint|p2a: Bisharp
|
|
|switch|p2a: Conkeldurr|Conkeldurr, F|367\/400
|turn|13
|
|switch|p1a: Rotom-Wash|Rotom-Wash|223\/304
|move|p2a: Conkeldurr|Mach Punch|p1a: Rotom-Wash
|-damage|p1a: Rotom-Wash|150\/304
|
|-heal|p1a: Rotom-Wash|169\/304|[from] item: Leftovers
|turn|14
|
|move|p1a: Rotom-Wash|Pain Split|p2a: Conkeldurr
|-sethp|p2a: Conkeldurr|268\/400|p1a: Rotom-Wash|268\/304|[from] move: Pain Split
|move|p2a: Conkeldurr|Ice Punch|p1a: Rotom-Wash
|-resisted|p1a: Rotom-Wash
|-damage|p1a: Rotom-Wash|222\/304
|
|-heal|p1a: Rotom-Wash|241\/304|[from] item: Leftovers
|turn|15
|
|move|p1a: Rotom-Wash|Hydro Pump|p2a: Conkeldurr
|-damage|p2a: Conkeldurr|156\/400
|move|p2a: Conkeldurr|Drain Punch|p1a: Rotom-Wash
|-damage|p1a: Rotom-Wash|90\/304
|-heal|p2a: Conkeldurr|232\/400|[from] drain|[of] p1a: Rotom-Wash
|
|-heal|p1a: Rotom-Wash|109\/304|[from] item: Leftovers
|turn|16
|
|move|p1a: Rotom-Wash|Pain Split|p2a: Conkeldurr
|-sethp|p2a: Conkeldurr|170\/400|p1a: Rotom-Wash|170\/304|[from] move: Pain Split
|move|p2a: Conkeldurr|Drain Punch|p1a: Rotom-Wash
|-damage|p1a: Rotom-Wash|34\/304
|-heal|p2a: Conkeldurr|238\/400|[from] drain|[of] p1a: Rotom-Wash
|
|-heal|p1a: Rotom-Wash|53\/304|[from] item: Leftovers
|turn|17
|
|move|p2a: Conkeldurr|Mach Punch|p1a: Rotom-Wash
|-damage|p1a: Rotom-Wash|0 fnt
|faint|p1a: Rotom-Wash
|
|
|switch|p1a: Landorus|Landorus, M|319\/319
|turn|18
|
|move|p1a: Landorus|Psychic|p2a: Conkeldurr
|-supereffective|p2a: Conkeldurr
|-damage|p2a: Conkeldurr|34\/400
|move|p2a: Conkeldurr|Ice Punch|p1a: Landorus
|-supereffective|p1a: Landorus
|-damage|p1a: Landorus|0 fnt
|faint|p1a: Landorus
|
|
|switch|p1a: Medicham|Medicham-Mega, F|12\/261
|turn|19
|
|switch|p2a: Victini|Victini|275\/356
|move|p1a: Medicham|Fake Out|p2a: Victini
|-damage|p2a: Victini|190\/356
|
|turn|20
|
|switch|p1a: Kyurem-Black|Kyurem-Black|392\/392
|-ability|p1a: Kyurem-Black|Teravolt
|move|p2a: Victini|U-turn|p1a: Kyurem-Black
|-damage|p1a: Kyurem-Black|287\/392
|
|switch|p2a: Empoleon|Empoleon, F, shiny|372\/372
|
|turn|21
|
|move|p1a: Kyurem-Black|Fusion Bolt|p2a: Empoleon
|-supereffective|p2a: Empoleon
|-damage|p2a: Empoleon|0 fnt
|faint|p2a: Empoleon
|
|
|switch|p2a: Victini|Victini|190\/356
|turn|22
|
|switch|p1a: Heatran|Heatran, F|386\/386
|move|p2a: Victini|U-turn|p1a: Heatran
|-resisted|p1a: Heatran
|-damage|p1a: Heatran|361\/386
|
|switch|p2a: Latias|Latias-Mega, F, shiny|11\/363
|
|-heal|p1a: Heatran|385\/386|[from] item: Leftovers
|turn|23
|
|switch|p1a: Medicham|Medicham-Mega, F|12\/261
|move|p2a: Latias|Roost|p2a: Latias
|-heal|p2a: Latias|193\/363
|
|turn|24
|
|move|p1a: Medicham|Ice Punch|p2a: Latias
|-supereffective|p2a: Latias
|-damage|p2a: Latias|0 fnt
|faint|p2a: Latias
|
|
|switch|p2a: Conkeldurr|Conkeldurr, F|34\/400
|turn|25
|
|move|p1a: Medicham|Psycho Cut|p2a: Conkeldurr
|-supereffective|p2a: Conkeldurr
|-damage|p2a: Conkeldurr|0 fnt
|faint|p2a: Conkeldurr
|
|
|switch|p2a: Victini|Victini|190\/356
|turn|26
|
|switch|p1a: Heatran|Heatran, F|385\/386
|move|p2a: Victini|U-turn|p1a: Heatran
|-resisted|p1a: Heatran
|-damage|p1a: Heatran|360\/386
|-message|Where Dey At Doe forfeited.
|
|win|kfreshz
|raw|Ladder updating...
|leave|Where Dey At Doe
|player|p2
|raw|kfreshz's rating: 1636 &rarr; <strong>1651<\/strong><br \/>(+15 for winning)
|raw|Where Dey At Doe's rating: 1559 &rarr; <strong>1544<\/strong><br \/>(-15 for losing)
|leave|kfreshz
|player|p1
|join|kfreshz