|join|Where Dey At Doe
|join|LowLadderGod
|player|p1|Where Dey At Doe|270
|player|p2|LowLadderGod|170
|gametype|singles
|gen|6
|tier|OU
|rated
|clearpoke
|poke|p1|Latias, F, shiny
|poke|p1|Keldeo-Resolute, shiny
|poke|p1|Bisharp, F, shiny
|poke|p1|Zapdos
|poke|p1|Conkeldurr, M
|poke|p1|Bronzong
|poke|p2|Milotic, F
|poke|p2|Bisharp, M
|poke|p2|Conkeldurr, F
|poke|p2|Zapdos
|poke|p2|Breloom, F
|poke|p2|Pinsir, F, shiny
|rule|Swagger Clause: Swagger is banned
|rule|Baton Pass Clause: Limit one PokÃ©mon knowing Baton Pass
|rule|Sleep Clause Mod: Limit one foe put to sleep
|rule|Species Clause: Limit one of each PokÃ©mon
|rule|OHKO Clause: OHKO moves are banned
|rule|Moody Clause: Moody is banned
|rule|Evasion Moves Clause: Evasion moves are banned
|rule|Endless Battle Clause: Forcing endless battles is banned
|rule|HP Percentage Mod: HP is shown in percentages
|teampreview
|
|start
|switch|p1a: Bronzong|Bronzong|338\/338
|switch|p2a: Conkeldurr|Conkeldurr, F|413\/413
|turn|1
|
|move|p2a: Conkeldurr|Knock Off|p1a: Bronzong
|-supereffective|p1a: Bronzong
|-damage|p1a: Bronzong|150\/338
|-enditem|p1a: Bronzong|Leftovers|[from] move: Knock Off|[of] p2a: Conkeldurr
|move|p1a: Bronzong|Stealth Rock|p2a: Conkeldurr
|-sidestart|p2: LowLadderGod|move: Stealth Rock
|
|turn|2
|
|switch|p1a: Conkeldurr|Conkeldurr, M|400\/400
|move|p2a: Conkeldurr|Knock Off|p1a: Conkeldurr
|-resisted|p1a: Conkeldurr
|-damage|p1a: Conkeldurr|330\/400
|-enditem|p1a: Conkeldurr|Assault Vest|[from] move: Knock Off|[of] p2a: Conkeldurr
|
|turn|3
|
|move|p2a: Conkeldurr|Drain Punch|p1a: Conkeldurr
|-crit|p1a: Conkeldurr
|-damage|p1a: Conkeldurr|92\/400
|move|p1a: Conkeldurr|Drain Punch|p2a: Conkeldurr
|-damage|p2a: Conkeldurr|251\/413
|-heal|p1a: Conkeldurr|173\/400|[from] drain|[of] p2a: Conkeldurr
|
|turn|4
|
|move|p1a: Conkeldurr|Drain Punch|p2a: Conkeldurr
|-damage|p2a: Conkeldurr|85\/413
|-heal|p1a: Conkeldurr|256\/400|[from] drain|[of] p2a: Conkeldurr
|move|p2a: Conkeldurr|Drain Punch|p1a: Conkeldurr
|-damage|p1a: Conkeldurr|88\/400
|-heal|p2a: Conkeldurr|169\/413|[from] drain|[of] p1a: Conkeldurr
|
|turn|5
|
|move|p1a: Conkeldurr|Drain Punch|p2a: Conkeldurr
|-damage|p2a: Conkeldurr|12\/413
|-heal|p1a: Conkeldurr|167\/400|[from] drain|[of] p2a: Conkeldurr
|move|p2a: Conkeldurr|Drain Punch|p1a: Conkeldurr
|-damage|p1a: Conkeldurr|0 fnt
|-heal|p2a: Conkeldurr|96\/413|[from] drain|[of] p1a: Conkeldurr
|faint|p1a: Conkeldurr
|
|
|switch|p1a: Keldeo-Resolute|Keldeo-Resolute, shiny|324\/324
|turn|6
|
|move|p2a: Conkeldurr|Mach Punch|p1a: Keldeo-Resolute
|-damage|p1a: Keldeo-Resolute|230\/324
|move|p1a: Keldeo-Resolute|Secret Sword|p2a: Conkeldurr
|-damage|p2a: Conkeldurr|0 fnt
|faint|p2a: Conkeldurr
|
|
|switch|p2a: Milotic|Milotic, F|394\/394
|-damage|p2a: Milotic|345\/394|[from] Stealth Rock
|turn|7
|
|switch|p1a: Zapdos|Zapdos|384\/384
|-ability|p1a: Zapdos|Pressure
|move|p2a: Milotic|Recover|p2a: Milotic
|-heal|p2a: Milotic|394\/394
|
|turn|8
|
|move|p1a: Zapdos|Discharge|p2a: Milotic
|-supereffective|p2a: Milotic
|-damage|p2a: Milotic|208\/394
|move|p2a: Milotic|Mirror Coat|p1a: Zapdos
|-damage|p1a: Zapdos|12\/384
|
|-heal|p1a: Zapdos|36\/384|[from] item: Leftovers
|-heal|p2a: Milotic|232\/394|[from] item: Leftovers
|turn|9
|
|move|p1a: Zapdos|Roost|p1a: Zapdos
|-heal|p1a: Zapdos|228\/384
|move|p2a: Milotic|Recover|p2a: Milotic
|-heal|p2a: Milotic|394\/394
|
|-heal|p1a: Zapdos|252\/384|[from] item: Leftovers
|turn|10
|
|move|p1a: Zapdos|Roost|p1a: Zapdos
|-heal|p1a: Zapdos|384\/384
|move|p2a: Milotic|Scald|p1a: Zapdos
|-damage|p1a: Zapdos|287\/384
|-status|p1a: Zapdos|brn
|
|-heal|p1a: Zapdos|311\/384 brn|[from] item: Leftovers
|-damage|p1a: Zapdos|263\/384 brn|[from] brn
|turn|11
|
|switch|p1a: Bronzong|Bronzong|150\/338
|move|p2a: Milotic|Mirror Coat|p1a: Bronzong
|-fail|p1a: Bronzong
|
|turn|12
|
|move|p2a: Milotic|Scald|p1a: Bronzong
|-damage|p1a: Bronzong|63\/338
|move|p1a: Bronzong|Toxic|p2a: Milotic
|-status|p2a: Milotic|tox
|
|-damage|p2a: Milotic|370\/394 tox|[from] psn
|turn|13
|
|move|p2a: Milotic|Scald|p1a: Bronzong
|-damage|p1a: Bronzong|0 fnt
|faint|p1a: Bronzong
|
|-heal|p2a: Milotic|394\/394 tox|[from] item: Leftovers
|-damage|p2a: Milotic|346\/394 tox|[from] psn
|
|switch|p1a: Keldeo-Resolute|Keldeo-Resolute, shiny|230\/324
|turn|14
|
|switch|p1a: Zapdos|Zapdos|263\/384 brn
|-ability|p1a: Zapdos|Pressure
|move|p2a: Milotic|Mirror Coat|p1a: Zapdos
|-fail|p1a: Zapdos
|
|-heal|p1a: Zapdos|287\/384 brn|[from] item: Leftovers
|-heal|p2a: Milotic|370\/394 tox|[from] item: Leftovers
|-damage|p1a: Zapdos|239\/384 brn|[from] brn
|-damage|p2a: Milotic|298\/394 tox|[from] psn
|turn|15
|
|move|p1a: Zapdos|Roost|p1a: Zapdos
|-heal|p1a: Zapdos|384\/384 brn
|move|p2a: Milotic|Scald|p1a: Zapdos
|-damage|p1a: Zapdos|284\/384 brn
|
|-heal|p1a: Zapdos|308\/384 brn|[from] item: Leftovers
|-heal|p2a: Milotic|322\/394 tox|[from] item: Leftovers
|-damage|p1a: Zapdos|260\/384 brn|[from] brn
|-damage|p2a: Milotic|226\/394 tox|[from] psn
|turn|16
|
|switch|p2a: Zapdos|Zapdos|384\/384
|-damage|p2a: Zapdos|288\/384|[from] Stealth Rock
|-ability|p2a: Zapdos|Pressure
|move|p1a: Zapdos|Roost|p1a: Zapdos
|-heal|p1a: Zapdos|384\/384 brn
|
|-heal|p2a: Zapdos|312\/384|[from] item: Leftovers
|-damage|p1a: Zapdos|336\/384 brn|[from] brn
|turn|17
|
|move|p1a: Zapdos|Discharge|p2a: Zapdos
|-damage|p2a: Zapdos|195\/384
|move|p2a: Zapdos|Heat Wave|p1a: Zapdos
|-damage|p1a: Zapdos|238\/384 brn
|
|-heal|p1a: Zapdos|262\/384 brn|[from] item: Leftovers
|-heal|p2a: Zapdos|219\/384|[from] item: Leftovers
|-damage|p1a: Zapdos|214\/384 brn|[from] brn
|turn|18
|
|move|p1a: Zapdos|Discharge|p2a: Zapdos
|-damage|p2a: Zapdos|105\/384
|move|p2a: Zapdos|Defog|p1a: Zapdos
|-unboost|p1a: Zapdos|evasion|1
|-sideend|p2: LowLadderGod|Stealth Rock|[from] move: Defog|[of] p2a: Zapdos
|
|-heal|p1a: Zapdos|238\/384 brn|[from] item: Leftovers
|-heal|p2a: Zapdos|129\/384|[from] item: Leftovers
|-damage|p1a: Zapdos|190\/384 brn|[from] brn
|turn|19
|
|move|p1a: Zapdos|Discharge|p2a: Zapdos
|-damage|p2a: Zapdos|8\/384
|move|p2a: Zapdos|Roost|p2a: Zapdos
|-heal|p2a: Zapdos|200\/384
|
|-heal|p1a: Zapdos|214\/384 brn|[from] item: Leftovers
|-heal|p2a: Zapdos|224\/384|[from] item: Leftovers
|-damage|p1a: Zapdos|166\/384 brn|[from] brn
|turn|20
|
|move|p1a: Zapdos|Roost|p1a: Zapdos
|-heal|p1a: Zapdos|358\/384 brn
|move|p2a: Zapdos|Roost|p2a: Zapdos
|-heal|p2a: Zapdos|384\/384
|
|-heal|p1a: Zapdos|382\/384 brn|[from] item: Leftovers
|-damage|p1a: Zapdos|334\/384 brn|[from] brn
|turn|21
|
|move|p1a: Zapdos|Discharge|p2a: Zapdos
|-damage|p2a: Zapdos|275\/384
|move|p2a: Zapdos|Discharge|p1a: Zapdos
|-damage|p1a: Zapdos|205\/384 brn
|
|-heal|p1a: Zapdos|229\/384 brn|[from] item: Leftovers
|-heal|p2a: Zapdos|299\/384|[from] item: Leftovers
|-damage|p1a: Zapdos|181\/384 brn|[from] brn
|turn|22
|
|move|p1a: Zapdos|Roost|p1a: Zapdos
|-heal|p1a: Zapdos|373\/384 brn
|move|p2a: Zapdos|Discharge|p1a: Zapdos
|-resisted|p1a: Zapdos
|-damage|p1a: Zapdos|311\/384 brn
|
|-heal|p1a: Zapdos|335\/384 brn|[from] item: Leftovers
|-heal|p2a: Zapdos|323\/384|[from] item: Leftovers
|-damage|p1a: Zapdos|287\/384 brn|[from] brn
|turn|23
|
|move|p1a: Zapdos|Heat Wave|p2a: Zapdos
|-damage|p2a: Zapdos|235\/384
|move|p2a: Zapdos|Discharge|p1a: Zapdos
|-damage|p1a: Zapdos|152\/384 brn
|
|-heal|p1a: Zapdos|176\/384 brn|[from] item: Leftovers
|-heal|p2a: Zapdos|259\/384|[from] item: Leftovers
|-damage|p1a: Zapdos|128\/384 brn|[from] brn
|turn|24
|
|move|p1a: Zapdos|Roost|p1a: Zapdos
|-heal|p1a: Zapdos|320\/384 brn
|move|p2a: Zapdos|Heat Wave|p1a: Zapdos
|-damage|p1a: Zapdos|227\/384 brn
|
|-heal|p1a: Zapdos|251\/384 brn|[from] item: Leftovers
|-heal|p2a: Zapdos|283\/384|[from] item: Leftovers
|-damage|p1a: Zapdos|203\/384 brn|[from] brn
|turn|25
|
|move|p1a: Zapdos|Heat Wave|p2a: Zapdos
|-miss|p1a: Zapdos|p2a: Zapdos
|move|p2a: Zapdos|Discharge|p1a: Zapdos
|-damage|p1a: Zapdos|70\/384 brn
|
|-heal|p1a: Zapdos|94\/384 brn|[from] item: Leftovers
|-heal|p2a: Zapdos|307\/384|[from] item: Leftovers
|-damage|p1a: Zapdos|46\/384 brn|[from] brn
|turn|26
|
|switch|p2a: Bisharp|Bisharp, M|334\/334
|move|p1a: Zapdos|Roost|p1a: Zapdos
|-heal|p1a: Zapdos|238\/384 brn
|
|-heal|p1a: Zapdos|262\/384 brn|[from] item: Leftovers
|-damage|p1a: Zapdos|214\/384 brn|[from] brn
|turn|27
|
|move|p1a: Zapdos|Heat Wave|p2a: Bisharp
|-supereffective|p2a: Bisharp
|-damage|p2a: Bisharp|76\/334
|move|p2a: Bisharp|Knock Off|p1a: Zapdos
|-damage|p1a: Zapdos|64\/384 brn
|-enditem|p1a: Zapdos|Leftovers|[from] move: Knock Off|[of] p2a: Bisharp
|
|-damage|p1a: Zapdos|16\/384 brn|[from] brn
|turn|28
|
|move|p1a: Zapdos|Roost|p1a: Zapdos
|-heal|p1a: Zapdos|208\/384 brn
|move|p2a: Bisharp|Knock Off|p1a: Zapdos
|-damage|p1a: Zapdos|93\/384 brn
|
|-damage|p1a: Zapdos|45\/384 brn|[from] brn
|turn|29
|
|move|p1a: Zapdos|Roost|p1a: Zapdos
|-heal|p1a: Zapdos|237\/384 brn
|move|p2a: Bisharp|Knock Off|p1a: Zapdos
|-damage|p1a: Zapdos|131\/384 brn
|
|-damage|p1a: Zapdos|83\/384 brn|[from] brn
|turn|30
|
|move|p1a: Zapdos|Roost|p1a: Zapdos
|-heal|p1a: Zapdos|275\/384 brn
|move|p2a: Bisharp|Swords Dance|p2a: Bisharp
|-boost|p2a: Bisharp|atk|2
|
|-damage|p1a: Zapdos|227\/384 brn|[from] brn
|turn|31
|
|move|p2a: Bisharp|Sucker Punch|p1a: Zapdos
|-damage|p1a: Zapdos|0 fnt
|faint|p1a: Zapdos
|
|
|switch|p1a: Keldeo-Resolute|Keldeo-Resolute, shiny|230\/324
|turn|32
|
|move|p2a: Bisharp|Sucker Punch|p1a: Keldeo-Resolute
|-resisted|p1a: Keldeo-Resolute
|-damage|p1a: Keldeo-Resolute|67\/324
|-boost|p1a: Keldeo-Resolute|atk|1|[from] ability: Justified
|move|p1a: Keldeo-Resolute|Secret Sword|p2a: Bisharp
|-crit|p2a: Bisharp
|-supereffective|p2a: Bisharp
|-damage|p2a: Bisharp|0 fnt
|faint|p2a: Bisharp
|
|
|switch|p2a: Pinsir|Pinsir, F, shiny|271\/271
|-ability|p2a: Pinsir|Mold Breaker
|turn|33
|
|detailschange|p2a: Pinsir|Pinsir-Mega, F, shiny
|message|Pinsir has Mega Evolved into Mega Pinsir!
|move|p2a: Pinsir|Quick Attack|p1a: Keldeo-Resolute
|-supereffective|p1a: Keldeo-Resolute
|-damage|p1a: Keldeo-Resolute|0 fnt
|faint|p1a: Keldeo-Resolute
|
|
|switch|p1a: Bisharp|Bisharp, F, shiny|316\/316
|turn|34
|
|move|p2a: Pinsir|Earthquake|p1a: Bisharp
|-supereffective|p1a: Bisharp
|-damage|p1a: Bisharp|52\/316
|move|p1a: Bisharp|Iron Head|p2a: Pinsir
|-damage|p2a: Pinsir|139\/271
|
|turn|35
|
|move|p2a: Pinsir|Quick Attack|p1a: Bisharp
|-resisted|p1a: Bisharp
|-damage|p1a: Bisharp|0 fnt
|faint|p1a: Bisharp
|
|
|switch|p1a: Latias|Latias, F, shiny|363\/363
|turn|36
|
|switch|p2a: Zapdos|Zapdos|307\/384
|-ability|p2a: Zapdos|Pressure
|detailschange|p1a: Latias|Latias-Mega, F, shiny
|message|Latias has Mega Evolved into Mega Latias!
|move|p1a: Latias|Calm Mind|p1a: Latias
|-boost|p1a: Latias|spa|1
|-boost|p1a: Latias|spd|1
|
|-heal|p2a: Zapdos|331\/384|[from] item: Leftovers
|turn|37
|
|move|p1a: Latias|Substitute|p1a: Latias
|-start|p1a: Latias|Substitute
|-damage|p1a: Latias|273\/363
|move|p2a: Zapdos|Discharge|p1a: Latias
|-resisted|p1a: Latias
|-activate|p1a: Latias|Substitute|[damage]
|
|-heal|p2a: Zapdos|355\/384|[from] item: Leftovers
|turn|38
|
|switch|p2a: Milotic|Milotic, F|226\/394 tox
|move|p1a: Latias|Calm Mind|p1a: Latias
|-boost|p1a: Latias|spa|1
|-boost|p1a: Latias|spd|1
|
|-heal|p2a: Milotic|250\/394 tox|[from] item: Leftovers
|-damage|p2a: Milotic|226\/394 tox|[from] psn
|turn|39
|join|neXi
|join|Lum_Beri
|join|Specs Fake-Out
|
|move|p1a: Latias|Calm Mind|p1a: Latias
|-boost|p1a: Latias|spa|1
|-boost|p1a: Latias|spd|1
|move|p2a: Milotic|Haze|p2a: Milotic
|-clearallboost
|
|-heal|p2a: Milotic|250\/394 tox|[from] item: Leftovers
|-damage|p2a: Milotic|202\/394 tox|[from] psn
|turn|40
|c| Lum_Beri|ew mega lati
|join|Zagmzp
|c| Lum_Beri|LOL
|c| neXi|AHAHAH
|c| neXi|REKT\
|c|âWhere Dey At Doe|O fuck
|
|switch|p2a: Pinsir|Pinsir-Mega, F, shiny|139\/271
|move|p1a: Latias|Calm Mind|p1a: Latias
|-boost|p1a: Latias|spa|1
|-boost|p1a: Latias|spd|1
|
|turn|41
|join|mohitsenapaty
|join|on that weed-le
|
|move|p2a: Pinsir|Quick Attack|p1a: Latias
|-end|p1a: Latias|Substitute
|move|p1a: Latias|Stored Power|p2a: Pinsir
|-damage|p2a: Pinsir|0 fnt
|faint|p2a: Pinsir
|
|
|switch|p2a: Breloom|Breloom, F|262\/262
|turn|42
|
|move|p1a: Latias|Substitute|p1a: Latias
|-start|p1a: Latias|Substitute
|-damage|p1a: Latias|183\/363
|move|p2a: Breloom|Rock Tomb|p1a: Latias|[miss]
|-miss|p2a: Breloom|p1a: Latias
|
|turn|43
|c| on that weed-le|its over
|c| neXi|gg
|
|move|p1a: Latias|Roost|p1a: Latias
|-heal|p1a: Latias|363\/363
|move|p2a: Breloom|Rock Tomb|p1a: Latias
|-activate|p1a: Latias|Substitute|[damage]
|
|turn|44
|c| on that weed-le|he has sash stupid
|
|move|p1a: Latias|Calm Mind|p1a: Latias
|-boost|p1a: Latias|spa|1
|-boost|p1a: Latias|spd|1
|move|p2a: Breloom|Rock Tomb|p1a: Latias
|-end|p1a: Latias|Substitute
|
|turn|45
|join|Mirru
|
|move|p1a: Latias|Substitute|p1a: Latias
|-start|p1a: Latias|Substitute
|-damage|p1a: Latias|273\/363
|move|p2a: Breloom|Rock Tomb|p1a: Latias
|-activate|p1a: Latias|Substitute|[damage]
|
|turn|46
|c| neXi|Doesn't matter, he can't break sub
|
|move|p1a: Latias|Stored Power|p2a: Breloom
|-supereffective|p2a: Breloom
|-enditem|p2a: Breloom|Focus Sash
|-damage|p2a: Breloom|1\/262
|move|p2a: Breloom|Rock Tomb|p1a: Latias
|-end|p1a: Latias|Substitute
|
|turn|47
|-message|LowLadderGod forfeited.
|
|win|Where Dey At Doe
|raw|Ladder updating...
|leave|LowLadderGod
|player|p2
|leave|Lum_Beri
|c| on that weed-le|what do you run maxed defence?
|leave|neXi
|raw|Where Dey At Doe's rating: 1534 &rarr; <strong>1551<\/strong><br \/>(+17 for winning)
|raw|LowLadderGod's rating: 1491 &rarr; <strong>1473<\/strong><br \/>(-18 for losing)
|leave|Mirru
|c|âWhere Dey At Doe|Bold 224
|c| on that weed-le|aww
|c| on that weed-le|unique
|c| on that weed-le|lol
|leave|Zagmzp
|c|âWhere Dey At Doe|With enuff speed to outspeed breloom
|c| on that weed-le|hm speed
|c| on that weed-le|270?
|c|âWhere Dey At Doe|264
|c| on that weed-le|ahahaa thats for bishapr countering isnt it
|c| Specs Fake-Out|this thing stored power sweeps so disgustingly
|join|SSBBkirby52
|leave|SSBBkirby52
|c| on that weed-le|oh you only run stored power
|c| on that weed-le|so you can be countered by any dark
|c| Specs Fake-Out|sub roost cm sp
|c|âWhere Dey At Doe|Yeah stored power
|c| Specs Fake-Out|i might get rid of sub
|c| Specs Fake-Out|and put hp fighting
|c| on that weed-le|when did you pull him out right after you killed bisharp
|c|âWhere Dey At Doe|I tried that didn't go well
|c| Specs Fake-Out|hm
|c| on that weed-le|hahaha
|c| Specs Fake-Out|decisions
|c| Specs Fake-Out|roost is mandatory
|c| on that weed-le|i like that bisharp conk duo
|c| on that weed-le|works good
|c|âWhere Dey At Doe|My last 3 games all lati sweeps 