|join|Hanako Shitou
|join|Where Dey At Doe
|player|p1|Hanako Shitou|170
|player|p2|Where Dey At Doe|270
|gametype|singles
|gen|6
|tier|OU
|rated
|clearpoke
|poke|p1|Quagsire, M
|poke|p1|Skarmory, F
|poke|p1|Amoonguss, F
|poke|p1|Slowbro, M
|poke|p1|Audino, M
|poke|p1|Chansey, F
|poke|p2|Latias, F, shiny
|poke|p2|Keldeo-Resolute, shiny
|poke|p2|Bisharp, F, shiny
|poke|p2|Zapdos
|poke|p2|Conkeldurr, M
|poke|p2|Bronzong
|rule|Swagger Clause: Swagger is banned
|rule|Baton Pass Clause: Limit one PokÃ©mon knowing Baton Pass
|rule|Sleep Clause Mod: Limit one foe put to sleep
|rule|Species Clause: Limit one of each PokÃ©mon
|rule|OHKO Clause: OHKO moves are banned
|rule|Moody Clause: Moody is banned
|rule|Evasion Moves Clause: Evasion moves are banned
|rule|Endless Battle Clause: Forcing endless battles is banned
|rule|HP Percentage Mod: HP is shown in percentages
|teampreview
|
|start
|switch|p1a: Audino|Audino, M|372\/372
|switch|p2a: Latias|Latias, F, shiny|363\/363
|turn|1
|
|detailschange|p2a: Latias|Latias-Mega, F, shiny
|message|Latias has Mega Evolved into Mega Latias!
|move|p2a: Latias|Substitute|p2a: Latias
|-start|p2a: Latias|Substitute
|-damage|p2a: Latias|273\/363
|move|p1a: Audino|Knock Off|p2a: Latias
|-supereffective|p2a: Latias
|-activate|p2a: Latias|Substitute|[damage]
|
|turn|2
|
|detailschange|p1a: Audino|Audino-Mega, M
|message|Audino has Mega Evolved into Mega Audino!
|move|p2a: Latias|Calm Mind|p2a: Latias
|-boost|p2a: Latias|spa|1
|-boost|p2a: Latias|spd|1
|move|p1a: Audino|Knock Off|p2a: Latias
|-supereffective|p2a: Latias
|-end|p2a: Latias|Substitute
|
|turn|3
|c|âWhere Dey At Doe|Whirlwind skarm?
|
|move|p2a: Latias|Substitute|p2a: Latias
|-start|p2a: Latias|Substitute
|-damage|p2a: Latias|183\/363
|move|p1a: Audino|Knock Off|p2a: Latias
|-supereffective|p2a: Latias
|-activate|p2a: Latias|Substitute|[damage]
|
|turn|4
|
|move|p2a: Latias|Roost|p2a: Latias
|-heal|p2a: Latias|363\/363
|move|p1a: Audino|Knock Off|p2a: Latias
|-supereffective|p2a: Latias
|-end|p2a: Latias|Substitute
|
|turn|5
|
|switch|p1a: Slowbro|Slowbro, M|380\/380
|move|p2a: Latias|Substitute|p2a: Latias
|-start|p2a: Latias|Substitute
|-damage|p2a: Latias|273\/363
|
|turn|6
|
|move|p2a: Latias|Calm Mind|p2a: Latias
|-boost|p2a: Latias|spa|1
|-boost|p2a: Latias|spd|1
|move|p1a: Slowbro|Calm Mind|p1a: Slowbro
|-boost|p1a: Slowbro|spa|1
|-boost|p1a: Slowbro|spd|1
|
|turn|7
|
|move|p2a: Latias|Calm Mind|p2a: Latias
|-boost|p2a: Latias|spa|1
|-boost|p2a: Latias|spd|1
|move|p1a: Slowbro|Calm Mind|p1a: Slowbro
|-boost|p1a: Slowbro|spa|1
|-boost|p1a: Slowbro|spd|1
|
|turn|8
|
|move|p2a: Latias|Calm Mind|p2a: Latias
|-boost|p2a: Latias|spa|1
|-boost|p2a: Latias|spd|1
|move|p1a: Slowbro|Calm Mind|p1a: Slowbro
|-boost|p1a: Slowbro|spa|1
|-boost|p1a: Slowbro|spd|1
|
|turn|9
|
|move|p2a: Latias|Calm Mind|p2a: Latias
|-boost|p2a: Latias|spa|1
|-boost|p2a: Latias|spd|1
|move|p1a: Slowbro|Calm Mind|p1a: Slowbro
|-boost|p1a: Slowbro|spa|1
|-boost|p1a: Slowbro|spd|1
|
|turn|10
|
|move|p2a: Latias|Calm Mind|p2a: Latias
|-boost|p2a: Latias|spa|1
|-boost|p2a: Latias|spd|1
|move|p1a: Slowbro|Calm Mind|p1a: Slowbro
|-boost|p1a: Slowbro|spa|1
|-boost|p1a: Slowbro|spd|1
|
|turn|11
|
|move|p2a: Latias|Stored Power|p1a: Slowbro
|-crit|p1a: Slowbro
|-resisted|p1a: Slowbro
|-damage|p1a: Slowbro|0 fnt
|faint|p1a: Slowbro
|
|
|switch|p1a: Skarmory|Skarmory, F|331\/331
|turn|12
|
|move|p2a: Latias|Stored Power|p1a: Skarmory
|-crit|p1a: Skarmory
|-resisted|p1a: Skarmory
|-activate|p1a: Skarmory|Sturdy
|-damage|p1a: Skarmory|1\/331
|move|p1a: Skarmory|Brave Bird|p2a: Latias
|-crit|p2a: Latias
|-end|p2a: Latias|Substitute
|-damage|p1a: Skarmory|0 fnt|[from] recoil|[of] p2a: Latias
|faint|p1a: Skarmory
|
|
|switch|p1a: Quagsire|Quagsire, M|394\/394
|turn|13
|
|move|p2a: Latias|Stored Power|p1a: Quagsire
|-damage|p1a: Quagsire|0 fnt
|faint|p1a: Quagsire
|
|
|switch|p1a: Chansey|Chansey, F|641\/641
|turn|14
|
|move|p2a: Latias|Stored Power|p1a: Chansey
|-damage|p1a: Chansey|0 fnt
|faint|p1a: Chansey
|
|
|switch|p1a: Audino|Audino-Mega, M|372\/372
|turn|15
|
|move|p2a: Latias|Stored Power|p1a: Audino
|-crit|p1a: Audino
|-damage|p1a: Audino|0 fnt
|faint|p1a: Audino
|
|
|switch|p1a: Amoonguss|Amoonguss, F|369\/369
|turn|16
|
|move|p2a: Latias|Stored Power|p1a: Amoonguss
|-supereffective|p1a: Amoonguss
|-damage|p1a: Amoonguss|0 fnt
|faint|p1a: Amoonguss
|
|win|Where Dey At Doe
|raw|Ladder updating...
|raw|Hanako Shitou's rating: 1474 &rarr; <strong>1455<\/strong><br \/>(-19 for losing)
|raw|Where Dey At Doe's rating: 1498 &rarr; <strong>1516<\/strong><br \/>(+18 for winning)