|join|Amoongbro
|join|Where Dey At Doe
|player|p1|Amoongbro|1
|player|p2|Where Dey At Doe|270
|gametype|singles
|gen|6
|tier|OU
|rated
|clearpoke
|poke|p1|Chansey, F, shiny
|poke|p1|Skarmory, M, shiny
|poke|p1|Alomomola, M, shiny
|poke|p1|Amoonguss, F, shiny
|poke|p1|Quagsire, M, shiny
|poke|p1|Sableye, M, shiny
|poke|p2|Azumarill, M
|poke|p2|Celebi
|poke|p2|Heracross, F
|poke|p2|Mandibuzz, F
|poke|p2|Kyurem-Black
|poke|p2|Heatran, F
|rule|Swagger Clause: Swagger is banned
|rule|Baton Pass Clause: Limit one PokÃ©mon knowing Baton Pass
|rule|Sleep Clause Mod: Limit one foe put to sleep
|rule|Species Clause: Limit one of each PokÃ©mon
|rule|OHKO Clause: OHKO moves are banned
|rule|Moody Clause: Moody is banned
|rule|Evasion Moves Clause: Evasion moves are banned
|rule|Endless Battle Clause: Forcing endless battles is banned
|rule|HP Percentage Mod: HP is shown in percentages
|teampreview
|
|start
|switch|p1a: Not Mega|Sableye, M, shiny|304\/304
|switch|p2a: Heatran|Heatran, F|386\/386
|turn|1
|
|detailschange|p1a: Not Mega|Sableye-Mega, M, shiny
|-mega|p1a: Not Mega|Sableye|Sablenite
|move|p2a: Heatran|Lava Plume|p1a: Not Mega
|-damage|p1a: Not Mega|190\/304
|move|p1a: Not Mega|Knock Off|p2a: Heatran
|-damage|p2a: Heatran|293\/386
|-enditem|p2a: Heatran|Leftovers|[from] move: Knock Off|[of] p1a: Not Mega
|
|turn|2
|
|move|p2a: Heatran|Stealth Rock|p1a: Not Mega
|move|p1a: Not Mega|Stealth Rock|p2a: Heatran|[from]Magic Bounce
|-sidestart|p2: Where Dey At Doe|move: Stealth Rock
|move|p1a: Not Mega|Recover|p1a: Not Mega
|-heal|p1a: Not Mega|304\/304
|
|turn|3
|
|move|p2a: Heatran|Lava Plume|p1a: Not Mega
|-damage|p1a: Not Mega|190\/304
|move|p1a: Not Mega|Knock Off|p2a: Heatran
|-damage|p2a: Heatran|224\/386
|
|turn|4
|
|move|p2a: Heatran|Lava Plume|p1a: Not Mega
|-damage|p1a: Not Mega|76\/304
|move|p1a: Not Mega|Recover|p1a: Not Mega
|-heal|p1a: Not Mega|228\/304
|
|turn|5
|
|switch|p1a: Uncle Blobby|Quagsire, M, shiny|394\/394
|move|p2a: Heatran|Lava Plume|p1a: Uncle Blobby
|-resisted|p1a: Uncle Blobby
|-damage|p1a: Uncle Blobby|310\/394
|-status|p1a: Uncle Blobby|brn
|
|-heal|p1a: Uncle Blobby|334\/394 brn|[from] item: Leftovers
|-damage|p1a: Uncle Blobby|285\/394 brn|[from] brn
|turn|6
|
|switch|p2a: Celebi|Celebi|404\/404
|-damage|p2a: Celebi|354\/404|[from] Stealth Rock
|move|p1a: Uncle Blobby|Earthquake|p2a: Celebi
|-resisted|p2a: Celebi
|-damage|p2a: Celebi|327\/404
|
|-heal|p2a: Celebi|352\/404|[from] item: Leftovers
|-heal|p1a: Uncle Blobby|309\/394 brn|[from] item: Leftovers
|-damage|p1a: Uncle Blobby|260\/394 brn|[from] brn
|turn|7
|
|switch|p1a: Not Mega|Sableye-Mega, M, shiny|228\/304
|move|p2a: Celebi|Substitute|p2a: Celebi
|-start|p2a: Celebi|Substitute
|-damage|p2a: Celebi|251\/404
|
|-heal|p2a: Celebi|276\/404|[from] item: Leftovers
|turn|8
|
|move|p2a: Celebi|Baton Pass|p2a: Celebi
|
|switch|p2a: Heracross|Heracross, F|317\/317
|-damage|p2a: Heracross|278\/317|[from] Stealth Rock
|move|p1a: Not Mega|Knock Off|p2a: Heracross
|-crit|p2a: Heracross
|-resisted|p2a: Heracross
|-activate|p2a: Heracross|Substitute|[damage]
|
|turn|9
|
|switch|p1a: Mrs Blobby|Alomomola, M, shiny|529\/529
|detailschange|p2a: Heracross|Heracross-Mega, F
|-mega|p2a: Heracross|Heracross|Heracronite
|move|p2a: Heracross|Rock Blast|p1a: Mrs Blobby
|-damage|p1a: Mrs Blobby|497\/529
|-damage|p1a: Mrs Blobby|463\/529
|-damage|p1a: Mrs Blobby|430\/529
|-damage|p1a: Mrs Blobby|397\/529
|-damage|p1a: Mrs Blobby|366\/529
|-hitcount|p1a: Mrs Blobby|5
|
|-heal|p1a: Mrs Blobby|399\/529|[from] item: Leftovers
|turn|10
|
|move|p1a: Mrs Blobby|Protect|p1a: Mrs Blobby
|-singleturn|p1a: Mrs Blobby|Protect
|move|p2a: Heracross|Bullet Seed|p1a: Mrs Blobby
|-activate|p1a: Mrs Blobby|Protect
|
|-heal|p1a: Mrs Blobby|432\/529|[from] item: Leftovers
|turn|11
|
|switch|p1a: Fuck Magnezone|Skarmory, M, shiny|334\/334
|move|p2a: Heracross|Close Combat|p1a: Fuck Magnezone
|-damage|p1a: Fuck Magnezone|178\/334
|-unboost|p2a: Heracross|def|1
|-unboost|p2a: Heracross|spd|1
|
|turn|12
|
|switch|p1a: Not Mega|Sableye-Mega, M, shiny|228\/304
|move|p2a: Heracross|Close Combat|p1a: Not Mega
|-immune|p1a: Not Mega|[msg]
|
|turn|13
|
|move|p2a: Heracross|Pin Missile|p1a: Not Mega
|-damage|p1a: Not Mega|191\/304
|-damage|p1a: Not Mega|154\/304
|-damage|p1a: Not Mega|120\/304
|-damage|p1a: Not Mega|83\/304
|-damage|p1a: Not Mega|44\/304
|-hitcount|p1a: Not Mega|5
|move|p1a: Not Mega|Knock Off|p2a: Heracross
|-resisted|p2a: Heracross
|-end|p2a: Heracross|Substitute
|
|turn|14
|
|switch|p1a: Mr Blobby|Amoonguss, F, shiny|432\/432
|move|p2a: Heracross|Bullet Seed|p1a: Mr Blobby
|-resisted|p1a: Mr Blobby
|-damage|p1a: Mr Blobby|424\/432
|-resisted|p1a: Mr Blobby
|-damage|p1a: Mr Blobby|415\/432
|-resisted|p1a: Mr Blobby
|-damage|p1a: Mr Blobby|406\/432
|-resisted|p1a: Mr Blobby
|-damage|p1a: Mr Blobby|398\/432
|-resisted|p1a: Mr Blobby
|-damage|p1a: Mr Blobby|390\/432
|-hitcount|p1a: Mr Blobby|5
|
|turn|15
|
|switch|p2a: Mandibuzz|Mandibuzz, F|423\/423
|-damage|p2a: Mandibuzz|318\/423|[from] Stealth Rock
|move|p1a: Mr Blobby|Foul Play|p2a: Mandibuzz
|-resisted|p2a: Mandibuzz
|-damage|p2a: Mandibuzz|304\/423
|
|-heal|p2a: Mandibuzz|330\/423|[from] item: Leftovers
|turn|16
|
|switch|p1a: Mrs Blobby|Alomomola, M, shiny|529\/529
|move|p2a: Mandibuzz|Defog|p1a: Mrs Blobby
|-unboost|p1a: Mrs Blobby|evasion|1
|-sideend|p2: Where Dey At Doe|Stealth Rock|[from] move: Defog|[of] p2a: Mandibuzz
|
|-heal|p2a: Mandibuzz|356\/423|[from] item: Leftovers
|turn|17
|
|switch|p2a: Celebi|Celebi|276\/404
|move|p1a: Mrs Blobby|Wish|p1a: Mrs Blobby
|
|-heal|p2a: Celebi|301\/404|[from] item: Leftovers
|turn|18
|
|switch|p1a: Not Mega|Sableye-Mega, M, shiny|44\/304
|move|p2a: Celebi|Substitute|p2a: Celebi
|-start|p2a: Celebi|Substitute
|-damage|p2a: Celebi|200\/404
|
|-heal|p1a: Not Mega|304\/304|[from] move: Wish|[wisher] Mrs Blobby
|-heal|p2a: Celebi|225\/404|[from] item: Leftovers
|turn|19
|
|move|p2a: Celebi|Baton Pass|p2a: Celebi
|
|switch|p2a: Heracross|Heracross-Mega, F|278\/317
|move|p1a: Not Mega|Knock Off|p2a: Heracross
|-resisted|p2a: Heracross
|-activate|p2a: Heracross|Substitute|[damage]
|
|turn|20
|
|move|p2a: Heracross|Pin Missile|p1a: Not Mega
|-damage|p1a: Not Mega|267\/304
|-crit|p1a: Not Mega
|-damage|p1a: Not Mega|215\/304
|-damage|p1a: Not Mega|179\/304
|-damage|p1a: Not Mega|143\/304
|-damage|p1a: Not Mega|110\/304
|-hitcount|p1a: Not Mega|5
|move|p1a: Not Mega|Knock Off|p2a: Heracross
|-resisted|p2a: Heracross
|-activate|p2a: Heracross|Substitute|[damage]
|
|turn|21
|
|switch|p1a: Mr Blobby|Amoonguss, F, shiny|432\/432
|move|p2a: Heracross|Pin Missile|p1a: Mr Blobby
|-damage|p1a: Mr Blobby|380\/432
|-damage|p1a: Mr Blobby|326\/432
|-damage|p1a: Mr Blobby|269\/432
|-damage|p1a: Mr Blobby|217\/432
|-damage|p1a: Mr Blobby|166\/432
|-hitcount|p1a: Mr Blobby|5
|
|turn|22
|
|switch|p1a: Fuck Magnezone|Skarmory, M, shiny|178\/334
|move|p2a: Heracross|Pin Missile|p1a: Fuck Magnezone|[miss]
|-miss|p2a: Heracross|p1a: Fuck Magnezone
|
|turn|23
|
|move|p2a: Heracross|Close Combat|p1a: Fuck Magnezone
|-damage|p1a: Fuck Magnezone|31\/334
|-unboost|p2a: Heracross|def|1
|-unboost|p2a: Heracross|spd|1
|move|p1a: Fuck Magnezone|Roost|p1a: Fuck Magnezone
|-heal|p1a: Fuck Magnezone|198\/334
|
|turn|24
|
|switch|p1a: Mrs Blobby|Alomomola, M, shiny|529\/529
|move|p2a: Heracross|Rock Blast|p1a: Mrs Blobby
|-damage|p1a: Mrs Blobby|496\/529
|-damage|p1a: Mrs Blobby|466\/529
|-damage|p1a: Mrs Blobby|436\/529
|-damage|p1a: Mrs Blobby|403\/529
|-damage|p1a: Mrs Blobby|370\/529
|-hitcount|p1a: Mrs Blobby|5
|
|-heal|p1a: Mrs Blobby|403\/529|[from] item: Leftovers
|turn|25
|
|move|p1a: Mrs Blobby|Protect|p1a: Mrs Blobby
|-singleturn|p1a: Mrs Blobby|Protect
|move|p2a: Heracross|Bullet Seed|p1a: Mrs Blobby
|-activate|p1a: Mrs Blobby|Protect
|
|-heal|p1a: Mrs Blobby|436\/529|[from] item: Leftovers
|turn|26
|
|switch|p1a: Uncle Blobby|Quagsire, M, shiny|260\/394 brn
|move|p2a: Heracross|Pin Missile|p1a: Uncle Blobby|[miss]
|-miss|p2a: Heracross|p1a: Uncle Blobby
|
|-heal|p1a: Uncle Blobby|284\/394 brn|[from] item: Leftovers
|-damage|p1a: Uncle Blobby|235\/394 brn|[from] brn
|turn|27
|
|move|p2a: Heracross|Bullet Seed|p1a: Uncle Blobby
|-supereffective|p1a: Uncle Blobby
|-damage|p1a: Uncle Blobby|119\/394 brn
|-supereffective|p1a: Uncle Blobby
|-damage|p1a: Uncle Blobby|0 fnt
|-hitcount|p1a: Uncle Blobby|2
|faint|p1a: Uncle Blobby
|
|
|switch|p1a: Fuck Magnezone|Skarmory, M, shiny|198\/334
|turn|28
|
|move|p2a: Heracross|Rock Blast|p1a: Fuck Magnezone
|-damage|p1a: Fuck Magnezone|174\/334
|-damage|p1a: Fuck Magnezone|150\/334
|-damage|p1a: Fuck Magnezone|127\/334
|-damage|p1a: Fuck Magnezone|103\/334
|-damage|p1a: Fuck Magnezone|80\/334
|-hitcount|p1a: Fuck Magnezone|5
|move|p1a: Fuck Magnezone|Roost|p1a: Fuck Magnezone
|-heal|p1a: Fuck Magnezone|247\/334
|
|turn|29
|
|move|p2a: Heracross|Rock Blast|p1a: Fuck Magnezone
|-damage|p1a: Fuck Magnezone|225\/334
|-damage|p1a: Fuck Magnezone|204\/334
|-crit|p1a: Fuck Magnezone
|-damage|p1a: Fuck Magnezone|169\/334
|-damage|p1a: Fuck Magnezone|145\/334
|-damage|p1a: Fuck Magnezone|123\/334
|-hitcount|p1a: Fuck Magnezone|5
|move|p1a: Fuck Magnezone|Roost|p1a: Fuck Magnezone
|-heal|p1a: Fuck Magnezone|290\/334
|
|turn|30
|
|move|p2a: Heracross|Rock Blast|p1a: Fuck Magnezone
|-damage|p1a: Fuck Magnezone|266\/334
|-damage|p1a: Fuck Magnezone|244\/334
|-crit|p1a: Fuck Magnezone
|-damage|p1a: Fuck Magnezone|210\/334
|-damage|p1a: Fuck Magnezone|186\/334
|-damage|p1a: Fuck Magnezone|162\/334
|-hitcount|p1a: Fuck Magnezone|5
|move|p1a: Fuck Magnezone|Roost|p1a: Fuck Magnezone
|-heal|p1a: Fuck Magnezone|329\/334
|
|turn|31
|
|move|p2a: Heracross|Close Combat|p1a: Fuck Magnezone
|-damage|p1a: Fuck Magnezone|167\/334
|-unboost|p2a: Heracross|def|1
|-unboost|p2a: Heracross|spd|1
|move|p1a: Fuck Magnezone|Brave Bird|p2a: Heracross
|-supereffective|p2a: Heracross
|-end|p2a: Heracross|Substitute
|-damage|p1a: Fuck Magnezone|152\/334|[from] recoil|[of] p2a: Heracross
|
|turn|32
|
|switch|p1a: Mrs Blobby|Alomomola, M, shiny|529\/529
|move|p2a: Heracross|Close Combat|p1a: Mrs Blobby
|-crit|p1a: Mrs Blobby
|-damage|p1a: Mrs Blobby|205\/529
|-unboost|p2a: Heracross|def|1
|-unboost|p2a: Heracross|spd|1
|
|-heal|p1a: Mrs Blobby|238\/529|[from] item: Leftovers
|turn|33
|
|move|p1a: Mrs Blobby|Protect|p1a: Mrs Blobby
|-singleturn|p1a: Mrs Blobby|Protect
|move|p2a: Heracross|Pin Missile|p1a: Mrs Blobby
|-activate|p1a: Mrs Blobby|Protect
|
|-heal|p1a: Mrs Blobby|271\/529|[from] item: Leftovers
|turn|34
|
|switch|p2a: Celebi|Celebi|225\/404
|switch|p1a: Mr Blobby|Amoonguss, F, shiny|310\/432
|
|-heal|p2a: Celebi|250\/404|[from] item: Leftovers
|turn|35
|
|move|p2a: Celebi|Recover|p2a: Celebi
|-heal|p2a: Celebi|404\/404
|move|p1a: Mr Blobby|Foul Play|p2a: Celebi
|-supereffective|p2a: Celebi
|-damage|p2a: Celebi|292\/404
|
|-heal|p2a: Celebi|317\/404|[from] item: Leftovers
|turn|36
|
|switch|p1a: Fuck Magnezone|Skarmory, M, shiny|152\/334
|move|p2a: Celebi|Substitute|p2a: Celebi
|-start|p2a: Celebi|Substitute
|-damage|p2a: Celebi|216\/404
|
|-heal|p2a: Celebi|241\/404|[from] item: Leftovers
|turn|37
|
|move|p2a: Celebi|Baton Pass|p2a: Celebi
|
|switch|p2a: Azumarill|Azumarill, M|384\/384
|move|p1a: Fuck Magnezone|Roost|p1a: Fuck Magnezone
|-heal|p1a: Fuck Magnezone|319\/334
|
|turn|38
|
|switch|p1a: Mrs Blobby|Alomomola, M, shiny|447\/529
|move|p2a: Azumarill|Belly Drum|p2a: Azumarill
|-damage|p2a: Azumarill|192\/384
|-setboost|p2a: Azumarill|atk|6|[from] move: Belly Drum
|-enditem|p2a: Azumarill|Sitrus Berry|[eat]
|-heal|p2a: Azumarill|288\/384|[from] item: Sitrus Berry
|
|-heal|p1a: Mrs Blobby|480\/529|[from] item: Leftovers
|turn|39
|c|âAmoongbro|ugh
|c|âAmoongbro|fuck this gay bullshit
|c|âWhere Dey At Doe|Hello look at ur team
|c|âAmoongbro|batn pass noob fuck
|c|âAmoongbro|so what
|c|âWhere Dey At Doe|full stall like a fag
|c|âAmoongbro|i can handle all of your team fine
|c|âAmoongbro|but your behind a fucking sub every time
|c|âAmoongbro|such a fucking baton pass fag
|c|âWhere Dey At Doe|Lol get rekt
|c|âAmoongbro|took you fucking 35 turns of wasting heras moves
|c|âAmoongbro|youre a fucking noob
|c|âWhere Dey At Doe|Ok
|c|âAmoongbro|took you 25 turns to get one kill
|c|âAmoongbro|35*
|c|âAmoongbro|and you were behind a sub with mera heracrooss
|c|âWhere Dey At Doe|How many kills do u have?
|c|âAmoongbro|thats how fucking bad you are
|c|âAmoongbro|dude youre behind subs
|c|âAmoongbro|what do you fucking expect
|c|âAmoongbro|all gay baton pass fags do it
|
|move|p1a: Mrs Blobby|Wish|p1a: Mrs Blobby
|move|p2a: Azumarill|Knock Off|p1a: Mrs Blobby
|-damage|p1a: Mrs Blobby|40\/529
|-enditem|p1a: Mrs Blobby|Leftovers|[from] move: Knock Off|[of] p2a: Azumarill
|
|turn|40
|c|âWhere Dey At Doe|I name this team fuck stall and that's what it's doin
|c|âAmoongbro|nah
|
|move|p1a: Mrs Blobby|Protect|p1a: Mrs Blobby
|-singleturn|p1a: Mrs Blobby|Protect
|move|p2a: Azumarill|Knock Off|p1a: Mrs Blobby
|-activate|p1a: Mrs Blobby|Protect
|
|-heal|p1a: Mrs Blobby|304\/529|[from] move: Wish|[wisher] Mrs Blobby
|turn|41
|c|âAmoongbro|it fucks any team
|c|âAmoongbro|mera heracross behind a sub
|c|âAmoongbro|are your fucking serious
|
|switch|p1a: Mr Blobby|Amoonguss, F, shiny|432\/432
|move|p2a: Azumarill|Play Rough|p1a: Mr Blobby
|-resisted|p1a: Mr Blobby
|-damage|p1a: Mr Blobby|60\/432
|-unboost|p1a: Mr Blobby|atk|1
|
|turn|42
|c|âAmoongbro|yeah w\/e
|c|âAmoongbro|you suck
|c|âAmoongbro|bye
|-message|Amoongbro forfeited.
|
|win|Where Dey At Doe
|raw|Ladder updating...
|raw|Amoongbro's rating: 1677 &rarr; <strong>1647<\/strong><br \/>(-30 for losing)
|raw|Where Dey At Doe's rating: 1482 &rarr; <strong>1513<\/strong><br \/>(+31 for winning)
|leave|Amoongbro
|player|p1