|join|CheckmateWeee
|join|Where Dey At Doe
|player|p1|CheckmateWeee|101
|player|p2|Where Dey At Doe|270
|gametype|singles
|gen|6
|tier|OU
|rated
|clearpoke
|poke|p1|Raikou
|poke|p1|Keldeo
|poke|p1|Landorus-Therian, M
|poke|p1|Metagross
|poke|p1|Tornadus-Therian, M
|poke|p1|Infernape, M
|poke|p2|Heatran, M, shiny
|poke|p2|Serperior, M, shiny
|poke|p2|Altaria, M, shiny
|poke|p2|Zapdos
|poke|p2|Tornadus-Therian, M, shiny
|poke|p2|Rotom-Wash, shiny
|rule|Swagger Clause: Swagger is banned
|rule|Baton Pass Clause: Limit one PokÃ©mon knowing Baton Pass
|rule|Sleep Clause Mod: Limit one foe put to sleep
|rule|Species Clause: Limit one of each PokÃ©mon
|rule|OHKO Clause: OHKO moves are banned
|rule|Moody Clause: Moody is banned
|rule|Evasion Moves Clause: Evasion moves are banned
|rule|Endless Battle Clause: Forcing endless battles is banned
|rule|HP Percentage Mod: HP is shown in percentages
|teampreview
|
|start
|switch|p1a: Raikou|Raikou|325\/325
|switch|p2a: Tornadus-Therian|Tornadus-Therian, M, shiny|327\/327
|-ability|p1a: Raikou|Pressure
|turn|1
|
|move|p2a: Tornadus-Therian|Knock Off|p1a: Raikou
|-damage|p1a: Raikou|228\/325
|-enditem|p1a: Raikou|Choice Specs|[from] move: Knock Off|[of] p2a: Tornadus-Therian
|move|p1a: Raikou|Volt Switch|p2a: Tornadus-Therian
|-supereffective|p2a: Tornadus-Therian
|-damage|p2a: Tornadus-Therian|171\/327
|
|switch|p1a: Landorus-Therian|Landorus-Therian, M|319\/319
|-ability|p1a: Landorus-Therian|Intimidate|[of] p2a: Tornadus-Therian
|-unboost|p2a: Tornadus-Therian|atk|1
|
|turn|2
|
|switch|p2a: Rotom-Wash|Rotom-Wash, shiny|304\/304
|move|p1a: Landorus-Therian|U-turn|p2a: Rotom-Wash
|-crit|p2a: Rotom-Wash
|-damage|p2a: Rotom-Wash|206\/304
|
|switch|p1a: Raikou|Raikou|228\/325
|-ability|p1a: Raikou|Pressure
|
|-heal|p2a: Rotom-Wash|225\/304|[from] item: Leftovers
|turn|3
|
|move|p1a: Raikou|Volt Switch|p2a: Rotom-Wash
|-damage|p2a: Rotom-Wash|116\/304
|
|switch|p1a: Tornadus-Therian|Tornadus-Therian, M|299\/299
|move|p2a: Rotom-Wash|Pain Split|p1a: Tornadus-Therian
|-sethp|p1a: Tornadus-Therian|207\/299|p2a: Rotom-Wash|207\/304|[from] move: Pain Split
|
|-heal|p2a: Rotom-Wash|226\/304|[from] item: Leftovers
|turn|4
|
|move|p1a: Tornadus-Therian|Knock Off|p2a: Rotom-Wash
|-damage|p2a: Rotom-Wash|162\/304
|-enditem|p2a: Rotom-Wash|Leftovers|[from] move: Knock Off|[of] p1a: Tornadus-Therian
|move|p2a: Rotom-Wash|Will-O-Wisp|p1a: Tornadus-Therian
|-status|p1a: Tornadus-Therian|brn
|
|-damage|p1a: Tornadus-Therian|170\/299 brn|[from] brn
|turn|5
|
|move|p1a: Tornadus-Therian|U-turn|p2a: Rotom-Wash
|-damage|p2a: Rotom-Wash|136\/304
|
|switch|p1a: Landorus-Therian|Landorus-Therian, M|319\/319
|-ability|p1a: Landorus-Therian|Intimidate|[of] p2a: Rotom-Wash
|-unboost|p2a: Rotom-Wash|atk|1
|move|p2a: Rotom-Wash|Will-O-Wisp|p1a: Landorus-Therian|[miss]
|-miss|p2a: Rotom-Wash|p1a: Landorus-Therian
|
|turn|6
|
|move|p1a: Landorus-Therian|U-turn|p2a: Rotom-Wash
|-damage|p2a: Rotom-Wash|69\/304
|
|switch|p1a: Tornadus-Therian|Tornadus-Therian, M|269\/299 brn
|move|p2a: Rotom-Wash|Pain Split|p1a: Tornadus-Therian
|-sethp|p1a: Tornadus-Therian|169\/299 brn|p2a: Rotom-Wash|169\/304|[from] move: Pain Split
|
|-damage|p1a: Tornadus-Therian|132\/299 brn|[from] brn
|turn|7
|
|move|p1a: Tornadus-Therian|U-turn|p2a: Rotom-Wash
|-damage|p2a: Rotom-Wash|145\/304
|
|switch|p1a: Infernape|Infernape, M|293\/293
|move|p2a: Rotom-Wash|Will-O-Wisp|p1a: Infernape
|-fail|p1a: Infernape
|
|turn|8
|
|move|p1a: Infernape|Close Combat|p2a: Rotom-Wash
|-damage|p2a: Rotom-Wash|24\/304
|-unboost|p1a: Infernape|def|1
|-unboost|p1a: Infernape|spd|1
|move|p2a: Rotom-Wash|Pain Split|p1a: Infernape
|-sethp|p1a: Infernape|158\/293|p2a: Rotom-Wash|158\/304|[from] move: Pain Split
|
|turn|9
|
|move|p1a: Infernape|Stealth Rock|p2a: Rotom-Wash
|-sidestart|p2: Where Dey At Doe|move: Stealth Rock
|move|p2a: Rotom-Wash|Volt Switch|p1a: Infernape
|-damage|p1a: Infernape|0 fnt
|faint|p1a: Infernape
|
|switch|p2a: Zapdos|Zapdos|384\/384
|-damage|p2a: Zapdos|288\/384|[from] Stealth Rock
|-ability|p2a: Zapdos|Pressure
|
|-heal|p2a: Zapdos|312\/384|[from] item: Leftovers
|
|switch|p1a: Landorus-Therian|Landorus-Therian, M|319\/319
|-ability|p1a: Landorus-Therian|Intimidate|[of] p2a: Zapdos
|-unboost|p2a: Zapdos|atk|1
|turn|10
|
|move|p1a: Landorus-Therian|Stone Edge|p2a: Zapdos
|-supereffective|p2a: Zapdos
|-damage|p2a: Zapdos|78\/384
|move|p2a: Zapdos|Defog|p1a: Landorus-Therian
|-unboost|p1a: Landorus-Therian|evasion|1
|-sideend|p2: Where Dey At Doe|Stealth Rock|[from] move: Defog|[of] p2a: Zapdos
|
|-heal|p2a: Zapdos|102\/384|[from] item: Leftovers
|turn|11
|
|switch|p1a: Keldeo|Keldeo|323\/323
|switch|p2a: Heatran|Heatran, M, shiny|386\/386
|
|turn|12
|
|switch|p2a: Altaria|Altaria, M, shiny|354\/354
|move|p1a: Keldeo|Secret Sword|p2a: Altaria
|-resisted|p2a: Altaria
|-damage|p2a: Altaria|269\/354
|
|turn|13
|
|switch|p1a: Metagross|Metagross|301\/301
|switch|p2a: Tornadus-Therian|Tornadus-Therian, M, shiny|280\/327
|
|turn|14
|
|detailschange|p1a: Metagross|Metagross-Mega
|-mega|p1a: Metagross|Metagross|Metagrossite
|move|p2a: Tornadus-Therian|Heat Wave|p1a: Metagross
|-supereffective|p1a: Metagross
|-damage|p1a: Metagross|113\/301
|move|p1a: Metagross|Meteor Mash|p2a: Tornadus-Therian
|-damage|p2a: Tornadus-Therian|0 fnt
|faint|p2a: Tornadus-Therian
|
|
|switch|p2a: Serperior|Serperior, M, shiny|291\/291
|turn|15
|
|switch|p2a: Zapdos|Zapdos|102\/384
|-ability|p2a: Zapdos|Pressure
|move|p1a: Metagross|Meteor Mash|p2a: Zapdos
|-resisted|p2a: Zapdos
|-damage|p2a: Zapdos|6\/384
|
|-heal|p2a: Zapdos|30\/384|[from] item: Leftovers
|turn|16
|
|move|p1a: Metagross|Zen Headbutt|p2a: Zapdos
|-damage|p2a: Zapdos|0 fnt
|faint|p2a: Zapdos
|
|
|switch|p2a: Serperior|Serperior, M, shiny|291\/291
|turn|17
|
|move|p2a: Serperior|Hidden Power|p1a: Metagross
|-supereffective|p1a: Metagross
|-damage|p1a: Metagross|0 fnt
|-damage|p2a: Serperior|262\/291|[from] item: Life Orb
|faint|p1a: Metagross
|
|
|switch|p1a: Tornadus-Therian|Tornadus-Therian, M|231\/299 brn
|turn|18
|
|switch|p2a: Altaria|Altaria, M, shiny|269\/354
|move|p1a: Tornadus-Therian|U-turn|p2a: Altaria
|-crit|p2a: Altaria
|-resisted|p2a: Altaria
|-damage|p2a: Altaria|250\/354
|
|switch|p1a: Raikou|Raikou|228\/325
|-ability|p1a: Raikou|Pressure
|
|turn|19
|
|detailschange|p2a: Altaria|Altaria-Mega, M, shiny
|-mega|p2a: Altaria|Altaria|Altarianite
|move|p1a: Raikou|Shadow Ball|p2a: Altaria
|-crit|p2a: Altaria
|-damage|p2a: Altaria|117\/354
|move|p2a: Altaria|Roost|p2a: Altaria
|-heal|p2a: Altaria|294\/354
|
|turn|20
|
|switch|p1a: Landorus-Therian|Landorus-Therian, M|319\/319
|-ability|p1a: Landorus-Therian|Intimidate|[of] p2a: Altaria
|-unboost|p2a: Altaria|atk|1
|move|p2a: Altaria|Dragon Dance|p2a: Altaria
|-boost|p2a: Altaria|atk|1
|-boost|p2a: Altaria|spe|1
|
|turn|21
|
|move|p1a: Landorus-Therian|Earthquake|p2a: Altaria
|-damage|p2a: Altaria|162\/354
|move|p2a: Altaria|Dragon Dance|p2a: Altaria
|-boost|p2a: Altaria|atk|1
|-boost|p2a: Altaria|spe|1
|
|turn|22
|
|switch|p1a: Tornadus-Therian|Tornadus-Therian, M|299\/299 brn
|move|p2a: Altaria|Roost|p2a: Altaria
|-heal|p2a: Altaria|339\/354
|
|-damage|p1a: Tornadus-Therian|262\/299 brn|[from] brn
|turn|23
|
|move|p2a: Altaria|Dragon Dance|p2a: Altaria
|-boost|p2a: Altaria|atk|1
|-boost|p2a: Altaria|spe|1
|move|p1a: Tornadus-Therian|Hurricane|p2a: Altaria
|-damage|p2a: Altaria|200\/354
|-start|p2a: Altaria|confusion
|
|-damage|p1a: Tornadus-Therian|225\/299 brn|[from] brn
|turn|24
|
|-activate|p2a: Altaria|confusion
|move|p2a: Altaria|Roost|p2a: Altaria
|-heal|p2a: Altaria|354\/354
|move|p1a: Tornadus-Therian|Hurricane|p2a: Altaria
|-damage|p2a: Altaria|218\/354
|
|-damage|p1a: Tornadus-Therian|188\/299 brn|[from] brn
|turn|25
|
|-activate|p2a: Altaria|confusion
|-damage|p2a: Altaria|175\/354|[from] confusion
|move|p1a: Tornadus-Therian|Hurricane|p2a: Altaria
|-damage|p2a: Altaria|49\/354
|
|-damage|p1a: Tornadus-Therian|151\/299 brn|[from] brn
|turn|26
|
|-activate|p2a: Altaria|confusion
|-damage|p2a: Altaria|6\/354|[from] confusion
|move|p1a: Tornadus-Therian|Hurricane|p2a: Altaria
|-damage|p2a: Altaria|0 fnt
|faint|p2a: Altaria
|
|-damage|p1a: Tornadus-Therian|114\/299 brn|[from] brn
|c|âWhere Dey At Doe|Not bull shit
|c|âCheckmateWeee|mhm
|
|switch|p2a: Heatran|Heatran, M, shiny|386\/386
|turn|27
|
|switch|p1a: Keldeo|Keldeo|323\/323
|move|p2a: Heatran|Stealth Rock|p1a: Keldeo
|-sidestart|p1: CheckmateWeee|move: Stealth Rock
|
|turn|28
|join|Soul M8
|
|move|p1a: Keldeo|Secret Sword|p2a: Heatran
|-supereffective|p2a: Heatran
|-damage|p2a: Heatran|0 fnt
|faint|p2a: Heatran
|
|
|switch|p2a: Serperior|Serperior, M, shiny|262\/291
|turn|29
|
|move|p2a: Serperior|Leaf Storm|p1a: Keldeo
|-supereffective|p1a: Keldeo
|-damage|p1a: Keldeo|0 fnt
|-boost|p2a: Serperior|spa|2
|-damage|p2a: Serperior|233\/291|[from] item: Life Orb
|faint|p1a: Keldeo
|
|
|switch|p1a: Tornadus-Therian|Tornadus-Therian, M|213\/299 brn
|-damage|p1a: Tornadus-Therian|139\/299 brn|[from] Stealth Rock
|turn|30
|
|switch|p2a: Rotom-Wash|Rotom-Wash, shiny|158\/304
|move|p1a: Tornadus-Therian|Hurricane|p2a: Rotom-Wash
|-resisted|p2a: Rotom-Wash
|-damage|p2a: Rotom-Wash|92\/304
|
|-damage|p1a: Tornadus-Therian|102\/299 brn|[from] brn
|turn|31
|
|move|p1a: Tornadus-Therian|U-turn|p2a: Rotom-Wash
|-damage|p2a: Rotom-Wash|68\/304
|
|switch|p1a: Raikou|Raikou|228\/325
|-damage|p1a: Raikou|188\/325|[from] Stealth Rock
|-ability|p1a: Raikou|Pressure
|move|p2a: Rotom-Wash|Pain Split|p1a: Raikou
|-sethp|p1a: Raikou|128\/325|p2a: Rotom-Wash|128\/304|[from] move: Pain Split
|
|turn|32
|
|move|p1a: Raikou|Thunderbolt|p2a: Rotom-Wash
|-damage|p2a: Rotom-Wash|4\/304
|move|p2a: Rotom-Wash|Pain Split|p1a: Raikou
|-sethp|p1a: Raikou|66\/325|p2a: Rotom-Wash|66\/304|[from] move: Pain Split
|
|turn|33
|
|move|p1a: Raikou|Thunderbolt|p2a: Rotom-Wash
|-damage|p2a: Rotom-Wash|0 fnt
|faint|p2a: Rotom-Wash
|
|
|switch|p2a: Serperior|Serperior, M, shiny|233\/291
|turn|34
|
|move|p1a: Raikou|Hidden Power|p2a: Serperior
|-supereffective|p2a: Serperior
|-damage|p2a: Serperior|93\/291
|move|p2a: Serperior|Leaf Storm|p1a: Raikou
|-damage|p1a: Raikou|0 fnt
|-boost|p2a: Serperior|spa|2
|-damage|p2a: Serperior|64\/291|[from] item: Life Orb
|faint|p1a: Raikou
|
|
|switch|p1a: Tornadus-Therian|Tornadus-Therian, M|201\/299 brn
|-damage|p1a: Tornadus-Therian|127\/299 brn|[from] Stealth Rock
|turn|35
|-message|Where Dey At Doe forfeited.
|
|win|CheckmateWeee
|raw|Ladder updating...
|leave|Where Dey At Doe
|player|p2
|raw|CheckmateWeee's rating: 1528 &rarr; <strong>1550<\/strong><br \/>(+22 for winning)
|raw|Where Dey At Doe's rating: 1564 &rarr; <strong>1542<\/strong><br \/>(-22 for losing)