|join|Where Dey At Doe
|join|overpowered mess
|player|p1|Where Dey At Doe|270
|player|p2|overpowered mess|92
|gametype|singles
|gen|6
|tier|OU
|rated
|clearpoke
|poke|p1|Heatran, M, shiny
|poke|p1|Serperior, M, shiny
|poke|p1|Altaria, M, shiny
|poke|p1|Zapdos
|poke|p1|Tornadus-Therian, M, shiny
|poke|p1|Rotom-Wash, shiny
|poke|p2|Scizor, M
|poke|p2|Gothitelle, M
|poke|p2|Landorus, M
|poke|p2|Rotom-Wash
|poke|p2|Serperior, F
|poke|p2|Heatran, M
|rule|Swagger Clause: Swagger is banned
|rule|Baton Pass Clause: Limit one PokÃ©mon knowing Baton Pass
|rule|Sleep Clause Mod: Limit one foe put to sleep
|rule|Species Clause: Limit one of each PokÃ©mon
|rule|OHKO Clause: OHKO moves are banned
|rule|Moody Clause: Moody is banned
|rule|Evasion Moves Clause: Evasion moves are banned
|rule|Endless Battle Clause: Forcing endless battles is banned
|rule|HP Percentage Mod: HP is shown in percentages
|teampreview
|
|start
|switch|p1a: Rotom-Wash|Rotom-Wash, shiny|304\/304
|switch|p2a: Heatran|Heatran, M|367\/367
|turn|1
|
|move|p2a: Heatran|Stealth Rock|p1a: Rotom-Wash
|-sidestart|p1: Where Dey At Doe|move: Stealth Rock
|move|p1a: Rotom-Wash|Hydro Pump|p2a: Heatran
|-supereffective|p2a: Heatran
|-damage|p2a: Heatran|89\/367
|
|-heal|p2a: Heatran|111\/367|[from] item: Leftovers
|turn|2
|
|switch|p2a: Gothitelle|Gothitelle, M|343\/343
|move|p1a: Rotom-Wash|Volt Switch|p2a: Gothitelle
|-damage|p2a: Gothitelle|256\/343
|
|switch|p1a: Tornadus-Therian|Tornadus-Therian, M, shiny|327\/327
|-damage|p1a: Tornadus-Therian|246\/327|[from] Stealth Rock
|
|turn|3
|c|âoverpowered mess|turn switch turn
|
|switch|p2a: Heatran|Heatran, M|111\/367
|move|p1a: Tornadus-Therian|Knock Off|p2a: Heatran
|-damage|p2a: Heatran|42\/367
|-enditem|p2a: Heatran|Leftovers|[from] move: Knock Off|[of] p1a: Tornadus-Therian
|
|turn|4
|
|move|p1a: Tornadus-Therian|Knock Off|p2a: Heatran
|-damage|p2a: Heatran|0 fnt
|faint|p2a: Heatran
|
|
|switch|p2a: Scizor|Scizor, M|320\/320
|turn|5
|
|detailschange|p2a: Scizor|Scizor-Mega, M
|-mega|p2a: Scizor|Scizor|Scizorite
|move|p1a: Tornadus-Therian|Heat Wave|p2a: Scizor
|-crit|p2a: Scizor
|-supereffective|p2a: Scizor
|-damage|p2a: Scizor|0 fnt
|faint|p2a: Scizor
|
|
|switch|p2a: Rotom-Wash|Rotom-Wash|304\/304
|turn|6
|
|move|p1a: Tornadus-Therian|Knock Off|p2a: Rotom-Wash
|-damage|p2a: Rotom-Wash|234\/304
|-enditem|p2a: Rotom-Wash|Leftovers|[from] move: Knock Off|[of] p1a: Tornadus-Therian
|move|p2a: Rotom-Wash|Volt Switch|p1a: Tornadus-Therian
|-crit|p1a: Tornadus-Therian
|-supereffective|p1a: Tornadus-Therian
|-damage|p1a: Tornadus-Therian|48\/327
|
|switch|p2a: Gothitelle|Gothitelle, M|256\/343
|
|turn|7
|
|switch|p2a: Rotom-Wash|Rotom-Wash|234\/304
|move|p1a: Tornadus-Therian|U-turn|p2a: Rotom-Wash
|-damage|p2a: Rotom-Wash|178\/304
|
|switch|p1a: Serperior|Serperior, M, shiny|291\/291
|-damage|p1a: Serperior|255\/291|[from] Stealth Rock
|
|turn|8
|
|move|p1a: Serperior|Leaf Storm|p2a: Rotom-Wash|[miss]
|-miss|p1a: Serperior|p2a: Rotom-Wash
|move|p2a: Rotom-Wash|Will-O-Wisp|p1a: Serperior|[miss]
|-miss|p2a: Rotom-Wash|p1a: Serperior
|
|turn|9
|
|move|p1a: Serperior|Leaf Storm|p2a: Rotom-Wash
|-supereffective|p2a: Rotom-Wash
|-damage|p2a: Rotom-Wash|0 fnt
|-boost|p1a: Serperior|spa|2
|-damage|p1a: Serperior|226\/291|[from] item: Life Orb
|faint|p2a: Rotom-Wash
|
|
|switch|p2a: Gothitelle|Gothitelle, M|256\/343
|turn|10
|
|move|p1a: Serperior|Leaf Storm|p2a: Gothitelle
|-damage|p2a: Gothitelle|0 fnt
|-boost|p1a: Serperior|spa|2
|-damage|p1a: Serperior|197\/291|[from] item: Life Orb
|faint|p2a: Gothitelle
|
|
|switch|p2a: Serperior|Serperior, F|291\/291
|turn|11
|
|move|p1a: Serperior|Leaf Storm|p2a: Serperior
|-resisted|p2a: Serperior
|-damage|p2a: Serperior|0 fnt
|-boost|p1a: Serperior|spa|2
|-damage|p1a: Serperior|168\/291|[from] item: Life Orb
|faint|p2a: Serperior
|
|
|switch|p2a: Landorus|Landorus, M|319\/319
|turn|12
|
|move|p1a: Serperior|Giga Drain|p2a: Landorus
|-damage|p2a: Landorus|0 fnt
|-heal|p1a: Serperior|291\/291|[from] drain|[of] p2a: Landorus
|-damage|p1a: Serperior|262\/291|[from] item: Life Orb
|faint|p2a: Landorus
|
|win|Where Dey At Doe
|raw|Ladder updating...
|raw|Where Dey At Doe's rating: 1559 &rarr; <strong>1581<\/strong><br \/>(+22 for winning)
|raw|overpowered mess's rating: 1597 &rarr; <strong>1575<\/strong><br \/>(-22 for losing)
|leave|overpowered mess
|player|p2