|join|Where Dey At Doe
|join|Ace Trainer Apollo
|player|p1|Where Dey At Doe|270
|player|p2|Ace Trainer Apollo|2
|gametype|singles
|gen|6
|tier|OU
|rated
|clearpoke
|poke|p1|Heatran, F
|poke|p1|Serperior, M, shiny
|poke|p1|Dugtrio, F, shiny
|poke|p1|Altaria, F, shiny
|poke|p1|Zapdos
|poke|p1|Tornadus-Therian, M, shiny
|poke|p2|Archeops, F
|poke|p2|Rotom-Wash
|poke|p2|Flygon, M
|poke|p2|Whimsicott, F
|poke|p2|Jolteon, F
|poke|p2|Beedrill, M
|rule|Swagger Clause: Swagger is banned
|rule|Baton Pass Clause: Limit one PokÃ©mon knowing Baton Pass
|rule|Sleep Clause Mod: Limit one foe put to sleep
|rule|Species Clause: Limit one of each PokÃ©mon
|rule|OHKO Clause: OHKO moves are banned
|rule|Moody Clause: Moody is banned
|rule|Evasion Moves Clause: Evasion moves are banned
|rule|Endless Battle Clause: Forcing endless battles is banned
|rule|HP Percentage Mod: HP is shown in percentages
|teampreview
|c|âAce Trainer Apollo|hm
|c|âAce Trainer Apollo|you alive?
|
|start
|switch|p1a: Zapdos|Zapdos|384\/384
|switch|p2a: Aero|Archeops, F|311\/311
|-ability|p1a: Zapdos|Pressure
|turn|1
|c|âWhere Dey At Doe|Yep
|
|move|p2a: Aero|Head Smash|p1a: Zapdos
|-supereffective|p1a: Zapdos
|-damage|p1a: Zapdos|0 fnt
|-damage|p2a: Aero|119\/311|[from] recoil|[of] p1a: Zapdos
|faint|p1a: Zapdos
|
|c|âAce Trainer Apollo|alright then
|c|âAce Trainer Apollo|lets see what you got
|
|switch|p1a: Serperior|Serperior, M, shiny|291\/291
|turn|2
|
|switch|p2a: No.15|Beedrill, M|293\/293
|move|p1a: Serperior|Leaf Storm|p2a: No.15
|-resisted|p2a: No.15
|-damage|p2a: No.15|235\/293
|-boost|p1a: Serperior|spa|2
|-damage|p1a: Serperior|262\/291|[from] item: Life Orb
|
|turn|3
|
|switch|p1a: Heatran|Heatran, F|386\/386
|detailschange|p2a: No.15|Beedrill-Mega, M
|-mega|p2a: No.15|Beedrill|Beedrillite
|move|p2a: No.15|Protect|p2a: No.15
|-fail|p2a: No.15
|
|turn|4
|c|âAce Trainer Apollo|hm
|
|move|p2a: No.15|U-turn|p1a: Heatran
|-resisted|p1a: Heatran
|-damage|p1a: Heatran|341\/386
|
|switch|p2a: Antlione|Flygon, M|346\/346
|move|p1a: Heatran|Lava Plume|p2a: Antlione
|-crit|p2a: Antlione
|-resisted|p2a: Antlione
|-damage|p2a: Antlione|219\/346
|
|-heal|p1a: Heatran|365\/386|[from] item: Leftovers
|turn|5
|
|switch|p1a: Altaria|Altaria, F, shiny|354\/354
|move|p2a: Antlione|Earthquake|p1a: Altaria
|-immune|p1a: Altaria|[msg]
|
|turn|6
|c|âAce Trainer Apollo|dancy
|c|âAce Trainer Apollo|fancy
|
|switch|p2a: Whimsi|Whimsicott, F|322\/322
|detailschange|p1a: Altaria|Altaria-Mega, F, shiny
|-mega|p1a: Altaria|Altaria|Altarianite
|move|p1a: Altaria|Frustration|p2a: Whimsi
|-damage|p2a: Whimsi|148\/322
|-enditem|p2a: Whimsi|Sitrus Berry|[eat]
|-heal|p2a: Whimsi|228\/322|[from] item: Sitrus Berry
|
|turn|7
|
|move|p2a: Whimsi|Stun Spore|p1a: Altaria
|-status|p1a: Altaria|par
|move|p1a: Altaria|Frustration|p2a: Whimsi
|-damage|p2a: Whimsi|72\/322
|
|turn|8
|c|âAce Trainer Apollo|interesting...
|
|move|p2a: Whimsi|Moonblast|p1a: Altaria
|-supereffective|p1a: Altaria
|-damage|p1a: Altaria|186\/354 par
|-unboost|p1a: Altaria|spa|1
|move|p1a: Altaria|Heal Bell|p1a: Altaria
|-cureteam|p1a: Altaria|[from] move: HealBell
|
|turn|9
|
|move|p2a: Whimsi|Encore|p1a: Altaria
|-start|p1a: Altaria|Encore
|move|p1a: Altaria|Heal Bell|p1a: Altaria
|-cureteam|p1a: Altaria|[from] move: HealBell
|
|turn|10
|
|switch|p1a: Serperior|Serperior, M, shiny|262\/291
|move|p2a: Whimsi|U-turn|p1a: Serperior
|-supereffective|p1a: Serperior
|-damage|p1a: Serperior|172\/291
|
|switch|p2a: Aero|Archeops, F|119\/311
|
|turn|11
|c|âAce Trainer Apollo|just to give you this gift
|c|âWhere Dey At Doe|I'm scared now scarf?
|c|âAce Trainer Apollo|what ur plan son
|
|move|p2a: Aero|Stealth Rock|p1a: Serperior
|-sidestart|p1: Where Dey At Doe|move: Stealth Rock
|move|p1a: Serperior|Leaf Storm|p2a: Aero
|-damage|p2a: Aero|0 fnt
|-boost|p1a: Serperior|spa|2
|-damage|p1a: Serperior|143\/291|[from] item: Life Orb
|faint|p2a: Aero
|
|c|âAce Trainer Apollo|im about to pop off now
|
|switch|p2a: No.15|Beedrill-Mega, M|235\/293
|turn|12
|
|move|p2a: No.15|U-turn|p1a: Serperior
|-supereffective|p1a: Serperior
|-damage|p1a: Serperior|0 fnt
|faint|p1a: Serperior
|
|switch|p2a: Jolt|Jolteon, F|291\/291
|
|
|switch|p1a: Heatran|Heatran, F|365\/386
|-damage|p1a: Heatran|317\/386|[from] Stealth Rock
|turn|13
|
|move|p2a: Jolt|Volt Switch|p1a: Heatran
|-damage|p1a: Heatran|218\/386
|-damage|p2a: Jolt|262\/291|[from] item: Life Orb
|
|switch|p2a: Mr. Clean|Rotom-Wash|303\/303
|move|p1a: Heatran|Lava Plume|p2a: Mr. Clean
|-resisted|p2a: Mr. Clean
|-damage|p2a: Mr. Clean|243\/303
|
|-heal|p2a: Mr. Clean|261\/303|[from] item: Leftovers
|-heal|p1a: Heatran|242\/386|[from] item: Leftovers
|turn|14
|
|move|p2a: Mr. Clean|Hydro Pump|p1a: Heatran
|-supereffective|p1a: Heatran
|-damage|p1a: Heatran|62\/386
|move|p1a: Heatran|Lava Plume|p2a: Mr. Clean
|-resisted|p2a: Mr. Clean
|-damage|p2a: Mr. Clean|207\/303
|
|-heal|p2a: Mr. Clean|225\/303|[from] item: Leftovers
|-heal|p1a: Heatran|86\/386|[from] item: Leftovers
|turn|15
|-message|Where Dey At Doe forfeited.
|leave|Where Dey At Doe
|
|win|Ace Trainer Apollo
|raw|Ladder updating...
|player|p1
|raw|Where Dey At Doe's rating: 1514 &rarr; <strong>1499<\/strong><br \/>(-15 for losing)
|raw|Ace Trainer Apollo's rating: 1601 &rarr; <strong>1616<\/strong><br \/>(+15 for winning)