|join|sp141
|join|superpascal
|player|p1|sp141|169
|player|p2|superpascal|161
|gametype|singles
|gen|6
|tier|ORAS OU
|rated
|rule|Sleep Clause Mod: Limit one foe put to sleep
|rule|Species Clause: Limit one of each PokÃ©mon
|rule|OHKO Clause: OHKO moves are banned
|rule|Moody Clause: Moody is banned
|rule|Evasion Moves Clause: Evasion moves are banned
|rule|Endless Battle Clause: Forcing endless battles is banned
|rule|HP Percentage Mod: HP is shown in percentages
|clearpoke
|poke|p1|Salamence, M
|poke|p1|Greninja, F
|poke|p1|Bisharp, M
|poke|p1|Heatran, M
|poke|p1|Latias, F
|poke|p1|Cresselia, F
|poke|p2|Manaphy
|poke|p2|Garchomp, F
|poke|p2|Togekiss, M
|poke|p2|Salamence, F
|poke|p2|Ferrothorn, M
|poke|p2|Rotom-Wash
|rule|Swagger Clause: Swagger is banned
|rule|Baton Pass Clause: Limit one PokÃ©mon knowing Baton Pass
|teampreview
|c|âsuperpascal|have fun :)
|join|Marleen
|c|âsp141|you too
|
|start
|switch|p1a: Heatran|Heatran, M|324\/324
|switch|p2a: Claire|Manaphy|400\/400
|-item|p1a: Heatran|Air Balloon
|turn|1
|leave|Marleen
|
|switch|p1a: Latias|Latias, F|302\/302
|move|p2a: Claire|Tail Glow|p2a: Claire
|-boost|p2a: Claire|spa|3
|
|turn|2
|
|move|p1a: Latias|Psyshock|p2a: Claire
|-damage|p2a: Claire|240\/400
|-damage|p1a: Latias|272\/302|[from] item: Life Orb
|move|p2a: Claire|Ice Beam|p1a: Latias
|-supereffective|p1a: Latias
|-damage|p1a: Latias|0 fnt
|faint|p1a: Latias
|
|-heal|p2a: Claire|265\/400|[from] item: Leftovers
|
|switch|p1a: Salamence|Salamence, M|331\/331
|-ability|p1a: Salamence|Intimidate|[of] p2a: Claire
|-unboost|p2a: Claire|atk|1
|turn|3
|c|âsuperpascal|hmm......
|
|detailschange|p1a: Salamence|Salamence-Mega, M
|message|Salamence has Mega Evolved into Mega Salamence!
|move|p1a: Salamence|Return|p2a: Claire
|-damage|p2a: Claire|0 fnt
|faint|p2a: Claire
|
|c|âsuperpascal|adamant?
|c|âsp141|no
|c|âsuperpascal|Strange..noramlly it does like 60%
|c|âsuperpascal|Maybe just a high roll
|
|switch|p2a: Laveuse|Rotom-Wash|304\/304
|turn|4
|c|âsp141|252 Atk Aerilate Salamence Return vs. 0 HP \/ 4 Def Manaphy: 235-277 (68.9 - 81.2%) -- guaranteed 2HKO after Leftovers recovery
|c|âsuperpascal|252 hp actually
|c|âsuperpascal|wait 240 
|c|âsp141|252 Atk Aerilate Salamence Return vs. 240 HP \/ 0 Def Manaphy: 237-279 (59.1 - 69.5%) -- guaranteed 2HKO after Leftovers recovery
|
|switch|p1a: Cresselia|Cresselia, F|444\/444
|move|p2a: Laveuse|Volt Switch|p1a: Cresselia
|-damage|p1a: Cresselia|384\/444
|c|âsuperpascal|ok then I am still inexprienced with salamence :P
|
|switch|p2a: Toque|Ferrothorn, M|352\/352
|
|-heal|p1a: Cresselia|411\/444|[from] item: Leftovers
|turn|5
|c|âsp141|i thought you were max speed max spatk
|c|âsp141|since you have tail glow
|c|âsuperpascal|that's set everybody is running
|c|âsuperpascal|Most people don't realize the bulk of Manaphy
|
|switch|p1a: Heatran|Heatran, M|324\/324
|-item|p1a: Heatran|Air Balloon
|move|p2a: Toque|Stealth Rock|p1a: Heatran
|-sidestart|p1: sp141|move: Stealth Rock
|
|turn|6
|c|âsp141|yeah i know
|
|switch|p2a: Malaysia 370|Salamence, F|393\/393
|-ability|p2a: Malaysia 370|Intimidate|[of] p1a: Heatran
|-unboost|p1a: Heatran|atk|1
|move|p1a: Heatran|Stealth Rock|p2a: Malaysia 370
|-sidestart|p2: superpascal|move: Stealth Rock
|
|turn|7
|
|switch|p1a: Cresselia|Cresselia, F|411\/444
|-damage|p1a: Cresselia|356\/444|[from] Stealth Rock
|detailschange|p2a: Malaysia 370|Salamence-Mega, F
|message|Salamence has Mega Evolved into Mega Salamence!
|move|p2a: Malaysia 370|Return|p1a: Cresselia
|-damage|p1a: Cresselia|133\/444
|
|-heal|p1a: Cresselia|160\/444|[from] item: Leftovers
|turn|8
|c|âsp141|ok, that's adamant
|
|move|p2a: Malaysia 370|Return|p1a: Cresselia
|-damage|p1a: Cresselia|0 fnt
|faint|p1a: Cresselia
|
|
|switch|p1a: Greninja|Greninja, F|286\/286
|-damage|p1a: Greninja|251\/286|[from] Stealth Rock
|turn|9
|
|switch|p2a: Toque|Ferrothorn, M|352\/352
|-damage|p2a: Toque|330\/352|[from] Stealth Rock
|move|p1a: Greninja|Gunk Shot|p2a: Toque
|-start|p1a: Greninja|typechange|Poison|[from] Protean
|-immune|p2a: Toque|[msg]
|
|-heal|p2a: Toque|352\/352|[from] item: Leftovers
|turn|10
|c|âsuperpascal|you expected who, togekiss?
|c|âsp141|rotom-w
|
|switch|p1a: Heatran|Heatran, M|324\/324
|-damage|p1a: Heatran|284\/324|[from] Stealth Rock
|-item|p1a: Heatran|Air Balloon
|move|p2a: Toque|Thunder Wave|p1a: Heatran
|-status|p1a: Heatran|par
|
|turn|11
|
|switch|p2a: Laveuse|Rotom-Wash|304\/304
|-damage|p2a: Laveuse|266\/304|[from] Stealth Rock
|move|p1a: Heatran|Will-O-Wisp|p2a: Laveuse
|-status|p2a: Laveuse|brn
|
|-damage|p2a: Laveuse|228\/304 brn|[from] brn
|turn|12
|
|move|p2a: Laveuse|Hydro Pump|p1a: Heatran
|-supereffective|p1a: Heatran
|-damage|p1a: Heatran|26\/324 par
|-enditem|p1a: Heatran|Air Balloon
|move|p1a: Heatran|Lava Plume|p2a: Laveuse
|-resisted|p2a: Laveuse
|-damage|p2a: Laveuse|162\/304 brn
|
|-damage|p2a: Laveuse|124\/304 brn|[from] brn
|turn|13
|
|move|p2a: Laveuse|Rest|p2a: Laveuse
|-status|p2a: Laveuse|slp
|-heal|p2a: Laveuse|304\/304 slp|[silent]
|-status|p2a: Laveuse|slp|[from] move: Rest
|-enditem|p2a: Laveuse|Chesto Berry|[eat]
|-curestatus|p2a: Laveuse|slp
|move|p1a: Heatran|Will-O-Wisp|p2a: Laveuse
|-status|p2a: Laveuse|brn
|
|-damage|p2a: Laveuse|266\/304 brn|[from] brn
|turn|14
|
|move|p2a: Laveuse|Volt Switch|p1a: Heatran
|-damage|p1a: Heatran|0 fnt
|faint|p1a: Heatran
|
|switch|p2a: Bisou|Togekiss, M|373\/373
|-damage|p2a: Bisou|280\/373|[from] Stealth Rock
|
|
|switch|p1a: Bisharp|Bisharp, M|272\/272
|-damage|p1a: Bisharp|255\/272|[from] Stealth Rock
|turn|15
|c|âsuperpascal|you are in a for a surprise. :P
|
|move|p1a: Bisharp|Iron Head|p2a: Bisou
|-supereffective|p2a: Bisou
|-damage|p2a: Bisou|0 fnt
|-damage|p1a: Bisharp|228\/272|[from] item: Life Orb
|faint|p2a: Bisou
|
|c|âsuperpascal|or you are just faster...
|
|switch|p2a: Laveuse|Rotom-Wash|266\/304 brn
|-damage|p2a: Laveuse|228\/304 brn|[from] Stealth Rock
|turn|16
|
|move|p1a: Bisharp|Knock Off|p2a: Laveuse
|-crit|p2a: Laveuse
|-damage|p2a: Laveuse|76\/304 brn
|-damage|p1a: Bisharp|201\/272|[from] item: Life Orb
|move|p2a: Laveuse|Will-O-Wisp|p1a: Bisharp
|-status|p1a: Bisharp|brn
|
|-damage|p1a: Bisharp|167\/272 brn|[from] brn
|-damage|p2a: Laveuse|38\/304 brn|[from] brn
|turn|17
|
|move|p1a: Bisharp|Knock Off|p2a: Laveuse
|-damage|p2a: Laveuse|0 fnt
|-damage|p1a: Bisharp|140\/272 brn|[from] item: Life Orb
|faint|p2a: Laveuse
|
|-damage|p1a: Bisharp|106\/272 brn|[from] brn
|
|switch|p2a: Malaysia 370|Salamence-Mega, F|393\/393
|-damage|p2a: Malaysia 370|295\/393|[from] Stealth Rock
|turn|18
|
|switch|p1a: Greninja|Greninja, F|251\/286
|-damage|p1a: Greninja|216\/286|[from] Stealth Rock
|move|p2a: Malaysia 370|Dragon Dance|p2a: Malaysia 370
|-boost|p2a: Malaysia 370|atk|1
|-boost|p2a: Malaysia 370|spe|1
|
|turn|19
|c|âsuperpascal|so scarf greninja is thing now :P
|
|switch|p2a: Toque|Ferrothorn, M|352\/352
|-damage|p2a: Toque|330\/352|[from] Stealth Rock
|move|p1a: Greninja|Ice Beam|p2a: Toque
|-start|p1a: Greninja|typechange|Ice|[from] Protean
|-crit|p2a: Toque
|-damage|p2a: Toque|169\/352
|-damage|p1a: Greninja|188\/286|[from] item: Life Orb
|
|-heal|p2a: Toque|191\/352|[from] item: Leftovers
|turn|20
|c|âsp141|phew
|c|âsuperpascal|that bluffff
|c|âsuperpascal|Honestly I though it was a scarf because I saw no life orb damage
|c|âsuperpascal|but I forgot that you used gunk shot before
|c|âsp141|yeah, thank god i went for gunk shot on your ferro switch
|c|âsuperpascal|I am so mad at myself
|
|move|p1a: Greninja|Ice Beam|p2a: Toque
|-crit|p2a: Toque
|-damage|p2a: Toque|3\/352
|-damage|p1a: Greninja|160\/286|[from] item: Life Orb
|move|p2a: Toque|Leech Seed|p1a: Greninja
|-start|p1a: Greninja|move: Leech Seed
|
|-heal|p2a: Toque|25\/352|[from] item: Leftovers
|-damage|p1a: Greninja|125\/286|[from] Leech Seed|[of] p2a: Toque
|-heal|p2a: Toque|60\/352|[silent]
|turn|21
|
|move|p1a: Greninja|Ice Beam|p2a: Toque
|-damage|p2a: Toque|0 fnt
|-damage|p1a: Greninja|97\/286|[from] item: Life Orb
|faint|p2a: Toque
|
|
|switch|p2a: Chompitychomp|Garchomp, F|409\/409
|-damage|p2a: Chompitychomp|384\/409|[from] Stealth Rock
|turn|22
|
|move|p2a: Chompitychomp|Outrage|p1a: Greninja
|-damage|p1a: Greninja|0 fnt
|faint|p1a: Greninja
|
|
|switch|p1a: Bisharp|Bisharp, M|106\/272 brn
|-damage|p1a: Bisharp|89\/272 brn|[from] Stealth Rock
|turn|23
|
|move|p1a: Bisharp|Sucker Punch|p2a: Chompitychomp
|-damage|p2a: Chompitychomp|293\/409
|-damage|p1a: Bisharp|55\/272 brn|[from] ability: Rough Skin|[of] p2a: Chompitychomp
|-damage|p1a: Bisharp|28\/272 brn|[from] item: Life Orb
|move|p2a: Chompitychomp|Outrage|p1a: Bisharp
|-resisted|p1a: Bisharp
|-damage|p1a: Bisharp|0 fnt
|faint|p1a: Bisharp
|
|-end|p2a: Chompitychomp|rampage
|-start|p2a: Chompitychomp|confusion
|
|switch|p1a: Salamence|Salamence-Mega, M|331\/331
|-damage|p1a: Salamence|249\/331|[from] Stealth Rock
|turn|24
|c|âsuperpascal|No :O
|c|âsuperpascal|It's afifty fity
|c|âsp141|yeah
|
|-activate|p2a: Chompitychomp|confusion
|-damage|p2a: Chompitychomp|241\/409|[from] confusion
|move|p1a: Salamence|Dragon Dance|p1a: Salamence
|-boost|p1a: Salamence|atk|1
|-boost|p1a: Salamence|spe|1
|
|turn|25
|c|âsp141|lol
|c|âsp141|gg
|c|âsuperpascal|Dang those two ice beam crits really hurted :\/
|c|âsuperpascal|anyways gg
|
|move|p1a: Salamence|Return|p2a: Chompitychomp
|-damage|p2a: Chompitychomp|0 fnt
|-damage|p1a: Salamence|208\/331|[from] ability: Rough Skin|[of] p2a: Chompitychomp
|faint|p2a: Chompitychomp
|
|
|switch|p2a: Malaysia 370|Salamence-Mega, F|295\/393
|-damage|p2a: Malaysia 370|197\/393|[from] Stealth Rock
|turn|26
|
|move|p1a: Salamence|Return|p2a: Malaysia 370
|-damage|p2a: Malaysia 370|0 fnt
|faint|p2a: Malaysia 370
|
|win|sp141
|raw|Ladder updating...
|raw|sp141's rating: 1524 &rarr; <strong>1546<\/strong><br \/>(+22 for winning)
|raw|superpascal's rating: 1557 &rarr; <strong>1535<\/strong><br \/>(-22 for losing)