|join|Ptyra
|join|superpascal
|player|p1|Ptyra|170
|player|p2|superpascal|161
|gametype|singles
|gen|6
|tier|ORAS OU
|rated
|rule|Sleep Clause Mod: Limit one foe put to sleep
|rule|Species Clause: Limit one of each PokÃ©mon
|rule|OHKO Clause: OHKO moves are banned
|rule|Moody Clause: Moody is banned
|rule|Evasion Moves Clause: Evasion moves are banned
|rule|Endless Battle Clause: Forcing endless battles is banned
|rule|HP Percentage Mod: HP is shown in percentages
|clearpoke
|poke|p1|Swampert, M
|poke|p1|Kingdra, M
|poke|p1|Politoed, F, shiny
|poke|p1|Latias, F, shiny
|poke|p1|Ferrothorn, F
|poke|p1|Gengar, M, shiny
|poke|p2|Manaphy
|poke|p2|Garchomp, M
|poke|p2|Togekiss, M
|poke|p2|Salamence, F
|poke|p2|Ferrothorn, F
|poke|p2|Rotom-Wash
|rule|Swagger Clause: Swagger is banned
|rule|Baton Pass Clause: Limit one PokÃ©mon knowing Baton Pass
|teampreview
|c|âsuperpascal|have fun
|
|start
|switch|p1a: Politoed|Politoed, F, shiny|383\/383
|switch|p2a: Bisou|Togekiss, M|373\/373
|-weather|RainDance
|turn|1
|
|move|p2a: Bisou|Air Slash|p1a: Politoed
|-damage|p1a: Politoed|241\/383
|move|p1a: Politoed|Toxic|p2a: Bisou
|-status|p2a: Bisou|tox
|
|-weather|RainDance|[upkeep]
|-damage|p2a: Bisou|350\/373 tox|[from] psn
|turn|2
|
|switch|p1a: Ferrothorn|Ferrothorn, F|352\/352
|move|p2a: Bisou|Air Slash|p1a: Ferrothorn
|-damage|p1a: Ferrothorn|181\/352
|
|-weather|RainDance|[upkeep]
|-heal|p1a: Ferrothorn|203\/352|[from] item: Leftovers
|-damage|p2a: Bisou|304\/373 tox|[from] psn
|turn|3
|
|move|p2a: Bisou|Air Slash|p1a: Ferrothorn
|-damage|p1a: Ferrothorn|41\/352
|move|p1a: Ferrothorn|Stealth Rock|p2a: Bisou
|-sidestart|p2: superpascal|move: Stealth Rock
|
|-weather|RainDance|[upkeep]
|-heal|p1a: Ferrothorn|63\/352|[from] item: Leftovers
|-damage|p2a: Bisou|235\/373 tox|[from] psn
|turn|4
|join|BQbby
|
|move|p2a: Bisou|Air Slash|p1a: Ferrothorn
|-damage|p1a: Ferrothorn|0 fnt
|faint|p1a: Ferrothorn
|
|-weather|RainDance|[upkeep]
|-damage|p2a: Bisou|143\/373 tox|[from] psn
|
|switch|p1a: Swampert|Swampert, M|377\/377
|turn|5
|c|âsuperpascal|swift wim doesn't activate on the first turn if I remember correctly right?
|c|âPtyra|You'll see ^^
|
|switch|p2a: Laveuse|Rotom-Wash|304\/304
|-damage|p2a: Laveuse|266\/304|[from] Stealth Rock
|detailschange|p1a: Swampert|Swampert-Mega, M
|message|Swampert has Mega Evolved into Mega Swampert!
|move|p1a: Swampert|Low Kick|p2a: Laveuse
|-damage|p2a: Laveuse|243\/304
|
|-weather|RainDance|[upkeep]
|turn|6
|
|switch|p1a: Latias|Latias, F, shiny|319\/319
|move|p2a: Laveuse|Volt Switch|p1a: Latias
|-resisted|p1a: Latias
|-damage|p1a: Latias|280\/319
|
|switch|p2a: Chompitychomp|Garchomp, M|420\/420
|-damage|p2a: Chompitychomp|394\/420|[from] Stealth Rock
|
|-weather|RainDance|[upkeep]
|turn|7
|c|âPtyra|And the answer was no.
|
|move|p2a: Chompitychomp|Outrage|p1a: Latias
|-supereffective|p1a: Latias
|-damage|p1a: Latias|0 fnt
|faint|p1a: Latias
|
|-weather|RainDance|[upkeep]
|c|âsuperpascal|thanks for being honest :)
|
|switch|p1a: Kingdra|Kingdra, M|289\/289
|turn|8
|c|âsuperpascal|I miscalced the rain :P
|
|move|p1a: Kingdra|Draco Meteor|p2a: Chompitychomp
|-supereffective|p2a: Chompitychomp
|-damage|p2a: Chompitychomp|0 fnt
|-unboost|p1a: Kingdra|spa|2
|-damage|p1a: Kingdra|261\/289|[from] item: Life Orb
|faint|p2a: Chompitychomp
|
|-weather|none
|
|switch|p2a: Claire|Manaphy|400\/400
|-damage|p2a: Claire|350\/400|[from] Stealth Rock
|turn|9
|
|switch|p1a: Politoed|Politoed, F, shiny|241\/383
|-weather|RainDance
|move|p2a: Claire|Tail Glow|p2a: Claire
|-boost|p2a: Claire|spa|3
|
|-weather|RainDance|[upkeep]
|-heal|p2a: Claire|375\/400|[from] item: Leftovers
|turn|10
|
|move|p2a: Claire|Energy Ball|p1a: Politoed
|-supereffective|p1a: Politoed
|-damage|p1a: Politoed|0 fnt
|faint|p1a: Politoed
|
|-weather|RainDance|[upkeep]
|-heal|p2a: Claire|400\/400|[from] item: Leftovers
|
|switch|p1a: Kingdra|Kingdra, M|261\/289
|turn|11
|
|move|p1a: Kingdra|Draco Meteor|p2a: Claire
|-damage|p2a: Claire|157\/400
|-unboost|p1a: Kingdra|spa|2
|-damage|p1a: Kingdra|233\/289|[from] item: Life Orb
|move|p2a: Claire|Ice Beam|p1a: Kingdra
|-damage|p1a: Kingdra|0 fnt
|faint|p1a: Kingdra
|
|-weather|RainDance|[upkeep]
|-heal|p2a: Claire|182\/400|[from] item: Leftovers
|
|switch|p1a: Gengar|Gengar, M, shiny|259\/259
|turn|12
|
|move|p1a: Gengar|Sludge Wave|p2a: Claire
|-damage|p2a: Claire|0 fnt
|-damage|p1a: Gengar|234\/259|[from] item: Life Orb
|faint|p2a: Claire
|
|-weather|RainDance|[upkeep]
|
|switch|p2a: Toque|Ferrothorn, F|352\/352
|-damage|p2a: Toque|330\/352|[from] Stealth Rock
|turn|13
|
|move|p1a: Gengar|Focus Blast|p2a: Toque|[miss]
|-miss|p1a: Gengar|p2a: Toque
|move|p2a: Toque|Thunder Wave|p1a: Gengar
|-status|p1a: Gengar|par
|
|-weather|RainDance|[upkeep]
|-heal|p2a: Toque|352\/352|[from] item: Leftovers
|turn|14
|
|switch|p2a: Laveuse|Rotom-Wash|243\/304
|-damage|p2a: Laveuse|205\/304|[from] Stealth Rock
|move|p1a: Gengar|Focus Blast|p2a: Laveuse|[miss]
|-miss|p1a: Gengar|p2a: Laveuse
|
|-weather|RainDance|[upkeep]
|turn|15
|c|âPtyra|Fuu
|
|move|p2a: Laveuse|Hydro Pump|p1a: Gengar
|-damage|p1a: Gengar|0 fnt
|faint|p1a: Gengar
|
|-weather|RainDance|[upkeep]
|c|âsuperpascal|sorry mate :$
|
|switch|p1a: Swampert|Swampert-Mega, M|377\/377
|turn|16
|c|âPtyra|GG
|
|move|p1a: Swampert|Waterfall|p2a: Laveuse
|-resisted|p2a: Laveuse
|-damage|p2a: Laveuse|102\/304
|move|p2a: Laveuse|Will-O-Wisp|p1a: Swampert|[miss]
|-miss|p2a: Laveuse|p1a: Swampert
|
|-weather|none
|turn|17
|
|move|p2a: Laveuse|Will-O-Wisp|p1a: Swampert
|-status|p1a: Swampert|brn
|move|p1a: Swampert|Waterfall|p2a: Laveuse
|-resisted|p2a: Laveuse
|-damage|p2a: Laveuse|70\/304
|
|-damage|p1a: Swampert|330\/377 brn|[from] brn
|turn|18
|
|move|p2a: Laveuse|Rest|p2a: Laveuse
|-status|p2a: Laveuse|slp
|-heal|p2a: Laveuse|304\/304 slp|[silent]
|-status|p2a: Laveuse|slp|[from] move: Rest
|-enditem|p2a: Laveuse|Chesto Berry|[eat]
|-curestatus|p2a: Laveuse|slp
|move|p1a: Swampert|Waterfall|p2a: Laveuse
|-resisted|p2a: Laveuse
|-damage|p2a: Laveuse|274\/304
|
|-damage|p1a: Swampert|283\/377 brn|[from] brn
|turn|19
|
|move|p2a: Laveuse|Hydro Pump|p1a: Swampert
|-damage|p1a: Swampert|144\/377 brn
|move|p1a: Swampert|Ice Punch|p2a: Laveuse
|-resisted|p2a: Laveuse
|-damage|p2a: Laveuse|254\/304
|
|-damage|p1a: Swampert|97\/377 brn|[from] brn
|turn|20
|
|move|p2a: Laveuse|Hydro Pump|p1a: Swampert|[miss]
|-miss|p2a: Laveuse|p1a: Swampert
|move|p1a: Swampert|Waterfall|p2a: Laveuse
|-resisted|p2a: Laveuse
|-damage|p2a: Laveuse|220\/304
|
|-damage|p1a: Swampert|50\/377 brn|[from] brn
|turn|21
|
|move|p2a: Laveuse|Hydro Pump|p1a: Swampert
|-damage|p1a: Swampert|0 fnt
|faint|p1a: Swampert
|
|win|superpascal
|raw|Ladder updating...
|raw|Ptyra's rating: 1183 &rarr; <strong>1165<\/strong><br \/>(-18 for losing)
|raw|superpascal's rating: 1287 &rarr; <strong>1305<\/strong><br \/>(+18 for winning)