|join|pokeaim
|join|superpascal
|player|p1|pokeaim|143
|player|p2|superpascal|161
|gametype|singles
|gen|6
|tier|ORAS OU
|rated
|rule|Sleep Clause Mod: Limit one foe put to sleep
|rule|Species Clause: Limit one of each PokÃ©mon
|rule|OHKO Clause: OHKO moves are banned
|rule|Moody Clause: Moody is banned
|rule|Evasion Moves Clause: Evasion moves are banned
|rule|Endless Battle Clause: Forcing endless battles is banned
|rule|HP Percentage Mod: HP is shown in percentages
|clearpoke
|poke|p1|Beedrill, F
|poke|p1|Rotom-Wash
|poke|p1|Latios, M
|poke|p1|Greninja, F
|poke|p1|Ferrothorn, F
|poke|p1|Landorus-Therian, M
|poke|p2|Manaphy
|poke|p2|Garchomp, F
|poke|p2|Togekiss, F
|poke|p2|Salamence, M
|poke|p2|Ferrothorn, M
|poke|p2|Rotom-Wash
|rule|Swagger Clause: Swagger is banned
|rule|Baton Pass Clause: Limit one PokÃ©mon knowing Baton Pass
|teampreview
pokeaim made this room private.
|c|âsuperpascal|have fun :0
|
|start
|switch|p1a: Beedrill|Beedrill, F|271\/271
|switch|p2a: Laveuse|Rotom-Wash|304\/304
|turn|1
|
|detailschange|p1a: Beedrill|Beedrill-Mega, F
|message|Beedrill has Mega Evolved into Mega Beedrill!
|move|p1a: Beedrill|U-turn|p2a: Laveuse
|-damage|p2a: Laveuse|152\/304
|
|switch|p1a: Ferrothorn|Ferrothorn, F|352\/352
|move|p2a: Laveuse|Will-O-Wisp|p1a: Ferrothorn
|-status|p1a: Ferrothorn|brn
|
|-damage|p1a: Ferrothorn|308\/352 brn|[from] brn
|turn|2
|c|âsuperpascal|good damage
|
|move|p2a: Laveuse|Volt Switch|p1a: Ferrothorn
|-resisted|p1a: Ferrothorn
|-damage|p1a: Ferrothorn|269\/352 brn
|
|switch|p2a: Toque|Ferrothorn, M|352\/352
|move|p1a: Ferrothorn|Spikes|p2a: Toque
|-sidestart|p2: superpascal|Spikes
|
|-heal|p1a: Ferrothorn|291\/352 brn|[from] item: Leftovers
|-damage|p1a: Ferrothorn|247\/352 brn|[from] brn
|turn|3
|
|switch|p1a: Latios|Latios, M|301\/301
|move|p2a: Toque|Stealth Rock|p1a: Latios
|-sidestart|p1: pokeaim|move: Stealth Rock
|
|turn|4
|c|âsuperpascal|and good luck on that enter mega Beedril video ;)
|
|switch|p2a: Bisou|Togekiss, F|373\/373
|move|p1a: Latios|Psyshock|p2a: Bisou
|-damage|p2a: Bisou|178\/373
|-damage|p1a: Latios|271\/301|[from] item: Life Orb
|
|turn|5
|
|switch|p2a: Chompitychomp|Garchomp, F|409\/409
|-damage|p2a: Chompitychomp|358\/409|[from] Spikes
|move|p1a: Latios|Psyshock|p2a: Chompitychomp
|-damage|p2a: Chompitychomp|171\/409
|-damage|p1a: Latios|241\/301|[from] item: Life Orb
|
|turn|6
|
|switch|p2a: Bisou|Togekiss, F|178\/373
|switch|p1a: Landorus-Therian|Landorus-Therian, M|381\/381
|-damage|p1a: Landorus-Therian|334\/381|[from] Stealth Rock
|-ability|p1a: Landorus-Therian|Intimidate|[of] p2a: Bisou
|-unboost|p2a: Bisou|atk|1
|
|-heal|p1a: Landorus-Therian|357\/381|[from] item: Leftovers
|turn|7
|
|move|p1a: Landorus-Therian|Stone Edge|p2a: Bisou
|-supereffective|p2a: Bisou
|-damage|p2a: Bisou|0 fnt
|faint|p2a: Bisou
|
|-heal|p1a: Landorus-Therian|380\/381|[from] item: Leftovers
|
|switch|p2a: Claire|Manaphy|400\/400
|-damage|p2a: Claire|350\/400|[from] Spikes
|turn|8
|
|switch|p1a: Ferrothorn|Ferrothorn, F|247\/352 brn
|-damage|p1a: Ferrothorn|225\/352 brn|[from] Stealth Rock
|move|p2a: Claire|Tail Glow|p2a: Claire
|-boost|p2a: Claire|spa|3
|
|-heal|p2a: Claire|375\/400|[from] item: Leftovers
|-heal|p1a: Ferrothorn|247\/352 brn|[from] item: Leftovers
|-damage|p1a: Ferrothorn|203\/352 brn|[from] brn
|turn|9
|c|âsuperpascal|Oh wait, of course it's specially def...
|
|move|p2a: Claire|Ice Beam|p1a: Ferrothorn
|-damage|p1a: Ferrothorn|7\/352 brn
|move|p1a: Ferrothorn|Power Whip|p2a: Claire|[miss]
|-miss|p1a: Ferrothorn|p2a: Claire
|
|-heal|p2a: Claire|400\/400|[from] item: Leftovers
|-heal|p1a: Ferrothorn|29\/352 brn|[from] item: Leftovers
|-damage|p1a: Ferrothorn|0 fnt|[from] brn
|faint|p1a: Ferrothorn
|c|âsuperpascal|sorry Joey
|
|switch|p1a: Beedrill|Beedrill-Mega, F|271\/271
|-damage|p1a: Beedrill|204\/271|[from] Stealth Rock
|turn|10
|
|move|p1a: Beedrill|Poison Jab|p2a: Claire
|-damage|p2a: Claire|170\/400
|move|p2a: Claire|Ice Beam|p1a: Beedrill
|-damage|p1a: Beedrill|0 fnt
|faint|p1a: Beedrill
|
|-heal|p2a: Claire|195\/400|[from] item: Leftovers
|
|switch|p1a: Latios|Latios, M|241\/301
|-damage|p1a: Latios|204\/301|[from] Stealth Rock
|turn|11
|
|switch|p2a: Toque|Ferrothorn, M|352\/352
|-damage|p2a: Toque|308\/352|[from] Spikes
|move|p1a: Latios|Draco Meteor|p2a: Toque
|-resisted|p2a: Toque
|-damage|p2a: Toque|205\/352
|-unboost|p1a: Latios|spa|2
|-damage|p1a: Latios|174\/301|[from] item: Life Orb
|
|-heal|p2a: Toque|227\/352|[from] item: Leftovers
|turn|12
|
|move|p1a: Latios|Hidden Power|p2a: Toque
|-supereffective|p2a: Toque
|-damage|p2a: Toque|107\/352
|-damage|p1a: Latios|144\/301|[from] item: Life Orb
|move|p2a: Toque|Thunder Wave|p1a: Latios
|-status|p1a: Latios|par
|
|-heal|p2a: Toque|129\/352|[from] item: Leftovers
|turn|13
|
|switch|p1a: Landorus-Therian|Landorus-Therian, M|380\/381
|-damage|p1a: Landorus-Therian|333\/381|[from] Stealth Rock
|-ability|p1a: Landorus-Therian|Intimidate|[of] p2a: Toque
|-unboost|p2a: Toque|atk|1
|move|p2a: Toque|Leech Seed|p1a: Landorus-Therian
|-start|p1a: Landorus-Therian|move: Leech Seed
|
|-heal|p1a: Landorus-Therian|356\/381|[from] item: Leftovers
|-heal|p2a: Toque|151\/352|[from] item: Leftovers
|-damage|p1a: Landorus-Therian|309\/381|[from] Leech Seed|[of] p2a: Toque
|-heal|p2a: Toque|198\/352|[silent]
|turn|14
|
|switch|p2a: Laveuse|Rotom-Wash|152\/304
|move|p1a: Landorus-Therian|Stealth Rock|p2a: Laveuse
|-sidestart|p2: superpascal|move: Stealth Rock
|
|-heal|p1a: Landorus-Therian|332\/381|[from] item: Leftovers
|-damage|p1a: Landorus-Therian|285\/381|[from] Leech Seed|[of] p2a: Laveuse
|-heal|p2a: Laveuse|199\/304|[silent]
|turn|15
|
|move|p1a: Landorus-Therian|U-turn|p2a: Laveuse
|-damage|p2a: Laveuse|144\/304
|
|switch|p1a: Latios|Latios, M|144\/301 par
|-damage|p1a: Latios|107\/301 par|[from] Stealth Rock
|move|p2a: Laveuse|Hydro Pump|p1a: Latios
|-resisted|p1a: Latios
|-damage|p1a: Latios|42\/301 par
|
|turn|16
|
|move|p2a: Laveuse|Hydro Pump|p1a: Latios
|-resisted|p1a: Latios
|-damage|p1a: Latios|0 fnt
|faint|p1a: Latios
|
|
|switch|p1a: Greninja|Greninja, F|285\/285
|-damage|p1a: Greninja|250\/285|[from] Stealth Rock
|turn|17
|
|move|p1a: Greninja|Dark Pulse|p2a: Laveuse
|-start|p1a: Greninja|typechange|Dark|[from] Protean
|-damage|p2a: Laveuse|0 fnt
|-damage|p1a: Greninja|222\/285|[from] item: Life Orb
|faint|p2a: Laveuse
|
|
|switch|p2a: Chompitychomp|Garchomp, F|171\/409
|-damage|p2a: Chompitychomp|120\/409|[from] Spikes
|-damage|p2a: Chompitychomp|95\/409|[from] Stealth Rock
|turn|18
|
|switch|p1a: Rotom-Wash|Rotom-Wash|302\/302
|-damage|p1a: Rotom-Wash|265\/302|[from] Stealth Rock
|move|p2a: Chompitychomp|Outrage|p1a: Rotom-Wash
|-damage|p1a: Rotom-Wash|96\/302
|
|-heal|p1a: Rotom-Wash|114\/302|[from] item: Leftovers
|turn|19
|
|move|p2a: Chompitychomp|Outrage|p1a: Rotom-Wash
|-damage|p1a: Rotom-Wash|0 fnt
|faint|p1a: Rotom-Wash
|
|-end|p2a: Chompitychomp|rampage
|-start|p2a: Chompitychomp|confusion
|
|switch|p1a: Landorus-Therian|Landorus-Therian, M|285\/381
|-damage|p1a: Landorus-Therian|238\/381|[from] Stealth Rock
|-ability|p1a: Landorus-Therian|Intimidate|[of] p2a: Chompitychomp
|-unboost|p2a: Chompitychomp|atk|1
|turn|20
|
|switch|p2a: Claire|Manaphy|195\/400
|-damage|p2a: Claire|145\/400|[from] Stealth Rock
|-damage|p2a: Claire|95\/400|[from] Spikes
|move|p1a: Landorus-Therian|U-turn|p2a: Claire
|-damage|p2a: Claire|14\/400
|
|switch|p1a: Greninja|Greninja, F|222\/285
|-damage|p1a: Greninja|187\/285|[from] Stealth Rock
|
|-heal|p2a: Claire|39\/400|[from] item: Leftovers
|turn|21
|
|move|p1a: Greninja|Dark Pulse|p2a: Claire
|-start|p1a: Greninja|typechange|Dark|[from] Protean
|-damage|p2a: Claire|0 fnt
|-damage|p1a: Greninja|159\/285|[from] item: Life Orb
|faint|p2a: Claire
|
|
|switch|p2a: Toque|Ferrothorn, M|198\/352
|-damage|p2a: Toque|154\/352|[from] Spikes
|-damage|p2a: Toque|132\/352|[from] Stealth Rock
|turn|22
|
|move|p1a: Greninja|Ice Beam|p2a: Toque
|-start|p1a: Greninja|typechange|Ice|[from] Protean
|-damage|p2a: Toque|18\/352
|-damage|p1a: Greninja|131\/285|[from] item: Life Orb
|move|p2a: Toque|Thunder Wave|p1a: Greninja
|-status|p1a: Greninja|par
|
|-heal|p2a: Toque|40\/352|[from] item: Leftovers
|turn|23
|-message|pokeaim forfeited.
|
|win|superpascal
|raw|Ladder updating...
|leave|pokeaim
|player|p1
|c|âsuperpascal|gg Joey
|raw|pokeaim's rating: 1510 &rarr; <strong>1493<\/strong><br \/>(-17 for losing)
|raw|superpascal's rating: 1554 &rarr; <strong>1571<\/strong><br \/>(+17 for winning)