|join|kourage
|join|superpascal
|player|p1|kourage|2
|player|p2|superpascal|161
|gametype|singles
|gen|6
|tier|ORAS OU
|rated
|rule|Sleep Clause Mod: Limit one foe put to sleep
|rule|Species Clause: Limit one of each PokÃ©mon
|rule|OHKO Clause: OHKO moves are banned
|rule|Moody Clause: Moody is banned
|rule|Evasion Moves Clause: Evasion moves are banned
|rule|Endless Battle Clause: Forcing endless battles is banned
|rule|HP Percentage Mod: HP is shown in percentages
|clearpoke
|poke|p1|Politoed, M
|poke|p1|Swampert, M
|poke|p1|Ferrothorn, M
|poke|p1|Kingdra, M
|poke|p1|Magnezone
|poke|p1|Zapdos
|poke|p2|Manaphy
|poke|p2|Garchomp, M
|poke|p2|Togekiss, F
|poke|p2|Salamence, M
|poke|p2|Ferrothorn, M
|poke|p2|Rotom-Wash
|rule|Swagger Clause: Swagger is banned
|rule|Baton Pass Clause: Limit one PokÃ©mon knowing Baton Pass
|teampreview
|c|âsuperpascal|cool a rain team.... have fun
|
|start
|switch|p1a: Politoed|Politoed, M|384\/384
|switch|p2a: Bisou|Togekiss, F|373\/373
|-weather|RainDance
|turn|1
|
|move|p2a: Bisou|Air Slash|p1a: Politoed
|-damage|p1a: Politoed|164\/384
|move|p1a: Politoed|Toxic|p2a: Bisou
|-status|p2a: Bisou|tox
|
|-weather|RainDance|[upkeep]
|-damage|p2a: Bisou|350\/373 tox|[from] psn
|turn|2
|
|switch|p2a: Toque|Ferrothorn, M|352\/352
|switch|p1a: Ferrothorn|Ferrothorn, M|352\/352
|
|-weather|RainDance|[upkeep]
|turn|3
|c|âkourage|oui toi aussi
|
|move|p2a: Toque|Stealth Rock|p1a: Ferrothorn
|-sidestart|p1: kourage|move: Stealth Rock
|move|p1a: Ferrothorn|Stealth Rock|p2a: Toque
|-sidestart|p2: superpascal|move: Stealth Rock
|
|-weather|RainDance|[upkeep]
|turn|4
|c|âsuperpascal|merci
|
|switch|p1a: Magnezone|Magnezone|282\/282
|-damage|p1a: Magnezone|265\/282|[from] Stealth Rock
|move|p2a: Toque|Leech Seed|p1a: Magnezone
|-start|p1a: Magnezone|move: Leech Seed
|
|-weather|RainDance|[upkeep]
|-damage|p1a: Magnezone|230\/282|[from] Leech Seed|[of] p2a: Toque
|turn|5
|
|switch|p1a: Ferrothorn|Ferrothorn, M|352\/352
|-damage|p1a: Ferrothorn|330\/352|[from] Stealth Rock
|move|p2a: Toque|Power Whip|p1a: Ferrothorn
|-resisted|p1a: Ferrothorn
|-damage|p1a: Ferrothorn|302\/352
|-damage|p2a: Toque|308\/352|[from] ability: Iron Barbs|[of] p1a: Ferrothorn
|-damage|p2a: Toque|250\/352|[from] item: Rocky Helmet|[of] p1a: Ferrothorn
|
|-weather|RainDance|[upkeep]
|-heal|p2a: Toque|272\/352|[from] item: Leftovers
|turn|6
|
|move|p2a: Toque|Leech Seed|p1a: Ferrothorn
|-immune|p1a: Ferrothorn|[msg]
|move|p1a: Ferrothorn|Knock Off|p2a: Toque
|-damage|p2a: Toque|209\/352
|-damage|p1a: Ferrothorn|258\/352|[from] ability: Iron Barbs|[of] p2a: Toque
|-enditem|p2a: Toque|Leftovers|[from] move: Knock Off|[of] p1a: Ferrothorn
|
|-weather|RainDance|[upkeep]
|turn|7
|
|move|p2a: Toque|Leech Seed|p1a: Ferrothorn|[miss]
|-miss|p2a: Toque|p1a: Ferrothorn
|move|p1a: Ferrothorn|Leech Seed|p2a: Toque
|-immune|p2a: Toque|[msg]
|
|-weather|RainDance|[upkeep]
|turn|8
|c|âsuperpascal|j'ai peur de switcher :O
|
|move|p2a: Toque|Leech Seed|p1a: Ferrothorn
|-immune|p1a: Ferrothorn|[msg]
|move|p1a: Ferrothorn|Leech Seed|p2a: Toque
|-immune|p2a: Toque|[msg]
|
|-weather|none
|turn|9
|c|âkourage|=)
|c|âsuperpascal|comme toi je suppose
|c|âsuperpascal|ou tu attendais seulement que la pluie arrÃªte?
|c|âkourage|peut Ãªtre
|c|âkourage|=)
|c|âsuperpascal|mais en mÃªme temps, je trouve Ã§a bizarre de mettre hp fire dans une Ã©quipe pluie
|c|âkourage|c vrai
|c|âsuperpascal|mais en mÃªme temps ferrothorn est un problÃ¨me pour ce genre d'Ã©quipe
|
|move|p2a: Toque|Leech Seed|p1a: Ferrothorn
|-immune|p1a: Ferrothorn|[msg]
|move|p1a: Ferrothorn|Leech Seed|p2a: Toque
|-immune|p2a: Toque|[msg]
|
|turn|10
|c|âsuperpascal|hmm.....
|c|âsuperpascal|J'ai donc pas de switch-in.....
|c|âsuperpascal|tout comme toi je suppose
|
|switch|p1a: Magnezone|Magnezone|230\/282
|-damage|p1a: Magnezone|213\/282|[from] Stealth Rock
|move|p2a: Toque|Leech Seed|p1a: Magnezone
|-start|p1a: Magnezone|move: Leech Seed
|
|-damage|p1a: Magnezone|178\/282|[from] Leech Seed|[of] p2a: Toque
|-heal|p2a: Toque|244\/352|[silent]
|turn|11
|c|âsuperpascal|ou tu attendais le moment parfait :P
|
|move|p1a: Magnezone|Hidden Power|p2a: Toque
|-supereffective|p2a: Toque
|-damage|p2a: Toque|156\/352
|move|p2a: Toque|Power Whip|p1a: Magnezone
|-resisted|p1a: Magnezone
|-damage|p1a: Magnezone|117\/282
|
|-damage|p1a: Magnezone|82\/282|[from] Leech Seed|[of] p2a: Toque
|-heal|p2a: Toque|191\/352|[silent]
|turn|12
|
|switch|p1a: Ferrothorn|Ferrothorn, M|258\/352
|-damage|p1a: Ferrothorn|236\/352|[from] Stealth Rock
|move|p2a: Toque|Thunder Wave|p1a: Ferrothorn
|-status|p1a: Ferrothorn|par
|
|turn|13
|
|move|p2a: Toque|Leech Seed|p1a: Ferrothorn
|-immune|p1a: Ferrothorn|[msg]
|move|p1a: Ferrothorn|Knock Off|p2a: Toque
|-damage|p2a: Toque|152\/352
|-damage|p1a: Ferrothorn|192\/352 par|[from] ability: Iron Barbs|[of] p2a: Toque
|
|turn|14
|
|switch|p1a: Politoed|Politoed, M|164\/384
|-damage|p1a: Politoed|116\/384|[from] Stealth Rock
|-weather|RainDance
|move|p2a: Toque|Leech Seed|p1a: Politoed
|-start|p1a: Politoed|move: Leech Seed
|
|-weather|RainDance|[upkeep]
|-damage|p1a: Politoed|68\/384|[from] Leech Seed|[of] p2a: Toque
|-heal|p2a: Toque|200\/352|[silent]
|turn|15
|
|switch|p1a: Kingdra|Kingdra, M|291\/291
|-damage|p1a: Kingdra|255\/291|[from] Stealth Rock
|move|p2a: Toque|Power Whip|p1a: Kingdra
|-damage|p1a: Kingdra|110\/291
|
|-weather|RainDance|[upkeep]
|turn|16
|
|move|p1a: Kingdra|Hydro Pump|p2a: Toque
|-resisted|p2a: Toque
|-damage|p2a: Toque|70\/352
|move|p2a: Toque|Power Whip|p1a: Kingdra|[miss]
|-miss|p2a: Toque|p1a: Kingdra
|
|-weather|RainDance|[upkeep]
|turn|17
|
|move|p1a: Kingdra|Hydro Pump|p2a: Toque|[miss]
|-miss|p1a: Kingdra|p2a: Toque
|move|p2a: Toque|Power Whip|p1a: Kingdra
|-damage|p1a: Kingdra|0 fnt
|faint|p1a: Kingdra
|
|-weather|RainDance|[upkeep]
|
|switch|p1a: Swampert|Swampert, M|341\/341
|-damage|p1a: Swampert|320\/341|[from] Stealth Rock
|turn|18
|c|âsuperpascal|enfin...je l'attendais
|
|detailschange|p1a: Swampert|Swampert-Mega, M
|message|Swampert has Mega Evolved into Mega Swampert!
|move|p1a: Swampert|Waterfall|p2a: Toque
|-resisted|p2a: Toque
|-damage|p2a: Toque|0 fnt
|-damage|p1a: Swampert|278\/341|[from] ability: Iron Barbs|[of] p2a: Toque
|faint|p2a: Toque
|
|-weather|RainDance|[upkeep]
|
|switch|p2a: Laveuse|Rotom-Wash|304\/304
|-damage|p2a: Laveuse|266\/304|[from] Stealth Rock
|turn|19
|
|switch|p1a: Zapdos|Zapdos|384\/384
|-damage|p1a: Zapdos|288\/384|[from] Stealth Rock
|-ability|p1a: Zapdos|Pressure
|move|p2a: Laveuse|Hydro Pump|p1a: Zapdos
|-damage|p1a: Zapdos|66\/384
|
|-weather|RainDance|[upkeep]
|-heal|p1a: Zapdos|90\/384|[from] item: Leftovers
|turn|20
|
|switch|p2a: Chompitychomp|Garchomp, M|409\/409
|-damage|p2a: Chompitychomp|384\/409|[from] Stealth Rock
|move|p1a: Zapdos|Roost|p1a: Zapdos
|-heal|p1a: Zapdos|282\/384
|
|-weather|RainDance|[upkeep]
|-heal|p1a: Zapdos|306\/384|[from] item: Leftovers
|turn|21
|
|switch|p2a: Bisou|Togekiss, F|350\/373 tox
|-damage|p2a: Bisou|257\/373 tox|[from] Stealth Rock
|move|p1a: Zapdos|Defog|p2a: Bisou
|-unboost|p2a: Bisou|evasion|1
|-sideend|p2: superpascal|Stealth Rock|[from] move: Defog|[of] p2a: Bisou
|-sideend|p1: kourage|Stealth Rock|[from] move: Defog|[of] p1a: Zapdos
|
|-weather|none
|-heal|p1a: Zapdos|330\/384|[from] item: Leftovers
|-damage|p2a: Bisou|234\/373 tox|[from] psn
|turn|22
|c|âsuperpascal|c'est pas Ã§a que j'ai prÃ©dit...
|
|switch|p2a: Chompitychomp|Garchomp, M|384\/409
|move|p1a: Zapdos|Hidden Power|p2a: Chompitychomp
|-supereffective|p2a: Chompitychomp
|-damage|p2a: Chompitychomp|96\/409
|
|-heal|p1a: Zapdos|354\/384|[from] item: Leftovers
|turn|23
|c|âsuperpascal|mais tu me lis ou quoi?
|c|âkourage|Ã§a non plus je pense =p
|
|move|p2a: Chompitychomp|Stone Edge|p1a: Zapdos
|-supereffective|p1a: Zapdos
|-damage|p1a: Zapdos|148\/384
|move|p1a: Zapdos|Hidden Power|p2a: Chompitychomp
|-crit|p2a: Chompitychomp
|-supereffective|p2a: Chompitychomp
|-damage|p2a: Chompitychomp|0 fnt
|faint|p2a: Chompitychomp
|
|-heal|p1a: Zapdos|172\/384|[from] item: Leftovers
|c|âsuperpascal|Alors c'est special def ou def, je suis vraiment confus lÃ 
|
|switch|p2a: Claire|Manaphy|400\/400
|turn|24
|
|switch|p1a: Ferrothorn|Ferrothorn, M|192\/352 par
|move|p2a: Claire|Ice Beam|p1a: Ferrothorn
|-damage|p1a: Ferrothorn|127\/352 par
|
|turn|25
|
|switch|p2a: Bisou|Togekiss, F|234\/373 tox
|cant|p1a: Ferrothorn|par
|
|-damage|p2a: Bisou|211\/373 tox|[from] psn
|turn|26
|
|move|p2a: Bisou|Air Slash|p1a: Ferrothorn
|-damage|p1a: Ferrothorn|0 fnt
|faint|p1a: Ferrothorn
|
|-damage|p2a: Bisou|165\/373 tox|[from] psn
|
|switch|p1a: Magnezone|Magnezone|82\/282
|turn|27
|
|move|p1a: Magnezone|Volt Switch|p2a: Bisou
|-supereffective|p2a: Bisou
|-damage|p2a: Bisou|0 fnt
|faint|p2a: Bisou
|
|switch|p1a: Politoed|Politoed, M|68\/384
|-weather|RainDance
|
|-weather|RainDance|[upkeep]
|
|switch|p2a: Claire|Manaphy|400\/400
|turn|28
|
|move|p2a: Claire|Surf|p1a: Politoed
|-resisted|p1a: Politoed
|-damage|p1a: Politoed|0 fnt
|faint|p1a: Politoed
|
|-weather|RainDance|[upkeep]
|
|switch|p1a: Magnezone|Magnezone|82\/282
|turn|29
|
|move|p1a: Magnezone|Thunder|p2a: Claire
|-supereffective|p2a: Claire
|-damage|p2a: Claire|0 fnt
|faint|p2a: Claire
|
|-weather|RainDance|[upkeep]
|c|âsuperpascal|pourquoi j'ai pas prÃ©dit la scar exactement
|
|switch|p2a: Laveuse|Rotom-Wash|266\/304
|turn|30
|
|move|p1a: Magnezone|Thunder|p2a: Laveuse
|-damage|p2a: Laveuse|79\/304
|move|p2a: Laveuse|Hydro Pump|p1a: Magnezone
|-damage|p1a: Magnezone|0 fnt
|faint|p1a: Magnezone
|
|-weather|RainDance|[upkeep]
|
|switch|p1a: Zapdos|Zapdos|172\/384
|-ability|p1a: Zapdos|Pressure
|turn|31
|c|âsuperpascal|gg
|
|move|p1a: Zapdos|Thunder|p2a: Laveuse
|-damage|p2a: Laveuse|0 fnt
|faint|p2a: Laveuse
|
|-weather|RainDance|[upkeep]
|-heal|p1a: Zapdos|196\/384|[from] item: Leftovers
|
|switch|p2a: Malaysia 370|Salamence, M|393\/393
|-ability|p2a: Malaysia 370|Intimidate|[of] p1a: Zapdos
|-unboost|p1a: Zapdos|atk|1
|turn|32
|c|âkourage|gg
|
|detailschange|p2a: Malaysia 370|Salamence-Mega, M
|message|Salamence has Mega Evolved into Mega Salamence!
|move|p2a: Malaysia 370|Dragon Dance|p2a: Malaysia 370
|-boost|p2a: Malaysia 370|atk|1
|-boost|p2a: Malaysia 370|spe|1
|move|p1a: Zapdos|Hidden Power|p2a: Malaysia 370
|-supereffective|p2a: Malaysia 370
|-damage|p2a: Malaysia 370|149\/393
|
|-weather|RainDance|[upkeep]
|-heal|p1a: Zapdos|220\/384|[from] item: Leftovers
|turn|33
|
|move|p2a: Malaysia 370|Return|p1a: Zapdos
|-resisted|p1a: Zapdos
|-damage|p1a: Zapdos|61\/384
|move|p1a: Zapdos|Hidden Power|p2a: Malaysia 370
|-supereffective|p2a: Malaysia 370
|-damage|p2a: Malaysia 370|0 fnt
|faint|p2a: Malaysia 370
|
|win|kourage
|raw|Ladder updating...
|raw|Ladder (probably) updated, but score could not be retrieved (timeout).
|raw|Ladder (probably) updated, but score could not be retrieved (Error: socket hang up).
|leave|superpascal
|player|p2