|join|seasons gem
|join|superpascal
|player|p1|seasons gem|286
|player|p2|superpascal|162
|gametype|singles
|gen|6
|tier|OU
|rated
|clearpoke
|poke|p1|Landorus-Therian, M
|poke|p1|Kyurem-Black
|poke|p1|Latios, M
|poke|p1|Aegislash, M
|poke|p1|Keldeo
|poke|p1|Gyarados, F
|poke|p2|Manaphy
|poke|p2|Mawile, F
|poke|p2|Garchomp, M
|poke|p2|Togekiss, F
|poke|p2|Deoxys-Speed
|poke|p2|Aegislash, M
|rule|Baton Pass Clause: Limit 3 pokemon knowing Baton Pass
|rule|Sleep Clause Mod: Limit one foe put to sleep
|rule|Species Clause: Limit one of each Pokemon
|rule|OHKO Clause: OHKO moves are banned
|rule|Moody Clause: Moody is banned
|rule|Evasion Moves Clause: Evasion moves are banned
|rule|Endless Battle Clause: Forcing endless battles is banned
|rule|HP Percentage Mod: HP is reported as percentages
|teampreview
|
|start
|switch|p1a: Landorus-Therian|Landorus-Therian, M|320\/320
|switch|p2a: Bisou|Togekiss, F|373\/373
|-ability|p1a: Landorus-Therian|Intimidate|[of] p2a: Bisou
|-unboost|p2a: Bisou|atk|1
|turn|1
|chat|superpascal|have fun
|chat|seasons gem|ty
|
|move|p1a: Landorus-Therian|Stealth Rock|p2a: Bisou
|-sidestart|p2: superpascal|move: Stealth Rock
|move|p2a: Bisou|Dazzling Gleam|p1a: Landorus-Therian
|-damage|p1a: Landorus-Therian|49\/320
|
|turn|2
|
|move|p1a: Landorus-Therian|Explosion|p2a: Bisou
|-damage|p2a: Bisou|65\/373
|faint|p1a: Landorus-Therian
|move|p2a: Bisou|Dazzling Gleam|p1: Landorus-Therian|[notarget]
|-notarget
|
|chat|superpascal|wow
|chat|superpascal|It gets explosion O.O
|
|switch|p1a: Keldeo|Keldeo|322\/322
|turn|3
|chat|seasons gem|ya LOL
|chat|seasons gem|makes no sense
|
|move|p1a: Keldeo|Scald|p2a: Bisou
|-damage|p2a: Bisou|0 fnt
|faint|p2a: Bisou
|
|
|switch|p2a: 3fast5me|Deoxys-Speed|304\/304
|-damage|p2a: 3fast5me|266\/304|[from] Stealth Rock
|-ability|p2a: 3fast5me|Pressure
|turn|4
|
|switch|p1a: Aegislash|Aegislash, M|320\/320
|-item|p1a: Aegislash|Air Balloon
|move|p2a: 3fast5me|Stealth Rock|p1a: Aegislash
|-sidestart|p1: seasons gem|move: Stealth Rock
|
|turn|5
|
|switch|p2a: Marine|Manaphy|401\/401
|-damage|p2a: Marine|351\/401|[from] Stealth Rock
|-formechange|p1a: Aegislash|Aegislash-Blade
|move|p1a: Aegislash|Shadow Ball|p2a: Marine
|-damage|p2a: Marine|182\/401
|
|-heal|p2a: Marine|207\/401|[from] item: Leftovers
|turn|6
|
|switch|p1a: Kyurem-Black|Kyurem-Black|391\/391
|-damage|p1a: Kyurem-Black|294\/391|[from] Stealth Rock
|-ability|p1a: Kyurem-Black|Teravolt
|move|p2a: Marine|Surf|p1a: Kyurem-Black
|-resisted|p1a: Kyurem-Black
|-damage|p1a: Kyurem-Black|237\/391
|
|-heal|p2a: Marine|232\/401|[from] item: Leftovers
|turn|7
|
|switch|p2a: 3fast5me|Deoxys-Speed|266\/304
|-damage|p2a: 3fast5me|228\/304|[from] Stealth Rock
|-ability|p2a: 3fast5me|Pressure
|move|p1a: Kyurem-Black|Fusion Bolt|p2a: 3fast5me
|-damage|p2a: 3fast5me|120\/304
|
|turn|8
|
|switch|p1a: Aegislash|Aegislash, M|320\/320
|-damage|p1a: Aegislash|300\/320|[from] Stealth Rock
|-item|p1a: Aegislash|Air Balloon
|move|p2a: 3fast5me|Psycho Boost|p1a: Aegislash
|-resisted|p1a: Aegislash
|-damage|p1a: Aegislash|249\/320
|-enditem|p1a: Aegislash|Air Balloon
|-unboost|p2a: 3fast5me|spa|2
|
|turn|9
|
|move|p2a: 3fast5me|Spikes|p1a: Aegislash
|-sidestart|p1: seasons gem|Spikes
|-formechange|p1a: Aegislash|Aegislash-Blade
|move|p1a: Aegislash|Shadow Ball|p2a: 3fast5me
|-supereffective|p2a: 3fast5me
|-damage|p2a: 3fast5me|0 fnt
|faint|p2a: 3fast5me
|
|chat|superpascal|I got no other options left....
|chat|superpascal|It's time for a duel
|
|switch|p2a: S&S|Aegislash, M|322\/322
|-damage|p2a: S&S|302\/322|[from] Stealth Rock
|turn|10
|
|-formechange|p1a: Aegislash|Aegislash
|move|p1a: Aegislash|King's Shield|p1a: Aegislash
|-singleturn|p1a: Aegislash|Protect
|move|p2a: S&S|Swords Dance|p2a: S&S
|-boost|p2a: S&S|atk|2
|
|turn|11
|chat|seasons gem|WTF
|chat|seasons gem|what about
|chat|seasons gem|garchomp..
|
|-formechange|p2a: S&S|Aegislash-Blade
|move|p2a: S&S|Shadow Sneak|p1a: Aegislash
|-supereffective|p1a: Aegislash
|-damage|p1a: Aegislash|0 fnt
|faint|p1a: Aegislash
|
|
|switch|p1a: Gyarados|Gyarados, F|353\/353
|-damage|p1a: Gyarados|265\/353|[from] Stealth Rock
|-ability|p1a: Gyarados|Intimidate|[of] p2a: S&S
|-unboost|p2a: S&S|atk|1
|turn|12
|chat|seasons gem|hm
|chat|superpascal|Yes....this is the decisive turn
|
|detailschange|p1a: Gyarados|Gyarados-Mega, F
|message|Gyarados has Mega Evolved into Mega Gyarados!
|-ability|p1a: Gyarados|Mold Breaker
|move|p1a: Gyarados|Dragon Dance|p1a: Gyarados
|-boost|p1a: Gyarados|atk|1
|-boost|p1a: Gyarados|spe|1
|move|p2a: S&S|Sacred Sword|p1a: Gyarados
|-supereffective|p1a: Gyarados
|-damage|p1a: Gyarados|0 fnt
|faint|p1a: Gyarados
|
|chat|seasons gem|nice
|chat|seasons gem|move
|
|switch|p1a: Keldeo|Keldeo|322\/322
|-damage|p1a: Keldeo|282\/322|[from] Spikes
|-damage|p1a: Keldeo|262\/322|[from] Stealth Rock
|turn|13
|chat|superpascal|thanks :0
|
|-formechange|p2a: S&S|Aegislash
|move|p2a: S&S|King's Shield|p2a: S&S
|-singleturn|p2a: S&S|Protect
|move|p1a: Keldeo|Hydro Pump|p2a: S&S
|-activate|p2a: S&S|Protect
|
|turn|14
|
|move|p1a: Keldeo|Hydro Pump|p2a: S&S
|-damage|p2a: S&S|115\/322
|-formechange|p2a: S&S|Aegislash-Blade
|move|p2a: S&S|Sacred Sword|p1a: Keldeo
|-crit|p1a: Keldeo
|-damage|p1a: Keldeo|0 fnt
|faint|p1a: Keldeo
|
|chat|seasons gem|ya gg
|-message|seasons gem forfeited.
|
|win|superpascal
|raw|Ladder updating...
|chat|superpascal|gg
|raw|seasons gem's rating: 1995 &rarr; <strong>1970<\/strong><br \/>(-25 for losing)
|raw|superpascal's rating: 1904 &rarr; <strong>1929<\/strong><br \/>(+25 for winning)
|leave|seasons gem
|player|p1