|join|superpascal
|join|DD DragonKnight
|player|p1|superpascal|162
|player|p2|DD DragonKnight|153
|gametype|singles
|gen|6
|tier|OU
|rated
|clearpoke
|poke|p1|Manaphy
|poke|p1|Mawile, F
|poke|p1|Garchomp, M
|poke|p1|Togekiss, F
|poke|p1|Deoxys-Speed
|poke|p1|Aegislash, M
|poke|p2|Gyarados, M
|poke|p2|Kyurem-Black
|poke|p2|Latias, F
|poke|p2|Aegislash, M
|poke|p2|Azumarill, F
|poke|p2|Garchomp, M
|rule|Sleep Clause Mod: Limit one foe put to sleep
|rule|Species Clause: Limit one of each Pokemon
|rule|OHKO Clause: OHKO moves are banned
|rule|Moody Clause: Moody is banned
|rule|Evasion Moves Clause: Evasion moves are banned
|rule|Endless Battle Clause: Forcing endless battles is banned.
|rule|HP Percentage Mod: HP is reported as percentages
|teampreview
|
|start
|switch|p1a: Bisou|Togekiss, F|373\/373
|switch|p2a: Garchomp|Garchomp, M|357\/357
|turn|1
|chat|superpascal|ah lead chomp, I love him :P
|chat|DD DragonKnight|:]
|
|move|p2a: Garchomp|Stone Edge|p1a: Bisou
|-supereffective|p1a: Bisou
|-damage|p1a: Bisou|107\/373
|move|p1a: Bisou|Dazzling Gleam|p2a: Garchomp
|-supereffective|p2a: Garchomp
|-enditem|p2a: Garchomp|Focus Sash
|-damage|p2a: Garchomp|1\/357
|
|turn|2
|
|move|p2a: Garchomp|Stealth Rock|p1a: Bisou
|-sidestart|p1: superpascal|move: Stealth Rock
|move|p1a: Bisou|Dazzling Gleam|p2a: Garchomp
|-supereffective|p2a: Garchomp
|-damage|p2a: Garchomp|0 fnt
|faint|p2a: Garchomp
|
|
|switch|p2a: Latias|Latias, F|301\/301
|turn|3
|
|switch|p1a: S&S|Aegislash, M|323\/323
|-damage|p1a: S&S|303\/323|[from] Stealth Rock
|move|p2a: Latias|Psyshock|p1a: S&S
|-resisted|p1a: S&S
|-damage|p1a: S&S|241\/323
|-damage|p2a: Latias|271\/301|[from] item: Life Orb
|
|turn|4
|
|switch|p2a: Black Kyurem|Kyurem-Black|401\/401
|-ability|p2a: Black Kyurem|Teravolt
|move|p1a: S&S|Swords Dance|p1a: S&S
|-boost|p1a: S&S|atk|2
|
|turn|5
|
|move|p2a: Black Kyurem|Substitute|p2a: Black Kyurem
|-start|p2a: Black Kyurem|Substitute
|-damage|p2a: Black Kyurem|301\/401
|-formechange|p1a: S&S|Aegislash-Blade
|move|p1a: S&S|Sacred Sword|p2a: Black Kyurem
|-supereffective|p2a: Black Kyurem
|-end|p2a: Black Kyurem|Substitute
|
|-heal|p2a: Black Kyurem|326\/401|[from] item: Leftovers
|turn|6
|chat|superpascal|I knew it
|
|move|p2a: Black Kyurem|Substitute|p2a: Black Kyurem
|-start|p2a: Black Kyurem|Substitute
|-damage|p2a: Black Kyurem|226\/401
|move|p1a: S&S|Sacred Sword|p2a: Black Kyurem
|-crit|p2a: Black Kyurem
|-supereffective|p2a: Black Kyurem
|-end|p2a: Black Kyurem|Substitute
|
|-heal|p2a: Black Kyurem|251\/401|[from] item: Leftovers
|turn|7
|
|-formechange|p1a: S&S|Aegislash
|move|p1a: S&S|King's Shield|p1a: S&S
|-singleturn|p1a: S&S|Protect
|move|p2a: Black Kyurem|Earth Power|p1a: S&S
|-activate|p1a: S&S|Protect
|
|-heal|p2a: Black Kyurem|276\/401|[from] item: Leftovers
|turn|8
|
|move|p2a: Black Kyurem|Substitute|p2a: Black Kyurem
|-start|p2a: Black Kyurem|Substitute
|-damage|p2a: Black Kyurem|176\/401
|-formechange|p1a: S&S|Aegislash-Blade
|move|p1a: S&S|Sacred Sword|p2a: Black Kyurem
|-supereffective|p2a: Black Kyurem
|-end|p2a: Black Kyurem|Substitute
|
|-heal|p2a: Black Kyurem|201\/401|[from] item: Leftovers
|turn|9
|chat|superpascal|hmm this is getting hard to predict....
|
|-formechange|p1a: S&S|Aegislash
|move|p1a: S&S|King's Shield|p1a: S&S
|-singleturn|p1a: S&S|Protect
|move|p2a: Black Kyurem|Earth Power|p1a: S&S
|-activate|p1a: S&S|Protect
|
|-heal|p2a: Black Kyurem|226\/401|[from] item: Leftovers
|turn|10
|
|move|p2a: Black Kyurem|Substitute|p2a: Black Kyurem
|-start|p2a: Black Kyurem|Substitute
|-damage|p2a: Black Kyurem|126\/401
|-formechange|p1a: S&S|Aegislash-Blade
|move|p1a: S&S|Sacred Sword|p2a: Black Kyurem
|-crit|p2a: Black Kyurem
|-supereffective|p2a: Black Kyurem
|-end|p2a: Black Kyurem|Substitute
|
|-heal|p2a: Black Kyurem|151\/401|[from] item: Leftovers
|turn|11
|
|switch|p2a: Gyarados|Gyarados, M|339\/339
|-ability|p2a: Gyarados|Intimidate|[of] p1a: S&S
|-unboost|p1a: S&S|atk|1
|move|p1a: S&S|Shadow Sneak|p2a: Gyarados
|-damage|p2a: Gyarados|171\/339
|
|turn|12
|
|-formechange|p2a: Gyarados|Gyarados-Mega
|message|Gyarados has Mega Evolved into Mega Gyarados!
|-ability|p2a: Gyarados|Mold Breaker
|move|p2a: Gyarados|Earthquake|p1a: S&S
|-supereffective|p1a: S&S
|-damage|p1a: S&S|0 fnt
|faint|p1a: S&S
|
|chat|superpascal|ah...outplayed
|
|switch|p1a: Marine|Manaphy|401\/401
|-damage|p1a: Marine|351\/401|[from] Stealth Rock
|turn|13
|
|move|p2a: Gyarados|Dragon Dance|p2a: Gyarados
|-boost|p2a: Gyarados|atk|1
|-boost|p2a: Gyarados|spe|1
|move|p1a: Marine|Energy Ball|p2a: Gyarados
|-supereffective|p2a: Gyarados
|-damage|p2a: Gyarados|23\/339
|
|-heal|p1a: Marine|376\/401|[from] item: Leftovers
|turn|14
|chat|superpascal|damn, that's bulky
|
|move|p2a: Gyarados|Earthquake|p1a: Marine
|-damage|p1a: Marine|152\/401
|move|p1a: Marine|Energy Ball|p2a: Gyarados
|-supereffective|p2a: Gyarados
|-damage|p2a: Gyarados|0 fnt
|faint|p2a: Gyarados
|
|-heal|p1a: Marine|177\/401|[from] item: Leftovers
|
|switch|p2a: Black Kyurem|Kyurem-Black|151\/401
|-ability|p2a: Black Kyurem|Teravolt
|turn|15
|
|move|p2a: Black Kyurem|Fusion Bolt|p1a: Marine
|-supereffective|p1a: Marine
|-damage|p1a: Marine|0 fnt
|faint|p1a: Marine
|
|-heal|p2a: Black Kyurem|176\/401|[from] item: Leftovers
|
|switch|p1a: 3fast5me|Deoxys-Speed|304\/304
|-damage|p1a: 3fast5me|266\/304|[from] Stealth Rock
|-ability|p1a: 3fast5me|Pressure
|turn|16
|
|switch|p2a: Aegislash|Aegislash, M|279\/279
|move|p1a: 3fast5me|Psycho Boost|p2a: Aegislash|[miss]
|-miss|p1a: 3fast5me|p2a: Aegislash
|
|turn|17
|
|move|p1a: 3fast5me|Stealth Rock|p2a: Aegislash
|-sidestart|p2: DD DragonKnight|move: Stealth Rock
|-formechange|p2a: Aegislash|Aegislash-Blade
|move|p2a: Aegislash|Shadow Ball|p1a: 3fast5me
|-supereffective|p1a: 3fast5me
|-damage|p1a: 3fast5me|0 fnt
|faint|p1a: 3fast5me
|
|
|switch|p1a: Dentifrice|Mawile, F|303\/303
|-damage|p1a: Dentifrice|285\/303|[from] Stealth Rock
|-ability|p1a: Dentifrice|Intimidate|[of] p2a: Aegislash
|-unboost|p2a: Aegislash|atk|1
|turn|18
|
|-formechange|p1a: Dentifrice|Mawile-Mega
|message|Mawile has Mega Evolved into Mega Mawile!
|move|p1a: Dentifrice|Sucker Punch|p2a: Aegislash
|-supereffective|p2a: Aegislash
|-damage|p2a: Aegislash|0 fnt
|faint|p2a: Aegislash
|
|
|switch|p2a: Latias|Latias, F|271\/301
|-damage|p2a: Latias|234\/301|[from] Stealth Rock
|turn|19
|chat|superpascal|this detting interesting
|
|move|p2a: Latias|Defog|p1a: Dentifrice
|-unboost|p1a: Dentifrice|evasion|1
|-sideend|p1: superpascal|Stealth Rock|[from] move: Defog|[of] p1a: Dentifrice
|-sideend|p2: DD DragonKnight|Stealth Rock|[from] move: Defog|[of] p2a: Latias
|move|p1a: Dentifrice|Iron Head|p2a: Latias
|-damage|p2a: Latias|0 fnt
|faint|p2a: Latias
|
|chat|DD DragonKnight|The opposing Dentifrice used Iron Head!
|chat|DD DragonKnight|Latias lost 0% of its health!
|chat|DD DragonKnight|???
|chat|DD DragonKnight|lol
|chat|superpascal|Latias lost 78% of its health
|chat|superpascal|what's wrong?
|chat|DD DragonKnight|look at what iposted
|chat|DD DragonKnight|DD DragonKnight: Latias lost 0% of its health!
|chat|DD DragonKnight|that's what showed up for me
|
|switch|p2a: Black Kyurem|Kyurem-Black|176\/401
|-ability|p2a: Black Kyurem|Teravolt
|turn|20
|chat|superpascal|For me, the teaxt is right :\/
|
|move|p2a: Black Kyurem|Earth Power|p1a: Dentifrice
|-supereffective|p1a: Dentifrice
|-damage|p1a: Dentifrice|71\/303
|move|p1a: Dentifrice|Iron Head|p2a: Black Kyurem
|-supereffective|p2a: Black Kyurem
|-damage|p2a: Black Kyurem|0 fnt
|faint|p2a: Black Kyurem
|
|chat|DD DragonKnight|weird
|chat|DD DragonKnight|w\/e
|
|switch|p2a: Azumarill|Azumarill, F|381\/381
|turn|21
|
|move|p2a: Azumarill|Play Rough|p1a: Dentifrice
|-resisted|p1a: Dentifrice
|-damage|p1a: Dentifrice|0 fnt
|faint|p1a: Dentifrice
|
|
|switch|p1a: Bisou|Togekiss, F|107\/373
|turn|22
|
|move|p1a: Bisou|Dazzling Gleam|p2a: Azumarill
|-damage|p2a: Azumarill|119\/381
|move|p2a: Azumarill|Play Rough|p1a: Bisou
|-damage|p1a: Bisou|0 fnt
|faint|p1a: Bisou
|
|
|switch|p1a: Chompitychomp|Garchomp, M|419\/419
|turn|23
|chat|superpascal|gg
|
|move|p1a: Chompitychomp|Earthquake|p2a: Azumarill
|-damage|p2a: Azumarill|0 fnt
|faint|p2a: Azumarill
|
|win|superpascal
|raw|Ladder updating...
|raw|superpascal's rating: 1927 &rarr; <strong>1938<\/strong><br \/>(+11 for winning)
|raw|DD DragonKnight's rating: 1751 &rarr; <strong>1740<\/strong><br \/>(-11 for losing)
|chat|DD DragonKnight|gg
|leave|DD DragonKnight
|player|p2