|join|superpascal
|join|u got slowbro'ed
|player|p1|superpascal|162
|player|p2|u got slowbro'ed|167
|gametype|singles
|gen|6
|tier|OU
|rated
|clearpoke
|poke|p1|Manaphy
|poke|p1|Mawile, F
|poke|p1|Garchomp, M
|poke|p1|Togekiss, F
|poke|p1|Deoxys-Speed
|poke|p1|Aegislash, M
|poke|p2|Slowbro, F
|poke|p2|Latios, M
|poke|p2|Heatran, F
|poke|p2|Scizor, M
|poke|p2|Clefable, F
|poke|p2|Terrakion
|rule|Swagger Clause: Swagger is banned
|rule|Baton Pass Clause: Limit 3 pokemon knowing Baton Pass
|rule|Sleep Clause Mod: Limit one foe put to sleep
|rule|Species Clause: Limit one of each Pokemon
|rule|OHKO Clause: OHKO moves are banned
|rule|Moody Clause: Moody is banned
|rule|Evasion Moves Clause: Evasion moves are banned
|rule|Endless Battle Clause: Forcing endless battles is banned
|rule|HP Percentage Mod: HP is reported as percentages
|teampreview
|chat|u got slowbro'ed|lol
|chat|u got slowbro'ed|i topped the ladder yesterday
|chat|u got slowbro'ed| http:\/\/i61.tinypic.com\/w9wq9t.png
|chat|superpascal|I was just hoping for a rematch with you :)
|chat|superpascal|Have fun
|chat|superpascal|Congrats!
|chat|u got slowbro'ed|gl
|chat|superpascal|Are you going to do your rmt?
|chat|u got slowbro'ed|i have to top also po ladder
|
|start
|switch|p1a: Marine|Manaphy|401\/401
|switch|p2a: bold|Slowbro, F|394\/394
|turn|1
|join|PEEKHO
|chat|superpascal|I don't remember if your clef is magic guard or unaware :\/
|chat|u got slowbro'ed|lol
|chat|superpascal|magic guard ok
|
|switch|p2a: Modest|Latios, M|302\/302
|move|p1a: Marine|Tail Glow|p1a: Marine
|-boost|p1a: Marine|spa|3
|
|turn|2
|
|move|p2a: Modest|Draco Meteor|p1a: Marine
|-damage|p1a: Marine|149\/401
|-unboost|p2a: Modest|spa|2
|move|p1a: Marine|Ice Beam|p2a: Modest
|-supereffective|p2a: Modest
|-damage|p2a: Modest|0 fnt
|faint|p2a: Modest
|
|-heal|p1a: Marine|174\/401|[from] item: Leftovers
|
|switch|p2a: Jolly|Terrakion|324\/324
|turn|3
|chat|superpascal|hmm....
|
|switch|p1a: S&S|Aegislash, M|322\/322
|move|p2a: Jolly|Close Combat|p1a: S&S
|-immune|p1a: S&S|[msg]
|
|turn|4
|
|switch|p2a: Calm|Heatran, F|385\/385
|move|p1a: S&S|Swords Dance|p1a: S&S
|-boost|p1a: S&S|atk|2
|
|turn|5
|
|switch|p2a: Scizor|Scizor, M|342\/342
|-formechange|p1a: S&S|Aegislash-Blade
|move|p1a: S&S|Sacred Sword|p2a: Scizor
|-damage|p2a: Scizor|164\/342
|
|turn|6
|
|detailschange|p2a: Scizor|Scizor-Mega, M
|message|Scizor has Mega Evolved into Mega Scizor!
|-formechange|p1a: S&S|Aegislash
|move|p1a: S&S|King's Shield|p1a: S&S
|-singleturn|p1a: S&S|Protect
|move|p2a: Scizor|Knock Off|p1a: S&S
|-activate|p1a: S&S|Protect
|-unboost|p2a: Scizor|atk|2
|
|turn|7
|
|move|p2a: Scizor|Roost|p2a: Scizor
|-heal|p2a: Scizor|335\/342
|move|p1a: S&S|Swords Dance|p1a: S&S
|-boost|p1a: S&S|atk|2
|
|turn|8
|
|switch|p2a: Clefable|Clefable, F|394\/394
|-formechange|p1a: S&S|Aegislash-Blade
|move|p1a: S&S|Sacred Sword|p2a: Clefable
|-resisted|p2a: Clefable
|-damage|p2a: Clefable|186\/394
|
|-heal|p2a: Clefable|210\/394|[from] item: Leftovers
|turn|9
|
|move|p1a: S&S|Shadow Sneak|p2a: Clefable
|-damage|p2a: Clefable|0 fnt
|faint|p2a: Clefable
|
|
|switch|p2a: Scizor|Scizor-Mega, M|335\/342
|turn|10
|
|move|p2a: Scizor|Swords Dance|p2a: Scizor
|-boost|p2a: Scizor|atk|2
|move|p1a: S&S|Sacred Sword|p2a: Scizor
|-damage|p2a: Scizor|122\/342
|
|turn|11
|chat|superpascal|ok now it's getting hard to predict
|
|move|p2a: Scizor|Bullet Punch|p1a: S&S
|-resisted|p1a: S&S
|-damage|p1a: S&S|154\/322
|move|p1a: S&S|Shadow Sneak|p2a: Scizor
|-damage|p2a: Scizor|0 fnt
|faint|p2a: Scizor
|
|
|switch|p2a: Calm|Heatran, F|385\/385
|turn|12
|chat|superpascal|I though it would have done a lot more
|
|move|p1a: S&S|Shadow Sneak|p2a: Calm
|-damage|p2a: Calm|118\/385
|move|p2a: Calm|Lava Plume|p1a: S&S
|-supereffective|p1a: S&S
|-damage|p1a: S&S|0 fnt
|faint|p1a: S&S
|
|-heal|p2a: Calm|142\/385|[from] item: Leftovers
|
|switch|p1a: Marine|Manaphy|174\/401
|turn|13
|
|switch|p2a: bold|Slowbro, F|394\/394
|move|p1a: Marine|Surf|p2a: bold
|-resisted|p2a: bold
|-damage|p2a: bold|304\/394
|
|-heal|p1a: Marine|199\/401|[from] item: Leftovers
|-heal|p2a: bold|328\/394|[from] item: Leftovers
|turn|14
|
|move|p1a: Marine|Tail Glow|p1a: Marine
|-boost|p1a: Marine|spa|3
|move|p2a: bold|Thunder Wave|p1a: Marine
|-status|p1a: Marine|par
|
|-heal|p2a: bold|352\/394|[from] item: Leftovers
|-heal|p1a: Marine|224\/401 par|[from] item: Leftovers
|turn|15
|
|switch|p2a: Jolly|Terrakion|324\/324
|cant|p1a: Marine|par
|
|-heal|p1a: Marine|249\/401 par|[from] item: Leftovers
|turn|16
|
|switch|p1a: 3fast5me|Deoxys-Speed|304\/304
|-ability|p1a: 3fast5me|Pressure
|move|p2a: Jolly|Close Combat|p1a: 3fast5me
|-resisted|p1a: 3fast5me
|-damage|p1a: 3fast5me|217\/304
|-unboost|p2a: Jolly|def|1
|-unboost|p2a: Jolly|spd|1
|
|turn|17
|
|switch|p2a: bold|Slowbro, F|394\/394
|move|p1a: 3fast5me|Spikes|p2a: bold
|-sidestart|p2: u got slowbro'ed|Spikes
|
|turn|18
|
|move|p1a: 3fast5me|Stealth Rock|p2a: bold
|-sidestart|p2: u got slowbro'ed|move: Stealth Rock
|move|p2a: bold|Thunder Wave|p1a: 3fast5me
|-status|p1a: 3fast5me|par
|-enditem|p1a: 3fast5me|Lum Berry|[eat]
|-curestatus|p1a: 3fast5me|par
|
|turn|19
|
|switch|p1a: Marine|Manaphy|249\/401 par
|move|p2a: bold|Psyshock|p1a: Marine
|-damage|p1a: Marine|152\/401 par
|
|-heal|p1a: Marine|177\/401 par|[from] item: Leftovers
|turn|20
|chat|superpascal|good play
|
|move|p2a: bold|Psyshock|p1a: Marine
|-damage|p1a: Marine|89\/401 par
|move|p1a: Marine|Energy Ball|p2a: bold
|-supereffective|p2a: bold
|-damage|p2a: bold|144\/394
|-unboost|p2a: bold|spd|1
|
|-heal|p2a: bold|168\/394|[from] item: Leftovers
|-heal|p1a: Marine|114\/401 par|[from] item: Leftovers
|turn|21
|
|move|p2a: bold|Slack Off|p2a: bold
|-heal|p2a: bold|365\/394
|move|p1a: Marine|Surf|p2a: bold
|-resisted|p2a: bold
|-damage|p2a: bold|234\/394
|
|-heal|p2a: bold|258\/394|[from] item: Leftovers
|-heal|p1a: Marine|139\/401 par|[from] item: Leftovers
|turn|22
|
|move|p2a: bold|Psyshock|p1a: Marine
|-damage|p1a: Marine|45\/401 par
|cant|p1a: Marine|par
|
|-heal|p2a: bold|282\/394|[from] item: Leftovers
|-heal|p1a: Marine|70\/401 par|[from] item: Leftovers
|turn|23
|
|move|p2a: bold|Psyshock|p1a: Marine
|-damage|p1a: Marine|0 fnt
|faint|p1a: Marine
|
|-heal|p2a: bold|306\/394|[from] item: Leftovers
|
|switch|p1a: 3fast5me|Deoxys-Speed|217\/304
|-ability|p1a: 3fast5me|Pressure
|turn|24
|
|move|p1a: 3fast5me|Taunt|p2a: bold
|-start|p2a: bold|move: Taunt
|cant|p2a: bold|move: Taunt|Thunder Wave
|
|-heal|p2a: bold|330\/394|[from] item: Leftovers
|turn|25
|
|move|p1a: 3fast5me|Spikes|p2a: bold
|-sidestart|p2: u got slowbro'ed|Spikes
|move|p2a: bold|Scald|p1a: 3fast5me
|-damage|p1a: 3fast5me|124\/304
|
|-heal|p2a: bold|354\/394|[from] item: Leftovers
|turn|26
|
|move|p1a: 3fast5me|Spikes|p2a: bold
|-sidestart|p2: u got slowbro'ed|Spikes
|move|p2a: bold|Scald|p1a: 3fast5me
|-damage|p1a: 3fast5me|21\/304
|-status|p1a: 3fast5me|brn
|
|-heal|p2a: bold|378\/394|[from] item: Leftovers
|-damage|p1a: 3fast5me|0 fnt|[from] brn
|-end|p2a: bold|move: Taunt
|faint|p1a: 3fast5me
|
|switch|p1a: Bisou|Togekiss, F|373\/373
|turn|27
|
|move|p1a: Bisou|Air Slash|p2a: bold
|-damage|p2a: bold|27\/394
|move|p2a: bold|Thunder Wave|p1a: Bisou
|-status|p1a: Bisou|par
|
|-heal|p2a: bold|51\/394|[from] item: Leftovers
|turn|28
|chat|superpascal|Damn, you are just so lucky :P
|chat|u got slowbro'ed|why lol
|
|move|p2a: bold|Slack Off|p2a: bold
|-heal|p2a: bold|248\/394
|move|p1a: Bisou|Air Slash|p2a: bold
|-damage|p2a: bold|0 fnt
|faint|p2a: bold
|
|
|switch|p2a: Jolly|Terrakion|324\/324
|-damage|p2a: Jolly|304\/324|[from] Stealth Rock
|-damage|p2a: Jolly|223\/324|[from] Spikes
|turn|29
|chat|superpascal|all those parahax at crucial time,
|chat|superpascal|the burn
|chat|superpascal|no flinch
|
|move|p2a: Jolly|Stone Edge|p1a: Bisou|[miss]
|-miss|p2a: Jolly|p1a: Bisou
|cant|p1a: Bisou|par
|
|turn|30
|chat|u got slowbro'ed|para hax?
|chat|u got slowbro'ed|where?
|chat|u got slowbro'ed|where did i para hax?**
|chat|superpascal|on manaphy...but I guess it doesn't matter in the end
|chat|u got slowbro'ed|it didnt
|chat|u got slowbro'ed|what it mattered was ur aegi set which i didnt remember
|chat|u got slowbro'ed|but it s a set which scizor deals well
|-message|u got slowbro'ed forfeited.
|
|win|superpascal
|raw|Ladder updating...
|leave|u got slowbro'ed
|player|p2
|raw|superpascal's rating: 1868 &rarr; <strong>1887<\/strong><br \/>(+19 for winning)
|raw|u got slowbro&apos;ed's rating: 1856 &rarr; <strong>1837<\/strong><br \/>(-19 for losing)
|leave|PEEKHO