|join|superpascal
|join|oOSetonOo
|player|p1|superpascal|162
|player|p2|oOSetonOo|169
|gametype|singles
|gen|6
|tier|OU
|rated
|clearpoke
|poke|p1|Manaphy
|poke|p1|Mawile, F
|poke|p1|Garchomp, M
|poke|p1|Togekiss, F
|poke|p1|Deoxys-Speed
|poke|p1|Aegislash, M
|poke|p2|Aegislash, M
|poke|p2|Machamp, M
|poke|p2|Tentacruel, F
|poke|p2|Manectric, M
|poke|p2|Chansey, F
|poke|p2|Skarmory, F
|rule|Sleep Clause Mod: Limit one foe put to sleep
|rule|Species Clause: Limit one of each Pokemon
|rule|OHKO Clause: OHKO moves are banned
|rule|Moody Clause: Moody is banned
|rule|Evasion Moves Clause: Evasion moves are banned
|rule|Endless Battle Clause: Forcing endless battles is banned.
|rule|HP Percentage Mod: HP is reported as percentages
|teampreview
|
|start
|switch|p1a: Bisou|Togekiss, F|373\/373
|switch|p2a: Rapemaster|Aegislash, M|324\/324
|turn|1
|chat|superpascal|have fun
|
|-formechange|p2a: Rapemaster|Aegislash-Blade
|move|p2a: Rapemaster|Shadow Sneak|p1a: Bisou
|-damage|p1a: Bisou|306\/373
|move|p1a: Bisou|Fire Blast|p2a: Rapemaster
|-supereffective|p2a: Rapemaster
|-damage|p2a: Rapemaster|0 fnt
|faint|p2a: Rapemaster
|
|
|switch|p2a: SuperSayan4|Manectric, M|282\/282
|turn|2
|
|switch|p1a: Chompitychomp|Garchomp, M|419\/419
|detailschange|p2a: SuperSayan4|Manectric-Mega, M
|message|Manectric has Mega Evolved into Mega Manectric!
|-ability|p2a: SuperSayan4|Intimidate|[of] p1a: Chompitychomp
|-unboost|p1a: Chompitychomp|atk|1
|move|p2a: SuperSayan4|Hidden Power|p1a: Chompitychomp
|-supereffective|p1a: Chompitychomp
|-damage|p1a: Chompitychomp|83\/419
|
|turn|3
|
|switch|p2a: Steelraptor|Skarmory, F|334\/334
|switch|p1a: 3fast5me|Deoxys-Speed|304\/304
|-ability|p1a: 3fast5me|Pressure
|
|turn|4
|
|move|p1a: 3fast5me|Taunt|p2a: Steelraptor
|-start|p2a: Steelraptor|move: Taunt
|cant|p2a: Steelraptor|move: Taunt|Stealth Rock
|
|turn|5
|
|switch|p2a: Mommyatedady|Chansey, F|704\/704
|move|p1a: 3fast5me|Stealth Rock|p2a: Mommyatedady
|-sidestart|p2: oOSetonOo|move: Stealth Rock
|
|turn|6
|
|switch|p1a: S&S|Aegislash, M|322\/322
|move|p2a: Mommyatedady|Toxic|p1a: S&S
|-fail|p1a: S&S
|
|turn|7
|
|switch|p2a: Dr.Octopus|Tentacruel, F|364\/364
|-damage|p2a: Dr.Octopus|319\/364|[from] Stealth Rock
|move|p1a: S&S|Swords Dance|p1a: S&S
|-boost|p1a: S&S|atk|2
|
|-heal|p2a: Dr.Octopus|341\/364|[from] item: Black Sludge
|turn|8
|
|-formechange|p1a: S&S|Aegislash-Blade
|move|p1a: S&S|Shadow Sneak|p2a: Dr.Octopus
|-damage|p2a: Dr.Octopus|109\/364
|move|p2a: Dr.Octopus|Scald|p1a: S&S
|-damage|p1a: S&S|186\/322
|-status|p1a: S&S|brn
|
|-heal|p2a: Dr.Octopus|131\/364|[from] item: Black Sludge
|-damage|p1a: S&S|146\/322 brn|[from] brn
|turn|9
|
|switch|p2a: Steelraptor|Skarmory, F|334\/334
|-damage|p2a: Steelraptor|293\/334|[from] Stealth Rock
|move|p1a: S&S|Shadow Sneak|p2a: Steelraptor
|-damage|p2a: Steelraptor|242\/334
|-damage|p1a: S&S|93\/322 brn|[from] item: Rocky Helmet|[of] p2a: Steelraptor
|
|-damage|p1a: S&S|53\/322 brn|[from] brn
|turn|10
|
|switch|p1a: 3fast5me|Deoxys-Speed|304\/304
|-ability|p1a: 3fast5me|Pressure
|move|p2a: Steelraptor|Stealth Rock|p1a: 3fast5me
|-sidestart|p1: superpascal|move: Stealth Rock
|
|turn|11
|
|switch|p2a: Mommyatedady|Chansey, F|704\/704
|-damage|p2a: Mommyatedady|616\/704|[from] Stealth Rock
|move|p1a: 3fast5me|Spikes|p2a: Mommyatedady
|-sidestart|p2: oOSetonOo|Spikes
|
|turn|12
|
|move|p1a: 3fast5me|Spikes|p2a: Mommyatedady
|-sidestart|p2: oOSetonOo|Spikes
|move|p2a: Mommyatedady|Seismic Toss|p1a: 3fast5me
|-damage|p1a: 3fast5me|204\/304
|
|turn|13
|
|move|p1a: 3fast5me|Spikes|p2a: Mommyatedady
|-sidestart|p2: oOSetonOo|Spikes
|move|p2a: Mommyatedady|Seismic Toss|p1a: 3fast5me
|-damage|p1a: 3fast5me|104\/304
|
|turn|14
|
|switch|p1a: S&S|Aegislash, M|53\/322 brn
|-damage|p1a: S&S|33\/322 brn|[from] Stealth Rock
|move|p2a: Mommyatedady|Seismic Toss|p1a: S&S
|-immune|p1a: S&S|[msg]
|
|-damage|p1a: S&S|0 fnt|[from] brn
|faint|p1a: S&S
|
|switch|p1a: Dentifrice|Mawile, F|303\/303
|-damage|p1a: Dentifrice|285\/303|[from] Stealth Rock
|-ability|p1a: Dentifrice|Intimidate|[of] p2a: Mommyatedady
|-unboost|p2a: Mommyatedady|atk|1
|turn|15
|
|detailschange|p1a: Dentifrice|Mawile-Mega, F
|message|Mawile has Mega Evolved into Mega Mawile!
|move|p1a: Dentifrice|Swords Dance|p1a: Dentifrice
|-boost|p1a: Dentifrice|atk|2
|move|p2a: Mommyatedady|Seismic Toss|p1a: Dentifrice
|-damage|p1a: Dentifrice|185\/303
|
|turn|16
|
|switch|p2a: Steelraptor|Skarmory, F|242\/334
|-damage|p2a: Steelraptor|201\/334|[from] Stealth Rock
|move|p1a: Dentifrice|Iron Head|p2a: Steelraptor
|-resisted|p2a: Steelraptor
|-damage|p2a: Steelraptor|59\/334
|-damage|p1a: Dentifrice|135\/303|[from] item: Rocky Helmet|[of] p2a: Steelraptor
|
|turn|17
|
|move|p2a: Steelraptor|Roost|p2a: Steelraptor
|-heal|p2a: Steelraptor|226\/334
|move|p1a: Dentifrice|Swords Dance|p1a: Dentifrice
|-boost|p1a: Dentifrice|atk|2
|
|turn|18
|
|move|p2a: Steelraptor|Roost|p2a: Steelraptor
|-heal|p2a: Steelraptor|334\/334
|move|p1a: Dentifrice|Play Rough|p2a: Steelraptor
|-resisted|p2a: Steelraptor
|-damage|p2a: Steelraptor|76\/334
|-damage|p1a: Dentifrice|85\/303|[from] item: Rocky Helmet|[of] p2a: Steelraptor
|
|turn|19
|
|move|p2a: Steelraptor|Roost|p2a: Steelraptor
|-heal|p2a: Steelraptor|243\/334
|move|p1a: Dentifrice|Play Rough|p2a: Steelraptor
|-resisted|p2a: Steelraptor
|-damage|p2a: Steelraptor|7\/334
|-damage|p1a: Dentifrice|35\/303|[from] item: Rocky Helmet|[of] p2a: Steelraptor
|
|turn|20
|
|move|p2a: Steelraptor|Roost|p2a: Steelraptor
|-heal|p2a: Steelraptor|174\/334
|move|p1a: Dentifrice|Iron Head|p2a: Steelraptor
|-resisted|p2a: Steelraptor
|-damage|p2a: Steelraptor|0 fnt
|-damage|p1a: Dentifrice|0 fnt|[from] item: Rocky Helmet|[of] p2a: Steelraptor
|faint|p2a: Steelraptor
|faint|p1a: Dentifrice
|
|
|switch|p1a: 3fast5me|Deoxys-Speed|104\/304
|-damage|p1a: 3fast5me|66\/304|[from] Stealth Rock
|switch|p2a: Mommyatedady|Chansey, F|616\/704
|-damage|p2a: Mommyatedady|440\/704|[from] Spikes
|-damage|p2a: Mommyatedady|352\/704|[from] Stealth Rock
|-ability|p1a: 3fast5me|Pressure
|turn|21
|
|move|p1a: 3fast5me|Taunt|p2a: Mommyatedady
|-start|p2a: Mommyatedady|move: Taunt
|move|p2a: Mommyatedady|Seismic Toss|p1a: 3fast5me
|-damage|p1a: 3fast5me|0 fnt
|faint|p1a: 3fast5me
|
|
|switch|p1a: Bisou|Togekiss, F|306\/373
|-damage|p1a: Bisou|213\/373|[from] Stealth Rock
|turn|22
|
|move|p1a: Bisou|Air Slash|p2a: Mommyatedady
|-damage|p2a: Mommyatedady|229\/704
|cant|p2a: Mommyatedady|flinch
|
|turn|23
|
|move|p1a: Bisou|Air Slash|p2a: Mommyatedady
|-damage|p2a: Mommyatedady|99\/704
|cant|p2a: Mommyatedady|flinch
|
|-end|p2a: Mommyatedady|move: Taunt
|turn|24
|
|move|p1a: Bisou|Air Slash|p2a: Mommyatedady
|-damage|p2a: Mommyatedady|0 fnt
|faint|p2a: Mommyatedady
|
|
|switch|p2a: SuperSayan4|Manectric-Mega, M|282\/282
|-damage|p2a: SuperSayan4|212\/282|[from] Spikes
|-damage|p2a: SuperSayan4|177\/282|[from] Stealth Rock
|-ability|p2a: SuperSayan4|Intimidate|[of] p1a: Bisou
|-unboost|p1a: Bisou|atk|1
|turn|25
|
|move|p2a: SuperSayan4|Thunderbolt|p1a: Bisou
|-supereffective|p1a: Bisou
|-damage|p1a: Bisou|0 fnt
|faint|p1a: Bisou
|
|
|switch|p1a: Marine|Manaphy|401\/401
|-damage|p1a: Marine|351\/401|[from] Stealth Rock
|turn|26
|
|move|p2a: SuperSayan4|Thunderbolt|p1a: Marine
|-supereffective|p1a: Marine
|-damage|p1a: Marine|21\/401
|move|p1a: Marine|Surf|p2a: SuperSayan4
|-crit|p2a: SuperSayan4
|-damage|p2a: SuperSayan4|0 fnt
|faint|p2a: SuperSayan4
|
|-heal|p1a: Marine|46\/401|[from] item: Leftovers
|
|switch|p2a: Gutsandballs|Machamp, M|384\/384
|-damage|p2a: Gutsandballs|360\/384|[from] Stealth Rock
|-damage|p2a: Gutsandballs|264\/384|[from] Spikes
|turn|27
|
|move|p1a: Marine|Surf|p2a: Gutsandballs
|-damage|p2a: Gutsandballs|156\/384
|move|p2a: Gutsandballs|Knock Off|p1a: Marine
|-damage|p1a: Marine|0 fnt
|faint|p1a: Marine
|
|
|switch|p1a: Chompitychomp|Garchomp, M|83\/419
|-damage|p1a: Chompitychomp|57\/419|[from] Stealth Rock
|turn|28
|
|move|p2a: Gutsandballs|Bullet Punch|p1a: Chompitychomp
|-damage|p1a: Chompitychomp|3\/419
|-damage|p2a: Gutsandballs|108\/384|[from] ability: Rough Skin|[of] p1a: Chompitychomp
|move|p1a: Chompitychomp|Outrage|p2a: Gutsandballs
|-damage|p2a: Gutsandballs|0 fnt
|faint|p2a: Gutsandballs
|
|chat|oOSetonOo|gg
|chat|superpascal|gg
|-message|oOSetonOo forfeited.
|
|win|superpascal
|raw|Ladder updating...
|raw|superpascal's rating: 1812 &rarr; <strong>1829<\/strong><br \/>(+17 for winning)
|raw|oOSetonOo's rating: 1758 &rarr; <strong>1742<\/strong><br \/>(-16 for losing)
|leave|oOSetonOo
|player|p2
|chat|superpascal|close match