|join|superpascal
|join|teamsnickers
|player|p1|superpascal|162
|player|p2|teamsnickers|241
|gametype|singles
|gen|6
|tier|OU
|rated
|clearpoke
|poke|p1|Manaphy
|poke|p1|Mawile, F
|poke|p1|Garchomp, M
|poke|p1|Togekiss, F
|poke|p1|Deoxys-Speed
|poke|p1|Aegislash, M
|poke|p2|Thundurus, M
|poke|p2|Scizor, F, shiny
|poke|p2|Heatran, M
|poke|p2|Landorus, M
|poke|p2|Deoxys-Speed
|poke|p2|Azumarill, M
|rule|Sleep Clause Mod: Limit one foe put to sleep
|rule|Species Clause: Limit one of each Pokemon
|rule|OHKO Clause: OHKO moves are banned
|rule|Moody Clause: Moody is banned
|rule|Evasion Moves Clause: Evasion moves are banned
|rule|Endless Battle Clause: Forcing endless battles is banned.
|rule|HP Percentage Mod: HP is reported as percentages
|teampreview
|join|Updated Kanto
|chat|teamsnickers|gl hf
|
|start
|switch|p1a: Bisou|Togekiss, F|373\/373
|switch|p2a: Heatran|Heatran, M|386\/386
|turn|1
|chat|superpascal|you too
|
|switch|p1a: Marine|Manaphy|401\/401
|move|p2a: Heatran|Stealth Rock|p1a: Marine
|-sidestart|p1: superpascal|move: Stealth Rock
|
|turn|2
|
|move|p1a: Marine|Surf|p2a: Heatran
|-supereffective|p2a: Heatran
|-damage|p2a: Heatran|200\/386
|move|p2a: Heatran|Roar|p1a: Marine
|drag|p1a: Bisou|Togekiss, F|373\/373
|-damage|p1a: Bisou|280\/373|[from] Stealth Rock
|
|-heal|p2a: Heatran|224\/386|[from] item: Leftovers
|turn|3
|chat|superpascal|Woah, a max special def heatran?
|
|switch|p2a: Thundurus|Thundurus, M|300\/300
|move|p1a: Bisou|Air Slash|p2a: Thundurus
|-resisted|p2a: Thundurus
|-damage|p2a: Thundurus|176\/300
|
|-heal|p2a: Thundurus|194\/300|[from] item: Leftovers
|turn|4
|
|switch|p1a: Chompitychomp|Garchomp, M|419\/419
|-damage|p1a: Chompitychomp|393\/419|[from] Stealth Rock
|move|p2a: Thundurus|Thunderbolt|p1a: Chompitychomp
|-immune|p1a: Chompitychomp|[msg]
|
|-heal|p2a: Thundurus|212\/300|[from] item: Leftovers
|turn|5
|
|move|p1a: Chompitychomp|Stone Edge|p2a: Thundurus
|-supereffective|p2a: Thundurus
|-damage|p2a: Thundurus|0 fnt
|faint|p2a: Thundurus
|
|
|switch|p2a: Scizor|Scizor, F, shiny|343\/343
|turn|6
|
|switch|p1a: S&S|Aegislash, M|323\/323
|-damage|p1a: S&S|303\/323|[from] Stealth Rock
|-formechange|p2a: Scizor|Scizor-Mega
|message|Scizor has Mega Evolved into Mega Scizor!
|move|p2a: Scizor|Swords Dance|p2a: Scizor
|-boost|p2a: Scizor|atk|2
|
|turn|7
|
|move|p1a: S&S|King's Shield|p1a: S&S
|-singleturn|p1a: S&S|Protect
|move|p2a: Scizor|Knock Off|p1a: S&S
|-activate|p1a: S&S|Protect
|-unboost|p2a: Scizor|atk|2
|
|turn|8
|chat|teamsnickers|FFS
|
|move|p2a: Scizor|Swords Dance|p2a: Scizor
|-boost|p2a: Scizor|atk|2
|-formechange|p1a: S&S|Aegislash-Blade
|move|p1a: S&S|Sacred Sword|p2a: Scizor
|-damage|p2a: Scizor|245\/343
|
|turn|9
|chat|teamsnickers|overrpedicts thou
|
|move|p2a: Scizor|Roost|p2a: Scizor
|-heal|p2a: Scizor|343\/343
|move|p1a: S&S|Swords Dance|p1a: S&S
|-boost|p1a: S&S|atk|2
|
|turn|10
|chat|superpascal|now what?
|chat|teamsnickers|now u die
|chat|superpascal|No :(
|
|move|p2a: Scizor|Knock Off|p1a: S&S
|-supereffective|p1a: S&S
|-damage|p1a: S&S|0 fnt
|faint|p1a: S&S
|
|chat|teamsnickers|see
|chat|superpascal|well, gg
|
|switch|p1a: Dentifrice|Mawile, F|303\/303
|-damage|p1a: Dentifrice|285\/303|[from] Stealth Rock
|-ability|p1a: Dentifrice|Intimidate|[of] p2a: Scizor
|-unboost|p2a: Scizor|atk|1
|turn|11
|chat|teamsnickers|gg
|chat|teamsnickers|fire fang
|chat|teamsnickers|it aint over yet lol
|
|-formechange|p1a: Dentifrice|Mawile-Mega
|message|Mawile has Mega Evolved into Mega Mawile!
|move|p2a: Scizor|Bullet Punch|p1a: Dentifrice
|-damage|p1a: Dentifrice|126\/303
|move|p1a: Dentifrice|Swords Dance|p1a: Dentifrice
|-boost|p1a: Dentifrice|atk|2
|
|turn|12
|chat|superpascal|52%
|chat|teamsnickers|k now its over
|chat|superpascal|52%
|chat|superpascal|52%
|chat|superpascal|damn
|chat|teamsnickers|lol
|
|move|p1a: Dentifrice|Sucker Punch|p2a: Scizor
|-fail|p2a: Scizor
|move|p2a: Scizor|Swords Dance|p2a: Scizor
|-boost|p2a: Scizor|atk|2
|
|turn|13
|chat|Updated Kanto|snickers
|chat|Updated Kanto|in tourny chat 3 people asked to copy my team
|chat|Updated Kanto|;-;
|
|move|p2a: Scizor|Bullet Punch|p1a: Dentifrice
|-damage|p1a: Dentifrice|0 fnt
|faint|p1a: Dentifrice
|
|chat|teamsnickers|lol
|
|switch|p1a: Chompitychomp|Garchomp, M|393\/419
|-damage|p1a: Chompitychomp|367\/419|[from] Stealth Rock
|turn|14
|chat|teamsnickers|did u say yes?
|
|move|p2a: Scizor|Bullet Punch|p1a: Chompitychomp
|-damage|p1a: Chompitychomp|21\/419
|-damage|p2a: Scizor|301\/343|[from] ability: Rough Skin|[of] p1a: Chompitychomp
|move|p1a: Chompitychomp|Fire Blast|p2a: Scizor
|-supereffective|p2a: Scizor
|-damage|p2a: Scizor|61\/343
|
|turn|15
|chat|teamsnickers|HOLY
|chat|teamsnickers|**did that nigga**
|chat|teamsnickers|survive
|chat|superpascal|bulky chomp so OP
|chat|superpascal|I should not have given up so soon
|
|move|p2a: Scizor|Bullet Punch|p1a: Chompitychomp
|-damage|p1a: Chompitychomp|0 fnt
|-damage|p2a: Scizor|19\/343|[from] ability: Rough Skin|[of] p1a: Chompitychomp
|faint|p1a: Chompitychomp
|
|chat|teamsnickers|lol
|
|switch|p1a: Marine|Manaphy|401\/401
|-damage|p1a: Marine|351\/401|[from] Stealth Rock
|turn|16
|
|move|p2a: Scizor|Bullet Punch|p1a: Marine
|-resisted|p1a: Marine
|-damage|p1a: Marine|184\/401
|move|p1a: Marine|Surf|p2a: Scizor
|-damage|p2a: Scizor|0 fnt
|faint|p2a: Scizor
|
|-heal|p1a: Marine|209\/401|[from] item: Leftovers
|
|switch|p2a: Landorus|Landorus, M|320\/320
|turn|17
|
|move|p2a: Landorus|Calm Mind|p2a: Landorus
|-boost|p2a: Landorus|spa|1
|-boost|p2a: Landorus|spd|1
|move|p1a: Marine|Ice Beam|p2a: Landorus
|-crit|p2a: Landorus
|-supereffective|p2a: Landorus
|-damage|p2a: Landorus|0 fnt
|faint|p2a: Landorus
|
|-heal|p1a: Marine|234\/401|[from] item: Leftovers
|chat|teamsnickers|fck
|
|switch|p2a: Azumarill|Azumarill, M|404\/404
|turn|18
|chat|superpascal|and I am back
|chat|teamsnickers|lol
|
|switch|p1a: 3fast5me|Deoxys-Speed|304\/304
|-damage|p1a: 3fast5me|266\/304|[from] Stealth Rock
|-ability|p1a: 3fast5me|Pressure
|move|p2a: Azumarill|Play Rough|p1a: 3fast5me|[miss]
|-miss|p2a: Azumarill|p1a: 3fast5me
|
|turn|19
|chat|teamsnickers|u have to be
|chat|superpascal|sorry for the hax
|chat|teamsnickers|...
|
|move|p1a: 3fast5me|Psycho Boost|p2a: Azumarill
|-damage|p2a: Azumarill|224\/404
|-unboost|p1a: 3fast5me|spa|2
|move|p2a: Azumarill|Play Rough|p1a: 3fast5me
|-crit|p1a: 3fast5me
|-damage|p1a: 3fast5me|0 fnt
|faint|p1a: 3fast5me
|
|chat|teamsnickers|its k
|
|switch|p1a: Marine|Manaphy|234\/401
|-damage|p1a: Marine|184\/401|[from] Stealth Rock
|turn|20
|chat|teamsnickers|that just blows lol
|
|switch|p2a: Deoxys-Speed|Deoxys-Speed|241\/241
|-ability|p2a: Deoxys-Speed|Pressure
|move|p1a: Marine|Energy Ball|p2a: Deoxys-Speed
|-damage|p2a: Deoxys-Speed|134\/241
|
|-heal|p1a: Marine|209\/401|[from] item: Leftovers
|turn|21
|
|move|p2a: Deoxys-Speed|Psycho Boost|p1a: Marine
|-damage|p1a: Marine|0 fnt
|-unboost|p2a: Deoxys-Speed|spa|2
|-damage|p2a: Deoxys-Speed|110\/241|[from] item: Life Orb
|faint|p1a: Marine
|
|
|switch|p1a: Bisou|Togekiss, F|280\/373
|-damage|p1a: Bisou|187\/373|[from] Stealth Rock
|turn|22
|
|move|p2a: Deoxys-Speed|Ice Beam|p1a: Bisou
|-supereffective|p1a: Bisou
|-damage|p1a: Bisou|88\/373
|-damage|p2a: Deoxys-Speed|86\/241|[from] item: Life Orb
|move|p1a: Bisou|Air Slash|p2a: Deoxys-Speed
|-damage|p2a: Deoxys-Speed|0 fnt
|faint|p2a: Deoxys-Speed
|
|
|switch|p2a: Azumarill|Azumarill, M|224\/404
|turn|23
|
|move|p2a: Azumarill|Aqua Jet|p1a: Bisou
|-crit|p1a: Bisou
|-damage|p1a: Bisou|0 fnt
|faint|p1a: Bisou
|
|win|teamsnickers
|raw|Ladder updating...
|raw|superpascal's rating: 1975 &rarr; <strong>1944<\/strong><br \/>(-31 for losing)
|raw|teamsnickers's rating: 1743 &rarr; <strong>1775<\/strong><br \/>(+32 for winning)
|chat|superpascal|gg
|chat|teamsnickers|wow
|chat|teamsnickers|the rank difference
|chat|teamsnickers|gg wp