|join|superpascal
|join|LTI NotInAClan
|player|p1|superpascal|162
|player|p2|LTI NotInAClan|100
|gametype|singles
|gen|6
|tier|OU
|rated
|clearpoke
|poke|p1|Manaphy
|poke|p1|Mawile, F
|poke|p1|Garchomp, M
|poke|p1|Togekiss, F
|poke|p1|Deoxys-Speed
|poke|p1|Aegislash, M
|poke|p2|Quagsire, F
|poke|p2|Heracross, M
|poke|p2|Skarmory, F
|poke|p2|Chansey, F
|poke|p2|Cresselia, F
|poke|p2|Amoonguss, F
|rule|Baton Pass Clause: Limit 3 pokemon knowing Baton Pass
|rule|Sleep Clause Mod: Limit one foe put to sleep
|rule|Species Clause: Limit one of each Pokemon
|rule|OHKO Clause: OHKO moves are banned
|rule|Moody Clause: Moody is banned
|rule|Evasion Moves Clause: Evasion moves are banned
|rule|Endless Battle Clause: Forcing endless battles is banned
|rule|HP Percentage Mod: HP is reported as percentages
|teampreview
|join|Denis is GARBAGE
|join|Omegasization
|
|start
|switch|p1a: Bisou|Togekiss, F|373\/373
|switch|p2a: Cresselia|Cresselia, F|443\/443
|turn|1
|join|Demandred
|chat|superpascal|sorry for the delay
|chat|superpascal|have funb
|leave|Omegasization
|
|move|p2a: Cresselia|Thunder Wave|p1a: Bisou
|-status|p1a: Bisou|par
|move|p1a: Bisou|Trick|p2a: Cresselia
|-activate|p1a: Bisou|move: Trick|[of] p2a: Cresselia
|-item|p2a: Cresselia|Choice Specs|[from] move: Trick
|-item|p1a: Bisou|Leftovers|[from] move: Trick
|
|turn|2
|
|switch|p1a: 3fast5me|Deoxys-Speed|304\/304
|-ability|p1a: 3fast5me|Pressure
|move|p2a: Cresselia|Ice Beam|p1a: 3fast5me
|-damage|p1a: 3fast5me|211\/304
|
|turn|3
|chat|LTI NotInAClan|lol i was afk too. gl
|chat|superpascal|decent damage :p
|
|switch|p2a: Skarmory|Skarmory, F|334\/334
|move|p1a: 3fast5me|Stealth Rock|p2a: Skarmory
|-sidestart|p2: LTI NotInAClan|move: Stealth Rock
|
|turn|4
|
|move|p1a: 3fast5me|Taunt|p2a: Skarmory
|-start|p2a: Skarmory|move: Taunt
|cant|p2a: Skarmory|move: Taunt|Defog
|
|turn|5
|
|switch|p1a: Bisou|Togekiss, F|373\/373 par
|switch|p2a: Cresselia|Cresselia, F|443\/443
|-damage|p2a: Cresselia|388\/443|[from] Stealth Rock
|
|turn|6
|
|move|p2a: Cresselia|Ice Beam|p1a: Bisou
|-supereffective|p1a: Bisou
|-damage|p1a: Bisou|231\/373 par
|move|p1a: Bisou|Dazzling Gleam|p2a: Cresselia
|-damage|p2a: Cresselia|261\/443
|
|-heal|p1a: Bisou|254\/373 par|[from] item: Leftovers
|turn|7
|
|switch|p1a: S&S|Aegislash, M|322\/322
|move|p2a: Cresselia|Ice Beam|p1a: S&S
|-resisted|p1a: S&S
|-damage|p1a: S&S|291\/322
|
|turn|8
|
|switch|p2a: Amoonguss|Amoonguss, F|431\/431
|-damage|p2a: Amoonguss|378\/431|[from] Stealth Rock
|switch|p1a: Dentifrice|Mawile, F|303\/303
|-ability|p1a: Dentifrice|Intimidate|[of] p2a: Amoonguss
|-unboost|p2a: Amoonguss|atk|1
|
|-heal|p2a: Amoonguss|404\/431|[from] item: Black Sludge
|turn|9
|
|switch|p2a: Cresselia|Cresselia, F|261\/443
|-damage|p2a: Cresselia|206\/443|[from] Stealth Rock
|detailschange|p1a: Dentifrice|Mawile-Mega, F
|message|Mawile has Mega Evolved into Mega Mawile!
|move|p1a: Dentifrice|Iron Head|p2a: Cresselia
|-damage|p2a: Cresselia|35\/443
|
|turn|10
|
|move|p2a: Cresselia|Reflect|p2a: Cresselia
|-sidestart|p2: LTI NotInAClan|Reflect
|move|p1a: Dentifrice|Swords Dance|p1a: Dentifrice
|-boost|p1a: Dentifrice|atk|2
|
|turn|11
|
|switch|p2a: Quagsire|Quagsire, F|393\/393
|-damage|p2a: Quagsire|369\/393|[from] Stealth Rock
|move|p1a: Dentifrice|Play Rough|p2a: Quagsire
|-damage|p2a: Quagsire|255\/393
|
|-heal|p2a: Quagsire|279\/393|[from] item: Leftovers
|turn|12
|
|switch|p1a: Marine|Manaphy|401\/401
|move|p2a: Quagsire|Scald|p1a: Marine
|-resisted|p1a: Marine
|-damage|p1a: Marine|367\/401
|-status|p1a: Marine|brn
|
|-heal|p1a: Marine|392\/401 brn|[from] item: Leftovers
|-heal|p2a: Quagsire|303\/393|[from] item: Leftovers
|-damage|p1a: Marine|342\/401 brn|[from] brn
|turn|13
|chat|superpascal|I predict this burn will be crucial later on :P
|chat|LTI NotInAClan|mb. but ive lost my beautiful cress
|
|switch|p1a: 3fast5me|Deoxys-Speed|211\/304
|-ability|p1a: 3fast5me|Pressure
|switch|p2a: Chansey|Chansey, F|703\/703
|-damage|p2a: Chansey|616\/703|[from] Stealth Rock
|
|turn|14
|
|switch|p1a: S&S|Aegislash, M|291\/322
|move|p2a: Chansey|Seismic Toss|p1a: S&S
|-immune|p1a: S&S|[msg]
|
|-sideend|p2: LTI NotInAClan|Reflect
|turn|15
|
|-formechange|p1a: S&S|Aegislash-Blade
|move|p1a: S&S|Sacred Sword|p2a: Chansey
|-supereffective|p2a: Chansey
|-damage|p2a: Chansey|292\/703
|move|p2a: Chansey|Thunder Wave|p1a: S&S
|-status|p1a: S&S|par
|
|turn|16
|chat|superpascal|that bulk :P
|
|switch|p1a: Dentifrice|Mawile-Mega, F|303\/303
|move|p2a: Chansey|Soft-Boiled|p2a: Chansey
|-heal|p2a: Chansey|644\/703
|
|turn|17
|chat|LTI NotInAClan|lol i need to stop playing stall
|chat|superpascal|nobody likes stall :P
|chat|LTI NotInAClan|coming up with a nice team is not worth it
|chat|LTI NotInAClan|no but i wanted to use Mhera
|chat|LTI NotInAClan|so i started putting things together to support it
|chat|LTI NotInAClan|i wanted a balanced team
|chat|LTI NotInAClan|but ended up forming itself into stall
|chat|superpascal|And you ended up with stall
|
|switch|p2a: Cresselia|Cresselia, F|35\/443
|-damage|p2a: Cresselia|0 fnt|[from] Stealth Rock
|faint|p2a: Cresselia
|move|p1a: Dentifrice|Iron Head|p2: Cresselia|[notarget]
|-notarget
|
|chat|superpascal|that's okay. It happened to me too.
|
|switch|p2a: Skarmory|Skarmory, F|334\/334
|-damage|p2a: Skarmory|293\/334|[from] Stealth Rock
|turn|18
|
|move|p2a: Skarmory|Roost|p2a: Skarmory
|-heal|p2a: Skarmory|334\/334
|move|p1a: Dentifrice|Swords Dance|p1a: Dentifrice
|-boost|p1a: Dentifrice|atk|2
|
|turn|19
|
|move|p1a: Dentifrice|Iron Head|p2a: Skarmory
|-resisted|p2a: Skarmory
|-damage|p2a: Skarmory|139\/334
|-damage|p1a: Dentifrice|253\/303|[from] item: Rocky Helmet|[of] p2a: Skarmory
|move|p2a: Skarmory|Counter|p1a: Dentifrice
|-damage|p1a: Dentifrice|0 fnt
|faint|p1a: Dentifrice
|
|chat|superpascal|I never expect those counters. Nice move.
|chat|LTI NotInAClan|ty
|
|switch|p1a: 3fast5me|Deoxys-Speed|211\/304
|-ability|p1a: 3fast5me|Pressure
|turn|20
|
|switch|p2a: Chansey|Chansey, F|644\/703
|-damage|p2a: Chansey|557\/703|[from] Stealth Rock
|move|p1a: 3fast5me|Spikes|p2a: Chansey
|-sidestart|p2: LTI NotInAClan|Spikes
|
|turn|21
|
|switch|p1a: S&S|Aegislash, M|291\/322 par
|move|p2a: Chansey|Seismic Toss|p1a: S&S
|-immune|p1a: S&S|[msg]
|
|turn|22
|
|move|p2a: Chansey|Soft-Boiled|p2a: Chansey
|-heal|p2a: Chansey|703\/703
|move|p1a: S&S|Swords Dance|p1a: S&S
|-boost|p1a: S&S|atk|2
|
|turn|23
|
|switch|p2a: Quagsire|Quagsire, F|303\/393
|-damage|p2a: Quagsire|279\/393|[from] Stealth Rock
|-damage|p2a: Quagsire|230\/393|[from] Spikes
|-formechange|p1a: S&S|Aegislash-Blade
|cant|p1a: S&S|par
|
|-heal|p2a: Quagsire|254\/393|[from] item: Leftovers
|turn|24
|
|switch|p1a: Marine|Manaphy|342\/401 brn
|move|p2a: Quagsire|Recover|p2a: Quagsire
|-heal|p2a: Quagsire|393\/393
|
|-heal|p1a: Marine|367\/401 brn|[from] item: Leftovers
|-damage|p1a: Marine|317\/401 brn|[from] brn
|turn|25
|
|switch|p2a: Chansey|Chansey, F|703\/703
|-damage|p2a: Chansey|616\/703|[from] Spikes
|-damage|p2a: Chansey|529\/703|[from] Stealth Rock
|move|p1a: Marine|Energy Ball|p2a: Chansey
|-damage|p2a: Chansey|467\/703
|
|-heal|p1a: Marine|342\/401 brn|[from] item: Leftovers
|-damage|p1a: Marine|292\/401 brn|[from] brn
|turn|26
|
|switch|p1a: Bisou|Togekiss, F|254\/373 par
|move|p2a: Chansey|Soft-Boiled|p2a: Chansey
|-heal|p2a: Chansey|703\/703
|
|-heal|p1a: Bisou|277\/373 par|[from] item: Leftovers
|turn|27
|
|switch|p2a: Heracross|Heracross, M|301\/301
|-damage|p2a: Heracross|264\/301|[from] Stealth Rock
|-damage|p2a: Heracross|227\/301|[from] Spikes
|cant|p1a: Bisou|par
|
|-heal|p1a: Bisou|300\/373 par|[from] item: Leftovers
|turn|28
|chat|LTI NotInAClan|trick y\/n
|chat|superpascal|I could lie and tell dazling gleam
|chat|superpascal|but that play would have been too good :p
|chat|LTI NotInAClan|haha
|chat|LTI NotInAClan|you don't know me either so it would be overestimation
|
|switch|p1a: Chompitychomp|Garchomp, M|419\/419
|detailschange|p2a: Heracross|Heracross-Mega, M
|message|Heracross has Mega Evolved into Mega Heracross!
|move|p2a: Heracross|Rock Blast|p1a: Chompitychomp
|-resisted|p1a: Chompitychomp
|-damage|p1a: Chompitychomp|396\/419
|-resisted|p1a: Chompitychomp
|-damage|p1a: Chompitychomp|374\/419
|-resisted|p1a: Chompitychomp
|-damage|p1a: Chompitychomp|352\/419
|-resisted|p1a: Chompitychomp
|-damage|p1a: Chompitychomp|331\/419
|-crit|p1a: Chompitychomp
|-resisted|p1a: Chompitychomp
|-damage|p1a: Chompitychomp|299\/419
|-hitcount|p1a: Chompitychomp|5
|
|turn|29
|chat|LTI NotInAClan|not to say i'm great or anything, but this is ladder
|
|move|p1a: Chompitychomp|Outrage|p2a: Heracross
|-damage|p2a: Heracross|1\/301
|move|p2a: Heracross|Pin Missile|p1a: Chompitychomp
|-damage|p1a: Chompitychomp|235\/419
|-damage|p1a: Chompitychomp|162\/419
|-damage|p1a: Chompitychomp|98\/419
|-damage|p1a: Chompitychomp|35\/419
|-damage|p1a: Chompitychomp|0 fnt
|-hitcount|p1a: Chompitychomp|5
|faint|p1a: Chompitychomp
|
|chat|superpascal|yup
|chat|superpascal|I did not expect that survival
|chat|LTI NotInAClan|this things bulky af
|chat|superpascal|but Heracross is so uncommon that I forget his massive bulk
|chat|LTI NotInAClan|only SE can kill it
|
|switch|p1a: 3fast5me|Deoxys-Speed|211\/304
|-ability|p1a: 3fast5me|Pressure
|turn|30
|
|switch|p2a: Chansey|Chansey, F|703\/703
|-damage|p2a: Chansey|616\/703|[from] Stealth Rock
|-damage|p2a: Chansey|529\/703|[from] Spikes
|move|p1a: 3fast5me|Psycho Boost|p2a: Chansey
|-damage|p2a: Chansey|420\/703
|-unboost|p1a: 3fast5me|spa|2
|
|turn|31
|
|switch|p1a: S&S|Aegislash, M|291\/322 par
|move|p2a: Chansey|Soft-Boiled|p2a: Chansey
|-heal|p2a: Chansey|703\/703
|
|turn|32
|
|move|p2a: Chansey|Thunder Wave|p1a: S&S
|-fail|p1a: S&S|par
|-formechange|p1a: S&S|Aegislash-Blade
|move|p1a: S&S|Sacred Sword|p2a: Chansey
|-supereffective|p2a: Chansey
|-damage|p2a: Chansey|345\/703
|
|turn|33
|
|move|p2a: Chansey|Soft-Boiled|p2a: Chansey
|-heal|p2a: Chansey|697\/703
|move|p1a: S&S|Sacred Sword|p2a: Chansey
|-supereffective|p2a: Chansey
|-damage|p2a: Chansey|351\/703
|
|turn|34
|
|move|p2a: Chansey|Soft-Boiled|p2a: Chansey
|-heal|p2a: Chansey|703\/703
|cant|p1a: S&S|par
|
|turn|35
|
|switch|p2a: Amoonguss|Amoonguss, F|431\/431
|-damage|p2a: Amoonguss|378\/431|[from] Stealth Rock
|-damage|p2a: Amoonguss|325\/431|[from] Spikes
|move|p1a: S&S|Sacred Sword|p2a: Amoonguss
|-resisted|p2a: Amoonguss
|-damage|p2a: Amoonguss|244\/431
|
|-heal|p2a: Amoonguss|270\/431|[from] item: Black Sludge
|turn|36
|
|switch|p1a: 3fast5me|Deoxys-Speed|211\/304
|-ability|p1a: 3fast5me|Pressure
|move|p2a: Amoonguss|Foul Play|p1a: 3fast5me
|-supereffective|p1a: 3fast5me
|-damage|p1a: 3fast5me|123\/304
|
|-heal|p2a: Amoonguss|296\/431|[from] item: Black Sludge
|turn|37
|
|switch|p2a: Chansey|Chansey, F|703\/703
|-damage|p2a: Chansey|616\/703|[from] Stealth Rock
|-damage|p2a: Chansey|529\/703|[from] Spikes
|move|p1a: 3fast5me|Spikes|p2a: Chansey
|-sidestart|p2: LTI NotInAClan|Spikes
|
|turn|38
|
|switch|p1a: Bisou|Togekiss, F|300\/373 par
|move|p2a: Chansey|Thunder Wave|p1a: Bisou
|-fail|p1a: Bisou|par
|
|-heal|p1a: Bisou|323\/373 par|[from] item: Leftovers
|turn|39
|chat|LTI NotInAClan|hmm
|chat|LTI NotInAClan|not looking too good for me
|chat|superpascal|I feel like this a weird match
|
|switch|p2a: Skarmory|Skarmory, F|139\/334
|-damage|p2a: Skarmory|98\/334|[from] Stealth Rock
|cant|p1a: Bisou|par
|
|-heal|p1a: Bisou|346\/373 par|[from] item: Leftovers
|turn|40
|chat|superpascal|excellent play
|chat|superpascal|I can't say if dazzling gleam would have koed however
|
|move|p2a: Skarmory|Defog|p1a: Bisou
|-unboost|p1a: Bisou|evasion|1
|-sideend|p2: LTI NotInAClan|Spikes|[from] move: Defog|[of] p2a: Skarmory
|-sideend|p2: LTI NotInAClan|Stealth Rock|[from] move: Defog|[of] p2a: Skarmory
|move|p1a: Bisou|Fire Blast|p2a: Skarmory
|-supereffective|p2a: Skarmory
|-damage|p2a: Skarmory|0 fnt
|faint|p2a: Skarmory
|
|-heal|p1a: Bisou|369\/373 par|[from] item: Leftovers
|
|switch|p2a: Heracross|Heracross-Mega, M|1\/301
|turn|41
|
|switch|p1a: S&S|Aegislash, M|291\/322 par
|move|p2a: Heracross|Earthquake|p1a: S&S
|-supereffective|p1a: S&S
|-damage|p1a: S&S|31\/322 par
|-enditem|p1a: S&S|Weakness Policy
|-boost|p1a: S&S|atk|2|[from] item: Weakness Policy
|-boost|p1a: S&S|spa|2|[from] item: Weakness Policy
|
|turn|42
|
|switch|p2a: Quagsire|Quagsire, F|393\/393
|-formechange|p1a: S&S|Aegislash-Blade
|move|p1a: S&S|Shadow Sneak|p2a: Quagsire
|-damage|p2a: Quagsire|318\/393
|
|-heal|p2a: Quagsire|342\/393|[from] item: Leftovers
|turn|43
|
|switch|p1a: 3fast5me|Deoxys-Speed|123\/304
|-ability|p1a: 3fast5me|Pressure
|move|p2a: Quagsire|Earthquake|p1a: 3fast5me
|-damage|p1a: 3fast5me|45\/304
|
|-heal|p2a: Quagsire|366\/393|[from] item: Leftovers
|turn|44
|
|move|p1a: 3fast5me|Spikes|p2a: Quagsire
|-sidestart|p2: LTI NotInAClan|Spikes
|move|p2a: Quagsire|Earthquake|p1a: 3fast5me
|-damage|p1a: 3fast5me|0 fnt
|faint|p1a: 3fast5me
|
|-heal|p2a: Quagsire|390\/393|[from] item: Leftovers
|
|switch|p1a: Bisou|Togekiss, F|369\/373 par
|turn|45
|
|switch|p2a: Chansey|Chansey, F|529\/703
|-damage|p2a: Chansey|442\/703|[from] Spikes
|move|p1a: Bisou|Dazzling Gleam|p2a: Chansey
|-damage|p2a: Chansey|340\/703
|
|-heal|p1a: Bisou|373\/373 par|[from] item: Leftovers
|turn|46
|
|move|p2a: Chansey|Soft-Boiled|p2a: Chansey
|-heal|p2a: Chansey|692\/703
|cant|p1a: Bisou|par
|
|turn|47
|
|move|p2a: Chansey|Seismic Toss|p1a: Bisou
|-damage|p1a: Bisou|273\/373 par
|move|p1a: Bisou|Trick|p2a: Chansey
|-activate|p1a: Bisou|move: Trick|[of] p2a: Chansey
|-item|p2a: Chansey|Leftovers|[from] move: Trick
|-item|p1a: Bisou|Eviolite|[from] move: Trick
|
|-heal|p2a: Chansey|703\/703|[from] item: Leftovers
|turn|48
|
|switch|p1a: S&S|Aegislash, M|31\/322 par
|move|p2a: Chansey|Seismic Toss|p1a: S&S
|-immune|p1a: S&S|[msg]
|
|turn|49
|
|switch|p2a: Heracross|Heracross-Mega, M|1\/301
|-damage|p2a: Heracross|0 fnt|[from] Spikes
|faint|p2a: Heracross
|switch|p1a: Bisou|Togekiss, F|273\/373 par
|
|chat|LTI NotInAClan|regretting not running sludge bomb on amoong
|
|switch|p2a: Chansey|Chansey, F|703\/703
|-damage|p2a: Chansey|616\/703|[from] Spikes
|turn|50
|
|switch|p1a: S&S|Aegislash, M|31\/322 par
|move|p2a: Chansey|Seismic Toss|p1a: S&S
|-immune|p1a: S&S|[msg]
|
|-heal|p2a: Chansey|659\/703|[from] item: Leftovers
|turn|51
|
|switch|p2a: Quagsire|Quagsire, F|390\/393
|-damage|p2a: Quagsire|341\/393|[from] Spikes
|-formechange|p1a: S&S|Aegislash-Blade
|move|p1a: S&S|Sacred Sword|p2a: Quagsire
|-damage|p2a: Quagsire|243\/393
|
|-heal|p2a: Quagsire|267\/393|[from] item: Leftovers
|turn|52
|
|switch|p1a: Bisou|Togekiss, F|273\/373 par
|move|p2a: Quagsire|Scald|p1a: Bisou
|-damage|p1a: Bisou|212\/373 par
|
|-heal|p2a: Quagsire|291\/393|[from] item: Leftovers
|turn|53
|
|switch|p2a: Chansey|Chansey, F|659\/703
|-damage|p2a: Chansey|572\/703|[from] Spikes
|move|p1a: Bisou|Dazzling Gleam|p2a: Chansey
|-damage|p2a: Chansey|418\/703
|
|-heal|p2a: Chansey|461\/703|[from] item: Leftovers
|turn|54
|
|switch|p1a: S&S|Aegislash, M|31\/322 par
|move|p2a: Chansey|Soft-Boiled|p2a: Chansey
|-heal|p2a: Chansey|703\/703
|
|turn|55
|chat|superpascal|I don't know anymore if it's a boring or an exciting match :P
|chat|LTI NotInAClan|haha
|chat|LTI NotInAClan|im sorry
|
|switch|p2a: Amoonguss|Amoonguss, F|431\/431
|-damage|p2a: Amoonguss|378\/431|[from] Spikes
|-formechange|p1a: S&S|Aegislash-Blade
|move|p1a: S&S|Sacred Sword|p2a: Amoonguss
|-resisted|p2a: Amoonguss
|-damage|p2a: Amoonguss|286\/431
|
|-heal|p2a: Amoonguss|312\/431|[from] item: Black Sludge
|turn|56
|chat|superpascal|it's not your fault :p
|chat|LTI NotInAClan|its impressive that youre cheerful at 50+ turns
|chat|LTI NotInAClan|:]
|
|switch|p1a: Bisou|Togekiss, F|212\/373 par
|move|p2a: Amoonguss|Hidden Power|p1a: Bisou
|-damage|p1a: Bisou|178\/373 par
|
|-heal|p2a: Amoonguss|338\/431|[from] item: Black Sludge
|turn|57
|
|switch|p2a: Chansey|Chansey, F|703\/703
|-damage|p2a: Chansey|616\/703|[from] Spikes
|move|p1a: Bisou|Air Slash|p2a: Chansey
|-damage|p2a: Chansey|492\/703
|
|-heal|p2a: Chansey|535\/703|[from] item: Leftovers
|turn|58
|chat|LTI NotInAClan|you needed dem lefties
|chat|superpascal|yup
|chat|LTI NotInAClan|can always take em back you know :p
|chat|superpascal|but my team simply can't beat that eviolite chansey
|
|switch|p1a: S&S|Aegislash, M|31\/322 par
|move|p2a: Chansey|Seismic Toss|p1a: S&S
|-immune|p1a: S&S|[msg]
|
|-heal|p2a: Chansey|578\/703|[from] item: Leftovers
|turn|59
|
|switch|p2a: Amoonguss|Amoonguss, F|431\/431
|-damage|p2a: Amoonguss|378\/431|[from] Spikes
|switch|p1a: Marine|Manaphy|292\/401 brn
|
|-heal|p1a: Marine|317\/401 brn|[from] item: Leftovers
|-heal|p2a: Amoonguss|404\/431|[from] item: Black Sludge
|-damage|p1a: Marine|267\/401 brn|[from] brn
|turn|60
|chat|superpascal|I expected Quagsire this time.
|chat|superpascal|Anyways, gg
|
|move|p1a: Marine|Tail Glow|p1a: Marine
|-boost|p1a: Marine|spa|3
|move|p2a: Amoonguss|Giga Drain|p1a: Marine
|-supereffective|p1a: Marine
|-damage|p1a: Marine|109\/401 brn
|-heal|p2a: Amoonguss|431\/431|[from] drain|[of] p1a: Marine
|
|-heal|p1a: Marine|134\/401 brn|[from] item: Leftovers
|-damage|p1a: Marine|84\/401 brn|[from] brn
|turn|61
|
|move|p1a: Marine|Ice Beam|p2a: Amoonguss
|-supereffective|p2a: Amoonguss
|-damage|p2a: Amoonguss|45\/431
|move|p2a: Amoonguss|Giga Drain|p1a: Marine
|-supereffective|p1a: Marine
|-damage|p1a: Marine|0 fnt
|-heal|p2a: Amoonguss|87\/431|[from] drain|[of] p1a: Marine
|faint|p1a: Marine
|
|-heal|p2a: Amoonguss|113\/431|[from] item: Black Sludge
|
|switch|p1a: Bisou|Togekiss, F|178\/373 par
|turn|62
|chat|superpascal|if I had waited for the right opportunity with manaphy, maybe I could have swept, but it's the burn
|
|switch|p2a: Chansey|Chansey, F|578\/703
|-damage|p2a: Chansey|491\/703|[from] Spikes
|move|p1a: Bisou|Air Slash|p2a: Chansey
|-damage|p2a: Chansey|349\/703
|
|-heal|p2a: Chansey|392\/703|[from] item: Leftovers
|turn|63
|chat|LTI NotInAClan|haha your prediction came true
|
|switch|p1a: S&S|Aegislash, M|31\/322 par
|move|p2a: Chansey|Soft-Boiled|p2a: Chansey
|-heal|p2a: Chansey|703\/703
|
|turn|64
|chat|LTI NotInAClan|maybe i should go back to sludge bomb
|chat|LTI NotInAClan|i had sacked it for foul play
|
|switch|p2a: Amoonguss|Amoonguss, F|256\/431
|-damage|p2a: Amoonguss|203\/431|[from] Spikes
|-formechange|p1a: S&S|Aegislash-Blade
|move|p1a: S&S|Sacred Sword|p2a: Amoonguss
|-resisted|p2a: Amoonguss
|-damage|p2a: Amoonguss|119\/431
|
|-heal|p2a: Amoonguss|145\/431|[from] item: Black Sludge
|turn|65
|chat|superpascal|sorry my computer froze
|chat|LTI NotInAClan|no worries
|chat|superpascal|I didn't mean to drag this on any longer
|
|switch|p2a: Quagsire|Quagsire, F|291\/393
|-damage|p2a: Quagsire|242\/393|[from] Spikes
|cant|p1a: S&S|par
|
|-heal|p2a: Quagsire|266\/393|[from] item: Leftovers
|turn|66
|
|switch|p1a: Bisou|Togekiss, F|178\/373 par
|move|p2a: Quagsire|Recover|p2a: Quagsire
|-heal|p2a: Quagsire|393\/393
|
|turn|67
|
|switch|p2a: Chansey|Chansey, F|703\/703
|-damage|p2a: Chansey|616\/703|[from] Spikes
|move|p1a: Bisou|Trick|p2a: Chansey
|-activate|p1a: Bisou|move: Trick|[of] p2a: Chansey
|-item|p2a: Chansey|Eviolite|[from] move: Trick
|-item|p1a: Bisou|Leftovers|[from] move: Trick
|
|-heal|p1a: Bisou|201\/373 par|[from] item: Leftovers
|turn|68
|
|switch|p2a: Quagsire|Quagsire, F|393\/393
|-damage|p2a: Quagsire|344\/393|[from] Spikes
|move|p1a: Bisou|Dazzling Gleam|p2a: Quagsire
|-damage|p2a: Quagsire|146\/393
|
|-heal|p2a: Quagsire|170\/393|[from] item: Leftovers
|-heal|p1a: Bisou|224\/373 par|[from] item: Leftovers
|turn|69
|
|move|p2a: Quagsire|Scald|p1a: Bisou
|-damage|p1a: Bisou|169\/373 par
|move|p1a: Bisou|Dazzling Gleam|p2a: Quagsire
|-damage|p2a: Quagsire|0 fnt
|faint|p2a: Quagsire
|
|-heal|p1a: Bisou|192\/373 par|[from] item: Leftovers
|
|switch|p2a: Chansey|Chansey, F|616\/703
|-damage|p2a: Chansey|529\/703|[from] Spikes
|turn|70
|chat|superpascal|I though you had this in the bag honestly
|
|switch|p1a: S&S|Aegislash, M|31\/322 par
|move|p2a: Chansey|Seismic Toss|p1a: S&S
|-immune|p1a: S&S|[msg]
|
|turn|71
|chat|LTI NotInAClan|i choked i guess :\/
|chat|LTI NotInAClan|but those lefties lol
|chat|LTI NotInAClan|i was gonna tell you that you could pp stall my evo chansey anywa
|chat|superpascal|I tricked just for fun :P
|chat|LTI NotInAClan|naw theyll win you the game lol
|chat|superpascal|not likely
|
|switch|p2a: Amoonguss|Amoonguss, F|288\/431
|-damage|p2a: Amoonguss|235\/431|[from] Spikes
|cant|p1a: S&S|par
|
|-heal|p2a: Amoonguss|261\/431|[from] item: Black Sludge
|turn|72
|
|switch|p1a: Bisou|Togekiss, F|192\/373 par
|move|p2a: Amoonguss|Hidden Power|p1a: Bisou
|-damage|p1a: Bisou|154\/373 par
|
|-heal|p2a: Amoonguss|287\/431|[from] item: Black Sludge
|-heal|p1a: Bisou|177\/373 par|[from] item: Leftovers
|turn|73
|
|switch|p2a: Chansey|Chansey, F|529\/703
|-damage|p2a: Chansey|442\/703|[from] Spikes
|move|p1a: Bisou|Air Slash|p2a: Chansey
|-damage|p2a: Chansey|352\/703
|
|-heal|p1a: Bisou|200\/373 par|[from] item: Leftovers
|turn|74
|
|move|p2a: Chansey|Soft-Boiled|p2a: Chansey
|-heal|p2a: Chansey|703\/703
|move|p1a: Bisou|Air Slash|p2a: Chansey
|-damage|p2a: Chansey|618\/703
|
|-heal|p1a: Bisou|223\/373 par|[from] item: Leftovers
|turn|75
|
|switch|p1a: S&S|Aegislash, M|31\/322 par
|move|p2a: Chansey|Seismic Toss|p1a: S&S
|-immune|p1a: S&S|[msg]
|
|turn|76
|
|switch|p2a: Amoonguss|Amoonguss, F|430\/431
|-damage|p2a: Amoonguss|377\/431|[from] Spikes
|-formechange|p1a: S&S|Aegislash-Blade
|cant|p1a: S&S|par
|
|-heal|p2a: Amoonguss|403\/431|[from] item: Black Sludge
|turn|77
|
|switch|p1a: Bisou|Togekiss, F|223\/373 par
|move|p2a: Amoonguss|Hidden Power|p1a: Bisou
|-damage|p1a: Bisou|187\/373 par
|
|-heal|p2a: Amoonguss|429\/431|[from] item: Black Sludge
|-heal|p1a: Bisou|210\/373 par|[from] item: Leftovers
|turn|78
|chat|LTI NotInAClan|k gg
|chat|superpascal|I am curious about your amoonguss moveset
|
|switch|p2a: Chansey|Chansey, F|618\/703
|-damage|p2a: Chansey|531\/703|[from] Spikes
|cant|p1a: Bisou|par
|
|-heal|p1a: Bisou|233\/373 par|[from] item: Leftovers
|turn|79
|chat|LTI NotInAClan|i just ran foul play over sludge bomb. houldnt have
|chat|LTI NotInAClan|:\/
|chat|LTI NotInAClan|anyway, i guess you'll win
|chat|LTI NotInAClan|but i was going to give you this one anyway lol, you're 1900, i don't need the win much
|chat|LTI NotInAClan|good game :]
|chat|LTI NotInAClan|cya
|chat|superpascal|thanks :P
|chat|superpascal|gg
|-message|LTI NotInAClan forfeited.
|
|win|superpascal
|raw|Ladder updating...
|leave|LTI NotInAClan
|player|p2
|raw|superpascal's rating: 1909 &rarr; <strong>1920<\/strong><br \/>(+11 for winning)
|raw|LTI NotInAClan's rating: 1736 &rarr; <strong>1725<\/strong><br \/>(-11 for losing)