|join|testingbitchpls
|join|superpascal
|player|p1|testingbitchpls|1
|player|p2|superpascal|162
|gametype|singles
|gen|6
|tier|OU
|rated
|clearpoke
|poke|p1|Mew
|poke|p1|Tyranitar, M
|poke|p1|Skarmory, M
|poke|p1|Heatran, M
|poke|p1|Keldeo
|poke|p1|Venusaur, M
|poke|p2|Manaphy
|poke|p2|Mawile, F
|poke|p2|Garchomp, M
|poke|p2|Togekiss, F
|poke|p2|Deoxys-Speed
|poke|p2|Aegislash, M
|rule|Sleep Clause Mod: Limit one foe put to sleep
|rule|Species Clause: Limit one of each Pokemon
|rule|OHKO Clause: OHKO moves are banned
|rule|Moody Clause: Moody is banned
|rule|Evasion Moves Clause: Evasion moves are banned
|rule|Endless Battle Clause: Forcing endless battles is banned.
|rule|HP Percentage Mod: HP is reported as percentages
|teampreview
|chat|superpascal|have fun!
|
|start
|switch|p1a: Keldeo|Keldeo|323\/323
|switch|p2a: Marine|Manaphy|401\/401
|turn|1
|
|move|p1a: Keldeo|Calm Mind|p1a: Keldeo
|-boost|p1a: Keldeo|spa|1
|-boost|p1a: Keldeo|spd|1
|move|p2a: Marine|Energy Ball|p1a: Keldeo
|-supereffective|p1a: Keldeo
|-damage|p1a: Keldeo|175\/323
|
|-heal|p1a: Keldeo|195\/323|[from] item: Leftovers
|turn|2
|
|move|p1a: Keldeo|Secret Sword|p2a: Marine
|-damage|p2a: Marine|184\/401
|move|p2a: Marine|Energy Ball|p1a: Keldeo
|-supereffective|p1a: Keldeo
|-damage|p1a: Keldeo|61\/323
|
|-heal|p1a: Keldeo|81\/323|[from] item: Leftovers
|-heal|p2a: Marine|209\/401|[from] item: Leftovers
|turn|3
|
|switch|p2a: Chompitychomp|Garchomp, M|419\/419
|move|p1a: Keldeo|Secret Sword|p2a: Chompitychomp
|-damage|p2a: Chompitychomp|173\/419
|
|-heal|p1a: Keldeo|101\/323|[from] item: Leftovers
|turn|4
|
|switch|p1a: Skarmory|Skarmory, M|334\/334
|move|p2a: Chompitychomp|Earthquake|p1a: Skarmory
|-immune|p1a: Skarmory|[msg]
|
|turn|5
|
|switch|p2a: Bisou|Togekiss, F|373\/373
|switch|p1a: Heatran|Heatran, M|381\/381
|
|turn|6
|
|switch|p2a: Marine|Manaphy|209\/401
|move|p1a: Heatran|Stealth Rock|p2a: Marine
|-sidestart|p2: superpascal|move: Stealth Rock
|
|-heal|p2a: Marine|234\/401|[from] item: Leftovers
|turn|7
|
|switch|p1a: Venusaur|Venusaur, M|361\/361
|move|p2a: Marine|Surf|p1a: Venusaur
|-resisted|p1a: Venusaur
|-damage|p1a: Venusaur|306\/361
|
|-heal|p2a: Marine|259\/401|[from] item: Leftovers
|turn|8
|
|switch|p2a: 3fast5me|Deoxys-Speed|304\/304
|-damage|p2a: 3fast5me|266\/304|[from] Stealth Rock
|-ability|p2a: 3fast5me|Pressure
|detailschange|p1a: Venusaur|Venusaur-Mega, M
|message|Venusaur has Mega Evolved into Mega Venusaur!
|move|p1a: Venusaur|Sleep Powder|p2a: 3fast5me
|-status|p2a: 3fast5me|slp
|-enditem|p2a: 3fast5me|Lum Berry|[eat]
|-curestatus|p2a: 3fast5me|slp
|
|turn|9
|
|switch|p1a: Heatran|Heatran, M|381\/381
|move|p2a: 3fast5me|Stealth Rock|p1a: Heatran
|-sidestart|p1: testingbitchpls|move: Stealth Rock
|
|turn|10
|
|move|p2a: 3fast5me|Spikes|p1a: Heatran
|-sidestart|p1: testingbitchpls|Spikes
|move|p1a: Heatran|Lava Plume|p2a: 3fast5me
|-damage|p2a: 3fast5me|145\/304
|-status|p2a: 3fast5me|brn
|
|-damage|p2a: 3fast5me|107\/304 brn|[from] brn
|turn|11
|
|switch|p2a: Marine|Manaphy|259\/401
|-damage|p2a: Marine|209\/401|[from] Stealth Rock
|move|p1a: Heatran|Earth Power|p2a: Marine
|-damage|p2a: Marine|116\/401
|
|-heal|p2a: Marine|141\/401|[from] item: Leftovers
|turn|12
|
|switch|p1a: Venusaur|Venusaur-Mega, M|306\/361
|-damage|p1a: Venusaur|261\/361|[from] Spikes
|-damage|p1a: Venusaur|216\/361|[from] Stealth Rock
|move|p2a: Marine|Tail Glow|p2a: Marine
|-boost|p2a: Marine|spa|3
|
|-heal|p2a: Marine|166\/401|[from] item: Leftovers
|turn|13
|
|move|p2a: Marine|Ice Beam|p1a: Venusaur
|-supereffective|p1a: Venusaur
|-damage|p1a: Venusaur|70\/361
|move|p1a: Venusaur|Giga Drain|p2a: Marine
|-supereffective|p2a: Marine
|-damage|p2a: Marine|0 fnt
|-heal|p1a: Venusaur|153\/361|[from] drain|[of] p2a: Marine
|faint|p2a: Marine
|
|
|switch|p2a: 3fast5me|Deoxys-Speed|107\/304 brn
|-damage|p2a: 3fast5me|69\/304 brn|[from] Stealth Rock
|-ability|p2a: 3fast5me|Pressure
|turn|14
|
|switch|p1a: Heatran|Heatran, M|381\/381
|-damage|p1a: Heatran|334\/381|[from] Stealth Rock
|-damage|p1a: Heatran|287\/381|[from] Spikes
|move|p2a: 3fast5me|Psycho Boost|p1a: Heatran
|-resisted|p1a: Heatran
|-damage|p1a: Heatran|233\/381
|-unboost|p2a: 3fast5me|spa|2
|
|-heal|p1a: Heatran|256\/381|[from] item: Leftovers
|-damage|p2a: 3fast5me|31\/304 brn|[from] brn
|turn|15
|
|move|p2a: 3fast5me|Spikes|p1a: Heatran
|-sidestart|p1: testingbitchpls|Spikes
|move|p1a: Heatran|Will-O-Wisp|p2a: 3fast5me
|-fail|p2a: 3fast5me|brn
|
|-heal|p1a: Heatran|279\/381|[from] item: Leftovers
|-damage|p2a: 3fast5me|0 fnt|[from] brn
|faint|p2a: 3fast5me
|
|switch|p2a: S&S|Aegislash, M|322\/322
|-damage|p2a: S&S|302\/322|[from] Stealth Rock
|turn|16
|
|move|p1a: Heatran|Lava Plume|p2a: S&S
|-supereffective|p2a: S&S
|-damage|p2a: S&S|140\/322
|-enditem|p2a: S&S|Weakness Policy
|-boost|p2a: S&S|atk|2|[from] item: Weakness Policy
|-boost|p2a: S&S|spa|2|[from] item: Weakness Policy
|-formechange|p2a: S&S|Aegislash-Blade
|move|p2a: S&S|Sacred Sword|p1a: Heatran
|-supereffective|p1a: Heatran
|-damage|p1a: Heatran|0 fnt
|faint|p1a: Heatran
|
|
|switch|p1a: Tyranitar|Tyranitar, M|341\/341
|-damage|p1a: Tyranitar|299\/341|[from] Stealth Rock
|-damage|p1a: Tyranitar|243\/341|[from] Spikes
|-weather|Sandstorm
|turn|17
|
|move|p1a: Tyranitar|Earthquake|p2a: S&S
|-supereffective|p2a: S&S
|-damage|p2a: S&S|0 fnt
|faint|p2a: S&S
|
|-weather|Sandstorm|[upkeep]
|
|switch|p2a: Bisou|Togekiss, F|373\/373
|-damage|p2a: Bisou|280\/373|[from] Stealth Rock
|turn|18
|
|switch|p1a: Venusaur|Venusaur-Mega, M|153\/361
|-damage|p1a: Venusaur|108\/361|[from] Stealth Rock
|-damage|p1a: Venusaur|48\/361|[from] Spikes
|move|p2a: Bisou|Dazzling Gleam|p1a: Venusaur
|-resisted|p1a: Venusaur
|-damage|p1a: Venusaur|0 fnt
|faint|p1a: Venusaur
|
|-weather|Sandstorm|[upkeep]
|-damage|p2a: Bisou|257\/373|[from] sandstorm
|
|switch|p1a: Mew|Mew|404\/404
|-damage|p1a: Mew|337\/404|[from] Spikes
|-damage|p1a: Mew|287\/404|[from] Stealth Rock
|turn|19
|
|move|p1a: Mew|Soft-Boiled|p1a: Mew
|-heal|p1a: Mew|404\/404
|move|p2a: Bisou|Dazzling Gleam|p1a: Mew
|-damage|p1a: Mew|235\/404
|
|-weather|Sandstorm|[upkeep]
|-damage|p1a: Mew|210\/404|[from] sandstorm
|-damage|p2a: Bisou|234\/373|[from] sandstorm
|-heal|p1a: Mew|235\/404|[from] item: Leftovers
|turn|20
|
|switch|p2a: Dentifrice|Mawile, F|303\/303
|-damage|p2a: Dentifrice|285\/303|[from] Stealth Rock
|-ability|p2a: Dentifrice|Intimidate|[of] p1a: Mew
|-unboost|p1a: Mew|atk|1
|move|p1a: Mew|Will-O-Wisp|p2a: Dentifrice
|-status|p2a: Dentifrice|brn
|
|-weather|Sandstorm|[upkeep]
|-damage|p1a: Mew|210\/404|[from] sandstorm
|-heal|p1a: Mew|235\/404|[from] item: Leftovers
|-damage|p2a: Dentifrice|248\/303 brn|[from] brn
|turn|21
|chat|superpascal|excellent play
|
|detailschange|p2a: Dentifrice|Mawile-Mega, F
|message|Mawile has Mega Evolved into Mega Mawile!
|move|p1a: Mew|Soft-Boiled|p1a: Mew
|-heal|p1a: Mew|404\/404
|move|p2a: Dentifrice|Swords Dance|p2a: Dentifrice
|-boost|p2a: Dentifrice|atk|2
|
|-weather|none
|-damage|p2a: Dentifrice|211\/303 brn|[from] brn
|turn|22
|chat|superpascal|and gg
|chat|superpascal|pretty much
|chat|testingbitchpls|thank you
|
|move|p1a: Mew|Taunt|p2a: Dentifrice
|-start|p2a: Dentifrice|move: Taunt
|move|p2a: Dentifrice|Play Rough|p1a: Mew
|-damage|p1a: Mew|83\/404
|
|-heal|p1a: Mew|108\/404|[from] item: Leftovers
|-damage|p2a: Dentifrice|174\/303 brn|[from] brn
|turn|23
|
|move|p1a: Mew|Soft-Boiled|p1a: Mew
|-heal|p1a: Mew|310\/404
|move|p2a: Dentifrice|Play Rough|p1a: Mew|[miss]
|-miss|p2a: Dentifrice|p1a: Mew
|
|-heal|p1a: Mew|335\/404|[from] item: Leftovers
|-damage|p2a: Dentifrice|137\/303 brn|[from] brn
|turn|24
|chat|testingbitchpls|=\/
|chat|testingbitchpls|sorry
|
|move|p1a: Mew|Soft-Boiled|p1a: Mew
|-heal|p1a: Mew|404\/404
|move|p2a: Dentifrice|Play Rough|p1a: Mew
|-crit|p1a: Mew
|-damage|p1a: Mew|0 fnt
|faint|p1a: Mew
|
|-damage|p2a: Dentifrice|100\/303 brn|[from] brn
|-end|p2a: Dentifrice|move: Taunt
|chat|superpascal|I could hardly make a comeback anyways
|
|switch|p1a: Skarmory|Skarmory, M|334\/334
|-damage|p1a: Skarmory|293\/334|[from] Stealth Rock
|turn|25
|
|move|p1a: Skarmory|Defog|p2a: Dentifrice
|-unboost|p2a: Dentifrice|evasion|1
|-sideend|p2: superpascal|Stealth Rock|[from] move: Defog|[of] p2a: Dentifrice
|-sideend|p1: testingbitchpls|Spikes|[from] move: Defog|[of] p1a: Skarmory
|-sideend|p1: testingbitchpls|Stealth Rock|[from] move: Defog|[of] p1a: Skarmory
|move|p2a: Dentifrice|Play Rough|p1a: Skarmory
|-resisted|p1a: Skarmory
|-damage|p1a: Skarmory|206\/334
|-damage|p2a: Dentifrice|50\/303 brn|[from] item: Rocky Helmet|[of] p1a: Skarmory
|
|-damage|p2a: Dentifrice|13\/303 brn|[from] brn
|turn|26
|
|move|p1a: Skarmory|Roost|p1a: Skarmory
|-heal|p1a: Skarmory|334\/334
|move|p2a: Dentifrice|Play Rough|p1a: Skarmory
|-resisted|p1a: Skarmory
|-damage|p1a: Skarmory|241\/334
|-damage|p2a: Dentifrice|0 fnt|[from] item: Rocky Helmet|[of] p1a: Skarmory
|faint|p2a: Dentifrice
|
|
|switch|p2a: Bisou|Togekiss, F|234\/373
|turn|27
|
|switch|p1a: Tyranitar|Tyranitar, M|243\/341
|-weather|Sandstorm
|move|p2a: Bisou|Dazzling Gleam|p1a: Tyranitar
|-supereffective|p1a: Tyranitar
|-damage|p1a: Tyranitar|0 fnt
|faint|p1a: Tyranitar
|
|-weather|Sandstorm|[upkeep]
|-damage|p2a: Bisou|211\/373|[from] sandstorm
|chat|testingbitchpls|damn
|chat|testingbitchpls|you still have a chance
|
|switch|p1a: Keldeo|Keldeo|101\/323
|turn|28
|chat|superpascal|I did not though you would switch directly
|chat|superpascal|was it scarf, band or AV?
|chat|testingbitchpls|i thought you had flamethrower on toge
|
|move|p1a: Keldeo|Icy Wind|p2a: Bisou
|-supereffective|p2a: Bisou
|-damage|p2a: Bisou|95\/373
|-unboost|p2a: Bisou|spe|1
|move|p2a: Bisou|Dazzling Gleam|p1a: Keldeo
|-supereffective|p1a: Keldeo
|-damage|p1a: Keldeo|0 fnt
|faint|p1a: Keldeo
|
|-weather|Sandstorm|[upkeep]
|-damage|p2a: Bisou|72\/373|[from] sandstorm
|chat|testingbitchpls|i also thought ttar would survive that
|
|switch|p1a: Skarmory|Skarmory, M|241\/334
|turn|29
|
|switch|p2a: Chompitychomp|Garchomp, M|173\/419
|move|p1a: Skarmory|Roost|p1a: Skarmory
|-heal|p1a: Skarmory|334\/334
|
|-weather|Sandstorm|[upkeep]
|turn|30
|
|move|p2a: Chompitychomp|Fire Blast|p1a: Skarmory
|-supereffective|p1a: Skarmory
|-damage|p1a: Skarmory|164\/334
|move|p1a: Skarmory|Brave Bird|p2a: Chompitychomp
|-damage|p2a: Chompitychomp|43\/419
|-damage|p1a: Skarmory|123\/334|[from] ability: Rough Skin|[of] p2a: Chompitychomp
|-damage|p1a: Skarmory|80\/334|[from] recoil|[of] p2a: Chompitychomp
|
|-weather|Sandstorm|[upkeep]
|turn|31
|
|move|p2a: Chompitychomp|Fire Blast|p1a: Skarmory
|-supereffective|p1a: Skarmory
|-damage|p1a: Skarmory|0 fnt
|faint|p1a: Skarmory
|
|win|superpascal
|raw|Ladder updating...
|chat|testingbitchpls|gg
|raw|testingbitchpls's rating: 1685 &rarr; <strong>1674<\/strong><br \/>(-11 for losing)
|raw|superpascal's rating: 1844 &rarr; <strong>1855<\/strong><br \/>(+11 for winning)
|chat|superpascal|well gg
|leave|testingbitchpls
|player|p1