|join|T-Kirby
|join|superpascal
|player|p1|T-Kirby|34
|player|p2|superpascal|162
|gametype|singles
|gen|6
|tier|OU
|rated
|clearpoke
|poke|p1|Rotom-Wash
|poke|p1|Aegislash, F
|poke|p1|Charizard, M, shiny
|poke|p1|Keldeo
|poke|p1|Bisharp, M
|poke|p1|Latios, M
|poke|p2|Manaphy
|poke|p2|Mawile, F
|poke|p2|Garchomp, M
|poke|p2|Togekiss, F
|poke|p2|Deoxys-Speed
|poke|p2|Aegislash, M
|rule|Sleep Clause Mod: Limit one foe put to sleep
|rule|Species Clause: Limit one of each Pokemon
|rule|OHKO Clause: OHKO moves are banned
|rule|Moody Clause: Moody is banned
|rule|Evasion Moves Clause: Evasion moves are banned
|rule|Endless Battle Clause: Forcing endless battles is banned.
|rule|HP Percentage Mod: HP is reported as percentages
|teampreview
|
|start
|switch|p1a: Aegislash|Aegislash, F|321\/321
|switch|p2a: Bisou|Togekiss, F|373\/373
|turn|1
|chat|superpascal|have fun
|
|switch|p1a: Bisharp|Bisharp, M|271\/271
|move|p2a: Bisou|Fire Blast|p1a: Bisharp
|-supereffective|p1a: Bisharp
|-damage|p1a: Bisharp|0 fnt
|faint|p1a: Bisharp
|
|
|switch|p1a: Charizard|Charizard, M, shiny|297\/297
|turn|2
|
|switch|p2a: Chompitychomp|Garchomp, M|419\/419
|detailschange|p1a: Charizard|Charizard-Mega-X, M, shiny
|message|Charizard has Mega Evolved into Mega Charizard!
|move|p1a: Charizard|Dragon Dance|p1a: Charizard
|-boost|p1a: Charizard|atk|1
|-boost|p1a: Charizard|spe|1
|
|turn|3
|chat|superpascal|really, scarf chomp feels like the only check to Charizard X recently
|
|switch|p2a: Dentifrice|Mawile, F|303\/303
|-ability|p2a: Dentifrice|Intimidate|[of] p1a: Charizard
|-unboost|p1a: Charizard|atk|1
|move|p1a: Charizard|Dragon Claw|p2a: Dentifrice
|-immune|p2a: Dentifrice|[msg]
|
|turn|4
|chat|T-Kirby|Mavile
|chat|T-Kirby|Woot*
|chat|T-Kirby|Quagsir
|
|detailschange|p2a: Dentifrice|Mawile-Mega, F
|message|Mawile has Mega Evolved into Mega Mawile!
|move|p1a: Charizard|Flare Blitz|p2a: Dentifrice
|-supereffective|p2a: Dentifrice
|-damage|p2a: Dentifrice|0 fnt
|-damage|p1a: Charizard|197\/297|[from] recoil|[of] p2a: Dentifrice
|faint|p2a: Dentifrice
|
|
|switch|p2a: Bisou|Togekiss, F|373\/373
|turn|5
|
|move|p1a: Charizard|Roost|p1a: Charizard
|-heal|p1a: Charizard|297\/297
|move|p2a: Bisou|Dazzling Gleam|p1a: Charizard
|-damage|p1a: Charizard|27\/297
|
|turn|6
|
|move|p1a: Charizard|Flare Blitz|p2a: Bisou
|-damage|p2a: Bisou|63\/373
|-damage|p1a: Charizard|0 fnt|[from] recoil|[of] p2a: Bisou
|faint|p1a: Charizard
|move|p2a: Bisou|Dazzling Gleam|p1: Charizard|[notarget]
|-notarget
|
|
|switch|p1a: Rotom-Wash|Rotom-Wash|241\/241
|turn|7
|
|switch|p2a: Chompitychomp|Garchomp, M|419\/419
|move|p1a: Rotom-Wash|Volt Switch|p2a: Chompitychomp
|-immune|p2a: Chompitychomp|[msg]
|
|turn|8
|
|switch|p1a: Keldeo|Keldeo|322\/322
|switch|p2a: 3fast5me|Deoxys-Speed|304\/304
|-ability|p2a: 3fast5me|Pressure
|
|turn|9
|
|switch|p1a: Aegislash|Aegislash, F|321\/321
|move|p2a: 3fast5me|Psycho Boost|p1a: Aegislash|[miss]
|-miss|p2a: 3fast5me|p1a: Aegislash
|
|turn|10
|
|switch|p2a: Bisou|Togekiss, F|63\/373
|-formechange|p1a: Aegislash|Aegislash-Blade
|move|p1a: Aegislash|Shadow Ball|p2a: Bisou
|-damage|p2a: Bisou|0 fnt
|faint|p2a: Bisou
|
|
|switch|p2a: Marine|Manaphy|401\/401
|turn|11
|
|switch|p1a: Rotom-Wash|Rotom-Wash|241\/241
|move|p2a: Marine|Tail Glow|p2a: Marine
|-boost|p2a: Marine|spa|3
|
|turn|12
|
|move|p1a: Rotom-Wash|Trick|p2a: Marine
|-activate|p1a: Rotom-Wash|move: Trick|[of] p2a: Marine
|-item|p2a: Marine|Choice Scarf|[from] move: Trick
|-item|p1a: Rotom-Wash|Leftovers|[from] move: Trick
|move|p2a: Marine|Energy Ball|p1a: Rotom-Wash
|-supereffective|p1a: Rotom-Wash
|-damage|p1a: Rotom-Wash|0 fnt
|faint|p1a: Rotom-Wash
|
|
|switch|p1a: Aegislash|Aegislash, F|321\/321
|turn|13
|
|switch|p2a: Chompitychomp|Garchomp, M|419\/419
|-formechange|p1a: Aegislash|Aegislash-Blade
|move|p1a: Aegislash|Shadow Ball|p2a: Chompitychomp
|-damage|p2a: Chompitychomp|163\/419
|
|turn|14
|
|switch|p1a: Keldeo|Keldeo|322\/322
|move|p2a: Chompitychomp|Earthquake|p1a: Keldeo
|-damage|p1a: Keldeo|123\/322
|
|turn|15
|
|move|p2a: Chompitychomp|Earthquake|p1a: Keldeo
|-damage|p1a: Keldeo|0 fnt
|faint|p1a: Keldeo
|
|
|switch|p1a: Latios|Latios, M|302\/302
|turn|16
|
|switch|p2a: 3fast5me|Deoxys-Speed|304\/304
|-ability|p2a: 3fast5me|Pressure
|move|p1a: Latios|Hidden Power|p2a: 3fast5me
|-damage|p2a: 3fast5me|208\/304
|-damage|p1a: Latios|272\/302|[from] item: Life Orb
|
|turn|17
|
|switch|p1a: Aegislash|Aegislash, F|321\/321
|move|p2a: 3fast5me|Stealth Rock|p1a: Aegislash
|-sidestart|p1: T-Kirby|move: Stealth Rock
|
|turn|18
|
|move|p2a: 3fast5me|Psycho Boost|p1a: Aegislash
|-resisted|p1a: Aegislash
|-damage|p1a: Aegislash|267\/321
|-unboost|p2a: 3fast5me|spa|2
|-formechange|p1a: Aegislash|Aegislash-Blade
|move|p1a: Aegislash|Shadow Ball|p2a: 3fast5me
|-supereffective|p2a: 3fast5me
|-damage|p2a: 3fast5me|0 fnt
|faint|p2a: 3fast5me
|
|
|switch|p2a: Chompitychomp|Garchomp, M|163\/419
|turn|19
|
|-formechange|p1a: Aegislash|Aegislash
|move|p1a: Aegislash|King's Shield|p1a: Aegislash
|-singleturn|p1a: Aegislash|Protect
|move|p2a: Chompitychomp|Earthquake|p1a: Aegislash
|-activate|p1a: Aegislash|Protect
|
|turn|20
|
|switch|p2a: Marine|Manaphy|401\/401
|-formechange|p1a: Aegislash|Aegislash-Blade
|move|p1a: Aegislash|Shadow Ball|p2a: Marine
|-damage|p2a: Marine|187\/401
|
|turn|21
|
|-formechange|p1a: Aegislash|Aegislash
|move|p1a: Aegislash|King's Shield|p1a: Aegislash
|-singleturn|p1a: Aegislash|Protect
|move|p2a: Marine|Surf|p1a: Aegislash
|-activate|p1a: Aegislash|Protect
|
|turn|22
|
|switch|p1a: Latios|Latios, M|272\/302
|-damage|p1a: Latios|235\/302|[from] Stealth Rock
|move|p2a: Marine|Surf|p1a: Latios
|-resisted|p1a: Latios
|-damage|p1a: Latios|163\/302
|
|turn|23
|
|switch|p2a: S&S|Aegislash, M|322\/322
|move|p1a: Latios|Psyshock|p2a: S&S
|-resisted|p2a: S&S
|-damage|p2a: S&S|254\/322
|-damage|p1a: Latios|133\/302|[from] item: Life Orb
|
|turn|24
|
|move|p1a: Latios|Hidden Power|p2a: S&S
|-supereffective|p2a: S&S
|-damage|p2a: S&S|114\/322
|-enditem|p2a: S&S|Weakness Policy
|-boost|p2a: S&S|atk|2|[from] item: Weakness Policy
|-boost|p2a: S&S|spa|2|[from] item: Weakness Policy
|-damage|p1a: Latios|103\/302|[from] item: Life Orb
|move|p2a: S&S|Swords Dance|p2a: S&S
|-boost|p2a: S&S|atk|2
|
|turn|25
|
|-formechange|p2a: S&S|Aegislash-Blade
|move|p2a: S&S|Shadow Sneak|p1a: Latios
|-supereffective|p1a: Latios
|-damage|p1a: Latios|0 fnt
|faint|p1a: Latios
|
|
|switch|p1a: Aegislash|Aegislash, F|267\/321
|-damage|p1a: Aegislash|247\/321|[from] Stealth Rock
|turn|26
|
|-formechange|p2a: S&S|Aegislash
|move|p2a: S&S|King's Shield|p2a: S&S
|-singleturn|p2a: S&S|Protect
|move|p1a: Aegislash|King's Shield|p1a: Aegislash
|-fail|p1a: Aegislash
|
|turn|27
|
|-formechange|p2a: S&S|Aegislash-Blade
|move|p2a: S&S|Shadow Sneak|p1a: Aegislash
|-supereffective|p1a: Aegislash
|-damage|p1a: Aegislash|0 fnt
|faint|p1a: Aegislash
|
|win|superpascal
|raw|Ladder updating...
|raw|T-Kirby's rating: 1892 &rarr; <strong>1874<\/strong><br \/>(-18 for losing)
|raw|superpascal's rating: 1934 &rarr; <strong>1951<\/strong><br \/>(+17 for winning)
|chat|superpascal|gg
|leave|T-Kirby
|player|p1