|join|superpascal
|join|majorsc2
|player|p1|superpascal|162
|player|p2|majorsc2|143
|gametype|singles
|gen|6
|tier|OU
|rated
|clearpoke
|poke|p1|Manaphy
|poke|p1|Mawile, F
|poke|p1|Garchomp, M
|poke|p1|Togekiss, F
|poke|p1|Deoxys-Speed
|poke|p1|Aegislash, M
|poke|p2|Garchomp, F
|poke|p2|Rotom-Wash
|poke|p2|Venusaur, M
|poke|p2|Landorus-Therian, M
|poke|p2|Espeon, F
|poke|p2|Thundurus, M
|rule|Baton Pass Clause: Limit 3 pokemon knowing Baton Pass
|rule|Sleep Clause Mod: Limit one foe put to sleep
|rule|Species Clause: Limit one of each Pokemon
|rule|OHKO Clause: OHKO moves are banned
|rule|Moody Clause: Moody is banned
|rule|Swagger Clause: Swagger is banned
|rule|Evasion Moves Clause: Evasion moves are banned
|rule|Endless Battle Clause: Forcing endless battles is banned
|rule|HP Percentage Mod: HP is reported as percentages
|teampreview
|
|start
|switch|p1a: Bisou|Togekiss, F|373\/373
|switch|p2a: Landorus-Therian|Landorus-Therian, M|320\/320
|-ability|p2a: Landorus-Therian|Intimidate|[of] p1a: Bisou
|-unboost|p1a: Bisou|atk|1
|turn|1
|chat|superpascal|have fun
|
|move|p2a: Landorus-Therian|Knock Off|p1a: Bisou
|-resisted|p1a: Bisou
|-damage|p1a: Bisou|307\/373
|-enditem|p1a: Bisou|Choice Specs|[from] move: Knock Off|[of] p2a: Landorus-Therian
|move|p1a: Bisou|Dazzling Gleam|p2a: Landorus-Therian
|-damage|p2a: Landorus-Therian|149\/320
|
|turn|2
|chat|majorsc2|gl
|
|switch|p2a: Rotom-Wash|Rotom-Wash|304\/304
|move|p1a: Bisou|Dazzling Gleam|p2a: Rotom-Wash
|-crit|p2a: Rotom-Wash
|-damage|p2a: Rotom-Wash|159\/304
|
|-heal|p2a: Rotom-Wash|178\/304|[from] item: Leftovers
|turn|3
|
|switch|p1a: Chompitychomp|Garchomp, M|419\/419
|move|p2a: Rotom-Wash|Will-O-Wisp|p1a: Chompitychomp
|-status|p1a: Chompitychomp|brn
|
|-heal|p2a: Rotom-Wash|197\/304|[from] item: Leftovers
|-damage|p1a: Chompitychomp|367\/419 brn|[from] brn
|turn|4
|
|switch|p1a: 3fast5me|Deoxys-Speed|304\/304
|-ability|p1a: 3fast5me|Pressure
|switch|p2a: Espeon|Espeon, F|334\/334
|
|turn|5
|
|switch|p1a: S&S|Aegislash, M|322\/322
|move|p2a: Espeon|Reflect|p2a: Espeon
|-sidestart|p2: majorsc2|Reflect
|
|turn|6
|
|switch|p2a: Rotom-Wash|Rotom-Wash|197\/304
|move|p1a: S&S|Swords Dance|p1a: S&S
|-boost|p1a: S&S|atk|2
|
|-heal|p2a: Rotom-Wash|216\/304|[from] item: Leftovers
|turn|7
|
|switch|p1a: 3fast5me|Deoxys-Speed|304\/304
|-ability|p1a: 3fast5me|Pressure
|move|p2a: Rotom-Wash|Will-O-Wisp|p1a: 3fast5me
|-status|p1a: 3fast5me|brn
|-enditem|p1a: 3fast5me|Lum Berry|[eat]
|-curestatus|p1a: 3fast5me|brn
|
|-heal|p2a: Rotom-Wash|235\/304|[from] item: Leftovers
|turn|8
|
|switch|p2a: Espeon|Espeon, F|334\/334
|move|p1a: 3fast5me|Psycho Boost|p2a: Espeon
|-resisted|p2a: Espeon
|-damage|p2a: Espeon|268\/334
|-unboost|p1a: 3fast5me|spa|2
|
|turn|9
|
|switch|p1a: S&S|Aegislash, M|322\/322
|switch|p2a: Garchomp|Garchomp, F|357\/357
|
|turn|10
|
|switch|p1a: Bisou|Togekiss, F|307\/373
|move|p2a: Garchomp|Stealth Rock|p1a: Bisou
|-sidestart|p1: superpascal|move: Stealth Rock
|
|turn|11
|
|switch|p2a: Rotom-Wash|Rotom-Wash|235\/304
|move|p1a: Bisou|Trick|p2a: Rotom-Wash
|-activate|p1a: Bisou|move: Trick|[of] p2a: Rotom-Wash
|-item|p1a: Bisou|Leftovers|[from] move: Trick
|
|-heal|p1a: Bisou|330\/373|[from] item: Leftovers
|turn|12
|
|switch|p1a: Chompitychomp|Garchomp, M|367\/419 brn
|-damage|p1a: Chompitychomp|341\/419 brn|[from] Stealth Rock
|move|p2a: Rotom-Wash|Volt Switch|p1a: Chompitychomp
|-immune|p1a: Chompitychomp|[msg]
|
|-damage|p1a: Chompitychomp|289\/419 brn|[from] brn
|-sideend|p2: majorsc2|Reflect
|turn|13
|
|switch|p2a: Espeon|Espeon, F|268\/334
|move|p1a: Chompitychomp|Outrage|p2a: Espeon
|-damage|p2a: Espeon|103\/334
|
|-damage|p1a: Chompitychomp|237\/419 brn|[from] brn
|turn|14
|
|switch|p2a: Venusaur|Venusaur, M|364\/364
|move|p1a: Chompitychomp|Outrage|p2a: Venusaur
|-damage|p2a: Venusaur|240\/364
|
|-end|p1a: Chompitychomp|rampage
|-start|p1a: Chompitychomp|confusion
|-damage|p1a: Chompitychomp|185\/419 brn|[from] brn
|turn|15
|
|switch|p1a: 3fast5me|Deoxys-Speed|304\/304
|-damage|p1a: 3fast5me|266\/304|[from] Stealth Rock
|-ability|p1a: 3fast5me|Pressure
|detailschange|p2a: Venusaur|Venusaur-Mega, M
|message|Venusaur has Mega Evolved into Mega Venusaur!
|move|p2a: Venusaur|Leech Seed|p1a: 3fast5me
|-start|p1a: 3fast5me|move: Leech Seed
|
|-damage|p1a: 3fast5me|228\/304|[from] Leech Seed|[of] p2a: Venusaur
|-heal|p2a: Venusaur|278\/364|[silent]
|turn|16
|
|switch|p1a: S&S|Aegislash, M|322\/322
|-damage|p1a: S&S|302\/322|[from] Stealth Rock
|switch|p2a: Espeon|Espeon, F|103\/334
|
|turn|17
|
|move|p2a: Espeon|Reflect|p2a: Espeon
|-sidestart|p2: majorsc2|Reflect
|move|p1a: S&S|Swords Dance|p1a: S&S
|-boost|p1a: S&S|atk|2
|
|turn|18
|
|switch|p2a: Garchomp|Garchomp, F|357\/357
|-formechange|p1a: S&S|Aegislash-Blade
|move|p1a: S&S|Shadow Sneak|p2a: Garchomp
|-damage|p2a: Garchomp|264\/357
|-damage|p1a: S&S|262\/322|[from] ability: Rough Skin|[of] p2a: Garchomp
|
|turn|19
|
|switch|p1a: Bisou|Togekiss, F|330\/373
|-damage|p1a: Bisou|237\/373|[from] Stealth Rock
|move|p2a: Garchomp|Fire Blast|p1a: Bisou
|-damage|p1a: Bisou|172\/373
|
|-heal|p1a: Bisou|195\/373|[from] item: Leftovers
|turn|20
|
|switch|p2a: Espeon|Espeon, F|103\/334
|move|p1a: Bisou|Dazzling Gleam|p2a: Espeon
|-damage|p2a: Espeon|0 fnt
|faint|p2a: Espeon
|
|-heal|p1a: Bisou|218\/373|[from] item: Leftovers
|
|switch|p2a: Thundurus|Thundurus, M|299\/299
|turn|21
|
|switch|p1a: Chompitychomp|Garchomp, M|185\/419 brn
|-damage|p1a: Chompitychomp|159\/419 brn|[from] Stealth Rock
|move|p2a: Thundurus|Thunderbolt|p1a: Chompitychomp
|-immune|p1a: Chompitychomp|[msg]
|
|-damage|p1a: Chompitychomp|107\/419 brn|[from] brn
|turn|22
|
|switch|p2a: Landorus-Therian|Landorus-Therian, M|149\/320
|-ability|p2a: Landorus-Therian|Intimidate|[of] p1a: Chompitychomp
|-unboost|p1a: Chompitychomp|atk|1
|move|p1a: Chompitychomp|Stone Edge|p2a: Landorus-Therian|[miss]
|-miss|p1a: Chompitychomp|p2a: Landorus-Therian
|
|-damage|p1a: Chompitychomp|55\/419 brn|[from] brn
|turn|23
|
|move|p2a: Landorus-Therian|Stone Edge|p1a: Chompitychomp
|-resisted|p1a: Chompitychomp
|-damage|p1a: Chompitychomp|0 fnt
|faint|p1a: Chompitychomp
|
|
|switch|p1a: 3fast5me|Deoxys-Speed|228\/304
|-damage|p1a: 3fast5me|190\/304|[from] Stealth Rock
|-ability|p1a: 3fast5me|Pressure
|turn|24
|
|switch|p2a: Rotom-Wash|Rotom-Wash|235\/304
|move|p1a: 3fast5me|Stealth Rock|p2a: Rotom-Wash
|-sidestart|p2: majorsc2|move: Stealth Rock
|
|-sideend|p2: majorsc2|Reflect
|turn|25
|
|move|p1a: 3fast5me|Psycho Boost|p2a: Rotom-Wash
|-damage|p2a: Rotom-Wash|135\/304
|-unboost|p1a: 3fast5me|spa|2
|move|p2a: Rotom-Wash|Will-O-Wisp|p1a: 3fast5me
|-status|p1a: 3fast5me|brn
|
|-damage|p1a: 3fast5me|152\/304 brn|[from] brn
|turn|26
|
|switch|p1a: S&S|Aegislash, M|262\/322
|-damage|p1a: S&S|242\/322|[from] Stealth Rock
|move|p2a: Rotom-Wash|Pain Split|p1a: S&S
|-sethp|p1a: S&S|188\/322|p2a: Rotom-Wash|188\/304|[from] move: Pain Split
|
|turn|27
|
|move|p2a: Rotom-Wash|Will-O-Wisp|p1a: S&S
|-status|p1a: S&S|brn
|move|p1a: S&S|Swords Dance|p1a: S&S
|-boost|p1a: S&S|atk|2
|
|-damage|p1a: S&S|148\/322 brn|[from] brn
|turn|28
|
|move|p2a: Rotom-Wash|Hydro Pump|p1a: S&S
|-damage|p1a: S&S|54\/322 brn
|-formechange|p1a: S&S|Aegislash-Blade
|move|p1a: S&S|Sacred Sword|p2a: Rotom-Wash
|-damage|p2a: Rotom-Wash|64\/304
|
|-damage|p1a: S&S|14\/322 brn|[from] brn
|turn|29
|
|move|p1a: S&S|Shadow Sneak|p2a: Rotom-Wash
|-damage|p2a: Rotom-Wash|0 fnt
|faint|p2a: Rotom-Wash
|
|-damage|p1a: S&S|0 fnt|[from] brn
|faint|p1a: S&S
|
|switch|p2a: Landorus-Therian|Landorus-Therian, M|149\/320
|-damage|p2a: Landorus-Therian|109\/320|[from] Stealth Rock
|switch|p1a: Marine|Manaphy|401\/401
|-damage|p1a: Marine|351\/401|[from] Stealth Rock
|-ability|p2a: Landorus-Therian|Intimidate|[of] p1a: Marine
|-unboost|p1a: Marine|atk|1
|turn|30
|
|move|p2a: Landorus-Therian|Knock Off|p1a: Marine
|-crit|p1a: Marine
|-damage|p1a: Marine|170\/401
|-enditem|p1a: Marine|Leftovers|[from] move: Knock Off|[of] p2a: Landorus-Therian
|move|p1a: Marine|Ice Beam|p2a: Landorus-Therian
|-supereffective|p2a: Landorus-Therian
|-damage|p2a: Landorus-Therian|0 fnt
|faint|p2a: Landorus-Therian
|
|
|switch|p2a: Thundurus|Thundurus, M|299\/299
|-damage|p2a: Thundurus|225\/299|[from] Stealth Rock
|turn|31
|
|move|p2a: Thundurus|Thunderbolt|p1a: Marine
|-supereffective|p1a: Marine
|-damage|p1a: Marine|0 fnt
|faint|p1a: Marine
|
|-heal|p2a: Thundurus|243\/299|[from] item: Leftovers
|
|switch|p1a: Dentifrice|Mawile, F|303\/303
|-damage|p1a: Dentifrice|285\/303|[from] Stealth Rock
|-ability|p1a: Dentifrice|Intimidate|[of] p2a: Thundurus
|-unboost|p2a: Thundurus|atk|1
|turn|32
|
|detailschange|p1a: Dentifrice|Mawile-Mega, F
|message|Mawile has Mega Evolved into Mega Mawile!
|move|p2a: Thundurus|Thunderbolt|p1a: Dentifrice
|-damage|p1a: Dentifrice|135\/303
|move|p1a: Dentifrice|Play Rough|p2a: Thundurus
|-damage|p2a: Thundurus|0 fnt
|faint|p2a: Thundurus
|
|
|switch|p2a: Venusaur|Venusaur-Mega, M|278\/364
|-damage|p2a: Venusaur|233\/364|[from] Stealth Rock
|turn|33
|
|move|p2a: Venusaur|Leech Seed|p1a: Dentifrice
|-start|p1a: Dentifrice|move: Leech Seed
|move|p1a: Dentifrice|Iron Head|p2a: Venusaur
|-damage|p2a: Venusaur|32\/364
|
|-damage|p1a: Dentifrice|98\/303|[from] Leech Seed|[of] p2a: Venusaur
|-heal|p2a: Venusaur|69\/364|[silent]
|turn|34
|
|move|p2a: Venusaur|Synthesis|p2a: Venusaur
|-heal|p2a: Venusaur|251\/364
|move|p1a: Dentifrice|Iron Head|p2a: Venusaur
|-damage|p2a: Venusaur|32\/364
|
|-damage|p1a: Dentifrice|61\/303|[from] Leech Seed|[of] p2a: Venusaur
|-heal|p2a: Venusaur|69\/364|[silent]
|turn|35
|
|move|p2a: Venusaur|Synthesis|p2a: Venusaur
|-heal|p2a: Venusaur|251\/364
|move|p1a: Dentifrice|Iron Head|p2a: Venusaur
|-damage|p2a: Venusaur|32\/364
|
|-damage|p1a: Dentifrice|24\/303|[from] Leech Seed|[of] p2a: Venusaur
|-heal|p2a: Venusaur|69\/364|[silent]
|turn|36
|
|move|p2a: Venusaur|Synthesis|p2a: Venusaur
|-heal|p2a: Venusaur|251\/364
|move|p1a: Dentifrice|Iron Head|p2a: Venusaur
|-damage|p2a: Venusaur|61\/364
|
|-damage|p1a: Dentifrice|0 fnt|[from] Leech Seed|[of] p2a: Venusaur
|-heal|p2a: Venusaur|85\/364|[silent]
|faint|p1a: Dentifrice
|
|switch|p1a: 3fast5me|Deoxys-Speed|152\/304 brn
|-damage|p1a: 3fast5me|114\/304 brn|[from] Stealth Rock
|-ability|p1a: 3fast5me|Pressure
|turn|37
|
|move|p1a: 3fast5me|Psycho Boost|p2a: Venusaur
|-supereffective|p2a: Venusaur
|-damage|p2a: Venusaur|0 fnt
|-unboost|p1a: 3fast5me|spa|2
|faint|p2a: Venusaur
|
|-damage|p1a: 3fast5me|76\/304 brn|[from] brn
|
|switch|p2a: Garchomp|Garchomp, F|264\/357
|-damage|p2a: Garchomp|242\/357|[from] Stealth Rock
|turn|38
|
|move|p1a: 3fast5me|Psycho Boost|p2a: Garchomp
|-damage|p2a: Garchomp|140\/357
|-unboost|p1a: 3fast5me|spa|2
|move|p2a: Garchomp|Fire Blast|p1a: 3fast5me
|-damage|p1a: 3fast5me|0 fnt
|faint|p1a: 3fast5me
|
|
|switch|p1a: Bisou|Togekiss, F|218\/373
|-damage|p1a: Bisou|125\/373|[from] Stealth Rock
|turn|39
|chat|superpascal|gg my dear
|
|move|p2a: Garchomp|Fire Blast|p1a: Bisou
|-crit|p1a: Bisou
|-damage|p1a: Bisou|33\/373
|-status|p1a: Bisou|brn
|move|p1a: Bisou|Dazzling Gleam|p2a: Garchomp
|-supereffective|p2a: Garchomp
|-damage|p2a: Garchomp|0 fnt
|faint|p2a: Garchomp
|
|win|superpascal
|raw|Ladder updating...
|raw|superpascal's rating: 1943 &rarr; <strong>1949<\/strong><br \/>(+6 for winning)
|raw|majorsc2's rating: 1645 &rarr; <strong>1638<\/strong><br \/>(-7 for losing)
|leave|majorsc2
|player|p2