|join|superpascal
|join|RSMessiii
|player|p1|superpascal|161
|player|p2|RSMessiii|265
|gametype|singles
|gen|6
|tier|OU
|rated
|clearpoke
|poke|p1|Manaphy
|poke|p1|Garchomp, M
|poke|p1|Ferrothorn, M
|poke|p1|Rotom-Wash
|poke|p1|Gyarados, M
|poke|p1|Thundurus-Therian, M
|poke|p2|Gliscor, M
|poke|p2|Clefable, M
|poke|p2|Chansey, F
|poke|p2|Slowbro, F
|poke|p2|Skarmory, M
|poke|p2|Celebi
|rule|Swagger Clause: Swagger is banned
|rule|Baton Pass Clause: Limit one PokÃ©mon knowing Baton Pass
|rule|Sleep Clause Mod: Limit one foe put to sleep
|rule|Species Clause: Limit one of each PokÃ©mon
|rule|OHKO Clause: OHKO moves are banned
|rule|Moody Clause: Moody is banned
|rule|Evasion Moves Clause: Evasion moves are banned
|rule|Endless Battle Clause: Forcing endless battles is banned
|rule|HP Percentage Mod: HP is shown in percentages
|teampreview
|c|âsuperpascal|have fun
|
|start
|switch|p1a: Zip Zap|Thundurus-Therian, M|299\/299
|switch|p2a: Missandei|Chansey, F|703\/703
|turn|1
|
|switch|p1a: Toque|Ferrothorn, M|352\/352
|move|p2a: Missandei|Stealth Rock|p1a: Toque
|-sidestart|p1: superpascal|move: Stealth Rock
|
|turn|2
|c|âRSMessiii|ferrothorn doesnt fit into ur team ;D
|
|switch|p2a: Daario Nahaaris|Gliscor, M|353\/353
|move|p1a: Toque|Stealth Rock|p2a: Daario Nahaaris
|-sidestart|p2: RSMessiii|move: Stealth Rock
|
|-status|p2a: Daario Nahaaris|tox|[from] item: Toxic Orb
|turn|3
|c|âsuperpascal|why do you say that?
|c|âRSMessiii|because its not blue :D
|c|âsuperpascal|ah...true true
|
|switch|p1a: Zip Zap|Thundurus-Therian, M|299\/299
|-damage|p1a: Zip Zap|225\/299|[from] Stealth Rock
|move|p2a: Daario Nahaaris|Taunt|p1a: Zip Zap
|-start|p1a: Zip Zap|move: Taunt
|
|turn|4
|
|switch|p1a: Toque|Ferrothorn, M|352\/352
|-damage|p1a: Toque|330\/352|[from] Stealth Rock
|switch|p2a: Missandei|Chansey, F|703\/703
|-damage|p2a: Missandei|616\/703|[from] Stealth Rock
|
|-heal|p1a: Toque|352\/352|[from] item: Leftovers
|turn|5
|
|switch|p2a: Arianne Martell|Celebi|404\/404
|-damage|p2a: Arianne Martell|354\/404|[from] Stealth Rock
|move|p1a: Toque|Leech Seed|p2a: Arianne Martell
|-immune|p2a: Arianne Martell|[msg]
|
|-heal|p2a: Arianne Martell|379\/404|[from] item: Leftovers
|turn|6
|
|move|p2a: Arianne Martell|Giga Drain|p1a: Toque
|-resisted|p1a: Toque
|-damage|p1a: Toque|338\/352
|-heal|p2a: Arianne Martell|386\/404|[from] drain|[of] p1a: Toque
|move|p1a: Toque|Thunder Wave|p2a: Arianne Martell
|-status|p2a: Arianne Martell|par
|
|-heal|p1a: Toque|352\/352|[from] item: Leftovers
|-heal|p2a: Arianne Martell|404\/404 par|[from] item: Leftovers
|turn|7
|c|âsuperpascal|ouch :P
|c|âRSMessiii|giga drain almost ohkoed ferro
|c|âsuperpascal|way too op in this gen...
|
|switch|p1a: Zip Zap|Thundurus-Therian, M|225\/299
|-damage|p1a: Zip Zap|151\/299|[from] Stealth Rock
|cant|p2a: Arianne Martell|par
|
|turn|8
|
|move|p1a: Zip Zap|Nasty Plot|p1a: Zip Zap
|-boost|p1a: Zip Zap|spa|2
|move|p2a: Arianne Martell|Baton Pass|p2a: Arianne Martell
|
|switch|p2a: Missandei|Chansey, F|616\/703
|-damage|p2a: Missandei|529\/703|[from] Stealth Rock
|
|turn|9
|
|move|p1a: Zip Zap|Focus Blast|p2a: Missandei
|-supereffective|p2a: Missandei
|-damage|p2a: Missandei|155\/703
|move|p2a: Missandei|Toxic|p1a: Zip Zap
|-status|p1a: Zip Zap|tox
|-enditem|p1a: Zip Zap|Lum Berry|[eat]
|-curestatus|p1a: Zip Zap|tox
|
|turn|10
|c|âsuperpascal|is that a special wall? :P
|
|move|p1a: Zip Zap|Thunderbolt|p2a: Missandei
|-damage|p2a: Missandei|0 fnt
|faint|p2a: Missandei
|
|
|switch|p2a: Daenerys Targayren|Clefable, M|393\/393
|-damage|p2a: Daenerys Targayren|344\/393|[from] Stealth Rock
|turn|11
|
|move|p2a: Daenerys Targayren|Protect|p2a: Daenerys Targayren
|-singleturn|p2a: Daenerys Targayren|Protect
|move|p1a: Zip Zap|Thunderbolt|p2a: Daenerys Targayren
|-activate|p2a: Daenerys Targayren|Protect
|
|-heal|p2a: Daenerys Targayren|368\/393|[from] item: Leftovers
|turn|12
|c|âRSMessiii|nope, its just a pink blob
|
|move|p1a: Zip Zap|Thunderbolt|p2a: Daenerys Targayren
|-damage|p2a: Daenerys Targayren|185\/393
|move|p2a: Daenerys Targayren|Moonblast|p1a: Zip Zap
|-damage|p1a: Zip Zap|16\/299
|-unboost|p1a: Zip Zap|spa|1
|
|-heal|p2a: Daenerys Targayren|209\/393|[from] item: Leftovers
|turn|13
|
|move|p1a: Zip Zap|Thunderbolt|p2a: Daenerys Targayren
|-damage|p2a: Daenerys Targayren|13\/393
|-status|p2a: Daenerys Targayren|par
|move|p2a: Daenerys Targayren|Wish|p2a: Daenerys Targayren
|
|-heal|p2a: Daenerys Targayren|37\/393 par|[from] item: Leftovers
|turn|14
|
|move|p2a: Daenerys Targayren|Protect|p2a: Daenerys Targayren
|-singleturn|p2a: Daenerys Targayren|Protect
|move|p1a: Zip Zap|Thunderbolt|p2a: Daenerys Targayren
|-activate|p2a: Daenerys Targayren|Protect
|
|-heal|p2a: Daenerys Targayren|233\/393 par|[from] move: Wish|[wisher] Daenerys Targayren
|-heal|p2a: Daenerys Targayren|257\/393 par|[from] item: Leftovers
|turn|15
|
|move|p1a: Zip Zap|Thunderbolt|p2a: Daenerys Targayren
|-damage|p2a: Daenerys Targayren|68\/393 par
|move|p2a: Daenerys Targayren|Moonblast|p1a: Zip Zap
|-damage|p1a: Zip Zap|0 fnt
|faint|p1a: Zip Zap
|
|-heal|p2a: Daenerys Targayren|92\/393 par|[from] item: Leftovers
|
|switch|p1a: Garry Oak|Gyarados, M|341\/341
|-damage|p1a: Garry Oak|256\/341|[from] Stealth Rock
|-ability|p1a: Garry Oak|Intimidate|[of] p2a: Daenerys Targayren
|-unboost|p2a: Daenerys Targayren|atk|1
|turn|16
|
|move|p1a: Garry Oak|Dragon Dance|p1a: Garry Oak
|-boost|p1a: Garry Oak|atk|1
|-boost|p1a: Garry Oak|spe|1
|cant|p2a: Daenerys Targayren|par
|
|-heal|p2a: Daenerys Targayren|116\/393 par|[from] item: Leftovers
|turn|17
|
|detailschange|p1a: Garry Oak|Gyarados-Mega, M
|message|Gyarados has Mega Evolved into Mega Gyarados!
|-ability|p1a: Garry Oak|Mold Breaker
|move|p1a: Garry Oak|Waterfall|p2a: Daenerys Targayren
|-damage|p2a: Daenerys Targayren|0 fnt
|faint|p2a: Daenerys Targayren
|
|
|switch|p2a: Jorah Mormont|Skarmory, M|333\/333
|-damage|p2a: Jorah Mormont|292\/333|[from] Stealth Rock
|turn|18
|
|move|p1a: Garry Oak|Waterfall|p2a: Jorah Mormont
|-damage|p2a: Jorah Mormont|142\/333
|move|p2a: Jorah Mormont|Whirlwind|p1a: Garry Oak
|drag|p1a: Toque|Ferrothorn, M|352\/352
|-damage|p1a: Toque|330\/352|[from] Stealth Rock
|
|-heal|p1a: Toque|352\/352|[from] item: Leftovers
|turn|19
|
|switch|p1a: Laveuse|Rotom-Wash|304\/304
|-damage|p1a: Laveuse|266\/304|[from] Stealth Rock
|move|p2a: Jorah Mormont|Roost|p2a: Jorah Mormont
|-heal|p2a: Jorah Mormont|309\/333
|
|turn|20
|
|switch|p2a: Arianne Martell|Celebi|404\/404
|-damage|p2a: Arianne Martell|354\/404|[from] Stealth Rock
|move|p1a: Laveuse|Hydro Pump|p2a: Arianne Martell|[miss]
|-miss|p1a: Laveuse|p2a: Arianne Martell
|
|-heal|p2a: Arianne Martell|379\/404|[from] item: Leftovers
|turn|21
|
|switch|p1a: Toque|Ferrothorn, M|352\/352
|-damage|p1a: Toque|330\/352|[from] Stealth Rock
|move|p2a: Arianne Martell|Baton Pass|p2a: Arianne Martell
|
|switch|p2a: Jorah Mormont|Skarmory, M|309\/333
|-damage|p2a: Jorah Mormont|268\/333|[from] Stealth Rock
|
|-heal|p1a: Toque|352\/352|[from] item: Leftovers
|turn|22
|
|switch|p1a: Claire|Manaphy|400\/400
|-damage|p1a: Claire|350\/400|[from] Stealth Rock
|move|p2a: Jorah Mormont|Spikes|p1a: Claire
|-sidestart|p1: superpascal|Spikes
|
|-heal|p1a: Claire|375\/400|[from] item: Leftovers
|turn|23
|
|switch|p2a: Arianne Martell|Celebi|379\/404
|-damage|p2a: Arianne Martell|329\/404|[from] Stealth Rock
|move|p1a: Claire|Surf|p2a: Arianne Martell
|-resisted|p2a: Arianne Martell
|-damage|p2a: Arianne Martell|276\/404
|
|-heal|p2a: Arianne Martell|301\/404|[from] item: Leftovers
|-heal|p1a: Claire|400\/400|[from] item: Leftovers
|turn|24
|
|switch|p1a: Toque|Ferrothorn, M|352\/352
|-damage|p1a: Toque|330\/352|[from] Stealth Rock
|-damage|p1a: Toque|286\/352|[from] Spikes
|move|p2a: Arianne Martell|Giga Drain|p1a: Toque
|-resisted|p1a: Toque
|-damage|p1a: Toque|271\/352
|-heal|p2a: Arianne Martell|309\/404|[from] drain|[of] p1a: Toque
|
|-heal|p2a: Arianne Martell|334\/404|[from] item: Leftovers
|-heal|p1a: Toque|293\/352|[from] item: Leftovers
|turn|25
|
|move|p2a: Arianne Martell|Recover|p2a: Arianne Martell
|-heal|p2a: Arianne Martell|404\/404
|move|p1a: Toque|Leech Seed|p2a: Arianne Martell
|-immune|p2a: Arianne Martell|[msg]
|
|-heal|p1a: Toque|315\/352|[from] item: Leftovers
|turn|26
|
|switch|p2a: Jorah Mormont|Skarmory, M|268\/333
|-damage|p2a: Jorah Mormont|227\/333|[from] Stealth Rock
|move|p1a: Toque|Leech Seed|p2a: Jorah Mormont
|-start|p2a: Jorah Mormont|move: Leech Seed
|
|-heal|p1a: Toque|337\/352|[from] item: Leftovers
|-damage|p2a: Jorah Mormont|186\/333|[from] Leech Seed|[of] p1a: Toque
|-heal|p1a: Toque|352\/352|[silent]
|turn|27
|
|switch|p1a: Claire|Manaphy|400\/400
|-damage|p1a: Claire|350\/400|[from] Spikes
|-damage|p1a: Claire|300\/400|[from] Stealth Rock
|move|p2a: Jorah Mormont|Roost|p2a: Jorah Mormont
|-heal|p2a: Jorah Mormont|333\/333
|
|-heal|p1a: Claire|325\/400|[from] item: Leftovers
|-damage|p2a: Jorah Mormont|292\/333|[from] Leech Seed|[of] p1a: Claire
|-heal|p1a: Claire|366\/400|[silent]
|turn|28
|
|switch|p2a: Arianne Martell|Celebi|404\/404
|-damage|p2a: Arianne Martell|354\/404|[from] Stealth Rock
|move|p1a: Claire|Tail Glow|p1a: Claire
|-boost|p1a: Claire|spa|3
|
|-heal|p2a: Arianne Martell|379\/404|[from] item: Leftovers
|-heal|p1a: Claire|391\/400|[from] item: Leftovers
|turn|29
|
|move|p2a: Arianne Martell|Giga Drain|p1a: Claire
|-supereffective|p1a: Claire
|-damage|p1a: Claire|221\/400
|-heal|p2a: Arianne Martell|404\/404|[from] drain|[of] p1a: Claire
|move|p1a: Claire|Ice Beam|p2a: Arianne Martell
|-supereffective|p2a: Arianne Martell
|-damage|p2a: Arianne Martell|26\/404
|
|-heal|p2a: Arianne Martell|51\/404|[from] item: Leftovers
|-heal|p1a: Claire|246\/400|[from] item: Leftovers
|turn|30
|c|âsuperpascal|you lived :O
|
|move|p2a: Arianne Martell|Giga Drain|p1a: Claire
|-supereffective|p1a: Claire
|-damage|p1a: Claire|70\/400
|-heal|p2a: Arianne Martell|139\/404|[from] drain|[of] p1a: Claire
|move|p1a: Claire|Ice Beam|p2a: Arianne Martell
|-supereffective|p2a: Arianne Martell
|-damage|p2a: Arianne Martell|0 fnt
|faint|p2a: Arianne Martell
|
|-heal|p1a: Claire|95\/400|[from] item: Leftovers
|
|switch|p2a: Daario Nahaaris|Gliscor, M|353\/353 tox
|-damage|p2a: Daario Nahaaris|309\/353 tox|[from] Stealth Rock
|turn|31
|
|move|p2a: Daario Nahaaris|Earthquake|p1a: Claire
|-damage|p1a: Claire|0 fnt
|faint|p1a: Claire
|
|-heal|p2a: Daario Nahaaris|353\/353 tox|[from] ability: Poison Heal
|
|switch|p1a: Garry Oak|Gyarados-Mega, M|256\/341
|-damage|p1a: Garry Oak|214\/341|[from] Spikes
|-damage|p1a: Garry Oak|172\/341|[from] Stealth Rock
|-ability|p1a: Garry Oak|Mold Breaker
|turn|32
|
|switch|p2a: Jorah Mormont|Skarmory, M|292\/333
|-damage|p2a: Jorah Mormont|251\/333|[from] Stealth Rock
|move|p1a: Garry Oak|Waterfall|p2a: Jorah Mormont
|-damage|p2a: Jorah Mormont|146\/333
|
|turn|33
|
|move|p1a: Garry Oak|Waterfall|p2a: Jorah Mormont
|-damage|p2a: Jorah Mormont|38\/333
|cant|p2a: Jorah Mormont|flinch
|
|turn|34
|c|âRSMessiii|knew it
|c|âsuperpascal|I always hate to be on the other side of a waterfall
|
|move|p1a: Garry Oak|Crunch|p2a: Jorah Mormont
|-damage|p2a: Jorah Mormont|0 fnt
|faint|p2a: Jorah Mormont
|
|
|switch|p2a: Berristan Selmy|Slowbro, F|393\/393
|-damage|p2a: Berristan Selmy|344\/393|[from] Stealth Rock
|turn|35
|
|detailschange|p2a: Berristan Selmy|Slowbro-Mega, F
|message|Slowbro has Mega Evolved into Mega Slowbro!
|move|p1a: Garry Oak|Substitute|p1a: Garry Oak
|-start|p1a: Garry Oak|Substitute
|-damage|p1a: Garry Oak|87\/341
|move|p2a: Berristan Selmy|Scald|p1a: Garry Oak
|-resisted|p1a: Garry Oak
|-activate|p1a: Garry Oak|Substitute|[damage]
|
|turn|36
|
|move|p1a: Garry Oak|Crunch|p2a: Berristan Selmy
|-crit|p2a: Berristan Selmy
|-supereffective|p2a: Berristan Selmy
|-damage|p2a: Berristan Selmy|96\/393
|move|p2a: Berristan Selmy|Scald|p1a: Garry Oak
|-resisted|p1a: Garry Oak
|-end|p1a: Garry Oak|Substitute
|
|turn|37
|c|âRSMessiii|lol
|
|move|p1a: Garry Oak|Crunch|p2a: Berristan Selmy
|-supereffective|p2a: Berristan Selmy
|-damage|p2a: Berristan Selmy|0 fnt
|faint|p2a: Berristan Selmy
|
|
|switch|p2a: Daario Nahaaris|Gliscor, M|353\/353 tox
|-damage|p2a: Daario Nahaaris|309\/353 tox|[from] Stealth Rock
|turn|38
|c|âsuperpascal|gotta love mega gyarados, criting even mega slowbro
|
|move|p1a: Garry Oak|Waterfall|p2a: Daario Nahaaris
|-supereffective|p2a: Daario Nahaaris
|-damage|p2a: Daario Nahaaris|9\/353 tox
|move|p2a: Daario Nahaaris|Earthquake|p1a: Garry Oak
|-crit|p1a: Garry Oak
|-damage|p1a: Garry Oak|0 fnt
|faint|p1a: Garry Oak
|
|-heal|p2a: Daario Nahaaris|53\/353 tox|[from] ability: Poison Heal
|
|switch|p1a: Chompitychomp|Garchomp, M|409\/409
|-damage|p1a: Chompitychomp|358\/409|[from] Spikes
|-damage|p1a: Chompitychomp|333\/409|[from] Stealth Rock
|turn|39
|
|move|p1a: Chompitychomp|Outrage|p2a: Daario Nahaaris
|-damage|p2a: Daario Nahaaris|0 fnt
|faint|p2a: Daario Nahaaris
|
|win|superpascal
|raw|Ladder updating...
|raw|superpascal's rating: 1725 &rarr; <strong>1750<\/strong><br \/>(+25 for winning)
|raw|RSMessiii's rating: 1822 &rarr; <strong>1797<\/strong><br \/>(-25 for losing)
|c|âsuperpascal|sorry for the hax
|c|âRSMessiii|np