|join|superpascal
|join|radianthero156
|player|p1|superpascal|162
|player|p2|radianthero156|80
|gametype|singles
|gen|6
|tier|OU
|rated
|clearpoke
|poke|p1|Manaphy
|poke|p1|Mawile, F
|poke|p1|Garchomp, M
|poke|p1|Togekiss, F
|poke|p1|Deoxys-Speed
|poke|p1|Aegislash, M
|poke|p2|Heracross, M, shiny
|poke|p2|Raikou, shiny
|poke|p2|Scolipede, F, shiny
|poke|p2|Donphan, M, shiny
|poke|p2|Crawdaunt, F
|poke|p2|Jirachi, shiny
|rule|Sleep Clause Mod: Limit one foe put to sleep
|rule|Species Clause: Limit one of each Pokemon
|rule|OHKO Clause: OHKO moves are banned
|rule|Moody Clause: Moody is banned
|rule|Evasion Moves Clause: Evasion moves are banned
|rule|Endless Battle Clause: Forcing endless battles is banned.
|rule|HP Percentage Mod: HP is reported as percentages
|teampreview
|
|start
|switch|p1a: Bisou|Togekiss, F|373\/373
|switch|p2a: Scolipede|Scolipede, F, shiny|261\/261
|turn|1
|
|move|p2a: Scolipede|Toxic Spikes|p1a: Bisou
|-sidestart|p1: superpascal|move: Toxic Spikes
|move|p1a: Bisou|Air Slash|p2a: Scolipede
|-supereffective|p2a: Scolipede
|-enditem|p2a: Scolipede|Focus Sash
|-damage|p2a: Scolipede|1\/261
|
|-boost|p2a: Scolipede|spe|1|[from] ability: Speed Boost
|turn|2
|
|move|p2a: Scolipede|Spikes|p1a: Bisou
|-sidestart|p1: superpascal|Spikes
|move|p1a: Bisou|Air Slash|p2a: Scolipede
|-supereffective|p2a: Scolipede
|-damage|p2a: Scolipede|0 fnt
|faint|p2a: Scolipede
|
|
|switch|p2a: Raikou|Raikou, shiny|321\/321
|-ability|p2a: Raikou|Pressure
|turn|3
|
|switch|p1a: Chompitychomp|Garchomp, M|419\/419
|-status|p1a: Chompitychomp|psn
|-damage|p1a: Chompitychomp|367\/419 psn|[from] Spikes
|move|p2a: Raikou|Thunderbolt|p1a: Chompitychomp
|-immune|p1a: Chompitychomp|[msg]
|
|-damage|p1a: Chompitychomp|315\/419 psn|[from] psn
|turn|4
|
|move|p1a: Chompitychomp|Earthquake|p2a: Raikou
|-supereffective|p2a: Raikou
|-damage|p2a: Raikou|0 fnt
|faint|p2a: Raikou
|
|-damage|p1a: Chompitychomp|263\/419 psn|[from] psn
|chat|radianthero156|oh im dumb
|
|switch|p2a: Heracross|Heracross, M, shiny|310\/310
|turn|5
|
|switch|p1a: Dentifrice|Mawile, F|303\/303
|-damage|p1a: Dentifrice|266\/303|[from] Spikes
|-ability|p1a: Dentifrice|Intimidate|[of] p2a: Heracross
|-unboost|p2a: Heracross|atk|1
|-formechange|p2a: Heracross|Heracross-Mega
|message|Heracross has Mega Evolved into Mega Heracross!
|move|p2a: Heracross|Rock Blast|p1a: Dentifrice
|-resisted|p1a: Dentifrice
|-damage|p1a: Dentifrice|250\/303
|-resisted|p1a: Dentifrice
|-damage|p1a: Dentifrice|234\/303
|-resisted|p1a: Dentifrice
|-damage|p1a: Dentifrice|218\/303
|-resisted|p1a: Dentifrice
|-damage|p1a: Dentifrice|202\/303
|-resisted|p1a: Dentifrice
|-damage|p1a: Dentifrice|186\/303
|-hitcount|p1a: Dentifrice|5
|
|turn|6
|
|-formechange|p1a: Dentifrice|Mawile-Mega
|message|Mawile has Mega Evolved into Mega Mawile!
|move|p2a: Heracross|Earthquake|p1a: Dentifrice
|-supereffective|p1a: Dentifrice
|-damage|p1a: Dentifrice|0 fnt
|faint|p1a: Dentifrice
|
|
|switch|p1a: Bisou|Togekiss, F|373\/373
|turn|7
|
|move|p2a: Heracross|Rock Blast|p1a: Bisou
|-supereffective|p1a: Bisou
|-damage|p1a: Bisou|309\/373
|-supereffective|p1a: Bisou
|-damage|p1a: Bisou|251\/373
|-supereffective|p1a: Bisou
|-damage|p1a: Bisou|185\/373
|-supereffective|p1a: Bisou
|-damage|p1a: Bisou|121\/373
|-supereffective|p1a: Bisou
|-damage|p1a: Bisou|63\/373
|-hitcount|p1a: Bisou|5
|move|p1a: Bisou|Dazzling Gleam|p2a: Heracross
|-supereffective|p2a: Heracross
|-damage|p2a: Heracross|0 fnt
|faint|p2a: Heracross
|
|
|switch|p2a: Jirachi|Jirachi, shiny|341\/341
|turn|8
|
|move|p2a: Jirachi|Stealth Rock|p1a: Bisou
|-sidestart|p1: superpascal|move: Stealth Rock
|move|p1a: Bisou|Dazzling Gleam|p2a: Jirachi
|-resisted|p2a: Jirachi
|-damage|p2a: Jirachi|209\/341
|
|turn|9
|
|move|p2a: Jirachi|Iron Head|p1a: Bisou
|-crit|p1a: Bisou
|-supereffective|p1a: Bisou
|-damage|p1a: Bisou|0 fnt
|faint|p1a: Bisou
|
|
|switch|p1a: S&S|Aegislash, M|323\/323
|-damage|p1a: S&S|283\/323|[from] Spikes
|-damage|p1a: S&S|263\/323|[from] Stealth Rock
|turn|10
|
|switch|p2a: Donphan|Donphan, M, shiny|383\/383
|-formechange|p1a: S&S|Aegislash-Blade
|move|p1a: S&S|Sacred Sword|p2a: Donphan
|-damage|p2a: Donphan|265\/383
|
|turn|11
|
|switch|p1a: 3fast5me|Deoxys-Speed|304\/304
|-status|p1a: 3fast5me|psn
|-damage|p1a: 3fast5me|266\/304 psn|[from] Spikes
|-damage|p1a: 3fast5me|228\/304 psn|[from] Stealth Rock
|-ability|p1a: 3fast5me|Pressure
|-enditem|p1a: 3fast5me|Lum Berry|[eat]
|-curestatus|p1a: 3fast5me|psn
|move|p2a: Donphan|Earthquake|p1a: 3fast5me
|-damage|p1a: 3fast5me|72\/304
|
|turn|12
|
|switch|p2a: Crawdaunt|Crawdaunt, F|267\/267
|move|p1a: 3fast5me|Spikes|p2a: Crawdaunt
|-sidestart|p2: radianthero156|Spikes
|
|turn|13
|
|move|p2a: Crawdaunt|Aqua Jet|p1a: 3fast5me
|-damage|p1a: 3fast5me|0 fnt
|-damage|p2a: Crawdaunt|241\/267|[from] item: Life Orb
|faint|p1a: 3fast5me
|
|
|switch|p1a: Marine|Manaphy|401\/401
|-damage|p1a: Marine|351\/401|[from] Spikes
|-status|p1a: Marine|psn
|-damage|p1a: Marine|301\/401 psn|[from] Stealth Rock
|turn|14
|
|move|p2a: Crawdaunt|Aqua Jet|p1a: Marine
|-resisted|p1a: Marine
|-damage|p1a: Marine|239\/401 psn
|-damage|p2a: Crawdaunt|215\/267|[from] item: Life Orb
|move|p1a: Marine|Energy Ball|p2a: Crawdaunt
|-supereffective|p2a: Crawdaunt
|-damage|p2a: Crawdaunt|0 fnt
|faint|p2a: Crawdaunt
|
|-heal|p1a: Marine|264\/401 psn|[from] item: Leftovers
|-damage|p1a: Marine|214\/401 psn|[from] psn
|
|switch|p2a: Jirachi|Jirachi, shiny|209\/341
|-damage|p2a: Jirachi|167\/341|[from] Spikes
|turn|15
|
|move|p2a: Jirachi|Energy Ball|p1a: Marine
|-supereffective|p1a: Marine
|-damage|p1a: Marine|0 fnt
|faint|p1a: Marine
|
|
|switch|p1a: S&S|Aegislash, M|263\/323
|-damage|p1a: S&S|243\/323|[from] Stealth Rock
|-damage|p1a: S&S|203\/323|[from] Spikes
|turn|16
|
|move|p2a: Jirachi|Icy Wind|p1a: S&S
|-resisted|p1a: S&S
|-damage|p1a: S&S|183\/323
|-unboost|p1a: S&S|spe|1
|move|p1a: S&S|Swords Dance|p1a: S&S
|-boost|p1a: S&S|atk|2
|
|turn|17
|
|-formechange|p1a: S&S|Aegislash-Blade
|move|p1a: S&S|Shadow Sneak|p2a: Jirachi
|-supereffective|p2a: Jirachi
|-damage|p2a: Jirachi|0 fnt
|faint|p2a: Jirachi
|
|
|switch|p2a: Donphan|Donphan, M, shiny|265\/383
|-damage|p2a: Donphan|218\/383|[from] Spikes
|turn|18
|
|move|p2a: Donphan|Earthquake|p1a: S&S
|-supereffective|p1a: S&S
|-damage|p1a: S&S|0 fnt
|faint|p1a: S&S
|
|chat|superpascal|damn I though I was faster
|chat|superpascal|gg
|
|switch|p1a: Chompitychomp|Garchomp, M|263\/419 psn
|-damage|p1a: Chompitychomp|211\/419 psn|[from] Spikes
|-damage|p1a: Chompitychomp|185\/419 psn|[from] Stealth Rock
|turn|19
|chat|radianthero156|gg
|
|move|p2a: Donphan|Ice Shard|p1a: Chompitychomp
|-supereffective|p1a: Chompitychomp
|-damage|p1a: Chompitychomp|0 fnt
|faint|p1a: Chompitychomp
|
|win|radianthero156
|raw|Ladder updating...
|raw|superpascal's rating: 1891 &rarr; <strong>1866<\/strong><br \/>(-25 for losing)
|raw|radianthero156's rating: 1792 &rarr; <strong>1818<\/strong><br \/>(+26 for winning)