|join|superpascal
|join|Dallaren
|player|p1|superpascal|162
|player|p2|Dallaren|205
|gametype|singles
|gen|6
|tier|OU
|rated
|clearpoke
|poke|p1|Manaphy
|poke|p1|Mawile, F
|poke|p1|Garchomp, M
|poke|p1|Togekiss, F
|poke|p1|Deoxys-Speed
|poke|p1|Aegislash, M
|poke|p2|Garchomp, M
|poke|p2|Bisharp, M
|poke|p2|Breloom, M
|poke|p2|Charizard, F
|poke|p2|Azumarill, M
|poke|p2|Latias, F
|rule|Sleep Clause Mod: Limit one foe put to sleep
|rule|Species Clause: Limit one of each Pokemon
|rule|OHKO Clause: OHKO moves are banned
|rule|Moody Clause: Moody is banned
|rule|Evasion Moves Clause: Evasion moves are banned
|rule|Endless Battle Clause: Forcing endless battles is banned.
|rule|HP Percentage Mod: HP is reported as percentages
|teampreview
|
|start
|switch|p1a: 3fast5me|Deoxys-Speed|304\/304
|switch|p2a: Garchomp|Garchomp, M|357\/357
|-ability|p1a: 3fast5me|Pressure
|turn|1
|chat|superpascal|have fun
|
|move|p1a: 3fast5me|Stealth Rock|p2a: Garchomp
|-sidestart|p2: Dallaren|move: Stealth Rock
|move|p2a: Garchomp|Earthquake|p1a: 3fast5me
|-crit|p1a: 3fast5me
|-damage|p1a: 3fast5me|88\/304
|
|turn|2
|join|ygniG
|
|switch|p1a: Bisou|Togekiss, F|373\/373
|move|p2a: Garchomp|Stealth Rock|p1a: Bisou
|-sidestart|p1: superpascal|move: Stealth Rock
|
|turn|3
|
|switch|p2a: Bisharp|Bisharp, M|271\/271
|-damage|p2a: Bisharp|255\/271|[from] Stealth Rock
|move|p1a: Bisou|Dazzling Gleam|p2a: Bisharp
|-damage|p2a: Bisharp|0 fnt
|faint|p2a: Bisharp
|
|chat|Dallaren|what is that dmg
|chat|superpascal|bisharp has below average special def ;)
|chat|Dallaren|pls
|chat|Dallaren|ik its an offensive variant
|
|switch|p2a: Charizard|Charizard, F|359\/359
|-damage|p2a: Charizard|180\/359|[from] Stealth Rock
|turn|4
|chat|superpascal|well, yeah, obviously :P
|join|Cienight
|
|switch|p1a: Chompitychomp|Garchomp, M|419\/419
|-damage|p1a: Chompitychomp|393\/419|[from] Stealth Rock
|move|p2a: Charizard|Roost|p2a: Charizard
|-heal|p2a: Charizard|359\/359
|
|turn|5
|
|switch|p2a: Azumarill|Azumarill, M|364\/364
|-damage|p2a: Azumarill|319\/364|[from] Stealth Rock
|move|p1a: Chompitychomp|Stone Edge|p2a: Azumarill
|-damage|p2a: Azumarill|153\/364
|-enditem|p2a: Azumarill|Sitrus Berry|[eat]
|-heal|p2a: Azumarill|244\/364|[from] item: Sitrus Berry
|
|turn|6
|
|switch|p1a: S&S|Aegislash, M|323\/323
|-damage|p1a: S&S|303\/323|[from] Stealth Rock
|move|p2a: Azumarill|Play Rough|p1a: S&S
|-resisted|p1a: S&S
|-damage|p1a: S&S|232\/323
|
|turn|7
|
|move|p2a: Azumarill|Waterfall|p1a: S&S
|-damage|p1a: S&S|100\/323
|move|p1a: S&S|Swords Dance|p1a: S&S
|-boost|p1a: S&S|atk|2
|
|turn|8
|
|move|p1a: S&S|King's Shield|p1a: S&S
|-singleturn|p1a: S&S|Protect
|move|p2a: Azumarill|Belly Drum|p2a: Azumarill
|-damage|p2a: Azumarill|62\/364
|-setboost|p2a: Azumarill|atk|6|[from] move: Belly Drum
|
|turn|9
|
|move|p1a: S&S|King's Shield|p1a: S&S
|-fail|p1a: S&S
|move|p2a: Azumarill|Aqua Jet|p1a: S&S
|-damage|p1a: S&S|0 fnt
|faint|p1a: S&S
|
|
|switch|p1a: Marine|Manaphy|401\/401
|-damage|p1a: Marine|351\/401|[from] Stealth Rock
|turn|10
|
|switch|p2a: Garchomp|Garchomp, M|357\/357
|-damage|p2a: Garchomp|335\/357|[from] Stealth Rock
|move|p1a: Marine|Surf|p2a: Garchomp
|-damage|p2a: Garchomp|158\/357
|
|-heal|p1a: Marine|376\/401|[from] item: Leftovers
|turn|11
|
|switch|p1a: Bisou|Togekiss, F|373\/373
|-damage|p1a: Bisou|280\/373|[from] Stealth Rock
|move|p2a: Garchomp|Outrage|p1a: Bisou
|-immune|p1a: Bisou|[msg]
|
|turn|12
|
|move|p2a: Garchomp|Outrage|p1a: Bisou
|-immune|p1a: Bisou|[msg]
|move|p1a: Bisou|Dazzling Gleam|p2a: Garchomp
|-supereffective|p2a: Garchomp
|-damage|p2a: Garchomp|0 fnt
|faint|p2a: Garchomp
|
|join|medellin
|
|switch|p2a: Charizard|Charizard, F|359\/359
|-damage|p2a: Charizard|180\/359|[from] Stealth Rock
|turn|13
|
|detailschange|p2a: Charizard|Charizard-Mega-X, F
|message|Charizard has Mega Evolved into Mega Charizard!
|move|p2a: Charizard|Flare Blitz|p1a: Bisou
|-damage|p1a: Bisou|4\/373
|-damage|p2a: Charizard|89\/359|[from] recoil|[of] p1a: Bisou
|move|p1a: Bisou|Dazzling Gleam|p2a: Charizard
|-damage|p2a: Charizard|0 fnt
|faint|p2a: Charizard
|
|
|switch|p2a: Breloom|Breloom, M|262\/262
|-damage|p2a: Breloom|246\/262|[from] Stealth Rock
|turn|14
|
|move|p2a: Breloom|Mach Punch|p1a: Bisou
|-resisted|p1a: Bisou
|-damage|p1a: Bisou|0 fnt
|faint|p1a: Bisou
|
|
|switch|p1a: 3fast5me|Deoxys-Speed|88\/304
|-damage|p1a: 3fast5me|50\/304|[from] Stealth Rock
|-ability|p1a: 3fast5me|Pressure
|turn|15
|
|move|p2a: Breloom|Mach Punch|p1a: 3fast5me
|-resisted|p1a: 3fast5me
|-damage|p1a: 3fast5me|6\/304
|move|p1a: 3fast5me|Psycho Boost|p2a: Breloom|[miss]
|-miss|p1a: 3fast5me|p2a: Breloom
|
|turn|16
|
|move|p2a: Breloom|Mach Punch|p1a: 3fast5me
|-resisted|p1a: 3fast5me
|-damage|p1a: 3fast5me|0 fnt
|faint|p1a: 3fast5me
|
|
|switch|p1a: Dentifrice|Mawile, F|303\/303
|-damage|p1a: Dentifrice|285\/303|[from] Stealth Rock
|-ability|p1a: Dentifrice|Intimidate|[of] p2a: Breloom
|-unboost|p2a: Breloom|atk|1
|turn|17
|
|detailschange|p1a: Dentifrice|Mawile-Mega, F
|message|Mawile has Mega Evolved into Mega Mawile!
|move|p2a: Breloom|Spore|p1a: Dentifrice
|-status|p1a: Dentifrice|slp
|cant|p1a: Dentifrice|slp
|
|turn|18
|
|switch|p2a: Latias|Latias, F|301\/301
|-damage|p2a: Latias|264\/301|[from] Stealth Rock
|cant|p1a: Dentifrice|slp
|
|turn|19
|
|move|p2a: Latias|Defog|p1a: Dentifrice
|-unboost|p1a: Dentifrice|evasion|1
|-sideend|p1: superpascal|Stealth Rock|[from] move: Defog|[of] p1a: Dentifrice
|-sideend|p2: Dallaren|Stealth Rock|[from] move: Defog|[of] p2a: Latias
|-curestatus|p1a: Dentifrice|slp
|move|p1a: Dentifrice|Play Rough|p2a: Latias
|-supereffective|p2a: Latias
|-damage|p2a: Latias|0 fnt
|faint|p2a: Latias
|
|
|switch|p2a: Breloom|Breloom, M|246\/262
|turn|20
|
|move|p2a: Breloom|Spore|p1a: Dentifrice
|-status|p1a: Dentifrice|slp
|cant|p1a: Dentifrice|slp
|
|turn|21
|
|move|p2a: Breloom|Mach Punch|p1a: Dentifrice
|-damage|p1a: Dentifrice|191\/303 slp
|-curestatus|p1a: Dentifrice|slp
|move|p1a: Dentifrice|Iron Head|p2a: Breloom
|-damage|p2a: Breloom|0 fnt
|faint|p2a: Breloom
|
|chat|ygniG|wow
|chat|ygniG|wow
|
|switch|p2a: Azumarill|Azumarill, M|62\/364
|turn|22
|chat|ygniG|wow
|chat|ygniG|wow
|
|move|p2a: Azumarill|Waterfall|p1a: Dentifrice
|-damage|p1a: Dentifrice|41\/303
|move|p1a: Dentifrice|Iron Head|p2a: Azumarill
|-damage|p2a: Azumarill|0 fnt
|faint|p2a: Azumarill
|
|win|superpascal
|raw|Ladder updating...
|raw|superpascal's rating: 1767 &rarr; <strong>1779<\/strong><br \/>(+12 for winning)
|raw|Dallaren's rating: 1608 &rarr; <strong>1596<\/strong><br \/>(-12 for losing)
|chat|superpascal|gg
|leave|Dallaren
|player|p2
|leave|ygniG
|leave|superpascal
|player|p1
|leave|medellin
|join|medellin
|leave|medellin
|join|zoobs