|join|superpascal
|join|Hentai Actress
|player|p1|superpascal|2
|player|p2|Hentai Actress|44
|gametype|singles
|gen|6
|tier|OU
|rated
|clearpoke
|poke|p1|Manaphy
|poke|p1|Garchomp, F
|poke|p1|Scizor, F
|poke|p1|Heatran, M
|poke|p1|Togekiss, F
|poke|p1|Landorus, M
|poke|p2|Azelf
|poke|p2|Mew
|poke|p2|Cloyster, F
|poke|p2|Medicham, F
|poke|p2|Latios, M
|poke|p2|Volcarona, F
|rule|Swagger Clause: Swagger is banned
|rule|Baton Pass Clause: Limit one PokÃ©mon knowing Baton Pass
|rule|Sleep Clause Mod: Limit one foe put to sleep
|rule|Species Clause: Limit one of each PokÃ©mon
|rule|OHKO Clause: OHKO moves are banned
|rule|Moody Clause: Moody is banned
|rule|Evasion Moves Clause: Evasion moves are banned
|rule|Endless Battle Clause: Forcing endless battles is banned
|rule|HP Percentage Mod: HP is shown in percentages
|teampreview
|c|âsuperpascal|have fun :)
|
|start
|switch|p1a: Hector|Heatran, M|386\/386
|switch|p2a: Medicham|Medicham, F|324\/324
|-item|p1a: Hector|Air Balloon
|turn|1
|
|switch|p1a: Larru|Landorus, M|320\/320
|detailschange|p2a: Medicham|Medicham-Mega, F
|message|Medicham has Mega Evolved into Mega Medicham!
|move|p2a: Medicham|High Jump Kick|p1a: Larru
|-resisted|p1a: Larru
|-damage|p1a: Larru|74\/320
|
|turn|2
|
|switch|p2a: Azelf|Azelf|291\/291
|move|p1a: Larru|Earth Power|p2a: Azelf
|-immune|p2a: Azelf|[msg]
|
|turn|3
|
|switch|p1a: Hector|Heatran, M|386\/386
|-item|p1a: Hector|Air Balloon
|move|p2a: Azelf|Shadow Ball|p1a: Hector
|-damage|p1a: Hector|282\/386
|-enditem|p1a: Hector|Air Balloon
|-damage|p2a: Azelf|262\/291|[from] item: Life Orb
|
|turn|4
|
|switch|p2a: Medicham|Medicham-Mega, F|324\/324
|move|p1a: Hector|Stealth Rock|p2a: Medicham
|-sidestart|p2: Hentai Actress|move: Stealth Rock
|
|turn|5
|
|switch|p1a: Larru|Landorus, M|74\/320
|move|p2a: Medicham|High Jump Kick|p1a: Larru
|-resisted|p1a: Larru
|-damage|p1a: Larru|0 fnt
|faint|p1a: Larru
|
|
|switch|p1a: Insecticide|Scizor, F|344\/344
|turn|6
|
|detailschange|p1a: Insecticide|Scizor-Mega, F
|message|Scizor has Mega Evolved into Mega Scizor!
|move|p2a: Medicham|Fire Punch|p1a: Insecticide
|-supereffective|p1a: Insecticide
|-damage|p1a: Insecticide|0 fnt
|faint|p1a: Insecticide
|
|c|âsuperpascal|fire punch is a thing now?
|
|switch|p1a: Bisou|Togekiss, F|373\/373
|turn|7
|
|move|p2a: Medicham|Thunder Punch|p1a: Bisou
|-supereffective|p1a: Bisou
|-damage|p1a: Bisou|21\/373
|move|p1a: Bisou|Dazzling Gleam|p2a: Medicham
|-supereffective|p2a: Medicham
|-damage|p2a: Medicham|0 fnt
|faint|p2a: Medicham
|
|
|switch|p2a: Azelf|Azelf|262\/291
|-damage|p2a: Azelf|226\/291|[from] Stealth Rock
|turn|8
|
|move|p2a: Azelf|Psyshock|p1a: Bisou
|-damage|p1a: Bisou|0 fnt
|-damage|p2a: Azelf|197\/291|[from] item: Life Orb
|faint|p1a: Bisou
|
|
|switch|p1a: Hector|Heatran, M|282\/386
|turn|9
|
|move|p2a: Azelf|Shadow Ball|p1a: Hector
|-damage|p1a: Hector|179\/386
|-damage|p2a: Azelf|168\/291|[from] item: Life Orb
|move|p1a: Hector|Roar|p2a: Azelf
|drag|p2a: Cloyster|Cloyster, F|242\/242
|-damage|p2a: Cloyster|182\/242|[from] Stealth Rock
|
|turn|10
|
|move|p2a: Cloyster|Razor Shell|p1a: Hector
|-supereffective|p1a: Hector
|-damage|p1a: Hector|0 fnt
|faint|p1a: Hector
|
|
|switch|p1a: Claire|Manaphy|400\/400
|turn|11
|
|move|p1a: Claire|Tail Glow|p1a: Claire
|-boost|p1a: Claire|spa|3
|move|p2a: Cloyster|Razor Shell|p1a: Claire
|-resisted|p1a: Claire
|-damage|p1a: Claire|342\/400
|
|-heal|p1a: Claire|367\/400|[from] item: Leftovers
|turn|12
|
|move|p1a: Claire|Energy Ball|p2a: Cloyster
|-crit|p2a: Cloyster
|-supereffective|p2a: Cloyster
|-damage|p2a: Cloyster|0 fnt
|faint|p2a: Cloyster
|
|-heal|p1a: Claire|392\/400|[from] item: Leftovers
|
|switch|p2a: Azelf|Azelf|168\/291
|-damage|p2a: Azelf|132\/291|[from] Stealth Rock
|turn|13
|
|move|p2a: Azelf|Energy Ball|p1a: Claire
|-supereffective|p1a: Claire
|-damage|p1a: Claire|135\/400
|-damage|p2a: Azelf|103\/291|[from] item: Life Orb
|move|p1a: Claire|Surf|p2a: Azelf
|-damage|p2a: Azelf|0 fnt
|faint|p2a: Azelf
|
|-heal|p1a: Claire|160\/400|[from] item: Leftovers
|
|switch|p2a: Latios|Latios, M|310\/310
|-damage|p2a: Latios|272\/310|[from] Stealth Rock
|turn|14
|
|move|p2a: Latios|Draco Meteor|p1a: Claire
|-damage|p1a: Claire|0 fnt
|-unboost|p2a: Latios|spa|2
|faint|p1a: Claire
|
|
|switch|p1a: Chompitychomp|Garchomp, F|420\/420
|turn|15
|
|move|p2a: Latios|Draco Meteor|p1a: Chompitychomp
|-supereffective|p1a: Chompitychomp
|-damage|p1a: Chompitychomp|172\/420
|-unboost|p2a: Latios|spa|2
|move|p1a: Chompitychomp|Outrage|p2a: Latios
|-supereffective|p2a: Latios
|-damage|p2a: Latios|0 fnt
|faint|p2a: Latios
|
|
|switch|p2a: Mew|Mew|378\/378
|-damage|p2a: Mew|331\/378|[from] Stealth Rock
|turn|16
|
|move|p1a: Chompitychomp|Outrage|p2a: Mew
|-damage|p2a: Mew|100\/378
|move|p2a: Mew|Defog|p1a: Chompitychomp
|-unboost|p1a: Chompitychomp|evasion|1
|-sideend|p2: Hentai Actress|Stealth Rock|[from] move: Defog|[of] p2a: Mew
|
|-end|p1a: Chompitychomp|rampage
|-start|p1a: Chompitychomp|confusion
|turn|17
|
|-activate|p1a: Chompitychomp|confusion
|move|p1a: Chompitychomp|Outrage|p2a: Mew
|-damage|p2a: Mew|0 fnt
|faint|p2a: Mew
|
|
|switch|p2a: Volcarona|Volcarona, F|311\/311
|turn|18
|
|-activate|p1a: Chompitychomp|confusion
|-damage|p1a: Chompitychomp|119\/420|[from] confusion
|move|p2a: Volcarona|Bug Buzz|p1a: Chompitychomp
|-damage|p1a: Chompitychomp|0 fnt
|faint|p1a: Chompitychomp
|
|win|Hentai Actress
|raw|Ladder updating...
|raw|superpascal's rating: 1791 &rarr; <strong>1770<\/strong><br \/>(-21 for losing)
|raw|Hentai Actress's rating: 1771 &rarr; <strong>1792<\/strong><br \/>(+21 for winning)
|c|âsuperpascal|gg