|join|Pashkuale
|join|Jack41
|player|p1|Pashkuale|214
|player|p2|Jack41|17
|gametype|singles
|gen|6
|tier|OU
|rated
|clearpoke
|poke|p1|Scizor, F
|poke|p1|Greninja, M
|poke|p1|Landorus-Therian, M
|poke|p1|Rotom-Wash
|poke|p1|Excadrill, M
|poke|p1|Gothitelle, M
|poke|p2|Tyranitar, M
|poke|p2|Excadrill, F
|poke|p2|Keldeo
|poke|p2|Thundurus, M
|poke|p2|Dragonite, F
|poke|p2|Charizard, M
|rule|Swagger Clause: Swagger is banned
|rule|Baton Pass Clause: Limit one PokÃ©mon knowing Baton Pass
|rule|Sleep Clause Mod: Limit one foe put to sleep
|rule|Species Clause: Limit one of each PokÃ©mon
|rule|OHKO Clause: OHKO moves are banned
|rule|Moody Clause: Moody is banned
|rule|Evasion Moves Clause: Evasion moves are banned
|rule|Endless Battle Clause: Forcing endless battles is banned
|rule|HP Percentage Mod: HP is shown in percentages
|teampreview
|
|start
|switch|p1a: Rotom-Wash|Rotom-Wash|304\/304
|switch|p2a: Charizard|Charizard, M|297\/297
|turn|1
|
|detailschange|p2a: Charizard|Charizard-Mega-Y, M
|-mega|p2a: Charizard|Charizard|Charizardite Y
|-weather|SunnyDay
|move|p2a: Charizard|Solar Beam|p1a: Rotom-Wash|[still]
|-prepare|p2a: Charizard|Solar Beam|p1a: Rotom-Wash
|-anim|p2a: Charizard|Solar Beam|p1a: Rotom-Wash
|-supereffective|p1a: Rotom-Wash
|-damage|p1a: Rotom-Wash|54\/304
|move|p1a: Rotom-Wash|Hydro Pump|p2a: Charizard
|-supereffective|p2a: Charizard
|-damage|p2a: Charizard|165\/297
|
|-weather|SunnyDay|[upkeep]
|-heal|p1a: Rotom-Wash|73\/304|[from] item: Leftovers
|turn|2
|
|move|p2a: Charizard|Fire Blast|p1a: Rotom-Wash
|-resisted|p1a: Rotom-Wash
|-damage|p1a: Rotom-Wash|0 fnt
|faint|p1a: Rotom-Wash
|
|-weather|SunnyDay|[upkeep]
|
|switch|p1a: Greninja|Greninja, M|285\/285
|turn|3
|
|switch|p2a: Keldeo|Keldeo|323\/323
|move|p1a: Greninja|Gunk Shot|p2a: Keldeo|[miss]
|-start|p1a: Greninja|typechange|Poison|[from] Protean
|-miss|p1a: Greninja|p2a: Keldeo
|
|-weather|SunnyDay|[upkeep]
|turn|4
|
|switch|p1a: Gothitelle|Gothitelle, M|301\/301
|move|p2a: Keldeo|Hydro Pump|p1a: Gothitelle
|-damage|p1a: Gothitelle|225\/301
|
|-weather|SunnyDay|[upkeep]
|turn|5
|
|move|p2a: Keldeo|Hydro Pump|p1a: Gothitelle
|-damage|p1a: Gothitelle|155\/301
|move|p1a: Gothitelle|Psychic|p2a: Keldeo
|-supereffective|p2a: Keldeo
|-damage|p2a: Keldeo|111\/323
|
|-weather|none
|turn|6
|
|move|p2a: Keldeo|Hydro Pump|p1a: Gothitelle
|-damage|p1a: Gothitelle|1\/301
|move|p1a: Gothitelle|Psychic|p2a: Keldeo
|-supereffective|p2a: Keldeo
|-damage|p2a: Keldeo|0 fnt
|faint|p2a: Keldeo
|
|
|switch|p2a: Charizard|Charizard-Mega-Y, M|165\/297
|-weather|SunnyDay
|turn|7
|
|move|p1a: Gothitelle|Psychic|p2a: Charizard
|-damage|p2a: Charizard|81\/297
|move|p2a: Charizard|Solar Beam|p1a: Gothitelle|[still]
|-prepare|p2a: Charizard|Solar Beam|p1a: Gothitelle
|-anim|p2a: Charizard|Solar Beam|p1a: Gothitelle
|-damage|p1a: Gothitelle|0 fnt
|faint|p1a: Gothitelle
|
|-weather|SunnyDay|[upkeep]
|
|switch|p1a: Greninja|Greninja, M|285\/285
|turn|8
|
|switch|p2a: Thundurus|Thundurus, M|299\/299
|move|p1a: Greninja|Ice Beam|p2a: Thundurus
|-start|p1a: Greninja|typechange|Ice|[from] Protean
|-supereffective|p2a: Thundurus
|-damage|p2a: Thundurus|0 fnt
|-damage|p1a: Greninja|257\/285|[from] item: Life Orb
|faint|p2a: Thundurus
|
|-weather|SunnyDay|[upkeep]
|
|switch|p2a: Tyranitar|Tyranitar, M|342\/342
|-weather|Sandstorm
|turn|9
|
|switch|p1a: Landorus-Therian|Landorus-Therian, M|382\/382
|-ability|p1a: Landorus-Therian|Intimidate|[of] p2a: Tyranitar
|-unboost|p2a: Tyranitar|atk|1
|move|p2a: Tyranitar|Stealth Rock|p1a: Landorus-Therian
|-sidestart|p1: Pashkuale|move: Stealth Rock
|
|-weather|Sandstorm|[upkeep]
|turn|10
|
|move|p2a: Tyranitar|Ice Beam|p1a: Landorus-Therian
|-supereffective|p1a: Landorus-Therian
|-damage|p1a: Landorus-Therian|0 fnt
|faint|p1a: Landorus-Therian
|
|-weather|Sandstorm|[upkeep]
|
|switch|p1a: Scizor|Scizor, F|343\/343
|-damage|p1a: Scizor|301\/343|[from] Stealth Rock
|turn|11
|
|detailschange|p1a: Scizor|Scizor-Mega, F
|-mega|p1a: Scizor|Scizor|Scizorite
|move|p2a: Tyranitar|Fire Blast|p1a: Scizor
|-supereffective|p1a: Scizor
|-damage|p1a: Scizor|0 fnt
|faint|p1a: Scizor
|
|-weather|Sandstorm|[upkeep]
|
|switch|p1a: Excadrill|Excadrill, M|362\/362
|-damage|p1a: Excadrill|351\/362|[from] Stealth Rock
|-ability|p1a: Excadrill|Mold Breaker
|turn|12
|
|move|p1a: Excadrill|Iron Head|p2a: Tyranitar
|-supereffective|p2a: Tyranitar
|-damage|p2a: Tyranitar|52\/342
|move|p2a: Tyranitar|Fire Blast|p1a: Excadrill
|-supereffective|p1a: Excadrill
|-damage|p1a: Excadrill|57\/362
|
|-weather|Sandstorm|[upkeep]
|turn|13
|
|switch|p2a: Charizard|Charizard-Mega-Y, M|81\/297
|-weather|SunnyDay
|move|p1a: Excadrill|Iron Head|p2a: Charizard
|-resisted|p2a: Charizard
|-damage|p2a: Charizard|0 fnt
|faint|p2a: Charizard
|
|-weather|SunnyDay|[upkeep]
|
|switch|p2a: Dragonite|Dragonite, F|324\/324
|turn|14
|
|move|p1a: Excadrill|Iron Head|p2a: Dragonite
|-damage|p2a: Dragonite|170\/324
|move|p2a: Dragonite|Dragon Dance|p2a: Dragonite
|-boost|p2a: Dragonite|atk|1
|-boost|p2a: Dragonite|spe|1
|
|-weather|SunnyDay|[upkeep]
|turn|15
|
|move|p2a: Dragonite|Extreme Speed|p1a: Excadrill
|-resisted|p1a: Excadrill
|-damage|p1a: Excadrill|0 fnt
|faint|p1a: Excadrill
|
|-weather|SunnyDay|[upkeep]
|
|switch|p1a: Greninja|Greninja, M|257\/285
|-damage|p1a: Greninja|222\/285|[from] Stealth Rock
|turn|16
|
|move|p2a: Dragonite|Dragon Claw|p1a: Greninja
|-damage|p1a: Greninja|0 fnt
|faint|p1a: Greninja
|
|win|Jack41
|raw|Ladder updating...
|raw|Pashkuale's rating: 1624 &rarr; <strong>1600<\/strong><br \/>(-24 for losing)
|raw|Jack41's rating: 1551 &rarr; <strong>1575<\/strong><br \/>(+24 for winning)
|leave|Pashkuale
|player|p1