|join|vay
|join|Jack41
|player|p1|vay|266
|player|p2|Jack41|17
|gametype|singles
|gen|6
|tier|OU
|rated
|clearpoke
|poke|p1|Manectric, M
|poke|p1|Greninja, M
|poke|p1|Talonflame, F
|poke|p1|Mew
|poke|p1|Magnezone
|poke|p1|Chansey, F
|poke|p2|Tyranitar, F
|poke|p2|Excadrill, F
|poke|p2|Keldeo
|poke|p2|Thundurus, M
|poke|p2|Dragonite, F
|poke|p2|Charizard, M
|rule|Swagger Clause: Swagger is banned
|rule|Baton Pass Clause: Limit one PokÃ©mon knowing Baton Pass
|rule|Sleep Clause Mod: Limit one foe put to sleep
|rule|Species Clause: Limit one of each PokÃ©mon
|rule|OHKO Clause: OHKO moves are banned
|rule|Moody Clause: Moody is banned
|rule|Evasion Moves Clause: Evasion moves are banned
|rule|Endless Battle Clause: Forcing endless battles is banned
|rule|HP Percentage Mod: HP is shown in percentages
|teampreview
|
|start
|switch|p1a: Manectric|Manectric, M|281\/281
|switch|p2a: Tyranitar|Tyranitar, F|342\/342
|-weather|Sandstorm
|turn|1
|
|detailschange|p1a: Manectric|Manectric-Mega, M
|-mega|p1a: Manectric|Manectric|Manectite
|-ability|p1a: Manectric|Intimidate|[of] p2a: Tyranitar
|-unboost|p2a: Tyranitar|atk|1
|move|p1a: Manectric|Volt Switch|p2a: Tyranitar
|-damage|p2a: Tyranitar|254\/342
|
|switch|p1a: Mew|Mew|404\/404
|move|p2a: Tyranitar|Stealth Rock|p1a: Mew
|-sidestart|p1: vay|move: Stealth Rock
|
|-weather|Sandstorm|[upkeep]
|-damage|p1a: Mew|379\/404|[from] sandstorm
|-heal|p1a: Mew|404\/404|[from] item: Leftovers
|turn|2
|
|switch|p2a: Charizard|Charizard, M|297\/297
|move|p1a: Mew|Defog|p2a: Charizard
|-unboost|p2a: Charizard|evasion|1
|-sideend|p1: vay|Stealth Rock|[from] move: Defog|[of] p1a: Mew
|
|-weather|Sandstorm|[upkeep]
|-damage|p2a: Charizard|279\/297|[from] sandstorm
|-damage|p1a: Mew|379\/404|[from] sandstorm
|-heal|p1a: Mew|404\/404|[from] item: Leftovers
|turn|3
|
|switch|p1a: Manectric|Manectric-Mega, M|281\/281
|-ability|p1a: Manectric|Intimidate|[of] p2a: Charizard
|-unboost|p2a: Charizard|atk|1
|detailschange|p2a: Charizard|Charizard-Mega-Y, M
|-mega|p2a: Charizard|Charizard|Charizardite Y
|-weather|SunnyDay
|move|p2a: Charizard|Fire Blast|p1a: Manectric|[miss]
|-miss|p2a: Charizard|p1a: Manectric
|
|-weather|SunnyDay|[upkeep]
|turn|4
|
|move|p1a: Manectric|Volt Switch|p2a: Charizard
|-supereffective|p2a: Charizard
|-damage|p2a: Charizard|51\/297
|
|switch|p1a: Chansey|Chansey, F|642\/642
|move|p2a: Charizard|Fire Blast|p1a: Chansey
|-damage|p1a: Chansey|477\/642
|
|-weather|SunnyDay|[upkeep]
|turn|5
|
|switch|p2a: Tyranitar|Tyranitar, F|254\/342
|-weather|Sandstorm
|move|p1a: Chansey|Seismic Toss|p2a: Tyranitar
|-damage|p2a: Tyranitar|154\/342
|
|-weather|Sandstorm|[upkeep]
|-damage|p1a: Chansey|437\/642|[from] sandstorm
|turn|6
|
|switch|p1a: Mew|Mew|404\/404
|move|p2a: Tyranitar|Stealth Rock|p1a: Mew
|-sidestart|p1: vay|move: Stealth Rock
|
|-weather|Sandstorm|[upkeep]
|-damage|p1a: Mew|379\/404|[from] sandstorm
|-heal|p1a: Mew|404\/404|[from] item: Leftovers
|turn|7
|
|move|p1a: Mew|Defog|p2a: Tyranitar
|-unboost|p2a: Tyranitar|evasion|1
|-sideend|p1: vay|Stealth Rock|[from] move: Defog|[of] p1a: Mew
|move|p2a: Tyranitar|Dark Pulse|p1a: Mew
|-crit|p1a: Mew
|-supereffective|p1a: Mew
|-damage|p1a: Mew|80\/404
|
|-weather|Sandstorm|[upkeep]
|-damage|p1a: Mew|55\/404|[from] sandstorm
|-heal|p1a: Mew|80\/404|[from] item: Leftovers
|turn|8
|
|switch|p1a: Chansey|Chansey, F|437\/642
|switch|p2a: Charizard|Charizard-Mega-Y, M|51\/297
|-weather|SunnyDay
|
|-weather|SunnyDay|[upkeep]
|turn|9
|
|move|p2a: Charizard|Roost|p2a: Charizard
|-heal|p2a: Charizard|200\/297
|move|p1a: Chansey|Seismic Toss|p2a: Charizard
|-damage|p2a: Charizard|100\/297
|
|-weather|SunnyDay|[upkeep]
|turn|10
|
|move|p2a: Charizard|Roost|p2a: Charizard
|-heal|p2a: Charizard|249\/297
|move|p1a: Chansey|Toxic|p2a: Charizard
|-status|p2a: Charizard|tox
|
|-weather|SunnyDay|[upkeep]
|-damage|p2a: Charizard|231\/297 tox|[from] psn
|turn|11
|
|switch|p2a: Excadrill|Excadrill, F|362\/362
|move|p1a: Chansey|Stealth Rock|p2a: Excadrill
|-sidestart|p2: Jack41|move: Stealth Rock
|
|-weather|SunnyDay|[upkeep]
|turn|12
|
|move|p2a: Excadrill|Rapid Spin|p1a: Chansey
|-damage|p1a: Chansey|386\/642
|-sideend|p2: Jack41|Stealth Rock|[from] move: Rapid Spin|[of] p2a: Excadrill
|-damage|p2a: Excadrill|326\/362|[from] item: Life Orb
|move|p1a: Chansey|Soft-Boiled|p1a: Chansey
|-heal|p1a: Chansey|642\/642
|
|-weather|none
|turn|13
|
|switch|p1a: Greninja|Greninja, M|285\/285
|move|p2a: Excadrill|Iron Head|p1a: Greninja
|-resisted|p1a: Greninja
|-damage|p1a: Greninja|113\/285
|-damage|p2a: Excadrill|290\/362|[from] item: Life Orb
|
|turn|14
|
|switch|p2a: Keldeo|Keldeo|323\/323
|move|p1a: Greninja|Surf|p2a: Keldeo
|-start|p1a: Greninja|typechange|Water|[from] Protean
|-resisted|p2a: Keldeo
|-damage|p2a: Keldeo|235\/323
|-damage|p1a: Greninja|85\/285|[from] item: Life Orb
|
|turn|15
|
|move|p2a: Keldeo|Secret Sword|p1a: Greninja
|-damage|p1a: Greninja|0 fnt
|faint|p1a: Greninja
|
|
|switch|p1a: Talonflame|Talonflame, F|297\/297
|turn|16
|
|switch|p2a: Thundurus|Thundurus, M|299\/299
|move|p1a: Talonflame|Swords Dance|p1a: Talonflame
|-boost|p1a: Talonflame|atk|2
|
|turn|17
|
|move|p2a: Thundurus|Thunder Wave|p1a: Talonflame
|-status|p1a: Talonflame|par
|move|p1a: Talonflame|Flare Blitz|p2a: Thundurus
|-damage|p2a: Thundurus|0 fnt
|-damage|p1a: Talonflame|198\/297 par|[from] recoil|[of] p2a: Thundurus
|-damage|p1a: Talonflame|169\/297 par|[from] item: Life Orb
|faint|p2a: Thundurus
|
|
|switch|p2a: Dragonite|Dragonite, F|324\/324
|turn|18
|
|move|p1a: Talonflame|Brave Bird|p2a: Dragonite
|-damage|p2a: Dragonite|111\/324
|-damage|p1a: Talonflame|99\/297 par|[from] recoil|[of] p2a: Dragonite
|-damage|p1a: Talonflame|70\/297 par|[from] item: Life Orb
|move|p2a: Dragonite|Dragon Dance|p2a: Dragonite
|-boost|p2a: Dragonite|atk|1
|-boost|p2a: Dragonite|spe|1
|
|turn|19
|
|move|p2a: Dragonite|Extreme Speed|p1a: Talonflame
|-damage|p1a: Talonflame|0 fnt
|faint|p1a: Talonflame
|
|
|switch|p1a: Manectric|Manectric-Mega, M|281\/281
|-ability|p1a: Manectric|Intimidate|[of] p2a: Dragonite
|-unboost|p2a: Dragonite|atk|1
|turn|20
|
|move|p2a: Dragonite|Extreme Speed|p1a: Manectric
|-damage|p1a: Manectric|144\/281
|move|p1a: Manectric|Hidden Power|p2a: Dragonite
|-supereffective|p2a: Dragonite
|-damage|p2a: Dragonite|0 fnt
|faint|p2a: Dragonite
|
|
|switch|p2a: Tyranitar|Tyranitar, F|154\/342
|-weather|Sandstorm
|turn|21
|
|switch|p2a: Excadrill|Excadrill, F|290\/362
|move|p1a: Manectric|Volt Switch|p2a: Excadrill
|-immune|p2a: Excadrill|[msg]
|
|-weather|Sandstorm|[upkeep]
|-damage|p1a: Manectric|127\/281|[from] sandstorm
|turn|22
|
|move|p2a: Excadrill|Earthquake|p1a: Manectric
|-supereffective|p1a: Manectric
|-damage|p1a: Manectric|0 fnt
|-damage|p2a: Excadrill|254\/362|[from] item: Life Orb
|faint|p1a: Manectric
|
|-weather|Sandstorm|[upkeep]
|-message|vay forfeited.
|leave|vay
|
|win|Jack41
|raw|Ladder updating...
|player|p1
|raw|vay's rating: 1522 &rarr; <strong>1505<\/strong><br \/>(-17 for losing)
|raw|Jack41's rating: 1575 &rarr; <strong>1592<\/strong><br \/>(+17 for winning)