|join|Jack41
|join|troller67890
|player|p1|Jack41|17
|player|p2|troller67890|266
|gametype|singles
|gen|6
|tier|OU
|clearpoke
|poke|p1|Charizard, F
|poke|p1|Excadrill, F
|poke|p1|Tyranitar, F
|poke|p1|Azumarill, F
|poke|p1|Thundurus, M
|poke|p1|Dragonite, M
|poke|p2|Charizard, M
|poke|p2|Garchomp, F
|poke|p2|Starmie
|poke|p2|Tyranitar, M
|poke|p2|Raikou
|poke|p2|Landorus-Therian, M
|rule|Swagger Clause: Swagger is banned
|rule|Baton Pass Clause: Limit one PokÃ©mon knowing Baton Pass
|rule|Sleep Clause Mod: Limit one foe put to sleep
|rule|Species Clause: Limit one of each PokÃ©mon
|rule|OHKO Clause: OHKO moves are banned
|rule|Moody Clause: Moody is banned
|rule|Evasion Moves Clause: Evasion moves are banned
|rule|Endless Battle Clause: Forcing endless battles is banned
|rule|HP Percentage Mod: HP is shown in percentages
|teampreview
|join|dingus prime
|c|âJack41|gl
|
|start
|switch|p1a: Tyranitar|Tyranitar, F|403\/403
|switch|p2a: Charizard|Charizard, M|297\/297
|-weather|Sandstorm
|turn|1
|
|switch|p1a: Dragonite|Dragonite, M|324\/324
|detailschange|p2a: Charizard|Charizard-Mega-Y, M
|-mega|p2a: Charizard|Charizard|Charizardite Y
|-weather|SunnyDay
|move|p2a: Charizard|Focus Blast|p1a: Dragonite
|-resisted|p1a: Dragonite
|-damage|p1a: Dragonite|285\/324
|
|-weather|SunnyDay|[upkeep]
|turn|2
|
|switch|p2a: Tyranitar|Tyranitar, M|361\/361
|-weather|Sandstorm
|move|p1a: Dragonite|Dragon Claw|p2a: Tyranitar
|-damage|p2a: Tyranitar|222\/361
|
|-weather|Sandstorm|[upkeep]
|-damage|p1a: Dragonite|265\/324|[from] sandstorm
|turn|3
|
|move|p1a: Dragonite|Earthquake|p2a: Tyranitar
|-supereffective|p2a: Tyranitar
|-damage|p2a: Tyranitar|0 fnt
|faint|p2a: Tyranitar
|
|-weather|Sandstorm|[upkeep]
|-damage|p1a: Dragonite|245\/324|[from] sandstorm
|
|switch|p2a: Garchomp|Garchomp, F|357\/357
|turn|4
|
|move|p2a: Garchomp|Swords Dance|p2a: Garchomp
|-boost|p2a: Garchomp|atk|2
|move|p1a: Dragonite|Dragon Claw|p2a: Garchomp
|-supereffective|p2a: Garchomp
|-damage|p2a: Garchomp|3\/357
|-damage|p1a: Dragonite|205\/324|[from] ability: Rough Skin|[of] p2a: Garchomp
|
|-weather|Sandstorm|[upkeep]
|-damage|p1a: Dragonite|185\/324|[from] sandstorm
|turn|5
|
|switch|p2a: Landorus-Therian|Landorus-Therian, M|319\/319
|-ability|p2a: Landorus-Therian|Intimidate|[of] p1a: Dragonite
|-unboost|p1a: Dragonite|atk|1
|move|p1a: Dragonite|Extreme Speed|p2a: Landorus-Therian
|-damage|p2a: Landorus-Therian|243\/319
|
|-weather|Sandstorm|[upkeep]
|-damage|p1a: Dragonite|165\/324|[from] sandstorm
|turn|6
|
|move|p2a: Landorus-Therian|Stone Edge|p1a: Dragonite
|-supereffective|p1a: Dragonite
|-damage|p1a: Dragonite|0 fnt
|faint|p1a: Dragonite
|
|-weather|none
|
|switch|p1a: Tyranitar|Tyranitar, F|403\/403
|-weather|Sandstorm
|turn|7
|join|99ProblemsMyELOis1
|
|switch|p2a: Garchomp|Garchomp, F|3\/357
|move|p1a: Tyranitar|Stealth Rock|p2a: Garchomp
|-sidestart|p2: troller67890|move: Stealth Rock
|
|-weather|Sandstorm|[upkeep]
|turn|8
|
|move|p2a: Garchomp|Stealth Rock|p1a: Tyranitar
|-sidestart|p1: Jack41|move: Stealth Rock
|move|p1a: Tyranitar|Ice Beam|p2a: Garchomp
|-supereffective|p2a: Garchomp
|-damage|p2a: Garchomp|0 fnt
|faint|p2a: Garchomp
|
|-weather|Sandstorm|[upkeep]
|c| 99ProblemsMyELOis1|Hey Jack, it's dark
|
|switch|p2a: Starmie|Starmie|324\/324
|-damage|p2a: Starmie|284\/324|[from] Stealth Rock
|turn|9
|c|âJack41|hey buddy
|c| 99ProblemsMyELOis1|isn't that one of ur old teams?
|c|âJack41|yeah just testing somethign out
|c| 99ProblemsMyELOis1|aight
|c|âtroller67890|be quick please thanks :D
|
|switch|p1a: Excadrill|Excadrill, F|361\/361
|-damage|p1a: Excadrill|350\/361|[from] Stealth Rock
|move|p2a: Starmie|Rapid Spin|p1a: Excadrill
|-resisted|p1a: Excadrill
|-damage|p1a: Excadrill|343\/361
|-sideend|p2: troller67890|Stealth Rock|[from] move: Rapid Spin|[of] p2a: Starmie
|
|-weather|Sandstorm|[upkeep]
|-damage|p2a: Starmie|264\/324|[from] sandstorm
|-heal|p2a: Starmie|284\/324|[from] item: Leftovers
|turn|10
|c| 99ProblemsMyELOis1|he can take as long as the timer gives him
|
|move|p1a: Excadrill|Rapid Spin|p2a: Starmie
|-damage|p2a: Starmie|249\/324
|-sideend|p1: Jack41|Stealth Rock|[from] move: Rapid Spin|[of] p1a: Excadrill
|-damage|p1a: Excadrill|307\/361|[from] item: Life Orb
|move|p2a: Starmie|Scald|p1a: Excadrill
|-supereffective|p1a: Excadrill
|-damage|p1a: Excadrill|35\/361
|
|-weather|Sandstorm|[upkeep]
|-damage|p2a: Starmie|229\/324|[from] sandstorm
|-heal|p2a: Starmie|249\/324|[from] item: Leftovers
|turn|11
|c|âtroller67890|lol 99problems i said please
|c|âtroller67890|its a choice
|
|switch|p2a: Landorus-Therian|Landorus-Therian, M|243\/319
|-ability|p2a: Landorus-Therian|Intimidate|[of] p1a: Excadrill
|-unboost|p1a: Excadrill|atk|1
|move|p1a: Excadrill|Iron Head|p2a: Landorus-Therian
|-damage|p2a: Landorus-Therian|110\/319
|-damage|p1a: Excadrill|0 fnt|[from] item: Life Orb
|faint|p1a: Excadrill
|
|-weather|Sandstorm|[upkeep]
|c|âtroller67890|youre not battling so dont speak thanks
|c|âtroller67890|i am going to lose anyway
|c|âtroller67890|so i dun see a point in prolonging this battle
|c|âtroller67890|lel
|
|switch|p1a: Azumarill|Azumarill, F|398\/398
|turn|12
|c| 99ProblemsMyELOis1|I can talk as much as i want to
|c|âtroller67890|he is clearly the superior player
|c| 99ProblemsMyELOis1|that's what the chat is here for
|
|move|p1a: Azumarill|Aqua Jet|p2a: Landorus-Therian
|-supereffective|p2a: Landorus-Therian
|-damage|p2a: Landorus-Therian|0 fnt
|faint|p2a: Landorus-Therian
|
|-weather|Sandstorm|[upkeep]
|-damage|p1a: Azumarill|374\/398|[from] sandstorm
|
|switch|p2a: Raikou|Raikou|321\/321
|-ability|p2a: Raikou|Pressure
|turn|13
|
|switch|p1a: Tyranitar|Tyranitar, F|403\/403
|move|p2a: Raikou|Volt Switch|p1a: Tyranitar
|-damage|p1a: Tyranitar|325\/403
|
|switch|p2a: Charizard|Charizard-Mega-Y, M|297\/297
|-weather|SunnyDay
|
|-weather|SunnyDay|[upkeep]
|turn|14
|c|âtroller67890|ok whatever floats your boat busybody:)
|
|move|p2a: Charizard|Focus Blast|p1a: Tyranitar
|-supereffective|p1a: Tyranitar
|-damage|p1a: Tyranitar|0 fnt
|faint|p1a: Tyranitar
|
|-weather|SunnyDay|[upkeep]
|
|switch|p1a: Charizard|Charizard, F|315\/315
|turn|15
|
|detailschange|p1a: Charizard|Charizard-Mega-X, F
|-mega|p1a: Charizard|Charizard|Charizardite X
|move|p2a: Charizard|Focus Blast|p1a: Charizard|[miss]
|-miss|p2a: Charizard|p1a: Charizard
|move|p1a: Charizard|Dragon Dance|p1a: Charizard
|-boost|p1a: Charizard|atk|1
|-boost|p1a: Charizard|spe|1
|
|-weather|SunnyDay|[upkeep]
|turn|16
|c|âtroller67890|gg
|
|switch|p2a: Starmie|Starmie|249\/324
|move|p1a: Charizard|Dragon Claw|p2a: Starmie
|-damage|p2a: Starmie|0 fnt
|faint|p2a: Starmie
|
|-weather|SunnyDay|[upkeep]
|c|âtroller67890|focus miss lol
|
|switch|p2a: Charizard|Charizard-Mega-Y, M|297\/297
|turn|17
|c|âJack41|lol gg
|c| 99ProblemsMyELOis1|miss didn't matter :]
|c|âJack41|im adding eq to thiz zard
|c|âtroller67890|it did
|c|âtroller67890|99
|c| 99ProblemsMyELOis1|nope
|
|move|p1a: Charizard|Dragon Claw|p2a: Charizard
|-damage|p2a: Charizard|0 fnt
|faint|p2a: Charizard
|
|-weather|none
|c|âtroller67890|yes it did
|c| 99ProblemsMyELOis1|nope
|
|switch|p2a: Raikou|Raikou|321\/321
|-ability|p2a: Raikou|Pressure
|turn|18
|c|âtroller67890|continue living in denial
|c| 99ProblemsMyELOis1|cos focus blast doesn't ohko
|c| 99ProblemsMyELOis1|then he sweeps regardless
|c| 99ProblemsMyELOis1|:]
|c|âJack41|actualy it didnt
|c|âtroller67890|a crit is possible
|c|âtroller67890|you never know
|c|âJack41|dragon  claw does more to raikou than i though
|c|âtroller67890|k Jack
|c|âtroller67890|i just dont like busybodies
|
|move|p1a: Charizard|Dragon Claw|p2a: Raikou
|-crit|p2a: Raikou
|-damage|p2a: Raikou|0 fnt
|faint|p2a: Raikou
|
|win|Jack41
|c|âtroller67890|coming in to disturb
|c|âJack41|gg
|c|âtroller67890|gg wp
|c|âtroller67890|gd luck