|join|terry41
|join|venusaurusrex
|player|p1|terry41|17
|player|p2|venusaurusrex|265
|gametype|singles
|gen|6
|tier|OU
|rated
|clearpoke
|poke|p1|Tyranitar, F
|poke|p1|Excadrill, M
|poke|p1|Keldeo
|poke|p1|Thundurus, M
|poke|p1|Dragonite, M
|poke|p1|Charizard, F
|poke|p2|Politoed, F
|poke|p2|Swampert, F
|poke|p2|Kingdra, F
|poke|p2|Klefki, M
|poke|p2|Thundurus, M
|poke|p2|Breloom, F
|rule|Swagger Clause: Swagger is banned
|rule|Baton Pass Clause: Limit one PokÃ©mon knowing Baton Pass
|rule|Sleep Clause Mod: Limit one foe put to sleep
|rule|Species Clause: Limit one of each PokÃ©mon
|rule|OHKO Clause: OHKO moves are banned
|rule|Moody Clause: Moody is banned
|rule|Evasion Moves Clause: Evasion moves are banned
|rule|Endless Battle Clause: Forcing endless battles is banned
|rule|HP Percentage Mod: HP is shown in percentages
|teampreview
|
|start
|switch|p1a: Dragonite|Dragonite, M|324\/324
|switch|p2a: Thundurus|Thundurus, M|299\/299
|turn|1
|
|move|p2a: Thundurus|Knock Off|p1a: Dragonite
|-damage|p1a: Dragonite|258\/324
|-enditem|p1a: Dragonite|Lum Berry|[from] move: Knock Off|[of] p2a: Thundurus
|-damage|p2a: Thundurus|270\/299|[from] item: Life Orb
|move|p1a: Dragonite|Dragon Claw|p2a: Thundurus
|-damage|p2a: Thundurus|69\/299
|
|turn|2
|
|switch|p2a: Klefki|Klefki, M|318\/318
|move|p1a: Dragonite|Extreme Speed|p2a: Klefki
|-resisted|p2a: Klefki
|-damage|p2a: Klefki|274\/318
|
|turn|3
|
|move|p2a: Klefki|Thunder Wave|p1a: Dragonite
|-status|p1a: Dragonite|par
|move|p1a: Dragonite|Earthquake|p2a: Klefki
|-supereffective|p2a: Klefki
|-damage|p2a: Klefki|48\/318
|
|turn|4
|
|move|p2a: Klefki|Rain Dance|p2a: Klefki
|-weather|RainDance
|move|p1a: Dragonite|Earthquake|p2a: Klefki
|-supereffective|p2a: Klefki
|-damage|p2a: Klefki|0 fnt
|faint|p2a: Klefki
|
|-weather|RainDance|[upkeep]
|
|switch|p2a: Swampert|Swampert, F|341\/341
|turn|5
|
|detailschange|p2a: Swampert|Swampert-Mega, F
|-mega|p2a: Swampert|Swampert|Swampertite
|move|p1a: Dragonite|Extreme Speed|p2a: Swampert
|-damage|p2a: Swampert|234\/341
|move|p2a: Swampert|Ice Punch|p1a: Dragonite
|-supereffective|p1a: Dragonite
|-damage|p1a: Dragonite|0 fnt
|faint|p1a: Dragonite
|
|-weather|RainDance|[upkeep]
|
|switch|p1a: Tyranitar|Tyranitar, F|342\/342
|-weather|Sandstorm
|turn|6
|
|move|p1a: Tyranitar|Stealth Rock|p2a: Swampert
|-sidestart|p2: venusaurusrex|move: Stealth Rock
|move|p2a: Swampert|Earthquake|p1a: Tyranitar
|-supereffective|p1a: Tyranitar
|-enditem|p1a: Tyranitar|Focus Sash
|-damage|p1a: Tyranitar|1\/342
|
|-weather|Sandstorm|[upkeep]
|turn|7
|
|switch|p1a: Keldeo|Keldeo|323\/323
|move|p2a: Swampert|Waterfall|p1a: Keldeo
|-resisted|p1a: Keldeo
|-damage|p1a: Keldeo|227\/323
|
|-weather|Sandstorm|[upkeep]
|-damage|p1a: Keldeo|207\/323|[from] sandstorm
|turn|8
|
|switch|p2a: Thundurus|Thundurus, M|69\/299
|-damage|p2a: Thundurus|0 fnt|[from] Stealth Rock
|faint|p2a: Thundurus
|move|p1a: Keldeo|Hydro Pump|p2: Thundurus|[notarget]
|-notarget
|
|-weather|Sandstorm|[upkeep]
|-damage|p1a: Keldeo|187\/323|[from] sandstorm
|
|switch|p2a: Kingdra|Kingdra, F|291\/291
|-damage|p2a: Kingdra|255\/291|[from] Stealth Rock
|turn|9
|
|move|p1a: Keldeo|Hydro Pump|p2a: Kingdra
|-resisted|p2a: Kingdra
|-damage|p2a: Kingdra|197\/291
|move|p2a: Kingdra|Hydro Pump|p1a: Keldeo
|-resisted|p1a: Keldeo
|-damage|p1a: Keldeo|66\/323
|-damage|p2a: Kingdra|168\/291|[from] item: Life Orb
|
|-weather|Sandstorm|[upkeep]
|-damage|p1a: Keldeo|46\/323|[from] sandstorm
|-damage|p2a: Kingdra|150\/291|[from] sandstorm
|turn|10
|
|switch|p2a: Breloom|Breloom, F|264\/264
|-damage|p2a: Breloom|248\/264|[from] Stealth Rock
|move|p1a: Keldeo|Hydro Pump|p2a: Breloom
|-resisted|p2a: Breloom
|-damage|p2a: Breloom|92\/264
|
|-weather|none
|-status|p2a: Breloom|tox|[from] item: Toxic Orb
|turn|11
|
|move|p1a: Keldeo|Hydro Pump|p2a: Breloom
|-resisted|p2a: Breloom
|-damage|p2a: Breloom|0 fnt
|faint|p2a: Breloom
|
|
|switch|p2a: Kingdra|Kingdra, F|150\/291
|-damage|p2a: Kingdra|114\/291|[from] Stealth Rock
|turn|12
|
|move|p1a: Keldeo|Hydro Pump|p2a: Kingdra
|-resisted|p2a: Kingdra
|-damage|p2a: Kingdra|59\/291
|move|p2a: Kingdra|Waterfall|p1a: Keldeo
|-resisted|p1a: Keldeo
|-damage|p1a: Keldeo|0 fnt
|-damage|p2a: Kingdra|30\/291|[from] item: Life Orb
|faint|p1a: Keldeo
|
|
|switch|p1a: Excadrill|Excadrill, M|362\/362
|turn|13
|
|move|p1a: Excadrill|Earthquake|p2a: Kingdra
|-damage|p2a: Kingdra|0 fnt
|-damage|p1a: Excadrill|326\/362|[from] item: Life Orb
|faint|p2a: Kingdra
|
|-message|venusaurusrex forfeited.
|
|win|terry41
|raw|Ladder updating...
|leave|venusaurusrex
|raw|terry41's rating: 1579 &rarr; <strong>1591<\/strong><br \/>(+12 for winning)
|raw|venusaurusrex's rating: 1444 &rarr; <strong>1431<\/strong><br \/>(-13 for losing)
|player|p2
|player|p1|Guest 143246|17
|join|jack41
|player|p1|jack41|17