|join|Reverb
|join|jack41
|player|p1|Reverb|#reverb
|player|p2|jack41|169
|gametype|singles
|gen|6
|tier|OU
|rated
|clearpoke
|poke|p1|Landorus-Therian, M
|poke|p1|Latias, F
|poke|p1|Heatran, M
|poke|p1|Conkeldurr, M
|poke|p1|Azumarill, M
|poke|p1|Heracross, M
|poke|p2|Metagross
|poke|p2|Volcarona, M
|poke|p2|Garchomp, M
|poke|p2|Starmie
|poke|p2|Bisharp, M
|poke|p2|Talonflame, F
|rule|Swagger Clause: Swagger is banned
|rule|Baton Pass Clause: Limit one PokÃ©mon knowing Baton Pass
|rule|Sleep Clause Mod: Limit one foe put to sleep
|rule|Species Clause: Limit one of each PokÃ©mon
|rule|OHKO Clause: OHKO moves are banned
|rule|Moody Clause: Moody is banned
|rule|Evasion Moves Clause: Evasion moves are banned
|rule|Endless Battle Clause: Forcing endless battles is banned
|rule|HP Percentage Mod: HP is shown in percentages
|teampreview
|join|gizmo
|c| gizmo|jack41
|join|Squirrelll
|join|daftmau5
|c| gizmo|jake5's distant cousin
|c|âReverb|lol
|join|TheJFrenzy1
|join|Scotti
|join|Azumarill
|join|oml it's too ez
|c| gizmo|scotti  nice 1-1
|join|WECAMEASROMANS
|leave|WECAMEASROMANS
|join|Dragon Stone
|c| Scotti|1-1 in what???
|c| Scotti|oh
|c| Scotti|ye
|c| Scotti|I am so happy
|
|start
|switch|p1a: Conkeldurr|Conkeldurr, M|364\/364
|switch|p2a: Garchomp|Garchomp, M|357\/357
|turn|1
|c|+Azumarill|i've seen this team before
|c| gizmo|that game was haxy tho
|
|move|p2a: Garchomp|Stealth Rock|p1a: Conkeldurr
|-sidestart|p1: Reverb|move: Stealth Rock
|move|p1a: Conkeldurr|Ice Punch|p2a: Garchomp
|-supereffective|p2a: Garchomp
|-damage|p2a: Garchomp|0 fnt
|-damage|p1a: Conkeldurr|319\/364|[from] ability: Rough Skin|[of] p2a: Garchomp
|faint|p2a: Garchomp
|
|c| gizmo|but ti was good
|c| Scotti|ye
|
|switch|p2a: Metagross|Metagross|301\/301
|turn|2
|c| daftmau5|oh that's not rocky fat chomp
|c| daftmau5|talon is the talon check
|
|switch|p1a: Heatran|Heatran, M|385\/385
|-damage|p1a: Heatran|337\/385|[from] Stealth Rock
|detailschange|p2a: Metagross|Metagross-Mega
|-mega|p2a: Metagross|Metagross|Metagrossite
|move|p2a: Metagross|Zen Headbutt|p1a: Heatran
|-resisted|p1a: Heatran
|-damage|p1a: Heatran|239\/385
|
|-heal|p1a: Heatran|263\/385|[from] item: Leftovers
|turn|3
|c| daftmau5|rip
|c| TheJFrenzy1|hit em up with that beep boop bopper
|
|switch|p1a: Latias|Latias, F|364\/364
|-damage|p1a: Latias|319\/364|[from] Stealth Rock
|move|p2a: Metagross|Ice Punch|p1a: Latias
|-supereffective|p1a: Latias
|-damage|p1a: Latias|123\/364
|
|-heal|p1a: Latias|145\/364|[from] item: Leftovers
|turn|4
|c| TheJFrenzy1|zippity zoppity bill cosby
|c|âjack41|tbh that was a misclick
|join|Like+Why=Meme
|c|âReverb|oh right i have lando
|
|move|p2a: Metagross|Meteor Mash|p1a: Latias
|-damage|p1a: Latias|0 fnt
|-boost|p2a: Metagross|atk|1
|faint|p1a: Latias
|
|c|+Azumarill|bop
|c| gizmo|is that
|c| gizmo|game?
|
|switch|p1a: Landorus-Therian|Landorus-Therian, M|327\/327
|-damage|p1a: Landorus-Therian|287\/327|[from] Stealth Rock
|-ability|p1a: Landorus-Therian|Intimidate|[of] p2a: Metagross
|-unboost|p2a: Metagross|atk|1
|turn|5
|c|+Azumarill|n?
|c| gizmo|cuz we know
|c| gizmo|reverb won't eq
|c| gizmo|so game
|c|âReverb|stfu
gizmo was locked from talking by Reverb.
|unlink|hide|gizmo
|c| TheJFrenzy1|watch de sik playz cuz
|c| daftmau5|gizmo was locked from talking by Reverb.
|c| daftmau5|Some messages were hidden, click here to restore them.
|c|+Azumarill|rip gizmo
|c| daftmau5|wow that's neat
|
|move|p1a: Landorus-Therian|U-turn|p2a: Metagross
|-damage|p2a: Metagross|235\/301
|c| Scotti|wiz is playing bluwing for ocl rn
|
|switch|p1a: Heatran|Heatran, M|263\/385
|-damage|p1a: Heatran|215\/385|[from] Stealth Rock
|move|p2a: Metagross|Meteor Mash|p1a: Heatran
|-resisted|p1a: Heatran
|-damage|p1a: Heatran|158\/385
|
|-heal|p1a: Heatran|182\/385|[from] item: Leftovers
|turn|6
gizmo was unlocked by Reverb.
|
|switch|p1a: Landorus-Therian|Landorus-Therian, M|287\/327
|-damage|p1a: Landorus-Therian|247\/327|[from] Stealth Rock
|-ability|p1a: Landorus-Therian|Intimidate|[of] p2a: Metagross
|-unboost|p2a: Metagross|atk|1
|move|p2a: Metagross|Earthquake|p1a: Landorus-Therian
|-immune|p1a: Landorus-Therian|[msg]
|
|turn|7
|c| Scotti|http:\/\/play.pokemonshowdown.com\/battle-ou-204551255
|c| gizmo|I am a lord
|c| Scotti|bluwing
|c| Scotti|brought
|c| Scotti|some shit lookin squad
|c|+Azumarill|oml
|
|move|p1a: Landorus-Therian|U-turn|p2a: Metagross
|-damage|p2a: Metagross|172\/301
|c|+Azumarill|that team
|c|+Azumarill|is amazing
|
|switch|p1a: Heatran|Heatran, M|182\/385
|-damage|p1a: Heatran|134\/385|[from] Stealth Rock
|move|p2a: Metagross|Meteor Mash|p1a: Heatran
|-resisted|p1a: Heatran
|-damage|p1a: Heatran|96\/385
|
|-heal|p1a: Heatran|120\/385|[from] item: Leftovers
|turn|8
|c| Like+Why=Meme|STOP U TURNING
|
|switch|p1a: Landorus-Therian|Landorus-Therian, M|247\/327
|-damage|p1a: Landorus-Therian|207\/327|[from] Stealth Rock
|-ability|p1a: Landorus-Therian|Intimidate|[of] p2a: Metagross
|-unboost|p2a: Metagross|atk|1
|move|p2a: Metagross|Earthquake|p1a: Landorus-Therian
|-immune|p1a: Landorus-Therian|[msg]
|
|turn|9
|c| Like+Why=Meme|like why
|leave|oml it's too ez
|
|move|p1a: Landorus-Therian|U-turn|p2a: Metagross
|-damage|p2a: Metagross|112\/301
|c|âReverb|bc he prolly has sd tflame
|
|switch|p1a: Heatran|Heatran, M|120\/385
|-damage|p1a: Heatran|72\/385|[from] Stealth Rock
|move|p2a: Metagross|Meteor Mash|p1a: Heatran
|-resisted|p1a: Heatran
|-damage|p1a: Heatran|46\/385
|
|-heal|p1a: Heatran|70\/385|[from] item: Leftovers
|turn|10
|join|RedKingAlmighty
|join|gyarad0site
|
|switch|p1a: Landorus-Therian|Landorus-Therian, M|207\/327
|-damage|p1a: Landorus-Therian|167\/327|[from] Stealth Rock
|-ability|p1a: Landorus-Therian|Intimidate|[of] p2a: Metagross
|-unboost|p2a: Metagross|atk|1
|move|p2a: Metagross|Earthquake|p1a: Landorus-Therian
|-immune|p1a: Landorus-Therian|[msg]
|
|turn|11
|
|move|p1a: Landorus-Therian|U-turn|p2a: Metagross
|-damage|p2a: Metagross|53\/301
|c| Scotti|can this man switch???
|c| gizmo|LMAO
|
|switch|p1a: Heatran|Heatran, M|70\/385
|-damage|p1a: Heatran|22\/385|[from] Stealth Rock
|move|p2a: Metagross|Meteor Mash|p1a: Heatran
|-resisted|p1a: Heatran
|-damage|p1a: Heatran|0 fnt
|-boost|p2a: Metagross|atk|1
|faint|p1a: Heatran
|
|c| daftmau5|tfw your gross dies to 5 u-turns
|
|switch|p1a: Landorus-Therian|Landorus-Therian, M|167\/327
|-damage|p1a: Landorus-Therian|127\/327|[from] Stealth Rock
|-ability|p1a: Landorus-Therian|Intimidate|[of] p2a: Metagross
|-unboost|p2a: Metagross|atk|1
|turn|12
|c| gizmo|tbh i helped reverb psych his opp out
|c| gizmo|and he still didn't eq
|c|âReverb|bc
|c|âReverb|he prolly has sd tflame
|
|move|p1a: Landorus-Therian|U-turn|p2a: Metagross
|-damage|p2a: Metagross|0 fnt
|faint|p2a: Metagross
|c|âReverb|retard
|c| gizmo|nigga
|c| gizmo|just reveal
|c| gizmo|your stone edge tran
|
|switch|p1a: Azumarill|Azumarill, M|361\/361
|-damage|p1a: Azumarill|316\/361|[from] Stealth Rock
|
|join|etaoi
|
|switch|p2a: Volcarona|Volcarona, M|329\/329
|turn|13
|c| gizmo|and teams that look like this
|c|+Azumarill|well
|c| gizmo|are always band
|c| gizmo|cuz
|
|move|p1a: Azumarill|Aqua Jet|p2a: Volcarona
|-supereffective|p2a: Volcarona
|-damage|p2a: Volcarona|0 fnt
|-status|p1a: Azumarill|brn
|faint|p2a: Volcarona
|
|-damage|p1a: Azumarill|271\/361 brn|[from] brn
|c| gizmo|yeah
|join|kektus the good
|c| gizmo|bad
|c|âReverb|fuck
|c|+Azumarill|ahh nice and ez 100% burn
|c| daftmau5|passho no where to be seen :C
Azumarill was locked from talking by Reverb.
|unlink|hide|azumarill
|
|switch|p2a: Bisharp|Bisharp, M|271\/271
|turn|14
|join|Teemo Killer 2
|
|switch|p1a: Heracross|Heracross, M|301\/301
|-damage|p1a: Heracross|264\/301|[from] Stealth Rock
|move|p2a: Bisharp|Iron Head|p1a: Heracross
|-damage|p1a: Heracross|68\/301
|
|turn|15
|leave|Teemo Killer 2
|
|detailschange|p1a: Heracross|Heracross-Mega, M
|-mega|p1a: Heracross|Heracross|Heracronite
|move|p1a: Heracross|Pin Missile|p2a: Bisharp
|-crit|p2a: Bisharp
|-damage|p2a: Bisharp|172\/271
|-damage|p2a: Bisharp|111\/271
|-damage|p2a: Bisharp|48\/271
|-damage|p2a: Bisharp|0 fnt
|-hitcount|p2a: Bisharp|4
|faint|p2a: Bisharp
|
|leave|TheJFrenzy1
|c| gizmo|good players go for the rock blast miss
|join|I Iike Squirtles
|c| gizmo|go to talon and sd buddy
|
|switch|p2a: Starmie|Starmie|261\/261
|turn|16
|c| Scotti|cri
|
|move|p2a: Starmie|Psyshock|p1a: Heracross
|-supereffective|p1a: Heracross
|-damage|p1a: Heracross|0 fnt
|-damage|p2a: Starmie|235\/261|[from] item: Life Orb
|faint|p1a: Heracross
|
|
|switch|p1a: Landorus-Therian|Landorus-Therian, M|127\/327
|-damage|p1a: Landorus-Therian|87\/327|[from] Stealth Rock
|-ability|p1a: Landorus-Therian|Intimidate|[of] p2a: Starmie
|-unboost|p2a: Starmie|atk|1
|turn|17
|
|move|p1a: Landorus-Therian|U-turn|p2a: Starmie
|-supereffective|p2a: Starmie
|-damage|p2a: Starmie|19\/261
|
|switch|p1a: Azumarill|Azumarill, M|271\/361 brn
|-damage|p1a: Azumarill|226\/361 brn|[from] Stealth Rock
|move|p2a: Starmie|Ice Beam|p1a: Azumarill
|-resisted|p1a: Azumarill
|-damage|p1a: Azumarill|156\/361 brn
|-damage|p2a: Starmie|0 fnt|[from] item: Life Orb
|faint|p2a: Starmie
|
|-damage|p1a: Azumarill|111\/361 brn|[from] brn
|
|switch|p2a: Talonflame|Talonflame, F|297\/297
|turn|18
|c| gizmo|if it's bulk up
|c| gizmo|does he win?
|
|move|p2a: Talonflame|Brave Bird|p1a: Azumarill
|-damage|p1a: Azumarill|0 fnt
|-damage|p2a: Talonflame|260\/297|[from] recoil|[of] p1a: Azumarill
|faint|p1a: Azumarill
|
|c| Scotti|ye
|c| gizmo|ah
|c| gizmo|lame
|
|switch|p1a: Landorus-Therian|Landorus-Therian, M|87\/327
|-damage|p1a: Landorus-Therian|47\/327|[from] Stealth Rock
|-ability|p1a: Landorus-Therian|Intimidate|[of] p2a: Talonflame
|-unboost|p2a: Talonflame|atk|1
|turn|19
|c| gizmo|told you it was band
|c| gizmo|cuz bad
|c|âReverb|shut up
|
|move|p2a: Talonflame|Brave Bird|p1a: Landorus-Therian
|-damage|p1a: Landorus-Therian|0 fnt
|-damage|p2a: Talonflame|244\/297|[from] recoil|[of] p1a: Landorus-Therian
|faint|p1a: Landorus-Therian
|
|c| Scotti|reverb he was trying to sac his mega metagross but you kept on switching
|c| Scotti|smh
|
|switch|p1a: Conkeldurr|Conkeldurr, M|319\/364
|-damage|p1a: Conkeldurr|297\/364|[from] Stealth Rock
|turn|20
|c| gizmo|living this
|c| gizmo|ez
|c| gizmo|so ez
|c| gizmo|bb will do 81
|c| gizmo|showdown will round to 82 cuz showdown
|c|âReverb|shut up
|c|âReverb|if i dont live
|c|âReverb|i ban you
|c| Scotti|lel
|c| gizmo|what does it have to do with me
|
|move|p2a: Talonflame|Swords Dance|p2a: Talonflame
|-boost|p2a: Talonflame|atk|2
|move|p1a: Conkeldurr|Knock Off|p2a: Talonflame
|-damage|p2a: Talonflame|52\/297
|-enditem|p2a: Talonflame|Sharp Beak|[from] move: Knock Off|[of] p1a: Conkeldurr
|
|turn|21
|c| Scotti|wtf
|c| gizmo|LMAO
gizmo was banned by Reverb.
|unlink|hide|gizmo
|leave|gizmo
|
|move|p2a: Talonflame|Brave Bird|p1a: Conkeldurr
|-crit|p1a: Conkeldurr
|-supereffective|p1a: Conkeldurr
|-damage|p1a: Conkeldurr|0 fnt
|-damage|p2a: Talonflame|0 fnt|[from] recoil|[of] p1a: Conkeldurr
|faint|p1a: Conkeldurr
|faint|p2a: Talonflame
|
|win|jack41
|raw|Ladder updating...
|c| Scotti|wait its a tie
|raw|Reverb's rating: 1693 &rarr; <strong>1669<\/strong><br \/>(-24 for losing)
|raw|jack41's rating: 1621 &rarr; <strong>1645<\/strong><br \/>(+24 for winning)
|c|âReverb|n
|c|âjack41|i was hoping u didnt had stone edge
|c|âjack41|gg
|c|âReverb|gg
|c| Scotti|aww thats gay
gizmo was unbanned by Reverb.