|join|jack41
|join|LordRay
|player|p1|jack41|17
|player|p2|LordRay|288
|gametype|singles
|gen|6
|tier|OU
|clearpoke
|poke|p1|Diancie
|poke|p1|Garchomp, M
|poke|p1|Bisharp, F
|poke|p1|Talonflame, F
|poke|p1|Dragonite, M
|poke|p1|Starmie
|poke|p2|Metagross
|poke|p2|Volcarona, F
|poke|p2|Garchomp, M
|poke|p2|Starmie
|poke|p2|Bisharp, F
|poke|p2|Talonflame, M
|rule|Swagger Clause: Swagger is banned
|rule|Baton Pass Clause: Limit one PokÃ©mon knowing Baton Pass
|rule|Sleep Clause Mod: Limit one foe put to sleep
|rule|Species Clause: Limit one of each PokÃ©mon
|rule|OHKO Clause: OHKO moves are banned
|rule|Moody Clause: Moody is banned
|rule|Evasion Moves Clause: Evasion moves are banned
|rule|Endless Battle Clause: Forcing endless battles is banned
|rule|HP Percentage Mod: HP is shown in percentages
|teampreview
|
|start
|switch|p1a: Starmie|Starmie|261\/261
|switch|p2a: Starmie|Starmie|261\/261
|turn|1
|c|âLordRay|guess we had the same idea
|c|âLordRay|haha
|
|move|p2a: Starmie|Scald|p1a: Starmie
|-resisted|p1a: Starmie
|-damage|p1a: Starmie|174\/261
|-damage|p2a: Starmie|235\/261|[from] item: Life Orb
|move|p1a: Starmie|Scald|p2a: Starmie
|-resisted|p2a: Starmie
|-damage|p2a: Starmie|153\/261
|-damage|p1a: Starmie|148\/261|[from] item: Life Orb
|
|turn|2
|
|move|p1a: Starmie|Scald|p2a: Starmie
|-resisted|p2a: Starmie
|-damage|p2a: Starmie|59\/261
|-status|p2a: Starmie|brn
|-damage|p1a: Starmie|122\/261|[from] item: Life Orb
|move|p2a: Starmie|Scald|p1a: Starmie
|-crit|p1a: Starmie
|-resisted|p1a: Starmie
|-damage|p1a: Starmie|0 fnt
|-damage|p2a: Starmie|33\/261 brn|[from] item: Life Orb
|faint|p1a: Starmie
|
|-damage|p2a: Starmie|1\/261 brn|[from] brn
|
|switch|p1a: Dragonite|Dragonite, M|323\/323
|turn|3
|
|move|p2a: Starmie|Ice Beam|p1a: Dragonite
|-supereffective|p1a: Dragonite
|-damage|p1a: Dragonite|81\/323
|-damage|p2a: Starmie|0 fnt|[from] item: Life Orb
|faint|p2a: Starmie
|move|p1a: Dragonite|Dragon Dance|p1a: Dragonite
|-boost|p1a: Dragonite|atk|1
|-boost|p1a: Dragonite|spe|1
|
|
|switch|p2a: Talonflame|Talonflame, M|297\/297
|turn|4
|
|move|p1a: Dragonite|Extreme Speed|p2a: Talonflame
|-damage|p2a: Talonflame|81\/297
|move|p2a: Talonflame|Brave Bird|p1a: Dragonite
|-damage|p1a: Dragonite|0 fnt
|-damage|p2a: Talonflame|54\/297|[from] recoil|[of] p1a: Dragonite
|faint|p1a: Dragonite
|
|
|switch|p1a: Diancie|Diancie|257\/257
|turn|5
|
|detailschange|p1a: Diancie|Diancie-Mega
|-mega|p1a: Diancie|Diancie|Diancite
|move|p2a: Talonflame|Roost|p2a: Talonflame
|-heal|p2a: Talonflame|203\/297
|move|p1a: Diancie|Diamond Storm|p2a: Talonflame
|-supereffective|p2a: Talonflame
|-damage|p2a: Talonflame|0 fnt
|faint|p2a: Talonflame
|
|
|switch|p2a: Metagross|Metagross|301\/301
|turn|6
|
|detailschange|p2a: Metagross|Metagross-Mega
|-mega|p2a: Metagross|Metagross|Metagrossite
|move|p1a: Diancie|Earth Power|p2a: Metagross
|-supereffective|p2a: Metagross
|-damage|p2a: Metagross|49\/301
|move|p2a: Metagross|Meteor Mash|p1a: Diancie|[miss]
|-miss|p2a: Metagross|p1a: Diancie
|
|turn|7
|
|switch|p1a: Garchomp|Garchomp, M|357\/357
|move|p2a: Metagross|Meteor Mash|p1a: Garchomp
|-damage|p1a: Garchomp|132\/357
|-damage|p2a: Metagross|12\/301|[from] ability: Rough Skin|[of] p1a: Garchomp
|
|turn|8
|c|âLordRay|well im at a dilemna
|c|âLordRay|if i switch and u go for rocks
|c|âLordRay|metagross cant come back in
|c|âLordRay|but i die to rough skin anyways
|
|move|p2a: Metagross|Earthquake|p1a: Garchomp
|-damage|p1a: Garchomp|0 fnt
|faint|p1a: Garchomp
|
|c|âLordRay|forgot
|
|switch|p1a: Bisharp|Bisharp, F|271\/271
|turn|9
|c|âLordRay|about eq
|
|switch|p2a: Garchomp|Garchomp, M|357\/357
|move|p1a: Bisharp|Sucker Punch|p2a: Garchomp
|-fail|p2a: Garchomp
|
|turn|10
|
|move|p2a: Garchomp|Earthquake|p1a: Bisharp
|-crit|p1a: Bisharp
|-supereffective|p1a: Bisharp
|-enditem|p1a: Bisharp|Focus Sash
|-damage|p1a: Bisharp|1\/271
|move|p1a: Bisharp|Knock Off|p2a: Garchomp
|-damage|p2a: Garchomp|165\/357
|-damage|p1a: Bisharp|0 fnt|[from] ability: Rough Skin|[of] p2a: Garchomp
|faint|p1a: Bisharp
|
|
|switch|p1a: Talonflame|Talonflame, F|297\/297
|turn|11
|
|move|p1a: Talonflame|Brave Bird|p2a: Garchomp
|-damage|p2a: Garchomp|0 fnt
|-damage|p1a: Talonflame|260\/297|[from] ability: Rough Skin|[of] p2a: Garchomp
|-damage|p1a: Talonflame|206\/297|[from] recoil|[of] p2a: Garchomp
|faint|p2a: Garchomp
|
|c|âjack41|u brought my own team against me
|c|âLordRay|ofc
|
|switch|p2a: Bisharp|Bisharp, F|271\/271
|turn|12
|c|âjack41|ur horrible person
|
|move|p2a: Bisharp|Sucker Punch|p1a: Talonflame
|-damage|p1a: Talonflame|0 fnt
|faint|p1a: Talonflame
|
|c|âjack41|lol jk
|
|switch|p1a: Diancie|Diancie-Mega|257\/257
|turn|13
|c|âLordRay|lol
|c|âLordRay|we have to test the teams merits
|c|âLordRay|hmm
|c|âLordRay|oh youre sash
|c|âjack41|yes i know im sashed
|c|âLordRay|okay so i dont need to rely on gross pulling thru
|c|âjack41|no u dont
|
|move|p1a: Diancie|Earth Power|p2a: Bisharp
|-supereffective|p2a: Bisharp
|-enditem|p2a: Bisharp|Focus Sash
|-damage|p2a: Bisharp|1\/271
|move|p2a: Bisharp|Iron Head|p1a: Diancie
|-supereffective|p1a: Diancie
|-damage|p1a: Diancie|0 fnt
|faint|p1a: Diancie
|
|win|LordRay