|join|Jack41
|join|GamerGal
|player|p1|Jack41|169
|player|p2|GamerGal|73
|gametype|singles
|gen|6
|tier|OU
|rated
|clearpoke
|poke|p1|Metagross
|poke|p1|Volcarona, F
|poke|p1|Garchomp, F
|poke|p1|Starmie
|poke|p1|Bisharp, F
|poke|p1|Talonflame, F
|poke|p2|Metagross
|poke|p2|Keldeo-Resolute
|poke|p2|Dragonite, M
|poke|p2|Infernape, M
|poke|p2|Thundurus, M
|poke|p2|Bisharp, M
|rule|Swagger Clause: Swagger is banned
|rule|Baton Pass Clause: Limit one PokÃ©mon knowing Baton Pass
|rule|Sleep Clause Mod: Limit one foe put to sleep
|rule|Species Clause: Limit one of each PokÃ©mon
|rule|OHKO Clause: OHKO moves are banned
|rule|Moody Clause: Moody is banned
|rule|Evasion Moves Clause: Evasion moves are banned
|rule|Endless Battle Clause: Forcing endless battles is banned
|rule|HP Percentage Mod: HP is shown in percentages
|teampreview
|
|start
|switch|p1a: Garchomp|Garchomp, F|357\/357
|switch|p2a: Infernape|Infernape, M|293\/293
|turn|1
|
|move|p2a: Infernape|Stealth Rock|p1a: Garchomp
|-sidestart|p1: Jack41|move: Stealth Rock
|move|p1a: Garchomp|Stealth Rock|p2a: Infernape
|-sidestart|p2: GamerGal|move: Stealth Rock
|
|turn|2
|
|move|p2a: Infernape|Fire Blast|p1a: Garchomp
|-resisted|p1a: Garchomp
|-damage|p1a: Garchomp|269\/357
|move|p1a: Garchomp|Earthquake|p2a: Infernape
|-supereffective|p2a: Infernape
|-enditem|p2a: Infernape|Focus Sash
|-damage|p2a: Infernape|1\/293
|
|turn|3
|
|move|p2a: Infernape|Endeavor|p1a: Garchomp
|-damage|p1a: Garchomp|1\/357
|-damage|p2a: Infernape|0 fnt|[from] ability: Rough Skin|[of] p1a: Garchomp
|faint|p2a: Infernape
|move|p1a: Garchomp|Dragon Claw|p2: Infernape|[notarget]
|-notarget
|
|
|switch|p2a: Metagross|Metagross|302\/302
|-damage|p2a: Metagross|284\/302|[from] Stealth Rock
|turn|4
|
|detailschange|p2a: Metagross|Metagross-Mega
|-mega|p2a: Metagross|Metagross|Metagrossite
|move|p2a: Metagross|Bullet Punch|p1a: Garchomp
|-damage|p1a: Garchomp|0 fnt
|-damage|p2a: Metagross|247\/302|[from] ability: Rough Skin|[of] p1a: Garchomp
|faint|p1a: Garchomp
|
|
|switch|p1a: Starmie|Starmie|261\/261
|-damage|p1a: Starmie|229\/261|[from] Stealth Rock
|turn|5
|
|switch|p2a: Keldeo-Resolute|Keldeo-Resolute|323\/323
|-damage|p2a: Keldeo-Resolute|303\/323|[from] Stealth Rock
|move|p1a: Starmie|Rapid Spin|p2a: Keldeo-Resolute
|-damage|p2a: Keldeo-Resolute|287\/323
|-sideend|p1: Jack41|Stealth Rock|[from] move: Rapid Spin|[of] p1a: Starmie
|-damage|p1a: Starmie|203\/261|[from] item: Life Orb
|
|turn|6
|
|switch|p2a: Bisharp|Bisharp, M|272\/272
|-damage|p2a: Bisharp|255\/272|[from] Stealth Rock
|move|p1a: Starmie|Scald|p2a: Bisharp
|-crit|p2a: Bisharp
|-damage|p2a: Bisharp|0 fnt
|-damage|p1a: Starmie|177\/261|[from] item: Life Orb
|faint|p2a: Bisharp
|
|
|switch|p2a: Dragonite|Dragonite, M|323\/323
|-damage|p2a: Dragonite|243\/323|[from] Stealth Rock
|turn|7
|
|move|p2a: Dragonite|Extreme Speed|p1a: Starmie
|-damage|p1a: Starmie|0 fnt
|faint|p1a: Starmie
|
|
|switch|p1a: Metagross|Metagross|301\/301
|turn|8
|
|switch|p2a: Metagross|Metagross-Mega|247\/302
|-damage|p2a: Metagross|229\/302|[from] Stealth Rock
|detailschange|p1a: Metagross|Metagross-Mega
|-mega|p1a: Metagross|Metagross|Metagrossite
|move|p1a: Metagross|Ice Punch|p2a: Metagross
|-resisted|p2a: Metagross
|-damage|p2a: Metagross|182\/302
|
|turn|9
|
|move|p2a: Metagross|Hammer Arm|p1a: Metagross
|-damage|p1a: Metagross|179\/301
|-unboost|p2a: Metagross|spe|1
|move|p1a: Metagross|Earthquake|p2a: Metagross
|-supereffective|p2a: Metagross
|-damage|p2a: Metagross|12\/302
|
|turn|10
|
|move|p2a: Metagross|Bullet Punch|p1a: Metagross
|-resisted|p1a: Metagross
|-damage|p1a: Metagross|143\/301
|move|p1a: Metagross|Ice Punch|p2a: Metagross
|-resisted|p2a: Metagross
|-damage|p2a: Metagross|0 fnt
|faint|p2a: Metagross
|
|
|switch|p2a: Thundurus|Thundurus, M|299\/299
|-damage|p2a: Thundurus|225\/299|[from] Stealth Rock
|turn|11
|
|move|p2a: Thundurus|Thunderbolt|p1a: Metagross
|-damage|p1a: Metagross|0 fnt
|-damage|p2a: Thundurus|196\/299|[from] item: Life Orb
|faint|p1a: Metagross
|
|
|switch|p1a: Bisharp|Bisharp, F|271\/271
|turn|12
|
|switch|p2a: Keldeo-Resolute|Keldeo-Resolute|287\/323
|-damage|p2a: Keldeo-Resolute|267\/323|[from] Stealth Rock
|move|p1a: Bisharp|Knock Off|p2a: Keldeo-Resolute
|-resisted|p2a: Keldeo-Resolute
|-damage|p2a: Keldeo-Resolute|174\/323
|-boost|p2a: Keldeo-Resolute|atk|1|[from] ability: Justified
|-enditem|p2a: Keldeo-Resolute|Choice Specs|[from] move: Knock Off|[of] p1a: Bisharp
|
|turn|13
|
|move|p1a: Bisharp|Sucker Punch|p2a: Keldeo-Resolute
|-resisted|p2a: Keldeo-Resolute
|-damage|p2a: Keldeo-Resolute|98\/323
|-boost|p2a: Keldeo-Resolute|atk|1|[from] ability: Justified
|move|p2a: Keldeo-Resolute|Scald|p1a: Bisharp
|-damage|p1a: Bisharp|73\/271
|
|turn|14
|
|move|p1a: Bisharp|Sucker Punch|p2a: Keldeo-Resolute
|-resisted|p2a: Keldeo-Resolute
|-damage|p2a: Keldeo-Resolute|10\/323
|-boost|p2a: Keldeo-Resolute|atk|1|[from] ability: Justified
|move|p2a: Keldeo-Resolute|Scald|p1a: Bisharp
|-damage|p1a: Bisharp|0 fnt
|faint|p1a: Bisharp
|
|
|switch|p1a: Volcarona|Volcarona, F|329\/329
|turn|15
|
|move|p2a: Keldeo-Resolute|Hydro Pump|p1a: Volcarona
|-crit|p1a: Volcarona
|-supereffective|p1a: Volcarona
|-damage|p1a: Volcarona|0 fnt
|faint|p1a: Volcarona
|
|
|switch|p1a: Talonflame|Talonflame, F|297\/297
|turn|16
|
|move|p1a: Talonflame|Brave Bird|p2a: Keldeo-Resolute
|-supereffective|p2a: Keldeo-Resolute
|-damage|p2a: Keldeo-Resolute|0 fnt
|-damage|p1a: Talonflame|294\/297|[from] recoil|[of] p2a: Keldeo-Resolute
|faint|p2a: Keldeo-Resolute
|
|
|switch|p2a: Thundurus|Thundurus, M|196\/299
|-damage|p2a: Thundurus|122\/299|[from] Stealth Rock
|turn|17
|
|move|p1a: Talonflame|Flare Blitz|p2a: Thundurus
|-damage|p2a: Thundurus|0 fnt
|-damage|p1a: Talonflame|254\/297|[from] recoil|[of] p2a: Thundurus
|faint|p2a: Thundurus
|
|
|switch|p2a: Dragonite|Dragonite, M|243\/323
|-damage|p2a: Dragonite|163\/323|[from] Stealth Rock
|turn|18
|
|move|p2a: Dragonite|Extreme Speed|p1a: Talonflame
|-damage|p1a: Talonflame|50\/297
|move|p1a: Talonflame|Brave Bird|p2a: Dragonite
|-damage|p2a: Dragonite|0 fnt
|-damage|p1a: Talonflame|0 fnt|[from] recoil|[of] p2a: Dragonite
|faint|p2a: Dragonite
|faint|p1a: Talonflame
|
|win|Jack41
|raw|Ladder updating...
|raw|Jack41's rating: 1672 &rarr; <strong>1687<\/strong><br \/>(+15 for winning)
|raw|GamerGal's rating: 1585 &rarr; <strong>1570<\/strong><br \/>(-15 for losing)
|c|âJack41|gg
|leave|GamerGal