|join|Jack41
|join|Nonpker
|player|p1|Jack41|17
|player|p2|Nonpker|1
|gametype|singles
|gen|6
|tier|OU
|rated
|clearpoke
|poke|p1|Charizard, F
|poke|p1|Excadrill, F
|poke|p1|Tyranitar, M
|poke|p1|Azumarill, F
|poke|p1|Thundurus, M
|poke|p1|Dragonite, M
|poke|p2|Charizard, M
|poke|p2|Jirachi
|poke|p2|Chesnaught, F
|poke|p2|Tyranitar, M
|poke|p2|Starmie
|poke|p2|Clefable, M
|rule|Swagger Clause: Swagger is banned
|rule|Baton Pass Clause: Limit one PokÃ©mon knowing Baton Pass
|rule|Sleep Clause Mod: Limit one foe put to sleep
|rule|Species Clause: Limit one of each PokÃ©mon
|rule|OHKO Clause: OHKO moves are banned
|rule|Moody Clause: Moody is banned
|rule|Evasion Moves Clause: Evasion moves are banned
|rule|Endless Battle Clause: Forcing endless battles is banned
|rule|HP Percentage Mod: HP is shown in percentages
|teampreview
|
|start
|switch|p1a: Tyranitar|Tyranitar, M|403\/403
|switch|p2a: Jirachi|Jirachi|345\/345
|-weather|Sandstorm
|turn|1
|
|move|p2a: Jirachi|Stealth Rock|p1a: Tyranitar
|-sidestart|p1: Jack41|move: Stealth Rock
|move|p1a: Tyranitar|Stealth Rock|p2a: Jirachi
|-sidestart|p2: Nonpker|move: Stealth Rock
|
|-weather|Sandstorm|[upkeep]
|turn|2
|
|move|p2a: Jirachi|U-turn|p1a: Tyranitar
|-supereffective|p1a: Tyranitar
|-damage|p1a: Tyranitar|315\/403
|
|switch|p2a: Chesnaught|Chesnaught, F|380\/380
|-damage|p2a: Chesnaught|357\/380|[from] Stealth Rock
|move|p1a: Tyranitar|Crunch|p2a: Chesnaught
|-resisted|p2a: Chesnaught
|-damage|p2a: Chesnaught|315\/380
|
|-weather|Sandstorm|[upkeep]
|-damage|p2a: Chesnaught|292\/380|[from] Sandstorm
|-heal|p2a: Chesnaught|315\/380|[from] item: Leftovers
|turn|3
|
|move|p2a: Chesnaught|Leech Seed|p1a: Tyranitar
|-start|p1a: Tyranitar|move: Leech Seed
|move|p1a: Tyranitar|Ice Beam|p2a: Chesnaught
|-supereffective|p2a: Chesnaught
|-damage|p2a: Chesnaught|139\/380
|
|-weather|Sandstorm|[upkeep]
|-damage|p2a: Chesnaught|116\/380|[from] Sandstorm
|-heal|p2a: Chesnaught|139\/380|[from] item: Leftovers
|-damage|p1a: Tyranitar|265\/403|[from] Leech Seed|[of] p2a: Chesnaught
|-heal|p2a: Chesnaught|189\/380|[silent]
|turn|4
|
|switch|p1a: Thundurus|Thundurus, M|299\/299
|-damage|p1a: Thundurus|225\/299|[from] Stealth Rock
|move|p2a: Chesnaught|Spiky Shield|p2a: Chesnaught
|-fail|p2a: Chesnaught
|
|-weather|Sandstorm|[upkeep]
|-damage|p1a: Thundurus|207\/299|[from] Sandstorm
|-damage|p2a: Chesnaught|166\/380|[from] Sandstorm
|-heal|p2a: Chesnaught|189\/380|[from] item: Leftovers
|turn|5
|
|switch|p2a: Jirachi|Jirachi|345\/345
|-damage|p2a: Jirachi|324\/345|[from] Stealth Rock
|move|p1a: Thundurus|Thunder Wave|p2a: Jirachi
|-status|p2a: Jirachi|par
|
|-weather|Sandstorm|[upkeep]
|-damage|p1a: Thundurus|189\/299|[from] Sandstorm
|-heal|p2a: Jirachi|345\/345 par|[from] item: Leftovers
|turn|6
|
|move|p1a: Thundurus|Thunderbolt|p2a: Jirachi
|-damage|p2a: Jirachi|158\/345 par
|-damage|p1a: Thundurus|160\/299|[from] item: Life Orb
|move|p2a: Jirachi|Fire Punch|p1a: Thundurus
|-damage|p1a: Thundurus|67\/299
|
|-weather|Sandstorm|[upkeep]
|-damage|p1a: Thundurus|49\/299|[from] Sandstorm
|-heal|p2a: Jirachi|179\/345 par|[from] item: Leftovers
|turn|7
|
|move|p1a: Thundurus|Thunderbolt|p2a: Jirachi
|-damage|p2a: Jirachi|0 fnt
|-damage|p1a: Thundurus|20\/299|[from] item: Life Orb
|faint|p2a: Jirachi
|
|-weather|Sandstorm|[upkeep]
|-damage|p1a: Thundurus|2\/299|[from] Sandstorm
|
|switch|p2a: Clefable|Clefable, M|394\/394
|-damage|p2a: Clefable|345\/394|[from] Stealth Rock
|turn|8
|
|move|p2a: Clefable|Protect|p2a: Clefable
|-singleturn|p2a: Clefable|Protect
|move|p1a: Thundurus|Thunder Wave|p2a: Clefable
|-activate|p2a: Clefable|Protect
|
|-weather|none
|-heal|p2a: Clefable|369\/394|[from] item: Leftovers
|turn|9
|
|move|p1a: Thundurus|Thunderbolt|p2a: Clefable
|-damage|p2a: Clefable|153\/394
|-damage|p1a: Thundurus|0 fnt|[from] item: Life Orb
|faint|p1a: Thundurus
|move|p2a: Clefable|Moonblast|p1: Thundurus|[notarget]
|-notarget
|
|-heal|p2a: Clefable|177\/394|[from] item: Leftovers
|
|switch|p1a: Excadrill|Excadrill, F|361\/361
|-damage|p1a: Excadrill|350\/361|[from] Stealth Rock
|turn|10
|
|move|p2a: Clefable|Protect|p2a: Clefable
|-singleturn|p2a: Clefable|Protect
|move|p1a: Excadrill|Earthquake|p2a: Clefable
|-activate|p2a: Clefable|Protect
|
|-heal|p2a: Clefable|201\/394|[from] item: Leftovers
|turn|11
|
|switch|p2a: Chesnaught|Chesnaught, F|189\/380
|-damage|p2a: Chesnaught|166\/380|[from] Stealth Rock
|move|p1a: Excadrill|Rapid Spin|p2a: Chesnaught
|-damage|p2a: Chesnaught|143\/380
|-sideend|p1: Jack41|Stealth Rock|[from] move: Rapid Spin|[of] p1a: Excadrill
|-damage|p1a: Excadrill|314\/361|[from] item: Life Orb
|
|-heal|p2a: Chesnaught|166\/380|[from] item: Leftovers
|turn|12
|
|switch|p1a: Charizard|Charizard, F|315\/315
|move|p2a: Chesnaught|Leech Seed|p1a: Charizard
|-start|p1a: Charizard|move: Leech Seed
|
|-heal|p2a: Chesnaught|189\/380|[from] item: Leftovers
|-damage|p1a: Charizard|276\/315|[from] Leech Seed|[of] p2a: Chesnaught
|-heal|p2a: Chesnaught|228\/380|[silent]
|turn|13
|
|move|p2a: Chesnaught|Spiky Shield|p2a: Chesnaught
|-singleturn|p2a: Chesnaught|move: Protect
|move|p1a: Charizard|Dragon Dance|p1a: Charizard
|-boost|p1a: Charizard|atk|1
|-boost|p1a: Charizard|spe|1
|
|-heal|p2a: Chesnaught|251\/380|[from] item: Leftovers
|-damage|p1a: Charizard|237\/315|[from] Leech Seed|[of] p2a: Chesnaught
|-heal|p2a: Chesnaught|290\/380|[silent]
|turn|14
|
|switch|p2a: Clefable|Clefable, M|201\/394
|-damage|p2a: Clefable|152\/394|[from] Stealth Rock
|detailschange|p1a: Charizard|Charizard-Mega-X, F
|-mega|p1a: Charizard|Charizard|Charizardite X
|move|p1a: Charizard|Flare Blitz|p2a: Clefable
|-damage|p2a: Clefable|0 fnt
|-damage|p1a: Charizard|187\/315|[from] recoil|[of] p2a: Clefable
|faint|p2a: Clefable
|
|
|switch|p2a: Tyranitar|Tyranitar, M|341\/341
|-damage|p2a: Tyranitar|299\/341|[from] Stealth Rock
|-weather|Sandstorm
|turn|15
|
|move|p1a: Charizard|Earthquake|p2a: Tyranitar
|-supereffective|p2a: Tyranitar
|-damage|p2a: Tyranitar|0 fnt
|faint|p2a: Tyranitar
|
|-weather|Sandstorm|[upkeep]
|-damage|p1a: Charizard|168\/315|[from] Sandstorm
|
|switch|p2a: Chesnaught|Chesnaught, F|290\/380
|-damage|p2a: Chesnaught|267\/380|[from] Stealth Rock
|turn|16
|
|move|p1a: Charizard|Flare Blitz|p2a: Chesnaught
|-supereffective|p2a: Chesnaught
|-damage|p2a: Chesnaught|0 fnt
|-damage|p1a: Charizard|80\/315|[from] recoil|[of] p2a: Chesnaught
|faint|p2a: Chesnaught
|
|-weather|Sandstorm|[upkeep]
|-damage|p1a: Charizard|61\/315|[from] Sandstorm
|
|switch|p2a: Starmie|Starmie|324\/324
|-damage|p2a: Starmie|284\/324|[from] Stealth Rock
|turn|17
|
|move|p1a: Charizard|Dragon Claw|p2a: Starmie
|-damage|p2a: Starmie|0 fnt
|faint|p2a: Starmie
|
|-weather|Sandstorm|[upkeep]
|-damage|p1a: Charizard|42\/315|[from] Sandstorm
|-message|Nonpker forfeited.
|leave|Nonpker
|
|win|Jack41
|raw|Ladder updating...
|player|p2