|join|Pattern Against
|join|Jack41
|player|p1|Pattern Against|290
|player|p2|Jack41|17
|gametype|singles
|gen|6
|tier|OU
|clearpoke
|poke|p1|Scizor, M, shiny
|poke|p1|Manaphy, shiny
|poke|p1|Thundurus, M
|poke|p1|Landorus-Therian, M
|poke|p1|Cobalion
|poke|p1|Latios, M
|poke|p2|Talonflame, M
|poke|p2|Tyranitar, F
|poke|p2|Excadrill, F
|poke|p2|Gardevoir, M
|poke|p2|Chesnaught, M
|poke|p2|Rotom-Wash
|rule|Swagger Clause: Swagger is banned
|rule|Baton Pass Clause: Limit one PokÃ©mon knowing Baton Pass
|rule|Sleep Clause Mod: Limit one foe put to sleep
|rule|Species Clause: Limit one of each PokÃ©mon
|rule|OHKO Clause: OHKO moves are banned
|rule|Moody Clause: Moody is banned
|rule|Evasion Moves Clause: Evasion moves are banned
|rule|Endless Battle Clause: Forcing endless battles is banned
|rule|HP Percentage Mod: HP is shown in percentages
|teampreview
|
|start
|switch|p1a: Thundurus|Thundurus, M|299\/299
|switch|p2a: Rotom-Wash|Rotom-Wash|304\/304
|turn|1
|
|move|p1a: Thundurus|Volt Switch|p2a: Rotom-Wash
|-damage|p2a: Rotom-Wash|228\/304
|
|switch|p1a: Latios|Latios, M|301\/301
|move|p2a: Rotom-Wash|Volt Switch|p1a: Latios
|-resisted|p1a: Latios
|-damage|p1a: Latios|262\/301
|
|switch|p2a: Reptar|Tyranitar, F|342\/342
|-weather|Sandstorm
|
|-weather|Sandstorm|[upkeep]
|-damage|p1a: Latios|244\/301|[from] sandstorm
|turn|2
|
|switch|p1a: Scizor|Scizor, M, shiny|291\/291
|move|p2a: Reptar|Stealth Rock|p1a: Scizor
|-sidestart|p1: Pattern Against|move: Stealth Rock
|
|-weather|Sandstorm|[upkeep]
|turn|3
|
|detailschange|p1a: Scizor|Scizor-Mega, M, shiny
|-mega|p1a: Scizor|Scizor|Scizorite
|move|p2a: Reptar|Fire Blast|p1a: Scizor
|-supereffective|p1a: Scizor
|-damage|p1a: Scizor|0 fnt
|faint|p1a: Scizor
|
|-weather|Sandstorm|[upkeep]
|
|switch|p1a: Landorus-Therian|Landorus-Therian, M|381\/381
|-damage|p1a: Landorus-Therian|334\/381|[from] Stealth Rock
|-ability|p1a: Landorus-Therian|Intimidate|[of] p2a: Reptar
|-unboost|p2a: Reptar|atk|1
|turn|4
|
|move|p2a: Reptar|Fire Blast|p1a: Landorus-Therian|[miss]
|-miss|p2a: Reptar|p1a: Landorus-Therian
|move|p1a: Landorus-Therian|Stealth Rock|p2a: Reptar
|-sidestart|p2: Jack41|move: Stealth Rock
|
|-weather|Sandstorm|[upkeep]
|-heal|p1a: Landorus-Therian|357\/381|[from] item: Leftovers
|turn|5
|
|move|p2a: Reptar|Ice Beam|p1a: Landorus-Therian
|-supereffective|p1a: Landorus-Therian
|-damage|p1a: Landorus-Therian|0 fnt
|faint|p1a: Landorus-Therian
|
|-weather|none
|
|switch|p1a: Cobalion|Cobalion|358\/358
|-damage|p1a: Cobalion|347\/358|[from] Stealth Rock
|turn|6
|
|switch|p2a: Chesnaught|Chesnaught, M|380\/380
|-damage|p2a: Chesnaught|357\/380|[from] Stealth Rock
|move|p1a: Cobalion|Close Combat|p2a: Chesnaught
|-damage|p2a: Chesnaught|273\/380
|-unboost|p1a: Cobalion|def|1
|-unboost|p1a: Cobalion|spd|1
|
|-heal|p1a: Cobalion|358\/358|[from] item: Leftovers
|-heal|p2a: Chesnaught|296\/380|[from] item: Leftovers
|turn|7
|
|move|p1a: Cobalion|Taunt|p2a: Chesnaught
|-start|p2a: Chesnaught|move: Taunt
|cant|p2a: Chesnaught|move: Taunt|Leech Seed
|
|-heal|p2a: Chesnaught|319\/380|[from] item: Leftovers
|turn|8
|
|move|p1a: Cobalion|Iron Head|p2a: Chesnaught
|-damage|p2a: Chesnaught|259\/380
|cant|p2a: Chesnaught|flinch
|
|-heal|p2a: Chesnaught|282\/380|[from] item: Leftovers
|turn|9
|
|move|p1a: Cobalion|Volt Switch|p2a: Chesnaught
|-resisted|p2a: Chesnaught
|-damage|p2a: Chesnaught|253\/380
|
|switch|p1a: Thundurus|Thundurus, M|299\/299
|-damage|p1a: Thundurus|225\/299|[from] Stealth Rock
|move|p2a: Chesnaught|Drain Punch|p1a: Thundurus
|-resisted|p1a: Thundurus
|-damage|p1a: Thundurus|161\/299
|-heal|p2a: Chesnaught|285\/380|[from] drain|[of] p1a: Thundurus
|
|-heal|p1a: Thundurus|179\/299|[from] item: Leftovers
|-heal|p2a: Chesnaught|308\/380|[from] item: Leftovers
|-end|p2a: Chesnaught|move: Taunt
|turn|10
|
|switch|p2a: Rotom-Wash|Rotom-Wash|228\/304
|-damage|p2a: Rotom-Wash|190\/304|[from] Stealth Rock
|move|p1a: Thundurus|Thunder Wave|p2a: Rotom-Wash
|-fail|p2a: Rotom-Wash
|
|-heal|p1a: Thundurus|197\/299|[from] item: Leftovers
|-heal|p2a: Rotom-Wash|209\/304|[from] item: Leftovers
|turn|11
|
|move|p1a: Thundurus|Volt Switch|p2a: Rotom-Wash
|-damage|p2a: Rotom-Wash|130\/304
|
|switch|p1a: Latios|Latios, M|244\/301
|-damage|p1a: Latios|207\/301|[from] Stealth Rock
|move|p2a: Rotom-Wash|Volt Switch|p1a: Latios
|-resisted|p1a: Latios
|-damage|p1a: Latios|168\/301
|
|switch|p2a: Reptar|Tyranitar, F|342\/342
|-damage|p2a: Reptar|300\/342|[from] Stealth Rock
|-weather|Sandstorm
|
|-weather|Sandstorm|[upkeep]
|-damage|p1a: Latios|150\/301|[from] sandstorm
|turn|12
|
|switch|p1a: Manaphy|Manaphy, shiny|341\/341
|-damage|p1a: Manaphy|299\/341|[from] Stealth Rock
|move|p2a: Reptar|Ice Beam|p1a: Manaphy
|-resisted|p1a: Manaphy
|-damage|p1a: Manaphy|255\/341
|
|-weather|Sandstorm|[upkeep]
|-damage|p1a: Manaphy|234\/341|[from] sandstorm
|-heal|p1a: Manaphy|255\/341|[from] item: Leftovers
|turn|13
|
|switch|p2a: Rotom-Wash|Rotom-Wash|130\/304
|-damage|p2a: Rotom-Wash|92\/304|[from] Stealth Rock
|move|p1a: Manaphy|Scald|p2a: Rotom-Wash
|-resisted|p2a: Rotom-Wash
|-damage|p2a: Rotom-Wash|49\/304
|-status|p2a: Rotom-Wash|brn
|
|-weather|Sandstorm|[upkeep]
|-damage|p1a: Manaphy|234\/341|[from] sandstorm
|-damage|p2a: Rotom-Wash|30\/304 brn|[from] sandstorm
|-heal|p1a: Manaphy|255\/341|[from] item: Leftovers
|-heal|p2a: Rotom-Wash|49\/304 brn|[from] item: Leftovers
|-damage|p2a: Rotom-Wash|11\/304 brn|[from] brn
|turn|14
|
|move|p1a: Manaphy|Energy Ball|p2a: Rotom-Wash
|-supereffective|p2a: Rotom-Wash
|-damage|p2a: Rotom-Wash|0 fnt
|faint|p2a: Rotom-Wash
|
|-weather|Sandstorm|[upkeep]
|-damage|p1a: Manaphy|234\/341|[from] sandstorm
|-heal|p1a: Manaphy|255\/341|[from] item: Leftovers
|
|switch|p2a: Gardevoir|Gardevoir, M|277\/277
|-damage|p2a: Gardevoir|243\/277|[from] Stealth Rock
|-ability|p2a: Gardevoir|Hydration|[from] ability: Trace|[of] p1a: Manaphy
|turn|15
|
|detailschange|p2a: Gardevoir|Gardevoir-Mega, M
|-mega|p2a: Gardevoir|Gardevoir|Gardevoirite
|move|p1a: Manaphy|Scald|p2a: Gardevoir
|-damage|p2a: Gardevoir|153\/277
|move|p2a: Gardevoir|Hyper Voice|p1a: Manaphy
|-damage|p1a: Manaphy|8\/341
|
|-weather|none
|-heal|p1a: Manaphy|29\/341|[from] item: Leftovers
|turn|16
|
|move|p1a: Manaphy|Scald|p2a: Gardevoir
|-crit|p2a: Gardevoir
|-damage|p2a: Gardevoir|20\/277
|move|p2a: Gardevoir|Psyshock|p1a: Manaphy
|-damage|p1a: Manaphy|0 fnt
|faint|p1a: Manaphy
|
|
|switch|p1a: Thundurus|Thundurus, M|197\/299
|-damage|p1a: Thundurus|123\/299|[from] Stealth Rock
|turn|17
|
|switch|p2a: Reptar|Tyranitar, F|300\/342
|-damage|p2a: Reptar|258\/342|[from] Stealth Rock
|-weather|Sandstorm
|move|p1a: Thundurus|Hidden Power|p2a: Reptar
|-damage|p2a: Reptar|210\/342
|
|-weather|Sandstorm|[upkeep]
|-damage|p1a: Thundurus|105\/299|[from] sandstorm
|-heal|p1a: Thundurus|123\/299|[from] item: Leftovers
|turn|18
|
|switch|p2a: Gardevoir|Gardevoir-Mega, M|20\/277
|-damage|p2a: Gardevoir|0 fnt|[from] Stealth Rock
|faint|p2a: Gardevoir
|move|p1a: Thundurus|Volt Switch|p2: Gardevoir|[notarget]
|-notarget
|
|-weather|Sandstorm|[upkeep]
|-damage|p1a: Thundurus|105\/299|[from] sandstorm
|-heal|p1a: Thundurus|123\/299|[from] item: Leftovers
|
|switch|p2a: Grand Mole|Excadrill, F|362\/362
|-damage|p2a: Grand Mole|351\/362|[from] Stealth Rock
|-item|p2a: Grand Mole|Air Balloon
|turn|19
|
|switch|p1a: Cobalion|Cobalion|358\/358
|-damage|p1a: Cobalion|347\/358|[from] Stealth Rock
|move|p2a: Grand Mole|Rock Slide|p1a: Cobalion
|-resisted|p1a: Cobalion
|-damage|p1a: Cobalion|329\/358
|
|-weather|Sandstorm|[upkeep]
|-heal|p1a: Cobalion|351\/358|[from] item: Leftovers
|turn|20
|
|move|p2a: Grand Mole|Earthquake|p1a: Cobalion
|-supereffective|p1a: Cobalion
|-damage|p1a: Cobalion|7\/358
|move|p1a: Cobalion|Close Combat|p2a: Grand Mole
|-supereffective|p2a: Grand Mole
|-damage|p2a: Grand Mole|0 fnt
|-enditem|p2a: Grand Mole|Air Balloon
|-unboost|p1a: Cobalion|def|1
|-unboost|p1a: Cobalion|spd|1
|faint|p2a: Grand Mole
|
|-weather|Sandstorm|[upkeep]
|-heal|p1a: Cobalion|29\/358|[from] item: Leftovers
|
|switch|p2a: Talonflame|Talonflame, M|298\/298
|-damage|p2a: Talonflame|149\/298|[from] Stealth Rock
|turn|21
|
|move|p2a: Talonflame|Brave Bird|p1a: Cobalion
|-damage|p1a: Cobalion|0 fnt
|-damage|p2a: Talonflame|139\/298|[from] recoil|[of] p1a: Cobalion
|faint|p1a: Cobalion
|
|-weather|none
|
|switch|p1a: Thundurus|Thundurus, M|123\/299
|-damage|p1a: Thundurus|49\/299|[from] Stealth Rock
|turn|22
|c|âJack41|gg
|
|move|p2a: Talonflame|Brave Bird|p1a: Thundurus
|-resisted|p1a: Thundurus
|-damage|p1a: Thundurus|0 fnt
|-damage|p2a: Talonflame|123\/298|[from] recoil|[of] p1a: Thundurus
|faint|p1a: Thundurus
|
|
|switch|p1a: Latios|Latios, M|150\/301
|-damage|p1a: Latios|113\/301|[from] Stealth Rock
|turn|23
|
|move|p2a: Talonflame|Brave Bird|p1a: Latios
|-damage|p1a: Latios|0 fnt
|-damage|p2a: Talonflame|86\/298|[from] recoil|[of] p1a: Latios
|faint|p1a: Latios
|
|win|Jack41
|c|âPattern Against|gg
|leave|Pattern Against
|player|p1