|join|corvetto
|join|jack41
|player|p1|corvetto|169
|player|p2|jack41|17
|gametype|singles
|gen|6
|tier|OU
|clearpoke
|poke|p1|Weavile, M, shiny
|poke|p1|Gyarados, M
|poke|p1|Excadrill, M, shiny
|poke|p1|Latias, F
|poke|p1|Heatran, M
|poke|p1|Sableye, M
|poke|p2|Excadrill, F
|poke|p2|Tyranitar, M
|poke|p2|Charizard, M
|poke|p2|Slowbro, M
|poke|p2|Amoonguss, F
|poke|p2|Keldeo
|rule|Swagger Clause: Swagger is banned
|rule|Baton Pass Clause: Limit one PokÃ©mon knowing Baton Pass
|rule|Sleep Clause Mod: Limit one foe put to sleep
|rule|Species Clause: Limit one of each PokÃ©mon
|rule|OHKO Clause: OHKO moves are banned
|rule|Moody Clause: Moody is banned
|rule|Evasion Moves Clause: Evasion moves are banned
|rule|Endless Battle Clause: Forcing endless battles is banned
|rule|HP Percentage Mod: HP is shown in percentages
|teampreview
|c|âcorvetto|well hope this team works lol
|
|start
|switch|p1a: Sableye|Sableye, M|304\/304
|switch|p2a: Charizard|Charizard, M|297\/297
|turn|1
|
|detailschange|p2a: Charizard|Charizard-Mega-Y, M
|-mega|p2a: Charizard|Charizard|Charizardite Y
|-weather|SunnyDay
|detailschange|p1a: Sableye|Sableye-Mega, M
|-mega|p1a: Sableye|Sableye|Sablenite
|move|p2a: Charizard|Focus Blast|p1a: Sableye
|-immune|p1a: Sableye|[msg]
|move|p1a: Sableye|Calm Mind|p1a: Sableye
|-boost|p1a: Sableye|spa|1
|-boost|p1a: Sableye|spd|1
|
|-weather|SunnyDay|[upkeep]
|turn|2
|c|âcorvetto|shit its not prankster
|
|move|p2a: Charizard|Fire Blast|p1a: Sableye
|-damage|p1a: Sableye|96\/304
|move|p1a: Sableye|Shadow Ball|p2a: Charizard
|-damage|p2a: Charizard|195\/297
|-unboost|p2a: Charizard|spd|1
|
|-weather|SunnyDay|[upkeep]
|turn|3
|
|switch|p1a: Latias|Latias, F|305\/305
|move|p2a: Charizard|Solar Beam|p1a: Latias|[still]
|-prepare|p2a: Charizard|Solar Beam|p1a: Latias
|-anim|p2a: Charizard|Solar Beam|p1a: Latias
|-resisted|p1a: Latias
|-damage|p1a: Latias|241\/305
|
|-weather|SunnyDay|[upkeep]
|turn|4
|
|switch|p2a: Tyranitar|Tyranitar, M|403\/403
|-weather|Sandstorm
|move|p1a: Latias|Draco Meteor|p2a: Tyranitar
|-damage|p2a: Tyranitar|187\/403
|-unboost|p1a: Latias|spa|2
|
|-weather|Sandstorm|[upkeep]
|-damage|p1a: Latias|222\/305|[from] sandstorm
|turn|5
|
|switch|p2a: Excadrill|Excadrill, F|361\/361
|move|p1a: Latias|Draco Meteor|p2a: Excadrill
|-resisted|p2a: Excadrill
|-damage|p2a: Excadrill|246\/361
|-unboost|p1a: Latias|spa|2
|
|-weather|Sandstorm|[upkeep]
|-damage|p1a: Latias|203\/305|[from] sandstorm
|turn|6
|
|switch|p1a: Sableye|Sableye-Mega, M|96\/304
|move|p2a: Excadrill|Rock Slide|p1a: Sableye
|-damage|p1a: Sableye|21\/304
|-damage|p2a: Excadrill|210\/361|[from] item: Life Orb
|
|-weather|Sandstorm|[upkeep]
|-damage|p1a: Sableye|2\/304|[from] sandstorm
|turn|7
|
|move|p2a: Excadrill|Iron Head|p1a: Sableye
|-damage|p1a: Sableye|0 fnt
|-damage|p2a: Excadrill|174\/361|[from] item: Life Orb
|faint|p1a: Sableye
|
|-weather|Sandstorm|[upkeep]
|
|switch|p1a: Gyarados|Gyarados, M|333\/333
|-ability|p1a: Gyarados|Intimidate|[of] p2a: Excadrill
|-unboost|p2a: Excadrill|atk|1
|turn|8
|
|switch|p2a: Slowbro|Slowbro, M|394\/394
|move|p1a: Gyarados|Waterfall|p2a: Slowbro
|-resisted|p2a: Slowbro
|-damage|p2a: Slowbro|344\/394
|
|-weather|Sandstorm|[upkeep]
|-damage|p1a: Gyarados|313\/333|[from] sandstorm
|-damage|p2a: Slowbro|320\/394|[from] sandstorm
|-heal|p1a: Gyarados|333\/333|[from] item: Leftovers
|-heal|p2a: Slowbro|344\/394|[from] item: Leftovers
|turn|9
|
|switch|p1a: Latias|Latias, F|203\/305
|move|p2a: Slowbro|Thunder Wave|p1a: Latias
|-status|p1a: Latias|par
|
|-weather|Sandstorm|[upkeep]
|-damage|p2a: Slowbro|320\/394|[from] sandstorm
|-damage|p1a: Latias|184\/305 par|[from] sandstorm
|-heal|p2a: Slowbro|344\/394|[from] item: Leftovers
|turn|10
|
|switch|p2a: Amoonguss|Amoonguss, F|432\/432
|move|p1a: Latias|Trick|p2a: Amoonguss
|-activate|p1a: Latias|move: Trick|[of] p2a: Amoonguss
|-item|p2a: Amoonguss|Choice Specs|[from] move: Trick
|-item|p1a: Latias|Black Sludge|[from] move: Trick
|
|-weather|Sandstorm|[upkeep]
|-damage|p2a: Amoonguss|405\/432|[from] sandstorm
|-damage|p1a: Latias|165\/305 par|[from] sandstorm
|-damage|p1a: Latias|127\/305 par|[from] item: Black Sludge
|turn|11
|
|move|p2a: Amoonguss|Foul Play|p1a: Latias
|-supereffective|p1a: Latias
|-damage|p1a: Latias|15\/305 par
|move|p1a: Latias|Psyshock|p2a: Amoonguss
|-supereffective|p2a: Amoonguss
|-damage|p2a: Amoonguss|145\/432
|
|-weather|none
|-damage|p1a: Latias|0 fnt|[from] item: Black Sludge
|faint|p1a: Latias
|
|switch|p1a: Weavile|Weavile, M, shiny|281\/281
|-ability|p1a: Weavile|Pressure
|turn|12
|
|switch|p2a: Keldeo|Keldeo|323\/323
|move|p1a: Weavile|Knock Off|p2a: Keldeo
|-resisted|p2a: Keldeo
|-damage|p2a: Keldeo|203\/323
|-boost|p2a: Keldeo|atk|1|[from] ability: Justified
|-enditem|p2a: Keldeo|Choice Scarf|[from] move: Knock Off|[of] p1a: Weavile
|-damage|p1a: Weavile|253\/281|[from] item: Life Orb
|
|turn|13
|
|switch|p1a: Gyarados|Gyarados, M|333\/333
|-ability|p1a: Gyarados|Intimidate|[of] p2a: Keldeo
|-unboost|p2a: Keldeo|atk|1
|move|p2a: Keldeo|Secret Sword|p1a: Gyarados
|-resisted|p1a: Gyarados
|-damage|p1a: Gyarados|249\/333
|
|-heal|p1a: Gyarados|269\/333|[from] item: Leftovers
|turn|14
|
|move|p2a: Keldeo|Hidden Power|p1a: Gyarados
|-supereffective|p1a: Gyarados
|-damage|p1a: Gyarados|0 fnt
|faint|p1a: Gyarados
|
|
|switch|p1a: Excadrill|Excadrill, M, shiny|361\/361
|-ability|p1a: Excadrill|Mold Breaker
|turn|15
|
|switch|p2a: Tyranitar|Tyranitar, M|187\/403
|-weather|Sandstorm
|move|p1a: Excadrill|Earthquake|p2a: Tyranitar
|-supereffective|p2a: Tyranitar
|-damage|p2a: Tyranitar|0 fnt
|faint|p2a: Tyranitar
|
|-weather|Sandstorm|[upkeep]
|
|switch|p2a: Excadrill|Excadrill, F|174\/361
|turn|16
|
|move|p2a: Excadrill|Earthquake|p1a: Excadrill
|-supereffective|p1a: Excadrill
|-damage|p1a: Excadrill|0 fnt
|-damage|p2a: Excadrill|138\/361|[from] item: Life Orb
|faint|p1a: Excadrill
|
|-weather|Sandstorm|[upkeep]
|
|switch|p1a: Weavile|Weavile, M, shiny|253\/281
|-ability|p1a: Weavile|Pressure
|turn|17
|
|move|p1a: Weavile|Ice Shard|p2a: Excadrill
|-damage|p2a: Excadrill|12\/361
|-damage|p1a: Weavile|225\/281|[from] item: Life Orb
|move|p2a: Excadrill|Iron Head|p1a: Weavile
|-supereffective|p1a: Weavile
|-damage|p1a: Weavile|0 fnt
|-damage|p2a: Excadrill|0 fnt|[from] item: Life Orb
|faint|p1a: Weavile
|faint|p2a: Excadrill
|
|-weather|Sandstorm|[upkeep]
|
|switch|p2a: Keldeo|Keldeo|203\/323
|switch|p1a: Heatran|Heatran, M|386\/386
|turn|18
|
|move|p2a: Keldeo|Secret Sword|p1a: Heatran
|-supereffective|p1a: Heatran
|-damage|p1a: Heatran|90\/386
|move|p1a: Heatran|Stealth Rock|p2a: Keldeo
|-sidestart|p2: jack41|move: Stealth Rock
|
|-weather|Sandstorm|[upkeep]
|-damage|p2a: Keldeo|183\/323|[from] sandstorm
|-heal|p1a: Heatran|114\/386|[from] item: Leftovers
|turn|19
|c|âjack41|really rocks?
|
|move|p2a: Keldeo|Secret Sword|p1a: Heatran
|-supereffective|p1a: Heatran
|-damage|p1a: Heatran|0 fnt
|faint|p1a: Heatran
|
|win|jack41
|c|âcorvetto|well this didnt work out that well
|c|âcorvetto|lol