|join|Oppa XD
|join|jack41
|player|p1|Oppa XD|53
|player|p2|jack41|169
|gametype|singles
|gen|6
|tier|OU
|rated
|clearpoke
|poke|p1|Charizard, F
|poke|p1|Slowbro, M
|poke|p1|Amoonguss, M
|poke|p1|Keldeo
|poke|p1|Tyranitar, M
|poke|p1|Excadrill, M
|poke|p2|Metagross
|poke|p2|Volcarona, M
|poke|p2|Garchomp, F
|poke|p2|Starmie
|poke|p2|Bisharp, M
|poke|p2|Talonflame, F
|rule|Swagger Clause: Swagger is banned
|rule|Baton Pass Clause: Limit one PokÃ©mon knowing Baton Pass
|rule|Sleep Clause Mod: Limit one foe put to sleep
|rule|Species Clause: Limit one of each PokÃ©mon
|rule|OHKO Clause: OHKO moves are banned
|rule|Moody Clause: Moody is banned
|rule|Evasion Moves Clause: Evasion moves are banned
|rule|Endless Battle Clause: Forcing endless battles is banned
|rule|HP Percentage Mod: HP is shown in percentages
|teampreview
|
|start
|switch|p1a: Gabriel|Keldeo|323\/323
|switch|p2a: Garchomp|Garchomp, F|357\/357
|turn|1
|join|Nego ban
|
|move|p1a: Gabriel|Scald|p2a: Garchomp
|-damage|p2a: Garchomp|204\/357
|-status|p2a: Garchomp|brn
|-enditem|p2a: Garchomp|Lum Berry|[eat]
|-curestatus|p2a: Garchomp|brn
|move|p2a: Garchomp|Stealth Rock|p1a: Gabriel
|-sidestart|p1: Oppa XD|move: Stealth Rock
|
|turn|2
|
|move|p1a: Gabriel|Scald|p2a: Garchomp
|-damage|p2a: Garchomp|41\/357
|move|p2a: Garchomp|Earthquake|p1a: Gabriel
|-damage|p1a: Gabriel|137\/323
|
|turn|3
|
|switch|p2a: Starmie|Starmie|261\/261
|move|p1a: Gabriel|Scald|p2a: Starmie
|-resisted|p2a: Starmie
|-damage|p2a: Starmie|180\/261
|-status|p2a: Starmie|brn
|
|-damage|p2a: Starmie|148\/261 brn|[from] brn
|turn|4
|
|switch|p1a: Nicolas|Tyranitar, M|404\/404
|-damage|p1a: Nicolas|354\/404|[from] Stealth Rock
|-weather|Sandstorm
|move|p2a: Starmie|Scald|p1a: Nicolas
|-supereffective|p1a: Nicolas
|-damage|p1a: Nicolas|141\/404
|-status|p1a: Nicolas|brn
|-damage|p2a: Starmie|122\/261 brn|[from] item: Life Orb
|
|-weather|Sandstorm|[upkeep]
|-damage|p2a: Starmie|106\/261 brn|[from] sandstorm
|-damage|p2a: Starmie|74\/261 brn|[from] brn
|-damage|p1a: Nicolas|91\/404 brn|[from] brn
|turn|5
|
|move|p2a: Starmie|Scald|p1a: Nicolas
|-supereffective|p1a: Nicolas
|-damage|p1a: Nicolas|0 fnt
|-damage|p2a: Starmie|48\/261 brn|[from] item: Life Orb
|faint|p1a: Nicolas
|
|-weather|Sandstorm|[upkeep]
|-damage|p2a: Starmie|32\/261 brn|[from] sandstorm
|-damage|p2a: Starmie|0 fnt|[from] brn
|faint|p2a: Starmie
|
|switch|p1a: Daniel|Excadrill, M|361\/361
|switch|p2a: Bisharp|Bisharp, M|271\/271
|-damage|p1a: Daniel|350\/361|[from] Stealth Rock
|turn|6
|
|move|p1a: Daniel|Earthquake|p2a: Bisharp
|-supereffective|p2a: Bisharp
|-enditem|p2a: Bisharp|Focus Sash
|-damage|p2a: Bisharp|1\/271
|-damage|p1a: Daniel|314\/361|[from] item: Life Orb
|move|p2a: Bisharp|Swords Dance|p2a: Bisharp
|-boost|p2a: Bisharp|atk|2
|
|-weather|Sandstorm|[upkeep]
|turn|7
|
|move|p2a: Bisharp|Sucker Punch|p1a: Daniel
|-damage|p1a: Daniel|0 fnt
|faint|p1a: Daniel
|
|-weather|Sandstorm|[upkeep]
|-message|Oppa XD forfeited.
|leave|Oppa XD
|
|win|jack41
|raw|Ladder updating...
|player|p1
|raw|Oppa XD's rating: 1521 &rarr; <strong>1507<\/strong><br \/>(-14 for losing)
|raw|jack41's rating: 1628 &rarr; <strong>1643<\/strong><br \/>(+15 for winning)