|join|Jack41
|join|Foretime
|player|p1|Jack41|17
|player|p2|Foretime|170
|gametype|singles
|gen|6
|tier|OU
|rated
|clearpoke
|poke|p1|Thundurus, M
|poke|p1|Azumarill, M
|poke|p1|Medicham, F
|poke|p1|Tyranitar, F
|poke|p1|Excadrill, M
|poke|p1|Volcarona, M
|poke|p2|Infernape, F, shiny
|poke|p2|Metagross, shiny
|poke|p2|Thundurus, M
|poke|p2|Landorus, M
|poke|p2|Lucario, F
|poke|p2|Azumarill, F
|rule|Swagger Clause: Swagger is banned
|rule|Baton Pass Clause: Limit one PokÃ©mon knowing Baton Pass
|rule|Sleep Clause Mod: Limit one foe put to sleep
|rule|Species Clause: Limit one of each PokÃ©mon
|rule|OHKO Clause: OHKO moves are banned
|rule|Moody Clause: Moody is banned
|rule|Evasion Moves Clause: Evasion moves are banned
|rule|Endless Battle Clause: Forcing endless battles is banned
|rule|HP Percentage Mod: HP is shown in percentages
|teampreview
|
|start
|switch|p1a: Medicham|Medicham, F|261\/261
|switch|p2a: Infernape|Infernape, F, shiny|293\/293
|turn|1
|
|switch|p2a: Metagross|Metagross, shiny|301\/301
|switch|p1a: Azumarill|Azumarill, M|398\/398
|
|turn|2
|
|switch|p2a: Infernape|Infernape, F, shiny|293\/293
|move|p1a: Azumarill|Waterfall|p2a: Infernape
|-supereffective|p2a: Infernape
|-enditem|p2a: Infernape|Focus Sash
|-damage|p2a: Infernape|1\/293
|
|turn|3
|
|switch|p2a: Azumarill|Azumarill, F|380\/380
|move|p1a: Azumarill|Waterfall|p2a: Azumarill
|-resisted|p2a: Azumarill
|-damage|p2a: Azumarill|218\/380
|
|turn|4
|
|switch|p2a: Infernape|Infernape, F, shiny|1\/293
|move|p1a: Azumarill|Waterfall|p2a: Infernape
|-supereffective|p2a: Infernape
|-damage|p2a: Infernape|0 fnt
|faint|p2a: Infernape
|
|
|switch|p2a: Thundurus|Thundurus, M|298\/298
|turn|5
|
|switch|p1a: Volcarona|Volcarona, M|311\/311
|move|p2a: Thundurus|Thunderbolt|p1a: Volcarona
|-damage|p1a: Volcarona|142\/311
|-damage|p2a: Thundurus|269\/298|[from] item: Life Orb
|
|turn|6
|
|move|p2a: Thundurus|Knock Off|p1a: Volcarona
|-damage|p1a: Volcarona|0 fnt
|-enditem|p1a: Volcarona|Lum Berry|[from] move: Knock Off|[of] p2a: Thundurus
|-damage|p2a: Thundurus|240\/298|[from] item: Life Orb
|faint|p1a: Volcarona
|
|
|switch|p1a: Tyranitar|Tyranitar, F|403\/403
|-weather|Sandstorm
|turn|7
|
|move|p2a: Thundurus|Knock Off|p1a: Tyranitar
|-resisted|p1a: Tyranitar
|-damage|p1a: Tyranitar|360\/403
|-enditem|p1a: Tyranitar|Smooth Rock|[from] move: Knock Off|[of] p2a: Thundurus
|-damage|p2a: Thundurus|211\/298|[from] item: Life Orb
|move|p1a: Tyranitar|Stealth Rock|p2a: Thundurus
|-sidestart|p2: Foretime|move: Stealth Rock
|
|-weather|Sandstorm|[upkeep]
|-damage|p2a: Thundurus|193\/298|[from] sandstorm
|turn|8
|
|move|p1a: Tyranitar|Pursuit|p2a: Thundurus|[from]Pursuit
|-damage|p2a: Thundurus|24\/298
|switch|p2a: Lucario|Lucario, F|281\/281
|-damage|p2a: Lucario|273\/281|[from] Stealth Rock
|
|-weather|Sandstorm|[upkeep]
|turn|9
|
|switch|p1a: Azumarill|Azumarill, M|398\/398
|move|p2a: Lucario|Close Combat|p1a: Azumarill
|-resisted|p1a: Azumarill
|-damage|p1a: Azumarill|236\/398
|-unboost|p2a: Lucario|def|1
|-unboost|p2a: Lucario|spd|1
|-damage|p2a: Lucario|245\/281|[from] item: Life Orb
|
|-weather|Sandstorm|[upkeep]
|-damage|p1a: Azumarill|212\/398|[from] sandstorm
|turn|10
|
|switch|p2a: Thundurus|Thundurus, M|24\/298
|-damage|p2a: Thundurus|0 fnt|[from] Stealth Rock
|faint|p2a: Thundurus
|move|p1a: Azumarill|Aqua Jet|p2: Thundurus|[notarget]
|-notarget
|
|-weather|Sandstorm|[upkeep]
|-damage|p1a: Azumarill|188\/398|[from] sandstorm
|
|switch|p2a: Azumarill|Azumarill, F|218\/380
|-damage|p2a: Azumarill|171\/380|[from] Stealth Rock
|-enditem|p2a: Azumarill|Sitrus Berry|[eat]
|-heal|p2a: Azumarill|266\/380|[from] item: Sitrus Berry
|turn|11
|
|move|p1a: Azumarill|Aqua Jet|p2a: Azumarill
|-resisted|p2a: Azumarill
|-damage|p2a: Azumarill|188\/380
|move|p2a: Azumarill|Play Rough|p1a: Azumarill
|-damage|p1a: Azumarill|0 fnt
|faint|p1a: Azumarill
|
|-weather|Sandstorm|[upkeep]
|-damage|p2a: Azumarill|165\/380|[from] sandstorm
|
|switch|p1a: Medicham|Medicham, F|261\/261
|turn|12
|
|detailschange|p1a: Medicham|Medicham-Mega, F
|-mega|p1a: Medicham|Medicham|Medichamite
|move|p1a: Medicham|Fake Out|p2a: Azumarill
|-crit|p2a: Azumarill
|-damage|p2a: Azumarill|13\/380
|cant|p2a: Azumarill|flinch
|
|-weather|Sandstorm|[upkeep]
|-damage|p1a: Medicham|245\/261|[from] sandstorm
|-damage|p2a: Azumarill|0 fnt|[from] sandstorm
|faint|p2a: Azumarill
|
|switch|p2a: Metagross|Metagross, shiny|301\/301
|-damage|p2a: Metagross|283\/301|[from] Stealth Rock
|turn|13
|
|detailschange|p2a: Metagross|Metagross-Mega, shiny
|-mega|p2a: Metagross|Metagross|Metagrossite
|move|p1a: Medicham|High Jump Kick|p2a: Metagross
|-damage|p2a: Metagross|0 fnt
|faint|p2a: Metagross
|
|-weather|Sandstorm|[upkeep]
|-damage|p1a: Medicham|229\/261|[from] sandstorm
|
|switch|p2a: Landorus|Landorus, M|319\/319
|-damage|p2a: Landorus|280\/319|[from] Stealth Rock
|turn|14
|
|switch|p1a: Thundurus|Thundurus, M|299\/299
|move|p2a: Landorus|Earth Power|p1a: Thundurus
|-immune|p1a: Thundurus|[msg]
|
|-weather|none
|turn|15
|
|switch|p2a: Lucario|Lucario, F|245\/281
|-damage|p2a: Lucario|237\/281|[from] Stealth Rock
|move|p1a: Thundurus|Hidden Power|p2a: Lucario
|-resisted|p2a: Lucario
|-damage|p2a: Lucario|175\/281
|-damage|p1a: Thundurus|270\/299|[from] item: Life Orb
|
|turn|16
|
|move|p1a: Thundurus|Superpower|p2a: Lucario
|-supereffective|p2a: Lucario
|-damage|p2a: Lucario|0 fnt
|-unboost|p1a: Thundurus|atk|1
|-unboost|p1a: Thundurus|def|1
|-damage|p1a: Thundurus|241\/299|[from] item: Life Orb
|faint|p2a: Lucario
|
|-message|Foretime forfeited.
|leave|Foretime
|
|win|Jack41
|raw|Ladder updating...
|player|p2
|raw|Jack41's rating: 1548 &rarr; <strong>1577<\/strong><br \/>(+29 for winning)
|raw|Foretime's rating: 1711 &rarr; <strong>1682<\/strong><br \/>(-29 for losing)