|join|jack41
|join|Stall Hater
|player|p1|jack41|17
|player|p2|Stall Hater|120
|gametype|singles
|gen|6
|tier|OU
|rated
|clearpoke
|poke|p1|Medicham, F
|poke|p1|Victini
|poke|p1|Azumarill, M
|poke|p1|Azelf
|poke|p1|Thundurus, M
|poke|p1|Bisharp, M
|poke|p2|Galvantula, M, shiny
|poke|p2|Heracross, F, shiny
|poke|p2|Bisharp, M, shiny
|poke|p2|Slowbro, M, shiny
|poke|p2|Excadrill, F, shiny
|poke|p2|Mamoswine, F, shiny
|rule|Swagger Clause: Swagger is banned
|rule|Baton Pass Clause: Limit one PokÃ©mon knowing Baton Pass
|rule|Sleep Clause Mod: Limit one foe put to sleep
|rule|Species Clause: Limit one of each PokÃ©mon
|rule|OHKO Clause: OHKO moves are banned
|rule|Moody Clause: Moody is banned
|rule|Evasion Moves Clause: Evasion moves are banned
|rule|Endless Battle Clause: Forcing endless battles is banned
|rule|HP Percentage Mod: HP is shown in percentages
|teampreview
|
|start
|switch|p1a: Azelf|Azelf|353\/353
|switch|p2a: Galvantula|Galvantula, M, shiny|281\/281
|turn|1
|
|move|p1a: Azelf|Taunt|p2a: Galvantula
|-start|p2a: Galvantula|move: Taunt
|cant|p2a: Galvantula|move: Taunt|Sticky Web
|
|turn|2
|
|move|p1a: Azelf|Stealth Rock|p2a: Galvantula
|-sidestart|p2: Stall Hater|move: Stealth Rock
|move|p2a: Galvantula|Bug Buzz|p1a: Azelf
|-supereffective|p1a: Azelf
|-enditem|p1a: Azelf|Focus Sash
|-damage|p1a: Azelf|1\/353
|
|turn|3
|
|switch|p2a: Slowbro|Slowbro, M, shiny|393\/393
|-damage|p2a: Slowbro|344\/393|[from] Stealth Rock
|move|p1a: Azelf|Explosion|p2a: Slowbro
|-damage|p2a: Slowbro|190\/393
|faint|p1a: Azelf
|
|-heal|p2a: Slowbro|214\/393|[from] item: Leftovers
|
|switch|p1a: Bisharp|Bisharp, M|271\/271
|turn|4
|
|move|p1a: Bisharp|Swords Dance|p1a: Bisharp
|-boost|p1a: Bisharp|atk|2
|move|p2a: Slowbro|Scald|p1a: Bisharp
|-damage|p1a: Bisharp|151\/271
|
|-heal|p2a: Slowbro|238\/393|[from] item: Leftovers
|turn|5
|
|move|p1a: Bisharp|Sucker Punch|p2a: Slowbro
|-supereffective|p2a: Slowbro
|-damage|p2a: Slowbro|0 fnt
|faint|p2a: Slowbro
|
|
|switch|p2a: Galvantula|Galvantula, M, shiny|281\/281
|-damage|p2a: Galvantula|211\/281|[from] Stealth Rock
|turn|6
|
|move|p1a: Bisharp|Sucker Punch|p2a: Galvantula
|-fail|p2a: Galvantula
|move|p2a: Galvantula|Sticky Web|p1a: Bisharp
|-sidestart|p1: jack41|move: Sticky Web
|
|turn|7
|
|move|p1a: Bisharp|Sucker Punch|p2a: Galvantula
|-damage|p2a: Galvantula|0 fnt
|faint|p2a: Galvantula
|
|
|switch|p2a: Heracross|Heracross, F, shiny|363\/363
|-damage|p2a: Heracross|318\/363|[from] Stealth Rock
|turn|8
|
|switch|p1a: Azumarill|Azumarill, M|357\/357
|-activate|p1a: Azumarill|move: Sticky Web
|-unboost|p1a: Azumarill|spe|1
|detailschange|p2a: Heracross|Heracross-Mega, F, shiny
|-mega|p2a: Heracross|Heracross|Heracronite
|move|p2a: Heracross|Close Combat|p1a: Azumarill
|-resisted|p1a: Azumarill
|-damage|p1a: Azumarill|184\/357
|-unboost|p2a: Heracross|def|1
|-unboost|p2a: Heracross|spd|1
|
|turn|9
|
|switch|p2a: Bisharp|Bisharp, M, shiny|271\/271
|-damage|p2a: Bisharp|255\/271|[from] Stealth Rock
|move|p1a: Azumarill|Aqua Jet|p2a: Bisharp
|-damage|p2a: Bisharp|113\/271
|
|turn|10
|
|move|p2a: Bisharp|Sucker Punch|p1a: Azumarill
|-resisted|p1a: Azumarill
|-damage|p1a: Azumarill|61\/357
|-damage|p2a: Bisharp|86\/271|[from] item: Life Orb
|move|p1a: Azumarill|Aqua Jet|p2a: Bisharp
|-damage|p2a: Bisharp|0 fnt
|faint|p2a: Bisharp
|
|
|switch|p2a: Heracross|Heracross-Mega, F, shiny|318\/363
|-damage|p2a: Heracross|273\/363|[from] Stealth Rock
|turn|11
|
|move|p1a: Azumarill|Aqua Jet|p2a: Heracross
|-damage|p2a: Heracross|156\/363
|move|p2a: Heracross|Bullet Seed|p1a: Azumarill
|-supereffective|p1a: Azumarill
|-damage|p1a: Azumarill|0 fnt
|-hitcount|p1a: Azumarill|1
|faint|p1a: Azumarill
|
|
|switch|p1a: Victini|Victini|341\/341
|-activate|p1a: Victini|move: Sticky Web
|-unboost|p1a: Victini|spe|1
|turn|12
|
|switch|p2a: Excadrill|Excadrill, F, shiny|361\/361
|-damage|p2a: Excadrill|350\/361|[from] Stealth Rock
|-ability|p2a: Excadrill|Mold Breaker
|move|p1a: Victini|V-create|p2a: Excadrill
|-supereffective|p2a: Excadrill
|-damage|p2a: Excadrill|0 fnt
|-unboost|p1a: Victini|def|1
|-unboost|p1a: Victini|spd|1
|-unboost|p1a: Victini|spe|1
|faint|p2a: Excadrill
|
|
|switch|p2a: Mamoswine|Mamoswine, F, shiny|361\/361
|-damage|p2a: Mamoswine|316\/361|[from] Stealth Rock
|turn|13
|
|switch|p1a: Medicham|Medicham, F|261\/261
|-activate|p1a: Medicham|move: Sticky Web
|-unboost|p1a: Medicham|spe|1
|move|p2a: Mamoswine|Knock Off|p1a: Medicham
|-damage|p1a: Medicham|135\/261
|-damage|p2a: Mamoswine|280\/361|[from] item: Life Orb
|
|turn|14
|
|detailschange|p1a: Medicham|Medicham-Mega, F
|-mega|p1a: Medicham|Medicham|Medichamite
|move|p1a: Medicham|Fake Out|p2a: Mamoswine
|-damage|p2a: Mamoswine|186\/361
|cant|p2a: Mamoswine|flinch
|
|turn|15
|
|move|p2a: Mamoswine|Icicle Crash|p1a: Medicham
|-damage|p1a: Medicham|0 fnt
|-damage|p2a: Mamoswine|150\/361|[from] item: Life Orb
|faint|p1a: Medicham
|
|
|switch|p1a: Bisharp|Bisharp, M|151\/271
|-activate|p1a: Bisharp|move: Sticky Web
|-unboost|p1a: Bisharp|spe|1
|-boost|p1a: Bisharp|atk|2|[from] ability: Defiant
|turn|16
|
|move|p2a: Mamoswine|Ice Shard|p1a: Bisharp
|-resisted|p1a: Bisharp
|-damage|p1a: Bisharp|102\/271
|-damage|p2a: Mamoswine|114\/361|[from] item: Life Orb
|move|p1a: Bisharp|Sucker Punch|p2a: Mamoswine
|-fail|p2a: Mamoswine
|
|turn|17
|
|move|p1a: Bisharp|Sucker Punch|p2a: Mamoswine
|-damage|p2a: Mamoswine|0 fnt
|faint|p2a: Mamoswine
|
|
|switch|p2a: Heracross|Heracross-Mega, F, shiny|156\/363
|-damage|p2a: Heracross|111\/363|[from] Stealth Rock
|turn|18
|
|move|p1a: Bisharp|Sucker Punch|p2a: Heracross
|-resisted|p2a: Heracross
|-damage|p2a: Heracross|0 fnt
|faint|p2a: Heracross
|
|win|jack41
|raw|Ladder updating...
|raw|jack41's rating: 1576 &rarr; <strong>1595<\/strong><br \/>(+19 for winning)
|raw|Stall Hater's rating: 1560 &rarr; <strong>1541<\/strong><br \/>(-19 for losing)
|leave|Stall Hater
|c|âjack41|gg
|player|p2