|join|Quasi Doodle
|join|Jack41
|player|p1|Quasi Doodle|101
|player|p2|Jack41|17
|gametype|singles
|gen|6
|tier|OU
|rated
|clearpoke
|poke|p1|Politoed, F
|poke|p1|Kingdra, F
|poke|p1|Tornadus-Therian, M
|poke|p1|Metagross
|poke|p1|Breloom, F
|poke|p1|Garchomp, F
|poke|p2|Charizard, F
|poke|p2|Excadrill, M
|poke|p2|Tyranitar, F
|poke|p2|Azumarill, M
|poke|p2|Thundurus, M
|poke|p2|Dragonite, F
|rule|Swagger Clause: Swagger is banned
|rule|Baton Pass Clause: Limit one PokÃ©mon knowing Baton Pass
|rule|Sleep Clause Mod: Limit one foe put to sleep
|rule|Species Clause: Limit one of each PokÃ©mon
|rule|OHKO Clause: OHKO moves are banned
|rule|Moody Clause: Moody is banned
|rule|Evasion Moves Clause: Evasion moves are banned
|rule|Endless Battle Clause: Forcing endless battles is banned
|rule|HP Percentage Mod: HP is shown in percentages
|teampreview
|
|start
|switch|p1a: Tornadus-Therian|Tornadus-Therian, M|299\/299
|switch|p2a: Dragonite|Dragonite, F|324\/324
|turn|1
|
|switch|p2a: Thundurus|Thundurus, M|299\/299
|move|p1a: Tornadus-Therian|U-turn|p2a: Thundurus
|-crit|p2a: Thundurus
|-resisted|p2a: Thundurus
|-damage|p2a: Thundurus|226\/299
|-damage|p1a: Tornadus-Therian|270\/299|[from] item: Life Orb
|
|switch|p1a: Metagross|Metagross|301\/301
|
|turn|2
|
|detailschange|p1a: Metagross|Metagross-Mega
|-mega|p1a: Metagross|Metagross|Metagrossite
|move|p2a: Thundurus|Thunderbolt|p1a: Metagross
|-damage|p1a: Metagross|118\/301
|-damage|p2a: Thundurus|197\/299|[from] item: Life Orb
|move|p1a: Metagross|Meteor Mash|p2a: Thundurus
|-resisted|p2a: Thundurus
|-damage|p2a: Thundurus|38\/299
|
|turn|3
|
|move|p1a: Metagross|Bullet Punch|p2a: Thundurus
|-resisted|p2a: Thundurus
|-damage|p2a: Thundurus|0 fnt
|faint|p2a: Thundurus
|
|
|switch|p2a: Tyranitar|Tyranitar, F|403\/403
|-weather|Sandstorm
|turn|4
|
|switch|p1a: Garchomp|Garchomp, F|420\/420
|move|p2a: Tyranitar|Stealth Rock|p1a: Garchomp
|-sidestart|p1: Quasi Doodle|move: Stealth Rock
|
|-weather|Sandstorm|[upkeep]
|turn|5
|
|move|p1a: Garchomp|Stealth Rock|p2a: Tyranitar
|-sidestart|p2: Jack41|move: Stealth Rock
|move|p2a: Tyranitar|Ice Beam|p1a: Garchomp
|-supereffective|p1a: Garchomp
|-damage|p1a: Garchomp|108\/420
|
|-weather|Sandstorm|[upkeep]
|turn|6
|
|move|p1a: Garchomp|Earthquake|p2a: Tyranitar
|-supereffective|p2a: Tyranitar
|-damage|p2a: Tyranitar|193\/403
|move|p2a: Tyranitar|Earthquake|p1a: Garchomp
|-damage|p1a: Garchomp|17\/420
|
|-weather|Sandstorm|[upkeep]
|turn|7
|
|switch|p2a: Dragonite|Dragonite, F|324\/324
|-damage|p2a: Dragonite|243\/324|[from] Stealth Rock
|move|p1a: Garchomp|Earthquake|p2a: Dragonite
|-immune|p2a: Dragonite|[msg]
|
|-weather|Sandstorm|[upkeep]
|-damage|p2a: Dragonite|223\/324|[from] sandstorm
|turn|8
|
|move|p2a: Dragonite|Extreme Speed|p1a: Garchomp
|-damage|p1a: Garchomp|0 fnt
|-damage|p2a: Dragonite|183\/324|[from] ability: Rough Skin|[of] p1a: Garchomp
|-damage|p2a: Dragonite|129\/324|[from] item: Rocky Helmet|[of] p1a: Garchomp
|faint|p1a: Garchomp
|
|-weather|Sandstorm|[upkeep]
|-damage|p2a: Dragonite|109\/324|[from] sandstorm
|
|switch|p1a: Metagross|Metagross-Mega|118\/301
|-damage|p1a: Metagross|100\/301|[from] Stealth Rock
|turn|9
|c|âJack41|hey metagross u want too miss lol
|
|move|p1a: Metagross|Bullet Punch|p2a: Dragonite
|-damage|p2a: Dragonite|7\/324
|move|p2a: Dragonite|Earthquake|p1a: Metagross
|-supereffective|p1a: Metagross
|-damage|p1a: Metagross|0 fnt
|faint|p1a: Metagross
|
|-weather|Sandstorm|[upkeep]
|-damage|p2a: Dragonite|0 fnt|[from] sandstorm
|faint|p2a: Dragonite
|c|âJack41|jk
|
|switch|p2a: Excadrill|Excadrill, M|361\/361
|switch|p1a: Politoed|Politoed, F|383\/383
|-damage|p2a: Excadrill|350\/361|[from] Stealth Rock
|-damage|p1a: Politoed|336\/383|[from] Stealth Rock
|-weather|RainDance
|turn|10
|
|switch|p2a: Tyranitar|Tyranitar, F|193\/403
|-damage|p2a: Tyranitar|143\/403|[from] Stealth Rock
|-weather|Sandstorm
|switch|p1a: Tornadus-Therian|Tornadus-Therian, M|299\/299
|-damage|p1a: Tornadus-Therian|225\/299|[from] Stealth Rock
|
|-weather|Sandstorm|[upkeep]
|-damage|p1a: Tornadus-Therian|207\/299|[from] sandstorm
|turn|11
|
|switch|p2a: Azumarill|Azumarill, M|398\/398
|-damage|p2a: Azumarill|349\/398|[from] Stealth Rock
|move|p1a: Tornadus-Therian|Superpower|p2a: Azumarill
|-resisted|p2a: Azumarill
|-damage|p2a: Azumarill|276\/398
|-unboost|p1a: Tornadus-Therian|atk|1
|-unboost|p1a: Tornadus-Therian|def|1
|-damage|p1a: Tornadus-Therian|178\/299|[from] item: Life Orb
|
|-weather|Sandstorm|[upkeep]
|-damage|p1a: Tornadus-Therian|160\/299|[from] sandstorm
|-damage|p2a: Azumarill|252\/398|[from] sandstorm
|turn|12
|
|switch|p1a: Politoed|Politoed, F|336\/383
|-damage|p1a: Politoed|289\/383|[from] Stealth Rock
|-weather|RainDance
|move|p2a: Azumarill|Play Rough|p1a: Politoed
|-damage|p1a: Politoed|0 fnt
|faint|p1a: Politoed
|
|-weather|RainDance|[upkeep]
|
|switch|p1a: Tornadus-Therian|Tornadus-Therian, M|259\/299
|-damage|p1a: Tornadus-Therian|185\/299|[from] Stealth Rock
|turn|13
|
|switch|p2a: Tyranitar|Tyranitar, F|143\/403
|-damage|p2a: Tyranitar|93\/403|[from] Stealth Rock
|-weather|Sandstorm
|move|p1a: Tornadus-Therian|Hurricane|p2a: Tyranitar|[miss]
|-miss|p1a: Tornadus-Therian|p2a: Tyranitar
|
|-weather|Sandstorm|[upkeep]
|-damage|p1a: Tornadus-Therian|167\/299|[from] sandstorm
|turn|14
|
|switch|p2a: Azumarill|Azumarill, M|252\/398
|-damage|p2a: Azumarill|203\/398|[from] Stealth Rock
|move|p1a: Tornadus-Therian|Superpower|p2a: Azumarill
|-resisted|p2a: Azumarill
|-damage|p2a: Azumarill|124\/398
|-unboost|p1a: Tornadus-Therian|atk|1
|-unboost|p1a: Tornadus-Therian|def|1
|-damage|p1a: Tornadus-Therian|138\/299|[from] item: Life Orb
|
|-weather|Sandstorm|[upkeep]
|-damage|p1a: Tornadus-Therian|120\/299|[from] sandstorm
|-damage|p2a: Azumarill|100\/398|[from] sandstorm
|turn|15
|
|switch|p1a: Kingdra|Kingdra, F|298\/298
|-damage|p1a: Kingdra|261\/298|[from] Stealth Rock
|move|p2a: Azumarill|Aqua Jet|p1a: Kingdra
|-resisted|p1a: Kingdra
|-damage|p1a: Kingdra|228\/298
|
|-weather|Sandstorm|[upkeep]
|-damage|p1a: Kingdra|210\/298|[from] sandstorm
|-damage|p2a: Azumarill|76\/398|[from] sandstorm
|turn|16
|
|move|p2a: Azumarill|Aqua Jet|p1a: Kingdra
|-resisted|p1a: Kingdra
|-damage|p1a: Kingdra|179\/298
|move|p1a: Kingdra|Scald|p2a: Azumarill
|-resisted|p2a: Azumarill
|-damage|p2a: Azumarill|0 fnt
|faint|p2a: Azumarill
|
|-weather|Sandstorm|[upkeep]
|-damage|p1a: Kingdra|161\/298|[from] sandstorm
|
|switch|p2a: Excadrill|Excadrill, M|350\/361
|-damage|p2a: Excadrill|339\/361|[from] Stealth Rock
|turn|17
|
|move|p2a: Excadrill|Rapid Spin|p1a: Kingdra
|-crit|p1a: Kingdra
|-damage|p1a: Kingdra|105\/298
|-sideend|p2: Jack41|Stealth Rock|[from] move: Rapid Spin|[of] p2a: Excadrill
|-damage|p2a: Excadrill|303\/361|[from] item: Life Orb
|move|p1a: Kingdra|Scald|p2a: Excadrill
|-supereffective|p2a: Excadrill
|-damage|p2a: Excadrill|0 fnt
|faint|p2a: Excadrill
|
|-weather|Sandstorm|[upkeep]
|-damage|p1a: Kingdra|87\/298|[from] sandstorm
|
|switch|p2a: Charizard|Charizard, F|315\/315
|turn|18
|
|detailschange|p2a: Charizard|Charizard-Mega-X, F
|-mega|p2a: Charizard|Charizard|Charizardite X
|move|p2a: Charizard|Dragon Dance|p2a: Charizard
|-boost|p2a: Charizard|atk|1
|-boost|p2a: Charizard|spe|1
|move|p1a: Kingdra|Scald|p2a: Charizard
|-damage|p2a: Charizard|108\/315
|
|-weather|Sandstorm|[upkeep]
|-damage|p2a: Charizard|89\/315|[from] sandstorm
|-damage|p1a: Kingdra|69\/298|[from] sandstorm
|turn|19
|c|âJack41|welp gg i lost
|
|move|p2a: Charizard|Dragon Claw|p1a: Kingdra
|-supereffective|p1a: Kingdra
|-damage|p1a: Kingdra|0 fnt
|faint|p1a: Kingdra
|
|-weather|Sandstorm|[upkeep]
|-damage|p2a: Charizard|70\/315|[from] sandstorm
|c|âQuasi Doodle|no mach punch lol
|
|switch|p1a: Breloom|Breloom, F|264\/264
|-damage|p1a: Breloom|248\/264|[from] Stealth Rock
|turn|20
|
|move|p2a: Charizard|Dragon Claw|p1a: Breloom
|-damage|p1a: Breloom|0 fnt
|faint|p1a: Breloom
|
|-weather|none
|c|âJack41|oh shit u werent joking
|
|switch|p1a: Tornadus-Therian|Tornadus-Therian, M|219\/299
|-damage|p1a: Tornadus-Therian|145\/299|[from] Stealth Rock
|turn|21
|c|âQuasi Doodle|gg
|
|move|p2a: Charizard|Flare Blitz|p1a: Tornadus-Therian
|-damage|p1a: Tornadus-Therian|0 fnt
|-damage|p2a: Charizard|22\/315|[from] recoil|[of] p1a: Tornadus-Therian
|faint|p1a: Tornadus-Therian
|
|win|Jack41
|raw|Ladder updating...
|raw|Quasi Doodle's rating: 1645 &rarr; <strong>1618<\/strong><br \/>(-27 for losing)
|raw|Jack41's rating: 1503 &rarr; <strong>1531<\/strong><br \/>(+28 for winning)
|leave|Quasi Doodle