|join|trythroughwalls
|join|OldJ
|player|p1|trythroughwalls|169
|player|p2|OldJ|1
|gametype|singles
|gen|6
|tier|OU
|rated
|clearpoke
|poke|p1|Starmie
|poke|p1|Skarmory, M
|poke|p1|Quagsire, M
|poke|p1|Amoonguss, F
|poke|p1|Sableye, F
|poke|p1|Chansey, F
|poke|p2|Celebi
|poke|p2|Gothitelle, F
|poke|p2|Heatran, M
|poke|p2|Landorus-Therian, M
|poke|p2|Lopunny, M
|poke|p2|Rotom-Wash
|rule|Swagger Clause: Swagger is banned
|rule|Baton Pass Clause: Limit one PokÃ©mon knowing Baton Pass
|rule|Sleep Clause Mod: Limit one foe put to sleep
|rule|Species Clause: Limit one of each PokÃ©mon
|rule|OHKO Clause: OHKO moves are banned
|rule|Moody Clause: Moody is banned
|rule|Evasion Moves Clause: Evasion moves are banned
|rule|Endless Battle Clause: Forcing endless battles is banned
|rule|HP Percentage Mod: HP is shown in percentages
|teampreview
|
|start
|switch|p1a: Sableye|Sableye, F|304\/304
|switch|p2a: Heatran|Heatran, M|385\/385
|turn|1
|
|detailschange|p1a: Sableye|Sableye-Mega, F
|-mega|p1a: Sableye|Sableye|Sablenite
|move|p2a: Heatran|Lava Plume|p1a: Sableye
|-damage|p1a: Sableye|216\/304
|move|p1a: Sableye|Knock Off|p2a: Heatran
|-damage|p2a: Heatran|288\/385
|-enditem|p2a: Heatran|Leftovers|[from] move: Knock Off|[of] p1a: Sableye
|
|turn|2
|
|switch|p1a: Starmie|Starmie|324\/324
|move|p2a: Heatran|Lava Plume|p1a: Starmie
|-resisted|p1a: Starmie
|-damage|p1a: Starmie|255\/324
|-status|p1a: Starmie|brn
|
|-heal|p1a: Starmie|275\/324 brn|[from] item: Leftovers
|-damage|p1a: Starmie|235\/324 brn|[from] brn
|turn|3
|
|switch|p2a: Celebi|Celebi|401\/401
|move|p1a: Starmie|Scald|p2a: Celebi
|-resisted|p2a: Celebi
|-damage|p2a: Celebi|354\/401
|-status|p2a: Celebi|brn
|
|-heal|p1a: Starmie|255\/324 brn|[from] item: Leftovers
|-heal|p2a: Celebi|379\/401 brn|[from] item: Leftovers
|-damage|p1a: Starmie|215\/324 brn|[from] brn
|-damage|p2a: Celebi|329\/401 brn|[from] brn
|turn|4
|
|switch|p1a: Amoonguss|Amoonguss, F|432\/432
|move|p2a: Celebi|U-turn|p1a: Amoonguss
|-damage|p1a: Amoonguss|411\/432
|
|switch|p2a: Gothitelle|Gothitelle, F|289\/289
|
|-heal|p1a: Amoonguss|432\/432|[from] item: Black Sludge
|turn|5
|
|move|p2a: Gothitelle|Psyshock|p1a: Amoonguss
|-supereffective|p1a: Amoonguss
|-damage|p1a: Amoonguss|76\/432
|move|p1a: Amoonguss|Payback|p2a: Gothitelle
|-supereffective|p2a: Gothitelle
|-damage|p2a: Gothitelle|147\/289
|
|-heal|p1a: Amoonguss|103\/432|[from] item: Black Sludge
|turn|6
|
|move|p2a: Gothitelle|Psyshock|p1a: Amoonguss
|-supereffective|p1a: Amoonguss
|-damage|p1a: Amoonguss|0 fnt
|faint|p1a: Amoonguss
|
|
|switch|p1a: Starmie|Starmie|215\/324
|turn|7
|
|switch|p2a: Celebi|Celebi|329\/401
|move|p1a: Starmie|Scald|p2a: Celebi
|-resisted|p2a: Celebi
|-damage|p2a: Celebi|283\/401
|
|-heal|p1a: Starmie|235\/324|[from] item: Leftovers
|-heal|p2a: Celebi|308\/401|[from] item: Leftovers
|turn|8
|
|move|p1a: Starmie|Reflect Type|p2a: Celebi
|-start|p1a: Starmie|typechange|[from] move: Reflect Type|[of] p2a: Celebi
|move|p2a: Celebi|U-turn|p1a: Starmie
|-supereffective|p1a: Starmie
|-damage|p1a: Starmie|51\/324
|
|switch|p2a: Landorus-Therian|Landorus-Therian, M|319\/319
|-ability|p2a: Landorus-Therian|Intimidate|[of] p1a: Starmie
|-unboost|p1a: Starmie|atk|1
|
|-heal|p1a: Starmie|71\/324|[from] item: Leftovers
|turn|9
|
|move|p2a: Landorus-Therian|U-turn|p1a: Starmie
|-supereffective|p1a: Starmie
|-damage|p1a: Starmie|0 fnt
|faint|p1a: Starmie
|-message|trythroughwalls forfeited.
|
|win|OldJ
|raw|Ladder updating...
|leave|trythroughwalls
|player|p1
|raw|trythroughwalls's rating: 1556 &rarr; <strong>1535<\/strong><br \/>(-21 for losing)
|raw|OldJ's rating: 1523 &rarr; <strong>1545<\/strong><br \/>(+22 for winning)
|c|âOldJ|lmao