|join|Ox the Box
|join|trythroughwalls
|player|p1|Ox the Box|201
|player|p2|trythroughwalls|101
|gametype|singles
|gen|6
|tier|OU
|rated
|clearpoke
|poke|p1|Charizard, M, shiny
|poke|p1|Venusaur, M, shiny
|poke|p1|Tyranitar, F
|poke|p1|Excadrill, M
|poke|p1|Ferrothorn, F
|poke|p1|Keldeo
|poke|p2|Starmie
|poke|p2|Skarmory, F
|poke|p2|Quagsire, M
|poke|p2|Amoonguss, F
|poke|p2|Sableye, F
|poke|p2|Chansey, F
|rule|Swagger Clause: Swagger is banned
|rule|Baton Pass Clause: Limit one PokÃ©mon knowing Baton Pass
|rule|Sleep Clause Mod: Limit one foe put to sleep
|rule|Species Clause: Limit one of each PokÃ©mon
|rule|OHKO Clause: OHKO moves are banned
|rule|Moody Clause: Moody is banned
|rule|Evasion Moves Clause: Evasion moves are banned
|rule|Endless Battle Clause: Forcing endless battles is banned
|rule|HP Percentage Mod: HP is shown in percentages
|teampreview
|join|BattleXV
|
|start
|switch|p1a: Charizard|Charizard, M, shiny|297\/297
|switch|p2a: Starmie|Starmie|324\/324
|turn|1
|
|detailschange|p1a: Charizard|Charizard-Mega-Y, M, shiny
|-mega|p1a: Charizard|Charizard|Charizardite Y
|-weather|SunnyDay
|move|p2a: Starmie|Reflect Type|p1a: Charizard
|-start|p2a: Starmie|typechange|[from] move: Reflect Type|[of] p1a: Charizard
|move|p1a: Charizard|Fire Blast|p2a: Starmie|[miss]
|-miss|p1a: Charizard|p2a: Starmie
|
|-weather|SunnyDay|[upkeep]
|turn|2
|c|âOx the Box|yeah fuck fire blast
|c|âOx the Box|shit always misses
|c| BattleXV|Why did u change back to fire blase qq
|join|The Grambler
|
|move|p2a: Starmie|Scald|p1a: Charizard
|-supereffective|p1a: Charizard
|-damage|p1a: Charizard|239\/297
|move|p1a: Charizard|Fire Blast|p2a: Starmie
|-resisted|p2a: Starmie
|-damage|p2a: Starmie|115\/324
|
|-weather|SunnyDay|[upkeep]
|-heal|p2a: Starmie|135\/324|[from] item: Leftovers
|turn|3
|c|âOx the Box|i was getting a lot of shit for being flamethrower
|c|âOx the Box|lol
|
|switch|p1a: Tyranitar|Tyranitar, F|382\/382
|-weather|Sandstorm
|move|p2a: Starmie|Recover|p2a: Starmie
|-heal|p2a: Starmie|297\/324
|
|-weather|Sandstorm|[upkeep]
|-damage|p2a: Starmie|277\/324|[from] sandstorm
|-heal|p2a: Starmie|297\/324|[from] item: Leftovers
|turn|4
|c|âOx the Box|this is a banded pursuit
|c|âOx the Box|better kill
|c| BattleXV|lol
|c|âOx the Box|even not SE
|
|switch|p2a: Quagsire|Quagsire, M|394\/394
|move|p1a: Tyranitar|Superpower|p2a: Quagsire
|-damage|p2a: Quagsire|211\/394
|-unboost|p1a: Tyranitar|atk|1
|-unboost|p1a: Tyranitar|def|1
|
|-weather|Sandstorm|[upkeep]
|-heal|p2a: Quagsire|235\/394|[from] item: Leftovers
|turn|5
|
|switch|p1a: Ferrothorn|Ferrothorn, F|352\/352
|switch|p2a: Sableye|Sableye, F|304\/304
|
|-weather|Sandstorm|[upkeep]
|-damage|p2a: Sableye|285\/304|[from] sandstorm
|turn|6
|
|switch|p1a: Charizard|Charizard-Mega-Y, M, shiny|239\/297
|-weather|SunnyDay
|detailschange|p2a: Sableye|Sableye-Mega, F
|-mega|p2a: Sableye|Sableye|Sablenite
|move|p2a: Sableye|Toxic|p1a: Charizard|[miss]
|-miss|p2a: Sableye|p1a: Charizard
|
|-weather|SunnyDay|[upkeep]
|turn|7
|
|switch|p1a: Tyranitar|Tyranitar, F|382\/382
|-weather|Sandstorm
|switch|p2a: Chansey|Chansey, F|703\/703
|
|-weather|Sandstorm|[upkeep]
|-damage|p2a: Chansey|660\/703|[from] sandstorm
|turn|8
|
|move|p1a: Tyranitar|Superpower|p2a: Chansey
|-supereffective|p2a: Chansey
|-damage|p2a: Chansey|48\/703
|-unboost|p1a: Tyranitar|atk|1
|-unboost|p1a: Tyranitar|def|1
|move|p2a: Chansey|Stealth Rock|p1a: Tyranitar
|-sidestart|p1: Ox the Box|move: Stealth Rock
|
|-weather|Sandstorm|[upkeep]
|-damage|p2a: Chansey|5\/703|[from] sandstorm
|turn|9
|
|switch|p2a: Sableye|Sableye-Mega, F|285\/304
|move|p1a: Tyranitar|Superpower|p2a: Sableye
|-immune|p2a: Sableye|[msg]
|
|-weather|Sandstorm|[upkeep]
|-damage|p2a: Sableye|266\/304|[from] sandstorm
|turn|10
|
|switch|p1a: Venusaur|Venusaur, M, shiny|319\/319
|-damage|p1a: Venusaur|280\/319|[from] Stealth Rock
|move|p2a: Sableye|Will-O-Wisp|p1a: Venusaur
|-status|p1a: Venusaur|brn
|
|-weather|Sandstorm|[upkeep]
|-damage|p1a: Venusaur|261\/319 brn|[from] sandstorm
|-damage|p2a: Sableye|247\/304|[from] sandstorm
|-damage|p1a: Venusaur|222\/319 brn|[from] brn
|turn|11
|c|âOx the Box|sab is so broken oml
|
|move|p1a: Venusaur|Giga Drain|p2a: Sableye
|-damage|p2a: Sableye|122\/304
|-heal|p1a: Venusaur|285\/319 brn|[from] drain|[of] p2a: Sableye
|-damage|p1a: Venusaur|254\/319 brn|[from] item: Life Orb
|move|p2a: Sableye|Recover|p2a: Sableye
|-heal|p2a: Sableye|274\/304
|
|-weather|none
|-damage|p1a: Venusaur|215\/319 brn|[from] brn
|turn|12
|
|move|p1a: Venusaur|Giga Drain|p2a: Sableye
|-damage|p2a: Sableye|157\/304
|-heal|p1a: Venusaur|274\/319 brn|[from] drain|[of] p2a: Sableye
|-damage|p1a: Venusaur|243\/319 brn|[from] item: Life Orb
|move|p2a: Sableye|Knock Off|p1a: Venusaur
|-damage|p1a: Venusaur|134\/319 brn
|-enditem|p1a: Venusaur|Life Orb|[from] move: Knock Off|[of] p2a: Sableye
|
|-damage|p1a: Venusaur|95\/319 brn|[from] brn
|turn|13
|c| BattleXV|Crit.
|
|move|p1a: Venusaur|Sludge Bomb|p2a: Sableye
|-resisted|p2a: Sableye
|-damage|p2a: Sableye|100\/304
|move|p2a: Sableye|Recover|p2a: Sableye
|-heal|p2a: Sableye|252\/304
|
|-damage|p1a: Venusaur|56\/319 brn|[from] brn
|turn|14
|c|âOx the Box|poison this dumb slut
|
|switch|p2a: Amoonguss|Amoonguss, F|432\/432
|move|p1a: Venusaur|Sludge Bomb|p2a: Amoonguss
|-damage|p2a: Amoonguss|336\/432
|
|-damage|p1a: Venusaur|17\/319 brn|[from] brn
|turn|15
|
|switch|p2a: Skarmory|Skarmory, F|334\/334
|move|p1a: Venusaur|Sludge Bomb|p2a: Skarmory
|-immune|p2a: Skarmory|[msg]
|
|-damage|p1a: Venusaur|0 fnt|[from] brn
|faint|p1a: Venusaur
|
|switch|p1a: Charizard|Charizard-Mega-Y, M, shiny|239\/297
|-damage|p1a: Charizard|91\/297|[from] Stealth Rock
|-weather|SunnyDay
|turn|16
|
|move|p1a: Charizard|Roost|p1a: Charizard
|-heal|p1a: Charizard|240\/297
|move|p2a: Skarmory|Whirlwind|p1a: Charizard
|drag|p1a: Tyranitar|Tyranitar, F|382\/382
|-damage|p1a: Tyranitar|335\/382|[from] Stealth Rock
|-weather|Sandstorm
|
|-weather|Sandstorm|[upkeep]
|turn|17
|c|âOx the Box|why did GF make such a broken mon
|c| BattleXV|DIk
|
|move|p1a: Tyranitar|Stone Edge|p2a: Skarmory|[miss]
|-miss|p1a: Tyranitar|p2a: Skarmory
|move|p2a: Skarmory|Spikes|p1a: Tyranitar
|-sidestart|p1: Ox the Box|Spikes
|
|-weather|Sandstorm|[upkeep]
|turn|18
|c|âOx the Box|lol!
|
|switch|p2a: Chansey|Chansey, F|5\/703
|move|p1a: Tyranitar|Stone Edge|p2a: Chansey
|-damage|p2a: Chansey|0 fnt
|faint|p2a: Chansey
|
|-weather|Sandstorm|[upkeep]
|c| BattleXV|Is he more broken than Mega meta?
|c|âOx the Box|no
|
|switch|p2a: Quagsire|Quagsire, M|235\/394
|turn|19
|c|âOx the Box|but hes broken as shit
|
|switch|p1a: Keldeo|Keldeo|323\/323
|-damage|p1a: Keldeo|283\/323|[from] Spikes
|-damage|p1a: Keldeo|263\/323|[from] Stealth Rock
|move|p2a: Quagsire|Toxic|p1a: Keldeo
|-status|p1a: Keldeo|tox
|
|-weather|Sandstorm|[upkeep]
|-damage|p1a: Keldeo|243\/323 tox|[from] sandstorm
|-heal|p2a: Quagsire|259\/394|[from] item: Leftovers
|-damage|p1a: Keldeo|223\/323 tox|[from] psn
|turn|20
|c| BattleXV|Yep
|c|âOx the Box|I can't fucking win this with sab there
|
|switch|p1a: Charizard|Charizard-Mega-Y, M, shiny|240\/297
|-damage|p1a: Charizard|92\/297|[from] Stealth Rock
|-weather|SunnyDay
|switch|p2a: Starmie|Starmie|297\/324
|
|-weather|SunnyDay|[upkeep]
|-heal|p2a: Starmie|317\/324|[from] item: Leftovers
|turn|21
|
|move|p2a: Starmie|Scald|p1a: Charizard
|-supereffective|p1a: Charizard
|-damage|p1a: Charizard|8\/297
|move|p1a: Charizard|Roost|p1a: Charizard
|-heal|p1a: Charizard|157\/297
|
|-weather|SunnyDay|[upkeep]
|-heal|p2a: Starmie|324\/324|[from] item: Leftovers
|turn|22
|c|âtrythroughwalls|gg u won
|c| BattleXV|:o
|c|âOx the Box|?
|c|âOx the Box|forfeiting?
|c|âtrythroughwalls|cant win this
|c| BattleXV|He batter u won ox
|c| BattleXV|There is no way he can win ox won..
|
|move|p2a: Starmie|Reflect Type|p1a: Charizard
|-start|p2a: Starmie|typechange|[from] move: Reflect Type|[of] p1a: Charizard
|move|p1a: Charizard|Roost|p1a: Charizard
|-heal|p1a: Charizard|297\/297
|
|-weather|SunnyDay|[upkeep]
|turn|23
|
|move|p2a: Starmie|Scald|p1a: Charizard
|-supereffective|p1a: Charizard
|-damage|p1a: Charizard|241\/297
|move|p1a: Charizard|Focus Blast|p2a: Starmie
|-resisted|p2a: Starmie
|-damage|p2a: Starmie|215\/324
|
|-weather|SunnyDay|[upkeep]
|-heal|p2a: Starmie|235\/324|[from] item: Leftovers
|turn|24
|c|âOx the Box|well if u don't think u can win forfeit
|c|âtrythroughwalls|just trying
|c|âtrythroughwalls|but without chansey
|c|âOx the Box|dude
|c|âOx the Box|I can't win
|c|âtrythroughwalls|its done
|c|âOx the Box|I can't fucking spin
|
|switch|p1a: Tyranitar|Tyranitar, F|335\/382
|-damage|p1a: Tyranitar|288\/382|[from] Spikes
|-damage|p1a: Tyranitar|241\/382|[from] Stealth Rock
|-weather|Sandstorm
|move|p2a: Starmie|Scald|p1a: Tyranitar
|-supereffective|p1a: Tyranitar
|-damage|p1a: Tyranitar|163\/382
|
|-weather|Sandstorm|[upkeep]
|-damage|p2a: Starmie|215\/324|[from] sandstorm
|-heal|p2a: Starmie|235\/324|[from] item: Leftovers
|turn|25
|c|âOx the Box|with sablebroken
|
|move|p2a: Starmie|Reflect Type|p1a: Tyranitar
|-start|p2a: Starmie|typechange|[from] move: Reflect Type|[of] p1a: Tyranitar
|move|p1a: Tyranitar|Pursuit|p2a: Starmie
|-resisted|p2a: Starmie
|-damage|p2a: Starmie|160\/324
|
|-weather|Sandstorm|[upkeep]
|-heal|p2a: Starmie|180\/324|[from] item: Leftovers
|turn|26
|join|Omegasization
|
|switch|p1a: Excadrill|Excadrill, M|361\/361
|-damage|p1a: Excadrill|316\/361|[from] Spikes
|-damage|p1a: Excadrill|305\/361|[from] Stealth Rock
|move|p2a: Starmie|Scald|p1a: Excadrill
|-supereffective|p1a: Excadrill
|-damage|p1a: Excadrill|119\/361
|-status|p1a: Excadrill|brn
|
|-weather|Sandstorm|[upkeep]
|-heal|p2a: Starmie|200\/324|[from] item: Leftovers
|-damage|p1a: Excadrill|74\/361 brn|[from] brn
|turn|27
|c|âOx the Box|WTF
|c|âOx the Box|I HAD A CHANCE
|c| BattleXV|Wow.....
|c| BattleXV|WOW
|
|switch|p2a: Sableye|Sableye-Mega, F|252\/304
|move|p1a: Excadrill|Rapid Spin|p2a: Sableye
|-immune|p2a: Sableye|[msg]
|
|-weather|Sandstorm|[upkeep]
|-damage|p2a: Sableye|233\/304|[from] sandstorm
|-damage|p1a: Excadrill|29\/361 brn|[from] brn
|turn|28
|c|âOx the Box|now u can fucking go sab
|c|âOx the Box|bg
|-message|Ox the Box forfeited.
|
|win|trythroughwalls
|raw|Ladder updating...
|c|âOx the Box|god damn
|c|âOx the Box|so lucky
|c| BattleXV|Ikr
|c|âOx the Box|fuck this game
|raw|Ox the Box's rating: 1818 &rarr; <strong>1791<\/strong><br \/>(-27 for losing)
|raw|trythroughwalls's rating: 1692 &rarr; <strong>1719<\/strong><br \/>(+27 for winning)
|c|âOx the Box|27 points to a burn
|c|âOx the Box|lol!
|join|ryzed
|leave|Ox the Box
|player|p1
|leave|BattleXV