|join|trythroughwalls
|join|Okita Souji
|player|p1|trythroughwalls|102
|player|p2|Okita Souji|277
|gametype|singles
|gen|6
|tier|OU
|rated
|clearpoke
|poke|p1|Amoonguss, M
|poke|p1|Sableye, F
|poke|p1|Quagsire, F
|poke|p1|Bisharp, F
|poke|p1|Starmie
|poke|p1|Chansey, F
|poke|p2|Lopunny, F, shiny
|poke|p2|Azumarill, F, shiny
|poke|p2|Gothitelle, F
|poke|p2|Rotom-Wash
|poke|p2|Landorus-Therian, M
|poke|p2|Scizor, M
|rule|Swagger Clause: Swagger is banned
|rule|Baton Pass Clause: Limit one PokÃ©mon knowing Baton Pass
|rule|Sleep Clause Mod: Limit one foe put to sleep
|rule|Species Clause: Limit one of each PokÃ©mon
|rule|OHKO Clause: OHKO moves are banned
|rule|Moody Clause: Moody is banned
|rule|Evasion Moves Clause: Evasion moves are banned
|rule|Endless Battle Clause: Forcing endless battles is banned
|rule|HP Percentage Mod: HP is shown in percentages
|teampreview
|
|start
|switch|p1a: Sableye|Sableye, F|304\/304
|switch|p2a: Lopunny|Lopunny, F, shiny|271\/271
|turn|1
|
|switch|p1a: Amoonguss|Amoonguss, M|432\/432
|detailschange|p2a: Lopunny|Lopunny-Mega, F, shiny
|-mega|p2a: Lopunny|Lopunny|Lopunnite
|move|p2a: Lopunny|Fake Out|p1a: Amoonguss
|-damage|p1a: Amoonguss|360\/432
|
|-heal|p1a: Amoonguss|387\/432|[from] item: Black Sludge
|turn|2
|
|switch|p2a: Landorus-Therian|Landorus-Therian, M|382\/382
|-ability|p2a: Landorus-Therian|Intimidate|[of] p1a: Amoonguss
|-unboost|p1a: Amoonguss|atk|1
|move|p1a: Amoonguss|Spore|p2a: Landorus-Therian
|-status|p2a: Landorus-Therian|slp
|
|-heal|p1a: Amoonguss|414\/432|[from] item: Black Sludge
|turn|3
|
|switch|p2a: Gothitelle|Gothitelle, F|281\/281
|switch|p1a: Bisharp|Bisharp, F|319\/319
|
|turn|4
|
|move|p1a: Bisharp|Pursuit|p2a: Gothitelle|[from]Pursuit
|-supereffective|p2a: Gothitelle
|-damage|p2a: Gothitelle|0 fnt
|faint|p2a: Gothitelle
|
|
|switch|p2a: Lopunny|Lopunny-Mega, F, shiny|271\/271
|turn|5
|
|switch|p1a: Quagsire|Quagsire, F|394\/394
|move|p2a: Lopunny|High Jump Kick|p1a: Quagsire
|-damage|p1a: Quagsire|211\/394
|
|-heal|p1a: Quagsire|235\/394|[from] item: Leftovers
|turn|6
|
|move|p2a: Lopunny|High Jump Kick|p1a: Quagsire
|-damage|p1a: Quagsire|36\/394
|move|p1a: Quagsire|Recover|p1a: Quagsire
|-heal|p1a: Quagsire|233\/394
|
|-heal|p1a: Quagsire|257\/394|[from] item: Leftovers
|turn|7
|
|switch|p2a: Landorus-Therian|Landorus-Therian, M|382\/382 slp
|-ability|p2a: Landorus-Therian|Intimidate|[of] p1a: Quagsire
|-unboost|p1a: Quagsire|atk|1
|move|p1a: Quagsire|Recover|p1a: Quagsire
|-heal|p1a: Quagsire|394\/394
|
|turn|8
|
|switch|p1a: Sableye|Sableye, F|304\/304
|cant|p2a: Landorus-Therian|slp
|
|turn|9
|
|detailschange|p1a: Sableye|Sableye-Mega, F
|-mega|p1a: Sableye|Sableye|Sablenite
|move|p1a: Sableye|Calm Mind|p1a: Sableye
|-boost|p1a: Sableye|spa|1
|-boost|p1a: Sableye|spd|1
|cant|p2a: Landorus-Therian|slp
|
|turn|10
|
|switch|p2a: Lopunny|Lopunny-Mega, F, shiny|271\/271
|move|p1a: Sableye|Will-O-Wisp|p2a: Lopunny
|-status|p2a: Lopunny|brn
|
|-damage|p2a: Lopunny|238\/271 brn|[from] brn
|turn|11
|
|switch|p1a: Amoonguss|Amoonguss, M|432\/432
|move|p2a: Lopunny|High Jump Kick|p1a: Amoonguss
|-resisted|p1a: Amoonguss
|-damage|p1a: Amoonguss|378\/432
|
|-heal|p1a: Amoonguss|405\/432|[from] item: Black Sludge
|-damage|p2a: Lopunny|205\/271 brn|[from] brn
|turn|12
|
|switch|p2a: Scizor|Scizor, M|343\/343
|switch|p1a: Starmie|Starmie|324\/324
|
|turn|13
|
|move|p1a: Starmie|Reflect Type|p2a: Scizor
|-start|p1a: Starmie|typechange|[from] move: Reflect Type|[of] p2a: Scizor
|move|p2a: Scizor|U-turn|p1a: Starmie
|-resisted|p1a: Starmie
|-damage|p1a: Starmie|205\/324
|
|switch|p2a: Lopunny|Lopunny-Mega, F, shiny|205\/271 brn
|
|-heal|p1a: Starmie|225\/324|[from] item: Leftovers
|-damage|p2a: Lopunny|172\/271 brn|[from] brn
|turn|14
|
|move|p2a: Lopunny|Return|p1a: Starmie
|-resisted|p1a: Starmie
|-damage|p1a: Starmie|171\/324
|move|p1a: Starmie|Recover|p1a: Starmie
|-heal|p1a: Starmie|324\/324
|
|-damage|p2a: Lopunny|139\/271 brn|[from] brn
|turn|15
|
|switch|p2a: Rotom-Wash|Rotom-Wash|241\/241
|move|p1a: Starmie|Scald|p2a: Rotom-Wash
|-resisted|p2a: Rotom-Wash
|-damage|p2a: Rotom-Wash|213\/241
|-status|p2a: Rotom-Wash|brn
|
|-heal|p2a: Rotom-Wash|228\/241 brn|[from] item: Leftovers
|-damage|p2a: Rotom-Wash|198\/241 brn|[from] brn
|turn|16
|
|move|p1a: Starmie|Scald|p2a: Rotom-Wash
|-resisted|p2a: Rotom-Wash
|-damage|p2a: Rotom-Wash|167\/241 brn
|move|p2a: Rotom-Wash|Volt Switch|p1a: Starmie
|-damage|p1a: Starmie|219\/324
|
|switch|p2a: Scizor|Scizor, M|343\/343
|
|-heal|p1a: Starmie|239\/324|[from] item: Leftovers
|turn|17
|
|move|p2a: Scizor|Bullet Punch|p1a: Starmie
|-resisted|p1a: Starmie
|-damage|p1a: Starmie|130\/324
|move|p1a: Starmie|Recover|p1a: Starmie
|-heal|p1a: Starmie|292\/324
|
|-heal|p1a: Starmie|312\/324|[from] item: Leftovers
|turn|18
|-message|Okita Souji forfeited.
|leave|Okita Souji
|
|win|trythroughwalls
|raw|Ladder updating...
|player|p2
|raw|trythroughwalls's rating: 1574 &rarr; <strong>1594<\/strong><br \/>(+20 for winning)
|raw|Okita Souji's rating: 1579 &rarr; <strong>1558<\/strong><br \/>(-21 for losing)