|join|Lord Titan
|join|trythroughwalls
|player|p1|Lord Titan|160
|player|p2|trythroughwalls|102
|gametype|singles
|gen|6
|tier|OU
|rated
|clearpoke
|poke|p1|Sylveon, F, shiny
|poke|p1|Latios, M, shiny
|poke|p1|Keldeo
|poke|p1|Landorus-Therian, M, shiny
|poke|p1|Entei, shiny
|poke|p1|Absol, F
|poke|p2|Amoonguss, F
|poke|p2|Sableye, M
|poke|p2|Quagsire, F
|poke|p2|Bisharp, F
|poke|p2|Starmie
|poke|p2|Chansey, F
|rule|Swagger Clause: Swagger is banned
|rule|Baton Pass Clause: Limit one PokÃ©mon knowing Baton Pass
|rule|Sleep Clause Mod: Limit one foe put to sleep
|rule|Species Clause: Limit one of each PokÃ©mon
|rule|OHKO Clause: OHKO moves are banned
|rule|Moody Clause: Moody is banned
|rule|Evasion Moves Clause: Evasion moves are banned
|rule|Endless Battle Clause: Forcing endless battles is banned
|rule|HP Percentage Mod: HP is shown in percentages
|teampreview
|c|âLord Titan|YAY
|c|âLord Titan|STALL
|c|âLord Titan|I LOVE STALL :]
|c|âtrythroughwalls|yes because ur team is probably only effective on it
|c|âtrythroughwalls|lol
|c|âLord Titan|it twas sarcasm
|c|âLord Titan|and not my team
|
|start
|switch|p1a: Illuminate|Entei, shiny|371\/371
|switch|p2a: Sableye|Sableye, M|304\/304
|-ability|p1a: Illuminate|Pressure
|turn|1
|c|âLord Titan|rmt boy
|
|switch|p2a: Quagsire|Quagsire, F|394\/394
|move|p1a: Illuminate|Sacred Fire|p2a: Quagsire
|-resisted|p2a: Quagsire
|-damage|p2a: Quagsire|300\/394
|-status|p2a: Quagsire|brn
|-damage|p1a: Illuminate|334\/371|[from] item: Life Orb
|
|-heal|p2a: Quagsire|324\/394 brn|[from] item: Leftovers
|-damage|p2a: Quagsire|275\/394 brn|[from] brn
|turn|2
|c|âtrythroughwalls|whats better than a good burn to begin with
|
|switch|p1a: Lullabies|Latios, M, shiny|301\/301
|move|p2a: Quagsire|Recover|p2a: Quagsire
|-heal|p2a: Quagsire|394\/394 brn
|
|-damage|p2a: Quagsire|345\/394 brn|[from] brn
|turn|3
|c|âLord Titan|50% chance
|c|âLord Titan|and ur running stall dont complain
|c|âtrythroughwalls|just saying, wasnt complaining
|
|switch|p1a: Soul Hospital|Absol, F|271\/271
|switch|p2a: Chansey|Chansey, F|703\/703
|
|turn|4
|
|switch|p2a: Quagsire|Quagsire, F|345\/394 brn
|detailschange|p1a: Soul Hospital|Absol-Mega, F
|-mega|p1a: Soul Hospital|Absol|Absolite
|move|p1a: Soul Hospital|Knock Off|p2a: Quagsire
|-damage|p2a: Quagsire|197\/394 brn
|-enditem|p2a: Quagsire|Leftovers|[from] move: Knock Off|[of] p1a: Soul Hospital
|
|-damage|p2a: Quagsire|148\/394 brn|[from] brn
|turn|5
|
|switch|p1a: Chicago|Keldeo|323\/323
|move|p2a: Quagsire|Recover|p2a: Quagsire
|-heal|p2a: Quagsire|345\/394 brn
|
|-damage|p2a: Quagsire|296\/394 brn|[from] brn
|turn|6
|c|âtrythroughwalls|where do you get rmt, smogon?
|c|âLord Titan|ye
|
|switch|p2a: Amoonguss|Amoonguss, F|432\/432
|move|p1a: Chicago|Secret Sword|p2a: Amoonguss
|-resisted|p2a: Amoonguss
|-damage|p2a: Amoonguss|360\/432
|
|-heal|p2a: Amoonguss|387\/432|[from] item: Black Sludge
|turn|7
|
|switch|p1a: Soul Hospital|Absol-Mega, F|271\/271
|move|p2a: Amoonguss|Sludge Bomb|p1a: Soul Hospital
|-damage|p1a: Soul Hospital|102\/271
|
|-heal|p2a: Amoonguss|414\/432|[from] item: Black Sludge
|turn|8
|
|move|p1a: Soul Hospital|Ice Beam|p2a: Amoonguss
|-supereffective|p2a: Amoonguss
|-damage|p2a: Amoonguss|224\/432
|-status|p2a: Amoonguss|frz
|-curestatus|p2a: Amoonguss|frz
|move|p2a: Amoonguss|Sludge Bomb|p1a: Soul Hospital
|-damage|p1a: Soul Hospital|0 fnt
|faint|p1a: Soul Hospital
|
|-heal|p2a: Amoonguss|251\/432|[from] item: Black Sludge
|c|âtrythroughwalls|that happened
|c|âtrythroughwalls|lol
|
|switch|p1a: Illuminate|Entei, shiny|334\/371
|-ability|p1a: Illuminate|Pressure
|turn|9
|
|switch|p1a: Besitos|Sylveon, F, shiny|332\/332
|switch|p2a: Quagsire|Quagsire, F|296\/394 brn
|
|-damage|p2a: Quagsire|247\/394 brn|[from] brn
|turn|10
|
|switch|p2a: Bisharp|Bisharp, F|319\/319
|move|p1a: Besitos|Baton Pass|p1a: Besitos
|
|switch|p1a: Illuminate|Entei, shiny|334\/371
|-ability|p1a: Illuminate|Pressure
|
|turn|11
|
|switch|p2a: Starmie|Starmie|324\/324
|move|p1a: Illuminate|Sacred Fire|p2a: Starmie
|-resisted|p2a: Starmie
|-damage|p2a: Starmie|182\/324
|-damage|p1a: Illuminate|297\/371|[from] item: Life Orb
|
|-heal|p2a: Starmie|202\/324|[from] item: Leftovers
|turn|12
|
|switch|p1a: Besitos|Sylveon, F, shiny|332\/332
|move|p2a: Starmie|Scald|p1a: Besitos
|-damage|p1a: Besitos|253\/332
|
|-heal|p2a: Starmie|222\/324|[from] item: Leftovers
|turn|13
|
|switch|p2a: Amoonguss|Amoonguss, F|395\/432
|move|p1a: Besitos|Hyper Voice|p2a: Amoonguss
|-resisted|p2a: Amoonguss
|-damage|p2a: Amoonguss|230\/432
|
|-heal|p2a: Amoonguss|257\/432|[from] item: Black Sludge
|turn|14
|c|âtrythroughwalls|hum
|c|âtrythroughwalls|some choice spec there
|
|switch|p1a: Lullabies|Latios, M, shiny|301\/301
|move|p2a: Amoonguss|Spore|p1a: Lullabies
|-status|p1a: Lullabies|slp
|
|-heal|p2a: Amoonguss|284\/432|[from] item: Black Sludge
|turn|15
|
|switch|p1a: Illuminate|Entei, shiny|297\/371
|-ability|p1a: Illuminate|Pressure
|move|p2a: Amoonguss|Payback|p1a: Illuminate
|-damage|p1a: Illuminate|255\/371
|
|-heal|p2a: Amoonguss|311\/432|[from] item: Black Sludge
|turn|16
|
|switch|p2a: Starmie|Starmie|222\/324
|move|p1a: Illuminate|Sacred Fire|p2a: Starmie
|-resisted|p2a: Starmie
|-damage|p2a: Starmie|86\/324
|-status|p2a: Starmie|brn
|-damage|p1a: Illuminate|218\/371|[from] item: Life Orb
|
|-heal|p2a: Starmie|106\/324 brn|[from] item: Leftovers
|-damage|p2a: Starmie|66\/324 brn|[from] brn
|turn|17
|
|switch|p2a: Bisharp|Bisharp, F|319\/319
|move|p1a: Illuminate|Extreme Speed|p2a: Bisharp
|-resisted|p2a: Bisharp
|-damage|p2a: Bisharp|257\/319
|-damage|p1a: Illuminate|181\/371|[from] item: Life Orb
|
|turn|18
|
|move|p2a: Bisharp|Sucker Punch|p1a: Illuminate
|-damage|p1a: Illuminate|24\/371
|move|p1a: Illuminate|Sacred Fire|p2a: Bisharp
|-supereffective|p2a: Bisharp
|-damage|p2a: Bisharp|0 fnt
|-damage|p1a: Illuminate|0 fnt|[from] item: Life Orb
|faint|p2a: Bisharp
|faint|p1a: Illuminate
|
|
|switch|p1a: Ignorance|Landorus-Therian, M, shiny|382\/382
|switch|p2a: Chansey|Chansey, F|703\/703
|-ability|p1a: Ignorance|Intimidate|[of] p2a: Chansey
|-unboost|p2a: Chansey|atk|1
|turn|19
|
|move|p1a: Ignorance|Stealth Rock|p2a: Chansey
|-sidestart|p2: trythroughwalls|move: Stealth Rock
|move|p2a: Chansey|Stealth Rock|p1a: Ignorance
|-sidestart|p1: Lord Titan|move: Stealth Rock
|
|turn|20
|
|switch|p2a: Sableye|Sableye, M|304\/304
|-damage|p2a: Sableye|266\/304|[from] Stealth Rock
|move|p1a: Ignorance|U-turn|p2a: Sableye
|-damage|p2a: Sableye|186\/304
|
|switch|p1a: Besitos|Sylveon, F, shiny|253\/332
|-damage|p1a: Besitos|212\/332|[from] Stealth Rock
|
|turn|21
|
|move|p2a: Sableye|Will-O-Wisp|p1a: Besitos
|-status|p1a: Besitos|brn
|move|p1a: Besitos|Psyshock|p2a: Sableye
|-immune|p2a: Sableye|[msg]
|
|-damage|p1a: Besitos|171\/332 brn|[from] brn
|turn|22
|
|switch|p1a: Ignorance|Landorus-Therian, M, shiny|382\/382
|-damage|p1a: Ignorance|335\/382|[from] Stealth Rock
|-ability|p1a: Ignorance|Intimidate|[of] p2a: Sableye
|-unboost|p2a: Sableye|atk|1
|move|p2a: Sableye|Recover|p2a: Sableye
|-heal|p2a: Sableye|304\/304
|
|-heal|p1a: Ignorance|358\/382|[from] item: Leftovers
|turn|23
|
|move|p2a: Sableye|Will-O-Wisp|p1a: Ignorance|[miss]
|-miss|p2a: Sableye|p1a: Ignorance
|move|p1a: Ignorance|U-turn|p2a: Sableye
|-damage|p2a: Sableye|224\/304
|
|switch|p1a: Besitos|Sylveon, F, shiny|171\/332 brn
|-damage|p1a: Besitos|130\/332 brn|[from] Stealth Rock
|
|-damage|p1a: Besitos|89\/332 brn|[from] brn
|turn|24
|
|switch|p2a: Quagsire|Quagsire, F|247\/394 brn
|-damage|p2a: Quagsire|223\/394 brn|[from] Stealth Rock
|move|p1a: Besitos|Hyper Voice|p2a: Quagsire
|-damage|p2a: Quagsire|0 fnt
|faint|p2a: Quagsire
|
|-damage|p1a: Besitos|48\/332 brn|[from] brn
|
|switch|p2a: Amoonguss|Amoonguss, F|432\/432
|-damage|p2a: Amoonguss|378\/432|[from] Stealth Rock
|turn|25
|
|move|p1a: Besitos|Hyper Voice|p2a: Amoonguss
|-resisted|p2a: Amoonguss
|-damage|p2a: Amoonguss|207\/432
|move|p2a: Amoonguss|Sludge Bomb|p1a: Besitos
|-supereffective|p1a: Besitos
|-damage|p1a: Besitos|0 fnt
|faint|p1a: Besitos
|
|-heal|p2a: Amoonguss|234\/432|[from] item: Black Sludge
|
|switch|p1a: Lullabies|Latios, M, shiny|301\/301 slp
|-damage|p1a: Lullabies|264\/301 slp|[from] Stealth Rock
|turn|26
|
|switch|p2a: Starmie|Starmie|66\/324
|-damage|p2a: Starmie|26\/324|[from] Stealth Rock
|cant|p1a: Lullabies|slp
|
|-heal|p2a: Starmie|46\/324|[from] item: Leftovers
|turn|27
|
|switch|p1a: Chicago|Keldeo|323\/323
|-damage|p1a: Chicago|303\/323|[from] Stealth Rock
|move|p2a: Starmie|Rapid Spin|p1a: Chicago
|-damage|p1a: Chicago|292\/323
|-sideend|p2: trythroughwalls|Stealth Rock|[from] move: Rapid Spin|[of] p2a: Starmie
|
|-heal|p2a: Starmie|66\/324|[from] item: Leftovers
|turn|28
|
|move|p1a: Chicago|Icy Wind|p2a: Starmie
|-resisted|p2a: Starmie
|-damage|p2a: Starmie|31\/324
|-unboost|p2a: Starmie|spe|1
|move|p2a: Starmie|Recover|p2a: Starmie
|-heal|p2a: Starmie|193\/324
|
|-heal|p2a: Starmie|213\/324|[from] item: Leftovers
|turn|29
|
|switch|p1a: Ignorance|Landorus-Therian, M, shiny|358\/382
|-damage|p1a: Ignorance|311\/382|[from] Stealth Rock
|-ability|p1a: Ignorance|Intimidate|[of] p2a: Starmie
|-unboost|p2a: Starmie|atk|1
|move|p2a: Starmie|Recover|p2a: Starmie
|-heal|p2a: Starmie|324\/324
|
|-heal|p1a: Ignorance|334\/382|[from] item: Leftovers
|turn|30
|
|move|p2a: Starmie|Reflect Type|p1a: Ignorance
|-start|p2a: Starmie|typechange|[from] move: Reflect Type|[of] p1a: Ignorance
|move|p1a: Ignorance|U-turn|p2a: Starmie
|-resisted|p2a: Starmie
|-damage|p2a: Starmie|283\/324
|
|switch|p1a: Chicago|Keldeo|292\/323
|-damage|p1a: Chicago|272\/323|[from] Stealth Rock
|
|-heal|p2a: Starmie|303\/324|[from] item: Leftovers
|turn|31
|
|switch|p2a: Chansey|Chansey, F|703\/703
|move|p1a: Chicago|Icy Wind|p2a: Chansey
|-damage|p2a: Chansey|664\/703
|-unboost|p2a: Chansey|spe|1
|
|turn|32
|c|âtrythroughwalls|seems i have atleast annoyed that anti stall team
|
|switch|p1a: Ignorance|Landorus-Therian, M, shiny|334\/382
|-damage|p1a: Ignorance|287\/382|[from] Stealth Rock
|-ability|p1a: Ignorance|Intimidate|[of] p2a: Chansey
|-unboost|p2a: Chansey|atk|1
|switch|p2a: Sableye|Sableye, M|224\/304
|
|-heal|p1a: Ignorance|310\/382|[from] item: Leftovers
|turn|33
|c|âLord Titan|anti stall?
|
|move|p2a: Sableye|Will-O-Wisp|p1a: Ignorance
|-status|p1a: Ignorance|brn
|move|p1a: Ignorance|Earthquake|p2a: Sableye
|-crit|p2a: Sableye
|-damage|p2a: Sableye|88\/304
|
|-heal|p1a: Ignorance|333\/382 brn|[from] item: Leftovers
|-damage|p1a: Ignorance|286\/382 brn|[from] brn
|turn|34
|c|âLord Titan|this team isnt anti stall
|
|detailschange|p2a: Sableye|Sableye-Mega, M
|-mega|p2a: Sableye|Sableye|Sablenite
|move|p2a: Sableye|Recover|p2a: Sableye
|-heal|p2a: Sableye|240\/304
|move|p1a: Ignorance|U-turn|p2a: Sableye
|-damage|p2a: Sableye|210\/304
|
|switch|p1a: Chicago|Keldeo|272\/323
|-damage|p1a: Chicago|252\/323|[from] Stealth Rock
|
|turn|35
|c|âtrythroughwalls|what is the goal of this team if not wrecking mega sableye?
|c|âLord Titan|idk
|c|âLord Titan|i didnt make it
|
|switch|p2a: Amoonguss|Amoonguss, F|378\/432
|move|p1a: Chicago|Hydro Pump|p2a: Amoonguss
|-resisted|p2a: Amoonguss
|-damage|p2a: Amoonguss|261\/432
|
|-heal|p2a: Amoonguss|288\/432|[from] item: Black Sludge
|turn|36
|c|âLord Titan|i just dont like anyone who usues stall
|
|switch|p1a: Ignorance|Landorus-Therian, M, shiny|286\/382 brn
|-damage|p1a: Ignorance|239\/382 brn|[from] Stealth Rock
|-ability|p1a: Ignorance|Intimidate|[of] p2a: Amoonguss
|-unboost|p2a: Amoonguss|atk|1
|move|p2a: Amoonguss|Payback|p1a: Ignorance
|-damage|p1a: Ignorance|221\/382 brn
|
|-heal|p1a: Ignorance|244\/382 brn|[from] item: Leftovers
|-heal|p2a: Amoonguss|315\/432|[from] item: Black Sludge
|-damage|p1a: Ignorance|197\/382 brn|[from] brn
|turn|37
|c|âtrythroughwalls|actually my team isnt total stall
|c|âtrythroughwalls|we are turn 36
|c|âtrythroughwalls|not 200
|
|switch|p2a: Sableye|Sableye-Mega, M|210\/304
|move|p1a: Ignorance|Stealth Rock|p2a: Sableye
|move|p2a: Sableye|Stealth Rock|p1a: Ignorance|[from]Magic Bounce
|-fail|p1a: Ignorance
|
|-heal|p1a: Ignorance|220\/382 brn|[from] item: Leftovers
|-damage|p1a: Ignorance|173\/382 brn|[from] brn
|turn|38
|c|âLord Titan|chansey, amoongus, mega sabeleye, bisharp, starmie, and quagsire
|c|âtrythroughwalls|4 stallers
|
|move|p1a: Ignorance|Earthquake|p2a: Sableye
|-damage|p2a: Sableye|144\/304
|move|p2a: Sableye|Recover|p2a: Sableye
|-heal|p2a: Sableye|296\/304
|
|-heal|p1a: Ignorance|196\/382 brn|[from] item: Leftovers
|-damage|p1a: Ignorance|149\/382 brn|[from] brn
|turn|39
|
|move|p1a: Ignorance|U-turn|p2a: Sableye
|-damage|p2a: Sableye|269\/304
|
|switch|p1a: Chicago|Keldeo|252\/323
|-damage|p1a: Chicago|232\/323|[from] Stealth Rock
|move|p2a: Sableye|Snarl|p1a: Chicago
|-crit|p1a: Chicago
|-resisted|p1a: Chicago
|-damage|p1a: Chicago|184\/323
|-boost|p1a: Chicago|atk|1|[from] ability: Justified
|-unboost|p1a: Chicago|spa|1
|
|turn|40
|c|âLord Titan|no
|
|switch|p2a: Amoonguss|Amoonguss, F|432\/432
|move|p1a: Chicago|Scald|p2a: Amoonguss
|-resisted|p2a: Amoonguss
|-damage|p2a: Amoonguss|374\/432
|
|-heal|p2a: Amoonguss|401\/432|[from] item: Black Sludge
|turn|41
|c|âLord Titan|just no
|c|âLord Titan|i wont wait forever to be stalled out
|-message|Lord Titan forfeited.
|
|win|trythroughwalls
|raw|Ladder updating...
|raw|Lord Titan's rating: 1556 &rarr; <strong>1535<\/strong><br \/>(-21 for losing)
|raw|trythroughwalls's rating: 1534 &rarr; <strong>1556<\/strong><br \/>(+22 for winning)
|leave|Lord Titan