|join|dais it mane
|join|trythroughwalls
|player|p1|dais it mane|102
|player|p2|trythroughwalls|169
|gametype|singles
|gen|6
|tier|OU
|rated
|clearpoke
|poke|p1|Metagross
|poke|p1|Landorus, M
|poke|p1|Bisharp, F
|poke|p1|Diggersby, F
|poke|p1|Keldeo
|poke|p1|Conkeldurr, M
|poke|p2|Starmie
|poke|p2|Skarmory, M
|poke|p2|Quagsire, M
|poke|p2|Amoonguss, F
|poke|p2|Sableye, F
|poke|p2|Chansey, F
|rule|Swagger Clause: Swagger is banned
|rule|Baton Pass Clause: Limit one PokÃ©mon knowing Baton Pass
|rule|Sleep Clause Mod: Limit one foe put to sleep
|rule|Species Clause: Limit one of each PokÃ©mon
|rule|OHKO Clause: OHKO moves are banned
|rule|Moody Clause: Moody is banned
|rule|Evasion Moves Clause: Evasion moves are banned
|rule|Endless Battle Clause: Forcing endless battles is banned
|rule|HP Percentage Mod: HP is shown in percentages
|teampreview
|
|start
|switch|p1a: Conkeldurr|Conkeldurr, M|414\/414
|switch|p2a: Amoonguss|Amoonguss, F|432\/432
|turn|1
|
|switch|p2a: Sableye|Sableye, F|304\/304
|move|p1a: Conkeldurr|Knock Off|p2a: Sableye
|-damage|p2a: Sableye|217\/304
|
|turn|2
|
|detailschange|p2a: Sableye|Sableye-Mega, F
|-mega|p2a: Sableye|Sableye|Sablenite
|move|p2a: Sableye|Knock Off|p1a: Conkeldurr
|-resisted|p1a: Conkeldurr
|-damage|p1a: Conkeldurr|363\/414
|-enditem|p1a: Conkeldurr|Assault Vest|[from] move: Knock Off|[of] p2a: Sableye
|move|p1a: Conkeldurr|Ice Punch|p2a: Sableye
|-damage|p2a: Sableye|141\/304
|-status|p2a: Sableye|frz
|
|turn|3
|
|switch|p2a: Quagsire|Quagsire, M|394\/394
|move|p1a: Conkeldurr|Ice Punch|p2a: Quagsire
|-damage|p2a: Quagsire|305\/394
|
|-heal|p2a: Quagsire|329\/394|[from] item: Leftovers
|turn|4
|
|move|p1a: Conkeldurr|Drain Punch|p2a: Quagsire
|-damage|p2a: Quagsire|196\/394
|-heal|p1a: Conkeldurr|414\/414|[from] drain|[of] p2a: Quagsire
|move|p2a: Quagsire|Encore|p1a: Conkeldurr
|-start|p1a: Conkeldurr|Encore
|
|-heal|p2a: Quagsire|220\/394|[from] item: Leftovers
|turn|5
|
|switch|p1a: Bisharp|Bisharp, F|272\/272
|move|p2a: Quagsire|Recover|p2a: Quagsire
|-heal|p2a: Quagsire|394\/394
|
|turn|6
|
|move|p1a: Bisharp|Stealth Rock|p2a: Quagsire
|-sidestart|p2: trythroughwalls|move: Stealth Rock
|move|p2a: Quagsire|Scald|p1a: Bisharp
|-damage|p1a: Bisharp|190\/272
|-status|p1a: Bisharp|brn
|
|-damage|p1a: Bisharp|156\/272 brn|[from] brn
|turn|7
|
|switch|p2a: Starmie|Starmie|324\/324
|-damage|p2a: Starmie|284\/324|[from] Stealth Rock
|move|p1a: Bisharp|Knock Off|p2a: Starmie
|-supereffective|p2a: Starmie
|-damage|p2a: Starmie|74\/324
|-enditem|p2a: Starmie|Leftovers|[from] move: Knock Off|[of] p1a: Bisharp
|
|-damage|p1a: Bisharp|122\/272 brn|[from] brn
|turn|8
|
|move|p2a: Starmie|Recover|p2a: Starmie
|-heal|p2a: Starmie|236\/324
|move|p1a: Bisharp|Iron Head|p2a: Starmie
|-resisted|p2a: Starmie
|-damage|p2a: Starmie|195\/324
|
|-damage|p1a: Bisharp|88\/272 brn|[from] brn
|turn|9
|
|move|p1a: Bisharp|Sucker Punch|p2a: Starmie
|-supereffective|p2a: Starmie
|-damage|p2a: Starmie|15\/324
|move|p2a: Starmie|Rapid Spin|p1a: Bisharp
|-resisted|p1a: Bisharp
|-damage|p1a: Bisharp|83\/272 brn
|-sideend|p2: trythroughwalls|Stealth Rock|[from] move: Rapid Spin|[of] p2a: Starmie
|
|-damage|p1a: Bisharp|49\/272 brn|[from] brn
|turn|10
|
|move|p2a: Starmie|Recover|p2a: Starmie
|-heal|p2a: Starmie|177\/324
|move|p1a: Bisharp|Stealth Rock|p2a: Starmie
|-sidestart|p2: trythroughwalls|move: Stealth Rock
|
|-damage|p1a: Bisharp|15\/272 brn|[from] brn
|turn|11
|
|move|p1a: Bisharp|Sucker Punch|p2a: Starmie
|-fail|p2a: Starmie
|move|p2a: Starmie|Recover|p2a: Starmie
|-heal|p2a: Starmie|324\/324
|
|-damage|p1a: Bisharp|0 fnt|[from] brn
|faint|p1a: Bisharp
|
|switch|p1a: Diggersby|Diggersby, F|312\/312
|turn|12
|
|move|p2a: Starmie|Scald|p1a: Diggersby
|-supereffective|p1a: Diggersby
|-damage|p1a: Diggersby|76\/312
|move|p1a: Diggersby|U-turn|p2a: Starmie
|-supereffective|p2a: Starmie
|-damage|p2a: Starmie|0 fnt
|faint|p2a: Starmie
|
|switch|p1a: Conkeldurr|Conkeldurr, M|414\/414
|
|
|switch|p2a: Amoonguss|Amoonguss, F|432\/432
|-damage|p2a: Amoonguss|378\/432|[from] Stealth Rock
|turn|13
|
|move|p1a: Conkeldurr|Knock Off|p2a: Amoonguss
|-damage|p2a: Amoonguss|239\/432
|-enditem|p2a: Amoonguss|Black Sludge|[from] move: Knock Off|[of] p1a: Conkeldurr
|move|p2a: Amoonguss|Spore|p1a: Conkeldurr
|-status|p1a: Conkeldurr|slp
|
|turn|14
|
|switch|p1a: Metagross|Metagross|302\/302
|switch|p2a: Chansey|Chansey, F|703\/703
|-damage|p2a: Chansey|616\/703|[from] Stealth Rock
|
|turn|15
|
|detailschange|p1a: Metagross|Metagross-Mega
|-mega|p1a: Metagross|Metagross|Metagrossite
|move|p1a: Metagross|Hammer Arm|p2a: Chansey
|-supereffective|p2a: Chansey
|-damage|p2a: Chansey|134\/703
|-unboost|p1a: Metagross|spe|1
|move|p2a: Chansey|Stealth Rock|p1a: Metagross
|-sidestart|p1: dais it mane|move: Stealth Rock
|
|turn|16
|
|switch|p2a: Quagsire|Quagsire, M|394\/394
|-damage|p2a: Quagsire|370\/394|[from] Stealth Rock
|move|p1a: Metagross|Hammer Arm|p2a: Quagsire
|-damage|p2a: Quagsire|226\/394
|-unboost|p1a: Metagross|spe|1
|
|-heal|p2a: Quagsire|250\/394|[from] item: Leftovers
|turn|17
|
|switch|p1a: Keldeo|Keldeo|324\/324
|-damage|p1a: Keldeo|304\/324|[from] Stealth Rock
|move|p2a: Quagsire|Recover|p2a: Quagsire
|-heal|p2a: Quagsire|394\/394
|
|turn|18
|
|switch|p1a: Landorus|Landorus, M|319\/319
|-damage|p1a: Landorus|280\/319|[from] Stealth Rock
|switch|p2a: Amoonguss|Amoonguss, F|383\/432
|-damage|p2a: Amoonguss|329\/432|[from] Stealth Rock
|
|turn|19
|
|move|p1a: Landorus|Psychic|p2a: Amoonguss
|-supereffective|p2a: Amoonguss
|-damage|p2a: Amoonguss|0 fnt
|faint|p2a: Amoonguss
|
|
|switch|p2a: Skarmory|Skarmory, M|334\/334
|-damage|p2a: Skarmory|293\/334|[from] Stealth Rock
|turn|20
|
|switch|p1a: Keldeo|Keldeo|304\/324
|-damage|p1a: Keldeo|284\/324|[from] Stealth Rock
|move|p2a: Skarmory|Iron Head|p1a: Keldeo
|-resisted|p1a: Keldeo
|-damage|p1a: Keldeo|245\/324
|
|turn|21
|-message|trythroughwalls forfeited.
|
|win|dais it mane
|raw|Ladder updating...
|raw|dais it mane's rating: 1631 &rarr; <strong>1652<\/strong><br \/>(+21 for winning)
|raw|trythroughwalls's rating: 1647 &rarr; <strong>1626<\/strong><br \/>(-21 for losing)
|leave|trythroughwalls
|player|p2