|join|shadow-ghoul
|join|red lttm
|player|p1|shadow-ghoul|144
|player|p2|red lttm|169
|gametype|singles
|gen|6
|tier|UU
|rated
|rule|Sleep Clause Mod: Limit one foe put to sleep
|rule|Species Clause: Limit one of each PokÃ©mon
|rule|OHKO Clause: OHKO moves are banned
|rule|Moody Clause: Moody is banned
|rule|Evasion Moves Clause: Evasion moves are banned
|rule|Endless Battle Clause: Forcing endless battles is banned
|rule|HP Percentage Mod: HP is shown in percentages
|clearpoke
|poke|p1|Crobat, F, shiny
|poke|p1|Starmie
|poke|p1|Cloyster, M, shiny
|poke|p1|Roserade, F
|poke|p1|Flygon, M
|poke|p1|Zangoose, F
|poke|p2|Sharpedo, F
|poke|p2|Nidoqueen, F
|poke|p2|Celebi
|poke|p2|Crobat, F
|poke|p2|Suicune
|poke|p2|Jirachi
|rule|Swagger Clause: Swagger is banned
|rule|Baton Pass Clause: Limit one PokÃ©mon knowing Baton Pass
|teampreview
|
|start
|switch|p1a: Cloyster|Cloyster, M, shiny|241\/241
|switch|p2a: Celebi|Celebi|404\/404
|turn|1
|
|move|p2a: Celebi|Baton Pass|p2a: Celebi
|
|switch|p2a: Jirachi|Jirachi|341\/341
|move|p1a: Cloyster|Shell Smash|p1a: Cloyster
|-boost|p1a: Cloyster|atk|2
|-boost|p1a: Cloyster|spa|2
|-boost|p1a: Cloyster|spe|2
|-unboost|p1a: Cloyster|def|1
|-unboost|p1a: Cloyster|spd|1
|
|turn|2
|
|move|p2a: Jirachi|Iron Head|p1a: Cloyster
|-damage|p1a: Cloyster|129\/241
|cant|p1a: Cloyster|flinch
|
|turn|3
|
|move|p2a: Jirachi|Iron Head|p1a: Cloyster
|-damage|p1a: Cloyster|18\/241
|move|p1a: Cloyster|Icicle Spear|p2a: Jirachi
|-resisted|p2a: Jirachi
|-damage|p2a: Jirachi|302\/341
|-resisted|p2a: Jirachi
|-damage|p2a: Jirachi|267\/341
|-resisted|p2a: Jirachi
|-damage|p2a: Jirachi|228\/341
|-resisted|p2a: Jirachi
|-damage|p2a: Jirachi|193\/341
|-resisted|p2a: Jirachi
|-damage|p2a: Jirachi|158\/341
|-hitcount|p2a: Jirachi|5
|
|turn|4
|
|switch|p1a: Flygon|Flygon, M|301\/301
|move|p2a: Jirachi|Iron Head|p1a: Flygon
|-damage|p1a: Flygon|145\/301
|
|-heal|p1a: Flygon|163\/301|[from] item: Leftovers
|turn|5
|
|switch|p2a: Crobat|Crobat, F|321\/321
|move|p1a: Flygon|Flamethrower|p2a: Crobat
|-damage|p2a: Crobat|253\/321
|
|-heal|p1a: Flygon|181\/301|[from] item: Leftovers
|turn|6
|
|move|p2a: Crobat|Acrobatics|p1a: Flygon
|-damage|p1a: Flygon|9\/301
|move|p1a: Flygon|U-turn|p2a: Crobat
|-resisted|p2a: Crobat
|-damage|p2a: Crobat|231\/321
|
|switch|p1a: Starmie|Starmie|261\/261
|
|turn|7
|
|move|p2a: Crobat|U-turn|p1a: Starmie
|-supereffective|p1a: Starmie
|-damage|p1a: Starmie|123\/261
|
|switch|p2a: Celebi|Celebi|404\/404
|move|p1a: Starmie|Thunderbolt|p2a: Celebi
|-resisted|p2a: Celebi
|-damage|p2a: Celebi|346\/404
|-damage|p1a: Starmie|97\/261|[from] item: Life Orb
|
|turn|8
|
|move|p1a: Starmie|Ice Beam|p2a: Celebi
|-supereffective|p2a: Celebi
|-damage|p2a: Celebi|109\/404
|-enditem|p2a: Celebi|Weakness Policy
|-boost|p2a: Celebi|atk|2|[from] item: Weakness Policy
|-boost|p2a: Celebi|spa|2|[from] item: Weakness Policy
|-damage|p1a: Starmie|71\/261|[from] item: Life Orb
|move|p2a: Celebi|Baton Pass|p2a: Celebi
|
|switch|p2a: Sharpedo|Sharpedo, F|285\/285
|
|turn|9
|c|âshadow-ghoul|this battle is a little annoying rn imo lmao
|
|move|p2a: Sharpedo|Protect|p2a: Sharpedo
|-singleturn|p2a: Sharpedo|Protect
|move|p1a: Starmie|Thunderbolt|p2a: Sharpedo
|-activate|p2a: Sharpedo|Protect
|
|-boost|p2a: Sharpedo|spe|1|[from] ability: Speed Boost
|turn|10
|c|âred lttm|how is it annoying?
|c|âred lttm|lol
|c|âshadow-ghoul|neither of us have killed a pokemon and I feel like it's going to last forever
|c|âred lttm|I think
|c|âshadow-ghoul|it'll be fun though
|c|âred lttm|I sweep from here actually
|
|move|p2a: Sharpedo|Crunch|p1a: Starmie
|-supereffective|p1a: Starmie
|-damage|p1a: Starmie|0 fnt
|faint|p1a: Starmie
|
|-boost|p2a: Sharpedo|spe|1|[from] ability: Speed Boost
|
|switch|p1a: Zangoose|Zangoose, F|287\/287
|turn|11
|
|detailschange|p2a: Sharpedo|Sharpedo-Mega, F
|-mega|p2a: Sharpedo|Sharpedo|Sharpedonite
|move|p2a: Sharpedo|Crunch|p1a: Zangoose
|-damage|p1a: Zangoose|0 fnt
|faint|p1a: Zangoose
|
|
|switch|p1a: Roserade|Roserade, F|261\/261
|turn|12
|c|âshadow-ghoul|probably lmao
|
|move|p2a: Sharpedo|Ice Fang|p1a: Roserade
|-supereffective|p1a: Roserade
|-damage|p1a: Roserade|0 fnt
|faint|p1a: Roserade
|
|c|âshadow-ghoul|my other pokemon are on their last leg and no where near as fast as your sharpedo
|
|switch|p1a: Flygon|Flygon, M|9\/301
|turn|13
|
|move|p2a: Sharpedo|Crunch|p1a: Flygon
|-damage|p1a: Flygon|0 fnt
|faint|p1a: Flygon
|
|c|âred lttm|:]
|
|switch|p1a: Cloyster|Cloyster, M, shiny|18\/241
|turn|14
|c|âred lttm|I really like how this team works
|
|move|p2a: Sharpedo|Crunch|p1a: Cloyster
|-damage|p1a: Cloyster|0 fnt
|faint|p1a: Cloyster
|
|c|âshadow-ghoul|it seems nice
|c|âred lttm|weakness pass celebi to sharpedo
|c|âred lttm|is p cool
|c|âred lttm|kinda hard to pull off sometimes though
|c|âshadow-ghoul|I'm just using some of my favorites tbh
|
|switch|p1a: Crobat|Crobat, F, shiny|311\/311
|turn|15
|c|âred lttm|ah I see
|
|move|p2a: Sharpedo|Crunch|p1a: Crobat
|-damage|p1a: Crobat|0 fnt
|faint|p1a: Crobat
|
|win|red lttm
|raw|Ladder updating...
|c|âred lttm|gg man
|raw|shadow-ghoul's rating: 1075 &rarr; <strong>1061<\/strong><br \/>(-14 for losing)
|raw|red lttm's rating: 1190 &rarr; <strong>1207<\/strong><br \/>(+17 for winning)
|c|âshadow-ghoul|gg
|leave|shadow-ghoul