|join|red lttm
|join|Kyrem13
|player|p1|red lttm|10
|player|p2|Kyrem13|208
|gametype|singles
|gen|6
|tier|UU
|rated
|rule|Sleep Clause Mod: Limit one foe put to sleep
|rule|Species Clause: Limit one of each PokÃ©mon
|rule|OHKO Clause: OHKO moves are banned
|rule|Moody Clause: Moody is banned
|rule|Evasion Moves Clause: Evasion moves are banned
|rule|Endless Battle Clause: Forcing endless battles is banned
|rule|HP Percentage Mod: HP is shown in percentages
|clearpoke
|poke|p1|Sharpedo, F
|poke|p1|Celebi
|poke|p1|Crobat, M
|poke|p1|Suicune
|poke|p1|Cobalion
|poke|p1|Raikou, shiny
|poke|p2|Arcanine, F, shiny
|poke|p2|Swampert, M, shiny
|poke|p2|Chesnaught, F, shiny
|poke|p2|Galvantula, F, shiny
|poke|p2|Noivern, M, shiny
|poke|p2|Roserade, F, shiny
|rule|Swagger Clause: Swagger is banned
|rule|Baton Pass Clause: Limit one PokÃ©mon knowing Baton Pass
|teampreview
|c|âKyrem13|heyo glhf
|c|âred lttm|u2
|
|start
|switch|p1a: Cobalion|Cobalion|323\/323
|switch|p2a: Arachnae|Galvantula, F, shiny|281\/281
|turn|1
|
|move|p2a: Arachnae|Sticky Web|p1a: Cobalion
|-sidestart|p1: red lttm|move: Sticky Web
|move|p1a: Cobalion|Taunt|p2a: Arachnae
|-start|p2a: Arachnae|move: Taunt
|
|turn|2
|
|move|p2a: Arachnae|Volt Switch|p1a: Cobalion
|-damage|p1a: Cobalion|185\/323
|
|switch|p2a: Wall Maria|Chesnaught, F, shiny|380\/380
|move|p1a: Cobalion|Iron Head|p2a: Wall Maria
|-damage|p2a: Wall Maria|311\/380
|
|-heal|p1a: Cobalion|205\/323|[from] item: Leftovers
|-heal|p2a: Wall Maria|334\/380|[from] item: Leftovers
|turn|3
|
|switch|p1a: Crobat|Crobat, M|313\/313
|move|p2a: Wall Maria|Hammer Arm|p1a: Crobat
|-resisted|p1a: Crobat
|-damage|p1a: Crobat|275\/313
|-unboost|p2a: Wall Maria|spe|1
|
|-heal|p2a: Wall Maria|357\/380|[from] item: Leftovers
|turn|4
|
|move|p2a: Wall Maria|Spiky Shield|p2a: Wall Maria
|-singleturn|p2a: Wall Maria|move: Protect
|move|p1a: Crobat|Defog|p2a: Wall Maria
|-activate|p2a: Wall Maria|move: Protect
|
|-heal|p2a: Wall Maria|380\/380|[from] item: Leftovers
|turn|5
|
|switch|p2a: Quasimoto|Swampert, M, shiny|403\/403
|move|p1a: Crobat|Defog|p2a: Quasimoto
|-unboost|p2a: Quasimoto|evasion|1
|-sideend|p1: red lttm|Sticky Web|[from] move: Defog|[of] p1a: Crobat
|
|turn|6
|
|switch|p1a: Celebi|Celebi|404\/404
|detailschange|p2a: Quasimoto|Swampert-Mega, M, shiny
|-mega|p2a: Quasimoto|Swampert|Swampertite
|move|p2a: Quasimoto|Stealth Rock|p1a: Celebi
|-sidestart|p1: red lttm|move: Stealth Rock
|
|turn|7
|
|switch|p2a: Arachnae|Galvantula, F, shiny|281\/281
|move|p1a: Celebi|Baton Pass|p1a: Celebi
|
|switch|p1a: Raikou|Raikou, shiny|321\/321
|-damage|p1a: Raikou|281\/321|[from] Stealth Rock
|-ability|p1a: Raikou|Pressure
|
|turn|8
|
|move|p1a: Raikou|Extrasensory|p2a: Arachnae
|-damage|p2a: Arachnae|161\/281
|move|p2a: Arachnae|Sticky Web|p1a: Raikou
|-sidestart|p1: red lttm|move: Sticky Web
|
|turn|9
|
|move|p1a: Raikou|Extrasensory|p2a: Arachnae
|-damage|p2a: Arachnae|21\/281
|move|p2a: Arachnae|Bug Buzz|p1a: Raikou
|-damage|p1a: Raikou|142\/321
|
|turn|10
|
|move|p1a: Raikou|Volt Switch|p2a: Arachnae
|-resisted|p2a: Arachnae
|-damage|p2a: Arachnae|0 fnt
|faint|p2a: Arachnae
|
|switch|p1a: Crobat|Crobat, M|275\/313
|-damage|p1a: Crobat|197\/313|[from] Stealth Rock
|
|
|switch|p2a: Mrs. O'Leary|Arcanine, F, shiny|322\/322
|-ability|p2a: Mrs. O'Leary|Intimidate|[of] p1a: Crobat
|-unboost|p1a: Crobat|atk|1
|turn|11
|
|move|p1a: Crobat|Defog|p2a: Mrs. O'Leary
|-unboost|p2a: Mrs. O'Leary|evasion|1
|-sideend|p1: red lttm|Stealth Rock|[from] move: Defog|[of] p1a: Crobat
|-sideend|p1: red lttm|Sticky Web|[from] move: Defog|[of] p1a: Crobat
|move|p2a: Mrs. O'Leary|Flare Blitz|p1a: Crobat
|-damage|p1a: Crobat|0 fnt
|-damage|p2a: Mrs. O'Leary|257\/322|[from] recoil|[of] p1a: Crobat
|-damage|p2a: Mrs. O'Leary|225\/322|[from] item: Life Orb
|faint|p1a: Crobat
|
|
|switch|p1a: Suicune|Suicune|368\/368
|-ability|p1a: Suicune|Pressure
|turn|12
|
|switch|p2a: Gardenia|Roserade, F, shiny|324\/324
|move|p1a: Suicune|Substitute|p1a: Suicune
|-start|p1a: Suicune|Substitute
|-damage|p1a: Suicune|276\/368
|
|-heal|p1a: Suicune|299\/368|[from] item: Leftovers
|turn|13
|
|move|p1a: Suicune|Ice Beam|p2a: Gardenia
|-supereffective|p2a: Gardenia
|-damage|p2a: Gardenia|188\/324
|move|p2a: Gardenia|Spikes|p1a: Suicune
|-sidestart|p1: red lttm|Spikes
|
|-heal|p1a: Suicune|322\/368|[from] item: Leftovers
|-heal|p2a: Gardenia|208\/324|[from] item: Black Sludge
|turn|14
|
|move|p1a: Suicune|Ice Beam|p2a: Gardenia
|-supereffective|p2a: Gardenia
|-damage|p2a: Gardenia|76\/324
|move|p2a: Gardenia|Giga Drain|p1a: Suicune
|-supereffective|p1a: Suicune
|-end|p1a: Suicune|Substitute
|-heal|p2a: Gardenia|122\/324|[from] drain|[of] p1a: Suicune
|
|-heal|p1a: Suicune|345\/368|[from] item: Leftovers
|-heal|p2a: Gardenia|142\/324|[from] item: Black Sludge
|turn|15
|
|switch|p1a: Cobalion|Cobalion|205\/323
|-damage|p1a: Cobalion|165\/323|[from] Spikes
|move|p2a: Gardenia|Giga Drain|p1a: Cobalion
|-resisted|p1a: Cobalion
|-damage|p1a: Cobalion|102\/323
|-heal|p2a: Gardenia|174\/324|[from] drain|[of] p1a: Cobalion
|
|-heal|p1a: Cobalion|122\/323|[from] item: Leftovers
|-heal|p2a: Gardenia|194\/324|[from] item: Black Sludge
|turn|16
|
|switch|p2a: Quasimoto|Swampert-Mega, M, shiny|403\/403
|move|p1a: Cobalion|Stealth Rock|p2a: Quasimoto
|-sidestart|p2: Kyrem13|move: Stealth Rock
|
|-heal|p1a: Cobalion|142\/323|[from] item: Leftovers
|turn|17
|
|move|p1a: Cobalion|Taunt|p2a: Quasimoto
|-start|p2a: Quasimoto|move: Taunt
|cant|p2a: Quasimoto|move: Taunt|Stealth Rock
|
|-heal|p1a: Cobalion|162\/323|[from] item: Leftovers
|turn|18
|
|switch|p1a: Celebi|Celebi|404\/404
|-damage|p1a: Celebi|354\/404|[from] Spikes
|move|p2a: Quasimoto|Earthquake|p1a: Celebi
|-resisted|p1a: Celebi
|-damage|p1a: Celebi|272\/404
|
|turn|19
|
|switch|p2a: Boom Bewm|Noivern, M, shiny|311\/311
|-damage|p2a: Boom Bewm|234\/311|[from] Stealth Rock
|move|p1a: Celebi|Baton Pass|p1a: Celebi
|
|switch|p1a: Suicune|Suicune|345\/368
|-damage|p1a: Suicune|299\/368|[from] Spikes
|-ability|p1a: Suicune|Pressure
|
|-heal|p1a: Suicune|322\/368|[from] item: Leftovers
|turn|20
|c|âred lttm|borderlands ref?
|c|âKyrem13|yup
|c|âred lttm|nice
|c|âKyrem13|LIGHT THE FUSES BITCHES!
|c|âred lttm|lol
|
|move|p2a: Boom Bewm|Dragon Pulse|p1a: Suicune
|-damage|p1a: Suicune|147\/368
|move|p1a: Suicune|Ice Beam|p2a: Boom Bewm
|-supereffective|p2a: Boom Bewm
|-damage|p2a: Boom Bewm|0 fnt
|faint|p2a: Boom Bewm
|
|-heal|p1a: Suicune|170\/368|[from] item: Leftovers
|
|switch|p2a: Gardenia|Roserade, F, shiny|194\/324
|-damage|p2a: Gardenia|154\/324|[from] Stealth Rock
|turn|21
|
|switch|p1a: Celebi|Celebi|272\/404
|-damage|p1a: Celebi|222\/404|[from] Spikes
|move|p2a: Gardenia|Giga Drain|p1a: Celebi
|-resisted|p1a: Celebi
|-damage|p1a: Celebi|168\/404
|-heal|p2a: Gardenia|181\/324|[from] drain|[of] p1a: Celebi
|
|-heal|p2a: Gardenia|201\/324|[from] item: Black Sludge
|turn|22
|
|move|p2a: Gardenia|Toxic Spikes|p1a: Celebi
|-sidestart|p1: red lttm|move: Toxic Spikes
|move|p1a: Celebi|Baton Pass|p1a: Celebi
|
|switch|p1a: Raikou|Raikou, shiny|142\/321
|-status|p1a: Raikou|psn
|-damage|p1a: Raikou|102\/321 psn|[from] Spikes
|-ability|p1a: Raikou|Pressure
|
|-heal|p2a: Gardenia|221\/324|[from] item: Black Sludge
|-damage|p1a: Raikou|62\/321 psn|[from] psn
|turn|23
|
|move|p1a: Raikou|Extrasensory|p2a: Gardenia
|-supereffective|p2a: Gardenia
|-damage|p2a: Gardenia|72\/324
|move|p2a: Gardenia|Giga Drain|p1a: Raikou
|-damage|p1a: Raikou|0 fnt
|-heal|p2a: Gardenia|103\/324|[from] drain|[of] p1a: Raikou
|faint|p1a: Raikou
|
|-heal|p2a: Gardenia|123\/324|[from] item: Black Sludge
|
|switch|p1a: Cobalion|Cobalion|162\/323
|-damage|p1a: Cobalion|122\/323|[from] Spikes
|turn|24
|
|switch|p2a: Wall Maria|Chesnaught, F, shiny|380\/380
|-damage|p2a: Wall Maria|357\/380|[from] Stealth Rock
|move|p1a: Cobalion|Iron Head|p2a: Wall Maria
|-damage|p2a: Wall Maria|285\/380
|
|-heal|p1a: Cobalion|142\/323|[from] item: Leftovers
|-heal|p2a: Wall Maria|308\/380|[from] item: Leftovers
|turn|25
|
|move|p1a: Cobalion|Taunt|p2a: Wall Maria
|-start|p2a: Wall Maria|move: Taunt
|cant|p2a: Wall Maria|move: Taunt|Leech Seed
|
|-heal|p1a: Cobalion|162\/323|[from] item: Leftovers
|-heal|p2a: Wall Maria|331\/380|[from] item: Leftovers
|turn|26
|
|move|p1a: Cobalion|Sacred Sword|p2a: Wall Maria
|-damage|p2a: Wall Maria|259\/380
|move|p2a: Wall Maria|Hammer Arm|p1a: Cobalion
|-supereffective|p1a: Cobalion
|-damage|p1a: Cobalion|0 fnt
|-unboost|p2a: Wall Maria|spe|1
|faint|p1a: Cobalion
|
|-heal|p2a: Wall Maria|282\/380|[from] item: Leftovers
|
|switch|p1a: Celebi|Celebi|168\/404
|-damage|p1a: Celebi|118\/404|[from] Spikes
|-status|p1a: Celebi|psn
|turn|27
|
|switch|p2a: Gardenia|Roserade, F, shiny|123\/324
|-damage|p2a: Gardenia|83\/324|[from] Stealth Rock
|move|p1a: Celebi|Swords Dance|p1a: Celebi
|-boost|p1a: Celebi|atk|2
|
|-heal|p2a: Gardenia|103\/324|[from] item: Black Sludge
|-damage|p1a: Celebi|68\/404 psn|[from] psn
|turn|28
|
|move|p2a: Gardenia|Giga Drain|p1a: Celebi
|-resisted|p1a: Celebi
|-damage|p1a: Celebi|17\/404 psn
|-heal|p2a: Gardenia|129\/324|[from] drain|[of] p1a: Celebi
|move|p1a: Celebi|Baton Pass|p1a: Celebi
|
|switch|p1a: Sharpedo|Sharpedo, F|281\/281
|-status|p1a: Sharpedo|psn
|-damage|p1a: Sharpedo|246\/281 psn|[from] Spikes
|
|-heal|p2a: Gardenia|149\/324|[from] item: Black Sludge
|-damage|p1a: Sharpedo|211\/281 psn|[from] psn
|turn|29
|
|move|p1a: Sharpedo|Protect|p1a: Sharpedo
|-singleturn|p1a: Sharpedo|Protect
|move|p2a: Gardenia|Giga Drain|p1a: Sharpedo
|-activate|p1a: Sharpedo|Protect
|
|-heal|p2a: Gardenia|169\/324|[from] item: Black Sludge
|-damage|p1a: Sharpedo|176\/281 psn|[from] psn
|-boost|p1a: Sharpedo|spe|1|[from] ability: Speed Boost
|turn|30
|
|detailschange|p1a: Sharpedo|Sharpedo-Mega, F
|-mega|p1a: Sharpedo|Sharpedo|Sharpedonite
|move|p1a: Sharpedo|Crunch|p2a: Gardenia
|-damage|p2a: Gardenia|0 fnt
|faint|p2a: Gardenia
|
|-damage|p1a: Sharpedo|141\/281 psn|[from] psn
|
|switch|p2a: Wall Maria|Chesnaught, F, shiny|282\/380
|-damage|p2a: Wall Maria|259\/380|[from] Stealth Rock
|turn|31
|
|move|p2a: Wall Maria|Spiky Shield|p2a: Wall Maria
|-singleturn|p2a: Wall Maria|move: Protect
|move|p1a: Sharpedo|Ice Fang|p2a: Wall Maria
|-activate|p2a: Wall Maria|move: Protect
|-damage|p1a: Sharpedo|106\/281 psn|[from] Spiky Shield|[of] p2a: Wall Maria
|
|-heal|p2a: Wall Maria|282\/380|[from] item: Leftovers
|-damage|p1a: Sharpedo|71\/281 psn|[from] psn
|turn|32
|
|move|p1a: Sharpedo|Ice Fang|p2a: Wall Maria
|-supereffective|p2a: Wall Maria
|-damage|p2a: Wall Maria|0 fnt
|faint|p2a: Wall Maria
|
|-damage|p1a: Sharpedo|36\/281 psn|[from] psn
|
|switch|p2a: Mrs. O'Leary|Arcanine, F, shiny|225\/322
|-damage|p2a: Mrs. O'Leary|145\/322|[from] Stealth Rock
|-ability|p2a: Mrs. O'Leary|Intimidate|[of] p1a: Sharpedo
|-unboost|p1a: Sharpedo|atk|1
|turn|33
|
|move|p2a: Mrs. O'Leary|Extreme Speed|p1a: Sharpedo
|-damage|p1a: Sharpedo|0 fnt
|-damage|p2a: Mrs. O'Leary|113\/322|[from] item: Life Orb
|faint|p1a: Sharpedo
|
|
|switch|p1a: Suicune|Suicune|170\/368
|-status|p1a: Suicune|psn
|-damage|p1a: Suicune|124\/368 psn|[from] Spikes
|-ability|p1a: Suicune|Pressure
|turn|34
|
|move|p2a: Mrs. O'Leary|Close Combat|p1a: Suicune
|-damage|p1a: Suicune|0 fnt
|-unboost|p2a: Mrs. O'Leary|def|1
|-unboost|p2a: Mrs. O'Leary|spd|1
|-damage|p2a: Mrs. O'Leary|81\/322|[from] item: Life Orb
|faint|p1a: Suicune
|
|
|switch|p1a: Celebi|Celebi|17\/404
|-damage|p1a: Celebi|0 fnt|[from] Spikes
|faint|p1a: Celebi
|
|win|Kyrem13
|raw|Ladder updating...
|c|âKyrem13|gg
|raw|red lttm's rating: 1264 &rarr; <strong>1233<\/strong><br \/>(-31 for losing)
|raw|Kyrem13's rating: 1180 &rarr; <strong>1211<\/strong><br \/>(+31 for winning)
|leave|red lttm
|player|p1