|join|red lttm
|join|coffeecups
|player|p1|red lttm|10
|player|p2|coffeecups|238
|gametype|singles
|gen|6
|tier|UU
|rated
|rule|Sleep Clause Mod: Limit one foe put to sleep
|rule|Species Clause: Limit one of each PokÃ©mon
|rule|OHKO Clause: OHKO moves are banned
|rule|Moody Clause: Moody is banned
|rule|Evasion Moves Clause: Evasion moves are banned
|rule|Endless Battle Clause: Forcing endless battles is banned
|rule|HP Percentage Mod: HP is shown in percentages
|clearpoke
|poke|p1|Celebi
|poke|p1|Cobalion
|poke|p1|Ampharos, M
|poke|p1|Swampert, M
|poke|p1|Crobat, M
|poke|p1|Mienshao, M
|poke|p2|Haxorus, M
|poke|p2|Florges, F
|poke|p2|Forretress, M
|poke|p2|Houndoom, M
|poke|p2|Chesnaught, M
|poke|p2|Starmie
|rule|Swagger Clause: Swagger is banned
|rule|Baton Pass Clause: Limit one PokÃ©mon knowing Baton Pass
|teampreview
|c|âcoffeecups|gl hf
|join|watfor
|c|âred lttm|u 2
|
|start
|switch|p1a: Crobat|Crobat, M|321\/321
|switch|p2a: Forretress|Forretress, M|353\/353
|turn|1
|
|move|p1a: Crobat|Taunt|p2a: Forretress
|-start|p2a: Forretress|move: Taunt
|move|p2a: Forretress|Volt Switch|p1a: Crobat
|-supereffective|p1a: Crobat
|-damage|p1a: Crobat|229\/321
|
|switch|p2a: Haxorus|Haxorus, M|294\/294
|-ability|p2a: Haxorus|Mold Breaker
|
|turn|2
|join|DrReuniclus3
|
|move|p1a: Crobat|Taunt|p2a: Haxorus
|-start|p2a: Haxorus|move: Taunt
|move|p2a: Haxorus|Dragon Claw|p1a: Crobat
|-damage|p1a: Crobat|5\/321
|-damage|p2a: Haxorus|265\/294|[from] item: Life Orb
|
|turn|3
|c| watfor|OOF
|
|switch|p2a: Forretress|Forretress, M|353\/353
|move|p1a: Crobat|Acrobatics|p2a: Forretress
|-damage|p2a: Forretress|239\/353
|
|-heal|p2a: Forretress|261\/353|[from] item: Leftovers
|turn|4
|
|move|p1a: Crobat|Roost|p1a: Crobat
|-heal|p1a: Crobat|166\/321
|move|p2a: Forretress|Volt Switch|p1a: Crobat
|-damage|p1a: Crobat|125\/321
|
|switch|p2a: Houndoom|Houndoom, M|292\/292
|
|turn|5
|
|detailschange|p2a: Houndoom|Houndoom-Mega, M
|-mega|p2a: Houndoom|Houndoom|Houndoominite
|move|p1a: Crobat|Acrobatics|p2a: Houndoom
|-damage|p2a: Houndoom|115\/292
|move|p2a: Houndoom|Fire Blast|p1a: Crobat
|-damage|p1a: Crobat|0 fnt
|faint|p1a: Crobat
|
|
|switch|p1a: Ampharos|Ampharos, M|347\/347
|turn|6
|
|switch|p2a: Forretress|Forretress, M|261\/353
|detailschange|p1a: Ampharos|Ampharos-Mega, M
|-mega|p1a: Ampharos|Ampharos|Ampharosite
|-ability|p1a: Ampharos|Mold Breaker
|move|p1a: Ampharos|Volt Switch|p2a: Forretress
|-damage|p2a: Forretress|113\/353
|
|switch|p1a: Cobalion|Cobalion|323\/323
|
|-heal|p2a: Forretress|135\/353|[from] item: Leftovers
|turn|7
|c| watfor|i don't understand these plays
|c| watfor|where was the shao
|
|move|p1a: Cobalion|Substitute|p1a: Cobalion
|-start|p1a: Cobalion|Substitute
|-damage|p1a: Cobalion|243\/323
|move|p2a: Forretress|Volt Switch|p1a: Cobalion
|-activate|p1a: Cobalion|Substitute|[damage]
|c|âred lttm|wanted to get off mega
|
|switch|p2a: Chesnaught|Chesnaught, M|380\/380
|
|-heal|p1a: Cobalion|263\/323|[from] item: Leftovers
|turn|8
|c| watfor|why is forry a switch in to amphy
|c| watfor|he could flinch with d.pulse tho :^]]]
|
|move|p1a: Cobalion|Close Combat|p2a: Chesnaught
|-damage|p2a: Chesnaught|266\/380
|-unboost|p1a: Cobalion|def|1
|-unboost|p1a: Cobalion|spd|1
|move|p2a: Chesnaught|Drain Punch|p1a: Cobalion
|-supereffective|p1a: Cobalion
|-end|p1a: Cobalion|Substitute
|-heal|p2a: Chesnaught|282\/380|[from] drain|[of] p1a: Cobalion
|
|-heal|p1a: Cobalion|283\/323|[from] item: Leftovers
|-heal|p2a: Chesnaught|305\/380|[from] item: Leftovers
|turn|9
|
|switch|p1a: Celebi|Celebi|341\/341
|move|p2a: Chesnaught|Drain Punch|p1a: Celebi
|-resisted|p1a: Celebi
|-damage|p1a: Celebi|294\/341
|-heal|p2a: Chesnaught|329\/380|[from] drain|[of] p1a: Celebi
|
|-heal|p1a: Celebi|315\/341|[from] item: Leftovers
|-heal|p2a: Chesnaught|352\/380|[from] item: Leftovers
|turn|10
|
|move|p2a: Chesnaught|Spiky Shield|p2a: Chesnaught
|-singleturn|p2a: Chesnaught|move: Protect
|move|p1a: Celebi|Earth Power|p2a: Chesnaught
|-activate|p2a: Chesnaught|move: Protect
|
|-heal|p1a: Celebi|336\/341|[from] item: Leftovers
|-heal|p2a: Chesnaught|375\/380|[from] item: Leftovers
|turn|11
|
|switch|p2a: Florges|Florges, F|360\/360
|move|p1a: Celebi|Dazzling Gleam|p2a: Florges
|-damage|p2a: Florges|308\/360
|
|-heal|p1a: Celebi|341\/341|[from] item: Leftovers
|-heal|p2a: Florges|330\/360|[from] item: Leftovers
|turn|12
|
|move|p1a: Celebi|Nasty Plot|p1a: Celebi
|-boost|p1a: Celebi|spa|2
|move|p2a: Florges|Moonblast|p1a: Celebi
|-damage|p1a: Celebi|224\/341
|
|-heal|p1a: Celebi|245\/341|[from] item: Leftovers
|-heal|p2a: Florges|352\/360|[from] item: Leftovers
|turn|13
|
|move|p1a: Celebi|Nasty Plot|p1a: Celebi
|-boost|p1a: Celebi|spa|2
|move|p2a: Florges|Wish|p2a: Florges
|
|-heal|p1a: Celebi|266\/341|[from] item: Leftovers
|-heal|p2a: Florges|360\/360|[from] item: Leftovers
|turn|14
|
|move|p1a: Celebi|Giga Drain|p2a: Florges
|-damage|p2a: Florges|153\/360
|-heal|p1a: Celebi|341\/341|[from] drain|[of] p2a: Florges
|move|p2a: Florges|Moonblast|p1a: Celebi
|-damage|p1a: Celebi|221\/341
|
|-heal|p2a: Florges|333\/360|[from] move: Wish|[wisher] Florges
|-heal|p1a: Celebi|242\/341|[from] item: Leftovers
|-heal|p2a: Florges|355\/360|[from] item: Leftovers
|turn|15
|c| watfor|yum
|
|switch|p2a: Forretress|Forretress, M|135\/353
|move|p1a: Celebi|Giga Drain|p2a: Forretress
|-resisted|p2a: Forretress
|-damage|p2a: Forretress|50\/353
|-heal|p1a: Celebi|285\/341|[from] drain|[of] p2a: Forretress
|
|-heal|p1a: Celebi|306\/341|[from] item: Leftovers
|-heal|p2a: Forretress|72\/353|[from] item: Leftovers
|turn|16
|
|move|p1a: Celebi|Giga Drain|p2a: Forretress
|-resisted|p2a: Forretress
|-damage|p2a: Forretress|0 fnt
|-heal|p1a: Celebi|341\/341|[from] drain|[of] p2a: Forretress
|faint|p2a: Forretress
|
|
|switch|p2a: Houndoom|Houndoom-Mega, M|115\/292
|turn|17
|c| watfor|reveal vacuum wave celebi kek
|join|Emma Bae
|
|move|p2a: Houndoom|Fire Blast|p1a: Celebi
|-supereffective|p1a: Celebi
|-damage|p1a: Celebi|0 fnt
|faint|p1a: Celebi
|
|c| Emma Bae|i knew it
|c| Emma Bae|you are here
|c| Emma Bae|lttm
|c| Emma Bae|lel
|c|âred lttm|oh I messed up
|c|âred lttm|calc
|c|âred lttm|fail
|c| watfor|l-lmao
|c| Emma Bae|gud 1
|c|âred lttm|yeah seriously
|
|switch|p1a: Ampharos|Ampharos-Mega, M|347\/347
|-ability|p1a: Ampharos|Mold Breaker
|turn|18
|
|switch|p2a: Florges|Florges, F|355\/360
|move|p1a: Ampharos|Volt Switch|p2a: Florges
|-damage|p2a: Florges|249\/360
|
|switch|p1a: Cobalion|Cobalion|283\/323
|
|-heal|p1a: Cobalion|303\/323|[from] item: Leftovers
|-heal|p2a: Florges|271\/360|[from] item: Leftovers
|turn|19
|
|move|p1a: Cobalion|Substitute|p1a: Cobalion
|-start|p1a: Cobalion|Substitute
|-damage|p1a: Cobalion|223\/323
|move|p2a: Florges|Moonblast|p1a: Cobalion
|-end|p1a: Cobalion|Substitute
|
|-heal|p1a: Cobalion|243\/323|[from] item: Leftovers
|-heal|p2a: Florges|293\/360|[from] item: Leftovers
|turn|20
|
|switch|p2a: Chesnaught|Chesnaught, M|375\/380
|move|p1a: Cobalion|Iron Head|p2a: Chesnaught
|-damage|p2a: Chesnaught|303\/380
|
|-heal|p1a: Cobalion|263\/323|[from] item: Leftovers
|-heal|p2a: Chesnaught|326\/380|[from] item: Leftovers
|turn|21
|
|switch|p1a: Ampharos|Ampharos-Mega, M|347\/347
|-ability|p1a: Ampharos|Mold Breaker
|move|p2a: Chesnaught|Drain Punch|p1a: Ampharos
|-damage|p1a: Ampharos|253\/347
|-heal|p2a: Chesnaught|373\/380|[from] drain|[of] p1a: Ampharos
|
|-heal|p2a: Chesnaught|380\/380|[from] item: Leftovers
|turn|22
|
|move|p2a: Chesnaught|Leech Seed|p1a: Ampharos
|-start|p1a: Ampharos|move: Leech Seed
|move|p1a: Ampharos|Volt Switch|p2a: Chesnaught
|-resisted|p2a: Chesnaught
|-damage|p2a: Chesnaught|270\/380
|
|switch|p1a: Swampert|Swampert, M|404\/404
|
|-heal|p2a: Chesnaught|293\/380|[from] item: Leftovers
|turn|23
|
|move|p2a: Chesnaught|Wood Hammer|p1a: Swampert
|-supereffective|p1a: Swampert
|-damage|p1a: Swampert|0 fnt
|-damage|p2a: Chesnaught|160\/380|[from] recoil|[of] p1a: Swampert
|faint|p1a: Swampert
|
|-heal|p2a: Chesnaught|183\/380|[from] item: Leftovers
|
|switch|p1a: Ampharos|Ampharos-Mega, M|253\/347
|-ability|p1a: Ampharos|Mold Breaker
|turn|24
|
|move|p2a: Chesnaught|Spiky Shield|p2a: Chesnaught
|-singleturn|p2a: Chesnaught|move: Protect
|move|p1a: Ampharos|Dragon Pulse|p2a: Chesnaught
|-activate|p2a: Chesnaught|move: Protect
|
|-heal|p2a: Chesnaught|206\/380|[from] item: Leftovers
|turn|25
|
|switch|p2a: Florges|Florges, F|293\/360
|move|p1a: Ampharos|Volt Switch|p2a: Florges
|-damage|p2a: Florges|194\/360
|
|switch|p1a: Cobalion|Cobalion|263\/323
|
|-heal|p1a: Cobalion|283\/323|[from] item: Leftovers
|-heal|p2a: Florges|216\/360|[from] item: Leftovers
|turn|26
|
|move|p2a: Florges|Protect|p2a: Florges
|-singleturn|p2a: Florges|Protect
|move|p1a: Cobalion|Iron Head|p2a: Florges
|-activate|p2a: Florges|Protect
|
|-heal|p1a: Cobalion|303\/323|[from] item: Leftovers
|-heal|p2a: Florges|238\/360|[from] item: Leftovers
|turn|27
|
|move|p1a: Cobalion|Close Combat|p2a: Florges
|-resisted|p2a: Florges
|-damage|p2a: Florges|152\/360
|-unboost|p1a: Cobalion|def|1
|-unboost|p1a: Cobalion|spd|1
|move|p2a: Florges|Moonblast|p1a: Cobalion
|-damage|p1a: Cobalion|75\/323
|
|-heal|p1a: Cobalion|95\/323|[from] item: Leftovers
|-heal|p2a: Florges|174\/360|[from] item: Leftovers
|turn|28
|
|move|p1a: Cobalion|Iron Head|p2a: Florges
|-supereffective|p2a: Florges
|-damage|p2a: Florges|0 fnt
|faint|p2a: Florges
|
|-heal|p1a: Cobalion|115\/323|[from] item: Leftovers
|
|switch|p2a: Houndoom|Houndoom-Mega, M|115\/292
|turn|29
|
|move|p2a: Houndoom|Fire Blast|p1a: Cobalion
|-supereffective|p1a: Cobalion
|-damage|p1a: Cobalion|0 fnt
|faint|p1a: Cobalion
|
|
|switch|p1a: Mienshao|Mienshao, M|271\/271
|turn|30
|
|switch|p2a: Starmie|Starmie|261\/261
|move|p1a: Mienshao|High Jump Kick|p2a: Starmie
|-resisted|p2a: Starmie
|-damage|p2a: Starmie|102\/261
|
|turn|31
|
|move|p1a: Mienshao|High Jump Kick|p2a: Starmie
|-resisted|p2a: Starmie
|-damage|p2a: Starmie|0 fnt
|faint|p2a: Starmie
|
|
|switch|p2a: Chesnaught|Chesnaught, M|206\/380
|turn|32
|
|switch|p1a: Ampharos|Ampharos-Mega, M|253\/347
|-ability|p1a: Ampharos|Mold Breaker
|move|p2a: Chesnaught|Drain Punch|p1a: Ampharos
|-damage|p1a: Ampharos|160\/347
|-heal|p2a: Chesnaught|253\/380|[from] drain|[of] p1a: Ampharos
|
|-heal|p2a: Chesnaught|276\/380|[from] item: Leftovers
|turn|33
|
|move|p2a: Chesnaught|Drain Punch|p1a: Ampharos
|-damage|p1a: Ampharos|67\/347
|-heal|p2a: Chesnaught|323\/380|[from] drain|[of] p1a: Ampharos
|move|p1a: Ampharos|Dragon Pulse|p2a: Chesnaught
|-damage|p2a: Chesnaught|91\/380
|
|-heal|p2a: Chesnaught|114\/380|[from] item: Leftovers
|turn|34
|
|move|p2a: Chesnaught|Drain Punch|p1a: Ampharos
|-damage|p1a: Ampharos|0 fnt
|-heal|p2a: Chesnaught|148\/380|[from] drain|[of] p1a: Ampharos
|faint|p1a: Ampharos
|
|-heal|p2a: Chesnaught|171\/380|[from] item: Leftovers
|
|switch|p1a: Mienshao|Mienshao, M|271\/271
|turn|35
|
|move|p2a: Chesnaught|Spiky Shield|p2a: Chesnaught
|-singleturn|p2a: Chesnaught|move: Protect
|move|p1a: Mienshao|High Jump Kick|p2a: Chesnaught
|-activate|p2a: Chesnaught|move: Protect
|-damage|p1a: Mienshao|238\/271|[from] Spiky Shield|[of] p2a: Chesnaught
|-damage|p1a: Mienshao|103\/271|[from] highjumpkick
|
|-heal|p2a: Chesnaught|194\/380|[from] item: Leftovers
|turn|36
|
|move|p1a: Mienshao|High Jump Kick|p2a: Chesnaught|[miss]
|-miss|p1a: Mienshao|p2a: Chesnaught
|-damage|p1a: Mienshao|0 fnt|[from] highjumpkick
|faint|p1a: Mienshao
|
|win|coffeecups
|raw|Ladder updating...
|raw|red lttm's rating: 1283 &rarr; <strong>1255<\/strong><br \/>(-28 for losing)
|raw|coffeecups's rating: 1239 &rarr; <strong>1267<\/strong><br \/>(+28 for winning)
|c|âcoffeecups|gg
|c|âred lttm|LOL