|join|wraithmc
|join|Red LTTM
|player|p1|wraithmc|52
|player|p2|Red LTTM|10
|gametype|singles
|gen|6
|tier|UU
|rated
|rule|Sleep Clause Mod: Limit one foe put to sleep
|rule|Species Clause: Limit one of each PokÃ©mon
|rule|OHKO Clause: OHKO moves are banned
|rule|Moody Clause: Moody is banned
|rule|Evasion Moves Clause: Evasion moves are banned
|rule|Endless Battle Clause: Forcing endless battles is banned
|rule|HP Percentage Mod: HP is shown in percentages
|clearpoke
|poke|p1|Tornadus, M
|poke|p1|Swampert, M
|poke|p1|Forretress, M
|poke|p1|Celebi
|poke|p1|Goodra, M
|poke|p1|Porygon2
|poke|p2|Celebi
|poke|p2|Cobalion
|poke|p2|Ampharos, M
|poke|p2|Swampert, M
|poke|p2|Crobat, M
|poke|p2|Mienshao, M
|rule|Swagger Clause: Swagger is banned
|rule|Baton Pass Clause: Limit one PokÃ©mon knowing Baton Pass
|teampreview
|
|start
|switch|p1a: Celebi|Celebi|341\/341
|switch|p2a: Ampharos|Ampharos, M|347\/347
|turn|1
|
|detailschange|p2a: Ampharos|Ampharos-Mega, M
|-mega|p2a: Ampharos|Ampharos|Ampharosite
|-ability|p2a: Ampharos|Mold Breaker
|move|p1a: Celebi|Swords Dance|p1a: Celebi
|-boost|p1a: Celebi|atk|2
|move|p2a: Ampharos|Dragon Pulse|p1a: Celebi
|-damage|p1a: Celebi|149\/341
|
|turn|2
|
|move|p1a: Celebi|Zen Headbutt|p2a: Ampharos
|-damage|p2a: Ampharos|62\/347
|-damage|p1a: Celebi|115\/341|[from] item: Life Orb
|move|p2a: Ampharos|Dragon Pulse|p1a: Celebi
|-damage|p1a: Celebi|0 fnt
|faint|p1a: Celebi
|
|
|switch|p1a: Tornadus|Tornadus, M|299\/299
|turn|3
|
|move|p1a: Tornadus|Dark Pulse|p2a: Ampharos
|-damage|p2a: Ampharos|0 fnt
|faint|p2a: Ampharos
|
|
|switch|p2a: Cobalion|Cobalion|323\/323
|turn|4
|
|move|p1a: Tornadus|Rain Dance|p1a: Tornadus
|-weather|RainDance
|move|p2a: Cobalion|Iron Head|p1a: Tornadus
|-damage|p1a: Tornadus|146\/299
|
|-weather|RainDance|[upkeep]
|turn|5
|
|move|p1a: Tornadus|U-turn|p2a: Cobalion
|-resisted|p2a: Cobalion
|-damage|p2a: Cobalion|311\/323
|
|switch|p1a: Swampert|Swampert, M|403\/403
|move|p2a: Cobalion|Iron Head|p1a: Swampert
|-resisted|p1a: Swampert
|-damage|p1a: Swampert|348\/403
|
|-weather|RainDance|[upkeep]
|-heal|p2a: Cobalion|323\/323|[from] item: Leftovers
|turn|6
|
|detailschange|p1a: Swampert|Swampert-Mega, M
|-mega|p1a: Swampert|Swampert|Swampertite
|move|p2a: Cobalion|Substitute|p2a: Cobalion
|-start|p2a: Cobalion|Substitute
|-damage|p2a: Cobalion|243\/323
|move|p1a: Swampert|Power-Up Punch|p2a: Cobalion
|-supereffective|p2a: Cobalion
|-end|p2a: Cobalion|Substitute
|-boost|p1a: Swampert|atk|1
|
|-weather|RainDance|[upkeep]
|-heal|p2a: Cobalion|263\/323|[from] item: Leftovers
|turn|7
|
|move|p1a: Swampert|Earthquake|p2a: Cobalion
|-supereffective|p2a: Cobalion
|-damage|p2a: Cobalion|0 fnt
|faint|p2a: Cobalion
|
|-weather|RainDance|[upkeep]
|
|switch|p2a: Celebi|Celebi|341\/341
|turn|8
|
|move|p1a: Swampert|Ice Punch|p2a: Celebi
|-supereffective|p2a: Celebi
|-damage|p2a: Celebi|35\/341
|move|p2a: Celebi|Giga Drain|p1a: Swampert
|-supereffective|p1a: Swampert
|-damage|p1a: Swampert|0 fnt
|-heal|p2a: Celebi|209\/341|[from] drain|[of] p1a: Swampert
|faint|p1a: Swampert
|
|-weather|RainDance|[upkeep]
|-heal|p2a: Celebi|230\/341|[from] item: Leftovers
|
|switch|p1a: Tornadus|Tornadus, M|146\/299
|turn|9
|
|move|p1a: Tornadus|Hurricane|p2a: Celebi
|-crit|p2a: Celebi
|-supereffective|p2a: Celebi
|-damage|p2a: Celebi|0 fnt
|faint|p2a: Celebi
|
|-weather|RainDance|[upkeep]
|
|switch|p2a: Mienshao|Mienshao, M|271\/271
|turn|10
|
|move|p2a: Mienshao|Knock Off|p1a: Tornadus
|-damage|p1a: Tornadus|0 fnt
|-enditem|p1a: Tornadus|Damp Rock|[from] move: Knock Off|[of] p2a: Mienshao
|faint|p1a: Tornadus
|
|-weather|RainDance|[upkeep]
|
|switch|p1a: Porygon2|Porygon2|373\/373
|-ability|p1a: Porygon2|Reckless|[from] ability: Trace|[of] p2a: Mienshao
|turn|11
|
|switch|p2a: Crobat|Crobat, M|321\/321
|move|p1a: Porygon2|Tri Attack|p2a: Crobat
|-damage|p2a: Crobat|192\/321
|
|-weather|none
|turn|12
|
|move|p2a: Crobat|Acrobatics|p1a: Porygon2
|-damage|p1a: Porygon2|264\/373
|move|p1a: Porygon2|Ice Beam|p2a: Crobat
|-supereffective|p2a: Crobat
|-damage|p2a: Crobat|24\/321
|
|turn|13
|
|move|p2a: Crobat|Acrobatics|p1a: Porygon2
|-crit|p1a: Porygon2
|-damage|p1a: Porygon2|96\/373
|move|p1a: Porygon2|Ice Beam|p2a: Crobat
|-supereffective|p2a: Crobat
|-damage|p2a: Crobat|0 fnt
|faint|p2a: Crobat
|
|
|switch|p2a: Mienshao|Mienshao, M|271\/271
|turn|14
|
|switch|p1a: Forretress|Forretress, M|354\/354
|move|p2a: Mienshao|High Jump Kick|p1a: Forretress
|-damage|p1a: Forretress|192\/354
|
|-heal|p1a: Forretress|214\/354|[from] item: Leftovers
|turn|15
|
|move|p2a: Mienshao|High Jump Kick|p1a: Forretress|[miss]
|-miss|p2a: Mienshao|p1a: Forretress
|-damage|p2a: Mienshao|136\/271|[from] highjumpkick
|move|p1a: Forretress|Gyro Ball|p2a: Mienshao
|-damage|p2a: Mienshao|0 fnt
|faint|p2a: Mienshao
|
|-heal|p1a: Forretress|236\/354|[from] item: Leftovers
|-message|Red LTTM forfeited.
|leave|Red LTTM
|
|win|wraithmc
|raw|Ladder updating...
|player|p2
|raw|wraithmc's rating: 1401 &rarr; <strong>1415<\/strong><br \/>(+14 for winning)
|raw|Red LTTM's rating: 1308 &rarr; <strong>1293<\/strong><br \/>(-15 for losing)