|join|ult rh156
|join|Ult Narcotics
|player|p1|ult rh156|265
|player|p2|Ult Narcotics|143
|gametype|singles
|gen|6
|tier|UU
|rated
|rule|Sleep Clause Mod: Limit one foe put to sleep
|rule|Species Clause: Limit one of each PokÃ©mon
|rule|OHKO Clause: OHKO moves are banned
|rule|Moody Clause: Moody is banned
|rule|Evasion Moves Clause: Evasion moves are banned
|rule|Endless Battle Clause: Forcing endless battles is banned
|rule|HP Percentage Mod: HP is shown in percentages
|clearpoke
|poke|p1|Infernape, M
|poke|p1|Sharpedo, M, shiny
|poke|p1|Jirachi
|poke|p1|Barbaracle, M, shiny
|poke|p1|Celebi
|poke|p1|Gligar, M, shiny
|poke|p2|Krookodile, M
|poke|p2|Jirachi, shiny
|poke|p2|Tentacruel, M, shiny
|poke|p2|Kyurem, shiny
|poke|p2|Mienshao, F, shiny
|poke|p2|Pidgeot, F
|rule|Swagger Clause: Swagger is banned
|rule|Baton Pass Clause: Limit one PokÃ©mon knowing Baton Pass
|teampreview
|join|Snowballin
|c| Snowballin|I'll snipe you one day
|c| Snowballin|LOLJK
|c|âult rh156|heh
|join|Meowiekins
|
|start
|switch|p1a: Sharpedo|Sharpedo, M, shiny|281\/281
|switch|p2a: Annoyance|Jirachi, shiny|404\/404
|turn|1
|c|âult rh156|is this that spdef set
|
|move|p1a: Sharpedo|Protect|p1a: Sharpedo
|-singleturn|p1a: Sharpedo|Protect
|move|p2a: Annoyance|Body Slam|p1a: Sharpedo
|-activate|p1a: Sharpedo|Protect
|
|-boost|p1a: Sharpedo|spe|1|[from] ability: Speed Boost
|turn|2
|
|detailschange|p1a: Sharpedo|Sharpedo-Mega, M, shiny
|-mega|p1a: Sharpedo|Sharpedo|Sharpedonite
|move|p1a: Sharpedo|Crunch|p2a: Annoyance
|-crit|p2a: Annoyance
|-supereffective|p2a: Annoyance
|-damage|p2a: Annoyance|0 fnt
|faint|p2a: Annoyance
|
|c|âUlt Narcotics|crits k
|c|âult rh156|doesn't it OHKO
|c|âUlt Narcotics|im defensif
|c|âult rh156|i've seen it do like 75% to colbur rachi
|c|âult rh156|ah ic
|
|switch|p2a: Slippery Slope|Mienshao, F, shiny|271\/271
|turn|3
|c| Snowballin|that mega cham check
|
|move|p1a: Sharpedo|Protect|p1a: Sharpedo
|-singleturn|p1a: Sharpedo|Protect
|move|p2a: Slippery Slope|High Jump Kick|p1a: Sharpedo
|-activate|p1a: Sharpedo|Protect
|-damage|p2a: Slippery Slope|136\/271|[from] highjumpkick
|
|turn|4
|
|switch|p2a: Cold Heart|Kyurem, shiny|391\/391
|-ability|p2a: Cold Heart|Pressure
|move|p1a: Sharpedo|Crunch|p2a: Cold Heart
|-crit|p2a: Cold Heart
|-damage|p2a: Cold Heart|0 fnt
|faint|p2a: Cold Heart
|
|c|âult rh156|sry
|
|switch|p2a: Slippery Slope|Mienshao, F, shiny|136\/271
|turn|5
|c|âUlt Narcotics|...
|
|move|p1a: Sharpedo|Protect|p1a: Sharpedo
|-singleturn|p1a: Sharpedo|Protect
|move|p2a: Slippery Slope|U-turn|p1a: Sharpedo
|-activate|p1a: Sharpedo|Protect
|
|turn|6
|c| Snowballin|crit 4 more of his mons and you get an achievement on forums
|c| Snowballin|LOL.
|
|move|p2a: Slippery Slope|U-turn|p1a: Sharpedo
|-supereffective|p1a: Sharpedo
|-damage|p1a: Sharpedo|53\/281
|
|switch|p2a: Big Bad Krooko|Krookodile, M|331\/331
|-ability|p2a: Big Bad Krooko|Intimidate|[of] p1a: Sharpedo
|-unboost|p1a: Sharpedo|atk|1
|move|p1a: Sharpedo|Waterfall|p2a: Big Bad Krooko
|-supereffective|p2a: Big Bad Krooko
|-damage|p2a: Big Bad Krooko|79\/331
|
|turn|7
|
|move|p1a: Sharpedo|Waterfall|p2a: Big Bad Krooko
|-supereffective|p2a: Big Bad Krooko
|-damage|p2a: Big Bad Krooko|0 fnt
|faint|p2a: Big Bad Krooko
|
|join|ult celsius
|
|switch|p2a: Slippery Slope|Mienshao, F, shiny|136\/271
|turn|8
|
|move|p1a: Sharpedo|Protect|p1a: Sharpedo
|-singleturn|p1a: Sharpedo|Protect
|move|p2a: Slippery Slope|U-turn|p1a: Sharpedo
|-activate|p1a: Sharpedo|Protect
|
|turn|9
|
|switch|p1a: Jirachi|Jirachi|341\/341
|move|p2a: Slippery Slope|U-turn|p1a: Jirachi
|-damage|p1a: Jirachi|254\/341
|
|switch|p2a: Not So Brave Bird|Pidgeot, F|307\/307
|
|turn|10
|
|detailschange|p2a: Not So Brave Bird|Pidgeot-Mega, F
|-mega|p2a: Not So Brave Bird|Pidgeot|Pidgeotite
|move|p1a: Jirachi|U-turn|p2a: Not So Brave Bird
|-resisted|p2a: Not So Brave Bird
|-damage|p2a: Not So Brave Bird|262\/307
|
|switch|p1a: Sharpedo|Sharpedo-Mega, M, shiny|53\/281
|move|p2a: Not So Brave Bird|Hurricane|p1a: Sharpedo
|-damage|p1a: Sharpedo|0 fnt
|faint|p1a: Sharpedo
|
|
|switch|p1a: Barbaracle|Barbaracle, M, shiny|285\/285
|turn|11
|join|ULT BiG BiRD
|
|move|p2a: Not So Brave Bird|Hurricane|p1a: Barbaracle
|-resisted|p1a: Barbaracle
|-damage|p1a: Barbaracle|169\/285
|-start|p1a: Barbaracle|confusion
|-enditem|p1a: Barbaracle|Lum Berry|[eat]
|-end|p1a: Barbaracle|confusion
|move|p1a: Barbaracle|Shell Smash|p1a: Barbaracle
|-boost|p1a: Barbaracle|atk|2
|-boost|p1a: Barbaracle|spa|2
|-boost|p1a: Barbaracle|spe|2
|-unboost|p1a: Barbaracle|def|1
|-unboost|p1a: Barbaracle|spd|1
|
|turn|12
|
|move|p1a: Barbaracle|Razor Shell|p2a: Not So Brave Bird
|-damage|p2a: Not So Brave Bird|0 fnt
|faint|p2a: Not So Brave Bird
|
|
|switch|p2a: Jellyfish|Tentacruel, M, shiny|363\/363
|turn|13
|
|move|p1a: Barbaracle|Earthquake|p2a: Jellyfish
|-supereffective|p2a: Jellyfish
|-damage|p2a: Jellyfish|0 fnt
|faint|p2a: Jellyfish
|
|
|switch|p2a: Slippery Slope|Mienshao, F, shiny|136\/271
|turn|14
|c|âult rh156|gg
|
|move|p1a: Barbaracle|Earthquake|p2a: Slippery Slope
|-damage|p2a: Slippery Slope|0 fnt
|faint|p2a: Slippery Slope
|
|win|ult rh156
|raw|Ladder updating...
|c|âUlt Narcotics|gg?
|raw|ult rh156's rating: 1625 &rarr; <strong>1634<\/strong><br \/>(+9 for winning)
|raw|Ult Narcotics's rating: 1398 &rarr; <strong>1389<\/strong><br \/>(-9 for losing)