|join|ult rh156
|join|Park
|player|p1|ult rh156|105
|player|p2|Park|147
|gametype|singles
|gen|6
|tier|UU
|rated
|rule|Sleep Clause Mod: Limit one foe put to sleep
|rule|Species Clause: Limit one of each PokÃ©mon
|rule|OHKO Clause: OHKO moves are banned
|rule|Moody Clause: Moody is banned
|rule|Evasion Moves Clause: Evasion moves are banned
|rule|Endless Battle Clause: Forcing endless battles is banned
|rule|HP Percentage Mod: HP is shown in percentages
|clearpoke
|poke|p1|Infernape, M
|poke|p1|Sharpedo, F
|poke|p1|Jirachi
|poke|p1|Barbaracle, F
|poke|p1|Celebi
|poke|p1|Gligar, F
|poke|p2|Entei, shiny
|poke|p2|Crobat, F
|poke|p2|Celebi
|poke|p2|Suicune
|poke|p2|Umbreon, F
|poke|p2|Mienshao, F
|rule|Swagger Clause: Swagger is banned
|rule|Baton Pass Clause: Limit one PokÃ©mon knowing Baton Pass
|teampreview
|
|start
|switch|p1a: Gligar|Gligar, F|333\/333
|switch|p2a: Entei|Entei, shiny|371\/371
|-ability|p2a: Entei|Pressure
|turn|1
|
|switch|p2a: Crobat|Crobat, F|311\/311
|move|p1a: Gligar|Stealth Rock|p2a: Crobat
|-sidestart|p2: Park|move: Stealth Rock
|
|turn|2
|
|move|p2a: Crobat|U-turn|p1a: Gligar
|-resisted|p1a: Gligar
|-damage|p1a: Gligar|314\/333
|
|switch|p2a: Suicune|Suicune|404\/404
|-damage|p2a: Suicune|354\/404|[from] Stealth Rock
|-ability|p2a: Suicune|Pressure
|move|p1a: Gligar|U-turn|p2a: Suicune
|-crit|p2a: Suicune
|-damage|p2a: Suicune|312\/404
|
|switch|p1a: Celebi|Celebi|403\/403
|
|-heal|p2a: Suicune|337\/404|[from] item: Leftovers
|turn|3
|
|switch|p2a: Umbreon|Umbreon, F|394\/394
|-damage|p2a: Umbreon|345\/394|[from] Stealth Rock
|move|p1a: Celebi|Swords Dance|p1a: Celebi
|-boost|p1a: Celebi|atk|2
|
|-heal|p2a: Umbreon|369\/394|[from] item: Leftovers
|turn|4
|
|switch|p1a: Infernape|Infernape, M|293\/293
|move|p2a: Umbreon|Foul Play|p1a: Infernape
|-resisted|p1a: Infernape
|-damage|p1a: Infernape|208\/293
|
|-heal|p2a: Umbreon|393\/394|[from] item: Leftovers
|turn|5
|
|move|p2a: Umbreon|Protect|p2a: Umbreon
|-singleturn|p2a: Umbreon|Protect
|move|p1a: Infernape|Fire Blast|p2a: Umbreon
|-activate|p2a: Umbreon|Protect
|
|-heal|p2a: Umbreon|394\/394|[from] item: Leftovers
|turn|6
|
|move|p1a: Infernape|Close Combat|p2a: Umbreon
|-supereffective|p2a: Umbreon
|-damage|p2a: Umbreon|25\/394
|-unboost|p1a: Infernape|def|1
|-unboost|p1a: Infernape|spd|1
|-damage|p1a: Infernape|179\/293|[from] item: Life Orb
|move|p2a: Umbreon|Foul Play|p1a: Infernape
|-resisted|p1a: Infernape
|-damage|p1a: Infernape|43\/293
|
|-heal|p2a: Umbreon|49\/394|[from] item: Leftovers
|turn|7
|
|move|p2a: Umbreon|Protect|p2a: Umbreon
|-singleturn|p2a: Umbreon|Protect
|move|p1a: Infernape|Fire Blast|p2a: Umbreon
|-activate|p2a: Umbreon|Protect
|
|-heal|p2a: Umbreon|73\/394|[from] item: Leftovers
|turn|8
|
|switch|p2a: Suicune|Suicune|337\/404
|-damage|p2a: Suicune|287\/404|[from] Stealth Rock
|-ability|p2a: Suicune|Pressure
|move|p1a: Infernape|Close Combat|p2a: Suicune
|-damage|p2a: Suicune|158\/404
|-unboost|p1a: Infernape|def|1
|-unboost|p1a: Infernape|spd|1
|-damage|p1a: Infernape|14\/293|[from] item: Life Orb
|
|-heal|p2a: Suicune|183\/404|[from] item: Leftovers
|turn|9
|
|move|p1a: Infernape|Grass Knot|p2a: Suicune
|-supereffective|p2a: Suicune
|-damage|p2a: Suicune|0 fnt
|-damage|p1a: Infernape|0 fnt|[from] item: Life Orb
|faint|p2a: Suicune
|faint|p1a: Infernape
|
|
|switch|p2a: Crobat|Crobat, F|311\/311
|switch|p1a: Barbaracle|Barbaracle, F|285\/285
|-damage|p2a: Crobat|234\/311|[from] Stealth Rock
|turn|10
|
|move|p2a: Crobat|Brave Bird|p1a: Barbaracle
|-resisted|p1a: Barbaracle
|-damage|p1a: Barbaracle|225\/285
|-damage|p2a: Crobat|214\/311|[from] recoil|[of] p1a: Barbaracle
|move|p1a: Barbaracle|Shell Smash|p1a: Barbaracle
|-boost|p1a: Barbaracle|atk|2
|-boost|p1a: Barbaracle|spa|2
|-boost|p1a: Barbaracle|spe|2
|-unboost|p1a: Barbaracle|def|1
|-unboost|p1a: Barbaracle|spd|1
|
|-heal|p2a: Crobat|233\/311|[from] item: Black Sludge
|turn|11
|
|move|p1a: Barbaracle|Razor Shell|p2a: Crobat
|-damage|p2a: Crobat|0 fnt
|faint|p2a: Crobat
|
|
|switch|p2a: Mienshao|Mienshao, F|271\/271
|-damage|p2a: Mienshao|255\/271|[from] Stealth Rock
|turn|12
|
|move|p1a: Barbaracle|Earthquake|p2a: Mienshao
|-damage|p2a: Mienshao|0 fnt
|faint|p2a: Mienshao
|
|-message|Park forfeited.
|leave|Park
|
|win|ult rh156
|raw|Ladder updating...
|player|p2
|raw|ult rh156's rating: 1634 &rarr; <strong>1644<\/strong><br \/>(+10 for winning)
|raw|Park's rating: 1429 &rarr; <strong>1420<\/strong><br \/>(-9 for losing)