|join|ult rh156
|join|lukassssss
|player|p1|ult rh156|105
|player|p2|lukassssss|258
|gametype|singles
|gen|6
|tier|UU
|rated
|rule|Sleep Clause Mod: Limit one foe put to sleep
|rule|Species Clause: Limit one of each PokÃ©mon
|rule|OHKO Clause: OHKO moves are banned
|rule|Moody Clause: Moody is banned
|rule|Evasion Moves Clause: Evasion moves are banned
|rule|Endless Battle Clause: Forcing endless battles is banned
|rule|HP Percentage Mod: HP is shown in percentages
|clearpoke
|poke|p1|Infernape, M
|poke|p1|Absol, F
|poke|p1|Jirachi
|poke|p1|Barbaracle, M, shiny
|poke|p1|Celebi
|poke|p1|Gligar, M
|poke|p2|Milotic, F
|poke|p2|Liepard, F
|poke|p2|Fletchinder, F
|poke|p2|Durant, M
|poke|p2|Chatot, M
|poke|p2|Slurpuff, F
|rule|Swagger Clause: Swagger is banned
|rule|Baton Pass Clause: Limit one PokÃ©mon knowing Baton Pass
|teampreview
|
|start
|switch|p1a: Gligar|Gligar, M|333\/333
|switch|p2a: birdman|Chatot, M|293\/293
|turn|1
|
|move|p2a: birdman|Chatter|p1a: Gligar
|-damage|p1a: Gligar|275\/333
|-start|p1a: Gligar|confusion
|-activate|p1a: Gligar|confusion
|move|p1a: Gligar|Stealth Rock|p2a: birdman
|-sidestart|p2: lukassssss|move: Stealth Rock
|
|turn|2
|
|switch|p2a: killer kupkake|Slurpuff, F|306\/306
|-damage|p2a: killer kupkake|268\/306|[from] Stealth Rock
|switch|p1a: Jirachi|Jirachi|341\/341
|
|turn|3
|
|switch|p2a: wipe that smirk|Fletchinder, F|265\/265
|-damage|p2a: wipe that smirk|133\/265|[from] Stealth Rock
|move|p1a: Jirachi|Iron Head|p2a: wipe that smirk
|-resisted|p2a: wipe that smirk
|-damage|p2a: wipe that smirk|36\/265
|
|turn|4
|
|switch|p1a: Absol|Absol, F|271\/271
|move|p2a: wipe that smirk|Roost|p2a: wipe that smirk
|-heal|p2a: wipe that smirk|169\/265
|
|turn|5
|
|detailschange|p1a: Absol|Absol-Mega, F
|-mega|p1a: Absol|Absol|Absolite
|move|p1a: Absol|Knock Off|p2a: wipe that smirk
|-damage|p2a: wipe that smirk|0 fnt
|faint|p2a: wipe that smirk
|
|
|switch|p2a: hit it fergie|Liepard, F|269\/269
|-damage|p2a: hit it fergie|236\/269|[from] Stealth Rock
|turn|6
|
|move|p2a: hit it fergie|Encore|p1a: Absol
|move|p1a: Absol|Encore|p2a: hit it fergie|[from]Magic Bounce
|-fail|p2a: hit it fergie
|move|p1a: Absol|Play Rough|p2a: hit it fergie
|-supereffective|p2a: hit it fergie
|-damage|p2a: hit it fergie|0 fnt
|faint|p2a: hit it fergie
|
|
|switch|p2a: killer kupkake|Slurpuff, F|268\/306
|-damage|p2a: killer kupkake|230\/306|[from] Stealth Rock
|turn|7
|
|move|p1a: Absol|Knock Off|p2a: killer kupkake
|-resisted|p2a: killer kupkake
|-damage|p2a: killer kupkake|126\/306
|-enditem|p2a: killer kupkake|Sitrus Berry|[from] move: Knock Off|[of] p1a: Absol
|move|p2a: killer kupkake|Belly Drum|p2a: killer kupkake
|-fail|p2a: killer kupkake
|
|turn|8
|
|switch|p1a: Celebi|Celebi|401\/401
|move|p2a: killer kupkake|Drain Punch|p1a: Celebi
|-crit|p1a: Celebi
|-resisted|p1a: Celebi
|-damage|p1a: Celebi|363\/401
|-heal|p2a: killer kupkake|145\/306|[from] drain|[of] p1a: Celebi
|
|-heal|p1a: Celebi|388\/401|[from] item: Leftovers
|turn|9
|
|move|p2a: killer kupkake|Play Rough|p1a: Celebi
|-damage|p1a: Celebi|304\/401
|-unboost|p1a: Celebi|atk|1
|move|p1a: Celebi|Swords Dance|p1a: Celebi
|-boost|p1a: Celebi|atk|2
|
|-heal|p1a: Celebi|329\/401|[from] item: Leftovers
|turn|10
|-message|lukassssss forfeited.
|
|win|ult rh156
|raw|Ladder updating...
|leave|lukassssss
|player|p2
|raw|ult rh156's rating: 1555 &rarr; <strong>1565<\/strong><br \/>(+10 for winning)
|raw|lukassssss's rating: 1349 &rarr; <strong>1340<\/strong><br \/>(-9 for losing)