|join|ult rh156
|join|FlyingDouche
|player|p1|ult rh156|80
|player|p2|FlyingDouche|101
|gametype|singles
|gen|6
|tier|UU
|rated
|rule|Sleep Clause Mod: Limit one foe put to sleep
|rule|Species Clause: Limit one of each PokÃ©mon
|rule|OHKO Clause: OHKO moves are banned
|rule|Moody Clause: Moody is banned
|rule|Evasion Moves Clause: Evasion moves are banned
|rule|Endless Battle Clause: Forcing endless battles is banned
|rule|HP Percentage Mod: HP is shown in percentages
|clearpoke
|poke|p1|Sharpedo, M, shiny
|poke|p1|Infernape, M
|poke|p1|Barbaracle, M, shiny
|poke|p1|Jirachi
|poke|p1|Celebi
|poke|p1|Gligar, M, shiny
|poke|p2|Arcanine, F
|poke|p2|Espeon, M
|poke|p2|Flygon, M
|poke|p2|Scrafty, M
|poke|p2|Empoleon, M
|poke|p2|Cloyster, F
|rule|Swagger Clause: Swagger is banned
|rule|Baton Pass Clause: Limit one PokÃ©mon knowing Baton Pass
|teampreview
|
|start
|switch|p1a: Infernape|Infernape, M|293\/293
|switch|p2a: Flygon|Flygon, M|301\/301
|turn|1
|
|switch|p1a: Gligar|Gligar, M, shiny|333\/333
|move|p2a: Flygon|Earthquake|p1a: Gligar
|-immune|p1a: Gligar|[msg]
|
|turn|2
|
|switch|p2a: Espeon|Espeon, M|334\/334
|move|p1a: Gligar|U-turn|p2a: Espeon
|-supereffective|p2a: Espeon
|-damage|p2a: Espeon|188\/334
|
|switch|p1a: Jirachi|Jirachi|341\/341
|
|turn|3
|
|move|p1a: Jirachi|U-turn|p2a: Espeon
|-supereffective|p2a: Espeon
|-damage|p2a: Espeon|0 fnt
|faint|p2a: Espeon
|
|switch|p1a: Infernape|Infernape, M|293\/293
|
|
|switch|p2a: Flygon|Flygon, M|301\/301
|turn|4
|
|move|p2a: Flygon|U-turn|p1a: Infernape
|-resisted|p1a: Infernape
|-damage|p1a: Infernape|267\/293
|
|switch|p2a: Arcanine|Arcanine, F|384\/384
|-ability|p2a: Arcanine|Intimidate|[of] p1a: Infernape
|-unboost|p1a: Infernape|atk|1
|move|p1a: Infernape|Close Combat|p2a: Arcanine
|-damage|p2a: Arcanine|271\/384
|-unboost|p1a: Infernape|def|1
|-unboost|p1a: Infernape|spd|1
|-damage|p1a: Infernape|238\/293|[from] item: Life Orb
|
|-heal|p2a: Arcanine|295\/384|[from] item: Leftovers
|turn|5
|
|switch|p1a: Gligar|Gligar, M, shiny|333\/333
|move|p2a: Arcanine|Will-O-Wisp|p1a: Gligar
|-status|p1a: Gligar|brn
|
|-heal|p2a: Arcanine|319\/384|[from] item: Leftovers
|-damage|p1a: Gligar|292\/333 brn|[from] brn
|turn|6
|
|switch|p2a: Empoleon|Empoleon, M|372\/372
|move|p1a: Gligar|Stealth Rock|p2a: Empoleon
|-sidestart|p2: FlyingDouche|move: Stealth Rock
|
|-damage|p1a: Gligar|251\/333 brn|[from] brn
|turn|7
|join|Snowballin
|
|switch|p2a: Scrafty|Scrafty, M|334\/334
|-damage|p2a: Scrafty|314\/334|[from] Stealth Rock
|move|p1a: Gligar|U-turn|p2a: Scrafty
|-damage|p2a: Scrafty|294\/334
|
|switch|p1a: Infernape|Infernape, M|238\/293
|
|-heal|p2a: Scrafty|314\/334|[from] item: Leftovers
|turn|8
|
|switch|p2a: Arcanine|Arcanine, F|319\/384
|-damage|p2a: Arcanine|223\/384|[from] Stealth Rock
|-ability|p2a: Arcanine|Intimidate|[of] p1a: Infernape
|-unboost|p1a: Infernape|atk|1
|move|p1a: Infernape|Close Combat|p2a: Arcanine
|-damage|p2a: Arcanine|116\/384
|-unboost|p1a: Infernape|def|1
|-unboost|p1a: Infernape|spd|1
|-damage|p1a: Infernape|209\/293|[from] item: Life Orb
|
|-heal|p2a: Arcanine|140\/384|[from] item: Leftovers
|turn|9
|
|switch|p1a: Barbaracle|Barbaracle, M, shiny|285\/285
|move|p2a: Arcanine|Morning Sun|p2a: Arcanine
|-heal|p2a: Arcanine|332\/384
|
|-heal|p2a: Arcanine|356\/384|[from] item: Leftovers
|turn|10
|
|move|p1a: Barbaracle|Shell Smash|p1a: Barbaracle
|-boost|p1a: Barbaracle|atk|2
|-boost|p1a: Barbaracle|spa|2
|-boost|p1a: Barbaracle|spe|2
|-unboost|p1a: Barbaracle|def|1
|-unboost|p1a: Barbaracle|spd|1
|move|p2a: Arcanine|Will-O-Wisp|p1a: Barbaracle|[miss]
|-miss|p2a: Arcanine|p1a: Barbaracle
|
|-heal|p2a: Arcanine|380\/384|[from] item: Leftovers
|turn|11
|c|âFlyingDouche|dajum
|
|switch|p2a: Empoleon|Empoleon, M|372\/372
|-damage|p2a: Empoleon|349\/372|[from] Stealth Rock
|move|p1a: Barbaracle|Razor Shell|p2a: Empoleon
|-resisted|p2a: Empoleon
|-damage|p2a: Empoleon|193\/372
|
|-heal|p2a: Empoleon|216\/372|[from] item: Leftovers
|turn|12
|join|ULT Bob
|
|move|p1a: Barbaracle|Earthquake|p2a: Empoleon
|-supereffective|p2a: Empoleon
|-damage|p2a: Empoleon|0 fnt
|faint|p2a: Empoleon
|
|
|switch|p2a: Scrafty|Scrafty, M|314\/334
|-damage|p2a: Scrafty|294\/334|[from] Stealth Rock
|turn|13
|c| ULT Bob|why is barbaracle even a thing
|c| ULT Bob|its so ugly
|
|move|p1a: Barbaracle|Razor Shell|p2a: Scrafty
|-damage|p2a: Scrafty|29\/334
|move|p2a: Scrafty|Drain Punch|p1a: Barbaracle
|-supereffective|p1a: Barbaracle
|-damage|p1a: Barbaracle|57\/285
|-heal|p2a: Scrafty|143\/334|[from] drain|[of] p1a: Barbaracle
|
|-heal|p2a: Scrafty|163\/334|[from] item: Leftovers
|turn|14
|c|âult rh156|it's good though
|c|âult rh156|and what the fuck is that scrafty set ._.
|c|âFlyingDouche|you got lucky
|c|âult rh156|i have lum berry nig
|c|âFlyingDouche|ok
|
|switch|p2a: Cloyster|Cloyster, F|241\/241
|-damage|p2a: Cloyster|181\/241|[from] Stealth Rock
|move|p1a: Barbaracle|X-Scissor|p2a: Cloyster
|-damage|p2a: Cloyster|47\/241
|
|turn|15
|
|move|p1a: Barbaracle|X-Scissor|p2a: Cloyster
|-damage|p2a: Cloyster|0 fnt
|faint|p2a: Cloyster
|
|
|switch|p2a: Flygon|Flygon, M|301\/301
|-damage|p2a: Flygon|283\/301|[from] Stealth Rock
|turn|16
|
|move|p1a: Barbaracle|Razor Shell|p2a: Flygon
|-damage|p2a: Flygon|0 fnt
|faint|p2a: Flygon
|
|
|switch|p2a: Arcanine|Arcanine, F|380\/384
|-damage|p2a: Arcanine|284\/384|[from] Stealth Rock
|-ability|p2a: Arcanine|Intimidate|[of] p1a: Barbaracle
|-unboost|p1a: Barbaracle|atk|1
|turn|17
|
|move|p2a: Arcanine|Extreme Speed|p1a: Barbaracle
|-resisted|p1a: Barbaracle
|-damage|p1a: Barbaracle|14\/285
|move|p1a: Barbaracle|Razor Shell|p2a: Arcanine
|-supereffective|p2a: Arcanine
|-damage|p2a: Arcanine|0 fnt
|faint|p2a: Arcanine
|
|
|switch|p2a: Scrafty|Scrafty, M|163\/334
|-damage|p2a: Scrafty|143\/334|[from] Stealth Rock
|turn|18
|
|move|p1a: Barbaracle|Razor Shell|p2a: Scrafty
|-damage|p2a: Scrafty|0 fnt
|faint|p2a: Scrafty
|
|win|ult rh156
|raw|Ladder updating...
|raw|ult rh156's rating: 1599 &rarr; <strong>1612<\/strong><br \/>(+13 for winning)
|raw|FlyingDouche's rating: 1469 &rarr; <strong>1456<\/strong><br \/>(-13 for losing)