|join|ult lowgock
|join|ult rh156
|player|p1|ult lowgock|2
|player|p2|ult rh156|14
|gametype|singles
|gen|6
|tier|UU
|rated
|rule|Sleep Clause Mod: Limit one foe put to sleep
|rule|Species Clause: Limit one of each PokÃ©mon
|rule|OHKO Clause: OHKO moves are banned
|rule|Moody Clause: Moody is banned
|rule|Evasion Moves Clause: Evasion moves are banned
|rule|Endless Battle Clause: Forcing endless battles is banned
|rule|HP Percentage Mod: HP is shown in percentages
|clearpoke
|poke|p1|Shedinja
|poke|p1|Starmie
|poke|p1|Crobat, M
|poke|p1|Diancie
|poke|p1|Swampert, F
|poke|p1|Blissey, F
|poke|p2|Infernape, M
|poke|p2|Absol, F
|poke|p2|Jirachi
|poke|p2|Barbaracle, M, shiny
|poke|p2|Celebi
|poke|p2|Gligar, M
|rule|Swagger Clause: Swagger is banned
|rule|Baton Pass Clause: Limit one PokÃ©mon knowing Baton Pass
|teampreview
|c|âult rh156|the fuck is this team
|c|âult rh156|l0l
|
|start
|switch|p1a: Crobat|Crobat, M|373\/373
|switch|p2a: Gligar|Gligar, M|333\/333
|turn|1
|
|move|p1a: Crobat|Taunt|p2a: Gligar
|-start|p2a: Gligar|move: Taunt
|move|p2a: Gligar|U-turn|p1a: Crobat
|-resisted|p1a: Crobat
|-damage|p1a: Crobat|360\/373
|
|switch|p2a: Jirachi|Jirachi|341\/341
|
|turn|2
|
|switch|p1a: Swampert|Swampert, F|404\/404
|move|p2a: Jirachi|Zen Headbutt|p1a: Swampert
|-damage|p1a: Swampert|269\/404
|
|turn|3
|
|switch|p2a: Celebi|Celebi|401\/401
|detailschange|p1a: Swampert|Swampert-Mega, F
|-mega|p1a: Swampert|Swampert|Swampertite
|move|p1a: Swampert|Waterfall|p2a: Celebi
|-resisted|p2a: Celebi
|-damage|p2a: Celebi|360\/401
|
|-heal|p2a: Celebi|385\/401|[from] item: Leftovers
|turn|4
|join|giratina is hot
|
|switch|p1a: Shedinja|Shedinja|1\/1
|move|p2a: Celebi|Swords Dance|p2a: Celebi
|-boost|p2a: Celebi|atk|2
|
|-heal|p2a: Celebi|401\/401|[from] item: Leftovers
|turn|5
|c| giratina is hot|lowgock for president 2015!
|
|switch|p2a: Gligar|Gligar, M|333\/333
|move|p1a: Shedinja|X-Scissor|p2a: Gligar
|-resisted|p2a: Gligar
|-damage|p2a: Gligar|294\/333
|
|turn|6
|
|switch|p2a: Infernape|Infernape, M|293\/293
|move|p1a: Shedinja|Swords Dance|p1a: Shedinja
|-boost|p1a: Shedinja|atk|2
|
|turn|7
|
|switch|p1a: Starmie|Starmie|324\/324
|move|p2a: Infernape|Fire Blast|p1a: Starmie
|-crit|p1a: Starmie
|-resisted|p1a: Starmie
|-damage|p1a: Starmie|133\/324
|-damage|p2a: Infernape|264\/293|[from] item: Life Orb
|
|-heal|p1a: Starmie|153\/324|[from] item: Leftovers
|turn|8
|
|switch|p2a: Celebi|Celebi|401\/401
|move|p1a: Starmie|Recover|p1a: Starmie
|-heal|p1a: Starmie|315\/324
|
|-heal|p1a: Starmie|324\/324|[from] item: Leftovers
|turn|9
|
|switch|p1a: Shedinja|Shedinja|1\/1
|move|p2a: Celebi|Baton Pass|p2a: Celebi
|
|switch|p2a: Jirachi|Jirachi|341\/341
|
|turn|10
|
|switch|p1a: Swampert|Swampert-Mega, F|269\/404
|move|p2a: Jirachi|Trick|p1a: Swampert
|-fail|p1a: Swampert
|
|turn|11
|
|switch|p2a: Celebi|Celebi|401\/401
|move|p1a: Swampert|Waterfall|p2a: Celebi
|-crit|p2a: Celebi
|-resisted|p2a: Celebi
|-damage|p2a: Celebi|332\/401
|
|-heal|p2a: Celebi|357\/401|[from] item: Leftovers
|turn|12
|
|switch|p1a: Shedinja|Shedinja|1\/1
|move|p2a: Celebi|Baton Pass|p2a: Celebi
|
|switch|p2a: Jirachi|Jirachi|341\/341
|
|turn|13
|
|switch|p1a: Swampert|Swampert-Mega, F|269\/404
|move|p2a: Jirachi|Trick|p1a: Swampert
|-fail|p1a: Swampert
|
|turn|14
|
|move|p2a: Jirachi|Trick|p1a: Swampert
|-fail|p1a: Swampert
|move|p1a: Swampert|Waterfall|p2a: Jirachi
|-damage|p2a: Jirachi|221\/341
|
|turn|15
|
|switch|p2a: Celebi|Celebi|357\/401
|move|p1a: Swampert|Waterfall|p2a: Celebi
|-resisted|p2a: Celebi
|-damage|p2a: Celebi|313\/401
|
|-heal|p2a: Celebi|338\/401|[from] item: Leftovers
|turn|16
|
|switch|p1a: Shedinja|Shedinja|1\/1
|move|p2a: Celebi|Baton Pass|p2a: Celebi
|
|switch|p2a: Infernape|Infernape, M|264\/293
|
|turn|17
|
|switch|p1a: Starmie|Starmie|324\/324
|move|p2a: Infernape|Grass Knot|p1a: Starmie
|-supereffective|p1a: Starmie
|-damage|p1a: Starmie|80\/324
|-damage|p2a: Infernape|235\/293|[from] item: Life Orb
|
|-heal|p1a: Starmie|100\/324|[from] item: Leftovers
|turn|18
|
|switch|p2a: Absol|Absol, F|271\/271
|move|p1a: Starmie|Scald|p2a: Absol
|-damage|p2a: Absol|138\/271
|
|-heal|p1a: Starmie|120\/324|[from] item: Leftovers
|turn|19
|join|emma bae
|
|switch|p1a: Diancie|Diancie|304\/304
|detailschange|p2a: Absol|Absol-Mega, F
|-mega|p2a: Absol|Absol|Absolite
|move|p2a: Absol|Knock Off|p1a: Diancie
|-resisted|p1a: Diancie
|-damage|p1a: Diancie|240\/304
|-enditem|p1a: Diancie|Leftovers|[from] move: Knock Off|[of] p2a: Absol
|
|turn|20
|join|Alliance - Guy
|
|switch|p2a: Gligar|Gligar, M|294\/333
|move|p1a: Diancie|Moonblast|p2a: Gligar
|-damage|p2a: Gligar|225\/333
|-unboost|p2a: Gligar|spa|1
|
|turn|21
|
|switch|p1a: Crobat|Crobat, M|360\/373
|move|p2a: Gligar|Stealth Rock|p1a: Crobat
|-sidestart|p1: ult lowgock|move: Stealth Rock
|
|turn|22
|
|move|p1a: Crobat|Defog|p2a: Gligar
|-unboost|p2a: Gligar|evasion|1
|-sideend|p1: ult lowgock|Stealth Rock|[from] move: Defog|[of] p1a: Crobat
|move|p2a: Gligar|U-turn|p1a: Crobat
|-resisted|p1a: Crobat
|-damage|p1a: Crobat|348\/373
|
|switch|p2a: Jirachi|Jirachi|221\/341
|
|turn|23
|
|switch|p1a: Blissey|Blissey, F|677\/677
|move|p2a: Jirachi|Trick|p1a: Blissey
|-activate|p2a: Jirachi|move: Trick|[of] p1a: Blissey
|-item|p1a: Blissey|Choice Scarf|[from] move: Trick
|-item|p2a: Jirachi|Leftovers|[from] move: Trick
|
|-heal|p2a: Jirachi|242\/341|[from] item: Leftovers
|turn|24
|
|switch|p1a: Shedinja|Shedinja|1\/1
|move|p2a: Jirachi|U-turn|p1a: Shedinja
|-activate|p1a: Shedinja|ability: Wonder Guard
|
|-heal|p2a: Jirachi|263\/341|[from] item: Leftovers
|turn|25
|c| Fire Lord Mako|Grats Lowgock
|
|switch|p2a: Infernape|Infernape, M|235\/293
|move|p1a: Shedinja|Will-O-Wisp|p2a: Infernape
|-fail|p2a: Infernape
|
|turn|26
|c| giratina is hot|grats?
|c|âult lowgock|oh shit
|c|âult lowgock|lol
|c|âult lowgock|did i rly just wow
|c|âult lowgock|im dumb
|c| Fire Lord Mako|He's 1
|
|switch|p1a: Crobat|Crobat, M|348\/373
|move|p2a: Infernape|Fire Blast|p1a: Crobat
|-damage|p1a: Crobat|118\/373
|-damage|p2a: Infernape|206\/293|[from] item: Life Orb
|
|turn|27
|c| giratina is hot|o
|c| giratina is hot|i mean he is the god of mons
|c|âult rh156|why is that thing so bulky
|c|âult rh156|:[
|
|move|p1a: Crobat|Roost|p1a: Crobat
|-heal|p1a: Crobat|305\/373
|move|p2a: Infernape|Fire Blast|p1a: Crobat|[miss]
|-miss|p2a: Infernape|p1a: Crobat
|
|turn|28
|c| Fire Lord Mako|why dont u run flare blitz
|c| Fire Lord Mako|:]
|
|switch|p2a: Jirachi|Jirachi|263\/341
|move|p1a: Crobat|Acrobatics|p2a: Jirachi
|-resisted|p2a: Jirachi
|-damage|p2a: Jirachi|200\/341
|
|-heal|p2a: Jirachi|221\/341|[from] item: Leftovers
|turn|29
|
|switch|p1a: Shedinja|Shedinja|1\/1
|switch|p2a: Infernape|Infernape, M|206\/293
|
|turn|30
|c| giratina is hot|hes epcial
|c| giratina is hot|special*
|
|switch|p1a: Crobat|Crobat, M|305\/373
|move|p2a: Infernape|Fire Blast|p1a: Crobat|[miss]
|-miss|p2a: Infernape|p1a: Crobat
|
|turn|31
|join|fev'
|c| Fire Lord Mako|:[
|
|switch|p2a: Jirachi|Jirachi|221\/341
|move|p1a: Crobat|Acrobatics|p2a: Jirachi
|-resisted|p2a: Jirachi
|-damage|p2a: Jirachi|164\/341
|
|-heal|p2a: Jirachi|185\/341|[from] item: Leftovers
|turn|32
|
|switch|p1a: Shedinja|Shedinja|1\/1
|move|p2a: Jirachi|Trick|p1a: Shedinja
|-activate|p2a: Jirachi|move: Trick|[of] p1a: Shedinja
|-item|p1a: Shedinja|Leftovers|[from] move: Trick
|-item|p2a: Jirachi|Focus Sash|[from] move: Trick
|
|turn|33
|
|switch|p2a: Infernape|Infernape, M|206\/293
|move|p1a: Shedinja|X-Scissor|p2a: Infernape
|-resisted|p2a: Infernape
|-damage|p2a: Infernape|164\/293
|
|turn|34
|c| Fire Lord Mako|nice sash rachi
|
|switch|p1a: Crobat|Crobat, M|305\/373
|move|p2a: Infernape|Fire Blast|p1a: Crobat|[miss]
|-miss|p2a: Infernape|p1a: Crobat
|
|turn|35
|c|âult lowgock|lol
|c| Fire Lord Mako|ffs
|
|switch|p2a: Barbaracle|Barbaracle, M, shiny|289\/289
|move|p1a: Crobat|Roost|p1a: Crobat
|-heal|p1a: Crobat|373\/373
|
|turn|36
|
|move|p1a: Crobat|Taunt|p2a: Barbaracle
|-start|p2a: Barbaracle|move: Taunt
|move|p2a: Barbaracle|Razor Shell|p1a: Crobat
|-damage|p1a: Crobat|175\/373
|
|turn|37
|
|switch|p1a: Blissey|Blissey, F|677\/677
|move|p2a: Barbaracle|Razor Shell|p1a: Blissey
|-damage|p1a: Blissey|386\/677
|
|turn|38
|
|switch|p2a: Gligar|Gligar, M|225\/333
|move|p1a: Blissey|Toxic|p2a: Gligar
|-fail|p2a: Gligar
|
|turn|39
|
|switch|p1a: Crobat|Crobat, M|175\/373
|move|p2a: Gligar|U-turn|p1a: Crobat
|-resisted|p1a: Crobat
|-damage|p1a: Crobat|161\/373
|
|switch|p2a: Barbaracle|Barbaracle, M, shiny|289\/289
|
|turn|40
|join|FUQ GLISCORE
|
|switch|p1a: Blissey|Blissey, F|386\/677
|move|p2a: Barbaracle|Razor Shell|p1a: Blissey
|-damage|p1a: Blissey|116\/677
|-unboost|p1a: Blissey|def|1
|
|turn|41
|
|switch|p2a: Gligar|Gligar, M|225\/333
|move|p1a: Blissey|Toxic|p2a: Gligar
|-fail|p2a: Gligar
|
|turn|42
|
|switch|p1a: Crobat|Crobat, M|161\/373
|move|p2a: Gligar|U-turn|p1a: Crobat
|-resisted|p1a: Crobat
|-damage|p1a: Crobat|148\/373
|
|switch|p2a: Absol|Absol-Mega, F|138\/271
|
|turn|43
|leave|FUQ GLISCORE
|
|switch|p1a: Diancie|Diancie|240\/304
|move|p2a: Absol|Swords Dance|p2a: Absol
|-boost|p2a: Absol|atk|2
|
|turn|44
|c|âult rh156|ah
|c|âult rh156|fuck that ps glitch
|c|âult rh156|i forgot u had that thing
|c|âult rh156|.-.
|
|switch|p2a: Gligar|Gligar, M|225\/333
|move|p1a: Diancie|Moonblast|p2a: Gligar
|-damage|p2a: Gligar|159\/333
|-unboost|p2a: Gligar|spa|1
|
|turn|45
|
|switch|p1a: Crobat|Crobat, M|148\/373
|move|p2a: Gligar|Stealth Rock|p1a: Crobat
|-sidestart|p1: ult lowgock|move: Stealth Rock
|
|turn|46
|
|move|p1a: Crobat|Defog|p2a: Gligar
|-unboost|p2a: Gligar|evasion|1
|-sideend|p1: ult lowgock|Stealth Rock|[from] move: Defog|[of] p1a: Crobat
|move|p2a: Gligar|U-turn|p1a: Crobat
|-resisted|p1a: Crobat
|-damage|p1a: Crobat|136\/373
|
|switch|p2a: Barbaracle|Barbaracle, M, shiny|289\/289
|
|turn|47
|
|move|p1a: Crobat|Taunt|p2a: Barbaracle
|-start|p2a: Barbaracle|move: Taunt
|move|p2a: Barbaracle|Razor Shell|p1a: Crobat
|-damage|p1a: Crobat|0 fnt
|faint|p1a: Crobat
|
|
|switch|p1a: Swampert|Swampert-Mega, F|269\/404
|turn|48
|
|switch|p2a: Celebi|Celebi|338\/401
|switch|p1a: Shedinja|Shedinja|1\/1
|
|-heal|p2a: Celebi|363\/401|[from] item: Leftovers
|turn|49
|
|switch|p2a: Infernape|Infernape, M|164\/293
|move|p1a: Shedinja|X-Scissor|p2a: Infernape
|-resisted|p2a: Infernape
|-damage|p2a: Infernape|123\/293
|
|turn|50
|
|switch|p1a: Blissey|Blissey, F|116\/677
|move|p2a: Infernape|Close Combat|p1a: Blissey
|-supereffective|p1a: Blissey
|-damage|p1a: Blissey|0 fnt
|-unboost|p2a: Infernape|def|1
|-unboost|p2a: Infernape|spd|1
|-damage|p2a: Infernape|94\/293|[from] item: Life Orb
|faint|p1a: Blissey
|
|
|switch|p1a: Starmie|Starmie|120\/324
|turn|51
|
|switch|p2a: Absol|Absol-Mega, F|138\/271
|move|p1a: Starmie|Recover|p1a: Starmie
|-heal|p1a: Starmie|282\/324
|
|-heal|p1a: Starmie|302\/324|[from] item: Leftovers
|turn|52
|
|switch|p2a: Celebi|Celebi|363\/401
|switch|p1a: Diancie|Diancie|240\/304
|
|-heal|p2a: Celebi|388\/401|[from] item: Leftovers
|turn|53
|join|Wat For
|
|switch|p1a: Shedinja|Shedinja|1\/1
|move|p2a: Celebi|Seed Bomb|p1a: Shedinja
|-activate|p1a: Shedinja|ability: Wonder Guard
|
|-heal|p2a: Celebi|401\/401|[from] item: Leftovers
|turn|54
|
|switch|p2a: Gligar|Gligar, M|159\/333
|move|p1a: Shedinja|Swords Dance|p1a: Shedinja
|-boost|p1a: Shedinja|atk|2
|
|turn|55
|
|move|p2a: Gligar|Stealth Rock|p1a: Shedinja
|-sidestart|p1: ult lowgock|move: Stealth Rock
|move|p1a: Shedinja|X-Scissor|p2a: Gligar
|-resisted|p2a: Gligar
|-damage|p2a: Gligar|82\/333
|
|turn|56
|c| Fire Lord Mako|this is so repetitive
|
|move|p2a: Gligar|Roost|p2a: Gligar
|-heal|p2a: Gligar|249\/333
|move|p1a: Shedinja|X-Scissor|p2a: Gligar
|-damage|p2a: Gligar|99\/333
|
|turn|57
|
|switch|p2a: Infernape|Infernape, M|94\/293
|move|p1a: Shedinja|Swords Dance|p1a: Shedinja
|-boost|p1a: Shedinja|atk|2
|
|turn|58
|
|move|p1a: Shedinja|Shadow Sneak|p2a: Infernape
|-damage|p2a: Infernape|0 fnt
|faint|p2a: Infernape
|
|
|switch|p2a: Absol|Absol-Mega, F|138\/271
|turn|59
|join|FUQ GLISCORE
|
|switch|p1a: Diancie|Diancie|240\/304
|-damage|p1a: Diancie|202\/304|[from] Stealth Rock
|move|p2a: Absol|Knock Off|p1a: Diancie
|-resisted|p1a: Diancie
|-damage|p1a: Diancie|160\/304
|
|turn|60
|
|switch|p2a: Jirachi|Jirachi|185\/341
|switch|p1a: Starmie|Starmie|302\/324
|-damage|p1a: Starmie|262\/324|[from] Stealth Rock
|
|-heal|p1a: Starmie|282\/324|[from] item: Leftovers
|turn|61
|c|âult rh156|damn
|c|âult rh156|u have no idea
|c|âult rh156|how close i was
|c|âult rh156|to using knock off
|join|DracoMaster Dab
|
|move|p1a: Starmie|Rapid Spin|p2a: Jirachi
|-resisted|p2a: Jirachi
|-damage|p2a: Jirachi|179\/341
|-sideend|p1: ult lowgock|Stealth Rock|[from] move: Rapid Spin|[of] p1a: Starmie
|move|p2a: Jirachi|U-turn|p1a: Starmie
|-supereffective|p1a: Starmie
|-damage|p1a: Starmie|128\/324
|leave|DracoMaster Dab
|
|switch|p2a: Barbaracle|Barbaracle, M, shiny|289\/289
|
|-heal|p1a: Starmie|148\/324|[from] item: Leftovers
|turn|62
|c|âult lowgock|man i misplayed hard vs jirachi
|
|switch|p1a: Swampert|Swampert-Mega, F|269\/404
|move|p2a: Barbaracle|X-Scissor|p1a: Swampert
|-damage|p1a: Swampert|166\/404
|
|turn|63
|
|switch|p2a: Celebi|Celebi|401\/401
|move|p1a: Swampert|Rest|p1a: Swampert
|-status|p1a: Swampert|slp
|-heal|p1a: Swampert|404\/404 slp|[silent]
|-status|p1a: Swampert|slp|[from] move: Rest
|
|turn|64
|
|switch|p1a: Shedinja|Shedinja|1\/1
|move|p2a: Celebi|Baton Pass|p2a: Celebi
|
|switch|p2a: Absol|Absol-Mega, F|138\/271
|
|turn|65
|
|switch|p1a: Diancie|Diancie|160\/304
|move|p2a: Absol|Play Rough|p1a: Diancie
|-damage|p1a: Diancie|82\/304
|
|turn|66
|
|switch|p2a: Jirachi|Jirachi|179\/341
|move|p1a: Diancie|Rest|p1a: Diancie
|-status|p1a: Diancie|slp
|-heal|p1a: Diancie|304\/304 slp|[silent]
|-status|p1a: Diancie|slp|[from] move: Rest
|
|turn|67
|
|switch|p2a: Absol|Absol-Mega, F|138\/271
|switch|p1a: Swampert|Swampert-Mega, F|404\/404 slp
|
|turn|68
|
|switch|p2a: Celebi|Celebi|401\/401
|cant|p1a: Swampert|slp
|move|p1a: Swampert|Sleep Talk|p1a: Swampert
|move|p1a: Swampert|Curse|p1a: Swampert|[from]Sleep Talk
|-boost|p1a: Swampert|atk|1
|-boost|p1a: Swampert|def|1
|-unboost|p1a: Swampert|spe|1
|
|turn|69
|
|switch|p1a: Shedinja|Shedinja|1\/1
|move|p2a: Celebi|Baton Pass|p2a: Celebi
|
|switch|p2a: Absol|Absol-Mega, F|138\/271
|
|turn|70
|
|switch|p1a: Diancie|Diancie|304\/304 slp
|move|p2a: Absol|Play Rough|p1a: Diancie
|-crit|p1a: Diancie
|-damage|p1a: Diancie|174\/304 slp
|
|turn|71
|
|switch|p2a: Gligar|Gligar, M|99\/333
|cant|p1a: Diancie|slp
|move|p1a: Diancie|Sleep Talk|p1a: Diancie
|move|p1a: Diancie|Diamond Storm|p2a: Gligar|[from]Sleep Talk
|-damage|p2a: Gligar|30\/333
|-boost|p1a: Diancie|def|1
|
|turn|72
|
|switch|p1a: Starmie|Starmie|148\/324
|move|p2a: Gligar|Roost|p2a: Gligar
|-heal|p2a: Gligar|197\/333
|
|-heal|p1a: Starmie|168\/324|[from] item: Leftovers
|turn|73
|
|switch|p2a: Celebi|Celebi|401\/401
|move|p1a: Starmie|Reflect|p1a: Starmie
|-sidestart|p1: ult lowgock|Reflect
|
|-heal|p1a: Starmie|188\/324|[from] item: Leftovers
|turn|74
|
|switch|p1a: Shedinja|Shedinja|1\/1
|move|p2a: Celebi|Swords Dance|p2a: Celebi
|-boost|p2a: Celebi|atk|2
|
|turn|75
|
|move|p2a: Celebi|Baton Pass|p2a: Celebi
|
|switch|p2a: Barbaracle|Barbaracle, M, shiny|289\/289
|move|p1a: Shedinja|Swords Dance|p1a: Shedinja
|-boost|p1a: Shedinja|atk|2
|
|turn|76
|
|move|p2a: Barbaracle|Razor Shell|p1a: Shedinja
|-activate|p1a: Shedinja|ability: Wonder Guard
|move|p1a: Shedinja|X-Scissor|p2a: Barbaracle
|-damage|p2a: Barbaracle|91\/289
|
|turn|77
|
|move|p2a: Barbaracle|Razor Shell|p1a: Shedinja
|-activate|p1a: Shedinja|ability: Wonder Guard
|move|p1a: Shedinja|X-Scissor|p2a: Barbaracle
|-damage|p2a: Barbaracle|0 fnt
|faint|p2a: Barbaracle
|
|-sideend|p1: ult lowgock|Reflect
|c|âult rh156|why
|
|switch|p2a: Absol|Absol-Mega, F|138\/271
|turn|78
|c| Fire Lord Mako|why didnt u stone edge
|
|switch|p1a: Diancie|Diancie|174\/304 slp
|move|p2a: Absol|Swords Dance|p2a: Absol
|-boost|p2a: Absol|atk|2
|
|turn|79
|
|move|p2a: Absol|Play Rough|p1a: Diancie
|-damage|p1a: Diancie|0 fnt
|faint|p1a: Diancie
|
|c|âult lowgock|come
|c|âult lowgock|oh
|
|switch|p1a: Swampert|Swampert-Mega, F|404\/404 slp
|turn|80
|
|move|p2a: Absol|Knock Off|p1a: Swampert
|-damage|p1a: Swampert|187\/404 slp
|cant|p1a: Swampert|slp
|move|p1a: Swampert|Sleep Talk|p1a: Swampert
|move|p1a: Swampert|Curse|p1a: Swampert|[from]Sleep Talk
|-boost|p1a: Swampert|atk|1
|-boost|p1a: Swampert|def|1
|-unboost|p1a: Swampert|spe|1
|
|turn|81
|
|switch|p2a: Celebi|Celebi|401\/401
|switch|p1a: Shedinja|Shedinja|1\/1
|
|turn|82
|c|âult rh156|ah
|
|switch|p2a: Gligar|Gligar, M|197\/333
|move|p1a: Shedinja|Swords Dance|p1a: Shedinja
|-boost|p1a: Shedinja|atk|2
|
|turn|83
|
|move|p2a: Gligar|Stealth Rock|p1a: Shedinja
|-sidestart|p1: ult lowgock|move: Stealth Rock
|move|p1a: Shedinja|Swords Dance|p1a: Shedinja
|-boost|p1a: Shedinja|atk|2
|
|turn|84
|
|switch|p2a: Jirachi|Jirachi|179\/341
|move|p1a: Shedinja|X-Scissor|p2a: Jirachi
|-damage|p2a: Jirachi|0 fnt
|faint|p2a: Jirachi
|
|c| Wat For|reveal toxic lel
|
|switch|p2a: Absol|Absol-Mega, F|138\/271
|turn|85
|
|move|p2a: Absol|Sucker Punch|p1a: Shedinja
|-fail|p1a: Shedinja
|move|p1a: Shedinja|Swords Dance|p1a: Shedinja
|-boost|p1a: Shedinja|atk|2
|
|turn|86
|
|move|p2a: Absol|Sucker Punch|p1a: Shedinja
|-supereffective|p1a: Shedinja
|-damage|p1a: Shedinja|0 fnt
|faint|p1a: Shedinja
|
|
|switch|p1a: Swampert|Swampert-Mega, F|187\/404 slp
|-damage|p1a: Swampert|162\/404 slp|[from] Stealth Rock
|turn|87
|
|switch|p2a: Celebi|Celebi|401\/401
|-curestatus|p1a: Swampert|slp
|move|p1a: Swampert|Curse|p1a: Swampert
|-boost|p1a: Swampert|atk|1
|-boost|p1a: Swampert|def|1
|-unboost|p1a: Swampert|spe|1
|
|turn|88
|
|move|p2a: Celebi|Seed Bomb|p1a: Swampert
|-supereffective|p1a: Swampert
|-damage|p1a: Swampert|0 fnt
|faint|p1a: Swampert
|
|
|switch|p1a: Starmie|Starmie|188\/324
|-damage|p1a: Starmie|148\/324|[from] Stealth Rock
|turn|89
|c|âult rh156|g_g
|
|move|p1a: Starmie|Rapid Spin|p2a: Celebi
|-damage|p2a: Celebi|393\/401
|-sideend|p1: ult lowgock|Stealth Rock|[from] move: Rapid Spin|[of] p1a: Starmie
|move|p2a: Celebi|Swords Dance|p2a: Celebi
|-boost|p2a: Celebi|atk|2
|
|-heal|p1a: Starmie|168\/324|[from] item: Leftovers
|-heal|p2a: Celebi|401\/401|[from] item: Leftovers
|turn|90
|c|âult lowgock|shouldnt have let the sash get tricked away
|c|âult rh156|ye
|
|move|p1a: Starmie|Reflect|p1a: Starmie
|-sidestart|p1: ult lowgock|Reflect
|move|p2a: Celebi|Seed Bomb|p1a: Starmie
|-supereffective|p1a: Starmie
|-damage|p1a: Starmie|0 fnt
|faint|p1a: Starmie
|
|win|ult rh156
|raw|Ladder updating...
|raw|ult lowgock's rating: 1742 &rarr; <strong>1713<\/strong><br \/>(-29 for losing)
|raw|ult rh156's rating: 1579 &rarr; <strong>1608<\/strong><br \/>(+29 for winning)
|leave|ult rh156
|player|p2
|leave|Fire Lord Mako
|leave|ult lowgock
|player|p1
|leave|fev'