|join|ult rh156
|join|ult xmarth
|player|p1|ult rh156|142
|player|p2|ult xmarth|153
|gametype|singles
|gen|6
|tier|UU
|rated
|rule|Sleep Clause Mod: Limit one foe put to sleep
|rule|Species Clause: Limit one of each PokÃ©mon
|rule|OHKO Clause: OHKO moves are banned
|rule|Moody Clause: Moody is banned
|rule|Evasion Moves Clause: Evasion moves are banned
|rule|Endless Battle Clause: Forcing endless battles is banned
|rule|HP Percentage Mod: HP is shown in percentages
|clearpoke
|poke|p1|Sharpedo, M, shiny
|poke|p1|Infernape, M
|poke|p1|Barbaracle, M, shiny
|poke|p1|Jirachi
|poke|p1|Celebi
|poke|p1|Gligar, M, shiny
|poke|p2|Cobalion
|poke|p2|Aerodactyl, M
|poke|p2|Celebi
|poke|p2|Qwilfish, M
|poke|p2|Krookodile, M
|poke|p2|Chandelure, F
|rule|Swagger Clause: Swagger is banned
|rule|Baton Pass Clause: Limit one PokÃ©mon knowing Baton Pass
|teampreview
|c|âult rh156|hm
|c|âult rh156|interesting team
|c|âult xmarth|same to u
|c|âult xmarth|babrbacle is a threat here lol
|c|âult rh156|so is chandy
|c|âult rh156|o_o
|c|âult rh156|GL
|c|âult xmarth|u2
|
|start
|switch|p1a: Gligar|Gligar, M, shiny|333\/333
|switch|p2a: Qwilfish|Qwilfish, M|333\/333
|-ability|p2a: Qwilfish|Intimidate|[of] p1a: Gligar
|-unboost|p1a: Gligar|atk|1
|turn|1
|
|move|p2a: Qwilfish|Taunt|p1a: Gligar
|-start|p1a: Gligar|move: Taunt
|cant|p1a: Gligar|move: Taunt|Stealth Rock
|
|turn|2
|
|switch|p1a: Barbaracle|Barbaracle, M, shiny|285\/285
|move|p2a: Qwilfish|Spikes|p1a: Barbaracle
|-sidestart|p1: ult rh156|Spikes
|
|turn|3
|
|switch|p2a: Krookodile|Krookodile, M|331\/331
|-ability|p2a: Krookodile|Intimidate|[of] p1a: Barbaracle
|-unboost|p1a: Barbaracle|atk|1
|move|p1a: Barbaracle|Shell Smash|p1a: Barbaracle
|-boost|p1a: Barbaracle|atk|2
|-boost|p1a: Barbaracle|spa|2
|-boost|p1a: Barbaracle|spe|2
|-unboost|p1a: Barbaracle|def|1
|-unboost|p1a: Barbaracle|spd|1
|
|turn|4
|
|switch|p2a: Qwilfish|Qwilfish, M|333\/333
|-ability|p2a: Qwilfish|Intimidate|[of] p1a: Barbaracle
|-unboost|p1a: Barbaracle|atk|1
|move|p1a: Barbaracle|Razor Shell|p2a: Qwilfish
|-resisted|p2a: Qwilfish
|-damage|p2a: Qwilfish|261\/333
|-unboost|p2a: Qwilfish|def|1
|
|-heal|p2a: Qwilfish|281\/333|[from] item: Black Sludge
|turn|5
|
|move|p1a: Barbaracle|Earthquake|p2a: Qwilfish
|-supereffective|p2a: Qwilfish
|-damage|p2a: Qwilfish|33\/333
|move|p2a: Qwilfish|Waterfall|p1a: Barbaracle
|-damage|p1a: Barbaracle|158\/285
|
|-heal|p2a: Qwilfish|53\/333|[from] item: Black Sludge
|turn|6
|
|move|p1a: Barbaracle|Earthquake|p2a: Qwilfish
|-supereffective|p2a: Qwilfish
|-damage|p2a: Qwilfish|0 fnt
|faint|p2a: Qwilfish
|
|
|switch|p2a: Cobalion|Cobalion|323\/323
|turn|7
|
|switch|p1a: Gligar|Gligar, M, shiny|333\/333
|move|p2a: Cobalion|Close Combat|p1a: Gligar
|-resisted|p1a: Gligar
|-damage|p1a: Gligar|278\/333
|-unboost|p2a: Cobalion|def|1
|-unboost|p2a: Cobalion|spd|1
|
|turn|8
|
|switch|p2a: Aerodactyl|Aerodactyl, M|363\/363
|-ability|p2a: Aerodactyl|Pressure
|move|p1a: Gligar|Stealth Rock|p2a: Aerodactyl
|-sidestart|p2: ult xmarth|move: Stealth Rock
|
|turn|9
|
|detailschange|p2a: Aerodactyl|Aerodactyl-Mega, M
|-mega|p2a: Aerodactyl|Aerodactyl|Aerodactylite
|move|p2a: Aerodactyl|Aerial Ace|p1a: Gligar
|-damage|p1a: Gligar|190\/333
|move|p1a: Gligar|U-turn|p2a: Aerodactyl
|-resisted|p2a: Aerodactyl
|-damage|p2a: Aerodactyl|338\/363
|
|switch|p1a: Jirachi|Jirachi|341\/341
|-damage|p1a: Jirachi|299\/341|[from] Spikes
|
|turn|10
|
|move|p1a: Jirachi|U-turn|p2a: Aerodactyl
|-resisted|p2a: Aerodactyl
|-damage|p2a: Aerodactyl|297\/363
|
|switch|p1a: Infernape|Infernape, M|293\/293
|-damage|p1a: Infernape|257\/293|[from] Spikes
|move|p2a: Aerodactyl|Aerial Ace|p1a: Infernape
|-supereffective|p1a: Infernape
|-damage|p1a: Infernape|0 fnt
|faint|p1a: Infernape
|
|
|switch|p1a: Sharpedo|Sharpedo, M, shiny|281\/281
|-damage|p1a: Sharpedo|246\/281|[from] Spikes
|turn|11
|
|switch|p2a: Krookodile|Krookodile, M|331\/331
|-damage|p2a: Krookodile|311\/331|[from] Stealth Rock
|-ability|p2a: Krookodile|Intimidate|[of] p1a: Sharpedo
|-unboost|p1a: Sharpedo|atk|1
|move|p1a: Sharpedo|Protect|p1a: Sharpedo
|-fail|p1a: Sharpedo
|
|-boost|p1a: Sharpedo|spe|1|[from] ability: Speed Boost
|turn|12
|
|move|p1a: Sharpedo|Protect|p1a: Sharpedo
|-singleturn|p1a: Sharpedo|Protect
|move|p2a: Krookodile|Earthquake|p1a: Sharpedo
|-activate|p1a: Sharpedo|Protect
|
|-boost|p1a: Sharpedo|spe|1|[from] ability: Speed Boost
|turn|13
|
|switch|p1a: Gligar|Gligar, M, shiny|190\/333
|move|p2a: Krookodile|Earthquake|p1a: Gligar
|-immune|p1a: Gligar|[msg]
|
|turn|14
|
|switch|p2a: Aerodactyl|Aerodactyl-Mega, M|297\/363
|-damage|p2a: Aerodactyl|207\/363|[from] Stealth Rock
|move|p1a: Gligar|U-turn|p2a: Aerodactyl
|-resisted|p2a: Aerodactyl
|-damage|p2a: Aerodactyl|184\/363
|
|switch|p1a: Jirachi|Jirachi|299\/341
|-damage|p1a: Jirachi|257\/341|[from] Spikes
|
|turn|15
|
|switch|p2a: Krookodile|Krookodile, M|311\/331
|-damage|p2a: Krookodile|291\/331|[from] Stealth Rock
|-ability|p2a: Krookodile|Intimidate|[of] p1a: Jirachi
|-unboost|p1a: Jirachi|atk|1
|move|p1a: Jirachi|Iron Head|p2a: Krookodile
|-damage|p2a: Krookodile|191\/331
|
|turn|16
|
|move|p1a: Jirachi|Iron Head|p2a: Krookodile
|-damage|p2a: Krookodile|92\/331
|cant|p2a: Krookodile|flinch
|
|turn|17
|
|move|p1a: Jirachi|Iron Head|p2a: Krookodile
|-damage|p2a: Krookodile|0 fnt
|faint|p2a: Krookodile
|
|
|switch|p2a: Chandelure|Chandelure, F|289\/289
|-damage|p2a: Chandelure|217\/289|[from] Stealth Rock
|turn|18
|
|switch|p1a: Barbaracle|Barbaracle, M, shiny|158\/285
|-damage|p1a: Barbaracle|123\/285|[from] Spikes
|move|p2a: Chandelure|Substitute|p2a: Chandelure
|-start|p2a: Chandelure|Substitute
|-damage|p2a: Chandelure|145\/289
|
|turn|19
|
|move|p1a: Barbaracle|Earthquake|p2a: Chandelure
|-supereffective|p2a: Chandelure
|-end|p2a: Chandelure|Substitute
|move|p2a: Chandelure|Shadow Ball|p1a: Barbaracle
|-damage|p1a: Barbaracle|0 fnt
|-damage|p2a: Chandelure|117\/289|[from] item: Life Orb
|faint|p1a: Barbaracle
|
|
|switch|p1a: Jirachi|Jirachi|257\/341
|-damage|p1a: Jirachi|215\/341|[from] Spikes
|turn|20
|
|move|p1a: Jirachi|Zen Headbutt|p2a: Chandelure
|-damage|p2a: Chandelure|0 fnt
|faint|p2a: Chandelure
|
|
|switch|p2a: Celebi|Celebi|404\/404
|-damage|p2a: Celebi|354\/404|[from] Stealth Rock
|turn|21
|
|switch|p1a: Celebi|Celebi|403\/403
|-damage|p1a: Celebi|353\/403|[from] Spikes
|move|p2a: Celebi|Stealth Rock|p1a: Celebi
|-sidestart|p1: ult rh156|move: Stealth Rock
|
|-heal|p2a: Celebi|379\/404|[from] item: Leftovers
|-heal|p1a: Celebi|378\/403|[from] item: Leftovers
|turn|22
|
|move|p1a: Celebi|Swords Dance|p1a: Celebi
|-boost|p1a: Celebi|atk|2
|move|p2a: Celebi|Perish Song|p2a: Celebi
|-fieldactivate|move: Perish Song
|
|-start|p1a: Celebi|perish3
|-start|p2a: Celebi|perish3
|-heal|p2a: Celebi|404\/404|[from] item: Leftovers
|-heal|p1a: Celebi|403\/403|[from] item: Leftovers
|turn|23
|
|switch|p1a: Gligar|Gligar, M, shiny|190\/333
|-damage|p1a: Gligar|149\/333|[from] Stealth Rock
|move|p2a: Celebi|Giga Drain|p1a: Gligar
|-damage|p1a: Gligar|95\/333
|
|-start|p2a: Celebi|perish2
|turn|24
|
|switch|p2a: Aerodactyl|Aerodactyl-Mega, M|184\/363
|-damage|p2a: Aerodactyl|94\/363|[from] Stealth Rock
|move|p1a: Gligar|Roost|p1a: Gligar
|-heal|p1a: Gligar|262\/333
|
|turn|25
|
|move|p2a: Aerodactyl|Roost|p2a: Aerodactyl
|-heal|p2a: Aerodactyl|276\/363
|move|p1a: Gligar|U-turn|p2a: Aerodactyl
|-damage|p2a: Aerodactyl|221\/363
|
|switch|p1a: Jirachi|Jirachi|215\/341
|-damage|p1a: Jirachi|173\/341|[from] Spikes
|-damage|p1a: Jirachi|152\/341|[from] Stealth Rock
|
|turn|26
|
|switch|p2a: Cobalion|Cobalion|323\/323
|-damage|p2a: Cobalion|313\/323|[from] Stealth Rock
|move|p1a: Jirachi|U-turn|p2a: Cobalion
|-resisted|p2a: Cobalion
|-damage|p2a: Cobalion|300\/323
|
|switch|p1a: Gligar|Gligar, M, shiny|262\/333
|-damage|p1a: Gligar|221\/333|[from] Stealth Rock
|
|-heal|p2a: Cobalion|320\/323|[from] item: Leftovers
|turn|27
|
|move|p2a: Cobalion|Substitute|p2a: Cobalion
|-start|p2a: Cobalion|Substitute
|-damage|p2a: Cobalion|240\/323
|move|p1a: Gligar|Roost|p1a: Gligar
|-heal|p1a: Gligar|333\/333
|
|-heal|p2a: Cobalion|260\/323|[from] item: Leftovers
|turn|28
|
|move|p2a: Cobalion|Iron Head|p1a: Gligar
|-damage|p1a: Gligar|261\/333
|move|p1a: Gligar|Earthquake|p2a: Cobalion
|-supereffective|p2a: Cobalion
|-end|p2a: Cobalion|Substitute
|
|-heal|p2a: Cobalion|280\/323|[from] item: Leftovers
|turn|29
|
|switch|p2a: Aerodactyl|Aerodactyl-Mega, M|221\/363
|-damage|p2a: Aerodactyl|131\/363|[from] Stealth Rock
|move|p1a: Gligar|Earthquake|p2a: Aerodactyl
|-immune|p2a: Aerodactyl|[msg]
|
|turn|30
|
|move|p2a: Aerodactyl|Aerial Ace|p1a: Gligar
|-damage|p1a: Gligar|168\/333
|move|p1a: Gligar|U-turn|p2a: Aerodactyl
|-resisted|p2a: Aerodactyl
|-damage|p2a: Aerodactyl|108\/363
|
|switch|p1a: Jirachi|Jirachi|152\/341
|-damage|p1a: Jirachi|131\/341|[from] Stealth Rock
|-damage|p1a: Jirachi|89\/341|[from] Spikes
|
|turn|31
|
|move|p1a: Jirachi|Iron Head|p2a: Aerodactyl
|-supereffective|p2a: Aerodactyl
|-damage|p2a: Aerodactyl|0 fnt
|faint|p2a: Aerodactyl
|
|
|switch|p2a: Cobalion|Cobalion|280\/323
|-damage|p2a: Cobalion|270\/323|[from] Stealth Rock
|turn|32
|
|switch|p1a: Sharpedo|Sharpedo, M, shiny|246\/281
|-damage|p1a: Sharpedo|211\/281|[from] Spikes
|-damage|p1a: Sharpedo|176\/281|[from] Stealth Rock
|move|p2a: Cobalion|Swords Dance|p2a: Cobalion
|-boost|p2a: Cobalion|atk|2
|
|-heal|p2a: Cobalion|290\/323|[from] item: Leftovers
|turn|33
|c|âult rh156|hmmmm
|
|move|p1a: Sharpedo|Protect|p1a: Sharpedo
|-singleturn|p1a: Sharpedo|Protect
|move|p2a: Cobalion|Close Combat|p1a: Sharpedo
|-activate|p1a: Sharpedo|Protect
|
|-heal|p2a: Cobalion|310\/323|[from] item: Leftovers
|-boost|p1a: Sharpedo|spe|1|[from] ability: Speed Boost
|turn|34
|
|move|p1a: Sharpedo|Destiny Bond|p1a: Sharpedo
|-singlemove|p1a: Sharpedo|Destiny Bond
|move|p2a: Cobalion|Iron Head|p1a: Sharpedo
|-resisted|p1a: Sharpedo
|-damage|p1a: Sharpedo|0 fnt
|faint|p1a: Sharpedo
|-activate|p1a: Sharpedo|Destiny Bond
|faint|p2a: Cobalion
|
|
|switch|p1a: Jirachi|Jirachi|89\/341
|switch|p2a: Celebi|Celebi|404\/404
|-damage|p1a: Jirachi|68\/341|[from] Stealth Rock
|-damage|p1a: Jirachi|26\/341|[from] Spikes
|-damage|p2a: Celebi|354\/404|[from] Stealth Rock
|turn|35
|
|move|p1a: Jirachi|Trick|p2a: Celebi
|-activate|p1a: Jirachi|move: Trick|[of] p2a: Celebi
|-item|p2a: Celebi|Choice Scarf|[from] move: Trick
|-item|p1a: Jirachi|Leftovers|[from] move: Trick
|move|p2a: Celebi|Giga Drain|p1a: Jirachi
|-resisted|p1a: Jirachi
|-damage|p1a: Jirachi|0 fnt
|-heal|p2a: Celebi|367\/404|[from] drain|[of] p1a: Jirachi
|faint|p1a: Jirachi
|
|
|switch|p1a: Celebi|Celebi|403\/403
|-damage|p1a: Celebi|353\/403|[from] Spikes
|-damage|p1a: Celebi|303\/403|[from] Stealth Rock
|turn|36
|c|âult rh156|G_G
|c|âult xmarth|gg
|
|move|p2a: Celebi|Giga Drain|p1a: Celebi
|-resisted|p1a: Celebi
|-damage|p1a: Celebi|262\/403
|-heal|p2a: Celebi|388\/404|[from] drain|[of] p1a: Celebi
|move|p1a: Celebi|Swords Dance|p1a: Celebi
|-boost|p1a: Celebi|atk|2
|
|-heal|p1a: Celebi|287\/403|[from] item: Leftovers
|turn|37
|
|move|p2a: Celebi|Giga Drain|p1a: Celebi
|-resisted|p1a: Celebi
|-damage|p1a: Celebi|239\/403
|-heal|p2a: Celebi|404\/404|[from] drain|[of] p1a: Celebi
|move|p1a: Celebi|Swords Dance|p1a: Celebi
|-boost|p1a: Celebi|atk|2
|
|-heal|p1a: Celebi|264\/403|[from] item: Leftovers
|turn|38
|
|move|p2a: Celebi|Giga Drain|p1a: Celebi
|-resisted|p1a: Celebi
|-damage|p1a: Celebi|222\/403
|move|p1a: Celebi|Seed Bomb|p2a: Celebi
|-resisted|p2a: Celebi
|-damage|p2a: Celebi|271\/404
|
|-heal|p1a: Celebi|247\/403|[from] item: Leftovers
|turn|39
|
|move|p2a: Celebi|Giga Drain|p1a: Celebi
|-resisted|p1a: Celebi
|-damage|p1a: Celebi|202\/403
|-heal|p2a: Celebi|294\/404|[from] drain|[of] p1a: Celebi
|move|p1a: Celebi|Seed Bomb|p2a: Celebi
|-crit|p2a: Celebi
|-resisted|p2a: Celebi
|-damage|p2a: Celebi|90\/404
|
|-heal|p1a: Celebi|227\/403|[from] item: Leftovers
|turn|40
|
|move|p2a: Celebi|Giga Drain|p1a: Celebi
|-crit|p1a: Celebi
|-resisted|p1a: Celebi
|-damage|p1a: Celebi|157\/403
|-heal|p2a: Celebi|125\/404|[from] drain|[of] p1a: Celebi
|move|p1a: Celebi|Seed Bomb|p2a: Celebi
|-resisted|p2a: Celebi
|-damage|p2a: Celebi|0 fnt
|faint|p2a: Celebi
|
|win|ult rh156
|raw|Ladder updating...
|raw|ult rh156's rating: 1553 &rarr; <strong>1578<\/strong><br \/>(+25 for winning)
|raw|ult xmarth's rating: 1650 &rarr; <strong>1625<\/strong><br \/>(-25 for losing)