|join|Tyty307
|join|ult rh156
|player|p1|Tyty307|266
|player|p2|ult rh156|80
|gametype|singles
|gen|6
|tier|UU
|rated
|rule|Sleep Clause Mod: Limit one foe put to sleep
|rule|Species Clause: Limit one of each PokÃ©mon
|rule|OHKO Clause: OHKO moves are banned
|rule|Moody Clause: Moody is banned
|rule|Evasion Moves Clause: Evasion moves are banned
|rule|Endless Battle Clause: Forcing endless battles is banned
|rule|HP Percentage Mod: HP is shown in percentages
|clearpoke
|poke|p1|Crobat, F
|poke|p1|Krookodile, M
|poke|p1|Blissey, F
|poke|p1|Medicham, M
|poke|p1|Magneton
|poke|p1|Chesnaught, F
|poke|p2|Sharpedo, M, shiny
|poke|p2|Infernape, M
|poke|p2|Barbaracle, M, shiny
|poke|p2|Jirachi
|poke|p2|Celebi
|poke|p2|Gligar, M, shiny
|rule|Swagger Clause: Swagger is banned
|rule|Baton Pass Clause: Limit one PokÃ©mon knowing Baton Pass
|teampreview
|
|start
|switch|p1a: No escape|Krookodile, M|331\/331
|switch|p2a: Gligar|Gligar, M, shiny|333\/333
|-ability|p1a: No escape|Intimidate|[of] p2a: Gligar
|-unboost|p2a: Gligar|atk|1
|turn|1
|join|foxxess
|
|switch|p1a: Captain Falcon|Medicham, M|261\/261
|move|p2a: Gligar|Roost|p2a: Gligar
|-fail|p2a: Gligar
|
|turn|2
|
|switch|p2a: Jirachi|Jirachi|341\/341
|detailschange|p1a: Captain Falcon|Medicham-Mega, M
|-mega|p1a: Captain Falcon|Medicham|Medichamite
|move|p1a: Captain Falcon|Zen Headbutt|p2a: Jirachi
|-resisted|p2a: Jirachi
|-damage|p2a: Jirachi|284\/341
|
|turn|3
|
|switch|p1a: It's a Trap|Magneton|241\/241
|move|p2a: Jirachi|U-turn|p1a: It's a Trap
|-resisted|p1a: It's a Trap
|-damage|p1a: It's a Trap|206\/241
|
|switch|p2a: Gligar|Gligar, M, shiny|333\/333
|
|turn|4
|join|Eyan
|
|switch|p1a: Bitch Bat|Crobat, F|335\/335
|move|p2a: Gligar|Stealth Rock|p1a: Bitch Bat
|-sidestart|p1: Tyty307|move: Stealth Rock
|
|turn|5
|
|move|p1a: Bitch Bat|Defog|p2a: Gligar
|-unboost|p2a: Gligar|evasion|1
|-sideend|p1: Tyty307|Stealth Rock|[from] move: Defog|[of] p1a: Bitch Bat
|move|p2a: Gligar|U-turn|p1a: Bitch Bat
|-resisted|p1a: Bitch Bat
|-damage|p1a: Bitch Bat|323\/335
|join|ULT Bob
|join|hxhxhxhxhxhxhx
|
|switch|p2a: Jirachi|Jirachi|284\/341
|
|-heal|p1a: Bitch Bat|335\/335|[from] item: Black Sludge
|turn|6
|join|Snowballin
|
|move|p2a: Jirachi|U-turn|p1a: Bitch Bat
|-resisted|p1a: Bitch Bat
|-damage|p1a: Bitch Bat|315\/335
|
|switch|p2a: Gligar|Gligar, M, shiny|333\/333
|move|p1a: Bitch Bat|U-turn|p2a: Gligar
|-resisted|p2a: Gligar
|-damage|p2a: Gligar|311\/333
|
|switch|p1a: No escape|Krookodile, M|331\/331
|-ability|p1a: No escape|Intimidate|[of] p2a: Gligar
|-unboost|p2a: Gligar|atk|1
|
|turn|7
|
|move|p1a: No escape|Knock Off|p2a: Gligar
|-damage|p2a: Gligar|161\/333
|-enditem|p2a: Gligar|Eviolite|[from] move: Knock Off|[of] p1a: No escape
|move|p2a: Gligar|Stealth Rock|p1a: No escape
|-sidestart|p1: Tyty307|move: Stealth Rock
|
|turn|8
|
|move|p1a: No escape|Knock Off|p2a: Gligar
|-damage|p2a: Gligar|19\/333
|move|p2a: Gligar|U-turn|p1a: No escape
|-supereffective|p1a: No escape
|-damage|p1a: No escape|259\/331
|
|switch|p2a: Infernape|Infernape, M|293\/293
|
|turn|9
|
|switch|p1a: La Roux|Chesnaught, F|379\/379
|-damage|p1a: La Roux|356\/379|[from] Stealth Rock
|move|p2a: Infernape|Fire Blast|p1a: La Roux
|-supereffective|p1a: La Roux
|-damage|p1a: La Roux|0 fnt
|-damage|p2a: Infernape|264\/293|[from] item: Life Orb
|faint|p1a: La Roux
|
|
|switch|p1a: Bitch Bat|Crobat, F|315\/335
|-damage|p1a: Bitch Bat|232\/335|[from] Stealth Rock
|turn|10
|c| foxxess|nice prediction
|c|âult rh156|it was the only viable move tbh
|
|switch|p2a: Gligar|Gligar, M, shiny|19\/333
|move|p1a: Bitch Bat|Defog|p2a: Gligar
|-unboost|p2a: Gligar|evasion|1
|-sideend|p1: Tyty307|Stealth Rock|[from] move: Defog|[of] p1a: Bitch Bat
|
|-heal|p1a: Bitch Bat|252\/335|[from] item: Black Sludge
|turn|11
|c| hxhxhxhxhxhxhx|yeah lol
|
|move|p1a: Bitch Bat|Brave Bird|p2a: Gligar
|-damage|p2a: Gligar|0 fnt
|-damage|p1a: Bitch Bat|246\/335|[from] recoil|[of] p2a: Gligar
|faint|p2a: Gligar
|
|-heal|p1a: Bitch Bat|266\/335|[from] item: Black Sludge
|c| hxhxhxhxhxhxhx|cant call that a nice prediction especially the fact that his opponent lacks a fire resist
|
|switch|p2a: Jirachi|Jirachi|284\/341
|turn|12
|
|switch|p1a: It's a Trap|Magneton|206\/241
|move|p2a: Jirachi|Zen Headbutt|p1a: It's a Trap
|-resisted|p1a: It's a Trap
|-damage|p1a: It's a Trap|144\/241
|
|turn|13
|
|move|p2a: Jirachi|Zen Headbutt|p1a: It's a Trap
|-resisted|p1a: It's a Trap
|-damage|p1a: It's a Trap|81\/241
|cant|p1a: It's a Trap|flinch
|
|turn|14
|
|move|p2a: Jirachi|Zen Headbutt|p1a: It's a Trap
|-resisted|p1a: It's a Trap
|-damage|p1a: It's a Trap|16\/241
|cant|p1a: It's a Trap|flinch
|
|turn|15
|
|switch|p1a: No escape|Krookodile, M|259\/331
|-ability|p1a: No escape|Intimidate|[of] p2a: Jirachi
|-unboost|p2a: Jirachi|atk|1
|move|p2a: Jirachi|Zen Headbutt|p1a: No escape
|-immune|p1a: No escape|[msg]
|
|turn|16
|c| Snowballin|pursuit where
|c| Snowballin|lel
|
|move|p2a: Jirachi|Zen Headbutt|p1a: No escape
|-immune|p1a: No escape|[msg]
|move|p1a: No escape|Pursuit|p2a: Jirachi
|-crit|p2a: Jirachi
|-supereffective|p2a: Jirachi
|-damage|p2a: Jirachi|8\/341
|
|turn|17
|
|move|p2a: Jirachi|Zen Headbutt|p1a: No escape
|-immune|p1a: No escape|[msg]
|move|p1a: No escape|Pursuit|p2a: Jirachi
|-supereffective|p2a: Jirachi
|-damage|p2a: Jirachi|0 fnt
|faint|p2a: Jirachi
|
|
|switch|p2a: Barbaracle|Barbaracle, M, shiny|285\/285
|turn|18
|
|switch|p1a: Peach|Blissey, F|714\/714
|move|p2a: Barbaracle|Shell Smash|p2a: Barbaracle
|-boost|p2a: Barbaracle|atk|2
|-boost|p2a: Barbaracle|spa|2
|-boost|p2a: Barbaracle|spe|2
|-unboost|p2a: Barbaracle|def|1
|-unboost|p2a: Barbaracle|spd|1
|
|turn|19
|
|move|p2a: Barbaracle|X-Scissor|p1a: Peach
|-damage|p1a: Peach|289\/714
|move|p1a: Peach|Thunder Wave|p2a: Barbaracle
|-status|p2a: Barbaracle|par
|-enditem|p2a: Barbaracle|Lum Berry|[eat]
|-curestatus|p2a: Barbaracle|par
|
|-heal|p1a: Peach|333\/714|[from] item: Leftovers
|turn|20
|c|âTyty307|ow fuck
|c| foxxess|lel
|c|âTyty307|rip
|c| Snowballin|BARBARA DON'T FUCK ROUND
|
|switch|p1a: No escape|Krookodile, M|259\/331
|-ability|p1a: No escape|Intimidate|[of] p2a: Barbaracle
|-unboost|p2a: Barbaracle|atk|1
|move|p2a: Barbaracle|X-Scissor|p1a: No escape
|-supereffective|p1a: No escape
|-damage|p1a: No escape|0 fnt
|faint|p1a: No escape
|
|
|switch|p1a: Peach|Blissey, F|333\/714
|turn|21
|
|move|p2a: Barbaracle|Razor Shell|p1a: Peach
|-damage|p1a: Peach|0 fnt
|faint|p1a: Peach
|
|
|switch|p1a: Captain Falcon|Medicham-Mega, M|261\/261
|turn|22
|
|move|p1a: Captain Falcon|Fake Out|p2a: Barbaracle
|-crit|p2a: Barbaracle
|-resisted|p2a: Barbaracle
|-damage|p2a: Barbaracle|214\/285
|cant|p2a: Barbaracle|flinch
|
|turn|23
|
|move|p2a: Barbaracle|Razor Shell|p1a: Captain Falcon
|-damage|p1a: Captain Falcon|0 fnt
|faint|p1a: Captain Falcon
|
|c|âult rh156|A- rank y\/n?
|c|âTyty307|gg
|c|âult rh156|gg
|-message|Tyty307 forfeited.
|
|win|ult rh156
|raw|Ladder updating...
|leave|Tyty307
|player|p1
|raw|Tyty307's rating: 1584 &rarr; <strong>1563<\/strong><br \/>(-21 for losing)
|raw|ult rh156's rating: 1572 &rarr; <strong>1593<\/strong><br \/>(+21 for winning)