|join|ult rh156
|join|tudiqupo
|player|p1|ult rh156|280
|player|p2|tudiqupo|117
|gametype|singles
|gen|6
|tier|UU
|rated
|rule|Sleep Clause Mod: Limit one foe put to sleep
|rule|Species Clause: Limit one of each PokÃ©mon
|rule|OHKO Clause: OHKO moves are banned
|rule|Moody Clause: Moody is banned
|rule|Evasion Moves Clause: Evasion moves are banned
|rule|Endless Battle Clause: Forcing endless battles is banned
|rule|HP Percentage Mod: HP is shown in percentages
|clearpoke
|poke|p1|Hydreigon, F, shiny
|poke|p1|Medicham, F
|poke|p1|Crobat, F
|poke|p1|Jirachi
|poke|p1|Seismitoad, M
|poke|p1|Florges, F
|poke|p2|Haxorus, F
|poke|p2|Chandelure, F
|poke|p2|Diancie
|poke|p2|Porygon2
|poke|p2|Slowking, M
|poke|p2|Machamp, M
|rule|Swagger Clause: Swagger is banned
|rule|Baton Pass Clause: Limit one PokÃ©mon knowing Baton Pass
|teampreview
|
|start
|switch|p1a: Medicham|Medicham, F|261\/261
|switch|p2a: Diancie|Diancie|303\/303
|turn|1
|
|detailschange|p1a: Medicham|Medicham-Mega, F
|-mega|p1a: Medicham|Medicham|Medichamite
|move|p1a: Medicham|Substitute|p1a: Medicham
|-start|p1a: Medicham|Substitute
|-damage|p1a: Medicham|196\/261
|move|p2a: Diancie|Stealth Rock|p1a: Medicham
|-sidestart|p1: ult rh156|move: Stealth Rock
|
|turn|2
|
|move|p1a: Medicham|Zen Headbutt|p2a: Diancie
|-damage|p2a: Diancie|114\/303
|move|p2a: Diancie|Trick Room|p2a: Diancie
|-fieldstart|move: Trick Room|[of] p2a: Diancie
|
|turn|3
|
|move|p2a: Diancie|Moonblast|p1a: Medicham
|-supereffective|p1a: Medicham
|-end|p1a: Medicham|Substitute
|-damage|p2a: Diancie|84\/303|[from] item: Life Orb
|move|p1a: Medicham|Zen Headbutt|p2a: Diancie
|-damage|p2a: Diancie|0 fnt
|faint|p2a: Diancie
|
|
|switch|p2a: Chandelure|Chandelure, F|324\/324
|turn|4
|
|switch|p1a: Hydreigon|Hydreigon, F, shiny|325\/325
|-damage|p1a: Hydreigon|285\/325|[from] Stealth Rock
|move|p2a: Chandelure|Overheat|p1a: Hydreigon
|-resisted|p1a: Hydreigon
|-damage|p1a: Hydreigon|69\/325
|-unboost|p2a: Chandelure|spa|2
|
|turn|5
|
|switch|p1a: Seismitoad|Seismitoad, M|411\/411
|-damage|p1a: Seismitoad|386\/411|[from] Stealth Rock
|move|p2a: Chandelure|Overheat|p1a: Seismitoad
|-crit|p1a: Seismitoad
|-resisted|p1a: Seismitoad
|-damage|p1a: Seismitoad|0 fnt
|-unboost|p2a: Chandelure|spa|2
|faint|p1a: Seismitoad
|
|
|switch|p1a: Medicham|Medicham-Mega, F|196\/261
|-damage|p1a: Medicham|180\/261|[from] Stealth Rock
|turn|6
|c|âtudiqupo|ups :D
|join|watfor
|
|move|p2a: Chandelure|Overheat|p1a: Medicham
|-crit|p1a: Medicham
|-damage|p1a: Medicham|0 fnt
|-unboost|p2a: Chandelure|spa|2
|faint|p1a: Medicham
|
|-fieldend|move: Trick Room
|leave|watfor
|c|âtudiqupo|ups x3
|
|switch|p1a: Jirachi|Jirachi|404\/404
|-damage|p1a: Jirachi|379\/404|[from] Stealth Rock
|turn|7
|
|switch|p2a: Slowking|Slowking, M|393\/393
|move|p1a: Jirachi|Calm Mind|p1a: Jirachi
|-boost|p1a: Jirachi|spa|1
|-boost|p1a: Jirachi|spd|1
|
|-heal|p1a: Jirachi|404\/404|[from] item: Leftovers
|turn|8
|
|move|p1a: Jirachi|Substitute|p1a: Jirachi
|-start|p1a: Jirachi|Substitute
|-damage|p1a: Jirachi|303\/404
|move|p2a: Slowking|Nasty Plot|p2a: Slowking
|-boost|p2a: Slowking|spa|2
|
|-heal|p1a: Jirachi|328\/404|[from] item: Leftovers
|turn|9
|
|move|p1a: Jirachi|Calm Mind|p1a: Jirachi
|-boost|p1a: Jirachi|spa|1
|-boost|p1a: Jirachi|spd|1
|move|p2a: Slowking|Nasty Plot|p2a: Slowking
|-boost|p2a: Slowking|spa|2
|
|-heal|p1a: Jirachi|353\/404|[from] item: Leftovers
|turn|10
|
|move|p1a: Jirachi|Shadow Ball|p2a: Slowking
|-supereffective|p2a: Slowking
|-damage|p2a: Slowking|143\/393
|move|p2a: Slowking|Trick Room|p2a: Slowking
|-fieldstart|move: Trick Room|[of] p2a: Slowking
|
|-heal|p1a: Jirachi|378\/404|[from] item: Leftovers
|turn|11
|
|move|p2a: Slowking|Surf|p1a: Jirachi
|-end|p1a: Jirachi|Substitute
|-damage|p2a: Slowking|104\/393|[from] item: Life Orb
|move|p1a: Jirachi|Substitute|p1a: Jirachi
|-start|p1a: Jirachi|Substitute
|-damage|p1a: Jirachi|277\/404
|
|-heal|p1a: Jirachi|302\/404|[from] item: Leftovers
|turn|12
|
|move|p2a: Slowking|Surf|p1a: Jirachi
|-end|p1a: Jirachi|Substitute
|-damage|p2a: Slowking|65\/393|[from] item: Life Orb
|move|p1a: Jirachi|Substitute|p1a: Jirachi
|-start|p1a: Jirachi|Substitute
|-damage|p1a: Jirachi|201\/404
|
|-heal|p1a: Jirachi|226\/404|[from] item: Leftovers
|turn|13
|
|move|p2a: Slowking|Surf|p1a: Jirachi
|-end|p1a: Jirachi|Substitute
|-damage|p2a: Slowking|26\/393|[from] item: Life Orb
|move|p1a: Jirachi|Substitute|p1a: Jirachi
|-start|p1a: Jirachi|Substitute
|-damage|p1a: Jirachi|125\/404
|
|-heal|p1a: Jirachi|150\/404|[from] item: Leftovers
|turn|14
|
|move|p2a: Slowking|Surf|p1a: Jirachi
|-crit|p1a: Jirachi
|-end|p1a: Jirachi|Substitute
|-damage|p2a: Slowking|0 fnt|[from] item: Life Orb
|faint|p2a: Slowking
|move|p1a: Jirachi|Substitute|p1a: Jirachi
|-start|p1a: Jirachi|Substitute
|-damage|p1a: Jirachi|49\/404
|
|-heal|p1a: Jirachi|74\/404|[from] item: Leftovers
|-fieldend|move: Trick Room
|
|switch|p2a: Haxorus|Haxorus, F|294\/294
|-ability|p2a: Haxorus|Mold Breaker
|turn|15
|
|move|p2a: Haxorus|Earthquake|p1a: Jirachi
|-supereffective|p1a: Jirachi
|-end|p1a: Jirachi|Substitute
|move|p1a: Jirachi|Psyshock|p2a: Haxorus
|-damage|p2a: Haxorus|77\/294
|
|-heal|p1a: Jirachi|99\/404|[from] item: Leftovers
|turn|16
|
|switch|p2a: Porygon2|Porygon2|374\/374
|-boost|p2a: Porygon2|atk|1|[from] ability: Download
|move|p1a: Jirachi|Psyshock|p2a: Porygon2
|-damage|p2a: Porygon2|242\/374
|
|-heal|p1a: Jirachi|124\/404|[from] item: Leftovers
|turn|17
|
|move|p1a: Jirachi|Substitute|p1a: Jirachi
|-start|p1a: Jirachi|Substitute
|-damage|p1a: Jirachi|23\/404
|move|p2a: Porygon2|Trick Room|p2a: Porygon2
|-fieldstart|move: Trick Room|[of] p2a: Porygon2
|
|-heal|p1a: Jirachi|48\/404|[from] item: Leftovers
|turn|18
|
|move|p2a: Porygon2|Thunderbolt|p1a: Jirachi
|-crit|p1a: Jirachi
|-end|p1a: Jirachi|Substitute
|move|p1a: Jirachi|Psyshock|p2a: Porygon2
|-damage|p2a: Porygon2|100\/374
|
|-heal|p1a: Jirachi|73\/404|[from] item: Leftovers
|turn|19
|c|âult rh156|ah this is getting annoying
|
|move|p2a: Porygon2|Thunderbolt|p1a: Jirachi
|-damage|p1a: Jirachi|21\/404
|-status|p1a: Jirachi|par
|cant|p1a: Jirachi|par
|
|-heal|p1a: Jirachi|46\/404 par|[from] item: Leftovers
|turn|20
|
|move|p1a: Jirachi|Psyshock|p2a: Porygon2
|-damage|p2a: Porygon2|0 fnt
|faint|p2a: Porygon2
|
|-heal|p1a: Jirachi|71\/404 par|[from] item: Leftovers
|c|âtudiqupo|it's bad for me
|c|âtudiqupo|i lose one turn of tr for nothnigs
|c|âult rh156|im going to get fully paralyzed next turn
|
|switch|p2a: Machamp|Machamp, M|383\/383
|turn|21
|
|cant|p1a: Jirachi|par
|move|p2a: Machamp|Dynamic Punch|p1a: Jirachi
|-damage|p1a: Jirachi|0 fnt
|faint|p1a: Jirachi
|
|-fieldend|move: Trick Room
|
|switch|p1a: Crobat|Crobat, F|373\/373
|-damage|p1a: Crobat|280\/373|[from] Stealth Rock
|turn|22
|
|switch|p2a: Chandelure|Chandelure, F|324\/324
|move|p1a: Crobat|Acrobatics|p2a: Chandelure
|-damage|p2a: Chandelure|191\/324
|
|turn|23
|
|move|p1a: Crobat|Acrobatics|p2a: Chandelure
|-damage|p2a: Chandelure|41\/324
|move|p2a: Chandelure|Flamethrower|p1a: Crobat
|-damage|p1a: Crobat|0 fnt
|faint|p1a: Crobat
|
|
|switch|p1a: Hydreigon|Hydreigon, F, shiny|69\/325
|-damage|p1a: Hydreigon|29\/325|[from] Stealth Rock
|turn|24
|
|move|p1a: Hydreigon|Draco Meteor|p2a: Chandelure
|-damage|p2a: Chandelure|0 fnt
|-unboost|p1a: Hydreigon|spa|2
|faint|p2a: Chandelure
|
|
|switch|p2a: Machamp|Machamp, M|383\/383
|turn|25
|
|move|p2a: Machamp|Bullet Punch|p1a: Hydreigon
|-damage|p1a: Hydreigon|0 fnt
|faint|p1a: Hydreigon
|
|
|switch|p1a: Florges|Florges, F|360\/360
|-damage|p1a: Florges|315\/360|[from] Stealth Rock
|turn|26
|
|move|p1a: Florges|Wish|p1a: Florges
|move|p2a: Machamp|Poison Jab|p1a: Florges
|-supereffective|p1a: Florges
|-damage|p1a: Florges|105\/360
|-status|p1a: Florges|psn
|
|-heal|p1a: Florges|127\/360 psn|[from] item: Leftovers
|-damage|p1a: Florges|82\/360 psn|[from] psn
|turn|27
|c|âtudiqupo|haxx day
|
|move|p1a: Florges|Moonblast|p2a: Machamp
|-supereffective|p2a: Machamp
|-damage|p2a: Machamp|189\/383
|move|p2a: Machamp|Poison Jab|p1a: Florges
|-supereffective|p1a: Florges
|-damage|p1a: Florges|0 fnt
|faint|p1a: Florges
|
|win|tudiqupo
|raw|Ladder updating...
|raw|ult rh156's rating: 1425 &rarr; <strong>1401<\/strong><br \/>(-24 for losing)
|raw|tudiqupo's rating: 1353 &rarr; <strong>1378<\/strong><br \/>(+25 for winning)
|leave|ult rh156
|c|âtudiqupo|gg
|player|p1
|join|ult rh156