|join|ult rh156
|join|ULT Celsius
|player|p1|ult rh156|280
|player|p2|ULT Celsius|294
|gametype|singles
|gen|6
|tier|UU
|rated
|rule|Sleep Clause Mod: Limit one foe put to sleep
|rule|Species Clause: Limit one of each PokÃ©mon
|rule|OHKO Clause: OHKO moves are banned
|rule|Moody Clause: Moody is banned
|rule|Evasion Moves Clause: Evasion moves are banned
|rule|Endless Battle Clause: Forcing endless battles is banned
|rule|HP Percentage Mod: HP is shown in percentages
|clearpoke
|poke|p1|Hydreigon, F, shiny
|poke|p1|Medicham, F
|poke|p1|Crobat, M
|poke|p1|Jirachi
|poke|p1|Seismitoad, M
|poke|p1|Florges, F
|poke|p2|Camerupt, M
|poke|p2|Diancie
|poke|p2|Chesnaught, M
|poke|p2|Honchkrow, F
|poke|p2|Snorlax, M
|poke|p2|Slowking, F
|rule|Swagger Clause: Swagger is banned
|rule|Baton Pass Clause: Limit one PokÃ©mon knowing Baton Pass
|teampreview
|join|boom bye yeah
|join|safasdfa
|join|ITS IGGY IGGS
ULT Celsius turned on modjoin.
|raw|<div class="broadcast-red"><b>Moderated chat was set to +!<\/b><br \/>Only users of rank + and higher can talk.<\/div>
ULT Celsius made this room hidden.
|leave|safasdfa
|
|start
|switch|p1a: Medicham|Medicham, F|261\/261
|switch|p2a: Diancie|Diancie|304\/304
|turn|1
|
|detailschange|p1a: Medicham|Medicham-Mega, F
|-mega|p1a: Medicham|Medicham|Medichamite
|move|p1a: Medicham|High Jump Kick|p2a: Diancie
|-damage|p2a: Diancie|24\/304
|move|p2a: Diancie|Trick Room|p2a: Diancie
|-fieldstart|move: Trick Room|[of] p2a: Diancie
|
|-heal|p2a: Diancie|43\/304|[from] item: Leftovers
|turn|2
|
|switch|p1a: Seismitoad|Seismitoad, M|411\/411
|move|p2a: Diancie|Moonblast|p1a: Seismitoad
|-damage|p1a: Seismitoad|210\/411
|
|-heal|p2a: Diancie|62\/304|[from] item: Leftovers
|-heal|p1a: Seismitoad|235\/411|[from] item: Leftovers
|turn|3
|c|âult rh156|(misclick)
|c|âULT Celsius|:d
|
|switch|p1a: Jirachi|Jirachi|404\/404
|move|p2a: Diancie|Stealth Rock|p1a: Jirachi
|-sidestart|p1: ult rh156|move: Stealth Rock
|
|-heal|p2a: Diancie|81\/304|[from] item: Leftovers
|turn|4
|
|switch|p2a: Camerupt|Camerupt, M|343\/343
|move|p1a: Jirachi|Substitute|p1a: Jirachi
|-start|p1a: Jirachi|Substitute
|-damage|p1a: Jirachi|303\/404
|
|-heal|p1a: Jirachi|328\/404|[from] item: Leftovers
|turn|5
|
|detailschange|p2a: Camerupt|Camerupt-Mega, M
|-mega|p2a: Camerupt|Camerupt|Cameruptite
|move|p2a: Camerupt|Earth Power|p1a: Jirachi
|-supereffective|p1a: Jirachi
|-end|p1a: Jirachi|Substitute
|move|p1a: Jirachi|Psyshock|p2a: Camerupt
|-damage|p2a: Camerupt|256\/343
|
|-heal|p1a: Jirachi|353\/404|[from] item: Leftovers
|-fieldend|move: Trick Room
|turn|6
|
|switch|p1a: Hydreigon|Hydreigon, F, shiny|325\/325
|-damage|p1a: Hydreigon|285\/325|[from] Stealth Rock
|move|p2a: Camerupt|Hidden Power|p1a: Hydreigon
|-supereffective|p1a: Hydreigon
|-damage|p1a: Hydreigon|105\/325
|
|turn|7
|
|switch|p2a: Diancie|Diancie|81\/304
|move|p1a: Hydreigon|U-turn|p2a: Diancie
|-resisted|p2a: Diancie
|-damage|p2a: Diancie|64\/304
|
|switch|p1a: Seismitoad|Seismitoad, M|235\/411
|-damage|p1a: Seismitoad|210\/411|[from] Stealth Rock
|
|-heal|p1a: Seismitoad|235\/411|[from] item: Leftovers
|-heal|p2a: Diancie|83\/304|[from] item: Leftovers
|turn|8
|
|switch|p2a: Chesnaught|Chesnaught, M|380\/380
|move|p1a: Seismitoad|Stealth Rock|p2a: Chesnaught
|-sidestart|p2: ULT Celsius|move: Stealth Rock
|
|-heal|p1a: Seismitoad|260\/411|[from] item: Leftovers
|turn|9
|
|switch|p1a: Crobat|Crobat, M|373\/373
|-damage|p1a: Crobat|280\/373|[from] Stealth Rock
|move|p2a: Chesnaught|Leech Seed|p1a: Crobat
|-start|p1a: Crobat|move: Leech Seed
|
|-damage|p1a: Crobat|234\/373|[from] Leech Seed|[of] p2a: Chesnaught
|turn|10
|
|switch|p2a: Diancie|Diancie|83\/304
|-damage|p2a: Diancie|45\/304|[from] Stealth Rock
|move|p1a: Crobat|Roost|p1a: Crobat
|-heal|p1a: Crobat|373\/373
|
|-heal|p2a: Diancie|64\/304|[from] item: Leftovers
|-damage|p1a: Crobat|327\/373|[from] Leech Seed|[of] p2a: Diancie
|-heal|p2a: Diancie|110\/304|[silent]
|turn|11
|
|move|p1a: Crobat|U-turn|p2a: Diancie
|-resisted|p2a: Diancie
|-damage|p2a: Diancie|92\/304
|
|switch|p1a: Jirachi|Jirachi|353\/404
|-damage|p1a: Jirachi|328\/404|[from] Stealth Rock
|move|p2a: Diancie|Trick Room|p2a: Diancie
|-fieldstart|move: Trick Room|[of] p2a: Diancie
|
|-heal|p2a: Diancie|111\/304|[from] item: Leftovers
|-heal|p1a: Jirachi|353\/404|[from] item: Leftovers
|turn|12
|
|switch|p2a: Camerupt|Camerupt-Mega, M|256\/343
|-damage|p2a: Camerupt|214\/343|[from] Stealth Rock
|move|p1a: Jirachi|Psyshock|p2a: Camerupt
|-damage|p2a: Camerupt|118\/343
|
|-heal|p1a: Jirachi|378\/404|[from] item: Leftovers
|turn|13
|
|switch|p1a: Hydreigon|Hydreigon, F, shiny|105\/325
|-damage|p1a: Hydreigon|65\/325|[from] Stealth Rock
|move|p2a: Camerupt|Fire Blast|p1a: Hydreigon
|-resisted|p1a: Hydreigon
|-damage|p1a: Hydreigon|0 fnt
|faint|p1a: Hydreigon
|
|
|switch|p1a: Florges|Florges, F|360\/360
|-damage|p1a: Florges|315\/360|[from] Stealth Rock
|turn|14
|
|move|p1a: Florges|Protect|p1a: Florges
|-singleturn|p1a: Florges|Protect
|move|p2a: Camerupt|Earthquake|p1a: Florges
|-activate|p1a: Florges|Protect
|
|-heal|p1a: Florges|337\/360|[from] item: Leftovers
|turn|15
|
|move|p2a: Camerupt|Earthquake|p1a: Florges
|-damage|p1a: Florges|186\/360
|move|p1a: Florges|Wish|p1a: Florges
|
|-heal|p1a: Florges|208\/360|[from] item: Leftovers
|-fieldend|move: Trick Room
|turn|16
|
|switch|p2a: Snorlax|Snorlax, M|497\/497
|-damage|p2a: Snorlax|435\/497|[from] Stealth Rock
|move|p1a: Florges|Moonblast|p2a: Snorlax
|-damage|p2a: Snorlax|350\/497
|-unboost|p2a: Snorlax|spa|1
|
|-heal|p1a: Florges|360\/360|[from] move: Wish|[wisher] Florges
|-heal|p2a: Snorlax|381\/497|[from] item: Leftovers
|turn|17
|
|switch|p1a: Seismitoad|Seismitoad, M|260\/411
|-damage|p1a: Seismitoad|235\/411|[from] Stealth Rock
|move|p2a: Snorlax|Body Slam|p1a: Seismitoad
|-damage|p1a: Seismitoad|150\/411
|-status|p1a: Seismitoad|par
|
|-heal|p2a: Snorlax|412\/497|[from] item: Leftovers
|-heal|p1a: Seismitoad|175\/411 par|[from] item: Leftovers
|turn|18
|
|switch|p2a: Chesnaught|Chesnaught, M|380\/380
|-damage|p2a: Chesnaught|357\/380|[from] Stealth Rock
|move|p1a: Seismitoad|Knock Off|p2a: Chesnaught
|-resisted|p2a: Chesnaught
|-damage|p2a: Chesnaught|327\/380
|-enditem|p2a: Chesnaught|Leftovers|[from] move: Knock Off|[of] p1a: Seismitoad
|
|-heal|p1a: Seismitoad|200\/411 par|[from] item: Leftovers
|turn|19
|
|switch|p1a: Crobat|Crobat, M|327\/373
|-damage|p1a: Crobat|234\/373|[from] Stealth Rock
|move|p2a: Chesnaught|Leech Seed|p1a: Crobat
|-start|p1a: Crobat|move: Leech Seed
|
|-damage|p1a: Crobat|188\/373|[from] Leech Seed|[of] p2a: Chesnaught
|-heal|p2a: Chesnaught|373\/380|[silent]
|turn|20
|
|switch|p2a: Slowking|Slowking, F|393\/393
|-damage|p2a: Slowking|344\/393|[from] Stealth Rock
|move|p1a: Crobat|Roost|p1a: Crobat
|-heal|p1a: Crobat|373\/373
|
|-heal|p2a: Slowking|368\/393|[from] item: Leftovers
|-damage|p1a: Crobat|327\/373|[from] Leech Seed|[of] p2a: Slowking
|-heal|p2a: Slowking|393\/393|[silent]
|turn|21
|
|move|p1a: Crobat|U-turn|p2a: Slowking
|-crit|p2a: Slowking
|-supereffective|p2a: Slowking
|-damage|p2a: Slowking|209\/393
|
|switch|p1a: Seismitoad|Seismitoad, M|200\/411 par
|-damage|p1a: Seismitoad|175\/411 par|[from] Stealth Rock
|move|p2a: Slowking|Trick Room|p2a: Slowking
|-fieldstart|move: Trick Room|[of] p2a: Slowking
|
|-heal|p1a: Seismitoad|200\/411 par|[from] item: Leftovers
|-heal|p2a: Slowking|233\/393|[from] item: Leftovers
|turn|22
|
|move|p1a: Seismitoad|Knock Off|p2a: Slowking
|-supereffective|p2a: Slowking
|-damage|p2a: Slowking|47\/393
|-enditem|p2a: Slowking|Leftovers|[from] move: Knock Off|[of] p1a: Seismitoad
|move|p2a: Slowking|Nasty Plot|p2a: Slowking
|-boost|p2a: Slowking|spa|2
|
|-heal|p1a: Seismitoad|225\/411 par|[from] item: Leftovers
|turn|23
|
|switch|p2a: Chesnaught|Chesnaught, M|373\/380
|-damage|p2a: Chesnaught|350\/380|[from] Stealth Rock
|move|p1a: Seismitoad|Scald|p2a: Chesnaught
|-resisted|p2a: Chesnaught
|-damage|p2a: Chesnaught|311\/380
|
|-heal|p1a: Seismitoad|250\/411 par|[from] item: Leftovers
|turn|24
|
|switch|p1a: Crobat|Crobat, M|327\/373
|-damage|p1a: Crobat|234\/373|[from] Stealth Rock
|move|p2a: Chesnaught|Leech Seed|p1a: Crobat|[miss]
|-miss|p2a: Chesnaught|p1a: Crobat
|
|turn|25
|
|move|p2a: Chesnaught|Leech Seed|p1a: Crobat
|-start|p1a: Crobat|move: Leech Seed
|move|p1a: Crobat|Acrobatics|p2a: Chesnaught
|-supereffective|p2a: Chesnaught
|-damage|p2a: Chesnaught|0 fnt
|faint|p2a: Chesnaught
|
|-fieldend|move: Trick Room
|
|switch|p2a: Diancie|Diancie|111\/304
|-damage|p2a: Diancie|73\/304|[from] Stealth Rock
|turn|26
|
|move|p1a: Crobat|U-turn|p2a: Diancie
|-resisted|p2a: Diancie
|-damage|p2a: Diancie|54\/304
|
|switch|p1a: Jirachi|Jirachi|378\/404
|-damage|p1a: Jirachi|353\/404|[from] Stealth Rock
|move|p2a: Diancie|Trick Room|p2a: Diancie
|-fieldstart|move: Trick Room|[of] p2a: Diancie
|
|-heal|p2a: Diancie|73\/304|[from] item: Leftovers
|-heal|p1a: Jirachi|378\/404|[from] item: Leftovers
|turn|27
|
|switch|p2a: Honchkrow|Honchkrow, F|341\/341
|-damage|p2a: Honchkrow|256\/341|[from] Stealth Rock
|move|p1a: Jirachi|Substitute|p1a: Jirachi
|-start|p1a: Jirachi|Substitute
|-damage|p1a: Jirachi|277\/404
|
|-heal|p1a: Jirachi|302\/404|[from] item: Leftovers
|turn|28
|
|move|p2a: Honchkrow|Pursuit|p1a: Jirachi
|-supereffective|p1a: Jirachi
|-end|p1a: Jirachi|Substitute
|-damage|p2a: Honchkrow|222\/341|[from] item: Life Orb
|move|p1a: Jirachi|Shadow Ball|p2a: Honchkrow
|-resisted|p2a: Honchkrow
|-damage|p2a: Honchkrow|168\/341
|
|-heal|p1a: Jirachi|327\/404|[from] item: Leftovers
|turn|29
|
|move|p2a: Honchkrow|Pursuit|p1a: Jirachi
|-supereffective|p1a: Jirachi
|-damage|p1a: Jirachi|122\/404
|-damage|p2a: Honchkrow|134\/341|[from] item: Life Orb
|move|p1a: Jirachi|Shadow Ball|p2a: Honchkrow
|-resisted|p2a: Honchkrow
|-damage|p2a: Honchkrow|80\/341
|
|-heal|p1a: Jirachi|147\/404|[from] item: Leftovers
|turn|30
|
|move|p2a: Honchkrow|Pursuit|p1a: Jirachi
|-supereffective|p1a: Jirachi
|-damage|p1a: Jirachi|0 fnt
|-damage|p2a: Honchkrow|46\/341|[from] item: Life Orb
|faint|p1a: Jirachi
|
|-fieldend|move: Trick Room
|
|switch|p1a: Medicham|Medicham-Mega, F|261\/261
|-damage|p1a: Medicham|245\/261|[from] Stealth Rock
|turn|31
|
|move|p1a: Medicham|Fake Out|p2a: Honchkrow
|-damage|p2a: Honchkrow|0 fnt
|faint|p2a: Honchkrow
|
|
|switch|p2a: Slowking|Slowking, F|178\/393
|-damage|p2a: Slowking|129\/393|[from] Stealth Rock
|turn|32
|
|switch|p2a: Diancie|Diancie|73\/304
|-damage|p2a: Diancie|35\/304|[from] Stealth Rock
|move|p1a: Medicham|High Jump Kick|p2a: Diancie
|-damage|p2a: Diancie|0 fnt
|faint|p2a: Diancie
|
|
|switch|p2a: Slowking|Slowking, F|260\/393
|-damage|p2a: Slowking|211\/393|[from] Stealth Rock
|turn|33
|
|move|p1a: Medicham|High Jump Kick|p2a: Slowking
|-resisted|p2a: Slowking
|-damage|p2a: Slowking|0 fnt
|faint|p2a: Slowking
|
|c|âULT Celsius|lol
|c|âULT Celsius|gg
|c|âult rh156|gg
|-message|ULT Celsius forfeited.
|
|win|ult rh156
|raw|Ladder updating...
|leave|ULT Celsius
|player|p2
|raw|ult rh156's rating: 1462 &rarr; <strong>1482<\/strong><br \/>(+20 for winning)
|raw|ULT Celsius's rating: 1453 &rarr; <strong>1433<\/strong><br \/>(-20 for losing)