|join|ult lowgock
|join|ult rh156
|player|p1|ult lowgock|2
|player|p2|ult rh156|14
|gametype|singles
|gen|6
|tier|UU
|rated
|rule|Sleep Clause Mod: Limit one foe put to sleep
|rule|Species Clause: Limit one of each PokÃ©mon
|rule|OHKO Clause: OHKO moves are banned
|rule|Moody Clause: Moody is banned
|rule|Evasion Moves Clause: Evasion moves are banned
|rule|Endless Battle Clause: Forcing endless battles is banned
|rule|HP Percentage Mod: HP is shown in percentages
|clearpoke
|poke|p1|Slurpuff, F
|poke|p1|Kingdra, M
|poke|p1|Aerodactyl, M
|poke|p1|Nidoqueen, F
|poke|p1|Cobalion
|poke|p1|Honchkrow, M
|poke|p2|Infernape, M
|poke|p2|Absol, F
|poke|p2|Jirachi
|poke|p2|Barbaracle, M, shiny
|poke|p2|Celebi
|poke|p2|Gligar, M
|rule|Swagger Clause: Swagger is banned
|rule|Baton Pass Clause: Limit one PokÃ©mon knowing Baton Pass
|teampreview
|c|âult rh156|i need to change this team
|c|âult rh156|.-.
|
|start
|switch|p1a: Nidoqueen|Nidoqueen, F|345\/345
|switch|p2a: Jirachi|Jirachi|341\/341
|turn|1
|
|move|p2a: Jirachi|Zen Headbutt|p1a: Nidoqueen
|-supereffective|p1a: Nidoqueen
|-damage|p1a: Nidoqueen|79\/345
|move|p1a: Nidoqueen|Stealth Rock|p2a: Jirachi
|-sidestart|p2: ult rh156|move: Stealth Rock
|
|turn|2
|
|switch|p2a: Gligar|Gligar, M|333\/333
|-damage|p2a: Gligar|292\/333|[from] Stealth Rock
|move|p1a: Nidoqueen|Sludge Wave|p2a: Gligar
|-resisted|p2a: Gligar
|-damage|p2a: Gligar|224\/333
|
|turn|3
|
|switch|p2a: Infernape|Infernape, M|293\/293
|-damage|p2a: Infernape|257\/293|[from] Stealth Rock
|move|p1a: Nidoqueen|Ice Beam|p2a: Infernape
|-resisted|p2a: Infernape
|-damage|p2a: Infernape|167\/293
|
|turn|4
|
|move|p2a: Infernape|Close Combat|p1a: Nidoqueen
|-resisted|p1a: Nidoqueen
|-damage|p1a: Nidoqueen|0 fnt
|-unboost|p2a: Infernape|def|1
|-unboost|p2a: Infernape|spd|1
|-damage|p2a: Infernape|138\/293|[from] item: Life Orb
|faint|p1a: Nidoqueen
|
|
|switch|p1a: Aerodactyl|Aerodactyl, M|301\/301
|turn|5
|
|switch|p2a: Jirachi|Jirachi|341\/341
|-damage|p2a: Jirachi|320\/341|[from] Stealth Rock
|detailschange|p1a: Aerodactyl|Aerodactyl-Mega, M
|-mega|p1a: Aerodactyl|Aerodactyl|Aerodactylite
|move|p1a: Aerodactyl|Aerial Ace|p2a: Jirachi
|-resisted|p2a: Jirachi
|-damage|p2a: Jirachi|245\/341
|
|turn|6
|
|switch|p1a: Cobalion|Cobalion|323\/323
|move|p2a: Jirachi|U-turn|p1a: Cobalion
|-resisted|p1a: Cobalion
|-damage|p1a: Cobalion|310\/323
|
|switch|p2a: Gligar|Gligar, M|224\/333
|-damage|p2a: Gligar|183\/333|[from] Stealth Rock
|
|turn|7
|
|move|p1a: Cobalion|Swords Dance|p1a: Cobalion
|-boost|p1a: Cobalion|atk|2
|move|p2a: Gligar|Stealth Rock|p1a: Cobalion
|-sidestart|p1: ult lowgock|move: Stealth Rock
|
|turn|8
|
|move|p1a: Cobalion|Iron Head|p2a: Gligar
|-damage|p2a: Gligar|41\/333
|move|p2a: Gligar|Earthquake|p1a: Cobalion
|-supereffective|p1a: Cobalion
|-damage|p1a: Cobalion|170\/323
|
|turn|9
|
|move|p1a: Cobalion|Iron Head|p2a: Gligar
|-damage|p2a: Gligar|0 fnt
|faint|p2a: Gligar
|
|
|switch|p2a: Infernape|Infernape, M|138\/293
|-damage|p2a: Infernape|102\/293|[from] Stealth Rock
|turn|10
|
|move|p2a: Infernape|Vacuum Wave|p1a: Cobalion
|-supereffective|p1a: Cobalion
|-damage|p1a: Cobalion|0 fnt
|-damage|p2a: Infernape|73\/293|[from] item: Life Orb
|faint|p1a: Cobalion
|
|
|switch|p1a: Aerodactyl|Aerodactyl-Mega, M|301\/301
|-damage|p1a: Aerodactyl|226\/301|[from] Stealth Rock
|turn|11
|
|move|p2a: Infernape|Vacuum Wave|p1a: Aerodactyl
|-damage|p1a: Aerodactyl|135\/301
|-damage|p2a: Infernape|44\/293|[from] item: Life Orb
|move|p1a: Aerodactyl|Aerial Ace|p2a: Infernape
|-supereffective|p2a: Infernape
|-damage|p2a: Infernape|0 fnt
|faint|p2a: Infernape
|
|
|switch|p2a: Jirachi|Jirachi|245\/341
|-damage|p2a: Jirachi|224\/341|[from] Stealth Rock
|turn|12
|
|switch|p1a: Kingdra|Kingdra, M|301\/301
|-damage|p1a: Kingdra|264\/301|[from] Stealth Rock
|move|p2a: Jirachi|Iron Head|p1a: Kingdra
|-resisted|p1a: Kingdra
|-damage|p1a: Kingdra|199\/301
|
|turn|13
|
|switch|p1a: Honchkrow|Honchkrow, M|341\/341
|-damage|p1a: Honchkrow|256\/341|[from] Stealth Rock
|move|p2a: Jirachi|Iron Head|p1a: Honchkrow
|-damage|p1a: Honchkrow|57\/341
|
|turn|14
|
|switch|p2a: Absol|Absol, F|271\/271
|-damage|p2a: Absol|238\/271|[from] Stealth Rock
|move|p1a: Honchkrow|Sucker Punch|p2a: Absol
|-fail|p2a: Absol
|
|turn|15
|
|detailschange|p2a: Absol|Absol-Mega, F
|-mega|p2a: Absol|Absol|Absolite
|move|p2a: Absol|Sucker Punch|p1a: Honchkrow
|-resisted|p1a: Honchkrow
|-damage|p1a: Honchkrow|0 fnt
|faint|p1a: Honchkrow
|
|
|switch|p1a: Slurpuff|Slurpuff, F|316\/316
|-damage|p1a: Slurpuff|277\/316|[from] Stealth Rock
|turn|16
|
|move|p2a: Absol|Play Rough|p1a: Slurpuff
|-damage|p1a: Slurpuff|134\/316
|-enditem|p1a: Slurpuff|Sitrus Berry|[eat]
|-heal|p1a: Slurpuff|213\/316|[from] item: Sitrus Berry
|move|p1a: Slurpuff|Play Rough|p2a: Absol|[miss]
|-miss|p1a: Slurpuff|p2a: Absol
|
|turn|17
|c|âult lowgock|wait lol
|c|âult rh156|what
|c|âult lowgock|why not knock off
|c|âult rh156|idk
|c|âult rh156|u get the unburden boost
|c|âult rh156|not?
|c|âult lowgock|yeah but no belly drum
|c|âult lowgock|or not
|c|âult rh156|ah
|c|âult rh156|yes
|
|move|p1a: Slurpuff|Play Rough|p2a: Absol
|-supereffective|p2a: Absol
|-damage|p2a: Absol|0 fnt
|faint|p2a: Absol
|
|c|âult rh156|but that was a 50\/50
|c|âult rh156|not a guaranteed knock off
|c|âult rh156|o_O
|
|switch|p2a: Celebi|Celebi|401\/401
|-damage|p2a: Celebi|351\/401|[from] Stealth Rock
|turn|18
|
|move|p1a: Slurpuff|Belly Drum|p1a: Slurpuff
|-damage|p1a: Slurpuff|55\/316
|-setboost|p1a: Slurpuff|atk|6|[from] move: Belly Drum
|move|p2a: Celebi|Seed Bomb|p1a: Slurpuff
|-damage|p1a: Slurpuff|0 fnt
|faint|p1a: Slurpuff
|
|-heal|p2a: Celebi|376\/401|[from] item: Leftovers
|
|switch|p1a: Aerodactyl|Aerodactyl-Mega, M|135\/301
|-damage|p1a: Aerodactyl|60\/301|[from] Stealth Rock
|turn|19
|
|move|p1a: Aerodactyl|Aerial Ace|p2a: Celebi
|-supereffective|p2a: Celebi
|-damage|p2a: Celebi|164\/401
|move|p2a: Celebi|Seed Bomb|p1a: Aerodactyl
|-damage|p1a: Aerodactyl|0 fnt
|faint|p1a: Aerodactyl
|
|-heal|p2a: Celebi|189\/401|[from] item: Leftovers
|
|switch|p1a: Kingdra|Kingdra, M|199\/301
|-damage|p1a: Kingdra|162\/301|[from] Stealth Rock
|turn|20
|
|move|p1a: Kingdra|Dragon Dance|p1a: Kingdra
|-boost|p1a: Kingdra|atk|1
|-boost|p1a: Kingdra|spe|1
|move|p2a: Celebi|Seed Bomb|p1a: Kingdra
|-damage|p1a: Kingdra|66\/301
|
|-heal|p2a: Celebi|214\/401|[from] item: Leftovers
|turn|21
|c|âult rh156|G_G
|
|move|p1a: Kingdra|Outrage|p2a: Celebi
|-damage|p2a: Celebi|40\/401
|move|p2a: Celebi|Seed Bomb|p1a: Kingdra
|-damage|p1a: Kingdra|0 fnt
|faint|p1a: Kingdra
|
|win|ult rh156
|raw|Ladder updating...
|raw|ult lowgock's rating: 1721 &rarr; <strong>1692<\/strong><br \/>(-29 for losing)
|raw|ult rh156's rating: 1550 &rarr; <strong>1579<\/strong><br \/>(+29 for winning)