|join|ULT Skysoki
|join|ult rh156
|player|p1|ULT Skysoki|239
|player|p2|ult rh156|280
|gametype|singles
|gen|6
|tier|UU
|rated
|rule|Sleep Clause Mod: Limit one foe put to sleep
|rule|Species Clause: Limit one of each PokÃ©mon
|rule|OHKO Clause: OHKO moves are banned
|rule|Moody Clause: Moody is banned
|rule|Evasion Moves Clause: Evasion moves are banned
|rule|Endless Battle Clause: Forcing endless battles is banned
|rule|HP Percentage Mod: HP is shown in percentages
|clearpoke
|poke|p1|Pidgeot, M
|poke|p1|Jirachi
|poke|p1|Hydreigon, M
|poke|p1|Toxicroak, M
|poke|p1|Entei, shiny
|poke|p1|Donphan, M
|poke|p2|Hydreigon, F, shiny
|poke|p2|Medicham, F
|poke|p2|Crobat, M
|poke|p2|Jirachi
|poke|p2|Seismitoad, F
|poke|p2|Florges, F
|rule|Swagger Clause: Swagger is banned
|rule|Baton Pass Clause: Limit one PokÃ©mon knowing Baton Pass
|teampreview
|
|start
|switch|p1a: Wettin s|Hydreigon, M|325\/325
|switch|p2a: Medicham|Medicham, F|261\/261
|turn|1
|
|detailschange|p2a: Medicham|Medicham-Mega, F
|-mega|p2a: Medicham|Medicham|Medichamite
|move|p2a: Medicham|Fake Out|p1a: Wettin s
|-damage|p1a: Wettin s|224\/325
|cant|p1a: Wettin s|flinch
|
|turn|2
|
|move|p1a: Wettin s|U-turn|p2a: Medicham
|-damage|p2a: Medicham|194\/261
|
|switch|p1a: Donphan|Donphan, M|322\/322
|move|p2a: Medicham|High Jump Kick|p1a: Donphan
|-damage|p1a: Donphan|31\/322
|
|-heal|p1a: Donphan|51\/322|[from] item: Leftovers
|turn|3
|
|move|p1a: Donphan|Ice Shard|p2a: Medicham
|-damage|p2a: Medicham|145\/261
|move|p2a: Medicham|Zen Headbutt|p1a: Donphan
|-damage|p1a: Donphan|0 fnt
|faint|p1a: Donphan
|
|
|switch|p1a: Mega bidoof|Pidgeot, M|307\/307
|turn|4
|
|switch|p2a: Jirachi|Jirachi|404\/404
|detailschange|p1a: Mega bidoof|Pidgeot-Mega, M
|-mega|p1a: Mega bidoof|Pidgeot|Pidgeotite
|move|p1a: Mega bidoof|Hurricane|p2a: Jirachi
|-resisted|p2a: Jirachi
|-damage|p2a: Jirachi|302\/404
|-start|p2a: Jirachi|confusion
|
|-heal|p2a: Jirachi|327\/404|[from] item: Leftovers
|turn|5
|
|switch|p1a: Entei|Entei, shiny|371\/371
|-ability|p1a: Entei|Pressure
|switch|p2a: Florges|Florges, F|360\/360
|
|turn|6
|
|switch|p2a: Seismitoad|Seismitoad, F|411\/411
|move|p1a: Entei|Sacred Fire|p2a: Seismitoad
|-resisted|p2a: Seismitoad
|-damage|p2a: Seismitoad|303\/411
|-status|p2a: Seismitoad|brn
|
|-heal|p2a: Seismitoad|328\/411 brn|[from] item: Leftovers
|-damage|p2a: Seismitoad|277\/411 brn|[from] brn
|turn|7
|
|switch|p1a: Mega bidoof|Pidgeot-Mega, M|307\/307
|move|p2a: Seismitoad|Stealth Rock|p1a: Mega bidoof
|-sidestart|p1: ULT Skysoki|move: Stealth Rock
|
|-heal|p2a: Seismitoad|302\/411 brn|[from] item: Leftovers
|-damage|p2a: Seismitoad|251\/411 brn|[from] brn
|turn|8
|
|switch|p2a: Jirachi|Jirachi|327\/404
|move|p1a: Mega bidoof|Hidden Power|p2a: Jirachi
|-resisted|p2a: Jirachi
|-damage|p2a: Jirachi|289\/404
|
|-heal|p2a: Jirachi|314\/404|[from] item: Leftovers
|turn|9
|
|move|p1a: Mega bidoof|Heat Wave|p2a: Jirachi
|-supereffective|p2a: Jirachi
|-damage|p2a: Jirachi|90\/404
|-status|p2a: Jirachi|brn
|move|p2a: Jirachi|Psyshock|p1a: Mega bidoof
|-damage|p1a: Mega bidoof|195\/307
|
|-heal|p2a: Jirachi|115\/404 brn|[from] item: Leftovers
|-damage|p2a: Jirachi|65\/404 brn|[from] brn
|turn|10
|
|move|p1a: Mega bidoof|Hurricane|p2a: Jirachi
|-resisted|p2a: Jirachi
|-damage|p2a: Jirachi|0 fnt
|faint|p2a: Jirachi
|
|
|switch|p2a: Hydreigon|Hydreigon, F, shiny|325\/325
|turn|11
|
|switch|p1a: Jivrix|Jirachi|404\/404
|-damage|p1a: Jivrix|379\/404|[from] Stealth Rock
|move|p2a: Hydreigon|Dark Pulse|p1a: Jivrix
|-supereffective|p1a: Jivrix
|-damage|p1a: Jivrix|131\/404
|
|-heal|p1a: Jivrix|156\/404|[from] item: Leftovers
|turn|12
|
|switch|p1a: Toxicroak|Toxicroak, M|307\/307
|-damage|p1a: Toxicroak|288\/307|[from] Stealth Rock
|move|p2a: Hydreigon|Dark Pulse|p1a: Toxicroak
|-resisted|p1a: Toxicroak
|-damage|p1a: Toxicroak|193\/307
|
|-heal|p1a: Toxicroak|212\/307|[from] item: Black Sludge
|turn|13
|
|switch|p2a: Crobat|Crobat, M|373\/373
|switch|p1a: Wettin s|Hydreigon, M|224\/325
|-damage|p1a: Wettin s|184\/325|[from] Stealth Rock
|
|turn|14
|
|switch|p2a: Florges|Florges, F|360\/360
|move|p1a: Wettin s|U-turn|p2a: Florges
|-resisted|p2a: Florges
|-damage|p2a: Florges|328\/360
|
|switch|p1a: Entei|Entei, shiny|371\/371
|-damage|p1a: Entei|279\/371|[from] Stealth Rock
|-ability|p1a: Entei|Pressure
|
|-heal|p2a: Florges|350\/360|[from] item: Leftovers
|turn|15
|
|switch|p2a: Seismitoad|Seismitoad, F|251\/411 brn
|move|p1a: Entei|Sacred Fire|p2a: Seismitoad
|-resisted|p2a: Seismitoad
|-damage|p2a: Seismitoad|138\/411 brn
|
|-heal|p2a: Seismitoad|163\/411 brn|[from] item: Leftovers
|-damage|p2a: Seismitoad|112\/411 brn|[from] brn
|turn|16
|
|switch|p1a: Toxicroak|Toxicroak, M|212\/307
|-damage|p1a: Toxicroak|193\/307|[from] Stealth Rock
|move|p2a: Seismitoad|Knock Off|p1a: Toxicroak
|-resisted|p1a: Toxicroak
|-damage|p1a: Toxicroak|164\/307
|-enditem|p1a: Toxicroak|Black Sludge|[from] move: Knock Off|[of] p2a: Seismitoad
|
|-heal|p2a: Seismitoad|137\/411 brn|[from] item: Leftovers
|-damage|p2a: Seismitoad|86\/411 brn|[from] brn
|turn|17
|
|switch|p2a: Crobat|Crobat, M|373\/373
|move|p1a: Toxicroak|Drain Punch|p2a: Crobat
|-resisted|p2a: Crobat
|-damage|p2a: Crobat|340\/373
|-heal|p1a: Toxicroak|181\/307|[from] drain|[of] p2a: Crobat
|
|turn|18
|
|switch|p1a: Jivrix|Jirachi|156\/404
|-damage|p1a: Jivrix|131\/404|[from] Stealth Rock
|move|p2a: Crobat|Acrobatics|p1a: Jivrix
|-crit|p1a: Jivrix
|-resisted|p1a: Jivrix
|-damage|p1a: Jivrix|50\/404
|
|-heal|p1a: Jivrix|75\/404|[from] item: Leftovers
|turn|19
|
|move|p2a: Crobat|U-turn|p1a: Jivrix
|-damage|p1a: Jivrix|34\/404
|
|switch|p2a: Hydreigon|Hydreigon, F, shiny|325\/325
|move|p1a: Jivrix|Psyshock|p2a: Hydreigon
|-immune|p2a: Hydreigon|[msg]
|
|-heal|p1a: Jivrix|59\/404|[from] item: Leftovers
|turn|20
|
|move|p2a: Hydreigon|Dark Pulse|p1a: Jivrix
|-supereffective|p1a: Jivrix
|-damage|p1a: Jivrix|0 fnt
|faint|p1a: Jivrix
|
|
|switch|p1a: Wettin s|Hydreigon, M|184\/325
|-damage|p1a: Wettin s|144\/325|[from] Stealth Rock
|turn|21
|
|switch|p2a: Seismitoad|Seismitoad, F|86\/411 brn
|move|p1a: Wettin s|U-turn|p2a: Seismitoad
|-damage|p2a: Seismitoad|33\/411 brn
|
|switch|p1a: Mega bidoof|Pidgeot-Mega, M|195\/307
|-damage|p1a: Mega bidoof|119\/307|[from] Stealth Rock
|
|-heal|p2a: Seismitoad|58\/411 brn|[from] item: Leftovers
|-damage|p2a: Seismitoad|7\/411 brn|[from] brn
|turn|22
|
|move|p1a: Mega bidoof|Hurricane|p2a: Seismitoad
|-damage|p2a: Seismitoad|0 fnt
|faint|p2a: Seismitoad
|
|
|switch|p2a: Crobat|Crobat, M|340\/373
|turn|23
|
|move|p2a: Crobat|Acrobatics|p1a: Mega bidoof
|-damage|p1a: Mega bidoof|0 fnt
|faint|p1a: Mega bidoof
|
|
|switch|p1a: Wettin s|Hydreigon, M|144\/325
|-damage|p1a: Wettin s|104\/325|[from] Stealth Rock
|turn|24
|
|move|p1a: Wettin s|U-turn|p2a: Crobat
|-resisted|p2a: Crobat
|-damage|p2a: Crobat|324\/373
|
|switch|p1a: Toxicroak|Toxicroak, M|181\/307
|-damage|p1a: Toxicroak|162\/307|[from] Stealth Rock
|move|p2a: Crobat|Roost|p2a: Crobat
|-heal|p2a: Crobat|373\/373
|
|turn|25
|
|move|p2a: Crobat|Acrobatics|p1a: Toxicroak
|-crit|p1a: Toxicroak
|-supereffective|p1a: Toxicroak
|-damage|p1a: Toxicroak|0 fnt
|faint|p1a: Toxicroak
|
|
|switch|p1a: Entei|Entei, shiny|279\/371
|-damage|p1a: Entei|187\/371|[from] Stealth Rock
|-ability|p1a: Entei|Pressure
|turn|26
|
|move|p2a: Crobat|Acrobatics|p1a: Entei
|-damage|p1a: Entei|49\/371
|move|p1a: Entei|Sacred Fire|p2a: Crobat
|-damage|p2a: Crobat|31\/373
|-status|p2a: Crobat|brn
|
|-damage|p2a: Crobat|0 fnt|[from] brn
|faint|p2a: Crobat
|
|switch|p2a: Medicham|Medicham-Mega, F|145\/261
|turn|27
|
|move|p2a: Medicham|Fake Out|p1a: Entei
|-damage|p1a: Entei|0 fnt
|faint|p1a: Entei
|
|
|switch|p1a: Wettin s|Hydreigon, M|104\/325
|-damage|p1a: Wettin s|64\/325|[from] Stealth Rock
|turn|28
|
|move|p1a: Wettin s|Draco Meteor|p2a: Medicham
|-damage|p2a: Medicham|0 fnt
|-unboost|p1a: Wettin s|spa|2
|faint|p2a: Medicham
|
|join|snowballin
|
|switch|p2a: Hydreigon|Hydreigon, F, shiny|325\/325
|turn|29
|join|ITS IGGY IGGS
|
|move|p2a: Hydreigon|U-turn|p1a: Wettin s
|-supereffective|p1a: Wettin s
|-damage|p1a: Wettin s|0 fnt
|faint|p1a: Wettin s
|
|win|ult rh156
|raw|Ladder updating...
|leave|ult rh156
|player|p2
|raw|ULT Skysoki's rating: 1479 &rarr; <strong>1460<\/strong><br \/>(-19 for losing)
|raw|ult rh156's rating: 1482 &rarr; <strong>1502<\/strong><br \/>(+20 for winning)