|join|CharlesVGCtest
|join|Lay Rewis
|player|p1|CharlesVGCtest|169
|player|p2|Lay Rewis|176
|gametype|singles
|gen|6
|tier|UU
|rated
|rule|Sleep Clause Mod: Limit one foe put to sleep
|rule|Species Clause: Limit one of each PokÃ©mon
|rule|OHKO Clause: OHKO moves are banned
|rule|Moody Clause: Moody is banned
|rule|Evasion Moves Clause: Evasion moves are banned
|rule|Endless Battle Clause: Forcing endless battles is banned
|rule|HP Percentage Mod: HP is shown in percentages
|clearpoke
|poke|p1|Porygon2
|poke|p1|Chesnaught, M
|poke|p1|Blastoise, M
|poke|p1|Porygon-Z
|poke|p1|Victini, shiny
|poke|p1|Aggron, M
|poke|p2|Metagross, shiny
|poke|p2|Quagsire, M
|poke|p2|Trevenant, F
|poke|p2|Porygon-Z
|poke|p2|Haxorus, M, shiny
|poke|p2|Houndoom, F
|rule|Swagger Clause: Swagger is banned
|rule|Baton Pass Clause: Limit one PokÃ©mon knowing Baton Pass
|teampreview
|
|start
|switch|p1a: Epin Cannon Turtle|Blastoise, M|358\/358
|switch|p2a: Porygon-Z|Porygon-Z|312\/312
|turn|1
|
|detailschange|p1a: Epin Cannon Turtle|Blastoise-Mega, M
|message|Blastoise has Mega Evolved into Mega Blastoise!
|move|p2a: Porygon-Z|Thunderbolt|p1a: Epin Cannon Turtle
|-supereffective|p1a: Epin Cannon Turtle
|-damage|p1a: Epin Cannon Turtle|160\/358
|move|p1a: Epin Cannon Turtle|Hydro Pump|p2a: Porygon-Z
|-crit|p2a: Porygon-Z
|-damage|p2a: Porygon-Z|0 fnt
|faint|p2a: Porygon-Z
|
|
|switch|p2a: Haxorus|Haxorus, M, shiny|302\/302
|-ability|p2a: Haxorus|Mold Breaker
|turn|2
|
|move|p2a: Haxorus|Dragon Dance|p2a: Haxorus
|-boost|p2a: Haxorus|atk|1
|-boost|p2a: Haxorus|spe|1
|move|p1a: Epin Cannon Turtle|Dark Pulse|p2a: Haxorus
|-damage|p2a: Haxorus|97\/302
|
|turn|3
|
|move|p2a: Haxorus|Earthquake|p1a: Epin Cannon Turtle
|-damage|p1a: Epin Cannon Turtle|0 fnt
|-damage|p2a: Haxorus|67\/302|[from] item: Life Orb
|faint|p1a: Epin Cannon Turtle
|
|
|switch|p1a: Gen2|Porygon2|374\/374
|-ability|p1a: Gen2|Mold Breaker|[from] ability: Trace|[of] p2a: Haxorus
|-ability|p1a: Gen2|Mold Breaker
|turn|4
|
|move|p2a: Haxorus|Dragon Claw|p1a: Gen2
|-damage|p1a: Gen2|210\/374
|-damage|p2a: Haxorus|37\/302|[from] item: Life Orb
|move|p1a: Gen2|Ice Beam|p2a: Haxorus
|-supereffective|p2a: Haxorus
|-damage|p2a: Haxorus|0 fnt
|faint|p2a: Haxorus
|
|
|switch|p2a: Trevenant|Trevenant, F|374\/374
|turn|5
|
|move|p1a: Gen2|Thunder Wave|p2a: Trevenant
|-status|p2a: Trevenant|par
|cant|p2a: Trevenant|par
|
|turn|6
|
|move|p1a: Gen2|Ice Beam|p2a: Trevenant
|-supereffective|p2a: Trevenant
|-damage|p2a: Trevenant|262\/374 par
|cant|p2a: Trevenant|par
|
|turn|7
|
|switch|p1a: Gentoo 3.0|Porygon-Z|311\/311
|cant|p2a: Trevenant|par
|
|turn|8
|
|move|p1a: Gentoo 3.0|Dark Pulse|p2a: Trevenant
|-supereffective|p2a: Trevenant
|-damage|p2a: Trevenant|6\/374 par
|-enditem|p2a: Trevenant|Sitrus Berry|[eat]
|-heal|p2a: Trevenant|99\/374 par|[from] item: Sitrus Berry
|move|p2a: Trevenant|Leech Seed|p1a: Gentoo 3.0
|-start|p1a: Gentoo 3.0|move: Leech Seed
|
|-damage|p1a: Gentoo 3.0|273\/311|[from] Leech Seed|[of] p2a: Trevenant
|-heal|p2a: Trevenant|137\/374 par|[silent]
|-item|p2a: Trevenant|Sitrus Berry|[from] ability: Harvest
|-enditem|p2a: Trevenant|Sitrus Berry|[eat]
|-heal|p2a: Trevenant|230\/374 par|[from] item: Sitrus Berry
|turn|9
|
|move|p1a: Gentoo 3.0|Dark Pulse|p2a: Trevenant
|-supereffective|p2a: Trevenant
|-damage|p2a: Trevenant|8\/374 par
|cant|p2a: Trevenant|par
|
|-damage|p1a: Gentoo 3.0|235\/311|[from] Leech Seed|[of] p2a: Trevenant
|-heal|p2a: Trevenant|46\/374 par|[silent]
|turn|10
|
|move|p1a: Gentoo 3.0|Dark Pulse|p2a: Trevenant
|-supereffective|p2a: Trevenant
|-damage|p2a: Trevenant|0 fnt
|faint|p2a: Trevenant
|
|
|switch|p2a: Quagsire|Quagsire, M|394\/394
|turn|11
|
|switch|p1a: Gen2|Porygon2|210\/374
|-ability|p1a: Gen2|Unaware|[from] ability: Trace|[of] p2a: Quagsire
|move|p2a: Quagsire|Toxic|p1a: Gen2
|-status|p1a: Gen2|tox
|
|-damage|p1a: Gen2|187\/374 tox|[from] psn
|turn|12
|
|switch|p2a: Houndoom|Houndoom, F|291\/291
|move|p1a: Gen2|Ice Beam|p2a: Houndoom
|-resisted|p2a: Houndoom
|-damage|p2a: Houndoom|249\/291
|
|-heal|p2a: Houndoom|267\/291|[from] item: Leftovers
|-damage|p1a: Gen2|141\/374 tox|[from] psn
|turn|13
|
|move|p2a: Houndoom|Substitute|p2a: Houndoom
|-start|p2a: Houndoom|Substitute
|-damage|p2a: Houndoom|195\/291
|move|p1a: Gen2|Thunder Wave|p2a: Houndoom
|
|-heal|p2a: Houndoom|213\/291|[from] item: Leftovers
|-damage|p1a: Gen2|72\/374 tox|[from] psn
|turn|14
|
|move|p2a: Houndoom|Nasty Plot|p2a: Houndoom
|-boost|p2a: Houndoom|spa|2
|move|p1a: Gen2|Thunderbolt|p2a: Houndoom
|-end|p2a: Houndoom|Substitute
|
|-heal|p2a: Houndoom|231\/291|[from] item: Leftovers
|-damage|p1a: Gen2|0 fnt|[from] psn
|faint|p1a: Gen2
|
|switch|p1a: Aggron|Aggron, M|281\/281
|turn|15
|
|move|p2a: Houndoom|Flamethrower|p1a: Aggron
|-activate|p1a: Aggron|Sturdy
|-damage|p1a: Aggron|1\/281
|move|p1a: Aggron|Autotomize|p1a: Aggron
|-boost|p1a: Aggron|spe|2
|-start|p1a: Aggron|Autotomize
|
|-heal|p2a: Houndoom|249\/291|[from] item: Leftovers
|turn|16
|
|move|p1a: Aggron|Rock Slide|p2a: Houndoom
|-miss|p1a: Aggron|p2a: Houndoom
|move|p2a: Houndoom|Flamethrower|p1a: Aggron
|-damage|p1a: Aggron|0 fnt
|faint|p1a: Aggron
|
|-heal|p2a: Houndoom|267\/291|[from] item: Leftovers
|
|switch|p1a: Peace nigga|Victini, shiny|341\/341
|turn|17
|
|move|p1a: Peace nigga|Brick Break|p2a: Houndoom
|-supereffective|p2a: Houndoom
|-damage|p2a: Houndoom|0 fnt
|faint|p2a: Houndoom
|
|
|switch|p2a: Quagsire|Quagsire, M|394\/394
|turn|18
|
|move|p1a: Peace nigga|Brick Break|p2a: Quagsire
|-damage|p2a: Quagsire|302\/394
|move|p2a: Quagsire|Toxic|p1a: Peace nigga
|-status|p1a: Peace nigga|tox
|
|-heal|p2a: Quagsire|326\/394|[from] item: Leftovers
|-damage|p1a: Peace nigga|320\/341 tox|[from] psn
|turn|19
|
|switch|p1a: Kekkler|Chesnaught, M|380\/380
|move|p2a: Quagsire|Toxic|p1a: Kekkler
|-status|p1a: Kekkler|tox
|
|-heal|p2a: Quagsire|350\/394|[from] item: Leftovers
|-damage|p1a: Kekkler|357\/380 tox|[from] psn
|turn|20
|
|switch|p2a: Metagross|Metagross, shiny|354\/354
|move|p1a: Kekkler|Leech Seed|p2a: Metagross
|-start|p2a: Metagross|move: Leech Seed
|
|-heal|p1a: Kekkler|380\/380 tox|[from] item: Leftovers
|-damage|p2a: Metagross|310\/354|[from] Leech Seed|[of] p1a: Kekkler
|-damage|p1a: Kekkler|334\/380 tox|[from] psn
|turn|21
|
|move|p2a: Metagross|Zen Headbutt|p1a: Kekkler
|-supereffective|p1a: Kekkler
|-damage|p1a: Kekkler|148\/380 tox
|move|p1a: Kekkler|Hammer Arm|p2a: Metagross
|-damage|p2a: Metagross|216\/354
|-unboost|p1a: Kekkler|spe|1
|
|-heal|p2a: Metagross|238\/354|[from] item: Leftovers
|-heal|p1a: Kekkler|171\/380 tox|[from] item: Leftovers
|-damage|p2a: Metagross|194\/354|[from] Leech Seed|[of] p1a: Kekkler
|-heal|p1a: Kekkler|215\/380 tox|[silent]
|-damage|p1a: Kekkler|146\/380 tox|[from] psn
|turn|22
|
|move|p2a: Metagross|Zen Headbutt|p1a: Kekkler
|-crit|p1a: Kekkler
|-supereffective|p1a: Kekkler
|-damage|p1a: Kekkler|0 fnt
|faint|p1a: Kekkler
|
|-heal|p2a: Metagross|216\/354|[from] item: Leftovers
|
|switch|p1a: Gentoo 3.0|Porygon-Z|235\/311
|turn|23
|
|move|p1a: Gentoo 3.0|Tri Attack|p2a: Metagross
|-resisted|p2a: Metagross
|-damage|p2a: Metagross|64\/354
|-status|p2a: Metagross|frz
|-curestatus|p2a: Metagross|frz
|move|p2a: Metagross|Meteor Mash|p1a: Gentoo 3.0
|-damage|p1a: Gentoo 3.0|0 fnt
|faint|p1a: Gentoo 3.0
|
|-heal|p2a: Metagross|86\/354|[from] item: Leftovers
|
|switch|p1a: Peace nigga|Victini, shiny|320\/341 tox
|turn|24
|
|move|p2a: Metagross|Bullet Punch|p1a: Peace nigga
|-resisted|p1a: Peace nigga
|-damage|p1a: Peace nigga|281\/341 tox
|move|p1a: Peace nigga|V-create|p2a: Metagross
|-supereffective|p2a: Metagross
|-damage|p2a: Metagross|0 fnt
|-unboost|p1a: Peace nigga|def|1
|-unboost|p1a: Peace nigga|spd|1
|-unboost|p1a: Peace nigga|spe|1
|faint|p2a: Metagross
|
|-damage|p1a: Peace nigga|260\/341 tox|[from] psn
|
|switch|p2a: Quagsire|Quagsire, M|350\/394
|turn|25
|
|move|p1a: Peace nigga|V-create|p2a: Quagsire
|-crit|p2a: Quagsire
|-resisted|p2a: Quagsire
|-damage|p2a: Quagsire|91\/394
|-unboost|p1a: Peace nigga|def|1
|-unboost|p1a: Peace nigga|spd|1
|-unboost|p1a: Peace nigga|spe|1
|move|p2a: Quagsire|Earthquake|p1a: Peace nigga
|-supereffective|p1a: Peace nigga
|-damage|p1a: Peace nigga|66\/341 tox
|
|-heal|p2a: Quagsire|115\/394|[from] item: Leftovers
|-damage|p1a: Peace nigga|24\/341 tox|[from] psn
|turn|26
|
|move|p1a: Peace nigga|V-create|p2a: Quagsire
|-resisted|p2a: Quagsire
|-damage|p2a: Quagsire|0 fnt
|-unboost|p1a: Peace nigga|def|1
|-unboost|p1a: Peace nigga|spd|1
|-unboost|p1a: Peace nigga|spe|1
|faint|p2a: Quagsire
|
|win|CharlesVGCtest
|raw|Ladder updating...
|raw|CharlesVGCtest's rating: 1178 &rarr; <strong>1212<\/strong><br \/>(+34 for winning)
|raw|Lay Rewis's rating: 1311 &rarr; <strong>1283<\/strong><br \/>(-28 for losing)
|c|âCharlesVGCtest|No fucking way lel
|c|âCharlesVGCtest|gg