|join|Lay Rewis
|join|terrabolt8732
|player|p1|Lay Rewis|176
|player|p2|terrabolt8732|265
|gametype|singles
|gen|6
|tier|UU
|rated
|rule|Sleep Clause Mod: Limit one foe put to sleep
|rule|Species Clause: Limit one of each Pokemon
|rule|OHKO Clause: OHKO moves are banned
|rule|Moody Clause: Moody is banned
|rule|Evasion Moves Clause: Evasion moves are banned
|rule|Endless Battle Clause: Forcing endless battles is banned.
|rule|HP Percentage Mod: HP is reported as percentages
|clearpoke
|poke|p1|Galvantula, M
|poke|p1|Malamar, M
|poke|p1|Aggron, F
|poke|p1|Jellicent, F
|poke|p1|Braviary, M
|poke|p1|Hydreigon, M
|poke|p2|Azelf
|poke|p2|Chesnaught, F
|poke|p2|Darmanitan, M
|poke|p2|Blastoise, F
|poke|p2|Jolteon, F
|poke|p2|Donphan, M
|teampreview
|
|start
|switch|p1a: Braviary|Braviary, M|341\/341
|switch|p2a: Donphan|Donphan, M|384\/384
|turn|1
|
|move|p2a: Donphan|Ice Shard|p1a: Braviary
|-supereffective|p1a: Braviary
|-damage|p1a: Braviary|205\/341
|move|p1a: Braviary|U-turn|p2a: Donphan
|-damage|p2a: Donphan|307\/384
|
|switch|p1a: Hydreigon|Hydreigon, M|325\/325
|
|-heal|p2a: Donphan|331\/384|[from] item: Leftovers
|turn|2
|
|move|p2a: Donphan|Ice Shard|p1a: Hydreigon
|-supereffective|p1a: Hydreigon
|-damage|p1a: Hydreigon|223\/325
|move|p1a: Hydreigon|Draco Meteor|p2a: Donphan
|-damage|p2a: Donphan|0 fnt
|-unboost|p1a: Hydreigon|spa|2
|-damage|p1a: Hydreigon|191\/325|[from] item: Life Orb
|faint|p2a: Donphan
|
|
|switch|p2a: Azelf|Azelf|291\/291
|turn|3
|
|switch|p1a: Malamar|Malamar, M|318\/318
|move|p2a: Azelf|Dazzling Gleam|p1a: Malamar
|-supereffective|p1a: Malamar
|-damage|p1a: Malamar|88\/318
|
|turn|4
|
|switch|p1a: Jellicent|Jellicent, F|404\/404
|move|p2a: Azelf|Dazzling Gleam|p1a: Jellicent
|-damage|p1a: Jellicent|308\/404
|
|-heal|p1a: Jellicent|333\/404|[from] item: Leftovers
|turn|5
|
|switch|p2a: Jolteon|Jolteon, F|272\/272
|move|p1a: Jellicent|Scald|p2a: Jolteon
|-damage|p2a: Jolteon|190\/272
|-status|p2a: Jolteon|brn
|
|-heal|p2a: Jolteon|207\/272 brn|[from] item: Leftovers
|-heal|p1a: Jellicent|358\/404|[from] item: Leftovers
|-damage|p2a: Jolteon|173\/272 brn|[from] brn
|turn|6
|
|switch|p1a: Aggron|Aggron, F|344\/344
|move|p2a: Jolteon|Thunderbolt|p1a: Aggron
|-damage|p1a: Aggron|212\/344
|
|-heal|p2a: Jolteon|190\/272 brn|[from] item: Leftovers
|-damage|p2a: Jolteon|156\/272 brn|[from] brn
|turn|7
|
|-formechange|p1a: Aggron|Aggron-Mega
|message|Aggron has Mega Evolved into Mega Aggron!
|move|p2a: Jolteon|Thunderbolt|p1a: Aggron
|-crit|p1a: Aggron
|-damage|p1a: Aggron|22\/344
|move|p1a: Aggron|Heavy Slam|p2a: Jolteon
|-resisted|p2a: Jolteon
|-damage|p2a: Jolteon|12\/272 brn
|
|-heal|p2a: Jolteon|29\/272 brn|[from] item: Leftovers
|-damage|p2a: Jolteon|0 fnt|[from] brn
|faint|p2a: Jolteon
|
|switch|p2a: Blastoise|Blastoise, F|362\/362
|turn|8
|
|-formechange|p2a: Blastoise|Blastoise-Mega
|message|Blastoise has Mega Evolved into Mega Blastoise!
|move|p2a: Blastoise|Aura Sphere|p1a: Aggron
|-supereffective|p1a: Aggron
|-damage|p1a: Aggron|0 fnt
|faint|p1a: Aggron
|
|
|switch|p1a: Galvantula|Galvantula, M|281\/281
|turn|9
|
|move|p1a: Galvantula|Sticky Web|p2a: Blastoise
|-sidestart|p2: terrabolt8732|move: Sticky Web
|move|p2a: Blastoise|Dark Pulse|p1a: Galvantula
|-damage|p1a: Galvantula|19\/281
|
|turn|10
|
|move|p1a: Galvantula|Thunder|p2a: Blastoise
|-supereffective|p2a: Blastoise
|-damage|p2a: Blastoise|80\/362
|-status|p2a: Blastoise|par
|move|p2a: Blastoise|Dark Pulse|p1a: Galvantula
|-damage|p1a: Galvantula|0 fnt
|faint|p1a: Galvantula
|
|
|switch|p1a: Braviary|Braviary, M|205\/341
|turn|11
|
|move|p1a: Braviary|Brave Bird|p2a: Blastoise
|-damage|p2a: Blastoise|0 fnt
|-damage|p1a: Braviary|179\/341|[from] recoil|[of] p2a: Blastoise
|faint|p2a: Blastoise
|
|
|switch|p2a: Azelf|Azelf|291\/291
|turn|12
|
|switch|p1a: Jellicent|Jellicent, F|358\/404
|move|p2a: Azelf|Dazzling Gleam|p1a: Jellicent
|-damage|p1a: Jellicent|259\/404
|
|-heal|p1a: Jellicent|284\/404|[from] item: Leftovers
|turn|13
|
|switch|p2a: Chesnaught|Chesnaught, F|380\/380
|-activate|p2a: Chesnaught|move: Sticky Web
|-unboost|p2a: Chesnaught|spe|1
|move|p1a: Jellicent|Recover|p1a: Jellicent
|-heal|p1a: Jellicent|404\/404
|
|turn|14
|
|move|p1a: Jellicent|Will-O-Wisp|p2a: Chesnaught
|-status|p2a: Chesnaught|brn
|move|p2a: Chesnaught|Wood Hammer|p1a: Jellicent
|-supereffective|p1a: Jellicent
|-damage|p1a: Jellicent|194\/404
|-damage|p2a: Chesnaught|311\/380 brn|[from] recoil|[of] p1a: Jellicent
|
|-heal|p1a: Jellicent|219\/404|[from] item: Leftovers
|-heal|p2a: Chesnaught|334\/380 brn|[from] item: Leftovers
|-damage|p2a: Chesnaught|287\/380 brn|[from] brn
|turn|15
|
|move|p1a: Jellicent|Recover|p1a: Jellicent
|-heal|p1a: Jellicent|404\/404
|move|p2a: Chesnaught|Wood Hammer|p1a: Jellicent
|-supereffective|p1a: Jellicent
|-damage|p1a: Jellicent|186\/404
|-damage|p2a: Chesnaught|215\/380 brn|[from] recoil|[of] p1a: Jellicent
|
|-heal|p1a: Jellicent|211\/404|[from] item: Leftovers
|-heal|p2a: Chesnaught|238\/380 brn|[from] item: Leftovers
|-damage|p2a: Chesnaught|191\/380 brn|[from] brn
|turn|16
|
|move|p1a: Jellicent|Recover|p1a: Jellicent
|-heal|p1a: Jellicent|404\/404
|move|p2a: Chesnaught|Leech Seed|p1a: Jellicent
|-start|p1a: Jellicent|move: Leech Seed
|
|-heal|p2a: Chesnaught|214\/380 brn|[from] item: Leftovers
|-damage|p1a: Jellicent|354\/404|[from] Leech Seed|[of] p2a: Chesnaught
|-heal|p2a: Chesnaught|264\/380 brn|[silent]
|-damage|p2a: Chesnaught|217\/380 brn|[from] brn
|turn|17
|
|switch|p1a: Braviary|Braviary, M|179\/341
|move|p2a: Chesnaught|Wood Hammer|p1a: Braviary
|-resisted|p1a: Braviary
|-damage|p1a: Braviary|131\/341
|-damage|p2a: Chesnaught|201\/380 brn|[from] recoil|[of] p1a: Braviary
|
|-heal|p2a: Chesnaught|224\/380 brn|[from] item: Leftovers
|-damage|p2a: Chesnaught|177\/380 brn|[from] brn
|turn|18
|
|move|p2a: Chesnaught|Spiky Shield|p2a: Chesnaught
|-singleturn|p2a: Chesnaught|move: Protect
|move|p1a: Braviary|Brave Bird|p2a: Chesnaught
|-activate|p2a: Chesnaught|move: Protect
|-damage|p1a: Braviary|89\/341|[from] Spiky Shield|[of] p2a: Chesnaught
|
|-heal|p2a: Chesnaught|200\/380 brn|[from] item: Leftovers
|-damage|p2a: Chesnaught|153\/380 brn|[from] brn
|turn|19
|
|move|p1a: Braviary|Brave Bird|p2a: Chesnaught
|-supereffective|p2a: Chesnaught
|-damage|p2a: Chesnaught|0 fnt
|-damage|p1a: Braviary|39\/341|[from] recoil|[of] p2a: Chesnaught
|faint|p2a: Chesnaught
|
|
|switch|p2a: Azelf|Azelf|291\/291
|turn|20
|
|switch|p1a: Jellicent|Jellicent, F|354\/404
|move|p2a: Azelf|Thunderbolt|p1a: Jellicent
|-supereffective|p1a: Jellicent
|-damage|p1a: Jellicent|140\/404
|-status|p1a: Jellicent|par
|
|-heal|p1a: Jellicent|165\/404 par|[from] item: Leftovers
|turn|21
|
|move|p2a: Azelf|Thunderbolt|p1a: Jellicent
|-supereffective|p1a: Jellicent
|-damage|p1a: Jellicent|0 fnt
|faint|p1a: Jellicent
|
|
|switch|p1a: Hydreigon|Hydreigon, M|191\/325
|turn|22
|
|switch|p2a: Darmanitan|Darmanitan, M|414\/414
|-activate|p2a: Darmanitan|move: Sticky Web
|-unboost|p2a: Darmanitan|spe|1
|move|p1a: Hydreigon|Draco Meteor|p2a: Darmanitan
|-damage|p2a: Darmanitan|0 fnt
|-unboost|p1a: Hydreigon|spa|2
|-damage|p1a: Hydreigon|159\/325|[from] item: Life Orb
|faint|p2a: Darmanitan
|
|
|switch|p2a: Azelf|Azelf|291\/291
|turn|23
|
|move|p2a: Azelf|Dazzling Gleam|p1a: Hydreigon
|-supereffective|p1a: Hydreigon
|-damage|p1a: Hydreigon|0 fnt
|faint|p1a: Hydreigon
|
|
|switch|p1a: Braviary|Braviary, M|39\/341
|turn|24
|
|move|p1a: Braviary|Brave Bird|p2a: Azelf
|-damage|p2a: Azelf|6\/291
|-damage|p1a: Braviary|0 fnt|[from] recoil|[of] p2a: Azelf
|faint|p1a: Braviary
|move|p2a: Azelf|Dazzling Gleam|p1: Braviary|[notarget]
|-notarget
|
|
|switch|p1a: Malamar|Malamar, M|88\/318
|turn|25
|
|move|p2a: Azelf|Dazzling Gleam|p1a: Malamar
|-supereffective|p1a: Malamar
|-damage|p1a: Malamar|0 fnt
|faint|p1a: Malamar
|
|win|terrabolt8732
|raw|Ladder updating...
|raw|Lay Rewis's rating: 1050 &rarr; <strong>1033<\/strong><br \/>(-17 for losing)
|raw|terrabolt8732's rating: 1071 &rarr; <strong>1098<\/strong><br \/>(+27 for winning)
|chat|terrabolt8732|gg
|leave|Lay Rewis
|player|p1