|join|Lay Rewis
|join|angusc34
|player|p1|Lay Rewis|176
|player|p2|angusc34|262
|gametype|singles
|gen|6
|tier|UU
|rated
|rule|Sleep Clause Mod: Limit one foe put to sleep
|rule|Species Clause: Limit one of each PokÃ©mon
|rule|OHKO Clause: OHKO moves are banned
|rule|Moody Clause: Moody is banned
|rule|Evasion Moves Clause: Evasion moves are banned
|rule|Endless Battle Clause: Forcing endless battles is banned
|rule|HP Percentage Mod: HP is shown in percentages
|clearpoke
|poke|p1|Blastoise, F
|poke|p1|Shaymin
|poke|p1|Darmanitan, M
|poke|p1|Raikou
|poke|p1|Machamp, F
|poke|p1|Diancie
|poke|p2|Absol, M
|poke|p2|Florges, F, shiny
|poke|p2|Hitmonlee, M
|poke|p2|Alakazam, M
|poke|p2|Donphan, M
|poke|p2|Darmanitan, M
|rule|Swagger Clause: Swagger is banned
|rule|Baton Pass Clause: Limit one PokÃ©mon knowing Baton Pass
|teampreview
|
|start
|switch|p1a: Machamp|Machamp, F|384\/384
|switch|p2a: Darmanitan|Darmanitan, M|396\/396
|turn|1
|
|move|p2a: Darmanitan|Flare Blitz|p1a: Machamp
|-crit|p1a: Machamp
|-damage|p1a: Machamp|0 fnt
|-damage|p2a: Darmanitan|269\/396|[from] recoil|[of] p1a: Machamp
|faint|p1a: Machamp
|
|
|switch|p1a: Diancie|Diancie|304\/304
|turn|2
|
|move|p2a: Darmanitan|Flare Blitz|p1a: Diancie
|-crit|p1a: Diancie
|-resisted|p1a: Diancie
|-damage|p1a: Diancie|130\/304
|-damage|p2a: Darmanitan|212\/396|[from] recoil|[of] p1a: Diancie
|move|p1a: Diancie|Stealth Rock|p2a: Darmanitan
|-sidestart|p2: angusc34|move: Stealth Rock
|
|-heal|p1a: Diancie|149\/304|[from] item: Leftovers
|turn|3
|
|move|p2a: Darmanitan|Flare Blitz|p1a: Diancie
|-resisted|p1a: Diancie
|-damage|p1a: Diancie|26\/304
|-damage|p2a: Darmanitan|171\/396|[from] recoil|[of] p1a: Diancie
|move|p1a: Diancie|Diamond Storm|p2a: Darmanitan
|-miss|p1a: Diancie|p2a: Darmanitan
|
|-heal|p1a: Diancie|45\/304|[from] item: Leftovers
|turn|4
|c|âangusc34|lololol
|c|âangusc34|the hax
|
|move|p2a: Darmanitan|Flare Blitz|p1a: Diancie
|-resisted|p1a: Diancie
|-damage|p1a: Diancie|0 fnt
|-damage|p2a: Darmanitan|156\/396|[from] recoil|[of] p1a: Diancie
|faint|p1a: Diancie
|
|
|switch|p1a: Blastoise|Blastoise, F|362\/362
|turn|5
|
|switch|p2a: Alakazam|Alakazam, M|252\/252
|detailschange|p1a: Blastoise|Blastoise-Mega, F
|message|Blastoise has Mega Evolved into Mega Blastoise!
|move|p1a: Blastoise|Water Pulse|p2a: Alakazam
|-damage|p2a: Alakazam|60\/252
|
|turn|6
|
|move|p2a: Alakazam|Energy Ball|p1a: Blastoise
|-crit|p1a: Blastoise
|-supereffective|p1a: Blastoise
|-damage|p1a: Blastoise|54\/362
|move|p1a: Blastoise|Water Pulse|p2a: Alakazam
|-damage|p2a: Alakazam|0 fnt
|faint|p2a: Alakazam
|
|
|switch|p2a: Hitmonlee|Hitmonlee, M|242\/242
|-damage|p2a: Hitmonlee|227\/242|[from] Stealth Rock
|turn|7
|
|move|p2a: Hitmonlee|Fake Out|p1a: Blastoise
|-enditem|p2a: Hitmonlee|Normal Gem|[from] gem|[move] Fake Out
|-damage|p1a: Blastoise|0 fnt
|faint|p1a: Blastoise
|
|
|switch|p1a: Darmanitan|Darmanitan, M|351\/351
|turn|8
|
|move|p2a: Hitmonlee|Close Combat|p1a: Darmanitan
|-damage|p1a: Darmanitan|15\/351
|-unboost|p2a: Hitmonlee|def|1
|-unboost|p2a: Hitmonlee|spd|1
|move|p1a: Darmanitan|U-turn|p2a: Hitmonlee
|-resisted|p2a: Hitmonlee
|-damage|p2a: Hitmonlee|116\/242
|
|switch|p1a: Shaymin|Shaymin|341\/341
|
|turn|9
|
|move|p2a: Hitmonlee|Poison Jab|p1a: Shaymin
|-supereffective|p1a: Shaymin
|-damage|p1a: Shaymin|139\/341
|move|p1a: Shaymin|Seed Flare|p2a: Hitmonlee|[miss]
|-miss|p1a: Shaymin|p2a: Hitmonlee
|
|turn|10
|
|move|p2a: Hitmonlee|Poison Jab|p1a: Shaymin
|-supereffective|p1a: Shaymin
|-damage|p1a: Shaymin|0 fnt
|faint|p1a: Shaymin
|
|
|switch|p1a: Raikou|Raikou|322\/322
|-ability|p1a: Raikou|Pressure
|turn|11
|c|âangusc34|the game is so mean :-P
|
|move|p2a: Hitmonlee|Knock Off|p1a: Raikou
|-damage|p1a: Raikou|181\/322
|-enditem|p1a: Raikou|Choice Specs|[from] move: Knock Off|[of] p2a: Hitmonlee
|move|p1a: Raikou|Thunderbolt|p2a: Hitmonlee
|-damage|p2a: Hitmonlee|0 fnt
|faint|p2a: Hitmonlee
|
|
|switch|p2a: Darmanitan|Darmanitan, M|156\/396
|-damage|p2a: Darmanitan|57\/396|[from] Stealth Rock
|turn|12
|
|move|p2a: Darmanitan|Earthquake|p1a: Raikou
|-supereffective|p1a: Raikou
|-damage|p1a: Raikou|0 fnt
|faint|p1a: Raikou
|
|
|switch|p1a: Darmanitan|Darmanitan, M|15\/351
|turn|13
|
|move|p1a: Darmanitan|Rock Slide|p2a: Darmanitan
|-supereffective|p2a: Darmanitan
|-damage|p2a: Darmanitan|0 fnt
|faint|p2a: Darmanitan
|
|
|switch|p2a: Donphan|Donphan, M|384\/384
|-damage|p2a: Donphan|360\/384|[from] Stealth Rock
|turn|14
|
|move|p2a: Donphan|Ice Shard|p1a: Darmanitan
|-resisted|p1a: Darmanitan
|-damage|p1a: Darmanitan|0 fnt
|faint|p1a: Darmanitan
|
|win|angusc34
|raw|Ladder updating...
|raw|Lay Rewis's rating: 1358 &rarr; <strong>1333<\/strong><br \/>(-25 for losing)
|raw|angusc34's rating: 1270 &rarr; <strong>1301<\/strong><br \/>(+31 for winning)
|c|âangusc34|gg
|leave|Lay Rewis
|player|p1