|join|Lay Rewis
|join|Raheim
|player|p1|Lay Rewis|176
|player|p2|Raheim|68
|gametype|singles
|gen|6
|tier|UU
|rated
|rule|Sleep Clause Mod: Limit one foe put to sleep
|rule|Species Clause: Limit one of each Pokemon
|rule|OHKO Clause: OHKO moves are banned
|rule|Moody Clause: Moody is banned
|rule|Evasion Moves Clause: Evasion moves are banned
|rule|Endless Battle Clause: Forcing endless battles is banned.
|rule|HP Percentage Mod: HP is reported as percentages
|clearpoke
|poke|p1|Kyurem
|poke|p1|Donphan, F
|poke|p1|Florges, F
|poke|p1|Entei, shiny
|poke|p1|Blastoise, F
|poke|p1|Machamp, F
|poke|p2|Hydreigon, M
|poke|p2|Florges, F
|poke|p2|Nidoqueen, F
|poke|p2|Mienshao, F
|poke|p2|Crobat, M
|poke|p2|Slowbro, M
|teampreview
|chat|Raheim|gl mane
|
|start
|switch|p1a: Donphan|Donphan, F|384\/384
|switch|p2a: Jedi Force|Mienshao, F|271\/271
|turn|1
|
|move|p2a: Jedi Force|Fake Out|p1a: Donphan
|-damage|p1a: Donphan|342\/384
|-damage|p2a: Jedi Force|244\/271|[from] item: Life Orb
|cant|p1a: Donphan|flinch
|
|-heal|p1a: Donphan|366\/384|[from] item: Leftovers
|turn|2
|chat|Lay Rewis|u 2 mayne
|
|switch|p2a: Pinkberry|Slowbro, M|394\/394
|move|p1a: Donphan|Stealth Rock|p2a: Pinkberry
|-sidestart|p2: Raheim|move: Stealth Rock
|
|-heal|p1a: Donphan|384\/384|[from] item: Leftovers
|turn|3
|
|switch|p1a: Florges|Florges, F|360\/360
|move|p2a: Pinkberry|Thunder Wave|p1a: Florges
|-status|p1a: Florges|par
|
|turn|4
|
|switch|p2a: Queen Gaia|Nidoqueen, F|384\/384
|-damage|p2a: Queen Gaia|360\/384|[from] Stealth Rock
|move|p1a: Florges|Toxic|p2a: Queen Gaia|[miss]
|-miss|p1a: Florges|p2a: Queen Gaia
|
|turn|5
|
|switch|p1a: Kyurem|Kyurem|391\/391
|-ability|p1a: Kyurem|Pressure
|move|p2a: Queen Gaia|Stealth Rock|p1a: Kyurem
|-sidestart|p1: Lay Rewis|move: Stealth Rock
|
|turn|6
|
|switch|p2a: Persephone|Florges, F|360\/360
|-damage|p2a: Persephone|315\/360|[from] Stealth Rock
|move|p1a: Kyurem|Ice Beam|p2a: Persephone
|-damage|p2a: Persephone|195\/360
|
|-heal|p2a: Persephone|217\/360|[from] item: Leftovers
|turn|7
|
|switch|p1a: Florges|Florges, F|360\/360 par
|-damage|p1a: Florges|315\/360 par|[from] Stealth Rock
|move|p2a: Persephone|Moonblast|p1a: Florges
|-damage|p1a: Florges|249\/360 par
|-unboost|p1a: Florges|spa|1
|
|-heal|p2a: Persephone|239\/360|[from] item: Leftovers
|-heal|p1a: Florges|271\/360 par|[from] item: Leftovers
|turn|8
|
|switch|p2a: Queen Gaia|Nidoqueen, F|360\/384
|-damage|p2a: Queen Gaia|336\/384|[from] Stealth Rock
|move|p1a: Florges|Toxic|p2a: Queen Gaia
|-fail|p2a: Queen Gaia
|
|-heal|p1a: Florges|293\/360 par|[from] item: Leftovers
|turn|9
|
|switch|p1a: Blastoise|Blastoise, F|362\/362
|-damage|p1a: Blastoise|317\/362|[from] Stealth Rock
|move|p2a: Queen Gaia|Sludge Wave|p1a: Blastoise
|-damage|p1a: Blastoise|132\/362
|
|turn|10
|
|detailschange|p1a: Blastoise|Blastoise-Mega, F
|message|Blastoise has Mega Evolved into Mega Blastoise!
|move|p1a: Blastoise|Rapid Spin|p2a: Queen Gaia
|-damage|p2a: Queen Gaia|320\/384
|-sideend|p1: Lay Rewis|Stealth Rock|[from] move: Rapid Spin|[of] p1a: Blastoise
|move|p2a: Queen Gaia|Earth Power|p1a: Blastoise
|-damage|p1a: Blastoise|0 fnt
|faint|p1a: Blastoise
|
|
|switch|p1a: Kyurem|Kyurem|391\/391
|-ability|p1a: Kyurem|Pressure
|turn|11
|
|switch|p2a: Persephone|Florges, F|239\/360
|-damage|p2a: Persephone|194\/360|[from] Stealth Rock
|move|p1a: Kyurem|Ice Beam|p2a: Persephone
|-damage|p2a: Persephone|65\/360
|
|-heal|p2a: Persephone|87\/360|[from] item: Leftovers
|turn|12
|
|move|p2a: Persephone|Protect|p2a: Persephone
|-singleturn|p2a: Persephone|Protect
|move|p1a: Kyurem|Ice Beam|p2a: Persephone
|-activate|p2a: Persephone|Protect
|
|-heal|p2a: Persephone|109\/360|[from] item: Leftovers
|turn|13
|
|move|p1a: Kyurem|Ice Beam|p2a: Persephone
|-damage|p2a: Persephone|0 fnt
|faint|p2a: Persephone
|
|chat|Raheim|specs? =\/
|chat|Raheim|gotta be
|chat|Lay Rewis|naw
|
|switch|p2a: Jedi Force|Mienshao, F|271\/271
|-damage|p2a: Jedi Force|255\/271|[from] Stealth Rock
|turn|14
|
|switch|p1a: Donphan|Donphan, F|384\/384
|move|p2a: Jedi Force|High Jump Kick|p1a: Donphan
|-damage|p1a: Donphan|193\/384
|-damage|p2a: Jedi Force|228\/271|[from] item: Life Orb
|
|-heal|p1a: Donphan|217\/384|[from] item: Leftovers
|turn|15
|
|switch|p2a: Lord Hades|Hydreigon, M|325\/325
|-damage|p2a: Lord Hades|285\/325|[from] Stealth Rock
|move|p1a: Donphan|Earthquake|p2a: Lord Hades
|-immune|p2a: Lord Hades|[msg]
|
|-heal|p1a: Donphan|241\/384|[from] item: Leftovers
|turn|16
|
|move|p1a: Donphan|Ice Shard|p2a: Lord Hades
|-supereffective|p2a: Lord Hades
|-damage|p2a: Lord Hades|183\/325
|move|p2a: Lord Hades|Fire Blast|p1a: Donphan
|-damage|p1a: Donphan|0 fnt
|-damage|p2a: Lord Hades|151\/325|[from] item: Life Orb
|faint|p1a: Donphan
|
|
|switch|p1a: Florges|Florges, F|293\/360 par
|turn|17
|
|switch|p2a: Dracula|Crobat, M|312\/312
|-damage|p2a: Dracula|234\/312|[from] Stealth Rock
|move|p1a: Florges|Wish|p1a: Florges
|
|-heal|p2a: Dracula|253\/312|[from] item: Black Sludge
|-heal|p1a: Florges|315\/360 par|[from] item: Leftovers
|turn|18
|
|switch|p1a: Kyurem|Kyurem|391\/391
|-ability|p1a: Kyurem|Pressure
|move|p2a: Dracula|Defog|p1a: Kyurem
|-unboost|p1a: Kyurem|evasion|1
|-sideend|p2: Raheim|Stealth Rock|[from] move: Defog|[of] p2a: Dracula
|
|-heal|p2a: Dracula|272\/312|[from] item: Black Sludge
|turn|19
|
|switch|p2a: Pinkberry|Slowbro, M|394\/394
|move|p1a: Kyurem|Draco Meteor|p2a: Pinkberry
|-damage|p2a: Pinkberry|0 fnt
|-unboost|p1a: Kyurem|spa|2
|faint|p2a: Pinkberry
|
|
|switch|p2a: Jedi Force|Mienshao, F|271\/271
|turn|20
|
|switch|p1a: Florges|Florges, F|315\/360 par
|move|p2a: Jedi Force|Stone Edge|p1a: Florges
|-damage|p1a: Florges|119\/360 par
|-damage|p2a: Jedi Force|244\/271|[from] item: Life Orb
|
|-heal|p1a: Florges|141\/360 par|[from] item: Leftovers
|turn|21
|
|move|p2a: Jedi Force|Stone Edge|p1a: Florges
|-damage|p1a: Florges|0 fnt
|-damage|p2a: Jedi Force|217\/271|[from] item: Life Orb
|faint|p1a: Florges
|
|
|switch|p1a: Machamp|Machamp, F|384\/384
|turn|22
|
|switch|p2a: Dracula|Crobat, M|272\/312
|move|p1a: Machamp|Dynamic Punch|p2a: Dracula
|-resisted|p2a: Dracula
|-damage|p2a: Dracula|213\/312
|-start|p2a: Dracula|confusion
|
|-heal|p2a: Dracula|232\/312|[from] item: Black Sludge
|turn|23
|
|switch|p2a: Jedi Force|Mienshao, F|271\/271
|move|p1a: Machamp|Ice Punch|p2a: Jedi Force
|-damage|p2a: Jedi Force|120\/271
|
|turn|24
|
|move|p2a: Jedi Force|Fake Out|p1a: Machamp
|-damage|p1a: Machamp|305\/384
|-damage|p2a: Jedi Force|93\/271|[from] item: Life Orb
|cant|p1a: Machamp|flinch
|
|-heal|p1a: Machamp|329\/384|[from] item: Leftovers
|turn|25
|
|move|p2a: Jedi Force|High Jump Kick|p1a: Machamp
|-damage|p1a: Machamp|5\/384
|-damage|p2a: Jedi Force|66\/271|[from] item: Life Orb
|move|p1a: Machamp|Dynamic Punch|p2a: Jedi Force
|-damage|p2a: Jedi Force|0 fnt
|faint|p2a: Jedi Force
|
|-heal|p1a: Machamp|29\/384|[from] item: Leftovers
|chat|Raheim|aww
|chat|Raheim|he risked his life :(
|
|switch|p2a: Dracula|Crobat, M|232\/312
|turn|26
|
|move|p1a: Machamp|Bullet Punch|p2a: Dracula
|-damage|p2a: Dracula|168\/312
|move|p2a: Dracula|Brave Bird|p1a: Machamp
|-supereffective|p1a: Machamp
|-damage|p1a: Machamp|0 fnt
|-damage|p2a: Dracula|158\/312|[from] recoil|[of] p1a: Machamp
|faint|p1a: Machamp
|
|-heal|p2a: Dracula|177\/312|[from] item: Black Sludge
|
|switch|p1a: Kyurem|Kyurem|391\/391
|-ability|p1a: Kyurem|Pressure
|turn|27
|
|switch|p2a: Queen Gaia|Nidoqueen, F|320\/384
|move|p1a: Kyurem|Ice Beam|p2a: Queen Gaia
|-supereffective|p2a: Queen Gaia
|-damage|p2a: Queen Gaia|0 fnt
|faint|p2a: Queen Gaia
|
|
|switch|p2a: Lord Hades|Hydreigon, M|151\/325
|turn|28
|
|move|p2a: Lord Hades|Draco Meteor|p1a: Kyurem
|-supereffective|p1a: Kyurem
|-damage|p1a: Kyurem|0 fnt
|-unboost|p2a: Lord Hades|spa|2
|-damage|p2a: Lord Hades|119\/325|[from] item: Life Orb
|faint|p1a: Kyurem
|
|
|switch|p1a: Entei|Entei, shiny|371\/371
|-ability|p1a: Entei|Pressure
|turn|29
|
|move|p2a: Lord Hades|Superpower|p1a: Entei
|-damage|p1a: Entei|218\/371
|-unboost|p2a: Lord Hades|atk|1
|-unboost|p2a: Lord Hades|def|1
|-damage|p2a: Lord Hades|87\/325|[from] item: Life Orb
|move|p1a: Entei|Howl|p1a: Entei
|-boost|p1a: Entei|atk|1
|
|turn|30
|
|switch|p2a: Dracula|Crobat, M|177\/312
|move|p1a: Entei|Extreme Speed|p2a: Dracula
|-damage|p2a: Dracula|0 fnt
|-damage|p1a: Entei|181\/371|[from] item: Life Orb
|faint|p2a: Dracula
|
|
|switch|p2a: Lord Hades|Hydreigon, M|87\/325
|turn|31
|chat|Raheim|aww man
|
|move|p1a: Entei|Extreme Speed|p2a: Lord Hades
|-damage|p2a: Lord Hades|0 fnt
|-damage|p1a: Entei|144\/371|[from] item: Life Orb
|faint|p2a: Lord Hades
|
|win|Lay Rewis
|raw|Ladder updating...
|raw|Lay Rewis's rating: 1425 &rarr; <strong>1438<\/strong><br \/>(+13 for winning)
|raw|Raheim's rating: 1308 &rarr; <strong>1295<\/strong><br \/>(-13 for losing)
|chat|Lay Rewis|gg
|chat|Raheim|right to the wire
|chat|Raheim|gg