|join|ult rh156
|join|Barasti
|player|p1|ult rh156|33
|player|p2|Barasti|170
|gametype|singles
|gen|6
|tier|UU
|rated
|rule|Sleep Clause Mod: Limit one foe put to sleep
|rule|Species Clause: Limit one of each PokÃ©mon
|rule|OHKO Clause: OHKO moves are banned
|rule|Moody Clause: Moody is banned
|rule|Evasion Moves Clause: Evasion moves are banned
|rule|Endless Battle Clause: Forcing endless battles is banned
|rule|HP Percentage Mod: HP is shown in percentages
|clearpoke
|poke|p1|Sharpedo, M, shiny
|poke|p1|Infernape, M
|poke|p1|Barbaracle, M, shiny
|poke|p1|Jirachi
|poke|p1|Celebi
|poke|p1|Gligar, M, shiny
|poke|p2|Beedrill, F
|poke|p2|Stoutland, F
|poke|p2|Hippowdon, M
|poke|p2|Raikou
|poke|p2|Empoleon, F
|poke|p2|Crobat, M
|rule|Swagger Clause: Swagger is banned
|rule|Baton Pass Clause: Limit one PokÃ©mon knowing Baton Pass
|teampreview
|join|Prof Varrick
|
|start
|switch|p1a: Gligar|Gligar, M, shiny|333\/333
|switch|p2a: Beedrill|Beedrill, F|301\/301
|turn|1
|join|Snowballin
|
|detailschange|p2a: Beedrill|Beedrill-Mega, F
|-mega|p2a: Beedrill|Beedrill|Beedrillite
|move|p2a: Beedrill|Knock Off|p1a: Gligar
|-damage|p1a: Gligar|246\/333
|-enditem|p1a: Gligar|Eviolite|[from] move: Knock Off|[of] p2a: Beedrill
|move|p1a: Gligar|Stealth Rock|p2a: Beedrill
|-sidestart|p2: Barasti|move: Stealth Rock
|
|turn|2
|
|move|p2a: Beedrill|U-turn|p1a: Gligar
|-resisted|p1a: Gligar
|-damage|p1a: Gligar|154\/333
|
|switch|p2a: Crobat|Crobat, M|373\/373
|-damage|p2a: Crobat|280\/373|[from] Stealth Rock
|move|p1a: Gligar|U-turn|p2a: Crobat
|-resisted|p2a: Crobat
|-damage|p2a: Crobat|267\/373
|
|switch|p1a: Barbaracle|Barbaracle, M, shiny|285\/285
|
|-heal|p2a: Crobat|290\/373|[from] item: Black Sludge
|turn|3
|
|move|p2a: Crobat|U-turn|p1a: Barbaracle
|-damage|p1a: Barbaracle|243\/285
|
|switch|p2a: Hippowdon|Hippowdon, M|420\/420
|-damage|p2a: Hippowdon|394\/420|[from] Stealth Rock
|-weather|Sandstorm
|move|p1a: Barbaracle|Shell Smash|p1a: Barbaracle
|-boost|p1a: Barbaracle|atk|2
|-boost|p1a: Barbaracle|spa|2
|-boost|p1a: Barbaracle|spe|2
|-unboost|p1a: Barbaracle|def|1
|-unboost|p1a: Barbaracle|spd|1
|
|-weather|Sandstorm|[upkeep]
|turn|4
|join|Toreutic
|
|move|p1a: Barbaracle|Razor Shell|p2a: Hippowdon
|-supereffective|p2a: Hippowdon
|-damage|p2a: Hippowdon|4\/420
|-unboost|p2a: Hippowdon|def|1
|move|p2a: Hippowdon|Earthquake|p1a: Barbaracle
|-supereffective|p1a: Barbaracle
|-damage|p1a: Barbaracle|0 fnt
|faint|p1a: Barbaracle
|
|-weather|Sandstorm|[upkeep]
|join|Eyan
|
|switch|p1a: Celebi|Celebi|403\/403
|turn|5
|
|switch|p2a: Empoleon|Empoleon, F|371\/371
|-damage|p2a: Empoleon|348\/371|[from] Stealth Rock
|move|p1a: Celebi|Swords Dance|p1a: Celebi
|-boost|p1a: Celebi|atk|2
|
|-weather|Sandstorm|[upkeep]
|-damage|p1a: Celebi|378\/403|[from] sandstorm
|-heal|p1a: Celebi|403\/403|[from] item: Leftovers
|-heal|p2a: Empoleon|371\/371|[from] item: Leftovers
|turn|6
|
|move|p1a: Celebi|Seed Bomb|p2a: Empoleon
|-damage|p2a: Empoleon|160\/371
|move|p2a: Empoleon|Defog|p1a: Celebi
|-unboost|p1a: Celebi|evasion|1
|-sideend|p2: Barasti|Stealth Rock|[from] move: Defog|[of] p2a: Empoleon
|
|-weather|Sandstorm|[upkeep]
|-damage|p1a: Celebi|378\/403|[from] sandstorm
|-heal|p1a: Celebi|403\/403|[from] item: Leftovers
|-heal|p2a: Empoleon|183\/371|[from] item: Leftovers
|turn|7
|
|move|p2a: Empoleon|Protect|p2a: Empoleon
|-singleturn|p2a: Empoleon|Protect
|move|p1a: Celebi|Baton Pass|p1a: Celebi
|
|switch|p1a: Sharpedo|Sharpedo, M, shiny|281\/281
|
|-weather|Sandstorm|[upkeep]
|-damage|p1a: Sharpedo|264\/281|[from] sandstorm
|-heal|p2a: Empoleon|206\/371|[from] item: Leftovers
|turn|8
|
|move|p1a: Sharpedo|Crunch|p2a: Empoleon
|-damage|p2a: Empoleon|0 fnt
|faint|p2a: Empoleon
|
|-weather|Sandstorm|[upkeep]
|-damage|p1a: Sharpedo|247\/281|[from] sandstorm
|-boost|p1a: Sharpedo|spe|1|[from] ability: Speed Boost
|join|Meowiekins
|join|SPEBSQSA
|
|switch|p2a: Stoutland|Stoutland, F|311\/311
|turn|9
|
|move|p1a: Sharpedo|Protect|p1a: Sharpedo
|-singleturn|p1a: Sharpedo|Protect
|move|p2a: Stoutland|Return|p1a: Sharpedo
|-activate|p1a: Sharpedo|Protect
|
|-weather|Sandstorm|[upkeep]
|-damage|p1a: Sharpedo|230\/281|[from] sandstorm
|-boost|p1a: Sharpedo|spe|1|[from] ability: Speed Boost
|turn|10
|
|detailschange|p1a: Sharpedo|Sharpedo-Mega, M, shiny
|-mega|p1a: Sharpedo|Sharpedo|Sharpedonite
|move|p1a: Sharpedo|Crunch|p2a: Stoutland
|-damage|p2a: Stoutland|0 fnt
|faint|p2a: Stoutland
|
|-weather|none
|
|switch|p2a: Crobat|Crobat, M|290\/373
|turn|11
|
|move|p1a: Sharpedo|Crunch|p2a: Crobat
|-damage|p2a: Crobat|0 fnt
|faint|p2a: Crobat
|
|c|âBarasti|gg
|-message|Barasti forfeited.
|c|âult rh156|gg
|leave|Barasti
|
|win|ult rh156
|raw|Ladder updating...
|player|p2
|leave|ult rh156
|leave|Toreutic
|raw|ult rh156's rating: 1645 &rarr; <strong>1657<\/strong><br \/>(+12 for winning)
|raw|Barasti's rating: 1488 &rarr; <strong>1476<\/strong><br \/>(-12 for losing)