|join|BroBro98
|join|I_Derpy_
|player|p1|BroBro98|154
|player|p2|I_Derpy_|201
|gametype|singles
|gen|6
|tier|UU
|rated
|rule|Sleep Clause Mod: Limit one foe put to sleep
|rule|Species Clause: Limit one of each PokÃ©mon
|rule|OHKO Clause: OHKO moves are banned
|rule|Moody Clause: Moody is banned
|rule|Evasion Moves Clause: Evasion moves are banned
|rule|Endless Battle Clause: Forcing endless battles is banned
|rule|HP Percentage Mod: HP is shown in percentages
|clearpoke
|poke|p1|Crobat, M
|poke|p1|Krookodile, M
|poke|p1|Florges, F
|poke|p1|Blastoise, F
|poke|p1|Espeon, F
|poke|p1|Shiftry, M
|poke|p2|Infernape, F
|poke|p2|Porygon-Z
|poke|p2|Swampert, M
|poke|p2|Crobat, F
|poke|p2|Hydreigon, M
|poke|p2|Raikou
|rule|Swagger Clause: Swagger is banned
|rule|Baton Pass Clause: Limit one PokÃ©mon knowing Baton Pass
|teampreview
|c|âI_Derpy_|glhf
|c|âBroBro98|u 2
|
|start
|switch|p1a: PkSmirk|Krookodile, M|394\/394
|switch|p2a: Infernape|Infernape, F|293\/293
|-ability|p1a: PkSmirk|Intimidate|[of] p2a: Infernape
|-unboost|p2a: Infernape|atk|1
|turn|1
|
|move|p2a: Infernape|Stealth Rock|p1a: PkSmirk
|-sidestart|p1: BroBro98|move: Stealth Rock
|move|p1a: PkSmirk|Stealth Rock|p2a: Infernape
|-sidestart|p2: I_Derpy_|move: Stealth Rock
|
|turn|2
|
|move|p2a: Infernape|Close Combat|p1a: PkSmirk
|-supereffective|p1a: PkSmirk
|-damage|p1a: PkSmirk|244\/394
|-unboost|p2a: Infernape|def|1
|-unboost|p2a: Infernape|spd|1
|move|p1a: PkSmirk|Dragon Tail|p2a: Infernape
|-damage|p2a: Infernape|171\/293
|drag|p2a: fatbat|Crobat, F|311\/311
|-damage|p2a: fatbat|234\/311|[from] Stealth Rock
|
|-heal|p1a: PkSmirk|268\/394|[from] item: Leftovers
|turn|3
|
|move|p2a: fatbat|U-turn|p1a: PkSmirk
|-supereffective|p1a: PkSmirk
|-damage|p1a: PkSmirk|108\/394
|
|switch|p2a: Idk|Swampert, M|404\/404
|-damage|p2a: Idk|379\/404|[from] Stealth Rock
|move|p1a: PkSmirk|Foul Play|p2a: Idk
|-damage|p2a: Idk|183\/404
|
|-heal|p1a: PkSmirk|132\/394|[from] item: Leftovers
|turn|4
|
|detailschange|p2a: Idk|Swampert-Mega, M
|message|Swampert has Mega Evolved into Mega Swampert!
|move|p1a: PkSmirk|Foul Play|p2a: Idk
|-damage|p2a: Idk|6\/404
|move|p2a: Idk|Waterfall|p1a: PkSmirk
|-supereffective|p1a: PkSmirk
|-damage|p1a: PkSmirk|0 fnt
|faint|p1a: PkSmirk
|
|
|switch|p1a: Gratata|Blastoise, F|349\/349
|-damage|p1a: Gratata|306\/349|[from] Stealth Rock
|turn|5
|
|detailschange|p1a: Gratata|Blastoise-Mega, F
|message|Blastoise has Mega Evolved into Mega Blastoise!
|move|p1a: Gratata|Rapid Spin|p2a: Idk
|-damage|p2a: Idk|0 fnt
|-sideend|p1: BroBro98|Stealth Rock|[from] move: Rapid Spin|[of] p1a: Gratata
|faint|p2a: Idk
|
|
|switch|p2a: Raikou|Raikou|322\/322
|-damage|p2a: Raikou|282\/322|[from] Stealth Rock
|-ability|p2a: Raikou|Pressure
|turn|6
|
|switch|p1a: Petunia|Florges, F|360\/360
|move|p2a: Raikou|Thunderbolt|p1a: Petunia
|-damage|p1a: Petunia|278\/360
|-status|p1a: Petunia|par
|
|-heal|p1a: Petunia|300\/360 par|[from] item: Leftovers
|turn|7
|
|switch|p2a: fatbat|Crobat, F|234\/311
|-damage|p2a: fatbat|157\/311|[from] Stealth Rock
|cant|p1a: Petunia|par
|
|-heal|p1a: Petunia|322\/360 par|[from] item: Leftovers
|turn|8
|
|switch|p1a: Proplay|Espeon, F|271\/271
|move|p2a: fatbat|Brave Bird|p1a: Proplay
|-damage|p1a: Proplay|0 fnt
|-damage|p2a: fatbat|68\/311|[from] recoil|[of] p1a: Proplay
|faint|p1a: Proplay
|
|
|switch|p1a: hashirama|Shiftry, M|321\/321
|turn|9
|
|move|p1a: hashirama|Sucker Punch|p2a: fatbat
|-damage|p2a: fatbat|0 fnt
|faint|p2a: fatbat
|
|
|switch|p2a: Infernape|Infernape, F|171\/293
|-damage|p2a: Infernape|135\/293|[from] Stealth Rock
|turn|10
|
|move|p2a: Infernape|Stealth Rock|p1a: hashirama
|-sidestart|p1: BroBro98|move: Stealth Rock
|move|p1a: hashirama|Swords Dance|p1a: hashirama
|-boost|p1a: hashirama|atk|2
|
|turn|11
|
|move|p1a: hashirama|Sucker Punch|p2a: Infernape
|-resisted|p2a: Infernape
|-damage|p2a: Infernape|0 fnt
|faint|p2a: Infernape
|
|
|switch|p2a: Twitchy Dicks|Porygon-Z|312\/312
|-damage|p2a: Twitchy Dicks|273\/312|[from] Stealth Rock
|turn|12
|
|move|p1a: hashirama|Sucker Punch|p2a: Twitchy Dicks
|-damage|p2a: Twitchy Dicks|0 fnt
|faint|p2a: Twitchy Dicks
|
|
|switch|p2a: Hydreigon|Hydreigon, M|325\/325
|-damage|p2a: Hydreigon|285\/325|[from] Stealth Rock
|turn|13
|
|move|p2a: Hydreigon|Fire Blast|p1a: hashirama|[miss]
|-miss|p2a: Hydreigon|p1a: hashirama
|move|p1a: hashirama|Knock Off|p2a: Hydreigon
|-resisted|p2a: Hydreigon
|-damage|p2a: Hydreigon|127\/325
|-enditem|p2a: Hydreigon|Assault Vest|[from] move: Knock Off|[of] p1a: hashirama
|
|turn|14
|
|move|p2a: Hydreigon|Fire Blast|p1a: hashirama
|-supereffective|p1a: hashirama
|-enditem|p1a: hashirama|Focus Sash
|-damage|p1a: hashirama|1\/321
|move|p1a: hashirama|Seed Bomb|p2a: Hydreigon
|-resisted|p2a: Hydreigon
|-damage|p2a: Hydreigon|0 fnt
|faint|p2a: Hydreigon
|
|
|switch|p2a: Raikou|Raikou|282\/322
|-damage|p2a: Raikou|242\/322|[from] Stealth Rock
|-ability|p2a: Raikou|Pressure
|turn|15
|
|move|p1a: hashirama|Sucker Punch|p2a: Raikou
|-damage|p2a: Raikou|0 fnt
|faint|p2a: Raikou
|
|win|BroBro98
|raw|Ladder updating...
|c|âBroBro98|gg
|c|âI_Derpy_|gg
|leave|I_Derpy_
|player|p2
|raw|BroBro98's rating: 1218 &rarr; <strong>1238<\/strong><br \/>(+20 for winning)
|raw|I_Derpy_'s rating: 1146 &rarr; <strong>1126<\/strong><br \/>(-20 for losing)