|join|BroBro98
|join|AlmegaKrypthon
|player|p1|BroBro98|154
|player|p2|AlmegaKrypthon|163
|gametype|singles
|gen|6
|tier|UU
|rated
|rule|Sleep Clause Mod: Limit one foe put to sleep
|rule|Species Clause: Limit one of each PokÃ©mon
|rule|OHKO Clause: OHKO moves are banned
|rule|Moody Clause: Moody is banned
|rule|Evasion Moves Clause: Evasion moves are banned
|rule|Endless Battle Clause: Forcing endless battles is banned
|rule|HP Percentage Mod: HP is shown in percentages
|clearpoke
|poke|p1|Flygon, F
|poke|p1|Ariados, M
|poke|p1|Milotic, F
|poke|p1|Donphan, M
|poke|p1|Houndoom, F
|poke|p1|Meowstic, M
|poke|p2|Shuckle, F
|poke|p2|Porygon-Z
|poke|p2|Chandelure, M
|poke|p2|Blastoise, F
|poke|p2|Flygon, M
|poke|p2|Machamp, F
|rule|Swagger Clause: Swagger is banned
|rule|Baton Pass Clause: Limit one PokÃ©mon knowing Baton Pass
|teampreview
|
|start
|switch|p1a: Im tryin|Meowstic, M|289\/289
|switch|p2a: Blastoise|Blastoise, F|358\/358
|turn|1
|
|switch|p2a: Flygon|Flygon, M|302\/302
|move|p1a: Im tryin|Calm Mind|p1a: Im tryin
|-boost|p1a: Im tryin|spa|1
|-boost|p1a: Im tryin|spd|1
|
|turn|2
|
|move|p2a: Flygon|U-turn|p1a: Im tryin
|-supereffective|p1a: Im tryin
|-damage|p1a: Im tryin|107\/289
|
|switch|p2a: Shuckle|Shuckle, F|244\/244
|move|p1a: Im tryin|Psyshock|p2a: Shuckle
|-damage|p2a: Shuckle|178\/244
|
|-heal|p1a: Im tryin|125\/289|[from] item: Leftovers
|turn|3
|
|move|p1a: Im tryin|Substitute|p1a: Im tryin
|-start|p1a: Im tryin|Substitute
|-damage|p1a: Im tryin|53\/289
|move|p2a: Shuckle|Infestation|p1a: Im tryin
|-supereffective|p1a: Im tryin
|-activate|p1a: Im tryin|Substitute|[damage]
|
|-heal|p1a: Im tryin|71\/289|[from] item: Leftovers
|turn|4
|
|move|p1a: Im tryin|Calm Mind|p1a: Im tryin
|-boost|p1a: Im tryin|spa|1
|-boost|p1a: Im tryin|spd|1
|move|p2a: Shuckle|Encore|p1a: Im tryin
|-start|p1a: Im tryin|Encore
|
|-heal|p1a: Im tryin|89\/289|[from] item: Leftovers
|turn|5
|
|switch|p2a: Flygon|Flygon, M|302\/302
|move|p1a: Im tryin|Calm Mind|p1a: Im tryin
|-boost|p1a: Im tryin|spa|1
|-boost|p1a: Im tryin|spd|1
|
|-heal|p1a: Im tryin|107\/289|[from] item: Leftovers
|turn|6
|
|move|p1a: Im tryin|Calm Mind|p1a: Im tryin
|-boost|p1a: Im tryin|spa|1
|-boost|p1a: Im tryin|spd|1
|move|p2a: Flygon|Earthquake|p1a: Im tryin
|-end|p1a: Im tryin|Substitute
|
|-heal|p1a: Im tryin|125\/289|[from] item: Leftovers
|turn|7
|
|switch|p1a: Flygon|Flygon, F|301\/301
|move|p2a: Flygon|Earthquake|p1a: Flygon
|-immune|p1a: Flygon|[msg]
|
|turn|8
|
|switch|p2a: Shuckle|Shuckle, F|178\/244
|move|p1a: Flygon|Dragon Claw|p2a: Shuckle
|-damage|p2a: Shuckle|110\/244
|-damage|p1a: Flygon|271\/301|[from] item: Life Orb
|
|turn|9
|
|move|p1a: Flygon|Earthquake|p2a: Shuckle
|-damage|p2a: Shuckle|27\/244
|-damage|p1a: Flygon|241\/301|[from] item: Life Orb
|move|p2a: Shuckle|Infestation|p1a: Flygon
|-damage|p1a: Flygon|232\/301
|-activate|p1a: Flygon|move: Infestation|[of] p2a: Shuckle
|
|-damage|p1a: Flygon|195\/301|[from] move: Infestation|[partiallytrapped]
|turn|10
|
|switch|p2a: Blastoise|Blastoise, F|358\/358
|move|p1a: Flygon|Dragon Claw|p2a: Blastoise
|-damage|p2a: Blastoise|202\/358
|-damage|p1a: Flygon|165\/301|[from] item: Life Orb
|
|-end|p1a: Flygon|Infestation|[partiallytrapped]
|turn|11
|
|switch|p1a: Milotic|Milotic, F|394\/394
|detailschange|p2a: Blastoise|Blastoise-Mega, F
|message|Blastoise has Mega Evolved into Mega Blastoise!
|move|p2a: Blastoise|Water Pulse|p1a: Milotic
|-resisted|p1a: Milotic
|-damage|p1a: Milotic|343\/394
|
|-heal|p1a: Milotic|367\/394|[from] item: Leftovers
|turn|12
|
|switch|p2a: Shuckle|Shuckle, F|27\/244
|move|p1a: Milotic|Scald|p2a: Shuckle
|-supereffective|p2a: Shuckle
|-damage|p2a: Shuckle|0 fnt
|faint|p2a: Shuckle
|
|-heal|p1a: Milotic|391\/394|[from] item: Leftovers
|
|switch|p2a: Machamp|Machamp, F|364\/364
|turn|13
|
|switch|p1a: Donphan|Donphan, M|384\/384
|move|p2a: Machamp|Dynamic Punch|p1a: Donphan
|-damage|p1a: Donphan|230\/384
|-start|p1a: Donphan|confusion
|
|-heal|p1a: Donphan|254\/384|[from] item: Leftovers
|turn|14
|
|switch|p1a: Im tryin|Meowstic, M|125\/289
|move|p2a: Machamp|Knock Off|p1a: Im tryin
|-crit|p1a: Im tryin
|-supereffective|p1a: Im tryin
|-damage|p1a: Im tryin|0 fnt
|-enditem|p1a: Im tryin|Leftovers|[from] move: Knock Off|[of] p2a: Machamp
|faint|p1a: Im tryin
|
|
|switch|p1a: Houndoom|Houndoom, F|291\/291
|turn|15
|
|detailschange|p1a: Houndoom|Houndoom-Mega, F
|message|Houndoom has Mega Evolved into Mega Houndoom!
|move|p1a: Houndoom|Destiny Bond|p1a: Houndoom
|-singlemove|p1a: Houndoom|Destiny Bond
|move|p2a: Machamp|Dynamic Punch|p1a: Houndoom
|-supereffective|p1a: Houndoom
|-damage|p1a: Houndoom|0 fnt
|faint|p1a: Houndoom
|-activate|p1a: Houndoom|Destiny Bond
|faint|p2a: Machamp
|
|
|switch|p2a: Porygon-Z|Porygon-Z|312\/312
|switch|p1a: Milotic|Milotic, F|391\/394
|turn|16
|
|move|p2a: Porygon-Z|Nasty Plot|p2a: Porygon-Z
|-boost|p2a: Porygon-Z|spa|2
|move|p1a: Milotic|Dragon Tail|p2a: Porygon-Z
|-damage|p2a: Porygon-Z|273\/312
|drag|p2a: Chandelure|Chandelure, M|261\/261
|
|-heal|p1a: Milotic|394\/394|[from] item: Leftovers
|turn|17
|
|move|p2a: Chandelure|Energy Ball|p1a: Milotic
|-supereffective|p1a: Milotic
|-damage|p1a: Milotic|152\/394
|move|p1a: Milotic|Scald|p2a: Chandelure
|-supereffective|p2a: Chandelure
|-damage|p2a: Chandelure|45\/261
|
|-heal|p1a: Milotic|176\/394|[from] item: Leftovers
|turn|18
|
|move|p2a: Chandelure|Energy Ball|p1a: Milotic
|-supereffective|p1a: Milotic
|-damage|p1a: Milotic|0 fnt
|faint|p1a: Milotic
|
|
|switch|p1a: cus fuck galva|Ariados, M|281\/281
|turn|19
|
|switch|p2a: Flygon|Flygon, M|302\/302
|move|p1a: cus fuck galva|Sticky Web|p2a: Flygon
|-sidestart|p2: AlmegaKrypthon|move: Sticky Web
|
|turn|20
|
|move|p2a: Flygon|U-turn|p1a: cus fuck galva
|-resisted|p1a: cus fuck galva
|-damage|p1a: cus fuck galva|238\/281
|
|switch|p2a: Porygon-Z|Porygon-Z|273\/312
|-activate|p2a: Porygon-Z|move: Sticky Web
|-unboost|p2a: Porygon-Z|spe|1
|move|p1a: cus fuck galva|X-Scissor|p2a: Porygon-Z
|-damage|p2a: Porygon-Z|131\/312
|
|turn|21
|
|move|p2a: Porygon-Z|Tri Attack|p1a: cus fuck galva
|-damage|p1a: cus fuck galva|0 fnt
|-damage|p2a: Porygon-Z|100\/312|[from] item: Life Orb
|faint|p1a: cus fuck galva
|
|
|switch|p1a: Flygon|Flygon, F|165\/301
|turn|22
|
|move|p1a: Flygon|Dragon Claw|p2a: Porygon-Z
|-damage|p2a: Porygon-Z|0 fnt
|-damage|p1a: Flygon|135\/301|[from] item: Life Orb
|faint|p2a: Porygon-Z
|
|
|switch|p2a: Flygon|Flygon, M|302\/302
|turn|23
|
|switch|p1a: Donphan|Donphan, M|254\/384
|move|p2a: Flygon|Outrage|p1a: Donphan
|-damage|p1a: Donphan|119\/384
|
|-heal|p1a: Donphan|143\/384|[from] item: Leftovers
|turn|24
|
|move|p1a: Donphan|Ice Shard|p2a: Flygon
|-supereffective|p2a: Flygon
|-damage|p2a: Flygon|74\/302
|move|p2a: Flygon|Outrage|p1a: Donphan
|-damage|p1a: Donphan|1\/384
|
|-heal|p1a: Donphan|25\/384|[from] item: Leftovers
|turn|25
|
|move|p1a: Donphan|Ice Shard|p2a: Flygon
|-supereffective|p2a: Flygon
|-damage|p2a: Flygon|0 fnt
|faint|p2a: Flygon
|
|-heal|p1a: Donphan|49\/384|[from] item: Leftovers
|
|switch|p2a: Chandelure|Chandelure, M|45\/261
|-activate|p2a: Chandelure|move: Sticky Web
|-unboost|p2a: Chandelure|spe|1
|turn|26
|
|move|p1a: Donphan|Ice Shard|p2a: Chandelure
|-resisted|p2a: Chandelure
|-damage|p2a: Chandelure|23\/261
|move|p2a: Chandelure|Energy Ball|p1a: Donphan
|-supereffective|p1a: Donphan
|-damage|p1a: Donphan|0 fnt
|faint|p1a: Donphan
|
|
|switch|p1a: Flygon|Flygon, F|135\/301
|turn|27
|
|move|p1a: Flygon|Outrage|p2a: Chandelure
|-damage|p2a: Chandelure|0 fnt
|-damage|p1a: Flygon|105\/301|[from] item: Life Orb
|faint|p2a: Chandelure
|
|
|switch|p2a: Blastoise|Blastoise-Mega, F|202\/358
|-activate|p2a: Blastoise|move: Sticky Web
|-unboost|p2a: Blastoise|spe|1
|turn|28
|
|move|p1a: Flygon|Outrage|p2a: Blastoise
|-damage|p2a: Blastoise|0 fnt
|-damage|p1a: Flygon|75\/301|[from] item: Life Orb
|faint|p2a: Blastoise
|
|win|BroBro98
|raw|Ladder updating...
|raw|BroBro98's rating: 1276 &rarr; <strong>1302<\/strong><br \/>(+26 for winning)
|raw|AlmegaKrypthon's rating: 1283 &rarr; <strong>1257<\/strong><br \/>(-26 for losing)
|c|âBroBro98|gg
|leave|AlmegaKrypthon
|player|p2