|join|BroBro98
|join|The Shuckster
|player|p1|BroBro98|80
|player|p2|The Shuckster|266
|gametype|singles
|gen|6
|tier|UU
|rated
|rule|Sleep Clause Mod: Limit one foe put to sleep
|rule|Species Clause: Limit one of each PokÃ©mon
|rule|OHKO Clause: OHKO moves are banned
|rule|Moody Clause: Moody is banned
|rule|Evasion Moves Clause: Evasion moves are banned
|rule|Endless Battle Clause: Forcing endless battles is banned
|rule|HP Percentage Mod: HP is reported as percentages
|clearpoke
|poke|p1|Crobat, F
|poke|p1|Snorlax, M
|poke|p1|Alakazam, F
|poke|p1|Florges, F
|poke|p1|Forretress, M
|poke|p1|Infernape, F
|poke|p2|Mienshao, F
|poke|p2|Arcanine, F
|poke|p2|Empoleon, M
|poke|p2|Flygon, F
|poke|p2|Chandelure, F
|poke|p2|Roserade, M
|rule|Swagger Clause: Swagger is banned
|rule|Baton Pass Clause: Limit one PokÃ©mon knowing Baton Pass
|teampreview
|
|start
|switch|p1a: Knox|Forretress, M|354\/354
|switch|p2a: Donald Sterling|Mienshao, F|271\/271
|turn|1
|
|move|p2a: Donald Sterling|Fake Out|p1a: Knox
|-resisted|p1a: Knox
|-damage|p1a: Knox|336\/354
|-damage|p2a: Donald Sterling|244\/271|[from] item: Life Orb
|cant|p1a: Knox|flinch
|
|-heal|p1a: Knox|354\/354|[from] item: Leftovers
|turn|2
|
|move|p2a: Donald Sterling|U-turn|p1a: Knox
|-resisted|p1a: Knox
|-damage|p1a: Knox|325\/354
|-damage|p2a: Donald Sterling|217\/271|[from] item: Life Orb
|
|switch|p2a: Arcaeight|Arcanine, F|384\/384
|-ability|p2a: Arcaeight|Intimidate|[of] p1a: Knox
|-unboost|p1a: Knox|atk|1
|move|p1a: Knox|Stealth Rock|p2a: Arcaeight
|-sidestart|p2: The Shuckster|move: Stealth Rock
|
|-heal|p1a: Knox|347\/354|[from] item: Leftovers
|turn|3
|
|switch|p1a: Gerald|Infernape, F|293\/293
|move|p2a: Arcaeight|Flare Blitz|p1a: Gerald
|-resisted|p1a: Gerald
|-damage|p1a: Gerald|190\/293
|-damage|p2a: Arcaeight|350\/384|[from] recoil|[of] p1a: Gerald
|
|-heal|p2a: Arcaeight|374\/384|[from] item: Leftovers
|turn|4
|
|move|p1a: Gerald|Focus Blast|p2a: Arcaeight
|-damage|p2a: Arcaeight|176\/384
|-unboost|p2a: Arcaeight|spd|1
|move|p2a: Arcaeight|Flare Blitz|p1a: Gerald
|-resisted|p1a: Gerald
|-damage|p1a: Gerald|71\/293
|-damage|p2a: Arcaeight|137\/384|[from] recoil|[of] p1a: Gerald
|
|-heal|p2a: Arcaeight|161\/384|[from] item: Leftovers
|turn|5
|
|move|p2a: Arcaeight|Extreme Speed|p1a: Gerald
|-damage|p1a: Gerald|0 fnt
|faint|p1a: Gerald
|
|-heal|p2a: Arcaeight|185\/384|[from] item: Leftovers
|
|switch|p1a: Zuro|Crobat, F|311\/311
|turn|6
|
|switch|p2a: EmpoleDICK|Empoleon, M|372\/372
|-damage|p2a: EmpoleDICK|349\/372|[from] Stealth Rock
|move|p1a: Zuro|Brave Bird|p2a: EmpoleDICK
|-resisted|p2a: EmpoleDICK
|-damage|p2a: EmpoleDICK|244\/372
|-damage|p1a: Zuro|276\/311|[from] recoil|[of] p2a: EmpoleDICK
|
|-heal|p1a: Zuro|295\/311|[from] item: Black Sludge
|-heal|p2a: EmpoleDICK|267\/372|[from] item: Leftovers
|turn|7
|
|move|p1a: Zuro|Taunt|p2a: EmpoleDICK
|-start|p2a: EmpoleDICK|move: Taunt
|cant|p2a: EmpoleDICK|move: Taunt|Stealth Rock
|
|-heal|p1a: Zuro|311\/311|[from] item: Black Sludge
|-heal|p2a: EmpoleDICK|290\/372|[from] item: Leftovers
|turn|8
|
|move|p1a: Zuro|U-turn|p2a: EmpoleDICK
|-resisted|p2a: EmpoleDICK
|-damage|p2a: EmpoleDICK|255\/372
|
|switch|p1a: Lugz|Snorlax, M|461\/461
|move|p2a: EmpoleDICK|Scald|p1a: Lugz
|-damage|p1a: Lugz|368\/461
|
|-heal|p2a: EmpoleDICK|278\/372|[from] item: Leftovers
|-heal|p1a: Lugz|396\/461|[from] item: Leftovers
|turn|9
|
|switch|p2a: Flygon|Flygon, F|301\/301
|-damage|p2a: Flygon|283\/301|[from] Stealth Rock
|move|p1a: Lugz|Earthquake|p2a: Flygon
|-immune|p2a: Flygon|[msg]
|
|-heal|p1a: Lugz|424\/461|[from] item: Leftovers
|turn|10
|
|switch|p1a: Knox|Forretress, M|347\/354
|move|p2a: Flygon|U-turn|p1a: Knox
|-resisted|p1a: Knox
|-damage|p1a: Knox|329\/354
|
|switch|p2a: EmpoleDICK|Empoleon, M|278\/372
|-damage|p2a: EmpoleDICK|255\/372|[from] Stealth Rock
|
|-heal|p2a: EmpoleDICK|278\/372|[from] item: Leftovers
|-heal|p1a: Knox|351\/354|[from] item: Leftovers
|turn|11
|
|move|p2a: EmpoleDICK|Defog|p1a: Knox
|-unboost|p1a: Knox|evasion|1
|-sideend|p2: The Shuckster|Stealth Rock|[from] move: Defog|[of] p2a: EmpoleDICK
|move|p1a: Knox|Volt Switch|p2a: EmpoleDICK
|-supereffective|p2a: EmpoleDICK
|-damage|p2a: EmpoleDICK|226\/372
|
|switch|p1a: Lugz|Snorlax, M|424\/461
|
|-heal|p2a: EmpoleDICK|249\/372|[from] item: Leftovers
|-heal|p1a: Lugz|452\/461|[from] item: Leftovers
|turn|12
|
|switch|p2a: Arcaeight|Arcanine, F|185\/384
|-ability|p2a: Arcaeight|Intimidate|[of] p1a: Lugz
|-unboost|p1a: Lugz|atk|1
|move|p1a: Lugz|Earthquake|p2a: Arcaeight
|-supereffective|p2a: Arcaeight
|-damage|p2a: Arcaeight|47\/384
|
|-heal|p2a: Arcaeight|71\/384|[from] item: Leftovers
|-heal|p1a: Lugz|461\/461|[from] item: Leftovers
|turn|13
|
|move|p2a: Arcaeight|Morning Sun|p2a: Arcaeight
|-heal|p2a: Arcaeight|263\/384
|move|p1a: Lugz|Return|p2a: Arcaeight
|-damage|p2a: Arcaeight|164\/384
|
|-heal|p2a: Arcaeight|188\/384|[from] item: Leftovers
|turn|14
|
|switch|p1a: Petunia|Florges, F|360\/360
|move|p2a: Arcaeight|Will-O-Wisp|p1a: Petunia|[miss]
|-miss|p2a: Arcaeight|p1a: Petunia
|
|-heal|p2a: Arcaeight|212\/384|[from] item: Leftovers
|turn|15
|
|switch|p2a: EmpoleDICK|Empoleon, M|249\/372
|move|p1a: Petunia|Wish|p1a: Petunia
|
|-heal|p2a: EmpoleDICK|272\/372|[from] item: Leftovers
|turn|16
|
|switch|p1a: Alakazam|Alakazam, F|251\/251
|move|p2a: EmpoleDICK|Stealth Rock|p1a: Alakazam
|-sidestart|p1: BroBro98|move: Stealth Rock
|
|-heal|p2a: EmpoleDICK|295\/372|[from] item: Leftovers
|turn|17
|
|move|p1a: Alakazam|Calm Mind|p1a: Alakazam
|-boost|p1a: Alakazam|spa|1
|-boost|p1a: Alakazam|spd|1
|move|p2a: EmpoleDICK|Flash Cannon|p1a: Alakazam
|-damage|p1a: Alakazam|182\/251
|
|-heal|p2a: EmpoleDICK|318\/372|[from] item: Leftovers
|turn|18
|
|move|p1a: Alakazam|Calm Mind|p1a: Alakazam
|-boost|p1a: Alakazam|spa|1
|-boost|p1a: Alakazam|spd|1
|move|p2a: EmpoleDICK|Flash Cannon|p1a: Alakazam
|-damage|p1a: Alakazam|128\/251
|
|-heal|p2a: EmpoleDICK|341\/372|[from] item: Leftovers
|turn|19
|
|move|p1a: Alakazam|Energy Ball|p2a: EmpoleDICK
|-damage|p2a: EmpoleDICK|147\/372
|move|p2a: EmpoleDICK|Flash Cannon|p1a: Alakazam
|-damage|p1a: Alakazam|71\/251
|
|-heal|p2a: EmpoleDICK|170\/372|[from] item: Leftovers
|turn|20
|
|move|p1a: Alakazam|Energy Ball|p2a: EmpoleDICK
|-damage|p2a: EmpoleDICK|0 fnt
|faint|p2a: EmpoleDICK
|
|
|switch|p2a: Donald Sterling|Mienshao, F|271\/271
|turn|21
|
|move|p2a: Donald Sterling|Fake Out|p1a: Alakazam
|-damage|p1a: Alakazam|0 fnt
|-damage|p2a: Donald Sterling|244\/271|[from] item: Life Orb
|faint|p1a: Alakazam
|
|
|switch|p1a: Knox|Forretress, M|351\/354
|-damage|p1a: Knox|307\/354|[from] Stealth Rock
|turn|22
|
|switch|p2a: Arcaeight|Arcanine, F|212\/384
|-ability|p2a: Arcaeight|Intimidate|[of] p1a: Knox
|-unboost|p1a: Knox|atk|1
|move|p1a: Knox|Stealth Rock|p2a: Arcaeight
|-sidestart|p2: The Shuckster|move: Stealth Rock
|
|-heal|p2a: Arcaeight|236\/384|[from] item: Leftovers
|-heal|p1a: Knox|329\/354|[from] item: Leftovers
|turn|23
|
|switch|p1a: Lugz|Snorlax, M|461\/461
|-damage|p1a: Lugz|404\/461|[from] Stealth Rock
|move|p2a: Arcaeight|Flare Blitz|p1a: Lugz
|-damage|p1a: Lugz|248\/461
|-damage|p2a: Arcaeight|185\/384|[from] recoil|[of] p1a: Lugz
|
|-heal|p2a: Arcaeight|209\/384|[from] item: Leftovers
|-heal|p1a: Lugz|276\/461|[from] item: Leftovers
|turn|24
|
|move|p2a: Arcaeight|Flare Blitz|p1a: Lugz
|-damage|p1a: Lugz|129\/461
|-damage|p2a: Arcaeight|160\/384|[from] recoil|[of] p1a: Lugz
|move|p1a: Lugz|Crunch|p2a: Arcaeight
|-damage|p2a: Arcaeight|84\/384
|
|-heal|p2a: Arcaeight|108\/384|[from] item: Leftovers
|-heal|p1a: Lugz|157\/461|[from] item: Leftovers
|turn|25
|
|move|p2a: Arcaeight|Morning Sun|p2a: Arcaeight
|-heal|p2a: Arcaeight|300\/384
|move|p1a: Lugz|Earthquake|p2a: Arcaeight
|-supereffective|p2a: Arcaeight
|-damage|p2a: Arcaeight|118\/384
|
|-heal|p2a: Arcaeight|142\/384|[from] item: Leftovers
|-heal|p1a: Lugz|185\/461|[from] item: Leftovers
|turn|26
|
|switch|p1a: Petunia|Florges, F|360\/360
|-damage|p1a: Petunia|315\/360|[from] Stealth Rock
|move|p2a: Arcaeight|Morning Sun|p2a: Arcaeight
|-heal|p2a: Arcaeight|334\/384
|
|-heal|p2a: Arcaeight|358\/384|[from] item: Leftovers
|-heal|p1a: Petunia|337\/360|[from] item: Leftovers
|turn|27
|
|move|p2a: Arcaeight|Flare Blitz|p1a: Petunia
|-damage|p1a: Petunia|109\/360
|-damage|p2a: Arcaeight|283\/384|[from] recoil|[of] p1a: Petunia
|move|p1a: Petunia|Wish|p1a: Petunia
|
|-heal|p2a: Arcaeight|307\/384|[from] item: Leftovers
|-heal|p1a: Petunia|131\/360|[from] item: Leftovers
|turn|28
|
|move|p1a: Petunia|Protect|p1a: Petunia
|-singleturn|p1a: Petunia|Protect
|move|p2a: Arcaeight|Flare Blitz|p1a: Petunia
|-activate|p1a: Petunia|Protect
|
|-heal|p1a: Petunia|311\/360|[from] move: Wish|[wisher] Petunia
|-heal|p2a: Arcaeight|331\/384|[from] item: Leftovers
|-heal|p1a: Petunia|333\/360|[from] item: Leftovers
|turn|29
|
|move|p2a: Arcaeight|Will-O-Wisp|p1a: Petunia
|-status|p1a: Petunia|brn
|move|p1a: Petunia|Wish|p1a: Petunia
|
|-heal|p2a: Arcaeight|355\/384|[from] item: Leftovers
|-heal|p1a: Petunia|355\/360 brn|[from] item: Leftovers
|-damage|p1a: Petunia|310\/360 brn|[from] brn
|turn|30
|
|move|p2a: Arcaeight|Flare Blitz|p1a: Petunia
|-damage|p1a: Petunia|99\/360 brn
|-damage|p2a: Arcaeight|285\/384|[from] recoil|[of] p1a: Petunia
|move|p1a: Petunia|Toxic|p2a: Arcaeight
|-status|p2a: Arcaeight|tox
|
|-heal|p1a: Petunia|279\/360 brn|[from] move: Wish|[wisher] Petunia
|-heal|p2a: Arcaeight|309\/384 tox|[from] item: Leftovers
|-heal|p1a: Petunia|301\/360 brn|[from] item: Leftovers
|-damage|p2a: Arcaeight|285\/384 tox|[from] psn
|-damage|p1a: Petunia|256\/360 brn|[from] brn
|turn|31
|
|switch|p2a: Donald Sterling|Mienshao, F|271\/271
|-damage|p2a: Donald Sterling|255\/271|[from] Stealth Rock
|move|p1a: Petunia|Wish|p1a: Petunia
|
|-heal|p1a: Petunia|278\/360 brn|[from] item: Leftovers
|-damage|p1a: Petunia|233\/360 brn|[from] brn
|turn|32
|
|move|p1a: Petunia|Protect|p1a: Petunia
|-singleturn|p1a: Petunia|Protect
|move|p2a: Donald Sterling|Fake Out|p1a: Petunia
|-activate|p1a: Petunia|Protect
|
|-heal|p1a: Petunia|360\/360 brn|[from] move: Wish|[wisher] Petunia
|-damage|p1a: Petunia|315\/360 brn|[from] brn
|turn|33
|
|move|p2a: Donald Sterling|U-turn|p1a: Petunia
|-resisted|p1a: Petunia
|-damage|p1a: Petunia|247\/360 brn
|-damage|p2a: Donald Sterling|228\/271|[from] item: Life Orb
|
|switch|p2a: Midieval|Chandelure, F|261\/261
|-damage|p2a: Midieval|196\/261|[from] Stealth Rock
|move|p1a: Petunia|Moonblast|p2a: Midieval
|-resisted|p2a: Midieval
|-damage|p2a: Midieval|129\/261
|
|-heal|p1a: Petunia|269\/360 brn|[from] item: Leftovers
|-damage|p1a: Petunia|224\/360 brn|[from] brn
|turn|34
|
|move|p2a: Midieval|Trick|p1a: Petunia
|-activate|p2a: Midieval|move: Trick|[of] p1a: Petunia
|-item|p1a: Petunia|Choice Scarf|[from] move: Trick
|-item|p2a: Midieval|Leftovers|[from] move: Trick
|move|p1a: Petunia|Wish|p1a: Petunia
|
|-heal|p2a: Midieval|145\/261|[from] item: Leftovers
|-damage|p1a: Petunia|179\/360 brn|[from] brn
|turn|35
|
|switch|p1a: Lugz|Snorlax, M|185\/461
|-damage|p1a: Lugz|128\/461|[from] Stealth Rock
|move|p2a: Midieval|Fire Blast|p1a: Lugz|[miss]
|-miss|p2a: Midieval|p1a: Lugz
|
|-heal|p1a: Lugz|308\/461|[from] move: Wish|[wisher] Petunia
|-heal|p2a: Midieval|161\/261|[from] item: Leftovers
|-heal|p1a: Lugz|336\/461|[from] item: Leftovers
|turn|36
|
|switch|p2a: Arcaeight|Arcanine, F|285\/384 tox
|-damage|p2a: Arcaeight|189\/384 tox|[from] Stealth Rock
|-ability|p2a: Arcaeight|Intimidate|[of] p1a: Lugz
|-unboost|p1a: Lugz|atk|1
|move|p1a: Lugz|Earthquake|p2a: Arcaeight
|-supereffective|p2a: Arcaeight
|-damage|p2a: Arcaeight|55\/384 tox
|
|-heal|p2a: Arcaeight|79\/384 tox|[from] item: Leftovers
|-heal|p1a: Lugz|364\/461|[from] item: Leftovers
|-damage|p2a: Arcaeight|55\/384 tox|[from] psn
|turn|37
|
|move|p2a: Arcaeight|Morning Sun|p2a: Arcaeight
|-heal|p2a: Arcaeight|247\/384 tox
|move|p1a: Lugz|Curse|p1a: Lugz
|-boost|p1a: Lugz|atk|1
|-boost|p1a: Lugz|def|1
|-unboost|p1a: Lugz|spe|1
|
|-heal|p2a: Arcaeight|271\/384 tox|[from] item: Leftovers
|-heal|p1a: Lugz|392\/461|[from] item: Leftovers
|-damage|p2a: Arcaeight|223\/384 tox|[from] psn
|turn|38
|
|move|p2a: Arcaeight|Will-O-Wisp|p1a: Lugz
|-status|p1a: Lugz|brn
|move|p1a: Lugz|Curse|p1a: Lugz
|-boost|p1a: Lugz|atk|1
|-boost|p1a: Lugz|def|1
|-unboost|p1a: Lugz|spe|1
|
|-heal|p2a: Arcaeight|247\/384 tox|[from] item: Leftovers
|-heal|p1a: Lugz|420\/461 brn|[from] item: Leftovers
|-damage|p2a: Arcaeight|175\/384 tox|[from] psn
|-damage|p1a: Lugz|363\/461 brn|[from] brn
|turn|39
|
|switch|p2a: Donald Sterling|Mienshao, F|271\/271
|-damage|p2a: Donald Sterling|255\/271|[from] Stealth Rock
|move|p1a: Lugz|Curse|p1a: Lugz
|-boost|p1a: Lugz|atk|1
|-boost|p1a: Lugz|def|1
|-unboost|p1a: Lugz|spe|1
|
|-heal|p1a: Lugz|391\/461 brn|[from] item: Leftovers
|-damage|p1a: Lugz|334\/461 brn|[from] brn
|turn|40
|
|move|p2a: Donald Sterling|Fake Out|p1a: Lugz
|-crit|p1a: Lugz
|-damage|p1a: Lugz|233\/461 brn
|-damage|p2a: Donald Sterling|228\/271|[from] item: Life Orb
|cant|p1a: Lugz|flinch
|
|-heal|p1a: Lugz|261\/461 brn|[from] item: Leftovers
|-damage|p1a: Lugz|204\/461 brn|[from] brn
|turn|41
|
|move|p2a: Donald Sterling|High Jump Kick|p1a: Lugz
|-supereffective|p1a: Lugz
|-damage|p1a: Lugz|0 fnt
|-damage|p2a: Donald Sterling|201\/271|[from] item: Life Orb
|faint|p1a: Lugz
|
|
|switch|p1a: Zuro|Crobat, F|311\/311
|-damage|p1a: Zuro|234\/311|[from] Stealth Rock
|turn|42
|
|switch|p2a: Arcaeight|Arcanine, F|175\/384 tox
|-damage|p2a: Arcaeight|79\/384 tox|[from] Stealth Rock
|-ability|p2a: Arcaeight|Intimidate|[of] p1a: Zuro
|-unboost|p1a: Zuro|atk|1
|move|p1a: Zuro|Brave Bird|p2a: Arcaeight
|-damage|p2a: Arcaeight|0 fnt
|-damage|p1a: Zuro|208\/311|[from] recoil|[of] p2a: Arcaeight
|faint|p2a: Arcaeight
|
|-heal|p1a: Zuro|227\/311|[from] item: Black Sludge
|
|switch|p2a: Flygon|Flygon, F|283\/301
|-damage|p2a: Flygon|265\/301|[from] Stealth Rock
|turn|43
|
|switch|p1a: Petunia|Florges, F|179\/360 brn
|-damage|p1a: Petunia|134\/360 brn|[from] Stealth Rock
|move|p2a: Flygon|Stone Edge|p1a: Petunia
|-damage|p1a: Petunia|0 fnt
|faint|p1a: Petunia
|
|
|switch|p1a: Knox|Forretress, M|329\/354
|-damage|p1a: Knox|285\/354|[from] Stealth Rock
|turn|44
|
|switch|p2a: Midieval|Chandelure, F|161\/261
|-damage|p2a: Midieval|96\/261|[from] Stealth Rock
|move|p1a: Knox|Volt Switch|p2a: Midieval
|-damage|p2a: Midieval|58\/261
|
|switch|p1a: Zuro|Crobat, F|227\/311
|-damage|p1a: Zuro|150\/311|[from] Stealth Rock
|
|-heal|p1a: Zuro|169\/311|[from] item: Black Sludge
|-heal|p2a: Midieval|74\/261|[from] item: Leftovers
|turn|45
|
|move|p1a: Zuro|Brave Bird|p2a: Midieval
|-damage|p2a: Midieval|0 fnt
|-damage|p1a: Zuro|145\/311|[from] recoil|[of] p2a: Midieval
|faint|p2a: Midieval
|
|-heal|p1a: Zuro|164\/311|[from] item: Black Sludge
|
|switch|p2a: Flygon|Flygon, F|265\/301
|-damage|p2a: Flygon|247\/301|[from] Stealth Rock
|turn|46
|
|switch|p1a: Knox|Forretress, M|285\/354
|-damage|p1a: Knox|241\/354|[from] Stealth Rock
|move|p2a: Flygon|Earthquake|p1a: Knox
|-damage|p1a: Knox|154\/354
|
|-heal|p1a: Knox|176\/354|[from] item: Leftovers
|turn|47
|
|move|p2a: Flygon|Earthquake|p1a: Knox
|-damage|p1a: Knox|86\/354
|move|p1a: Knox|Rapid Spin|p2a: Flygon
|-damage|p2a: Flygon|229\/301
|-sideend|p1: BroBro98|Stealth Rock|[from] move: Rapid Spin|[of] p1a: Knox
|
|-heal|p1a: Knox|108\/354|[from] item: Leftovers
|turn|48
|
|move|p2a: Flygon|Earthquake|p1a: Knox
|-damage|p1a: Knox|29\/354
|move|p1a: Knox|Gyro Ball|p2a: Flygon
|-damage|p2a: Flygon|28\/301
|
|-heal|p1a: Knox|51\/354|[from] item: Leftovers
|turn|49
|
|switch|p1a: Zuro|Crobat, F|164\/311
|move|p2a: Flygon|Earthquake|p1a: Zuro
|-immune|p1a: Zuro|[msg]
|
|-heal|p1a: Zuro|183\/311|[from] item: Black Sludge
|turn|50
|
|move|p2a: Flygon|Earthquake|p1a: Zuro
|-immune|p1a: Zuro|[msg]
|move|p1a: Zuro|U-turn|p2a: Flygon
|-damage|p2a: Flygon|0 fnt
|faint|p2a: Flygon
|
|switch|p1a: Knox|Forretress, M|51\/354
|
|-heal|p1a: Knox|73\/354|[from] item: Leftovers
|
|switch|p2a: Miley Cyrus|Roserade, M|262\/262
|-damage|p2a: Miley Cyrus|230\/262|[from] Stealth Rock
|turn|51
|
|move|p2a: Miley Cyrus|Hidden Power|p1a: Knox
|-supereffective|p1a: Knox
|-damage|p1a: Knox|0 fnt
|-damage|p2a: Miley Cyrus|204\/262|[from] item: Life Orb
|faint|p1a: Knox
|
|
|switch|p1a: Zuro|Crobat, F|183\/311
|turn|52
|
|move|p1a: Zuro|Taunt|p2a: Miley Cyrus
|-start|p2a: Miley Cyrus|move: Taunt
|cant|p2a: Miley Cyrus|move: Taunt|Sleep Powder
|
|-heal|p1a: Zuro|202\/311|[from] item: Black Sludge
|turn|53
|
|move|p1a: Zuro|Cross Poison|p2a: Miley Cyrus
|-damage|p2a: Miley Cyrus|54\/262
|move|p2a: Miley Cyrus|Leaf Storm|p1a: Zuro
|-resisted|p1a: Zuro
|-damage|p1a: Zuro|119\/311
|-unboost|p2a: Miley Cyrus|spa|2
|-damage|p2a: Miley Cyrus|28\/262|[from] item: Life Orb
|
|-heal|p1a: Zuro|138\/311|[from] item: Black Sludge
|turn|54
|
|move|p1a: Zuro|Cross Poison|p2a: Miley Cyrus
|-crit|p2a: Miley Cyrus
|-damage|p2a: Miley Cyrus|0 fnt
|faint|p2a: Miley Cyrus
|
|-heal|p1a: Zuro|157\/311|[from] item: Black Sludge
|
|switch|p2a: Donald Sterling|Mienshao, F|271\/271
|-damage|p2a: Donald Sterling|255\/271|[from] Stealth Rock
|turn|55
|
|move|p2a: Donald Sterling|Fake Out|p1a: Zuro
|-damage|p1a: Zuro|91\/311
|-damage|p2a: Donald Sterling|228\/271|[from] item: Life Orb
|move|p1a: Zuro|Cross Poison|p2a: Donald Sterling
|-damage|p2a: Donald Sterling|60\/271
|-status|p2a: Donald Sterling|psn
|
|-heal|p1a: Zuro|110\/311|[from] item: Black Sludge
|-damage|p2a: Donald Sterling|27\/271 psn|[from] psn
|turn|56
|
|move|p1a: Zuro|Cross Poison|p2a: Donald Sterling
|-damage|p2a: Donald Sterling|0 fnt
|faint|p2a: Donald Sterling
|
|win|BroBro98
|raw|Ladder updating...
|chat|BroBro98|gg
|raw|Ladder (probably) updated, but score could not be retrieved (timeout).
|raw|Ladder (probably) updated, but score could not be retrieved (Error: socket hang up).
|chat|The Shuckster|you have inner focus on your crobat -_-
|chat|The Shuckster|gg anyways
|leave|The Shuckster
|player|p2