|join|BroBro98
|join|SyntheticSetty
|player|p1|BroBro98|154
|player|p2|SyntheticSetty|163
|gametype|singles
|gen|6
|tier|UU
|rated
|rule|Sleep Clause Mod: Limit one foe put to sleep
|rule|Species Clause: Limit one of each PokÃ©mon
|rule|OHKO Clause: OHKO moves are banned
|rule|Moody Clause: Moody is banned
|rule|Evasion Moves Clause: Evasion moves are banned
|rule|Endless Battle Clause: Forcing endless battles is banned
|rule|HP Percentage Mod: HP is shown in percentages
|clearpoke
|poke|p1|Crobat, M
|poke|p1|Krookodile, F
|poke|p1|Florges, F
|poke|p1|Blastoise, M
|poke|p1|Espeon, M
|poke|p1|Shiftry, M
|poke|p2|Poliwrath, M
|poke|p2|Snorlax, M
|poke|p2|Ampharos, M
|poke|p2|Escavalier, M
|poke|p2|Braviary, M
|poke|p2|Arcanine, M
|rule|Swagger Clause: Swagger is banned
|rule|Baton Pass Clause: Limit one PokÃ©mon knowing Baton Pass
|teampreview
|
|start
|switch|p1a: Krookodile|Krookodile, F|394\/394
|switch|p2a: Escavalier|Escavalier, M|344\/344
|-ability|p1a: Krookodile|Intimidate|[of] p2a: Escavalier
|-unboost|p2a: Escavalier|atk|1
|turn|1
|-activate|p2a: Escavalier|item: Quick Claw
|
|move|p2a: Escavalier|Megahorn|p1a: Krookodile
|-supereffective|p1a: Krookodile
|-damage|p1a: Krookodile|104\/394
|move|p1a: Krookodile|Stealth Rock|p2a: Escavalier
|-sidestart|p2: SyntheticSetty|move: Stealth Rock
|
|-heal|p1a: Krookodile|128\/394|[from] item: Leftovers
|turn|2
|-activate|p2a: Escavalier|item: Quick Claw
|
|move|p2a: Escavalier|Megahorn|p1a: Krookodile
|-supereffective|p1a: Krookodile
|-damage|p1a: Krookodile|0 fnt
|faint|p1a: Krookodile
|
|
|switch|p1a: Shiftry|Shiftry, M|321\/321
|turn|3
|
|move|p1a: Shiftry|Knock Off|p2a: Escavalier
|-damage|p2a: Escavalier|191\/344
|-enditem|p2a: Escavalier|Quick Claw|[from] move: Knock Off|[of] p1a: Shiftry
|move|p2a: Escavalier|Swords Dance|p2a: Escavalier
|-boost|p2a: Escavalier|atk|2
|
|turn|4
|
|move|p1a: Shiftry|Swords Dance|p1a: Shiftry
|-boost|p1a: Shiftry|atk|2
|move|p2a: Escavalier|Megahorn|p1a: Shiftry
|-supereffective|p1a: Shiftry
|-enditem|p1a: Shiftry|Focus Sash
|-damage|p1a: Shiftry|1\/321
|
|turn|5
|
|move|p1a: Shiftry|Sucker Punch|p2a: Escavalier
|-damage|p2a: Escavalier|0 fnt
|faint|p2a: Escavalier
|
|
|switch|p2a: Snor|Snorlax, M|455\/455
|-damage|p2a: Snor|399\/455|[from] Stealth Rock
|turn|6
|
|move|p1a: Shiftry|Knock Off|p2a: Snor
|-damage|p2a: Snor|90\/455
|-enditem|p2a: Snor|Assault Vest|[from] move: Knock Off|[of] p1a: Shiftry
|move|p2a: Snor|Body Slam|p1a: Shiftry
|-damage|p1a: Shiftry|0 fnt
|faint|p1a: Shiftry
|
|
|switch|p1a: Espeon|Espeon, M|271\/271
|turn|7
|
|move|p1a: Espeon|Psyshock|p2a: Snor
|-damage|p2a: Snor|0 fnt
|-damage|p1a: Espeon|244\/271|[from] item: Life Orb
|faint|p2a: Snor
|
|
|switch|p2a: Arcanine|Arcanine, M|325\/325
|-damage|p2a: Arcanine|244\/325|[from] Stealth Rock
|turn|8
|
|move|p1a: Espeon|Psyshock|p2a: Arcanine
|-damage|p2a: Arcanine|41\/325
|-damage|p1a: Espeon|217\/271|[from] item: Life Orb
|-enditem|p2a: Arcanine|Liechi Berry|[eat]
|-boost|p2a: Arcanine|atk|1|[from] item: Liechi Berry
|move|p2a: Arcanine|Agility|p2a: Arcanine
|-boost|p2a: Arcanine|spe|2
|
|turn|9
|
|move|p2a: Arcanine|Crunch|p1a: Espeon
|-supereffective|p1a: Espeon
|-damage|p1a: Espeon|0 fnt
|faint|p1a: Espeon
|
|
|switch|p1a: Florges|Florges, F|360\/360
|turn|10
|
|move|p2a: Arcanine|Extreme Speed|p1a: Florges
|-damage|p1a: Florges|232\/360
|move|p1a: Florges|Moonblast|p2a: Arcanine
|-resisted|p2a: Arcanine
|-damage|p2a: Arcanine|0 fnt
|faint|p2a: Arcanine
|
|-heal|p1a: Florges|254\/360|[from] item: Leftovers
|
|switch|p2a: Ampharos|Ampharos, M|322\/322
|-damage|p2a: Ampharos|282\/322|[from] Stealth Rock
|turn|11
|
|move|p2a: Ampharos|Agility|p2a: Ampharos
|-boost|p2a: Ampharos|spe|2
|move|p1a: Florges|Wish|p1a: Florges
|
|-heal|p1a: Florges|276\/360|[from] item: Leftovers
|turn|12
|
|move|p2a: Ampharos|Charge Beam|p1a: Florges
|-crit|p1a: Florges
|-damage|p1a: Florges|183\/360
|-boost|p2a: Ampharos|spa|1
|move|p1a: Florges|Moonblast|p2a: Ampharos
|-damage|p2a: Ampharos|141\/322
|
|-heal|p1a: Florges|360\/360|[from] move: Wish|[wisher] Florges
|turn|13
|
|move|p2a: Ampharos|Charge Beam|p1a: Florges
|-damage|p1a: Florges|266\/360
|-boost|p2a: Ampharos|spa|1
|move|p1a: Florges|Moonblast|p2a: Ampharos
|-damage|p2a: Ampharos|0 fnt
|faint|p2a: Ampharos
|
|-heal|p1a: Florges|288\/360|[from] item: Leftovers
|
|switch|p2a: Brav|Braviary, M|345\/345
|-damage|p2a: Brav|259\/345|[from] Stealth Rock
|turn|14
|
|move|p2a: Brav|Roost|p2a: Brav
|-heal|p2a: Brav|345\/345
|move|p1a: Florges|Moonblast|p2a: Brav
|-damage|p2a: Brav|197\/345
|
|-heal|p1a: Florges|310\/360|[from] item: Leftovers
|turn|15
|
|move|p2a: Brav|Roost|p2a: Brav
|-heal|p2a: Brav|345\/345
|move|p1a: Florges|Moonblast|p2a: Brav
|-damage|p2a: Brav|210\/345
|
|-heal|p1a: Florges|332\/360|[from] item: Leftovers
|turn|16
|
|move|p2a: Brav|Bulk Up|p2a: Brav
|-boost|p2a: Brav|atk|1
|-boost|p2a: Brav|def|1
|move|p1a: Florges|Moonblast|p2a: Brav
|-damage|p2a: Brav|65\/345
|-unboost|p2a: Brav|spa|1
|-boost|p2a: Brav|atk|2|[from] ability: Defiant
|-enditem|p2a: Brav|Salac Berry|[eat]
|-boost|p2a: Brav|spe|1|[from] item: Salac Berry
|
|-heal|p1a: Florges|354\/360|[from] item: Leftovers
|turn|17
|
|move|p2a: Brav|Roost|p2a: Brav
|-heal|p2a: Brav|238\/345
|move|p1a: Florges|Moonblast|p2a: Brav
|-damage|p2a: Brav|99\/345
|-unboost|p2a: Brav|spa|1
|-boost|p2a: Brav|atk|2|[from] ability: Defiant
|
|-heal|p1a: Florges|360\/360|[from] item: Leftovers
|turn|18
|
|move|p2a: Brav|Roost|p2a: Brav
|-heal|p2a: Brav|272\/345
|move|p1a: Florges|Moonblast|p2a: Brav
|-crit|p2a: Brav
|-damage|p2a: Brav|52\/345
|
|turn|19
|
|move|p2a: Brav|Roost|p2a: Brav
|-heal|p2a: Brav|225\/345
|move|p1a: Florges|Moonblast|p2a: Brav
|-damage|p2a: Brav|86\/345
|
|turn|20
|
|move|p2a: Brav|Roost|p2a: Brav
|-heal|p2a: Brav|259\/345
|move|p1a: Florges|Moonblast|p2a: Brav
|-damage|p2a: Brav|121\/345
|-unboost|p2a: Brav|spa|1
|-boost|p2a: Brav|atk|2|[from] ability: Defiant
|
|turn|21
|
|move|p2a: Brav|Facade|p1a: Florges
|-damage|p1a: Florges|0 fnt
|faint|p1a: Florges
|
|
|switch|p1a: Crobat|Crobat, M|311\/311
|turn|22
|
|move|p1a: Crobat|Brave Bird|p2a: Brav
|-damage|p2a: Brav|0 fnt
|-damage|p1a: Crobat|271\/311|[from] recoil|[of] p2a: Brav
|faint|p2a: Brav
|
|
|switch|p2a: Poli|Poliwrath, M|350\/350
|-damage|p2a: Poli|329\/350|[from] Stealth Rock
|turn|23
|
|move|p1a: Crobat|Brave Bird|p2a: Poli
|-supereffective|p2a: Poli
|-damage|p2a: Poli|0 fnt
|-damage|p1a: Crobat|162\/311|[from] recoil|[of] p2a: Poli
|faint|p2a: Poli
|
|win|BroBro98
|raw|Ladder updating...
|raw|BroBro98's rating: 1334 &rarr; <strong>1347<\/strong><br \/>(+13 for winning)
|raw|SyntheticSetty's rating: 1216 &rarr; <strong>1200<\/strong><br \/>(-16 for losing)
|c|âBroBro98|gg