|join|SturdyShednnja
|join|BroBro98
|player|p1|SturdyShednnja|105
|player|p2|BroBro98|154
|gametype|singles
|gen|6
|tier|UU
|rated
|rule|Sleep Clause Mod: Limit one foe put to sleep
|rule|Species Clause: Limit one of each PokÃ©mon
|rule|OHKO Clause: OHKO moves are banned
|rule|Moody Clause: Moody is banned
|rule|Evasion Moves Clause: Evasion moves are banned
|rule|Endless Battle Clause: Forcing endless battles is banned
|rule|HP Percentage Mod: HP is shown in percentages
|clearpoke
|poke|p1|Beedrill, M
|poke|p1|Regirock, shiny
|poke|p1|Empoleon, F
|poke|p1|Darmanitan, M, shiny
|poke|p1|Kyurem, shiny
|poke|p1|Roserade, F
|poke|p2|Emboar, M
|poke|p2|Vaporeon, M
|poke|p2|Jirachi
|poke|p2|Krookodile, F
|poke|p2|Yanmega, M
|poke|p2|Starmie
|rule|Swagger Clause: Swagger is banned
|rule|Baton Pass Clause: Limit one PokÃ©mon knowing Baton Pass
|teampreview
|
|start
|switch|p1a: Beedrill|Beedrill, M|271\/271
|switch|p2a: Turnt|Emboar, M|361\/361
|turn|1
|
|switch|p2a: Yanmega|Yanmega, M|313\/313
|detailschange|p1a: Beedrill|Beedrill-Mega, M
|-mega|p1a: Beedrill|Beedrill|Beedrillite
|move|p1a: Beedrill|Protect|p1a: Beedrill
|-fail|p1a: Beedrill
|
|turn|2
|
|move|p2a: Yanmega|Protect|p2a: Yanmega
|-singleturn|p2a: Yanmega|Protect
|move|p1a: Beedrill|U-turn|p2a: Yanmega
|-activate|p2a: Yanmega|Protect
|
|-boost|p2a: Yanmega|spe|1|[from] ability: Speed Boost
|turn|3
|
|switch|p1a: Kyurem|Kyurem, shiny|406\/406
|-ability|p1a: Kyurem|Pressure
|move|p2a: Yanmega|Air Slash|p1a: Kyurem|[miss]
|-miss|p2a: Yanmega|p1a: Kyurem
|
|-boost|p2a: Yanmega|spe|1|[from] ability: Speed Boost
|turn|4
|
|switch|p2a: No balls|Jirachi|404\/404
|move|p1a: Kyurem|Ice Beam|p2a: No balls
|-resisted|p2a: No balls
|-damage|p2a: No balls|314\/404
|
|-heal|p2a: No balls|339\/404|[from] item: Leftovers
|turn|5
|
|switch|p1a: Darmanitan|Darmanitan, M, shiny|351\/351
|move|p2a: No balls|Thunder Wave|p1a: Darmanitan
|-status|p1a: Darmanitan|par
|
|-heal|p2a: No balls|364\/404|[from] item: Leftovers
|turn|6
|c|âSturdyShednnja|ayy im finnaly on the ladder
|c|âSturdyShednnja|took me long enough
|
|move|p2a: No balls|U-turn|p1a: Darmanitan
|-resisted|p1a: Darmanitan
|-damage|p1a: Darmanitan|304\/351 par
|
|switch|p2a: Turnt|Emboar, M|361\/361
|cant|p1a: Darmanitan|par
|
|turn|7
|c|âSturdyShednnja|ok no
|c|âSturdyShednnja|were not doin this para bs again
|
|switch|p1a: Roserade|Roserade, F|324\/324
|move|p2a: Turnt|Earthquake|p1a: Roserade
|-damage|p1a: Roserade|156\/324
|
|-heal|p1a: Roserade|176\/324|[from] item: Black Sludge
|turn|8
|c|âSturdyShednnja|ive had enough of that from the eviolite togekiss
|
|move|p2a: Turnt|Earthquake|p1a: Roserade
|-damage|p1a: Roserade|25\/324
|move|p1a: Roserade|Sleep Powder|p2a: Turnt
|-status|p2a: Turnt|slp
|
|-heal|p1a: Roserade|45\/324|[from] item: Black Sludge
|turn|9
|c|âSturdyShednnja|togetic i meant
|c|âSturdyShednnja|fuckin 8 turns of para
|c|âSturdyShednnja|like wtf
|c|âSturdyShednnja|and i still came back and kicked his ass
|
|switch|p2a: Krookodile|Krookodile, F|331\/331
|move|p1a: Roserade|Leech Seed|p2a: Krookodile
|-start|p2a: Krookodile|move: Leech Seed
|
|-heal|p1a: Roserade|65\/324|[from] item: Black Sludge
|-damage|p2a: Krookodile|290\/331|[from] Leech Seed|[of] p1a: Roserade
|-heal|p1a: Roserade|106\/324|[silent]
|turn|10
|c|âSturdyShednnja|fuckin stupid ass shit
|
|switch|p1a: Empoleon|Empoleon, F|371\/371
|-item|p1a: Empoleon|Air Balloon
|move|p2a: Krookodile|Earthquake|p1a: Empoleon
|-immune|p1a: Empoleon|[msg]
|
|-damage|p2a: Krookodile|249\/331|[from] Leech Seed|[of] p1a: Empoleon
|turn|11
|c|âSturdyShednnja|like that battle got me all messed up
|c|âSturdyShednnja|like y the hell would i switch roserade into emboar
|c|âSturdyShednnja|da fauq
|
|switch|p2a: Vaporeon|Vaporeon, M|464\/464
|move|p1a: Empoleon|Scald|p2a: Vaporeon
|-immune|p2a: Vaporeon|[msg]
|
|turn|12
|
|switch|p1a: Kyurem|Kyurem, shiny|406\/406
|-ability|p1a: Kyurem|Pressure
|move|p2a: Vaporeon|Scald|p1a: Kyurem
|-resisted|p1a: Kyurem
|-damage|p1a: Kyurem|349\/406
|
|turn|13
|
|move|p2a: Vaporeon|Protect|p2a: Vaporeon
|-singleturn|p2a: Vaporeon|Protect
|move|p1a: Kyurem|Draco Meteor|p2a: Vaporeon
|-activate|p2a: Vaporeon|Protect
|
|turn|14
|
|switch|p1a: Darmanitan|Darmanitan, M, shiny|304\/351 par
|move|p2a: Vaporeon|Heal Bell|p2a: Vaporeon
|-cureteam|p2a: Vaporeon|[from] move: HealBell
|
|turn|15
|c|âSturdyShednnja|hello
|c|âSturdyShednnja|u stayed in
|c|âSturdyShednnja|i thisk u can tank than
|c|âSturdyShednnja|lol
|c|âSturdyShednnja|k
|
|switch|p2a: Turnt|Emboar, M|361\/361
|switch|p1a: Kyurem|Kyurem, shiny|349\/406
|-ability|p1a: Kyurem|Pressure
|
|turn|16
|
|switch|p2a: No balls|Jirachi|364\/404
|move|p1a: Kyurem|Earth Power|p2a: No balls
|-supereffective|p2a: No balls
|-damage|p2a: No balls|144\/404
|-unboost|p2a: No balls|spd|1
|
|-heal|p2a: No balls|169\/404|[from] item: Leftovers
|turn|17
|
|switch|p2a: Yanmega|Yanmega, M|313\/313
|move|p1a: Kyurem|Earth Power|p2a: Yanmega
|-immune|p2a: Yanmega|[msg]
|
|turn|18
|
|switch|p1a: Regirock|Regirock, shiny|360\/360
|move|p2a: Yanmega|Air Slash|p1a: Regirock
|-resisted|p1a: Regirock
|-damage|p1a: Regirock|266\/360
|-damage|p2a: Yanmega|282\/313|[from] item: Life Orb
|
|-boost|p2a: Yanmega|spe|1|[from] ability: Speed Boost
|turn|19
|
|switch|p1a: Kyurem|Kyurem, shiny|349\/406
|-ability|p1a: Kyurem|Pressure
|move|p2a: Yanmega|Giga Drain|p1a: Kyurem
|-crit|p1a: Kyurem
|-resisted|p1a: Kyurem
|-damage|p1a: Kyurem|257\/406
|-heal|p2a: Yanmega|313\/313|[from] drain|[of] p1a: Kyurem
|-damage|p2a: Yanmega|282\/313|[from] item: Life Orb
|
|-boost|p2a: Yanmega|spe|1|[from] ability: Speed Boost
|turn|20
|
|move|p2a: Yanmega|Protect|p2a: Yanmega
|-singleturn|p2a: Yanmega|Protect
|move|p1a: Kyurem|Draco Meteor|p2a: Yanmega
|-activate|p2a: Yanmega|Protect
|
|-boost|p2a: Yanmega|spe|1|[from] ability: Speed Boost
|turn|21
|
|move|p2a: Yanmega|Bug Buzz|p1a: Kyurem
|-damage|p1a: Kyurem|30\/406
|-damage|p2a: Yanmega|251\/313|[from] item: Life Orb
|move|p1a: Kyurem|Draco Meteor|p2a: Yanmega
|-crit|p2a: Yanmega
|-damage|p2a: Yanmega|0 fnt
|-unboost|p1a: Kyurem|spa|2
|faint|p2a: Yanmega
|
|
|switch|p2a: Krookodile|Krookodile, F|249\/331
|turn|22
|c|âSturdyShednnja|nice and crit
|c|âSturdyShednnja|ik ik it mattered xD
|
|move|p2a: Krookodile|Pursuit|p1a: Kyurem
|-damage|p1a: Kyurem|0 fnt
|-damage|p2a: Krookodile|216\/331|[from] item: Life Orb
|faint|p1a: Kyurem
|-boost|p2a: Krookodile|atk|1|[from] ability: Moxie
|
|
|switch|p1a: Beedrill|Beedrill-Mega, M|271\/271
|turn|23
|c|âSturdyShednnja|wait when did that emboar wake up
|c|âSturdyShednnja|whatvr
|
|move|p1a: Beedrill|U-turn|p2a: Krookodile
|-supereffective|p2a: Krookodile
|-damage|p2a: Krookodile|0 fnt
|faint|p2a: Krookodile
|
|switch|p1a: Regirock|Regirock, shiny|266\/360
|
|
|switch|p2a: Starmie|Starmie|324\/324
|turn|24
|
|switch|p1a: Roserade|Roserade, F|106\/324
|move|p2a: Starmie|Scald|p1a: Roserade
|-resisted|p1a: Roserade
|-damage|p1a: Roserade|72\/324
|-status|p1a: Roserade|brn
|
|-heal|p1a: Roserade|92\/324 brn|[from] item: Black Sludge
|-damage|p1a: Roserade|52\/324 brn|[from] brn
|turn|25
|
|move|p2a: Starmie|Ice Beam|p1a: Roserade
|-supereffective|p1a: Roserade
|-damage|p1a: Roserade|0 fnt
|faint|p1a: Roserade
|
|
|switch|p1a: Beedrill|Beedrill-Mega, M|271\/271
|turn|26
|
|switch|p2a: Vaporeon|Vaporeon, M|464\/464
|move|p1a: Beedrill|Poison Jab|p2a: Vaporeon
|-damage|p2a: Vaporeon|258\/464
|
|-heal|p2a: Vaporeon|287\/464|[from] item: Leftovers
|turn|27
|
|switch|p1a: Empoleon|Empoleon, F|371\/371
|-item|p1a: Empoleon|Air Balloon
|move|p2a: Vaporeon|Scald|p1a: Empoleon
|-resisted|p1a: Empoleon
|-damage|p1a: Empoleon|319\/371
|-enditem|p1a: Empoleon|Air Balloon
|
|-heal|p2a: Vaporeon|316\/464|[from] item: Leftovers
|turn|28
|
|move|p2a: Vaporeon|Wish|p2a: Vaporeon
|move|p1a: Empoleon|Ice Beam|p2a: Vaporeon
|-resisted|p2a: Vaporeon
|-damage|p2a: Vaporeon|262\/464
|
|-heal|p2a: Vaporeon|291\/464|[from] item: Leftovers
|turn|29
|
|switch|p2a: No balls|Jirachi|169\/404
|move|p1a: Empoleon|Scald|p2a: No balls
|-damage|p2a: No balls|63\/404
|-status|p2a: No balls|brn
|
|-heal|p2a: No balls|295\/404 brn|[from] move: Wish|[wisher] Vaporeon
|-heal|p2a: No balls|320\/404 brn|[from] item: Leftovers
|-damage|p2a: No balls|270\/404 brn|[from] brn
|turn|30
|
|switch|p2a: Vaporeon|Vaporeon, M|291\/464
|move|p1a: Empoleon|Grass Knot|p2a: Vaporeon
|-supereffective|p2a: Vaporeon
|-damage|p2a: Vaporeon|147\/464
|
|-heal|p2a: Vaporeon|176\/464|[from] item: Leftovers
|turn|31
|c|âSturdyShednnja|there we go
|c|âSturdyShednnja|lol i had misclicked
|c|âSturdyShednnja|with ice beam
|
|move|p2a: Vaporeon|Wish|p2a: Vaporeon
|move|p1a: Empoleon|Grass Knot|p2a: Vaporeon
|-supereffective|p2a: Vaporeon
|-damage|p2a: Vaporeon|40\/464
|
|-heal|p2a: Vaporeon|69\/464|[from] item: Leftovers
|turn|32
|
|switch|p2a: Turnt|Emboar, M|361\/361
|move|p1a: Empoleon|Grass Knot|p2a: Turnt
|-resisted|p2a: Turnt
|-damage|p2a: Turnt|277\/361
|
|-heal|p2a: Turnt|361\/361|[from] move: Wish|[wisher] Vaporeon
|turn|33
|
|switch|p1a: Darmanitan|Darmanitan, M, shiny|304\/351 par
|move|p2a: Turnt|Earthquake|p1a: Darmanitan
|-supereffective|p1a: Darmanitan
|-damage|p1a: Darmanitan|0 fnt
|faint|p1a: Darmanitan
|
|
|switch|p1a: Regirock|Regirock, shiny|266\/360
|turn|34
|
|switch|p2a: Starmie|Starmie|324\/324
|move|p1a: Regirock|Counter|p2a: Starmie
|-fail|p2a: Starmie
|
|turn|35
|
|switch|p1a: Empoleon|Empoleon, F|319\/371
|move|p2a: Starmie|Scald|p1a: Empoleon
|-resisted|p1a: Empoleon
|-damage|p1a: Empoleon|273\/371
|
|turn|36
|c|âSturdyShednnja|ill brb
|
|move|p2a: Starmie|Scald|p1a: Empoleon
|-resisted|p1a: Empoleon
|-damage|p1a: Empoleon|225\/371
|move|p1a: Empoleon|Grass Knot|p2a: Starmie
|-supereffective|p2a: Starmie
|-damage|p2a: Starmie|114\/324
|
|-heal|p2a: Starmie|134\/324|[from] item: Leftovers
|turn|37
|c|âSturdyShednnja|really
|
|move|p2a: Starmie|Scald|p1a: Empoleon
|-resisted|p1a: Empoleon
|-damage|p1a: Empoleon|183\/371
|move|p1a: Empoleon|Grass Knot|p2a: Starmie
|-supereffective|p2a: Starmie
|-damage|p2a: Starmie|0 fnt
|faint|p2a: Starmie
|
|c|âSturdyShednnja|ur a dick
|c|âSturdyShednnja|i said brb
|
|switch|p2a: Turnt|Emboar, M|361\/361
|turn|38
|c|âSturdyShednnja|and u start the timer
|
|switch|p1a: Beedrill|Beedrill-Mega, M|271\/271
|move|p2a: Turnt|Earthquake|p1a: Beedrill
|-damage|p1a: Beedrill|36\/271
|
|turn|39
|
|move|p1a: Beedrill|Drill Run|p2a: Turnt
|-supereffective|p2a: Turnt
|-damage|p2a: Turnt|79\/361
|move|p2a: Turnt|Earthquake|p1a: Beedrill
|-damage|p1a: Beedrill|0 fnt
|faint|p1a: Beedrill
|
|
|switch|p1a: Regirock|Regirock, shiny|266\/360
|turn|40
|
|switch|p2a: No balls|Jirachi|270\/404 brn
|move|p1a: Regirock|Rest|p1a: Regirock
|-status|p1a: Regirock|slp
|-heal|p1a: Regirock|360\/360 slp|[silent]
|-status|p1a: Regirock|slp|[from] move: Rest
|-enditem|p1a: Regirock|Chesto Berry|[eat]
|-curestatus|p1a: Regirock|slp
|
|-heal|p2a: No balls|295\/404 brn|[from] item: Leftovers
|-damage|p2a: No balls|245\/404 brn|[from] brn
|turn|41
|
|move|p2a: No balls|Iron Head|p1a: Regirock
|-supereffective|p1a: Regirock
|-damage|p1a: Regirock|318\/360
|move|p1a: Regirock|Earthquake|p2a: No balls
|-supereffective|p2a: No balls
|-damage|p2a: No balls|81\/404 brn
|
|-heal|p2a: No balls|106\/404 brn|[from] item: Leftovers
|-damage|p2a: No balls|56\/404 brn|[from] brn
|turn|42
|
|move|p2a: No balls|Wish|p2a: No balls
|move|p1a: Regirock|Earthquake|p2a: No balls
|-supereffective|p2a: No balls
|-damage|p2a: No balls|0 fnt
|faint|p2a: No balls
|
|
|switch|p2a: Vaporeon|Vaporeon, M|69\/464
|turn|43
|
|switch|p1a: Empoleon|Empoleon, F|183\/371
|move|p2a: Vaporeon|Protect|p2a: Vaporeon
|-fail|p2a: Vaporeon
|
|-heal|p2a: Vaporeon|271\/464|[from] move: Wish|[wisher] No balls
|-heal|p2a: Vaporeon|300\/464|[from] item: Leftovers
|turn|44
|
|move|p2a: Vaporeon|Wish|p2a: Vaporeon
|move|p1a: Empoleon|Scald|p2a: Vaporeon
|-heal|p2a: Vaporeon|416\/464|[from] ability: Water Absorb|[of] p1a: Empoleon
|
|-heal|p2a: Vaporeon|445\/464|[from] item: Leftovers
|turn|45
|
|move|p2a: Vaporeon|Scald|p1a: Empoleon
|-resisted|p1a: Empoleon
|-damage|p1a: Empoleon|130\/371
|move|p1a: Empoleon|Scald|p2a: Vaporeon
|-heal|p2a: Vaporeon|464\/464|[from] ability: Water Absorb|[of] p1a: Empoleon
|
|turn|46
|
|move|p2a: Vaporeon|Scald|p1a: Empoleon
|-resisted|p1a: Empoleon
|-damage|p1a: Empoleon|82\/371
|move|p1a: Empoleon|Grass Knot|p2a: Vaporeon
|-supereffective|p2a: Vaporeon
|-damage|p2a: Vaporeon|312\/464
|
|-heal|p2a: Vaporeon|341\/464|[from] item: Leftovers
|turn|47
|
|move|p2a: Vaporeon|Wish|p2a: Vaporeon
|move|p1a: Empoleon|Grass Knot|p2a: Vaporeon
|-supereffective|p2a: Vaporeon
|-damage|p2a: Vaporeon|201\/464
|
|-heal|p2a: Vaporeon|230\/464|[from] item: Leftovers
|turn|48
|
|move|p2a: Vaporeon|Protect|p2a: Vaporeon
|-singleturn|p2a: Vaporeon|Protect
|move|p1a: Empoleon|Scald|p2a: Vaporeon
|-activate|p2a: Vaporeon|Protect
|
|-heal|p2a: Vaporeon|462\/464|[from] move: Wish|[wisher] Vaporeon
|-heal|p2a: Vaporeon|464\/464|[from] item: Leftovers
|turn|49
|
|move|p2a: Vaporeon|Scald|p1a: Empoleon
|-resisted|p1a: Empoleon
|-damage|p1a: Empoleon|28\/371
|move|p1a: Empoleon|Grass Knot|p2a: Vaporeon
|-supereffective|p2a: Vaporeon
|-damage|p2a: Vaporeon|322\/464
|
|-heal|p2a: Vaporeon|351\/464|[from] item: Leftovers
|turn|50
|
|move|p2a: Vaporeon|Scald|p1a: Empoleon
|-resisted|p1a: Empoleon
|-damage|p1a: Empoleon|0 fnt
|faint|p1a: Empoleon
|
|-heal|p2a: Vaporeon|380\/464|[from] item: Leftovers
|c|âSturdyShednnja|i would say __
|c|âSturdyShednnja|but that was a real asshole move
|
|switch|p1a: Regirock|Regirock, shiny|318\/360
|turn|51
|c|âSturdyShednnja|fuckin startin the timer
|c|âSturdyShednnja|bitch u know u wouldnt want some1 doin that 2 u
|
|move|p2a: Vaporeon|Scald|p1a: Regirock
|-supereffective|p1a: Regirock
|-damage|p1a: Regirock|132\/360
|move|p1a: Regirock|Earthquake|p2a: Vaporeon
|-damage|p2a: Vaporeon|294\/464
|
|-heal|p2a: Vaporeon|323\/464|[from] item: Leftovers
|turn|52
|c|âBroBro98|gg
|c|âSturdyShednnja|no
|
|move|p2a: Vaporeon|Scald|p1a: Regirock
|-supereffective|p1a: Regirock
|-damage|p1a: Regirock|0 fnt
|faint|p1a: Regirock
|
|win|BroBro98
|raw|Ladder updating...
|raw|SturdyShednnja's rating: 1420 &rarr; <strong>1396<\/strong><br \/>(-24 for losing)
|raw|BroBro98's rating: 1353 &rarr; <strong>1376<\/strong><br \/>(+23 for winning)
|c|âSturdyShednnja|impatient ass
|leave|SturdyShednnja
|player|p1