|join|BroBro98
|join|IDerpy
|player|p1|BroBro98|154
|player|p2|IDerpy|201
|gametype|singles
|gen|6
|tier|UU
|rated
|rule|Sleep Clause Mod: Limit one foe put to sleep
|rule|Species Clause: Limit one of each PokÃ©mon
|rule|OHKO Clause: OHKO moves are banned
|rule|Moody Clause: Moody is banned
|rule|Evasion Moves Clause: Evasion moves are banned
|rule|Endless Battle Clause: Forcing endless battles is banned
|rule|HP Percentage Mod: HP is shown in percentages
|clearpoke
|poke|p1|Emboar, F
|poke|p1|Vaporeon, F
|poke|p1|Jirachi
|poke|p1|Krookodile, F
|poke|p1|Yanmega, M
|poke|p1|Starmie
|poke|p2|Jirachi
|poke|p2|Krookodile, M
|poke|p2|Shaymin
|poke|p2|Aerodactyl, M
|poke|p2|Snorlax, M
|poke|p2|Florges, F
|rule|Swagger Clause: Swagger is banned
|rule|Baton Pass Clause: Limit one PokÃ©mon knowing Baton Pass
|teampreview
|c|âIDerpy|glh
|c|âIDerpy|f
|c|âBroBro98|u 2
|
|start
|switch|p1a: Starmie|Starmie|324\/324
|switch|p2a: Krookodile|Krookodile, M|394\/394
|-ability|p2a: Krookodile|Intimidate|[of] p1a: Starmie
|-unboost|p1a: Starmie|atk|1
|turn|1
|
|move|p1a: Starmie|Scald|p2a: Krookodile
|-supereffective|p2a: Krookodile
|-damage|p2a: Krookodile|164\/394
|move|p2a: Krookodile|Knock Off|p1a: Starmie
|-supereffective|p1a: Starmie
|-damage|p1a: Starmie|0 fnt
|-enditem|p1a: Starmie|Leftovers|[from] move: Knock Off|[of] p2a: Krookodile
|faint|p1a: Starmie
|
|-heal|p2a: Krookodile|188\/394|[from] item: Leftovers
|
|switch|p1a: Turnt|Emboar, F|361\/361
|turn|2
|
|switch|p2a: Aerodactyl|Aerodactyl, M|301\/301
|move|p1a: Turnt|Flare Blitz|p2a: Aerodactyl
|-resisted|p2a: Aerodactyl
|-damage|p2a: Aerodactyl|121\/301
|-damage|p1a: Turnt|302\/361|[from] recoil|[of] p2a: Aerodactyl
|
|turn|3
|
|switch|p1a: Vaporeon|Vaporeon, F|464\/464
|detailschange|p2a: Aerodactyl|Aerodactyl-Mega, M
|-mega|p2a: Aerodactyl|Aerodactyl|Aerodactylite
|move|p2a: Aerodactyl|Aerial Ace|p1a: Vaporeon
|-damage|p1a: Vaporeon|322\/464
|
|-heal|p1a: Vaporeon|351\/464|[from] item: Leftovers
|turn|4
|
|switch|p2a: Shaymin|Shaymin|341\/341
|move|p1a: Vaporeon|Wish|p1a: Vaporeon
|
|-heal|p1a: Vaporeon|380\/464|[from] item: Leftovers
|turn|5
|
|switch|p1a: No balls|Jirachi|404\/404
|move|p2a: Shaymin|Earth Power|p1a: No balls
|-supereffective|p1a: No balls
|-damage|p1a: No balls|245\/404
|-damage|p2a: Shaymin|307\/341|[from] item: Life Orb
|
|-heal|p1a: No balls|404\/404|[from] move: Wish|[wisher] Vaporeon
|turn|6
|
|switch|p2a: Snorlax|Snorlax, M|497\/497
|move|p1a: No balls|U-turn|p2a: Snorlax
|-damage|p2a: Snorlax|441\/497
|
|switch|p1a: Krookodile|Krookodile, F|331\/331
|
|-heal|p2a: Snorlax|472\/497|[from] item: Leftovers
|turn|7
|
|move|p1a: Krookodile|Stealth Rock|p2a: Snorlax
|-sidestart|p2: IDerpy|move: Stealth Rock
|move|p2a: Snorlax|Curse|p2a: Snorlax
|-boost|p2a: Snorlax|atk|1
|-boost|p2a: Snorlax|def|1
|-unboost|p2a: Snorlax|spe|1
|
|-heal|p2a: Snorlax|497\/497|[from] item: Leftovers
|turn|8
|
|move|p1a: Krookodile|Knock Off|p2a: Snorlax
|-damage|p2a: Snorlax|341\/497
|-enditem|p2a: Snorlax|Leftovers|[from] move: Knock Off|[of] p1a: Krookodile
|-damage|p1a: Krookodile|298\/331|[from] item: Life Orb
|move|p2a: Snorlax|Curse|p2a: Snorlax
|-boost|p2a: Snorlax|atk|1
|-boost|p2a: Snorlax|def|1
|-unboost|p2a: Snorlax|spe|1
|
|turn|9
|
|switch|p1a: No balls|Jirachi|404\/404
|move|p2a: Snorlax|Curse|p2a: Snorlax
|-boost|p2a: Snorlax|atk|1
|-boost|p2a: Snorlax|def|1
|-unboost|p2a: Snorlax|spe|1
|
|turn|10
|
|move|p1a: No balls|Thunder Wave|p2a: Snorlax
|-status|p2a: Snorlax|par
|cant|p2a: Snorlax|par
|
|turn|11
|c|âIDerpy|...
|
|move|p1a: No balls|Iron Head|p2a: Snorlax
|-damage|p2a: Snorlax|298\/497 par
|cant|p2a: Snorlax|flinch
|
|turn|12
|c|âIDerpy|im already
|c|âIDerpy|slow
|c|âIDerpy|do u need the bonus?
|
|move|p1a: No balls|Iron Head|p2a: Snorlax
|-damage|p2a: Snorlax|253\/497 par
|move|p2a: Snorlax|Crunch|p1a: No balls
|-supereffective|p1a: No balls
|-damage|p1a: No balls|74\/404
|
|-heal|p1a: No balls|99\/404|[from] item: Leftovers
|turn|13
|c|âIDerpy|lol
|
|move|p1a: No balls|Iron Head|p2a: Snorlax
|-damage|p2a: Snorlax|210\/497 par
|cant|p2a: Snorlax|flinch
|
|-heal|p1a: No balls|124\/404|[from] item: Leftovers
|turn|14
|
|move|p1a: No balls|Iron Head|p2a: Snorlax
|-damage|p2a: Snorlax|170\/497 par
|cant|p2a: Snorlax|flinch
|
|-heal|p1a: No balls|149\/404|[from] item: Leftovers
|turn|15
|
|move|p1a: No balls|Iron Head|p2a: Snorlax
|-damage|p2a: Snorlax|130\/497 par
|move|p2a: Snorlax|Crunch|p1a: No balls
|-supereffective|p1a: No balls
|-damage|p1a: No balls|0 fnt
|faint|p1a: No balls
|
|c|âIDerpy|mhm
|c|âIDerpy|uts ded
|
|switch|p1a: Yanmega|Yanmega, M|313\/313
|turn|16
|c|âIDerpy|i can confirm
|
|move|p1a: Yanmega|Bug Buzz|p2a: Snorlax
|-damage|p2a: Snorlax|0 fnt
|-damage|p1a: Yanmega|282\/313|[from] item: Life Orb
|faint|p2a: Snorlax
|
|-boost|p1a: Yanmega|spe|1|[from] ability: Speed Boost
|
|switch|p2a: Aerodactyl|Aerodactyl-Mega, M|121\/301
|-damage|p2a: Aerodactyl|46\/301|[from] Stealth Rock
|turn|17
|
|switch|p2a: Shaymin|Shaymin|307\/341
|-damage|p2a: Shaymin|265\/341|[from] Stealth Rock
|move|p1a: Yanmega|Protect|p1a: Yanmega
|-fail|p1a: Yanmega
|
|-boost|p1a: Yanmega|spe|1|[from] ability: Speed Boost
|turn|18
|
|switch|p2a: Jirachi|Jirachi|341\/341
|-damage|p2a: Jirachi|320\/341|[from] Stealth Rock
|move|p1a: Yanmega|Bug Buzz|p2a: Jirachi
|-damage|p2a: Jirachi|108\/341
|-damage|p1a: Yanmega|251\/313|[from] item: Life Orb
|
|-boost|p1a: Yanmega|spe|1|[from] ability: Speed Boost
|turn|19
|
|move|p1a: Yanmega|Bug Buzz|p2a: Jirachi
|-damage|p2a: Jirachi|0 fnt
|-damage|p1a: Yanmega|220\/313|[from] item: Life Orb
|faint|p2a: Jirachi
|
|-boost|p1a: Yanmega|spe|1|[from] ability: Speed Boost
|
|switch|p2a: Florges|Florges, F|360\/360
|-damage|p2a: Florges|315\/360|[from] Stealth Rock
|turn|20
|
|move|p1a: Yanmega|Air Slash|p2a: Florges
|-damage|p2a: Florges|214\/360
|-damage|p1a: Yanmega|189\/313|[from] item: Life Orb
|move|p2a: Florges|Moonblast|p1a: Yanmega
|-damage|p1a: Yanmega|0 fnt
|faint|p1a: Yanmega
|
|-heal|p2a: Florges|236\/360|[from] item: Leftovers
|
|switch|p1a: Turnt|Emboar, F|302\/361
|turn|21
|
|move|p2a: Florges|Protect|p2a: Florges
|-singleturn|p2a: Florges|Protect
|move|p1a: Turnt|Flare Blitz|p2a: Florges
|-activate|p2a: Florges|Protect
|
|-heal|p2a: Florges|258\/360|[from] item: Leftovers
|turn|22
|
|switch|p2a: Krookodile|Krookodile, M|188\/394
|-damage|p2a: Krookodile|164\/394|[from] Stealth Rock
|-ability|p2a: Krookodile|Intimidate|[of] p1a: Turnt
|-unboost|p1a: Turnt|atk|1
|move|p1a: Turnt|Flare Blitz|p2a: Krookodile
|-damage|p2a: Krookodile|0 fnt
|-damage|p1a: Turnt|248\/361|[from] recoil|[of] p2a: Krookodile
|faint|p2a: Krookodile
|
|
|switch|p2a: Shaymin|Shaymin|265\/341
|-damage|p2a: Shaymin|223\/341|[from] Stealth Rock
|turn|23
|
|switch|p1a: Vaporeon|Vaporeon, F|380\/464
|move|p2a: Shaymin|Psychic|p1a: Vaporeon
|-damage|p1a: Vaporeon|251\/464
|-damage|p2a: Shaymin|189\/341|[from] item: Life Orb
|
|-heal|p1a: Vaporeon|280\/464|[from] item: Leftovers
|turn|24
|
|move|p2a: Shaymin|Seed Flare|p1a: Vaporeon
|-crit|p1a: Vaporeon
|-supereffective|p1a: Vaporeon
|-damage|p1a: Vaporeon|0 fnt
|-damage|p2a: Shaymin|155\/341|[from] item: Life Orb
|faint|p1a: Vaporeon
|
|
|switch|p1a: Turnt|Emboar, F|248\/361
|turn|25
|
|move|p1a: Turnt|Flare Blitz|p2a: Shaymin
|-supereffective|p2a: Shaymin
|-damage|p2a: Shaymin|0 fnt
|-damage|p1a: Turnt|197\/361|[from] recoil|[of] p2a: Shaymin
|faint|p2a: Shaymin
|
|
|switch|p2a: Aerodactyl|Aerodactyl-Mega, M|46\/301
|-damage|p2a: Aerodactyl|0 fnt|[from] Stealth Rock
|faint|p2a: Aerodactyl
|
|switch|p2a: Florges|Florges, F|258\/360
|-damage|p2a: Florges|213\/360|[from] Stealth Rock
|turn|26
|
|move|p2a: Florges|Protect|p2a: Florges
|-singleturn|p2a: Florges|Protect
|move|p1a: Turnt|Flare Blitz|p2a: Florges
|-activate|p2a: Florges|Protect
|
|-heal|p2a: Florges|235\/360|[from] item: Leftovers
|turn|27
|
|move|p1a: Turnt|Flare Blitz|p2a: Florges
|-damage|p2a: Florges|0 fnt
|-damage|p1a: Turnt|119\/361|[from] recoil|[of] p2a: Florges
|faint|p2a: Florges
|
|win|BroBro98
|raw|Ladder updating...
|raw|BroBro98's rating: 1398 &rarr; <strong>1413<\/strong><br \/>(+15 for winning)
|raw|IDerpy's rating: 1307 &rarr; <strong>1292<\/strong><br \/>(-15 for losing)
|c|âBroBro98|gg
|c|âIDerpy|gg
|leave|IDerpy