|join|CheckmateWeee
|join|TimeTravel_3
|player|p1|CheckmateWeee|1
|player|p2|TimeTravel_3|170
|gametype|singles
|gen|6
|tier|OU
|rated
|clearpoke
|poke|p1|Gyarados, F
|poke|p1|Talonflame, F
|poke|p1|Zapdos
|poke|p1|Gliscor, F
|poke|p1|Latias, F
|poke|p1|Kyurem-Black
|poke|p2|Landorus-Therian, M
|poke|p2|Klefki, M
|poke|p2|Greninja, M
|poke|p2|Raikou
|poke|p2|Latios, M
|poke|p2|Pinsir, F
|rule|Swagger Clause: Swagger is banned
|rule|Baton Pass Clause: Limit one PokÃ©mon knowing Baton Pass
|rule|Sleep Clause Mod: Limit one foe put to sleep
|rule|Species Clause: Limit one of each PokÃ©mon
|rule|OHKO Clause: OHKO moves are banned
|rule|Moody Clause: Moody is banned
|rule|Evasion Moves Clause: Evasion moves are banned
|rule|Endless Battle Clause: Forcing endless battles is banned
|rule|HP Percentage Mod: HP is shown in percentages
|teampreview
|
|start
|switch|p1a: Talonflame|Talonflame, F|345\/345
|switch|p2a: Greninja|Greninja, M|285\/285
|turn|1
|
|switch|p2a: Klefki|Klefki, M|317\/317
|move|p1a: Talonflame|Brave Bird|p2a: Klefki
|-resisted|p2a: Klefki
|-damage|p2a: Klefki|233\/317
|-damage|p1a: Talonflame|317\/345|[from] recoil|[of] p2a: Klefki
|
|-heal|p2a: Klefki|252\/317|[from] item: Leftovers
|turn|2
|
|switch|p1a: Gliscor|Gliscor, F|352\/352
|move|p2a: Klefki|Thunder Wave|p1a: Gliscor
|-immune|p1a: Gliscor|[msg]
|
|-heal|p2a: Klefki|271\/317|[from] item: Leftovers
|-status|p1a: Gliscor|tox|[from] item: Toxic Orb
|turn|3
|
|switch|p2a: Landorus-Therian|Landorus-Therian, M|319\/319
|-ability|p2a: Landorus-Therian|Intimidate|[of] p1a: Gliscor
|-unboost|p1a: Gliscor|atk|1
|move|p1a: Gliscor|Taunt|p2a: Landorus-Therian
|-start|p2a: Landorus-Therian|move: Taunt
|
|turn|4
|
|switch|p2a: Klefki|Klefki, M|271\/317
|move|p1a: Gliscor|Stealth Rock|p2a: Klefki
|-sidestart|p2: TimeTravel_3|move: Stealth Rock
|
|-heal|p2a: Klefki|290\/317|[from] item: Leftovers
|turn|5
|
|move|p2a: Klefki|Spikes|p1a: Gliscor
|-sidestart|p1: CheckmateWeee|Spikes
|move|p1a: Gliscor|Taunt|p2a: Klefki
|-start|p2a: Klefki|move: Taunt
|
|-heal|p2a: Klefki|309\/317|[from] item: Leftovers
|turn|6
|
|switch|p1a: Zapdos|Zapdos|371\/371
|-ability|p1a: Zapdos|Pressure
|switch|p2a: Landorus-Therian|Landorus-Therian, M|319\/319
|-damage|p2a: Landorus-Therian|280\/319|[from] Stealth Rock
|-ability|p2a: Landorus-Therian|Intimidate|[of] p1a: Zapdos
|-unboost|p1a: Zapdos|atk|1
|
|turn|7
|
|move|p2a: Landorus-Therian|Stealth Rock|p1a: Zapdos
|-sidestart|p1: CheckmateWeee|move: Stealth Rock
|move|p1a: Zapdos|Hidden Power|p2a: Landorus-Therian
|-supereffective|p2a: Landorus-Therian
|-damage|p2a: Landorus-Therian|0 fnt
|faint|p2a: Landorus-Therian
|
|
|switch|p2a: Greninja|Greninja, M|285\/285
|-damage|p2a: Greninja|250\/285|[from] Stealth Rock
|turn|8
|
|move|p2a: Greninja|Ice Beam|p1a: Zapdos
|-start|p2a: Greninja|typechange|Ice|[from] Protean
|-supereffective|p1a: Zapdos
|-damage|p1a: Zapdos|0 fnt
|-damage|p2a: Greninja|222\/285|[from] item: Life Orb
|faint|p1a: Zapdos
|
|
|switch|p1a: Talonflame|Talonflame, F|317\/345
|-damage|p1a: Talonflame|145\/345|[from] Stealth Rock
|turn|9
|
|switch|p2a: Klefki|Klefki, M|309\/317
|-damage|p2a: Klefki|290\/317|[from] Stealth Rock
|move|p1a: Talonflame|Flare Blitz|p2a: Klefki
|-supereffective|p2a: Klefki
|-damage|p2a: Klefki|0 fnt
|-damage|p1a: Talonflame|49\/345|[from] recoil|[of] p2a: Klefki
|faint|p2a: Klefki
|
|
|switch|p2a: Raikou|Raikou|321\/321
|-damage|p2a: Raikou|281\/321|[from] Stealth Rock
|-ability|p2a: Raikou|Pressure
|turn|10
|
|move|p1a: Talonflame|Roost|p1a: Talonflame
|-heal|p1a: Talonflame|222\/345
|move|p2a: Raikou|Shadow Ball|p1a: Talonflame
|-damage|p1a: Talonflame|112\/345
|
|turn|11
|
|move|p1a: Talonflame|Roost|p1a: Talonflame
|-heal|p1a: Talonflame|285\/345
|move|p2a: Raikou|Thunderbolt|p1a: Talonflame
|-damage|p1a: Talonflame|72\/345
|
|turn|12
|
|move|p1a: Talonflame|Brave Bird|p2a: Raikou
|-resisted|p2a: Raikou
|-damage|p2a: Raikou|154\/321
|-damage|p1a: Talonflame|30\/345|[from] recoil|[of] p2a: Raikou
|move|p2a: Raikou|Thunderbolt|p1a: Talonflame
|-supereffective|p1a: Talonflame
|-damage|p1a: Talonflame|0 fnt
|faint|p1a: Talonflame
|
|
|switch|p1a: Kyurem-Black|Kyurem-Black|391\/391
|-damage|p1a: Kyurem-Black|343\/391|[from] Spikes
|-damage|p1a: Kyurem-Black|246\/391|[from] Stealth Rock
|-ability|p1a: Kyurem-Black|Teravolt
|turn|13
|
|move|p2a: Raikou|Shadow Ball|p1a: Kyurem-Black
|-damage|p1a: Kyurem-Black|138\/391
|move|p1a: Kyurem-Black|Roost|p1a: Kyurem-Black
|-heal|p1a: Kyurem-Black|334\/391
|
|turn|14
|
|move|p2a: Raikou|Shadow Ball|p1a: Kyurem-Black
|-damage|p1a: Kyurem-Black|226\/391
|move|p1a: Kyurem-Black|Ice Beam|p2a: Raikou
|-crit|p2a: Raikou
|-damage|p2a: Raikou|0 fnt
|-damage|p1a: Kyurem-Black|187\/391|[from] item: Life Orb
|faint|p2a: Raikou
|
|
|switch|p2a: Latios|Latios, M|301\/301
|-damage|p2a: Latios|264\/301|[from] Stealth Rock
|turn|15
|
|move|p2a: Latios|Draco Meteor|p1a: Kyurem-Black
|-supereffective|p1a: Kyurem-Black
|-damage|p1a: Kyurem-Black|0 fnt
|-unboost|p2a: Latios|spa|2
|-damage|p2a: Latios|234\/301|[from] item: Life Orb
|faint|p1a: Kyurem-Black
|
|
|switch|p1a: Gyarados|Gyarados, F|331\/331
|-damage|p1a: Gyarados|249\/331|[from] Stealth Rock
|-ability|p1a: Gyarados|Intimidate|[of] p2a: Latios
|-unboost|p2a: Latios|atk|1
|turn|16
|
|detailschange|p1a: Gyarados|Gyarados-Mega, F
|message|Gyarados has Mega Evolved into Mega Gyarados!
|-ability|p1a: Gyarados|Mold Breaker
|move|p2a: Latios|Draco Meteor|p1a: Gyarados|[miss]
|-miss|p2a: Latios|p1a: Gyarados
|move|p1a: Gyarados|Dragon Dance|p1a: Gyarados
|-boost|p1a: Gyarados|atk|1
|-boost|p1a: Gyarados|spe|1
|
|turn|17
|
|move|p1a: Gyarados|Crunch|p2a: Latios
|-supereffective|p2a: Latios
|-damage|p2a: Latios|0 fnt
|faint|p2a: Latios
|
|
|switch|p2a: Greninja|Greninja, M|222\/285
|-damage|p2a: Greninja|187\/285|[from] Stealth Rock
|turn|18
|
|move|p1a: Gyarados|Waterfall|p2a: Greninja
|-resisted|p2a: Greninja
|-damage|p2a: Greninja|0 fnt
|faint|p2a: Greninja
|
|
|switch|p2a: Pinsir|Pinsir, F|271\/271
|-damage|p2a: Pinsir|204\/271|[from] Stealth Rock
|turn|19
|
|detailschange|p2a: Pinsir|Pinsir-Mega, F
|message|Pinsir has Mega Evolved into Mega Pinsir!
|move|p1a: Gyarados|Waterfall|p2a: Pinsir
|-damage|p2a: Pinsir|0 fnt
|faint|p2a: Pinsir
|
|win|CheckmateWeee
|raw|Ladder updating...
|raw|CheckmateWeee's rating: 1640 &rarr; <strong>1655<\/strong><br \/>(+15 for winning)
|raw|TimeTravel_3's rating: 1554 &rarr; <strong>1539<\/strong><br \/>(-15 for losing)