|join|TimeTravel_3
|join|berger63
|player|p1|TimeTravel_3|170
|player|p2|berger63|266
|gametype|singles
|gen|6
|tier|OU
|rated
|clearpoke
|poke|p1|Politoed, M
|poke|p1|Swampert, F
|poke|p1|Kingdra, M
|poke|p1|Klefki, M
|poke|p1|Thundurus, M
|poke|p1|Breloom, M
|poke|p2|Kyurem-Black
|poke|p2|Bisharp, M
|poke|p2|Talonflame, F
|poke|p2|Diancie
|poke|p2|Gengar, M
|poke|p2|Mew
|rule|Swagger Clause: Swagger is banned
|rule|Baton Pass Clause: Limit one PokÃ©mon knowing Baton Pass
|rule|Sleep Clause Mod: Limit one foe put to sleep
|rule|Species Clause: Limit one of each PokÃ©mon
|rule|OHKO Clause: OHKO moves are banned
|rule|Moody Clause: Moody is banned
|rule|Evasion Moves Clause: Evasion moves are banned
|rule|Endless Battle Clause: Forcing endless battles is banned
|rule|HP Percentage Mod: HP is shown in percentages
|teampreview
|
|start
|switch|p1a: Kingdra|Kingdra, M|291\/291
|switch|p2a: Diancie|Diancie|242\/242
|turn|1
|
|detailschange|p2a: Diancie|Diancie-Mega
|message|Diancie has Mega Evolved into Mega Diancie!
|move|p2a: Diancie|Protect|p2a: Diancie
|-singleturn|p2a: Diancie|Protect
|move|p1a: Kingdra|Hydro Pump|p2a: Diancie
|-activate|p2a: Diancie|Protect
|
|turn|2
|
|switch|p1a: Klefki|Klefki, M|318\/318
|move|p2a: Diancie|Moonblast|p1a: Klefki
|-resisted|p1a: Klefki
|-damage|p1a: Klefki|213\/318
|
|turn|3
|
|move|p1a: Klefki|Thunder Wave|p2a: Diancie
|move|p2a: Diancie|Thunder Wave|p1a: Klefki|[from]Magic Bounce
|-status|p1a: Klefki|par
|move|p2a: Diancie|Hidden Power|p1a: Klefki
|-supereffective|p1a: Klefki
|-damage|p1a: Klefki|21\/318 par
|
|turn|4
|
|move|p1a: Klefki|Rain Dance|p1a: Klefki
|-weather|RainDance
|move|p2a: Diancie|Moonblast|p1a: Klefki
|-resisted|p1a: Klefki
|-damage|p1a: Klefki|0 fnt
|faint|p1a: Klefki
|
|-weather|RainDance|[upkeep]
|
|switch|p1a: Kingdra|Kingdra, M|291\/291
|turn|5
|
|move|p2a: Diancie|Protect|p2a: Diancie
|-singleturn|p2a: Diancie|Protect
|move|p1a: Kingdra|Hydro Pump|p2a: Diancie
|-activate|p2a: Diancie|Protect
|
|-weather|RainDance|[upkeep]
|turn|6
|
|switch|p2a: Kyurem-Black|Kyurem-Black|391\/391
|-ability|p2a: Kyurem-Black|Teravolt
|move|p1a: Kingdra|Hydro Pump|p2a: Kyurem-Black
|-resisted|p2a: Kyurem-Black
|-damage|p2a: Kyurem-Black|199\/391
|-damage|p1a: Kingdra|262\/291|[from] item: Life Orb
|
|-weather|RainDance|[upkeep]
|turn|7
|
|switch|p2a: Diancie|Diancie-Mega|242\/242
|move|p1a: Kingdra|Draco Meteor|p2a: Diancie
|-immune|p2a: Diancie|[msg]
|
|-weather|RainDance|[upkeep]
|turn|8
|
|move|p2a: Diancie|Protect|p2a: Diancie
|-singleturn|p2a: Diancie|Protect
|move|p1a: Kingdra|Waterfall|p2a: Diancie
|-activate|p2a: Diancie|Protect
|
|-weather|RainDance|[upkeep]
|turn|9
|c|âTimeTravel_3|switch now?
|
|switch|p2a: Mew|Mew|404\/404
|move|p1a: Kingdra|Waterfall|p2a: Mew
|-damage|p2a: Mew|260\/404
|-damage|p1a: Kingdra|233\/291|[from] item: Life Orb
|
|-weather|RainDance|[upkeep]
|-heal|p2a: Mew|285\/404|[from] item: Leftovers
|turn|10
|
|move|p1a: Kingdra|Hydro Pump|p2a: Mew
|-damage|p2a: Mew|0 fnt
|-damage|p1a: Kingdra|204\/291|[from] item: Life Orb
|faint|p2a: Mew
|
|-weather|RainDance|[upkeep]
|
|switch|p2a: Talonflame|Talonflame, F|298\/298
|turn|11
|
|switch|p1a: Breloom|Breloom, M|261\/261
|move|p2a: Talonflame|Brave Bird|p1a: Breloom
|-supereffective|p1a: Breloom
|-damage|p1a: Breloom|0 fnt
|-damage|p2a: Talonflame|212\/298|[from] recoil|[of] p1a: Breloom
|faint|p1a: Breloom
|
|-weather|none
|
|switch|p1a: Thundurus|Thundurus, M|299\/299
|turn|12
|
|switch|p2a: Diancie|Diancie-Mega|242\/242
|move|p1a: Thundurus|Thunder|p2a: Diancie
|-damage|p2a: Diancie|16\/242
|-damage|p1a: Thundurus|270\/299|[from] item: Life Orb
|
|turn|13
|
|switch|p2a: Kyurem-Black|Kyurem-Black|199\/391
|-ability|p2a: Kyurem-Black|Teravolt
|move|p1a: Thundurus|Knock Off|p2a: Kyurem-Black
|-damage|p2a: Kyurem-Black|89\/391
|-enditem|p2a: Kyurem-Black|Life Orb|[from] move: Knock Off|[of] p1a: Thundurus
|-damage|p1a: Thundurus|241\/299|[from] item: Life Orb
|
|turn|14
|
|move|p1a: Thundurus|Superpower|p2a: Kyurem-Black
|-supereffective|p2a: Kyurem-Black
|-damage|p2a: Kyurem-Black|0 fnt
|-unboost|p1a: Thundurus|atk|1
|-unboost|p1a: Thundurus|def|1
|-damage|p1a: Thundurus|212\/299|[from] item: Life Orb
|faint|p2a: Kyurem-Black
|
|
|switch|p2a: Gengar|Gengar, M|262\/262
|turn|15
|
|move|p1a: Thundurus|Knock Off|p2a: Gengar
|-supereffective|p2a: Gengar
|-damage|p2a: Gengar|36\/262
|-enditem|p2a: Gengar|Life Orb|[from] move: Knock Off|[of] p1a: Thundurus
|-damage|p1a: Thundurus|183\/299|[from] item: Life Orb
|move|p2a: Gengar|Shadow Ball|p1a: Thundurus
|-damage|p1a: Thundurus|0 fnt
|faint|p1a: Thundurus
|
|
|switch|p1a: Politoed|Politoed, M|383\/383
|-weather|RainDance
|turn|16
|
|switch|p1a: Kingdra|Kingdra, M|204\/291
|move|p2a: Gengar|Giga Drain|p1a: Kingdra
|-damage|p1a: Kingdra|104\/291
|-heal|p2a: Gengar|86\/262|[from] drain|[of] p1a: Kingdra
|
|-weather|RainDance|[upkeep]
|turn|17
|
|move|p1a: Kingdra|Waterfall|p2a: Gengar
|-damage|p2a: Gengar|0 fnt
|-damage|p1a: Kingdra|75\/291|[from] item: Life Orb
|faint|p2a: Gengar
|
|-weather|RainDance|[upkeep]
|
|switch|p2a: Diancie|Diancie-Mega|16\/242
|turn|18
|
|move|p2a: Diancie|Protect|p2a: Diancie
|-singleturn|p2a: Diancie|Protect
|move|p1a: Kingdra|Waterfall|p2a: Diancie
|-activate|p2a: Diancie|Protect
|
|-weather|RainDance|[upkeep]
|turn|19
|
|move|p2a: Diancie|Protect|p2a: Diancie
|-fail|p2a: Diancie
|move|p1a: Kingdra|Waterfall|p2a: Diancie
|-supereffective|p2a: Diancie
|-damage|p2a: Diancie|0 fnt
|-damage|p1a: Kingdra|46\/291|[from] item: Life Orb
|faint|p2a: Diancie
|
|-weather|RainDance|[upkeep]
|
|switch|p2a: Talonflame|Talonflame, F|212\/298
|turn|20
|
|move|p2a: Talonflame|Brave Bird|p1a: Kingdra
|-damage|p1a: Kingdra|0 fnt
|-damage|p2a: Talonflame|197\/298|[from] recoil|[of] p1a: Kingdra
|faint|p1a: Kingdra
|
|-weather|RainDance|[upkeep]
|
|switch|p1a: Swampert|Swampert, F|341\/341
|turn|21
|
|detailschange|p1a: Swampert|Swampert-Mega, F
|message|Swampert has Mega Evolved into Mega Swampert!
|move|p2a: Talonflame|Brave Bird|p1a: Swampert
|-crit|p1a: Swampert
|-damage|p1a: Swampert|0 fnt
|-damage|p2a: Talonflame|84\/298|[from] recoil|[of] p1a: Swampert
|faint|p1a: Swampert
|
|-weather|RainDance|[upkeep]
|
|switch|p1a: Politoed|Politoed, M|383\/383
|turn|22
|
|move|p2a: Talonflame|Brave Bird|p1a: Politoed
|-damage|p1a: Politoed|173\/383
|-damage|p2a: Talonflame|15\/298|[from] recoil|[of] p1a: Politoed
|move|p1a: Politoed|Scald|p2a: Talonflame
|-supereffective|p2a: Talonflame
|-damage|p2a: Talonflame|0 fnt
|faint|p2a: Talonflame
|
|-weather|RainDance|[upkeep]
|
|switch|p2a: Bisharp|Bisharp, M|272\/272
|turn|23
|
|move|p2a: Bisharp|Sucker Punch|p1a: Politoed
|-fail|p1a: Politoed
|move|p1a: Politoed|Encore|p2a: Bisharp
|-start|p2a: Bisharp|Encore
|
|-weather|none
|turn|24
|
|move|p2a: Bisharp|Sucker Punch|p1a: Politoed
|-fail|p1a: Politoed
|move|p1a: Politoed|Toxic|p2a: Bisharp
|-fail|p2a: Bisharp
|
|turn|25
|
|move|p2a: Bisharp|Sucker Punch|p1a: Politoed
|-fail|p1a: Politoed
|move|p1a: Politoed|Toxic|p2a: Bisharp
|-fail|p2a: Bisharp
|
|turn|26
|
|move|p2a: Bisharp|Sucker Punch|p1a: Politoed
|-fail|p1a: Politoed
|move|p1a: Politoed|Toxic|p2a: Bisharp|[miss]
|-miss|p1a: Politoed|p2a: Bisharp
|
|-end|p2a: Bisharp|Encore
|turn|27
|
|move|p2a: Bisharp|Knock Off|p1a: Politoed
|-damage|p1a: Politoed|0 fnt
|-enditem|p1a: Politoed|Damp Rock|[from] move: Knock Off|[of] p2a: Bisharp
|faint|p1a: Politoed
|
|win|berger63
|raw|Ladder updating...
|raw|TimeTravel_3's rating: 1594 &rarr; <strong>1569<\/strong><br \/>(-25 for losing)
|raw|berger63's rating: 1500 &rarr; <strong>1525<\/strong><br \/>(+25 for winning)
|leave|TimeTravel_3
|player|p1