|join|ghetsis khan
|join|TimeTravel_3
|player|p1|ghetsis khan|265
|player|p2|TimeTravel_3|170
|gametype|singles
|gen|6
|tier|OU
|rated
|clearpoke
|poke|p1|Charizard, M
|poke|p1|Excadrill, F
|poke|p1|Rotom-Wash
|poke|p1|Amoonguss, F
|poke|p1|Klefki, M
|poke|p1|Crawdaunt, M
|poke|p2|Politoed, M
|poke|p2|Swampert, F
|poke|p2|Kingdra, M
|poke|p2|Klefki, F
|poke|p2|Thundurus, M
|poke|p2|Breloom, F
|rule|Swagger Clause: Swagger is banned
|rule|Baton Pass Clause: Limit one PokÃ©mon knowing Baton Pass
|rule|Sleep Clause Mod: Limit one foe put to sleep
|rule|Species Clause: Limit one of each PokÃ©mon
|rule|OHKO Clause: OHKO moves are banned
|rule|Moody Clause: Moody is banned
|rule|Evasion Moves Clause: Evasion moves are banned
|rule|Endless Battle Clause: Forcing endless battles is banned
|rule|HP Percentage Mod: HP is shown in percentages
|teampreview
|
|start
|switch|p1a: Rotom-Wash|Rotom-Wash|304\/304
|switch|p2a: Thundurus|Thundurus, M|299\/299
|turn|1
|
|move|p2a: Thundurus|Thunder|p1a: Rotom-Wash
|-damage|p1a: Rotom-Wash|69\/304
|-damage|p2a: Thundurus|270\/299|[from] item: Life Orb
|move|p1a: Rotom-Wash|Hydro Pump|p2a: Thundurus
|-damage|p2a: Thundurus|86\/299
|
|-heal|p1a: Rotom-Wash|88\/304|[from] item: Leftovers
|turn|2
|
|switch|p1a: Amoonguss|Amoonguss, F|432\/432
|move|p2a: Thundurus|Knock Off|p1a: Amoonguss
|-damage|p1a: Amoonguss|319\/432
|-enditem|p1a: Amoonguss|Black Sludge|[from] move: Knock Off|[of] p2a: Thundurus
|-damage|p2a: Thundurus|57\/299|[from] item: Life Orb
|
|turn|3
|
|switch|p2a: Breloom|Breloom, F|261\/261
|move|p1a: Amoonguss|Clear Smog|p2a: Breloom
|-supereffective|p2a: Breloom
|-damage|p2a: Breloom|111\/261
|-clearboost|p2a: Breloom
|
|-status|p2a: Breloom|tox|[from] item: Toxic Orb
|turn|4
|
|switch|p2a: Klefki|Klefki, F|318\/318
|move|p1a: Amoonguss|Clear Smog|p2a: Klefki
|-immune|p2a: Klefki|[msg]
|
|turn|5
|
|switch|p1a: Excadrill|Excadrill, F|361\/361
|-ability|p1a: Excadrill|Mold Breaker
|move|p2a: Klefki|Thunder Wave|p1a: Excadrill
|-immune|p1a: Excadrill|[msg]
|
|turn|6
|
|switch|p2a: Politoed|Politoed, M|383\/383
|-weather|RainDance
|move|p1a: Excadrill|Earthquake|p2a: Politoed
|-damage|p2a: Politoed|236\/383
|
|-weather|RainDance|[upkeep]
|turn|7
|
|switch|p1a: Rotom-Wash|Rotom-Wash|88\/304
|switch|p2a: Breloom|Breloom, F|111\/261 tox
|
|-weather|RainDance|[upkeep]
|-heal|p1a: Rotom-Wash|107\/304|[from] item: Leftovers
|-heal|p2a: Breloom|143\/261 tox|[from] ability: Poison Heal
|turn|8
|
|move|p2a: Breloom|Seed Bomb|p1a: Rotom-Wash
|-supereffective|p1a: Rotom-Wash
|-damage|p1a: Rotom-Wash|0 fnt
|faint|p1a: Rotom-Wash
|
|-weather|RainDance|[upkeep]
|-heal|p2a: Breloom|175\/261 tox|[from] ability: Poison Heal
|
|switch|p1a: MVP|Charizard, M|333\/333
|turn|9
|
|detailschange|p1a: MVP|Charizard-Mega-X, M
|message|Charizard has Mega Evolved into Mega Charizard!
|move|p1a: MVP|Flare Blitz|p2a: Breloom
|-supereffective|p2a: Breloom
|-damage|p2a: Breloom|0 fnt
|-damage|p1a: MVP|275\/333|[from] recoil|[of] p2a: Breloom
|faint|p2a: Breloom
|
|-weather|RainDance|[upkeep]
|
|switch|p2a: Kingdra|Kingdra, M|291\/291
|turn|10
|
|switch|p1a: Amoonguss|Amoonguss, F|432\/432
|move|p2a: Kingdra|Hydro Pump|p1a: Amoonguss
|-resisted|p1a: Amoonguss
|-damage|p1a: Amoonguss|233\/432
|-damage|p2a: Kingdra|262\/291|[from] item: Life Orb
|
|-weather|RainDance|[upkeep]
|turn|11
|
|switch|p1a: Your car keys.|Klefki, M|318\/318
|move|p2a: Kingdra|Draco Meteor|p1a: Your car keys.
|-immune|p1a: Your car keys.|[msg]
|
|-weather|RainDance|[upkeep]
|turn|12
|
|switch|p2a: Swampert|Swampert, F|341\/341
|move|p1a: Your car keys.|Toxic|p2a: Swampert
|-status|p2a: Swampert|tox
|
|-weather|RainDance|[upkeep]
|-damage|p2a: Swampert|320\/341 tox|[from] psn
|turn|13
|
|switch|p1a: Amoonguss|Amoonguss, F|377\/432
|detailschange|p2a: Swampert|Swampert-Mega, F
|message|Swampert has Mega Evolved into Mega Swampert!
|move|p2a: Swampert|Earthquake|p1a: Amoonguss
|-damage|p1a: Amoonguss|164\/432
|
|-weather|none
|-damage|p2a: Swampert|278\/341 tox|[from] psn
|turn|14
|
|switch|p1a: Crawdaunt|Crawdaunt, M|268\/268
|move|p2a: Swampert|Earthquake|p1a: Crawdaunt
|-damage|p1a: Crawdaunt|25\/268
|
|-damage|p2a: Swampert|215\/341 tox|[from] psn
|turn|15
|
|switch|p2a: Klefki|Klefki, F|318\/318
|move|p1a: Crawdaunt|Aqua Jet|p2a: Klefki
|-damage|p2a: Klefki|184\/318
|
|turn|16
|
|switch|p1a: Amoonguss|Amoonguss, F|308\/432
|move|p2a: Klefki|Dazzling Gleam|p1a: Amoonguss
|-resisted|p1a: Amoonguss
|-damage|p1a: Amoonguss|253\/432
|
|turn|17
|
|move|p2a: Klefki|Thunder Wave|p1a: Amoonguss
|-status|p1a: Amoonguss|par
|move|p1a: Amoonguss|Hidden Power|p2a: Klefki
|-supereffective|p2a: Klefki
|-damage|p2a: Klefki|96\/318
|
|turn|18
|
|switch|p1a: Your car keys.|Klefki, M|318\/318
|move|p2a: Klefki|Spikes|p1a: Your car keys.
|-sidestart|p1: ghetsis khan|Spikes
|
|turn|19
|
|move|p2a: Klefki|Thunder Wave|p1a: Your car keys.
|-status|p1a: Your car keys.|par
|move|p1a: Your car keys.|Spikes|p2a: Klefki
|-sidestart|p2: TimeTravel_3|Spikes
|
|turn|20
|
|move|p2a: Klefki|Spikes|p1a: Your car keys.
|-sidestart|p1: ghetsis khan|Spikes
|move|p1a: Your car keys.|Thunder Wave|p2a: Klefki
|-status|p2a: Klefki|par
|
|turn|21
|
|move|p1a: Your car keys.|Spikes|p2a: Klefki
|-sidestart|p2: TimeTravel_3|Spikes
|cant|p2a: Klefki|par
|
|turn|22
|
|switch|p2a: Politoed|Politoed, M|236\/383
|-damage|p2a: Politoed|173\/383|[from] Spikes
|-weather|RainDance
|move|p1a: Your car keys.|Spikes|p2a: Politoed
|-sidestart|p2: TimeTravel_3|Spikes
|
|-weather|RainDance|[upkeep]
|turn|23
|
|move|p1a: Your car keys.|Toxic|p2a: Politoed
|-status|p2a: Politoed|tox
|move|p2a: Politoed|Scald|p1a: Your car keys.
|-damage|p1a: Your car keys.|162\/318 par
|
|-weather|RainDance|[upkeep]
|-heal|p1a: Your car keys.|181\/318 par|[from] item: Leftovers
|-damage|p2a: Politoed|150\/383 tox|[from] psn
|turn|24
|
|switch|p2a: Swampert|Swampert-Mega, F|215\/341 tox
|-damage|p2a: Swampert|130\/341 tox|[from] Spikes
|switch|p1a: Amoonguss|Amoonguss, F|397\/432 par
|-damage|p1a: Amoonguss|325\/432 par|[from] Spikes
|
|-weather|RainDance|[upkeep]
|-damage|p2a: Swampert|109\/341 tox|[from] psn
|turn|25
|
|move|p2a: Swampert|Earthquake|p1a: Amoonguss
|-damage|p1a: Amoonguss|145\/432 par
|cant|p1a: Amoonguss|par
|
|-weather|RainDance|[upkeep]
|-damage|p2a: Swampert|67\/341 tox|[from] psn
|turn|26
|
|switch|p1a: Crawdaunt|Crawdaunt, M|25\/268
|-damage|p1a: Crawdaunt|0 fnt|[from] Spikes
|faint|p1a: Crawdaunt
|move|p2a: Swampert|Earthquake|p1: Crawdaunt|[notarget]
|-notarget
|
|-weather|RainDance|[upkeep]
|-damage|p2a: Swampert|4\/341 tox|[from] psn
|
|switch|p1a: Amoonguss|Amoonguss, F|289\/432 par
|-damage|p1a: Amoonguss|217\/432 par|[from] Spikes
|turn|27
|
|move|p2a: Swampert|Earthquake|p1a: Amoonguss
|-damage|p1a: Amoonguss|28\/432 par
|move|p1a: Amoonguss|Giga Drain|p2a: Swampert
|-supereffective|p2a: Swampert
|-damage|p2a: Swampert|0 fnt
|-heal|p1a: Amoonguss|30\/432 par|[from] drain|[of] p2a: Swampert
|faint|p2a: Swampert
|
|-weather|RainDance|[upkeep]
|
|switch|p2a: Kingdra|Kingdra, M|262\/291
|-damage|p2a: Kingdra|190\/291|[from] Spikes
|turn|28
|
|move|p2a: Kingdra|Waterfall|p1a: Amoonguss
|-crit|p1a: Amoonguss
|-resisted|p1a: Amoonguss
|-damage|p1a: Amoonguss|0 fnt
|-damage|p2a: Kingdra|161\/291|[from] item: Life Orb
|faint|p1a: Amoonguss
|
|-weather|RainDance|[upkeep]
|
|switch|p1a: Your car keys.|Klefki, M|181\/318 par
|-damage|p1a: Your car keys.|128\/318 par|[from] Spikes
|turn|29
|
|switch|p2a: Thundurus|Thundurus, M|57\/299
|cant|p1a: Your car keys.|par
|
|-weather|none
|-heal|p1a: Your car keys.|147\/318 par|[from] item: Leftovers
|turn|30
|
|switch|p1a: MVP|Charizard-Mega-X, M|275\/333
|-damage|p1a: MVP|220\/333|[from] Spikes
|move|p2a: Thundurus|Thunder|p1a: MVP|[miss]
|-miss|p2a: Thundurus|p1a: MVP
|
|turn|31
|
|switch|p2a: Politoed|Politoed, M|150\/383 tox
|-damage|p2a: Politoed|55\/383 tox|[from] Spikes
|-weather|RainDance
|move|p1a: MVP|Dragon Dance|p1a: MVP
|-boost|p1a: MVP|atk|1
|-boost|p1a: MVP|spe|1
|
|-weather|RainDance|[upkeep]
|-damage|p2a: Politoed|32\/383 tox|[from] psn
|turn|32
|
|move|p1a: MVP|Earthquake|p2a: Politoed
|-damage|p2a: Politoed|0 fnt
|faint|p2a: Politoed
|
|-weather|RainDance|[upkeep]
|
|switch|p2a: Kingdra|Kingdra, M|161\/291
|-damage|p2a: Kingdra|89\/291|[from] Spikes
|turn|33
|
|move|p2a: Kingdra|Hydro Pump|p1a: MVP|[miss]
|-miss|p2a: Kingdra|p1a: MVP
|move|p1a: MVP|Earthquake|p2a: Kingdra
|-damage|p2a: Kingdra|0 fnt
|faint|p2a: Kingdra
|
|-weather|RainDance|[upkeep]
|-message|TimeTravel_3 forfeited.
|
|win|ghetsis khan
|raw|Ladder updating...
|leave|TimeTravel_3
|player|p2