|join|TimeTravel_3
|join|Arthursb
|player|p1|TimeTravel_3|101
|player|p2|Arthursb|266
|gametype|singles
|gen|6
|tier|OU
|rated
|clearpoke
|poke|p1|Garchomp, F
|poke|p1|Greninja, F
|poke|p1|Altaria, F
|poke|p1|Bisharp, F
|poke|p1|Thundurus, M
|poke|p1|Landorus-Therian, M
|poke|p2|Volcarona, F
|poke|p2|Dugtrio, F
|poke|p2|Gyarados, F
|poke|p2|Latias, F
|poke|p2|Magnezone
|poke|p2|Scizor, M
|rule|Swagger Clause: Swagger is banned
|rule|Baton Pass Clause: Limit one PokÃ©mon knowing Baton Pass
|rule|Sleep Clause Mod: Limit one foe put to sleep
|rule|Species Clause: Limit one of each PokÃ©mon
|rule|OHKO Clause: OHKO moves are banned
|rule|Moody Clause: Moody is banned
|rule|Evasion Moves Clause: Evasion moves are banned
|rule|Endless Battle Clause: Forcing endless battles is banned
|rule|HP Percentage Mod: HP is shown in percentages
|teampreview
|
|start
|switch|p1a: Garchomp|Garchomp, F|357\/357
|switch|p2a: Scizor|Scizor, M|344\/344
|turn|1
|
|move|p1a: Garchomp|Fire Blast|p2a: Scizor
|-supereffective|p2a: Scizor
|-damage|p2a: Scizor|0 fnt
|faint|p2a: Scizor
|
|
|switch|p2a: Latias|Latias, F|302\/302
|turn|2
|
|move|p2a: Latias|Draco Meteor|p1a: Garchomp
|-supereffective|p1a: Garchomp
|-enditem|p1a: Garchomp|Focus Sash
|-damage|p1a: Garchomp|1\/357
|-unboost|p2a: Latias|spa|2
|-damage|p2a: Latias|272\/302|[from] item: Life Orb
|move|p1a: Garchomp|Stealth Rock|p2a: Latias
|-sidestart|p2: Arthursb|move: Stealth Rock
|
|turn|3
|
|switch|p1a: Bisharp|Bisharp, F|271\/271
|move|p2a: Latias|Defog|p1a: Bisharp
|-unboost|p1a: Bisharp|evasion|1
|-boost|p1a: Bisharp|atk|2|[from] ability: Defiant
|-sideend|p2: Arthursb|Stealth Rock|[from] move: Defog|[of] p2a: Latias
|
|turn|4
|
|switch|p2a: Dugtrio|Dugtrio, F|211\/211
|move|p1a: Bisharp|Knock Off|p2a: Dugtrio
|-enditem|p2a: Dugtrio|Focus Sash
|-damage|p2a: Dugtrio|1\/211
|-damage|p1a: Bisharp|244\/271|[from] item: Life Orb
|
|turn|5
|
|move|p1a: Bisharp|Sucker Punch|p2a: Dugtrio
|-fail|p2a: Dugtrio
|move|p2a: Dugtrio|Memento|p1a: Bisharp
|-unboost|p1a: Bisharp|atk|2
|-boost|p1a: Bisharp|atk|2|[from] ability: Defiant
|-unboost|p1a: Bisharp|spa|2
|-boost|p1a: Bisharp|atk|2|[from] ability: Defiant
|faint|p2a: Dugtrio
|
|c|âTimeTravel_3|lol phail
|
|switch|p2a: Magnezone|Magnezone|282\/282
|turn|6
|
|move|p1a: Bisharp|Sucker Punch|p2a: Magnezone
|-damage|p2a: Magnezone|0 fnt
|-damage|p1a: Bisharp|217\/271|[from] item: Life Orb
|faint|p2a: Magnezone
|
|-message|Arthursb forfeited.
|
|win|TimeTravel_3
|raw|Ladder updating...
|leave|Arthursb
|player|p2