|join|ruddy420__
|join|EgoistSupercell
|player|p1|ruddy420__|109
|player|p2|EgoistSupercell|190
|gametype|singles
|gen|6
|tier|UU
|rated
|rule|Sleep Clause Mod: Limit one foe put to sleep
|rule|Species Clause: Limit one of each Pokemon
|rule|OHKO Clause: OHKO moves are banned
|rule|Moody Clause: Moody is banned
|rule|Evasion Moves Clause: Evasion moves are banned
|rule|Endless Battle Clause: Forcing endless battles is banned.
|rule|HP Percentage Mod: HP is reported as percentages
|clearpoke
|poke|p1|Infernape, F
|poke|p1|Raikou
|poke|p1|Rhyperior, M
|poke|p1|Jellicent, F
|poke|p1|Lucario, F
|poke|p1|Crobat, M
|poke|p2|Mienshao, M
|poke|p2|Victini
|poke|p2|Slowbro, F
|poke|p2|Porygon2
|poke|p2|Blastoise, M
|poke|p2|Honchkrow, M
|teampreview
|
|start
|switch|p1a: Infernape|Infernape, F|293\/293
|switch|p2a: Mienshao|Mienshao, M|271\/271
|turn|1
|join|Poke Master Swig
|
|move|p2a: Mienshao|Fake Out|p1a: Infernape
|-damage|p1a: Infernape|214\/293
|-damage|p2a: Mienshao|244\/271|[from] item: Life Orb
|cant|p1a: Infernape|flinch
|
|turn|2
|
|move|p1a: Infernape|Close Combat|p2a: Mienshao
|-damage|p2a: Mienshao|0 fnt
|-unboost|p1a: Infernape|def|1
|-unboost|p1a: Infernape|spd|1
|faint|p2a: Mienshao
|
|
|switch|p2a: Victini|Victini|342\/342
|turn|3
|
|switch|p1a: Rhyperior|Rhyperior, M|434\/434
|move|p2a: Victini|Zen Headbutt|p1a: Rhyperior
|-damage|p1a: Rhyperior|353\/434
|
|-heal|p1a: Rhyperior|380\/434|[from] item: Leftovers
|turn|4
|
|switch|p2a: Blastoise|Blastoise, M|362\/362
|move|p1a: Rhyperior|Stealth Rock|p2a: Blastoise
|-sidestart|p2: EgoistSupercell|move: Stealth Rock
|
|-heal|p1a: Rhyperior|407\/434|[from] item: Leftovers
|turn|5
|
|switch|p1a: Jellicent|Jellicent, F|404\/404
|detailschange|p2a: Blastoise|Blastoise-Mega, M
|message|Blastoise has Mega Evolved into Mega Blastoise!
|move|p2a: Blastoise|Dark Pulse|p1a: Jellicent
|-supereffective|p1a: Jellicent
|-damage|p1a: Jellicent|164\/404
|
|-heal|p1a: Jellicent|189\/404|[from] item: Leftovers
|turn|6
|
|switch|p1a: Raikou|Raikou|321\/321
|-ability|p1a: Raikou|Pressure
|move|p2a: Blastoise|Dark Pulse|p1a: Raikou
|-crit|p1a: Raikou
|-damage|p1a: Raikou|68\/321
|
|turn|7
|
|switch|p2a: Porygon2|Porygon2|374\/374
|-damage|p2a: Porygon2|328\/374|[from] Stealth Rock
|-ability|p2a: Porygon2|Pressure|[from] ability: Trace|[of] p1a: Raikou
|-ability|p2a: Porygon2|Pressure
|move|p1a: Raikou|Volt Switch|p2a: Porygon2
|-damage|p2a: Porygon2|237\/374
|
|switch|p1a: Lucario|Lucario, F|281\/281
|
|turn|8
|
|switch|p2a: Slowbro|Slowbro, F|394\/394
|-damage|p2a: Slowbro|345\/394|[from] Stealth Rock
|move|p1a: Lucario|Swords Dance|p1a: Lucario
|-boost|p1a: Lucario|atk|2
|
|-heal|p2a: Slowbro|369\/394|[from] item: Leftovers
|turn|9
|
|move|p1a: Lucario|Crunch|p2a: Slowbro
|-supereffective|p2a: Slowbro
|-damage|p2a: Slowbro|80\/394
|-damage|p1a: Lucario|253\/281|[from] item: Life Orb
|move|p2a: Slowbro|Scald|p1a: Lucario
|-damage|p1a: Lucario|123\/281
|
|-heal|p2a: Slowbro|104\/394|[from] item: Leftovers
|turn|10
|
|switch|p2a: Blastoise|Blastoise-Mega, M|362\/362
|-damage|p2a: Blastoise|317\/362|[from] Stealth Rock
|move|p1a: Lucario|Crunch|p2a: Blastoise
|-damage|p2a: Blastoise|136\/362
|-damage|p1a: Lucario|95\/281|[from] item: Life Orb
|
|turn|11
|
|switch|p2a: Slowbro|Slowbro, F|235\/394
|-damage|p2a: Slowbro|186\/394|[from] Stealth Rock
|move|p1a: Lucario|Crunch|p2a: Slowbro
|-supereffective|p2a: Slowbro
|-damage|p2a: Slowbro|0 fnt
|-damage|p1a: Lucario|67\/281|[from] item: Life Orb
|faint|p2a: Slowbro
|
|
|switch|p2a: Honchkrow|Honchkrow, M|404\/404
|-damage|p2a: Honchkrow|303\/404|[from] Stealth Rock
|turn|12
|
|move|p1a: Lucario|Extreme Speed|p2a: Honchkrow
|-damage|p2a: Honchkrow|0 fnt
|-damage|p1a: Lucario|39\/281|[from] item: Life Orb
|faint|p2a: Honchkrow
|
|-message|EgoistSupercell forfeited.
|
|win|ruddy420__
|raw|Ladder updating...
|leave|EgoistSupercell
|player|p2
|raw|ruddy420__'s rating: 1485 &rarr; <strong>1496<\/strong><br \/>(+11 for winning)
|raw|EgoistSupercell's rating: 1312 &rarr; <strong>1301<\/strong><br \/>(-11 for losing)