|join|ruddy420__
|join|Thracia
|player|p1|ruddy420__|275
|player|p2|Thracia|267
|gametype|singles
|gen|6
|tier|UU
|rated
|clearpoke
|poke|p1|Thundurus-Therian, M
|poke|p1|Blastoise, F
|poke|p1|Chesnaught, M
|poke|p1|Florges, F
|poke|p1|Krookodile, M
|poke|p1|Kingdra, F
|poke|p2|Lilligant, F, shiny
|poke|p2|Mew
|poke|p2|Scrafty, F
|poke|p2|Durant, F
|poke|p2|Vaporeon, F
|poke|p2|Victini, shiny
|rule|Sleep Clause Mod: Limit one foe put to sleep
|rule|Species Clause: Limit one of each Pokemon
|rule|OHKO Clause: OHKO moves are banned
|rule|Moody Clause: Moody is banned
|rule|Evasion Moves Clause: Evasion moves are banned
|rule|Endless Battle Clause: Forcing endless battles is banned.
|rule|HP Percentage Mod: HP is reported as percentages
|teampreview
|join|SnowIce&ColdStuff
|
|start
|switch|p1a: Thundurus-Therian|Thundurus-Therian, M|299\/299
|switch|p2a: Fresh (2009 film)|Mew|404\/404
|turn|1
|
|move|p1a: Thundurus-Therian|Volt Switch|p2a: Fresh (2009 film)
|-crit|p2a: Fresh (2009 film)
|-damage|p2a: Fresh (2009 film)|206\/404
|
|switch|p1a: Krookodile|Krookodile, M|331\/331
|move|p2a: Fresh (2009 film)|Taunt|p1a: Krookodile
|-start|p1a: Krookodile|move: Taunt
|
|-heal|p2a: Fresh (2009 film)|231\/404|[from] item: Leftovers
|turn|2
|chat|SnowIce&ColdStuff|seriously though
|
|move|p1a: Krookodile|Pursuit|p2a: Fresh (2009 film)
|-supereffective|p2a: Fresh (2009 film)
|-damage|p2a: Fresh (2009 film)|57\/404
|move|p2a: Fresh (2009 film)|Will-O-Wisp|p1a: Krookodile
|-status|p1a: Krookodile|brn
|
|-heal|p2a: Fresh (2009 film)|82\/404|[from] item: Leftovers
|-damage|p1a: Krookodile|290\/331 brn|[from] brn
|turn|3
|chat|SnowIce&ColdStuff|volcarona is the best 
|chat|ruddy420__|sir?
|chat|SnowIce&ColdStuff|literally is my fave pokemon now
|chat|ruddy420__|i could of killed you?
|
|move|p1a: Krookodile|Pursuit|p2a: Fresh (2009 film)|[from]Pursuit
|-supereffective|p2a: Fresh (2009 film)
|-damage|p2a: Fresh (2009 film)|0 fnt
|faint|p2a: Fresh (2009 film)
|-boost|p1a: Krookodile|atk|1|[from] ability: Moxie
|
|-damage|p1a: Krookodile|249\/331 brn|[from] brn
|
|switch|p2a: Basket-with-handle|Scrafty, F|271\/271
|turn|4
|
|switch|p1a: Florges|Florges, F|360\/360
|move|p2a: Basket-with-handle|Dragon Dance|p2a: Basket-with-handle
|-boost|p2a: Basket-with-handle|atk|1
|-boost|p2a: Basket-with-handle|spe|1
|
|turn|5
|chat|ruddy420__|my hate for sigilyph is still trhough the roof as always
|
|move|p2a: Basket-with-handle|Poison Jab|p1a: Florges
|-supereffective|p1a: Florges
|-damage|p1a: Florges|18\/360
|move|p1a: Florges|Moonblast|p2a: Basket-with-handle
|-supereffective|p2a: Basket-with-handle
|-damage|p2a: Basket-with-handle|0 fnt
|faint|p2a: Basket-with-handle
|
|-heal|p1a: Florges|40\/360|[from] item: Leftovers
|
|switch|p2a: Smithton Low-Level|Victini, shiny|341\/341
|turn|6
|chat|ruddy420__|ty based florg
|chat|SnowIce&ColdStuff|look at that durant
|
|move|p2a: Smithton Low-Level|U-turn|p1a: Florges
|-resisted|p1a: Florges
|-damage|p1a: Florges|0 fnt
|faint|p1a: Florges
|
|switch|p2a: Proboscidea parvif|Durant, F|258\/258
|
|chat|ruddy420__|ikr
|
|switch|p1a: Thundurus-Therian|Thundurus-Therian, M|299\/299
|turn|7
|
|move|p1a: Thundurus-Therian|Volt Switch|p2a: Proboscidea parvif
|-enditem|p2a: Proboscidea parvif|Focus Sash
|-damage|p2a: Proboscidea parvif|1\/258
|chat|ruddy420__|:]
|
|switch|p1a: Chesnaught|Chesnaught, M|380\/380
|move|p2a: Proboscidea parvif|Hone Claws|p2a: Proboscidea parvif
|-boost|p2a: Proboscidea parvif|atk|1
|-boost|p2a: Proboscidea parvif|accuracy|1
|
|turn|8
|
|move|p1a: Chesnaught|Spiky Shield|p1a: Chesnaught
|-singleturn|p1a: Chesnaught|move: Protect
|move|p2a: Proboscidea parvif|Iron Head|p1a: Chesnaught
|-activate|p1a: Chesnaught|move: Protect
|-damage|p2a: Proboscidea parvif|0 fnt|[from] Spiky Shield|[of] p1a: Chesnaught
|faint|p2a: Proboscidea parvif
|
|
|switch|p2a: Italian submarine|Lilligant, F, shiny|281\/281
|turn|9
|chat|ruddy420__|lil <3
|chat|SnowIce&ColdStuff|Italian Submarine the babe
|
|switch|p1a: Kingdra|Kingdra, F|354\/354
|move|p2a: Italian submarine|Quiver Dance|p2a: Italian submarine
|-boost|p2a: Italian submarine|spa|1
|-boost|p2a: Italian submarine|spd|1
|-boost|p2a: Italian submarine|spe|1
|
|turn|10
|
|move|p2a: Italian submarine|Sleep Powder|p1a: Kingdra
|-status|p1a: Kingdra|slp
|cant|p1a: Kingdra|slp
|
|turn|11
|chat|ruddy420__|Sir?
|chat|ruddy420__|i'll lose:\/
|
|move|p2a: Italian submarine|Quiver Dance|p2a: Italian submarine
|-boost|p2a: Italian submarine|spa|1
|-boost|p2a: Italian submarine|spd|1
|-boost|p2a: Italian submarine|spe|1
|cant|p1a: Kingdra|slp
|
|turn|12
|
|move|p2a: Italian submarine|Quiver Dance|p2a: Italian submarine
|-boost|p2a: Italian submarine|spa|1
|-boost|p2a: Italian submarine|spd|1
|-boost|p2a: Italian submarine|spe|1
|cant|p1a: Kingdra|slp
|
|turn|13
|
|move|p2a: Italian submarine|Petal Dance|p1a: Kingdra
|-damage|p1a: Kingdra|0 fnt
|faint|p1a: Kingdra
|
|
|switch|p1a: Thundurus-Therian|Thundurus-Therian, M|299\/299
|turn|14
|
|move|p2a: Italian submarine|Petal Dance|p1a: Thundurus-Therian
|-resisted|p1a: Thundurus-Therian
|-damage|p1a: Thundurus-Therian|0 fnt
|faint|p1a: Thundurus-Therian
|
|-end|p2a: Italian submarine|rampage
|-immune|p2a: Italian submarine|confusion
|
|switch|p1a: Blastoise|Blastoise, F|362\/362
|turn|15
|
|-formechange|p1a: Blastoise|Blastoise-Mega
|message|Blastoise has Mega Evolved into Mega Blastoise!
|move|p2a: Italian submarine|Petal Dance|p1a: Blastoise
|-supereffective|p1a: Blastoise
|-damage|p1a: Blastoise|0 fnt
|faint|p1a: Blastoise
|
|
|switch|p1a: Krookodile|Krookodile, M|249\/331 brn
|turn|16
|
|move|p2a: Italian submarine|Petal Dance|p1a: Krookodile
|-supereffective|p1a: Krookodile
|-damage|p1a: Krookodile|0 fnt
|faint|p1a: Krookodile
|
|-end|p2a: Italian submarine|rampage
|-immune|p2a: Italian submarine|confusion
|
|switch|p1a: Chesnaught|Chesnaught, M|380\/380
|turn|17
|
|move|p2a: Italian submarine|Petal Dance|p1a: Chesnaught
|-resisted|p1a: Chesnaught
|-damage|p1a: Chesnaught|49\/380
|move|p1a: Chesnaught|Wood Hammer|p2a: Italian submarine
|-resisted|p2a: Italian submarine
|-damage|p2a: Italian submarine|179\/281
|-damage|p1a: Chesnaught|15\/380|[from] recoil|[of] p2a: Italian submarine
|
|-heal|p1a: Chesnaught|38\/380|[from] item: Leftovers
|turn|18
|
|move|p2a: Italian submarine|Petal Dance|p1a: Chesnaught
|-resisted|p1a: Chesnaught
|-damage|p1a: Chesnaught|0 fnt
|faint|p1a: Chesnaught
|
|win|Thracia
|raw|Ladder updating...
|raw|ruddy420__'s rating: 1161 &rarr; <strong>1133<\/strong><br \/>(-28 for losing)
|raw|Thracia's rating: 1120 &rarr; <strong>1148<\/strong><br \/>(+28 for winning)
|chat|ruddy420__|gg
|chat|Thracia|gg