|join|ruddy420__
|join|Umbrafox92
|player|p1|ruddy420__|109
|player|p2|Umbrafox92|101
|gametype|singles
|gen|6
|tier|UU
|rated
|clearpoke
|poke|p1|Reuniclus, F
|poke|p1|Aggron, M
|poke|p1|Celebi
|poke|p1|Tentacruel, M
|poke|p1|Arcanine, F
|poke|p1|Eelektross, M
|poke|p2|Carracosta, M
|poke|p2|Weavile, F
|poke|p2|Noivern, F
|poke|p2|Metagross
|poke|p2|Rotom-Heat
|poke|p2|Hitmontop, M
|rule|Sleep Clause Mod: Limit one foe put to sleep
|rule|Species Clause: Limit one of each Pokemon
|rule|OHKO Clause: OHKO moves are banned
|rule|Moody Clause: Moody is banned
|rule|Evasion Moves Clause: Evasion moves are banned
|rule|Endless Battle Clause: Forcing endless battles is banned.
|rule|HP Percentage Mod: HP is reported as percentages
|teampreview
|
|start
|switch|p1a: Eelektross|Eelektross, M|374\/374
|switch|p2a: Noivern|Noivern, F|311\/311
|-item|p1a: Eelektross|Assault Vest|[from] ability: Frisk|[of] p2a: Noivern|[identify]
|turn|1
|
|move|p2a: Noivern|Draco Meteor|p1a: Eelektross
|-damage|p1a: Eelektross|127\/374
|-unboost|p2a: Noivern|spa|2
|move|p1a: Eelektross|Volt Switch|p2a: Noivern
|-damage|p2a: Noivern|160\/311
|
|switch|p1a: Reuniclus|Reuniclus, F|424\/424
|
|turn|2
|
|switch|p2a: Weavile|Weavile, F|281\/281
|move|p1a: Reuniclus|Trick Room|p1a: Reuniclus
|-fieldstart|move: Trick Room|[of] p1a: Reuniclus
|
|turn|3
|
|move|p1a: Reuniclus|Focus Blast|p2a: Weavile
|-supereffective|p2a: Weavile
|-enditem|p2a: Weavile|Focus Sash
|-damage|p2a: Weavile|1\/281
|move|p2a: Weavile|Knock Off|p1a: Reuniclus
|-supereffective|p1a: Reuniclus
|-damage|p1a: Reuniclus|38\/424
|-enditem|p1a: Reuniclus|Life Orb|[from] move: Knock Off|[of] p2a: Weavile
|
|turn|4
|
|switch|p1a: Arcanine|Arcanine, F|321\/321
|move|p2a: Weavile|Ice Shard|p1a: Arcanine
|-resisted|p1a: Arcanine
|-damage|p1a: Arcanine|278\/321
|
|turn|5
|
|switch|p2a: Hitmontop|Hitmontop, M|301\/301
|-ability|p2a: Hitmontop|Intimidate|[of] p1a: Arcanine
|-unboost|p1a: Arcanine|atk|1
|move|p1a: Arcanine|Extreme Speed|p2a: Hitmontop
|-damage|p2a: Hitmontop|219\/301
|
|-heal|p2a: Hitmontop|237\/301|[from] item: Leftovers
|turn|6
|
|switch|p1a: Celebi|Celebi|404\/404
|move|p2a: Hitmontop|Earthquake|p1a: Celebi
|-resisted|p1a: Celebi
|-damage|p1a: Celebi|363\/404
|
|-heal|p2a: Hitmontop|255\/301|[from] item: Leftovers
|-heal|p1a: Celebi|388\/404|[from] item: Leftovers
|-fieldend|move: Trick Room
|turn|7
|
|move|p2a: Hitmontop|Sucker Punch|p1a: Celebi
|-fail|p1a: Celebi
|move|p1a: Celebi|Stealth Rock|p2a: Hitmontop
|-sidestart|p2: Umbrafox92|move: Stealth Rock
|
|-heal|p1a: Celebi|404\/404|[from] item: Leftovers
|-heal|p2a: Hitmontop|273\/301|[from] item: Leftovers
|turn|8
|
|move|p1a: Celebi|Giga Drain|p2a: Hitmontop
|-damage|p2a: Hitmontop|206\/301
|move|p2a: Hitmontop|Rapid Spin|p1a: Celebi
|-damage|p1a: Celebi|388\/404
|-sideend|p2: Umbrafox92|Stealth Rock|[from] move: Rapid Spin|[of] p2a: Hitmontop
|
|-heal|p1a: Celebi|404\/404|[from] item: Leftovers
|-heal|p2a: Hitmontop|224\/301|[from] item: Leftovers
|turn|9
|
|move|p1a: Celebi|Stealth Rock|p2a: Hitmontop
|-sidestart|p2: Umbrafox92|move: Stealth Rock
|move|p2a: Hitmontop|Rapid Spin|p1a: Celebi
|-damage|p1a: Celebi|388\/404
|-sideend|p2: Umbrafox92|Stealth Rock|[from] move: Rapid Spin|[of] p2a: Hitmontop
|
|-heal|p1a: Celebi|404\/404|[from] item: Leftovers
|-heal|p2a: Hitmontop|242\/301|[from] item: Leftovers
|turn|10
|
|move|p2a: Hitmontop|Sucker Punch|p1a: Celebi
|-supereffective|p1a: Celebi
|-damage|p1a: Celebi|268\/404
|move|p1a: Celebi|Giga Drain|p2a: Hitmontop
|-damage|p2a: Hitmontop|178\/301
|-heal|p1a: Celebi|300\/404|[from] drain|[of] p2a: Hitmontop
|
|-heal|p1a: Celebi|325\/404|[from] item: Leftovers
|-heal|p2a: Hitmontop|196\/301|[from] item: Leftovers
|turn|11
|
|switch|p2a: Noivern|Noivern, F|160\/311
|-item|p1a: Celebi|Leftovers|[from] ability: Frisk|[of] p2a: Noivern|[identify]
|move|p1a: Celebi|Giga Drain|p2a: Noivern
|-resisted|p2a: Noivern
|-damage|p2a: Noivern|136\/311
|-heal|p1a: Celebi|337\/404|[from] drain|[of] p2a: Noivern
|
|-heal|p1a: Celebi|362\/404|[from] item: Leftovers
|turn|12
|
|switch|p1a: Tentacruel|Tentacruel, M|301\/301
|move|p2a: Noivern|Hurricane|p1a: Tentacruel
|-damage|p1a: Tentacruel|114\/301
|
|turn|13
|
|move|p2a: Noivern|Hurricane|p1a: Tentacruel
|-damage|p1a: Tentacruel|0 fnt
|faint|p1a: Tentacruel
|
|
|switch|p1a: Arcanine|Arcanine, F|278\/321
|turn|14
|
|switch|p2a: Hitmontop|Hitmontop, M|196\/301
|-ability|p2a: Hitmontop|Intimidate|[of] p1a: Arcanine
|-unboost|p1a: Arcanine|atk|1
|move|p1a: Arcanine|Extreme Speed|p2a: Hitmontop
|-damage|p2a: Hitmontop|119\/301
|
|-heal|p2a: Hitmontop|137\/301|[from] item: Leftovers
|turn|15
|
|switch|p1a: Celebi|Celebi|362\/404
|switch|p2a: Weavile|Weavile, F|1\/281
|
|-heal|p1a: Celebi|387\/404|[from] item: Leftovers
|turn|16
|
|move|p2a: Weavile|Knock Off|p1a: Celebi
|-supereffective|p1a: Celebi
|-damage|p1a: Celebi|31\/404
|-enditem|p1a: Celebi|Leftovers|[from] move: Knock Off|[of] p2a: Weavile
|move|p1a: Celebi|Stealth Rock|p2a: Weavile
|-sidestart|p2: Umbrafox92|move: Stealth Rock
|
|turn|17
|
|switch|p1a: Aggron|Aggron, M|343\/343
|move|p2a: Weavile|Knock Off|p1a: Aggron
|-damage|p1a: Aggron|276\/343
|
|turn|18
|
|-formechange|p1a: Aggron|Aggron-Mega
|message|Aggron has Mega Evolved into Mega Aggron!
|move|p2a: Weavile|Low Kick|p1a: Aggron
|-supereffective|p1a: Aggron
|-damage|p1a: Aggron|179\/343
|move|p1a: Aggron|Iron Head|p2a: Weavile
|-supereffective|p2a: Weavile
|-damage|p2a: Weavile|0 fnt
|faint|p2a: Weavile
|
|
|switch|p2a: Hitmontop|Hitmontop, M|137\/301
|-damage|p2a: Hitmontop|119\/301|[from] Stealth Rock
|-ability|p2a: Hitmontop|Intimidate|[of] p1a: Aggron
|-unboost|p1a: Aggron|atk|1
|turn|19
|
|switch|p1a: Arcanine|Arcanine, F|278\/321
|move|p2a: Hitmontop|Rapid Spin|p1a: Arcanine
|-damage|p1a: Arcanine|256\/321
|-sideend|p2: Umbrafox92|Stealth Rock|[from] move: Rapid Spin|[of] p2a: Hitmontop
|
|-heal|p2a: Hitmontop|137\/301|[from] item: Leftovers
|turn|20
|
|switch|p2a: Rotom-Heat|Rotom-Heat|241\/241
|move|p1a: Arcanine|Flare Blitz|p2a: Rotom-Heat
|-resisted|p2a: Rotom-Heat
|-damage|p2a: Rotom-Heat|115\/241
|-damage|p1a: Arcanine|214\/321|[from] recoil|[of] p2a: Rotom-Heat
|
|turn|21
|
|move|p2a: Rotom-Heat|Volt Switch|p1a: Arcanine
|-damage|p1a: Arcanine|61\/321
|
|switch|p2a: Carracosta|Carracosta, M|349\/349
|move|p1a: Arcanine|Flare Blitz|p2a: Carracosta
|-resisted|p2a: Carracosta
|-damage|p2a: Carracosta|296\/349
|-damage|p1a: Arcanine|44\/321|[from] recoil|[of] p2a: Carracosta
|
|-heal|p2a: Carracosta|317\/349|[from] item: Leftovers
|turn|22
|
|switch|p1a: Eelektross|Eelektross, M|127\/374
|move|p2a: Carracosta|Stealth Rock|p1a: Eelektross
|-sidestart|p1: ruddy420__|move: Stealth Rock
|
|-heal|p2a: Carracosta|338\/349|[from] item: Leftovers
|turn|23
|
|switch|p2a: Hitmontop|Hitmontop, M|137\/301
|-ability|p2a: Hitmontop|Intimidate|[of] p1a: Eelektross
|-unboost|p1a: Eelektross|atk|1
|move|p1a: Eelektross|Volt Switch|p2a: Hitmontop
|-damage|p2a: Hitmontop|38\/301
|
|switch|p1a: Aggron|Aggron, M|179\/343
|-formechange|p1a: Aggron|Aggron-Mega
|-damage|p1a: Aggron|158\/343|[from] Stealth Rock
|
|-heal|p2a: Hitmontop|56\/301|[from] item: Leftovers
|turn|24
|
|move|p2a: Hitmontop|High Jump Kick|p1a: Aggron
|-supereffective|p1a: Aggron
|-damage|p1a: Aggron|44\/343
|move|p1a: Aggron|Rest|p1a: Aggron
|-status|p1a: Aggron|slp
|-heal|p1a: Aggron|343\/343 slp|[silent]
|-status|p1a: Aggron|slp|[from] move: Rest
|
|-heal|p2a: Hitmontop|74\/301|[from] item: Leftovers
|turn|25
|
|switch|p2a: Rotom-Heat|Rotom-Heat|115\/241
|cant|p1a: Aggron|slp
|move|p1a: Aggron|Sleep Talk|p1a: Aggron
|move|p1a: Aggron|Iron Head|p2a: Rotom-Heat|[from]Sleep Talk
|-resisted|p2a: Rotom-Heat
|-damage|p2a: Rotom-Heat|84\/241
|
|turn|26
|chat|ruddy420__|um
|
|switch|p1a: Arcanine|Arcanine, F|44\/321
|-damage|p1a: Arcanine|0 fnt|[from] Stealth Rock
|faint|p1a: Arcanine
|move|p2a: Rotom-Heat|Overheat|p1: Arcanine|[notarget]
|-notarget
|
|
|switch|p1a: Eelektross|Eelektross, M|127\/374
|-damage|p1a: Eelektross|81\/374|[from] Stealth Rock
|turn|27
|
|move|p2a: Rotom-Heat|Overheat|p1a: Eelektross
|-damage|p1a: Eelektross|0 fnt
|-unboost|p2a: Rotom-Heat|spa|2
|faint|p1a: Eelektross
|
|
|switch|p1a: Aggron|Aggron, M|343\/343 slp
|-formechange|p1a: Aggron|Aggron-Mega
|-damage|p1a: Aggron|322\/343 slp|[from] Stealth Rock
|turn|28
|
|switch|p2a: Noivern|Noivern, F|136\/311
|-item|p1a: Aggron|Aggronite|[from] ability: Frisk|[of] p2a: Noivern|[identify]
|cant|p1a: Aggron|slp
|move|p1a: Aggron|Sleep Talk|p1a: Aggron
|move|p1a: Aggron|Rest|p1a: Aggron|[from]Sleep Talk
|-fail|p1a: Aggron
|
|turn|29
|
|switch|p1a: Celebi|Celebi|31\/404
|-damage|p1a: Celebi|0 fnt|[from] Stealth Rock
|faint|p1a: Celebi
|move|p2a: Noivern|Flamethrower|p1: Celebi|[notarget]
|-notarget
|
|
|switch|p1a: Aggron|Aggron, M|322\/343 slp
|-formechange|p1a: Aggron|Aggron-Mega
|-damage|p1a: Aggron|301\/343 slp|[from] Stealth Rock
|turn|30
|
|move|p2a: Noivern|Flamethrower|p1a: Aggron
|-supereffective|p1a: Aggron
|-damage|p1a: Aggron|130\/343 slp
|-curestatus|p1a: Aggron|slp
|move|p1a: Aggron|Iron Head|p2a: Noivern
|-damage|p2a: Noivern|0 fnt
|faint|p2a: Noivern
|
|
|switch|p2a: Rotom-Heat|Rotom-Heat|84\/241
|turn|31
|
|move|p2a: Rotom-Heat|Overheat|p1a: Aggron
|-supereffective|p1a: Aggron
|-damage|p1a: Aggron|0 fnt
|-unboost|p2a: Rotom-Heat|spa|2
|faint|p1a: Aggron
|
|
|switch|p1a: Reuniclus|Reuniclus, F|38\/424
|turn|32
|chat|ruddy420__|gg
|
|move|p2a: Rotom-Heat|Overheat|p1a: Reuniclus
|-damage|p1a: Reuniclus|0 fnt
|-unboost|p2a: Rotom-Heat|spa|2
|faint|p1a: Reuniclus
|
|win|Umbrafox92
|raw|Ladder updating...
|raw|ruddy420__'s rating: 1374 &rarr; <strong>1345<\/strong><br \/>(-29 for losing)
|raw|Umbrafox92's rating: 1220 &rarr; <strong>1255<\/strong><br \/>(+35 for winning)
|chat|Umbrafox92|gg
|leave|ruddy420__
|player|p1