|join|zen95
|join|ruddy420__
|player|p1|zen95|169
|player|p2|ruddy420__|109
|gametype|singles
|gen|6
|tier|UU
|rated
|clearpoke
|poke|p1|Uxie
|poke|p1|Heracross, F
|poke|p1|Whimsicott, F
|poke|p1|Linoone, M
|poke|p1|Gorebyss, M
|poke|p1|Cloyster, F
|poke|p2|Aromatisse, F
|poke|p2|Suicune
|poke|p2|Houndoom, M
|poke|p2|Malamar, M
|poke|p2|Victini
|poke|p2|Victreebel, M
|rule|Sleep Clause Mod: Limit one foe put to sleep
|rule|Species Clause: Limit one of each Pokemon
|rule|OHKO Clause: OHKO moves are banned
|rule|Moody Clause: Moody is banned
|rule|Evasion Moves Clause: Evasion moves are banned
|rule|Endless Battle Clause: Forcing endless battles is banned.
|rule|HP Percentage Mod: HP is reported as percentages
|teampreview
|
|start
|switch|p1a: Uxie|Uxie|354\/354
|switch|p2a: Victreebel|Victreebel, M|301\/301
|turn|1
|
|move|p1a: Uxie|Reflect|p1a: Uxie
|-sidestart|p1: zen95|Reflect
|move|p2a: Victreebel|Sunny Day|p2a: Victreebel
|-weather|SunnyDay
|
|-weather|SunnyDay|[upkeep]
|turn|2
|
|move|p2a: Victreebel|Solar Beam|p1a: Uxie|[still]
|-prepare|p2a: Victreebel|Solar Beam|p1a: Uxie
|-anim|p2a: Victreebel|Solar Beam|p1a: Uxie
|-damage|p1a: Uxie|206\/354
|move|p1a: Uxie|Light Screen|p1a: Uxie
|-sidestart|p1: zen95|move: Light Screen
|
|-weather|SunnyDay|[upkeep]
|turn|3
|
|move|p2a: Victreebel|Sludge Bomb|p1a: Uxie
|-damage|p1a: Uxie|151\/354
|move|p1a: Uxie|Memento|p2a: Victreebel
|-unboost|p2a: Victreebel|atk|2
|-unboost|p2a: Victreebel|spa|2
|faint|p1a: Uxie
|
|-weather|SunnyDay|[upkeep]
|
|switch|p1a: Linoone|Linoone, M|360\/360
|turn|4
|
|move|p2a: Victreebel|Sludge Bomb|p1a: Linoone
|-damage|p1a: Linoone|309\/360
|move|p1a: Linoone|Belly Drum|p1a: Linoone
|-damage|p1a: Linoone|129\/360
|-setboost|p1a: Linoone|atk|6|[from] move: Belly Drum
|-enditem|p1a: Linoone|Sitrus Berry|[eat]
|-heal|p1a: Linoone|219\/360|[from] item: Sitrus Berry
|
|-weather|SunnyDay|[upkeep]
|turn|5
|
|move|p1a: Linoone|Extreme Speed|p2a: Victreebel
|-damage|p2a: Victreebel|0 fnt
|faint|p2a: Victreebel
|
|-weather|SunnyDay|[upkeep]
|
|switch|p2a: Victini|Victini|341\/341
|turn|6
|
|move|p1a: Linoone|Extreme Speed|p2a: Victini
|-damage|p2a: Victini|0 fnt
|faint|p2a: Victini
|
|-weather|SunnyDay|[upkeep]
|
|switch|p2a: Malamar|Malamar, M|376\/376
|turn|7
|
|move|p1a: Linoone|Extreme Speed|p2a: Malamar
|-damage|p2a: Malamar|0 fnt
|faint|p2a: Malamar
|
|-weather|SunnyDay|[upkeep]
|
|switch|p2a: Suicune|Suicune|404\/404
|-ability|p2a: Suicune|Pressure
|turn|8
|
|move|p1a: Linoone|Seed Bomb|p2a: Suicune
|-supereffective|p2a: Suicune
|-damage|p2a: Suicune|18\/404
|move|p2a: Suicune|Scald|p1a: Linoone
|-damage|p1a: Linoone|186\/360
|-status|p1a: Linoone|brn
|
|-weather|none
|-heal|p2a: Suicune|43\/404|[from] item: Leftovers
|-damage|p1a: Linoone|141\/360 brn|[from] brn
|-sideend|p1: zen95|Reflect
|turn|9
|
|switch|p2a: Aromatisse|Aromatisse, F|406\/406
|move|p1a: Linoone|Extreme Speed|p2a: Aromatisse
|-damage|p2a: Aromatisse|127\/406
|
|-heal|p2a: Aromatisse|152\/406|[from] item: Leftovers
|-damage|p1a: Linoone|96\/360 brn|[from] brn
|-sideend|p1: zen95|move: Light Screen
|turn|10
|
|move|p2a: Aromatisse|Protect|p2a: Aromatisse
|-singleturn|p2a: Aromatisse|Protect
|move|p1a: Linoone|Extreme Speed|p2a: Aromatisse
|-activate|p2a: Aromatisse|Protect
|
|-heal|p2a: Aromatisse|177\/406|[from] item: Leftovers
|-damage|p1a: Linoone|51\/360 brn|[from] brn
|turn|11
|
|move|p2a: Aromatisse|Protect|p2a: Aromatisse
|-singleturn|p2a: Aromatisse|Protect
|move|p1a: Linoone|Extreme Speed|p2a: Aromatisse
|-activate|p2a: Aromatisse|Protect
|
|-heal|p2a: Aromatisse|202\/406|[from] item: Leftovers
|-damage|p1a: Linoone|6\/360 brn|[from] brn
|turn|12
|
|move|p2a: Aromatisse|Protect|p2a: Aromatisse
|-fail|p2a: Aromatisse
|move|p1a: Linoone|Extreme Speed|p2a: Aromatisse
|-damage|p2a: Aromatisse|0 fnt
|faint|p2a: Aromatisse
|
|-damage|p1a: Linoone|0 fnt|[from] brn
|faint|p1a: Linoone
|
|switch|p2a: Houndoom|Houndoom, M|291\/291
|switch|p1a: Whimsicott|Whimsicott, F|324\/324
|turn|13
|
|-formechange|p2a: Houndoom|Houndoom-Mega
|message|Houndoom has Mega Evolved into Mega Houndoom!
|move|p1a: Whimsicott|Memento|p2a: Houndoom
|-unboost|p2a: Houndoom|atk|2
|-unboost|p2a: Houndoom|spa|2
|faint|p1a: Whimsicott
|move|p2a: Houndoom|Fire Blast|p1: Whimsicott|[notarget]
|-notarget
|
|
|switch|p1a: Gorebyss|Gorebyss, M|314\/314
|turn|14
|
|move|p2a: Houndoom|Sunny Day|p2a: Houndoom
|-weather|SunnyDay
|move|p1a: Gorebyss|Shell Smash|p1a: Gorebyss
|-boost|p1a: Gorebyss|atk|2
|-boost|p1a: Gorebyss|spa|2
|-boost|p1a: Gorebyss|spe|2
|-unboost|p1a: Gorebyss|def|1
|-unboost|p1a: Gorebyss|spd|1
|-enditem|p1a: Gorebyss|White Herb
|-restoreboost|p1a: Gorebyss|[silent]
|
|-weather|SunnyDay|[upkeep]
|-damage|p2a: Houndoom|255\/291|[from] ability: Solar Power
|turn|15
|
|switch|p2a: Suicune|Suicune|43\/404
|-ability|p2a: Suicune|Pressure
|move|p1a: Gorebyss|Scald|p2a: Suicune
|-resisted|p2a: Suicune
|-damage|p2a: Suicune|0 fnt
|faint|p2a: Suicune
|
|-weather|SunnyDay|[upkeep]
|
|switch|p2a: Houndoom|Houndoom, M|255\/291
|-formechange|p2a: Houndoom|Houndoom-Mega
|turn|16
|
|move|p1a: Gorebyss|Scald|p2a: Houndoom
|-supereffective|p2a: Houndoom
|-damage|p2a: Houndoom|25\/291
|move|p2a: Houndoom|Solar Beam|p1a: Gorebyss|[still]
|-prepare|p2a: Houndoom|Solar Beam|p1a: Gorebyss
|-anim|p2a: Houndoom|Solar Beam|p1a: Gorebyss
|-supereffective|p1a: Gorebyss
|-damage|p1a: Gorebyss|0 fnt
|faint|p1a: Gorebyss
|
|-weather|SunnyDay|[upkeep]
|-damage|p2a: Houndoom|0 fnt|[from] ability: Solar Power
|faint|p2a: Houndoom
|
|win|zen95
|raw|Ladder updating...
|raw|zen95's rating: 1458 &rarr; <strong>1471<\/strong><br \/>(+13 for winning)
|raw|ruddy420__'s rating: 1326 &rarr; <strong>1313<\/strong><br \/>(-13 for losing)
|chat|ruddy420__|gg
|chat|zen95|gg