|join|Swagilyph
|join|ruddy420__
|player|p1|Swagilyph|169
|player|p2|ruddy420__|109
|gametype|singles
|gen|6
|tier|UU
|rated
|clearpoke
|poke|p1|Gardevoir, F
|poke|p1|Weavile, M
|poke|p1|Tentacruel, M
|poke|p1|Hippowdon, M
|poke|p1|Aggron, M
|poke|p1|Porygon-Z
|poke|p2|Raikou, shiny
|poke|p2|Bronzong
|poke|p2|Snorlax, F
|poke|p2|Golurk
|poke|p2|Suicune
|poke|p2|Mienshao, M
|rule|Sleep Clause Mod: Limit one foe put to sleep
|rule|Species Clause: Limit one of each Pokemon
|rule|OHKO Clause: OHKO moves are banned
|rule|Moody Clause: Moody is banned
|rule|Evasion Moves Clause: Evasion moves are banned
|rule|Endless Battle Clause: Forcing endless battles is banned.
|rule|HP Percentage Mod: HP is reported as percentages
|teampreview
|chat|ruddy420__|gl hf
|
|start
|switch|p1a: Weavile|Weavile, M|282\/282
|switch|p2a: Mienshao|Mienshao, M|271\/271
|turn|1
|
|switch|p1a: Hippowdon|Hippowdon, M|404\/404
|move|p2a: Mienshao|U-turn|p1a: Hippowdon
|-damage|p1a: Hippowdon|349\/404
|join|Fucker4Jessicaa
|join|Snowy-kun
|
|switch|p2a: Suicune|Suicune|341\/341
|-ability|p2a: Suicune|Pressure
|
|-heal|p1a: Hippowdon|374\/404|[from] item: Leftovers
|turn|2
|
|move|p2a: Suicune|Hydro Pump|p1a: Hippowdon
|-supereffective|p1a: Hippowdon
|-damage|p1a: Hippowdon|0 fnt
|faint|p1a: Hippowdon
|
|
|switch|p1a: Tentacruel|Tentacruel, M|364\/364
|turn|3
|
|switch|p2a: Snorlax|Snorlax, F|461\/461
|move|p1a: Tentacruel|Giga Drain|p2a: Snorlax
|-damage|p2a: Snorlax|416\/461
|
|turn|4
|
|switch|p1a: Aggron|Aggron, M|344\/344
|move|p2a: Snorlax|Earthquake|p1a: Aggron
|-supereffective|p1a: Aggron
|-activate|p1a: Aggron|Sturdy
|-damage|p1a: Aggron|1\/344
|
|turn|5
|
|-formechange|p1a: Aggron|Aggron-Mega
|message|Aggron has Mega Evolved into Mega Aggron!
|move|p1a: Aggron|Heavy Slam|p2a: Snorlax
|-damage|p2a: Snorlax|331\/461
|move|p2a: Snorlax|Earthquake|p1a: Aggron
|-supereffective|p1a: Aggron
|-damage|p1a: Aggron|0 fnt
|faint|p1a: Aggron
|
|join|WingullIsGod
|
|switch|p1a: Weavile|Weavile, M|282\/282
|turn|6
|join|Mikasa Your Casa
|
|switch|p2a: Bronzong|Bronzong|338\/338
|move|p1a: Weavile|Low Kick|p2a: Bronzong
|-damage|p2a: Bronzong|247\/338
|
|-heal|p2a: Bronzong|268\/338|[from] item: Leftovers
|turn|7
|join|69 Bucks
|
|move|p1a: Weavile|Knock Off|p2a: Bronzong
|-supereffective|p2a: Bronzong
|-damage|p2a: Bronzong|0 fnt
|faint|p2a: Bronzong
|
|
|switch|p2a: Mienshao|Mienshao, M|271\/271
|turn|8
|join|1337 Bucks
|
|move|p2a: Mienshao|U-turn|p1a: Weavile
|-supereffective|p1a: Weavile
|-damage|p1a: Weavile|62\/282
|
|switch|p2a: Suicune|Suicune|341\/341
|-ability|p2a: Suicune|Pressure
|move|p1a: Weavile|Knock Off|p2a: Suicune
|-damage|p2a: Suicune|197\/341
|-enditem|p2a: Suicune|Leftovers|[from] move: Knock Off|[of] p1a: Weavile
|
|turn|9
|
|move|p1a: Weavile|Knock Off|p2a: Suicune
|-damage|p2a: Suicune|97\/341
|move|p2a: Suicune|Hidden Power|p1a: Weavile
|-damage|p1a: Weavile|0 fnt
|faint|p1a: Weavile
|
|
|switch|p1a: Gardevoir|Gardevoir, F|340\/340
|turn|10
|
|move|p2a: Suicune|Hydro Pump|p1a: Gardevoir|[miss]
|-miss|p2a: Suicune|p1a: Gardevoir
|move|p1a: Gardevoir|Toxic|p2a: Suicune
|-status|p2a: Suicune|tox
|
|-damage|p2a: Suicune|76\/341 tox|[from] psn
|turn|11
|
|move|p2a: Suicune|Hydro Pump|p1a: Gardevoir
|-damage|p1a: Gardevoir|234\/340
|move|p1a: Gardevoir|Wish|p1a: Gardevoir
|
|-heal|p1a: Gardevoir|255\/340|[from] item: Leftovers
|-damage|p2a: Suicune|34\/341 tox|[from] psn
|turn|12
|
|move|p2a: Suicune|Hydro Pump|p1a: Gardevoir|[miss]
|-miss|p2a: Suicune|p1a: Gardevoir
|move|p1a: Gardevoir|Moonblast|p2a: Suicune
|-damage|p2a: Suicune|0 fnt
|faint|p2a: Suicune
|
|-heal|p1a: Gardevoir|340\/340|[from] move: Wish|[wisher] Gardevoir
|
|switch|p2a: Snorlax|Snorlax, F|331\/461
|turn|13
|
|move|p1a: Gardevoir|Toxic|p2a: Snorlax
|-status|p2a: Snorlax|tox
|move|p2a: Snorlax|Earthquake|p1a: Gardevoir
|-damage|p1a: Gardevoir|87\/340
|
|-heal|p1a: Gardevoir|108\/340|[from] item: Leftovers
|-damage|p2a: Snorlax|303\/461 tox|[from] psn
|turn|14
|
|move|p1a: Gardevoir|Moonblast|p2a: Snorlax
|-damage|p2a: Snorlax|179\/461 tox
|move|p2a: Snorlax|Earthquake|p1a: Gardevoir
|-damage|p1a: Gardevoir|0 fnt
|faint|p1a: Gardevoir
|
|-damage|p2a: Snorlax|123\/461 tox|[from] psn
|
|switch|p1a: Porygon-Z|Porygon-Z|312\/312
|turn|15
|
|move|p1a: Porygon-Z|Agility|p1a: Porygon-Z
|-boost|p1a: Porygon-Z|spe|2
|move|p2a: Snorlax|Earthquake|p1a: Porygon-Z
|-damage|p1a: Porygon-Z|96\/312
|
|-damage|p2a: Snorlax|39\/461 tox|[from] psn
|turn|16
|chat|1337 Bucks|inb4hyperbeam
|
|move|p1a: Porygon-Z|Tri Attack|p2a: Snorlax
|-damage|p2a: Snorlax|0 fnt
|faint|p2a: Snorlax
|
|chat|Mikasa Your Casa|:]
|
|switch|p2a: Mienshao|Mienshao, M|271\/271
|turn|17
|
|move|p1a: Porygon-Z|Tri Attack|p2a: Mienshao
|-crit|p2a: Mienshao
|-damage|p2a: Mienshao|0 fnt
|faint|p2a: Mienshao
|
|
|switch|p2a: Golurk|Golurk|331\/331
|turn|18
|
|move|p1a: Porygon-Z|Tri Attack|p2a: Golurk
|-immune|p2a: Golurk|[msg]
|move|p2a: Golurk|Earthquake|p1a: Porygon-Z
|-damage|p1a: Porygon-Z|0 fnt
|faint|p1a: Porygon-Z
|
|
|switch|p1a: Tentacruel|Tentacruel, M|364\/364
|turn|19
|
|move|p1a: Tentacruel|Scald|p2a: Golurk
|-crit|p2a: Golurk
|-supereffective|p2a: Golurk
|-damage|p2a: Golurk|53\/331
|-status|p2a: Golurk|brn
|move|p2a: Golurk|Earthquake|p1a: Tentacruel
|-supereffective|p1a: Tentacruel
|-damage|p1a: Tentacruel|88\/364
|
|-heal|p1a: Tentacruel|110\/364|[from] item: Black Sludge
|-heal|p2a: Golurk|73\/331 brn|[from] item: Leftovers
|-damage|p2a: Golurk|32\/331 brn|[from] brn
|turn|20
|
|move|p1a: Tentacruel|Giga Drain|p2a: Golurk
|-supereffective|p2a: Golurk
|-damage|p2a: Golurk|0 fnt
|-heal|p1a: Tentacruel|126\/364|[from] drain|[of] p2a: Golurk
|faint|p2a: Golurk
|
|-heal|p1a: Tentacruel|148\/364|[from] item: Black Sludge
|
|switch|p2a: Raikou|Raikou, shiny|321\/321
|-ability|p2a: Raikou|Pressure
|turn|21
|
|move|p2a: Raikou|Thunderbolt|p1a: Tentacruel
|-supereffective|p1a: Tentacruel
|-damage|p1a: Tentacruel|0 fnt
|faint|p1a: Tentacruel
|
|win|ruddy420__
|raw|Ladder updating...
|raw|Swagilyph's rating: 1283 &rarr; <strong>1262<\/strong><br \/>(-21 for losing)
|raw|ruddy420__'s rating: 1348 &rarr; <strong>1364<\/strong><br \/>(+16 for winning)
|chat|ruddy420__|gg :]
|chat|Swagilyph|gg
|leave|Swagilyph
|player|p1
|leave|Mikasa Your Casa
|chat|ruddy420__|sucker4jessica is the best
|chat|ruddy420__|if you actually the real one
|leave|Snowy-kun
|chat|ruddy420__|:]