|join|ruddy420__
|join|R_W_Test
|player|p1|ruddy420__|109
|player|p2|R_W_Test|170
|gametype|singles
|gen|6
|tier|UU
|rated
|rule|Sleep Clause Mod: Limit one foe put to sleep
|rule|Species Clause: Limit one of each Pokemon
|rule|OHKO Clause: OHKO moves are banned
|rule|Moody Clause: Moody is banned
|rule|Evasion Moves Clause: Evasion moves are banned
|rule|Endless Battle Clause: Forcing endless battles is banned.
|rule|HP Percentage Mod: HP is reported as percentages
|clearpoke
|poke|p1|Empoleon, M
|poke|p1|Gardevoir, M
|poke|p1|Mienshao, F
|poke|p1|Dragalge, M
|poke|p1|Slowbro, F
|poke|p1|Aerodactyl, F
|poke|p2|Aerodactyl, F
|poke|p2|Krookodile, F
|poke|p2|Mienshao, F
|poke|p2|Shaymin
|poke|p2|Toxicroak, M
|poke|p2|Victini
|teampreview
|
|start
|switch|p1a: Mienshao|Mienshao, F|271\/271
|switch|p2a: Krookodile|Krookodile, F|394\/394
|-ability|p2a: Krookodile|Intimidate|[of] p1a: Mienshao
|-unboost|p1a: Mienshao|atk|1
|turn|1
|join|Maenpaa
|
|move|p1a: Mienshao|High Jump Kick|p2a: Krookodile|[miss]
|-miss|p1a: Mienshao|p2a: Krookodile
|-damage|p1a: Mienshao|136\/271|[from] highjumpkick
|move|p2a: Krookodile|Earthquake|p1a: Mienshao
|-damage|p1a: Mienshao|0 fnt
|faint|p1a: Mienshao
|
|
|switch|p1a: Aerodactyl|Aerodactyl, F|301\/301
|-ability|p1a: Aerodactyl|Unnerve|p2: R_W_Test
|turn|2
|
|detailschange|p1a: Aerodactyl|Aerodactyl-Mega, F
|message|Aerodactyl has Mega Evolved into Mega Aerodactyl!
|move|p1a: Aerodactyl|Sky Drop|p2a: Krookodile|[still]
|-prepare|p1a: Aerodactyl|Sky Drop|p2a: Krookodile
|-message|(Sky Drop prevented a Pokemon from moving.)
|
|turn|3
|
|move|p1a: Aerodactyl|Sky Drop|p2a: Krookodile
|-crit|p2a: Krookodile
|-damage|p2a: Krookodile|186\/394
|move|p2a: Krookodile|Stealth Rock|p1a: Aerodactyl
|-sidestart|p1: ruddy420__|move: Stealth Rock
|
|-heal|p2a: Krookodile|210\/394|[from] item: Leftovers
|turn|4
|
|move|p1a: Aerodactyl|Earthquake|p2a: Krookodile
|-damage|p2a: Krookodile|105\/394
|move|p2a: Krookodile|Knock Off|p1a: Aerodactyl
|-damage|p1a: Aerodactyl|195\/301
|
|-heal|p2a: Krookodile|129\/394|[from] item: Leftovers
|turn|5
|
|switch|p1a: Empoleon|Empoleon, M|340\/340
|-damage|p1a: Empoleon|319\/340|[from] Stealth Rock
|move|p2a: Krookodile|Knock Off|p1a: Empoleon
|-damage|p1a: Empoleon|184\/340
|-enditem|p1a: Empoleon|Leftovers|[from] move: Knock Off|[of] p2a: Krookodile
|
|-heal|p2a: Krookodile|153\/394|[from] item: Leftovers
|turn|6
|
|move|p2a: Krookodile|Earthquake|p1a: Empoleon
|-supereffective|p1a: Empoleon
|-damage|p1a: Empoleon|0 fnt
|faint|p1a: Empoleon
|
|-heal|p2a: Krookodile|177\/394|[from] item: Leftovers
|
|switch|p1a: Aerodactyl|Aerodactyl-Mega, F|195\/301
|-damage|p1a: Aerodactyl|120\/301|[from] Stealth Rock
|turn|7
|
|move|p1a: Aerodactyl|Sky Drop|p2a: Krookodile|[still]
|-prepare|p1a: Aerodactyl|Sky Drop|p2a: Krookodile
|-message|(Sky Drop prevented a Pokemon from moving.)
|
|-heal|p2a: Krookodile|201\/394|[from] item: Leftovers
|turn|8
|
|move|p1a: Aerodactyl|Sky Drop|p2a: Krookodile
|-damage|p2a: Krookodile|66\/394
|move|p2a: Krookodile|Knock Off|p1a: Aerodactyl
|-damage|p1a: Aerodactyl|24\/301
|
|-heal|p2a: Krookodile|90\/394|[from] item: Leftovers
|turn|9
|
|switch|p2a: Aerodactyl|Aerodactyl, F|331\/331
|-ability|p2a: Aerodactyl|Pressure
|move|p1a: Aerodactyl|Earthquake|p2a: Aerodactyl
|-immune|p2a: Aerodactyl|[msg]
|
|turn|10
|
|switch|p2a: Krookodile|Krookodile, F|90\/394
|-ability|p2a: Krookodile|Intimidate|[of] p1a: Aerodactyl
|-unboost|p1a: Aerodactyl|atk|1
|move|p1a: Aerodactyl|Roost|p1a: Aerodactyl
|-heal|p1a: Aerodactyl|175\/301
|
|-heal|p2a: Krookodile|114\/394|[from] item: Leftovers
|turn|11
|
|move|p1a: Aerodactyl|Sky Drop|p2a: Krookodile|[still]
|-prepare|p1a: Aerodactyl|Sky Drop|p2a: Krookodile
|-message|(Sky Drop prevented a Pokemon from moving.)
|
|-heal|p2a: Krookodile|138\/394|[from] item: Leftovers
|turn|12
|
|move|p1a: Aerodactyl|Sky Drop|p2a: Krookodile
|-damage|p2a: Krookodile|44\/394
|move|p2a: Krookodile|Knock Off|p1a: Aerodactyl
|-damage|p1a: Aerodactyl|76\/301
|
|-heal|p2a: Krookodile|68\/394|[from] item: Leftovers
|turn|13
|
|move|p1a: Aerodactyl|Earthquake|p2a: Krookodile
|-damage|p2a: Krookodile|0 fnt
|faint|p2a: Krookodile
|
|
|switch|p2a: Mienshao|Mienshao, F|271\/271
|turn|14
|
|switch|p1a: Gardevoir|Gardevoir, M|340\/340
|-damage|p1a: Gardevoir|298\/340|[from] Stealth Rock
|-ability|p1a: Gardevoir|Reckless|[from] ability: Trace|[of] p2a: Mienshao
|move|p2a: Mienshao|U-turn|p1a: Gardevoir
|-damage|p1a: Gardevoir|182\/340
|
|switch|p2a: Victini|Victini|341\/341
|
|-heal|p1a: Gardevoir|203\/340|[from] item: Leftovers
|turn|15
|
|move|p1a: Gardevoir|Protect|p1a: Gardevoir
|-singleturn|p1a: Gardevoir|Protect
|move|p2a: Victini|Grass Knot|p1a: Gardevoir
|-activate|p1a: Gardevoir|Protect
|
|-heal|p1a: Gardevoir|224\/340|[from] item: Leftovers
|turn|16
|
|move|p2a: Victini|V-create|p1a: Gardevoir
|-damage|p1a: Gardevoir|0 fnt
|-unboost|p2a: Victini|def|1
|-unboost|p2a: Victini|spd|1
|-unboost|p2a: Victini|spe|1
|-damage|p2a: Victini|307\/341|[from] item: Life Orb
|faint|p1a: Gardevoir
|
|
|switch|p1a: Aerodactyl|Aerodactyl-Mega, F|76\/301
|-damage|p1a: Aerodactyl|1\/301|[from] Stealth Rock
|turn|17
|
|switch|p2a: Shaymin|Shaymin|341\/341
|move|p1a: Aerodactyl|Roost|p1a: Aerodactyl
|-heal|p1a: Aerodactyl|152\/301
|
|turn|18
|
|move|p1a: Aerodactyl|Sky Drop|p2a: Shaymin|[still]
|-prepare|p1a: Aerodactyl|Sky Drop|p2a: Shaymin
|-message|(Sky Drop prevented a Pokemon from moving.)
|
|turn|19
|
|move|p1a: Aerodactyl|Sky Drop|p2a: Shaymin
|-crit|p2a: Shaymin
|-supereffective|p2a: Shaymin
|-damage|p2a: Shaymin|0 fnt
|faint|p2a: Shaymin
|
|
|switch|p2a: Mienshao|Mienshao, F|271\/271
|turn|20
|
|move|p2a: Mienshao|High Jump Kick|p1a: Aerodactyl
|-damage|p1a: Aerodactyl|0 fnt
|faint|p1a: Aerodactyl
|
|
|switch|p1a: Slowbro|Slowbro, F|394\/394
|-damage|p1a: Slowbro|345\/394|[from] Stealth Rock
|turn|21
|
|switch|p2a: Victini|Victini|307\/341
|move|p1a: Slowbro|Scald|p2a: Victini
|-supereffective|p2a: Victini
|-damage|p2a: Victini|121\/341
|
|-heal|p1a: Slowbro|369\/394|[from] item: Leftovers
|turn|22
|
|switch|p1a: Dragalge|Dragalge, M|334\/334
|-damage|p1a: Dragalge|293\/334|[from] Stealth Rock
|move|p2a: Victini|Grass Knot|p1a: Dragalge
|-resisted|p1a: Dragalge
|-damage|p1a: Dragalge|279\/334
|-damage|p2a: Victini|87\/341|[from] item: Life Orb
|
|-heal|p1a: Dragalge|299\/334|[from] item: Black Sludge
|turn|23
|leave|Maenpaa
|
|switch|p1a: Slowbro|Slowbro, F|394\/394
|-damage|p1a: Slowbro|345\/394|[from] Stealth Rock
|move|p2a: Victini|Psychic|p1a: Slowbro
|-resisted|p1a: Slowbro
|-damage|p1a: Slowbro|242\/394
|-damage|p2a: Victini|53\/341|[from] item: Life Orb
|
|-heal|p1a: Slowbro|266\/394|[from] item: Leftovers
|turn|24
|
|move|p2a: Victini|Dazzling Gleam|p1a: Slowbro
|-damage|p1a: Slowbro|150\/394
|-damage|p2a: Victini|19\/341|[from] item: Life Orb
|move|p1a: Slowbro|Slack Off|p1a: Slowbro
|-heal|p1a: Slowbro|347\/394
|
|-heal|p1a: Slowbro|371\/394|[from] item: Leftovers
|turn|25
|
|move|p2a: Victini|Psychic|p1a: Slowbro
|-resisted|p1a: Slowbro
|-damage|p1a: Slowbro|262\/394
|-damage|p2a: Victini|0 fnt|[from] item: Life Orb
|faint|p2a: Victini
|move|p1a: Slowbro|Slack Off|p1a: Slowbro
|-heal|p1a: Slowbro|394\/394
|
|
|switch|p2a: Aerodactyl|Aerodactyl, F|331\/331
|-ability|p2a: Aerodactyl|Pressure
|turn|26
|
|detailschange|p2a: Aerodactyl|Aerodactyl-Mega, F
|message|Aerodactyl has Mega Evolved into Mega Aerodactyl!
|move|p2a: Aerodactyl|Stone Edge|p1a: Slowbro
|-damage|p1a: Slowbro|279\/394
|move|p1a: Slowbro|Scald|p2a: Aerodactyl
|-supereffective|p2a: Aerodactyl
|-damage|p2a: Aerodactyl|127\/331
|
|-heal|p1a: Slowbro|303\/394|[from] item: Leftovers
|turn|27
|
|switch|p2a: Toxicroak|Toxicroak, M|307\/307
|move|p1a: Slowbro|Ice Beam|p2a: Toxicroak
|-damage|p2a: Toxicroak|198\/307
|
|-heal|p1a: Slowbro|327\/394|[from] item: Leftovers
|turn|28
|
|move|p2a: Toxicroak|Swords Dance|p2a: Toxicroak
|-boost|p2a: Toxicroak|atk|2
|move|p1a: Slowbro|Psyshock|p2a: Toxicroak
|-supereffective|p2a: Toxicroak
|-damage|p2a: Toxicroak|0 fnt
|faint|p2a: Toxicroak
|
|-heal|p1a: Slowbro|351\/394|[from] item: Leftovers
|
|switch|p2a: Mienshao|Mienshao, F|271\/271
|turn|29
|
|switch|p1a: Dragalge|Dragalge, M|299\/334
|-damage|p1a: Dragalge|258\/334|[from] Stealth Rock
|move|p2a: Mienshao|Knock Off|p1a: Dragalge
|-damage|p1a: Dragalge|144\/334
|-enditem|p1a: Dragalge|Black Sludge|[from] move: Knock Off|[of] p2a: Mienshao
|
|turn|30
|
|switch|p2a: Aerodactyl|Aerodactyl-Mega, F|127\/331
|move|p1a: Dragalge|Venoshock|p2a: Aerodactyl
|-resisted|p2a: Aerodactyl
|-damage|p2a: Aerodactyl|91\/331
|
|turn|31
|
|move|p2a: Aerodactyl|Roost|p2a: Aerodactyl
|-heal|p2a: Aerodactyl|257\/331
|move|p1a: Dragalge|Toxic Spikes|p2a: Aerodactyl
|-sidestart|p2: R_W_Test|move: Toxic Spikes
|
|turn|32
|
|move|p2a: Aerodactyl|Stone Edge|p1a: Dragalge
|-damage|p1a: Dragalge|0 fnt
|faint|p1a: Dragalge
|
|
|switch|p1a: Slowbro|Slowbro, F|394\/394
|-damage|p1a: Slowbro|345\/394|[from] Stealth Rock
|turn|33
|
|move|p2a: Aerodactyl|Stone Edge|p1a: Slowbro
|-damage|p1a: Slowbro|215\/394
|move|p1a: Slowbro|Scald|p2a: Aerodactyl
|-supereffective|p2a: Aerodactyl
|-damage|p2a: Aerodactyl|41\/331
|
|-heal|p1a: Slowbro|239\/394|[from] item: Leftovers
|turn|34
|
|move|p2a: Aerodactyl|Stone Edge|p1a: Slowbro
|-damage|p1a: Slowbro|116\/394
|move|p1a: Slowbro|Slack Off|p1a: Slowbro
|-heal|p1a: Slowbro|313\/394
|
|-heal|p1a: Slowbro|337\/394|[from] item: Leftovers
|turn|35
|
|move|p2a: Aerodactyl|Stone Edge|p1a: Slowbro
|-damage|p1a: Slowbro|216\/394
|move|p1a: Slowbro|Scald|p2a: Aerodactyl
|-supereffective|p2a: Aerodactyl
|-damage|p2a: Aerodactyl|0 fnt
|faint|p2a: Aerodactyl
|
|-heal|p1a: Slowbro|240\/394|[from] item: Leftovers
|
|switch|p2a: Mienshao|Mienshao, F|271\/271
|-status|p2a: Mienshao|psn
|turn|36
|
|move|p2a: Mienshao|Knock Off|p1a: Slowbro
|-supereffective|p1a: Slowbro
|-damage|p1a: Slowbro|96\/394
|-enditem|p1a: Slowbro|Leftovers|[from] move: Knock Off|[of] p2a: Mienshao
|move|p1a: Slowbro|Slack Off|p1a: Slowbro
|-heal|p1a: Slowbro|293\/394
|
|-damage|p2a: Mienshao|238\/271 psn|[from] psn
|turn|37
|-message|R_W_Test forfeited.
|
|win|ruddy420__
|raw|Ladder updating...
|leave|R_W_Test
|player|p2
|raw|ruddy420__'s rating: 1485 &rarr; <strong>1503<\/strong><br \/>(+18 for winning)
|raw|R_W_Test's rating: 1453 &rarr; <strong>1435<\/strong><br \/>(-18 for losing)