|join|Brandonna
|join|wizard777
|player|p1|Brandonna|265
|player|p2|wizard777|288
|gametype|singles
|gen|6
|tier|OU
|rated
|clearpoke
|poke|p1|Azumarill, M
|poke|p1|Tyranitar, M
|poke|p1|Excadrill, M
|poke|p1|Thundurus, M
|poke|p1|Charizard, M
|poke|p1|Keldeo
|poke|p2|Smeargle, M, shiny
|poke|p2|Vaporeon, F
|poke|p2|Scolipede, M, shiny
|poke|p2|Sylveon, F
|poke|p2|Mr. Mime, M, shiny
|poke|p2|Espeon, M, shiny
|rule|Sleep Clause Mod: Limit one foe put to sleep
|rule|Species Clause: Limit one of each Pokemon
|rule|OHKO Clause: OHKO moves are banned
|rule|Moody Clause: Moody is banned
|rule|Evasion Moves Clause: Evasion moves are banned
|rule|Endless Battle Clause: Forcing endless battles is banned.
|rule|HP Percentage Mod: HP is reported as percentages
|teampreview
|
|start
|switch|p1a: Tyranitar|Tyranitar, M|404\/404
|switch|p2a: BIN LADEN|Scolipede, M, shiny|321\/321
|-weather|Sandstorm
|turn|1
|
|move|p2a: BIN LADEN|Substitute|p2a: BIN LADEN
|-start|p2a: BIN LADEN|Substitute
|-damage|p2a: BIN LADEN|241\/321
|move|p1a: Tyranitar|Stone Edge|p2a: BIN LADEN
|-supereffective|p2a: BIN LADEN
|-end|p2a: BIN LADEN|Substitute
|
|-weather|Sandstorm|[upkeep]
|-damage|p2a: BIN LADEN|221\/321|[from] sandstorm
|-boost|p2a: BIN LADEN|spe|1|[from] ability: Speed Boost
|turn|2
|
|move|p2a: BIN LADEN|Substitute|p2a: BIN LADEN
|-start|p2a: BIN LADEN|Substitute
|-damage|p2a: BIN LADEN|141\/321
|move|p1a: Tyranitar|Stealth Rock|p2a: BIN LADEN
|-sidestart|p2: wizard777|move: Stealth Rock
|
|-weather|Sandstorm|[upkeep]
|-damage|p2a: BIN LADEN|121\/321|[from] sandstorm
|-boost|p2a: BIN LADEN|spe|1|[from] ability: Speed Boost
|turn|3
|
|move|p2a: BIN LADEN|Iron Defense|p2a: BIN LADEN
|-boost|p2a: BIN LADEN|def|2
|move|p1a: Tyranitar|Stone Edge|p2a: BIN LADEN
|-supereffective|p2a: BIN LADEN
|-end|p2a: BIN LADEN|Substitute
|
|-weather|Sandstorm|[upkeep]
|-damage|p2a: BIN LADEN|101\/321|[from] sandstorm
|-boost|p2a: BIN LADEN|spe|1|[from] ability: Speed Boost
|turn|4
|
|move|p2a: BIN LADEN|Substitute|p2a: BIN LADEN
|-start|p2a: BIN LADEN|Substitute
|-damage|p2a: BIN LADEN|21\/321
|move|p1a: Tyranitar|Stone Edge|p2a: BIN LADEN
|-supereffective|p2a: BIN LADEN
|-end|p2a: BIN LADEN|Substitute
|
|-weather|Sandstorm|[upkeep]
|-damage|p2a: BIN LADEN|1\/321|[from] sandstorm
|-boost|p2a: BIN LADEN|spe|1|[from] ability: Speed Boost
|turn|5
|
|switch|p1a: Thundurus|Thundurus, M|299\/299
|move|p2a: BIN LADEN|Baton Pass|p2a: BIN LADEN
|
|switch|p2a: DON CORLEONE|Espeon, M, shiny|334\/334
|-damage|p2a: DON CORLEONE|293\/334|[from] Stealth Rock
|
|-weather|none
|-heal|p2a: DON CORLEONE|313\/334|[from] item: Leftovers
|turn|6
|
|move|p2a: DON CORLEONE|Calm Mind|p2a: DON CORLEONE
|-boost|p2a: DON CORLEONE|spa|1
|-boost|p2a: DON CORLEONE|spd|1
|move|p1a: Thundurus|Thunderbolt|p2a: DON CORLEONE
|-damage|p2a: DON CORLEONE|183\/334
|-damage|p1a: Thundurus|270\/299|[from] item: Life Orb
|
|-heal|p2a: DON CORLEONE|203\/334|[from] item: Leftovers
|turn|7
|
|move|p2a: DON CORLEONE|Stored Power|p1a: Thundurus
|-damage|p1a: Thundurus|0 fnt
|faint|p1a: Thundurus
|
|-heal|p2a: DON CORLEONE|223\/334|[from] item: Leftovers
|
|switch|p1a: Charizard|Charizard, M|306\/306
|turn|8
|
|detailschange|p1a: Charizard|Charizard-Mega-X, M
|message|Charizard has Mega Evolved into Mega Charizard!
|move|p2a: DON CORLEONE|Stored Power|p1a: Charizard
|-damage|p1a: Charizard|0 fnt
|faint|p1a: Charizard
|
|-heal|p2a: DON CORLEONE|243\/334|[from] item: Leftovers
|
|switch|p1a: Azumarill|Azumarill, M|398\/398
|turn|9
|
|move|p2a: DON CORLEONE|Stored Power|p1a: Azumarill
|-damage|p1a: Azumarill|0 fnt
|faint|p1a: Azumarill
|
|-heal|p2a: DON CORLEONE|263\/334|[from] item: Leftovers
|-message|Brandonna forfeited.
|
|win|wizard777
|raw|Ladder updating...
|leave|Brandonna
|player|p1