|join|Euphoricock
|join|Brandonna
|player|p1|Euphoricock|80
|player|p2|Brandonna|1
|gametype|singles
|gen|6
|tier|OU
|rated
|clearpoke
|poke|p1|Kingdra, M
|poke|p1|Tornadus-Therian, M
|poke|p1|Medicham, F
|poke|p1|Landorus-Therian, M, shiny
|poke|p1|Rotom-Wash
|poke|p1|Gothitelle, F, shiny
|poke|p2|Ninetales, M
|poke|p2|Victini
|poke|p2|Terrakion
|poke|p2|Garchomp, F
|poke|p2|Charizard, F
|poke|p2|Venusaur, M
|rule|Swagger Clause: Swagger is banned
|rule|Baton Pass Clause: Limit one PokÃ©mon knowing Baton Pass
|rule|Sleep Clause Mod: Limit one foe put to sleep
|rule|Species Clause: Limit one of each PokÃ©mon
|rule|OHKO Clause: OHKO moves are banned
|rule|Moody Clause: Moody is banned
|rule|Evasion Moves Clause: Evasion moves are banned
|rule|Endless Battle Clause: Forcing endless battles is banned
|rule|HP Percentage Mod: HP is shown in percentages
|teampreview
|
|start
|switch|p1a: Medicham|Medicham, F|261\/261
|switch|p2a: Terrakion|Terrakion|323\/323
|turn|1
|
|switch|p2a: Ninetales|Ninetales, M|350\/350
|-weather|SunnyDay
|detailschange|p1a: Medicham|Medicham-Mega, F
|message|Medicham has Mega Evolved into Mega Medicham!
|move|p1a: Medicham|Fake Out|p2a: Ninetales
|-damage|p2a: Ninetales|250\/350
|
|-weather|SunnyDay|[upkeep]
|turn|2
|
|move|p1a: Medicham|High Jump Kick|p2a: Ninetales
|-damage|p2a: Ninetales|0 fnt
|faint|p2a: Ninetales
|
|-weather|SunnyDay|[upkeep]
|
|switch|p2a: Terrakion|Terrakion|323\/323
|turn|3
|
|move|p2a: Terrakion|Stealth Rock|p1a: Medicham
|-sidestart|p1: Euphoricock|move: Stealth Rock
|move|p1a: Medicham|Zen Headbutt|p2a: Terrakion
|-supereffective|p2a: Terrakion
|-enditem|p2a: Terrakion|Focus Sash
|-damage|p2a: Terrakion|1\/323
|
|-weather|SunnyDay|[upkeep]
|turn|4
|
|switch|p2a: Victini|Victini|341\/341
|switch|p1a: Landorus-Therian|Landorus-Therian, M, shiny|381\/381
|-damage|p1a: Landorus-Therian|334\/381|[from] Stealth Rock
|-ability|p1a: Landorus-Therian|Intimidate|[of] p2a: Victini
|-unboost|p2a: Victini|atk|1
|
|-weather|SunnyDay|[upkeep]
|-heal|p1a: Landorus-Therian|357\/381|[from] item: Leftovers
|turn|5
|
|move|p2a: Victini|V-create|p1a: Landorus-Therian
|-damage|p1a: Landorus-Therian|14\/381
|-unboost|p2a: Victini|def|1
|-unboost|p2a: Victini|spd|1
|-unboost|p2a: Victini|spe|1
|move|p1a: Landorus-Therian|Earthquake|p2a: Victini
|-supereffective|p2a: Victini
|-damage|p2a: Victini|0 fnt
|faint|p2a: Victini
|
|-weather|SunnyDay|[upkeep]
|-heal|p1a: Landorus-Therian|37\/381|[from] item: Leftovers
|c|âBrandonna|i need adamanttt
|c|âEuphoricock|xD
|
|switch|p2a: Venusaur|Venusaur, M|301\/301
|turn|6
|c|âEuphoricock|that was pretty OP tho haha
|c|âBrandonna|:]
|c|âBrandonna|banded jolly not enoujgh power lol
|c|âEuphoricock|yea man i always adamant on vict
|
|move|p2a: Venusaur|Giga Drain|p1a: Landorus-Therian
|-damage|p1a: Landorus-Therian|0 fnt
|faint|p1a: Landorus-Therian
|
|-weather|SunnyDay|[upkeep]
|
|switch|p1a: Medicham|Medicham-Mega, F|261\/261
|-damage|p1a: Medicham|245\/261|[from] Stealth Rock
|turn|7
|
|move|p1a: Medicham|Fake Out|p2a: Venusaur
|-damage|p2a: Venusaur|193\/301
|cant|p2a: Venusaur|flinch
|
|-weather|SunnyDay|[upkeep]
|-heal|p2a: Venusaur|211\/301|[from] item: Black Sludge
|turn|8
|
|switch|p1a: Gothitelle|Gothitelle, F, shiny|301\/301
|-damage|p1a: Gothitelle|264\/301|[from] Stealth Rock
|move|p2a: Venusaur|Sludge Bomb|p1a: Gothitelle
|-damage|p1a: Gothitelle|137\/301
|
|-weather|none
|-heal|p2a: Venusaur|229\/301|[from] item: Black Sludge
|turn|9
|
|move|p1a: Gothitelle|Psyshock|p2a: Venusaur
|-supereffective|p2a: Venusaur
|-damage|p2a: Venusaur|0 fnt
|faint|p2a: Venusaur
|
|
|switch|p2a: Charizard|Charizard, F|298\/298
|turn|10
|
|detailschange|p2a: Charizard|Charizard-Mega-Y, F
|message|Charizard has Mega Evolved into Mega Charizard!
|-weather|SunnyDay
|move|p1a: Gothitelle|Psyshock|p2a: Charizard
|-damage|p2a: Charizard|148\/298
|move|p2a: Charizard|Flamethrower|p1a: Gothitelle
|-damage|p1a: Gothitelle|0 fnt
|faint|p1a: Gothitelle
|
|-weather|SunnyDay|[upkeep]
|
|switch|p1a: Tornadus-Therian|Tornadus-Therian, M|313\/313
|-damage|p1a: Tornadus-Therian|235\/313|[from] Stealth Rock
|turn|11
|
|switch|p2a: Terrakion|Terrakion|1\/323
|move|p1a: Tornadus-Therian|Rain Dance|p1a: Tornadus-Therian
|-weather|RainDance
|
|-weather|RainDance|[upkeep]
|turn|12
|
|switch|p1a: Medicham|Medicham-Mega, F|245\/261
|-damage|p1a: Medicham|229\/261|[from] Stealth Rock
|move|p2a: Terrakion|Stone Edge|p1a: Medicham
|-resisted|p1a: Medicham
|-damage|p1a: Medicham|123\/261
|
|-weather|RainDance|[upkeep]
|turn|13
|c|âBrandonna|interesting 
|
|switch|p2a: Garchomp|Garchomp, F|358\/358
|move|p1a: Medicham|Ice Punch|p2a: Garchomp
|-supereffective|p2a: Garchomp
|-damage|p2a: Garchomp|0 fnt
|-damage|p1a: Medicham|91\/261|[from] ability: Rough Skin|[of] p2a: Garchomp
|faint|p2a: Garchomp
|
|-weather|RainDance|[upkeep]
|c|âEuphoricock|;)
|
|switch|p2a: Charizard|Charizard-Mega-Y, F|148\/298
|-weather|SunnyDay
|turn|14
|
|move|p2a: Charizard|Flamethrower|p1a: Medicham
|-damage|p1a: Medicham|0 fnt
|faint|p1a: Medicham
|
|-weather|SunnyDay|[upkeep]
|c|âBrandonna|ohh no bp
|c|âBrandonna|intersting
|
|switch|p1a: Tornadus-Therian|Tornadus-Therian, M|313\/313
|-damage|p1a: Tornadus-Therian|235\/313|[from] Stealth Rock
|turn|15
|c|âBrandonna|well you win, gg wp
|c|âEuphoricock|no space for bp on this one
|
|move|p1a: Tornadus-Therian|Rain Dance|p1a: Tornadus-Therian
|-weather|RainDance
|move|p2a: Charizard|Roost|p2a: Charizard
|-heal|p2a: Charizard|297\/298
|
|-weather|RainDance|[upkeep]
|turn|16
|c|âEuphoricock|gg :D
|
|move|p1a: Tornadus-Therian|Hurricane|p2a: Charizard
|-damage|p2a: Charizard|85\/298
|-damage|p1a: Tornadus-Therian|204\/313|[from] item: Life Orb
|move|p2a: Charizard|Dragon Pulse|p1a: Tornadus-Therian
|-damage|p1a: Tornadus-Therian|70\/313
|
|-weather|RainDance|[upkeep]
|turn|17
|
|switch|p2a: Terrakion|Terrakion|1\/323
|move|p1a: Tornadus-Therian|Hurricane|p2a: Terrakion
|-damage|p2a: Terrakion|0 fnt
|-damage|p1a: Tornadus-Therian|39\/313|[from] item: Life Orb
|faint|p2a: Terrakion
|
|-weather|RainDance|[upkeep]
|
|switch|p2a: Charizard|Charizard-Mega-Y, F|85\/298
|-weather|SunnyDay
|turn|18
|
|move|p1a: Tornadus-Therian|Rain Dance|p1a: Tornadus-Therian
|-weather|RainDance
|move|p2a: Charizard|Roost|p2a: Charizard
|-heal|p2a: Charizard|234\/298
|
|-weather|RainDance|[upkeep]
|turn|19
|
|move|p1a: Tornadus-Therian|Hurricane|p2a: Charizard
|-damage|p2a: Charizard|43\/298
|-damage|p1a: Tornadus-Therian|8\/313|[from] item: Life Orb
|move|p2a: Charizard|Dragon Pulse|p1a: Tornadus-Therian
|-damage|p1a: Tornadus-Therian|0 fnt
|faint|p1a: Tornadus-Therian
|
|-weather|RainDance|[upkeep]
|
|switch|p1a: Kingdra|Kingdra, M|297\/297
|-damage|p1a: Kingdra|260\/297|[from] Stealth Rock
|turn|20
|
|move|p1a: Kingdra|Scald|p2a: Charizard
|-supereffective|p2a: Charizard
|-damage|p2a: Charizard|0 fnt
|-damage|p1a: Kingdra|231\/297|[from] item: Life Orb
|faint|p2a: Charizard
|
|win|Euphoricock
|raw|Ladder updating...
|c|âBrandonna|:]
|leave|Brandonna
|player|p2
|raw|Euphoricock's rating: 1660 &rarr; <strong>1680<\/strong><br \/>(+20 for winning)
|raw|Brandonna's rating: 1646 &rarr; <strong>1627<\/strong><br \/>(-19 for losing)