|join|King UU
|join|Acxiom
|player|p1|King UU|22
|player|p2|Acxiom|212
|gametype|singles
|gen|6
|tier|UU
|rule|Sleep Clause Mod: Limit one foe put to sleep
|rule|Species Clause: Limit one of each PokÃ©mon
|rule|OHKO Clause: OHKO moves are banned
|rule|Moody Clause: Moody is banned
|rule|Evasion Moves Clause: Evasion moves are banned
|rule|Endless Battle Clause: Forcing endless battles is banned
|rule|HP Percentage Mod: HP is shown in percentages
|clearpoke
|poke|p1|Zygarde
|poke|p1|Cresselia, F
|poke|p1|Snorlax, M
|poke|p1|Empoleon, M
|poke|p1|Absol, M
|poke|p1|Yanmega, M
|poke|p2|Hydreigon, F
|poke|p2|Chesnaught, F
|poke|p2|Diancie
|poke|p2|Rotom-Heat
|poke|p2|Blastoise, M
|poke|p2|Doublade, F
|rule|Swagger Clause: Swagger is banned
|rule|Baton Pass Clause: Limit one PokÃ©mon knowing Baton Pass
|teampreview
|join|Goyim UU
|join|E3OP
|c| Goyim UU|?
|join|GetCressedNerd
|join|thisbemyfault
|join|Odell Beckham Jr.
|join|Primal Gyarados
|join|Mighty Dagon
|join|Kyla's Nightmare
|c|âKing UU|...?
|join|secret kekleon
|join|Rapicrash
|c|âKing UU|i just played this team
|c|âKing UU|Who's team is this
|c|âAcxiom|Well
|c|âAcxiom|Because it's mine
|
|start
|switch|p1a: Empoleon|Empoleon, M|372\/372
|switch|p2a: Rotom-Heat|Rotom-Heat|289\/289
|turn|1
|c| E3OP|The EXACT team?
|c| Rapicrash|is it?
|c|âKing UU|Use it better than the last guy, please.
|c|âAcxiom|Yes, yes
|c|âAcxiom|Metal Sonic was one of my closest friends hahahaha
|
|move|p2a: Rotom-Heat|Volt Switch|p1a: Empoleon
|-supereffective|p1a: Empoleon
|-damage|p1a: Empoleon|214\/372
|
|switch|p2a: Blastoise|Blastoise, M|353\/353
|move|p1a: Empoleon|Stealth Rock|p2a: Blastoise
|-sidestart|p2: Acxiom|move: Stealth Rock
|
|-heal|p1a: Empoleon|237\/372|[from] item: Leftovers
|turn|2
|c| Goyim UU|was?
|c| GetCressedNerd|and you admit that openly
|c| Goyim UU|wat happen?
|c| GetCressedNerd|I am so sorry
|c| Rapicrash|avenge me king uu, this pro knocked me out the tour
|
|detailschange|p2a: Blastoise|Blastoise-Mega, M
|-mega|p2a: Blastoise|Blastoise|Blastoisinite
|move|p2a: Blastoise|Dark Pulse|p1a: Empoleon
|-crit|p1a: Empoleon
|-damage|p1a: Empoleon|37\/372
|cant|p1a: Empoleon|flinch
|
|-heal|p1a: Empoleon|60\/372|[from] item: Leftovers
|turn|3
|c| secret kekleon|k
|c| secret kekleon|e
|c| secret kekleon|k
|c| Rapicrash|shush
|
|switch|p1a: Yanmega|Yanmega, M|313\/313
|move|p2a: Blastoise|Rapid Spin|p1a: Yanmega
|-damage|p1a: Yanmega|296\/313
|-sideend|p2: Acxiom|Stealth Rock|[from] move: Rapid Spin|[of] p2a: Blastoise
|
|turn|4
|join|watfor
|
|switch|p2a: Rotom-Heat|Rotom-Heat|289\/289
|move|p1a: Yanmega|Bug Buzz|p2a: Rotom-Heat
|-resisted|p2a: Rotom-Heat
|-damage|p2a: Rotom-Heat|223\/289
|-damage|p1a: Yanmega|265\/313|[from] item: Life Orb
|
|-heal|p2a: Rotom-Heat|241\/289|[from] item: Leftovers
|-boost|p1a: Yanmega|spe|1|[from] ability: Speed Boost
|turn|5
|c| E3OP|predictions
|
|move|p1a: Yanmega|Protect|p1a: Yanmega
|-singleturn|p1a: Yanmega|Protect
|move|p2a: Rotom-Heat|Will-O-Wisp|p1a: Yanmega
|-activate|p1a: Yanmega|Protect
|
|-heal|p2a: Rotom-Heat|259\/289|[from] item: Leftovers
|-boost|p1a: Yanmega|spe|1|[from] ability: Speed Boost
|turn|6
|
|switch|p1a: Snorlax|Snorlax, M|497\/497
|move|p2a: Rotom-Heat|Will-O-Wisp|p1a: Snorlax|[miss]
|-miss|p2a: Rotom-Heat|p1a: Snorlax
|
|-heal|p2a: Rotom-Heat|277\/289|[from] item: Leftovers
|turn|7
|
|move|p2a: Rotom-Heat|Will-O-Wisp|p1a: Snorlax
|-status|p1a: Snorlax|brn
|move|p1a: Snorlax|Curse|p1a: Snorlax
|-boost|p1a: Snorlax|atk|1
|-boost|p1a: Snorlax|def|1
|-unboost|p1a: Snorlax|spe|1
|
|-heal|p2a: Rotom-Heat|289\/289|[from] item: Leftovers
|-damage|p1a: Snorlax|435\/497 brn|[from] brn
|turn|8
|c| E3OP|:0
|
|move|p2a: Rotom-Heat|Volt Switch|p1a: Snorlax
|-damage|p1a: Snorlax|372\/497 brn
|
|switch|p2a: Diancie|Diancie|289\/289
|move|p1a: Snorlax|Rest|p1a: Snorlax
|-status|p1a: Snorlax|slp
|-heal|p1a: Snorlax|497\/497 slp|[silent]
|-status|p1a: Snorlax|slp|[from] move: Rest
|
|turn|9
|
|switch|p1a: Empoleon|Empoleon, M|60\/372
|move|p2a: Diancie|Stealth Rock|p1a: Empoleon
|-sidestart|p1: King UU|move: Stealth Rock
|
|-heal|p1a: Empoleon|83\/372|[from] item: Leftovers
|turn|10
|
|switch|p2a: Blastoise|Blastoise-Mega, M|353\/353
|move|p1a: Empoleon|Stealth Rock|p2a: Blastoise
|-sidestart|p2: Acxiom|move: Stealth Rock
|
|-heal|p1a: Empoleon|106\/372|[from] item: Leftovers
|turn|11
|join|Edocsil88
|join|TAKE THIS MORRON
|
|move|p2a: Blastoise|Dark Pulse|p1a: Empoleon
|-damage|p1a: Empoleon|0 fnt
|faint|p1a: Empoleon
|
|
|switch|p1a: Cresselia|Cresselia, F|444\/444
|-damage|p1a: Cresselia|389\/444|[from] Stealth Rock
|turn|12
|
|move|p1a: Cresselia|Substitute|p1a: Cresselia
|-start|p1a: Cresselia|Substitute
|-damage|p1a: Cresselia|278\/444
|move|p2a: Blastoise|Rapid Spin|p1a: Cresselia
|-activate|p1a: Cresselia|Substitute|[damage]
|-sideend|p2: Acxiom|Stealth Rock|[from] move: Rapid Spin|[of] p2a: Blastoise
|
|-heal|p1a: Cresselia|305\/444|[from] item: Leftovers
|turn|13
|
|move|p1a: Cresselia|Calm Mind|p1a: Cresselia
|-boost|p1a: Cresselia|spa|1
|-boost|p1a: Cresselia|spd|1
|move|p2a: Blastoise|Dark Pulse|p1a: Cresselia
|-supereffective|p1a: Cresselia
|-end|p1a: Cresselia|Substitute
|
|-heal|p1a: Cresselia|332\/444|[from] item: Leftovers
|turn|14
|
|switch|p2a: Doublade|Doublade, F|321\/321
|move|p1a: Cresselia|Calm Mind|p1a: Cresselia
|-boost|p1a: Cresselia|spa|1
|-boost|p1a: Cresselia|spd|1
|
|-heal|p1a: Cresselia|359\/444|[from] item: Leftovers
|turn|15
|c| Mighty Dagon|here we go
|
|switch|p1a: Zygarde|Zygarde|357\/357
|-damage|p1a: Zygarde|335\/357|[from] Stealth Rock
|-ability|p1a: Zygarde|Aura Break
|move|p2a: Doublade|Swords Dance|p2a: Doublade
|-boost|p2a: Doublade|atk|2
|
|turn|16
|
|move|p1a: Zygarde|Earthquake|p2a: Doublade
|-supereffective|p2a: Doublade
|-damage|p2a: Doublade|126\/321
|-damage|p1a: Zygarde|300\/357|[from] item: Life Orb
|move|p2a: Doublade|Gyro Ball|p1a: Zygarde
|-damage|p1a: Zygarde|53\/357
|
|turn|17
|c| watfor|magnet rise here
|c| watfor|rip
|c|âKing UU|whoa
|c| GetCressedNerd|better plan
|
|switch|p1a: Absol|Absol, M|271\/271
|-damage|p1a: Absol|238\/271|[from] Stealth Rock
|-ability|p1a: Absol|Pressure
|move|p2a: Doublade|Shadow Sneak|p1a: Absol
|-resisted|p1a: Absol
|-damage|p1a: Absol|142\/271
|
|turn|18
|
|switch|p2a: Chesnaught|Chesnaught, F|369\/369
|detailschange|p1a: Absol|Absol-Mega, M
|-mega|p1a: Absol|Absol|Absolite
|move|p1a: Absol|Knock Off|p2a: Chesnaught
|-resisted|p2a: Chesnaught
|-damage|p2a: Chesnaught|308\/369
|-enditem|p2a: Chesnaught|Leftovers|[from] move: Knock Off|[of] p1a: Absol
|
|turn|19
|join|DD-sixer
|leave|DD-sixer
|c| E3OP|Gyro ball's THAT strong?
|c| watfor|play rough won't kill j\/s
|c| GetCressedNerd|lose on turn 3 because empoleon got critflinched
|c| watfor|yeah
|
|switch|p2a: Diancie|Diancie|289\/289
|move|p1a: Absol|Swords Dance|p1a: Absol
|-boost|p1a: Absol|atk|2
|
|turn|20
|
|move|p1a: Absol|Superpower|p2a: Diancie
|-damage|p2a: Diancie|59\/289
|-unboost|p1a: Absol|atk|1
|-unboost|p1a: Absol|def|1
|move|p2a: Diancie|Moonblast|p1a: Absol
|-supereffective|p1a: Absol
|-damage|p1a: Absol|0 fnt
|faint|p1a: Absol
|
|-heal|p2a: Diancie|77\/289|[from] item: Leftovers
|c| E3OP|Doublade needs to work out if he's that slow!
|
|switch|p1a: Cresselia|Cresselia, F|359\/444
|-damage|p1a: Cresselia|304\/444|[from] Stealth Rock
|turn|21
|
|switch|p2a: Doublade|Doublade, F|126\/321
|move|p1a: Cresselia|Substitute|p1a: Cresselia
|-start|p1a: Cresselia|Substitute
|-damage|p1a: Cresselia|193\/444
|
|-heal|p1a: Cresselia|220\/444|[from] item: Leftovers
|turn|22
|
|move|p1a: Cresselia|Calm Mind|p1a: Cresselia
|-boost|p1a: Cresselia|spa|1
|-boost|p1a: Cresselia|spd|1
|move|p2a: Doublade|Swords Dance|p2a: Doublade
|-boost|p2a: Doublade|atk|2
|
|-heal|p1a: Cresselia|247\/444|[from] item: Leftovers
|turn|23
|c| Rapicrash|machamp tho
|
|move|p2a: Doublade|Shadow Sneak|p1a: Cresselia
|-supereffective|p1a: Cresselia
|-end|p1a: Cresselia|Substitute
|move|p1a: Cresselia|Moonblast|p2a: Doublade
|-resisted|p2a: Doublade
|-damage|p2a: Doublade|87\/321
|
|-heal|p1a: Cresselia|274\/444|[from] item: Leftovers
|turn|24
|c| Mighty Dagon|any reason superpower over play rough?
|c| watfor|weak cress is weak rip
|
|move|p1a: Cresselia|Psyshock|p2a: Doublade
|-resisted|p2a: Doublade
|-damage|p2a: Doublade|61\/321
|move|p2a: Doublade|Gyro Ball|p1a: Cresselia
|-damage|p1a: Cresselia|112\/444
|
|-heal|p1a: Cresselia|139\/444|[from] item: Leftovers
|turn|25
|c| Rapicrash|knock off
|c| E3OP|well, I'm an OU player
|c| Rapicrash|maybe
|
|move|p2a: Doublade|Shadow Sneak|p1a: Cresselia
|-supereffective|p1a: Cresselia
|-damage|p1a: Cresselia|0 fnt
|faint|p1a: Cresselia
|
|c| E3OP|Ferrothorn
|
|switch|p1a: Yanmega|Yanmega, M|265\/313
|-damage|p1a: Yanmega|109\/313|[from] Stealth Rock
|turn|26
|
|move|p2a: Doublade|Shadow Sneak|p1a: Yanmega
|-damage|p1a: Yanmega|0 fnt
|faint|p1a: Yanmega
|
|c|âKing UU|gg
|c| Goyim UU|ogre
|c|âAcxiom|GG
|
|switch|p1a: Zygarde|Zygarde|53\/357
|-damage|p1a: Zygarde|31\/357|[from] Stealth Rock
|-ability|p1a: Zygarde|Aura Break
|turn|27
|
|move|p2a: Doublade|Shadow Sneak|p1a: Zygarde
|-crit|p1a: Zygarde
|-damage|p1a: Zygarde|0 fnt
|faint|p1a: Zygarde
|
|
|switch|p1a: Snorlax|Snorlax, M|497\/497 slp
|-damage|p1a: Snorlax|435\/497 slp|[from] Stealth Rock
|turn|28
|c| Odell Beckham Jr.|i dont feel as bad losing to that guy now
|c| TAKE THIS MORRON|THE END OF THE STORY
|c| Goyim UU|crit mattered, blame haxz
|
|cant|p1a: Snorlax|slp
|move|p1a: Snorlax|Sleep Talk|p1a: Snorlax
|move|p1a: Snorlax|Return|p2a: Doublade|[from]Sleep Talk
|-immune|p2a: Doublade|[msg]
|move|p2a: Doublade|Sacred Sword|p1a: Snorlax
|-supereffective|p1a: Snorlax
|-damage|p1a: Snorlax|13\/497 slp
|
|-heal|p1a: Snorlax|44\/497 slp|[from] item: Leftovers
|turn|29
|c|âAcxiom|Sorry for the Blastoise Crithax earlier
|
|cant|p1a: Snorlax|slp
|move|p1a: Snorlax|Sleep Talk|p1a: Snorlax
|move|p1a: Snorlax|Curse|p1a: Snorlax|[from]Sleep Talk
|-boost|p1a: Snorlax|atk|1
|-boost|p1a: Snorlax|def|1
|-unboost|p1a: Snorlax|spe|1
|move|p2a: Doublade|Sacred Sword|p1a: Snorlax
|-supereffective|p1a: Snorlax
|-damage|p1a: Snorlax|0 fnt
|faint|p1a: Snorlax
|
|win|Acxiom
|c|âKing UU|lol np
|c| E3OP|0_0
|c|âKing UU|gg
|leave|watfor
|leave|thisbemyfault
|leave|King UU
|player|p1
|leave|E3OP
|leave|TAKE THIS MORRON
|leave|secret kekleon
|leave|Edocsil88
|leave|Goyim UU
|leave|Odell Beckham Jr.
|leave|Kyla's Nightmare