|join|Odell Beckham Jr.
|join|Acxiom
|player|p1|Odell Beckham Jr.|265
|player|p2|Acxiom|212
|gametype|singles
|gen|6
|tier|UU
|rule|Sleep Clause Mod: Limit one foe put to sleep
|rule|Species Clause: Limit one of each PokÃ©mon
|rule|OHKO Clause: OHKO moves are banned
|rule|Moody Clause: Moody is banned
|rule|Evasion Moves Clause: Evasion moves are banned
|rule|Endless Battle Clause: Forcing endless battles is banned
|rule|HP Percentage Mod: HP is shown in percentages
|clearpoke
|poke|p1|Gligar, F
|poke|p1|Raikou
|poke|p1|Crobat, F
|poke|p1|Machamp, F
|poke|p1|Swampert, M
|poke|p1|Jirachi
|poke|p2|Hydreigon, M
|poke|p2|Chesnaught, F
|poke|p2|Diancie
|poke|p2|Rotom-Heat
|poke|p2|Blastoise, F
|poke|p2|Doublade, M
|rule|Swagger Clause: Swagger is banned
|rule|Baton Pass Clause: Limit one PokÃ©mon knowing Baton Pass
|teampreview
|join|E3OP
|join|Goyim UU
|join|thisbemyfault
|
|start
|switch|p1a: Raikou|Raikou|321\/321
|switch|p2a: Rotom-Heat|Rotom-Heat|289\/289
|-ability|p1a: Raikou|Pressure
|turn|1
|c| Goyim UU|oml they  both suck
|join|IheartMagikarp
|join|secret kekleon
|c| E3OP|you sure?
|c|âOdell Beckham Jr.|:(
|c| Goyim UU|ye
|
|move|p1a: Raikou|Volt Switch|p2a: Rotom-Heat
|-resisted|p2a: Rotom-Heat
|-damage|p2a: Rotom-Heat|227\/289
|join|buttdip
|c| secret kekleon|no
|c| E3OP|I wasn't here for half of the tourney, so I'm not sure :\/
|
|switch|p1a: Swampert|Swampert, M|404\/404
|move|p2a: Rotom-Heat|Will-O-Wisp|p1a: Swampert
|-status|p1a: Swampert|brn
|
|-heal|p2a: Rotom-Heat|245\/289|[from] item: Leftovers
|-damage|p1a: Swampert|354\/404 brn|[from] brn
|turn|2
|join|Primal Gyarados
|
|switch|p2a: Blastoise|Blastoise, F|353\/353
|move|p1a: Swampert|Stealth Rock|p2a: Blastoise
|-sidestart|p2: Acxiom|move: Stealth Rock
|
|-heal|p1a: Swampert|379\/404 brn|[from] item: Leftovers
|-damage|p1a: Swampert|329\/404 brn|[from] brn
|turn|3
|c| secret kekleon|they both gud
|c| Goyim UU|mfw kink is preparing counter team
|
|switch|p1a: Machamp|Machamp, F|364\/364
|detailschange|p2a: Blastoise|Blastoise-Mega, F
|-mega|p2a: Blastoise|Blastoise|Blastoisinite
|move|p2a: Blastoise|Rapid Spin|p1a: Machamp
|-damage|p1a: Machamp|348\/364
|-sideend|p2: Acxiom|Stealth Rock|[from] move: Rapid Spin|[of] p2a: Blastoise
|
|turn|4
|
|switch|p2a: Doublade|Doublade, M|321\/321
|move|p1a: Machamp|Knock Off|p2a: Doublade
|-supereffective|p2a: Doublade
|-damage|p2a: Doublade|197\/321
|-enditem|p2a: Doublade|Eviolite|[from] move: Knock Off|[of] p1a: Machamp
|
|turn|5
|join|Evasi0n
|c| E3OP|I bet there is that one guy that's so pissed a rotom heat that he uses mold breaker EQ
|c| Goyim UU|obv is obv
|c| IheartMagikarp|OH! WITH THE ONE HANDED CATCH!
|
|switch|p2a: Rotom-Heat|Rotom-Heat|245\/289
|move|p1a: Machamp|Knock Off|p2a: Rotom-Heat
|-damage|p2a: Rotom-Heat|123\/289
|-enditem|p2a: Rotom-Heat|Leftovers|[from] move: Knock Off|[of] p1a: Machamp
|
|turn|6
|
|switch|p2a: Chesnaught|Chesnaught, F|369\/369
|move|p1a: Machamp|Dynamic Punch|p2a: Chesnaught
|-damage|p2a: Chesnaught|239\/369
|-start|p2a: Chesnaught|confusion
|
|-heal|p2a: Chesnaught|262\/369|[from] item: Leftovers
|turn|7
|
|switch|p2a: Doublade|Doublade, M|197\/321
|move|p1a: Machamp|Knock Off|p2a: Doublade
|-supereffective|p2a: Doublade
|-damage|p2a: Doublade|73\/321
|
|turn|8
|c| IheartMagikarp|get rekt
|c|âOdell Beckham Jr.|wtf is going on
|c| Goyim UU|predicks
|c|âAcxiom|^
|
|move|p2a: Doublade|Shadow Sneak|p1a: Machamp
|-damage|p1a: Machamp|279\/364
|move|p1a: Machamp|Knock Off|p2a: Doublade
|-supereffective|p2a: Doublade
|-damage|p2a: Doublade|0 fnt
|faint|p2a: Doublade
|
|c| E3OP|What if lieparf could learn confuse ray?
|
|switch|p2a: Rotom-Heat|Rotom-Heat|123\/289
|turn|9
|
|move|p2a: Rotom-Heat|Will-O-Wisp|p1a: Machamp
|-status|p1a: Machamp|brn
|move|p1a: Machamp|Dynamic Punch|p2a: Rotom-Heat
|-damage|p2a: Rotom-Heat|35\/289
|-start|p2a: Rotom-Heat|confusion
|
|-damage|p1a: Machamp|234\/364 brn|[from] brn
|turn|10
|
|switch|p2a: Chesnaught|Chesnaught, F|262\/369
|move|p1a: Machamp|Dynamic Punch|p2a: Chesnaught
|-damage|p2a: Chesnaught|204\/369
|-start|p2a: Chesnaught|confusion
|
|-heal|p2a: Chesnaught|227\/369|[from] item: Leftovers
|-damage|p1a: Machamp|189\/364 brn|[from] brn
|turn|11
|
|switch|p1a: Raikou|Raikou|321\/321
|-ability|p1a: Raikou|Pressure
|switch|p2a: Rotom-Heat|Rotom-Heat|35\/289
|
|turn|12
|
|move|p1a: Raikou|Volt Switch|p2a: Rotom-Heat
|-resisted|p2a: Rotom-Heat
|-damage|p2a: Rotom-Heat|0 fnt
|faint|p2a: Rotom-Heat
|c| E3OP|So, Goyim, you said they both suck
|c| E3OP|which one sucks more
|
|switch|p1a: Jirachi|Jirachi|341\/341
|
|
|switch|p2a: Blastoise|Blastoise-Mega, F|353\/353
|turn|13
|
|move|p1a: Jirachi|U-turn|p2a: Blastoise
|-damage|p2a: Blastoise|295\/353
|
|switch|p1a: Machamp|Machamp, F|189\/364 brn
|move|p2a: Blastoise|Dark Pulse|p1a: Machamp
|-resisted|p1a: Machamp
|-damage|p1a: Machamp|131\/364 brn
|
|-damage|p1a: Machamp|86\/364 brn|[from] brn
|turn|14
|
|move|p2a: Blastoise|Scald|p1a: Machamp
|-damage|p1a: Machamp|0 fnt
|faint|p1a: Machamp
|
|
|switch|p1a: Raikou|Raikou|321\/321
|-ability|p1a: Raikou|Pressure
|turn|15
|
|switch|p2a: Hydreigon|Hydreigon, M|325\/325
|move|p1a: Raikou|Thunderbolt|p2a: Hydreigon
|-resisted|p2a: Hydreigon
|-damage|p2a: Hydreigon|184\/325
|
|turn|16
|c| Goyim UU|probs odell tbh
|c| Goyim UU|even tho hes winnin this one
|
|switch|p1a: Gligar|Gligar, F|334\/334
|move|p2a: Hydreigon|Dark Pulse|p1a: Gligar
|-damage|p1a: Gligar|250\/334
|
|turn|17
|
|switch|p2a: Diancie|Diancie|289\/289
|move|p1a: Gligar|U-turn|p2a: Diancie
|-resisted|p2a: Diancie
|-damage|p2a: Diancie|273\/289
|
|switch|p1a: Jirachi|Jirachi|341\/341
|
|-heal|p2a: Diancie|289\/289|[from] item: Leftovers
|turn|18
|
|move|p1a: Jirachi|U-turn|p2a: Diancie
|-resisted|p2a: Diancie
|-damage|p2a: Diancie|264\/289
|
|switch|p1a: Swampert|Swampert, M|329\/404 brn
|move|p2a: Diancie|Stealth Rock|p1a: Swampert
|-sidestart|p1: Odell Beckham Jr.|move: Stealth Rock
|
|-heal|p1a: Swampert|354\/404 brn|[from] item: Leftovers
|-heal|p2a: Diancie|282\/289|[from] item: Leftovers
|-damage|p1a: Swampert|304\/404 brn|[from] brn
|turn|19
|
|switch|p2a: Blastoise|Blastoise-Mega, F|295\/353
|move|p1a: Swampert|Stealth Rock|p2a: Blastoise
|-sidestart|p2: Acxiom|move: Stealth Rock
|
|-heal|p1a: Swampert|329\/404 brn|[from] item: Leftovers
|-damage|p1a: Swampert|279\/404 brn|[from] brn
|turn|20
|join|King UU
|
|move|p2a: Blastoise|Rapid Spin|p1a: Swampert
|-damage|p1a: Swampert|268\/404 brn
|-sideend|p2: Acxiom|Stealth Rock|[from] move: Rapid Spin|[of] p2a: Blastoise
|move|p1a: Swampert|Scald|p2a: Blastoise
|-resisted|p2a: Blastoise
|-damage|p2a: Blastoise|257\/353
|-status|p2a: Blastoise|brn
|
|-heal|p1a: Swampert|293\/404 brn|[from] item: Leftovers
|-damage|p2a: Blastoise|213\/353 brn|[from] brn
|-damage|p1a: Swampert|243\/404 brn|[from] brn
|turn|21
|leave|King UU
|
|move|p2a: Blastoise|Dark Pulse|p1a: Swampert
|-damage|p1a: Swampert|68\/404 brn
|move|p1a: Swampert|Stealth Rock|p2a: Blastoise
|-sidestart|p2: Acxiom|move: Stealth Rock
|
|-heal|p1a: Swampert|93\/404 brn|[from] item: Leftovers
|-damage|p2a: Blastoise|169\/353 brn|[from] brn
|-damage|p1a: Swampert|43\/404 brn|[from] brn
|turn|22
|c| Goyim UU|kink is scouting competition for counter team
|leave|Evasi0n
|join|GetCressedNerd
|
|move|p2a: Blastoise|Dark Pulse|p1a: Swampert
|-crit|p1a: Swampert
|-damage|p1a: Swampert|0 fnt
|faint|p1a: Swampert
|
|-damage|p2a: Blastoise|125\/353 brn|[from] brn
|
|switch|p1a: Raikou|Raikou|321\/321
|-damage|p1a: Raikou|281\/321|[from] Stealth Rock
|-ability|p1a: Raikou|Pressure
|turn|23
|c| E3OP|that's dirt
|
|move|p1a: Raikou|Volt Switch|p2a: Blastoise
|-supereffective|p2a: Blastoise
|-damage|p2a: Blastoise|0 fnt
|faint|p2a: Blastoise
|c| E3OP|*dirty
|
|switch|p1a: Jirachi|Jirachi|341\/341
|-damage|p1a: Jirachi|320\/341|[from] Stealth Rock
|
|
|switch|p2a: Chesnaught|Chesnaught, F|227\/369
|-damage|p2a: Chesnaught|204\/369|[from] Stealth Rock
|turn|24
|c| E3OP|so dirty king needs a royal bath :\/
|
|move|p1a: Jirachi|U-turn|p2a: Chesnaught
|-damage|p2a: Chesnaught|163\/369
|c|âAcxiom|lel
|
|switch|p1a: Crobat|Crobat, F|374\/374
|-damage|p1a: Crobat|281\/374|[from] Stealth Rock
|move|p2a: Chesnaught|Leech Seed|p1a: Crobat
|-start|p1a: Crobat|move: Leech Seed
|
|-heal|p1a: Crobat|304\/374|[from] item: Black Sludge
|-heal|p2a: Chesnaught|186\/369|[from] item: Leftovers
|-damage|p1a: Crobat|258\/374|[from] Leech Seed|[of] p2a: Chesnaught
|-heal|p2a: Chesnaught|232\/369|[silent]
|turn|25
|
|switch|p2a: Diancie|Diancie|282\/289
|-damage|p2a: Diancie|246\/289|[from] Stealth Rock
|move|p1a: Crobat|Taunt|p2a: Diancie
|-start|p2a: Diancie|move: Taunt
|
|-heal|p1a: Crobat|281\/374|[from] item: Black Sludge
|-heal|p2a: Diancie|264\/289|[from] item: Leftovers
|-damage|p1a: Crobat|235\/374|[from] Leech Seed|[of] p2a: Diancie
|-heal|p2a: Diancie|289\/289|[silent]
|turn|26
|join|DrReuniclus3
|
|move|p1a: Crobat|Brave Bird|p2a: Diancie
|-resisted|p2a: Diancie
|-damage|p2a: Diancie|243\/289
|-damage|p1a: Crobat|220\/374|[from] recoil|[of] p2a: Diancie
|move|p2a: Diancie|Diamond Storm|p1a: Crobat
|-miss|p2a: Diancie|p1a: Crobat
|
|-heal|p1a: Crobat|243\/374|[from] item: Black Sludge
|-heal|p2a: Diancie|261\/289|[from] item: Leftovers
|-damage|p1a: Crobat|197\/374|[from] Leech Seed|[of] p2a: Diancie
|-heal|p2a: Diancie|289\/289|[silent]
|turn|27
|c| E3OP|the diancie man, I got confidence
|
|move|p1a: Crobat|Brave Bird|p2a: Diancie
|-resisted|p2a: Diancie
|-damage|p2a: Diancie|242\/289
|-damage|p1a: Crobat|181\/374|[from] recoil|[of] p2a: Diancie
|move|p2a: Diancie|Diamond Storm|p1a: Crobat
|-miss|p2a: Diancie|p1a: Crobat
|
|-heal|p1a: Crobat|204\/374|[from] item: Black Sludge
|-heal|p2a: Diancie|260\/289|[from] item: Leftovers
|-damage|p1a: Crobat|158\/374|[from] Leech Seed|[of] p2a: Diancie
|-heal|p2a: Diancie|289\/289|[silent]
|turn|28
|c|âAcxiom|Those effing misses
|
|move|p1a: Crobat|Brave Bird|p2a: Diancie
|-resisted|p2a: Diancie
|-damage|p2a: Diancie|239\/289
|-damage|p1a: Crobat|141\/374|[from] recoil|[of] p2a: Diancie
|move|p2a: Diancie|Diamond Storm|p1a: Crobat
|-supereffective|p1a: Crobat
|-damage|p1a: Crobat|0 fnt
|faint|p1a: Crobat
|
|-heal|p2a: Diancie|257\/289|[from] item: Leftovers
|-end|p2a: Diancie|move: Taunt
|join|DD-sixer
|
|switch|p1a: Jirachi|Jirachi|320\/341
|-damage|p1a: Jirachi|299\/341|[from] Stealth Rock
|turn|29
|c| E3OP|so, who's currently still in the tourney?
|
|switch|p2a: Chesnaught|Chesnaught, F|232\/369
|-damage|p2a: Chesnaught|209\/369|[from] Stealth Rock
|move|p1a: Jirachi|Iron Head|p2a: Chesnaught
|-damage|p2a: Chesnaught|136\/369
|
|-heal|p2a: Chesnaught|159\/369|[from] item: Leftovers
|turn|30
|c| IheartMagikarp|Winner faces King UU
|
|move|p1a: Jirachi|Iron Head|p2a: Chesnaught
|-damage|p2a: Chesnaught|77\/369
|move|p2a: Chesnaught|Leech Seed|p1a: Jirachi
|-start|p1a: Jirachi|move: Leech Seed
|
|-heal|p2a: Chesnaught|100\/369|[from] item: Leftovers
|-damage|p1a: Jirachi|257\/341|[from] Leech Seed|[of] p2a: Chesnaught
|-heal|p2a: Chesnaught|142\/369|[silent]
|turn|31
|c| IheartMagikarp|in the final
|
|switch|p1a: Raikou|Raikou|281\/321
|-damage|p1a: Raikou|241\/321|[from] Stealth Rock
|-ability|p1a: Raikou|Pressure
|switch|p2a: Hydreigon|Hydreigon, M|184\/325
|-damage|p2a: Hydreigon|144\/325|[from] Stealth Rock
|
|turn|32
|
|move|p2a: Hydreigon|Draco Meteor|p1a: Raikou
|-damage|p1a: Raikou|0 fnt
|-unboost|p2a: Hydreigon|spa|2
|faint|p1a: Raikou
|
|join|DerpaniteX
|c| E3OP|That'll be interesting
|
|switch|p1a: Jirachi|Jirachi|257\/341
|-damage|p1a: Jirachi|236\/341|[from] Stealth Rock
|turn|33
|
|switch|p2a: Diancie|Diancie|257\/289
|-damage|p2a: Diancie|221\/289|[from] Stealth Rock
|move|p1a: Jirachi|Iron Head|p2a: Diancie
|-supereffective|p2a: Diancie
|-damage|p2a: Diancie|0 fnt
|faint|p2a: Diancie
|
|
|switch|p2a: Hydreigon|Hydreigon, M|144\/325
|-damage|p2a: Hydreigon|104\/325|[from] Stealth Rock
|turn|34
|
|move|p1a: Jirachi|Iron Head|p2a: Hydreigon
|-damage|p2a: Hydreigon|0 fnt
|faint|p2a: Hydreigon
|
|
|switch|p2a: Chesnaught|Chesnaught, F|142\/369
|-damage|p2a: Chesnaught|119\/369|[from] Stealth Rock
|turn|35
|c| thisbemyfault|mfw
|
|switch|p1a: Gligar|Gligar, F|250\/334
|-damage|p1a: Gligar|209\/334|[from] Stealth Rock
|move|p2a: Chesnaught|Leech Seed|p1a: Gligar
|-start|p1a: Gligar|move: Leech Seed
|
|-heal|p2a: Chesnaught|142\/369|[from] item: Leftovers
|-damage|p1a: Gligar|168\/334|[from] Leech Seed|[of] p2a: Chesnaught
|-heal|p2a: Chesnaught|183\/369|[silent]
|turn|36
|join|ooh keil em
|
|move|p1a: Gligar|U-turn|p2a: Chesnaught
|-damage|p2a: Chesnaught|156\/369
|
|switch|p1a: Jirachi|Jirachi|236\/341
|-damage|p1a: Jirachi|215\/341|[from] Stealth Rock
|move|p2a: Chesnaught|Substitute|p2a: Chesnaught
|-start|p2a: Chesnaught|Substitute
|-damage|p2a: Chesnaught|64\/369
|
|-heal|p2a: Chesnaught|87\/369|[from] item: Leftovers
|turn|37
|c| thisbemyfault|welp chesnaught wins now
|
|move|p1a: Jirachi|Fire Punch|p2a: Chesnaught
|-supereffective|p2a: Chesnaught
|-activate|p2a: Chesnaught|Substitute|[damage]
|move|p2a: Chesnaught|Leech Seed|p1a: Jirachi|[miss]
|-miss|p2a: Chesnaught|p1a: Jirachi
|
|-heal|p2a: Chesnaught|110\/369|[from] item: Leftovers
|turn|38
|c| E3OP|yep
|
|-singleturn|p2a: Chesnaught|move: Focus Punch
|move|p1a: Jirachi|Fire Punch|p2a: Chesnaught
|-supereffective|p2a: Chesnaught
|-end|p2a: Chesnaught|Substitute
|move|p2a: Chesnaught|Focus Punch|p1a: Jirachi
|-damage|p1a: Jirachi|26\/341
|
|-heal|p2a: Chesnaught|133\/369|[from] item: Leftovers
|turn|39
|c| thisbemyfault|mfw
|
|move|p1a: Jirachi|Fire Punch|p2a: Chesnaught
|-supereffective|p2a: Chesnaught
|-damage|p2a: Chesnaught|43\/369
|move|p2a: Chesnaught|Wood Hammer|p1a: Jirachi
|-resisted|p1a: Jirachi
|-damage|p1a: Jirachi|0 fnt
|-damage|p2a: Chesnaught|34\/369|[from] recoil|[of] p1a: Jirachi
|faint|p1a: Jirachi
|
|-heal|p2a: Chesnaught|57\/369|[from] item: Leftovers
|c| GetCressedNerd|ah no burn
|
|switch|p1a: Gligar|Gligar, F|168\/334
|-damage|p1a: Gligar|127\/334|[from] Stealth Rock
|turn|40
|c|âAcxiom|lol
|c| GetCressedNerd|haxor nerdlord
|
|move|p1a: Gligar|U-turn|p2a: Chesnaught
|-damage|p2a: Chesnaught|31\/369
|move|p2a: Chesnaught|Leech Seed|p1a: Gligar
|-start|p1a: Gligar|move: Leech Seed
|
|-heal|p2a: Chesnaught|54\/369|[from] item: Leftovers
|-damage|p1a: Gligar|86\/334|[from] Leech Seed|[of] p2a: Chesnaught
|-heal|p2a: Chesnaught|95\/369|[silent]
|turn|41
|c| E3OP|unless he gets lucky
|c| E3OP|nope
|-message|Odell Beckham Jr. forfeited.
|
|win|Acxiom
|leave|Goyim UU
|leave|secret kekleon
|leave|DerpaniteX
|leave|GetCressedNerd
|leave|thisbemyfault
|leave|DrReuniclus3
|leave|E3OP
|leave|Odell Beckham Jr.
|player|p1
|leave|DD-sixer
|leave|ooh keil em
|leave|Primal Gyarados