|join|Volbeatdown
|join|Acxiom
|player|p1|Volbeatdown|126
|player|p2|Acxiom|212
|gametype|singles
|gen|6
|tier|UU
|rated
|rule|Sleep Clause Mod: Limit one foe put to sleep
|rule|Species Clause: Limit one of each PokÃ©mon
|rule|OHKO Clause: OHKO moves are banned
|rule|Moody Clause: Moody is banned
|rule|Evasion Moves Clause: Evasion moves are banned
|rule|Endless Battle Clause: Forcing endless battles is banned
|rule|HP Percentage Mod: HP is shown in percentages
|clearpoke
|poke|p1|Zygarde
|poke|p1|Starmie
|poke|p1|Empoleon, F
|poke|p1|Sharpedo, F
|poke|p1|Yanmega, F
|poke|p1|Celebi
|poke|p2|Hydreigon, F
|poke|p2|Chesnaught, F
|poke|p2|Diancie
|poke|p2|Rotom-Heat
|poke|p2|Blastoise, M
|poke|p2|Doublade, F
|rule|Swagger Clause: Swagger is banned
|rule|Baton Pass Clause: Limit one PokÃ©mon knowing Baton Pass
|teampreview
|
|start
|switch|p1a: Empoleon|Empoleon, F|372\/372
|switch|p2a: Rotom-Heat|Rotom-Heat|289\/289
|turn|1
|
|move|p2a: Rotom-Heat|Volt Switch|p1a: Empoleon
|-supereffective|p1a: Empoleon
|-damage|p1a: Empoleon|232\/372
|
|switch|p2a: Blastoise|Blastoise, M|353\/353
|move|p1a: Empoleon|Stealth Rock|p2a: Blastoise
|-sidestart|p2: Acxiom|move: Stealth Rock
|
|-heal|p1a: Empoleon|255\/372|[from] item: Leftovers
|turn|2
|join|Meowiekins
|
|detailschange|p2a: Blastoise|Blastoise-Mega, M
|-mega|p2a: Blastoise|Blastoise|Blastoisinite
|move|p2a: Blastoise|Dark Pulse|p1a: Empoleon
|-damage|p1a: Empoleon|112\/372
|move|p1a: Empoleon|Toxic|p2a: Blastoise|[miss]
|-miss|p1a: Empoleon|p2a: Blastoise
|
|-heal|p1a: Empoleon|135\/372|[from] item: Leftovers
|turn|3
|join|Thisbemyalt
|
|move|p2a: Blastoise|Rapid Spin|p1a: Empoleon
|-resisted|p1a: Empoleon
|-damage|p1a: Empoleon|129\/372
|-sideend|p2: Acxiom|Stealth Rock|[from] move: Rapid Spin|[of] p2a: Blastoise
|move|p1a: Empoleon|Toxic|p2a: Blastoise
|-status|p2a: Blastoise|tox
|
|-heal|p1a: Empoleon|152\/372|[from] item: Leftovers
|-damage|p2a: Blastoise|331\/353 tox|[from] psn
|turn|4
|
|move|p2a: Blastoise|Dark Pulse|p1a: Empoleon
|-damage|p1a: Empoleon|20\/372
|move|p1a: Empoleon|Stealth Rock|p2a: Blastoise
|-sidestart|p2: Acxiom|move: Stealth Rock
|
|-heal|p1a: Empoleon|43\/372|[from] item: Leftovers
|-damage|p2a: Blastoise|287\/353 tox|[from] psn
|turn|5
|
|move|p2a: Blastoise|Rapid Spin|p1a: Empoleon
|-resisted|p1a: Empoleon
|-damage|p1a: Empoleon|38\/372
|-sideend|p2: Acxiom|Stealth Rock|[from] move: Rapid Spin|[of] p2a: Blastoise
|move|p1a: Empoleon|Stealth Rock|p2a: Blastoise
|-sidestart|p2: Acxiom|move: Stealth Rock
|
|-heal|p1a: Empoleon|61\/372|[from] item: Leftovers
|-damage|p2a: Blastoise|221\/353 tox|[from] psn
|turn|6
|join|the fun in this
|
|move|p2a: Blastoise|Dark Pulse|p1a: Empoleon
|-damage|p1a: Empoleon|0 fnt
|faint|p1a: Empoleon
|
|-damage|p2a: Blastoise|133\/353 tox|[from] psn
|
|switch|p1a: Celebi|Celebi|380\/380
|turn|7
|
|move|p1a: Celebi|Seed Bomb|p2a: Blastoise
|-supereffective|p2a: Blastoise
|-damage|p2a: Blastoise|0 fnt
|faint|p2a: Blastoise
|
|
|switch|p2a: Doublade|Doublade, F|321\/321
|-damage|p2a: Doublade|301\/321|[from] Stealth Rock
|turn|8
|
|switch|p1a: Zygarde|Zygarde|357\/357
|-ability|p1a: Zygarde|Aura Break
|move|p2a: Doublade|Swords Dance|p2a: Doublade
|-boost|p2a: Doublade|atk|2
|
|turn|9
|
|move|p1a: Zygarde|Earthquake|p2a: Doublade
|-crit|p2a: Doublade
|-supereffective|p2a: Doublade
|-damage|p2a: Doublade|10\/321
|-damage|p1a: Zygarde|322\/357|[from] item: Life Orb
|move|p2a: Doublade|Gyro Ball|p1a: Zygarde
|-damage|p1a: Zygarde|60\/357
|
|turn|10
|
|move|p2a: Doublade|Shadow Sneak|p1a: Zygarde
|-damage|p1a: Zygarde|0 fnt
|faint|p1a: Zygarde
|
|
|switch|p1a: Celebi|Celebi|380\/380
|turn|11
|
|move|p1a: Celebi|Sucker Punch|p2a: Doublade
|-supereffective|p2a: Doublade
|-damage|p2a: Doublade|0 fnt
|faint|p2a: Doublade
|
|
|switch|p2a: Rotom-Heat|Rotom-Heat|289\/289
|-damage|p2a: Rotom-Heat|217\/289|[from] Stealth Rock
|turn|12
|c| Thisbemyalt|https:\/\/www.youtube.com\/channel\/UCX9Lod8mvNUDHOeb7d5X7xg
|c| Thisbemyalt|Check it out
|c| Thisbemyalt|Pure fire
|
|move|p1a: Celebi|Swords Dance|p1a: Celebi
|-boost|p1a: Celebi|atk|2
|move|p2a: Rotom-Heat|Volt Switch|p1a: Celebi
|-resisted|p1a: Celebi
|-damage|p1a: Celebi|339\/380
|c| Thisbemyalt|Like my mixtape
|
|switch|p2a: Hydreigon|Hydreigon, F|325\/325
|-damage|p2a: Hydreigon|285\/325|[from] Stealth Rock
|
|turn|13
|
|switch|p1a: Starmie|Starmie|324\/324
|move|p2a: Hydreigon|Dark Pulse|p1a: Starmie
|-supereffective|p1a: Starmie
|-damage|p1a: Starmie|0 fnt
|faint|p1a: Starmie
|
|c| Thisbemyalt|www.soundcloud.com\/GetYourExtinguishersReady
|join|DrReuniclus3
|
|switch|p1a: Sharpedo|Sharpedo, F|281\/281
|turn|14
|
|switch|p2a: Chesnaught|Chesnaught, F|369\/369
|-damage|p2a: Chesnaught|346\/369|[from] Stealth Rock
|move|p1a: Sharpedo|Ice Fang|p2a: Chesnaught
|-supereffective|p2a: Chesnaught
|-damage|p2a: Chesnaught|250\/369
|
|-heal|p2a: Chesnaught|273\/369|[from] item: Leftovers
|-boost|p1a: Sharpedo|spe|1|[from] ability: Speed Boost
|turn|15
|
|switch|p1a: Celebi|Celebi|339\/380
|move|p2a: Chesnaught|Wood Hammer|p1a: Celebi
|-crit|p1a: Celebi
|-resisted|p1a: Celebi
|-damage|p1a: Celebi|221\/380
|-damage|p2a: Chesnaught|234\/369|[from] recoil|[of] p1a: Celebi
|
|-heal|p2a: Chesnaught|257\/369|[from] item: Leftovers
|turn|16
|
|switch|p1a: Yanmega|Yanmega, F|313\/313
|switch|p2a: Hydreigon|Hydreigon, F|285\/325
|-damage|p2a: Hydreigon|245\/325|[from] Stealth Rock
|
|turn|17
|
|switch|p2a: Diancie|Diancie|289\/289
|-damage|p2a: Diancie|253\/289|[from] Stealth Rock
|move|p1a: Yanmega|Protect|p1a: Yanmega
|-fail|p1a: Yanmega
|
|-heal|p2a: Diancie|271\/289|[from] item: Leftovers
|-boost|p1a: Yanmega|spe|1|[from] ability: Speed Boost
|turn|18
|
|move|p1a: Yanmega|Giga Drain|p2a: Diancie
|-supereffective|p2a: Diancie
|-damage|p2a: Diancie|151\/289
|-damage|p1a: Yanmega|282\/313|[from] item: Life Orb
|move|p2a: Diancie|Stealth Rock|p1a: Yanmega
|-sidestart|p1: Volbeatdown|move: Stealth Rock
|
|-heal|p2a: Diancie|169\/289|[from] item: Leftovers
|-boost|p1a: Yanmega|spe|1|[from] ability: Speed Boost
|turn|19
|
|move|p1a: Yanmega|Giga Drain|p2a: Diancie
|-supereffective|p2a: Diancie
|-damage|p2a: Diancie|49\/289
|-heal|p1a: Yanmega|313\/313|[from] drain|[of] p2a: Diancie
|-damage|p1a: Yanmega|282\/313|[from] item: Life Orb
|move|p2a: Diancie|Diamond Storm|p1a: Yanmega
|-supereffective|p1a: Yanmega
|-damage|p1a: Yanmega|0 fnt
|faint|p1a: Yanmega
|
|-heal|p2a: Diancie|67\/289|[from] item: Leftovers
|
|switch|p1a: Sharpedo|Sharpedo, F|281\/281
|-damage|p1a: Sharpedo|246\/281|[from] Stealth Rock
|turn|20
|
|move|p1a: Sharpedo|Waterfall|p2a: Diancie
|-supereffective|p2a: Diancie
|-damage|p2a: Diancie|0 fnt
|faint|p2a: Diancie
|
|-boost|p1a: Sharpedo|spe|1|[from] ability: Speed Boost
|
|switch|p2a: Chesnaught|Chesnaught, F|257\/369
|-damage|p2a: Chesnaught|234\/369|[from] Stealth Rock
|turn|21
|
|move|p1a: Sharpedo|Ice Fang|p2a: Chesnaught
|-supereffective|p2a: Chesnaught
|-damage|p2a: Chesnaught|138\/369
|move|p2a: Chesnaught|Substitute|p2a: Chesnaught
|-start|p2a: Chesnaught|Substitute
|-damage|p2a: Chesnaught|46\/369
|
|-heal|p2a: Chesnaught|69\/369|[from] item: Leftovers
|-boost|p1a: Sharpedo|spe|1|[from] ability: Speed Boost
|turn|22
|
|-singleturn|p2a: Chesnaught|move: Focus Punch
|switch|p1a: Celebi|Celebi|221\/380
|-damage|p1a: Celebi|174\/380|[from] Stealth Rock
|move|p2a: Chesnaught|Focus Punch|p1a: Celebi
|-resisted|p1a: Celebi
|-damage|p1a: Celebi|85\/380
|
|-heal|p2a: Chesnaught|92\/369|[from] item: Leftovers
|turn|23
|join|OGWanka
|
|-singleturn|p2a: Chesnaught|move: Focus Punch
|move|p1a: Celebi|Swords Dance|p1a: Celebi
|-boost|p1a: Celebi|atk|2
|move|p2a: Chesnaught|Focus Punch|p1a: Celebi
|-resisted|p1a: Celebi
|-damage|p1a: Celebi|0 fnt
|faint|p1a: Celebi
|
|-heal|p2a: Chesnaught|115\/369|[from] item: Leftovers
|
|switch|p1a: Sharpedo|Sharpedo, F|246\/281
|-damage|p1a: Sharpedo|211\/281|[from] Stealth Rock
|turn|24
|-message|Volbeatdown forfeited.
|leave|Volbeatdown
|
|win|Acxiom
|raw|Ladder updating...
|player|p1
|raw|Volbeatdown's rating: 1512 &rarr; <strong>1489<\/strong><br \/>(-23 for losing)
|raw|Acxiom's rating: 1457 &rarr; <strong>1480<\/strong><br \/>(+23 for winning)
|leave|the fun in this
|leave|Meowiekins