|join|Invok3r
|join|fatd
|player|p1|Invok3r|250
|player|p2|fatd|278
|gametype|singles
|gen|6
|tier|OU
|rated
|clearpoke
|poke|p1|Chansey, F
|poke|p1|Skarmory, M
|poke|p1|Gliscor, F
|poke|p1|Cresselia, F
|poke|p1|Charizard, M
|poke|p1|Tyranitar, M
|poke|p2|Zapdos
|poke|p2|Latias, F
|poke|p2|Diggersby, M
|poke|p2|Ferrothorn, M
|poke|p2|Sharpedo, M
|poke|p2|Talonflame, M
|rule|Swagger Clause: Swagger is banned
|rule|Baton Pass Clause: Limit one PokÃ©mon knowing Baton Pass
|rule|Sleep Clause Mod: Limit one foe put to sleep
|rule|Species Clause: Limit one of each PokÃ©mon
|rule|OHKO Clause: OHKO moves are banned
|rule|Moody Clause: Moody is banned
|rule|Evasion Moves Clause: Evasion moves are banned
|rule|Endless Battle Clause: Forcing endless battles is banned
|rule|HP Percentage Mod: HP is shown in percentages
|teampreview
|
|start
|switch|p1a: Skarmory|Skarmory, M|334\/334
|switch|p2a: We dem birdz|Talonflame, M|325\/325
|turn|1
|
|switch|p1a: Tyranitar|Tyranitar, M|342\/342
|-weather|Sandstorm
|move|p2a: We dem birdz|Will-O-Wisp|p1a: Tyranitar
|-status|p1a: Tyranitar|brn
|
|-weather|Sandstorm|[upkeep]
|-damage|p2a: We dem birdz|305\/325|[from] sandstorm
|-damage|p1a: Tyranitar|300\/342 brn|[from] brn
|turn|2
|
|switch|p1a: Charizard|Charizard, M|359\/359
|switch|p2a: Ferrodouchebag|Ferrothorn, M|352\/352
|
|-weather|Sandstorm|[upkeep]
|-damage|p1a: Charizard|337\/359|[from] sandstorm
|turn|3
|
|switch|p2a: son of a bitch|Latias, F|302\/302
|detailschange|p1a: Charizard|Charizard-Mega-X, M
|message|Charizard has Mega Evolved into Mega Charizard!
|move|p1a: Charizard|Will-O-Wisp|p2a: son of a bitch
|-status|p2a: son of a bitch|brn
|
|-weather|Sandstorm|[upkeep]
|-damage|p2a: son of a bitch|284\/302 brn|[from] sandstorm
|-damage|p1a: Charizard|315\/359|[from] sandstorm
|-damage|p2a: son of a bitch|247\/302 brn|[from] brn
|turn|4
|
|switch|p2a: Ferrodouchebag|Ferrothorn, M|352\/352
|switch|p1a: Chansey|Chansey, F|704\/704
|
|-weather|Sandstorm|[upkeep]
|-damage|p1a: Chansey|660\/704|[from] sandstorm
|turn|5
|
|switch|p1a: Skarmory|Skarmory, M|334\/334
|move|p2a: Ferrodouchebag|Stealth Rock|p1a: Skarmory
|-sidestart|p1: Invok3r|move: Stealth Rock
|
|-weather|none
|turn|6
|
|move|p1a: Skarmory|Stealth Rock|p2a: Ferrodouchebag
|-sidestart|p2: fatd|move: Stealth Rock
|move|p2a: Ferrodouchebag|Leech Seed|p1a: Skarmory
|-start|p1a: Skarmory|move: Leech Seed
|
|-damage|p1a: Skarmory|293\/334|[from] Leech Seed|[of] p2a: Ferrodouchebag
|turn|7
|
|switch|p1a: Gliscor|Gliscor, F|354\/354
|-damage|p1a: Gliscor|310\/354|[from] Stealth Rock
|switch|p2a: udigging me|Diggersby, M|311\/311
|-damage|p2a: udigging me|292\/311|[from] Stealth Rock
|
|-status|p1a: Gliscor|tox|[from] item: Toxic Orb
|turn|8
|
|switch|p2a: Ferrodouchebag|Ferrothorn, M|352\/352
|-damage|p2a: Ferrodouchebag|330\/352|[from] Stealth Rock
|switch|p1a: Skarmory|Skarmory, M|293\/334
|-damage|p1a: Skarmory|252\/334|[from] Stealth Rock
|
|turn|9
|
|move|p1a: Skarmory|Roost|p1a: Skarmory
|-heal|p1a: Skarmory|334\/334
|move|p2a: Ferrodouchebag|Leech Seed|p1a: Skarmory
|-start|p1a: Skarmory|move: Leech Seed
|
|-damage|p1a: Skarmory|293\/334|[from] Leech Seed|[of] p2a: Ferrodouchebag
|-heal|p2a: Ferrodouchebag|352\/352|[silent]
|turn|10
|
|switch|p1a: Charizard|Charizard-Mega-X, M|315\/359
|-damage|p1a: Charizard|226\/359|[from] Stealth Rock
|move|p2a: Ferrodouchebag|Gyro Ball|p1a: Charizard
|-resisted|p1a: Charizard
|-damage|p1a: Charizard|148\/359
|
|turn|11
|
|move|p1a: Charizard|Roost|p1a: Charizard
|-heal|p1a: Charizard|328\/359
|move|p2a: Ferrodouchebag|Leech Seed|p1a: Charizard|[miss]
|-miss|p2a: Ferrodouchebag|p1a: Charizard
|
|turn|12
|
|switch|p2a: We dem birdz|Talonflame, M|305\/325
|-damage|p2a: We dem birdz|143\/325|[from] Stealth Rock
|move|p1a: Charizard|Will-O-Wisp|p2a: We dem birdz|[miss]
|-miss|p1a: Charizard|p2a: We dem birdz
|
|turn|13
|
|move|p2a: We dem birdz|Roost|p2a: We dem birdz
|-heal|p2a: We dem birdz|306\/325
|move|p1a: Charizard|Dragon Claw|p2a: We dem birdz
|-damage|p2a: We dem birdz|119\/325
|-damage|p1a: Charizard|269\/359|[from] item: Rocky Helmet|[of] p2a: We dem birdz
|
|turn|14
|
|move|p2a: We dem birdz|Roost|p2a: We dem birdz
|-heal|p2a: We dem birdz|282\/325
|move|p1a: Charizard|Earthquake|p2a: We dem birdz
|-supereffective|p2a: We dem birdz
|-damage|p2a: We dem birdz|64\/325
|
|turn|15
|
|move|p2a: We dem birdz|Roost|p2a: We dem birdz
|-heal|p2a: We dem birdz|227\/325
|move|p1a: Charizard|Dragon Claw|p2a: We dem birdz
|-damage|p2a: We dem birdz|34\/325
|-damage|p1a: Charizard|210\/359|[from] item: Rocky Helmet|[of] p2a: We dem birdz
|
|turn|16
|
|move|p2a: We dem birdz|Roost|p2a: We dem birdz
|-heal|p2a: We dem birdz|197\/325
|move|p1a: Charizard|Earthquake|p2a: We dem birdz
|-crit|p2a: We dem birdz
|-supereffective|p2a: We dem birdz
|-damage|p2a: We dem birdz|0 fnt
|faint|p2a: We dem birdz
|
|
|switch|p2a: son of a bitch|Latias, F|247\/302 brn
|-damage|p2a: son of a bitch|210\/302 brn|[from] Stealth Rock
|turn|17
|
|switch|p2a: udigging me|Diggersby, M|292\/311
|-damage|p2a: udigging me|273\/311|[from] Stealth Rock
|switch|p1a: Tyranitar|Tyranitar, M|300\/342 brn
|-damage|p1a: Tyranitar|258\/342 brn|[from] Stealth Rock
|-weather|Sandstorm
|
|-weather|Sandstorm|[upkeep]
|-damage|p1a: Tyranitar|216\/342 brn|[from] brn
|turn|18
|
|switch|p1a: Skarmory|Skarmory, M|293\/334
|-damage|p1a: Skarmory|252\/334|[from] Stealth Rock
|move|p2a: udigging me|Knock Off|p1a: Skarmory
|-damage|p1a: Skarmory|132\/334
|-enditem|p1a: Skarmory|Shed Shell|[from] move: Knock Off|[of] p2a: udigging me
|-damage|p2a: udigging me|242\/311|[from] item: Life Orb
|
|-weather|Sandstorm|[upkeep]
|turn|19
|
|move|p2a: udigging me|Thunder Punch|p1a: Skarmory
|-supereffective|p1a: Skarmory
|-damage|p1a: Skarmory|0 fnt
|-damage|p2a: udigging me|211\/311|[from] item: Life Orb
|faint|p1a: Skarmory
|
|-weather|Sandstorm|[upkeep]
|
|switch|p1a: Tyranitar|Tyranitar, M|216\/342 brn
|-damage|p1a: Tyranitar|174\/342 brn|[from] Stealth Rock
|turn|20
|
|move|p1a: Tyranitar|Ice Punch|p2a: udigging me
|-supereffective|p2a: udigging me
|-damage|p2a: udigging me|97\/311
|move|p2a: udigging me|Earthquake|p1a: Tyranitar
|-supereffective|p1a: Tyranitar
|-damage|p1a: Tyranitar|0 fnt
|-damage|p2a: udigging me|66\/311|[from] item: Life Orb
|faint|p1a: Tyranitar
|
|-weather|Sandstorm|[upkeep]
|
|switch|p1a: Cresselia|Cresselia, F|444\/444
|-damage|p1a: Cresselia|389\/444|[from] Stealth Rock
|turn|21
|
|move|p2a: udigging me|Knock Off|p1a: Cresselia
|-supereffective|p1a: Cresselia
|-damage|p1a: Cresselia|145\/444
|-enditem|p1a: Cresselia|Leftovers|[from] move: Knock Off|[of] p2a: udigging me
|-damage|p2a: udigging me|35\/311|[from] item: Life Orb
|move|p1a: Cresselia|Ice Beam|p2a: udigging me
|-supereffective|p2a: udigging me
|-damage|p2a: udigging me|0 fnt
|faint|p2a: udigging me
|
|-weather|none
|
|switch|p2a: Sandusky|Sharpedo, M|281\/281
|-damage|p2a: Sandusky|246\/281|[from] Stealth Rock
|turn|22
|
|move|p2a: Sandusky|Crunch|p1a: Cresselia
|-supereffective|p1a: Cresselia
|-damage|p1a: Cresselia|0 fnt
|faint|p1a: Cresselia
|
|-boost|p2a: Sandusky|spe|1|[from] ability: Speed Boost
|
|switch|p1a: Chansey|Chansey, F|660\/704
|-damage|p1a: Chansey|572\/704|[from] Stealth Rock
|turn|23
|
|move|p2a: Sandusky|Protect|p2a: Sandusky
|-singleturn|p2a: Sandusky|Protect
|move|p1a: Chansey|Soft-Boiled|p1a: Chansey
|-heal|p1a: Chansey|704\/704
|
|-boost|p2a: Sandusky|spe|1|[from] ability: Speed Boost
|turn|24
|
|switch|p2a: Ferrodouchebag|Ferrothorn, M|352\/352
|-damage|p2a: Ferrodouchebag|330\/352|[from] Stealth Rock
|move|p1a: Chansey|Wish|p1a: Chansey
|
|turn|25
|
|switch|p1a: Charizard|Charizard-Mega-X, M|210\/359
|-damage|p1a: Charizard|121\/359|[from] Stealth Rock
|move|p2a: Ferrodouchebag|Leech Seed|p1a: Charizard
|-start|p1a: Charizard|move: Leech Seed
|
|-heal|p1a: Charizard|359\/359|[from] move: Wish|[wisher] Chansey
|-damage|p1a: Charizard|315\/359|[from] Leech Seed|[of] p2a: Ferrodouchebag
|-heal|p2a: Ferrodouchebag|352\/352|[silent]
|turn|26
|
|switch|p2a: son of a bitch|Latias, F|210\/302 brn
|-damage|p2a: son of a bitch|173\/302 brn|[from] Stealth Rock
|move|p1a: Charizard|Will-O-Wisp|p2a: son of a bitch
|-fail|p2a: son of a bitch|brn
|
|-damage|p1a: Charizard|271\/359|[from] Leech Seed|[of] p2a: son of a bitch
|-heal|p2a: son of a bitch|217\/302 brn|[silent]
|-damage|p2a: son of a bitch|180\/302 brn|[from] brn
|turn|27
|
|switch|p1a: Chansey|Chansey, F|704\/704
|-damage|p1a: Chansey|616\/704|[from] Stealth Rock
|move|p2a: son of a bitch|Defog|p1a: Chansey
|-unboost|p1a: Chansey|evasion|1
|-sideend|p1: Invok3r|Stealth Rock|[from] move: Defog|[of] p1a: Chansey
|-sideend|p2: fatd|Stealth Rock|[from] move: Defog|[of] p2a: son of a bitch
|
|-damage|p2a: son of a bitch|143\/302 brn|[from] brn
|turn|28
|
|switch|p2a: Sandusky|Sharpedo, M|246\/281
|switch|p1a: Charizard|Charizard-Mega-X, M|271\/359
|
|turn|29
|
|move|p2a: Sandusky|Protect|p2a: Sandusky
|-singleturn|p2a: Sandusky|Protect
|move|p1a: Charizard|Will-O-Wisp|p2a: Sandusky
|-activate|p2a: Sandusky|Protect
|
|-boost|p2a: Sandusky|spe|1|[from] ability: Speed Boost
|turn|30
|
|switch|p2a: Ferrodouchebag|Ferrothorn, M|352\/352
|move|p1a: Charizard|Will-O-Wisp|p2a: Ferrodouchebag
|-status|p2a: Ferrodouchebag|brn
|
|-damage|p2a: Ferrodouchebag|308\/352 brn|[from] brn
|turn|31
|
|move|p1a: Charizard|Roost|p1a: Charizard
|-heal|p1a: Charizard|359\/359
|move|p2a: Ferrodouchebag|Leech Seed|p1a: Charizard
|-start|p1a: Charizard|move: Leech Seed
|
|-damage|p1a: Charizard|315\/359|[from] Leech Seed|[of] p2a: Ferrodouchebag
|-heal|p2a: Ferrodouchebag|352\/352 brn|[silent]
|-damage|p2a: Ferrodouchebag|308\/352 brn|[from] brn
|turn|32
|
|switch|p1a: Gliscor|Gliscor, F|310\/354 tox
|move|p2a: Ferrodouchebag|Stealth Rock|p1a: Gliscor
|-sidestart|p1: Invok3r|move: Stealth Rock
|
|-heal|p1a: Gliscor|354\/354 tox|[from] ability: Poison Heal
|-damage|p2a: Ferrodouchebag|264\/352 brn|[from] brn
|turn|33
|
|move|p1a: Gliscor|Taunt|p2a: Ferrodouchebag
|-start|p2a: Ferrodouchebag|move: Taunt
|cant|p2a: Ferrodouchebag|move: Taunt|Leech Seed
|
|-damage|p2a: Ferrodouchebag|220\/352 brn|[from] brn
|turn|34
|
|switch|p2a: Spanish shoes|Zapdos|322\/322
|-ability|p2a: Spanish shoes|Pressure
|move|p1a: Gliscor|Knock Off|p2a: Spanish shoes
|-damage|p2a: Spanish shoes|236\/322
|-enditem|p2a: Spanish shoes|Choice Scarf|[from] move: Knock Off|[of] p1a: Gliscor
|
|turn|35
|
|switch|p1a: Charizard|Charizard-Mega-X, M|315\/359
|-damage|p1a: Charizard|226\/359|[from] Stealth Rock
|move|p2a: Spanish shoes|Hidden Power|p1a: Charizard
|-damage|p1a: Charizard|168\/359
|
|turn|36
|
|move|p2a: Spanish shoes|Thunderbolt|p1a: Charizard
|-resisted|p1a: Charizard
|-damage|p1a: Charizard|111\/359
|move|p1a: Charizard|Roost|p1a: Charizard
|-heal|p1a: Charizard|291\/359
|
|turn|37
|
|move|p2a: Spanish shoes|Volt Switch|p1a: Charizard
|-resisted|p1a: Charizard
|-damage|p1a: Charizard|246\/359
|
|switch|p2a: Ferrodouchebag|Ferrothorn, M|220\/352 brn
|move|p1a: Charizard|Roost|p1a: Charizard
|-heal|p1a: Charizard|359\/359
|
|-damage|p2a: Ferrodouchebag|176\/352 brn|[from] brn
|turn|38
|
|move|p1a: Charizard|Earthquake|p2a: Ferrodouchebag
|-damage|p2a: Ferrodouchebag|116\/352 brn
|move|p2a: Ferrodouchebag|Leech Seed|p1a: Charizard
|-start|p1a: Charizard|move: Leech Seed
|
|-damage|p1a: Charizard|315\/359|[from] Leech Seed|[of] p2a: Ferrodouchebag
|-heal|p2a: Ferrodouchebag|160\/352 brn|[silent]
|-damage|p2a: Ferrodouchebag|116\/352 brn|[from] brn
|turn|39
|
|switch|p1a: Gliscor|Gliscor, F|354\/354 tox
|-damage|p1a: Gliscor|310\/354 tox|[from] Stealth Rock
|switch|p2a: Sandusky|Sharpedo, M|246\/281
|
|-heal|p1a: Gliscor|354\/354 tox|[from] ability: Poison Heal
|turn|40
|
|switch|p1a: Chansey|Chansey, F|616\/704
|-damage|p1a: Chansey|528\/704|[from] Stealth Rock
|detailschange|p2a: Sandusky|Sharpedo-Mega, M
|message|Sharpedo has Mega Evolved into Mega Sharpedo!
|move|p2a: Sandusky|Ice Fang|p1a: Chansey
|-damage|p1a: Chansey|356\/704
|
|turn|41
|
|move|p2a: Sandusky|Crunch|p1a: Chansey
|-damage|p1a: Chansey|16\/704
|move|p1a: Chansey|Soft-Boiled|p1a: Chansey
|-heal|p1a: Chansey|368\/704
|
|turn|42
|
|move|p2a: Sandusky|Crunch|p1a: Chansey
|-damage|p1a: Chansey|25\/704
|-unboost|p1a: Chansey|def|1
|move|p1a: Chansey|Soft-Boiled|p1a: Chansey
|-heal|p1a: Chansey|377\/704
|
|turn|43
|-message|Invok3r forfeited.
|
|win|fatd
|raw|Ladder updating...
|leave|Invok3r
|player|p1
|raw|Invok3r's rating: 1553 &rarr; <strong>1532<\/strong><br \/>(-21 for losing)
|raw|fatd's rating: 1521 &rarr; <strong>1543<\/strong><br \/>(+22 for winning)