|join|DDlozX
|join|fatd
|player|p1|DDlozX|124
|player|p2|fatd|278
|gametype|singles
|gen|6
|tier|OU
|rated
|clearpoke
|poke|p1|Hydreigon, M, shiny
|poke|p1|Slowbro, M, shiny
|poke|p1|Florges, F, shiny
|poke|p1|Gyarados, F, shiny
|poke|p1|Sableye, M
|poke|p1|Blastoise, F
|poke|p2|Garchomp, M, shiny
|poke|p2|Espeon, M
|poke|p2|Infernape, F
|poke|p2|Scizor, F
|poke|p2|Chansey, F
|poke|p2|Suicune, shiny
|rule|Swagger Clause: Swagger is banned
|rule|Baton Pass Clause: Limit one PokÃ©mon knowing Baton Pass
|rule|Sleep Clause Mod: Limit one foe put to sleep
|rule|Species Clause: Limit one of each PokÃ©mon
|rule|OHKO Clause: OHKO moves are banned
|rule|Moody Clause: Moody is banned
|rule|Evasion Moves Clause: Evasion moves are banned
|rule|Endless Battle Clause: Forcing endless battles is banned
|rule|HP Percentage Mod: HP is reported as percentages
|teampreview
|chat|fatd|glhf
|
|start
|switch|p1a: Gyarados|Gyarados, F, shiny|394\/394
|switch|p2a: Ace in the Hole|Infernape, F|294\/294
|turn|1
|
|move|p2a: Ace in the Hole|Thunder Punch|p1a: Gyarados
|-supereffective|p1a: Gyarados
|-damage|p1a: Gyarados|0 fnt
|faint|p1a: Gyarados
|
|
|switch|p1a: Sableye|Sableye, M|304\/304
|turn|2
|
|switch|p2a: Destiny's Child|Espeon, M|272\/272
|move|p1a: Sableye|Knock Off|p2a: Destiny's Child
|-supereffective|p2a: Destiny's Child
|-damage|p2a: Destiny's Child|42\/272
|-enditem|p2a: Destiny's Child|Focus Sash|[from] move: Knock Off|[of] p1a: Sableye
|
|turn|3
|
|move|p2a: Destiny's Child|Dazzling Gleam|p1a: Sableye
|-supereffective|p1a: Sableye
|-damage|p1a: Sableye|42\/304
|move|p1a: Sableye|Knock Off|p2a: Destiny's Child
|-supereffective|p2a: Destiny's Child
|-damage|p2a: Destiny's Child|0 fnt
|faint|p2a: Destiny's Child
|
|-heal|p1a: Sableye|61\/304|[from] item: Leftovers
|
|switch|p2a: umm?|Scizor, F|344\/344
|turn|4
|
|detailschange|p2a: umm?|Scizor-Mega, F
|message|Scizor has Mega Evolved into Mega Scizor!
|move|p1a: Sableye|Will-O-Wisp|p2a: umm?
|-status|p2a: umm?|brn
|move|p2a: umm?|Knock Off|p1a: Sableye
|-damage|p1a: Sableye|0 fnt
|-enditem|p1a: Sableye|Leftovers|[from] move: Knock Off|[of] p2a: umm?
|faint|p1a: Sableye
|
|-damage|p2a: umm?|301\/344 brn|[from] brn
|
|switch|p1a: Blastoise|Blastoise, F|362\/362
|turn|5
|
|switch|p2a: Your Mother|Chansey, F|704\/704
|move|p1a: Blastoise|Aura Sphere|p2a: Your Mother
|-supereffective|p2a: Your Mother
|-damage|p2a: Your Mother|628\/704
|
|turn|6
|
|switch|p1a: Slowbro|Slowbro, M, shiny|394\/394
|move|p2a: Your Mother|Toxic|p1a: Slowbro
|-status|p1a: Slowbro|tox
|
|-damage|p1a: Slowbro|370\/394 tox|[from] psn
|turn|7
|
|switch|p2a: umm?|Scizor-Mega, F|301\/344 brn
|move|p1a: Slowbro|Toxic|p2a: umm?
|-fail|p2a: umm?
|
|-heal|p1a: Slowbro|394\/394 tox|[from] item: Leftovers
|-damage|p2a: umm?|258\/344 brn|[from] brn
|-damage|p1a: Slowbro|346\/394 tox|[from] psn
|turn|8
|
|move|p2a: umm?|Knock Off|p1a: Slowbro
|-supereffective|p1a: Slowbro
|-damage|p1a: Slowbro|240\/394 tox
|-enditem|p1a: Slowbro|Leftovers|[from] move: Knock Off|[of] p2a: umm?
|move|p1a: Slowbro|Flamethrower|p2a: umm?
|-supereffective|p2a: umm?
|-damage|p2a: umm?|0 fnt
|faint|p2a: umm?
|
|-damage|p1a: Slowbro|168\/394 tox|[from] psn
|
|switch|p2a: Ace in the Hole|Infernape, F|294\/294
|turn|9
|
|switch|p1a: Blastoise|Blastoise, F|362\/362
|move|p2a: Ace in the Hole|U-turn|p1a: Blastoise
|-damage|p1a: Blastoise|279\/362
|
|switch|p2a: Your Mother|Chansey, F|628\/704
|
|-heal|p1a: Blastoise|301\/362|[from] item: Leftovers
|turn|10
|
|switch|p1a: Florges|Florges, F, shiny|360\/360
|move|p2a: Your Mother|Seismic Toss|p1a: Florges
|-damage|p1a: Florges|260\/360
|
|-heal|p1a: Florges|282\/360|[from] item: Leftovers
|turn|11
|
|move|p1a: Florges|Wish|p1a: Florges
|move|p2a: Your Mother|Toxic|p1a: Florges
|-status|p1a: Florges|tox
|
|-heal|p1a: Florges|304\/360 tox|[from] item: Leftovers
|-damage|p1a: Florges|282\/360 tox|[from] psn
|turn|12
|
|switch|p2a: Ace in the Hole|Infernape, F|294\/294
|move|p1a: Florges|Aromatherapy|p1a: Florges
|-cureteam|p1a: Florges|[from] move: Aromatherapy
|
|-heal|p1a: Florges|360\/360|[from] move: Wish|[wisher] Florges
|turn|13
|
|move|p1a: Florges|Protect|p1a: Florges
|-singleturn|p1a: Florges|Protect
|move|p2a: Ace in the Hole|Thunder Punch|p1a: Florges
|-activate|p1a: Florges|Protect
|
|turn|14
|
|switch|p2a: Your Mother|Chansey, F|628\/704
|move|p1a: Florges|Moonblast|p2a: Your Mother
|-damage|p2a: Your Mother|541\/704
|
|turn|15
|
|switch|p1a: Slowbro|Slowbro, M, shiny|299\/394
|move|p2a: Your Mother|Seismic Toss|p1a: Slowbro
|-damage|p1a: Slowbro|199\/394
|
|turn|16
|
|switch|p2a: Step Back!!|Garchomp, M, shiny|386\/386
|move|p1a: Slowbro|Toxic|p2a: Step Back!!
|-status|p2a: Step Back!!|tox
|
|-damage|p2a: Step Back!!|362\/386 tox|[from] psn
|turn|17
|
|switch|p1a: Florges|Florges, F, shiny|360\/360
|move|p2a: Step Back!!|Stealth Rock|p1a: Florges
|-sidestart|p1: DDlozX|move: Stealth Rock
|
|-damage|p2a: Step Back!!|314\/386 tox|[from] psn
|turn|18
|
|switch|p2a: Your Mother|Chansey, F|541\/704
|move|p1a: Florges|Wish|p1a: Florges
|
|turn|19
|
|switch|p1a: Blastoise|Blastoise, F|301\/362
|-damage|p1a: Blastoise|256\/362|[from] Stealth Rock
|move|p2a: Your Mother|Soft-Boiled|p2a: Your Mother
|-heal|p2a: Your Mother|704\/704
|
|-heal|p1a: Blastoise|362\/362|[from] move: Wish|[wisher] Florges
|turn|20
|
|move|p1a: Blastoise|Rapid Spin|p2a: Your Mother
|-damage|p2a: Your Mother|686\/704
|-sideend|p1: DDlozX|Stealth Rock|[from] move: Rapid Spin|[of] p1a: Blastoise
|move|p2a: Your Mother|Toxic|p1a: Blastoise
|-status|p1a: Blastoise|tox
|
|-damage|p1a: Blastoise|340\/362 tox|[from] psn
|turn|21
|
|switch|p1a: Slowbro|Slowbro, M, shiny|330\/394
|switch|p2a: Step Back!!|Garchomp, M, shiny|314\/386 tox
|
|-damage|p2a: Step Back!!|290\/386 tox|[from] psn
|turn|22
|
|move|p2a: Step Back!!|Stealth Rock|p1a: Slowbro
|-sidestart|p1: DDlozX|move: Stealth Rock
|move|p1a: Slowbro|Scald|p2a: Step Back!!
|-damage|p2a: Step Back!!|158\/386 tox
|
|-damage|p2a: Step Back!!|110\/386 tox|[from] psn
|turn|23
|
|move|p2a: Step Back!!|Earthquake|p1a: Slowbro
|-damage|p1a: Slowbro|218\/394
|move|p1a: Slowbro|Toxic|p2a: Step Back!!|[miss]
|-miss|p1a: Slowbro|p2a: Step Back!!
|
|-damage|p2a: Step Back!!|38\/386 tox|[from] psn
|turn|24
|
|move|p2a: Step Back!!|Earthquake|p1a: Slowbro
|-damage|p1a: Slowbro|109\/394
|move|p1a: Slowbro|Slack Off|p1a: Slowbro
|-heal|p1a: Slowbro|306\/394
|
|-damage|p2a: Step Back!!|0 fnt|[from] psn
|faint|p2a: Step Back!!
|
|switch|p2a: Ace in the Hole|Infernape, F|294\/294
|turn|25
|
|switch|p1a: Blastoise|Blastoise, F|340\/362 tox
|-damage|p1a: Blastoise|295\/362 tox|[from] Stealth Rock
|move|p2a: Ace in the Hole|U-turn|p1a: Blastoise
|-damage|p1a: Blastoise|219\/362 tox
|
|switch|p2a: Robin Thicke|Suicune, shiny|361\/361
|-ability|p2a: Robin Thicke|Pressure
|
|-heal|p1a: Blastoise|241\/362 tox|[from] item: Leftovers
|-damage|p1a: Blastoise|219\/362 tox|[from] psn
|turn|26
|
|switch|p2a: Ace in the Hole|Infernape, F|294\/294
|move|p1a: Blastoise|Rapid Spin|p2a: Ace in the Hole
|-crit|p2a: Ace in the Hole
|-damage|p2a: Ace in the Hole|267\/294
|-sideend|p1: DDlozX|Stealth Rock|[from] move: Rapid Spin|[of] p1a: Blastoise
|
|-heal|p1a: Blastoise|241\/362 tox|[from] item: Leftovers
|-damage|p1a: Blastoise|197\/362 tox|[from] psn
|turn|27
|
|move|p2a: Ace in the Hole|Thunder Punch|p1a: Blastoise
|-supereffective|p1a: Blastoise
|-damage|p1a: Blastoise|0 fnt
|faint|p1a: Blastoise
|
|
|switch|p1a: Hydreigon|Hydreigon, M, shiny|388\/388
|turn|28
|
|switch|p2a: Your Mother|Chansey, F|686\/704
|switch|p1a: Slowbro|Slowbro, M, shiny|394\/394
|
|turn|29
|
|move|p2a: Your Mother|Toxic|p1a: Slowbro
|-status|p1a: Slowbro|tox
|move|p1a: Slowbro|Toxic|p2a: Your Mother
|-status|p2a: Your Mother|tox
|
|-damage|p2a: Your Mother|642\/704 tox|[from] psn
|-damage|p1a: Slowbro|370\/394 tox|[from] psn
|turn|30
|
|switch|p2a: Robin Thicke|Suicune, shiny|361\/361
|-ability|p2a: Robin Thicke|Pressure
|switch|p1a: Florges|Florges, F, shiny|360\/360
|
|turn|31
|
|switch|p2a: Ace in the Hole|Infernape, F|267\/294
|move|p1a: Florges|Moonblast|p2a: Ace in the Hole
|-damage|p2a: Ace in the Hole|93\/294
|
|turn|32
|
|switch|p2a: Your Mother|Chansey, F|642\/704
|move|p1a: Florges|Moonblast|p2a: Your Mother
|-damage|p2a: Your Mother|557\/704
|
|turn|33
|
|move|p1a: Florges|Aromatherapy|p1a: Florges
|-cureteam|p1a: Florges|[from] move: Aromatherapy
|move|p2a: Your Mother|Seismic Toss|p1a: Florges
|-damage|p1a: Florges|260\/360
|
|-heal|p1a: Florges|282\/360|[from] item: Leftovers
|turn|34
|
|move|p1a: Florges|Wish|p1a: Florges
|move|p2a: Your Mother|Toxic|p1a: Florges
|-status|p1a: Florges|tox
|
|-heal|p1a: Florges|304\/360 tox|[from] item: Leftovers
|-damage|p1a: Florges|282\/360 tox|[from] psn
|turn|35
|
|move|p1a: Florges|Moonblast|p2a: Your Mother
|-damage|p2a: Your Mother|472\/704
|move|p2a: Your Mother|Soft-Boiled|p2a: Your Mother
|-heal|p2a: Your Mother|704\/704
|
|-heal|p1a: Florges|360\/360 tox|[from] move: Wish|[wisher] Florges
|-damage|p1a: Florges|316\/360 tox|[from] psn
|turn|36
|
|switch|p1a: Slowbro|Slowbro, M, shiny|394\/394
|move|p2a: Your Mother|Seismic Toss|p1a: Slowbro
|-damage|p1a: Slowbro|294\/394
|
|turn|37
|
|move|p2a: Your Mother|Toxic|p1a: Slowbro|[miss]
|-miss|p2a: Your Mother|p1a: Slowbro
|move|p1a: Slowbro|Toxic|p2a: Your Mother
|-status|p2a: Your Mother|tox
|
|-damage|p2a: Your Mother|660\/704 tox|[from] psn
|turn|38
|
|move|p2a: Your Mother|Seismic Toss|p1a: Slowbro
|-damage|p1a: Slowbro|194\/394
|move|p1a: Slowbro|Scald|p2a: Your Mother
|-damage|p2a: Your Mother|602\/704 tox
|
|-damage|p2a: Your Mother|514\/704 tox|[from] psn
|turn|39
|
|move|p2a: Your Mother|Seismic Toss|p1a: Slowbro
|-damage|p1a: Slowbro|94\/394
|move|p1a: Slowbro|Slack Off|p1a: Slowbro
|-heal|p1a: Slowbro|291\/394
|
|-damage|p2a: Your Mother|382\/704 tox|[from] psn
|turn|40
|
|move|p2a: Your Mother|Soft-Boiled|p2a: Your Mother
|-heal|p2a: Your Mother|704\/704 tox
|move|p1a: Slowbro|Scald|p2a: Your Mother
|-damage|p2a: Your Mother|644\/704 tox
|
|-damage|p2a: Your Mother|468\/704 tox|[from] psn
|turn|41
|
|switch|p2a: Robin Thicke|Suicune, shiny|361\/361
|-ability|p2a: Robin Thicke|Pressure
|move|p1a: Slowbro|Scald|p2a: Robin Thicke
|-resisted|p2a: Robin Thicke
|-damage|p2a: Robin Thicke|326\/361
|
|-heal|p2a: Robin Thicke|348\/361|[from] item: Leftovers
|turn|42
|
|switch|p2a: Your Mother|Chansey, F|468\/704
|move|p1a: Slowbro|Toxic|p2a: Your Mother
|-status|p2a: Your Mother|tox
|
|-damage|p2a: Your Mother|424\/704 tox|[from] psn
|turn|43
|
|move|p2a: Your Mother|Soft-Boiled|p2a: Your Mother
|-heal|p2a: Your Mother|704\/704 tox
|move|p1a: Slowbro|Slack Off|p1a: Slowbro
|-heal|p1a: Slowbro|394\/394
|
|-damage|p2a: Your Mother|616\/704 tox|[from] psn
|turn|44
|
|switch|p2a: Robin Thicke|Suicune, shiny|348\/361
|-ability|p2a: Robin Thicke|Pressure
|move|p1a: Slowbro|Scald|p2a: Robin Thicke
|-resisted|p2a: Robin Thicke
|-damage|p2a: Robin Thicke|307\/361
|
|-heal|p2a: Robin Thicke|329\/361|[from] item: Leftovers
|turn|45
|
|switch|p2a: Your Mother|Chansey, F|616\/704
|move|p1a: Slowbro|Toxic|p2a: Your Mother|[miss]
|-miss|p1a: Slowbro|p2a: Your Mother
|
|turn|46
|
|move|p2a: Your Mother|Toxic|p1a: Slowbro
|-status|p1a: Slowbro|tox
|move|p1a: Slowbro|Toxic|p2a: Your Mother
|-status|p2a: Your Mother|tox
|
|-damage|p2a: Your Mother|572\/704 tox|[from] psn
|-damage|p1a: Slowbro|370\/394 tox|[from] psn
|turn|47
|
|switch|p1a: Florges|Florges, F, shiny|316\/360 tox
|move|p2a: Your Mother|Soft-Boiled|p2a: Your Mother
|-heal|p2a: Your Mother|704\/704 tox
|
|-heal|p1a: Florges|338\/360 tox|[from] item: Leftovers
|-damage|p1a: Florges|316\/360 tox|[from] psn
|-damage|p2a: Your Mother|616\/704 tox|[from] psn
|turn|48
|
|switch|p2a: Ace in the Hole|Infernape, F|93\/294
|move|p1a: Florges|Aromatherapy|p1a: Florges
|-cureteam|p1a: Florges|[from] move: Aromatherapy
|
|-heal|p1a: Florges|338\/360|[from] item: Leftovers
|turn|49
|
|move|p1a: Florges|Protect|p1a: Florges
|-singleturn|p1a: Florges|Protect
|move|p2a: Ace in the Hole|U-turn|p1a: Florges
|-activate|p1a: Florges|Protect
|
|-heal|p1a: Florges|360\/360|[from] item: Leftovers
|turn|50
|
|move|p2a: Ace in the Hole|U-turn|p1a: Florges
|-resisted|p1a: Florges
|-damage|p1a: Florges|311\/360
|
|switch|p2a: Your Mother|Chansey, F|616\/704
|move|p1a: Florges|Wish|p1a: Florges
|
|-heal|p1a: Florges|333\/360|[from] item: Leftovers
|turn|51
|
|switch|p1a: Slowbro|Slowbro, M, shiny|394\/394
|move|p2a: Your Mother|Shadow Ball|p1a: Slowbro
|-supereffective|p1a: Slowbro
|-damage|p1a: Slowbro|328\/394
|
|-heal|p1a: Slowbro|394\/394|[from] move: Wish|[wisher] Florges
|turn|52
|
|move|p2a: Your Mother|Toxic|p1a: Slowbro
|-status|p1a: Slowbro|tox
|move|p1a: Slowbro|Toxic|p2a: Your Mother
|-status|p2a: Your Mother|tox
|
|-damage|p2a: Your Mother|572\/704 tox|[from] psn
|-damage|p1a: Slowbro|370\/394 tox|[from] psn
|turn|53
|
|switch|p2a: Ace in the Hole|Infernape, F|93\/294
|switch|p1a: Florges|Florges, F, shiny|333\/360
|
|-heal|p1a: Florges|355\/360|[from] item: Leftovers
|turn|54
|
|move|p2a: Ace in the Hole|U-turn|p1a: Florges
|-resisted|p1a: Florges
|-damage|p1a: Florges|302\/360
|
|switch|p2a: Your Mother|Chansey, F|572\/704
|move|p1a: Florges|Moonblast|p2a: Your Mother
|-damage|p2a: Your Mother|493\/704
|
|-heal|p1a: Florges|324\/360|[from] item: Leftovers
|turn|55
|
|switch|p1a: Slowbro|Slowbro, M, shiny|394\/394 tox
|move|p2a: Your Mother|Seismic Toss|p1a: Slowbro
|-damage|p1a: Slowbro|294\/394 tox
|
|-damage|p1a: Slowbro|270\/394 tox|[from] psn
|turn|56
|
|move|p2a: Your Mother|Seismic Toss|p1a: Slowbro
|-damage|p1a: Slowbro|170\/394 tox
|move|p1a: Slowbro|Toxic|p2a: Your Mother
|-status|p2a: Your Mother|tox
|
|-damage|p2a: Your Mother|449\/704 tox|[from] psn
|-damage|p1a: Slowbro|122\/394 tox|[from] psn
|turn|57
|
|switch|p1a: Florges|Florges, F, shiny|324\/360
|move|p2a: Your Mother|Seismic Toss|p1a: Florges
|-damage|p1a: Florges|224\/360
|
|-heal|p1a: Florges|246\/360|[from] item: Leftovers
|-damage|p2a: Your Mother|361\/704 tox|[from] psn
|turn|58
|
|move|p1a: Florges|Wish|p1a: Florges
|move|p2a: Your Mother|Soft-Boiled|p2a: Your Mother
|-heal|p2a: Your Mother|704\/704 tox
|
|-heal|p1a: Florges|268\/360|[from] item: Leftovers
|-damage|p2a: Your Mother|572\/704 tox|[from] psn
|turn|59
|
|switch|p1a: Slowbro|Slowbro, M, shiny|253\/394 tox
|switch|p2a: Ace in the Hole|Infernape, F|93\/294
|
|-heal|p1a: Slowbro|394\/394 tox|[from] move: Wish|[wisher] Florges
|-damage|p1a: Slowbro|370\/394 tox|[from] psn
|turn|60
|
|switch|p1a: Florges|Florges, F, shiny|268\/360
|move|p2a: Ace in the Hole|U-turn|p1a: Florges
|-resisted|p1a: Florges
|-damage|p1a: Florges|214\/360
|
|switch|p2a: Your Mother|Chansey, F|572\/704
|
|-heal|p1a: Florges|236\/360|[from] item: Leftovers
|turn|61
|
|move|p1a: Florges|Wish|p1a: Florges
|move|p2a: Your Mother|Toxic|p1a: Florges
|-status|p1a: Florges|tox
|
|-heal|p1a: Florges|258\/360 tox|[from] item: Leftovers
|-damage|p1a: Florges|236\/360 tox|[from] psn
|turn|62
|
|move|p1a: Florges|Aromatherapy|p1a: Florges
|-cureteam|p1a: Florges|[from] move: Aromatherapy
|move|p2a: Your Mother|Seismic Toss|p1a: Florges
|-damage|p1a: Florges|136\/360
|
|-heal|p1a: Florges|316\/360|[from] move: Wish|[wisher] Florges
|-heal|p1a: Florges|338\/360|[from] item: Leftovers
|turn|63
|
|switch|p1a: Slowbro|Slowbro, M, shiny|394\/394
|move|p2a: Your Mother|Toxic|p1a: Slowbro
|-status|p1a: Slowbro|tox
|
|-damage|p1a: Slowbro|370\/394 tox|[from] psn
|turn|64
|
|move|p2a: Your Mother|Seismic Toss|p1a: Slowbro
|-damage|p1a: Slowbro|270\/394 tox
|move|p1a: Slowbro|Toxic|p2a: Your Mother
|-status|p2a: Your Mother|tox
|
|-damage|p2a: Your Mother|528\/704 tox|[from] psn
|-damage|p1a: Slowbro|222\/394 tox|[from] psn
|turn|65
|
|switch|p2a: Ace in the Hole|Infernape, F|93\/294
|move|p1a: Slowbro|Scald|p2a: Ace in the Hole
|-supereffective|p2a: Ace in the Hole
|-damage|p2a: Ace in the Hole|0 fnt
|faint|p2a: Ace in the Hole
|
|-damage|p1a: Slowbro|150\/394 tox|[from] psn
|
|switch|p2a: Your Mother|Chansey, F|528\/704
|turn|66
|
|switch|p1a: Florges|Florges, F, shiny|338\/360
|move|p2a: Your Mother|Seismic Toss|p1a: Florges
|-damage|p1a: Florges|238\/360
|
|-heal|p1a: Florges|260\/360|[from] item: Leftovers
|turn|67
|
|move|p1a: Florges|Moonblast|p2a: Your Mother
|-damage|p2a: Your Mother|446\/704
|move|p2a: Your Mother|Toxic|p1a: Florges
|-status|p1a: Florges|tox
|
|-heal|p1a: Florges|282\/360 tox|[from] item: Leftovers
|-damage|p1a: Florges|260\/360 tox|[from] psn
|turn|68
|
|move|p1a: Florges|Wish|p1a: Florges
|move|p2a: Your Mother|Seismic Toss|p1a: Florges
|-damage|p1a: Florges|160\/360 tox
|
|-heal|p1a: Florges|182\/360 tox|[from] item: Leftovers
|-damage|p1a: Florges|138\/360 tox|[from] psn
|turn|69
|
|move|p1a: Florges|Aromatherapy|p1a: Florges
|-cureteam|p1a: Florges|[from] move: Aromatherapy
|move|p2a: Your Mother|Seismic Toss|p1a: Florges
|-damage|p1a: Florges|38\/360
|
|-heal|p1a: Florges|218\/360|[from] move: Wish|[wisher] Florges
|-heal|p1a: Florges|240\/360|[from] item: Leftovers
|turn|70
|
|switch|p1a: Slowbro|Slowbro, M, shiny|281\/394
|move|p2a: Your Mother|Seismic Toss|p1a: Slowbro
|-damage|p1a: Slowbro|181\/394
|
|turn|71
|
|move|p2a: Your Mother|Toxic|p1a: Slowbro
|-status|p1a: Slowbro|tox
|move|p1a: Slowbro|Toxic|p2a: Your Mother
|-status|p2a: Your Mother|tox
|
|-damage|p2a: Your Mother|402\/704 tox|[from] psn
|-damage|p1a: Slowbro|157\/394 tox|[from] psn
|turn|72
|
|move|p2a: Your Mother|Soft-Boiled|p2a: Your Mother
|-heal|p2a: Your Mother|704\/704 tox
|move|p1a: Slowbro|Slack Off|p1a: Slowbro
|-heal|p1a: Slowbro|354\/394 tox
|
|-damage|p2a: Your Mother|616\/704 tox|[from] psn
|-damage|p1a: Slowbro|306\/394 tox|[from] psn
|turn|73
|
|switch|p2a: Robin Thicke|Suicune, shiny|329\/361
|-ability|p2a: Robin Thicke|Pressure
|switch|p1a: Hydreigon|Hydreigon, M, shiny|388\/388
|
|-heal|p2a: Robin Thicke|351\/361|[from] item: Leftovers
|turn|74
|
|switch|p1a: Florges|Florges, F, shiny|240\/360
|move|p2a: Robin Thicke|Mirror Coat|p1a: Florges
|-fail|p1a: Florges
|
|-heal|p2a: Robin Thicke|361\/361|[from] item: Leftovers
|-heal|p1a: Florges|262\/360|[from] item: Leftovers
|turn|75
|-message|fatd lost due to inactivity.
|
|win|DDlozX
|raw|Ladder updating...
|raw|DDlozX's rating: 1354 &rarr; <strong>1376<\/strong><br \/>(+22 for winning)
|raw|fatd's rating: 1402 &rarr; <strong>1379<\/strong><br \/>(-23 for losing)