|join|bizarman
|join|fatd
|player|p1|bizarman|42
|player|p2|fatd|278
|gametype|singles
|gen|6
|tier|OU
|rated
|clearpoke
|poke|p1|Metagross
|poke|p1|Kyurem-Black
|poke|p1|Thundurus, M
|poke|p1|Clefable, F
|poke|p1|Tentacruel, F
|poke|p1|Heatran, M
|poke|p2|Latias, F
|poke|p2|Azumarill, F
|poke|p2|Kyurem-Black
|poke|p2|Landorus-Therian, M
|poke|p2|Magnezone
|poke|p2|Beedrill, M
|rule|Swagger Clause: Swagger is banned
|rule|Baton Pass Clause: Limit one PokÃ©mon knowing Baton Pass
|rule|Sleep Clause Mod: Limit one foe put to sleep
|rule|Species Clause: Limit one of each PokÃ©mon
|rule|OHKO Clause: OHKO moves are banned
|rule|Moody Clause: Moody is banned
|rule|Evasion Moves Clause: Evasion moves are banned
|rule|Endless Battle Clause: Forcing endless battles is banned
|rule|HP Percentage Mod: HP is shown in percentages
|teampreview
|
|start
|switch|p1a: Heatran|Heatran, M|323\/323
|switch|p2a: BeeDAMN|Beedrill, M|272\/272
|-item|p1a: Heatran|Air Balloon
|turn|1
|
|detailschange|p2a: BeeDAMN|Beedrill-Mega, M
|message|Beedrill has Mega Evolved into Mega Beedrill!
|move|p1a: Heatran|Stealth Rock|p2a: BeeDAMN
|-sidestart|p2: fatd|move: Stealth Rock
|move|p2a: BeeDAMN|U-turn|p1a: Heatran
|-resisted|p1a: Heatran
|-damage|p1a: Heatran|276\/323
|-enditem|p1a: Heatran|Air Balloon
|
|switch|p2a: Sis|Latias, F|301\/301
|-damage|p2a: Sis|264\/301|[from] Stealth Rock
|
|turn|2
|
|switch|p1a: Metagross|Metagross|301\/301
|move|p2a: Sis|Defog|p1a: Metagross
|-fail|p1a: Metagross|unboost|[from] ability: Clear Body|[of] p1a: Metagross
|-sideend|p2: fatd|Stealth Rock|[from] move: Defog|[of] p2a: Sis
|
|turn|3
|
|switch|p2a: Zonin|Magnezone|321\/321
|detailschange|p1a: Metagross|Metagross-Mega
|message|Metagross has Mega Evolved into Mega Metagross!
|move|p1a: Metagross|Meteor Mash|p2a: Zonin
|-resisted|p2a: Zonin
|-damage|p2a: Zonin|268\/321
|
|-heal|p2a: Zonin|288\/321|[from] item: Leftovers
|turn|4
|
|switch|p2a: ShitBalls|Landorus-Therian, M|382\/382
|-ability|p2a: ShitBalls|Intimidate|[of] p1a: Metagross
|-unboost|p1a: Metagross|atk|1
|move|p1a: Metagross|Earthquake|p2a: ShitBalls
|-immune|p2a: ShitBalls|[msg]
|
|turn|5
|
|switch|p1a: Thundurus|Thundurus, M|299\/299
|move|p2a: ShitBalls|Earthquake|p1a: Thundurus
|-immune|p1a: Thundurus|[msg]
|
|turn|6
|
|switch|p2a: Bruh|Kyurem-Black|428\/428
|-ability|p2a: Bruh|Teravolt
|move|p1a: Thundurus|Knock Off|p2a: Bruh
|-damage|p2a: Bruh|305\/428
|-enditem|p2a: Bruh|Assault Vest|[from] move: Knock Off|[of] p1a: Thundurus
|-damage|p1a: Thundurus|270\/299|[from] item: Life Orb
|
|turn|7
|
|switch|p1a: Metagross|Metagross-Mega|301\/301
|move|p2a: Bruh|Ice Beam|p1a: Metagross
|-resisted|p1a: Metagross
|-damage|p1a: Metagross|241\/301
|
|turn|8
|
|switch|p2a: ShitBalls|Landorus-Therian, M|382\/382
|-ability|p2a: ShitBalls|Intimidate|[of] p1a: Metagross
|-unboost|p1a: Metagross|atk|1
|move|p1a: Metagross|Meteor Mash|p2a: ShitBalls
|-damage|p2a: ShitBalls|271\/382
|-damage|p1a: Metagross|191\/301|[from] item: Rocky Helmet|[of] p2a: ShitBalls
|
|turn|9
|
|switch|p1a: Kyurem-Black|Kyurem-Black|391\/391
|-ability|p1a: Kyurem-Black|Teravolt
|move|p2a: ShitBalls|U-turn|p1a: Kyurem-Black
|-damage|p1a: Kyurem-Black|303\/391
|
|switch|p2a: BeeDAMN|Beedrill-Mega, M|272\/272
|
|turn|10
|
|move|p2a: BeeDAMN|U-turn|p1a: Kyurem-Black
|-damage|p1a: Kyurem-Black|109\/391
|
|switch|p2a: Bruh|Kyurem-Black|305\/428
|-ability|p2a: Bruh|Teravolt
|move|p1a: Kyurem-Black|Roost|p1a: Kyurem-Black
|-heal|p1a: Kyurem-Black|305\/391
|
|turn|11
|
|move|p1a: Kyurem-Black|Ice Beam|p2a: Bruh
|-damage|p2a: Bruh|59\/428
|-damage|p1a: Kyurem-Black|266\/391|[from] item: Life Orb
|move|p2a: Bruh|Iron Head|p1a: Kyurem-Black
|-supereffective|p1a: Kyurem-Black
|-damage|p1a: Kyurem-Black|16\/391
|
|turn|12
|
|switch|p1a: Metagross|Metagross-Mega|191\/301
|switch|p2a: tehehe|Azumarill, F|404\/404
|
|turn|13
|
|move|p1a: Metagross|Meteor Mash|p2a: tehehe
|-damage|p2a: tehehe|136\/404
|-boost|p1a: Metagross|atk|1
|move|p2a: tehehe|Knock Off|p1a: Metagross
|-supereffective|p1a: Metagross
|-damage|p1a: Metagross|47\/301
|
|turn|14
|
|switch|p2a: ShitBalls|Landorus-Therian, M|271\/382
|-ability|p2a: ShitBalls|Intimidate|[of] p1a: Metagross
|-unboost|p1a: Metagross|atk|1
|move|p1a: Metagross|Bullet Punch|p2a: ShitBalls
|-crit|p2a: ShitBalls
|-damage|p2a: ShitBalls|159\/382
|-damage|p1a: Metagross|0 fnt|[from] item: Rocky Helmet|[of] p2a: ShitBalls
|faint|p1a: Metagross
|
|
|switch|p1a: Kyurem-Black|Kyurem-Black|16\/391
|-ability|p1a: Kyurem-Black|Teravolt
|turn|15
|
|switch|p2a: Bruh|Kyurem-Black|59\/428
|-ability|p2a: Bruh|Teravolt
|move|p1a: Kyurem-Black|Roost|p1a: Kyurem-Black
|-heal|p1a: Kyurem-Black|212\/391
|
|turn|16
|
|move|p1a: Kyurem-Black|Ice Beam|p2a: Bruh
|-damage|p2a: Bruh|0 fnt
|-damage|p1a: Kyurem-Black|173\/391|[from] item: Life Orb
|faint|p2a: Bruh
|
|
|switch|p2a: BeeDAMN|Beedrill-Mega, M|272\/272
|turn|17
|
|switch|p1a: Tentacruel|Tentacruel, F|364\/364
|move|p2a: BeeDAMN|U-turn|p1a: Tentacruel
|-resisted|p1a: Tentacruel
|-damage|p1a: Tentacruel|273\/364
|
|switch|p2a: Sis|Latias, F|264\/301
|
|-heal|p1a: Tentacruel|295\/364|[from] item: Black Sludge
|turn|18
|
|switch|p2a: BeeDAMN|Beedrill-Mega, M|272\/272
|switch|p1a: Clefable|Clefable, F|394\/394
|
|turn|19
|
|switch|p1a: Tentacruel|Tentacruel, F|295\/364
|move|p2a: BeeDAMN|Poison Jab|p1a: Tentacruel
|-resisted|p1a: Tentacruel
|-damage|p1a: Tentacruel|194\/364
|
|-heal|p1a: Tentacruel|216\/364|[from] item: Black Sludge
|turn|20
|
|switch|p1a: Thundurus|Thundurus, M|270\/299
|move|p2a: BeeDAMN|Drill Run|p1a: Thundurus
|-immune|p1a: Thundurus|[msg]
|
|turn|21
|
|switch|p2a: Zonin|Magnezone|288\/321
|move|p1a: Thundurus|Thunder Wave|p2a: Zonin
|-fail|p2a: Zonin
|
|-heal|p2a: Zonin|308\/321|[from] item: Leftovers
|turn|22
|
|switch|p1a: Heatran|Heatran, M|276\/323
|move|p2a: Zonin|Volt Switch|p1a: Heatran
|-damage|p1a: Heatran|152\/323
|
|switch|p2a: BeeDAMN|Beedrill-Mega, M|272\/272
|
|turn|23
|
|switch|p1a: Thundurus|Thundurus, M|270\/299
|move|p2a: BeeDAMN|Poison Jab|p1a: Thundurus
|-damage|p1a: Thundurus|0 fnt
|faint|p1a: Thundurus
|
|
|switch|p1a: Clefable|Clefable, F|394\/394
|turn|24
|
|move|p2a: BeeDAMN|Poison Jab|p1a: Clefable
|-supereffective|p1a: Clefable
|-damage|p1a: Clefable|30\/394
|move|p1a: Clefable|Wish|p1a: Clefable
|
|-heal|p1a: Clefable|54\/394|[from] item: Leftovers
|turn|25
|
|switch|p1a: Heatran|Heatran, M|152\/323
|move|p2a: BeeDAMN|Drill Run|p1a: Heatran
|-supereffective|p1a: Heatran
|-damage|p1a: Heatran|0 fnt
|faint|p1a: Heatran
|
|
|switch|p1a: Tentacruel|Tentacruel, F|216\/364
|turn|26
|
|move|p2a: BeeDAMN|Drill Run|p1a: Tentacruel
|-supereffective|p1a: Tentacruel
|-damage|p1a: Tentacruel|14\/364
|move|p1a: Tentacruel|Scald|p2a: BeeDAMN
|-damage|p2a: BeeDAMN|182\/272
|
|-heal|p1a: Tentacruel|36\/364|[from] item: Black Sludge
|turn|27
|
|move|p2a: BeeDAMN|Poison Jab|p1a: Tentacruel
|-resisted|p1a: Tentacruel
|-damage|p1a: Tentacruel|0 fnt
|faint|p1a: Tentacruel
|
|-message|bizarman forfeited.
|
|win|fatd
|raw|Ladder updating...
|leave|bizarman
|player|p1
|raw|bizarman's rating: 1633 &rarr; <strong>1609<\/strong><br \/>(-24 for losing)
|raw|fatd's rating: 1555 &rarr; <strong>1579<\/strong><br \/>(+24 for winning)