|join|fatd
|join|Squirrelgate
|player|p1|fatd|278
|player|p2|Squirrelgate|169
|gametype|singles
|gen|6
|tier|OU
|rated
|clearpoke
|poke|p1|Garchomp, M, shiny
|poke|p1|Espeon, F
|poke|p1|Infernape, M
|poke|p1|Scizor, M
|poke|p1|Chansey, F
|poke|p1|Suicune, shiny
|poke|p2|Slowbro, F, shiny
|poke|p2|Latios, M, shiny
|poke|p2|Heatran, F
|poke|p2|Scizor, M, shiny
|poke|p2|Clefable, F, shiny
|poke|p2|Terrakion, shiny
|rule|Swagger Clause: Swagger is banned
|rule|Baton Pass Clause: Limit one PokÃ©mon knowing Baton Pass
|rule|Sleep Clause Mod: Limit one foe put to sleep
|rule|Species Clause: Limit one of each PokÃ©mon
|rule|OHKO Clause: OHKO moves are banned
|rule|Moody Clause: Moody is banned
|rule|Evasion Moves Clause: Evasion moves are banned
|rule|Endless Battle Clause: Forcing endless battles is banned
|rule|HP Percentage Mod: HP is reported as percentages
|teampreview
|chat|fatd|glhf
|
|start
|switch|p1a: umm?|Scizor, M|344\/344
|switch|p2a: Heatran|Heatran, F|385\/385
|turn|1
|
|switch|p1a: Step Back!!|Garchomp, M, shiny|386\/386
|move|p2a: Heatran|Stealth Rock|p1a: Step Back!!
|-sidestart|p1: fatd|move: Stealth Rock
|
|turn|2
|
|switch|p2a: Slowbro|Slowbro, F, shiny|394\/394
|move|p1a: Step Back!!|Stealth Rock|p2a: Slowbro
|-sidestart|p2: Squirrelgate|move: Stealth Rock
|
|turn|3
|
|switch|p1a: Your Mother|Chansey, F|704\/704
|-damage|p1a: Your Mother|616\/704|[from] Stealth Rock
|move|p2a: Slowbro|Scald|p1a: Your Mother
|-damage|p1a: Your Mother|552\/704
|-status|p1a: Your Mother|brn
|
|-damage|p1a: Your Mother|464\/704 brn|[from] brn
|turn|4
|
|switch|p2a: Scizor|Scizor, M, shiny|342\/342
|-damage|p2a: Scizor|300\/342|[from] Stealth Rock
|move|p1a: Your Mother|Soft-Boiled|p1a: Your Mother
|-heal|p1a: Your Mother|704\/704 brn
|
|-damage|p1a: Your Mother|616\/704 brn|[from] brn
|turn|5
|
|switch|p1a: Step Back!!|Garchomp, M, shiny|386\/386
|-damage|p1a: Step Back!!|362\/386|[from] Stealth Rock
|detailschange|p2a: Scizor|Scizor-Mega, M, shiny
|message|Scizor has Mega Evolved into Mega Scizor!
|move|p2a: Scizor|Knock Off|p1a: Step Back!!
|-damage|p1a: Step Back!!|259\/386
|-damage|p2a: Scizor|258\/342|[from] ability: Rough Skin|[of] p1a: Step Back!!
|-damage|p2a: Scizor|201\/342|[from] item: Rocky Helmet|[of] p1a: Step Back!!
|-enditem|p1a: Step Back!!|Rocky Helmet|[from] move: Knock Off|[of] p2a: Scizor
|
|turn|6
|
|switch|p2a: Slowbro|Slowbro, F, shiny|394\/394
|-damage|p2a: Slowbro|345\/394|[from] Stealth Rock
|move|p1a: Step Back!!|Fire Blast|p2a: Slowbro
|-resisted|p2a: Slowbro
|-damage|p2a: Slowbro|299\/394
|
|-heal|p2a: Slowbro|323\/394|[from] item: Leftovers
|turn|7
|
|switch|p1a: umm?|Scizor, M|344\/344
|-damage|p1a: umm?|301\/344|[from] Stealth Rock
|move|p2a: Slowbro|Scald|p1a: umm?
|-damage|p1a: umm?|189\/344
|-status|p1a: umm?|brn
|
|-heal|p2a: Slowbro|347\/394|[from] item: Leftovers
|-damage|p1a: umm?|146\/344 brn|[from] brn
|turn|8
|chat|Squirrelgate|sorry about hax :(
|chat|fatd|its about of the game bro
|
|detailschange|p1a: umm?|Scizor-Mega, M
|message|Scizor has Mega Evolved into Mega Scizor!
|move|p1a: umm?|Knock Off|p2a: Slowbro
|-supereffective|p2a: Slowbro
|-damage|p2a: Slowbro|255\/394
|-enditem|p2a: Slowbro|Leftovers|[from] move: Knock Off|[of] p1a: umm?
|move|p2a: Slowbro|Scald|p1a: umm?
|-damage|p1a: umm?|58\/344 brn
|
|-damage|p1a: umm?|15\/344 brn|[from] brn
|turn|9
|chat|fatd|:(
|
|move|p1a: umm?|U-turn|p2a: Slowbro
|-supereffective|p2a: Slowbro
|-damage|p2a: Slowbro|153\/394
|
|switch|p1a: Your Mother|Chansey, F|616\/704
|-damage|p1a: Your Mother|528\/704|[from] Stealth Rock
|move|p2a: Slowbro|Slack Off|p2a: Slowbro
|-heal|p2a: Slowbro|350\/394
|
|turn|10
|
|switch|p2a: Scizor|Scizor-Mega, M, shiny|201\/342
|-damage|p2a: Scizor|159\/342|[from] Stealth Rock
|move|p1a: Your Mother|Seismic Toss|p2a: Scizor
|-damage|p2a: Scizor|59\/342
|
|turn|11
|
|move|p2a: Scizor|Roost|p2a: Scizor
|-heal|p2a: Scizor|230\/342
|move|p1a: Your Mother|Seismic Toss|p2a: Scizor
|-damage|p2a: Scizor|130\/342
|
|turn|12
|
|switch|p1a: Ace in the Hole|Infernape, M|294\/294
|-damage|p1a: Ace in the Hole|258\/294|[from] Stealth Rock
|move|p2a: Scizor|Knock Off|p1a: Ace in the Hole
|-resisted|p1a: Ace in the Hole
|-damage|p1a: Ace in the Hole|187\/294
|-enditem|p1a: Ace in the Hole|Choice Scarf|[from] move: Knock Off|[of] p2a: Scizor
|
|turn|13
|
|switch|p2a: Slowbro|Slowbro, F, shiny|394\/394
|-damage|p2a: Slowbro|345\/394|[from] Stealth Rock
|move|p1a: Ace in the Hole|Thunder Punch|p2a: Slowbro
|-supereffective|p2a: Slowbro
|-damage|p2a: Slowbro|221\/394
|
|turn|14
|
|move|p1a: Ace in the Hole|U-turn|p2a: Slowbro
|-supereffective|p2a: Slowbro
|-damage|p2a: Slowbro|111\/394
|
|switch|p1a: Your Mother|Chansey, F|528\/704
|-damage|p1a: Your Mother|440\/704|[from] Stealth Rock
|move|p2a: Slowbro|Scald|p1a: Your Mother
|-damage|p1a: Your Mother|382\/704
|-status|p1a: Your Mother|brn
|
|-damage|p1a: Your Mother|294\/704 brn|[from] brn
|turn|15
|
|move|p1a: Your Mother|Soft-Boiled|p1a: Your Mother
|-heal|p1a: Your Mother|646\/704 brn
|move|p2a: Slowbro|Slack Off|p2a: Slowbro
|-heal|p2a: Slowbro|308\/394
|
|-damage|p1a: Your Mother|558\/704 brn|[from] brn
|turn|16
|
|move|p1a: Your Mother|Toxic|p2a: Slowbro
|-status|p2a: Slowbro|tox
|move|p2a: Slowbro|Psyshock|p1a: Your Mother
|-damage|p1a: Your Mother|434\/704 brn
|
|-damage|p1a: Your Mother|346\/704 brn|[from] brn
|-damage|p2a: Slowbro|284\/394 tox|[from] psn
|turn|17
|
|switch|p2a: Clefable|Clefable, F, shiny|394\/394
|move|p1a: Your Mother|Soft-Boiled|p1a: Your Mother
|-heal|p1a: Your Mother|698\/704 brn
|
|-damage|p1a: Your Mother|610\/704 brn|[from] brn
|turn|18
|
|switch|p1a: umm?|Scizor-Mega, M|15\/344 brn
|-damage|p1a: umm?|0 fnt|[from] Stealth Rock
|faint|p1a: umm?
|move|p2a: Clefable|Calm Mind|p2a: Clefable
|-boost|p2a: Clefable|spa|1
|-boost|p2a: Clefable|spd|1
|
|
|switch|p1a: Your Mother|Chansey, F|610\/704
|-damage|p1a: Your Mother|522\/704|[from] Stealth Rock
|turn|19
|
|move|p2a: Clefable|Calm Mind|p2a: Clefable
|-boost|p2a: Clefable|spa|1
|-boost|p2a: Clefable|spd|1
|move|p1a: Your Mother|Seismic Toss|p2a: Clefable
|-damage|p2a: Clefable|294\/394
|
|-heal|p2a: Clefable|318\/394|[from] item: Leftovers
|turn|20
|
|move|p2a: Clefable|Calm Mind|p2a: Clefable
|-boost|p2a: Clefable|spa|1
|-boost|p2a: Clefable|spd|1
|move|p1a: Your Mother|Seismic Toss|p2a: Clefable
|-damage|p2a: Clefable|218\/394
|
|-heal|p2a: Clefable|242\/394|[from] item: Leftovers
|turn|21
|
|move|p2a: Clefable|Calm Mind|p2a: Clefable
|-boost|p2a: Clefable|spa|1
|-boost|p2a: Clefable|spd|1
|move|p1a: Your Mother|Seismic Toss|p2a: Clefable
|-damage|p2a: Clefable|142\/394
|
|-heal|p2a: Clefable|166\/394|[from] item: Leftovers
|turn|22
|
|move|p2a: Clefable|Soft-Boiled|p2a: Clefable
|-heal|p2a: Clefable|363\/394
|move|p1a: Your Mother|Seismic Toss|p2a: Clefable
|-damage|p2a: Clefable|263\/394
|
|-heal|p2a: Clefable|287\/394|[from] item: Leftovers
|turn|23
|
|move|p2a: Clefable|Calm Mind|p2a: Clefable
|-boost|p2a: Clefable|spa|1
|-boost|p2a: Clefable|spd|1
|move|p1a: Your Mother|Seismic Toss|p2a: Clefable
|-damage|p2a: Clefable|187\/394
|
|-heal|p2a: Clefable|211\/394|[from] item: Leftovers
|turn|24
|
|move|p2a: Clefable|Calm Mind|p2a: Clefable
|-boost|p2a: Clefable|spa|1
|-boost|p2a: Clefable|spd|1
|move|p1a: Your Mother|Seismic Toss|p2a: Clefable
|-damage|p2a: Clefable|111\/394
|
|-heal|p2a: Clefable|135\/394|[from] item: Leftovers
|turn|25
|
|move|p2a: Clefable|Soft-Boiled|p2a: Clefable
|-heal|p2a: Clefable|332\/394
|move|p1a: Your Mother|Seismic Toss|p2a: Clefable
|-damage|p2a: Clefable|232\/394
|
|-heal|p2a: Clefable|256\/394|[from] item: Leftovers
|turn|26
|
|move|p2a: Clefable|Moonblast|p1a: Your Mother
|-damage|p1a: Your Mother|261\/704
|move|p1a: Your Mother|Seismic Toss|p2a: Clefable
|-damage|p2a: Clefable|156\/394
|
|-heal|p2a: Clefable|180\/394|[from] item: Leftovers
|turn|27
|
|move|p2a: Clefable|Moonblast|p1a: Your Mother
|-damage|p1a: Your Mother|0 fnt
|faint|p1a: Your Mother
|
|-heal|p2a: Clefable|204\/394|[from] item: Leftovers
|
|switch|p1a: Ace in the Hole|Infernape, M|187\/294
|-damage|p1a: Ace in the Hole|151\/294|[from] Stealth Rock
|turn|28
|
|move|p1a: Ace in the Hole|Flare Blitz|p2a: Clefable
|-damage|p2a: Clefable|0 fnt
|-damage|p1a: Ace in the Hole|84\/294|[from] recoil|[of] p2a: Clefable
|faint|p2a: Clefable
|
|
|switch|p2a: Latios|Latios, M, shiny|302\/302
|-damage|p2a: Latios|265\/302|[from] Stealth Rock
|turn|29
|
|move|p2a: Latios|Draco Meteor|p1a: Ace in the Hole
|-damage|p1a: Ace in the Hole|0 fnt
|-unboost|p2a: Latios|spa|2
|faint|p1a: Ace in the Hole
|
|
|switch|p1a: Robin Thicke|Suicune, shiny|361\/361
|-damage|p1a: Robin Thicke|316\/361|[from] Stealth Rock
|-ability|p1a: Robin Thicke|Pressure
|turn|30
|
|switch|p2a: Heatran|Heatran, F|385\/385
|-damage|p2a: Heatran|337\/385|[from] Stealth Rock
|move|p1a: Robin Thicke|Tailwind|p1a: Robin Thicke
|-sidestart|p1: fatd|move: Tailwind
|
|-heal|p1a: Robin Thicke|338\/361|[from] item: Leftovers
|-heal|p2a: Heatran|361\/385|[from] item: Leftovers
|turn|31
|
|move|p1a: Robin Thicke|Scald|p2a: Heatran
|-supereffective|p2a: Heatran
|-damage|p2a: Heatran|211\/385
|move|p2a: Heatran|Toxic|p1a: Robin Thicke
|-status|p1a: Robin Thicke|tox
|
|-heal|p1a: Robin Thicke|360\/361 tox|[from] item: Leftovers
|-heal|p2a: Heatran|235\/385|[from] item: Leftovers
|-damage|p1a: Robin Thicke|338\/361 tox|[from] psn
|turn|32
|
|move|p2a: Heatran|Protect|p2a: Heatran
|-singleturn|p2a: Heatran|Protect
|move|p1a: Robin Thicke|Scald|p2a: Heatran
|-activate|p2a: Heatran|Protect
|
|-heal|p1a: Robin Thicke|360\/361 tox|[from] item: Leftovers
|-heal|p2a: Heatran|259\/385|[from] item: Leftovers
|-damage|p1a: Robin Thicke|316\/361 tox|[from] psn
|turn|33
|
|switch|p2a: Slowbro|Slowbro, F, shiny|394\/394 tox
|-damage|p2a: Slowbro|345\/394 tox|[from] Stealth Rock
|move|p1a: Robin Thicke|Scald|p2a: Slowbro
|-resisted|p2a: Slowbro
|-damage|p2a: Slowbro|277\/394 tox
|
|-heal|p1a: Robin Thicke|338\/361 tox|[from] item: Leftovers
|-damage|p1a: Robin Thicke|272\/361 tox|[from] psn
|-damage|p2a: Slowbro|253\/394 tox|[from] psn
|-sideend|p1: fatd|move: Tailwind
|turn|34
|
|switch|p1a: Destiny's Child|Espeon, F|272\/272
|-damage|p1a: Destiny's Child|238\/272|[from] Stealth Rock
|move|p2a: Slowbro|Slack Off|p2a: Slowbro
|-heal|p2a: Slowbro|394\/394 tox
|
|-damage|p2a: Slowbro|346\/394 tox|[from] psn
|turn|35
|
|move|p1a: Destiny's Child|Shadow Ball|p2a: Slowbro
|-supereffective|p2a: Slowbro
|-damage|p2a: Slowbro|122\/394 tox
|move|p2a: Slowbro|Scald|p1a: Destiny's Child
|-damage|p1a: Destiny's Child|132\/272
|
|-damage|p2a: Slowbro|50\/394 tox|[from] psn
|turn|36
|
|move|p1a: Destiny's Child|Shadow Ball|p2a: Slowbro
|-supereffective|p2a: Slowbro
|-damage|p2a: Slowbro|0 fnt
|faint|p2a: Slowbro
|
|
|switch|p2a: Scizor|Scizor-Mega, M, shiny|130\/342
|-damage|p2a: Scizor|88\/342|[from] Stealth Rock
|turn|37
|
|switch|p1a: Step Back!!|Garchomp, M, shiny|259\/386
|-damage|p1a: Step Back!!|235\/386|[from] Stealth Rock
|move|p2a: Scizor|Bullet Punch|p1a: Step Back!!
|-damage|p1a: Step Back!!|147\/386
|-damage|p2a: Scizor|46\/342|[from] ability: Rough Skin|[of] p1a: Step Back!!
|
|turn|38
|
|move|p1a: Step Back!!|Dragon Claw|p2a: Scizor
|-resisted|p2a: Scizor
|-damage|p2a: Scizor|6\/342
|move|p2a: Scizor|Knock Off|p1a: Step Back!!
|-damage|p1a: Step Back!!|72\/386
|-damage|p2a: Scizor|0 fnt|[from] ability: Rough Skin|[of] p1a: Step Back!!
|faint|p2a: Scizor
|
|
|switch|p2a: Latios|Latios, M, shiny|265\/302
|-damage|p2a: Latios|228\/302|[from] Stealth Rock
|turn|39
|
|move|p2a: Latios|Draco Meteor|p1a: Step Back!!|[miss]
|-miss|p2a: Latios|p1a: Step Back!!
|move|p1a: Step Back!!|Dragon Claw|p2a: Latios
|-supereffective|p2a: Latios
|-damage|p2a: Latios|0 fnt
|faint|p2a: Latios
|
|
|switch|p2a: Terrakion|Terrakion, shiny|324\/324
|-damage|p2a: Terrakion|304\/324|[from] Stealth Rock
|turn|40
|
|move|p2a: Terrakion|Earthquake|p1a: Step Back!!
|-damage|p1a: Step Back!!|0 fnt
|faint|p1a: Step Back!!
|
|chat|fatd|well now
|
|switch|p1a: Robin Thicke|Suicune, shiny|272\/361 tox
|-damage|p1a: Robin Thicke|227\/361 tox|[from] Stealth Rock
|-ability|p1a: Robin Thicke|Pressure
|turn|41
|
|switch|p2a: Heatran|Heatran, F|259\/385
|-damage|p2a: Heatran|211\/385|[from] Stealth Rock
|move|p1a: Robin Thicke|Scald|p2a: Heatran
|-supereffective|p2a: Heatran
|-damage|p2a: Heatran|65\/385
|
|-heal|p1a: Robin Thicke|249\/361 tox|[from] item: Leftovers
|-heal|p2a: Heatran|89\/385|[from] item: Leftovers
|-damage|p1a: Robin Thicke|227\/361 tox|[from] psn
|turn|42
|
|move|p2a: Heatran|Protect|p2a: Heatran
|-singleturn|p2a: Heatran|Protect
|move|p1a: Robin Thicke|Tailwind|p1a: Robin Thicke
|-sidestart|p1: fatd|move: Tailwind
|
|-heal|p1a: Robin Thicke|249\/361 tox|[from] item: Leftovers
|-heal|p2a: Heatran|113\/385|[from] item: Leftovers
|-damage|p1a: Robin Thicke|205\/361 tox|[from] psn
|turn|43
|
|move|p2a: Heatran|Protect|p2a: Heatran
|-singleturn|p2a: Heatran|Protect
|move|p1a: Robin Thicke|Scald|p2a: Heatran
|-activate|p2a: Heatran|Protect
|
|-heal|p1a: Robin Thicke|227\/361 tox|[from] item: Leftovers
|-heal|p2a: Heatran|137\/385|[from] item: Leftovers
|-damage|p1a: Robin Thicke|161\/361 tox|[from] psn
|turn|44
|
|move|p1a: Robin Thicke|Scald|p2a: Heatran
|-supereffective|p2a: Heatran
|-damage|p2a: Heatran|0 fnt
|faint|p2a: Heatran
|
|-heal|p1a: Robin Thicke|183\/361 tox|[from] item: Leftovers
|-damage|p1a: Robin Thicke|95\/361 tox|[from] psn
|
|switch|p2a: Terrakion|Terrakion, shiny|304\/324
|-damage|p2a: Terrakion|284\/324|[from] Stealth Rock
|turn|45
|
|move|p2a: Terrakion|X-Scissor|p1a: Robin Thicke
|-damage|p1a: Robin Thicke|9\/361 tox
|move|p1a: Robin Thicke|Scald|p2a: Terrakion
|-supereffective|p2a: Terrakion
|-damage|p2a: Terrakion|50\/324
|
|-heal|p1a: Robin Thicke|31\/361 tox|[from] item: Leftovers
|-damage|p1a: Robin Thicke|0 fnt|[from] psn
|-sideend|p1: fatd|move: Tailwind
|faint|p1a: Robin Thicke
|
|switch|p1a: Destiny's Child|Espeon, F|132\/272
|-damage|p1a: Destiny's Child|98\/272|[from] Stealth Rock
|turn|46
|
|move|p2a: Terrakion|X-Scissor|p1a: Destiny's Child
|-supereffective|p1a: Destiny's Child
|-damage|p1a: Destiny's Child|0 fnt
|faint|p1a: Destiny's Child
|
|win|Squirrelgate
|raw|Ladder updating...
|raw|fatd's rating: 1541 &rarr; <strong>1518<\/strong><br \/>(-23 for losing)
|raw|Squirrelgate's rating: 1483 &rarr; <strong>1506<\/strong><br \/>(+23 for winning)
|chat|fatd|gg
|chat|Squirrelgate|gg
|chat|fatd|i had a feeling your scarfed
|chat|Squirrelgate|what set was your suicune
|chat|fatd|ice beam tailwind scald mirror coat. purely offensive
|chat|Squirrelgate|huh
|chat|Squirrelgate|i've only seen crocune
|chat|fatd|i hate cro cuine with a passion