|join|fatd
|join|SxSnipes
|player|p1|fatd|278
|player|p2|SxSnipes|137
|gametype|singles
|gen|6
|tier|OU
|rated
|clearpoke
|poke|p1|Sceptile, M
|poke|p1|Garchomp, F
|poke|p1|Rotom-Wash
|poke|p1|Talonflame, M
|poke|p1|Bisharp, M
|poke|p1|Mew
|poke|p2|Lopunny, M
|poke|p2|Mamoswine, M
|poke|p2|Latias, F
|poke|p2|Kyurem-Black
|poke|p2|Landorus-Therian, M
|poke|p2|Keldeo-Resolute
|rule|Swagger Clause: Swagger is banned
|rule|Baton Pass Clause: Limit one PokÃ©mon knowing Baton Pass
|rule|Sleep Clause Mod: Limit one foe put to sleep
|rule|Species Clause: Limit one of each PokÃ©mon
|rule|OHKO Clause: OHKO moves are banned
|rule|Moody Clause: Moody is banned
|rule|Evasion Moves Clause: Evasion moves are banned
|rule|Endless Battle Clause: Forcing endless battles is banned
|rule|HP Percentage Mod: HP is shown in percentages
|teampreview
|join|ViridianSurvivor
|
|start
|switch|p1a: We dem birdz|Talonflame, M|298\/298
|switch|p2a: Landorus-Therian|Landorus-Therian, M|382\/382
|-ability|p2a: Landorus-Therian|Intimidate|[of] p1a: We dem birdz
|-unboost|p1a: We dem birdz|atk|1
|turn|1
|
|switch|p1a: Keepo|Rotom-Wash|304\/304
|move|p2a: Landorus-Therian|Knock Off|p1a: Keepo
|-damage|p1a: Keepo|204\/304
|-enditem|p1a: Keepo|Leftovers|[from] move: Knock Off|[of] p2a: Landorus-Therian
|
|turn|2
|
|move|p2a: Landorus-Therian|U-turn|p1a: Keepo
|-damage|p1a: Keepo|142\/304
|
|switch|p2a: Latias|Latias, F|302\/302
|move|p1a: Keepo|Pain Split|p2a: Latias
|-sethp|p2a: Latias|222\/302|p1a: Keepo|222\/304|[from] move: Pain Split
|
|turn|3
|
|move|p2a: Latias|Draco Meteor|p1a: Keepo|[miss]
|-miss|p2a: Latias|p1a: Keepo
|move|p1a: Keepo|Volt Switch|p2a: Latias
|-resisted|p2a: Latias
|-damage|p2a: Latias|189\/302
|
|switch|p1a: merry xmas son|Sceptile, M|281\/281
|
|turn|4
|c|âfatd|sorry
|c|âSxSnipes|its alright
|
|detailschange|p1a: merry xmas son|Sceptile-Mega, M
|message|Sceptile has Mega Evolved into Mega Sceptile!
|move|p1a: merry xmas son|Dragon Pulse|p2a: Latias
|-supereffective|p2a: Latias
|-damage|p2a: Latias|0 fnt
|faint|p2a: Latias
|
|
|switch|p2a: Mamoswine|Mamoswine, M|361\/361
|turn|5
|
|switch|p1a: Keepo|Rotom-Wash|222\/304
|move|p2a: Mamoswine|Ice Shard|p1a: Keepo
|-resisted|p1a: Keepo
|-damage|p1a: Keepo|188\/304
|-damage|p2a: Mamoswine|325\/361|[from] item: Life Orb
|
|turn|6
|
|switch|p2a: Kyurem-Black|Kyurem-Black|454\/454
|-ability|p2a: Kyurem-Black|Teravolt
|move|p1a: Keepo|Hydro Pump|p2a: Kyurem-Black
|-resisted|p2a: Kyurem-Black
|-damage|p2a: Kyurem-Black|400\/454
|
|turn|7
|
|move|p2a: Kyurem-Black|Earth Power|p1a: Keepo
|-supereffective|p1a: Keepo
|-damage|p1a: Keepo|0 fnt
|faint|p1a: Keepo
|
|
|switch|p1a: merry xmas son|Sceptile-Mega, M|281\/281
|turn|8
|
|move|p1a: merry xmas son|Dragon Pulse|p2a: Kyurem-Black
|-supereffective|p2a: Kyurem-Black
|-damage|p2a: Kyurem-Black|158\/454
|move|p2a: Kyurem-Black|Ice Beam|p1a: merry xmas son
|-supereffective|p1a: merry xmas son
|-damage|p1a: merry xmas son|0 fnt
|faint|p1a: merry xmas son
|
|
|switch|p1a: We dem birdz|Talonflame, M|298\/298
|turn|9
|
|switch|p2a: Landorus-Therian|Landorus-Therian, M|382\/382
|-ability|p2a: Landorus-Therian|Intimidate|[of] p1a: We dem birdz
|-unboost|p1a: We dem birdz|atk|1
|move|p1a: We dem birdz|Brave Bird|p2a: Landorus-Therian
|-damage|p2a: Landorus-Therian|240\/382
|-damage|p1a: We dem birdz|251\/298|[from] recoil|[of] p2a: Landorus-Therian
|
|-heal|p2a: Landorus-Therian|263\/382|[from] item: Leftovers
|turn|10
|
|switch|p1a: yum|Garchomp, F|357\/357
|move|p2a: Landorus-Therian|Knock Off|p1a: yum
|-damage|p1a: yum|218\/357
|-damage|p2a: Landorus-Therian|216\/382|[from] ability: Rough Skin|[of] p1a: yum
|-damage|p2a: Landorus-Therian|153\/382|[from] item: Rocky Helmet|[of] p1a: yum
|-enditem|p1a: yum|Rocky Helmet|[from] move: Knock Off|[of] p2a: Landorus-Therian
|
|-heal|p2a: Landorus-Therian|176\/382|[from] item: Leftovers
|turn|11
|
|move|p1a: yum|Stealth Rock|p2a: Landorus-Therian
|-sidestart|p2: SxSnipes|move: Stealth Rock
|move|p2a: Landorus-Therian|Stealth Rock|p1a: yum
|-sidestart|p1: fatd|move: Stealth Rock
|
|-heal|p2a: Landorus-Therian|199\/382|[from] item: Leftovers
|turn|12
|
|move|p1a: yum|Dragon Claw|p2a: Landorus-Therian
|-damage|p2a: Landorus-Therian|36\/382
|move|p2a: Landorus-Therian|Earthquake|p1a: yum
|-damage|p1a: yum|0 fnt
|faint|p1a: yum
|
|-heal|p2a: Landorus-Therian|59\/382|[from] item: Leftovers
|
|switch|p1a: We dem birdz|Talonflame, M|251\/298
|-damage|p1a: We dem birdz|102\/298|[from] Stealth Rock
|turn|13
|
|move|p1a: We dem birdz|Brave Bird|p2a: Landorus-Therian
|-damage|p2a: Landorus-Therian|0 fnt
|-damage|p1a: We dem birdz|83\/298|[from] recoil|[of] p2a: Landorus-Therian
|faint|p2a: Landorus-Therian
|
|
|switch|p2a: Lopunny|Lopunny, M|272\/272
|-damage|p2a: Lopunny|238\/272|[from] Stealth Rock
|turn|14
|
|detailschange|p2a: Lopunny|Lopunny-Mega, M
|message|Lopunny has Mega Evolved into Mega Lopunny!
|move|p2a: Lopunny|Fake Out|p1a: We dem birdz
|-damage|p1a: We dem birdz|0 fnt
|faint|p1a: We dem birdz
|
|
|switch|p1a: haha|Mew|389\/389
|-damage|p1a: haha|341\/389|[from] Stealth Rock
|turn|15
|
|move|p2a: Lopunny|Return|p1a: haha
|-damage|p1a: haha|167\/389
|move|p1a: haha|Will-O-Wisp|p2a: Lopunny
|-status|p2a: Lopunny|brn
|
|-heal|p1a: haha|191\/389|[from] item: Leftovers
|-damage|p2a: Lopunny|204\/272 brn|[from] brn
|turn|16
|
|move|p2a: Lopunny|Toxic|p1a: haha|[miss]
|-miss|p2a: Lopunny|p1a: haha
|move|p1a: haha|Transform|p2a: Lopunny
|-transform|p1a: haha|p2a: Lopunny
|
|-heal|p1a: haha|215\/389|[from] item: Leftovers
|-damage|p2a: Lopunny|170\/272 brn|[from] brn
|turn|17
|
|move|p1a: haha|High Jump Kick|p2a: Lopunny
|-supereffective|p2a: Lopunny
|-damage|p2a: Lopunny|0 fnt
|faint|p2a: Lopunny
|
|-heal|p1a: haha|239\/389|[from] item: Leftovers
|
|switch|p2a: Keldeo-Resolute|Keldeo-Resolute|323\/323
|-damage|p2a: Keldeo-Resolute|303\/323|[from] Stealth Rock
|turn|18
|
|move|p2a: Keldeo-Resolute|Secret Sword|p1a: haha
|-supereffective|p1a: haha
|-damage|p1a: haha|0 fnt
|faint|p1a: haha
|
|c|âfatd|gg
|
|switch|p1a: Bisharp|Bisharp, M|272\/272
|-damage|p1a: Bisharp|255\/272|[from] Stealth Rock
|turn|19
|c|âSxSnipes|gg
|
|move|p2a: Keldeo-Resolute|Secret Sword|p1a: Bisharp
|-crit|p1a: Bisharp
|-supereffective|p1a: Bisharp
|-damage|p1a: Bisharp|0 fnt
|faint|p1a: Bisharp
|
|win|SxSnipes
|raw|Ladder updating...
|leave|fatd
|player|p1
|raw|fatd's rating: 1367 &rarr; <strong>1347<\/strong><br \/>(-20 for losing)
|raw|SxSnipes's rating: 1377 &rarr; <strong>1396<\/strong><br \/>(+19 for winning)