|join|idfa555
|join|fatd
|player|p1|idfa555|130
|player|p2|fatd|278
|gametype|singles
|gen|6
|tier|OU
|rated
|clearpoke
|poke|p1|Charizard, F
|poke|p1|Bisharp, M
|poke|p1|Latios, M
|poke|p1|Garchomp, M
|poke|p1|Keldeo
|poke|p1|Thundurus, M
|poke|p2|Azumarill, M
|poke|p2|Amoonguss, F
|poke|p2|Entei, shiny
|poke|p2|Zapdos
|poke|p2|Heracross, F
|poke|p2|Excadrill, F
|rule|Swagger Clause: Swagger is banned
|rule|Baton Pass Clause: Limit one PokÃ©mon knowing Baton Pass
|rule|Sleep Clause Mod: Limit one foe put to sleep
|rule|Species Clause: Limit one of each PokÃ©mon
|rule|OHKO Clause: OHKO moves are banned
|rule|Moody Clause: Moody is banned
|rule|Evasion Moves Clause: Evasion moves are banned
|rule|Endless Battle Clause: Forcing endless battles is banned
|rule|HP Percentage Mod: HP is shown in percentages
|teampreview
|c|âfatd|glhf
|c|âidfa555|you too
|
|start
|switch|p1a: Keldeo|Keldeo|323\/323
|switch|p2a: 3|Entei, shiny|372\/372
|-ability|p2a: 3|Pressure
|turn|1
|
|switch|p2a: 2|Amoonguss, F|432\/432
|move|p1a: Keldeo|Scald|p2a: 2
|-resisted|p2a: 2
|-damage|p2a: 2|318\/432
|
|-heal|p2a: 2|345\/432|[from] item: Black Sludge
|turn|2
|
|switch|p1a: Latios|Latios, M|302\/302
|move|p2a: 2|Spore|p1a: Latios
|-status|p1a: Latios|slp
|
|-heal|p2a: 2|372\/432|[from] item: Black Sludge
|turn|3
|
|switch|p2a: 6|Heracross, F|364\/364
|cant|p1a: Latios|slp
|
|turn|4
|
|switch|p1a: Keldeo|Keldeo|323\/323
|detailschange|p2a: 6|Heracross-Mega, F
|message|Heracross has Mega Evolved into Mega Heracross!
|move|p2a: 6|Rock Tomb|p1a: Keldeo
|-resisted|p1a: Keldeo
|-damage|p1a: Keldeo|268\/323
|-unboost|p1a: Keldeo|spe|1
|
|turn|5
|
|move|p1a: Keldeo|Hidden Power|p2a: 6
|-supereffective|p2a: 6
|-damage|p2a: 6|0 fnt
|faint|p2a: 6
|
|
|switch|p2a: 4|Zapdos|384\/384
|-ability|p2a: 4|Pressure
|turn|6
|
|switch|p1a: Latios|Latios, M|302\/302 slp
|move|p2a: 4|Hidden Power|p1a: Latios
|-supereffective|p1a: Latios
|-damage|p1a: Latios|194\/302 slp
|
|turn|7
|
|switch|p2a: 5|Excadrill, F|424\/424
|-ability|p2a: 5|Mold Breaker
|-item|p2a: 5|Air Balloon
|-curestatus|p1a: Latios|slp
|move|p1a: Latios|Draco Meteor|p2a: 5
|-resisted|p2a: 5
|-damage|p2a: 5|217\/424
|-enditem|p2a: 5|Air Balloon
|-unboost|p1a: Latios|spa|2
|-damage|p1a: Latios|164\/302|[from] item: Life Orb
|
|turn|8
|
|switch|p1a: Garchomp|Garchomp, M|358\/358
|move|p2a: 5|Stealth Rock|p1a: Garchomp
|-sidestart|p1: idfa555|move: Stealth Rock
|
|turn|9
|
|switch|p2a: 4|Zapdos|384\/384
|-ability|p2a: 4|Pressure
|move|p1a: Garchomp|Earthquake|p2a: 4
|-immune|p2a: 4|[msg]
|
|turn|10
|
|switch|p1a: Bisharp|Bisharp, M|300\/300
|-damage|p1a: Bisharp|282\/300|[from] Stealth Rock
|switch|p2a: 1|Azumarill, M|404\/404
|
|turn|11
|
|move|p1a: Bisharp|Iron Head|p2a: 1
|-damage|p2a: 1|233\/404
|move|p2a: 1|Superpower|p1a: Bisharp
|-supereffective|p1a: Bisharp
|-damage|p1a: Bisharp|0 fnt
|-unboost|p2a: 1|atk|1
|-unboost|p2a: 1|def|1
|faint|p1a: Bisharp
|
|
|switch|p1a: Latios|Latios, M|164\/302
|-damage|p1a: Latios|127\/302|[from] Stealth Rock
|turn|12
|
|move|p1a: Latios|Psyshock|p2a: 1
|-damage|p2a: 1|0 fnt
|-damage|p1a: Latios|97\/302|[from] item: Life Orb
|faint|p2a: 1
|
|
|switch|p2a: 3|Entei, shiny|372\/372
|-ability|p2a: 3|Pressure
|turn|13
|
|switch|p1a: Garchomp|Garchomp, M|358\/358
|-damage|p1a: Garchomp|336\/358|[from] Stealth Rock
|move|p2a: 3|Extreme Speed|p1a: Garchomp
|-crit|p1a: Garchomp
|-damage|p1a: Garchomp|196\/358
|-damage|p2a: 3|326\/372|[from] ability: Rough Skin|[of] p1a: Garchomp
|
|turn|14
|
|switch|p2a: 2|Amoonguss, F|432\/432
|move|p1a: Garchomp|Rock Slide|p2a: 2
|-damage|p2a: 2|343\/432
|
|-heal|p2a: 2|370\/432|[from] item: Black Sludge
|turn|15
|
|move|p1a: Garchomp|Rock Slide|p2a: 2
|-damage|p2a: 2|270\/432
|move|p2a: 2|Giga Drain|p1a: Garchomp
|-damage|p1a: Garchomp|111\/358
|-heal|p2a: 2|313\/432|[from] drain|[of] p1a: Garchomp
|
|-heal|p2a: 2|340\/432|[from] item: Black Sludge
|turn|16
|
|move|p1a: Garchomp|Rock Slide|p2a: 2
|-damage|p2a: 2|245\/432
|move|p2a: 2|Spore|p1a: Garchomp
|-status|p1a: Garchomp|slp
|
|-heal|p2a: 2|272\/432|[from] item: Black Sludge
|turn|17
|
|switch|p1a: Latios|Latios, M|97\/302
|-damage|p1a: Latios|60\/302|[from] Stealth Rock
|move|p2a: 2|Giga Drain|p1a: Latios
|-crit|p1a: Latios
|-resisted|p1a: Latios
|-damage|p1a: Latios|6\/302
|-heal|p2a: 2|299\/432|[from] drain|[of] p1a: Latios
|
|-heal|p2a: 2|326\/432|[from] item: Black Sludge
|turn|18
|
|switch|p2a: 3|Entei, shiny|326\/372
|-ability|p2a: 3|Pressure
|move|p1a: Latios|Defog|p2a: 3
|-unboost|p2a: 3|evasion|1
|-sideend|p1: idfa555|Stealth Rock|[from] move: Defog|[of] p1a: Latios
|
|turn|19
|
|move|p2a: 3|Extreme Speed|p1a: Latios
|-damage|p1a: Latios|0 fnt
|faint|p1a: Latios
|
|
|switch|p1a: Thundurus|Thundurus, M|302\/302
|turn|20
|
|move|p1a: Thundurus|Thunder Wave|p2a: 3
|-status|p2a: 3|par
|cant|p2a: 3|par
|
|turn|21
|
|move|p1a: Thundurus|Thunderbolt|p2a: 3
|-damage|p2a: 3|197\/372 par
|cant|p2a: 3|par
|
|turn|22
|
|switch|p1a: Keldeo|Keldeo|268\/323
|move|p2a: 3|Sacred Fire|p1a: Keldeo
|-resisted|p1a: Keldeo
|-damage|p1a: Keldeo|161\/323
|-status|p1a: Keldeo|brn
|
|-damage|p1a: Keldeo|121\/323 brn|[from] brn
|turn|23
|
|switch|p2a: 2|Amoonguss, F|432\/432
|move|p1a: Keldeo|Scald|p2a: 2
|-resisted|p2a: 2
|-damage|p2a: 2|322\/432
|-status|p2a: 2|brn
|
|-heal|p2a: 2|349\/432 brn|[from] item: Black Sludge
|-damage|p1a: Keldeo|81\/323 brn|[from] brn
|-damage|p2a: 2|295\/432 brn|[from] brn
|turn|24
|
|switch|p1a: Charizard|Charizard, F|297\/297
|move|p2a: 2|Giga Drain|p1a: Charizard
|-resisted|p1a: Charizard
|-damage|p1a: Charizard|277\/297
|-heal|p2a: 2|305\/432 brn|[from] drain|[of] p1a: Charizard
|
|-heal|p2a: 2|332\/432 brn|[from] item: Black Sludge
|-damage|p2a: 2|278\/432 brn|[from] brn
|turn|25
|
|detailschange|p1a: Charizard|Charizard-Mega-Y, F
|message|Charizard has Mega Evolved into Mega Charizard!
|-weather|SunnyDay
|move|p1a: Charizard|Focus Blast|p2a: 2
|-resisted|p2a: 2
|-damage|p2a: 2|199\/432 brn
|move|p2a: 2|Spore|p1a: Charizard
|-message|Sleep Clause Mod activated.
|-fail|p1a: Charizard
|
|-weather|SunnyDay|[upkeep]
|-heal|p2a: 2|226\/432 brn|[from] item: Black Sludge
|-damage|p2a: 2|172\/432 brn|[from] brn
|turn|26
|
|switch|p2a: 5|Excadrill, F|217\/424
|-ability|p2a: 5|Mold Breaker
|move|p1a: Charizard|Fire Blast|p2a: 5
|-supereffective|p2a: 5
|-damage|p2a: 5|0 fnt
|faint|p2a: 5
|
|-weather|SunnyDay|[upkeep]
|
|switch|p2a: 3|Entei, shiny|197\/372 par
|-ability|p2a: 3|Pressure
|turn|27
|
|switch|p1a: Garchomp|Garchomp, M|111\/358 slp
|move|p2a: 3|Stone Edge|p1a: Garchomp
|-resisted|p1a: Garchomp
|-damage|p1a: Garchomp|48\/358 slp
|
|-weather|SunnyDay|[upkeep]
|turn|28
|
|switch|p2a: 4|Zapdos|384\/384
|-ability|p2a: 4|Pressure
|cant|p1a: Garchomp|slp
|
|-weather|SunnyDay|[upkeep]
|turn|29
|
|cant|p1a: Garchomp|slp
|move|p2a: 4|Hidden Power|p1a: Garchomp
|-supereffective|p1a: Garchomp
|-damage|p1a: Garchomp|0 fnt
|faint|p1a: Garchomp
|
|-weather|none
|
|switch|p1a: Thundurus|Thundurus, M|302\/302
|turn|30
|
|switch|p2a: 2|Amoonguss, F|316\/432 brn
|move|p1a: Thundurus|Thunderbolt|p2a: 2
|-resisted|p2a: 2
|-damage|p2a: 2|230\/432 brn
|
|-heal|p2a: 2|257\/432 brn|[from] item: Black Sludge
|-damage|p2a: 2|203\/432 brn|[from] brn
|turn|31
|
|switch|p1a: Keldeo|Keldeo|81\/323 brn
|move|p2a: 2|Spore|p1a: Keldeo
|-fail|p1a: Keldeo
|
|-heal|p2a: 2|230\/432 brn|[from] item: Black Sludge
|-damage|p1a: Keldeo|41\/323 brn|[from] brn
|-damage|p2a: 2|176\/432 brn|[from] brn
|turn|32
|
|move|p1a: Keldeo|Hidden Power|p2a: 2
|-supereffective|p2a: 2
|-damage|p2a: 2|0 fnt
|faint|p2a: 2
|
|-damage|p1a: Keldeo|1\/323 brn|[from] brn
|
|switch|p2a: 3|Entei, shiny|197\/372 par
|-ability|p2a: 3|Pressure
|turn|33
|
|move|p2a: 3|Extreme Speed|p1a: Keldeo
|-crit|p1a: Keldeo
|-damage|p1a: Keldeo|0 fnt
|faint|p1a: Keldeo
|
|
|switch|p1a: Thundurus|Thundurus, M|302\/302
|turn|34
|
|move|p1a: Thundurus|Thunderbolt|p2a: 3
|-damage|p2a: 3|62\/372 par
|cant|p2a: 3|par
|
|turn|35
|
|switch|p2a: 4|Zapdos|384\/384
|-ability|p2a: 4|Pressure
|move|p1a: Thundurus|Thunderbolt|p2a: 4
|-damage|p2a: 4|210\/384
|
|turn|36
|
|move|p1a: Thundurus|Thunderbolt|p2a: 4
|-damage|p2a: 4|36\/384
|move|p2a: 4|Discharge|p1a: Thundurus
|-damage|p1a: Thundurus|161\/302
|
|-heal|p1a: Thundurus|179\/302|[from] item: Leftovers
|turn|37
|
|move|p1a: Thundurus|Thunderbolt|p2a: 4
|-damage|p2a: 4|0 fnt
|faint|p2a: 4
|
|-heal|p1a: Thundurus|197\/302|[from] item: Leftovers
|
|switch|p2a: 3|Entei, shiny|62\/372 par
|-ability|p2a: 3|Pressure
|turn|38
|
|cant|p2a: 3|par
|move|p1a: Thundurus|Thunderbolt|p2a: 3
|-damage|p2a: 3|0 fnt
|faint|p2a: 3
|
|win|idfa555
|raw|Ladder updating...
|raw|idfa555's rating: 1518 &rarr; <strong>1537<\/strong><br \/>(+19 for winning)
|raw|fatd's rating: 1499 &rarr; <strong>1480<\/strong><br \/>(-19 for losing)
|c|âidfa555|gg
|leave|fatd
|player|p2