|join|fatd
|join|Kirbizzle321
|player|p1|fatd|278
|player|p2|Kirbizzle321|1
|gametype|singles
|gen|6
|tier|OU
|rated
|clearpoke
|poke|p1|Azumarill, F
|poke|p1|Talonflame, M
|poke|p1|Landorus-Therian, M
|poke|p1|Ferrothorn, F
|poke|p1|Heracross, F
|poke|p1|Latias, F
|poke|p2|Gyarados, F
|poke|p2|Bisharp, F
|poke|p2|Heatran, M
|poke|p2|Landorus-Therian, M
|poke|p2|Latios, M
|poke|p2|Amoonguss, M
|rule|Swagger Clause: Swagger is banned
|rule|Baton Pass Clause: Limit one PokÃ©mon knowing Baton Pass
|rule|Sleep Clause Mod: Limit one foe put to sleep
|rule|Species Clause: Limit one of each PokÃ©mon
|rule|OHKO Clause: OHKO moves are banned
|rule|Moody Clause: Moody is banned
|rule|Evasion Moves Clause: Evasion moves are banned
|rule|Endless Battle Clause: Forcing endless battles is banned
|rule|HP Percentage Mod: HP is shown in percentages
|teampreview
|join|phanti
|leave|phanti
|
|start
|switch|p1a: Typically|Landorus-Therian, M|369\/369
|switch|p2a: Bisharp|Bisharp, F|292\/292
|-ability|p1a: Typically|Intimidate|[of] p2a: Bisharp
|-unboost|p2a: Bisharp|atk|1
|-boost|p2a: Bisharp|atk|2|[from] ability: Defiant
|turn|1
|
|move|p2a: Bisharp|Sucker Punch|p1a: Typically
|-damage|p1a: Typically|195\/369
|move|p1a: Typically|U-turn|p2a: Bisharp
|-damage|p2a: Bisharp|220\/292
|
|switch|p1a: rarely used|Heracross, F|301\/301
|
|turn|2
|
|switch|p1a: Typically|Landorus-Therian, M|195\/369
|-ability|p1a: Typically|Intimidate|[of] p2a: Bisharp
|-unboost|p2a: Bisharp|atk|1
|-boost|p2a: Bisharp|atk|2|[from] ability: Defiant
|switch|p2a: Landorus-Therian|Landorus-Therian, M|379\/379
|-ability|p2a: Landorus-Therian|Intimidate|[of] p1a: Typically
|-unboost|p1a: Typically|atk|1
|
|-heal|p1a: Typically|218\/369|[from] item: Leftovers
|turn|3
|
|move|p1a: Typically|Stealth Rock|p2a: Landorus-Therian
|-sidestart|p2: Kirbizzle321|move: Stealth Rock
|move|p2a: Landorus-Therian|Knock Off|p1a: Typically
|-damage|p1a: Typically|138\/369
|-enditem|p1a: Typically|Leftovers|[from] move: Knock Off|[of] p2a: Landorus-Therian
|
|turn|4
|
|move|p1a: Typically|U-turn|p2a: Landorus-Therian
|-resisted|p2a: Landorus-Therian
|-damage|p2a: Landorus-Therian|354\/379
|
|switch|p1a: fuck lopunny|Azumarill, F|401\/401
|move|p2a: Landorus-Therian|Stone Edge|p1a: fuck lopunny
|-damage|p1a: fuck lopunny|275\/401
|
|turn|5
|
|move|p2a: Landorus-Therian|Earthquake|p1a: fuck lopunny
|-damage|p1a: fuck lopunny|44\/401
|move|p1a: fuck lopunny|Knock Off|p2a: Landorus-Therian
|-damage|p2a: Landorus-Therian|205\/379
|-enditem|p2a: Landorus-Therian|Earth Plate|[from] move: Knock Off|[of] p1a: fuck lopunny
|
|turn|6
|
|switch|p2a: Amoonguss|Amoonguss, M|432\/432
|-damage|p2a: Amoonguss|378\/432|[from] Stealth Rock
|move|p1a: fuck lopunny|Aqua Jet|p2a: Amoonguss
|-resisted|p2a: Amoonguss
|-damage|p2a: Amoonguss|333\/432
|
|-heal|p2a: Amoonguss|360\/432|[from] item: Black Sludge
|turn|7
|
|switch|p1a: Typically|Ferrothorn, F|352\/352
|move|p2a: Amoonguss|Hidden Power|p1a: Typically
|-supereffective|p1a: Typically
|-damage|p1a: Typically|228\/352
|
|-heal|p2a: Amoonguss|387\/432|[from] item: Black Sludge
|-heal|p1a: Typically|250\/352|[from] item: Leftovers
|turn|8
|
|switch|p2a: Heatran|Heatran, M|386\/386
|-damage|p2a: Heatran|338\/386|[from] Stealth Rock
|switch|p1a: rarely used|Heracross, F|301\/301
|
|-heal|p2a: Heatran|362\/386|[from] item: Leftovers
|turn|9
|
|switch|p2a: Landorus-Therian|Landorus-Therian, M|205\/379
|-damage|p2a: Landorus-Therian|158\/379|[from] Stealth Rock
|-ability|p2a: Landorus-Therian|Intimidate|[of] p1a: rarely used
|-unboost|p1a: rarely used|atk|1
|detailschange|p1a: rarely used|Heracross-Mega, F
|-mega|p1a: rarely used|Heracross|Heracronite
|move|p1a: rarely used|Close Combat|p2a: Landorus-Therian
|-resisted|p2a: Landorus-Therian
|-damage|p2a: Landorus-Therian|74\/379
|-unboost|p1a: rarely used|def|1
|-unboost|p1a: rarely used|spd|1
|
|turn|10
|
|switch|p1a: Typically|Landorus-Therian, M|138\/369
|-ability|p1a: Typically|Intimidate|[of] p2a: Landorus-Therian
|-unboost|p2a: Landorus-Therian|atk|1
|switch|p2a: Gyarados|Gyarados, F|341\/341
|-damage|p2a: Gyarados|256\/341|[from] Stealth Rock
|-ability|p2a: Gyarados|Intimidate|[of] p1a: Typically
|-unboost|p1a: Typically|atk|1
|
|turn|11
|
|detailschange|p2a: Gyarados|Gyarados-Mega, F
|-mega|p2a: Gyarados|Gyarados|Gyaradosite
|-ability|p2a: Gyarados|Mold Breaker
|move|p2a: Gyarados|Crunch|p1a: Typically
|-damage|p1a: Typically|2\/369
|-unboost|p1a: Typically|def|1
|move|p1a: Typically|U-turn|p2a: Gyarados
|-supereffective|p2a: Gyarados
|-damage|p2a: Gyarados|162\/341
|
|switch|p1a: rarely used|Heracross-Mega, F|301\/301
|
|turn|12
|
|switch|p2a: Landorus-Therian|Landorus-Therian, M|74\/379
|-damage|p2a: Landorus-Therian|27\/379|[from] Stealth Rock
|-ability|p2a: Landorus-Therian|Intimidate|[of] p1a: rarely used
|-unboost|p1a: rarely used|atk|1
|move|p1a: rarely used|Pin Missile|p2a: Landorus-Therian|[miss]
|-miss|p1a: rarely used|p2a: Landorus-Therian
|
|turn|13
|
|switch|p1a: Typically|Landorus-Therian, M|2\/369
|-ability|p1a: Typically|Intimidate|[of] p2a: Landorus-Therian
|-unboost|p2a: Landorus-Therian|atk|1
|move|p2a: Landorus-Therian|Earthquake|p1a: Typically
|-immune|p1a: Typically|[msg]
|
|turn|14
|
|move|p1a: Typically|U-turn|p2a: Landorus-Therian
|-resisted|p2a: Landorus-Therian
|-damage|p2a: Landorus-Therian|0 fnt
|faint|p2a: Landorus-Therian
|
|switch|p1a: rarely used|Heracross-Mega, F|301\/301
|
|
|switch|p2a: Amoonguss|Amoonguss, M|432\/432
|-damage|p2a: Amoonguss|378\/432|[from] Stealth Rock
|turn|15
|
|switch|p1a: Typically|Ferrothorn, F|250\/352
|move|p2a: Amoonguss|Hidden Power|p1a: Typically
|-crit|p1a: Typically
|-supereffective|p1a: Typically
|-damage|p1a: Typically|82\/352
|
|-heal|p2a: Amoonguss|405\/432|[from] item: Black Sludge
|-heal|p1a: Typically|104\/352|[from] item: Leftovers
|turn|16
|
|move|p2a: Amoonguss|Hidden Power|p1a: Typically
|-supereffective|p1a: Typically
|-damage|p1a: Typically|0 fnt
|faint|p1a: Typically
|
|-heal|p2a: Amoonguss|432\/432|[from] item: Black Sludge
|
|switch|p1a: we dem birdz|Talonflame, M|324\/324
|turn|17
|
|switch|p1a: rarely used|Heracross-Mega, F|301\/301
|switch|p2a: Heatran|Heatran, M|362\/386
|-damage|p2a: Heatran|314\/386|[from] Stealth Rock
|
|-heal|p2a: Heatran|338\/386|[from] item: Leftovers
|turn|18
|
|move|p2a: Heatran|Protect|p2a: Heatran
|-singleturn|p2a: Heatran|Protect
|move|p1a: rarely used|Close Combat|p2a: Heatran
|-activate|p2a: Heatran|Protect
|
|-heal|p2a: Heatran|362\/386|[from] item: Leftovers
|turn|19
|
|switch|p2a: Latios|Latios, M|301\/301
|-damage|p2a: Latios|264\/301|[from] Stealth Rock
|move|p1a: rarely used|Close Combat|p2a: Latios
|-resisted|p2a: Latios
|-damage|p2a: Latios|106\/301
|-unboost|p1a: rarely used|def|1
|-unboost|p1a: rarely used|spd|1
|
|turn|20
|
|switch|p2a: Heatran|Heatran, M|362\/386
|-damage|p2a: Heatran|314\/386|[from] Stealth Rock
|switch|p1a: Typically|Landorus-Therian, M|2\/369
|-ability|p1a: Typically|Intimidate|[of] p2a: Heatran
|-unboost|p2a: Heatran|atk|1
|
|-heal|p2a: Heatran|338\/386|[from] item: Leftovers
|turn|21
|
|move|p1a: Typically|U-turn|p2a: Heatran
|-resisted|p2a: Heatran
|-damage|p2a: Heatran|320\/386
|
|switch|p1a: rarely used|Heracross-Mega, F|301\/301
|move|p2a: Heatran|Stealth Rock|p1a: rarely used
|-sidestart|p1: fatd|move: Stealth Rock
|
|-heal|p2a: Heatran|344\/386|[from] item: Leftovers
|turn|22
|
|move|p1a: rarely used|Close Combat|p2a: Heatran
|-supereffective|p2a: Heatran
|-damage|p2a: Heatran|0 fnt
|-unboost|p1a: rarely used|def|1
|-unboost|p1a: rarely used|spd|1
|faint|p2a: Heatran
|
|
|switch|p2a: Amoonguss|Amoonguss, M|432\/432
|-damage|p2a: Amoonguss|378\/432|[from] Stealth Rock
|turn|23
|
|switch|p1a: fuck lopunny|Azumarill, F|44\/401
|-damage|p1a: fuck lopunny|0 fnt|[from] Stealth Rock
|faint|p1a: fuck lopunny
|move|p2a: Amoonguss|Spore|p1: fuck lopunny|[notarget]
|-notarget
|
|-heal|p2a: Amoonguss|405\/432|[from] item: Black Sludge
|
|switch|p1a: we dem birdz|Talonflame, M|324\/324
|-damage|p1a: we dem birdz|162\/324|[from] Stealth Rock
|turn|24
|
|switch|p2a: Gyarados|Gyarados-Mega, F|162\/341
|-damage|p2a: Gyarados|120\/341|[from] Stealth Rock
|-ability|p2a: Gyarados|Mold Breaker
|move|p1a: we dem birdz|Brave Bird|p2a: Gyarados
|-damage|p2a: Gyarados|0 fnt
|-damage|p1a: we dem birdz|122\/324|[from] recoil|[of] p2a: Gyarados
|faint|p2a: Gyarados
|
|
|switch|p2a: Bisharp|Bisharp, F|220\/292
|-damage|p2a: Bisharp|202\/292|[from] Stealth Rock
|turn|25
|
|move|p1a: we dem birdz|Roost|p1a: we dem birdz
|-heal|p1a: we dem birdz|284\/324
|move|p2a: Bisharp|Knock Off|p1a: we dem birdz
|-damage|p1a: we dem birdz|61\/324
|-enditem|p1a: we dem birdz|Sharp Beak|[from] move: Knock Off|[of] p2a: Bisharp
|
|turn|26
|
|move|p1a: we dem birdz|Roost|p1a: we dem birdz
|-heal|p1a: we dem birdz|223\/324
|move|p2a: Bisharp|Swords Dance|p2a: Bisharp
|-boost|p2a: Bisharp|atk|2
|
|turn|27
|
|switch|p1a: Typically|Landorus-Therian, M|2\/369
|-damage|p1a: Typically|0 fnt|[from] Stealth Rock
|faint|p1a: Typically
|move|p2a: Bisharp|Sucker Punch|p1: Typically|[notarget]
|-notarget
|
|
|switch|p1a: rarely used|Heracross-Mega, F|301\/301
|-damage|p1a: rarely used|264\/301|[from] Stealth Rock
|turn|28
|
|switch|p2a: Amoonguss|Amoonguss, M|432\/432
|-damage|p2a: Amoonguss|378\/432|[from] Stealth Rock
|move|p1a: rarely used|Pin Missile|p2a: Amoonguss
|-damage|p2a: Amoonguss|323\/432
|-damage|p2a: Amoonguss|265\/432
|-damage|p2a: Amoonguss|207\/432
|-damage|p2a: Amoonguss|147\/432
|-damage|p2a: Amoonguss|92\/432
|-hitcount|p2a: Amoonguss|5
|
|-heal|p2a: Amoonguss|119\/432|[from] item: Black Sludge
|turn|29
|
|move|p1a: rarely used|Pin Missile|p2a: Amoonguss
|-damage|p2a: Amoonguss|58\/432
|-damage|p2a: Amoonguss|1\/432
|-damage|p2a: Amoonguss|0 fnt
|-hitcount|p2a: Amoonguss|3
|faint|p2a: Amoonguss
|
|
|switch|p2a: Latios|Latios, M|106\/301
|-damage|p2a: Latios|69\/301|[from] Stealth Rock
|turn|30
|
|switch|p1a: typically|Latias, F|319\/319
|-damage|p1a: typically|280\/319|[from] Stealth Rock
|move|p2a: Latios|Draco Meteor|p1a: typically
|-supereffective|p1a: typically
|-damage|p1a: typically|0 fnt
|-unboost|p2a: Latios|spa|2
|faint|p1a: typically
|
|
|switch|p1a: we dem birdz|Talonflame, M|223\/324
|-damage|p1a: we dem birdz|61\/324|[from] Stealth Rock
|turn|31
|
|switch|p2a: Bisharp|Bisharp, F|202\/292
|-damage|p2a: Bisharp|184\/292|[from] Stealth Rock
|move|p1a: we dem birdz|Flare Blitz|p2a: Bisharp
|-supereffective|p2a: Bisharp
|-damage|p2a: Bisharp|0 fnt
|-damage|p1a: we dem birdz|0 fnt|[from] recoil|[of] p2a: Bisharp
|faint|p2a: Bisharp
|faint|p1a: we dem birdz
|
|
|switch|p2a: Latios|Latios, M|69\/301
|switch|p1a: rarely used|Heracross-Mega, F|264\/301
|-damage|p2a: Latios|32\/301|[from] Stealth Rock
|-damage|p1a: rarely used|227\/301|[from] Stealth Rock
|turn|32
|
|move|p2a: Latios|Psyshock|p1a: rarely used
|-supereffective|p1a: rarely used
|-damage|p1a: rarely used|0 fnt
|faint|p1a: rarely used
|
|win|Kirbizzle321
|raw|Ladder updating...
|raw|fatd's rating: 1496 &rarr; <strong>1477<\/strong><br \/>(-19 for losing)
|raw|Kirbizzle321's rating: 1508 &rarr; <strong>1527<\/strong><br \/>(+19 for winning)