|join|Andrewmon
|join|fatd
|player|p1|Andrewmon|253
|player|p2|fatd|102
|gametype|singles
|gen|6
|tier|OU
|rated
|clearpoke
|poke|p1|Charizard, M
|poke|p1|Sylveon, F
|poke|p1|Gengar, M
|poke|p1|Excadrill, M
|poke|p1|Dugtrio, M
|poke|p1|Tyranitar, M
|poke|p2|Manectric, F
|poke|p2|Landorus-Therian, M
|poke|p2|Bisharp, F
|poke|p2|Staraptor, M
|poke|p2|Azumarill, F
|poke|p2|Latios, M
|rule|Swagger Clause: Swagger is banned
|rule|Baton Pass Clause: Limit one PokÃ©mon knowing Baton Pass
|rule|Sleep Clause Mod: Limit one foe put to sleep
|rule|Species Clause: Limit one of each PokÃ©mon
|rule|OHKO Clause: OHKO moves are banned
|rule|Moody Clause: Moody is banned
|rule|Evasion Moves Clause: Evasion moves are banned
|rule|Endless Battle Clause: Forcing endless battles is banned
|rule|HP Percentage Mod: HP is shown in percentages
|teampreview
|
|start
|switch|p1a: Tyranitar|Tyranitar, M|341\/341
|switch|p2a: Chris Anderson|Staraptor, M|311\/311
|-weather|Sandstorm
|turn|1
|
|switch|p1a: Gengar|Gengar, M|272\/272
|move|p2a: Chris Anderson|U-turn|p1a: Gengar
|-resisted|p1a: Gengar
|-damage|p1a: Gengar|250\/272
|
|switch|p2a: Ray rice|Bisharp, F|271\/271
|
|-weather|Sandstorm|[upkeep]
|-damage|p1a: Gengar|233\/272|[from] sandstorm
|-heal|p1a: Gengar|250\/272|[from] item: Black Sludge
|turn|2
|
|move|p1a: Gengar|Substitute|p1a: Gengar
|-start|p1a: Gengar|Substitute
|-damage|p1a: Gengar|182\/272
|move|p2a: Ray rice|Knock Off|p1a: Gengar
|-crit|p1a: Gengar
|-supereffective|p1a: Gengar
|-end|p1a: Gengar|Substitute
|-damage|p2a: Ray rice|244\/271|[from] item: Life Orb
|
|-weather|Sandstorm|[upkeep]
|-damage|p1a: Gengar|165\/272|[from] sandstorm
|-heal|p1a: Gengar|182\/272|[from] item: Black Sludge
|turn|3
|
|switch|p1a: Charizard|Charizard, M|335\/335
|move|p2a: Ray rice|Knock Off|p1a: Charizard
|-damage|p1a: Charizard|189\/335
|-damage|p2a: Ray rice|217\/271|[from] item: Life Orb
|
|-weather|Sandstorm|[upkeep]
|-damage|p1a: Charizard|169\/335|[from] sandstorm
|turn|4
|
|switch|p2a: Mel Gibson|Latios, M|301\/301
|detailschange|p1a: Charizard|Charizard-Mega-Y, M
|-mega|p1a: Charizard|Charizard|Charizardite Y
|-weather|SunnyDay
|move|p1a: Charizard|Will-O-Wisp|p2a: Mel Gibson|[miss]
|-miss|p1a: Charizard|p2a: Mel Gibson
|
|-weather|SunnyDay|[upkeep]
|turn|5
|
|switch|p2a: Chris Brown|Azumarill, F|403\/403
|switch|p1a: Tyranitar|Tyranitar, M|341\/341
|-weather|Sandstorm
|
|-weather|Sandstorm|[upkeep]
|-damage|p2a: Chris Brown|378\/403|[from] sandstorm
|turn|6
|
|move|p2a: Chris Brown|Aqua Jet|p1a: Tyranitar
|-supereffective|p1a: Tyranitar
|-damage|p1a: Tyranitar|89\/341
|move|p1a: Tyranitar|Taunt|p2a: Chris Brown
|-start|p2a: Chris Brown|move: Taunt
|
|-weather|Sandstorm|[upkeep]
|-damage|p2a: Chris Brown|353\/403|[from] sandstorm
|turn|7
|
|switch|p1a: Sylveon|Sylveon, F|394\/394
|move|p2a: Chris Brown|Aqua Jet|p1a: Sylveon
|-damage|p1a: Sylveon|273\/394
|
|-weather|Sandstorm|[upkeep]
|-damage|p1a: Sylveon|249\/394|[from] sandstorm
|-damage|p2a: Chris Brown|328\/403|[from] sandstorm
|-heal|p1a: Sylveon|273\/394|[from] item: Leftovers
|turn|8
|
|switch|p2a: Johnny Manziel|Landorus-Therian, M|377\/377
|-ability|p2a: Johnny Manziel|Intimidate|[of] p1a: Sylveon
|-unboost|p1a: Sylveon|atk|1
|move|p1a: Sylveon|Wish|p1a: Sylveon
|
|-weather|Sandstorm|[upkeep]
|-damage|p1a: Sylveon|249\/394|[from] sandstorm
|-heal|p1a: Sylveon|273\/394|[from] item: Leftovers
|turn|9
|
|move|p2a: Johnny Manziel|Stealth Rock|p1a: Sylveon
|-sidestart|p1: Andrewmon|move: Stealth Rock
|move|p1a: Sylveon|Hyper Voice|p2a: Johnny Manziel
|-crit|p2a: Johnny Manziel
|-damage|p2a: Johnny Manziel|130\/377
|
|-weather|Sandstorm|[upkeep]
|-damage|p1a: Sylveon|249\/394|[from] sandstorm
|-heal|p1a: Sylveon|394\/394|[from] move: Wish|[wisher] Sylveon
|-heal|p2a: Johnny Manziel|153\/377|[from] item: Leftovers
|turn|10
|
|move|p2a: Johnny Manziel|U-turn|p1a: Sylveon
|-resisted|p1a: Sylveon
|-damage|p1a: Sylveon|354\/394
|
|switch|p2a: Chris Anderson|Staraptor, M|311\/311
|move|p1a: Sylveon|Hyper Voice|p2a: Chris Anderson
|-damage|p2a: Chris Anderson|94\/311
|
|-weather|Sandstorm|[upkeep]
|-damage|p2a: Chris Anderson|75\/311|[from] sandstorm
|-damage|p1a: Sylveon|330\/394|[from] sandstorm
|-heal|p1a: Sylveon|354\/394|[from] item: Leftovers
|turn|11
|
|move|p1a: Sylveon|Protect|p1a: Sylveon
|-singleturn|p1a: Sylveon|Protect
|move|p2a: Chris Anderson|Brave Bird|p1a: Sylveon
|-activate|p1a: Sylveon|Protect
|
|-weather|Sandstorm|[upkeep]
|-damage|p2a: Chris Anderson|56\/311|[from] sandstorm
|-damage|p1a: Sylveon|330\/394|[from] sandstorm
|-heal|p1a: Sylveon|354\/394|[from] item: Leftovers
|turn|12
|
|switch|p1a: Tyranitar|Tyranitar, M|89\/341
|-damage|p1a: Tyranitar|47\/341|[from] Stealth Rock
|move|p2a: Chris Anderson|Brave Bird|p1a: Tyranitar
|-resisted|p1a: Tyranitar
|-damage|p1a: Tyranitar|0 fnt
|-damage|p2a: Chris Anderson|40\/311|[from] recoil|[of] p1a: Tyranitar
|faint|p1a: Tyranitar
|
|-weather|none
|
|switch|p1a: Excadrill|Excadrill, M|361\/361
|-damage|p1a: Excadrill|350\/361|[from] Stealth Rock
|turn|13
|
|switch|p2a: Johnny Manziel|Landorus-Therian, M|153\/377
|-ability|p2a: Johnny Manziel|Intimidate|[of] p1a: Excadrill
|-unboost|p1a: Excadrill|atk|1
|move|p1a: Excadrill|Rapid Spin|p2a: Johnny Manziel
|-damage|p2a: Johnny Manziel|139\/377
|-sideend|p1: Andrewmon|Stealth Rock|[from] move: Rapid Spin|[of] p1a: Excadrill
|
|-heal|p2a: Johnny Manziel|162\/377|[from] item: Leftovers
|turn|14
|
|switch|p1a: Gengar|Gengar, M|182\/272
|move|p2a: Johnny Manziel|Stone Edge|p1a: Gengar|[miss]
|-miss|p2a: Johnny Manziel|p1a: Gengar
|
|-heal|p1a: Gengar|199\/272|[from] item: Black Sludge
|-heal|p2a: Johnny Manziel|185\/377|[from] item: Leftovers
|turn|15
|join|Its Shane Ni99a
|
|move|p1a: Gengar|Will-O-Wisp|p2a: Johnny Manziel
|-status|p2a: Johnny Manziel|brn
|move|p2a: Johnny Manziel|U-turn|p1a: Gengar
|-resisted|p1a: Gengar
|-damage|p1a: Gengar|187\/272
|
|switch|p2a: Chris Anderson|Staraptor, M|40\/311
|
|-heal|p1a: Gengar|204\/272|[from] item: Black Sludge
|turn|16
|
|switch|p1a: Dugtrio|Dugtrio, M|211\/211
|move|p2a: Chris Anderson|Brave Bird|p1a: Dugtrio
|-enditem|p1a: Dugtrio|Focus Sash
|-damage|p1a: Dugtrio|1\/211
|-damage|p2a: Chris Anderson|0 fnt|[from] recoil|[of] p1a: Dugtrio
|faint|p2a: Chris Anderson
|
|
|switch|p2a: Chris Brown|Azumarill, F|328\/403
|turn|17
|
|move|p2a: Chris Brown|Aqua Jet|p1a: Dugtrio
|-supereffective|p1a: Dugtrio
|-damage|p1a: Dugtrio|0 fnt
|faint|p1a: Dugtrio
|
|
|switch|p1a: Sylveon|Sylveon, F|354\/394
|turn|18
|
|switch|p2a: Ray rice|Bisharp, F|217\/271
|move|p1a: Sylveon|Wish|p1a: Sylveon
|
|-heal|p1a: Sylveon|378\/394|[from] item: Leftovers
|turn|19
|
|switch|p1a: Charizard|Charizard-Mega-Y, M|169\/335
|-weather|SunnyDay
|move|p2a: Ray rice|Knock Off|p1a: Charizard
|-damage|p1a: Charizard|21\/335
|-damage|p2a: Ray rice|190\/271|[from] item: Life Orb
|
|-weather|SunnyDay|[upkeep]
|-heal|p1a: Charizard|218\/335|[from] move: Wish|[wisher] Sylveon
|turn|20
|
|move|p2a: Ray rice|Sucker Punch|p1a: Charizard
|-fail|p1a: Charizard
|move|p1a: Charizard|Roost|p1a: Charizard
|-heal|p1a: Charizard|335\/335
|
|-weather|SunnyDay|[upkeep]
|turn|21
|
|switch|p2a: Mel Gibson|Latios, M|301\/301
|move|p1a: Charizard|Will-O-Wisp|p2a: Mel Gibson
|-status|p2a: Mel Gibson|brn
|
|-weather|SunnyDay|[upkeep]
|-damage|p2a: Mel Gibson|264\/301 brn|[from] brn
|turn|22
|
|move|p2a: Mel Gibson|Psyshock|p1a: Charizard
|-damage|p1a: Charizard|174\/335
|-damage|p2a: Mel Gibson|234\/301 brn|[from] item: Life Orb
|move|p1a: Charizard|Roost|p1a: Charizard
|-heal|p1a: Charizard|335\/335
|
|-weather|SunnyDay|[upkeep]
|-damage|p2a: Mel Gibson|197\/301 brn|[from] brn
|turn|23
|join|MemedYourMom
|
|move|p2a: Mel Gibson|Draco Meteor|p1a: Charizard
|-damage|p1a: Charizard|69\/335
|-unboost|p2a: Mel Gibson|spa|2
|-damage|p2a: Mel Gibson|167\/301 brn|[from] item: Life Orb
|move|p1a: Charizard|Roost|p1a: Charizard
|-heal|p1a: Charizard|237\/335
|
|-weather|none
|-damage|p2a: Mel Gibson|130\/301 brn|[from] brn
|turn|24
|
|switch|p2a: Micheal Vick|Manectric, F|281\/281
|move|p1a: Charizard|Will-O-Wisp|p2a: Micheal Vick
|-status|p2a: Micheal Vick|brn
|
|-damage|p2a: Micheal Vick|246\/281 brn|[from] brn
|turn|25
|
|switch|p1a: Sylveon|Sylveon, F|378\/394
|detailschange|p2a: Micheal Vick|Manectric-Mega, F
|-mega|p2a: Micheal Vick|Manectric|Manectite
|-ability|p2a: Micheal Vick|Intimidate|[of] p1a: Sylveon
|-unboost|p1a: Sylveon|atk|1
|move|p2a: Micheal Vick|Flamethrower|p1a: Sylveon
|-damage|p1a: Sylveon|292\/394
|-status|p1a: Sylveon|brn
|
|-heal|p1a: Sylveon|316\/394 brn|[from] item: Leftovers
|-damage|p2a: Micheal Vick|211\/281 brn|[from] brn
|-damage|p1a: Sylveon|267\/394 brn|[from] brn
|turn|26
|
|move|p2a: Micheal Vick|Volt Switch|p1a: Sylveon
|-damage|p1a: Sylveon|167\/394 brn
|
|switch|p2a: Chris Brown|Azumarill, F|328\/403
|move|p1a: Sylveon|Heal Bell|p1a: Sylveon
|-cureteam|p1a: Sylveon|[from] move: HealBell
|
|-heal|p1a: Sylveon|191\/394|[from] item: Leftovers
|turn|27
|
|move|p1a: Sylveon|Protect|p1a: Sylveon
|-singleturn|p1a: Sylveon|Protect
|move|p2a: Chris Brown|Waterfall|p1a: Sylveon
|-activate|p1a: Sylveon|Protect
|
|-heal|p1a: Sylveon|215\/394|[from] item: Leftovers
|turn|28
|
|move|p1a: Sylveon|Wish|p1a: Sylveon
|move|p2a: Chris Brown|Waterfall|p1a: Sylveon
|-damage|p1a: Sylveon|0 fnt
|faint|p1a: Sylveon
|
|
|switch|p1a: Charizard|Charizard-Mega-Y, M|237\/335
|-weather|SunnyDay
|turn|29
|
|switch|p2a: Micheal Vick|Manectric-Mega, F|211\/281 brn
|-ability|p2a: Micheal Vick|Intimidate|[of] p1a: Charizard
|-unboost|p1a: Charizard|atk|1
|move|p1a: Charizard|Will-O-Wisp|p2a: Micheal Vick
|-fail|p2a: Micheal Vick|brn
|
|-weather|SunnyDay|[upkeep]
|-heal|p1a: Charizard|335\/335|[from] move: Wish|[wisher] Sylveon
|-damage|p2a: Micheal Vick|176\/281 brn|[from] brn
|turn|30
|c|âAndrewmon|that timer can fuck off
|
|switch|p1a: Excadrill|Excadrill, M|350\/361
|move|p2a: Micheal Vick|Volt Switch|p1a: Excadrill
|-immune|p1a: Excadrill|[msg]
|
|-weather|SunnyDay|[upkeep]
|-damage|p2a: Micheal Vick|141\/281 brn|[from] brn
|turn|31
|
|switch|p2a: Johnny Manziel|Landorus-Therian, M|185\/377 brn
|-ability|p2a: Johnny Manziel|Intimidate|[of] p1a: Excadrill
|-unboost|p1a: Excadrill|atk|1
|switch|p1a: Charizard|Charizard-Mega-Y, M|335\/335
|
|-weather|SunnyDay|[upkeep]
|-heal|p2a: Johnny Manziel|208\/377 brn|[from] item: Leftovers
|-damage|p2a: Johnny Manziel|161\/377 brn|[from] brn
|turn|32
|
|move|p1a: Charizard|Flamethrower|p2a: Johnny Manziel
|-damage|p2a: Johnny Manziel|0 fnt
|faint|p2a: Johnny Manziel
|
|-weather|SunnyDay|[upkeep]
|c|âAndrewmon|i wouldve sacked gengar to your azumarill
|c|âAndrewmon|but i panicked because of that stupid times starting me off at 50 seconds
|
|switch|p2a: Micheal Vick|Manectric-Mega, F|141\/281 brn
|-ability|p2a: Micheal Vick|Intimidate|[of] p1a: Charizard
|-unboost|p1a: Charizard|atk|1
|turn|33
|
|switch|p1a: Excadrill|Excadrill, M|350\/361
|move|p2a: Micheal Vick|Thunderbolt|p1a: Excadrill
|-immune|p1a: Excadrill|[msg]
|
|-weather|none
|-damage|p2a: Micheal Vick|106\/281 brn|[from] brn
|turn|34
|
|switch|p2a: Mel Gibson|Latios, M|130\/301 brn
|move|p1a: Excadrill|Earthquake|p2a: Mel Gibson
|-immune|p2a: Mel Gibson|[msg]
|
|-damage|p2a: Mel Gibson|93\/301 brn|[from] brn
|turn|35
|
|move|p2a: Mel Gibson|Psyshock|p1a: Excadrill
|-resisted|p1a: Excadrill
|-damage|p1a: Excadrill|217\/361
|-damage|p2a: Mel Gibson|63\/301 brn|[from] item: Life Orb
|move|p1a: Excadrill|Iron Head|p2a: Mel Gibson
|-damage|p2a: Mel Gibson|0 fnt
|faint|p2a: Mel Gibson
|
|
|switch|p2a: Chris Brown|Azumarill, F|328\/403
|turn|36
|
|switch|p1a: Gengar|Gengar, M|204\/272
|move|p2a: Chris Brown|Aqua Jet|p1a: Gengar
|-damage|p1a: Gengar|45\/272
|
|-heal|p1a: Gengar|62\/272|[from] item: Black Sludge
|turn|37
|
|move|p2a: Chris Brown|Aqua Jet|p1a: Gengar
|-crit|p1a: Gengar
|-damage|p1a: Gengar|0 fnt
|faint|p1a: Gengar
|
|
|switch|p1a: Charizard|Charizard-Mega-Y, M|335\/335
|-weather|SunnyDay
|turn|38
|
|switch|p2a: Ray rice|Bisharp, F|190\/271
|move|p1a: Charizard|Solar Beam|p2a: Ray rice|[still]
|-prepare|p1a: Charizard|Solar Beam|p2a: Ray rice
|-anim|p1a: Charizard|Solar Beam|p2a: Ray rice
|-resisted|p2a: Ray rice
|-damage|p2a: Ray rice|91\/271
|
|-weather|SunnyDay|[upkeep]
|turn|39
|
|move|p1a: Charizard|Will-O-Wisp|p2a: Ray rice
|-status|p2a: Ray rice|brn
|move|p2a: Ray rice|Knock Off|p1a: Charizard
|-damage|p1a: Charizard|265\/335
|-damage|p2a: Ray rice|64\/271 brn|[from] item: Life Orb
|
|-weather|SunnyDay|[upkeep]
|-damage|p2a: Ray rice|31\/271 brn|[from] brn
|turn|40
|
|move|p1a: Charizard|Roost|p1a: Charizard
|-heal|p1a: Charizard|335\/335
|move|p2a: Ray rice|Knock Off|p1a: Charizard
|-damage|p1a: Charizard|269\/335
|-damage|p2a: Ray rice|4\/271 brn|[from] item: Life Orb
|
|-weather|SunnyDay|[upkeep]
|-damage|p2a: Ray rice|0 fnt|[from] brn
|faint|p2a: Ray rice
|
|switch|p2a: Micheal Vick|Manectric-Mega, F|106\/281 brn
|-ability|p2a: Micheal Vick|Intimidate|[of] p1a: Charizard
|-unboost|p1a: Charizard|atk|1
|turn|41
|
|switch|p1a: Excadrill|Excadrill, M|217\/361
|move|p2a: Micheal Vick|Thunderbolt|p1a: Excadrill
|-immune|p1a: Excadrill|[msg]
|
|-weather|SunnyDay|[upkeep]
|-damage|p2a: Micheal Vick|71\/281 brn|[from] brn
|turn|42
|
|switch|p1a: Charizard|Charizard-Mega-Y, M|269\/335
|move|p2a: Micheal Vick|Flamethrower|p1a: Charizard
|-resisted|p1a: Charizard
|-damage|p1a: Charizard|190\/335
|
|-weather|none
|-damage|p2a: Micheal Vick|36\/281 brn|[from] brn
|turn|43
|
|switch|p1a: Excadrill|Excadrill, M|217\/361
|move|p2a: Micheal Vick|Thunderbolt|p1a: Excadrill
|-immune|p1a: Excadrill|[msg]
|
|-damage|p2a: Micheal Vick|1\/281 brn|[from] brn
|turn|44
|
|move|p2a: Micheal Vick|Thunderbolt|p1a: Excadrill
|-immune|p1a: Excadrill|[msg]
|move|p1a: Excadrill|Earthquake|p2a: Micheal Vick
|-supereffective|p2a: Micheal Vick
|-damage|p2a: Micheal Vick|0 fnt
|faint|p2a: Micheal Vick
|
|
|switch|p2a: Chris Brown|Azumarill, F|328\/403
|turn|45
|
|move|p2a: Chris Brown|Aqua Jet|p1a: Excadrill
|-supereffective|p1a: Excadrill
|-damage|p1a: Excadrill|0 fnt
|faint|p1a: Excadrill
|
|
|switch|p1a: Charizard|Charizard-Mega-Y, M|190\/335
|-weather|SunnyDay
|turn|46
|
|move|p2a: Chris Brown|Aqua Jet|p1a: Charizard
|-supereffective|p1a: Charizard
|-damage|p1a: Charizard|68\/335
|move|p1a: Charizard|Roost|p1a: Charizard
|-heal|p1a: Charizard|236\/335
|
|-weather|SunnyDay|[upkeep]
|turn|47
|
|move|p2a: Chris Brown|Aqua Jet|p1a: Charizard
|-supereffective|p1a: Charizard
|-damage|p1a: Charizard|122\/335
|move|p1a: Charizard|Roost|p1a: Charizard
|-heal|p1a: Charizard|290\/335
|
|-weather|SunnyDay|[upkeep]
|turn|48
|
|move|p2a: Chris Brown|Aqua Jet|p1a: Charizard
|-supereffective|p1a: Charizard
|-damage|p1a: Charizard|174\/335
|move|p1a: Charizard|Will-O-Wisp|p2a: Chris Brown
|-status|p2a: Chris Brown|brn
|
|-weather|SunnyDay|[upkeep]
|-damage|p2a: Chris Brown|278\/403 brn|[from] brn
|turn|49
|
|move|p2a: Chris Brown|Aqua Jet|p1a: Charizard
|-supereffective|p1a: Charizard
|-damage|p1a: Charizard|112\/335
|move|p1a: Charizard|Roost|p1a: Charizard
|-heal|p1a: Charizard|280\/335
|
|-weather|SunnyDay|[upkeep]
|-damage|p2a: Chris Brown|228\/403 brn|[from] brn
|turn|50
|
|move|p2a: Chris Brown|Aqua Jet|p1a: Charizard
|-crit|p1a: Charizard
|-supereffective|p1a: Charizard
|-damage|p1a: Charizard|188\/335
|move|p1a: Charizard|Solar Beam|p2a: Chris Brown|[still]
|-prepare|p1a: Charizard|Solar Beam|p2a: Chris Brown
|-anim|p1a: Charizard|Solar Beam|p2a: Chris Brown
|-supereffective|p2a: Chris Brown
|-damage|p2a: Chris Brown|0 fnt
|faint|p2a: Chris Brown
|
|win|Andrewmon
|raw|Ladder updating...
|raw|Andrewmon's rating: 1641 &rarr; <strong>1661<\/strong><br \/>(+20 for winning)
|raw|fatd's rating: 1642 &rarr; <strong>1622<\/strong><br \/>(-20 for losing)
|leave|fatd
|c|âAndrewmon|gg