|join|fatd
|join|El Lechero PR
|player|p1|fatd|278
|player|p2|El Lechero PR|261
|gametype|singles
|gen|6
|tier|OU
|rated
|clearpoke
|poke|p1|Diancie
|poke|p1|Ditto
|poke|p1|Diggersby, F
|poke|p1|Rotom-Wash
|poke|p1|Skarmory, F
|poke|p1|Garchomp, M
|poke|p2|Chansey, F, shiny
|poke|p2|Gliscor, M
|poke|p2|Skarmory, M, shiny
|poke|p2|Rotom-Wash
|poke|p2|Latios, M
|poke|p2|Charizard, M
|rule|Swagger Clause: Swagger is banned
|rule|Baton Pass Clause: Limit one PokÃ©mon knowing Baton Pass
|rule|Sleep Clause Mod: Limit one foe put to sleep
|rule|Species Clause: Limit one of each PokÃ©mon
|rule|OHKO Clause: OHKO moves are banned
|rule|Moody Clause: Moody is banned
|rule|Evasion Moves Clause: Evasion moves are banned
|rule|Endless Battle Clause: Forcing endless battles is banned
|rule|HP Percentage Mod: HP is shown in percentages
|teampreview
|join|jenova997
|
|start
|switch|p1a: Joe Harris|Garchomp, M|357\/357
|switch|p2a: Latios|Latios, M|301\/301
|turn|1
|
|switch|p2a: La Lavadora|Rotom-Wash|303\/303
|move|p1a: Joe Harris|Dragon Claw|p2a: La Lavadora
|-damage|p2a: La Lavadora|207\/303
|
|-heal|p2a: La Lavadora|225\/303|[from] item: Leftovers
|turn|2
|
|switch|p1a: on Every team|Rotom-Wash|304\/304
|move|p2a: La Lavadora|Will-O-Wisp|p1a: on Every team
|-status|p1a: on Every team|brn
|
|-heal|p2a: La Lavadora|243\/303|[from] item: Leftovers
|-damage|p1a: on Every team|266\/304 brn|[from] brn
|turn|3
|
|move|p2a: La Lavadora|Volt Switch|p1a: on Every team
|-damage|p1a: on Every team|196\/304 brn
|
|switch|p2a: Latios|Latios, M|301\/301
|move|p1a: on Every team|Volt Switch|p2a: Latios
|-resisted|p2a: Latios
|-damage|p2a: Latios|263\/301
|
|switch|p1a: Beyonce|Diancie|241\/241
|
|turn|4
|c|âEl Lechero PR|LOL
|c|âEl Lechero PR|BEYONCE
|
|detailschange|p1a: Beyonce|Diancie-Mega
|-mega|p1a: Beyonce|Diancie|Diancite
|move|p2a: Latios|Surf|p1a: Beyonce
|-crit|p1a: Beyonce
|-supereffective|p1a: Beyonce
|-damage|p1a: Beyonce|0 fnt
|-damage|p2a: Latios|233\/301|[from] item: Life Orb
|faint|p1a: Beyonce
|
|
|switch|p1a: Joe Harris|Garchomp, M|357\/357
|turn|5
|
|switch|p2a: La Lavadora|Rotom-Wash|243\/303
|move|p1a: Joe Harris|Dragon Claw|p2a: La Lavadora
|-damage|p2a: La Lavadora|140\/303
|
|-heal|p2a: La Lavadora|158\/303|[from] item: Leftovers
|turn|6
|
|switch|p1a: on Every team|Rotom-Wash|196\/304 brn
|move|p2a: La Lavadora|Pain Split|p1a: on Every team
|-sethp|p1a: on Every team|177\/304 brn|p2a: La Lavadora|177\/303|[from] move: Pain Split
|
|-heal|p2a: La Lavadora|195\/303|[from] item: Leftovers
|-heal|p1a: on Every team|196\/304 brn|[from] item: Leftovers
|-damage|p1a: on Every team|158\/304 brn|[from] brn
|turn|7
|
|move|p2a: La Lavadora|Volt Switch|p1a: on Every team
|-damage|p1a: on Every team|86\/304 brn
|
|switch|p2a: Tu Nena Fichu|Chansey, F, shiny|642\/642
|move|p1a: on Every team|Pain Split|p2a: Tu Nena Fichu
|-sethp|p2a: Tu Nena Fichu|364\/642|p1a: on Every team|304\/304 brn|[from] move: Pain Split
|
|-damage|p1a: on Every team|266\/304 brn|[from] brn
|turn|8
|
|switch|p1a: youDigginMe|Diggersby, F|311\/311
|move|p2a: Tu Nena Fichu|Stealth Rock|p1a: youDigginMe
|-sidestart|p1: fatd|move: Stealth Rock
|
|turn|9
|
|switch|p2a: Gliscor|Gliscor, M|352\/352
|move|p1a: youDigginMe|Knock Off|p2a: Gliscor
|-damage|p2a: Gliscor|242\/352
|-enditem|p2a: Gliscor|Toxic Orb|[from] move: Knock Off|[of] p1a: youDigginMe
|-damage|p1a: youDigginMe|280\/311|[from] item: Life Orb
|
|turn|10
|
|switch|p1a: TalonSteel|Skarmory, F|333\/333
|-damage|p1a: TalonSteel|292\/333|[from] Stealth Rock
|move|p2a: Gliscor|Toxic|p1a: TalonSteel
|-fail|p1a: TalonSteel
|
|turn|11
|c|âEl Lechero PR|ima steal that nickname
|c|âEl Lechero PR|XD
|c|âfatd|what nickname?
|c|âEl Lechero PR|talonsteel XD
|
|switch|p2a: La Lavadora|Rotom-Wash|195\/303
|move|p1a: TalonSteel|Defog|p2a: La Lavadora
|-unboost|p2a: La Lavadora|evasion|1
|-sideend|p1: fatd|Stealth Rock|[from] move: Defog|[of] p1a: TalonSteel
|
|-heal|p2a: La Lavadora|213\/303|[from] item: Leftovers
|turn|12
|
|switch|p1a: on Every team|Rotom-Wash|266\/304 brn
|move|p2a: La Lavadora|Volt Switch|p1a: on Every team
|-damage|p1a: on Every team|197\/304 brn
|
|switch|p2a: Charizard|Charizard, M|333\/333
|
|-heal|p1a: on Every team|216\/304 brn|[from] item: Leftovers
|-damage|p1a: on Every team|178\/304 brn|[from] brn
|turn|13
|
|detailschange|p2a: Charizard|Charizard-Mega-X, M
|-mega|p2a: Charizard|Charizard|Charizardite X
|move|p2a: Charizard|Dragon Dance|p2a: Charizard
|-boost|p2a: Charizard|atk|1
|-boost|p2a: Charizard|spe|1
|move|p1a: on Every team|Volt Switch|p2a: Charizard
|-resisted|p2a: Charizard
|-damage|p2a: Charizard|285\/333
|
|switch|p1a: ANything you want|Ditto|299\/299
|-transform|p1a: ANything you want|p2a: Charizard
|
|turn|14
|
|switch|p2a: Gliscor|Gliscor, M|242\/352
|move|p1a: ANything you want|Dragon Claw|p2a: Gliscor
|-damage|p2a: Gliscor|41\/352
|
|turn|15
|
|move|p2a: Gliscor|Protect|p2a: Gliscor
|-singleturn|p2a: Gliscor|Protect
|move|p1a: ANything you want|Dragon Claw|p2a: Gliscor
|-activate|p2a: Gliscor|Protect
|
|turn|16
|
|switch|p1a: on Every team|Rotom-Wash|178\/304 brn
|switch|p2a: Plomo Papeh|Skarmory, M, shiny|334\/334
|
|-heal|p1a: on Every team|197\/304 brn|[from] item: Leftovers
|-damage|p1a: on Every team|159\/304 brn|[from] brn
|turn|17
|
|switch|p2a: Latios|Latios, M|233\/301
|move|p1a: on Every team|Volt Switch|p2a: Latios
|-resisted|p2a: Latios
|-damage|p2a: Latios|195\/301
|
|switch|p1a: Joe Harris|Garchomp, M|357\/357
|
|turn|18
|
|switch|p2a: La Lavadora|Rotom-Wash|213\/303
|move|p1a: Joe Harris|Dragon Claw|p2a: La Lavadora
|-damage|p2a: La Lavadora|111\/303
|
|-heal|p2a: La Lavadora|129\/303|[from] item: Leftovers
|turn|19
|
|move|p1a: Joe Harris|Dragon Claw|p2a: La Lavadora
|-damage|p2a: La Lavadora|36\/303
|move|p2a: La Lavadora|Hydro Pump|p1a: Joe Harris
|-damage|p1a: Joe Harris|179\/357
|
|-heal|p2a: La Lavadora|54\/303|[from] item: Leftovers
|turn|20
|
|switch|p2a: Plomo Papeh|Skarmory, M, shiny|334\/334
|move|p1a: Joe Harris|Dragon Claw|p2a: Plomo Papeh
|-resisted|p2a: Plomo Papeh
|-damage|p2a: Plomo Papeh|292\/334
|
|-heal|p2a: Plomo Papeh|312\/334|[from] item: Leftovers
|turn|21
|
|move|p1a: Joe Harris|Stealth Rock|p2a: Plomo Papeh
|-sidestart|p2: El Lechero PR|move: Stealth Rock
|move|p2a: Plomo Papeh|Brave Bird|p1a: Joe Harris
|-damage|p1a: Joe Harris|62\/357
|-damage|p2a: Plomo Papeh|271\/334|[from] ability: Rough Skin|[of] p1a: Joe Harris
|-damage|p2a: Plomo Papeh|232\/334|[from] recoil|[of] p1a: Joe Harris
|
|-heal|p2a: Plomo Papeh|252\/334|[from] item: Leftovers
|turn|22
|
|move|p1a: Joe Harris|Fire Blast|p2a: Plomo Papeh
|-supereffective|p2a: Plomo Papeh
|-damage|p2a: Plomo Papeh|62\/334
|move|p2a: Plomo Papeh|Defog|p1a: Joe Harris
|-unboost|p1a: Joe Harris|evasion|1
|-sideend|p2: El Lechero PR|Stealth Rock|[from] move: Defog|[of] p2a: Plomo Papeh
|
|-heal|p2a: Plomo Papeh|82\/334|[from] item: Leftovers
|turn|23
|
|switch|p2a: Gliscor|Gliscor, M|41\/352
|move|p1a: Joe Harris|Stealth Rock|p2a: Gliscor
|-sidestart|p2: El Lechero PR|move: Stealth Rock
|
|turn|24
|
|move|p1a: Joe Harris|Dragon Claw|p2a: Gliscor
|-damage|p2a: Gliscor|0 fnt
|faint|p2a: Gliscor
|
|
|switch|p2a: Latios|Latios, M|195\/301
|-damage|p2a: Latios|158\/301|[from] Stealth Rock
|turn|25
|
|switch|p1a: TalonSteel|Skarmory, F|292\/333
|move|p2a: Latios|Surf|p1a: TalonSteel
|-damage|p1a: TalonSteel|113\/333
|-damage|p2a: Latios|128\/301|[from] item: Life Orb
|
|turn|26
|
|move|p2a: Latios|Surf|p1a: TalonSteel
|-damage|p1a: TalonSteel|0 fnt
|-damage|p2a: Latios|98\/301|[from] item: Life Orb
|faint|p1a: TalonSteel
|
|
|switch|p1a: youDigginMe|Diggersby, F|280\/311
|turn|27
|
|switch|p2a: Plomo Papeh|Skarmory, M, shiny|82\/334
|-damage|p2a: Plomo Papeh|41\/334|[from] Stealth Rock
|move|p1a: youDigginMe|Quick Attack|p2a: Plomo Papeh
|-resisted|p2a: Plomo Papeh
|-damage|p2a: Plomo Papeh|7\/334
|-damage|p1a: youDigginMe|249\/311|[from] item: Life Orb
|
|-heal|p2a: Plomo Papeh|27\/334|[from] item: Leftovers
|turn|28
|
|move|p1a: youDigginMe|Return|p2a: Plomo Papeh
|-resisted|p2a: Plomo Papeh
|-damage|p2a: Plomo Papeh|0 fnt
|-damage|p1a: youDigginMe|218\/311|[from] item: Life Orb
|faint|p2a: Plomo Papeh
|
|
|switch|p2a: Charizard|Charizard-Mega-X, M|285\/333
|-damage|p2a: Charizard|202\/333|[from] Stealth Rock
|turn|29
|
|switch|p1a: Joe Harris|Garchomp, M|62\/357
|move|p2a: Charizard|Flare Blitz|p1a: Joe Harris
|-resisted|p1a: Joe Harris
|-damage|p1a: Joe Harris|0 fnt
|-damage|p2a: Charizard|161\/333|[from] ability: Rough Skin|[of] p1a: Joe Harris
|-damage|p2a: Charizard|141\/333|[from] recoil|[of] p1a: Joe Harris
|faint|p1a: Joe Harris
|
|
|switch|p1a: ANything you want|Ditto|299\/299
|-transform|p1a: ANything you want|p2a: Charizard
|turn|30
|
|move|p1a: ANything you want|Dragon Claw|p2a: Charizard
|-supereffective|p2a: Charizard
|-damage|p2a: Charizard|0 fnt
|faint|p2a: Charizard
|
|
|switch|p2a: Tu Nena Fichu|Chansey, F, shiny|364\/642
|-damage|p2a: Tu Nena Fichu|284\/642|[from] Stealth Rock
|turn|31
|
|switch|p1a: youDigginMe|Diggersby, F|218\/311
|move|p2a: Tu Nena Fichu|Soft-Boiled|p2a: Tu Nena Fichu
|-heal|p2a: Tu Nena Fichu|605\/642
|
|turn|32
|
|move|p1a: youDigginMe|Knock Off|p2a: Tu Nena Fichu
|-damage|p2a: Tu Nena Fichu|336\/642
|-enditem|p2a: Tu Nena Fichu|Eviolite|[from] move: Knock Off|[of] p1a: youDigginMe
|-damage|p1a: youDigginMe|187\/311|[from] item: Life Orb
|move|p2a: Tu Nena Fichu|Toxic|p1a: youDigginMe
|-status|p1a: youDigginMe|tox
|
|-damage|p1a: youDigginMe|168\/311 tox|[from] psn
|turn|33
|
|move|p1a: youDigginMe|Return|p2a: Tu Nena Fichu
|-damage|p2a: Tu Nena Fichu|0 fnt
|-damage|p1a: youDigginMe|137\/311 tox|[from] item: Life Orb
|faint|p2a: Tu Nena Fichu
|
|-damage|p1a: youDigginMe|99\/311 tox|[from] psn
|
|switch|p2a: Latios|Latios, M|98\/301
|-damage|p2a: Latios|61\/301|[from] Stealth Rock
|turn|34
|
|move|p1a: youDigginMe|Quick Attack|p2a: Latios
|-damage|p2a: Latios|0 fnt
|-damage|p1a: youDigginMe|68\/311 tox|[from] item: Life Orb
|faint|p2a: Latios
|
|-damage|p1a: youDigginMe|11\/311 tox|[from] psn
|-message|El Lechero PR forfeited.
|leave|El Lechero PR
|
|win|fatd
|raw|Ladder updating...
|player|p2