|join|fatd
|join|Boikachu
Boikachu made this room hidden.
|player|p1|fatd|278
|player|p2|Boikachu|23
|gametype|singles
|gen|6
|tier|OU
|rated
|clearpoke
|poke|p1|Terrakion
|poke|p1|Landorus, M
|poke|p1|Manaphy
|poke|p1|Thundurus, M
|poke|p1|Latios, M
|poke|p1|Metagross
|poke|p2|Mew
|poke|p2|Clefable, F
|poke|p2|Blissey, F, shiny
|poke|p2|Arcanine, M, shiny
|poke|p2|Forretress, F, shiny
|poke|p2|Sableye, M, shiny
|rule|Swagger Clause: Swagger is banned
|rule|Baton Pass Clause: Limit one PokÃ©mon knowing Baton Pass
|rule|Sleep Clause Mod: Limit one foe put to sleep
|rule|Species Clause: Limit one of each PokÃ©mon
|rule|OHKO Clause: OHKO moves are banned
|rule|Moody Clause: Moody is banned
|rule|Evasion Moves Clause: Evasion moves are banned
|rule|Endless Battle Clause: Forcing endless battles is banned
|rule|HP Percentage Mod: HP is shown in percentages
|teampreview
|
|start
|switch|p1a: Based God|Terrakion|323\/323
|switch|p2a: Stabilized|Sableye, M, shiny|304\/304
|turn|1
|
|switch|p1a: Based God|Landorus, M|319\/319
|detailschange|p2a: Stabilized|Sableye-Mega, M, shiny
|-mega|p2a: Stabilized|Sableye|Sablenite
|move|p2a: Stabilized|Confuse Ray|p1a: Based God
|-start|p1a: Based God|confusion
|
|turn|2
|
|-activate|p1a: Based God|confusion
|-damage|p1a: Based God|272\/319|[from] confusion
|move|p2a: Stabilized|Knock Off|p1a: Based God
|-damage|p1a: Based God|161\/319
|-enditem|p1a: Based God|Life Orb|[from] move: Knock Off|[of] p2a: Stabilized
|
|turn|3
|
|switch|p2a: Britney|Blissey, F, shiny|651\/651
|-activate|p1a: Based God|confusion
|move|p1a: Based God|Earth Power|p2a: Britney
|-damage|p2a: Britney|521\/651
|
|turn|4
|
|-activate|p1a: Based God|confusion
|move|p1a: Based God|Knock Off|p2a: Britney
|-damage|p2a: Britney|383\/651
|-enditem|p2a: Britney|Life Orb|[from] move: Knock Off|[of] p1a: Based God
|move|p2a: Britney|Stealth Rock|p1a: Based God
|-sidestart|p1: fatd|move: Stealth Rock
|
|turn|5
|
|-activate|p1a: Based God|confusion
|-damage|p1a: Based God|123\/319|[from] confusion
|move|p2a: Britney|Soft-Boiled|p2a: Britney
|-heal|p2a: Britney|651\/651
|
|turn|6
|
|switch|p1a: Based God|Latios, M|301\/301
|-damage|p1a: Based God|264\/301|[from] Stealth Rock
|move|p2a: Britney|Ice Beam|p1a: Based God
|-supereffective|p1a: Based God
|-damage|p1a: Based God|144\/301
|
|turn|7
|
|switch|p2a: Stabilized|Sableye-Mega, M, shiny|304\/304
|move|p1a: Based God|Defog|p2a: Stabilized
|move|p2a: Stabilized|Defog|p1a: Based God|[from]Magic Bounce
|-unboost|p1a: Based God|evasion|1
|-sideend|p1: fatd|Stealth Rock|[from] move: Defog|[of] p1a: Based God
|
|turn|8
|
|switch|p1a: Based God|Manaphy|341\/341
|move|p2a: Stabilized|Recover|p2a: Stabilized
|-fail|p2a: Stabilized
|
|turn|9
|
|move|p1a: Based God|Tail Glow|p1a: Based God
|-boost|p1a: Based God|spa|3
|move|p2a: Stabilized|Knock Off|p1a: Based God
|-damage|p1a: Based God|238\/341
|-enditem|p1a: Based God|Leftovers|[from] move: Knock Off|[of] p2a: Stabilized
|
|turn|10
|
|switch|p2a: Crusader|Clefable, F|391\/391
|move|p1a: Based God|Scald|p2a: Crusader
|-damage|p2a: Crusader|267\/391
|-status|p2a: Crusader|brn
|
|-damage|p2a: Crusader|219\/391 brn|[from] brn
|turn|11
|
|move|p1a: Based God|Scald|p2a: Crusader
|-crit|p2a: Crusader
|-damage|p2a: Crusader|27\/391 brn
|move|p2a: Crusader|Moonlight|p2a: Crusader
|-heal|p2a: Crusader|222\/391 brn
|
|-damage|p2a: Crusader|174\/391 brn|[from] brn
|turn|12
|
|switch|p1a: Based God|Metagross|301\/301
|move|p2a: Crusader|Moonlight|p2a: Crusader
|-heal|p2a: Crusader|369\/391 brn
|
|-damage|p2a: Crusader|321\/391 brn|[from] brn
|turn|13
|
|switch|p2a: Forests|Forretress, F, shiny|353\/353
|detailschange|p1a: Based God|Metagross-Mega
|-mega|p1a: Based God|Metagross|Metagrossite
|move|p1a: Based God|Meteor Mash|p2a: Forests|[miss]
|-miss|p1a: Based God|p2a: Forests
|
|turn|14
|
|move|p1a: Based God|Meteor Mash|p2a: Forests
|-resisted|p2a: Forests
|-damage|p2a: Forests|283\/353
|move|p2a: Forests|Reflect|p2a: Forests
|-sidestart|p2: Boikachu|Reflect
|
|-heal|p2a: Forests|305\/353|[from] item: Leftovers
|turn|15
|
|switch|p1a: Based God|Latios, M|144\/301
|move|p2a: Forests|Volt Switch|p1a: Based God
|-crit|p1a: Based God
|-resisted|p1a: Based God
|-damage|p1a: Based God|121\/301
|
|switch|p2a: Britney|Blissey, F, shiny|651\/651
|
|turn|16
|
|move|p1a: Based God|Psyshock|p2a: Britney
|-damage|p2a: Britney|314\/651
|-damage|p1a: Based God|91\/301|[from] item: Life Orb
|move|p2a: Britney|Light Screen|p2a: Britney
|-sidestart|p2: Boikachu|move: Light Screen
|
|turn|17
|
|move|p1a: Based God|Defog|p2a: Britney
|-unboost|p2a: Britney|evasion|1
|-sideend|p2: Boikachu|Reflect
|-sideend|p2: Boikachu|Reflect|[from] move: Defog|[of] p2a: Britney
|-sideend|p2: Boikachu|move: Light Screen
|-sideend|p2: Boikachu|Light Screen|[from] move: Defog|[of] p2a: Britney
|move|p2a: Britney|Soft-Boiled|p2a: Britney
|-heal|p2a: Britney|640\/651
|
|turn|18
|
|move|p1a: Based God|Psyshock|p2a: Britney
|-damage|p2a: Britney|309\/651
|-damage|p1a: Based God|61\/301|[from] item: Life Orb
|move|p2a: Britney|Ice Beam|p1a: Based God
|-supereffective|p1a: Based God
|-damage|p1a: Based God|0 fnt
|faint|p1a: Based God
|
|
|switch|p1a: Based God|Terrakion|323\/323
|turn|19
|
|switch|p2a: Stabilized|Sableye-Mega, M, shiny|304\/304
|move|p1a: Based God|Stone Edge|p2a: Stabilized
|-damage|p2a: Stabilized|174\/304
|
|turn|20
|
|switch|p1a: Based God|Landorus, M|123\/319
|move|p2a: Stabilized|Recover|p2a: Stabilized
|-heal|p2a: Stabilized|304\/304
|
|turn|21
|
|move|p1a: Based God|Earth Power|p2a: Stabilized
|-damage|p2a: Stabilized|174\/304
|move|p2a: Stabilized|Confuse Ray|p1a: Based God
|-start|p1a: Based God|confusion
|
|turn|22
|
|switch|p1a: Based God|Terrakion|323\/323
|move|p2a: Stabilized|Recover|p2a: Stabilized
|-heal|p2a: Stabilized|304\/304
|
|turn|23
|
|switch|p1a: Based God|Landorus, M|123\/319
|move|p2a: Stabilized|Night Shade|p1a: Based God
|-damage|p1a: Based God|23\/319
|
|turn|24
|
|switch|p1a: Based God|Metagross-Mega|301\/301
|move|p2a: Stabilized|Confuse Ray|p1a: Based God
|-start|p1a: Based God|confusion
|
|turn|25
|
|switch|p2a: Alkaline|Arcanine, M, shiny|383\/383
|-ability|p2a: Alkaline|Intimidate|[of] p1a: Based God
|-unboost|p1a: Based God|atk|1
|-activate|p1a: Based God|confusion
|-damage|p1a: Based God|278\/301|[from] confusion
|
|turn|26
|
|switch|p1a: Based God|Terrakion|323\/323
|move|p2a: Alkaline|Will-O-Wisp|p1a: Based God
|-status|p1a: Based God|brn
|
|-damage|p1a: Based God|283\/323 brn|[from] brn
|turn|27
|-message|fatd forfeited.
|leave|fatd
|
|win|Boikachu
|raw|Ladder updating...
|player|p1
|raw|fatd's rating: 1469 &rarr; <strong>1446<\/strong><br \/>(-23 for losing)
|raw|Boikachu's rating: 1420 &rarr; <strong>1443<\/strong><br \/>(+23 for winning)