|join|Merry Jewmas
|join|fatd
|player|p1|Merry Jewmas|72
|player|p2|fatd|278
|gametype|singles
|gen|6
|tier|OU (suspect test)
|rated
|clearpoke
|poke|p1|Diggersby, M
|poke|p1|Sableye, F
|poke|p1|Ferrothorn, F
|poke|p1|Azumarill, M
|poke|p1|Gengar, F
|poke|p1|Heatran, M
|poke|p2|Bisharp, M
|poke|p2|Latios, M
|poke|p2|Manectric, M
|poke|p2|Azumarill, M
|poke|p2|Landorus-Therian, M
|poke|p2|Staraptor, M
|rule|Swagger Clause: Swagger is banned
|rule|Baton Pass Clause: Limit one PokÃ©mon knowing Baton Pass
|rule|Sleep Clause Mod: Limit one foe put to sleep
|rule|Species Clause: Limit one of each PokÃ©mon
|rule|OHKO Clause: OHKO moves are banned
|rule|Moody Clause: Moody is banned
|rule|Evasion Moves Clause: Evasion moves are banned
|rule|Endless Battle Clause: Forcing endless battles is banned
|rule|HP Percentage Mod: HP is shown in percentages
|teampreview
|
|start
|switch|p1a: TRIPLE CHARIZARD|Heatran, M|385\/385
|switch|p2a: Chris Anderson|Staraptor, M|311\/311
|-item|p1a: TRIPLE CHARIZARD|Air Balloon
|turn|1
|
|switch|p1a: NEZMCNEZZA|Sableye, F|302\/302
|move|p2a: Chris Anderson|U-turn|p1a: NEZMCNEZZA
|-damage|p1a: NEZMCNEZZA|233\/302
|
|switch|p2a: Micheal Vick|Manectric, M|281\/281
|
|turn|2
|
|detailschange|p2a: Micheal Vick|Manectric-Mega, M
|-mega|p2a: Micheal Vick|Manectric|Manectite
|-ability|p2a: Micheal Vick|Intimidate|[of] p1a: NEZMCNEZZA
|-unboost|p1a: NEZMCNEZZA|atk|1
|move|p1a: NEZMCNEZZA|Calm Mind|p1a: NEZMCNEZZA
|-boost|p1a: NEZMCNEZZA|spa|1
|-boost|p1a: NEZMCNEZZA|spd|1
|move|p2a: Micheal Vick|Volt Switch|p1a: NEZMCNEZZA
|-damage|p1a: NEZMCNEZZA|113\/302
|
|switch|p2a: Chris Brown|Azumarill, M|403\/403
|
|turn|3
|
|detailschange|p1a: NEZMCNEZZA|Sableye-Mega, F
|-mega|p1a: NEZMCNEZZA|Sableye|Sablenite
|move|p1a: NEZMCNEZZA|Will-O-Wisp|p2a: Chris Brown
|-status|p2a: Chris Brown|brn
|move|p2a: Chris Brown|Play Rough|p1a: NEZMCNEZZA
|-supereffective|p1a: NEZMCNEZZA
|-damage|p1a: NEZMCNEZZA|0 fnt
|faint|p1a: NEZMCNEZZA
|
|-damage|p2a: Chris Brown|353\/403 brn|[from] brn
|
|switch|p1a: TAMALE|Ferrothorn, F|349\/349
|turn|4
|
|switch|p2a: Micheal Vick|Manectric-Mega, M|281\/281
|-ability|p2a: Micheal Vick|Intimidate|[of] p1a: TAMALE
|-unboost|p1a: TAMALE|atk|1
|move|p1a: TAMALE|Leech Seed|p2a: Micheal Vick
|-start|p2a: Micheal Vick|move: Leech Seed
|
|-damage|p2a: Micheal Vick|246\/281|[from] Leech Seed|[of] p1a: TAMALE
|turn|5
|
|move|p1a: TAMALE|Protect|p1a: TAMALE
|-singleturn|p1a: TAMALE|Protect
|move|p2a: Micheal Vick|Volt Switch|p1a: TAMALE
|-activate|p1a: TAMALE|Protect
|
|-damage|p2a: Micheal Vick|211\/281|[from] Leech Seed|[of] p1a: TAMALE
|turn|6
|
|switch|p1a: TRIPLE CHARIZARD|Heatran, M|385\/385
|-item|p1a: TRIPLE CHARIZARD|Air Balloon
|move|p2a: Micheal Vick|Volt Switch|p1a: TRIPLE CHARIZARD
|-damage|p1a: TRIPLE CHARIZARD|261\/385
|-enditem|p1a: TRIPLE CHARIZARD|Air Balloon
|
|switch|p2a: Ray Rice|Bisharp, M|271\/271
|
|turn|7
|
|move|p1a: TRIPLE CHARIZARD|Fire Blast|p2a: Ray Rice
|-crit|p2a: Ray Rice
|-supereffective|p2a: Ray Rice
|-damage|p2a: Ray Rice|0 fnt
|faint|p2a: Ray Rice
|
|
|switch|p2a: Johnny Manziel|Landorus-Therian, M|382\/382
|-ability|p2a: Johnny Manziel|Intimidate|[of] p1a: TRIPLE CHARIZARD
|-unboost|p1a: TRIPLE CHARIZARD|atk|1
|turn|8
|
|switch|p1a: TAMALE|Ferrothorn, F|349\/349
|move|p2a: Johnny Manziel|U-turn|p1a: TAMALE
|-damage|p1a: TAMALE|297\/349
|-damage|p2a: Johnny Manziel|335\/382|[from] ability: Iron Barbs|[of] p1a: TAMALE
|
|switch|p2a: Micheal Vick|Manectric-Mega, M|211\/281
|-ability|p2a: Micheal Vick|Intimidate|[of] p1a: TAMALE
|-unboost|p1a: TAMALE|atk|1
|
|-heal|p1a: TAMALE|318\/349|[from] item: Leftovers
|turn|9
|
|move|p1a: TAMALE|Protect|p1a: TAMALE
|-singleturn|p1a: TAMALE|Protect
|move|p2a: Micheal Vick|Volt Switch|p1a: TAMALE
|-activate|p1a: TAMALE|Protect
|
|-heal|p1a: TAMALE|339\/349|[from] item: Leftovers
|turn|10
|
|switch|p1a: TRIPLE CHARIZARD|Heatran, M|261\/385
|move|p2a: Micheal Vick|Flamethrower|p1a: TRIPLE CHARIZARD
|-start|p1a: TRIPLE CHARIZARD|ability: Flash Fire
|
|turn|11
|
|move|p2a: Micheal Vick|Volt Switch|p1a: TRIPLE CHARIZARD
|-damage|p1a: TRIPLE CHARIZARD|141\/385
|
|switch|p2a: Bill Cosby|Latios, M|301\/301
|move|p1a: TRIPLE CHARIZARD|Stealth Rock|p2a: Bill Cosby
|-sidestart|p2: fatd|move: Stealth Rock
|
|turn|12
|c|âMerry Jewmas|Est
|
|move|p2a: Bill Cosby|Defog|p1a: TRIPLE CHARIZARD
|-unboost|p1a: TRIPLE CHARIZARD|evasion|1
|-sideend|p2: fatd|Stealth Rock|[from] move: Defog|[of] p2a: Bill Cosby
|move|p1a: TRIPLE CHARIZARD|Flash Cannon|p2a: Bill Cosby
|-damage|p2a: Bill Cosby|195\/301
|-unboost|p2a: Bill Cosby|spd|1
|
|turn|13
|
|move|p2a: Bill Cosby|Draco Meteor|p1a: TRIPLE CHARIZARD
|-resisted|p1a: TRIPLE CHARIZARD
|-damage|p1a: TRIPLE CHARIZARD|0 fnt
|-unboost|p2a: Bill Cosby|spa|2
|-damage|p2a: Bill Cosby|165\/301|[from] item: Life Orb
|faint|p1a: TRIPLE CHARIZARD
|
|
|switch|p1a: HNNNNNNNNG|Azumarill, M|377\/377
|turn|14
|
|switch|p2a: Chris Brown|Azumarill, M|353\/403 brn
|move|p1a: HNNNNNNNNG|Play Rough|p2a: Chris Brown|[miss]
|-miss|p1a: HNNNNNNNNG|p2a: Chris Brown
|
|-damage|p2a: Chris Brown|303\/403 brn|[from] brn
|turn|15
|
|move|p1a: HNNNNNNNNG|Play Rough|p2a: Chris Brown
|-damage|p2a: Chris Brown|0 fnt
|faint|p2a: Chris Brown
|
|
|switch|p2a: Micheal Vick|Manectric-Mega, M|211\/281
|-ability|p2a: Micheal Vick|Intimidate|[of] p1a: HNNNNNNNNG
|-unboost|p1a: HNNNNNNNNG|atk|1
|turn|16
|
|switch|p1a: SHIZZ 2 DA SIXX|Diggersby, M|311\/311
|move|p2a: Micheal Vick|Volt Switch|p1a: SHIZZ 2 DA SIXX
|-immune|p1a: SHIZZ 2 DA SIXX|[msg]
|
|turn|17
|
|switch|p2a: Johnny Manziel|Landorus-Therian, M|335\/382
|-ability|p2a: Johnny Manziel|Intimidate|[of] p1a: SHIZZ 2 DA SIXX
|-unboost|p1a: SHIZZ 2 DA SIXX|atk|1
|move|p1a: SHIZZ 2 DA SIXX|Knock Off|p2a: Johnny Manziel
|-damage|p2a: Johnny Manziel|244\/382
|-enditem|p2a: Johnny Manziel|Leftovers|[from] move: Knock Off|[of] p1a: SHIZZ 2 DA SIXX
|-damage|p1a: SHIZZ 2 DA SIXX|280\/311|[from] item: Life Orb
|
|turn|18
|
|switch|p1a: TAMALE|Ferrothorn, F|339\/349
|move|p2a: Johnny Manziel|Stealth Rock|p1a: TAMALE
|-sidestart|p1: Merry Jewmas|move: Stealth Rock
|
|-heal|p1a: TAMALE|349\/349|[from] item: Leftovers
|turn|19
|
|move|p2a: Johnny Manziel|U-turn|p1a: TAMALE
|-damage|p1a: TAMALE|298\/349
|-damage|p2a: Johnny Manziel|197\/382|[from] ability: Iron Barbs|[of] p1a: TAMALE
|
|switch|p2a: Micheal Vick|Manectric-Mega, M|211\/281
|-ability|p2a: Micheal Vick|Intimidate|[of] p1a: TAMALE
|-unboost|p1a: TAMALE|atk|1
|move|p1a: TAMALE|Leech Seed|p2a: Micheal Vick|[miss]
|-miss|p1a: TAMALE|p2a: Micheal Vick
|
|-heal|p1a: TAMALE|319\/349|[from] item: Leftovers
|turn|20
|
|switch|p1a: HNNNNNNNNG|Azumarill, M|377\/377
|-damage|p1a: HNNNNNNNNG|330\/377|[from] Stealth Rock
|move|p2a: Micheal Vick|Flamethrower|p1a: HNNNNNNNNG
|-crit|p1a: HNNNNNNNNG
|-resisted|p1a: HNNNNNNNNG
|-damage|p1a: HNNNNNNNNG|232\/377
|
|turn|21
|
|move|p1a: HNNNNNNNNG|Aqua Jet|p2a: Micheal Vick
|-damage|p2a: Micheal Vick|57\/281
|move|p2a: Micheal Vick|Thunderbolt|p1a: HNNNNNNNNG
|-supereffective|p1a: HNNNNNNNNG
|-damage|p1a: HNNNNNNNNG|0 fnt
|faint|p1a: HNNNNNNNNG
|
|
|switch|p1a: SHIZZ 2 DA SIXX|Diggersby, M|280\/311
|-damage|p1a: SHIZZ 2 DA SIXX|261\/311|[from] Stealth Rock
|turn|22
|
|switch|p2a: Johnny Manziel|Landorus-Therian, M|197\/382
|-ability|p2a: Johnny Manziel|Intimidate|[of] p1a: SHIZZ 2 DA SIXX
|-unboost|p1a: SHIZZ 2 DA SIXX|atk|1
|move|p1a: SHIZZ 2 DA SIXX|Swords Dance|p1a: SHIZZ 2 DA SIXX
|-boost|p1a: SHIZZ 2 DA SIXX|atk|2
|
|turn|23
|
|move|p1a: SHIZZ 2 DA SIXX|Swords Dance|p1a: SHIZZ 2 DA SIXX
|-boost|p1a: SHIZZ 2 DA SIXX|atk|2
|move|p2a: Johnny Manziel|U-turn|p1a: SHIZZ 2 DA SIXX
|-damage|p1a: SHIZZ 2 DA SIXX|166\/311
|
|switch|p2a: Micheal Vick|Manectric-Mega, M|57\/281
|-ability|p2a: Micheal Vick|Intimidate|[of] p1a: SHIZZ 2 DA SIXX
|-unboost|p1a: SHIZZ 2 DA SIXX|atk|1
|
|turn|24
|
|switch|p2a: Johnny Manziel|Landorus-Therian, M|197\/382
|-ability|p2a: Johnny Manziel|Intimidate|[of] p1a: SHIZZ 2 DA SIXX
|-unboost|p1a: SHIZZ 2 DA SIXX|atk|1
|move|p1a: SHIZZ 2 DA SIXX|Swords Dance|p1a: SHIZZ 2 DA SIXX
|-boost|p1a: SHIZZ 2 DA SIXX|atk|2
|
|turn|25
|
|move|p1a: SHIZZ 2 DA SIXX|Knock Off|p2a: Johnny Manziel
|-damage|p2a: Johnny Manziel|0 fnt
|-damage|p1a: SHIZZ 2 DA SIXX|135\/311|[from] item: Life Orb
|faint|p2a: Johnny Manziel
|
|join|the412gang
|
|switch|p2a: Chris Anderson|Staraptor, M|311\/311
|turn|26
|
|move|p1a: SHIZZ 2 DA SIXX|Quick Attack|p2a: Chris Anderson
|-damage|p2a: Chris Anderson|0 fnt
|-damage|p1a: SHIZZ 2 DA SIXX|104\/311|[from] item: Life Orb
|faint|p2a: Chris Anderson
|
|c| the412gang|that nickname tho :o
|c|âMerry Jewmas|W- whose?
|
|switch|p2a: Micheal Vick|Manectric-Mega, M|57\/281
|-ability|p2a: Micheal Vick|Intimidate|[of] p1a: SHIZZ 2 DA SIXX
|-unboost|p1a: SHIZZ 2 DA SIXX|atk|1
|turn|27
|c| the412gang|NOOOOO BIRDMAN
|c|âfatd|welp
|
|move|p1a: SHIZZ 2 DA SIXX|Quick Attack|p2a: Micheal Vick
|-damage|p2a: Micheal Vick|0 fnt
|-damage|p1a: SHIZZ 2 DA SIXX|73\/311|[from] item: Life Orb
|faint|p2a: Micheal Vick
|
|c|âMerry Jewmas|gg
|c|âfatd|g
|c|âfatd|gg
|
|switch|p2a: Bill Cosby|Latios, M|165\/301
|turn|28
|c|âMerry Jewmas|Thought I lost once I missed leech
|
|move|p1a: SHIZZ 2 DA SIXX|Quick Attack|p2a: Bill Cosby
|-damage|p2a: Bill Cosby|0 fnt
|-damage|p1a: SHIZZ 2 DA SIXX|42\/311|[from] item: Life Orb
|faint|p2a: Bill Cosby
|
|win|Merry Jewmas
|raw|Ladder updating...
|raw|Merry Jewmas's rating: 1385 &rarr; <strong>1399<\/strong><br \/>(+14 for winning)
|raw|fatd's rating: 1266 &rarr; <strong>1249<\/strong><br \/>(-17 for losing)
|leave|fatd
|player|p2
|leave|the412gang