|join|MegaRango
|join|Tyty307
|player|p1|MegaRango|2
|player|p2|Tyty307|2
|gametype|singles
|gen|6
|tier|UU
|rated
|rule|Sleep Clause Mod: Limit one foe put to sleep
|rule|Species Clause: Limit one of each PokÃ©mon
|rule|OHKO Clause: OHKO moves are banned
|rule|Moody Clause: Moody is banned
|rule|Evasion Moves Clause: Evasion moves are banned
|rule|Endless Battle Clause: Forcing endless battles is banned
|rule|HP Percentage Mod: HP is shown in percentages
|clearpoke
|poke|p1|Sceptile, F
|poke|p1|Gligar, M
|poke|p1|Cofagrigus, F
|poke|p1|Umbreon, F
|poke|p1|Quagsire, F
|poke|p1|Chandelure, M, shiny
|poke|p2|Zygarde
|poke|p2|Rotom-Heat
|poke|p2|Beedrill, F
|poke|p2|Jirachi
|poke|p2|Donphan, M
|poke|p2|Chandelure, M
|rule|Swagger Clause: Swagger is banned
|rule|Baton Pass Clause: Limit one PokÃ©mon knowing Baton Pass
|teampreview
|
|start
|switch|p1a: Cofagrigus 0.91|Cofagrigus, F|319\/319
|switch|p2a: Chandelure|Chandelure, M|262\/262
|turn|1
|
|switch|p1a: Gligar 4.58|Gligar, M|334\/334
|move|p2a: Chandelure|Shadow Ball|p1a: Gligar 4.58
|-damage|p1a: Gligar 4.58|246\/334
|
|turn|2
|
|switch|p2a: Jirachi|Jirachi|404\/404
|move|p1a: Gligar 4.58|Stealth Rock|p2a: Jirachi
|-sidestart|p2: Tyty307|move: Stealth Rock
|
|turn|3
|
|switch|p1a: Chandelure 10.6|Chandelure, M, shiny|261\/261
|move|p2a: Jirachi|Stealth Rock|p1a: Chandelure 10.6
|-sidestart|p1: MegaRango|move: Stealth Rock
|
|turn|4
|
|move|p1a: Chandelure 10.6|Trick|p2a: Jirachi
|-activate|p1a: Chandelure 10.6|move: Trick|[of] p2a: Jirachi
|-item|p2a: Jirachi|Choice Scarf|[from] move: Trick
|-item|p1a: Chandelure 10.6|Leftovers|[from] move: Trick
|move|p2a: Jirachi|Thunder Wave|p1a: Chandelure 10.6
|-status|p1a: Chandelure 10.6|par
|
|turn|5
|
|switch|p2a: Donphan|Donphan, M|384\/384
|-damage|p2a: Donphan|360\/384|[from] Stealth Rock
|move|p1a: Chandelure 10.6|Shadow Ball|p2a: Donphan
|-damage|p2a: Donphan|201\/384
|
|turn|6
|
|move|p2a: Donphan|Knock Off|p1a: Chandelure 10.6
|-crit|p1a: Chandelure 10.6
|-supereffective|p1a: Chandelure 10.6
|-damage|p1a: Chandelure 10.6|0 fnt
|-enditem|p1a: Chandelure 10.6|Leftovers|[from] move: Knock Off|[of] p2a: Donphan
|faint|p1a: Chandelure 10.6
|
|
|switch|p1a: Sceptile 2.72|Sceptile, F|281\/281
|-damage|p1a: Sceptile 2.72|246\/281|[from] Stealth Rock
|turn|7
|
|switch|p2a: Jirachi|Jirachi|404\/404
|-damage|p2a: Jirachi|379\/404|[from] Stealth Rock
|detailschange|p1a: Sceptile 2.72|Sceptile-Mega, F
|message|Sceptile has Mega Evolved into Mega Sceptile!
|move|p1a: Sceptile 2.72|Leaf Blade|p2a: Jirachi
|-crit|p2a: Jirachi
|-resisted|p2a: Jirachi
|-damage|p2a: Jirachi|272\/404
|
|turn|8
|
|switch|p1a: Quagsire 2.92|Quagsire, F|394\/394
|-damage|p1a: Quagsire 2.92|370\/394|[from] Stealth Rock
|move|p2a: Jirachi|Iron Head|p1a: Quagsire 2.92
|-resisted|p1a: Quagsire 2.92
|-damage|p1a: Quagsire 2.92|334\/394
|
|-heal|p1a: Quagsire 2.92|358\/394|[from] item: Leftovers
|turn|9
|
|switch|p2a: Rotom-Heat|Rotom-Heat|304\/304
|-damage|p2a: Rotom-Heat|228\/304|[from] Stealth Rock
|move|p1a: Quagsire 2.92|Scald|p2a: Rotom-Heat
|-supereffective|p2a: Rotom-Heat
|-damage|p2a: Rotom-Heat|130\/304
|
|-heal|p2a: Rotom-Heat|149\/304|[from] item: Leftovers
|-heal|p1a: Quagsire 2.92|382\/394|[from] item: Leftovers
|turn|10
|
|switch|p1a: Gligar 4.58|Gligar, M|246\/334
|-damage|p1a: Gligar 4.58|205\/334|[from] Stealth Rock
|move|p2a: Rotom-Heat|Will-O-Wisp|p1a: Gligar 4.58
|-status|p1a: Gligar 4.58|brn
|
|-heal|p2a: Rotom-Heat|168\/304|[from] item: Leftovers
|-damage|p1a: Gligar 4.58|164\/334 brn|[from] brn
|turn|11
|
|switch|p2a: Donphan|Donphan, M|201\/384
|-damage|p2a: Donphan|177\/384|[from] Stealth Rock
|move|p1a: Gligar 4.58|Roost|p1a: Gligar 4.58
|-heal|p1a: Gligar 4.58|331\/334 brn
|
|-damage|p1a: Gligar 4.58|290\/334 brn|[from] brn
|turn|12
|
|move|p1a: Gligar 4.58|Defog|p2a: Donphan
|-unboost|p2a: Donphan|evasion|1
|-sideend|p2: Tyty307|Stealth Rock|[from] move: Defog|[of] p2a: Donphan
|-sideend|p1: MegaRango|Stealth Rock|[from] move: Defog|[of] p1a: Gligar 4.58
|move|p2a: Donphan|Knock Off|p1a: Gligar 4.58
|-damage|p1a: Gligar 4.58|210\/334 brn
|-enditem|p1a: Gligar 4.58|Eviolite|[from] move: Knock Off|[of] p2a: Donphan
|
|-damage|p1a: Gligar 4.58|169\/334 brn|[from] brn
|turn|13
|
|move|p1a: Gligar 4.58|Stealth Rock|p2a: Donphan
|-sidestart|p2: Tyty307|move: Stealth Rock
|move|p2a: Donphan|Rapid Spin|p1a: Gligar 4.58
|-damage|p1a: Gligar 4.58|143\/334 brn
|-sideend|p2: Tyty307|Stealth Rock|[from] move: Rapid Spin|[of] p2a: Donphan
|
|-damage|p1a: Gligar 4.58|102\/334 brn|[from] brn
|turn|14
|
|switch|p1a: Umbreon 6.92|Umbreon, F|394\/394
|move|p2a: Donphan|Rapid Spin|p1a: Umbreon 6.92
|-damage|p1a: Umbreon 6.92|370\/394
|
|-heal|p1a: Umbreon 6.92|394\/394|[from] item: Leftovers
|turn|15
|
|move|p1a: Umbreon 6.92|Heal Bell|p1a: Umbreon 6.92
|-cureteam|p1a: Umbreon 6.92|[from] move: HealBell
|move|p2a: Donphan|Knock Off|p1a: Umbreon 6.92
|-resisted|p1a: Umbreon 6.92
|-damage|p1a: Umbreon 6.92|339\/394
|-enditem|p1a: Umbreon 6.92|Leftovers|[from] move: Knock Off|[of] p2a: Donphan
|
|turn|16
|
|switch|p2a: Rotom-Heat|Rotom-Heat|168\/304
|move|p1a: Umbreon 6.92|Wish|p1a: Umbreon 6.92
|
|-heal|p2a: Rotom-Heat|187\/304|[from] item: Leftovers
|turn|17
|
|switch|p1a: Gligar 4.58|Gligar, M|102\/334
|move|p2a: Rotom-Heat|Will-O-Wisp|p1a: Gligar 4.58
|-status|p1a: Gligar 4.58|brn
|
|-heal|p1a: Gligar 4.58|299\/334 brn|[from] move: Wish|[wisher] Umbreon 6.92
|-heal|p2a: Rotom-Heat|206\/304|[from] item: Leftovers
|-damage|p1a: Gligar 4.58|258\/334 brn|[from] brn
|turn|18
|
|move|p2a: Rotom-Heat|Overheat|p1a: Gligar 4.58
|-damage|p1a: Gligar 4.58|102\/334 brn
|-unboost|p2a: Rotom-Heat|spa|2
|move|p1a: Gligar 4.58|Stealth Rock|p2a: Rotom-Heat
|-sidestart|p2: Tyty307|move: Stealth Rock
|
|-heal|p2a: Rotom-Heat|225\/304|[from] item: Leftovers
|-damage|p1a: Gligar 4.58|61\/334 brn|[from] brn
|turn|19
|
|switch|p2a: Jirachi|Jirachi|272\/404
|-damage|p2a: Jirachi|247\/404|[from] Stealth Rock
|move|p1a: Gligar 4.58|Roost|p1a: Gligar 4.58
|-heal|p1a: Gligar 4.58|228\/334 brn
|
|-damage|p1a: Gligar 4.58|187\/334 brn|[from] brn
|turn|20
|
|switch|p1a: Cofagrigus 0.91|Cofagrigus, F|319\/319
|move|p2a: Jirachi|Stealth Rock|p1a: Cofagrigus 0.91
|-sidestart|p1: MegaRango|move: Stealth Rock
|
|turn|21
|
|switch|p2a: Rotom-Heat|Rotom-Heat|225\/304
|-damage|p2a: Rotom-Heat|149\/304|[from] Stealth Rock
|move|p1a: Cofagrigus 0.91|Shadow Ball|p2a: Rotom-Heat
|-damage|p2a: Rotom-Heat|91\/304
|
|-heal|p2a: Rotom-Heat|110\/304|[from] item: Leftovers
|turn|22
|
|move|p2a: Rotom-Heat|Pain Split|p1a: Cofagrigus 0.91
|-sethp|p1a: Cofagrigus 0.91|214\/319|p2a: Rotom-Heat|214\/304|[from] move: Pain Split
|move|p1a: Cofagrigus 0.91|Shadow Ball|p2a: Rotom-Heat
|-damage|p2a: Rotom-Heat|156\/304
|
|-heal|p2a: Rotom-Heat|175\/304|[from] item: Leftovers
|-heal|p1a: Cofagrigus 0.91|233\/319|[from] item: Leftovers
|turn|23
|
|move|p2a: Rotom-Heat|Will-O-Wisp|p1a: Cofagrigus 0.91|[miss]
|-miss|p2a: Rotom-Heat|p1a: Cofagrigus 0.91
|move|p1a: Cofagrigus 0.91|Shadow Ball|p2a: Rotom-Heat
|-damage|p2a: Rotom-Heat|108\/304
|
|-heal|p2a: Rotom-Heat|127\/304|[from] item: Leftovers
|-heal|p1a: Cofagrigus 0.91|252\/319|[from] item: Leftovers
|turn|24
|
|move|p2a: Rotom-Heat|Will-O-Wisp|p1a: Cofagrigus 0.91
|-status|p1a: Cofagrigus 0.91|brn
|move|p1a: Cofagrigus 0.91|Shadow Ball|p2a: Rotom-Heat
|-damage|p2a: Rotom-Heat|60\/304
|
|-heal|p2a: Rotom-Heat|79\/304|[from] item: Leftovers
|-heal|p1a: Cofagrigus 0.91|271\/319 brn|[from] item: Leftovers
|-damage|p1a: Cofagrigus 0.91|232\/319 brn|[from] brn
|turn|25
|
|move|p2a: Rotom-Heat|Pain Split|p1a: Cofagrigus 0.91
|-sethp|p1a: Cofagrigus 0.91|155\/319 brn|p2a: Rotom-Heat|155\/304|[from] move: Pain Split
|move|p1a: Cofagrigus 0.91|Shadow Ball|p2a: Rotom-Heat
|-damage|p2a: Rotom-Heat|95\/304
|
|-heal|p2a: Rotom-Heat|114\/304|[from] item: Leftovers
|-heal|p1a: Cofagrigus 0.91|174\/319 brn|[from] item: Leftovers
|-damage|p1a: Cofagrigus 0.91|135\/319 brn|[from] brn
|turn|26
|
|move|p2a: Rotom-Heat|Overheat|p1a: Cofagrigus 0.91|[miss]
|-miss|p2a: Rotom-Heat|p1a: Cofagrigus 0.91
|move|p1a: Cofagrigus 0.91|Shadow Ball|p2a: Rotom-Heat
|-damage|p2a: Rotom-Heat|47\/304
|
|-heal|p2a: Rotom-Heat|66\/304|[from] item: Leftovers
|-heal|p1a: Cofagrigus 0.91|154\/319 brn|[from] item: Leftovers
|-damage|p1a: Cofagrigus 0.91|115\/319 brn|[from] brn
|turn|27
|
|move|p2a: Rotom-Heat|Volt Switch|p1a: Cofagrigus 0.91
|-damage|p1a: Cofagrigus 0.91|30\/319 brn
|
|switch|p2a: Jirachi|Jirachi|247\/404
|-damage|p2a: Jirachi|222\/404|[from] Stealth Rock
|move|p1a: Cofagrigus 0.91|Shadow Ball|p2a: Jirachi
|-supereffective|p2a: Jirachi
|-damage|p2a: Jirachi|84\/404
|
|-heal|p1a: Cofagrigus 0.91|49\/319 brn|[from] item: Leftovers
|-damage|p1a: Cofagrigus 0.91|10\/319 brn|[from] brn
|turn|28
|
|move|p2a: Jirachi|Iron Head|p1a: Cofagrigus 0.91
|-damage|p1a: Cofagrigus 0.91|0 fnt
|-endability|p2a: Jirachi|serenegrace|[from] Mummy
|-ability|p2a: Jirachi|Mummy|[from] Mummy
|faint|p1a: Cofagrigus 0.91
|
|
|switch|p1a: Umbreon 6.92|Umbreon, F|339\/394
|-damage|p1a: Umbreon 6.92|290\/394|[from] Stealth Rock
|turn|29
|
|switch|p2a: Donphan|Donphan, M|177\/384
|-damage|p2a: Donphan|153\/384|[from] Stealth Rock
|move|p1a: Umbreon 6.92|Foul Play|p2a: Donphan
|-damage|p2a: Donphan|0 fnt
|faint|p2a: Donphan
|
|
|switch|p2a: Beedrill|Beedrill, F|272\/272
|-damage|p2a: Beedrill|204\/272|[from] Stealth Rock
|turn|30
|
|switch|p1a: Gligar 4.58|Gligar, M|187\/334 brn
|-damage|p1a: Gligar 4.58|146\/334 brn|[from] Stealth Rock
|detailschange|p2a: Beedrill|Beedrill-Mega, F
|message|Beedrill has Mega Evolved into Mega Beedrill!
|move|p2a: Beedrill|U-turn|p1a: Gligar 4.58
|-resisted|p1a: Gligar 4.58
|-damage|p1a: Gligar 4.58|60\/334 brn
|
|switch|p2a: Zygarde|Zygarde|419\/419
|-damage|p2a: Zygarde|393\/419|[from] Stealth Rock
|-ability|p2a: Zygarde|Aura Break
|
|-heal|p2a: Zygarde|419\/419|[from] item: Leftovers
|-damage|p1a: Gligar 4.58|19\/334 brn|[from] brn
|turn|31
|
|move|p2a: Zygarde|Substitute|p2a: Zygarde
|-start|p2a: Zygarde|Substitute
|-damage|p2a: Zygarde|315\/419
|move|p1a: Gligar 4.58|Earthquake|p2a: Zygarde
|-activate|p2a: Zygarde|Substitute|[damage]
|
|-heal|p2a: Zygarde|341\/419|[from] item: Leftovers
|-damage|p1a: Gligar 4.58|0 fnt|[from] brn
|faint|p1a: Gligar 4.58
|
|switch|p1a: Quagsire 2.92|Quagsire, F|382\/394
|-damage|p1a: Quagsire 2.92|358\/394|[from] Stealth Rock
|turn|32
|
|move|p2a: Zygarde|Coil|p2a: Zygarde
|-boost|p2a: Zygarde|atk|1
|-boost|p2a: Zygarde|def|1
|-boost|p2a: Zygarde|accuracy|1
|move|p1a: Quagsire 2.92|Scald|p2a: Zygarde
|-activate|p2a: Zygarde|Substitute|[damage]
|
|-heal|p2a: Zygarde|367\/419|[from] item: Leftovers
|-heal|p1a: Quagsire 2.92|382\/394|[from] item: Leftovers
|turn|33
|
|move|p2a: Zygarde|Coil|p2a: Zygarde
|-boost|p2a: Zygarde|atk|1
|-boost|p2a: Zygarde|def|1
|-boost|p2a: Zygarde|accuracy|1
|move|p1a: Quagsire 2.92|Curse|p1a: Quagsire 2.92
|-boost|p1a: Quagsire 2.92|atk|1
|-boost|p1a: Quagsire 2.92|def|1
|-unboost|p1a: Quagsire 2.92|spe|1
|
|-heal|p2a: Zygarde|393\/419|[from] item: Leftovers
|-heal|p1a: Quagsire 2.92|394\/394|[from] item: Leftovers
|turn|34
|
|move|p2a: Zygarde|Coil|p2a: Zygarde
|-boost|p2a: Zygarde|atk|1
|-boost|p2a: Zygarde|def|1
|-boost|p2a: Zygarde|accuracy|1
|move|p1a: Quagsire 2.92|Scald|p2a: Zygarde
|-end|p2a: Zygarde|Substitute
|
|-heal|p2a: Zygarde|419\/419|[from] item: Leftovers
|turn|35
|
|move|p2a: Zygarde|Substitute|p2a: Zygarde
|-start|p2a: Zygarde|Substitute
|-damage|p2a: Zygarde|315\/419
|move|p1a: Quagsire 2.92|Earthquake|p2a: Zygarde
|-end|p2a: Zygarde|Substitute
|
|-heal|p2a: Zygarde|341\/419|[from] item: Leftovers
|turn|36
|
|move|p1a: Quagsire 2.92|Earthquake|p2a: Zygarde
|-damage|p2a: Zygarde|212\/419
|move|p2a: Zygarde|Dragon Tail|p1a: Quagsire 2.92
|-damage|p1a: Quagsire 2.92|358\/394
|drag|p1a: Umbreon 6.92|Umbreon, F|290\/394
|-damage|p1a: Umbreon 6.92|241\/394|[from] Stealth Rock
|
|-heal|p2a: Zygarde|238\/419|[from] item: Leftovers
|turn|37
|
|switch|p1a: Quagsire 2.92|Quagsire, F|358\/394
|-damage|p1a: Quagsire 2.92|334\/394|[from] Stealth Rock
|move|p2a: Zygarde|Earthquake|p1a: Quagsire 2.92
|-damage|p1a: Quagsire 2.92|241\/394
|
|-heal|p2a: Zygarde|264\/419|[from] item: Leftovers
|-heal|p1a: Quagsire 2.92|265\/394|[from] item: Leftovers
|turn|38
|
|move|p2a: Zygarde|Substitute|p2a: Zygarde
|-start|p2a: Zygarde|Substitute
|-damage|p2a: Zygarde|160\/419
|move|p1a: Quagsire 2.92|Recover|p1a: Quagsire 2.92
|-heal|p1a: Quagsire 2.92|394\/394
|
|-heal|p2a: Zygarde|186\/419|[from] item: Leftovers
|turn|39
|
|move|p1a: Quagsire 2.92|Scald|p2a: Zygarde
|-activate|p2a: Zygarde|Substitute|[damage]
|move|p2a: Zygarde|Dragon Tail|p1a: Quagsire 2.92|[miss]
|-miss|p2a: Zygarde|p1a: Quagsire 2.92
|
|-heal|p2a: Zygarde|212\/419|[from] item: Leftovers
|turn|40
|c|âTyty307|whywhywhy am i missing when i have acc boost
|c|âTyty307|i guess unaware
|
|move|p1a: Quagsire 2.92|Earthquake|p2a: Zygarde
|-end|p2a: Zygarde|Substitute
|move|p2a: Zygarde|Dragon Tail|p1a: Quagsire 2.92
|-damage|p1a: Quagsire 2.92|340\/394
|drag|p1a: Sceptile 2.72|Sceptile-Mega, F|246\/281
|-damage|p1a: Sceptile 2.72|211\/281|[from] Stealth Rock
|
|-heal|p2a: Zygarde|238\/419|[from] item: Leftovers
|turn|41
|
|switch|p2a: Rotom-Heat|Rotom-Heat|66\/304
|-damage|p2a: Rotom-Heat|0 fnt|[from] Stealth Rock
|faint|p2a: Rotom-Heat
|move|p1a: Sceptile 2.72|Dragon Claw|p2: Rotom-Heat|[notarget]
|-notarget
|
|
|switch|p2a: Beedrill|Beedrill-Mega, F|204\/272
|-damage|p2a: Beedrill|136\/272|[from] Stealth Rock
|turn|42
|
|move|p1a: Sceptile 2.72|Dragon Claw|p2a: Beedrill
|-damage|p2a: Beedrill|0 fnt
|faint|p2a: Beedrill
|
|
|switch|p2a: Chandelure|Chandelure, M|262\/262
|-damage|p2a: Chandelure|197\/262|[from] Stealth Rock
|turn|43
|
|move|p1a: Sceptile 2.72|Earthquake|p2a: Chandelure
|-supereffective|p2a: Chandelure
|-damage|p2a: Chandelure|0 fnt
|faint|p2a: Chandelure
|
|-message|Tyty307 forfeited.
|
|win|MegaRango
|raw|Ladder updating...
|leave|Tyty307
|player|p2
|raw|MegaRango's rating: 1385 &rarr; <strong>1407<\/strong><br \/>(+22 for winning)
|raw|Tyty307's rating: 1416 &rarr; <strong>1394<\/strong><br \/>(-22 for losing)