|join|Tyty307
|join|I do ok
|player|p1|Tyty307|170
|player|p2|I do ok|250
|gametype|singles
|gen|6
|tier|UU
|rated
|rule|Sleep Clause Mod: Limit one foe put to sleep
|rule|Species Clause: Limit one of each PokÃ©mon
|rule|OHKO Clause: OHKO moves are banned
|rule|Moody Clause: Moody is banned
|rule|Evasion Moves Clause: Evasion moves are banned
|rule|Endless Battle Clause: Forcing endless battles is banned
|rule|HP Percentage Mod: HP is shown in percentages
|clearpoke
|poke|p1|Gallade, M
|poke|p1|Forretress, F
|poke|p1|Swampert, F
|poke|p1|Hydreigon, M
|poke|p1|Chandelure, M
|poke|p1|Raikou
|poke|p2|Hydreigon, M
|poke|p2|Staraptor, M
|poke|p2|Lucario, M
|poke|p2|Volcarona, F
|poke|p2|Blastoise, M
|poke|p2|Jirachi
|rule|Swagger Clause: Swagger is banned
|rule|Baton Pass Clause: Limit one PokÃ©mon knowing Baton Pass
|teampreview
|
|start
|switch|p1a: Hydreigon|Hydreigon, M|325\/325
|switch|p2a: Volcarona|Volcarona, F|373\/373
|turn|1
|
|move|p1a: Hydreigon|U-turn|p2a: Volcarona
|-resisted|p2a: Volcarona
|-damage|p2a: Volcarona|341\/373
|-status|p1a: Hydreigon|brn
|
|switch|p1a: Chandelure|Chandelure, M|261\/261
|-item|p1a: Chandelure|Air Balloon
|move|p2a: Volcarona|Quiver Dance|p2a: Volcarona
|-boost|p2a: Volcarona|spa|1
|-boost|p2a: Volcarona|spd|1
|-boost|p2a: Volcarona|spe|1
|
|-heal|p2a: Volcarona|364\/373|[from] item: Leftovers
|turn|2
|
|move|p2a: Volcarona|Bug Buzz|p1a: Chandelure
|-resisted|p1a: Chandelure
|-damage|p1a: Chandelure|201\/261
|-enditem|p1a: Chandelure|Air Balloon
|move|p1a: Chandelure|Fire Blast|p2a: Volcarona|[miss]
|-miss|p1a: Chandelure|p2a: Volcarona
|
|-heal|p2a: Volcarona|373\/373|[from] item: Leftovers
|turn|3
|
|move|p2a: Volcarona|Quiver Dance|p2a: Volcarona
|-boost|p2a: Volcarona|spa|1
|-boost|p2a: Volcarona|spd|1
|-boost|p2a: Volcarona|spe|1
|move|p1a: Chandelure|Fire Blast|p2a: Volcarona
|-damage|p2a: Volcarona|267\/373
|
|-heal|p2a: Volcarona|290\/373|[from] item: Leftovers
|turn|4
|
|switch|p1a: Swampert|Swampert, F|404\/404
|move|p2a: Volcarona|Quiver Dance|p2a: Volcarona
|-boost|p2a: Volcarona|spa|1
|-boost|p2a: Volcarona|spd|1
|-boost|p2a: Volcarona|spe|1
|
|-heal|p2a: Volcarona|313\/373|[from] item: Leftovers
|turn|5
|
|move|p2a: Volcarona|Giga Drain|p1a: Swampert
|-crit|p1a: Swampert
|-supereffective|p1a: Swampert
|-damage|p1a: Swampert|0 fnt
|-heal|p2a: Volcarona|373\/373|[from] drain|[of] p1a: Swampert
|faint|p1a: Swampert
|
|-message|Tyty307 forfeited.
|
|win|I do ok
|raw|Ladder updating...
|leave|Tyty307
|player|p1
|raw|Tyty307's rating: 1152 &rarr; <strong>1133<\/strong><br \/>(-19 for losing)
|raw|I do ok's rating: 1235 &rarr; <strong>1254<\/strong><br \/>(+19 for winning)