|join|Tyty307
|join|LivingTarget
|player|p1|Tyty307|2
|player|p2|LivingTarget|238
|gametype|singles
|gen|6
|tier|UU
|rated
|rule|Sleep Clause Mod: Limit one foe put to sleep
|rule|Species Clause: Limit one of each PokÃ©mon
|rule|OHKO Clause: OHKO moves are banned
|rule|Moody Clause: Moody is banned
|rule|Evasion Moves Clause: Evasion moves are banned
|rule|Endless Battle Clause: Forcing endless battles is banned
|rule|HP Percentage Mod: HP is shown in percentages
|clearpoke
|poke|p1|Forretress, M
|poke|p1|Florges, F
|poke|p1|Haxorus, F
|poke|p1|Mienshao, F
|poke|p1|Abomasnow, M
|poke|p1|Raikou
|poke|p2|Lopunny, F
|poke|p2|Trevenant, F
|poke|p2|Nidoking, M
|poke|p2|Jirachi
|poke|p2|Chandelure, F
|poke|p2|Tentacruel, F
|rule|Swagger Clause: Swagger is banned
|rule|Baton Pass Clause: Limit one PokÃ©mon knowing Baton Pass
|teampreview
|
|start
|switch|p1a: Yeti|Abomasnow, M|321\/321
|switch|p2a: Trevenant|Trevenant, F|366\/366
|-weather|Hail
|turn|1
|
|switch|p2a: Chandelure|Chandelure, F|262\/262
|detailschange|p1a: Yeti|Abomasnow-Mega, M
|message|Abomasnow has Mega Evolved into Mega Abomasnow!
|move|p1a: Yeti|Earthquake|p2a: Chandelure
|-supereffective|p2a: Chandelure
|-damage|p2a: Chandelure|12\/262
|
|-weather|Hail|[upkeep]
|-damage|p2a: Chandelure|0 fnt|[from] hail
|faint|p2a: Chandelure
|
|switch|p2a: Lopunny|Lopunny, F|272\/272
|turn|2
|
|switch|p1a: The Wall|Forretress, M|354\/354
|detailschange|p2a: Lopunny|Lopunny-Mega, F
|message|Lopunny has Mega Evolved into Mega Lopunny!
|move|p2a: Lopunny|Power-Up Punch|p1a: The Wall
|-damage|p1a: The Wall|315\/354
|-boost|p2a: Lopunny|atk|1
|
|-weather|Hail|[upkeep]
|-damage|p2a: Lopunny|255\/272|[from] hail
|-damage|p1a: The Wall|293\/354|[from] hail
|-heal|p1a: The Wall|315\/354|[from] item: Leftovers
|turn|3
|
|move|p2a: Lopunny|High Jump Kick|p1a: The Wall
|-damage|p1a: The Wall|99\/354
|move|p1a: The Wall|Volt Switch|p2a: Lopunny
|-crit|p2a: Lopunny
|-damage|p2a: Lopunny|201\/272
|
|switch|p1a: Apocalypse Jr|Mienshao, F|271\/271
|
|-weather|Hail|[upkeep]
|-damage|p1a: Apocalypse Jr|255\/271|[from] hail
|-damage|p2a: Lopunny|184\/272|[from] hail
|turn|4
|
|switch|p2a: Trevenant|Trevenant, F|366\/366
|move|p1a: Apocalypse Jr|U-turn|p2a: Trevenant
|-damage|p2a: Trevenant|300\/366
|
|switch|p1a: Yeti|Abomasnow-Mega, M|321\/321
|
|-weather|Hail|[upkeep]
|-damage|p2a: Trevenant|278\/366|[from] hail
|turn|5
|
|switch|p2a: Jirachi|Jirachi|341\/341
|move|p1a: Yeti|Blizzard|p2a: Jirachi
|-resisted|p2a: Jirachi
|-damage|p2a: Jirachi|237\/341
|
|-weather|none
|turn|6
|
|switch|p1a: Leopard|Raikou|321\/321
|-ability|p1a: Leopard|Pressure
|move|p2a: Jirachi|U-turn|p1a: Leopard
|-damage|p1a: Leopard|228\/321
|
|switch|p2a: Lopunny|Lopunny-Mega, F|184\/272
|
|turn|7
|
|move|p2a: Lopunny|Fake Out|p1a: Leopard
|-damage|p1a: Leopard|125\/321
|cant|p1a: Leopard|flinch
|
|turn|8
|
|move|p2a: Lopunny|High Jump Kick|p1a: Leopard
|-damage|p1a: Leopard|0 fnt
|faint|p1a: Leopard
|
|c|âTyty307|for some reasomn i thought i was faster lol
|c|âLivingTarget|lol
|
|switch|p1a: Yeti|Abomasnow-Mega, M|321\/321
|-weather|Hail
|turn|9
|
|switch|p1a: The Wall|Forretress, M|99\/354
|move|p2a: Lopunny|High Jump Kick|p1a: The Wall
|-damage|p1a: The Wall|0 fnt
|faint|p1a: The Wall
|
|-weather|Hail|[upkeep]
|-damage|p2a: Lopunny|167\/272|[from] hail
|
|switch|p1a: Apocalypse|Haxorus, F|302\/302
|-ability|p1a: Apocalypse|Mold Breaker
|turn|10
|
|move|p2a: Lopunny|High Jump Kick|p1a: Apocalypse
|-damage|p1a: Apocalypse|43\/302
|move|p1a: Apocalypse|Dragon Dance|p1a: Apocalypse
|-boost|p1a: Apocalypse|atk|1
|-boost|p1a: Apocalypse|spe|1
|
|-weather|Hail|[upkeep]
|-damage|p1a: Apocalypse|25\/302|[from] hail
|-damage|p2a: Lopunny|150\/272|[from] hail
|turn|11
|
|switch|p2a: Tentacruel|Tentacruel, F|364\/364
|move|p1a: Apocalypse|Earthquake|p2a: Tentacruel
|-supereffective|p2a: Tentacruel
|-damage|p2a: Tentacruel|0 fnt
|faint|p2a: Tentacruel
|
|-weather|Hail|[upkeep]
|-damage|p1a: Apocalypse|7\/302|[from] hail
|
|switch|p2a: Lopunny|Lopunny-Mega, F|150\/272
|turn|12
|
|move|p2a: Lopunny|Fake Out|p1a: Apocalypse
|-damage|p1a: Apocalypse|0 fnt
|faint|p1a: Apocalypse
|
|-weather|Hail|[upkeep]
|-damage|p2a: Lopunny|133\/272|[from] hail
|
|switch|p1a: Apocalypse Jr|Mienshao, F|271\/271
|turn|13
|
|switch|p2a: Trevenant|Trevenant, F|278\/366
|move|p1a: Apocalypse Jr|U-turn|p2a: Trevenant
|-damage|p2a: Trevenant|213\/366
|
|switch|p1a: Yeti|Abomasnow-Mega, M|321\/321
|
|-weather|none
|turn|14
|
|switch|p2a: Nidoking|Nidoking, M|304\/304
|move|p1a: Yeti|Blizzard|p2a: Nidoking
|-supereffective|p2a: Nidoking
|-damage|p2a: Nidoking|0 fnt
|faint|p2a: Nidoking
|
|
|switch|p2a: Jirachi|Jirachi|237\/341
|turn|15
|
|move|p1a: Yeti|Ice Shard|p2a: Jirachi
|-crit|p2a: Jirachi
|-resisted|p2a: Jirachi
|-damage|p2a: Jirachi|180\/341
|move|p2a: Jirachi|Iron Head|p1a: Yeti
|-supereffective|p1a: Yeti
|-damage|p1a: Yeti|105\/321
|
|turn|16
|c|âTyty307|Holy shit so bulky i am lol
|
|move|p2a: Jirachi|Iron Head|p1a: Yeti
|-supereffective|p1a: Yeti
|-damage|p1a: Yeti|0 fnt
|faint|p1a: Yeti
|
|
|switch|p1a: Apocalypse Jr|Mienshao, F|271\/271
|turn|17
|
|move|p1a: Apocalypse Jr|Knock Off|p2a: Jirachi
|-supereffective|p2a: Jirachi
|-damage|p2a: Jirachi|0 fnt
|-enditem|p2a: Jirachi|Choice Scarf|[from] move: Knock Off|[of] p1a: Apocalypse Jr
|faint|p2a: Jirachi
|
|
|switch|p2a: Lopunny|Lopunny-Mega, F|133\/272
|turn|18
|c|âTyty307|damnit
|
|move|p1a: Apocalypse Jr|Knock Off|p2a: Lopunny
|-resisted|p2a: Lopunny
|-damage|p2a: Lopunny|91\/272
|move|p2a: Lopunny|Power-Up Punch|p1a: Apocalypse Jr
|-damage|p1a: Apocalypse Jr|157\/271
|-boost|p2a: Lopunny|atk|1
|
|turn|19
|
|switch|p1a: The Wall2|Florges, F|360\/360
|move|p2a: Lopunny|Return|p1a: The Wall2
|-damage|p1a: The Wall2|62\/360
|
|-heal|p1a: The Wall2|84\/360|[from] item: Leftovers
|turn|20
|
|move|p2a: Lopunny|Return|p1a: The Wall2
|-damage|p1a: The Wall2|0 fnt
|faint|p1a: The Wall2
|
|
|switch|p1a: Apocalypse Jr|Mienshao, F|247\/271
|turn|21
|
|move|p1a: Apocalypse Jr|High Jump Kick|p2a: Lopunny
|-supereffective|p2a: Lopunny
|-damage|p2a: Lopunny|0 fnt
|faint|p2a: Lopunny
|
|
|switch|p2a: Trevenant|Trevenant, F|213\/366
|turn|22
|c|âLivingTarget|gg
|-message|Tyty307 forfeited.
|
|win|LivingTarget
|raw|Ladder updating...
|leave|Tyty307
|player|p1
|raw|Tyty307's rating: 1308 &rarr; <strong>1286<\/strong><br \/>(-22 for losing)
|raw|LivingTarget's rating: 1272 &rarr; <strong>1300<\/strong><br \/>(+28 for winning)