|join|Tyty307
|join|zippleclopper22
|player|p1|Tyty307|1
|player|p2|zippleclopper22|1
|gametype|singles
|gen|6
|tier|UU
|rated
|rule|Sleep Clause Mod: Limit one foe put to sleep
|rule|Species Clause: Limit one of each PokÃ©mon
|rule|OHKO Clause: OHKO moves are banned
|rule|Moody Clause: Moody is banned
|rule|Evasion Moves Clause: Evasion moves are banned
|rule|Endless Battle Clause: Forcing endless battles is banned
|rule|HP Percentage Mod: HP is shown in percentages
|clearpoke
|poke|p1|Metagross
|poke|p1|Machamp, M
|poke|p1|Quagsire, M
|poke|p1|Aerodactyl, F
|poke|p1|Celebi
|poke|p1|Hydreigon, F
|poke|p2|Hippowdon, M
|poke|p2|Reuniclus, M
|poke|p2|Doublade, M
|poke|p2|Entei, shiny
|poke|p2|Virizion
|poke|p2|Blastoise, F
|rule|Swagger Clause: Swagger is banned
|rule|Baton Pass Clause: Limit one PokÃ©mon knowing Baton Pass
|teampreview
|
|start
|switch|p1a: Aerodactyl|Aerodactyl, F|364\/364
|switch|p2a: Blastoise|Blastoise, F|355\/355
|-ability|p1a: Aerodactyl|Pressure
|turn|1
|
|switch|p1a: Celebi|Celebi|404\/404
|detailschange|p2a: Blastoise|Blastoise-Mega, F
|message|Blastoise has Mega Evolved into Mega Blastoise!
|move|p2a: Blastoise|Ice Beam|p1a: Celebi
|-supereffective|p1a: Celebi
|-damage|p1a: Celebi|242\/404
|
|-heal|p1a: Celebi|267\/404|[from] item: Leftovers
|turn|2
|
|move|p1a: Celebi|Leech Seed|p2a: Blastoise
|-start|p2a: Blastoise|move: Leech Seed
|move|p2a: Blastoise|Dark Pulse|p1a: Celebi
|-supereffective|p1a: Celebi
|-damage|p1a: Celebi|41\/404
|
|-heal|p1a: Celebi|66\/404|[from] item: Leftovers
|-damage|p2a: Blastoise|311\/355|[from] Leech Seed|[of] p1a: Celebi
|-heal|p1a: Celebi|110\/404|[silent]
|turn|3
|
|switch|p2a: Reuniclus|Reuniclus, M|424\/424
|move|p1a: Celebi|Protect|p1a: Celebi
|-fail|p1a: Celebi
|
|-heal|p1a: Celebi|135\/404|[from] item: Leftovers
|turn|4
|
|move|p1a: Celebi|U-turn|p2a: Reuniclus
|-supereffective|p2a: Reuniclus
|-damage|p2a: Reuniclus|332\/424
|
|switch|p1a: Hydreigon|Hydreigon, F|325\/325
|move|p2a: Reuniclus|Calm Mind|p2a: Reuniclus
|-boost|p2a: Reuniclus|spa|1
|-boost|p2a: Reuniclus|spd|1
|
|-heal|p2a: Reuniclus|358\/424|[from] item: Leftovers
|turn|5
|
|move|p1a: Hydreigon|U-turn|p2a: Reuniclus
|-supereffective|p2a: Reuniclus
|-damage|p2a: Reuniclus|250\/424
|
|switch|p1a: Machamp|Machamp, M|384\/384
|move|p2a: Reuniclus|Recover|p2a: Reuniclus
|-heal|p2a: Reuniclus|424\/424
|
|turn|6
|
|move|p1a: Machamp|Knock Off|p2a: Reuniclus
|-supereffective|p2a: Reuniclus
|-damage|p2a: Reuniclus|198\/424
|-enditem|p2a: Reuniclus|Leftovers|[from] move: Knock Off|[of] p1a: Machamp
|move|p2a: Reuniclus|Recover|p2a: Reuniclus
|-heal|p2a: Reuniclus|410\/424
|
|turn|7
|
|switch|p1a: Celebi|Celebi|135\/404
|move|p2a: Reuniclus|Psyshock|p1a: Celebi
|-resisted|p1a: Celebi
|-damage|p1a: Celebi|56\/404
|
|-heal|p1a: Celebi|81\/404|[from] item: Leftovers
|turn|8
|
|move|p1a: Celebi|U-turn|p2a: Reuniclus
|-supereffective|p2a: Reuniclus
|-damage|p2a: Reuniclus|324\/424
|
|switch|p1a: Metagross|Metagross|360\/360
|move|p2a: Reuniclus|Calm Mind|p2a: Reuniclus
|-boost|p2a: Reuniclus|spa|1
|-boost|p2a: Reuniclus|spd|1
|
|turn|9
|
|move|p1a: Metagross|Meteor Mash|p2a: Reuniclus
|-damage|p2a: Reuniclus|162\/424
|move|p2a: Reuniclus|Recover|p2a: Reuniclus
|-heal|p2a: Reuniclus|374\/424
|
|turn|10
|
|move|p1a: Metagross|Meteor Mash|p2a: Reuniclus
|-damage|p2a: Reuniclus|218\/424
|move|p2a: Reuniclus|Focus Blast|p1a: Metagross|[miss]
|-miss|p2a: Reuniclus|p1a: Metagross
|
|turn|11
|
|move|p1a: Metagross|Meteor Mash|p2a: Reuniclus
|-damage|p2a: Reuniclus|70\/424
|move|p2a: Reuniclus|Recover|p2a: Reuniclus
|-heal|p2a: Reuniclus|282\/424
|
|turn|12
|
|move|p1a: Metagross|Meteor Mash|p2a: Reuniclus
|-damage|p2a: Reuniclus|122\/424
|-boost|p1a: Metagross|atk|1
|move|p2a: Reuniclus|Recover|p2a: Reuniclus
|-heal|p2a: Reuniclus|334\/424
|
|turn|13
|
|switch|p2a: Entei|Entei, shiny|371\/371
|-ability|p2a: Entei|Pressure
|move|p1a: Metagross|Meteor Mash|p2a: Entei
|-resisted|p2a: Entei
|-damage|p2a: Entei|219\/371
|
|turn|14
|
|switch|p1a: Quagsire|Quagsire, M|394\/394
|move|p2a: Entei|Sacred Fire|p1a: Quagsire
|-resisted|p1a: Quagsire
|-damage|p1a: Quagsire|287\/394
|
|-heal|p1a: Quagsire|311\/394|[from] item: Leftovers
|turn|15
|
|switch|p2a: Reuniclus|Reuniclus, M|334\/424
|move|p1a: Quagsire|Toxic|p2a: Reuniclus
|-status|p2a: Reuniclus|tox
|
|-heal|p1a: Quagsire|335\/394|[from] item: Leftovers
|turn|16
|
|switch|p1a: Metagross|Metagross|360\/360
|move|p2a: Reuniclus|Calm Mind|p2a: Reuniclus
|-boost|p2a: Reuniclus|spa|1
|-boost|p2a: Reuniclus|spd|1
|
|turn|17
|
|move|p1a: Metagross|Meteor Mash|p2a: Reuniclus
|-damage|p2a: Reuniclus|172\/424 tox
|move|p2a: Reuniclus|Recover|p2a: Reuniclus
|-heal|p2a: Reuniclus|384\/424 tox
|
|turn|18
|
|move|p1a: Metagross|Meteor Mash|p2a: Reuniclus
|-damage|p2a: Reuniclus|236\/424 tox
|move|p2a: Reuniclus|Focus Blast|p1a: Metagross
|-damage|p1a: Metagross|163\/360
|
|turn|19
|
|move|p1a: Metagross|Meteor Mash|p2a: Reuniclus
|-crit|p2a: Reuniclus
|-damage|p2a: Reuniclus|0 fnt
|faint|p2a: Reuniclus
|
|
|switch|p2a: Entei|Entei, shiny|219\/371
|-ability|p2a: Entei|Pressure
|turn|20
|
|switch|p1a: Quagsire|Quagsire, M|335\/394
|move|p2a: Entei|Sacred Fire|p1a: Quagsire
|-resisted|p1a: Quagsire
|-damage|p1a: Quagsire|235\/394
|-status|p1a: Quagsire|brn
|
|-heal|p1a: Quagsire|259\/394 brn|[from] item: Leftovers
|-damage|p1a: Quagsire|210\/394 brn|[from] brn
|turn|21
|
|move|p2a: Entei|Sacred Fire|p1a: Quagsire
|-resisted|p1a: Quagsire
|-damage|p1a: Quagsire|105\/394 brn
|move|p1a: Quagsire|Scald|p2a: Entei
|-supereffective|p2a: Entei
|-damage|p2a: Entei|63\/371
|
|-heal|p1a: Quagsire|129\/394 brn|[from] item: Leftovers
|-damage|p1a: Quagsire|80\/394 brn|[from] brn
|turn|22
|
|move|p2a: Entei|Sacred Fire|p1a: Quagsire|[miss]
|-miss|p2a: Entei|p1a: Quagsire
|move|p1a: Quagsire|Scald|p2a: Entei
|-supereffective|p2a: Entei
|-damage|p2a: Entei|0 fnt
|faint|p2a: Entei
|
|-heal|p1a: Quagsire|104\/394 brn|[from] item: Leftovers
|-damage|p1a: Quagsire|55\/394 brn|[from] brn
|
|switch|p2a: Blastoise|Blastoise-Mega, F|311\/355
|turn|23
|
|move|p2a: Blastoise|Ice Beam|p1a: Quagsire
|-damage|p1a: Quagsire|0 fnt
|faint|p1a: Quagsire
|
|
|switch|p1a: Celebi|Celebi|81\/404
|turn|24
|
|move|p1a: Celebi|Giga Drain|p2a: Blastoise
|-supereffective|p2a: Blastoise
|-damage|p2a: Blastoise|161\/355
|-heal|p1a: Celebi|156\/404|[from] drain|[of] p2a: Blastoise
|move|p2a: Blastoise|Dark Pulse|p1a: Celebi
|-crit|p1a: Celebi
|-supereffective|p1a: Celebi
|-damage|p1a: Celebi|0 fnt
|faint|p1a: Celebi
|
|
|switch|p1a: Machamp|Machamp, M|384\/384
|turn|25
|
|switch|p2a: Doublade|Doublade, M|321\/321
|move|p1a: Machamp|Dynamic Punch|p2a: Doublade
|-immune|p2a: Doublade|[msg]
|
|turn|26
|
|move|p1a: Machamp|Knock Off|p2a: Doublade
|-supereffective|p2a: Doublade
|-damage|p2a: Doublade|211\/321
|-enditem|p2a: Doublade|Eviolite|[from] move: Knock Off|[of] p1a: Machamp
|move|p2a: Doublade|Sacred Sword|p1a: Machamp
|-damage|p1a: Machamp|256\/384
|
|turn|27
|
|move|p1a: Machamp|Knock Off|p2a: Doublade
|-supereffective|p2a: Doublade
|-damage|p2a: Doublade|83\/321
|move|p2a: Doublade|Iron Head|p1a: Machamp
|-damage|p1a: Machamp|88\/384
|
|turn|28
|
|move|p2a: Doublade|Shadow Sneak|p1a: Machamp
|-damage|p1a: Machamp|6\/384
|move|p1a: Machamp|Knock Off|p2a: Doublade
|-crit|p2a: Doublade
|-supereffective|p2a: Doublade
|-damage|p2a: Doublade|0 fnt
|faint|p2a: Doublade
|
|
|switch|p2a: Virizion|Virizion|324\/324
|turn|29
|
|move|p1a: Machamp|Bullet Punch|p2a: Virizion
|-damage|p2a: Virizion|252\/324
|move|p2a: Virizion|Close Combat|p1a: Machamp
|-damage|p1a: Machamp|0 fnt
|-unboost|p2a: Virizion|def|1
|-unboost|p2a: Virizion|spd|1
|-damage|p2a: Virizion|220\/324|[from] item: Life Orb
|faint|p1a: Machamp
|
|
|switch|p1a: Aerodactyl|Aerodactyl, F|364\/364
|-ability|p1a: Aerodactyl|Pressure
|turn|30
|
|switch|p1a: Hydreigon|Hydreigon, F|325\/325
|switch|p2a: Hippowdon|Hippowdon, M|419\/419
|-weather|Sandstorm
|
|-weather|Sandstorm|[upkeep]
|-damage|p1a: Hydreigon|305\/325|[from] sandstorm
|turn|31
|
|move|p1a: Hydreigon|Draco Meteor|p2a: Hippowdon
|-damage|p2a: Hippowdon|208\/419
|-unboost|p1a: Hydreigon|spa|2
|move|p2a: Hippowdon|Slack Off|p2a: Hippowdon
|-heal|p2a: Hippowdon|418\/419
|
|-weather|Sandstorm|[upkeep]
|-damage|p1a: Hydreigon|285\/325|[from] sandstorm
|-heal|p2a: Hippowdon|419\/419|[from] item: Leftovers
|turn|32
|
|switch|p1a: Metagross|Metagross|163\/360
|move|p2a: Hippowdon|Rock Slide|p1a: Metagross
|-resisted|p1a: Metagross
|-damage|p1a: Metagross|137\/360
|
|-weather|Sandstorm|[upkeep]
|turn|33
|
|move|p1a: Metagross|Zen Headbutt|p2a: Hippowdon
|-damage|p2a: Hippowdon|281\/419
|move|p2a: Hippowdon|Earthquake|p1a: Metagross
|-crit|p1a: Metagross
|-supereffective|p1a: Metagross
|-damage|p1a: Metagross|0 fnt
|faint|p1a: Metagross
|
|-weather|Sandstorm|[upkeep]
|-heal|p2a: Hippowdon|307\/419|[from] item: Leftovers
|
|switch|p1a: Aerodactyl|Aerodactyl, F|364\/364
|-ability|p1a: Aerodactyl|Pressure
|turn|34
|
|detailschange|p1a: Aerodactyl|Aerodactyl-Mega, F
|message|Aerodactyl has Mega Evolved into Mega Aerodactyl!
|move|p1a: Aerodactyl|Taunt|p2a: Hippowdon
|-start|p2a: Hippowdon|move: Taunt
|cant|p2a: Hippowdon|move: Taunt|Slack Off
|
|-weather|none
|-heal|p2a: Hippowdon|333\/419|[from] item: Leftovers
|turn|35
|
|switch|p1a: Hydreigon|Hydreigon, F|285\/325
|move|p2a: Hippowdon|Rock Slide|p1a: Hydreigon
|-damage|p1a: Hydreigon|205\/325
|
|-heal|p2a: Hippowdon|359\/419|[from] item: Leftovers
|turn|36
|
|switch|p2a: Blastoise|Blastoise-Mega, F|161\/355
|move|p1a: Hydreigon|Dark Pulse|p2a: Blastoise
|-damage|p2a: Blastoise|40\/355
|
|turn|37
|
|switch|p1a: Aerodactyl|Aerodactyl-Mega, F|364\/364
|move|p2a: Blastoise|Ice Beam|p1a: Aerodactyl
|-crit|p1a: Aerodactyl
|-supereffective|p1a: Aerodactyl
|-damage|p1a: Aerodactyl|0 fnt
|faint|p1a: Aerodactyl
|
|
|switch|p1a: Hydreigon|Hydreigon, F|205\/325
|turn|38
|
|move|p1a: Hydreigon|Draco Meteor|p2a: Blastoise
|-damage|p2a: Blastoise|0 fnt
|-unboost|p1a: Hydreigon|spa|2
|faint|p2a: Blastoise
|
|
|switch|p2a: Virizion|Virizion|220\/324
|turn|39
|
|move|p1a: Hydreigon|Draco Meteor|p2a: Virizion
|-damage|p2a: Virizion|126\/324
|-unboost|p1a: Hydreigon|spa|2
|move|p2a: Virizion|Close Combat|p1a: Hydreigon
|-supereffective|p1a: Hydreigon
|-damage|p1a: Hydreigon|0 fnt
|-unboost|p2a: Virizion|def|1
|-unboost|p2a: Virizion|spd|1
|-damage|p2a: Virizion|94\/324|[from] item: Life Orb
|faint|p1a: Hydreigon
|
|win|zippleclopper22
|raw|Ladder updating...
|raw|Tyty307's rating: 1490 &rarr; <strong>1474<\/strong><br \/>(-16 for losing)
|raw|zippleclopper22's rating: 1566 &rarr; <strong>1582<\/strong><br \/>(+16 for winning)
|leave|Tyty307
|player|p1