|join|pokemonisfun
|join|Tyty307
|player|p1|pokemonisfun|184
|player|p2|Tyty307|2
|gametype|singles
|gen|6
|tier|UU
|rated
|rule|Sleep Clause Mod: Limit one foe put to sleep
|rule|Species Clause: Limit one of each PokÃ©mon
|rule|OHKO Clause: OHKO moves are banned
|rule|Moody Clause: Moody is banned
|rule|Evasion Moves Clause: Evasion moves are banned
|rule|Endless Battle Clause: Forcing endless battles is banned
|rule|HP Percentage Mod: HP is shown in percentages
|clearpoke
|poke|p1|Blissey, F
|poke|p1|Swampert, F
|poke|p1|Granbull, M
|poke|p1|Alomomola, M
|poke|p1|Crobat, F
|poke|p1|Celebi
|poke|p2|Crobat, F
|poke|p2|Krookodile, M
|poke|p2|Blissey, F
|poke|p2|Medicham, M
|poke|p2|Magneton
|poke|p2|Chesnaught, F
|rule|Swagger Clause: Swagger is banned
|rule|Baton Pass Clause: Limit one PokÃ©mon knowing Baton Pass
|teampreview
|join|tumblrella
|c|âTyty307|the stall is steonk
|leave|tumblrella
|c|âpokemonisfun|is that a corruption of the word strong or stink
|c|âpokemonisfun|or neither
|c|âTyty307|stronk
|
|start
|switch|p1a: bubblsy bubbles|Swampert, F|404\/404
|switch|p2a: Captain Falcon|Medicham, M|261\/261
|turn|1
|c|âTyty307|how many turn the games usually last?
|c|âpokemonisfun|it depends if my opponent resigns or not
|
|detailschange|p2a: Captain Falcon|Medicham-Mega, M
|-mega|p2a: Captain Falcon|Medicham|Medichamite
|detailschange|p1a: bubblsy bubbles|Swampert-Mega, F
|-mega|p1a: bubblsy bubbles|Swampert|Swampertite
|move|p2a: Captain Falcon|Fake Out|p1a: bubblsy bubbles
|-damage|p1a: bubblsy bubbles|324\/404
|cant|p1a: bubblsy bubbles|flinch
|
|turn|2
|c|âTyty307|like 70 turn games?
|c|âpokemonisfun|idk
|
|switch|p1a: woofy woof woof|Granbull, M|384\/384
|-ability|p1a: woofy woof woof|Intimidate|[of] p2a: Captain Falcon
|-unboost|p2a: Captain Falcon|atk|1
|move|p2a: Captain Falcon|High Jump Kick|p1a: woofy woof woof
|-resisted|p1a: woofy woof woof
|-damage|p1a: woofy woof woof|276\/384
|
|-heal|p1a: woofy woof woof|300\/384|[from] item: Leftovers
|turn|3
|c|âTyty307|you have 0 sweepers
|c|âTyty307|only stall
|c|âpokemonisfun|cm blissey, cm alomomola, sd np celebi, curse white herb crobat
|
|switch|p2a: Peach|Blissey, F|714\/714
|move|p1a: woofy woof woof|Play Rough|p2a: Peach
|-damage|p2a: Peach|482\/714
|
|-heal|p2a: Peach|526\/714|[from] item: Leftovers
|-heal|p1a: woofy woof woof|324\/384|[from] item: Leftovers
|turn|4
|c|âpokemonisfun|you dont know anything dude :l
|c|âTyty307|sure lol
|
|switch|p1a: onion fairy god|Celebi|401\/401
|move|p2a: Peach|Stealth Rock|p1a: onion fairy god
|-sidestart|p1: pokemonisfun|move: Stealth Rock
|
|-heal|p2a: Peach|570\/714|[from] item: Leftovers
|turn|5
|
|switch|p2a: No escape|Krookodile, M|331\/331
|-ability|p2a: No escape|Intimidate|[of] p1a: onion fairy god
|-unboost|p1a: onion fairy god|atk|1
|move|p1a: onion fairy god|Stealth Rock|p2a: No escape
|-sidestart|p2: Tyty307|move: Stealth Rock
|
|turn|6
|
|move|p2a: No escape|Pursuit|p1a: onion fairy god
|-crit|p1a: onion fairy god
|-supereffective|p1a: onion fairy god
|-damage|p1a: onion fairy god|185\/401
|move|p1a: onion fairy god|Giga Drain|p2a: No escape
|-supereffective|p2a: No escape
|-damage|p2a: No escape|113\/331
|-heal|p1a: onion fairy god|294\/401|[from] drain|[of] p2a: No escape
|
|-heal|p1a: onion fairy god|319\/401|[from] item: Leftovers
|turn|7
|
|switch|p2a: Bitch Bat|Crobat, F|335\/335
|-damage|p2a: Bitch Bat|252\/335|[from] Stealth Rock
|move|p1a: onion fairy god|Giga Drain|p2a: Bitch Bat
|-resisted|p2a: Bitch Bat
|-damage|p2a: Bitch Bat|227\/335
|-heal|p1a: onion fairy god|332\/401|[from] drain|[of] p2a: Bitch Bat
|
|-heal|p2a: Bitch Bat|247\/335|[from] item: Black Sludge
|-heal|p1a: onion fairy god|357\/401|[from] item: Leftovers
|turn|8
|c|âpokemonisfun|i would have switched out if you had a different nick
|
|switch|p1a: swimmy swim|Alomomola, M|471\/471
|-damage|p1a: swimmy swim|413\/471|[from] Stealth Rock
|move|p2a: Bitch Bat|U-turn|p1a: swimmy swim
|-crit|p1a: swimmy swim
|-damage|p1a: swimmy swim|336\/471
|
|switch|p2a: It's a Trap|Magneton|241\/241
|-damage|p2a: It's a Trap|226\/241|[from] Stealth Rock
|
|-heal|p1a: swimmy swim|365\/471|[from] item: Leftovers
|turn|9
|
|switch|p2a: Captain Falcon|Medicham-Mega, M|261\/261
|-damage|p2a: Captain Falcon|245\/261|[from] Stealth Rock
|move|p1a: swimmy swim|Protect|p1a: swimmy swim
|-fail|p1a: swimmy swim
|
|-heal|p1a: swimmy swim|394\/471|[from] item: Leftovers
|turn|10
|
|switch|p2a: It's a Trap|Magneton|226\/241
|-damage|p2a: It's a Trap|211\/241|[from] Stealth Rock
|move|p1a: swimmy swim|Protect|p1a: swimmy swim
|-fail|p1a: swimmy swim
|
|-heal|p1a: swimmy swim|423\/471|[from] item: Leftovers
|turn|11
|
|move|p1a: swimmy swim|Protect|p1a: swimmy swim
|-singleturn|p1a: swimmy swim|Protect
|move|p2a: It's a Trap|Thunderbolt|p1a: swimmy swim
|-activate|p1a: swimmy swim|Protect
|
|-heal|p1a: swimmy swim|452\/471|[from] item: Leftovers
|turn|12
|c|âpokemonisfun|what r u doing....
|
|switch|p2a: Bitch Bat|Crobat, F|247\/335
|-damage|p2a: Bitch Bat|164\/335|[from] Stealth Rock
|switch|p1a: Mega Chansey|Blissey, F|651\/651
|-damage|p1a: Mega Chansey|570\/651|[from] Stealth Rock
|
|-heal|p2a: Bitch Bat|184\/335|[from] item: Black Sludge
|-heal|p1a: Mega Chansey|610\/651|[from] item: Leftovers
|turn|13
|
|switch|p1a: swimmy swim|Alomomola, M|471\/471
|-damage|p1a: swimmy swim|413\/471|[from] Stealth Rock
|move|p2a: Bitch Bat|Taunt|p1a: swimmy swim
|-start|p1a: swimmy swim|move: Taunt
|
|-heal|p2a: Bitch Bat|204\/335|[from] item: Black Sludge
|-heal|p1a: swimmy swim|442\/471|[from] item: Leftovers
|turn|14
|
|move|p2a: Bitch Bat|U-turn|p1a: swimmy swim
|-damage|p1a: swimmy swim|391\/471
|
|switch|p2a: Peach|Blissey, F|570\/714
|-damage|p2a: Peach|481\/714|[from] Stealth Rock
|move|p1a: swimmy swim|Scald|p2a: Peach
|-damage|p2a: Peach|442\/714
|
|-heal|p1a: swimmy swim|420\/471|[from] item: Leftovers
|-heal|p2a: Peach|486\/714|[from] item: Leftovers
|turn|15
|
|switch|p1a: Mega Chansey|Blissey, F|610\/651
|-damage|p1a: Mega Chansey|529\/651|[from] Stealth Rock
|move|p2a: Peach|Thunder Wave|p1a: Mega Chansey
|-status|p1a: Mega Chansey|par
|
|-heal|p2a: Peach|530\/714|[from] item: Leftovers
|-heal|p1a: Mega Chansey|569\/651 par|[from] item: Leftovers
|turn|16
|
|switch|p2a: No escape|Krookodile, M|113\/331
|-damage|p2a: No escape|93\/331|[from] Stealth Rock
|-ability|p2a: No escape|Intimidate|[of] p1a: Mega Chansey
|-unboost|p1a: Mega Chansey|atk|1
|move|p1a: Mega Chansey|Toxic|p2a: No escape
|-status|p2a: No escape|tox
|
|-heal|p1a: Mega Chansey|609\/651 par|[from] item: Leftovers
|-damage|p2a: No escape|73\/331 tox|[from] psn
|turn|17
|
|switch|p1a: swimmy swim|Alomomola, M|471\/471
|-damage|p1a: swimmy swim|413\/471|[from] Stealth Rock
|move|p2a: No escape|Knock Off|p1a: swimmy swim
|-damage|p1a: swimmy swim|212\/471
|-enditem|p1a: swimmy swim|Leftovers|[from] move: Knock Off|[of] p2a: No escape
|
|-damage|p2a: No escape|33\/331 tox|[from] psn
|turn|18
|
|switch|p2a: It's a Trap|Magneton|211\/241
|-damage|p2a: It's a Trap|196\/241|[from] Stealth Rock
|move|p1a: swimmy swim|Wish|p1a: swimmy swim
|
|turn|19
|
|switch|p1a: Mega Chansey|Blissey, F|609\/651
|-damage|p1a: Mega Chansey|528\/651|[from] Stealth Rock
|move|p2a: It's a Trap|Thunderbolt|p1a: Mega Chansey
|-damage|p1a: Mega Chansey|434\/651
|
|-heal|p1a: Mega Chansey|651\/651|[from] move: Wish|[wisher] swimmy swim
|turn|20
|-message|Tyty307 forfeited.
|leave|Tyty307
|
|win|pokemonisfun
|raw|Ladder updating...
|player|p2
|raw|pokemonisfun's rating: 1701 &rarr; <strong>1715<\/strong><br \/>(+14 for winning)
|raw|Tyty307's rating: 1587 &rarr; <strong>1574<\/strong><br \/>(-13 for losing)