|join|bgh251f2
|join|okcoolyo
|player|p1|bgh251f2|102
|player|p2|okcoolyo|101
|gametype|singles
|gen|6
|tier|OU
|rated
|clearpoke
|poke|p1|Mew
|poke|p1|Conkeldurr, F
|poke|p1|Greninja, M
|poke|p1|Skarmory, M
|poke|p1|Garchomp, F
|poke|p1|Clefable, F
|poke|p2|Heracross, M
|poke|p2|Tyranitar, F
|poke|p2|Heatran, M
|poke|p2|Latias, F
|poke|p2|Azumarill, M
|poke|p2|Gliscor, M
|rule|Swagger Clause: Swagger is banned
|rule|Baton Pass Clause: Limit one PokÃ©mon knowing Baton Pass
|rule|Sleep Clause Mod: Limit one foe put to sleep
|rule|Species Clause: Limit one of each PokÃ©mon
|rule|OHKO Clause: OHKO moves are banned
|rule|Moody Clause: Moody is banned
|rule|Evasion Moves Clause: Evasion moves are banned
|rule|Endless Battle Clause: Forcing endless battles is banned
|rule|HP Percentage Mod: HP is shown in percentages
|teampreview
|
|start
|switch|p1a: Clefable|Clefable, F|394\/394
|switch|p2a: Heracross|Heracross, M|302\/302
|turn|1
|
|switch|p2a: Azumarill|Azumarill, M|404\/404
|move|p1a: Clefable|Stealth Rock|p2a: Azumarill
|-sidestart|p2: okcoolyo|move: Stealth Rock
|
|turn|2
|
|switch|p2a: Heatran|Heatran, M|386\/386
|-damage|p2a: Heatran|338\/386|[from] Stealth Rock
|move|p1a: Clefable|Moonblast|p2a: Heatran
|-resisted|p2a: Heatran
|-damage|p2a: Heatran|320\/386
|-unboost|p2a: Heatran|spa|1
|
|-heal|p2a: Heatran|344\/386|[from] item: Leftovers
|turn|3
|
|switch|p1a: Conkeldurr|Conkeldurr, F|414\/414
|move|p2a: Heatran|Stealth Rock|p1a: Conkeldurr
|-sidestart|p1: bgh251f2|move: Stealth Rock
|
|-heal|p2a: Heatran|368\/386|[from] item: Leftovers
|turn|4
|
|switch|p2a: Azumarill|Azumarill, M|404\/404
|-damage|p2a: Azumarill|354\/404|[from] Stealth Rock
|move|p1a: Conkeldurr|Knock Off|p2a: Azumarill
|-resisted|p2a: Azumarill
|-damage|p2a: Azumarill|287\/404
|-enditem|p2a: Azumarill|Assault Vest|[from] move: Knock Off|[of] p1a: Conkeldurr
|
|turn|5
|
|switch|p1a: Clefable|Clefable, F|394\/394
|move|p2a: Azumarill|Play Rough|p1a: Clefable
|-damage|p1a: Clefable|195\/394
|
|-heal|p1a: Clefable|219\/394|[from] item: Leftovers
|turn|6
|
|move|p1a: Clefable|Moonblast|p2a: Azumarill
|-damage|p2a: Azumarill|154\/404
|move|p2a: Azumarill|Waterfall|p1a: Clefable
|-damage|p1a: Clefable|44\/394
|
|-heal|p1a: Clefable|68\/394|[from] item: Leftovers
|turn|7
|
|move|p2a: Azumarill|Aqua Jet|p1a: Clefable
|-damage|p1a: Clefable|0 fnt
|faint|p1a: Clefable
|
|
|switch|p1a: Mew|Mew|404\/404
|-damage|p1a: Mew|354\/404|[from] Stealth Rock
|turn|8
|
|move|p1a: Mew|Taunt|p2a: Azumarill
|-start|p2a: Azumarill|move: Taunt
|move|p2a: Azumarill|Play Rough|p1a: Mew
|-damage|p1a: Mew|194\/404
|
|-heal|p1a: Mew|219\/404|[from] item: Leftovers
|turn|9
|
|switch|p2a: Heatran|Heatran, M|368\/386
|-damage|p2a: Heatran|320\/386|[from] Stealth Rock
|move|p1a: Mew|Will-O-Wisp|p2a: Heatran
|-start|p2a: Heatran|ability: Flash Fire
|
|-heal|p1a: Mew|244\/404|[from] item: Leftovers
|-heal|p2a: Heatran|344\/386|[from] item: Leftovers
|turn|10
|
|move|p1a: Mew|Knock Off|p2a: Heatran
|-damage|p2a: Heatran|274\/386
|-enditem|p2a: Heatran|Leftovers|[from] move: Knock Off|[of] p1a: Mew
|move|p2a: Heatran|Will-O-Wisp|p1a: Mew
|-status|p1a: Mew|brn
|
|-heal|p1a: Mew|269\/404 brn|[from] item: Leftovers
|-damage|p1a: Mew|219\/404 brn|[from] brn
|turn|11
|
|move|p1a: Mew|Taunt|p2a: Heatran
|-start|p2a: Heatran|move: Taunt
|move|p2a: Heatran|Lava Plume|p1a: Mew
|-damage|p1a: Mew|33\/404 brn
|
|-heal|p1a: Mew|58\/404 brn|[from] item: Leftovers
|-damage|p1a: Mew|8\/404 brn|[from] brn
|turn|12
|
|move|p1a: Mew|Will-O-Wisp|p2a: Heatran
|-immune|p2a: Heatran|[msg]
|move|p2a: Heatran|Lava Plume|p1a: Mew
|-damage|p1a: Mew|0 fnt
|faint|p1a: Mew
|
|
|switch|p1a: Conkeldurr|Conkeldurr, F|414\/414
|-damage|p1a: Conkeldurr|389\/414|[from] Stealth Rock
|turn|13
|
|move|p2a: Heatran|Lava Plume|p1a: Conkeldurr
|-damage|p1a: Conkeldurr|208\/414
|-status|p1a: Conkeldurr|brn
|move|p1a: Conkeldurr|Bulk Up|p1a: Conkeldurr
|-boost|p1a: Conkeldurr|atk|1
|-boost|p1a: Conkeldurr|def|1
|
|-heal|p1a: Conkeldurr|233\/414 brn|[from] item: Leftovers
|-damage|p1a: Conkeldurr|182\/414 brn|[from] brn
|-end|p2a: Heatran|move: Taunt
|turn|14
|
|move|p1a: Conkeldurr|Mach Punch|p2a: Heatran
|-supereffective|p2a: Heatran
|-damage|p2a: Heatran|0 fnt
|faint|p2a: Heatran
|
|-heal|p1a: Conkeldurr|207\/414 brn|[from] item: Leftovers
|-damage|p1a: Conkeldurr|156\/414 brn|[from] brn
|
|switch|p2a: Gliscor|Gliscor, M|354\/354
|-damage|p2a: Gliscor|310\/354|[from] Stealth Rock
|turn|15
|
|move|p2a: Gliscor|Substitute|p2a: Gliscor
|-start|p2a: Gliscor|Substitute
|-damage|p2a: Gliscor|222\/354
|move|p1a: Conkeldurr|Bulk Up|p1a: Conkeldurr
|-boost|p1a: Conkeldurr|atk|1
|-boost|p1a: Conkeldurr|def|1
|
|-heal|p1a: Conkeldurr|181\/414 brn|[from] item: Leftovers
|-damage|p1a: Conkeldurr|130\/414 brn|[from] brn
|-status|p2a: Gliscor|tox|[from] item: Toxic Orb
|turn|16
|
|move|p2a: Gliscor|Protect|p2a: Gliscor
|-singleturn|p2a: Gliscor|Protect
|move|p1a: Conkeldurr|Knock Off|p2a: Gliscor
|-activate|p2a: Gliscor|Protect
|
|-heal|p1a: Conkeldurr|155\/414 brn|[from] item: Leftovers
|-heal|p2a: Gliscor|266\/354 tox|[from] ability: Poison Heal
|-damage|p1a: Conkeldurr|104\/414 brn|[from] brn
|turn|17
|
|move|p1a: Conkeldurr|Mach Punch|p2a: Gliscor
|-resisted|p2a: Gliscor
|-activate|p2a: Gliscor|Substitute|[damage]
|move|p2a: Gliscor|Substitute|p2a: Gliscor
|-fail|p2a: Gliscor|move: Substitute
|
|-heal|p1a: Conkeldurr|129\/414 brn|[from] item: Leftovers
|-heal|p2a: Gliscor|310\/354 tox|[from] ability: Poison Heal
|-damage|p1a: Conkeldurr|78\/414 brn|[from] brn
|turn|18
|
|move|p2a: Gliscor|Protect|p2a: Gliscor
|-singleturn|p2a: Gliscor|Protect
|move|p1a: Conkeldurr|Knock Off|p2a: Gliscor
|-activate|p2a: Gliscor|Protect
|
|-heal|p1a: Conkeldurr|103\/414 brn|[from] item: Leftovers
|-heal|p2a: Gliscor|354\/354 tox|[from] ability: Poison Heal
|-damage|p1a: Conkeldurr|52\/414 brn|[from] brn
|turn|19
|
|move|p1a: Conkeldurr|Mach Punch|p2a: Gliscor
|-crit|p2a: Gliscor
|-resisted|p2a: Gliscor
|-end|p2a: Gliscor|Substitute
|move|p2a: Gliscor|Earthquake|p1a: Conkeldurr
|-damage|p1a: Conkeldurr|0 fnt
|faint|p1a: Conkeldurr
|
|
|switch|p1a: Greninja|Greninja, M|286\/286
|-damage|p1a: Greninja|251\/286|[from] Stealth Rock
|turn|20
|
|move|p2a: Gliscor|Protect|p2a: Gliscor
|-singleturn|p2a: Gliscor|Protect
|move|p1a: Greninja|Ice Beam|p2a: Gliscor
|-start|p1a: Greninja|typechange|Ice|[from] Protean
|-activate|p2a: Gliscor|Protect
|
|turn|21
|
|move|p1a: Greninja|Hydro Pump|p2a: Gliscor
|-start|p1a: Greninja|typechange|Water|[from] Protean
|-supereffective|p2a: Gliscor
|-damage|p2a: Gliscor|0 fnt
|faint|p2a: Gliscor
|
|
|switch|p2a: Heracross|Heracross, M|302\/302
|-damage|p2a: Heracross|265\/302|[from] Stealth Rock
|turn|22
|
|detailschange|p2a: Heracross|Heracross-Mega, M
|message|Heracross has Mega Evolved into Mega Heracross!
|move|p1a: Greninja|Extrasensory|p2a: Heracross
|-start|p1a: Greninja|typechange|Psychic|[from] Protean
|-supereffective|p2a: Heracross
|-damage|p2a: Heracross|47\/302
|cant|p2a: Heracross|flinch
|
|turn|23
|
|switch|p2a: Tyranitar|Tyranitar, F|341\/341
|-damage|p2a: Tyranitar|299\/341|[from] Stealth Rock
|-weather|Sandstorm
|move|p1a: Greninja|Extrasensory|p2a: Tyranitar
|-immune|p2a: Tyranitar|[msg]
|
|-weather|Sandstorm|[upkeep]
|-damage|p1a: Greninja|234\/286|[from] sandstorm
|turn|24
|
|move|p1a: Greninja|Hydro Pump|p2a: Tyranitar
|-start|p1a: Greninja|typechange|Water|[from] Protean
|-supereffective|p2a: Tyranitar
|-damage|p2a: Tyranitar|33\/341
|move|p2a: Tyranitar|Rock Slide|p1a: Greninja
|-damage|p1a: Greninja|48\/286
|
|-weather|Sandstorm|[upkeep]
|-damage|p1a: Greninja|31\/286|[from] sandstorm
|turn|25
|
|move|p1a: Greninja|Ice Beam|p2a: Tyranitar
|-start|p1a: Greninja|typechange|Ice|[from] Protean
|-damage|p2a: Tyranitar|0 fnt
|faint|p2a: Tyranitar
|
|-weather|Sandstorm|[upkeep]
|-damage|p1a: Greninja|14\/286|[from] sandstorm
|
|switch|p2a: Azumarill|Azumarill, M|154\/404
|-damage|p2a: Azumarill|104\/404|[from] Stealth Rock
|turn|26
|
|switch|p1a: Skarmory|Skarmory, M|334\/334
|-damage|p1a: Skarmory|293\/334|[from] Stealth Rock
|move|p2a: Azumarill|Aqua Jet|p1a: Skarmory
|-damage|p1a: Skarmory|241\/334
|-damage|p2a: Azumarill|37\/404|[from] item: Rocky Helmet|[of] p1a: Skarmory
|
|-weather|Sandstorm|[upkeep]
|-damage|p2a: Azumarill|12\/404|[from] sandstorm
|turn|27
|
|move|p1a: Skarmory|Roost|p1a: Skarmory
|-heal|p1a: Skarmory|334\/334
|move|p2a: Azumarill|Waterfall|p1a: Skarmory
|-damage|p1a: Skarmory|238\/334
|-damage|p2a: Azumarill|0 fnt|[from] item: Rocky Helmet|[of] p1a: Skarmory
|faint|p2a: Azumarill
|
|-weather|none
|
|switch|p2a: Latias|Latias, F|301\/301
|-damage|p2a: Latias|264\/301|[from] Stealth Rock
|turn|28
|
|move|p2a: Latias|Draco Meteor|p1a: Skarmory
|-resisted|p1a: Skarmory
|-damage|p1a: Skarmory|68\/334
|-unboost|p2a: Latias|spa|2
|-damage|p2a: Latias|234\/301|[from] item: Life Orb
|move|p1a: Skarmory|Toxic|p2a: Latias
|-status|p2a: Latias|tox
|
|-damage|p2a: Latias|216\/301 tox|[from] psn
|turn|29
|
|move|p2a: Latias|Healing Wish|p2a: Latias
|faint|p2a: Latias
|move|p1a: Skarmory|Roost|p1a: Skarmory
|-heal|p1a: Skarmory|235\/334
|
|
|switch|p2a: Heracross|Heracross-Mega, M|47\/302
|-heal|p2a: Heracross|302\/302|[from] move: Healing Wish
|-damage|p2a: Heracross|265\/302|[from] Stealth Rock
|turn|30
|
|move|p2a: Heracross|Close Combat|p1a: Skarmory
|-damage|p1a: Skarmory|75\/334
|-damage|p2a: Heracross|215\/302|[from] item: Rocky Helmet|[of] p1a: Skarmory
|-unboost|p2a: Heracross|def|1
|-unboost|p2a: Heracross|spd|1
|move|p1a: Skarmory|Brave Bird|p2a: Heracross
|-supereffective|p2a: Heracross
|-damage|p2a: Heracross|0 fnt
|-damage|p1a: Skarmory|4\/334|[from] recoil|[of] p2a: Heracross
|faint|p2a: Heracross
|
|win|bgh251f2
|raw|Ladder updating...
|raw|bgh251f2's rating: 1548 &rarr; <strong>1571<\/strong><br \/>(+23 for winning)
|raw|okcoolyo's rating: 1599 &rarr; <strong>1576<\/strong><br \/>(-23 for losing)
|c|âbgh251f2|gg
|leave|okcoolyo
|player|p2