|join|ItoI6
|join|okcoolyo
|player|p1|ItoI6|166
|player|p2|okcoolyo|2
|gametype|singles
|gen|6
|tier|OU
|rated
|clearpoke
|poke|p1|Gliscor, M
|poke|p1|Scizor, F
|poke|p1|Rotom-Wash
|poke|p1|Gothitelle, M
|poke|p1|Ditto
|poke|p1|Chansey, F
|poke|p2|Excadrill, M
|poke|p2|Talonflame, M
|poke|p2|Dragonite, F
|poke|p2|Rotom-Wash
|poke|p2|Skarmory, F
|poke|p2|Keldeo
|rule|Sleep Clause Mod: Limit one foe put to sleep
|rule|Species Clause: Limit one of each Pokemon
|rule|OHKO Clause: OHKO moves are banned
|rule|Moody Clause: Moody is banned
|rule|Evasion Moves Clause: Evasion moves are banned
|rule|Endless Battle Clause: Forcing endless battles is banned.
|rule|HP Percentage Mod: HP is reported as percentages
|teampreview
|
|start
|switch|p1a: Rotom-Wash|Rotom-Wash|304\/304
|switch|p2a: Excadrill|Excadrill, M|422\/422
|-ability|p2a: Excadrill|Mold Breaker
|-item|p2a: Excadrill|Air Balloon
|turn|1
|
|switch|p1a: Scizor|Scizor, F|344\/344
|move|p2a: Excadrill|Earthquake|p1a: Scizor
|-damage|p1a: Scizor|184\/344
|
|turn|2
|join|Saucyboiii
|
|detailschange|p1a: Scizor|Scizor-Mega, F
|message|Scizor has Mega Evolved into Mega Scizor!
|move|p2a: Excadrill|Stealth Rock|p1a: Scizor
|-sidestart|p1: ItoI6|move: Stealth Rock
|move|p1a: Scizor|Roost|p1a: Scizor
|-heal|p1a: Scizor|344\/344
|
|turn|3
|
|switch|p2a: Skarmory|Skarmory, F|334\/334
|move|p1a: Scizor|Knock Off|p2a: Skarmory
|-damage|p2a: Skarmory|265\/334
|-damage|p1a: Scizor|287\/344|[from] item: Rocky Helmet|[of] p2a: Skarmory
|-enditem|p2a: Skarmory|Rocky Helmet|[from] move: Knock Off|[of] p1a: Scizor
|
|turn|4
|
|switch|p1a: Gothitelle|Gothitelle, M|301\/301
|-damage|p1a: Gothitelle|264\/301|[from] Stealth Rock
|switch|p2a: Excadrill|Excadrill, M|422\/422
|-ability|p2a: Excadrill|Mold Breaker
|-item|p2a: Excadrill|Air Balloon
|
|turn|5
|
|move|p1a: Gothitelle|Trick|p2a: Excadrill
|-activate|p1a: Gothitelle|move: Trick|[of] p2a: Excadrill
|-item|p2a: Excadrill|Choice Scarf|[from] move: Trick
|-item|p1a: Gothitelle|Air Balloon
|-item|p1a: Gothitelle|Air Balloon|[from] move: Trick
|move|p2a: Excadrill|Earthquake|p1a: Gothitelle
|-immune|p1a: Gothitelle|[msg]
|
|turn|6
|chat|ItoI6|hehe
|chat|Saucyboiii|LOIL
|
|move|p2a: Excadrill|Earthquake|p1a: Gothitelle
|-immune|p1a: Gothitelle|[msg]
|move|p1a: Gothitelle|Hidden Power|p2a: Excadrill
|-supereffective|p2a: Excadrill
|-damage|p2a: Excadrill|264\/422
|
|turn|7
|chat|Saucyboiii|2 good
|
|move|p2a: Excadrill|Earthquake|p1a: Gothitelle
|-immune|p1a: Gothitelle|[msg]
|move|p1a: Gothitelle|Hidden Power|p2a: Excadrill
|-supereffective|p2a: Excadrill
|-damage|p2a: Excadrill|116\/422
|
|turn|8
|chat|Saucyboiii|ito2pro
|chat|okcoolyo|not really lol its a known trick
|
|move|p2a: Excadrill|Earthquake|p1a: Gothitelle
|-immune|p1a: Gothitelle|[msg]
|move|p1a: Gothitelle|Psychic|p2a: Excadrill
|-resisted|p2a: Excadrill
|-damage|p2a: Excadrill|27\/422
|
|turn|9
|
|move|p2a: Excadrill|Earthquake|p1a: Gothitelle
|-immune|p1a: Gothitelle|[msg]
|move|p1a: Gothitelle|Trick|p2a: Excadrill
|-activate|p1a: Gothitelle|move: Trick|[of] p2a: Excadrill
|-item|p2a: Excadrill|Air Balloon
|-item|p2a: Excadrill|Air Balloon|[from] move: Trick
|-item|p1a: Gothitelle|Choice Scarf|[from] move: Trick
|
|turn|10
|chat|Saucyboiii|it is
|chat|Saucyboiii|i just think its funny that it worked
|
|move|p1a: Gothitelle|Psychic|p2a: Excadrill
|-resisted|p2a: Excadrill
|-damage|p2a: Excadrill|0 fnt
|-enditem|p2a: Excadrill|Air Balloon
|faint|p2a: Excadrill
|
|
|switch|p2a: Talonflame|Talonflame, M|298\/298
|turn|11
|
|switch|p1a: Rotom-Wash|Rotom-Wash|304\/304
|-damage|p1a: Rotom-Wash|266\/304|[from] Stealth Rock
|move|p2a: Talonflame|Brave Bird|p1a: Rotom-Wash
|-resisted|p1a: Rotom-Wash
|-damage|p1a: Rotom-Wash|203\/304
|-damage|p2a: Talonflame|277\/298|[from] recoil|[of] p1a: Rotom-Wash
|
|-heal|p1a: Rotom-Wash|222\/304|[from] item: Leftovers
|turn|12
|
|switch|p2a: Rotom-Wash|Rotom-Wash|304\/304
|move|p1a: Rotom-Wash|Volt Switch|p2a: Rotom-Wash
|-damage|p2a: Rotom-Wash|216\/304
|
|switch|p1a: Chansey|Chansey, F|641\/641
|-damage|p1a: Chansey|561\/641|[from] Stealth Rock
|
|turn|13
|
|move|p2a: Rotom-Wash|Volt Switch|p1a: Chansey
|-damage|p1a: Chansey|515\/641
|
|switch|p2a: Talonflame|Talonflame, M|277\/298
|move|p1a: Chansey|Stealth Rock|p2a: Talonflame
|-sidestart|p2: okcoolyo|move: Stealth Rock
|
|turn|14
|
|move|p2a: Talonflame|Swords Dance|p2a: Talonflame
|-boost|p2a: Talonflame|atk|2
|move|p1a: Chansey|Soft-Boiled|p1a: Chansey
|-heal|p1a: Chansey|641\/641
|
|turn|15
|
|move|p2a: Talonflame|Swords Dance|p2a: Talonflame
|-boost|p2a: Talonflame|atk|2
|move|p1a: Chansey|Seismic Toss|p2a: Talonflame
|-damage|p2a: Talonflame|177\/298
|
|turn|16
|
|move|p2a: Talonflame|Roost|p2a: Talonflame
|-heal|p2a: Talonflame|298\/298
|move|p1a: Chansey|Seismic Toss|p2a: Talonflame
|-damage|p2a: Talonflame|198\/298
|
|turn|17
|
|move|p2a: Talonflame|Roost|p2a: Talonflame
|-heal|p2a: Talonflame|298\/298
|move|p1a: Chansey|Seismic Toss|p2a: Talonflame
|-damage|p2a: Talonflame|198\/298
|
|turn|18
|
|move|p2a: Talonflame|Swords Dance|p2a: Talonflame
|-boost|p2a: Talonflame|atk|2
|move|p1a: Chansey|Seismic Toss|p2a: Talonflame
|-damage|p2a: Talonflame|98\/298
|
|turn|19
|
|move|p2a: Talonflame|Roost|p2a: Talonflame
|-heal|p2a: Talonflame|247\/298
|move|p1a: Chansey|Seismic Toss|p2a: Talonflame
|-damage|p2a: Talonflame|147\/298
|
|turn|20
|
|switch|p1a: Ditto|Ditto|300\/300
|-damage|p1a: Ditto|263\/300|[from] Stealth Rock
|-transform|p1a: Ditto|p2a: Talonflame
|move|p2a: Talonflame|Roost|p2a: Talonflame
|-heal|p2a: Talonflame|296\/298
|
|turn|21
|
|switch|p2a: Skarmory|Skarmory, F|265\/334
|-damage|p2a: Skarmory|224\/334|[from] Stealth Rock
|move|p1a: Ditto|Brave Bird|p2a: Skarmory
|-resisted|p2a: Skarmory
|-damage|p2a: Skarmory|56\/334
|-damage|p1a: Ditto|208\/300|[from] recoil|[of] p2a: Skarmory
|
|turn|22
|
|move|p1a: Ditto|Brave Bird|p2a: Skarmory
|-resisted|p2a: Skarmory
|-damage|p2a: Skarmory|0 fnt
|-damage|p1a: Ditto|190\/300|[from] recoil|[of] p2a: Skarmory
|faint|p2a: Skarmory
|
|-message|okcoolyo forfeited.
|
|win|ItoI6
|raw|Ladder updating...
|leave|okcoolyo
|player|p2
|raw|ItoI6's rating: 1896 &rarr; <strong>1905<\/strong><br \/>(+9 for winning)
|raw|okcoolyo's rating: 1689 &rarr; <strong>1679<\/strong><br \/>(-10 for losing)