|join|lil manaphy
|join|okcoolyo
|player|p1|lil manaphy|8
|player|p2|okcoolyo|101
|gametype|singles
|gen|6
|tier|OU
|rated
|clearpoke
|poke|p1|Lopunny, F
|poke|p1|Rotom-Wash
|poke|p1|Gothitelle, M
|poke|p1|Mandibuzz, F
|poke|p1|Heatran, M
|poke|p1|Celebi
|poke|p2|Mew
|poke|p2|Tyranitar, F
|poke|p2|Skarmory, M
|poke|p2|Heatran, M
|poke|p2|Keldeo
|poke|p2|Venusaur, F
|rule|Swagger Clause: Swagger is banned
|rule|Baton Pass Clause: Limit one PokÃ©mon knowing Baton Pass
|rule|Sleep Clause Mod: Limit one foe put to sleep
|rule|Species Clause: Limit one of each PokÃ©mon
|rule|OHKO Clause: OHKO moves are banned
|rule|Moody Clause: Moody is banned
|rule|Evasion Moves Clause: Evasion moves are banned
|rule|Endless Battle Clause: Forcing endless battles is banned
|rule|HP Percentage Mod: HP is shown in percentages
|teampreview
|
|start
|switch|p1a: Rotom-Wash|Rotom-Wash|303\/303
|switch|p2a: Heatran|Heatran, M|381\/381
|turn|1
|
|move|p1a: Rotom-Wash|Hydro Pump|p2a: Heatran
|-supereffective|p2a: Heatran
|-damage|p2a: Heatran|181\/381
|move|p2a: Heatran|Will-O-Wisp|p1a: Rotom-Wash|[miss]
|-miss|p2a: Heatran|p1a: Rotom-Wash
|
|-heal|p2a: Heatran|204\/381|[from] item: Leftovers
|turn|2
|
|switch|p2a: Venusaur|Venusaur, F|361\/361
|move|p1a: Rotom-Wash|Hydro Pump|p2a: Venusaur
|-resisted|p2a: Venusaur
|-damage|p2a: Venusaur|316\/361
|
|turn|3
|
|detailschange|p2a: Venusaur|Venusaur-Mega, F
|message|Venusaur has Mega Evolved into Mega Venusaur!
|move|p1a: Rotom-Wash|Volt Switch|p2a: Venusaur
|-resisted|p2a: Venusaur
|-damage|p2a: Venusaur|291\/361
|
|switch|p1a: Gothitelle|Gothitelle, M|301\/301
|move|p2a: Venusaur|Sleep Powder|p1a: Gothitelle
|-status|p1a: Gothitelle|slp
|
|turn|4
|
|switch|p1a: Heatran|Heatran, M|386\/386
|move|p2a: Venusaur|Giga Drain|p1a: Heatran
|-resisted|p1a: Heatran
|-damage|p1a: Heatran|367\/386
|-heal|p2a: Venusaur|301\/361|[from] drain|[of] p1a: Heatran
|
|-heal|p1a: Heatran|386\/386|[from] item: Leftovers
|turn|5
|
|switch|p2a: Keldeo|Keldeo|323\/323
|move|p1a: Heatran|Stealth Rock|p2a: Keldeo
|-sidestart|p2: okcoolyo|move: Stealth Rock
|
|turn|6
|
|switch|p2a: Heatran|Heatran, M|204\/381
|-damage|p2a: Heatran|157\/381|[from] Stealth Rock
|switch|p1a: Celebi|Celebi|404\/404
|
|-heal|p2a: Heatran|180\/381|[from] item: Leftovers
|turn|7
|
|switch|p1a: Rotom-Wash|Rotom-Wash|303\/303
|move|p2a: Heatran|Stealth Rock|p1a: Rotom-Wash
|-sidestart|p1: lil manaphy|move: Stealth Rock
|
|-heal|p2a: Heatran|203\/381|[from] item: Leftovers
|turn|8
|
|switch|p2a: Venusaur|Venusaur-Mega, F|301\/361
|-damage|p2a: Venusaur|256\/361|[from] Stealth Rock
|move|p1a: Rotom-Wash|Volt Switch|p2a: Venusaur
|-resisted|p2a: Venusaur
|-damage|p2a: Venusaur|230\/361
|
|switch|p1a: Heatran|Heatran, M|386\/386
|-damage|p1a: Heatran|338\/386|[from] Stealth Rock
|
|-heal|p1a: Heatran|362\/386|[from] item: Leftovers
|turn|9
|
|switch|p2a: Heatran|Heatran, M|203\/381
|-damage|p2a: Heatran|156\/381|[from] Stealth Rock
|move|p1a: Heatran|Lava Plume|p2a: Heatran
|-start|p2a: Heatran|ability: Flash Fire
|
|-heal|p2a: Heatran|179\/381|[from] item: Leftovers
|-heal|p1a: Heatran|386\/386|[from] item: Leftovers
|turn|10
|
|switch|p1a: Rotom-Wash|Rotom-Wash|303\/303
|-damage|p1a: Rotom-Wash|266\/303|[from] Stealth Rock
|move|p2a: Heatran|Earth Power|p1a: Rotom-Wash
|-immune|p1a: Rotom-Wash|[msg]
|
|-heal|p1a: Rotom-Wash|284\/303|[from] item: Leftovers
|-heal|p2a: Heatran|202\/381|[from] item: Leftovers
|turn|11
|
|switch|p2a: Venusaur|Venusaur-Mega, F|230\/361
|-damage|p2a: Venusaur|185\/361|[from] Stealth Rock
|move|p1a: Rotom-Wash|Volt Switch|p2a: Venusaur
|-resisted|p2a: Venusaur
|-damage|p2a: Venusaur|158\/361
|
|switch|p1a: Lopunny|Lopunny, F|271\/271
|-damage|p1a: Lopunny|238\/271|[from] Stealth Rock
|
|turn|12
|
|switch|p2a: Skarmory|Skarmory, M|334\/334
|-damage|p2a: Skarmory|293\/334|[from] Stealth Rock
|detailschange|p1a: Lopunny|Lopunny-Mega, F
|message|Lopunny has Mega Evolved into Mega Lopunny!
|move|p1a: Lopunny|Fake Out|p2a: Skarmory
|-resisted|p2a: Skarmory
|-damage|p2a: Skarmory|272\/334
|-damage|p1a: Lopunny|193\/271|[from] item: Rocky Helmet|[of] p2a: Skarmory
|
|turn|13
|
|switch|p1a: Rotom-Wash|Rotom-Wash|284\/303
|-damage|p1a: Rotom-Wash|247\/303|[from] Stealth Rock
|switch|p2a: Venusaur|Venusaur-Mega, F|158\/361
|-damage|p2a: Venusaur|113\/361|[from] Stealth Rock
|
|-heal|p1a: Rotom-Wash|265\/303|[from] item: Leftovers
|turn|14
|
|move|p1a: Rotom-Wash|Will-O-Wisp|p2a: Venusaur
|-status|p2a: Venusaur|brn
|move|p2a: Venusaur|Synthesis|p2a: Venusaur
|-heal|p2a: Venusaur|293\/361 brn
|
|-heal|p1a: Rotom-Wash|283\/303|[from] item: Leftovers
|-damage|p2a: Venusaur|248\/361 brn|[from] brn
|turn|15
|
|move|p1a: Rotom-Wash|Volt Switch|p2a: Venusaur
|-resisted|p2a: Venusaur
|-damage|p2a: Venusaur|219\/361 brn
|
|switch|p1a: Heatran|Heatran, M|386\/386
|-damage|p1a: Heatran|338\/386|[from] Stealth Rock
|move|p2a: Venusaur|Synthesis|p2a: Venusaur
|-heal|p2a: Venusaur|361\/361 brn
|
|-heal|p1a: Heatran|362\/386|[from] item: Leftovers
|-damage|p2a: Venusaur|316\/361 brn|[from] brn
|turn|16
|
|switch|p2a: Tyranitar|Tyranitar, F|341\/341
|-damage|p2a: Tyranitar|299\/341|[from] Stealth Rock
|-weather|Sandstorm
|switch|p1a: Lopunny|Lopunny-Mega, F|193\/271
|-damage|p1a: Lopunny|177\/271|[from] Stealth Rock
|
|-weather|Sandstorm|[upkeep]
|-damage|p1a: Lopunny|161\/271|[from] sandstorm
|turn|17
|
|switch|p2a: Mew|Mew|404\/404
|-damage|p2a: Mew|354\/404|[from] Stealth Rock
|move|p1a: Lopunny|High Jump Kick|p2a: Mew
|-resisted|p2a: Mew
|-damage|p2a: Mew|240\/404
|
|-weather|Sandstorm|[upkeep]
|-damage|p1a: Lopunny|145\/271|[from] sandstorm
|-damage|p2a: Mew|215\/404|[from] sandstorm
|-heal|p2a: Mew|240\/404|[from] item: Leftovers
|turn|18
|
|switch|p1a: Heatran|Heatran, M|362\/386
|-damage|p1a: Heatran|314\/386|[from] Stealth Rock
|move|p2a: Mew|Soft-Boiled|p2a: Mew
|-heal|p2a: Mew|404\/404
|
|-weather|Sandstorm|[upkeep]
|-damage|p2a: Mew|379\/404|[from] sandstorm
|-heal|p2a: Mew|404\/404|[from] item: Leftovers
|-heal|p1a: Heatran|338\/386|[from] item: Leftovers
|turn|19
|
|switch|p2a: Heatran|Heatran, M|202\/381
|-damage|p2a: Heatran|155\/381|[from] Stealth Rock
|move|p1a: Heatran|Toxic|p2a: Heatran
|-fail|p2a: Heatran
|
|-weather|Sandstorm|[upkeep]
|-heal|p2a: Heatran|178\/381|[from] item: Leftovers
|-heal|p1a: Heatran|362\/386|[from] item: Leftovers
|turn|20
|
|switch|p1a: Rotom-Wash|Rotom-Wash|283\/303
|-damage|p1a: Rotom-Wash|246\/303|[from] Stealth Rock
|move|p2a: Heatran|Earth Power|p1a: Rotom-Wash
|-immune|p1a: Rotom-Wash|[msg]
|
|-weather|none
|-heal|p1a: Rotom-Wash|264\/303|[from] item: Leftovers
|-heal|p2a: Heatran|201\/381|[from] item: Leftovers
|turn|21
|
|switch|p2a: Venusaur|Venusaur-Mega, F|316\/361 brn
|-damage|p2a: Venusaur|271\/361 brn|[from] Stealth Rock
|move|p1a: Rotom-Wash|Hydro Pump|p2a: Venusaur
|-resisted|p2a: Venusaur
|-damage|p2a: Venusaur|225\/361 brn
|
|-heal|p1a: Rotom-Wash|282\/303|[from] item: Leftovers
|-damage|p2a: Venusaur|180\/361 brn|[from] brn
|turn|22
|
|move|p1a: Rotom-Wash|Volt Switch|p2a: Venusaur
|-resisted|p2a: Venusaur
|-damage|p2a: Venusaur|154\/361 brn
|
|switch|p1a: Gothitelle|Gothitelle, M|301\/301 slp
|-damage|p1a: Gothitelle|264\/301 slp|[from] Stealth Rock
|move|p2a: Venusaur|Synthesis|p2a: Venusaur
|-heal|p2a: Venusaur|334\/361 brn
|
|-damage|p2a: Venusaur|289\/361 brn|[from] brn
|turn|23
|
|cant|p1a: Gothitelle|slp
|move|p2a: Venusaur|Sludge Bomb|p1a: Gothitelle
|-crit|p1a: Gothitelle
|-damage|p1a: Gothitelle|84\/301 slp
|
|-damage|p2a: Venusaur|244\/361 brn|[from] brn
|turn|24
|
|-curestatus|p1a: Gothitelle|slp
|move|p1a: Gothitelle|Psychic|p2a: Venusaur
|-supereffective|p2a: Venusaur
|-damage|p2a: Venusaur|74\/361 brn
|-unboost|p2a: Venusaur|spd|1
|move|p2a: Venusaur|Giga Drain|p1a: Gothitelle
|-damage|p1a: Gothitelle|0 fnt
|-heal|p2a: Venusaur|116\/361 brn|[from] drain|[of] p1a: Gothitelle
|faint|p1a: Gothitelle
|
|-damage|p2a: Venusaur|71\/361 brn|[from] brn
|
|switch|p1a: Lopunny|Lopunny-Mega, F|145\/271
|-damage|p1a: Lopunny|129\/271|[from] Stealth Rock
|turn|25
|
|switch|p2a: Skarmory|Skarmory, M|272\/334
|-damage|p2a: Skarmory|231\/334|[from] Stealth Rock
|move|p1a: Lopunny|Return|p2a: Skarmory
|-resisted|p2a: Skarmory
|-damage|p2a: Skarmory|178\/334
|-damage|p1a: Lopunny|84\/271|[from] item: Rocky Helmet|[of] p2a: Skarmory
|
|turn|26
|
|switch|p1a: Rotom-Wash|Rotom-Wash|282\/303
|-damage|p1a: Rotom-Wash|245\/303|[from] Stealth Rock
|move|p2a: Skarmory|Defog|p1a: Rotom-Wash
|-unboost|p1a: Rotom-Wash|evasion|1
|-sideend|p1: lil manaphy|Stealth Rock|[from] move: Defog|[of] p1a: Rotom-Wash
|-sideend|p2: okcoolyo|Stealth Rock|[from] move: Defog|[of] p2a: Skarmory
|
|-heal|p1a: Rotom-Wash|263\/303|[from] item: Leftovers
|turn|27
|
|switch|p2a: Tyranitar|Tyranitar, F|299\/341
|-weather|Sandstorm
|move|p1a: Rotom-Wash|Volt Switch|p2a: Tyranitar
|-damage|p2a: Tyranitar|230\/341
|
|switch|p1a: Lopunny|Lopunny-Mega, F|84\/271
|
|-weather|Sandstorm|[upkeep]
|-damage|p1a: Lopunny|68\/271|[from] sandstorm
|turn|28
|
|switch|p2a: Mew|Mew|404\/404
|move|p1a: Lopunny|High Jump Kick|p2a: Mew
|-resisted|p2a: Mew
|-damage|p2a: Mew|290\/404
|
|-weather|Sandstorm|[upkeep]
|-damage|p1a: Lopunny|52\/271|[from] sandstorm
|-damage|p2a: Mew|265\/404|[from] sandstorm
|-heal|p2a: Mew|290\/404|[from] item: Leftovers
|turn|29
|
|switch|p1a: Heatran|Heatran, M|362\/386
|switch|p2a: Keldeo|Keldeo|323\/323
|
|-weather|Sandstorm|[upkeep]
|-damage|p2a: Keldeo|303\/323|[from] sandstorm
|-heal|p2a: Keldeo|323\/323|[from] item: Leftovers
|-heal|p1a: Heatran|386\/386|[from] item: Leftovers
|turn|30
|
|switch|p2a: Heatran|Heatran, M|201\/381
|move|p1a: Heatran|Protect|p1a: Heatran
|-fail|p1a: Heatran
|
|-weather|Sandstorm|[upkeep]
|-heal|p2a: Heatran|224\/381|[from] item: Leftovers
|turn|31
|
|move|p2a: Heatran|Earth Power|p1a: Heatran
|-supereffective|p1a: Heatran
|-damage|p1a: Heatran|150\/386
|move|p1a: Heatran|Stealth Rock|p2a: Heatran
|-sidestart|p2: okcoolyo|move: Stealth Rock
|
|-weather|none
|-heal|p2a: Heatran|247\/381|[from] item: Leftovers
|-heal|p1a: Heatran|174\/386|[from] item: Leftovers
|turn|32
|
|switch|p1a: Rotom-Wash|Rotom-Wash|263\/303
|move|p2a: Heatran|Stealth Rock|p1a: Rotom-Wash
|-sidestart|p1: lil manaphy|move: Stealth Rock
|
|-heal|p1a: Rotom-Wash|281\/303|[from] item: Leftovers
|-heal|p2a: Heatran|270\/381|[from] item: Leftovers
|turn|33
|
|move|p1a: Rotom-Wash|Hydro Pump|p2a: Heatran
|-supereffective|p2a: Heatran
|-damage|p2a: Heatran|88\/381
|move|p2a: Heatran|Will-O-Wisp|p1a: Rotom-Wash|[miss]
|-miss|p2a: Heatran|p1a: Rotom-Wash
|
|-heal|p1a: Rotom-Wash|299\/303|[from] item: Leftovers
|-heal|p2a: Heatran|111\/381|[from] item: Leftovers
|turn|34
|
|move|p1a: Rotom-Wash|Volt Switch|p2a: Heatran
|-damage|p2a: Heatran|48\/381
|
|switch|p1a: Mandibuzz|Mandibuzz, F|424\/424
|-damage|p1a: Mandibuzz|318\/424|[from] Stealth Rock
|move|p2a: Heatran|Earth Power|p1a: Mandibuzz
|-immune|p1a: Mandibuzz|[msg]
|
|-heal|p1a: Mandibuzz|344\/424|[from] item: Leftovers
|-heal|p2a: Heatran|71\/381|[from] item: Leftovers
|turn|35
|
|switch|p2a: Skarmory|Skarmory, M|178\/334
|-damage|p2a: Skarmory|137\/334|[from] Stealth Rock
|move|p1a: Mandibuzz|Foul Play|p2a: Skarmory
|-damage|p2a: Skarmory|86\/334
|-damage|p1a: Mandibuzz|274\/424|[from] item: Rocky Helmet|[of] p2a: Skarmory
|
|-heal|p1a: Mandibuzz|300\/424|[from] item: Leftovers
|turn|36
|
|move|p1a: Mandibuzz|Taunt|p2a: Skarmory
|-start|p2a: Skarmory|move: Taunt
|cant|p2a: Skarmory|move: Taunt|Defog
|
|-heal|p1a: Mandibuzz|326\/424|[from] item: Leftovers
|turn|37
|
|switch|p2a: Tyranitar|Tyranitar, F|230\/341
|-damage|p2a: Tyranitar|188\/341|[from] Stealth Rock
|-weather|Sandstorm
|move|p1a: Mandibuzz|Foul Play|p2a: Tyranitar
|-resisted|p2a: Tyranitar
|-damage|p2a: Tyranitar|104\/341
|
|-weather|Sandstorm|[upkeep]
|-heal|p1a: Mandibuzz|352\/424|[from] item: Leftovers
|turn|38
|
|move|p2a: Tyranitar|Rock Slide|p1a: Mandibuzz
|-supereffective|p1a: Mandibuzz
|-damage|p1a: Mandibuzz|142\/424
|move|p1a: Mandibuzz|Foul Play|p2a: Tyranitar
|-crit|p2a: Tyranitar
|-resisted|p2a: Tyranitar
|-damage|p2a: Tyranitar|0 fnt
|faint|p2a: Tyranitar
|
|-weather|Sandstorm|[upkeep]
|-heal|p1a: Mandibuzz|168\/424|[from] item: Leftovers
|
|switch|p2a: Keldeo|Keldeo|323\/323
|-damage|p2a: Keldeo|303\/323|[from] Stealth Rock
|turn|39
|
|switch|p1a: Celebi|Celebi|404\/404
|-damage|p1a: Celebi|354\/404|[from] Stealth Rock
|move|p2a: Keldeo|Secret Sword|p1a: Celebi
|-resisted|p1a: Celebi
|-damage|p1a: Celebi|279\/404
|
|-weather|Sandstorm|[upkeep]
|-damage|p2a: Keldeo|283\/323|[from] sandstorm
|-damage|p1a: Celebi|254\/404|[from] sandstorm
|-heal|p2a: Keldeo|303\/323|[from] item: Leftovers
|-heal|p1a: Celebi|279\/404|[from] item: Leftovers
|turn|40
|
|switch|p2a: Mew|Mew|290\/404
|-damage|p2a: Mew|240\/404|[from] Stealth Rock
|move|p1a: Celebi|Baton Pass|p1a: Celebi
|
|switch|p1a: Heatran|Heatran, M|174\/386
|-damage|p1a: Heatran|126\/386|[from] Stealth Rock
|
|-weather|Sandstorm|[upkeep]
|-damage|p2a: Mew|215\/404|[from] sandstorm
|-heal|p2a: Mew|240\/404|[from] item: Leftovers
|-heal|p1a: Heatran|150\/386|[from] item: Leftovers
|turn|41
|
|switch|p2a: Heatran|Heatran, M|71\/381
|-damage|p2a: Heatran|24\/381|[from] Stealth Rock
|switch|p1a: Rotom-Wash|Rotom-Wash|299\/303
|-damage|p1a: Rotom-Wash|262\/303|[from] Stealth Rock
|
|-weather|none
|-heal|p1a: Rotom-Wash|280\/303|[from] item: Leftovers
|-heal|p2a: Heatran|47\/381|[from] item: Leftovers
|turn|42
|
|switch|p2a: Mew|Mew|240\/404
|-damage|p2a: Mew|190\/404|[from] Stealth Rock
|move|p1a: Rotom-Wash|Volt Switch|p2a: Mew
|-damage|p2a: Mew|124\/404
|
|switch|p1a: Lopunny|Lopunny-Mega, F|52\/271
|-damage|p1a: Lopunny|36\/271|[from] Stealth Rock
|
|-heal|p2a: Mew|149\/404|[from] item: Leftovers
|turn|43
|
|switch|p2a: Skarmory|Skarmory, M|86\/334
|-damage|p2a: Skarmory|45\/334|[from] Stealth Rock
|move|p1a: Lopunny|Fake Out|p2a: Skarmory
|-resisted|p2a: Skarmory
|-damage|p2a: Skarmory|25\/334
|-damage|p1a: Lopunny|0 fnt|[from] item: Rocky Helmet|[of] p2a: Skarmory
|faint|p1a: Lopunny
|
|
|switch|p1a: Rotom-Wash|Rotom-Wash|280\/303
|-damage|p1a: Rotom-Wash|243\/303|[from] Stealth Rock
|turn|44
|
|move|p1a: Rotom-Wash|Volt Switch|p2a: Skarmory
|-supereffective|p2a: Skarmory
|-damage|p2a: Skarmory|0 fnt
|faint|p2a: Skarmory
|
|switch|p1a: Mandibuzz|Mandibuzz, F|168\/424
|-damage|p1a: Mandibuzz|62\/424|[from] Stealth Rock
|
|-heal|p1a: Mandibuzz|88\/424|[from] item: Leftovers
|
|switch|p2a: Venusaur|Venusaur-Mega, F|71\/361 brn
|-damage|p2a: Venusaur|26\/361 brn|[from] Stealth Rock
|turn|45
|
|move|p1a: Mandibuzz|Foul Play|p2a: Venusaur
|-damage|p2a: Venusaur|0 fnt
|faint|p2a: Venusaur
|
|-heal|p1a: Mandibuzz|114\/424|[from] item: Leftovers
|
|switch|p2a: Keldeo|Keldeo|303\/323
|-damage|p2a: Keldeo|283\/323|[from] Stealth Rock
|turn|46
|
|switch|p1a: Celebi|Celebi|279\/404
|-damage|p1a: Celebi|229\/404|[from] Stealth Rock
|move|p2a: Keldeo|Calm Mind|p2a: Keldeo
|-boost|p2a: Keldeo|spa|1
|-boost|p2a: Keldeo|spd|1
|
|-heal|p2a: Keldeo|303\/323|[from] item: Leftovers
|-heal|p1a: Celebi|254\/404|[from] item: Leftovers
|turn|47
|
|move|p2a: Keldeo|Calm Mind|p2a: Keldeo
|-boost|p2a: Keldeo|spa|1
|-boost|p2a: Keldeo|spd|1
|move|p1a: Celebi|Giga Drain|p2a: Keldeo
|-supereffective|p2a: Keldeo
|-damage|p2a: Keldeo|201\/323
|-heal|p1a: Celebi|305\/404|[from] drain|[of] p2a: Keldeo
|
|-heal|p2a: Keldeo|221\/323|[from] item: Leftovers
|-heal|p1a: Celebi|330\/404|[from] item: Leftovers
|turn|48
|
|move|p2a: Keldeo|Calm Mind|p2a: Keldeo
|-boost|p2a: Keldeo|spa|1
|-boost|p2a: Keldeo|spd|1
|move|p1a: Celebi|Giga Drain|p2a: Keldeo
|-supereffective|p2a: Keldeo
|-damage|p2a: Keldeo|141\/323
|-heal|p1a: Celebi|370\/404|[from] drain|[of] p2a: Keldeo
|
|-heal|p2a: Keldeo|161\/323|[from] item: Leftovers
|-heal|p1a: Celebi|395\/404|[from] item: Leftovers
|turn|49
|
|move|p2a: Keldeo|Icy Wind|p1a: Celebi
|-supereffective|p1a: Celebi
|-damage|p1a: Celebi|175\/404
|-unboost|p1a: Celebi|spe|1
|move|p1a: Celebi|Giga Drain|p2a: Keldeo
|-supereffective|p2a: Keldeo
|-damage|p2a: Keldeo|83\/323
|-heal|p1a: Celebi|214\/404|[from] drain|[of] p2a: Keldeo
|
|-heal|p2a: Keldeo|103\/323|[from] item: Leftovers
|-heal|p1a: Celebi|239\/404|[from] item: Leftovers
|turn|50
|
|move|p2a: Keldeo|Icy Wind|p1a: Celebi
|-supereffective|p1a: Celebi
|-damage|p1a: Celebi|0 fnt
|faint|p1a: Celebi
|
|-heal|p2a: Keldeo|123\/323|[from] item: Leftovers
|-message|lil manaphy forfeited.
|
|win|okcoolyo
|raw|Ladder updating...
|leave|lil manaphy
|player|p1
|raw|lil manaphy's rating: 1654 &rarr; <strong>1628<\/strong><br \/>(-26 for losing)
|raw|okcoolyo's rating: 1554 &rarr; <strong>1579<\/strong><br \/>(+25 for winning)