|join|okcoolyo
|join|NuthinButThreats
|player|p1|okcoolyo|102
|player|p2|NuthinButThreats|155
|gametype|singles
|gen|6
|tier|OU
|rated
|clearpoke
|poke|p1|Bisharp, F
|poke|p1|Thundurus, M
|poke|p1|Keldeo
|poke|p1|Venusaur, F
|poke|p1|Heatran, F
|poke|p1|Quagsire, M
|poke|p2|Deoxys-Speed
|poke|p2|Politoed, M
|poke|p2|Kingdra, F
|poke|p2|Tornadus-Therian, M
|poke|p2|Ludicolo, F
|poke|p2|Manectric, M
|rule|Sleep Clause Mod: Limit one foe put to sleep
|rule|Species Clause: Limit one of each Pokemon
|rule|OHKO Clause: OHKO moves are banned
|rule|Moody Clause: Moody is banned
|rule|Evasion Moves Clause: Evasion moves are banned
|rule|Endless Battle Clause: Forcing endless battles is banned.
|rule|HP Percentage Mod: HP is reported as percentages
|teampreview
|
|start
|switch|p1a: Thundurus|Thundurus, M|299\/299
|switch|p2a: Deoxys-Speed|Deoxys-Speed|304\/304
|-ability|p2a: Deoxys-Speed|Pressure
|turn|1
|chat|NuthinButThreats|glhf
|
|switch|p2a: Manectric|Manectric, M|281\/281
|move|p1a: Thundurus|Taunt|p2a: Manectric
|-start|p2a: Manectric|move: Taunt
|
|turn|2
|
|switch|p1a: Quagsire|Quagsire, M|394\/394
|-ability|p2a: Manectric|Intimidate|[of] p1a: Quagsire
|-unboost|p1a: Quagsire|atk|1
|detailschange|p2a: Manectric|Manectric-Mega, M
|message|Manectric has Mega Evolved into Mega Manectric!
|move|p2a: Manectric|Volt Switch|p1a: Quagsire
|-immune|p1a: Quagsire|[msg]
|
|turn|3
|chat|okcoolyo|you too
|
|switch|p2a: Deoxys-Speed|Deoxys-Speed|304\/304
|-ability|p2a: Deoxys-Speed|Pressure
|move|p1a: Quagsire|Scald|p2a: Deoxys-Speed
|-damage|p2a: Deoxys-Speed|237\/304
|
|turn|4
|
|switch|p1a: Heatran|Heatran, F|386\/386
|move|p2a: Deoxys-Speed|Stealth Rock|p1a: Heatran
|-sidestart|p1: okcoolyo|move: Stealth Rock
|
|turn|5
|
|move|p2a: Deoxys-Speed|Taunt|p1a: Heatran
|-start|p1a: Heatran|move: Taunt
|move|p1a: Heatran|Lava Plume|p2a: Deoxys-Speed
|-damage|p2a: Deoxys-Speed|119\/304
|
|turn|6
|
|move|p2a: Deoxys-Speed|Rain Dance|p2a: Deoxys-Speed
|-weather|RainDance
|move|p1a: Heatran|Lava Plume|p2a: Deoxys-Speed
|-damage|p2a: Deoxys-Speed|53\/304
|
|-weather|RainDance|[upkeep]
|turn|7
|
|move|p2a: Deoxys-Speed|Superpower|p1a: Heatran
|-supereffective|p1a: Heatran
|-damage|p1a: Heatran|228\/386
|-unboost|p2a: Deoxys-Speed|atk|1
|-unboost|p2a: Deoxys-Speed|def|1
|move|p1a: Heatran|Lava Plume|p2a: Deoxys-Speed
|-damage|p2a: Deoxys-Speed|0 fnt
|faint|p2a: Deoxys-Speed
|
|-weather|RainDance|[upkeep]
|-heal|p1a: Heatran|252\/386|[from] item: Leftovers
|-end|p1a: Heatran|move: Taunt
|
|switch|p2a: Kingdra|Kingdra, F|291\/291
|turn|8
|
|switch|p1a: Quagsire|Quagsire, M|394\/394
|-damage|p1a: Quagsire|370\/394|[from] Stealth Rock
|move|p2a: Kingdra|Scald|p1a: Quagsire
|-damage|p1a: Quagsire|0 fnt
|faint|p1a: Quagsire
|
|-weather|RainDance|[upkeep]
|
|switch|p1a: Venusaur|Venusaur, F|364\/364
|-damage|p1a: Venusaur|319\/364|[from] Stealth Rock
|turn|9
|
|detailschange|p1a: Venusaur|Venusaur-Mega, F
|message|Venusaur has Mega Evolved into Mega Venusaur!
|move|p2a: Kingdra|Scald|p1a: Venusaur
|-resisted|p1a: Venusaur
|-damage|p1a: Venusaur|234\/364
|move|p1a: Venusaur|Giga Drain|p2a: Kingdra
|-damage|p2a: Kingdra|177\/291
|-heal|p1a: Venusaur|291\/364|[from] drain|[of] p2a: Kingdra
|
|-weather|RainDance|[upkeep]
|turn|10
|
|switch|p2a: Tornadus-Therian|Tornadus-Therian, M|299\/299
|move|p1a: Venusaur|Sludge Bomb|p2a: Tornadus-Therian
|-damage|p2a: Tornadus-Therian|160\/299
|
|-weather|RainDance|[upkeep]
|turn|11
|
|switch|p1a: Heatran|Heatran, F|252\/386
|-damage|p1a: Heatran|204\/386|[from] Stealth Rock
|move|p2a: Tornadus-Therian|Hurricane|p1a: Heatran
|-resisted|p1a: Heatran
|-damage|p1a: Heatran|123\/386
|-damage|p2a: Tornadus-Therian|131\/299|[from] item: Life Orb
|
|-weather|RainDance|[upkeep]
|-heal|p1a: Heatran|147\/386|[from] item: Leftovers
|turn|12
|
|move|p2a: Tornadus-Therian|Superpower|p1a: Heatran
|-supereffective|p1a: Heatran
|-damage|p1a: Heatran|0 fnt
|-unboost|p2a: Tornadus-Therian|atk|1
|-unboost|p2a: Tornadus-Therian|def|1
|-damage|p2a: Tornadus-Therian|102\/299|[from] item: Life Orb
|faint|p1a: Heatran
|
|-weather|RainDance|[upkeep]
|
|switch|p1a: Keldeo|Keldeo|323\/323
|-damage|p1a: Keldeo|303\/323|[from] Stealth Rock
|turn|13
|
|move|p2a: Tornadus-Therian|Hurricane|p1a: Keldeo
|-crit|p1a: Keldeo
|-supereffective|p1a: Keldeo
|-damage|p1a: Keldeo|0 fnt
|-damage|p2a: Tornadus-Therian|73\/299|[from] item: Life Orb
|faint|p1a: Keldeo
|
|-weather|none
|chat|NuthinButThreats|yeah
|chat|NuthinButThreats|thought u were cm
|
|switch|p1a: Thundurus|Thundurus, M|299\/299
|-damage|p1a: Thundurus|225\/299|[from] Stealth Rock
|turn|14
|chat|okcoolyo|fuck i thought i scarfed him rofl
|
|switch|p2a: Manectric|Manectric-Mega, M|281\/281
|-ability|p2a: Manectric|Intimidate|[of] p1a: Thundurus
|-unboost|p1a: Thundurus|atk|1
|move|p1a: Thundurus|Thunderbolt|p2a: Manectric
|-resisted|p2a: Manectric
|-damage|p2a: Manectric|190\/281
|
|-heal|p1a: Thundurus|243\/299|[from] item: Leftovers
|turn|15
|chat|okcoolyo|gg
|chat|NuthinButThreats|gg
|
|switch|p1a: Venusaur|Venusaur-Mega, F|291\/364
|-damage|p1a: Venusaur|246\/364|[from] Stealth Rock
|move|p2a: Manectric|Hidden Power|p1a: Venusaur
|-supereffective|p1a: Venusaur
|-damage|p1a: Venusaur|196\/364
|
|turn|16
|
|move|p2a: Manectric|Volt Switch|p1a: Venusaur
|-resisted|p1a: Venusaur
|-damage|p1a: Venusaur|158\/364
|
|switch|p2a: Politoed|Politoed, M|384\/384
|-weather|RainDance
|move|p1a: Venusaur|Sludge Bomb|p2a: Politoed
|-damage|p2a: Politoed|278\/384
|-status|p2a: Politoed|psn
|
|-weather|RainDance|[upkeep]
|-damage|p2a: Politoed|230\/384 psn|[from] psn
|turn|17
|
|move|p1a: Venusaur|Sleep Powder|p2a: Politoed|[miss]
|-miss|p1a: Venusaur|p2a: Politoed
|move|p2a: Politoed|Encore|p1a: Venusaur
|-start|p1a: Venusaur|Encore
|
|-weather|RainDance|[upkeep]
|-damage|p2a: Politoed|182\/384 psn|[from] psn
|turn|18
|
|switch|p2a: Lulu|Ludicolo, F|302\/302
|move|p1a: Venusaur|Sleep Powder|p2a: Lulu
|-fail|p2a: Lulu
|
|-weather|RainDance|[upkeep]
|turn|19
|
|move|p2a: Lulu|Scald|p1a: Venusaur
|-resisted|p1a: Venusaur
|-damage|p1a: Venusaur|88\/364
|-damage|p2a: Lulu|272\/302|[from] item: Life Orb
|move|p1a: Venusaur|Sleep Powder|p2a: Lulu
|-fail|p2a: Lulu
|
|-weather|RainDance|[upkeep]
|turn|20
|
|move|p2a: Lulu|Ice Beam|p1a: Venusaur
|-supereffective|p1a: Venusaur
|-damage|p1a: Venusaur|10\/364
|-damage|p2a: Lulu|242\/302|[from] item: Life Orb
|move|p1a: Venusaur|Sleep Powder|p2a: Lulu
|-fail|p2a: Lulu
|
|-weather|RainDance|[upkeep]
|-end|p1a: Venusaur|Encore
|turn|21
|
|move|p2a: Lulu|Scald|p1a: Venusaur
|-resisted|p1a: Venusaur
|-damage|p1a: Venusaur|0 fnt
|-damage|p2a: Lulu|212\/302|[from] item: Life Orb
|faint|p1a: Venusaur
|
|-weather|RainDance|[upkeep]
|
|switch|p1a: Thundurus|Thundurus, M|243\/299
|-damage|p1a: Thundurus|169\/299|[from] Stealth Rock
|turn|22
|
|move|p2a: Lulu|Ice Beam|p1a: Thundurus
|-supereffective|p1a: Thundurus
|-damage|p1a: Thundurus|0 fnt
|-damage|p2a: Lulu|182\/302|[from] item: Life Orb
|faint|p1a: Thundurus
|
|-weather|RainDance|[upkeep]
|
|switch|p1a: Bisharp|Bisharp, F|272\/272
|-damage|p1a: Bisharp|255\/272|[from] Stealth Rock
|turn|23
|
|move|p2a: Lulu|Scald|p1a: Bisharp
|-damage|p1a: Bisharp|0 fnt
|-damage|p2a: Lulu|152\/302|[from] item: Life Orb
|faint|p1a: Bisharp
|
|win|NuthinButThreats
|raw|Ladder updating...
|raw|okcoolyo's rating: 1573 &rarr; <strong>1551<\/strong><br \/>(-22 for losing)
|raw|NuthinButThreats's rating: 1529 &rarr; <strong>1551<\/strong><br \/>(+22 for winning)
|leave|okcoolyo
|player|p1
|chat|NuthinButThreats|gg