|join|okcoolyo
|join|Death Sythe
|player|p1|okcoolyo|170
|player|p2|Death Sythe|264
|gametype|singles
|gen|6
|tier|OU
|rated
|clearpoke
|poke|p1|Mawile, M
|poke|p1|Thundurus, M
|poke|p1|Tyranitar, F
|poke|p1|Keldeo
|poke|p1|Skarmory, M
|poke|p1|Ditto
|poke|p2|Klefki, M
|poke|p2|Heatran, F
|poke|p2|Aegislash, M, shiny
|poke|p2|Skarmory, M
|poke|p2|Scizor, M
|poke|p2|Empoleon, M
|rule|Sleep Clause Mod: Limit one foe put to sleep
|rule|Species Clause: Limit one of each Pokemon
|rule|OHKO Clause: OHKO moves are banned
|rule|Moody Clause: Moody is banned
|rule|Evasion Moves Clause: Evasion moves are banned
|rule|Endless Battle Clause: Forcing endless battles is banned.
|rule|HP Percentage Mod: HP is reported as percentages
|teampreview
|
|start
|switch|p1a: Thundurus|Thundurus, M|299\/299
|switch|p2a: Klefki|Klefki, M|318\/318
|turn|1
|
|move|p1a: Thundurus|Taunt|p2a: Klefki
|-start|p2a: Klefki|move: Taunt
|cant|p2a: Klefki|move: Taunt|Light Screen
|
|turn|2
|
|move|p1a: Thundurus|Thunderbolt|p2a: Klefki
|-damage|p2a: Klefki|173\/318
|move|p2a: Klefki|Foul Play|p1a: Thundurus
|-damage|p1a: Thundurus|175\/299
|
|-heal|p1a: Thundurus|193\/299|[from] item: Leftovers
|turn|3
|
|move|p1a: Thundurus|Thunderbolt|p2a: Klefki
|-damage|p2a: Klefki|29\/318
|move|p2a: Klefki|Foul Play|p1a: Thundurus
|-damage|p1a: Thundurus|74\/299
|
|-heal|p1a: Thundurus|92\/299|[from] item: Leftovers
|-end|p2a: Klefki|move: Taunt
|turn|4
|
|move|p2a: Klefki|Light Screen|p2a: Klefki
|-sidestart|p2: Death Sythe|move: Light Screen
|move|p1a: Thundurus|Thunderbolt|p2a: Klefki
|-damage|p2a: Klefki|0 fnt
|faint|p2a: Klefki
|
|-heal|p1a: Thundurus|110\/299|[from] item: Leftovers
|
|switch|p2a: Aegislash|Aegislash, M, shiny|324\/324
|turn|5
|
|switch|p1a: Tyranitar|Tyranitar, F|404\/404
|-weather|Sandstorm
|-formechange|p2a: Aegislash|Aegislash-Blade
|move|p2a: Aegislash|Sacred Sword|p1a: Tyranitar
|-supereffective|p1a: Tyranitar
|-damage|p1a: Tyranitar|12\/404
|
|-weather|Sandstorm|[upkeep]
|turn|6
|
|switch|p1a: Skarmory|Skarmory, M|334\/334
|move|p2a: Aegislash|Shadow Sneak|p1a: Skarmory
|-damage|p1a: Skarmory|292\/334
|-damage|p2a: Aegislash|270\/324|[from] item: Rocky Helmet|[of] p1a: Skarmory
|
|-weather|Sandstorm|[upkeep]
|turn|7
|
|switch|p1a: Tyranitar|Tyranitar, F|12\/404
|move|p2a: Aegislash|Shadow Ball|p1a: Tyranitar
|-resisted|p1a: Tyranitar
|-damage|p1a: Tyranitar|0 fnt
|faint|p1a: Tyranitar
|
|-weather|Sandstorm|[upkeep]
|
|switch|p1a: Mawile|Mawile, M|304\/304
|-ability|p1a: Mawile|Intimidate|[of] p2a: Aegislash
|-unboost|p2a: Aegislash|atk|1
|turn|8
|
|switch|p2a: Scizor|Scizor, M|344\/344
|detailschange|p1a: Mawile|Mawile-Mega, M
|message|Mawile has Mega Evolved into Mega Mawile!
|move|p1a: Mawile|Sucker Punch|p2a: Scizor
|-fail|p2a: Scizor
|
|-weather|Sandstorm|[upkeep]
|turn|9
|
|switch|p1a: Skarmory|Skarmory, M|292\/334
|detailschange|p2a: Scizor|Scizor-Mega, M
|message|Scizor has Mega Evolved into Mega Scizor!
|move|p2a: Scizor|Swords Dance|p2a: Scizor
|-boost|p2a: Scizor|atk|2
|
|-weather|none
|turn|10
|
|move|p2a: Scizor|Pursuit|p1a: Skarmory
|-damage|p1a: Skarmory|199\/334
|-damage|p2a: Scizor|287\/344|[from] item: Rocky Helmet|[of] p1a: Skarmory
|move|p1a: Skarmory|Whirlwind|p2a: Scizor
|drag|p2a: Aegislash|Aegislash, M, shiny|270\/324
|
|turn|11
|
|move|p1a: Skarmory|Roost|p1a: Skarmory
|-heal|p1a: Skarmory|334\/334
|-formechange|p2a: Aegislash|Aegislash-Blade
|move|p2a: Aegislash|Shadow Ball|p1a: Skarmory
|-damage|p1a: Skarmory|168\/334
|-unboost|p1a: Skarmory|spd|1
|
|-sideend|p2: Death Sythe|move: Light Screen
|turn|12
|
|move|p1a: Skarmory|Brave Bird|p2a: Aegislash
|-resisted|p2a: Aegislash
|-damage|p2a: Aegislash|195\/324
|-damage|p1a: Skarmory|143\/334|[from] recoil|[of] p2a: Aegislash
|move|p2a: Aegislash|Shadow Ball|p1a: Skarmory
|-damage|p1a: Skarmory|0 fnt
|faint|p1a: Skarmory
|
|
|switch|p1a: Mawile|Mawile-Mega, M|304\/304
|turn|13
|
|switch|p2a: Scizor|Scizor-Mega, M|287\/344
|move|p1a: Mawile|Sucker Punch|p2a: Scizor
|-fail|p2a: Scizor
|
|turn|14
|
|-singleturn|p1a: Mawile|move: Focus Punch
|move|p2a: Scizor|Swords Dance|p2a: Scizor
|-boost|p2a: Scizor|atk|2
|move|p1a: Mawile|Focus Punch|p2a: Scizor
|-damage|p2a: Scizor|15\/344
|
|turn|15
|
|move|p1a: Mawile|Sucker Punch|p2a: Scizor
|-fail|p2a: Scizor
|move|p2a: Scizor|Roost|p2a: Scizor
|-heal|p2a: Scizor|187\/344
|
|turn|16
|
|move|p2a: Scizor|Bullet Punch|p1a: Mawile
|-damage|p1a: Mawile|87\/304
|move|p1a: Mawile|Play Rough|p2a: Scizor
|-resisted|p2a: Scizor
|-damage|p2a: Scizor|71\/344
|
|turn|17
|
|switch|p1a: Ditto|Ditto|299\/299
|-transform|p1a: Ditto|p2a: Scizor
|move|p2a: Scizor|Roost|p2a: Scizor
|-heal|p2a: Scizor|243\/344
|
|turn|18
|
|move|p1a: Ditto|Bullet Punch|p2a: Scizor
|-resisted|p2a: Scizor
|-damage|p2a: Scizor|138\/344
|move|p2a: Scizor|Roost|p2a: Scizor
|-heal|p2a: Scizor|310\/344
|
|turn|19
|
|move|p1a: Ditto|Bullet Punch|p2a: Scizor
|-resisted|p2a: Scizor
|-damage|p2a: Scizor|214\/344
|move|p2a: Scizor|Swords Dance|p2a: Scizor
|-boost|p2a: Scizor|atk|2
|
|turn|20
|
|switch|p1a: Mawile|Mawile-Mega, M|87\/304
|move|p2a: Scizor|Roost|p2a: Scizor
|-heal|p2a: Scizor|344\/344
|
|turn|21
|
|move|p2a: Scizor|Bullet Punch|p1a: Mawile
|-crit|p1a: Mawile
|-damage|p1a: Mawile|0 fnt
|faint|p1a: Mawile
|
|
|switch|p1a: Keldeo|Keldeo|322\/322
|turn|22
|
|move|p2a: Scizor|Bullet Punch|p1a: Keldeo
|-resisted|p1a: Keldeo
|-damage|p1a: Keldeo|95\/322
|move|p1a: Keldeo|Hydro Pump|p2a: Scizor
|-damage|p2a: Scizor|43\/344
|
|turn|23
|
|move|p2a: Scizor|Bullet Punch|p1a: Keldeo
|-resisted|p1a: Keldeo
|-damage|p1a: Keldeo|0 fnt
|faint|p1a: Keldeo
|
|
|switch|p1a: Ditto|Ditto|299\/299
|-transform|p1a: Ditto|p2a: Scizor
|turn|24
|
|move|p1a: Ditto|Bullet Punch|p2a: Scizor
|-resisted|p2a: Scizor
|-damage|p2a: Scizor|0 fnt
|faint|p2a: Scizor
|
|
|switch|p2a: Aegislash|Aegislash, M, shiny|195\/324
|turn|25
|
|move|p2a: Aegislash|King's Shield|p2a: Aegislash
|-singleturn|p2a: Aegislash|Protect
|move|p1a: Ditto|Bullet Punch|p2a: Aegislash
|-activate|p2a: Aegislash|Protect
|-unboost|p1a: Ditto|atk|2
|
|turn|26
|
|move|p1a: Ditto|Bullet Punch|p2a: Aegislash
|-resisted|p2a: Aegislash
|-damage|p2a: Aegislash|120\/324
|-formechange|p2a: Aegislash|Aegislash-Blade
|move|p2a: Aegislash|Shadow Ball|p1a: Ditto
|-damage|p1a: Ditto|164\/299
|
|turn|27
|
|switch|p1a: Thundurus|Thundurus, M|110\/299
|-formechange|p2a: Aegislash|Aegislash
|move|p2a: Aegislash|King's Shield|p2a: Aegislash
|-fail|p2a: Aegislash
|
|-heal|p1a: Thundurus|128\/299|[from] item: Leftovers
|turn|28
|
|move|p1a: Thundurus|Thunderbolt|p2a: Aegislash
|-damage|p2a: Aegislash|20\/324
|-formechange|p2a: Aegislash|Aegislash-Blade
|move|p2a: Aegislash|Shadow Ball|p1a: Thundurus
|-damage|p1a: Thundurus|0 fnt
|faint|p1a: Thundurus
|
|
|switch|p1a: Ditto|Ditto|164\/299
|-transform|p1a: Ditto|p2a: Aegislash
|turn|29
|chat|Death Sythe|gg
|
|-formechange|p2a: Aegislash|Aegislash
|move|p2a: Aegislash|King's Shield|p2a: Aegislash
|-singleturn|p2a: Aegislash|Protect
|move|p1a: Ditto|Shadow Ball|p2a: Aegislash
|-activate|p2a: Aegislash|Protect
|
|turn|30
|chat|okcoolyo|gg
|
|-formechange|p2a: Aegislash|Aegislash-Blade
|move|p2a: Aegislash|Shadow Sneak|p1a: Ditto
|-supereffective|p1a: Ditto
|-damage|p1a: Ditto|0 fnt
|faint|p1a: Ditto
|
|win|Death Sythe
|raw|Ladder updating...
|raw|okcoolyo's rating: 1724 &rarr; <strong>1699<\/strong><br \/>(-25 for losing)
|raw|Death Sythe's rating: 1635 &rarr; <strong>1660<\/strong><br \/>(+25 for winning)
|leave|okcoolyo
|player|p1