|join|okcoolyo
|join|RayCharls
|player|p1|okcoolyo|2
|player|p2|RayCharls|155
|gametype|singles
|gen|6
|tier|OU
|rated
|clearpoke
|poke|p1|Excadrill, M
|poke|p1|Talonflame, F
|poke|p1|Garchomp, M
|poke|p1|Venusaur, M
|poke|p1|Keldeo
|poke|p1|Skarmory, F
|poke|p2|Deoxys-Speed
|poke|p2|Bisharp, M
|poke|p2|Landorus, M
|poke|p2|Thundurus, M
|poke|p2|Forretress, F
|poke|p2|Mawile, M
|rule|Sleep Clause Mod: Limit one foe put to sleep
|rule|Species Clause: Limit one of each Pokemon
|rule|OHKO Clause: OHKO moves are banned
|rule|Moody Clause: Moody is banned
|rule|Evasion Moves Clause: Evasion moves are banned
|rule|Endless Battle Clause: Forcing endless battles is banned.
|rule|HP Percentage Mod: HP is reported as percentages
|teampreview
|
|start
|switch|p1a: Talonflame|Talonflame, F|298\/298
|switch|p2a: Forretress|Forretress, F|354\/354
|turn|1
|
|move|p1a: Talonflame|Flare Blitz|p2a: Forretress
|-supereffective|p2a: Forretress
|-damage|p2a: Forretress|26\/354
|-damage|p1a: Talonflame|190\/298|[from] recoil|[of] p2a: Forretress
|move|p2a: Forretress|Stealth Rock|p1a: Talonflame
|-sidestart|p1: okcoolyo|move: Stealth Rock
|
|turn|2
|
|move|p1a: Talonflame|Swords Dance|p1a: Talonflame
|-boost|p1a: Talonflame|atk|2
|move|p2a: Forretress|Spikes|p1a: Talonflame
|-sidestart|p1: okcoolyo|Spikes
|
|turn|3
|
|move|p1a: Talonflame|Roost|p1a: Talonflame
|-heal|p1a: Talonflame|298\/298
|move|p2a: Forretress|Volt Switch|p1a: Talonflame
|-damage|p1a: Talonflame|247\/298
|
|switch|p2a: Thundurus|Thundurus, M|299\/299
|
|turn|4
|
|move|p1a: Talonflame|Flare Blitz|p2a: Thundurus
|-damage|p2a: Thundurus|0 fnt
|-damage|p1a: Talonflame|148\/298|[from] recoil|[of] p2a: Thundurus
|faint|p2a: Thundurus
|
|
|switch|p2a: Bisharp|Bisharp, M|272\/272
|turn|5
|
|move|p1a: Talonflame|Roost|p1a: Talonflame
|-heal|p1a: Talonflame|297\/298
|move|p2a: Bisharp|Knock Off|p1a: Talonflame
|-damage|p1a: Talonflame|0 fnt
|-damage|p2a: Bisharp|245\/272|[from] item: Life Orb
|faint|p1a: Talonflame
|
|
|switch|p1a: Skarmory|Skarmory, F|272\/272
|-damage|p1a: Skarmory|238\/272|[from] Stealth Rock
|turn|6
|
|move|p2a: Bisharp|Knock Off|p1a: Skarmory
|-damage|p1a: Skarmory|89\/272
|-damage|p2a: Bisharp|200\/272|[from] item: Rocky Helmet|[of] p1a: Skarmory
|-enditem|p1a: Skarmory|Rocky Helmet|[from] move: Knock Off|[of] p2a: Bisharp
|-damage|p2a: Bisharp|173\/272|[from] item: Life Orb
|move|p1a: Skarmory|Whirlwind|p2a: Bisharp
|drag|p2a: Deoxys-Speed|Deoxys-Speed|241\/241
|-ability|p2a: Deoxys-Speed|Pressure
|
|turn|7
|
|move|p2a: Deoxys-Speed|Ice Beam|p1a: Skarmory
|-damage|p1a: Skarmory|0 fnt
|-damage|p2a: Deoxys-Speed|217\/241|[from] item: Life Orb
|faint|p1a: Skarmory
|
|
|switch|p1a: Keldeo|Keldeo|323\/323
|-damage|p1a: Keldeo|303\/323|[from] Stealth Rock
|-damage|p1a: Keldeo|263\/323|[from] Spikes
|turn|8
|chat|RayCharls|deo-s
|chat|RayCharls|is such a monster
|
|move|p2a: Deoxys-Speed|Psycho Boost|p1a: Keldeo
|-supereffective|p1a: Keldeo
|-damage|p1a: Keldeo|0 fnt
|-unboost|p2a: Deoxys-Speed|spa|2
|-damage|p2a: Deoxys-Speed|193\/241|[from] item: Life Orb
|faint|p1a: Keldeo
|
|
|switch|p1a: Garchomp|Garchomp, M|357\/357
|-damage|p1a: Garchomp|313\/357|[from] Spikes
|-damage|p1a: Garchomp|291\/357|[from] Stealth Rock
|turn|9
|
|switch|p2a: Forretress|Forretress, F|26\/354
|move|p1a: Garchomp|Earthquake|p2a: Forretress
|-damage|p2a: Forretress|0 fnt
|faint|p2a: Forretress
|
|
|switch|p2a: Deoxys-Speed|Deoxys-Speed|193\/241
|-ability|p2a: Deoxys-Speed|Pressure
|turn|10
|
|move|p2a: Deoxys-Speed|Ice Beam|p1a: Garchomp
|-supereffective|p1a: Garchomp
|-damage|p1a: Garchomp|0 fnt
|-damage|p2a: Deoxys-Speed|169\/241|[from] item: Life Orb
|faint|p1a: Garchomp
|
|
|switch|p1a: Venusaur|Venusaur, M|363\/363
|-damage|p1a: Venusaur|318\/363|[from] Stealth Rock
|-damage|p1a: Venusaur|273\/363|[from] Spikes
|turn|11
|
|detailschange|p1a: Venusaur|Venusaur-Mega, M
|message|Venusaur has Mega Evolved into Mega Venusaur!
|move|p2a: Deoxys-Speed|Psycho Boost|p1a: Venusaur
|-supereffective|p1a: Venusaur
|-damage|p1a: Venusaur|0 fnt
|-unboost|p2a: Deoxys-Speed|spa|2
|-damage|p2a: Deoxys-Speed|145\/241|[from] item: Life Orb
|faint|p1a: Venusaur
|
|-message|okcoolyo forfeited.
|
|win|RayCharls
|raw|Ladder updating...
|leave|okcoolyo
|player|p1
|raw|okcoolyo's rating: 1674 &rarr; <strong>1653<\/strong><br \/>(-21 for losing)
|raw|RayCharls's rating: 1636 &rarr; <strong>1658<\/strong><br \/>(+22 for winning)