|join|okcoolyo
|join|Fieryguns
|player|p1|okcoolyo|1
|player|p2|Fieryguns|144
|gametype|singles
|gen|6
|tier|OU
|rated
|clearpoke
|poke|p1|Gothitelle, M
|poke|p1|Gyarados, F
|poke|p1|Excadrill, F
|poke|p1|Tyranitar, F
|poke|p1|Latios, M
|poke|p1|Breloom, F
|poke|p2|Breloom, F
|poke|p2|Excadrill, M
|poke|p2|Azumarill, M
|poke|p2|Charizard, M
|poke|p2|Tyranitar, M, shiny
|poke|p2|Landorus, M
|rule|Sleep Clause Mod: Limit one foe put to sleep
|rule|Species Clause: Limit one of each Pokemon
|rule|OHKO Clause: OHKO moves are banned
|rule|Moody Clause: Moody is banned
|rule|Evasion Moves Clause: Evasion moves are banned
|rule|Endless Battle Clause: Forcing endless battles is banned.
|rule|HP Percentage Mod: HP is reported as percentages
|teampreview
|
|start
|switch|p1a: Gothitelle|Gothitelle, M|281\/281
|switch|p2a: Breloom|Breloom, F|262\/262
|turn|1
|
|move|p2a: Breloom|Spore|p1a: Gothitelle
|-status|p1a: Gothitelle|slp
|cant|p1a: Gothitelle|slp
|
|turn|2
|
|switch|p1a: Latios|Latios, M|301\/301
|move|p2a: Breloom|Bullet Seed|p1a: Latios
|-resisted|p1a: Latios
|-damage|p1a: Latios|265\/301
|-resisted|p1a: Latios
|-damage|p1a: Latios|223\/301
|-hitcount|p1a: Latios|2
|
|turn|3
|
|switch|p1a: Breloom|Breloom, F|262\/262
|switch|p2a: Choice Band|Azumarill, M|404\/404
|
|turn|4
|
|switch|p2a: Breloom|Breloom, F|262\/262
|move|p1a: Breloom|Bullet Seed|p2a: Breloom
|-resisted|p2a: Breloom
|-damage|p2a: Breloom|220\/262
|-resisted|p2a: Breloom
|-damage|p2a: Breloom|182\/262
|-resisted|p2a: Breloom
|-damage|p2a: Breloom|141\/262
|-hitcount|p2a: Breloom|3
|
|turn|5
|
|move|p2a: Breloom|Mach Punch|p1a: Breloom
|-damage|p1a: Breloom|126\/262
|move|p1a: Breloom|Bullet Seed|p2a: Breloom
|-resisted|p2a: Breloom
|-damage|p2a: Breloom|100\/262
|-resisted|p2a: Breloom
|-damage|p2a: Breloom|59\/262
|-resisted|p2a: Breloom
|-damage|p2a: Breloom|17\/262
|-resisted|p2a: Breloom
|-damage|p2a: Breloom|0 fnt
|-hitcount|p2a: Breloom|4
|faint|p2a: Breloom
|
|
|switch|p2a: Charizard|Charizard, M|297\/297
|turn|6
|
|detailschange|p2a: Charizard|Charizard-Mega-X, M
|message|Charizard has Mega Evolved into Mega Charizard!
|move|p2a: Charizard|Dragon Claw|p1a: Breloom
|-damage|p1a: Breloom|0 fnt
|faint|p1a: Breloom
|
|
|switch|p1a: Gyarados|Gyarados, F|331\/331
|-ability|p1a: Gyarados|Intimidate|[of] p2a: Charizard
|-unboost|p2a: Charizard|atk|1
|turn|7
|
|move|p2a: Charizard|Thunder Punch|p1a: Gyarados
|-supereffective|p1a: Gyarados
|-damage|p1a: Gyarados|0 fnt
|faint|p1a: Gyarados
|
|
|switch|p1a: Latios|Latios, M|223\/301
|turn|8
|
|switch|p2a: Choice Band|Azumarill, M|404\/404
|move|p1a: Latios|Draco Meteor|p2a: Choice Band
|-immune|p2a: Choice Band|[msg]
|
|turn|9
|
|switch|p1a: Gothitelle|Gothitelle, M|281\/281 slp
|move|p2a: Choice Band|Play Rough|p1a: Gothitelle
|-damage|p1a: Gothitelle|83\/281 slp
|
|turn|10
|
|move|p2a: Choice Band|Aqua Jet|p1a: Gothitelle
|-damage|p1a: Gothitelle|0 fnt
|faint|p1a: Gothitelle
|
|
|switch|p1a: Tyranitar|Tyranitar, F|403\/403
|-weather|Sandstorm
|turn|11
|
|move|p1a: Tyranitar|Stealth Rock|p2a: Choice Band
|-sidestart|p2: Fieryguns|move: Stealth Rock
|move|p2a: Choice Band|Waterfall|p1a: Tyranitar
|-supereffective|p1a: Tyranitar
|-damage|p1a: Tyranitar|163\/403
|
|-weather|Sandstorm|[upkeep]
|-damage|p2a: Choice Band|379\/404|[from] sandstorm
|turn|12
|
|move|p1a: Tyranitar|Earthquake|p2a: Choice Band
|-damage|p2a: Choice Band|267\/404
|move|p2a: Choice Band|Play Rough|p1a: Tyranitar
|-supereffective|p1a: Tyranitar
|-damage|p1a: Tyranitar|0 fnt
|faint|p1a: Tyranitar
|
|-weather|Sandstorm|[upkeep]
|-damage|p2a: Choice Band|242\/404|[from] sandstorm
|
|switch|p1a: Excadrill|Excadrill, F|362\/362
|-item|p1a: Excadrill|Air Balloon
|turn|13
|
|move|p2a: Choice Band|Aqua Jet|p1a: Excadrill
|-supereffective|p1a: Excadrill
|-damage|p1a: Excadrill|80\/362
|-enditem|p1a: Excadrill|Air Balloon
|move|p1a: Excadrill|Iron Head|p2a: Choice Band
|-damage|p2a: Choice Band|61\/404
|
|-weather|Sandstorm|[upkeep]
|-damage|p2a: Choice Band|36\/404|[from] sandstorm
|turn|14
|
|switch|p1a: Latios|Latios, M|223\/301
|move|p2a: Choice Band|Aqua Jet|p1a: Latios
|-crit|p1a: Latios
|-resisted|p1a: Latios
|-damage|p1a: Latios|148\/301
|
|-weather|Sandstorm|[upkeep]
|-damage|p1a: Latios|130\/301|[from] sandstorm
|-damage|p2a: Choice Band|11\/404|[from] sandstorm
|turn|15
|
|move|p2a: Choice Band|Aqua Jet|p1a: Latios
|-resisted|p1a: Latios
|-damage|p1a: Latios|79\/301
|move|p1a: Latios|Thunderbolt|p2a: Choice Band
|-supereffective|p2a: Choice Band
|-damage|p2a: Choice Band|0 fnt
|-damage|p1a: Latios|49\/301|[from] item: Life Orb
|faint|p2a: Choice Band
|
|-weather|Sandstorm|[upkeep]
|-damage|p1a: Latios|31\/301|[from] sandstorm
|
|switch|p2a: Excadrill|Excadrill, M|362\/362
|-damage|p2a: Excadrill|351\/362|[from] Stealth Rock
|-item|p2a: Excadrill|Air Balloon
|turn|16
|
|move|p2a: Excadrill|Iron Head|p1a: Latios
|-damage|p1a: Latios|0 fnt
|faint|p1a: Latios
|
|-weather|Sandstorm|[upkeep]
|
|switch|p1a: Excadrill|Excadrill, F|80\/362
|turn|17
|
|move|p2a: Excadrill|Earthquake|p1a: Excadrill
|-supereffective|p1a: Excadrill
|-damage|p1a: Excadrill|0 fnt
|faint|p1a: Excadrill
|
|win|Fieryguns
|raw|Ladder updating...
|raw|okcoolyo's rating: 1644 &rarr; <strong>1620<\/strong><br \/>(-24 for losing)
|raw|Fieryguns's rating: 1562 &rarr; <strong>1586<\/strong><br \/>(+24 for winning)
|leave|okcoolyo
|player|p1