|join|Oscquito
|join|okcoolyo
|player|p1|Oscquito|1
|player|p2|okcoolyo|203
|gametype|singles
|gen|6
|tier|OU
|rated
|clearpoke
|poke|p1|Terrakion
|poke|p1|Azumarill, M
|poke|p1|Garchomp, M
|poke|p1|Thundurus, M
|poke|p1|Bisharp, M
|poke|p1|Venusaur, M
|poke|p2|Mawile, M
|poke|p2|Rotom-Wash
|poke|p2|Tyranitar, M
|poke|p2|Ditto
|poke|p2|Landorus, M
|poke|p2|Breloom, F
|rule|Sleep Clause Mod: Limit one foe put to sleep
|rule|Species Clause: Limit one of each Pokemon
|rule|OHKO Clause: OHKO moves are banned
|rule|Moody Clause: Moody is banned
|rule|Evasion Moves Clause: Evasion moves are banned
|rule|Endless Battle Clause: Forcing endless battles is banned.
|rule|HP Percentage Mod: HP is reported as percentages
|teampreview
|
|start
|switch|p1a: Terrakion|Terrakion|324\/324
|switch|p2a: Landorus|Landorus, M|320\/320
|turn|1
|
|move|p1a: Terrakion|Stealth Rock|p2a: Landorus
|-sidestart|p2: okcoolyo|move: Stealth Rock
|move|p2a: Landorus|Psychic|p1a: Terrakion
|-supereffective|p1a: Terrakion
|-enditem|p1a: Terrakion|Focus Sash
|-damage|p1a: Terrakion|1\/324
|
|turn|2
|
|move|p1a: Terrakion|Stone Edge|p2a: Landorus
|-damage|p2a: Landorus|142\/320
|move|p2a: Landorus|Earth Power|p1a: Terrakion
|-supereffective|p1a: Terrakion
|-damage|p1a: Terrakion|0 fnt
|faint|p1a: Terrakion
|
|
|switch|p1a: Thundurus|Thundurus, M|300\/300
|turn|3
|
|switch|p2a: Tyranitar|Tyranitar, M|404\/404
|-damage|p2a: Tyranitar|354\/404|[from] Stealth Rock
|-weather|Sandstorm
|move|p1a: Thundurus|Hidden Power|p2a: Tyranitar
|-damage|p2a: Tyranitar|318\/404
|
|-weather|Sandstorm|[upkeep]
|-damage|p1a: Thundurus|282\/300|[from] sandstorm
|-heal|p1a: Thundurus|300\/300|[from] item: Leftovers
|turn|4
|
|move|p2a: Tyranitar|Pursuit|p1a: Thundurus|[from]Pursuit
|-damage|p1a: Thundurus|90\/300
|switch|p1a: Bisharp|Bisharp, M|272\/272
|
|-weather|Sandstorm|[upkeep]
|turn|5
|
|move|p1a: Bisharp|Iron Head|p2a: Tyranitar
|-supereffective|p2a: Tyranitar
|-damage|p2a: Tyranitar|0 fnt
|-damage|p1a: Bisharp|245\/272|[from] item: Life Orb
|faint|p2a: Tyranitar
|
|-weather|Sandstorm|[upkeep]
|
|switch|p2a: Mawile|Mawile, M|302\/302
|-damage|p2a: Mawile|284\/302|[from] Stealth Rock
|-ability|p2a: Mawile|Intimidate|[of] p1a: Bisharp
|-unboost|p1a: Bisharp|atk|1
|-boost|p1a: Bisharp|atk|2|[from] ability: Defiant
|turn|6
|
|-formechange|p2a: Mawile|Mawile-Mega
|message|Mawile has Mega Evolved into Mega Mawile!
|move|p1a: Bisharp|Iron Head|p2a: Mawile
|-damage|p2a: Mawile|31\/302
|-damage|p1a: Bisharp|218\/272|[from] item: Life Orb
|move|p2a: Mawile|Play Rough|p1a: Bisharp
|-damage|p1a: Bisharp|0 fnt
|faint|p1a: Bisharp
|
|-weather|Sandstorm|[upkeep]
|chat|Oscquito|thanks
|
|switch|p1a: Azumarill|Azumarill, M|342\/342
|turn|7
|
|switch|p2a: Rotom-Wash|Rotom-Wash|304\/304
|-damage|p2a: Rotom-Wash|266\/304|[from] Stealth Rock
|move|p1a: Azumarill|Aqua Jet|p2a: Rotom-Wash
|-resisted|p2a: Rotom-Wash
|-damage|p2a: Rotom-Wash|237\/304
|
|-weather|none
|turn|8
|
|switch|p1a: Venusaur|Venusaur, M|364\/364
|move|p2a: Rotom-Wash|Will-O-Wisp|p1a: Venusaur
|-status|p1a: Venusaur|brn
|
|-damage|p1a: Venusaur|319\/364 brn|[from] brn
|turn|9
|
|switch|p2a: Ditto|Ditto|300\/300
|-damage|p2a: Ditto|263\/300|[from] Stealth Rock
|-transform|p2a: Ditto|p1a: Venusaur
|-formechange|p1a: Venusaur|Venusaur-Mega
|message|Venusaur has Mega Evolved into Mega Venusaur!
|move|p1a: Venusaur|Giga Drain|p2a: Ditto
|-resisted|p2a: Ditto
|-damage|p2a: Ditto|228\/300
|-heal|p1a: Venusaur|337\/364 brn|[from] drain|[of] p2a: Ditto
|
|-damage|p1a: Venusaur|292\/364 brn|[from] brn
|turn|10
|
|switch|p2a: Mawile|Mawile, M|31\/302
|-formechange|p2a: Mawile|Mawile-Mega
|-damage|p2a: Mawile|13\/302|[from] Stealth Rock
|move|p1a: Venusaur|Sludge Bomb|p2a: Mawile
|-immune|p2a: Mawile|[msg]
|
|-damage|p1a: Venusaur|247\/364 brn|[from] brn
|turn|11
|
|move|p2a: Mawile|Sucker Punch|p1a: Venusaur
|-damage|p1a: Venusaur|97\/364 brn
|move|p1a: Venusaur|Giga Drain|p2a: Mawile
|-resisted|p2a: Mawile
|-damage|p2a: Mawile|0 fnt
|-heal|p1a: Venusaur|104\/364 brn|[from] drain|[of] p2a: Mawile
|faint|p2a: Mawile
|
|-damage|p1a: Venusaur|59\/364 brn|[from] brn
|
|switch|p2a: Landorus|Landorus, M|142\/320
|-damage|p2a: Landorus|102\/320|[from] Stealth Rock
|turn|12
|
|move|p2a: Landorus|Psychic|p1a: Venusaur
|-supereffective|p1a: Venusaur
|-damage|p1a: Venusaur|0 fnt
|faint|p1a: Venusaur
|
|
|switch|p1a: Thundurus|Thundurus, M|90\/300
|turn|13
|
|switch|p2a: Breloom|Breloom, F|323\/323
|-damage|p2a: Breloom|303\/323|[from] Stealth Rock
|move|p1a: Thundurus|Hidden Power|p2a: Breloom
|-supereffective|p2a: Breloom
|-damage|p2a: Breloom|101\/323
|
|-heal|p1a: Thundurus|108\/300|[from] item: Leftovers
|-status|p2a: Breloom|tox|[from] item: Toxic Orb
|turn|14
|
|move|p1a: Thundurus|Hidden Power|p2a: Breloom
|-supereffective|p2a: Breloom
|-damage|p2a: Breloom|0 fnt
|faint|p2a: Breloom
|
|-heal|p1a: Thundurus|126\/300|[from] item: Leftovers
|
|switch|p2a: Ditto|Ditto|228\/300
|-damage|p2a: Ditto|191\/300|[from] Stealth Rock
|-transform|p2a: Ditto|p1a: Thundurus
|turn|15
|
|move|p2a: Ditto|Thunderbolt|p1a: Thundurus
|-damage|p1a: Thundurus|0 fnt
|faint|p1a: Thundurus
|
|
|switch|p1a: Garchomp|Garchomp, M|357\/357
|turn|16
|chat|Oscquito|come on
|
|switch|p2a: Landorus|Landorus, M|102\/320
|-damage|p2a: Landorus|62\/320|[from] Stealth Rock
|move|p1a: Garchomp|Outrage|p2a: Landorus
|-damage|p2a: Landorus|0 fnt
|faint|p2a: Landorus
|
|chat|okcoolyo|i need to tink chill
|
|switch|p2a: Ditto|Ditto|191\/300
|-damage|p2a: Ditto|154\/300|[from] Stealth Rock
|-transform|p2a: Ditto|p1a: Garchomp
|turn|17
|
|move|p1a: Garchomp|Outrage|p2a: Ditto
|-supereffective|p2a: Ditto
|-damage|p2a: Ditto|0 fnt
|-damage|p1a: Garchomp|313\/357|[from] ability: Rough Skin|[of] p2a: Ditto
|faint|p2a: Ditto
|
|-end|p1a: Garchomp|rampage
|-start|p1a: Garchomp|confusion
|chat|okcoolyo|fuck
|chat|okcoolyo|gg
|
|switch|p2a: Rotom-Wash|Rotom-Wash|237\/304
|-damage|p2a: Rotom-Wash|199\/304|[from] Stealth Rock
|turn|18
|chat|Oscquito|lol
|
|switch|p1a: Azumarill|Azumarill, M|342\/342
|move|p2a: Rotom-Wash|Will-O-Wisp|p1a: Azumarill
|-status|p1a: Azumarill|brn
|
|-damage|p1a: Azumarill|300\/342 brn|[from] brn
|turn|19
|
|move|p1a: Azumarill|Play Rough|p2a: Rotom-Wash
|-damage|p2a: Rotom-Wash|133\/304
|-unboost|p2a: Rotom-Wash|atk|1
|move|p2a: Rotom-Wash|Will-O-Wisp|p1a: Azumarill|[miss]
|-miss|p2a: Rotom-Wash|p1a: Azumarill
|
|-damage|p1a: Azumarill|258\/342 brn|[from] brn
|turn|20
|
|move|p1a: Azumarill|Play Rough|p2a: Rotom-Wash
|-damage|p2a: Rotom-Wash|67\/304
|-unboost|p2a: Rotom-Wash|atk|1
|move|p2a: Rotom-Wash|Will-O-Wisp|p1a: Azumarill
|-fail|p1a: Azumarill|brn
|
|-damage|p1a: Azumarill|216\/342 brn|[from] brn
|turn|21
|
|move|p1a: Azumarill|Play Rough|p2a: Rotom-Wash
|-damage|p2a: Rotom-Wash|4\/304
|-unboost|p2a: Rotom-Wash|atk|1
|move|p2a: Rotom-Wash|Rest|p2a: Rotom-Wash
|-status|p2a: Rotom-Wash|slp
|-heal|p2a: Rotom-Wash|304\/304 slp|[silent]
|-status|p2a: Rotom-Wash|slp|[from] move: Rest
|-enditem|p2a: Rotom-Wash|Chesto Berry|[eat]
|-curestatus|p2a: Rotom-Wash|slp
|
|-damage|p1a: Azumarill|174\/342 brn|[from] brn
|turn|22
|
|move|p1a: Azumarill|Play Rough|p2a: Rotom-Wash
|-damage|p2a: Rotom-Wash|238\/304
|move|p2a: Rotom-Wash|Volt Switch|p1a: Azumarill
|-supereffective|p1a: Azumarill
|-damage|p1a: Azumarill|0 fnt
|faint|p1a: Azumarill
|
|
|switch|p1a: Garchomp|Garchomp, M|313\/357
|turn|23
|chat|okcoolyo|fucked up somewhere
|
|move|p1a: Garchomp|Outrage|p2a: Rotom-Wash
|-damage|p2a: Rotom-Wash|103\/304
|move|p2a: Rotom-Wash|Will-O-Wisp|p1a: Garchomp
|-status|p1a: Garchomp|brn
|
|-damage|p1a: Garchomp|269\/357 brn|[from] brn
|turn|24
|chat|Oscquito|ok...
|
|move|p1a: Garchomp|Outrage|p2a: Rotom-Wash
|-damage|p2a: Rotom-Wash|25\/304
|move|p2a: Rotom-Wash|Rest|p2a: Rotom-Wash
|-status|p2a: Rotom-Wash|slp
|-heal|p2a: Rotom-Wash|304\/304 slp|[silent]
|-status|p2a: Rotom-Wash|slp|[from] move: Rest
|
|-damage|p1a: Garchomp|225\/357 brn|[from] brn
|turn|25
|chat|Oscquito|fuck
|chat|okcoolyo|looooooooool
|
|move|p1a: Garchomp|Outrage|p2a: Rotom-Wash
|-damage|p2a: Rotom-Wash|229\/304 slp
|cant|p2a: Rotom-Wash|slp
|
|-end|p1a: Garchomp|rampage
|-start|p1a: Garchomp|confusion
|-damage|p1a: Garchomp|181\/357 brn|[from] brn
|turn|26
|
|-activate|p1a: Garchomp|confusion
|move|p1a: Garchomp|Outrage|p2a: Rotom-Wash
|-damage|p2a: Rotom-Wash|148\/304 slp
|cant|p2a: Rotom-Wash|slp
|
|-damage|p1a: Garchomp|137\/357 brn|[from] brn
|turn|27
|
|-activate|p1a: Garchomp|confusion
|-damage|p1a: Garchomp|113\/357 brn|[from] confusion
|-curestatus|p2a: Rotom-Wash|slp
|move|p2a: Rotom-Wash|Rest|p2a: Rotom-Wash
|-status|p2a: Rotom-Wash|slp
|-heal|p2a: Rotom-Wash|304\/304 slp|[silent]
|-status|p2a: Rotom-Wash|slp|[from] move: Rest
|
|-end|p1a: Garchomp|rampage
|-damage|p1a: Garchomp|69\/357 brn|[from] brn
|turn|28
|chat|Oscquito|fucking hell
|chat|Oscquito|gg
|chat|okcoolyo|gg
|-message|Oscquito forfeited.
|
|win|okcoolyo
|raw|Ladder updating...
|raw|Oscquito's rating: 1795 &rarr; <strong>1777<\/strong><br \/>(-18 for losing)
|raw|okcoolyo's rating: 1826 &rarr; <strong>1844<\/strong><br \/>(+18 for winning)
|leave|Oscquito
|player|p1