|join|okcoolyo
|join|terrasaur
|player|p1|okcoolyo|169
|player|p2|terrasaur|101
|gametype|singles
|gen|6
|tier|OU
|rated
|clearpoke
|poke|p1|Medicham, F
|poke|p1|Mew
|poke|p1|Heatran, F
|poke|p1|Manaphy
|poke|p1|Skarmory, F
|poke|p1|Landorus, M
|poke|p2|Gardevoir, F
|poke|p2|Crobat, F
|poke|p2|Rhyperior, M
|poke|p2|Charizard, F
|poke|p2|Rotom-Wash
|poke|p2|Greninja, M
|rule|Swagger Clause: Swagger is banned
|rule|Baton Pass Clause: Limit one PokÃ©mon knowing Baton Pass
|rule|Sleep Clause Mod: Limit one foe put to sleep
|rule|Species Clause: Limit one of each PokÃ©mon
|rule|OHKO Clause: OHKO moves are banned
|rule|Moody Clause: Moody is banned
|rule|Evasion Moves Clause: Evasion moves are banned
|rule|Endless Battle Clause: Forcing endless battles is banned
|rule|HP Percentage Mod: HP is reported as percentages
|teampreview
|
|start
|switch|p1a: Mew|Mew|404\/404
|switch|p2a: Greninja|Greninja, M|286\/286
|turn|1
|
|move|p2a: Greninja|Hydro Pump|p1a: Mew
|-start|p2a: Greninja|typechange|Water|[from] Protean
|-crit|p1a: Mew
|-damage|p1a: Mew|170\/404
|-damage|p2a: Greninja|258\/286|[from] item: Life Orb
|move|p1a: Mew|Will-O-Wisp|p2a: Greninja
|-status|p2a: Greninja|brn
|
|-heal|p1a: Mew|195\/404|[from] item: Leftovers
|-damage|p2a: Greninja|223\/286 brn|[from] brn
|turn|2
|
|move|p2a: Greninja|Hydro Pump|p1a: Mew
|-damage|p1a: Mew|51\/404
|-damage|p2a: Greninja|195\/286 brn|[from] item: Life Orb
|move|p1a: Mew|Soft-Boiled|p1a: Mew
|-heal|p1a: Mew|253\/404
|
|-heal|p1a: Mew|278\/404|[from] item: Leftovers
|-damage|p2a: Greninja|160\/286 brn|[from] brn
|turn|3
|
|switch|p2a: Charizard|Charizard, F|298\/298
|move|p1a: Mew|Soft-Boiled|p1a: Mew
|-heal|p1a: Mew|404\/404
|
|turn|4
|
|switch|p1a: Heatran|Heatran, F|386\/386
|detailschange|p2a: Charizard|Charizard-Mega-X, F
|message|Charizard has Mega Evolved into Mega Charizard!
|move|p2a: Charizard|Dragon Dance|p2a: Charizard
|-boost|p2a: Charizard|atk|1
|-boost|p2a: Charizard|spe|1
|
|turn|5
|
|move|p2a: Charizard|Earthquake|p1a: Heatran
|-supereffective|p1a: Heatran
|-damage|p1a: Heatran|0 fnt
|faint|p1a: Heatran
|
|
|switch|p1a: Skarmory|Skarmory, F|334\/334
|turn|6
|
|move|p2a: Charizard|Flare Blitz|p1a: Skarmory
|-supereffective|p1a: Skarmory
|-activate|p1a: Skarmory|Sturdy
|-damage|p1a: Skarmory|1\/334
|-damage|p2a: Charizard|249\/298|[from] item: Rocky Helmet|[of] p1a: Skarmory
|-damage|p2a: Charizard|139\/298|[from] recoil|[of] p1a: Skarmory
|move|p1a: Skarmory|Whirlwind|p2a: Charizard
|drag|p2a: Greninja|Greninja, M|160\/286 brn
|
|-damage|p2a: Greninja|125\/286 brn|[from] brn
|turn|7
|
|move|p2a: Greninja|Hidden Power|p1a: Skarmory
|-start|p2a: Greninja|typechange|Grass|[from] Protean
|-resisted|p1a: Skarmory
|-damage|p1a: Skarmory|0 fnt
|-damage|p2a: Greninja|97\/286 brn|[from] item: Life Orb
|faint|p1a: Skarmory
|
|-damage|p2a: Greninja|62\/286 brn|[from] brn
|
|switch|p1a: Mew|Mew|404\/404
|turn|8
|
|move|p2a: Greninja|Hydro Pump|p1a: Mew
|-start|p2a: Greninja|typechange|Water|[from] Protean
|-damage|p1a: Mew|248\/404
|-damage|p2a: Greninja|34\/286 brn|[from] item: Life Orb
|move|p1a: Mew|Soft-Boiled|p1a: Mew
|-heal|p1a: Mew|404\/404
|
|-damage|p2a: Greninja|0 fnt|[from] brn
|faint|p2a: Greninja
|
|switch|p2a: Charizard|Charizard-Mega-X, F|139\/298
|turn|9
|
|move|p2a: Charizard|Dragon Dance|p2a: Charizard
|-boost|p2a: Charizard|atk|1
|-boost|p2a: Charizard|spe|1
|move|p1a: Mew|Psychic|p2a: Charizard
|-damage|p2a: Charizard|16\/298
|-unboost|p2a: Charizard|spd|1
|
|turn|10
|
|switch|p1a: Manaphy|Manaphy|341\/341
|move|p2a: Charizard|Dragon Claw|p1a: Manaphy
|-damage|p1a: Manaphy|56\/341
|
|-heal|p1a: Manaphy|77\/341|[from] item: Leftovers
|turn|11
|
|move|p2a: Charizard|Dragon Claw|p1a: Manaphy
|-crit|p1a: Manaphy
|-damage|p1a: Manaphy|0 fnt
|faint|p1a: Manaphy
|
|
|switch|p1a: Medicham|Medicham, F|261\/261
|turn|12
|
|switch|p2a: Crobat|Crobat, F|351\/351
|detailschange|p1a: Medicham|Medicham-Mega, F
|message|Medicham has Mega Evolved into Mega Medicham!
|move|p1a: Medicham|Bullet Punch|p2a: Crobat
|-crit|p2a: Crobat
|-damage|p2a: Crobat|214\/351
|
|-heal|p2a: Crobat|235\/351|[from] item: Black Sludge
|turn|13
|
|switch|p1a: Mew|Mew|404\/404
|move|p2a: Crobat|U-turn|p1a: Mew
|-supereffective|p1a: Mew
|-damage|p1a: Mew|276\/404
|
|switch|p2a: Gardevoir|Gardevoir, F|278\/278
|-ability|p2a: Gardevoir|Synchronize|[from] ability: Trace|[of] p1a: Mew
|
|-heal|p1a: Mew|301\/404|[from] item: Leftovers
|turn|14
|
|move|p2a: Gardevoir|Healing Wish|p2a: Gardevoir
|faint|p2a: Gardevoir
|move|p1a: Mew|Will-O-Wisp|p2: Gardevoir|[notarget]
|-notarget
|
|-heal|p1a: Mew|326\/404|[from] item: Leftovers
|
|switch|p2a: Charizard|Charizard-Mega-X, F|16\/298
|-heal|p2a: Charizard|298\/298|[from] move: Healing Wish
|turn|15
|
|move|p2a: Charizard|Dragon Dance|p2a: Charizard
|-boost|p2a: Charizard|atk|1
|-boost|p2a: Charizard|spe|1
|move|p1a: Mew|Taunt|p2a: Charizard
|-start|p2a: Charizard|move: Taunt
|
|-heal|p1a: Mew|351\/404|[from] item: Leftovers
|turn|16
|
|move|p2a: Charizard|Dragon Claw|p1a: Mew
|-damage|p1a: Mew|60\/404
|move|p1a: Mew|Psychic|p2a: Charizard
|-damage|p2a: Charizard|171\/298
|
|-heal|p1a: Mew|85\/404|[from] item: Leftovers
|turn|17
|
|move|p2a: Charizard|Dragon Claw|p1a: Mew
|-damage|p1a: Mew|0 fnt
|faint|p1a: Mew
|
|
|switch|p1a: Landorus|Landorus, M|320\/320
|turn|18
|
|move|p2a: Charizard|Flare Blitz|p1a: Landorus
|-damage|p1a: Landorus|0 fnt
|-damage|p2a: Charizard|65\/298|[from] recoil|[of] p1a: Landorus
|faint|p1a: Landorus
|
|-end|p2a: Charizard|move: Taunt
|
|switch|p1a: Medicham|Medicham-Mega, F|261\/261
|turn|19
|
|move|p1a: Medicham|Bullet Punch|p2a: Charizard
|-resisted|p2a: Charizard
|-damage|p2a: Charizard|30\/298
|move|p2a: Charizard|Flare Blitz|p1a: Medicham
|-damage|p1a: Medicham|0 fnt
|-damage|p2a: Charizard|0 fnt|[from] recoil|[of] p1a: Medicham
|faint|p1a: Medicham
|faint|p2a: Charizard
|
|win|terrasaur
|raw|Ladder updating...
|raw|okcoolyo's rating: 1751 &rarr; <strong>1723<\/strong><br \/>(-28 for losing)
|raw|terrasaur's rating: 1610 &rarr; <strong>1638<\/strong><br \/>(+28 for winning)
|leave|okcoolyo
|player|p1