|join|suck my nick
|join|okcoolyo
|player|p1|suck my nick|288
|player|p2|okcoolyo|169
|gametype|singles
|gen|6
|tier|OU
|rated
|clearpoke
|poke|p1|Smeargle, M, shiny
|poke|p1|Scolipede, M, shiny
|poke|p1|Vaporeon, F
|poke|p1|Espeon, M, shiny
|poke|p1|Clefable, M, shiny
|poke|p1|Deoxys-Speed
|poke|p2|Mew
|poke|p2|Tyranitar, M
|poke|p2|Skarmory, M
|poke|p2|Heatran, M
|poke|p2|Keldeo
|poke|p2|Venusaur, M
|rule|Baton Pass Clause: Limit 3 pokemon knowing Baton Pass
|rule|Sleep Clause Mod: Limit one foe put to sleep
|rule|Species Clause: Limit one of each Pokemon
|rule|OHKO Clause: OHKO moves are banned
|rule|Moody Clause: Moody is banned
|rule|Evasion Moves Clause: Evasion moves are banned
|rule|Endless Battle Clause: Forcing endless battles is banned
|rule|HP Percentage Mod: HP is reported as percentages
|teampreview
|
|start
|switch|p1a: YAKUZA|Deoxys-Speed|304\/304
|switch|p2a: Keldeo|Keldeo|323\/323
|-ability|p1a: YAKUZA|Pressure
|turn|1
|
|switch|p2a: Heatran|Heatran, M|381\/381
|move|p1a: YAKUZA|Taunt|p2a: Heatran
|-start|p2a: Heatran|move: Taunt
|
|turn|2
|
|move|p1a: YAKUZA|Light Screen|p1a: YAKUZA
|-sidestart|p1: suck my nick|move: Light Screen
|move|p2a: Heatran|Lava Plume|p1a: YAKUZA
|-damage|p1a: YAKUZA|244\/304
|
|turn|3
|
|move|p1a: YAKUZA|Stealth Rock|p2a: Heatran
|-sidestart|p2: okcoolyo|move: Stealth Rock
|move|p2a: Heatran|Lava Plume|p1a: YAKUZA
|-damage|p1a: YAKUZA|181\/304
|
|turn|4
|
|move|p1a: YAKUZA|Reflect|p1a: YAKUZA
|-sidestart|p1: suck my nick|Reflect
|move|p2a: Heatran|Lava Plume|p1a: YAKUZA
|-damage|p1a: YAKUZA|118\/304
|
|-end|p2a: Heatran|move: Taunt
|turn|5
|
|move|p1a: YAKUZA|Taunt|p2a: Heatran
|-start|p2a: Heatran|move: Taunt
|move|p2a: Heatran|Lava Plume|p1a: YAKUZA
|-damage|p1a: YAKUZA|49\/304
|
|turn|6
|
|move|p1a: YAKUZA|Taunt|p2a: Heatran
|-fail|p2a: Heatran
|move|p2a: Heatran|Lava Plume|p1a: YAKUZA
|-damage|p1a: YAKUZA|0 fnt
|faint|p1a: YAKUZA
|
|
|switch|p1a: AL CAPONE|Smeargle, M, shiny|273\/273
|turn|7
|join|i came from leddit
|
|move|p1a: AL CAPONE|Quiver Dance|p1a: AL CAPONE
|-boost|p1a: AL CAPONE|spa|1
|-boost|p1a: AL CAPONE|spd|1
|-boost|p1a: AL CAPONE|spe|1
|move|p2a: Heatran|Lava Plume|p1a: AL CAPONE
|-damage|p1a: AL CAPONE|196\/273
|-status|p1a: AL CAPONE|brn
|
|-damage|p1a: AL CAPONE|162\/273 brn|[from] brn
|-end|p2a: Heatran|move: Taunt
|turn|8
|
|switch|p2a: Skarmory|Skarmory, M|334\/334
|-damage|p2a: Skarmory|293\/334|[from] Stealth Rock
|move|p1a: AL CAPONE|Spore|p2a: Skarmory
|-status|p2a: Skarmory|slp
|
|-damage|p1a: AL CAPONE|128\/273 brn|[from] brn
|turn|9
|
|switch|p2a: Mew|Mew|404\/404
|-damage|p2a: Mew|354\/404|[from] Stealth Rock
|move|p1a: AL CAPONE|Ingrain|p1a: AL CAPONE
|-start|p1a: AL CAPONE|move: Ingrain
|
|-heal|p2a: Mew|379\/404|[from] item: Leftovers
|-heal|p1a: AL CAPONE|145\/273 brn|[from] Ingrain
|-damage|p1a: AL CAPONE|111\/273 brn|[from] brn
|-sideend|p1: suck my nick|move: Light Screen
|turn|10
|
|switch|p2a: Tyranitar|Tyranitar, M|341\/341
|-damage|p2a: Tyranitar|299\/341|[from] Stealth Rock
|-weather|Sandstorm
|move|p1a: AL CAPONE|Baton Pass|p1a: AL CAPONE
|
|switch|p1a: BIN LADEN|Scolipede, M, shiny|321\/321
|
|-weather|Sandstorm|[upkeep]
|-damage|p1a: BIN LADEN|301\/321|[from] sandstorm
|-heal|p1a: BIN LADEN|321\/321|[from] Ingrain
|turn|11
|
|switch|p2a: Keldeo|Keldeo|323\/323
|-damage|p2a: Keldeo|303\/323|[from] Stealth Rock
|move|p1a: BIN LADEN|Iron Defense|p1a: BIN LADEN
|-boost|p1a: BIN LADEN|def|2
|
|-weather|Sandstorm|[upkeep]
|-damage|p1a: BIN LADEN|301\/321|[from] sandstorm
|-damage|p2a: Keldeo|283\/323|[from] sandstorm
|-heal|p2a: Keldeo|303\/323|[from] item: Leftovers
|-heal|p1a: BIN LADEN|321\/321|[from] Ingrain
|-sideend|p1: suck my nick|Reflect
|-boost|p1a: BIN LADEN|spe|1|[from] ability: Speed Boost
|turn|12
|
|move|p1a: BIN LADEN|Substitute|p1a: BIN LADEN
|-start|p1a: BIN LADEN|Substitute
|-damage|p1a: BIN LADEN|241\/321
|move|p2a: Keldeo|Calm Mind|p2a: Keldeo
|-boost|p2a: Keldeo|spa|1
|-boost|p2a: Keldeo|spd|1
|
|-weather|Sandstorm|[upkeep]
|-damage|p1a: BIN LADEN|221\/321|[from] sandstorm
|-damage|p2a: Keldeo|283\/323|[from] sandstorm
|-heal|p2a: Keldeo|303\/323|[from] item: Leftovers
|-heal|p1a: BIN LADEN|241\/321|[from] Ingrain
|-boost|p1a: BIN LADEN|spe|1|[from] ability: Speed Boost
|turn|13
|
|move|p1a: BIN LADEN|Baton Pass|p1a: BIN LADEN
|
|switch|p1a: DON CORLEONE|Espeon, M, shiny|321\/321
|move|p2a: Keldeo|Hydro Pump|p1a: DON CORLEONE
|-end|p1a: DON CORLEONE|Substitute
|
|-weather|Sandstorm|[upkeep]
|-damage|p1a: DON CORLEONE|301\/321|[from] sandstorm
|-damage|p2a: Keldeo|283\/323|[from] sandstorm
|-heal|p1a: DON CORLEONE|321\/321|[from] item: Leftovers
|-heal|p2a: Keldeo|303\/323|[from] item: Leftovers
|turn|14
|
|switch|p2a: Tyranitar|Tyranitar, M|299\/341
|-damage|p2a: Tyranitar|257\/341|[from] Stealth Rock
|move|p1a: DON CORLEONE|Substitute|p1a: DON CORLEONE
|-start|p1a: DON CORLEONE|Substitute
|-damage|p1a: DON CORLEONE|241\/321
|
|-weather|none
|-heal|p1a: DON CORLEONE|261\/321|[from] item: Leftovers
|-heal|p1a: DON CORLEONE|281\/321|[from] Ingrain
|turn|15
|
|move|p1a: DON CORLEONE|Baton Pass|p1a: DON CORLEONE
|
|switch|p1a: BIN LADEN|Scolipede, M, shiny|241\/321
|move|p2a: Tyranitar|Rock Slide|p1a: BIN LADEN
|-supereffective|p1a: BIN LADEN
|-end|p1a: BIN LADEN|Substitute
|
|-heal|p1a: BIN LADEN|261\/321|[from] Ingrain
|turn|16
|
|move|p1a: BIN LADEN|Iron Defense|p1a: BIN LADEN
|-boost|p1a: BIN LADEN|def|2
|move|p2a: Tyranitar|Rock Slide|p1a: BIN LADEN
|-supereffective|p1a: BIN LADEN
|-damage|p1a: BIN LADEN|175\/321
|
|-heal|p1a: BIN LADEN|195\/321|[from] Ingrain
|-boost|p1a: BIN LADEN|spe|1|[from] ability: Speed Boost
|turn|17
|
|switch|p2a: Keldeo|Keldeo|303\/323
|-damage|p2a: Keldeo|283\/323|[from] Stealth Rock
|move|p1a: BIN LADEN|Substitute|p1a: BIN LADEN
|-start|p1a: BIN LADEN|Substitute
|-damage|p1a: BIN LADEN|115\/321
|
|-heal|p2a: Keldeo|303\/323|[from] item: Leftovers
|-heal|p1a: BIN LADEN|135\/321|[from] Ingrain
|-boost|p1a: BIN LADEN|spe|1|[from] ability: Speed Boost
|turn|18
|chat|okcoolyo|why didnt they just do option 3
|chat|okcoolyo|i swear people are retarded
|
|move|p1a: BIN LADEN|Iron Defense|p1a: BIN LADEN
|-boost|p1a: BIN LADEN|def|2
|move|p2a: Keldeo|Hydro Pump|p1a: BIN LADEN
|-end|p1a: BIN LADEN|Substitute
|
|-heal|p2a: Keldeo|323\/323|[from] item: Leftovers
|-heal|p1a: BIN LADEN|155\/321|[from] Ingrain
|-boost|p1a: BIN LADEN|spe|1|[from] ability: Speed Boost
|turn|19
|chat|suck my nick|lol u cant beat a semi chain
|chat|okcoolyo|dude its a video game
|chat|okcoolyo|are you actually bragging
|chat|okcoolyo|rofl
|
|move|p1a: BIN LADEN|Substitute|p1a: BIN LADEN
|-start|p1a: BIN LADEN|Substitute
|-damage|p1a: BIN LADEN|75\/321
|move|p2a: Keldeo|Hydro Pump|p1a: BIN LADEN
|-end|p1a: BIN LADEN|Substitute
|
|-heal|p1a: BIN LADEN|95\/321|[from] Ingrain
|turn|20
|chat|suck my nick|lol wut ur saying
|chat|suck my nick|ur the only angry guy here
|chat|okcoolyo|im wondering if oure bragging
|chat|okcoolyo|im not angry
|chat|okcoolyo|its pokemon
|chat|okcoolyo|lol
|chat|suck my nick|okcoolyo: dude its a video game
|chat|suck my nick|so shut up
|chat|suck my nick|lol
|chat|suck my nick|and play
|chat|okcoolyo|ahahaha
|chat|okcoolyo|what  fucking viring
|chat|okcoolyo|vrgin
|chat|suck my nick|wow
|
|move|p1a: BIN LADEN|Baton Pass|p1a: BIN LADEN
|chat|okcoolyo|you dont ahve to be  dick
|chat|suck my nick|sure it is just "video game"
|
|switch|p1a: DON CORLEONE|Espeon, M, shiny|281\/321
|move|p2a: Keldeo|Hydro Pump|p1a: DON CORLEONE
|-damage|p1a: DON CORLEONE|176\/321
|
|-heal|p1a: DON CORLEONE|196\/321|[from] item: Leftovers
|-heal|p1a: DON CORLEONE|216\/321|[from] Ingrain
|turn|21
|join|psychological
|chat|okcoolyo|it is
|
|switch|p2a: Tyranitar|Tyranitar, M|257\/341
|-damage|p2a: Tyranitar|215\/341|[from] Stealth Rock
|-weather|Sandstorm
|move|p1a: DON CORLEONE|Substitute|p1a: DON CORLEONE
|-start|p1a: DON CORLEONE|Substitute
|-damage|p1a: DON CORLEONE|136\/321
|
|-weather|Sandstorm|[upkeep]
|-damage|p1a: DON CORLEONE|116\/321|[from] sandstorm
|-heal|p1a: DON CORLEONE|136\/321|[from] item: Leftovers
|-heal|p1a: DON CORLEONE|156\/321|[from] Ingrain
|turn|22
|chat|suck my nick|predictable as fuk
|chat|suck my nick|lol
|chat|okcoolyo|damn dude
|chat|okcoolyo|still being a dick
|chat|okcoolyo|what are you 16?
|
|move|p1a: DON CORLEONE|Calm Mind|p1a: DON CORLEONE
|-boost|p1a: DON CORLEONE|spa|1
|-boost|p1a: DON CORLEONE|spd|1
|move|p2a: Tyranitar|Rock Slide|p1a: DON CORLEONE
|-activate|p1a: DON CORLEONE|Substitute|[damage]
|
|-weather|Sandstorm|[upkeep]
|-damage|p1a: DON CORLEONE|136\/321|[from] sandstorm
|-heal|p1a: DON CORLEONE|156\/321|[from] item: Leftovers
|-heal|p1a: DON CORLEONE|176\/321|[from] Ingrain
|turn|23
|
|move|p1a: DON CORLEONE|Calm Mind|p1a: DON CORLEONE
|-boost|p1a: DON CORLEONE|spa|1
|-boost|p1a: DON CORLEONE|spd|1
|move|p2a: Tyranitar|Rock Slide|p1a: DON CORLEONE
|-miss|p2a: Tyranitar|p1a: DON CORLEONE
|
|-weather|Sandstorm|[upkeep]
|-damage|p1a: DON CORLEONE|156\/321|[from] sandstorm
|-heal|p1a: DON CORLEONE|176\/321|[from] item: Leftovers
|-heal|p1a: DON CORLEONE|196\/321|[from] Ingrain
|turn|24
|chat|psychological|okcoolyo you were just bein one before lol
|chat|okcoolyo|no i wasnt
|chat|okcoolyo|where was i dick?
|chat|psychological|okcoolyo: ahahaha
|chat|psychological|okcoolyo: what fucking viring
|chat|psychological|okcoolyo: vrgin
|chat|okcoolyo|he laughed and said i couldnt beat a semi chain
|chat|okcoolyo|this team sint uilt for that
|chat|suck my nick|well..
|chat|okcoolyo|isnt built*
|chat|okcoolyo|thats why option 3 was the best
|chat|suck my nick|why do we have to pay attention for what some shit like him says
|chat|okcoolyo|as i stated before
|chat|okcoolyo|i mean its over anyways
|
|move|p1a: DON CORLEONE|Calm Mind|p1a: DON CORLEONE
|-boost|p1a: DON CORLEONE|spa|1
|-boost|p1a: DON CORLEONE|spd|1
|move|p2a: Tyranitar|Rock Slide|p1a: DON CORLEONE
|-end|p1a: DON CORLEONE|Substitute
|
|-weather|Sandstorm|[upkeep]
|-damage|p1a: DON CORLEONE|176\/321|[from] sandstorm
|-heal|p1a: DON CORLEONE|196\/321|[from] item: Leftovers
|-heal|p1a: DON CORLEONE|216\/321|[from] Ingrain
|turn|25
|chat|okcoolyo|but youre clearly a dick
|chat|okcoolyo|i wonder if a girl has touched yours yet
|
|move|p1a: DON CORLEONE|Substitute|p1a: DON CORLEONE
|-start|p1a: DON CORLEONE|Substitute
|-damage|p1a: DON CORLEONE|136\/321
|move|p2a: Tyranitar|Rock Slide|p1a: DON CORLEONE
|-activate|p1a: DON CORLEONE|Substitute|[damage]
|
|-weather|none
|-heal|p1a: DON CORLEONE|156\/321|[from] item: Leftovers
|-heal|p1a: DON CORLEONE|176\/321|[from] Ingrain
|turn|26
|
|move|p1a: DON CORLEONE|Calm Mind|p1a: DON CORLEONE
|-boost|p1a: DON CORLEONE|spa|1
|-boost|p1a: DON CORLEONE|spd|1
|move|p2a: Tyranitar|Rock Slide|p1a: DON CORLEONE
|-end|p1a: DON CORLEONE|Substitute
|
|-heal|p1a: DON CORLEONE|196\/321|[from] item: Leftovers
|-heal|p1a: DON CORLEONE|216\/321|[from] Ingrain
|turn|27
|
|move|p1a: DON CORLEONE|Substitute|p1a: DON CORLEONE
|-start|p1a: DON CORLEONE|Substitute
|-damage|p1a: DON CORLEONE|136\/321
|move|p2a: Tyranitar|Rock Slide|p1a: DON CORLEONE
|-activate|p1a: DON CORLEONE|Substitute|[damage]
|
|-heal|p1a: DON CORLEONE|156\/321|[from] item: Leftovers
|-heal|p1a: DON CORLEONE|176\/321|[from] Ingrain
|turn|28
|
|move|p1a: DON CORLEONE|Calm Mind|p1a: DON CORLEONE
|-boost|p1a: DON CORLEONE|spa|1
|-boost|p1a: DON CORLEONE|spd|1
|move|p2a: Tyranitar|Rock Slide|p1a: DON CORLEONE
|-end|p1a: DON CORLEONE|Substitute
|
|-heal|p1a: DON CORLEONE|196\/321|[from] item: Leftovers
|-heal|p1a: DON CORLEONE|216\/321|[from] Ingrain
|turn|29
|chat|okcoolyo|ill take that as a yes?
|
|move|p1a: DON CORLEONE|Substitute|p1a: DON CORLEONE
|-start|p1a: DON CORLEONE|Substitute
|-damage|p1a: DON CORLEONE|136\/321
|move|p2a: Tyranitar|Rock Slide|p1a: DON CORLEONE
|-activate|p1a: DON CORLEONE|Substitute|[damage]
|
|-heal|p1a: DON CORLEONE|156\/321|[from] item: Leftovers
|-heal|p1a: DON CORLEONE|176\/321|[from] Ingrain
|turn|30
|chat|psychological|okcoolyo why do you keep bringing it back up lol
|chat|okcoolyo|because he was a dick to me
|chat|psychological|let it go then
|chat|psychological|if you're supposedly the older guy
|chat|okcoolyo|so I might as ell make him feel like shit for being an fat pos
|
|move|p1a: DON CORLEONE|Baton Pass|p1a: DON CORLEONE
|
|switch|p1a: AL QAEDA|Vaporeon, F|449\/449
|move|p2a: Tyranitar|Rock Slide|p1a: AL QAEDA
|-end|p1a: AL QAEDA|Substitute
|
|turn|31
|chat|okcoolyo|maybe if i torment him he wont be a dick anymore
|
|move|p1a: AL QAEDA|Substitute|p1a: AL QAEDA
|-start|p1a: AL QAEDA|Substitute
|-damage|p1a: AL QAEDA|337\/449
|move|p2a: Tyranitar|Rock Slide|p1a: AL QAEDA
|-activate|p1a: AL QAEDA|Substitute|[damage]
|
|-heal|p1a: AL QAEDA|365\/449|[from] item: Leftovers
|-heal|p1a: AL QAEDA|393\/449|[from] Ingrain
|turn|32
|
|move|p1a: AL QAEDA|Scald|p2a: Tyranitar
|-supereffective|p2a: Tyranitar
|-damage|p2a: Tyranitar|0 fnt
|faint|p2a: Tyranitar
|
|-heal|p1a: AL QAEDA|421\/449|[from] item: Leftovers
|-heal|p1a: AL QAEDA|449\/449|[from] Ingrain
|
|switch|p2a: Venusaur|Venusaur, M|361\/361
|-damage|p2a: Venusaur|316\/361|[from] Stealth Rock
|turn|33
|
|detailschange|p2a: Venusaur|Venusaur-Mega, M
|message|Venusaur has Mega Evolved into Mega Venusaur!
|move|p1a: AL QAEDA|Scald|p2a: Venusaur
|-resisted|p2a: Venusaur
|-damage|p2a: Venusaur|190\/361
|move|p2a: Venusaur|Giga Drain|p1a: AL QAEDA
|-supereffective|p1a: AL QAEDA
|-activate|p1a: AL QAEDA|Substitute|[damage]
|-heal|p2a: Venusaur|217\/361|[from] drain|[of] p1a: AL QAEDA
|
|turn|34
|
|move|p1a: AL QAEDA|Scald|p2a: Venusaur
|-resisted|p2a: Venusaur
|-damage|p2a: Venusaur|88\/361
|move|p2a: Venusaur|Synthesis|p2a: Venusaur
|-heal|p2a: Venusaur|268\/361
|
|turn|35
|
|move|p1a: AL QAEDA|Stored Power|p2a: Venusaur
|-crit|p2a: Venusaur
|-supereffective|p2a: Venusaur
|-damage|p2a: Venusaur|0 fnt
|faint|p2a: Venusaur
|
|
|switch|p2a: Keldeo|Keldeo|323\/323
|-damage|p2a: Keldeo|303\/323|[from] Stealth Rock
|turn|36
|
|move|p1a: AL QAEDA|Scald|p2a: Keldeo
|-resisted|p2a: Keldeo
|-damage|p2a: Keldeo|81\/323
|move|p2a: Keldeo|Secret Sword|p1a: AL QAEDA
|-end|p1a: AL QAEDA|Substitute
|
|-heal|p2a: Keldeo|101\/323|[from] item: Leftovers
|turn|37
|
|move|p1a: AL QAEDA|Substitute|p1a: AL QAEDA
|-start|p1a: AL QAEDA|Substitute
|-damage|p1a: AL QAEDA|337\/449
|move|p2a: Keldeo|Secret Sword|p1a: AL QAEDA
|-activate|p1a: AL QAEDA|Substitute|[damage]
|
|-heal|p1a: AL QAEDA|365\/449|[from] item: Leftovers
|-heal|p2a: Keldeo|121\/323|[from] item: Leftovers
|-heal|p1a: AL QAEDA|393\/449|[from] Ingrain
|turn|38
|
|move|p1a: AL QAEDA|Scald|p2a: Keldeo
|-resisted|p2a: Keldeo
|-damage|p2a: Keldeo|0 fnt
|faint|p2a: Keldeo
|
|-heal|p1a: AL QAEDA|421\/449|[from] item: Leftovers
|-heal|p1a: AL QAEDA|449\/449|[from] Ingrain
|
|switch|p2a: Skarmory|Skarmory, M|293\/334 slp
|-damage|p2a: Skarmory|252\/334 slp|[from] Stealth Rock
|turn|39
|
|move|p1a: AL QAEDA|Stored Power|p2a: Skarmory
|-resisted|p2a: Skarmory
|-damage|p2a: Skarmory|0 fnt
|faint|p2a: Skarmory
|
|
|switch|p2a: Heatran|Heatran, M|381\/381
|-damage|p2a: Heatran|334\/381|[from] Stealth Rock
|turn|40
|
|move|p1a: AL QAEDA|Stored Power|p2a: Heatran
|-resisted|p2a: Heatran
|-damage|p2a: Heatran|0 fnt
|faint|p2a: Heatran
|
|
|switch|p2a: Mew|Mew|379\/404
|-damage|p2a: Mew|329\/404|[from] Stealth Rock
|turn|41
|chat|okcoolyo|gg bud next time dont be a faggot maybe you'll get laid someday
|
|move|p1a: AL QAEDA|Stored Power|p2a: Mew
|-resisted|p2a: Mew
|-damage|p2a: Mew|0 fnt
|faint|p2a: Mew
|
|win|suck my nick
|raw|Ladder updating...
|raw|suck my nick's rating: 2016 &rarr; <strong>2027<\/strong><br \/>(+11 for winning)
|raw|okcoolyo's rating: 1854 &rarr; <strong>1843<\/strong><br \/>(-11 for losing)
|leave|okcoolyo
|player|p2
|chat|suck my nick|gg nub
|chat|psychological|lolol
|chat|suck my nick|haha
|chat|suck my nick|im so mean
|chat|psychological|almost number oen