|join|okcoolyo
|join|SilviuSantos
|player|p1|okcoolyo|169
|player|p2|SilviuSantos|186
|gametype|singles
|gen|6
|tier|OU
|rated
|clearpoke
|poke|p1|Mew
|poke|p1|Tyranitar, M
|poke|p1|Skarmory, F
|poke|p1|Heatran, F
|poke|p1|Keldeo
|poke|p1|Venusaur, F
|poke|p2|Charizard, F, shiny
|poke|p2|Azumarill, M, shiny
|poke|p2|Bisharp, F
|poke|p2|Thundurus, M
|poke|p2|Latias, F
|poke|p2|Keldeo-Resolute, shiny
|rule|Swagger Clause: Swagger is banned
|rule|Baton Pass Clause: Limit one PokÃ©mon knowing Baton Pass
|rule|Sleep Clause Mod: Limit one foe put to sleep
|rule|Species Clause: Limit one of each PokÃ©mon
|rule|OHKO Clause: OHKO moves are banned
|rule|Moody Clause: Moody is banned
|rule|Evasion Moves Clause: Evasion moves are banned
|rule|Endless Battle Clause: Forcing endless battles is banned
|rule|HP Percentage Mod: HP is shown in percentages
|teampreview
|
|start
|switch|p1a: Keldeo|Keldeo|323\/323
|switch|p2a: Leo stronda|Thundurus, M|300\/300
|turn|1
|
|switch|p1a: Tyranitar|Tyranitar, M|341\/341
|-weather|Sandstorm
|move|p2a: Leo stronda|Thunderbolt|p1a: Tyranitar
|-damage|p1a: Tyranitar|199\/341
|-damage|p2a: Leo stronda|270\/300|[from] item: Life Orb
|
|-weather|Sandstorm|[upkeep]
|-damage|p2a: Leo stronda|252\/300|[from] sandstorm
|turn|2
|
|switch|p2a: Jeffinho stronda|Bisharp, F|272\/272
|move|p1a: Tyranitar|Rock Slide|p2a: Jeffinho stronda
|-resisted|p2a: Jeffinho stronda
|-damage|p2a: Jeffinho stronda|201\/272
|
|-weather|Sandstorm|[upkeep]
|turn|3
|
|switch|p1a: Skarmory|Skarmory, F|334\/334
|switch|p2a: Leo stronda|Thundurus, M|252\/300
|
|-weather|Sandstorm|[upkeep]
|-damage|p2a: Leo stronda|234\/300|[from] sandstorm
|turn|4
|
|switch|p1a: Venusaur|Venusaur, F|361\/361
|move|p2a: Leo stronda|Thunderbolt|p1a: Venusaur
|-resisted|p1a: Venusaur
|-damage|p1a: Venusaur|291\/361
|-damage|p2a: Leo stronda|204\/300|[from] item: Life Orb
|
|-weather|Sandstorm|[upkeep]
|-damage|p2a: Leo stronda|186\/300|[from] sandstorm
|-damage|p1a: Venusaur|269\/361|[from] sandstorm
|turn|5
|
|switch|p2a: Rafa stronda|Latias, F|301\/301
|detailschange|p1a: Venusaur|Venusaur-Mega, F
|message|Venusaur has Mega Evolved into Mega Venusaur!
|move|p1a: Venusaur|Sleep Powder|p2a: Rafa stronda|[miss]
|-miss|p1a: Venusaur|p2a: Rafa stronda
|
|-weather|none
|turn|6
|
|move|p2a: Rafa stronda|Psyshock|p1a: Venusaur
|-crit|p1a: Venusaur
|-supereffective|p1a: Venusaur
|-damage|p1a: Venusaur|0 fnt
|-damage|p2a: Rafa stronda|271\/301|[from] item: Life Orb
|faint|p1a: Venusaur
|
|
|switch|p1a: Tyranitar|Tyranitar, M|199\/341
|-weather|Sandstorm
|turn|7
|
|move|p1a: Tyranitar|Pursuit|p2a: Rafa stronda
|-supereffective|p2a: Rafa stronda
|-damage|p2a: Rafa stronda|113\/301
|move|p2a: Rafa stronda|Draco Meteor|p1a: Tyranitar
|-damage|p1a: Tyranitar|8\/341
|-unboost|p2a: Rafa stronda|spa|2
|-damage|p2a: Rafa stronda|83\/301|[from] item: Life Orb
|
|-weather|Sandstorm|[upkeep]
|-damage|p2a: Rafa stronda|65\/301|[from] sandstorm
|turn|8
|
|move|p1a: Tyranitar|Pursuit|p2a: Rafa stronda
|-crit|p2a: Rafa stronda
|-supereffective|p2a: Rafa stronda
|-damage|p2a: Rafa stronda|0 fnt
|faint|p2a: Rafa stronda
|
|-weather|Sandstorm|[upkeep]
|
|switch|p2a: Jeffinho stronda|Bisharp, F|201\/272
|turn|9
|
|move|p2a: Jeffinho stronda|Pursuit|p1a: Tyranitar|[from]Pursuit
|-resisted|p1a: Tyranitar
|-damage|p1a: Tyranitar|0 fnt
|-damage|p2a: Jeffinho stronda|174\/272|[from] item: Life Orb
|faint|p1a: Tyranitar
|
|-weather|Sandstorm|[upkeep]
|
|switch|p1a: Keldeo|Keldeo|323\/323
|turn|10
|
|switch|p2a: Dani stronda|Azumarill, M, shiny|404\/404
|move|p1a: Keldeo|Hydro Pump|p2a: Dani stronda
|-resisted|p2a: Dani stronda
|-damage|p2a: Dani stronda|329\/404
|
|-weather|Sandstorm|[upkeep]
|-damage|p1a: Keldeo|303\/323|[from] sandstorm
|-damage|p2a: Dani stronda|304\/404|[from] sandstorm
|-heal|p1a: Keldeo|323\/323|[from] item: Leftovers
|turn|11
|
|switch|p1a: Skarmory|Skarmory, F|334\/334
|move|p2a: Dani stronda|Knock Off|p1a: Skarmory
|-damage|p1a: Skarmory|249\/334
|-damage|p2a: Dani stronda|237\/404|[from] item: Rocky Helmet|[of] p1a: Skarmory
|-enditem|p1a: Skarmory|Rocky Helmet|[from] move: Knock Off|[of] p2a: Dani stronda
|
|-weather|none
|turn|12
|
|switch|p1a: Mew|Mew|404\/404
|switch|p2a: Leo stronda|Thundurus, M|186\/300
|
|turn|13
|
|move|p2a: Leo stronda|Thunderbolt|p1a: Mew
|-damage|p1a: Mew|262\/404
|-damage|p2a: Leo stronda|156\/300|[from] item: Life Orb
|move|p1a: Mew|Psychic|p2a: Leo stronda
|-damage|p2a: Leo stronda|38\/300
|
|-heal|p1a: Mew|287\/404|[from] item: Leftovers
|turn|14
|
|switch|p2a: Jeffinho stronda|Bisharp, F|174\/272
|move|p1a: Mew|Soft-Boiled|p1a: Mew
|-heal|p1a: Mew|404\/404
|
|turn|15
|
|move|p2a: Jeffinho stronda|Pursuit|p1a: Mew
|-supereffective|p1a: Mew
|-damage|p1a: Mew|225\/404
|-damage|p2a: Jeffinho stronda|147\/272|[from] item: Life Orb
|move|p1a: Mew|Will-O-Wisp|p2a: Jeffinho stronda
|-status|p2a: Jeffinho stronda|brn
|
|-heal|p1a: Mew|250\/404|[from] item: Leftovers
|-damage|p2a: Jeffinho stronda|113\/272 brn|[from] brn
|turn|16
|
|move|p2a: Jeffinho stronda|Knock Off|p1a: Mew
|-supereffective|p1a: Mew
|-damage|p1a: Mew|37\/404
|-enditem|p1a: Mew|Leftovers|[from] move: Knock Off|[of] p2a: Jeffinho stronda
|-damage|p2a: Jeffinho stronda|86\/272 brn|[from] item: Life Orb
|move|p1a: Mew|Soft-Boiled|p1a: Mew
|-heal|p1a: Mew|239\/404
|
|-damage|p2a: Jeffinho stronda|52\/272 brn|[from] brn
|turn|17
|
|move|p2a: Jeffinho stronda|Knock Off|p1a: Mew
|-supereffective|p1a: Mew
|-damage|p1a: Mew|91\/404
|-damage|p2a: Jeffinho stronda|25\/272 brn|[from] item: Life Orb
|move|p1a: Mew|Soft-Boiled|p1a: Mew
|-heal|p1a: Mew|293\/404
|
|-damage|p2a: Jeffinho stronda|0 fnt|[from] brn
|faint|p2a: Jeffinho stronda
|
|switch|p2a: Juninho stronda|Charizard, F, shiny|315\/315
|turn|18
|
|switch|p1a: Skarmory|Skarmory, F|249\/334
|detailschange|p2a: Juninho stronda|Charizard-Mega-X, F, shiny
|message|Charizard has Mega Evolved into Mega Charizard!
|move|p2a: Juninho stronda|Dragon Dance|p2a: Juninho stronda
|-boost|p2a: Juninho stronda|atk|1
|-boost|p2a: Juninho stronda|spe|1
|
|turn|19
|
|move|p2a: Juninho stronda|Fire Punch|p1a: Skarmory
|-supereffective|p1a: Skarmory
|-damage|p1a: Skarmory|0 fnt
|faint|p1a: Skarmory
|
|
|switch|p1a: Keldeo|Keldeo|323\/323
|turn|20
|
|move|p2a: Juninho stronda|Dragon Claw|p1a: Keldeo
|-damage|p1a: Keldeo|13\/323
|move|p1a: Keldeo|Hydro Pump|p2a: Juninho stronda
|-damage|p2a: Juninho stronda|80\/315
|
|-heal|p1a: Keldeo|33\/323|[from] item: Leftovers
|turn|21
|
|switch|p1a: Heatran|Heatran, F|381\/381
|move|p2a: Juninho stronda|Dragon Claw|p1a: Heatran
|-resisted|p1a: Heatran
|-damage|p1a: Heatran|249\/381
|
|-heal|p1a: Heatran|272\/381|[from] item: Leftovers
|turn|22
|
|move|p2a: Juninho stronda|Earthquake|p1a: Heatran
|-supereffective|p1a: Heatran
|-damage|p1a: Heatran|0 fnt
|faint|p1a: Heatran
|
|
|switch|p1a: Mew|Mew|293\/404
|turn|23
|
|move|p2a: Juninho stronda|Dragon Claw|p1a: Mew
|-damage|p1a: Mew|0 fnt
|faint|p1a: Mew
|
|-message|okcoolyo forfeited.
|
|win|SilviuSantos
|raw|Ladder updating...
|leave|okcoolyo
|player|p1
|raw|okcoolyo's rating: 1347 &rarr; <strong>1328<\/strong><br \/>(-19 for losing)
|raw|SilviuSantos's rating: 1369 &rarr; <strong>1388<\/strong><br \/>(+19 for winning)