|join|watch cats
|join|okcoolyo
|player|p1|watch cats|290
|player|p2|okcoolyo|170
|gametype|singles
|gen|6
|tier|OU
|rated
|clearpoke
|poke|p1|Bisharp, M
|poke|p1|Venusaur, M
|poke|p1|Heatran, F
|poke|p1|Keldeo
|poke|p1|Chansey, F
|poke|p1|Skarmory, M
|poke|p2|Mew
|poke|p2|Tyranitar, M
|poke|p2|Skarmory, F
|poke|p2|Heatran, F
|poke|p2|Keldeo
|poke|p2|Venusaur, M
|rule|Swagger Clause: Swagger is banned
|rule|Baton Pass Clause: Limit one PokÃ©mon knowing Baton Pass
|rule|Sleep Clause Mod: Limit one foe put to sleep
|rule|Species Clause: Limit one of each PokÃ©mon
|rule|OHKO Clause: OHKO moves are banned
|rule|Moody Clause: Moody is banned
|rule|Evasion Moves Clause: Evasion moves are banned
|rule|Endless Battle Clause: Forcing endless battles is banned
|rule|HP Percentage Mod: HP is shown in percentages
|teampreview
|join|CleanerThanRotom-W
|
|start
|switch|p1a: LT3B Aka DH|Venusaur, M|364\/364
|switch|p2a: Keldeo|Keldeo|323\/323
|turn|1
|
|switch|p2a: Venusaur|Venusaur, M|361\/361
|detailschange|p1a: LT3B Aka DH|Venusaur-Mega, M
|message|Venusaur has Mega Evolved into Mega Venusaur!
|move|p1a: LT3B Aka DH|Giga Drain|p2a: Venusaur
|-resisted|p2a: Venusaur
|-damage|p2a: Venusaur|342\/361
|
|turn|2
|
|detailschange|p2a: Venusaur|Venusaur-Mega, M
|message|Venusaur has Mega Evolved into Mega Venusaur!
|move|p2a: Venusaur|Sleep Powder|p1a: LT3B Aka DH
|-fail|p1a: LT3B Aka DH
|move|p1a: LT3B Aka DH|Giga Drain|p2a: Venusaur
|-resisted|p2a: Venusaur
|-damage|p2a: Venusaur|327\/361
|
|turn|3
|
|switch|p1a: Tele plays haxball|Heatran, F|340\/340
|-item|p1a: Tele plays haxball|Air Balloon
|move|p2a: Venusaur|Sludge Bomb|p1a: Tele plays haxball
|-immune|p1a: Tele plays haxball|[msg]
|
|turn|4
|
|move|p1a: Tele plays haxball|Stealth Rock|p2a: Venusaur
|-sidestart|p2: okcoolyo|move: Stealth Rock
|move|p2a: Venusaur|Sleep Powder|p1a: Tele plays haxball
|-status|p1a: Tele plays haxball|slp
|
|turn|5
|
|cant|p1a: Tele plays haxball|slp
|move|p2a: Venusaur|Giga Drain|p1a: Tele plays haxball
|-resisted|p1a: Tele plays haxball
|-damage|p1a: Tele plays haxball|316\/340 slp
|-heal|p2a: Venusaur|339\/361|[from] drain|[of] p1a: Tele plays haxball
|-enditem|p1a: Tele plays haxball|Air Balloon
|
|turn|6
|
|switch|p2a: Heatran|Heatran, F|381\/381
|-damage|p2a: Heatran|334\/381|[from] Stealth Rock
|cant|p1a: Tele plays haxball|slp
|
|-heal|p2a: Heatran|357\/381|[from] item: Leftovers
|turn|7
|
|cant|p1a: Tele plays haxball|slp
|move|p2a: Heatran|Stealth Rock|p1a: Tele plays haxball
|-sidestart|p1: watch cats|move: Stealth Rock
|
|-heal|p2a: Heatran|380\/381|[from] item: Leftovers
|turn|8
|
|switch|p1a: jake the ripper|Keldeo|323\/323
|-damage|p1a: jake the ripper|303\/323|[from] Stealth Rock
|move|p2a: Heatran|Earth Power|p1a: jake the ripper
|-damage|p1a: jake the ripper|203\/323
|-unboost|p1a: jake the ripper|spd|1
|
|-heal|p1a: jake the ripper|223\/323|[from] item: Leftovers
|-heal|p2a: Heatran|381\/381|[from] item: Leftovers
|turn|9
|c| CleanerThanRotom-W|slee powder venu...
|
|switch|p2a: Venusaur|Venusaur-Mega, M|339\/361
|-damage|p2a: Venusaur|294\/361|[from] Stealth Rock
|move|p1a: jake the ripper|Scald|p2a: Venusaur
|-resisted|p2a: Venusaur
|-damage|p2a: Venusaur|246\/361
|
|-heal|p1a: jake the ripper|243\/323|[from] item: Leftovers
|turn|10
|
|switch|p1a: Tele plays haxball|Heatran, F|316\/340 slp
|-damage|p1a: Tele plays haxball|274\/340 slp|[from] Stealth Rock
|move|p2a: Venusaur|Giga Drain|p1a: Tele plays haxball
|-resisted|p1a: Tele plays haxball
|-damage|p1a: Tele plays haxball|249\/340 slp
|-heal|p2a: Venusaur|259\/361|[from] drain|[of] p1a: Tele plays haxball
|
|turn|11
|
|-curestatus|p1a: Tele plays haxball|slp
|move|p1a: Tele plays haxball|Fire Blast|p2a: Venusaur
|-crit|p2a: Venusaur
|-supereffective|p2a: Venusaur
|-damage|p2a: Venusaur|107\/361
|move|p2a: Venusaur|Sleep Powder|p1a: Tele plays haxball|[miss]
|-miss|p2a: Venusaur|p1a: Tele plays haxball
|
|turn|12
|
|move|p1a: Tele plays haxball|Taunt|p2a: Venusaur
|-start|p2a: Venusaur|move: Taunt
|cant|p2a: Venusaur|move: Taunt|Synthesis
|
|turn|13
|
|switch|p2a: Heatran|Heatran, F|381\/381
|-damage|p2a: Heatran|334\/381|[from] Stealth Rock
|move|p1a: Tele plays haxball|Fire Blast|p2a: Heatran
|-start|p2a: Heatran|ability: Flash Fire
|
|-heal|p2a: Heatran|357\/381|[from] item: Leftovers
|turn|14
|
|switch|p1a: Appreciation|Chansey, F|684\/684
|-damage|p1a: Appreciation|599\/684|[from] Stealth Rock
|move|p2a: Heatran|Earth Power|p1a: Appreciation
|-damage|p1a: Appreciation|550\/684
|
|-heal|p2a: Heatran|380\/381|[from] item: Leftovers
|turn|15
|
|move|p2a: Heatran|Will-O-Wisp|p1a: Appreciation|[miss]
|-miss|p2a: Heatran|p1a: Appreciation
|move|p1a: Appreciation|Seismic Toss|p2a: Heatran
|-damage|p2a: Heatran|280\/381
|
|-heal|p2a: Heatran|303\/381|[from] item: Leftovers
|turn|16
|
|move|p2a: Heatran|Will-O-Wisp|p1a: Appreciation
|-status|p1a: Appreciation|brn
|move|p1a: Appreciation|Seismic Toss|p2a: Heatran
|-damage|p2a: Heatran|203\/381
|
|-heal|p2a: Heatran|226\/381|[from] item: Leftovers
|-damage|p1a: Appreciation|465\/684 brn|[from] brn
|turn|17
|
|switch|p2a: Skarmory|Skarmory, F|334\/334
|-damage|p2a: Skarmory|293\/334|[from] Stealth Rock
|move|p1a: Appreciation|Seismic Toss|p2a: Skarmory
|-damage|p2a: Skarmory|193\/334
|-damage|p1a: Appreciation|351\/684 brn|[from] item: Rocky Helmet|[of] p2a: Skarmory
|
|-damage|p1a: Appreciation|266\/684 brn|[from] brn
|turn|18
|
|move|p2a: Skarmory|Defog|p1a: Appreciation
|-unboost|p1a: Appreciation|evasion|1
|-sideend|p1: watch cats|Stealth Rock|[from] move: Defog|[of] p1a: Appreciation
|-sideend|p2: okcoolyo|Stealth Rock|[from] move: Defog|[of] p2a: Skarmory
|move|p1a: Appreciation|Soft-Boiled|p1a: Appreciation
|-heal|p1a: Appreciation|608\/684 brn
|
|-damage|p1a: Appreciation|523\/684 brn|[from] brn
|turn|19
|
|switch|p1a: Tele plays haxball|Heatran, F|249\/340
|move|p2a: Skarmory|Roost|p2a: Skarmory
|-heal|p2a: Skarmory|334\/334
|
|turn|20
|
|switch|p2a: Venusaur|Venusaur-Mega, M|107\/361
|move|p1a: Tele plays haxball|Stealth Rock|p2a: Venusaur
|-sidestart|p2: okcoolyo|move: Stealth Rock
|
|turn|21
|join|BahaFan
|
|switch|p2a: Keldeo|Keldeo|323\/323
|-damage|p2a: Keldeo|303\/323|[from] Stealth Rock
|move|p1a: Tele plays haxball|Fire Blast|p2a: Keldeo
|-resisted|p2a: Keldeo
|-damage|p2a: Keldeo|210\/323
|
|-heal|p2a: Keldeo|230\/323|[from] item: Leftovers
|turn|22
|c|âwatch cats|leave the battle now bahafan
|
|switch|p2a: Venusaur|Venusaur-Mega, M|107\/361
|-damage|p2a: Venusaur|62\/361|[from] Stealth Rock
|switch|p1a: LT3B Aka DH|Venusaur-Mega, M|364\/364
|
|turn|23
|
|switch|p1a: CleanerThanRotom-W|Skarmory, M|334\/334
|move|p2a: Venusaur|Synthesis|p2a: Venusaur
|-heal|p2a: Venusaur|242\/361
|
|turn|24
|
|switch|p2a: Skarmory|Skarmory, F|334\/334
|-damage|p2a: Skarmory|293\/334|[from] Stealth Rock
|move|p1a: CleanerThanRotom-W|Spikes|p2a: Skarmory
|-sidestart|p2: okcoolyo|Spikes
|
|turn|25
|
|switch|p1a: jake the ripper|Keldeo|243\/323
|move|p2a: Skarmory|Defog|p1a: jake the ripper
|-unboost|p1a: jake the ripper|evasion|1
|-sideend|p2: okcoolyo|Spikes|[from] move: Defog|[of] p2a: Skarmory
|-sideend|p2: okcoolyo|Stealth Rock|[from] move: Defog|[of] p2a: Skarmory
|
|-heal|p1a: jake the ripper|263\/323|[from] item: Leftovers
|turn|26
|c|âwatch cats|private room so
|c|âwatch cats|ok
|
|switch|p2a: Venusaur|Venusaur-Mega, M|242\/361
|move|p1a: jake the ripper|Scald|p2a: Venusaur
|-resisted|p2a: Venusaur
|-damage|p2a: Venusaur|200\/361
|
|-heal|p1a: jake the ripper|283\/323|[from] item: Leftovers
|turn|27
|c| CleanerThanRotom-W|yup
|
|switch|p1a: Tele plays haxball|Heatran, F|249\/340
|move|p2a: Venusaur|Synthesis|p2a: Venusaur
|-heal|p2a: Venusaur|361\/361
|
|turn|28
|
|switch|p2a: Heatran|Heatran, F|226\/381
|move|p1a: Tele plays haxball|Stealth Rock|p2a: Heatran
|-sidestart|p2: okcoolyo|move: Stealth Rock
|
|-heal|p2a: Heatran|249\/381|[from] item: Leftovers
|turn|29
|
|switch|p1a: jake the ripper|Keldeo|283\/323
|move|p2a: Heatran|Stealth Rock|p1a: jake the ripper
|-sidestart|p1: watch cats|move: Stealth Rock
|
|-heal|p1a: jake the ripper|303\/323|[from] item: Leftovers
|-heal|p2a: Heatran|272\/381|[from] item: Leftovers
|turn|30
|
|switch|p2a: Venusaur|Venusaur-Mega, M|361\/361
|-damage|p2a: Venusaur|316\/361|[from] Stealth Rock
|move|p1a: jake the ripper|Scald|p2a: Venusaur
|-resisted|p2a: Venusaur
|-damage|p2a: Venusaur|274\/361
|
|-heal|p1a: jake the ripper|323\/323|[from] item: Leftovers
|turn|31
|
|move|p1a: jake the ripper|Scald|p2a: Venusaur
|-resisted|p2a: Venusaur
|-damage|p2a: Venusaur|232\/361
|-status|p2a: Venusaur|brn
|move|p2a: Venusaur|Giga Drain|p1a: jake the ripper
|-supereffective|p1a: jake the ripper
|-damage|p1a: jake the ripper|89\/323
|-heal|p2a: Venusaur|349\/361 brn|[from] drain|[of] p1a: jake the ripper
|
|-heal|p1a: jake the ripper|109\/323|[from] item: Leftovers
|-damage|p2a: Venusaur|304\/361 brn|[from] brn
|turn|32
|
|switch|p1a: LT3B Aka DH|Venusaur-Mega, M|364\/364
|-damage|p1a: LT3B Aka DH|319\/364|[from] Stealth Rock
|move|p2a: Venusaur|Sleep Powder|p1a: LT3B Aka DH
|-fail|p1a: LT3B Aka DH
|
|-damage|p2a: Venusaur|259\/361 brn|[from] brn
|turn|33
|
|switch|p1a: Tele plays haxball|Heatran, F|249\/340
|-damage|p1a: Tele plays haxball|207\/340|[from] Stealth Rock
|move|p2a: Venusaur|Sludge Bomb|p1a: Tele plays haxball
|-immune|p1a: Tele plays haxball|[msg]
|
|-damage|p2a: Venusaur|214\/361 brn|[from] brn
|turn|34
|
|switch|p2a: Heatran|Heatran, F|272\/381
|-damage|p2a: Heatran|225\/381|[from] Stealth Rock
|move|p1a: Tele plays haxball|Taunt|p2a: Heatran
|-start|p2a: Heatran|move: Taunt
|
|-heal|p2a: Heatran|248\/381|[from] item: Leftovers
|turn|35
|
|switch|p1a: Appreciation|Chansey, F|523\/684
|-damage|p1a: Appreciation|438\/684|[from] Stealth Rock
|move|p2a: Heatran|Earth Power|p1a: Appreciation
|-damage|p1a: Appreciation|383\/684
|
|-heal|p2a: Heatran|271\/381|[from] item: Leftovers
|turn|36
|
|switch|p2a: Mew|Mew|404\/404
|-damage|p2a: Mew|354\/404|[from] Stealth Rock
|move|p1a: Appreciation|Seismic Toss|p2a: Mew
|-damage|p2a: Mew|254\/404
|
|-heal|p2a: Mew|279\/404|[from] item: Leftovers
|turn|37
|
|switch|p1a: Tele plays haxball|Heatran, F|207\/340
|-damage|p1a: Tele plays haxball|165\/340|[from] Stealth Rock
|move|p2a: Mew|Will-O-Wisp|p1a: Tele plays haxball
|-start|p1a: Tele plays haxball|ability: Flash Fire
|
|-heal|p2a: Mew|304\/404|[from] item: Leftovers
|turn|38
|
|switch|p1a: jake the ripper|Keldeo|109\/323
|-damage|p1a: jake the ripper|89\/323|[from] Stealth Rock
|switch|p2a: Heatran|Heatran, F|271\/381
|-damage|p2a: Heatran|224\/381|[from] Stealth Rock
|
|-heal|p1a: jake the ripper|109\/323|[from] item: Leftovers
|-heal|p2a: Heatran|247\/381|[from] item: Leftovers
|turn|39
|
|switch|p2a: Venusaur|Venusaur-Mega, M|214\/361 brn
|-damage|p2a: Venusaur|169\/361 brn|[from] Stealth Rock
|move|p1a: jake the ripper|Scald|p2a: Venusaur
|-resisted|p2a: Venusaur
|-damage|p2a: Venusaur|121\/361 brn
|
|-heal|p1a: jake the ripper|129\/323|[from] item: Leftovers
|-damage|p2a: Venusaur|76\/361 brn|[from] brn
|turn|40
|
|move|p1a: jake the ripper|Hidden Power|p2a: Venusaur
|-supereffective|p2a: Venusaur
|-damage|p2a: Venusaur|0 fnt
|faint|p2a: Venusaur
|
|-heal|p1a: jake the ripper|149\/323|[from] item: Leftovers
|
|switch|p2a: Keldeo|Keldeo|230\/323
|-damage|p2a: Keldeo|210\/323|[from] Stealth Rock
|turn|41
|c| CleanerThanRotom-W|keldeo couners:0
|
|switch|p1a: LT3B Aka DH|Venusaur-Mega, M|319\/364
|-damage|p1a: LT3B Aka DH|274\/364|[from] Stealth Rock
|move|p2a: Keldeo|Secret Sword|p1a: LT3B Aka DH
|-resisted|p1a: LT3B Aka DH
|-damage|p1a: LT3B Aka DH|230\/364
|
|-heal|p2a: Keldeo|230\/323|[from] item: Leftovers
|turn|42
|c| CleanerThanRotom-W|*counters
|
|switch|p2a: Skarmory|Skarmory, F|293\/334
|-damage|p2a: Skarmory|252\/334|[from] Stealth Rock
|move|p1a: LT3B Aka DH|Leech Seed|p2a: Skarmory
|-start|p2a: Skarmory|move: Leech Seed
|
|-damage|p2a: Skarmory|211\/334|[from] Leech Seed|[of] p1a: LT3B Aka DH
|-heal|p1a: LT3B Aka DH|271\/364|[silent]
|turn|43
|
|switch|p2a: Keldeo|Keldeo|230\/323
|-damage|p2a: Keldeo|210\/323|[from] Stealth Rock
|move|p1a: LT3B Aka DH|Hidden Power|p2a: Keldeo
|-resisted|p2a: Keldeo
|-damage|p2a: Keldeo|182\/323
|
|-heal|p2a: Keldeo|202\/323|[from] item: Leftovers
|turn|44
|
|switch|p2a: Skarmory|Skarmory, F|211\/334
|-damage|p2a: Skarmory|170\/334|[from] Stealth Rock
|move|p1a: LT3B Aka DH|Giga Drain|p2a: Skarmory
|-resisted|p2a: Skarmory
|-damage|p2a: Skarmory|134\/334
|-heal|p1a: LT3B Aka DH|289\/364|[from] drain|[of] p2a: Skarmory
|
|turn|45
|
|switch|p2a: Mew|Mew|304\/404
|-damage|p2a: Mew|254\/404|[from] Stealth Rock
|move|p1a: LT3B Aka DH|Hidden Power|p2a: Mew
|-damage|p2a: Mew|216\/404
|
|-heal|p2a: Mew|241\/404|[from] item: Leftovers
|turn|46
|
|switch|p1a: Tele plays haxball|Heatran, F|165\/340
|-damage|p1a: Tele plays haxball|123\/340|[from] Stealth Rock
|move|p2a: Mew|Taunt|p1a: Tele plays haxball
|-start|p1a: Tele plays haxball|move: Taunt
|
|-heal|p2a: Mew|266\/404|[from] item: Leftovers
|turn|47
|
|move|p1a: Tele plays haxball|Fire Blast|p2a: Mew
|-damage|p2a: Mew|145\/404
|move|p2a: Mew|Soft-Boiled|p2a: Mew
|-heal|p2a: Mew|347\/404
|
|-heal|p2a: Mew|372\/404|[from] item: Leftovers
|turn|48
|
|move|p1a: Tele plays haxball|Fire Blast|p2a: Mew
|-damage|p2a: Mew|245\/404
|move|p2a: Mew|Psychic|p1a: Tele plays haxball
|-resisted|p1a: Tele plays haxball
|-damage|p1a: Tele plays haxball|75\/340
|
|-heal|p2a: Mew|270\/404|[from] item: Leftovers
|turn|49
|
|move|p1a: Tele plays haxball|Fire Blast|p2a: Mew
|-damage|p2a: Mew|155\/404
|move|p2a: Mew|Soft-Boiled|p2a: Mew
|-heal|p2a: Mew|357\/404
|
|-heal|p2a: Mew|382\/404|[from] item: Leftovers
|-end|p1a: Tele plays haxball|move: Taunt
|turn|50
|
|move|p1a: Tele plays haxball|Toxic|p2a: Mew
|-status|p2a: Mew|tox
|move|p2a: Mew|Psychic|p1a: Tele plays haxball
|-resisted|p1a: Tele plays haxball
|-damage|p1a: Tele plays haxball|21\/340
|
|-heal|p2a: Mew|404\/404 tox|[from] item: Leftovers
|-damage|p2a: Mew|379\/404 tox|[from] psn
|turn|51
|
|move|p1a: Tele plays haxball|Taunt|p2a: Mew
|-start|p2a: Mew|move: Taunt
|move|p2a: Mew|Psychic|p1a: Tele plays haxball
|-resisted|p1a: Tele plays haxball
|-damage|p1a: Tele plays haxball|0 fnt
|faint|p1a: Tele plays haxball
|
|-heal|p2a: Mew|404\/404 tox|[from] item: Leftovers
|-damage|p2a: Mew|354\/404 tox|[from] psn
|
|switch|p1a: I came from leddit|Bisharp, M|334\/334
|-damage|p1a: I came from leddit|314\/334|[from] Stealth Rock
|turn|52
|
|switch|p2a: Skarmory|Skarmory, F|134\/334
|-damage|p2a: Skarmory|93\/334|[from] Stealth Rock
|move|p1a: I came from leddit|Iron Head|p2a: Skarmory
|-resisted|p2a: Skarmory
|-damage|p2a: Skarmory|48\/334
|-damage|p1a: I came from leddit|259\/334|[from] item: Rocky Helmet|[of] p2a: Skarmory
|
|-heal|p1a: I came from leddit|279\/334|[from] item: Leftovers
|turn|53
|
|move|p2a: Skarmory|Roost|p2a: Skarmory
|-heal|p2a: Skarmory|215\/334
|move|p1a: I came from leddit|Knock Off|p2a: Skarmory
|-damage|p2a: Skarmory|104\/334
|-damage|p1a: I came from leddit|224\/334|[from] item: Rocky Helmet|[of] p2a: Skarmory
|-enditem|p2a: Skarmory|Rocky Helmet|[from] move: Knock Off|[of] p1a: I came from leddit
|
|-heal|p1a: I came from leddit|244\/334|[from] item: Leftovers
|turn|54
|
|switch|p1a: jake the ripper|Keldeo|149\/323
|-damage|p1a: jake the ripper|129\/323|[from] Stealth Rock
|move|p2a: Skarmory|Roost|p2a: Skarmory
|-heal|p2a: Skarmory|271\/334
|
|-heal|p1a: jake the ripper|149\/323|[from] item: Leftovers
|turn|55
|
|move|p1a: jake the ripper|Scald|p2a: Skarmory
|-damage|p2a: Skarmory|91\/334
|move|p2a: Skarmory|Brave Bird|p1a: jake the ripper
|-supereffective|p1a: jake the ripper
|-damage|p1a: jake the ripper|0 fnt
|-damage|p2a: Skarmory|42\/334|[from] recoil|[of] p1a: jake the ripper
|faint|p1a: jake the ripper
|
|
|switch|p1a: LT3B Aka DH|Venusaur-Mega, M|289\/364
|-damage|p1a: LT3B Aka DH|244\/364|[from] Stealth Rock
|turn|56
|
|move|p1a: LT3B Aka DH|Hidden Power|p2a: Skarmory
|-supereffective|p2a: Skarmory
|-damage|p2a: Skarmory|0 fnt
|faint|p2a: Skarmory
|
|
|switch|p2a: Heatran|Heatran, F|247\/381
|-damage|p2a: Heatran|200\/381|[from] Stealth Rock
|turn|57
|
|move|p1a: LT3B Aka DH|Leech Seed|p2a: Heatran
|-start|p2a: Heatran|move: Leech Seed
|move|p2a: Heatran|Will-O-Wisp|p1a: LT3B Aka DH
|-status|p1a: LT3B Aka DH|brn
|
|-heal|p2a: Heatran|223\/381|[from] item: Leftovers
|-damage|p2a: Heatran|176\/381|[from] Leech Seed|[of] p1a: LT3B Aka DH
|-heal|p1a: LT3B Aka DH|291\/364 brn|[silent]
|-damage|p1a: LT3B Aka DH|246\/364 brn|[from] brn
|turn|58
|
|switch|p1a: Appreciation|Chansey, F|383\/684
|-damage|p1a: Appreciation|298\/684|[from] Stealth Rock
|switch|p2a: Mew|Mew|354\/404 tox
|-damage|p2a: Mew|304\/404 tox|[from] Stealth Rock
|
|-heal|p2a: Mew|329\/404 tox|[from] item: Leftovers
|-damage|p2a: Mew|304\/404 tox|[from] psn
|turn|59
|
|move|p2a: Mew|Taunt|p1a: Appreciation
|-start|p1a: Appreciation|move: Taunt
|move|p1a: Appreciation|Seismic Toss|p2a: Mew
|-damage|p2a: Mew|204\/404 tox
|
|-heal|p2a: Mew|229\/404 tox|[from] item: Leftovers
|-damage|p2a: Mew|179\/404 tox|[from] psn
|turn|60
|
|move|p2a: Mew|Soft-Boiled|p2a: Mew
|-heal|p2a: Mew|381\/404 tox
|move|p1a: Appreciation|Seismic Toss|p2a: Mew
|-damage|p2a: Mew|281\/404 tox
|
|-heal|p2a: Mew|306\/404 tox|[from] item: Leftovers
|-damage|p2a: Mew|231\/404 tox|[from] psn
|turn|61
|
|switch|p2a: Keldeo|Keldeo|202\/323
|-damage|p2a: Keldeo|182\/323|[from] Stealth Rock
|move|p1a: Appreciation|Seismic Toss|p2a: Keldeo
|-damage|p2a: Keldeo|82\/323
|
|-heal|p2a: Keldeo|102\/323|[from] item: Leftovers
|-end|p1a: Appreciation|move: Taunt
|turn|62
|
|switch|p1a: LT3B Aka DH|Venusaur-Mega, M|246\/364 brn
|-damage|p1a: LT3B Aka DH|201\/364 brn|[from] Stealth Rock
|move|p2a: Keldeo|Secret Sword|p1a: LT3B Aka DH
|-resisted|p1a: LT3B Aka DH
|-damage|p1a: LT3B Aka DH|152\/364 brn
|
|-heal|p2a: Keldeo|122\/323|[from] item: Leftovers
|-damage|p1a: LT3B Aka DH|107\/364 brn|[from] brn
|turn|63
|
|switch|p2a: Mew|Mew|231\/404 tox
|-damage|p2a: Mew|181\/404 tox|[from] Stealth Rock
|move|p1a: LT3B Aka DH|Synthesis|p1a: LT3B Aka DH
|-heal|p1a: LT3B Aka DH|289\/364 brn
|
|-heal|p2a: Mew|206\/404 tox|[from] item: Leftovers
|-damage|p2a: Mew|181\/404 tox|[from] psn
|-damage|p1a: LT3B Aka DH|244\/364 brn|[from] brn
|turn|64
|
|move|p2a: Mew|Soft-Boiled|p2a: Mew
|-heal|p2a: Mew|383\/404 tox
|move|p1a: LT3B Aka DH|Giga Drain|p2a: Mew
|-damage|p2a: Mew|302\/404 tox
|-heal|p1a: LT3B Aka DH|285\/364 brn|[from] drain|[of] p2a: Mew
|
|-heal|p2a: Mew|327\/404 tox|[from] item: Leftovers
|-damage|p2a: Mew|277\/404 tox|[from] psn
|-damage|p1a: LT3B Aka DH|240\/364 brn|[from] brn
|turn|65
|
|move|p2a: Mew|Psychic|p1a: LT3B Aka DH
|-supereffective|p1a: LT3B Aka DH
|-damage|p1a: LT3B Aka DH|66\/364 brn
|move|p1a: LT3B Aka DH|Giga Drain|p2a: Mew
|-damage|p2a: Mew|205\/404 tox
|-heal|p1a: LT3B Aka DH|102\/364 brn|[from] drain|[of] p2a: Mew
|
|-heal|p2a: Mew|230\/404 tox|[from] item: Leftovers
|-damage|p2a: Mew|155\/404 tox|[from] psn
|-damage|p1a: LT3B Aka DH|57\/364 brn|[from] brn
|turn|66
|
|move|p2a: Mew|Soft-Boiled|p2a: Mew
|-heal|p2a: Mew|357\/404 tox
|move|p1a: LT3B Aka DH|Giga Drain|p2a: Mew
|-damage|p2a: Mew|275\/404 tox
|-heal|p1a: LT3B Aka DH|98\/364 brn|[from] drain|[of] p2a: Mew
|
|-heal|p2a: Mew|300\/404 tox|[from] item: Leftovers
|-damage|p2a: Mew|200\/404 tox|[from] psn
|-damage|p1a: LT3B Aka DH|53\/364 brn|[from] brn
|turn|67
|join|Zenzoh
|
|switch|p1a: I came from leddit|Bisharp, M|244\/334
|-damage|p1a: I came from leddit|224\/334|[from] Stealth Rock
|move|p2a: Mew|Psychic|p1a: I came from leddit
|-immune|p1a: I came from leddit|[msg]
|
|-heal|p2a: Mew|225\/404 tox|[from] item: Leftovers
|-heal|p1a: I came from leddit|244\/334|[from] item: Leftovers
|-damage|p2a: Mew|100\/404 tox|[from] psn
|turn|68
|c| CleanerThanRotom-W|zenzoh fren n_n
|
|switch|p1a: Appreciation|Chansey, F|298\/684
|-damage|p1a: Appreciation|213\/684|[from] Stealth Rock
|move|p2a: Mew|Will-O-Wisp|p1a: Appreciation
|-status|p1a: Appreciation|brn
|
|-heal|p2a: Mew|125\/404 tox|[from] item: Leftovers
|-damage|p2a: Mew|0 fnt|[from] psn
|-damage|p1a: Appreciation|128\/684 brn|[from] brn
|faint|p2a: Mew
|c| Zenzoh|n_n
|
|switch|p2a: Keldeo|Keldeo|122\/323
|-damage|p2a: Keldeo|102\/323|[from] Stealth Rock
|turn|69
|
|move|p2a: Keldeo|Secret Sword|p1a: Appreciation
|-supereffective|p1a: Appreciation
|-damage|p1a: Appreciation|0 fnt
|faint|p1a: Appreciation
|
|-heal|p2a: Keldeo|122\/323|[from] item: Leftovers
|
|switch|p1a: CleanerThanRotom-W|Skarmory, M|334\/334
|-damage|p1a: CleanerThanRotom-W|293\/334|[from] Stealth Rock
|turn|70
|
|switch|p2a: Heatran|Heatran, F|176\/381
|-damage|p2a: Heatran|129\/381|[from] Stealth Rock
|move|p1a: CleanerThanRotom-W|Brave Bird|p2a: Heatran
|-crit|p2a: Heatran
|-resisted|p2a: Heatran
|-damage|p2a: Heatran|51\/381
|-damage|p1a: CleanerThanRotom-W|267\/334|[from] recoil|[of] p2a: Heatran
|
|-heal|p2a: Heatran|74\/381|[from] item: Leftovers
|turn|71
|
|move|p2a: Heatran|Lava Plume|p1a: CleanerThanRotom-W
|-supereffective|p1a: CleanerThanRotom-W
|-damage|p1a: CleanerThanRotom-W|25\/334
|move|p1a: CleanerThanRotom-W|Spikes|p2a: Heatran
|-sidestart|p2: okcoolyo|Spikes
|
|-heal|p2a: Heatran|97\/381|[from] item: Leftovers
|turn|72
|
|move|p2a: Heatran|Lava Plume|p1a: CleanerThanRotom-W
|-crit|p1a: CleanerThanRotom-W
|-supereffective|p1a: CleanerThanRotom-W
|-damage|p1a: CleanerThanRotom-W|0 fnt
|faint|p1a: CleanerThanRotom-W
|
|-heal|p2a: Heatran|120\/381|[from] item: Leftovers
|
|switch|p1a: I came from leddit|Bisharp, M|244\/334
|-damage|p1a: I came from leddit|224\/334|[from] Stealth Rock
|turn|73
|
|move|p1a: I came from leddit|Sucker Punch|p2a: Heatran
|-fail|p2a: Heatran
|move|p2a: Heatran|Will-O-Wisp|p1a: I came from leddit
|-status|p1a: I came from leddit|brn
|
|-heal|p2a: Heatran|143\/381|[from] item: Leftovers
|-heal|p1a: I came from leddit|244\/334 brn|[from] item: Leftovers
|-damage|p1a: I came from leddit|203\/334 brn|[from] brn
|turn|74
|
|switch|p2a: Tyranitar|Tyranitar, M|341\/341
|-damage|p2a: Tyranitar|299\/341|[from] Stealth Rock
|-damage|p2a: Tyranitar|257\/341|[from] Spikes
|-weather|Sandstorm
|move|p1a: I came from leddit|Sucker Punch|p2a: Tyranitar
|-fail|p2a: Tyranitar
|
|-weather|Sandstorm|[upkeep]
|-heal|p1a: I came from leddit|223\/334 brn|[from] item: Leftovers
|-damage|p1a: I came from leddit|182\/334 brn|[from] brn
|turn|75
|
|move|p2a: Tyranitar|Earthquake|p1a: I came from leddit
|-supereffective|p1a: I came from leddit
|-damage|p1a: I came from leddit|0 fnt
|faint|p1a: I came from leddit
|
|-weather|Sandstorm|[upkeep]
|
|switch|p1a: LT3B Aka DH|Venusaur-Mega, M|53\/364 brn
|-damage|p1a: LT3B Aka DH|8\/364 brn|[from] Stealth Rock
|turn|76
|
|move|p2a: Tyranitar|Earthquake|p1a: LT3B Aka DH
|-damage|p1a: LT3B Aka DH|0 fnt
|faint|p1a: LT3B Aka DH
|
|win|okcoolyo
|raw|Ladder updating...
|leave|watch cats
|player|p1
|raw|watch cats's rating: 1897 &rarr; <strong>1871<\/strong><br \/>(-26 for losing)
|raw|okcoolyo's rating: 1799 &rarr; <strong>1825<\/strong><br \/>(+26 for winning)
|leave|Zenzoh