|join|Aka DH
|join|okcoolyo
|player|p1|Aka DH|68
|player|p2|okcoolyo|169
|gametype|singles
|gen|6
|tier|OU
|rated
|clearpoke
|poke|p1|Chansey, F
|poke|p1|Keldeo
|poke|p1|Heatran, F
|poke|p1|Skarmory, F
|poke|p1|Bisharp, M
|poke|p1|Venusaur, F
|poke|p2|Medicham, M
|poke|p2|Mew
|poke|p2|Heatran, M
|poke|p2|Manaphy
|poke|p2|Skarmory, F
|poke|p2|Landorus, M
|rule|Swagger Clause: Swagger is banned
|rule|Baton Pass Clause: Limit one PokÃ©mon knowing Baton Pass
|rule|Sleep Clause Mod: Limit one foe put to sleep
|rule|Species Clause: Limit one of each PokÃ©mon
|rule|OHKO Clause: OHKO moves are banned
|rule|Moody Clause: Moody is banned
|rule|Evasion Moves Clause: Evasion moves are banned
|rule|Endless Battle Clause: Forcing endless battles is banned
|rule|HP Percentage Mod: HP is reported as percentages
|teampreview
|
|start
|switch|p1a: Skarmory|Skarmory, F|334\/334
|switch|p2a: Heatran|Heatran, M|386\/386
|turn|1
|
|switch|p1a: Heatran|Heatran, F|340\/340
|-item|p1a: Heatran|Air Balloon
|move|p2a: Heatran|Lava Plume|p1a: Heatran
|-start|p1a: Heatran|ability: Flash Fire
|
|turn|2
|join|Jealous Sunday
|
|move|p1a: Heatran|Stealth Rock|p2a: Heatran
|-sidestart|p2: okcoolyo|move: Stealth Rock
|move|p2a: Heatran|Stealth Rock|p1a: Heatran
|-sidestart|p1: Aka DH|move: Stealth Rock
|
|turn|3
|
|switch|p2a: Manaphy|Manaphy|341\/341
|-damage|p2a: Manaphy|299\/341|[from] Stealth Rock
|move|p1a: Heatran|Fire Blast|p2a: Manaphy
|-resisted|p2a: Manaphy
|-damage|p2a: Manaphy|185\/341
|
|-heal|p2a: Manaphy|206\/341|[from] item: Leftovers
|turn|4
|
|move|p2a: Manaphy|Ice Beam|p1a: Heatran
|-crit|p1a: Heatran
|-resisted|p1a: Heatran
|-damage|p1a: Heatran|311\/340
|-enditem|p1a: Heatran|Air Balloon
|move|p1a: Heatran|Fire Blast|p2a: Manaphy
|-resisted|p2a: Manaphy
|-damage|p2a: Manaphy|89\/341
|
|-heal|p2a: Manaphy|110\/341|[from] item: Leftovers
|turn|5
|
|switch|p2a: Heatran|Heatran, M|386\/386
|-damage|p2a: Heatran|338\/386|[from] Stealth Rock
|move|p1a: Heatran|Fire Blast|p2a: Heatran
|-start|p2a: Heatran|ability: Flash Fire
|
|-heal|p2a: Heatran|362\/386|[from] item: Leftovers
|turn|6
|
|switch|p1a: Keldeo|Keldeo|323\/323
|-damage|p1a: Keldeo|303\/323|[from] Stealth Rock
|move|p2a: Heatran|Earth Power|p1a: Keldeo
|-damage|p1a: Keldeo|205\/323
|-unboost|p1a: Keldeo|spd|1
|
|-heal|p1a: Keldeo|225\/323|[from] item: Leftovers
|-heal|p2a: Heatran|386\/386|[from] item: Leftovers
|turn|7
|
|switch|p2a: Mew|Mew|404\/404
|-damage|p2a: Mew|354\/404|[from] Stealth Rock
|move|p1a: Keldeo|Scald|p2a: Mew
|-damage|p2a: Mew|251\/404
|-status|p2a: Mew|brn
|-status|p1a: Keldeo|brn
|
|-heal|p1a: Keldeo|245\/323 brn|[from] item: Leftovers
|-heal|p2a: Mew|276\/404 brn|[from] item: Leftovers
|-damage|p1a: Keldeo|205\/323 brn|[from] brn
|-damage|p2a: Mew|226\/404 brn|[from] brn
|turn|8
|
|switch|p1a: Chansey|Chansey, F|685\/685
|-damage|p1a: Chansey|600\/685|[from] Stealth Rock
|switch|p2a: Heatran|Heatran, M|386\/386
|-damage|p2a: Heatran|338\/386|[from] Stealth Rock
|
|-heal|p2a: Heatran|362\/386|[from] item: Leftovers
|turn|9
|
|move|p2a: Heatran|Will-O-Wisp|p1a: Chansey
|-status|p1a: Chansey|brn
|move|p1a: Chansey|Seismic Toss|p2a: Heatran
|-damage|p2a: Heatran|262\/386
|
|-heal|p2a: Heatran|286\/386|[from] item: Leftovers
|-damage|p1a: Chansey|515\/685 brn|[from] brn
|turn|10
|
|switch|p2a: Medicham|Medicham, M|261\/261
|-damage|p2a: Medicham|245\/261|[from] Stealth Rock
|move|p1a: Chansey|Thunder Wave|p2a: Medicham
|-status|p2a: Medicham|par
|
|-damage|p1a: Chansey|430\/685 brn|[from] brn
|turn|11
|
|switch|p1a: Skarmory|Skarmory, F|334\/334
|-damage|p1a: Skarmory|293\/334|[from] Stealth Rock
|detailschange|p2a: Medicham|Medicham-Mega, M
|message|Medicham has Mega Evolved into Mega Medicham!
|move|p2a: Medicham|High Jump Kick|p1a: Skarmory
|-damage|p1a: Skarmory|43\/334
|-damage|p2a: Medicham|202\/261 par|[from] item: Rocky Helmet|[of] p1a: Skarmory
|
|turn|12
|
|move|p2a: Medicham|Bullet Punch|p1a: Skarmory
|-resisted|p1a: Skarmory
|-damage|p1a: Skarmory|17\/334
|-damage|p2a: Medicham|159\/261 par|[from] item: Rocky Helmet|[of] p1a: Skarmory
|move|p1a: Skarmory|Brave Bird|p2a: Medicham
|-supereffective|p2a: Medicham
|-damage|p2a: Medicham|0 fnt
|-damage|p1a: Skarmory|0 fnt|[from] recoil|[of] p2a: Medicham
|faint|p2a: Medicham
|faint|p1a: Skarmory
|
|
|switch|p1a: Keldeo|Keldeo|205\/323 brn
|-damage|p1a: Keldeo|185\/323 brn|[from] Stealth Rock
|switch|p2a: Skarmory|Skarmory, F|334\/334
|-damage|p2a: Skarmory|293\/334|[from] Stealth Rock
|turn|13
|
|move|p1a: Keldeo|Scald|p2a: Skarmory
|-damage|p2a: Skarmory|109\/334
|move|p2a: Skarmory|Defog|p1a: Keldeo
|-unboost|p1a: Keldeo|evasion|1
|-sideend|p1: Aka DH|Stealth Rock|[from] move: Defog|[of] p1a: Keldeo
|-sideend|p2: okcoolyo|Stealth Rock|[from] move: Defog|[of] p2a: Skarmory
|
|-heal|p1a: Keldeo|205\/323 brn|[from] item: Leftovers
|-damage|p1a: Keldeo|165\/323 brn|[from] brn
|turn|14
|
|move|p1a: Keldeo|Scald|p2a: Skarmory
|-damage|p2a: Skarmory|0 fnt
|faint|p2a: Skarmory
|
|-heal|p1a: Keldeo|185\/323 brn|[from] item: Leftovers
|-damage|p1a: Keldeo|145\/323 brn|[from] brn
|
|switch|p2a: Mew|Mew|226\/404 brn
|turn|15
|
|switch|p1a: Heatran|Heatran, F|311\/340
|move|p2a: Mew|Soft-Boiled|p2a: Mew
|-heal|p2a: Mew|404\/404 brn
|
|-damage|p2a: Mew|354\/404 brn|[from] brn
|turn|16
|
|switch|p2a: Heatran|Heatran, M|286\/386
|move|p1a: Heatran|Stealth Rock|p2a: Heatran
|-sidestart|p2: okcoolyo|move: Stealth Rock
|
|-heal|p2a: Heatran|310\/386|[from] item: Leftovers
|turn|17
|
|switch|p1a: Chansey|Chansey, F|430\/685
|move|p2a: Heatran|Earth Power|p1a: Chansey
|-damage|p1a: Chansey|377\/685
|
|-heal|p2a: Heatran|334\/386|[from] item: Leftovers
|turn|18
|
|switch|p2a: Mew|Mew|354\/404 brn
|-damage|p2a: Mew|304\/404 brn|[from] Stealth Rock
|move|p1a: Chansey|Aromatherapy|p1a: Chansey
|-cureteam|p1a: Chansey|[from] move: Aromatherapy
|
|-heal|p2a: Mew|329\/404 brn|[from] item: Leftovers
|-damage|p2a: Mew|279\/404 brn|[from] brn
|turn|19
|
|switch|p1a: Heatran|Heatran, F|311\/340
|move|p2a: Mew|Taunt|p1a: Heatran
|-start|p1a: Heatran|move: Taunt
|
|-heal|p2a: Mew|304\/404 brn|[from] item: Leftovers
|-damage|p2a: Mew|254\/404 brn|[from] brn
|turn|20
|
|move|p1a: Heatran|Fire Blast|p2a: Mew|[miss]
|-miss|p1a: Heatran|p2a: Mew
|move|p2a: Mew|Soft-Boiled|p2a: Mew
|-heal|p2a: Mew|404\/404 brn
|
|-damage|p2a: Mew|354\/404 brn|[from] brn
|turn|21
|
|move|p1a: Heatran|Fire Blast|p2a: Mew
|-damage|p2a: Mew|240\/404 brn
|move|p2a: Mew|Psychic|p1a: Heatran
|-resisted|p1a: Heatran
|-damage|p1a: Heatran|260\/340
|
|-heal|p2a: Mew|265\/404 brn|[from] item: Leftovers
|-damage|p2a: Mew|215\/404 brn|[from] brn
|turn|22
|
|move|p1a: Heatran|Fire Blast|p2a: Mew
|-damage|p2a: Mew|106\/404 brn
|move|p2a: Mew|Psychic|p1a: Heatran
|-resisted|p1a: Heatran
|-damage|p1a: Heatran|212\/340
|
|-heal|p2a: Mew|131\/404 brn|[from] item: Leftovers
|-damage|p2a: Mew|81\/404 brn|[from] brn
|-end|p1a: Heatran|move: Taunt
|turn|23
|
|move|p1a: Heatran|Taunt|p2a: Mew
|-start|p2a: Mew|move: Taunt
|cant|p2a: Mew|move: Taunt|Soft-Boiled
|
|-heal|p2a: Mew|106\/404 brn|[from] item: Leftovers
|-damage|p2a: Mew|56\/404 brn|[from] brn
|turn|24
|
|switch|p2a: Heatran|Heatran, M|334\/386
|-damage|p2a: Heatran|286\/386|[from] Stealth Rock
|move|p1a: Heatran|Fire Blast|p2a: Heatran
|-start|p2a: Heatran|ability: Flash Fire
|
|-heal|p2a: Heatran|310\/386|[from] item: Leftovers
|turn|25
|
|switch|p1a: Chansey|Chansey, F|377\/685
|switch|p2a: Landorus|Landorus, M|320\/320
|-damage|p2a: Landorus|280\/320|[from] Stealth Rock
|
|turn|26
|
|move|p2a: Landorus|Earth Power|p1a: Chansey
|-damage|p1a: Chansey|225\/685
|move|p1a: Chansey|Soft-Boiled|p1a: Chansey
|-heal|p1a: Chansey|568\/685
|
|turn|27
|
|move|p2a: Landorus|Psychic|p1a: Chansey
|-damage|p1a: Chansey|471\/685
|move|p1a: Chansey|Seismic Toss|p2a: Landorus
|-damage|p2a: Landorus|180\/320
|
|turn|28
|
|move|p2a: Landorus|Psychic|p1a: Chansey
|-damage|p1a: Chansey|371\/685
|move|p1a: Chansey|Soft-Boiled|p1a: Chansey
|-heal|p1a: Chansey|685\/685
|
|turn|29
|-message|okcoolyo forfeited.
|
|win|Aka DH
|raw|Ladder updating...
|leave|okcoolyo
|player|p2
|raw|Aka DH's rating: 1946 &rarr; <strong>1957<\/strong><br \/>(+11 for winning)
|raw|okcoolyo's rating: 1761 &rarr; <strong>1751<\/strong><br \/>(-10 for losing)