|join|blackcoin
|join|okcoolyo
|player|p1|blackcoin|184
|player|p2|okcoolyo|266
|gametype|singles
|gen|6
|tier|OU
|rated
|clearpoke
|poke|p1|Deoxys-Speed
|poke|p1|Thundurus, M
|poke|p1|Bisharp, M
|poke|p1|Rotom-Wash
|poke|p1|Mamoswine, F
|poke|p1|Scizor, F
|poke|p2|Keldeo
|poke|p2|Tyranitar, M
|poke|p2|Aegislash, M
|poke|p2|Latias, F
|poke|p2|Kyurem-Black
|poke|p2|Heracross, M
|rule|Sleep Clause Mod: Limit one foe put to sleep
|rule|Species Clause: Limit one of each Pokemon
|rule|OHKO Clause: OHKO moves are banned
|rule|Moody Clause: Moody is banned
|rule|Evasion Moves Clause: Evasion moves are banned
|rule|Endless Battle Clause: Forcing endless battles is banned.
|rule|HP Percentage Mod: HP is reported as percentages
|teampreview
|
|start
|switch|p1a: Mamoswine|Mamoswine, F|361\/361
|switch|p2a: Aegislash|Aegislash, M|324\/324
|-item|p2a: Aegislash|Air Balloon
|turn|1
|
|move|p1a: Mamoswine|Stealth Rock|p2a: Aegislash
|-sidestart|p2: okcoolyo|move: Stealth Rock
|-formechange|p2a: Aegislash|Aegislash-Blade
|move|p2a: Aegislash|Sacred Sword|p1a: Mamoswine
|-supereffective|p1a: Mamoswine
|-damage|p1a: Mamoswine|131\/361
|
|turn|2
|
|move|p2a: Aegislash|Shadow Sneak|p1a: Mamoswine
|-crit|p1a: Mamoswine
|-damage|p1a: Mamoswine|19\/361
|move|p1a: Mamoswine|Icicle Spear|p2a: Aegislash
|-resisted|p2a: Aegislash
|-damage|p2a: Aegislash|284\/324
|-enditem|p2a: Aegislash|Air Balloon
|-resisted|p2a: Aegislash
|-damage|p2a: Aegislash|246\/324
|-hitcount|p2a: Aegislash|2
|
|turn|3
|
|move|p1a: Mamoswine|Ice Shard|p2a: Aegislash
|-resisted|p2a: Aegislash
|-damage|p2a: Aegislash|180\/324
|move|p2a: Aegislash|Shadow Sneak|p1a: Mamoswine
|-damage|p1a: Mamoswine|0 fnt
|faint|p1a: Mamoswine
|
|
|switch|p1a: Bisharp|Bisharp, M|271\/271
|turn|4
|
|-formechange|p2a: Aegislash|Aegislash
|move|p2a: Aegislash|King's Shield|p2a: Aegislash
|-singleturn|p2a: Aegislash|Protect
|move|p1a: Bisharp|Knock Off|p2a: Aegislash
|-activate|p2a: Aegislash|Protect
|-unboost|p1a: Bisharp|atk|2
|-boost|p1a: Bisharp|atk|2|[from] ability: Defiant
|
|turn|5
|
|switch|p2a: Heracross|Heracross, M|301\/301
|-damage|p2a: Heracross|264\/301|[from] Stealth Rock
|move|p1a: Bisharp|Knock Off|p2a: Heracross
|-resisted|p2a: Heracross
|-damage|p2a: Heracross|177\/301
|
|turn|6
|
|switch|p1a: Rotom-Wash|Rotom-Wash|303\/303
|detailschange|p2a: Heracross|Heracross-Mega, M
|message|Heracross has Mega Evolved into Mega Heracross!
|move|p2a: Heracross|Rock Blast|p1a: Rotom-Wash
|-damage|p1a: Rotom-Wash|276\/303
|-damage|p1a: Rotom-Wash|250\/303
|-damage|p1a: Rotom-Wash|220\/303
|-damage|p1a: Rotom-Wash|189\/303
|-damage|p1a: Rotom-Wash|162\/303
|-hitcount|p1a: Rotom-Wash|5
|
|-heal|p1a: Rotom-Wash|180\/303|[from] item: Leftovers
|turn|7
|
|move|p2a: Heracross|Close Combat|p1a: Rotom-Wash
|-damage|p1a: Rotom-Wash|0 fnt
|-unboost|p2a: Heracross|def|1
|-unboost|p2a: Heracross|spd|1
|faint|p1a: Rotom-Wash
|
|
|switch|p1a: Thundurus|Thundurus, M|298\/298
|turn|8
|
|switch|p2a: Tyranitar|Tyranitar, M|404\/404
|-damage|p2a: Tyranitar|354\/404|[from] Stealth Rock
|-weather|Sandstorm
|move|p1a: Thundurus|Nasty Plot|p1a: Thundurus
|-boost|p1a: Thundurus|spa|2
|
|-weather|Sandstorm|[upkeep]
|-damage|p1a: Thundurus|280\/298|[from] sandstorm
|turn|9
|
|move|p1a: Thundurus|Thunderbolt|p2a: Tyranitar
|-damage|p2a: Tyranitar|167\/404
|-damage|p1a: Thundurus|251\/298|[from] item: Life Orb
|move|p2a: Tyranitar|Rock Slide|p1a: Thundurus
|-miss|p2a: Tyranitar|p1a: Thundurus
|
|-weather|Sandstorm|[upkeep]
|-damage|p1a: Thundurus|233\/298|[from] sandstorm
|turn|10
|
|move|p1a: Thundurus|Thunderbolt|p2a: Tyranitar
|-damage|p2a: Tyranitar|2\/404
|-damage|p1a: Thundurus|204\/298|[from] item: Life Orb
|move|p2a: Tyranitar|Rock Slide|p1a: Thundurus
|-supereffective|p1a: Thundurus
|-damage|p1a: Thundurus|0 fnt
|faint|p1a: Thundurus
|
|-weather|Sandstorm|[upkeep]
|chat|okcoolyo|sigh
|
|switch|p1a: Scizor|Scizor, F|281\/281
|turn|11
|
|detailschange|p1a: Scizor|Scizor-Mega, F
|message|Scizor has Mega Evolved into Mega Scizor!
|move|p1a: Scizor|Swords Dance|p1a: Scizor
|-boost|p1a: Scizor|atk|2
|move|p2a: Tyranitar|Fire Blast|p1a: Scizor
|-crit|p1a: Scizor
|-supereffective|p1a: Scizor
|-damage|p1a: Scizor|0 fnt
|faint|p1a: Scizor
|
|-weather|Sandstorm|[upkeep]
|
|switch|p1a: Bisharp|Bisharp, M|271\/271
|turn|12
|
|move|p1a: Bisharp|Swords Dance|p1a: Bisharp
|-boost|p1a: Bisharp|atk|2
|move|p2a: Tyranitar|Superpower|p1a: Bisharp
|-supereffective|p1a: Bisharp
|-damage|p1a: Bisharp|0 fnt
|-unboost|p2a: Tyranitar|atk|1
|-unboost|p2a: Tyranitar|def|1
|faint|p1a: Bisharp
|
|-weather|none
|
|switch|p1a: Deoxys-Speed|Deoxys-Speed|244\/244
|-ability|p1a: Deoxys-Speed|Pressure
|turn|13
|chat|okcoolyo|lol
|
|move|p1a: Deoxys-Speed|Psycho Boost|p2a: Tyranitar
|-immune|p2a: Tyranitar|[msg]
|move|p2a: Tyranitar|Pursuit|p1a: Deoxys-Speed
|-supereffective|p1a: Deoxys-Speed
|-damage|p1a: Deoxys-Speed|136\/244
|
|turn|14
|
|move|p1a: Deoxys-Speed|Low Kick|p2a: Tyranitar
|-supereffective|p2a: Tyranitar
|-damage|p2a: Tyranitar|0 fnt
|-damage|p1a: Deoxys-Speed|112\/244|[from] item: Life Orb
|faint|p2a: Tyranitar
|
|
|switch|p2a: Aegislash|Aegislash, M|180\/324
|-damage|p2a: Aegislash|160\/324|[from] Stealth Rock
|turn|15
|
|-formechange|p2a: Aegislash|Aegislash-Blade
|move|p2a: Aegislash|Shadow Sneak|p1a: Deoxys-Speed
|-supereffective|p1a: Deoxys-Speed
|-damage|p1a: Deoxys-Speed|0 fnt
|faint|p1a: Deoxys-Speed
|
|win|okcoolyo
|raw|Ladder updating...
|raw|blackcoin's rating: 1704 &rarr; <strong>1681<\/strong><br \/>(-23 for losing)
|raw|okcoolyo's rating: 1646 &rarr; <strong>1669<\/strong><br \/>(+23 for winning)
|leave|blackcoin
|player|p1