|join|lil manaphy
|join|okcoolyo
|player|p1|lil manaphy|272
|player|p2|okcoolyo|102
|gametype|singles
|gen|6
|tier|OU
|rated
|clearpoke
|poke|p1|Deoxys-Defense
|poke|p1|Bisharp, F
|poke|p1|Aegislash, M
|poke|p1|Pinsir, F
|poke|p1|Manaphy
|poke|p1|Donphan, F
|poke|p2|Bisharp, F
|poke|p2|Thundurus, M
|poke|p2|Venusaur, F
|poke|p2|Heatran, M
|poke|p2|Keldeo
|poke|p2|Quagsire, M
|rule|Sleep Clause Mod: Limit one foe put to sleep
|rule|Species Clause: Limit one of each Pokemon
|rule|OHKO Clause: OHKO moves are banned
|rule|Moody Clause: Moody is banned
|rule|Evasion Moves Clause: Evasion moves are banned
|rule|Endless Battle Clause: Forcing endless battles is banned.
|rule|HP Percentage Mod: HP is reported as percentages
|teampreview
|
|start
|switch|p1a: Deoxys-Defense|Deoxys-Defense|304\/304
|switch|p2a: Thundurus|Thundurus, M|362\/362
|-ability|p1a: Deoxys-Defense|Pressure
|turn|1
|
|move|p1a: Deoxys-Defense|Magic Coat|p1a: Deoxys-Defense
|-singleturn|p1a: Deoxys-Defense|move: Magic Coat
|move|p2a: Thundurus|Thunderbolt|p1a: Deoxys-Defense
|-damage|p1a: Deoxys-Defense|225\/304
|-enditem|p1a: Deoxys-Defense|Red Card|[of] p2a: Thundurus
|drag|p2a: Quagsire|Quagsire, M|394\/394
|
|turn|2
|
|switch|p2a: Heatran|Heatran, M|386\/386
|-item|p2a: Heatran|Air Balloon
|move|p1a: Deoxys-Defense|Stealth Rock|p2a: Heatran
|-sidestart|p2: okcoolyo|move: Stealth Rock
|
|turn|3
|join|dnknsntl
|
|move|p1a: Deoxys-Defense|Taunt|p2a: Heatran
|-start|p2a: Heatran|move: Taunt
|cant|p2a: Heatran|move: Taunt|Stealth Rock
|
|turn|4
|chat|dnknsntl|i found u manaphy
|
|switch|p2a: Thundurus|Thundurus, M|362\/362
|-damage|p2a: Thundurus|272\/362|[from] Stealth Rock
|move|p1a: Deoxys-Defense|Spikes|p2a: Thundurus
|-sidestart|p2: okcoolyo|Spikes
|
|-heal|p2a: Thundurus|294\/362|[from] item: Leftovers
|turn|5
|chat|lil manaphy|hello
|
|move|p2a: Thundurus|Taunt|p1a: Deoxys-Defense
|-start|p1a: Deoxys-Defense|move: Taunt
|cant|p1a: Deoxys-Defense|move: Taunt|Spikes
|
|-heal|p2a: Thundurus|316\/362|[from] item: Leftovers
|turn|6
|chat|dnknsntl|do u remember me?
|chat|lil manaphy|what
|
|switch|p1a: Donphan|Donphan, F|384\/384
|move|p2a: Thundurus|Thunderbolt|p1a: Donphan
|-immune|p1a: Donphan|[msg]
|
|-heal|p2a: Thundurus|338\/362|[from] item: Leftovers
|turn|7
|chat|lil manaphy|the hell
|chat|okcoolyo|?
|
|switch|p1a: Deoxys-Defense|Deoxys-Defense|225\/304
|-ability|p1a: Deoxys-Defense|Pressure
|move|p2a: Thundurus|Hidden Power|p1a: Deoxys-Defense
|-damage|p1a: Deoxys-Defense|189\/304
|
|-heal|p2a: Thundurus|360\/362|[from] item: Leftovers
|turn|8
|
|move|p1a: Deoxys-Defense|Magic Coat|p1a: Deoxys-Defense
|-singleturn|p1a: Deoxys-Defense|move: Magic Coat
|move|p2a: Thundurus|Thunderbolt|p1a: Deoxys-Defense
|-damage|p1a: Deoxys-Defense|107\/304
|-status|p1a: Deoxys-Defense|par
|
|-heal|p2a: Thundurus|362\/362|[from] item: Leftovers
|turn|9
|
|move|p2a: Thundurus|Taunt|p1a: Deoxys-Defense
|-start|p1a: Deoxys-Defense|move: Taunt
|cant|p1a: Deoxys-Defense|par
|
|turn|10
|
|move|p2a: Thundurus|Hidden Power|p1a: Deoxys-Defense
|-damage|p1a: Deoxys-Defense|71\/304 par
|-activate|p1a: Deoxys-Defense|move: Struggle
|move|p1a: Deoxys-Defense|Struggle|p2a: Thundurus
|-damage|p2a: Thundurus|319\/362
|-damage|p1a: Deoxys-Defense|0 fnt
|faint|p1a: Deoxys-Defense
|
|-heal|p2a: Thundurus|341\/362|[from] item: Leftovers
|
|switch|p1a: Donphan|Donphan, F|384\/384
|turn|11
|
|switch|p2a: Keldeo|Keldeo|323\/323
|-damage|p2a: Keldeo|303\/323|[from] Stealth Rock
|-damage|p2a: Keldeo|263\/323|[from] Spikes
|move|p1a: Donphan|Knock Off|p2a: Keldeo
|-resisted|p2a: Keldeo
|-damage|p2a: Keldeo|207\/323
|-boost|p2a: Keldeo|atk|1|[from] ability: Justified
|-enditem|p2a: Keldeo|Choice Specs|[from] move: Knock Off|[of] p1a: Donphan
|
|turn|12
|
|move|p2a: Keldeo|Hydro Pump|p1a: Donphan
|-crit|p1a: Donphan
|-supereffective|p1a: Donphan
|-activate|p1a: Donphan|Sturdy
|-damage|p1a: Donphan|1\/384
|move|p1a: Donphan|Earthquake|p2a: Keldeo
|-damage|p2a: Keldeo|36\/323
|
|turn|13
|
|move|p1a: Donphan|Ice Shard|p2a: Keldeo
|-resisted|p2a: Keldeo
|-damage|p2a: Keldeo|15\/323
|move|p2a: Keldeo|Icy Wind|p1a: Donphan
|-supereffective|p1a: Donphan
|-damage|p1a: Donphan|0 fnt
|faint|p1a: Donphan
|
|
|switch|p1a: Pinsir|Pinsir, F|272\/272
|turn|14
|
|detailschange|p1a: Pinsir|Pinsir-Mega, F
|message|Pinsir has Mega Evolved into Mega Pinsir!
|move|p1a: Pinsir|Quick Attack|p2a: Keldeo
|-supereffective|p2a: Keldeo
|-damage|p2a: Keldeo|0 fnt
|faint|p2a: Keldeo
|
|
|switch|p2a: Heatran|Heatran, M|386\/386
|-damage|p2a: Heatran|338\/386|[from] Stealth Rock
|-item|p2a: Heatran|Air Balloon
|turn|15
|
|move|p1a: Pinsir|Return|p2a: Heatran
|-resisted|p2a: Heatran
|-damage|p2a: Heatran|220\/386
|-enditem|p2a: Heatran|Air Balloon
|move|p2a: Heatran|Will-O-Wisp|p1a: Pinsir
|-status|p1a: Pinsir|brn
|
|-damage|p1a: Pinsir|238\/272 brn|[from] brn
|turn|16
|
|move|p1a: Pinsir|Earthquake|p2a: Heatran
|-supereffective|p2a: Heatran
|-damage|p2a: Heatran|0 fnt
|faint|p2a: Heatran
|
|-damage|p1a: Pinsir|204\/272 brn|[from] brn
|
|switch|p2a: Thundurus|Thundurus, M|341\/362
|-damage|p2a: Thundurus|251\/362|[from] Stealth Rock
|turn|17
|chat|dnknsntl|manaphy wut happened to ur #1 spot?
|
|move|p1a: Pinsir|Quick Attack|p2a: Thundurus
|-resisted|p2a: Thundurus
|-damage|p2a: Thundurus|212\/362
|move|p2a: Thundurus|Thunderbolt|p1a: Pinsir
|-supereffective|p1a: Pinsir
|-damage|p1a: Pinsir|0 fnt
|faint|p1a: Pinsir
|
|-heal|p2a: Thundurus|234\/362|[from] item: Leftovers
|
|switch|p1a: Aegislash|Aegislash, M|261\/261
|turn|18
|
|switch|p2a: Venusaur|Venusaur, F|363\/363
|-damage|p2a: Venusaur|318\/363|[from] Spikes
|-damage|p2a: Venusaur|273\/363|[from] Stealth Rock
|-formechange|p1a: Aegislash|Aegislash-Blade
|move|p1a: Aegislash|Shadow Ball|p2a: Venusaur
|-damage|p2a: Venusaur|156\/363
|
|turn|19
|
|detailschange|p2a: Venusaur|Venusaur-Mega, F
|message|Venusaur has Mega Evolved into Mega Venusaur!
|move|p1a: Aegislash|Shadow Ball|p2a: Venusaur
|-damage|p2a: Venusaur|51\/363
|move|p2a: Venusaur|Synthesis|p2a: Venusaur
|-heal|p2a: Venusaur|232\/363
|
|turn|20
|
|move|p1a: Aegislash|Shadow Ball|p2a: Venusaur
|-damage|p2a: Venusaur|118\/363
|move|p2a: Venusaur|Synthesis|p2a: Venusaur
|-heal|p2a: Venusaur|299\/363
|
|turn|21
|
|move|p1a: Aegislash|Shadow Ball|p2a: Venusaur
|-damage|p2a: Venusaur|181\/363
|-unboost|p2a: Venusaur|spd|1
|move|p2a: Venusaur|Synthesis|p2a: Venusaur
|-heal|p2a: Venusaur|362\/363
|
|turn|22
|
|move|p1a: Aegislash|Shadow Ball|p2a: Venusaur
|-damage|p2a: Venusaur|206\/363
|move|p2a: Venusaur|Sleep Powder|p1a: Aegislash|[miss]
|-miss|p2a: Venusaur|p1a: Aegislash
|
|turn|23
|
|move|p1a: Aegislash|Shadow Ball|p2a: Venusaur
|-damage|p2a: Venusaur|47\/363
|move|p2a: Venusaur|Sleep Powder|p1a: Aegislash
|-status|p1a: Aegislash|slp
|
|turn|24
|
|cant|p1a: Aegislash|slp
|move|p2a: Venusaur|Synthesis|p2a: Venusaur
|-heal|p2a: Venusaur|228\/363
|
|turn|25
|chat|dnknsntl|manaphy wut happened to all ur glory and fame?
|chat|dnknsntl|u disappeared
|
|switch|p2a: Bisharp|Bisharp, F|272\/272
|-damage|p2a: Bisharp|238\/272|[from] Spikes
|-damage|p2a: Bisharp|221\/272|[from] Stealth Rock
|-curestatus|p1a: Aegislash|slp
|move|p1a: Aegislash|Shadow Ball|p2a: Bisharp
|-resisted|p2a: Bisharp
|-damage|p2a: Bisharp|98\/272
|
|turn|26
|chat|lil manaphy|i wanted to make diff teams
|
|move|p2a: Bisharp|Sucker Punch|p1a: Aegislash
|-supereffective|p1a: Aegislash
|-damage|p1a: Aegislash|0 fnt
|-damage|p2a: Bisharp|71\/272|[from] item: Life Orb
|faint|p1a: Aegislash
|
|
|switch|p1a: Bisharp|Bisharp, F|271\/271
|turn|27
|
|move|p1a: Bisharp|Sucker Punch|p2a: Bisharp
|-fail|p2a: Bisharp
|move|p2a: Bisharp|Swords Dance|p2a: Bisharp
|-boost|p2a: Bisharp|atk|2
|
|turn|28
|
|move|p1a: Bisharp|Sucker Punch|p2a: Bisharp
|-resisted|p2a: Bisharp
|-damage|p2a: Bisharp|0 fnt
|faint|p2a: Bisharp
|
|
|switch|p2a: Quagsire|Quagsire, M|394\/394
|-damage|p2a: Quagsire|370\/394|[from] Stealth Rock
|-damage|p2a: Quagsire|321\/394|[from] Spikes
|turn|29
|
|switch|p1a: Manaphy|Manaphy|404\/404
|move|p2a: Quagsire|Stockpile|p2a: Quagsire
|-start|p2a: Quagsire|stockpile1
|-boost|p2a: Quagsire|def|1
|-boost|p2a: Quagsire|spd|1
|
|-heal|p2a: Quagsire|345\/394|[from] item: Leftovers
|turn|30
|chat|dnknsntl|omg
|
|switch|p2a: Venusaur|Venusaur-Mega, F|228\/363
|-damage|p2a: Venusaur|183\/363|[from] Spikes
|-damage|p2a: Venusaur|138\/363|[from] Stealth Rock
|move|p1a: Manaphy|Rain Dance|p1a: Manaphy
|-weather|RainDance
|
|-weather|RainDance|[upkeep]
|turn|31
|
|move|p1a: Manaphy|Calm Mind|p1a: Manaphy
|-boost|p1a: Manaphy|spa|1
|-boost|p1a: Manaphy|spd|1
|move|p2a: Venusaur|Giga Drain|p1a: Manaphy
|-crit|p1a: Manaphy
|-supereffective|p1a: Manaphy
|-damage|p1a: Manaphy|84\/404
|-heal|p2a: Venusaur|298\/363|[from] drain|[of] p1a: Manaphy
|
|-weather|RainDance|[upkeep]
|-heal|p1a: Manaphy|109\/404|[from] item: Leftovers
|turn|32
|chat|dnknsntl|manaphy is using THE manaphy
|
|move|p1a: Manaphy|Rest|p1a: Manaphy
|-status|p1a: Manaphy|slp
|-heal|p1a: Manaphy|404\/404 slp|[silent]
|-status|p1a: Manaphy|slp|[from] move: Rest
|move|p2a: Venusaur|Giga Drain|p1a: Manaphy
|-crit|p1a: Manaphy
|-supereffective|p1a: Manaphy
|-damage|p1a: Manaphy|86\/404 slp
|-heal|p2a: Venusaur|363\/363|[from] drain|[of] p1a: Manaphy
|
|-weather|RainDance|[upkeep]
|-curestatus|p1a: Manaphy|slp
|-heal|p1a: Manaphy|111\/404|[from] item: Leftovers
|turn|33
|chat|lil manaphy|wow
|chat|dnknsntl|omg
|chat|lil manaphy|can you stop
|chat|dnknsntl|2 crits
|chat|lil manaphy|critting me
|chat|okcoolyo|sorry
|
|move|p1a: Manaphy|Rest|p1a: Manaphy
|-status|p1a: Manaphy|slp
|-heal|p1a: Manaphy|404\/404 slp|[silent]
|-status|p1a: Manaphy|slp|[from] move: Rest
|move|p2a: Venusaur|Giga Drain|p1a: Manaphy
|-supereffective|p1a: Manaphy
|-damage|p1a: Manaphy|258\/404 slp
|
|-weather|RainDance|[upkeep]
|-curestatus|p1a: Manaphy|slp
|-heal|p1a: Manaphy|283\/404|[from] item: Leftovers
|turn|34
|
|move|p1a: Manaphy|Calm Mind|p1a: Manaphy
|-boost|p1a: Manaphy|spa|1
|-boost|p1a: Manaphy|spd|1
|move|p2a: Venusaur|Giga Drain|p1a: Manaphy
|-supereffective|p1a: Manaphy
|-damage|p1a: Manaphy|181\/404
|
|-weather|none
|-heal|p1a: Manaphy|206\/404|[from] item: Leftovers
|turn|35
|chat|dnknsntl|in b4 crit
|chat|lil manaphy|probably
|
|move|p1a: Manaphy|Rain Dance|p1a: Manaphy
|-weather|RainDance
|move|p2a: Venusaur|Giga Drain|p1a: Manaphy
|-supereffective|p1a: Manaphy
|-damage|p1a: Manaphy|108\/404
|
|-weather|RainDance|[upkeep]
|-heal|p1a: Manaphy|133\/404|[from] item: Leftovers
|turn|36
|
|move|p1a: Manaphy|Rest|p1a: Manaphy
|-status|p1a: Manaphy|slp
|-heal|p1a: Manaphy|404\/404 slp|[silent]
|-status|p1a: Manaphy|slp|[from] move: Rest
|move|p2a: Venusaur|Giga Drain|p1a: Manaphy
|-supereffective|p1a: Manaphy
|-damage|p1a: Manaphy|290\/404 slp
|
|-weather|RainDance|[upkeep]
|-curestatus|p1a: Manaphy|slp
|-heal|p1a: Manaphy|315\/404|[from] item: Leftovers
|turn|37
|
|move|p1a: Manaphy|Calm Mind|p1a: Manaphy
|-boost|p1a: Manaphy|spa|1
|-boost|p1a: Manaphy|spd|1
|move|p2a: Venusaur|Giga Drain|p1a: Manaphy
|-supereffective|p1a: Manaphy
|-damage|p1a: Manaphy|237\/404
|
|-weather|RainDance|[upkeep]
|-heal|p1a: Manaphy|262\/404|[from] item: Leftovers
|turn|38
|chat|okcoolyo|fuck im done
|
|move|p1a: Manaphy|Rest|p1a: Manaphy
|-status|p1a: Manaphy|slp
|-heal|p1a: Manaphy|404\/404 slp|[silent]
|-status|p1a: Manaphy|slp|[from] move: Rest
|move|p2a: Venusaur|Giga Drain|p1a: Manaphy
|-supereffective|p1a: Manaphy
|-damage|p1a: Manaphy|326\/404 slp
|
|-weather|RainDance|[upkeep]
|-curestatus|p1a: Manaphy|slp
|-heal|p1a: Manaphy|351\/404|[from] item: Leftovers
|turn|39
|chat|dnknsntl|u shouldve kept that stock pile
|
|move|p1a: Manaphy|Scald|p2a: Venusaur
|-resisted|p2a: Venusaur
|-damage|p2a: Venusaur|249\/363
|move|p2a: Venusaur|Giga Drain|p1a: Manaphy
|-supereffective|p1a: Manaphy
|-damage|p1a: Manaphy|265\/404
|-heal|p2a: Venusaur|292\/363|[from] drain|[of] p1a: Manaphy
|
|-weather|none
|-heal|p1a: Manaphy|290\/404|[from] item: Leftovers
|turn|40
|chat|okcoolyo|nah wouldnt work
|
|move|p1a: Manaphy|Rain Dance|p1a: Manaphy
|-weather|RainDance
|move|p2a: Venusaur|Sleep Powder|p1a: Manaphy
|-status|p1a: Manaphy|slp
|
|-weather|RainDance|[upkeep]
|-curestatus|p1a: Manaphy|slp
|-heal|p1a: Manaphy|315\/404|[from] item: Leftovers
|turn|41
|
|switch|p2a: Thundurus|Thundurus, M|234\/362
|-damage|p2a: Thundurus|144\/362|[from] Stealth Rock
|move|p1a: Manaphy|Scald|p2a: Thundurus
|-damage|p2a: Thundurus|0 fnt
|faint|p2a: Thundurus
|
|-weather|RainDance|[upkeep]
|-heal|p1a: Manaphy|340\/404|[from] item: Leftovers
|-message|okcoolyo forfeited.
|
|win|lil manaphy
|raw|Ladder updating...
|leave|okcoolyo
|player|p2
|raw|lil manaphy's rating: 1781 &rarr; <strong>1791<\/strong><br \/>(+10 for winning)
|raw|okcoolyo's rating: 1592 &rarr; <strong>1582<\/strong><br \/>(-10 for losing)
|chat|dnknsntl|yay