|join|okcoolyo
|join|LT1A boudouche
|player|p1|okcoolyo|102
|player|p2|LT1A boudouche|201
|gametype|singles
|gen|6
|tier|OU
|rated
|clearpoke
|poke|p1|Mew
|poke|p1|Tyranitar, F
|poke|p1|Skarmory, F
|poke|p1|Heatran, M
|poke|p1|Keldeo
|poke|p1|Venusaur, F
|poke|p2|Pinsir, F
|poke|p2|Magnezone
|poke|p2|Latias, F
|poke|p2|Azumarill, F
|poke|p2|Diggersby, F
|poke|p2|Garchomp, F
|rule|Swagger Clause: Swagger is banned
|rule|Baton Pass Clause: Limit one PokÃ©mon knowing Baton Pass
|rule|Sleep Clause Mod: Limit one foe put to sleep
|rule|Species Clause: Limit one of each PokÃ©mon
|rule|OHKO Clause: OHKO moves are banned
|rule|Moody Clause: Moody is banned
|rule|Evasion Moves Clause: Evasion moves are banned
|rule|Endless Battle Clause: Forcing endless battles is banned
|rule|HP Percentage Mod: HP is shown in percentages
|teampreview
LT1A boudouche made this room private.
|
|start
|switch|p1a: Keldeo|Keldeo|323\/323
|switch|p2a: Garchomp|Garchomp, F|361\/361
|turn|1
|
|switch|p2a: Azumarill|Azumarill, F|403\/403
|move|p1a: Keldeo|Icy Wind|p2a: Azumarill
|-resisted|p2a: Azumarill
|-damage|p2a: Azumarill|379\/403
|-unboost|p2a: Azumarill|spe|1
|
|turn|2
|
|switch|p2a: Pinsir|Pinsir, F|271\/271
|move|p1a: Keldeo|Hydro Pump|p2a: Pinsir
|-crit|p2a: Pinsir
|-damage|p2a: Pinsir|0 fnt
|faint|p2a: Pinsir
|
|
|switch|p2a: Azumarill|Azumarill, F|379\/403
|turn|3
|
|switch|p1a: Venusaur|Venusaur, F|361\/361
|switch|p2a: Garchomp|Garchomp, F|361\/361
|
|turn|4
|
|detailschange|p1a: Venusaur|Venusaur-Mega, F
|message|Venusaur has Mega Evolved into Mega Venusaur!
|move|p2a: Garchomp|Stealth Rock|p1a: Venusaur
|-sidestart|p1: okcoolyo|move: Stealth Rock
|move|p1a: Venusaur|Sleep Powder|p2a: Garchomp
|-status|p2a: Garchomp|slp
|-enditem|p2a: Garchomp|Lum Berry|[eat]
|-curestatus|p2a: Garchomp|slp
|
|turn|5
|
|move|p2a: Garchomp|Swords Dance|p2a: Garchomp
|-boost|p2a: Garchomp|atk|2
|move|p1a: Venusaur|Sleep Powder|p2a: Garchomp
|-status|p2a: Garchomp|slp
|
|turn|6
|
|switch|p1a: Keldeo|Keldeo|323\/323
|-damage|p1a: Keldeo|303\/323|[from] Stealth Rock
|cant|p2a: Garchomp|slp
|
|-heal|p1a: Keldeo|323\/323|[from] item: Leftovers
|turn|7
|
|move|p1a: Keldeo|Icy Wind|p2a: Garchomp
|-supereffective|p2a: Garchomp
|-damage|p2a: Garchomp|81\/361 slp
|-unboost|p2a: Garchomp|spe|1
|-curestatus|p2a: Garchomp|slp
|move|p2a: Garchomp|Outrage|p1a: Keldeo
|-damage|p1a: Keldeo|0 fnt
|faint|p1a: Keldeo
|
|
|switch|p1a: Skarmory|Skarmory, F|334\/334
|-damage|p1a: Skarmory|293\/334|[from] Stealth Rock
|turn|8
|
|move|p2a: Garchomp|Outrage|p1a: Skarmory
|-resisted|p1a: Skarmory
|-damage|p1a: Skarmory|153\/334
|-damage|p2a: Garchomp|21\/361|[from] item: Rocky Helmet|[of] p1a: Skarmory
|move|p1a: Skarmory|Defog|p2a: Garchomp
|-unboost|p2a: Garchomp|evasion|1
|-sideend|p1: okcoolyo|Stealth Rock|[from] move: Defog|[of] p1a: Skarmory
|
|-end|p2a: Garchomp|rampage
|-start|p2a: Garchomp|confusion
|turn|9
|
|switch|p2a: Magnezone|Magnezone|281\/281
|switch|p1a: Heatran|Heatran, M|381\/381
|
|turn|10
|
|move|p2a: Magnezone|Volt Switch|p1a: Heatran
|-damage|p1a: Heatran|300\/381
|
|switch|p2a: Garchomp|Garchomp, F|21\/361
|move|p1a: Heatran|Will-O-Wisp|p2a: Garchomp|[miss]
|-miss|p1a: Heatran|p2a: Garchomp
|
|-heal|p1a: Heatran|323\/381|[from] item: Leftovers
|turn|11
|
|switch|p1a: Skarmory|Skarmory, F|153\/334
|move|p2a: Garchomp|Swords Dance|p2a: Garchomp
|-boost|p2a: Garchomp|atk|2
|
|turn|12
|
|switch|p2a: Magnezone|Magnezone|281\/281
|move|p1a: Skarmory|Whirlwind|p2a: Magnezone
|drag|p2a: Latias|Latias, F|335\/335
|
|turn|13
|
|switch|p2a: Garchomp|Garchomp, F|21\/361
|switch|p1a: Tyranitar|Tyranitar, F|341\/341
|-weather|Sandstorm
|
|-weather|Sandstorm|[upkeep]
|turn|14
|
|move|p1a: Tyranitar|Earthquake|p2a: Garchomp
|-damage|p2a: Garchomp|0 fnt
|faint|p2a: Garchomp
|
|-weather|Sandstorm|[upkeep]
|
|switch|p2a: Diggersby|Diggersby, F|311\/311
|turn|15
|
|switch|p1a: Skarmory|Skarmory, F|153\/334
|move|p2a: Diggersby|Swords Dance|p2a: Diggersby
|-boost|p2a: Diggersby|atk|2
|
|-weather|Sandstorm|[upkeep]
|turn|16
|
|switch|p2a: Magnezone|Magnezone|281\/281
|move|p1a: Skarmory|Roost|p1a: Skarmory
|-heal|p1a: Skarmory|320\/334
|
|-weather|Sandstorm|[upkeep]
|turn|17
|
|move|p2a: Magnezone|Volt Switch|p1a: Skarmory
|-supereffective|p1a: Skarmory
|-damage|p1a: Skarmory|0 fnt
|faint|p1a: Skarmory
|
|switch|p2a: Azumarill|Azumarill, F|379\/403
|
|-weather|none
|
|switch|p1a: Mew|Mew|404\/404
|turn|18
|
|switch|p2a: Magnezone|Magnezone|281\/281
|move|p1a: Mew|Will-O-Wisp|p2a: Magnezone
|-status|p2a: Magnezone|brn
|
|-damage|p2a: Magnezone|246\/281 brn|[from] brn
|turn|19
|
|move|p2a: Magnezone|Thunderbolt|p1a: Mew
|-damage|p1a: Mew|277\/404
|move|p1a: Mew|Soft-Boiled|p1a: Mew
|-heal|p1a: Mew|404\/404
|
|-damage|p2a: Magnezone|211\/281 brn|[from] brn
|turn|20
|
|move|p2a: Magnezone|Thunderbolt|p1a: Mew
|-damage|p1a: Mew|283\/404
|move|p1a: Mew|Soft-Boiled|p1a: Mew
|-heal|p1a: Mew|404\/404
|
|-damage|p2a: Magnezone|176\/281 brn|[from] brn
|turn|21
|
|switch|p1a: Heatran|Heatran, M|323\/381
|move|p2a: Magnezone|Thunderbolt|p1a: Heatran
|-damage|p1a: Heatran|220\/381
|
|-heal|p1a: Heatran|243\/381|[from] item: Leftovers
|-damage|p2a: Magnezone|141\/281 brn|[from] brn
|turn|22
|
|switch|p2a: Diggersby|Diggersby, F|311\/311
|move|p1a: Heatran|Lava Plume|p2a: Diggersby
|-damage|p2a: Diggersby|154\/311
|
|-heal|p1a: Heatran|266\/381|[from] item: Leftovers
|turn|23
|
|move|p2a: Diggersby|Earthquake|p1a: Heatran
|-supereffective|p1a: Heatran
|-damage|p1a: Heatran|0 fnt
|faint|p1a: Heatran
|
|
|switch|p1a: Venusaur|Venusaur-Mega, F|361\/361
|turn|24
|
|switch|p2a: Latias|Latias, F|335\/335
|move|p1a: Venusaur|Giga Drain|p2a: Latias
|-resisted|p2a: Latias
|-damage|p2a: Latias|296\/335
|
|turn|25
|
|switch|p2a: Azumarill|Azumarill, F|379\/403
|move|p1a: Venusaur|Sleep Powder|p2a: Azumarill
|-status|p2a: Azumarill|slp
|
|turn|26
|
|switch|p2a: Magnezone|Magnezone|141\/281 brn
|move|p1a: Venusaur|Sludge Bomb|p2a: Magnezone
|-immune|p2a: Magnezone|[msg]
|
|-damage|p2a: Magnezone|106\/281 brn|[from] brn
|turn|27
|
|move|p2a: Magnezone|Flash Cannon|p1a: Venusaur
|-damage|p1a: Venusaur|264\/361
|move|p1a: Venusaur|Giga Drain|p2a: Magnezone
|-resisted|p2a: Magnezone
|-damage|p2a: Magnezone|44\/281 brn
|-heal|p1a: Venusaur|295\/361|[from] drain|[of] p2a: Magnezone
|
|-damage|p2a: Magnezone|9\/281 brn|[from] brn
|turn|28
|
|move|p2a: Magnezone|Flash Cannon|p1a: Venusaur
|-damage|p1a: Venusaur|199\/361
|move|p1a: Venusaur|Synthesis|p1a: Venusaur
|-heal|p1a: Venusaur|361\/361
|
|-damage|p2a: Magnezone|0 fnt|[from] brn
|faint|p2a: Magnezone
|
|switch|p2a: Latias|Latias, F|296\/335
|turn|29
|
|switch|p1a: Tyranitar|Tyranitar, F|341\/341
|-weather|Sandstorm
|move|p2a: Latias|Healing Wish|p2a: Latias
|faint|p2a: Latias
|
|-weather|Sandstorm|[upkeep]
|
|switch|p2a: Diggersby|Diggersby, F|154\/311
|-heal|p2a: Diggersby|311\/311|[from] move: Healing Wish
|turn|30
|
|move|p1a: Tyranitar|Ice Beam|p2a: Diggersby
|-supereffective|p2a: Diggersby
|-damage|p2a: Diggersby|141\/311
|move|p2a: Diggersby|Earthquake|p1a: Tyranitar
|-supereffective|p1a: Tyranitar
|-damage|p1a: Tyranitar|0 fnt
|faint|p1a: Tyranitar
|
|-weather|Sandstorm|[upkeep]
|
|switch|p1a: Venusaur|Venusaur-Mega, F|361\/361
|turn|31
|
|move|p2a: Diggersby|Return|p1a: Venusaur
|-damage|p1a: Venusaur|175\/361
|move|p1a: Venusaur|Giga Drain|p2a: Diggersby
|-supereffective|p2a: Diggersby
|-damage|p2a: Diggersby|0 fnt
|-heal|p1a: Venusaur|246\/361|[from] drain|[of] p2a: Diggersby
|faint|p2a: Diggersby
|
|-weather|Sandstorm|[upkeep]
|-damage|p1a: Venusaur|224\/361|[from] sandstorm
|-message|LT1A boudouche forfeited.
|
|win|okcoolyo
|raw|Ladder updating...
|leave|LT1A boudouche
|player|p2
|raw|okcoolyo's rating: 1829 &rarr; <strong>1853<\/strong><br \/>(+24 for winning)
|raw|LT1A boudouche's rating: 1891 &rarr; <strong>1867<\/strong><br \/>(-24 for losing)
|c|âokcoolyo|gg