|join|okcoolyo
|join|bad n lucky
|player|p1|okcoolyo|102
|player|p2|bad n lucky|41
|gametype|singles
|gen|6
|tier|OU
|rated
|clearpoke
|poke|p1|Mew
|poke|p1|Tyranitar, M
|poke|p1|Skarmory, F
|poke|p1|Heatran, F
|poke|p1|Keldeo
|poke|p1|Venusaur, F
|poke|p2|Greninja, F, shiny
|poke|p2|Rotom-Wash
|poke|p2|Lopunny, M
|poke|p2|Jirachi
|poke|p2|Mamoswine, M
|poke|p2|Gothitelle, F
|rule|Swagger Clause: Swagger is banned
|rule|Baton Pass Clause: Limit one PokÃ©mon knowing Baton Pass
|rule|Sleep Clause Mod: Limit one foe put to sleep
|rule|Species Clause: Limit one of each PokÃ©mon
|rule|OHKO Clause: OHKO moves are banned
|rule|Moody Clause: Moody is banned
|rule|Evasion Moves Clause: Evasion moves are banned
|rule|Endless Battle Clause: Forcing endless battles is banned
|rule|HP Percentage Mod: HP is shown in percentages
|teampreview
|
|start
|switch|p1a: Mew|Mew|404\/404
|switch|p2a: Lopunny|Lopunny, M|272\/272
|turn|1
|
|detailschange|p2a: Lopunny|Lopunny-Mega, M
|message|Lopunny has Mega Evolved into Mega Lopunny!
|move|p2a: Lopunny|Fake Out|p1a: Mew
|-damage|p1a: Mew|325\/404
|cant|p1a: Mew|flinch
|
|-heal|p1a: Mew|350\/404|[from] item: Leftovers
|turn|2
|
|switch|p2a: Gothitelle|Gothitelle, F|281\/281
|move|p1a: Mew|Will-O-Wisp|p2a: Gothitelle
|-status|p2a: Gothitelle|brn
|
|-heal|p1a: Mew|375\/404|[from] item: Leftovers
|-damage|p2a: Gothitelle|246\/281 brn|[from] brn
|turn|3
|
|move|p1a: Mew|Psychic|p2a: Gothitelle
|-crit|p2a: Gothitelle
|-resisted|p2a: Gothitelle
|-damage|p2a: Gothitelle|168\/281 brn
|move|p2a: Gothitelle|Trick|p1a: Mew
|-activate|p2a: Gothitelle|move: Trick|[of] p1a: Mew
|-item|p1a: Mew|Choice Specs|[from] move: Trick
|-item|p2a: Gothitelle|Leftovers|[from] move: Trick
|
|-heal|p2a: Gothitelle|185\/281 brn|[from] item: Leftovers
|-damage|p2a: Gothitelle|150\/281 brn|[from] brn
|turn|4
|
|move|p1a: Mew|Psychic|p2a: Gothitelle
|-resisted|p2a: Gothitelle
|-damage|p2a: Gothitelle|81\/281 brn
|move|p2a: Gothitelle|Thunderbolt|p1a: Mew
|-crit|p1a: Mew
|-damage|p1a: Mew|280\/404
|
|-heal|p2a: Gothitelle|98\/281 brn|[from] item: Leftovers
|-damage|p2a: Gothitelle|63\/281 brn|[from] brn
|turn|5
|
|switch|p2a: Greninja|Greninja, F, shiny|285\/285
|move|p1a: Mew|Psychic|p2a: Greninja
|-immune|p2a: Greninja|[msg]
|
|turn|6
|
|switch|p1a: Venusaur|Venusaur, F|361\/361
|move|p2a: Greninja|Ice Beam|p1a: Venusaur
|-start|p2a: Greninja|typechange|Ice|[from] Protean
|-supereffective|p1a: Venusaur
|-damage|p1a: Venusaur|96\/361
|-damage|p2a: Greninja|257\/285|[from] item: Life Orb
|
|turn|7
|
|switch|p1a: Mew|Mew|280\/404
|move|p2a: Greninja|Ice Beam|p1a: Mew
|-damage|p1a: Mew|140\/404
|-damage|p2a: Greninja|229\/285|[from] item: Life Orb
|
|turn|8
|
|move|p2a: Greninja|Dark Pulse|p1a: Mew
|-start|p2a: Greninja|typechange|Dark|[from] Protean
|-supereffective|p1a: Mew
|-damage|p1a: Mew|0 fnt
|-damage|p2a: Greninja|201\/285|[from] item: Life Orb
|faint|p1a: Mew
|
|
|switch|p1a: Keldeo|Keldeo|323\/323
|turn|9
|
|switch|p2a: Gothitelle|Gothitelle, F|63\/281 brn
|move|p1a: Keldeo|Secret Sword|p2a: Gothitelle
|-crit|p2a: Gothitelle
|-resisted|p2a: Gothitelle
|-damage|p2a: Gothitelle|0 fnt
|faint|p2a: Gothitelle
|
|
|switch|p2a: Rotom-Wash|Rotom-Wash|304\/304
|turn|10
|
|switch|p1a: Heatran|Heatran, F|381\/381
|move|p2a: Rotom-Wash|Volt Switch|p1a: Heatran
|-crit|p1a: Heatran
|-damage|p1a: Heatran|282\/381
|
|switch|p2a: Mamoswine|Mamoswine, M|361\/361
|
|-heal|p1a: Heatran|305\/381|[from] item: Leftovers
|turn|11
|
|switch|p1a: Skarmory|Skarmory, F|334\/334
|move|p2a: Mamoswine|Stealth Rock|p1a: Skarmory
|-sidestart|p1: okcoolyo|move: Stealth Rock
|
|turn|12
|
|switch|p2a: Rotom-Wash|Rotom-Wash|304\/304
|move|p1a: Skarmory|Defog|p2a: Rotom-Wash
|-unboost|p2a: Rotom-Wash|evasion|1
|-sideend|p1: okcoolyo|Stealth Rock|[from] move: Defog|[of] p1a: Skarmory
|
|turn|13
|
|move|p2a: Rotom-Wash|Volt Switch|p1a: Skarmory
|-crit|p1a: Skarmory
|-supereffective|p1a: Skarmory
|-damage|p1a: Skarmory|8\/334
|
|switch|p2a: Greninja|Greninja, F, shiny|201\/285
|move|p1a: Skarmory|Roost|p1a: Skarmory
|-heal|p1a: Skarmory|175\/334
|
|turn|14
|
|switch|p1a: Keldeo|Keldeo|323\/323
|move|p2a: Greninja|Ice Beam|p1a: Keldeo
|-start|p2a: Greninja|typechange|Ice|[from] Protean
|-resisted|p1a: Keldeo
|-damage|p1a: Keldeo|226\/323
|-damage|p2a: Greninja|173\/285|[from] item: Life Orb
|
|-heal|p1a: Keldeo|246\/323|[from] item: Leftovers
|turn|15
|
|switch|p2a: Rotom-Wash|Rotom-Wash|304\/304
|move|p1a: Keldeo|Secret Sword|p2a: Rotom-Wash
|-crit|p2a: Rotom-Wash
|-damage|p2a: Rotom-Wash|148\/304
|
|-heal|p1a: Keldeo|266\/323|[from] item: Leftovers
|-heal|p2a: Rotom-Wash|167\/304|[from] item: Leftovers
|turn|16
|
|switch|p1a: Heatran|Heatran, F|305\/381
|move|p2a: Rotom-Wash|Volt Switch|p1a: Heatran
|-damage|p1a: Heatran|245\/381
|
|switch|p2a: Greninja|Greninja, F, shiny|173\/285
|
|-heal|p1a: Heatran|268\/381|[from] item: Leftovers
|turn|17
|
|move|p2a: Greninja|Hydro Pump|p1a: Heatran
|-start|p2a: Greninja|typechange|Water|[from] Protean
|-supereffective|p1a: Heatran
|-damage|p1a: Heatran|0 fnt
|-damage|p2a: Greninja|145\/285|[from] item: Life Orb
|faint|p1a: Heatran
|
|
|switch|p1a: Keldeo|Keldeo|266\/323
|turn|18
|
|switch|p2a: Rotom-Wash|Rotom-Wash|167\/304
|move|p1a: Keldeo|Calm Mind|p1a: Keldeo
|-boost|p1a: Keldeo|spa|1
|-boost|p1a: Keldeo|spd|1
|
|-heal|p1a: Keldeo|286\/323|[from] item: Leftovers
|-heal|p2a: Rotom-Wash|186\/304|[from] item: Leftovers
|turn|19
|
|move|p1a: Keldeo|Secret Sword|p2a: Rotom-Wash
|-damage|p2a: Rotom-Wash|35\/304
|move|p2a: Rotom-Wash|Volt Switch|p1a: Keldeo
|-supereffective|p1a: Keldeo
|-damage|p1a: Keldeo|160\/323
|
|switch|p2a: Greninja|Greninja, F, shiny|145\/285
|
|-heal|p1a: Keldeo|180\/323|[from] item: Leftovers
|turn|20
|
|move|p2a: Greninja|Gunk Shot|p1a: Keldeo
|-start|p2a: Greninja|typechange|Poison|[from] Protean
|-damage|p1a: Keldeo|0 fnt
|-damage|p2a: Greninja|117\/285|[from] item: Life Orb
|faint|p1a: Keldeo
|
|-message|okcoolyo forfeited.
|
|win|bad n lucky
|raw|Ladder updating...
|leave|okcoolyo
|player|p1
|raw|okcoolyo's rating: 1415 &rarr; <strong>1396<\/strong><br \/>(-19 for losing)
|raw|bad n lucky's rating: 1427 &rarr; <strong>1446<\/strong><br \/>(+19 for winning)