|join|okcoolyo
|join|bossaru2
|player|p1|okcoolyo|102
|player|p2|bossaru2|293
|gametype|singles
|gen|6
|tier|OU
|rated
|clearpoke
|poke|p1|Clefable, M
|poke|p1|Reuniclus, M
|poke|p1|Tyranitar, M
|poke|p1|Latios, M
|poke|p1|Excadrill, M
|poke|p1|Suicune
|poke|p2|Chansey, F
|poke|p2|Keldeo
|poke|p2|Dragonite, M
|poke|p2|Skarmory, M
|poke|p2|Charizard, M
|poke|p2|Sylveon, F
|rule|Sleep Clause Mod: Limit one foe put to sleep
|rule|Species Clause: Limit one of each Pokemon
|rule|OHKO Clause: OHKO moves are banned
|rule|Moody Clause: Moody is banned
|rule|Evasion Moves Clause: Evasion moves are banned
|rule|Endless Battle Clause: Forcing endless battles is banned.
|rule|HP Percentage Mod: HP is reported as percentages
|teampreview
|
|start
|switch|p1a: Clefable|Clefable, M|394\/394
|switch|p2a: Sylveon|Sylveon, F|394\/394
|turn|1
|
|move|p1a: Clefable|Cosmic Power|p1a: Clefable
|-boost|p1a: Clefable|def|1
|-boost|p1a: Clefable|spd|1
|move|p2a: Sylveon|Hyper Voice|p1a: Clefable
|-damage|p1a: Clefable|231\/394
|
|-heal|p1a: Clefable|255\/394|[from] item: Leftovers
|turn|2
|
|move|p1a: Clefable|Cosmic Power|p1a: Clefable
|-boost|p1a: Clefable|def|1
|-boost|p1a: Clefable|spd|1
|move|p2a: Sylveon|Hyper Voice|p1a: Clefable
|-crit|p1a: Clefable
|-damage|p1a: Clefable|0 fnt
|faint|p1a: Clefable
|
|
|switch|p1a: Excadrill|Excadrill, M|424\/424
|-item|p1a: Excadrill|Air Balloon
|turn|3
|
|switch|p2a: Skarmory|Skarmory, M|334\/334
|move|p1a: Excadrill|Iron Head|p2a: Skarmory
|-resisted|p2a: Skarmory
|-damage|p2a: Skarmory|284\/334
|-damage|p1a: Excadrill|354\/424|[from] item: Rocky Helmet|[of] p2a: Skarmory
|
|turn|4
|
|move|p1a: Excadrill|Stealth Rock|p2a: Skarmory
|-sidestart|p2: bossaru2|move: Stealth Rock
|move|p2a: Skarmory|Brave Bird|p1a: Excadrill
|-resisted|p1a: Excadrill
|-damage|p1a: Excadrill|271\/424
|-damage|p2a: Skarmory|257\/334|[from] recoil|[of] p1a: Excadrill
|-enditem|p1a: Excadrill|Air Balloon
|
|turn|5
|
|switch|p1a: Suicune|Suicune|404\/404
|-ability|p1a: Suicune|Pressure
|move|p2a: Skarmory|Stealth Rock|p1a: Suicune
|-sidestart|p1: okcoolyo|move: Stealth Rock
|
|turn|6
|
|switch|p2a: Sylveon|Sylveon, F|394\/394
|-damage|p2a: Sylveon|345\/394|[from] Stealth Rock
|move|p1a: Suicune|Calm Mind|p1a: Suicune
|-boost|p1a: Suicune|spa|1
|-boost|p1a: Suicune|spd|1
|
|turn|7
|
|move|p1a: Suicune|Calm Mind|p1a: Suicune
|-boost|p1a: Suicune|spa|1
|-boost|p1a: Suicune|spd|1
|move|p2a: Sylveon|Hyper Voice|p1a: Suicune
|-damage|p1a: Suicune|269\/404
|
|-heal|p1a: Suicune|294\/404|[from] item: Leftovers
|turn|8
|
|switch|p2a: Chansey|Chansey, F|704\/704
|-damage|p2a: Chansey|616\/704|[from] Stealth Rock
|move|p1a: Suicune|Calm Mind|p1a: Suicune
|-boost|p1a: Suicune|spa|1
|-boost|p1a: Suicune|spd|1
|
|-heal|p1a: Suicune|319\/404|[from] item: Leftovers
|turn|9
|
|move|p1a: Suicune|Calm Mind|p1a: Suicune
|-boost|p1a: Suicune|spa|1
|-boost|p1a: Suicune|spd|1
|move|p2a: Chansey|Toxic|p1a: Suicune
|-status|p1a: Suicune|tox
|
|-heal|p1a: Suicune|344\/404 tox|[from] item: Leftovers
|-damage|p1a: Suicune|319\/404 tox|[from] psn
|turn|10
|
|move|p1a: Suicune|Calm Mind|p1a: Suicune
|-boost|p1a: Suicune|spa|1
|-boost|p1a: Suicune|spd|1
|move|p2a: Chansey|Seismic Toss|p1a: Suicune
|-damage|p1a: Suicune|219\/404 tox
|
|-heal|p1a: Suicune|244\/404 tox|[from] item: Leftovers
|-damage|p1a: Suicune|194\/404 tox|[from] psn
|turn|11
|
|move|p1a: Suicune|Scald|p2a: Chansey
|-damage|p2a: Chansey|432\/704
|move|p2a: Chansey|Seismic Toss|p1a: Suicune
|-damage|p1a: Suicune|94\/404 tox
|
|-heal|p1a: Suicune|119\/404 tox|[from] item: Leftovers
|-damage|p1a: Suicune|44\/404 tox|[from] psn
|turn|12
|
|move|p1a: Suicune|Rest|p1a: Suicune
|-status|p1a: Suicune|slp
|-heal|p1a: Suicune|404\/404 slp|[silent]
|-status|p1a: Suicune|slp|[from] move: Rest
|move|p2a: Chansey|Soft-Boiled|p2a: Chansey
|-heal|p2a: Chansey|704\/704
|
|turn|13
|
|switch|p2a: Keldeo|Keldeo|323\/323
|-damage|p2a: Keldeo|303\/323|[from] Stealth Rock
|cant|p1a: Suicune|slp
|move|p1a: Suicune|Sleep Talk|p1a: Suicune
|move|p1a: Suicune|Calm Mind|p1a: Suicune|[from]Sleep Talk
|-boost|p1a: Suicune|spa|1
|-boost|p1a: Suicune|spd|1
|
|turn|14
|
|move|p2a: Keldeo|Secret Sword|p1a: Suicune
|-damage|p1a: Suicune|259\/404 slp
|cant|p1a: Suicune|slp
|move|p1a: Suicune|Sleep Talk|p1a: Suicune
|move|p1a: Suicune|Scald|p2a: Keldeo|[from]Sleep Talk
|-resisted|p2a: Keldeo
|-damage|p2a: Keldeo|101\/323
|-status|p2a: Keldeo|brn
|
|-heal|p1a: Suicune|284\/404 slp|[from] item: Leftovers
|-damage|p2a: Keldeo|61\/323 brn|[from] brn
|turn|15
|
|move|p2a: Keldeo|Secret Sword|p1a: Suicune
|-damage|p1a: Suicune|134\/404 slp
|-curestatus|p1a: Suicune|slp
|move|p1a: Suicune|Rest|p1a: Suicune
|-status|p1a: Suicune|slp
|-heal|p1a: Suicune|404\/404 slp|[silent]
|-status|p1a: Suicune|slp|[from] move: Rest
|
|-damage|p2a: Keldeo|21\/323 brn|[from] brn
|turn|16
|
|move|p2a: Keldeo|Secret Sword|p1a: Suicune
|-damage|p1a: Suicune|247\/404 slp
|cant|p1a: Suicune|slp
|move|p1a: Suicune|Sleep Talk|p1a: Suicune
|move|p1a: Suicune|Rest|p1a: Suicune|[from]Sleep Talk
|-fail|p1a: Suicune
|
|-heal|p1a: Suicune|272\/404 slp|[from] item: Leftovers
|-damage|p2a: Keldeo|0 fnt|[from] brn
|faint|p2a: Keldeo
|
|switch|p2a: Dragonite|Dragonite, M|324\/324
|-damage|p2a: Dragonite|243\/324|[from] Stealth Rock
|turn|17
|
|move|p2a: Dragonite|Dragon Dance|p2a: Dragonite
|-boost|p2a: Dragonite|atk|1
|-boost|p2a: Dragonite|spe|1
|cant|p1a: Suicune|slp
|move|p1a: Suicune|Sleep Talk|p1a: Suicune
|move|p1a: Suicune|Scald|p2a: Dragonite|[from]Sleep Talk
|-resisted|p2a: Dragonite
|-damage|p2a: Dragonite|68\/324
|
|-heal|p1a: Suicune|297\/404 slp|[from] item: Leftovers
|turn|18
|
|move|p2a: Dragonite|Dragon Claw|p1a: Suicune
|-crit|p1a: Suicune
|-damage|p1a: Suicune|54\/404 slp
|-curestatus|p1a: Suicune|slp
|move|p1a: Suicune|Scald|p2a: Dragonite
|-resisted|p2a: Dragonite
|-damage|p2a: Dragonite|0 fnt
|faint|p2a: Dragonite
|
|-heal|p1a: Suicune|79\/404|[from] item: Leftovers
|
|switch|p2a: Sylveon|Sylveon, F|345\/394
|-damage|p2a: Sylveon|296\/394|[from] Stealth Rock
|turn|19
|
|move|p1a: Suicune|Rest|p1a: Suicune
|-status|p1a: Suicune|slp
|-heal|p1a: Suicune|404\/404 slp|[silent]
|-status|p1a: Suicune|slp|[from] move: Rest
|move|p2a: Sylveon|Hyper Voice|p1a: Suicune
|-crit|p1a: Suicune
|-damage|p1a: Suicune|0 fnt
|faint|p1a: Suicune
|
|
|switch|p1a: Excadrill|Excadrill, M|271\/424
|-damage|p1a: Excadrill|258\/424|[from] Stealth Rock
|turn|20
|
|switch|p2a: Chansey|Chansey, F|704\/704
|-damage|p2a: Chansey|616\/704|[from] Stealth Rock
|move|p1a: Excadrill|Rapid Spin|p2a: Chansey
|-damage|p2a: Chansey|581\/704
|-sideend|p1: okcoolyo|Stealth Rock|[from] move: Rapid Spin|[of] p1a: Excadrill
|
|turn|21
|
|move|p1a: Excadrill|Earthquake|p2a: Chansey
|-damage|p2a: Chansey|310\/704
|move|p2a: Chansey|Counter|p1a: Excadrill
|-damage|p1a: Excadrill|0 fnt
|faint|p1a: Excadrill
|
|
|switch|p1a: Tyranitar|Tyranitar, M|404\/404
|-weather|Sandstorm
|turn|22
|
|switch|p2a: Skarmory|Skarmory, M|257\/334
|-damage|p2a: Skarmory|216\/334|[from] Stealth Rock
|move|p1a: Tyranitar|Superpower|p2a: Skarmory
|-damage|p2a: Skarmory|117\/334
|-damage|p1a: Tyranitar|337\/404|[from] item: Rocky Helmet|[of] p2a: Skarmory
|-unboost|p1a: Tyranitar|atk|1
|-unboost|p1a: Tyranitar|def|1
|
|-weather|Sandstorm|[upkeep]
|turn|23
|
|move|p2a: Skarmory|Roost|p2a: Skarmory
|-heal|p2a: Skarmory|284\/334
|move|p1a: Tyranitar|Fire Blast|p2a: Skarmory
|-supereffective|p2a: Skarmory
|-damage|p2a: Skarmory|76\/334
|
|-weather|Sandstorm|[upkeep]
|turn|24
|
|move|p2a: Skarmory|Roost|p2a: Skarmory
|-heal|p2a: Skarmory|243\/334
|move|p1a: Tyranitar|Fire Blast|p2a: Skarmory
|-supereffective|p2a: Skarmory
|-damage|p2a: Skarmory|27\/334
|
|-weather|Sandstorm|[upkeep]
|turn|25
|
|move|p2a: Skarmory|Roost|p2a: Skarmory
|-heal|p2a: Skarmory|194\/334
|move|p1a: Tyranitar|Fire Blast|p2a: Skarmory
|-supereffective|p2a: Skarmory
|-damage|p2a: Skarmory|0 fnt
|faint|p2a: Skarmory
|
|-weather|Sandstorm|[upkeep]
|
|switch|p2a: Sylveon|Sylveon, F|296\/394
|-damage|p2a: Sylveon|247\/394|[from] Stealth Rock
|turn|26
|
|move|p2a: Sylveon|Hyper Voice|p1a: Tyranitar
|-crit|p1a: Tyranitar
|-supereffective|p1a: Tyranitar
|-damage|p1a: Tyranitar|0 fnt
|faint|p1a: Tyranitar
|
|-weather|none
|chat|okcoolyo|what is this rofl
|
|switch|p1a: Reuniclus|Reuniclus, M|424\/424
|turn|27
|
|move|p2a: Sylveon|Hyper Voice|p1a: Reuniclus
|-damage|p1a: Reuniclus|90\/424
|move|p1a: Reuniclus|Psyshock|p2a: Sylveon
|-damage|p2a: Sylveon|76\/394
|
|-heal|p1a: Reuniclus|116\/424|[from] item: Leftovers
|turn|28
|
|move|p2a: Sylveon|Hyper Voice|p1a: Reuniclus
|-damage|p1a: Reuniclus|0 fnt
|faint|p1a: Reuniclus
|
|chat|okcoolyo|three crits that won you the game
|chat|okcoolyo|lol
|
|switch|p1a: Latios|Latios, M|302\/302
|turn|29
|
|move|p1a: Latios|Thunderbolt|p2a: Sylveon
|-damage|p2a: Sylveon|0 fnt
|faint|p2a: Sylveon
|
|
|switch|p2a: Chansey|Chansey, F|310\/704
|-damage|p2a: Chansey|222\/704|[from] Stealth Rock
|turn|30
|
|move|p1a: Latios|Psyshock|p2a: Chansey
|-damage|p2a: Chansey|38\/704
|move|p2a: Chansey|Soft-Boiled|p2a: Chansey
|-heal|p2a: Chansey|390\/704
|
|turn|31
|
|move|p1a: Latios|Psyshock|p2a: Chansey
|-damage|p2a: Chansey|189\/704
|move|p2a: Chansey|Soft-Boiled|p2a: Chansey
|-heal|p2a: Chansey|541\/704
|
|turn|32
|chat|okcoolyo|unbelievable
|
|move|p1a: Latios|Psyshock|p2a: Chansey
|-damage|p2a: Chansey|367\/704
|move|p2a: Chansey|Soft-Boiled|p2a: Chansey
|-heal|p2a: Chansey|704\/704
|
|turn|33
|
|move|p1a: Latios|Psyshock|p2a: Chansey
|-damage|p2a: Chansey|514\/704
|move|p2a: Chansey|Toxic|p1a: Latios
|-status|p1a: Latios|tox
|
|-damage|p1a: Latios|284\/302 tox|[from] psn
|turn|34
|
|move|p1a: Latios|Psyshock|p2a: Chansey
|-damage|p2a: Chansey|340\/704
|move|p2a: Chansey|Soft-Boiled|p2a: Chansey
|-heal|p2a: Chansey|692\/704
|
|-damage|p1a: Latios|248\/302 tox|[from] psn
|turn|35
|chat|okcoolyo|gg
|
|move|p1a: Latios|Psyshock|p2a: Chansey
|-damage|p2a: Chansey|491\/704
|move|p2a: Chansey|Soft-Boiled|p2a: Chansey
|-heal|p2a: Chansey|704\/704
|
|-damage|p1a: Latios|194\/302 tox|[from] psn
|turn|36
|
|move|p1a: Latios|Psyshock|p2a: Chansey
|-damage|p2a: Chansey|518\/704
|move|p2a: Chansey|Soft-Boiled|p2a: Chansey
|-heal|p2a: Chansey|704\/704
|
|-damage|p1a: Latios|122\/302 tox|[from] psn
|turn|37
|
|move|p1a: Latios|Psyshock|p2a: Chansey
|-damage|p2a: Chansey|524\/704
|move|p2a: Chansey|Soft-Boiled|p2a: Chansey
|-heal|p2a: Chansey|704\/704
|
|-damage|p1a: Latios|32\/302 tox|[from] psn
|turn|38
|chat|okcoolyo|i guess thats what i get for playing a game thats half based on luck
|
|move|p1a: Latios|Psyshock|p2a: Chansey
|-damage|p2a: Chansey|502\/704
|move|p2a: Chansey|Seismic Toss|p1a: Latios
|-damage|p1a: Latios|0 fnt
|faint|p1a: Latios
|
|win|bossaru2
|raw|Ladder updating...
|raw|okcoolyo's rating: 1605 &rarr; <strong>1582<\/strong><br \/>(-23 for losing)
|raw|bossaru2's rating: 1561 &rarr; <strong>1583<\/strong><br \/>(+22 for winning)