|join|okcoolyo
|join|LT4X NAGL
|player|p1|okcoolyo|101
|player|p2|LT4X NAGL|284
|gametype|singles
|gen|6
|tier|OU
|rated
|clearpoke
|poke|p1|Mew
|poke|p1|Tyranitar, M
|poke|p1|Skarmory, M
|poke|p1|Heatran, F
|poke|p1|Keldeo
|poke|p1|Venusaur, M
|poke|p2|Greninja, F
|poke|p2|Hawlucha, M, shiny
|poke|p2|Latios, M
|poke|p2|Landorus-Therian, M
|poke|p2|Heatran, F
|poke|p2|Manectric, M
|rule|Swagger Clause: Swagger is banned
|rule|Baton Pass Clause: Limit one PokÃ©mon knowing Baton Pass
|rule|Sleep Clause Mod: Limit one foe put to sleep
|rule|Species Clause: Limit one of each PokÃ©mon
|rule|OHKO Clause: OHKO moves are banned
|rule|Moody Clause: Moody is banned
|rule|Evasion Moves Clause: Evasion moves are banned
|rule|Endless Battle Clause: Forcing endless battles is banned
|rule|HP Percentage Mod: HP is shown in percentages
|teampreview
|
|start
|switch|p1a: Tyranitar|Tyranitar, M|341\/341
|switch|p2a: Manectric|Manectric, M|281\/281
|-weather|Sandstorm
|turn|1
|
|switch|p2a: Landorus-Therian|Landorus-Therian, M|320\/320
|-ability|p2a: Landorus-Therian|Intimidate|[of] p1a: Tyranitar
|-unboost|p1a: Tyranitar|atk|1
|move|p1a: Tyranitar|Rock Slide|p2a: Landorus-Therian
|-damage|p2a: Landorus-Therian|218\/320
|
|-weather|Sandstorm|[upkeep]
|turn|2
|
|switch|p1a: Skarmory|Skarmory, M|334\/334
|move|p2a: Landorus-Therian|U-turn|p1a: Skarmory
|-resisted|p1a: Skarmory
|-damage|p1a: Skarmory|320\/334
|-damage|p2a: Landorus-Therian|165\/320|[from] item: Rocky Helmet|[of] p1a: Skarmory
|
|switch|p2a: Manectric|Manectric, M|281\/281
|
|-weather|Sandstorm|[upkeep]
|-damage|p2a: Manectric|264\/281|[from] sandstorm
|turn|3
|
|switch|p1a: Venusaur|Venusaur, M|361\/361
|detailschange|p2a: Manectric|Manectric-Mega, M
|message|Manectric has Mega Evolved into Mega Manectric!
|-ability|p2a: Manectric|Intimidate|[of] p1a: Venusaur
|-unboost|p1a: Venusaur|atk|1
|move|p2a: Manectric|Volt Switch|p1a: Venusaur
|-resisted|p1a: Venusaur
|-damage|p1a: Venusaur|317\/361
|
|switch|p2a: Latios|Latios, M|299\/299
|
|-weather|Sandstorm|[upkeep]
|-damage|p2a: Latios|281\/299|[from] sandstorm
|-damage|p1a: Venusaur|295\/361|[from] sandstorm
|turn|4
|
|detailschange|p1a: Venusaur|Venusaur-Mega, M
|message|Venusaur has Mega Evolved into Mega Venusaur!
|move|p2a: Latios|Draco Meteor|p1a: Venusaur
|-damage|p1a: Venusaur|92\/361
|-unboost|p2a: Latios|spa|2
|-damage|p2a: Latios|252\/299|[from] item: Life Orb
|move|p1a: Venusaur|Giga Drain|p2a: Latios
|-resisted|p2a: Latios
|-damage|p2a: Latios|201\/299
|-heal|p1a: Venusaur|118\/361|[from] drain|[of] p2a: Latios
|
|-weather|Sandstorm|[upkeep]
|-damage|p2a: Latios|183\/299|[from] sandstorm
|-damage|p1a: Venusaur|96\/361|[from] sandstorm
|turn|5
|
|switch|p2a: Heatran|Heatran, F|333\/333
|-item|p2a: Heatran|Air Balloon
|switch|p1a: Tyranitar|Tyranitar, M|341\/341
|
|-weather|none
|turn|6
|
|move|p1a: Tyranitar|Rock Slide|p2a: Heatran
|-damage|p2a: Heatran|195\/333
|-enditem|p2a: Heatran|Air Balloon
|move|p2a: Heatran|Taunt|p1a: Tyranitar
|-start|p1a: Tyranitar|move: Taunt
|
|turn|7
|
|move|p1a: Tyranitar|Rock Slide|p2a: Heatran
|-damage|p2a: Heatran|54\/333
|move|p2a: Heatran|Stealth Rock|p1a: Tyranitar
|-sidestart|p1: okcoolyo|move: Stealth Rock
|
|turn|8
|
|switch|p2a: Landorus-Therian|Landorus-Therian, M|165\/320
|-ability|p2a: Landorus-Therian|Intimidate|[of] p1a: Tyranitar
|-unboost|p1a: Tyranitar|atk|1
|move|p1a: Tyranitar|Rock Slide|p2a: Landorus-Therian
|-damage|p2a: Landorus-Therian|60\/320
|
|turn|9
|
|move|p2a: Landorus-Therian|U-turn|p1a: Tyranitar
|-supereffective|p1a: Tyranitar
|-damage|p1a: Tyranitar|171\/341
|
|switch|p2a: Heatran|Heatran, F|54\/333
|move|p1a: Tyranitar|Rock Slide|p2a: Heatran
|-damage|p2a: Heatran|0 fnt
|faint|p2a: Heatran
|
|-end|p1a: Tyranitar|move: Taunt
|
|switch|p2a: Hawlucha|Hawlucha, M, shiny|312\/312
|turn|10
|
|switch|p1a: Skarmory|Skarmory, M|320\/334
|-damage|p1a: Skarmory|279\/334|[from] Stealth Rock
|move|p2a: Hawlucha|Swords Dance|p2a: Hawlucha
|-boost|p2a: Hawlucha|atk|2
|
|turn|11
|
|move|p2a: Hawlucha|High Jump Kick|p1a: Skarmory
|-damage|p1a: Skarmory|54\/334
|-damage|p2a: Hawlucha|260\/312|[from] item: Rocky Helmet|[of] p1a: Skarmory
|move|p1a: Skarmory|Brave Bird|p2a: Hawlucha
|-supereffective|p2a: Hawlucha
|-damage|p2a: Hawlucha|0 fnt
|-damage|p1a: Skarmory|0 fnt|[from] recoil|[of] p2a: Hawlucha
|faint|p2a: Hawlucha
|faint|p1a: Skarmory
|
|
|switch|p2a: Manectric|Manectric-Mega, M|264\/281
|switch|p1a: Keldeo|Keldeo|323\/323
|-damage|p1a: Keldeo|303\/323|[from] Stealth Rock
|-ability|p2a: Manectric|Intimidate|[of] p1a: Keldeo
|-unboost|p1a: Keldeo|atk|1
|turn|12
|
|switch|p1a: Mew|Mew|404\/404
|-damage|p1a: Mew|354\/404|[from] Stealth Rock
|move|p2a: Manectric|Volt Switch|p1a: Mew
|-damage|p1a: Mew|257\/404
|
|switch|p2a: Greninja|Greninja, F|286\/286
|
|-heal|p1a: Mew|282\/404|[from] item: Leftovers
|turn|13
|
|move|p2a: Greninja|Dark Pulse|p1a: Mew
|-start|p2a: Greninja|typechange|Dark|[from] Protean
|-supereffective|p1a: Mew
|-damage|p1a: Mew|56\/404
|-damage|p2a: Greninja|258\/286|[from] item: Life Orb
|move|p1a: Mew|Soft-Boiled|p1a: Mew
|-heal|p1a: Mew|258\/404
|
|-heal|p1a: Mew|283\/404|[from] item: Leftovers
|turn|14
|
|move|p2a: Greninja|Dark Pulse|p1a: Mew
|-supereffective|p1a: Mew
|-damage|p1a: Mew|54\/404
|-damage|p2a: Greninja|230\/286|[from] item: Life Orb
|move|p1a: Mew|Soft-Boiled|p1a: Mew
|-heal|p1a: Mew|256\/404
|
|-heal|p1a: Mew|281\/404|[from] item: Leftovers
|turn|15
|
|move|p2a: Greninja|Dark Pulse|p1a: Mew
|-supereffective|p1a: Mew
|-damage|p1a: Mew|63\/404
|-damage|p2a: Greninja|202\/286|[from] item: Life Orb
|move|p1a: Mew|Soft-Boiled|p1a: Mew
|-heal|p1a: Mew|265\/404
|
|-heal|p1a: Mew|290\/404|[from] item: Leftovers
|turn|16
|
|move|p2a: Greninja|Dark Pulse|p1a: Mew
|-supereffective|p1a: Mew
|-damage|p1a: Mew|48\/404
|-damage|p2a: Greninja|174\/286|[from] item: Life Orb
|move|p1a: Mew|Soft-Boiled|p1a: Mew
|-heal|p1a: Mew|250\/404
|
|-heal|p1a: Mew|275\/404|[from] item: Leftovers
|turn|17
|
|switch|p2a: Landorus-Therian|Landorus-Therian, M|60\/320
|-ability|p2a: Landorus-Therian|Intimidate|[of] p1a: Mew
|-unboost|p1a: Mew|atk|1
|move|p1a: Mew|Soft-Boiled|p1a: Mew
|-heal|p1a: Mew|404\/404
|
|turn|18
|
|move|p2a: Landorus-Therian|Knock Off|p1a: Mew
|-supereffective|p1a: Mew
|-damage|p1a: Mew|172\/404
|-enditem|p1a: Mew|Leftovers|[from] move: Knock Off|[of] p2a: Landorus-Therian
|move|p1a: Mew|Soft-Boiled|p1a: Mew
|-heal|p1a: Mew|374\/404
|
|turn|19
|
|switch|p2a: Manectric|Manectric-Mega, M|264\/281
|-ability|p2a: Manectric|Intimidate|[of] p1a: Mew
|-unboost|p1a: Mew|atk|1
|move|p1a: Mew|Will-O-Wisp|p2a: Manectric
|-status|p2a: Manectric|brn
|
|-damage|p2a: Manectric|229\/281 brn|[from] brn
|turn|20
|
|move|p2a: Manectric|Volt Switch|p1a: Mew
|-damage|p1a: Mew|283\/404
|
|switch|p2a: Latios|Latios, M|183\/299
|move|p1a: Mew|Soft-Boiled|p1a: Mew
|-heal|p1a: Mew|404\/404
|
|turn|21
|
|move|p2a: Latios|Surf|p1a: Mew
|-damage|p1a: Mew|296\/404
|-damage|p2a: Latios|154\/299|[from] item: Life Orb
|move|p1a: Mew|Soft-Boiled|p1a: Mew
|-heal|p1a: Mew|404\/404
|
|turn|22
|
|switch|p2a: Landorus-Therian|Landorus-Therian, M|60\/320
|-ability|p2a: Landorus-Therian|Intimidate|[of] p1a: Mew
|-unboost|p1a: Mew|atk|1
|move|p1a: Mew|Soft-Boiled|p1a: Mew
|-fail|p1a: Mew
|
|turn|23
|
|move|p2a: Landorus-Therian|Earthquake|p1a: Mew
|-damage|p1a: Mew|224\/404
|move|p1a: Mew|Soft-Boiled|p1a: Mew
|-heal|p1a: Mew|404\/404
|
|turn|24
|
|switch|p2a: Manectric|Manectric-Mega, M|229\/281 brn
|-ability|p2a: Manectric|Intimidate|[of] p1a: Mew
|-unboost|p1a: Mew|atk|1
|move|p1a: Mew|Psychic|p2a: Manectric
|-damage|p2a: Manectric|100\/281 brn
|
|-damage|p2a: Manectric|65\/281 brn|[from] brn
|turn|25
|
|move|p2a: Manectric|Volt Switch|p1a: Mew
|-damage|p1a: Mew|314\/404
|
|switch|p2a: Latios|Latios, M|154\/299
|move|p1a: Mew|Will-O-Wisp|p2a: Latios
|-status|p2a: Latios|brn
|
|-damage|p2a: Latios|117\/299 brn|[from] brn
|turn|26
|
|move|p2a: Latios|Draco Meteor|p1a: Mew
|-damage|p1a: Mew|98\/404
|-unboost|p2a: Latios|spa|2
|-damage|p2a: Latios|88\/299 brn|[from] item: Life Orb
|move|p1a: Mew|Soft-Boiled|p1a: Mew
|-heal|p1a: Mew|300\/404
|
|-damage|p2a: Latios|51\/299 brn|[from] brn
|turn|27
|
|move|p2a: Latios|Draco Meteor|p1a: Mew
|-damage|p1a: Mew|183\/404
|-unboost|p2a: Latios|spa|2
|-damage|p2a: Latios|22\/299 brn|[from] item: Life Orb
|move|p1a: Mew|Will-O-Wisp|p2a: Latios
|-fail|p2a: Latios|brn
|
|-damage|p2a: Latios|0 fnt|[from] brn
|faint|p2a: Latios
|
|switch|p2a: Greninja|Greninja, F|174\/286
|turn|28
|
|move|p2a: Greninja|Dark Pulse|p1a: Mew
|-start|p2a: Greninja|typechange|Dark|[from] Protean
|-supereffective|p1a: Mew
|-damage|p1a: Mew|0 fnt
|-damage|p2a: Greninja|146\/286|[from] item: Life Orb
|faint|p1a: Mew
|
|
|switch|p1a: Keldeo|Keldeo|303\/323
|-damage|p1a: Keldeo|283\/323|[from] Stealth Rock
|turn|29
|
|switch|p1a: Tyranitar|Tyranitar, M|171\/341
|-damage|p1a: Tyranitar|129\/341|[from] Stealth Rock
|-weather|Sandstorm
|move|p2a: Greninja|Hidden Power|p1a: Tyranitar
|-start|p2a: Greninja|typechange|Grass|[from] Protean
|-supereffective|p1a: Tyranitar
|-damage|p1a: Tyranitar|0 fnt
|-damage|p2a: Greninja|118\/286|[from] item: Life Orb
|faint|p1a: Tyranitar
|
|-weather|Sandstorm|[upkeep]
|-damage|p2a: Greninja|101\/286|[from] sandstorm
|
|switch|p1a: Keldeo|Keldeo|283\/323
|-damage|p1a: Keldeo|263\/323|[from] Stealth Rock
|turn|30
|
|switch|p1a: Venusaur|Venusaur-Mega, M|96\/361
|-damage|p1a: Venusaur|51\/361|[from] Stealth Rock
|move|p2a: Greninja|Hidden Power|p1a: Venusaur
|-resisted|p1a: Venusaur
|-damage|p1a: Venusaur|33\/361
|-damage|p2a: Greninja|73\/286|[from] item: Life Orb
|
|-weather|Sandstorm|[upkeep]
|-damage|p2a: Greninja|56\/286|[from] sandstorm
|-damage|p1a: Venusaur|11\/361|[from] sandstorm
|turn|31
|
|move|p2a: Greninja|Dark Pulse|p1a: Venusaur
|-start|p2a: Greninja|typechange|Dark|[from] Protean
|-damage|p1a: Venusaur|0 fnt
|-damage|p2a: Greninja|28\/286|[from] item: Life Orb
|faint|p1a: Venusaur
|
|-weather|Sandstorm|[upkeep]
|-damage|p2a: Greninja|11\/286|[from] sandstorm
|
|switch|p1a: Keldeo|Keldeo|263\/323
|-damage|p1a: Keldeo|243\/323|[from] Stealth Rock
|turn|32
|
|move|p2a: Greninja|Hidden Power|p1a: Keldeo
|-start|p2a: Greninja|typechange|Grass|[from] Protean
|-supereffective|p1a: Keldeo
|-damage|p1a: Keldeo|0 fnt
|-damage|p2a: Greninja|0 fnt|[from] item: Life Orb
|faint|p1a: Keldeo
|faint|p2a: Greninja
|
|-weather|Sandstorm|[upkeep]
|
|switch|p2a: Manectric|Manectric-Mega, M|65\/281 brn
|switch|p1a: Heatran|Heatran, F|381\/381
|-damage|p1a: Heatran|334\/381|[from] Stealth Rock
|-ability|p2a: Manectric|Intimidate|[of] p1a: Heatran
|-unboost|p1a: Heatran|atk|1
|turn|33
|
|move|p2a: Manectric|Thunderbolt|p1a: Heatran
|-damage|p1a: Heatran|213\/381
|move|p1a: Heatran|Stealth Rock|p2a: Manectric
|-sidestart|p2: LT4X NAGL|move: Stealth Rock
|
|-weather|none
|-heal|p1a: Heatran|236\/381|[from] item: Leftovers
|-damage|p2a: Manectric|30\/281 brn|[from] brn
|turn|34
|
|move|p2a: Manectric|Thunderbolt|p1a: Heatran
|-damage|p1a: Heatran|128\/381
|move|p1a: Heatran|Lava Plume|p2a: Manectric
|-damage|p2a: Manectric|0 fnt
|faint|p2a: Manectric
|
|-heal|p1a: Heatran|151\/381|[from] item: Leftovers
|
|switch|p2a: Landorus-Therian|Landorus-Therian, M|60\/320
|-damage|p2a: Landorus-Therian|20\/320|[from] Stealth Rock
|-ability|p2a: Landorus-Therian|Intimidate|[of] p1a: Heatran
|-unboost|p1a: Heatran|atk|1
|turn|35
|c|âLT4X NAGL|gg wp
|
|move|p2a: Landorus-Therian|Earthquake|p1a: Heatran
|-supereffective|p1a: Heatran
|-damage|p1a: Heatran|0 fnt
|faint|p1a: Heatran
|
|win|LT4X NAGL
|raw|Ladder updating...
|raw|okcoolyo's rating: 1709 &rarr; <strong>1688<\/strong><br \/>(-21 for losing)
|raw|LT4X NAGL's rating: 1699 &rarr; <strong>1720<\/strong><br \/>(+21 for winning)
|c|âokcoolyo|gg
|leave|okcoolyo
|player|p1