|join|okcoolyo
|join|Davon
|player|p1|okcoolyo|101
|player|p2|Davon|75
|gametype|singles
|gen|6
|tier|OU
|rated
|clearpoke
|poke|p1|Dugtrio, M
|poke|p1|Gothitelle, F
|poke|p1|Skarmory, M
|poke|p1|Rotom-Wash
|poke|p1|Charizard, F
|poke|p1|Tyranitar, M
|poke|p2|Dugtrio, M
|poke|p2|Volcarona, M
|poke|p2|Latias, F
|poke|p2|Beedrill, F
|poke|p2|Rotom-Wash
|poke|p2|Bisharp, F
|rule|Swagger Clause: Swagger is banned
|rule|Baton Pass Clause: Limit one PokÃ©mon knowing Baton Pass
|rule|Sleep Clause Mod: Limit one foe put to sleep
|rule|Species Clause: Limit one of each PokÃ©mon
|rule|OHKO Clause: OHKO moves are banned
|rule|Moody Clause: Moody is banned
|rule|Evasion Moves Clause: Evasion moves are banned
|rule|Endless Battle Clause: Forcing endless battles is banned
|rule|HP Percentage Mod: HP is shown in percentages
|teampreview
|
|start
|switch|p1a: Rotom-Wash|Rotom-Wash|304\/304
|switch|p2a: Dugtrio|Dugtrio, M|211\/211
|turn|1
|
|move|p2a: Dugtrio|Stealth Rock|p1a: Rotom-Wash
|-sidestart|p1: okcoolyo|move: Stealth Rock
|move|p1a: Rotom-Wash|Hydro Pump|p2a: Dugtrio|[miss]
|-miss|p1a: Rotom-Wash|p2a: Dugtrio
|
|turn|2
|
|move|p2a: Dugtrio|Toxic|p1a: Rotom-Wash|[miss]
|-miss|p2a: Dugtrio|p1a: Rotom-Wash
|move|p1a: Rotom-Wash|Hydro Pump|p2a: Dugtrio|[miss]
|-miss|p1a: Rotom-Wash|p2a: Dugtrio
|
|turn|3
|
|move|p2a: Dugtrio|Toxic|p1a: Rotom-Wash
|-status|p1a: Rotom-Wash|tox
|move|p1a: Rotom-Wash|Hydro Pump|p2a: Dugtrio
|-supereffective|p2a: Dugtrio
|-enditem|p2a: Dugtrio|Focus Sash
|-damage|p2a: Dugtrio|1\/211
|
|-damage|p1a: Rotom-Wash|285\/304 tox|[from] psn
|turn|4
|
|move|p2a: Dugtrio|Stone Edge|p1a: Rotom-Wash
|-damage|p1a: Rotom-Wash|207\/304 tox
|move|p1a: Rotom-Wash|Will-O-Wisp|p2a: Dugtrio
|-status|p2a: Dugtrio|brn
|
|-damage|p2a: Dugtrio|0 fnt|[from] brn
|-damage|p1a: Rotom-Wash|169\/304 tox|[from] psn
|faint|p2a: Dugtrio
|
|switch|p2a: Volcarona|Volcarona, M|311\/311
|turn|5
|
|move|p2a: Volcarona|Quiver Dance|p2a: Volcarona
|-boost|p2a: Volcarona|spa|1
|-boost|p2a: Volcarona|spd|1
|-boost|p2a: Volcarona|spe|1
|move|p1a: Rotom-Wash|Volt Switch|p2a: Volcarona
|-damage|p2a: Volcarona|257\/311
|
|switch|p1a: Tyranitar|Tyranitar, M|341\/341
|-damage|p1a: Tyranitar|299\/341|[from] Stealth Rock
|-weather|Sandstorm
|
|-weather|Sandstorm|[upkeep]
|-damage|p2a: Volcarona|238\/311|[from] sandstorm
|turn|6
|
|move|p2a: Volcarona|Bug Buzz|p1a: Tyranitar
|-supereffective|p1a: Tyranitar
|-damage|p1a: Tyranitar|0 fnt
|faint|p1a: Tyranitar
|
|-weather|Sandstorm|[upkeep]
|-damage|p2a: Volcarona|219\/311|[from] sandstorm
|
|switch|p1a: Rotom-Wash|Rotom-Wash|169\/304 tox
|-damage|p1a: Rotom-Wash|131\/304 tox|[from] Stealth Rock
|turn|7
|
|move|p2a: Volcarona|Bug Buzz|p1a: Rotom-Wash
|-damage|p1a: Rotom-Wash|0 fnt
|faint|p1a: Rotom-Wash
|
|-weather|Sandstorm|[upkeep]
|-damage|p2a: Volcarona|200\/311|[from] sandstorm
|
|switch|p1a: Charizard|Charizard, F|298\/298
|-damage|p1a: Charizard|149\/298|[from] Stealth Rock
|turn|8
|
|detailschange|p1a: Charizard|Charizard-Mega-X, F
|message|Charizard has Mega Evolved into Mega Charizard!
|move|p2a: Volcarona|Fire Blast|p1a: Charizard
|-resisted|p1a: Charizard
|-damage|p1a: Charizard|52\/298
|move|p1a: Charizard|Flare Blitz|p2a: Volcarona
|-damage|p2a: Volcarona|0 fnt
|-damage|p1a: Charizard|0 fnt|[from] recoil|[of] p2a: Volcarona
|faint|p2a: Volcarona
|faint|p1a: Charizard
|
|-weather|Sandstorm|[upkeep]
|
|switch|p2a: Beedrill|Beedrill, F|271\/271
|switch|p1a: Gothitelle|Gothitelle, F|282\/282
|-damage|p1a: Gothitelle|247\/282|[from] Stealth Rock
|turn|9
|
|switch|p1a: Skarmory|Skarmory, M|334\/334
|-damage|p1a: Skarmory|293\/334|[from] Stealth Rock
|detailschange|p2a: Beedrill|Beedrill-Mega, F
|message|Beedrill has Mega Evolved into Mega Beedrill!
|move|p2a: Beedrill|Protect|p2a: Beedrill
|-fail|p2a: Beedrill
|
|-weather|none
|turn|10
|
|move|p2a: Beedrill|U-turn|p1a: Skarmory
|-resisted|p1a: Skarmory
|-damage|p1a: Skarmory|268\/334
|-damage|p2a: Beedrill|226\/271|[from] item: Rocky Helmet|[of] p1a: Skarmory
|
|switch|p2a: Rotom-Wash|Rotom-Wash|294\/294
|move|p1a: Skarmory|Defog|p2a: Rotom-Wash
|-unboost|p2a: Rotom-Wash|evasion|1
|-sideend|p1: okcoolyo|Stealth Rock|[from] move: Defog|[of] p1a: Skarmory
|
|turn|11
|
|switch|p1a: Gothitelle|Gothitelle, F|247\/282
|move|p2a: Rotom-Wash|Volt Switch|p1a: Gothitelle
|-damage|p1a: Gothitelle|166\/282
|
|switch|p2a: Bisharp|Bisharp, F|271\/271
|
|turn|12
|
|move|p1a: Gothitelle|Trick|p2a: Bisharp
|-activate|p1a: Gothitelle|move: Trick|[of] p2a: Bisharp
|-item|p2a: Bisharp|Choice Scarf|[from] move: Trick
|-item|p1a: Gothitelle|Assault Vest|[from] move: Trick
|move|p2a: Bisharp|Knock Off|p1a: Gothitelle
|-crit|p1a: Gothitelle
|-supereffective|p1a: Gothitelle
|-damage|p1a: Gothitelle|0 fnt
|-enditem|p1a: Gothitelle|Assault Vest|[from] move: Knock Off|[of] p2a: Bisharp
|faint|p1a: Gothitelle
|
|
|switch|p1a: Dugtrio|Dugtrio, M|212\/212
|turn|13
|
|move|p2a: Bisharp|Knock Off|p1a: Dugtrio
|-enditem|p1a: Dugtrio|Focus Sash
|-damage|p1a: Dugtrio|1\/212
|move|p1a: Dugtrio|Earthquake|p2a: Bisharp
|-supereffective|p2a: Bisharp
|-damage|p2a: Bisharp|19\/271
|
|turn|14
|
|move|p1a: Dugtrio|Sucker Punch|p2a: Bisharp
|-resisted|p2a: Bisharp
|-damage|p2a: Bisharp|0 fnt
|faint|p2a: Bisharp
|
|
|switch|p2a: Beedrill|Beedrill-Mega, F|226\/271
|turn|15
|-message|okcoolyo forfeited.
|
|win|Davon
|raw|Ladder updating...
|leave|okcoolyo
|player|p1
|raw|okcoolyo's rating: 1421 &rarr; <strong>1398<\/strong><br \/>(-23 for losing)
|raw|Davon's rating: 1372 &rarr; <strong>1395<\/strong><br \/>(+23 for winning)