|join|okcoolyo
|join|ibratest
|player|p1|okcoolyo|2
|player|p2|ibratest|170
|gametype|singles
|gen|6
|tier|OU
|rated
|clearpoke
|poke|p1|Bisharp, F
|poke|p1|Thundurus, M
|poke|p1|Venusaur, F
|poke|p1|Heatran, F
|poke|p1|Keldeo
|poke|p1|Quagsire, F
|poke|p2|Tyranitar, M
|poke|p2|Charizard, M
|poke|p2|Excadrill, M
|poke|p2|Clefable, F
|poke|p2|Dragonite, F
|poke|p2|Rotom-Wash
|rule|Sleep Clause Mod: Limit one foe put to sleep
|rule|Species Clause: Limit one of each Pokemon
|rule|OHKO Clause: OHKO moves are banned
|rule|Moody Clause: Moody is banned
|rule|Evasion Moves Clause: Evasion moves are banned
|rule|Endless Battle Clause: Forcing endless battles is banned.
|rule|HP Percentage Mod: HP is reported as percentages
|teampreview
|
|start
|switch|p1a: Venusaur|Venusaur, F|363\/363
|switch|p2a: Rotom-Wash|Rotom-Wash|304\/304
|turn|1
|
|detailschange|p1a: Venusaur|Venusaur-Mega, F
|message|Venusaur has Mega Evolved into Mega Venusaur!
|move|p2a: Rotom-Wash|Volt Switch|p1a: Venusaur
|-resisted|p1a: Venusaur
|-damage|p1a: Venusaur|338\/363
|
|switch|p2a: Tyranitar|Tyranitar, M|404\/404
|-weather|Sandstorm
|move|p1a: Venusaur|Sleep Powder|p2a: Tyranitar|[miss]
|-miss|p1a: Venusaur|p2a: Tyranitar
|
|-weather|Sandstorm|[upkeep]
|-damage|p1a: Venusaur|316\/363|[from] sandstorm
|turn|2
|
|move|p1a: Venusaur|Giga Drain|p2a: Tyranitar
|-supereffective|p2a: Tyranitar
|-damage|p2a: Tyranitar|266\/404
|-heal|p1a: Venusaur|363\/363|[from] drain|[of] p2a: Tyranitar
|move|p2a: Tyranitar|Stealth Rock|p1a: Venusaur
|-sidestart|p1: okcoolyo|move: Stealth Rock
|
|-weather|Sandstorm|[upkeep]
|-damage|p1a: Venusaur|341\/363|[from] sandstorm
|turn|3
|
|switch|p2a: Charizard|Charizard, M|315\/315
|move|p1a: Venusaur|Sleep Powder|p2a: Charizard|[miss]
|-miss|p1a: Venusaur|p2a: Charizard
|
|-weather|Sandstorm|[upkeep]
|-damage|p2a: Charizard|296\/315|[from] sandstorm
|-damage|p1a: Venusaur|319\/363|[from] sandstorm
|turn|4
|
|detailschange|p2a: Charizard|Charizard-Mega-X, M
|message|Charizard has Mega Evolved into Mega Charizard!
|move|p2a: Charizard|Flare Blitz|p1a: Venusaur
|-supereffective|p1a: Venusaur
|-damage|p1a: Venusaur|101\/363
|-damage|p2a: Charizard|224\/315|[from] recoil|[of] p1a: Venusaur
|move|p1a: Venusaur|Sleep Powder|p2a: Charizard
|-status|p2a: Charizard|slp
|
|-weather|Sandstorm|[upkeep]
|-damage|p2a: Charizard|205\/315 slp|[from] sandstorm
|-damage|p1a: Venusaur|79\/363|[from] sandstorm
|turn|5
|
|switch|p2a: Dragonite|Dragonite, F|324\/324
|move|p1a: Venusaur|Sludge Bomb|p2a: Dragonite
|-damage|p2a: Dragonite|262\/324
|-status|p2a: Dragonite|psn
|
|-weather|Sandstorm|[upkeep]
|-damage|p2a: Dragonite|242\/324 psn|[from] sandstorm
|-damage|p1a: Venusaur|57\/363|[from] sandstorm
|-damage|p2a: Dragonite|202\/324 psn|[from] psn
|turn|6
|
|switch|p1a: Quagsire|Quagsire, F|394\/394
|-damage|p1a: Quagsire|370\/394|[from] Stealth Rock
|move|p2a: Dragonite|Earthquake|p1a: Quagsire
|-damage|p1a: Quagsire|226\/394
|
|-weather|Sandstorm|[upkeep]
|-damage|p2a: Dragonite|182\/324 psn|[from] sandstorm
|-heal|p1a: Quagsire|250\/394|[from] item: Leftovers
|-damage|p2a: Dragonite|142\/324 psn|[from] psn
|turn|7
|
|switch|p2a: Rotom-Wash|Rotom-Wash|304\/304
|move|p1a: Quagsire|Recover|p1a: Quagsire
|-heal|p1a: Quagsire|394\/394
|
|-weather|Sandstorm|[upkeep]
|-damage|p2a: Rotom-Wash|285\/304|[from] sandstorm
|-heal|p2a: Rotom-Wash|304\/304|[from] item: Leftovers
|turn|8
|
|move|p2a: Rotom-Wash|Will-O-Wisp|p1a: Quagsire
|-status|p1a: Quagsire|brn
|move|p1a: Quagsire|Scald|p2a: Rotom-Wash
|-resisted|p2a: Rotom-Wash
|-damage|p2a: Rotom-Wash|280\/304
|-status|p2a: Rotom-Wash|brn
|
|-weather|none
|-heal|p2a: Rotom-Wash|299\/304 brn|[from] item: Leftovers
|-damage|p2a: Rotom-Wash|261\/304 brn|[from] brn
|-damage|p1a: Quagsire|345\/394 brn|[from] brn
|turn|9
|
|move|p2a: Rotom-Wash|Hydro Pump|p1a: Quagsire|[miss]
|-miss|p2a: Rotom-Wash|p1a: Quagsire
|move|p1a: Quagsire|Recover|p1a: Quagsire
|-heal|p1a: Quagsire|394\/394 brn
|
|-heal|p2a: Rotom-Wash|280\/304 brn|[from] item: Leftovers
|-damage|p2a: Rotom-Wash|242\/304 brn|[from] brn
|-damage|p1a: Quagsire|345\/394 brn|[from] brn
|turn|10
|
|move|p2a: Rotom-Wash|Volt Switch|p1a: Quagsire
|-immune|p1a: Quagsire|[msg]
|move|p1a: Quagsire|Stockpile|p1a: Quagsire
|-start|p1a: Quagsire|stockpile1
|-boost|p1a: Quagsire|def|1
|-boost|p1a: Quagsire|spd|1
|
|-heal|p2a: Rotom-Wash|261\/304 brn|[from] item: Leftovers
|-heal|p1a: Quagsire|369\/394 brn|[from] item: Leftovers
|-damage|p2a: Rotom-Wash|223\/304 brn|[from] brn
|-damage|p1a: Quagsire|320\/394 brn|[from] brn
|turn|11
|
|switch|p2a: Clefable|Clefable, F|394\/394
|move|p1a: Quagsire|Scald|p2a: Clefable
|-damage|p2a: Clefable|322\/394
|
|-heal|p2a: Clefable|346\/394|[from] item: Leftovers
|-heal|p1a: Quagsire|344\/394 brn|[from] item: Leftovers
|-damage|p1a: Quagsire|295\/394 brn|[from] brn
|turn|12
|
|switch|p1a: Heatran|Heatran, F|386\/386
|-damage|p1a: Heatran|338\/386|[from] Stealth Rock
|-item|p1a: Heatran|Air Balloon
|move|p2a: Clefable|Flamethrower|p1a: Heatran
|-start|p1a: Heatran|ability: Flash Fire
|
|-heal|p2a: Clefable|370\/394|[from] item: Leftovers
|turn|13
|
|switch|p2a: Dragonite|Dragonite, F|142\/324 psn
|move|p1a: Heatran|Stealth Rock|p2a: Dragonite
|-sidestart|p2: ibratest|move: Stealth Rock
|
|-damage|p2a: Dragonite|102\/324 psn|[from] psn
|turn|14
|
|switch|p1a: Quagsire|Quagsire, F|295\/394 brn
|-damage|p1a: Quagsire|271\/394 brn|[from] Stealth Rock
|move|p2a: Dragonite|Outrage|p1a: Quagsire
|-damage|p1a: Quagsire|7\/394 brn
|
|-heal|p1a: Quagsire|31\/394 brn|[from] item: Leftovers
|-damage|p2a: Dragonite|62\/324 psn|[from] psn
|-damage|p1a: Quagsire|0 fnt|[from] brn
|faint|p1a: Quagsire
|
|switch|p1a: Bisharp|Bisharp, F|272\/272
|-damage|p1a: Bisharp|255\/272|[from] Stealth Rock
|turn|15
|
|move|p1a: Bisharp|Sucker Punch|p2a: Dragonite
|-damage|p2a: Dragonite|0 fnt
|-damage|p1a: Bisharp|228\/272|[from] item: Life Orb
|faint|p2a: Dragonite
|
|
|switch|p2a: Rotom-Wash|Rotom-Wash|223\/304 brn
|-damage|p2a: Rotom-Wash|185\/304 brn|[from] Stealth Rock
|turn|16
|
|move|p1a: Bisharp|Sucker Punch|p2a: Rotom-Wash
|-fail|p2a: Rotom-Wash
|move|p2a: Rotom-Wash|Will-O-Wisp|p1a: Bisharp
|-status|p1a: Bisharp|brn
|
|-heal|p2a: Rotom-Wash|204\/304 brn|[from] item: Leftovers
|-damage|p1a: Bisharp|194\/272 brn|[from] brn
|-damage|p2a: Rotom-Wash|166\/304 brn|[from] brn
|turn|17
|
|move|p1a: Bisharp|Knock Off|p2a: Rotom-Wash
|-damage|p2a: Rotom-Wash|61\/304 brn
|-enditem|p2a: Rotom-Wash|Leftovers|[from] move: Knock Off|[of] p1a: Bisharp
|-damage|p1a: Bisharp|167\/272 brn|[from] item: Life Orb
|move|p2a: Rotom-Wash|Volt Switch|p1a: Bisharp
|-damage|p1a: Bisharp|61\/272 brn
|
|switch|p2a: Tyranitar|Tyranitar, M|266\/404
|-damage|p2a: Tyranitar|216\/404|[from] Stealth Rock
|-weather|Sandstorm
|
|-weather|Sandstorm|[upkeep]
|-damage|p1a: Bisharp|27\/272 brn|[from] brn
|turn|18
|
|move|p1a: Bisharp|Iron Head|p2a: Tyranitar
|-supereffective|p2a: Tyranitar
|-damage|p2a: Tyranitar|50\/404
|-damage|p1a: Bisharp|0 fnt|[from] item: Life Orb
|faint|p1a: Bisharp
|move|p2a: Tyranitar|Pursuit|p1: Bisharp|[notarget]
|-notarget
|
|-weather|Sandstorm|[upkeep]
|
|switch|p1a: Keldeo|Keldeo|323\/323
|-damage|p1a: Keldeo|303\/323|[from] Stealth Rock
|turn|19
|
|move|p1a: Keldeo|Secret Sword|p2a: Tyranitar
|-supereffective|p2a: Tyranitar
|-damage|p2a: Tyranitar|0 fnt
|faint|p2a: Tyranitar
|
|-weather|Sandstorm|[upkeep]
|-damage|p1a: Keldeo|283\/323|[from] sandstorm
|
|switch|p2a: Clefable|Clefable, F|370\/394
|turn|20
|
|switch|p1a: Thundurus|Thundurus, M|299\/299
|-damage|p1a: Thundurus|225\/299|[from] Stealth Rock
|move|p2a: Clefable|Calm Mind|p2a: Clefable
|-boost|p2a: Clefable|spa|1
|-boost|p2a: Clefable|spd|1
|
|-weather|Sandstorm|[upkeep]
|-damage|p1a: Thundurus|207\/299|[from] sandstorm
|-heal|p1a: Thundurus|225\/299|[from] item: Leftovers
|-heal|p2a: Clefable|394\/394|[from] item: Leftovers
|turn|21
|
|move|p1a: Thundurus|Taunt|p2a: Clefable
|-start|p2a: Clefable|move: Taunt
|move|p2a: Clefable|Moonblast|p1a: Thundurus
|-damage|p1a: Thundurus|33\/299
|-unboost|p1a: Thundurus|spa|1
|
|-weather|Sandstorm|[upkeep]
|-damage|p1a: Thundurus|15\/299|[from] sandstorm
|-heal|p1a: Thundurus|33\/299|[from] item: Leftovers
|turn|22
|
|move|p1a: Thundurus|Thunderbolt|p2a: Clefable
|-damage|p2a: Clefable|321\/394
|move|p2a: Clefable|Moonblast|p1a: Thundurus
|-damage|p1a: Thundurus|0 fnt
|faint|p1a: Thundurus
|
|-weather|Sandstorm|[upkeep]
|-heal|p2a: Clefable|345\/394|[from] item: Leftovers
|
|switch|p1a: Venusaur|Venusaur-Mega, F|57\/363
|-damage|p1a: Venusaur|12\/363|[from] Stealth Rock
|turn|23
|
|switch|p2a: Excadrill|Excadrill, M|361\/361
|-damage|p2a: Excadrill|350\/361|[from] Stealth Rock
|-item|p2a: Excadrill|Air Balloon
|move|p1a: Venusaur|Synthesis|p1a: Venusaur
|-heal|p1a: Venusaur|103\/363
|
|-weather|Sandstorm|[upkeep]
|-damage|p1a: Venusaur|81\/363|[from] sandstorm
|turn|24
|
|switch|p1a: Heatran|Heatran, F|338\/386
|-damage|p1a: Heatran|290\/386|[from] Stealth Rock
|-item|p1a: Heatran|Air Balloon
|move|p2a: Excadrill|Iron Head|p1a: Heatran
|-resisted|p1a: Heatran
|-damage|p1a: Heatran|251\/386
|-enditem|p1a: Heatran|Air Balloon
|
|-weather|none
|turn|25
|
|move|p2a: Excadrill|Earthquake|p1a: Heatran
|-supereffective|p1a: Heatran
|-damage|p1a: Heatran|0 fnt
|faint|p1a: Heatran
|
|
|switch|p1a: Keldeo|Keldeo|283\/323
|-damage|p1a: Keldeo|263\/323|[from] Stealth Rock
|turn|26
|
|switch|p2a: Rotom-Wash|Rotom-Wash|61\/304 brn
|-damage|p2a: Rotom-Wash|23\/304 brn|[from] Stealth Rock
|move|p1a: Keldeo|Hydro Pump|p2a: Rotom-Wash
|-resisted|p2a: Rotom-Wash
|-damage|p2a: Rotom-Wash|0 fnt
|faint|p2a: Rotom-Wash
|
|
|switch|p2a: Clefable|Clefable, F|345\/394
|turn|27
|
|move|p1a: Keldeo|Hydro Pump|p2a: Clefable|[miss]
|-miss|p1a: Keldeo|p2a: Clefable
|move|p2a: Clefable|Moonblast|p1a: Keldeo
|-supereffective|p1a: Keldeo
|-damage|p1a: Keldeo|27\/323
|
|-heal|p2a: Clefable|369\/394|[from] item: Leftovers
|turn|28
|
|switch|p1a: Venusaur|Venusaur-Mega, F|81\/363
|-damage|p1a: Venusaur|36\/363|[from] Stealth Rock
|move|p2a: Clefable|Moonblast|p1a: Venusaur
|-resisted|p1a: Venusaur
|-damage|p1a: Venusaur|3\/363
|
|-heal|p2a: Clefable|393\/394|[from] item: Leftovers
|turn|29
|chat|okcoolyo|just needed that to hit...gg
|
|move|p1a: Venusaur|Synthesis|p1a: Venusaur
|-heal|p1a: Venusaur|184\/363
|move|p2a: Clefable|Calm Mind|p2a: Clefable
|-boost|p2a: Clefable|spa|1
|-boost|p2a: Clefable|spd|1
|
|-heal|p2a: Clefable|394\/394|[from] item: Leftovers
|turn|30
|
|move|p1a: Venusaur|Synthesis|p1a: Venusaur
|-heal|p1a: Venusaur|363\/363
|move|p2a: Clefable|Calm Mind|p2a: Clefable
|-boost|p2a: Clefable|spa|1
|-boost|p2a: Clefable|spd|1
|
|turn|31
|
|move|p1a: Venusaur|Sludge Bomb|p2a: Clefable
|-supereffective|p2a: Clefable
|-damage|p2a: Clefable|260\/394
|move|p2a: Clefable|Calm Mind|p2a: Clefable
|-boost|p2a: Clefable|spa|1
|-boost|p2a: Clefable|spd|1
|
|-heal|p2a: Clefable|284\/394|[from] item: Leftovers
|turn|32
|
|move|p1a: Venusaur|Sludge Bomb|p2a: Clefable
|-supereffective|p2a: Clefable
|-damage|p2a: Clefable|176\/394
|-status|p2a: Clefable|psn
|move|p2a: Clefable|Calm Mind|p2a: Clefable
|-boost|p2a: Clefable|spa|1
|-boost|p2a: Clefable|spd|1
|
|-heal|p2a: Clefable|200\/394 psn|[from] item: Leftovers
|turn|33
|
|move|p1a: Venusaur|Sludge Bomb|p2a: Clefable
|-supereffective|p2a: Clefable
|-damage|p2a: Clefable|104\/394 psn
|move|p2a: Clefable|Soft-Boiled|p2a: Clefable
|-heal|p2a: Clefable|301\/394 psn
|
|-heal|p2a: Clefable|325\/394 psn|[from] item: Leftovers
|turn|34
|
|move|p1a: Venusaur|Sludge Bomb|p2a: Clefable
|-supereffective|p2a: Clefable
|-damage|p2a: Clefable|235\/394 psn
|move|p2a: Clefable|Moonblast|p1a: Venusaur
|-resisted|p1a: Venusaur
|-damage|p1a: Venusaur|270\/363
|
|-heal|p2a: Clefable|259\/394 psn|[from] item: Leftovers
|turn|35
|
|move|p1a: Venusaur|Sludge Bomb|p2a: Clefable
|-crit|p2a: Clefable
|-supereffective|p2a: Clefable
|-damage|p2a: Clefable|0 fnt
|faint|p2a: Clefable
|
|
|switch|p2a: Charizard|Charizard-Mega-X, M|205\/315 slp
|-damage|p2a: Charizard|127\/315 slp|[from] Stealth Rock
|turn|36
|
|cant|p2a: Charizard|slp
|move|p1a: Venusaur|Sludge Bomb|p2a: Charizard
|-damage|p2a: Charizard|0 fnt
|faint|p2a: Charizard
|
|
|switch|p2a: Excadrill|Excadrill, M|350\/361
|-damage|p2a: Excadrill|339\/361|[from] Stealth Rock
|-item|p2a: Excadrill|Air Balloon
|turn|37
|chat|okcoolyo|swerve
|
|move|p2a: Excadrill|Iron Head|p1a: Venusaur
|-damage|p1a: Venusaur|143\/363
|move|p1a: Venusaur|Giga Drain|p2a: Excadrill
|-damage|p2a: Excadrill|219\/361
|-heal|p1a: Venusaur|203\/363|[from] drain|[of] p2a: Excadrill
|-enditem|p2a: Excadrill|Air Balloon
|
|turn|38
|
|move|p2a: Excadrill|Iron Head|p1a: Venusaur
|-damage|p1a: Venusaur|64\/363
|move|p1a: Venusaur|Giga Drain|p2a: Excadrill
|-damage|p2a: Excadrill|84\/361
|-heal|p1a: Venusaur|132\/363|[from] drain|[of] p2a: Excadrill
|
|turn|39
|
|move|p2a: Excadrill|Earthquake|p1a: Venusaur
|-damage|p1a: Venusaur|0 fnt
|faint|p1a: Venusaur
|
|
|switch|p1a: Keldeo|Keldeo|27\/323
|-damage|p1a: Keldeo|7\/323|[from] Stealth Rock
|turn|40
|
|move|p1a: Keldeo|Secret Sword|p2a: Excadrill
|-supereffective|p2a: Excadrill
|-damage|p2a: Excadrill|0 fnt
|faint|p2a: Excadrill
|
|win|okcoolyo
|raw|Ladder updating...
|raw|okcoolyo's rating: 1670 &rarr; <strong>1692<\/strong><br \/>(+22 for winning)
|raw|ibratest's rating: 1710 &rarr; <strong>1687<\/strong><br \/>(-23 for losing)
|chat|okcoolyo|gg
|chat|ibratest|hax
|chat|okcoolyo|no
|chat|ibratest|?
|chat|okcoolyo|my hydro missed
|chat|okcoolyo|so we'll call it even
|chat|ibratest|ur sludge critted
|chat|ibratest|that was the only way ud win
|chat|okcoolyo|I wouldve won if hydro hit in the first place
|chat|okcoolyo|on clefable
|chat|okcoolyo|when you switched in
|chat|okcoolyo|turn 27