|join|KUNG FU TANGA
|join|darmeroucm.es
|join|lord ledian
|player|p1|KUNG FU TANGA|124
|player|p2|darmeroucm.es|279
|gametype|singles
|gen|6
|tier|OU
|rated
|clearpoke
|poke|p1|Rotom-Wash
|poke|p1|Pangoro, M
|poke|p1|Lopunny, F
|poke|p1|Jirachi
|poke|p1|Landorus, M
|poke|p1|Hawlucha, M
|poke|p2|Scizor, F
|poke|p2|Mamoswine, F
|poke|p2|Landorus, M
|poke|p2|Manaphy
|poke|p2|Heatran, M
|poke|p2|Breloom, M
|rule|Swagger Clause: Swagger is banned
|rule|Baton Pass Clause: Limit one PokÃ©mon knowing Baton Pass
|rule|Sleep Clause Mod: Limit one foe put to sleep
|rule|Species Clause: Limit one of each PokÃ©mon
|rule|OHKO Clause: OHKO moves are banned
|rule|Moody Clause: Moody is banned
|rule|Evasion Moves Clause: Evasion moves are banned
|rule|Endless Battle Clause: Forcing endless battles is banned
|rule|HP Percentage Mod: HP is shown in percentages
|teampreview
|
|start
|switch|p1a: WONDERWOMAN|Lopunny, F|271\/271
|switch|p2a: Manaphy|Manaphy|369\/369
|turn|1
|
|detailschange|p1a: WONDERWOMAN|Lopunny-Mega, F
|-mega|p1a: WONDERWOMAN|Lopunny|Lopunnite
|move|p1a: WONDERWOMAN|Fake Out|p2a: Manaphy
|-damage|p2a: Manaphy|291\/369
|cant|p2a: Manaphy|flinch
|
|-heal|p2a: Manaphy|314\/369|[from] item: Leftovers
|turn|2
|
|move|p1a: WONDERWOMAN|Return|p2a: Manaphy
|-damage|p2a: Manaphy|101\/369
|move|p2a: Manaphy|Scald|p1a: WONDERWOMAN
|-damage|p1a: WONDERWOMAN|153\/271
|-status|p1a: WONDERWOMAN|brn
|
|-heal|p2a: Manaphy|124\/369|[from] item: Leftovers
|-damage|p1a: WONDERWOMAN|120\/271 brn|[from] brn
|turn|3
|join|I Need A TwiiXx
|
|switch|p2a: Scizor|Scizor, F|313\/313
|move|p1a: WONDERWOMAN|High Jump Kick|p2a: Scizor
|-damage|p2a: Scizor|199\/313
|
|-damage|p1a: WONDERWOMAN|87\/271 brn|[from] brn
|turn|4
|
|detailschange|p2a: Scizor|Scizor-Mega, F
|-mega|p2a: Scizor|Scizor|Scizorite
|move|p1a: WONDERWOMAN|High Jump Kick|p2a: Scizor
|-damage|p2a: Scizor|109\/313
|move|p2a: Scizor|Roost|p2a: Scizor
|-heal|p2a: Scizor|266\/313
|
|-damage|p1a: WONDERWOMAN|54\/271 brn|[from] brn
|turn|5
|
|switch|p1a: AQUAMAN|Rotom-Wash|303\/303
|move|p2a: Scizor|Swords Dance|p2a: Scizor
|-boost|p2a: Scizor|atk|2
|
|turn|6
|
|move|p1a: AQUAMAN|Volt Switch|p2a: Scizor
|-damage|p2a: Scizor|176\/313
|
|switch|p1a: WONDERWOMAN|Lopunny-Mega, F|54\/271 brn
|move|p2a: Scizor|Swords Dance|p2a: Scizor
|-boost|p2a: Scizor|atk|2
|
|-damage|p1a: WONDERWOMAN|21\/271 brn|[from] brn
|turn|7
|
|move|p1a: WONDERWOMAN|Fake Out|p2a: Scizor
|-crit|p2a: Scizor
|-resisted|p2a: Scizor
|-damage|p2a: Scizor|155\/313
|cant|p2a: Scizor|flinch
|
|-damage|p1a: WONDERWOMAN|0 fnt|[from] brn
|faint|p1a: WONDERWOMAN
|
|switch|p1a: AQUAMAN|Rotom-Wash|303\/303
|turn|8
|
|move|p1a: AQUAMAN|Will-O-Wisp|p2a: Scizor
|-status|p2a: Scizor|brn
|move|p2a: Scizor|Roost|p2a: Scizor
|-heal|p2a: Scizor|312\/313 brn
|
|-damage|p2a: Scizor|273\/313 brn|[from] brn
|turn|9
|
|move|p1a: AQUAMAN|Hydro Pump|p2a: Scizor|[miss]
|-miss|p1a: AQUAMAN|p2a: Scizor
|move|p2a: Scizor|Bug Bite|p1a: AQUAMAN
|-damage|p1a: AQUAMAN|96\/303
|
|-heal|p1a: AQUAMAN|114\/303|[from] item: Leftovers
|-damage|p2a: Scizor|234\/313 brn|[from] brn
|turn|10
|c|âKUNG FU TANGA|That miss
|
|move|p1a: AQUAMAN|Volt Switch|p2a: Scizor
|-damage|p2a: Scizor|146\/313 brn
|
|switch|p1a: SILVERSURFER|Jirachi|401\/401
|move|p2a: Scizor|Bug Bite|p1a: SILVERSURFER
|-damage|p1a: SILVERSURFER|122\/401
|
|-heal|p1a: SILVERSURFER|147\/401|[from] item: Leftovers
|-damage|p2a: Scizor|107\/313 brn|[from] brn
|turn|11
|
|move|p1a: SILVERSURFER|Iron Head|p2a: Scizor
|-resisted|p2a: Scizor
|-damage|p2a: Scizor|78\/313 brn
|cant|p2a: Scizor|flinch
|
|-heal|p1a: SILVERSURFER|172\/401|[from] item: Leftovers
|-damage|p2a: Scizor|39\/313 brn|[from] brn
|turn|12
|
|move|p1a: SILVERSURFER|Iron Head|p2a: Scizor
|-resisted|p2a: Scizor
|-damage|p2a: Scizor|9\/313 brn
|move|p2a: Scizor|Bug Bite|p1a: SILVERSURFER
|-damage|p1a: SILVERSURFER|0 fnt
|faint|p1a: SILVERSURFER
|
|-damage|p2a: Scizor|0 fnt|[from] brn
|faint|p2a: Scizor
|
|switch|p1a: SAND MAN|Landorus, M|319\/319
|switch|p2a: Landorus|Landorus, M|319\/319
|turn|13
|
|move|p1a: SAND MAN|Stealth Rock|p2a: Landorus
|-sidestart|p2: darmeroucm.es|move: Stealth Rock
|move|p2a: Landorus|U-turn|p1a: SAND MAN
|-resisted|p1a: SAND MAN
|-damage|p1a: SAND MAN|270\/319
|-damage|p2a: Landorus|288\/319|[from] item: Life Orb
|
|switch|p2a: Mamoswine|Mamoswine, F|361\/361
|-damage|p2a: Mamoswine|316\/361|[from] Stealth Rock
|
|turn|14
|
|switch|p1a: AQUAMAN|Rotom-Wash|114\/303
|move|p2a: Mamoswine|Icicle Crash|p1a: AQUAMAN
|-resisted|p1a: AQUAMAN
|-damage|p1a: AQUAMAN|44\/303
|-damage|p2a: Mamoswine|280\/361|[from] item: Life Orb
|
|-heal|p1a: AQUAMAN|62\/303|[from] item: Leftovers
|turn|15
|
|switch|p2a: Heatran|Heatran, M|359\/359
|-damage|p2a: Heatran|315\/359|[from] Stealth Rock
|move|p1a: AQUAMAN|Hydro Pump|p2a: Heatran
|-supereffective|p2a: Heatran
|-damage|p2a: Heatran|91\/359
|
|-heal|p1a: AQUAMAN|80\/303|[from] item: Leftovers
|-heal|p2a: Heatran|113\/359|[from] item: Leftovers
|turn|16
|
|move|p1a: AQUAMAN|Hydro Pump|p2a: Heatran|[miss]
|-miss|p1a: AQUAMAN|p2a: Heatran
|move|p2a: Heatran|Lava Plume|p1a: AQUAMAN
|-resisted|p1a: AQUAMAN
|-damage|p1a: AQUAMAN|16\/303
|
|-heal|p1a: AQUAMAN|34\/303|[from] item: Leftovers
|-heal|p2a: Heatran|135\/359|[from] item: Leftovers
|turn|17
|c|âKUNG FU TANGA|guy
|c|âKUNG FU TANGA|are you fucking kidding me?
|
|move|p1a: AQUAMAN|Pain Split|p2a: Heatran
|-sethp|p2a: Heatran|84\/359|p1a: AQUAMAN|84\/303|[from] move: Pain Split
|move|p2a: Heatran|Lava Plume|p1a: AQUAMAN
|-resisted|p1a: AQUAMAN
|-damage|p1a: AQUAMAN|23\/303
|
|-heal|p1a: AQUAMAN|41\/303|[from] item: Leftovers
|-heal|p2a: Heatran|106\/359|[from] item: Leftovers
|turn|18
|
|move|p1a: AQUAMAN|Hydro Pump|p2a: Heatran|[miss]
|-miss|p1a: AQUAMAN|p2a: Heatran
|move|p2a: Heatran|Lava Plume|p1a: AQUAMAN
|-resisted|p1a: AQUAMAN
|-damage|p1a: AQUAMAN|0 fnt
|faint|p1a: AQUAMAN
|
|-heal|p2a: Heatran|128\/359|[from] item: Leftovers
|c|âdarmeroucm.es|yep
|c| I Need A TwiiXx|omfg
|
|switch|p1a: REY MISTERIO|Hawlucha, M|300\/300
|turn|19
|c| I Need A TwiiXx|only win with hax
|c| I Need A TwiiXx|now burn?
|
|move|p1a: REY MISTERIO|High Jump Kick|p2a: Heatran
|-supereffective|p2a: Heatran
|-damage|p2a: Heatran|0 fnt
|faint|p2a: Heatran
|
|c|âdarmeroucm.es|dont tal me about hax
|c|âdarmeroucm.es|talk+
|c|âdarmeroucm.es|talk*
|c| I Need A TwiiXx|...
|
|switch|p2a: Mamoswine|Mamoswine, F|280\/361
|-damage|p2a: Mamoswine|235\/361|[from] Stealth Rock
|turn|20
|
|move|p2a: Mamoswine|Ice Shard|p1a: REY MISTERIO
|-supereffective|p1a: REY MISTERIO
|-damage|p1a: REY MISTERIO|58\/300
|-damage|p2a: Mamoswine|199\/361|[from] item: Life Orb
|-enditem|p1a: REY MISTERIO|Sitrus Berry|[eat]
|-heal|p1a: REY MISTERIO|133\/300|[from] item: Sitrus Berry
|move|p1a: REY MISTERIO|High Jump Kick|p2a: Mamoswine
|-supereffective|p2a: Mamoswine
|-damage|p2a: Mamoswine|0 fnt
|faint|p2a: Mamoswine
|
|c|âdarmeroucm.es|http:\/\/pokemonshowdown.com\/replay\/randomdoublesbattle-164727655
|c|âdarmeroucm.es|can you see that please?
|c|âdarmeroucm.es|im grimoril
|
|switch|p2a: Landorus|Landorus, M|288\/319
|-damage|p2a: Landorus|249\/319|[from] Stealth Rock
|turn|21
|
|switch|p1a: PO|Pangoro, M|331\/331
|move|p2a: Landorus|Psychic|p1a: PO
|-immune|p1a: PO|[msg]
|
|turn|22
|
|move|p2a: Landorus|Earth Power|p1a: PO
|-damage|p1a: PO|23\/331
|move|p1a: PO|Superpower|p2a: Landorus
|-resisted|p2a: Landorus
|-damage|p2a: Landorus|77\/319
|-unboost|p1a: PO|atk|1
|-unboost|p1a: PO|def|1
|
|turn|23
|
|move|p2a: Landorus|Focus Blast|p1a: PO
|-supereffective|p1a: PO
|-damage|p1a: PO|0 fnt
|faint|p1a: PO
|
|c|âKUNG FU TANGA|You lost the same dude.....
|
|switch|p1a: REY MISTERIO|Hawlucha, M|133\/300
|turn|24
|
|move|p1a: REY MISTERIO|Acrobatics|p2a: Landorus
|-damage|p2a: Landorus|0 fnt
|faint|p2a: Landorus
|
|c|âKUNG FU TANGA|have you a scarfloom?
|c|âdarmeroucm.es|no
|
|switch|p2a: Breloom|Breloom, M|261\/261
|-damage|p2a: Breloom|245\/261|[from] Stealth Rock
|turn|25
|c|âKUNG FU TANGA|so well
|c|âKUNG FU TANGA|gg
|
|move|p1a: REY MISTERIO|Acrobatics|p2a: Breloom
|-supereffective|p2a: Breloom
|-damage|p2a: Breloom|0 fnt
|faint|p2a: Breloom
|
|
|switch|p2a: Manaphy|Manaphy|124\/369
|-damage|p2a: Manaphy|78\/369|[from] Stealth Rock
|turn|26
|
|move|p1a: REY MISTERIO|Acrobatics|p2a: Manaphy
|-damage|p2a: Manaphy|0 fnt
|faint|p2a: Manaphy
|
|win|KUNG FU TANGA
|raw|Ladder updating...
|raw|KUNG FU TANGA's rating: 1524 &rarr; <strong>1539<\/strong><br \/>(+15 for winning)
|raw|darmeroucm.es's rating: 1430 &rarr; <strong>1415<\/strong><br \/>(-15 for losing)
|leave|lord ledian
|join|lord ledian
|leave|lord ledian