|join|KUNG FU TANGA
|join|DracoNinja
|player|p1|KUNG FU TANGA|106
|player|p2|DracoNinja|2
|gametype|singles
|gen|6
|tier|OU
|clearpoke
|poke|p1|Quagsire, F
|poke|p1|Altaria, F
|poke|p1|Jirachi
|poke|p1|Amoonguss, F, shiny
|poke|p1|Latias, F
|poke|p1|Furfrou, F
|poke|p2|Metagross
|poke|p2|Keldeo
|poke|p2|Garchomp, M
|poke|p2|Raikou
|poke|p2|Gengar, M
|poke|p2|Bisharp, M
|rule|Swagger Clause: Swagger is banned
|rule|Baton Pass Clause: Limit one PokÃ©mon knowing Baton Pass
|rule|Sleep Clause Mod: Limit one foe put to sleep
|rule|Species Clause: Limit one of each PokÃ©mon
|rule|OHKO Clause: OHKO moves are banned
|rule|Moody Clause: Moody is banned
|rule|Evasion Moves Clause: Evasion moves are banned
|rule|Endless Battle Clause: Forcing endless battles is banned
|rule|HP Percentage Mod: HP is shown in percentages
|teampreview
|c|âKUNG FU TANGA|set sr
|c|âKUNG FU TANGA|'-'
|
|start
|switch|p1a: Diana|Furfrou, F|353\/353
|switch|p2a: Garchomp|Garchomp, M|357\/357
|turn|1
|
|move|p2a: Garchomp|Stealth Rock|p1a: Diana
|-sidestart|p1: KUNG FU TANGA|move: Stealth Rock
|move|p1a: Diana|Cotton Guard|p1a: Diana
|-boost|p1a: Diana|def|3
|
|turn|2
|c|âKUNG FU TANGA|now try to ill it
|c|âKUNG FU TANGA|kill*
|c|âKUNG FU TANGA|using
|
|switch|p2a: Gengar|Gengar, M|259\/259
|move|p1a: Diana|Cotton Guard|p1a: Diana
|-boost|p1a: Diana|def|3
|
|turn|3
|c|âKUNG FU TANGA|chomp
|c|âDracoNinja|o
|c|âDracoNinja|rip
|c|âKUNG FU TANGA|lel
|c|âKUNG FU TANGA|np
|c|âKUNG FU TANGA|i
|c|âKUNG FU TANGA|re-do
|c|âKUNG FU TANGA|cotton
|c|âDracoNinja|i'll
|c|âDracoNinja|switch
|c|âKUNG FU TANGA|send
|c|âKUNG FU TANGA|out
|c|âDracoNinja|back to chomp
|c|âKUNG FU TANGA|chomp
|
|switch|p2a: Garchomp|Garchomp, M|357\/357
|move|p1a: Diana|Cotton Guard|p1a: Diana
|-fail|p1a: Diana
|
|turn|4
|c|âKUNG FU TANGA|well
|c|âKUNG FU TANGA|now i will
|c|âKUNG FU TANGA|cotton guard
|c|âKUNG FU TANGA|again
|c|âDracoNinja|ok
|c|âKUNG FU TANGA|do what u want
|
|move|p2a: Garchomp|Swords Dance|p2a: Garchomp
|-boost|p2a: Garchomp|atk|2
|move|p1a: Diana|Cotton Guard|p1a: Diana
|-fail|p1a: Diana
|
|turn|5
|
|move|p2a: Garchomp|Earthquake|p1a: Diana
|-damage|p1a: Diana|311\/353
|move|p1a: Diana|Toxic|p2a: Garchomp
|-status|p2a: Garchomp|tox
|-enditem|p2a: Garchomp|Lum Berry|[eat]
|-curestatus|p2a: Garchomp|tox
|
|-heal|p1a: Diana|333\/353|[from] item: Leftovers
|turn|6
|c|âDracoNinja|LOL
|c|âDracoNinja|11%
|c|âKUNG FU TANGA|AHAHAHHA
|
|move|p1a: Diana|Baby-Doll Eyes|p2a: Garchomp
|-unboost|p2a: Garchomp|atk|1
|move|p2a: Garchomp|Earthquake|p1a: Diana
|-damage|p1a: Diana|300\/353
|
|-heal|p1a: Diana|322\/353|[from] item: Leftovers
|turn|7
|c|âDracoNinja|CRIT CRIT CRIT CRIT CRIT CRIT
|
|move|p1a: Diana|Baby-Doll Eyes|p2a: Garchomp
|-unboost|p2a: Garchomp|atk|1
|move|p2a: Garchomp|Swords Dance|p2a: Garchomp
|-boost|p2a: Garchomp|atk|2
|
|-heal|p1a: Diana|344\/353|[from] item: Leftovers
|turn|8
|join|lord ledian
|c|âKUNG FU TANGA|Whut
|c|âKUNG FU TANGA|where is
|c|âKUNG FU TANGA|the toxic
|
|move|p2a: Garchomp|Earthquake|p1a: Diana
|-damage|p1a: Diana|296\/353
|move|p1a: Diana|Toxic|p2a: Garchomp
|-status|p2a: Garchomp|tox
|
|-heal|p1a: Diana|318\/353|[from] item: Leftovers
|-damage|p2a: Garchomp|335\/357 tox|[from] psn
|turn|9
|c|âDracoNinja|i dont have it
|c|âDracoNinja|:(
|c|âDracoNinja|sd\/sr\/eq\/dclaw
|
|move|p1a: Diana|Baby-Doll Eyes|p2a: Garchomp
|-unboost|p2a: Garchomp|atk|1
|move|p2a: Garchomp|Earthquake|p1a: Diana
|-crit|p1a: Diana
|-damage|p1a: Diana|129\/353
|
|-heal|p1a: Diana|151\/353|[from] item: Leftovers
|-damage|p2a: Garchomp|291\/357 tox|[from] psn
|turn|10
|c|âDracoNinja|LOOOOOOOOOL
|
|move|p1a: Diana|Baby-Doll Eyes|p2a: Garchomp
|-unboost|p2a: Garchomp|atk|1
|move|p2a: Garchomp|Earthquake|p1a: Diana
|-damage|p1a: Diana|127\/353
|
|-heal|p1a: Diana|149\/353|[from] item: Leftovers
|-damage|p2a: Garchomp|225\/357 tox|[from] psn
|turn|11
|c|âDracoNinja|crit isnt even
|c|âDracoNinja|enough
|
|move|p1a: Diana|Baby-Doll Eyes|p2a: Garchomp
|-unboost|p2a: Garchomp|atk|1
|move|p2a: Garchomp|Swords Dance|p2a: Garchomp
|-boost|p2a: Garchomp|atk|2
|
|-heal|p1a: Diana|171\/353|[from] item: Leftovers
|-damage|p2a: Garchomp|137\/357 tox|[from] psn
|turn|12
|
|move|p2a: Garchomp|Swords Dance|p2a: Garchomp
|-boost|p2a: Garchomp|atk|2
|move|p1a: Diana|Return|p2a: Garchomp
|-damage|p2a: Garchomp|23\/357 tox
|-damage|p1a: Diana|127\/353|[from] ability: Rough Skin|[of] p2a: Garchomp
|
|-heal|p1a: Diana|149\/353|[from] item: Leftovers
|-damage|p2a: Garchomp|0 fnt|[from] psn
|faint|p2a: Garchomp
|c|âKUNG FU TANGA|The furfrou
|c|âKUNG FU TANGA|!
|
|switch|p2a: Gengar|Gengar, M|259\/259
|turn|13
|
|switch|p1a: Esmeralda|Amoonguss, F, shiny|417\/417
|-damage|p1a: Esmeralda|365\/417|[from] Stealth Rock
|move|p2a: Gengar|Shadow Ball|p1a: Esmeralda
|-damage|p1a: Esmeralda|212\/417
|-damage|p2a: Gengar|234\/259|[from] item: Life Orb
|
|-heal|p1a: Esmeralda|238\/417|[from] item: Black Sludge
|turn|14
|c|âKUNG FU TANGA|Ok
|c|âKUNG FU TANGA|finished
|c|âKUNG FU TANGA|xD
|c|âDracoNinja|the lord *-*
|c|âKUNG FU TANGA|Furfrou
|c|âKUNG FU TANGA|**
|c|âDracoNinja|is
|-message|KUNG FU TANGA forfeited.
|c|âDracoNinja|king
|
|win|DracoNinja
|leave|DracoNinja