|join|Hachimaki98
|join|KUNG FU TANGA
|join|lord ledian
|player|p1|Hachimaki98|265
|player|p2|KUNG FU TANGA|124
|gametype|singles
|gen|6
|tier|OU
|clearpoke
|poke|p1|Diancie
|poke|p1|Crawdaunt, F
|poke|p1|Latios, M
|poke|p1|Landorus-Therian, M
|poke|p1|Keldeo
|poke|p1|Talonflame, M
|poke|p2|Ferrothorn, M
|poke|p2|Raikou
|poke|p2|Quagsire, M
|poke|p2|Latias, F
|poke|p2|Aurorus, F
|poke|p2|Beedrill, F
|rule|Swagger Clause: Swagger is banned
|rule|Baton Pass Clause: Limit one PokÃ©mon knowing Baton Pass
|rule|Sleep Clause Mod: Limit one foe put to sleep
|rule|Species Clause: Limit one of each PokÃ©mon
|rule|OHKO Clause: OHKO moves are banned
|rule|Moody Clause: Moody is banned
|rule|Evasion Moves Clause: Evasion moves are banned
|rule|Endless Battle Clause: Forcing endless battles is banned
|rule|HP Percentage Mod: HP is shown in percentages
|teampreview
|join|Tricking
|
|start
|switch|p1a: Diancie|Diancie|241\/241
|switch|p2a: Hive Queen|Beedrill, F|271\/271
|turn|1
|
|detailschange|p2a: Hive Queen|Beedrill-Mega, F
|-mega|p2a: Hive Queen|Beedrill|Beedrillite
|detailschange|p1a: Diancie|Diancie-Mega
|-mega|p1a: Diancie|Diancie|Diancite
|move|p1a: Diancie|Protect|p1a: Diancie
|-singleturn|p1a: Diancie|Protect
|move|p2a: Hive Queen|U-turn|p1a: Diancie
|-activate|p1a: Diancie|Protect
|
|turn|2
|join|Atli
|join|Ayano T.
|
|switch|p1a: Landorus-Therian|Landorus-Therian, M|319\/319
|-ability|p1a: Landorus-Therian|Intimidate|[of] p2a: Hive Queen
|-unboost|p2a: Hive Queen|atk|1
|move|p2a: Hive Queen|U-turn|p1a: Landorus-Therian
|-resisted|p1a: Landorus-Therian
|-damage|p1a: Landorus-Therian|238\/319
|c| Ayano T.|l'aurorus
|
|switch|p2a: Jungle Prince|Raikou|320\/320
|-ability|p2a: Jungle Prince|Pressure
|
|turn|3
|
|switch|p2a: Royal Barbz|Ferrothorn, M|337\/337
|move|p1a: Landorus-Therian|U-turn|p2a: Royal Barbz
|-damage|p2a: Royal Barbz|269\/337
|-damage|p1a: Landorus-Therian|199\/319|[from] ability: Iron Barbs|[of] p2a: Royal Barbz
|
|switch|p1a: Talonflame|Talonflame, M|319\/319
|
|-heal|p2a: Royal Barbz|290\/337|[from] item: Leftovers
|turn|4
|join|Non mi funziona
|join|I Need A TwiiXx
|
|switch|p2a: Swamp King|Quagsire, M|393\/393
|move|p1a: Talonflame|Will-O-Wisp|p2a: Swamp King
|-status|p2a: Swamp King|brn
|
|-damage|p2a: Swamp King|344\/393 brn|[from] brn
|turn|5
|c| Non mi funziona|Ma prima non riuscivo a vederla sta battle .-. boh
|c|âKUNG FU TANGA|idk
|c| lord ledian|'-'
|
|switch|p1a: Keldeo|Keldeo|323\/323
|move|p2a: Swamp King|Toxic|p1a: Keldeo
|-status|p1a: Keldeo|tox
|
|-heal|p2a: Swamp King|368\/393 brn|[from] item: Leftovers
|-damage|p1a: Keldeo|303\/323 tox|[from] psn
|-damage|p2a: Swamp King|319\/393 brn|[from] brn
|turn|6
|
|switch|p1a: Diancie|Diancie-Mega|241\/241
|switch|p2a: Sky Goddess|Latias, F|301\/301
|
|turn|7
|
|switch|p2a: Royal Barbz|Ferrothorn, M|290\/337
|move|p1a: Diancie|Stealth Rock|p2a: Royal Barbz
|-sidestart|p2: KUNG FU TANGA|move: Stealth Rock
|
|-heal|p2a: Royal Barbz|311\/337|[from] item: Leftovers
|turn|8
|
|move|p1a: Diancie|Protect|p1a: Diancie
|-singleturn|p1a: Diancie|Protect
|move|p2a: Royal Barbz|Stealth Rock|p1a: Diancie
|move|p1a: Diancie|Stealth Rock|p2a: Royal Barbz|[from]Magic Bounce
|-fail|p2a: Royal Barbz
|
|-heal|p2a: Royal Barbz|332\/337|[from] item: Leftovers
|turn|9
|
|switch|p1a: Keldeo|Keldeo|303\/323 tox
|move|p2a: Royal Barbz|Stealth Rock|p1a: Keldeo
|-sidestart|p1: Hachimaki98|move: Stealth Rock
|
|-heal|p1a: Keldeo|323\/323 tox|[from] item: Leftovers
|-heal|p2a: Royal Barbz|337\/337|[from] item: Leftovers
|-damage|p1a: Keldeo|303\/323 tox|[from] psn
|turn|10
|
|switch|p2a: Sky Goddess|Latias, F|301\/301
|-damage|p2a: Sky Goddess|264\/301|[from] Stealth Rock
|move|p1a: Keldeo|Scald|p2a: Sky Goddess
|-crit|p2a: Sky Goddess
|-resisted|p2a: Sky Goddess
|-damage|p2a: Sky Goddess|182\/301
|
|-heal|p1a: Keldeo|323\/323 tox|[from] item: Leftovers
|-damage|p1a: Keldeo|283\/323 tox|[from] psn
|turn|11
|
|switch|p1a: Crawdaunt|Crawdaunt, F|267\/267
|-damage|p1a: Crawdaunt|234\/267|[from] Stealth Rock
|move|p2a: Sky Goddess|Psyshock|p1a: Crawdaunt
|-immune|p1a: Crawdaunt|[msg]
|
|turn|12
|
|switch|p1a: Diancie|Diancie-Mega|241\/241
|-damage|p1a: Diancie|211\/241|[from] Stealth Rock
|move|p2a: Sky Goddess|Draco Meteor|p1a: Diancie
|-immune|p1a: Diancie|[msg]
|
|turn|13
|
|switch|p2a: Royal Barbz|Ferrothorn, M|337\/337
|-damage|p2a: Royal Barbz|316\/337|[from] Stealth Rock
|move|p1a: Diancie|Earth Power|p2a: Royal Barbz
|-damage|p2a: Royal Barbz|224\/337
|
|-heal|p2a: Royal Barbz|245\/337|[from] item: Leftovers
|turn|14
|c| Ayano T.|out a snow
|
|move|p1a: Diancie|Earth Power|p2a: Royal Barbz
|-damage|p2a: Royal Barbz|159\/337
|move|p2a: Royal Barbz|Leech Seed|p1a: Diancie
|move|p1a: Diancie|Leech Seed|p2a: Royal Barbz|[from]Magic Bounce
|-immune|p2a: Royal Barbz|[msg]
|
|-heal|p2a: Royal Barbz|180\/337|[from] item: Leftovers
|turn|15
|c| lord ledian|!
|
|move|p1a: Diancie|Earth Power|p2a: Royal Barbz
|-damage|p2a: Royal Barbz|89\/337
|move|p2a: Royal Barbz|Gyro Ball|p1a: Diancie
|-supereffective|p1a: Diancie
|-damage|p1a: Diancie|0 fnt
|faint|p1a: Diancie
|
|-heal|p2a: Royal Barbz|110\/337|[from] item: Leftovers
|c| Atli|vortexpalla
|c| Atli|rip
|c| Tricking|azz
|
|switch|p1a: Latios|Latios, M|301\/301
|-damage|p1a: Latios|264\/301|[from] Stealth Rock
|turn|16
|
|move|p1a: Latios|Defog|p2a: Royal Barbz
|-unboost|p2a: Royal Barbz|evasion|1
|-sideend|p2: KUNG FU TANGA|Stealth Rock|[from] move: Defog|[of] p2a: Royal Barbz
|-sideend|p1: Hachimaki98|Stealth Rock|[from] move: Defog|[of] p1a: Latios
|move|p2a: Royal Barbz|Leech Seed|p1a: Latios
|-start|p1a: Latios|move: Leech Seed
|
|-heal|p2a: Royal Barbz|131\/337|[from] item: Leftovers
|-damage|p1a: Latios|227\/301|[from] Leech Seed|[of] p2a: Royal Barbz
|-heal|p2a: Royal Barbz|168\/337|[silent]
|turn|17
|
|switch|p1a: Talonflame|Talonflame, M|319\/319
|switch|p2a: Jungle Prince|Raikou|320\/320
|-ability|p2a: Jungle Prince|Pressure
|
|turn|18
|
|move|p1a: Talonflame|Flare Blitz|p2a: Jungle Prince
|-damage|p2a: Jungle Prince|124\/320
|-damage|p1a: Talonflame|254\/319|[from] recoil|[of] p2a: Jungle Prince
|move|p2a: Jungle Prince|Hidden Power|p1a: Talonflame
|-damage|p1a: Talonflame|163\/319
|
|turn|19
|c|âKUNG FU TANGA|Wow
|c|âKUNG FU TANGA|'-'
|
|switch|p1a: Crawdaunt|Crawdaunt, F|234\/267
|switch|p2a: Swamp King|Quagsire, M|319\/393 brn
|
|-heal|p2a: Swamp King|343\/393 brn|[from] item: Leftovers
|-damage|p2a: Swamp King|294\/393 brn|[from] brn
|turn|20
|c| Non mi funziona|Jolly!
|
|move|p1a: Crawdaunt|Swords Dance|p1a: Crawdaunt
|-boost|p1a: Crawdaunt|atk|2
|move|p2a: Swamp King|Toxic|p1a: Crawdaunt
|-status|p1a: Crawdaunt|tox
|-enditem|p1a: Crawdaunt|Lum Berry|[eat]
|-curestatus|p1a: Crawdaunt|tox
|
|-heal|p2a: Swamp King|318\/393 brn|[from] item: Leftovers
|-damage|p2a: Swamp King|269\/393 brn|[from] brn
|turn|21
|
|move|p1a: Crawdaunt|Knock Off|p2a: Swamp King
|-damage|p2a: Swamp King|91\/393 brn
|-enditem|p2a: Swamp King|Leftovers|[from] move: Knock Off|[of] p1a: Crawdaunt
|move|p2a: Swamp King|Toxic|p1a: Crawdaunt|[miss]
|-miss|p2a: Swamp King|p1a: Crawdaunt
|
|-damage|p2a: Swamp King|42\/393 brn|[from] brn
|turn|22
|c|âKUNG FU TANGA|AZZZ
|c|âKUNG FU TANGA|nooo
|c| Non mi funziona|Ohhhh
|join|Snow 6 scarZa
|c| Atli|lol
|c| Non mi funziona|Hachi finiscila!
|c|âKUNG FU TANGA|Ã¨ tipo
|c|âKUNG FU TANGA|gg ora
|c|âKUNG FU TANGA|xD
|c| Atli|l2p
|c| Non mi funziona|Hai Latias
|c|âKUNG FU TANGA|Che non so se tanka
|c|âKUNG FU TANGA|'-'
|c|âKUNG FU TANGA|Ma
|c| Atli|tanto evita il draco meteor
|c| Non mi funziona|Io penso di si
|c|âKUNG FU TANGA|si tankerÃ 
|c|âKUNG FU TANGA|'-'
|c| Tricking|61% sisi
|c|âKUNG FU TANGA|pensavo avesse di meno
|c|âKUNG FU TANGA|a dire il vero
|c|âKUNG FU TANGA|'-'
|c| Non mi funziona|Resiste a +6 azumarill
|c| Ayano T.|^
|
|move|p1a: Crawdaunt|Swords Dance|p1a: Crawdaunt
|-boost|p1a: Crawdaunt|atk|2
|move|p2a: Swamp King|Toxic|p1a: Crawdaunt
|-status|p1a: Crawdaunt|tox
|
|-damage|p1a: Crawdaunt|218\/267 tox|[from] psn
|-damage|p2a: Swamp King|0 fnt|[from] brn
|faint|p2a: Swamp King
|
|switch|p2a: Sky Goddess|Latias, F|182\/301
|turn|23
|
|switch|p2a: Royal Barbz|Ferrothorn, M|168\/337
|move|p1a: Crawdaunt|Aqua Jet|p2a: Royal Barbz
|-resisted|p2a: Royal Barbz
|-damage|p2a: Royal Barbz|78\/337
|-damage|p1a: Crawdaunt|185\/267 tox|[from] ability: Iron Barbs|[of] p2a: Royal Barbz
|
|-heal|p2a: Royal Barbz|99\/337|[from] item: Leftovers
|-damage|p1a: Crawdaunt|153\/267 tox|[from] psn
|turn|24
|
|move|p1a: Crawdaunt|Knock Off|p2a: Royal Barbz
|-damage|p2a: Royal Barbz|0 fnt
|-damage|p1a: Crawdaunt|120\/267 tox|[from] ability: Iron Barbs|[of] p2a: Royal Barbz
|-enditem|p2a: Royal Barbz|Leftovers|[from] move: Knock Off|[of] p1a: Crawdaunt
|faint|p2a: Royal Barbz
|
|-damage|p1a: Crawdaunt|72\/267 tox|[from] psn
|c| Snow 6 scarZa|<---
|
|switch|p2a: Hive Queen|Beedrill-Mega, F|271\/271
|turn|25
|
|move|p2a: Hive Queen|Protect|p2a: Hive Queen
|-singleturn|p2a: Hive Queen|Protect
|move|p1a: Crawdaunt|Aqua Jet|p2a: Hive Queen
|-activate|p2a: Hive Queen|Protect
|
|-damage|p1a: Crawdaunt|8\/267 tox|[from] psn
|turn|26
|
|move|p2a: Hive Queen|Protect|p2a: Hive Queen
|-fail|p2a: Hive Queen
|move|p1a: Crawdaunt|Aqua Jet|p2a: Hive Queen
|-damage|p2a: Hive Queen|0 fnt
|faint|p2a: Hive Queen
|
|-damage|p1a: Crawdaunt|0 fnt|[from] psn
|faint|p1a: Crawdaunt
|c| Atli|bella mossa
|
|switch|p1a: Landorus-Therian|Landorus-Therian, M|199\/319
|switch|p2a: Arctic Queen|Aurorus, F|387\/387
|-ability|p1a: Landorus-Therian|Intimidate|[of] p2a: Arctic Queen
|-unboost|p2a: Arctic Queen|atk|1
|turn|27
|
|move|p1a: Landorus-Therian|U-turn|p2a: Arctic Queen
|-damage|p2a: Arctic Queen|261\/387
|c| Atli|quick attack
|
|switch|p1a: Keldeo|Keldeo|283\/323 tox
|move|p2a: Arctic Queen|Rock Polish|p2a: Arctic Queen
|-boost|p2a: Arctic Queen|spe|2
|
|-heal|p1a: Keldeo|303\/323 tox|[from] item: Leftovers
|-damage|p1a: Keldeo|283\/323 tox|[from] psn
|turn|28
|c| Ayano T.|rip hachi tho
|
|move|p2a: Arctic Queen|Freeze-Dry|p1a: Keldeo
|-supereffective|p1a: Keldeo
|-damage|p1a: Keldeo|0 fnt
|-damage|p2a: Arctic Queen|223\/387|[from] item: Life Orb
|faint|p1a: Keldeo
|
|c| Atli|freeze dry!
|c| Atli|rip
|c| Tricking|lol
|c| Non mi funziona|Liofizzazione
|c| Non mi funziona|D:
|
|switch|p1a: Talonflame|Talonflame, M|163\/319
|turn|29
|c| Atli|liofilizzazione
|c| Atli|in teoria
|
|move|p1a: Talonflame|Roost|p1a: Talonflame
|-heal|p1a: Talonflame|319\/319
|move|p2a: Arctic Queen|Hyper Voice|p1a: Talonflame
|-resisted|p1a: Talonflame
|-damage|p1a: Talonflame|146\/319
|-damage|p2a: Arctic Queen|185\/387|[from] item: Life Orb
|
|turn|30
|join|Barge7799
|c| Non mi funziona|Ho dimenticato il li
|
|move|p1a: Talonflame|Roost|p1a: Talonflame
|-heal|p1a: Talonflame|306\/319
|move|p2a: Arctic Queen|Earth Power|p1a: Talonflame
|-supereffective|p1a: Talonflame
|-damage|p1a: Talonflame|0 fnt
|-damage|p2a: Arctic Queen|147\/387|[from] item: Life Orb
|faint|p1a: Talonflame
|
|c| Atli|lol
|c| Non mi funziona|LOL
|c| lord ledian|!
|c| Ayano T.|REST
|c| Tricking|lel
|c| Ayano T.|IN
|c| Ayano T.|FUCKING
|c| Ayano T.|PEACE
|c| Barge7799|boom
|c|âHachimaki98|Boh
|c|âHachimaki98|Non conosco neanche i set di quel coso
|c| Non mi funziona|Hachi, ti ha haxato
|c|âHachimaki98|v,v
|c| lord ledian|era un mindgay
|c| Ayano T.|ha hyper voice
|c| Ayano T.|come ultima mossa
|c| Non mi funziona|Ti passo il mono bug
|c| Atli|magari se snow la smettesse di usare roba autostica
|
|switch|p1a: Latios|Latios, M|227\/301
|turn|31
|c| Atli|autistica
|c| Non mi funziona|auto
|
|move|p2a: Arctic Queen|Hyper Voice|p1a: Latios
|-supereffective|p1a: Latios
|-damage|p1a: Latios|0 fnt
|-damage|p2a: Arctic Queen|109\/387|[from] item: Life Orb
|faint|p1a: Latios
|
|c| I Need A TwiiXx|aurorus op
|c| Atli|usa i tuoi garboteam nei tour ufficiali suvvia
|
|switch|p1a: Landorus-Therian|Landorus-Therian, M|199\/319
|-ability|p1a: Landorus-Therian|Intimidate|[of] p2a: Arctic Queen
|-unboost|p2a: Arctic Queen|atk|1
|turn|32
|c| Tricking|ma non outspeeda
|
|move|p2a: Arctic Queen|Hyper Voice|p1a: Landorus-Therian
|-supereffective|p1a: Landorus-Therian
|-damage|p1a: Landorus-Therian|0 fnt
|-damage|p2a: Arctic Queen|71\/387|[from] item: Life Orb
|faint|p1a: Landorus-Therian
|
|win|KUNG FU TANGA
|c| Tricking|lo stesso lando scarf
|c| Tricking|rip
|c| Ayano T.|atli gioca con amber :v
|leave|Ayano T.
|c| Non mi funziona|Appunto
|c|âKUNG FU TANGA|Aurorus <3
|c| Non mi funziona|Lol
|c| lord ledian|dopo la terza
|c| Atli|a i d s
|leave|Non mi funziona
|leave|lord ledian
|leave|Atli
|leave|Hachimaki98
|leave|Tricking
|player|p1
|leave|Snow 6 scarZa
|join|lord ledian
|leave|lord ledian