|join|KUNG FU TANGA
|join|Kama Sutra
|player|p1|KUNG FU TANGA|124
|player|p2|Kama Sutra|79
|gametype|singles
|gen|6
|tier|OU
|rated
|clearpoke
|poke|p1|Rotom-Wash
|poke|p1|Pangoro, M
|poke|p1|Lopunny, F
|poke|p1|Jirachi
|poke|p1|Landorus, M
|poke|p1|Hawlucha, M
|poke|p2|Volcarona, F
|poke|p2|Sableye, F
|poke|p2|Clefable, F
|poke|p2|Tangrowth, M
|poke|p2|Rhyperior, M
|poke|p2|Latias, F
|rule|Swagger Clause: Swagger is banned
|rule|Baton Pass Clause: Limit one PokÃ©mon knowing Baton Pass
|rule|Sleep Clause Mod: Limit one foe put to sleep
|rule|Species Clause: Limit one of each PokÃ©mon
|rule|OHKO Clause: OHKO moves are banned
|rule|Moody Clause: Moody is banned
|rule|Evasion Moves Clause: Evasion moves are banned
|rule|Endless Battle Clause: Forcing endless battles is banned
|rule|HP Percentage Mod: HP is shown in percentages
|teampreview
|join|lord ledian
|
|start
|switch|p1a: SAND MAN|Landorus, M|319\/319
|switch|p2a: Sableye|Sableye, F|303\/303
|turn|1
|
|switch|p2a: Tangrowth|Tangrowth, M|404\/404
|move|p1a: SAND MAN|Earth Power|p2a: Tangrowth
|-resisted|p2a: Tangrowth
|-damage|p2a: Tangrowth|313\/404
|
|turn|2
|
|move|p1a: SAND MAN|U-turn|p2a: Tangrowth
|-supereffective|p2a: Tangrowth
|-damage|p2a: Tangrowth|188\/404
|-damage|p1a: SAND MAN|288\/319|[from] item: Life Orb
|
|switch|p1a: SILVERSURFER|Jirachi|401\/401
|move|p2a: Tangrowth|Knock Off|p1a: SILVERSURFER
|-supereffective|p1a: SILVERSURFER
|-damage|p1a: SILVERSURFER|253\/401
|-enditem|p1a: SILVERSURFER|Leftovers|[from] move: Knock Off|[of] p2a: Tangrowth
|
|turn|3
|
|move|p1a: SILVERSURFER|U-turn|p2a: Tangrowth
|-supereffective|p2a: Tangrowth
|-damage|p2a: Tangrowth|98\/404
|
|switch|p1a: WONDERWOMAN|Lopunny, F|271\/271
|move|p2a: Tangrowth|Earthquake|p1a: WONDERWOMAN
|-damage|p1a: WONDERWOMAN|180\/271
|
|turn|4
|
|switch|p2a: Rhyperior|Rhyperior, M|424\/424
|detailschange|p1a: WONDERWOMAN|Lopunny-Mega, F
|-mega|p1a: WONDERWOMAN|Lopunny|Lopunnite
|move|p1a: WONDERWOMAN|Return|p2a: Rhyperior
|-resisted|p2a: Rhyperior
|-damage|p2a: Rhyperior|358\/424
|
|-heal|p2a: Rhyperior|384\/424|[from] item: Leftovers
|turn|5
|join|I Need A TwiiXx
|
|switch|p1a: SAND MAN|Landorus, M|288\/319
|move|p2a: Rhyperior|Stone Edge|p1a: SAND MAN
|-damage|p1a: SAND MAN|86\/319
|
|-heal|p2a: Rhyperior|410\/424|[from] item: Leftovers
|turn|6
|
|switch|p2a: Latias|Latias, F|321\/321
|move|p1a: SAND MAN|Stealth Rock|p2a: Latias
|-sidestart|p2: Kama Sutra|move: Stealth Rock
|
|turn|7
|
|switch|p1a: SILVERSURFER|Jirachi|253\/401
|move|p2a: Latias|Defog|p1a: SILVERSURFER
|-unboost|p1a: SILVERSURFER|evasion|1
|-sideend|p2: Kama Sutra|Stealth Rock|[from] move: Defog|[of] p2a: Latias
|
|turn|8
|
|switch|p2a: Rhyperior|Rhyperior, M|410\/424
|move|p1a: SILVERSURFER|U-turn|p2a: Rhyperior
|-damage|p2a: Rhyperior|372\/424
|
|switch|p1a: AQUAMAN|Rotom-Wash|303\/303
|
|-heal|p2a: Rhyperior|398\/424|[from] item: Leftovers
|turn|9
|
|switch|p2a: Tangrowth|Tangrowth, M|232\/404
|move|p1a: AQUAMAN|Volt Switch|p2a: Tangrowth
|-resisted|p2a: Tangrowth
|-damage|p2a: Tangrowth|199\/404
|
|switch|p1a: PO|Pangoro, M|331\/331
|
|turn|10
|
|switch|p2a: Rhyperior|Rhyperior, M|398\/424
|move|p1a: PO|Gunk Shot|p2a: Rhyperior
|-resisted|p2a: Rhyperior
|-damage|p2a: Rhyperior|358\/424
|
|-heal|p2a: Rhyperior|384\/424|[from] item: Leftovers
|turn|11
|
|switch|p1a: AQUAMAN|Rotom-Wash|303\/303
|switch|p2a: Sableye|Sableye, F|303\/303
|
|turn|12
|
|switch|p2a: Tangrowth|Tangrowth, M|333\/404
|move|p1a: AQUAMAN|Hydro Pump|p2a: Tangrowth
|-resisted|p2a: Tangrowth
|-damage|p2a: Tangrowth|287\/404
|
|turn|13
|
|move|p1a: AQUAMAN|Volt Switch|p2a: Tangrowth
|-resisted|p2a: Tangrowth
|-damage|p2a: Tangrowth|256\/404
|
|switch|p1a: SILVERSURFER|Jirachi|253\/401
|move|p2a: Tangrowth|Knock Off|p1a: SILVERSURFER
|-supereffective|p1a: SILVERSURFER
|-damage|p1a: SILVERSURFER|157\/401
|
|turn|14
|
|switch|p2a: Rhyperior|Rhyperior, M|384\/424
|move|p1a: SILVERSURFER|U-turn|p2a: Rhyperior
|-damage|p2a: Rhyperior|350\/424
|
|switch|p1a: AQUAMAN|Rotom-Wash|303\/303
|
|-heal|p2a: Rhyperior|376\/424|[from] item: Leftovers
|turn|15
|
|switch|p2a: Tangrowth|Tangrowth, M|390\/404
|move|p1a: AQUAMAN|Will-O-Wisp|p2a: Tangrowth
|-status|p2a: Tangrowth|brn
|
|-damage|p2a: Tangrowth|340\/404 brn|[from] brn
|turn|16
|
|move|p1a: AQUAMAN|Volt Switch|p2a: Tangrowth
|-resisted|p2a: Tangrowth
|-damage|p2a: Tangrowth|307\/404 brn
|
|switch|p1a: SILVERSURFER|Jirachi|157\/401
|move|p2a: Tangrowth|Leaf Storm|p1a: SILVERSURFER
|-resisted|p1a: SILVERSURFER
|-damage|p1a: SILVERSURFER|97\/401
|-unboost|p2a: Tangrowth|spa|2
|
|-damage|p2a: Tangrowth|257\/404 brn|[from] brn
|turn|17
|
|switch|p2a: Volcarona|Volcarona, F|334\/334
|move|p1a: SILVERSURFER|Wish|p1a: SILVERSURFER
|
|turn|18
|
|switch|p1a: REY MISTERIO|Hawlucha, M|300\/300
|move|p2a: Volcarona|Fiery Dance|p1a: REY MISTERIO
|-damage|p1a: REY MISTERIO|56\/300
|-boost|p2a: Volcarona|spa|1
|-enditem|p1a: REY MISTERIO|Sitrus Berry|[eat]
|-heal|p1a: REY MISTERIO|131\/300|[from] item: Sitrus Berry
|
|-heal|p1a: REY MISTERIO|300\/300|[from] move: Wish|[wisher] SILVERSURFER
|turn|19
|
|switch|p2a: Clefable|Clefable, F|394\/394
|move|p1a: REY MISTERIO|Swords Dance|p1a: REY MISTERIO
|-boost|p1a: REY MISTERIO|atk|2
|
|turn|20
|
|move|p1a: REY MISTERIO|Acrobatics|p2a: Clefable
|-damage|p2a: Clefable|103\/394
|move|p2a: Clefable|Moonblast|p1a: REY MISTERIO
|-supereffective|p1a: REY MISTERIO
|-damage|p1a: REY MISTERIO|10\/300
|
|-heal|p2a: Clefable|127\/394|[from] item: Leftovers
|turn|21
|
|move|p1a: REY MISTERIO|Acrobatics|p2a: Clefable
|-damage|p2a: Clefable|0 fnt
|faint|p2a: Clefable
|
|
|switch|p2a: Rhyperior|Rhyperior, M|376\/424
|turn|22
|
|move|p1a: REY MISTERIO|High Jump Kick|p2a: Rhyperior
|-supereffective|p2a: Rhyperior
|-damage|p2a: Rhyperior|0 fnt
|faint|p2a: Rhyperior
|
|c|âKama Sutra|wow
|
|switch|p2a: Sableye|Sableye, F|303\/303
|turn|23
|
|detailschange|p2a: Sableye|Sableye-Mega, F
|-mega|p2a: Sableye|Sableye|Sablenite
|move|p2a: Sableye|Will-O-Wisp|p1a: REY MISTERIO
|-status|p1a: REY MISTERIO|brn
|move|p1a: REY MISTERIO|Acrobatics|p2a: Sableye
|-crit|p2a: Sableye
|-damage|p2a: Sableye|138\/303
|
|-damage|p1a: REY MISTERIO|0 fnt|[from] brn
|faint|p1a: REY MISTERIO
|c|âKama Sutra|double wow
|
|switch|p1a: SAND MAN|Landorus, M|86\/319
|turn|24
|c|âKama Sutra|what a misplay
|c|âKama Sutra|on my end
|
|switch|p2a: Tangrowth|Tangrowth, M|391\/404 brn
|move|p1a: SAND MAN|Earth Power|p2a: Tangrowth
|-resisted|p2a: Tangrowth
|-damage|p2a: Tangrowth|297\/404 brn
|
|-damage|p2a: Tangrowth|247\/404 brn|[from] brn
|turn|25
|
|move|p1a: SAND MAN|Stealth Rock|p2a: Tangrowth
|-sidestart|p2: Kama Sutra|move: Stealth Rock
|move|p2a: Tangrowth|Leaf Storm|p1a: SAND MAN
|-damage|p1a: SAND MAN|0 fnt
|-unboost|p2a: Tangrowth|spa|2
|faint|p1a: SAND MAN
|
|-damage|p2a: Tangrowth|197\/404 brn|[from] brn
|
|switch|p1a: WONDERWOMAN|Lopunny-Mega, F|180\/271
|turn|26
|
|switch|p2a: Sableye|Sableye-Mega, F|138\/303
|-damage|p2a: Sableye|101\/303|[from] Stealth Rock
|move|p1a: WONDERWOMAN|Fake Out|p2a: Sableye
|-damage|p2a: Sableye|47\/303
|
|turn|27
|
|move|p1a: WONDERWOMAN|Return|p2a: Sableye
|-damage|p2a: Sableye|0 fnt
|faint|p2a: Sableye
|
|
|switch|p2a: Latias|Latias, F|321\/321
|-damage|p2a: Latias|281\/321|[from] Stealth Rock
|turn|28
|
|switch|p1a: SILVERSURFER|Jirachi|97\/401
|move|p2a: Latias|Defog|p1a: SILVERSURFER
|-unboost|p1a: SILVERSURFER|evasion|1
|-sideend|p2: Kama Sutra|Stealth Rock|[from] move: Defog|[of] p2a: Latias
|
|turn|29
|
|switch|p2a: Volcarona|Volcarona, F|334\/334
|move|p1a: SILVERSURFER|U-turn|p2a: Volcarona
|-resisted|p2a: Volcarona
|-damage|p2a: Volcarona|292\/334
|
|switch|p1a: WONDERWOMAN|Lopunny-Mega, F|180\/271
|
|turn|30
|
|switch|p2a: Latias|Latias, F|281\/321
|move|p1a: WONDERWOMAN|Fake Out|p2a: Latias
|-damage|p2a: Latias|199\/321
|
|turn|31
|
|switch|p1a: PO|Pangoro, M|331\/331
|switch|p2a: Tangrowth|Tangrowth, M|331\/404 brn
|
|-damage|p2a: Tangrowth|281\/404 brn|[from] brn
|turn|32
|
|move|p1a: PO|Knock Off|p2a: Tangrowth
|-damage|p2a: Tangrowth|50\/404 brn
|-enditem|p2a: Tangrowth|Assault Vest|[from] move: Knock Off|[of] p1a: PO
|move|p2a: Tangrowth|Leaf Storm|p1a: PO
|-damage|p1a: PO|100\/331
|-unboost|p2a: Tangrowth|spa|2
|
|-damage|p2a: Tangrowth|0 fnt|[from] brn
|faint|p2a: Tangrowth
|
|switch|p2a: Volcarona|Volcarona, F|292\/334
|turn|33
|
|move|p2a: Volcarona|Bug Buzz|p1a: PO
|-damage|p1a: PO|0 fnt
|faint|p1a: PO
|
|
|switch|p1a: WONDERWOMAN|Lopunny-Mega, F|180\/271
|turn|34
|
|move|p1a: WONDERWOMAN|Fake Out|p2a: Volcarona
|-damage|p2a: Volcarona|184\/334
|cant|p2a: Volcarona|flinch
|
|turn|35
|
|move|p1a: WONDERWOMAN|Return|p2a: Volcarona
|-damage|p2a: Volcarona|0 fnt
|-status|p1a: WONDERWOMAN|brn
|faint|p2a: Volcarona
|
|-damage|p1a: WONDERWOMAN|147\/271 brn|[from] brn
|c|âKama Sutra|wheres the flame body
|c|âKama Sutra|yesh
|
|switch|p2a: Latias|Latias, F|199\/321
|turn|36
|c| I Need A TwiiXx|uff
|c| I Need A TwiiXx|gg
|
|move|p1a: WONDERWOMAN|Ice Punch|p2a: Latias
|-supereffective|p2a: Latias
|-damage|p2a: Latias|89\/321
|move|p2a: Latias|Recover|p2a: Latias
|-heal|p2a: Latias|250\/321
|
|-damage|p1a: WONDERWOMAN|114\/271 brn|[from] brn
|turn|37
|c|âKama Sutra|not over yet
|
|switch|p1a: AQUAMAN|Rotom-Wash|303\/303
|move|p2a: Latias|Recover|p2a: Latias
|-heal|p2a: Latias|321\/321
|
|turn|38
|
|move|p2a: Latias|Psyshock|p1a: AQUAMAN
|-damage|p1a: AQUAMAN|200\/303
|-damage|p2a: Latias|289\/321|[from] item: Life Orb
|move|p1a: AQUAMAN|Will-O-Wisp|p2a: Latias
|-status|p2a: Latias|brn
|
|-heal|p1a: AQUAMAN|218\/303|[from] item: Leftovers
|-damage|p2a: Latias|249\/321 brn|[from] brn
|turn|39
|c|âKama Sutra|k its over now
|c|âKUNG FU TANGA|^_^
|
|move|p2a: Latias|Psyshock|p1a: AQUAMAN
|-damage|p1a: AQUAMAN|100\/303
|-damage|p2a: Latias|217\/321 brn|[from] item: Life Orb
|move|p1a: AQUAMAN|Volt Switch|p2a: Latias
|-resisted|p2a: Latias
|-damage|p2a: Latias|180\/321 brn
|c|âKama Sutra|gee gee
|c|âKUNG FU TANGA|gg
|c|âKUNG FU TANGA|Nice team
|
|switch|p1a: WONDERWOMAN|Lopunny-Mega, F|114\/271 brn
|
|-damage|p1a: WONDERWOMAN|81\/271 brn|[from] brn
|-damage|p2a: Latias|140\/321 brn|[from] brn
|turn|40
|c|âKama Sutra|thanks
|c|âKama Sutra|nice pangoro :]
|
|move|p1a: WONDERWOMAN|Fake Out|p2a: Latias
|-damage|p2a: Latias|95\/321 brn
|cant|p2a: Latias|flinch
|
|-damage|p1a: WONDERWOMAN|48\/271 brn|[from] brn
|-damage|p2a: Latias|55\/321 brn|[from] brn
|turn|41
|
|move|p1a: WONDERWOMAN|Ice Punch|p2a: Latias
|-supereffective|p2a: Latias
|-damage|p2a: Latias|0 fnt
|faint|p2a: Latias
|
|win|KUNG FU TANGA
|raw|Ladder updating...
|raw|KUNG FU TANGA's rating: 1481 &rarr; <strong>1507<\/strong><br \/>(+26 for winning)
|raw|Kama Sutra's rating: 1577 &rarr; <strong>1552<\/strong><br \/>(-25 for losing)
|leave|Kama Sutra
|leave|lord ledian
|player|p2
|join|lord ledian
|leave|lord ledian
|join|lord ledian
|leave|lord ledian
|leave|I Need A TwiiXx
|join|I Need A TwiiXx
|leave|I Need A TwiiXx
|join|I Need A TwiiXx
|join|lord ledian
|leave|lord ledian