|join|KUNG FU TANGA
|join|doughboimagic
|player|p1|KUNG FU TANGA|124
|player|p2|doughboimagic|65
|gametype|singles
|gen|6
|tier|OU
|rated
|clearpoke
|poke|p1|Rotom-Wash
|poke|p1|Pangoro, M
|poke|p1|Lopunny, F
|poke|p1|Jirachi
|poke|p1|Landorus, M
|poke|p1|Hawlucha, M
|poke|p2|Emboar, F
|poke|p2|Exploud, M
|poke|p2|Metagross
|poke|p2|Azumarill, M
|poke|p2|Latios, M
|poke|p2|Rhyperior, M
|rule|Swagger Clause: Swagger is banned
|rule|Baton Pass Clause: Limit one PokÃ©mon knowing Baton Pass
|rule|Sleep Clause Mod: Limit one foe put to sleep
|rule|Species Clause: Limit one of each PokÃ©mon
|rule|OHKO Clause: OHKO moves are banned
|rule|Moody Clause: Moody is banned
|rule|Evasion Moves Clause: Evasion moves are banned
|rule|Endless Battle Clause: Forcing endless battles is banned
|rule|HP Percentage Mod: HP is shown in percentages
|teampreview
|join|lord ledian
|
|start
|switch|p1a: SAND MAN|Landorus, M|319\/319
|switch|p2a: Rhyperior|Rhyperior, M|424\/424
|turn|1
|
|switch|p2a: Latios|Latios, M|301\/301
|move|p1a: SAND MAN|Stealth Rock|p2a: Latios
|-sidestart|p2: doughboimagic|move: Stealth Rock
|
|turn|2
|
|switch|p1a: SILVERSURFER|Jirachi|401\/401
|move|p2a: Latios|Hidden Power|p1a: SILVERSURFER
|-supereffective|p1a: SILVERSURFER
|-damage|p1a: SILVERSURFER|250\/401
|-damage|p2a: Latios|271\/301|[from] item: Life Orb
|
|-heal|p1a: SILVERSURFER|275\/401|[from] item: Leftovers
|turn|3
|
|switch|p2a: Rhyperior|Rhyperior, M|424\/424
|-damage|p2a: Rhyperior|398\/424|[from] Stealth Rock
|move|p1a: SILVERSURFER|U-turn|p2a: Rhyperior
|-damage|p2a: Rhyperior|364\/424
|
|switch|p1a: SAND MAN|Landorus, M|319\/319
|
|-heal|p2a: Rhyperior|390\/424|[from] item: Leftovers
|turn|4
|
|move|p1a: SAND MAN|U-turn|p2a: Rhyperior
|-damage|p2a: Rhyperior|338\/424
|-damage|p1a: SAND MAN|288\/319|[from] item: Life Orb
|
|switch|p1a: AQUAMAN|Rotom-Wash|303\/303
|move|p2a: Rhyperior|Avalanche|p1a: AQUAMAN
|-resisted|p1a: AQUAMAN
|-damage|p1a: AQUAMAN|277\/303
|
|-heal|p1a: AQUAMAN|295\/303|[from] item: Leftovers
|-heal|p2a: Rhyperior|364\/424|[from] item: Leftovers
|turn|5
|
|switch|p2a: Latios|Latios, M|271\/301
|-damage|p2a: Latios|234\/301|[from] Stealth Rock
|move|p1a: AQUAMAN|Volt Switch|p2a: Latios
|-resisted|p2a: Latios
|-damage|p2a: Latios|192\/301
|
|switch|p1a: SILVERSURFER|Jirachi|275\/401
|
|-heal|p1a: SILVERSURFER|300\/401|[from] item: Leftovers
|turn|6
|
|move|p2a: Latios|Defog|p1a: SILVERSURFER
|-unboost|p1a: SILVERSURFER|evasion|1
|-sideend|p2: doughboimagic|Stealth Rock|[from] move: Defog|[of] p2a: Latios
|move|p1a: SILVERSURFER|U-turn|p2a: Latios
|-supereffective|p2a: Latios
|-damage|p2a: Latios|54\/301
|
|switch|p1a: PO|Pangoro, M|331\/331
|
|turn|7
|
|move|p2a: Latios|Draco Meteor|p1a: PO
|-damage|p1a: PO|0 fnt
|-unboost|p2a: Latios|spa|2
|-damage|p2a: Latios|24\/301|[from] item: Life Orb
|faint|p1a: PO
|
|
|switch|p1a: SILVERSURFER|Jirachi|300\/401
|turn|8
|
|switch|p2a: Rhyperior|Rhyperior, M|364\/424
|move|p1a: SILVERSURFER|U-turn|p2a: Rhyperior
|-damage|p2a: Rhyperior|325\/424
|
|switch|p1a: SAND MAN|Landorus, M|288\/319
|
|-heal|p2a: Rhyperior|351\/424|[from] item: Leftovers
|turn|9
|
|switch|p2a: Latios|Latios, M|24\/301
|move|p1a: SAND MAN|Earth Power|p2a: Latios
|-immune|p2a: Latios|[msg]
|
|turn|10
|
|switch|p2a: Emboar|Emboar, F|362\/362
|switch|p1a: SILVERSURFER|Jirachi|300\/401
|
|-heal|p1a: SILVERSURFER|325\/401|[from] item: Leftovers
|turn|11
|
|switch|p1a: AQUAMAN|Rotom-Wash|295\/303
|move|p2a: Emboar|Flare Blitz|p1a: AQUAMAN
|-resisted|p1a: AQUAMAN
|-damage|p1a: AQUAMAN|211\/303
|-damage|p2a: Emboar|334\/362|[from] recoil|[of] p1a: AQUAMAN
|
|-heal|p1a: AQUAMAN|229\/303|[from] item: Leftovers
|turn|12
|
|switch|p2a: Latios|Latios, M|24\/301
|move|p1a: AQUAMAN|Volt Switch|p2a: Latios
|-resisted|p2a: Latios
|-damage|p2a: Latios|0 fnt
|faint|p2a: Latios
|
|switch|p1a: SILVERSURFER|Jirachi|325\/401
|
|-heal|p1a: SILVERSURFER|350\/401|[from] item: Leftovers
|
|switch|p2a: Emboar|Emboar, F|334\/362
|turn|13
|
|switch|p1a: AQUAMAN|Rotom-Wash|229\/303
|move|p2a: Emboar|Grass Knot|p1a: AQUAMAN
|-supereffective|p1a: AQUAMAN
|-damage|p1a: AQUAMAN|197\/303
|
|-heal|p1a: AQUAMAN|215\/303|[from] item: Leftovers
|turn|14
|
|switch|p2a: Exploud|Exploud, M|349\/349
|move|p1a: AQUAMAN|Volt Switch|p2a: Exploud
|-damage|p2a: Exploud|231\/349
|
|switch|p1a: WONDERWOMAN|Lopunny, F|271\/271
|
|turn|15
|
|detailschange|p1a: WONDERWOMAN|Lopunny-Mega, F
|-mega|p1a: WONDERWOMAN|Lopunny|Lopunnite
|move|p1a: WONDERWOMAN|High Jump Kick|p2a: Exploud
|-supereffective|p2a: Exploud
|-damage|p2a: Exploud|0 fnt
|faint|p2a: Exploud
|
|
|switch|p2a: Metagross|Metagross|301\/301
|turn|16
|
|switch|p1a: SILVERSURFER|Jirachi|350\/401
|detailschange|p2a: Metagross|Metagross-Mega
|-mega|p2a: Metagross|Metagross|Metagrossite
|move|p2a: Metagross|Zen Headbutt|p1a: SILVERSURFER
|-resisted|p1a: SILVERSURFER
|-damage|p1a: SILVERSURFER|298\/401
|
|-heal|p1a: SILVERSURFER|323\/401|[from] item: Leftovers
|turn|17
|
|move|p2a: Metagross|Hammer Arm|p1a: SILVERSURFER
|-damage|p1a: SILVERSURFER|147\/401
|-unboost|p2a: Metagross|spe|1
|move|p1a: SILVERSURFER|U-turn|p2a: Metagross
|-crit|p2a: Metagross
|-damage|p2a: Metagross|244\/301
|
|switch|p1a: SAND MAN|Landorus, M|288\/319
|
|turn|18
|
|switch|p2a: Emboar|Emboar, F|334\/362
|move|p1a: SAND MAN|Earth Power|p2a: Emboar
|-supereffective|p2a: Emboar
|-damage|p2a: Emboar|0 fnt
|faint|p2a: Emboar
|
|
|switch|p2a: Azumarill|Azumarill, M|364\/364
|turn|19
|
|move|p1a: SAND MAN|Earth Power|p2a: Azumarill
|-damage|p2a: Azumarill|68\/364
|-enditem|p2a: Azumarill|Sitrus Berry|[eat]
|-heal|p2a: Azumarill|159\/364|[from] item: Sitrus Berry
|move|p2a: Azumarill|Knock Off|p1a: SAND MAN
|-damage|p1a: SAND MAN|122\/319
|-enditem|p1a: SAND MAN|Life Orb|[from] move: Knock Off|[of] p2a: Azumarill
|
|turn|20
|
|move|p2a: Azumarill|Aqua Jet|p1a: SAND MAN
|-supereffective|p1a: SAND MAN
|-damage|p1a: SAND MAN|0 fnt
|faint|p1a: SAND MAN
|
|
|switch|p1a: AQUAMAN|Rotom-Wash|215\/303
|turn|21
|
|switch|p2a: Rhyperior|Rhyperior, M|351\/424
|move|p1a: AQUAMAN|Volt Switch|p2a: Rhyperior
|-immune|p2a: Rhyperior|[msg]
|
|-heal|p1a: AQUAMAN|233\/303|[from] item: Leftovers
|-heal|p2a: Rhyperior|377\/424|[from] item: Leftovers
|turn|22
|
|move|p1a: AQUAMAN|Hydro Pump|p2a: Rhyperior
|-supereffective|p2a: Rhyperior
|-damage|p2a: Rhyperior|0 fnt
|faint|p2a: Rhyperior
|
|-heal|p1a: AQUAMAN|251\/303|[from] item: Leftovers
|
|switch|p2a: Metagross|Metagross-Mega|244\/301
|turn|23
|
|move|p2a: Metagross|Zen Headbutt|p1a: AQUAMAN
|-damage|p1a: AQUAMAN|104\/303
|move|p1a: AQUAMAN|Will-O-Wisp|p2a: Metagross
|-status|p2a: Metagross|brn
|
|-heal|p1a: AQUAMAN|122\/303|[from] item: Leftovers
|-damage|p2a: Metagross|207\/301 brn|[from] brn
|turn|24
|c|âdoughboimagic|gg
|c|âKUNG FU TANGA|gg
|-message|doughboimagic forfeited.
|leave|doughboimagic
|
|win|KUNG FU TANGA
|raw|Ladder updating...
|player|p2
|raw|KUNG FU TANGA's rating: 1433 &rarr; <strong>1457<\/strong><br \/>(+24 for winning)
|raw|doughboimagic's rating: 1506 &rarr; <strong>1481<\/strong><br \/>(-25 for losing)
|leave|lord ledian
|join|lord ledian
|leave|lord ledian
|join|lord ledian
|leave|lord ledian