|join|thesecondbest
|join|undercoverlover
|player|p1|thesecondbest|101
|player|p2|undercoverlover|1
|gametype|singles
|gen|6
|tier|ORAS OU
|rated
|rule|Sleep Clause Mod: Limit one foe put to sleep
|rule|Species Clause: Limit one of each PokÃ©mon
|rule|OHKO Clause: OHKO moves are banned
|rule|Moody Clause: Moody is banned
|rule|Evasion Moves Clause: Evasion moves are banned
|rule|Endless Battle Clause: Forcing endless battles is banned
|rule|HP Percentage Mod: HP is shown in percentages
|clearpoke
|poke|p1|Salamence, M
|poke|p1|Greninja, M
|poke|p1|Klefki, M
|poke|p1|Chansey, F
|poke|p1|Thundurus, M
|poke|p1|Garchomp, M
|poke|p2|Lopunny, M
|poke|p2|Azumarill, F
|poke|p2|Greninja, M
|poke|p2|Haxorus, M
|poke|p2|Klefki, M
|poke|p2|Landorus-Therian, M
|rule|Swagger Clause: Swagger is banned
|rule|Baton Pass Clause: Limit one PokÃ©mon knowing Baton Pass
|teampreview
|
|start
|switch|p1a: lol scarf|Greninja, M|285\/285
|switch|p2a: Lopunny|Lopunny, M|272\/272
|turn|1
|
|switch|p1a: new meta|Klefki, M|317\/317
|detailschange|p2a: Lopunny|Lopunny-Mega, M
|message|Lopunny has Mega Evolved into Mega Lopunny!
|move|p2a: Lopunny|Fake Out|p1a: new meta
|-resisted|p1a: new meta
|-damage|p1a: new meta|275\/317
|
|-heal|p1a: new meta|294\/317|[from] item: Leftovers
|turn|2
|
|switch|p2a: Landorus-Therian|Landorus-Therian, M|382\/382
|-ability|p2a: Landorus-Therian|Intimidate|[of] p1a: new meta
|-unboost|p1a: new meta|atk|1
|move|p1a: new meta|Spikes|p2a: Landorus-Therian
|-sidestart|p2: undercoverlover|Spikes
|
|-heal|p1a: new meta|313\/317|[from] item: Leftovers
|turn|3
|
|switch|p1a: team healer|Chansey, F|704\/704
|move|p2a: Landorus-Therian|Stealth Rock|p1a: team healer
|-sidestart|p1: thesecondbest|move: Stealth Rock
|
|turn|4
|
|move|p2a: Landorus-Therian|U-turn|p1a: team healer
|-damage|p1a: team healer|598\/704
|
|switch|p2a: Lopunny|Lopunny-Mega, M|272\/272
|-damage|p2a: Lopunny|238\/272|[from] Spikes
|move|p1a: team healer|Seismic Toss|p2a: Lopunny
|-damage|p2a: Lopunny|138\/272
|
|turn|5
|
|switch|p1a: new meta|Klefki, M|313\/317
|-damage|p1a: new meta|294\/317|[from] Stealth Rock
|move|p2a: Lopunny|Substitute|p2a: Lopunny
|-start|p2a: Lopunny|Substitute
|-damage|p2a: Lopunny|70\/272
|
|-heal|p1a: new meta|313\/317|[from] item: Leftovers
|turn|6
|
|move|p2a: Lopunny|High Jump Kick|p1a: new meta
|-damage|p1a: new meta|49\/317
|move|p1a: new meta|Foul Play|p2a: Lopunny
|-resisted|p2a: Lopunny
|-activate|p2a: Lopunny|Substitute|[damage]
|
|-heal|p1a: new meta|68\/317|[from] item: Leftovers
|turn|7
|c|âthesecondbest|if this kills im gonna cry
|c|âthesecondbest|ok
|c|âthesecondbest|gg
|c|âthesecondbest|:(
|c|âundercoverlover|:(
|c|âthesecondbest|stupid sub
|c|âundercoverlover|not neccessarily
|c|âundercoverlover|i could miss
|c|âundercoverlover|lol
|
|move|p1a: new meta|Spikes|p2a: Lopunny
|-sidestart|p2: undercoverlover|Spikes
|move|p2a: Lopunny|High Jump Kick|p1a: new meta
|-damage|p1a: new meta|0 fnt
|faint|p1a: new meta
|
|
|switch|p1a: team healer|Chansey, F|598\/704
|-damage|p1a: team healer|510\/704|[from] Stealth Rock
|turn|8
|c|âthesecondbest|i could outplay you
|
|move|p2a: Lopunny|High Jump Kick|p1a: team healer
|-supereffective|p1a: team healer
|-damage|p1a: team healer|0 fnt
|faint|p1a: team healer
|
|c|âundercoverlover|also true
|c|âthesecondbest|i had protect :(
|
|switch|p1a: team player|Garchomp, M|357\/357
|-damage|p1a: team player|335\/357|[from] Stealth Rock
|turn|9
|c|âundercoverlover|:(
|c|âthesecondbest|ice punch can miss right :?
|
|move|p2a: Lopunny|Return|p1a: team player
|-damage|p1a: team player|137\/357
|-damage|p2a: Lopunny|36\/272|[from] ability: Rough Skin|[of] p1a: team player
|move|p1a: team player|Stealth Rock|p2a: Lopunny
|-sidestart|p2: undercoverlover|move: Stealth Rock
|
|turn|10
|c|âthesecondbest|:O
|c|âthesecondbest|no ice punch
|c|âthesecondbest|im so dumb
|
|move|p2a: Lopunny|Return|p1a: team player
|-damage|p1a: team player|0 fnt
|-damage|p2a: Lopunny|2\/272|[from] ability: Rough Skin|[of] p1a: team player
|faint|p1a: team player
|
|
|switch|p1a: Croissant Lizard|Salamence, M|394\/394
|-damage|p1a: Croissant Lizard|296\/394|[from] Stealth Rock
|-activate|p2a: Lopunny|Substitute|ability: Intimidate|[of] p1a: Croissant Lizard
|turn|11
|
|detailschange|p1a: Croissant Lizard|Salamence-Mega, M
|message|Salamence has Mega Evolved into Mega Salamence!
|move|p2a: Lopunny|Return|p1a: Croissant Lizard
|-damage|p1a: Croissant Lizard|133\/394
|move|p1a: Croissant Lizard|Dragon Dance|p1a: Croissant Lizard
|-boost|p1a: Croissant Lizard|atk|1
|-boost|p1a: Croissant Lizard|spe|1
|
|turn|12
|
|move|p1a: Croissant Lizard|Roost|p1a: Croissant Lizard
|-heal|p1a: Croissant Lizard|330\/394
|move|p2a: Lopunny|Return|p1a: Croissant Lizard
|-damage|p1a: Croissant Lizard|188\/394
|
|turn|13
|c|âthesecondbest|hjk if real
|c|âundercoverlover|haha
|
|move|p1a: Croissant Lizard|Dragon Dance|p1a: Croissant Lizard
|-boost|p1a: Croissant Lizard|atk|1
|-boost|p1a: Croissant Lizard|spe|1
|move|p2a: Lopunny|Return|p1a: Croissant Lizard
|-damage|p1a: Croissant Lizard|40\/394
|
|turn|14
|
|move|p1a: Croissant Lizard|Roost|p1a: Croissant Lizard
|-heal|p1a: Croissant Lizard|237\/394
|move|p2a: Lopunny|High Jump Kick|p1a: Croissant Lizard
|-crit|p1a: Croissant Lizard
|-damage|p1a: Croissant Lizard|0 fnt
|faint|p1a: Croissant Lizard
|
|c|âundercoverlover|wow
|c|âthesecondbest|....
|c|âthesecondbest|i had the game
|c|âundercoverlover|lol
|c|âundercoverlover|doubt it
|c|âthesecondbest|unless klefki was good rnough
|c|âundercoverlover|i have klef
|c|âthesecondbest|what set?
|c|âundercoverlover|twave dual screens
|c|âthesecondbest|ok i lost yeah gg
|c|âundercoverlover|gg man
|c|âthesecondbest|twave is bullshit
|c|âundercoverlover|yeh
|c|âthesecondbest|and bunny destroys offense
|-message|thesecondbest forfeited.
|
|win|undercoverlover
|raw|Ladder updating...
|leave|thesecondbest
|player|p1
|raw|thesecondbest's rating: 1241 &rarr; <strong>1222<\/strong><br \/>(-19 for losing)
|raw|undercoverlover's rating: 1327 &rarr; <strong>1342<\/strong><br \/>(+15 for winning)