|join|Mister Nister âº
|join|thesecondbest
|player|p1|Mister Nister âº|122
|player|p2|thesecondbest|170
|gametype|singles
|gen|6
|tier|ORAS OU
|rated
|rule|Sleep Clause Mod: Limit one foe put to sleep
|rule|Species Clause: Limit one of each PokÃ©mon
|rule|OHKO Clause: OHKO moves are banned
|rule|Moody Clause: Moody is banned
|rule|Evasion Moves Clause: Evasion moves are banned
|rule|Endless Battle Clause: Forcing endless battles is banned
|rule|HP Percentage Mod: HP is shown in percentages
|clearpoke
|poke|p1|Slowbro, M, shiny
|poke|p1|Chansey, F
|poke|p1|Medicham, F, shiny
|poke|p1|Skarmory, M
|poke|p1|Latios, M
|poke|p1|Dragonite, F
|poke|p2|Salamence, M
|poke|p2|Skarmory, M
|poke|p2|Breloom, M
|poke|p2|Azumarill, M
|poke|p2|Porygon2
|poke|p2|Sylveon, F
|rule|Swagger Clause: Swagger is banned
|rule|Baton Pass Clause: Limit one PokÃ©mon knowing Baton Pass
|teampreview
|
|start
|switch|p1a: Medicham|Medicham, F, shiny|261\/261
|switch|p2a: Skarmory|Skarmory, M|334\/334
|turn|1
|
|switch|p1a: MutinyofthSlowbots|Slowbro, M, shiny|393\/393
|move|p2a: Skarmory|Stealth Rock|p1a: MutinyofthSlowbots
|-sidestart|p1: Mister Nister âº|move: Stealth Rock
|
|turn|2
|
|detailschange|p1a: MutinyofthSlowbots|Slowbro-Mega, M, shiny
|message|Slowbro has Mega Evolved into Mega Slowbro!
|move|p1a: MutinyofthSlowbots|Scald|p2a: Skarmory
|-damage|p2a: Skarmory|172\/334
|-status|p2a: Skarmory|brn
|move|p2a: Skarmory|Whirlwind|p1a: MutinyofthSlowbots
|drag|p1a: Norik|Skarmory, M|333\/333
|-damage|p1a: Norik|292\/333|[from] Stealth Rock
|
|-damage|p2a: Skarmory|131\/334 brn|[from] brn
|turn|3
|
|switch|p2a: Breloom|Breloom, M|262\/262
|move|p1a: Norik|Defog|p2a: Breloom
|-unboost|p2a: Breloom|evasion|1
|-sideend|p1: Mister Nister âº|Stealth Rock|[from] move: Defog|[of] p1a: Norik
|
|turn|4
|
|move|p2a: Breloom|Spore|p1a: Norik
|-status|p1a: Norik|slp
|cant|p1a: Norik|slp
|
|turn|5
|
|switch|p2a: Salamence|Salamence, M|394\/394
|-ability|p2a: Salamence|Intimidate|[of] p1a: Norik
|-unboost|p1a: Norik|atk|1
|switch|p1a: Delta Airlines|Latios, M|301\/301
|
|turn|6
|
|switch|p2a: Sylveon|Sylveon, F|394\/394
|move|p1a: Delta Airlines|Ice Beam|p2a: Sylveon
|-damage|p2a: Sylveon|289\/394
|
|-heal|p2a: Sylveon|313\/394|[from] item: Leftovers
|turn|7
|
|switch|p1a: Eggatha|Chansey, F|703\/703
|move|p2a: Sylveon|Hyper Voice|p1a: Eggatha
|-damage|p1a: Eggatha|606\/703
|
|-heal|p2a: Sylveon|337\/394|[from] item: Leftovers
|turn|8
|
|switch|p2a: Salamence|Salamence, M|394\/394
|-ability|p2a: Salamence|Intimidate|[of] p1a: Eggatha
|-unboost|p1a: Eggatha|atk|1
|move|p1a: Eggatha|Wish|p1a: Eggatha
|
|turn|9
|
|detailschange|p2a: Salamence|Salamence-Mega, M
|message|Salamence has Mega Evolved into Mega Salamence!
|move|p1a: Eggatha|Toxic|p2a: Salamence
|-status|p2a: Salamence|tox
|move|p2a: Salamence|Dragon Tail|p1a: Eggatha
|-damage|p1a: Eggatha|485\/703
|drag|p1a: Delta Airlines|Latios, M|301\/301
|
|-damage|p2a: Salamence|370\/394 tox|[from] psn
|turn|10
|
|switch|p1a: Norik|Skarmory, M|292\/333 slp
|switch|p2a: Sylveon|Sylveon, F|337\/394
|
|-heal|p2a: Sylveon|361\/394|[from] item: Leftovers
|turn|11
|
|cant|p1a: Norik|slp
|move|p2a: Sylveon|Heal Bell|p2a: Sylveon
|-cureteam|p2a: Sylveon|[from] move: HealBell
|
|-heal|p2a: Sylveon|385\/394|[from] item: Leftovers
|turn|12
|
|switch|p2a: Skarmory|Skarmory, M|131\/334
|-curestatus|p1a: Norik|slp
|move|p1a: Norik|Stealth Rock|p2a: Skarmory
|-sidestart|p2: thesecondbest|move: Stealth Rock
|
|turn|13
|
|switch|p1a: MutinyofthSlowbots|Slowbro-Mega, M, shiny|393\/393
|move|p2a: Skarmory|Roost|p2a: Skarmory
|-heal|p2a: Skarmory|298\/334
|
|turn|14
|c|âthesecondbest|this will take ten years, gg
|-message|thesecondbest forfeited.
|
|win|Mister Nister âº
|raw|Ladder updating...
|leave|thesecondbest
|player|p2
|raw|Mister Nister âº's rating: 1049 &rarr; <strong>1090<\/strong><br \/>(+41 for winning)
|raw|thesecondbest's rating: 1140 &rarr; <strong>1108<\/strong><br \/>(-32 for losing)