|join|thesecondbest
|join|Richizen
|player|p1|thesecondbest|265
|player|p2|Richizen|2
|gametype|singles
|gen|6
|tier|ORAS OU
|rated
|rule|Sleep Clause Mod: Limit one foe put to sleep
|rule|Species Clause: Limit one of each PokÃ©mon
|rule|OHKO Clause: OHKO moves are banned
|rule|Moody Clause: Moody is banned
|rule|Evasion Moves Clause: Evasion moves are banned
|rule|Endless Battle Clause: Forcing endless battles is banned
|rule|HP Percentage Mod: HP is shown in percentages
|clearpoke
|poke|p1|Sableye, M
|poke|p1|Skarmory, M
|poke|p1|Gliscor, M
|poke|p1|Azumarill, M
|poke|p1|Porygon2
|poke|p1|Sylveon, M
|poke|p2|Excadrill, M
|poke|p2|Salamence, F
|poke|p2|Conkeldurr, M
|poke|p2|Gothitelle, F
|poke|p2|Slowbro, M
|poke|p2|Clefable, F
|rule|Swagger Clause: Swagger is banned
|rule|Baton Pass Clause: Limit one PokÃ©mon knowing Baton Pass
|teampreview
|
|start
|switch|p1a: Azumarill|Azumarill, M|399\/399
|switch|p2a: Excadrill|Excadrill, M|362\/362
|-ability|p2a: Excadrill|Mold Breaker
|-item|p2a: Excadrill|Air Balloon
|turn|1
|
|move|p2a: Excadrill|Stealth Rock|p1a: Azumarill
|-sidestart|p1: thesecondbest|move: Stealth Rock
|move|p1a: Azumarill|Waterfall|p2a: Excadrill
|-supereffective|p2a: Excadrill
|-damage|p2a: Excadrill|0 fnt
|-enditem|p2a: Excadrill|Air Balloon
|faint|p2a: Excadrill
|
|
|switch|p2a: Salamence|Salamence, F|391\/391
|-ability|p2a: Salamence|Intimidate|[of] p1a: Azumarill
|-unboost|p1a: Azumarill|atk|1
|turn|2
|
|switch|p2a: Slowbro|Slowbro, M|393\/393
|move|p1a: Azumarill|Play Rough|p2a: Slowbro
|-damage|p2a: Slowbro|300\/393
|
|-heal|p2a: Slowbro|324\/393|[from] item: Leftovers
|turn|3
|
|switch|p1a: Sylveon|Sylveon, M|394\/394
|-damage|p1a: Sylveon|345\/394|[from] Stealth Rock
|move|p2a: Slowbro|Scald|p1a: Sylveon
|-damage|p1a: Sylveon|287\/394
|
|-heal|p1a: Sylveon|311\/394|[from] item: Leftovers
|-heal|p2a: Slowbro|348\/393|[from] item: Leftovers
|turn|4
|
|switch|p2a: Conkeldurr|Conkeldurr, M|351\/351
|move|p1a: Sylveon|Wish|p1a: Sylveon
|
|-heal|p1a: Sylveon|335\/394|[from] item: Leftovers
|turn|5
|
|move|p1a: Sylveon|Hyper Voice|p2a: Conkeldurr
|-supereffective|p2a: Conkeldurr
|-damage|p2a: Conkeldurr|153\/351
|move|p2a: Conkeldurr|Poison Jab|p1a: Sylveon
|-supereffective|p1a: Sylveon
|-damage|p1a: Sylveon|27\/394
|
|-heal|p1a: Sylveon|224\/394|[from] move: Wish|[wisher] Sylveon
|-heal|p1a: Sylveon|248\/394|[from] item: Leftovers
|turn|6
|
|move|p1a: Sylveon|Hyper Voice|p2a: Conkeldurr
|-supereffective|p2a: Conkeldurr
|-damage|p2a: Conkeldurr|0 fnt
|faint|p2a: Conkeldurr
|
|-heal|p1a: Sylveon|272\/394|[from] item: Leftovers
|
|switch|p2a: Slowbro|Slowbro, M|393\/393
|turn|7
|
|move|p1a: Sylveon|Wish|p1a: Sylveon
|move|p2a: Slowbro|Thunder Wave|p1a: Sylveon
|-status|p1a: Sylveon|par
|
|-heal|p1a: Sylveon|296\/394 par|[from] item: Leftovers
|turn|8
|
|switch|p2a: Clefable|Clefable, F|394\/394
|move|p1a: Sylveon|Heal Bell|p1a: Sylveon
|-cureteam|p1a: Sylveon|[from] move: HealBell
|
|-heal|p1a: Sylveon|394\/394|[from] move: Wish|[wisher] Sylveon
|turn|9
|
|switch|p1a: Azumarill|Azumarill, M|399\/399
|-damage|p1a: Azumarill|350\/399|[from] Stealth Rock
|move|p2a: Clefable|Moonblast|p1a: Azumarill
|-damage|p1a: Azumarill|269\/399
|
|turn|10
|
|switch|p2a: Slowbro|Slowbro, M|393\/393
|move|p1a: Azumarill|Knock Off|p2a: Slowbro
|-supereffective|p2a: Slowbro
|-damage|p2a: Slowbro|195\/393
|-enditem|p2a: Slowbro|Leftovers|[from] move: Knock Off|[of] p1a: Azumarill
|
|turn|11
|
|move|p1a: Azumarill|Play Rough|p2a: Slowbro
|-damage|p2a: Slowbro|59\/393
|move|p2a: Slowbro|Thunder Wave|p1a: Azumarill
|-status|p1a: Azumarill|par
|
|turn|12
|
|switch|p2a: Salamence|Salamence, F|391\/391
|-ability|p2a: Salamence|Intimidate|[of] p1a: Azumarill
|-unboost|p1a: Azumarill|atk|1
|move|p1a: Azumarill|Play Rough|p2a: Salamence
|-supereffective|p2a: Salamence
|-damage|p2a: Salamence|121\/391
|
|turn|13
|
|detailschange|p2a: Salamence|Salamence-Mega, F
|message|Salamence has Mega Evolved into Mega Salamence!
|move|p2a: Salamence|Roost|p2a: Salamence
|-heal|p2a: Salamence|317\/391
|move|p1a: Azumarill|Play Rough|p2a: Salamence
|-supereffective|p2a: Salamence
|-damage|p2a: Salamence|125\/391
|
|turn|14
|
|switch|p1a: Sableye|Sableye, M|304\/304
|-damage|p1a: Sableye|266\/304|[from] Stealth Rock
|move|p2a: Salamence|Roost|p2a: Salamence
|-heal|p2a: Salamence|321\/391
|
|turn|15
|
|switch|p2a: Clefable|Clefable, F|394\/394
|detailschange|p1a: Sableye|Sableye-Mega, M
|message|Sableye has Mega Evolved into Mega Sableye!
|move|p1a: Sableye|Will-O-Wisp|p2a: Clefable
|-status|p2a: Clefable|brn
|
|turn|16
|
|switch|p1a: Skarmory|Skarmory, M|334\/334
|-damage|p1a: Skarmory|293\/334|[from] Stealth Rock
|move|p2a: Clefable|Moonblast|p1a: Skarmory
|-resisted|p1a: Skarmory
|-damage|p1a: Skarmory|227\/334
|-unboost|p1a: Skarmory|spa|1
|
|turn|17
|
|switch|p2a: Gothitelle|Gothitelle, F|316\/316
|move|p1a: Skarmory|Stealth Rock|p2a: Gothitelle
|-sidestart|p2: Richizen|move: Stealth Rock
|
|turn|18
|
|move|p2a: Gothitelle|Thunderbolt|p1a: Skarmory
|-supereffective|p1a: Skarmory
|-damage|p1a: Skarmory|0 fnt
|faint|p1a: Skarmory
|
|
|switch|p1a: Sylveon|Sylveon, M|394\/394
|-damage|p1a: Sylveon|345\/394|[from] Stealth Rock
|turn|19
|
|switch|p2a: Slowbro|Slowbro, M|190\/393
|-damage|p2a: Slowbro|141\/393|[from] Stealth Rock
|move|p1a: Sylveon|Wish|p1a: Sylveon
|
|-heal|p1a: Sylveon|369\/394|[from] item: Leftovers
|turn|20
|
|move|p1a: Sylveon|Hyper Voice|p2a: Slowbro
|-damage|p2a: Slowbro|0 fnt
|faint|p2a: Slowbro
|
|-heal|p1a: Sylveon|394\/394|[from] move: Wish|[wisher] Sylveon
|
|switch|p2a: Gothitelle|Gothitelle, F|316\/316
|-damage|p2a: Gothitelle|277\/316|[from] Stealth Rock
|turn|21
|
|move|p2a: Gothitelle|Trick|p1a: Sylveon
|-activate|p2a: Gothitelle|move: Trick|[of] p1a: Sylveon
|-item|p1a: Sylveon|Choice Specs|[from] move: Trick
|-item|p2a: Gothitelle|Leftovers|[from] move: Trick
|move|p1a: Sylveon|Hyper Voice|p2a: Gothitelle
|-damage|p2a: Gothitelle|84\/316
|
|-heal|p2a: Gothitelle|103\/316|[from] item: Leftovers
|turn|22
|
|move|p2a: Gothitelle|Thunderbolt|p1a: Sylveon
|-damage|p1a: Sylveon|333\/394
|move|p1a: Sylveon|Hyper Voice|p2a: Gothitelle
|-damage|p2a: Gothitelle|0 fnt
|faint|p2a: Gothitelle
|
|
|switch|p2a: Clefable|Clefable, F|394\/394 brn
|turn|23
|
|switch|p1a: Azumarill|Azumarill, M|269\/399 par
|-damage|p1a: Azumarill|220\/399 par|[from] Stealth Rock
|move|p2a: Clefable|Moonblast|p1a: Azumarill
|-damage|p1a: Azumarill|126\/399 par
|
|turn|24
|
|move|p2a: Clefable|Moonblast|p1a: Azumarill
|-damage|p1a: Azumarill|35\/399 par
|move|p1a: Azumarill|Knock Off|p2a: Clefable
|-resisted|p2a: Clefable
|-damage|p2a: Clefable|302\/394 brn
|-enditem|p2a: Clefable|Leftovers|[from] move: Knock Off|[of] p1a: Azumarill
|
|turn|25
|
|cant|p1a: Azumarill|par
|move|p2a: Clefable|Wish|p2a: Clefable
|
|turn|26
|
|switch|p2a: Salamence|Salamence-Mega, F|321\/391
|-damage|p2a: Salamence|224\/391|[from] Stealth Rock
|move|p1a: Azumarill|Waterfall|p2a: Salamence
|-resisted|p2a: Salamence
|-damage|p2a: Salamence|163\/391
|
|-heal|p2a: Salamence|360\/391|[from] move: Wish|[wisher] Clefable
|turn|27
|
|switch|p1a: Sableye|Sableye-Mega, M|266\/304
|-damage|p1a: Sableye|228\/304|[from] Stealth Rock
|move|p2a: Salamence|Substitute|p2a: Salamence
|-start|p2a: Salamence|Substitute
|-damage|p2a: Salamence|263\/391
|
|turn|28
|
|move|p2a: Salamence|Dragon Dance|p2a: Salamence
|-boost|p2a: Salamence|atk|1
|-boost|p2a: Salamence|spe|1
|move|p1a: Sableye|Dark Pulse|p2a: Salamence
|-activate|p2a: Salamence|Substitute|[damage]
|
|turn|29
|
|move|p2a: Salamence|Frustration|p1a: Sableye
|-damage|p1a: Sableye|0 fnt
|faint|p1a: Sableye
|
|
|switch|p1a: Porygon2|Porygon2|373\/373
|-damage|p1a: Porygon2|327\/373|[from] Stealth Rock
|-ability|p1a: Porygon2|Aerilate|[from] ability: Trace|[of] p2a: Salamence
|turn|30
|
|move|p2a: Salamence|Frustration|p1a: Porygon2
|-damage|p1a: Porygon2|138\/373
|move|p1a: Porygon2|Ice Beam|p2a: Salamence
|-supereffective|p2a: Salamence
|-end|p2a: Salamence|Substitute
|
|turn|31
|
|move|p2a: Salamence|Frustration|p1a: Porygon2
|-damage|p1a: Porygon2|0 fnt
|faint|p1a: Porygon2
|
|
|switch|p1a: Sylveon|Sylveon, M|333\/394
|-damage|p1a: Sylveon|284\/394|[from] Stealth Rock
|turn|32
|
|move|p2a: Salamence|Frustration|p1a: Sylveon
|-damage|p1a: Sylveon|0 fnt
|faint|p1a: Sylveon
|
|-message|thesecondbest forfeited.
|
|win|Richizen
|raw|Ladder updating...
|leave|thesecondbest
|player|p1
|raw|thesecondbest's rating: 1311 &rarr; <strong>1286<\/strong><br \/>(-25 for losing)
|raw|Richizen's rating: 1218 &rarr; <strong>1249<\/strong><br \/>(+31 for winning)