|join|Aka DH
|join|thesecondbest
|player|p1|Aka DH|266
|player|p2|thesecondbest|101
|gametype|singles
|gen|6
|tier|ORAS OU
|rule|Sleep Clause Mod: Limit one foe put to sleep
|rule|Species Clause: Limit one of each PokÃ©mon
|rule|OHKO Clause: OHKO moves are banned
|rule|Moody Clause: Moody is banned
|rule|Evasion Moves Clause: Evasion moves are banned
|rule|Endless Battle Clause: Forcing endless battles is banned
|rule|HP Percentage Mod: HP is shown in percentages
|clearpoke
|poke|p1|Bisharp, F
|poke|p1|Venusaur, M
|poke|p1|Heatran, M
|poke|p1|Keldeo
|poke|p1|Chansey, F
|poke|p1|Skarmory, M
|poke|p2|Salamence, M
|poke|p2|Greninja, M
|poke|p2|Klefki, M
|poke|p2|Raikou
|poke|p2|Thundurus, M
|poke|p2|Garchomp, F
|rule|Swagger Clause: Swagger is banned
|rule|Baton Pass Clause: Limit one PokÃ©mon knowing Baton Pass
|teampreview
|join|lll NOLO lll
|
|start
|switch|p1a: Heatran|Heatran, M|340\/340
|switch|p2a: Garchomp|Garchomp, F|420\/420
|-item|p1a: Heatran|Air Balloon
|turn|1
|join|Cosine180
|join|Tarp96
|join|uCan'tSeeMe
|c|âthesecondbest|gl m8
|c| uCan'tSeeMe|go bloody!
|c|âAka DH|gl
|
|move|p2a: Garchomp|Stealth Rock|p1a: Heatran
|-sidestart|p1: Aka DH|move: Stealth Rock
|move|p1a: Heatran|Stealth Rock|p2a: Garchomp
|-sidestart|p2: thesecondbest|move: Stealth Rock
|
|turn|2
|
|move|p1a: Heatran|Toxic|p2a: Garchomp
|-status|p2a: Garchomp|tox
|move|p2a: Garchomp|Dragon Tail|p1a: Heatran|[miss]
|-miss|p2a: Garchomp|p1a: Heatran
|
|-damage|p2a: Garchomp|394\/420 tox|[from] psn
|turn|3
|join|daxterr
|
|move|p1a: Heatran|Fire Blast|p2a: Garchomp
|-resisted|p2a: Garchomp
|-damage|p2a: Garchomp|297\/420 tox
|move|p2a: Garchomp|Dragon Tail|p1a: Heatran
|-crit|p1a: Heatran
|-resisted|p1a: Heatran
|-damage|p1a: Heatran|288\/340
|-enditem|p1a: Heatran|Air Balloon
|drag|p1a: Keldeo|Keldeo|323\/323
|-damage|p1a: Keldeo|303\/323|[from] Stealth Rock
|
|-heal|p1a: Keldeo|323\/323|[from] item: Leftovers
|-damage|p2a: Garchomp|245\/420 tox|[from] psn
|turn|4
|c|âthesecondbest|woaw.....
|c| Tarp96|12 pokes, only one from gen 3
|
|move|p1a: Keldeo|Icy Wind|p2a: Garchomp
|-supereffective|p2a: Garchomp
|-damage|p2a: Garchomp|0 fnt
|faint|p2a: Garchomp
|
|c| uCan'tSeeMe|wtf
|c| uCan'tSeeMe|are u talkin
|
|switch|p2a: Raikou|Raikou|321\/321
|-damage|p2a: Raikou|281\/321|[from] Stealth Rock
|-ability|p2a: Raikou|Pressure
|turn|5
|
|switch|p1a: Chansey|Chansey, F|684\/684
|-damage|p1a: Chansey|599\/684|[from] Stealth Rock
|move|p2a: Raikou|Thunderbolt|p1a: Chansey
|-damage|p1a: Chansey|512\/684
|
|turn|6
|
|move|p2a: Raikou|Volt Switch|p1a: Chansey
|-damage|p1a: Chansey|439\/684
|
|switch|p2a: new meta|Klefki, M|318\/318
|-damage|p2a: new meta|299\/318|[from] Stealth Rock
|move|p1a: Chansey|Seismic Toss|p2a: new meta
|-damage|p2a: new meta|199\/318
|
|-heal|p2a: new meta|218\/318|[from] item: Leftovers
|turn|7
|
|move|p2a: new meta|Heal Block|p1a: Chansey
|-start|p1a: Chansey|move: Heal Block
|move|p1a: Chansey|Seismic Toss|p2a: new meta
|-damage|p2a: new meta|118\/318
|
|-heal|p2a: new meta|137\/318|[from] item: Leftovers
|turn|8
|join|Juso
|
|move|p2a: new meta|Spikes|p1a: Chansey
|-sidestart|p1: Aka DH|Spikes
|move|p1a: Chansey|Seismic Toss|p2a: new meta
|-damage|p2a: new meta|37\/318
|
|-heal|p2a: new meta|56\/318|[from] item: Leftovers
|turn|9
|
|move|p2a: new meta|Spikes|p1a: Chansey
|-sidestart|p1: Aka DH|Spikes
|move|p1a: Chansey|Seismic Toss|p2a: new meta
|-damage|p2a: new meta|0 fnt
|faint|p2a: new meta
|
|
|switch|p2a: Croissant Lizard|Salamence, M|394\/394
|-damage|p2a: Croissant Lizard|296\/394|[from] Stealth Rock
|-ability|p2a: Croissant Lizard|Intimidate|[of] p1a: Chansey
|-unboost|p1a: Chansey|atk|1
|turn|10
|c|âthesecondbest|it ends now
|
|detailschange|p2a: Croissant Lizard|Salamence-Mega, M
|message|Salamence has Mega Evolved into Mega Salamence!
|move|p2a: Croissant Lizard|Dragon Dance|p2a: Croissant Lizard
|-boost|p2a: Croissant Lizard|atk|1
|-boost|p2a: Croissant Lizard|spe|1
|move|p1a: Chansey|Thunder Wave|p2a: Croissant Lizard
|-status|p2a: Croissant Lizard|par
|
|turn|11
|c| daxterr|i swear people need to use something other than mega salamence
|c| uCan'tSeeMe|>it ends now
|c|âthesecondbest|thunder fucking wave
|
|move|p1a: Chansey|Seismic Toss|p2a: Croissant Lizard
|-damage|p2a: Croissant Lizard|196\/394 par
|move|p2a: Croissant Lizard|Frustration|p1a: Chansey
|-damage|p1a: Chansey|7\/684
|
|-end|p1a: Chansey|move: Heal Block
|turn|12
|c| Tarp96|In yesterdays ORAS tour none of the teams hade mega mence
|c|âthesecondbest|tired of these lucky ass players
|
|move|p1a: Chansey|Seismic Toss|p2a: Croissant Lizard
|-damage|p2a: Croissant Lizard|96\/394 par
|cant|p2a: Croissant Lizard|par
|
|turn|13
|c| uCan'tSeeMe|how was that lucky
|
|move|p1a: Chansey|Seismic Toss|p2a: Croissant Lizard
|-damage|p2a: Croissant Lizard|0 fnt
|faint|p2a: Croissant Lizard
|
|c|âthesecondbest|oml ....
|c| uCan'tSeeMe|u nerd
|c| uCan'tSeeMe|rekt
|c|âthesecondbest|fucking para
|
|switch|p2a: Thundurus|Thundurus, M|299\/299
|-damage|p2a: Thundurus|225\/299|[from] Stealth Rock
|turn|14
|
|move|p2a: Thundurus|Thunderbolt|p1a: Chansey
|-damage|p1a: Chansey|0 fnt
|-damage|p2a: Thundurus|196\/299|[from] item: Life Orb
|faint|p1a: Chansey
|
|
|switch|p1a: Venusaur|Venusaur, M|364\/364
|-damage|p1a: Venusaur|319\/364|[from] Stealth Rock
|-damage|p1a: Venusaur|259\/364|[from] Spikes
|turn|15
|c| uCan'tSeeMe|nice meme xddddd
|
|detailschange|p1a: Venusaur|Venusaur-Mega, M
|message|Venusaur has Mega Evolved into Mega Venusaur!
|move|p2a: Thundurus|Fly|p1a: Venusaur|[still]
|-prepare|p2a: Thundurus|Fly|p1a: Venusaur
|move|p1a: Venusaur|Giga Drain|p2a: Thundurus|[miss]
|-miss|p1a: Venusaur|p2a: Thundurus
|
|turn|16
|c|âthesecondbest|get the hell out of here nigga
|
|move|p2a: Thundurus|Fly|p1a: Venusaur
|-supereffective|p1a: Venusaur
|-damage|p1a: Venusaur|33\/364
|-damage|p2a: Thundurus|167\/299|[from] item: Life Orb
|move|p1a: Venusaur|Synthesis|p1a: Venusaur
|-heal|p1a: Venusaur|215\/364
|
|turn|17
|c| daxterr|fly thundurus new meta
|c|âthesecondbest|that's not fair help
|
|move|p2a: Thundurus|Fly|p1a: Venusaur|[still]
|-prepare|p2a: Thundurus|Fly|p1a: Venusaur
|move|p1a: Venusaur|Synthesis|p1a: Venusaur
|-heal|p1a: Venusaur|364\/364
|
|turn|18
|c| uCan'tSeeMe|weak
|c| uCan'tSeeMe|af
|c| Juso|that semi stall team is still a thing 
|
|switch|p1a: Skarmory|Skarmory, M|334\/334
|-damage|p1a: Skarmory|293\/334|[from] Stealth Rock
|move|p2a: Thundurus|Fly|p1a: Skarmory
|-resisted|p1a: Skarmory
|-damage|p1a: Skarmory|228\/334
|-damage|p2a: Thundurus|118\/299|[from] item: Rocky Helmet|[of] p1a: Skarmory
|-damage|p2a: Thundurus|89\/299|[from] item: Life Orb
|
|turn|19
|
|move|p2a: Thundurus|Thunderbolt|p1a: Skarmory
|-supereffective|p1a: Skarmory
|-damage|p1a: Skarmory|0 fnt
|-damage|p2a: Thundurus|60\/299|[from] item: Life Orb
|faint|p1a: Skarmory
|
|c| uCan'tSeeMe|bloody team n_n
|c|âthesecondbest|this is actually aids
|
|switch|p1a: Venusaur|Venusaur-Mega, M|364\/364
|-damage|p1a: Venusaur|319\/364|[from] Stealth Rock
|-damage|p1a: Venusaur|259\/364|[from] Spikes
|turn|20
|c| Tarp96|set the chat to modchat
|c| Tarp96|I think
|
|move|p2a: Thundurus|Thunderbolt|p1a: Venusaur
|-resisted|p1a: Venusaur
|-damage|p1a: Venusaur|189\/364
|-damage|p2a: Thundurus|31\/299|[from] item: Life Orb
|move|p1a: Venusaur|Synthesis|p1a: Venusaur
|-heal|p1a: Venusaur|364\/364
|
|turn|21
|c| uCan'tSeeMe|why
|c| uCan'tSeeMe|u nerd
|c| daxterr|go ahead 
|
|move|p2a: Thundurus|Thunderbolt|p1a: Venusaur
|-resisted|p1a: Venusaur
|-damage|p1a: Venusaur|291\/364
|-status|p1a: Venusaur|par
|-damage|p2a: Thundurus|2\/299|[from] item: Life Orb
|move|p1a: Venusaur|Giga Drain|p2a: Thundurus
|-crit|p2a: Thundurus
|-resisted|p2a: Thundurus
|-damage|p2a: Thundurus|0 fnt
|-heal|p1a: Venusaur|292\/364 par|[from] drain|[of] p2a: Thundurus
|faint|p2a: Thundurus
|
|
|switch|p2a: lol scarf|Greninja, M|285\/285
|-damage|p2a: lol scarf|250\/285|[from] Stealth Rock
|turn|22
|c| uCan'tSeeMe|go ahead n catch this loss
|c| uCan'tSeeMe|imo
|
|move|p2a: lol scarf|Gunk Shot|p1a: Venusaur
|-start|p2a: lol scarf|typechange|Poison|[from] Protean
|-damage|p1a: Venusaur|191\/364 par
|-damage|p2a: lol scarf|222\/285|[from] item: Life Orb
|move|p1a: Venusaur|Giga Drain|p2a: lol scarf
|-resisted|p2a: lol scarf
|-damage|p2a: lol scarf|148\/285
|-heal|p1a: Venusaur|228\/364 par|[from] drain|[of] p2a: lol scarf
|
|turn|23
|
|move|p2a: lol scarf|Gunk Shot|p1a: Venusaur
|-damage|p1a: Venusaur|115\/364 par
|-damage|p2a: lol scarf|120\/285|[from] item: Life Orb
|move|p1a: Venusaur|Synthesis|p1a: Venusaur
|-heal|p1a: Venusaur|297\/364 par
|
|turn|24
|c|âthesecondbest|shouldve had acro imo
|c|âthesecondbest|but fuck stall
|c| uCan'tSeeMe|should've played better
|
|move|p2a: lol scarf|Gunk Shot|p1a: Venusaur
|-damage|p1a: Venusaur|188\/364 par
|-damage|p2a: lol scarf|92\/285|[from] item: Life Orb
|move|p1a: Venusaur|Hidden Power|p2a: lol scarf
|-damage|p2a: lol scarf|16\/285
|
|turn|25
|
|move|p2a: lol scarf|Gunk Shot|p1a: Venusaur
|-damage|p1a: Venusaur|70\/364 par
|-damage|p2a: lol scarf|0 fnt|[from] item: Life Orb
|faint|p2a: lol scarf
|cant|p1a: Venusaur|par
|
|c|âthesecondbest|whaddya mean he had twave chansey
|c|âthesecondbest|who does that
|
|switch|p2a: Raikou|Raikou|281\/321
|-damage|p2a: Raikou|241\/321|[from] Stealth Rock
|-ability|p2a: Raikou|Pressure
|turn|26
|
|move|p2a: Raikou|Shadow Ball|p1a: Venusaur
|-damage|p1a: Venusaur|0 fnt
|faint|p1a: Venusaur
|
|c| uCan'tSeeMe|umm
|
|switch|p1a: Heatran|Heatran, M|288\/340
|-damage|p1a: Heatran|246\/340|[from] Stealth Rock
|-damage|p1a: Heatran|190\/340|[from] Spikes
|turn|27
|join|SwiftSwimSweeper
|
|move|p2a: Raikou|Thunderbolt|p1a: Heatran
|-damage|p1a: Heatran|43\/340
|-status|p1a: Heatran|par
|move|p1a: Heatran|Fire Blast|p2a: Raikou
|-crit|p2a: Raikou
|-damage|p2a: Raikou|90\/321
|
|turn|28
|c| uCan'tSeeMe|its quite standard
|
|move|p2a: Raikou|Thunderbolt|p1a: Heatran
|-damage|p1a: Heatran|0 fnt
|faint|p1a: Heatran
|
|c| SwiftSwimSweeper|Oh
|c|âthesecondbest|toxic exists....
|
|switch|p1a: Bisharp|Bisharp, F|334\/334
|-damage|p1a: Bisharp|314\/334|[from] Stealth Rock
|-damage|p1a: Bisharp|259\/334|[from] Spikes
|turn|29
|c| uCan'tSeeMe|kk
|
|move|p1a: Bisharp|Sucker Punch|p2a: Raikou
|-damage|p2a: Raikou|0 fnt
|faint|p2a: Raikou
|
|win|Aka DH
|c| daxterr|it isn't standard
|c| uCan'tSeeMe|good player
|leave|thesecondbest
|player|p2
|c| uCan'tSeeMe|can u teach me