|join|The Goomy
|join|thesecondbest
|player|p1|The Goomy|184
|player|p2|thesecondbest|265
|gametype|singles
|gen|6
|tier|ORAS OU
|rated
|rule|Sleep Clause Mod: Limit one foe put to sleep
|rule|Species Clause: Limit one of each PokÃ©mon
|rule|OHKO Clause: OHKO moves are banned
|rule|Moody Clause: Moody is banned
|rule|Evasion Moves Clause: Evasion moves are banned
|rule|Endless Battle Clause: Forcing endless battles is banned
|rule|HP Percentage Mod: HP is shown in percentages
|clearpoke
|poke|p1|Azelf
|poke|p1|Beedrill, F
|poke|p1|Greninja, F
|poke|p1|Raikou
|poke|p1|Bisharp, F
|poke|p1|Landorus-Therian, M
|poke|p2|Sableye, M
|poke|p2|Skarmory, F
|poke|p2|Gliscor, M
|poke|p2|Azumarill, F
|poke|p2|Porygon2
|poke|p2|Blissey, F
|rule|Swagger Clause: Swagger is banned
|rule|Baton Pass Clause: Limit one PokÃ©mon knowing Baton Pass
|teampreview
|join|Can-Eh-Dian
|c|âthesecondbest|goomy :S
|
|start
|switch|p1a: Azelf|Azelf|291\/291
|switch|p2a: Skarmory|Skarmory, F|334\/334
|turn|1
|
|move|p1a: Azelf|Stealth Rock|p2a: Skarmory
|-sidestart|p2: thesecondbest|move: Stealth Rock
|move|p2a: Skarmory|Brave Bird|p1a: Azelf
|-damage|p1a: Azelf|126\/291
|-damage|p2a: Skarmory|280\/334|[from] recoil|[of] p1a: Azelf
|
|turn|2
|
|move|p1a: Azelf|Fire Blast|p2a: Skarmory|[miss]
|-miss|p1a: Azelf|p2a: Skarmory
|move|p2a: Skarmory|Brave Bird|p1a: Azelf
|-damage|p1a: Azelf|0 fnt
|-damage|p2a: Skarmory|238\/334|[from] recoil|[of] p1a: Azelf
|faint|p1a: Azelf
|
|
|switch|p1a: Raikou|Raikou|321\/321
|-ability|p1a: Raikou|Pressure
|turn|3
|
|move|p1a: Raikou|Volt Switch|p2a: Skarmory
|-supereffective|p2a: Skarmory
|-damage|p2a: Skarmory|0 fnt
|faint|p2a: Skarmory
|
|switch|p1a: Beedrill|Beedrill, F|271\/271
|
|
|switch|p2a: Sableye|Sableye, M|304\/304
|-damage|p2a: Sableye|266\/304|[from] Stealth Rock
|turn|4
|
|detailschange|p1a: Beedrill|Beedrill-Mega, F
|message|Beedrill has Mega Evolved into Mega Beedrill!
|detailschange|p2a: Sableye|Sableye-Mega, M
|message|Sableye has Mega Evolved into Mega Sableye!
|move|p1a: Beedrill|Protect|p1a: Beedrill
|-singleturn|p1a: Beedrill|Protect
|move|p2a: Sableye|Will-O-Wisp|p1a: Beedrill
|-activate|p1a: Beedrill|Protect
|
|turn|5
|c|âthesecondbest|oops
|
|move|p1a: Beedrill|U-turn|p2a: Sableye
|-damage|p2a: Sableye|94\/304
|
|switch|p1a: Greninja|Greninja, F|285\/285
|move|p2a: Sableye|Will-O-Wisp|p1a: Greninja
|-status|p1a: Greninja|brn
|
|-damage|p1a: Greninja|250\/285 brn|[from] brn
|turn|6
|join|Skybonez
|
|switch|p2a: Blissey|Blissey, F|652\/652
|-damage|p2a: Blissey|571\/652|[from] Stealth Rock
|move|p1a: Greninja|Dark Pulse|p2a: Blissey
|-start|p1a: Greninja|typechange|Dark|[from] Protean
|-damage|p2a: Blissey|464\/652
|-damage|p1a: Greninja|222\/285 brn|[from] item: Life Orb
|
|-damage|p1a: Greninja|187\/285 brn|[from] brn
|turn|7
|
|switch|p1a: Beedrill|Beedrill-Mega, F|271\/271
|move|p2a: Blissey|Wish|p2a: Blissey
|
|turn|8
|
|switch|p2a: Porygon2|Porygon2|373\/373
|-damage|p2a: Porygon2|327\/373|[from] Stealth Rock
|-ability|p2a: Porygon2|Adaptability|[from] ability: Trace|[of] p1a: Beedrill
|move|p1a: Beedrill|U-turn|p2a: Porygon2
|-damage|p2a: Porygon2|221\/373
|c|âthesecondbest|if only beedrill could one shot crap like clefable.
|
|switch|p1a: Bisharp|Bisharp, F|271\/271
|
|-heal|p2a: Porygon2|373\/373|[from] move: Wish|[wisher] Blissey
|turn|9
|
|move|p1a: Bisharp|Knock Off|p2a: Porygon2
|-damage|p2a: Porygon2|253\/373
|-enditem|p2a: Porygon2|Eviolite|[from] move: Knock Off|[of] p1a: Bisharp
|move|p2a: Porygon2|Thunder Wave|p1a: Bisharp
|-status|p1a: Bisharp|par
|
|turn|10
|
|move|p2a: Porygon2|Tri Attack|p1a: Bisharp
|-resisted|p1a: Bisharp
|-damage|p1a: Bisharp|178\/271 par
|cant|p1a: Bisharp|par
|
|turn|11
|
|move|p2a: Porygon2|Tri Attack|p1a: Bisharp
|-resisted|p1a: Bisharp
|-damage|p1a: Bisharp|83\/271 par
|move|p1a: Bisharp|Iron Head|p2a: Porygon2
|-damage|p2a: Porygon2|133\/373
|
|turn|12
|
|switch|p1a: Raikou|Raikou|321\/321
|-ability|p1a: Raikou|Pressure
|move|p2a: Porygon2|Recover|p2a: Porygon2
|-heal|p2a: Porygon2|320\/373
|
|turn|13
|
|move|p1a: Raikou|Thunderbolt|p2a: Porygon2
|-damage|p2a: Porygon2|166\/373
|move|p2a: Porygon2|Tri Attack|p1a: Raikou
|-damage|p1a: Raikou|225\/321
|
|turn|14
|
|move|p1a: Raikou|Thunderbolt|p2a: Porygon2
|-damage|p2a: Porygon2|9\/373
|move|p2a: Porygon2|Recover|p2a: Porygon2
|-heal|p2a: Porygon2|196\/373
|
|turn|15
|
|move|p1a: Raikou|Thunderbolt|p2a: Porygon2
|-damage|p2a: Porygon2|39\/373
|move|p2a: Porygon2|Recover|p2a: Porygon2
|-heal|p2a: Porygon2|226\/373
|
|turn|16
|
|move|p1a: Raikou|Thunderbolt|p2a: Porygon2
|-damage|p2a: Porygon2|82\/373
|move|p2a: Porygon2|Recover|p2a: Porygon2
|-heal|p2a: Porygon2|269\/373
|
|turn|17
|join|Hollywood
|
|move|p1a: Raikou|Thunderbolt|p2a: Porygon2
|-damage|p2a: Porygon2|118\/373
|move|p2a: Porygon2|Recover|p2a: Porygon2
|-heal|p2a: Porygon2|305\/373
|
|turn|18
|
|move|p1a: Raikou|Thunderbolt|p2a: Porygon2
|-damage|p2a: Porygon2|155\/373
|move|p2a: Porygon2|Recover|p2a: Porygon2
|-heal|p2a: Porygon2|342\/373
|
|turn|19
|
|move|p1a: Raikou|Thunderbolt|p2a: Porygon2
|-damage|p2a: Porygon2|195\/373
|-status|p2a: Porygon2|par
|move|p2a: Porygon2|Tri Attack|p1a: Raikou
|-damage|p1a: Raikou|135\/321
|
|turn|20
|
|move|p1a: Raikou|Volt Switch|p2a: Porygon2
|-damage|p2a: Porygon2|83\/373 par
|
|switch|p1a: Beedrill|Beedrill-Mega, F|271\/271
|cant|p2a: Porygon2|par
|
|turn|21
|
|move|p1a: Beedrill|U-turn|p2a: Porygon2
|-damage|p2a: Porygon2|0 fnt
|faint|p2a: Porygon2
|
|switch|p1a: Landorus-Therian|Landorus-Therian, M|319\/319
|
|
|switch|p2a: Azumarill|Azumarill, F|399\/399
|-damage|p2a: Azumarill|350\/399|[from] Stealth Rock
|turn|22
|
|move|p1a: Landorus-Therian|Earthquake|p2a: Azumarill
|-crit|p2a: Azumarill
|-damage|p2a: Azumarill|4\/399
|move|p2a: Azumarill|Waterfall|p1a: Landorus-Therian
|-supereffective|p1a: Landorus-Therian
|-damage|p1a: Landorus-Therian|0 fnt
|faint|p1a: Landorus-Therian
|
|
|switch|p1a: Beedrill|Beedrill-Mega, F|271\/271
|turn|23
|c|âthesecondbest|fell stinger gg
|
|move|p2a: Azumarill|Aqua Jet|p1a: Beedrill
|-damage|p1a: Beedrill|84\/271
|move|p1a: Beedrill|U-turn|p2a: Azumarill
|-resisted|p2a: Azumarill
|-damage|p2a: Azumarill|0 fnt
|faint|p2a: Azumarill
|
|switch|p1a: Raikou|Raikou|135\/321
|-ability|p1a: Raikou|Pressure
|
|
|switch|p2a: Blissey|Blissey, F|464\/652
|-damage|p2a: Blissey|383\/652|[from] Stealth Rock
|turn|24
|
|move|p1a: Raikou|Thunderbolt|p2a: Blissey
|-damage|p2a: Blissey|292\/652
|move|p2a: Blissey|Wish|p2a: Blissey
|
|turn|25
|
|move|p1a: Raikou|Thunderbolt|p2a: Blissey
|-damage|p2a: Blissey|199\/652
|move|p2a: Blissey|Shadow Ball|p1a: Raikou
|-damage|p1a: Raikou|100\/321
|
|-heal|p2a: Blissey|525\/652|[from] move: Wish|[wisher] Blissey
|turn|26
|join|Scarf Buck
|
|switch|p1a: Bisharp|Bisharp, F|83\/271 par
|move|p2a: Blissey|Wish|p2a: Blissey
|
|turn|27
|
|switch|p2a: Sableye|Sableye-Mega, M|94\/304
|-damage|p2a: Sableye|56\/304|[from] Stealth Rock
|move|p1a: Bisharp|Knock Off|p2a: Sableye
|-damage|p2a: Sableye|0 fnt
|faint|p2a: Sableye
|
|
|switch|p2a: Gliscor|Gliscor, M|354\/354
|-damage|p2a: Gliscor|310\/354|[from] Stealth Rock
|turn|28
|
|move|p2a: Gliscor|Substitute|p2a: Gliscor
|-start|p2a: Gliscor|Substitute
|-damage|p2a: Gliscor|222\/354
|move|p1a: Bisharp|Knock Off|p2a: Gliscor
|-end|p2a: Gliscor|Substitute
|
|-status|p2a: Gliscor|tox|[from] item: Toxic Orb
|turn|29
|
|switch|p1a: Greninja|Greninja, F|187\/285 brn
|move|p2a: Gliscor|Substitute|p2a: Gliscor
|-start|p2a: Gliscor|Substitute
|-damage|p2a: Gliscor|134\/354 tox
|
|-damage|p1a: Greninja|152\/285 brn|[from] brn
|-heal|p2a: Gliscor|178\/354 tox|[from] ability: Poison Heal
|turn|30
|
|move|p2a: Gliscor|Protect|p2a: Gliscor
|-singleturn|p2a: Gliscor|Protect
|move|p1a: Greninja|Ice Beam|p2a: Gliscor
|-start|p1a: Greninja|typechange|Ice|[from] Protean
|-activate|p2a: Gliscor|Protect
|
|-damage|p1a: Greninja|117\/285 brn|[from] brn
|-heal|p2a: Gliscor|222\/354 tox|[from] ability: Poison Heal
|turn|31
|c|âThe Goomy|you're wasting a good mon
|
|move|p1a: Greninja|Ice Beam|p2a: Gliscor
|-supereffective|p2a: Gliscor
|-end|p2a: Gliscor|Substitute
|-damage|p1a: Greninja|89\/285 brn|[from] item: Life Orb
|move|p2a: Gliscor|Substitute|p2a: Gliscor
|-start|p2a: Gliscor|Substitute
|-damage|p2a: Gliscor|134\/354 tox
|
|-damage|p1a: Greninja|54\/285 brn|[from] brn
|-heal|p2a: Gliscor|178\/354 tox|[from] ability: Poison Heal
|turn|32
|
|move|p2a: Gliscor|Protect|p2a: Gliscor
|-singleturn|p2a: Gliscor|Protect
|move|p1a: Greninja|Ice Beam|p2a: Gliscor
|-activate|p2a: Gliscor|Protect
|
|-damage|p1a: Greninja|19\/285 brn|[from] brn
|-heal|p2a: Gliscor|222\/354 tox|[from] ability: Poison Heal
|turn|33
|
|move|p1a: Greninja|Ice Beam|p2a: Gliscor
|-supereffective|p2a: Gliscor
|-end|p2a: Gliscor|Substitute
|-damage|p1a: Greninja|0 fnt|[from] item: Life Orb
|faint|p1a: Greninja
|move|p2a: Gliscor|Substitute|p2a: Gliscor
|-start|p2a: Gliscor|Substitute
|-damage|p2a: Gliscor|134\/354 tox
|
|-heal|p2a: Gliscor|178\/354 tox|[from] ability: Poison Heal
|c|âthesecondbest|?
|
|switch|p1a: Raikou|Raikou|100\/321
|-ability|p1a: Raikou|Pressure
|turn|34
|
|move|p2a: Gliscor|Protect|p2a: Gliscor
|-singleturn|p2a: Gliscor|Protect
|move|p1a: Raikou|Hidden Power|p2a: Gliscor
|-activate|p2a: Gliscor|Protect
|
|-heal|p2a: Gliscor|222\/354 tox|[from] ability: Poison Heal
|turn|35
|
|move|p1a: Raikou|Hidden Power|p2a: Gliscor
|-supereffective|p2a: Gliscor
|-end|p2a: Gliscor|Substitute
|move|p2a: Gliscor|Earthquake|p1a: Raikou
|-crit|p1a: Raikou
|-supereffective|p1a: Raikou
|-damage|p1a: Raikou|0 fnt
|faint|p1a: Raikou
|
|-heal|p2a: Gliscor|266\/354 tox|[from] ability: Poison Heal
|
|switch|p1a: Beedrill|Beedrill-Mega, F|84\/271
|turn|36
|c|âthesecondbest|I'm not the best you know
|c|âthesecondbest|!rank the goomy
|-message|The Goomy forfeited.
|
|win|thesecondbest
|raw|Ladder updating...
|leave|The Goomy
|player|p1
|raw|The Goomy's rating: 1490 &rarr; <strong>1459<\/strong><br \/>(-31 for losing)
|raw|thesecondbest's rating: 1286 &rarr; <strong>1324<\/strong><br \/>(+38 for winning)