|join|thesecondbest
|join|candyson
|player|p1|thesecondbest|269
|player|p2|candyson|284
|gametype|singles
|gen|6
|tier|OU
|clearpoke
|poke|p1|Talonflame, F
|poke|p1|Pinsir, M
|poke|p1|Greninja, M
|poke|p1|Wobbuffet, F, shiny
|poke|p1|Excadrill, F
|poke|p1|Bisharp, M
|poke|p2|Sceptile, M
|poke|p2|Greninja, F
|poke|p2|Talonflame, M
|poke|p2|Garchomp, M
|poke|p2|Chansey, F
|poke|p2|Latias, F
|rule|Swagger Clause: Swagger is banned
|rule|Baton Pass Clause: Limit one PokÃ©mon knowing Baton Pass
|rule|Sleep Clause Mod: Limit one foe put to sleep
|rule|Species Clause: Limit one of each PokÃ©mon
|rule|OHKO Clause: OHKO moves are banned
|rule|Moody Clause: Moody is banned
|rule|Evasion Moves Clause: Evasion moves are banned
|rule|Endless Battle Clause: Forcing endless battles is banned
|rule|HP Percentage Mod: HP is shown in percentages
|teampreview
|
|start
|switch|p1a: hehe bwoi|Wobbuffet, F, shiny|584\/584
|switch|p2a: Greninja|Greninja, F|285\/285
|turn|1
|c|âthesecondbest|greninja is a god
|c|âcandyson|mhm
|
|move|p2a: Greninja|Dark Pulse|p1a: hehe bwoi
|-start|p2a: Greninja|typechange|Dark|[from] Protean
|-crit|p1a: hehe bwoi
|-supereffective|p1a: hehe bwoi
|-damage|p1a: hehe bwoi|0 fnt
|-damage|p2a: Greninja|257\/285|[from] item: Life Orb
|faint|p1a: hehe bwoi
|
|c|âcandyson|boom
|c|âcandyson|xD
|
|switch|p1a: outsped lol|Bisharp, M|271\/271
|turn|2
|
|switch|p2a: Garchomp|Garchomp, M|357\/357
|move|p1a: outsped lol|Stealth Rock|p2a: Garchomp
|-sidestart|p2: candyson|move: Stealth Rock
|
|turn|3
|
|switch|p1a: broke|Greninja, M|285\/285
|move|p2a: Garchomp|Earthquake|p1a: broke
|-damage|p1a: broke|0 fnt
|faint|p1a: broke
|
|c|âthesecondbest|is that really defensive?'
|c|âthesecondbest|wow
|c|âthesecondbest|did not expect
|c|âcandyson|no i switched to choice scarf
|c|âthesecondbest|oh....
|c|âthesecondbest|lol
|c|âcandyson|:P
|
|switch|p1a: lel lando|Pinsir, M|271\/271
|turn|4
|
|switch|p2a: Talonflame|Talonflame, M|298\/298
|-damage|p2a: Talonflame|149\/298|[from] Stealth Rock
|move|p1a: lel lando|Swords Dance|p1a: lel lando
|-boost|p1a: lel lando|atk|2
|
|turn|5
|
|switch|p1a: outsped lol|Bisharp, M|271\/271
|move|p2a: Talonflame|U-turn|p1a: outsped lol
|-damage|p1a: outsped lol|169\/271
|
|switch|p2a: Latias|Latias, F|319\/319
|-damage|p2a: Latias|280\/319|[from] Stealth Rock
|
|turn|6
|
|move|p2a: Latias|Defog|p1a: outsped lol
|-unboost|p1a: outsped lol|evasion|1
|-boost|p1a: outsped lol|atk|2|[from] ability: Defiant
|-sideend|p2: candyson|Stealth Rock|[from] move: Defog|[of] p2a: Latias
|move|p1a: outsped lol|Knock Off|p2a: Latias
|-supereffective|p2a: Latias
|-damage|p2a: Latias|0 fnt
|-enditem|p2a: Latias|Life Orb|[from] move: Knock Off|[of] p1a: outsped lol
|faint|p2a: Latias
|
|c|âthesecondbest|not smart
|c|âcandyson|i obv know what im doing :P
|c|âcandyson|ik
|
|switch|p2a: Garchomp|Garchomp, M|357\/357
|turn|7
|
|move|p1a: outsped lol|Sucker Punch|p2a: Garchomp
|-damage|p2a: Garchomp|42\/357
|-damage|p1a: outsped lol|136\/271|[from] ability: Rough Skin|[of] p2a: Garchomp
|move|p2a: Garchomp|Earthquake|p1a: outsped lol
|-supereffective|p1a: outsped lol
|-damage|p1a: outsped lol|0 fnt
|faint|p1a: outsped lol
|
|c|âcandyson|:P
|c|âthesecondbest|fuck my team is so weak
|c|âcandyson|lol
|
|switch|p1a: beak|Talonflame, F|319\/319
|turn|8
|c|âcandyson|same
|
|move|p2a: Garchomp|Earthquake|p1a: beak
|-immune|p1a: beak|[msg]
|move|p1a: beak|Swords Dance|p1a: beak
|-boost|p1a: beak|atk|2
|
|turn|9
|c|âcandyson|:|
|c|âthesecondbest|:S
|
|move|p2a: Garchomp|Earthquake|p1a: beak
|-immune|p1a: beak|[msg]
|move|p1a: beak|Swords Dance|p1a: beak
|-boost|p1a: beak|atk|2
|
|turn|10
|c|âthesecondbest|:S
|c|âcandyson|i cant switch :?
|
|move|p2a: Garchomp|Earthquake|p1a: beak
|-immune|p1a: beak|[msg]
|move|p1a: beak|Swords Dance|p1a: beak
|-boost|p1a: beak|atk|2
|
|turn|11
|c|âthesecondbest|you can
|c|âcandyson|id die
|
|move|p2a: Garchomp|Earthquake|p1a: beak
|-immune|p1a: beak|[msg]
|move|p1a: beak|Swords Dance|p1a: beak
|-fail|p1a: beak
|
|turn|12
|c|âthesecondbest|no rocks??
|c|âcandyson|i switched to scarf :|
|
|move|p2a: Garchomp|Earthquake|p1a: beak
|-immune|p1a: beak|[msg]
|move|p1a: beak|Swords Dance|p1a: beak
|-fail|p1a: beak
|
|turn|13
|c|âthesecondbest|YOu can switch :?
|c|âcandyson|are you banded or something? :P
|
|move|p2a: Garchomp|Earthquake|p1a: beak
|-immune|p1a: beak|[msg]
|move|p1a: beak|Swords Dance|p1a: beak
|-fail|p1a: beak
|
|turn|14
|c|âcandyson|wtf
|
|switch|p2a: Talonflame|Talonflame, M|149\/298
|move|p1a: beak|Swords Dance|p1a: beak
|-fail|p1a: beak
|
|turn|15
|
|move|p1a: beak|Brave Bird|p2a: Talonflame
|-damage|p2a: Talonflame|0 fnt
|-damage|p1a: beak|270\/319|[from] recoil|[of] p2a: Talonflame
|faint|p2a: Talonflame
|
|c|âcandyson|nope :\/
|
|switch|p2a: Chansey|Chansey, F|641\/641
|turn|16
|c|âthesecondbest|lol
|
|move|p1a: beak|Natural Gift|p2a: Chansey
|-damage|p2a: Chansey|157\/641
|move|p2a: Chansey|Stealth Rock|p1a: beak
|-sidestart|p1: thesecondbest|move: Stealth Rock
|
|turn|17
|c|âthesecondbest|plz werk
|
|move|p1a: beak|Brave Bird|p2a: Chansey
|-damage|p2a: Chansey|0 fnt
|-damage|p1a: beak|218\/319|[from] recoil|[of] p2a: Chansey
|faint|p2a: Chansey
|
|c|âthesecondbest|now i kill all things :D
|c|âthesecondbest|burd op
|
|switch|p2a: Garchomp|Garchomp, M|42\/357
|turn|18
|
|move|p1a: beak|Brave Bird|p2a: Garchomp
|-damage|p2a: Garchomp|0 fnt
|-damage|p1a: beak|179\/319|[from] ability: Rough Skin|[of] p2a: Garchomp
|-damage|p1a: beak|165\/319|[from] recoil|[of] p2a: Garchomp
|faint|p2a: Garchomp
|
|c|âthesecondbest|gg
|c|âcandyson|gg
|
|switch|p2a: Greninja|Greninja, F|257\/285
|turn|19
|c|âthesecondbest|frog cant save u now
|
|move|p1a: beak|Brave Bird|p2a: Greninja
|-damage|p2a: Greninja|0 fnt
|-damage|p1a: beak|80\/319|[from] recoil|[of] p2a: Greninja
|faint|p2a: Greninja
|
|
|switch|p2a: Sceptile|Sceptile, M|282\/282
|turn|20
|
|detailschange|p2a: Sceptile|Sceptile-Mega, M
|message|Sceptile has Mega Evolved into Mega Sceptile!
|move|p1a: beak|Brave Bird|p2a: Sceptile
|-supereffective|p2a: Sceptile
|-damage|p2a: Sceptile|0 fnt
|-damage|p1a: beak|0 fnt|[from] recoil|[of] p2a: Sceptile
|faint|p2a: Sceptile
|faint|p1a: beak
|
|win|thesecondbest
|c|âthesecondbest|gg