|join|thesecondbest
|join|TheAwesomeFish
|player|p1|thesecondbest|125
|player|p2|TheAwesomeFish|53
|gametype|singles
|gen|6
|tier|OU
|rated
|clearpoke
|poke|p1|Volcarona, M
|poke|p1|Deoxys-Defense
|poke|p1|Terrakion
|poke|p1|Talonflame, M
|poke|p1|Salamence, F
|poke|p2|Crobat, F
|poke|p2|Aggron, M
|poke|p2|Spiritomb, M
|poke|p2|Chandelure, F
|poke|p2|Gliscor, M
|poke|p2|Starmie
|rule|Sleep Clause Mod: Limit one foe put to sleep
|rule|Species Clause: Limit one of each Pokemon
|rule|OHKO Clause: OHKO moves are banned
|rule|Moody Clause: Moody is banned
|rule|Evasion Moves Clause: Evasion moves are banned
|rule|Endless Battle Clause: Forcing endless battles is banned.
|rule|HP Percentage Mod: HP is reported as percentages
|teampreview
|
|start
|switch|p1a: i know i have 5|Deoxys-Defense|304\/304
|switch|p2a: Opal|Starmie|261\/261
|-ability|p1a: i know i have 5|Pressure
|turn|1
|
|move|p2a: Opal|Hydro Pump|p1a: i know i have 5|[miss]
|-miss|p2a: Opal|p1a: i know i have 5
|move|p1a: i know i have 5|Thunder Wave|p2a: Opal
|-status|p2a: Opal|par
|
|turn|2
|
|move|p1a: i know i have 5|Stealth Rock|p2a: Opal
|-sidestart|p2: TheAwesomeFish|move: Stealth Rock
|move|p2a: Opal|Hydro Pump|p1a: i know i have 5
|-damage|p1a: i know i have 5|177\/304
|-enditem|p1a: i know i have 5|Red Card|[of] p2a: Opal
|drag|p2a: Stitch|Gliscor, M|354\/354
|-damage|p2a: Stitch|310\/354|[from] Stealth Rock
|
|-status|p2a: Stitch|tox|[from] item: Toxic Orb
|turn|3
|
|move|p2a: Stitch|Thunder Fang|p1a: i know i have 5
|-damage|p1a: i know i have 5|144\/304
|move|p1a: i know i have 5|Thunder Wave|p2a: Stitch
|-immune|p2a: Stitch|[msg]
|
|-heal|p2a: Stitch|354\/354 tox|[from] ability: Poison Heal
|turn|4
|
|move|p2a: Stitch|Rock Slide|p1a: i know i have 5
|-crit|p1a: i know i have 5
|-damage|p1a: i know i have 5|84\/304
|move|p1a: i know i have 5|Spikes|p2a: Stitch
|-sidestart|p2: TheAwesomeFish|Spikes
|
|turn|5
|chat|thesecondbest|derp
|
|move|p2a: Stitch|Fire Fang|p1a: i know i have 5
|-damage|p1a: i know i have 5|50\/304
|move|p1a: i know i have 5|Spikes|p2a: Stitch
|-sidestart|p2: TheAwesomeFish|Spikes
|
|turn|6
|
|move|p2a: Stitch|Rock Slide|p1a: i know i have 5
|-crit|p1a: i know i have 5
|-damage|p1a: i know i have 5|0 fnt
|faint|p1a: i know i have 5
|
|chat|thesecondbest|:|
|
|switch|p1a: badass|Salamence, F|331\/331
|turn|7
|
|move|p1a: badass|Dragon Dance|p1a: badass
|-boost|p1a: badass|atk|1
|-boost|p1a: badass|spe|1
|move|p2a: Stitch|Thunder Fang|p1a: badass
|-damage|p1a: badass|255\/331
|
|turn|8
|
|move|p1a: badass|Outrage|p2a: Stitch
|-damage|p2a: Stitch|62\/354 tox
|move|p2a: Stitch|Rock Slide|p1a: badass
|-supereffective|p1a: badass
|-damage|p1a: badass|77\/331
|
|-heal|p2a: Stitch|106\/354 tox|[from] ability: Poison Heal
|turn|9
|
|move|p1a: badass|Outrage|p2a: Stitch
|-crit|p2a: Stitch
|-damage|p2a: Stitch|0 fnt
|faint|p2a: Stitch
|-boost|p1a: badass|atk|1|[from] ability: Moxie
|
|chat|thesecondbest|Hello too damn good
|
|switch|p2a: Inoxite|Aggron, M|344\/344
|-damage|p2a: Inoxite|287\/344|[from] Spikes
|-damage|p2a: Inoxite|266\/344|[from] Stealth Rock
|turn|10
|
|move|p1a: badass|Outrage|p2a: Inoxite
|-resisted|p2a: Inoxite
|-damage|p2a: Inoxite|125\/344
|move|p2a: Inoxite|Iron Defense|p2a: Inoxite
|-boost|p2a: Inoxite|def|2
|
|-end|p1a: badass|rampage
|-start|p1a: badass|confusion
|-enditem|p1a: badass|Lum Berry|[eat]
|-end|p1a: badass|confusion
|turn|11
|
|move|p1a: badass|Earthquake|p2a: Inoxite
|-supereffective|p2a: Inoxite
|-damage|p2a: Inoxite|0 fnt
|faint|p2a: Inoxite
|-boost|p1a: badass|atk|1|[from] ability: Moxie
|
|
|switch|p2a: Opal|Starmie|261\/261
|-damage|p2a: Opal|218\/261|[from] Spikes
|-damage|p2a: Opal|186\/261|[from] Stealth Rock
|turn|12
|
|move|p1a: badass|Outrage|p2a: Opal
|-damage|p2a: Opal|0 fnt
|faint|p2a: Opal
|-boost|p1a: badass|atk|1|[from] ability: Moxie
|
|
|switch|p2a: Nosferapti|Crobat, F|311\/311
|-damage|p2a: Nosferapti|234\/311|[from] Stealth Rock
|turn|13
|
|move|p1a: badass|Outrage|p2a: Nosferapti
|-damage|p2a: Nosferapti|0 fnt
|faint|p2a: Nosferapti
|-boost|p1a: badass|atk|1|[from] ability: Moxie
|
|-end|p1a: badass|rampage
|-start|p1a: badass|confusion
|
|switch|p2a: Illuxion|Chandelure, F|262\/262
|-damage|p2a: Illuxion|197\/262|[from] Stealth Rock
|-item|p2a: Illuxion|Air Balloon
|turn|14
|
|-activate|p1a: badass|confusion
|move|p1a: badass|Earthquake|p2a: Illuxion
|-immune|p2a: Illuxion|[msg]
|move|p2a: Illuxion|Will-O-Wisp|p1a: badass
|-status|p1a: badass|brn
|
|-damage|p1a: badass|36\/331 brn|[from] brn
|turn|15
|
|-activate|p1a: badass|confusion
|-damage|p1a: badass|0 fnt|[from] confusion
|faint|p1a: badass
|move|p2a: Illuxion|Flamethrower|p1: badass|[notarget]
|-notarget
|
|
|switch|p1a: baller|Volcarona, M|374\/374
|turn|16
|
|move|p2a: Illuxion|Will-O-Wisp|p1a: baller
|-fail|p1a: baller
|move|p1a: baller|Quiver Dance|p1a: baller
|-boost|p1a: baller|spa|1
|-boost|p1a: baller|spd|1
|-boost|p1a: baller|spe|1
|
|turn|17
|
|move|p1a: baller|Quiver Dance|p1a: baller
|-boost|p1a: baller|spa|1
|-boost|p1a: baller|spd|1
|-boost|p1a: baller|spe|1
|move|p2a: Illuxion|Hex|p1a: baller
|-crit|p1a: baller
|-damage|p1a: baller|179\/374
|
|-heal|p1a: baller|202\/374|[from] item: Leftovers
|turn|18
|
|move|p1a: baller|Quiver Dance|p1a: baller
|-boost|p1a: baller|spa|1
|-boost|p1a: baller|spd|1
|-boost|p1a: baller|spe|1
|move|p2a: Illuxion|Hex|p1a: baller
|-damage|p1a: baller|153\/374
|
|-heal|p1a: baller|176\/374|[from] item: Leftovers
|turn|19
|
|move|p1a: baller|Roost|p1a: baller
|-heal|p1a: baller|363\/374
|move|p2a: Illuxion|Energy Ball|p1a: baller
|-resisted|p1a: baller
|-damage|p1a: baller|352\/374
|-unboost|p1a: baller|spd|1
|
|-heal|p1a: baller|374\/374|[from] item: Leftovers
|turn|20
|
|switch|p2a: Mirauge|Spiritomb, M|304\/304
|-damage|p2a: Mirauge|266\/304|[from] Stealth Rock
|-damage|p2a: Mirauge|216\/304|[from] Spikes
|-ability|p2a: Mirauge|Pressure
|move|p1a: baller|Quiver Dance|p1a: baller
|-boost|p1a: baller|spa|1
|-boost|p1a: baller|spd|1
|-boost|p1a: baller|spe|1
|
|turn|21
|
|move|p1a: baller|Bug Buzz|p2a: Mirauge
|-damage|p2a: Mirauge|0 fnt
|faint|p2a: Mirauge
|
|-message|TheAwesomeFish forfeited.
|
|win|thesecondbest
|raw|Ladder updating...
|leave|TheAwesomeFish
|player|p2
|raw|thesecondbest's rating: 1132 &rarr; <strong>1158<\/strong><br \/>(+26 for winning)
|raw|TheAwesomeFish's rating: 1143 &rarr; <strong>1118<\/strong><br \/>(-25 for losing)