|join|thesecondbest
|join|lolurmad
|player|p1|thesecondbest|269
|player|p2|lolurmad|148
|gametype|singles
|gen|6
|tier|OU
|clearpoke
|poke|p1|Talonflame, F
|poke|p1|Pinsir, F
|poke|p1|Greninja, M
|poke|p1|Wobbuffet, M, shiny
|poke|p1|Excadrill, F
|poke|p1|Bisharp, M
|poke|p2|Metagross
|poke|p2|Landorus-Therian, M
|poke|p2|Latios, M
|poke|p2|Sylveon, M
|poke|p2|Bisharp, M
|poke|p2|Keldeo
|rule|Swagger Clause: Swagger is banned
|rule|Baton Pass Clause: Limit one PokÃ©mon knowing Baton Pass
|rule|Sleep Clause Mod: Limit one foe put to sleep
|rule|Species Clause: Limit one of each PokÃ©mon
|rule|OHKO Clause: OHKO moves are banned
|rule|Moody Clause: Moody is banned
|rule|Evasion Moves Clause: Evasion moves are banned
|rule|Endless Battle Clause: Forcing endless battles is banned
|rule|HP Percentage Mod: HP is shown in percentages
|teampreview
|c|âlolurmad|birdspam op
|
|start
|switch|p1a: outsped lol|Bisharp, M|271\/271
|switch|p2a: Landorus-Therian|Landorus-Therian, M|354\/354
|-ability|p2a: Landorus-Therian|Intimidate|[of] p1a: outsped lol
|-unboost|p1a: outsped lol|atk|1
|-boost|p1a: outsped lol|atk|2|[from] ability: Defiant
|turn|1
|c|âthesecondbest|sylveon op
|c|âlolurmad|:l
|
|move|p2a: Landorus-Therian|Earthquake|p1a: outsped lol
|-supereffective|p1a: outsped lol
|-enditem|p1a: outsped lol|Focus Sash
|-damage|p1a: outsped lol|1\/271
|move|p1a: outsped lol|Knock Off|p2a: Landorus-Therian
|-damage|p2a: Landorus-Therian|57\/354
|-enditem|p2a: Landorus-Therian|Choice Scarf|[from] move: Knock Off|[of] p1a: outsped lol
|
|turn|2
|c|âlolurmad|sash
|c|âlolurmad|wtf?
|
|switch|p2a: Keldeo|Keldeo|322\/322
|move|p1a: outsped lol|Sucker Punch|p2a: Keldeo
|-fail|p2a: Keldeo
|
|turn|3
|
|move|p1a: outsped lol|Sucker Punch|p2a: Keldeo
|-resisted|p2a: Keldeo
|-damage|p2a: Keldeo|195\/322
|-boost|p2a: Keldeo|atk|1|[from] ability: Justified
|move|p2a: Keldeo|Hydro Pump|p1a: outsped lol
|-damage|p1a: outsped lol|0 fnt
|faint|p1a: outsped lol
|
|-heal|p2a: Keldeo|215\/322|[from] item: Leftovers
|
|switch|p1a: hehe bwoi|Wobbuffet, M, shiny|584\/584
|turn|4
|
|move|p2a: Keldeo|Calm Mind|p2a: Keldeo
|-boost|p2a: Keldeo|spa|1
|-boost|p2a: Keldeo|spd|1
|move|p1a: hehe bwoi|Encore|p2a: Keldeo
|-start|p2a: Keldeo|Encore
|
|-heal|p2a: Keldeo|235\/322|[from] item: Leftovers
|turn|5
|join|EpicNoivern434
|c|âlolurmad|ok
|leave|EpicNoivern434
|c|âlolurmad|lol
|c|âthesecondbest|time to win
|c|âlolurmad|xd
|
|switch|p1a: lel lando|Pinsir, F|271\/271
|move|p2a: Keldeo|Calm Mind|p2a: Keldeo
|-boost|p2a: Keldeo|spa|1
|-boost|p2a: Keldeo|spd|1
|
|-heal|p2a: Keldeo|255\/322|[from] item: Leftovers
|turn|6
|c|âlolurmad|sure
|
|switch|p2a: Landorus-Therian|Landorus-Therian, M|57\/354
|-ability|p2a: Landorus-Therian|Intimidate|[of] p1a: lel lando
|-fail|p1a: lel lando|unboost|Attack|[from] ability: Hyper Cutter|[of] p1a: lel lando
|move|p1a: lel lando|Swords Dance|p1a: lel lando
|-boost|p1a: lel lando|atk|2
|
|turn|7
|c|âlolurmad|wow
|c|âlolurmad|._.
|
|detailschange|p1a: lel lando|Pinsir-Mega, F
|message|Pinsir has Mega Evolved into Mega Pinsir!
|move|p1a: lel lando|Quick Attack|p2a: Landorus-Therian
|-damage|p2a: Landorus-Therian|0 fnt
|faint|p2a: Landorus-Therian
|
|
|switch|p2a: Metagross|Metagross|301\/301
|turn|8
|c|âthesecondbest|hyper cutter lol
|
|detailschange|p2a: Metagross|Metagross-Mega
|message|Metagross has Mega Evolved into Mega Metagross!
|move|p1a: lel lando|Close Combat|p2a: Metagross
|-damage|p2a: Metagross|87\/301
|-unboost|p1a: lel lando|def|1
|-unboost|p1a: lel lando|spd|1
|move|p2a: Metagross|Ice Punch|p1a: lel lando
|-supereffective|p1a: lel lando
|-damage|p1a: lel lando|0 fnt
|faint|p1a: lel lando
|
|c|âthesecondbest|ugh
|c|âthesecondbest|im cc
|c|âlolurmad|gooooooooooooood
|c|âthesecondbest|no eq
|c|âthesecondbest|rip
|c|âlolurmad|xd
|
|switch|p1a: broke|Greninja, M|285\/285
|turn|9
|
|switch|p2a: Sylveon|Sylveon, M|394\/394
|move|p1a: broke|Hydro Pump|p2a: Sylveon
|-start|p1a: broke|typechange|Water|[from] Protean
|-damage|p2a: Sylveon|237\/394
|-damage|p1a: broke|257\/285|[from] item: Life Orb
|
|-heal|p2a: Sylveon|261\/394|[from] item: Leftovers
|turn|10
|c|âlolurmad|fuck
|c|âthesecondbest|ninja op
|c|âlolurmad|you have gunk shot
|
|move|p1a: broke|Gunk Shot|p2a: Sylveon|[miss]
|-start|p1a: broke|typechange|Poison|[from] Protean
|-miss|p1a: broke|p2a: Sylveon
|move|p2a: Sylveon|Hyper Voice|p1a: broke
|-resisted|p1a: broke
|-damage|p1a: broke|160\/285
|
|-heal|p2a: Sylveon|285\/394|[from] item: Leftovers
|turn|11
|c|âlolurmad|:|
|
|move|p2a: Sylveon|Protect|p2a: Sylveon
|-singleturn|p2a: Sylveon|Protect
|move|p1a: broke|Gunk Shot|p2a: Sylveon
|-activate|p2a: Sylveon|Protect
|
|-heal|p2a: Sylveon|309\/394|[from] item: Leftovers
|turn|12
|
|move|p1a: broke|Gunk Shot|p2a: Sylveon
|-supereffective|p2a: Sylveon
|-damage|p2a: Sylveon|0 fnt
|-damage|p1a: broke|132\/285|[from] item: Life Orb
|faint|p2a: Sylveon
|
|
|switch|p2a: Keldeo|Keldeo|255\/322
|turn|13
|c|âlolurmad|oops
|
|move|p1a: broke|Gunk Shot|p2a: Keldeo|[miss]
|-miss|p1a: broke|p2a: Keldeo
|move|p2a: Keldeo|Hydro Pump|p1a: broke
|-damage|p1a: broke|0 fnt
|faint|p1a: broke
|
|-heal|p2a: Keldeo|275\/322|[from] item: Leftovers
|c|âlolurmad|wut
|c|âthesecondbest|oml...
|c|âthesecondbest|lucky and bad
|c|âlolurmad|no extrasensory?
|
|switch|p1a: hehe bwoi|Wobbuffet, M, shiny|584\/584
|turn|14
|c|âthesecondbest|no...
|c|âlolurmad|:|
|
|move|p2a: Keldeo|Secret Sword|p1a: hehe bwoi
|-resisted|p1a: hehe bwoi
|-damage|p1a: hehe bwoi|504\/584
|move|p1a: hehe bwoi|Mirror Coat|p2a: Keldeo
|-damage|p2a: Keldeo|115\/322
|
|-heal|p2a: Keldeo|135\/322|[from] item: Leftovers
|-heal|p1a: hehe bwoi|540\/584|[from] item: Leftovers
|turn|15
|
|move|p2a: Keldeo|Calm Mind|p2a: Keldeo
|-boost|p2a: Keldeo|spa|1
|-boost|p2a: Keldeo|spd|1
|move|p1a: hehe bwoi|Mirror Coat|p2a: Keldeo
|-fail|p2a: Keldeo
|
|-heal|p2a: Keldeo|155\/322|[from] item: Leftovers
|-heal|p1a: hehe bwoi|576\/584|[from] item: Leftovers
|turn|16
|
|move|p2a: Keldeo|Hydro Pump|p1a: hehe bwoi
|-damage|p1a: hehe bwoi|101\/584
|move|p1a: hehe bwoi|Mirror Coat|p2a: Keldeo
|-damage|p2a: Keldeo|0 fnt
|faint|p2a: Keldeo
|
|-heal|p1a: hehe bwoi|137\/584|[from] item: Leftovers
|c|âlolurmad|dammit
|
|switch|p2a: Bisharp|Bisharp, M|272\/272
|turn|17
|
|move|p2a: Bisharp|Swords Dance|p2a: Bisharp
|-boost|p2a: Bisharp|atk|2
|move|p1a: hehe bwoi|Encore|p2a: Bisharp
|-start|p2a: Bisharp|Encore
|
|-heal|p1a: hehe bwoi|173\/584|[from] item: Leftovers
|turn|18
|c|âlolurmad|DAMMIT
|
|switch|p1a: yummy|Excadrill, F|361\/361
|-ability|p1a: yummy|Mold Breaker
|move|p2a: Bisharp|Swords Dance|p2a: Bisharp
|-boost|p2a: Bisharp|atk|2
|
|turn|19
|
|switch|p2a: Latios|Latios, M|301\/301
|move|p1a: yummy|Earthquake|p2a: Latios
|-damage|p2a: Latios|69\/301
|
|turn|20
|c|âthesecondbest|haha
|c|âlolurmad|fuu mold breaker
|
|switch|p1a: hehe bwoi|Wobbuffet, M, shiny|173\/584
|move|p2a: Latios|Roost|p2a: Latios
|-heal|p2a: Latios|220\/301
|
|-heal|p1a: hehe bwoi|209\/584|[from] item: Leftovers
|turn|21
|
|move|p2a: Latios|Draco Meteor|p1a: hehe bwoi
|-damage|p1a: hehe bwoi|0 fnt
|-unboost|p2a: Latios|spa|2
|-damage|p2a: Latios|190\/301|[from] item: Life Orb
|faint|p1a: hehe bwoi
|
|
|switch|p1a: yummy|Excadrill, F|361\/361
|-ability|p1a: yummy|Mold Breaker
|turn|22
|c|âthesecondbest|sac somethin
|
|move|p2a: Latios|Draco Meteor|p1a: yummy
|-resisted|p1a: yummy
|-damage|p1a: yummy|287\/361
|-unboost|p2a: Latios|spa|2
|-damage|p2a: Latios|160\/301|[from] item: Life Orb
|move|p1a: yummy|Earthquake|p2a: Latios
|-damage|p2a: Latios|0 fnt
|faint|p2a: Latios
|
|c|âlolurmad|yes, mommy
|
|switch|p2a: Metagross|Metagross-Mega|87\/301
|turn|23
|
|move|p2a: Metagross|Earthquake|p1a: yummy
|-supereffective|p1a: yummy
|-damage|p1a: yummy|0 fnt
|faint|p1a: yummy
|
|
|switch|p1a: beak|Talonflame, F|319\/319
|turn|24
|c|âthesecondbest|gg
|
|move|p1a: beak|Flare Blitz|p2a: Metagross
|-supereffective|p2a: Metagross
|-damage|p2a: Metagross|0 fnt
|-damage|p1a: beak|290\/319|[from] recoil|[of] p2a: Metagross
|faint|p2a: Metagross
|
|
|switch|p2a: Bisharp|Bisharp, M|272\/272
|turn|25
|c|âlolurmad|D:
|
|move|p2a: Bisharp|Sucker Punch|p1a: beak
|-damage|p1a: beak|39\/319
|-damage|p2a: Bisharp|245\/272|[from] item: Life Orb
|-enditem|p1a: beak|Liechi Berry|[eat]
|-boost|p1a: beak|atk|1|[from] item: Liechi Berry
|move|p1a: beak|Flare Blitz|p2a: Bisharp
|-supereffective|p2a: Bisharp
|-damage|p2a: Bisharp|0 fnt
|-damage|p1a: beak|0 fnt|[from] recoil|[of] p2a: Bisharp
|faint|p2a: Bisharp
|faint|p1a: beak
|
|win|thesecondbest
|c|âlolurmad|gay
|c|âlolurmad|that should be a draw
|c|âthesecondbest|:P
|c|âlolurmad|xd
|c|âlolurmad|do u have uu
|c|âlolurmad|or ru
|c|âlolurmad|team
|leave|lolurmad
|player|p2