|join|brewplanner
|join|thesecondbest
|player|p1|brewplanner|163
|player|p2|thesecondbest|269
|gametype|singles
|gen|6
|tier|OU
|rated
|clearpoke
|poke|p1|Sceptile, F
|poke|p1|Jirachi
|poke|p1|Landorus-Therian, M
|poke|p1|Azumarill, F
|poke|p1|Gengar, M
|poke|p1|Scizor, M
|poke|p2|Staraptor, F
|poke|p2|Pinsir, M
|poke|p2|Greninja, M
|poke|p2|Wobbuffet, F, shiny
|poke|p2|Excadrill, F
|poke|p2|Bisharp, F
|rule|Swagger Clause: Swagger is banned
|rule|Baton Pass Clause: Limit one PokÃ©mon knowing Baton Pass
|rule|Sleep Clause Mod: Limit one foe put to sleep
|rule|Species Clause: Limit one of each PokÃ©mon
|rule|OHKO Clause: OHKO moves are banned
|rule|Moody Clause: Moody is banned
|rule|Evasion Moves Clause: Evasion moves are banned
|rule|Endless Battle Clause: Forcing endless battles is banned
|rule|HP Percentage Mod: HP is shown in percentages
|teampreview
|c|âthesecondbest|gl
|
|start
|switch|p1a: Gengar|Gengar, M|262\/262
|switch|p2a: outsped lol|Bisharp, F|271\/271
|turn|1
|
|move|p1a: Gengar|Focus Blast|p2a: outsped lol
|-supereffective|p2a: outsped lol
|-enditem|p2a: outsped lol|Focus Sash
|-damage|p2a: outsped lol|1\/271
|-damage|p1a: Gengar|236\/262|[from] item: Life Orb
|move|p2a: outsped lol|Knock Off|p1a: Gengar
|-supereffective|p1a: Gengar
|-damage|p1a: Gengar|0 fnt
|-enditem|p1a: Gengar|Life Orb|[from] move: Knock Off|[of] p2a: outsped lol
|faint|p1a: Gengar
|
|
|switch|p1a: Sceptile|Sceptile, F|281\/281
|turn|2
|
|switch|p1a: Scizor|Scizor, M|344\/344
|move|p2a: outsped lol|Stealth Rock|p1a: Scizor
|-sidestart|p1: brewplanner|move: Stealth Rock
|
|turn|3
|
|switch|p2a: hehe bwoi|Wobbuffet, F, shiny|584\/584
|move|p1a: Scizor|U-turn|p2a: hehe bwoi
|-supereffective|p2a: hehe bwoi
|-damage|p2a: hehe bwoi|144\/584
|
|switch|p1a: Sceptile|Sceptile, F|281\/281
|-damage|p1a: Sceptile|246\/281|[from] Stealth Rock
|
|-heal|p2a: hehe bwoi|180\/584|[from] item: Leftovers
|turn|4
|
|detailschange|p1a: Sceptile|Sceptile-Mega, F
|message|Sceptile has Mega Evolved into Mega Sceptile!
|move|p1a: Sceptile|Dragon Pulse|p2a: hehe bwoi
|-damage|p2a: hehe bwoi|0 fnt
|faint|p2a: hehe bwoi
|
|
|switch|p2a: lel lando|Pinsir, M|271\/271
|turn|5
|c|âthesecondbest|!calc
|raw|<div class="infobox">Pokemon Showdown! damage calculator. (Courtesy of Honko)<br \/>- <a href="https:\/\/pokemonshowdown.com\/damagecalc\/">Damage Calculator<\/a><\/div>
|c|âthesecondbest|!dt sceptil-mega
No Pokemon, item, move, ability or nature named 'sceptil-mega' was found. Showing the data of 'Sceptile-Mega' instead.
|c|~|\/data-pokemon Sceptile-Mega
|raw|<font size="1"><font color=#585858>Dex#:<\/font> 254&nbsp;|&ThickSpace;<font color=#585858>Height:<\/font> 1.9 m&nbsp;|&ThickSpace;<font color=#585858>Weight:<\/font> 55.2 kg <em>(80 BP)<\/em>&nbsp;|&ThickSpace;<font color=#585858>Dex Colour:<\/font> Green&nbsp;|&ThickSpace;<font color=#585858>Egg Group(s):<\/font> Monster, Dragon&nbsp;|&ThickSpace;<font color=#585858><font color=#585858>Does Not Evolve<\/font><\/font><\/font>
|
|switch|p1a: Landorus-Therian|Landorus-Therian, M|382\/382
|-damage|p1a: Landorus-Therian|335\/382|[from] Stealth Rock
|-ability|p1a: Landorus-Therian|Intimidate|[of] p2a: lel lando
|-fail|p2a: lel lando|unboost|Attack|[from] ability: Hyper Cutter|[of] p2a: lel lando
|detailschange|p2a: lel lando|Pinsir-Mega, M
|message|Pinsir has Mega Evolved into Mega Pinsir!
|move|p2a: lel lando|Return|p1a: Landorus-Therian
|-crit|p1a: Landorus-Therian
|-damage|p1a: Landorus-Therian|44\/382
|
|-heal|p1a: Landorus-Therian|67\/382|[from] item: Leftovers
|turn|6
|
|move|p2a: lel lando|Return|p1a: Landorus-Therian
|-damage|p1a: Landorus-Therian|0 fnt
|faint|p1a: Landorus-Therian
|
|
|switch|p1a: Azumarill|Azumarill, F|404\/404
|-damage|p1a: Azumarill|354\/404|[from] Stealth Rock
|turn|7
|
|move|p2a: lel lando|Return|p1a: Azumarill
|-damage|p1a: Azumarill|2\/404
|move|p1a: Azumarill|Waterfall|p2a: lel lando
|-damage|p2a: lel lando|37\/271
|
|turn|8
|
|move|p2a: lel lando|Quick Attack|p1a: Azumarill
|-crit|p1a: Azumarill
|-damage|p1a: Azumarill|0 fnt
|faint|p1a: Azumarill
|
|
|switch|p1a: Scizor|Scizor, M|344\/344
|-damage|p1a: Scizor|301\/344|[from] Stealth Rock
|turn|9
|
|switch|p2a: yummy|Excadrill, F|361\/361
|-ability|p2a: yummy|Mold Breaker
|move|p1a: Scizor|Bullet Punch|p2a: yummy
|-resisted|p2a: yummy
|-damage|p2a: yummy|219\/361
|
|turn|10
|
|move|p1a: Scizor|Bullet Punch|p2a: yummy
|-resisted|p2a: yummy
|-damage|p2a: yummy|96\/361
|move|p2a: yummy|Earthquake|p1a: Scizor
|-damage|p1a: Scizor|118\/344
|
|turn|11
|
|move|p1a: Scizor|Bullet Punch|p2a: yummy
|-resisted|p2a: yummy
|-damage|p2a: yummy|0 fnt
|faint|p2a: yummy
|
|
|switch|p2a: broke|Greninja, M|285\/285
|turn|12
|
|move|p1a: Scizor|Bullet Punch|p2a: broke
|-resisted|p2a: broke
|-damage|p2a: broke|158\/285
|move|p2a: broke|Hydro Pump|p1a: Scizor
|-start|p2a: broke|typechange|Water|[from] Protean
|-damage|p1a: Scizor|0 fnt
|-damage|p2a: broke|130\/285|[from] item: Life Orb
|faint|p1a: Scizor
|
|
|switch|p1a: Sceptile|Sceptile-Mega, F|246\/281
|-damage|p1a: Sceptile|211\/281|[from] Stealth Rock
|turn|13
|
|switch|p2a: outsped lol|Bisharp, F|1\/271
|move|p1a: Sceptile|Dragon Pulse|p2a: outsped lol
|-resisted|p2a: outsped lol
|-damage|p2a: outsped lol|0 fnt
|faint|p2a: outsped lol
|
|
|switch|p2a: lel lando|Pinsir-Mega, M|37\/271
|turn|14
|
|switch|p1a: Jirachi|Jirachi|341\/341
|-damage|p1a: Jirachi|320\/341|[from] Stealth Rock
|move|p2a: lel lando|Quick Attack|p1a: Jirachi
|-resisted|p1a: Jirachi
|-damage|p1a: Jirachi|266\/341
|
|turn|15
|
|switch|p2a: broke|Greninja, M|130\/285
|move|p1a: Jirachi|Iron Head|p2a: broke
|-resisted|p2a: broke
|-damage|p2a: broke|36\/285
|
|turn|16
|
|move|p1a: Jirachi|Iron Head|p2a: broke
|-resisted|p2a: broke
|-damage|p2a: broke|0 fnt
|faint|p2a: broke
|
|
|switch|p2a: star no raptor|Staraptor, F|311\/311
|turn|17
|
|switch|p1a: Sceptile|Sceptile-Mega, F|211\/281
|-damage|p1a: Sceptile|176\/281|[from] Stealth Rock
|move|p2a: star no raptor|Close Combat|p1a: Sceptile
|-damage|p1a: Sceptile|0 fnt
|-unboost|p2a: star no raptor|def|1
|-unboost|p2a: star no raptor|spd|1
|faint|p1a: Sceptile
|
|
|switch|p1a: Jirachi|Jirachi|266\/341
|-damage|p1a: Jirachi|245\/341|[from] Stealth Rock
|turn|18
|
|move|p1a: Jirachi|Iron Head|p2a: star no raptor
|-damage|p2a: star no raptor|76\/311
|-enditem|p2a: star no raptor|Sitrus Berry|[eat]
|-heal|p2a: star no raptor|153\/311|[from] item: Sitrus Berry
|cant|p2a: star no raptor|flinch
|
|turn|19
|
|move|p1a: Jirachi|Iron Head|p2a: star no raptor
|-damage|p2a: star no raptor|0 fnt
|faint|p2a: star no raptor
|
|
|switch|p2a: lel lando|Pinsir-Mega, M|37\/271
|turn|20
|
|move|p2a: lel lando|Quick Attack|p1a: Jirachi
|-resisted|p1a: Jirachi
|-damage|p1a: Jirachi|191\/341
|move|p1a: Jirachi|Iron Head|p2a: lel lando
|-crit|p2a: lel lando
|-damage|p2a: lel lando|0 fnt
|faint|p2a: lel lando
|
|win|brewplanner
|raw|Ladder updating...
|leave|thesecondbest
|player|p2
|raw|brewplanner's rating: 1431 &rarr; <strong>1453<\/strong><br \/>(+22 for winning)
|raw|thesecondbest's rating: 1475 &rarr; <strong>1452<\/strong><br \/>(-23 for losing)