|join|thesecondbest
|join|lil manaphy
|player|p1|thesecondbest|169
|player|p2|lil manaphy|272
|gametype|singles
|gen|6
|tier|OU
|rated
|clearpoke
|poke|p1|Charizard, F
|poke|p1|Tentacruel, M
|poke|p1|Hippowdon, M
|poke|p1|Tyranitar, F
|poke|p1|Ferrothorn, M
|poke|p1|Latios, M
|poke|p2|Lopunny, M
|poke|p2|Manaphy
|poke|p2|Scizor, M
|poke|p2|Celebi
|poke|p2|Heatran, M
|poke|p2|Mandibuzz, F
|rule|Swagger Clause: Swagger is banned
|rule|Baton Pass Clause: Limit one PokÃ©mon knowing Baton Pass
|rule|Sleep Clause Mod: Limit one foe put to sleep
|rule|Species Clause: Limit one of each PokÃ©mon
|rule|OHKO Clause: OHKO moves are banned
|rule|Moody Clause: Moody is banned
|rule|Evasion Moves Clause: Evasion moves are banned
|rule|Endless Battle Clause: Forcing endless battles is banned
|rule|HP Percentage Mod: HP is shown in percentages
|teampreview
|
|start
|switch|p1a: Charizard|Charizard, F|301\/301
|switch|p2a: still bigger than|Manaphy|341\/341
|turn|1
|join|Alkov
|
|switch|p2a: bean curd puff|Heatran, M|386\/386
|detailschange|p1a: Charizard|Charizard-Mega-Y, F
|-mega|p1a: Charizard|Charizard|Charizardite Y
|-weather|SunnyDay
|move|p1a: Charizard|Focus Blast|p2a: bean curd puff
|-supereffective|p2a: bean curd puff
|-damage|p2a: bean curd puff|114\/386
|
|-weather|SunnyDay|[upkeep]
|-heal|p2a: bean curd puff|138\/386|[from] item: Leftovers
|turn|2
|join|Azumarill
|join|ollopa
|
|move|p1a: Charizard|Focus Blast|p2a: bean curd puff
|-supereffective|p2a: bean curd puff
|-damage|p2a: bean curd puff|0 fnt
|faint|p2a: bean curd puff
|
|-weather|SunnyDay|[upkeep]
|
|switch|p2a: Couture|Lopunny, M|271\/271
|turn|3
|
|switch|p1a: Hippowdon|Hippowdon, M|420\/420
|-weather|Sandstorm
|detailschange|p2a: Couture|Lopunny-Mega, M
|-mega|p2a: Couture|Lopunny|Lopunnite
|move|p2a: Couture|Fake Out|p1a: Hippowdon
|-damage|p1a: Hippowdon|372\/420
|
|-weather|Sandstorm|[upkeep]
|-damage|p2a: Couture|255\/271|[from] sandstorm
|-heal|p1a: Hippowdon|398\/420|[from] item: Leftovers
|turn|4
|join|Demandred
|join|best teeeeee
|
|switch|p2a: still bigger than|Manaphy|341\/341
|move|p1a: Hippowdon|Stealth Rock|p2a: still bigger than
|-sidestart|p2: lil manaphy|move: Stealth Rock
|
|-weather|Sandstorm|[upkeep]
|-damage|p2a: still bigger than|320\/341|[from] sandstorm
|-heal|p2a: still bigger than|341\/341|[from] item: Leftovers
|-heal|p1a: Hippowdon|420\/420|[from] item: Leftovers
|turn|5
|
|switch|p1a: Ferrothorn|Ferrothorn, M|352\/352
|move|p2a: still bigger than|Tail Glow|p2a: still bigger than
|-boost|p2a: still bigger than|spa|3
|
|-weather|Sandstorm|[upkeep]
|-damage|p2a: still bigger than|320\/341|[from] sandstorm
|-heal|p2a: still bigger than|341\/341|[from] item: Leftovers
|turn|6
|
|move|p2a: still bigger than|Scald|p1a: Ferrothorn
|-resisted|p1a: Ferrothorn
|-damage|p1a: Ferrothorn|232\/352
|-status|p1a: Ferrothorn|brn
|move|p1a: Ferrothorn|Power Whip|p2a: still bigger than|[miss]
|-miss|p1a: Ferrothorn|p2a: still bigger than
|
|-weather|Sandstorm|[upkeep]
|-damage|p2a: still bigger than|320\/341|[from] sandstorm
|-heal|p2a: still bigger than|341\/341|[from] item: Leftovers
|-heal|p1a: Ferrothorn|254\/352 brn|[from] item: Leftovers
|-damage|p1a: Ferrothorn|210\/352 brn|[from] brn
|turn|7
|
|move|p2a: still bigger than|Tail Glow|p2a: still bigger than
|-boost|p2a: still bigger than|spa|3
|move|p1a: Ferrothorn|Leech Seed|p2a: still bigger than
|-start|p2a: still bigger than|move: Leech Seed
|
|-weather|none
|-heal|p1a: Ferrothorn|232\/352 brn|[from] item: Leftovers
|-damage|p2a: still bigger than|299\/341|[from] Leech Seed|[of] p1a: Ferrothorn
|-heal|p1a: Ferrothorn|274\/352 brn|[silent]
|-damage|p1a: Ferrothorn|230\/352 brn|[from] brn
|turn|8
|
|move|p2a: still bigger than|Scald|p1a: Ferrothorn
|-resisted|p1a: Ferrothorn
|-damage|p1a: Ferrothorn|41\/352 brn
|move|p1a: Ferrothorn|Power Whip|p2a: still bigger than
|-crit|p2a: still bigger than
|-supereffective|p2a: still bigger than
|-damage|p2a: still bigger than|89\/341
|
|-heal|p2a: still bigger than|110\/341|[from] item: Leftovers
|-heal|p1a: Ferrothorn|63\/352 brn|[from] item: Leftovers
|-damage|p2a: still bigger than|68\/341|[from] Leech Seed|[of] p1a: Ferrothorn
|-heal|p1a: Ferrothorn|105\/352 brn|[silent]
|-damage|p1a: Ferrothorn|61\/352 brn|[from] brn
|turn|9
|
|move|p2a: still bigger than|Scald|p1a: Ferrothorn
|-resisted|p1a: Ferrothorn
|-damage|p1a: Ferrothorn|0 fnt
|faint|p1a: Ferrothorn
|
|-heal|p2a: still bigger than|89\/341|[from] item: Leftovers
|
|switch|p1a: Latios|Latios, M|301\/301
|turn|10
|
|switch|p2a: business|Scizor, M|343\/343
|-damage|p2a: business|301\/343|[from] Stealth Rock
|move|p1a: Latios|Psyshock|p2a: business
|-resisted|p2a: business
|-damage|p2a: business|205\/343
|-damage|p1a: Latios|271\/301|[from] item: Life Orb
|
|turn|11
|
|move|p2a: business|Pursuit|p1a: Latios|[from]Pursuit
|-crit|p1a: Latios
|-supereffective|p1a: Latios
|-damage|p1a: Latios|0 fnt
|faint|p1a: Latios
|
|
|switch|p1a: Charizard|Charizard-Mega-Y, F|301\/301
|-weather|SunnyDay
|turn|12
|
|move|p1a: Charizard|Fire Blast|p2a: business|[miss]
|-miss|p1a: Charizard|p2a: business
|move|p2a: business|Pursuit|p1a: Charizard
|-damage|p1a: Charizard|155\/301
|
|-weather|SunnyDay|[upkeep]
|turn|13
|c| best teeeeee|lol
|
|move|p1a: Charizard|Fire Blast|p2a: business
|-supereffective|p2a: business
|-damage|p2a: business|0 fnt
|faint|p2a: business
|
|-weather|SunnyDay|[upkeep]
|
|switch|p2a: Couture|Lopunny-Mega, M|255\/271
|-damage|p2a: Couture|239\/271|[from] Stealth Rock
|turn|14
|
|switch|p1a: Hippowdon|Hippowdon, M|420\/420
|-weather|Sandstorm
|move|p2a: Couture|Power-Up Punch|p1a: Hippowdon
|-damage|p1a: Hippowdon|366\/420
|-boost|p2a: Couture|atk|1
|
|-weather|Sandstorm|[upkeep]
|-damage|p2a: Couture|223\/271|[from] sandstorm
|-heal|p1a: Hippowdon|392\/420|[from] item: Leftovers
|turn|15
|
|move|p2a: Couture|Power-Up Punch|p1a: Hippowdon
|-damage|p1a: Hippowdon|310\/420
|-boost|p2a: Couture|atk|1
|move|p1a: Hippowdon|Earthquake|p2a: Couture
|-damage|p2a: Couture|87\/271
|
|-weather|Sandstorm|[upkeep]
|-damage|p2a: Couture|71\/271|[from] sandstorm
|-heal|p1a: Hippowdon|336\/420|[from] item: Leftovers
|turn|16
|
|switch|p1a: Tyranitar|Tyranitar, F|341\/341
|move|p2a: Couture|Drain Punch|p1a: Tyranitar
|-supereffective|p1a: Tyranitar
|-damage|p1a: Tyranitar|0 fnt
|-heal|p2a: Couture|242\/271|[from] drain|[of] p1a: Tyranitar
|faint|p1a: Tyranitar
|
|-weather|Sandstorm|[upkeep]
|-damage|p2a: Couture|226\/271|[from] sandstorm
|c| ollopa|yum
|
|switch|p1a: Hippowdon|Hippowdon, M|336\/420
|turn|17
|
|move|p2a: Couture|Return|p1a: Hippowdon
|-damage|p1a: Hippowdon|69\/420
|move|p1a: Hippowdon|Earthquake|p2a: Couture
|-damage|p2a: Couture|78\/271
|
|-weather|Sandstorm|[upkeep]
|-damage|p2a: Couture|62\/271|[from] sandstorm
|-heal|p1a: Hippowdon|95\/420|[from] item: Leftovers
|turn|18
|
|move|p2a: Couture|Return|p1a: Hippowdon
|-damage|p1a: Hippowdon|0 fnt
|faint|p1a: Hippowdon
|
|-weather|none
|
|switch|p1a: Tentacruel|Tentacruel, M|357\/357
|turn|19
|
|move|p2a: Couture|Return|p1a: Tentacruel
|-crit|p1a: Tentacruel
|-damage|p1a: Tentacruel|0 fnt
|faint|p1a: Tentacruel
|
|
|switch|p1a: Charizard|Charizard-Mega-Y, F|155\/301
|-weather|SunnyDay
|turn|20
|join|habajiga
|
|move|p2a: Couture|Return|p1a: Charizard
|-damage|p1a: Charizard|0 fnt
|faint|p1a: Charizard
|
|win|lil manaphy
|raw|Ladder updating...