|join|thesecondbest
|join|Pomman
|player|p1|thesecondbest|265
|player|p2|Pomman|260
|gametype|singles
|gen|6
|tier|OU
|rated
|clearpoke
|poke|p1|Charizard, M
|poke|p1|Tentacruel, F
|poke|p1|Hippowdon, F
|poke|p1|Tyranitar, F
|poke|p1|Ferrothorn, M
|poke|p1|Latios, M
|poke|p2|Chansey, F
|poke|p2|Sableye, F
|poke|p2|Ferrothorn, F
|poke|p2|Heatran, M
|poke|p2|Slowbro, M
|poke|p2|Gliscor, M
|rule|Swagger Clause: Swagger is banned
|rule|Baton Pass Clause: Limit one PokÃ©mon knowing Baton Pass
|rule|Sleep Clause Mod: Limit one foe put to sleep
|rule|Species Clause: Limit one of each PokÃ©mon
|rule|OHKO Clause: OHKO moves are banned
|rule|Moody Clause: Moody is banned
|rule|Evasion Moves Clause: Evasion moves are banned
|rule|Endless Battle Clause: Forcing endless battles is banned
|rule|HP Percentage Mod: HP is shown in percentages
|teampreview
|
|start
|switch|p1a: Charizard|Charizard, M|301\/301
|switch|p2a: Sableye|Sableye, F|303\/303
|turn|1
|
|detailschange|p1a: Charizard|Charizard-Mega-Y, M
|-mega|p1a: Charizard|Charizard|Charizardite Y
|-weather|SunnyDay
|detailschange|p2a: Sableye|Sableye-Mega, F
|-mega|p2a: Sableye|Sableye|Sablenite
|move|p1a: Charizard|Focus Blast|p2a: Sableye
|-immune|p2a: Sableye|[msg]
|move|p2a: Sableye|Foul Play|p1a: Charizard
|-damage|p1a: Charizard|163\/301
|
|-weather|SunnyDay|[upkeep]
|turn|2
|
|switch|p2a: Heatran|Heatran, M|385\/385
|move|p1a: Charizard|Roost|p1a: Charizard
|-heal|p1a: Charizard|301\/301
|
|-weather|SunnyDay|[upkeep]
|turn|3
|
|switch|p1a: Tentacruel|Tentacruel, F|357\/357
|switch|p2a: Sableye|Sableye-Mega, F|303\/303
|
|-weather|SunnyDay|[upkeep]
|turn|4
|
|switch|p1a: Charizard|Charizard-Mega-Y, M|301\/301
|move|p2a: Sableye|Knock Off|p1a: Charizard
|-damage|p1a: Charizard|219\/301
|
|-weather|SunnyDay|[upkeep]
|turn|5
|
|switch|p2a: Chansey|Chansey, F|643\/643
|move|p1a: Charizard|Flamethrower|p2a: Chansey
|-damage|p2a: Chansey|492\/643
|
|-weather|none
|turn|6
|
|switch|p1a: Tentacruel|Tentacruel, F|357\/357
|move|p2a: Chansey|Toxic|p1a: Tentacruel
|-fail|p1a: Tentacruel
|
|turn|7
|
|switch|p2a: Sableye|Sableye-Mega, F|303\/303
|move|p1a: Tentacruel|Toxic Spikes|p2a: Sableye
|move|p2a: Sableye|Toxic Spikes|p1a: Tentacruel|[from]Magic Bounce
|-sidestart|p1: thesecondbest|move: Toxic Spikes
|
|turn|8
|
|switch|p1a: Charizard|Charizard-Mega-Y, M|219\/301
|-weather|SunnyDay
|move|p2a: Sableye|Knock Off|p1a: Charizard
|-damage|p1a: Charizard|134\/301
|
|-weather|SunnyDay|[upkeep]
|turn|9
|
|switch|p2a: Slowbro|Slowbro, M|394\/394
|move|p1a: Charizard|Focus Blast|p2a: Slowbro|[miss]
|-miss|p1a: Charizard|p2a: Slowbro
|
|-weather|SunnyDay|[upkeep]
|turn|10
|
|switch|p2a: Heatran|Heatran, M|385\/385
|move|p1a: Charizard|Roost|p1a: Charizard
|-heal|p1a: Charizard|285\/301
|
|-weather|SunnyDay|[upkeep]
|turn|11
|
|move|p1a: Charizard|Focus Blast|p2a: Heatran
|-supereffective|p2a: Heatran
|-damage|p2a: Heatran|121\/385
|move|p2a: Heatran|Stealth Rock|p1a: Charizard
|-sidestart|p1: thesecondbest|move: Stealth Rock
|
|-weather|SunnyDay|[upkeep]
|-heal|p2a: Heatran|145\/385|[from] item: Leftovers
|turn|12
|
|switch|p2a: Chansey|Chansey, F|492\/643
|move|p1a: Charizard|Focus Blast|p2a: Chansey
|-supereffective|p2a: Chansey
|-damage|p2a: Chansey|314\/643
|
|-weather|none
|turn|13
|
|switch|p1a: Tentacruel|Tentacruel, F|357\/357
|-sideend|p1: thesecondbest|move: Toxic Spikes|[of] p1a: Tentacruel
|-damage|p1a: Tentacruel|313\/357|[from] Stealth Rock
|move|p2a: Chansey|Soft-Boiled|p2a: Chansey
|-heal|p2a: Chansey|636\/643
|
|-heal|p1a: Tentacruel|335\/357|[from] item: Black Sludge
|turn|14
|
|switch|p2a: Sableye|Sableye-Mega, F|303\/303
|move|p1a: Tentacruel|Scald|p2a: Sableye
|-damage|p2a: Sableye|237\/303
|
|-heal|p1a: Tentacruel|357\/357|[from] item: Black Sludge
|turn|15
|
|switch|p1a: Charizard|Charizard-Mega-Y, M|285\/301
|-damage|p1a: Charizard|135\/301|[from] Stealth Rock
|-weather|SunnyDay
|move|p2a: Sableye|Knock Off|p1a: Charizard
|-damage|p1a: Charizard|50\/301
|
|-weather|SunnyDay|[upkeep]
|turn|16
|
|move|p1a: Charizard|Roost|p1a: Charizard
|-heal|p1a: Charizard|201\/301
|move|p2a: Sableye|Foul Play|p1a: Charizard
|-damage|p1a: Charizard|66\/301
|
|-weather|SunnyDay|[upkeep]
|turn|17
|
|move|p1a: Charizard|Roost|p1a: Charizard
|-heal|p1a: Charizard|217\/301
|move|p2a: Sableye|Foul Play|p1a: Charizard
|-damage|p1a: Charizard|97\/301
|
|-weather|SunnyDay|[upkeep]
|turn|18
|
|move|p1a: Charizard|Flamethrower|p2a: Sableye
|-damage|p2a: Sableye|0 fnt
|faint|p2a: Sableye
|
|-weather|SunnyDay|[upkeep]
|
|switch|p2a: Slowbro|Slowbro, M|394\/394
|turn|19
|
|move|p1a: Charizard|Solar Beam|p2a: Slowbro|[still]
|-prepare|p1a: Charizard|Solar Beam|p2a: Slowbro
|-anim|p1a: Charizard|Solar Beam|p2a: Slowbro
|-supereffective|p2a: Slowbro
|-damage|p2a: Slowbro|0 fnt
|faint|p2a: Slowbro
|
|-weather|none
|-message|Pomman forfeited.
|
|win|thesecondbest
|raw|Ladder updating...
|raw|thesecondbest's rating: 1526 &rarr; <strong>1544<\/strong><br \/>(+18 for winning)
|raw|Pomman's rating: 1491 &rarr; <strong>1473<\/strong><br \/>(-18 for losing)
|leave|Pomman
|player|p2