|join|thesecondbest
|join|ba$ed n bad
|player|p1|thesecondbest|269
|player|p2|ba$ed n bad|140
|gametype|singles
|gen|6
|tier|OU (suspect test)
|rated
|clearpoke
|poke|p1|Tyranitar, F
|poke|p1|Excadrill, M
|poke|p1|Azumarill, M
|poke|p1|Pinsir, M
|poke|p1|Landorus, M
|poke|p1|Diggersby, M
|poke|p2|Keldeo
|poke|p2|Metagross, shiny
|poke|p2|Gengar, F
|poke|p2|Raikou
|poke|p2|Landorus-Therian, M
|poke|p2|Garchomp, F, shiny
|rule|Swagger Clause: Swagger is banned
|rule|Baton Pass Clause: Limit one PokÃ©mon knowing Baton Pass
|rule|Sleep Clause Mod: Limit one foe put to sleep
|rule|Species Clause: Limit one of each PokÃ©mon
|rule|OHKO Clause: OHKO moves are banned
|rule|Moody Clause: Moody is banned
|rule|Evasion Moves Clause: Evasion moves are banned
|rule|Endless Battle Clause: Forcing endless battles is banned
|rule|HP Percentage Mod: HP is shown in percentages
|teampreview
|
|start
|switch|p1a: DDTTar|Tyranitar, F|341\/341
|switch|p2a: Keldeo|Keldeo|323\/323
|-weather|Sandstorm
|turn|1
|join|iE0
|c| iE0|u missed
|c| iE0|the best play ever by him
|c| iE0|lol
|
|move|p2a: Keldeo|Scald|p1a: DDTTar
|-supereffective|p1a: DDTTar
|-damage|p1a: DDTTar|47\/341
|-status|p1a: DDTTar|brn
|move|p1a: DDTTar|Stealth Rock|p2a: Keldeo
|-sidestart|p2: ba$ed n bad|move: Stealth Rock
|
|-weather|Sandstorm|[upkeep]
|-damage|p2a: Keldeo|303\/323|[from] sandstorm
|-damage|p1a: DDTTar|5\/341 brn|[from] brn
|turn|2
|leave|iE0
|
|move|p2a: Keldeo|Scald|p1a: DDTTar
|-supereffective|p1a: DDTTar
|-damage|p1a: DDTTar|0 fnt
|faint|p1a: DDTTar
|
|-weather|Sandstorm|[upkeep]
|-damage|p2a: Keldeo|283\/323|[from] sandstorm
|
|switch|p1a: 4gotten|Pinsir, M|271\/271
|turn|3
|
|detailschange|p1a: 4gotten|Pinsir-Mega, M
|-mega|p1a: 4gotten|Pinsir|Pinsirite
|move|p2a: Keldeo|Scald|p1a: 4gotten
|-damage|p1a: 4gotten|33\/271
|-status|p1a: 4gotten|brn
|move|p1a: 4gotten|Return|p2a: Keldeo
|-supereffective|p2a: Keldeo
|-damage|p2a: Keldeo|1\/323
|
|-weather|Sandstorm|[upkeep]
|-damage|p2a: Keldeo|0 fnt|[from] sandstorm
|-damage|p1a: 4gotten|17\/271 brn|[from] sandstorm
|-damage|p1a: 4gotten|0 fnt|[from] brn
|faint|p2a: Keldeo
|faint|p1a: 4gotten
|c|âthesecondbest|of course
|c|âthesecondbest|you are bad
|c|âthesecondbest|Last time was stupid
|c|âba$ed n bad|youre dogshit at this game
|c|âba$ed n bad|quit lol
|
|switch|p2a: Garchomp|Garchomp, F, shiny|357\/357
|switch|p1a: Azumarill|Azumarill, M|341\/341
|-damage|p2a: Garchomp|335\/357|[from] Stealth Rock
|turn|4
|
|move|p2a: Garchomp|Stealth Rock|p1a: Azumarill
|-sidestart|p1: thesecondbest|move: Stealth Rock
|move|p1a: Azumarill|Play Rough|p2a: Garchomp
|-supereffective|p2a: Garchomp
|-damage|p2a: Garchomp|0 fnt
|-damage|p1a: Azumarill|299\/341|[from] ability: Rough Skin|[of] p2a: Garchomp
|faint|p2a: Garchomp
|
|-weather|Sandstorm|[upkeep]
|-damage|p1a: Azumarill|278\/341|[from] sandstorm
|
|switch|p2a: Gengar|Gengar, F|261\/261
|-damage|p2a: Gengar|229\/261|[from] Stealth Rock
|turn|5
|
|move|p2a: Gengar|Shadow Ball|p1a: Azumarill
|-damage|p1a: Azumarill|47\/341
|-damage|p2a: Gengar|203\/261|[from] item: Life Orb
|-enditem|p1a: Azumarill|Sitrus Berry|[eat]
|-heal|p1a: Azumarill|132\/341|[from] item: Sitrus Berry
|move|p1a: Azumarill|Knock Off|p2a: Gengar
|-supereffective|p2a: Gengar
|-damage|p2a: Gengar|0 fnt
|-enditem|p2a: Gengar|Life Orb|[from] move: Knock Off|[of] p1a: Azumarill
|faint|p2a: Gengar
|
|-weather|none
|c|âthesecondbest|you're aids
|c|âthesecondbest|sludge wave is super effective
|
|switch|p2a: Metagross|Metagross, shiny|301\/301
|-damage|p2a: Metagross|283\/301|[from] Stealth Rock
|turn|6
|
|detailschange|p2a: Metagross|Metagross-Mega, shiny
|-mega|p2a: Metagross|Metagross|Metagrossite
|move|p1a: Azumarill|Aqua Jet|p2a: Metagross
|-damage|p2a: Metagross|219\/301
|move|p2a: Metagross|Earthquake|p1a: Azumarill
|-damage|p1a: Azumarill|0 fnt
|faint|p1a: Azumarill
|
|c|âba$ed n bad|youre losing the match
|
|switch|p1a: Diggersby|Diggersby, M|311\/311
|-damage|p1a: Diggersby|292\/311|[from] Stealth Rock
|turn|7
|c|âba$ed n bad|kill yourself
|
|switch|p2a: Landorus-Therian|Landorus-Therian, M|319\/319
|-damage|p2a: Landorus-Therian|280\/319|[from] Stealth Rock
|-ability|p2a: Landorus-Therian|Intimidate|[of] p1a: Diggersby
|-unboost|p1a: Diggersby|atk|1
|move|p1a: Diggersby|Earthquake|p2a: Landorus-Therian
|-immune|p2a: Landorus-Therian|[msg]
|
|turn|8
|
|move|p2a: Landorus-Therian|Knock Off|p1a: Diggersby
|-crit|p1a: Diggersby
|-damage|p1a: Diggersby|40\/311
|-enditem|p1a: Diggersby|Life Orb|[from] move: Knock Off|[of] p2a: Landorus-Therian
|move|p1a: Diggersby|Return|p2a: Landorus-Therian
|-damage|p2a: Landorus-Therian|117\/319
|
|turn|9
|c|âthesecondbest|im sick and tired of all these lucky and bad players
|
|move|p2a: Landorus-Therian|Knock Off|p1a: Diggersby
|-damage|p1a: Diggersby|0 fnt
|faint|p1a: Diggersby
|
|c|âba$ed n bad|lol
|c|âba$ed n bad|lol
|c|âba$ed n bad|lol
|
|switch|p1a: Landorus|Landorus, M|319\/319
|-damage|p1a: Landorus|280\/319|[from] Stealth Rock
|turn|10
|c|âba$ed n bad|your dogshit at this game
|c|âba$ed n bad|hang yourself
|c|âba$ed n bad|honestly i feel bad for you
|
|move|p2a: Landorus-Therian|Knock Off|p1a: Landorus
|-damage|p1a: Landorus|141\/319
|-enditem|p1a: Landorus|Life Orb|[from] move: Knock Off|[of] p2a: Landorus-Therian
|move|p1a: Landorus|Rock Polish|p1a: Landorus
|-boost|p1a: Landorus|spe|2
|
|turn|11
|c|âba$ed n bad|i didnt know people could be soo bad at an easy game
|
|move|p1a: Landorus|Sludge Wave|p2a: Landorus-Therian
|-resisted|p2a: Landorus-Therian
|-damage|p2a: Landorus-Therian|25\/319
|move|p2a: Landorus-Therian|Knock Off|p1a: Landorus
|-damage|p1a: Landorus|48\/319
|
|turn|12
|
|move|p1a: Landorus|Sludge Wave|p2a: Landorus-Therian
|-resisted|p2a: Landorus-Therian
|-damage|p2a: Landorus-Therian|0 fnt
|faint|p2a: Landorus-Therian
|
|
|switch|p2a: Raikou|Raikou|321\/321
|-damage|p2a: Raikou|281\/321|[from] Stealth Rock
|-ability|p2a: Raikou|Pressure
|turn|13
|
|move|p1a: Landorus|Earth Power|p2a: Raikou
|-supereffective|p2a: Raikou
|-damage|p2a: Raikou|0 fnt
|faint|p2a: Raikou
|
|c|âba$ed n bad|of course
|c|âba$ed n bad|max damage
|c|âba$ed n bad|lucky n bad
|
|switch|p2a: Metagross|Metagross-Mega, shiny|219\/301
|-damage|p2a: Metagross|201\/301|[from] Stealth Rock
|turn|14
|
|move|p1a: Landorus|Earth Power|p2a: Metagross
|-supereffective|p2a: Metagross
|-damage|p2a: Metagross|0 fnt
|faint|p2a: Metagross
|
|win|thesecondbest
|raw|Ladder updating...
|raw|thesecondbest's rating: 1330 &rarr; <strong>1352<\/strong><br \/>(+22 for winning)
|raw|ba$ed n bad's rating: 1367 &rarr; <strong>1345<\/strong><br \/>(-22 for losing)
|c|âba$ed n bad|you suck
|c|âba$ed n bad|!
|c|âba$ed n bad|aahahah
|leave|ba$ed n bad
|player|p2