|J|Christo m8
|J|hairy toenail
|player|p1|Christo m8|102
|player|p2|hairy toenail|147
|gametype|singles
|gen|6
|tier|UU
|rule|Sleep Clause Mod: Limit one foe put to sleep
|rule|Species Clause: Limit one of each PokÃ©mon
|rule|OHKO Clause: OHKO moves are banned
|rule|Moody Clause: Moody is banned
|rule|Evasion Moves Clause: Evasion moves are banned
|rule|Endless Battle Clause: Forcing endless battles is banned
|rule|HP Percentage Mod: HP is shown in percentages
|clearpoke
|poke|p1|Hydreigon, F
|poke|p1|Pidgeot, M
|poke|p1|Jirachi
|poke|p1|Doublade, F
|poke|p1|Machamp, M
|poke|p1|Nidoqueen, F
|poke|p2|Entei, shiny
|poke|p2|Vaporeon, M
|poke|p2|Hydreigon, F
|poke|p2|Celebi
|poke|p2|Mienshao, M
|poke|p2|Forretress, F
|rule|Swagger Clause: Swagger is banned
|rule|Baton Pass Clause: Limit one PokÃ©mon knowing Baton Pass
|teampreview
|c|âhairy toenail|glhf
|
|start
|switch|p1a: Nidoqueen|Nidoqueen, F|330\/330
|switch|p2a: Entei|Entei, shiny|371\/371
|-ability|p2a: Entei|Pressure
|turn|1
|J|Tom Bus
|c|+Tom Bus|is this for farm?
|c|âhairy toenail|y
|
|switch|p2a: Vaporeon|Vaporeon, M|451\/451
|move|p1a: Nidoqueen|Earth Power|p2a: Vaporeon
|-damage|p2a: Vaporeon|243\/451
|
|-heal|p2a: Vaporeon|271\/451|[from] item: Leftovers
|turn|2
|c|âChristo m8|i enjoy your yt tom :]
|c|+Tom Bus|thank you :]
|J|chimpact
|
|move|p1a: Nidoqueen|Sludge Wave|p2a: Vaporeon
|-damage|p2a: Vaporeon|53\/451
|move|p2a: Vaporeon|Scald|p1a: Nidoqueen
|-supereffective|p1a: Nidoqueen
|-damage|p1a: Nidoqueen|114\/330
|-status|p1a: Nidoqueen|brn
|
|-heal|p2a: Vaporeon|81\/451|[from] item: Leftovers
|-damage|p1a: Nidoqueen|73\/330 brn|[from] brn
|turn|3
|
|move|p1a: Nidoqueen|Sludge Wave|p2a: Vaporeon
|-damage|p2a: Vaporeon|0 fnt
|faint|p2a: Vaporeon
|
|-damage|p1a: Nidoqueen|32\/330 brn|[from] brn
|
|switch|p2a: Mienshao|Mienshao, M|271\/271
|turn|4
|
|move|p2a: Mienshao|U-turn|p1a: Nidoqueen
|-resisted|p1a: Nidoqueen
|-damage|p1a: Nidoqueen|0 fnt
|faint|p1a: Nidoqueen
|
|switch|p2a: Hydreigon|Hydreigon, F|325\/325
|
|
|switch|p1a: Machamp|Machamp, M|374\/374
|turn|5
|J|Big Brandon Carter
|
|switch|p2a: Celebi|Celebi|403\/403
|move|p1a: Machamp|Dynamic Punch|p2a: Celebi
|-resisted|p2a: Celebi
|-damage|p2a: Celebi|318\/403
|-start|p2a: Celebi|confusion
|
|-heal|p2a: Celebi|343\/403|[from] item: Leftovers
|turn|6
|L|Big Brandon Carter
|
|switch|p1a: Hydreigon|Hydreigon, F|325\/325
|-activate|p2a: Celebi|confusion
|-damage|p2a: Celebi|315\/403|[from] confusion
|
|-heal|p2a: Celebi|340\/403|[from] item: Leftovers
|turn|7
|
|switch|p2a: Forretress|Forretress, F|353\/353
|move|p1a: Hydreigon|Draco Meteor|p2a: Forretress
|-resisted|p2a: Forretress
|-damage|p2a: Forretress|135\/353
|-unboost|p1a: Hydreigon|spa|2
|
|-heal|p2a: Forretress|157\/353|[from] item: Leftovers
|turn|8
|
|switch|p1a: Pidgeot|Pidgeot, M|308\/308
|move|p2a: Forretress|Stealth Rock|p1a: Pidgeot
|-sidestart|p1: Christo m8|move: Stealth Rock
|
|-heal|p2a: Forretress|179\/353|[from] item: Leftovers
|turn|9
|
|detailschange|p1a: Pidgeot|Pidgeot-Mega, M
|-mega|p1a: Pidgeot|Pidgeot|Pidgeotite
|move|p1a: Pidgeot|Hurricane|p2a: Forretress
|-damage|p2a: Forretress|0 fnt
|faint|p2a: Forretress
|
|
|switch|p2a: Entei|Entei, shiny|371\/371
|-ability|p2a: Entei|Pressure
|turn|10
|
|move|p1a: Pidgeot|Hurricane|p2a: Entei
|-crit|p2a: Entei
|-damage|p2a: Entei|8\/371
|-start|p2a: Entei|confusion
|-activate|p2a: Entei|confusion
|move|p2a: Entei|Sacred Fire|p1a: Pidgeot
|-damage|p1a: Pidgeot|0 fnt
|faint|p1a: Pidgeot
|
|
|switch|p1a: Jirachi|Jirachi|341\/341
|-damage|p1a: Jirachi|320\/341|[from] Stealth Rock
|turn|11
|
|move|p1a: Jirachi|U-turn|p2a: Entei
|-resisted|p2a: Entei
|-damage|p2a: Entei|0 fnt
|faint|p2a: Entei
|
|switch|p1a: Hydreigon|Hydreigon, F|325\/325
|-damage|p1a: Hydreigon|285\/325|[from] Stealth Rock
|
|
|switch|p2a: Mienshao|Mienshao, M|271\/271
|turn|12
|
|move|p2a: Mienshao|High Jump Kick|p1a: Hydreigon|[miss]
|-miss|p2a: Mienshao|p1a: Hydreigon
|-damage|p2a: Mienshao|136\/271|[from] highjumpkick
|move|p1a: Hydreigon|Draco Meteor|p2a: Mienshao|[miss]
|-miss|p1a: Hydreigon|p2a: Mienshao
|
|turn|13
|
|switch|p1a: Doublade|Doublade, F|319\/319
|-damage|p1a: Doublade|300\/319|[from] Stealth Rock
|move|p2a: Mienshao|High Jump Kick|p1a: Doublade
|-immune|p1a: Doublade|[msg]
|-damage|p2a: Mienshao|1\/271|[from] highjumpkick
|
|turn|14
|
|switch|p2a: Hydreigon|Hydreigon, F|325\/325
|move|p1a: Doublade|Sacred Sword|p2a: Hydreigon
|-supereffective|p2a: Hydreigon
|-damage|p2a: Hydreigon|107\/325
|
|turn|15
|
|switch|p1a: Machamp|Machamp, M|374\/374
|-damage|p1a: Machamp|351\/374|[from] Stealth Rock
|move|p2a: Hydreigon|Draco Meteor|p1a: Machamp
|-damage|p1a: Machamp|133\/374
|-unboost|p2a: Hydreigon|spa|2
|-damage|p2a: Hydreigon|75\/325|[from] item: Life Orb
|
|turn|16
|
|switch|p2a: Celebi|Celebi|340\/403
|move|p1a: Machamp|Bullet Punch|p2a: Celebi
|-damage|p2a: Celebi|287\/403
|
|-heal|p2a: Celebi|312\/403|[from] item: Leftovers
|turn|17
|
|move|p2a: Celebi|U-turn|p1a: Machamp
|-resisted|p1a: Machamp
|-damage|p1a: Machamp|103\/374
|
|switch|p2a: Hydreigon|Hydreigon, F|75\/325
|move|p1a: Machamp|Knock Off|p2a: Hydreigon
|-resisted|p2a: Hydreigon
|-damage|p2a: Hydreigon|4\/325
|-enditem|p2a: Hydreigon|Life Orb|[from] move: Knock Off|[of] p1a: Machamp
|
|turn|18
|
|switch|p2a: Celebi|Celebi|312\/403
|move|p1a: Machamp|Knock Off|p2a: Celebi
|-supereffective|p2a: Celebi
|-damage|p2a: Celebi|58\/403
|-enditem|p2a: Celebi|Leftovers|[from] move: Knock Off|[of] p1a: Machamp
|
|turn|19
|
|move|p1a: Machamp|Bullet Punch|p2a: Celebi
|-damage|p2a: Celebi|6\/403
|move|p2a: Celebi|Psychic|p1a: Machamp
|-supereffective|p1a: Machamp
|-damage|p1a: Machamp|0 fnt
|faint|p1a: Machamp
|
|
|switch|p1a: Jirachi|Jirachi|320\/341
|-damage|p1a: Jirachi|299\/341|[from] Stealth Rock
|turn|20
|
|move|p1a: Jirachi|U-turn|p2a: Celebi
|-supereffective|p2a: Celebi
|-damage|p2a: Celebi|0 fnt
|faint|p2a: Celebi
|
|switch|p1a: Hydreigon|Hydreigon, F|285\/325
|-damage|p1a: Hydreigon|245\/325|[from] Stealth Rock
|
|
|switch|p2a: Mienshao|Mienshao, M|1\/271
|turn|21
|
|move|p2a: Mienshao|U-turn|p1a: Hydreigon
|-supereffective|p1a: Hydreigon
|-damage|p1a: Hydreigon|73\/325
|
|switch|p2a: Hydreigon|Hydreigon, F|4\/325
|move|p1a: Hydreigon|Dark Pulse|p2a: Hydreigon
|-resisted|p2a: Hydreigon
|-damage|p2a: Hydreigon|0 fnt
|faint|p2a: Hydreigon
|
|
|switch|p2a: Mienshao|Mienshao, M|1\/271
|turn|22
|
|move|p2a: Mienshao|Knock Off|p1a: Hydreigon
|-resisted|p1a: Hydreigon
|-damage|p1a: Hydreigon|12\/325
|-enditem|p1a: Hydreigon|Choice Specs|[from] move: Knock Off|[of] p2a: Mienshao
|move|p1a: Hydreigon|Dark Pulse|p2a: Mienshao
|-crit|p2a: Mienshao
|-resisted|p2a: Mienshao
|-damage|p2a: Mienshao|0 fnt
|faint|p2a: Mienshao
|
|win|Christo m8
|c|âChristo m8|gg
|c|âhairy toenail|gg
|L|hairy toenail
|player|p2