|J|Christo m8
|J|candres
|player|p1|Christo m8|1
|player|p2|candres|169
|gametype|singles
|gen|6
|tier|UU
|rule|Sleep Clause Mod: Limit one foe put to sleep
|rule|Species Clause: Limit one of each PokÃ©mon
|rule|OHKO Clause: OHKO moves are banned
|rule|Moody Clause: Moody is banned
|rule|Evasion Moves Clause: Evasion moves are banned
|rule|Endless Battle Clause: Forcing endless battles is banned
|rule|HP Percentage Mod: HP is shown in percentages
|clearpoke
|poke|p1|Hydreigon, M
|poke|p1|Pidgeot, M
|poke|p1|Jirachi
|poke|p1|Doublade, F
|poke|p1|Machamp, F
|poke|p1|Nidoqueen, F
|poke|p2|Aerodactyl, F
|poke|p2|Magneton
|poke|p2|Mienshao, M
|poke|p2|Roserade, F
|poke|p2|Starmie
|poke|p2|Krookodile, F
|rule|Swagger Clause: Swagger is banned
|rule|Baton Pass Clause: Limit one PokÃ©mon knowing Baton Pass
|teampreview
|
|start
|switch|p1a: Pidgeot|Pidgeot, M|308\/308
|switch|p2a: Roserade|Roserade, F|324\/324
|turn|1
|J|Cosine180
|
|switch|p2a: Magneton|Magneton|272\/272
|detailschange|p1a: Pidgeot|Pidgeot-Mega, M
|-mega|p1a: Pidgeot|Pidgeot|Pidgeotite
|move|p1a: Pidgeot|Hurricane|p2a: Magneton
|-resisted|p2a: Magneton
|-damage|p2a: Magneton|227\/272
|
|turn|2
|J|hxhxhxhxhxhxhx
|J|the don of
|
|switch|p1a: Nidoqueen|Nidoqueen, F|330\/330
|switch|p2a: Roserade|Roserade, F|324\/324
|
|turn|3
|L|the don of
|
|move|p1a: Nidoqueen|Ice Beam|p2a: Roserade
|-crit|p2a: Roserade
|-supereffective|p2a: Roserade
|-damage|p2a: Roserade|17\/324
|move|p2a: Roserade|Sleep Powder|p1a: Nidoqueen
|-status|p1a: Nidoqueen|slp
|
|-heal|p2a: Roserade|37\/324|[from] item: Leftovers
|turn|4
|c|âChristo m8|sorry
|
|cant|p1a: Nidoqueen|slp
|move|p2a: Roserade|Spikes|p1a: Nidoqueen
|-sidestart|p1: Christo m8|Spikes
|
|-heal|p2a: Roserade|57\/324|[from] item: Leftovers
|turn|5
|
|switch|p2a: Starmie|Starmie|261\/261
|cant|p1a: Nidoqueen|slp
|
|turn|6
|J|Noriya
|
|switch|p1a: Hydreigon|Hydreigon, M|325\/325
|move|p2a: Starmie|Hydro Pump|p1a: Hydreigon
|-resisted|p1a: Hydreigon
|-damage|p1a: Hydreigon|181\/325
|-damage|p2a: Starmie|235\/261|[from] item: Life Orb
|
|turn|7
|
|switch|p2a: Roserade|Roserade, F|57\/324
|move|p1a: Hydreigon|Dark Pulse|p2a: Roserade
|-damage|p2a: Roserade|0 fnt
|faint|p2a: Roserade
|
|
|switch|p2a: Krookodile|Krookodile, F|394\/394
|-ability|p2a: Krookodile|Intimidate|[of] p1a: Hydreigon
|-unboost|p1a: Hydreigon|atk|1
|turn|8
|
|move|p1a: Hydreigon|Dark Pulse|p2a: Krookodile
|-resisted|p2a: Krookodile
|-damage|p2a: Krookodile|285\/394
|move|p2a: Krookodile|Stealth Rock|p1a: Hydreigon
|-sidestart|p1: Christo m8|move: Stealth Rock
|
|-heal|p2a: Krookodile|309\/394|[from] item: Leftovers
|turn|9
|
|move|p1a: Hydreigon|Dark Pulse|p2a: Krookodile
|-resisted|p2a: Krookodile
|-damage|p2a: Krookodile|209\/394
|move|p2a: Krookodile|Superpower|p1a: Hydreigon
|-supereffective|p1a: Hydreigon
|-damage|p1a: Hydreigon|0 fnt
|-unboost|p2a: Krookodile|atk|1
|-unboost|p2a: Krookodile|def|1
|faint|p1a: Hydreigon
|
|-heal|p2a: Krookodile|233\/394|[from] item: Leftovers
|
|switch|p1a: Pidgeot|Pidgeot-Mega, M|308\/308
|-damage|p1a: Pidgeot|231\/308|[from] Stealth Rock
|turn|10
|
|switch|p2a: Magneton|Magneton|227\/272
|move|p1a: Pidgeot|Defog|p2a: Magneton
|-unboost|p2a: Magneton|evasion|1
|-sideend|p1: Christo m8|Spikes|[from] move: Defog|[of] p1a: Pidgeot
|-sideend|p1: Christo m8|Stealth Rock|[from] move: Defog|[of] p1a: Pidgeot
|
|turn|11
|L|Noriya
|
|move|p1a: Pidgeot|Protect|p1a: Pidgeot
|-singleturn|p1a: Pidgeot|Protect
|move|p2a: Magneton|Volt Switch|p1a: Pidgeot
|-activate|p1a: Pidgeot|Protect
|
|turn|12
|
|move|p1a: Pidgeot|Heat Wave|p2a: Magneton
|-crit|p2a: Magneton
|-supereffective|p2a: Magneton
|-damage|p2a: Magneton|0 fnt
|faint|p2a: Magneton
|
|c|âChristo m8|sorry!
|
|switch|p2a: Aerodactyl|Aerodactyl, F|301\/301
|-ability|p2a: Aerodactyl|Pressure
|turn|13
|c|âChristo m8|it was a roll
|c|âcandres|idk i was eviolite
|
|switch|p2a: Krookodile|Krookodile, F|233\/394
|-ability|p2a: Krookodile|Intimidate|[of] p1a: Pidgeot
|-unboost|p1a: Pidgeot|atk|1
|switch|p1a: Doublade|Doublade, F|319\/319
|
|-heal|p2a: Krookodile|257\/394|[from] item: Leftovers
|turn|14
|J|Jarryd Hayne
|J|Obvious Power
|L|Jarryd Hayne
|c|âChristo m8|i calced b4 but u must run SPdef
|c|âcandres|I run some HP
|c|âChristo m8|well it was a roll
|
|switch|p1a: Machamp|Machamp, F|364\/364
|move|p2a: Krookodile|Knock Off|p1a: Machamp
|-resisted|p1a: Machamp
|-damage|p1a: Machamp|281\/364
|-enditem|p1a: Machamp|Assault Vest|[from] move: Knock Off|[of] p2a: Krookodile
|
|-heal|p2a: Krookodile|281\/394|[from] item: Leftovers
|turn|15
|
|switch|p2a: Starmie|Starmie|235\/261
|move|p1a: Machamp|Dynamic Punch|p2a: Starmie
|-resisted|p2a: Starmie
|-damage|p2a: Starmie|118\/261
|-start|p2a: Starmie|confusion
|
|turn|16
|
|-activate|p2a: Starmie|confusion
|move|p2a: Starmie|Hydro Pump|p1a: Machamp
|-damage|p1a: Machamp|30\/364
|-damage|p2a: Starmie|92\/261|[from] item: Life Orb
|move|p1a: Machamp|Knock Off|p2a: Starmie
|-supereffective|p2a: Starmie
|-damage|p2a: Starmie|0 fnt
|-enditem|p2a: Starmie|Life Orb|[from] move: Knock Off|[of] p1a: Machamp
|faint|p2a: Starmie
|
|
|switch|p2a: Aerodactyl|Aerodactyl, F|301\/301
|-ability|p2a: Aerodactyl|Pressure
|turn|17
|
|detailschange|p2a: Aerodactyl|Aerodactyl-Mega, F
|-mega|p2a: Aerodactyl|Aerodactyl|Aerodactylite
|move|p1a: Machamp|Bullet Punch|p2a: Aerodactyl
|-supereffective|p2a: Aerodactyl
|-damage|p2a: Aerodactyl|179\/301
|move|p2a: Aerodactyl|Aerial Ace|p1a: Machamp
|-supereffective|p1a: Machamp
|-damage|p1a: Machamp|0 fnt
|faint|p1a: Machamp
|
|
|switch|p1a: Jirachi|Jirachi|341\/341
|turn|18
|
|switch|p2a: Krookodile|Krookodile, F|281\/394
|-ability|p2a: Krookodile|Intimidate|[of] p1a: Jirachi
|-unboost|p1a: Jirachi|atk|1
|move|p1a: Jirachi|Iron Head|p2a: Krookodile
|-damage|p2a: Krookodile|176\/394
|
|-heal|p2a: Krookodile|200\/394|[from] item: Leftovers
|turn|19
|
|move|p1a: Jirachi|Iron Head|p2a: Krookodile
|-damage|p2a: Krookodile|109\/394
|move|p2a: Krookodile|Knock Off|p1a: Jirachi
|-supereffective|p1a: Jirachi
|-damage|p1a: Jirachi|59\/341
|-enditem|p1a: Jirachi|Choice Scarf|[from] move: Knock Off|[of] p2a: Krookodile
|
|-heal|p2a: Krookodile|133\/394|[from] item: Leftovers
|turn|20
|
|move|p1a: Jirachi|Iron Head|p2a: Krookodile
|-damage|p2a: Krookodile|31\/394
|move|p2a: Krookodile|Stealth Rock|p1a: Jirachi
|-sidestart|p1: Christo m8|move: Stealth Rock
|
|-heal|p2a: Krookodile|55\/394|[from] item: Leftovers
|turn|21
|L|Cosine180
|
|switch|p2a: Mienshao|Mienshao, M|271\/271
|move|p1a: Jirachi|Iron Head|p2a: Mienshao
|-damage|p2a: Mienshao|160\/271
|
|turn|22
|J|phil
|
|move|p2a: Mienshao|Knock Off|p1a: Jirachi
|-supereffective|p1a: Jirachi
|-damage|p1a: Jirachi|0 fnt
|-damage|p2a: Mienshao|133\/271|[from] item: Life Orb
|faint|p1a: Jirachi
|
|
|switch|p1a: Pidgeot|Pidgeot-Mega, M|231\/308
|-damage|p1a: Pidgeot|154\/308|[from] Stealth Rock
|turn|23
|
|move|p1a: Pidgeot|Hurricane|p2a: Mienshao
|-supereffective|p2a: Mienshao
|-damage|p2a: Mienshao|0 fnt
|faint|p2a: Mienshao
|
|
|switch|p2a: Aerodactyl|Aerodactyl-Mega, F|179\/301
|turn|24
|
|switch|p1a: Nidoqueen|Nidoqueen, F|330\/330 slp
|-damage|p1a: Nidoqueen|310\/330 slp|[from] Stealth Rock
|move|p2a: Aerodactyl|Aerial Ace|p1a: Nidoqueen
|-damage|p1a: Nidoqueen|148\/330 slp
|
|turn|25
|
|move|p2a: Aerodactyl|Aqua Tail|p1a: Nidoqueen
|-crit|p1a: Nidoqueen
|-supereffective|p1a: Nidoqueen
|-damage|p1a: Nidoqueen|0 fnt
|faint|p1a: Nidoqueen
|
|
|switch|p1a: Doublade|Doublade, F|319\/319
|-damage|p1a: Doublade|300\/319|[from] Stealth Rock
|turn|26
|L|phil
|
|switch|p2a: Krookodile|Krookodile, F|55\/394
|-ability|p2a: Krookodile|Intimidate|[of] p1a: Doublade
|-unboost|p1a: Doublade|atk|1
|move|p1a: Doublade|Iron Head|p2a: Krookodile
|-damage|p2a: Krookodile|0 fnt
|faint|p2a: Krookodile
|
|
|switch|p2a: Aerodactyl|Aerodactyl-Mega, F|179\/301
|turn|27
|
|move|p2a: Aerodactyl|Hone Claws|p2a: Aerodactyl
|-boost|p2a: Aerodactyl|atk|1
|-boost|p2a: Aerodactyl|accuracy|1
|move|p1a: Doublade|Iron Head|p2a: Aerodactyl
|-supereffective|p2a: Aerodactyl
|-damage|p2a: Aerodactyl|0 fnt
|faint|p2a: Aerodactyl
|
|win|Christo m8
|c|âChristo m8|gg
|c|âcandres|gg