|inactive|Battle timer is ON: inactive players will automatically lose when time's up.
|J|Christo m8
|J|ULT Toenail
|player|p1|Christo m8|170
|player|p2|ULT Toenail|147
|gametype|singles
|gen|6
|tier|UU
|rule|Sleep Clause Mod: Limit one foe put to sleep
|rule|Species Clause: Limit one of each PokÃ©mon
|rule|OHKO Clause: OHKO moves are banned
|rule|Moody Clause: Moody is banned
|rule|Evasion Moves Clause: Evasion moves are banned
|rule|Endless Battle Clause: Forcing endless battles is banned
|rule|HP Percentage Mod: HP is shown in percentages
|clearpoke
|poke|p1|Hydreigon, M
|poke|p1|Pidgeot, M
|poke|p1|Jirachi
|poke|p1|Doublade, F
|poke|p1|Machamp, M
|poke|p1|Nidoqueen, F
|poke|p2|Snorlax, F
|poke|p2|Whimsicott, M
|poke|p2|Hydreigon, F
|poke|p2|Doublade, F, shiny
|poke|p2|Cobalion
|poke|p2|Starmie
|rule|Swagger Clause: Swagger is banned
|rule|Baton Pass Clause: Limit one PokÃ©mon knowing Baton Pass
|teampreview
|c|âULT Toenail|hf
|
|start
|switch|p1a: Nidoqueen|Nidoqueen, F|330\/330
|switch|p2a: Rick|Starmie|323\/323
|turn|1
|
|switch|p1a: Hydreigon|Hydreigon, M|325\/325
|move|p2a: Rick|Scald|p1a: Hydreigon
|-resisted|p1a: Hydreigon
|-damage|p1a: Hydreigon|274\/325
|-status|p1a: Hydreigon|brn
|
|-damage|p1a: Hydreigon|234\/325 brn|[from] brn
|turn|2
|
|switch|p2a: Dr. Dreigon|Hydreigon, F|325\/325
|move|p1a: Hydreigon|Flash Cannon|p2a: Dr. Dreigon
|-damage|p2a: Dr. Dreigon|166\/325
|
|-damage|p1a: Hydreigon|194\/325 brn|[from] brn
|turn|3
|
|switch|p1a: Machamp|Machamp, M|362\/362
|move|p2a: Dr. Dreigon|U-turn|p1a: Machamp
|-resisted|p1a: Machamp
|-damage|p1a: Machamp|330\/362
|
|switch|p2a: Cotton Pickin'|Whimsicott, M|261\/261
|
|turn|4
|
|switch|p1a: Jirachi|Jirachi|341\/341
|move|p2a: Cotton Pickin'|U-turn|p1a: Jirachi
|-damage|p1a: Jirachi|306\/341
|
|switch|p2a: Simba|Cobalion|370\/370
|
|turn|5
|
|move|p1a: Jirachi|U-turn|p2a: Simba
|-resisted|p2a: Simba
|-damage|p2a: Simba|357\/370
|
|switch|p1a: Pidgeot|Pidgeot, M|308\/308
|move|p2a: Simba|Stealth Rock|p1a: Pidgeot
|-sidestart|p1: Christo m8|move: Stealth Rock
|
|-heal|p2a: Simba|370\/370|[from] item: Leftovers
|turn|6
|
|detailschange|p1a: Pidgeot|Pidgeot-Mega, M
|-mega|p1a: Pidgeot|Pidgeot|Pidgeotite
|move|p1a: Pidgeot|Protect|p1a: Pidgeot
|-singleturn|p1a: Pidgeot|Protect
|move|p2a: Simba|Volt Switch|p1a: Pidgeot
|-activate|p1a: Pidgeot|Protect
|
|turn|7
|
|switch|p2a: Tu Madre|Snorlax, F|497\/497
|move|p1a: Pidgeot|Hurricane|p2a: Tu Madre
|-damage|p2a: Tu Madre|355\/497
|
|-heal|p2a: Tu Madre|386\/497|[from] item: Leftovers
|turn|8
|
|switch|p1a: Doublade|Doublade, F|319\/319
|-damage|p1a: Doublade|300\/319|[from] Stealth Rock
|switch|p2a: Dr. Dreigon|Hydreigon, F|166\/325
|
|turn|9
|
|switch|p1a: Machamp|Machamp, M|330\/362
|-damage|p1a: Machamp|308\/362|[from] Stealth Rock
|move|p2a: Dr. Dreigon|Dark Pulse|p1a: Machamp
|-resisted|p1a: Machamp
|-damage|p1a: Machamp|254\/362
|
|turn|10
|
|switch|p2a: Simba|Cobalion|370\/370
|move|p1a: Machamp|Dynamic Punch|p2a: Simba
|-supereffective|p2a: Simba
|-damage|p2a: Simba|28\/370
|-start|p2a: Simba|confusion
|
|-heal|p2a: Simba|51\/370|[from] item: Leftovers
|turn|11
|
|-activate|p2a: Simba|confusion
|-damage|p2a: Simba|27\/370|[from] confusion
|move|p1a: Machamp|Dynamic Punch|p2a: Simba
|-supereffective|p2a: Simba
|-damage|p2a: Simba|0 fnt
|faint|p2a: Simba
|
|
|switch|p2a: SlashinLikeAnAxew|Doublade, F, shiny|321\/321
|turn|12
|
|switch|p1a: Hydreigon|Hydreigon, M|194\/325 brn
|-damage|p1a: Hydreigon|154\/325 brn|[from] Stealth Rock
|move|p2a: SlashinLikeAnAxew|Iron Head|p1a: Hydreigon
|-damage|p1a: Hydreigon|6\/325 brn
|
|-damage|p1a: Hydreigon|0 fnt|[from] brn
|faint|p1a: Hydreigon
|
|switch|p1a: Nidoqueen|Nidoqueen, F|330\/330
|-damage|p1a: Nidoqueen|310\/330|[from] Stealth Rock
|turn|13
|J|broken wings
|
|switch|p2a: Rick|Starmie|323\/323
|move|p1a: Nidoqueen|Stealth Rock|p2a: Rick
|-sidestart|p2: ULT Toenail|move: Stealth Rock
|
|turn|14
|
|move|p2a: Rick|Scald|p1a: Nidoqueen
|-supereffective|p1a: Nidoqueen
|-damage|p1a: Nidoqueen|106\/330
|move|p1a: Nidoqueen|Sludge Wave|p2a: Rick
|-damage|p2a: Rick|70\/323
|
|-heal|p2a: Rick|90\/323|[from] item: Leftovers
|turn|15
|J|Eyan
|J|The Bravest Birds
|L|The Bravest Birds
|
|move|p2a: Rick|Rapid Spin|p1a: Nidoqueen
|-damage|p1a: Nidoqueen|92\/330
|-sideend|p2: ULT Toenail|Stealth Rock|[from] move: Rapid Spin|[of] p2a: Rick
|move|p1a: Nidoqueen|Sludge Wave|p2a: Rick
|-damage|p2a: Rick|0 fnt
|faint|p2a: Rick
|
|
|switch|p2a: Dr. Dreigon|Hydreigon, F|166\/325
|turn|16
|
|move|p2a: Dr. Dreigon|Dark Pulse|p1a: Nidoqueen
|-damage|p1a: Nidoqueen|0 fnt
|faint|p1a: Nidoqueen
|
|J|Cranham
|
|switch|p1a: Machamp|Machamp, M|254\/362
|-damage|p1a: Machamp|232\/362|[from] Stealth Rock
|turn|17
|
|switch|p2a: Cotton Pickin'|Whimsicott, M|261\/261
|move|p1a: Machamp|Knock Off|p2a: Cotton Pickin'
|-crit|p2a: Cotton Pickin'
|-resisted|p2a: Cotton Pickin'
|-damage|p2a: Cotton Pickin'|144\/261
|-enditem|p2a: Cotton Pickin'|Leftovers|[from] move: Knock Off|[of] p1a: Machamp
|
|turn|18
|
|move|p1a: Machamp|Bullet Punch|p2a: Cotton Pickin'
|-supereffective|p2a: Cotton Pickin'
|-damage|p2a: Cotton Pickin'|24\/261
|move|p2a: Cotton Pickin'|Moonblast|p1a: Machamp
|-supereffective|p1a: Machamp
|-damage|p1a: Machamp|40\/362
|-unboost|p1a: Machamp|spa|1
|
|turn|19
|J|The Bravest Birds
|
|move|p2a: Cotton Pickin'|Encore|p1a: Machamp
|-start|p1a: Machamp|Encore
|move|p1a: Machamp|Bullet Punch|p2a: Cotton Pickin'
|-supereffective|p2a: Cotton Pickin'
|-damage|p2a: Cotton Pickin'|0 fnt
|faint|p2a: Cotton Pickin'
|
|
|switch|p2a: SlashinLikeAnAxew|Doublade, F, shiny|321\/321
|turn|20
|
|switch|p1a: Jirachi|Jirachi|306\/341
|-damage|p1a: Jirachi|285\/341|[from] Stealth Rock
|move|p2a: SlashinLikeAnAxew|Swords Dance|p2a: SlashinLikeAnAxew
|-boost|p2a: SlashinLikeAnAxew|atk|2
|
|turn|21
|
|move|p2a: SlashinLikeAnAxew|Shadow Sneak|p1a: Jirachi
|-supereffective|p1a: Jirachi
|-damage|p1a: Jirachi|25\/341
|move|p1a: Jirachi|Trick|p2a: SlashinLikeAnAxew
|-activate|p1a: Jirachi|move: Trick|[of] p2a: SlashinLikeAnAxew
|-item|p2a: SlashinLikeAnAxew|Choice Scarf|[from] move: Trick
|-item|p1a: Jirachi|Eviolite|[from] move: Trick
|
|turn|22
|
|move|p2a: SlashinLikeAnAxew|Shadow Sneak|p1a: Jirachi
|-supereffective|p1a: Jirachi
|-damage|p1a: Jirachi|0 fnt
|faint|p1a: Jirachi
|
|
|switch|p1a: Pidgeot|Pidgeot-Mega, M|308\/308
|-damage|p1a: Pidgeot|231\/308|[from] Stealth Rock
|turn|23
|
|switch|p2a: Tu Madre|Snorlax, F|386\/497
|move|p1a: Pidgeot|Heat Wave|p2a: Tu Madre
|-damage|p2a: Tu Madre|347\/497
|-status|p2a: Tu Madre|brn
|
|-heal|p2a: Tu Madre|378\/497 brn|[from] item: Leftovers
|-damage|p2a: Tu Madre|316\/497 brn|[from] brn
|turn|24
|
|move|p1a: Pidgeot|Hurricane|p2a: Tu Madre
|-damage|p2a: Tu Madre|180\/497 brn
|move|p2a: Tu Madre|Rest|p2a: Tu Madre
|-status|p2a: Tu Madre|slp
|-heal|p2a: Tu Madre|497\/497 slp|[silent]
|-status|p2a: Tu Madre|slp|[from] move: Rest
|
|turn|25
|
|switch|p1a: Doublade|Doublade, F|300\/319
|-damage|p1a: Doublade|281\/319|[from] Stealth Rock
|cant|p2a: Tu Madre|slp
|move|p2a: Tu Madre|Sleep Talk|p2a: Tu Madre
|move|p2a: Tu Madre|Curse|p2a: Tu Madre|[from]Sleep Talk
|-boost|p2a: Tu Madre|atk|1
|-boost|p2a: Tu Madre|def|1
|-unboost|p2a: Tu Madre|spe|1
|
|turn|26
|
|switch|p2a: SlashinLikeAnAxew|Doublade, F, shiny|321\/321
|move|p1a: Doublade|Sacred Sword|p2a: SlashinLikeAnAxew
|-immune|p2a: SlashinLikeAnAxew|[msg]
|
|turn|27
|
|move|p2a: SlashinLikeAnAxew|Pursuit|p1a: Doublade
|-supereffective|p1a: Doublade
|-damage|p1a: Doublade|233\/319
|move|p1a: Doublade|Swords Dance|p1a: Doublade
|-boost|p1a: Doublade|atk|2
|
|turn|28
|
|move|p2a: SlashinLikeAnAxew|Pursuit|p1a: Doublade
|-supereffective|p1a: Doublade
|-damage|p1a: Doublade|185\/319
|move|p1a: Doublade|Swords Dance|p1a: Doublade
|-boost|p1a: Doublade|atk|2
|
|turn|29
|
|switch|p2a: Tu Madre|Snorlax, F|497\/497 slp
|move|p1a: Doublade|Shadow Sneak|p2a: Tu Madre
|-immune|p2a: Tu Madre|[msg]
|
|turn|30
|
|move|p1a: Doublade|Sacred Sword|p2a: Tu Madre
|-supereffective|p2a: Tu Madre
|-damage|p2a: Tu Madre|0 fnt
|faint|p2a: Tu Madre
|
|
|switch|p2a: Dr. Dreigon|Hydreigon, F|166\/325
|turn|31
|
|move|p1a: Doublade|Shadow Sneak|p2a: Dr. Dreigon
|-resisted|p2a: Dr. Dreigon
|-damage|p2a: Dr. Dreigon|46\/325
|move|p2a: Dr. Dreigon|Dark Pulse|p1a: Doublade
|-supereffective|p1a: Doublade
|-damage|p1a: Doublade|0 fnt
|faint|p1a: Doublade
|
|J|MrAldoPls
|
|switch|p1a: Machamp|Machamp, M|40\/362
|-damage|p1a: Machamp|18\/362|[from] Stealth Rock
|turn|32
|
|switch|p2a: SlashinLikeAnAxew|Doublade, F, shiny|321\/321
|move|p1a: Machamp|Knock Off|p2a: SlashinLikeAnAxew
|-supereffective|p2a: SlashinLikeAnAxew
|-damage|p2a: SlashinLikeAnAxew|141\/321
|-enditem|p2a: SlashinLikeAnAxew|Choice Scarf|[from] move: Knock Off|[of] p1a: Machamp
|
|turn|33
|
|switch|p1a: Pidgeot|Pidgeot-Mega, M|231\/308
|-damage|p1a: Pidgeot|154\/308|[from] Stealth Rock
|move|p2a: SlashinLikeAnAxew|Shadow Sneak|p1a: Pidgeot
|-immune|p1a: Pidgeot|[msg]
|
|turn|34
|
|move|p1a: Pidgeot|Defog|p2a: SlashinLikeAnAxew
|-unboost|p2a: SlashinLikeAnAxew|evasion|1
|-sideend|p1: Christo m8|Stealth Rock|[from] move: Defog|[of] p1a: Pidgeot
|move|p2a: SlashinLikeAnAxew|Iron Head|p1a: Pidgeot
|-damage|p1a: Pidgeot|0 fnt
|faint|p1a: Pidgeot
|
|
|switch|p1a: Machamp|Machamp, M|18\/362
|turn|35
|c|âChristo m8|gg
|
|move|p2a: SlashinLikeAnAxew|Shadow Sneak|p1a: Machamp
|-damage|p1a: Machamp|0 fnt
|faint|p1a: Machamp
|
|win|ULT Toenail
|c|âULT Toenail|gg
|L|Christo m8
|player|p1
|L|broken wings