|join|Christo m8
|join|NinjaKangaskhan
|player|p1|Christo m8|142
|player|p2|NinjaKangaskhan|290
|gametype|singles
|gen|6
|tier|UU
|rated
|rule|Sleep Clause Mod: Limit one foe put to sleep
|rule|Species Clause: Limit one of each PokÃ©mon
|rule|OHKO Clause: OHKO moves are banned
|rule|Moody Clause: Moody is banned
|rule|Evasion Moves Clause: Evasion moves are banned
|rule|Endless Battle Clause: Forcing endless battles is banned
|rule|HP Percentage Mod: HP is shown in percentages
|clearpoke
|poke|p1|Nidoqueen, F
|poke|p1|Chesnaught, M
|poke|p1|Raikou
|poke|p1|Vaporeon, M
|poke|p1|Starmie
|poke|p1|Aerodactyl, M
|poke|p2|Scrafty, M
|poke|p2|Blastoise, M
|poke|p2|Goodra, F
|poke|p2|Honchkrow, M
|poke|p2|Swampert, M, shiny
|poke|p2|Porygon-Z
|rule|Swagger Clause: Swagger is banned
|rule|Baton Pass Clause: Limit one PokÃ©mon knowing Baton Pass
|teampreview
|
|start
|switch|p1a: Raikou|Raikou|322\/322
|switch|p2a: SW4G|Swampert, M, shiny|404\/404
|-ability|p1a: Raikou|Pressure
|turn|1
|
|switch|p1a: Chesnaught|Chesnaught, M|380\/380
|detailschange|p2a: SW4G|Swampert-Mega, M, shiny
|-mega|p2a: SW4G|Swampert|Swampertite
|move|p2a: SW4G|Earthquake|p1a: Chesnaught
|-resisted|p1a: Chesnaught
|-damage|p1a: Chesnaught|304\/380
|
|-heal|p1a: Chesnaught|327\/380|[from] item: Leftovers
|turn|2
|
|switch|p2a: Slurp|Goodra, F|322\/322
|move|p1a: Chesnaught|Spikes|p2a: Slurp
|-sidestart|p2: NinjaKangaskhan|Spikes
|
|-heal|p1a: Chesnaught|350\/380|[from] item: Leftovers
|turn|3
|
|switch|p1a: Vaporeon|Vaporeon, M|455\/455
|move|p2a: Slurp|Fire Blast|p1a: Vaporeon
|-resisted|p1a: Vaporeon
|-damage|p1a: Vaporeon|408\/455
|
|-heal|p1a: Vaporeon|436\/455|[from] item: Leftovers
|turn|4
|
|move|p2a: Slurp|Thunderbolt|p1a: Vaporeon
|-supereffective|p1a: Vaporeon
|-damage|p1a: Vaporeon|272\/455
|-status|p1a: Vaporeon|par
|move|p1a: Vaporeon|Scald|p2a: Slurp
|-resisted|p2a: Slurp
|-damage|p2a: Slurp|301\/322
|-status|p2a: Slurp|brn
|
|-heal|p1a: Vaporeon|300\/455 par|[from] item: Leftovers
|-damage|p2a: Slurp|261\/322 brn|[from] brn
|turn|5
|
|move|p2a: Slurp|Thunderbolt|p1a: Vaporeon
|-crit|p1a: Vaporeon
|-supereffective|p1a: Vaporeon
|-damage|p1a: Vaporeon|64\/455 par
|move|p1a: Vaporeon|Wish|p1a: Vaporeon
|
|-heal|p1a: Vaporeon|92\/455 par|[from] item: Leftovers
|-damage|p2a: Slurp|221\/322 brn|[from] brn
|turn|6
|
|move|p1a: Vaporeon|Protect|p1a: Vaporeon
|-singleturn|p1a: Vaporeon|Protect
|move|p2a: Slurp|Thunderbolt|p1a: Vaporeon
|-activate|p1a: Vaporeon|Protect
|
|-heal|p1a: Vaporeon|319\/455 par|[from] move: Wish|[wisher] Vaporeon
|-heal|p1a: Vaporeon|347\/455 par|[from] item: Leftovers
|-damage|p2a: Slurp|181\/322 brn|[from] brn
|turn|7
|
|move|p2a: Slurp|Thunderbolt|p1a: Vaporeon
|-supereffective|p1a: Vaporeon
|-damage|p1a: Vaporeon|193\/455 par
|cant|p1a: Vaporeon|par
|
|-heal|p1a: Vaporeon|221\/455 par|[from] item: Leftovers
|-damage|p2a: Slurp|141\/322 brn|[from] brn
|turn|8
|
|move|p2a: Slurp|Thunderbolt|p1a: Vaporeon
|-supereffective|p1a: Vaporeon
|-damage|p1a: Vaporeon|55\/455 par
|move|p1a: Vaporeon|Wish|p1a: Vaporeon
|
|-heal|p1a: Vaporeon|83\/455 par|[from] item: Leftovers
|-damage|p2a: Slurp|101\/322 brn|[from] brn
|turn|9
|
|switch|p2a: Dragon Ball(porygo|Porygon-Z|312\/312
|-damage|p2a: Dragon Ball(porygo|273\/312|[from] Spikes
|-boost|p2a: Dragon Ball(porygo|atk|1|[from] ability: Download
|cant|p1a: Vaporeon|par
|
|-heal|p1a: Vaporeon|310\/455 par|[from] move: Wish|[wisher] Vaporeon
|-heal|p1a: Vaporeon|338\/455 par|[from] item: Leftovers
|turn|10
|
|move|p2a: Dragon Ball(porygo|Thunderbolt|p1a: Vaporeon
|-crit|p1a: Vaporeon
|-supereffective|p1a: Vaporeon
|-damage|p1a: Vaporeon|60\/455 par
|move|p1a: Vaporeon|Scald|p2a: Dragon Ball(porygo
|-damage|p2a: Dragon Ball(porygo|134\/312
|
|-heal|p1a: Vaporeon|88\/455 par|[from] item: Leftovers
|turn|11
|
|move|p2a: Dragon Ball(porygo|Thunderbolt|p1a: Vaporeon
|-supereffective|p1a: Vaporeon
|-damage|p1a: Vaporeon|0 fnt
|faint|p1a: Vaporeon
|
|
|switch|p1a: Raikou|Raikou|322\/322
|-ability|p1a: Raikou|Pressure
|turn|12
|
|switch|p2a: SW4G|Swampert-Mega, M, shiny|404\/404
|-damage|p2a: SW4G|354\/404|[from] Spikes
|move|p1a: Raikou|Volt Switch|p2a: SW4G
|-immune|p2a: SW4G|[msg]
|
|turn|13
|
|switch|p1a: Chesnaught|Chesnaught, M|350\/380
|move|p2a: SW4G|Earthquake|p1a: Chesnaught
|-resisted|p1a: Chesnaught
|-damage|p1a: Chesnaught|280\/380
|
|-heal|p1a: Chesnaught|303\/380|[from] item: Leftovers
|turn|14
|
|switch|p2a: The Don|Honchkrow, M|342\/342
|move|p1a: Chesnaught|Spikes|p2a: The Don
|-sidestart|p2: NinjaKangaskhan|Spikes
|
|-heal|p1a: Chesnaught|326\/380|[from] item: Leftovers
|turn|15
|
|move|p1a: Chesnaught|Spiky Shield|p1a: Chesnaught
|-singleturn|p1a: Chesnaught|move: Protect
|move|p2a: The Don|Brave Bird|p1a: Chesnaught
|-activate|p1a: Chesnaught|move: Protect
|-damage|p2a: The Don|300\/342|[from] Spiky Shield|[of] p1a: Chesnaught
|
|-heal|p1a: Chesnaught|349\/380|[from] item: Leftovers
|turn|16
|
|switch|p1a: Raikou|Raikou|322\/322
|-ability|p1a: Raikou|Pressure
|move|p2a: The Don|Brave Bird|p1a: Raikou
|-resisted|p1a: Raikou
|-damage|p1a: Raikou|121\/322
|-damage|p2a: The Don|234\/342|[from] recoil|[of] p1a: Raikou
|-damage|p2a: The Don|200\/342|[from] item: Life Orb
|
|turn|17
|
|switch|p1a: Chesnaught|Chesnaught, M|349\/380
|switch|p2a: SW4G|Swampert-Mega, M, shiny|354\/404
|-damage|p2a: SW4G|287\/404|[from] Spikes
|
|-heal|p1a: Chesnaught|372\/380|[from] item: Leftovers
|turn|18
|
|switch|p2a: The Don|Honchkrow, M|200\/342
|move|p1a: Chesnaught|Leech Seed|p2a: The Don|[miss]
|-miss|p1a: Chesnaught|p2a: The Don
|
|-heal|p1a: Chesnaught|380\/380|[from] item: Leftovers
|turn|19
|
|move|p1a: Chesnaught|Spiky Shield|p1a: Chesnaught
|-singleturn|p1a: Chesnaught|move: Protect
|move|p2a: The Don|Roost|p2a: The Don
|-heal|p2a: The Don|342\/342
|
|turn|20
|
|switch|p1a: Starmie|Starmie|262\/262
|move|p2a: The Don|Sucker Punch|p1a: Starmie
|-fail|p1a: Starmie
|
|turn|21
|
|move|p2a: The Don|Sucker Punch|p1a: Starmie
|-supereffective|p1a: Starmie
|-damage|p1a: Starmie|0 fnt
|-damage|p2a: The Don|308\/342|[from] item: Life Orb
|faint|p1a: Starmie
|-boost|p2a: The Don|atk|1|[from] ability: Moxie
|
|
|switch|p1a: Aerodactyl|Aerodactyl, M|302\/302
|turn|22
|
|detailschange|p1a: Aerodactyl|Aerodactyl-Mega, M
|-mega|p1a: Aerodactyl|Aerodactyl|Aerodactylite
|move|p1a: Aerodactyl|Hone Claws|p1a: Aerodactyl
|-boost|p1a: Aerodactyl|atk|1
|-boost|p1a: Aerodactyl|accuracy|1
|move|p2a: The Don|Superpower|p1a: Aerodactyl
|-damage|p1a: Aerodactyl|0 fnt
|-unboost|p2a: The Don|atk|1
|-unboost|p2a: The Don|def|1
|-damage|p2a: The Don|274\/342|[from] item: Life Orb
|faint|p1a: Aerodactyl
|-boost|p2a: The Don|atk|1|[from] ability: Moxie
|
|
|switch|p1a: Nidoqueen|Nidoqueen, F|322\/322
|turn|23
|
|move|p2a: The Don|Sucker Punch|p1a: Nidoqueen
|-damage|p1a: Nidoqueen|0 fnt
|-damage|p2a: The Don|240\/342|[from] item: Life Orb
|faint|p1a: Nidoqueen
|-boost|p2a: The Don|atk|1|[from] ability: Moxie
|
|
|switch|p1a: Chesnaught|Chesnaught, M|380\/380
|turn|24
|
|move|p2a: The Don|Brave Bird|p1a: Chesnaught
|-supereffective|p1a: Chesnaught
|-damage|p1a: Chesnaught|0 fnt
|-damage|p2a: The Don|115\/342|[from] recoil|[of] p1a: Chesnaught
|-damage|p2a: The Don|81\/342|[from] item: Life Orb
|faint|p1a: Chesnaught
|-boost|p2a: The Don|atk|1|[from] ability: Moxie
|
|-message|Christo m8 forfeited.
|
|win|NinjaKangaskhan
|raw|Ladder updating...
|leave|Christo m8
|player|p1
|raw|Christo m8's rating: 1188 &rarr; <strong>1153<\/strong><br \/>(-35 for losing)
|raw|NinjaKangaskhan's rating: 1040 &rarr; <strong>1088<\/strong><br \/>(+48 for winning)