|join|Christo m8
|join|KharnTheBetrayer
|player|p1|Christo m8|142
|player|p2|KharnTheBetrayer|265
|gametype|singles
|gen|6
|tier|UU
|rated
|rule|Sleep Clause Mod: Limit one foe put to sleep
|rule|Species Clause: Limit one of each PokÃ©mon
|rule|OHKO Clause: OHKO moves are banned
|rule|Moody Clause: Moody is banned
|rule|Evasion Moves Clause: Evasion moves are banned
|rule|Endless Battle Clause: Forcing endless battles is banned
|rule|HP Percentage Mod: HP is shown in percentages
|clearpoke
|poke|p1|Hydreigon, M
|poke|p1|Pidgeot, M
|poke|p1|Jirachi
|poke|p1|Raikou
|poke|p1|Machamp, M
|poke|p1|Zygarde
|poke|p2|Beedrill, M, shiny
|poke|p2|Blissey, F
|poke|p2|Alakazam, M
|poke|p2|Donphan, F
|poke|p2|Scyther, F
|poke|p2|Ampharos, M
|rule|Swagger Clause: Swagger is banned
|rule|Baton Pass Clause: Limit one PokÃ©mon knowing Baton Pass
|teampreview
|
|start
|switch|p1a: Pidgeot|Pidgeot, M|307\/307
|switch|p2a: Ampharos|Ampharos, M|384\/384
|turn|1
|
|switch|p1a: Machamp|Machamp, M|364\/364
|move|p2a: Ampharos|Dragon Pulse|p1a: Machamp
|-damage|p1a: Machamp|292\/364
|
|turn|2
|
|move|p1a: Machamp|Dynamic Punch|p2a: Ampharos
|-damage|p2a: Ampharos|174\/384
|-status|p1a: Machamp|par
|-start|p2a: Ampharos|confusion
|-activate|p2a: Ampharos|confusion
|-damage|p2a: Ampharos|146\/384|[from] confusion
|
|-heal|p2a: Ampharos|170\/384|[from] item: Leftovers
|turn|3
|
|-end|p2a: Ampharos|confusion
|move|p2a: Ampharos|Discharge|p1a: Machamp
|-crit|p1a: Machamp
|-damage|p1a: Machamp|112\/364 par
|move|p1a: Machamp|Stone Edge|p2a: Ampharos
|-damage|p2a: Ampharos|20\/384
|
|-heal|p2a: Ampharos|44\/384|[from] item: Leftovers
|turn|4
|
|cant|p1a: Machamp|par
|move|p2a: Ampharos|Volt Switch|p1a: Machamp
|-damage|p1a: Machamp|15\/364 par
|
|switch|p2a: Donphan|Donphan, F|383\/383
|
|turn|5
|
|move|p2a: Donphan|Ice Shard|p1a: Machamp
|-crit|p1a: Machamp
|-damage|p1a: Machamp|0 fnt
|faint|p1a: Machamp
|
|
|switch|p1a: Pidgeot|Pidgeot, M|307\/307
|turn|6
|
|detailschange|p1a: Pidgeot|Pidgeot-Mega, M
|-mega|p1a: Pidgeot|Pidgeot|Pidgeotite
|move|p2a: Donphan|Ice Shard|p1a: Pidgeot
|-supereffective|p1a: Pidgeot
|-damage|p1a: Pidgeot|183\/307
|move|p1a: Pidgeot|Hurricane|p2a: Donphan
|-damage|p2a: Donphan|197\/383
|
|turn|7
|
|move|p2a: Donphan|Ice Shard|p1a: Pidgeot
|-supereffective|p1a: Pidgeot
|-damage|p1a: Pidgeot|63\/307
|move|p1a: Pidgeot|Hurricane|p2a: Donphan
|-damage|p2a: Donphan|7\/383
|
|turn|8
|
|switch|p1a: Jirachi|Jirachi|341\/341
|move|p2a: Donphan|Ice Shard|p1a: Jirachi
|-resisted|p1a: Jirachi
|-damage|p1a: Jirachi|317\/341
|
|turn|9
|
|switch|p2a: Ampharos|Ampharos, M|44\/384
|move|p1a: Jirachi|U-turn|p2a: Ampharos
|-damage|p2a: Ampharos|0 fnt
|faint|p2a: Ampharos
|
|switch|p1a: Pidgeot|Pidgeot-Mega, M|63\/307
|
|
|switch|p2a: Big Show|Blissey, F|714\/714
|turn|10
|
|switch|p1a: Jirachi|Jirachi|317\/341
|move|p2a: Big Show|Seismic Toss|p1a: Jirachi
|-damage|p1a: Jirachi|217\/341
|
|turn|11
|
|move|p2a: Big Show|Protect|p2a: Big Show
|-singleturn|p2a: Big Show|Protect
|move|p1a: Jirachi|Iron Head|p2a: Big Show
|-activate|p2a: Big Show|Protect
|
|turn|12
|
|move|p1a: Jirachi|Iron Head|p2a: Big Show
|-damage|p2a: Big Show|497\/714
|move|p2a: Big Show|Thunder Wave|p1a: Jirachi
|-status|p1a: Jirachi|par
|
|-heal|p2a: Big Show|541\/714|[from] item: Leftovers
|turn|13
|c|âChristo m8|i hate u
|
|move|p2a: Big Show|Seismic Toss|p1a: Jirachi
|-damage|p1a: Jirachi|117\/341 par
|move|p1a: Jirachi|Iron Head|p2a: Big Show
|-damage|p2a: Big Show|310\/714
|
|-heal|p2a: Big Show|354\/714|[from] item: Leftovers
|turn|14
|c|âKharnTheBetrayer|=)
|
|move|p2a: Big Show|Wish|p2a: Big Show
|move|p1a: Jirachi|Iron Head|p2a: Big Show
|-damage|p2a: Big Show|152\/714
|
|-heal|p2a: Big Show|196\/714|[from] item: Leftovers
|turn|15
|
|switch|p1a: Zygarde|Zygarde|358\/358
|-ability|p1a: Zygarde|Aura Break
|move|p2a: Big Show|Protect|p2a: Big Show
|-fail|p2a: Big Show
|
|-heal|p2a: Big Show|553\/714|[from] move: Wish|[wisher] Big Show
|-heal|p2a: Big Show|597\/714|[from] item: Leftovers
|turn|16
|
|move|p1a: Zygarde|Dragon Dance|p1a: Zygarde
|-boost|p1a: Zygarde|atk|1
|-boost|p1a: Zygarde|spe|1
|move|p2a: Big Show|Wish|p2a: Big Show
|
|-heal|p2a: Big Show|641\/714|[from] item: Leftovers
|turn|17
|
|switch|p2a: Alakazam|Alakazam, M|251\/251
|move|p1a: Zygarde|Dragon Dance|p1a: Zygarde
|-boost|p1a: Zygarde|atk|1
|-boost|p1a: Zygarde|spe|1
|
|turn|18
|
|move|p1a: Zygarde|Extreme Speed|p2a: Alakazam
|-enditem|p2a: Alakazam|Focus Sash
|-damage|p2a: Alakazam|1\/251
|move|p2a: Alakazam|Dazzling Gleam|p1a: Zygarde
|-supereffective|p1a: Zygarde
|-damage|p1a: Zygarde|162\/358
|
|turn|19
|
|move|p1a: Zygarde|Extreme Speed|p2a: Alakazam
|-crit|p2a: Alakazam
|-damage|p2a: Alakazam|0 fnt
|faint|p2a: Alakazam
|
|
|switch|p2a: Big Show|Blissey, F|641\/714
|turn|20
|
|move|p1a: Zygarde|Earthquake|p2a: Big Show
|-damage|p2a: Big Show|74\/714
|move|p2a: Big Show|Seismic Toss|p1a: Zygarde
|-damage|p1a: Zygarde|62\/358
|
|-heal|p2a: Big Show|118\/714|[from] item: Leftovers
|turn|21
|
|switch|p2a: Scyther|Scyther, F|281\/281
|move|p1a: Zygarde|Extreme Speed|p2a: Scyther
|-damage|p2a: Scyther|144\/281
|
|turn|22
|
|move|p1a: Zygarde|Outrage|p2a: Scyther
|-damage|p2a: Scyther|0 fnt
|faint|p2a: Scyther
|
|
|switch|p2a: Donphan|Donphan, F|7\/383
|turn|23
|
|move|p2a: Donphan|Ice Shard|p1a: Zygarde
|-supereffective|p1a: Zygarde
|-damage|p1a: Zygarde|0 fnt
|faint|p1a: Zygarde
|
|
|switch|p1a: Hydreigon|Hydreigon, M|325\/325
|turn|24
|
|move|p2a: Donphan|Ice Shard|p1a: Hydreigon
|-supereffective|p1a: Hydreigon
|-damage|p1a: Hydreigon|225\/325
|move|p1a: Hydreigon|Dark Pulse|p2a: Donphan
|-damage|p2a: Donphan|0 fnt
|faint|p2a: Donphan
|
|
|switch|p2a: Beedrill|Beedrill, M, shiny|271\/271
|turn|25
|
|detailschange|p2a: Beedrill|Beedrill-Mega, M, shiny
|-mega|p2a: Beedrill|Beedrill|Beedrillite
|move|p2a: Beedrill|Protect|p2a: Beedrill
|-singleturn|p2a: Beedrill|Protect
|move|p1a: Hydreigon|Dark Pulse|p2a: Beedrill
|-activate|p2a: Beedrill|Protect
|
|turn|26
|
|switch|p1a: Jirachi|Jirachi|117\/341 par
|move|p2a: Beedrill|U-turn|p1a: Jirachi
|-damage|p1a: Jirachi|0 fnt
|faint|p1a: Jirachi
|
|switch|p2a: Big Show|Blissey, F|118\/714
|
|-heal|p2a: Big Show|162\/714|[from] item: Leftovers
|
|switch|p1a: Hydreigon|Hydreigon, M|225\/325
|turn|27
|
|move|p2a: Big Show|Protect|p2a: Big Show
|-singleturn|p2a: Big Show|Protect
|move|p1a: Hydreigon|Draco Meteor|p2a: Big Show
|-activate|p2a: Big Show|Protect
|
|-heal|p2a: Big Show|206\/714|[from] item: Leftovers
|turn|28
|
|move|p1a: Hydreigon|Draco Meteor|p2a: Big Show
|-crit|p2a: Big Show
|-damage|p2a: Big Show|0 fnt
|-unboost|p1a: Hydreigon|spa|2
|faint|p2a: Big Show
|
|c|âChristo m8|im specs
|c|âChristo m8|dont worry
|
|switch|p2a: Beedrill|Beedrill-Mega, M, shiny|271\/271
|turn|29
|
|switch|p1a: Pidgeot|Pidgeot-Mega, M|63\/307
|move|p2a: Beedrill|U-turn|p1a: Pidgeot
|-resisted|p1a: Pidgeot
|-damage|p1a: Pidgeot|0 fnt
|faint|p1a: Pidgeot
|
|c|âChristo m8|u still win
|c|âKharnTheBetrayer|not scarf?
|c|âChristo m8|i just said
|
|switch|p1a: Raikou|Raikou|321\/321
|-ability|p1a: Raikou|Pressure
|turn|30
|
|move|p2a: Beedrill|Drill Run|p1a: Raikou
|-crit|p1a: Raikou
|-supereffective|p1a: Raikou
|-damage|p1a: Raikou|0 fnt
|faint|p1a: Raikou
|
|c|âChristo m8|wow
|
|switch|p1a: Hydreigon|Hydreigon, M|225\/325
|turn|31
|
|move|p2a: Beedrill|U-turn|p1a: Hydreigon
|-supereffective|p1a: Hydreigon
|-damage|p1a: Hydreigon|0 fnt
|faint|p1a: Hydreigon
|
|win|KharnTheBetrayer
|raw|Ladder updating...
|c|âKharnTheBetrayer|gg
|raw|Christo m8's rating: 1562 &rarr; <strong>1529<\/strong><br \/>(-33 for losing)
|raw|KharnTheBetrayer's rating: 1315 &rarr; <strong>1347<\/strong><br \/>(+32 for winning)
|c|âChristo m8|fucking crit
|leave|Christo m8
|player|p1