|join|King UU's Mom
|join|Christo m8
|join|dsadasdasdas
|join|BenzMafia
|join|Zhaf
|join|spuun
|join|Insane Pigmask
|player|p1|King UU's Mom|290
|player|p2|Christo m8|142
|gametype|singles
|gen|6
|tier|UU
|rule|Sleep Clause Mod: Limit one foe put to sleep
|rule|Species Clause: Limit one of each PokÃ©mon
|rule|OHKO Clause: OHKO moves are banned
|rule|Moody Clause: Moody is banned
|rule|Evasion Moves Clause: Evasion moves are banned
|rule|Endless Battle Clause: Forcing endless battles is banned
|rule|HP Percentage Mod: HP is shown in percentages
|clearpoke
|poke|p1|Mr. Mime, F
|poke|p1|Arcanine, M
|poke|p1|Goodra, M
|poke|p1|Nidoking, M
|poke|p1|Galvantula, F
|poke|p1|Empoleon, F
|poke|p2|Hydreigon, M
|poke|p2|Pidgeot, M
|poke|p2|Jirachi
|poke|p2|Raikou
|poke|p2|Machamp, F
|poke|p2|Zygarde
|rule|Swagger Clause: Swagger is banned
|rule|Baton Pass Clause: Limit one PokÃ©mon knowing Baton Pass
|teampreview
|join|Mike Hunts
|c|âKing UU's Mom|made it to the finals with a mr mime
|join|newfren
|join|DONKII
|join|Bob the Bro
|join|BIG SEAN'S ADLIBS
|c|âKing UU's Mom|life goal complete
|join|zebra.k
|c| spuun|monster mime*
|join|SassyLoafOfBread
|join|Harvard Research
|c| Harvard Research|wow
|c| Harvard Research|bad team vs bad team
|c| Harvard Research|who will win?
|join|Duskt70
|join|OGWanka
|join|Wolfenstein
|join|ANGER MANAGEMENT
|c| Duskt70|mr mime
|c| Duskt70|the god
|
|start
|switch|p1a: Nidoking|Nidoking, M|303\/303
|switch|p2a: Jirachi|Jirachi|341\/341
|turn|1
|join|DatLatias
|c| Harvard Research|Mr. Mime a.k.a. fake Gardevoir.
|c| DatLatias|i had a mr mime web team
|
|move|p2a: Jirachi|U-turn|p1a: Nidoking
|-resisted|p1a: Nidoking
|-damage|p1a: Nidoking|264\/303
|c| Zhaf|Mime is the true gardevoir.
|
|switch|p2a: Hydreigon|Hydreigon, M|325\/325
|move|p1a: Nidoking|Earth Power|p2a: Hydreigon
|-immune|p2a: Hydreigon|[msg]
|
|turn|2
|join|Ununhexium
|c| Harvard Research|rekt
|join|Kyla's Nightmare
|c| Harvard Research|2
|c| Harvard Research|da
|c| Harvard Research|max
|c| Kyla's Nightmare|goo kings mom
|c| Kyla's Nightmare|:}
|raw|<div class="broadcast-red"><b>Moderated chat was set to +!<\/b><br \/>Only users of rank + and higher can talk.<\/div>
|join|xMarth
|
|switch|p1a: Empoleon|Empoleon, F|370\/370
|move|p2a: Hydreigon|Draco Meteor|p1a: Empoleon
|-resisted|p1a: Empoleon
|-damage|p1a: Empoleon|197\/370
|-unboost|p2a: Hydreigon|spa|2
|
|-heal|p1a: Empoleon|220\/370|[from] item: Leftovers
|turn|3
|join|kingt9722
|leave|OGWanka
|
|switch|p2a: Raikou|Raikou|321\/321
|-ability|p2a: Raikou|Pressure
|move|p1a: Empoleon|Scald|p2a: Raikou
|-damage|p2a: Raikou|216\/321
|-status|p2a: Raikou|brn
|
|-heal|p2a: Raikou|236\/321 brn|[from] item: Leftovers
|-heal|p1a: Empoleon|243\/370|[from] item: Leftovers
|-damage|p2a: Raikou|196\/321 brn|[from] brn
|turn|4
|join|Ferdanan
|join|DrReuniclus3
|
|switch|p1a: Mr. Mime|Mr. Mime, F|222\/222
|move|p2a: Raikou|Hidden Power|p1a: Mr. Mime
|-damage|p1a: Mr. Mime|187\/222
|
|-heal|p2a: Raikou|216\/321 brn|[from] item: Leftovers
|-damage|p2a: Raikou|176\/321 brn|[from] brn
|turn|5
|join|OH PARDON ME
|
|switch|p2a: Jirachi|Jirachi|341\/341
|move|p1a: Mr. Mime|Hidden Power|p2a: Jirachi
|-supereffective|p2a: Jirachi
|-damage|p2a: Jirachi|167\/341
|
|turn|6
|
|switch|p1a: Empoleon|Empoleon, F|243\/370
|move|p2a: Jirachi|U-turn|p1a: Empoleon
|-resisted|p1a: Empoleon
|-damage|p1a: Empoleon|214\/370
|join|Donphantastic
|join|OGWanka
|join|Thisbemyalt
Harvard Research was promoted to Room Voice by King UU's Mom.
|
|switch|p2a: Zygarde|Zygarde|358\/358
|-ability|p2a: Zygarde|Aura Break
|
|-heal|p1a: Empoleon|237\/370|[from] item: Leftovers
|turn|7
|
|move|p2a: Zygarde|Dragon Dance|p2a: Zygarde
|-boost|p2a: Zygarde|atk|1
|-boost|p2a: Zygarde|spe|1
|move|p1a: Empoleon|Roar|p2a: Zygarde
|drag|p2a: Pidgeot|Pidgeot, M|307\/307
|
|-heal|p1a: Empoleon|260\/370|[from] item: Leftovers
|turn|8
|c|âChristo m8|:[
|
|switch|p2a: Raikou|Raikou|176\/321 brn
|-ability|p2a: Raikou|Pressure
|move|p1a: Empoleon|Scald|p2a: Raikou
|-damage|p2a: Raikou|68\/321 brn
|
|-heal|p2a: Raikou|88\/321 brn|[from] item: Leftovers
|-heal|p1a: Empoleon|283\/370|[from] item: Leftovers
|-damage|p2a: Raikou|48\/321 brn|[from] brn
|turn|9
|leave|Ferdanan
|leave|newfren
|
|switch|p1a: Nidoking|Nidoking, M|264\/303
|move|p2a: Raikou|Thunderbolt|p1a: Nidoking
|-immune|p1a: Nidoking|[msg]
|
|-heal|p2a: Raikou|68\/321 brn|[from] item: Leftovers
|-damage|p2a: Raikou|28\/321 brn|[from] brn
|turn|10
|c|+Harvard Research|lmoa
|
|switch|p1a: Empoleon|Empoleon, F|283\/370
|move|p2a: Raikou|Hidden Power|p1a: Empoleon
|-resisted|p1a: Empoleon
|-damage|p1a: Empoleon|268\/370
|
|-heal|p2a: Raikou|48\/321 brn|[from] item: Leftovers
|-heal|p1a: Empoleon|291\/370|[from] item: Leftovers
|-damage|p2a: Raikou|8\/321 brn|[from] brn
|turn|11
|
|switch|p1a: Mr. Mime|Mr. Mime, F|187\/222
|move|p2a: Raikou|Thunderbolt|p1a: Mr. Mime
|-damage|p1a: Mr. Mime|97\/222
|-status|p1a: Mr. Mime|par
|
|-heal|p2a: Raikou|28\/321 brn|[from] item: Leftovers
|-damage|p2a: Raikou|0 fnt|[from] brn
|faint|p2a: Raikou
|join|Ferdanan
|c|âKing UU's Mom|NONONONONON
|c|âKing UU's Mom|I quit
|c|âKing UU's Mom|all is lost
|join|roast toast
|
|switch|p2a: Jirachi|Jirachi|167\/341
|turn|12
|c|+Harvard Research|believe
|
|switch|p1a: Arcanine|Arcanine, M|321\/321
|-ability|p1a: Arcanine|Intimidate|[of] p2a: Jirachi
|-unboost|p2a: Jirachi|atk|1
|move|p2a: Jirachi|U-turn|p1a: Arcanine
|-resisted|p1a: Arcanine
|-damage|p1a: Arcanine|293\/321
|c|+Harvard Research|*bleve
|
|switch|p2a: Zygarde|Zygarde|358\/358
|-ability|p2a: Zygarde|Aura Break
|
|-heal|p1a: Arcanine|313\/321|[from] item: Leftovers
|turn|13
|join|MegaShuckle2015
|join|Aridame
|
|move|p2a: Zygarde|Dragon Dance|p2a: Zygarde
|-boost|p2a: Zygarde|atk|1
|-boost|p2a: Zygarde|spe|1
|move|p1a: Arcanine|Will-O-Wisp|p2a: Zygarde
|-status|p2a: Zygarde|brn
|-enditem|p2a: Zygarde|Lum Berry|[eat]
|-curestatus|p2a: Zygarde|brn
|
|-heal|p1a: Arcanine|321\/321|[from] item: Leftovers
|turn|14
|leave|dsadasdasdas
|
|switch|p1a: Mr. Mime|Mr. Mime, F|97\/222 par
|move|p2a: Zygarde|Earthquake|p1a: Mr. Mime
|-damage|p1a: Mr. Mime|0 fnt
|faint|p1a: Mr. Mime
|
|
|switch|p1a: Arcanine|Arcanine, M|321\/321
|-ability|p1a: Arcanine|Intimidate|[of] p2a: Zygarde
|-unboost|p2a: Zygarde|atk|1
|turn|15
|leave|DatLatias
|join|pokeblade101
|join|aim's student
|
|switch|p1a: Galvantula|Galvantula, F|281\/281
|move|p2a: Zygarde|Earthquake|p1a: Galvantula
|-crit|p1a: Galvantula
|-enditem|p1a: Galvantula|Focus Sash
|-damage|p1a: Galvantula|1\/281
|
|turn|16
|
|move|p2a: Zygarde|Dragon Dance|p2a: Zygarde
|-boost|p2a: Zygarde|atk|1
|-boost|p2a: Zygarde|spe|1
|move|p1a: Galvantula|Bug Buzz|p2a: Zygarde
|-damage|p2a: Zygarde|226\/358
|
|turn|17
|
|move|p2a: Zygarde|Extreme Speed|p1a: Galvantula
|-damage|p1a: Galvantula|0 fnt
|faint|p1a: Galvantula
|
pokeblade101 was promoted to Room Voice by Christo m8.
|
|switch|p1a: Arcanine|Arcanine, M|321\/321
|-ability|p1a: Arcanine|Intimidate|[of] p2a: Zygarde
|-unboost|p2a: Zygarde|atk|1
|turn|18
|
|move|p2a: Zygarde|Earthquake|p1a: Arcanine
|-supereffective|p1a: Arcanine
|-damage|p1a: Arcanine|0 fnt
|faint|p1a: Arcanine
|
|
|switch|p1a: Goodra|Goodra, M|381\/381
|turn|19
|
|move|p2a: Zygarde|Outrage|p1a: Goodra
|-supereffective|p1a: Goodra
|-damage|p1a: Goodra|0 fnt
|faint|p1a: Goodra
|
|
|switch|p1a: Empoleon|Empoleon, F|291\/370
|turn|20
|
|move|p2a: Zygarde|Outrage|p1a: Empoleon
|-resisted|p1a: Empoleon
|-damage|p1a: Empoleon|212\/370
|move|p1a: Empoleon|Scald|p2a: Zygarde
|-damage|p2a: Zygarde|109\/358
|-status|p2a: Zygarde|brn
|
|-end|p2a: Zygarde|rampage
|-start|p2a: Zygarde|confusion
|-heal|p1a: Empoleon|235\/370|[from] item: Leftovers
|-damage|p2a: Zygarde|65\/358 brn|[from] brn
|turn|21
|
|-activate|p2a: Zygarde|confusion
|-damage|p2a: Zygarde|46\/358 brn|[from] confusion
|move|p1a: Empoleon|Stealth Rock|p2a: Zygarde
|-sidestart|p2: Christo m8|move: Stealth Rock
|
|-heal|p1a: Empoleon|258\/370|[from] item: Leftovers
|-damage|p2a: Zygarde|2\/358 brn|[from] brn
|turn|22
|join|Rain in UU
|c|+pokeblade101|Zygarde rekt your team hard
|join|Rain in Pants
|c|âKing UU's Mom|yeah :(
|
|-activate|p2a: Zygarde|confusion
|move|p2a: Zygarde|Earthquake|p1a: Empoleon
|-supereffective|p1a: Empoleon
|-damage|p1a: Empoleon|138\/370
|move|p1a: Empoleon|Roar|p2a: Zygarde
|drag|p2a: Machamp|Machamp, F|383\/383
|-damage|p2a: Machamp|360\/383|[from] Stealth Rock
|
|-heal|p1a: Empoleon|161\/370|[from] item: Leftovers
|turn|23
|c|+pokeblade101|Perfect switch lol
|
|move|p1a: Empoleon|Scald|p2a: Machamp
|-damage|p2a: Machamp|276\/383
|move|p2a: Machamp|Dynamic Punch|p1a: Empoleon
|-supereffective|p1a: Empoleon
|-damage|p1a: Empoleon|0 fnt
|faint|p1a: Empoleon
|
|join|Substantial Salt
|
|switch|p1a: Nidoking|Nidoking, M|264\/303
|turn|24
|c|+pokeblade101|Gg
|c|âKing UU's Mom|if I get an agillity up i can still win
|leave|Ununhexium
|c|+pokeblade101|No
|c|+pokeblade101|No
|
|move|p1a: Nidoking|Sludge Wave|p2a: Machamp
|-damage|p2a: Machamp|111\/383
|move|p2a: Machamp|Knock Off|p1a: Nidoking
|-damage|p1a: Nidoking|118\/303
|-enditem|p1a: Nidoking|Life Orb|[from] move: Knock Off|[of] p2a: Machamp
|
|turn|25
|c|+pokeblade101|U cant break machamp
|c|âKing UU's Mom|jk
|c|âChristo m8|gg
|c|+pokeblade101|Christo just ice punch
|c|âKing UU's Mom|gg
|leave|Substantial Salt
|
|move|p2a: Machamp|Bullet Punch|p1a: Nidoking
|-damage|p1a: Nidoking|47\/303
|move|p1a: Nidoking|Sludge Wave|p2a: Machamp
|-damage|p2a: Machamp|0 fnt
|faint|p2a: Machamp
|
|join|domiNATEgame
|c|+Harvard Research|Go hard or go home.
|
|switch|p2a: Jirachi|Jirachi|167\/341
|-damage|p2a: Jirachi|146\/341|[from] Stealth Rock
|turn|26
|leave|domiNATEgame
|leave|Mike Hunts
|leave|xMarth
|leave|BenzMafia
|leave|SassyLoafOfBread
|
|move|p2a: Jirachi|Iron Head|p1a: Nidoking
|-damage|p1a: Nidoking|0 fnt
|faint|p1a: Nidoking
|
|win|Christo m8
|leave|zebra.k
|leave|OGWanka
|leave|Christo m8
|leave|BIG SEAN'S ADLIBS
|leave|spuun
|leave|pokeblade101
|player|p2
|leave|DONKII
|leave|Aridame
|leave|Bob the Bro
|leave|OH PARDON ME
|join|Bob the Bro
|leave|Bob the Bro
|leave|ANGER MANAGEMENT
|leave|Donphantastic
|leave|Duskt70
|leave|DrReuniclus3
|leave|Zhaf
|leave|kingt9722
|join|DrReuniclus3
|leave|DrReuniclus3
|leave|Ferdanan
|leave|Harvard Research
|join|DrReuniclus3
|leave|DrReuniclus3
|leave|Kyla's Nightmare
|leave|Wolfenstein