|join|r0ady
|join|Christo m8
|player|p1|r0ady|165
|player|p2|Christo m8|2
|gametype|singles
|gen|6
|tier|UU
|rule|Sleep Clause Mod: Limit one foe put to sleep
|rule|Species Clause: Limit one of each PokÃ©mon
|rule|OHKO Clause: OHKO moves are banned
|rule|Moody Clause: Moody is banned
|rule|Evasion Moves Clause: Evasion moves are banned
|rule|Endless Battle Clause: Forcing endless battles is banned
|rule|HP Percentage Mod: HP is shown in percentages
|clearpoke
|poke|p1|Blastoise, M
|poke|p1|Cobalion
|poke|p1|Celebi
|poke|p1|Nidoqueen, F
|poke|p1|Hydreigon, M
|poke|p1|Florges, F
|poke|p2|Hydreigon, F
|poke|p2|Pidgeot, F
|poke|p2|Jirachi
|poke|p2|Doublade, M
|poke|p2|Machamp, F
|poke|p2|Nidoqueen, F
|rule|Swagger Clause: Swagger is banned
|rule|Baton Pass Clause: Limit one PokÃ©mon knowing Baton Pass
|teampreview
|join|DatGuyChuck
|join|Specs Cranidos
|c| DatGuyChuck|FIRST
|c| Specs Cranidos|gj
|join|BusyJay
|join|Kurolisia
|c|âr0ady|^
|join|Xblade619
|c| Xblade619|gl hf
|join|spuun
|
|start
|switch|p1a: Nidoqueen|Nidoqueen, F|353\/353
|switch|p2a: Nidoqueen|Nidoqueen, F|330\/330
|turn|1
|join|Eren Swaeger
|c| Xblade619|this will be interesting
|
|move|p2a: Nidoqueen|Earth Power|p1a: Nidoqueen
|-supereffective|p1a: Nidoqueen
|-damage|p1a: Nidoqueen|0 fnt
|faint|p1a: Nidoqueen
|
|c| Eren Swaeger|bop
|c|âChristo m8|nice and speedy
|join|segdf
|c| DatGuyChuck|thats like 220
|c| DatGuyChuck|or smth
|c|âr0ady|i run 128 lmO
|join|Volbeatdown
|c|âChristo m8|how do u know datguy wtf
|
|switch|p1a: Blastoise|Blastoise, M|333\/333
|turn|2
|
|switch|p2a: Machamp|Machamp, F|362\/362
|detailschange|p1a: Blastoise|Blastoise-Mega, M
|-mega|p1a: Blastoise|Blastoise|Blastoisinite
|move|p1a: Blastoise|Scald|p2a: Machamp
|-crit|p2a: Machamp
|-damage|p2a: Machamp|170\/362
|
|turn|3
|c| DatGuyChuck|christo
|c| DatGuyChuck|cos if you are speed
|c| DatGuyChuck|y
|c| DatGuyChuck|you run 220
|c| DatGuyChuck|just like todd
|
|move|p1a: Blastoise|Scald|p2a: Machamp
|-damage|p2a: Machamp|50\/362
|move|p2a: Machamp|Dynamic Punch|p1a: Blastoise
|-damage|p1a: Blastoise|165\/333
|-start|p1a: Blastoise|confusion
|
|turn|4
|c|âChristo m8|idk anyone that runs that much speed
|join|DrReuniclus3
|
|-activate|p1a: Blastoise|confusion
|move|p1a: Blastoise|Scald|p2a: Machamp
|-damage|p2a: Machamp|0 fnt
|faint|p2a: Machamp
|
|join|gobo gym
|c| DatGuyChuck|hax
|c| DatGuyChuck|hax
|c| DatGuyChuck|hax
|c| DatGuyChuck|hax
|
|switch|p2a: Nidoqueen|Nidoqueen, F|330\/330
|turn|5
|c| Specs Cranidos|guys
|raw|<div class="broadcast-red"><b>Moderated chat was set to +!<\/b><br \/>Only users of rank + and higher can talk.<\/div>
|
|move|p2a: Nidoqueen|Sludge Wave|p1a: Blastoise
|-damage|p1a: Blastoise|0 fnt
|faint|p1a: Blastoise
|
|
|switch|p1a: Hydreigon|Hydreigon, M|325\/325
|turn|6
|
|move|p1a: Hydreigon|Draco Meteor|p2a: Nidoqueen
|-damage|p2a: Nidoqueen|65\/330
|-unboost|p1a: Hydreigon|spa|2
|move|p2a: Nidoqueen|Ice Beam|p1a: Hydreigon
|-supereffective|p1a: Hydreigon
|-damage|p1a: Hydreigon|5\/325
|
|turn|7
|c|âChristo m8|wow
|c|âChristo m8|eating it up
|
|switch|p1a: Cobalion|Cobalion|323\/323
|move|p2a: Nidoqueen|Sludge Wave|p1a: Cobalion
|-immune|p1a: Cobalion|[msg]
|
|turn|8
|
|move|p1a: Cobalion|Iron Head|p2a: Nidoqueen
|-damage|p2a: Nidoqueen|0 fnt
|-damage|p1a: Cobalion|291\/323|[from] item: Life Orb
|faint|p2a: Nidoqueen
|
|c|âr0ady|that was
|
|switch|p2a: Doublade|Doublade, M|319\/319
|turn|9
|c|âr0ady|a fucking speedy ass nidoqueen
|c|âr0ady|jesus
|c|âChristo m8|i love speedy nido
|c|âChristo m8|best mon in uu
|c|âr0ady|im speedy blasty
|
|switch|p1a: Hydreigon|Hydreigon, M|5\/325
|move|p2a: Doublade|Swords Dance|p2a: Doublade
|-boost|p2a: Doublade|atk|2
|
|turn|10
|c|âr0ady|like tf
|c|âr0ady|how much do you need
|
|move|p2a: Doublade|Shadow Sneak|p1a: Hydreigon
|-resisted|p1a: Hydreigon
|-damage|p1a: Hydreigon|0 fnt
|faint|p1a: Hydreigon
|
|c|âChristo m8|i run enough for max hp rachi
|
|switch|p1a: Celebi|Celebi|341\/341
|turn|11
|c|âr0ady|thats
|c|âr0ady|fucking ridic
|c|âr0ady|gg
|
|move|p2a: Doublade|Shadow Sneak|p1a: Celebi
|-supereffective|p1a: Celebi
|-damage|p1a: Celebi|51\/341
|move|p1a: Celebi|Seed Bomb|p2a: Doublade
|-resisted|p2a: Doublade
|-damage|p2a: Doublade|293\/319
|
|-heal|p1a: Celebi|72\/341|[from] item: Leftovers
|turn|12
|c|âChristo m8|i mean, it still live dracos so i dont see why not
|leave|gobo gym
|c|âChristo m8|gg
|
|move|p2a: Doublade|Shadow Sneak|p1a: Celebi
|-supereffective|p1a: Celebi
|-damage|p1a: Celebi|0 fnt
|faint|p1a: Celebi
|
|
|switch|p1a: Cobalion|Cobalion|291\/323
|turn|13
|c|âr0ady|thats because
|c|âr0ady|scarf dreigon isd weak af
|c|âChristo m8|ik
|
|move|p1a: Cobalion|Iron Head|p2a: Doublade
|-resisted|p2a: Doublade
|-damage|p2a: Doublade|259\/319
|-damage|p1a: Cobalion|259\/323|[from] item: Life Orb
|cant|p2a: Doublade|flinch
|
|turn|14
|
|move|p1a: Cobalion|Iron Head|p2a: Doublade
|-resisted|p2a: Doublade
|-damage|p2a: Doublade|224\/319
|-damage|p1a: Cobalion|227\/323|[from] item: Life Orb
|move|p2a: Doublade|Sacred Sword|p1a: Cobalion
|-supereffective|p1a: Cobalion
|-damage|p1a: Cobalion|0 fnt
|faint|p1a: Cobalion
|
|leave|Xblade619
|
|switch|p1a: Florges|Florges, F|359\/359
|turn|15
|
|move|p1a: Florges|Calm Mind|p1a: Florges
|-boost|p1a: Florges|spa|1
|-boost|p1a: Florges|spd|1
|move|p2a: Doublade|Iron Head|p1a: Florges
|-supereffective|p1a: Florges
|-damage|p1a: Florges|0 fnt
|faint|p1a: Florges
|
|win|Christo m8
|c|âChristo m8|gg
|leave|r0ady
|leave|Christo m8
|player|p1
|player|p2
|leave|spuun