|join|Christo m8
|join|Arodiad
|player|p1|Christo m8|1
|player|p2|Arodiad|92
|gametype|singles
|gen|6
|tier|UU
|rated
|rule|Sleep Clause Mod: Limit one foe put to sleep
|rule|Species Clause: Limit one of each PokÃ©mon
|rule|OHKO Clause: OHKO moves are banned
|rule|Moody Clause: Moody is banned
|rule|Evasion Moves Clause: Evasion moves are banned
|rule|Endless Battle Clause: Forcing endless battles is banned
|rule|HP Percentage Mod: HP is shown in percentages
|clearpoke
|poke|p1|Hydreigon, M
|poke|p1|Pidgeot, F
|poke|p1|Jirachi
|poke|p1|Doublade, F
|poke|p1|Machamp, F
|poke|p1|Nidoqueen, F
|poke|p2|Kingdra, M
|poke|p2|Nidoking, M
|poke|p2|Darmanitan, F
|poke|p2|Florges, F
|poke|p2|Celebi
|poke|p2|Honchkrow, F
|rule|Swagger Clause: Swagger is banned
|rule|Baton Pass Clause: Limit one PokÃ©mon knowing Baton Pass
|teampreview
|c|âArodiad|gl
|
|start
|switch|p1a: Pidgeot|Pidgeot, F|308\/308
|switch|p2a: Onion|Celebi|404\/404
|turn|1
|
|switch|p1a: Nidoqueen|Nidoqueen, F|330\/330
|switch|p2a: Blossom|Florges, F|360\/360
|
|turn|2
|
|switch|p2a: Corol-late|Kingdra, M|292\/292
|move|p1a: Nidoqueen|Sludge Wave|p2a: Corol-late
|-damage|p2a: Corol-late|45\/292
|
|turn|3
|
|switch|p1a: Hydreigon|Hydreigon, M|325\/325
|move|p2a: Corol-late|Waterfall|p1a: Hydreigon
|-resisted|p1a: Hydreigon
|-damage|p1a: Hydreigon|257\/325
|
|turn|4
|
|switch|p2a: Blossom|Florges, F|360\/360
|move|p1a: Hydreigon|Flash Cannon|p2a: Blossom
|-supereffective|p2a: Blossom
|-damage|p2a: Blossom|172\/360
|
|-heal|p2a: Blossom|194\/360|[from] item: Leftovers
|turn|5
|
|switch|p1a: Nidoqueen|Nidoqueen, F|330\/330
|switch|p2a: Dat Grin|Darmanitan, F|352\/352
|
|turn|6
|
|switch|p1a: Hydreigon|Hydreigon, M|257\/325
|move|p2a: Dat Grin|U-turn|p1a: Hydreigon
|-supereffective|p1a: Hydreigon
|-damage|p1a: Hydreigon|51\/325
|
|switch|p2a: Barney|Nidoking, M|304\/304
|
|turn|7
|
|move|p2a: Barney|Ice Beam|p1a: Hydreigon
|-supereffective|p1a: Hydreigon
|-damage|p1a: Hydreigon|0 fnt
|faint|p1a: Hydreigon
|
|
|switch|p1a: Jirachi|Jirachi|341\/341
|turn|8
|
|switch|p2a: Blossom|Florges, F|194\/360
|move|p1a: Jirachi|U-turn|p2a: Blossom
|-resisted|p2a: Blossom
|-damage|p2a: Blossom|163\/360
|
|switch|p1a: Nidoqueen|Nidoqueen, F|330\/330
|
|-heal|p2a: Blossom|185\/360|[from] item: Leftovers
|turn|9
|
|switch|p2a: Barney|Nidoking, M|304\/304
|move|p1a: Nidoqueen|Sludge Wave|p2a: Barney
|-resisted|p2a: Barney
|-damage|p2a: Barney|230\/304
|
|turn|10
|
|switch|p1a: Machamp|Machamp, F|364\/364
|move|p2a: Barney|Earth Power|p1a: Machamp
|-damage|p1a: Machamp|235\/364
|
|turn|11
|
|switch|p2a: Onion|Celebi|404\/404
|move|p1a: Machamp|Dynamic Punch|p2a: Onion
|-resisted|p2a: Onion
|-damage|p2a: Onion|328\/404
|-start|p2a: Onion|confusion
|
|-heal|p2a: Onion|353\/404|[from] item: Leftovers
|turn|12
|
|-activate|p2a: Onion|confusion
|move|p2a: Onion|Toxic|p1a: Machamp
|-status|p1a: Machamp|tox
|move|p1a: Machamp|Knock Off|p2a: Onion
|-supereffective|p2a: Onion
|-damage|p2a: Onion|155\/404
|-enditem|p2a: Onion|Leftovers|[from] move: Knock Off|[of] p1a: Machamp
|
|-damage|p1a: Machamp|213\/364 tox|[from] psn
|turn|13
|
|-activate|p2a: Onion|confusion
|move|p2a: Onion|Recover|p2a: Onion
|-heal|p2a: Onion|357\/404
|move|p1a: Machamp|Knock Off|p2a: Onion
|-supereffective|p2a: Onion
|-damage|p2a: Onion|243\/404
|
|-damage|p1a: Machamp|169\/364 tox|[from] psn
|turn|14
|
|switch|p1a: Doublade|Doublade, F|319\/319
|-end|p2a: Onion|confusion
|move|p2a: Onion|Psychic|p1a: Doublade
|-resisted|p1a: Doublade
|-damage|p1a: Doublade|253\/319
|
|turn|15
|
|switch|p2a: Barney|Nidoking, M|230\/304
|move|p1a: Doublade|Shadow Sneak|p2a: Barney
|-damage|p2a: Barney|151\/304
|
|turn|16
|
|switch|p1a: Machamp|Machamp, F|169\/364 tox
|move|p2a: Barney|Flamethrower|p1a: Machamp
|-damage|p1a: Machamp|85\/364 tox
|
|-damage|p1a: Machamp|63\/364 tox|[from] psn
|turn|17
|
|move|p1a: Machamp|Bullet Punch|p2a: Barney
|-damage|p2a: Barney|85\/304
|move|p2a: Barney|Flamethrower|p1a: Machamp
|-damage|p1a: Machamp|0 fnt
|faint|p1a: Machamp
|
|
|switch|p1a: Nidoqueen|Nidoqueen, F|330\/330
|turn|18
|
|switch|p2a: Corol-late|Kingdra, M|45\/292
|move|p1a: Nidoqueen|Ice Beam|p2a: Corol-late
|-damage|p2a: Corol-late|0 fnt
|faint|p2a: Corol-late
|
|
|switch|p2a: Barney|Nidoking, M|85\/304
|turn|19
|
|move|p2a: Barney|Earth Power|p1a: Nidoqueen
|-supereffective|p1a: Nidoqueen
|-damage|p1a: Nidoqueen|0 fnt
|faint|p1a: Nidoqueen
|
|
|switch|p1a: Pidgeot|Pidgeot, F|308\/308
|turn|20
|
|switch|p2a: Blossom|Florges, F|185\/360
|switch|p1a: Jirachi|Jirachi|341\/341
|
|-heal|p2a: Blossom|207\/360|[from] item: Leftovers
|turn|21
|
|switch|p2a: Papa Bird|Honchkrow, F|342\/342
|move|p1a: Jirachi|Iron Head|p2a: Papa Bird
|-crit|p2a: Papa Bird
|-damage|p2a: Papa Bird|38\/342
|
|turn|22
|
|switch|p1a: Doublade|Doublade, F|253\/319
|move|p2a: Papa Bird|Sucker Punch|p1a: Doublade
|-fail|p1a: Doublade
|
|turn|23
|
|move|p2a: Papa Bird|Sucker Punch|p1a: Doublade
|-fail|p1a: Doublade
|move|p1a: Doublade|Swords Dance|p1a: Doublade
|-boost|p1a: Doublade|atk|2
|
|turn|24
|
|move|p2a: Papa Bird|Sucker Punch|p1a: Doublade
|-supereffective|p1a: Doublade
|-damage|p1a: Doublade|71\/319
|-damage|p2a: Papa Bird|4\/342|[from] item: Life Orb
|move|p1a: Doublade|Shadow Sneak|p2a: Papa Bird
|-resisted|p2a: Papa Bird
|-damage|p2a: Papa Bird|0 fnt
|faint|p2a: Papa Bird
|
|
|switch|p2a: Dat Grin|Darmanitan, F|352\/352
|turn|25
|
|move|p1a: Doublade|Shadow Sneak|p2a: Dat Grin
|-damage|p2a: Dat Grin|111\/352
|move|p2a: Dat Grin|Flare Blitz|p1a: Doublade
|-supereffective|p1a: Doublade
|-damage|p1a: Doublade|0 fnt
|-damage|p2a: Dat Grin|88\/352|[from] recoil|[of] p1a: Doublade
|faint|p1a: Doublade
|
|
|switch|p1a: Jirachi|Jirachi|341\/341
|turn|26
|
|move|p1a: Jirachi|Iron Head|p2a: Dat Grin
|-resisted|p2a: Dat Grin
|-damage|p2a: Dat Grin|0 fnt
|faint|p2a: Dat Grin
|
|
|switch|p2a: Barney|Nidoking, M|85\/304
|turn|27
|
|move|p1a: Jirachi|Iron Head|p2a: Barney
|-damage|p2a: Barney|0 fnt
|faint|p2a: Barney
|
|
|switch|p2a: Onion|Celebi|243\/404
|turn|28
|
|move|p1a: Jirachi|Iron Head|p2a: Onion
|-damage|p2a: Onion|159\/404
|move|p2a: Onion|Recover|p2a: Onion
|-heal|p2a: Onion|361\/404
|
|turn|29
|
|move|p1a: Jirachi|Iron Head|p2a: Onion
|-damage|p2a: Onion|276\/404
|cant|p2a: Onion|flinch
|
|turn|30
|
|switch|p1a: Pidgeot|Pidgeot, F|308\/308
|move|p2a: Onion|Psychic|p1a: Pidgeot
|-damage|p1a: Pidgeot|173\/308
|
|turn|31
|
|switch|p2a: Blossom|Florges, F|207\/360
|detailschange|p1a: Pidgeot|Pidgeot-Mega, F
|-mega|p1a: Pidgeot|Pidgeot|Pidgeotite
|move|p1a: Pidgeot|Hurricane|p2a: Blossom
|-damage|p2a: Blossom|65\/360
|
|-heal|p2a: Blossom|87\/360|[from] item: Leftovers
|turn|32
|c|âChristo m8|omg
|c|âChristo m8|wtf
|c|âArodiad|what?
|
|move|p1a: Pidgeot|Hurricane|p2a: Blossom
|-damage|p2a: Blossom|0 fnt
|faint|p2a: Blossom
|
|c|âChristo m8|did not expect 38%
|
|switch|p2a: Onion|Celebi|276\/404
|turn|33
|c|âChristo m8|gg close one
|c|âArodiad|yeah gg man
|c|âArodiad|nice predictions
|c|âChristo m8|ty
|
|move|p1a: Pidgeot|Hurricane|p2a: Onion
|-supereffective|p2a: Onion
|-damage|p2a: Onion|0 fnt
|faint|p2a: Onion
|
|win|Christo m8
|raw|Ladder updating...
|raw|Christo m8's rating: 1537 &rarr; <strong>1544<\/strong><br \/>(+7 for winning)
|raw|Arodiad's rating: 1254 &rarr; <strong>1245<\/strong><br \/>(-9 for losing)
|c|âArodiad|wait
|c|âArodiad|do you mind if i upload this to YT
|c|âChristo m8|yes?
|c|âArodiad|it was a good battle
|c|âChristo m8|yeah, link me your yt too
|c|âArodiad|it's the same as my username
|c|âArodiad|But is it all cool?
|c|âArodiad|i like to ask before i upload
|c|âChristo m8|of course
|c|âArodiad|thanks bro