|join|Christo m8
|join|Luna Bae
|player|p1|Christo m8|102
|player|p2|Luna Bae|280
|gametype|singles
|gen|6
|tier|UU
|rule|Sleep Clause Mod: Limit one foe put to sleep
|rule|Species Clause: Limit one of each PokÃ©mon
|rule|OHKO Clause: OHKO moves are banned
|rule|Moody Clause: Moody is banned
|rule|Evasion Moves Clause: Evasion moves are banned
|rule|Endless Battle Clause: Forcing endless battles is banned
|rule|HP Percentage Mod: HP is shown in percentages
|clearpoke
|poke|p1|Nidoqueen, F
|poke|p1|Celebi
|poke|p1|Machamp, F
|poke|p1|Pidgeot, M
|poke|p1|Krookodile, F
|poke|p1|Alomomola, F
|poke|p2|Chesnaught, F
|poke|p2|Reuniclus, F
|poke|p2|Forretress, F
|poke|p2|Blissey, F
|poke|p2|Suicune
|poke|p2|Crobat, F, shiny
|rule|Swagger Clause: Swagger is banned
|rule|Baton Pass Clause: Limit one PokÃ©mon knowing Baton Pass
|teampreview
|join|LiberalLucario
|c|âChristo m8|what a fun team to play against
|join|Arvenas
|join|Shit User
|c| Shit User|n_n
|
|start
|switch|p1a: Nidoqueen|Nidoqueen, F|330\/330
|switch|p2a: Reuniclus|Reuniclus, F|424\/424
|turn|1
|c| Shit User|luna
|c| Shit User|stop
|c| Shit User|with
|c|âLuna Bae|hahahaha
|c| Shit User|that
|c| Shit User|reun
|c| Shit User|is late
|c| Shit User|game
|
|switch|p1a: Celebi|Celebi|396\/396
|move|p2a: Reuniclus|Signal Beam|p1a: Celebi
|-supereffective|p1a: Celebi
|-damage|p1a: Celebi|196\/396
|
|-heal|p1a: Celebi|220\/396|[from] item: Leftovers
|turn|2
|c|âLuna Bae|pls
|c| Shit User|ebic
|c|âChristo m8|:[
|
|switch|p1a: Pidgeot|Pidgeot, M|308\/308
|switch|p2a: Crobae|Crobat, F, shiny|325\/325
|
|turn|3
|
|detailschange|p1a: Pidgeot|Pidgeot-Mega, M
|-mega|p1a: Pidgeot|Pidgeot|Pidgeotite
|move|p2a: Crobae|U-turn|p1a: Pidgeot
|-resisted|p1a: Pidgeot
|-damage|p1a: Pidgeot|272\/308
|
|switch|p2a: not luna|Blissey, F|714\/714
|move|p1a: Pidgeot|Hurricane|p2a: not luna
|-damage|p2a: not luna|548\/714
|-start|p2a: not luna|confusion
|
|-heal|p2a: not luna|592\/714|[from] item: Leftovers
|turn|4
|join|jbabyjbaby
|
|switch|p1a: Machamp|Machamp, F|364\/364
|-activate|p2a: not luna|confusion
|move|p2a: not luna|Toxic|p1a: Machamp
|-status|p1a: Machamp|tox
|
|-heal|p2a: not luna|636\/714|[from] item: Leftovers
|-damage|p1a: Machamp|342\/364 tox|[from] psn
|turn|5
|
|switch|p2a: Crobae|Crobat, F, shiny|325\/325
|move|p1a: Machamp|Dynamic Punch|p2a: Crobae
|-crit|p2a: Crobae
|-resisted|p2a: Crobae
|-damage|p2a: Crobae|243\/325
|-start|p2a: Crobae|confusion
|
|-damage|p1a: Machamp|298\/364 tox|[from] psn
|turn|6
|
|switch|p2a: (.)|Forretress, F|354\/354
|move|p1a: Machamp|Stone Edge|p2a: (.)
|-crit|p2a: (.)
|-damage|p2a: (.)|252\/354
|
|-heal|p2a: (.)|274\/354|[from] item: Leftovers
|-damage|p1a: Machamp|232\/364 tox|[from] psn
|turn|7
|
|switch|p1a: Pidgeot|Pidgeot-Mega, M|272\/308
|move|p2a: (.)|Stealth Rock|p1a: Pidgeot
|-sidestart|p1: Christo m8|move: Stealth Rock
|
|-heal|p2a: (.)|296\/354|[from] item: Leftovers
|turn|8
|
|switch|p2a: not luna|Blissey, F|636\/714
|move|p1a: Pidgeot|Defog|p2a: not luna
|-unboost|p2a: not luna|evasion|1
|-sideend|p1: Christo m8|Stealth Rock|[from] move: Defog|[of] p1a: Pidgeot
|
|-heal|p2a: not luna|680\/714|[from] item: Leftovers
|turn|9
|
|move|p1a: Pidgeot|Hurricane|p2a: not luna
|-damage|p2a: not luna|514\/714
|move|p2a: not luna|Seismic Toss|p1a: Pidgeot
|-damage|p1a: Pidgeot|172\/308
|
|-heal|p2a: not luna|558\/714|[from] item: Leftovers
|turn|10
|
|move|p1a: Pidgeot|Hurricane|p2a: not luna
|-damage|p2a: not luna|401\/714
|move|p2a: not luna|Wish|p2a: not luna
|
|-heal|p2a: not luna|445\/714|[from] item: Leftovers
|turn|11
|join|SadPierrot
|join|thymetime
|
|move|p1a: Pidgeot|Protect|p1a: Pidgeot
|-singleturn|p1a: Pidgeot|Protect
|move|p2a: not luna|Toxic|p1a: Pidgeot
|-activate|p1a: Pidgeot|Protect
|
|-heal|p2a: not luna|714\/714|[from] move: Wish|[wisher] not luna
|turn|12
|
|switch|p1a: Machamp|Machamp, F|232\/364 tox
|move|p2a: not luna|Seismic Toss|p1a: Machamp
|-damage|p1a: Machamp|132\/364 tox
|
|-damage|p1a: Machamp|110\/364 tox|[from] psn
|turn|13
|
|move|p2a: not luna|Protect|p2a: not luna
|-singleturn|p2a: not luna|Protect
|move|p1a: Machamp|Dynamic Punch|p2a: not luna
|-activate|p2a: not luna|Protect
|
|-damage|p1a: Machamp|66\/364 tox|[from] psn
|turn|14
|c|âChristo m8|sigh
|
|switch|p2a: Chesnaught|Chesnaught, F|380\/380
|move|p1a: Machamp|Dynamic Punch|p2a: Chesnaught
|-damage|p2a: Chesnaught|208\/380
|-start|p2a: Chesnaught|confusion
|
|-heal|p2a: Chesnaught|231\/380|[from] item: Leftovers
|-damage|p1a: Machamp|0 fnt|[from] psn
|faint|p1a: Machamp
|
|switch|p1a: Pidgeot|Pidgeot-Mega, M|172\/308
|turn|15
|
|switch|p2a: not luna|Blissey, F|714\/714
|move|p1a: Pidgeot|Hurricane|p2a: not luna
|-damage|p2a: not luna|548\/714
|-start|p2a: not luna|confusion
|
|-heal|p2a: not luna|592\/714|[from] item: Leftovers
|turn|16
|
|switch|p1a: Celebi|Celebi|220\/396
|-activate|p2a: not luna|confusion
|-damage|p2a: not luna|586\/714|[from] confusion
|
|-heal|p1a: Celebi|244\/396|[from] item: Leftovers
|-heal|p2a: not luna|630\/714|[from] item: Leftovers
|turn|17
|
|switch|p2a: Crobae|Crobat, F, shiny|243\/325
|move|p1a: Celebi|Swords Dance|p1a: Celebi
|-boost|p1a: Celebi|atk|2
|
|-heal|p1a: Celebi|268\/396|[from] item: Leftovers
|turn|18
|leave|jbabyjbaby
|
|switch|p1a: Alomomola|Alomomola, F|533\/533
|move|p2a: Crobae|U-turn|p1a: Alomomola
|-damage|p1a: Alomomola|485\/533
|
|switch|p2a: Chesnaught|Chesnaught, F|231\/380
|
|-heal|p1a: Alomomola|518\/533|[from] item: Leftovers
|-heal|p2a: Chesnaught|254\/380|[from] item: Leftovers
|turn|19
|
|move|p1a: Alomomola|Toxic|p2a: Chesnaught|[miss]
|-miss|p1a: Alomomola|p2a: Chesnaught
|move|p2a: Chesnaught|Toxic|p1a: Alomomola
|-status|p1a: Alomomola|tox
|
|-heal|p1a: Alomomola|533\/533 tox|[from] item: Leftovers
|-heal|p2a: Chesnaught|277\/380|[from] item: Leftovers
|-damage|p1a: Alomomola|500\/533 tox|[from] psn
|turn|20
|c|âChristo m8|ofc
|c|âLuna Bae|:\/
|
|switch|p2a: Reuniclus|Reuniclus, F|424\/424
|move|p1a: Alomomola|Toxic|p2a: Reuniclus|[miss]
|-miss|p1a: Alomomola|p2a: Reuniclus
|
|-heal|p1a: Alomomola|533\/533 tox|[from] item: Leftovers
|-damage|p1a: Alomomola|467\/533 tox|[from] psn
|turn|21
|c|âChristo m8|i actually could have won with that toxic
|join|Another gg easy
|c| SadPierrot|not really
|
|switch|p1a: Pidgeot|Pidgeot-Mega, M|172\/308
|move|p2a: Reuniclus|Signal Beam|p1a: Pidgeot
|-resisted|p1a: Pidgeot
|-damage|p1a: Pidgeot|128\/308
|
|turn|22
|c|âLuna Bae|^
|c|âChristo m8|i SD my celebi to +4 and BP into krook and win with knock off
|c| SadPierrot|what has that toxic to do with it
|
|switch|p2a: not luna|Blissey, F|630\/714
|move|p1a: Pidgeot|Hurricane|p2a: not luna
|-damage|p2a: not luna|477\/714
|
|-heal|p2a: not luna|521\/714|[from] item: Leftovers
|turn|23
|c|âChristo m8|chesnaught is the only thing in the way of the sweep
|
|move|p1a: Pidgeot|Hurricane|p2a: not luna
|-damage|p2a: not luna|367\/714
|-start|p2a: not luna|confusion
|-activate|p2a: not luna|confusion
|move|p2a: not luna|Wish|p2a: not luna
|
|-heal|p2a: not luna|411\/714|[from] item: Leftovers
|turn|24
|
|move|p1a: Pidgeot|Protect|p1a: Pidgeot
|-singleturn|p1a: Pidgeot|Protect
|-activate|p2a: not luna|confusion
|-damage|p2a: not luna|405\/714|[from] confusion
|
|-heal|p2a: not luna|714\/714|[from] move: Wish|[wisher] not luna
|turn|25
|
|switch|p1a: Celebi|Celebi|268\/396
|-end|p2a: not luna|confusion
|move|p2a: not luna|Toxic|p1a: Celebi
|-status|p1a: Celebi|tox
|
|-heal|p1a: Celebi|292\/396 tox|[from] item: Leftovers
|-damage|p1a: Celebi|268\/396 tox|[from] psn
|turn|26
|
|switch|p2a: Reuniclus|Reuniclus, F|424\/424
|move|p1a: Celebi|Baton Pass|p1a: Celebi
|
|switch|p1a: Krookodile|Krookodile, F|332\/332
|
|turn|27
|
|move|p1a: Krookodile|Knock Off|p2a: Reuniclus
|-supereffective|p2a: Reuniclus
|-damage|p2a: Reuniclus|142\/424
|-enditem|p2a: Reuniclus|Leftovers|[from] move: Knock Off|[of] p1a: Krookodile
|move|p2a: Reuniclus|Signal Beam|p1a: Krookodile
|-supereffective|p1a: Krookodile
|-damage|p1a: Krookodile|140\/332
|
|turn|28
|
|switch|p1a: Celebi|Celebi|268\/396
|switch|p2a: Crobae|Crobat, F, shiny|243\/325
|
|-heal|p1a: Celebi|292\/396|[from] item: Leftovers
|turn|29
|
|switch|p1a: Nidoqueen|Nidoqueen, F|330\/330
|move|p2a: Crobae|Acrobatics|p1a: Nidoqueen
|-damage|p1a: Nidoqueen|170\/330
|
|turn|30
|
|move|p2a: Crobae|U-turn|p1a: Nidoqueen
|-resisted|p1a: Nidoqueen
|-damage|p1a: Nidoqueen|138\/330
|
|switch|p2a: not luna|Blissey, F|714\/714
|move|p1a: Nidoqueen|Stealth Rock|p2a: not luna
|-sidestart|p2: Luna Bae|move: Stealth Rock
|
|turn|31
|
|switch|p1a: Celebi|Celebi|292\/396
|move|p2a: not luna|Wish|p2a: not luna
|
|-heal|p1a: Celebi|316\/396|[from] item: Leftovers
|turn|32
|
|switch|p2a: Reuniclus|Reuniclus, F|142\/424
|move|p1a: Celebi|Baton Pass|p1a: Celebi
|c| Shit User|easiest
|c| Shit User|reun
|c| Shit User|of ur life
|c| Shit User|uh
|c|âLuna Bae|xD
|c| Shit User|oh
|c| Shit User|here comes
|c| Shit User|knock off
|
|switch|p1a: Krookodile|Krookodile, F|140\/332
|
|-heal|p2a: Reuniclus|424\/424|[from] move: Wish|[wisher] not luna
|turn|33
|
|switch|p1a: Nidoqueen|Nidoqueen, F|138\/330
|move|p2a: Reuniclus|Signal Beam|p1a: Nidoqueen
|-resisted|p1a: Nidoqueen
|-damage|p1a: Nidoqueen|100\/330
|
|turn|34
|c| SadPierrot|reuni sweeps
|
|move|p1a: Nidoqueen|Sludge Wave|p2a: Reuniclus
|-damage|p2a: Reuniclus|193\/424
|move|p2a: Reuniclus|Psyshock|p1a: Nidoqueen
|-supereffective|p1a: Nidoqueen
|-damage|p1a: Nidoqueen|0 fnt
|faint|p1a: Nidoqueen
|
|
|switch|p1a: Pidgeot|Pidgeot-Mega, M|128\/308
|turn|35
|
|switch|p2a: not luna|Blissey, F|714\/714
|-damage|p2a: not luna|625\/714|[from] Stealth Rock
|move|p1a: Pidgeot|Hurricane|p2a: not luna
|-damage|p2a: not luna|472\/714
|
|-heal|p2a: not luna|516\/714|[from] item: Leftovers
|turn|36
|
|switch|p1a: Celebi|Celebi|316\/396
|move|p2a: not luna|Wish|p2a: not luna
|
|-heal|p1a: Celebi|340\/396|[from] item: Leftovers
|-heal|p2a: not luna|560\/714|[from] item: Leftovers
|turn|37
|c| SadPierrot|that's fully spdef bliss
|c|âLuna Bae|nope
|
|switch|p2a: Reuniclus|Reuniclus, F|193\/424
|move|p1a: Celebi|Swords Dance|p1a: Celebi
|-boost|p1a: Celebi|atk|2
|
|-heal|p2a: Reuniclus|424\/424|[from] move: Wish|[wisher] not luna
|-heal|p1a: Celebi|364\/396|[from] item: Leftovers
|turn|38
|c| SadPierrot|no?
|join|pokemanMastur
|
|move|p1a: Celebi|Swords Dance|p1a: Celebi
|-boost|p1a: Celebi|atk|2
|move|p2a: Reuniclus|Signal Beam|p1a: Celebi
|-supereffective|p1a: Celebi
|-damage|p1a: Celebi|152\/396
|
|-heal|p1a: Celebi|176\/396|[from] item: Leftovers
|turn|39
|
|move|p1a: Celebi|Sucker Punch|p2a: Reuniclus
|-supereffective|p2a: Reuniclus
|-damage|p2a: Reuniclus|104\/424
|move|p2a: Reuniclus|Signal Beam|p1a: Celebi
|-supereffective|p1a: Celebi
|-damage|p1a: Celebi|0 fnt
|faint|p1a: Celebi
|
|c|âLuna Bae|reun pls
|
|switch|p1a: Krookodile|Krookodile, F|140\/332
|turn|40
|join|SevenSeven
|leave|SevenSeven
|leave|LiberalLucario
|
|move|p1a: Krookodile|Pursuit|p2a: Reuniclus
|-supereffective|p2a: Reuniclus
|-damage|p2a: Reuniclus|0 fnt
|faint|p2a: Reuniclus
|-boost|p1a: Krookodile|atk|1|[from] ability: Moxie
|
|c|âChristo m8|fuck your 6-0
|c|âLuna Bae|xD
|
|switch|p2a: Chesnaught|Chesnaught, F|277\/380
|-damage|p2a: Chesnaught|254\/380|[from] Stealth Rock
|turn|41
|
|switch|p1a: Alomomola|Alomomola, F|533\/533 tox
|move|p2a: Chesnaught|Leech Seed|p1a: Alomomola
|-start|p1a: Alomomola|move: Leech Seed
|
|-heal|p2a: Chesnaught|277\/380|[from] item: Leftovers
|-damage|p1a: Alomomola|467\/533 tox|[from] Leech Seed|[of] p2a: Chesnaught
|-heal|p2a: Chesnaught|343\/380|[silent]
|-damage|p1a: Alomomola|434\/533 tox|[from] psn
|turn|42
|leave|SadPierrot
|
|switch|p1a: Pidgeot|Pidgeot-Mega, M|128\/308
|switch|p2a: (.)|Forretress, F|296\/354
|-damage|p2a: (.)|252\/354|[from] Stealth Rock
|
|-heal|p2a: (.)|274\/354|[from] item: Leftovers
|turn|43
|
|switch|p2a: not luna|Blissey, F|560\/714
|-damage|p2a: not luna|471\/714|[from] Stealth Rock
|move|p1a: Pidgeot|Hurricane|p2a: not luna
|-damage|p2a: not luna|314\/714
|
|-heal|p2a: not luna|358\/714|[from] item: Leftovers
|turn|44
|
|move|p1a: Pidgeot|Hurricane|p2a: not luna
|-damage|p2a: not luna|199\/714
|move|p2a: not luna|Wish|p2a: not luna
|
|-heal|p2a: not luna|243\/714|[from] item: Leftovers
|turn|45
|c|âChristo m8|you literally had the counter team
|
|move|p1a: Pidgeot|Hurricane|p2a: not luna
|-damage|p2a: not luna|77\/714
|move|p2a: not luna|Toxic|p1a: Pidgeot
|-status|p1a: Pidgeot|tox
|
|-heal|p2a: not luna|434\/714|[from] move: Wish|[wisher] not luna
|-heal|p2a: not luna|478\/714|[from] item: Leftovers
|-damage|p1a: Pidgeot|109\/308 tox|[from] psn
|turn|46
|c|âLuna Bae|soz
|-message|Christo m8 forfeited.
|
|move|p1a: Pidgeot|Hurricane|p2a: not luna
|-damage|p2a: not luna|321\/714
|move|p2a: not luna|Wish|p2a: not luna
|
|-heal|p2a: not luna|365\/714|[from] item: Leftovers
|-damage|p1a: Pidgeot|71\/308 tox|[from] psn
|turn|47
|leave|Christo m8
|
|win|Luna Bae
|leave|pokemanMastur
|leave|thymetime
|player|p1