|join|Christo m8
|join|Ununhexium
|player|p1|Christo m8|142
|player|p2|Ununhexium|33
|gametype|singles
|gen|6
|tier|UU
|rule|Sleep Clause Mod: Limit one foe put to sleep
|rule|Species Clause: Limit one of each PokÃ©mon
|rule|OHKO Clause: OHKO moves are banned
|rule|Moody Clause: Moody is banned
|rule|Evasion Moves Clause: Evasion moves are banned
|rule|Endless Battle Clause: Forcing endless battles is banned
|rule|HP Percentage Mod: HP is shown in percentages
|clearpoke
|poke|p1|Hydreigon, F
|poke|p1|Jirachi
|poke|p1|Raikou
|poke|p1|Machamp, F
|poke|p1|Pidgeot, F
|poke|p1|Nidoqueen, F
|poke|p2|Machamp, F
|poke|p2|Hydreigon, M
|poke|p2|Aerodactyl, F
|poke|p2|Crobat, M
|poke|p2|Entei, shiny
|poke|p2|Roserade, F
|rule|Swagger Clause: Swagger is banned
|rule|Baton Pass Clause: Limit one PokÃ©mon knowing Baton Pass
|teampreview
|
|start
|switch|p1a: Nidoqueen|Nidoqueen, F|322\/322
|switch|p2a: Hydreigon|Hydreigon, M|325\/325
|turn|1
|
|switch|p1a: Machamp|Machamp, F|364\/364
|move|p2a: Hydreigon|Draco Meteor|p1a: Machamp
|-damage|p1a: Machamp|187\/364
|-unboost|p2a: Hydreigon|spa|2
|
|turn|2
|
|switch|p2a: Crobat|Crobat, M|329\/329
|move|p1a: Machamp|Stone Edge|p2a: Crobat
|-supereffective|p2a: Crobat
|-damage|p2a: Crobat|31\/329
|
|-heal|p2a: Crobat|51\/329|[from] item: Black Sludge
|turn|3
|
|move|p1a: Machamp|Bullet Punch|p2a: Crobat
|-damage|p2a: Crobat|0 fnt
|faint|p2a: Crobat
|
|
|switch|p2a: Entei|Entei, shiny|371\/371
|-ability|p2a: Entei|Pressure
|turn|4
|
|move|p2a: Entei|Sacred Fire|p1a: Machamp
|-damage|p1a: Machamp|0 fnt
|faint|p1a: Machamp
|
|
|switch|p1a: Hydreigon|Hydreigon, F|325\/325
|turn|5
|
|move|p1a: Hydreigon|Draco Meteor|p2a: Entei
|-damage|p2a: Entei|0 fnt
|-unboost|p1a: Hydreigon|spa|2
|faint|p2a: Entei
|
|
|switch|p2a: Machamp|Machamp, F|361\/361
|turn|6
|join|Sarahpod
|leave|Sarahpod
|
|move|p1a: Hydreigon|Draco Meteor|p2a: Machamp
|-damage|p2a: Machamp|172\/361
|-unboost|p1a: Hydreigon|spa|2
|move|p2a: Machamp|Close Combat|p1a: Hydreigon
|-supereffective|p1a: Hydreigon
|-damage|p1a: Hydreigon|0 fnt
|-unboost|p2a: Machamp|def|1
|-unboost|p2a: Machamp|spd|1
|faint|p1a: Hydreigon
|
|
|switch|p1a: Nidoqueen|Nidoqueen, F|322\/322
|turn|7
|
|switch|p2a: Roserade|Roserade, F|323\/323
|move|p1a: Nidoqueen|Sludge Wave|p2a: Roserade
|-damage|p2a: Roserade|166\/323
|
|-heal|p2a: Roserade|186\/323|[from] item: Black Sludge
|turn|8
|
|move|p1a: Nidoqueen|Ice Beam|p2a: Roserade
|-supereffective|p2a: Roserade
|-damage|p2a: Roserade|0 fnt
|faint|p2a: Roserade
|
|join|Animus Majulous
|
|switch|p2a: Machamp|Machamp, F|172\/361
|turn|9
|c|âUnunhexium|ugh i misplayed really bad this game
|
|switch|p1a: Raikou|Raikou|321\/321
|-ability|p1a: Raikou|Pressure
|move|p2a: Machamp|Ice Punch|p1a: Raikou
|-damage|p1a: Raikou|129\/321
|
|-heal|p1a: Raikou|149\/321|[from] item: Leftovers
|turn|10
|c|âUnunhexium|and this team is really nidoqueen weak
|
|switch|p2a: Hydreigon|Hydreigon, M|325\/325
|move|p1a: Raikou|Thunderbolt|p2a: Hydreigon
|-resisted|p2a: Hydreigon
|-damage|p2a: Hydreigon|251\/325
|
|-heal|p1a: Raikou|169\/321|[from] item: Leftovers
|turn|11
|
|move|p2a: Hydreigon|U-turn|p1a: Raikou
|-damage|p1a: Raikou|105\/321
|
|switch|p2a: Aerodactyl|Aerodactyl, F|309\/309
|-ability|p2a: Aerodactyl|Pressure
|move|p1a: Raikou|Hidden Power|p2a: Aerodactyl
|-supereffective|p2a: Aerodactyl
|-damage|p2a: Aerodactyl|153\/309
|
|-heal|p1a: Raikou|125\/321|[from] item: Leftovers
|turn|12
|
|detailschange|p2a: Aerodactyl|Aerodactyl-Mega, F
|-mega|p2a: Aerodactyl|Aerodactyl|Aerodactylite
|move|p2a: Aerodactyl|Stone Edge|p1a: Raikou
|-damage|p1a: Raikou|0 fnt
|faint|p1a: Raikou
|
|
|switch|p1a: Jirachi|Jirachi|341\/341
|turn|13
|
|move|p1a: Jirachi|Iron Head|p2a: Aerodactyl
|-supereffective|p2a: Aerodactyl
|-damage|p2a: Aerodactyl|0 fnt
|faint|p2a: Aerodactyl
|
|
|switch|p2a: Machamp|Machamp, F|172\/361
|turn|14
|
|switch|p1a: Pidgeot|Pidgeot, F|308\/308
|move|p2a: Machamp|Knock Off|p1a: Pidgeot
|-damage|p1a: Pidgeot|160\/308
|
|turn|15
|
|detailschange|p1a: Pidgeot|Pidgeot-Mega, F
|-mega|p1a: Pidgeot|Pidgeot|Pidgeotite
|move|p1a: Pidgeot|Hurricane|p2a: Machamp
|-supereffective|p2a: Machamp
|-damage|p2a: Machamp|0 fnt
|faint|p2a: Machamp
|
|
|switch|p2a: Hydreigon|Hydreigon, M|251\/325
|turn|16
|c|âUnunhexium|gg
|c|âChristo m8|gg man
|
|move|p2a: Hydreigon|Dark Pulse|p1a: Pidgeot
|-damage|p1a: Pidgeot|0 fnt
|faint|p1a: Pidgeot
|
|
|switch|p1a: Jirachi|Jirachi|341\/341
|turn|17
|
|move|p1a: Jirachi|U-turn|p2a: Hydreigon
|-supereffective|p2a: Hydreigon
|-damage|p2a: Hydreigon|107\/325
|c|âChristo m8|the hyper offense on both sides was fun to play to play
|
|switch|p1a: Nidoqueen|Nidoqueen, F|322\/322
|move|p2a: Hydreigon|Dark Pulse|p1a: Nidoqueen
|-damage|p1a: Nidoqueen|169\/322
|
|turn|18
|c|âUnunhexium|every team i make
|c|âUnunhexium|is uber nidoqueen weak
|c|âUnunhexium|and to an extent hydreigon
|c|âUnunhexium|lol
|c|âChristo m8|every team is nido weak
|
|move|p2a: Hydreigon|Dark Pulse|p1a: Nidoqueen
|-damage|p1a: Nidoqueen|0 fnt
|faint|p1a: Nidoqueen
|
|
|switch|p1a: Jirachi|Jirachi|341\/341
|turn|19
|
|move|p1a: Jirachi|U-turn|p2a: Hydreigon
|-supereffective|p2a: Hydreigon
|-damage|p2a: Hydreigon|0 fnt
|faint|p2a: Hydreigon
|
|win|Christo m8
|leave|Animus Majulous
|c|âChristo m8|i had zygarde b4 nido but that shits on it too
|c|âChristo m8|gg
|c|âUnunhexium|lol
|c|âUnunhexium|gg
|c|âChristo m8|gl
|leave|Christo m8
|player|p1
|leave|Ununhexium
|player|p2
|join|Christo m8