|join|Christo m8
|join|MaryLa
|player|p1|Christo m8|1
|player|p2|MaryLa|289
|gametype|singles
|gen|6
|tier|UU
|rated
|rule|Sleep Clause Mod: Limit one foe put to sleep
|rule|Species Clause: Limit one of each PokÃ©mon
|rule|OHKO Clause: OHKO moves are banned
|rule|Moody Clause: Moody is banned
|rule|Evasion Moves Clause: Evasion moves are banned
|rule|Endless Battle Clause: Forcing endless battles is banned
|rule|HP Percentage Mod: HP is shown in percentages
|clearpoke
|poke|p1|Hydreigon, F
|poke|p1|Pidgeot, F
|poke|p1|Jirachi
|poke|p1|Doublade, F
|poke|p1|Machamp, M
|poke|p1|Nidoqueen, F
|poke|p2|Absol, F, shiny
|poke|p2|Crobat, M
|poke|p2|Swampert, M
|poke|p2|Entei, shiny
|poke|p2|Jirachi, shiny
|poke|p2|Blissey, F
|rule|Swagger Clause: Swagger is banned
|rule|Baton Pass Clause: Limit one PokÃ©mon knowing Baton Pass
|teampreview
|c|âChristo m8|ffs
|
|start
|switch|p1a: Nidoqueen|Nidoqueen, F|330\/330
|switch|p2a: TeamPlayer|Swampert, M|401\/401
|turn|1
|c|âChristo m8|blissey
|c|âMaryLa|why are people still angry about blissey, it's B rank now..
|c|âMaryLa|it's not like it's still S
|
|move|p1a: Nidoqueen|Earth Power|p2a: TeamPlayer
|-damage|p2a: TeamPlayer|162\/401
|move|p2a: TeamPlayer|Stealth Rock|p1a: Nidoqueen
|-sidestart|p1: Christo m8|move: Stealth Rock
|
|-heal|p2a: TeamPlayer|187\/401|[from] item: Leftovers
|turn|2
|c|âChristo m8|thats irrelevant
|
|switch|p1a: Machamp|Machamp, M|364\/364
|-damage|p1a: Machamp|342\/364|[from] Stealth Rock
|switch|p2a: GoodWall|Blissey, F|714\/714
|
|turn|3
|c|âChristo m8|its just annoying to my team
|c|âChristo m8|and to anyteam
|c|âMaryLa|k den.
|
|switch|p2a: Crowbar|Crobat, M|373\/373
|move|p1a: Machamp|Stone Edge|p2a: Crowbar
|-crit|p2a: Crowbar
|-supereffective|p2a: Crowbar
|-damage|p2a: Crowbar|0 fnt
|faint|p2a: Crowbar
|
|
|switch|p2a: Doom|Jirachi, shiny|403\/403
|turn|4
|
|move|p2a: Doom|Substitute|p2a: Doom
|-start|p2a: Doom|Substitute
|-damage|p2a: Doom|303\/403
|move|p1a: Machamp|Knock Off|p2a: Doom
|-supereffective|p2a: Doom
|-end|p2a: Doom|Substitute
|
|-heal|p2a: Doom|328\/403|[from] item: Leftovers
|turn|5
|c|âChristo m8|nice and bluffed
|
|move|p2a: Doom|Body Slam|p1a: Machamp
|-damage|p1a: Machamp|263\/364
|move|p1a: Machamp|Knock Off|p2a: Doom
|-supereffective|p2a: Doom
|-damage|p2a: Doom|76\/403
|-enditem|p2a: Doom|Leftovers|[from] move: Knock Off|[of] p1a: Machamp
|
|turn|6
|
|switch|p1a: Nidoqueen|Nidoqueen, F|330\/330
|-damage|p1a: Nidoqueen|310\/330|[from] Stealth Rock
|move|p2a: Doom|Iron Head|p1a: Nidoqueen
|-damage|p1a: Nidoqueen|202\/330
|
|turn|7
|
|switch|p2a: GoodWall|Blissey, F|714\/714
|move|p1a: Nidoqueen|Earth Power|p2a: GoodWall
|-damage|p2a: GoodWall|542\/714
|
|-heal|p2a: GoodWall|586\/714|[from] item: Leftovers
|turn|8
|
|move|p1a: Nidoqueen|Stealth Rock|p2a: GoodWall
|-sidestart|p2: MaryLa|move: Stealth Rock
|move|p2a: GoodWall|Wish|p2a: GoodWall
|
|-heal|p2a: GoodWall|630\/714|[from] item: Leftovers
|turn|9
|
|move|p1a: Nidoqueen|Earth Power|p2a: GoodWall
|-damage|p2a: GoodWall|470\/714
|move|p2a: GoodWall|Seismic Toss|p1a: Nidoqueen
|-damage|p1a: Nidoqueen|102\/330
|
|-heal|p2a: GoodWall|714\/714|[from] move: Wish|[wisher] GoodWall
|turn|10
|
|switch|p1a: Machamp|Machamp, M|263\/364
|-damage|p1a: Machamp|241\/364|[from] Stealth Rock
|move|p2a: GoodWall|Seismic Toss|p1a: Machamp
|-damage|p1a: Machamp|141\/364
|
|turn|11
|
|move|p2a: GoodWall|Protect|p2a: GoodWall
|-singleturn|p2a: GoodWall|Protect
|move|p1a: Machamp|Dynamic Punch|p2a: GoodWall
|-activate|p2a: GoodWall|Protect
|
|turn|12
|
|switch|p2a: TeamPlayer|Swampert, M|187\/401
|-damage|p2a: TeamPlayer|162\/401|[from] Stealth Rock
|move|p1a: Machamp|Dynamic Punch|p2a: TeamPlayer
|-damage|p2a: TeamPlayer|11\/401
|-start|p2a: TeamPlayer|confusion
|
|-heal|p2a: TeamPlayer|36\/401|[from] item: Leftovers
|turn|13
|
|move|p1a: Machamp|Knock Off|p2a: TeamPlayer
|-damage|p2a: TeamPlayer|0 fnt
|-enditem|p2a: TeamPlayer|Leftovers|[from] move: Knock Off|[of] p1a: Machamp
|faint|p2a: TeamPlayer
|
|
|switch|p2a: Celestia|Absol, F, shiny|271\/271
|-damage|p2a: Celestia|238\/271|[from] Stealth Rock
|turn|14
|
|switch|p1a: Nidoqueen|Nidoqueen, F|102\/330
|-damage|p1a: Nidoqueen|82\/330|[from] Stealth Rock
|detailschange|p2a: Celestia|Absol-Mega, F, shiny
|-mega|p2a: Celestia|Absol|Absolite
|move|p2a: Celestia|Play Rough|p1a: Nidoqueen
|-resisted|p1a: Nidoqueen
|-damage|p1a: Nidoqueen|21\/330
|
|turn|15
|
|move|p2a: Celestia|Sucker Punch|p1a: Nidoqueen
|-damage|p1a: Nidoqueen|0 fnt
|faint|p1a: Nidoqueen
|
|
|switch|p1a: Doublade|Doublade, F|319\/319
|-damage|p1a: Doublade|300\/319|[from] Stealth Rock
|turn|16
|
|move|p2a: Celestia|Knock Off|p1a: Doublade
|-supereffective|p1a: Doublade
|-damage|p1a: Doublade|106\/319
|-enditem|p1a: Doublade|Eviolite|[from] move: Knock Off|[of] p2a: Celestia
|move|p1a: Doublade|Sacred Sword|p2a: Celestia
|-supereffective|p2a: Celestia
|-damage|p2a: Celestia|0 fnt
|faint|p2a: Celestia
|
|
|switch|p2a: Mufasa|Entei, shiny|371\/371
|-damage|p2a: Mufasa|279\/371|[from] Stealth Rock
|-ability|p2a: Mufasa|Pressure
|turn|17
|
|switch|p1a: Hydreigon|Hydreigon, F|325\/325
|-damage|p1a: Hydreigon|285\/325|[from] Stealth Rock
|move|p2a: Mufasa|Sacred Fire|p1a: Hydreigon
|-resisted|p1a: Hydreigon
|-damage|p1a: Hydreigon|143\/325
|-status|p1a: Hydreigon|brn
|
|-damage|p1a: Hydreigon|103\/325 brn|[from] brn
|turn|18
|
|move|p1a: Hydreigon|Dark Pulse|p2a: Mufasa
|-damage|p2a: Mufasa|11\/371
|move|p2a: Mufasa|Sacred Fire|p1a: Hydreigon
|-resisted|p1a: Hydreigon
|-damage|p1a: Hydreigon|0 fnt
|faint|p1a: Hydreigon
|
|
|switch|p1a: Doublade|Doublade, F|106\/319
|-damage|p1a: Doublade|87\/319|[from] Stealth Rock
|turn|19
|c|âChristo m8|easiest win of my life imo
|c|âMaryLa|sure.
|
|move|p1a: Doublade|Shadow Sneak|p2a: Mufasa
|-damage|p2a: Mufasa|0 fnt
|faint|p2a: Mufasa
|
|c|âChristo m8|literally got shit on the whole game
|
|switch|p2a: GoodWall|Blissey, F|714\/714
|-damage|p2a: GoodWall|625\/714|[from] Stealth Rock
|turn|20
|c|âMaryLa|whatever
|-message|MaryLa forfeited.
|leave|MaryLa
|
|win|Christo m8
|raw|Ladder updating...
|player|p2
|raw|Christo m8's rating: 1522 &rarr; <strong>1537<\/strong><br \/>(+15 for winning)
|raw|MaryLa's rating: 1447 &rarr; <strong>1431<\/strong><br \/>(-16 for losing)