|join|Christo m8
|join|specs P2
|player|p1|Christo m8|142
|player|p2|specs P2|161
|gametype|singles
|gen|6
|tier|UU
|rated
|rule|Sleep Clause Mod: Limit one foe put to sleep
|rule|Species Clause: Limit one of each PokÃ©mon
|rule|OHKO Clause: OHKO moves are banned
|rule|Moody Clause: Moody is banned
|rule|Evasion Moves Clause: Evasion moves are banned
|rule|Endless Battle Clause: Forcing endless battles is banned
|rule|HP Percentage Mod: HP is shown in percentages
|clearpoke
|poke|p1|Hydreigon, M
|poke|p1|Jirachi
|poke|p1|Raikou
|poke|p1|Machamp, M
|poke|p1|Pidgeot, M
|poke|p1|Nidoqueen, F
|poke|p2|Beedrill, F
|poke|p2|Entei, shiny
|poke|p2|Starmie
|poke|p2|Hydreigon, M
|poke|p2|Mienshao, M
|poke|p2|Nidoqueen, F
|rule|Swagger Clause: Swagger is banned
|rule|Baton Pass Clause: Limit one PokÃ©mon knowing Baton Pass
|teampreview
|
|start
|switch|p1a: Nidoqueen|Nidoqueen, F|322\/322
|switch|p2a: Starmie|Starmie|261\/261
|turn|1
|
|switch|p1a: Jirachi|Jirachi|341\/341
|move|p2a: Starmie|Hydro Pump|p1a: Jirachi
|-crit|p1a: Jirachi
|-damage|p1a: Jirachi|0 fnt
|-damage|p2a: Starmie|235\/261|[from] item: Life Orb
|faint|p1a: Jirachi
|
|c|âChristo m8|awesome
|c|âChristo m8|fucking sweet
|
|switch|p1a: Pidgeot|Pidgeot, M|308\/308
|turn|2
|c|âspecs P2|analytic lo 2hko
|c|âspecs P2|so yeah
|
|detailschange|p1a: Pidgeot|Pidgeot-Mega, M
|-mega|p1a: Pidgeot|Pidgeot|Pidgeotite
|move|p1a: Pidgeot|Protect|p1a: Pidgeot
|-singleturn|p1a: Pidgeot|Protect
|move|p2a: Starmie|Thunderbolt|p1a: Pidgeot
|-activate|p1a: Pidgeot|Protect
|
|turn|3
|
|switch|p2a: Entei|Entei, shiny|371\/371
|-ability|p2a: Entei|Pressure
|move|p1a: Pidgeot|Hurricane|p2a: Entei
|-crit|p2a: Entei
|-damage|p2a: Entei|170\/371
|-start|p2a: Entei|confusion
|
|turn|4
|c|âspecs P2|now this mattered
|c|âChristo m8|wtf
|c|âspecs P2|a lot more
|
|move|p1a: Pidgeot|Hurricane|p2a: Entei
|-damage|p2a: Entei|28\/371
|-activate|p2a: Entei|confusion
|-damage|p2a: Entei|0 fnt|[from] confusion
|faint|p2a: Entei
|
|c|âChristo m8|jirachi did work
|c|âspecs P2|great
|c|âChristo m8|idc
|c|âspecs P2|ad entei didnt?
|c|âChristo m8|not saying it didnt
|c|âspecs P2|av enetei look at ur team
|c|âspecs P2|jirachi was 2hko anyway
|c|âspecs P2|wats the deal
|c|âChristo m8|scarf
|
|switch|p2a: Nidoqueen|Nidoqueen, F|353\/353
|turn|5
|c|âChristo m8|did work on like 4 mons
|c|âChristo m8|but w.e
|c|âChristo m8|i haxed u back
|
|move|p1a: Pidgeot|Hurricane|p2a: Nidoqueen
|-crit|p2a: Nidoqueen
|-damage|p2a: Nidoqueen|16\/353
|-start|p2a: Nidoqueen|confusion
|-activate|p2a: Nidoqueen|confusion
|move|p2a: Nidoqueen|Ice Beam|p1a: Pidgeot
|-supereffective|p1a: Pidgeot
|-damage|p1a: Pidgeot|0 fnt
|faint|p1a: Pidgeot
|
|c|âChristo m8|jeez
|
|switch|p1a: Machamp|Machamp, M|364\/364
|turn|6
|c|âChristo m8|3 crits in 5 turns
|c|âspecs P2|no guard update: crit chances raise 50% too
|c|âspecs P2|lol
|
|move|p1a: Machamp|Bullet Punch|p2a: Nidoqueen
|-crit|p2a: Nidoqueen
|-damage|p2a: Nidoqueen|0 fnt
|faint|p2a: Nidoqueen
|
|c|âChristo m8|dont know how much that mattered in the end
|c|âChristo m8|but still sucks
|c|âspecs P2|ya it didnt it would suck tho if i hit myself in confusion
|c|âChristo m8|yeah for real
|c|âChristo m8|i would have felt awful
|
|switch|p2a: Beedrill|Beedrill, F|271\/271
|turn|7
|
|switch|p1a: Nidoqueen|Nidoqueen, F|322\/322
|detailschange|p2a: Beedrill|Beedrill-Mega, F
|-mega|p2a: Beedrill|Beedrill|Beedrillite
|move|p2a: Beedrill|U-turn|p1a: Nidoqueen
|-resisted|p1a: Nidoqueen
|-damage|p1a: Nidoqueen|217\/322
|
|switch|p2a: Starmie|Starmie|235\/261
|
|turn|8
|
|switch|p1a: Hydreigon|Hydreigon, M|325\/325
|move|p2a: Starmie|Ice Beam|p1a: Hydreigon
|-supereffective|p1a: Hydreigon
|-damage|p1a: Hydreigon|0 fnt
|-damage|p2a: Starmie|209\/261|[from] item: Life Orb
|faint|p1a: Hydreigon
|
|c|âChristo m8|ah for attacks
|
|switch|p1a: Raikou|Raikou|321\/321
|-ability|p1a: Raikou|Pressure
|turn|9
|c|âChristo m8|four*
|c|âspecs P2|spin bolt beam hydro
|c|âChristo m8|oh mv
|c|âChristo m8|nvm
|
|switch|p2a: Hydreigon|Hydreigon, M|325\/325
|move|p1a: Raikou|Hidden Power|p2a: Hydreigon
|-supereffective|p2a: Hydreigon
|-damage|p2a: Hydreigon|177\/325
|
|turn|10
|
|switch|p1a: Machamp|Machamp, M|364\/364
|move|p2a: Hydreigon|Dark Pulse|p1a: Machamp
|-resisted|p1a: Machamp
|-damage|p1a: Machamp|290\/364
|-damage|p2a: Hydreigon|145\/325|[from] item: Life Orb
|
|turn|11
|
|move|p2a: Hydreigon|Superpower|p1a: Machamp
|-damage|p1a: Machamp|118\/364
|-unboost|p2a: Hydreigon|atk|1
|-unboost|p2a: Hydreigon|def|1
|-damage|p2a: Hydreigon|113\/325|[from] item: Life Orb
|move|p1a: Machamp|Knock Off|p2a: Hydreigon
|-resisted|p2a: Hydreigon
|-damage|p2a: Hydreigon|0 fnt
|-enditem|p2a: Hydreigon|Life Orb|[from] move: Knock Off|[of] p1a: Machamp
|faint|p2a: Hydreigon
|
|
|switch|p2a: Beedrill|Beedrill-Mega, F|271\/271
|turn|12
|
|move|p1a: Machamp|Bullet Punch|p2a: Beedrill
|-crit|p2a: Beedrill
|-damage|p2a: Beedrill|124\/271
|move|p2a: Beedrill|Poison Jab|p1a: Machamp
|-damage|p1a: Machamp|0 fnt
|faint|p1a: Machamp
|
|
|switch|p1a: Nidoqueen|Nidoqueen, F|217\/322
|turn|13
|c|âspecs P2|oh fuck it thats scarf raik i lost
|c|âChristo m8|nah its all good
|
|move|p2a: Beedrill|Drill Run|p1a: Nidoqueen
|-supereffective|p1a: Nidoqueen
|-damage|p1a: Nidoqueen|0 fnt
|faint|p1a: Nidoqueen
|
|
|switch|p1a: Raikou|Raikou|321\/321
|-ability|p1a: Raikou|Pressure
|turn|14
|
|move|p2a: Beedrill|Poison Jab|p1a: Raikou
|-damage|p1a: Raikou|0 fnt
|faint|p1a: Raikou
|
|win|specs P2
|raw|Ladder updating...
|c|âChristo m8|gg
|c|âspecs P2|gg
|leave|Christo m8
|player|p1
|raw|Christo m8's rating: 1453 &rarr; <strong>1427<\/strong><br \/>(-26 for losing)
|raw|specs P2's rating: 1350 &rarr; <strong>1376<\/strong><br \/>(+26 for winning)