|join|Christo m8
|join|Bl153
|c|âBl153|gl hf
|player|p1|Christo m8|102
|player|p2|Bl153|101
|gametype|singles
|gen|6
|tier|UU
|rated
|rule|Sleep Clause Mod: Limit one foe put to sleep
|rule|Species Clause: Limit one of each PokÃ©mon
|rule|OHKO Clause: OHKO moves are banned
|rule|Moody Clause: Moody is banned
|rule|Evasion Moves Clause: Evasion moves are banned
|rule|Endless Battle Clause: Forcing endless battles is banned
|rule|HP Percentage Mod: HP is shown in percentages
|clearpoke
|poke|p1|Hydreigon, M
|poke|p1|Pidgeot, F
|poke|p1|Jirachi
|poke|p1|Doublade, F
|poke|p1|Machamp, F
|poke|p1|Nidoqueen, F
|poke|p2|Starmie
|poke|p2|Beedrill, M
|poke|p2|Escavalier, M
|poke|p2|Swampert, M
|poke|p2|Darmanitan, M
|poke|p2|Florges, F
|rule|Swagger Clause: Swagger is banned
|rule|Baton Pass Clause: Limit one PokÃ©mon knowing Baton Pass
|teampreview
|
|start
|switch|p1a: Nidoqueen|Nidoqueen, F|330\/330
|switch|p2a: Starmie|Starmie|261\/261
|turn|1
|
|switch|p1a: Hydreigon|Hydreigon, M|325\/325
|move|p2a: Starmie|Hydro Pump|p1a: Hydreigon
|-resisted|p1a: Hydreigon
|-damage|p1a: Hydreigon|141\/325
|
|turn|2
|c|âChristo m8|holy specs
|
|switch|p2a: Florges|Florges, F|359\/359
|move|p1a: Hydreigon|Flash Cannon|p2a: Florges
|-supereffective|p2a: Florges
|-damage|p2a: Florges|171\/359
|
|-heal|p2a: Florges|193\/359|[from] item: Leftovers
|turn|3
|
|switch|p1a: Nidoqueen|Nidoqueen, F|330\/330
|move|p2a: Florges|Protect|p2a: Florges
|-fail|p2a: Florges
|
|-heal|p2a: Florges|215\/359|[from] item: Leftovers
|turn|4
|c|âBl153|G and your not scarfed lol
|c|âChristo m8|yeah i am
|
|switch|p2a: Darmanitan|Darmanitan, M|351\/351
|move|p1a: Nidoqueen|Stealth Rock|p2a: Darmanitan
|-sidestart|p2: Bl153|move: Stealth Rock
|
|turn|5
|
|move|p2a: Darmanitan|Flare Blitz|p1a: Nidoqueen
|-damage|p1a: Nidoqueen|0 fnt
|-damage|p2a: Darmanitan|242\/351|[from] recoil|[of] p1a: Nidoqueen
|faint|p1a: Nidoqueen
|
|
|switch|p1a: Jirachi|Jirachi|341\/341
|turn|6
|
|move|p1a: Jirachi|Zen Headbutt|p2a: Darmanitan
|-damage|p2a: Darmanitan|59\/351
|move|p2a: Darmanitan|Flare Blitz|p1a: Jirachi
|-supereffective|p1a: Jirachi
|-damage|p1a: Jirachi|0 fnt
|-damage|p2a: Darmanitan|0 fnt|[from] recoil|[of] p1a: Jirachi
|faint|p1a: Jirachi
|faint|p2a: Darmanitan
|
|
|switch|p1a: Pidgeot|Pidgeot, F|308\/308
|switch|p2a: Florges|Florges, F|215\/359
|-damage|p2a: Florges|171\/359|[from] Stealth Rock
|turn|7
|
|switch|p1a: Doublade|Doublade, F|319\/319
|move|p2a: Florges|Wish|p2a: Florges
|
|-heal|p2a: Florges|193\/359|[from] item: Leftovers
|turn|8
|
|switch|p2a: Swampert|Swampert, M|403\/403
|-damage|p2a: Swampert|378\/403|[from] Stealth Rock
|switch|p1a: Hydreigon|Hydreigon, M|141\/325
|
|-heal|p2a: Swampert|403\/403|[from] move: Wish|[wisher] Florges
|turn|9
|
|move|p1a: Hydreigon|Draco Meteor|p2a: Swampert
|-damage|p2a: Swampert|61\/403
|-unboost|p1a: Hydreigon|spa|2
|move|p2a: Swampert|Scald|p1a: Hydreigon
|-resisted|p1a: Hydreigon
|-damage|p1a: Hydreigon|71\/325
|
|-heal|p2a: Swampert|86\/403|[from] item: Leftovers
|turn|10
|
|move|p1a: Hydreigon|Draco Meteor|p2a: Swampert
|-damage|p2a: Swampert|0 fnt
|-unboost|p1a: Hydreigon|spa|2
|faint|p2a: Swampert
|
|
|switch|p2a: Starmie|Starmie|261\/261
|-damage|p2a: Starmie|229\/261|[from] Stealth Rock
|turn|11
|
|move|p2a: Starmie|Hydro Pump|p1a: Hydreigon
|-resisted|p1a: Hydreigon
|-damage|p1a: Hydreigon|0 fnt
|faint|p1a: Hydreigon
|
|c|âBl153|IK from the damage u lied
|
|switch|p1a: Machamp|Machamp, F|374\/374
|turn|12
|c|âBl153|because in theory Pert should take that better
|c|âChristo m8|why would i tell u my set midgame
|
|switch|p2a: Florges|Florges, F|193\/359
|-damage|p2a: Florges|149\/359|[from] Stealth Rock
|move|p1a: Machamp|Knock Off|p2a: Florges
|-resisted|p2a: Florges
|-damage|p2a: Florges|90\/359
|-enditem|p2a: Florges|Leftovers|[from] move: Knock Off|[of] p1a: Machamp
|
|turn|13
|c|âChristo m8|gtg
|leave|Christo m8
|
|move|p1a: Machamp|Bullet Punch|p2a: Florges
|-crit|p2a: Florges
|-supereffective|p2a: Florges
|-damage|p2a: Florges|0 fnt
|faint|p2a: Florges
|
|player|p1
|-message|christom8 lost due to inactivity.
|
|win|Bl153
|raw|Ladder updating...
|raw|Christo m8's rating: 1445 &rarr; <strong>1423<\/strong><br \/>(-22 for losing)
|raw|Bl153's rating: 1407 &rarr; <strong>1429<\/strong><br \/>(+22 for winning)