|join|Bob the Bro
|join|zmj23
|player|p1|Bob the Bro|23
|player|p2|zmj23|169
|gametype|singles
|gen|6
|tier|UU
|rated
|rule|Sleep Clause Mod: Limit one foe put to sleep
|rule|Species Clause: Limit one of each PokÃ©mon
|rule|OHKO Clause: OHKO moves are banned
|rule|Moody Clause: Moody is banned
|rule|Evasion Moves Clause: Evasion moves are banned
|rule|Endless Battle Clause: Forcing endless battles is banned
|rule|HP Percentage Mod: HP is shown in percentages
|clearpoke
|poke|p1|Celebi
|poke|p1|Crobat, M
|poke|p1|Aggron, F
|poke|p1|Blissey, F
|poke|p1|Alomomola, F
|poke|p1|Krookodile, F
|poke|p2|Blastoise, M
|poke|p2|Entei, shiny
|poke|p2|Suicune
|poke|p2|Florges, F
|poke|p2|Mienshao, F
|poke|p2|Bronzong
|rule|Swagger Clause: Swagger is banned
|rule|Baton Pass Clause: Limit one PokÃ©mon knowing Baton Pass
|teampreview
|join|I<3Magikarp
|
|start
|switch|p1a: Phi|Krookodile, F|331\/331
|switch|p2a: Mienshao|Mienshao, F|271\/271
|-ability|p1a: Phi|Intimidate|[of] p2a: Mienshao
|-unboost|p2a: Mienshao|atk|1
|turn|1
|
|switch|p1a: Delta|Alomomola, F|534\/534
|move|p2a: Mienshao|U-turn|p1a: Delta
|-damage|p1a: Delta|492\/534
|-damage|p2a: Mienshao|226\/271|[from] item: Rocky Helmet|[of] p1a: Delta
|
|switch|p2a: Bronzong|Bronzong|338\/338
|
|turn|2
|
|move|p1a: Delta|Knock Off|p2a: Bronzong
|-supereffective|p2a: Bronzong
|-damage|p2a: Bronzong|228\/338
|-enditem|p2a: Bronzong|Leftovers|[from] move: Knock Off|[of] p1a: Delta
|move|p2a: Bronzong|Stealth Rock|p1a: Delta
|-sidestart|p1: Bob the Bro|move: Stealth Rock
|
|turn|3
|
|move|p1a: Delta|Scald|p2a: Bronzong
|-damage|p2a: Bronzong|201\/338
|-status|p2a: Bronzong|brn
|move|p2a: Bronzong|Toxic|p1a: Delta
|-status|p1a: Delta|tox
|
|-damage|p1a: Delta|459\/534 tox|[from] psn
|-damage|p2a: Bronzong|159\/338 brn|[from] brn
|turn|4
|
|switch|p1a: Tau|Blissey, F|714\/714
|-damage|p1a: Tau|625\/714|[from] Stealth Rock
|switch|p2a: Florges|Florges, F|360\/360
|
|-heal|p1a: Tau|669\/714|[from] item: Leftovers
|turn|5
|
|move|p2a: Florges|Aromatherapy|p2a: Florges
|-cureteam|p2a: Florges|[from] move: Aromatherapy
|move|p1a: Tau|Heal Bell|p1a: Tau
|-cureteam|p1a: Tau|[from] move: HealBell
|
|-heal|p1a: Tau|713\/714|[from] item: Leftovers
|turn|6
|
|switch|p2a: Mienshao|Mienshao, F|226\/271
|switch|p1a: Beta|Crobat, M|325\/325
|-damage|p1a: Beta|244\/325|[from] Stealth Rock
|
|turn|7
|
|move|p2a: Mienshao|Knock Off|p1a: Beta
|-damage|p1a: Beta|158\/325
|move|p1a: Beta|Defog|p2a: Mienshao
|-unboost|p2a: Mienshao|evasion|1
|-sideend|p1: Bob the Bro|Stealth Rock|[from] move: Defog|[of] p1a: Beta
|
|turn|8
|
|switch|p2a: Bronzong|Bronzong|159\/338
|move|p1a: Beta|Roost|p1a: Beta
|-heal|p1a: Beta|321\/325
|
|turn|9
|
|switch|p1a: Phi|Krookodile, F|331\/331
|-ability|p1a: Phi|Intimidate|[of] p2a: Bronzong
|-unboost|p2a: Bronzong|atk|1
|move|p2a: Bronzong|Stealth Rock|p1a: Phi
|-sidestart|p1: Bob the Bro|move: Stealth Rock
|
|turn|10
|
|move|p1a: Phi|Pursuit|p2a: Bronzong
|-supereffective|p2a: Bronzong
|-damage|p2a: Bronzong|0 fnt
|faint|p2a: Bronzong
|
|
|switch|p2a: Mienshao|Mienshao, F|226\/271
|turn|11
|
|switch|p1a: Delta|Alomomola, F|534\/534
|-damage|p1a: Delta|468\/534|[from] Stealth Rock
|move|p2a: Mienshao|Knock Off|p1a: Delta
|-damage|p1a: Delta|375\/534
|-damage|p2a: Mienshao|181\/271|[from] item: Rocky Helmet|[of] p1a: Delta
|-enditem|p1a: Delta|Rocky Helmet|[from] move: Knock Off|[of] p2a: Mienshao
|
|turn|12
|join|Nightmare Vampire
|
|switch|p2a: Suicune|Suicune|404\/404
|-ability|p2a: Suicune|Pressure
|move|p1a: Delta|Toxic|p2a: Suicune
|-status|p2a: Suicune|tox
|
|-damage|p2a: Suicune|379\/404 tox|[from] psn
|turn|13
|
|switch|p1a: Celebi|Celebi|342\/342
|-damage|p1a: Celebi|300\/342|[from] Stealth Rock
|move|p2a: Suicune|Scald|p1a: Celebi
|-resisted|p1a: Celebi
|-damage|p1a: Celebi|258\/342
|-status|p1a: Celebi|brn
|
|-heal|p2a: Suicune|404\/404 tox|[from] item: Leftovers
|-damage|p1a: Celebi|216\/342 brn|[from] brn
|-damage|p2a: Suicune|354\/404 tox|[from] psn
|turn|14
|
|switch|p1a: Tau|Blissey, F|713\/714
|-damage|p1a: Tau|624\/714|[from] Stealth Rock
|switch|p2a: Entei|Entei, shiny|371\/371
|-ability|p2a: Entei|Pressure
|
|-heal|p1a: Tau|668\/714|[from] item: Leftovers
|turn|15
|
|switch|p1a: Delta|Alomomola, F|534\/534
|-damage|p1a: Delta|468\/534|[from] Stealth Rock
|move|p2a: Entei|Sacred Fire|p1a: Delta
|-resisted|p1a: Delta
|-damage|p1a: Delta|390\/534
|
|turn|16
|
|switch|p2a: Florges|Florges, F|360\/360
|switch|p1a: Rho|Aggron, F|344\/344
|-damage|p1a: Rho|323\/344|[from] Stealth Rock
|
|turn|17
|
|switch|p2a: Suicune|Suicune|354\/404 tox
|-ability|p2a: Suicune|Pressure
|detailschange|p1a: Rho|Aggron-Mega, F
|message|Aggron has Mega Evolved into Mega Aggron!
|move|p1a: Rho|Stealth Rock|p2a: Suicune
|-sidestart|p2: zmj23|move: Stealth Rock
|
|-heal|p2a: Suicune|379\/404 tox|[from] item: Leftovers
|-damage|p2a: Suicune|354\/404 tox|[from] psn
|turn|18
|
|switch|p1a: Celebi|Celebi|216\/342
|-damage|p1a: Celebi|174\/342|[from] Stealth Rock
|move|p2a: Suicune|Scald|p1a: Celebi
|-resisted|p1a: Celebi
|-damage|p1a: Celebi|127\/342
|
|-heal|p2a: Suicune|379\/404 tox|[from] item: Leftovers
|-damage|p2a: Suicune|329\/404 tox|[from] psn
|turn|19
|join|Latios pls
|leave|Latios pls
|
|switch|p2a: Entei|Entei, shiny|371\/371
|-damage|p2a: Entei|279\/371|[from] Stealth Rock
|-ability|p2a: Entei|Pressure
|move|p1a: Celebi|Recover|p1a: Celebi
|-heal|p1a: Celebi|298\/342
|
|turn|20
|
|switch|p1a: Delta|Alomomola, F|534\/534
|-damage|p1a: Delta|468\/534|[from] Stealth Rock
|move|p2a: Entei|Sacred Fire|p1a: Delta
|-resisted|p1a: Delta
|-damage|p1a: Delta|393\/534
|-status|p1a: Delta|brn
|
|-damage|p1a: Delta|327\/534 brn|[from] brn
|turn|21
|
|switch|p2a: Suicune|Suicune|329\/404 tox
|-damage|p2a: Suicune|279\/404 tox|[from] Stealth Rock
|-ability|p2a: Suicune|Pressure
|move|p1a: Delta|Wish|p1a: Delta
|
|-heal|p2a: Suicune|304\/404 tox|[from] item: Leftovers
|-damage|p2a: Suicune|279\/404 tox|[from] psn
|-damage|p1a: Delta|261\/534 brn|[from] brn
|turn|22
|
|switch|p1a: Beta|Crobat, M|321\/325
|-damage|p1a: Beta|240\/325|[from] Stealth Rock
|move|p2a: Suicune|Rest|p2a: Suicune
|-status|p2a: Suicune|slp
|-heal|p2a: Suicune|404\/404 slp|[silent]
|-status|p2a: Suicune|slp|[from] move: Rest
|
|-heal|p1a: Beta|325\/325|[from] move: Wish|[wisher] Delta
|turn|23
|
|move|p1a: Beta|Defog|p2a: Suicune
|-unboost|p2a: Suicune|evasion|1
|-sideend|p2: zmj23|Stealth Rock|[from] move: Defog|[of] p2a: Suicune
|-sideend|p1: Bob the Bro|Stealth Rock|[from] move: Defog|[of] p1a: Beta
|cant|p2a: Suicune|slp
|move|p2a: Suicune|Sleep Talk|p2a: Suicune
|move|p2a: Suicune|Rest|p2a: Suicune|[from]Sleep Talk
|-fail|p2a: Suicune
|
|turn|24
|
|switch|p1a: Celebi|Celebi|298\/342
|cant|p2a: Suicune|slp
|move|p2a: Suicune|Sleep Talk|p2a: Suicune
|move|p2a: Suicune|Rest|p2a: Suicune|[from]Sleep Talk
|-fail|p2a: Suicune
|
|turn|25
|
|switch|p2a: Entei|Entei, shiny|279\/371
|-ability|p2a: Entei|Pressure
|move|p1a: Celebi|Swords Dance|p1a: Celebi
|-boost|p1a: Celebi|atk|2
|
|turn|26
|
|switch|p1a: Delta|Alomomola, F|439\/534 brn
|move|p2a: Entei|Sacred Fire|p1a: Delta
|-resisted|p1a: Delta
|-damage|p1a: Delta|363\/534 brn
|
|-damage|p1a: Delta|297\/534 brn|[from] brn
|turn|27
|
|switch|p2a: Suicune|Suicune|404\/404 slp
|-ability|p2a: Suicune|Pressure
|move|p1a: Delta|Wish|p1a: Delta
|
|-damage|p1a: Delta|231\/534 brn|[from] brn
|turn|28
|join|gobosox
|
|switch|p1a: Rho|Aggron-Mega, F|323\/344
|-curestatus|p2a: Suicune|slp
|move|p2a: Suicune|Scald|p1a: Rho
|-damage|p1a: Rho|245\/344
|
|-heal|p1a: Rho|344\/344|[from] move: Wish|[wisher] Delta
|turn|29
|join|bspbattle24
|c| gobosox|i bleve bob
|c| gobosox|you got it
|
|move|p2a: Suicune|Scald|p1a: Rho
|-damage|p1a: Rho|268\/344
|move|p1a: Rho|Stealth Rock|p2a: Suicune
|-sidestart|p2: zmj23|move: Stealth Rock
|
|turn|30
|c| bspbattle24|You can do it :D
|c|âBob the Bro|bleve harder pls
|
|switch|p1a: Celebi|Celebi|298\/342
|move|p2a: Suicune|Scald|p1a: Celebi
|-resisted|p1a: Celebi
|-damage|p1a: Celebi|253\/342
|-status|p1a: Celebi|brn
|
|-damage|p1a: Celebi|211\/342 brn|[from] brn
|turn|31
|c| I<3Magikarp|positive language
|c| I<3Magikarp|encouragement
|
|switch|p1a: Tau|Blissey, F|668\/714
|move|p2a: Suicune|Scald|p1a: Tau
|-damage|p1a: Tau|604\/714
|
|-heal|p1a: Tau|648\/714|[from] item: Leftovers
|turn|32
|
|move|p2a: Suicune|Calm Mind|p2a: Suicune
|-boost|p2a: Suicune|spa|1
|-boost|p2a: Suicune|spd|1
|move|p1a: Tau|Wish|p1a: Tau
|
|-heal|p1a: Tau|692\/714|[from] item: Leftovers
|turn|33
|c| bspbattle24|Thought i would watch ur game as my opponent is time stalling XD
|
|switch|p1a: Celebi|Celebi|211\/342
|move|p2a: Suicune|Scald|p1a: Celebi
|-resisted|p1a: Celebi
|-damage|p1a: Celebi|142\/342
|
|-heal|p1a: Celebi|342\/342|[from] move: Wish|[wisher] Tau
|turn|34
|
|move|p1a: Celebi|Swords Dance|p1a: Celebi
|-boost|p1a: Celebi|atk|2
|move|p2a: Suicune|Scald|p1a: Celebi
|-resisted|p1a: Celebi
|-damage|p1a: Celebi|275\/342
|-status|p1a: Celebi|brn
|
|-damage|p1a: Celebi|233\/342 brn|[from] brn
|turn|35
|c|âBob the Bro|no burn pls
|c|âBob the Bro|fk
|c| bspbattle24|:(
|
|switch|p2a: Mienshao|Mienshao, F|181\/271
|-damage|p2a: Mienshao|165\/271|[from] Stealth Rock
|move|p1a: Celebi|Swords Dance|p1a: Celebi
|-boost|p1a: Celebi|atk|2
|
|-damage|p1a: Celebi|191\/342 brn|[from] brn
|turn|36
|c| I<3Magikarp|celebi, stop getting burned
|c| bspbattle24|Another game won :)
|c| bspbattle24|New team coming though
|
|switch|p1a: Beta|Crobat, M|325\/325
|move|p2a: Mienshao|U-turn|p1a: Beta
|-resisted|p1a: Beta
|-damage|p1a: Beta|303\/325
|
|switch|p2a: Blastoise|Blastoise, M|362\/362
|-damage|p2a: Blastoise|317\/362|[from] Stealth Rock
|
|turn|37
|
|detailschange|p2a: Blastoise|Blastoise-Mega, M
|message|Blastoise has Mega Evolved into Mega Blastoise!
|move|p1a: Beta|Acrobatics|p2a: Blastoise
|-damage|p2a: Blastoise|175\/362
|move|p2a: Blastoise|Rapid Spin|p1a: Beta
|-damage|p1a: Beta|284\/325
|-sideend|p2: zmj23|Stealth Rock|[from] move: Rapid Spin|[of] p2a: Blastoise
|
|turn|38
|
|move|p1a: Beta|Acrobatics|p2a: Blastoise
|-damage|p2a: Blastoise|40\/362
|move|p2a: Blastoise|Dark Pulse|p1a: Beta
|-damage|p1a: Beta|100\/325
|
|turn|39
|
|switch|p2a: Suicune|Suicune|404\/404
|-ability|p2a: Suicune|Pressure
|move|p1a: Beta|Acrobatics|p2a: Suicune
|-damage|p2a: Suicune|299\/404
|
|-heal|p2a: Suicune|324\/404|[from] item: Leftovers
|turn|40
|c| bspbattle24|What rank is the other guy btw?
|c| I<3Magikarp|\/\/rank zmj23
|c| gobosox|do \/rank
|
|switch|p1a: Celebi|Celebi|191\/342
|move|p2a: Suicune|Scald|p1a: Celebi
|-resisted|p1a: Celebi
|-damage|p1a: Celebi|145\/342
|
|-heal|p2a: Suicune|349\/404|[from] item: Leftovers
|turn|41
|c|âBob the Bro|pretty high
|c|âBob the Bro|i battled him today and he was at 1700
|c| I<3Magikarp|celebi don't get burnt
|
|move|p1a: Celebi|Recover|p1a: Celebi
|-heal|p1a: Celebi|316\/342
|move|p2a: Suicune|Scald|p1a: Celebi
|-resisted|p1a: Celebi
|-damage|p1a: Celebi|276\/342
|
|-heal|p2a: Suicune|374\/404|[from] item: Leftovers
|turn|42
|
|switch|p2a: Mienshao|Mienshao, F|165\/271
|move|p1a: Celebi|Swords Dance|p1a: Celebi
|-boost|p1a: Celebi|atk|2
|
|turn|43
|
|switch|p1a: Delta|Alomomola, F|409\/534 brn
|move|p2a: Mienshao|U-turn|p1a: Delta
|-damage|p1a: Delta|341\/534 brn
|c| bspbattle24|Pretty high
|
|switch|p2a: Blastoise|Blastoise-Mega, M|40\/362
|
|-damage|p1a: Delta|275\/534 brn|[from] brn
|turn|44
|c| bspbattle24|Still not as high as you though :)
|c| bspbattle24|You got this
|c|âBob the Bro|hopefully
|
|switch|p2a: Mienshao|Mienshao, F|165\/271
|switch|p1a: Tau|Blissey, F|692\/714
|
|-heal|p1a: Tau|714\/714|[from] item: Leftovers
|turn|45
|c|âBob the Bro|last time i was at 1799 i lost pretty miserably
|
|move|p1a: Tau|Protect|p1a: Tau
|-singleturn|p1a: Tau|Protect
|move|p2a: Mienshao|Knock Off|p1a: Tau
|-activate|p1a: Tau|Protect
|
|turn|46
|
|switch|p2a: Entei|Entei, shiny|279\/371
|-ability|p2a: Entei|Pressure
|move|p1a: Tau|Heal Bell|p1a: Tau
|-cureteam|p1a: Tau|[from] move: HealBell
|
|turn|47
|
|switch|p2a: Suicune|Suicune|374\/404
|-ability|p2a: Suicune|Pressure
|switch|p1a: Delta|Alomomola, F|453\/534
|
|-heal|p2a: Suicune|399\/404|[from] item: Leftovers
|turn|48
|join|gtsy
|
|switch|p1a: Celebi|Celebi|276\/342
|move|p2a: Suicune|Calm Mind|p2a: Suicune
|-boost|p2a: Suicune|spa|1
|-boost|p2a: Suicune|spd|1
|
|-heal|p2a: Suicune|404\/404|[from] item: Leftovers
|turn|49
|leave|gtsy
|
|switch|p2a: Mienshao|Mienshao, F|165\/271
|move|p1a: Celebi|Swords Dance|p1a: Celebi
|-boost|p1a: Celebi|atk|2
|
|turn|50
|c|âBob the Bro|dont burn
|
|switch|p1a: Delta|Alomomola, F|534\/534
|move|p2a: Mienshao|U-turn|p1a: Delta
|-damage|p1a: Delta|469\/534
|
|switch|p2a: Suicune|Suicune|404\/404
|-ability|p2a: Suicune|Pressure
|
|turn|51
|c| bspbattle24|I'm sure i have seen this guy in a video or two on youtube lol
|
|move|p2a: Suicune|Scald|p1a: Delta
|-resisted|p1a: Delta
|-damage|p1a: Delta|390\/534
|move|p1a: Delta|Knock Off|p2a: Suicune
|-damage|p2a: Suicune|368\/404
|-enditem|p2a: Suicune|Leftovers|[from] move: Knock Off|[of] p1a: Delta
|
|turn|52
|
|switch|p1a: Celebi|Celebi|276\/342
|move|p2a: Suicune|Scald|p1a: Celebi
|-crit|p1a: Celebi
|-resisted|p1a: Celebi
|-damage|p1a: Celebi|216\/342
|
|turn|53
|
|move|p1a: Celebi|Seed Bomb|p2a: Suicune
|-supereffective|p2a: Suicune
|-damage|p2a: Suicune|173\/404
|-damage|p1a: Celebi|182\/342|[from] item: Life Orb
|move|p2a: Suicune|Scald|p1a: Celebi
|-resisted|p1a: Celebi
|-damage|p1a: Celebi|142\/342
|
|turn|54
|c| bspbattle24|No burn :)
|
|switch|p2a: Entei|Entei, shiny|279\/371
|-ability|p2a: Entei|Pressure
|move|p1a: Celebi|Recover|p1a: Celebi
|-heal|p1a: Celebi|313\/342
|
|turn|55
|
|switch|p1a: Delta|Alomomola, F|534\/534
|move|p2a: Entei|Sacred Fire|p1a: Delta
|-resisted|p1a: Delta
|-damage|p1a: Delta|455\/534
|
|turn|56
|
|switch|p2a: Suicune|Suicune|173\/404
|-ability|p2a: Suicune|Pressure
|move|p1a: Delta|Toxic|p2a: Suicune
|-status|p2a: Suicune|tox
|
|-damage|p2a: Suicune|148\/404 tox|[from] psn
|turn|57
|
|switch|p1a: Rho|Aggron-Mega, F|268\/344
|move|p2a: Suicune|Rest|p2a: Suicune
|-status|p2a: Suicune|slp
|-heal|p2a: Suicune|404\/404 slp|[silent]
|-status|p2a: Suicune|slp|[from] move: Rest
|
|turn|58
|
|switch|p2a: Blastoise|Blastoise-Mega, M|40\/362
|move|p1a: Rho|Stealth Rock|p2a: Blastoise
|-sidestart|p2: zmj23|move: Stealth Rock
|
|turn|59
|
|move|p2a: Blastoise|Rapid Spin|p1a: Rho
|-resisted|p1a: Rho
|-damage|p1a: Rho|264\/344
|-sideend|p2: zmj23|Stealth Rock|[from] move: Rapid Spin|[of] p2a: Blastoise
|move|p1a: Rho|Heavy Slam|p2a: Blastoise
|-resisted|p2a: Blastoise
|-damage|p2a: Blastoise|0 fnt
|faint|p2a: Blastoise
|
|
|switch|p2a: Entei|Entei, shiny|279\/371
|-ability|p2a: Entei|Pressure
|turn|60
|
|move|p2a: Entei|Sacred Fire|p1a: Rho
|-supereffective|p1a: Rho
|-damage|p1a: Rho|132\/344
|-status|p1a: Rho|brn
|move|p1a: Rho|Metal Burst|p2a: Entei
|-damage|p2a: Entei|81\/371
|
|-damage|p1a: Rho|89\/344 brn|[from] brn
|turn|61
|
|switch|p1a: Delta|Alomomola, F|534\/534
|move|p2a: Entei|Sacred Fire|p1a: Delta
|-resisted|p1a: Delta
|-damage|p1a: Delta|458\/534
|-status|p1a: Delta|brn
|
|-damage|p1a: Delta|392\/534 brn|[from] brn
|turn|62
|
|switch|p2a: Suicune|Suicune|404\/404 slp
|-ability|p2a: Suicune|Pressure
|move|p1a: Delta|Wish|p1a: Delta
|
|-damage|p1a: Delta|326\/534 brn|[from] brn
|turn|63
|
|switch|p2a: Mienshao|Mienshao, F|165\/271
|switch|p1a: Celebi|Celebi|313\/342
|
|-heal|p1a: Celebi|342\/342|[from] move: Wish|[wisher] Delta
|turn|64
|
|switch|p1a: Delta|Alomomola, F|504\/534 brn
|move|p2a: Mienshao|U-turn|p1a: Delta
|-damage|p1a: Delta|434\/534 brn
|
|switch|p2a: Suicune|Suicune|404\/404 slp
|-ability|p2a: Suicune|Pressure
|
|-damage|p1a: Delta|368\/534 brn|[from] brn
|turn|65
|
|switch|p1a: Celebi|Celebi|342\/342
|cant|p2a: Suicune|slp
|move|p2a: Suicune|Sleep Talk|p2a: Suicune
|move|p2a: Suicune|Scald|p1a: Celebi|[from]Sleep Talk
|-resisted|p1a: Celebi
|-damage|p1a: Celebi|296\/342
|
|turn|66
|
|switch|p2a: Mienshao|Mienshao, F|165\/271
|move|p1a: Celebi|Swords Dance|p1a: Celebi
|-boost|p1a: Celebi|atk|2
|
|turn|67
|
|switch|p1a: Delta|Alomomola, F|534\/534 brn
|move|p2a: Mienshao|U-turn|p1a: Delta
|-damage|p1a: Delta|466\/534 brn
|
|switch|p2a: Suicune|Suicune|404\/404 slp
|-ability|p2a: Suicune|Pressure
|
|-damage|p1a: Delta|400\/534 brn|[from] brn
|turn|68
|
|switch|p1a: Celebi|Celebi|296\/342
|cant|p2a: Suicune|slp
|move|p2a: Suicune|Sleep Talk|p2a: Suicune
|move|p2a: Suicune|Calm Mind|p2a: Suicune|[from]Sleep Talk
|-boost|p2a: Suicune|spa|1
|-boost|p2a: Suicune|spd|1
|
|turn|69
|
|move|p1a: Celebi|Swords Dance|p1a: Celebi
|-boost|p1a: Celebi|atk|2
|-curestatus|p2a: Suicune|slp
|move|p2a: Suicune|Scald|p1a: Celebi
|-resisted|p1a: Celebi
|-damage|p1a: Celebi|228\/342
|
|turn|70
|join|Jimmy Russel
|
|move|p1a: Celebi|Seed Bomb|p2a: Suicune
|-supereffective|p2a: Suicune
|-damage|p2a: Suicune|0 fnt
|-damage|p1a: Celebi|194\/342|[from] item: Life Orb
|faint|p2a: Suicune
|
|
|switch|p2a: Mienshao|Mienshao, F|165\/271
|turn|71
|
|switch|p1a: Delta|Alomomola, F|534\/534 brn
|move|p2a: Mienshao|U-turn|p1a: Delta
|-damage|p1a: Delta|467\/534 brn
|
|switch|p2a: Florges|Florges, F|360\/360
|
|-damage|p1a: Delta|401\/534 brn|[from] brn
|turn|72
|leave|bspbattle24
|c|âzmj23|uh i hate stall teams
|c|âzmj23|gg
|join|bspbattle24
|c|âBob the Bro|your team is just as fat lol
|c| bspbattle24|#1
|c|âBob the Bro|well no probably not as fat
|c|âzmj23|i just have florges and suicune lol
|c| bspbattle24|# Bob's no 1
|c| I<3Magikarp|this battle has just been Celebi -> Mienshao -> Mola -> Suicune -> Celebi
|c|âzmj23|you have annoying blissey and alomo
|c|âzmj23|and aggron lol
|c|âBob the Bro|celebi mvp
|c|âzmj23|nothing is offensive except for celebi
|
|switch|p1a: Beta|Crobat, M|100\/325
|move|p2a: Florges|Moonblast|p1a: Beta
|-resisted|p1a: Beta
|-damage|p1a: Beta|24\/325
|
|turn|73
|
|move|p1a: Beta|Roost|p1a: Beta
|-heal|p1a: Beta|187\/325
|move|p2a: Florges|Moonblast|p1a: Beta
|-crit|p1a: Beta
|-resisted|p1a: Beta
|-damage|p1a: Beta|82\/325
|
|turn|74
|
|switch|p2a: Entei|Entei, shiny|81\/371
|-ability|p2a: Entei|Pressure
|move|p1a: Beta|Roost|p1a: Beta
|-heal|p1a: Beta|245\/325
|
|turn|75
|
|move|p1a: Beta|Acrobatics|p2a: Entei
|-damage|p2a: Entei|0 fnt
|faint|p2a: Entei
|
|-message|zmj23 forfeited.
|
|win|Bob the Bro
|raw|Ladder updating...
|leave|zmj23
|player|p2
|raw|Bob the Bro's rating: 1799 &rarr; <strong>1809<\/strong><br \/>(+10 for winning)
|raw|zmj23's rating: 1605 &rarr; <strong>1595<\/strong><br \/>(-10 for losing)
|c| bspbattle24|# Bob's no 1
|c| bspbattle24|gg
|c|âBob the Bro|nb
|c| I<3Magikarp|1800