|join|MTVJam
|join|zmj23
|player|p1|MTVJam|169
|player|p2|zmj23|1
|gametype|singles
|gen|6
|tier|UU
|rated
|rule|Sleep Clause Mod: Limit one foe put to sleep
|rule|Species Clause: Limit one of each PokÃ©mon
|rule|OHKO Clause: OHKO moves are banned
|rule|Moody Clause: Moody is banned
|rule|Evasion Moves Clause: Evasion moves are banned
|rule|Endless Battle Clause: Forcing endless battles is banned
|rule|HP Percentage Mod: HP is shown in percentages
|clearpoke
|poke|p1|Pidgeot, M
|poke|p1|Tentacruel, F
|poke|p1|Zygarde
|poke|p1|Swampert, M
|poke|p1|Reuniclus, M
|poke|p1|Jirachi
|poke|p2|Donphan, F
|poke|p2|Entei, shiny
|poke|p2|Absol, M
|poke|p2|Florges, F
|poke|p2|Empoleon, M
|poke|p2|Celebi
|rule|Swagger Clause: Swagger is banned
|rule|Baton Pass Clause: Limit one PokÃ©mon knowing Baton Pass
|teampreview
|
|start
|switch|p1a: Swampert|Swampert, M|404\/404
|switch|p2a: Celebi|Celebi|341\/341
|turn|1
|
|switch|p1a: Pidgeot|Pidgeot, M|307\/307
|move|p2a: Celebi|Swords Dance|p2a: Celebi
|-boost|p2a: Celebi|atk|2
|
|turn|2
|
|switch|p2a: Empoleon|Empoleon, M|372\/372
|detailschange|p1a: Pidgeot|Pidgeot-Mega, M
|-mega|p1a: Pidgeot|Pidgeot|Pidgeotite
|move|p1a: Pidgeot|Hurricane|p2a: Empoleon
|-resisted|p2a: Empoleon
|-damage|p2a: Empoleon|303\/372
|
|-heal|p2a: Empoleon|326\/372|[from] item: Leftovers
|turn|3
|
|move|p1a: Pidgeot|U-turn|p2a: Empoleon
|-resisted|p2a: Empoleon
|-damage|p2a: Empoleon|302\/372
|
|switch|p1a: Swampert|Swampert, M|404\/404
|move|p2a: Empoleon|Stealth Rock|p1a: Swampert
|-sidestart|p1: MTVJam|move: Stealth Rock
|
|-heal|p2a: Empoleon|325\/372|[from] item: Leftovers
|turn|4
|join|blunderr
|
|move|p2a: Empoleon|Scald|p1a: Swampert
|-damage|p1a: Swampert|296\/404
|move|p1a: Swampert|Stealth Rock|p2a: Empoleon
|-sidestart|p2: zmj23|move: Stealth Rock
|
|-heal|p2a: Empoleon|348\/372|[from] item: Leftovers
|-heal|p1a: Swampert|321\/404|[from] item: Leftovers
|turn|5
|c|âMTVJam|stalker
|leave|blunderr
|
|switch|p2a: Celebi|Celebi|341\/341
|-damage|p2a: Celebi|299\/341|[from] Stealth Rock
|move|p1a: Swampert|Earthquake|p2a: Celebi
|-resisted|p2a: Celebi
|-damage|p2a: Celebi|237\/341
|
|-heal|p2a: Celebi|258\/341|[from] item: Leftovers
|-heal|p1a: Swampert|346\/404|[from] item: Leftovers
|turn|6
|
|switch|p1a: Zygarde|Zygarde|357\/357
|-damage|p1a: Zygarde|335\/357|[from] Stealth Rock
|-ability|p1a: Zygarde|Aura Break
|move|p2a: Celebi|Baton Pass|p2a: Celebi
|
|switch|p2a: Donphan|Donphan, F|384\/384
|-damage|p2a: Donphan|360\/384|[from] Stealth Rock
|
|-heal|p2a: Donphan|384\/384|[from] item: Leftovers
|turn|7
|
|move|p1a: Zygarde|Earthquake|p2a: Donphan
|-damage|p2a: Donphan|242\/384
|-damage|p1a: Zygarde|300\/357|[from] item: Life Orb
|move|p2a: Donphan|Rapid Spin|p1a: Zygarde
|-damage|p1a: Zygarde|280\/357
|-sideend|p2: zmj23|Stealth Rock|[from] move: Rapid Spin|[of] p2a: Donphan
|
|-heal|p2a: Donphan|266\/384|[from] item: Leftovers
|turn|8
|
|switch|p1a: Swampert|Swampert, M|346\/404
|-damage|p1a: Swampert|321\/404|[from] Stealth Rock
|move|p2a: Donphan|Ice Shard|p1a: Swampert
|-damage|p1a: Swampert|291\/404
|
|-heal|p1a: Swampert|316\/404|[from] item: Leftovers
|-heal|p2a: Donphan|290\/384|[from] item: Leftovers
|turn|9
|
|move|p1a: Swampert|Stealth Rock|p2a: Donphan
|-sidestart|p2: zmj23|move: Stealth Rock
|move|p2a: Donphan|Knock Off|p1a: Swampert
|-crit|p1a: Swampert
|-damage|p1a: Swampert|196\/404
|-enditem|p1a: Swampert|Leftovers|[from] move: Knock Off|[of] p2a: Donphan
|
|-heal|p2a: Donphan|314\/384|[from] item: Leftovers
|turn|10
|
|switch|p1a: Pidgeot|Pidgeot-Mega, M|307\/307
|-damage|p1a: Pidgeot|231\/307|[from] Stealth Rock
|move|p2a: Donphan|Rapid Spin|p1a: Pidgeot
|-damage|p1a: Pidgeot|208\/307
|-sideend|p2: zmj23|Stealth Rock|[from] move: Rapid Spin|[of] p2a: Donphan
|
|-heal|p2a: Donphan|338\/384|[from] item: Leftovers
|turn|11
|
|switch|p2a: Empoleon|Empoleon, M|348\/372
|move|p1a: Pidgeot|U-turn|p2a: Empoleon
|-resisted|p2a: Empoleon
|-damage|p2a: Empoleon|324\/372
|
|switch|p1a: Swampert|Swampert, M|196\/404
|-damage|p1a: Swampert|171\/404|[from] Stealth Rock
|
|-heal|p2a: Empoleon|347\/372|[from] item: Leftovers
|turn|12
|
|move|p2a: Empoleon|Scald|p1a: Swampert
|-crit|p1a: Swampert
|-damage|p1a: Swampert|15\/404
|move|p1a: Swampert|Earthquake|p2a: Empoleon
|-supereffective|p2a: Empoleon
|-damage|p2a: Empoleon|57\/372
|
|-heal|p2a: Empoleon|80\/372|[from] item: Leftovers
|turn|13
|
|switch|p1a: Reuniclus|Reuniclus, M|424\/424
|move|p2a: Empoleon|Scald|p1a: Reuniclus
|-damage|p1a: Reuniclus|312\/424
|
|-heal|p2a: Empoleon|103\/372|[from] item: Leftovers
|-heal|p1a: Reuniclus|338\/424|[from] item: Leftovers
|turn|14
|
|move|p2a: Empoleon|Knock Off|p1a: Reuniclus
|-supereffective|p1a: Reuniclus
|-damage|p1a: Reuniclus|214\/424
|-enditem|p1a: Reuniclus|Leftovers|[from] move: Knock Off|[of] p2a: Empoleon
|move|p1a: Reuniclus|Focus Blast|p2a: Empoleon
|-supereffective|p2a: Empoleon
|-damage|p2a: Empoleon|0 fnt
|faint|p2a: Empoleon
|
|
|switch|p2a: Absol|Absol, M|271\/271
|turn|15
|
|detailschange|p2a: Absol|Absol-Mega, M
|-mega|p2a: Absol|Absol|Absolite
|move|p2a: Absol|Knock Off|p1a: Reuniclus
|-supereffective|p1a: Reuniclus
|-damage|p1a: Reuniclus|0 fnt
|faint|p1a: Reuniclus
|
|
|switch|p1a: Zygarde|Zygarde|280\/357
|-damage|p1a: Zygarde|258\/357|[from] Stealth Rock
|-ability|p1a: Zygarde|Aura Break
|turn|16
|
|switch|p2a: Donphan|Donphan, F|338\/384
|move|p1a: Zygarde|Earthquake|p2a: Donphan
|-damage|p2a: Donphan|190\/384
|-damage|p1a: Zygarde|223\/357|[from] item: Life Orb
|
|-heal|p2a: Donphan|214\/384|[from] item: Leftovers
|turn|17
|
|switch|p1a: Tentacruel|Tentacruel, F|364\/364
|-damage|p1a: Tentacruel|319\/364|[from] Stealth Rock
|move|p2a: Donphan|Earthquake|p1a: Tentacruel
|-supereffective|p1a: Tentacruel
|-damage|p1a: Tentacruel|23\/364
|
|-heal|p1a: Tentacruel|45\/364|[from] item: Leftovers
|-heal|p2a: Donphan|238\/384|[from] item: Leftovers
|turn|18
|
|move|p1a: Tentacruel|Scald|p2a: Donphan
|-supereffective|p2a: Donphan
|-damage|p2a: Donphan|0 fnt
|faint|p2a: Donphan
|
|-heal|p1a: Tentacruel|67\/364|[from] item: Leftovers
|
|switch|p2a: Absol|Absol-Mega, M|271\/271
|turn|19
|
|switch|p1a: Swampert|Swampert, M|15\/404
|-damage|p1a: Swampert|0 fnt|[from] Stealth Rock
|faint|p1a: Swampert
|move|p2a: Absol|Knock Off|p1: Swampert|[notarget]
|-notarget
|
|
|switch|p1a: Pidgeot|Pidgeot-Mega, M|208\/307
|-damage|p1a: Pidgeot|132\/307|[from] Stealth Rock
|turn|20
|
|switch|p2a: Florges|Florges, F|360\/360
|move|p1a: Pidgeot|Hurricane|p2a: Florges
|-damage|p2a: Florges|237\/360
|
|-heal|p2a: Florges|259\/360|[from] item: Leftovers
|turn|21
|
|move|p1a: Pidgeot|Roost|p1a: Pidgeot
|-heal|p1a: Pidgeot|286\/307
|move|p2a: Florges|Moonblast|p1a: Pidgeot
|-crit|p1a: Pidgeot
|-damage|p1a: Pidgeot|46\/307
|
|-heal|p2a: Florges|281\/360|[from] item: Leftovers
|turn|22
|
|move|p1a: Pidgeot|Roost|p1a: Pidgeot
|-heal|p1a: Pidgeot|200\/307
|move|p2a: Florges|Moonblast|p1a: Pidgeot
|-damage|p1a: Pidgeot|58\/307
|
|-heal|p2a: Florges|303\/360|[from] item: Leftovers
|turn|23
|
|move|p1a: Pidgeot|Roost|p1a: Pidgeot
|-heal|p1a: Pidgeot|212\/307
|move|p2a: Florges|Moonblast|p1a: Pidgeot
|-damage|p1a: Pidgeot|67\/307
|
|-heal|p2a: Florges|325\/360|[from] item: Leftovers
|turn|24
|
|move|p1a: Pidgeot|Roost|p1a: Pidgeot
|-heal|p1a: Pidgeot|221\/307
|move|p2a: Florges|Moonblast|p1a: Pidgeot
|-damage|p1a: Pidgeot|82\/307
|-unboost|p1a: Pidgeot|spa|1
|
|-heal|p2a: Florges|347\/360|[from] item: Leftovers
|turn|25
|
|move|p1a: Pidgeot|U-turn|p2a: Florges
|-resisted|p2a: Florges
|-damage|p2a: Florges|320\/360
|
|switch|p1a: Jirachi|Jirachi|341\/341
|-damage|p1a: Jirachi|320\/341|[from] Stealth Rock
|move|p2a: Florges|Moonblast|p1a: Jirachi
|-resisted|p1a: Jirachi
|-damage|p1a: Jirachi|260\/341
|-unboost|p1a: Jirachi|spa|1
|
|-heal|p2a: Florges|342\/360|[from] item: Leftovers
|turn|26
|
|switch|p1a: Tentacruel|Tentacruel, F|67\/364
|-damage|p1a: Tentacruel|22\/364|[from] Stealth Rock
|move|p2a: Florges|Protect|p2a: Florges
|-fail|p2a: Florges
|
|-heal|p1a: Tentacruel|44\/364|[from] item: Leftovers
|-heal|p2a: Florges|360\/360|[from] item: Leftovers
|turn|27
|
|move|p1a: Tentacruel|Toxic Spikes|p2a: Florges
|-sidestart|p2: zmj23|move: Toxic Spikes
|move|p2a: Florges|Moonblast|p1a: Tentacruel
|-resisted|p1a: Tentacruel
|-damage|p1a: Tentacruel|0 fnt
|faint|p1a: Tentacruel
|
|
|switch|p1a: Jirachi|Jirachi|260\/341
|-damage|p1a: Jirachi|239\/341|[from] Stealth Rock
|turn|28
|
|move|p2a: Florges|Protect|p2a: Florges
|-singleturn|p2a: Florges|Protect
|move|p1a: Jirachi|Iron Head|p2a: Florges
|-activate|p2a: Florges|Protect
|
|turn|29
|
|switch|p1a: Zygarde|Zygarde|223\/357
|-damage|p1a: Zygarde|201\/357|[from] Stealth Rock
|-ability|p1a: Zygarde|Aura Break
|switch|p2a: Celebi|Celebi|258\/341
|-status|p2a: Celebi|psn
|
|-heal|p2a: Celebi|279\/341 psn|[from] item: Leftovers
|-damage|p2a: Celebi|237\/341 psn|[from] psn
|turn|30
|
|switch|p1a: Jirachi|Jirachi|239\/341
|-damage|p1a: Jirachi|218\/341|[from] Stealth Rock
|move|p2a: Celebi|Seed Bomb|p1a: Jirachi
|-resisted|p1a: Jirachi
|-damage|p1a: Jirachi|158\/341
|
|-heal|p2a: Celebi|258\/341 psn|[from] item: Leftovers
|-damage|p2a: Celebi|216\/341 psn|[from] psn
|turn|31
|
|move|p1a: Jirachi|U-turn|p2a: Celebi
|-supereffective|p2a: Celebi
|-damage|p2a: Celebi|0 fnt
|faint|p2a: Celebi
|
|switch|p1a: Zygarde|Zygarde|201\/357
|-damage|p1a: Zygarde|179\/357|[from] Stealth Rock
|-ability|p1a: Zygarde|Aura Break
|
|
|switch|p2a: Florges|Florges, F|360\/360
|-status|p2a: Florges|psn
|turn|32
|
|switch|p1a: Jirachi|Jirachi|158\/341
|-damage|p1a: Jirachi|137\/341|[from] Stealth Rock
|move|p2a: Florges|Moonblast|p1a: Jirachi
|-resisted|p1a: Jirachi
|-damage|p1a: Jirachi|77\/341
|-unboost|p1a: Jirachi|spa|1
|
|-damage|p2a: Florges|315\/360 psn|[from] psn
|turn|33
|
|move|p2a: Florges|Protect|p2a: Florges
|-singleturn|p2a: Florges|Protect
|move|p1a: Jirachi|Iron Head|p2a: Florges
|-activate|p2a: Florges|Protect
|
|-heal|p2a: Florges|337\/360 psn|[from] item: Leftovers
|-damage|p2a: Florges|292\/360 psn|[from] psn
|turn|34
|
|move|p1a: Jirachi|Iron Head|p2a: Florges
|-supereffective|p2a: Florges
|-damage|p2a: Florges|0 fnt
|faint|p2a: Florges
|
|
|switch|p2a: Entei|Entei, shiny|371\/371
|-status|p2a: Entei|psn
|-ability|p2a: Entei|Pressure
|turn|35
|
|switch|p1a: Pidgeot|Pidgeot-Mega, M|82\/307
|-damage|p1a: Pidgeot|6\/307|[from] Stealth Rock
|move|p2a: Entei|Extreme Speed|p1a: Pidgeot
|-damage|p1a: Pidgeot|0 fnt
|faint|p1a: Pidgeot
|
|-damage|p2a: Entei|325\/371 psn|[from] psn
|
|switch|p1a: Jirachi|Jirachi|77\/341
|-damage|p1a: Jirachi|56\/341|[from] Stealth Rock
|turn|36
|
|move|p2a: Entei|Extreme Speed|p1a: Jirachi
|-resisted|p1a: Jirachi
|-damage|p1a: Jirachi|5\/341
|move|p1a: Jirachi|Healing Wish|p1a: Jirachi
|faint|p1a: Jirachi
|
|-damage|p2a: Entei|279\/371 psn|[from] psn
|
|switch|p1a: Zygarde|Zygarde|179\/357
|-heal|p1a: Zygarde|357\/357|[from] move: Healing Wish
|-damage|p1a: Zygarde|335\/357|[from] Stealth Rock
|-ability|p1a: Zygarde|Aura Break
|turn|37
|
|move|p2a: Entei|Extreme Speed|p1a: Zygarde
|-damage|p1a: Zygarde|260\/357
|move|p1a: Zygarde|Earthquake|p2a: Entei
|-supereffective|p2a: Entei
|-damage|p2a: Entei|0 fnt
|-damage|p1a: Zygarde|225\/357|[from] item: Life Orb
|faint|p2a: Entei
|
|
|switch|p2a: Absol|Absol-Mega, M|271\/271
|-status|p2a: Absol|psn
|turn|38
|
|move|p2a: Absol|Play Rough|p1a: Zygarde
|-supereffective|p1a: Zygarde
|-damage|p1a: Zygarde|11\/357
|move|p1a: Zygarde|Earthquake|p2a: Absol
|-damage|p2a: Absol|0 fnt
|-damage|p1a: Zygarde|0 fnt|[from] item: Life Orb
|faint|p2a: Absol
|faint|p1a: Zygarde
|
|win|MTVJam
|raw|Ladder updating...
|raw|MTVJam's rating: 1545 &rarr; <strong>1562<\/strong><br \/>(+17 for winning)
|raw|zmj23's rating: 1484 &rarr; <strong>1468<\/strong><br \/>(-16 for losing)
|c|âMTVJam|gg