|join|EvilExperiments
|join|zmj23
|player|p1|EvilExperiments|80
|player|p2|zmj23|265
|gametype|singles
|gen|6
|tier|UU
|rated
|rule|Sleep Clause Mod: Limit one foe put to sleep
|rule|Species Clause: Limit one of each PokÃ©mon
|rule|OHKO Clause: OHKO moves are banned
|rule|Moody Clause: Moody is banned
|rule|Evasion Moves Clause: Evasion moves are banned
|rule|Endless Battle Clause: Forcing endless battles is banned
|rule|HP Percentage Mod: HP is shown in percentages
|clearpoke
|poke|p1|Aromatisse, M
|poke|p1|Doublade, M, shiny
|poke|p1|Blissey, F
|poke|p1|Arcanine, F
|poke|p1|Tentacruel, F
|poke|p1|Gastrodon, F
|poke|p2|Blastoise, F
|poke|p2|Entei, shiny
|poke|p2|Doublade, F
|poke|p2|Florges, F
|poke|p2|Mienshao, F
|poke|p2|Bronzong
|rule|Swagger Clause: Swagger is banned
|rule|Baton Pass Clause: Limit one PokÃ©mon knowing Baton Pass
|teampreview
|
|start
|switch|p1a: Tentacruel|Tentacruel, F|361\/361
|switch|p2a: Mienshao|Mienshao, F|271\/271
|turn|1
|
|move|p1a: Tentacruel|Protect|p1a: Tentacruel
|-singleturn|p1a: Tentacruel|Protect
|move|p2a: Mienshao|Knock Off|p1a: Tentacruel
|-activate|p1a: Tentacruel|Protect
|
|turn|2
|
|move|p2a: Mienshao|Knock Off|p1a: Tentacruel
|-damage|p1a: Tentacruel|256\/361
|-enditem|p1a: Tentacruel|Black Sludge|[from] move: Knock Off|[of] p2a: Mienshao
|move|p1a: Tentacruel|Toxic Spikes|p2a: Mienshao
|-sidestart|p2: zmj23|move: Toxic Spikes
|
|turn|3
|
|switch|p2a: Bronzong|Bronzong|338\/338
|move|p1a: Tentacruel|Scald|p2a: Bronzong
|-damage|p2a: Bronzong|284\/338
|
|-heal|p2a: Bronzong|305\/338|[from] item: Leftovers
|turn|4
|
|switch|p1a: Arcanine|Arcanine, F|381\/381
|-ability|p1a: Arcanine|Intimidate|[of] p2a: Bronzong
|-unboost|p2a: Bronzong|atk|1
|move|p2a: Bronzong|Stealth Rock|p1a: Arcanine
|-sidestart|p1: EvilExperiments|move: Stealth Rock
|
|-heal|p2a: Bronzong|326\/338|[from] item: Leftovers
|turn|5
|
|switch|p2a: Blastoise|Blastoise, F|358\/358
|-status|p2a: Blastoise|psn
|move|p1a: Arcanine|Close Combat|p2a: Blastoise
|-damage|p2a: Blastoise|155\/358 psn
|-unboost|p1a: Arcanine|def|1
|-unboost|p1a: Arcanine|spd|1
|
|-damage|p2a: Blastoise|111\/358 psn|[from] psn
|turn|6
|
|switch|p1a: Gastrodon|Gastrodon, F|426\/426
|-damage|p1a: Gastrodon|400\/426|[from] Stealth Rock
|detailschange|p2a: Blastoise|Blastoise-Mega, F
|message|Blastoise has Mega Evolved into Mega Blastoise!
|move|p2a: Blastoise|Rapid Spin|p1a: Gastrodon
|-crit|p1a: Gastrodon
|-damage|p1a: Gastrodon|377\/426
|-sideend|p2: zmj23|Toxic Spikes|[from] move: Rapid Spin|[of] p2a: Blastoise
|
|-heal|p1a: Gastrodon|403\/426|[from] item: Leftovers
|-damage|p2a: Blastoise|67\/358 psn|[from] psn
|turn|7
|
|switch|p2a: Bronzong|Bronzong|326\/338
|move|p1a: Gastrodon|Earthquake|p2a: Bronzong
|-immune|p2a: Bronzong|[msg]
|
|-heal|p1a: Gastrodon|426\/426|[from] item: Leftovers
|-heal|p2a: Bronzong|338\/338|[from] item: Leftovers
|turn|8
|
|move|p1a: Gastrodon|Scald|p2a: Bronzong
|-damage|p2a: Bronzong|284\/338
|-status|p2a: Bronzong|brn
|move|p2a: Bronzong|Toxic|p1a: Gastrodon
|-status|p1a: Gastrodon|tox
|
|-heal|p2a: Bronzong|305\/338 brn|[from] item: Leftovers
|-damage|p1a: Gastrodon|400\/426 tox|[from] psn
|-damage|p2a: Bronzong|263\/338 brn|[from] brn
|turn|9
|
|switch|p1a: Blissey|Blissey, F|714\/714
|-damage|p1a: Blissey|625\/714|[from] Stealth Rock
|switch|p2a: Florges|Florges, F|360\/360
|
|-heal|p1a: Blissey|669\/714|[from] item: Leftovers
|turn|10
|
|move|p2a: Florges|Aromatherapy|p2a: Florges
|-cureteam|p2a: Florges|[from] move: Aromatherapy
|move|p1a: Blissey|Stealth Rock|p2a: Florges
|-sidestart|p2: zmj23|move: Stealth Rock
|
|-heal|p1a: Blissey|713\/714|[from] item: Leftovers
|turn|11
|
|move|p2a: Florges|Wish|p2a: Florges
|move|p1a: Blissey|Wish|p1a: Blissey
|
|-heal|p1a: Blissey|714\/714|[from] item: Leftovers
|turn|12
|
|switch|p2a: Blastoise|Blastoise-Mega, F|67\/358
|-damage|p2a: Blastoise|23\/358|[from] Stealth Rock
|move|p1a: Blissey|Seismic Toss|p2a: Blastoise
|-damage|p2a: Blastoise|0 fnt
|faint|p2a: Blastoise
|
|
|switch|p2a: Entei|Entei, shiny|371\/371
|-damage|p2a: Entei|279\/371|[from] Stealth Rock
|-ability|p2a: Entei|Pressure
|turn|13
|
|switch|p1a: Gastrodon|Gastrodon, F|400\/426 tox
|-damage|p1a: Gastrodon|374\/426 tox|[from] Stealth Rock
|move|p2a: Entei|Sacred Fire|p1a: Gastrodon
|-resisted|p1a: Gastrodon
|-damage|p1a: Gastrodon|221\/426 tox
|
|-heal|p1a: Gastrodon|247\/426 tox|[from] item: Leftovers
|-damage|p1a: Gastrodon|221\/426 tox|[from] psn
|turn|14
|
|switch|p2a: Bronzong|Bronzong|263\/338
|-damage|p2a: Bronzong|242\/338|[from] Stealth Rock
|move|p1a: Gastrodon|Recover|p1a: Gastrodon
|-heal|p1a: Gastrodon|426\/426 tox
|
|-heal|p2a: Bronzong|263\/338|[from] item: Leftovers
|-damage|p1a: Gastrodon|374\/426 tox|[from] psn
|turn|15
|
|switch|p1a: Doublade|Doublade, M, shiny|319\/319
|-damage|p1a: Doublade|300\/319|[from] Stealth Rock
|move|p2a: Bronzong|Earthquake|p1a: Doublade
|-supereffective|p1a: Doublade
|-damage|p1a: Doublade|232\/319
|
|-heal|p2a: Bronzong|284\/338|[from] item: Leftovers
|turn|16
|
|move|p1a: Doublade|Sacred Sword|p2a: Bronzong
|-damage|p2a: Bronzong|193\/338
|move|p2a: Bronzong|Earthquake|p1a: Doublade
|-supereffective|p1a: Doublade
|-damage|p1a: Doublade|164\/319
|
|-heal|p2a: Bronzong|214\/338|[from] item: Leftovers
|turn|17
|
|switch|p1a: Blissey|Blissey, F|714\/714
|-damage|p1a: Blissey|625\/714|[from] Stealth Rock
|move|p2a: Bronzong|Earthquake|p1a: Blissey
|-damage|p1a: Blissey|490\/714
|
|-heal|p1a: Blissey|534\/714|[from] item: Leftovers
|-heal|p2a: Bronzong|235\/338|[from] item: Leftovers
|turn|18
|
|move|p1a: Blissey|Wish|p1a: Blissey
|move|p2a: Bronzong|Gyro Ball|p1a: Blissey
|-damage|p1a: Blissey|423\/714
|
|-heal|p1a: Blissey|467\/714|[from] item: Leftovers
|-heal|p2a: Bronzong|256\/338|[from] item: Leftovers
|turn|19
|
|switch|p1a: Tentacruel|Tentacruel, F|256\/361
|-damage|p1a: Tentacruel|211\/361|[from] Stealth Rock
|move|p2a: Bronzong|Earthquake|p1a: Tentacruel
|-supereffective|p1a: Tentacruel
|-damage|p1a: Tentacruel|81\/361
|
|-heal|p1a: Tentacruel|361\/361|[from] move: Wish|[wisher] Blissey
|-heal|p2a: Bronzong|277\/338|[from] item: Leftovers
|turn|20
|
|switch|p2a: Doublade|Doublade, F|322\/322
|-damage|p2a: Doublade|302\/322|[from] Stealth Rock
|move|p1a: Tentacruel|Toxic Spikes|p2a: Doublade
|-sidestart|p2: zmj23|move: Toxic Spikes
|
|turn|21
|
|move|p1a: Tentacruel|Scald|p2a: Doublade
|-damage|p2a: Doublade|154\/322
|-status|p2a: Doublade|brn
|move|p2a: Doublade|Shadow Claw|p1a: Tentacruel
|-damage|p1a: Tentacruel|277\/361
|
|-damage|p2a: Doublade|114\/322 brn|[from] brn
|turn|22
|
|switch|p2a: Florges|Florges, F|360\/360
|-damage|p2a: Florges|315\/360|[from] Stealth Rock
|-status|p2a: Florges|psn
|move|p1a: Tentacruel|Scald|p2a: Florges
|-crit|p2a: Florges
|-damage|p2a: Florges|234\/360 psn
|
|-heal|p2a: Florges|256\/360 psn|[from] item: Leftovers
|-damage|p2a: Florges|211\/360 psn|[from] psn
|turn|23
|
|move|p1a: Tentacruel|Rapid Spin|p2a: Florges
|-damage|p2a: Florges|203\/360 psn
|-sideend|p1: EvilExperiments|Stealth Rock|[from] move: Rapid Spin|[of] p1a: Tentacruel
|move|p2a: Florges|Aromatherapy|p2a: Florges
|-cureteam|p2a: Florges|[from] move: Aromatherapy
|
|-heal|p2a: Florges|225\/360|[from] item: Leftovers
|turn|24
|-message|zmj23 forfeited.
|
|win|EvilExperiments
|raw|Ladder updating...
|leave|zmj23
|player|p2
|raw|EvilExperiments's rating: 1556 &rarr; <strong>1571<\/strong><br \/>(+15 for winning)
|raw|zmj23's rating: 1468 &rarr; <strong>1453<\/strong><br \/>(-15 for losing)