|join|Triny
|join|zmj23
|player|p1|Triny|160
|player|p2|zmj23|1
|gametype|singles
|gen|6
|tier|UU
|rated
|rule|Sleep Clause Mod: Limit one foe put to sleep
|rule|Species Clause: Limit one of each PokÃ©mon
|rule|OHKO Clause: OHKO moves are banned
|rule|Moody Clause: Moody is banned
|rule|Evasion Moves Clause: Evasion moves are banned
|rule|Endless Battle Clause: Forcing endless battles is banned
|rule|HP Percentage Mod: HP is reported as percentages
|clearpoke
|poke|p1|Darmanitan, M
|poke|p1|Snorlax, M, shiny
|poke|p1|Trevenant, M
|poke|p1|Slowbro, M
|poke|p1|Aggron, F
|poke|p1|Roserade, M
|poke|p2|Blastoise, F
|poke|p2|Entei, shiny
|poke|p2|Nidoking, M
|poke|p2|Florges, F
|poke|p2|Mienshao, F
|poke|p2|Empoleon, F
|rule|Swagger Clause: Swagger is banned
|rule|Baton Pass Clause: Limit one PokÃ©mon knowing Baton Pass
|teampreview
|
|start
|switch|p1a: Slowbro|Slowbro, M|394\/394
|switch|p2a: Empoleon|Empoleon, F|372\/372
|turn|1
|
|move|p2a: Empoleon|Stealth Rock|p1a: Slowbro
|-sidestart|p1: Triny|move: Stealth Rock
|move|p1a: Slowbro|Scald|p2a: Empoleon
|-resisted|p2a: Empoleon
|-damage|p2a: Empoleon|336\/372
|
|-heal|p2a: Empoleon|359\/372|[from] item: Leftovers
|turn|2
|
|move|p2a: Empoleon|Knock Off|p1a: Slowbro
|-supereffective|p1a: Slowbro
|-damage|p1a: Slowbro|306\/394
|-enditem|p1a: Slowbro|Leftovers|[from] move: Knock Off|[of] p2a: Empoleon
|move|p1a: Slowbro|Scald|p2a: Empoleon
|-resisted|p2a: Empoleon
|-damage|p2a: Empoleon|323\/372
|
|-heal|p2a: Empoleon|346\/372|[from] item: Leftovers
|turn|3
|
|move|p1a: Slowbro|Scald|p2a: Empoleon
|-resisted|p2a: Empoleon
|-damage|p2a: Empoleon|310\/372
|-status|p2a: Empoleon|brn
|move|p2a: Empoleon|Roar|p1a: Slowbro
|drag|p1a: Trevenant|Trevenant, M|374\/374
|-damage|p1a: Trevenant|328\/374|[from] Stealth Rock
|
|-heal|p2a: Empoleon|333\/372 brn|[from] item: Leftovers
|-damage|p2a: Empoleon|287\/372 brn|[from] brn
|turn|4
|
|move|p1a: Trevenant|Substitute|p1a: Trevenant
|-start|p1a: Trevenant|Substitute
|-damage|p1a: Trevenant|235\/374
|move|p2a: Empoleon|Knock Off|p1a: Trevenant
|-supereffective|p1a: Trevenant
|-activate|p1a: Trevenant|Substitute|[damage]
|
|-heal|p2a: Empoleon|310\/372 brn|[from] item: Leftovers
|-damage|p2a: Empoleon|264\/372 brn|[from] brn
|turn|5
|
|move|p1a: Trevenant|Leech Seed|p2a: Empoleon
|-start|p2a: Empoleon|move: Leech Seed
|move|p2a: Empoleon|Roar|p1a: Trevenant
|drag|p1a: Snorlax|Snorlax, M, shiny|460\/460
|-damage|p1a: Snorlax|403\/460|[from] Stealth Rock
|
|-heal|p2a: Empoleon|287\/372 brn|[from] item: Leftovers
|-damage|p2a: Empoleon|241\/372 brn|[from] Leech Seed|[of] p1a: Snorlax
|-heal|p1a: Snorlax|449\/460|[silent]
|-damage|p2a: Empoleon|195\/372 brn|[from] brn
|turn|6
|
|switch|p2a: Mienshao|Mienshao, F|271\/271
|switch|p1a: Slowbro|Slowbro, M|394\/394
|-damage|p1a: Slowbro|345\/394|[from] Stealth Rock
|
|turn|7
|
|move|p2a: Mienshao|U-turn|p1a: Slowbro
|-supereffective|p1a: Slowbro
|-damage|p1a: Slowbro|237\/394
|
|switch|p2a: Blastoise|Blastoise, F|358\/358
|move|p1a: Slowbro|Psychic|p2a: Blastoise
|-damage|p2a: Blastoise|264\/358
|
|turn|8
|
|detailschange|p2a: Blastoise|Blastoise-Mega, F
|message|Blastoise has Mega Evolved into Mega Blastoise!
|move|p2a: Blastoise|Dark Pulse|p1a: Slowbro
|-supereffective|p1a: Slowbro
|-damage|p1a: Slowbro|0 fnt
|faint|p1a: Slowbro
|
|
|switch|p1a: Roserade|Roserade, M|261\/261
|-damage|p1a: Roserade|229\/261|[from] Stealth Rock
|turn|9
|
|switch|p2a: Empoleon|Empoleon, F|195\/372 brn
|move|p1a: Roserade|Sleep Powder|p2a: Empoleon|[miss]
|-miss|p1a: Roserade|p2a: Empoleon
|
|-heal|p1a: Roserade|245\/261|[from] item: Black Sludge
|-heal|p2a: Empoleon|218\/372 brn|[from] item: Leftovers
|-damage|p2a: Empoleon|172\/372 brn|[from] brn
|turn|10
|
|move|p1a: Roserade|Leaf Storm|p2a: Empoleon
|-damage|p2a: Empoleon|4\/372 brn
|-unboost|p1a: Roserade|spa|2
|move|p2a: Empoleon|Knock Off|p1a: Roserade
|-damage|p1a: Roserade|199\/261
|-enditem|p1a: Roserade|Black Sludge|[from] move: Knock Off|[of] p2a: Empoleon
|
|-heal|p2a: Empoleon|27\/372 brn|[from] item: Leftovers
|-damage|p2a: Empoleon|0 fnt|[from] brn
|faint|p2a: Empoleon
|
|switch|p2a: Entei|Entei, shiny|371\/371
|-ability|p2a: Entei|Pressure
|turn|11
|
|move|p1a: Roserade|Sleep Powder|p2a: Entei
|-status|p2a: Entei|slp
|cant|p2a: Entei|slp
|
|turn|12
|
|switch|p1a: Snorlax|Snorlax, M, shiny|449\/460
|-damage|p1a: Snorlax|392\/460|[from] Stealth Rock
|cant|p2a: Entei|slp
|
|turn|13
|
|-curestatus|p2a: Entei|slp
|move|p2a: Entei|Sacred Fire|p1a: Snorlax
|-damage|p1a: Snorlax|244\/460
|-status|p1a: Snorlax|brn
|move|p1a: Snorlax|Earthquake|p2a: Entei
|-supereffective|p2a: Entei
|-damage|p2a: Entei|243\/371
|
|-damage|p1a: Snorlax|187\/460 brn|[from] brn
|turn|14
|
|switch|p2a: Florges|Florges, F|360\/360
|move|p1a: Snorlax|Self-Destruct|p2a: Florges
|-damage|p2a: Florges|35\/360
|faint|p1a: Snorlax
|
|-heal|p2a: Florges|57\/360|[from] item: Leftovers
|
|switch|p1a: Aggron|Aggron, F|344\/344
|-damage|p1a: Aggron|323\/344|[from] Stealth Rock
|turn|15
|
|detailschange|p1a: Aggron|Aggron-Mega, F
|message|Aggron has Mega Evolved into Mega Aggron!
|move|p2a: Florges|Wish|p2a: Florges
|move|p1a: Aggron|Iron Head|p2a: Florges
|-supereffective|p2a: Florges
|-damage|p2a: Florges|0 fnt
|faint|p2a: Florges
|
|
|switch|p2a: Entei|Entei, shiny|243\/371
|-ability|p2a: Entei|Pressure
|turn|16
|
|move|p2a: Entei|Sacred Fire|p1a: Aggron
|-supereffective|p1a: Aggron
|-damage|p1a: Aggron|137\/344
|-status|p1a: Aggron|brn
|move|p1a: Aggron|Earthquake|p2a: Entei
|-supereffective|p2a: Entei
|-damage|p2a: Entei|71\/371
|
|-heal|p2a: Entei|251\/371|[from] move: Wish|[wisher] Florges
|-damage|p1a: Aggron|94\/344 brn|[from] brn
|turn|17
|
|move|p2a: Entei|Sacred Fire|p1a: Aggron
|-supereffective|p1a: Aggron
|-damage|p1a: Aggron|0 fnt
|faint|p1a: Aggron
|
|
|switch|p1a: Roserade|Roserade, M|199\/261
|-damage|p1a: Roserade|167\/261|[from] Stealth Rock
|turn|18
|
|switch|p2a: Blastoise|Blastoise-Mega, F|264\/358
|move|p1a: Roserade|Sleep Powder|p2a: Blastoise|[miss]
|-miss|p1a: Roserade|p2a: Blastoise
|
|turn|19
|
|move|p1a: Roserade|Sleep Powder|p2a: Blastoise|[miss]
|-miss|p1a: Roserade|p2a: Blastoise
|move|p2a: Blastoise|Dark Pulse|p1a: Roserade
|-damage|p1a: Roserade|21\/261
|
|turn|20
|
|move|p1a: Roserade|Sleep Powder|p2a: Blastoise
|-status|p2a: Blastoise|slp
|cant|p2a: Blastoise|slp
|
|turn|21
|
|move|p1a: Roserade|Leaf Storm|p2a: Blastoise
|-supereffective|p2a: Blastoise
|-damage|p2a: Blastoise|0 fnt
|-unboost|p1a: Roserade|spa|2
|faint|p2a: Blastoise
|
|
|switch|p2a: Mienshao|Mienshao, F|271\/271
|turn|22
|
|move|p2a: Mienshao|U-turn|p1a: Roserade
|-damage|p1a: Roserade|0 fnt
|faint|p1a: Roserade
|
|switch|p2a: Nidoking|Nidoking, M|304\/304
|
|
|switch|p1a: Darmanitan|Darmanitan, M|351\/351
|-damage|p1a: Darmanitan|264\/351|[from] Stealth Rock
|turn|23
|
|move|p1a: Darmanitan|Zen Headbutt|p2a: Nidoking
|-supereffective|p2a: Nidoking
|-damage|p2a: Nidoking|0 fnt
|faint|p2a: Nidoking
|
|
|switch|p2a: Entei|Entei, shiny|251\/371
|-ability|p2a: Entei|Pressure
|turn|24
|
|move|p1a: Darmanitan|Zen Headbutt|p2a: Entei
|-damage|p2a: Entei|85\/371
|move|p2a: Entei|Stone Edge|p1a: Darmanitan|[miss]
|-miss|p2a: Entei|p1a: Darmanitan
|
|turn|25
|
|move|p1a: Darmanitan|Zen Headbutt|p2a: Entei
|-damage|p2a: Entei|0 fnt
|faint|p2a: Entei
|
|
|switch|p2a: Mienshao|Mienshao, F|271\/271
|turn|26
|
|move|p2a: Mienshao|Knock Off|p1a: Darmanitan
|-damage|p1a: Darmanitan|70\/351
|-enditem|p1a: Darmanitan|Choice Scarf|[from] move: Knock Off|[of] p2a: Mienshao
|move|p1a: Darmanitan|Zen Headbutt|p2a: Mienshao
|-supereffective|p2a: Mienshao
|-damage|p2a: Mienshao|0 fnt
|faint|p2a: Mienshao
|
|win|Triny
|raw|Ladder updating...
|raw|Triny's rating: 1349 &rarr; <strong>1375<\/strong><br \/>(+26 for winning)
|raw|zmj23's rating: 1448 &rarr; <strong>1423<\/strong><br \/>(-25 for losing)
|chat|Triny|gg
|chat|zmj23|gg
|leave|zmj23
|player|p2