|join|zmj23
|join|Meruu
|player|p1|zmj23|265
|player|p2|Meruu|174
|gametype|singles
|gen|6
|tier|UU
|rated
|rule|Sleep Clause Mod: Limit one foe put to sleep
|rule|Species Clause: Limit one of each PokÃ©mon
|rule|OHKO Clause: OHKO moves are banned
|rule|Moody Clause: Moody is banned
|rule|Evasion Moves Clause: Evasion moves are banned
|rule|Endless Battle Clause: Forcing endless battles is banned
|rule|HP Percentage Mod: HP is shown in percentages
|clearpoke
|poke|p1|Blastoise, M
|poke|p1|Entei, shiny
|poke|p1|Doublade, M
|poke|p1|Florges, F
|poke|p1|Mienshao, M
|poke|p1|Bronzong
|poke|p2|Froslass, F
|poke|p2|Metagross
|poke|p2|Entei, shiny
|poke|p2|Hydreigon, F
|poke|p2|Blastoise, M
|poke|p2|Porygon-Z
|rule|Swagger Clause: Swagger is banned
|rule|Baton Pass Clause: Limit one PokÃ©mon knowing Baton Pass
|teampreview
|
|start
|switch|p1a: Mienshao|Mienshao, M|271\/271
|switch|p2a: Froslass|Froslass, F|281\/281
|turn|1
|
|move|p1a: Mienshao|Knock Off|p2a: Froslass
|-supereffective|p2a: Froslass
|-enditem|p2a: Froslass|Focus Sash
|-damage|p2a: Froslass|1\/281
|move|p2a: Froslass|Spikes|p1a: Mienshao
|-sidestart|p1: zmj23|Spikes
|
|turn|2
|
|switch|p2a: Blastoise|Blastoise, M|362\/362
|move|p1a: Mienshao|Knock Off|p2a: Blastoise
|-damage|p2a: Blastoise|289\/362
|
|turn|3
|
|switch|p1a: Florges|Florges, F|360\/360
|-damage|p1a: Florges|315\/360|[from] Spikes
|detailschange|p2a: Blastoise|Blastoise-Mega, M
|message|Blastoise has Mega Evolved into Mega Blastoise!
|move|p2a: Blastoise|Water Pulse|p1a: Florges
|-damage|p1a: Florges|200\/360
|
|-heal|p1a: Florges|222\/360|[from] item: Leftovers
|turn|4
|join|hjhgjhg
|
|switch|p2a: Metagross|Metagross|364\/364
|move|p1a: Florges|Moonblast|p2a: Metagross
|-resisted|p2a: Metagross
|-damage|p2a: Metagross|296\/364
|
|-heal|p1a: Florges|244\/360|[from] item: Leftovers
|-heal|p2a: Metagross|318\/364|[from] item: Leftovers
|turn|5
|
|switch|p1a: Bronzong|Bronzong|338\/338
|move|p2a: Metagross|Stealth Rock|p1a: Bronzong
|-sidestart|p1: zmj23|move: Stealth Rock
|
|-heal|p2a: Metagross|340\/364|[from] item: Leftovers
|turn|6
|
|switch|p2a: Entei|Entei, shiny|371\/371
|-ability|p2a: Entei|Pressure
|move|p1a: Bronzong|Stealth Rock|p2a: Entei
|-sidestart|p2: Meruu|move: Stealth Rock
|
|turn|7
|
|switch|p1a: Blastoise|Blastoise, M|358\/358
|-damage|p1a: Blastoise|314\/358|[from] Spikes
|-damage|p1a: Blastoise|270\/358|[from] Stealth Rock
|move|p2a: Entei|Sacred Fire|p1a: Blastoise
|-resisted|p1a: Blastoise
|-damage|p1a: Blastoise|135\/358
|-status|p1a: Blastoise|brn
|
|-damage|p1a: Blastoise|91\/358 brn|[from] brn
|turn|8
|
|detailschange|p1a: Blastoise|Blastoise-Mega, M
|message|Blastoise has Mega Evolved into Mega Blastoise!
|move|p2a: Entei|Sacred Fire|p1a: Blastoise
|-resisted|p1a: Blastoise
|-damage|p1a: Blastoise|0 fnt
|faint|p1a: Blastoise
|
|
|switch|p1a: Entei|Entei, shiny|371\/371
|-damage|p1a: Entei|325\/371|[from] Spikes
|-damage|p1a: Entei|233\/371|[from] Stealth Rock
|-ability|p1a: Entei|Pressure
|turn|9
|
|switch|p2a: Froslass|Froslass, F|1\/281
|-damage|p2a: Froslass|0 fnt|[from] Stealth Rock
|faint|p2a: Froslass
|move|p1a: Entei|Stone Edge|p2: Froslass|[notarget]
|-notarget
|
|
|switch|p2a: Blastoise|Blastoise-Mega, M|289\/362
|-damage|p2a: Blastoise|244\/362|[from] Stealth Rock
|turn|10
|
|move|p1a: Entei|Sacred Fire|p2a: Blastoise
|-resisted|p2a: Blastoise
|-damage|p2a: Blastoise|174\/362
|move|p2a: Blastoise|Water Pulse|p1a: Entei
|-supereffective|p1a: Entei
|-damage|p1a: Entei|0 fnt
|faint|p1a: Entei
|
|
|switch|p1a: Mienshao|Mienshao, M|271\/271
|-damage|p1a: Mienshao|255\/271|[from] Stealth Rock
|-damage|p1a: Mienshao|222\/271|[from] Spikes
|turn|11
|
|move|p1a: Mienshao|High Jump Kick|p2a: Blastoise|[miss]
|-miss|p1a: Mienshao|p2a: Blastoise
|-damage|p1a: Mienshao|87\/271|[from] highjumpkick
|move|p2a: Blastoise|Water Pulse|p1a: Mienshao
|-damage|p1a: Mienshao|0 fnt
|faint|p1a: Mienshao
|
|-message|zmj23 forfeited.
|
|win|Meruu
|raw|Ladder updating...
|leave|zmj23
|player|p1
|raw|zmj23's rating: 1429 &rarr; <strong>1415<\/strong><br \/>(-14 for losing)
|raw|Meruu's rating: 1537 &rarr; <strong>1551<\/strong><br \/>(+14 for winning)
|leave|Meruu
|player|p2