|join|BEEN TRILL
|join|zmj23
|player|p1|BEEN TRILL|107
|player|p2|zmj23|170
|gametype|singles
|gen|6
|tier|UU
|rated
|rule|Sleep Clause Mod: Limit one foe put to sleep
|rule|Species Clause: Limit one of each Pokemon
|rule|OHKO Clause: OHKO moves are banned
|rule|Moody Clause: Moody is banned
|rule|Evasion Moves Clause: Evasion moves are banned
|rule|Endless Battle Clause: Forcing endless battles is banned.
|rule|HP Percentage Mod: HP is reported as percentages
|clearpoke
|poke|p1|Doublade, M
|poke|p1|Hydreigon, F
|poke|p1|Alakazam, M
|poke|p1|Entei, shiny
|poke|p1|Toxicroak, F
|poke|p1|Rhyperior, F
|poke|p2|Azelf
|poke|p2|Entei, shiny
|poke|p2|Nidoking, M
|poke|p2|Trevenant, M, shiny
|poke|p2|Mienshao, M
|poke|p2|Absol, M
|teampreview
|
|start
|switch|p1a: Rhyperior|Rhyperior, F|429\/429
|switch|p2a: Azelf|Azelf|292\/292
|turn|1
|
|move|p2a: Azelf|Taunt|p1a: Rhyperior
|-start|p1a: Rhyperior|move: Taunt
|move|p1a: Rhyperior|Rock Blast|p2a: Azelf
|-damage|p2a: Azelf|240\/292
|-damage|p2a: Azelf|185\/292
|-damage|p2a: Azelf|134\/292
|-hitcount|p2a: Azelf|3
|
|turn|2
|
|move|p2a: Azelf|Stealth Rock|p1a: Rhyperior
|-sidestart|p1: BEEN TRILL|move: Stealth Rock
|move|p1a: Rhyperior|Rock Blast|p2a: Azelf
|-damage|p2a: Azelf|80\/292
|-damage|p2a: Azelf|22\/292
|-damage|p2a: Azelf|0 fnt
|-hitcount|p2a: Azelf|3
|faint|p2a: Azelf
|
|
|switch|p2a: Trevenant|Trevenant, M, shiny|374\/374
|turn|3
|
|switch|p1a: Alakazam|Alakazam, M|252\/252
|move|p2a: Trevenant|Will-O-Wisp|p1a: Alakazam
|-status|p1a: Alakazam|brn
|
|turn|4
|
|move|p1a: Alakazam|Shadow Ball|p2a: Trevenant
|-supereffective|p2a: Trevenant
|-damage|p2a: Trevenant|200\/374
|-unboost|p2a: Trevenant|spd|1
|move|p2a: Trevenant|Shadow Claw|p1a: Alakazam
|-supereffective|p1a: Alakazam
|-damage|p1a: Alakazam|0 fnt
|faint|p1a: Alakazam
|
|
|switch|p1a: Hydreigon|Hydreigon, F|325\/325
|-damage|p1a: Hydreigon|285\/325|[from] Stealth Rock
|turn|5
|
|switch|p2a: Absol|Absol, M|271\/271
|move|p1a: Hydreigon|Dark Pulse|p2a: Absol
|-resisted|p2a: Absol
|-damage|p2a: Absol|120\/271
|-boost|p2a: Absol|atk|1|[from] ability: Justified
|
|turn|6
|
|detailschange|p2a: Absol|Absol-Mega, M
|message|Absol has Mega Evolved into Mega Absol!
|move|p1a: Hydreigon|Dark Pulse|p2a: Absol
|-resisted|p2a: Absol
|-damage|p2a: Absol|0 fnt
|faint|p2a: Absol
|
|
|switch|p2a: Mienshao|Mienshao, M|271\/271
|turn|7
|
|switch|p1a: Doublade|Doublade, M|322\/322
|-damage|p1a: Doublade|302\/322|[from] Stealth Rock
|move|p2a: Mienshao|U-turn|p1a: Doublade
|-resisted|p1a: Doublade
|-damage|p1a: Doublade|293\/322
|
|switch|p2a: Entei|Entei, shiny|371\/371
|-ability|p2a: Entei|Pressure
|
|turn|8
|
|switch|p1a: Rhyperior|Rhyperior, F|429\/429
|-damage|p1a: Rhyperior|403\/429|[from] Stealth Rock
|move|p2a: Entei|Sacred Fire|p1a: Rhyperior
|-resisted|p1a: Rhyperior
|-damage|p1a: Rhyperior|325\/429
|
|-heal|p1a: Rhyperior|351\/429|[from] item: Leftovers
|turn|9
|
|switch|p2a: Trevenant|Trevenant, M, shiny|200\/374
|move|p1a: Rhyperior|Rock Blast|p2a: Trevenant
|-damage|p2a: Trevenant|152\/374
|-damage|p2a: Trevenant|100\/374
|-hitcount|p2a: Trevenant|2
|
|-heal|p1a: Rhyperior|377\/429|[from] item: Leftovers
|turn|10
|
|move|p2a: Trevenant|Will-O-Wisp|p1a: Rhyperior
|-status|p1a: Rhyperior|brn
|move|p1a: Rhyperior|Rock Blast|p2a: Trevenant
|-damage|p2a: Trevenant|73\/374
|-damage|p2a: Trevenant|46\/374
|-hitcount|p2a: Trevenant|2
|
|-heal|p1a: Rhyperior|403\/429 brn|[from] item: Leftovers
|-damage|p1a: Rhyperior|350\/429 brn|[from] brn
|turn|11
|
|switch|p1a: Hydreigon|Hydreigon, F|285\/325
|-damage|p1a: Hydreigon|245\/325|[from] Stealth Rock
|move|p2a: Trevenant|Horn Leech|p1a: Hydreigon
|-resisted|p1a: Hydreigon
|-damage|p1a: Hydreigon|189\/325
|-heal|p2a: Trevenant|74\/374|[from] drain|[of] p1a: Hydreigon
|
|turn|12
|
|move|p1a: Hydreigon|Dark Pulse|p2a: Trevenant
|-supereffective|p2a: Trevenant
|-damage|p2a: Trevenant|0 fnt
|faint|p2a: Trevenant
|
|
|switch|p2a: Mienshao|Mienshao, M|271\/271
|turn|13
|
|switch|p1a: Doublade|Doublade, M|293\/322
|-damage|p1a: Doublade|273\/322|[from] Stealth Rock
|move|p2a: Mienshao|U-turn|p1a: Doublade
|-resisted|p1a: Doublade
|-damage|p1a: Doublade|263\/322
|
|switch|p2a: Nidoking|Nidoking, M|304\/304
|
|turn|14
|
|switch|p1a: Hydreigon|Hydreigon, F|189\/325
|-damage|p1a: Hydreigon|149\/325|[from] Stealth Rock
|move|p2a: Nidoking|Earth Power|p1a: Hydreigon
|-immune|p1a: Hydreigon|[msg]
|
|turn|15
|
|move|p1a: Hydreigon|Draco Meteor|p2a: Nidoking
|-damage|p2a: Nidoking|0 fnt
|-unboost|p1a: Hydreigon|spa|2
|faint|p2a: Nidoking
|
|
|switch|p2a: Mienshao|Mienshao, M|271\/271
|turn|16
|
|move|p2a: Mienshao|U-turn|p1a: Hydreigon
|-supereffective|p1a: Hydreigon
|-damage|p1a: Hydreigon|0 fnt
|faint|p1a: Hydreigon
|
|switch|p2a: Entei|Entei, shiny|371\/371
|-ability|p2a: Entei|Pressure
|
|
|switch|p1a: Rhyperior|Rhyperior, F|350\/429 brn
|-damage|p1a: Rhyperior|324\/429 brn|[from] Stealth Rock
|turn|17
|
|switch|p2a: Mienshao|Mienshao, M|271\/271
|move|p1a: Rhyperior|Earthquake|p2a: Mienshao
|-damage|p2a: Mienshao|145\/271
|
|-heal|p1a: Rhyperior|350\/429 brn|[from] item: Leftovers
|-damage|p1a: Rhyperior|297\/429 brn|[from] brn
|turn|18
|
|switch|p1a: Doublade|Doublade, M|263\/322
|-damage|p1a: Doublade|243\/322|[from] Stealth Rock
|move|p2a: Mienshao|Knock Off|p1a: Doublade
|-supereffective|p1a: Doublade
|-damage|p1a: Doublade|145\/322
|-enditem|p1a: Doublade|Eviolite|[from] move: Knock Off|[of] p2a: Mienshao
|
|turn|19
|
|switch|p2a: Entei|Entei, shiny|371\/371
|-ability|p2a: Entei|Pressure
|move|p1a: Doublade|Shadow Claw|p2a: Entei
|-damage|p2a: Entei|220\/371
|
|turn|20
|
|move|p1a: Doublade|Shadow Sneak|p2a: Entei
|-damage|p2a: Entei|145\/371
|move|p2a: Entei|Sacred Fire|p1a: Doublade
|-crit|p1a: Doublade
|-supereffective|p1a: Doublade
|-damage|p1a: Doublade|0 fnt
|faint|p1a: Doublade
|
|-message|BEEN TRILL lost due to inactivity.
|
|win|zmj23
|raw|Ladder updating...
|raw|BEEN TRILL's rating: 1295 &rarr; <strong>1274<\/strong><br \/>(-21 for losing)
|raw|zmj23's rating: 1354 &rarr; <strong>1371<\/strong><br \/>(+17 for winning)
|leave|zmj23
|player|p2