|join|Lef Deppard
|join|mastermind15
|player|p1|Lef Deppard|240
|player|p2|mastermind15|33
|gametype|singles
|gen|6
|tier|ORAS OU
|rated
|rule|Sleep Clause Mod: Limit one foe put to sleep
|rule|Species Clause: Limit one of each PokÃ©mon
|rule|OHKO Clause: OHKO moves are banned
|rule|Moody Clause: Moody is banned
|rule|Evasion Moves Clause: Evasion moves are banned
|rule|Endless Battle Clause: Forcing endless battles is banned
|rule|HP Percentage Mod: HP is shown in percentages
|clearpoke
|poke|p1|Charizard, M
|poke|p1|Donphan, M
|poke|p1|Keldeo-Resolute
|poke|p1|Zapdos
|poke|p1|Ferrothorn, F
|poke|p1|Clefable, F
|poke|p2|Slowbro, M, shiny
|poke|p2|Gliscor, M
|poke|p2|Amoonguss, F, shiny
|poke|p2|Tyranitar, M
|poke|p2|Zapdos
|poke|p2|Metagross
|rule|Swagger Clause: Swagger is banned
|rule|Baton Pass Clause: Limit one PokÃ©mon knowing Baton Pass
|teampreview
|c|âmastermind15|mob barley?
|c|âmastermind15|or are you some copycat?
|
|start
|switch|p1a: Ferrothorn|Ferrothorn, F|352\/352
|switch|p2a: Larry|Zapdos|383\/383
|-ability|p2a: Larry|Pressure
|turn|1
|c|âLef Deppard|Shut up I'm Lef Depaprd and Jon bovi
|c|âLef Deppard|deppard
|c|âLef Deppard|Gl
|c|âmastermind15|you too
|
|switch|p1a: Clefable|Clefable, F|394\/394
|move|p2a: Larry|Thunderbolt|p1a: Clefable
|-crit|p1a: Clefable
|-damage|p1a: Clefable|217\/394
|
|-heal|p1a: Clefable|241\/394|[from] item: Leftovers
|turn|2
|
|switch|p2a: Penelope|Amoonguss, F, shiny|432\/432
|move|p1a: Clefable|Soft-Boiled|p1a: Clefable
|-heal|p1a: Clefable|394\/394
|
|turn|3
|
|switch|p1a: Ferrothorn|Ferrothorn, F|352\/352
|switch|p2a: Ivan|Gliscor, M|352\/352
|
|-status|p2a: Ivan|tox|[from] item: Toxic Orb
|turn|4
|
|move|p2a: Ivan|Taunt|p1a: Ferrothorn
|-start|p1a: Ferrothorn|move: Taunt
|cant|p1a: Ferrothorn|move: Taunt|Stealth Rock
|
|turn|5
|c|âmastermind15|you love donphan, don't you? you have always had him on this team, even when donphan is no longer ou...
|c|âLef Deppard|Haha I sure like donphan bro
|
|switch|p2a: Sebastian|Metagross|301\/301
|switch|p1a: Charizard|Charizard, M|333\/333
|
|turn|6
|
|switch|p2a: Bill|Slowbro, M, shiny|394\/394
|detailschange|p1a: Charizard|Charizard-Mega-X, M
|message|Charizard has Mega Evolved into Mega Charizard!
|move|p1a: Charizard|Dragon Dance|p1a: Charizard
|-boost|p1a: Charizard|atk|1
|-boost|p1a: Charizard|spe|1
|
|turn|7
|
|switch|p2a: Penelope|Amoonguss, F, shiny|432\/432
|move|p1a: Charizard|Dragon Dance|p1a: Charizard
|-boost|p1a: Charizard|atk|1
|-boost|p1a: Charizard|spe|1
|
|turn|8
|
|move|p1a: Charizard|Fire Punch|p2a: Penelope
|-supereffective|p2a: Penelope
|-damage|p2a: Penelope|0 fnt
|faint|p2a: Penelope
|
|
|switch|p2a: Ivan|Gliscor, M|352\/352 tox
|turn|9
|
|move|p1a: Charizard|Dragon Claw|p2a: Ivan
|-damage|p2a: Ivan|81\/352 tox
|move|p2a: Ivan|Earthquake|p1a: Charizard
|-supereffective|p1a: Charizard
|-damage|p1a: Charizard|135\/333
|
|-heal|p2a: Ivan|125\/352 tox|[from] ability: Poison Heal
|turn|10
|
|switch|p2a: Sebastian|Metagross|301\/301
|move|p1a: Charizard|Dragon Claw|p2a: Sebastian
|-resisted|p2a: Sebastian
|-damage|p2a: Sebastian|135\/301
|
|turn|11
|c|âLef Deppard|The bulk
|
|switch|p2a: Bill|Slowbro, M, shiny|394\/394
|move|p1a: Charizard|Dragon Claw|p2a: Bill
|-damage|p2a: Bill|99\/394
|
|turn|12
|
|switch|p2a: Ivan|Gliscor, M|125\/352 tox
|move|p1a: Charizard|Dragon Claw|p2a: Ivan
|-damage|p2a: Ivan|0 fnt
|faint|p2a: Ivan
|
|
|switch|p2a: Bill|Slowbro, M, shiny|230\/394
|turn|13
|
|switch|p2a: Sam|Tyranitar, M|341\/341
|-weather|Sandstorm
|move|p1a: Charizard|Dragon Claw|p2a: Sam
|-damage|p2a: Sam|0 fnt
|faint|p2a: Sam
|
|-weather|Sandstorm|[upkeep]
|-damage|p1a: Charizard|115\/333|[from] sandstorm
|
|switch|p2a: Bill|Slowbro, M, shiny|361\/394
|turn|14
|
|move|p1a: Charizard|Roost|p1a: Charizard
|-heal|p1a: Charizard|282\/333
|move|p2a: Bill|Psychic|p1a: Charizard
|-damage|p1a: Charizard|168\/333
|
|-weather|Sandstorm|[upkeep]
|-damage|p1a: Charizard|148\/333|[from] sandstorm
|-damage|p2a: Bill|337\/394|[from] sandstorm
|turn|15
|c|âmastermind15|this poke is so op
|
|move|p1a: Charizard|Roost|p1a: Charizard
|-heal|p1a: Charizard|315\/333
|move|p2a: Bill|Psychic|p1a: Charizard
|-damage|p1a: Charizard|200\/333
|
|-weather|Sandstorm|[upkeep]
|-damage|p1a: Charizard|180\/333|[from] sandstorm
|-damage|p2a: Bill|313\/394|[from] sandstorm
|turn|16
|c|âLef Deppard|Only if it gets a chance to set up
|c|âLef Deppard|but it's pretty good!
|c|âmastermind15|i have no idea how it has managed to stay in so long...
|
|move|p1a: Charizard|Roost|p1a: Charizard
|-heal|p1a: Charizard|333\/333
|move|p2a: Bill|Psychic|p1a: Charizard
|-damage|p1a: Charizard|210\/333
|
|-weather|Sandstorm|[upkeep]
|-damage|p1a: Charizard|190\/333|[from] sandstorm
|-damage|p2a: Bill|289\/394|[from] sandstorm
|turn|17
|c|âLef Deppard|What item do u have?
|
|move|p1a: Charizard|Roost|p1a: Charizard
|-heal|p1a: Charizard|333\/333
|move|p2a: Bill|Psychic|p1a: Charizard
|-damage|p1a: Charizard|218\/333
|
|-weather|none
|turn|18
|c|âLef Deppard|Assault vest?
|c|âmastermind15|honestly, do you seriously believe mega char x with all his op typing and stats is only ou? and yes 
|
|move|p1a: Charizard|Dragon Claw|p2a: Bill
|-damage|p2a: Bill|15\/394
|move|p2a: Bill|Psychic|p1a: Charizard
|-damage|p1a: Charizard|94\/333
|
|turn|19
|
|switch|p2a: Larry|Zapdos|383\/383
|-ability|p2a: Larry|Pressure
|move|p1a: Charizard|Dragon Claw|p2a: Larry
|-damage|p2a: Larry|14\/383
|
|-heal|p2a: Larry|37\/383|[from] item: Leftovers
|turn|20
|
|move|p1a: Charizard|Dragon Claw|p2a: Larry
|-damage|p2a: Larry|0 fnt
|faint|p2a: Larry
|
|
|switch|p2a: Sebastian|Metagross|135\/301
|turn|21
|
|detailschange|p2a: Sebastian|Metagross-Mega
|message|Metagross has Mega Evolved into Mega Metagross!
|move|p1a: Charizard|Fire Punch|p2a: Sebastian
|-supereffective|p2a: Sebastian
|-damage|p2a: Sebastian|0 fnt
|faint|p2a: Sebastian
|
|
|switch|p2a: Bill|Slowbro, M, shiny|146\/394
|turn|22
|c|âLef Deppard|Gg
|c|âmastermind15|gg
|c|âLef Deppard|well, slowbro walls him normally,and gliscor, and hippowdon 
|
|move|p1a: Charizard|Dragon Claw|p2a: Bill
|-damage|p2a: Bill|0 fnt
|faint|p2a: Bill
|
|win|Lef Deppard
|raw|Ladder updating...
|raw|Lef Deppard's rating: 1626 &rarr; <strong>1643<\/strong><br \/>(+17 for winning)
|raw|mastermind15's rating: 1573 &rarr; <strong>1556<\/strong><br \/>(-17 for losing)
|c|âmastermind15|not at all, lol
|c|âLef Deppard|Cya around man
|c|âmastermind15|with roost and all slow can't wall
|c|âLef Deppard|True
|c|âmastermind15|oh well cya
|c|âLef Deppard|walls EQ variations though
|c|âLef Deppard|cya
|leave|mastermind15
|player|p2