|join|The Goomy
|join|mastermind15
|player|p1|The Goomy|184
|player|p2|mastermind15|33
|gametype|singles
|gen|6
|tier|ORAS OU
|rated
|rule|Sleep Clause Mod: Limit one foe put to sleep
|rule|Species Clause: Limit one of each PokÃ©mon
|rule|OHKO Clause: OHKO moves are banned
|rule|Moody Clause: Moody is banned
|rule|Evasion Moves Clause: Evasion moves are banned
|rule|Endless Battle Clause: Forcing endless battles is banned
|rule|HP Percentage Mod: HP is shown in percentages
|clearpoke
|poke|p1|Heatran, M
|poke|p1|Scizor, M
|poke|p1|Kyurem-Black
|poke|p1|Greninja, M
|poke|p1|Landorus-Therian, M
|poke|p1|Latias, F
|poke|p2|Slowbro, M, shiny
|poke|p2|Gliscor, M
|poke|p2|Amoonguss, F, shiny
|poke|p2|Tyranitar, M
|poke|p2|Zapdos
|poke|p2|Metagross
|rule|Swagger Clause: Swagger is banned
|rule|Baton Pass Clause: Limit one PokÃ©mon knowing Baton Pass
|teampreview
|join|Hyunation
|
|start
|switch|p1a: Craing ;_;|Landorus-Therian, M|379\/379
|switch|p2a: Bill|Slowbro, M, shiny|394\/394
|-ability|p1a: Craing ;_;|Intimidate|[of] p2a: Bill
|-unboost|p2a: Bill|atk|1
|turn|1
|
|move|p1a: Craing ;_;|Stealth Rock|p2a: Bill
|-sidestart|p2: mastermind15|move: Stealth Rock
|move|p2a: Bill|Scald|p1a: Craing ;_;
|-supereffective|p1a: Craing ;_;
|-damage|p1a: Craing ;_;|167\/379
|-status|p1a: Craing ;_;|brn
|
|-heal|p1a: Craing ;_;|190\/379 brn|[from] item: Leftovers
|-damage|p1a: Craing ;_;|143\/379 brn|[from] brn
|turn|2
|
|move|p1a: Craing ;_;|U-turn|p2a: Bill
|-supereffective|p2a: Bill
|-damage|p2a: Bill|344\/394
|
|switch|p1a: Valentine|Greninja, M|285\/285
|move|p2a: Bill|Scald|p1a: Valentine
|-crit|p1a: Valentine
|-resisted|p1a: Valentine
|-damage|p1a: Valentine|195\/285
|
|turn|3
|join|Rocky Helmet Gatr
|
|switch|p2a: Penelope|Amoonguss, F, shiny|432\/432
|-damage|p2a: Penelope|378\/432|[from] Stealth Rock
|move|p1a: Valentine|Spikes|p2a: Penelope
|-start|p1a: Valentine|typechange|Ground|[from] Protean
|-sidestart|p2: mastermind15|Spikes
|
|-heal|p2a: Penelope|405\/432|[from] item: Black Sludge
|turn|4
|join|redbkp
|
|move|p1a: Valentine|Ice Beam|p2a: Penelope
|-start|p1a: Valentine|typechange|Ice|[from] Protean
|-supereffective|p2a: Penelope
|-damage|p2a: Penelope|62\/432
|-damage|p1a: Valentine|167\/285|[from] item: Life Orb
|move|p2a: Penelope|Spore|p1a: Valentine
|-status|p1a: Valentine|slp
|
|-heal|p2a: Penelope|89\/432|[from] item: Black Sludge
|turn|5
|
|switch|p1a: Kyurem-Nog|Kyurem-Black|391\/391
|-ability|p1a: Kyurem-Nog|Teravolt
|switch|p2a: Larry|Zapdos|383\/383
|-damage|p2a: Larry|288\/383|[from] Stealth Rock
|-ability|p2a: Larry|Pressure
|
|-heal|p2a: Larry|311\/383|[from] item: Leftovers
|turn|6
|
|switch|p2a: Sam|Tyranitar, M|341\/341
|-damage|p2a: Sam|299\/341|[from] Stealth Rock
|-damage|p2a: Sam|257\/341|[from] Spikes
|-weather|Sandstorm
|move|p1a: Kyurem-Nog|Ice Beam|p2a: Sam
|-damage|p2a: Sam|212\/341
|
|-weather|Sandstorm|[upkeep]
|-damage|p1a: Kyurem-Nog|367\/391|[from] sandstorm
|turn|7
|
|switch|p1a: Craing ;_;|Landorus-Therian, M|143\/379 brn
|-ability|p1a: Craing ;_;|Intimidate|[of] p2a: Sam
|-unboost|p2a: Sam|atk|1
|move|p2a: Sam|Crunch|p1a: Craing ;_;
|-damage|p1a: Craing ;_;|62\/379 brn
|
|-weather|Sandstorm|[upkeep]
|-heal|p1a: Craing ;_;|85\/379 brn|[from] item: Leftovers
|-damage|p1a: Craing ;_;|38\/379 brn|[from] brn
|turn|8
|join|Skybonez
|
|switch|p2a: Ivan|Gliscor, M|352\/352
|-damage|p2a: Ivan|308\/352|[from] Stealth Rock
|move|p1a: Craing ;_;|U-turn|p2a: Ivan
|-resisted|p2a: Ivan
|-damage|p2a: Ivan|295\/352
|
|switch|p1a: Kyurem-Nog|Kyurem-Black|367\/391
|-ability|p1a: Kyurem-Nog|Teravolt
|
|-weather|Sandstorm|[upkeep]
|-damage|p1a: Kyurem-Nog|343\/391|[from] sandstorm
|-status|p2a: Ivan|tox|[from] item: Toxic Orb
|turn|9
|join|QueenOfLuvdiscs
|
|switch|p2a: Sam|Tyranitar, M|212\/341
|-damage|p2a: Sam|170\/341|[from] Stealth Rock
|-damage|p2a: Sam|128\/341|[from] Spikes
|move|p1a: Kyurem-Nog|Ice Beam|p2a: Sam
|-damage|p2a: Sam|85\/341
|-status|p2a: Sam|frz
|
|-weather|Sandstorm|[upkeep]
|-damage|p1a: Kyurem-Nog|319\/391|[from] sandstorm
|turn|10
|
|move|p1a: Kyurem-Nog|Ice Beam|p2a: Sam
|-damage|p2a: Sam|43\/341 frz
|-curestatus|p2a: Sam|frz
|move|p2a: Sam|Rock Slide|p1a: Kyurem-Nog
|-supereffective|p1a: Kyurem-Nog
|-damage|p1a: Kyurem-Nog|41\/391
|
|-weather|none
|turn|11
|
|move|p2a: Sam|Pursuit|p1a: Kyurem-Nog|[from]Pursuit
|-damage|p1a: Kyurem-Nog|0 fnt
|faint|p1a: Kyurem-Nog
|
|
|switch|p1a: Mob Barley|Latias, F|301\/301
|turn|12
|
|move|p1a: Mob Barley|Healing Wish|p1a: Mob Barley
|faint|p1a: Mob Barley
|move|p2a: Sam|Crunch|p1: Mob Barley|[notarget]
|-notarget
|
|
|switch|p1a: Valentine|Greninja, M|167\/285 slp
|-heal|p1a: Valentine|285\/285|[from] move: Healing Wish
|turn|13
|join|Ill leave
|
|move|p1a: Valentine|Hydro Pump|p2a: Sam
|-start|p1a: Valentine|typechange|Water|[from] Protean
|-supereffective|p2a: Sam
|-damage|p2a: Sam|0 fnt
|-damage|p1a: Valentine|257\/285|[from] item: Life Orb
|faint|p2a: Sam
|
|c| Rocky Helmet Gatr|nice checks for GREmeanie
|join|TheCanadianWifier
|leave|Ill leave
|join|Ill leave
|leave|Skybonez
|
|switch|p2a: Penelope|Amoonguss, F, shiny|233\/432
|-damage|p2a: Penelope|179\/432|[from] Spikes
|-damage|p2a: Penelope|125\/432|[from] Stealth Rock
|turn|14
|
|switch|p2a: Sebastian|Metagross|301\/301
|-damage|p2a: Sebastian|283\/301|[from] Stealth Rock
|-damage|p2a: Sebastian|246\/301|[from] Spikes
|move|p1a: Valentine|Dark Pulse|p2a: Sebastian
|-start|p1a: Valentine|typechange|Dark|[from] Protean
|-crit|p2a: Sebastian
|-supereffective|p2a: Sebastian
|-damage|p2a: Sebastian|0 fnt
|-damage|p1a: Valentine|229\/285|[from] item: Life Orb
|faint|p2a: Sebastian
|
|
|switch|p2a: Bill|Slowbro, M, shiny|394\/394
|-damage|p2a: Bill|345\/394|[from] Stealth Rock
|-damage|p2a: Bill|296\/394|[from] Spikes
|turn|15
|
|move|p1a: Valentine|Dark Pulse|p2a: Bill
|-supereffective|p2a: Bill
|-damage|p2a: Bill|36\/394
|-damage|p1a: Valentine|201\/285|[from] item: Life Orb
|cant|p2a: Bill|flinch
|
|turn|16
|c|âmastermind15|wow
|
|move|p1a: Valentine|Ice Beam|p2a: Bill
|-start|p1a: Valentine|typechange|Ice|[from] Protean
|-resisted|p2a: Bill
|-damage|p2a: Bill|0 fnt
|-damage|p1a: Valentine|173\/285|[from] item: Life Orb
|faint|p2a: Bill
|
|
|switch|p2a: Larry|Zapdos|311\/383
|-damage|p2a: Larry|216\/383|[from] Stealth Rock
|-ability|p2a: Larry|Pressure
|turn|17
|
|move|p1a: Valentine|Ice Beam|p2a: Larry
|-supereffective|p2a: Larry
|-damage|p2a: Larry|0 fnt
|-damage|p1a: Valentine|145\/285|[from] item: Life Orb
|faint|p2a: Larry
|
|-message|mastermind15 forfeited.
|
|win|The Goomy
|raw|Ladder updating...
|leave|mastermind15
|player|p2
|leave|Hyunation
|raw|The Goomy's rating: 1570 &rarr; <strong>1590<\/strong><br \/>(+20 for winning)
|raw|mastermind15's rating: 1576 &rarr; <strong>1556<\/strong><br \/>(-20 for losing)