|join|Reverb
|join|mastermind15
|player|p1|Reverb|#reverb
|player|p2|mastermind15|33
|gametype|singles
|gen|6
|tier|ORAS OU
|rated
|rule|Sleep Clause Mod: Limit one foe put to sleep
|rule|Species Clause: Limit one of each PokÃ©mon
|rule|OHKO Clause: OHKO moves are banned
|rule|Moody Clause: Moody is banned
|rule|Evasion Moves Clause: Evasion moves are banned
|rule|Endless Battle Clause: Forcing endless battles is banned
|rule|HP Percentage Mod: HP is shown in percentages
|clearpoke
|poke|p1|Landorus-Therian, M
|poke|p1|Conkeldurr, F
|poke|p1|Magnezone
|poke|p1|Azumarill, F
|poke|p1|Salamence, F
|poke|p1|Empoleon, F
|poke|p2|Slowbro, M, shiny
|poke|p2|Gliscor, M
|poke|p2|Amoonguss, F, shiny
|poke|p2|Tyranitar, M
|poke|p2|Zapdos
|poke|p2|Metagross
|rule|Swagger Clause: Swagger is banned
|rule|Baton Pass Clause: Limit one PokÃ©mon knowing Baton Pass
|teampreview
|join|rubencrack15
|
|start
|switch|p1a: Empoleon|Empoleon, F|371\/371
|switch|p2a: Larry|Zapdos|383\/383
|-ability|p2a: Larry|Pressure
|turn|1
|join|Uh Huh Her
|
|switch|p1a: Conkeldurr|Conkeldurr, F|365\/365
|move|p2a: Larry|Thunderbolt|p1a: Conkeldurr
|-crit|p1a: Conkeldurr
|-damage|p1a: Conkeldurr|214\/365
|
|turn|2
|
|switch|p2a: Bill|Slowbro, M, shiny|394\/394
|move|p1a: Conkeldurr|Knock Off|p2a: Bill
|-supereffective|p2a: Bill
|-damage|p2a: Bill|214\/394
|-enditem|p2a: Bill|Assault Vest|[from] move: Knock Off|[of] p1a: Conkeldurr
|
|turn|3
|
|switch|p1a: Empoleon|Empoleon, F|371\/371
|switch|p2a: Larry|Zapdos|383\/383
|-ability|p2a: Larry|Pressure
|
|turn|4
|
|switch|p1a: Magnezone|Magnezone|282\/282
|move|p2a: Larry|Thunderbolt|p1a: Magnezone
|-crit|p1a: Magnezone
|-resisted|p1a: Magnezone
|-damage|p1a: Magnezone|174\/282
|
|turn|5
|
|switch|p1a: Empoleon|Empoleon, F|371\/371
|move|p2a: Larry|Roost|p2a: Larry
|-fail|p2a: Larry
|
|turn|6
|
|switch|p1a: Landorus-Therian|Landorus-Therian, M|327\/327
|-ability|p1a: Landorus-Therian|Intimidate|[of] p2a: Larry
|-unboost|p2a: Larry|atk|1
|move|p2a: Larry|Thunderbolt|p1a: Landorus-Therian
|-immune|p1a: Landorus-Therian|[msg]
|
|turn|7
|
|switch|p2a: Ivan|Gliscor, M|352\/352
|move|p1a: Landorus-Therian|Stone Edge|p2a: Ivan|[miss]
|-miss|p1a: Landorus-Therian|p2a: Ivan
|
|-status|p2a: Ivan|tox|[from] item: Toxic Orb
|turn|8
|
|switch|p1a: Empoleon|Empoleon, F|371\/371
|move|p2a: Ivan|Earthquake|p1a: Empoleon
|-crit|p1a: Empoleon
|-supereffective|p1a: Empoleon
|-damage|p1a: Empoleon|77\/371
|
|-heal|p1a: Empoleon|100\/371|[from] item: Leftovers
|turn|9
|
|switch|p1a: Salamence|Salamence, F|331\/331
|-ability|p1a: Salamence|Intimidate|[of] p2a: Ivan
|-unboost|p2a: Ivan|atk|1
|move|p2a: Ivan|Earthquake|p1a: Salamence
|-immune|p1a: Salamence|[msg]
|
|turn|10
|join|Funnelby
|
|switch|p1a: Conkeldurr|Conkeldurr, F|214\/365
|move|p2a: Ivan|Taunt|p1a: Conkeldurr
|-start|p1a: Conkeldurr|move: Taunt
|
|turn|11
|
|switch|p2a: Bill|Slowbro, M, shiny|345\/394
|switch|p1a: Salamence|Salamence, F|331\/331
|-ability|p1a: Salamence|Intimidate|[of] p2a: Bill
|-unboost|p2a: Bill|atk|1
|
|turn|12
|
|switch|p1a: Empoleon|Empoleon, F|100\/371
|switch|p2a: Larry|Zapdos|383\/383
|-ability|p2a: Larry|Pressure
|
|-heal|p1a: Empoleon|123\/371|[from] item: Leftovers
|turn|13
|join|THEMANWHOLAUGHS
|
|switch|p1a: Landorus-Therian|Landorus-Therian, M|327\/327
|-ability|p1a: Landorus-Therian|Intimidate|[of] p2a: Larry
|-unboost|p2a: Larry|atk|1
|move|p2a: Larry|Thunderbolt|p1a: Landorus-Therian
|-immune|p1a: Landorus-Therian|[msg]
|
|turn|14
|leave|rubencrack15
|join|vapporeon
|
|switch|p1a: Azumarill|Azumarill, F|349\/349
|switch|p2a: Ivan|Gliscor, M|352\/352 tox
|
|turn|15
|
|switch|p2a: Penelope|Amoonguss, F, shiny|432\/432
|switch|p1a: Empoleon|Empoleon, F|123\/371
|
|-heal|p1a: Empoleon|146\/371|[from] item: Leftovers
|turn|16
|join|LT8G dTM
|
|switch|p2a: Larry|Zapdos|383\/383
|-ability|p2a: Larry|Pressure
|move|p1a: Empoleon|Stealth Rock|p2a: Larry
|-sidestart|p2: mastermind15|move: Stealth Rock
|
|-heal|p1a: Empoleon|169\/371|[from] item: Leftovers
|turn|17
|
|move|p2a: Larry|Defog|p1a: Empoleon
|-unboost|p1a: Empoleon|evasion|1
|-sideend|p2: mastermind15|Stealth Rock|[from] move: Defog|[of] p2a: Larry
|move|p1a: Empoleon|Scald|p2a: Larry
|-damage|p2a: Larry|271\/383
|-status|p2a: Larry|brn
|
|-heal|p2a: Larry|294\/383 brn|[from] item: Leftovers
|-heal|p1a: Empoleon|192\/371|[from] item: Leftovers
|-damage|p2a: Larry|247\/383 brn|[from] brn
|turn|18
|
|switch|p1a: Landorus-Therian|Landorus-Therian, M|327\/327
|-ability|p1a: Landorus-Therian|Intimidate|[of] p2a: Larry
|-unboost|p2a: Larry|atk|1
|move|p2a: Larry|Thunderbolt|p1a: Landorus-Therian
|-immune|p1a: Landorus-Therian|[msg]
|
|-heal|p2a: Larry|270\/383 brn|[from] item: Leftovers
|-damage|p2a: Larry|223\/383 brn|[from] brn
|turn|19
|
|switch|p2a: Ivan|Gliscor, M|352\/352 tox
|move|p1a: Landorus-Therian|Stone Edge|p2a: Ivan
|-damage|p2a: Ivan|265\/352 tox
|
|-heal|p2a: Ivan|309\/352 tox|[from] ability: Poison Heal
|turn|20
|join|Cienight
|join|I ABR I
|
|switch|p1a: Empoleon|Empoleon, F|192\/371
|move|p2a: Ivan|Toxic|p1a: Empoleon
|-fail|p1a: Empoleon
|
|-heal|p1a: Empoleon|215\/371|[from] item: Leftovers
|-heal|p2a: Ivan|352\/352 tox|[from] ability: Poison Heal
|turn|21
|
|move|p2a: Ivan|Earthquake|p1a: Empoleon
|-supereffective|p1a: Empoleon
|-damage|p1a: Empoleon|21\/371
|move|p1a: Empoleon|Stealth Rock|p2a: Ivan
|-sidestart|p2: mastermind15|move: Stealth Rock
|
|-heal|p1a: Empoleon|44\/371|[from] item: Leftovers
|turn|22
|
|switch|p1a: Salamence|Salamence, F|331\/331
|-ability|p1a: Salamence|Intimidate|[of] p2a: Ivan
|-unboost|p2a: Ivan|atk|1
|move|p2a: Ivan|Earthquake|p1a: Salamence
|-immune|p1a: Salamence|[msg]
|
|turn|23
|
|detailschange|p1a: Salamence|Salamence-Mega, F
|message|Salamence has Mega Evolved into Mega Salamence!
|move|p1a: Salamence|Substitute|p1a: Salamence
|-start|p1a: Salamence|Substitute
|-damage|p1a: Salamence|249\/331
|move|p2a: Ivan|Toxic|p1a: Salamence
|
|turn|24
|c| I ABR I|gg
|
|move|p1a: Salamence|Dragon Dance|p1a: Salamence
|-boost|p1a: Salamence|atk|1
|-boost|p1a: Salamence|spe|1
|move|p2a: Ivan|Taunt|p1a: Salamence
|-start|p1a: Salamence|move: Taunt
|
|turn|25
|c| THEMANWHOLAUGHS|the lord set is here
|join|Super Alv
|c| Cienight|the fgt set
|c| Cienight|you mean
|c|âReverb|lel
|c| THEMANWHOLAUGHS|same-same
|c| I ABR I|its not even the best
|c| Cienight|hi reverb
|c| I ABR I|roost refresh is better
|c| Cienight|<3
|c| Cienight|this set is far better
|c| Cienight|roost refresh is the least
|c| Cienight|mix mence > refresh mence
|c| THEMANWHOLAUGHS|the ability to have a sub take a hit turns a mon who could have revenged into another casualty
|
|switch|p2a: Larry|Zapdos|223\/383 brn
|-damage|p2a: Larry|128\/383 brn|[from] Stealth Rock
|-ability|p2a: Larry|Pressure
|move|p1a: Salamence|Frustration|p2a: Larry
|-resisted|p2a: Larry
|-damage|p2a: Larry|0 fnt
|faint|p2a: Larry
|
|join|Evuelf
|
|switch|p2a: Sam|Tyranitar, M|341\/341
|-damage|p2a: Sam|299\/341|[from] Stealth Rock
|-weather|Sandstorm
|turn|26
|
|move|p1a: Salamence|Earthquake|p2a: Sam
|-supereffective|p2a: Sam
|-damage|p2a: Sam|0 fnt
|faint|p2a: Sam
|
|-weather|Sandstorm|[upkeep]
|-damage|p1a: Salamence|229\/331|[from] sandstorm
|c| I ABR I|oh he thinks he doesnt have eq
|-message|mastermind15 forfeited.
|
|win|Reverb
|raw|Ladder updating...
|leave|mastermind15
|player|p2
|raw|Reverb's rating: 1688 &rarr; <strong>1697<\/strong><br \/>(+9 for winning)
|raw|mastermind15's rating: 1482 &rarr; <strong>1473<\/strong><br \/>(-9 for losing)