|join|mastermind15
|join|56iygulkg77
|player|p1|mastermind15|33
|player|p2|56iygulkg77|101
|gametype|singles
|gen|6
|tier|ORAS OU
|rule|Sleep Clause Mod: Limit one foe put to sleep
|rule|Species Clause: Limit one of each PokÃ©mon
|rule|OHKO Clause: OHKO moves are banned
|rule|Moody Clause: Moody is banned
|rule|Evasion Moves Clause: Evasion moves are banned
|rule|Endless Battle Clause: Forcing endless battles is banned
|rule|HP Percentage Mod: HP is shown in percentages
|clearpoke
|poke|p1|Slowbro, M, shiny
|poke|p1|Gliscor, M
|poke|p1|Amoonguss, F, shiny
|poke|p1|Tyranitar, M
|poke|p1|Zapdos
|poke|p1|Metagross
|poke|p2|Garchomp, F
|poke|p2|Latias, F
|poke|p2|Magnezone
|poke|p2|Rotom-Wash
|poke|p2|Toxicroak, F
|poke|p2|Starmie
|rule|Swagger Clause: Swagger is banned
|rule|Baton Pass Clause: Limit one PokÃ©mon knowing Baton Pass
|teampreview
|c|âmastermind15|lol croagunk?!
|c|âmastermind15|without rain!
|c|â56iygulkg77|yeah
|c|âmastermind15|alright...
|
|start
|switch|p1a: Penelope|Amoonguss, F, shiny|432\/432
|switch|p2a: Garchomp|Garchomp, F|357\/357
|turn|1
|
|switch|p2a: Starmie|Starmie|323\/323
|move|p1a: Penelope|Spore|p2a: Starmie
|-status|p2a: Starmie|slp
|
|turn|2
|
|switch|p2a: Magnezone|Magnezone|281\/281
|move|p1a: Penelope|Spore|p2a: Magnezone
|-status|p2a: Magnezone|slp
|
|turn|3
|
|switch|p2a: Starmie|Starmie|323\/323
|switch|p1a: Ivan|Gliscor, M|352\/352
|
|-status|p1a: Ivan|tox|[from] item: Toxic Orb
|turn|4
|
|switch|p1a: Sam|Tyranitar, M|341\/341
|-weather|Sandstorm
|move|p2a: Starmie|Scald|p1a: Sam
|-supereffective|p1a: Sam
|-damage|p1a: Sam|273\/341
|-status|p1a: Sam|brn
|
|-weather|Sandstorm|[upkeep]
|-damage|p2a: Starmie|303\/323|[from] sandstorm
|-heal|p2a: Starmie|323\/323|[from] item: Leftovers
|-damage|p1a: Sam|231\/341 brn|[from] brn
|turn|5
|
|move|p2a: Starmie|Reflect Type|p1a: Sam
|-start|p2a: Starmie|typechange|[from] move: Reflect Type|[of] p1a: Sam
|move|p1a: Sam|Crunch|p2a: Starmie
|-resisted|p2a: Starmie
|-damage|p2a: Starmie|278\/323
|
|-weather|Sandstorm|[upkeep]
|-heal|p2a: Starmie|298\/323|[from] item: Leftovers
|-damage|p1a: Sam|189\/341 brn|[from] brn
|turn|6
|
|move|p2a: Starmie|Scald|p1a: Sam
|-supereffective|p1a: Sam
|-damage|p1a: Sam|145\/341 brn
|move|p1a: Sam|Superpower|p2a: Starmie
|-supereffective|p2a: Starmie
|-damage|p2a: Starmie|0 fnt
|-unboost|p1a: Sam|atk|1
|-unboost|p1a: Sam|def|1
|faint|p2a: Starmie
|
|-weather|Sandstorm|[upkeep]
|-damage|p1a: Sam|103\/341 brn|[from] brn
|
|switch|p2a: Toxicroak|Toxicroak, F|307\/307
|turn|7
|
|switch|p1a: Bill|Slowbro, M, shiny|394\/394
|move|p2a: Toxicroak|Drain Punch|p1a: Bill
|-resisted|p1a: Bill
|-damage|p1a: Bill|336\/394
|-damage|p2a: Toxicroak|277\/307|[from] item: Life Orb
|
|-weather|Sandstorm|[upkeep]
|-damage|p2a: Toxicroak|258\/307|[from] sandstorm
|-damage|p1a: Bill|312\/394|[from] sandstorm
|turn|8
|
|switch|p2a: Magnezone|Magnezone|281\/281 slp
|move|p1a: Bill|Scald|p2a: Magnezone
|-damage|p2a: Magnezone|178\/281 slp
|
|-weather|none
|turn|9
|
|switch|p2a: Rotom-Wash|Rotom-Wash|303\/303
|move|p1a: Bill|Fire Blast|p2a: Rotom-Wash
|-resisted|p2a: Rotom-Wash
|-damage|p2a: Rotom-Wash|264\/303
|
|turn|10
|
|switch|p1a: Penelope|Amoonguss, F, shiny|432\/432
|move|p2a: Rotom-Wash|Hydro Pump|p1a: Penelope
|-resisted|p1a: Penelope
|-damage|p1a: Penelope|373\/432
|
|-heal|p1a: Penelope|400\/432|[from] item: Black Sludge
|turn|11
|
|move|p2a: Rotom-Wash|Volt Switch|p1a: Penelope
|-resisted|p1a: Penelope
|-damage|p1a: Penelope|360\/432
|
|switch|p2a: Latias|Latias, F|363\/363
|move|p1a: Penelope|Giga Drain|p2a: Latias
|-resisted|p2a: Latias
|-damage|p2a: Latias|334\/363
|-heal|p1a: Penelope|375\/432|[from] drain|[of] p2a: Latias
|
|-heal|p1a: Penelope|402\/432|[from] item: Black Sludge
|turn|12
|
|switch|p1a: Sam|Tyranitar, M|103\/341 brn
|-weather|Sandstorm
|detailschange|p2a: Latias|Latias-Mega, F
|message|Latias has Mega Evolved into Mega Latias!
|move|p2a: Latias|Calm Mind|p2a: Latias
|-boost|p2a: Latias|spa|1
|-boost|p2a: Latias|spd|1
|
|-weather|Sandstorm|[upkeep]
|-damage|p2a: Latias|312\/363|[from] sandstorm
|-damage|p1a: Sam|61\/341 brn|[from] brn
|turn|13
|
|switch|p1a: Sebastian|Metagross|301\/301
|move|p2a: Latias|Surf|p1a: Sebastian
|-damage|p1a: Sebastian|160\/301
|
|-weather|Sandstorm|[upkeep]
|-damage|p2a: Latias|290\/363|[from] sandstorm
|turn|14
|
|detailschange|p1a: Sebastian|Metagross-Mega
|message|Metagross has Mega Evolved into Mega Metagross!
|move|p1a: Sebastian|Ice Punch|p2a: Latias
|-supereffective|p2a: Latias
|-damage|p2a: Latias|114\/363
|move|p2a: Latias|Surf|p1a: Sebastian
|-damage|p1a: Sebastian|29\/301
|
|-weather|Sandstorm|[upkeep]
|-damage|p2a: Latias|92\/363|[from] sandstorm
|turn|15
|
|switch|p1a: Bill|Slowbro, M, shiny|394\/394
|switch|p2a: Rotom-Wash|Rotom-Wash|264\/303
|
|-weather|Sandstorm|[upkeep]
|-damage|p2a: Rotom-Wash|246\/303|[from] sandstorm
|-damage|p1a: Bill|370\/394|[from] sandstorm
|turn|16
|
|switch|p1a: Sam|Tyranitar, M|61\/341 brn
|move|p2a: Rotom-Wash|Will-O-Wisp|p1a: Sam
|-fail|p1a: Sam|brn
|
|-weather|none
|-damage|p1a: Sam|19\/341 brn|[from] brn
|turn|17
|
|switch|p1a: Penelope|Amoonguss, F, shiny|432\/432
|move|p2a: Rotom-Wash|Volt Switch|p1a: Penelope
|-resisted|p1a: Penelope
|-damage|p1a: Penelope|397\/432
|
|switch|p2a: Latias|Latias-Mega, F|92\/363
|
|-heal|p1a: Penelope|424\/432|[from] item: Black Sludge
|turn|18
|
|move|p2a: Latias|Roost|p2a: Latias
|-heal|p2a: Latias|274\/363
|move|p1a: Penelope|Clear Smog|p2a: Latias
|-damage|p2a: Latias|238\/363
|-clearboost|p2a: Latias
|
|-heal|p1a: Penelope|432\/432|[from] item: Black Sludge
|turn|19
|
|move|p2a: Latias|Surf|p1a: Penelope
|-resisted|p1a: Penelope
|-damage|p1a: Penelope|392\/432
|move|p1a: Penelope|Clear Smog|p2a: Latias
|-damage|p2a: Latias|202\/363
|-clearboost|p2a: Latias
|
|-heal|p1a: Penelope|419\/432|[from] item: Black Sludge
|turn|20
|
|move|p2a: Latias|Roost|p2a: Latias
|-heal|p2a: Latias|363\/363
|move|p1a: Penelope|Clear Smog|p2a: Latias
|-damage|p2a: Latias|329\/363
|-clearboost|p2a: Latias
|
|-heal|p1a: Penelope|432\/432|[from] item: Black Sludge
|turn|21
|
|move|p2a: Latias|Calm Mind|p2a: Latias
|-boost|p2a: Latias|spa|1
|-boost|p2a: Latias|spd|1
|move|p1a: Penelope|Clear Smog|p2a: Latias
|-damage|p2a: Latias|302\/363
|-clearboost|p2a: Latias
|
|turn|22
|
|move|p2a: Latias|Calm Mind|p2a: Latias
|-boost|p2a: Latias|spa|1
|-boost|p2a: Latias|spd|1
|move|p1a: Penelope|Foul Play|p2a: Latias
|-supereffective|p2a: Latias
|-damage|p2a: Latias|234\/363
|
|turn|23
|
|move|p2a: Latias|Stored Power|p1a: Penelope
|-supereffective|p1a: Penelope
|-damage|p1a: Penelope|184\/432
|move|p1a: Penelope|Clear Smog|p2a: Latias
|-damage|p2a: Latias|210\/363
|-clearboost|p2a: Latias
|
|-heal|p1a: Penelope|211\/432|[from] item: Black Sludge
|turn|24
|
|switch|p1a: Ivan|Gliscor, M|352\/352 tox
|move|p2a: Latias|Roost|p2a: Latias
|-heal|p2a: Latias|363\/363
|
|turn|25
|
|switch|p2a: Rotom-Wash|Rotom-Wash|246\/303
|move|p1a: Ivan|Toxic|p2a: Rotom-Wash
|-status|p2a: Rotom-Wash|tox
|
|-damage|p2a: Rotom-Wash|228\/303 tox|[from] psn
|turn|26
|
|switch|p1a: Sam|Tyranitar, M|19\/341 brn
|-weather|Sandstorm
|move|p2a: Rotom-Wash|Hydro Pump|p1a: Sam
|-crit|p1a: Sam
|-supereffective|p1a: Sam
|-damage|p1a: Sam|0 fnt
|faint|p1a: Sam
|
|-weather|Sandstorm|[upkeep]
|-damage|p2a: Rotom-Wash|210\/303 tox|[from] sandstorm
|-damage|p2a: Rotom-Wash|174\/303 tox|[from] psn
|
|switch|p1a: Penelope|Amoonguss, F, shiny|355\/432
|turn|27
|
|move|p2a: Rotom-Wash|Volt Switch|p1a: Penelope
|-resisted|p1a: Penelope
|-damage|p1a: Penelope|319\/432
|
|switch|p2a: Toxicroak|Toxicroak, F|258\/307
|move|p1a: Penelope|Giga Drain|p2a: Toxicroak
|-resisted|p2a: Toxicroak
|-damage|p2a: Toxicroak|205\/307
|-heal|p1a: Penelope|346\/432|[from] drain|[of] p2a: Toxicroak
|
|-weather|Sandstorm|[upkeep]
|-damage|p2a: Toxicroak|186\/307|[from] sandstorm
|-damage|p1a: Penelope|319\/432|[from] sandstorm
|-heal|p1a: Penelope|346\/432|[from] item: Black Sludge
|turn|28
|
|switch|p1a: Bill|Slowbro, M, shiny|394\/394
|move|p2a: Toxicroak|Swords Dance|p2a: Toxicroak
|-boost|p2a: Toxicroak|atk|2
|
|-weather|Sandstorm|[upkeep]
|-damage|p2a: Toxicroak|167\/307|[from] sandstorm
|-damage|p1a: Bill|370\/394|[from] sandstorm
|turn|29
|
|move|p2a: Toxicroak|Gunk Shot|p1a: Bill
|-damage|p1a: Bill|35\/394
|-status|p1a: Bill|psn
|-damage|p2a: Toxicroak|137\/307|[from] item: Life Orb
|move|p1a: Bill|Psychic|p2a: Toxicroak
|-supereffective|p2a: Toxicroak
|-damage|p2a: Toxicroak|0 fnt
|faint|p2a: Toxicroak
|
|-weather|Sandstorm|[upkeep]
|-damage|p1a: Bill|11\/394 psn|[from] sandstorm
|-damage|p1a: Bill|0 fnt|[from] psn
|faint|p1a: Bill
|
|switch|p1a: Sebastian|Metagross-Mega|29\/301
|switch|p2a: Rotom-Wash|Rotom-Wash|174\/303 tox
|turn|30
|
|move|p1a: Sebastian|Zen Headbutt|p2a: Rotom-Wash
|-damage|p2a: Rotom-Wash|30\/303 tox
|move|p2a: Rotom-Wash|Will-O-Wisp|p1a: Sebastian
|-status|p1a: Sebastian|brn
|
|-weather|none
|-damage|p1a: Sebastian|0 fnt|[from] brn
|-damage|p2a: Rotom-Wash|12\/303 tox|[from] psn
|faint|p1a: Sebastian
|
|switch|p1a: Larry|Zapdos|383\/383
|-ability|p1a: Larry|Pressure
|turn|31
|
|switch|p1a: Ivan|Gliscor, M|352\/352 tox
|switch|p2a: Garchomp|Garchomp, F|357\/357
|
|turn|32
|
|move|p2a: Garchomp|Stealth Rock|p1a: Ivan
|-sidestart|p1: mastermind15|move: Stealth Rock
|move|p1a: Ivan|Toxic|p2a: Garchomp
|-status|p2a: Garchomp|tox
|
|-damage|p2a: Garchomp|335\/357 tox|[from] psn
|turn|33
|
|move|p2a: Garchomp|Fire Blast|p1a: Ivan
|-damage|p1a: Ivan|259\/352 tox
|move|p1a: Ivan|Earthquake|p2a: Garchomp
|-damage|p2a: Garchomp|209\/357 tox
|
|-damage|p2a: Garchomp|165\/357 tox|[from] psn
|-heal|p1a: Ivan|303\/352 tox|[from] ability: Poison Heal
|turn|34
|
|move|p2a: Garchomp|Fire Blast|p1a: Ivan|[miss]
|-miss|p2a: Garchomp|p1a: Ivan
|move|p1a: Ivan|Earthquake|p2a: Garchomp
|-damage|p2a: Garchomp|35\/357 tox
|
|-damage|p2a: Garchomp|0 fnt|[from] psn
|-heal|p1a: Ivan|347\/352 tox|[from] ability: Poison Heal
|faint|p2a: Garchomp
|
|switch|p2a: Rotom-Wash|Rotom-Wash|12\/303 tox
|turn|35
|
|switch|p1a: Penelope|Amoonguss, F, shiny|432\/432
|-damage|p1a: Penelope|378\/432|[from] Stealth Rock
|move|p2a: Rotom-Wash|Rest|p2a: Rotom-Wash
|-status|p2a: Rotom-Wash|slp
|-heal|p2a: Rotom-Wash|303\/303 slp|[silent]
|-status|p2a: Rotom-Wash|slp|[from] move: Rest
|-enditem|p2a: Rotom-Wash|Chesto Berry|[eat]
|-curestatus|p2a: Rotom-Wash|slp
|
|-heal|p1a: Penelope|405\/432|[from] item: Black Sludge
|turn|36
|
|switch|p1a: Larry|Zapdos|383\/383
|-damage|p1a: Larry|288\/383|[from] Stealth Rock
|-ability|p1a: Larry|Pressure
|move|p2a: Rotom-Wash|Hydro Pump|p1a: Larry
|-damage|p1a: Larry|141\/383
|
|-heal|p1a: Larry|164\/383|[from] item: Leftovers
|turn|37
|
|move|p1a: Larry|Defog|p2a: Rotom-Wash
|-unboost|p2a: Rotom-Wash|evasion|1
|-sideend|p1: mastermind15|Stealth Rock|[from] move: Defog|[of] p1a: Larry
|move|p2a: Rotom-Wash|Volt Switch|p1a: Larry
|-damage|p1a: Larry|67\/383
|
|switch|p2a: Latias|Latias-Mega, F|363\/363
|
|-heal|p1a: Larry|90\/383|[from] item: Leftovers
|turn|38
|
|switch|p1a: Ivan|Gliscor, M|347\/352 tox
|move|p2a: Latias|Calm Mind|p2a: Latias
|-boost|p2a: Latias|spa|1
|-boost|p2a: Latias|spd|1
|
|-heal|p1a: Ivan|352\/352 tox|[from] ability: Poison Heal
|turn|39
|
|move|p2a: Latias|Surf|p1a: Ivan
|-supereffective|p1a: Ivan
|-damage|p1a: Ivan|12\/352 tox
|move|p1a: Ivan|Toxic|p2a: Latias
|-status|p2a: Latias|tox
|
|-damage|p2a: Latias|341\/363 tox|[from] psn
|-heal|p1a: Ivan|56\/352 tox|[from] ability: Poison Heal
|turn|40
|
|switch|p1a: Larry|Zapdos|90\/383
|-ability|p1a: Larry|Pressure
|move|p2a: Latias|Surf|p1a: Larry
|-crit|p1a: Larry
|-damage|p1a: Larry|0 fnt
|faint|p1a: Larry
|
|-damage|p2a: Latias|297\/363 tox|[from] psn
|
|switch|p1a: Penelope|Amoonguss, F, shiny|432\/432
|turn|41
|
|move|p2a: Latias|Stored Power|p1a: Penelope
|-supereffective|p1a: Penelope
|-damage|p1a: Penelope|202\/432
|move|p1a: Penelope|Clear Smog|p2a: Latias
|-damage|p2a: Latias|270\/363 tox
|-clearboost|p2a: Latias
|
|-heal|p1a: Penelope|229\/432|[from] item: Black Sludge
|-damage|p2a: Latias|204\/363 tox|[from] psn
|turn|42
|
|move|p2a: Latias|Roost|p2a: Latias
|-heal|p2a: Latias|363\/363 tox
|move|p1a: Penelope|Foul Play|p2a: Latias
|-supereffective|p2a: Latias
|-damage|p2a: Latias|291\/363 tox
|
|-heal|p1a: Penelope|256\/432|[from] item: Black Sludge
|-damage|p2a: Latias|203\/363 tox|[from] psn
|turn|43
|
|switch|p2a: Rotom-Wash|Rotom-Wash|303\/303
|move|p1a: Penelope|Foul Play|p2a: Rotom-Wash
|-damage|p2a: Rotom-Wash|274\/303
|
|-heal|p1a: Penelope|283\/432|[from] item: Black Sludge
|turn|44
|
|move|p2a: Rotom-Wash|Will-O-Wisp|p1a: Penelope|[miss]
|-miss|p2a: Rotom-Wash|p1a: Penelope
|move|p1a: Penelope|Giga Drain|p2a: Rotom-Wash
|-supereffective|p2a: Rotom-Wash
|-damage|p2a: Rotom-Wash|124\/303
|-heal|p1a: Penelope|358\/432|[from] drain|[of] p2a: Rotom-Wash
|
|-heal|p1a: Penelope|385\/432|[from] item: Black Sludge
|turn|45
|
|move|p2a: Rotom-Wash|Will-O-Wisp|p1a: Penelope
|-status|p1a: Penelope|brn
|move|p1a: Penelope|Giga Drain|p2a: Rotom-Wash
|-supereffective|p2a: Rotom-Wash
|-damage|p2a: Rotom-Wash|0 fnt
|-heal|p1a: Penelope|432\/432 brn|[from] drain|[of] p2a: Rotom-Wash
|faint|p2a: Rotom-Wash
|
|-damage|p1a: Penelope|378\/432 brn|[from] brn
|
|switch|p2a: Latias|Latias-Mega, F|203\/363 tox
|turn|46
|
|move|p2a: Latias|Roost|p2a: Latias
|-heal|p2a: Latias|363\/363 tox
|move|p1a: Penelope|Clear Smog|p2a: Latias
|-damage|p2a: Latias|326\/363 tox
|-clearboost|p2a: Latias
|
|-heal|p1a: Penelope|405\/432 brn|[from] item: Black Sludge
|-damage|p2a: Latias|304\/363 tox|[from] psn
|-damage|p1a: Penelope|351\/432 brn|[from] brn
|turn|47
|
|move|p2a: Latias|Stored Power|p1a: Penelope
|-supereffective|p1a: Penelope
|-damage|p1a: Penelope|291\/432 brn
|move|p1a: Penelope|Clear Smog|p2a: Latias
|-damage|p2a: Latias|265\/363 tox
|-clearboost|p2a: Latias
|
|-heal|p1a: Penelope|318\/432 brn|[from] item: Black Sludge
|-damage|p2a: Latias|221\/363 tox|[from] psn
|-damage|p1a: Penelope|264\/432 brn|[from] brn
|turn|48
|
|move|p2a: Latias|Roost|p2a: Latias
|-heal|p2a: Latias|363\/363 tox
|move|p1a: Penelope|Clear Smog|p2a: Latias
|-damage|p2a: Latias|326\/363 tox
|-clearboost|p2a: Latias
|
|-heal|p1a: Penelope|291\/432 brn|[from] item: Black Sludge
|-damage|p2a: Latias|260\/363 tox|[from] psn
|-damage|p1a: Penelope|237\/432 brn|[from] brn
|turn|49
|
|move|p2a: Latias|Stored Power|p1a: Penelope
|-supereffective|p1a: Penelope
|-damage|p1a: Penelope|181\/432 brn
|move|p1a: Penelope|Clear Smog|p2a: Latias
|-crit|p2a: Latias
|-damage|p2a: Latias|202\/363 tox
|-clearboost|p2a: Latias
|
|-heal|p1a: Penelope|208\/432 brn|[from] item: Black Sludge
|-damage|p2a: Latias|114\/363 tox|[from] psn
|-damage|p1a: Penelope|154\/432 brn|[from] brn
|turn|50
|
|move|p2a: Latias|Roost|p2a: Latias
|-heal|p2a: Latias|296\/363 tox
|move|p1a: Penelope|Clear Smog|p2a: Latias
|-damage|p2a: Latias|263\/363 tox
|-clearboost|p2a: Latias
|
|-heal|p1a: Penelope|181\/432 brn|[from] item: Black Sludge
|-damage|p2a: Latias|153\/363 tox|[from] psn
|-damage|p1a: Penelope|127\/432 brn|[from] brn
|turn|51
|
|switch|p2a: Magnezone|Magnezone|178\/281 slp
|switch|p1a: Ivan|Gliscor, M|56\/352 tox
|
|-heal|p1a: Ivan|100\/352 tox|[from] ability: Poison Heal
|turn|52
|
|move|p1a: Ivan|Taunt|p2a: Magnezone
|-start|p2a: Magnezone|move: Taunt
|cant|p2a: Magnezone|slp
|
|-heal|p1a: Ivan|144\/352 tox|[from] ability: Poison Heal
|turn|53
|
|move|p1a: Ivan|Roost|p1a: Ivan
|-heal|p1a: Ivan|320\/352 tox
|cant|p2a: Magnezone|slp
|
|-heal|p1a: Ivan|352\/352 tox|[from] ability: Poison Heal
|turn|54
|
|move|p1a: Ivan|Earthquake|p2a: Magnezone
|-supereffective|p2a: Magnezone
|-damage|p2a: Magnezone|0 fnt
|faint|p2a: Magnezone
|
|c|â56iygulkg77|gg
|
|switch|p2a: Latias|Latias-Mega, F|153\/363 tox
|turn|55
|
|move|p2a: Latias|Roost|p2a: Latias
|-heal|p2a: Latias|335\/363 tox
|move|p1a: Ivan|Taunt|p2a: Latias
|-start|p2a: Latias|move: Taunt
|
|-damage|p2a: Latias|313\/363 tox|[from] psn
|turn|56
|
|switch|p1a: Penelope|Amoonguss, F, shiny|271\/432 brn
|move|p2a: Latias|Surf|p1a: Penelope
|-resisted|p1a: Penelope
|-damage|p1a: Penelope|233\/432 brn
|
|-heal|p1a: Penelope|260\/432 brn|[from] item: Black Sludge
|-damage|p2a: Latias|269\/363 tox|[from] psn
|-damage|p1a: Penelope|206\/432 brn|[from] brn
|turn|57
|
|switch|p1a: Ivan|Gliscor, M|352\/352 tox
|move|p2a: Latias|Stored Power|p1a: Ivan
|-damage|p1a: Ivan|313\/352 tox
|
|-damage|p2a: Latias|203\/363 tox|[from] psn
|-heal|p1a: Ivan|352\/352 tox|[from] ability: Poison Heal
|turn|58
|
|switch|p1a: Penelope|Amoonguss, F, shiny|350\/432 brn
|move|p2a: Latias|Surf|p1a: Penelope
|-resisted|p1a: Penelope
|-damage|p1a: Penelope|309\/432 brn
|
|-heal|p1a: Penelope|336\/432 brn|[from] item: Black Sludge
|-damage|p2a: Latias|115\/363 tox|[from] psn
|-damage|p1a: Penelope|282\/432 brn|[from] brn
|-end|p2a: Latias|move: Taunt
|turn|59
|c|âmastermind15|gg
|
|move|p2a: Latias|Calm Mind|p2a: Latias
|-boost|p2a: Latias|spa|1
|-boost|p2a: Latias|spd|1
|move|p1a: Penelope|Clear Smog|p2a: Latias
|-damage|p2a: Latias|90\/363 tox
|-clearboost|p2a: Latias
|
|-heal|p1a: Penelope|309\/432 brn|[from] item: Black Sludge
|-damage|p2a: Latias|0 fnt|[from] psn
|-damage|p1a: Penelope|255\/432 brn|[from] brn
|faint|p2a: Latias
|
|win|mastermind15
|leave|56iygulkg77
|player|p2