|join|sp141
|join|mastermind15
|player|p1|sp141|170
|player|p2|mastermind15|33
|gametype|singles
|gen|6
|tier|ORAS OU
|rated
|rule|Sleep Clause Mod: Limit one foe put to sleep
|rule|Species Clause: Limit one of each PokÃ©mon
|rule|OHKO Clause: OHKO moves are banned
|rule|Moody Clause: Moody is banned
|rule|Evasion Moves Clause: Evasion moves are banned
|rule|Endless Battle Clause: Forcing endless battles is banned
|rule|HP Percentage Mod: HP is shown in percentages
|clearpoke
|poke|p1|Weavile, M
|poke|p1|Talonflame, F
|poke|p1|Starmie
|poke|p1|Rotom-Wash
|poke|p1|Heatran, F
|poke|p1|Metagross
|poke|p2|Slowbro, M, shiny
|poke|p2|Gliscor, M
|poke|p2|Amoonguss, F, shiny
|poke|p2|Tyranitar, M
|poke|p2|Zapdos
|poke|p2|Metagross
|rule|Swagger Clause: Swagger is banned
|rule|Baton Pass Clause: Limit one PokÃ©mon knowing Baton Pass
|teampreview
|
|start
|switch|p1a: Heatran|Heatran, F|324\/324
|switch|p2a: Larry|Zapdos|383\/383
|-item|p1a: Heatran|Air Balloon
|-ability|p2a: Larry|Pressure
|turn|1
|
|move|p1a: Heatran|Stealth Rock|p2a: Larry
|-sidestart|p2: mastermind15|move: Stealth Rock
|move|p2a: Larry|Thunderbolt|p1a: Heatran
|-damage|p1a: Heatran|197\/324
|-enditem|p1a: Heatran|Air Balloon
|
|turn|2
|
|move|p1a: Heatran|Lava Plume|p2a: Larry
|-damage|p2a: Larry|226\/383
|move|p2a: Larry|Defog|p1a: Heatran
|-unboost|p1a: Heatran|evasion|1
|-sideend|p2: mastermind15|Stealth Rock|[from] move: Defog|[of] p2a: Larry
|
|-heal|p2a: Larry|249\/383|[from] item: Leftovers
|turn|3
|
|move|p1a: Heatran|Stealth Rock|p2a: Larry
|-sidestart|p2: mastermind15|move: Stealth Rock
|move|p2a: Larry|Thunderbolt|p1a: Heatran
|-damage|p1a: Heatran|59\/324
|
|-heal|p2a: Larry|272\/383|[from] item: Leftovers
|turn|4
|
|move|p1a: Heatran|Taunt|p2a: Larry
|-start|p2a: Larry|move: Taunt
|move|p2a: Larry|Thunderbolt|p1a: Heatran
|-damage|p1a: Heatran|0 fnt
|faint|p1a: Heatran
|
|-heal|p2a: Larry|295\/383|[from] item: Leftovers
|
|switch|p1a: Weavile|Weavile, M|281\/281
|turn|5
|
|switch|p2a: Sebastian|Metagross|301\/301
|-damage|p2a: Sebastian|283\/301|[from] Stealth Rock
|move|p1a: Weavile|Icicle Crash|p2a: Sebastian
|-resisted|p2a: Sebastian
|-damage|p2a: Sebastian|212\/301
|-damage|p1a: Weavile|253\/281|[from] item: Life Orb
|
|turn|6
|
|switch|p1a: Rotom-Wash|Rotom-Wash|304\/304
|detailschange|p2a: Sebastian|Metagross-Mega
|message|Metagross has Mega Evolved into Mega Metagross!
|move|p2a: Sebastian|Meteor Mash|p1a: Rotom-Wash
|-resisted|p1a: Rotom-Wash
|-damage|p1a: Rotom-Wash|248\/304
|
|turn|7
|
|move|p2a: Sebastian|Zen Headbutt|p1a: Rotom-Wash
|-damage|p1a: Rotom-Wash|62\/304
|move|p1a: Rotom-Wash|Volt Switch|p2a: Sebastian
|-damage|p2a: Sebastian|62\/301
|
|switch|p1a: Weavile|Weavile, M|253\/281
|
|turn|8
|
|move|p1a: Weavile|Knock Off|p2a: Sebastian
|-supereffective|p2a: Sebastian
|-damage|p2a: Sebastian|0 fnt
|-damage|p1a: Weavile|225\/281|[from] item: Life Orb
|faint|p2a: Sebastian
|
|
|switch|p2a: Bill|Slowbro, M, shiny|394\/394
|-damage|p2a: Bill|345\/394|[from] Stealth Rock
|turn|9
|
|switch|p1a: Rotom-Wash|Rotom-Wash|62\/304
|move|p2a: Bill|Fire Blast|p1a: Rotom-Wash|[miss]
|-miss|p2a: Bill|p1a: Rotom-Wash
|
|turn|10
|
|switch|p2a: Ivan|Gliscor, M|352\/352
|-damage|p2a: Ivan|308\/352|[from] Stealth Rock
|move|p1a: Rotom-Wash|Volt Switch|p2a: Ivan
|-immune|p2a: Ivan|[msg]
|
|-status|p2a: Ivan|tox|[from] item: Toxic Orb
|turn|11
|
|switch|p1a: Starmie|Starmie|324\/324
|move|p2a: Ivan|Earthquake|p1a: Starmie
|-damage|p1a: Starmie|191\/324
|
|-heal|p1a: Starmie|211\/324|[from] item: Leftovers
|-heal|p2a: Ivan|352\/352 tox|[from] ability: Poison Heal
|turn|12
|
|switch|p2a: Sam|Tyranitar, M|341\/341
|-damage|p2a: Sam|299\/341|[from] Stealth Rock
|-weather|Sandstorm
|move|p1a: Starmie|Scald|p2a: Sam
|-supereffective|p2a: Sam
|-damage|p2a: Sam|233\/341
|
|-weather|Sandstorm|[upkeep]
|-damage|p1a: Starmie|191\/324|[from] sandstorm
|-heal|p1a: Starmie|211\/324|[from] item: Leftovers
|turn|13
|
|move|p1a: Starmie|Reflect Type|p2a: Sam
|-start|p1a: Starmie|typechange|[from] move: Reflect Type|[of] p2a: Sam
|move|p2a: Sam|Pursuit|p1a: Starmie
|-resisted|p1a: Starmie
|-damage|p1a: Starmie|169\/324
|
|-weather|Sandstorm|[upkeep]
|-heal|p1a: Starmie|189\/324|[from] item: Leftovers
|turn|14
|
|move|p1a: Starmie|Recover|p1a: Starmie
|-heal|p1a: Starmie|324\/324
|move|p2a: Sam|Superpower|p1a: Starmie
|-supereffective|p1a: Starmie
|-damage|p1a: Starmie|0 fnt
|-unboost|p2a: Sam|atk|1
|-unboost|p2a: Sam|def|1
|faint|p1a: Starmie
|
|-weather|Sandstorm|[upkeep]
|
|switch|p1a: Weavile|Weavile, M|225\/281
|turn|15
|
|switch|p1a: Metagross|Metagross|302\/302
|move|p2a: Sam|Superpower|p1a: Metagross
|-damage|p1a: Metagross|223\/302
|-unboost|p2a: Sam|atk|1
|-unboost|p2a: Sam|def|1
|
|-weather|Sandstorm|[upkeep]
|turn|16
|
|switch|p1a: Rotom-Wash|Rotom-Wash|62\/304
|move|p2a: Sam|Crunch|p1a: Rotom-Wash
|-damage|p1a: Rotom-Wash|0 fnt
|faint|p1a: Rotom-Wash
|
|-weather|none
|
|switch|p1a: Weavile|Weavile, M|225\/281
|turn|17
|
|move|p1a: Weavile|Icicle Crash|p2a: Sam
|-damage|p2a: Sam|0 fnt
|-damage|p1a: Weavile|197\/281|[from] item: Life Orb
|faint|p2a: Sam
|
|
|switch|p2a: Bill|Slowbro, M, shiny|394\/394
|-damage|p2a: Bill|345\/394|[from] Stealth Rock
|turn|18
|
|switch|p1a: Metagross|Metagross|223\/302
|move|p2a: Bill|Fire Blast|p1a: Metagross|[miss]
|-miss|p2a: Bill|p1a: Metagross
|
|turn|19
|
|detailschange|p1a: Metagross|Metagross-Mega
|message|Metagross has Mega Evolved into Mega Metagross!
|move|p1a: Metagross|Meteor Mash|p2a: Bill|[miss]
|-miss|p1a: Metagross|p2a: Bill
|move|p2a: Bill|Fire Blast|p1a: Metagross
|-supereffective|p1a: Metagross
|-damage|p1a: Metagross|59\/302
|
|turn|20
|
|move|p1a: Metagross|Earthquake|p2a: Bill
|-damage|p2a: Bill|262\/394
|move|p2a: Bill|Scald|p1a: Metagross
|-damage|p1a: Metagross|0 fnt
|faint|p1a: Metagross
|
|
|switch|p1a: Weavile|Weavile, M|197\/281
|turn|21
|
|switch|p2a: Ivan|Gliscor, M|352\/352 tox
|-damage|p2a: Ivan|308\/352 tox|[from] Stealth Rock
|move|p1a: Weavile|Swords Dance|p1a: Weavile
|-boost|p1a: Weavile|atk|2
|
|-heal|p2a: Ivan|352\/352 tox|[from] ability: Poison Heal
|turn|22
|
|move|p1a: Weavile|Icicle Crash|p2a: Ivan
|-supereffective|p2a: Ivan
|-damage|p2a: Ivan|0 fnt
|-damage|p1a: Weavile|169\/281|[from] item: Life Orb
|faint|p2a: Ivan
|
|
|switch|p2a: Bill|Slowbro, M, shiny|393\/394
|-damage|p2a: Bill|344\/394|[from] Stealth Rock
|turn|23
|
|move|p1a: Weavile|Knock Off|p2a: Bill
|-supereffective|p2a: Bill
|-damage|p2a: Bill|0 fnt
|-enditem|p2a: Bill|Assault Vest|[from] move: Knock Off|[of] p1a: Weavile
|-damage|p1a: Weavile|141\/281|[from] item: Life Orb
|faint|p2a: Bill
|
|
|switch|p2a: Larry|Zapdos|295\/383
|-damage|p2a: Larry|200\/383|[from] Stealth Rock
|-ability|p2a: Larry|Pressure
|turn|24
|
|move|p1a: Weavile|Knock Off|p2a: Larry
|-damage|p2a: Larry|0 fnt
|-enditem|p2a: Larry|Leftovers|[from] move: Knock Off|[of] p1a: Weavile
|-damage|p1a: Weavile|113\/281|[from] item: Life Orb
|faint|p2a: Larry
|
|-message|mastermind15 forfeited.
|
|win|sp141
|raw|Ladder updating...
|leave|mastermind15
|player|p2
|raw|sp141's rating: 1573 &rarr; <strong>1588<\/strong><br \/>(+15 for winning)
|raw|mastermind15's rating: 1498 &rarr; <strong>1482<\/strong><br \/>(-16 for losing)