|join|Menno
|join|mastermind15
|player|p1|Menno|288
|player|p2|mastermind15|33
|gametype|singles
|gen|6
|tier|OU
|rated
|clearpoke
|poke|p1|Pinsir, M
|poke|p1|Diggersby, F, shiny
|poke|p1|Magnezone
|poke|p1|Azumarill, F
|poke|p1|Garchomp, M
|poke|p1|Latios, M
|poke|p2|Slowbro, M, shiny
|poke|p2|Gliscor, M
|poke|p2|Amoonguss, F, shiny
|poke|p2|Tyranitar, M
|poke|p2|Zapdos
|poke|p2|Gardevoir, F, shiny
|rule|Swagger Clause: Swagger is banned
|rule|Baton Pass Clause: Limit one PokÃ©mon knowing Baton Pass
|rule|Sleep Clause Mod: Limit one foe put to sleep
|rule|Species Clause: Limit one of each PokÃ©mon
|rule|OHKO Clause: OHKO moves are banned
|rule|Moody Clause: Moody is banned
|rule|Evasion Moves Clause: Evasion moves are banned
|rule|Endless Battle Clause: Forcing endless battles is banned
|rule|HP Percentage Mod: HP is shown in percentages
|teampreview
|c|âMenno|nice team bro :)
|
|start
|switch|p1a: Valentino|Garchomp, M|357\/357
|switch|p2a: Penelope|Amoonguss, F, shiny|432\/432
|turn|1
|
|move|p1a: Valentino|Stealth Rock|p2a: Penelope
|-sidestart|p2: mastermind15|move: Stealth Rock
|move|p2a: Penelope|Spore|p1a: Valentino
|-status|p1a: Valentino|slp
|
|turn|2
|
|cant|p1a: Valentino|slp
|move|p2a: Penelope|Giga Drain|p1a: Valentino
|-damage|p1a: Valentino|275\/357 slp
|
|turn|3
|
|switch|p2a: Bill|Slowbro, M, shiny|394\/394
|-damage|p2a: Bill|345\/394|[from] Stealth Rock
|cant|p1a: Valentino|slp
|
|turn|4
|
|cant|p1a: Valentino|slp
|move|p2a: Bill|Ice Beam|p1a: Valentino
|-supereffective|p1a: Valentino
|-damage|p1a: Valentino|0 fnt
|faint|p1a: Valentino
|
|
|switch|p1a: It'sATrap|Magnezone|281\/281
|turn|5
|
|switch|p2a: Penelope|Amoonguss, F, shiny|432\/432
|-damage|p2a: Penelope|378\/432|[from] Stealth Rock
|move|p1a: It'sATrap|Volt Switch|p2a: Penelope
|-resisted|p2a: Penelope
|-damage|p2a: Penelope|323\/432
|
|switch|p1a: Pinsir|Pinsir, M|271\/271
|
|-heal|p2a: Penelope|350\/432|[from] item: Black Sludge
|turn|6
|
|switch|p1a: Duracell|Diggersby, F, shiny|311\/311
|switch|p2a: Chase|Zapdos|383\/383
|-damage|p2a: Chase|288\/383|[from] Stealth Rock
|-ability|p2a: Chase|Pressure
|
|-heal|p2a: Chase|311\/383|[from] item: Leftovers
|turn|7
|
|switch|p2a: Sam|Tyranitar, M|341\/341
|-damage|p2a: Sam|299\/341|[from] Stealth Rock
|-weather|Sandstorm
|move|p1a: Duracell|Swords Dance|p1a: Duracell
|-boost|p1a: Duracell|atk|2
|
|-weather|Sandstorm|[upkeep]
|turn|8
|
|move|p1a: Duracell|Earthquake|p2a: Sam
|-supereffective|p2a: Sam
|-damage|p2a: Sam|0 fnt
|-damage|p1a: Duracell|280\/311|[from] item: Life Orb
|faint|p2a: Sam
|
|-weather|Sandstorm|[upkeep]
|
|switch|p2a: Elizabeth|Gardevoir, F, shiny|277\/277
|-damage|p2a: Elizabeth|243\/277|[from] Stealth Rock
|turn|9
|
|detailschange|p2a: Elizabeth|Gardevoir-Mega, F, shiny
|message|Gardevoir has Mega Evolved into Mega Gardevoir!
|move|p1a: Duracell|Quick Attack|p2a: Elizabeth
|-damage|p2a: Elizabeth|0 fnt
|-damage|p1a: Duracell|249\/311|[from] item: Life Orb
|faint|p2a: Elizabeth
|
|-weather|Sandstorm|[upkeep]
|
|switch|p2a: Bill|Slowbro, M, shiny|394\/394
|-damage|p2a: Bill|345\/394|[from] Stealth Rock
|turn|10
|
|move|p1a: Duracell|Return|p2a: Bill
|-damage|p2a: Bill|0 fnt
|-damage|p1a: Duracell|218\/311|[from] item: Life Orb
|faint|p2a: Bill
|
|-weather|Sandstorm|[upkeep]
|-message|mastermind15 forfeited.
|
|win|Menno
|raw|Ladder updating...
|leave|mastermind15
|player|p2
|raw|Menno's rating: 1769 &rarr; <strong>1786<\/strong><br \/>(+17 for winning)
|raw|mastermind15's rating: 1714 &rarr; <strong>1697<\/strong><br \/>(-17 for losing)