|join|Aka DH
|join|mastermind15
|player|p1|Aka DH|68
|player|p2|mastermind15|33
|gametype|singles
|gen|6
|tier|OU
|rated
|clearpoke
|poke|p1|Bisharp, F
|poke|p1|Venusaur, M
|poke|p1|Heatran, M
|poke|p1|Keldeo
|poke|p1|Chansey, F
|poke|p1|Skarmory, M
|poke|p2|Slowbro, M, shiny
|poke|p2|Gliscor, M
|poke|p2|Amoonguss, F, shiny
|poke|p2|Tyranitar, M
|poke|p2|Zapdos
|poke|p2|Gardevoir, F, shiny
|rule|Swagger Clause: Swagger is banned
|rule|Baton Pass Clause: Limit one PokÃ©mon knowing Baton Pass
|rule|Sleep Clause Mod: Limit one foe put to sleep
|rule|Species Clause: Limit one of each PokÃ©mon
|rule|OHKO Clause: OHKO moves are banned
|rule|Moody Clause: Moody is banned
|rule|Evasion Moves Clause: Evasion moves are banned
|rule|Endless Battle Clause: Forcing endless battles is banned
|rule|HP Percentage Mod: HP is shown in percentages
|teampreview
|c|âmastermind15|still the same lol
|
|start
|switch|p1a: Keldeo|Keldeo|323\/323
|switch|p2a: Bill|Slowbro, M, shiny|394\/394
|turn|1
|
|switch|p1a: Chansey|Chansey, F|684\/684
|move|p2a: Bill|Scald|p1a: Chansey
|-damage|p1a: Chansey|630\/684
|
|turn|2
|
|switch|p1a: Heatran|Heatran, M|340\/340
|-item|p1a: Heatran|Air Balloon
|switch|p2a: Chase|Zapdos|383\/383
|-ability|p2a: Chase|Pressure
|
|turn|3
|
|move|p1a: Heatran|Toxic|p2a: Chase
|-status|p2a: Chase|tox
|move|p2a: Chase|Thunderbolt|p1a: Heatran
|-damage|p1a: Heatran|210\/340
|-enditem|p1a: Heatran|Air Balloon
|
|-damage|p2a: Chase|360\/383 tox|[from] psn
|turn|4
|
|move|p1a: Heatran|Stealth Rock|p2a: Chase
|-sidestart|p2: mastermind15|move: Stealth Rock
|move|p2a: Chase|Thunderbolt|p1a: Heatran
|-damage|p1a: Heatran|69\/340
|
|-heal|p2a: Chase|383\/383 tox|[from] item: Leftovers
|-damage|p2a: Chase|337\/383 tox|[from] psn
|turn|5
|
|move|p1a: Heatran|Fire Blast|p2a: Chase
|-damage|p2a: Chase|151\/383 tox
|move|p2a: Chase|Thunderbolt|p1a: Heatran
|-damage|p1a: Heatran|0 fnt
|faint|p1a: Heatran
|
|-heal|p2a: Chase|174\/383 tox|[from] item: Leftovers
|-damage|p2a: Chase|105\/383 tox|[from] psn
|
|switch|p1a: Keldeo|Keldeo|323\/323
|turn|6
|
|switch|p2a: Bill|Slowbro, M, shiny|394\/394
|-damage|p2a: Bill|345\/394|[from] Stealth Rock
|move|p1a: Keldeo|Scald|p2a: Bill
|-resisted|p2a: Bill
|-damage|p2a: Bill|289\/394
|
|turn|7
|
|switch|p1a: Chansey|Chansey, F|630\/684
|switch|p2a: Elizabeth|Gardevoir, F, shiny|277\/277
|-damage|p2a: Elizabeth|243\/277|[from] Stealth Rock
|
|turn|8
|
|switch|p2a: Ivan|Gliscor, M|352\/352
|-damage|p2a: Ivan|308\/352|[from] Stealth Rock
|move|p1a: Chansey|Seismic Toss|p2a: Ivan
|-damage|p2a: Ivan|208\/352
|
|-status|p2a: Ivan|tox|[from] item: Toxic Orb
|turn|9
|
|switch|p1a: Venusaur|Venusaur, M|364\/364
|move|p2a: Ivan|Toxic|p1a: Venusaur|[miss]
|-miss|p2a: Ivan|p1a: Venusaur
|
|-heal|p2a: Ivan|252\/352 tox|[from] ability: Poison Heal
|turn|10
|
|switch|p2a: Penelope|Amoonguss, F, shiny|432\/432
|-damage|p2a: Penelope|378\/432|[from] Stealth Rock
|detailschange|p1a: Venusaur|Venusaur-Mega, M
|message|Venusaur has Mega Evolved into Mega Venusaur!
|move|p1a: Venusaur|Giga Drain|p2a: Penelope
|-resisted|p2a: Penelope
|-damage|p2a: Penelope|356\/432
|
|-heal|p2a: Penelope|383\/432|[from] item: Black Sludge
|turn|11
|join|DOGE EBINEST
|
|move|p1a: Venusaur|Hidden Power|p2a: Penelope
|-supereffective|p2a: Penelope
|-damage|p2a: Penelope|293\/432
|move|p2a: Penelope|Foul Play|p1a: Venusaur
|-damage|p1a: Venusaur|327\/364
|
|-heal|p2a: Penelope|320\/432|[from] item: Black Sludge
|turn|12
|
|move|p1a: Venusaur|Hidden Power|p2a: Penelope
|-supereffective|p2a: Penelope
|-damage|p2a: Penelope|220\/432
|move|p2a: Penelope|Foul Play|p1a: Venusaur
|-damage|p1a: Venusaur|292\/364
|
|-heal|p2a: Penelope|247\/432|[from] item: Black Sludge
|turn|13
|
|move|p1a: Venusaur|Hidden Power|p2a: Penelope
|-supereffective|p2a: Penelope
|-damage|p2a: Penelope|157\/432
|move|p2a: Penelope|Foul Play|p1a: Venusaur
|-damage|p1a: Venusaur|253\/364
|
|-heal|p2a: Penelope|184\/432|[from] item: Black Sludge
|turn|14
|
|switch|p2a: Bill|Slowbro, M, shiny|394\/394
|-damage|p2a: Bill|345\/394|[from] Stealth Rock
|move|p1a: Venusaur|Leech Seed|p2a: Bill
|-start|p2a: Bill|move: Leech Seed
|
|-damage|p2a: Bill|296\/394|[from] Leech Seed|[of] p1a: Venusaur
|-heal|p1a: Venusaur|302\/364|[silent]
|turn|15
|
|switch|p1a: Bisharp|Bisharp, F|334\/334
|switch|p2a: Penelope|Amoonguss, F, shiny|328\/432
|-damage|p2a: Penelope|274\/432|[from] Stealth Rock
|
|-heal|p2a: Penelope|301\/432|[from] item: Black Sludge
|turn|16
|
|switch|p2a: Chase|Zapdos|105\/383 tox
|-damage|p2a: Chase|10\/383 tox|[from] Stealth Rock
|-ability|p2a: Chase|Pressure
|move|p1a: Bisharp|Iron Head|p2a: Chase
|-resisted|p2a: Chase
|-damage|p2a: Chase|0 fnt
|faint|p2a: Chase
|
|
|switch|p2a: Ivan|Gliscor, M|252\/352 tox
|-damage|p2a: Ivan|208\/352 tox|[from] Stealth Rock
|turn|17
|
|switch|p1a: Skarmory|Skarmory, M|334\/334
|move|p2a: Ivan|Roost|p2a: Ivan
|-heal|p2a: Ivan|352\/352 tox
|
|turn|18
|
|move|p2a: Ivan|Taunt|p1a: Skarmory
|-start|p1a: Skarmory|move: Taunt
|cant|p1a: Skarmory|move: Taunt|Spikes
|
|turn|19
|
|switch|p1a: Venusaur|Venusaur-Mega, M|302\/364
|move|p2a: Ivan|Earthquake|p1a: Venusaur
|-damage|p1a: Venusaur|232\/364
|
|turn|20
|
|switch|p2a: Penelope|Amoonguss, F, shiny|432\/432
|-damage|p2a: Penelope|378\/432|[from] Stealth Rock
|move|p1a: Venusaur|Giga Drain|p2a: Penelope
|-resisted|p2a: Penelope
|-damage|p2a: Penelope|356\/432
|-heal|p1a: Venusaur|243\/364|[from] drain|[of] p2a: Penelope
|
|-heal|p2a: Penelope|383\/432|[from] item: Black Sludge
|turn|21
|
|switch|p2a: Sam|Tyranitar, M|341\/341
|-damage|p2a: Sam|299\/341|[from] Stealth Rock
|-weather|Sandstorm
|move|p1a: Venusaur|Hidden Power|p2a: Sam
|-resisted|p2a: Sam
|-damage|p2a: Sam|290\/341
|
|-weather|Sandstorm|[upkeep]
|-damage|p1a: Venusaur|221\/364|[from] sandstorm
|turn|22
|
|switch|p1a: Keldeo|Keldeo|323\/323
|switch|p2a: Ivan|Gliscor, M|352\/352 tox
|-damage|p2a: Ivan|308\/352 tox|[from] Stealth Rock
|
|-weather|Sandstorm|[upkeep]
|-damage|p1a: Keldeo|303\/323|[from] sandstorm
|-heal|p1a: Keldeo|323\/323|[from] item: Leftovers
|-heal|p2a: Ivan|352\/352 tox|[from] ability: Poison Heal
|turn|23
|
|switch|p2a: Bill|Slowbro, M, shiny|394\/394
|-damage|p2a: Bill|345\/394|[from] Stealth Rock
|move|p1a: Keldeo|Scald|p2a: Bill
|-resisted|p2a: Bill
|-damage|p2a: Bill|284\/394
|-status|p2a: Bill|brn
|
|-weather|Sandstorm|[upkeep]
|-damage|p1a: Keldeo|303\/323|[from] sandstorm
|-damage|p2a: Bill|260\/394 brn|[from] sandstorm
|-heal|p1a: Keldeo|323\/323|[from] item: Leftovers
|-damage|p2a: Bill|211\/394 brn|[from] brn
|turn|24
|
|switch|p1a: Skarmory|Skarmory, M|334\/334
|move|p2a: Bill|Scald|p1a: Skarmory
|-crit|p1a: Skarmory
|-damage|p1a: Skarmory|171\/334
|
|-weather|Sandstorm|[upkeep]
|-damage|p2a: Bill|187\/394 brn|[from] sandstorm
|-damage|p2a: Bill|138\/394 brn|[from] brn
|turn|25
|
|move|p1a: Skarmory|Spikes|p2a: Bill
|-sidestart|p2: mastermind15|Spikes
|move|p2a: Bill|Fire Blast|p1a: Skarmory
|-supereffective|p1a: Skarmory
|-damage|p1a: Skarmory|0 fnt
|faint|p1a: Skarmory
|
|-weather|none
|-damage|p2a: Bill|89\/394 brn|[from] brn
|
|switch|p1a: Venusaur|Venusaur-Mega, M|221\/364
|turn|26
|
|move|p1a: Venusaur|Giga Drain|p2a: Bill
|-supereffective|p2a: Bill
|-damage|p2a: Bill|0 fnt
|-heal|p1a: Venusaur|266\/364|[from] drain|[of] p2a: Bill
|faint|p2a: Bill
|
|
|switch|p2a: Elizabeth|Gardevoir, F, shiny|243\/277
|-damage|p2a: Elizabeth|209\/277|[from] Stealth Rock
|-damage|p2a: Elizabeth|175\/277|[from] Spikes
|turn|27
|
|switch|p1a: Chansey|Chansey, F|630\/684
|detailschange|p2a: Elizabeth|Gardevoir-Mega, F, shiny
|message|Gardevoir has Mega Evolved into Mega Gardevoir!
|move|p2a: Elizabeth|Hyper Voice|p1a: Chansey
|-damage|p1a: Chansey|486\/684
|
|turn|28
|
|move|p2a: Elizabeth|Psyshock|p1a: Chansey
|-damage|p1a: Chansey|276\/684
|move|p1a: Chansey|Seismic Toss|p2a: Elizabeth
|-damage|p2a: Elizabeth|75\/277
|
|turn|29
|
|move|p2a: Elizabeth|Focus Blast|p1a: Chansey
|-supereffective|p1a: Chansey
|-damage|p1a: Chansey|60\/684
|move|p1a: Chansey|Soft-Boiled|p1a: Chansey
|-heal|p1a: Chansey|402\/684
|
|turn|30
|
|move|p2a: Elizabeth|Calm Mind|p2a: Elizabeth
|-boost|p2a: Elizabeth|spa|1
|-boost|p2a: Elizabeth|spd|1
|move|p1a: Chansey|Soft-Boiled|p1a: Chansey
|-heal|p1a: Chansey|684\/684
|
|turn|31
|
|move|p2a: Elizabeth|Focus Blast|p1a: Chansey
|-supereffective|p1a: Chansey
|-damage|p1a: Chansey|360\/684
|move|p1a: Chansey|Seismic Toss|p2a: Elizabeth
|-damage|p2a: Elizabeth|0 fnt
|faint|p2a: Elizabeth
|
|
|switch|p2a: Sam|Tyranitar, M|290\/341
|-damage|p2a: Sam|248\/341|[from] Stealth Rock
|-damage|p2a: Sam|206\/341|[from] Spikes
|-weather|Sandstorm
|turn|32
|
|move|p2a: Sam|Superpower|p1a: Chansey
|-crit|p1a: Chansey
|-supereffective|p1a: Chansey
|-damage|p1a: Chansey|0 fnt
|-unboost|p2a: Sam|atk|1
|-unboost|p2a: Sam|def|1
|faint|p1a: Chansey
|
|-weather|Sandstorm|[upkeep]
|
|switch|p1a: Venusaur|Venusaur-Mega, M|266\/364
|turn|33
|
|switch|p2a: Penelope|Amoonguss, F, shiny|432\/432
|-damage|p2a: Penelope|378\/432|[from] Stealth Rock
|-damage|p2a: Penelope|324\/432|[from] Spikes
|move|p1a: Venusaur|Giga Drain|p2a: Penelope
|-resisted|p2a: Penelope
|-damage|p2a: Penelope|301\/432
|-heal|p1a: Venusaur|278\/364|[from] drain|[of] p2a: Penelope
|
|-weather|Sandstorm|[upkeep]
|-damage|p1a: Venusaur|256\/364|[from] sandstorm
|-damage|p2a: Penelope|274\/432|[from] sandstorm
|-heal|p2a: Penelope|301\/432|[from] item: Black Sludge
|turn|34
|
|move|p1a: Venusaur|Hidden Power|p2a: Penelope
|-supereffective|p2a: Penelope
|-damage|p2a: Penelope|207\/432
|move|p2a: Penelope|Foul Play|p1a: Venusaur
|-damage|p1a: Venusaur|220\/364
|
|-weather|Sandstorm|[upkeep]
|-damage|p1a: Venusaur|198\/364|[from] sandstorm
|-damage|p2a: Penelope|180\/432|[from] sandstorm
|-heal|p2a: Penelope|207\/432|[from] item: Black Sludge
|turn|35
|
|move|p1a: Venusaur|Hidden Power|p2a: Penelope
|-supereffective|p2a: Penelope
|-damage|p2a: Penelope|115\/432
|move|p2a: Penelope|Foul Play|p1a: Venusaur
|-damage|p1a: Venusaur|160\/364
|
|-weather|Sandstorm|[upkeep]
|-damage|p1a: Venusaur|138\/364|[from] sandstorm
|-damage|p2a: Penelope|88\/432|[from] sandstorm
|-heal|p2a: Penelope|115\/432|[from] item: Black Sludge
|turn|36
|
|move|p1a: Venusaur|Giga Drain|p2a: Penelope
|-resisted|p2a: Penelope
|-damage|p2a: Penelope|92\/432
|-heal|p1a: Venusaur|150\/364|[from] drain|[of] p2a: Penelope
|move|p2a: Penelope|Foul Play|p1a: Venusaur
|-damage|p1a: Venusaur|112\/364
|
|-weather|none
|-heal|p2a: Penelope|119\/432|[from] item: Black Sludge
|turn|37
|
|move|p1a: Venusaur|Giga Drain|p2a: Penelope
|-resisted|p2a: Penelope
|-damage|p2a: Penelope|98\/432
|-heal|p1a: Venusaur|123\/364|[from] drain|[of] p2a: Penelope
|move|p2a: Penelope|Foul Play|p1a: Venusaur
|-damage|p1a: Venusaur|89\/364
|
|-heal|p2a: Penelope|125\/432|[from] item: Black Sludge
|turn|38
|
|switch|p2a: Sam|Tyranitar, M|206\/341
|-damage|p2a: Sam|164\/341|[from] Stealth Rock
|-damage|p2a: Sam|122\/341|[from] Spikes
|-weather|Sandstorm
|move|p1a: Venusaur|Synthesis|p1a: Venusaur
|-heal|p1a: Venusaur|180\/364
|
|-weather|Sandstorm|[upkeep]
|-damage|p1a: Venusaur|158\/364|[from] sandstorm
|turn|39
|
|move|p1a: Venusaur|Giga Drain|p2a: Sam
|-supereffective|p2a: Sam
|-damage|p2a: Sam|54\/341
|-heal|p1a: Venusaur|192\/364|[from] drain|[of] p2a: Sam
|move|p2a: Sam|Pursuit|p1a: Venusaur
|-damage|p1a: Venusaur|143\/364
|
|-weather|Sandstorm|[upkeep]
|-damage|p1a: Venusaur|121\/364|[from] sandstorm
|turn|40
|
|switch|p2a: Penelope|Amoonguss, F, shiny|269\/432
|-damage|p2a: Penelope|215\/432|[from] Spikes
|-damage|p2a: Penelope|161\/432|[from] Stealth Rock
|move|p1a: Venusaur|Giga Drain|p2a: Penelope
|-resisted|p2a: Penelope
|-damage|p2a: Penelope|138\/432
|-heal|p1a: Venusaur|133\/364|[from] drain|[of] p2a: Penelope
|
|-weather|Sandstorm|[upkeep]
|-damage|p1a: Venusaur|111\/364|[from] sandstorm
|-damage|p2a: Penelope|111\/432|[from] sandstorm
|-heal|p2a: Penelope|138\/432|[from] item: Black Sludge
|turn|41
|
|move|p1a: Venusaur|Hidden Power|p2a: Penelope
|-crit|p2a: Penelope
|-supereffective|p2a: Penelope
|-damage|p2a: Penelope|6\/432
|move|p2a: Penelope|Foul Play|p1a: Venusaur
|-damage|p1a: Venusaur|72\/364
|
|-weather|Sandstorm|[upkeep]
|-damage|p1a: Venusaur|50\/364|[from] sandstorm
|-damage|p2a: Penelope|0 fnt|[from] sandstorm
|faint|p2a: Penelope
|
|switch|p2a: Ivan|Gliscor, M|352\/352 tox
|-damage|p2a: Ivan|308\/352 tox|[from] Stealth Rock
|turn|42
|
|move|p2a: Ivan|Earthquake|p1a: Venusaur
|-damage|p1a: Venusaur|0 fnt
|faint|p1a: Venusaur
|
|-weather|none
|-heal|p2a: Ivan|352\/352 tox|[from] ability: Poison Heal
|
|switch|p1a: Keldeo|Keldeo|323\/323
|turn|43
|
|move|p1a: Keldeo|Scald|p2a: Ivan
|-supereffective|p2a: Ivan
|-damage|p2a: Ivan|8\/352 tox
|move|p2a: Ivan|Earthquake|p1a: Keldeo
|-damage|p1a: Keldeo|188\/323
|
|-heal|p1a: Keldeo|208\/323|[from] item: Leftovers
|-heal|p2a: Ivan|52\/352 tox|[from] ability: Poison Heal
|turn|44
|
|move|p1a: Keldeo|Scald|p2a: Ivan
|-supereffective|p2a: Ivan
|-damage|p2a: Ivan|0 fnt
|faint|p2a: Ivan
|
|-heal|p1a: Keldeo|228\/323|[from] item: Leftovers
|
|switch|p2a: Sam|Tyranitar, M|54\/341
|-damage|p2a: Sam|12\/341|[from] Stealth Rock
|-damage|p2a: Sam|0 fnt|[from] Spikes
|faint|p2a: Sam
|
|win|Aka DH
|raw|Ladder updating...
|raw|Aka DH's rating: 1864 &rarr; <strong>1876<\/strong><br \/>(+12 for winning)
|raw|mastermind15's rating: 1729 &rarr; <strong>1717<\/strong><br \/>(-12 for losing)