|join|mastermind15
|join|Nyhita
|player|p1|mastermind15|33
|player|p2|Nyhita|161
|gametype|singles
|gen|6
|tier|OU
|rated
|clearpoke
|poke|p1|Slowbro, M, shiny
|poke|p1|Gliscor, M
|poke|p1|Amoonguss, F, shiny
|poke|p1|Tyranitar, M
|poke|p1|Zapdos
|poke|p1|Azumarill, F
|poke|p2|Rhyperior, M
|poke|p2|Tyranitar, F, shiny
|poke|p2|Scizor, M, shiny
|poke|p2|Breloom, F
|poke|p2|Heatran, M
|poke|p2|Latios, M
|rule|Swagger Clause: Swagger is banned
|rule|Baton Pass Clause: Limit one PokÃ©mon knowing Baton Pass
|rule|Sleep Clause Mod: Limit one foe put to sleep
|rule|Species Clause: Limit one of each PokÃ©mon
|rule|OHKO Clause: OHKO moves are banned
|rule|Moody Clause: Moody is banned
|rule|Evasion Moves Clause: Evasion moves are banned
|rule|Endless Battle Clause: Forcing endless battles is banned
|rule|HP Percentage Mod: HP is shown in percentages
|teampreview
|
|start
|switch|p1a: Nick|Azumarill, F|401\/401
|switch|p2a: Lavaster|Heatran, M|323\/323
|turn|1
|
|move|p2a: Lavaster|Hidden Power|p1a: Nick
|-supereffective|p1a: Nick
|-damage|p1a: Nick|217\/401
|move|p1a: Nick|Knock Off|p2a: Lavaster
|-damage|p2a: Lavaster|186\/323
|-enditem|p2a: Lavaster|Choice Specs|[from] move: Knock Off|[of] p1a: Nick
|
|turn|2
|
|switch|p2a: B PUNCH!!!|Scizor, M, shiny|281\/281
|switch|p1a: Ivan|Gliscor, M|352\/352
|
|-status|p1a: Ivan|tox|[from] item: Toxic Orb
|turn|3
|
|detailschange|p2a: B PUNCH!!!|Scizor-Mega, M, shiny
|message|Scizor has Mega Evolved into Mega Scizor!
|move|p1a: Ivan|Taunt|p2a: B PUNCH!!!
|-start|p2a: B PUNCH!!!|move: Taunt
|cant|p2a: B PUNCH!!!|move: Taunt|Swords Dance
|
|turn|4
|
|switch|p2a: FlightGanon!|Latios, M|302\/302
|move|p1a: Ivan|Earthquake|p2a: FlightGanon!
|-immune|p2a: FlightGanon!|[msg]
|
|turn|5
|
|switch|p1a: Sam|Tyranitar, M|341\/341
|-weather|Sandstorm
|move|p2a: FlightGanon!|Surf|p1a: Sam
|-supereffective|p1a: Sam
|-damage|p1a: Sam|242\/341
|-damage|p2a: FlightGanon!|272\/302|[from] item: Life Orb
|
|-weather|Sandstorm|[upkeep]
|-damage|p2a: FlightGanon!|254\/302|[from] sandstorm
|turn|6
|
|move|p2a: FlightGanon!|Surf|p1a: Sam
|-supereffective|p1a: Sam
|-damage|p1a: Sam|143\/341
|-damage|p2a: FlightGanon!|224\/302|[from] item: Life Orb
|move|p1a: Sam|Pursuit|p2a: FlightGanon!
|-supereffective|p2a: FlightGanon!
|-damage|p2a: FlightGanon!|56\/302
|
|-weather|Sandstorm|[upkeep]
|-damage|p2a: FlightGanon!|38\/302|[from] sandstorm
|turn|7
|
|move|p2a: FlightGanon!|Draco Meteor|p1a: Sam
|-damage|p1a: Sam|38\/341
|-unboost|p2a: FlightGanon!|spa|2
|-damage|p2a: FlightGanon!|8\/302|[from] item: Life Orb
|move|p1a: Sam|Pursuit|p2a: FlightGanon!
|-supereffective|p2a: FlightGanon!
|-damage|p2a: FlightGanon!|0 fnt
|faint|p2a: FlightGanon!
|
|-weather|Sandstorm|[upkeep]
|
|switch|p2a: B PUNCH!!!|Scizor-Mega, M, shiny|281\/281
|turn|8
|
|switch|p1a: Chase|Zapdos|383\/383
|-ability|p1a: Chase|Pressure
|move|p2a: B PUNCH!!!|Bullet Punch|p1a: Chase
|-resisted|p1a: Chase
|-damage|p1a: Chase|332\/383
|
|-weather|Sandstorm|[upkeep]
|-damage|p1a: Chase|309\/383|[from] sandstorm
|-heal|p1a: Chase|332\/383|[from] item: Leftovers
|turn|9
|
|switch|p2a: Lavaster|Heatran, M|186\/323
|move|p1a: Chase|Heat Wave|p2a: Lavaster
|-start|p2a: Lavaster|ability: Flash Fire
|
|-weather|none
|-heal|p1a: Chase|355\/383|[from] item: Leftovers
|turn|10
|
|switch|p1a: Bill|Slowbro, M, shiny|394\/394
|move|p2a: Lavaster|Fire Blast|p1a: Bill
|-resisted|p1a: Bill
|-damage|p1a: Bill|259\/394
|
|turn|11
|
|move|p2a: Lavaster|Hidden Power|p1a: Bill
|-supereffective|p1a: Bill
|-damage|p1a: Bill|139\/394
|move|p1a: Bill|Scald|p2a: Lavaster
|-supereffective|p2a: Lavaster
|-damage|p2a: Lavaster|30\/323
|
|turn|12
|
|move|p2a: Lavaster|Fire Blast|p1a: Bill
|-resisted|p1a: Bill
|-damage|p1a: Bill|18\/394
|move|p1a: Bill|Scald|p2a: Lavaster
|-supereffective|p2a: Lavaster
|-damage|p2a: Lavaster|0 fnt
|faint|p2a: Lavaster
|
|
|switch|p2a: Shukaku|Tyranitar, F, shiny|404\/404
|-weather|Sandstorm
|turn|13
|
|move|p2a: Shukaku|Pursuit|p1a: Bill|[from]Pursuit
|-supereffective|p1a: Bill
|-damage|p1a: Bill|0 fnt
|faint|p1a: Bill
|
|-weather|Sandstorm|[upkeep]
|
|switch|p1a: Nick|Azumarill, F|217\/401
|turn|14
|
|switch|p1a: Ivan|Gliscor, M|352\/352 tox
|move|p2a: Shukaku|Stealth Rock|p1a: Ivan
|-sidestart|p1: mastermind15|move: Stealth Rock
|
|-weather|Sandstorm|[upkeep]
|turn|15
|
|move|p1a: Ivan|Earthquake|p2a: Shukaku
|-supereffective|p2a: Shukaku
|-damage|p2a: Shukaku|180\/404
|move|p2a: Shukaku|Counter|p1a: Ivan
|-damage|p1a: Ivan|0 fnt
|faint|p1a: Ivan
|
|-weather|Sandstorm|[upkeep]
|
|switch|p1a: Penelope|Amoonguss, F, shiny|432\/432
|-damage|p1a: Penelope|378\/432|[from] Stealth Rock
|turn|16
|
|move|p1a: Penelope|Spore|p2a: Shukaku
|-status|p2a: Shukaku|slp
|cant|p2a: Shukaku|slp
|
|-weather|Sandstorm|[upkeep]
|-damage|p1a: Penelope|351\/432|[from] sandstorm
|-heal|p1a: Penelope|378\/432|[from] item: Black Sludge
|turn|17
|
|switch|p2a: B PUNCH!!!|Scizor-Mega, M, shiny|281\/281
|move|p1a: Penelope|Giga Drain|p2a: B PUNCH!!!
|-resisted|p2a: B PUNCH!!!
|-damage|p2a: B PUNCH!!!|263\/281
|-heal|p1a: Penelope|387\/432|[from] drain|[of] p2a: B PUNCH!!!
|
|-weather|none
|-heal|p1a: Penelope|414\/432|[from] item: Black Sludge
|turn|18
|
|switch|p2a: Rhyfight|Rhyperior, M|372\/372
|switch|p1a: Chase|Zapdos|355\/383
|-damage|p1a: Chase|260\/383|[from] Stealth Rock
|-ability|p1a: Chase|Pressure
|
|-heal|p1a: Chase|283\/383|[from] item: Leftovers
|turn|19
|
|switch|p1a: Sam|Tyranitar, M|38\/341
|-damage|p1a: Sam|0 fnt|[from] Stealth Rock
|faint|p1a: Sam
|move|p2a: Rhyfight|Rock Slide|p1: Sam|[notarget]
|-notarget
|
|
|switch|p1a: Nick|Azumarill, F|217\/401
|-damage|p1a: Nick|167\/401|[from] Stealth Rock
|turn|20
|
|move|p2a: Rhyfight|Earthquake|p1a: Nick
|-damage|p1a: Nick|0 fnt
|faint|p1a: Nick
|
|
|switch|p1a: Penelope|Amoonguss, F, shiny|432\/432
|-damage|p1a: Penelope|378\/432|[from] Stealth Rock
|turn|21
|
|switch|p2a: B PUNCH!!!|Scizor-Mega, M, shiny|263\/281
|move|p1a: Penelope|Giga Drain|p2a: B PUNCH!!!
|-resisted|p2a: B PUNCH!!!
|-damage|p2a: B PUNCH!!!|243\/281
|-heal|p1a: Penelope|388\/432|[from] drain|[of] p2a: B PUNCH!!!
|
|-heal|p1a: Penelope|415\/432|[from] item: Black Sludge
|turn|22
|
|switch|p1a: Chase|Zapdos|283\/383
|-damage|p1a: Chase|188\/383|[from] Stealth Rock
|-ability|p1a: Chase|Pressure
|move|p2a: B PUNCH!!!|Swords Dance|p2a: B PUNCH!!!
|-boost|p2a: B PUNCH!!!|atk|2
|
|-heal|p1a: Chase|211\/383|[from] item: Leftovers
|turn|23
|
|switch|p2a: Rhyfight|Rhyperior, M|372\/372
|move|p1a: Chase|Roost|p1a: Chase
|-heal|p1a: Chase|383\/383
|
|turn|24
|
|move|p1a: Chase|Defog|p2a: Rhyfight
|-unboost|p2a: Rhyfight|evasion|1
|-sideend|p1: mastermind15|Stealth Rock|[from] move: Defog|[of] p1a: Chase
|move|p2a: Rhyfight|Rock Slide|p1a: Chase
|-supereffective|p1a: Chase
|-damage|p1a: Chase|155\/383
|
|-heal|p1a: Chase|178\/383|[from] item: Leftovers
|turn|25
|
|move|p1a: Chase|Roost|p1a: Chase
|-heal|p1a: Chase|370\/383
|move|p2a: Rhyfight|Earthquake|p1a: Chase
|-supereffective|p1a: Chase
|-damage|p1a: Chase|52\/383
|
|-heal|p1a: Chase|75\/383|[from] item: Leftovers
|turn|26
|
|move|p1a: Chase|Roost|p1a: Chase
|-heal|p1a: Chase|267\/383
|move|p2a: Rhyfight|Earthquake|p1a: Chase
|-supereffective|p1a: Chase
|-damage|p1a: Chase|0 fnt
|faint|p1a: Chase
|
|
|switch|p1a: Penelope|Amoonguss, F, shiny|432\/432
|turn|27
|
|move|p2a: Rhyfight|Ice Punch|p1a: Penelope
|-supereffective|p1a: Penelope
|-damage|p1a: Penelope|174\/432
|move|p1a: Penelope|Foul Play|p2a: Rhyfight
|-damage|p2a: Rhyfight|279\/372
|
|-heal|p1a: Penelope|201\/432|[from] item: Black Sludge
|turn|28
|
|move|p2a: Rhyfight|Ice Punch|p1a: Penelope
|-supereffective|p1a: Penelope
|-damage|p1a: Penelope|0 fnt
|faint|p1a: Penelope
|
|win|Nyhita
|raw|Ladder updating...
|raw|mastermind15's rating: 1719 &rarr; <strong>1702<\/strong><br \/>(-17 for losing)
|raw|Nyhita's rating: 1771 &rarr; <strong>1788<\/strong><br \/>(+17 for winning)
|leave|mastermind15
|player|p1