|join|mastermind15
|join|MegaStarUniverse
|player|p1|mastermind15|33
|player|p2|MegaStarUniverse|143
|gametype|singles
|gen|6
|tier|OU
|clearpoke
|poke|p1|Slowbro, M, shiny
|poke|p1|Gliscor, M
|poke|p1|Amoonguss, F, shiny
|poke|p1|Tyranitar, M
|poke|p1|Zapdos
|poke|p1|Metagross
|poke|p2|Heatran, F, shiny
|poke|p2|Keldeo-Resolute
|poke|p2|Landorus-Therian, M
|poke|p2|Scizor, M
|poke|p2|Latios, M
|poke|p2|Clefable, M, shiny
|rule|Swagger Clause: Swagger is banned
|rule|Baton Pass Clause: Limit one PokÃ©mon knowing Baton Pass
|rule|Sleep Clause Mod: Limit one foe put to sleep
|rule|Species Clause: Limit one of each PokÃ©mon
|rule|OHKO Clause: OHKO moves are banned
|rule|Moody Clause: Moody is banned
|rule|Evasion Moves Clause: Evasion moves are banned
|rule|Endless Battle Clause: Forcing endless battles is banned
|rule|HP Percentage Mod: HP is shown in percentages
|teampreview
|join|LMay
|join|Always On Tilt
|leave|LMay
|c|âMegaStarUniverse|im dead
|c|âmastermind15|why?
|c|âMegaStarUniverse|i seen you battle before
|c|âmastermind15|lol, where in a tournament?
|
|start
|switch|p1a: Bill|Slowbro, M, shiny|394\/394
|switch|p2a: Mob Barley is Garb|Landorus-Therian, M|382\/382
|-ability|p2a: Mob Barley is Garb|Intimidate|[of] p1a: Bill
|-unboost|p1a: Bill|atk|1
|turn|1
|c|âMegaStarUniverse|no
|
|move|p2a: Mob Barley is Garb|U-turn|p1a: Bill
|-supereffective|p1a: Bill
|-damage|p1a: Bill|294\/394
|
|switch|p2a: CleanerThenRotom-W|Clefable, M, shiny|394\/394
|move|p1a: Bill|Ice Beam|p2a: CleanerThenRotom-W
|-damage|p2a: CleanerThenRotom-W|336\/394
|
|turn|2
|c|âmastermind15|wait a second, you are naming your mons after the famous players aren't you?!
|c|âMegaStarUniverse|lol
|c|âmastermind15|did I make the cut?
|
|switch|p1a: Ivan|Gliscor, M|352\/352
|move|p2a: CleanerThenRotom-W|Fire Blast|p1a: Ivan
|-crit|p1a: Ivan
|-damage|p1a: Ivan|157\/352
|
|-status|p1a: Ivan|tox|[from] item: Toxic Orb
|turn|3
|c|âMegaStarUniverse|no xD
|c|âmastermind15|nooooo
|join|Dark_380
|
|move|p1a: Ivan|Roost|p1a: Ivan
|-heal|p1a: Ivan|333\/352 tox
|move|p2a: CleanerThenRotom-W|Fire Blast|p1a: Ivan
|-damage|p1a: Ivan|195\/352 tox
|
|-heal|p1a: Ivan|239\/352 tox|[from] ability: Poison Heal
|turn|4
|
|move|p1a: Ivan|Roost|p1a: Ivan
|-heal|p1a: Ivan|352\/352 tox
|move|p2a: CleanerThenRotom-W|Soft-Boiled|p2a: CleanerThenRotom-W
|-heal|p2a: CleanerThenRotom-W|394\/394
|
|turn|5
|
|move|p1a: Ivan|Earthquake|p2a: CleanerThenRotom-W
|-crit|p2a: CleanerThenRotom-W
|-damage|p2a: CleanerThenRotom-W|222\/394
|move|p2a: CleanerThenRotom-W|Moonblast|p1a: Ivan
|-damage|p1a: Ivan|169\/352 tox
|
|-heal|p1a: Ivan|213\/352 tox|[from] ability: Poison Heal
|turn|6
|
|move|p1a: Ivan|Taunt|p2a: CleanerThenRotom-W
|-start|p2a: CleanerThenRotom-W|move: Taunt
|cant|p2a: CleanerThenRotom-W|move: Taunt|Soft-Boiled
|
|-heal|p1a: Ivan|257\/352 tox|[from] ability: Poison Heal
|turn|7
|c|âMegaStarUniverse|here it comes
|
|switch|p2a: Keldeo'ed what els|Keldeo-Resolute|324\/324
|move|p1a: Ivan|Earthquake|p2a: Keldeo'ed what els
|-crit|p2a: Keldeo'ed what els
|-damage|p2a: Keldeo'ed what els|152\/324
|
|-heal|p2a: Keldeo'ed what els|172\/324|[from] item: Leftovers
|-heal|p1a: Ivan|301\/352 tox|[from] ability: Poison Heal
|turn|8
|c|âMegaStarUniverse|alright...
|
|switch|p2a: Tele is Garbage|Heatran, F, shiny|324\/324
|switch|p1a: Penelope|Amoonguss, F, shiny|432\/432
|
|turn|9
|
|move|p2a: Tele is Garbage|Fire Blast|p1a: Penelope
|-supereffective|p1a: Penelope
|-damage|p1a: Penelope|0 fnt
|faint|p1a: Penelope
|
|c| Dark_380|k
|
|switch|p1a: Ivan|Gliscor, M|301\/352 tox
|turn|10
|c|âMegaStarUniverse|the counter?
|c|âmastermind15|thought i could live it, it was a bad play
|c|âMegaStarUniverse|hmmmm
|
|move|p2a: Tele is Garbage|Fire Blast|p1a: Ivan
|-crit|p1a: Ivan
|-damage|p1a: Ivan|0 fnt
|faint|p1a: Ivan
|
|c|âMegaStarUniverse|crit not matter
|c|âMegaStarUniverse|i don't think
|
|switch|p1a: Sam|Tyranitar, M|341\/341
|-weather|Sandstorm
|turn|11
|
|switch|p2a: Scizor|Scizor, M|344\/344
|switch|p1a: Sebastian|Metagross|301\/301
|
|-weather|Sandstorm|[upkeep]
|turn|12
|
|switch|p1a: Larry|Zapdos|383\/383
|-ability|p1a: Larry|Pressure
|detailschange|p2a: Scizor|Scizor-Mega, M
|message|Scizor has Mega Evolved into Mega Scizor!
|move|p2a: Scizor|Roost|p2a: Scizor
|-fail|p2a: Scizor
|
|-weather|Sandstorm|[upkeep]
|-damage|p1a: Larry|360\/383|[from] sandstorm
|-heal|p1a: Larry|383\/383|[from] item: Leftovers
|turn|13
|
|switch|p1a: Bill|Slowbro, M, shiny|394\/394
|switch|p2a: Tele is Garbage|Heatran, F, shiny|324\/324
|
|-weather|Sandstorm|[upkeep]
|-damage|p1a: Bill|370\/394|[from] sandstorm
|turn|14
|
|switch|p1a: Sebastian|Metagross|301\/301
|move|p2a: Tele is Garbage|Fire Blast|p1a: Sebastian
|-supereffective|p1a: Sebastian
|-damage|p1a: Sebastian|0 fnt
|faint|p1a: Sebastian
|
|-weather|Sandstorm|[upkeep]
|
|switch|p1a: Bill|Slowbro, M, shiny|394\/394
|turn|15
|
|move|p2a: Tele is Garbage|Fire Blast|p1a: Bill
|-resisted|p1a: Bill
|-damage|p1a: Bill|268\/394
|move|p1a: Bill|Scald|p2a: Tele is Garbage
|-supereffective|p2a: Tele is Garbage
|-damage|p2a: Tele is Garbage|150\/324
|
|-weather|none
|turn|16
|c|âMegaStarUniverse|god is that AV?
|c|âMegaStarUniverse|alright lol
|c| Dark_380|no
|c|âmastermind15|this heatran...
|c|âMegaStarUniverse|is power ^
|c| Dark_380|it's a slowbro
|c|âMegaStarUniverse|dude
|
|switch|p2a: Dark_380 is a God|Latios, M|301\/301
|move|p1a: Bill|Scald|p2a: Dark_380 is a God
|-resisted|p2a: Dark_380 is a God
|-damage|p2a: Dark_380 is a God|259\/301
|
|turn|17
|c| Dark_380|that's not a Latias
|
|switch|p2a: Scizor|Scizor-Mega, M|344\/344
|switch|p1a: Sam|Tyranitar, M|341\/341
|-weather|Sandstorm
|
|-weather|Sandstorm|[upkeep]
|turn|18
|c|âMegaStarUniverse|lol
|
|switch|p1a: Larry|Zapdos|383\/383
|-ability|p1a: Larry|Pressure
|move|p2a: Scizor|Swords Dance|p2a: Scizor
|-boost|p2a: Scizor|atk|2
|
|-weather|Sandstorm|[upkeep]
|-damage|p1a: Larry|360\/383|[from] sandstorm
|-heal|p1a: Larry|383\/383|[from] item: Leftovers
|turn|19
|
|switch|p2a: Mob Barley is Garb|Landorus-Therian, M|382\/382
|-ability|p2a: Mob Barley is Garb|Intimidate|[of] p1a: Larry
|-unboost|p1a: Larry|atk|1
|move|p1a: Larry|Heat Wave|p2a: Mob Barley is Garb
|-damage|p2a: Mob Barley is Garb|262\/382
|
|-weather|Sandstorm|[upkeep]
|-damage|p1a: Larry|360\/383|[from] sandstorm
|-heal|p1a: Larry|383\/383|[from] item: Leftovers
|-heal|p2a: Mob Barley is Garb|285\/382|[from] item: Leftovers
|turn|20
|
|switch|p1a: Bill|Slowbro, M, shiny|394\/394
|move|p2a: Mob Barley is Garb|Stealth Rock|p1a: Bill
|-sidestart|p1: mastermind15|move: Stealth Rock
|
|-weather|Sandstorm|[upkeep]
|-damage|p1a: Bill|370\/394|[from] sandstorm
|-heal|p2a: Mob Barley is Garb|308\/382|[from] item: Leftovers
|turn|21
|
|move|p2a: Mob Barley is Garb|U-turn|p1a: Bill
|-supereffective|p1a: Bill
|-damage|p1a: Bill|268\/394
|c|âMegaStarUniverse|.
|
|switch|p2a: CleanerThenRotom-W|Clefable, M, shiny|222\/394
|move|p1a: Bill|Scald|p2a: CleanerThenRotom-W
|-damage|p2a: CleanerThenRotom-W|132\/394
|-status|p2a: CleanerThenRotom-W|brn
|
|-weather|none
|turn|22
|
|switch|p1a: Larry|Zapdos|383\/383
|-damage|p1a: Larry|288\/383|[from] Stealth Rock
|-ability|p1a: Larry|Pressure
|move|p2a: CleanerThenRotom-W|Soft-Boiled|p2a: CleanerThenRotom-W
|-heal|p2a: CleanerThenRotom-W|329\/394 brn
|
|-heal|p1a: Larry|311\/383|[from] item: Leftovers
|turn|23
|
|move|p1a: Larry|Defog|p2a: CleanerThenRotom-W
|-unboost|p2a: CleanerThenRotom-W|evasion|1
|-sideend|p1: mastermind15|Stealth Rock|[from] move: Defog|[of] p1a: Larry
|move|p2a: CleanerThenRotom-W|Calm Mind|p2a: CleanerThenRotom-W
|-boost|p2a: CleanerThenRotom-W|spa|1
|-boost|p2a: CleanerThenRotom-W|spd|1
|
|-heal|p1a: Larry|334\/383|[from] item: Leftovers
|turn|24
|
|switch|p1a: Sam|Tyranitar, M|341\/341
|-weather|Sandstorm
|move|p2a: CleanerThenRotom-W|Soft-Boiled|p2a: CleanerThenRotom-W
|-heal|p2a: CleanerThenRotom-W|394\/394 brn
|
|-weather|Sandstorm|[upkeep]
|turn|25
|c|âMegaStarUniverse|cb t-tar imo
|
|move|p1a: Sam|Rock Slide|p2a: CleanerThenRotom-W
|-crit|p2a: CleanerThenRotom-W
|-damage|p2a: CleanerThenRotom-W|180\/394 brn
|cant|p2a: CleanerThenRotom-W|flinch
|
|-weather|Sandstorm|[upkeep]
|turn|26
|c|âMegaStarUniverse|ufck
|c|âMegaStarUniverse|ufck
|c|âMegaStarUniverse|fuck
|join|Irina Shayk
|
|move|p1a: Sam|Rock Slide|p2a: CleanerThenRotom-W
|-damage|p2a: CleanerThenRotom-W|44\/394 brn
|move|p2a: CleanerThenRotom-W|Soft-Boiled|p2a: CleanerThenRotom-W
|-heal|p2a: CleanerThenRotom-W|241\/394 brn
|
|-weather|Sandstorm|[upkeep]
|turn|27
|c|âMegaStarUniverse|alright.....
|c| Dark_380|goodbye megray
|c| Dark_380|mega*
|c|âMegaStarUniverse|the rock sldie t-tar is real lol
|c|âMegaStarUniverse|LOl
|c| Dark_380|it was fun
|c| Dark_380|the whole 3 battles i had with you
|c|âMegaStarUniverse|no im gonna break through
|c|âMegaStarUniverse|!!!
|
|move|p1a: Sam|Rock Slide|p2a: CleanerThenRotom-W
|-crit|p2a: CleanerThenRotom-W
|-damage|p2a: CleanerThenRotom-W|18\/394 brn
|cant|p2a: CleanerThenRotom-W|flinch
|
|-weather|Sandstorm|[upkeep]
|turn|28
|c| Dark_380|ezpz
|
|move|p1a: Sam|Pursuit|p2a: CleanerThenRotom-W
|-resisted|p2a: CleanerThenRotom-W
|-damage|p2a: CleanerThenRotom-W|0 fnt
|faint|p2a: CleanerThenRotom-W
|
|-weather|none
|c|âMegaStarUniverse|the hax master
|c|âmastermind15|lol this battle has been haxy
|c|âMegaStarUniverse|lol
|
|switch|p2a: Mob Barley is Garb|Landorus-Therian, M|308\/382
|-ability|p2a: Mob Barley is Garb|Intimidate|[of] p1a: Sam
|-unboost|p1a: Sam|atk|1
|turn|29
|
|switch|p1a: Bill|Slowbro, M, shiny|394\/394
|move|p2a: Mob Barley is Garb|U-turn|p1a: Bill
|-supereffective|p1a: Bill
|-damage|p1a: Bill|300\/394
|
|switch|p2a: Scizor|Scizor-Mega, M|344\/344
|
|turn|30
|
|switch|p2a: Dark_380 is a God|Latios, M|259\/301
|switch|p1a: Larry|Zapdos|334\/383
|-ability|p1a: Larry|Pressure
|
|-heal|p1a: Larry|357\/383|[from] item: Leftovers
|turn|31
|
|switch|p1a: Bill|Slowbro, M, shiny|394\/394
|move|p2a: Dark_380 is a God|Draco Meteor|p1a: Bill
|-damage|p1a: Bill|202\/394
|-unboost|p2a: Dark_380 is a God|spa|2
|
|turn|32
|
|switch|p2a: Keldeo'ed what els|Keldeo-Resolute|172\/324
|move|p1a: Bill|Scald|p2a: Keldeo'ed what els
|-resisted|p2a: Keldeo'ed what els
|-damage|p2a: Keldeo'ed what els|120\/324
|
|-heal|p2a: Keldeo'ed what els|140\/324|[from] item: Leftovers
|turn|33
|
|switch|p2a: Scizor|Scizor-Mega, M|344\/344
|move|p1a: Bill|Psychic|p2a: Scizor
|-resisted|p2a: Scizor
|-damage|p2a: Scizor|297\/344
|
|turn|34
|
|switch|p2a: Keldeo'ed what els|Keldeo-Resolute|140\/324
|switch|p1a: Larry|Zapdos|357\/383
|-ability|p1a: Larry|Pressure
|
|-heal|p2a: Keldeo'ed what els|160\/324|[from] item: Leftovers
|-heal|p1a: Larry|380\/383|[from] item: Leftovers
|turn|35
|
|switch|p1a: Bill|Slowbro, M, shiny|333\/394
|move|p2a: Keldeo'ed what els|Scald|p1a: Bill
|-resisted|p1a: Bill
|-damage|p1a: Bill|275\/394
|
|-heal|p2a: Keldeo'ed what els|180\/324|[from] item: Leftovers
|turn|36
|
|move|p2a: Keldeo'ed what els|Scald|p1a: Bill
|-resisted|p1a: Bill
|-damage|p1a: Bill|221\/394
|move|p1a: Bill|Fire Blast|p2a: Keldeo'ed what els|[miss]
|-miss|p1a: Bill|p2a: Keldeo'ed what els
|
|-heal|p2a: Keldeo'ed what els|200\/324|[from] item: Leftovers
|turn|37
|
|move|p2a: Keldeo'ed what els|Calm Mind|p2a: Keldeo'ed what els
|-boost|p2a: Keldeo'ed what els|spa|1
|-boost|p2a: Keldeo'ed what els|spd|1
|move|p1a: Bill|Psychic|p2a: Keldeo'ed what els
|-supereffective|p2a: Keldeo'ed what els
|-damage|p2a: Keldeo'ed what els|38\/324
|
|-heal|p2a: Keldeo'ed what els|58\/324|[from] item: Leftovers
|turn|38
|
|move|p2a: Keldeo'ed what els|Scald|p1a: Bill
|-resisted|p1a: Bill
|-damage|p1a: Bill|141\/394
|move|p1a: Bill|Psychic|p2a: Keldeo'ed what els
|-supereffective|p2a: Keldeo'ed what els
|-damage|p2a: Keldeo'ed what els|0 fnt
|faint|p2a: Keldeo'ed what els
|
|
|switch|p2a: Tele is Garbage|Heatran, F, shiny|150\/324
|turn|39
|c|âMegaStarUniverse|kill
|
|switch|p1a: Sam|Tyranitar, M|341\/341
|-weather|Sandstorm
|move|p2a: Tele is Garbage|Fire Blast|p1a: Sam|[miss]
|-miss|p2a: Tele is Garbage|p1a: Sam
|
|-weather|Sandstorm|[upkeep]
|turn|40
|c|âMegaStarUniverse|hax imo
|c|âmastermind15|yeah
|c|âMegaStarUniverse|pursuit here
|
|switch|p1a: Bill|Slowbro, M, shiny|272\/394
|move|p2a: Tele is Garbage|Fire Blast|p1a: Bill
|-resisted|p1a: Bill
|-damage|p1a: Bill|145\/394
|
|-weather|Sandstorm|[upkeep]
|-damage|p1a: Bill|121\/394|[from] sandstorm
|turn|41
|
|switch|p1a: Sam|Tyranitar, M|341\/341
|move|p2a: Tele is Garbage|Fire Blast|p1a: Sam
|-resisted|p1a: Sam
|-damage|p1a: Sam|290\/341
|-status|p1a: Sam|brn
|
|-weather|Sandstorm|[upkeep]
|-damage|p1a: Sam|248\/341 brn|[from] brn
|turn|42
|c| Dark_380|clean
|
|move|p2a: Tele is Garbage|Fire Blast|p1a: Sam
|-resisted|p1a: Sam
|-damage|p1a: Sam|192\/341 brn
|move|p1a: Sam|Superpower|p2a: Tele is Garbage
|-supereffective|p2a: Tele is Garbage
|-damage|p2a: Tele is Garbage|10\/324
|-unboost|p1a: Sam|atk|1
|-unboost|p1a: Sam|def|1
|
|-weather|Sandstorm|[upkeep]
|-damage|p1a: Sam|150\/341 brn|[from] brn
|turn|43
|
|-activate|p2a: Tele is Garbage|move: Struggle
|move|p2a: Tele is Garbage|Struggle|p1a: Sam
|-crit|p1a: Sam
|-damage|p1a: Sam|83\/341 brn
|-damage|p2a: Tele is Garbage|0 fnt
|faint|p2a: Tele is Garbage
|move|p1a: Sam|Pursuit|p2: Tele is Garbage|[notarget]
|-notarget
|
|-weather|none
|-damage|p1a: Sam|41\/341 brn|[from] brn
|c|âMegaStarUniverse|damage is good
|
|switch|p2a: Dark_380 is a God|Latios, M|259\/301
|turn|44
|c|âMegaStarUniverse|alright game changer right here
|c|âMegaStarUniverse|please hit
|c| Dark_380|why didn't u just go lando
|
|move|p2a: Dark_380 is a God|Draco Meteor|p1a: Sam
|-damage|p1a: Sam|0 fnt
|-unboost|p2a: Dark_380 is a God|spa|2
|faint|p1a: Sam
|
|c|âMegaStarUniverse|i don't wanna risk him having some speed ice beam shit
|
|switch|p1a: Bill|Slowbro, M, shiny|252\/394
|turn|45
|c|âMegaStarUniverse|this av slowbro is good
|
|switch|p2a: Mob Barley is Garb|Landorus-Therian, M|308\/382
|-ability|p2a: Mob Barley is Garb|Intimidate|[of] p1a: Bill
|-unboost|p1a: Bill|atk|1
|move|p1a: Bill|Scald|p2a: Mob Barley is Garb
|-supereffective|p2a: Mob Barley is Garb
|-damage|p2a: Mob Barley is Garb|92\/382
|
|-heal|p2a: Mob Barley is Garb|115\/382|[from] item: Leftovers
|turn|46
|
|switch|p1a: Larry|Zapdos|380\/383
|-ability|p1a: Larry|Pressure
|move|p2a: Mob Barley is Garb|U-turn|p1a: Larry
|-resisted|p1a: Larry
|-damage|p1a: Larry|347\/383
|
|switch|p2a: Dark_380 is a God|Latios, M|259\/301
|
|-heal|p1a: Larry|370\/383|[from] item: Leftovers
|turn|47
|
|move|p2a: Dark_380 is a God|Trick|p1a: Larry
|-activate|p2a: Dark_380 is a God|move: Trick|[of] p1a: Larry
|-item|p1a: Larry|Choice Scarf|[from] move: Trick
|-item|p2a: Dark_380 is a God|Leftovers|[from] move: Trick
|move|p1a: Larry|Roost|p1a: Larry
|-heal|p1a: Larry|383\/383
|
|-heal|p2a: Dark_380 is a God|277\/301|[from] item: Leftovers
|turn|48
|
|switch|p1a: Bill|Slowbro, M, shiny|383\/394
|move|p2a: Dark_380 is a God|Trick|p1a: Bill
|-activate|p2a: Dark_380 is a God|move: Trick|[of] p1a: Bill
|-item|p1a: Bill|Leftovers|[from] move: Trick
|-item|p2a: Dark_380 is a God|Assault Vest|[from] move: Trick
|
|-heal|p1a: Bill|394\/394|[from] item: Leftovers
|turn|49
|
|move|p2a: Dark_380 is a God|Draco Meteor|p1a: Bill
|-damage|p1a: Bill|99\/394
|-unboost|p2a: Dark_380 is a God|spa|2
|move|p1a: Bill|Ice Beam|p2a: Dark_380 is a God
|-supereffective|p2a: Dark_380 is a God
|-damage|p2a: Dark_380 is a God|185\/301
|
|-heal|p1a: Bill|123\/394|[from] item: Leftovers
|turn|50
|c|âMegaStarUniverse|im gonna miss
|c|âMegaStarUniverse|ahhh not bad
|
|switch|p2a: Scizor|Scizor-Mega, M|297\/344
|switch|p1a: Larry|Zapdos|383\/383
|-ability|p1a: Larry|Pressure
|
|turn|51
|join|Exiline
|
|switch|p2a: Dark_380 is a God|Latios, M|185\/301
|move|p1a: Larry|Heat Wave|p2a: Dark_380 is a God
|-resisted|p2a: Dark_380 is a God
|-damage|p2a: Dark_380 is a God|158\/301
|
|turn|52
|
|move|p1a: Larry|Heat Wave|p2a: Dark_380 is a God
|-resisted|p2a: Dark_380 is a God
|-damage|p2a: Dark_380 is a God|131\/301
|move|p2a: Dark_380 is a God|Draco Meteor|p1a: Larry
|-damage|p1a: Larry|145\/383
|-unboost|p2a: Dark_380 is a God|spa|2
|
|turn|53
|
|switch|p1a: Bill|Slowbro, M, shiny|254\/394
|switch|p2a: Mob Barley is Garb|Landorus-Therian, M|115\/382
|-ability|p2a: Mob Barley is Garb|Intimidate|[of] p1a: Bill
|-unboost|p1a: Bill|atk|1
|
|-heal|p2a: Mob Barley is Garb|138\/382|[from] item: Leftovers
|-heal|p1a: Bill|278\/394|[from] item: Leftovers
|turn|54
|
|switch|p1a: Larry|Zapdos|145\/383
|-ability|p1a: Larry|Pressure
|move|p2a: Mob Barley is Garb|Stealth Rock|p1a: Larry
|-sidestart|p1: mastermind15|move: Stealth Rock
|
|-heal|p2a: Mob Barley is Garb|161\/382|[from] item: Leftovers
|turn|55
|
|move|p1a: Larry|Heat Wave|p2a: Mob Barley is Garb
|-damage|p2a: Mob Barley is Garb|45\/382
|move|p2a: Mob Barley is Garb|Earthquake|p1a: Larry
|-immune|p1a: Larry|[msg]
|
|-heal|p2a: Mob Barley is Garb|68\/382|[from] item: Leftovers
|turn|56
|
|move|p1a: Larry|Heat Wave|p2a: Mob Barley is Garb
|-damage|p2a: Mob Barley is Garb|0 fnt
|faint|p2a: Mob Barley is Garb
|
|join|nope never again
|
|switch|p2a: Dark_380 is a God|Latios, M|131\/301
|turn|57
|leave|nope never again
|join|nope never again
|
|move|p1a: Larry|Heat Wave|p2a: Dark_380 is a God
|-resisted|p2a: Dark_380 is a God
|-damage|p2a: Dark_380 is a God|104\/301
|move|p2a: Dark_380 is a God|Draco Meteor|p1a: Larry
|-damage|p1a: Larry|0 fnt
|-unboost|p2a: Dark_380 is a God|spa|2
|faint|p1a: Larry
|
|c|âMegaStarUniverse|hit
|c|âMegaStarUniverse|aahhhh nice
|leave|nope never again
|
|switch|p1a: Bill|Slowbro, M, shiny|394\/394
|-damage|p1a: Bill|345\/394|[from] Stealth Rock
|turn|58
|c|âMegaStarUniverse|now if i can hit this last draco
|c|âMegaStarUniverse|.........
|c|âMegaStarUniverse|im gonna miss
|c| Dark_380|umm
|c|âMegaStarUniverse|watch
|
|move|p2a: Dark_380 is a God|Draco Meteor|p1a: Bill
|-damage|p1a: Bill|209\/394
|-unboost|p2a: Dark_380 is a God|spa|2
|move|p1a: Bill|Ice Beam|p2a: Dark_380 is a God
|-supereffective|p2a: Dark_380 is a God
|-damage|p2a: Dark_380 is a God|16\/301
|
|-heal|p1a: Bill|233\/394|[from] item: Leftovers
|turn|59
|c| Dark_380|not switching?
|c|âMegaStarUniverse|no
|c| Dark_380|or do u have like
|
|move|p2a: Dark_380 is a God|Psyshock|p1a: Bill
|-resisted|p1a: Bill
|-damage|p1a: Bill|218\/394
|move|p1a: Bill|Fire Blast|p2a: Dark_380 is a God|[miss]
|-miss|p1a: Bill|p2a: Dark_380 is a God
|
|-heal|p1a: Bill|242\/394|[from] item: Leftovers
|turn|60
|c| Dark_380|bug bite \/ u turn
|
|move|p2a: Dark_380 is a God|Psyshock|p1a: Bill
|-resisted|p1a: Bill
|-damage|p1a: Bill|227\/394
|move|p1a: Bill|Fire Blast|p2a: Dark_380 is a God
|-resisted|p2a: Dark_380 is a God
|-damage|p2a: Dark_380 is a God|0 fnt
|faint|p2a: Dark_380 is a God
|
|-heal|p1a: Bill|251\/394|[from] item: Leftovers
|c| Dark_380|did u just choke this~?
|
|switch|p2a: Scizor|Scizor-Mega, M|297\/344
|turn|61
|c| Dark_380|he has fire blast
|c|âMegaStarUniverse|i don't know
|c|âMegaStarUniverse|i gotta calc
|
|move|p2a: Scizor|Bug Bite|p1a: Bill
|-supereffective|p1a: Bill
|-damage|p1a: Bill|17\/394
|move|p1a: Bill|Fire Blast|p2a: Scizor
|-supereffective|p2a: Scizor
|-damage|p2a: Scizor|0 fnt
|faint|p2a: Scizor
|
|win|mastermind15
|c| Dark_380|welp
|c|âMegaStarUniverse|man
|c|âMegaStarUniverse|gg
|c|âmastermind15|greatest battle ever
|leave|MegaStarUniverse
|player|p2
|c|âmastermind15|EVER!!!!
|c| Dark_380|not rly
|leave|Exiline
|c| Dark_380|anticlimatic ending when he just gives u the win
|c|âmastermind15|jk
|c| Dark_380|non stop hax lmao
|c| Dark_380|oml
|c| Dark_380|well
|c| Dark_380|cya
|c|âmastermind15|still can't believe i won though lol
|c| Dark_380|yeah gz
|c| Dark_380|go win m8
|c|âmastermind15|well, on to the next one
|leave|Dark_380
|c|âmastermind15|i gotta save this
|leave|Irina Shayk
|join|Edwardo M
|leave|Edwardo M