|join|mastermind15
|join|somenoobz
|player|p1|mastermind15|33
|player|p2|somenoobz|1
|gametype|singles
|gen|6
|tier|OU
|clearpoke
|poke|p1|Slowbro, M, shiny
|poke|p1|Gliscor, M
|poke|p1|Amoonguss, F, shiny
|poke|p1|Tyranitar, M
|poke|p1|Zapdos
|poke|p1|Gardevoir, F, shiny
|poke|p2|Dragonite, F
|poke|p2|Tyranitar, M
|poke|p2|Heatran, M
|poke|p2|Landorus, M
|poke|p2|Gyarados, F
|poke|p2|Greninja, M
|rule|Swagger Clause: Swagger is banned
|rule|Baton Pass Clause: Limit one PokÃ©mon knowing Baton Pass
|rule|Sleep Clause Mod: Limit one foe put to sleep
|rule|Species Clause: Limit one of each PokÃ©mon
|rule|OHKO Clause: OHKO moves are banned
|rule|Moody Clause: Moody is banned
|rule|Evasion Moves Clause: Evasion moves are banned
|rule|Endless Battle Clause: Forcing endless battles is banned
|rule|HP Percentage Mod: HP is shown in percentages
|teampreview
|
|start
|switch|p1a: Sam|Tyranitar, M|341\/341
|switch|p2a: Heatran|Heatran, M|324\/324
|-item|p2a: Heatran|Air Balloon
|-weather|Sandstorm
|turn|1
|
|move|p2a: Heatran|Stealth Rock|p1a: Sam
|-sidestart|p1: mastermind15|move: Stealth Rock
|move|p1a: Sam|Superpower|p2a: Heatran
|-crit|p2a: Heatran
|-supereffective|p2a: Heatran
|-damage|p2a: Heatran|0 fnt
|-enditem|p2a: Heatran|Air Balloon
|-unboost|p1a: Sam|atk|1
|-unboost|p1a: Sam|def|1
|faint|p2a: Heatran
|
|-weather|Sandstorm|[upkeep]
|
|switch|p2a: Tyranitar|Tyranitar, M|342\/342
|turn|2
|
|switch|p2a: Gyarados|Gyarados, F|331\/331
|-ability|p2a: Gyarados|Intimidate|[of] p1a: Sam
|-unboost|p1a: Sam|atk|1
|switch|p1a: Ivan|Gliscor, M|352\/352
|-damage|p1a: Ivan|308\/352|[from] Stealth Rock
|
|-weather|Sandstorm|[upkeep]
|-damage|p2a: Gyarados|311\/331|[from] sandstorm
|-heal|p2a: Gyarados|331\/331|[from] item: Leftovers
|-status|p1a: Ivan|tox|[from] item: Toxic Orb
|turn|3
|
|switch|p1a: Penelope|Amoonguss, F, shiny|432\/432
|-damage|p1a: Penelope|378\/432|[from] Stealth Rock
|move|p2a: Gyarados|Taunt|p1a: Penelope
|-start|p1a: Penelope|move: Taunt
|
|-weather|Sandstorm|[upkeep]
|-damage|p2a: Gyarados|311\/331|[from] sandstorm
|-damage|p1a: Penelope|351\/432|[from] sandstorm
|-heal|p2a: Gyarados|331\/331|[from] item: Leftovers
|-heal|p1a: Penelope|378\/432|[from] item: Black Sludge
|turn|4
|
|move|p2a: Gyarados|Dragon Dance|p2a: Gyarados
|-boost|p2a: Gyarados|atk|1
|-boost|p2a: Gyarados|spe|1
|move|p1a: Penelope|Giga Drain|p2a: Gyarados
|-damage|p2a: Gyarados|262\/331
|-heal|p1a: Penelope|413\/432|[from] drain|[of] p2a: Gyarados
|
|-weather|Sandstorm|[upkeep]
|-damage|p2a: Gyarados|242\/331|[from] sandstorm
|-damage|p1a: Penelope|386\/432|[from] sandstorm
|-heal|p2a: Gyarados|262\/331|[from] item: Leftovers
|-heal|p1a: Penelope|413\/432|[from] item: Black Sludge
|turn|5
|
|move|p2a: Gyarados|Dragon Dance|p2a: Gyarados
|-boost|p2a: Gyarados|atk|1
|-boost|p2a: Gyarados|spe|1
|move|p1a: Penelope|Foul Play|p2a: Gyarados
|-damage|p2a: Gyarados|38\/331
|
|-weather|none
|-heal|p2a: Gyarados|58\/331|[from] item: Leftovers
|-heal|p1a: Penelope|432\/432|[from] item: Black Sludge
|turn|6
|
|move|p2a: Gyarados|Earthquake|p1a: Penelope
|-damage|p1a: Penelope|189\/432
|move|p1a: Penelope|Foul Play|p2a: Gyarados
|-damage|p2a: Gyarados|0 fnt
|faint|p2a: Gyarados
|
|-heal|p1a: Penelope|216\/432|[from] item: Black Sludge
|-end|p1a: Penelope|move: Taunt
|
|switch|p2a: Greninja|Greninja, M|296\/296
|turn|7
|
|switch|p1a: Sam|Tyranitar, M|341\/341
|-damage|p1a: Sam|299\/341|[from] Stealth Rock
|-weather|Sandstorm
|move|p2a: Greninja|Dark Pulse|p1a: Sam
|-start|p2a: Greninja|typechange|Dark|[from] Protean
|-crit|p1a: Sam
|-resisted|p1a: Sam
|-damage|p1a: Sam|260\/341
|-damage|p2a: Greninja|267\/296|[from] item: Life Orb
|
|-weather|Sandstorm|[upkeep]
|-damage|p2a: Greninja|249\/296|[from] sandstorm
|turn|8
|
|move|p2a: Greninja|Scald|p1a: Sam
|-start|p2a: Greninja|typechange|Water|[from] Protean
|-supereffective|p1a: Sam
|-damage|p1a: Sam|159\/341
|-damage|p2a: Greninja|220\/296|[from] item: Life Orb
|move|p1a: Sam|Crunch|p2a: Greninja
|-damage|p2a: Greninja|25\/296
|-unboost|p2a: Greninja|def|1
|
|-weather|Sandstorm|[upkeep]
|-damage|p2a: Greninja|7\/296|[from] sandstorm
|turn|9
|
|switch|p1a: Bill|Slowbro, M, shiny|394\/394
|-damage|p1a: Bill|345\/394|[from] Stealth Rock
|move|p2a: Greninja|Scald|p1a: Bill
|-resisted|p1a: Bill
|-damage|p1a: Bill|284\/394
|-damage|p2a: Greninja|0 fnt|[from] item: Life Orb
|faint|p2a: Greninja
|
|-weather|Sandstorm|[upkeep]
|-damage|p1a: Bill|260\/394|[from] sandstorm
|
|switch|p2a: Landorus|Landorus, M|319\/319
|turn|10
|
|move|p2a: Landorus|Calm Mind|p2a: Landorus
|-boost|p2a: Landorus|spa|1
|-boost|p2a: Landorus|spd|1
|move|p1a: Bill|Ice Beam|p2a: Landorus
|-supereffective|p2a: Landorus
|-enditem|p2a: Landorus|Yache Berry|[eat]
|-damage|p2a: Landorus|211\/319
|
|-weather|Sandstorm|[upkeep]
|-damage|p1a: Bill|236\/394|[from] sandstorm
|turn|11
|join|Frickett
|
|switch|p1a: Sam|Tyranitar, M|159\/341
|-damage|p1a: Sam|117\/341|[from] Stealth Rock
|move|p2a: Landorus|Sludge Bomb|p1a: Sam
|-resisted|p1a: Sam
|-damage|p1a: Sam|93\/341
|-status|p1a: Sam|psn
|
|-weather|none
|-damage|p1a: Sam|51\/341 psn|[from] psn
|turn|12
|
|move|p2a: Landorus|Earth Power|p1a: Sam
|-supereffective|p1a: Sam
|-damage|p1a: Sam|0 fnt
|faint|p1a: Sam
|
|
|switch|p1a: Bill|Slowbro, M, shiny|367\/394
|-damage|p1a: Bill|318\/394|[from] Stealth Rock
|turn|13
|
|switch|p1a: Penelope|Amoonguss, F, shiny|360\/432
|-damage|p1a: Penelope|306\/432|[from] Stealth Rock
|move|p2a: Landorus|Sludge Bomb|p1a: Penelope
|-damage|p1a: Penelope|178\/432
|
|-heal|p1a: Penelope|205\/432|[from] item: Black Sludge
|turn|14
|
|move|p2a: Landorus|Psychic|p1a: Penelope
|-supereffective|p1a: Penelope
|-damage|p1a: Penelope|0 fnt
|faint|p1a: Penelope
|
|
|switch|p1a: Bill|Slowbro, M, shiny|394\/394
|-damage|p1a: Bill|345\/394|[from] Stealth Rock
|turn|15
|
|move|p2a: Landorus|Sludge Bomb|p1a: Bill
|-damage|p1a: Bill|229\/394
|-status|p1a: Bill|psn
|move|p1a: Bill|Ice Beam|p2a: Landorus
|-supereffective|p2a: Landorus
|-damage|p2a: Landorus|3\/319
|
|-damage|p1a: Bill|180\/394 psn|[from] psn
|turn|16
|
|switch|p1a: Larry|Zapdos|383\/383
|-damage|p1a: Larry|288\/383|[from] Stealth Rock
|-ability|p1a: Larry|Pressure
|move|p2a: Landorus|Sludge Bomb|p1a: Larry
|-damage|p1a: Larry|137\/383
|-status|p1a: Larry|psn
|
|-heal|p1a: Larry|160\/383 psn|[from] item: Leftovers
|-damage|p1a: Larry|113\/383 psn|[from] psn
|turn|17
|
|move|p2a: Landorus|Psychic|p1a: Larry
|-damage|p1a: Larry|0 fnt
|faint|p1a: Larry
|
|
|switch|p1a: Bill|Slowbro, M, shiny|311\/394 psn
|-damage|p1a: Bill|262\/394 psn|[from] Stealth Rock
|turn|18
|
|move|p2a: Landorus|Sludge Bomb|p1a: Bill
|-damage|p1a: Bill|136\/394 psn
|move|p1a: Bill|Scald|p2a: Landorus
|-supereffective|p2a: Landorus
|-damage|p2a: Landorus|0 fnt
|faint|p2a: Landorus
|
|-damage|p1a: Bill|87\/394 psn|[from] psn
|
|switch|p2a: Dragonite|Dragonite, F|323\/323
|turn|19
|
|move|p2a: Dragonite|Dragon Dance|p2a: Dragonite
|-boost|p2a: Dragonite|atk|1
|-boost|p2a: Dragonite|spe|1
|move|p1a: Bill|Ice Beam|p2a: Dragonite
|-supereffective|p2a: Dragonite
|-damage|p2a: Dragonite|201\/323
|-enditem|p2a: Dragonite|Weakness Policy
|-boost|p2a: Dragonite|atk|2|[from] item: Weakness Policy
|-boost|p2a: Dragonite|spa|2|[from] item: Weakness Policy
|-status|p2a: Dragonite|frz
|
|-damage|p1a: Bill|38\/394 psn|[from] psn
|turn|20
|
|-curestatus|p2a: Dragonite|frz
|move|p2a: Dragonite|Dragon Claw|p1a: Bill
|-damage|p1a: Bill|0 fnt
|faint|p1a: Bill
|
|join|Draeden
|leave|Draeden
|
|switch|p1a: Ivan|Gliscor, M|308\/352 tox
|-damage|p1a: Ivan|264\/352 tox|[from] Stealth Rock
|turn|21
|
|move|p2a: Dragonite|Dragon Claw|p1a: Ivan
|-damage|p1a: Ivan|57\/352 tox
|move|p1a: Ivan|Roost|p1a: Ivan
|-heal|p1a: Ivan|233\/352 tox
|
|-heal|p1a: Ivan|277\/352 tox|[from] ability: Poison Heal
|turn|22
|
|move|p2a: Dragonite|Dragon Dance|p2a: Dragonite
|-boost|p2a: Dragonite|atk|1
|-boost|p2a: Dragonite|spe|1
|move|p1a: Ivan|Toxic|p2a: Dragonite
|-status|p2a: Dragonite|tox
|
|-damage|p2a: Dragonite|181\/323 tox|[from] psn
|-heal|p1a: Ivan|321\/352 tox|[from] ability: Poison Heal
|turn|23
|
|move|p2a: Dragonite|Dragon Dance|p2a: Dragonite
|-boost|p2a: Dragonite|atk|1
|-boost|p2a: Dragonite|spe|1
|move|p1a: Ivan|Roost|p1a: Ivan
|-heal|p1a: Ivan|352\/352 tox
|
|-damage|p2a: Dragonite|141\/323 tox|[from] psn
|turn|24
|
|move|p2a: Dragonite|Dragon Claw|p1a: Ivan
|-damage|p1a: Ivan|61\/352 tox
|move|p1a: Ivan|Roost|p1a: Ivan
|-heal|p1a: Ivan|237\/352 tox
|
|-damage|p2a: Dragonite|81\/323 tox|[from] psn
|-heal|p1a: Ivan|281\/352 tox|[from] ability: Poison Heal
|turn|25
|
|switch|p1a: Elizabeth|Gardevoir, F, shiny|277\/277
|-damage|p1a: Elizabeth|243\/277|[from] Stealth Rock
|move|p2a: Dragonite|Dragon Claw|p1a: Elizabeth
|-immune|p1a: Elizabeth|[msg]
|
|-damage|p2a: Dragonite|1\/323 tox|[from] psn
|turn|26
|c|âmastermind15|lol
|
|detailschange|p1a: Elizabeth|Gardevoir-Mega, F, shiny
|message|Gardevoir has Mega Evolved into Mega Gardevoir!
|move|p2a: Dragonite|Dragon Claw|p1a: Elizabeth
|-immune|p1a: Elizabeth|[msg]
|move|p1a: Elizabeth|Hyper Voice|p2a: Dragonite
|-supereffective|p2a: Dragonite
|-damage|p2a: Dragonite|0 fnt
|faint|p2a: Dragonite
|
|
|switch|p2a: Tyranitar|Tyranitar, M|342\/342
|-weather|Sandstorm
|turn|27
|
|detailschange|p2a: Tyranitar|Tyranitar-Mega, M
|message|Tyranitar has Mega Evolved into Mega Tyranitar!
|move|p1a: Elizabeth|Hyper Voice|p2a: Tyranitar
|-supereffective|p2a: Tyranitar
|-damage|p2a: Tyranitar|54\/342
|move|p2a: Tyranitar|Dragon Dance|p2a: Tyranitar
|-boost|p2a: Tyranitar|atk|1
|-boost|p2a: Tyranitar|spe|1
|
|-weather|Sandstorm|[upkeep]
|-damage|p1a: Elizabeth|226\/277|[from] sandstorm
|turn|28
|
|move|p2a: Tyranitar|Crunch|p1a: Elizabeth
|-damage|p1a: Elizabeth|0 fnt
|faint|p1a: Elizabeth
|
|-weather|Sandstorm|[upkeep]
|
|switch|p1a: Ivan|Gliscor, M|281\/352 tox
|-damage|p1a: Ivan|237\/352 tox|[from] Stealth Rock
|turn|29
|
|move|p2a: Tyranitar|Crunch|p1a: Ivan
|-damage|p1a: Ivan|75\/352 tox
|move|p1a: Ivan|Earthquake|p2a: Tyranitar
|-supereffective|p2a: Tyranitar
|-damage|p2a: Tyranitar|0 fnt
|faint|p2a: Tyranitar
|
|win|mastermind15
|c|âmastermind15|gg
|leave|somenoobz
|player|p2
|leave|Frickett