|join|mastermind15
|join|UBERPYRO
|player|p1|mastermind15|33
|player|p2|UBERPYRO|151
|gametype|singles
|gen|6
|tier|OU
|clearpoke
|poke|p1|Slowbro, M, shiny
|poke|p1|Zapdos
|poke|p1|Tyranitar, F
|poke|p1|Sableye, M
|poke|p1|Amoonguss, F
|poke|p1|Gothitelle, F, shiny
|poke|p2|Talonflame, M
|poke|p2|Weavile, M
|poke|p2|Gardevoir, F
|poke|p2|Thundurus, M
|poke|p2|Ferrothorn, F
|poke|p2|Latias, F
|rule|Swagger Clause: Swagger is banned
|rule|Baton Pass Clause: Limit one PokÃ©mon knowing Baton Pass
|rule|Sleep Clause Mod: Limit one foe put to sleep
|rule|Species Clause: Limit one of each PokÃ©mon
|rule|OHKO Clause: OHKO moves are banned
|rule|Moody Clause: Moody is banned
|rule|Evasion Moves Clause: Evasion moves are banned
|rule|Endless Battle Clause: Forcing endless battles is banned
|rule|HP Percentage Mod: HP is shown in percentages
|teampreview
|c|âUBERPYRO|I haven't done this for a while btw
|
|start
|switch|p1a: Sam|Tyranitar, F|341\/341
|switch|p2a: Talonflame|Talonflame, M|297\/297
|-weather|Sandstorm
|turn|1
|
|switch|p1a: Bill|Slowbro, M, shiny|394\/394
|move|p2a: Talonflame|U-turn|p1a: Bill
|-supereffective|p1a: Bill
|-damage|p1a: Bill|268\/394
|
|switch|p2a: Thundurus|Thundurus, M|299\/299
|
|-weather|Sandstorm|[upkeep]
|-damage|p2a: Thundurus|281\/299|[from] sandstorm
|-damage|p1a: Bill|244\/394|[from] sandstorm
|turn|2
|
|switch|p1a: Penelope|Amoonguss, F|432\/432
|move|p2a: Thundurus|Volt Switch|p1a: Penelope
|-resisted|p1a: Penelope
|-damage|p1a: Penelope|351\/432
|-damage|p2a: Thundurus|252\/299|[from] item: Life Orb
|
|switch|p2a: Ferrothorn|Ferrothorn, F|352\/352
|
|-weather|Sandstorm|[upkeep]
|-damage|p1a: Penelope|324\/432|[from] sandstorm
|-heal|p1a: Penelope|351\/432|[from] item: Black Sludge
|turn|3
|
|switch|p1a: Larry|Zapdos|383\/383
|-ability|p1a: Larry|Pressure
|move|p2a: Ferrothorn|Stealth Rock|p1a: Larry
|-sidestart|p1: mastermind15|move: Stealth Rock
|
|-weather|Sandstorm|[upkeep]
|-damage|p1a: Larry|360\/383|[from] sandstorm
|-heal|p1a: Larry|383\/383|[from] item: Leftovers
|turn|4
|
|switch|p2a: Thundurus|Thundurus, M|252\/299
|move|p1a: Larry|Defog|p2a: Thundurus
|-unboost|p2a: Thundurus|evasion|1
|-boost|p2a: Thundurus|atk|2|[from] ability: Defiant
|-sideend|p1: mastermind15|Stealth Rock|[from] move: Defog|[of] p1a: Larry
|
|-weather|Sandstorm|[upkeep]
|-damage|p2a: Thundurus|234\/299|[from] sandstorm
|-damage|p1a: Larry|360\/383|[from] sandstorm
|-heal|p1a: Larry|383\/383|[from] item: Leftovers
|turn|5
|
|move|p2a: Thundurus|Knock Off|p1a: Larry
|-damage|p1a: Larry|170\/383
|-enditem|p1a: Larry|Leftovers|[from] move: Knock Off|[of] p2a: Thundurus
|-damage|p2a: Thundurus|205\/299|[from] item: Life Orb
|move|p1a: Larry|Thunderbolt|p2a: Thundurus
|-damage|p2a: Thundurus|22\/299
|
|-weather|none
|turn|6
|
|move|p2a: Thundurus|Volt Switch|p1a: Larry
|-damage|p1a: Larry|0 fnt
|-damage|p2a: Thundurus|0 fnt|[from] item: Life Orb
|faint|p1a: Larry
|faint|p2a: Thundurus
|
|
|switch|p2a: Talonflame|Talonflame, M|297\/297
|switch|p1a: Jacob|Sableye, M|304\/304
|turn|7
|
|detailschange|p1a: Jacob|Sableye-Mega, M
|-mega|p1a: Jacob|Sableye|Sablenite
|move|p2a: Talonflame|Flare Blitz|p1a: Jacob
|-damage|p1a: Jacob|150\/304
|-damage|p2a: Talonflame|246\/297|[from] recoil|[of] p1a: Jacob
|move|p1a: Jacob|Knock Off|p2a: Talonflame
|-damage|p2a: Talonflame|111\/297
|-enditem|p2a: Talonflame|Choice Band|[from] move: Knock Off|[of] p1a: Jacob
|
|turn|8
|
|move|p2a: Talonflame|U-turn|p1a: Jacob
|-crit|p1a: Jacob
|-damage|p1a: Jacob|84\/304
|
|switch|p2a: Gardevoir|Gardevoir, F|277\/277
|-ability|p2a: Gardevoir|Magic Bounce|[from] ability: Trace|[of] p1a: Jacob
|move|p1a: Jacob|Recover|p1a: Jacob
|-heal|p1a: Jacob|236\/304
|
|turn|9
|
|switch|p1a: Penelope|Amoonguss, F|432\/432
|detailschange|p2a: Gardevoir|Gardevoir-Mega, F
|-mega|p2a: Gardevoir|Gardevoir|Gardevoirite
|move|p2a: Gardevoir|Hyper Voice|p1a: Penelope
|-resisted|p1a: Penelope
|-damage|p1a: Penelope|297\/432
|
|-heal|p1a: Penelope|324\/432|[from] item: Black Sludge
|turn|10
|
|switch|p2a: Ferrothorn|Ferrothorn, F|352\/352
|switch|p1a: Sam|Tyranitar, F|341\/341
|-weather|Sandstorm
|
|-weather|Sandstorm|[upkeep]
|turn|11
|
|switch|p1a: Jacob|Sableye-Mega, M|236\/304
|move|p2a: Ferrothorn|Stealth Rock|p1a: Jacob
|move|p1a: Jacob|Stealth Rock|p2a: Ferrothorn|[from]Magic Bounce
|-sidestart|p2: UBERPYRO|move: Stealth Rock
|
|-weather|Sandstorm|[upkeep]
|-damage|p1a: Jacob|217\/304|[from] sandstorm
|turn|12
|
|switch|p2a: Talonflame|Talonflame, M|111\/297
|-damage|p2a: Talonflame|0 fnt|[from] Stealth Rock
|faint|p2a: Talonflame
|move|p1a: Jacob|Knock Off|p2: Talonflame|[notarget]
|-notarget
|
|-weather|Sandstorm|[upkeep]
|-damage|p1a: Jacob|198\/304|[from] sandstorm
|
|switch|p2a: Gardevoir|Gardevoir-Mega, F|277\/277
|-damage|p2a: Gardevoir|243\/277|[from] Stealth Rock
|turn|13
|
|switch|p1a: Penelope|Amoonguss, F|432\/432
|move|p2a: Gardevoir|Psyshock|p1a: Penelope
|-supereffective|p1a: Penelope
|-damage|p1a: Penelope|42\/432
|
|-weather|Sandstorm|[upkeep]
|-damage|p2a: Gardevoir|226\/277|[from] sandstorm
|-damage|p1a: Penelope|15\/432|[from] sandstorm
|-heal|p1a: Penelope|42\/432|[from] item: Black Sludge
|turn|14
|
|switch|p1a: Bill|Slowbro, M, shiny|375\/394
|move|p2a: Gardevoir|Hyper Voice|p1a: Bill
|-damage|p1a: Bill|155\/394
|
|-weather|none
|turn|15
|c|âUBERPYRO|you might want a jirachi\/scizor on your team
|c|âmastermind15|nope, this is the best iteration
|c|âUBERPYRO|ok
|
|switch|p1a: Penelope|Amoonguss, F|186\/432
|move|p2a: Gardevoir|Hyper Voice|p1a: Penelope
|-resisted|p1a: Penelope
|-damage|p1a: Penelope|36\/432
|
|-heal|p1a: Penelope|63\/432|[from] item: Black Sludge
|turn|16
|
|switch|p1a: Theresa|Gothitelle, F, shiny|281\/281
|move|p2a: Gardevoir|Hyper Voice|p1a: Theresa
|-damage|p1a: Theresa|47\/281
|
|turn|17
|
|move|p1a: Theresa|Energy Ball|p2a: Gardevoir
|-damage|p2a: Gardevoir|156\/277
|move|p2a: Gardevoir|Hyper Voice|p1a: Theresa
|-damage|p1a: Theresa|0 fnt
|faint|p1a: Theresa
|
|
|switch|p1a: Sam|Tyranitar, F|341\/341
|-weather|Sandstorm
|turn|18
|c|âUBERPYRO|shadow ball on goth maybe?
|
|move|p2a: Gardevoir|Hyper Voice|p1a: Sam
|-supereffective|p1a: Sam
|-damage|p1a: Sam|159\/341
|move|p1a: Sam|Pursuit|p2a: Gardevoir
|-damage|p2a: Gardevoir|48\/277
|
|-weather|Sandstorm|[upkeep]
|-damage|p2a: Gardevoir|31\/277|[from] sandstorm
|turn|19
|c|âmastermind15|i don't need that coverage
|
|switch|p1a: Penelope|Amoonguss, F|207\/432
|move|p2a: Gardevoir|Hyper Voice|p1a: Penelope
|-resisted|p1a: Penelope
|-damage|p1a: Penelope|55\/432
|
|-weather|Sandstorm|[upkeep]
|-damage|p2a: Gardevoir|14\/277|[from] sandstorm
|-damage|p1a: Penelope|28\/432|[from] sandstorm
|-heal|p1a: Penelope|55\/432|[from] item: Black Sludge
|turn|20
|
|switch|p2a: Latias|Latias, F|301\/301
|-damage|p2a: Latias|264\/301|[from] Stealth Rock
|switch|p1a: Bill|Slowbro, M, shiny|286\/394
|
|-weather|Sandstorm|[upkeep]
|-damage|p2a: Latias|246\/301|[from] sandstorm
|-damage|p1a: Bill|262\/394|[from] sandstorm
|turn|21
|
|switch|p1a: Penelope|Amoonguss, F|199\/432
|move|p2a: Latias|Draco Meteor|p1a: Penelope
|-damage|p1a: Penelope|0 fnt
|-unboost|p2a: Latias|spa|2
|-damage|p2a: Latias|216\/301|[from] item: Life Orb
|faint|p1a: Penelope
|
|-weather|Sandstorm|[upkeep]
|-damage|p2a: Latias|198\/301|[from] sandstorm
|
|switch|p1a: Sam|Tyranitar, F|159\/341
|turn|22
|c|âUBERPYRO|do you have CM on sableye?
|
|move|p2a: Latias|Healing Wish|p2a: Latias
|faint|p2a: Latias
|move|p1a: Sam|Pursuit|p2: Latias|[notarget]
|-notarget
|
|-weather|none
|
|switch|p2a: Gardevoir|Gardevoir-Mega, F|14\/277
|-heal|p2a: Gardevoir|277\/277|[from] move: Healing Wish
|-damage|p2a: Gardevoir|243\/277|[from] Stealth Rock
|turn|23
|c|âmastermind15|lol sr doesn't have priority?
|c|âUBERPYRO|no
|c|âUBERPYRO|healing wish comes in first
|c|âmastermind15|hmm interesting
|c|âUBERPYRO|it always had
|c|âUBERPYRO|really useful in gen 5 weather wars
|
|move|p2a: Gardevoir|Hyper Voice|p1a: Sam
|-supereffective|p1a: Sam
|-damage|p1a: Sam|0 fnt
|faint|p1a: Sam
|
|
|switch|p1a: Bill|Slowbro, M, shiny|393\/394
|turn|24
|
|move|p2a: Gardevoir|Hyper Voice|p1a: Bill
|-damage|p1a: Bill|185\/394
|move|p1a: Bill|Scald|p2a: Gardevoir
|-damage|p2a: Gardevoir|170\/277
|
|turn|25
|c|âUBERPYRO|gg
|c|âmastermind15|gg
|
|move|p2a: Gardevoir|Hyper Voice|p1a: Bill
|-damage|p1a: Bill|0 fnt
|faint|p1a: Bill
|
|-message|mastermind15 forfeited.
|leave|mastermind15
|
|win|UBERPYRO
|player|p1