|join|mastermind15
|join|TheBostonClefables
|player|p1|mastermind15|33
|player|p2|TheBostonClefables|269
|gametype|singles
|gen|6
|tier|OU
|clearpoke
|poke|p1|Slowbro, M, shiny
|poke|p1|Gliscor, M
|poke|p1|Amoonguss, F, shiny
|poke|p1|Tyranitar, M
|poke|p1|Zapdos
|poke|p1|Gardevoir, F, shiny
|poke|p2|Tyranitar, F
|poke|p2|Amoonguss, F
|poke|p2|Slowbro, M
|poke|p2|Staraptor, F
|poke|p2|Scizor, F
|poke|p2|Clefable, M
|rule|Swagger Clause: Swagger is banned
|rule|Baton Pass Clause: Limit one PokÃ©mon knowing Baton Pass
|rule|Sleep Clause Mod: Limit one foe put to sleep
|rule|Species Clause: Limit one of each PokÃ©mon
|rule|OHKO Clause: OHKO moves are banned
|rule|Moody Clause: Moody is banned
|rule|Evasion Moves Clause: Evasion moves are banned
|rule|Endless Battle Clause: Forcing endless battles is banned
|rule|HP Percentage Mod: HP is shown in percentages
|teampreview
|c|âmastermind15|I can see my regen core concept is catching on lol
|c|âmastermind15|but nothing beats the original
|
|start
|switch|p1a: Sam|Tyranitar, M|341\/341
|switch|p2a: Staraptor|Staraptor, F|311\/311
|-weather|Sandstorm
|turn|1
|
|switch|p1a: Ivan|Gliscor, M|352\/352
|move|p2a: Staraptor|Close Combat|p1a: Ivan
|-resisted|p1a: Ivan
|-damage|p1a: Ivan|283\/352
|-unboost|p2a: Staraptor|def|1
|-unboost|p2a: Staraptor|spd|1
|
|-weather|Sandstorm|[upkeep]
|-damage|p2a: Staraptor|292\/311|[from] sandstorm
|-status|p1a: Ivan|tox|[from] item: Toxic Orb
|turn|2
|
|switch|p2a: Clefable|Clefable, M|394\/394
|move|p1a: Ivan|Toxic|p2a: Clefable
|-status|p2a: Clefable|tox
|
|-weather|Sandstorm|[upkeep]
|-heal|p1a: Ivan|327\/352 tox|[from] ability: Poison Heal
|turn|3
|
|move|p1a: Ivan|Taunt|p2a: Clefable
|-start|p2a: Clefable|move: Taunt
|move|p2a: Clefable|Ice Beam|p1a: Ivan
|-supereffective|p1a: Ivan
|-damage|p1a: Ivan|0 fnt
|faint|p1a: Ivan
|
|-weather|Sandstorm|[upkeep]
|
|switch|p1a: Elizabeth|Gardevoir, F, shiny|277\/277
|turn|4
|
|switch|p2a: Tyranitar|Tyranitar, F|353\/353
|detailschange|p1a: Elizabeth|Gardevoir-Mega, F, shiny
|message|Gardevoir has Mega Evolved into Mega Gardevoir!
|move|p1a: Elizabeth|Calm Mind|p1a: Elizabeth
|-boost|p1a: Elizabeth|spa|1
|-boost|p1a: Elizabeth|spd|1
|
|-weather|Sandstorm|[upkeep]
|-damage|p1a: Elizabeth|260\/277|[from] sandstorm
|turn|5
|
|detailschange|p2a: Tyranitar|Tyranitar-Mega, F
|message|Tyranitar has Mega Evolved into Mega Tyranitar!
|move|p1a: Elizabeth|Focus Blast|p2a: Tyranitar
|-supereffective|p2a: Tyranitar
|-damage|p2a: Tyranitar|0 fnt
|faint|p2a: Tyranitar
|
|-weather|none
|
|switch|p2a: Scizor|Scizor, F|344\/344
|turn|6
|
|switch|p1a: Chase|Zapdos|383\/383
|-ability|p1a: Chase|Pressure
|move|p2a: Scizor|Bullet Punch|p1a: Chase
|-resisted|p1a: Chase
|-damage|p1a: Chase|312\/383
|-damage|p2a: Scizor|310\/344|[from] item: Life Orb
|
|-heal|p1a: Chase|335\/383|[from] item: Leftovers
|turn|7
|
|switch|p1a: Elizabeth|Gardevoir-Mega, F, shiny|260\/277
|switch|p2a: Clefable|Clefable, M|394\/394 tox
|
|turn|8
|
|switch|p2a: Staraptor|Staraptor, F|292\/311
|move|p1a: Elizabeth|Focus Blast|p2a: Staraptor
|-damage|p2a: Staraptor|39\/311
|-unboost|p2a: Staraptor|spd|1
|
|turn|9
|
|switch|p1a: Chase|Zapdos|335\/383
|-ability|p1a: Chase|Pressure
|move|p2a: Staraptor|Double-Edge|p1a: Chase
|-damage|p1a: Chase|10\/383
|-damage|p2a: Staraptor|0 fnt|[from] recoil|[of] p1a: Chase
|faint|p2a: Staraptor
|
|-heal|p1a: Chase|33\/383|[from] item: Leftovers
|
|switch|p2a: Scizor|Scizor, F|310\/344
|turn|10
|
|switch|p1a: Bill|Slowbro, M, shiny|394\/394
|move|p2a: Scizor|Bullet Punch|p1a: Bill
|-resisted|p1a: Bill
|-damage|p1a: Bill|347\/394
|-damage|p2a: Scizor|276\/344|[from] item: Life Orb
|
|turn|11
|
|switch|p2a: Amoonguss|Amoonguss, F|432\/432
|switch|p1a: Penelope|Amoonguss, F, shiny|432\/432
|
|turn|12
|
|move|p2a: Amoonguss|Hidden Power|p1a: Penelope
|-supereffective|p1a: Penelope
|-damage|p1a: Penelope|366\/432
|move|p1a: Penelope|Spore|p2a: Amoonguss
|-fail|p2a: Amoonguss
|
|-heal|p1a: Penelope|393\/432|[from] item: Black Sludge
|turn|13
|
|move|p1a: Penelope|Spore|p2a: Amoonguss
|-fail|p2a: Amoonguss
|move|p2a: Amoonguss|Sludge Bomb|p1a: Penelope
|-crit|p1a: Penelope
|-damage|p1a: Penelope|272\/432
|
|-heal|p1a: Penelope|299\/432|[from] item: Black Sludge
|turn|14
|
|switch|p1a: Sam|Tyranitar, M|341\/341
|-weather|Sandstorm
|move|p2a: Amoonguss|Spore|p1a: Sam
|-status|p1a: Sam|slp
|
|-weather|Sandstorm|[upkeep]
|-damage|p2a: Amoonguss|405\/432|[from] sandstorm
|-heal|p2a: Amoonguss|432\/432|[from] item: Black Sludge
|turn|15
|
|switch|p1a: Penelope|Amoonguss, F, shiny|432\/432
|move|p2a: Amoonguss|Giga Drain|p1a: Penelope
|-resisted|p1a: Penelope
|-damage|p1a: Penelope|415\/432
|
|-weather|Sandstorm|[upkeep]
|-damage|p2a: Amoonguss|405\/432|[from] sandstorm
|-damage|p1a: Penelope|388\/432|[from] sandstorm
|-heal|p1a: Penelope|415\/432|[from] item: Black Sludge
|-heal|p2a: Amoonguss|432\/432|[from] item: Black Sludge
|turn|16
|
|move|p1a: Penelope|Foul Play|p2a: Amoonguss
|-damage|p2a: Amoonguss|353\/432
|move|p2a: Amoonguss|Sludge Bomb|p1a: Penelope
|-damage|p1a: Penelope|342\/432
|
|-weather|Sandstorm|[upkeep]
|-damage|p2a: Amoonguss|326\/432|[from] sandstorm
|-damage|p1a: Penelope|315\/432|[from] sandstorm
|-heal|p2a: Amoonguss|353\/432|[from] item: Black Sludge
|-heal|p1a: Penelope|342\/432|[from] item: Black Sludge
|turn|17
|
|move|p2a: Amoonguss|Sludge Bomb|p1a: Penelope
|-damage|p1a: Penelope|267\/432
|move|p1a: Penelope|Foul Play|p2a: Amoonguss
|-damage|p2a: Amoonguss|280\/432
|
|-weather|Sandstorm|[upkeep]
|-damage|p2a: Amoonguss|253\/432|[from] sandstorm
|-damage|p1a: Penelope|240\/432|[from] sandstorm
|-heal|p2a: Amoonguss|280\/432|[from] item: Black Sludge
|-heal|p1a: Penelope|267\/432|[from] item: Black Sludge
|turn|18
|
|switch|p1a: Bill|Slowbro, M, shiny|394\/394
|move|p2a: Amoonguss|Sludge Bomb|p1a: Bill
|-damage|p1a: Bill|313\/394
|
|-weather|none
|-heal|p2a: Amoonguss|307\/432|[from] item: Black Sludge
|turn|19
|
|move|p1a: Bill|Psychic|p2a: Amoonguss
|-supereffective|p2a: Amoonguss
|-damage|p2a: Amoonguss|143\/432
|move|p2a: Amoonguss|Giga Drain|p1a: Bill
|-supereffective|p1a: Bill
|-damage|p1a: Bill|181\/394
|-heal|p2a: Amoonguss|209\/432|[from] drain|[of] p1a: Bill
|
|-heal|p2a: Amoonguss|236\/432|[from] item: Black Sludge
|turn|20
|
|switch|p2a: Scizor|Scizor, F|276\/344
|switch|p1a: Penelope|Amoonguss, F, shiny|411\/432
|
|-heal|p1a: Penelope|432\/432|[from] item: Black Sludge
|turn|21
|
|switch|p2a: Clefable|Clefable, M|394\/394 tox
|move|p1a: Penelope|Spore|p2a: Clefable
|-fail|p2a: Clefable
|
|turn|22
|
|switch|p1a: Elizabeth|Gardevoir-Mega, F, shiny|260\/277
|move|p2a: Clefable|Flamethrower|p1a: Elizabeth
|-damage|p1a: Elizabeth|149\/277
|
|turn|23
|
|move|p1a: Elizabeth|Hyper Voice|p2a: Clefable
|-damage|p2a: Clefable|103\/394 tox
|move|p2a: Clefable|Flamethrower|p1a: Elizabeth
|-damage|p1a: Elizabeth|36\/277
|
|turn|24
|
|switch|p2a: Slowbro|Slowbro, M|394\/394
|move|p1a: Elizabeth|Hyper Voice|p2a: Slowbro
|-damage|p2a: Slowbro|109\/394
|
|turn|25
|
|move|p1a: Elizabeth|Hyper Voice|p2a: Slowbro
|-crit|p2a: Slowbro
|-damage|p2a: Slowbro|0 fnt
|faint|p2a: Slowbro
|
|
|switch|p2a: Scizor|Scizor, F|276\/344
|turn|26
|
|switch|p1a: Penelope|Amoonguss, F, shiny|432\/432
|move|p2a: Scizor|Bullet Punch|p1a: Penelope
|-damage|p1a: Penelope|225\/432
|-damage|p2a: Scizor|242\/344|[from] item: Life Orb
|
|-heal|p1a: Penelope|252\/432|[from] item: Black Sludge
|turn|27
|
|move|p2a: Scizor|Bug Bite|p1a: Penelope
|-crit|p1a: Penelope
|-damage|p1a: Penelope|0 fnt
|-damage|p2a: Scizor|208\/344|[from] item: Life Orb
|faint|p1a: Penelope
|
|
|switch|p1a: Bill|Slowbro, M, shiny|312\/394
|turn|28
|
|switch|p2a: Amoonguss|Amoonguss, F|380\/432
|switch|p1a: Sam|Tyranitar, M|341\/341 slp
|-weather|Sandstorm
|
|-weather|Sandstorm|[upkeep]
|-damage|p2a: Amoonguss|353\/432|[from] sandstorm
|-heal|p2a: Amoonguss|380\/432|[from] item: Black Sludge
|turn|29
|
|cant|p1a: Sam|slp
|move|p2a: Amoonguss|Giga Drain|p1a: Sam
|-crit|p1a: Sam
|-supereffective|p1a: Sam
|-damage|p1a: Sam|267\/341 slp
|-heal|p2a: Amoonguss|417\/432|[from] drain|[of] p1a: Sam
|
|-weather|Sandstorm|[upkeep]
|-damage|p2a: Amoonguss|390\/432|[from] sandstorm
|-heal|p2a: Amoonguss|417\/432|[from] item: Black Sludge
|turn|30
|
|-curestatus|p1a: Sam|slp
|move|p1a: Sam|Rock Slide|p2a: Amoonguss
|-damage|p2a: Amoonguss|246\/432
|cant|p2a: Amoonguss|flinch
|
|-weather|Sandstorm|[upkeep]
|-damage|p2a: Amoonguss|219\/432|[from] sandstorm
|-heal|p2a: Amoonguss|246\/432|[from] item: Black Sludge
|turn|31
|
|move|p1a: Sam|Rock Slide|p2a: Amoonguss
|-damage|p2a: Amoonguss|65\/432
|move|p2a: Amoonguss|Spore|p1a: Sam
|-status|p1a: Sam|slp
|
|-weather|Sandstorm|[upkeep]
|-damage|p2a: Amoonguss|38\/432|[from] sandstorm
|-heal|p2a: Amoonguss|65\/432|[from] item: Black Sludge
|turn|32
|
|cant|p1a: Sam|slp
|switch|p2a: Clefable|Clefable, M|103\/394 tox
|
|-weather|none
|turn|33
|
|cant|p1a: Sam|slp
|move|p2a: Clefable|Moonblast|p1a: Sam
|-supereffective|p1a: Sam
|-damage|p1a: Sam|39\/341 slp
|
|turn|34
|
|-curestatus|p1a: Sam|slp
|move|p1a: Sam|Rock Slide|p2a: Clefable
|-damage|p2a: Clefable|0 fnt
|faint|p2a: Clefable
|
|
|switch|p2a: Amoonguss|Amoonguss, F|209\/432
|turn|35
|
|move|p1a: Sam|Crunch|p2a: Amoonguss
|-damage|p2a: Amoonguss|25\/432
|move|p2a: Amoonguss|Spore|p1a: Sam
|-status|p1a: Sam|slp
|
|-heal|p2a: Amoonguss|52\/432|[from] item: Black Sludge
|turn|36
|
|switch|p1a: Bill|Slowbro, M, shiny|394\/394
|move|p2a: Amoonguss|Giga Drain|p1a: Bill
|-supereffective|p1a: Bill
|-damage|p1a: Bill|278\/394
|-heal|p2a: Amoonguss|110\/432|[from] drain|[of] p1a: Bill
|
|-heal|p2a: Amoonguss|137\/432|[from] item: Black Sludge
|turn|37
|
|switch|p1a: Sam|Tyranitar, M|39\/341 slp
|-weather|Sandstorm
|move|p2a: Amoonguss|Giga Drain|p1a: Sam
|-supereffective|p1a: Sam
|-damage|p1a: Sam|0 fnt
|-heal|p2a: Amoonguss|157\/432|[from] drain|[of] p1a: Sam
|faint|p1a: Sam
|
|-weather|Sandstorm|[upkeep]
|-damage|p2a: Amoonguss|130\/432|[from] sandstorm
|-heal|p2a: Amoonguss|157\/432|[from] item: Black Sludge
|
|switch|p1a: Chase|Zapdos|33\/383
|-ability|p1a: Chase|Pressure
|turn|38
|
|move|p1a: Chase|Heat Wave|p2a: Amoonguss
|-crit|p2a: Amoonguss
|-supereffective|p2a: Amoonguss
|-damage|p2a: Amoonguss|0 fnt
|faint|p2a: Amoonguss
|
|-weather|Sandstorm|[upkeep]
|-damage|p1a: Chase|10\/383|[from] sandstorm
|-heal|p1a: Chase|33\/383|[from] item: Leftovers
|
|switch|p2a: Scizor|Scizor, F|208\/344
|turn|39
|
|move|p2a: Scizor|Bullet Punch|p1a: Chase
|-resisted|p1a: Chase
|-damage|p1a: Chase|0 fnt
|-damage|p2a: Scizor|174\/344|[from] item: Life Orb
|faint|p1a: Chase
|
|-weather|Sandstorm|[upkeep]
|
|switch|p1a: Bill|Slowbro, M, shiny|394\/394
|turn|40
|
|move|p2a: Scizor|Bug Bite|p1a: Bill
|-supereffective|p1a: Bill
|-damage|p1a: Bill|82\/394
|-damage|p2a: Scizor|140\/344|[from] item: Life Orb
|move|p1a: Bill|Scald|p2a: Scizor
|-damage|p2a: Scizor|29\/344
|
|-weather|Sandstorm|[upkeep]
|-damage|p1a: Bill|58\/394|[from] sandstorm
|turn|41
|c|âmastermind15|gg
|
|switch|p1a: Elizabeth|Gardevoir-Mega, F, shiny|36\/277
|move|p2a: Scizor|Roost|p2a: Scizor
|-heal|p2a: Scizor|201\/344
|
|-weather|none
|turn|42
|c|âTheBostonClefables|Sorry bud
|c|âTheBostonClefables|gg
|
|switch|p1a: Bill|Slowbro, M, shiny|189\/394
|move|p2a: Scizor|Bullet Punch|p1a: Bill
|-resisted|p1a: Bill
|-damage|p1a: Bill|136\/394
|-damage|p2a: Scizor|167\/344|[from] item: Life Orb
|
|turn|43
|
|switch|p1a: Elizabeth|Gardevoir-Mega, F, shiny|36\/277
|move|p2a: Scizor|Bug Bite|p1a: Elizabeth
|-damage|p1a: Elizabeth|0 fnt
|-damage|p2a: Scizor|133\/344|[from] item: Life Orb
|faint|p1a: Elizabeth
|
|
|switch|p1a: Bill|Slowbro, M, shiny|267\/394
|turn|44
|
|move|p2a: Scizor|Bug Bite|p1a: Bill
|-supereffective|p1a: Bill
|-damage|p1a: Bill|0 fnt
|-damage|p2a: Scizor|99\/344|[from] item: Life Orb
|faint|p1a: Bill
|
|win|TheBostonClefables
|leave|mastermind15
|player|p1
|c|âTheBostonClefables|GGGgg