|join|mastermind15
|join|LT4B Yuttt
|player|p1|mastermind15|33
|player|p2|LT4B Yuttt|113
|gametype|singles
|gen|6
|tier|OU
|clearpoke
|poke|p1|Slowbro, M, shiny
|poke|p1|Gliscor, M
|poke|p1|Amoonguss, F, shiny
|poke|p1|Tyranitar, M
|poke|p1|Zapdos
|poke|p1|Gardevoir, F, shiny
|poke|p2|Avalugg, M
|poke|p2|Salamence, M
|poke|p2|Quagsire, F
|poke|p2|Doublade, M
|poke|p2|Gliscor, M
|poke|p2|Venusaur, F
|rule|Swagger Clause: Swagger is banned
|rule|Baton Pass Clause: Limit one PokÃ©mon knowing Baton Pass
|rule|Sleep Clause Mod: Limit one foe put to sleep
|rule|Species Clause: Limit one of each PokÃ©mon
|rule|OHKO Clause: OHKO moves are banned
|rule|Moody Clause: Moody is banned
|rule|Evasion Moves Clause: Evasion moves are banned
|rule|Endless Battle Clause: Forcing endless battles is banned
|rule|HP Percentage Mod: HP is shown in percentages
|teampreview
|join|Frickett
|join|AcceleratorGod
|join|poppin like corks
|join|Das Wysel
|join|idarki
|join|zapp.zapp
|c| zapp.zapp|dat avalugg tho
|
|start
|switch|p1a: Bill|Slowbro, M, shiny|394\/394
|switch|p2a: Salamence|Salamence, M|393\/393
|-ability|p2a: Salamence|Intimidate|[of] p1a: Bill
|-unboost|p1a: Bill|atk|1
|turn|1
|
|switch|p2a: Venusaur|Venusaur, F|364\/364
|move|p1a: Bill|Scald|p2a: Venusaur
|-resisted|p2a: Venusaur
|-damage|p2a: Venusaur|325\/364
|
|turn|2
|
|detailschange|p2a: Venusaur|Venusaur-Mega, F
|message|Venusaur has Mega Evolved into Mega Venusaur!
|move|p2a: Venusaur|Sludge Bomb|p1a: Bill
|-damage|p1a: Bill|297\/394
|move|p1a: Bill|Scald|p2a: Venusaur
|-resisted|p2a: Venusaur
|-damage|p2a: Venusaur|288\/364
|
|turn|3
|
|move|p2a: Venusaur|Sludge Bomb|p1a: Bill
|-damage|p1a: Bill|194\/394
|move|p1a: Bill|Scald|p2a: Venusaur
|-resisted|p2a: Venusaur
|-damage|p2a: Venusaur|252\/364
|
|turn|4
|
|switch|p1a: Larry|Zapdos|383\/383
|-ability|p1a: Larry|Pressure
|move|p2a: Venusaur|Sludge Bomb|p1a: Larry
|-damage|p1a: Larry|244\/383
|
|-heal|p1a: Larry|267\/383|[from] item: Leftovers
|turn|5
|c| AcceleratorGod|how come is scald not burning? lol
|
|switch|p1a: Ivan|Gliscor, M|352\/352
|move|p2a: Venusaur|Sludge Bomb|p1a: Ivan
|-resisted|p1a: Ivan
|-damage|p1a: Ivan|268\/352
|
|-status|p1a: Ivan|tox|[from] item: Toxic Orb
|turn|6
|join|Funnelby
|join|aexine
|
|switch|p1a: Penelope|Amoonguss, F, shiny|432\/432
|move|p2a: Venusaur|Giga Drain|p1a: Penelope
|-resisted|p1a: Penelope
|-damage|p1a: Penelope|408\/432
|-heal|p2a: Venusaur|264\/364|[from] drain|[of] p1a: Penelope
|
|-heal|p1a: Penelope|432\/432|[from] item: Black Sludge
|turn|7
|
|switch|p2a: Gliscor|Gliscor, M|352\/352
|move|p1a: Penelope|Foul Play|p2a: Gliscor
|-damage|p2a: Gliscor|295\/352
|
|-status|p2a: Gliscor|tox|[from] item: Toxic Orb
|turn|8
|
|move|p2a: Gliscor|Knock Off|p1a: Penelope
|-damage|p1a: Penelope|343\/432
|-enditem|p1a: Penelope|Black Sludge|[from] move: Knock Off|[of] p2a: Gliscor
|move|p1a: Penelope|Giga Drain|p2a: Gliscor
|-damage|p2a: Gliscor|213\/352 tox
|-heal|p1a: Penelope|384\/432|[from] drain|[of] p2a: Gliscor
|
|-heal|p2a: Gliscor|257\/352 tox|[from] ability: Poison Heal
|turn|9
|
|move|p2a: Gliscor|Stealth Rock|p1a: Penelope
|-sidestart|p1: mastermind15|move: Stealth Rock
|move|p1a: Penelope|Giga Drain|p2a: Gliscor
|-damage|p2a: Gliscor|164\/352 tox
|-heal|p1a: Penelope|431\/432|[from] drain|[of] p2a: Gliscor
|
|-heal|p2a: Gliscor|208\/352 tox|[from] ability: Poison Heal
|turn|10
|
|switch|p2a: Doublade|Doublade, M|321\/321
|move|p1a: Penelope|Spore|p2a: Doublade
|-status|p2a: Doublade|slp
|
|turn|11
|
|switch|p1a: Larry|Zapdos|267\/383
|-damage|p1a: Larry|172\/383|[from] Stealth Rock
|-ability|p1a: Larry|Pressure
|switch|p2a: Salamence|Salamence, M|393\/393
|-ability|p2a: Salamence|Intimidate|[of] p1a: Larry
|-unboost|p1a: Larry|atk|1
|
|-heal|p1a: Larry|195\/383|[from] item: Leftovers
|turn|12
|
|move|p2a: Salamence|Aqua Tail|p1a: Larry
|-damage|p1a: Larry|116\/383
|move|p1a: Larry|Roost|p1a: Larry
|-heal|p1a: Larry|308\/383
|
|-heal|p1a: Larry|331\/383|[from] item: Leftovers
|turn|13
|
|switch|p2a: Quagsire|Quagsire, F|394\/394
|move|p1a: Larry|Defog|p2a: Quagsire
|-unboost|p2a: Quagsire|evasion|1
|-sideend|p1: mastermind15|Stealth Rock|[from] move: Defog|[of] p1a: Larry
|
|-heal|p1a: Larry|354\/383|[from] item: Leftovers
|turn|14
|join|irl cat
|
|switch|p1a: Penelope|Amoonguss, F, shiny|432\/432
|move|p2a: Quagsire|Scald|p1a: Penelope
|-resisted|p1a: Penelope
|-damage|p1a: Penelope|405\/432
|
|turn|15
|c| irl cat|YUTTT U CAN DO ET
|join|placaje
|c|âLT4B Yuttt|i can done it *-*
|c| irl cat|u did it! =)
|
|switch|p2a: Doublade|Doublade, M|321\/321 slp
|switch|p1a: Elizabeth|Gardevoir, F, shiny|277\/277
|
|turn|16
|
|cant|p2a: Doublade|slp
|switch|p1a: Penelope|Amoonguss, F, shiny|432\/432
|
|turn|17
|
|move|p1a: Penelope|Foul Play|p2a: Doublade
|-supereffective|p2a: Doublade
|-damage|p2a: Doublade|253\/321 slp
|-curestatus|p2a: Doublade|slp
|move|p2a: Doublade|Toxic|p1a: Penelope
|-fail|p1a: Penelope
|
|turn|18
|c|âLT4B Yuttt|wot
|c| irl cat|why u did that
|c| placaje|lol
|c|âLT4B Yuttt|iunno
|c| placaje|bad predict
|
|switch|p1a: Sam|Tyranitar, M|341\/341
|-weather|Sandstorm
|switch|p2a: Venusaur|Venusaur-Mega, F|264\/364
|
|-weather|Sandstorm|[upkeep]
|-damage|p2a: Venusaur|242\/364|[from] sandstorm
|turn|19
|
|move|p2a: Venusaur|Giga Drain|p1a: Sam
|-supereffective|p1a: Sam
|-damage|p1a: Sam|267\/341
|-heal|p2a: Venusaur|279\/364|[from] drain|[of] p1a: Sam
|move|p1a: Sam|Crunch|p2a: Venusaur
|-damage|p2a: Venusaur|170\/364
|
|-weather|Sandstorm|[upkeep]
|-damage|p2a: Venusaur|148\/364|[from] sandstorm
|turn|20
|
|move|p1a: Sam|Pursuit|p2a: Venusaur|[from]Pursuit
|-damage|p2a: Venusaur|37\/364
|switch|p2a: Salamence|Salamence, M|393\/393
|-ability|p2a: Salamence|Intimidate|[of] p1a: Sam
|-unboost|p1a: Sam|atk|1
|
|-weather|Sandstorm|[upkeep]
|-damage|p2a: Salamence|369\/393|[from] sandstorm
|-heal|p2a: Salamence|393\/393|[from] item: Leftovers
|turn|21
|c|âLT4B Yuttt|:0
|c| irl cat|so why did u decide salamence 4 this team ?
|join|Cinco Diablo
|
|switch|p1a: Bill|Slowbro, M, shiny|325\/394
|move|p2a: Salamence|Aqua Tail|p1a: Bill
|-resisted|p1a: Bill
|-damage|p1a: Bill|292\/394
|
|-weather|Sandstorm|[upkeep]
|-damage|p2a: Salamence|369\/393|[from] sandstorm
|-damage|p1a: Bill|268\/394|[from] sandstorm
|-heal|p2a: Salamence|393\/393|[from] item: Leftovers
|turn|22
|c|âLT4B Yuttt|cause
|c|âLT4B Yuttt|mence
|c|âLT4B Yuttt|dabes
|
|move|p2a: Salamence|Aqua Tail|p1a: Bill
|-crit|p1a: Bill
|-resisted|p1a: Bill
|-damage|p1a: Bill|220\/394
|move|p1a: Bill|Scald|p2a: Salamence
|-resisted|p2a: Salamence
|-damage|p2a: Salamence|345\/393
|-status|p2a: Salamence|brn
|
|-weather|none
|-heal|p2a: Salamence|369\/393 brn|[from] item: Leftovers
|-damage|p2a: Salamence|320\/393 brn|[from] brn
|turn|23
|leave|Das Wysel
|c|âLT4B Yuttt|*-*
|c|âLT4B Yuttt|u will soon learn
|c|âLT4B Yuttt|why they call me
|c|âLT4B Yuttt|master
|
|move|p2a: Salamence|Refresh|p2a: Salamence
|-curestatus|p2a: Salamence|brn
|move|p1a: Bill|Ice Beam|p2a: Salamence
|-supereffective|p2a: Salamence
|-damage|p2a: Salamence|48\/393
|
|-heal|p2a: Salamence|72\/393|[from] item: Leftovers
|turn|24
|c| irl cat|gigi burn
|c|âmastermind15|lol
|c|âLT4B Yuttt|;_;
|join|JTangarang
|c| irl cat|REFRESH
|
|move|p2a: Salamence|Roost|p2a: Salamence
|-heal|p2a: Salamence|269\/393
|move|p1a: Bill|Ice Beam|p2a: Salamence
|-supereffective|p2a: Salamence
|-damage|p2a: Salamence|127\/393
|
|-heal|p2a: Salamence|151\/393|[from] item: Leftovers
|turn|25
|c| irl cat|omg
|c| irl cat|stall mence
|
|move|p2a: Salamence|Roost|p2a: Salamence
|-heal|p2a: Salamence|348\/393
|move|p1a: Bill|Ice Beam|p2a: Salamence
|-supereffective|p2a: Salamence
|-damage|p2a: Salamence|192\/393
|
|-heal|p2a: Salamence|216\/393|[from] item: Leftovers
|turn|26
|c| JTangarang|inb4 freeze
|
|switch|p2a: Quagsire|Quagsire, F|394\/394
|move|p1a: Bill|Ice Beam|p2a: Quagsire
|-damage|p2a: Quagsire|300\/394
|
|-heal|p2a: Quagsire|324\/394|[from] item: Leftovers
|turn|27
|c| irl cat|im in love
|c| irl cat|plz send me this team
|
|switch|p1a: Penelope|Amoonguss, F, shiny|432\/432
|move|p2a: Quagsire|Scald|p1a: Penelope
|-resisted|p1a: Penelope
|-damage|p1a: Penelope|400\/432
|
|-heal|p2a: Quagsire|348\/394|[from] item: Leftovers
|turn|28
|c|âLT4B Yuttt|burnn
|
|switch|p2a: Salamence|Salamence, M|216\/393
|-ability|p2a: Salamence|Intimidate|[of] p1a: Penelope
|-unboost|p1a: Penelope|atk|1
|move|p1a: Penelope|Giga Drain|p2a: Salamence
|-resisted|p2a: Salamence
|-damage|p2a: Salamence|198\/393
|-heal|p1a: Penelope|409\/432|[from] drain|[of] p2a: Salamence
|
|-heal|p2a: Salamence|222\/393|[from] item: Leftovers
|turn|29
|
|switch|p2a: Gliscor|Gliscor, M|208\/352 tox
|switch|p1a: Bill|Slowbro, M, shiny|351\/394
|
|-heal|p2a: Gliscor|252\/352 tox|[from] ability: Poison Heal
|turn|30
|
|switch|p2a: Doublade|Doublade, M|253\/321
|move|p1a: Bill|Ice Beam|p2a: Doublade
|-resisted|p2a: Doublade
|-damage|p2a: Doublade|223\/321
|
|turn|31
|
|switch|p2a: Venusaur|Venusaur-Mega, F|37\/364
|move|p1a: Bill|Fire Blast|p2a: Venusaur
|-supereffective|p2a: Venusaur
|-damage|p2a: Venusaur|0 fnt
|faint|p2a: Venusaur
|
|c|âLT4B Yuttt|sfksdklfjdhf
|
|switch|p2a: Doublade|Doublade, M|223\/321
|turn|32
|
|switch|p1a: Ivan|Gliscor, M|268\/352 tox
|move|p2a: Doublade|Toxic|p1a: Ivan
|-fail|p1a: Ivan|tox
|
|-heal|p1a: Ivan|312\/352 tox|[from] ability: Poison Heal
|turn|33
|join|Noriya
|
|switch|p2a: Salamence|Salamence, M|222\/393
|-ability|p2a: Salamence|Intimidate|[of] p1a: Ivan
|-unboost|p1a: Ivan|atk|1
|move|p1a: Ivan|Taunt|p2a: Salamence
|-start|p2a: Salamence|move: Taunt
|
|-heal|p2a: Salamence|246\/393|[from] item: Leftovers
|-heal|p1a: Ivan|352\/352 tox|[from] ability: Poison Heal
|turn|34
|c| irl cat|rip veve
|c| irl cat|; _ ; ~
|
|switch|p2a: Gliscor|Gliscor, M|252\/352 tox
|move|p1a: Ivan|Toxic|p2a: Gliscor|[miss]
|-miss|p1a: Ivan|p2a: Gliscor
|
|-heal|p2a: Gliscor|296\/352 tox|[from] ability: Poison Heal
|turn|35
|c|âLT4B Yuttt|misss
|
|move|p2a: Gliscor|Stealth Rock|p1a: Ivan
|-sidestart|p1: mastermind15|move: Stealth Rock
|move|p1a: Ivan|Taunt|p2a: Gliscor
|-start|p2a: Gliscor|move: Taunt
|
|-heal|p2a: Gliscor|340\/352 tox|[from] ability: Poison Heal
|turn|36
|c| placaje|the end of the world
|c| placaje|toxic miss
|
|switch|p1a: Larry|Zapdos|354\/383
|-damage|p1a: Larry|259\/383|[from] Stealth Rock
|-ability|p1a: Larry|Pressure
|move|p2a: Gliscor|Knock Off|p1a: Larry
|-damage|p1a: Larry|190\/383
|-enditem|p1a: Larry|Leftovers|[from] move: Knock Off|[of] p2a: Gliscor
|
|-heal|p2a: Gliscor|352\/352 tox|[from] ability: Poison Heal
|turn|37
|leave|poppin like corks
|
|switch|p2a: Quagsire|Quagsire, F|348\/394
|move|p1a: Larry|Defog|p2a: Quagsire
|-unboost|p2a: Quagsire|evasion|1
|-sideend|p1: mastermind15|Stealth Rock|[from] move: Defog|[of] p1a: Larry
|
|-heal|p2a: Quagsire|372\/394|[from] item: Leftovers
|turn|38
|
|move|p1a: Larry|Roost|p1a: Larry
|-heal|p1a: Larry|382\/383
|move|p2a: Quagsire|Scald|p1a: Larry
|-damage|p1a: Larry|303\/383
|-status|p1a: Larry|brn
|
|-heal|p2a: Quagsire|394\/394|[from] item: Leftovers
|-damage|p1a: Larry|256\/383 brn|[from] brn
|turn|39
|
|move|p1a: Larry|Roost|p1a: Larry
|-heal|p1a: Larry|383\/383 brn
|move|p2a: Quagsire|Scald|p1a: Larry
|-damage|p1a: Larry|308\/383 brn
|
|-damage|p1a: Larry|261\/383 brn|[from] brn
|turn|40
|c| JTangarang|hp grass PLZZZ
|leave|aexine
|
|switch|p1a: Penelope|Amoonguss, F, shiny|432\/432
|move|p2a: Quagsire|Scald|p1a: Penelope
|-resisted|p1a: Penelope
|-damage|p1a: Penelope|403\/432
|
|turn|41
|c|âLT4B Yuttt|burnnnnnnn
|
|switch|p2a: Gliscor|Gliscor, M|352\/352 tox
|switch|p1a: Ivan|Gliscor, M|352\/352 tox
|
|turn|42
|
|switch|p1a: Larry|Zapdos|261\/383 brn
|-ability|p1a: Larry|Pressure
|move|p2a: Gliscor|Stealth Rock|p1a: Larry
|-sidestart|p1: mastermind15|move: Stealth Rock
|
|-damage|p1a: Larry|214\/383 brn|[from] brn
|turn|43
|
|switch|p2a: Avalugg|Avalugg, M|393\/393
|move|p1a: Larry|Defog|p2a: Avalugg
|-unboost|p2a: Avalugg|evasion|1
|-sideend|p1: mastermind15|Stealth Rock|[from] move: Defog|[of] p1a: Larry
|
|-damage|p1a: Larry|167\/383 brn|[from] brn
|turn|44
|join|Too much homework
|
|switch|p2a: Quagsire|Quagsire, F|394\/394
|move|p1a: Larry|Roost|p1a: Larry
|-heal|p1a: Larry|359\/383 brn
|
|-damage|p1a: Larry|312\/383 brn|[from] brn
|turn|45
|leave|Cinco Diablo
|
|move|p1a: Larry|Roost|p1a: Larry
|-heal|p1a: Larry|383\/383 brn
|move|p2a: Quagsire|Scald|p1a: Larry
|-damage|p1a: Larry|308\/383 brn
|
|-damage|p1a: Larry|261\/383 brn|[from] brn
|turn|46
|c|âLT4B Yuttt|what
|c|âLT4B Yuttt|thanks cancel
|
|switch|p1a: Penelope|Amoonguss, F, shiny|432\/432
|move|p2a: Quagsire|Scald|p1a: Penelope
|-resisted|p1a: Penelope
|-damage|p1a: Penelope|401\/432
|
|turn|47
|c|âLT4B Yuttt|cmonnn
|
|switch|p2a: Gliscor|Gliscor, M|352\/352 tox
|switch|p1a: Bill|Slowbro, M, shiny|394\/394
|
|turn|48
|
|move|p2a: Gliscor|Knock Off|p1a: Bill
|-supereffective|p1a: Bill
|-damage|p1a: Bill|296\/394
|-enditem|p1a: Bill|Assault Vest|[from] move: Knock Off|[of] p2a: Gliscor
|move|p1a: Bill|Scald|p2a: Gliscor
|-supereffective|p2a: Gliscor
|-damage|p2a: Gliscor|154\/352 tox
|
|-heal|p2a: Gliscor|198\/352 tox|[from] ability: Poison Heal
|turn|49
|
|switch|p2a: Salamence|Salamence, M|246\/393
|-ability|p2a: Salamence|Intimidate|[of] p1a: Bill
|-unboost|p1a: Bill|atk|1
|move|p1a: Bill|Scald|p2a: Salamence
|-resisted|p2a: Salamence
|-damage|p2a: Salamence|196\/393
|-status|p2a: Salamence|brn
|
|-heal|p2a: Salamence|220\/393 brn|[from] item: Leftovers
|-damage|p2a: Salamence|171\/393 brn|[from] brn
|turn|50
|c| irl cat|icu beamu where
|c|âLT4B Yuttt|cry
|c| JTangarang|burn
|join|mousekoko
|c| JTangarang|the mence
|
|move|p2a: Salamence|Roost|p2a: Salamence
|-heal|p2a: Salamence|368\/393 brn
|move|p1a: Bill|Ice Beam|p2a: Salamence
|-supereffective|p2a: Salamence
|-damage|p2a: Salamence|230\/393 brn
|
|-heal|p2a: Salamence|254\/393 brn|[from] item: Leftovers
|-damage|p2a: Salamence|205\/393 brn|[from] brn
|turn|51
|c| Too much homework|why didn't you do that earlier
|
|switch|p2a: Doublade|Doublade, M|223\/321
|move|p1a: Bill|Ice Beam|p2a: Doublade
|-resisted|p2a: Doublade
|-damage|p2a: Doublade|195\/321
|
|turn|52
|c| irl cat|last ice beam pp
|c| irl cat|tbh
|
|switch|p1a: Ivan|Gliscor, M|352\/352 tox
|switch|p2a: Salamence|Salamence, M|205\/393 brn
|-ability|p2a: Salamence|Intimidate|[of] p1a: Ivan
|-unboost|p1a: Ivan|atk|1
|
|-heal|p2a: Salamence|229\/393 brn|[from] item: Leftovers
|-damage|p2a: Salamence|180\/393 brn|[from] brn
|turn|53
|
|switch|p1a: Elizabeth|Gardevoir, F, shiny|277\/277
|move|p2a: Salamence|Refresh|p2a: Salamence
|-curestatus|p2a: Salamence|brn
|
|-heal|p2a: Salamence|204\/393|[from] item: Leftovers
|turn|54
|
|switch|p2a: Doublade|Doublade, M|195\/321
|detailschange|p1a: Elizabeth|Gardevoir-Mega, F, shiny
|message|Gardevoir has Mega Evolved into Mega Gardevoir!
|move|p1a: Elizabeth|Hyper Voice|p2a: Doublade
|-resisted|p2a: Doublade
|-damage|p2a: Doublade|86\/321
|
|turn|55
|c|âLT4B Yuttt|gg
|join|o.o)shinies
|c|âmastermind15|gg
|
|move|p1a: Elizabeth|Hyper Voice|p2a: Doublade
|-resisted|p2a: Doublade
|-damage|p2a: Doublade|0 fnt
|faint|p2a: Doublade
|
|-message|LT4B Yuttt forfeited.
|
|win|mastermind15
|leave|Too much homework
|leave|LT4B Yuttt
|player|p2
|leave|zapp.zapp
|leave|Frickett
|leave|JTangarang
|leave|irl cat
|leave|placaje
|leave|Funnelby
|leave|Noriya
|leave|AcceleratorGod