|join|The Last Hero
|join|mastermind15
|player|p1|The Last Hero|54
|player|p2|mastermind15|33
|gametype|singles
|gen|6
|tier|OU
|rated
|clearpoke
|poke|p1|Sharpedo, M
|poke|p1|Toxicroak, M
|poke|p1|Politoed, M
|poke|p1|Kingdra, F
|poke|p1|Rhyperior, M
|poke|p1|Ferrothorn, M
|poke|p2|Slowbro, M, shiny
|poke|p2|Gliscor, M
|poke|p2|Amoonguss, F, shiny
|poke|p2|Tyranitar, M
|poke|p2|Zapdos
|poke|p2|Metagross
|rule|Swagger Clause: Swagger is banned
|rule|Baton Pass Clause: Limit one PokÃ©mon knowing Baton Pass
|rule|Sleep Clause Mod: Limit one foe put to sleep
|rule|Species Clause: Limit one of each PokÃ©mon
|rule|OHKO Clause: OHKO moves are banned
|rule|Moody Clause: Moody is banned
|rule|Evasion Moves Clause: Evasion moves are banned
|rule|Endless Battle Clause: Forcing endless battles is banned
|rule|HP Percentage Mod: HP is shown in percentages
|teampreview
|
|start
|switch|p1a: Ferrotroll|Ferrothorn, M|352\/352
|switch|p2a: Bill|Slowbro, M, shiny|394\/394
|turn|1
|
|switch|p2a: Larry|Zapdos|383\/383
|-ability|p2a: Larry|Pressure
|switch|p1a: Poli|Politoed, M|384\/384
|-weather|RainDance
|
|-weather|RainDance|[upkeep]
|turn|2
|
|switch|p2a: Sam|Tyranitar, M|341\/341
|-weather|Sandstorm
|switch|p1a: Rhyno|Rhyperior, M|431\/431
|
|-weather|Sandstorm|[upkeep]
|turn|3
|
|switch|p2a: Ivan|Gliscor, M|352\/352
|move|p1a: Rhyno|Stealth Rock|p2a: Ivan
|-sidestart|p2: mastermind15|move: Stealth Rock
|
|-weather|Sandstorm|[upkeep]
|-status|p2a: Ivan|tox|[from] item: Toxic Orb
|turn|4
|
|switch|p1a: Ferrotroll|Ferrothorn, M|352\/352
|move|p2a: Ivan|Toxic|p1a: Ferrotroll
|-fail|p1a: Ferrotroll
|
|-weather|Sandstorm|[upkeep]
|turn|5
|
|switch|p1a: Horsi|Kingdra, F|291\/291
|move|p2a: Ivan|Taunt|p1a: Horsi
|-start|p1a: Horsi|move: Taunt
|
|-weather|Sandstorm|[upkeep]
|-damage|p1a: Horsi|273\/291|[from] sandstorm
|turn|6
|
|switch|p2a: Penelope|Amoonguss, F, shiny|432\/432
|-damage|p2a: Penelope|378\/432|[from] Stealth Rock
|move|p1a: Horsi|Scald|p2a: Penelope
|-resisted|p2a: Penelope
|-damage|p2a: Penelope|302\/432
|
|-weather|none
|-heal|p2a: Penelope|329\/432|[from] item: Black Sludge
|turn|7
|
|switch|p1a: Poli|Politoed, M|384\/384
|-weather|RainDance
|switch|p2a: Larry|Zapdos|383\/383
|-damage|p2a: Larry|288\/383|[from] Stealth Rock
|-ability|p2a: Larry|Pressure
|
|-weather|RainDance|[upkeep]
|-heal|p2a: Larry|311\/383|[from] item: Leftovers
|turn|8
|
|switch|p1a: Rhyno|Rhyperior, M|431\/431
|move|p2a: Larry|Defog|p1a: Rhyno
|-unboost|p1a: Rhyno|evasion|1
|-sideend|p2: mastermind15|Stealth Rock|[from] move: Defog|[of] p2a: Larry
|
|-weather|RainDance|[upkeep]
|-heal|p2a: Larry|334\/383|[from] item: Leftovers
|turn|9
|
|move|p2a: Larry|Roost|p2a: Larry
|-heal|p2a: Larry|383\/383
|move|p1a: Rhyno|Stealth Rock|p2a: Larry
|-sidestart|p2: mastermind15|move: Stealth Rock
|
|-weather|RainDance|[upkeep]
|turn|10
|
|switch|p2a: Bill|Slowbro, M, shiny|394\/394
|-damage|p2a: Bill|345\/394|[from] Stealth Rock
|move|p1a: Rhyno|Rock Blast|p2a: Bill
|-damage|p2a: Bill|317\/394
|-damage|p2a: Bill|290\/394
|-damage|p2a: Bill|262\/394
|-damage|p2a: Bill|235\/394
|-damage|p2a: Bill|210\/394
|-hitcount|p2a: Bill|5
|
|-weather|RainDance|[upkeep]
|turn|11
|
|switch|p1a: Poli|Politoed, M|384\/384
|move|p2a: Bill|Scald|p1a: Poli
|-crit|p1a: Poli
|-resisted|p1a: Poli
|-damage|p1a: Poli|306\/384
|-status|p1a: Poli|brn
|
|-weather|RainDance|[upkeep]
|-damage|p1a: Poli|258\/384 brn|[from] brn
|turn|12
|
|switch|p2a: Penelope|Amoonguss, F, shiny|432\/432
|-damage|p2a: Penelope|378\/432|[from] Stealth Rock
|move|p1a: Poli|Rest|p1a: Poli
|-status|p1a: Poli|slp
|-heal|p1a: Poli|384\/384 slp|[silent]
|-status|p1a: Poli|slp|[from] move: Rest
|
|-weather|RainDance|[upkeep]
|-heal|p2a: Penelope|405\/432|[from] item: Black Sludge
|turn|13
|
|switch|p1a: Ferrotroll|Ferrothorn, M|352\/352
|switch|p2a: Larry|Zapdos|383\/383
|-damage|p2a: Larry|288\/383|[from] Stealth Rock
|-ability|p2a: Larry|Pressure
|
|-weather|RainDance|[upkeep]
|-heal|p2a: Larry|311\/383|[from] item: Leftovers
|turn|14
|
|switch|p1a: Horsi|Kingdra, F|273\/291
|move|p2a: Larry|Defog|p1a: Horsi
|-unboost|p1a: Horsi|evasion|1
|-sideend|p2: mastermind15|Stealth Rock|[from] move: Defog|[of] p2a: Larry
|
|-weather|none
|-heal|p2a: Larry|334\/383|[from] item: Leftovers
|turn|15
|
|switch|p2a: Bill|Slowbro, M, shiny|341\/394
|move|p1a: Horsi|Draco Meteor|p2a: Bill
|-damage|p2a: Bill|115\/394
|-unboost|p1a: Horsi|spa|2
|
|turn|16
|
|switch|p1a: Sharky|Sharpedo, M|281\/281
|switch|p2a: Penelope|Amoonguss, F, shiny|432\/432
|
|turn|17
|
|switch|p1a: Ferrotroll|Ferrothorn, M|352\/352
|switch|p2a: Bill|Slowbro, M, shiny|246\/394
|
|turn|18
|
|switch|p1a: Poli|Politoed, M|384\/384 slp
|-weather|RainDance
|move|p2a: Bill|Fire Blast|p1a: Poli
|-resisted|p1a: Poli
|-damage|p1a: Poli|369\/384 slp
|
|-weather|RainDance|[upkeep]
|turn|19
|
|cant|p1a: Poli|slp
|move|p1a: Poli|Sleep Talk|p1a: Poli
|move|p1a: Poli|Perish Song|p1a: Poli|[from]Sleep Talk
|-fieldactivate|move: Perish Song
|move|p2a: Bill|Scald|p1a: Poli
|-resisted|p1a: Poli
|-damage|p1a: Poli|323\/384 slp
|
|-start|p1a: Poli|perish3
|-start|p2a: Bill|perish3
|-weather|RainDance|[upkeep]
|turn|20
|
|switch|p1a: Sharky|Sharpedo, M|281\/281
|switch|p2a: Sam|Tyranitar, M|341\/341
|-weather|Sandstorm
|
|-weather|Sandstorm|[upkeep]
|-damage|p1a: Sharky|264\/281|[from] sandstorm
|turn|21
|
|switch|p2a: Penelope|Amoonguss, F, shiny|432\/432
|detailschange|p1a: Sharky|Sharpedo-Mega, M
|message|Sharpedo has Mega Evolved into Mega Sharpedo!
|move|p1a: Sharky|Waterfall|p2a: Penelope
|-resisted|p2a: Penelope
|-damage|p2a: Penelope|339\/432
|
|-weather|Sandstorm|[upkeep]
|-damage|p1a: Sharky|247\/281|[from] sandstorm
|-damage|p2a: Penelope|312\/432|[from] sandstorm
|-heal|p2a: Penelope|339\/432|[from] item: Black Sludge
|turn|22
|
|switch|p1a: Ferrotroll|Ferrothorn, M|352\/352
|move|p2a: Penelope|Giga Drain|p1a: Ferrotroll
|-resisted|p1a: Ferrotroll
|-damage|p1a: Ferrotroll|335\/352
|-heal|p2a: Penelope|348\/432|[from] drain|[of] p1a: Ferrotroll
|
|-weather|Sandstorm|[upkeep]
|-damage|p2a: Penelope|321\/432|[from] sandstorm
|-heal|p2a: Penelope|348\/432|[from] item: Black Sludge
|-heal|p1a: Ferrotroll|352\/352|[from] item: Leftovers
|turn|23
|
|switch|p2a: Larry|Zapdos|334\/383
|-ability|p2a: Larry|Pressure
|move|p1a: Ferrotroll|Leech Seed|p2a: Larry|[miss]
|-miss|p1a: Ferrotroll|p2a: Larry
|
|-weather|Sandstorm|[upkeep]
|-damage|p2a: Larry|311\/383|[from] sandstorm
|-heal|p2a: Larry|334\/383|[from] item: Leftovers
|turn|24
|
|switch|p2a: Bill|Slowbro, M, shiny|377\/394
|switch|p1a: Rhyno|Rhyperior, M|431\/431
|
|-weather|none
|turn|25
|
|switch|p1a: Poli|Politoed, M|323\/384 slp
|-weather|RainDance
|switch|p2a: Sam|Tyranitar, M|341\/341
|-weather|Sandstorm
|
|-weather|Sandstorm|[upkeep]
|-damage|p1a: Poli|299\/384 slp|[from] sandstorm
|turn|26
|
|cant|p1a: Poli|slp
|move|p1a: Poli|Sleep Talk|p1a: Poli
|move|p1a: Poli|Rest|p1a: Poli|[from]Sleep Talk
|-fail|p1a: Poli
|move|p2a: Sam|Pursuit|p1a: Poli
|-damage|p1a: Poli|203\/384 slp
|
|-weather|Sandstorm|[upkeep]
|-damage|p1a: Poli|179\/384 slp|[from] sandstorm
|turn|27
|
|-curestatus|p1a: Poli|slp
|move|p1a: Poli|Rest|p1a: Poli
|-status|p1a: Poli|slp
|-heal|p1a: Poli|384\/384 slp|[silent]
|-status|p1a: Poli|slp|[from] move: Rest
|move|p2a: Sam|Crunch|p1a: Poli
|-damage|p1a: Poli|210\/384 slp
|
|-weather|Sandstorm|[upkeep]
|-damage|p1a: Poli|186\/384 slp|[from] sandstorm
|turn|28
|
|cant|p1a: Poli|slp
|move|p1a: Poli|Sleep Talk|p1a: Poli
|move|p1a: Poli|Perish Song|p1a: Poli|[from]Sleep Talk
|-fieldactivate|move: Perish Song
|move|p2a: Sam|Crunch|p1a: Poli
|-crit|p1a: Poli
|-damage|p1a: Poli|0 fnt
|faint|p1a: Poli
|
|-start|p2a: Sam|perish3
|-weather|Sandstorm|[upkeep]
|
|switch|p1a: Sharky|Sharpedo-Mega, M|247\/281
|turn|29
|
|switch|p2a: Penelope|Amoonguss, F, shiny|432\/432
|move|p1a: Sharky|Crunch|p2a: Penelope
|-damage|p2a: Penelope|173\/432
|
|-weather|none
|-heal|p2a: Penelope|200\/432|[from] item: Black Sludge
|turn|30
|
|switch|p2a: Sam|Tyranitar, M|341\/341
|-weather|Sandstorm
|move|p1a: Sharky|Ice Fang|p2a: Sam|[miss]
|-miss|p1a: Sharky|p2a: Sam
|
|-weather|Sandstorm|[upkeep]
|-damage|p1a: Sharky|230\/281|[from] sandstorm
|turn|31
|
|switch|p2a: Penelope|Amoonguss, F, shiny|344\/432
|move|p1a: Sharky|Waterfall|p2a: Penelope
|-resisted|p2a: Penelope
|-damage|p2a: Penelope|253\/432
|
|-weather|Sandstorm|[upkeep]
|-damage|p1a: Sharky|213\/281|[from] sandstorm
|-damage|p2a: Penelope|226\/432|[from] sandstorm
|-heal|p2a: Penelope|253\/432|[from] item: Black Sludge
|turn|32
|
|switch|p1a: Ferrotroll|Ferrothorn, M|352\/352
|switch|p2a: Sam|Tyranitar, M|341\/341
|
|-weather|Sandstorm|[upkeep]
|turn|33
|
|switch|p2a: Larry|Zapdos|334\/383
|-ability|p2a: Larry|Pressure
|move|p1a: Ferrotroll|Spikes|p2a: Larry
|-sidestart|p2: mastermind15|Spikes
|
|-weather|Sandstorm|[upkeep]
|-damage|p2a: Larry|311\/383|[from] sandstorm
|-heal|p2a: Larry|334\/383|[from] item: Leftovers
|turn|34
|
|switch|p1a: Rhyno|Rhyperior, M|431\/431
|move|p2a: Larry|Defog|p1a: Rhyno
|-unboost|p1a: Rhyno|evasion|1
|-sideend|p2: mastermind15|Spikes|[from] move: Defog|[of] p2a: Larry
|
|-weather|none
|-heal|p2a: Larry|357\/383|[from] item: Leftovers
|turn|35
|
|switch|p2a: Ivan|Gliscor, M|352\/352 tox
|move|p1a: Rhyno|Stealth Rock|p2a: Ivan
|-sidestart|p2: mastermind15|move: Stealth Rock
|
|turn|36
|
|switch|p1a: Ferrotroll|Ferrothorn, M|352\/352
|move|p2a: Ivan|Earthquake|p1a: Ferrotroll
|-damage|p1a: Ferrotroll|288\/352
|
|-heal|p1a: Ferrotroll|310\/352|[from] item: Leftovers
|turn|37
|
|switch|p1a: Toxi|Toxicroak, M|307\/307
|move|p2a: Ivan|Taunt|p1a: Toxi
|-start|p1a: Toxi|move: Taunt
|
|turn|38
|
|switch|p1a: Ferrotroll|Ferrothorn, M|310\/352
|move|p2a: Ivan|Earthquake|p1a: Ferrotroll
|-damage|p1a: Ferrotroll|246\/352
|
|-heal|p1a: Ferrotroll|268\/352|[from] item: Leftovers
|turn|39
|
|move|p2a: Ivan|Taunt|p1a: Ferrotroll
|-start|p1a: Ferrotroll|move: Taunt
|move|p1a: Ferrotroll|Gyro Ball|p2a: Ivan
|-damage|p2a: Ivan|250\/352 tox
|
|-heal|p1a: Ferrotroll|290\/352|[from] item: Leftovers
|-heal|p2a: Ivan|294\/352 tox|[from] ability: Poison Heal
|turn|40
|
|move|p2a: Ivan|Earthquake|p1a: Ferrotroll
|-damage|p1a: Ferrotroll|220\/352
|move|p1a: Ferrotroll|Power Whip|p2a: Ivan
|-damage|p2a: Ivan|200\/352 tox
|
|-heal|p1a: Ferrotroll|242\/352|[from] item: Leftovers
|-heal|p2a: Ivan|244\/352 tox|[from] ability: Poison Heal
|turn|41
|
|switch|p2a: Larry|Zapdos|357\/383
|-damage|p2a: Larry|262\/383|[from] Stealth Rock
|-ability|p2a: Larry|Pressure
|move|p1a: Ferrotroll|Power Whip|p2a: Larry
|-resisted|p2a: Larry
|-damage|p2a: Larry|201\/383
|
|-heal|p2a: Larry|224\/383|[from] item: Leftovers
|-heal|p1a: Ferrotroll|264\/352|[from] item: Leftovers
|-end|p1a: Ferrotroll|move: Taunt
|turn|42
|
|move|p2a: Larry|Defog|p1a: Ferrotroll
|-unboost|p1a: Ferrotroll|evasion|1
|-sideend|p2: mastermind15|Stealth Rock|[from] move: Defog|[of] p2a: Larry
|move|p1a: Ferrotroll|Leech Seed|p2a: Larry
|-start|p2a: Larry|move: Leech Seed
|
|-heal|p2a: Larry|247\/383|[from] item: Leftovers
|-heal|p1a: Ferrotroll|286\/352|[from] item: Leftovers
|-damage|p2a: Larry|200\/383|[from] Leech Seed|[of] p1a: Ferrotroll
|-heal|p1a: Ferrotroll|333\/352|[silent]
|turn|43
|
|switch|p2a: Bill|Slowbro, M, shiny|394\/394
|move|p1a: Ferrotroll|Spikes|p2a: Bill
|-sidestart|p2: mastermind15|Spikes
|
|-heal|p1a: Ferrotroll|352\/352|[from] item: Leftovers
|turn|44
|
|move|p2a: Bill|Fire Blast|p1a: Ferrotroll
|-supereffective|p1a: Ferrotroll
|-damage|p1a: Ferrotroll|60\/352
|move|p1a: Ferrotroll|Spikes|p2a: Bill
|-sidestart|p2: mastermind15|Spikes
|
|-heal|p1a: Ferrotroll|82\/352|[from] item: Leftovers
|turn|45
|
|switch|p2a: Larry|Zapdos|200\/383
|-ability|p2a: Larry|Pressure
|switch|p1a: Sharky|Sharpedo-Mega, M|213\/281
|
|-heal|p2a: Larry|223\/383|[from] item: Leftovers
|turn|46
|
|switch|p2a: Ivan|Gliscor, M|244\/352 tox
|move|p1a: Sharky|Ice Fang|p2a: Ivan
|-supereffective|p2a: Ivan
|-damage|p2a: Ivan|0 fnt
|faint|p2a: Ivan
|
|
|switch|p2a: Penelope|Amoonguss, F, shiny|397\/432
|-damage|p2a: Penelope|325\/432|[from] Spikes
|turn|47
|
|switch|p1a: Ferrotroll|Ferrothorn, M|82\/352
|move|p2a: Penelope|Giga Drain|p1a: Ferrotroll
|-resisted|p1a: Ferrotroll
|-damage|p1a: Ferrotroll|65\/352
|-heal|p2a: Penelope|334\/432|[from] drain|[of] p1a: Ferrotroll
|
|-heal|p2a: Penelope|361\/432|[from] item: Black Sludge
|-heal|p1a: Ferrotroll|87\/352|[from] item: Leftovers
|turn|48
|
|switch|p2a: Larry|Zapdos|223\/383
|-ability|p2a: Larry|Pressure
|switch|p1a: Horsi|Kingdra, F|273\/291
|
|-heal|p2a: Larry|246\/383|[from] item: Leftovers
|turn|49
|
|switch|p1a: Sharky|Sharpedo-Mega, M|213\/281
|switch|p2a: Sam|Tyranitar, M|341\/341
|-damage|p2a: Sam|285\/341|[from] Spikes
|-weather|Sandstorm
|
|-weather|Sandstorm|[upkeep]
|-damage|p1a: Sharky|196\/281|[from] sandstorm
|turn|50
|
|move|p1a: Sharky|Waterfall|p2a: Sam
|-supereffective|p2a: Sam
|-damage|p2a: Sam|7\/341
|move|p2a: Sam|Superpower|p1a: Sharky
|-supereffective|p1a: Sharky
|-damage|p1a: Sharky|0 fnt
|-unboost|p2a: Sam|atk|1
|-unboost|p2a: Sam|def|1
|faint|p1a: Sharky
|
|-weather|Sandstorm|[upkeep]
|
|switch|p1a: Toxi|Toxicroak, M|307\/307
|turn|51
|c|âmastermind15|lol
|
|switch|p2a: Bill|Slowbro, M, shiny|394\/394
|-damage|p2a: Bill|329\/394|[from] Spikes
|move|p1a: Toxi|Swords Dance|p1a: Toxi
|-boost|p1a: Toxi|atk|2
|
|-weather|Sandstorm|[upkeep]
|-damage|p1a: Toxi|288\/307|[from] sandstorm
|-damage|p2a: Bill|305\/394|[from] sandstorm
|turn|52
|
|move|p1a: Toxi|Gunk Shot|p2a: Bill|[miss]
|-miss|p1a: Toxi|p2a: Bill
|move|p2a: Bill|Psychic|p1a: Toxi
|-supereffective|p1a: Toxi
|-damage|p1a: Toxi|0 fnt
|faint|p1a: Toxi
|
|-weather|Sandstorm|[upkeep]
|-damage|p2a: Bill|281\/394|[from] sandstorm
|c|âThe Last Hero|gg here
|c|âmastermind15|gg
|
|switch|p1a: Horsi|Kingdra, F|273\/291
|turn|53
|
|switch|p2a: Penelope|Amoonguss, F, shiny|432\/432
|-damage|p2a: Penelope|360\/432|[from] Spikes
|move|p1a: Horsi|Scald|p2a: Penelope
|-crit|p2a: Penelope
|-resisted|p2a: Penelope
|-damage|p2a: Penelope|240\/432
|
|-weather|none
|-heal|p2a: Penelope|267\/432|[from] item: Black Sludge
|turn|54
|
|switch|p2a: Sebastian|Metagross|301\/301
|-damage|p2a: Sebastian|251\/301|[from] Spikes
|move|p1a: Horsi|Scald|p2a: Sebastian
|-damage|p2a: Sebastian|40\/301
|
|turn|55
|
|switch|p2a: Penelope|Amoonguss, F, shiny|411\/432
|-damage|p2a: Penelope|339\/432|[from] Spikes
|move|p1a: Horsi|Scald|p2a: Penelope
|-resisted|p2a: Penelope
|-damage|p2a: Penelope|258\/432
|-status|p2a: Penelope|brn
|
|-heal|p2a: Penelope|285\/432 brn|[from] item: Black Sludge
|-damage|p2a: Penelope|231\/432 brn|[from] brn
|turn|56
|
|switch|p1a: Ferrotroll|Ferrothorn, M|87\/352
|move|p2a: Penelope|Spore|p1a: Ferrotroll
|-fail|p1a: Ferrotroll
|
|-heal|p2a: Penelope|258\/432 brn|[from] item: Black Sludge
|-heal|p1a: Ferrotroll|109\/352|[from] item: Leftovers
|-damage|p2a: Penelope|204\/432 brn|[from] brn
|turn|57
|
|switch|p2a: Larry|Zapdos|246\/383
|-ability|p2a: Larry|Pressure
|move|p1a: Ferrotroll|Leech Seed|p2a: Larry
|-start|p2a: Larry|move: Leech Seed
|
|-heal|p2a: Larry|269\/383|[from] item: Leftovers
|-heal|p1a: Ferrotroll|131\/352|[from] item: Leftovers
|-damage|p2a: Larry|222\/383|[from] Leech Seed|[of] p1a: Ferrotroll
|-heal|p1a: Ferrotroll|178\/352|[silent]
|turn|58
|
|switch|p1a: Horsi|Kingdra, F|273\/291
|move|p2a: Larry|Defog|p1a: Horsi
|-unboost|p1a: Horsi|evasion|1
|-sideend|p2: mastermind15|Spikes|[from] move: Defog|[of] p2a: Larry
|
|-heal|p2a: Larry|245\/383|[from] item: Leftovers
|-damage|p2a: Larry|198\/383|[from] Leech Seed|[of] p1a: Horsi
|-heal|p1a: Horsi|291\/291|[silent]
|turn|59
|
|switch|p2a: Sam|Tyranitar, M|7\/341
|-weather|Sandstorm
|move|p1a: Horsi|Scald|p2a: Sam
|-supereffective|p2a: Sam
|-damage|p2a: Sam|0 fnt
|faint|p2a: Sam
|
|-weather|Sandstorm|[upkeep]
|-damage|p1a: Horsi|273\/291|[from] sandstorm
|
|switch|p2a: Bill|Slowbro, M, shiny|394\/394
|turn|60
|
|move|p1a: Horsi|Scald|p2a: Bill
|-resisted|p2a: Bill
|-damage|p2a: Bill|325\/394
|-status|p2a: Bill|brn
|move|p2a: Bill|Psychic|p1a: Horsi
|-damage|p1a: Horsi|159\/291
|
|-weather|Sandstorm|[upkeep]
|-damage|p1a: Horsi|141\/291|[from] sandstorm
|-damage|p2a: Bill|301\/394 brn|[from] sandstorm
|-damage|p2a: Bill|252\/394 brn|[from] brn
|turn|61
|
|switch|p1a: Rhyno|Rhyperior, M|431\/431
|move|p2a: Bill|Psychic|p1a: Rhyno
|-damage|p1a: Rhyno|358\/431
|-unboost|p1a: Rhyno|spd|1
|
|-weather|Sandstorm|[upkeep]
|-damage|p2a: Bill|228\/394 brn|[from] sandstorm
|-heal|p1a: Rhyno|384\/431|[from] item: Leftovers
|-damage|p2a: Bill|179\/394 brn|[from] brn
|turn|62
|
|switch|p2a: Larry|Zapdos|198\/383
|-ability|p2a: Larry|Pressure
|move|p1a: Rhyno|Earthquake|p2a: Larry
|-immune|p2a: Larry|[msg]
|
|-weather|Sandstorm|[upkeep]
|-damage|p2a: Larry|175\/383|[from] sandstorm
|-heal|p2a: Larry|198\/383|[from] item: Leftovers
|-heal|p1a: Rhyno|410\/431|[from] item: Leftovers
|turn|63
|
|move|p2a: Larry|Roost|p2a: Larry
|-heal|p2a: Larry|383\/383
|move|p1a: Rhyno|Earthquake|p2a: Larry
|-supereffective|p2a: Larry
|-damage|p2a: Larry|93\/383
|
|-weather|none
|-heal|p2a: Larry|116\/383|[from] item: Leftovers
|-heal|p1a: Rhyno|431\/431|[from] item: Leftovers
|turn|64
|
|move|p2a: Larry|Roost|p2a: Larry
|-heal|p2a: Larry|308\/383
|move|p1a: Rhyno|Earthquake|p2a: Larry
|-supereffective|p2a: Larry
|-damage|p2a: Larry|36\/383
|
|-heal|p2a: Larry|59\/383|[from] item: Leftovers
|turn|65
|
|switch|p2a: Bill|Slowbro, M, shiny|310\/394 brn
|move|p1a: Rhyno|Earthquake|p2a: Bill
|-damage|p2a: Bill|201\/394 brn
|
|-damage|p2a: Bill|152\/394 brn|[from] brn
|turn|66
|
|switch|p2a: Larry|Zapdos|59\/383
|-ability|p2a: Larry|Pressure
|move|p1a: Rhyno|Rock Blast|p2a: Larry
|-supereffective|p2a: Larry
|-damage|p2a: Larry|0 fnt
|-hitcount|p2a: Larry|1
|faint|p2a: Larry
|
|
|switch|p2a: Bill|Slowbro, M, shiny|283\/394 brn
|turn|67
|
|move|p1a: Rhyno|Stealth Rock|p2a: Bill
|-sidestart|p2: mastermind15|move: Stealth Rock
|move|p2a: Bill|Scald|p1a: Rhyno
|-supereffective|p1a: Rhyno
|-damage|p1a: Rhyno|23\/431
|
|-heal|p1a: Rhyno|49\/431|[from] item: Leftovers
|-damage|p2a: Bill|234\/394 brn|[from] brn
|turn|68
|
|move|p1a: Rhyno|Earthquake|p2a: Bill
|-damage|p2a: Bill|125\/394 brn
|move|p2a: Bill|Psychic|p1a: Rhyno
|-damage|p1a: Rhyno|0 fnt
|faint|p1a: Rhyno
|
|-damage|p2a: Bill|76\/394 brn|[from] brn
|
|switch|p1a: Horsi|Kingdra, F|141\/291
|turn|69
|
|switch|p2a: Sebastian|Metagross|40\/301
|-damage|p2a: Sebastian|22\/301|[from] Stealth Rock
|move|p1a: Horsi|Ice Beam|p2a: Sebastian
|-resisted|p2a: Sebastian
|-damage|p2a: Sebastian|0 fnt
|faint|p2a: Sebastian
|
|
|switch|p2a: Bill|Slowbro, M, shiny|207\/394 brn
|-damage|p2a: Bill|158\/394 brn|[from] Stealth Rock
|turn|70
|
|switch|p1a: Ferrotroll|Ferrothorn, M|178\/352
|move|p2a: Bill|Psychic|p1a: Ferrotroll
|-resisted|p1a: Ferrotroll
|-damage|p1a: Ferrotroll|129\/352
|
|-heal|p1a: Ferrotroll|151\/352|[from] item: Leftovers
|-damage|p2a: Bill|109\/394 brn|[from] brn
|turn|71
|
|switch|p2a: Penelope|Amoonguss, F, shiny|348\/432 brn
|-damage|p2a: Penelope|294\/432 brn|[from] Stealth Rock
|switch|p1a: Horsi|Kingdra, F|141\/291
|
|-heal|p2a: Penelope|321\/432 brn|[from] item: Black Sludge
|-damage|p2a: Penelope|267\/432 brn|[from] brn
|turn|72
|
|switch|p2a: Bill|Slowbro, M, shiny|240\/394 brn
|-damage|p2a: Bill|191\/394 brn|[from] Stealth Rock
|move|p1a: Horsi|Draco Meteor|p2a: Bill
|-damage|p2a: Bill|0 fnt
|-unboost|p1a: Horsi|spa|2
|faint|p2a: Bill
|
|
|switch|p2a: Penelope|Amoonguss, F, shiny|411\/432 brn
|-damage|p2a: Penelope|357\/432 brn|[from] Stealth Rock
|turn|73
|
|switch|p1a: Ferrotroll|Ferrothorn, M|151\/352
|move|p2a: Penelope|Giga Drain|p1a: Ferrotroll
|-resisted|p1a: Ferrotroll
|-damage|p1a: Ferrotroll|134\/352
|-heal|p2a: Penelope|366\/432 brn|[from] drain|[of] p1a: Ferrotroll
|
|-heal|p2a: Penelope|393\/432 brn|[from] item: Black Sludge
|-heal|p1a: Ferrotroll|156\/352|[from] item: Leftovers
|-damage|p2a: Penelope|339\/432 brn|[from] brn
|turn|74
|
|move|p2a: Penelope|Giga Drain|p1a: Ferrotroll
|-resisted|p1a: Ferrotroll
|-damage|p1a: Ferrotroll|140\/352
|-heal|p2a: Penelope|347\/432 brn|[from] drain|[of] p1a: Ferrotroll
|move|p1a: Ferrotroll|Gyro Ball|p2a: Penelope
|-damage|p2a: Penelope|266\/432 brn
|
|-heal|p2a: Penelope|293\/432 brn|[from] item: Black Sludge
|-heal|p1a: Ferrotroll|162\/352|[from] item: Leftovers
|-damage|p2a: Penelope|239\/432 brn|[from] brn
|turn|75
|c|âmastermind15|gg
|-message|mastermind15 forfeited.
|
|win|The Last Hero
|raw|Ladder updating...
|leave|mastermind15
|player|p2
|raw|The Last Hero's rating: 1442 &rarr; <strong>1466<\/strong><br \/>(+24 for winning)
|raw|mastermind15's rating: 1503 &rarr; <strong>1479<\/strong><br \/>(-24 for losing)