|join|mastermind15
|join|AceStarThe3rd
|player|p1|mastermind15|33
|player|p2|AceStarThe3rd|191
|gametype|singles
|gen|6
|tier|OU
|clearpoke
|poke|p1|Slowbro, M, shiny
|poke|p1|Gliscor, M
|poke|p1|Amoonguss, F, shiny
|poke|p1|Tyranitar, M
|poke|p1|Zapdos
|poke|p1|Gardevoir, F, shiny
|poke|p2|Quagsire, F
|poke|p2|Slowbro, M
|poke|p2|Venusaur, F
|poke|p2|Skarmory, F
|poke|p2|Gliscor, M
|poke|p2|Sylveon, F
|rule|Swagger Clause: Swagger is banned
|rule|Baton Pass Clause: Limit one PokÃ©mon knowing Baton Pass
|rule|Sleep Clause Mod: Limit one foe put to sleep
|rule|Species Clause: Limit one of each PokÃ©mon
|rule|OHKO Clause: OHKO moves are banned
|rule|Moody Clause: Moody is banned
|rule|Evasion Moves Clause: Evasion moves are banned
|rule|Endless Battle Clause: Forcing endless battles is banned
|rule|HP Percentage Mod: HP is shown in percentages
|teampreview
|join|Noriya
|join|Frickett
|join|Ithaca
|
|start
|switch|p1a: Penelope|Amoonguss, F, shiny|432\/432
|switch|p2a: BooBerry|Gliscor, M|352\/352
|turn|1
|join|ScribeOfFate
|
|switch|p1a: Bill|Slowbro, M, shiny|394\/394
|move|p2a: BooBerry|Taunt|p1a: Bill
|-start|p1a: Bill|move: Taunt
|
|-status|p2a: BooBerry|tox|[from] item: Toxic Orb
|turn|2
|join|Master Hax101
|join|Will i lose
|join|Funnelby
|c| Ithaca|stall + gardevoir vs stall
|
|move|p2a: BooBerry|Knock Off|p1a: Bill
|-supereffective|p1a: Bill
|-damage|p1a: Bill|292\/394
|-enditem|p1a: Bill|Assault Vest|[from] move: Knock Off|[of] p2a: BooBerry
|move|p1a: Bill|Ice Beam|p2a: BooBerry
|-supereffective|p2a: BooBerry
|-damage|p2a: BooBerry|88\/352 tox
|
|-heal|p2a: BooBerry|132\/352 tox|[from] ability: Poison Heal
|turn|3
|leave|Will i lose
|
|move|p2a: BooBerry|Roost|p2a: BooBerry
|-heal|p2a: BooBerry|308\/352 tox
|move|p1a: Bill|Scald|p2a: BooBerry
|-supereffective|p2a: BooBerry
|-damage|p2a: BooBerry|126\/352 tox
|
|-heal|p2a: BooBerry|170\/352 tox|[from] ability: Poison Heal
|turn|4
|join|Das Wysel
|c| Ithaca|are eeh kay tee
|join|habajiga
|
|move|p2a: BooBerry|Taunt|p1a: Bill
|-fail|p1a: Bill
|move|p1a: Bill|Scald|p2a: BooBerry
|-supereffective|p2a: BooBerry
|-damage|p2a: BooBerry|12\/352 tox
|
|-heal|p2a: BooBerry|56\/352 tox|[from] ability: Poison Heal
|-end|p1a: Bill|move: Taunt
|turn|5
|
|move|p2a: BooBerry|Roost|p2a: BooBerry
|-heal|p2a: BooBerry|232\/352 tox
|move|p1a: Bill|Scald|p2a: BooBerry
|-supereffective|p2a: BooBerry
|-damage|p2a: BooBerry|44\/352 tox
|
|-heal|p2a: BooBerry|88\/352 tox|[from] ability: Poison Heal
|turn|6
|
|move|p2a: BooBerry|Roost|p2a: BooBerry
|-heal|p2a: BooBerry|264\/352 tox
|move|p1a: Bill|Scald|p2a: BooBerry
|-supereffective|p2a: BooBerry
|-damage|p2a: BooBerry|100\/352 tox
|
|-heal|p2a: BooBerry|144\/352 tox|[from] ability: Poison Heal
|turn|7
|join|reine murasame
|
|move|p2a: BooBerry|Roost|p2a: BooBerry
|-heal|p2a: BooBerry|320\/352 tox
|move|p1a: Bill|Scald|p2a: BooBerry
|-supereffective|p2a: BooBerry
|-damage|p2a: BooBerry|150\/352 tox
|
|-heal|p2a: BooBerry|194\/352 tox|[from] ability: Poison Heal
|turn|8
|
|switch|p2a: BooBerry|Venusaur, F|364\/364
|move|p1a: Bill|Ice Beam|p2a: BooBerry
|-supereffective|p2a: BooBerry
|-damage|p2a: BooBerry|234\/364
|
|turn|9
|
|switch|p1a: Penelope|Amoonguss, F, shiny|432\/432
|detailschange|p2a: BooBerry|Venusaur-Mega, F
|message|Venusaur has Mega Evolved into Mega Venusaur!
|move|p2a: BooBerry|Sludge Bomb|p1a: Penelope
|-damage|p1a: Penelope|318\/432
|
|-heal|p1a: Penelope|345\/432|[from] item: Black Sludge
|turn|10
|
|switch|p2a: BooBerry|Gliscor, M|194\/352 tox
|move|p1a: Penelope|Foul Play|p2a: BooBerry
|-damage|p2a: BooBerry|133\/352 tox
|
|-heal|p1a: Penelope|372\/432|[from] item: Black Sludge
|-heal|p2a: BooBerry|177\/352 tox|[from] ability: Poison Heal
|turn|11
|join|irl cat
|
|switch|p1a: Bill|Slowbro, M, shiny|394\/394
|move|p2a: BooBerry|Roost|p2a: BooBerry
|-heal|p2a: BooBerry|352\/352 tox
|
|turn|12
|leave|Noriya
|join|Noriya
|leave|reine murasame
|join|Scyrel
|leave|Funnelby
|leave|Master Hax101
|
|switch|p2a: BooBerry|Venusaur-Mega, F|234\/364
|switch|p1a: Ivan|Gliscor, M|352\/352
|
|-status|p1a: Ivan|tox|[from] item: Toxic Orb
|turn|13
|join|FaithWalk
|
|switch|p1a: Penelope|Amoonguss, F, shiny|432\/432
|move|p2a: BooBerry|Leech Seed|p1a: Penelope
|-immune|p1a: Penelope|[msg]
|
|turn|14
|
|move|p2a: BooBerry|Synthesis|p2a: BooBerry
|-heal|p2a: BooBerry|364\/364
|move|p1a: Penelope|Foul Play|p2a: BooBerry
|-damage|p2a: BooBerry|330\/364
|
|turn|15
|leave|Das Wysel
|
|switch|p2a: BooBerry|Gliscor, M|352\/352 tox
|move|p1a: Penelope|Foul Play|p2a: BooBerry
|-damage|p2a: BooBerry|289\/352 tox
|
|-heal|p2a: BooBerry|333\/352 tox|[from] ability: Poison Heal
|turn|16
|join|FrozenCold
|leave|FrozenCold
|join|mouse de n1gger
|
|switch|p1a: Ivan|Gliscor, M|352\/352 tox
|move|p2a: BooBerry|Knock Off|p1a: Ivan
|-damage|p1a: Ivan|304\/352 tox
|-enditem|p1a: Ivan|Toxic Orb|[from] move: Knock Off|[of] p2a: BooBerry
|
|-heal|p2a: BooBerry|352\/352 tox|[from] ability: Poison Heal
|-heal|p1a: Ivan|348\/352 tox|[from] ability: Poison Heal
|turn|17
|join|mouthbreathers
|join|Squidero
|
|move|p2a: BooBerry|Taunt|p1a: Ivan
|-start|p1a: Ivan|move: Taunt
|cant|p1a: Ivan|move: Taunt|Taunt
|
|-heal|p1a: Ivan|352\/352 tox|[from] ability: Poison Heal
|turn|18
|c| FaithWalk|"I know its my destiny. I'll teach u and u teach me, pokemon. POKEMON!"
|c| FaithWalk|:\/
|leave|Ithaca
|c|âAceStarThe3rd|I'm sorry, I'm playing smash at the same time
|c|âAceStarThe3rd|How rude <3
|-message|AceStarThe3rd forfeited.
|
|win|mastermind15
|leave|AceStarThe3rd
|player|p2
|leave|habajiga
|c| FaithWalk|nice
|leave|irl cat
|leave|FaithWalk
|leave|Squidero