|join|mastermind15
|join|minorpentatonic
|player|p1|mastermind15|33
|player|p2|minorpentatonic|164
|gametype|singles
|gen|6
|tier|OU
|rated
|clearpoke
|poke|p1|Slowbro, M, shiny
|poke|p1|Gliscor, M
|poke|p1|Tyranitar, F
|poke|p1|Sableye, M
|poke|p1|Amoonguss, F
|poke|p1|Gothitelle, F, shiny
|poke|p2|Volcarona, M
|poke|p2|Altaria, F, shiny
|poke|p2|Magnezone
|poke|p2|Landorus-Therian, M
|poke|p2|Greninja, M
|poke|p2|Starmie
|rule|Swagger Clause: Swagger is banned
|rule|Baton Pass Clause: Limit one PokÃ©mon knowing Baton Pass
|rule|Sleep Clause Mod: Limit one foe put to sleep
|rule|Species Clause: Limit one of each PokÃ©mon
|rule|OHKO Clause: OHKO moves are banned
|rule|Moody Clause: Moody is banned
|rule|Evasion Moves Clause: Evasion moves are banned
|rule|Endless Battle Clause: Forcing endless battles is banned
|rule|HP Percentage Mod: HP is shown in percentages
|teampreview
|
|start
|switch|p1a: Jacob|Sableye, M|304\/304
|switch|p2a: Altaria|Altaria, F, shiny|353\/353
|turn|1
|
|switch|p1a: Penelope|Amoonguss, F|432\/432
|detailschange|p2a: Altaria|Altaria-Mega, F, shiny
|message|Altaria has Mega Evolved into Mega Altaria!
|move|p2a: Altaria|Dragon Dance|p2a: Altaria
|-boost|p2a: Altaria|atk|1
|-boost|p2a: Altaria|spe|1
|
|turn|2
|
|switch|p2a: Starmie|Starmie|323\/323
|move|p1a: Penelope|Spore|p2a: Starmie
|-status|p2a: Starmie|slp
|
|turn|3
|
|switch|p2a: Magnezone|Magnezone|281\/281
|move|p1a: Penelope|Spore|p2a: Magnezone
|-status|p2a: Magnezone|slp
|
|turn|4
|
|switch|p2a: Starmie|Starmie|323\/323
|switch|p1a: Ivan|Gliscor, M|342\/342
|
|-status|p1a: Ivan|tox|[from] item: Toxic Orb
|turn|5
|
|switch|p1a: Bill|Slowbro, M, shiny|394\/394
|move|p2a: Starmie|Scald|p1a: Bill
|-resisted|p1a: Bill
|-damage|p1a: Bill|353\/394
|
|turn|6
|
|switch|p2a: Greninja|Greninja, M|285\/285
|switch|p1a: Penelope|Amoonguss, F|432\/432
|
|turn|7
|
|switch|p1a: Sam|Tyranitar, F|341\/341
|-weather|Sandstorm
|move|p2a: Greninja|Ice Beam|p1a: Sam
|-start|p2a: Greninja|typechange|Ice|[from] Protean
|-damage|p1a: Sam|285\/341
|-damage|p2a: Greninja|257\/285|[from] item: Life Orb
|
|-weather|Sandstorm|[upkeep]
|-damage|p2a: Greninja|240\/285|[from] sandstorm
|turn|8
|
|move|p2a: Greninja|Low Kick|p1a: Sam
|-start|p2a: Greninja|typechange|Fighting|[from] Protean
|-supereffective|p1a: Sam
|-damage|p1a: Sam|0 fnt
|-damage|p2a: Greninja|212\/285|[from] item: Life Orb
|faint|p1a: Sam
|
|-weather|Sandstorm|[upkeep]
|-damage|p2a: Greninja|195\/285|[from] sandstorm
|
|switch|p1a: Bill|Slowbro, M, shiny|394\/394
|turn|9
|
|move|p2a: Greninja|Dark Pulse|p1a: Bill
|-start|p2a: Greninja|typechange|Dark|[from] Protean
|-supereffective|p1a: Bill
|-damage|p1a: Bill|152\/394
|-damage|p2a: Greninja|167\/285|[from] item: Life Orb
|move|p1a: Bill|Scald|p2a: Greninja
|-damage|p2a: Greninja|34\/285
|
|-weather|Sandstorm|[upkeep]
|-damage|p2a: Greninja|17\/285|[from] sandstorm
|-damage|p1a: Bill|128\/394|[from] sandstorm
|turn|10
|
|switch|p1a: Penelope|Amoonguss, F|432\/432
|move|p2a: Greninja|Dark Pulse|p1a: Penelope
|-damage|p1a: Penelope|296\/432
|-damage|p2a: Greninja|0 fnt|[from] item: Life Orb
|faint|p2a: Greninja
|
|-weather|Sandstorm|[upkeep]
|-damage|p1a: Penelope|269\/432|[from] sandstorm
|-heal|p1a: Penelope|296\/432|[from] item: Black Sludge
|
|switch|p2a: Volcarona|Volcarona, M|373\/373
|turn|11
|
|switch|p1a: Theresa|Gothitelle, F, shiny|281\/281
|move|p2a: Volcarona|Quiver Dance|p2a: Volcarona
|-boost|p2a: Volcarona|spa|1
|-boost|p2a: Volcarona|spd|1
|-boost|p2a: Volcarona|spe|1
|
|-weather|none
|turn|12
|
|move|p2a: Volcarona|Fiery Dance|p1a: Theresa
|-damage|p1a: Theresa|125\/281
|-boost|p2a: Volcarona|spa|1
|move|p1a: Theresa|Trick|p2a: Volcarona
|-activate|p1a: Theresa|move: Trick|[of] p2a: Volcarona
|-item|p2a: Volcarona|Choice Scarf|[from] move: Trick
|-item|p1a: Theresa|Leftovers|[from] move: Trick
|
|-heal|p1a: Theresa|142\/281|[from] item: Leftovers
|turn|13
|
|switch|p1a: Ivan|Gliscor, M|342\/342 tox
|move|p2a: Volcarona|Fiery Dance|p1a: Ivan
|-damage|p1a: Ivan|62\/342 tox
|-boost|p2a: Volcarona|spa|1
|
|-heal|p1a: Ivan|104\/342 tox|[from] ability: Poison Heal
|turn|14
|
|switch|p1a: Bill|Slowbro, M, shiny|259\/394
|move|p2a: Volcarona|Fiery Dance|p1a: Bill
|-resisted|p1a: Bill
|-damage|p1a: Bill|137\/394
|
|turn|15
|
|move|p2a: Volcarona|Fiery Dance|p1a: Bill
|-resisted|p1a: Bill
|-damage|p1a: Bill|22\/394
|-boost|p2a: Volcarona|spa|1
|move|p1a: Bill|Scald|p2a: Volcarona
|-supereffective|p2a: Volcarona
|-damage|p2a: Volcarona|239\/373
|
|turn|16
|
|switch|p1a: Theresa|Gothitelle, F, shiny|142\/281
|move|p2a: Volcarona|Fiery Dance|p1a: Theresa
|-damage|p1a: Theresa|0 fnt
|-boost|p2a: Volcarona|spa|1
|faint|p1a: Theresa
|
|
|switch|p1a: Bill|Slowbro, M, shiny|153\/394
|turn|17
|
|switch|p1a: Ivan|Gliscor, M|104\/342 tox
|move|p2a: Volcarona|Fiery Dance|p1a: Ivan
|-damage|p1a: Ivan|0 fnt
|-boost|p2a: Volcarona|spa|1
|faint|p1a: Ivan
|
|
|switch|p1a: Bill|Slowbro, M, shiny|284\/394
|turn|18
|
|move|p2a: Volcarona|Fiery Dance|p1a: Bill
|-resisted|p1a: Bill
|-damage|p1a: Bill|80\/394
|move|p1a: Bill|Scald|p2a: Volcarona
|-supereffective|p2a: Volcarona
|-damage|p2a: Volcarona|125\/373
|
|turn|19
|
|switch|p1a: Jacob|Sableye, M|304\/304
|move|p2a: Volcarona|Fiery Dance|p1a: Jacob
|-damage|p1a: Jacob|0 fnt
|faint|p1a: Jacob
|
|
|switch|p1a: Bill|Slowbro, M, shiny|211\/394
|turn|20
|
|move|p2a: Volcarona|Fiery Dance|p1a: Bill
|-resisted|p1a: Bill
|-damage|p1a: Bill|5\/394
|move|p1a: Bill|Scald|p2a: Volcarona
|-supereffective|p2a: Volcarona
|-damage|p2a: Volcarona|9\/373
|
|turn|21
|-message|mastermind15 forfeited.
|
|win|minorpentatonic
|raw|Ladder updating...
|leave|mastermind15
|player|p1
|raw|mastermind15's rating: 1763 &rarr; <strong>1733<\/strong><br \/>(-30 for losing)
|raw|minorpentatonic's rating: 1567 &rarr; <strong>1597<\/strong><br \/>(+30 for winning)