|join|stally the kid
|join|mastermind15
|player|p1|stally the kid|68
|player|p2|mastermind15|33
|gametype|singles
|gen|6
|tier|OU
|rated
|clearpoke
|poke|p1|Bisharp, F
|poke|p1|Clefable, M
|poke|p1|Manaphy
|poke|p1|Landorus, M
|poke|p1|Venusaur, M
|poke|p1|Greninja, M
|poke|p2|Slowbro, M, shiny
|poke|p2|Gliscor, M
|poke|p2|Tyranitar, F
|poke|p2|Sableye, M
|poke|p2|Amoonguss, F
|poke|p2|Gothitelle, F, shiny
|rule|Swagger Clause: Swagger is banned
|rule|Baton Pass Clause: Limit one PokÃ©mon knowing Baton Pass
|rule|Sleep Clause Mod: Limit one foe put to sleep
|rule|Species Clause: Limit one of each PokÃ©mon
|rule|OHKO Clause: OHKO moves are banned
|rule|Moody Clause: Moody is banned
|rule|Evasion Moves Clause: Evasion moves are banned
|rule|Endless Battle Clause: Forcing endless battles is banned
|rule|HP Percentage Mod: HP is shown in percentages
|teampreview
|join|Deceasing Soul
|join|Breeloom
|c| Deceasing Soul|HEY
|c| Deceasing Soul|YO
|c| Breeloom|hahaha rip
|c| Deceasing Soul|Ur against mastermind
|c| Deceasing Soul|i remember him
|join|Jefo
|c| Deceasing Soul|back in the day of gen6
|c| Deceasing Soul|early
|join|hats.marumaru
|c| Deceasing Soul|I would fight him
|c| Deceasing Soul|all the time
|
|start
|switch|p1a: Bisharp|Bisharp, F|271\/271
|switch|p2a: Jacob|Sableye, M|304\/304
|turn|1
|c| Deceasing Soul|he was a legit ladder player
|c| Deceasing Soul|like wish killer level
|c| Deceasing Soul|then he died
|leave|hats.marumaru
|join|hats.marumaru
|c| Deceasing Soul|for along time
|
|switch|p1a: Venusaur|Venusaur, M|359\/359
|detailschange|p2a: Jacob|Sableye-Mega, M
|message|Sableye has Mega Evolved into Mega Sableye!
|move|p2a: Jacob|Knock Off|p1a: Venusaur
|-damage|p1a: Venusaur|283\/359
|
|turn|2
|
|switch|p1a: Clefable|Clefable, M|394\/394
|move|p2a: Jacob|Will-O-Wisp|p1a: Clefable
|-status|p1a: Clefable|brn
|
|turn|3
|c| Breeloom|Jacob :^)
|
|switch|p1a: Landorus|Landorus, M|319\/319
|switch|p2a: Theresa|Gothitelle, F, shiny|281\/281
|
|turn|4
|
|move|p2a: Theresa|Hidden Power|p1a: Landorus
|-supereffective|p1a: Landorus
|-damage|p1a: Landorus|35\/319
|move|p1a: Landorus|Stealth Rock|p2a: Theresa
|-sidestart|p2: mastermind15|move: Stealth Rock
|
|turn|5
|c| Deceasing Soul|How did you find my name? :^)
|c|âstally the kid|what lmao
|
|move|p2a: Theresa|Hidden Power|p1a: Landorus
|-supereffective|p1a: Landorus
|-damage|p1a: Landorus|0 fnt
|faint|p1a: Landorus
|
|c| Breeloom|you got donked comp!!
|c| Deceasing Soul|oh shit
|
|switch|p1a: Bisharp|Bisharp, F|271\/271
|turn|6
|c| Deceasing Soul|his mon was named jacob
|c| Deceasing Soul|fug...
|join|hi dad
|
|move|p1a: Bisharp|Pursuit|p2a: Theresa|[from]Pursuit
|-supereffective|p2a: Theresa
|-damage|p2a: Theresa|0 fnt
|-damage|p1a: Bisharp|244\/271|[from] item: Life Orb
|faint|p2a: Theresa
|
|c| Breeloom|ok win with manaphy when
|join|Austin
|
|switch|p2a: Jacob|Sableye-Mega, M|304\/304
|-damage|p2a: Jacob|266\/304|[from] Stealth Rock
|turn|7
|c|âstally the kid|el fug :DDDD
|
|switch|p1a: Clefable|Clefable, M|394\/394 brn
|move|p2a: Jacob|Knock Off|p1a: Clefable
|-resisted|p1a: Clefable
|-damage|p1a: Clefable|351\/394 brn
|-enditem|p1a: Clefable|Leftovers|[from] move: Knock Off|[of] p2a: Jacob
|
|turn|8
|c| Breeloom|el time to win with manaphy face..
|c|âstally the kid|muh stall
|
|switch|p2a: Penelope|Amoonguss, F|432\/432
|-damage|p2a: Penelope|378\/432|[from] Stealth Rock
|move|p1a: Clefable|Flamethrower|p2a: Penelope
|-supereffective|p2a: Penelope
|-damage|p2a: Penelope|266\/432
|
|-heal|p2a: Penelope|293\/432|[from] item: Black Sludge
|turn|9
|join|Storm's Gale
|
|switch|p1a: Venusaur|Venusaur, M|283\/359
|move|p2a: Penelope|Clear Smog|p1a: Venusaur
|-damage|p1a: Venusaur|229\/359
|-clearboost|p1a: Venusaur
|
|-heal|p2a: Penelope|320\/432|[from] item: Black Sludge
|turn|10
|c| Breeloom|comp can you like just spoiler: win
|c| Storm's Gale|so mastermind that the new team?
|c|âmastermind15|yeah, just some slight modifications to the sets
|leave|Deceasing Soul
|
|switch|p2a: Ivan|Gliscor, M|342\/342
|-damage|p2a: Ivan|300\/342|[from] Stealth Rock
|detailschange|p1a: Venusaur|Venusaur-Mega, M
|message|Venusaur has Mega Evolved into Mega Venusaur!
|move|p1a: Venusaur|Giga Drain|p2a: Ivan
|-damage|p2a: Ivan|149\/342
|-heal|p1a: Venusaur|305\/359|[from] drain|[of] p2a: Ivan
|
|-status|p2a: Ivan|tox|[from] item: Toxic Orb
|turn|11
|c| Storm's Gale|cool
|c| Storm's Gale|pls beat this haxor lol
|
|switch|p2a: Penelope|Amoonguss, F|432\/432
|-damage|p2a: Penelope|378\/432|[from] Stealth Rock
|move|p1a: Venusaur|Giga Drain|p2a: Penelope
|-resisted|p2a: Penelope
|-damage|p2a: Penelope|347\/432
|-heal|p1a: Venusaur|321\/359|[from] drain|[of] p2a: Penelope
|
|-heal|p2a: Penelope|374\/432|[from] item: Black Sludge
|turn|12
|c|âstally the kid|im no haxor!
|c|âmastermind15|i don't know, i've made some bad plays
|c|âstally the kid|strom bone
|c| Storm's Gale|lol ok
|
|move|p1a: Venusaur|Sludge Bomb|p2a: Penelope
|-damage|p2a: Penelope|223\/432
|move|p2a: Penelope|Foul Play|p1a: Venusaur
|-damage|p1a: Venusaur|261\/359
|
|-heal|p2a: Penelope|250\/432|[from] item: Black Sludge
|turn|13
|c| Storm's Gale|Ok Mr. Super computer
|
|switch|p2a: Sam|Tyranitar, F|341\/341
|-damage|p2a: Sam|299\/341|[from] Stealth Rock
|-weather|Sandstorm
|move|p1a: Venusaur|Giga Drain|p2a: Sam
|-supereffective|p2a: Sam
|-damage|p2a: Sam|209\/341
|-heal|p1a: Venusaur|306\/359|[from] drain|[of] p2a: Sam
|
|-weather|Sandstorm|[upkeep]
|-damage|p1a: Venusaur|284\/359|[from] sandstorm
|turn|14
|c| Storm's Gale|:^)
|c|âstally the kid|:)
|join|Reverb
|
|switch|p1a: Clefable|Clefable, M|351\/394 brn
|move|p2a: Sam|Crunch|p1a: Clefable
|-resisted|p1a: Clefable
|-damage|p1a: Clefable|288\/394 brn
|
|-weather|Sandstorm|[upkeep]
|turn|15
|join|craing _;
|
|switch|p2a: Penelope|Amoonguss, F|394\/432
|-damage|p2a: Penelope|340\/432|[from] Stealth Rock
|move|p1a: Clefable|Soft-Boiled|p1a: Clefable
|-heal|p1a: Clefable|394\/394 brn
|
|-weather|Sandstorm|[upkeep]
|-damage|p2a: Penelope|313\/432|[from] sandstorm
|-heal|p2a: Penelope|340\/432|[from] item: Black Sludge
|turn|16
|c| Storm's Gale|>ben gay is here
|join|Mentalist Swag
|join|chumped
|c| Breeloom|comp = celebrity
|c| Storm's Gale|:]
|join|Deceasing Soul
|
|switch|p1a: Venusaur|Venusaur-Mega, M|284\/359
|move|p2a: Penelope|Clear Smog|p1a: Venusaur
|-damage|p1a: Venusaur|238\/359
|-clearboost|p1a: Venusaur
|
|-weather|Sandstorm|[upkeep]
|-damage|p1a: Venusaur|216\/359|[from] sandstorm
|-damage|p2a: Penelope|313\/432|[from] sandstorm
|-heal|p2a: Penelope|340\/432|[from] item: Black Sludge
|turn|17
|c| Storm's Gale|yea hes rly good
|join|Calloflochie
|c| Jefo|:^)
|
|move|p1a: Venusaur|Sludge Bomb|p2a: Penelope
|-damage|p2a: Penelope|183\/432
|move|p2a: Penelope|Foul Play|p1a: Venusaur
|-damage|p1a: Venusaur|162\/359
|
|-weather|none
|-heal|p2a: Penelope|210\/432|[from] item: Black Sludge
|turn|18
|c| Jefo|called good by strombone
|
|switch|p2a: Sam|Tyranitar, F|209\/341
|-damage|p2a: Sam|167\/341|[from] Stealth Rock
|-weather|Sandstorm
|move|p1a: Venusaur|Giga Drain|p2a: Sam
|-supereffective|p2a: Sam
|-damage|p2a: Sam|69\/341
|-heal|p1a: Venusaur|211\/359|[from] drain|[of] p2a: Sam
|
|-weather|Sandstorm|[upkeep]
|-damage|p1a: Venusaur|189\/359|[from] sandstorm
|turn|19
|join|Squirrelll
|
|move|p1a: Venusaur|Giga Drain|p2a: Sam
|-supereffective|p2a: Sam
|-damage|p2a: Sam|0 fnt
|-heal|p1a: Venusaur|224\/359|[from] drain|[of] p2a: Sam
|faint|p2a: Sam
|
|-weather|Sandstorm|[upkeep]
|-damage|p1a: Venusaur|202\/359|[from] sandstorm
|c|âmastermind15|gg
|
|switch|p2a: Bill|Slowbro, M, shiny|394\/394
|-damage|p2a: Bill|345\/394|[from] Stealth Rock
|turn|20
|
|move|p1a: Venusaur|Giga Drain|p2a: Bill
|-supereffective|p2a: Bill
|-damage|p2a: Bill|139\/394
|-heal|p1a: Venusaur|305\/359|[from] drain|[of] p2a: Bill
|move|p2a: Bill|Psychic|p1a: Venusaur
|-supereffective|p1a: Venusaur
|-damage|p1a: Venusaur|137\/359
|-unboost|p1a: Venusaur|spd|1
|
|-weather|Sandstorm|[upkeep]
|-damage|p1a: Venusaur|115\/359|[from] sandstorm
|-damage|p2a: Bill|115\/394|[from] sandstorm
|turn|21
|c| Jefo|:^)
|
|switch|p2a: Penelope|Amoonguss, F|354\/432
|-damage|p2a: Penelope|300\/432|[from] Stealth Rock
|move|p1a: Venusaur|Giga Drain|p2a: Penelope
|-resisted|p2a: Penelope
|-damage|p2a: Penelope|271\/432
|-heal|p1a: Venusaur|130\/359|[from] drain|[of] p2a: Penelope
|
|-weather|Sandstorm|[upkeep]
|-damage|p1a: Venusaur|108\/359|[from] sandstorm
|-damage|p2a: Penelope|244\/432|[from] sandstorm
|-heal|p2a: Penelope|271\/432|[from] item: Black Sludge
|turn|22
|c| Jefo|:P)
|c| Breeloom|venusaur the ultimate stall breaker
|c| Jefo|:^)
|c| Breeloom|no stall can stand before venu
|join|HENRY
|c| Storm's Gale|except the subcm meloetta stall
|c| Storm's Gale|:)
|c| Storm's Gale|:P
|-message|mastermind15 forfeited.
|
|win|stally the kid
|raw|Ladder updating...
|join|Bloodz
|c|âstally the kid|henry g
|c| Storm's Gale|with porygon2, subcoil zyg
|raw|stally the kid's rating: 1784 &rarr; <strong>1802<\/strong><br \/>(+18 for winning)
|raw|mastermind15's rating: 1743 &rarr; <strong>1726<\/strong><br \/>(-17 for losing)
|c| Storm's Gale|:]
|leave|Breeloom
|c|âstally the kid|xp