|join|mastermind15
|join|Omari P
|player|p1|mastermind15|33
|player|p2|Omari P|102
|gametype|singles
|gen|6
|tier|OU
|rated
|clearpoke
|poke|p1|Slowbro, M, shiny
|poke|p1|Zapdos
|poke|p1|Tyranitar, F
|poke|p1|Sableye, M
|poke|p1|Amoonguss, F
|poke|p1|Gothitelle, F, shiny
|poke|p2|Sylveon, F, shiny
|poke|p2|Mandibuzz, F, shiny
|poke|p2|Mew
|poke|p2|Victini
|poke|p2|Empoleon, M, shiny
|poke|p2|Hydreigon, M
|rule|Swagger Clause: Swagger is banned
|rule|Baton Pass Clause: Limit one PokÃ©mon knowing Baton Pass
|rule|Sleep Clause Mod: Limit one foe put to sleep
|rule|Species Clause: Limit one of each PokÃ©mon
|rule|OHKO Clause: OHKO moves are banned
|rule|Moody Clause: Moody is banned
|rule|Evasion Moves Clause: Evasion moves are banned
|rule|Endless Battle Clause: Forcing endless battles is banned
|rule|HP Percentage Mod: HP is shown in percentages
|teampreview
|
|start
|switch|p1a: Jacob|Sableye, M|304\/304
|switch|p2a: Happy Feet|Empoleon, M, shiny|372\/372
|turn|1
|
|detailschange|p1a: Jacob|Sableye-Mega, M
|-mega|p1a: Jacob|Sableye|Sablenite
|move|p2a: Happy Feet|Scald|p1a: Jacob
|-damage|p1a: Jacob|135\/304
|-status|p1a: Jacob|brn
|move|p1a: Jacob|Knock Off|p2a: Happy Feet
|-crit|p2a: Happy Feet
|-damage|p2a: Happy Feet|279\/372
|-enditem|p2a: Happy Feet|Choice Specs|[from] move: Knock Off|[of] p1a: Jacob
|
|-damage|p1a: Jacob|97\/304 brn|[from] brn
|turn|2
|
|switch|p1a: Larry|Zapdos|383\/383
|-ability|p1a: Larry|Pressure
|move|p2a: Happy Feet|Scald|p1a: Larry
|-crit|p1a: Larry
|-damage|p1a: Larry|167\/383
|-status|p1a: Larry|brn
|
|-heal|p1a: Larry|190\/383 brn|[from] item: Leftovers
|-damage|p1a: Larry|143\/383 brn|[from] brn
|turn|3
|
|move|p1a: Larry|Thunderbolt|p2a: Happy Feet
|-supereffective|p2a: Happy Feet
|-damage|p2a: Happy Feet|9\/372
|move|p2a: Happy Feet|Scald|p1a: Larry
|-damage|p1a: Larry|2\/383 brn
|
|-heal|p1a: Larry|25\/383 brn|[from] item: Leftovers
|-damage|p1a: Larry|0 fnt|[from] brn
|faint|p1a: Larry
|
|switch|p1a: Theresa|Gothitelle, F, shiny|281\/281
|turn|4
|
|move|p1a: Theresa|Energy Ball|p2a: Happy Feet
|-damage|p2a: Happy Feet|0 fnt
|faint|p2a: Happy Feet
|
|
|switch|p2a: Hydreigon|Hydreigon, M|325\/325
|turn|5
|
|switch|p1a: Sam|Tyranitar, F|341\/341
|-weather|Sandstorm
|move|p2a: Hydreigon|U-turn|p1a: Sam
|-supereffective|p1a: Sam
|-damage|p1a: Sam|243\/341
|
|switch|p2a: Sylveon|Sylveon, F, shiny|394\/394
|
|-weather|Sandstorm|[upkeep]
|-damage|p2a: Sylveon|370\/394|[from] sandstorm
|-heal|p2a: Sylveon|394\/394|[from] item: Leftovers
|turn|6
|
|switch|p1a: Penelope|Amoonguss, F|432\/432
|move|p2a: Sylveon|Hyper Voice|p1a: Penelope
|-crit|p1a: Penelope
|-resisted|p1a: Penelope
|-damage|p1a: Penelope|325\/432
|
|-weather|Sandstorm|[upkeep]
|-damage|p2a: Sylveon|370\/394|[from] sandstorm
|-damage|p1a: Penelope|298\/432|[from] sandstorm
|-heal|p2a: Sylveon|394\/394|[from] item: Leftovers
|-heal|p1a: Penelope|325\/432|[from] item: Black Sludge
|turn|7
|
|switch|p2a: Turn Up God|Victini|341\/341
|switch|p1a: Jacob|Sableye-Mega, M|97\/304 brn
|
|-weather|Sandstorm|[upkeep]
|-damage|p2a: Turn Up God|320\/341|[from] sandstorm
|-damage|p1a: Jacob|78\/304 brn|[from] sandstorm
|-damage|p1a: Jacob|40\/304 brn|[from] brn
|turn|8
|
|switch|p1a: Bill|Slowbro, M, shiny|394\/394
|move|p2a: Turn Up God|Bolt Strike|p1a: Bill
|-supereffective|p1a: Bill
|-damage|p1a: Bill|222\/394
|
|-weather|Sandstorm|[upkeep]
|-damage|p2a: Turn Up God|299\/341|[from] sandstorm
|-damage|p1a: Bill|198\/394|[from] sandstorm
|turn|9
|
|switch|p1a: Penelope|Amoonguss, F|432\/432
|move|p2a: Turn Up God|Power-Up Punch|p1a: Penelope
|-resisted|p1a: Penelope
|-damage|p1a: Penelope|412\/432
|-boost|p2a: Turn Up God|atk|1
|
|-weather|none
|-heal|p1a: Penelope|432\/432|[from] item: Black Sludge
|turn|10
|
|switch|p1a: Jacob|Sableye-Mega, M|40\/304 brn
|move|p2a: Turn Up God|V-create|p1a: Jacob
|-damage|p1a: Jacob|0 fnt
|-unboost|p2a: Turn Up God|def|1
|-unboost|p2a: Turn Up God|spd|1
|-unboost|p2a: Turn Up God|spe|1
|faint|p1a: Jacob
|
|
|switch|p1a: Sam|Tyranitar, F|243\/341
|-weather|Sandstorm
|turn|11
|
|move|p2a: Turn Up God|Power-Up Punch|p1a: Sam
|-supereffective|p1a: Sam
|-damage|p1a: Sam|15\/341
|-boost|p2a: Turn Up God|atk|1
|move|p1a: Sam|Pursuit|p2a: Turn Up God
|-supereffective|p2a: Turn Up God
|-damage|p2a: Turn Up God|95\/341
|
|-weather|Sandstorm|[upkeep]
|-damage|p2a: Turn Up God|74\/341|[from] sandstorm
|turn|12
|
|switch|p1a: Theresa|Gothitelle, F, shiny|281\/281
|move|p2a: Turn Up God|Bolt Strike|p1a: Theresa
|-damage|p1a: Theresa|13\/281
|
|-weather|Sandstorm|[upkeep]
|-damage|p1a: Theresa|0 fnt|[from] sandstorm
|-damage|p2a: Turn Up God|53\/341|[from] sandstorm
|faint|p1a: Theresa
|c|âOmari P|ttar is the reason i have power up punch
|
|switch|p1a: Bill|Slowbro, M, shiny|329\/394
|turn|13
|
|switch|p1a: Penelope|Amoonguss, F|432\/432
|move|p2a: Turn Up God|Bolt Strike|p1a: Penelope
|-resisted|p1a: Penelope
|-damage|p1a: Penelope|301\/432
|-status|p1a: Penelope|par
|
|-weather|Sandstorm|[upkeep]
|-damage|p2a: Turn Up God|32\/341|[from] sandstorm
|-damage|p1a: Penelope|274\/432 par|[from] sandstorm
|-heal|p1a: Penelope|301\/432 par|[from] item: Black Sludge
|turn|14
|
|switch|p1a: Bill|Slowbro, M, shiny|394\/394
|move|p2a: Turn Up God|Bolt Strike|p1a: Bill
|-supereffective|p1a: Bill
|-damage|p1a: Bill|34\/394
|
|-weather|Sandstorm|[upkeep]
|-damage|p2a: Turn Up God|11\/341|[from] sandstorm
|-damage|p1a: Bill|10\/394|[from] sandstorm
|turn|15
|
|switch|p1a: Sam|Tyranitar, F|15\/341
|move|p2a: Turn Up God|Power-Up Punch|p1a: Sam
|-supereffective|p1a: Sam
|-damage|p1a: Sam|0 fnt
|-boost|p2a: Turn Up God|atk|1
|faint|p1a: Sam
|
|-weather|none
|-message|mastermind15 forfeited.
|
|win|Omari P
|raw|Ladder updating...
|leave|mastermind15
|raw|mastermind15's rating: 1611 &rarr; <strong>1583<\/strong><br \/>(-28 for losing)
|raw|Omari P's rating: 1459 &rarr; <strong>1487<\/strong><br \/>(+28 for winning)
|player|p1