|join|Ron Funches
|join|mastermind15
|player|p1|Ron Funches|10
|player|p2|mastermind15|33
|gametype|singles
|gen|6
|tier|OU
|clearpoke
|poke|p1|Amoonguss, M
|poke|p1|Heatran, M
|poke|p1|Azumarill, F
|poke|p1|Latias, F
|poke|p1|Sableye, M
|poke|p1|Hippowdon, M
|poke|p2|Slowbro, M, shiny
|poke|p2|Zapdos
|poke|p2|Tyranitar, F
|poke|p2|Sableye, M
|poke|p2|Amoonguss, F
|poke|p2|Gothitelle, F, shiny
|rule|Swagger Clause: Swagger is banned
|rule|Baton Pass Clause: Limit one PokÃ©mon knowing Baton Pass
|rule|Sleep Clause Mod: Limit one foe put to sleep
|rule|Species Clause: Limit one of each PokÃ©mon
|rule|OHKO Clause: OHKO moves are banned
|rule|Moody Clause: Moody is banned
|rule|Evasion Moves Clause: Evasion moves are banned
|rule|Endless Battle Clause: Forcing endless battles is banned
|rule|HP Percentage Mod: HP is shown in percentages
|teampreview
|c|âRon Funches|glhf
|
|start
|switch|p1a: Heatran|Heatran, M|329\/329
|switch|p2a: Jacob|Sableye, M|304\/304
|turn|1
|
|switch|p2a: Bill|Slowbro, M, shiny|394\/394
|move|p1a: Heatran|Lava Plume|p2a: Bill
|-resisted|p2a: Bill
|-damage|p2a: Bill|332\/394
|
|turn|2
|
|switch|p1a: Amoonguss|Amoonguss, M|431\/431
|move|p2a: Bill|Scald|p1a: Amoonguss
|-resisted|p1a: Amoonguss
|-damage|p1a: Amoonguss|380\/431
|
|-heal|p1a: Amoonguss|406\/431|[from] item: Black Sludge
|turn|3
|
|switch|p2a: Penelope|Amoonguss, F|432\/432
|switch|p1a: Sableye|Sableye, M|303\/303
|
|turn|4
|
|detailschange|p1a: Sableye|Sableye-Mega, M
|-mega|p1a: Sableye|Sableye|Sablenite
|move|p1a: Sableye|Will-O-Wisp|p2a: Penelope
|-status|p2a: Penelope|brn
|move|p2a: Penelope|Giga Drain|p1a: Sableye
|-damage|p1a: Sableye|233\/303
|
|-damage|p2a: Penelope|378\/432 brn|[from] brn
|turn|5
|
|move|p2a: Penelope|Giga Drain|p1a: Sableye
|-damage|p1a: Sableye|164\/303
|-heal|p2a: Penelope|413\/432 brn|[from] drain|[of] p1a: Sableye
|move|p1a: Sableye|Calm Mind|p1a: Sableye
|-boost|p1a: Sableye|spa|1
|-boost|p1a: Sableye|spd|1
|
|-heal|p2a: Penelope|432\/432 brn|[from] item: Black Sludge
|-damage|p2a: Penelope|378\/432 brn|[from] brn
|turn|6
|
|switch|p2a: Jacob|Sableye, M|304\/304
|move|p1a: Sableye|Recover|p1a: Sableye
|-heal|p1a: Sableye|303\/303
|
|turn|7
|
|detailschange|p2a: Jacob|Sableye-Mega, M
|-mega|p2a: Jacob|Sableye|Sablenite
|move|p2a: Jacob|Foul Play|p1a: Sableye
|-crit|p1a: Sableye
|-damage|p1a: Sableye|237\/303
|move|p1a: Sableye|Calm Mind|p1a: Sableye
|-boost|p1a: Sableye|spa|1
|-boost|p1a: Sableye|spd|1
|
|turn|8
|
|switch|p2a: Penelope|Amoonguss, F|432\/432 brn
|move|p1a: Sableye|Calm Mind|p1a: Sableye
|-boost|p1a: Sableye|spa|1
|-boost|p1a: Sableye|spd|1
|
|-damage|p2a: Penelope|378\/432 brn|[from] brn
|turn|9
|
|move|p2a: Penelope|Clear Smog|p1a: Sableye
|-resisted|p1a: Sableye
|-damage|p1a: Sableye|228\/303
|-clearboost|p1a: Sableye
|move|p1a: Sableye|Shadow Ball|p2a: Penelope
|-damage|p2a: Penelope|294\/432 brn
|
|-heal|p2a: Penelope|321\/432 brn|[from] item: Black Sludge
|-damage|p2a: Penelope|267\/432 brn|[from] brn
|turn|10
|
|switch|p2a: Bill|Slowbro, M, shiny|394\/394
|move|p1a: Sableye|Recover|p1a: Sableye
|-heal|p1a: Sableye|303\/303
|
|turn|11
|
|switch|p2a: Jacob|Sableye-Mega, M|304\/304
|switch|p1a: Amoonguss|Amoonguss, M|406\/431
|
|-heal|p1a: Amoonguss|431\/431|[from] item: Black Sludge
|turn|12
|
|move|p1a: Amoonguss|Giga Drain|p2a: Jacob
|-damage|p2a: Jacob|231\/304
|move|p2a: Jacob|Knock Off|p1a: Amoonguss
|-damage|p1a: Amoonguss|323\/431
|-status|p2a: Jacob|psn
|-enditem|p1a: Amoonguss|Black Sludge|[from] move: Knock Off|[of] p2a: Jacob
|
|-damage|p2a: Jacob|193\/304 psn|[from] psn
|turn|13
|
|move|p1a: Amoonguss|Giga Drain|p2a: Jacob
|-damage|p2a: Jacob|129\/304 psn
|-heal|p1a: Amoonguss|355\/431|[from] drain|[of] p2a: Jacob
|move|p2a: Jacob|Recover|p2a: Jacob
|-heal|p2a: Jacob|281\/304 psn
|
|-damage|p2a: Jacob|243\/304 psn|[from] psn
|turn|14
|
|move|p1a: Amoonguss|Giga Drain|p2a: Jacob
|-damage|p2a: Jacob|180\/304 psn
|-heal|p1a: Amoonguss|387\/431|[from] drain|[of] p2a: Jacob
|move|p2a: Jacob|Will-O-Wisp|p1a: Amoonguss
|-status|p1a: Amoonguss|brn
|
|-damage|p1a: Amoonguss|334\/431 brn|[from] brn
|-damage|p2a: Jacob|142\/304 psn|[from] psn
|turn|15
|
|move|p1a: Amoonguss|Giga Drain|p2a: Jacob
|-crit|p2a: Jacob
|-damage|p2a: Jacob|45\/304 psn
|-heal|p1a: Amoonguss|383\/431 brn|[from] drain|[of] p2a: Jacob
|move|p2a: Jacob|Recover|p2a: Jacob
|-heal|p2a: Jacob|197\/304 psn
|
|-damage|p1a: Amoonguss|330\/431 brn|[from] brn
|-damage|p2a: Jacob|159\/304 psn|[from] psn
|turn|16
|
|switch|p1a: Azumarill|Azumarill, F|375\/375
|move|p2a: Jacob|Recover|p2a: Jacob
|-heal|p2a: Jacob|304\/304 psn
|
|-damage|p2a: Jacob|266\/304 psn|[from] psn
|turn|17
|
|switch|p2a: Larry|Zapdos|383\/383
|-ability|p2a: Larry|Pressure
|move|p1a: Azumarill|Play Rough|p2a: Larry
|-damage|p2a: Larry|121\/383
|
|-heal|p2a: Larry|144\/383|[from] item: Leftovers
|turn|18
|c|âmastermind15|why would you run Effect spore over regenerator?
|c|âRon Funches|i forgot on the teambuilder
|
|switch|p1a: Hippowdon|Hippowdon, M|419\/419
|move|p2a: Larry|Roost|p2a: Larry
|-heal|p2a: Larry|336\/383
|
|-heal|p2a: Larry|359\/383|[from] item: Leftovers
|turn|19
|
|switch|p2a: Theresa|Gothitelle, F, shiny|281\/281
|move|p1a: Hippowdon|Stealth Rock|p2a: Theresa
|-sidestart|p2: mastermind15|move: Stealth Rock
|
|turn|20
|
|move|p2a: Theresa|Trick|p1a: Hippowdon
|-activate|p2a: Theresa|move: Trick|[of] p1a: Hippowdon
|-item|p1a: Hippowdon|Choice Scarf|[from] move: Trick
|-item|p2a: Theresa|Leftovers|[from] move: Trick
|move|p1a: Hippowdon|Earthquake|p2a: Theresa
|-damage|p2a: Theresa|142\/281
|
|-heal|p2a: Theresa|159\/281|[from] item: Leftovers
|turn|21
|
|switch|p2a: Larry|Zapdos|359\/383
|-damage|p2a: Larry|264\/383|[from] Stealth Rock
|-ability|p2a: Larry|Pressure
|move|p1a: Hippowdon|Earthquake|p2a: Larry
|-immune|p2a: Larry|[msg]
|
|-heal|p2a: Larry|287\/383|[from] item: Leftovers
|turn|22
|
|switch|p1a: Sableye|Sableye-Mega, M|303\/303
|move|p2a: Larry|Defog|p1a: Sableye
|move|p1a: Sableye|Defog|p2a: Larry|[from]Magic Bounce
|-unboost|p2a: Larry|evasion|1
|-sideend|p2: mastermind15|Stealth Rock|[from] move: Defog|[of] p2a: Larry
|
|-heal|p2a: Larry|310\/383|[from] item: Leftovers
|turn|23
|c|âmastermind15|why don't you run sandstorm ability on hippo?
|
|switch|p2a: Jacob|Sableye-Mega, M|266\/304 psn
|move|p1a: Sableye|Calm Mind|p1a: Sableye
|-boost|p1a: Sableye|spa|1
|-boost|p1a: Sableye|spd|1
|
|-damage|p2a: Jacob|228\/304 psn|[from] psn
|turn|24
|c|âRon Funches|i don't need sand
|
|switch|p2a: Penelope|Amoonguss, F|411\/432 brn
|move|p1a: Sableye|Shadow Ball|p2a: Penelope
|-damage|p2a: Penelope|272\/432 brn
|
|-heal|p2a: Penelope|299\/432 brn|[from] item: Black Sludge
|-damage|p2a: Penelope|245\/432 brn|[from] brn
|turn|25
|
|move|p2a: Penelope|Clear Smog|p1a: Sableye
|-resisted|p1a: Sableye
|-damage|p1a: Sableye|289\/303
|-clearboost|p1a: Sableye
|move|p1a: Sableye|Shadow Ball|p2a: Penelope
|-damage|p2a: Penelope|164\/432 brn
|
|-heal|p2a: Penelope|191\/432 brn|[from] item: Black Sludge
|-damage|p2a: Penelope|137\/432 brn|[from] brn
|turn|26
|
|switch|p2a: Sam|Tyranitar, F|341\/341
|-weather|Sandstorm
|switch|p1a: Heatran|Heatran, M|329\/329
|
|-weather|Sandstorm|[upkeep]
|turn|27
|
|switch|p1a: Hippowdon|Hippowdon, M|419\/419
|move|p2a: Sam|Superpower|p1a: Hippowdon
|-damage|p1a: Hippowdon|319\/419
|-unboost|p2a: Sam|atk|1
|-unboost|p2a: Sam|def|1
|
|-weather|Sandstorm|[upkeep]
|turn|28
|
|switch|p2a: Larry|Zapdos|310\/383
|-ability|p2a: Larry|Pressure
|move|p1a: Hippowdon|Stone Edge|p2a: Larry
|-supereffective|p2a: Larry
|-damage|p2a: Larry|112\/383
|
|-weather|Sandstorm|[upkeep]
|-damage|p2a: Larry|89\/383|[from] sandstorm
|-heal|p2a: Larry|112\/383|[from] item: Leftovers
|turn|29
|
|move|p2a: Larry|Roost|p2a: Larry
|-heal|p2a: Larry|304\/383
|move|p1a: Hippowdon|Stone Edge|p2a: Larry
|-damage|p2a: Larry|212\/383
|
|-weather|Sandstorm|[upkeep]
|-damage|p2a: Larry|189\/383|[from] sandstorm
|-heal|p2a: Larry|212\/383|[from] item: Leftovers
|turn|30
|
|move|p2a: Larry|Roost|p2a: Larry
|-heal|p2a: Larry|383\/383
|move|p1a: Hippowdon|Stone Edge|p2a: Larry
|-damage|p2a: Larry|279\/383
|
|-weather|none
|-heal|p2a: Larry|302\/383|[from] item: Leftovers
|turn|31
|
|switch|p1a: Heatran|Heatran, M|329\/329
|move|p2a: Larry|Heat Wave|p1a: Heatran
|-start|p1a: Heatran|ability: Flash Fire
|
|-heal|p2a: Larry|325\/383|[from] item: Leftovers
|turn|32
|
|switch|p2a: Bill|Slowbro, M, shiny|394\/394
|move|p1a: Heatran|Lava Plume|p2a: Bill
|-resisted|p2a: Bill
|-damage|p2a: Bill|307\/394
|
|turn|33
|
|move|p1a: Heatran|Lava Plume|p2a: Bill
|-resisted|p2a: Bill
|-damage|p2a: Bill|223\/394
|-status|p2a: Bill|brn
|move|p2a: Bill|Scald|p1a: Heatran
|-supereffective|p1a: Heatran
|-damage|p1a: Heatran|141\/329
|
|-damage|p2a: Bill|174\/394 brn|[from] brn
|turn|34
|
|switch|p1a: Amoonguss|Amoonguss, M|330\/431 brn
|move|p2a: Bill|Scald|p1a: Amoonguss
|-resisted|p1a: Amoonguss
|-damage|p1a: Amoonguss|282\/431 brn
|
|-damage|p2a: Bill|125\/394 brn|[from] brn
|-damage|p1a: Amoonguss|229\/431 brn|[from] brn
|turn|35
|
|switch|p2a: Penelope|Amoonguss, F|281\/432 brn
|move|p1a: Amoonguss|Giga Drain|p2a: Penelope
|-crit|p2a: Penelope
|-resisted|p2a: Penelope
|-damage|p2a: Penelope|253\/432 brn
|-heal|p1a: Amoonguss|243\/431 brn|[from] drain|[of] p2a: Penelope
|
|-heal|p2a: Penelope|280\/432 brn|[from] item: Black Sludge
|-damage|p1a: Amoonguss|190\/431 brn|[from] brn
|-damage|p2a: Penelope|226\/432 brn|[from] brn
|turn|36
|
|switch|p1a: Heatran|Heatran, M|141\/329
|switch|p2a: Theresa|Gothitelle, F, shiny|159\/281
|
|-heal|p2a: Theresa|176\/281|[from] item: Leftovers
|turn|37
|
|switch|p2a: Bill|Slowbro, M, shiny|256\/394 brn
|move|p1a: Heatran|Overheat|p2a: Bill
|-resisted|p2a: Bill
|-damage|p2a: Bill|160\/394 brn
|-unboost|p1a: Heatran|spa|2
|
|-damage|p2a: Bill|111\/394 brn|[from] brn
|turn|38
|
|switch|p1a: Amoonguss|Amoonguss, M|190\/431 brn
|switch|p2a: Theresa|Gothitelle, F, shiny|176\/281
|
|-heal|p2a: Theresa|193\/281|[from] item: Leftovers
|-damage|p1a: Amoonguss|137\/431 brn|[from] brn
|turn|39
|
|move|p2a: Theresa|Psyshock|p1a: Amoonguss
|-supereffective|p1a: Amoonguss
|-damage|p1a: Amoonguss|0 fnt
|faint|p1a: Amoonguss
|
|-heal|p2a: Theresa|210\/281|[from] item: Leftovers
|
|switch|p1a: Hippowdon|Hippowdon, M|319\/419
|turn|40
|
|switch|p2a: Larry|Zapdos|325\/383
|-ability|p2a: Larry|Pressure
|move|p1a: Hippowdon|Stealth Rock|p2a: Larry
|-sidestart|p2: mastermind15|move: Stealth Rock
|
|-heal|p2a: Larry|348\/383|[from] item: Leftovers
|turn|41
|
|switch|p1a: Sableye|Sableye-Mega, M|289\/303
|move|p2a: Larry|Defog|p1a: Sableye
|move|p1a: Sableye|Defog|p2a: Larry|[from]Magic Bounce
|-unboost|p2a: Larry|evasion|1
|-sideend|p2: mastermind15|Stealth Rock|[from] move: Defog|[of] p2a: Larry
|
|-heal|p2a: Larry|371\/383|[from] item: Leftovers
|turn|42
|
|switch|p2a: Bill|Slowbro, M, shiny|242\/394 brn
|move|p1a: Sableye|Shadow Ball|p2a: Bill
|-supereffective|p2a: Bill
|-damage|p2a: Bill|114\/394 brn
|
|-damage|p2a: Bill|65\/394 brn|[from] brn
|turn|43
|
|switch|p2a: Penelope|Amoonguss, F|370\/432 brn
|move|p1a: Sableye|Shadow Ball|p2a: Penelope
|-damage|p2a: Penelope|279\/432 brn
|
|-heal|p2a: Penelope|306\/432 brn|[from] item: Black Sludge
|-damage|p2a: Penelope|252\/432 brn|[from] brn
|turn|44
|
|switch|p2a: Larry|Zapdos|371\/383
|-ability|p2a: Larry|Pressure
|switch|p1a: Heatran|Heatran, M|141\/329
|
|-heal|p2a: Larry|383\/383|[from] item: Leftovers
|turn|45
|
|switch|p2a: Sam|Tyranitar, F|341\/341
|-weather|Sandstorm
|move|p1a: Heatran|Lava Plume|p2a: Sam
|-resisted|p2a: Sam
|-damage|p2a: Sam|319\/341
|
|-weather|Sandstorm|[upkeep]
|turn|46
|
|switch|p1a: Hippowdon|Hippowdon, M|319\/419
|move|p2a: Sam|Superpower|p1a: Hippowdon
|-damage|p1a: Hippowdon|219\/419
|-unboost|p2a: Sam|atk|1
|-unboost|p2a: Sam|def|1
|
|-weather|Sandstorm|[upkeep]
|turn|47
|
|switch|p2a: Larry|Zapdos|383\/383
|-ability|p2a: Larry|Pressure
|move|p1a: Hippowdon|Stone Edge|p2a: Larry
|-supereffective|p2a: Larry
|-damage|p2a: Larry|179\/383
|
|-weather|Sandstorm|[upkeep]
|-damage|p2a: Larry|156\/383|[from] sandstorm
|-heal|p2a: Larry|179\/383|[from] item: Leftovers
|turn|48
|
|switch|p1a: Heatran|Heatran, M|141\/329
|move|p2a: Larry|Roost|p2a: Larry
|-heal|p2a: Larry|371\/383
|
|-weather|Sandstorm|[upkeep]
|-damage|p2a: Larry|348\/383|[from] sandstorm
|-heal|p2a: Larry|371\/383|[from] item: Leftovers
|turn|49
|
|move|p1a: Heatran|Lava Plume|p2a: Larry
|-damage|p2a: Larry|209\/383
|move|p2a: Larry|Thunderbolt|p1a: Heatran
|-damage|p1a: Heatran|14\/329
|
|-weather|none
|-heal|p2a: Larry|232\/383|[from] item: Leftovers
|turn|50
|
|switch|p2a: Theresa|Gothitelle, F, shiny|210\/281
|move|p1a: Heatran|Lava Plume|p2a: Theresa
|-crit|p2a: Theresa
|-damage|p2a: Theresa|27\/281
|-status|p2a: Theresa|brn
|
|-heal|p2a: Theresa|44\/281 brn|[from] item: Leftovers
|-damage|p2a: Theresa|9\/281 brn|[from] brn
|turn|51
|
|move|p1a: Heatran|Lava Plume|p2a: Theresa
|-damage|p2a: Theresa|0 fnt
|faint|p2a: Theresa
|
|c|âRon Funches|good riddence
|
|switch|p2a: Bill|Slowbro, M, shiny|196\/394 brn
|turn|52
|
|switch|p1a: Hippowdon|Hippowdon, M|219\/419
|move|p2a: Bill|Scald|p1a: Hippowdon
|-supereffective|p1a: Hippowdon
|-damage|p1a: Hippowdon|0 fnt
|faint|p1a: Hippowdon
|
|-damage|p2a: Bill|147\/394 brn|[from] brn
|
|switch|p1a: Azumarill|Azumarill, F|375\/375
|turn|53
|
|switch|p2a: Penelope|Amoonguss, F|396\/432 brn
|move|p1a: Azumarill|Knock Off|p2a: Penelope
|-crit|p2a: Penelope
|-damage|p2a: Penelope|61\/432 brn
|-enditem|p2a: Penelope|Black Sludge|[from] move: Knock Off|[of] p1a: Azumarill
|
|-damage|p2a: Penelope|7\/432 brn|[from] brn
|turn|54
|
|switch|p2a: Jacob|Sableye-Mega, M|228\/304 psn
|move|p1a: Azumarill|Knock Off|p2a: Jacob
|-damage|p2a: Jacob|146\/304 psn
|
|-damage|p2a: Jacob|108\/304 psn|[from] psn
|turn|55
|
|switch|p1a: Sableye|Sableye-Mega, M|289\/303
|move|p2a: Jacob|Recover|p2a: Jacob
|-heal|p2a: Jacob|260\/304 psn
|
|-damage|p2a: Jacob|222\/304 psn|[from] psn
|turn|56
|
|switch|p2a: Larry|Zapdos|232\/383
|-ability|p2a: Larry|Pressure
|switch|p1a: Heatran|Heatran, M|14\/329
|
|-heal|p2a: Larry|255\/383|[from] item: Leftovers
|turn|57
|
|switch|p2a: Bill|Slowbro, M, shiny|278\/394 brn
|move|p1a: Heatran|Overheat|p2a: Bill
|-resisted|p2a: Bill
|-damage|p2a: Bill|182\/394 brn
|-unboost|p1a: Heatran|spa|2
|
|-damage|p2a: Bill|133\/394 brn|[from] brn
|turn|58
|
|switch|p1a: Latias|Latias, F|319\/319
|move|p2a: Bill|Scald|p1a: Latias
|-resisted|p1a: Latias
|-damage|p1a: Latias|283\/319
|-status|p1a: Latias|brn
|
|-damage|p1a: Latias|244\/319 brn|[from] brn
|-damage|p2a: Bill|84\/394 brn|[from] brn
|turn|59
|
|switch|p1a: Azumarill|Azumarill, F|375\/375
|switch|p2a: Sam|Tyranitar, F|319\/341
|-weather|Sandstorm
|
|-weather|Sandstorm|[upkeep]
|-damage|p1a: Azumarill|352\/375|[from] sandstorm
|turn|60
|
|switch|p2a: Larry|Zapdos|255\/383
|-ability|p2a: Larry|Pressure
|move|p1a: Azumarill|Knock Off|p2a: Larry
|-damage|p2a: Larry|74\/383
|-enditem|p2a: Larry|Leftovers|[from] move: Knock Off|[of] p1a: Azumarill
|
|-weather|Sandstorm|[upkeep]
|-damage|p2a: Larry|51\/383|[from] sandstorm
|-damage|p1a: Azumarill|329\/375|[from] sandstorm
|turn|61
|
|switch|p1a: Latias|Latias, F|244\/319 brn
|move|p2a: Larry|Roost|p2a: Larry
|-heal|p2a: Larry|243\/383
|
|-weather|Sandstorm|[upkeep]
|-damage|p1a: Latias|225\/319 brn|[from] sandstorm
|-damage|p2a: Larry|220\/383|[from] sandstorm
|-damage|p1a: Latias|186\/319 brn|[from] brn
|turn|62
|
|switch|p1a: Azumarill|Azumarill, F|329\/375
|switch|p2a: Sam|Tyranitar, F|319\/341
|
|-weather|Sandstorm|[upkeep]
|-damage|p1a: Azumarill|306\/375|[from] sandstorm
|turn|63
|
|move|p1a: Azumarill|Play Rough|p2a: Sam
|-supereffective|p2a: Sam
|-damage|p2a: Sam|0 fnt
|faint|p2a: Sam
|
|-weather|none
|
|switch|p2a: Larry|Zapdos|220\/383
|-ability|p2a: Larry|Pressure
|turn|64
|
|switch|p1a: Latias|Latias, F|186\/319 brn
|move|p2a: Larry|Roost|p2a: Larry
|-heal|p2a: Larry|383\/383
|
|-damage|p1a: Latias|147\/319 brn|[from] brn
|turn|65
|
|move|p1a: Latias|Roost|p1a: Latias
|-heal|p1a: Latias|307\/319 brn
|move|p2a: Larry|Roost|p2a: Larry
|-fail|p2a: Larry
|
|-damage|p1a: Latias|268\/319 brn|[from] brn
|turn|66
|
|move|p1a: Latias|Psyshock|p2a: Larry
|-crit|p2a: Larry
|-damage|p2a: Larry|167\/383
|-damage|p1a: Latias|237\/319 brn|[from] item: Life Orb
|move|p2a: Larry|Roost|p2a: Larry
|-heal|p2a: Larry|359\/383
|
|-damage|p1a: Latias|198\/319 brn|[from] brn
|turn|67
|
|move|p1a: Latias|Psyshock|p2a: Larry
|-damage|p2a: Larry|219\/383
|-damage|p1a: Latias|167\/319 brn|[from] item: Life Orb
|move|p2a: Larry|Thunderbolt|p1a: Latias
|-resisted|p1a: Latias
|-damage|p1a: Latias|111\/319 brn
|
|-damage|p1a: Latias|72\/319 brn|[from] brn
|turn|68
|
|move|p1a: Latias|Roost|p1a: Latias
|-heal|p1a: Latias|232\/319 brn
|move|p2a: Larry|Roost|p2a: Larry
|-heal|p2a: Larry|383\/383
|
|-damage|p1a: Latias|193\/319 brn|[from] brn
|turn|69
|
|switch|p2a: Bill|Slowbro, M, shiny|215\/394 brn
|move|p1a: Latias|Roost|p1a: Latias
|-heal|p1a: Latias|319\/319 brn
|
|-damage|p1a: Latias|280\/319 brn|[from] brn
|-damage|p2a: Bill|166\/394 brn|[from] brn
|turn|70
|
|switch|p2a: Larry|Zapdos|383\/383
|-ability|p2a: Larry|Pressure
|move|p1a: Latias|Draco Meteor|p2a: Larry
|-damage|p2a: Larry|120\/383
|-unboost|p1a: Latias|spa|2
|-damage|p1a: Latias|249\/319 brn|[from] item: Life Orb
|
|-damage|p1a: Latias|210\/319 brn|[from] brn
|turn|71
|
|switch|p1a: Heatran|Heatran, M|14\/329
|move|p2a: Larry|Roost|p2a: Larry
|-heal|p2a: Larry|312\/383
|
|turn|72
|
|switch|p2a: Bill|Slowbro, M, shiny|297\/394 brn
|move|p1a: Heatran|Overheat|p2a: Bill|[miss]
|-miss|p1a: Heatran|p2a: Bill
|
|-damage|p2a: Bill|248\/394 brn|[from] brn
|turn|73
|
|switch|p1a: Latias|Latias, F|210\/319 brn
|switch|p2a: Penelope|Amoonguss, F|151\/432 brn
|
|-damage|p1a: Latias|171\/319 brn|[from] brn
|-damage|p2a: Penelope|97\/432 brn|[from] brn
|turn|74
|
|switch|p2a: Larry|Zapdos|312\/383
|-ability|p2a: Larry|Pressure
|move|p1a: Latias|Draco Meteor|p2a: Larry
|-damage|p2a: Larry|38\/383
|-unboost|p1a: Latias|spa|2
|-damage|p1a: Latias|140\/319 brn|[from] item: Life Orb
|
|-damage|p1a: Latias|101\/319 brn|[from] brn
|turn|75
|
|switch|p2a: Bill|Slowbro, M, shiny|379\/394 brn
|move|p1a: Latias|Psyshock|p2a: Bill
|-crit|p2a: Bill
|-resisted|p2a: Bill
|-damage|p2a: Bill|304\/394 brn
|-damage|p1a: Latias|70\/319 brn|[from] item: Life Orb
|
|-damage|p1a: Latias|31\/319 brn|[from] brn
|-damage|p2a: Bill|255\/394 brn|[from] brn
|turn|76
|
|move|p1a: Latias|Roost|p1a: Latias
|-heal|p1a: Latias|191\/319 brn
|move|p2a: Bill|Ice Beam|p1a: Latias
|-supereffective|p1a: Latias
|-damage|p1a: Latias|85\/319 brn
|
|-damage|p1a: Latias|46\/319 brn|[from] brn
|-damage|p2a: Bill|206\/394 brn|[from] brn
|turn|77
|
|switch|p1a: Azumarill|Azumarill, F|306\/375
|switch|p2a: Larry|Zapdos|38\/383
|-ability|p2a: Larry|Pressure
|
|turn|78
|
|switch|p2a: Bill|Slowbro, M, shiny|337\/394 brn
|move|p1a: Azumarill|Play Rough|p2a: Bill
|-damage|p2a: Bill|126\/394 brn
|
|-damage|p2a: Bill|77\/394 brn|[from] brn
|turn|79
|
|switch|p1a: Heatran|Heatran, M|14\/329
|switch|p2a: Penelope|Amoonguss, F|241\/432 brn
|
|-damage|p2a: Penelope|187\/432 brn|[from] brn
|turn|80
|
|switch|p2a: Bill|Slowbro, M, shiny|208\/394 brn
|move|p1a: Heatran|Earth Power|p2a: Bill
|-crit|p2a: Bill
|-damage|p2a: Bill|72\/394 brn
|
|-damage|p2a: Bill|23\/394 brn|[from] brn
|turn|81
|
|switch|p1a: Azumarill|Azumarill, F|306\/375
|switch|p2a: Jacob|Sableye-Mega, M|222\/304 psn
|
|-damage|p2a: Jacob|184\/304 psn|[from] psn
|turn|82
|
|switch|p1a: Sableye|Sableye-Mega, M|289\/303
|switch|p2a: Penelope|Amoonguss, F|331\/432 brn
|
|-damage|p2a: Penelope|277\/432 brn|[from] brn
|turn|83
|
|switch|p2a: Bill|Slowbro, M, shiny|154\/394 brn
|move|p1a: Sableye|Shadow Ball|p2a: Bill
|-supereffective|p2a: Bill
|-damage|p2a: Bill|14\/394 brn
|
|-damage|p2a: Bill|0 fnt|[from] brn
|faint|p2a: Bill
|
|switch|p2a: Larry|Zapdos|38\/383
|-ability|p2a: Larry|Pressure
|turn|84
|
|switch|p2a: Jacob|Sableye-Mega, M|184\/304 psn
|switch|p1a: Heatran|Heatran, M|14\/329
|
|-damage|p2a: Jacob|146\/304 psn|[from] psn
|turn|85
|
|move|p1a: Heatran|Overheat|p2a: Jacob
|-damage|p2a: Jacob|0 fnt
|-unboost|p1a: Heatran|spa|2
|faint|p2a: Jacob
|
|c|âmastermind15|gg
|c|âRon Funches|gg
|-message|mastermind15 forfeited.
|leave|mastermind15
|
|win|Ron Funches
|player|p2
|join|Latios pls