|join|mastermind15
|join|Big Brandon Carter
|player|p1|mastermind15|33
|player|p2|Big Brandon Carter|76
|gametype|singles
|gen|6
|tier|OU
|rated
|clearpoke
|poke|p1|Slowbro, M, shiny
|poke|p1|Zapdos
|poke|p1|Tyranitar, F
|poke|p1|Sableye, M
|poke|p1|Amoonguss, F
|poke|p1|Gothitelle, F, shiny
|poke|p2|Seismitoad, F
|poke|p2|Starmie
|poke|p2|Charizard, F
|poke|p2|Jirachi
|poke|p2|Skarmory, M
|poke|p2|Tyranitar, M
|rule|Swagger Clause: Swagger is banned
|rule|Baton Pass Clause: Limit one PokÃ©mon knowing Baton Pass
|rule|Sleep Clause Mod: Limit one foe put to sleep
|rule|Species Clause: Limit one of each PokÃ©mon
|rule|OHKO Clause: OHKO moves are banned
|rule|Moody Clause: Moody is banned
|rule|Evasion Moves Clause: Evasion moves are banned
|rule|Endless Battle Clause: Forcing endless battles is banned
|rule|HP Percentage Mod: HP is shown in percentages
|teampreview
|c|âmastermind15|lol seismitoad
|c|âBig Brandon Carter|problem?
|
|start
|switch|p1a: Jacob|Sableye, M|304\/304
|switch|p2a: Charizard|Charizard, F|298\/298
|turn|1
|c|âmastermind15|just a weird mon in ou
|
|switch|p1a: Sam|Tyranitar, F|341\/341
|-weather|Sandstorm
|detailschange|p2a: Charizard|Charizard-Mega-Y, F
|-mega|p2a: Charizard|Charizard|Charizardite Y
|-weather|SunnyDay
|move|p2a: Charizard|Fire Blast|p1a: Sam
|-resisted|p1a: Sam
|-damage|p1a: Sam|257\/341
|
|-weather|SunnyDay|[upkeep]
|turn|2
|
|switch|p2a: Seismitoad|Seismitoad, F|401\/401
|switch|p1a: Bill|Slowbro, M, shiny|394\/394
|
|-weather|SunnyDay|[upkeep]
|turn|3
|
|switch|p1a: Theresa|Gothitelle, F, shiny|281\/281
|move|p2a: Seismitoad|Knock Off|p1a: Theresa
|-supereffective|p1a: Theresa
|-damage|p1a: Theresa|125\/281
|-enditem|p1a: Theresa|Choice Scarf|[from] move: Knock Off|[of] p2a: Seismitoad
|
|-weather|SunnyDay|[upkeep]
|turn|4
|
|move|p1a: Theresa|Energy Ball|p2a: Seismitoad
|-supereffective|p2a: Seismitoad
|-damage|p2a: Seismitoad|0 fnt
|faint|p2a: Seismitoad
|
|-weather|SunnyDay|[upkeep]
|
|switch|p2a: Tyranitar|Tyranitar, M|341\/341
|-weather|Sandstorm
|turn|5
|
|move|p2a: Tyranitar|Pursuit|p1a: Theresa|[from]Pursuit
|-supereffective|p1a: Theresa
|-damage|p1a: Theresa|0 fnt
|faint|p1a: Theresa
|
|-weather|Sandstorm|[upkeep]
|
|switch|p1a: Jacob|Sableye, M|304\/304
|turn|6
|
|switch|p2a: Charizard|Charizard-Mega-Y, F|298\/298
|-weather|SunnyDay
|detailschange|p1a: Jacob|Sableye-Mega, M
|-mega|p1a: Jacob|Sableye|Sablenite
|move|p1a: Jacob|Knock Off|p2a: Charizard
|-damage|p2a: Charizard|217\/298
|
|-weather|SunnyDay|[upkeep]
|turn|7
|
|switch|p1a: Bill|Slowbro, M, shiny|394\/394
|move|p2a: Charizard|Focus Blast|p1a: Bill|[miss]
|-miss|p2a: Charizard|p1a: Bill
|
|-weather|SunnyDay|[upkeep]
|turn|8
|
|switch|p1a: Penelope|Amoonguss, F|432\/432
|move|p2a: Charizard|Focus Blast|p1a: Penelope
|-resisted|p1a: Penelope
|-damage|p1a: Penelope|331\/432
|
|-weather|SunnyDay|[upkeep]
|-heal|p1a: Penelope|358\/432|[from] item: Black Sludge
|turn|9
|
|switch|p1a: Sam|Tyranitar, F|257\/341
|-weather|Sandstorm
|move|p2a: Charizard|Fire Blast|p1a: Sam
|-resisted|p1a: Sam
|-damage|p1a: Sam|214\/341
|
|-weather|Sandstorm|[upkeep]
|-damage|p2a: Charizard|199\/298|[from] sandstorm
|turn|10
|
|switch|p2a: Skarmory|Skarmory, M|334\/334
|move|p1a: Sam|Rock Slide|p2a: Skarmory
|-damage|p2a: Skarmory|258\/334
|
|-weather|Sandstorm|[upkeep]
|turn|11
|
|switch|p1a: Jacob|Sableye-Mega, M|304\/304
|move|p2a: Skarmory|Spikes|p1a: Jacob
|move|p1a: Jacob|Spikes|p2a: Skarmory|[from]Magic Bounce
|-sidestart|p2: Big Brandon Carter|Spikes
|
|-weather|Sandstorm|[upkeep]
|-damage|p1a: Jacob|285\/304|[from] sandstorm
|turn|12
|c|âBig Brandon Carter|oh yeah
|c|âmastermind15|lol
|
|move|p1a: Jacob|Will-O-Wisp|p2a: Skarmory
|-status|p2a: Skarmory|brn
|move|p2a: Skarmory|Counter|p1a: Jacob
|-immune|p1a: Jacob|[msg]
|
|-weather|Sandstorm|[upkeep]
|-damage|p1a: Jacob|266\/304|[from] sandstorm
|-damage|p2a: Skarmory|217\/334 brn|[from] brn
|turn|13
|c|âmastermind15|lol
|
|switch|p2a: Charizard|Charizard-Mega-Y, F|199\/298
|-weather|SunnyDay
|move|p1a: Jacob|Knock Off|p2a: Charizard
|-damage|p2a: Charizard|121\/298
|
|-weather|SunnyDay|[upkeep]
|turn|14
|
|switch|p1a: Sam|Tyranitar, F|214\/341
|-weather|Sandstorm
|move|p2a: Charizard|Roost|p2a: Charizard
|-heal|p2a: Charizard|270\/298
|
|-weather|Sandstorm|[upkeep]
|-damage|p2a: Charizard|252\/298|[from] sandstorm
|turn|15
|
|switch|p2a: Skarmory|Skarmory, M|217\/334 brn
|switch|p1a: Bill|Slowbro, M, shiny|394\/394
|
|-weather|Sandstorm|[upkeep]
|-damage|p1a: Bill|370\/394|[from] sandstorm
|-damage|p2a: Skarmory|176\/334 brn|[from] brn
|turn|16
|
|switch|p2a: Charizard|Charizard-Mega-Y, F|252\/298
|-weather|SunnyDay
|move|p1a: Bill|Fire Blast|p2a: Charizard
|-crit|p2a: Charizard
|-resisted|p2a: Charizard
|-damage|p2a: Charizard|172\/298
|
|-weather|SunnyDay|[upkeep]
|turn|17
|
|switch|p1a: Sam|Tyranitar, F|214\/341
|-weather|Sandstorm
|move|p2a: Charizard|Roost|p2a: Charizard
|-heal|p2a: Charizard|298\/298
|
|-weather|Sandstorm|[upkeep]
|-damage|p2a: Charizard|280\/298|[from] sandstorm
|turn|18
|
|switch|p2a: Jirachi|Jirachi|404\/404
|-damage|p2a: Jirachi|354\/404|[from] Spikes
|move|p1a: Sam|Rock Slide|p2a: Jirachi
|-resisted|p2a: Jirachi
|-damage|p2a: Jirachi|285\/404
|
|-weather|Sandstorm|[upkeep]
|-heal|p2a: Jirachi|310\/404|[from] item: Leftovers
|turn|19
|
|switch|p1a: Larry|Zapdos|383\/383
|-ability|p1a: Larry|Pressure
|move|p2a: Jirachi|Wish|p2a: Jirachi
|
|-weather|Sandstorm|[upkeep]
|-damage|p1a: Larry|360\/383|[from] sandstorm
|-heal|p1a: Larry|383\/383|[from] item: Leftovers
|-heal|p2a: Jirachi|335\/404|[from] item: Leftovers
|turn|20
|
|move|p1a: Larry|Thunderbolt|p2a: Jirachi
|-damage|p2a: Jirachi|244\/404
|move|p2a: Jirachi|U-turn|p1a: Larry
|-resisted|p1a: Larry
|-damage|p1a: Larry|358\/383
|
|switch|p2a: Tyranitar|Tyranitar, M|341\/341
|-damage|p2a: Tyranitar|299\/341|[from] Spikes
|
|-weather|Sandstorm|[upkeep]
|-damage|p1a: Larry|335\/383|[from] sandstorm
|-heal|p2a: Tyranitar|341\/341|[from] move: Wish|[wisher] Jirachi
|-heal|p1a: Larry|358\/383|[from] item: Leftovers
|turn|21
|
|move|p2a: Tyranitar|Pursuit|p1a: Larry
|-damage|p1a: Larry|295\/383
|move|p1a: Larry|Roost|p1a: Larry
|-heal|p1a: Larry|383\/383
|
|-weather|none
|turn|22
|
|move|p2a: Tyranitar|Pursuit|p1a: Larry
|-damage|p1a: Larry|317\/383
|move|p1a: Larry|Thunderbolt|p2a: Tyranitar
|-damage|p2a: Tyranitar|185\/341
|
|-heal|p1a: Larry|340\/383|[from] item: Leftovers
|turn|23
|c|âmastermind15|lol
|
|switch|p2a: Jirachi|Jirachi|244\/404
|-damage|p2a: Jirachi|194\/404|[from] Spikes
|move|p1a: Larry|Thunderbolt|p2a: Jirachi
|-damage|p2a: Jirachi|103\/404
|
|-heal|p1a: Larry|363\/383|[from] item: Leftovers
|-heal|p2a: Jirachi|128\/404|[from] item: Leftovers
|turn|24
|c|âBig Brandon Carter|u risked ur win condition
|c|âBig Brandon Carter|to roost
|c|âBig Brandon Carter|logical
|
|move|p1a: Larry|Heat Wave|p2a: Jirachi
|-supereffective|p2a: Jirachi
|-damage|p2a: Jirachi|0 fnt
|faint|p2a: Jirachi
|
|-heal|p1a: Larry|383\/383|[from] item: Leftovers
|
|switch|p2a: Charizard|Charizard-Mega-Y, F|280\/298
|-weather|SunnyDay
|turn|25
|c|âmastermind15|lol i outpredicted you
|c|âBig Brandon Carter|no you didnt
|c|âBig Brandon Carter|you made a dumb play
|c|âBig Brandon Carter|theres a difference.
|c|âmastermind15|nay, instead i gained momentum
|
|switch|p1a: Sam|Tyranitar, F|214\/341
|-weather|Sandstorm
|move|p2a: Charizard|Fire Blast|p1a: Sam
|-resisted|p1a: Sam
|-damage|p1a: Sam|172\/341
|-status|p1a: Sam|brn
|
|-weather|Sandstorm|[upkeep]
|-damage|p2a: Charizard|262\/298|[from] sandstorm
|-damage|p1a: Sam|130\/341 brn|[from] brn
|turn|26
|
|switch|p2a: Skarmory|Skarmory, M|176\/334 brn
|switch|p1a: Larry|Zapdos|383\/383
|-ability|p1a: Larry|Pressure
|
|-weather|Sandstorm|[upkeep]
|-damage|p1a: Larry|360\/383|[from] sandstorm
|-heal|p1a: Larry|383\/383|[from] item: Leftovers
|-damage|p2a: Skarmory|135\/334 brn|[from] brn
|turn|27
|
|move|p1a: Larry|Thunderbolt|p2a: Skarmory
|-supereffective|p2a: Skarmory
|-damage|p2a: Skarmory|0 fnt
|faint|p2a: Skarmory
|
|-weather|Sandstorm|[upkeep]
|-damage|p1a: Larry|360\/383|[from] sandstorm
|-heal|p1a: Larry|383\/383|[from] item: Leftovers
|c|âmastermind15|lol
|
|switch|p2a: Tyranitar|Tyranitar, M|185\/341
|-damage|p2a: Tyranitar|143\/341|[from] Spikes
|turn|28
|
|switch|p1a: Bill|Slowbro, M, shiny|394\/394
|move|p2a: Tyranitar|Stone Edge|p1a: Bill
|-damage|p1a: Bill|265\/394
|
|-weather|Sandstorm|[upkeep]
|-damage|p1a: Bill|241\/394|[from] sandstorm
|turn|29
|
|switch|p2a: Starmie|Starmie|261\/261
|-damage|p2a: Starmie|229\/261|[from] Spikes
|switch|p1a: Penelope|Amoonguss, F|432\/432
|
|-weather|none
|turn|30
|
|move|p2a: Starmie|Psyshock|p1a: Penelope
|-supereffective|p1a: Penelope
|-damage|p1a: Penelope|117\/432
|-damage|p2a: Starmie|203\/261|[from] item: Life Orb
|move|p1a: Penelope|Giga Drain|p2a: Starmie
|-supereffective|p2a: Starmie
|-damage|p2a: Starmie|15\/261
|-heal|p1a: Penelope|211\/432|[from] drain|[of] p2a: Starmie
|
|-heal|p1a: Penelope|238\/432|[from] item: Black Sludge
|turn|31
|
|switch|p1a: Bill|Slowbro, M, shiny|372\/394
|move|p2a: Starmie|Hydro Pump|p1a: Bill
|-resisted|p1a: Bill
|-damage|p1a: Bill|251\/394
|-damage|p2a: Starmie|0 fnt|[from] item: Life Orb
|faint|p2a: Starmie
|
|
|switch|p2a: Charizard|Charizard-Mega-Y, F|262\/298
|-weather|SunnyDay
|turn|32
|
|switch|p1a: Sam|Tyranitar, F|130\/341 brn
|-weather|Sandstorm
|move|p2a: Charizard|Solar Beam|p1a: Sam|[still]
|-prepare|p2a: Charizard|Solar Beam|p1a: Sam
|
|-weather|Sandstorm|[upkeep]
|-damage|p2a: Charizard|244\/298|[from] sandstorm
|-damage|p1a: Sam|88\/341 brn|[from] brn
|turn|33
|c|âBig Brandon Carter|risking ur win condition i guess thats all ur good at.
|c|âBig Brandon Carter|such a bad player.
|c|âmastermind15|lol getting salty huh
|c|âBig Brandon Carter|i should still win
|c|âBig Brandon Carter|unless i flinch or something aids
|
|switch|p1a: Penelope|Amoonguss, F|382\/432
|move|p2a: Charizard|Solar Beam|p1a: Penelope
|-resisted|p1a: Penelope
|-damage|p1a: Penelope|357\/432
|
|-weather|Sandstorm|[upkeep]
|-damage|p2a: Charizard|226\/298|[from] sandstorm
|-damage|p1a: Penelope|330\/432|[from] sandstorm
|-heal|p1a: Penelope|357\/432|[from] item: Black Sludge
|turn|34
|
|switch|p1a: Bill|Slowbro, M, shiny|382\/394
|move|p2a: Charizard|Fire Blast|p1a: Bill
|-resisted|p1a: Bill
|-damage|p1a: Bill|286\/394
|
|-weather|Sandstorm|[upkeep]
|-damage|p2a: Charizard|208\/298|[from] sandstorm
|-damage|p1a: Bill|262\/394|[from] sandstorm
|turn|35
|c|âBig Brandon Carter|smart.
|-message|Big Brandon Carter forfeited.
|leave|Big Brandon Carter
|
|win|mastermind15
|raw|Ladder updating...
|player|p2
|raw|mastermind15's rating: 1598 &rarr; <strong>1620<\/strong><br \/>(+22 for winning)
|raw|Big Brandon Carter's rating: 1630 &rarr; <strong>1608<\/strong><br \/>(-22 for losing)