|join|mastermind15
|join|ST ETERNAM
|player|p1|mastermind15|33
|player|p2|ST ETERNAM|270
|gametype|singles
|gen|6
|tier|OU (suspect test)
|rated
|clearpoke
|poke|p1|Slowbro, M, shiny
|poke|p1|Zapdos
|poke|p1|Tyranitar, F
|poke|p1|Sableye, M
|poke|p1|Amoonguss, F
|poke|p1|Gothitelle, F, shiny
|poke|p2|Diancie
|poke|p2|Excadrill, M
|poke|p2|Celebi
|poke|p2|Zapdos
|poke|p2|Kyurem-Black
|poke|p2|Keldeo-Resolute
|rule|Swagger Clause: Swagger is banned
|rule|Baton Pass Clause: Limit one PokÃ©mon knowing Baton Pass
|rule|Sleep Clause Mod: Limit one foe put to sleep
|rule|Species Clause: Limit one of each PokÃ©mon
|rule|OHKO Clause: OHKO moves are banned
|rule|Moody Clause: Moody is banned
|rule|Evasion Moves Clause: Evasion moves are banned
|rule|Endless Battle Clause: Forcing endless battles is banned
|rule|HP Percentage Mod: HP is shown in percentages
|teampreview
|c|âmastermind15|what's with all the celebi today?
|c|âST ETERNAM|celebi got amazing with oras
|c|âST ETERNAM|greninja gone
|
|start
|switch|p1a: Jacob|Sableye, M|304\/304
|switch|p2a: MY EYES|Diancie|241\/241
|turn|1
|c|âST ETERNAM|made it even better
|c|âmastermind15|ah, is that it
|c|âmastermind15|i hope gren will be gone for good
|c|âST ETERNAM|y
|
|switch|p1a: Penelope|Amoonguss, F|432\/432
|detailschange|p2a: MY EYES|Diancie-Mega
|-mega|p2a: MY EYES|Diancie|Diancite
|move|p2a: MY EYES|Moonblast|p1a: Penelope
|-resisted|p1a: Penelope
|-damage|p1a: Penelope|327\/432
|-unboost|p1a: Penelope|spa|1
|
|-heal|p1a: Penelope|354\/432|[from] item: Black Sludge
|turn|2
|
|switch|p2a: Pixie|Celebi|404\/404
|switch|p1a: Bill|Slowbro, M, shiny|394\/394
|
|turn|3
|
|switch|p1a: Theresa|Gothitelle, F, shiny|281\/281
|move|p2a: Pixie|U-turn|p1a: Theresa
|-supereffective|p1a: Theresa
|-damage|p1a: Theresa|181\/281
|
|switch|p2a: MY EYES|Diancie-Mega|241\/241
|
|turn|4
|
|switch|p1a: Penelope|Amoonguss, F|432\/432
|move|p2a: MY EYES|Protect|p2a: MY EYES
|-fail|p2a: MY EYES
|
|turn|5
|c|âST ETERNAM|dude
|c|âST ETERNAM|cancel
|c|âST ETERNAM|doesnt work
|
|switch|p1a: Bill|Slowbro, M, shiny|394\/394
|move|p2a: MY EYES|Protect|p2a: MY EYES
|-fail|p2a: MY EYES
|
|turn|6
|c|âST ETERNAM|:(
|c|âmastermind15|it's finicky
|
|move|p2a: MY EYES|Moonblast|p1a: Bill
|-damage|p1a: Bill|253\/394
|move|p1a: Bill|Scald|p2a: MY EYES
|-supereffective|p2a: MY EYES
|-damage|p2a: MY EYES|55\/241
|
|turn|7
|c|âST ETERNAM|not again
|
|switch|p2a: Pixie|Celebi|404\/404
|switch|p1a: Sam|Tyranitar, F|341\/341
|-weather|Sandstorm
|
|-weather|Sandstorm|[upkeep]
|-damage|p2a: Pixie|379\/404|[from] sandstorm
|-heal|p2a: Pixie|404\/404|[from] item: Leftovers
|turn|8
|
|move|p2a: Pixie|Stealth Rock|p1a: Sam
|-sidestart|p1: mastermind15|move: Stealth Rock
|move|p1a: Sam|Pursuit|p2a: Pixie
|-supereffective|p2a: Pixie
|-damage|p2a: Pixie|242\/404
|
|-weather|Sandstorm|[upkeep]
|-damage|p2a: Pixie|217\/404|[from] sandstorm
|-heal|p2a: Pixie|242\/404|[from] item: Leftovers
|turn|9
|
|move|p2a: Pixie|U-turn|p1a: Sam
|-supereffective|p1a: Sam
|-damage|p1a: Sam|243\/341
|
|switch|p2a: Pwny|Keldeo-Resolute|324\/324
|move|p1a: Sam|Crunch|p2a: Pwny
|-resisted|p2a: Pwny
|-damage|p2a: Pwny|249\/324
|-boost|p2a: Pwny|atk|1|[from] ability: Justified
|
|-weather|Sandstorm|[upkeep]
|-damage|p2a: Pwny|229\/324|[from] sandstorm
|turn|10
|
|switch|p1a: Penelope|Amoonguss, F|432\/432
|-damage|p1a: Penelope|378\/432|[from] Stealth Rock
|move|p2a: Pwny|Hydro Pump|p1a: Penelope
|-resisted|p1a: Penelope
|-damage|p1a: Penelope|234\/432
|
|-weather|Sandstorm|[upkeep]
|-damage|p2a: Pwny|209\/324|[from] sandstorm
|-damage|p1a: Penelope|207\/432|[from] sandstorm
|-heal|p1a: Penelope|234\/432|[from] item: Black Sludge
|turn|11
|
|switch|p2a: Mole|Excadrill, M|361\/361
|-ability|p2a: Mole|Mold Breaker
|move|p1a: Penelope|Giga Drain|p2a: Mole
|-damage|p2a: Mole|253\/361
|-heal|p1a: Penelope|288\/432|[from] drain|[of] p2a: Mole
|
|-weather|none
|-heal|p1a: Penelope|315\/432|[from] item: Black Sludge
|turn|12
|
|switch|p1a: Bill|Slowbro, M, shiny|384\/394
|-damage|p1a: Bill|335\/394|[from] Stealth Rock
|move|p2a: Mole|Iron Head|p1a: Bill
|-resisted|p1a: Bill
|-damage|p1a: Bill|269\/394
|-damage|p2a: Mole|217\/361|[from] item: Life Orb
|
|turn|13
|c|âST ETERNAM|as usual
|c|âST ETERNAM|cancel
|c|âST ETERNAM|god i hate it when showdown lags
|
|switch|p2a: Raikiri|Zapdos|383\/383
|-ability|p2a: Raikiri|Pressure
|move|p1a: Bill|Scald|p2a: Raikiri
|-damage|p2a: Raikiri|287\/383
|
|-heal|p2a: Raikiri|310\/383|[from] item: Leftovers
|turn|14
|
|switch|p1a: Penelope|Amoonguss, F|432\/432
|-damage|p1a: Penelope|378\/432|[from] Stealth Rock
|move|p2a: Raikiri|Thunderbolt|p1a: Penelope
|-resisted|p1a: Penelope
|-damage|p1a: Penelope|312\/432
|
|-heal|p2a: Raikiri|333\/383|[from] item: Leftovers
|-heal|p1a: Penelope|339\/432|[from] item: Black Sludge
|turn|15
|
|switch|p2a: Pixie|Celebi|242\/404
|switch|p1a: Larry|Zapdos|383\/383
|-damage|p1a: Larry|288\/383|[from] Stealth Rock
|-ability|p1a: Larry|Pressure
|
|-heal|p1a: Larry|311\/383|[from] item: Leftovers
|-heal|p2a: Pixie|267\/404|[from] item: Leftovers
|turn|16
|
|move|p1a: Larry|Defog|p2a: Pixie
|-unboost|p2a: Pixie|evasion|1
|-sideend|p1: mastermind15|Stealth Rock|[from] move: Defog|[of] p1a: Larry
|move|p2a: Pixie|Recover|p2a: Pixie
|-heal|p2a: Pixie|404\/404
|
|-heal|p1a: Larry|334\/383|[from] item: Leftovers
|turn|17
|
|move|p1a: Larry|Heat Wave|p2a: Pixie
|-supereffective|p2a: Pixie
|-damage|p2a: Pixie|268\/404
|move|p2a: Pixie|Stealth Rock|p1a: Larry
|-sidestart|p1: mastermind15|move: Stealth Rock
|
|-heal|p1a: Larry|357\/383|[from] item: Leftovers
|-heal|p2a: Pixie|293\/404|[from] item: Leftovers
|turn|18
|
|move|p1a: Larry|Defog|p2a: Pixie
|-unboost|p2a: Pixie|evasion|1
|-sideend|p1: mastermind15|Stealth Rock|[from] move: Defog|[of] p1a: Larry
|move|p2a: Pixie|U-turn|p1a: Larry
|-resisted|p1a: Larry
|-damage|p1a: Larry|336\/383
|
|switch|p2a: Raikiri|Zapdos|333\/383
|-ability|p2a: Raikiri|Pressure
|
|-heal|p1a: Larry|359\/383|[from] item: Leftovers
|-heal|p2a: Raikiri|356\/383|[from] item: Leftovers
|turn|19
|
|switch|p1a: Penelope|Amoonguss, F|432\/432
|move|p2a: Raikiri|Thunderbolt|p1a: Penelope
|-resisted|p1a: Penelope
|-damage|p1a: Penelope|357\/432
|
|-heal|p2a: Raikiri|379\/383|[from] item: Leftovers
|-heal|p1a: Penelope|384\/432|[from] item: Black Sludge
|turn|20
|
|move|p2a: Raikiri|Heat Wave|p1a: Penelope
|-supereffective|p1a: Penelope
|-damage|p1a: Penelope|186\/432
|move|p1a: Penelope|Spore|p2a: Raikiri
|-status|p2a: Raikiri|slp
|
|-heal|p2a: Raikiri|383\/383 slp|[from] item: Leftovers
|-heal|p1a: Penelope|213\/432|[from] item: Black Sludge
|turn|21
|
|switch|p1a: Jacob|Sableye, M|304\/304
|cant|p2a: Raikiri|slp
|
|turn|22
|
|detailschange|p1a: Jacob|Sableye-Mega, M
|-mega|p1a: Jacob|Sableye|Sablenite
|-curestatus|p2a: Raikiri|slp
|move|p2a: Raikiri|Thunderbolt|p1a: Jacob
|-damage|p1a: Jacob|186\/304
|move|p1a: Jacob|Knock Off|p2a: Raikiri
|-damage|p2a: Raikiri|296\/383
|-enditem|p2a: Raikiri|Leftovers|[from] move: Knock Off|[of] p1a: Jacob
|
|turn|23
|c|âST ETERNAM|a non cm m-sableye in a stall team
|c|âST ETERNAM|thats new
|
|switch|p1a: Sam|Tyranitar, F|243\/341
|-weather|Sandstorm
|move|p2a: Raikiri|Thunderbolt|p1a: Sam
|-damage|p1a: Sam|195\/341
|
|-weather|Sandstorm|[upkeep]
|-damage|p2a: Raikiri|273\/383|[from] sandstorm
|turn|24
|c|âST ETERNAM|generally a non cm m-sableye
|c|âmastermind15|yeah, i feel like this sableye variant works better for my type of team
|c|âmastermind15|besides i am not a fan of stat boosting
|c|âST ETERNAM|my type of team?
|c|âST ETERNAM|you mean stall
|
|move|p2a: Raikiri|Roost|p2a: Raikiri
|-heal|p2a: Raikiri|383\/383
|move|p1a: Sam|Pursuit|p2a: Raikiri
|-damage|p2a: Raikiri|319\/383
|
|-weather|Sandstorm|[upkeep]
|-damage|p2a: Raikiri|296\/383|[from] sandstorm
|turn|25
|c|âST ETERNAM|i fucking hate stall btw, but im trying to be nice :D
|c|âmastermind15|my team, yeah
|
|move|p2a: Raikiri|Roost|p2a: Raikiri
|-heal|p2a: Raikiri|383\/383
|move|p1a: Sam|Pursuit|p2a: Raikiri
|-damage|p2a: Raikiri|323\/383
|
|-weather|Sandstorm|[upkeep]
|-damage|p2a: Raikiri|300\/383|[from] sandstorm
|turn|26
|
|move|p2a: Raikiri|Roost|p2a: Raikiri
|-heal|p2a: Raikiri|383\/383
|move|p1a: Sam|Crunch|p2a: Raikiri
|-damage|p2a: Raikiri|253\/383
|
|-weather|Sandstorm|[upkeep]
|-damage|p2a: Raikiri|230\/383|[from] sandstorm
|turn|27
|
|switch|p1a: Penelope|Amoonguss, F|357\/432
|move|p2a: Raikiri|Roost|p2a: Raikiri
|-heal|p2a: Raikiri|383\/383
|
|-weather|none
|-heal|p1a: Penelope|384\/432|[from] item: Black Sludge
|turn|28
|
|switch|p1a: Sam|Tyranitar, F|195\/341
|-weather|Sandstorm
|move|p2a: Raikiri|Heat Wave|p1a: Sam
|-miss|p2a: Raikiri|p1a: Sam
|
|-weather|Sandstorm|[upkeep]
|-damage|p2a: Raikiri|360\/383|[from] sandstorm
|turn|29
|
|switch|p2a: Pwny|Keldeo-Resolute|209\/324
|switch|p1a: Penelope|Amoonguss, F|432\/432
|
|-weather|Sandstorm|[upkeep]
|-damage|p2a: Pwny|189\/324|[from] sandstorm
|-damage|p1a: Penelope|405\/432|[from] sandstorm
|-heal|p1a: Penelope|432\/432|[from] item: Black Sludge
|turn|30
|
|move|p2a: Pwny|Icy Wind|p1a: Penelope
|-supereffective|p1a: Penelope
|-damage|p1a: Penelope|218\/432
|-unboost|p1a: Penelope|spe|1
|move|p1a: Penelope|Spore|p2a: Pwny
|-status|p2a: Pwny|slp
|
|-weather|Sandstorm|[upkeep]
|-damage|p2a: Pwny|169\/324 slp|[from] sandstorm
|-damage|p1a: Penelope|191\/432|[from] sandstorm
|-heal|p1a: Penelope|218\/432|[from] item: Black Sludge
|turn|31
|
|switch|p2a: Raikiri|Zapdos|360\/383
|-ability|p2a: Raikiri|Pressure
|switch|p1a: Theresa|Gothitelle, F, shiny|181\/281
|
|-weather|Sandstorm|[upkeep]
|-damage|p1a: Theresa|164\/281|[from] sandstorm
|-damage|p2a: Raikiri|337\/383|[from] sandstorm
|turn|32
|
|move|p1a: Theresa|Trick|p2a: Raikiri
|-activate|p1a: Theresa|move: Trick|[of] p2a: Raikiri
|-item|p2a: Raikiri|Choice Scarf|[from] move: Trick
|move|p2a: Raikiri|Thunderbolt|p1a: Theresa
|-damage|p1a: Theresa|35\/281
|
|-weather|none
|turn|33
|
|switch|p1a: Penelope|Amoonguss, F|362\/432
|move|p2a: Raikiri|Thunderbolt|p1a: Penelope
|-crit|p1a: Penelope
|-resisted|p1a: Penelope
|-damage|p1a: Penelope|263\/432
|
|-heal|p1a: Penelope|290\/432|[from] item: Black Sludge
|turn|34
|
|move|p2a: Raikiri|Thunderbolt|p1a: Penelope
|-resisted|p1a: Penelope
|-damage|p1a: Penelope|218\/432
|move|p1a: Penelope|Foul Play|p2a: Raikiri
|-damage|p2a: Raikiri|290\/383
|
|-heal|p1a: Penelope|245\/432|[from] item: Black Sludge
|turn|35
|
|switch|p2a: Pwny|Keldeo-Resolute|169\/324 slp
|move|p1a: Penelope|Clear Smog|p2a: Pwny
|-damage|p2a: Pwny|114\/324 slp
|-clearboost|p2a: Pwny
|
|-heal|p1a: Penelope|272\/432|[from] item: Black Sludge
|turn|36
|
|switch|p1a: Sam|Tyranitar, F|195\/341
|-weather|Sandstorm
|cant|p2a: Pwny|slp
|
|-weather|Sandstorm|[upkeep]
|-damage|p2a: Pwny|94\/324 slp|[from] sandstorm
|turn|37
|
|switch|p1a: Penelope|Amoonguss, F|416\/432
|cant|p2a: Pwny|slp
|
|-weather|Sandstorm|[upkeep]
|-damage|p2a: Pwny|74\/324 slp|[from] sandstorm
|-damage|p1a: Penelope|389\/432|[from] sandstorm
|-heal|p1a: Penelope|416\/432|[from] item: Black Sludge
|turn|38
|
|-curestatus|p2a: Pwny|slp
|move|p2a: Pwny|Icy Wind|p1a: Penelope
|-supereffective|p1a: Penelope
|-damage|p1a: Penelope|212\/432
|-unboost|p1a: Penelope|spe|1
|move|p1a: Penelope|Giga Drain|p2a: Pwny
|-supereffective|p2a: Pwny
|-damage|p2a: Pwny|0 fnt
|-heal|p1a: Penelope|249\/432|[from] drain|[of] p2a: Pwny
|faint|p2a: Pwny
|
|-weather|Sandstorm|[upkeep]
|-damage|p1a: Penelope|222\/432|[from] sandstorm
|-heal|p1a: Penelope|249\/432|[from] item: Black Sludge
|
|switch|p2a: MY EYES|Diancie-Mega|55\/241
|turn|39
|
|switch|p1a: Bill|Slowbro, M, shiny|394\/394
|move|p2a: MY EYES|Diamond Storm|p1a: Bill
|-damage|p1a: Bill|276\/394
|-boost|p2a: MY EYES|def|1
|
|-weather|Sandstorm|[upkeep]
|-damage|p1a: Bill|252\/394|[from] sandstorm
|turn|40
|
|move|p2a: MY EYES|Protect|p2a: MY EYES
|-singleturn|p2a: MY EYES|Protect
|move|p1a: Bill|Scald|p2a: MY EYES
|-activate|p2a: MY EYES|Protect
|
|-weather|none
|turn|41
|
|switch|p2a: Pixie|Celebi|293\/404
|move|p1a: Bill|Scald|p2a: Pixie
|-resisted|p2a: Pixie
|-damage|p2a: Pixie|256\/404
|
|-heal|p2a: Pixie|281\/404|[from] item: Leftovers
|turn|42
|
|switch|p1a: Jacob|Sableye-Mega, M|186\/304
|move|p2a: Pixie|Stealth Rock|p1a: Jacob
|move|p1a: Jacob|Stealth Rock|p2a: Pixie|[from]Magic Bounce
|-sidestart|p2: ST ETERNAM|move: Stealth Rock
|
|-heal|p2a: Pixie|306\/404|[from] item: Leftovers
|turn|43
|
|move|p2a: Pixie|U-turn|p1a: Jacob
|-damage|p1a: Jacob|154\/304
|
|switch|p2a: Raikiri|Zapdos|290\/383
|-damage|p2a: Raikiri|195\/383|[from] Stealth Rock
|-ability|p2a: Raikiri|Pressure
|move|p1a: Jacob|Recover|p1a: Jacob
|-heal|p1a: Jacob|304\/304
|
|turn|44
|
|switch|p1a: Theresa|Gothitelle, F, shiny|35\/281
|move|p2a: Raikiri|Defog|p1a: Theresa
|-unboost|p1a: Theresa|evasion|1
|-sideend|p2: ST ETERNAM|Stealth Rock|[from] move: Defog|[of] p2a: Raikiri
|
|turn|45
|
|move|p2a: Raikiri|Defog|p1a: Theresa
|-unboost|p1a: Theresa|evasion|1
|move|p1a: Theresa|Psyshock|p2a: Raikiri
|-damage|p2a: Raikiri|93\/383
|
|turn|46
|c|âST ETERNAM|knew i shoulda gone for tbolt
|
|move|p2a: Raikiri|Defog|p1a: Theresa
|-unboost|p1a: Theresa|evasion|1
|move|p1a: Theresa|Energy Ball|p2a: Raikiri
|-crit|p2a: Raikiri
|-resisted|p2a: Raikiri
|-damage|p2a: Raikiri|17\/383
|
|turn|47
|
|move|p2a: Raikiri|Defog|p1a: Theresa
|-unboost|p1a: Theresa|evasion|1
|move|p1a: Theresa|Trick|p2a: Raikiri
|-activate|p1a: Theresa|move: Trick|[of] p2a: Raikiri
|-item|p1a: Theresa|Choice Scarf|[from] move: Trick
|
|turn|48
|
|move|p1a: Theresa|Psyshock|p2a: Raikiri
|-damage|p2a: Raikiri|0 fnt
|faint|p2a: Raikiri
|
|
|switch|p2a: Pixie|Celebi|306\/404
|turn|49
|
|switch|p1a: Jacob|Sableye-Mega, M|304\/304
|move|p2a: Pixie|U-turn|p1a: Jacob
|-damage|p1a: Jacob|272\/304
|
|switch|p2a: MY EYES|Diancie-Mega|55\/241
|
|turn|50
|
|switch|p1a: Bill|Slowbro, M, shiny|383\/394
|move|p2a: MY EYES|Moonblast|p1a: Bill
|-damage|p1a: Bill|242\/394
|
|turn|51
|
|switch|p2a: Pixie|Celebi|306\/404
|move|p1a: Bill|Scald|p2a: Pixie
|-resisted|p2a: Pixie
|-damage|p2a: Pixie|274\/404
|
|-heal|p2a: Pixie|299\/404|[from] item: Leftovers
|turn|52
|
|switch|p1a: Larry|Zapdos|359\/383
|-ability|p1a: Larry|Pressure
|move|p2a: Pixie|Giga Drain|p1a: Larry
|-resisted|p1a: Larry
|-damage|p1a: Larry|309\/383
|-heal|p2a: Pixie|324\/404|[from] drain|[of] p1a: Larry
|
|-heal|p1a: Larry|332\/383|[from] item: Leftovers
|-heal|p2a: Pixie|349\/404|[from] item: Leftovers
|turn|53
|
|switch|p1a: Jacob|Sableye-Mega, M|272\/304
|move|p2a: Pixie|U-turn|p1a: Jacob
|-damage|p1a: Jacob|237\/304
|
|switch|p2a: MY EYES|Diancie-Mega|55\/241
|
|turn|54
|
|switch|p1a: Bill|Slowbro, M, shiny|373\/394
|move|p2a: MY EYES|Moonblast|p1a: Bill
|-damage|p1a: Bill|217\/394
|
|turn|55
|
|switch|p1a: Sam|Tyranitar, F|195\/341
|-weather|Sandstorm
|move|p2a: MY EYES|Moonblast|p1a: Sam
|-supereffective|p1a: Sam
|-damage|p1a: Sam|75\/341
|
|-weather|Sandstorm|[upkeep]
|turn|56
|c|âST ETERNAM|yiss it worked
|
|switch|p1a: Penelope|Amoonguss, F|393\/432
|move|p2a: MY EYES|Moonblast|p1a: Penelope
|-resisted|p1a: Penelope
|-damage|p1a: Penelope|294\/432
|-unboost|p1a: Penelope|spa|1
|
|-weather|Sandstorm|[upkeep]
|-damage|p1a: Penelope|267\/432|[from] sandstorm
|-heal|p1a: Penelope|294\/432|[from] item: Black Sludge
|turn|57
|c|âST ETERNAM|but now cancel didnt work
|
|move|p2a: MY EYES|Protect|p2a: MY EYES
|-singleturn|p2a: MY EYES|Protect
|move|p1a: Penelope|Foul Play|p2a: MY EYES
|-activate|p2a: MY EYES|Protect
|
|-weather|Sandstorm|[upkeep]
|-damage|p1a: Penelope|267\/432|[from] sandstorm
|-heal|p1a: Penelope|294\/432|[from] item: Black Sludge
|turn|58
|
|switch|p2a: Pixie|Celebi|349\/404
|move|p1a: Penelope|Foul Play|p2a: Pixie
|-supereffective|p2a: Pixie
|-damage|p2a: Pixie|217\/404
|
|-weather|Sandstorm|[upkeep]
|-damage|p2a: Pixie|192\/404|[from] sandstorm
|-damage|p1a: Penelope|267\/432|[from] sandstorm
|-heal|p2a: Pixie|217\/404|[from] item: Leftovers
|-heal|p1a: Penelope|294\/432|[from] item: Black Sludge
|turn|59
|
|move|p2a: Pixie|Recover|p2a: Pixie
|-heal|p2a: Pixie|404\/404
|move|p1a: Penelope|Giga Drain|p2a: Pixie
|-resisted|p2a: Pixie
|-damage|p2a: Pixie|385\/404
|-heal|p1a: Penelope|304\/432|[from] drain|[of] p2a: Pixie
|
|-weather|none
|-heal|p2a: Pixie|404\/404|[from] item: Leftovers
|-heal|p1a: Penelope|331\/432|[from] item: Black Sludge
|turn|60
|
|switch|p1a: Larry|Zapdos|332\/383
|-ability|p1a: Larry|Pressure
|move|p2a: Pixie|U-turn|p1a: Larry
|-resisted|p1a: Larry
|-damage|p1a: Larry|309\/383
|
|switch|p2a: MY EYES|Diancie-Mega|55\/241
|
|-heal|p1a: Larry|332\/383|[from] item: Leftovers
|turn|61
|
|switch|p1a: Bill|Slowbro, M, shiny|348\/394
|move|p2a: MY EYES|Diamond Storm|p1a: Bill
|-damage|p1a: Bill|225\/394
|-boost|p2a: MY EYES|def|1
|
|turn|62
|
|switch|p2a: Pixie|Celebi|404\/404
|move|p1a: Bill|Scald|p2a: Pixie
|-resisted|p2a: Pixie
|-damage|p2a: Pixie|366\/404
|
|-heal|p2a: Pixie|391\/404|[from] item: Leftovers
|turn|63
|
|switch|p1a: Larry|Zapdos|332\/383
|-ability|p1a: Larry|Pressure
|move|p2a: Pixie|Giga Drain|p1a: Larry
|-resisted|p1a: Larry
|-damage|p1a: Larry|287\/383
|-heal|p2a: Pixie|404\/404|[from] drain|[of] p1a: Larry
|
|-heal|p1a: Larry|310\/383|[from] item: Leftovers
|turn|64
|
|move|p1a: Larry|Thunderbolt|p2a: Pixie
|-resisted|p2a: Pixie
|-damage|p2a: Pixie|358\/404
|move|p2a: Pixie|U-turn|p1a: Larry
|-resisted|p1a: Larry
|-damage|p1a: Larry|290\/383
|
|switch|p2a: MY EYES|Diancie-Mega|55\/241
|
|-heal|p1a: Larry|313\/383|[from] item: Leftovers
|turn|65
|
|switch|p1a: Sam|Tyranitar, F|75\/341
|-weather|Sandstorm
|move|p2a: MY EYES|Diamond Storm|p1a: Sam
|-damage|p1a: Sam|0 fnt
|faint|p1a: Sam
|
|-weather|Sandstorm|[upkeep]
|
|switch|p1a: Theresa|Gothitelle, F, shiny|35\/281
|turn|66
|
|move|p2a: MY EYES|Protect|p2a: MY EYES
|-singleturn|p2a: MY EYES|Protect
|move|p1a: Theresa|Energy Ball|p2a: MY EYES
|-activate|p2a: MY EYES|Protect
|
|-weather|Sandstorm|[upkeep]
|-damage|p1a: Theresa|18\/281|[from] sandstorm
|turn|67
|
|move|p2a: MY EYES|Protect|p2a: MY EYES
|-singleturn|p2a: MY EYES|Protect
|move|p1a: Theresa|Energy Ball|p2a: MY EYES
|-activate|p2a: MY EYES|Protect
|
|-weather|Sandstorm|[upkeep]
|-damage|p1a: Theresa|1\/281|[from] sandstorm
|turn|68
|c|âST ETERNAM|shiet
|c|âST ETERNAM|this is not gonna work
|
|move|p2a: MY EYES|Protect|p2a: MY EYES
|-fail|p2a: MY EYES
|move|p1a: Theresa|Energy Ball|p2a: MY EYES
|-supereffective|p2a: MY EYES
|-damage|p2a: MY EYES|0 fnt
|faint|p2a: MY EYES
|
|-weather|Sandstorm|[upkeep]
|-damage|p1a: Theresa|0 fnt|[from] sandstorm
|faint|p1a: Theresa
|
|switch|p2a: Mole|Excadrill, M|217\/361
|switch|p1a: Jacob|Sableye-Mega, M|237\/304
|-ability|p2a: Mole|Mold Breaker
|turn|69
|
|switch|p1a: Bill|Slowbro, M, shiny|356\/394
|move|p2a: Mole|Rock Slide|p1a: Bill
|-damage|p1a: Bill|275\/394
|-damage|p2a: Mole|181\/361|[from] item: Life Orb
|
|-weather|none
|turn|70
|
|switch|p1a: Larry|Zapdos|313\/383
|-ability|p1a: Larry|Pressure
|move|p2a: Mole|Earthquake|p1a: Larry
|-immune|p1a: Larry|[msg]
|
|-heal|p1a: Larry|336\/383|[from] item: Leftovers
|turn|71
|
|switch|p1a: Bill|Slowbro, M, shiny|394\/394
|move|p2a: Mole|Rock Slide|p1a: Bill
|-crit|p1a: Bill
|-damage|p1a: Bill|265\/394
|-damage|p2a: Mole|145\/361|[from] item: Life Orb
|
|turn|72
|
|switch|p1a: Larry|Zapdos|336\/383
|-ability|p1a: Larry|Pressure
|move|p2a: Mole|Rock Slide|p1a: Larry
|-supereffective|p1a: Larry
|-damage|p1a: Larry|128\/383
|-damage|p2a: Mole|109\/361|[from] item: Life Orb
|
|-heal|p1a: Larry|151\/383|[from] item: Leftovers
|turn|73
|
|switch|p1a: Bill|Slowbro, M, shiny|394\/394
|move|p2a: Mole|Rock Slide|p1a: Bill
|-damage|p1a: Bill|317\/394
|-damage|p2a: Mole|73\/361|[from] item: Life Orb
|
|turn|74
|
|move|p2a: Mole|Earthquake|p1a: Bill
|-damage|p1a: Bill|168\/394
|-damage|p2a: Mole|37\/361|[from] item: Life Orb
|move|p1a: Bill|Scald|p2a: Mole
|-supereffective|p2a: Mole
|-damage|p2a: Mole|0 fnt
|faint|p2a: Mole
|
|
|switch|p2a: Scurry|Kyurem-Black|391\/391
|-ability|p2a: Scurry|Teravolt
|turn|75
|
|switch|p1a: Penelope|Amoonguss, F|432\/432
|move|p2a: Scurry|Outrage|p1a: Penelope
|-damage|p1a: Penelope|191\/432
|
|-heal|p1a: Penelope|218\/432|[from] item: Black Sludge
|turn|76
|
|switch|p1a: Larry|Zapdos|151\/383
|-ability|p1a: Larry|Pressure
|move|p2a: Scurry|Outrage|p1a: Larry
|-damage|p1a: Larry|0 fnt
|faint|p1a: Larry
|
|
|switch|p1a: Jacob|Sableye-Mega, M|237\/304
|turn|77
|
|move|p2a: Scurry|Outrage|p1a: Jacob
|-damage|p1a: Jacob|92\/304
|move|p1a: Jacob|Recover|p1a: Jacob
|-heal|p1a: Jacob|244\/304
|
|-end|p2a: Scurry|rampage
|-start|p2a: Scurry|confusion
|turn|78
|
|switch|p2a: Pixie|Celebi|358\/404
|move|p1a: Jacob|Will-O-Wisp|p2a: Pixie
|-status|p2a: Pixie|brn
|
|-heal|p2a: Pixie|383\/404 brn|[from] item: Leftovers
|-damage|p2a: Pixie|333\/404 brn|[from] brn
|turn|79
|
|move|p2a: Pixie|Giga Drain|p1a: Jacob
|-crit|p1a: Jacob
|-damage|p1a: Jacob|117\/304
|-heal|p2a: Pixie|397\/404 brn|[from] drain|[of] p1a: Jacob
|move|p1a: Jacob|Will-O-Wisp|p2a: Pixie
|-fail|p2a: Pixie|brn
|
|-heal|p2a: Pixie|404\/404 brn|[from] item: Leftovers
|-damage|p2a: Pixie|354\/404 brn|[from] brn
|turn|80
|
|move|p2a: Pixie|Giga Drain|p1a: Jacob
|-damage|p1a: Jacob|36\/304
|-heal|p2a: Pixie|395\/404 brn|[from] drain|[of] p1a: Jacob
|move|p1a: Jacob|Recover|p1a: Jacob
|-heal|p1a: Jacob|188\/304
|
|-heal|p2a: Pixie|404\/404 brn|[from] item: Leftovers
|-damage|p2a: Pixie|354\/404 brn|[from] brn
|turn|81
|
|move|p2a: Pixie|Giga Drain|p1a: Jacob
|-damage|p1a: Jacob|112\/304
|-heal|p2a: Pixie|392\/404 brn|[from] drain|[of] p1a: Jacob
|move|p1a: Jacob|Recover|p1a: Jacob
|-heal|p1a: Jacob|264\/304
|
|-heal|p2a: Pixie|404\/404 brn|[from] item: Leftovers
|-damage|p2a: Pixie|354\/404 brn|[from] brn
|turn|82
|
|move|p2a: Pixie|Giga Drain|p1a: Jacob
|-damage|p1a: Jacob|183\/304
|-heal|p2a: Pixie|395\/404 brn|[from] drain|[of] p1a: Jacob
|move|p1a: Jacob|Knock Off|p2a: Pixie
|-supereffective|p2a: Pixie
|-damage|p2a: Pixie|185\/404 brn
|-enditem|p2a: Pixie|Leftovers|[from] move: Knock Off|[of] p1a: Jacob
|
|-damage|p2a: Pixie|135\/404 brn|[from] brn
|turn|83
|
|move|p2a: Pixie|Recover|p2a: Pixie
|-heal|p2a: Pixie|337\/404 brn
|move|p1a: Jacob|Recover|p1a: Jacob
|-heal|p1a: Jacob|304\/304
|
|-damage|p2a: Pixie|287\/404 brn|[from] brn
|turn|84
|
|move|p2a: Pixie|Recover|p2a: Pixie
|-heal|p2a: Pixie|404\/404 brn
|move|p1a: Jacob|Foul Play|p2a: Pixie
|-crit|p2a: Pixie
|-supereffective|p2a: Pixie
|-damage|p2a: Pixie|102\/404 brn
|
|-damage|p2a: Pixie|52\/404 brn|[from] brn
|turn|85
|
|move|p2a: Pixie|Recover|p2a: Pixie
|-heal|p2a: Pixie|254\/404 brn
|move|p1a: Jacob|Knock Off|p2a: Pixie
|-supereffective|p2a: Pixie
|-damage|p2a: Pixie|126\/404 brn
|
|-damage|p2a: Pixie|76\/404 brn|[from] brn
|turn|86
|
|move|p2a: Pixie|Recover|p2a: Pixie
|-heal|p2a: Pixie|278\/404 brn
|move|p1a: Jacob|Foul Play|p2a: Pixie
|-supereffective|p2a: Pixie
|-damage|p2a: Pixie|66\/404 brn
|
|-damage|p2a: Pixie|16\/404 brn|[from] brn
|turn|87
|
|move|p2a: Pixie|Giga Drain|p1a: Jacob
|-damage|p1a: Jacob|232\/304
|-heal|p2a: Pixie|52\/404 brn|[from] drain|[of] p1a: Jacob
|move|p1a: Jacob|Foul Play|p2a: Pixie
|-supereffective|p2a: Pixie
|-damage|p2a: Pixie|0 fnt
|faint|p2a: Pixie
|
|c|âmastermind15|gg
|c|âST ETERNAM|nope
|c|âST ETERNAM|not gg
|
|switch|p2a: Scurry|Kyurem-Black|391\/391
|-ability|p2a: Scurry|Teravolt
|turn|88
|c|âmastermind15|why
|c|âST ETERNAM|you're using a stall team
|c|âST ETERNAM|and you dont know?
|c|âmastermind15|lol really
|c|âST ETERNAM|it's the most cancerous strategy in the entirety of pokemon
|c|âST ETERNAM|it doesnt tkae still
|c|âST ETERNAM|skill
|c|âST ETERNAM|it's not fun
|c|âST ETERNAM|it's boring as hell
|c|âmastermind15|lol it's the most solid strategy
|c|âST ETERNAM|yea
|c|âST ETERNAM|as was baton pass
|c|âST ETERNAM|few months ago
|
|move|p2a: Scurry|Outrage|p1a: Jacob
|-damage|p1a: Jacob|75\/304
|move|p1a: Jacob|Will-O-Wisp|p2a: Scurry
|-status|p2a: Scurry|brn
|
|-damage|p2a: Scurry|343\/391 brn|[from] brn
|turn|89
|c|âmastermind15|that was different, you had to zero in on a few mons for bp to work, whereas stall is so broad one could not simply just ban it
|c|âST ETERNAM|it's very easy actually
|c|âST ETERNAM|ban mega sableye
|
|switch|p1a: Bill|Slowbro, M, shiny|299\/394
|move|p2a: Scurry|Outrage|p1a: Bill
|-damage|p1a: Bill|220\/394
|
|-damage|p2a: Scurry|295\/391 brn|[from] brn
|turn|90
|c|âST ETERNAM|and shadow tag
|c|âST ETERNAM|it's been suspected for a long time
|c|âmastermind15|ok, that still wouldn't kill stall though
|c|âST ETERNAM|maybe, but it would open the door for more wallbreakers
|c|âmastermind15|stall has been around much longer than mega sableye
|c|âST ETERNAM|if it werent for gothitelle this battle for example
|
|switch|p1a: Penelope|Amoonguss, F|362\/432
|move|p2a: Scurry|Outrage|p1a: Penelope
|-damage|p1a: Penelope|245\/432
|
|-end|p2a: Scurry|rampage
|-start|p2a: Scurry|confusion
|-heal|p1a: Penelope|272\/432|[from] item: Black Sludge
|-damage|p2a: Scurry|247\/391 brn|[from] brn
|turn|91
|c|âST ETERNAM|m-diancie would destroy everything
|c|âST ETERNAM|eventually
|c|âST ETERNAM|yea but it got cut down
|c|âST ETERNAM|so badly in the x and y metagame
|
|switch|p1a: Bill|Slowbro, M, shiny|351\/394
|-activate|p2a: Scurry|confusion
|-damage|p2a: Scurry|216\/391 brn|[from] confusion
|
|-damage|p2a: Scurry|168\/391 brn|[from] brn
|turn|92
|c|âmastermind15|just be happy you got your lucky two protects
|c|âST ETERNAM|lol
|c|âST ETERNAM|now you're getting salty?
|
|switch|p1a: Penelope|Amoonguss, F|416\/432
|-end|p2a: Scurry|confusion
|move|p2a: Scurry|Outrage|p1a: Penelope
|-crit|p1a: Penelope
|-damage|p1a: Penelope|218\/432
|
|-heal|p1a: Penelope|245\/432|[from] item: Black Sludge
|-damage|p2a: Scurry|120\/391 brn|[from] brn
|turn|93
|c|âST ETERNAM|you're the one with the stall tam
|c|âST ETERNAM|team
|c|âmastermind15|lol
|c|âmastermind15|just die now
|
|switch|p1a: Bill|Slowbro, M, shiny|394\/394
|move|p2a: Scurry|Outrage|p1a: Bill
|-damage|p1a: Bill|315\/394
|
|-damage|p2a: Scurry|72\/391 brn|[from] brn
|turn|94
|c|âST ETERNAM|lol, this is going on reddit
|c|âST ETERNAM|a guy with a stall team getting salty
|c|âmastermind15|um okay?
|
|switch|p1a: Penelope|Amoonguss, F|389\/432
|move|p2a: Scurry|Outrage|p1a: Penelope
|-crit|p1a: Penelope
|-damage|p1a: Penelope|187\/432
|
|-end|p2a: Scurry|rampage
|-start|p2a: Scurry|confusion
|-heal|p1a: Penelope|214\/432|[from] item: Black Sludge
|-damage|p2a: Scurry|24\/391 brn|[from] brn
|turn|95
|
|switch|p1a: Bill|Slowbro, M, shiny|394\/394
|-activate|p2a: Scurry|confusion
|-damage|p2a: Scurry|0 fnt|[from] confusion
|faint|p2a: Scurry
|
|win|mastermind15
|raw|Ladder updating...