|join|mastermind15
|join|CheckmateWeee
|player|p1|mastermind15|33
|player|p2|CheckmateWeee|2
|gametype|singles
|gen|6
|tier|OU (suspect test)
|rated
|clearpoke
|poke|p1|Slowbro, M, shiny
|poke|p1|Zapdos
|poke|p1|Tyranitar, F
|poke|p1|Sableye, M
|poke|p1|Amoonguss, F
|poke|p1|Gothitelle, F, shiny
|poke|p2|Gyarados, M
|poke|p2|Talonflame, M
|poke|p2|Heatran, F
|poke|p2|Gliscor, M
|poke|p2|Latias, F
|poke|p2|Kyurem-Black
|rule|Swagger Clause: Swagger is banned
|rule|Baton Pass Clause: Limit one PokÃ©mon knowing Baton Pass
|rule|Sleep Clause Mod: Limit one foe put to sleep
|rule|Species Clause: Limit one of each PokÃ©mon
|rule|OHKO Clause: OHKO moves are banned
|rule|Moody Clause: Moody is banned
|rule|Evasion Moves Clause: Evasion moves are banned
|rule|Endless Battle Clause: Forcing endless battles is banned
|rule|HP Percentage Mod: HP is shown in percentages
|teampreview
|
|start
|switch|p1a: Jacob|Sableye, M|304\/304
|switch|p2a: Gliscor|Gliscor, M|352\/352
|turn|1
|
|switch|p2a: Heatran|Heatran, F|323\/323
|detailschange|p1a: Jacob|Sableye-Mega, M
|-mega|p1a: Jacob|Sableye|Sablenite
|move|p1a: Jacob|Will-O-Wisp|p2a: Heatran
|-start|p2a: Heatran|ability: Flash Fire
|
|turn|2
|
|switch|p1a: Bill|Slowbro, M, shiny|394\/394
|move|p2a: Heatran|Overheat|p1a: Bill
|-resisted|p1a: Bill
|-damage|p1a: Bill|256\/394
|-unboost|p2a: Heatran|spa|2
|
|turn|3
|
|switch|p2a: Kyurem-Black|Kyurem-Black|391\/391
|-ability|p2a: Kyurem-Black|Teravolt
|move|p1a: Bill|Scald|p2a: Kyurem-Black
|-resisted|p2a: Kyurem-Black
|-damage|p2a: Kyurem-Black|334\/391
|
|turn|4
|
|switch|p1a: Penelope|Amoonguss, F|432\/432
|move|p2a: Kyurem-Black|Fusion Bolt|p1a: Penelope
|-resisted|p1a: Penelope
|-damage|p1a: Penelope|345\/432
|-damage|p2a: Kyurem-Black|295\/391|[from] item: Life Orb
|
|-heal|p1a: Penelope|372\/432|[from] item: Black Sludge
|turn|5
|
|switch|p1a: Sam|Tyranitar, F|341\/341
|-weather|Sandstorm
|move|p2a: Kyurem-Black|Ice Beam|p1a: Sam
|-damage|p1a: Sam|270\/341
|-damage|p2a: Kyurem-Black|256\/391|[from] item: Life Orb
|
|-weather|Sandstorm|[upkeep]
|-damage|p2a: Kyurem-Black|232\/391|[from] sandstorm
|turn|6
|
|switch|p2a: Gliscor|Gliscor, M|352\/352
|move|p1a: Sam|Superpower|p2a: Gliscor
|-resisted|p2a: Gliscor
|-damage|p2a: Gliscor|294\/352
|-unboost|p1a: Sam|atk|1
|-unboost|p1a: Sam|def|1
|
|-weather|Sandstorm|[upkeep]
|-status|p2a: Gliscor|tox|[from] item: Toxic Orb
|turn|7
|
|switch|p1a: Penelope|Amoonguss, F|432\/432
|move|p2a: Gliscor|Taunt|p1a: Penelope
|-start|p1a: Penelope|move: Taunt
|
|-weather|Sandstorm|[upkeep]
|-damage|p1a: Penelope|405\/432|[from] sandstorm
|-heal|p1a: Penelope|432\/432|[from] item: Black Sludge
|-heal|p2a: Gliscor|338\/352 tox|[from] ability: Poison Heal
|turn|8
|
|move|p2a: Gliscor|Stealth Rock|p1a: Penelope
|-sidestart|p1: mastermind15|move: Stealth Rock
|move|p1a: Penelope|Giga Drain|p2a: Gliscor
|-damage|p2a: Gliscor|262\/352 tox
|
|-weather|Sandstorm|[upkeep]
|-damage|p1a: Penelope|405\/432|[from] sandstorm
|-heal|p1a: Penelope|432\/432|[from] item: Black Sludge
|-heal|p2a: Gliscor|306\/352 tox|[from] ability: Poison Heal
|turn|9
|
|switch|p2a: Talonflame|Talonflame, M|345\/345
|switch|p1a: Bill|Slowbro, M, shiny|387\/394
|-damage|p1a: Bill|338\/394|[from] Stealth Rock
|
|-weather|none
|turn|10
|
|switch|p2a: Kyurem-Black|Kyurem-Black|232\/391
|-ability|p2a: Kyurem-Black|Teravolt
|move|p1a: Bill|Scald|p2a: Kyurem-Black
|-resisted|p2a: Kyurem-Black
|-damage|p2a: Kyurem-Black|175\/391
|
|turn|11
|
|move|p2a: Kyurem-Black|Roost|p2a: Kyurem-Black
|-heal|p2a: Kyurem-Black|371\/391
|move|p1a: Bill|Psychic|p2a: Kyurem-Black
|-damage|p2a: Kyurem-Black|244\/391
|
|turn|12
|
|move|p2a: Kyurem-Black|Fusion Bolt|p1a: Bill
|-supereffective|p1a: Bill
|-damage|p1a: Bill|99\/394
|-damage|p2a: Kyurem-Black|205\/391|[from] item: Life Orb
|move|p1a: Bill|Psychic|p2a: Kyurem-Black
|-damage|p2a: Kyurem-Black|91\/391
|
|turn|13
|
|switch|p1a: Sam|Tyranitar, F|270\/341
|-damage|p1a: Sam|228\/341|[from] Stealth Rock
|-weather|Sandstorm
|move|p2a: Kyurem-Black|Roost|p2a: Kyurem-Black
|-heal|p2a: Kyurem-Black|287\/391
|
|-weather|Sandstorm|[upkeep]
|-damage|p2a: Kyurem-Black|263\/391|[from] sandstorm
|turn|14
|
|move|p2a: Kyurem-Black|Earth Power|p1a: Sam
|-supereffective|p1a: Sam
|-damage|p1a: Sam|140\/341
|-damage|p2a: Kyurem-Black|224\/391|[from] item: Life Orb
|move|p1a: Sam|Pursuit|p2a: Kyurem-Black
|-damage|p2a: Kyurem-Black|149\/391
|
|-weather|Sandstorm|[upkeep]
|-damage|p2a: Kyurem-Black|125\/391|[from] sandstorm
|turn|15
|
|move|p2a: Kyurem-Black|Roost|p2a: Kyurem-Black
|-heal|p2a: Kyurem-Black|321\/391
|move|p1a: Sam|Superpower|p2a: Kyurem-Black
|-supereffective|p2a: Kyurem-Black
|-damage|p2a: Kyurem-Black|39\/391
|-unboost|p1a: Sam|atk|1
|-unboost|p1a: Sam|def|1
|
|-weather|Sandstorm|[upkeep]
|-damage|p2a: Kyurem-Black|15\/391|[from] sandstorm
|turn|16
|
|move|p2a: Kyurem-Black|Roost|p2a: Kyurem-Black
|-heal|p2a: Kyurem-Black|211\/391
|move|p1a: Sam|Rock Slide|p2a: Kyurem-Black
|-supereffective|p2a: Kyurem-Black
|-damage|p2a: Kyurem-Black|53\/391
|
|-weather|Sandstorm|[upkeep]
|-damage|p2a: Kyurem-Black|29\/391|[from] sandstorm
|turn|17
|
|move|p2a: Kyurem-Black|Roost|p2a: Kyurem-Black
|-heal|p2a: Kyurem-Black|225\/391
|move|p1a: Sam|Superpower|p2a: Kyurem-Black
|-supereffective|p2a: Kyurem-Black
|-damage|p2a: Kyurem-Black|51\/391
|-unboost|p1a: Sam|atk|1
|-unboost|p1a: Sam|def|1
|
|-weather|none
|turn|18
|
|move|p2a: Kyurem-Black|Roost|p2a: Kyurem-Black
|-heal|p2a: Kyurem-Black|247\/391
|move|p1a: Sam|Rock Slide|p2a: Kyurem-Black
|-supereffective|p2a: Kyurem-Black
|-damage|p2a: Kyurem-Black|115\/391
|
|turn|19
|
|switch|p1a: Jacob|Sableye-Mega, M|304\/304
|-damage|p1a: Jacob|266\/304|[from] Stealth Rock
|move|p2a: Kyurem-Black|Roost|p2a: Kyurem-Black
|-heal|p2a: Kyurem-Black|311\/391
|
|turn|20
|
|move|p2a: Kyurem-Black|Ice Beam|p1a: Jacob
|-damage|p1a: Jacob|91\/304
|-damage|p2a: Kyurem-Black|272\/391|[from] item: Life Orb
|move|p1a: Jacob|Knock Off|p2a: Kyurem-Black
|-damage|p2a: Kyurem-Black|181\/391
|-enditem|p2a: Kyurem-Black|Life Orb|[from] move: Knock Off|[of] p1a: Jacob
|
|turn|21
|
|switch|p1a: Bill|Slowbro, M, shiny|230\/394
|-damage|p1a: Bill|181\/394|[from] Stealth Rock
|move|p2a: Kyurem-Black|Earth Power|p1a: Bill
|-damage|p1a: Bill|89\/394
|
|turn|22
|
|switch|p1a: Penelope|Amoonguss, F|432\/432
|-damage|p1a: Penelope|378\/432|[from] Stealth Rock
|move|p2a: Kyurem-Black|Earth Power|p1a: Penelope
|-damage|p1a: Penelope|276\/432
|
|-heal|p1a: Penelope|303\/432|[from] item: Black Sludge
|turn|23
|
|switch|p1a: Bill|Slowbro, M, shiny|220\/394
|-damage|p1a: Bill|171\/394|[from] Stealth Rock
|move|p2a: Kyurem-Black|Ice Beam|p1a: Bill
|-resisted|p1a: Bill
|-damage|p1a: Bill|110\/394
|
|turn|24
|
|switch|p1a: Penelope|Amoonguss, F|432\/432
|-damage|p1a: Penelope|378\/432|[from] Stealth Rock
|move|p2a: Kyurem-Black|Fusion Bolt|p1a: Penelope
|-resisted|p1a: Penelope
|-damage|p1a: Penelope|314\/432
|
|-heal|p1a: Penelope|341\/432|[from] item: Black Sludge
|turn|25
|
|move|p2a: Kyurem-Black|Ice Beam|p1a: Penelope
|-supereffective|p1a: Penelope
|-damage|p1a: Penelope|29\/432
|move|p1a: Penelope|Foul Play|p2a: Kyurem-Black
|-damage|p2a: Kyurem-Black|59\/391
|
|-heal|p1a: Penelope|56\/432|[from] item: Black Sludge
|turn|26
|
|switch|p1a: Sam|Tyranitar, F|140\/341
|-damage|p1a: Sam|98\/341|[from] Stealth Rock
|-weather|Sandstorm
|move|p2a: Kyurem-Black|Fusion Bolt|p1a: Sam
|-damage|p1a: Sam|0 fnt
|faint|p1a: Sam
|
|-weather|Sandstorm|[upkeep]
|-damage|p2a: Kyurem-Black|35\/391|[from] sandstorm
|
|switch|p1a: Theresa|Gothitelle, F, shiny|281\/281
|-damage|p1a: Theresa|246\/281|[from] Stealth Rock
|turn|27
|
|move|p1a: Theresa|Psyshock|p2a: Kyurem-Black
|-damage|p2a: Kyurem-Black|0 fnt
|faint|p2a: Kyurem-Black
|
|-weather|Sandstorm|[upkeep]
|-damage|p1a: Theresa|229\/281|[from] sandstorm
|
|switch|p2a: Gyarados|Gyarados, M|331\/331
|-ability|p2a: Gyarados|Intimidate|[of] p1a: Theresa
|-unboost|p1a: Theresa|atk|1
|turn|28
|
|switch|p1a: Larry|Zapdos|383\/383
|-damage|p1a: Larry|288\/383|[from] Stealth Rock
|-ability|p1a: Larry|Pressure
|detailschange|p2a: Gyarados|Gyarados-Mega, M
|-mega|p2a: Gyarados|Gyarados|Gyaradosite
|-ability|p2a: Gyarados|Mold Breaker
|move|p2a: Gyarados|Substitute|p2a: Gyarados
|-start|p2a: Gyarados|Substitute
|-damage|p2a: Gyarados|249\/331
|
|-weather|Sandstorm|[upkeep]
|-damage|p2a: Gyarados|229\/331|[from] sandstorm
|-damage|p1a: Larry|265\/383|[from] sandstorm
|-heal|p1a: Larry|288\/383|[from] item: Leftovers
|turn|29
|
|move|p2a: Gyarados|Dragon Dance|p2a: Gyarados
|-boost|p2a: Gyarados|atk|1
|-boost|p2a: Gyarados|spe|1
|move|p1a: Larry|Thunderbolt|p2a: Gyarados
|-supereffective|p2a: Gyarados
|-end|p2a: Gyarados|Substitute
|
|-weather|Sandstorm|[upkeep]
|-damage|p2a: Gyarados|209\/331|[from] sandstorm
|-damage|p1a: Larry|265\/383|[from] sandstorm
|-heal|p1a: Larry|288\/383|[from] item: Leftovers
|turn|30
|
|move|p2a: Gyarados|Waterfall|p1a: Larry
|-damage|p1a: Larry|54\/383
|move|p1a: Larry|Roost|p1a: Larry
|-heal|p1a: Larry|246\/383
|
|-weather|none
|-heal|p1a: Larry|269\/383|[from] item: Leftovers
|turn|31
|
|move|p2a: Gyarados|Waterfall|p1a: Larry
|-damage|p1a: Larry|22\/383
|move|p1a: Larry|Thunderbolt|p2a: Gyarados
|-supereffective|p2a: Gyarados
|-damage|p2a: Gyarados|9\/331
|-status|p2a: Gyarados|par
|
|-heal|p1a: Larry|45\/383|[from] item: Leftovers
|turn|32
|
|switch|p2a: Latias|Latias, F|319\/319
|move|p1a: Larry|Roost|p1a: Larry
|-heal|p1a: Larry|237\/383
|
|-heal|p1a: Larry|260\/383|[from] item: Leftovers
|turn|33
|
|switch|p1a: Jacob|Sableye-Mega, M|91\/304
|-damage|p1a: Jacob|53\/304|[from] Stealth Rock
|move|p2a: Latias|Draco Meteor|p1a: Jacob
|-damage|p1a: Jacob|0 fnt
|-unboost|p2a: Latias|spa|2
|-damage|p2a: Latias|288\/319|[from] item: Life Orb
|faint|p1a: Jacob
|
|
|switch|p1a: Theresa|Gothitelle, F, shiny|229\/281
|-damage|p1a: Theresa|194\/281|[from] Stealth Rock
|turn|34
|
|move|p1a: Theresa|Hidden Power|p2a: Latias
|-supereffective|p2a: Latias
|-damage|p2a: Latias|196\/319
|move|p2a: Latias|Healing Wish|p2a: Latias
|faint|p2a: Latias
|
|
|switch|p2a: Gyarados|Gyarados-Mega, M|9\/331 par
|-heal|p2a: Gyarados|331\/331|[from] move: Healing Wish
|-ability|p2a: Gyarados|Mold Breaker
|turn|35
|
|switch|p1a: Larry|Zapdos|260\/383
|-damage|p1a: Larry|165\/383|[from] Stealth Rock
|-ability|p1a: Larry|Pressure
|move|p2a: Gyarados|Dragon Dance|p2a: Gyarados
|-boost|p2a: Gyarados|atk|1
|-boost|p2a: Gyarados|spe|1
|
|-heal|p1a: Larry|188\/383|[from] item: Leftovers
|turn|36
|
|move|p2a: Gyarados|Waterfall|p1a: Larry
|-damage|p1a: Larry|0 fnt
|faint|p1a: Larry
|
|-message|mastermind15 forfeited.
|
|win|CheckmateWeee
|raw|Ladder updating...
|leave|mastermind15
|player|p1
|raw|mastermind15's rating: 1306 &rarr; <strong>1290<\/strong><br \/>(-16 for losing)
|raw|CheckmateWeee's rating: 1373 &rarr; <strong>1389<\/strong><br \/>(+16 for winning)