|join|Will-I-am2
|join|mastermind15
|player|p1|Will-I-am2|169
|player|p2|mastermind15|33
|gametype|singles
|gen|6
|tier|OU (suspect test)
|rated
|clearpoke
|poke|p1|Registeel
|poke|p1|Mamoswine, F
|poke|p1|Hydreigon, M
|poke|p1|Slowbro, F
|poke|p1|Talonflame, F
|poke|p1|Xatu, F
|poke|p2|Slowbro, M, shiny
|poke|p2|Zapdos
|poke|p2|Tyranitar, F
|poke|p2|Sableye, M
|poke|p2|Amoonguss, F
|poke|p2|Gothitelle, F, shiny
|rule|Swagger Clause: Swagger is banned
|rule|Baton Pass Clause: Limit one PokÃ©mon knowing Baton Pass
|rule|Sleep Clause Mod: Limit one foe put to sleep
|rule|Species Clause: Limit one of each PokÃ©mon
|rule|OHKO Clause: OHKO moves are banned
|rule|Moody Clause: Moody is banned
|rule|Evasion Moves Clause: Evasion moves are banned
|rule|Endless Battle Clause: Forcing endless battles is banned
|rule|HP Percentage Mod: HP is shown in percentages
|teampreview
|
|start
|switch|p1a: Hydreigon|Hydreigon, M|333\/333
|switch|p2a: Jacob|Sableye, M|304\/304
|turn|1
|
|switch|p2a: Sam|Tyranitar, F|341\/341
|-weather|Sandstorm
|move|p1a: Hydreigon|Draco Meteor|p2a: Sam
|-damage|p2a: Sam|215\/341
|-unboost|p1a: Hydreigon|spa|2
|
|-weather|Sandstorm|[upkeep]
|-damage|p1a: Hydreigon|313\/333|[from] sandstorm
|turn|2
|join|bobfredadams
|
|move|p2a: Sam|Pursuit|p1a: Hydreigon|[from]Pursuit
|-resisted|p1a: Hydreigon
|-damage|p1a: Hydreigon|235\/333
|switch|p1a: Xatu|Xatu, F|333\/333
|
|-weather|Sandstorm|[upkeep]
|-damage|p1a: Xatu|313\/333|[from] sandstorm
|turn|3
|
|switch|p2a: Larry|Zapdos|383\/383
|-ability|p2a: Larry|Pressure
|move|p1a: Xatu|U-turn|p2a: Larry
|-resisted|p2a: Larry
|-damage|p2a: Larry|365\/383
|
|switch|p1a: Hydreigon|Hydreigon, M|235\/333
|
|-weather|Sandstorm|[upkeep]
|-damage|p1a: Hydreigon|215\/333|[from] sandstorm
|-damage|p2a: Larry|342\/383|[from] sandstorm
|-heal|p2a: Larry|365\/383|[from] item: Leftovers
|turn|4
|
|switch|p2a: Sam|Tyranitar, F|215\/341
|move|p1a: Hydreigon|Draco Meteor|p2a: Sam
|-damage|p2a: Sam|89\/341
|-unboost|p1a: Hydreigon|spa|2
|
|-weather|Sandstorm|[upkeep]
|-damage|p1a: Hydreigon|195\/333|[from] sandstorm
|turn|5
|
|move|p2a: Sam|Pursuit|p1a: Hydreigon|[from]Pursuit
|-resisted|p1a: Hydreigon
|-damage|p1a: Hydreigon|108\/333
|switch|p1a: Mamoswine|Mamoswine, F|361\/361
|
|-weather|none
|turn|6
|
|switch|p2a: Jacob|Sableye, M|304\/304
|move|p1a: Mamoswine|Knock Off|p2a: Jacob
|-damage|p2a: Jacob|210\/304
|-damage|p1a: Mamoswine|325\/361|[from] item: Life Orb
|
|turn|7
|
|switch|p1a: Xatu|Xatu, F|313\/333
|detailschange|p2a: Jacob|Sableye-Mega, M
|-mega|p2a: Jacob|Sableye|Sablenite
|move|p2a: Jacob|Will-O-Wisp|p1a: Xatu
|move|p1a: Xatu|Will-O-Wisp|p2a: Jacob|[from]Magic Bounce
|-status|p2a: Jacob|brn
|
|-damage|p2a: Jacob|172\/304 brn|[from] brn
|turn|8
|
|move|p1a: Xatu|U-turn|p2a: Jacob
|-damage|p2a: Jacob|144\/304 brn
|
|switch|p1a: Hydreigon|Hydreigon, M|108\/333
|move|p2a: Jacob|Recover|p2a: Jacob
|-heal|p2a: Jacob|296\/304 brn
|
|-damage|p2a: Jacob|258\/304 brn|[from] brn
|turn|9
|
|switch|p2a: Sam|Tyranitar, F|89\/341
|-weather|Sandstorm
|move|p1a: Hydreigon|Draco Meteor|p2a: Sam
|-damage|p2a: Sam|0 fnt
|-unboost|p1a: Hydreigon|spa|2
|faint|p2a: Sam
|
|-weather|Sandstorm|[upkeep]
|-damage|p1a: Hydreigon|88\/333|[from] sandstorm
|
|switch|p2a: Theresa|Gothitelle, F, shiny|281\/281
|turn|10
|
|move|p2a: Theresa|Hidden Power|p1a: Hydreigon
|-supereffective|p1a: Hydreigon
|-damage|p1a: Hydreigon|0 fnt
|faint|p1a: Hydreigon
|
|-weather|Sandstorm|[upkeep]
|-damage|p2a: Theresa|264\/281|[from] sandstorm
|
|switch|p1a: Mamoswine|Mamoswine, F|325\/361
|turn|11
|
|switch|p2a: Jacob|Sableye-Mega, M|258\/304 brn
|move|p1a: Mamoswine|Earthquake|p2a: Jacob
|-damage|p2a: Jacob|106\/304 brn
|-damage|p1a: Mamoswine|289\/361|[from] item: Life Orb
|
|-weather|Sandstorm|[upkeep]
|-damage|p2a: Jacob|87\/304 brn|[from] sandstorm
|-damage|p2a: Jacob|49\/304 brn|[from] brn
|turn|12
|
|switch|p2a: Bill|Slowbro, M, shiny|394\/394
|move|p1a: Mamoswine|Knock Off|p2a: Bill
|-crit|p2a: Bill
|-supereffective|p2a: Bill
|-damage|p2a: Bill|40\/394
|-enditem|p2a: Bill|Assault Vest|[from] move: Knock Off|[of] p1a: Mamoswine
|-damage|p1a: Mamoswine|253\/361|[from] item: Life Orb
|
|-weather|Sandstorm|[upkeep]
|-damage|p2a: Bill|16\/394|[from] sandstorm
|turn|13
|
|switch|p2a: Jacob|Sableye-Mega, M|49\/304 brn
|move|p1a: Mamoswine|Icicle Crash|p2a: Jacob|[miss]
|-miss|p1a: Mamoswine|p2a: Jacob
|
|-weather|none
|-damage|p2a: Jacob|11\/304 brn|[from] brn
|turn|14
|
|move|p1a: Mamoswine|Knock Off|p2a: Jacob
|-damage|p2a: Jacob|0 fnt
|-damage|p1a: Mamoswine|217\/361|[from] item: Life Orb
|faint|p2a: Jacob
|
|leave|bobfredadams
|
|switch|p2a: Theresa|Gothitelle, F, shiny|264\/281
|turn|15
|
|move|p2a: Theresa|Psyshock|p1a: Mamoswine
|-damage|p1a: Mamoswine|85\/361
|move|p1a: Mamoswine|Knock Off|p2a: Theresa
|-supereffective|p2a: Theresa
|-damage|p2a: Theresa|0 fnt
|-enditem|p2a: Theresa|Choice Scarf|[from] move: Knock Off|[of] p1a: Mamoswine
|-damage|p1a: Mamoswine|49\/361|[from] item: Life Orb
|faint|p2a: Theresa
|
|
|switch|p2a: Bill|Slowbro, M, shiny|147\/394
|turn|16
|
|switch|p2a: Larry|Zapdos|365\/383
|-ability|p2a: Larry|Pressure
|move|p1a: Mamoswine|Knock Off|p2a: Larry
|-damage|p2a: Larry|221\/383
|-enditem|p2a: Larry|Leftovers|[from] move: Knock Off|[of] p1a: Mamoswine
|-damage|p1a: Mamoswine|13\/361|[from] item: Life Orb
|
|turn|17
|
|switch|p2a: Bill|Slowbro, M, shiny|278\/394
|move|p1a: Mamoswine|Earthquake|p2a: Bill
|-damage|p2a: Bill|93\/394
|-damage|p1a: Mamoswine|0 fnt|[from] item: Life Orb
|faint|p1a: Mamoswine
|
|
|switch|p1a: Registeel|Registeel|364\/364
|turn|18
|
|switch|p2a: Larry|Zapdos|221\/383
|-ability|p2a: Larry|Pressure
|move|p1a: Registeel|Stealth Rock|p2a: Larry
|-sidestart|p2: mastermind15|move: Stealth Rock
|
|turn|19
|
|switch|p1a: Slowbro|Slowbro, F|394\/394
|move|p2a: Larry|Roost|p2a: Larry
|-heal|p2a: Larry|383\/383
|
|turn|20
|
|move|p2a: Larry|Thunderbolt|p1a: Slowbro
|-supereffective|p1a: Slowbro
|-damage|p1a: Slowbro|50\/394
|move|p1a: Slowbro|Scald|p2a: Larry
|-damage|p2a: Larry|247\/383
|
|-heal|p1a: Slowbro|74\/394|[from] item: Leftovers
|turn|21
|
|move|p2a: Larry|Thunderbolt|p1a: Slowbro
|-supereffective|p1a: Slowbro
|-damage|p1a: Slowbro|0 fnt
|faint|p1a: Slowbro
|
|
|switch|p1a: Talonflame|Talonflame, F|360\/360
|turn|22
|
|move|p1a: Talonflame|Will-O-Wisp|p2a: Larry
|-status|p2a: Larry|brn
|move|p2a: Larry|Thunderbolt|p1a: Talonflame
|-crit|p1a: Talonflame
|-supereffective|p1a: Talonflame
|-damage|p1a: Talonflame|18\/360
|
|-heal|p1a: Talonflame|40\/360|[from] item: Leftovers
|-damage|p2a: Larry|200\/383 brn|[from] brn
|turn|23
|
|move|p1a: Talonflame|Roost|p1a: Talonflame
|-heal|p1a: Talonflame|220\/360
|move|p2a: Larry|Roost|p2a: Larry
|-heal|p2a: Larry|383\/383 brn
|
|-heal|p1a: Talonflame|242\/360|[from] item: Leftovers
|-damage|p2a: Larry|336\/383 brn|[from] brn
|turn|24
|
|move|p1a: Talonflame|Roost|p1a: Talonflame
|-heal|p1a: Talonflame|360\/360
|move|p2a: Larry|Thunderbolt|p1a: Talonflame
|-damage|p1a: Talonflame|236\/360
|
|-heal|p1a: Talonflame|258\/360|[from] item: Leftovers
|-damage|p2a: Larry|289\/383 brn|[from] brn
|turn|25
|
|move|p1a: Talonflame|Swords Dance|p1a: Talonflame
|-boost|p1a: Talonflame|atk|2
|move|p2a: Larry|Roost|p2a: Larry
|-heal|p2a: Larry|383\/383 brn
|
|-heal|p1a: Talonflame|280\/360|[from] item: Leftovers
|-damage|p2a: Larry|336\/383 brn|[from] brn
|turn|26
|
|move|p1a: Talonflame|Swords Dance|p1a: Talonflame
|-boost|p1a: Talonflame|atk|2
|move|p2a: Larry|Thunderbolt|p1a: Talonflame
|-supereffective|p1a: Talonflame
|-damage|p1a: Talonflame|22\/360
|
|-heal|p1a: Talonflame|44\/360|[from] item: Leftovers
|-damage|p2a: Larry|289\/383 brn|[from] brn
|turn|27
|
|move|p1a: Talonflame|Roost|p1a: Talonflame
|-heal|p1a: Talonflame|224\/360
|move|p2a: Larry|Thunderbolt|p1a: Talonflame
|-damage|p1a: Talonflame|109\/360
|
|-heal|p1a: Talonflame|131\/360|[from] item: Leftovers
|-damage|p2a: Larry|242\/383 brn|[from] brn
|turn|28
|
|move|p1a: Talonflame|Brave Bird|p2a: Larry
|-resisted|p2a: Larry
|-damage|p2a: Larry|95\/383 brn
|-damage|p1a: Talonflame|82\/360|[from] recoil|[of] p2a: Larry
|move|p2a: Larry|Roost|p2a: Larry
|-heal|p2a: Larry|287\/383 brn
|
|-heal|p1a: Talonflame|104\/360|[from] item: Leftovers
|-damage|p2a: Larry|240\/383 brn|[from] brn
|turn|29
|
|move|p1a: Talonflame|Roost|p1a: Talonflame
|-heal|p1a: Talonflame|284\/360
|move|p2a: Larry|Roost|p2a: Larry
|-heal|p2a: Larry|383\/383 brn
|
|-heal|p1a: Talonflame|306\/360|[from] item: Leftovers
|-damage|p2a: Larry|336\/383 brn|[from] brn
|turn|30
|
|move|p1a: Talonflame|Swords Dance|p1a: Talonflame
|-boost|p1a: Talonflame|atk|2
|move|p2a: Larry|Thunderbolt|p1a: Talonflame
|-supereffective|p1a: Talonflame
|-damage|p1a: Talonflame|36\/360
|
|-heal|p1a: Talonflame|58\/360|[from] item: Leftovers
|-damage|p2a: Larry|289\/383 brn|[from] brn
|turn|31
|c|âWill-I-am2|is it that hard to make a move?
|
|move|p1a: Talonflame|Roost|p1a: Talonflame
|-heal|p1a: Talonflame|238\/360
|move|p2a: Larry|Roost|p2a: Larry
|-heal|p2a: Larry|383\/383 brn
|
|-heal|p1a: Talonflame|260\/360|[from] item: Leftovers
|-damage|p2a: Larry|336\/383 brn|[from] brn
|turn|32
|
|move|p1a: Talonflame|Roost|p1a: Talonflame
|-heal|p1a: Talonflame|360\/360
|move|p2a: Larry|Thunderbolt|p1a: Talonflame
|-damage|p1a: Talonflame|230\/360
|
|-heal|p1a: Talonflame|252\/360|[from] item: Leftovers
|-damage|p2a: Larry|289\/383 brn|[from] brn
|turn|33
|
|move|p1a: Talonflame|Roost|p1a: Talonflame
|-heal|p1a: Talonflame|360\/360
|move|p2a: Larry|Thunderbolt|p1a: Talonflame
|-damage|p1a: Talonflame|225\/360
|
|-heal|p1a: Talonflame|247\/360|[from] item: Leftovers
|-damage|p2a: Larry|242\/383 brn|[from] brn
|turn|34
|
|move|p1a: Talonflame|Roost|p1a: Talonflame
|-heal|p1a: Talonflame|360\/360
|move|p2a: Larry|Roost|p2a: Larry
|-heal|p2a: Larry|383\/383 brn
|
|-damage|p2a: Larry|336\/383 brn|[from] brn
|turn|35
|
|move|p1a: Talonflame|Brave Bird|p2a: Larry
|-resisted|p2a: Larry
|-damage|p2a: Larry|115\/383 brn
|-damage|p1a: Talonflame|287\/360|[from] recoil|[of] p2a: Larry
|move|p2a: Larry|Thunderbolt|p1a: Talonflame
|-supereffective|p1a: Talonflame
|-damage|p1a: Talonflame|45\/360
|
|-heal|p1a: Talonflame|67\/360|[from] item: Leftovers
|-damage|p2a: Larry|68\/383 brn|[from] brn
|turn|36
|c|âWill-I-am2|is your iq low?
|c|âmastermind15|i have a higher rating than you lol
|c|âWill-I-am2|yet you think like a uneducated person
|
|switch|p2a: Penelope|Amoonguss, F|432\/432
|-damage|p2a: Penelope|378\/432|[from] Stealth Rock
|move|p1a: Talonflame|Roost|p1a: Talonflame
|-heal|p1a: Talonflame|247\/360
|
|-heal|p1a: Talonflame|269\/360|[from] item: Leftovers
|-heal|p2a: Penelope|405\/432|[from] item: Black Sludge
|turn|37
|
|move|p1a: Talonflame|Brave Bird|p2a: Penelope
|-supereffective|p2a: Penelope
|-damage|p2a: Penelope|0 fnt
|-damage|p1a: Talonflame|135\/360|[from] recoil|[of] p2a: Penelope
|faint|p2a: Penelope
|
|-heal|p1a: Talonflame|157\/360|[from] item: Leftovers
|-message|mastermind15 forfeited.
|leave|mastermind15
|
|win|Will-I-am2
|raw|Ladder updating...
|player|p2