|join|mastermind15
|join|InvinciblePietro
|player|p1|mastermind15|33
|player|p2|InvinciblePietro|168
|gametype|singles
|gen|6
|tier|OU (suspect test)
|rated
|clearpoke
|poke|p1|Slowbro, M, shiny
|poke|p1|Zapdos
|poke|p1|Tyranitar, F
|poke|p1|Sableye, M
|poke|p1|Amoonguss, F
|poke|p1|Gothitelle, F, shiny
|poke|p2|Politoed, F
|poke|p2|Swampert, F
|poke|p2|Kingdra, M
|poke|p2|Klefki, F
|poke|p2|Thundurus, M
|poke|p2|Breloom, F
|rule|Swagger Clause: Swagger is banned
|rule|Baton Pass Clause: Limit one PokÃ©mon knowing Baton Pass
|rule|Sleep Clause Mod: Limit one foe put to sleep
|rule|Species Clause: Limit one of each PokÃ©mon
|rule|OHKO Clause: OHKO moves are banned
|rule|Moody Clause: Moody is banned
|rule|Evasion Moves Clause: Evasion moves are banned
|rule|Endless Battle Clause: Forcing endless battles is banned
|rule|HP Percentage Mod: HP is shown in percentages
|teampreview
|
|start
|switch|p1a: Theresa|Gothitelle, F, shiny|281\/281
|switch|p2a: Klefki|Klefki, F|318\/318
|turn|1
|
|switch|p1a: Jacob|Sableye, M|304\/304
|move|p2a: Klefki|Thunder Wave|p1a: Jacob
|-status|p1a: Jacob|par
|
|turn|2
|c|âInvinciblePietro|why are you laddering u already got reqs lol
|c|âmastermind15|want to be number one obviously besides i'm not interested in voting
|
|detailschange|p1a: Jacob|Sableye-Mega, M
|-mega|p1a: Jacob|Sableye|Sablenite
|move|p1a: Jacob|Will-O-Wisp|p2a: Klefki|[miss]
|-miss|p1a: Jacob|p2a: Klefki
|move|p2a: Klefki|Dazzling Gleam|p1a: Jacob
|-supereffective|p1a: Jacob
|-damage|p1a: Jacob|136\/304 par
|
|turn|3
|c|âInvinciblePietro|oh i c good luck for that bro
|c|âmastermind15|thanks
|
|switch|p1a: Larry|Zapdos|383\/383
|-ability|p1a: Larry|Pressure
|move|p2a: Klefki|Spikes|p1a: Larry
|-sidestart|p1: mastermind15|Spikes
|
|turn|4
|
|switch|p2a: Swampert|Swampert, F|341\/341
|move|p1a: Larry|Defog|p2a: Swampert
|-unboost|p2a: Swampert|evasion|1
|-sideend|p1: mastermind15|Spikes|[from] move: Defog|[of] p1a: Larry
|
|turn|5
|
|switch|p1a: Bill|Slowbro, M, shiny|394\/394
|detailschange|p2a: Swampert|Swampert-Mega, F
|-mega|p2a: Swampert|Swampert|Swampertite
|move|p2a: Swampert|Stealth Rock|p1a: Bill
|-sidestart|p1: mastermind15|move: Stealth Rock
|
|turn|6
|
|switch|p2a: Breloom|Breloom, F|261\/261
|switch|p1a: Theresa|Gothitelle, F, shiny|281\/281
|-damage|p1a: Theresa|246\/281|[from] Stealth Rock
|
|-status|p2a: Breloom|tox|[from] item: Toxic Orb
|turn|7
|
|switch|p1a: Penelope|Amoonguss, F|432\/432
|-damage|p1a: Penelope|378\/432|[from] Stealth Rock
|move|p2a: Breloom|Seed Bomb|p1a: Penelope
|-resisted|p1a: Penelope
|-damage|p1a: Penelope|343\/432
|
|-heal|p1a: Penelope|370\/432|[from] item: Black Sludge
|turn|8
|
|switch|p2a: Politoed|Politoed, F|383\/383
|-weather|RainDance
|move|p1a: Penelope|Spore|p2a: Politoed
|-status|p2a: Politoed|slp
|
|-weather|RainDance|[upkeep]
|-heal|p1a: Penelope|397\/432|[from] item: Black Sludge
|turn|9
|
|switch|p2a: Breloom|Breloom, F|261\/261 tox
|move|p1a: Penelope|Giga Drain|p2a: Breloom
|-resisted|p2a: Breloom
|-damage|p2a: Breloom|206\/261 tox
|-heal|p1a: Penelope|425\/432|[from] drain|[of] p2a: Breloom
|
|-weather|RainDance|[upkeep]
|-heal|p1a: Penelope|432\/432|[from] item: Black Sludge
|-heal|p2a: Breloom|238\/261 tox|[from] ability: Poison Heal
|turn|10
|
|switch|p2a: Klefki|Klefki, F|318\/318
|move|p1a: Penelope|Clear Smog|p2a: Klefki
|-immune|p2a: Klefki|[msg]
|
|-weather|RainDance|[upkeep]
|turn|11
|
|switch|p2a: Thundurus|Thundurus, M|299\/299
|switch|p1a: Larry|Zapdos|383\/383
|-damage|p1a: Larry|288\/383|[from] Stealth Rock
|-ability|p1a: Larry|Pressure
|
|-weather|RainDance|[upkeep]
|-heal|p1a: Larry|311\/383|[from] item: Leftovers
|turn|12
|
|move|p2a: Thundurus|Thunder|p1a: Larry
|-damage|p1a: Larry|64\/383
|-damage|p2a: Thundurus|270\/299|[from] item: Life Orb
|move|p1a: Larry|Defog|p2a: Thundurus
|-unboost|p2a: Thundurus|evasion|1
|-boost|p2a: Thundurus|atk|2|[from] ability: Defiant
|-sideend|p1: mastermind15|Stealth Rock|[from] move: Defog|[of] p1a: Larry
|
|-weather|RainDance|[upkeep]
|-heal|p1a: Larry|87\/383|[from] item: Leftovers
|turn|13
|
|switch|p1a: Penelope|Amoonguss, F|432\/432
|move|p2a: Thundurus|Hidden Power|p1a: Penelope
|-supereffective|p1a: Penelope
|-damage|p1a: Penelope|250\/432
|-damage|p2a: Thundurus|241\/299|[from] item: Life Orb
|
|-weather|RainDance|[upkeep]
|-heal|p1a: Penelope|277\/432|[from] item: Black Sludge
|turn|14
|
|switch|p1a: Sam|Tyranitar, F|341\/341
|-weather|Sandstorm
|move|p2a: Thundurus|Knock Off|p1a: Sam
|-crit|p1a: Sam
|-resisted|p1a: Sam
|-damage|p1a: Sam|169\/341
|-enditem|p1a: Sam|Assault Vest|[from] move: Knock Off|[of] p2a: Thundurus
|-damage|p2a: Thundurus|212\/299|[from] item: Life Orb
|
|-weather|Sandstorm|[upkeep]
|-damage|p2a: Thundurus|194\/299|[from] sandstorm
|turn|15
|
|switch|p1a: Penelope|Amoonguss, F|421\/432
|move|p2a: Thundurus|Superpower|p1a: Penelope
|-resisted|p1a: Penelope
|-damage|p1a: Penelope|259\/432
|-unboost|p2a: Thundurus|atk|1
|-unboost|p2a: Thundurus|def|1
|-damage|p2a: Thundurus|165\/299|[from] item: Life Orb
|
|-weather|Sandstorm|[upkeep]
|-damage|p2a: Thundurus|147\/299|[from] sandstorm
|-damage|p1a: Penelope|232\/432|[from] sandstorm
|-heal|p1a: Penelope|259\/432|[from] item: Black Sludge
|turn|16
|
|move|p2a: Thundurus|Knock Off|p1a: Penelope
|-damage|p1a: Penelope|72\/432
|-enditem|p1a: Penelope|Black Sludge|[from] move: Knock Off|[of] p2a: Thundurus
|-damage|p2a: Thundurus|118\/299|[from] item: Life Orb
|move|p1a: Penelope|Foul Play|p2a: Thundurus
|-damage|p2a: Thundurus|0 fnt
|faint|p2a: Thundurus
|
|-weather|Sandstorm|[upkeep]
|-damage|p1a: Penelope|45\/432|[from] sandstorm
|
|switch|p2a: Breloom|Breloom, F|238\/261 tox
|turn|17
|
|switch|p1a: Jacob|Sableye-Mega, M|136\/304 par
|move|p2a: Breloom|Swords Dance|p2a: Breloom
|-boost|p2a: Breloom|atk|2
|
|-weather|Sandstorm|[upkeep]
|-damage|p2a: Breloom|222\/261 tox|[from] sandstorm
|-damage|p1a: Jacob|117\/304 par|[from] sandstorm
|-heal|p2a: Breloom|254\/261 tox|[from] ability: Poison Heal
|turn|18
|
|move|p2a: Breloom|Seed Bomb|p1a: Jacob
|-damage|p1a: Jacob|0 fnt
|faint|p1a: Jacob
|
|-weather|none
|-heal|p2a: Breloom|261\/261 tox|[from] ability: Poison Heal
|
|switch|p1a: Theresa|Gothitelle, F, shiny|246\/281
|turn|19
|
|move|p1a: Theresa|Psyshock|p2a: Breloom
|-supereffective|p2a: Breloom
|-damage|p2a: Breloom|1\/261 tox
|move|p2a: Breloom|Seed Bomb|p1a: Theresa
|-damage|p1a: Theresa|0 fnt
|faint|p1a: Theresa
|
|-heal|p2a: Breloom|33\/261 tox|[from] ability: Poison Heal
|c|âmastermind15|lol
|
|switch|p1a: Penelope|Amoonguss, F|189\/432
|turn|20
|join|KratosSnake
|c|âInvinciblePietro|252 SpA Gothitelle Psyshock vs. 0 HP \/ 4 Def Breloom: 254-300 (97.3 - 114.9%) -- 81.3% chance to OHKO
|c|âInvinciblePietro|unfortunate
|
|move|p2a: Breloom|Facade|p1a: Penelope
|-damage|p1a: Penelope|0 fnt
|faint|p1a: Penelope
|
|-heal|p2a: Breloom|65\/261 tox|[from] ability: Poison Heal
|c|âmastermind15|yep
|c|âmastermind15|gg
|c|âInvinciblePietro|gg
|-message|mastermind15 forfeited.
|
|win|InvinciblePietro
|raw|Ladder updating...
|raw|mastermind15's rating: 1637 &rarr; <strong>1609<\/strong><br \/>(-28 for losing)
|raw|InvinciblePietro's rating: 1489 &rarr; <strong>1517<\/strong><br \/>(+28 for winning)