|join|mastermind15
|join|Guesst 50790
|player|p1|mastermind15|33
|player|p2|Guesst 50790|162
|gametype|singles
|gen|6
|tier|OU (suspect test)
|rated
|clearpoke
|poke|p1|Slowbro, M, shiny
|poke|p1|Zapdos
|poke|p1|Tyranitar, F
|poke|p1|Sableye, M
|poke|p1|Amoonguss, F
|poke|p1|Gothitelle, F, shiny
|poke|p2|Landorus-Therian, M
|poke|p2|Scizor, M
|poke|p2|Garchomp, M
|poke|p2|Sylveon, F
|poke|p2|Bisharp, M
|poke|p2|Thundurus, M
|rule|Swagger Clause: Swagger is banned
|rule|Baton Pass Clause: Limit one PokÃ©mon knowing Baton Pass
|rule|Sleep Clause Mod: Limit one foe put to sleep
|rule|Species Clause: Limit one of each PokÃ©mon
|rule|OHKO Clause: OHKO moves are banned
|rule|Moody Clause: Moody is banned
|rule|Evasion Moves Clause: Evasion moves are banned
|rule|Endless Battle Clause: Forcing endless battles is banned
|rule|HP Percentage Mod: HP is shown in percentages
|teampreview
|
|start
|switch|p1a: Jacob|Sableye, M|304\/304
|switch|p2a: Sylveon|Sylveon, F|394\/394
|turn|1
|
|switch|p2a: Garchomp|Garchomp, M|357\/357
|switch|p1a: Penelope|Amoonguss, F|432\/432
|
|turn|2
|
|move|p2a: Garchomp|Stealth Rock|p1a: Penelope
|-sidestart|p1: mastermind15|move: Stealth Rock
|move|p1a: Penelope|Spore|p2a: Garchomp
|-status|p2a: Garchomp|slp
|
|turn|3
|
|switch|p2a: Bisharp|Bisharp, M|271\/271
|switch|p1a: Larry|Zapdos|383\/383
|-damage|p1a: Larry|288\/383|[from] Stealth Rock
|-ability|p1a: Larry|Pressure
|
|-heal|p1a: Larry|311\/383|[from] item: Leftovers
|turn|4
|
|move|p2a: Bisharp|Knock Off|p1a: Larry
|-damage|p1a: Larry|124\/383
|-enditem|p1a: Larry|Leftovers|[from] move: Knock Off|[of] p2a: Bisharp
|-damage|p2a: Bisharp|244\/271|[from] item: Life Orb
|move|p1a: Larry|Heat Wave|p2a: Bisharp
|-supereffective|p2a: Bisharp
|-damage|p2a: Bisharp|0 fnt
|faint|p2a: Bisharp
|
|
|switch|p2a: Thundurus|Thundurus, M|299\/299
|turn|5
|
|switch|p1a: Penelope|Amoonguss, F|432\/432
|-damage|p1a: Penelope|378\/432|[from] Stealth Rock
|move|p2a: Thundurus|Nasty Plot|p2a: Thundurus
|-boost|p2a: Thundurus|spa|2
|
|-heal|p1a: Penelope|405\/432|[from] item: Black Sludge
|turn|6
|
|move|p2a: Thundurus|Hidden Power|p1a: Penelope
|-supereffective|p1a: Penelope
|-damage|p1a: Penelope|91\/432
|move|p1a: Penelope|Foul Play|p2a: Thundurus
|-damage|p2a: Thundurus|196\/299
|
|-heal|p2a: Thundurus|214\/299|[from] item: Leftovers
|-heal|p1a: Penelope|118\/432|[from] item: Black Sludge
|turn|7
|
|switch|p1a: Sam|Tyranitar, F|341\/341
|-damage|p1a: Sam|299\/341|[from] Stealth Rock
|-weather|Sandstorm
|move|p2a: Thundurus|Thunderbolt|p1a: Sam
|-damage|p1a: Sam|191\/341
|
|-weather|Sandstorm|[upkeep]
|-damage|p2a: Thundurus|196\/299|[from] sandstorm
|-heal|p2a: Thundurus|214\/299|[from] item: Leftovers
|turn|8
|
|move|p2a: Thundurus|Focus Blast|p1a: Sam
|-supereffective|p1a: Sam
|-damage|p1a: Sam|0 fnt
|faint|p1a: Sam
|
|-weather|Sandstorm|[upkeep]
|-damage|p2a: Thundurus|196\/299|[from] sandstorm
|-heal|p2a: Thundurus|214\/299|[from] item: Leftovers
|
|switch|p1a: Theresa|Gothitelle, F, shiny|281\/281
|-damage|p1a: Theresa|246\/281|[from] Stealth Rock
|turn|9
|
|move|p1a: Theresa|Hidden Power|p2a: Thundurus
|-supereffective|p2a: Thundurus
|-damage|p2a: Thundurus|74\/299
|move|p2a: Thundurus|Thunderbolt|p1a: Theresa
|-damage|p1a: Theresa|0 fnt
|faint|p1a: Theresa
|
|-weather|Sandstorm|[upkeep]
|-damage|p2a: Thundurus|56\/299|[from] sandstorm
|-heal|p2a: Thundurus|74\/299|[from] item: Leftovers
|-message|mastermind15 forfeited.
|
|win|Guesst 50790
|raw|Ladder updating...
|leave|mastermind15
|player|p1
|raw|mastermind15's rating: 1311 &rarr; <strong>1292<\/strong><br \/>(-19 for losing)
|raw|Guesst 50790's rating: 1324 &rarr; <strong>1344<\/strong><br \/>(+20 for winning)