|join|mastermind15
|join|nintendistagamer
|player|p1|mastermind15|33
|player|p2|nintendistagamer|1
|gametype|singles
|gen|6
|tier|OU (suspect test)
|rated
|clearpoke
|poke|p1|Slowbro, M, shiny
|poke|p1|Zapdos
|poke|p1|Tyranitar, F
|poke|p1|Sableye, M
|poke|p1|Amoonguss, F
|poke|p1|Gothitelle, F, shiny
|poke|p2|Hippowdon, F
|poke|p2|Gallade, M
|poke|p2|Latias, F
|poke|p2|Talonflame, F
|poke|p2|Magnezone
|poke|p2|Excadrill, M
|rule|Swagger Clause: Swagger is banned
|rule|Baton Pass Clause: Limit one PokÃ©mon knowing Baton Pass
|rule|Sleep Clause Mod: Limit one foe put to sleep
|rule|Species Clause: Limit one of each PokÃ©mon
|rule|OHKO Clause: OHKO moves are banned
|rule|Moody Clause: Moody is banned
|rule|Evasion Moves Clause: Evasion moves are banned
|rule|Endless Battle Clause: Forcing endless battles is banned
|rule|HP Percentage Mod: HP is shown in percentages
|teampreview
|
|start
|switch|p1a: Jacob|Sableye, M|304\/304
|switch|p2a: Magnezone|Magnezone|281\/281
|turn|1
|
|switch|p1a: Penelope|Amoonguss, F|432\/432
|move|p2a: Magnezone|Volt Switch|p1a: Penelope
|-resisted|p1a: Penelope
|-damage|p1a: Penelope|363\/432
|
|switch|p2a: Talonflame|Talonflame, F|297\/297
|
|-heal|p1a: Penelope|390\/432|[from] item: Black Sludge
|turn|2
|
|switch|p1a: Bill|Slowbro, M, shiny|394\/394
|move|p2a: Talonflame|Brave Bird|p1a: Bill
|-damage|p1a: Bill|261\/394
|-damage|p2a: Talonflame|253\/297|[from] recoil|[of] p1a: Bill
|
|turn|3
|
|switch|p2a: Magnezone|Magnezone|281\/281
|move|p1a: Bill|Scald|p2a: Magnezone
|-damage|p2a: Magnezone|184\/281
|
|turn|4
|
|switch|p1a: Penelope|Amoonguss, F|432\/432
|move|p2a: Magnezone|Volt Switch|p1a: Penelope
|-resisted|p1a: Penelope
|-damage|p1a: Penelope|372\/432
|
|switch|p2a: Talonflame|Talonflame, F|253\/297
|
|-heal|p1a: Penelope|399\/432|[from] item: Black Sludge
|turn|5
|
|switch|p2a: Hippowdon|Hippowdon, F|419\/419
|-weather|Sandstorm
|switch|p1a: Bill|Slowbro, M, shiny|392\/394
|
|-weather|Sandstorm|[upkeep]
|-damage|p1a: Bill|368\/394|[from] sandstorm
|turn|6
|
|switch|p1a: Jacob|Sableye, M|304\/304
|move|p2a: Hippowdon|Stealth Rock|p1a: Jacob
|-sidestart|p1: mastermind15|move: Stealth Rock
|
|-weather|Sandstorm|[upkeep]
|-damage|p1a: Jacob|285\/304|[from] sandstorm
|turn|7
|
|switch|p2a: Talonflame|Talonflame, F|253\/297
|detailschange|p1a: Jacob|Sableye-Mega, M
|-mega|p1a: Jacob|Sableye|Sablenite
|move|p1a: Jacob|Knock Off|p2a: Talonflame
|-damage|p2a: Talonflame|123\/297
|-enditem|p2a: Talonflame|Sharp Beak|[from] move: Knock Off|[of] p1a: Jacob
|
|-weather|Sandstorm|[upkeep]
|-damage|p2a: Talonflame|105\/297|[from] sandstorm
|-damage|p1a: Jacob|266\/304|[from] sandstorm
|turn|8
|
|switch|p1a: Bill|Slowbro, M, shiny|394\/394
|-damage|p1a: Bill|345\/394|[from] Stealth Rock
|move|p2a: Talonflame|Roost|p2a: Talonflame
|-heal|p2a: Talonflame|254\/297
|
|-weather|Sandstorm|[upkeep]
|-damage|p2a: Talonflame|236\/297|[from] sandstorm
|-damage|p1a: Bill|321\/394|[from] sandstorm
|turn|9
|
|switch|p2a: Latias|Latias, F|301\/301
|move|p1a: Bill|Scald|p2a: Latias
|-resisted|p2a: Latias
|-damage|p2a: Latias|266\/301
|
|-weather|Sandstorm|[upkeep]
|-damage|p2a: Latias|248\/301|[from] sandstorm
|-damage|p1a: Bill|297\/394|[from] sandstorm
|turn|10
|
|switch|p2a: Magnezone|Magnezone|184\/281
|switch|p1a: Sam|Tyranitar, F|341\/341
|-damage|p1a: Sam|299\/341|[from] Stealth Rock
|
|-weather|Sandstorm|[upkeep]
|turn|11
|
|move|p2a: Magnezone|Volt Switch|p1a: Sam
|-damage|p1a: Sam|256\/341
|
|switch|p2a: Hippowdon|Hippowdon, F|419\/419
|move|p1a: Sam|Superpower|p2a: Hippowdon
|-damage|p2a: Hippowdon|326\/419
|-unboost|p1a: Sam|atk|1
|-unboost|p1a: Sam|def|1
|
|-weather|Sandstorm|[upkeep]
|turn|12
|
|switch|p1a: Jacob|Sableye-Mega, M|266\/304
|-damage|p1a: Jacob|228\/304|[from] Stealth Rock
|move|p2a: Hippowdon|Roar|p1a: Jacob
|move|p1a: Jacob|Roar|p2a: Hippowdon|[from]Magic Bounce
|drag|p2a: Gallade|Gallade, M|277\/277
|
|-weather|none
|turn|13
|
|switch|p2a: Talonflame|Talonflame, F|236\/297
|move|p1a: Jacob|Recover|p1a: Jacob
|-heal|p1a: Jacob|304\/304
|
|turn|14
|
|switch|p2a: Magnezone|Magnezone|184\/281
|move|p1a: Jacob|Knock Off|p2a: Magnezone
|-damage|p2a: Magnezone|91\/281
|-enditem|p2a: Magnezone|Choice Scarf|[from] move: Knock Off|[of] p1a: Jacob
|
|turn|15
|
|switch|p1a: Penelope|Amoonguss, F|432\/432
|-damage|p1a: Penelope|378\/432|[from] Stealth Rock
|move|p2a: Magnezone|Flash Cannon|p1a: Penelope
|-damage|p1a: Penelope|222\/432
|
|-heal|p1a: Penelope|249\/432|[from] item: Black Sludge
|turn|16
|
|move|p2a: Magnezone|Flash Cannon|p1a: Penelope
|-damage|p1a: Penelope|105\/432
|move|p1a: Penelope|Spore|p2a: Magnezone
|-status|p2a: Magnezone|slp
|
|-heal|p1a: Penelope|132\/432|[from] item: Black Sludge
|turn|17
|
|switch|p2a: Talonflame|Talonflame, F|236\/297
|switch|p1a: Theresa|Gothitelle, F, shiny|281\/281
|-damage|p1a: Theresa|246\/281|[from] Stealth Rock
|
|turn|18
|
|switch|p1a: Bill|Slowbro, M, shiny|394\/394
|-damage|p1a: Bill|345\/394|[from] Stealth Rock
|move|p2a: Talonflame|Swords Dance|p2a: Talonflame
|-boost|p2a: Talonflame|atk|2
|
|turn|19
|
|move|p2a: Talonflame|Brave Bird|p1a: Bill
|-damage|p1a: Bill|120\/394
|-damage|p2a: Talonflame|162\/297|[from] recoil|[of] p1a: Bill
|move|p1a: Bill|Scald|p2a: Talonflame
|-supereffective|p2a: Talonflame
|-damage|p2a: Talonflame|0 fnt
|faint|p2a: Talonflame
|
|
|switch|p2a: Latias|Latias, F|248\/301
|turn|20
|
|switch|p2a: Excadrill|Excadrill, M|361\/361
|switch|p1a: Sam|Tyranitar, F|256\/341
|-damage|p1a: Sam|214\/341|[from] Stealth Rock
|-weather|Sandstorm
|
|-weather|Sandstorm|[upkeep]
|turn|21
|
|switch|p1a: Theresa|Gothitelle, F, shiny|246\/281
|-damage|p1a: Theresa|211\/281|[from] Stealth Rock
|move|p2a: Excadrill|Swords Dance|p2a: Excadrill
|-boost|p2a: Excadrill|atk|2
|
|-weather|Sandstorm|[upkeep]
|-damage|p1a: Theresa|194\/281|[from] sandstorm
|turn|22
|
|move|p2a: Excadrill|Earthquake|p1a: Theresa
|-damage|p1a: Theresa|0 fnt
|-damage|p2a: Excadrill|325\/361|[from] item: Life Orb
|faint|p1a: Theresa
|
|-weather|Sandstorm|[upkeep]
|c|ânintendistagamer|thanks for sandstomr :)
|
|switch|p1a: Bill|Slowbro, M, shiny|251\/394
|-damage|p1a: Bill|202\/394|[from] Stealth Rock
|turn|23
|
|switch|p1a: Larry|Zapdos|383\/383
|-damage|p1a: Larry|288\/383|[from] Stealth Rock
|-ability|p1a: Larry|Pressure
|move|p2a: Excadrill|Swords Dance|p2a: Excadrill
|-boost|p2a: Excadrill|atk|2
|
|-weather|Sandstorm|[upkeep]
|-damage|p1a: Larry|265\/383|[from] sandstorm
|-heal|p1a: Larry|288\/383|[from] item: Leftovers
|turn|24
|
|move|p2a: Excadrill|Rock Slide|p1a: Larry
|-supereffective|p1a: Larry
|-damage|p1a: Larry|0 fnt
|-damage|p2a: Excadrill|289\/361|[from] item: Life Orb
|faint|p1a: Larry
|
|-weather|none
|
|switch|p1a: Bill|Slowbro, M, shiny|333\/394
|-damage|p1a: Bill|284\/394|[from] Stealth Rock
|turn|25
|
|switch|p1a: Sam|Tyranitar, F|214\/341
|-damage|p1a: Sam|172\/341|[from] Stealth Rock
|-weather|Sandstorm
|move|p2a: Excadrill|Earthquake|p1a: Sam
|-supereffective|p1a: Sam
|-damage|p1a: Sam|0 fnt
|-damage|p2a: Excadrill|253\/361|[from] item: Life Orb
|faint|p1a: Sam
|
|-weather|Sandstorm|[upkeep]
|
|switch|p1a: Bill|Slowbro, M, shiny|394\/394
|-damage|p1a: Bill|345\/394|[from] Stealth Rock
|turn|26
|
|move|p2a: Excadrill|Earthquake|p1a: Bill
|-damage|p1a: Bill|0 fnt
|-damage|p2a: Excadrill|217\/361|[from] item: Life Orb
|faint|p1a: Bill
|
|-weather|Sandstorm|[upkeep]
|c|ânintendistagamer|gg
|-message|mastermind15 forfeited.
|leave|mastermind15
|
|win|nintendistagamer
|raw|Ladder updating...
|player|p1
|raw|mastermind15's rating: 1632 &rarr; <strong>1601<\/strong><br \/>(-31 for losing)
|raw|nintendistagamer's rating: 1420 &rarr; <strong>1451<\/strong><br \/>(+31 for winning)
|join|Luisinho fuleiro
|c| Luisinho fuleiro|vc
|c| Luisinho fuleiro|venceu o cara q era 5
|c|ânintendistagamer|sim
|c|ânintendistagamer|minha nossa
|c|ânintendistagamer|excandrill sweepou ele
|c|ânintendistagamer|x.x
|c| Luisinho fuleiro|salva o replay
|c| Luisinho fuleiro|bobao
|c|ânintendistagamer|-_-
|c| Luisinho fuleiro|ai tu fica amostrando pro povo
|c|ânintendistagamer|eu nÃ£o salvo se eu nÃ£o quiser
|c|ânintendistagamer|entÃ£o vou salvar :v