|join|noggah
|join|Prolifik_Migz
|player|p1|noggah|272
|player|p2|Prolifik_Migz|1
|gametype|singles
|gen|6
|tier|OU
|rated
|clearpoke
|poke|p1|Scolipede, F
|poke|p1|Espeon, M
|poke|p1|Latios, M
|poke|p1|Azelf
|poke|p1|Pinsir, M
|poke|p1|Staraptor, M
|poke|p2|Dragonite, F
|poke|p2|Empoleon, M
|poke|p2|Heracross, M
|poke|p2|Landorus-Therian, M
|poke|p2|Entei, shiny
|poke|p2|Latias, F
|rule|Swagger Clause: Swagger is banned
|rule|Baton Pass Clause: Limit one PokÃ©mon knowing Baton Pass
|rule|Sleep Clause Mod: Limit one foe put to sleep
|rule|Species Clause: Limit one of each PokÃ©mon
|rule|OHKO Clause: OHKO moves are banned
|rule|Moody Clause: Moody is banned
|rule|Evasion Moves Clause: Evasion moves are banned
|rule|Endless Battle Clause: Forcing endless battles is banned
|rule|HP Percentage Mod: HP is shown in percentages
|teampreview
|
|start
|switch|p1a: Latios|Latios, M|364\/364
|switch|p2a: Empoleon|Empoleon, M|372\/372
|turn|1
|
|move|p1a: Latios|Light Screen|p1a: Latios
|-sidestart|p1: noggah|move: Light Screen
|move|p2a: Empoleon|Stealth Rock|p1a: Latios
|-sidestart|p1: noggah|move: Stealth Rock
|
|turn|2
|
|move|p1a: Latios|Reflect|p1a: Latios
|-sidestart|p1: noggah|Reflect
|move|p2a: Empoleon|Toxic|p1a: Latios
|-status|p1a: Latios|tox
|
|-damage|p1a: Latios|342\/364 tox|[from] psn
|turn|3
|
|move|p1a: Latios|Memento|p2a: Empoleon
|-unboost|p2a: Empoleon|atk|2
|-unboost|p2a: Empoleon|spa|2
|faint|p1a: Latios
|move|p2a: Empoleon|Scald|p1: Latios|[notarget]
|-notarget
|
|
|switch|p1a: Scolipede|Scolipede, F|323\/323
|-damage|p1a: Scolipede|243\/323|[from] Stealth Rock
|turn|4
|
|switch|p2a: Heracross|Heracross, M|301\/301
|move|p1a: Scolipede|Iron Defense|p1a: Scolipede
|-boost|p1a: Scolipede|def|2
|
|-boost|p1a: Scolipede|spe|1|[from] ability: Speed Boost
|turn|5
|
|detailschange|p2a: Heracross|Heracross-Mega, M
|message|Heracross has Mega Evolved into Mega Heracross!
|move|p1a: Scolipede|Substitute|p1a: Scolipede
|-start|p1a: Scolipede|Substitute
|-damage|p1a: Scolipede|163\/323
|move|p2a: Heracross|Swords Dance|p2a: Heracross
|-boost|p2a: Heracross|atk|2
|
|-boost|p1a: Scolipede|spe|1|[from] ability: Speed Boost
|turn|6
|
|move|p1a: Scolipede|Iron Defense|p1a: Scolipede
|-boost|p1a: Scolipede|def|2
|move|p2a: Heracross|Rock Blast|p1a: Scolipede
|-supereffective|p1a: Scolipede
|-activate|p1a: Scolipede|Substitute|[damage]
|-supereffective|p1a: Scolipede
|-activate|p1a: Scolipede|Substitute|[damage]
|-supereffective|p1a: Scolipede
|-activate|p1a: Scolipede|Substitute|[damage]
|-supereffective|p1a: Scolipede
|-end|p1a: Scolipede|Substitute
|-supereffective|p1a: Scolipede
|-damage|p1a: Scolipede|144\/323
|-hitcount|p1a: Scolipede|5
|
|-boost|p1a: Scolipede|spe|1|[from] ability: Speed Boost
|turn|7
|
|move|p1a: Scolipede|Iron Defense|p1a: Scolipede
|-boost|p1a: Scolipede|def|2
|move|p2a: Heracross|Rock Blast|p1a: Scolipede
|-supereffective|p1a: Scolipede
|-damage|p1a: Scolipede|128\/323
|-supereffective|p1a: Scolipede
|-damage|p1a: Scolipede|112\/323
|-supereffective|p1a: Scolipede
|-damage|p1a: Scolipede|96\/323
|-supereffective|p1a: Scolipede
|-damage|p1a: Scolipede|80\/323
|-crit|p1a: Scolipede
|-supereffective|p1a: Scolipede
|-damage|p1a: Scolipede|0 fnt
|-hitcount|p1a: Scolipede|5
|faint|p1a: Scolipede
|
|chat|Prolifik_Migz|LOL
|chat|Prolifik_Migz|rip
|
|switch|p1a: Pinsir|Pinsir, M|271\/271
|-damage|p1a: Pinsir|204\/271|[from] Stealth Rock
|turn|8
|
|switch|p2a: Landorus-Therian|Landorus-Therian, M|325\/325
|-ability|p2a: Landorus-Therian|Intimidate|[of] p1a: Pinsir
|-fail|p1a: Pinsir|unboost|Attack|[from] ability: Hyper Cutter|[of] p1a: Pinsir
|detailschange|p1a: Pinsir|Pinsir-Mega, M
|message|Pinsir has Mega Evolved into Mega Pinsir!
|move|p1a: Pinsir|Substitute|p1a: Pinsir
|-start|p1a: Pinsir|Substitute
|-damage|p1a: Pinsir|137\/271
|
|-sideend|p1: noggah|move: Light Screen
|turn|9
|
|move|p2a: Landorus-Therian|Stone Edge|p1a: Pinsir
|-supereffective|p1a: Pinsir
|-end|p1a: Pinsir|Substitute
|move|p1a: Pinsir|Frustration|p2a: Landorus-Therian
|-damage|p2a: Landorus-Therian|39\/325
|
|-sideend|p1: noggah|Reflect
|turn|10
|
|move|p2a: Landorus-Therian|Stone Edge|p1a: Pinsir
|-supereffective|p1a: Pinsir
|-damage|p1a: Pinsir|0 fnt
|faint|p1a: Pinsir
|
|-message|noggah forfeited.
|
|win|Prolifik_Migz
|raw|Ladder updating...
|leave|noggah
|player|p1
|raw|noggah's rating: 1602 &rarr; <strong>1585<\/strong><br \/>(-17 for losing)
|raw|Prolifik_Migz's rating: 1654 &rarr; <strong>1671<\/strong><br \/>(+17 for winning)