|join|noggah
|join|CaliberChamp
|player|p1|noggah|272
|player|p2|CaliberChamp|161
|gametype|singles
|gen|6
|tier|OU
|rated
|clearpoke
|poke|p1|Garchomp, F
|poke|p1|Bisharp, F
|poke|p1|Breloom, M
|poke|p1|Charizard, M
|poke|p1|Azumarill, M
|poke|p1|Latias, F
|poke|p2|Greninja, M, shiny
|poke|p2|Doublade, M, shiny
|poke|p2|Klefki, F, shiny
|poke|p2|Tyrantrum, M
|poke|p2|Noivern, F
|poke|p2|Hawlucha, M, shiny
|rule|Swagger Clause: Swagger is banned
|rule|Baton Pass Clause: Limit one PokÃ©mon knowing Baton Pass
|rule|Sleep Clause Mod: Limit one foe put to sleep
|rule|Species Clause: Limit one of each PokÃ©mon
|rule|OHKO Clause: OHKO moves are banned
|rule|Moody Clause: Moody is banned
|rule|Evasion Moves Clause: Evasion moves are banned
|rule|Endless Battle Clause: Forcing endless battles is banned
|rule|HP Percentage Mod: HP is shown in percentages
|teampreview
|join|Mr. Koala
|
|start
|switch|p1a: Fedorakid|Breloom, M|261\/261
|switch|p2a: Tyrantrum|Tyrantrum, M|368\/368
|turn|1
|
|move|p1a: Fedorakid|Swords Dance|p1a: Fedorakid
|-boost|p1a: Fedorakid|atk|2
|move|p2a: Tyrantrum|Stealth Rock|p1a: Fedorakid
|-sidestart|p1: noggah|move: Stealth Rock
|
|turn|2
|
|move|p1a: Fedorakid|Bullet Seed|p2a: Tyrantrum
|-damage|p2a: Tyrantrum|263\/368
|-damage|p2a: Tyrantrum|139\/368
|-damage|p2a: Tyrantrum|19\/368
|-damage|p2a: Tyrantrum|0 fnt
|-hitcount|p2a: Tyrantrum|4
|faint|p2a: Tyrantrum
|
|
|switch|p2a: Greninja|Greninja, M, shiny|285\/285
|turn|3
|
|move|p2a: Greninja|Shadow Sneak|p1a: Fedorakid
|-start|p2a: Greninja|typechange|Ghost|[from] Protean
|-damage|p1a: Fedorakid|190\/261
|-damage|p2a: Greninja|257\/285|[from] item: Life Orb
|move|p1a: Fedorakid|Bullet Seed|p2a: Greninja
|-damage|p2a: Greninja|71\/285
|-damage|p2a: Greninja|0 fnt
|-hitcount|p2a: Greninja|2
|faint|p2a: Greninja
|
|
|switch|p2a: Hawlucha|Hawlucha, M, shiny|297\/297
|turn|4
|
|move|p2a: Hawlucha|Acrobatics|p1a: Fedorakid
|-supereffective|p1a: Fedorakid
|-damage|p1a: Fedorakid|0 fnt
|faint|p1a: Fedorakid
|
|
|switch|p1a: Kawai~~~~~~|Latias, F|301\/301
|-damage|p1a: Kawai~~~~~~|264\/301|[from] Stealth Rock
|turn|5
|
|switch|p2a: Klefki|Klefki, F, shiny|318\/318
|move|p1a: Kawai~~~~~~|Defog|p2a: Klefki
|-unboost|p2a: Klefki|evasion|1
|-sideend|p1: noggah|Stealth Rock|[from] move: Defog|[of] p1a: Kawai~~~~~~
|
|turn|6
|
|switch|p1a: The Choppa|Garchomp, F|357\/357
|move|p2a: Klefki|Thunder Wave|p1a: The Choppa
|-immune|p1a: The Choppa|[msg]
|
|turn|7
|
|move|p2a: Klefki|Reflect|p2a: Klefki
|-sidestart|p2: CaliberChamp|Reflect
|move|p1a: The Choppa|Swords Dance|p1a: The Choppa
|-boost|p1a: The Choppa|atk|2
|
|turn|8
|
|move|p1a: The Choppa|Earthquake|p2a: Klefki
|-supereffective|p2a: Klefki
|-damage|p2a: Klefki|0 fnt
|faint|p2a: Klefki
|
|
|switch|p2a: Noivern|Noivern, F|311\/311
|turn|9
|
|move|p2a: Noivern|Draco Meteor|p1a: The Choppa
|-supereffective|p1a: The Choppa
|-enditem|p1a: The Choppa|Focus Sash
|-damage|p1a: The Choppa|1\/357
|-unboost|p2a: Noivern|spa|2
|move|p1a: The Choppa|Outrage|p2a: Noivern
|-crit|p2a: Noivern
|-supereffective|p2a: Noivern
|-damage|p2a: Noivern|0 fnt
|faint|p2a: Noivern
|
|
|switch|p2a: Doublade|Doublade, M, shiny|322\/322
|turn|10
|
|move|p1a: The Choppa|Outrage|p2a: Doublade
|-resisted|p2a: Doublade
|-damage|p2a: Doublade|285\/322
|move|p2a: Doublade|Swords Dance|p2a: Doublade
|-boost|p2a: Doublade|atk|2
|
|-end|p1a: The Choppa|rampage
|-start|p1a: The Choppa|confusion
|turn|11
|
|move|p2a: Doublade|Shadow Sneak|p1a: The Choppa
|-damage|p1a: The Choppa|0 fnt
|-damage|p2a: Doublade|245\/322|[from] ability: Rough Skin|[of] p1a: The Choppa
|faint|p1a: The Choppa
|
|
|switch|p1a: o\/|Bisharp, F|271\/271
|turn|12
|
|move|p1a: o\/|Knock Off|p2a: Doublade
|-supereffective|p2a: Doublade
|-damage|p2a: Doublade|176\/322
|-enditem|p2a: Doublade|Eviolite|[from] move: Knock Off|[of] p1a: o\/
|move|p2a: Doublade|Sacred Sword|p1a: o\/
|-supereffective|p1a: o\/
|-enditem|p1a: o\/|Focus Sash
|-damage|p1a: o\/|1\/271
|
|turn|13
|
|move|p2a: Doublade|Shadow Sneak|p1a: o\/
|-resisted|p1a: o\/
|-damage|p1a: o\/|0 fnt
|faint|p1a: o\/
|
|
|switch|p1a: Charyzard-Mega-Y|Charizard, M|359\/359
|turn|14
|
|detailschange|p1a: Charyzard-Mega-Y|Charizard-Mega-X, M
|message|Charizard has Mega Evolved into Mega Charizard!
|move|p2a: Doublade|Shadow Sneak|p1a: Charyzard-Mega-Y
|-damage|p1a: Charyzard-Mega-Y|262\/359
|move|p1a: Charyzard-Mega-Y|Flare Blitz|p2a: Doublade
|-supereffective|p2a: Doublade
|-damage|p2a: Doublade|25\/322
|-status|p2a: Doublade|brn
|-damage|p1a: Charyzard-Mega-Y|212\/359|[from] recoil|[of] p2a: Doublade
|
|-damage|p2a: Doublade|0 fnt|[from] brn
|-sideend|p2: CaliberChamp|Reflect
|faint|p2a: Doublade
|
|switch|p2a: Hawlucha|Hawlucha, M, shiny|297\/297
|turn|15
|c|ânoggah|nice team
|c|ânoggah|but i abuse op shit
|
|move|p2a: Hawlucha|Substitute|p2a: Hawlucha
|-start|p2a: Hawlucha|Substitute
|-damage|p2a: Hawlucha|223\/297
|move|p1a: Charyzard-Mega-Y|Flare Blitz|p2a: Hawlucha
|-end|p2a: Hawlucha|Substitute
|-damage|p1a: Charyzard-Mega-Y|188\/359|[from] recoil|[of] p2a: Hawlucha
|
|turn|16
|
|move|p2a: Hawlucha|Substitute|p2a: Hawlucha
|-start|p2a: Hawlucha|Substitute
|-damage|p2a: Hawlucha|149\/297
|move|p1a: Charyzard-Mega-Y|Roost|p1a: Charyzard-Mega-Y
|-heal|p1a: Charyzard-Mega-Y|359\/359
|
|turn|17
|
|move|p2a: Hawlucha|Swords Dance|p2a: Hawlucha
|-boost|p2a: Hawlucha|atk|2
|move|p1a: Charyzard-Mega-Y|Dragon Claw|p2a: Hawlucha
|-crit|p2a: Hawlucha
|-end|p2a: Hawlucha|Substitute
|
|turn|18
|
|move|p2a: Hawlucha|Substitute|p2a: Hawlucha
|-start|p2a: Hawlucha|Substitute
|-damage|p2a: Hawlucha|75\/297
|-enditem|p2a: Hawlucha|Sitrus Berry|[eat]
|-heal|p2a: Hawlucha|149\/297|[from] item: Sitrus Berry
|move|p1a: Charyzard-Mega-Y|Dragon Claw|p2a: Hawlucha
|-end|p2a: Hawlucha|Substitute
|
|turn|19
|
|move|p2a: Hawlucha|High Jump Kick|p1a: Charyzard-Mega-Y
|-damage|p1a: Charyzard-Mega-Y|0 fnt
|faint|p1a: Charyzard-Mega-Y
|
|
|switch|p1a: Kinder Bon|Azumarill, M|342\/342
|turn|20
|
|move|p1a: Kinder Bon|Aqua Jet|p2a: Hawlucha
|-crit|p2a: Hawlucha
|-damage|p2a: Hawlucha|8\/297
|move|p2a: Hawlucha|Acrobatics|p1a: Kinder Bon
|-damage|p1a: Kinder Bon|0 fnt
|faint|p1a: Kinder Bon
|
|
|switch|p1a: Kawai~~~~~~|Latias, F|264\/301
|turn|21
|
|move|p2a: Hawlucha|Acrobatics|p1a: Kawai~~~~~~
|-damage|p1a: Kawai~~~~~~|0 fnt
|faint|p1a: Kawai~~~~~~
|
|win|CaliberChamp
|raw|Ladder updating...
|raw|noggah's rating: 1625 &rarr; <strong>1605<\/strong><br \/>(-20 for losing)
|raw|CaliberChamp's rating: 1621 &rarr; <strong>1641<\/strong><br \/>(+20 for winning)
|c|âCaliberChamp|nice try
|c|ânoggah|puch
|c|ânoggah|ouch
|leave|Mr. Koala
|leave|noggah
|player|p1