|join|Tehy
|join|noggah
|player|p1|Tehy|235
|player|p2|noggah|272
|gametype|singles
|gen|6
|tier|OU
|rated
|clearpoke
|poke|p1|Chansey, F
|poke|p1|Gliscor, F
|poke|p1|Mew
|poke|p1|Clefable, F
|poke|p1|Doublade, M
|poke|p1|Latias, F
|poke|p2|Garchomp, F
|poke|p2|Bisharp, F
|poke|p2|Breloom, F
|poke|p2|Charizard, F
|poke|p2|Azumarill, F
|poke|p2|Latias, F
|rule|Swagger Clause: Swagger is banned
|rule|Baton Pass Clause: Limit one PokÃ©mon knowing Baton Pass
|rule|Sleep Clause Mod: Limit one foe put to sleep
|rule|Species Clause: Limit one of each PokÃ©mon
|rule|OHKO Clause: OHKO moves are banned
|rule|Moody Clause: Moody is banned
|rule|Evasion Moves Clause: Evasion moves are banned
|rule|Endless Battle Clause: Forcing endless battles is banned
|rule|HP Percentage Mod: HP is shown in percentages
|teampreview
|
|start
|switch|p1a: Mew|Mew|404\/404
|switch|p2a: Charyzard-Mega-Y|Charizard, F|359\/359
|turn|1
|c|âTehy|hmm
|
|switch|p1a: Chansey|Chansey, F|641\/641
|move|p2a: Charyzard-Mega-Y|Dragon Dance|p2a: Charyzard-Mega-Y
|-boost|p2a: Charyzard-Mega-Y|atk|1
|-boost|p2a: Charyzard-Mega-Y|spe|1
|
|turn|2
|c|âTehy|well, i don't need chansey
|
|detailschange|p2a: Charyzard-Mega-Y|Charizard-Mega-X, F
|message|Charizard has Mega Evolved into Mega Charizard!
|move|p2a: Charyzard-Mega-Y|Flare Blitz|p1a: Chansey
|-damage|p1a: Chansey|73\/641
|-damage|p2a: Charyzard-Mega-Y|172\/359|[from] recoil|[of] p1a: Chansey
|move|p1a: Chansey|Toxic|p2a: Charyzard-Mega-Y|[miss]
|-miss|p1a: Chansey|p2a: Charyzard-Mega-Y
|
|turn|3
|
|move|p2a: Charyzard-Mega-Y|Dragon Claw|p1a: Chansey
|-damage|p1a: Chansey|0 fnt
|faint|p1a: Chansey
|
|leave|Tehy
|player|p1
|join|Tehy
|player|p1|Tehy|235
|
|switch|p1a: Gliscor|Gliscor, F|354\/354
|turn|4
|
|move|p2a: Charyzard-Mega-Y|Flare Blitz|p1a: Gliscor
|-crit|p1a: Gliscor
|-damage|p1a: Gliscor|0 fnt
|-damage|p2a: Charyzard-Mega-Y|55\/359|[from] recoil|[of] p1a: Gliscor
|faint|p1a: Gliscor
|
|c|âTehy|oh come on
|
|switch|p1a: Clefable|Clefable, F|394\/394
|turn|5
|c|ânoggah|go home with stall
|c|âTehy|lel
|
|switch|p2a: Fedora Kid|Breloom, F|261\/261
|move|p1a: Clefable|Wish|p1a: Clefable
|
|turn|6
|c|âTehy|i'll still win
|
|switch|p1a: Doublade|Doublade, M|322\/322
|move|p2a: Fedora Kid|Work Up|p2a: Fedora Kid
|-boost|p2a: Fedora Kid|atk|1
|-boost|p2a: Fedora Kid|spa|1
|
|turn|7
|c|ânoggah|thats a shame
|
|move|p2a: Fedora Kid|Hidden Power|p1a: Doublade
|-supereffective|p1a: Doublade
|-damage|p1a: Doublade|126\/322
|move|p1a: Doublade|Swords Dance|p1a: Doublade
|-boost|p1a: Doublade|atk|2
|
|turn|8
|
|switch|p1a: Latias|Latias, F|364\/364
|move|p2a: Fedora Kid|Hidden Power|p1a: Latias
|-resisted|p1a: Latias
|-damage|p1a: Latias|326\/364
|
|-heal|p1a: Latias|348\/364|[from] item: Leftovers
|turn|9
|c|ânoggah|:000000000000
|c|âTehy|let me guess
|c|âTehy|it's sash
|c|âTehy|for some godforsaken reason
|
|move|p1a: Latias|Dragon Pulse|p2a: Fedora Kid
|-damage|p2a: Fedora Kid|83\/261
|move|p2a: Fedora Kid|Bullet Seed|p1a: Latias
|-resisted|p1a: Latias
|-damage|p1a: Latias|297\/364
|-resisted|p1a: Latias
|-damage|p1a: Latias|239\/364
|-resisted|p1a: Latias
|-damage|p1a: Latias|185\/364
|-resisted|p1a: Latias
|-damage|p1a: Latias|126\/364
|-hitcount|p1a: Latias|4
|
|-heal|p1a: Latias|148\/364|[from] item: Leftovers
|turn|10
|
|move|p2a: Fedora Kid|Mach Punch|p1a: Latias
|-resisted|p1a: Latias
|-damage|p1a: Latias|58\/364
|move|p1a: Latias|Roost|p1a: Latias
|-heal|p1a: Latias|240\/364
|
|-heal|p1a: Latias|262\/364|[from] item: Leftovers
|turn|11
|
|move|p1a: Latias|Dragon Pulse|p2a: Fedora Kid
|-damage|p2a: Fedora Kid|0 fnt
|faint|p2a: Fedora Kid
|
|-heal|p1a: Latias|284\/364|[from] item: Leftovers
|
|switch|p2a: Kinder Bon|Azumarill, F|342\/342
|turn|12
|
|switch|p1a: Doublade|Doublade, M|126\/322
|move|p2a: Kinder Bon|Play Rough|p1a: Doublade
|-resisted|p1a: Doublade
|-damage|p1a: Doublade|93\/322
|-unboost|p1a: Doublade|atk|1
|
|turn|13
|
|move|p2a: Kinder Bon|Belly Drum|p2a: Kinder Bon
|-damage|p2a: Kinder Bon|171\/342
|-setboost|p2a: Kinder Bon|atk|6|[from] move: Belly Drum
|-enditem|p2a: Kinder Bon|Sitrus Berry|[eat]
|-heal|p2a: Kinder Bon|256\/342|[from] item: Sitrus Berry
|move|p1a: Doublade|Iron Head|p2a: Kinder Bon
|-damage|p2a: Kinder Bon|175\/342
|
|turn|14
|
|switch|p1a: Clefable|Clefable, F|394\/394
|move|p2a: Kinder Bon|Aqua Jet|p1a: Clefable
|-damage|p1a: Clefable|319\/394
|
|-heal|p1a: Clefable|343\/394|[from] item: Leftovers
|turn|15
|c|âTehy|(dumbass)
|
|move|p2a: Kinder Bon|Play Rough|p1a: Clefable
|-damage|p1a: Clefable|198\/394
|move|p1a: Clefable|Calm Mind|p1a: Clefable
|-boost|p1a: Clefable|spa|1
|-boost|p1a: Clefable|spd|1
|
|-heal|p1a: Clefable|222\/394|[from] item: Leftovers
|turn|16
|
|switch|p2a: o\/|Bisharp, F|271\/271
|move|p1a: Clefable|Protect|p1a: Clefable
|-fail|p1a: Clefable
|
|-heal|p1a: Clefable|246\/394|[from] item: Leftovers
|turn|17
|
|switch|p1a: Doublade|Doublade, M|93\/322
|move|p2a: o\/|Swords Dance|p2a: o\/
|-boost|p2a: o\/|atk|2
|
|turn|18
|
|move|p2a: o\/|Knock Off|p1a: Doublade
|-supereffective|p1a: Doublade
|-damage|p1a: Doublade|0 fnt
|-enditem|p1a: Doublade|Eviolite|[from] move: Knock Off|[of] p2a: o\/
|faint|p1a: Doublade
|
|
|switch|p1a: Mew|Mew|404\/404
|turn|19
|
|move|p1a: Mew|Will-O-Wisp|p2a: o\/
|-status|p2a: o\/|brn
|move|p2a: o\/|Knock Off|p1a: Mew
|-supereffective|p1a: Mew
|-damage|p1a: Mew|14\/404
|-enditem|p1a: Mew|Leftovers|[from] move: Knock Off|[of] p2a: o\/
|
|-damage|p2a: o\/|238\/271 brn|[from] brn
|turn|20
|
|move|p1a: Mew|Soft-Boiled|p1a: Mew
|-heal|p1a: Mew|216\/404
|move|p2a: o\/|Knock Off|p1a: Mew
|-supereffective|p1a: Mew
|-damage|p1a: Mew|0 fnt
|faint|p1a: Mew
|
|-damage|p2a: o\/|205\/271 brn|[from] brn
|
|switch|p1a: Clefable|Clefable, F|246\/394
|turn|21
|
|move|p1a: Clefable|Protect|p1a: Clefable
|-singleturn|p1a: Clefable|Protect
|move|p2a: o\/|Iron Head|p1a: Clefable
|-activate|p1a: Clefable|Protect
|
|-heal|p1a: Clefable|270\/394|[from] item: Leftovers
|-damage|p2a: o\/|172\/271 brn|[from] brn
|turn|22
|
|move|p2a: o\/|Iron Head|p1a: Clefable
|-supereffective|p1a: Clefable
|-damage|p1a: Clefable|130\/394
|cant|p1a: Clefable|flinch
|
|-heal|p1a: Clefable|154\/394|[from] item: Leftovers
|-damage|p2a: o\/|139\/271 brn|[from] brn
|turn|23
|
|switch|p2a: KAWAI~~~~~|Latias, F|301\/301
|move|p1a: Clefable|Wish|p1a: Clefable
|
|-heal|p1a: Clefable|178\/394|[from] item: Leftovers
|turn|24
|c|âTehy|lol
|
|move|p2a: KAWAI~~~~~|Healing Wish|p2a: KAWAI~~~~~
|faint|p2a: KAWAI~~~~~
|move|p1a: Clefable|Calm Mind|p1a: Clefable
|-boost|p1a: Clefable|spa|1
|-boost|p1a: Clefable|spd|1
|
|-heal|p1a: Clefable|375\/394|[from] move: Wish|[wisher] Clefable
|-heal|p1a: Clefable|394\/394|[from] item: Leftovers
|c|âTehy|somehow i knew that was coming, oh well
|
|switch|p2a: o\/|Bisharp, F|139\/271 brn
|-heal|p2a: o\/|271\/271|[from] move: Healing Wish
|turn|25
|
|move|p2a: o\/|Iron Head|p1a: Clefable
|-supereffective|p1a: Clefable
|-damage|p1a: Clefable|130\/394
|move|p1a: Clefable|Moonblast|p2a: o\/
|-crit|p2a: o\/
|-enditem|p2a: o\/|Focus Sash
|-damage|p2a: o\/|1\/271
|
|-heal|p1a: Clefable|154\/394|[from] item: Leftovers
|turn|26
|c|âTehy|nice job being insanely lucky :D
|
|move|p1a: Clefable|Protect|p1a: Clefable
|-singleturn|p1a: Clefable|Protect
|move|p2a: o\/|Iron Head|p1a: Clefable
|-activate|p1a: Clefable|Protect
|
|-heal|p1a: Clefable|178\/394|[from] item: Leftovers
|turn|27
|c|ânoggah|breloom doesnt work out
|c|ânoggah|lol
|
|move|p2a: o\/|Iron Head|p1a: Clefable
|-supereffective|p1a: Clefable
|-damage|p1a: Clefable|0 fnt
|faint|p1a: Clefable
|
|
|switch|p1a: Latias|Latias, F|284\/364
|turn|28
|
|move|p1a: Latias|Roost|p1a: Latias
|-heal|p1a: Latias|364\/364
|move|p2a: o\/|Knock Off|p1a: Latias
|-supereffective|p1a: Latias
|-damage|p1a: Latias|0 fnt
|-enditem|p1a: Latias|Leftovers|[from] move: Knock Off|[of] p2a: o\/
|faint|p1a: Latias
|
|win|noggah
|raw|Ladder updating...
|raw|Tehy's rating: 1914 &rarr; <strong>1881<\/strong><br \/>(-33 for losing)
|raw|noggah's rating: 1641 &rarr; <strong>1674<\/strong><br \/>(+33 for winning)
|leave|Tehy
|player|p1