|join|noggah
|join|sloopkogeltje
|player|p1|noggah|272
|player|p2|sloopkogeltje|1
|gametype|singles
|gen|6
|tier|OU
|rated
|clearpoke
|poke|p1|Wobbuffet, M
|poke|p1|Latios, M
|poke|p1|Garchomp, M
|poke|p1|Latias, F
|poke|p1|Scolipede, M
|poke|p1|Espeon, F
|poke|p2|Garchomp, F
|poke|p2|Tyranitar, M, shiny
|poke|p2|Scizor, M, shiny
|poke|p2|Latios, M, shiny
|poke|p2|Slowbro, F
|poke|p2|Ferrothorn, M
|rule|Swagger Clause: Swagger is banned
|rule|Baton Pass Clause: Limit one PokÃ©mon knowing Baton Pass
|rule|Sleep Clause Mod: Limit one foe put to sleep
|rule|Species Clause: Limit one of each PokÃ©mon
|rule|OHKO Clause: OHKO moves are banned
|rule|Moody Clause: Moody is banned
|rule|Evasion Moves Clause: Evasion moves are banned
|rule|Endless Battle Clause: Forcing endless battles is banned
|rule|HP Percentage Mod: HP is shown in percentages
|teampreview
|
|start
|switch|p1a: don't|Latios, M|364\/364
|switch|p2a: Tyranitar|Tyranitar, M, shiny|404\/404
|-weather|Sandstorm
|turn|1
|
|move|p1a: don't|Reflect|p1a: don't
|-sidestart|p1: noggah|Reflect
|move|p2a: Tyranitar|Pursuit|p1a: don't
|-supereffective|p1a: don't
|-damage|p1a: don't|286\/364
|
|-weather|Sandstorm|[upkeep]
|-damage|p1a: don't|264\/364|[from] sandstorm
|turn|2
|
|move|p1a: don't|Memento|p2a: Tyranitar
|-unboost|p2a: Tyranitar|atk|2
|-unboost|p2a: Tyranitar|spa|2
|faint|p1a: don't
|move|p2a: Tyranitar|Stealth Rock|p1: don't
|-sidestart|p1: noggah|move: Stealth Rock
|
|-weather|Sandstorm|[upkeep]
|
|switch|p1a: mess with|Scolipede, M|323\/323
|-damage|p1a: mess with|243\/323|[from] Stealth Rock
|turn|3
|
|switch|p2a: Latios|Latios, M, shiny|301\/301
|move|p1a: mess with|Iron Defense|p1a: mess with
|-boost|p1a: mess with|def|2
|
|-weather|Sandstorm|[upkeep]
|-damage|p2a: Latios|283\/301|[from] sandstorm
|-damage|p1a: mess with|223\/323|[from] sandstorm
|-boost|p1a: mess with|spe|1|[from] ability: Speed Boost
|turn|4
|
|move|p1a: mess with|Substitute|p1a: mess with
|-start|p1a: mess with|Substitute
|-damage|p1a: mess with|143\/323
|move|p2a: Latios|Hidden Power|p1a: mess with
|-supereffective|p1a: mess with
|-end|p1a: mess with|Substitute
|-damage|p2a: Latios|253\/301|[from] item: Life Orb
|
|-weather|Sandstorm|[upkeep]
|-damage|p1a: mess with|123\/323|[from] sandstorm
|-damage|p2a: Latios|235\/301|[from] sandstorm
|-boost|p1a: mess with|spe|1|[from] ability: Speed Boost
|turn|5
|
|move|p1a: mess with|Baton Pass|p1a: mess with
|
|switch|p1a: ma nigga|Garchomp, M|404\/404
|-damage|p1a: ma nigga|379\/404|[from] Stealth Rock
|move|p2a: Latios|Draco Meteor|p1a: ma nigga
|-supereffective|p1a: ma nigga
|-damage|p1a: ma nigga|0 fnt
|-unboost|p2a: Latios|spa|2
|-damage|p2a: Latios|205\/301|[from] item: Life Orb
|faint|p1a: ma nigga
|
|-weather|none
|
|switch|p1a: yu dstryd my chain|Latias, F|364\/364
|-damage|p1a: yu dstryd my chain|319\/364|[from] Stealth Rock
|turn|6
|
|switch|p2a: Tyranitar|Tyranitar, M, shiny|404\/404
|-weather|Sandstorm
|move|p1a: yu dstryd my chain|Defog|p2a: Tyranitar
|-unboost|p2a: Tyranitar|evasion|1
|-sideend|p1: noggah|Stealth Rock|[from] move: Defog|[of] p1a: yu dstryd my chain
|
|-weather|Sandstorm|[upkeep]
|-damage|p1a: yu dstryd my chain|297\/364|[from] sandstorm
|turn|7
|
|move|p1a: yu dstryd my chain|Light Screen|p1a: yu dstryd my chain
|-sidestart|p1: noggah|move: Light Screen
|move|p2a: Tyranitar|Pursuit|p1a: yu dstryd my chain
|-supereffective|p1a: yu dstryd my chain
|-damage|p1a: yu dstryd my chain|230\/364
|
|-weather|Sandstorm|[upkeep]
|-damage|p1a: yu dstryd my chain|208\/364|[from] sandstorm
|turn|8
|
|move|p1a: yu dstryd my chain|Healing Wish|p1a: yu dstryd my chain
|faint|p1a: yu dstryd my chain
|move|p2a: Tyranitar|Stealth Rock|p1: yu dstryd my chain
|-sidestart|p1: noggah|move: Stealth Rock
|
|-weather|Sandstorm|[upkeep]
|-sideend|p1: noggah|Reflect
|
|switch|p1a: mess with|Scolipede, M|123\/323
|-heal|p1a: mess with|323\/323|[from] move: Healing Wish
|-damage|p1a: mess with|243\/323|[from] Stealth Rock
|turn|9
|
|move|p1a: mess with|Iron Defense|p1a: mess with
|-boost|p1a: mess with|def|2
|move|p2a: Tyranitar|Fire Blast|p1a: mess with
|-supereffective|p1a: mess with
|-damage|p1a: mess with|136\/323
|
|-weather|Sandstorm|[upkeep]
|-damage|p1a: mess with|116\/323|[from] sandstorm
|-boost|p1a: mess with|spe|1|[from] ability: Speed Boost
|turn|10
|
|switch|p2a: Latios|Latios, M, shiny|205\/301
|move|p1a: mess with|Substitute|p1a: mess with
|-start|p1a: mess with|Substitute
|-damage|p1a: mess with|36\/323
|
|-weather|none
|-boost|p1a: mess with|spe|1|[from] ability: Speed Boost
|turn|11
|
|move|p1a: mess with|Baton Pass|p1a: mess with
|
|switch|p1a: chala|Espeon, F|334\/334
|-damage|p1a: chala|293\/334|[from] Stealth Rock
|move|p2a: Latios|Surf|p1a: chala
|-activate|p1a: chala|Substitute|[damage]
|-damage|p2a: Latios|175\/301|[from] item: Life Orb
|
|-heal|p1a: chala|313\/334|[from] item: Leftovers
|turn|12
|
|move|p1a: chala|Calm Mind|p1a: chala
|-boost|p1a: chala|spa|1
|-boost|p1a: chala|spd|1
|move|p2a: Latios|Surf|p1a: chala
|-end|p1a: chala|Substitute
|-damage|p2a: Latios|145\/301|[from] item: Life Orb
|
|-heal|p1a: chala|333\/334|[from] item: Leftovers
|turn|13
|
|move|p1a: chala|Calm Mind|p1a: chala
|-boost|p1a: chala|spa|1
|-boost|p1a: chala|spd|1
|move|p2a: Latios|Draco Meteor|p1a: chala
|-damage|p1a: chala|254\/334
|-unboost|p2a: Latios|spa|2
|-damage|p2a: Latios|115\/301|[from] item: Life Orb
|
|-heal|p1a: chala|274\/334|[from] item: Leftovers
|turn|14
|
|switch|p2a: Tyranitar|Tyranitar, M, shiny|404\/404
|-weather|Sandstorm
|move|p1a: chala|Calm Mind|p1a: chala
|-boost|p1a: chala|spa|1
|-boost|p1a: chala|spd|1
|
|-weather|Sandstorm|[upkeep]
|-damage|p1a: chala|254\/334|[from] sandstorm
|-heal|p1a: chala|274\/334|[from] item: Leftovers
|-sideend|p1: noggah|move: Light Screen
|turn|15
|
|move|p1a: chala|Dazzling Gleam|p2a: Tyranitar
|-supereffective|p2a: Tyranitar
|-damage|p2a: Tyranitar|224\/404
|move|p2a: Tyranitar|Earthquake|p1a: chala
|-damage|p1a: chala|225\/334
|
|-weather|Sandstorm|[upkeep]
|-damage|p1a: chala|205\/334|[from] sandstorm
|-heal|p1a: chala|225\/334|[from] item: Leftovers
|-heal|p2a: Tyranitar|249\/404|[from] item: Leftovers
|turn|16
|
|move|p1a: chala|Calm Mind|p1a: chala
|-boost|p1a: chala|spa|1
|-boost|p1a: chala|spd|1
|move|p2a: Tyranitar|Earthquake|p1a: chala
|-damage|p1a: chala|172\/334
|
|-weather|Sandstorm|[upkeep]
|-damage|p1a: chala|152\/334|[from] sandstorm
|-heal|p1a: chala|172\/334|[from] item: Leftovers
|-heal|p2a: Tyranitar|274\/404|[from] item: Leftovers
|turn|17
|
|move|p1a: chala|Dazzling Gleam|p2a: Tyranitar
|-supereffective|p2a: Tyranitar
|-damage|p2a: Tyranitar|42\/404
|move|p2a: Tyranitar|Earthquake|p1a: chala
|-damage|p1a: chala|120\/334
|
|-weather|Sandstorm|[upkeep]
|-damage|p1a: chala|100\/334|[from] sandstorm
|-heal|p1a: chala|120\/334|[from] item: Leftovers
|-heal|p2a: Tyranitar|67\/404|[from] item: Leftovers
|turn|18
|
|switch|p2a: Latios|Latios, M, shiny|115\/301
|move|p1a: chala|Dazzling Gleam|p2a: Latios
|-supereffective|p2a: Latios
|-damage|p2a: Latios|0 fnt
|faint|p2a: Latios
|
|-weather|none
|-heal|p1a: chala|140\/334|[from] item: Leftovers
|
|switch|p2a: Tyranitar|Tyranitar, M, shiny|67\/404
|-weather|Sandstorm
|turn|19
|
|move|p1a: chala|Morning Sun|p1a: chala
|-heal|p1a: chala|223\/334
|move|p2a: Tyranitar|Earthquake|p1a: chala
|-damage|p1a: chala|173\/334
|
|-weather|Sandstorm|[upkeep]
|-damage|p1a: chala|153\/334|[from] sandstorm
|-heal|p1a: chala|173\/334|[from] item: Leftovers
|-heal|p2a: Tyranitar|92\/404|[from] item: Leftovers
|turn|20
|
|move|p1a: chala|Morning Sun|p1a: chala
|-heal|p1a: chala|256\/334
|move|p2a: Tyranitar|Pursuit|p1a: chala
|-supereffective|p1a: chala
|-damage|p1a: chala|196\/334
|
|-weather|Sandstorm|[upkeep]
|-damage|p1a: chala|176\/334|[from] sandstorm
|-heal|p1a: chala|196\/334|[from] item: Leftovers
|-heal|p2a: Tyranitar|117\/404|[from] item: Leftovers
|turn|21
|
|switch|p2a: Ferrothorn|Ferrothorn, M|352\/352
|move|p1a: chala|Morning Sun|p1a: chala
|-heal|p1a: chala|279\/334
|
|-weather|Sandstorm|[upkeep]
|-damage|p1a: chala|259\/334|[from] sandstorm
|-heal|p1a: chala|279\/334|[from] item: Leftovers
|turn|22
|
|move|p1a: chala|Stored Power|p2a: Ferrothorn
|-resisted|p2a: Ferrothorn
|-damage|p2a: Ferrothorn|0 fnt
|faint|p2a: Ferrothorn
|
|-weather|Sandstorm|[upkeep]
|-damage|p1a: chala|259\/334|[from] sandstorm
|-heal|p1a: chala|279\/334|[from] item: Leftovers
|
|switch|p2a: Scizor|Scizor, M, shiny|343\/343
|turn|23
|
|detailschange|p2a: Scizor|Scizor-Mega, M, shiny
|-mega|p2a: Scizor|Scizor|Scizorite
|move|p2a: Scizor|Bullet Punch|p1a: chala
|-damage|p1a: chala|230\/334
|move|p1a: chala|Stored Power|p2a: Scizor
|-resisted|p2a: Scizor
|-damage|p2a: Scizor|0 fnt
|faint|p2a: Scizor
|
|-weather|none
|-heal|p1a: chala|250\/334|[from] item: Leftovers
|
|switch|p2a: Garchomp|Garchomp, F|357\/357
|turn|24
|
|move|p1a: chala|Stored Power|p2a: Garchomp
|-damage|p2a: Garchomp|0 fnt
|faint|p2a: Garchomp
|
|-heal|p1a: chala|270\/334|[from] item: Leftovers
|
|switch|p2a: Slowbro|Slowbro, F|394\/394
|turn|25
|c|ânoggah|O_O
|
|move|p1a: chala|Stored Power|p2a: Slowbro
|-resisted|p2a: Slowbro
|-damage|p2a: Slowbro|0 fnt
|faint|p2a: Slowbro
|
|-heal|p1a: chala|290\/334|[from] item: Leftovers
|c|âsloopkogeltje|i just dont get why that first sub did not break
|
|switch|p2a: Tyranitar|Tyranitar, M, shiny|117\/404
|-weather|Sandstorm
|turn|26
|c|âsloopkogeltje|that was the dealbreaker...everything you did was extremely obv
|c|ânoggah|surf against espeon with lighscreen?
|c|ânoggah|*t
|
|move|p1a: chala|Dazzling Gleam|p2a: Tyranitar
|-supereffective|p2a: Tyranitar
|-damage|p2a: Tyranitar|0 fnt
|faint|p2a: Tyranitar
|
|win|noggah
|raw|Ladder updating...
|raw|noggah's rating: 1637 &rarr; <strong>1652<\/strong><br \/>(+15 for winning)
|raw|sloopkogeltje's rating: 1545 &rarr; <strong>1530<\/strong><br \/>(-15 for losing)
|c|ânoggah|[: