|join|noggah
|join|mopt
|player|p1|noggah|289
|player|p2|mopt|23
|gametype|singles
|gen|6
|tier|OU
|rated
|clearpoke
|poke|p1|Garchomp, F
|poke|p1|Bisharp, F
|poke|p1|Azumarill, M
|poke|p1|Deoxys-Defense
|poke|p1|Thundurus, M
|poke|p1|Medicham, M
|poke|p2|Greninja, F
|poke|p2|Venusaur, F
|poke|p2|Heatran, M
|poke|p2|Skarmory, F
|poke|p2|Chansey, F
|poke|p2|Landorus-Therian, M
|rule|Sleep Clause Mod: Limit one foe put to sleep
|rule|Species Clause: Limit one of each Pokemon
|rule|OHKO Clause: OHKO moves are banned
|rule|Moody Clause: Moody is banned
|rule|Evasion Moves Clause: Evasion moves are banned
|rule|Endless Battle Clause: Forcing endless battles is banned.
|rule|HP Percentage Mod: HP is reported as percentages
|teampreview
|
|start
|switch|p1a: Garchomp|Garchomp, F|357\/357
|switch|p2a: Landorus-Therian|Landorus-Therian, M|382\/382
|-ability|p2a: Landorus-Therian|Intimidate|[of] p1a: Garchomp
|-unboost|p1a: Garchomp|atk|1
|turn|1
|
|switch|p1a: Thundurus|Thundurus, M|299\/299
|move|p2a: Landorus-Therian|Knock Off|p1a: Thundurus
|-damage|p1a: Thundurus|157\/299
|-enditem|p1a: Thundurus|Leftovers|[from] move: Knock Off|[of] p2a: Landorus-Therian
|
|turn|2
|
|move|p1a: Thundurus|Thunder Wave|p2a: Landorus-Therian
|-immune|p2a: Landorus-Therian|[msg]
|move|p2a: Landorus-Therian|Stone Edge|p1a: Thundurus
|-supereffective|p1a: Thundurus
|-damage|p1a: Thundurus|0 fnt
|faint|p1a: Thundurus
|
|
|switch|p1a: Azumarill|Azumarill, M|341\/341
|turn|3
|
|switch|p2a: Skarmory|Skarmory, F|334\/334
|move|p1a: Azumarill|Belly Drum|p1a: Azumarill
|-damage|p1a: Azumarill|171\/341
|-setboost|p1a: Azumarill|atk|6|[from] move: Belly Drum
|
|turn|4
|
|move|p1a: Azumarill|Waterfall|p2a: Skarmory
|-activate|p2a: Skarmory|Sturdy
|-damage|p2a: Skarmory|1\/334
|cant|p2a: Skarmory|flinch
|
|-heal|p2a: Skarmory|21\/334|[from] item: Leftovers
|turn|5
|
|move|p1a: Azumarill|Waterfall|p2a: Skarmory
|-damage|p2a: Skarmory|0 fnt
|faint|p2a: Skarmory
|
|
|switch|p2a: Venusaur|Venusaur, F|364\/364
|turn|6
|
|-formechange|p2a: Venusaur|Venusaur-Mega
|message|Venusaur has Mega Evolved into Mega Venusaur!
|move|p1a: Azumarill|Play Rough|p2a: Venusaur
|-resisted|p2a: Venusaur
|-damage|p2a: Venusaur|103\/364
|-unboost|p2a: Venusaur|atk|1
|move|p2a: Venusaur|Giga Drain|p1a: Azumarill
|-supereffective|p1a: Azumarill
|-damage|p1a: Azumarill|0 fnt
|-heal|p2a: Venusaur|189\/364|[from] drain|[of] p1a: Azumarill
|faint|p1a: Azumarill
|
|
|switch|p1a: Deoxys-Defense|Deoxys-Defense|304\/304
|-ability|p1a: Deoxys-Defense|Pressure
|turn|7
|
|switch|p2a: Landorus-Therian|Landorus-Therian, M|382\/382
|-ability|p2a: Landorus-Therian|Intimidate|[of] p1a: Deoxys-Defense
|-unboost|p1a: Deoxys-Defense|atk|1
|move|p1a: Deoxys-Defense|Stealth Rock|p2a: Landorus-Therian
|-sidestart|p2: mopt|move: Stealth Rock
|
|turn|8
|
|switch|p1a: Bisharp|Bisharp, F|285\/285
|move|p2a: Landorus-Therian|Knock Off|p1a: Bisharp
|-resisted|p1a: Bisharp
|-damage|p1a: Bisharp|231\/285
|-enditem|p1a: Bisharp|Leftovers|[from] move: Knock Off|[of] p2a: Landorus-Therian
|
|turn|9
|
|move|p1a: Bisharp|Sucker Punch|p2a: Landorus-Therian
|-damage|p2a: Landorus-Therian|238\/382
|move|p2a: Landorus-Therian|Earthquake|p1a: Bisharp
|-supereffective|p1a: Bisharp
|-damage|p1a: Bisharp|0 fnt
|faint|p1a: Bisharp
|
|
|switch|p1a: Medicham|Medicham, M|262\/262
|turn|10
|
|switch|p2a: Heatran|Heatran, M|323\/323
|-damage|p2a: Heatran|283\/323|[from] Stealth Rock
|-formechange|p1a: Medicham|Medicham-Mega
|message|Medicham has Mega Evolved into Mega Medicham!
|move|p1a: Medicham|Ice Punch|p2a: Heatran
|-crit|p2a: Heatran
|-resisted|p2a: Heatran
|-damage|p2a: Heatran|243\/323
|
|turn|11
|
|move|p2a: Heatran|Lava Plume|p1a: Medicham
|-crit|p1a: Medicham
|-damage|p1a: Medicham|15\/262
|move|p1a: Medicham|Drain Punch|p2a: Heatran
|-supereffective|p2a: Heatran
|-damage|p2a: Heatran|0 fnt
|-heal|p1a: Medicham|137\/262|[from] drain|[of] p2a: Heatran
|faint|p2a: Heatran
|
|
|switch|p2a: Greninja|Greninja, F|285\/285
|-damage|p2a: Greninja|250\/285|[from] Stealth Rock
|turn|12
|
|switch|p1a: Deoxys-Defense|Deoxys-Defense|304\/304
|-ability|p1a: Deoxys-Defense|Pressure
|-start|p2a: Greninja|typechange|Ice|[from] Protean
|move|p2a: Greninja|Ice Beam|p1a: Deoxys-Defense
|-damage|p1a: Deoxys-Defense|194\/304
|-enditem|p1a: Deoxys-Defense|Red Card|[of] p2a: Greninja
|drag|p2a: Landorus-Therian|Landorus-Therian, M|238\/382
|-damage|p2a: Landorus-Therian|191\/382|[from] Stealth Rock
|-ability|p2a: Landorus-Therian|Intimidate|[of] p1a: Deoxys-Defense
|-unboost|p1a: Deoxys-Defense|atk|1
|
|turn|13
|
|move|p1a: Deoxys-Defense|Spikes|p2a: Landorus-Therian
|-sidestart|p2: mopt|Spikes
|move|p2a: Landorus-Therian|U-turn|p1a: Deoxys-Defense
|-supereffective|p1a: Deoxys-Defense
|-damage|p1a: Deoxys-Defense|86\/304
|
|switch|p2a: Greninja|Greninja, F|250\/285
|-damage|p2a: Greninja|215\/285|[from] Spikes
|-damage|p2a: Greninja|180\/285|[from] Stealth Rock
|
|turn|14
|
|-start|p2a: Greninja|typechange|Dark|[from] Protean
|move|p2a: Greninja|Dark Pulse|p1a: Deoxys-Defense
|-supereffective|p1a: Deoxys-Defense
|-damage|p1a: Deoxys-Defense|0 fnt
|-damage|p2a: Greninja|152\/285|[from] item: Life Orb
|faint|p1a: Deoxys-Defense
|
|
|switch|p1a: Garchomp|Garchomp, F|357\/357
|turn|15
|
|switch|p2a: Landorus-Therian|Landorus-Therian, M|191\/382
|-damage|p2a: Landorus-Therian|144\/382|[from] Stealth Rock
|-ability|p2a: Landorus-Therian|Intimidate|[of] p1a: Garchomp
|-unboost|p1a: Garchomp|atk|1
|move|p1a: Garchomp|Outrage|p2a: Landorus-Therian
|-damage|p2a: Landorus-Therian|0 fnt
|faint|p2a: Landorus-Therian
|
|
|switch|p2a: Venusaur|Venusaur, F|189\/364
|-formechange|p2a: Venusaur|Venusaur-Mega
|-damage|p2a: Venusaur|144\/364|[from] Spikes
|-damage|p2a: Venusaur|99\/364|[from] Stealth Rock
|turn|16
|
|move|p1a: Garchomp|Outrage|p2a: Venusaur
|-damage|p2a: Venusaur|0 fnt
|faint|p2a: Venusaur
|
|-end|p1a: Garchomp|rampage
|-start|p1a: Garchomp|confusion
|
|switch|p2a: Greninja|Greninja, F|152\/285
|-damage|p2a: Greninja|117\/285|[from] Spikes
|-damage|p2a: Greninja|82\/285|[from] Stealth Rock
|turn|17
|
|switch|p1a: Medicham|Medicham, M|137\/262
|-formechange|p1a: Medicham|Medicham-Mega
|-start|p2a: Greninja|typechange|Ice|[from] Protean
|move|p2a: Greninja|Ice Beam|p1a: Medicham
|-damage|p1a: Medicham|0 fnt
|-damage|p2a: Greninja|54\/285|[from] item: Life Orb
|faint|p1a: Medicham
|
|
|switch|p1a: Garchomp|Garchomp, F|357\/357
|turn|18
|
|move|p1a: Garchomp|Outrage|p2a: Greninja
|-damage|p2a: Greninja|0 fnt
|faint|p2a: Greninja
|
|
|switch|p2a: Chansey|Chansey, F|642\/642
|-damage|p2a: Chansey|562\/642|[from] Spikes
|-damage|p2a: Chansey|482\/642|[from] Stealth Rock
|turn|19
|
|move|p1a: Garchomp|Outrage|p2a: Chansey
|-damage|p2a: Chansey|196\/642
|move|p2a: Chansey|Wish|p2a: Chansey
|
|-end|p1a: Garchomp|rampage
|-start|p1a: Garchomp|confusion
|turn|20
|
|-activate|p1a: Garchomp|confusion
|move|p1a: Garchomp|Outrage|p2a: Chansey
|-damage|p2a: Chansey|0 fnt
|faint|p2a: Chansey
|
|win|noggah
|raw|Ladder updating...
|raw|noggah's rating: 1504 &rarr; <strong>1525<\/strong><br \/>(+21 for winning)
|raw|mopt's rating: 1521 &rarr; <strong>1500<\/strong><br \/>(-21 for losing)
|leave|mopt
|player|p2