|join|noggah
|join|EvilThief
|player|p1|noggah|283
|player|p2|EvilThief|25
|gametype|singles
|gen|6
|tier|OU
|rated
|clearpoke
|poke|p1|Azumarill, F
|poke|p1|Garchomp, F
|poke|p1|Aegislash, F
|poke|p1|Scizor, M
|poke|p1|Dragonite, M
|poke|p1|Talonflame, F
|poke|p2|Latios, M
|poke|p2|Sylveon, F
|poke|p2|Infernape, F
|poke|p2|Bisharp, F
|poke|p2|Gliscor, M
|poke|p2|Zapdos
|rule|Sleep Clause Mod: Limit one foe put to sleep
|rule|Species Clause: Limit one of each Pokemon
|rule|OHKO Clause: OHKO moves are banned
|rule|Moody Clause: Moody is banned
|rule|Evasion Moves Clause: Evasion moves are banned
|rule|Endless Battle Clause: Forcing endless battles is banned.
|rule|HP Percentage Mod: HP is reported as percentages
|teampreview
|
|start
|switch|p1a: Dragonite|Dragonite, M|386\/386
|switch|p2a: Gliscor|Gliscor, M|354\/354
|turn|1
|
|move|p2a: Gliscor|Knock Off|p1a: Dragonite
|-damage|p1a: Dragonite|341\/386
|-enditem|p1a: Dragonite|Weakness Policy|[from] move: Knock Off|[of] p2a: Gliscor
|move|p1a: Dragonite|Dragon Pulse|p2a: Gliscor
|-damage|p2a: Gliscor|182\/354
|
|-status|p2a: Gliscor|tox|[from] item: Toxic Orb
|turn|2
|
|switch|p2a: Sylveon|Sylveon, F|394\/394
|move|p1a: Dragonite|Dragon Pulse|p2a: Sylveon
|-immune|p2a: Sylveon|[msg]
|
|turn|3
|
|switch|p2a: Bisharp|Bisharp, F|272\/272
|move|p1a: Dragonite|Extreme Speed|p2a: Bisharp
|-resisted|p2a: Bisharp
|-damage|p2a: Bisharp|228\/272
|
|turn|4
|
|move|p2a: Bisharp|Knock Off|p1a: Dragonite
|-damage|p1a: Dragonite|145\/386
|-damage|p2a: Bisharp|201\/272|[from] item: Life Orb
|move|p1a: Dragonite|Earthquake|p2a: Bisharp
|-supereffective|p2a: Bisharp
|-damage|p2a: Bisharp|0 fnt
|faint|p2a: Bisharp
|
|
|switch|p2a: Zapdos|Zapdos|322\/322
|-ability|p2a: Zapdos|Pressure
|turn|5
|
|move|p2a: Zapdos|Discharge|p1a: Dragonite
|-damage|p1a: Dragonite|0 fnt
|-damage|p2a: Zapdos|290\/322|[from] item: Life Orb
|faint|p1a: Dragonite
|
|
|switch|p1a: Garchomp|Garchomp, F|358\/358
|turn|6
|
|switch|p2a: Gliscor|Gliscor, M|182\/354 tox
|move|p1a: Garchomp|Earthquake|p2a: Gliscor
|-immune|p2a: Gliscor|[msg]
|
|-heal|p2a: Gliscor|226\/354 tox|[from] ability: Poison Heal
|turn|7
|
|move|p1a: Garchomp|Stealth Rock|p2a: Gliscor
|-sidestart|p2: EvilThief|move: Stealth Rock
|move|p2a: Gliscor|Stealth Rock|p1a: Garchomp
|-sidestart|p1: noggah|move: Stealth Rock
|
|-heal|p2a: Gliscor|270\/354 tox|[from] ability: Poison Heal
|turn|8
|
|move|p1a: Garchomp|Swords Dance|p1a: Garchomp
|-boost|p1a: Garchomp|atk|2
|move|p2a: Gliscor|Knock Off|p1a: Garchomp
|-damage|p1a: Garchomp|281\/358
|-damage|p2a: Gliscor|226\/354 tox|[from] ability: Rough Skin|[of] p1a: Garchomp
|-enditem|p1a: Garchomp|Life Orb|[from] move: Knock Off|[of] p2a: Gliscor
|
|-heal|p2a: Gliscor|270\/354 tox|[from] ability: Poison Heal
|turn|9
|
|move|p2a: Gliscor|Protect|p2a: Gliscor
|-singleturn|p2a: Gliscor|Protect
|move|p1a: Garchomp|Dragon Claw|p2a: Gliscor
|-activate|p2a: Gliscor|Protect
|
|-heal|p2a: Gliscor|314\/354 tox|[from] ability: Poison Heal
|turn|10
|
|move|p1a: Garchomp|Earthquake|p2a: Gliscor
|-immune|p2a: Gliscor|[msg]
|move|p2a: Gliscor|Earthquake|p1a: Garchomp
|-damage|p1a: Garchomp|160\/358
|
|-heal|p2a: Gliscor|354\/354 tox|[from] ability: Poison Heal
|turn|11
|
|move|p1a: Garchomp|Swords Dance|p1a: Garchomp
|-boost|p1a: Garchomp|atk|2
|move|p2a: Gliscor|Earthquake|p1a: Garchomp
|-damage|p1a: Garchomp|45\/358
|
|turn|12
|chat|noggah|what a player
|
|move|p1a: Garchomp|Dragon Claw|p2a: Gliscor
|-damage|p2a: Gliscor|90\/354 tox
|move|p2a: Gliscor|Earthquake|p1a: Garchomp
|-damage|p1a: Garchomp|0 fnt
|faint|p1a: Garchomp
|
|-heal|p2a: Gliscor|134\/354 tox|[from] ability: Poison Heal
|chat|EvilThief|lol
|chat|EvilThief|what?
|
|switch|p1a: Talonflame|Talonflame, F|309\/309
|-damage|p1a: Talonflame|155\/309|[from] Stealth Rock
|turn|13
|
|move|p1a: Talonflame|Swords Dance|p1a: Talonflame
|-boost|p1a: Talonflame|atk|2
|move|p2a: Gliscor|Earthquake|p1a: Talonflame
|-immune|p1a: Talonflame|[msg]
|
|-heal|p2a: Gliscor|178\/354 tox|[from] ability: Poison Heal
|turn|14
|
|move|p1a: Talonflame|Swords Dance|p1a: Talonflame
|-boost|p1a: Talonflame|atk|2
|move|p2a: Gliscor|Knock Off|p1a: Talonflame
|-damage|p1a: Talonflame|54\/309
|-enditem|p1a: Talonflame|Sitrus Berry|[from] move: Knock Off|[of] p2a: Gliscor
|
|-heal|p2a: Gliscor|222\/354 tox|[from] ability: Poison Heal
|turn|15
|
|move|p1a: Talonflame|Acrobatics|p2a: Gliscor
|-damage|p2a: Gliscor|0 fnt
|faint|p2a: Gliscor
|
|
|switch|p2a: Sylveon|Sylveon, F|394\/394
|-damage|p2a: Sylveon|345\/394|[from] Stealth Rock
|turn|16
|
|move|p2a: Sylveon|Protect|p2a: Sylveon
|-singleturn|p2a: Sylveon|Protect
|move|p1a: Talonflame|Acrobatics|p2a: Sylveon
|-activate|p2a: Sylveon|Protect
|
|-heal|p2a: Sylveon|369\/394|[from] item: Leftovers
|turn|17
|
|move|p1a: Talonflame|Acrobatics|p2a: Sylveon
|-damage|p2a: Sylveon|0 fnt
|faint|p2a: Sylveon
|
|
|switch|p2a: Zapdos|Zapdos|290\/322
|-damage|p2a: Zapdos|210\/322|[from] Stealth Rock
|-ability|p2a: Zapdos|Pressure
|turn|18
|
|move|p1a: Talonflame|Acrobatics|p2a: Zapdos
|-resisted|p2a: Zapdos
|-damage|p2a: Zapdos|0 fnt
|faint|p2a: Zapdos
|
|
|switch|p2a: Latios|Latios, M|302\/302
|-damage|p2a: Latios|265\/302|[from] Stealth Rock
|turn|19
|chat|noggah|talonflame <3
|
|move|p1a: Talonflame|Acrobatics|p2a: Latios
|-damage|p2a: Latios|0 fnt
|faint|p2a: Latios
|
|chat|EvilThief|yup
|
|switch|p2a: Infernape|Infernape, F|293\/293
|-damage|p2a: Infernape|257\/293|[from] Stealth Rock
|turn|20
|
|move|p2a: Infernape|Mach Punch|p1a: Talonflame
|-resisted|p1a: Talonflame
|-damage|p1a: Talonflame|6\/309
|move|p1a: Talonflame|Acrobatics|p2a: Infernape
|-supereffective|p2a: Infernape
|-damage|p2a: Infernape|0 fnt
|faint|p2a: Infernape
|
|win|noggah
|raw|Ladder updating...
|raw|noggah's rating: 1592 &rarr; <strong>1610<\/strong><br \/>(+18 for winning)
|raw|EvilThief's rating: 1555 &rarr; <strong>1537<\/strong><br \/>(-18 for losing)
|leave|EvilThief
|player|p2