|join|noggah
|join|manidev
|player|p1|noggah|272
|player|p2|manidev|54
|gametype|singles
|gen|6
|tier|OU
|rated
|clearpoke
|poke|p1|Deoxys-Defense
|poke|p1|Bisharp, M
|poke|p1|Aegislash, M, shiny
|poke|p1|Gardevoir, M, shiny
|poke|p1|Garchomp, M
|poke|p1|Azumarill, M
|poke|p2|Azumarill, M, shiny
|poke|p2|Gliscor, M, shiny
|poke|p2|Charizard, F, shiny
|poke|p2|Greninja, M, shiny
|poke|p2|Aegislash, M, shiny
|poke|p2|Landorus, M, shiny
|rule|Sleep Clause Mod: Limit one foe put to sleep
|rule|Species Clause: Limit one of each Pokemon
|rule|OHKO Clause: OHKO moves are banned
|rule|Moody Clause: Moody is banned
|rule|Evasion Moves Clause: Evasion moves are banned
|rule|Endless Battle Clause: Forcing endless battles is banned.
|rule|HP Percentage Mod: HP is reported as percentages
|teampreview
|
|start
|switch|p1a: O_O|Deoxys-Defense|304\/304
|switch|p2a: Azumarill|Azumarill, M, shiny|373\/373
|-ability|p1a: O_O|Pressure
|turn|1
|
|move|p1a: O_O|Thunder Wave|p2a: Azumarill
|-status|p2a: Azumarill|par
|move|p2a: Azumarill|Belly Drum|p2a: Azumarill
|-damage|p2a: Azumarill|187\/373 par
|-setboost|p2a: Azumarill|atk|6|[from] move: Belly Drum
|
|turn|2
|
|move|p1a: O_O|Stealth Rock|p2a: Azumarill
|-sidestart|p2: manidev|move: Stealth Rock
|cant|p2a: Azumarill|par
|
|turn|3
|chat|manidev|lol
|
|move|p1a: O_O|Spikes|p2a: Azumarill
|-sidestart|p2: manidev|Spikes
|move|p2a: Azumarill|Play Rough|p1a: O_O
|-damage|p1a: O_O|0 fnt
|faint|p1a: O_O
|
|chat|manidev|haha
|
|switch|p1a: O_O|Aegislash, M, shiny|269\/269
|turn|4
|
|-formechange|p1a: O_O|Aegislash-Blade
|move|p1a: O_O|Shadow Ball|p2a: Azumarill
|-damage|p2a: Azumarill|0 fnt
|faint|p2a: Azumarill
|
|
|switch|p2a: Greninja|Greninja, M, shiny|286\/286
|-damage|p2a: Greninja|251\/286|[from] Stealth Rock
|-damage|p2a: Greninja|216\/286|[from] Spikes
|turn|5
|
|switch|p1a: O_O|Bisharp, M|306\/306
|-start|p2a: Greninja|typechange|Dark|[from] Protean
|move|p2a: Greninja|Dark Pulse|p1a: O_O
|-resisted|p1a: O_O
|-damage|p1a: O_O|222\/306
|
|-heal|p1a: O_O|241\/306|[from] item: Leftovers
|turn|6
|
|-start|p2a: Greninja|typechange|Water|[from] Protean
|move|p2a: Greninja|Surf|p1a: O_O
|-damage|p1a: O_O|40\/306
|move|p1a: O_O|Knock Off|p2a: Greninja
|-damage|p2a: Greninja|0 fnt
|faint|p2a: Greninja
|
|-heal|p1a: O_O|59\/306|[from] item: Leftovers
|
|switch|p2a: Landorus|Landorus, M, shiny|320\/320
|-damage|p2a: Landorus|280\/320|[from] Stealth Rock
|turn|7
|
|move|p1a: O_O|Sucker Punch|p2a: Landorus
|-damage|p2a: Landorus|111\/320
|move|p2a: Landorus|Earth Power|p1a: O_O
|-supereffective|p1a: O_O
|-damage|p1a: O_O|0 fnt
|faint|p1a: O_O
|
|
|switch|p1a: O_O|Azumarill, M|399\/399
|turn|8
|
|move|p2a: Landorus|Earth Power|p1a: O_O
|-crit|p1a: O_O
|-damage|p1a: O_O|141\/399
|move|p1a: O_O|Power-Up Punch|p2a: Landorus
|-resisted|p2a: Landorus
|-damage|p2a: Landorus|81\/320
|-boost|p1a: O_O|atk|1
|
|turn|9
|
|move|p1a: O_O|Aqua Jet|p2a: Landorus
|-supereffective|p2a: Landorus
|-damage|p2a: Landorus|0 fnt
|faint|p2a: Landorus
|
|chat|noggah|fucking crit
|
|switch|p2a: Aegislash|Aegislash, M, shiny|261\/261
|-damage|p2a: Aegislash|229\/261|[from] Spikes
|-damage|p2a: Aegislash|213\/261|[from] Stealth Rock
|turn|10
|
|-formechange|p2a: Aegislash|Aegislash-Blade
|move|p2a: Aegislash|Sacred Sword|p1a: O_O
|-resisted|p1a: O_O
|-damage|p1a: O_O|77\/399
|move|p1a: O_O|Knock Off|p2a: Aegislash
|-supereffective|p2a: Aegislash
|-damage|p2a: Aegislash|0 fnt
|faint|p2a: Aegislash
|
|
|switch|p2a: Gliscor|Gliscor, M, shiny|293\/293
|-damage|p2a: Gliscor|257\/293|[from] Stealth Rock
|turn|11
|
|move|p1a: O_O|Aqua Jet|p2a: Gliscor
|-supereffective|p2a: Gliscor
|-damage|p2a: Gliscor|35\/293
|move|p2a: Gliscor|Earthquake|p1a: O_O
|-damage|p1a: O_O|0 fnt
|faint|p1a: O_O
|
|-status|p2a: Gliscor|tox|[from] item: Toxic Orb
|chat|manidev|cool
|
|switch|p1a: O_O|Aegislash, M, shiny|269\/269
|turn|12
|
|-formechange|p1a: O_O|Aegislash-Blade
|move|p1a: O_O|Shadow Sneak|p2a: Gliscor
|-damage|p2a: Gliscor|0 fnt
|faint|p2a: Gliscor
|
|
|switch|p2a: Charizard|Charizard, F, shiny|297\/297
|-damage|p2a: Charizard|149\/297|[from] Stealth Rock
|turn|13
|chat|manidev|u die
|leave|noggah
|player|p1
|chat|manidev|gooooooooooooooooooooo
|join|noggah
|player|p1|noggah|272
|
|-formechange|p2a: Charizard|Charizard-Mega-X
|message|Charizard has Mega Evolved into Mega Charizard!
|-formechange|p1a: O_O|Aegislash
|move|p1a: O_O|King's Shield|p1a: O_O
|-singleturn|p1a: O_O|Protect
|move|p2a: Charizard|Dragon Dance|p2a: Charizard
|-boost|p2a: Charizard|atk|1
|-boost|p2a: Charizard|spe|1
|
|turn|14
|-activate|p1a: O_O|item: Quick Claw
|
|-formechange|p1a: O_O|Aegislash-Blade
|move|p1a: O_O|Shadow Ball|p2a: Charizard
|-damage|p2a: Charizard|0 fnt
|faint|p2a: Charizard
|
|win|noggah
|raw|Ladder updating...
|raw|noggah's rating: 1468 &rarr; <strong>1485<\/strong><br \/>(+17 for winning)
|raw|manidev's rating: 1411 &rarr; <strong>1394<\/strong><br \/>(-17 for losing)
|chat|manidev|lol haha
|chat|noggah|HAHAHA
|chat|manidev|howwww
|chat|noggah|HAHAHA
|chat|noggah|HAHAHAHAHAHAH
|chat|manidev|tell me
|chat|manidev|how it is quicker
|chat|noggah|quick claw
|chat|manidev|ohhhhhhh
|chat|noggah|20% of first hit
|leave|manidev
|player|p2
|chat|noggah|HAHA