|join|mudkip727
|join|noggah
|player|p1|mudkip727|282
|player|p2|noggah|282
|gametype|singles
|gen|6
|tier|OU
|rated
|clearpoke
|poke|p1|Talonflame, M
|poke|p1|Mawile, M
|poke|p1|Conkeldurr, F
|poke|p1|Gliscor, F
|poke|p1|Latios, M
|poke|p1|Rotom-Wash
|poke|p2|Crawdaunt, M
|poke|p2|Deoxys-Speed
|poke|p2|Gardevoir, M
|poke|p2|Landorus-Therian, M
|poke|p2|Bisharp, M
|poke|p2|Zapdos
|rule|Sleep Clause Mod: Limit one foe put to sleep
|rule|Species Clause: Limit one of each Pokemon
|rule|OHKO Clause: OHKO moves are banned
|rule|Moody Clause: Moody is banned
|rule|Evasion Moves Clause: Evasion moves are banned
|rule|Endless Battle Clause: Forcing endless battles is banned.
|rule|HP Percentage Mod: HP is reported as percentages
|teampreview
|
|start
|switch|p1a: Talonflame|Talonflame, M|298\/298
|switch|p2a: Zapdos|Zapdos|378\/378
|-ability|p2a: Zapdos|Pressure
|turn|1
|
|move|p1a: Talonflame|U-turn|p2a: Zapdos
|-resisted|p2a: Zapdos
|-damage|p2a: Zapdos|331\/378
|
|switch|p1a: Rotom-Wash|Rotom-Wash|304\/304
|move|p2a: Zapdos|Discharge|p1a: Rotom-Wash
|-damage|p1a: Rotom-Wash|207\/304
|
|-heal|p2a: Zapdos|354\/378|[from] item: Leftovers
|turn|2
|
|move|p2a: Zapdos|Hidden Power|p1a: Rotom-Wash
|-resisted|p1a: Rotom-Wash
|-damage|p1a: Rotom-Wash|184\/304
|move|p1a: Rotom-Wash|Volt Switch|p2a: Zapdos
|-damage|p2a: Zapdos|254\/378
|
|switch|p1a: Conkeldurr|Conkeldurr, F|414\/414
|
|-heal|p2a: Zapdos|277\/378|[from] item: Leftovers
|turn|3
|
|move|p2a: Zapdos|Discharge|p1a: Conkeldurr
|-damage|p1a: Conkeldurr|299\/414
|move|p1a: Conkeldurr|Ice Punch|p2a: Zapdos
|-supereffective|p2a: Zapdos
|-damage|p2a: Zapdos|55\/378
|
|-heal|p2a: Zapdos|78\/378|[from] item: Leftovers
|turn|4
|
|move|p2a: Zapdos|Roost|p2a: Zapdos
|-heal|p2a: Zapdos|267\/378
|move|p1a: Conkeldurr|Drain Punch|p2a: Zapdos
|-damage|p2a: Zapdos|123\/378
|-heal|p1a: Conkeldurr|371\/414|[from] drain|[of] p2a: Zapdos
|
|-heal|p2a: Zapdos|146\/378|[from] item: Leftovers
|turn|5
|
|move|p2a: Zapdos|Discharge|p1a: Conkeldurr
|-damage|p1a: Conkeldurr|236\/414
|move|p1a: Conkeldurr|Knock Off|p2a: Zapdos
|-damage|p2a: Zapdos|0 fnt
|faint|p2a: Zapdos
|
|
|switch|p2a: Gardevoir|Gardevoir, M|278\/278
|turn|6
|
|switch|p1a: Mawile|Mawile, M|304\/304
|-ability|p1a: Mawile|Intimidate|[of] p2a: Gardevoir
|-unboost|p2a: Gardevoir|atk|1
|-formechange|p2a: Gardevoir|Gardevoir-Mega
|message|Gardevoir has Mega Evolved into Mega Gardevoir!
|move|p2a: Gardevoir|Psyshock|p1a: Mawile
|-resisted|p1a: Mawile
|-damage|p1a: Mawile|205\/304
|
|turn|7
|
|-formechange|p1a: Mawile|Mawile-Mega
|message|Mawile has Mega Evolved into Mega Mawile!
|move|p2a: Gardevoir|Focus Blast|p1a: Mawile
|-damage|p1a: Mawile|13\/304
|move|p1a: Mawile|Swords Dance|p1a: Mawile
|-boost|p1a: Mawile|atk|2
|
|turn|8
|
|switch|p2a: Landorus-Therian|Landorus-Therian, M|320\/320
|-ability|p2a: Landorus-Therian|Intimidate|[of] p1a: Mawile
|-unboost|p1a: Mawile|atk|1
|move|p1a: Mawile|Sucker Punch|p2a: Landorus-Therian
|-fail|p2a: Landorus-Therian
|
|turn|9
|
|move|p2a: Landorus-Therian|U-turn|p1a: Mawile
|-resisted|p1a: Mawile
|-damage|p1a: Mawile|0 fnt
|faint|p1a: Mawile
|
|switch|p2a: Deoxys-Speed|Deoxys-Speed|241\/241
|-ability|p2a: Deoxys-Speed|Pressure
|
|
|switch|p1a: Talonflame|Talonflame, M|298\/298
|turn|10
|
|move|p1a: Talonflame|Brave Bird|p2a: Deoxys-Speed
|-damage|p2a: Deoxys-Speed|0 fnt
|-damage|p1a: Talonflame|218\/298|[from] recoil|[of] p2a: Deoxys-Speed
|faint|p2a: Deoxys-Speed
|
|
|switch|p2a: Crawdaunt|Crawdaunt, M|268\/268
|turn|11
|
|switch|p1a: Rotom-Wash|Rotom-Wash|184\/304
|move|p2a: Crawdaunt|Knock Off|p1a: Rotom-Wash
|-damage|p1a: Rotom-Wash|0 fnt
|faint|p1a: Rotom-Wash
|
|
|switch|p1a: Conkeldurr|Conkeldurr, F|236\/414
|turn|12
|
|switch|p2a: Landorus-Therian|Landorus-Therian, M|320\/320
|-ability|p2a: Landorus-Therian|Intimidate|[of] p1a: Conkeldurr
|-unboost|p1a: Conkeldurr|atk|1
|move|p1a: Conkeldurr|Ice Punch|p2a: Landorus-Therian
|-supereffective|p2a: Landorus-Therian
|-damage|p2a: Landorus-Therian|0 fnt
|faint|p2a: Landorus-Therian
|
|
|switch|p2a: Gardevoir|Gardevoir, M|278\/278
|-formechange|p2a: Gardevoir|Gardevoir-Mega
|turn|13
|
|switch|p1a: Latios|Latios, M|302\/302
|move|p2a: Gardevoir|Hyper Voice|p1a: Latios
|-supereffective|p1a: Latios
|-damage|p1a: Latios|0 fnt
|faint|p1a: Latios
|
|
|switch|p1a: Talonflame|Talonflame, M|218\/298
|turn|14
|
|switch|p2a: Bisharp|Bisharp, M|307\/307
|move|p1a: Talonflame|Brave Bird|p2a: Bisharp
|-crit|p2a: Bisharp
|-resisted|p2a: Bisharp
|-damage|p2a: Bisharp|112\/307
|-damage|p1a: Talonflame|154\/298|[from] recoil|[of] p2a: Bisharp
|
|turn|15
|
|move|p1a: Talonflame|Brave Bird|p2a: Bisharp
|-crit|p2a: Bisharp
|-resisted|p2a: Bisharp
|-damage|p2a: Bisharp|0 fnt
|-damage|p1a: Talonflame|117\/298|[from] recoil|[of] p2a: Bisharp
|faint|p2a: Bisharp
|
|
|switch|p2a: Crawdaunt|Crawdaunt, M|268\/268
|turn|16
|
|move|p1a: Talonflame|Brave Bird|p2a: Crawdaunt
|-damage|p2a: Crawdaunt|0 fnt
|-damage|p1a: Talonflame|29\/298|[from] recoil|[of] p2a: Crawdaunt
|faint|p2a: Crawdaunt
|
|
|switch|p2a: Gardevoir|Gardevoir, M|278\/278
|-formechange|p2a: Gardevoir|Gardevoir-Mega
|turn|17
|
|move|p1a: Talonflame|Brave Bird|p2a: Gardevoir
|-damage|p2a: Gardevoir|0 fnt
|-damage|p1a: Talonflame|0 fnt|[from] recoil|[of] p2a: Gardevoir
|faint|p2a: Gardevoir
|faint|p1a: Talonflame
|
|win|mudkip727
|raw|Ladder updating...
|raw|mudkip727's rating: 1586 &rarr; <strong>1606<\/strong><br \/>(+20 for winning)
|raw|noggah's rating: 1577 &rarr; <strong>1558<\/strong><br \/>(-19 for losing)