|join|noggah
|join|iwouldliketo
|player|p1|noggah|265
|player|p2|iwouldliketo|76
|gametype|singles
|gen|6
|tier|OU
|rated
|clearpoke
|poke|p1|Azumarill, F
|poke|p1|Tyranitar, F
|poke|p1|Aegislash, M, shiny
|poke|p1|Bisharp, F
|poke|p1|Thundurus, M
|poke|p1|Deoxys-Defense
|poke|p2|Rhyperior, F
|poke|p2|Mew, shiny
|poke|p2|Latios, M
|poke|p2|Thundurus, M
|poke|p2|Charizard, M
|poke|p2|Blissey, F
|rule|Sleep Clause Mod: Limit one foe put to sleep
|rule|Species Clause: Limit one of each Pokemon
|rule|OHKO Clause: OHKO moves are banned
|rule|Moody Clause: Moody is banned
|rule|Evasion Moves Clause: Evasion moves are banned
|rule|Endless Battle Clause: Forcing endless battles is banned.
|rule|HP Percentage Mod: HP is reported as percentages
|teampreview
|join|wartheater
|
|start
|switch|p1a: Deoxys-Defense|Deoxys-Defense|304\/304
|switch|p2a: Thundurus|Thundurus, M|300\/300
|-ability|p1a: Deoxys-Defense|Pressure
|turn|1
|
|move|p2a: Thundurus|Taunt|p1a: Deoxys-Defense
|-start|p1a: Deoxys-Defense|move: Taunt
|cant|p1a: Deoxys-Defense|move: Taunt|Stealth Rock
|
|turn|2
|
|switch|p1a: Aegislash|Aegislash, M, shiny|324\/324
|move|p2a: Thundurus|Thunderbolt|p1a: Aegislash
|-crit|p1a: Aegislash
|-damage|p1a: Aegislash|152\/324
|
|turn|3
|
|move|p2a: Thundurus|Thunderbolt|p1a: Aegislash
|-damage|p1a: Aegislash|44\/324
|-formechange|p1a: Aegislash|Aegislash-Blade
|move|p1a: Aegislash|Shadow Ball|p2a: Thundurus
|-damage|p2a: Thundurus|98\/300
|
|turn|4
|
|switch|p2a: Blissey|Blissey, F|714\/714
|move|p1a: Aegislash|Shadow Sneak|p2a: Blissey
|-immune|p2a: Blissey|[msg]
|
|turn|5
|
|move|p2a: Blissey|Flamethrower|p1a: Aegislash
|-supereffective|p1a: Aegislash
|-damage|p1a: Aegislash|0 fnt
|faint|p1a: Aegislash
|
|
|switch|p1a: Tyranitar|Tyranitar, F|342\/342
|-weather|Sandstorm
|turn|6
|
|switch|p2a: Mew|Mew, shiny|404\/404
|-formechange|p1a: Tyranitar|Tyranitar-Mega
|message|Tyranitar has Mega Evolved into Mega Tyranitar!
|move|p1a: Tyranitar|Dragon Dance|p1a: Tyranitar
|-boost|p1a: Tyranitar|atk|1
|-boost|p1a: Tyranitar|spe|1
|
|-weather|Sandstorm|[upkeep]
|-damage|p2a: Mew|379\/404|[from] sandstorm
|-heal|p2a: Mew|404\/404|[from] item: Leftovers
|turn|7
|
|move|p1a: Tyranitar|Crunch|p2a: Mew
|-supereffective|p2a: Mew
|-damage|p2a: Mew|54\/404
|move|p2a: Mew|Will-O-Wisp|p1a: Tyranitar
|-status|p1a: Tyranitar|brn
|
|-weather|Sandstorm|[upkeep]
|-damage|p2a: Mew|29\/404|[from] sandstorm
|-heal|p2a: Mew|54\/404|[from] item: Leftovers
|-damage|p1a: Tyranitar|300\/342 brn|[from] brn
|turn|8
|
|switch|p2a: Rhyperior|Rhyperior, F|434\/434
|move|p1a: Tyranitar|Dragon Dance|p1a: Tyranitar
|-boost|p1a: Tyranitar|atk|1
|-boost|p1a: Tyranitar|spe|1
|
|-weather|Sandstorm|[upkeep]
|-damage|p1a: Tyranitar|258\/342 brn|[from] brn
|turn|9
|
|move|p1a: Tyranitar|Earthquake|p2a: Rhyperior
|-crit|p2a: Rhyperior
|-supereffective|p2a: Rhyperior
|-damage|p2a: Rhyperior|229\/434
|move|p2a: Rhyperior|Earthquake|p1a: Tyranitar
|-supereffective|p1a: Tyranitar
|-damage|p1a: Tyranitar|30\/342 brn
|
|-weather|Sandstorm|[upkeep]
|-heal|p2a: Rhyperior|256\/434|[from] item: Leftovers
|-damage|p1a: Tyranitar|0 fnt|[from] brn
|faint|p1a: Tyranitar
|chat|iwouldliketo|take that
|
|switch|p1a: Deoxys-Defense|Deoxys-Defense|304\/304
|-ability|p1a: Deoxys-Defense|Pressure
|turn|10
|
|switch|p2a: Mew|Mew, shiny|54\/404
|move|p1a: Deoxys-Defense|Stealth Rock|p2a: Mew
|-sidestart|p2: iwouldliketo|move: Stealth Rock
|
|-weather|none
|-heal|p2a: Mew|79\/404|[from] item: Leftovers
|turn|11
|
|move|p1a: Deoxys-Defense|Taunt|p2a: Mew
|-start|p2a: Mew|move: Taunt
|cant|p2a: Mew|move: Taunt|Soft-Boiled
|
|-heal|p2a: Mew|104\/404|[from] item: Leftovers
|turn|12
|
|move|p1a: Deoxys-Defense|Spikes|p2a: Mew
|-sidestart|p2: iwouldliketo|Spikes
|move|p2a: Mew|Psychic|p1a: Deoxys-Defense
|-crit|p1a: Deoxys-Defense
|-resisted|p1a: Deoxys-Defense
|-damage|p1a: Deoxys-Defense|252\/304
|-enditem|p1a: Deoxys-Defense|Red Card|[of] p2a: Mew
|drag|p2a: Rhyperior|Rhyperior, F|256\/434
|-damage|p2a: Rhyperior|202\/434|[from] Spikes
|-damage|p2a: Rhyperior|175\/434|[from] Stealth Rock
|
|-heal|p2a: Rhyperior|202\/434|[from] item: Leftovers
|turn|13
|
|move|p1a: Deoxys-Defense|Spikes|p2a: Rhyperior
|-sidestart|p2: iwouldliketo|Spikes
|move|p2a: Rhyperior|Stealth Rock|p1a: Deoxys-Defense
|-sidestart|p1: noggah|move: Stealth Rock
|
|-heal|p2a: Rhyperior|229\/434|[from] item: Leftovers
|turn|14
|
|move|p1a: Deoxys-Defense|Spikes|p2a: Rhyperior
|-sidestart|p2: iwouldliketo|Spikes
|move|p2a: Rhyperior|Earthquake|p1a: Deoxys-Defense
|-damage|p1a: Deoxys-Defense|149\/304
|
|-heal|p2a: Rhyperior|256\/434|[from] item: Leftovers
|turn|15
|
|move|p1a: Deoxys-Defense|Taunt|p2a: Rhyperior
|-start|p2a: Rhyperior|move: Taunt
|cant|p2a: Rhyperior|move: Taunt|Toxic
|
|-heal|p2a: Rhyperior|283\/434|[from] item: Leftovers
|turn|16
|
|switch|p1a: Azumarill|Azumarill, F|403\/403
|-damage|p1a: Azumarill|353\/403|[from] Stealth Rock
|move|p2a: Rhyperior|Earthquake|p1a: Azumarill
|-damage|p1a: Azumarill|161\/403
|
|-heal|p2a: Rhyperior|310\/434|[from] item: Leftovers
|turn|17
|
|move|p1a: Azumarill|Waterfall|p2a: Rhyperior
|-supereffective|p2a: Rhyperior
|-damage|p2a: Rhyperior|0 fnt
|faint|p2a: Rhyperior
|
|
|switch|p2a: Latios|Latios, M|302\/302
|-damage|p2a: Latios|265\/302|[from] Stealth Rock
|turn|18
|
|move|p2a: Latios|Psyshock|p1a: Azumarill
|-damage|p1a: Azumarill|0 fnt
|-damage|p2a: Latios|235\/302|[from] item: Life Orb
|faint|p1a: Azumarill
|
|
|switch|p1a: Bisharp|Bisharp, F|305\/305
|-damage|p1a: Bisharp|286\/305|[from] Stealth Rock
|turn|19
|
|move|p2a: Latios|Surf|p1a: Bisharp
|-damage|p1a: Bisharp|96\/305
|-damage|p2a: Latios|205\/302|[from] item: Life Orb
|move|p1a: Bisharp|Knock Off|p2a: Latios
|-supereffective|p2a: Latios
|-damage|p2a: Latios|0 fnt
|faint|p2a: Latios
|
|-heal|p1a: Bisharp|115\/305|[from] item: Leftovers
|
|switch|p2a: Thundurus|Thundurus, M|98\/300
|-damage|p2a: Thundurus|23\/300|[from] Stealth Rock
|turn|20
|
|move|p2a: Thundurus|Thunder Wave|p1a: Bisharp
|-status|p1a: Bisharp|par
|move|p1a: Bisharp|Knock Off|p2a: Thundurus
|-damage|p2a: Thundurus|0 fnt
|faint|p2a: Thundurus
|
|-heal|p1a: Bisharp|134\/305 par|[from] item: Leftovers
|
|switch|p2a: Charizard|Charizard, M|298\/298
|-damage|p2a: Charizard|149\/298|[from] Stealth Rock
|turn|21
|
|-formechange|p2a: Charizard|Charizard-Mega-Y
|message|Charizard has Mega Evolved into Mega Charizard!
|-weather|SunnyDay
|move|p2a: Charizard|Roost|p2a: Charizard
|-heal|p2a: Charizard|298\/298
|move|p1a: Bisharp|Knock Off|p2a: Charizard
|-damage|p2a: Charizard|141\/298
|
|-weather|SunnyDay|[upkeep]
|-heal|p1a: Bisharp|153\/305 par|[from] item: Leftovers
|turn|22
|
|switch|p1a: Deoxys-Defense|Deoxys-Defense|149\/304
|-damage|p1a: Deoxys-Defense|111\/304|[from] Stealth Rock
|-ability|p1a: Deoxys-Defense|Pressure
|move|p2a: Charizard|Roost|p2a: Charizard
|-heal|p2a: Charizard|290\/298
|
|-weather|SunnyDay|[upkeep]
|turn|23
|
|move|p2a: Charizard|Fire Blast|p1a: Deoxys-Defense|[miss]
|-miss|p2a: Charizard|p1a: Deoxys-Defense
|move|p1a: Deoxys-Defense|Thunder Wave|p2a: Charizard
|-status|p2a: Charizard|par
|
|-weather|SunnyDay|[upkeep]
|turn|24
|chat|iwouldliketo|ur such a fucking lucksack
|
|move|p1a: Deoxys-Defense|Taunt|p2a: Charizard
|-start|p2a: Charizard|move: Taunt
|cant|p2a: Charizard|par
|
|-weather|SunnyDay|[upkeep]
|turn|25
|
|switch|p1a: Bisharp|Bisharp, F|153\/305 par
|-damage|p1a: Bisharp|134\/305 par|[from] Stealth Rock
|cant|p2a: Charizard|par
|
|-weather|none
|-heal|p1a: Bisharp|153\/305 par|[from] item: Leftovers
|turn|26
|
|cant|p1a: Bisharp|par
|move|p2a: Charizard|Fire Blast|p1a: Bisharp
|-supereffective|p1a: Bisharp
|-damage|p1a: Bisharp|0 fnt
|faint|p1a: Bisharp
|
|-end|p2a: Charizard|move: Taunt
|chat|iwouldliketo|omg r u fucking srs
|
|switch|p1a: Thundurus|Thundurus, M|299\/299
|-damage|p1a: Thundurus|225\/299|[from] Stealth Rock
|turn|27
|
|move|p1a: Thundurus|Thunderbolt|p2a: Charizard
|-supereffective|p2a: Charizard
|-damage|p2a: Charizard|0 fnt
|-damage|p1a: Thundurus|196\/299|[from] item: Life Orb
|faint|p2a: Charizard
|
|
|switch|p2a: Blissey|Blissey, F|714\/714
|-damage|p2a: Blissey|625\/714|[from] Stealth Rock
|-damage|p2a: Blissey|447\/714|[from] Spikes
|turn|28
|
|move|p1a: Thundurus|Superpower|p2a: Blissey
|-supereffective|p2a: Blissey
|-damage|p2a: Blissey|0 fnt
|-unboost|p1a: Thundurus|atk|1
|-unboost|p1a: Thundurus|def|1
|-damage|p1a: Thundurus|167\/299|[from] item: Life Orb
|faint|p2a: Blissey
|
|chat|iwouldliketo|....
|chat|noggah|huehuehue
|chat|noggah|HAHAHA
|chat|noggah|:D
|chat|iwouldliketo|so fucking random 
|chat|iwouldliketo|ur garbage
|-message|iwouldliketo forfeited.
|
|win|noggah
|raw|Ladder updating...
|leave|iwouldliketo
|player|p2
|raw|noggah's rating: 1485 &rarr; <strong>1503<\/strong><br \/>(+18 for winning)
|raw|iwouldliketo's rating: 1458 &rarr; <strong>1439<\/strong><br \/>(-19 for losing)