|join|Rioji
|join|noggah
|player|p1|Rioji|274
|player|p2|noggah|101
|gametype|singles
|gen|6
|tier|OU
|rated
|clearpoke
|poke|p1|Suicune, shiny
|poke|p1|Latios, M
|poke|p1|Excadrill, F
|poke|p1|Ditto
|poke|p1|Pinsir, M
|poke|p1|Virizion
|poke|p2|Azumarill, M
|poke|p2|Deoxys-Defense
|poke|p2|Gardevoir, M
|poke|p2|Garchomp, M
|poke|p2|Bisharp, M
|poke|p2|Aegislash, F, shiny
|rule|Sleep Clause Mod: Limit one foe put to sleep
|rule|Species Clause: Limit one of each Pokemon
|rule|OHKO Clause: OHKO moves are banned
|rule|Moody Clause: Moody is banned
|rule|Evasion Moves Clause: Evasion moves are banned
|rule|Endless Battle Clause: Forcing endless battles is banned.
|rule|HP Percentage Mod: HP is reported as percentages
|teampreview
|
|start
|switch|p1a: Excadrill|Excadrill, F|362\/362
|switch|p2a: Deoxys-Defense|Deoxys-Defense|304\/304
|-ability|p2a: Deoxys-Defense|Pressure
|-ability|p1a: Excadrill|Mold Breaker
|-item|p1a: Excadrill|Air Balloon
|turn|1
|
|move|p2a: Deoxys-Defense|Stealth Rock|p1a: Excadrill
|-sidestart|p1: Rioji|move: Stealth Rock
|move|p1a: Excadrill|Stealth Rock|p2a: Deoxys-Defense
|-sidestart|p2: noggah|move: Stealth Rock
|
|turn|2
|
|move|p2a: Deoxys-Defense|Spikes|p1a: Excadrill
|-sidestart|p1: Rioji|Spikes
|move|p1a: Excadrill|Earthquake|p2a: Deoxys-Defense
|-damage|p2a: Deoxys-Defense|192\/304
|-enditem|p2a: Deoxys-Defense|Red Card|[of] p1a: Excadrill
|drag|p1a: Suicune|Suicune, shiny|404\/404
|-damage|p1a: Suicune|354\/404|[from] Stealth Rock
|-damage|p1a: Suicune|304\/404|[from] Spikes
|-ability|p1a: Suicune|Pressure
|
|-heal|p1a: Suicune|329\/404|[from] item: Leftovers
|turn|3
|
|move|p2a: Deoxys-Defense|Thunder Wave|p1a: Suicune
|-status|p1a: Suicune|par
|move|p1a: Suicune|Scald|p2a: Deoxys-Defense
|-damage|p2a: Deoxys-Defense|122\/304
|-status|p2a: Deoxys-Defense|brn
|
|-heal|p1a: Suicune|354\/404 par|[from] item: Leftovers
|-damage|p2a: Deoxys-Defense|84\/304 brn|[from] brn
|turn|4
|
|switch|p1a: Excadrill|Excadrill, F|362\/362
|-damage|p1a: Excadrill|351\/362|[from] Stealth Rock
|-ability|p1a: Excadrill|Mold Breaker
|-item|p1a: Excadrill|Air Balloon
|move|p2a: Deoxys-Defense|Spikes|p1a: Excadrill
|-sidestart|p1: Rioji|Spikes
|
|-damage|p2a: Deoxys-Defense|46\/304 brn|[from] brn
|turn|5
|
|switch|p2a: Aegislash|Aegislash, F, shiny|261\/261
|-damage|p2a: Aegislash|245\/261|[from] Stealth Rock
|move|p1a: Excadrill|Rapid Spin|p2a: Aegislash
|-immune|p2a: Aegislash|[msg]
|
|turn|6
|
|move|p1a: Excadrill|Earthquake|p2a: Aegislash
|-supereffective|p2a: Aegislash
|-damage|p2a: Aegislash|0 fnt
|faint|p2a: Aegislash
|
|
|switch|p2a: Gardevoir|Gardevoir, M|278\/278
|-damage|p2a: Gardevoir|244\/278|[from] Stealth Rock
|turn|7
|
|-formechange|p2a: Gardevoir|Gardevoir-Mega
|message|Gardevoir has Mega Evolved into Mega Gardevoir!
|move|p1a: Excadrill|Rapid Spin|p2a: Gardevoir
|-damage|p2a: Gardevoir|206\/278
|-sideend|p1: Rioji|Spikes|[from] move: Rapid Spin|[of] p1a: Excadrill
|-sideend|p1: Rioji|Stealth Rock|[from] move: Rapid Spin|[of] p1a: Excadrill
|move|p2a: Gardevoir|Focus Blast|p1a: Excadrill
|-supereffective|p1a: Excadrill
|-damage|p1a: Excadrill|0 fnt
|-enditem|p1a: Excadrill|Air Balloon
|faint|p1a: Excadrill
|
|
|switch|p1a: Pinsir|Pinsir, M|272\/272
|turn|8
|
|switch|p2a: Deoxys-Defense|Deoxys-Defense|46\/304 brn
|-damage|p2a: Deoxys-Defense|8\/304 brn|[from] Stealth Rock
|-ability|p2a: Deoxys-Defense|Pressure
|-formechange|p1a: Pinsir|Pinsir-Mega
|message|Pinsir has Mega Evolved into Mega Pinsir!
|move|p1a: Pinsir|Return|p2a: Deoxys-Defense
|-damage|p2a: Deoxys-Defense|0 fnt
|faint|p2a: Deoxys-Defense
|
|
|switch|p2a: Azumarill|Azumarill, M|404\/404
|-damage|p2a: Azumarill|354\/404|[from] Stealth Rock
|turn|9
|
|move|p1a: Pinsir|Return|p2a: Azumarill
|-damage|p2a: Azumarill|2\/404
|move|p2a: Azumarill|Knock Off|p1a: Pinsir
|-damage|p1a: Pinsir|188\/272
|
|turn|10
|
|move|p1a: Pinsir|Quick Attack|p2a: Azumarill
|-damage|p2a: Azumarill|0 fnt
|faint|p2a: Azumarill
|
|
|switch|p2a: Garchomp|Garchomp, M|358\/358
|-damage|p2a: Garchomp|336\/358|[from] Stealth Rock
|turn|11
|
|move|p2a: Garchomp|Outrage|p1a: Pinsir
|-crit|p1a: Pinsir
|-damage|p1a: Pinsir|0 fnt
|faint|p1a: Pinsir
|
|
|switch|p1a: Ditto|Ditto|300\/300
|-transform|p1a: Ditto|p2a: Garchomp
|turn|12
|
|switch|p1a: Suicune|Suicune, shiny|354\/404 par
|-ability|p1a: Suicune|Pressure
|move|p2a: Garchomp|Outrage|p1a: Suicune
|-damage|p1a: Suicune|197\/404 par
|
|-end|p2a: Garchomp|rampage
|-start|p2a: Garchomp|confusion
|-heal|p1a: Suicune|222\/404 par|[from] item: Leftovers
|turn|13
|
|switch|p2a: Bisharp|Bisharp, M|307\/307
|-damage|p2a: Bisharp|288\/307|[from] Stealth Rock
|move|p1a: Suicune|Rest|p1a: Suicune
|-status|p1a: Suicune|slp
|-heal|p1a: Suicune|404\/404 slp|[silent]
|-status|p1a: Suicune|slp|[from] move: Rest
|
|turn|14
|
|cant|p1a: Suicune|slp
|move|p2a: Bisharp|Iron Head|p1a: Suicune
|-resisted|p1a: Suicune
|-damage|p1a: Suicune|338\/404 slp
|-damage|p2a: Bisharp|258\/307|[from] item: Life Orb
|
|-heal|p1a: Suicune|363\/404 slp|[from] item: Leftovers
|turn|15
|
|cant|p1a: Suicune|slp
|move|p1a: Suicune|Sleep Talk|p1a: Suicune
|move|p1a: Suicune|Rest|p1a: Suicune|[from]Sleep Talk
|-fail|p1a: Suicune
|move|p2a: Bisharp|Knock Off|p1a: Suicune
|-damage|p1a: Suicune|206\/404 slp
|-enditem|p1a: Suicune|Leftovers|[from] move: Knock Off|[of] p2a: Bisharp
|-damage|p2a: Bisharp|228\/307|[from] item: Life Orb
|
|turn|16
|
|-curestatus|p1a: Suicune|slp
|move|p1a: Suicune|Rest|p1a: Suicune
|-status|p1a: Suicune|slp
|-heal|p1a: Suicune|404\/404 slp|[silent]
|-status|p1a: Suicune|slp|[from] move: Rest
|move|p2a: Bisharp|Knock Off|p1a: Suicune
|-damage|p1a: Suicune|290\/404 slp
|-damage|p2a: Bisharp|198\/307|[from] item: Life Orb
|
|turn|17
|
|cant|p1a: Suicune|slp
|move|p1a: Suicune|Sleep Talk|p1a: Suicune
|move|p1a: Suicune|Scald|p2a: Bisharp|[from]Sleep Talk
|-crit|p2a: Bisharp
|-damage|p2a: Bisharp|9\/307
|move|p2a: Bisharp|Stealth Rock|p1a: Suicune
|-sidestart|p1: Rioji|move: Stealth Rock
|
|turn|18
|
|cant|p1a: Suicune|slp
|move|p1a: Suicune|Sleep Talk|p1a: Suicune
|move|p1a: Suicune|Scald|p2a: Bisharp|[from]Sleep Talk
|-damage|p2a: Bisharp|0 fnt
|faint|p2a: Bisharp
|
|
|switch|p2a: Gardevoir|Gardevoir, M|206\/278
|-formechange|p2a: Gardevoir|Gardevoir-Mega
|-damage|p2a: Gardevoir|172\/278|[from] Stealth Rock
|turn|19
|
|move|p2a: Gardevoir|Hyper Voice|p1a: Suicune
|-damage|p1a: Suicune|76\/404 slp
|-curestatus|p1a: Suicune|slp
|move|p1a: Suicune|Sleep Talk|p1a: Suicune
|-fail|p1a: Suicune
|
|turn|20
|
|move|p2a: Gardevoir|Hyper Voice|p1a: Suicune
|-damage|p1a: Suicune|0 fnt
|faint|p1a: Suicune
|
|
|switch|p1a: Ditto|Ditto|300\/300
|-damage|p1a: Ditto|263\/300|[from] Stealth Rock
|-transform|p1a: Ditto|p2a: Gardevoir
|turn|21
|
|move|p1a: Ditto|Shadow Ball|p2a: Gardevoir
|-supereffective|p2a: Gardevoir
|-damage|p2a: Gardevoir|0 fnt
|faint|p2a: Gardevoir
|
|
|switch|p2a: Garchomp|Garchomp, M|336\/358
|-damage|p2a: Garchomp|314\/358|[from] Stealth Rock
|turn|22
|
|switch|p1a: Virizion|Virizion|323\/323
|-damage|p1a: Virizion|303\/323|[from] Stealth Rock
|move|p2a: Garchomp|Outrage|p1a: Virizion
|-damage|p1a: Virizion|0 fnt
|faint|p1a: Virizion
|
|
|switch|p1a: Ditto|Ditto|263\/300
|-damage|p1a: Ditto|226\/300|[from] Stealth Rock
|-transform|p1a: Ditto|p2a: Garchomp
|turn|23
|
|move|p2a: Garchomp|Outrage|p1a: Ditto
|-supereffective|p1a: Ditto
|-damage|p1a: Ditto|0 fnt
|faint|p1a: Ditto
|
|
|switch|p1a: Latios|Latios, M|302\/302
|-damage|p1a: Latios|265\/302|[from] Stealth Rock
|turn|24
|
|move|p2a: Garchomp|Outrage|p1a: Latios
|-supereffective|p1a: Latios
|-damage|p1a: Latios|0 fnt
|faint|p1a: Latios
|
|win|noggah
|raw|Ladder updating...
|raw|Rioji's rating: 1625 &rarr; <strong>1604<\/strong><br \/>(-21 for losing)
|raw|noggah's rating: 1607 &rarr; <strong>1628<\/strong><br \/>(+21 for winning)
|chat|noggah|lel
|chat|Rioji|gg
|chat|noggah|gg
|chat|Rioji|scarfed?
|chat|noggah|sure
|chat|Rioji|i figured 
|chat|noggah|max atk
|chat|noggah|scarf
|chat|Rioji|;pl ol
|chat|Rioji|nice
|chat|noggah|thats why your grass type
|chat|noggah|was ohko
|chat|noggah|damant
|chat|noggah|adamant
|chat|noggah|gg
|chat|noggah|wp