|join|Naxoris
|join|noggah
|player|p1|Naxoris|169
|player|p2|noggah|283
|gametype|singles
|gen|6
|tier|OU
|rated
|clearpoke
|poke|p1|Venusaur, M
|poke|p1|Gliscor, F
|poke|p1|Togekiss, M
|poke|p1|Blissey, F
|poke|p1|Landorus-Therian, M
|poke|p1|Excadrill, F
|poke|p2|Landorus-Therian, M
|poke|p2|Tyranitar, M
|poke|p2|Aegislash, M, shiny
|poke|p2|Keldeo
|poke|p2|Conkeldurr, M
|poke|p2|Thundurus, M, shiny
|rule|Sleep Clause Mod: Limit one foe put to sleep
|rule|Species Clause: Limit one of each Pokemon
|rule|OHKO Clause: OHKO moves are banned
|rule|Moody Clause: Moody is banned
|rule|Evasion Moves Clause: Evasion moves are banned
|rule|Endless Battle Clause: Forcing endless battles is banned.
|rule|HP Percentage Mod: HP is reported as percentages
|teampreview
|
|start
|switch|p1a: Gliscor|Gliscor, F|354\/354
|switch|p2a: O_O|Thundurus, M, shiny|299\/299
|turn|1
|
|move|p1a: Gliscor|Protect|p1a: Gliscor
|-singleturn|p1a: Gliscor|Protect
|move|p2a: O_O|Thunder Wave|p1a: Gliscor
|-immune|p1a: Gliscor|[msg]
|
|-status|p1a: Gliscor|tox|[from] item: Toxic Orb
|turn|2
|
|move|p2a: O_O|Hidden Power|p1a: Gliscor
|-supereffective|p1a: Gliscor
|-damage|p1a: Gliscor|70\/354 tox
|move|p1a: Gliscor|Taunt|p2a: O_O
|-start|p2a: O_O|move: Taunt
|
|-heal|p1a: Gliscor|114\/354 tox|[from] ability: Poison Heal
|turn|3
|
|move|p1a: Gliscor|Protect|p1a: Gliscor
|-singleturn|p1a: Gliscor|Protect
|move|p2a: O_O|Hidden Power|p1a: Gliscor
|-activate|p1a: Gliscor|Protect
|
|-heal|p1a: Gliscor|158\/354 tox|[from] ability: Poison Heal
|turn|4
|
|switch|p1a: Blissey|Blissey, F|714\/714
|move|p2a: O_O|Hidden Power|p1a: Blissey
|-damage|p1a: Blissey|665\/714
|
|-heal|p1a: Blissey|709\/714|[from] item: Leftovers
|turn|5
|
|move|p2a: O_O|Volt Switch|p1a: Blissey
|-damage|p1a: Blissey|627\/714
|
|switch|p2a: O_O|Conkeldurr, M|351\/351
|move|p1a: Blissey|Toxic|p2a: O_O
|-status|p2a: O_O|tox
|
|-heal|p1a: Blissey|671\/714|[from] item: Leftovers
|-damage|p2a: O_O|330\/351 tox|[from] psn
|turn|6
|
|switch|p1a: Landorus-Therian|Landorus-Therian, M|382\/382
|-ability|p1a: Landorus-Therian|Intimidate|[of] p2a: O_O
|-unboost|p2a: O_O|atk|1
|move|p2a: O_O|Ice Punch|p1a: Landorus-Therian
|-supereffective|p1a: Landorus-Therian
|-damage|p1a: Landorus-Therian|0 fnt
|-damage|p2a: O_O|272\/351 tox|[from] item: Rocky Helmet|[of] p1a: Landorus-Therian
|faint|p1a: Landorus-Therian
|
|-damage|p2a: O_O|230\/351 tox|[from] psn
|
|switch|p1a: Venusaur|Venusaur, M|364\/364
|turn|7
|
|-formechange|p1a: Venusaur|Venusaur-Mega
|message|Venusaur has Mega Evolved into Mega Venusaur!
|move|p1a: Venusaur|Leech Seed|p2a: O_O
|-start|p2a: O_O|move: Leech Seed
|move|p2a: O_O|Ice Punch|p1a: Venusaur
|-supereffective|p1a: Venusaur
|-damage|p1a: Venusaur|276\/364
|
|-damage|p2a: O_O|187\/351 tox|[from] Leech Seed|[of] p1a: Venusaur
|-heal|p1a: Venusaur|319\/364|[silent]
|-damage|p2a: O_O|124\/351 tox|[from] psn
|turn|8
|chat|noggah|O_O
|chat|noggah|i have guts
|chat|Naxoris|I lose the ice weakness :)
|chat|Naxoris|on mega 
|chat|noggah|ah
|
|switch|p2a: O_O|Thundurus, M, shiny|299\/299
|move|p1a: Venusaur|Synthesis|p1a: Venusaur
|-heal|p1a: Venusaur|364\/364
|
|turn|9
|chat|noggah|that makes sense
|
|switch|p1a: Gliscor|Gliscor, F|158\/354 tox
|move|p2a: O_O|Thunder Wave|p1a: Gliscor
|-immune|p1a: Gliscor|[msg]
|
|-heal|p1a: Gliscor|202\/354 tox|[from] ability: Poison Heal
|turn|10
|
|move|p1a: Gliscor|Protect|p1a: Gliscor
|-singleturn|p1a: Gliscor|Protect
|move|p2a: O_O|Hidden Power|p1a: Gliscor
|-activate|p1a: Gliscor|Protect
|
|-heal|p1a: Gliscor|246\/354 tox|[from] ability: Poison Heal
|turn|11
|chat|Naxoris|yeah
|
|switch|p1a: Blissey|Blissey, F|671\/714
|move|p2a: O_O|Hidden Power|p1a: Blissey
|-damage|p1a: Blissey|623\/714
|
|-heal|p1a: Blissey|667\/714|[from] item: Leftovers
|turn|12
|
|move|p2a: O_O|Thunder Wave|p1a: Blissey
|-status|p1a: Blissey|par
|cant|p1a: Blissey|par
|
|-heal|p1a: Blissey|711\/714 par|[from] item: Leftovers
|turn|13
|
|move|p2a: O_O|Volt Switch|p1a: Blissey
|-damage|p1a: Blissey|639\/714 par
|
|switch|p2a: O_O|Conkeldurr, M|124\/351 tox
|move|p1a: Blissey|Toxic|p2a: O_O
|-fail|p2a: O_O|tox
|
|-heal|p1a: Blissey|683\/714 par|[from] item: Leftovers
|-damage|p2a: O_O|103\/351 tox|[from] psn
|turn|14
|
|switch|p1a: Venusaur|Venusaur, M|364\/364
|-formechange|p1a: Venusaur|Venusaur-Mega
|move|p2a: O_O|Knock Off|p1a: Venusaur
|-damage|p1a: Venusaur|246\/364
|
|-damage|p2a: O_O|61\/351 tox|[from] psn
|turn|15
|
|move|p1a: Venusaur|Leech Seed|p2a: O_O
|-start|p2a: O_O|move: Leech Seed
|move|p2a: O_O|Drain Punch|p1a: Venusaur
|-resisted|p1a: Venusaur
|-damage|p1a: Venusaur|150\/364
|-heal|p2a: O_O|109\/351 tox|[from] drain|[of] p1a: Venusaur
|
|-damage|p2a: O_O|66\/351 tox|[from] Leech Seed|[of] p1a: Venusaur
|-heal|p1a: Venusaur|193\/364|[silent]
|-damage|p2a: O_O|3\/351 tox|[from] psn
|turn|16
|
|move|p1a: Venusaur|Synthesis|p1a: Venusaur
|-heal|p1a: Venusaur|364\/364
|move|p2a: O_O|Knock Off|p1a: Venusaur
|-damage|p1a: Venusaur|250\/364
|
|-damage|p2a: O_O|0 fnt|[from] Leech Seed|[of] p1a: Venusaur
|-heal|p1a: Venusaur|253\/364|[silent]
|faint|p2a: O_O
|
|switch|p2a: O_O|Landorus-Therian, M|370\/370
|-ability|p2a: O_O|Intimidate|[of] p1a: Venusaur
|-unboost|p1a: Venusaur|atk|1
|turn|17
|
|move|p1a: Venusaur|Sleep Powder|p2a: O_O|[miss]
|-miss|p1a: Venusaur|p2a: O_O
|move|p2a: O_O|Stealth Rock|p1a: Venusaur
|-sidestart|p1: Naxoris|move: Stealth Rock
|
|turn|18
|
|move|p1a: Venusaur|Sleep Powder|p2a: O_O
|-status|p2a: O_O|slp
|cant|p2a: O_O|slp
|
|turn|19
|
|switch|p2a: O_O|Thundurus, M, shiny|299\/299
|move|p1a: Venusaur|Leech Seed|p2a: O_O
|-start|p2a: O_O|move: Leech Seed
|
|-damage|p2a: O_O|262\/299|[from] Leech Seed|[of] p1a: Venusaur
|-heal|p1a: Venusaur|290\/364|[silent]
|turn|20
|
|move|p2a: O_O|Hidden Power|p1a: Venusaur
|-supereffective|p1a: Venusaur
|-damage|p1a: Venusaur|242\/364
|move|p1a: Venusaur|Sludge Bomb|p2a: O_O
|-damage|p2a: O_O|79\/299
|
|-heal|p2a: O_O|97\/299|[from] item: Leftovers
|-damage|p2a: O_O|60\/299|[from] Leech Seed|[of] p1a: Venusaur
|-heal|p1a: Venusaur|279\/364|[silent]
|turn|21
|
|move|p2a: O_O|Hidden Power|p1a: Venusaur
|-supereffective|p1a: Venusaur
|-damage|p1a: Venusaur|231\/364
|move|p1a: Venusaur|Sludge Bomb|p2a: O_O
|-damage|p2a: O_O|0 fnt
|faint|p2a: O_O
|
|
|switch|p2a: O_O|Aegislash, M, shiny|269\/269
|turn|22
|
|move|p1a: Venusaur|Leech Seed|p2a: O_O
|-start|p2a: O_O|move: Leech Seed
|-formechange|p2a: O_O|Aegislash-Blade
|move|p2a: O_O|Shadow Ball|p1a: Venusaur
|-damage|p1a: Venusaur|32\/364
|-damage|p2a: O_O|243\/269|[from] item: Life Orb
|
|-damage|p2a: O_O|210\/269|[from] Leech Seed|[of] p1a: Venusaur
|-heal|p1a: Venusaur|65\/364|[silent]
|turn|23
|chat|Naxoris|I cansustain you
|
|move|p1a: Venusaur|Synthesis|p1a: Venusaur
|-heal|p1a: Venusaur|247\/364
|move|p2a: O_O|Shadow Ball|p1a: Venusaur
|-damage|p1a: Venusaur|36\/364
|-damage|p2a: O_O|184\/269|[from] item: Life Orb
|
|-damage|p2a: O_O|151\/269|[from] Leech Seed|[of] p1a: Venusaur
|-heal|p1a: Venusaur|69\/364|[silent]
|turn|24
|chat|noggah|god i hate that thing
|
|move|p2a: O_O|Shadow Sneak|p1a: Venusaur
|-damage|p1a: Venusaur|0 fnt
|-damage|p2a: O_O|125\/269|[from] item: Life Orb
|faint|p1a: Venusaur
|
|chat|noggah|<3 <3 <3
|chat|noggah|die moterfucke
|chat|noggah|;3
|chat|Naxoris|think 15% shadow :(
|chat|noggah|LO
|
|switch|p1a: Togekiss|Togekiss, M|374\/374
|-damage|p1a: Togekiss|281\/374|[from] Stealth Rock
|turn|25
|chat|Naxoris|yeah
|
|move|p2a: O_O|Shadow Sneak|p1a: Togekiss
|-damage|p1a: Togekiss|180\/374
|-damage|p2a: O_O|99\/269|[from] item: Life Orb
|move|p1a: Togekiss|Thunder Wave|p2a: O_O
|-status|p2a: O_O|par
|
|-heal|p1a: Togekiss|203\/374|[from] item: Leftovers
|-damage|p2a: O_O|66\/269 par|[from] Leech Seed|[of] p1a: Togekiss
|-heal|p1a: Togekiss|236\/374|[silent]
|turn|26
|chat|Naxoris|gyroball or not ? ...
|chat|Naxoris|I think yes
|
|move|p1a: Togekiss|Flamethrower|p2a: O_O
|-supereffective|p2a: O_O
|-damage|p2a: O_O|0 fnt
|faint|p2a: O_O
|
|-heal|p1a: Togekiss|259\/374|[from] item: Leftovers
|chat|noggah|nah
|
|switch|p2a: O_O|Tyranitar, M|342\/342
|-weather|Sandstorm
|turn|27
|
|-formechange|p2a: O_O|Tyranitar-Mega
|message|Tyranitar has Mega Evolved into Mega Tyranitar!
|move|p2a: O_O|Dragon Dance|p2a: O_O
|-boost|p2a: O_O|atk|1
|-boost|p2a: O_O|spe|1
|move|p1a: Togekiss|Thunder Wave|p2a: O_O
|-status|p2a: O_O|par
|
|-weather|Sandstorm|[upkeep]
|-damage|p1a: Togekiss|236\/374|[from] sandstorm
|-heal|p1a: Togekiss|259\/374|[from] item: Leftovers
|turn|28
|
|move|p1a: Togekiss|Air Slash|p2a: O_O
|-resisted|p2a: O_O
|-damage|p2a: O_O|301\/342 par
|cant|p2a: O_O|flinch
|
|-weather|Sandstorm|[upkeep]
|-damage|p1a: Togekiss|236\/374|[from] sandstorm
|-heal|p1a: Togekiss|259\/374|[from] item: Leftovers
|turn|29
|chat|Naxoris|Haxx more
|
|move|p1a: Togekiss|Nasty Plot|p1a: Togekiss
|-boost|p1a: Togekiss|spa|2
|cant|p2a: O_O|par
|
|-weather|Sandstorm|[upkeep]
|-damage|p1a: Togekiss|236\/374|[from] sandstorm
|-heal|p1a: Togekiss|259\/374|[from] item: Leftovers
|turn|30
|
|move|p1a: Togekiss|Air Slash|p2a: O_O
|-resisted|p2a: O_O
|-damage|p2a: O_O|220\/342 par
|move|p2a: O_O|Stone Edge|p1a: Togekiss
|-supereffective|p1a: Togekiss
|-damage|p1a: Togekiss|0 fnt
|faint|p1a: Togekiss
|
|-weather|Sandstorm|[upkeep]
|
|switch|p1a: Gliscor|Gliscor, F|246\/354 tox
|-damage|p1a: Gliscor|202\/354 tox|[from] Stealth Rock
|turn|31
|
|move|p1a: Gliscor|Substitute|p1a: Gliscor
|-start|p1a: Gliscor|Substitute
|-damage|p1a: Gliscor|114\/354 tox
|cant|p2a: O_O|par
|
|-weather|none
|-heal|p1a: Gliscor|158\/354 tox|[from] ability: Poison Heal
|turn|32
|
|move|p1a: Gliscor|Taunt|p2a: O_O
|-start|p2a: O_O|move: Taunt
|cant|p2a: O_O|par
|
|-heal|p1a: Gliscor|202\/354 tox|[from] ability: Poison Heal
|turn|33
|
|switch|p2a: O_O|Landorus-Therian, M|370\/370 slp
|-activate|p1a: Gliscor|Substitute|ability: Intimidate|[of] p2a: O_O
|move|p1a: Gliscor|Protect|p1a: Gliscor
|-fail|p1a: Gliscor
|
|-heal|p1a: Gliscor|246\/354 tox|[from] ability: Poison Heal
|turn|34
|chat|Naxoris|switch on sub ... bad idea
|
|move|p1a: Gliscor|Toxic|p2a: O_O
|-fail|p2a: O_O
|cant|p2a: O_O|slp
|
|-heal|p1a: Gliscor|290\/354 tox|[from] ability: Poison Heal
|turn|35
|
|move|p1a: Gliscor|Toxic|p2a: O_O
|-fail|p2a: O_O
|-curestatus|p2a: O_O|slp
|move|p2a: O_O|Stone Edge|p1a: Gliscor
|-end|p1a: Gliscor|Substitute
|
|-heal|p1a: Gliscor|334\/354 tox|[from] ability: Poison Heal
|turn|36
|
|move|p1a: Gliscor|Toxic|p2a: O_O
|-status|p2a: O_O|tox
|move|p2a: O_O|U-turn|p1a: Gliscor
|-resisted|p1a: Gliscor
|-damage|p1a: Gliscor|299\/354 tox
|
|switch|p2a: O_O|Keldeo|323\/323
|
|-heal|p1a: Gliscor|343\/354 tox|[from] ability: Poison Heal
|turn|37
|
|move|p1a: Gliscor|Protect|p1a: Gliscor
|-singleturn|p1a: Gliscor|Protect
|move|p2a: O_O|Scald|p1a: Gliscor
|-activate|p1a: Gliscor|Protect
|
|-heal|p1a: Gliscor|354\/354 tox|[from] ability: Poison Heal
|turn|38
|
|switch|p1a: Blissey|Blissey, F|683\/714
|-damage|p1a: Blissey|594\/714|[from] Stealth Rock
|move|p2a: O_O|Scald|p1a: Blissey
|-damage|p1a: Blissey|483\/714
|-status|p1a: Blissey|brn
|
|-heal|p1a: Blissey|527\/714 brn|[from] item: Leftovers
|-damage|p1a: Blissey|438\/714 brn|[from] brn
|turn|39
|
|switch|p2a: O_O|Landorus-Therian, M|370\/370 tox
|-ability|p2a: O_O|Intimidate|[of] p1a: Blissey
|-unboost|p1a: Blissey|atk|1
|move|p1a: Blissey|Toxic|p2a: O_O
|-fail|p2a: O_O|tox
|
|-heal|p1a: Blissey|482\/714 brn|[from] item: Leftovers
|-damage|p2a: O_O|347\/370 tox|[from] psn
|-damage|p1a: Blissey|393\/714 brn|[from] brn
|turn|40
|
|switch|p1a: Excadrill|Excadrill, F|424\/424
|-damage|p1a: Excadrill|411\/424|[from] Stealth Rock
|-ability|p1a: Excadrill|Mold Breaker
|move|p2a: O_O|U-turn|p1a: Excadrill
|-resisted|p1a: Excadrill
|-damage|p1a: Excadrill|343\/424
|
|switch|p2a: O_O|Keldeo|323\/323
|
|turn|41
|
|move|p2a: O_O|Secret Sword|p1a: Excadrill
|-supereffective|p1a: Excadrill
|-damage|p1a: Excadrill|0 fnt
|faint|p1a: Excadrill
|
|
|switch|p1a: Gliscor|Gliscor, F|354\/354 tox
|-damage|p1a: Gliscor|310\/354 tox|[from] Stealth Rock
|turn|42
|
|switch|p2a: O_O|Landorus-Therian, M|347\/370 tox
|-ability|p2a: O_O|Intimidate|[of] p1a: Gliscor
|-unboost|p1a: Gliscor|atk|1
|move|p1a: Gliscor|Toxic|p2a: O_O
|-fail|p2a: O_O|tox
|
|-heal|p1a: Gliscor|354\/354 tox|[from] ability: Poison Heal
|-damage|p2a: O_O|324\/370 tox|[from] psn
|turn|43
|
|move|p1a: Gliscor|Substitute|p1a: Gliscor
|-start|p1a: Gliscor|Substitute
|-damage|p1a: Gliscor|266\/354 tox
|move|p2a: O_O|U-turn|p1a: Gliscor
|-resisted|p1a: Gliscor
|-activate|p1a: Gliscor|Substitute|[damage]
|
|switch|p2a: O_O|Keldeo|323\/323
|
|-heal|p1a: Gliscor|310\/354 tox|[from] ability: Poison Heal
|turn|44
|
|switch|p2a: O_O|Landorus-Therian, M|324\/370 tox
|-activate|p1a: Gliscor|Substitute|ability: Intimidate|[of] p2a: O_O
|move|p1a: Gliscor|Toxic|p2a: O_O|[miss]
|-miss|p1a: Gliscor|p2a: O_O
|
|-heal|p1a: Gliscor|354\/354 tox|[from] ability: Poison Heal
|-damage|p2a: O_O|301\/370 tox|[from] psn
|turn|45
|
|move|p1a: Gliscor|Protect|p1a: Gliscor
|-singleturn|p1a: Gliscor|Protect
|move|p2a: O_O|U-turn|p1a: Gliscor
|-activate|p1a: Gliscor|Protect
|
|-damage|p2a: O_O|255\/370 tox|[from] psn
|turn|46
|
|move|p1a: Gliscor|Toxic|p2a: O_O
|-fail|p2a: O_O|tox
|move|p2a: O_O|Stone Edge|p1a: Gliscor
|-end|p1a: Gliscor|Substitute
|
|-damage|p2a: O_O|186\/370 tox|[from] psn
|turn|47
|
|move|p1a: Gliscor|Substitute|p1a: Gliscor
|-start|p1a: Gliscor|Substitute
|-damage|p1a: Gliscor|266\/354 tox
|move|p2a: O_O|Stone Edge|p1a: Gliscor
|-end|p1a: Gliscor|Substitute
|
|-heal|p1a: Gliscor|310\/354 tox|[from] ability: Poison Heal
|-damage|p2a: O_O|94\/370 tox|[from] psn
|turn|48
|
|move|p1a: Gliscor|Substitute|p1a: Gliscor
|-start|p1a: Gliscor|Substitute
|-damage|p1a: Gliscor|222\/354 tox
|move|p2a: O_O|Stone Edge|p1a: Gliscor
|-end|p1a: Gliscor|Substitute
|
|-heal|p1a: Gliscor|266\/354 tox|[from] ability: Poison Heal
|-damage|p2a: O_O|0 fnt|[from] psn
|faint|p2a: O_O
|chat|noggah|dont miss pls
|chat|noggah|;__;
|
|switch|p2a: O_O|Keldeo|323\/323
|turn|49
|
|move|p1a: Gliscor|Protect|p1a: Gliscor
|-singleturn|p1a: Gliscor|Protect
|move|p2a: O_O|Hydro Pump|p1a: Gliscor
|-activate|p1a: Gliscor|Protect
|
|-heal|p1a: Gliscor|310\/354 tox|[from] ability: Poison Heal
|turn|50
|chat|Naxoris|dat never miss ...
|
|move|p2a: O_O|Hydro Pump|p1a: Gliscor|[miss]
|-miss|p2a: O_O|p1a: Gliscor
|move|p1a: Gliscor|Toxic|p2a: O_O
|-status|p2a: O_O|tox
|
|-damage|p2a: O_O|303\/323 tox|[from] psn
|-heal|p1a: Gliscor|354\/354 tox|[from] ability: Poison Heal
|turn|51
|chat|noggah|NOW
|chat|noggah|IT MISSES
|chat|Naxoris|yes !
|chat|noggah|NOOO
|chat|Naxoris|gg <3 
|
|move|p1a: Gliscor|Protect|p1a: Gliscor
|-singleturn|p1a: Gliscor|Protect
|move|p2a: O_O|Hydro Pump|p1a: Gliscor
|-activate|p1a: Gliscor|Protect
|
|-damage|p2a: O_O|263\/323 tox|[from] psn
|turn|52
|
|switch|p1a: Blissey|Blissey, F|393\/714
|-damage|p1a: Blissey|304\/714|[from] Stealth Rock
|move|p2a: O_O|Hydro Pump|p1a: Blissey|[miss]
|-miss|p2a: O_O|p1a: Blissey
|
|-heal|p1a: Blissey|348\/714|[from] item: Leftovers
|-damage|p2a: O_O|203\/323 tox|[from] psn
|turn|53
|chat|noggah|FUCK THAT SHIT
|
|switch|p2a: O_O|Tyranitar, M|220\/342 par
|-formechange|p2a: O_O|Tyranitar-Mega
|-weather|Sandstorm
|move|p1a: Blissey|Wish|p1a: Blissey
|
|-weather|Sandstorm|[upkeep]
|-damage|p1a: Blissey|304\/714|[from] sandstorm
|-heal|p1a: Blissey|348\/714|[from] item: Leftovers
|turn|54
|chat|Naxoris|lol you never miss stone edge ...
|
|move|p1a: Blissey|Protect|p1a: Blissey
|-singleturn|p1a: Blissey|Protect
|cant|p2a: O_O|par
|
|-weather|Sandstorm|[upkeep]
|-damage|p1a: Blissey|304\/714|[from] sandstorm
|-heal|p1a: Blissey|661\/714|[from] move: Wish|[wisher] Blissey
|-heal|p1a: Blissey|705\/714|[from] item: Leftovers
|turn|55
|
|move|p1a: Blissey|Wish|p1a: Blissey
|move|p2a: O_O|Stone Edge|p1a: Blissey|[miss]
|-miss|p2a: O_O|p1a: Blissey
|
|-weather|Sandstorm|[upkeep]
|-damage|p1a: Blissey|661\/714|[from] sandstorm
|-heal|p1a: Blissey|705\/714|[from] item: Leftovers
|turn|56
|chat|noggah|nah i never miss se
|
|switch|p1a: Gliscor|Gliscor, F|354\/354 tox
|-damage|p1a: Gliscor|310\/354 tox|[from] Stealth Rock
|move|p2a: O_O|Dragon Dance|p2a: O_O
|-boost|p2a: O_O|atk|1
|-boost|p2a: O_O|spe|1
|
|-weather|Sandstorm|[upkeep]
|-heal|p1a: Gliscor|354\/354 tox|[from] move: Wish|[wisher] Blissey
|turn|57
|
|move|p1a: Gliscor|Taunt|p2a: O_O
|-start|p2a: O_O|move: Taunt
|move|p2a: O_O|Stone Edge|p1a: Gliscor
|-damage|p1a: Gliscor|134\/354 tox
|
|-weather|none
|-heal|p1a: Gliscor|178\/354 tox|[from] ability: Poison Heal
|turn|58
|
|move|p1a: Gliscor|Substitute|p1a: Gliscor
|-start|p1a: Gliscor|Substitute
|-damage|p1a: Gliscor|90\/354 tox
|move|p2a: O_O|Crunch|p1a: Gliscor
|-end|p1a: Gliscor|Substitute
|
|-heal|p1a: Gliscor|134\/354 tox|[from] ability: Poison Heal
|turn|59
|
|move|p1a: Gliscor|Protect|p1a: Gliscor
|-singleturn|p1a: Gliscor|Protect
|move|p2a: O_O|Crunch|p1a: Gliscor
|-activate|p1a: Gliscor|Protect
|
|-heal|p1a: Gliscor|178\/354 tox|[from] ability: Poison Heal
|-end|p2a: O_O|move: Taunt
|turn|60
|
|move|p1a: Gliscor|Substitute|p1a: Gliscor
|-start|p1a: Gliscor|Substitute
|-damage|p1a: Gliscor|90\/354 tox
|cant|p2a: O_O|par
|
|-heal|p1a: Gliscor|134\/354 tox|[from] ability: Poison Heal
|turn|61
|
|move|p1a: Gliscor|Protect|p1a: Gliscor
|-singleturn|p1a: Gliscor|Protect
|move|p2a: O_O|Dragon Dance|p2a: O_O
|-boost|p2a: O_O|atk|1
|-boost|p2a: O_O|spe|1
|
|-heal|p1a: Gliscor|178\/354 tox|[from] ability: Poison Heal
|turn|62
|
|move|p1a: Gliscor|Taunt|p2a: O_O
|-start|p2a: O_O|move: Taunt
|move|p2a: O_O|Crunch|p1a: Gliscor
|-end|p1a: Gliscor|Substitute
|
|-heal|p1a: Gliscor|222\/354 tox|[from] ability: Poison Heal
|turn|63
|
|move|p1a: Gliscor|Protect|p1a: Gliscor
|-singleturn|p1a: Gliscor|Protect
|move|p2a: O_O|Crunch|p1a: Gliscor
|-activate|p1a: Gliscor|Protect
|
|-heal|p1a: Gliscor|266\/354 tox|[from] ability: Poison Heal
|turn|64
|
|switch|p1a: Blissey|Blissey, F|705\/714
|-damage|p1a: Blissey|616\/714|[from] Stealth Rock
|cant|p2a: O_O|par
|
|-heal|p1a: Blissey|660\/714|[from] item: Leftovers
|-end|p2a: O_O|move: Taunt
|turn|65
|
|move|p1a: Blissey|Seismic Toss|p2a: O_O
|-damage|p2a: O_O|120\/342 par
|move|p2a: O_O|Dragon Dance|p2a: O_O
|-boost|p2a: O_O|atk|1
|-boost|p2a: O_O|spe|1
|
|-heal|p1a: Blissey|704\/714|[from] item: Leftovers
|turn|66
|
|cant|p2a: O_O|par
|move|p1a: Blissey|Seismic Toss|p2a: O_O
|-damage|p2a: O_O|20\/342 par
|
|-heal|p1a: Blissey|714\/714|[from] item: Leftovers
|turn|67
|
|move|p1a: Blissey|Protect|p1a: Blissey
|-singleturn|p1a: Blissey|Protect
|cant|p2a: O_O|par
|
|turn|68
|
|move|p2a: O_O|Crunch|p1a: Blissey
|-damage|p1a: Blissey|0 fnt
|faint|p1a: Blissey
|
|chat|Naxoris|Blissey used Seismic Toss!
|chat|Naxoris|The opposing O_O lost 29.0% of its health!
|chat|Naxoris|The opposing O_O used Dragon Dance!
|chat|Naxoris|The opposing O_O's Attack rose!
|chat|Naxoris|The opposing O_O's Speed rose!
|chat|Naxoris|What the fuck ... I'm speeder than you O_o'
|
|switch|p1a: Gliscor|Gliscor, F|266\/354 tox
|-damage|p1a: Gliscor|222\/354 tox|[from] Stealth Rock
|turn|69
|chat|noggah|O_O is paralyzed! It can't move!
|chat|noggah|The opposing Blissey used Seismic Toss!
|chat|noggah|O_O lost 29.2% of its health!
|
|move|p1a: Gliscor|Protect|p1a: Gliscor
|-singleturn|p1a: Gliscor|Protect
|move|p2a: O_O|Crunch|p1a: Gliscor
|-activate|p1a: Gliscor|Protect
|
|-heal|p1a: Gliscor|266\/354 tox|[from] ability: Poison Heal
|turn|70
|chat|Naxoris|turn 65
|
|move|p1a: Gliscor|Taunt|p2a: O_O
|-start|p2a: O_O|move: Taunt
|move|p2a: O_O|Crunch|p1a: Gliscor
|-crit|p1a: Gliscor
|-damage|p1a: Gliscor|0 fnt
|faint|p1a: Gliscor
|
|win|noggah
|raw|Ladder updating...
|raw|Naxoris's rating: 1460 &rarr; <strong>1439<\/strong><br \/>(-21 for losing)
|raw|noggah's rating: 1457 &rarr; <strong>1477<\/strong><br \/>(+20 for winning)
|chat|noggah|EZ PZ
|chat|noggah|:D
|leave|Naxoris
|player|p1
|chat|noggah|<3