|join|JWills
|join|Adirat_cuz_Negat
|player|p1|JWills|61
|player|p2|Adirat_cuz_Negat|159
|gametype|singles
|gen|6
|tier|OU
|rated
|clearpoke
|poke|p1|Charizard, M
|poke|p1|Magnezone
|poke|p1|Landorus-Therian, M
|poke|p1|Alomomola, F
|poke|p1|Latias, F
|poke|p1|Metagross
|poke|p2|Sylveon, F
|poke|p2|Magnezone
|poke|p2|Keldeo
|poke|p2|Latias, F
|poke|p2|Garchomp, F
|poke|p2|Gyarados, M
|rule|Swagger Clause: Swagger is banned
|rule|Baton Pass Clause: Limit one PokÃ©mon knowing Baton Pass
|rule|Sleep Clause Mod: Limit one foe put to sleep
|rule|Species Clause: Limit one of each PokÃ©mon
|rule|OHKO Clause: OHKO moves are banned
|rule|Moody Clause: Moody is banned
|rule|Evasion Moves Clause: Evasion moves are banned
|rule|Endless Battle Clause: Forcing endless battles is banned
|rule|HP Percentage Mod: HP is shown in percentages
|teampreview
|
|start
|switch|p1a: Metagross|Metagross|321\/321
|switch|p2a: Garchomp|Garchomp, F|357\/357
|turn|1
|
|move|p2a: Garchomp|Stealth Rock|p1a: Metagross
|-sidestart|p1: JWills|move: Stealth Rock
|move|p1a: Metagross|Ice Punch|p2a: Garchomp
|-supereffective|p2a: Garchomp
|-enditem|p2a: Garchomp|Focus Sash
|-damage|p2a: Garchomp|1\/357
|-damage|p1a: Metagross|281\/321|[from] ability: Rough Skin|[of] p2a: Garchomp
|
|turn|2
|
|move|p1a: Metagross|Bullet Punch|p2a: Garchomp
|-damage|p2a: Garchomp|0 fnt
|-damage|p1a: Metagross|241\/321|[from] ability: Rough Skin|[of] p2a: Garchomp
|faint|p2a: Garchomp
|
|
|switch|p2a: Gyarados|Gyarados, M|335\/335
|-ability|p2a: Gyarados|Intimidate|[of] p1a: Metagross
|-fail|p1a: Metagross|unboost|[from] ability: Clear Body|[of] p1a: Metagross
|turn|3
|
|switch|p1a: Landorus-Therian|Landorus-Therian, M|382\/382
|-damage|p1a: Landorus-Therian|335\/382|[from] Stealth Rock
|-ability|p1a: Landorus-Therian|Intimidate|[of] p2a: Gyarados
|-unboost|p2a: Gyarados|atk|1
|detailschange|p2a: Gyarados|Gyarados-Mega, M
|message|Gyarados has Mega Evolved into Mega Gyarados!
|-ability|p2a: Gyarados|Mold Breaker
|move|p2a: Gyarados|Crunch|p1a: Landorus-Therian
|-damage|p1a: Landorus-Therian|245\/382
|-unboost|p1a: Landorus-Therian|def|1
|
|-heal|p1a: Landorus-Therian|268\/382|[from] item: Leftovers
|turn|4
|
|switch|p1a: Alomomola|Alomomola, F|534\/534
|-damage|p1a: Alomomola|468\/534|[from] Stealth Rock
|move|p2a: Gyarados|Waterfall|p1a: Alomomola
|-resisted|p1a: Alomomola
|-damage|p1a: Alomomola|393\/534
|
|-heal|p1a: Alomomola|426\/534|[from] item: Leftovers
|turn|5
|
|switch|p2a: Magnezone|Magnezone|282\/282
|move|p1a: Alomomola|Toxic|p2a: Magnezone|[miss]
|-miss|p1a: Alomomola|p2a: Magnezone
|
|-heal|p1a: Alomomola|459\/534|[from] item: Leftovers
|turn|6
|
|switch|p1a: Magnezone|Magnezone|301\/301
|-damage|p1a: Magnezone|283\/301|[from] Stealth Rock
|move|p2a: Magnezone|Flash Cannon|p1a: Magnezone
|-resisted|p1a: Magnezone
|-damage|p1a: Magnezone|240\/301
|
|-heal|p1a: Magnezone|258\/301|[from] item: Leftovers
|turn|7
|
|move|p2a: Magnezone|Volt Switch|p1a: Magnezone
|-resisted|p1a: Magnezone
|-damage|p1a: Magnezone|189\/301
|
|switch|p2a: Keldeo|Keldeo|323\/323
|move|p1a: Magnezone|Substitute|p1a: Magnezone
|-start|p1a: Magnezone|Substitute
|-damage|p1a: Magnezone|114\/301
|
|-heal|p1a: Magnezone|132\/301|[from] item: Leftovers
|turn|8
|
|switch|p2a: Latias|Latias, F|320\/320
|move|p1a: Magnezone|Thunderbolt|p2a: Latias
|-resisted|p2a: Latias
|-damage|p2a: Latias|248\/320
|
|-heal|p1a: Magnezone|150\/301|[from] item: Leftovers
|turn|9
|
|move|p2a: Latias|Psychic|p1a: Magnezone
|-resisted|p1a: Magnezone
|-end|p1a: Magnezone|Substitute
|-damage|p2a: Latias|216\/320|[from] item: Life Orb
|move|p1a: Magnezone|Flash Cannon|p2a: Latias
|-damage|p2a: Latias|89\/320
|
|-heal|p1a: Magnezone|168\/301|[from] item: Leftovers
|turn|10
|
|switch|p1a: Alomomola|Alomomola, F|534\/534
|-damage|p1a: Alomomola|468\/534|[from] Stealth Rock
|move|p2a: Latias|Psychic|p1a: Alomomola
|-damage|p1a: Alomomola|272\/534
|-damage|p2a: Latias|57\/320|[from] item: Life Orb
|
|-heal|p1a: Alomomola|305\/534|[from] item: Leftovers
|turn|11
|
|move|p1a: Alomomola|Protect|p1a: Alomomola
|-singleturn|p1a: Alomomola|Protect
|move|p2a: Latias|Draco Meteor|p1a: Alomomola
|-activate|p1a: Alomomola|Protect
|
|-heal|p1a: Alomomola|338\/534|[from] item: Leftovers
|turn|12
|
|move|p2a: Latias|Draco Meteor|p1a: Alomomola
|-damage|p1a: Alomomola|26\/534
|-unboost|p2a: Latias|spa|2
|-damage|p2a: Latias|25\/320|[from] item: Life Orb
|move|p1a: Alomomola|Wish|p1a: Alomomola
|
|-heal|p1a: Alomomola|59\/534|[from] item: Leftovers
|turn|13
|
|switch|p2a: Sylveon|Sylveon, F|392\/392
|move|p1a: Alomomola|Protect|p1a: Alomomola
|-fail|p1a: Alomomola
|
|-heal|p1a: Alomomola|326\/534|[from] move: Wish|[wisher] Alomomola
|-heal|p1a: Alomomola|359\/534|[from] item: Leftovers
|turn|14
|
|move|p1a: Alomomola|Toxic|p2a: Sylveon
|-status|p2a: Sylveon|tox
|move|p2a: Sylveon|Hyper Voice|p1a: Alomomola
|-damage|p1a: Alomomola|2\/534
|
|-heal|p1a: Alomomola|35\/534|[from] item: Leftovers
|-damage|p2a: Sylveon|368\/392 tox|[from] psn
|turn|15
|
|move|p1a: Alomomola|Protect|p1a: Alomomola
|-singleturn|p1a: Alomomola|Protect
|move|p2a: Sylveon|Hyper Voice|p1a: Alomomola
|-activate|p1a: Alomomola|Protect
|
|-heal|p1a: Alomomola|68\/534|[from] item: Leftovers
|-damage|p2a: Sylveon|320\/392 tox|[from] psn
|turn|16
|
|switch|p1a: Metagross|Metagross|241\/321
|-damage|p1a: Metagross|221\/321|[from] Stealth Rock
|move|p2a: Sylveon|Hyper Voice|p1a: Metagross
|-resisted|p1a: Metagross
|-damage|p1a: Metagross|62\/321
|
|-damage|p2a: Sylveon|248\/392 tox|[from] psn
|turn|17
|
|switch|p2a: Gyarados|Gyarados-Mega, M|335\/335
|-ability|p2a: Gyarados|Mold Breaker
|move|p1a: Metagross|Earthquake|p2a: Gyarados
|-damage|p2a: Gyarados|209\/335
|
|turn|18
|
|move|p2a: Gyarados|Waterfall|p1a: Metagross
|-damage|p1a: Metagross|0 fnt
|faint|p1a: Metagross
|
|
|switch|p1a: Latias|Latias, F|319\/319
|-damage|p1a: Latias|280\/319|[from] Stealth Rock
|turn|19
|
|move|p1a: Latias|Draco Meteor|p2a: Gyarados
|-damage|p2a: Gyarados|18\/335
|-unboost|p1a: Latias|spa|2
|-damage|p1a: Latias|249\/319|[from] item: Life Orb
|move|p2a: Gyarados|Crunch|p1a: Latias
|-supereffective|p1a: Latias
|-damage|p1a: Latias|0 fnt
|faint|p1a: Latias
|
|
|switch|p1a: Landorus-Therian|Landorus-Therian, M|268\/382
|-damage|p1a: Landorus-Therian|221\/382|[from] Stealth Rock
|-ability|p1a: Landorus-Therian|Intimidate|[of] p2a: Gyarados
|-unboost|p2a: Gyarados|atk|1
|turn|20
|
|move|p2a: Gyarados|Waterfall|p1a: Landorus-Therian
|-supereffective|p1a: Landorus-Therian
|-damage|p1a: Landorus-Therian|29\/382
|move|p1a: Landorus-Therian|U-turn|p2a: Gyarados
|-supereffective|p2a: Gyarados
|-damage|p2a: Gyarados|0 fnt
|faint|p2a: Gyarados
|
|switch|p1a: Alomomola|Alomomola, F|246\/534
|-damage|p1a: Alomomola|180\/534|[from] Stealth Rock
|
|-heal|p1a: Alomomola|213\/534|[from] item: Leftovers
|
|switch|p2a: Latias|Latias, F|25\/320
|turn|21
|
|switch|p1a: Landorus-Therian|Landorus-Therian, M|29\/382
|-damage|p1a: Landorus-Therian|0 fnt|[from] Stealth Rock
|faint|p1a: Landorus-Therian
|move|p2a: Latias|Draco Meteor|p1: Landorus-Therian|[notarget]
|-notarget
|
|
|switch|p1a: Alomomola|Alomomola, F|391\/534
|-damage|p1a: Alomomola|325\/534|[from] Stealth Rock
|turn|22
|
|move|p1a: Alomomola|Protect|p1a: Alomomola
|-singleturn|p1a: Alomomola|Protect
|move|p2a: Latias|Healing Wish|p2a: Latias
|faint|p2a: Latias
|
|-heal|p1a: Alomomola|358\/534|[from] item: Leftovers
|
|switch|p2a: Sylveon|Sylveon, F|248\/392 tox
|-heal|p2a: Sylveon|392\/392|[from] move: Healing Wish
|turn|23
|
|move|p1a: Alomomola|Wish|p1a: Alomomola
|move|p2a: Sylveon|Hyper Voice|p1a: Alomomola
|-damage|p1a: Alomomola|0 fnt
|faint|p1a: Alomomola
|
|
|switch|p1a: Magnezone|Magnezone|168\/301
|-damage|p1a: Magnezone|150\/301|[from] Stealth Rock
|turn|24
|
|move|p1a: Magnezone|Substitute|p1a: Magnezone
|-start|p1a: Magnezone|Substitute
|-damage|p1a: Magnezone|75\/301
|move|p2a: Sylveon|Hyper Voice|p1a: Magnezone
|-resisted|p1a: Magnezone
|-damage|p1a: Magnezone|0 fnt
|faint|p1a: Magnezone
|
|
|switch|p1a: Charizard|Charizard, M|333\/333
|-damage|p1a: Charizard|167\/333|[from] Stealth Rock
|turn|25
|
|detailschange|p1a: Charizard|Charizard-Mega-X, M
|message|Charizard has Mega Evolved into Mega Charizard!
|move|p1a: Charizard|Earthquake|p2a: Sylveon
|-damage|p2a: Sylveon|222\/392
|move|p2a: Sylveon|Hyper Voice|p1a: Charizard
|-damage|p1a: Charizard|0 fnt
|faint|p1a: Charizard
|
|win|Adirat_cuz_Negat
|raw|Ladder updating...