|join|Steez Ibanez
|join|Adirat_cuz_Negat
|player|p1|Steez Ibanez|290
|player|p2|Adirat_cuz_Negat|159
|gametype|singles
|gen|6
|tier|OU
|rated
|clearpoke
|poke|p1|Latios, M
|poke|p1|Scizor, M
|poke|p1|Heatran, M
|poke|p1|Clefable, M
|poke|p1|Rotom-Wash
|poke|p1|Landorus-Therian, M
|poke|p2|Sylveon, F
|poke|p2|Magnezone
|poke|p2|Keldeo
|poke|p2|Latias, F
|poke|p2|Garchomp, M
|poke|p2|Gyarados, M
|rule|Swagger Clause: Swagger is banned
|rule|Baton Pass Clause: Limit one PokÃ©mon knowing Baton Pass
|rule|Sleep Clause Mod: Limit one foe put to sleep
|rule|Species Clause: Limit one of each PokÃ©mon
|rule|OHKO Clause: OHKO moves are banned
|rule|Moody Clause: Moody is banned
|rule|Evasion Moves Clause: Evasion moves are banned
|rule|Endless Battle Clause: Forcing endless battles is banned
|rule|HP Percentage Mod: HP is shown in percentages
|teampreview
|
|start
|switch|p1a: 99|Latios, M|299\/299
|switch|p2a: Garchomp|Garchomp, M|357\/357
|turn|1
|
|move|p1a: 99|Psyshock|p2a: Garchomp
|-damage|p2a: Garchomp|149\/357
|-damage|p1a: 99|270\/299|[from] item: Life Orb
|move|p2a: Garchomp|Dragon Claw|p1a: 99
|-supereffective|p1a: 99
|-damage|p1a: 99|0 fnt
|faint|p1a: 99
|
|
|switch|p1a: Shukaku|Landorus-Therian, M|319\/319
|-ability|p1a: Shukaku|Intimidate|[of] p2a: Garchomp
|-unboost|p2a: Garchomp|atk|1
|turn|2
|
|switch|p2a: Gyarados|Gyarados, M|335\/335
|-ability|p2a: Gyarados|Intimidate|[of] p1a: Shukaku
|-unboost|p1a: Shukaku|atk|1
|move|p1a: Shukaku|Earthquake|p2a: Gyarados
|-immune|p2a: Gyarados|[msg]
|
|turn|3
|
|switch|p1a: Indigo|Clefable, M|394\/394
|move|p2a: Gyarados|Dragon Dance|p2a: Gyarados
|-boost|p2a: Gyarados|atk|1
|-boost|p2a: Gyarados|spe|1
|
|turn|4
|
|switch|p1a: Shukaku|Landorus-Therian, M|319\/319
|-ability|p1a: Shukaku|Intimidate|[of] p2a: Gyarados
|-unboost|p2a: Gyarados|atk|1
|move|p2a: Gyarados|Waterfall|p1a: Shukaku
|-supereffective|p1a: Shukaku
|-damage|p1a: Shukaku|0 fnt
|faint|p1a: Shukaku
|
|
|switch|p1a: Lavadora|Rotom-Wash|303\/303
|turn|5
|
|switch|p2a: Sylveon|Sylveon, F|392\/392
|move|p1a: Lavadora|Will-O-Wisp|p2a: Sylveon
|-status|p2a: Sylveon|brn
|
|-damage|p2a: Sylveon|343\/392 brn|[from] brn
|turn|6
|
|move|p1a: Lavadora|Volt Switch|p2a: Sylveon
|-crit|p2a: Sylveon
|-damage|p2a: Sylveon|234\/392 brn
|
|switch|p1a: Deadpool|Scizor, M|343\/343
|move|p2a: Sylveon|Baton Pass|p2a: Sylveon
|c|âSteez Ibanez|awww
|c|âSteez Ibanez|nice
|
|switch|p2a: Magnezone|Magnezone|282\/282
|
|turn|7
|
|detailschange|p1a: Deadpool|Scizor-Mega, M
|message|Scizor has Mega Evolved into Mega Scizor!
|move|p2a: Magnezone|Hidden Power|p1a: Deadpool
|-supereffective|p1a: Deadpool
|-damage|p1a: Deadpool|55\/343
|move|p1a: Deadpool|Knock Off|p2a: Magnezone
|-damage|p2a: Magnezone|178\/282
|-enditem|p2a: Magnezone|Assault Vest|[from] move: Knock Off|[of] p1a: Deadpool
|
|turn|8
|
|move|p1a: Deadpool|Bullet Punch|p2a: Magnezone
|-resisted|p2a: Magnezone
|-damage|p2a: Magnezone|151\/282
|move|p2a: Magnezone|Volt Switch|p1a: Deadpool
|-damage|p1a: Deadpool|0 fnt
|faint|p1a: Deadpool
|
|switch|p2a: Garchomp|Garchomp, M|149\/357
|
|
|switch|p1a: Indigo|Clefable, M|394\/394
|turn|9
|c|âAdirat_cuz_Negat|kudos for that nick
|c|âSteez Ibanez|lol np
|
|switch|p2a: Magnezone|Magnezone|151\/282
|move|p1a: Indigo|Stealth Rock|p2a: Magnezone
|-sidestart|p2: Adirat_cuz_Negat|move: Stealth Rock
|
|turn|10
|
|move|p2a: Magnezone|Volt Switch|p1a: Indigo
|-damage|p1a: Indigo|264\/394
|
|switch|p2a: Sylveon|Sylveon, F|234\/392 brn
|-damage|p2a: Sylveon|185\/392 brn|[from] Stealth Rock
|move|p1a: Indigo|Fire Blast|p2a: Sylveon
|-damage|p2a: Sylveon|119\/392 brn
|
|-heal|p1a: Indigo|288\/394|[from] item: Leftovers
|-damage|p2a: Sylveon|70\/392 brn|[from] brn
|turn|11
|
|move|p2a: Sylveon|Hyper Voice|p1a: Indigo
|-damage|p1a: Indigo|14\/394
|move|p1a: Indigo|Soft-Boiled|p1a: Indigo
|-heal|p1a: Indigo|211\/394
|
|-heal|p1a: Indigo|235\/394|[from] item: Leftovers
|-damage|p2a: Sylveon|21\/392 brn|[from] brn
|turn|12
|
|switch|p2a: Latias|Latias, F|320\/320
|-damage|p2a: Latias|280\/320|[from] Stealth Rock
|switch|p1a: Susano'o|Heatran, M|385\/385
|
|turn|13
|
|move|p2a: Latias|Healing Wish|p2a: Latias
|faint|p2a: Latias
|move|p1a: Susano'o|Toxic|p2: Latias|[notarget]
|-notarget
|
|
|switch|p2a: Sylveon|Sylveon, F|21\/392 brn
|-heal|p2a: Sylveon|392\/392|[from] move: Healing Wish
|-damage|p2a: Sylveon|343\/392|[from] Stealth Rock
|turn|14
|
|switch|p1a: Indigo|Clefable, M|235\/394
|switch|p2a: Garchomp|Garchomp, M|149\/357
|-damage|p2a: Garchomp|127\/357|[from] Stealth Rock
|
|-heal|p1a: Indigo|259\/394|[from] item: Leftovers
|turn|15
|
|move|p2a: Garchomp|Earthquake|p1a: Indigo
|-damage|p1a: Indigo|57\/394
|move|p1a: Indigo|Moonblast|p2a: Garchomp
|-supereffective|p2a: Garchomp
|-damage|p2a: Garchomp|0 fnt
|faint|p2a: Garchomp
|
|-heal|p1a: Indigo|81\/394|[from] item: Leftovers
|
|switch|p2a: Magnezone|Magnezone|151\/282
|-damage|p2a: Magnezone|134\/282|[from] Stealth Rock
|turn|16
|
|switch|p1a: Lavadora|Rotom-Wash|303\/303
|move|p2a: Magnezone|Volt Switch|p1a: Lavadora
|-damage|p1a: Lavadora|167\/303
|
|switch|p2a: Gyarados|Gyarados, M|335\/335
|-damage|p2a: Gyarados|252\/335|[from] Stealth Rock
|-ability|p2a: Gyarados|Intimidate|[of] p1a: Lavadora
|-unboost|p1a: Lavadora|atk|1
|
|-heal|p1a: Lavadora|185\/303|[from] item: Leftovers
|turn|17
|
|detailschange|p2a: Gyarados|Gyarados-Mega, M
|message|Gyarados has Mega Evolved into Mega Gyarados!
|-ability|p2a: Gyarados|Mold Breaker
|move|p2a: Gyarados|Earthquake|p1a: Lavadora
|-supereffective|p1a: Lavadora
|-damage|p1a: Lavadora|0 fnt
|faint|p1a: Lavadora
|
|
|switch|p1a: Indigo|Clefable, M|81\/394
|turn|18
|
|move|p2a: Gyarados|Waterfall|p1a: Indigo
|-damage|p1a: Indigo|0 fnt
|faint|p1a: Indigo
|
|c|âSteez Ibanez|gg
|
|switch|p1a: Susano'o|Heatran, M|385\/385
|turn|19
|c|âAdirat_cuz_Negat|gg
|
|move|p2a: Gyarados|Earthquake|p1a: Susano'o
|-supereffective|p1a: Susano'o
|-damage|p1a: Susano'o|0 fnt
|faint|p1a: Susano'o
|
|win|Adirat_cuz_Negat
|raw|Ladder updating...
|raw|Steez Ibanez's rating: 1675 &rarr; <strong>1650<\/strong><br \/>(-25 for losing)
|raw|Adirat_cuz_Negat's rating: 1581 &rarr; <strong>1607<\/strong><br \/>(+26 for winning)