|join|metalwolf4714
|join|Adirat_cuz_Negat
|player|p1|metalwolf4714|124
|player|p2|Adirat_cuz_Negat|159
|gametype|singles
|gen|6
|tier|OU
|rated
|clearpoke
|poke|p1|Mamoswine, M
|poke|p1|Krookodile, M
|poke|p1|Heatran, F
|poke|p1|Torkoal, F
|poke|p1|Dragonite, M
|poke|p1|Rotom-Wash
|poke|p2|Sylveon, M
|poke|p2|Magnezone
|poke|p2|Keldeo
|poke|p2|Latias, F
|poke|p2|Garchomp, M
|poke|p2|Gyarados, F
|rule|Swagger Clause: Swagger is banned
|rule|Baton Pass Clause: Limit one PokÃ©mon knowing Baton Pass
|rule|Sleep Clause Mod: Limit one foe put to sleep
|rule|Species Clause: Limit one of each PokÃ©mon
|rule|OHKO Clause: OHKO moves are banned
|rule|Moody Clause: Moody is banned
|rule|Evasion Moves Clause: Evasion moves are banned
|rule|Endless Battle Clause: Forcing endless battles is banned
|rule|HP Percentage Mod: HP is shown in percentages
|teampreview
|
|start
|switch|p1a: Mamoswine|Mamoswine, M|361\/361
|switch|p2a: Garchomp|Garchomp, M|357\/357
|turn|1
|
|move|p1a: Mamoswine|Ice Shard|p2a: Garchomp
|-supereffective|p2a: Garchomp
|-damage|p2a: Garchomp|41\/357
|move|p2a: Garchomp|Stealth Rock|p1a: Mamoswine
|-sidestart|p1: metalwolf4714|move: Stealth Rock
|
|turn|2
|
|move|p2a: Garchomp|Earthquake|p1a: Mamoswine
|-damage|p1a: Mamoswine|148\/361
|move|p1a: Mamoswine|Stealth Rock|p2a: Garchomp
|-sidestart|p2: Adirat_cuz_Negat|move: Stealth Rock
|
|turn|3
|
|switch|p2a: Keldeo|Keldeo|323\/323
|-damage|p2a: Keldeo|303\/323|[from] Stealth Rock
|move|p1a: Mamoswine|Ice Shard|p2a: Keldeo
|-crit|p2a: Keldeo
|-resisted|p2a: Keldeo
|-damage|p2a: Keldeo|235\/323
|
|turn|4
|
|move|p2a: Keldeo|Scald|p1a: Mamoswine
|-supereffective|p1a: Mamoswine
|-damage|p1a: Mamoswine|0 fnt
|faint|p1a: Mamoswine
|
|
|switch|p1a: Rotom-Wash|Rotom-Wash|241\/241
|-damage|p1a: Rotom-Wash|211\/241|[from] Stealth Rock
|turn|5
|
|switch|p2a: Magnezone|Magnezone|282\/282
|-damage|p2a: Magnezone|265\/282|[from] Stealth Rock
|move|p1a: Rotom-Wash|Volt Switch|p2a: Magnezone
|-resisted|p2a: Magnezone
|-damage|p2a: Magnezone|225\/282
|
|switch|p1a: Heatran|Heatran, F|323\/323
|-damage|p1a: Heatran|283\/323|[from] Stealth Rock
|
|turn|6
|
|move|p1a: Heatran|Lava Plume|p2a: Magnezone
|-supereffective|p2a: Magnezone
|-damage|p2a: Magnezone|0 fnt
|faint|p2a: Magnezone
|
|
|switch|p2a: Keldeo|Keldeo|235\/323
|-damage|p2a: Keldeo|215\/323|[from] Stealth Rock
|turn|7
|
|switch|p1a: Rotom-Wash|Rotom-Wash|211\/241
|-damage|p1a: Rotom-Wash|181\/241|[from] Stealth Rock
|move|p2a: Keldeo|Secret Sword|p1a: Rotom-Wash
|-damage|p1a: Rotom-Wash|49\/241
|
|turn|8
|
|move|p2a: Keldeo|Secret Sword|p1a: Rotom-Wash
|-damage|p1a: Rotom-Wash|0 fnt
|faint|p1a: Rotom-Wash
|
|
|switch|p1a: Torkoal|Torkoal, F|344\/344
|-damage|p1a: Torkoal|258\/344|[from] Stealth Rock
|turn|9
|c|âAdirat_cuz_Negat|kudos for that torkoal
|
|switch|p2a: Garchomp|Garchomp, M|41\/357
|-damage|p2a: Garchomp|19\/357|[from] Stealth Rock
|move|p1a: Torkoal|Rapid Spin|p2a: Garchomp
|-damage|p2a: Garchomp|3\/357
|-damage|p1a: Torkoal|215\/344|[from] ability: Rough Skin|[of] p2a: Garchomp
|-sideend|p1: metalwolf4714|Stealth Rock|[from] move: Rapid Spin|[of] p1a: Torkoal
|
|-heal|p1a: Torkoal|236\/344|[from] item: Leftovers
|turn|10
|
|switch|p2a: Latias|Latias, F|320\/320
|-damage|p2a: Latias|280\/320|[from] Stealth Rock
|move|p1a: Torkoal|Rapid Spin|p2a: Latias
|-damage|p2a: Latias|262\/320
|
|-heal|p1a: Torkoal|257\/344|[from] item: Leftovers
|turn|11
|
|switch|p1a: Penis|Krookodile, M|332\/332
|move|p2a: Latias|Defog|p1a: Penis
|-unboost|p1a: Penis|evasion|1
|-sideend|p2: Adirat_cuz_Negat|Stealth Rock|[from] move: Defog|[of] p2a: Latias
|
|turn|12
|
|move|p1a: Penis|Knock Off|p2a: Latias
|-supereffective|p2a: Latias
|-damage|p2a: Latias|0 fnt
|-enditem|p2a: Latias|Life Orb|[from] move: Knock Off|[of] p1a: Penis
|faint|p2a: Latias
|-boost|p1a: Penis|atk|1|[from] ability: Moxie
|
|
|switch|p2a: Gyarados|Gyarados, F|335\/335
|-ability|p2a: Gyarados|Intimidate|[of] p1a: Penis
|-unboost|p1a: Penis|atk|1
|turn|13
|
|detailschange|p2a: Gyarados|Gyarados-Mega, F
|message|Gyarados has Mega Evolved into Mega Gyarados!
|-ability|p2a: Gyarados|Mold Breaker
|move|p1a: Penis|Knock Off|p2a: Gyarados
|-resisted|p2a: Gyarados
|-damage|p2a: Gyarados|275\/335
|move|p2a: Gyarados|Dragon Dance|p2a: Gyarados
|-boost|p2a: Gyarados|atk|1
|-boost|p2a: Gyarados|spe|1
|
|turn|14
|
|switch|p1a: Torkoal|Torkoal, F|257\/344
|move|p2a: Gyarados|Dragon Dance|p2a: Gyarados
|-boost|p2a: Gyarados|atk|1
|-boost|p2a: Gyarados|spe|1
|
|-heal|p1a: Torkoal|278\/344|[from] item: Leftovers
|turn|15
|
|move|p2a: Gyarados|Waterfall|p1a: Torkoal
|-crit|p1a: Torkoal
|-supereffective|p1a: Torkoal
|-damage|p1a: Torkoal|0 fnt
|faint|p1a: Torkoal
|
|
|switch|p1a: Dragonite|Dragonite, M|323\/323
|turn|16
|
|move|p2a: Gyarados|Crunch|p1a: Dragonite
|-damage|p1a: Dragonite|0 fnt
|faint|p1a: Dragonite
|
|
|switch|p1a: Penis|Krookodile, M|332\/332
|turn|17
|
|move|p2a: Gyarados|Waterfall|p1a: Penis
|-crit|p1a: Penis
|-supereffective|p1a: Penis
|-damage|p1a: Penis|0 fnt
|faint|p1a: Penis
|
|-message|metalwolf4714 forfeited.
|
|win|Adirat_cuz_Negat
|raw|Ladder updating...
|leave|metalwolf4714
|player|p1