|join|Adirat_cuz_Negat
|join|fr3shWat3r
|player|p1|Adirat_cuz_Negat|159
|player|p2|fr3shWat3r|129
|gametype|singles
|gen|6
|tier|OU
|rated
|clearpoke
|poke|p1|Sylveon, M
|poke|p1|Magnezone
|poke|p1|Keldeo
|poke|p1|Latias, F
|poke|p1|Garchomp, F
|poke|p1|Scizor, M
|poke|p2|Pinsir, F
|poke|p2|Excadrill, F
|poke|p2|Latios, M
|poke|p2|Heatran, F
|poke|p2|Scizor, M
|poke|p2|Vaporeon, F
|rule|Swagger Clause: Swagger is banned
|rule|Baton Pass Clause: Limit one PokÃ©mon knowing Baton Pass
|rule|Sleep Clause Mod: Limit one foe put to sleep
|rule|Species Clause: Limit one of each PokÃ©mon
|rule|OHKO Clause: OHKO moves are banned
|rule|Moody Clause: Moody is banned
|rule|Evasion Moves Clause: Evasion moves are banned
|rule|Endless Battle Clause: Forcing endless battles is banned
|rule|HP Percentage Mod: HP is shown in percentages
|teampreview
|
|start
|switch|p1a: Garchomp|Garchomp, F|357\/357
|switch|p2a: Excadrill|Excadrill, F|361\/361
|-ability|p2a: Excadrill|Mold Breaker
|turn|1
|
|move|p1a: Garchomp|Stealth Rock|p2a: Excadrill
|-sidestart|p2: fr3shWat3r|move: Stealth Rock
|move|p2a: Excadrill|Stealth Rock|p1a: Garchomp
|-sidestart|p1: Adirat_cuz_Negat|move: Stealth Rock
|
|turn|2
|
|switch|p2a: Latios|Latios, M|301\/301
|-damage|p2a: Latios|264\/301|[from] Stealth Rock
|move|p1a: Garchomp|Earthquake|p2a: Latios
|-immune|p2a: Latios|[msg]
|
|turn|3
|
|switch|p1a: Magnezone|Magnezone|282\/282
|-damage|p1a: Magnezone|265\/282|[from] Stealth Rock
|move|p2a: Latios|Draco Meteor|p1a: Magnezone
|-resisted|p1a: Magnezone
|-damage|p1a: Magnezone|129\/282
|-unboost|p2a: Latios|spa|2
|
|turn|4
|
|switch|p2a: Excadrill|Excadrill, F|361\/361
|-damage|p2a: Excadrill|350\/361|[from] Stealth Rock
|-ability|p2a: Excadrill|Mold Breaker
|move|p1a: Magnezone|Hidden Power|p2a: Excadrill
|-supereffective|p2a: Excadrill
|-damage|p2a: Excadrill|130\/361
|
|turn|5
|
|switch|p1a: Garchomp|Garchomp, F|357\/357
|-damage|p1a: Garchomp|335\/357|[from] Stealth Rock
|move|p2a: Excadrill|Rapid Spin|p1a: Garchomp
|-damage|p1a: Garchomp|300\/357
|-sideend|p2: fr3shWat3r|Stealth Rock|[from] move: Rapid Spin|[of] p2a: Excadrill
|-damage|p2a: Excadrill|94\/361|[from] item: Life Orb
|
|turn|6
|
|switch|p2a: Scizor|Scizor, M|281\/281
|move|p1a: Garchomp|Dragon Claw|p2a: Scizor
|-resisted|p2a: Scizor
|-damage|p2a: Scizor|213\/281
|
|turn|7
|
|move|p1a: Garchomp|Fire Blast|p2a: Scizor|[miss]
|-miss|p1a: Garchomp|p2a: Scizor
|move|p2a: Scizor|Knock Off|p1a: Garchomp
|-crit|p1a: Garchomp
|-damage|p1a: Garchomp|95\/357
|-enditem|p1a: Garchomp|Focus Sash|[from] move: Knock Off|[of] p2a: Scizor
|
|turn|8
|c|âfr3shWat3r|hmm
|c|âAdirat_cuz_Negat|i never wanted that
|
|switch|p1a: Keldeo|Keldeo|323\/323
|-damage|p1a: Keldeo|303\/323|[from] Stealth Rock
|switch|p2a: Latios|Latios, M|264\/301
|
|turn|9
|
|switch|p1a: Magnezone|Magnezone|129\/282
|-damage|p1a: Magnezone|112\/282|[from] Stealth Rock
|move|p2a: Latios|Draco Meteor|p1a: Magnezone
|-resisted|p1a: Magnezone
|-damage|p1a: Magnezone|0 fnt
|-unboost|p2a: Latios|spa|2
|faint|p1a: Magnezone
|
|
|switch|p1a: Sylveon|Sylveon, M|373\/373
|-damage|p1a: Sylveon|327\/373|[from] Stealth Rock
|turn|10
|
|switch|p2a: Heatran|Heatran, F|350\/350
|move|p1a: Sylveon|Baton Pass|p1a: Sylveon
|
|switch|p1a: Garchomp|Garchomp, F|95\/357
|-damage|p1a: Garchomp|73\/357|[from] Stealth Rock
|
|turn|11
|
|switch|p2a: Scizor|Scizor, M|213\/281
|move|p1a: Garchomp|Dragon Claw|p2a: Scizor
|-resisted|p2a: Scizor
|-damage|p2a: Scizor|147\/281
|
|turn|12
|
|switch|p1a: Latias|Latias, F|320\/320
|-damage|p1a: Latias|280\/320|[from] Stealth Rock
|move|p2a: Scizor|Knock Off|p1a: Latias
|-supereffective|p1a: Latias
|-damage|p1a: Latias|24\/320
|-enditem|p1a: Latias|Life Orb|[from] move: Knock Off|[of] p2a: Scizor
|
|turn|13
|
|switch|p1a: Keldeo|Keldeo|303\/323
|-damage|p1a: Keldeo|283\/323|[from] Stealth Rock
|move|p2a: Scizor|Bullet Punch|p1a: Keldeo
|-resisted|p1a: Keldeo
|-damage|p1a: Keldeo|205\/323
|
|turn|14
|c|âAdirat_cuz_Negat|how can i screw up that bad
|
|switch|p2a: Vaporeon|Vaporeon, F|457\/457
|move|p1a: Keldeo|Scald|p2a: Vaporeon
|-immune|p2a: Vaporeon|[msg]
|
|turn|15
|
|switch|p1a: Latias|Latias, F|24\/320
|-damage|p1a: Latias|0 fnt|[from] Stealth Rock
|faint|p1a: Latias
|move|p2a: Vaporeon|Wish|p2a: Vaporeon
|
|
|switch|p1a: Garchomp|Garchomp, F|73\/357
|-damage|p1a: Garchomp|51\/357|[from] Stealth Rock
|turn|16
|
|move|p1a: Garchomp|Stealth Rock|p2a: Vaporeon
|-sidestart|p2: fr3shWat3r|move: Stealth Rock
|move|p2a: Vaporeon|Scald|p1a: Garchomp
|-damage|p1a: Garchomp|0 fnt
|faint|p1a: Garchomp
|
|
|switch|p1a: Sylveon|Sylveon, M|327\/373
|-damage|p1a: Sylveon|281\/373|[from] Stealth Rock
|turn|17
|
|move|p1a: Sylveon|Hyper Voice|p2a: Vaporeon
|-damage|p2a: Vaporeon|217\/457
|move|p2a: Vaporeon|Toxic|p1a: Sylveon
|-status|p1a: Sylveon|tox
|
|-heal|p2a: Vaporeon|245\/457|[from] item: Leftovers
|-damage|p1a: Sylveon|258\/373 tox|[from] psn
|turn|18
|
|move|p2a: Vaporeon|Protect|p2a: Vaporeon
|-singleturn|p2a: Vaporeon|Protect
|move|p1a: Sylveon|Hyper Voice|p2a: Vaporeon
|-activate|p2a: Vaporeon|Protect
|
|-heal|p2a: Vaporeon|273\/457|[from] item: Leftovers
|-damage|p1a: Sylveon|212\/373 tox|[from] psn
|turn|19
|
|move|p1a: Sylveon|Hyper Voice|p2a: Vaporeon
|-damage|p2a: Vaporeon|6\/457
|move|p2a: Vaporeon|Wish|p2a: Vaporeon
|
|-heal|p2a: Vaporeon|34\/457|[from] item: Leftovers
|-damage|p1a: Sylveon|143\/373 tox|[from] psn
|turn|20
|
|switch|p1a: Scizor|Scizor, M|344\/344
|-damage|p1a: Scizor|301\/344|[from] Stealth Rock
|move|p2a: Vaporeon|Protect|p2a: Vaporeon
|-fail|p2a: Vaporeon
|
|-heal|p2a: Vaporeon|262\/457|[from] move: Wish|[wisher] Vaporeon
|-heal|p2a: Vaporeon|290\/457|[from] item: Leftovers
|turn|21
|
|detailschange|p1a: Scizor|Scizor-Mega, M
|message|Scizor has Mega Evolved into Mega Scizor!
|move|p1a: Scizor|Swords Dance|p1a: Scizor
|-boost|p1a: Scizor|atk|2
|move|p2a: Vaporeon|Wish|p2a: Vaporeon
|
|-heal|p2a: Vaporeon|318\/457|[from] item: Leftovers
|turn|22
|
|switch|p2a: Heatran|Heatran, F|350\/350
|-damage|p2a: Heatran|307\/350|[from] Stealth Rock
|move|p1a: Scizor|Knock Off|p2a: Heatran
|-damage|p2a: Heatran|88\/350
|-enditem|p2a: Heatran|Assault Vest|[from] move: Knock Off|[of] p1a: Scizor
|
|-heal|p2a: Heatran|316\/350|[from] move: Wish|[wisher] Vaporeon
|turn|23
|
|switch|p1a: Sylveon|Sylveon, M|143\/373 tox
|-damage|p1a: Sylveon|97\/373 tox|[from] Stealth Rock
|move|p2a: Heatran|Flamethrower|p1a: Sylveon
|-damage|p1a: Sylveon|0 fnt
|faint|p1a: Sylveon
|
|
|switch|p1a: Keldeo|Keldeo|205\/323
|-damage|p1a: Keldeo|185\/323|[from] Stealth Rock
|turn|24
|c|âAdirat_cuz_Negat|the worst match of my life holy shit
|c|âAdirat_cuz_Negat|not your fault definitively
|
|switch|p2a: Latios|Latios, M|264\/301
|-damage|p2a: Latios|227\/301|[from] Stealth Rock
|move|p1a: Keldeo|Secret Sword|p2a: Latios
|-resisted|p2a: Latios
|-damage|p2a: Latios|133\/301
|
|turn|25
|
|move|p1a: Keldeo|Secret Sword|p2a: Latios
|-resisted|p2a: Latios
|-damage|p2a: Latios|40\/301
|move|p2a: Latios|Draco Meteor|p1a: Keldeo
|-damage|p1a: Keldeo|0 fnt
|-unboost|p2a: Latios|spa|2
|faint|p1a: Keldeo
|
|
|switch|p1a: Scizor|Scizor-Mega, M|301\/344
|-damage|p1a: Scizor|258\/344|[from] Stealth Rock
|turn|26
|
|switch|p2a: Heatran|Heatran, F|316\/350
|-damage|p2a: Heatran|273\/350|[from] Stealth Rock
|move|p1a: Scizor|Swords Dance|p1a: Scizor
|-boost|p1a: Scizor|atk|2
|
|turn|27
|
|move|p2a: Heatran|Flamethrower|p1a: Scizor
|-supereffective|p1a: Scizor
|-damage|p1a: Scizor|0 fnt
|faint|p1a: Scizor
|
|win|fr3shWat3r
|raw|Ladder updating...
|c|âfr3shWat3r|gg
|raw|Adirat_cuz_Negat's rating: 1332 &rarr; <strong>1313<\/strong><br \/>(-19 for losing)
|raw|fr3shWat3r's rating: 1341 &rarr; <strong>1360<\/strong><br \/>(+19 for winning)
|leave|fr3shWat3r
|player|p2
|c|âAdirat_cuz_Negat|well for you sure
|c|âAdirat_cuz_Negat|not for me
|c|âAdirat_cuz_Negat|:CC