|join|Adirat_cuz_Negat
|join|Itachi Zoldyck
|player|p1|Adirat_cuz_Negat|159
|player|p2|Itachi Zoldyck|2
|gametype|singles
|gen|6
|tier|OU
|rated
|clearpoke
|poke|p1|Slowbro, F
|poke|p1|Ferrothorn, M
|poke|p1|Gengar, M
|poke|p1|Chansey, F
|poke|p1|Mandibuzz, F
|poke|p1|Clefable, F
|poke|p2|Landorus-Therian, M
|poke|p2|Alakazam, M
|poke|p2|Cloyster, F
|poke|p2|Rotom-Wash
|poke|p2|Ferrothorn, M
|poke|p2|Talonflame, F
|rule|Swagger Clause: Swagger is banned
|rule|Baton Pass Clause: Limit one PokÃ©mon knowing Baton Pass
|rule|Sleep Clause Mod: Limit one foe put to sleep
|rule|Species Clause: Limit one of each PokÃ©mon
|rule|OHKO Clause: OHKO moves are banned
|rule|Moody Clause: Moody is banned
|rule|Evasion Moves Clause: Evasion moves are banned
|rule|Endless Battle Clause: Forcing endless battles is banned
|rule|HP Percentage Mod: HP is shown in percentages
|teampreview
|
|start
|switch|p1a: Ferrothorn|Ferrothorn, M|352\/352
|switch|p2a: Rotom-Wash|Rotom-Wash|241\/241
|turn|1
|
|move|p2a: Rotom-Wash|Trick|p1a: Ferrothorn
|-activate|p2a: Rotom-Wash|move: Trick|[of] p1a: Ferrothorn
|-item|p1a: Ferrothorn|Choice Scarf|[from] move: Trick
|-item|p2a: Rotom-Wash|Leftovers|[from] move: Trick
|move|p1a: Ferrothorn|Stealth Rock|p2a: Rotom-Wash
|-sidestart|p2: Itachi Zoldyck|move: Stealth Rock
|
|turn|2
|
|switch|p1a: Clefable|Clefable, F|394\/394
|move|p2a: Rotom-Wash|Volt Switch|p1a: Clefable
|-damage|p1a: Clefable|279\/394
|
|switch|p2a: Ferrothorn|Ferrothorn, M|352\/352
|-damage|p2a: Ferrothorn|330\/352|[from] Stealth Rock
|
|-heal|p1a: Clefable|303\/394|[from] item: Leftovers
|turn|3
|
|move|p1a: Clefable|Flamethrower|p2a: Ferrothorn
|-supereffective|p2a: Ferrothorn
|-damage|p2a: Ferrothorn|94\/352
|move|p2a: Ferrothorn|Stealth Rock|p1a: Clefable
|-sidestart|p1: Adirat_cuz_Negat|move: Stealth Rock
|
|-heal|p1a: Clefable|327\/394|[from] item: Leftovers
|turn|4
|
|move|p1a: Clefable|Flamethrower|p2a: Ferrothorn
|-supereffective|p2a: Ferrothorn
|-damage|p2a: Ferrothorn|0 fnt
|faint|p2a: Ferrothorn
|
|-heal|p1a: Clefable|351\/394|[from] item: Leftovers
|
|switch|p2a: Talonflame|Talonflame, F|298\/298
|-damage|p2a: Talonflame|149\/298|[from] Stealth Rock
|-enditem|p2a: Talonflame|Sitrus Berry|[eat]
|-heal|p2a: Talonflame|223\/298|[from] item: Sitrus Berry
|turn|5
|
|switch|p1a: Slowbro|Slowbro, F|394\/394
|-damage|p1a: Slowbro|345\/394|[from] Stealth Rock
|move|p2a: Talonflame|Swords Dance|p2a: Talonflame
|-boost|p2a: Talonflame|atk|2
|
|turn|6
|
|detailschange|p1a: Slowbro|Slowbro-Mega, F
|message|Slowbro has Mega Evolved into Mega Slowbro!
|move|p2a: Talonflame|Brave Bird|p1a: Slowbro
|-damage|p1a: Slowbro|203\/394
|-damage|p2a: Talonflame|176\/298|[from] recoil|[of] p1a: Slowbro
|move|p1a: Slowbro|Scald|p2a: Talonflame
|-supereffective|p2a: Talonflame
|-damage|p2a: Talonflame|0 fnt
|faint|p2a: Talonflame
|
|
|switch|p2a: Rotom-Wash|Rotom-Wash|241\/241
|-damage|p2a: Rotom-Wash|211\/241|[from] Stealth Rock
|turn|7
|
|switch|p1a: Ferrothorn|Ferrothorn, M|352\/352
|-damage|p1a: Ferrothorn|330\/352|[from] Stealth Rock
|move|p2a: Rotom-Wash|Volt Switch|p1a: Ferrothorn
|-crit|p1a: Ferrothorn
|-resisted|p1a: Ferrothorn
|-damage|p1a: Ferrothorn|253\/352
|
|switch|p2a: Cloyster|Cloyster, F|242\/242
|-damage|p2a: Cloyster|182\/242|[from] Stealth Rock
|
|turn|8
|
|move|p2a: Cloyster|Shell Smash|p2a: Cloyster
|-boost|p2a: Cloyster|atk|2
|-boost|p2a: Cloyster|spa|2
|-boost|p2a: Cloyster|spe|2
|-unboost|p2a: Cloyster|def|1
|-unboost|p2a: Cloyster|spd|1
|-enditem|p2a: Cloyster|White Herb
|-restoreboost|p2a: Cloyster|[silent]
|move|p1a: Ferrothorn|Thunder Wave|p2a: Cloyster
|-status|p2a: Cloyster|par
|
|turn|9
|
|switch|p1a: Clefable|Clefable, F|351\/394
|move|p2a: Cloyster|Icicle Spear|p1a: Clefable
|-damage|p1a: Clefable|281\/394
|-damage|p1a: Clefable|215\/394
|-damage|p1a: Clefable|140\/394
|-damage|p1a: Clefable|74\/394
|-damage|p1a: Clefable|4\/394
|-hitcount|p1a: Clefable|5
|
|-heal|p1a: Clefable|28\/394|[from] item: Leftovers
|turn|10
|
|move|p1a: Clefable|Moonblast|p2a: Cloyster
|-damage|p2a: Cloyster|0 fnt
|faint|p2a: Cloyster
|
|-heal|p1a: Clefable|52\/394|[from] item: Leftovers
|
|switch|p2a: Rotom-Wash|Rotom-Wash|211\/241
|-damage|p2a: Rotom-Wash|181\/241|[from] Stealth Rock
|turn|11
|
|switch|p1a: Ferrothorn|Ferrothorn, M|253\/352
|-damage|p1a: Ferrothorn|231\/352|[from] Stealth Rock
|move|p2a: Rotom-Wash|Volt Switch|p1a: Ferrothorn
|-resisted|p1a: Ferrothorn
|-damage|p1a: Ferrothorn|185\/352
|
|switch|p2a: Alakazam|Alakazam, M|252\/252
|-damage|p2a: Alakazam|221\/252|[from] Stealth Rock
|
|turn|12
|
|detailschange|p2a: Alakazam|Alakazam-Mega, M
|message|Alakazam has Mega Evolved into Mega Alakazam!
|-ability|p2a: Alakazam|Iron Barbs|[from] ability: Trace|[of] p1a: Ferrothorn
|move|p2a: Alakazam|Substitute|p2a: Alakazam
|-start|p2a: Alakazam|Substitute
|-damage|p2a: Alakazam|158\/252
|move|p1a: Ferrothorn|Gyro Ball|p2a: Alakazam
|-end|p2a: Alakazam|Substitute
|
|turn|13
|
|move|p2a: Alakazam|Focus Blast|p1a: Ferrothorn|[miss]
|-miss|p2a: Alakazam|p1a: Ferrothorn
|move|p1a: Ferrothorn|Gyro Ball|p2a: Alakazam
|-damage|p2a: Alakazam|0 fnt
|-damage|p1a: Ferrothorn|141\/352|[from] ability: Iron Barbs|[of] p2a: Alakazam
|faint|p2a: Alakazam
|
|-message|Itachi Zoldyck forfeited.
|
|win|Adirat_cuz_Negat
|raw|Ladder updating...
|leave|Itachi Zoldyck
|player|p2
|raw|Adirat_cuz_Negat's rating: 1457 &rarr; <strong>1474<\/strong><br \/>(+17 for winning)
|raw|Itachi Zoldyck's rating: 1405 &rarr; <strong>1388<\/strong><br \/>(-17 for losing)