|join|Adirat_cuz_Negat
|join|TMasterPu
|player|p1|Adirat_cuz_Negat|246
|player|p2|TMasterPu|209
|gametype|singles
|gen|6
|tier|OU
|rated
|clearpoke
|poke|p1|Beedrill, F
|poke|p1|Magnezone
|poke|p1|Talonflame, F
|poke|p1|Celebi
|poke|p1|Starmie
|poke|p1|Landorus-Therian, M
|poke|p2|Gothitelle, M
|poke|p2|Sableye, F
|poke|p2|Chansey, F
|poke|p2|Cresselia, F
|poke|p2|Quagsire, M
|poke|p2|Skarmory, F
|rule|Swagger Clause: Swagger is banned
|rule|Baton Pass Clause: Limit one PokÃ©mon knowing Baton Pass
|rule|Sleep Clause Mod: Limit one foe put to sleep
|rule|Species Clause: Limit one of each PokÃ©mon
|rule|OHKO Clause: OHKO moves are banned
|rule|Moody Clause: Moody is banned
|rule|Evasion Moves Clause: Evasion moves are banned
|rule|Endless Battle Clause: Forcing endless battles is banned
|rule|HP Percentage Mod: HP is shown in percentages
|teampreview
|
|start
|switch|p1a: Landorus-Therian|Landorus-Therian, M|368\/368
|switch|p2a: Sableye|Sableye, F|304\/304
|-ability|p1a: Landorus-Therian|Intimidate|[of] p2a: Sableye
|-unboost|p2a: Sableye|atk|1
|turn|1
|
|switch|p1a: Talonflame|Talonflame, F|297\/297
|move|p2a: Sableye|Will-O-Wisp|p1a: Talonflame
|-fail|p1a: Talonflame
|
|turn|2
|
|switch|p2a: Quagsire|Quagsire, M|394\/394
|move|p1a: Talonflame|U-turn|p2a: Quagsire
|-damage|p2a: Quagsire|326\/394
|
|switch|p1a: Celebi|Celebi|359\/359
|
|-heal|p2a: Quagsire|350\/394|[from] item: Leftovers
|turn|3
|
|switch|p2a: Sableye|Sableye, F|304\/304
|move|p1a: Celebi|Swords Dance|p1a: Celebi
|-boost|p1a: Celebi|atk|2
|
|turn|4
|
|move|p2a: Sableye|Will-O-Wisp|p1a: Celebi
|-status|p1a: Celebi|brn
|move|p1a: Celebi|Baton Pass|p1a: Celebi
|
|switch|p1a: Talonflame|Talonflame, F|297\/297
|
|turn|5
|
|switch|p2a: Quagsire|Quagsire, M|350\/394
|move|p1a: Talonflame|Brave Bird|p2a: Quagsire
|-damage|p2a: Quagsire|152\/394
|-damage|p1a: Talonflame|232\/297|[from] recoil|[of] p2a: Quagsire
|
|-heal|p2a: Quagsire|176\/394|[from] item: Leftovers
|turn|6
|
|move|p1a: Talonflame|Brave Bird|p2a: Quagsire
|-damage|p2a: Quagsire|0 fnt
|-damage|p1a: Talonflame|174\/297|[from] recoil|[of] p2a: Quagsire
|faint|p2a: Quagsire
|
|
|switch|p2a: Skarmory|Skarmory, F|334\/334
|turn|7
|
|switch|p1a: Magnezone|Magnezone|281\/281
|move|p2a: Skarmory|Brave Bird|p1a: Magnezone
|-resisted|p1a: Magnezone
|-damage|p1a: Magnezone|256\/281
|-damage|p2a: Skarmory|326\/334|[from] recoil|[of] p1a: Magnezone
|
|turn|8
|
|switch|p2a: Chansey|Chansey, F|642\/642
|move|p1a: Magnezone|Volt Switch|p2a: Chansey
|-damage|p2a: Chansey|578\/642
|
|switch|p1a: Landorus-Therian|Landorus-Therian, M|368\/368
|-ability|p1a: Landorus-Therian|Intimidate|[of] p2a: Chansey
|-unboost|p2a: Chansey|atk|1
|
|turn|9
|
|switch|p2a: Sableye|Sableye, F|304\/304
|move|p1a: Landorus-Therian|Knock Off|p2a: Sableye
|-damage|p2a: Sableye|244\/304
|
|turn|10
|
|switch|p1a: Magnezone|Magnezone|256\/281
|move|p2a: Sableye|Will-O-Wisp|p1a: Magnezone
|-status|p1a: Magnezone|brn
|
|-damage|p1a: Magnezone|221\/281 brn|[from] brn
|turn|11
|
|switch|p2a: Chansey|Chansey, F|578\/642
|move|p1a: Magnezone|Volt Switch|p2a: Chansey
|-damage|p2a: Chansey|512\/642
|
|switch|p1a: Landorus-Therian|Landorus-Therian, M|368\/368
|-ability|p1a: Landorus-Therian|Intimidate|[of] p2a: Chansey
|-unboost|p2a: Chansey|atk|1
|
|turn|12
|
|switch|p2a: Sableye|Sableye, F|244\/304
|move|p1a: Landorus-Therian|Stealth Rock|p2a: Sableye
|-sidestart|p2: TMasterPu|move: Stealth Rock
|
|turn|13
|
|switch|p1a: Talonflame|Talonflame, F|174\/297
|move|p2a: Sableye|Will-O-Wisp|p1a: Talonflame
|-fail|p1a: Talonflame
|
|turn|14
|
|switch|p2a: Skarmory|Skarmory, F|326\/334
|-damage|p2a: Skarmory|285\/334|[from] Stealth Rock
|move|p1a: Talonflame|U-turn|p2a: Skarmory
|-resisted|p2a: Skarmory
|-damage|p2a: Skarmory|272\/334
|
|switch|p1a: Magnezone|Magnezone|221\/281 brn
|
|-damage|p1a: Magnezone|186\/281 brn|[from] brn
|turn|15
|
|switch|p2a: Cresselia|Cresselia, F|444\/444
|-damage|p2a: Cresselia|389\/444|[from] Stealth Rock
|move|p1a: Magnezone|Volt Switch|p2a: Cresselia
|-crit|p2a: Cresselia
|-damage|p2a: Cresselia|232\/444
|
|switch|p1a: Beedrill|Beedrill, F|271\/271
|
|-heal|p2a: Cresselia|259\/444|[from] item: Leftovers
|turn|16
|
|switch|p2a: Skarmory|Skarmory, F|272\/334
|-damage|p2a: Skarmory|231\/334|[from] Stealth Rock
|detailschange|p1a: Beedrill|Beedrill-Mega, F
|-mega|p1a: Beedrill|Beedrill|Beedrillite
|move|p1a: Beedrill|U-turn|p2a: Skarmory
|-resisted|p2a: Skarmory
|-damage|p2a: Skarmory|205\/334
|
|switch|p1a: Magnezone|Magnezone|186\/281 brn
|
|-damage|p1a: Magnezone|151\/281 brn|[from] brn
|turn|17
|
|switch|p2a: Chansey|Chansey, F|512\/642
|-damage|p2a: Chansey|432\/642|[from] Stealth Rock
|move|p1a: Magnezone|Volt Switch|p2a: Chansey
|-damage|p2a: Chansey|366\/642
|
|switch|p1a: Celebi|Celebi|359\/359
|
|turn|18
|
|move|p1a: Celebi|Swords Dance|p1a: Celebi
|-boost|p1a: Celebi|atk|2
|move|p2a: Chansey|Soft-Boiled|p2a: Chansey
|-heal|p2a: Chansey|642\/642
|
|turn|19
|
|move|p1a: Celebi|Swords Dance|p1a: Celebi
|-boost|p1a: Celebi|atk|2
|move|p2a: Chansey|Stealth Rock|p1a: Celebi
|-sidestart|p1: Adirat_cuz_Negat|move: Stealth Rock
|
|turn|20
|
|move|p1a: Celebi|Swords Dance|p1a: Celebi
|-boost|p1a: Celebi|atk|2
|move|p2a: Chansey|Seismic Toss|p1a: Celebi
|-damage|p1a: Celebi|259\/359
|
|-heal|p1a: Celebi|281\/359|[from] item: Leftovers
|turn|21
|
|switch|p2a: Skarmory|Skarmory, F|205\/334
|-damage|p2a: Skarmory|164\/334|[from] Stealth Rock
|move|p1a: Celebi|Seed Bomb|p2a: Skarmory
|-resisted|p2a: Skarmory
|-damage|p2a: Skarmory|95\/334
|
|-heal|p1a: Celebi|303\/359|[from] item: Leftovers
|turn|22
|
|move|p1a: Celebi|Zen Headbutt|p2a: Skarmory
|-resisted|p2a: Skarmory
|-damage|p2a: Skarmory|0 fnt
|faint|p2a: Skarmory
|
|-heal|p1a: Celebi|325\/359|[from] item: Leftovers
|-message|TMasterPu forfeited.
|leave|TMasterPu
|
|win|Adirat_cuz_Negat
|raw|Ladder updating...
|player|p2
|raw|Adirat_cuz_Negat's rating: 1596 &rarr; <strong>1618<\/strong><br \/>(+22 for winning)
|raw|TMasterPu's rating: 1637 &rarr; <strong>1615<\/strong><br \/>(-22 for losing)