|join|DONGER MANAGEMENT
|join|n o t dad s dad
|player|p1|DONGER MANAGEMENT|171
|player|p2|n o t dad s dad|108
|gametype|singles
|gen|6
|tier|UU
|rated
|rule|Sleep Clause Mod: Limit one foe put to sleep
|rule|Species Clause: Limit one of each PokÃ©mon
|rule|OHKO Clause: OHKO moves are banned
|rule|Moody Clause: Moody is banned
|rule|Evasion Moves Clause: Evasion moves are banned
|rule|Endless Battle Clause: Forcing endless battles is banned
|rule|HP Percentage Mod: HP is shown in percentages
|clearpoke
|poke|p1|Azelf
|poke|p1|Doublade, F
|poke|p1|Zygarde
|poke|p1|Alakazam, M
|poke|p1|Togekiss, F
|poke|p1|Raikou
|poke|p2|Altaria, M
|poke|p2|Aromatisse, F
|poke|p2|Tentacruel, F
|poke|p2|Gligar, M
|poke|p2|Jirachi
|poke|p2|Hydreigon, M
|rule|Swagger Clause: Swagger is banned
|rule|Baton Pass Clause: Limit one PokÃ©mon knowing Baton Pass
|teampreview
|c|ân o t dad s dad|lol
|c|âDONGER MANAGEMENT|kek
|
|start
|switch|p1a: Azelf|Azelf|291\/291
|switch|p2a: Jirachi|Jirachi|341\/341
|turn|1
|
|move|p2a: Jirachi|U-turn|p1a: Azelf
|-supereffective|p1a: Azelf
|-damage|p1a: Azelf|111\/291
|
|switch|p2a: Aromatisse|Aromatisse, F|404\/404
|move|p1a: Azelf|Stealth Rock|p2a: Aromatisse
|-sidestart|p2: n o t dad s dad|move: Stealth Rock
|
|turn|2
|
|switch|p1a: Doublade|Doublade, F|322\/322
|move|p2a: Aromatisse|Moonblast|p1a: Doublade
|-resisted|p1a: Doublade
|-damage|p1a: Doublade|263\/322
|
|turn|3
|join|sniperaim
|
|switch|p1a: Alakazam|Alakazam, M|252\/252
|switch|p2a: Tentacruel|Tentacruel, F|361\/361
|-damage|p2a: Tentacruel|316\/361|[from] Stealth Rock
|
|-heal|p2a: Tentacruel|338\/361|[from] item: Black Sludge
|turn|4
|c|ân o t dad s dad|gtfo sean
|
|switch|p2a: Gligar|Gligar, M|333\/333
|-damage|p2a: Gligar|292\/333|[from] Stealth Rock
|detailschange|p1a: Alakazam|Alakazam-Mega, M
|message|Alakazam has Mega Evolved into Mega Alakazam!
|-ability|p1a: Alakazam|Immunity|[from] ability: Trace|[of] p2a: Gligar
|move|p1a: Alakazam|Psyshock|p2a: Gligar
|-crit|p2a: Gligar
|-damage|p2a: Gligar|138\/333
|
|turn|5
|c| sniperaim|lol
|c| sniperaim|gotta watch u lose first
|c|ân o t dad s dad|dont hp ice me
|
|move|p1a: Alakazam|Calm Mind|p1a: Alakazam
|-boost|p1a: Alakazam|spa|1
|-boost|p1a: Alakazam|spd|1
|move|p2a: Gligar|Roost|p2a: Gligar
|-heal|p2a: Gligar|305\/333
|
|turn|6
|c|âDONGER MANAGEMENT|tf are you pdef for
|
|move|p1a: Alakazam|Psyshock|p2a: Gligar
|-damage|p2a: Gligar|137\/333
|move|p2a: Gligar|U-turn|p1a: Alakazam
|-supereffective|p1a: Alakazam
|-damage|p1a: Alakazam|126\/252
|
|switch|p2a: Jirachi|Jirachi|341\/341
|-damage|p2a: Jirachi|320\/341|[from] Stealth Rock
|
|turn|7
|
|switch|p1a: Azelf|Azelf|111\/291
|move|p2a: Jirachi|U-turn|p1a: Azelf
|-supereffective|p1a: Azelf
|-damage|p1a: Azelf|0 fnt
|faint|p1a: Azelf
|c|ân o t dad s dad|>implying im physdef gligar
|c|ân o t dad s dad|i have 52 def evs lol
|c|âDONGER MANAGEMENT|o
|
|switch|p2a: Aromatisse|Aromatisse, F|404\/404
|-damage|p2a: Aromatisse|354\/404|[from] Stealth Rock
|
|-heal|p2a: Aromatisse|379\/404|[from] item: Leftovers
|
|switch|p1a: Togekiss|Togekiss, F|371\/371
|turn|8
|
|move|p1a: Togekiss|Nasty Plot|p1a: Togekiss
|-boost|p1a: Togekiss|spa|2
|move|p2a: Aromatisse|Wish|p2a: Aromatisse
|
|-heal|p2a: Aromatisse|404\/404|[from] item: Leftovers
|turn|9
|c|ân o t dad s dad|dnt flamethrower here
|
|switch|p2a: Jirachi|Jirachi|320\/341
|-damage|p2a: Jirachi|299\/341|[from] Stealth Rock
|move|p1a: Togekiss|Air Slash|p2a: Jirachi
|-resisted|p2a: Jirachi
|-damage|p2a: Jirachi|195\/341
|
|-heal|p2a: Jirachi|341\/341|[from] move: Wish|[wisher] Aromatisse
|turn|10
|
|move|p2a: Jirachi|U-turn|p1a: Togekiss
|-resisted|p1a: Togekiss
|-damage|p1a: Togekiss|359\/371
|c|âDONGER MANAGEMENT|kekt
|c|ân o t dad s dad|:[
|
|switch|p2a: Gligar|Gligar, M|137\/333
|-damage|p2a: Gligar|96\/333|[from] Stealth Rock
|move|p1a: Togekiss|Baton Pass|p1a: Togekiss
|c|ân o t dad s dad|oml
|
|switch|p1a: Raikou|Raikou|322\/322
|-ability|p1a: Raikou|Pressure
|
|turn|11
|c|ân o t dad s dad|this cancer
|
|move|p1a: Raikou|Extrasensory|p2a: Gligar
|-damage|p2a: Gligar|0 fnt
|faint|p2a: Gligar
|
|c|âDONGER MANAGEMENT|i'm not hp ice!
|c|ân o t dad s dad|i know ur not
|c|ân o t dad s dad|kek
|join|Rudeman130498
|
|switch|p2a: Altaria|Altaria, M|343\/343
|-damage|p2a: Altaria|258\/343|[from] Stealth Rock
|turn|12
|c|ân o t dad s dad|u better not ct me
|c|âDONGER MANAGEMENT|wow that ruse
|c|âDONGER MANAGEMENT|is that anger
|
|detailschange|p2a: Altaria|Altaria-Mega, M
|message|Altaria has Mega Evolved into Mega Altaria!
|move|p1a: Raikou|Extrasensory|p2a: Altaria
|-damage|p2a: Altaria|94\/343
|move|p2a: Altaria|Dragon Dance|p2a: Altaria
|-boost|p2a: Altaria|atk|1
|-boost|p2a: Altaria|spe|1
|
|turn|13
|c| Rudeman130498|this is a p. good alt
|c|ân o t dad s dad|kek
|c|ân o t dad s dad|fucking ate it
|c| Rudeman130498|similar colour too
|c|ân o t dad s dad|sean do u want to suck my dick sometime in the future?
|
|switch|p1a: Doublade|Doublade, F|263\/322
|move|p2a: Altaria|Roost|p2a: Altaria
|-heal|p2a: Altaria|266\/343
|
|turn|14
|
|switch|p2a: Tentacruel|Tentacruel, F|338\/361
|-damage|p2a: Tentacruel|293\/361|[from] Stealth Rock
|move|p1a: Doublade|Iron Head|p2a: Tentacruel
|-resisted|p2a: Tentacruel
|-damage|p2a: Tentacruel|232\/361
|
|-heal|p2a: Tentacruel|254\/361|[from] item: Black Sludge
|turn|15
|
|switch|p1a: Alakazam|Alakazam-Mega, M|126\/252
|-ability|p1a: Alakazam|Liquid Ooze|[from] ability: Trace|[of] p2a: Tentacruel
|move|p2a: Tentacruel|Toxic Spikes|p1a: Alakazam
|-sidestart|p1: DONGER MANAGEMENT|move: Toxic Spikes
|
|-heal|p2a: Tentacruel|276\/361|[from] item: Black Sludge
|turn|16
|
|move|p1a: Alakazam|Psyshock|p2a: Tentacruel
|-supereffective|p2a: Tentacruel
|-damage|p2a: Tentacruel|0 fnt
|faint|p2a: Tentacruel
|
|c|ân o t dad s dad|what even is shadow ball :[
|
|switch|p2a: Jirachi|Jirachi|341\/341
|-damage|p2a: Jirachi|320\/341|[from] Stealth Rock
|turn|17
|
|switch|p1a: Togekiss|Togekiss, F|359\/371
|move|p2a: Jirachi|U-turn|p1a: Togekiss
|-resisted|p1a: Togekiss
|-damage|p1a: Togekiss|347\/371
|c| sniperaim|lol
|
|switch|p2a: Hydreigon|Hydreigon, M|325\/325
|-damage|p2a: Hydreigon|285\/325|[from] Stealth Rock
|
|-heal|p1a: Togekiss|370\/371|[from] item: Leftovers
|turn|18
|
|switch|p1a: Raikou|Raikou|322\/322
|-status|p1a: Raikou|psn
|-ability|p1a: Raikou|Pressure
|move|p2a: Hydreigon|Iron Tail|p1a: Raikou|[miss]
|-miss|p2a: Hydreigon|p1a: Raikou
|
|-damage|p1a: Raikou|282\/322 psn|[from] psn
|turn|19
|c|ân o t dad s dad|cant even show off my innovation
|c|ân o t dad s dad|:[
|
|move|p1a: Raikou|Thunderbolt|p2a: Hydreigon
|-resisted|p2a: Hydreigon
|-damage|p2a: Hydreigon|206\/325
|move|p2a: Hydreigon|Draco Meteor|p1a: Raikou
|-damage|p1a: Raikou|0 fnt
|-unboost|p2a: Hydreigon|spa|2
|-damage|p2a: Hydreigon|174\/325|[from] item: Life Orb
|faint|p1a: Raikou
|
|c| sniperaim|this game is fun to watch
|c| sniperaim|:)
|c|ân o t dad s dad|stfu sean
|c|ân o t dad s dad|ur cancer
|
|switch|p1a: Alakazam|Alakazam-Mega, M|126\/252
|-status|p1a: Alakazam|psn
|-ability|p1a: Alakazam|Levitate|[from] ability: Trace|[of] p2a: Hydreigon
|turn|20
|c| sniperaim|lmao
|c|âDONGER MANAGEMENT|tfw that happens before i trace
|join|THE_iTodd
|
|switch|p2a: Aromatisse|Aromatisse, F|404\/404
|-damage|p2a: Aromatisse|354\/404|[from] Stealth Rock
|move|p1a: Alakazam|Focus Blast|p2a: Aromatisse|[miss]
|-miss|p1a: Alakazam|p2a: Aromatisse
|
|-heal|p2a: Aromatisse|379\/404|[from] item: Leftovers
|-damage|p1a: Alakazam|95\/252 psn|[from] psn
|turn|21
|c|ân o t dad s dad|kek
|c|ân o t dad s dad|get glasses fgt
|
|switch|p1a: Doublade|Doublade, F|263\/322
|move|p2a: Aromatisse|Wish|p2a: Aromatisse
|
|-heal|p2a: Aromatisse|404\/404|[from] item: Leftovers
|turn|22
|c| THE_iTodd|which one
|c| THE_iTodd|o
|c| THE_iTodd|nvr mind
|
|switch|p2a: Jirachi|Jirachi|320\/341
|-damage|p2a: Jirachi|299\/341|[from] Stealth Rock
|move|p1a: Doublade|Iron Head|p2a: Jirachi
|-resisted|p2a: Jirachi
|-damage|p2a: Jirachi|227\/341
|
|-heal|p2a: Jirachi|341\/341|[from] move: Wish|[wisher] Aromatisse
|turn|23
|
|move|p2a: Jirachi|Trick|p1a: Doublade
|-activate|p2a: Jirachi|move: Trick|[of] p1a: Doublade
|-item|p1a: Doublade|Choice Scarf|[from] move: Trick
|-item|p2a: Jirachi|Eviolite|[from] move: Trick
|move|p1a: Doublade|Pursuit|p2a: Jirachi
|-supereffective|p2a: Jirachi
|-damage|p2a: Jirachi|253\/341
|
|turn|24
|c|âDONGER MANAGEMENT|fuck
|c|ân o t dad s dad|kek
|join|LiberalLucario
|
|switch|p1a: Togekiss|Togekiss, F|370\/371
|move|p2a: Jirachi|Fire Punch|p1a: Togekiss
|-damage|p1a: Togekiss|315\/371
|
|-heal|p1a: Togekiss|338\/371|[from] item: Leftovers
|turn|25
|c|ân o t dad s dad|the counter
|
|switch|p1a: Doublade|Doublade, F|263\/322
|move|p2a: Jirachi|Iron Head|p1a: Doublade
|-resisted|p1a: Doublade
|-damage|p1a: Doublade|221\/322
|
|turn|26
|
|move|p1a: Doublade|Shadow Sneak|p2a: Jirachi
|-supereffective|p2a: Jirachi
|-damage|p2a: Jirachi|109\/341
|move|p2a: Jirachi|Fire Punch|p1a: Doublade
|-supereffective|p1a: Doublade
|-damage|p1a: Doublade|123\/322
|
|turn|27
|join|Shit User
|
|switch|p2a: Altaria|Altaria-Mega, M|266\/343
|-damage|p2a: Altaria|224\/343|[from] Stealth Rock
|move|p1a: Doublade|Shadow Sneak|p2a: Altaria
|-damage|p2a: Altaria|157\/343
|
|turn|28
|
|switch|p1a: Togekiss|Togekiss, F|338\/371
|move|p2a: Altaria|Substitute|p2a: Altaria
|-start|p2a: Altaria|Substitute
|-damage|p2a: Altaria|72\/343
|
|-heal|p1a: Togekiss|361\/371|[from] item: Leftovers
|turn|29
|join|baenail
|
|move|p2a: Altaria|Dragon Dance|p2a: Altaria
|-boost|p2a: Altaria|atk|1
|-boost|p2a: Altaria|spe|1
|move|p1a: Togekiss|Air Slash|p2a: Altaria
|-end|p2a: Altaria|Substitute
|
|-heal|p1a: Togekiss|371\/371|[from] item: Leftovers
|turn|30
|c| Shit User|nice gobo
|
|move|p2a: Altaria|Roost|p2a: Altaria
|-heal|p2a: Altaria|244\/343
|move|p1a: Togekiss|Nasty Plot|p1a: Togekiss
|-boost|p1a: Togekiss|spa|2
|
|turn|31
|c|ân o t dad s dad|i gobo whenever the fuck i want
|c| Shit User|crit
|
|move|p2a: Altaria|Frustration|p1a: Togekiss
|-crit|p1a: Togekiss
|-damage|p1a: Togekiss|34\/371
|move|p1a: Togekiss|Air Slash|p2a: Altaria
|-damage|p2a: Altaria|43\/343
|
|-heal|p1a: Togekiss|57\/371|[from] item: Leftovers
|turn|32
|c| Shit User|lol
|c|ân o t dad s dad|ty shit user
|c| sniperaim|lol
|
|move|p2a: Altaria|Frustration|p1a: Togekiss
|-damage|p1a: Togekiss|0 fnt
|faint|p1a: Togekiss
|
|
|switch|p1a: Alakazam|Alakazam-Mega, M|95\/252 psn
|-ability|p1a: Alakazam|Pixilate|[from] ability: Trace|[of] p2a: Altaria
|turn|33
|
|move|p1a: Alakazam|Psyshock|p2a: Altaria
|-damage|p2a: Altaria|0 fnt
|faint|p2a: Altaria
|
|-damage|p1a: Alakazam|64\/252 psn|[from] psn
|
|switch|p2a: Aromatisse|Aromatisse, F|404\/404
|-damage|p2a: Aromatisse|354\/404|[from] Stealth Rock
|turn|34
|
|switch|p1a: Doublade|Doublade, F|123\/322
|move|p2a: Aromatisse|Wish|p2a: Aromatisse
|
|-heal|p2a: Aromatisse|379\/404|[from] item: Leftovers
|turn|35
|
|move|p2a: Aromatisse|Protect|p2a: Aromatisse
|-singleturn|p2a: Aromatisse|Protect
|move|p1a: Doublade|Iron Head|p2a: Aromatisse
|-activate|p2a: Aromatisse|Protect
|
|-heal|p2a: Aromatisse|404\/404|[from] move: Wish|[wisher] Aromatisse
|turn|36
|
|move|p1a: Doublade|Iron Head|p2a: Aromatisse
|-supereffective|p2a: Aromatisse
|-damage|p2a: Aromatisse|176\/404
|move|p2a: Aromatisse|Wish|p2a: Aromatisse
|
|-heal|p2a: Aromatisse|201\/404|[from] item: Leftovers
|turn|37
|c|âDONGER MANAGEMENT|>no flinch
|
|switch|p1a: Alakazam|Alakazam-Mega, M|64\/252 psn
|-ability|p1a: Alakazam|Aroma Veil|[from] ability: Trace|[of] p2a: Aromatisse
|switch|p2a: Jirachi|Jirachi|109\/341
|-damage|p2a: Jirachi|88\/341|[from] Stealth Rock
|
|-heal|p2a: Jirachi|290\/341|[from] move: Wish|[wisher] Aromatisse
|-damage|p1a: Alakazam|33\/252 psn|[from] psn
|turn|38
|c|ân o t dad s dad|>weak af
|
|move|p1a: Alakazam|Shadow Ball|p2a: Jirachi
|-supereffective|p2a: Jirachi
|-damage|p2a: Jirachi|56\/341
|move|p2a: Jirachi|Fire Punch|p1a: Alakazam
|-damage|p1a: Alakazam|0 fnt
|faint|p1a: Alakazam
|
|c|ân o t dad s dad|lol so fkn weak
|
|switch|p1a: Zygarde|Zygarde|357\/357
|-status|p1a: Zygarde|psn
|-ability|p1a: Zygarde|Aura Break
|turn|39
|join|ZACH IS LLAMA KING
|c|ân o t dad s dad|ur bout to get flinched to death
|
|move|p1a: Zygarde|Extreme Speed|p2a: Jirachi
|-resisted|p2a: Jirachi
|-damage|p2a: Jirachi|0 fnt
|-damage|p1a: Zygarde|322\/357 psn|[from] item: Life Orb
|faint|p2a: Jirachi
|
|-damage|p1a: Zygarde|278\/357 psn|[from] psn
|c|ân o t dad s dad|o
|c| sniperaim|looool
|join|DrReuniclus3
|
|switch|p2a: Hydreigon|Hydreigon, M|174\/325
|-damage|p2a: Hydreigon|134\/325|[from] Stealth Rock
|turn|40
|join|LLAMA USED FLY
|c| LLAMA USED FLY|Yes
|c|ân o t dad s dad|plz dont kill
|
|move|p1a: Zygarde|Extreme Speed|p2a: Hydreigon
|-damage|p2a: Hydreigon|0 fnt
|-damage|p1a: Zygarde|243\/357 psn|[from] item: Life Orb
|faint|p2a: Hydreigon
|
|-damage|p1a: Zygarde|199\/357 psn|[from] psn
|c|ân o t dad s dad|zygarde is cancer
|c|âDONGER MANAGEMENT|epic
|c| LLAMA USED FLY|Dis is bootfiul
|
|switch|p2a: Aromatisse|Aromatisse, F|201\/404
|-damage|p2a: Aromatisse|151\/404|[from] Stealth Rock
|turn|41
|c| sniperaim|spoiler: dads dad loses yet again!
|c|ân o t dad s dad|stfu sean
|
|move|p1a: Zygarde|Earthquake|p2a: Aromatisse
|-damage|p2a: Aromatisse|0 fnt
|-damage|p1a: Zygarde|164\/357 psn|[from] item: Life Orb
|faint|p2a: Aromatisse
|
|win|DONGER MANAGEMENT
|raw|Ladder updating...
|c| DrReuniclus3|he's
|c| DrReuniclus3|not
|c| DrReuniclus3|dad's dad
|c| LLAMA USED FLY|If you have 12 babies and give 4 away, how many do you have?
|c| sniperaim|lmao