|join|DONGER MANAGEMENT
|join|Century Express
|player|p1|DONGER MANAGEMENT|171
|player|p2|Century Express|259
|gametype|singles
|gen|6
|tier|UU
|rated
|rule|Sleep Clause Mod: Limit one foe put to sleep
|rule|Species Clause: Limit one of each PokÃ©mon
|rule|OHKO Clause: OHKO moves are banned
|rule|Moody Clause: Moody is banned
|rule|Evasion Moves Clause: Evasion moves are banned
|rule|Endless Battle Clause: Forcing endless battles is banned
|rule|HP Percentage Mod: HP is shown in percentages
|clearpoke
|poke|p1|Azelf
|poke|p1|Doublade, F
|poke|p1|Zygarde
|poke|p1|Alakazam, F
|poke|p1|Togekiss, F
|poke|p1|Raikou
|poke|p2|Diancie
|poke|p2|Infernape, M
|poke|p2|Bronzong
|poke|p2|Crobat, M
|poke|p2|Shaymin
|poke|p2|Jirachi
|rule|Swagger Clause: Swagger is banned
|rule|Baton Pass Clause: Limit one PokÃ©mon knowing Baton Pass
|teampreview
|
|start
|switch|p1a: Doublade|Doublade, F|322\/322
|switch|p2a: Purple Haze|Crobat, M|321\/321
|turn|1
|
|move|p2a: Purple Haze|Taunt|p1a: Doublade
|-start|p1a: Doublade|move: Taunt
|move|p1a: Doublade|Iron Head|p2a: Purple Haze
|-damage|p2a: Purple Haze|167\/321
|
|turn|2
|
|move|p2a: Purple Haze|Roost|p2a: Purple Haze
|-heal|p2a: Purple Haze|321\/321
|move|p1a: Doublade|Pursuit|p2a: Purple Haze
|-damage|p2a: Purple Haze|259\/321
|
|turn|3
|
|move|p2a: Purple Haze|U-turn|p1a: Doublade
|-resisted|p1a: Doublade
|-damage|p1a: Doublade|315\/322
|
|switch|p2a: Rose of May|Shaymin|349\/349
|move|p1a: Doublade|Iron Head|p2a: Rose of May
|-damage|p2a: Rose of May|205\/349
|
|-end|p1a: Doublade|move: Taunt
|turn|4
|
|switch|p1a: Azelf|Azelf|291\/291
|move|p2a: Rose of May|Synthesis|p2a: Rose of May
|-heal|p2a: Rose of May|349\/349
|
|turn|5
|
|move|p1a: Azelf|Stealth Rock|p2a: Rose of May
|-sidestart|p2: Century Express|move: Stealth Rock
|move|p2a: Rose of May|Seed Flare|p1a: Azelf
|-crit|p1a: Azelf
|-enditem|p1a: Azelf|Focus Sash
|-damage|p1a: Azelf|1\/291
|-unboost|p1a: Azelf|spd|2
|-damage|p2a: Rose of May|315\/349|[from] item: Life Orb
|
|turn|6
|
|move|p1a: Azelf|Fire Blast|p2a: Rose of May
|-supereffective|p2a: Rose of May
|-damage|p2a: Rose of May|51\/349
|move|p2a: Rose of May|Hidden Power|p1a: Azelf
|-damage|p1a: Azelf|0 fnt
|-damage|p2a: Rose of May|17\/349|[from] item: Life Orb
|faint|p1a: Azelf
|
|
|switch|p1a: Raikou|Raikou|322\/322
|-ability|p1a: Raikou|Pressure
|turn|7
|
|move|p1a: Raikou|Volt Switch|p2a: Rose of May
|-crit|p2a: Rose of May
|-resisted|p2a: Rose of May
|-damage|p2a: Rose of May|0 fnt
|faint|p2a: Rose of May
|
|switch|p1a: Doublade|Doublade, F|315\/322
|
|
|switch|p2a: Lanky Kong|Infernape, M|293\/293
|-damage|p2a: Lanky Kong|257\/293|[from] Stealth Rock
|turn|8
|
|switch|p1a: Togekiss|Togekiss, F|371\/371
|move|p2a: Lanky Kong|Fire Blast|p1a: Togekiss
|-crit|p1a: Togekiss
|-damage|p1a: Togekiss|105\/371
|-damage|p2a: Lanky Kong|228\/293|[from] item: Life Orb
|
|-heal|p1a: Togekiss|128\/371|[from] item: Leftovers
|turn|9
|
|move|p2a: Lanky Kong|Gunk Shot|p1a: Togekiss
|-supereffective|p1a: Togekiss
|-damage|p1a: Togekiss|0 fnt
|-damage|p2a: Lanky Kong|199\/293|[from] item: Life Orb
|faint|p1a: Togekiss
|
|
|switch|p1a: Alakazam|Alakazam, F|252\/252
|turn|10
|
|switch|p2a: Twin Mirror|Bronzong|338\/338
|-damage|p2a: Twin Mirror|317\/338|[from] Stealth Rock
|detailschange|p1a: Alakazam|Alakazam-Mega, F
|message|Alakazam has Mega Evolved into Mega Alakazam!
|-ability|p1a: Alakazam|Levitate|[from] ability: Trace|[of] p2a: Twin Mirror
|move|p1a: Alakazam|Psyshock|p2a: Twin Mirror
|-resisted|p2a: Twin Mirror
|-damage|p2a: Twin Mirror|281\/338
|
|-heal|p2a: Twin Mirror|302\/338|[from] item: Leftovers
|turn|11
|
|move|p1a: Alakazam|Shadow Ball|p2a: Twin Mirror
|-supereffective|p2a: Twin Mirror
|-damage|p2a: Twin Mirror|148\/338
|move|p2a: Twin Mirror|Stealth Rock|p1a: Alakazam
|-sidestart|p1: DONGER MANAGEMENT|move: Stealth Rock
|
|-heal|p2a: Twin Mirror|169\/338|[from] item: Leftovers
|turn|12
|
|move|p1a: Alakazam|Shadow Ball|p2a: Twin Mirror
|-supereffective|p2a: Twin Mirror
|-damage|p2a: Twin Mirror|11\/338
|-unboost|p2a: Twin Mirror|spd|1
|move|p2a: Twin Mirror|Gyro Ball|p1a: Alakazam
|-crit|p1a: Alakazam
|-damage|p1a: Alakazam|0 fnt
|faint|p1a: Alakazam
|
|-heal|p2a: Twin Mirror|32\/338|[from] item: Leftovers
|
|switch|p1a: Doublade|Doublade, F|315\/322
|-damage|p1a: Doublade|295\/322|[from] Stealth Rock
|turn|13
|
|switch|p2a: Shoot Star|Jirachi|362\/362
|-damage|p2a: Shoot Star|340\/362|[from] Stealth Rock
|move|p1a: Doublade|Swords Dance|p1a: Doublade
|-boost|p1a: Doublade|atk|2
|
|turn|14
|
|move|p1a: Doublade|Shadow Sneak|p2a: Shoot Star
|-supereffective|p2a: Shoot Star
|-damage|p2a: Shoot Star|62\/362
|move|p2a: Shoot Star|Healing Wish|p2a: Shoot Star
|faint|p2a: Shoot Star
|
|
|switch|p2a: Lanky Kong|Infernape, M|199\/293
|-heal|p2a: Lanky Kong|293\/293|[from] move: Healing Wish
|-damage|p2a: Lanky Kong|257\/293|[from] Stealth Rock
|turn|15
|
|move|p1a: Doublade|Shadow Sneak|p2a: Lanky Kong
|-damage|p2a: Lanky Kong|46\/293
|move|p2a: Lanky Kong|Fire Blast|p1a: Doublade
|-supereffective|p1a: Doublade
|-damage|p1a: Doublade|0 fnt
|-damage|p2a: Lanky Kong|17\/293|[from] item: Life Orb
|faint|p1a: Doublade
|
|
|switch|p1a: Zygarde|Zygarde|357\/357
|-damage|p1a: Zygarde|335\/357|[from] Stealth Rock
|-ability|p1a: Zygarde|Aura Break
|turn|16
|
|move|p2a: Lanky Kong|Close Combat|p1a: Zygarde
|-damage|p1a: Zygarde|175\/357
|-unboost|p2a: Lanky Kong|def|1
|-unboost|p2a: Lanky Kong|spd|1
|-damage|p2a: Lanky Kong|0 fnt|[from] item: Life Orb
|faint|p2a: Lanky Kong
|move|p1a: Zygarde|Dragon Dance|p1a: Zygarde
|-boost|p1a: Zygarde|atk|1
|-boost|p1a: Zygarde|spe|1
|
|
|switch|p2a: Diancie|Diancie|289\/289
|-damage|p2a: Diancie|253\/289|[from] Stealth Rock
|turn|17
|
|detailschange|p2a: Diancie|Diancie-Mega
|message|Diancie has Mega Evolved into Mega Diancie!
|move|p1a: Zygarde|Earthquake|p2a: Diancie
|-supereffective|p2a: Diancie
|-damage|p2a: Diancie|0 fnt
|-damage|p1a: Zygarde|140\/357|[from] item: Life Orb
|faint|p2a: Diancie
|
|-message|Century Express forfeited.
|leave|Century Express
|
|win|DONGER MANAGEMENT
|raw|Ladder updating...
|player|p2
|raw|DONGER MANAGEMENT's rating: 1491 &rarr; <strong>1507<\/strong><br \/>(+16 for winning)
|raw|Century Express's rating: 1415 &rarr; <strong>1399<\/strong><br \/>(-16 for losing)