|join|DONGER MANAGEMENT
|join|Century Express
|player|p1|DONGER MANAGEMENT|171
|player|p2|Century Express|259
|gametype|singles
|gen|6
|tier|UU
|rated
|rule|Sleep Clause Mod: Limit one foe put to sleep
|rule|Species Clause: Limit one of each PokÃ©mon
|rule|OHKO Clause: OHKO moves are banned
|rule|Moody Clause: Moody is banned
|rule|Evasion Moves Clause: Evasion moves are banned
|rule|Endless Battle Clause: Forcing endless battles is banned
|rule|HP Percentage Mod: HP is shown in percentages
|clearpoke
|poke|p1|Azelf
|poke|p1|Doublade, M
|poke|p1|Zygarde
|poke|p1|Alakazam, M
|poke|p1|Togekiss, M
|poke|p1|Raikou
|poke|p2|Altaria, F
|poke|p2|Jirachi
|poke|p2|Crobat, M
|poke|p2|Swampert, M
|poke|p2|Machamp, M
|poke|p2|Shaymin
|rule|Swagger Clause: Swagger is banned
|rule|Baton Pass Clause: Limit one PokÃ©mon knowing Baton Pass
|teampreview
|
|start
|switch|p1a: Azelf|Azelf|291\/291
|switch|p2a: Purple Haze|Crobat, M|325\/325
|turn|1
|
|move|p2a: Purple Haze|Acrobatics|p1a: Azelf
|-damage|p1a: Azelf|74\/291
|move|p1a: Azelf|Fire Blast|p2a: Purple Haze
|-damage|p2a: Purple Haze|164\/325
|
|turn|2
|
|switch|p1a: Raikou|Raikou|322\/322
|-ability|p1a: Raikou|Pressure
|move|p2a: Purple Haze|U-turn|p1a: Raikou
|-damage|p1a: Raikou|245\/322
|
|switch|p2a: Adam|Machamp, M|321\/321
|
|turn|3
|
|move|p1a: Raikou|Volt Switch|p2a: Adam
|-damage|p2a: Adam|252\/321
|
|switch|p1a: Togekiss|Togekiss, M|371\/371
|move|p2a: Adam|Knock Off|p1a: Togekiss
|-resisted|p1a: Togekiss
|-damage|p1a: Togekiss|325\/371
|-enditem|p1a: Togekiss|Leftovers|[from] move: Knock Off|[of] p2a: Adam
|
|turn|4
|
|switch|p2a: Shoot Star|Jirachi|341\/341
|move|p1a: Togekiss|Air Slash|p2a: Shoot Star
|-resisted|p2a: Shoot Star
|-damage|p2a: Shoot Star|288\/341
|
|turn|5
|
|move|p2a: Shoot Star|U-turn|p1a: Togekiss
|-crit|p1a: Togekiss
|-resisted|p1a: Togekiss
|-damage|p1a: Togekiss|307\/371
|
|switch|p2a: Swampodin|Swampert, M|401\/401
|move|p1a: Togekiss|Baton Pass|p1a: Togekiss
|
|switch|p1a: Azelf|Azelf|74\/291
|
|turn|6
|
|switch|p2a: Purple Haze|Crobat, M|164\/325
|move|p1a: Azelf|Grass Knot|p2a: Purple Haze
|-resisted|p2a: Purple Haze
|-damage|p2a: Purple Haze|139\/325
|
|turn|7
|
|switch|p1a: Togekiss|Togekiss, M|307\/371
|move|p2a: Purple Haze|U-turn|p1a: Togekiss
|-resisted|p1a: Togekiss
|-damage|p1a: Togekiss|294\/371
|
|switch|p2a: Shoot Star|Jirachi|288\/341
|
|turn|8
|
|move|p2a: Shoot Star|U-turn|p1a: Togekiss
|-resisted|p1a: Togekiss
|-damage|p1a: Togekiss|282\/371
|
|switch|p2a: Purple Haze|Crobat, M|139\/325
|move|p1a: Togekiss|Baton Pass|p1a: Togekiss
|
|switch|p1a: Raikou|Raikou|245\/322
|-ability|p1a: Raikou|Pressure
|
|turn|9
|
|move|p2a: Purple Haze|U-turn|p1a: Raikou
|-damage|p1a: Raikou|167\/322
|
|switch|p2a: Swampodin|Swampert, M|401\/401
|move|p1a: Raikou|Hidden Power|p2a: Swampodin
|-supereffective|p2a: Swampodin
|-damage|p2a: Swampodin|46\/401
|
|-heal|p2a: Swampodin|71\/401|[from] item: Leftovers
|turn|10
|
|move|p1a: Raikou|Extrasensory|p2a: Swampodin
|-damage|p2a: Swampodin|0 fnt
|faint|p2a: Swampodin
|
|
|switch|p2a: Adam|Machamp, M|252\/321
|turn|11
|
|move|p1a: Raikou|Volt Switch|p2a: Adam
|-damage|p2a: Adam|177\/321
|
|switch|p1a: Togekiss|Togekiss, M|282\/371
|move|p2a: Adam|Ice Punch|p1a: Togekiss
|-supereffective|p1a: Togekiss
|-damage|p1a: Togekiss|146\/371
|-status|p1a: Togekiss|frz
|
|turn|12
|
|cant|p1a: Togekiss|frz
|move|p2a: Adam|Ice Punch|p1a: Togekiss
|-supereffective|p1a: Togekiss
|-damage|p1a: Togekiss|10\/371 frz
|
|turn|13
|
|move|p2a: Adam|Bullet Punch|p1a: Togekiss
|-supereffective|p1a: Togekiss
|-damage|p1a: Togekiss|0 fnt
|faint|p1a: Togekiss
|
|
|switch|p1a: Alakazam|Alakazam, M|252\/252
|turn|14
|
|detailschange|p1a: Alakazam|Alakazam-Mega, M
|message|Alakazam has Mega Evolved into Mega Alakazam!
|-ability|p1a: Alakazam|Guts|[from] ability: Trace|[of] p2a: Adam
|move|p1a: Alakazam|Psychic|p2a: Adam
|-supereffective|p2a: Adam
|-damage|p2a: Adam|0 fnt
|faint|p2a: Adam
|
|
|switch|p2a: Shoot Star|Jirachi|288\/341
|turn|15
|
|move|p2a: Shoot Star|Iron Head|p1a: Alakazam
|-damage|p1a: Alakazam|86\/252
|cant|p1a: Alakazam|flinch
|
|turn|16
|
|switch|p2a: Rose of May|Shaymin|349\/349
|switch|p1a: Raikou|Raikou|167\/322
|-ability|p1a: Raikou|Pressure
|
|turn|17
|
|move|p1a: Raikou|Extrasensory|p2a: Rose of May
|-damage|p2a: Rose of May|258\/349
|move|p2a: Rose of May|Earth Power|p1a: Raikou
|-crit|p1a: Raikou
|-supereffective|p1a: Raikou
|-damage|p1a: Raikou|0 fnt
|-damage|p2a: Rose of May|224\/349|[from] item: Life Orb
|faint|p1a: Raikou
|
|
|switch|p1a: Azelf|Azelf|74\/291
|turn|18
|
|switch|p2a: Purple Haze|Crobat, M|139\/325
|move|p1a: Azelf|Psyshock|p2a: Purple Haze
|-supereffective|p2a: Purple Haze
|-damage|p2a: Purple Haze|0 fnt
|faint|p2a: Purple Haze
|
|
|switch|p2a: Shoot Star|Jirachi|288\/341
|turn|19
|
|move|p2a: Shoot Star|U-turn|p1a: Azelf
|-supereffective|p1a: Azelf
|-damage|p1a: Azelf|0 fnt
|faint|p1a: Azelf
|
|switch|p2a: Sunnyhigher|Altaria, F|301\/301
|
|
|switch|p1a: Alakazam|Alakazam-Mega, M|86\/252
|-ability|p1a: Alakazam|Natural Cure|[from] ability: Trace|[of] p2a: Sunnyhigher
|turn|20
|
|switch|p2a: Rose of May|Shaymin|224\/349
|move|p1a: Alakazam|Psychic|p2a: Rose of May
|-damage|p2a: Rose of May|38\/349
|
|turn|21
|
|move|p1a: Alakazam|Shadow Ball|p2a: Rose of May
|-damage|p2a: Rose of May|0 fnt
|faint|p2a: Rose of May
|
|
|switch|p2a: Shoot Star|Jirachi|288\/341
|turn|22
|
|move|p2a: Shoot Star|U-turn|p1a: Alakazam
|-supereffective|p1a: Alakazam
|-damage|p1a: Alakazam|0 fnt
|faint|p1a: Alakazam
|
|switch|p2a: Sunnyhigher|Altaria, F|301\/301
|
|
|switch|p1a: Doublade|Doublade, M|322\/322
|turn|23
|
|detailschange|p2a: Sunnyhigher|Altaria-Mega, F
|message|Altaria has Mega Evolved into Mega Altaria!
|move|p2a: Sunnyhigher|Fire Blast|p1a: Doublade
|-supereffective|p1a: Doublade
|-damage|p1a: Doublade|120\/322
|move|p1a: Doublade|Iron Head|p2a: Sunnyhigher
|-supereffective|p2a: Sunnyhigher
|-damage|p2a: Sunnyhigher|41\/301
|
|turn|24
|
|switch|p2a: Shoot Star|Jirachi|288\/341
|move|p1a: Doublade|Shadow Sneak|p2a: Shoot Star
|-supereffective|p2a: Shoot Star
|-damage|p2a: Shoot Star|144\/341
|
|turn|25
|
|move|p1a: Doublade|Shadow Sneak|p2a: Shoot Star
|-supereffective|p2a: Shoot Star
|-damage|p2a: Shoot Star|10\/341
|move|p2a: Shoot Star|Healing Wish|p2a: Shoot Star
|faint|p2a: Shoot Star
|
|
|switch|p2a: Sunnyhigher|Altaria-Mega, F|41\/301
|-heal|p2a: Sunnyhigher|301\/301|[from] move: Healing Wish
|turn|26
|
|move|p2a: Sunnyhigher|Earthquake|p1a: Doublade
|-supereffective|p1a: Doublade
|-damage|p1a: Doublade|18\/322
|move|p1a: Doublade|Iron Head|p2a: Sunnyhigher
|-supereffective|p2a: Sunnyhigher
|-damage|p2a: Sunnyhigher|43\/301
|
|turn|27
|
|move|p1a: Doublade|Shadow Sneak|p2a: Sunnyhigher
|-damage|p2a: Sunnyhigher|0 fnt
|faint|p2a: Sunnyhigher
|
|win|DONGER MANAGEMENT
|raw|Ladder updating...
|c|âDONGER MANAGEMENT|gg
|raw|DONGER MANAGEMENT's rating: 1352 &rarr; <strong>1377<\/strong><br \/>(+25 for winning)
|raw|Century Express's rating: 1444 &rarr; <strong>1419<\/strong><br \/>(-25 for losing)
|leave|Century Express