|join|DONGER MANAGEMENT
|join|Preserve
|player|p1|DONGER MANAGEMENT|171
|player|p2|Preserve|101
|gametype|singles
|gen|6
|tier|UU
|rated
|rule|Sleep Clause Mod: Limit one foe put to sleep
|rule|Species Clause: Limit one of each PokÃ©mon
|rule|OHKO Clause: OHKO moves are banned
|rule|Moody Clause: Moody is banned
|rule|Evasion Moves Clause: Evasion moves are banned
|rule|Endless Battle Clause: Forcing endless battles is banned
|rule|HP Percentage Mod: HP is shown in percentages
|clearpoke
|poke|p1|Azelf
|poke|p1|Doublade, F
|poke|p1|Zygarde
|poke|p1|Alakazam, F
|poke|p1|Togekiss, M
|poke|p1|Raikou
|poke|p2|Altaria, F
|poke|p2|Krookodile, M
|poke|p2|Forretress, M
|poke|p2|Alakazam, M
|poke|p2|Entei, shiny
|poke|p2|Lucario, F
|rule|Swagger Clause: Swagger is banned
|rule|Baton Pass Clause: Limit one PokÃ©mon knowing Baton Pass
|teampreview
|
|start
|switch|p1a: Azelf|Azelf|291\/291
|switch|p2a: Alakazam|Alakazam, M|251\/251
|turn|1
|
|move|p2a: Alakazam|Shadow Ball|p1a: Azelf
|-supereffective|p1a: Azelf
|-damage|p1a: Azelf|39\/291
|move|p1a: Azelf|Stealth Rock|p2a: Alakazam
|-sidestart|p2: Preserve|move: Stealth Rock
|
|turn|2
|
|switch|p1a: Togekiss|Togekiss, M|371\/371
|move|p2a: Alakazam|Shadow Ball|p1a: Togekiss
|-crit|p1a: Togekiss
|-damage|p1a: Togekiss|231\/371
|
|-heal|p1a: Togekiss|254\/371|[from] item: Leftovers
|turn|3
|
|switch|p2a: Krookodile|Krookodile, M|394\/394
|-damage|p2a: Krookodile|370\/394|[from] Stealth Rock
|-ability|p2a: Krookodile|Intimidate|[of] p1a: Togekiss
|-unboost|p1a: Togekiss|atk|1
|move|p1a: Togekiss|Air Slash|p2a: Krookodile
|-crit|p2a: Krookodile
|-damage|p2a: Krookodile|157\/394
|
|-heal|p2a: Krookodile|181\/394|[from] item: Leftovers
|-heal|p1a: Togekiss|277\/371|[from] item: Leftovers
|turn|4
|
|move|p2a: Krookodile|Stealth Rock|p1a: Togekiss
|-sidestart|p1: DONGER MANAGEMENT|move: Stealth Rock
|move|p1a: Togekiss|Air Slash|p2a: Krookodile
|-damage|p2a: Krookodile|45\/394
|
|-heal|p2a: Krookodile|69\/394|[from] item: Leftovers
|-heal|p1a: Togekiss|300\/371|[from] item: Leftovers
|turn|5
|
|move|p2a: Krookodile|Knock Off|p1a: Togekiss
|-resisted|p1a: Togekiss
|-damage|p1a: Togekiss|248\/371
|-enditem|p1a: Togekiss|Leftovers|[from] move: Knock Off|[of] p2a: Krookodile
|move|p1a: Togekiss|Nasty Plot|p1a: Togekiss
|-boost|p1a: Togekiss|spa|2
|
|-heal|p2a: Krookodile|93\/394|[from] item: Leftovers
|turn|6
|
|move|p2a: Krookodile|Knock Off|p1a: Togekiss
|-resisted|p1a: Togekiss
|-damage|p1a: Togekiss|215\/371
|move|p1a: Togekiss|Baton Pass|p1a: Togekiss
|
|switch|p1a: Alakazam|Alakazam, F|252\/252
|
|-heal|p2a: Krookodile|117\/394|[from] item: Leftovers
|turn|7
|
|detailschange|p1a: Alakazam|Alakazam-Mega, F
|message|Alakazam has Mega Evolved into Mega Alakazam!
|-ability|p1a: Alakazam|Intimidate|[from] ability: Trace|[of] p2a: Krookodile
|-ability|p1a: Alakazam|Intimidate|[of] p2a: Krookodile
|-unboost|p2a: Krookodile|atk|1
|move|p1a: Alakazam|Shadow Ball|p2a: Krookodile
|-resisted|p2a: Krookodile
|-damage|p2a: Krookodile|0 fnt
|faint|p2a: Krookodile
|
|
|switch|p2a: Alakazam|Alakazam, M|251\/251
|turn|8
|
|move|p1a: Alakazam|Shadow Ball|p2a: Alakazam
|-supereffective|p2a: Alakazam
|-enditem|p2a: Alakazam|Focus Sash
|-damage|p2a: Alakazam|1\/251
|move|p2a: Alakazam|Shadow Ball|p1a: Alakazam
|-supereffective|p1a: Alakazam
|-damage|p1a: Alakazam|64\/252
|
|turn|9
|
|switch|p2a: Lucario|Lucario, F|282\/282
|-damage|p2a: Lucario|274\/282|[from] Stealth Rock
|move|p1a: Alakazam|Shadow Ball|p2a: Lucario
|-damage|p2a: Lucario|0 fnt
|faint|p2a: Lucario
|
|
|switch|p2a: Entei|Entei, shiny|371\/371
|-damage|p2a: Entei|279\/371|[from] Stealth Rock
|-ability|p2a: Entei|Pressure
|turn|10
|
|switch|p1a: Togekiss|Togekiss, M|215\/371
|-damage|p1a: Togekiss|123\/371|[from] Stealth Rock
|move|p2a: Entei|Extreme Speed|p1a: Togekiss
|-damage|p1a: Togekiss|9\/371
|
|turn|11
|
|move|p2a: Entei|Extreme Speed|p1a: Togekiss
|-damage|p1a: Togekiss|0 fnt
|faint|p1a: Togekiss
|
|
|switch|p1a: Doublade|Doublade, F|322\/322
|-damage|p1a: Doublade|302\/322|[from] Stealth Rock
|turn|12
|
|switch|p2a: Forretress|Forretress, M|354\/354
|-damage|p2a: Forretress|310\/354|[from] Stealth Rock
|move|p1a: Doublade|Swords Dance|p1a: Doublade
|-boost|p1a: Doublade|atk|2
|
|-heal|p2a: Forretress|332\/354|[from] item: Leftovers
|turn|13
|join|THE_iTodd
|
|move|p1a: Doublade|Swords Dance|p1a: Doublade
|-boost|p1a: Doublade|atk|2
|move|p2a: Forretress|Spikes|p1a: Doublade
|-sidestart|p1: DONGER MANAGEMENT|Spikes
|
|-heal|p2a: Forretress|354\/354|[from] item: Leftovers
|turn|14
|join|Thor the Rapper
|
|move|p1a: Doublade|Swords Dance|p1a: Doublade
|-boost|p1a: Doublade|atk|2
|move|p2a: Forretress|Spikes|p1a: Doublade
|-sidestart|p1: DONGER MANAGEMENT|Spikes
|
|turn|15
|join|Shit User
|
|move|p1a: Doublade|Shadow Sneak|p2a: Forretress
|-crit|p2a: Forretress
|-damage|p2a: Forretress|120\/354
|move|p2a: Forretress|Spikes|p1a: Doublade
|-sidestart|p1: DONGER MANAGEMENT|Spikes
|
|-heal|p2a: Forretress|142\/354|[from] item: Leftovers
|turn|16
|c| Thor the Rapper|+Limbo HenGoku: I do like spanish girls :^)
|
|move|p1a: Doublade|Shadow Sneak|p2a: Forretress
|-damage|p2a: Forretress|0 fnt
|faint|p2a: Forretress
|
|
|switch|p2a: Altaria|Altaria, F|334\/334
|-damage|p2a: Altaria|251\/334|[from] Stealth Rock
|turn|17
|c| THE_iTodd|:^)
|
|detailschange|p2a: Altaria|Altaria-Mega, F
|message|Altaria has Mega Evolved into Mega Altaria!
|move|p1a: Doublade|Shadow Sneak|p2a: Altaria
|-damage|p2a: Altaria|22\/334
|move|p2a: Altaria|Fire Blast|p1a: Doublade
|-supereffective|p1a: Doublade
|-damage|p1a: Doublade|26\/322
|
|turn|18
|
|move|p1a: Doublade|Shadow Sneak|p2a: Altaria
|-damage|p2a: Altaria|0 fnt
|faint|p2a: Altaria
|
|
|switch|p2a: Entei|Entei, shiny|279\/371
|-damage|p2a: Entei|187\/371|[from] Stealth Rock
|-ability|p2a: Entei|Pressure
|turn|19
|
|move|p2a: Entei|Extreme Speed|p1a: Doublade
|-immune|p1a: Doublade|[msg]
|move|p1a: Doublade|Shadow Sneak|p2a: Entei
|-damage|p2a: Entei|0 fnt
|faint|p2a: Entei
|
|c| Thor the Rapper|wat
|-message|Preserve forfeited.
|
|win|DONGER MANAGEMENT
|raw|Ladder updating...
|leave|Preserve
|player|p2
|raw|DONGER MANAGEMENT's rating: 1524 &rarr; <strong>1536<\/strong><br \/>(+12 for winning)
|raw|Preserve's rating: 1381 &rarr; <strong>1369<\/strong><br \/>(-12 for losing)
|c|âDONGER MANAGEMENT|predicting ring taret