|join|DONGER MANAGEMENT
|join|Dingus Poop
|player|p1|DONGER MANAGEMENT|171
|player|p2|Dingus Poop|108
|gametype|singles
|gen|6
|tier|UU
|rated
|rule|Sleep Clause Mod: Limit one foe put to sleep
|rule|Species Clause: Limit one of each PokÃ©mon
|rule|OHKO Clause: OHKO moves are banned
|rule|Moody Clause: Moody is banned
|rule|Evasion Moves Clause: Evasion moves are banned
|rule|Endless Battle Clause: Forcing endless battles is banned
|rule|HP Percentage Mod: HP is shown in percentages
|clearpoke
|poke|p1|Azelf
|poke|p1|Doublade, M
|poke|p1|Zygarde
|poke|p1|Alakazam, F
|poke|p1|Togekiss, M
|poke|p1|Raikou
|poke|p2|Beedrill, M
|poke|p2|Raikou
|poke|p2|Klefki, M
|poke|p2|Volcarona, M
|poke|p2|Hitmontop, M
|poke|p2|Diancie
|rule|Swagger Clause: Swagger is banned
|rule|Baton Pass Clause: Limit one PokÃ©mon knowing Baton Pass
|teampreview
|
|start
|switch|p1a: Zygarde|Zygarde|357\/357
|switch|p2a: Beedrill|Beedrill, M|271\/271
|-ability|p1a: Zygarde|Aura Break
|turn|1
|
|switch|p2a: Hitmontop|Hitmontop, M|304\/304
|-ability|p2a: Hitmontop|Intimidate|[of] p1a: Zygarde
|-unboost|p1a: Zygarde|atk|1
|move|p1a: Zygarde|Earthquake|p2a: Hitmontop
|-damage|p2a: Hitmontop|160\/304
|-damage|p1a: Zygarde|322\/357|[from] item: Life Orb
|
|-heal|p2a: Hitmontop|179\/304|[from] item: Leftovers
|turn|2
|
|switch|p1a: Azelf|Azelf|291\/291
|move|p2a: Hitmontop|Toxic|p1a: Azelf|[miss]
|-miss|p2a: Hitmontop|p1a: Azelf
|
|-heal|p2a: Hitmontop|198\/304|[from] item: Leftovers
|turn|3
|
|switch|p2a: Klefki|Klefki, M|318\/318
|move|p1a: Azelf|Stealth Rock|p2a: Klefki
|-sidestart|p2: Dingus Poop|move: Stealth Rock
|
|turn|4
|
|move|p2a: Klefki|Reflect|p2a: Klefki
|-sidestart|p2: Dingus Poop|Reflect
|move|p1a: Azelf|Fire Blast|p2a: Klefki
|-supereffective|p2a: Klefki
|-damage|p2a: Klefki|14\/318
|
|turn|5
|
|switch|p2a: Diancie|Diancie|304\/304
|-damage|p2a: Diancie|266\/304|[from] Stealth Rock
|move|p1a: Azelf|Psyshock|p2a: Diancie
|-damage|p2a: Diancie|166\/304
|
|-heal|p2a: Diancie|185\/304|[from] item: Leftovers
|turn|6
|
|switch|p1a: Doublade|Doublade, M|322\/322
|move|p2a: Diancie|Stealth Rock|p1a: Doublade
|-sidestart|p1: DONGER MANAGEMENT|move: Stealth Rock
|
|-heal|p2a: Diancie|204\/304|[from] item: Leftovers
|turn|7
|
|switch|p2a: Hitmontop|Hitmontop, M|198\/304
|-damage|p2a: Hitmontop|179\/304|[from] Stealth Rock
|-ability|p2a: Hitmontop|Intimidate|[of] p1a: Doublade
|-unboost|p1a: Doublade|atk|1
|move|p1a: Doublade|Iron Head|p2a: Hitmontop
|-damage|p2a: Hitmontop|128\/304
|
|-heal|p2a: Hitmontop|147\/304|[from] item: Leftovers
|turn|8
|
|move|p2a: Hitmontop|Foresight|p1a: Doublade
|-start|p1a: Doublade|Foresight
|move|p1a: Doublade|Swords Dance|p1a: Doublade
|-boost|p1a: Doublade|atk|2
|
|-heal|p2a: Hitmontop|166\/304|[from] item: Leftovers
|turn|9
|
|switch|p1a: Togekiss|Togekiss, M|371\/371
|-damage|p1a: Togekiss|279\/371|[from] Stealth Rock
|move|p2a: Hitmontop|Rapid Spin|p1a: Togekiss
|-damage|p1a: Togekiss|267\/371
|-sideend|p2: Dingus Poop|Stealth Rock|[from] move: Rapid Spin|[of] p2a: Hitmontop
|
|-heal|p1a: Togekiss|290\/371|[from] item: Leftovers
|-heal|p2a: Hitmontop|185\/304|[from] item: Leftovers
|turn|10
|
|switch|p2a: Diancie|Diancie|204\/304
|move|p1a: Togekiss|Air Slash|p2a: Diancie
|-resisted|p2a: Diancie
|-damage|p2a: Diancie|169\/304
|
|-heal|p1a: Togekiss|313\/371|[from] item: Leftovers
|-heal|p2a: Diancie|188\/304|[from] item: Leftovers
|turn|11
|
|move|p1a: Togekiss|Baton Pass|p1a: Togekiss
|
|switch|p1a: Azelf|Azelf|291\/291
|-damage|p1a: Azelf|255\/291|[from] Stealth Rock
|move|p2a: Diancie|Diamond Storm|p1a: Azelf
|-damage|p1a: Azelf|99\/291
|
|-heal|p2a: Diancie|207\/304|[from] item: Leftovers
|-sideend|p2: Dingus Poop|Reflect
|turn|12
|
|move|p1a: Azelf|Stealth Rock|p2a: Diancie
|-sidestart|p2: Dingus Poop|move: Stealth Rock
|move|p2a: Diancie|Moonblast|p1a: Azelf
|-damage|p1a: Azelf|0 fnt
|faint|p1a: Azelf
|
|-heal|p2a: Diancie|226\/304|[from] item: Leftovers
|
|switch|p1a: Zygarde|Zygarde|322\/357
|-damage|p1a: Zygarde|300\/357|[from] Stealth Rock
|-ability|p1a: Zygarde|Aura Break
|turn|13
|
|move|p1a: Zygarde|Earthquake|p2a: Diancie
|-supereffective|p2a: Diancie
|-damage|p2a: Diancie|0 fnt
|-damage|p1a: Zygarde|265\/357|[from] item: Life Orb
|faint|p2a: Diancie
|
|
|switch|p2a: Hitmontop|Hitmontop, M|185\/304
|-damage|p2a: Hitmontop|166\/304|[from] Stealth Rock
|-ability|p2a: Hitmontop|Intimidate|[of] p1a: Zygarde
|-unboost|p1a: Zygarde|atk|1
|turn|14
|
|move|p1a: Zygarde|Dragon Dance|p1a: Zygarde
|-boost|p1a: Zygarde|atk|1
|-boost|p1a: Zygarde|spe|1
|move|p2a: Hitmontop|Foresight|p1a: Zygarde
|-start|p1a: Zygarde|Foresight
|
|-heal|p2a: Hitmontop|185\/304|[from] item: Leftovers
|turn|15
|
|move|p1a: Zygarde|Earthquake|p2a: Hitmontop
|-damage|p2a: Hitmontop|0 fnt
|-damage|p1a: Zygarde|230\/357|[from] item: Life Orb
|faint|p2a: Hitmontop
|
|
|switch|p2a: Klefki|Klefki, M|14\/318
|-damage|p2a: Klefki|0 fnt|[from] Stealth Rock
|faint|p2a: Klefki
|-message|Dingus Poop forfeited.
|
|win|DONGER MANAGEMENT
|raw|Ladder updating...
|leave|Dingus Poop
|player|p2