|join|luckperfect
|join|DONGER MANAGEMENT
|player|p1|luckperfect|1
|player|p2|DONGER MANAGEMENT|171
|gametype|singles
|gen|6
|tier|UU
|rated
|rule|Sleep Clause Mod: Limit one foe put to sleep
|rule|Species Clause: Limit one of each PokÃ©mon
|rule|OHKO Clause: OHKO moves are banned
|rule|Moody Clause: Moody is banned
|rule|Evasion Moves Clause: Evasion moves are banned
|rule|Endless Battle Clause: Forcing endless battles is banned
|rule|HP Percentage Mod: HP is shown in percentages
|clearpoke
|poke|p1|Abomasnow, M
|poke|p1|Starmie
|poke|p1|Hydreigon, F
|poke|p1|Jirachi
|poke|p1|Nidoqueen, F
|poke|p1|Blissey, F, shiny
|poke|p2|Azelf
|poke|p2|Doublade, F
|poke|p2|Zygarde
|poke|p2|Alakazam, F
|poke|p2|Togekiss, M
|poke|p2|Raikou
|rule|Swagger Clause: Swagger is banned
|rule|Baton Pass Clause: Limit one PokÃ©mon knowing Baton Pass
|teampreview
|
|start
|switch|p1a: Abomasnow|Abomasnow, M|373\/373
|switch|p2a: Azelf|Azelf|291\/291
|-weather|Hail
|turn|1
|
|switch|p1a: Hydreigon|Hydreigon, F|325\/325
|move|p2a: Azelf|Fire Blast|p1a: Hydreigon
|-crit|p1a: Hydreigon
|-resisted|p1a: Hydreigon
|-damage|p1a: Hydreigon|225\/325
|
|-weather|Hail|[upkeep]
|-damage|p1a: Hydreigon|205\/325|[from] hail
|-damage|p2a: Azelf|273\/291|[from] hail
|turn|2
|
|switch|p2a: Togekiss|Togekiss, M|371\/371
|move|p1a: Hydreigon|Dark Pulse|p2a: Togekiss
|-resisted|p2a: Togekiss
|-damage|p2a: Togekiss|313\/371
|
|-weather|Hail|[upkeep]
|-damage|p1a: Hydreigon|185\/325|[from] hail
|-damage|p2a: Togekiss|290\/371|[from] hail
|-heal|p2a: Togekiss|313\/371|[from] item: Leftovers
|turn|3
|
|move|p1a: Hydreigon|Dark Pulse|p2a: Togekiss
|-resisted|p2a: Togekiss
|-damage|p2a: Togekiss|248\/371
|move|p2a: Togekiss|Baton Pass|p2a: Togekiss
|
|switch|p2a: Azelf|Azelf|273\/291
|
|-weather|Hail|[upkeep]
|-damage|p1a: Hydreigon|165\/325|[from] hail
|-damage|p2a: Azelf|255\/291|[from] hail
|turn|4
|
|switch|p2a: Togekiss|Togekiss, M|248\/371
|move|p1a: Hydreigon|Dark Pulse|p2a: Togekiss
|-resisted|p2a: Togekiss
|-damage|p2a: Togekiss|188\/371
|
|-weather|Hail|[upkeep]
|-damage|p1a: Hydreigon|145\/325|[from] hail
|-damage|p2a: Togekiss|165\/371|[from] hail
|-heal|p2a: Togekiss|188\/371|[from] item: Leftovers
|turn|5
|
|switch|p1a: Nidoqueen|Nidoqueen, F|383\/383
|move|p2a: Togekiss|Roost|p2a: Togekiss
|-heal|p2a: Togekiss|371\/371
|
|-weather|none
|turn|6
|
|move|p2a: Togekiss|Air Slash|p1a: Nidoqueen
|-damage|p1a: Nidoqueen|259\/383
|move|p1a: Nidoqueen|Toxic Spikes|p2a: Togekiss
|-sidestart|p2: DONGER MANAGEMENT|move: Toxic Spikes
|
|-heal|p1a: Nidoqueen|282\/383|[from] item: Black Sludge
|turn|7
|
|switch|p1a: Jirachi|Jirachi|404\/404
|move|p2a: Togekiss|Air Slash|p1a: Jirachi
|-resisted|p1a: Jirachi
|-damage|p1a: Jirachi|350\/404
|
|-heal|p1a: Jirachi|375\/404|[from] item: Leftovers
|turn|8
|
|switch|p2a: Azelf|Azelf|255\/291
|move|p1a: Jirachi|Substitute|p1a: Jirachi
|-start|p1a: Jirachi|Substitute
|-damage|p1a: Jirachi|274\/404
|
|-heal|p1a: Jirachi|299\/404|[from] item: Leftovers
|turn|9
|
|move|p2a: Azelf|Fire Blast|p1a: Jirachi
|-supereffective|p1a: Jirachi
|-end|p1a: Jirachi|Substitute
|move|p1a: Jirachi|Iron Head|p2a: Azelf
|-damage|p2a: Azelf|135\/291
|
|-heal|p1a: Jirachi|324\/404|[from] item: Leftovers
|turn|10
|
|switch|p1a: Blissey|Blissey, F, shiny|713\/713
|move|p2a: Azelf|Stealth Rock|p1a: Blissey
|-sidestart|p1: luckperfect|move: Stealth Rock
|
|turn|11
|
|move|p2a: Azelf|Psyshock|p1a: Blissey
|-damage|p1a: Blissey|476\/713
|move|p1a: Blissey|Stealth Rock|p2a: Azelf
|-sidestart|p2: DONGER MANAGEMENT|move: Stealth Rock
|
|-heal|p1a: Blissey|520\/713|[from] item: Leftovers
|turn|12
|
|switch|p2a: Doublade|Doublade, F|322\/322
|-damage|p2a: Doublade|302\/322|[from] Stealth Rock
|move|p1a: Blissey|Soft-Boiled|p1a: Blissey
|-heal|p1a: Blissey|713\/713
|
|turn|13
|
|switch|p1a: Nidoqueen|Nidoqueen, F|282\/383
|-damage|p1a: Nidoqueen|259\/383|[from] Stealth Rock
|move|p2a: Doublade|Iron Head|p1a: Nidoqueen
|-damage|p1a: Nidoqueen|145\/383
|
|-heal|p1a: Nidoqueen|168\/383|[from] item: Black Sludge
|turn|14
|
|switch|p2a: Azelf|Azelf|135\/291
|-damage|p2a: Azelf|99\/291|[from] Stealth Rock
|move|p1a: Nidoqueen|Earth Power|p2a: Azelf
|-immune|p2a: Azelf|[msg]
|
|-heal|p1a: Nidoqueen|191\/383|[from] item: Black Sludge
|turn|15
|
|switch|p1a: Blissey|Blissey, F, shiny|713\/713
|-damage|p1a: Blissey|624\/713|[from] Stealth Rock
|move|p2a: Azelf|Psyshock|p1a: Blissey
|-damage|p1a: Blissey|393\/713
|
|-heal|p1a: Blissey|437\/713|[from] item: Leftovers
|turn|16
|
|switch|p2a: Doublade|Doublade, F|302\/322
|-damage|p2a: Doublade|282\/322|[from] Stealth Rock
|move|p1a: Blissey|Soft-Boiled|p1a: Blissey
|-heal|p1a: Blissey|713\/713
|
|turn|17
|
|move|p1a: Blissey|Thunder Wave|p2a: Doublade
|-status|p2a: Doublade|par
|move|p2a: Doublade|Iron Head|p1a: Blissey
|-damage|p1a: Blissey|443\/713
|
|-heal|p1a: Blissey|487\/713|[from] item: Leftovers
|turn|18
|
|switch|p1a: Nidoqueen|Nidoqueen, F|191\/383
|-damage|p1a: Nidoqueen|168\/383|[from] Stealth Rock
|move|p2a: Doublade|Iron Head|p1a: Nidoqueen
|-damage|p1a: Nidoqueen|60\/383
|
|-heal|p1a: Nidoqueen|83\/383|[from] item: Black Sludge
|turn|19
|
|switch|p2a: Azelf|Azelf|99\/291
|-damage|p2a: Azelf|63\/291|[from] Stealth Rock
|move|p1a: Nidoqueen|Ice Beam|p2a: Azelf
|-damage|p2a: Azelf|0 fnt
|faint|p2a: Azelf
|
|-heal|p1a: Nidoqueen|106\/383|[from] item: Black Sludge
|
|switch|p2a: Alakazam|Alakazam, F|252\/252
|-status|p2a: Alakazam|psn
|turn|20
|
|detailschange|p2a: Alakazam|Alakazam-Mega, F
|message|Alakazam has Mega Evolved into Mega Alakazam!
|-ability|p2a: Alakazam|Sheer Force|[from] ability: Trace|[of] p1a: Nidoqueen
|move|p2a: Alakazam|Psychic|p1a: Nidoqueen
|-supereffective|p1a: Nidoqueen
|-damage|p1a: Nidoqueen|0 fnt
|faint|p1a: Nidoqueen
|
|-damage|p2a: Alakazam|221\/252 psn|[from] psn
|
|switch|p1a: Hydreigon|Hydreigon, F|145\/325
|-damage|p1a: Hydreigon|105\/325|[from] Stealth Rock
|turn|21
|
|switch|p2a: Togekiss|Togekiss, M|371\/371
|-damage|p2a: Togekiss|279\/371|[from] Stealth Rock
|move|p1a: Hydreigon|U-turn|p2a: Togekiss
|-resisted|p2a: Togekiss
|-damage|p2a: Togekiss|270\/371
|
|switch|p1a: Jirachi|Jirachi|324\/404
|-damage|p1a: Jirachi|299\/404|[from] Stealth Rock
|
|-heal|p1a: Jirachi|324\/404|[from] item: Leftovers
|-heal|p2a: Togekiss|293\/371|[from] item: Leftovers
|turn|22
|
|switch|p2a: Raikou|Raikou|322\/322
|-status|p2a: Raikou|psn
|-damage|p2a: Raikou|282\/322 psn|[from] Stealth Rock
|-ability|p2a: Raikou|Pressure
|move|p1a: Jirachi|Substitute|p1a: Jirachi
|-start|p1a: Jirachi|Substitute
|-damage|p1a: Jirachi|223\/404
|
|-heal|p1a: Jirachi|248\/404|[from] item: Leftovers
|-damage|p2a: Raikou|242\/322 psn|[from] psn
|turn|23
|
|move|p2a: Raikou|Thunderbolt|p1a: Jirachi
|-end|p1a: Jirachi|Substitute
|move|p1a: Jirachi|Fire Punch|p2a: Raikou
|-damage|p2a: Raikou|163\/322 psn
|
|-heal|p1a: Jirachi|273\/404|[from] item: Leftovers
|-damage|p2a: Raikou|123\/322 psn|[from] psn
|turn|24
|
|move|p2a: Raikou|Volt Switch|p1a: Jirachi
|-damage|p1a: Jirachi|153\/404
|
|switch|p2a: Zygarde|Zygarde|357\/357
|-damage|p2a: Zygarde|335\/357|[from] Stealth Rock
|-status|p2a: Zygarde|psn
|-ability|p2a: Zygarde|Aura Break
|move|p1a: Jirachi|Fire Punch|p2a: Zygarde
|-resisted|p2a: Zygarde
|-damage|p2a: Zygarde|310\/357 psn
|
|-heal|p1a: Jirachi|178\/404|[from] item: Leftovers
|-damage|p2a: Zygarde|266\/357 psn|[from] psn
|turn|25
|
|move|p1a: Jirachi|Iron Head|p2a: Zygarde
|-damage|p2a: Zygarde|184\/357 psn
|move|p2a: Zygarde|Earthquake|p1a: Jirachi
|-supereffective|p1a: Jirachi
|-damage|p1a: Jirachi|0 fnt
|-damage|p2a: Zygarde|149\/357 psn|[from] item: Life Orb
|faint|p1a: Jirachi
|
|-damage|p2a: Zygarde|105\/357 psn|[from] psn
|
|switch|p1a: Starmie|Starmie|324\/324
|-damage|p1a: Starmie|284\/324|[from] Stealth Rock
|turn|26
|
|move|p2a: Zygarde|Extreme Speed|p1a: Starmie
|-damage|p1a: Starmie|146\/324
|-damage|p2a: Zygarde|70\/357 psn|[from] item: Life Orb
|move|p1a: Starmie|Rapid Spin|p2a: Zygarde
|-damage|p2a: Zygarde|61\/357 psn
|-sideend|p1: luckperfect|Stealth Rock|[from] move: Rapid Spin|[of] p1a: Starmie
|
|-heal|p1a: Starmie|166\/324|[from] item: Leftovers
|-damage|p2a: Zygarde|17\/357 psn|[from] psn
|turn|27
|
|move|p1a: Starmie|Scald|p2a: Zygarde
|-damage|p2a: Zygarde|0 fnt
|faint|p2a: Zygarde
|
|-heal|p1a: Starmie|186\/324|[from] item: Leftovers
|
|switch|p2a: Alakazam|Alakazam-Mega, F|221\/252 psn
|-damage|p2a: Alakazam|190\/252 psn|[from] Stealth Rock
|-ability|p2a: Alakazam|Natural Cure|[from] ability: Trace|[of] p1a: Starmie
|turn|28
|
|switch|p1a: Blissey|Blissey, F, shiny|487\/713
|move|p2a: Alakazam|Calm Mind|p2a: Alakazam
|-boost|p2a: Alakazam|spa|1
|-boost|p2a: Alakazam|spd|1
|
|-heal|p1a: Blissey|531\/713|[from] item: Leftovers
|-damage|p2a: Alakazam|159\/252 psn|[from] psn
|turn|29
|
|move|p2a: Alakazam|Focus Blast|p1a: Blissey|[miss]
|-miss|p2a: Alakazam|p1a: Blissey
|move|p1a: Blissey|Soft-Boiled|p1a: Blissey
|-heal|p1a: Blissey|713\/713
|
|-damage|p2a: Alakazam|128\/252 psn|[from] psn
|turn|30
|
|move|p2a: Alakazam|Focus Blast|p1a: Blissey
|-supereffective|p1a: Blissey
|-damage|p1a: Blissey|323\/713
|move|p1a: Blissey|Soft-Boiled|p1a: Blissey
|-heal|p1a: Blissey|680\/713
|
|-heal|p1a: Blissey|713\/713|[from] item: Leftovers
|-damage|p2a: Alakazam|97\/252 psn|[from] psn
|turn|31
|
|move|p2a: Alakazam|Calm Mind|p2a: Alakazam
|-boost|p2a: Alakazam|spa|1
|-boost|p2a: Alakazam|spd|1
|move|p1a: Blissey|Seismic Toss|p2a: Alakazam
|-damage|p2a: Alakazam|0 fnt
|faint|p2a: Alakazam
|
|
|switch|p2a: Doublade|Doublade, F|282\/322 par
|-damage|p2a: Doublade|262\/322 par|[from] Stealth Rock
|turn|32
|
|switch|p1a: Starmie|Starmie|186\/324
|move|p2a: Doublade|Swords Dance|p2a: Doublade
|-boost|p2a: Doublade|atk|2
|
|-heal|p1a: Starmie|206\/324|[from] item: Leftovers
|turn|33
|
|move|p2a: Doublade|Shadow Sneak|p1a: Starmie
|-supereffective|p1a: Starmie
|-damage|p1a: Starmie|0 fnt
|faint|p1a: Starmie
|
|
|switch|p1a: Hydreigon|Hydreigon, F|105\/325
|turn|34
|
|switch|p2a: Togekiss|Togekiss, M|293\/371
|-damage|p2a: Togekiss|201\/371|[from] Stealth Rock
|move|p1a: Hydreigon|Dark Pulse|p2a: Togekiss
|-resisted|p2a: Togekiss
|-damage|p2a: Togekiss|138\/371
|
|-heal|p2a: Togekiss|161\/371|[from] item: Leftovers
|turn|35
|join|vcu18
|
|switch|p1a: Blissey|Blissey, F, shiny|713\/713
|move|p2a: Togekiss|Roost|p2a: Togekiss
|-heal|p2a: Togekiss|347\/371
|
|-heal|p2a: Togekiss|370\/371|[from] item: Leftovers
|turn|36
|
|move|p2a: Togekiss|Baton Pass|p2a: Togekiss
|
|switch|p2a: Doublade|Doublade, F|262\/322 par
|-damage|p2a: Doublade|242\/322 par|[from] Stealth Rock
|move|p1a: Blissey|Thunder Wave|p2a: Doublade
|-fail|p2a: Doublade|par
|
|turn|37
|
|switch|p1a: Hydreigon|Hydreigon, F|105\/325
|cant|p2a: Doublade|par
|
|turn|38
|
|switch|p2a: Togekiss|Togekiss, M|370\/371
|-damage|p2a: Togekiss|278\/371|[from] Stealth Rock
|move|p1a: Hydreigon|Dark Pulse|p2a: Togekiss
|-resisted|p2a: Togekiss
|-damage|p2a: Togekiss|215\/371
|
|-heal|p2a: Togekiss|238\/371|[from] item: Leftovers
|turn|39
|
|switch|p1a: Blissey|Blissey, F, shiny|713\/713
|move|p2a: Togekiss|Air Slash|p1a: Blissey
|-damage|p1a: Blissey|634\/713
|
|-heal|p2a: Togekiss|261\/371|[from] item: Leftovers
|-heal|p1a: Blissey|678\/713|[from] item: Leftovers
|turn|40
|
|move|p2a: Togekiss|Baton Pass|p2a: Togekiss
|
|switch|p2a: Doublade|Doublade, F|242\/322 par
|-damage|p2a: Doublade|222\/322 par|[from] Stealth Rock
|move|p1a: Blissey|Thunder Wave|p2a: Doublade
|-fail|p2a: Doublade|par
|
|-heal|p1a: Blissey|713\/713|[from] item: Leftovers
|turn|41
|
|switch|p1a: Hydreigon|Hydreigon, F|105\/325
|move|p2a: Doublade|Iron Head|p1a: Hydreigon
|-damage|p1a: Hydreigon|0 fnt
|faint|p1a: Hydreigon
|
|
|switch|p1a: Abomasnow|Abomasnow, M|373\/373
|-weather|Hail
|turn|42
|
|switch|p2a: Raikou|Raikou|123\/322 psn
|-damage|p2a: Raikou|83\/322 psn|[from] Stealth Rock
|-ability|p2a: Raikou|Pressure
|detailschange|p1a: Abomasnow|Abomasnow-Mega, M
|message|Abomasnow has Mega Evolved into Mega Abomasnow!
|move|p1a: Abomasnow|Swords Dance|p1a: Abomasnow
|-boost|p1a: Abomasnow|atk|2
|
|-weather|Hail|[upkeep]
|-damage|p2a: Raikou|63\/322 psn|[from] hail
|-damage|p2a: Raikou|23\/322 psn|[from] psn
|turn|43
|c|âluckperfect|gg
|-message|DONGER MANAGEMENT forfeited.
|leave|DONGER MANAGEMENT
|
|win|luckperfect
|raw|Ladder updating...
|player|p2
|raw|luckperfect's rating: 1567 &rarr; <strong>1574<\/strong><br \/>(+7 for winning)
|raw|DONGER MANAGEMENT's rating: 1290 &rarr; <strong>1282<\/strong><br \/>(-8 for losing)