|join|DONGER MANAGEMENT
|join|Century Express
|player|p1|DONGER MANAGEMENT|171
|player|p2|Century Express|259
|gametype|singles
|gen|6
|tier|UU
|rated
|rule|Sleep Clause Mod: Limit one foe put to sleep
|rule|Species Clause: Limit one of each PokÃ©mon
|rule|OHKO Clause: OHKO moves are banned
|rule|Moody Clause: Moody is banned
|rule|Evasion Moves Clause: Evasion moves are banned
|rule|Endless Battle Clause: Forcing endless battles is banned
|rule|HP Percentage Mod: HP is shown in percentages
|clearpoke
|poke|p1|Azelf
|poke|p1|Doublade, M
|poke|p1|Zygarde
|poke|p1|Alakazam, M
|poke|p1|Togekiss, F
|poke|p1|Raikou
|poke|p2|Aggron, M
|poke|p2|Florges, F
|poke|p2|Crobat, M
|poke|p2|Umbreon, M
|poke|p2|Suicune
|poke|p2|Starmie
|rule|Swagger Clause: Swagger is banned
|rule|Baton Pass Clause: Limit one PokÃ©mon knowing Baton Pass
|teampreview
|
|start
|switch|p1a: Raikou|Raikou|322\/322
|switch|p2a: Purple Haze|Crobat, M|325\/325
|-ability|p1a: Raikou|Pressure
|turn|1
|
|move|p2a: Purple Haze|U-turn|p1a: Raikou
|-damage|p1a: Raikou|237\/322
|
|switch|p2a: Magnlia|Florges, F|351\/351
|move|p1a: Raikou|Volt Switch|p2a: Magnlia
|-damage|p2a: Magnlia|290\/351
|
|switch|p1a: Azelf|Azelf|291\/291
|
|-heal|p2a: Magnlia|311\/351|[from] item: Leftovers
|turn|2
|
|move|p1a: Azelf|Psyshock|p2a: Magnlia
|-damage|p2a: Magnlia|118\/351
|move|p2a: Magnlia|Moonblast|p1a: Azelf
|-damage|p1a: Azelf|110\/291
|-unboost|p1a: Azelf|spa|1
|
|-heal|p2a: Magnlia|139\/351|[from] item: Leftovers
|turn|3
|
|move|p2a: Magnlia|Protect|p2a: Magnlia
|-singleturn|p2a: Magnlia|Protect
|move|p1a: Azelf|Stealth Rock|p2a: Magnlia
|-sidestart|p2: Century Express|move: Stealth Rock
|
|-heal|p2a: Magnlia|160\/351|[from] item: Leftovers
|turn|4
|
|move|p1a: Azelf|Psyshock|p2a: Magnlia
|-damage|p2a: Magnlia|39\/351
|move|p2a: Magnlia|Wish|p2a: Magnlia
|
|-heal|p2a: Magnlia|60\/351|[from] item: Leftovers
|turn|5
|
|switch|p1a: Doublade|Doublade, M|322\/322
|move|p2a: Magnlia|Protect|p2a: Magnlia
|-fail|p2a: Magnlia
|
|-heal|p2a: Magnlia|235\/351|[from] move: Wish|[wisher] Magnlia
|-heal|p2a: Magnlia|256\/351|[from] item: Leftovers
|turn|6
|
|switch|p2a: Capt. Barrelman|Aggron, M|343\/343
|-damage|p2a: Capt. Barrelman|322\/343|[from] Stealth Rock
|switch|p1a: Raikou|Raikou|237\/322
|-ability|p1a: Raikou|Pressure
|
|turn|7
|
|detailschange|p2a: Capt. Barrelman|Aggron-Mega, M
|message|Aggron has Mega Evolved into Mega Aggron!
|move|p1a: Raikou|Volt Switch|p2a: Capt. Barrelman
|-damage|p2a: Capt. Barrelman|208\/343
|
|switch|p1a: Azelf|Azelf|110\/291
|move|p2a: Capt. Barrelman|Stealth Rock|p1a: Azelf
|-sidestart|p1: DONGER MANAGEMENT|move: Stealth Rock
|
|turn|8
|
|switch|p2a: Shadowplay|Umbreon, M|393\/393
|-damage|p2a: Shadowplay|344\/393|[from] Stealth Rock
|move|p1a: Azelf|Fire Blast|p2a: Shadowplay
|-damage|p2a: Shadowplay|266\/393
|
|-heal|p2a: Shadowplay|290\/393|[from] item: Leftovers
|turn|9
|
|move|p1a: Azelf|Fire Blast|p2a: Shadowplay
|-damage|p2a: Shadowplay|219\/393
|move|p2a: Shadowplay|Wish|p2a: Shadowplay
|
|-heal|p2a: Shadowplay|243\/393|[from] item: Leftovers
|turn|10
|
|switch|p1a: Togekiss|Togekiss, F|371\/371
|-damage|p1a: Togekiss|279\/371|[from] Stealth Rock
|move|p2a: Shadowplay|Foul Play|p1a: Togekiss
|-resisted|p1a: Togekiss
|-damage|p1a: Togekiss|257\/371
|
|-heal|p2a: Shadowplay|393\/393|[from] move: Wish|[wisher] Shadowplay
|-heal|p1a: Togekiss|280\/371|[from] item: Leftovers
|turn|11
|
|move|p1a: Togekiss|Nasty Plot|p1a: Togekiss
|-boost|p1a: Togekiss|spa|2
|move|p2a: Shadowplay|Baton Pass|p2a: Shadowplay
|
|switch|p2a: Melinda|Starmie|269\/269
|-damage|p2a: Melinda|236\/269|[from] Stealth Rock
|
|-heal|p1a: Togekiss|303\/371|[from] item: Leftovers
|turn|12
|
|move|p2a: Melinda|Ice Beam|p1a: Togekiss
|-supereffective|p1a: Togekiss
|-damage|p1a: Togekiss|87\/371
|-status|p1a: Togekiss|frz
|-damage|p2a: Melinda|210\/269|[from] item: Life Orb
|cant|p1a: Togekiss|frz
|
|-heal|p1a: Togekiss|110\/371 frz|[from] item: Leftovers
|turn|13
|c|âDONGER MANAGEMENT|are you fucking serious
|c|âDONGER MANAGEMENT|that's the second time you've frozen me
|
|move|p2a: Melinda|Ice Beam|p1a: Togekiss
|-supereffective|p1a: Togekiss
|-damage|p1a: Togekiss|0 fnt
|-damage|p2a: Melinda|184\/269|[from] item: Life Orb
|faint|p1a: Togekiss
|
|
|switch|p1a: Alakazam|Alakazam, M|252\/252
|turn|14
|
|detailschange|p1a: Alakazam|Alakazam-Mega, M
|message|Alakazam has Mega Evolved into Mega Alakazam!
|-ability|p1a: Alakazam|Analytic|[from] ability: Trace|[of] p2a: Melinda
|move|p1a: Alakazam|Calm Mind|p1a: Alakazam
|-boost|p1a: Alakazam|spa|1
|-boost|p1a: Alakazam|spd|1
|move|p2a: Melinda|Hydro Pump|p1a: Alakazam
|-damage|p1a: Alakazam|71\/252
|-damage|p2a: Melinda|158\/269|[from] item: Life Orb
|
|turn|15
|
|move|p1a: Alakazam|Shadow Ball|p2a: Melinda
|-supereffective|p2a: Melinda
|-damage|p2a: Melinda|0 fnt
|faint|p2a: Melinda
|
|
|switch|p2a: Shadowplay|Umbreon, M|393\/393
|-damage|p2a: Shadowplay|344\/393|[from] Stealth Rock
|turn|16
|
|move|p1a: Alakazam|Focus Blast|p2a: Shadowplay
|-supereffective|p2a: Shadowplay
|-damage|p2a: Shadowplay|0 fnt
|faint|p2a: Shadowplay
|
|
|switch|p2a: Magnlia|Florges, F|256\/351
|-damage|p2a: Magnlia|213\/351|[from] Stealth Rock
|turn|17
|
|move|p1a: Alakazam|Psyshock|p2a: Magnlia
|-damage|p2a: Magnlia|0 fnt
|faint|p2a: Magnlia
|
|
|switch|p2a: Capt. Barrelman|Aggron-Mega, M|208\/343
|-damage|p2a: Capt. Barrelman|187\/343|[from] Stealth Rock
|turn|18
|
|move|p1a: Alakazam|Focus Blast|p2a: Capt. Barrelman|[miss]
|-miss|p1a: Alakazam|p2a: Capt. Barrelman
|move|p2a: Capt. Barrelman|Roar|p1a: Alakazam
|drag|p1a: Doublade|Doublade, M|322\/322
|-damage|p1a: Doublade|302\/322|[from] Stealth Rock
|
|turn|19
|
|move|p2a: Capt. Barrelman|Earthquake|p1a: Doublade
|-supereffective|p1a: Doublade
|-damage|p1a: Doublade|206\/322
|move|p1a: Doublade|Swords Dance|p1a: Doublade
|-boost|p1a: Doublade|atk|2
|
|turn|20
|
|move|p2a: Capt. Barrelman|Earthquake|p1a: Doublade
|-supereffective|p1a: Doublade
|-damage|p1a: Doublade|104\/322
|move|p1a: Doublade|Iron Head|p2a: Capt. Barrelman
|-resisted|p2a: Capt. Barrelman
|-damage|p2a: Capt. Barrelman|131\/343
|
|turn|21
|
|move|p2a: Capt. Barrelman|Earthquake|p1a: Doublade
|-supereffective|p1a: Doublade
|-damage|p1a: Doublade|4\/322
|move|p1a: Doublade|Iron Head|p2a: Capt. Barrelman
|-resisted|p2a: Capt. Barrelman
|-damage|p2a: Capt. Barrelman|71\/343
|
|turn|22
|
|move|p1a: Doublade|Shadow Sneak|p2a: Capt. Barrelman
|-damage|p2a: Capt. Barrelman|17\/343
|move|p2a: Capt. Barrelman|Roar|p1a: Doublade
|drag|p1a: Azelf|Azelf|110\/291
|-damage|p1a: Azelf|74\/291|[from] Stealth Rock
|
|turn|23
|
|move|p1a: Azelf|Psyshock|p2a: Capt. Barrelman
|-resisted|p2a: Capt. Barrelman
|-damage|p2a: Capt. Barrelman|0 fnt
|faint|p2a: Capt. Barrelman
|
|
|switch|p2a: Purple Haze|Crobat, M|325\/325
|-damage|p2a: Purple Haze|244\/325|[from] Stealth Rock
|turn|24
|
|move|p2a: Purple Haze|Acrobatics|p1a: Azelf
|-damage|p1a: Azelf|0 fnt
|faint|p1a: Azelf
|
|
|switch|p1a: Zygarde|Zygarde|357\/357
|-damage|p1a: Zygarde|335\/357|[from] Stealth Rock
|-ability|p1a: Zygarde|Aura Break
|turn|25
|
|move|p2a: Purple Haze|Taunt|p1a: Zygarde
|-start|p1a: Zygarde|move: Taunt
|cant|p1a: Zygarde|move: Taunt|Dragon Dance
|
|turn|26
|
|move|p2a: Purple Haze|Acrobatics|p1a: Zygarde
|-damage|p1a: Zygarde|197\/357
|move|p1a: Zygarde|Stone Edge|p2a: Purple Haze|[miss]
|-miss|p1a: Zygarde|p2a: Purple Haze
|
|turn|27
|-message|Century Express forfeited.
|leave|Century Express
|
|win|DONGER MANAGEMENT
|raw|Ladder updating...