|join|Linkjuhh
|join|CyndaKillSH
|player|p1|Linkjuhh|196
|player|p2|CyndaKillSH|161
|gametype|singles
|gen|6
|tier|OU
|rated
|clearpoke
|poke|p1|Skarmory, M
|poke|p1|Heatran, F
|poke|p1|Latias, F
|poke|p1|Garchomp, M
|poke|p1|Tyranitar, M
|poke|p1|Azumarill, M
|poke|p2|Volcarona, M, shiny
|poke|p2|Landorus-Therian, M, shiny
|poke|p2|Charizard, M, shiny
|poke|p2|Terrakion, shiny
|poke|p2|Venusaur, M, shiny
|poke|p2|Latios, M, shiny
|rule|Swagger Clause: Swagger is banned
|rule|Baton Pass Clause: Limit one PokÃ©mon knowing Baton Pass
|rule|Sleep Clause Mod: Limit one foe put to sleep
|rule|Species Clause: Limit one of each PokÃ©mon
|rule|OHKO Clause: OHKO moves are banned
|rule|Moody Clause: Moody is banned
|rule|Evasion Moves Clause: Evasion moves are banned
|rule|Endless Battle Clause: Forcing endless battles is banned
|rule|HP Percentage Mod: HP is shown in percentages
|teampreview
|
|start
|switch|p1a: Azumarill|Azumarill, M|403\/403
|switch|p2a: Dracaufeu|Charizard, M, shiny|297\/297
|turn|1
|
|detailschange|p2a: Dracaufeu|Charizard-Mega-Y, M, shiny
|-mega|p2a: Dracaufeu|Charizard|Charizardite Y
|-weather|SunnyDay
|move|p2a: Dracaufeu|Solar Beam|p1a: Azumarill|[still]
|-prepare|p2a: Dracaufeu|Solar Beam|p1a: Azumarill
|-anim|p2a: Dracaufeu|Solar Beam|p1a: Azumarill
|-crit|p1a: Azumarill
|-supereffective|p1a: Azumarill
|-damage|p1a: Azumarill|0 fnt
|faint|p1a: Azumarill
|
|-weather|SunnyDay|[upkeep]
|
|switch|p1a: Tyranitar|Tyranitar, M|342\/342
|-weather|Sandstorm
|turn|2
|
|switch|p2a: Demeteros|Landorus-Therian, M, shiny|320\/320
|-ability|p2a: Demeteros|Intimidate|[of] p1a: Tyranitar
|-unboost|p1a: Tyranitar|atk|1
|switch|p1a: Garchomp|Garchomp, M|357\/357
|
|-weather|Sandstorm|[upkeep]
|turn|3
|
|move|p2a: Demeteros|Stealth Rock|p1a: Garchomp
|-sidestart|p1: Linkjuhh|move: Stealth Rock
|move|p1a: Garchomp|Draco Meteor|p2a: Demeteros
|-damage|p2a: Demeteros|22\/320
|-unboost|p1a: Garchomp|spa|2
|-damage|p1a: Garchomp|322\/357|[from] item: Life Orb
|
|-weather|Sandstorm|[upkeep]
|turn|4
|
|switch|p1a: Skarmory|Skarmory, M|334\/334
|-damage|p1a: Skarmory|293\/334|[from] Stealth Rock
|move|p2a: Demeteros|Earthquake|p1a: Skarmory
|-immune|p1a: Skarmory|[msg]
|
|-weather|Sandstorm|[upkeep]
|-heal|p1a: Skarmory|313\/334|[from] item: Leftovers
|turn|5
|
|move|p2a: Demeteros|Knock Off|p1a: Skarmory
|-damage|p1a: Skarmory|241\/334
|-enditem|p1a: Skarmory|Leftovers|[from] move: Knock Off|[of] p2a: Demeteros
|move|p1a: Skarmory|Spikes|p2a: Demeteros
|-sidestart|p2: CyndaKillSH|Spikes
|
|-weather|Sandstorm|[upkeep]
|turn|6
|
|move|p2a: Demeteros|U-turn|p1a: Skarmory
|-resisted|p1a: Skarmory
|-damage|p1a: Skarmory|229\/334
|
|switch|p2a: Dracaufeu|Charizard-Mega-Y, M, shiny|297\/297
|-weather|SunnyDay
|move|p1a: Skarmory|Whirlwind|p2a: Dracaufeu
|drag|p2a: Demeteros|Landorus-Therian, M, shiny|22\/320
|-ability|p2a: Demeteros|Intimidate|[of] p1a: Skarmory
|-unboost|p1a: Skarmory|atk|1
|
|-weather|SunnyDay|[upkeep]
|turn|7
|
|move|p2a: Demeteros|Knock Off|p1a: Skarmory
|-damage|p1a: Skarmory|182\/334
|move|p1a: Skarmory|Spikes|p2a: Demeteros
|-sidestart|p2: CyndaKillSH|Spikes
|
|-weather|SunnyDay|[upkeep]
|turn|8
|
|move|p2a: Demeteros|U-turn|p1a: Skarmory
|-resisted|p1a: Skarmory
|-damage|p1a: Skarmory|169\/334
|
|switch|p2a: Latios|Latios, M, shiny|302\/302
|move|p1a: Skarmory|Whirlwind|p2a: Latios
|drag|p2a: Demeteros|Landorus-Therian, M, shiny|22\/320
|-ability|p2a: Demeteros|Intimidate|[of] p1a: Skarmory
|-unboost|p1a: Skarmory|atk|1
|
|-weather|SunnyDay|[upkeep]
|turn|9
|
|move|p2a: Demeteros|U-turn|p1a: Skarmory
|-resisted|p1a: Skarmory
|-damage|p1a: Skarmory|157\/334
|
|switch|p2a: Latios|Latios, M, shiny|302\/302
|move|p1a: Skarmory|Whirlwind|p2a: Latios
|drag|p2a: Florizarre|Venusaur, M, shiny|319\/319
|-damage|p2a: Florizarre|266\/319|[from] Spikes
|
|-weather|SunnyDay|[upkeep]
|turn|10
|
|switch|p2a: Latios|Latios, M, shiny|302\/302
|switch|p1a: Heatran|Heatran, F|373\/373
|-damage|p1a: Heatran|327\/373|[from] Stealth Rock
|
|-weather|none
|-heal|p1a: Heatran|350\/373|[from] item: Leftovers
|turn|11
|
|move|p2a: Latios|Defog|p1a: Heatran
|-unboost|p1a: Heatran|evasion|1
|-sideend|p1: Linkjuhh|Stealth Rock|[from] move: Defog|[of] p1a: Heatran
|-sideend|p2: CyndaKillSH|Spikes|[from] move: Defog|[of] p2a: Latios
|move|p1a: Heatran|Stealth Rock|p2a: Latios
|-sidestart|p2: CyndaKillSH|move: Stealth Rock
|
|-heal|p1a: Heatran|373\/373|[from] item: Leftovers
|turn|12
|
|move|p2a: Latios|Defog|p1a: Heatran
|-unboost|p1a: Heatran|evasion|1
|-sideend|p2: CyndaKillSH|Stealth Rock|[from] move: Defog|[of] p2a: Latios
|move|p1a: Heatran|Toxic|p2a: Latios
|-status|p2a: Latios|tox
|
|-damage|p2a: Latios|284\/302 tox|[from] psn
|turn|13
|
|switch|p2a: Terrakium|Terrakion, shiny|323\/323
|move|p1a: Heatran|Stealth Rock|p2a: Terrakium
|-sidestart|p2: CyndaKillSH|move: Stealth Rock
|
|turn|14
|
|switch|p1a: Latias|Latias, F|301\/301
|move|p2a: Terrakium|Close Combat|p1a: Latias
|-resisted|p1a: Latias
|-damage|p1a: Latias|188\/301
|-unboost|p2a: Terrakium|def|1
|-unboost|p2a: Terrakium|spd|1
|
|-heal|p1a: Latias|206\/301|[from] item: Leftovers
|turn|15
|
|switch|p2a: Latios|Latios, M, shiny|284\/302 tox
|-damage|p2a: Latios|247\/302 tox|[from] Stealth Rock
|move|p1a: Latias|Psyshock|p2a: Latios
|-resisted|p2a: Latios
|-damage|p2a: Latios|170\/302 tox
|
|-heal|p1a: Latias|224\/301|[from] item: Leftovers
|-damage|p2a: Latios|152\/302 tox|[from] psn
|turn|16
|
|move|p2a: Latios|Dragon Pulse|p1a: Latias
|-supereffective|p1a: Latias
|-damage|p1a: Latias|0 fnt
|faint|p1a: Latias
|
|-damage|p2a: Latios|116\/302 tox|[from] psn
|
|switch|p1a: Heatran|Heatran, F|373\/373
|turn|17
|c|âLinkjuhh|j'suis un kamikaze
|c|âCyndaKillSH|XD
|
|switch|p2a: Terrakium|Terrakion, shiny|323\/323
|-damage|p2a: Terrakium|303\/323|[from] Stealth Rock
|move|p1a: Heatran|Stealth Rock|p2a: Terrakium
|-fail|p2a: Terrakium
|
|turn|18
|c|âCyndaKillSH|Je vois Ã§a
|
|switch|p1a: Garchomp|Garchomp, M|322\/357
|move|p2a: Terrakium|Close Combat|p1a: Garchomp
|-damage|p1a: Garchomp|103\/357
|-damage|p2a: Terrakium|263\/323|[from] ability: Rough Skin|[of] p1a: Garchomp
|-unboost|p2a: Terrakium|def|1
|-unboost|p2a: Terrakium|spd|1
|
|turn|19
|
|move|p2a: Terrakium|Earthquake|p1a: Garchomp
|-crit|p1a: Garchomp
|-damage|p1a: Garchomp|0 fnt
|faint|p1a: Garchomp
|
|
|switch|p1a: Skarmory|Skarmory, M|157\/334
|turn|20
|
|move|p2a: Terrakium|Close Combat|p1a: Skarmory
|-damage|p1a: Skarmory|37\/334
|-unboost|p2a: Terrakium|def|1
|-unboost|p2a: Terrakium|spd|1
|move|p1a: Skarmory|Counter|p2a: Terrakium
|-damage|p2a: Terrakium|23\/323
|
|turn|21
|
|move|p2a: Terrakium|Close Combat|p1a: Skarmory
|-damage|p1a: Skarmory|0 fnt
|-unboost|p2a: Terrakium|def|1
|-unboost|p2a: Terrakium|spd|1
|faint|p1a: Skarmory
|
|
|switch|p1a: Heatran|Heatran, F|373\/373
|turn|22
|
|move|p2a: Terrakium|Close Combat|p1a: Heatran
|-supereffective|p1a: Heatran
|-damage|p1a: Heatran|0 fnt
|-unboost|p2a: Terrakium|def|1
|-unboost|p2a: Terrakium|spd|1
|faint|p1a: Heatran
|
|
|switch|p1a: Tyranitar|Tyranitar, M|342\/342
|-weather|Sandstorm
|turn|23
|
|detailschange|p1a: Tyranitar|Tyranitar-Mega, M
|-mega|p1a: Tyranitar|Tyranitar|Tyranitarite
|move|p2a: Terrakium|Close Combat|p1a: Tyranitar
|-supereffective|p1a: Tyranitar
|-damage|p1a: Tyranitar|0 fnt
|-unboost|p2a: Terrakium|def|1
|-unboost|p2a: Terrakium|spd|1
|faint|p1a: Tyranitar
|
|win|CyndaKillSH
|raw|Ladder updating...
|c|âCyndaKillSH|gg
|raw|Linkjuhh's rating: 1445 &rarr; <strong>1428<\/strong><br \/>(-17 for losing)
|raw|CyndaKillSH's rating: 1499 &rarr; <strong>1516<\/strong><br \/>(+17 for winning)
|leave|Linkjuhh
|player|p1