|join|toups21
|join|CyndaKillSH
|player|p1|toups21|288
|player|p2|CyndaKillSH|161
|gametype|singles
|gen|6
|tier|OU
|rated
|clearpoke
|poke|p1|Scizor, M
|poke|p1|Chansey, F
|poke|p1|Slowbro, M
|poke|p1|Azumarill, F
|poke|p1|Ferrothorn, F
|poke|p1|Greninja, M
|poke|p2|Volcarona, M, shiny
|poke|p2|Landorus-Therian, M, shiny
|poke|p2|Charizard, M, shiny
|poke|p2|Terrakion, shiny
|poke|p2|Venusaur, M, shiny
|poke|p2|Latios, M, shiny
|rule|Swagger Clause: Swagger is banned
|rule|Baton Pass Clause: Limit one PokÃ©mon knowing Baton Pass
|rule|Sleep Clause Mod: Limit one foe put to sleep
|rule|Species Clause: Limit one of each PokÃ©mon
|rule|OHKO Clause: OHKO moves are banned
|rule|Moody Clause: Moody is banned
|rule|Evasion Moves Clause: Evasion moves are banned
|rule|Endless Battle Clause: Forcing endless battles is banned
|rule|HP Percentage Mod: HP is shown in percentages
|teampreview
|
|start
|switch|p1a: Ferrothorn|Ferrothorn, F|351\/351
|switch|p2a: Charizard|Charizard, M, shiny|298\/298
|turn|1
|
|detailschange|p2a: Charizard|Charizard-Mega-Y, M, shiny
|-mega|p2a: Charizard|Charizard|Charizardite Y
|-weather|SunnyDay
|move|p2a: Charizard|Solar Beam|p1a: Ferrothorn|[still]
|-prepare|p2a: Charizard|Solar Beam|p1a: Ferrothorn
|-anim|p2a: Charizard|Solar Beam|p1a: Ferrothorn
|-resisted|p1a: Ferrothorn
|-damage|p1a: Ferrothorn|313\/351
|move|p1a: Ferrothorn|Stealth Rock|p2a: Charizard
|-sidestart|p2: CyndaKillSH|move: Stealth Rock
|
|-weather|SunnyDay|[upkeep]
|turn|2
|
|switch|p1a: Slowbro|Slowbro, M|394\/394
|move|p2a: Charizard|Flamethrower|p1a: Slowbro
|-resisted|p1a: Slowbro
|-damage|p1a: Slowbro|241\/394
|
|-weather|SunnyDay|[upkeep]
|-heal|p1a: Slowbro|265\/394|[from] item: Leftovers
|turn|3
|
|switch|p1a: Chansey|Chansey, F|703\/703
|move|p2a: Charizard|Solar Beam|p1a: Chansey|[still]
|-prepare|p2a: Charizard|Solar Beam|p1a: Chansey
|-anim|p2a: Charizard|Solar Beam|p1a: Chansey
|-damage|p1a: Chansey|603\/703
|
|-weather|SunnyDay|[upkeep]
|turn|4
|
|switch|p2a: Landorus-Therian|Landorus-Therian, M, shiny|320\/320
|-damage|p2a: Landorus-Therian|280\/320|[from] Stealth Rock
|-ability|p2a: Landorus-Therian|Intimidate|[of] p1a: Chansey
|-unboost|p1a: Chansey|atk|1
|move|p1a: Chansey|Toxic|p2a: Landorus-Therian
|-status|p2a: Landorus-Therian|tox
|
|-weather|SunnyDay|[upkeep]
|-damage|p2a: Landorus-Therian|260\/320 tox|[from] psn
|turn|5
|
|move|p2a: Landorus-Therian|Knock Off|p1a: Chansey
|-damage|p1a: Chansey|440\/703
|-enditem|p1a: Chansey|Eviolite|[from] move: Knock Off|[of] p2a: Landorus-Therian
|move|p1a: Chansey|Seismic Toss|p2a: Landorus-Therian
|-damage|p2a: Landorus-Therian|160\/320 tox
|
|-weather|none
|-damage|p2a: Landorus-Therian|120\/320 tox|[from] psn
|turn|6
|
|switch|p1a: Slowbro|Slowbro, M|394\/394
|move|p2a: Landorus-Therian|U-turn|p1a: Slowbro
|-supereffective|p1a: Slowbro
|-damage|p1a: Slowbro|270\/394
|
|switch|p2a: Charizard|Charizard-Mega-Y, M, shiny|298\/298
|-damage|p2a: Charizard|149\/298|[from] Stealth Rock
|-weather|SunnyDay
|
|-weather|SunnyDay|[upkeep]
|-heal|p1a: Slowbro|294\/394|[from] item: Leftovers
|turn|7
|
|switch|p1a: Ferrothorn|Ferrothorn, F|313\/351
|move|p2a: Charizard|Solar Beam|p1a: Ferrothorn|[still]
|-prepare|p2a: Charizard|Solar Beam|p1a: Ferrothorn
|-anim|p2a: Charizard|Solar Beam|p1a: Ferrothorn
|-resisted|p1a: Ferrothorn
|-damage|p1a: Ferrothorn|280\/351
|
|-weather|SunnyDay|[upkeep]
|turn|8
|
|move|p2a: Charizard|Flamethrower|p1a: Ferrothorn
|-supereffective|p1a: Ferrothorn
|-damage|p1a: Ferrothorn|0 fnt
|faint|p1a: Ferrothorn
|
|-weather|SunnyDay|[upkeep]
|
|switch|p1a: Greninja|Greninja, M|285\/285
|turn|9
|
|move|p1a: Greninja|Scald|p2a: Charizard
|-start|p1a: Greninja|typechange|Water|[from] Protean
|-supereffective|p2a: Charizard
|-damage|p2a: Charizard|1\/298
|-damage|p1a: Greninja|257\/285|[from] item: Life Orb
|move|p2a: Charizard|Solar Beam|p1a: Greninja|[still]
|-prepare|p2a: Charizard|Solar Beam|p1a: Greninja
|-anim|p2a: Charizard|Solar Beam|p1a: Greninja
|-supereffective|p1a: Greninja
|-damage|p1a: Greninja|0 fnt
|faint|p1a: Greninja
|
|-weather|SunnyDay|[upkeep]
|
|switch|p1a: Scizor|Scizor, M|343\/343
|turn|10
|
|switch|p2a: Landorus-Therian|Landorus-Therian, M, shiny|120\/320 tox
|-damage|p2a: Landorus-Therian|80\/320 tox|[from] Stealth Rock
|-ability|p2a: Landorus-Therian|Intimidate|[of] p1a: Scizor
|-unboost|p1a: Scizor|atk|1
|detailschange|p1a: Scizor|Scizor-Mega, M
|-mega|p1a: Scizor|Scizor|Scizorite
|move|p1a: Scizor|Bullet Punch|p2a: Landorus-Therian
|-damage|p2a: Landorus-Therian|0 fnt
|faint|p2a: Landorus-Therian
|
|-weather|none
|
|switch|p2a: Latios|Latios, M, shiny|302\/302
|-damage|p2a: Latios|265\/302|[from] Stealth Rock
|turn|11
|
|move|p2a: Latios|Defog|p1a: Scizor
|-unboost|p1a: Scizor|evasion|1
|-sideend|p2: CyndaKillSH|Stealth Rock|[from] move: Defog|[of] p2a: Latios
|move|p1a: Scizor|Knock Off|p2a: Latios
|-supereffective|p2a: Latios
|-damage|p2a: Latios|37\/302
|-enditem|p2a: Latios|Expert Belt|[from] move: Knock Off|[of] p1a: Scizor
|
|turn|12
|
|move|p1a: Scizor|Bullet Punch|p2a: Latios
|-damage|p2a: Latios|0 fnt
|faint|p2a: Latios
|
|
|switch|p2a: Charizard|Charizard-Mega-Y, M, shiny|1\/298
|-weather|SunnyDay
|turn|13
|
|move|p1a: Scizor|Bullet Punch|p2a: Charizard
|-resisted|p2a: Charizard
|-damage|p2a: Charizard|0 fnt
|faint|p2a: Charizard
|
|-weather|SunnyDay|[upkeep]
|
|switch|p2a: Volcarona|Volcarona, M, shiny|374\/374
|turn|14
|
|switch|p1a: Slowbro|Slowbro, M|394\/394
|move|p2a: Volcarona|Quiver Dance|p2a: Volcarona
|-boost|p2a: Volcarona|spa|1
|-boost|p2a: Volcarona|spd|1
|-boost|p2a: Volcarona|spe|1
|
|-weather|SunnyDay|[upkeep]
|turn|15
|
|move|p2a: Volcarona|Bug Buzz|p1a: Slowbro
|-supereffective|p1a: Slowbro
|-damage|p1a: Slowbro|0 fnt
|faint|p1a: Slowbro
|
|-weather|SunnyDay|[upkeep]
|
|switch|p1a: Chansey|Chansey, F|440\/703
|turn|16
|
|move|p2a: Volcarona|Fiery Dance|p1a: Chansey
|-damage|p1a: Chansey|190\/703
|-boost|p2a: Volcarona|spa|1
|move|p1a: Chansey|Toxic|p2a: Volcarona|[miss]
|-miss|p1a: Chansey|p2a: Volcarona
|
|-weather|SunnyDay|[upkeep]
|turn|17
|
|move|p2a: Volcarona|Fiery Dance|p1a: Chansey
|-damage|p1a: Chansey|0 fnt
|-boost|p2a: Volcarona|spa|1
|faint|p1a: Chansey
|
|-weather|none
|
|switch|p1a: Azumarill|Azumarill, F|404\/404
|turn|18
|
|move|p2a: Volcarona|Giga Drain|p1a: Azumarill
|-supereffective|p1a: Azumarill
|-damage|p1a: Azumarill|0 fnt
|faint|p1a: Azumarill
|
|
|switch|p1a: Scizor|Scizor-Mega, M|343\/343
|turn|19
|c|âCyndaKillSH|gg
|
|move|p1a: Scizor|Bullet Punch|p2a: Volcarona
|-resisted|p2a: Volcarona
|-damage|p2a: Volcarona|301\/374
|move|p2a: Volcarona|Fiery Dance|p1a: Scizor
|-supereffective|p1a: Scizor
|-damage|p1a: Scizor|0 fnt
|faint|p1a: Scizor
|
|win|CyndaKillSH
|raw|Ladder updating...
|raw|toups21's rating: 1151 &rarr; <strong>1128<\/strong><br \/>(-23 for losing)
|raw|CyndaKillSH's rating: 1176 &rarr; <strong>1200<\/strong><br \/>(+24 for winning)