|join|LYF
|join|CyndaKillSH
|player|p1|LYF|16
|player|p2|CyndaKillSH|161
|gametype|singles
|gen|6
|tier|OU
|rated
|clearpoke
|poke|p1|Gengar, M
|poke|p1|Lopunny, F
|poke|p1|Gliscor, M
|poke|p1|Clefable, M
|poke|p1|Shaymin
|poke|p1|Rotom-Wash
|poke|p2|Volcarona, M, shiny
|poke|p2|Landorus-Therian, M, shiny
|poke|p2|Charizard, M, shiny
|poke|p2|Terrakion, shiny
|poke|p2|Venusaur, M, shiny
|poke|p2|Latios, M, shiny
|rule|Swagger Clause: Swagger is banned
|rule|Baton Pass Clause: Limit one PokÃ©mon knowing Baton Pass
|rule|Sleep Clause Mod: Limit one foe put to sleep
|rule|Species Clause: Limit one of each PokÃ©mon
|rule|OHKO Clause: OHKO moves are banned
|rule|Moody Clause: Moody is banned
|rule|Evasion Moves Clause: Evasion moves are banned
|rule|Endless Battle Clause: Forcing endless battles is banned
|rule|HP Percentage Mod: HP is shown in percentages
|teampreview
|
|start
|switch|p1a: Lopunny|Lopunny, F|271\/271
|switch|p2a: Dracaufeu|Charizard, M, shiny|297\/297
|turn|1
|
|detailschange|p1a: Lopunny|Lopunny-Mega, F
|-mega|p1a: Lopunny|Lopunny|Lopunnite
|detailschange|p2a: Dracaufeu|Charizard-Mega-Y, M, shiny
|-mega|p2a: Dracaufeu|Charizard|Charizardite Y
|-weather|SunnyDay
|move|p1a: Lopunny|Fake Out|p2a: Dracaufeu
|-damage|p2a: Dracaufeu|206\/297
|cant|p2a: Dracaufeu|flinch
|
|-weather|SunnyDay|[upkeep]
|turn|2
|
|switch|p2a: Demeteros|Landorus-Therian, M, shiny|320\/320
|-ability|p2a: Demeteros|Intimidate|[of] p1a: Lopunny
|-unboost|p1a: Lopunny|atk|1
|move|p1a: Lopunny|Frustration|p2a: Demeteros
|-damage|p2a: Demeteros|187\/320
|
|-weather|SunnyDay|[upkeep]
|turn|3
|
|switch|p1a: Clefable|Clefable, M|394\/394
|switch|p2a: Pyrax|Volcarona, M, shiny|374\/374
|
|-weather|SunnyDay|[upkeep]
|turn|4
|
|move|p2a: Pyrax|Quiver Dance|p2a: Pyrax
|-boost|p2a: Pyrax|spa|1
|-boost|p2a: Pyrax|spd|1
|-boost|p2a: Pyrax|spe|1
|move|p1a: Clefable|Fire Blast|p2a: Pyrax
|-damage|p2a: Pyrax|300\/374
|
|-weather|SunnyDay|[upkeep]
|turn|5
|
|switch|p1a: Rotom-Wash|Rotom-Wash|303\/303
|move|p2a: Pyrax|Fiery Dance|p1a: Rotom-Wash
|-resisted|p1a: Rotom-Wash
|-damage|p1a: Rotom-Wash|179\/303
|
|-weather|none
|-heal|p1a: Rotom-Wash|197\/303|[from] item: Leftovers
|turn|6
|
|switch|p1a: Lopunny|Lopunny-Mega, F|271\/271
|move|p2a: Pyrax|Giga Drain|p1a: Lopunny
|-damage|p1a: Lopunny|155\/271
|-heal|p2a: Pyrax|358\/374|[from] drain|[of] p1a: Lopunny
|
|turn|7
|
|move|p1a: Lopunny|Fake Out|p2a: Pyrax
|-damage|p2a: Pyrax|277\/374
|-status|p1a: Lopunny|brn
|cant|p2a: Pyrax|flinch
|
|-damage|p1a: Lopunny|122\/271 brn|[from] brn
|turn|8
|
|move|p1a: Lopunny|Frustration|p2a: Pyrax
|-damage|p2a: Pyrax|175\/374
|-enditem|p2a: Pyrax|Sitrus Berry|[eat]
|-heal|p2a: Pyrax|268\/374|[from] item: Sitrus Berry
|move|p2a: Pyrax|Quiver Dance|p2a: Pyrax
|-boost|p2a: Pyrax|spa|1
|-boost|p2a: Pyrax|spd|1
|-boost|p2a: Pyrax|spe|1
|
|-damage|p1a: Lopunny|89\/271 brn|[from] brn
|turn|9
|
|move|p2a: Pyrax|Quiver Dance|p2a: Pyrax
|-boost|p2a: Pyrax|spa|1
|-boost|p2a: Pyrax|spd|1
|-boost|p2a: Pyrax|spe|1
|move|p1a: Lopunny|Healing Wish|p1a: Lopunny
|faint|p1a: Lopunny
|
|-message|LYF forfeited.
|leave|LYF
|
|switch|p1a: Rotom-Wash|Rotom-Wash|197\/303
|-heal|p1a: Rotom-Wash|303\/303|[from] move: Healing Wish
|turn|10
|
|win|CyndaKillSH
|raw|Ladder updating...
|player|p1
|raw|LYF's rating: 1524 &rarr; <strong>1503<\/strong><br \/>(-21 for losing)
|raw|CyndaKillSH's rating: 1506 &rarr; <strong>1527<\/strong><br \/>(+21 for winning)