|join|CyndaKillSH
|join|Rawk Hawk
|join|HsLuffy
|player|p1|CyndaKillSH|161
|player|p2|Rawk Hawk|2
|gametype|singles
|gen|6
|tier|OU
|rated
|clearpoke
|poke|p1|Volcarona, M, shiny
|poke|p1|Landorus-Therian, M, shiny
|poke|p1|Charizard, M, shiny
|poke|p1|Terrakion, shiny
|poke|p1|Venusaur, M, shiny
|poke|p1|Latios, M, shiny
|poke|p2|Azumarill, M
|poke|p2|Serperior, M, shiny
|poke|p2|Charizard, F
|poke|p2|Starmie
|poke|p2|Klefki, M
|poke|p2|Dugtrio, F
|rule|Swagger Clause: Swagger is banned
|rule|Baton Pass Clause: Limit one PokÃ©mon knowing Baton Pass
|rule|Sleep Clause Mod: Limit one foe put to sleep
|rule|Species Clause: Limit one of each PokÃ©mon
|rule|OHKO Clause: OHKO moves are banned
|rule|Moody Clause: Moody is banned
|rule|Evasion Moves Clause: Evasion moves are banned
|rule|Endless Battle Clause: Forcing endless battles is banned
|rule|HP Percentage Mod: HP is shown in percentages
|teampreview
|
|start
|switch|p1a: Dracaufeu|Charizard, M, shiny|297\/297
|switch|p2a: Klefki|Klefki, M|318\/318
|turn|1
|c| HsLuffy|yÃ© souis la
|
|detailschange|p1a: Dracaufeu|Charizard-Mega-Y, M, shiny
|-mega|p1a: Dracaufeu|Charizard|Charizardite Y
|-weather|SunnyDay
|move|p2a: Klefki|Thunder Wave|p1a: Dracaufeu
|-status|p1a: Dracaufeu|par
|move|p1a: Dracaufeu|Flamethrower|p2a: Klefki
|-supereffective|p2a: Klefki
|-damage|p2a: Klefki|0 fnt
|faint|p2a: Klefki
|
|-weather|SunnyDay|[upkeep]
|c|âCyndaKillSH|BOOM DEGAGE TROUSSEAU DE CLES DE TA MERE LA CHIENNASSE
|
|switch|p2a: Charizard|Charizard, F|313\/313
|turn|2
|c|âCyndaKillSH|#yolosef
|
|switch|p1a: Terrakium|Terrakion, shiny|323\/323
|move|p2a: Charizard|Dragon Dance|p2a: Charizard
|-boost|p2a: Charizard|atk|1
|-boost|p2a: Charizard|spe|1
|
|-weather|SunnyDay|[upkeep]
|turn|3
|
|switch|p2a: Dugtrio|Dugtrio, F|211\/211
|move|p1a: Terrakium|Rock Slide|p2a: Dugtrio
|-resisted|p2a: Dugtrio
|-damage|p2a: Dugtrio|91\/211
|
|-weather|SunnyDay|[upkeep]
|turn|4
|
|move|p2a: Dugtrio|Earthquake|p1a: Terrakium
|-supereffective|p1a: Terrakium
|-damage|p1a: Terrakium|27\/323
|move|p1a: Terrakium|Earthquake|p2a: Dugtrio
|-damage|p2a: Dugtrio|0 fnt
|faint|p2a: Dugtrio
|
|-weather|SunnyDay|[upkeep]
|
|switch|p2a: Serperior|Serperior, M, shiny|291\/291
|turn|5
|
|move|p2a: Serperior|Substitute|p2a: Serperior
|-start|p2a: Serperior|Substitute
|-damage|p2a: Serperior|219\/291
|move|p1a: Terrakium|Poison Jab|p2a: Serperior
|-supereffective|p2a: Serperior
|-end|p2a: Serperior|Substitute
|
|-weather|none
|-heal|p2a: Serperior|237\/291|[from] item: Leftovers
|turn|6
|
|move|p2a: Serperior|Leaf Storm|p1a: Terrakium
|-supereffective|p1a: Terrakium
|-damage|p1a: Terrakium|0 fnt
|-boost|p2a: Serperior|spa|2
|faint|p1a: Terrakium
|
|-heal|p2a: Serperior|255\/291|[from] item: Leftovers
|
|switch|p1a: Dracaufeu|Charizard-Mega-Y, M, shiny|297\/297 par
|-weather|SunnyDay
|turn|7
|c|âCyndaKillSH|oui Olivier, cette merde est dispo
|
|move|p2a: Serperior|Substitute|p2a: Serperior
|-start|p2a: Serperior|Substitute
|-damage|p2a: Serperior|183\/291
|move|p1a: Dracaufeu|Flamethrower|p2a: Serperior
|-supereffective|p2a: Serperior
|-end|p2a: Serperior|Substitute
|
|-weather|SunnyDay|[upkeep]
|-heal|p2a: Serperior|201\/291|[from] item: Leftovers
|turn|8
|
|switch|p1a: Florizarre|Venusaur, M, shiny|319\/319
|move|p2a: Serperior|Substitute|p2a: Serperior
|-start|p2a: Serperior|Substitute
|-damage|p2a: Serperior|129\/291
|
|-weather|SunnyDay|[upkeep]
|-heal|p2a: Serperior|147\/291|[from] item: Leftovers
|turn|9
|
|move|p1a: Florizarre|Substitute|p1a: Florizarre
|-start|p1a: Florizarre|Substitute
|-damage|p1a: Florizarre|240\/319
|move|p2a: Serperior|Glare|p1a: Florizarre
|
|-weather|SunnyDay|[upkeep]
|-heal|p2a: Serperior|165\/291|[from] item: Leftovers
|turn|10
|
|move|p1a: Florizarre|Sludge Bomb|p2a: Serperior
|-supereffective|p2a: Serperior
|-end|p2a: Serperior|Substitute
|-damage|p1a: Florizarre|209\/319|[from] item: Life Orb
|move|p2a: Serperior|Hidden Power|p1a: Florizarre
|-supereffective|p1a: Florizarre
|-end|p1a: Florizarre|Substitute
|
|-weather|SunnyDay|[upkeep]
|-heal|p2a: Serperior|183\/291|[from] item: Leftovers
|turn|11
|
|move|p1a: Florizarre|Sludge Bomb|p2a: Serperior
|-supereffective|p2a: Serperior
|-damage|p2a: Serperior|0 fnt
|-damage|p1a: Florizarre|178\/319|[from] item: Life Orb
|faint|p2a: Serperior
|
|-weather|none
|
|switch|p2a: Charizard|Charizard, F|313\/313
|turn|12
|-message|Rawk Hawk forfeited.
|leave|Rawk Hawk
|
|win|CyndaKillSH
|raw|Ladder updating...
|player|p2
|raw|CyndaKillSH's rating: 1419 &rarr; <strong>1442<\/strong><br \/>(+23 for winning)
|raw|Rawk Hawk's rating: 1467 &rarr; <strong>1444<\/strong><br \/>(-23 for losing)