|join|CyndaKillSH
|join|Lord Insanity
|player|p1|CyndaKillSH|161
|player|p2|Lord Insanity|237
|gametype|singles
|gen|6
|tier|OU
|rated
|clearpoke
|poke|p1|Volcarona, M, shiny
|poke|p1|Landorus-Therian, M, shiny
|poke|p1|Charizard, M, shiny
|poke|p1|Terrakion, shiny
|poke|p1|Venusaur, M, shiny
|poke|p1|Latios, M, shiny
|poke|p2|Diancie
|poke|p2|Starmie
|poke|p2|Ferrothorn, F
|poke|p2|Latios, M
|poke|p2|Tyranitar, M
|poke|p2|Landorus-Therian, M
|rule|Swagger Clause: Swagger is banned
|rule|Baton Pass Clause: Limit one PokÃ©mon knowing Baton Pass
|rule|Sleep Clause Mod: Limit one foe put to sleep
|rule|Species Clause: Limit one of each PokÃ©mon
|rule|OHKO Clause: OHKO moves are banned
|rule|Moody Clause: Moody is banned
|rule|Evasion Moves Clause: Evasion moves are banned
|rule|Endless Battle Clause: Forcing endless battles is banned
|rule|HP Percentage Mod: HP is shown in percentages
|teampreview
|
|start
|switch|p1a: Demeteros|Landorus-Therian, M, shiny|320\/320
|switch|p2a: Landorus-Therian|Landorus-Therian, M|381\/381
|-ability|p1a: Demeteros|Intimidate|[of] p2a: Landorus-Therian
|-unboost|p2a: Landorus-Therian|atk|1
|-ability|p2a: Landorus-Therian|Intimidate|[of] p1a: Demeteros
|-unboost|p1a: Demeteros|atk|1
|turn|1
|
|move|p1a: Demeteros|Stealth Rock|p2a: Landorus-Therian
|-sidestart|p2: Lord Insanity|move: Stealth Rock
|move|p2a: Landorus-Therian|Stealth Rock|p1a: Demeteros
|-sidestart|p1: CyndaKillSH|move: Stealth Rock
|
|turn|2
|
|move|p1a: Demeteros|Knock Off|p2a: Landorus-Therian
|-damage|p2a: Landorus-Therian|311\/381
|-enditem|p2a: Landorus-Therian|Leftovers|[from] move: Knock Off|[of] p1a: Demeteros
|move|p2a: Landorus-Therian|U-turn|p1a: Demeteros
|-resisted|p1a: Demeteros
|-damage|p1a: Demeteros|295\/320
|
|switch|p2a: Ferrothorn|Ferrothorn, F|352\/352
|-damage|p2a: Ferrothorn|330\/352|[from] Stealth Rock
|
|-heal|p2a: Ferrothorn|352\/352|[from] item: Leftovers
|turn|3
|
|move|p1a: Demeteros|Earthquake|p2a: Ferrothorn
|-damage|p2a: Ferrothorn|280\/352
|move|p2a: Ferrothorn|Spikes|p1a: Demeteros
|-sidestart|p1: CyndaKillSH|Spikes
|
|-heal|p2a: Ferrothorn|302\/352|[from] item: Leftovers
|turn|4
|
|switch|p1a: Latios|Latios, M, shiny|302\/302
|-damage|p1a: Latios|265\/302|[from] Stealth Rock
|move|p2a: Ferrothorn|Leech Seed|p1a: Latios|[miss]
|-miss|p2a: Ferrothorn|p1a: Latios
|
|-heal|p2a: Ferrothorn|324\/352|[from] item: Leftovers
|turn|5
|
|switch|p2a: Tyranitar|Tyranitar, M|341\/341
|-damage|p2a: Tyranitar|299\/341|[from] Stealth Rock
|-weather|Sandstorm
|move|p1a: Latios|Defog|p2a: Tyranitar
|-unboost|p2a: Tyranitar|evasion|1
|-sideend|p2: Lord Insanity|Stealth Rock|[from] move: Defog|[of] p2a: Tyranitar
|-sideend|p1: CyndaKillSH|Spikes|[from] move: Defog|[of] p1a: Latios
|-sideend|p1: CyndaKillSH|Stealth Rock|[from] move: Defog|[of] p1a: Latios
|
|-weather|Sandstorm|[upkeep]
|-damage|p1a: Latios|247\/302|[from] sandstorm
|turn|6
|
|move|p2a: Tyranitar|Pursuit|p1a: Latios
|-supereffective|p1a: Latios
|-damage|p1a: Latios|73\/302
|move|p1a: Latios|Dragon Pulse|p2a: Tyranitar
|-damage|p2a: Tyranitar|196\/341
|
|-weather|Sandstorm|[upkeep]
|-damage|p1a: Latios|55\/302|[from] sandstorm
|turn|7
|
|move|p2a: Tyranitar|Pursuit|p1a: Latios
|-supereffective|p1a: Latios
|-damage|p1a: Latios|0 fnt
|faint|p1a: Latios
|
|-weather|Sandstorm|[upkeep]
|
|switch|p1a: Pyrax|Volcarona, M, shiny|374\/374
|turn|8
|
|switch|p2a: Landorus-Therian|Landorus-Therian, M|311\/381
|-ability|p2a: Landorus-Therian|Intimidate|[of] p1a: Pyrax
|-unboost|p1a: Pyrax|atk|1
|move|p1a: Pyrax|Quiver Dance|p1a: Pyrax
|-boost|p1a: Pyrax|spa|1
|-boost|p1a: Pyrax|spd|1
|-boost|p1a: Pyrax|spe|1
|
|-weather|Sandstorm|[upkeep]
|-damage|p1a: Pyrax|351\/374|[from] sandstorm
|turn|9
|
|move|p1a: Pyrax|Quiver Dance|p1a: Pyrax
|-boost|p1a: Pyrax|spa|1
|-boost|p1a: Pyrax|spd|1
|-boost|p1a: Pyrax|spe|1
|move|p2a: Landorus-Therian|Stealth Rock|p1a: Pyrax
|-sidestart|p1: CyndaKillSH|move: Stealth Rock
|
|-weather|none
|turn|10
|
|move|p1a: Pyrax|Fiery Dance|p2a: Landorus-Therian
|-damage|p2a: Landorus-Therian|0 fnt
|-boost|p1a: Pyrax|spa|1
|faint|p2a: Landorus-Therian
|
|
|switch|p2a: Tyranitar|Tyranitar, M|196\/341
|-weather|Sandstorm
|turn|11
|
|move|p1a: Pyrax|Bug Buzz|p2a: Tyranitar
|-supereffective|p2a: Tyranitar
|-damage|p2a: Tyranitar|0 fnt
|faint|p2a: Tyranitar
|
|-weather|Sandstorm|[upkeep]
|-damage|p1a: Pyrax|328\/374|[from] sandstorm
|-message|Lord Insanity forfeited.
|
|win|CyndaKillSH
|raw|Ladder updating...
|leave|Lord Insanity
|player|p2
|raw|CyndaKillSH's rating: 1508 &rarr; <strong>1527<\/strong><br \/>(+19 for winning)
|raw|Lord Insanity's rating: 1488 &rarr; <strong>1469<\/strong><br \/>(-19 for losing)