|join|CyndaKillSH
|join|chromagranin
|player|p1|CyndaKillSH|161
|player|p2|chromagranin|266
|gametype|singles
|gen|6
|tier|OU
|rated
|clearpoke
|poke|p1|Volcarona, M, shiny
|poke|p1|Landorus-Therian, M, shiny
|poke|p1|Charizard, M, shiny
|poke|p1|Terrakion, shiny
|poke|p1|Venusaur, M, shiny
|poke|p1|Latios, M, shiny
|poke|p2|Lopunny, F
|poke|p2|Slowbro, F
|poke|p2|Ferrothorn, M
|poke|p2|Thundurus, M
|poke|p2|Talonflame, F
|poke|p2|Latias, F
|rule|Swagger Clause: Swagger is banned
|rule|Baton Pass Clause: Limit one PokÃ©mon knowing Baton Pass
|rule|Sleep Clause Mod: Limit one foe put to sleep
|rule|Species Clause: Limit one of each PokÃ©mon
|rule|OHKO Clause: OHKO moves are banned
|rule|Moody Clause: Moody is banned
|rule|Evasion Moves Clause: Evasion moves are banned
|rule|Endless Battle Clause: Forcing endless battles is banned
|rule|HP Percentage Mod: HP is shown in percentages
|teampreview
|
|start
|switch|p1a: Pyrax|Volcarona, M, shiny|374\/374
|switch|p2a: Thundurus|Thundurus, M|299\/299
|turn|1
|
|switch|p1a: Demeteros|Landorus-Therian, M, shiny|320\/320
|-ability|p1a: Demeteros|Intimidate|[of] p2a: Thundurus
|-unboost|p2a: Thundurus|atk|1
|move|p2a: Thundurus|Thunder Wave|p1a: Demeteros
|-immune|p1a: Demeteros|[msg]
|
|turn|2
|
|move|p2a: Thundurus|Hidden Power|p1a: Demeteros
|-supereffective|p1a: Demeteros
|-enditem|p1a: Demeteros|Yache Berry|[eat]
|-damage|p1a: Demeteros|115\/320
|-damage|p2a: Thundurus|270\/299|[from] item: Life Orb
|move|p1a: Demeteros|Stealth Rock|p2a: Thundurus
|-sidestart|p2: chromagranin|move: Stealth Rock
|
|turn|3
|
|switch|p1a: Dracaufeu|Charizard, M, shiny|298\/298
|move|p2a: Thundurus|Hidden Power|p1a: Dracaufeu
|-damage|p1a: Dracaufeu|190\/298
|-damage|p2a: Thundurus|241\/299|[from] item: Life Orb
|
|turn|4
|
|switch|p1a: Florizarre|Venusaur, M, shiny|319\/319
|move|p2a: Thundurus|Thunder Wave|p1a: Florizarre
|-status|p1a: Florizarre|par
|
|turn|5
|
|switch|p2a: Latias|Latias, F|322\/322
|-damage|p2a: Latias|282\/322|[from] Stealth Rock
|move|p1a: Florizarre|Sludge Bomb|p2a: Latias
|-crit|p2a: Latias
|-damage|p2a: Latias|56\/322
|-damage|p1a: Florizarre|288\/319 par|[from] item: Life Orb
|
|turn|6
|
|move|p2a: Latias|Defog|p1a: Florizarre
|-unboost|p1a: Florizarre|evasion|1
|-sideend|p2: chromagranin|Stealth Rock|[from] move: Defog|[of] p2a: Latias
|move|p1a: Florizarre|Hidden Power|p2a: Latias
|-crit|p2a: Latias
|-supereffective|p2a: Latias
|-damage|p2a: Latias|0 fnt
|-damage|p1a: Florizarre|257\/319 par|[from] item: Life Orb
|faint|p2a: Latias
|
|
|switch|p2a: Talonflame|Talonflame, F|297\/297
|turn|7
|
|move|p2a: Talonflame|Swords Dance|p2a: Talonflame
|-boost|p2a: Talonflame|atk|2
|move|p1a: Florizarre|Sludge Bomb|p2a: Talonflame
|-damage|p2a: Talonflame|42\/297
|-status|p2a: Talonflame|psn
|-damage|p1a: Florizarre|226\/319 par|[from] item: Life Orb
|
|-heal|p2a: Talonflame|60\/297 psn|[from] item: Leftovers
|-damage|p2a: Talonflame|23\/297 psn|[from] psn
|turn|8
|
|move|p2a: Talonflame|Roost|p2a: Talonflame
|-heal|p2a: Talonflame|172\/297 psn
|cant|p1a: Florizarre|par
|
|-heal|p2a: Talonflame|190\/297 psn|[from] item: Leftovers
|-damage|p2a: Talonflame|153\/297 psn|[from] psn
|turn|9
|
|move|p2a: Talonflame|Brave Bird|p1a: Florizarre
|-supereffective|p1a: Florizarre
|-damage|p1a: Florizarre|0 fnt
|-damage|p2a: Talonflame|78\/297 psn|[from] recoil|[of] p1a: Florizarre
|faint|p1a: Florizarre
|
|-heal|p2a: Talonflame|96\/297 psn|[from] item: Leftovers
|-damage|p2a: Talonflame|59\/297 psn|[from] psn
|
|switch|p1a: Terrakium|Terrakion, shiny|323\/323
|turn|10
|
|move|p2a: Talonflame|Brave Bird|p1a: Terrakium
|-damage|p1a: Terrakium|0 fnt
|-damage|p2a: Talonflame|0 fnt|[from] recoil|[of] p1a: Terrakium
|faint|p1a: Terrakium
|faint|p2a: Talonflame
|
|
|switch|p2a: Thundurus|Thundurus, M|241\/299
|switch|p1a: Dracaufeu|Charizard, M, shiny|190\/298
|turn|11
|
|detailschange|p1a: Dracaufeu|Charizard-Mega-Y, M, shiny
|-mega|p1a: Dracaufeu|Charizard|Charizardite Y
|-weather|SunnyDay
|move|p2a: Thundurus|Thunder Wave|p1a: Dracaufeu
|-status|p1a: Dracaufeu|par
|move|p1a: Dracaufeu|Flamethrower|p2a: Thundurus
|-damage|p2a: Thundurus|0 fnt
|faint|p2a: Thundurus
|
|-weather|SunnyDay|[upkeep]
|
|switch|p2a: Lopunny|Lopunny, F|272\/272
|turn|12
|
|detailschange|p2a: Lopunny|Lopunny-Mega, F
|-mega|p2a: Lopunny|Lopunny|Lopunnite
|move|p2a: Lopunny|Return|p1a: Dracaufeu
|-damage|p1a: Dracaufeu|0 fnt
|faint|p1a: Dracaufeu
|
|-weather|SunnyDay|[upkeep]
|
|switch|p1a: Demeteros|Landorus-Therian, M, shiny|115\/320
|-ability|p1a: Demeteros|Intimidate|[of] p2a: Lopunny
|-unboost|p2a: Lopunny|atk|1
|turn|13
|
|move|p2a: Lopunny|Ice Punch|p1a: Demeteros
|-supereffective|p1a: Demeteros
|-damage|p1a: Demeteros|0 fnt
|faint|p1a: Demeteros
|
|-weather|SunnyDay|[upkeep]
|
|switch|p1a: Pyrax|Volcarona, M, shiny|374\/374
|turn|14
|
|move|p2a: Lopunny|Return|p1a: Pyrax
|-damage|p1a: Pyrax|244\/374
|move|p1a: Pyrax|Fiery Dance|p2a: Lopunny
|-damage|p2a: Lopunny|86\/272
|-boost|p1a: Pyrax|spa|1
|
|-weather|SunnyDay|[upkeep]
|turn|15
|
|switch|p2a: Slowbro|Slowbro, F|394\/394
|move|p1a: Pyrax|Giga Drain|p2a: Slowbro
|-supereffective|p2a: Slowbro
|-damage|p2a: Slowbro|102\/394
|-heal|p1a: Pyrax|374\/374|[from] drain|[of] p2a: Slowbro
|
|-weather|none
|-heal|p2a: Slowbro|126\/394|[from] item: Leftovers
|turn|16
|
|move|p1a: Pyrax|Quiver Dance|p1a: Pyrax
|-boost|p1a: Pyrax|spa|1
|-boost|p1a: Pyrax|spd|1
|-boost|p1a: Pyrax|spe|1
|move|p2a: Slowbro|Toxic|p1a: Pyrax
|-status|p1a: Pyrax|tox
|
|-heal|p2a: Slowbro|150\/394|[from] item: Leftovers
|-damage|p1a: Pyrax|351\/374 tox|[from] psn
|turn|17
|
|move|p1a: Pyrax|Quiver Dance|p1a: Pyrax
|-boost|p1a: Pyrax|spa|1
|-boost|p1a: Pyrax|spd|1
|-boost|p1a: Pyrax|spe|1
|move|p2a: Slowbro|Slack Off|p2a: Slowbro
|-heal|p2a: Slowbro|347\/394
|
|-heal|p2a: Slowbro|371\/394|[from] item: Leftovers
|-damage|p1a: Pyrax|305\/374 tox|[from] psn
|turn|18
|
|switch|p2a: Ferrothorn|Ferrothorn, M|352\/352
|move|p1a: Pyrax|Giga Drain|p2a: Ferrothorn
|-resisted|p2a: Ferrothorn
|-damage|p2a: Ferrothorn|318\/352
|-heal|p1a: Pyrax|322\/374 tox|[from] drain|[of] p2a: Ferrothorn
|
|-heal|p2a: Ferrothorn|340\/352|[from] item: Leftovers
|-damage|p1a: Pyrax|253\/374 tox|[from] psn
|turn|19
|
|move|p1a: Pyrax|Fiery Dance|p2a: Ferrothorn
|-supereffective|p2a: Ferrothorn
|-damage|p2a: Ferrothorn|0 fnt
|faint|p2a: Ferrothorn
|
|-damage|p1a: Pyrax|161\/374 tox|[from] psn
|
|switch|p2a: Lopunny|Lopunny-Mega, F|86\/272
|-enditem|p1a: Pyrax|Sitrus Berry|[eat]
|-heal|p1a: Pyrax|254\/374 tox|[from] item: Sitrus Berry
|turn|20
|
|move|p2a: Lopunny|Fake Out|p1a: Pyrax
|-damage|p1a: Pyrax|179\/374 tox
|-status|p2a: Lopunny|brn
|cant|p1a: Pyrax|flinch
|
|-damage|p1a: Pyrax|64\/374 tox|[from] psn
|-damage|p2a: Lopunny|52\/272 brn|[from] brn
|turn|21
|
|move|p1a: Pyrax|Giga Drain|p2a: Lopunny
|-damage|p2a: Lopunny|0 fnt
|-heal|p1a: Pyrax|90\/374 tox|[from] drain|[of] p2a: Lopunny
|faint|p2a: Lopunny
|
|-damage|p1a: Pyrax|0 fnt|[from] psn
|faint|p1a: Pyrax
|
|switch|p1a: Latios|Latios, M, shiny|302\/302
|switch|p2a: Slowbro|Slowbro, F|394\/394
|turn|22
|
|move|p1a: Latios|Thunderbolt|p2a: Slowbro
|-supereffective|p2a: Slowbro
|-damage|p2a: Slowbro|99\/394
|move|p2a: Slowbro|Slack Off|p2a: Slowbro
|-heal|p2a: Slowbro|296\/394
|
|-heal|p2a: Slowbro|320\/394|[from] item: Leftovers
|turn|23
|
|move|p1a: Latios|Thunderbolt|p2a: Slowbro
|-supereffective|p2a: Slowbro
|-damage|p2a: Slowbro|0 fnt
|faint|p2a: Slowbro
|
|win|CyndaKillSH
|raw|Ladder updating...
|raw|CyndaKillSH's rating: 1295 &rarr; <strong>1322<\/strong><br \/>(+27 for winning)
|raw|chromagranin's rating: 1319 &rarr; <strong>1298<\/strong><br \/>(-21 for losing)
|c|âCyndaKillSH|gg
|c|âchromagranin|nope
|leave|chromagranin
|player|p2