|join|CyndaKillSH
|join|chuie90
|player|p1|CyndaKillSH|161
|player|p2|chuie90|265
|gametype|singles
|gen|6
|tier|OU
|rated
|clearpoke
|poke|p1|Volcarona, M, shiny
|poke|p1|Landorus-Therian, M, shiny
|poke|p1|Charizard, M, shiny
|poke|p1|Terrakion, shiny
|poke|p1|Venusaur, M, shiny
|poke|p1|Latios, M, shiny
|poke|p2|Camerupt, M
|poke|p2|Weavile, M
|poke|p2|Slowbro, F
|poke|p2|Zapdos
|poke|p2|Scizor, F
|poke|p2|Breloom, F
|rule|Swagger Clause: Swagger is banned
|rule|Baton Pass Clause: Limit one PokÃ©mon knowing Baton Pass
|rule|Sleep Clause Mod: Limit one foe put to sleep
|rule|Species Clause: Limit one of each PokÃ©mon
|rule|OHKO Clause: OHKO moves are banned
|rule|Moody Clause: Moody is banned
|rule|Evasion Moves Clause: Evasion moves are banned
|rule|Endless Battle Clause: Forcing endless battles is banned
|rule|HP Percentage Mod: HP is shown in percentages
|teampreview
|
|start
|switch|p1a: Demeteros|Landorus-Therian, M, shiny|320\/320
|switch|p2a: Slowbro|Slowbro, F|394\/394
|-ability|p1a: Demeteros|Intimidate|[of] p2a: Slowbro
|-unboost|p2a: Slowbro|atk|1
|turn|1
|
|move|p1a: Demeteros|U-turn|p2a: Slowbro
|-supereffective|p2a: Slowbro
|-damage|p2a: Slowbro|276\/394
|
|switch|p1a: Latios|Latios, M, shiny|302\/302
|move|p2a: Slowbro|Ice Beam|p1a: Latios
|-supereffective|p1a: Latios
|-damage|p1a: Latios|190\/302
|
|turn|2
|
|switch|p2a: Scizor|Scizor, F|343\/343
|move|p1a: Latios|Thunderbolt|p2a: Scizor
|-damage|p2a: Scizor|250\/343
|
|turn|3
|
|switch|p1a: Demeteros|Landorus-Therian, M, shiny|320\/320
|-ability|p1a: Demeteros|Intimidate|[of] p2a: Scizor
|-unboost|p2a: Scizor|atk|1
|move|p2a: Scizor|Bug Bite|p1a: Demeteros
|-resisted|p1a: Demeteros
|-damage|p1a: Demeteros|271\/320
|-enditem|p1a: Demeteros|Yache Berry|[from] stealeat|[move] Bug Bite|[of] p2a: Scizor
|
|turn|4
|
|move|p1a: Demeteros|Stealth Rock|p2a: Scizor
|-sidestart|p2: chuie90|move: Stealth Rock
|move|p2a: Scizor|Roost|p2a: Scizor
|-heal|p2a: Scizor|343\/343
|
|turn|5
|
|move|p1a: Demeteros|Knock Off|p2a: Scizor
|-damage|p2a: Scizor|228\/343
|-enditem|p2a: Scizor|Occa Berry|[from] move: Knock Off|[of] p1a: Demeteros
|move|p2a: Scizor|Swords Dance|p2a: Scizor
|-boost|p2a: Scizor|atk|2
|
|turn|6
|
|move|p2a: Scizor|Bullet Punch|p1a: Demeteros
|-damage|p1a: Demeteros|105\/320
|move|p1a: Demeteros|Earthquake|p2a: Scizor
|-damage|p2a: Scizor|48\/343
|
|turn|7
|
|move|p1a: Demeteros|Earthquake|p2a: Scizor
|-damage|p2a: Scizor|0 fnt
|faint|p2a: Scizor
|
|
|switch|p2a: Weavile|Weavile, M|281\/281
|-damage|p2a: Weavile|211\/281|[from] Stealth Rock
|-ability|p2a: Weavile|Pressure
|turn|8
|
|switch|p1a: Pyrax|Volcarona, M, shiny|374\/374
|move|p2a: Weavile|Knock Off|p1a: Pyrax
|-damage|p1a: Pyrax|147\/374
|-status|p2a: Weavile|brn
|-enditem|p1a: Pyrax|Sitrus Berry|[from] move: Knock Off|[of] p2a: Weavile
|-damage|p2a: Weavile|183\/281 brn|[from] item: Life Orb
|
|-damage|p2a: Weavile|148\/281 brn|[from] brn
|turn|9
|
|switch|p2a: Camerupt|Camerupt, M|323\/323
|-damage|p2a: Camerupt|283\/323|[from] Stealth Rock
|move|p1a: Pyrax|Quiver Dance|p1a: Pyrax
|-boost|p1a: Pyrax|spa|1
|-boost|p1a: Pyrax|spd|1
|-boost|p1a: Pyrax|spe|1
|
|turn|10
|
|detailschange|p2a: Camerupt|Camerupt-Mega, M
|-mega|p2a: Camerupt|Camerupt|Cameruptite
|move|p1a: Pyrax|Giga Drain|p2a: Camerupt
|-damage|p2a: Camerupt|168\/323
|-heal|p1a: Pyrax|205\/374|[from] drain|[of] p2a: Camerupt
|move|p2a: Camerupt|Ancient Power|p1a: Pyrax
|-supereffective|p1a: Pyrax
|-damage|p1a: Pyrax|0 fnt
|faint|p1a: Pyrax
|
|
|switch|p1a: Demeteros|Landorus-Therian, M, shiny|105\/320
|-ability|p1a: Demeteros|Intimidate|[of] p2a: Camerupt
|-unboost|p2a: Camerupt|atk|1
|turn|11
|
|switch|p2a: Slowbro|Slowbro, F|394\/394
|-damage|p2a: Slowbro|345\/394|[from] Stealth Rock
|move|p1a: Demeteros|Earthquake|p2a: Slowbro
|-damage|p2a: Slowbro|210\/394
|
|turn|12
|
|move|p1a: Demeteros|Knock Off|p2a: Slowbro
|-supereffective|p2a: Slowbro
|-damage|p2a: Slowbro|26\/394
|-enditem|p2a: Slowbro|Sitrus Berry|[from] move: Knock Off|[of] p1a: Demeteros
|move|p2a: Slowbro|Thunder Wave|p1a: Demeteros
|-immune|p1a: Demeteros|[msg]
|
|turn|13
|
|switch|p2a: Breloom|Breloom, F|324\/324
|-damage|p2a: Breloom|304\/324|[from] Stealth Rock
|move|p1a: Demeteros|Earthquake|p2a: Breloom
|-resisted|p2a: Breloom
|-damage|p2a: Breloom|191\/324
|
|-status|p2a: Breloom|tox|[from] item: Toxic Orb
|turn|14
|-message|chuie90 forfeited.
|leave|chuie90
|
|win|CyndaKillSH
|raw|Ladder updating...
|player|p2
|raw|CyndaKillSH's rating: 1380 &rarr; <strong>1397<\/strong><br \/>(+17 for winning)
|raw|chuie90's rating: 1331 &rarr; <strong>1314<\/strong><br \/>(-17 for losing)