|join|CyndaKillSH
|join|Babyson
|player|p1|CyndaKillSH|161
|player|p2|Babyson|282
|gametype|singles
|gen|6
|tier|OU
|rated
|clearpoke
|poke|p1|Volcarona, M, shiny
|poke|p1|Landorus-Therian, M, shiny
|poke|p1|Charizard, M, shiny
|poke|p1|Terrakion, shiny
|poke|p1|Venusaur, M, shiny
|poke|p1|Latios, M, shiny
|poke|p2|Metagross
|poke|p2|Salamence, F
|poke|p2|Rotom-Wash
|poke|p2|Mandibuzz, F
|poke|p2|Blissey, F
|poke|p2|Clefable, F
|rule|Swagger Clause: Swagger is banned
|rule|Baton Pass Clause: Limit one PokÃ©mon knowing Baton Pass
|rule|Sleep Clause Mod: Limit one foe put to sleep
|rule|Species Clause: Limit one of each PokÃ©mon
|rule|OHKO Clause: OHKO moves are banned
|rule|Moody Clause: Moody is banned
|rule|Evasion Moves Clause: Evasion moves are banned
|rule|Endless Battle Clause: Forcing endless battles is banned
|rule|HP Percentage Mod: HP is shown in percentages
|teampreview
|
|start
|switch|p1a: Demeteros|Landorus-Therian, M, shiny|320\/320
|switch|p2a: Rotom-Wash|Rotom-Wash|304\/304
|-ability|p1a: Demeteros|Intimidate|[of] p2a: Rotom-Wash
|-unboost|p2a: Rotom-Wash|atk|1
|turn|1
|
|move|p1a: Demeteros|U-turn|p2a: Rotom-Wash
|-damage|p2a: Rotom-Wash|226\/304
|
|switch|p1a: Latios|Latios, M, shiny|302\/302
|move|p2a: Rotom-Wash|Thunderbolt|p1a: Latios
|-resisted|p1a: Latios
|-damage|p1a: Latios|244\/302
|-status|p1a: Latios|par
|
|-heal|p2a: Rotom-Wash|245\/304|[from] item: Leftovers
|turn|2
|
|switch|p2a: Metagross|Metagross|301\/301
|cant|p1a: Latios|par
|
|turn|3
|
|detailschange|p2a: Metagross|Metagross-Mega
|-mega|p2a: Metagross|Metagross|Metagrossite
|move|p2a: Metagross|Zen Headbutt|p1a: Latios
|-crit|p1a: Latios
|-resisted|p1a: Latios
|-damage|p1a: Latios|58\/302 par
|move|p1a: Latios|Thunderbolt|p2a: Metagross
|-damage|p2a: Metagross|195\/301
|
|turn|4
|
|move|p2a: Metagross|Meteor Mash|p1a: Latios
|-damage|p1a: Latios|0 fnt
|faint|p1a: Latios
|
|
|switch|p1a: Demeteros|Landorus-Therian, M, shiny|320\/320
|-ability|p1a: Demeteros|Intimidate|[of] p2a: Metagross
|-unboost|p2a: Metagross|atk|1
|turn|5
|
|switch|p2a: Mandibuzz|Mandibuzz, F|423\/423
|move|p1a: Demeteros|Stealth Rock|p2a: Mandibuzz
|-sidestart|p2: Babyson|move: Stealth Rock
|
|turn|6
|
|move|p1a: Demeteros|Knock Off|p2a: Mandibuzz
|-resisted|p2a: Mandibuzz
|-damage|p2a: Mandibuzz|377\/423
|-damage|p1a: Demeteros|267\/320|[from] item: Rocky Helmet|[of] p2a: Mandibuzz
|-enditem|p2a: Mandibuzz|Rocky Helmet|[from] move: Knock Off|[of] p1a: Demeteros
|move|p2a: Mandibuzz|Defog|p1a: Demeteros
|-unboost|p1a: Demeteros|evasion|1
|-sideend|p2: Babyson|Stealth Rock|[from] move: Defog|[of] p2a: Mandibuzz
|
|turn|7
|
|move|p1a: Demeteros|Stealth Rock|p2a: Mandibuzz
|-sidestart|p2: Babyson|move: Stealth Rock
|move|p2a: Mandibuzz|Knock Off|p1a: Demeteros
|-damage|p1a: Demeteros|185\/320
|-enditem|p1a: Demeteros|Yache Berry|[from] move: Knock Off|[of] p2a: Mandibuzz
|
|turn|8
|
|move|p1a: Demeteros|U-turn|p2a: Mandibuzz
|-damage|p2a: Mandibuzz|311\/423
|
|switch|p1a: Pyrax|Volcarona, M, shiny|374\/374
|move|p2a: Mandibuzz|Defog|p1a: Pyrax
|-unboost|p1a: Pyrax|evasion|1
|-sideend|p2: Babyson|Stealth Rock|[from] move: Defog|[of] p2a: Mandibuzz
|
|turn|9
|
|move|p1a: Pyrax|Quiver Dance|p1a: Pyrax
|-boost|p1a: Pyrax|spa|1
|-boost|p1a: Pyrax|spd|1
|-boost|p1a: Pyrax|spe|1
|move|p2a: Mandibuzz|Knock Off|p1a: Pyrax
|-crit|p1a: Pyrax
|-damage|p1a: Pyrax|239\/374
|-enditem|p1a: Pyrax|Sitrus Berry|[from] move: Knock Off|[of] p2a: Mandibuzz
|
|turn|10
|
|switch|p2a: Salamence|Salamence, F|331\/331
|move|p1a: Pyrax|Bug Buzz|p2a: Salamence
|-crit|p2a: Salamence
|-resisted|p2a: Salamence
|-damage|p2a: Salamence|135\/331
|
|turn|11
|
|move|p2a: Salamence|Outrage|p1a: Pyrax
|-damage|p1a: Pyrax|0 fnt
|-status|p2a: Salamence|brn
|faint|p1a: Pyrax
|-boost|p2a: Salamence|atk|1|[from] ability: Moxie
|
|-damage|p2a: Salamence|94\/331 brn|[from] brn
|
|switch|p1a: Dracaufeu|Charizard, M, shiny|297\/297
|turn|12
|
|detailschange|p1a: Dracaufeu|Charizard-Mega-Y, M, shiny
|-mega|p1a: Dracaufeu|Charizard|Charizardite Y
|-weather|SunnyDay
|move|p2a: Salamence|Outrage|p1a: Dracaufeu
|-damage|p1a: Dracaufeu|63\/297
|move|p1a: Dracaufeu|Air Slash|p2a: Salamence
|-damage|p2a: Salamence|0 fnt
|faint|p2a: Salamence
|
|-weather|SunnyDay|[upkeep]
|
|switch|p2a: Metagross|Metagross-Mega|195\/301
|turn|13
|
|move|p2a: Metagross|Zen Headbutt|p1a: Dracaufeu
|-damage|p1a: Dracaufeu|0 fnt
|faint|p1a: Dracaufeu
|
|-weather|SunnyDay|[upkeep]
|
|switch|p1a: Demeteros|Landorus-Therian, M, shiny|185\/320
|-ability|p1a: Demeteros|Intimidate|[of] p2a: Metagross
|-unboost|p2a: Metagross|atk|1
|turn|14
|
|switch|p2a: Mandibuzz|Mandibuzz, F|311\/423
|move|p1a: Demeteros|Earthquake|p2a: Mandibuzz
|-immune|p2a: Mandibuzz|[msg]
|
|-weather|SunnyDay|[upkeep]
|turn|15
|
|switch|p2a: Rotom-Wash|Rotom-Wash|245\/304
|move|p1a: Demeteros|Stealth Rock|p2a: Rotom-Wash
|-sidestart|p2: Babyson|move: Stealth Rock
|
|-weather|SunnyDay|[upkeep]
|-heal|p2a: Rotom-Wash|264\/304|[from] item: Leftovers
|turn|16
|
|move|p1a: Demeteros|Knock Off|p2a: Rotom-Wash
|-damage|p2a: Rotom-Wash|164\/304
|-enditem|p2a: Rotom-Wash|Leftovers|[from] move: Knock Off|[of] p1a: Demeteros
|move|p2a: Rotom-Wash|Will-O-Wisp|p1a: Demeteros
|-status|p1a: Demeteros|brn
|
|-weather|none
|-damage|p1a: Demeteros|145\/320 brn|[from] brn
|turn|17
|
|move|p1a: Demeteros|U-turn|p2a: Rotom-Wash
|-damage|p2a: Rotom-Wash|128\/304
|
|switch|p1a: Florizarre|Venusaur, M, shiny|319\/319
|move|p2a: Rotom-Wash|Hydro Pump|p1a: Florizarre
|-resisted|p1a: Florizarre
|-damage|p1a: Florizarre|247\/319
|
|turn|18
|
|switch|p2a: Blissey|Blissey, F|713\/713
|-damage|p2a: Blissey|624\/713|[from] Stealth Rock
|move|p1a: Florizarre|Substitute|p1a: Florizarre
|-start|p1a: Florizarre|Substitute
|-damage|p1a: Florizarre|168\/319
|
|turn|19
|
|move|p1a: Florizarre|Giga Drain|p2a: Blissey
|-damage|p2a: Blissey|523\/713
|-heal|p1a: Florizarre|219\/319|[from] drain|[of] p2a: Blissey
|-damage|p1a: Florizarre|188\/319|[from] item: Life Orb
|move|p2a: Blissey|Flamethrower|p1a: Florizarre
|-supereffective|p1a: Florizarre
|-end|p1a: Florizarre|Substitute
|
|turn|20
|
|move|p1a: Florizarre|Sludge Bomb|p2a: Blissey
|-damage|p2a: Blissey|413\/713
|-status|p2a: Blissey|psn
|-damage|p1a: Florizarre|157\/319|[from] item: Life Orb
|move|p2a: Blissey|Flamethrower|p1a: Florizarre
|-supereffective|p1a: Florizarre
|-damage|p1a: Florizarre|18\/319
|
|-damage|p2a: Blissey|324\/713 psn|[from] psn
|turn|21
|
|move|p1a: Florizarre|Giga Drain|p2a: Blissey
|-damage|p2a: Blissey|225\/713 psn
|-heal|p1a: Florizarre|68\/319|[from] drain|[of] p2a: Blissey
|-damage|p1a: Florizarre|37\/319|[from] item: Life Orb
|move|p2a: Blissey|Wish|p2a: Blissey
|
|-damage|p2a: Blissey|136\/713 psn|[from] psn
|turn|22
|
|switch|p2a: Metagross|Metagross-Mega|195\/301
|-damage|p2a: Metagross|177\/301|[from] Stealth Rock
|move|p1a: Florizarre|Giga Drain|p2a: Metagross
|-resisted|p2a: Metagross
|-damage|p2a: Metagross|108\/301
|-heal|p1a: Florizarre|72\/319|[from] drain|[of] p2a: Metagross
|-damage|p1a: Florizarre|41\/319|[from] item: Life Orb
|
|-heal|p2a: Metagross|301\/301|[from] move: Wish|[wisher] Blissey
|turn|23
|
|move|p2a: Metagross|Zen Headbutt|p1a: Florizarre|[miss]
|-miss|p2a: Metagross|p1a: Florizarre
|move|p1a: Florizarre|Giga Drain|p2a: Metagross
|-resisted|p2a: Metagross
|-damage|p2a: Metagross|227\/301
|-heal|p1a: Florizarre|78\/319|[from] drain|[of] p2a: Metagross
|-damage|p1a: Florizarre|47\/319|[from] item: Life Orb
|
|turn|24
|
|move|p2a: Metagross|Zen Headbutt|p1a: Florizarre
|-supereffective|p1a: Florizarre
|-damage|p1a: Florizarre|0 fnt
|faint|p1a: Florizarre
|
|
|switch|p1a: Demeteros|Landorus-Therian, M, shiny|145\/320 brn
|-ability|p1a: Demeteros|Intimidate|[of] p2a: Metagross
|-unboost|p2a: Metagross|atk|1
|turn|25
|
|switch|p2a: Blissey|Blissey, F|136\/713
|-damage|p2a: Blissey|47\/713|[from] Stealth Rock
|move|p1a: Demeteros|Earthquake|p2a: Blissey
|-damage|p2a: Blissey|0 fnt
|faint|p2a: Blissey
|
|-damage|p1a: Demeteros|105\/320 brn|[from] brn
|
|switch|p2a: Metagross|Metagross-Mega|227\/301
|-damage|p2a: Metagross|209\/301|[from] Stealth Rock
|turn|26
|
|move|p2a: Metagross|Meteor Mash|p1a: Demeteros
|-damage|p1a: Demeteros|0 fnt
|faint|p1a: Demeteros
|
|
|switch|p1a: Terrakium|Terrakion, shiny|323\/323
|turn|27
|
|move|p2a: Metagross|Bullet Punch|p1a: Terrakium
|-supereffective|p1a: Terrakium
|-damage|p1a: Terrakium|95\/323
|move|p1a: Terrakium|Earthquake|p2a: Metagross
|-supereffective|p2a: Metagross
|-damage|p2a: Metagross|12\/301
|
|turn|28
|c|âCyndaKillSH|ouch
|c|âCyndaKillSH|winning 4%
|
|move|p2a: Metagross|Bullet Punch|p1a: Terrakium
|-crit|p1a: Terrakium
|-supereffective|p1a: Terrakium
|-damage|p1a: Terrakium|0 fnt
|faint|p1a: Terrakium
|
|win|Babyson
|raw|Ladder updating...
|raw|CyndaKillSH's rating: 1492 &rarr; <strong>1467<\/strong><br \/>(-25 for losing)
|raw|Babyson's rating: 1408 &rarr; <strong>1433<\/strong><br \/>(+25 for winning)