|join|so long lonesome
|join|CyndaKillSH
|player|p1|so long lonesome|244
|player|p2|CyndaKillSH|161
|gametype|singles
|gen|6
|tier|OU
|rated
|clearpoke
|poke|p1|Victini
|poke|p1|Dugtrio, M
|poke|p1|Altaria, F
|poke|p1|Rotom-Wash
|poke|p1|Scizor, M
|poke|p1|Tornadus-Therian, M
|poke|p2|Volcarona, M, shiny
|poke|p2|Landorus-Therian, M, shiny
|poke|p2|Charizard, M, shiny
|poke|p2|Terrakion, shiny
|poke|p2|Venusaur, M, shiny
|poke|p2|Latios, M, shiny
|rule|Swagger Clause: Swagger is banned
|rule|Baton Pass Clause: Limit one PokÃ©mon knowing Baton Pass
|rule|Sleep Clause Mod: Limit one foe put to sleep
|rule|Species Clause: Limit one of each PokÃ©mon
|rule|OHKO Clause: OHKO moves are banned
|rule|Moody Clause: Moody is banned
|rule|Evasion Moves Clause: Evasion moves are banned
|rule|Endless Battle Clause: Forcing endless battles is banned
|rule|HP Percentage Mod: HP is shown in percentages
|teampreview
|
|start
|switch|p1a: Dugtrio|Dugtrio, M|211\/211
|switch|p2a: Dracaufeu|Charizard, M, shiny|297\/297
|turn|1
|join|pure difference
|join|SexyNackterPatrick
|
|switch|p2a: Demeteros|Landorus-Therian, M, shiny|320\/320
|-ability|p2a: Demeteros|Intimidate|[of] p1a: Dugtrio
|-unboost|p1a: Dugtrio|atk|1
|move|p1a: Dugtrio|Stone Edge|p2a: Demeteros
|-crit|p2a: Demeteros
|-damage|p2a: Demeteros|181\/320
|
|turn|2
|
|move|p1a: Dugtrio|Stealth Rock|p2a: Demeteros
|-sidestart|p2: CyndaKillSH|move: Stealth Rock
|move|p2a: Demeteros|Stealth Rock|p1a: Dugtrio
|-sidestart|p1: so long lonesome|move: Stealth Rock
|
|turn|3
|leave|so long lonesome
|player|p1
|join|Mael oo
|leave|Mael oo
|join|so long lonesome
|player|p1|so long lonesome|244
|
|switch|p1a: Scizor|Scizor, M|343\/343
|-damage|p1a: Scizor|301\/343|[from] Stealth Rock
|move|p2a: Demeteros|U-turn|p1a: Scizor
|-resisted|p1a: Scizor
|-damage|p1a: Scizor|253\/343
|
|switch|p2a: Latios|Latios, M, shiny|302\/302
|-damage|p2a: Latios|265\/302|[from] Stealth Rock
|
|-heal|p1a: Scizor|274\/343|[from] item: Leftovers
|turn|4
|
|switch|p1a: Tornadus-Therian|Tornadus-Therian, M|309\/309
|-damage|p1a: Tornadus-Therian|232\/309|[from] Stealth Rock
|move|p2a: Latios|Thunderbolt|p1a: Tornadus-Therian
|-supereffective|p1a: Tornadus-Therian
|-damage|p1a: Tornadus-Therian|57\/309
|
|turn|5
|
|switch|p1a: Dugtrio|Dugtrio, M|211\/211
|-damage|p1a: Dugtrio|198\/211|[from] Stealth Rock
|move|p2a: Latios|Dragon Pulse|p1a: Dugtrio
|-damage|p1a: Dugtrio|0 fnt
|faint|p1a: Dugtrio
|
|
|switch|p1a: Scizor|Scizor, M|274\/343
|-damage|p1a: Scizor|232\/343|[from] Stealth Rock
|turn|6
|
|move|p2a: Latios|Defog|p1a: Scizor
|-unboost|p1a: Scizor|evasion|1
|-sideend|p1: so long lonesome|Stealth Rock|[from] move: Defog|[of] p1a: Scizor
|-sideend|p2: CyndaKillSH|Stealth Rock|[from] move: Defog|[of] p2a: Latios
|move|p1a: Scizor|U-turn|p2a: Latios
|-supereffective|p2a: Latios
|-damage|p2a: Latios|0 fnt
|faint|p2a: Latios
|
|switch|p1a: Tornadus-Therian|Tornadus-Therian, M|160\/309
|
|
|switch|p2a: Demeteros|Landorus-Therian, M, shiny|181\/320
|-ability|p2a: Demeteros|Intimidate|[of] p1a: Tornadus-Therian
|-unboost|p1a: Tornadus-Therian|atk|1
|turn|7
|
|move|p1a: Tornadus-Therian|Hurricane|p2a: Demeteros|[miss]
|-miss|p1a: Tornadus-Therian|p2a: Demeteros
|move|p2a: Demeteros|Stealth Rock|p1a: Tornadus-Therian
|-sidestart|p1: so long lonesome|move: Stealth Rock
|
|turn|8
|
|move|p1a: Tornadus-Therian|Hurricane|p2a: Demeteros
|-damage|p2a: Demeteros|0 fnt
|faint|p2a: Demeteros
|
|
|switch|p2a: Dracaufeu|Charizard, M, shiny|297\/297
|turn|9
|
|detailschange|p2a: Dracaufeu|Charizard-Mega-Y, M, shiny
|-mega|p2a: Dracaufeu|Charizard|Charizardite Y
|-weather|SunnyDay
|move|p1a: Tornadus-Therian|Hurricane|p2a: Dracaufeu
|-damage|p2a: Dracaufeu|144\/297
|move|p2a: Dracaufeu|Flamethrower|p1a: Tornadus-Therian
|-damage|p1a: Tornadus-Therian|0 fnt
|faint|p1a: Tornadus-Therian
|
|-weather|SunnyDay|[upkeep]
|
|switch|p1a: Altaria|Altaria, F|291\/291
|-damage|p1a: Altaria|219\/291|[from] Stealth Rock
|turn|10
|
|detailschange|p1a: Altaria|Altaria-Mega, F
|-mega|p1a: Altaria|Altaria|Altarianite
|move|p2a: Dracaufeu|Air Slash|p1a: Altaria
|-damage|p1a: Altaria|66\/291
|move|p1a: Altaria|Dragon Dance|p1a: Altaria
|-boost|p1a: Altaria|atk|1
|-boost|p1a: Altaria|spe|1
|
|-weather|SunnyDay|[upkeep]
|turn|11
|
|move|p1a: Altaria|Roost|p1a: Altaria
|-heal|p1a: Altaria|212\/291
|move|p2a: Dracaufeu|Air Slash|p1a: Altaria
|-damage|p1a: Altaria|59\/291
|
|-weather|SunnyDay|[upkeep]
|turn|12
|
|move|p1a: Altaria|Roost|p1a: Altaria
|-heal|p1a: Altaria|205\/291
|move|p2a: Dracaufeu|Air Slash|p1a: Altaria
|-damage|p1a: Altaria|52\/291
|
|-weather|SunnyDay|[upkeep]
|turn|13
|
|move|p1a: Altaria|Roost|p1a: Altaria
|-heal|p1a: Altaria|198\/291
|move|p2a: Dracaufeu|Air Slash|p1a: Altaria
|-damage|p1a: Altaria|47\/291
|
|-weather|none
|turn|14
|
|move|p1a: Altaria|Roost|p1a: Altaria
|-heal|p1a: Altaria|193\/291
|move|p2a: Dracaufeu|Air Slash|p1a: Altaria
|-damage|p1a: Altaria|51\/291
|
|turn|15
|
|move|p1a: Altaria|Roost|p1a: Altaria
|-heal|p1a: Altaria|197\/291
|move|p2a: Dracaufeu|Air Slash|p1a: Altaria
|-damage|p1a: Altaria|61\/291
|
|turn|16
|
|move|p1a: Altaria|Roost|p1a: Altaria
|-heal|p1a: Altaria|207\/291
|move|p2a: Dracaufeu|Air Slash|p1a: Altaria
|-damage|p1a: Altaria|45\/291
|
|turn|17
|
|move|p1a: Altaria|Roost|p1a: Altaria
|-heal|p1a: Altaria|191\/291
|move|p2a: Dracaufeu|Air Slash|p1a: Altaria
|-damage|p1a: Altaria|55\/291
|
|turn|18
|
|move|p1a: Altaria|Roost|p1a: Altaria
|-heal|p1a: Altaria|201\/291
|move|p2a: Dracaufeu|Air Slash|p1a: Altaria
|-damage|p1a: Altaria|44\/291
|
|turn|19
|
|move|p1a: Altaria|Return|p2a: Dracaufeu
|-resisted|p2a: Dracaufeu
|-damage|p2a: Dracaufeu|0 fnt
|faint|p2a: Dracaufeu
|
|
|switch|p2a: Pyrax|Volcarona, M, shiny|374\/374
|turn|20
|
|move|p1a: Altaria|Return|p2a: Pyrax
|-resisted|p2a: Pyrax
|-damage|p2a: Pyrax|185\/374
|-enditem|p2a: Pyrax|Sitrus Berry|[eat]
|-heal|p2a: Pyrax|278\/374|[from] item: Sitrus Berry
|move|p2a: Pyrax|Quiver Dance|p2a: Pyrax
|-boost|p2a: Pyrax|spa|1
|-boost|p2a: Pyrax|spd|1
|-boost|p2a: Pyrax|spe|1
|
|turn|21
|
|move|p1a: Altaria|Return|p2a: Pyrax
|-resisted|p2a: Pyrax
|-damage|p2a: Pyrax|104\/374
|move|p2a: Pyrax|Quiver Dance|p2a: Pyrax
|-boost|p2a: Pyrax|spa|1
|-boost|p2a: Pyrax|spd|1
|-boost|p2a: Pyrax|spe|1
|
|turn|22
|
|move|p2a: Pyrax|Bug Buzz|p1a: Altaria
|-resisted|p1a: Altaria
|-damage|p1a: Altaria|0 fnt
|faint|p1a: Altaria
|
|
|switch|p1a: Scizor|Scizor, M|232\/343
|-damage|p1a: Scizor|190\/343|[from] Stealth Rock
|turn|23
|
|move|p1a: Scizor|Bullet Punch|p2a: Pyrax
|-resisted|p2a: Pyrax
|-damage|p2a: Pyrax|47\/374
|-status|p1a: Scizor|brn
|move|p2a: Pyrax|Fiery Dance|p1a: Scizor
|-supereffective|p1a: Scizor
|-damage|p1a: Scizor|0 fnt
|-boost|p2a: Pyrax|spa|1
|faint|p1a: Scizor
|
|-message|so long lonesome forfeited.
|leave|so long lonesome
|
|win|CyndaKillSH
|raw|Ladder updating...
|player|p1
|raw|so long lonesome's rating: 1657 &rarr; <strong>1630<\/strong><br \/>(-27 for losing)
|raw|CyndaKillSH's rating: 1526 &rarr; <strong>1553<\/strong><br \/>(+27 for winning)
|leave|pure difference
|join|pure difference
|leave|pure difference