|join|Fetuss
|join|CyndaKillSH
|player|p1|Fetuss|288
|player|p2|CyndaKillSH|161
|gametype|singles
|gen|6
|tier|OU
|rated
|clearpoke
|poke|p1|Charizard, M
|poke|p1|Landorus-Therian, M
|poke|p1|Latios, M
|poke|p1|Rotom-Wash
|poke|p1|Scizor, F
|poke|p1|Hippowdon, F
|poke|p2|Volcarona, M, shiny
|poke|p2|Landorus-Therian, M, shiny
|poke|p2|Charizard, M, shiny
|poke|p2|Terrakion, shiny
|poke|p2|Venusaur, M, shiny
|poke|p2|Latios, M, shiny
|rule|Swagger Clause: Swagger is banned
|rule|Baton Pass Clause: Limit one PokÃ©mon knowing Baton Pass
|rule|Sleep Clause Mod: Limit one foe put to sleep
|rule|Species Clause: Limit one of each PokÃ©mon
|rule|OHKO Clause: OHKO moves are banned
|rule|Moody Clause: Moody is banned
|rule|Evasion Moves Clause: Evasion moves are banned
|rule|Endless Battle Clause: Forcing endless battles is banned
|rule|HP Percentage Mod: HP is shown in percentages
|teampreview
|
|start
|switch|p1a: Landorus-Therian|Landorus-Therian, M|325\/325
|switch|p2a: Demeteros|Landorus-Therian, M, shiny|320\/320
|-ability|p1a: Landorus-Therian|Intimidate|[of] p2a: Demeteros
|-unboost|p2a: Demeteros|atk|1
|-ability|p2a: Demeteros|Intimidate|[of] p1a: Landorus-Therian
|-unboost|p1a: Landorus-Therian|atk|1
|turn|1
|
|move|p1a: Landorus-Therian|U-turn|p2a: Demeteros
|-resisted|p2a: Demeteros
|-damage|p2a: Demeteros|288\/320
|
|switch|p1a: Hippowdon|Hippowdon, F|420\/420
|-weather|Sandstorm
|move|p2a: Demeteros|Stealth Rock|p1a: Hippowdon
|-sidestart|p1: Fetuss|move: Stealth Rock
|
|-weather|Sandstorm|[upkeep]
|turn|2
|
|move|p2a: Demeteros|U-turn|p1a: Hippowdon
|-damage|p1a: Hippowdon|378\/420
|
|switch|p2a: Dracaufeu|Charizard, M, shiny|297\/297
|move|p1a: Hippowdon|Stealth Rock|p2a: Dracaufeu
|-sidestart|p2: CyndaKillSH|move: Stealth Rock
|
|-weather|Sandstorm|[upkeep]
|-damage|p2a: Dracaufeu|279\/297|[from] sandstorm
|-heal|p1a: Hippowdon|404\/420|[from] item: Leftovers
|turn|3
|
|switch|p1a: Latios|Latios, M|301\/301
|-damage|p1a: Latios|264\/301|[from] Stealth Rock
|detailschange|p2a: Dracaufeu|Charizard-Mega-Y, M, shiny
|-mega|p2a: Dracaufeu|Charizard|Charizardite Y
|-weather|SunnyDay
|move|p2a: Dracaufeu|Flamethrower|p1a: Latios
|-resisted|p1a: Latios
|-damage|p1a: Latios|129\/301
|
|-weather|SunnyDay|[upkeep]
|turn|4
|
|move|p1a: Latios|Draco Meteor|p2a: Dracaufeu
|-damage|p2a: Dracaufeu|0 fnt
|-unboost|p1a: Latios|spa|2
|-damage|p1a: Latios|99\/301|[from] item: Life Orb
|faint|p2a: Dracaufeu
|
|-weather|SunnyDay|[upkeep]
|
|switch|p2a: Demeteros|Landorus-Therian, M, shiny|288\/320
|-damage|p2a: Demeteros|248\/320|[from] Stealth Rock
|-ability|p2a: Demeteros|Intimidate|[of] p1a: Latios
|-unboost|p1a: Latios|atk|1
|turn|5
|
|switch|p1a: Landorus-Therian|Landorus-Therian, M|325\/325
|-damage|p1a: Landorus-Therian|285\/325|[from] Stealth Rock
|-ability|p1a: Landorus-Therian|Intimidate|[of] p2a: Demeteros
|-unboost|p2a: Demeteros|atk|1
|move|p2a: Demeteros|U-turn|p1a: Landorus-Therian
|-resisted|p1a: Landorus-Therian
|-damage|p1a: Landorus-Therian|255\/325
|
|switch|p2a: Florizarre|Venusaur, M, shiny|319\/319
|-damage|p2a: Florizarre|280\/319|[from] Stealth Rock
|
|-weather|SunnyDay|[upkeep]
|turn|6
|
|switch|p1a: Scizor|Scizor, F|343\/343
|-damage|p1a: Scizor|301\/343|[from] Stealth Rock
|move|p2a: Florizarre|Hidden Power|p1a: Scizor
|-resisted|p1a: Scizor
|-damage|p1a: Scizor|257\/343
|-damage|p2a: Florizarre|249\/319|[from] item: Life Orb
|
|-weather|SunnyDay|[upkeep]
|-heal|p1a: Scizor|278\/343|[from] item: Leftovers
|turn|7
|
|switch|p2a: Latios|Latios, M, shiny|302\/302
|-damage|p2a: Latios|265\/302|[from] Stealth Rock
|move|p1a: Scizor|U-turn|p2a: Latios
|-supereffective|p2a: Latios
|-damage|p2a: Latios|0 fnt
|faint|p2a: Latios
|
|switch|p1a: Landorus-Therian|Landorus-Therian, M|255\/325
|-damage|p1a: Landorus-Therian|215\/325|[from] Stealth Rock
|
|-weather|none
|
|switch|p2a: Florizarre|Venusaur, M, shiny|249\/319
|-damage|p2a: Florizarre|210\/319|[from] Stealth Rock
|turn|8
|
|move|p1a: Landorus-Therian|U-turn|p2a: Florizarre
|-crit|p2a: Florizarre
|-damage|p2a: Florizarre|57\/319
|
|switch|p1a: Scizor|Scizor, F|278\/343
|-damage|p1a: Scizor|236\/343|[from] Stealth Rock
|move|p2a: Florizarre|Giga Drain|p1a: Scizor
|-resisted|p1a: Scizor
|-damage|p1a: Scizor|193\/343
|-heal|p2a: Florizarre|79\/319|[from] drain|[of] p1a: Scizor
|-damage|p2a: Florizarre|48\/319|[from] item: Life Orb
|
|-heal|p1a: Scizor|214\/343|[from] item: Leftovers
|turn|9
|
|move|p2a: Florizarre|Giga Drain|p1a: Scizor
|-resisted|p1a: Scizor
|-damage|p1a: Scizor|176\/343
|-heal|p2a: Florizarre|67\/319|[from] drain|[of] p1a: Scizor
|-damage|p2a: Florizarre|36\/319|[from] item: Life Orb
|move|p1a: Scizor|U-turn|p2a: Florizarre
|-damage|p2a: Florizarre|0 fnt
|faint|p2a: Florizarre
|
|switch|p1a: Hippowdon|Hippowdon, F|404\/420
|-damage|p1a: Hippowdon|378\/420|[from] Stealth Rock
|-weather|Sandstorm
|
|-weather|Sandstorm|[upkeep]
|-heal|p1a: Hippowdon|404\/420|[from] item: Leftovers
|
|switch|p2a: Pyrax|Volcarona, M, shiny|374\/374
|-damage|p2a: Pyrax|187\/374|[from] Stealth Rock
|-enditem|p2a: Pyrax|Sitrus Berry|[eat]
|-heal|p2a: Pyrax|280\/374|[from] item: Sitrus Berry
|turn|10
|
|switch|p1a: Landorus-Therian|Landorus-Therian, M|215\/325
|-damage|p1a: Landorus-Therian|175\/325|[from] Stealth Rock
|-ability|p1a: Landorus-Therian|Intimidate|[of] p2a: Pyrax
|-unboost|p2a: Pyrax|atk|1
|move|p2a: Pyrax|Giga Drain|p1a: Landorus-Therian
|-damage|p1a: Landorus-Therian|79\/325
|-heal|p2a: Pyrax|328\/374|[from] drain|[of] p1a: Landorus-Therian
|
|-weather|Sandstorm|[upkeep]
|-damage|p2a: Pyrax|305\/374|[from] sandstorm
|turn|11
|
|move|p1a: Landorus-Therian|Knock Off|p2a: Pyrax
|-damage|p2a: Pyrax|216\/374
|move|p2a: Pyrax|Quiver Dance|p2a: Pyrax
|-boost|p2a: Pyrax|spa|1
|-boost|p2a: Pyrax|spd|1
|-boost|p2a: Pyrax|spe|1
|
|-weather|Sandstorm|[upkeep]
|-damage|p2a: Pyrax|193\/374|[from] sandstorm
|turn|12
|c|âFetuss|.-.
|
|switch|p1a: Rotom-Wash|Rotom-Wash|304\/304
|-damage|p1a: Rotom-Wash|266\/304|[from] Stealth Rock
|move|p2a: Pyrax|Quiver Dance|p2a: Pyrax
|-boost|p2a: Pyrax|spa|1
|-boost|p2a: Pyrax|spd|1
|-boost|p2a: Pyrax|spe|1
|
|-weather|Sandstorm|[upkeep]
|-damage|p2a: Pyrax|170\/374|[from] sandstorm
|-damage|p1a: Rotom-Wash|247\/304|[from] sandstorm
|-heal|p1a: Rotom-Wash|266\/304|[from] item: Leftovers
|turn|13
|
|switch|p1a: Landorus-Therian|Landorus-Therian, M|79\/325
|-damage|p1a: Landorus-Therian|39\/325|[from] Stealth Rock
|-ability|p1a: Landorus-Therian|Intimidate|[of] p2a: Pyrax
|-unboost|p2a: Pyrax|atk|1
|move|p2a: Pyrax|Giga Drain|p1a: Landorus-Therian
|-crit|p1a: Landorus-Therian
|-damage|p1a: Landorus-Therian|0 fnt
|-heal|p2a: Pyrax|190\/374|[from] drain|[of] p1a: Landorus-Therian
|faint|p1a: Landorus-Therian
|
|-weather|none
|
|switch|p1a: Charizard|Charizard, M|297\/297
|-damage|p1a: Charizard|149\/297|[from] Stealth Rock
|turn|14
|
|detailschange|p1a: Charizard|Charizard-Mega-Y, M
|-mega|p1a: Charizard|Charizard|Charizardite Y
|-weather|SunnyDay
|move|p2a: Pyrax|Fiery Dance|p1a: Charizard
|-resisted|p1a: Charizard
|-damage|p1a: Charizard|0 fnt
|-boost|p2a: Pyrax|spa|1
|faint|p1a: Charizard
|
|-weather|SunnyDay|[upkeep]
|-message|Fetuss forfeited.
|leave|Fetuss
|
|win|CyndaKillSH
|raw|Ladder updating...
|player|p1
|raw|Fetuss's rating: 1436 &rarr; <strong>1418<\/strong><br \/>(-18 for losing)
|raw|CyndaKillSH's rating: 1484 &rarr; <strong>1502<\/strong><br \/>(+18 for winning)