|join|andrewmon
|join|CyndaKillSH
|player|p1|andrewmon|253
|player|p2|CyndaKillSH|161
|gametype|singles
|gen|6
|tier|OU
|rated
|clearpoke
|poke|p1|Charizard, M
|poke|p1|Sylveon, F
|poke|p1|Gengar, M
|poke|p1|Excadrill, M
|poke|p1|Dugtrio, M
|poke|p1|Tyranitar, M
|poke|p2|Volcarona, M, shiny
|poke|p2|Landorus-Therian, M, shiny
|poke|p2|Charizard, M, shiny
|poke|p2|Terrakion, shiny
|poke|p2|Venusaur, M, shiny
|poke|p2|Latios, M, shiny
|rule|Swagger Clause: Swagger is banned
|rule|Baton Pass Clause: Limit one PokÃ©mon knowing Baton Pass
|rule|Sleep Clause Mod: Limit one foe put to sleep
|rule|Species Clause: Limit one of each PokÃ©mon
|rule|OHKO Clause: OHKO moves are banned
|rule|Moody Clause: Moody is banned
|rule|Evasion Moves Clause: Evasion moves are banned
|rule|Endless Battle Clause: Forcing endless battles is banned
|rule|HP Percentage Mod: HP is shown in percentages
|teampreview
|
|start
|switch|p1a: Dugtrio|Dugtrio, M|212\/212
|switch|p2a: Demeteros|Landorus-Therian, M, shiny|320\/320
|-ability|p2a: Demeteros|Intimidate|[of] p1a: Dugtrio
|-unboost|p1a: Dugtrio|atk|1
|turn|1
|
|move|p1a: Dugtrio|Stealth Rock|p2a: Demeteros
|-sidestart|p2: CyndaKillSH|move: Stealth Rock
|move|p2a: Demeteros|Stealth Rock|p1a: Dugtrio
|-sidestart|p1: andrewmon|move: Stealth Rock
|
|turn|2
|
|switch|p1a: Sylveon|Sylveon, F|394\/394
|-damage|p1a: Sylveon|345\/394|[from] Stealth Rock
|move|p2a: Demeteros|Earthquake|p1a: Sylveon
|-crit|p1a: Sylveon
|-damage|p1a: Sylveon|83\/394
|
|-heal|p1a: Sylveon|107\/394|[from] item: Leftovers
|turn|3
|
|move|p1a: Sylveon|Protect|p1a: Sylveon
|-singleturn|p1a: Sylveon|Protect
|move|p2a: Demeteros|Earthquake|p1a: Sylveon
|-activate|p1a: Sylveon|Protect
|
|-heal|p1a: Sylveon|131\/394|[from] item: Leftovers
|turn|4
|
|switch|p1a: Gengar|Gengar, M|272\/272
|-damage|p1a: Gengar|238\/272|[from] Stealth Rock
|move|p2a: Demeteros|Earthquake|p1a: Gengar
|-immune|p1a: Gengar|[msg]
|
|-heal|p1a: Gengar|255\/272|[from] item: Black Sludge
|turn|5
|
|move|p1a: Gengar|Will-O-Wisp|p2a: Demeteros
|-status|p2a: Demeteros|brn
|move|p2a: Demeteros|Knock Off|p1a: Gengar
|-supereffective|p1a: Gengar
|-damage|p1a: Gengar|97\/272
|-enditem|p1a: Gengar|Black Sludge|[from] move: Knock Off|[of] p2a: Demeteros
|
|-damage|p2a: Demeteros|280\/320 brn|[from] brn
|turn|6
|
|move|p1a: Gengar|Hex|p2a: Demeteros
|-damage|p2a: Demeteros|34\/320 brn
|move|p2a: Demeteros|Knock Off|p1a: Gengar
|-supereffective|p1a: Gengar
|-damage|p1a: Gengar|0 fnt
|faint|p1a: Gengar
|
|-damage|p2a: Demeteros|0 fnt|[from] brn
|faint|p2a: Demeteros
|
|switch|p2a: Terrakium|Terrakion, shiny|323\/323
|switch|p1a: Excadrill|Excadrill, M|361\/361
|-damage|p2a: Terrakium|303\/323|[from] Stealth Rock
|-damage|p1a: Excadrill|350\/361|[from] Stealth Rock
|turn|7
|
|switch|p1a: Dugtrio|Dugtrio, M|212\/212
|-damage|p1a: Dugtrio|199\/212|[from] Stealth Rock
|move|p2a: Terrakium|Close Combat|p1a: Dugtrio
|-damage|p1a: Dugtrio|0 fnt
|-unboost|p2a: Terrakium|def|1
|-unboost|p2a: Terrakium|spd|1
|faint|p1a: Dugtrio
|
|
|switch|p1a: Charizard|Charizard, M|335\/335
|-damage|p1a: Charizard|168\/335|[from] Stealth Rock
|turn|8
|
|switch|p1a: Tyranitar|Tyranitar, M|360\/360
|-damage|p1a: Tyranitar|315\/360|[from] Stealth Rock
|-weather|Sandstorm
|move|p2a: Terrakium|Rock Slide|p1a: Tyranitar
|-damage|p1a: Tyranitar|188\/360
|
|-weather|Sandstorm|[upkeep]
|turn|9
|
|move|p2a: Terrakium|Earthquake|p1a: Tyranitar
|-supereffective|p1a: Tyranitar
|-damage|p1a: Tyranitar|0 fnt
|faint|p1a: Tyranitar
|
|-weather|Sandstorm|[upkeep]
|
|switch|p1a: Excadrill|Excadrill, M|350\/361
|-damage|p1a: Excadrill|339\/361|[from] Stealth Rock
|turn|10
|
|switch|p2a: Florizarre|Venusaur, M, shiny|319\/319
|-damage|p2a: Florizarre|280\/319|[from] Stealth Rock
|move|p1a: Excadrill|Iron Head|p2a: Florizarre
|-damage|p2a: Florizarre|100\/319
|
|-weather|Sandstorm|[upkeep]
|-damage|p2a: Florizarre|81\/319|[from] sandstorm
|turn|11
|
|move|p1a: Excadrill|Iron Head|p2a: Florizarre
|-damage|p2a: Florizarre|0 fnt
|faint|p2a: Florizarre
|
|-weather|Sandstorm|[upkeep]
|
|switch|p2a: Latios|Latios, M, shiny|302\/302
|-damage|p2a: Latios|265\/302|[from] Stealth Rock
|turn|12
|
|move|p1a: Excadrill|Iron Head|p2a: Latios
|-damage|p2a: Latios|78\/302
|move|p2a: Latios|Dragon Pulse|p1a: Excadrill
|-resisted|p1a: Excadrill
|-damage|p1a: Excadrill|271\/361
|
|-weather|Sandstorm|[upkeep]
|-damage|p2a: Latios|60\/302|[from] sandstorm
|turn|13
|
|move|p1a: Excadrill|Iron Head|p2a: Latios
|-damage|p2a: Latios|0 fnt
|faint|p2a: Latios
|
|-weather|Sandstorm|[upkeep]
|
|switch|p2a: Dracaufeu|Charizard, M, shiny|297\/297
|-damage|p2a: Dracaufeu|149\/297|[from] Stealth Rock
|turn|14
|
|detailschange|p2a: Dracaufeu|Charizard-Mega-Y, M, shiny
|-mega|p2a: Dracaufeu|Charizard|Charizardite Y
|-weather|SunnyDay
|move|p1a: Excadrill|Rock Slide|p2a: Dracaufeu
|-supereffective|p2a: Dracaufeu
|-damage|p2a: Dracaufeu|0 fnt
|faint|p2a: Dracaufeu
|
|-weather|SunnyDay|[upkeep]
|
|switch|p2a: Terrakium|Terrakion, shiny|303\/323
|-damage|p2a: Terrakium|283\/323|[from] Stealth Rock
|turn|15
|c|âandrewmon|youre lucky, because earlier whenu killed ttar, i actually switched out right after i choose a move\
|c|âandrewmon|but stupid lag kept me in
|c|âCyndaKillSH|I played bad
|
|move|p2a: Terrakium|Close Combat|p1a: Excadrill
|-supereffective|p1a: Excadrill
|-damage|p1a: Excadrill|0 fnt
|-unboost|p2a: Terrakium|def|1
|-unboost|p2a: Terrakium|spd|1
|faint|p1a: Excadrill
|
|-weather|SunnyDay|[upkeep]
|-message|andrewmon forfeited.
|leave|andrewmon
|
|win|CyndaKillSH
|raw|Ladder updating...
|player|p1
|raw|andrewmon's rating: 1629 &rarr; <strong>1599<\/strong><br \/>(-30 for losing)
|raw|CyndaKillSH's rating: 1444 &rarr; <strong>1474<\/strong><br \/>(+30 for winning)