|join|ticklish lady
|join|CyndaKillSH
|player|p1|ticklish lady|115
|player|p2|CyndaKillSH|161
|gametype|singles
|gen|6
|tier|OU (suspect test)
|rated
|clearpoke
|poke|p1|Xatu, M
|poke|p1|Armaldo, M
|poke|p1|Gorebyss, F
|poke|p1|Gourgeist-*, F
|poke|p1|Rotom
|poke|p1|Bibarel, M
|poke|p2|Absol, M, shiny
|poke|p2|Dragonite, M, shiny
|poke|p2|Thundurus-Therian, M, shiny
|poke|p2|Landorus-Therian, M, shiny
|poke|p2|Sigilyph, M
|poke|p2|Starmie, shiny
|rule|Swagger Clause: Swagger is banned
|rule|Baton Pass Clause: Limit one PokÃ©mon knowing Baton Pass
|rule|Sleep Clause Mod: Limit one foe put to sleep
|rule|Species Clause: Limit one of each PokÃ©mon
|rule|OHKO Clause: OHKO moves are banned
|rule|Moody Clause: Moody is banned
|rule|Evasion Moves Clause: Evasion moves are banned
|rule|Endless Battle Clause: Forcing endless battles is banned
|rule|HP Percentage Mod: HP is shown in percentages
|teampreview
|
|start
|switch|p1a: Iiiaaahh|Rotom|242\/242
|switch|p2a: Absol|Absol, M, shiny|272\/272
|turn|1
|
|detailschange|p2a: Absol|Absol-Mega, M, shiny
|-mega|p2a: Absol|Absol|Absolite
|move|p2a: Absol|Sucker Punch|p1a: Iiiaaahh
|-fail|p1a: Iiiaaahh
|move|p1a: Iiiaaahh|Rain Dance|p1a: Iiiaaahh
|-weather|RainDance
|
|-weather|RainDance|[upkeep]
|turn|2
|
|move|p2a: Absol|Night Slash|p1a: Iiiaaahh
|-supereffective|p1a: Iiiaaahh
|-enditem|p1a: Iiiaaahh|Focus Sash
|-damage|p1a: Iiiaaahh|1\/242
|move|p1a: Iiiaaahh|Thunder|p2a: Absol
|-damage|p2a: Absol|23\/272
|
|-weather|RainDance|[upkeep]
|turn|3
|
|move|p2a: Absol|Sucker Punch|p1a: Iiiaaahh
|-supereffective|p1a: Iiiaaahh
|-damage|p1a: Iiiaaahh|0 fnt
|faint|p1a: Iiiaaahh
|
|-weather|RainDance|[upkeep]
|
|switch|p1a: Urguuu|Gorebyss, F|314\/314
|turn|4
|
|move|p2a: Absol|Sucker Punch|p1a: Urguuu
|-fail|p1a: Urguuu
|move|p1a: Urguuu|Coil|p1a: Urguuu
|-boost|p1a: Urguuu|atk|1
|-boost|p1a: Urguuu|def|1
|-boost|p1a: Urguuu|accuracy|1
|
|-weather|RainDance|[upkeep]
|turn|5
|
|move|p1a: Urguuu|Coil|p1a: Urguuu
|-boost|p1a: Urguuu|atk|1
|-boost|p1a: Urguuu|def|1
|-boost|p1a: Urguuu|accuracy|1
|move|p2a: Absol|Night Slash|p1a: Urguuu
|-damage|p1a: Urguuu|251\/314
|
|-weather|none
|turn|6
|
|move|p2a: Absol|Night Slash|p1a: Urguuu
|-damage|p1a: Urguuu|184\/314
|move|p1a: Urguuu|Rain Dance|p1a: Urguuu
|-weather|RainDance
|
|-weather|RainDance|[upkeep]
|turn|7
|
|move|p2a: Absol|Sucker Punch|p1a: Urguuu
|-fail|p1a: Urguuu
|move|p1a: Urguuu|Baton Pass|p1a: Urguuu
|
|switch|p1a: Driiilll|Armaldo, M|354\/354
|
|-weather|RainDance|[upkeep]
|turn|8
|
|move|p2a: Absol|Sucker Punch|p1a: Driiilll
|-fail|p1a: Driiilll
|move|p1a: Driiilll|Swords Dance|p1a: Driiilll
|-boost|p1a: Driiilll|atk|2
|
|-weather|RainDance|[upkeep]
|turn|9
|
|move|p1a: Driiilll|Rock Slide|p2a: Absol
|-crit|p2a: Absol
|-damage|p2a: Absol|0 fnt
|faint|p2a: Absol
|
|-weather|RainDance|[upkeep]
|
|switch|p2a: Landorus-Therian|Landorus-Therian, M, shiny|320\/320
|-ability|p2a: Landorus-Therian|Intimidate|[of] p1a: Driiilll
|-unboost|p1a: Driiilll|atk|1
|turn|10
|
|move|p1a: Driiilll|Rock Slide|p2a: Landorus-Therian
|-damage|p2a: Landorus-Therian|0 fnt
|faint|p2a: Landorus-Therian
|
|-weather|RainDance|[upkeep]
|
|switch|p2a: Dragonite|Dragonite, M, shiny|324\/324
|turn|11
|
|move|p1a: Driiilll|Rock Slide|p2a: Dragonite
|-supereffective|p2a: Dragonite
|-damage|p2a: Dragonite|5\/324
|-enditem|p2a: Dragonite|Weakness Policy
|-boost|p2a: Dragonite|atk|2|[from] item: Weakness Policy
|-boost|p2a: Dragonite|spa|2|[from] item: Weakness Policy
|cant|p2a: Dragonite|flinch
|
|-weather|RainDance|[upkeep]
|turn|12
|c|âticklish lady|this is my NU team ^~^
|c|âCyndaKillSH|o_O
|c|âCyndaKillSH|gg
|
|move|p1a: Driiilll|X-Scissor|p2a: Dragonite
|-crit|p2a: Dragonite
|-resisted|p2a: Dragonite
|-damage|p2a: Dragonite|0 fnt
|faint|p2a: Dragonite
|
|-weather|RainDance|[upkeep]
|c|âCyndaKillSH|Nice flinch anyway
|c|âticklish lady|Ik sry :s
|c|âCyndaKillSH|Win condition :v
|
|switch|p2a: Starmie|Starmie, shiny|262\/262
|turn|13
|
|switch|p2a: Thundurus-Therian|Thundurus-Therian, M, shiny|299\/299
|move|p1a: Driiilll|X-Scissor|p2a: Thundurus-Therian
|-resisted|p2a: Thundurus-Therian
|-damage|p2a: Thundurus-Therian|81\/299
|
|-weather|none
|turn|14
|c|âticklish lady|uh oh
|
|move|p2a: Thundurus-Therian|Thunderbolt|p1a: Driiilll
|-damage|p1a: Driiilll|88\/354
|-damage|p2a: Thundurus-Therian|52\/299|[from] item: Life Orb
|move|p1a: Driiilll|Rock Slide|p2a: Thundurus-Therian
|-supereffective|p2a: Thundurus-Therian
|-damage|p2a: Thundurus-Therian|0 fnt
|faint|p2a: Thundurus-Therian
|
|-heal|p1a: Driiilll|110\/354|[from] item: Leftovers
|
|switch|p2a: Starmie|Starmie, shiny|262\/262
|turn|15
|
|move|p2a: Starmie|Psychic|p1a: Driiilll
|-damage|p1a: Driiilll|0 fnt
|faint|p1a: Driiilll
|
|
|switch|p1a: Duh|Bibarel, M|362\/362
|turn|16
|
|move|p2a: Starmie|Psychic|p1a: Duh
|-damage|p1a: Duh|151\/362
|move|p1a: Duh|Double-Edge|p2a: Starmie
|-damage|p2a: Starmie|72\/262
|-damage|p1a: Duh|88\/362|[from] recoil|[of] p2a: Starmie
|
|-heal|p1a: Duh|110\/362|[from] item: Leftovers
|turn|17
|
|move|p2a: Starmie|Psychic|p1a: Duh
|-damage|p1a: Duh|0 fnt
|faint|p1a: Duh
|
|
|switch|p1a: Toot toot|Xatu, M|271\/271
|turn|18
|
|move|p1a: Toot toot|U-turn|p2a: Starmie
|-supereffective|p2a: Starmie
|-damage|p2a: Starmie|0 fnt
|faint|p2a: Starmie
|
|switch|p1a: Urguuu|Gorebyss, F|184\/314
|
|
|switch|p2a: Sigilyph|Sigilyph, M|330\/330
|turn|19
|
|move|p2a: Sigilyph|Cosmic Power|p2a: Sigilyph
|-boost|p2a: Sigilyph|def|1
|-boost|p2a: Sigilyph|spd|1
|move|p1a: Urguuu|Baton Pass|p1a: Urguuu
|
|switch|p1a: Toot toot|Xatu, M|271\/271
|
|-status|p2a: Sigilyph|brn|[from] item: Flame Orb
|turn|20
|
|move|p1a: Toot toot|Trick|p2a: Sigilyph
|-activate|p1a: Toot toot|move: Trick|[of] p2a: Sigilyph
|-item|p2a: Sigilyph|Choice Scarf|[from] move: Trick
|-item|p1a: Toot toot|Flame Orb|[from] move: Trick
|move|p2a: Sigilyph|Psycho Shift|p1a: Toot toot
|-status|p1a: Toot toot|brn
|-curestatus|p2a: Sigilyph|brn
|
|-damage|p1a: Toot toot|238\/271 brn|[from] brn
|turn|21
|c|âticklish lady|gg
|
|move|p2a: Sigilyph|Psycho Shift|p1a: Toot toot
|-fail|p1a: Toot toot
|move|p1a: Toot toot|U-turn|p2a: Sigilyph
|-damage|p2a: Sigilyph|313\/330
|c|âCyndaKillSH|gg
|
|switch|p1a: Iiiiiann|Gourgeist-Super, F|374\/374
|-item|p2a: Sigilyph|Choice Scarf|[from] ability: Frisk|[of] p1a: Iiiiiann|[identify]
|
|turn|22
|
|move|p2a: Sigilyph|Psycho Shift|p1a: Iiiiiann
|-fail|p1a: Iiiiiann
|move|p1a: Iiiiiann|Phantom Force|p2a: Sigilyph|[still]
|-prepare|p1a: Iiiiiann|Phantom Force|p2a: Sigilyph
|
|turn|23
|
|move|p2a: Sigilyph|Psycho Shift|p1a: Iiiiiann|[miss]
|-miss|p2a: Sigilyph|p1a: Iiiiiann
|move|p1a: Iiiiiann|Phantom Force|p2a: Sigilyph
|-supereffective|p2a: Sigilyph
|-damage|p2a: Sigilyph|167\/330
|
|turn|24
|
|move|p2a: Sigilyph|Psycho Shift|p1a: Iiiiiann
|-fail|p1a: Iiiiiann
|move|p1a: Iiiiiann|Phantom Force|p2a: Sigilyph|[still]
|-prepare|p1a: Iiiiiann|Phantom Force|p2a: Sigilyph
|
|turn|25
|-message|CyndaKillSH forfeited.
|
|win|ticklish lady
|raw|Ladder updating...
|raw|ticklish lady's rating: 1201 &rarr; <strong>1226<\/strong><br \/>(+25 for winning)
|raw|CyndaKillSH's rating: 1207 &rarr; <strong>1181<\/strong><br \/>(-26 for losing)
|leave|CyndaKillSH
|player|p2