|join|cjd95
|join|CyndaKillSH
|player|p1|cjd95|290
|player|p2|CyndaKillSH|161
|gametype|singles
|gen|6
|tier|OU (suspect test)
|rated
|clearpoke
|poke|p1|Hippowdon, M
|poke|p1|Excadrill, M
|poke|p1|Magnezone
|poke|p1|Latias, F
|poke|p1|Talonflame, F
|poke|p1|Sylveon, F
|poke|p2|Absol, M, shiny
|poke|p2|Dragonite, M, shiny
|poke|p2|Thundurus-Therian, M, shiny
|poke|p2|Landorus-Therian, M, shiny
|poke|p2|Sigilyph, M
|poke|p2|Starmie, shiny
|rule|Swagger Clause: Swagger is banned
|rule|Baton Pass Clause: Limit one PokÃ©mon knowing Baton Pass
|rule|Sleep Clause Mod: Limit one foe put to sleep
|rule|Species Clause: Limit one of each PokÃ©mon
|rule|OHKO Clause: OHKO moves are banned
|rule|Moody Clause: Moody is banned
|rule|Evasion Moves Clause: Evasion moves are banned
|rule|Endless Battle Clause: Forcing endless battles is banned
|rule|HP Percentage Mod: HP is shown in percentages
|teampreview
|
|start
|switch|p1a: Hippowdon|Hippowdon, M|419\/419
|switch|p2a: Absol|Absol, M, shiny|272\/272
|-weather|Sandstorm
|turn|1
|
|detailschange|p2a: Absol|Absol-Mega, M, shiny
|-mega|p2a: Absol|Absol|Absolite
|move|p2a: Absol|Night Slash|p1a: Hippowdon
|-damage|p1a: Hippowdon|322\/419
|move|p1a: Hippowdon|Earthquake|p2a: Absol
|-damage|p2a: Absol|62\/272
|
|-weather|Sandstorm|[upkeep]
|-damage|p2a: Absol|45\/272|[from] sandstorm
|turn|2
|
|switch|p2a: Sigilyph|Sigilyph, M|330\/330
|move|p1a: Hippowdon|Earthquake|p2a: Sigilyph
|-immune|p2a: Sigilyph|[msg]
|
|-weather|Sandstorm|[upkeep]
|-status|p2a: Sigilyph|brn|[from] item: Flame Orb
|turn|3
|
|move|p2a: Sigilyph|Cosmic Power|p2a: Sigilyph
|-boost|p2a: Sigilyph|def|1
|-boost|p2a: Sigilyph|spd|1
|move|p1a: Hippowdon|Stealth Rock|p2a: Sigilyph
|-sidestart|p2: CyndaKillSH|move: Stealth Rock
|
|-weather|Sandstorm|[upkeep]
|turn|4
|
|switch|p1a: Magnezone|Magnezone|281\/281
|move|p2a: Sigilyph|Psycho Shift|p1a: Magnezone
|-status|p1a: Magnezone|brn
|-curestatus|p2a: Sigilyph|brn
|
|-weather|Sandstorm|[upkeep]
|-damage|p1a: Magnezone|246\/281 brn|[from] brn
|-status|p2a: Sigilyph|brn|[from] item: Flame Orb
|turn|5
|
|move|p1a: Magnezone|Volt Switch|p2a: Sigilyph
|-supereffective|p2a: Sigilyph
|-damage|p2a: Sigilyph|154\/330 brn
|
|switch|p1a: Latias|Latias, F|301\/301
|move|p2a: Sigilyph|Cosmic Power|p2a: Sigilyph
|-boost|p2a: Sigilyph|def|1
|-boost|p2a: Sigilyph|spd|1
|
|-weather|Sandstorm|[upkeep]
|-damage|p1a: Latias|283\/301|[from] sandstorm
|turn|6
|
|move|p1a: Latias|Draco Meteor|p2a: Sigilyph
|-damage|p2a: Sigilyph|20\/330 brn
|-unboost|p1a: Latias|spa|2
|-damage|p1a: Latias|253\/301|[from] item: Life Orb
|move|p2a: Sigilyph|Roost|p2a: Sigilyph
|-heal|p2a: Sigilyph|185\/330 brn
|
|-weather|Sandstorm|[upkeep]
|-damage|p1a: Latias|235\/301|[from] sandstorm
|turn|7
|
|switch|p1a: Magnezone|Magnezone|246\/281 brn
|move|p2a: Sigilyph|Cosmic Power|p2a: Sigilyph
|-boost|p2a: Sigilyph|def|1
|-boost|p2a: Sigilyph|spd|1
|
|-weather|Sandstorm|[upkeep]
|-damage|p1a: Magnezone|211\/281 brn|[from] brn
|turn|8
|
|move|p1a: Magnezone|Thunderbolt|p2a: Sigilyph
|-supereffective|p2a: Sigilyph
|-damage|p2a: Sigilyph|41\/330 brn
|move|p2a: Sigilyph|Roost|p2a: Sigilyph
|-heal|p2a: Sigilyph|206\/330 brn
|
|-weather|none
|-damage|p1a: Magnezone|176\/281 brn|[from] brn
|turn|9
|
|move|p1a: Magnezone|Thunderbolt|p2a: Sigilyph
|-supereffective|p2a: Sigilyph
|-damage|p2a: Sigilyph|60\/330 brn
|move|p2a: Sigilyph|Roost|p2a: Sigilyph
|-heal|p2a: Sigilyph|225\/330 brn
|
|-damage|p1a: Magnezone|141\/281 brn|[from] brn
|turn|10
|
|switch|p1a: Sylveon|Sylveon, F|394\/394
|move|p2a: Sigilyph|Roost|p2a: Sigilyph
|-heal|p2a: Sigilyph|330\/330 brn
|
|turn|11
|
|move|p2a: Sigilyph|Psycho Shift|p1a: Sylveon
|-status|p1a: Sylveon|brn
|-curestatus|p2a: Sigilyph|brn
|move|p1a: Sylveon|Moonblast|p2a: Sigilyph
|-damage|p2a: Sigilyph|276\/330
|
|-damage|p1a: Sylveon|345\/394 brn|[from] brn
|-status|p2a: Sigilyph|brn|[from] item: Flame Orb
|turn|12
|
|move|p2a: Sigilyph|Cosmic Power|p2a: Sigilyph
|-boost|p2a: Sigilyph|def|1
|-boost|p2a: Sigilyph|spd|1
|move|p1a: Sylveon|Heal Bell|p1a: Sylveon
|-cureteam|p1a: Sylveon|[from] move: HealBell
|
|-heal|p1a: Sylveon|369\/394|[from] item: Leftovers
|turn|13
|
|switch|p1a: Hippowdon|Hippowdon, M|322\/419
|-weather|Sandstorm
|move|p2a: Sigilyph|Cosmic Power|p2a: Sigilyph
|-boost|p2a: Sigilyph|def|1
|-boost|p2a: Sigilyph|spd|1
|
|-weather|Sandstorm|[upkeep]
|turn|14
|
|move|p2a: Sigilyph|Stored Power|p1a: Hippowdon
|-damage|p1a: Hippowdon|0 fnt
|faint|p1a: Hippowdon
|
|-weather|Sandstorm|[upkeep]
|
|switch|p1a: Excadrill|Excadrill, M|361\/361
|-item|p1a: Excadrill|Air Balloon
|turn|15
|
|move|p1a: Excadrill|Rock Slide|p2a: Sigilyph
|-supereffective|p2a: Sigilyph
|-damage|p2a: Sigilyph|214\/330 brn
|move|p2a: Sigilyph|Psycho Shift|p1a: Excadrill
|-status|p1a: Excadrill|brn
|-curestatus|p2a: Sigilyph|brn
|
|-weather|Sandstorm|[upkeep]
|-damage|p1a: Excadrill|316\/361 brn|[from] brn
|-status|p2a: Sigilyph|brn|[from] item: Flame Orb
|turn|16
|leave|cjd95
|player|p1
|c|âCyndaKillSH|The fair play is real
|-message|cjd95 lost due to inactivity.
|
|win|CyndaKillSH
|raw|Ladder updating...
|raw|cjd95's rating: 1245 &rarr; <strong>1216<\/strong><br \/>(-29 for losing)
|raw|CyndaKillSH's rating: 1185 &rarr; <strong>1214<\/strong><br \/>(+29 for winning)