|join|CyndaKillSH
|join|reecekeyz
|player|p1|CyndaKillSH|161
|player|p2|reecekeyz|200
|gametype|singles
|gen|6
|tier|OU (suspect test)
|rated
|clearpoke
|poke|p1|Absol, M, shiny
|poke|p1|Dragonite, M, shiny
|poke|p1|Thundurus-Therian, M, shiny
|poke|p1|Landorus-Therian, M, shiny
|poke|p1|Sigilyph, M
|poke|p1|Starmie, shiny
|poke|p2|Beedrill, M
|poke|p2|Garchomp, F
|poke|p2|Scrafty, M
|poke|p2|Landorus-Therian, M, shiny
|poke|p2|Latios, M
|poke|p2|Jirachi
|rule|Swagger Clause: Swagger is banned
|rule|Baton Pass Clause: Limit one PokÃ©mon knowing Baton Pass
|rule|Sleep Clause Mod: Limit one foe put to sleep
|rule|Species Clause: Limit one of each PokÃ©mon
|rule|OHKO Clause: OHKO moves are banned
|rule|Moody Clause: Moody is banned
|rule|Evasion Moves Clause: Evasion moves are banned
|rule|Endless Battle Clause: Forcing endless battles is banned
|rule|HP Percentage Mod: HP is shown in percentages
|teampreview
|
|start
|switch|p1a: Landorus-Therian|Landorus-Therian, M, shiny|320\/320
|switch|p2a: Rabies|Landorus-Therian, M, shiny|319\/319
|-ability|p2a: Rabies|Intimidate|[of] p1a: Landorus-Therian
|-unboost|p1a: Landorus-Therian|atk|1
|-ability|p1a: Landorus-Therian|Intimidate|[of] p2a: Rabies
|-unboost|p2a: Rabies|atk|1
|turn|1
|
|move|p2a: Rabies|Stone Edge|p1a: Landorus-Therian
|-damage|p1a: Landorus-Therian|221\/320
|move|p1a: Landorus-Therian|Stealth Rock|p2a: Rabies
|-sidestart|p2: reecekeyz|move: Stealth Rock
|
|turn|2
|
|switch|p2a: Versarce|Jirachi|404\/404
|-damage|p2a: Versarce|379\/404|[from] Stealth Rock
|move|p1a: Landorus-Therian|U-turn|p2a: Versarce
|-damage|p2a: Versarce|322\/404
|
|switch|p1a: Absol|Absol, M, shiny|272\/272
|
|-heal|p2a: Versarce|347\/404|[from] item: Leftovers
|turn|3
|join|jujulo
|
|detailschange|p1a: Absol|Absol-Mega, M, shiny
|-mega|p1a: Absol|Absol|Absolite
|move|p1a: Absol|Night Slash|p2a: Versarce
|-supereffective|p2a: Versarce
|-damage|p2a: Versarce|65\/404
|move|p2a: Versarce|Thunder Wave|p1a: Absol
|move|p1a: Absol|Thunder Wave|p2a: Versarce|[from]Magic Bounce
|-status|p2a: Versarce|par
|
|-heal|p2a: Versarce|90\/404 par|[from] item: Leftovers
|turn|4
|
|switch|p2a: Trayvon Martin|Scrafty, M|271\/271
|-damage|p2a: Trayvon Martin|255\/271|[from] Stealth Rock
|move|p1a: Absol|Play Rough|p2a: Trayvon Martin
|-supereffective|p2a: Trayvon Martin
|-damage|p2a: Trayvon Martin|0 fnt
|faint|p2a: Trayvon Martin
|
|
|switch|p2a: Wiz Khalifa|Beedrill, M|272\/272
|-damage|p2a: Wiz Khalifa|204\/272|[from] Stealth Rock
|turn|5
|
|detailschange|p2a: Wiz Khalifa|Beedrill-Mega, M
|-mega|p2a: Wiz Khalifa|Beedrill|Beedrillite
|move|p2a: Wiz Khalifa|Protect|p2a: Wiz Khalifa
|-singleturn|p2a: Wiz Khalifa|Protect
|move|p1a: Absol|Psycho Cut|p2a: Wiz Khalifa
|-activate|p2a: Wiz Khalifa|Protect
|
|turn|6
|
|move|p1a: Absol|Sucker Punch|p2a: Wiz Khalifa
|-damage|p2a: Wiz Khalifa|0 fnt
|faint|p2a: Wiz Khalifa
|
|
|switch|p2a: Sharkeisha|Garchomp, F|357\/357
|-damage|p2a: Sharkeisha|335\/357|[from] Stealth Rock
|turn|7
|
|switch|p2a: Rabies|Landorus-Therian, M, shiny|319\/319
|-damage|p2a: Rabies|280\/319|[from] Stealth Rock
|-ability|p2a: Rabies|Intimidate|[of] p1a: Absol
|-unboost|p1a: Absol|atk|1
|move|p1a: Absol|Play Rough|p2a: Rabies
|-damage|p2a: Rabies|198\/319
|
|turn|8
|
|switch|p1a: Starmie|Starmie, shiny|262\/262
|move|p2a: Rabies|Earthquake|p1a: Starmie
|-damage|p1a: Starmie|45\/262
|
|turn|9
|
|switch|p1a: Landorus-Therian|Landorus-Therian, M, shiny|221\/320
|-ability|p1a: Landorus-Therian|Intimidate|[of] p2a: Rabies
|-unboost|p2a: Rabies|atk|1
|move|p2a: Rabies|Earthquake|p1a: Landorus-Therian
|-immune|p1a: Landorus-Therian|[msg]
|
|turn|10
|
|switch|p2a: Sharkeisha|Garchomp, F|335\/357
|-damage|p2a: Sharkeisha|313\/357|[from] Stealth Rock
|move|p1a: Landorus-Therian|Knock Off|p2a: Sharkeisha
|-damage|p2a: Sharkeisha|193\/357
|-damage|p1a: Landorus-Therian|181\/320|[from] ability: Rough Skin|[of] p2a: Sharkeisha
|-damage|p1a: Landorus-Therian|128\/320|[from] item: Rocky Helmet|[of] p2a: Sharkeisha
|-enditem|p2a: Sharkeisha|Rocky Helmet|[from] move: Knock Off|[of] p1a: Landorus-Therian
|
|turn|11
|
|move|p2a: Sharkeisha|Poison Jab|p1a: Landorus-Therian
|-resisted|p1a: Landorus-Therian
|-damage|p1a: Landorus-Therian|73\/320
|move|p1a: Landorus-Therian|U-turn|p2a: Sharkeisha
|-damage|p2a: Sharkeisha|96\/357
|-damage|p1a: Landorus-Therian|33\/320|[from] ability: Rough Skin|[of] p2a: Sharkeisha
|
|switch|p1a: Absol|Absol-Mega, M, shiny|272\/272
|
|turn|12
|
|move|p1a: Absol|Night Slash|p2a: Sharkeisha
|-damage|p2a: Sharkeisha|0 fnt
|-damage|p1a: Absol|238\/272|[from] ability: Rough Skin|[of] p2a: Sharkeisha
|faint|p2a: Sharkeisha
|
|
|switch|p2a: Rabies|Landorus-Therian, M, shiny|198\/319
|-damage|p2a: Rabies|159\/319|[from] Stealth Rock
|-ability|p2a: Rabies|Intimidate|[of] p1a: Absol
|-unboost|p1a: Absol|atk|1
|turn|13
|
|switch|p1a: Thundurus-Therian|Thundurus-Therian, M, shiny|299\/299
|move|p2a: Rabies|Stone Edge|p1a: Thundurus-Therian
|-supereffective|p1a: Thundurus-Therian
|-damage|p1a: Thundurus-Therian|0 fnt
|faint|p1a: Thundurus-Therian
|
|
|switch|p1a: Landorus-Therian|Landorus-Therian, M, shiny|33\/320
|-ability|p1a: Landorus-Therian|Intimidate|[of] p2a: Rabies
|-unboost|p2a: Rabies|atk|1
|turn|14
|
|move|p2a: Rabies|Stone Edge|p1a: Landorus-Therian
|-damage|p1a: Landorus-Therian|0 fnt
|faint|p1a: Landorus-Therian
|
|
|switch|p1a: Absol|Absol-Mega, M, shiny|238\/272
|turn|15
|
|move|p1a: Absol|Sucker Punch|p2a: Rabies
|-damage|p2a: Rabies|0 fnt
|faint|p2a: Rabies
|
|
|switch|p2a: Versarce|Jirachi|90\/404 par
|-damage|p2a: Versarce|65\/404 par|[from] Stealth Rock
|turn|16
|
|move|p1a: Absol|Night Slash|p2a: Versarce
|-supereffective|p2a: Versarce
|-damage|p2a: Versarce|0 fnt
|faint|p2a: Versarce
|
|
|switch|p2a: G6|Latios, M|301\/301
|-damage|p2a: G6|264\/301|[from] Stealth Rock
|turn|17
|
|move|p1a: Absol|Sucker Punch|p2a: G6
|-supereffective|p2a: G6
|-damage|p2a: G6|0 fnt
|faint|p2a: G6
|
|win|CyndaKillSH
|raw|Ladder updating...
|raw|CyndaKillSH's rating: 1202 &rarr; <strong>1219<\/strong><br \/>(+17 for winning)
|raw|reecekeyz's rating: 1089 &rarr; <strong>1073<\/strong><br \/>(-16 for losing)
|c|âCyndaKillSH|gg