|join|laecio
|join|CyndaKillSH
|player|p1|laecio|101
|player|p2|CyndaKillSH|161
|gametype|singles
|gen|6
|tier|OU (suspect test)
|rated
|clearpoke
|poke|p1|Weavile, M
|poke|p1|Clefable, F
|poke|p1|Lopunny, F
|poke|p1|Alomomola, F
|poke|p1|Lapras, M
|poke|p1|Staraptor, M
|poke|p2|Absol, M, shiny
|poke|p2|Dragonite, M, shiny
|poke|p2|Thundurus-Therian, M, shiny
|poke|p2|Landorus-Therian, M, shiny
|poke|p2|Sigilyph, M
|poke|p2|Starmie, shiny
|rule|Swagger Clause: Swagger is banned
|rule|Baton Pass Clause: Limit one PokÃ©mon knowing Baton Pass
|rule|Sleep Clause Mod: Limit one foe put to sleep
|rule|Species Clause: Limit one of each PokÃ©mon
|rule|OHKO Clause: OHKO moves are banned
|rule|Moody Clause: Moody is banned
|rule|Evasion Moves Clause: Evasion moves are banned
|rule|Endless Battle Clause: Forcing endless battles is banned
|rule|HP Percentage Mod: HP is shown in percentages
|teampreview
|
|start
|switch|p1a: Alomomola|Alomomola, F|534\/534
|switch|p2a: Absol|Absol, M, shiny|272\/272
|turn|1
|
|detailschange|p2a: Absol|Absol-Mega, M, shiny
|-mega|p2a: Absol|Absol|Absolite
|move|p2a: Absol|Night Slash|p1a: Alomomola
|-crit|p1a: Alomomola
|-damage|p1a: Alomomola|359\/534
|move|p1a: Alomomola|Scald|p2a: Absol
|-damage|p2a: Absol|208\/272
|-status|p2a: Absol|brn
|
|-heal|p1a: Alomomola|392\/534|[from] item: Leftovers
|-damage|p2a: Absol|174\/272 brn|[from] brn
|turn|2
|
|switch|p2a: Thundurus-Therian|Thundurus-Therian, M, shiny|299\/299
|move|p1a: Alomomola|Wish|p1a: Alomomola
|
|-heal|p1a: Alomomola|425\/534|[from] item: Leftovers
|turn|3
|
|switch|p1a: Clefable|Clefable, F|352\/352
|move|p2a: Thundurus-Therian|Thunderbolt|p1a: Clefable
|-damage|p1a: Clefable|125\/352
|-damage|p2a: Thundurus-Therian|270\/299|[from] item: Life Orb
|
|-heal|p1a: Clefable|352\/352|[from] move: Wish|[wisher] Alomomola
|turn|4
|
|move|p2a: Thundurus-Therian|Sludge Bomb|p1a: Clefable
|-crit|p1a: Clefable
|-supereffective|p1a: Clefable
|-damage|p1a: Clefable|0 fnt
|-damage|p2a: Thundurus-Therian|241\/299|[from] item: Life Orb
|faint|p1a: Clefable
|
|
|switch|p1a: Weavile|Weavile, M|282\/282
|turn|5
|
|switch|p2a: Landorus-Therian|Landorus-Therian, M, shiny|320\/320
|-ability|p2a: Landorus-Therian|Intimidate|[of] p1a: Weavile
|-unboost|p1a: Weavile|atk|1
|move|p1a: Weavile|Knock Off|p2a: Landorus-Therian
|-damage|p2a: Landorus-Therian|197\/320
|-enditem|p2a: Landorus-Therian|Yache Berry|[from] move: Knock Off|[of] p1a: Weavile
|
|turn|6
|
|switch|p2a: Absol|Absol-Mega, M, shiny|174\/272 brn
|move|p1a: Weavile|Ice Punch|p2a: Absol
|-damage|p2a: Absol|53\/272 brn
|
|-damage|p2a: Absol|19\/272 brn|[from] brn
|turn|7
|
|move|p1a: Weavile|Ice Shard|p2a: Absol
|-damage|p2a: Absol|0 fnt
|faint|p2a: Absol
|
|
|switch|p2a: Dragonite|Dragonite, M, shiny|324\/324
|turn|8
|
|move|p1a: Weavile|Ice Shard|p2a: Dragonite
|-supereffective|p2a: Dragonite
|-damage|p2a: Dragonite|228\/324
|-enditem|p2a: Dragonite|Weakness Policy
|-boost|p2a: Dragonite|atk|2|[from] item: Weakness Policy
|-boost|p2a: Dragonite|spa|2|[from] item: Weakness Policy
|move|p2a: Dragonite|Fire Punch|p1a: Weavile
|-supereffective|p1a: Weavile
|-enditem|p1a: Weavile|Focus Sash
|-damage|p1a: Weavile|1\/282
|-status|p1a: Weavile|brn
|
|-damage|p1a: Weavile|0 fnt|[from] brn
|faint|p1a: Weavile
|
|switch|p1a: Lapras|Lapras, M|464\/464
|turn|9
|
|move|p2a: Dragonite|Dragon Claw|p1a: Lapras
|-damage|p1a: Lapras|127\/464
|move|p1a: Lapras|Ice Beam|p2a: Dragonite
|-supereffective|p2a: Dragonite
|-damage|p2a: Dragonite|0 fnt
|faint|p2a: Dragonite
|
|-heal|p1a: Lapras|156\/464|[from] item: Leftovers
|
|switch|p2a: Sigilyph|Sigilyph, M|330\/330
|turn|10
|
|move|p2a: Sigilyph|Cosmic Power|p2a: Sigilyph
|-boost|p2a: Sigilyph|def|1
|-boost|p2a: Sigilyph|spd|1
|move|p1a: Lapras|Confuse Ray|p2a: Sigilyph
|-start|p2a: Sigilyph|confusion
|
|-heal|p1a: Lapras|185\/464|[from] item: Leftovers
|-status|p2a: Sigilyph|brn|[from] item: Flame Orb
|turn|11
|
|-activate|p2a: Sigilyph|confusion
|move|p2a: Sigilyph|Cosmic Power|p2a: Sigilyph
|-boost|p2a: Sigilyph|def|1
|-boost|p2a: Sigilyph|spd|1
|move|p1a: Lapras|Ice Beam|p2a: Sigilyph
|-supereffective|p2a: Sigilyph
|-damage|p2a: Sigilyph|226\/330 brn
|
|-heal|p1a: Lapras|214\/464|[from] item: Leftovers
|turn|12
|
|-activate|p2a: Sigilyph|confusion
|move|p2a: Sigilyph|Roost|p2a: Sigilyph
|-heal|p2a: Sigilyph|330\/330 brn
|move|p1a: Lapras|Ice Beam|p2a: Sigilyph
|-damage|p2a: Sigilyph|282\/330 brn
|
|-heal|p1a: Lapras|243\/464|[from] item: Leftovers
|turn|13
|
|-activate|p2a: Sigilyph|confusion
|move|p2a: Sigilyph|Cosmic Power|p2a: Sigilyph
|-boost|p2a: Sigilyph|def|1
|-boost|p2a: Sigilyph|spd|1
|move|p1a: Lapras|Ice Beam|p2a: Sigilyph
|-supereffective|p2a: Sigilyph
|-damage|p2a: Sigilyph|198\/330 brn
|
|-heal|p1a: Lapras|272\/464|[from] item: Leftovers
|turn|14
|
|-end|p2a: Sigilyph|confusion
|move|p2a: Sigilyph|Roost|p2a: Sigilyph
|-heal|p2a: Sigilyph|330\/330 brn
|move|p1a: Lapras|Ice Beam|p2a: Sigilyph
|-damage|p2a: Sigilyph|288\/330 brn
|
|-heal|p1a: Lapras|301\/464|[from] item: Leftovers
|turn|15
|
|move|p2a: Sigilyph|Psycho Shift|p1a: Lapras
|-status|p1a: Lapras|brn
|-curestatus|p2a: Sigilyph|brn
|move|p1a: Lapras|Ice Beam|p2a: Sigilyph
|-supereffective|p2a: Sigilyph
|-damage|p2a: Sigilyph|204\/330
|-status|p2a: Sigilyph|frz
|
|-heal|p1a: Lapras|330\/464 brn|[from] item: Leftovers
|-damage|p1a: Lapras|272\/464 brn|[from] brn
|turn|16
|c|âCyndaKillSH|...
|
|-curestatus|p2a: Sigilyph|frz
|move|p2a: Sigilyph|Roost|p2a: Sigilyph
|-heal|p2a: Sigilyph|330\/330
|move|p1a: Lapras|Heal Bell|p1a: Lapras
|-cureteam|p1a: Lapras|[from] move: HealBell
|
|-heal|p1a: Lapras|301\/464|[from] item: Leftovers
|-status|p2a: Sigilyph|brn|[from] item: Flame Orb
|turn|17
|c|âCyndaKillSH|ok sry
|
|move|p2a: Sigilyph|Cosmic Power|p2a: Sigilyph
|-boost|p2a: Sigilyph|def|1
|-boost|p2a: Sigilyph|spd|1
|move|p1a: Lapras|Ice Beam|p2a: Sigilyph
|-supereffective|p2a: Sigilyph
|-damage|p2a: Sigilyph|258\/330 brn
|
|-heal|p1a: Lapras|330\/464|[from] item: Leftovers
|turn|18
|
|move|p2a: Sigilyph|Roost|p2a: Sigilyph
|-heal|p2a: Sigilyph|330\/330 brn
|move|p1a: Lapras|Ice Beam|p2a: Sigilyph
|-damage|p2a: Sigilyph|296\/330 brn
|
|-heal|p1a: Lapras|359\/464|[from] item: Leftovers
|turn|19
|
|move|p2a: Sigilyph|Cosmic Power|p2a: Sigilyph
|-boost|p2a: Sigilyph|def|1
|-boost|p2a: Sigilyph|spd|1
|move|p1a: Lapras|Confuse Ray|p2a: Sigilyph
|-start|p2a: Sigilyph|confusion
|
|-heal|p1a: Lapras|388\/464|[from] item: Leftovers
|turn|20
|
|-activate|p2a: Sigilyph|confusion
|move|p2a: Sigilyph|Stored Power|p1a: Lapras
|-damage|p1a: Lapras|175\/464
|move|p1a: Lapras|Toxic|p2a: Sigilyph
|-fail|p2a: Sigilyph
|
|-heal|p1a: Lapras|204\/464|[from] item: Leftovers
|turn|21
|
|-activate|p2a: Sigilyph|confusion
|-damage|p2a: Sigilyph|293\/330 brn|[from] confusion
|move|p1a: Lapras|Toxic|p2a: Sigilyph
|-fail|p2a: Sigilyph
|
|-heal|p1a: Lapras|233\/464|[from] item: Leftovers
|turn|22
|
|-activate|p2a: Sigilyph|confusion
|move|p2a: Sigilyph|Stored Power|p1a: Lapras
|-damage|p1a: Lapras|44\/464
|move|p1a: Lapras|Ice Beam|p2a: Sigilyph
|-supereffective|p2a: Sigilyph
|-damage|p2a: Sigilyph|233\/330 brn
|
|-heal|p1a: Lapras|73\/464|[from] item: Leftovers
|turn|23
|
|-activate|p2a: Sigilyph|confusion
|move|p2a: Sigilyph|Roost|p2a: Sigilyph
|-heal|p2a: Sigilyph|330\/330 brn
|move|p1a: Lapras|Ice Beam|p2a: Sigilyph
|-damage|p2a: Sigilyph|303\/330 brn
|
|-heal|p1a: Lapras|102\/464|[from] item: Leftovers
|turn|24
|
|-end|p2a: Sigilyph|confusion
|move|p2a: Sigilyph|Stored Power|p1a: Lapras
|-damage|p1a: Lapras|0 fnt
|faint|p1a: Lapras
|
|
|switch|p1a: Staraptor|Staraptor, M|312\/312
|turn|25
|
|move|p1a: Staraptor|U-turn|p2a: Sigilyph
|-damage|p2a: Sigilyph|279\/330 brn
|
|switch|p1a: Alomomola|Alomomola, F|534\/534
|move|p2a: Sigilyph|Psycho Shift|p1a: Alomomola
|-status|p1a: Alomomola|brn
|-curestatus|p2a: Sigilyph|brn
|
|-damage|p1a: Alomomola|468\/534 brn|[from] brn
|-status|p2a: Sigilyph|brn|[from] item: Flame Orb
|turn|26
|
|move|p2a: Sigilyph|Stored Power|p1a: Alomomola
|-damage|p1a: Alomomola|0 fnt
|faint|p1a: Alomomola
|
|-message|laecio forfeited.
|
|win|CyndaKillSH
|raw|Ladder updating...
|leave|laecio
|player|p1
|raw|laecio's rating: 1051 &rarr; <strong>1039<\/strong><br \/>(-12 for losing)
|raw|CyndaKillSH's rating: 1158 &rarr; <strong>1176<\/strong><br \/>(+18 for winning)