|join|CyndaKillSH
|join|Protodrake
|player|p1|CyndaKillSH|161
|player|p2|Protodrake|40
|gametype|doubles
|gen|6
|tier|Smogon Doubles
|rated
|clearpoke
|poke|p1|Chandelure, M, shiny
|poke|p1|Sylveon, M, shiny
|poke|p1|Scrafty, M, shiny
|poke|p1|Bisharp, M, shiny
|poke|p1|Ampharos, M, shiny
|poke|p1|Porygon2, shiny
|poke|p2|Infernape, M
|poke|p2|Charizard, F
|poke|p2|Typhlosion, M
|poke|p2|Talonflame, F
|poke|p2|Heatran, M
|poke|p2|Ninetales, M
|rule|Species Clause: Limit one of each PokÃ©mon
|rule|OHKO Clause: OHKO moves are banned
|rule|Moody Clause: Moody is banned
|rule|Evasion Abilities Clause: Evasion abilities are banned
|rule|Evasion Moves Clause: Evasion moves are banned
|rule|Endless Battle Clause: Forcing endless battles is banned
|rule|HP Percentage Mod: HP is shown in percentages
|teampreview
|
|start
|switch|p1a: Baggaid|Scrafty, M, shiny|329\/329
|switch|p1b: Lugulabre|Chandelure, M, shiny|324\/324
|switch|p2a: Infernape|Infernape, M|293\/293
|switch|p2b: Typhlosion|Typhlosion, M|298\/298
|-ability|p1a: Baggaid|Intimidate|[of] p2a: Infernape
|-unboost|p2a: Infernape|atk|1
|-ability|p1a: Baggaid|Intimidate|[of] p2b: Typhlosion
|-unboost|p2b: Typhlosion|atk|1
|turn|1
|
|move|p2a: Infernape|Fake Out|p1a: Baggaid
|-damage|p1a: Baggaid|299\/329
|-damage|p2a: Infernape|264\/293|[from] item: Life Orb
|cant|p1a: Baggaid|flinch
|move|p2b: Typhlosion|Focus Blast|p1a: Baggaid
|-supereffective|p1a: Baggaid
|-damage|p1a: Baggaid|0 fnt
|faint|p1a: Baggaid
|move|p1b: Lugulabre|Trick Room|p1b: Lugulabre
|-fieldstart|move: Trick Room|[of] p1b: Lugulabre
|
|
|switch|p1a: Nymphali|Sylveon, M, shiny|357\/357
|turn|2
|
|switch|p2b: Ninetales|Ninetales, M|287\/287
|-weather|SunnyDay
|-item|p2b: Ninetales|Air Balloon
|switch|p2a: Heatran|Heatran, M|385\/385
|move|p1a: Nymphali|Hyper Voice|p2b: Ninetales
|-resisted|p2a: Heatran
|-damage|p2a: Heatran|333\/385
|-resisted|p2b: Ninetales
|-damage|p2b: Ninetales|167\/287
|-enditem|p2b: Ninetales|Air Balloon
|move|p1b: Lugulabre|Shadow Ball|p2b: Ninetales
|-damage|p2b: Ninetales|0 fnt
|faint|p2b: Ninetales
|
|-weather|SunnyDay|[upkeep]
|
|switch|p2b: Talonflame|Talonflame, F|298\/298
|turn|3
|
|switch|p1a: Pharamp|Ampharos, M, shiny|384\/384
|move|p2b: Talonflame|Brave Bird|p1a: Pharamp
|-resisted|p1a: Pharamp
|-damage|p1a: Pharamp|275\/384
|-damage|p2b: Talonflame|262\/298|[from] recoil|[of] p1a: Pharamp
|-damage|p2b: Talonflame|233\/298|[from] item: Life Orb
|move|p1b: Lugulabre|Shadow Ball|p2a: Heatran
|-damage|p2a: Heatran|185\/385
|move|p2a: Heatran|Earth Power|p1b: Lugulabre
|-supereffective|p1b: Lugulabre
|-enditem|p1b: Lugulabre|Focus Sash
|-damage|p1b: Lugulabre|1\/324
|
|-weather|SunnyDay|[upkeep]
|turn|4
|
|detailschange|p1a: Pharamp|Ampharos-Mega, M, shiny
|-mega|p1a: Pharamp|Ampharos|Ampharosite
|-ability|p1a: Pharamp|Mold Breaker
|move|p2b: Talonflame|Brave Bird|p1b: Lugulabre
|-damage|p1b: Lugulabre|0 fnt
|-damage|p2b: Talonflame|232\/298|[from] recoil|[of] p1b: Lugulabre
|-damage|p2b: Talonflame|203\/298|[from] item: Life Orb
|faint|p1b: Lugulabre
|move|p1a: Pharamp|Thunderbolt|p2a: Heatran
|-damage|p2a: Heatran|0 fnt
|faint|p2a: Heatran
|
|-weather|SunnyDay|[upkeep]
|
|switch|p1b: Scalproie|Bisharp, M, shiny|301\/301
|switch|p2a: Infernape|Infernape, M|264\/293
|turn|5
|
|move|p2a: Infernape|Fake Out|p1a: Pharamp
|-crit|p1a: Pharamp
|-damage|p1a: Pharamp|200\/384
|-damage|p2a: Infernape|235\/293|[from] item: Life Orb
|move|p2b: Talonflame|Roost|p2b: Talonflame
|-heal|p2b: Talonflame|298\/298
|cant|p1a: Pharamp|flinch
|move|p1b: Scalproie|Knock Off|p2b: Talonflame
|-damage|p2b: Talonflame|39\/298
|-enditem|p2b: Talonflame|Life Orb|[from] move: Knock Off|[of] p1b: Scalproie
|
|-weather|SunnyDay|[upkeep]
|-fieldend|move: Trick Room
|turn|6
|
|move|p2b: Talonflame|Roost|p2b: Talonflame
|-heal|p2b: Talonflame|188\/298
|move|p1b: Scalproie|Sucker Punch|p2b: Talonflame
|-fail|p2b: Talonflame
|move|p2a: Infernape|Earthquake|p1b: Scalproie
|-crit|p2b: Talonflame
|-supereffective|p2b: Talonflame
|-damage|p2b: Talonflame|0 fnt
|-supereffective|p1a: Pharamp
|-damage|p1a: Pharamp|2\/384
|-supereffective|p1b: Scalproie
|-damage|p1b: Scalproie|101\/301
|-damage|p2a: Infernape|206\/293|[from] item: Life Orb
|faint|p2b: Talonflame
|move|p1a: Pharamp|Thunderbolt|p2a: Infernape
|-damage|p2a: Infernape|0 fnt
|faint|p2a: Infernape
|
|-weather|none
|c|âCyndaKillSH|XD
|
|switch|p2a: Charizard|Charizard, F|298\/298
|switch|p2b: Typhlosion|Typhlosion, M|298\/298
|turn|7
|
|detailschange|p2a: Charizard|Charizard-Mega-Y, F
|-mega|p2a: Charizard|Charizard|Charizardite Y
|-weather|SunnyDay
|move|p1b: Scalproie|Sucker Punch|p2b: Typhlosion
|-damage|p2b: Typhlosion|99\/298
|move|p2a: Charizard|Heat Wave|p1b: Scalproie
|-resisted|p1a: Pharamp
|-damage|p1a: Pharamp|0 fnt
|-supereffective|p1b: Scalproie
|-damage|p1b: Scalproie|0 fnt
|faint|p1a: Pharamp
|faint|p1b: Scalproie
|move|p2b: Typhlosion|Focus Blast|p1: Pharamp|[notarget]
|-notarget
|
|-weather|SunnyDay|[upkeep]
|
|switch|p1b: Porygon2|Porygon2, shiny|374\/374
|switch|p1a: Nymphali|Sylveon, M, shiny|357\/357
|-boost|p1b: Porygon2|atk|1|[from] ability: Download
|turn|8
|c|âCyndaKillSH|you won
|c|âCyndaKillSH|gg
|c|âCyndaKillSH|(if Focus miss works)
|c|âProtodrake|gg
|c|âProtodrake|but I still can miss
|
|move|p2a: Charizard|Heat Wave|p1b: Porygon2
|-damage|p1a: Nymphali|180\/357
|-status|p1a: Nymphali|brn
|-damage|p1b: Porygon2|215\/374
|move|p2b: Typhlosion|Focus Blast|p1b: Porygon2
|-supereffective|p1b: Porygon2
|-damage|p1b: Porygon2|0 fnt
|faint|p1b: Porygon2
|move|p1a: Nymphali|Hyper Voice|p2a: Charizard
|-resisted|p2a: Charizard
|-damage|p2a: Charizard|200\/298
|-resisted|p2b: Typhlosion
|-damage|p2b: Typhlosion|0 fnt
|faint|p2b: Typhlosion
|
|-weather|SunnyDay|[upkeep]
|-damage|p1a: Nymphali|136\/357 brn|[from] brn
|turn|9
|
|move|p2a: Charizard|Heat Wave|p1a: Nymphali
|-damage|p1a: Nymphali|0 fnt
|faint|p1a: Nymphali
|
|win|Protodrake
|raw|Ladder updating...