|join|CyndaKillSH
|join|Skyrocket Levels
|player|p1|CyndaKillSH|161
|player|p2|Skyrocket Levels|195
|gametype|doubles
|gen|6
|tier|Smogon Doubles
|rated
|clearpoke
|poke|p1|Chandelure, M, shiny
|poke|p1|Sylveon, M, shiny
|poke|p1|Scrafty, M, shiny
|poke|p1|Bisharp, M, shiny
|poke|p1|Ampharos, M, shiny
|poke|p1|Porygon2, shiny
|poke|p2|Togekiss, F
|poke|p2|Charizard, F
|poke|p2|Weavile, F
|poke|p2|Scizor, F
|poke|p2|Landorus-Therian, M
|poke|p2|Rotom-Wash
|rule|Species Clause: Limit one of each PokÃ©mon
|rule|OHKO Clause: OHKO moves are banned
|rule|Moody Clause: Moody is banned
|rule|Evasion Abilities Clause: Evasion abilities are banned
|rule|Evasion Moves Clause: Evasion moves are banned
|rule|Endless Battle Clause: Forcing endless battles is banned
|rule|HP Percentage Mod: HP is shown in percentages
|teampreview
|
|start
|switch|p1a: Baggaid|Scrafty, M, shiny|329\/329
|switch|p1b: Lugulabre|Chandelure, M, shiny|324\/324
|switch|p2a: Togekiss|Togekiss, F|373\/373
|switch|p2b: Weavile|Weavile, F|282\/282
|-ability|p1a: Baggaid|Intimidate|[of] p2a: Togekiss
|-unboost|p2a: Togekiss|atk|1
|-ability|p1a: Baggaid|Intimidate|[of] p2b: Weavile
|-unboost|p2b: Weavile|atk|1
|turn|1
|join|Corvus-kun
|
|move|p2b: Weavile|Fake Out|p1a: Baggaid
|-damage|p1a: Baggaid|302\/329
|cant|p1a: Baggaid|flinch
|move|p2a: Togekiss|Air Slash|p1b: Lugulabre|[miss]
|-miss|p2a: Togekiss|p1b: Lugulabre
|move|p1b: Lugulabre|Trick Room|p1b: Lugulabre
|-fieldstart|move: Trick Room|[of] p1b: Lugulabre
|
|turn|2
|
|move|p1a: Baggaid|Drain Punch|p2b: Weavile
|-crit|p2b: Weavile
|-supereffective|p2b: Weavile
|-enditem|p2b: Weavile|Focus Sash
|-damage|p2b: Weavile|1\/282
|-heal|p1a: Baggaid|329\/329|[from] drain|[of] p2b: Weavile
|-item|p2b: Weavile|Roseli Berry|[from] ability: Pickpocket
|move|p1b: Lugulabre|Heat Wave|p2b: Weavile
|-damage|p2a: Togekiss|268\/373
|-supereffective|p2b: Weavile
|-damage|p2b: Weavile|0 fnt
|faint|p2b: Weavile
|move|p2a: Togekiss|Air Slash|p1a: Baggaid
|-supereffective|p1a: Baggaid
|-damage|p1a: Baggaid|143\/329
|
|
|switch|p2b: Rotom-Wash|Rotom-Wash|304\/304
|turn|3
|
|move|p2a: Togekiss|Protect|p2a: Togekiss
|-singleturn|p2a: Togekiss|Protect
|move|p1a: Baggaid|Knock Off|p2b: Rotom-Wash
|-damage|p2b: Rotom-Wash|186\/304
|-enditem|p2b: Rotom-Wash|Sitrus Berry|[from] move: Knock Off|[of] p1a: Baggaid
|move|p1b: Lugulabre|Energy Ball|p2b: Rotom-Wash
|-supereffective|p2b: Rotom-Wash
|-damage|p2b: Rotom-Wash|0 fnt
|faint|p2b: Rotom-Wash
|
|
|switch|p2b: Charizard|Charizard, F|298\/298
|turn|4
|c|âSkyrocket Levels|uh
|c|âSkyrocket Levels|that and the miss
|c|âSkyrocket Levels|I think I lost interest already
|
|move|p2b: Charizard|Protect|p2b: Charizard
|-singleturn|p2b: Charizard|Protect
|move|p1a: Baggaid|Knock Off|p2b: Charizard
|-activate|p2b: Charizard|Protect
|move|p1b: Lugulabre|Heat Wave|p2b: Charizard
|-miss|p1b: Lugulabre|p2a: Togekiss
|-activate|p2b: Charizard|Protect
|move|p2a: Togekiss|Air Slash|p1a: Baggaid
|-supereffective|p1a: Baggaid
|-damage|p1a: Baggaid|0 fnt
|faint|p1a: Baggaid
|
|
|switch|p1a: Pharamp|Ampharos, M, shiny|384\/384
|turn|5
|
|switch|p2b: Landorus-Therian|Landorus-Therian, M|320\/320
|-ability|p2b: Landorus-Therian|Intimidate|[of] p1a: Pharamp
|-unboost|p1a: Pharamp|atk|1
|-ability|p2b: Landorus-Therian|Intimidate|[of] p1b: Lugulabre
|-unboost|p1b: Lugulabre|atk|1
|detailschange|p1a: Pharamp|Ampharos-Mega, M, shiny
|-mega|p1a: Pharamp|Ampharos|Ampharosite
|-ability|p1a: Pharamp|Mold Breaker
|move|p2a: Togekiss|Protect|p2a: Togekiss
|-singleturn|p2a: Togekiss|Protect
|move|p1a: Pharamp|Thunderbolt|p2a: Togekiss
|-activate|p2a: Togekiss|Protect
|move|p1b: Lugulabre|Shadow Ball|p2b: Landorus-Therian
|-damage|p2b: Landorus-Therian|121\/320
|
|-fieldend|move: Trick Room
|turn|6
|
|switch|p1a: Porygon2|Porygon2, shiny|374\/374
|-boost|p1a: Porygon2|atk|1|[from] ability: Download
|move|p2b: Landorus-Therian|Earthquake|p1b: Lugulabre
|-immune|p2a: Togekiss|[msg]
|-damage|p1a: Porygon2|271\/374
|-supereffective|p1b: Lugulabre
|-enditem|p1b: Lugulabre|Focus Sash
|-damage|p1b: Lugulabre|1\/324
|move|p2a: Togekiss|Air Slash|p1b: Lugulabre
|-damage|p1b: Lugulabre|0 fnt
|faint|p1b: Lugulabre
|
|
|switch|p1b: Scalproie|Bisharp, M, shiny|301\/301
|turn|7
|
|move|p1b: Scalproie|Sucker Punch|p2b: Landorus-Therian
|-damage|p2b: Landorus-Therian|0 fnt
|faint|p2b: Landorus-Therian
|move|p2a: Togekiss|Air Slash|p1a: Porygon2
|-damage|p1a: Porygon2|204\/374
|move|p1a: Porygon2|Trick Room|p1a: Porygon2
|-fieldstart|move: Trick Room|[of] p1a: Porygon2
|
|
|switch|p2b: Scizor|Scizor, F|282\/282
|turn|8
|
|switch|p2a: Charizard|Charizard, F|298\/298
|move|p1a: Porygon2|Recover|p1a: Porygon2
|-heal|p1a: Porygon2|374\/374
|move|p1b: Scalproie|Knock Off|p2b: Scizor
|-damage|p2b: Scizor|92\/282
|-enditem|p2b: Scizor|Choice Band|[from] move: Knock Off|[of] p1b: Scalproie
|move|p2b: Scizor|Superpower|p1b: Scalproie
|-supereffective|p1b: Scalproie
|-enditem|p1b: Scalproie|Focus Sash
|-damage|p1b: Scalproie|1\/301
|-unboost|p2b: Scizor|atk|1
|-unboost|p2b: Scizor|def|1
|
|turn|9
|
|detailschange|p2a: Charizard|Charizard-Mega-Y, F
|-mega|p2a: Charizard|Charizard|Charizardite Y
|-weather|SunnyDay
|move|p2a: Charizard|Protect|p2a: Charizard
|-singleturn|p2a: Charizard|Protect
|move|p1b: Scalproie|Sucker Punch|p2a: Charizard
|-fail|p2a: Charizard
|move|p2b: Scizor|Bullet Punch|p1b: Scalproie
|-resisted|p1b: Scalproie
|-damage|p1b: Scalproie|0 fnt
|faint|p1b: Scalproie
|move|p1a: Porygon2|Ice Beam|p2a: Charizard
|-activate|p2a: Charizard|Protect
|
|-weather|SunnyDay|[upkeep]
|
|switch|p1b: Pharamp|Ampharos-Mega, M, shiny|384\/384
|-ability|p1b: Pharamp|Mold Breaker
|turn|10
|
|switch|p2a: Togekiss|Togekiss, F|268\/373
|move|p1b: Pharamp|Thunderbolt|p2a: Togekiss
|-supereffective|p2a: Togekiss
|-damage|p2a: Togekiss|0 fnt
|faint|p2a: Togekiss
|move|p1a: Porygon2|Psychic|p2b: Scizor
|-resisted|p2b: Scizor
|-damage|p2b: Scizor|40\/282
|move|p2b: Scizor|U-turn|p1a: Porygon2
|-damage|p1a: Porygon2|320\/374
|
|switch|p2b: Charizard|Charizard-Mega-Y, F|298\/298
|
|-weather|SunnyDay|[upkeep]
|
|switch|p2a: Scizor|Scizor, F|40\/282
|turn|11
|
|move|p2b: Charizard|Protect|p2b: Charizard
|-singleturn|p2b: Charizard|Protect
|move|p1b: Pharamp|Thunderbolt|p2a: Scizor
|-damage|p2a: Scizor|0 fnt
|faint|p2a: Scizor
|move|p1a: Porygon2|Recover|p1a: Porygon2
|-heal|p1a: Porygon2|374\/374
|
|-weather|SunnyDay|[upkeep]
|-fieldend|move: Trick Room
|turn|12
|
|move|p2b: Charizard|Heat Wave|p1b: Pharamp
|-damage|p1a: Porygon2|229\/374
|-resisted|p1b: Pharamp
|-damage|p1b: Pharamp|276\/384
|move|p1b: Pharamp|Thunderbolt|p2b: Charizard
|-supereffective|p2b: Charizard
|-damage|p2b: Charizard|0 fnt
|faint|p2b: Charizard
|
|win|CyndaKillSH
|raw|Ladder updating...
|raw|CyndaKillSH's rating: 1503 &rarr; <strong>1522<\/strong><br \/>(+19 for winning)
|raw|Skyrocket Levels's rating: 1482 &rarr; <strong>1463<\/strong><br \/>(-19 for losing)