|join|CyndaKillSH
|join|camelstar
|player|p1|CyndaKillSH|161
|player|p2|camelstar|293
|gametype|doubles
|gen|6
|tier|Smogon Doubles
|rated
|clearpoke
|poke|p1|Chandelure, M, shiny
|poke|p1|Sylveon, M, shiny
|poke|p1|Scrafty, M, shiny
|poke|p1|Bisharp, M, shiny
|poke|p1|Ampharos, M, shiny
|poke|p1|Porygon2, shiny
|poke|p2|Heracross, F
|poke|p2|Krookodile, F
|poke|p2|Liepard, F
|poke|p2|Blastoise, M
|poke|p2|Alakazam, M
|poke|p2|Crobat, M
|rule|Species Clause: Limit one of each PokÃ©mon
|rule|OHKO Clause: OHKO moves are banned
|rule|Moody Clause: Moody is banned
|rule|Evasion Abilities Clause: Evasion abilities are banned
|rule|Evasion Moves Clause: Evasion moves are banned
|rule|Endless Battle Clause: Forcing endless battles is banned
|rule|HP Percentage Mod: HP is shown in percentages
|teampreview
|
|start
|switch|p1a: Baggaid|Scrafty, M, shiny|329\/329
|switch|p1b: Lugulabre|Chandelure, M, shiny|324\/324
|switch|p2a: Alakazam|Alakazam, M|252\/252
|switch|p2b: Crobat|Crobat, M|374\/374
|-ability|p1a: Baggaid|Intimidate|[of] p2a: Alakazam
|-unboost|p2a: Alakazam|atk|1
|-ability|p1a: Baggaid|Intimidate|[of] p2b: Crobat
|-unboost|p2b: Crobat|atk|1
|turn|1
|
|move|p1a: Baggaid|Fake Out|p2b: Crobat
|-damage|p2b: Crobat|329\/374
|move|p2b: Crobat|Taunt|p1b: Lugulabre
|-start|p1b: Lugulabre|move: Taunt
|move|p2a: Alakazam|Dazzling Gleam|p1b: Lugulabre
|-supereffective|p1a: Baggaid
|-enditem|p1a: Baggaid|Roseli Berry|[eat]
|-damage|p1a: Baggaid|185\/329
|-resisted|p1b: Lugulabre
|-damage|p1b: Lugulabre|279\/324
|cant|p1b: Lugulabre|move: Taunt|Trick Room
|
|turn|2
|c|âCyndaKillSH|wtf I cancelled
|
|detailschange|p2a: Alakazam|Alakazam-Mega, M
|-mega|p2a: Alakazam|Alakazam|Alakazite
|-ability|p2a: Alakazam|Intimidate|[from] ability: Trace|[of] p1a: Baggaid
|-ability|p2a: Alakazam|Intimidate|[of] p1a: Baggaid
|-unboost|p1a: Baggaid|atk|1
|-ability|p2a: Alakazam|Intimidate|[of] p1b: Lugulabre
|-unboost|p1b: Lugulabre|atk|1
|move|p2b: Crobat|Air Slash|p1b: Lugulabre
|-damage|p1b: Lugulabre|206\/324
|move|p2a: Alakazam|Dazzling Gleam|p1a: Baggaid
|-supereffective|p1a: Baggaid
|-damage|p1a: Baggaid|0 fnt
|-resisted|p1b: Lugulabre
|-damage|p1b: Lugulabre|150\/324
|faint|p1a: Baggaid
|cant|p1b: Lugulabre|flinch
|
|c|âCyndaKillSH|lol
|
|switch|p1a: Scalproie|Bisharp, M, shiny|301\/301
|turn|3
|
|move|p1a: Scalproie|Sucker Punch|p2a: Alakazam
|-fail|p2a: Alakazam
|move|p2a: Alakazam|Encore|p1a: Scalproie
|-start|p1a: Scalproie|Encore
|move|p2b: Crobat|Super Fang|p1a: Scalproie
|-damage|p1a: Scalproie|151\/301
|move|p1b: Lugulabre|Heat Wave|p2a: Alakazam
|-damage|p2a: Alakazam|102\/252
|-damage|p2b: Crobat|139\/374
|
|-end|p1b: Lugulabre|move: Taunt
|turn|4
|
|move|p1a: Scalproie|Sucker Punch|p2a: Alakazam
|-fail|p2a: Alakazam
|move|p2a: Alakazam|Encore|p1b: Lugulabre
|-start|p1b: Lugulabre|Encore
|move|p2b: Crobat|Taunt|p1b: Lugulabre
|-start|p1b: Lugulabre|move: Taunt
|move|p1b: Lugulabre|Heat Wave|p2b: Crobat
|-damage|p2a: Alakazam|0 fnt
|-damage|p2b: Crobat|0 fnt
|faint|p2a: Alakazam
|faint|p2b: Crobat
|
|
|switch|p2a: Liepard|Liepard, F|270\/270
|switch|p2b: Krookodile|Krookodile, F|332\/332
|turn|5
|
|switch|p1a: Nymphali|Sylveon, M, shiny|357\/357
|move|p2a: Liepard|Fake Out|p1a: Nymphali
|-damage|p1a: Nymphali|324\/357
|move|p2b: Krookodile|Earthquake|p1b: Lugulabre
|-damage|p2a: Liepard|41\/270
|-damage|p1a: Nymphali|174\/357
|-supereffective|p1b: Lugulabre
|-damage|p1b: Lugulabre|0 fnt
|faint|p1b: Lugulabre
|-boost|p2b: Krookodile|atk|1|[from] ability: Moxie
|
|
|switch|p1b: Porygon2|Porygon2, shiny|374\/374
|-boost|p1b: Porygon2|spa|1|[from] ability: Download
|turn|6
|
|move|p2a: Liepard|Thunder Wave|p1b: Porygon2
|-status|p1b: Porygon2|par
|move|p2b: Krookodile|Earthquake|p1b: Porygon2
|-damage|p2a: Liepard|0 fnt
|-damage|p1a: Nymphali|0 fnt
|-damage|p1b: Porygon2|253\/374 par
|faint|p2a: Liepard
|-boost|p2b: Krookodile|atk|1|[from] ability: Moxie
|faint|p1a: Nymphali
|-boost|p2b: Krookodile|atk|1|[from] ability: Moxie
|cant|p1b: Porygon2|par
|
|c|âCyndaKillSH|omg
|c|âcamelstar|gg dude
|
|switch|p2a: Blastoise|Blastoise, M|331\/331
|switch|p1a: Scalproie|Bisharp, M, shiny|151\/301
|turn|7
|c|âCyndaKillSH|so much haxx right there
|
|move|p2a: Blastoise|Fake Out|p1a: Scalproie
|-resisted|p1a: Scalproie
|-damage|p1a: Scalproie|140\/301
|cant|p1a: Scalproie|flinch
|move|p2b: Krookodile|Earthquake|p1b: Porygon2
|-damage|p2a: Blastoise|4\/331
|-supereffective|p1a: Scalproie
|-damage|p1a: Scalproie|0 fnt
|-damage|p1b: Porygon2|31\/374 par
|faint|p1a: Scalproie
|-boost|p2b: Krookodile|atk|1|[from] ability: Moxie
|move|p1b: Porygon2|Trick Room|p1b: Porygon2
|-fieldstart|move: Trick Room|[of] p1b: Porygon2
|
|c|âCyndaKillSH|don't tell gg
|c|âCyndaKillSH|you know you won due to haxx
|c|âcamelstar|lol
|
|switch|p1a: Pharamp|Ampharos, M, shiny|384\/384
|turn|8
|
|switch|p2a: Heracross|Heracross, F|302\/302
|detailschange|p1a: Pharamp|Ampharos-Mega, M, shiny
|-mega|p1a: Pharamp|Ampharos|Ampharosite
|-ability|p1a: Pharamp|Mold Breaker
|move|p2b: Krookodile|Protect|p2b: Krookodile
|-singleturn|p2b: Krookodile|Protect
|cant|p1b: Porygon2|par
|move|p1a: Pharamp|Thunderbolt|p2a: Heracross
|-damage|p2a: Heracross|64\/302
|
|turn|9
|
|move|p2a: Heracross|Feint|p1b: Porygon2
|-damage|p1b: Porygon2|6\/374 par
|move|p1b: Porygon2|Ice Beam|p2b: Krookodile
|-supereffective|p2b: Krookodile
|-enditem|p2b: Krookodile|Focus Sash
|-damage|p2b: Krookodile|1\/332
|move|p1a: Pharamp|Thunderbolt|p2a: Heracross
|-damage|p2a: Heracross|0 fnt
|faint|p2a: Heracross
|move|p2b: Krookodile|Earthquake|p1b: Porygon2
|-supereffective|p1a: Pharamp
|-damage|p1a: Pharamp|0 fnt
|-damage|p1b: Porygon2|0 fnt
|faint|p1a: Pharamp
|-boost|p2b: Krookodile|atk|1|[from] ability: Moxie
|faint|p1b: Porygon2
|-boost|p2b: Krookodile|atk|1|[from] ability: Moxie
|
|win|camelstar
|raw|Ladder updating...
|raw|CyndaKillSH's rating: 1536 &rarr; <strong>1510<\/strong><br \/>(-26 for losing)
|raw|camelstar's rating: 1433 &rarr; <strong>1458<\/strong><br \/>(+25 for winning)
|c|âcamelstar|gg dude
|c|âCyndaKillSH|fuck you
|leave|CyndaKillSH
|player|p1
|c|âcamelstar|lol
|join|CyndaKillSH
|c|âcamelstar|lol
|c|âcamelstar|go away
|c|âCyndaKillSH|XD
|c|âCyndaKillSH|I was coming to troll
|c|âcamelstar|haha
|c|âCyndaKillSH|I realized you were doing so
|c|âcamelstar|dude cmon hax?
|c|âcamelstar|i thought i won pretty good
|c|âcamelstar|lol
|c|âCyndaKillSH|the first para on porygon
|c|âcamelstar|no?
|c|âCyndaKillSH|TR is set when ur Shitodile is 1,5 Atk
|c|âCyndaKillSH|I destroy it with Pory&Amphy
|c|âCyndaKillSH|and all your shitmons are down before TR ends
|c|âcamelstar|dude come on TR doesnt even count as strategy
|c|âCyndaKillSH|rofl
|c|âcamelstar|lol
|c|âcamelstar|you cant win without TR nor can any of the top players lol
|c|âcamelstar|only me
|c|âCyndaKillSH|Para spam doesn't count as strategy
|c|âcamelstar|but either way i guess its all about the win