|join|CyndaKillSH
|join|GentlemananScholar
|player|p1|CyndaKillSH|161
|player|p2|GentlemananScholar|281
|gametype|doubles
|gen|6
|tier|Smogon Doubles
|rated
|clearpoke
|poke|p1|Chandelure, M, shiny
|poke|p1|Sylveon, M, shiny
|poke|p1|Scrafty, M, shiny
|poke|p1|Bisharp, M, shiny
|poke|p1|Ampharos, M, shiny
|poke|p1|Porygon2, shiny
|poke|p2|Kyurem-Black
|poke|p2|Talonflame, F
|poke|p2|Landorus, M
|poke|p2|Metagross
|poke|p2|Abomasnow, F
|poke|p2|Suicune
|rule|Species Clause: Limit one of each PokÃ©mon
|rule|OHKO Clause: OHKO moves are banned
|rule|Moody Clause: Moody is banned
|rule|Evasion Abilities Clause: Evasion abilities are banned
|rule|Evasion Moves Clause: Evasion moves are banned
|rule|Endless Battle Clause: Forcing endless battles is banned
|rule|HP Percentage Mod: HP is shown in percentages
|teampreview
|c|âGentlemananScholar|gl fren
|c|âCyndaKillSH|gl
|c|âGentlemananScholar|did you pick?
|
|start
|switch|p1a: Baggaid|Scrafty, M, shiny|329\/329
|switch|p1b: Lugulabre|Chandelure, M, shiny|324\/324
|switch|p2a: Gentleman|Landorus, M|382\/382
|switch|p2b: Scholar|Suicune|378\/378
|-ability|p2b: Scholar|Pressure
|-ability|p1a: Baggaid|Intimidate|[of] p2a: Gentleman
|-unboost|p2a: Gentleman|atk|1
|-ability|p1a: Baggaid|Intimidate|[of] p2b: Scholar
|-unboost|p2b: Scholar|atk|1
|turn|1
|c|âCyndaKillSH|yes ofc
|c|âGentlemananScholar|ok
|c|âGentlemananScholar|must've been lag
|
|move|p1a: Baggaid|Fake Out|p2a: Gentleman
|-damage|p2a: Gentleman|335\/382
|cant|p2a: Gentleman|flinch
|move|p2b: Scholar|Tailwind|p2b: Scholar
|-sidestart|p2: GentlemananScholar|move: Tailwind
|move|p1b: Lugulabre|Trick Room|p1b: Lugulabre
|-fieldstart|move: Trick Room|[of] p1b: Lugulabre
|
|turn|2
|
|switch|p2b: Scholar|Abomasnow, F|321\/321
|-weather|Hail
|move|p1a: Baggaid|Ice Punch|p2a: Gentleman
|-supereffective|p2a: Gentleman
|-damage|p2a: Gentleman|15\/382
|move|p1b: Lugulabre|Energy Ball|p2b: Scholar
|-resisted|p2b: Scholar
|-damage|p2b: Scholar|247\/321
|move|p2a: Gentleman|Earth Power|p1b: Lugulabre
|-supereffective|p1b: Lugulabre
|-enditem|p1b: Lugulabre|Focus Sash
|-damage|p1b: Lugulabre|1\/324
|
|-weather|Hail|[upkeep]
|-damage|p1a: Baggaid|309\/329|[from] hail
|-damage|p1b: Lugulabre|0 fnt|[from] hail
|-damage|p2a: Gentleman|0 fnt|[from] hail
|faint|p1b: Lugulabre
|faint|p2a: Gentleman
|
|switch|p1b: Scalproie|Bisharp, M, shiny|301\/301
|switch|p2a: Kyurem-Black|Kyurem-Black|437\/437
|-ability|p2a: Kyurem-Black|Teravolt
|turn|3
|
|move|p1a: Baggaid|Fake Out|p2b: Scholar
|-hint|Fake Out only works on your first turn out.
|-fail|p2b: Scholar
|move|p1b: Scalproie|Iron Head|p2a: Kyurem-Black
|-supereffective|p2a: Kyurem-Black
|-damage|p2a: Kyurem-Black|131\/437
|move|p2b: Scholar|Blizzard|p1b: Scalproie
|-damage|p1a: Baggaid|197\/329
|-resisted|p1b: Scalproie
|-damage|p1b: Scalproie|226\/301
|cant|p2a: Kyurem-Black|flinch
|
|-weather|Hail|[upkeep]
|-damage|p1a: Baggaid|177\/329|[from] hail
|-damage|p1b: Scalproie|208\/301|[from] hail
|turn|4
|c|âCyndaKillSH|wait what ?
|c|âCyndaKillSH|I had picked Drain Punch lol
|c|âCyndaKillSH|Anyway
|
|switch|p2a: Scholar|Suicune|378\/378
|-ability|p2a: Scholar|Pressure
|move|p1a: Baggaid|Drain Punch|p2a: Scholar
|-damage|p2a: Scholar|278\/378
|-heal|p1a: Baggaid|227\/329|[from] drain|[of] p2a: Scholar
|move|p1b: Scalproie|Iron Head|p2b: Scholar
|-supereffective|p2b: Scholar
|-damage|p2b: Scholar|0 fnt
|faint|p2b: Scholar
|
|-weather|Hail|[upkeep]
|-damage|p1a: Baggaid|207\/329|[from] hail
|-damage|p1b: Scalproie|190\/301|[from] hail
|-damage|p2a: Scholar|255\/378|[from] hail
|-sideend|p2: GentlemananScholar|move: Tailwind
|
|switch|p2b: Scholar|Talonflame, F|297\/297
|turn|5
|
|switch|p1a: Pharamp|Ampharos, M, shiny|384\/384
|move|p1b: Scalproie|Sucker Punch|p2b: Scholar
|-damage|p2b: Scholar|86\/297
|move|p2b: Scholar|Brave Bird|p1b: Scalproie
|-crit|p1b: Scalproie
|-resisted|p1b: Scalproie
|-damage|p1b: Scalproie|51\/301
|-damage|p2b: Scholar|40\/297|[from] recoil|[of] p1b: Scalproie
|-damage|p2b: Scholar|11\/297|[from] item: Life Orb
|move|p2a: Scholar|Scald|p1a: Pharamp
|-damage|p1a: Pharamp|261\/384
|
|-weather|Hail|[upkeep]
|-damage|p1a: Pharamp|237\/384|[from] hail
|-damage|p1b: Scalproie|33\/301|[from] hail
|-damage|p2a: Scholar|232\/378|[from] hail
|-damage|p2b: Scholar|0 fnt|[from] hail
|-fieldend|move: Trick Room
|faint|p2b: Scholar
|
|switch|p2b: Gentleman|Metagross|301\/301
|turn|6
|
|detailschange|p2b: Gentleman|Metagross-Mega
|-mega|p2b: Gentleman|Metagross|Metagrossite
|detailschange|p1a: Pharamp|Ampharos-Mega, M, shiny
|-mega|p1a: Pharamp|Ampharos|Ampharosite
|-ability|p1a: Pharamp|Mold Breaker
|move|p1b: Scalproie|Sucker Punch|p2b: Gentleman
|-supereffective|p2b: Gentleman
|-damage|p2b: Gentleman|67\/301
|move|p2b: Gentleman|Earthquake|p1b: Scalproie
|-damage|p2a: Scholar|143\/378
|-supereffective|p1a: Pharamp
|-damage|p1a: Pharamp|45\/384
|-supereffective|p1b: Scalproie
|-damage|p1b: Scalproie|0 fnt
|faint|p1b: Scalproie
|move|p2a: Scholar|Tailwind|p2a: Scholar
|-sidestart|p2: GentlemananScholar|move: Tailwind
|move|p1a: Pharamp|Thunderbolt|p2a: Scholar
|-supereffective|p2a: Scholar
|-damage|p2a: Scholar|0 fnt
|faint|p2a: Scholar
|
|-weather|Hail|[upkeep]
|-damage|p2b: Gentleman|49\/301|[from] hail
|-damage|p1a: Pharamp|21\/384|[from] hail
|c|âGentlemananScholar|wow
|
|switch|p1b: Baggaid|Scrafty, M, shiny|207\/329
|switch|p2a: Kyurem-Black|Kyurem-Black|131\/437
|-ability|p2a: Kyurem-Black|Teravolt
|-ability|p1b: Baggaid|Intimidate|[of] p2a: Kyurem-Black
|-unboost|p2a: Kyurem-Black|atk|1
|-ability|p1b: Baggaid|Intimidate|[of] p2b: Gentleman
|-unboost|p2b: Gentleman|atk|1
|turn|7
|
|move|p1b: Baggaid|Fake Out|p2b: Gentleman
|-resisted|p2b: Gentleman
|-damage|p2b: Gentleman|35\/301
|cant|p2b: Gentleman|flinch
|move|p2a: Kyurem-Black|Blizzard|p1a: Pharamp
|-supereffective|p1a: Pharamp
|-damage|p1a: Pharamp|0 fnt
|-damage|p1b: Baggaid|24\/329
|-status|p1b: Baggaid|frz
|faint|p1a: Pharamp
|
|-weather|Hail|[upkeep]
|-damage|p2b: Gentleman|17\/301|[from] hail
|-damage|p1b: Baggaid|4\/329 frz|[from] hail
|
|switch|p1a: Porygon2|Porygon2, shiny|374\/374
|-boost|p1a: Porygon2|spa|1|[from] ability: Download
|turn|8
|
|move|p2b: Gentleman|Brick Break|p1a: Porygon2
|-supereffective|p1a: Porygon2
|-damage|p1a: Porygon2|260\/374
|move|p2a: Kyurem-Black|Blizzard|p1a: Porygon2
|-damage|p1a: Porygon2|103\/374
|-damage|p1b: Baggaid|0 fnt
|faint|p1b: Baggaid
|move|p1a: Porygon2|Trick Room|p1a: Porygon2
|-fieldstart|move: Trick Room|[of] p1a: Porygon2
|
|-weather|Hail|[upkeep]
|-damage|p1a: Porygon2|80\/374|[from] hail
|-damage|p2b: Gentleman|0 fnt|[from] hail
|faint|p2b: Gentleman
|c|âCyndaKillSH|gg
|c|âGentlemananScholar|gg
|
|switch|p1b: Nymphali|Sylveon, M, shiny|357\/357
|turn|9
|
|move|p1a: Porygon2|Psychic|p2a: Kyurem-Black
|-damage|p2a: Kyurem-Black|0 fnt
|faint|p2a: Kyurem-Black
|
|win|CyndaKillSH
|raw|Ladder updating...
|c|âGentlemananScholar|:]
|raw|CyndaKillSH's rating: 1546 &rarr; <strong>1567<\/strong><br \/>(+21 for winning)
|raw|GentlemananScholar's rating: 1566 &rarr; <strong>1545<\/strong><br \/>(-21 for losing)
|leave|GentlemananScholar
|player|p2