|join|CyndaKillSH
|join|PurpleDarkrai
|player|p1|CyndaKillSH|161
|player|p2|PurpleDarkrai|153
|gametype|doubles
|gen|6
|tier|Smogon Doubles
|rated
|clearpoke
|poke|p1|Chandelure, M, shiny
|poke|p1|Sylveon, M, shiny
|poke|p1|Scrafty, M, shiny
|poke|p1|Bisharp, M, shiny
|poke|p1|Ampharos, M, shiny
|poke|p1|Porygon2, shiny
|poke|p2|Amoonguss, F, shiny
|poke|p2|Terrakion, shiny
|poke|p2|Sylveon, M, shiny
|poke|p2|Slowbro, M, shiny
|poke|p2|Darkrai, shiny
|poke|p2|Vivillon, F
|rule|Species Clause: Limit one of each PokÃ©mon
|rule|OHKO Clause: OHKO moves are banned
|rule|Moody Clause: Moody is banned
|rule|Evasion Abilities Clause: Evasion abilities are banned
|rule|Evasion Moves Clause: Evasion moves are banned
|rule|Endless Battle Clause: Forcing endless battles is banned
|rule|HP Percentage Mod: HP is shown in percentages
|teampreview
|
|start
|switch|p1a: Baggaid|Scrafty, M, shiny|329\/329
|switch|p1b: Pharamp|Ampharos, M, shiny|384\/384
|switch|p2a: Strength|Terrakion, shiny|323\/323
|switch|p2b: Pixie|Sylveon, M, shiny|376\/376
|-ability|p1a: Baggaid|Intimidate|[of] p2a: Strength
|-unboost|p2a: Strength|atk|1
|-ability|p1a: Baggaid|Intimidate|[of] p2b: Pixie
|-unboost|p2b: Pixie|atk|1
|turn|1
|
|detailschange|p1b: Pharamp|Ampharos-Mega, M, shiny
|-mega|p1b: Pharamp|Ampharos|Ampharosite
|-ability|p1b: Pharamp|Mold Breaker
|move|p2a: Strength|Quick Guard|p2a: Strength
|-singleturn|p2a: Strength|Quick Guard
|move|p1a: Baggaid|Fake Out|p2b: Pixie
|-activate|p2b: Pixie|Quick Guard
|move|p2b: Pixie|Hyper Voice|p1b: Pharamp
|-supereffective|p1a: Baggaid
|-enditem|p1a: Baggaid|Roseli Berry|[eat]
|-damage|p1a: Baggaid|0 fnt
|-supereffective|p1b: Pharamp
|-damage|p1b: Pharamp|0 fnt
|faint|p1a: Baggaid
|faint|p1b: Pharamp
|
|
|switch|p1a: Lugulabre|Chandelure, M, shiny|324\/324
|switch|p1b: Scalproie|Bisharp, M, shiny|301\/301
|turn|2
|
|move|p2a: Strength|Rock Slide|p1b: Scalproie
|-crit|p1a: Lugulabre
|-supereffective|p1a: Lugulabre
|-enditem|p1a: Lugulabre|Focus Sash
|-damage|p1a: Lugulabre|1\/324
|-resisted|p1b: Scalproie
|-damage|p1b: Scalproie|268\/301
|move|p2b: Pixie|Hyper Voice|p1a: Lugulabre
|-resisted|p1a: Lugulabre
|-damage|p1a: Lugulabre|0 fnt
|-damage|p1b: Scalproie|12\/301
|faint|p1a: Lugulabre
|move|p1b: Scalproie|Iron Head|p2b: Pixie
|-supereffective|p2b: Pixie
|-damage|p2b: Pixie|10\/376
|
|
|switch|p1a: Porygon2|Porygon2, shiny|374\/374
|-boost|p1a: Porygon2|atk|1|[from] ability: Download
|turn|3
|
|move|p2a: Strength|Quick Guard|p2a: Strength
|-singleturn|p2a: Strength|Quick Guard
|move|p1b: Scalproie|Sucker Punch|p2b: Pixie
|-activate|p2b: Pixie|Quick Guard
|move|p2b: Pixie|Hyper Voice|p1a: Porygon2
|-damage|p1a: Porygon2|212\/374
|-damage|p1b: Scalproie|0 fnt
|faint|p1b: Scalproie
|move|p1a: Porygon2|Trick Room|p1a: Porygon2
|-fieldstart|move: Trick Room|[of] p1a: Porygon2
|
|
|switch|p1b: Nymphali|Sylveon, M, shiny|357\/357
|turn|4
|
|switch|p2a: Masterball|Amoonguss, F, shiny|432\/432
|move|p1a: Porygon2|Recover|p1a: Porygon2
|-heal|p1a: Porygon2|374\/374
|move|p1b: Nymphali|Hyper Voice|p2b: Pixie
|-resisted|p2a: Masterball
|-damage|p2a: Masterball|319\/432
|-crit|p2b: Pixie
|-damage|p2b: Pixie|0 fnt
|faint|p2b: Pixie
|
|
|switch|p2b: Dream|Vivillon, F|363\/363
|turn|5
|
|move|p2a: Masterball|Spore|p1b: Nymphali
|-status|p1b: Nymphali|slp
|move|p1a: Porygon2|Psychic|p2a: Masterball
|-supereffective|p2a: Masterball
|-damage|p2a: Masterball|125\/432
|-unboost|p2a: Masterball|spd|1
|-enditem|p2a: Masterball|Sitrus Berry|[eat]
|-heal|p2a: Masterball|233\/432|[from] item: Sitrus Berry
|cant|p1b: Nymphali|slp
|move|p2b: Dream|Sleep Powder|p1a: Porygon2
|-status|p1a: Porygon2|slp
|
|turn|6
|
|switch|p2b: Amethyst|Darkrai, shiny|281\/281
|move|p2a: Masterball|Giga Drain|p1b: Nymphali
|-damage|p1b: Nymphali|296\/357 slp
|-heal|p2a: Masterball|264\/432|[from] drain|[of] p1b: Nymphali
|cant|p1a: Porygon2|slp
|cant|p1b: Nymphali|slp
|
|-damage|p1a: Porygon2|328\/374 slp|[from] ability: Bad Dreams
|-damage|p1b: Nymphali|252\/357 slp|[from] ability: Bad Dreams
|turn|7
|
|move|p2a: Masterball|Giga Drain|p1b: Nymphali
|-damage|p1b: Nymphali|191\/357 slp
|-heal|p2a: Masterball|295\/432|[from] drain|[of] p1b: Nymphali
|-curestatus|p1a: Porygon2|slp
|move|p1a: Porygon2|Psychic|p2a: Masterball
|-supereffective|p2a: Masterball
|-damage|p2a: Masterball|0 fnt
|faint|p2a: Masterball
|-curestatus|p1b: Nymphali|slp
|move|p1b: Nymphali|Hyper Voice|p2b: Amethyst
|-supereffective|p2b: Amethyst
|-enditem|p2b: Amethyst|Focus Sash
|-damage|p2b: Amethyst|1\/281
|move|p2b: Amethyst|Nasty Plot|p2b: Amethyst
|-boost|p2b: Amethyst|spa|2
|
|-fieldend|move: Trick Room
|
|switch|p2a: Strength|Terrakion, shiny|323\/323
|turn|8
|
|move|p2b: Amethyst|Sludge Bomb|p1b: Nymphali
|-supereffective|p1b: Nymphali
|-damage|p1b: Nymphali|0 fnt
|faint|p1b: Nymphali
|move|p2a: Strength|Close Combat|p1a: Porygon2
|-supereffective|p1a: Porygon2
|-damage|p1a: Porygon2|56\/374
|-unboost|p2a: Strength|def|1
|-unboost|p2a: Strength|spd|1
|move|p1a: Porygon2|Trick Room|p1a: Porygon2
|-fieldstart|move: Trick Room|[of] p1a: Porygon2
|
|turn|9
|-message|PurpleDarkrai lost due to inactivity.
|
|move|p1a: Porygon2|Psychic|p2a: Strength
|-supereffective|p2a: Strength
|-damage|p2a: Strength|33\/323
|move|p2a: Strength|Close Combat|p1a: Porygon2
|-supereffective|p1a: Porygon2
|-damage|p1a: Porygon2|0 fnt
|-unboost|p2a: Strength|def|1
|-unboost|p2a: Strength|spd|1
|faint|p1a: Porygon2
|
|win|PurpleDarkrai
|raw|Ladder updating...
|raw|CyndaKillSH's rating: 1546 &rarr; <strong>1512<\/strong><br \/>(-34 for losing)
|raw|PurpleDarkrai's rating: 1261 &rarr; <strong>1303<\/strong><br \/>(+42 for winning)
|leave|CyndaKillSH
|player|p1