|join|CyndaKillSH
|join|Pipa
|player|p1|CyndaKillSH|161
|player|p2|Pipa|153
|gametype|doubles
|gen|6
|tier|Smogon Doubles
|rated
|clearpoke
|poke|p1|Chandelure, M, shiny
|poke|p1|Sylveon, M, shiny
|poke|p1|Scrafty, M, shiny
|poke|p1|Bisharp, M, shiny
|poke|p1|Ampharos, M, shiny
|poke|p1|Porygon2, shiny
|poke|p2|Amoonguss, M, shiny
|poke|p2|Terrakion, shiny
|poke|p2|Sylveon, M, shiny
|poke|p2|Slowbro, M, shiny
|poke|p2|Talonflame, M, shiny
|poke|p2|Darkrai, shiny
|rule|Species Clause: Limit one of each PokÃ©mon
|rule|OHKO Clause: OHKO moves are banned
|rule|Moody Clause: Moody is banned
|rule|Evasion Abilities Clause: Evasion abilities are banned
|rule|Evasion Moves Clause: Evasion moves are banned
|rule|Endless Battle Clause: Forcing endless battles is banned
|rule|HP Percentage Mod: HP is shown in percentages
|teampreview
|
|start
|switch|p1a: Baggaid|Scrafty, M, shiny|329\/329
|switch|p1b: Lugulabre|Chandelure, M, shiny|324\/324
|switch|p2a: Strength|Terrakion, shiny|323\/323
|switch|p2b: Pixie|Sylveon, M, shiny|376\/376
|-ability|p1a: Baggaid|Intimidate|[of] p2a: Strength
|-unboost|p2a: Strength|atk|1
|-ability|p1a: Baggaid|Intimidate|[of] p2b: Pixie
|-unboost|p2b: Pixie|atk|1
|turn|1
|
|move|p2a: Strength|Quick Guard|p2a: Strength
|-singleturn|p2a: Strength|Quick Guard
|move|p1a: Baggaid|Fake Out|p2a: Strength
|-activate|p2a: Strength|Quick Guard
|move|p2b: Pixie|Hyper Voice|p1a: Baggaid
|-supereffective|p1a: Baggaid
|-enditem|p1a: Baggaid|Roseli Berry|[eat]
|-damage|p1a: Baggaid|0 fnt
|-resisted|p1b: Lugulabre
|-damage|p1b: Lugulabre|202\/324
|faint|p1a: Baggaid
|move|p1b: Lugulabre|Trick Room|p1b: Lugulabre
|-fieldstart|move: Trick Room|[of] p1b: Lugulabre
|
|
|switch|p1a: Nymphali|Sylveon, M, shiny|357\/357
|turn|2
|
|switch|p2a: Masterball|Amoonguss, M, shiny|432\/432
|move|p1a: Nymphali|Hyper Voice|p2a: Masterball
|-resisted|p2a: Masterball
|-damage|p2a: Masterball|315\/432
|-damage|p2b: Pixie|183\/376
|move|p1b: Lugulabre|Shadow Ball|p2b: Pixie
|-damage|p2b: Pixie|50\/376
|-unboost|p2b: Pixie|spd|1
|move|p2b: Pixie|Hyper Voice|p1b: Lugulabre
|-damage|p1a: Nymphali|183\/357
|-resisted|p1b: Lugulabre
|-damage|p1b: Lugulabre|80\/324
|
|turn|3
|c|âCyndaKillSH|wtf I chose Heat Wave x_x
|
|move|p2a: Masterball|Protect|p2a: Masterball
|-singleturn|p2a: Masterball|Protect
|move|p1a: Nymphali|Hyper Voice|p2b: Pixie
|-activate|p2a: Masterball|Protect
|-damage|p2b: Pixie|0 fnt
|faint|p2b: Pixie
|move|p1b: Lugulabre|Heat Wave|p2a: Masterball
|-activate|p2a: Masterball|Protect
|
|
|switch|p2b: Broski|Slowbro, M, shiny|393\/393
|turn|4
|
|detailschange|p2b: Broski|Slowbro-Mega, M, shiny
|-mega|p2b: Broski|Slowbro|Slowbronite
|move|p2b: Broski|Scald|p1b: Lugulabre
|-supereffective|p1b: Lugulabre
|-damage|p1b: Lugulabre|0 fnt
|faint|p1b: Lugulabre
|move|p2a: Masterball|Spore|p1a: Nymphali
|-status|p1a: Nymphali|slp
|cant|p1a: Nymphali|slp
|
|
|switch|p1b: Pharamp|Ampharos, M, shiny|384\/384
|turn|5
|
|detailschange|p1b: Pharamp|Ampharos-Mega, M, shiny
|-mega|p1b: Pharamp|Ampharos|Ampharosite
|-ability|p1b: Pharamp|Mold Breaker
|move|p2a: Masterball|Rage Powder|p2a: Masterball
|-start|p2a: Masterball|move: Rage Powder
|move|p2b: Broski|Calm Mind|p2b: Broski
|-boost|p2b: Broski|spa|1
|-boost|p2b: Broski|spd|1
|move|p1b: Pharamp|Electric Terrain|p1b: Pharamp
|-fieldstart|move: Electric Terrain
|cant|p1a: Nymphali|slp
|
|-fieldend|move: Trick Room
|turn|6
|
|cant|p1a: Nymphali|slp
|move|p1b: Pharamp|Thunderbolt|p2b: Broski
|-supereffective|p2b: Broski
|-damage|p2b: Broski|0 fnt
|faint|p2b: Broski
|move|p2a: Masterball|Spore|p1b: Pharamp
|-fail|p1b: Pharamp
|
|c|âCyndaKillSH|!data electric terrain
|c|~|\/data-move Electric Terrain

|
|switch|p2b: Amethyst|Darkrai, shiny|281\/281
|turn|7
|
|switch|p2a: Strength|Terrakion, shiny|323\/323
|move|p2b: Amethyst|Sludge Bomb|p1a: Nymphali
|-supereffective|p1a: Nymphali
|-damage|p1a: Nymphali|0 fnt
|faint|p1a: Nymphali
|move|p1b: Pharamp|Dragon Pulse|p2a: Strength
|-damage|p2a: Strength|113\/323
|
|
|switch|p1a: Scalproie|Bisharp, M, shiny|301\/301
|turn|8
|
|move|p2a: Strength|Protect|p2a: Strength
|-singleturn|p2a: Strength|Protect
|move|p2b: Amethyst|Nasty Plot|p2b: Amethyst
|-boost|p2b: Amethyst|spa|2
|move|p1a: Scalproie|Iron Head|p2a: Strength
|-activate|p2a: Strength|Protect
|move|p1b: Pharamp|Thunderbolt|p2b: Amethyst
|-enditem|p2b: Amethyst|Focus Sash
|-damage|p2b: Amethyst|1\/281
|
|turn|9
|
|move|p2b: Amethyst|Protect|p2b: Amethyst
|-singleturn|p2b: Amethyst|Protect
|move|p1a: Scalproie|Sucker Punch|p2b: Amethyst
|-fail|p2b: Amethyst
|move|p2a: Strength|Close Combat|p1a: Scalproie
|-supereffective|p1a: Scalproie
|-enditem|p1a: Scalproie|Focus Sash
|-damage|p1a: Scalproie|1\/301
|-unboost|p2a: Strength|def|1
|-unboost|p2a: Strength|spd|1
|move|p1b: Pharamp|Thunderbolt|p2a: Strength
|-damage|p2a: Strength|0 fnt
|faint|p2a: Strength
|
|-fieldend|move: Electric Terrain
|
|switch|p2a: Masterball|Amoonguss, M, shiny|432\/432
|turn|10
|
|move|p2a: Masterball|Rage Powder|p2a: Masterball
|-start|p2a: Masterball|move: Rage Powder
|move|p1a: Scalproie|Sucker Punch|p2b: Amethyst
|-fail|p2a: Masterball
|move|p2b: Amethyst|Dark Pulse|p1b: Pharamp
|-damage|p1b: Pharamp|104\/384
|cant|p1b: Pharamp|flinch
|
|turn|11
|c|âCyndaKillSH|ok
|
|switch|p1b: Porygon2|Porygon2, shiny|374\/374
|-boost|p1b: Porygon2|atk|1|[from] ability: Download
|move|p2b: Amethyst|Protect|p2b: Amethyst
|-singleturn|p2b: Amethyst|Protect
|move|p1a: Scalproie|Knock Off|p2a: Masterball
|-damage|p2a: Masterball|246\/432
|-enditem|p2a: Masterball|Sitrus Berry|[from] move: Knock Off|[of] p1a: Scalproie
|move|p2a: Masterball|Giga Drain|p1a: Scalproie
|-resisted|p1a: Scalproie
|-damage|p1a: Scalproie|0 fnt
|-heal|p2a: Masterball|247\/432|[from] drain|[of] p1a: Scalproie
|faint|p1a: Scalproie
|
|
|switch|p1a: Pharamp|Ampharos-Mega, M, shiny|104\/384
|-ability|p1a: Pharamp|Mold Breaker
|turn|12
|
|move|p2a: Masterball|Rage Powder|p2a: Masterball
|-start|p2a: Masterball|move: Rage Powder
|move|p2b: Amethyst|Dark Pulse|p1b: Porygon2
|-damage|p1b: Porygon2|187\/374
|move|p1a: Pharamp|Electric Terrain|p1a: Pharamp
|-fieldstart|move: Electric Terrain
|move|p1b: Porygon2|Trick Room|p1b: Porygon2
|-fieldstart|move: Trick Room|[of] p1b: Porygon2
|
|turn|13
|
|move|p2a: Masterball|Giga Drain|p1b: Porygon2
|-damage|p1b: Porygon2|136\/374
|-heal|p2a: Masterball|273\/432|[from] drain|[of] p1b: Porygon2
|move|p1a: Pharamp|Thunderbolt|p2b: Amethyst
|-damage|p2b: Amethyst|0 fnt
|faint|p2b: Amethyst
|move|p1b: Porygon2|Ice Beam|p2a: Masterball
|-supereffective|p2a: Masterball
|-damage|p2a: Masterball|73\/432
|
|
|switch|p2b: Fawkes|Talonflame, M, shiny|360\/360
|turn|14
|
|move|p2b: Fawkes|Brave Bird|p1b: Porygon2
|-damage|p1b: Porygon2|28\/374
|-damage|p2b: Fawkes|324\/360|[from] recoil|[of] p1b: Porygon2
|move|p2a: Masterball|Giga Drain|p1a: Pharamp
|-resisted|p1a: Pharamp
|-damage|p1a: Pharamp|69\/384
|-heal|p2a: Masterball|91\/432|[from] drain|[of] p1a: Pharamp
|move|p1a: Pharamp|Thunderbolt|p2b: Fawkes
|-crit|p2b: Fawkes
|-supereffective|p2b: Fawkes
|-damage|p2b: Fawkes|0 fnt
|faint|p2b: Fawkes
|move|p1b: Porygon2|Recover|p1b: Porygon2
|-heal|p1b: Porygon2|215\/374
|
|turn|15
|c|âCyndaKillSH|phew
|c|âCyndaKillSH|gg
|c|âCyndaKillSH|really close
|-message|Pipa forfeited.
|leave|Pipa
|
|move|p2a: Masterball|Giga Drain|p1a: Pharamp
|-resisted|p1a: Pharamp
|-damage|p1a: Pharamp|36\/384
|-heal|p2a: Masterball|108\/432|[from] drain|[of] p1a: Pharamp
|move|p1a: Pharamp|Dragon Pulse|p2a: Masterball
|-damage|p2a: Masterball|0 fnt
|faint|p2a: Masterball
|
|win|CyndaKillSH
|raw|Ladder updating...
|player|p2
|raw|CyndaKillSH's rating: 1535 &rarr; <strong>1553<\/strong><br \/>(+18 for winning)
|raw|Pipa's rating: 1494 &rarr; <strong>1476<\/strong><br \/>(-18 for losing)