|join|camelstar
|join|CyndaKillSH
|player|p1|camelstar|170
|player|p2|CyndaKillSH|161
|gametype|doubles
|gen|6
|tier|Smogon Doubles
|rated
|clearpoke
|poke|p1|Ursaring, M
|poke|p1|Krookodile, M
|poke|p1|Alakazam, M
|poke|p1|Liepard, M
|poke|p1|Blastoise, M
|poke|p1|Crobat, M
|poke|p2|Chandelure, M, shiny
|poke|p2|Sylveon, M, shiny
|poke|p2|Scrafty, M, shiny
|poke|p2|Bisharp, M, shiny
|poke|p2|Ampharos, M, shiny
|poke|p2|Porygon2, shiny
|rule|Species Clause: Limit one of each PokÃ©mon
|rule|OHKO Clause: OHKO moves are banned
|rule|Moody Clause: Moody is banned
|rule|Evasion Abilities Clause: Evasion abilities are banned
|rule|Evasion Moves Clause: Evasion moves are banned
|rule|Endless Battle Clause: Forcing endless battles is banned
|rule|HP Percentage Mod: HP is shown in percentages
|teampreview
|
|start
|switch|p1a: Alakazam|Alakazam, M|252\/252
|switch|p1b: Crobat|Crobat, M|374\/374
|switch|p2a: Baggaid|Scrafty, M, shiny|329\/329
|switch|p2b: Lugulabre|Chandelure, M, shiny|324\/324
|-ability|p2a: Baggaid|Intimidate|[of] p1a: Alakazam
|-unboost|p1a: Alakazam|atk|1
|-ability|p2a: Baggaid|Intimidate|[of] p1b: Crobat
|-unboost|p1b: Crobat|atk|1
|turn|1
|
|move|p1b: Crobat|Taunt|p2b: Lugulabre
|-start|p2b: Lugulabre|move: Taunt
|move|p1a: Alakazam|Dazzling Gleam|p2b: Lugulabre
|-supereffective|p2a: Baggaid
|-enditem|p2a: Baggaid|Roseli Berry|[eat]
|-damage|p2a: Baggaid|207\/329
|-crit|p2b: Lugulabre
|-resisted|p2b: Lugulabre
|-damage|p2b: Lugulabre|261\/324
|move|p2b: Lugulabre|Heat Wave|p1b: Crobat
|-miss|p2b: Lugulabre|p1a: Alakazam
|-damage|p1b: Crobat|200\/374
|move|p2a: Baggaid|Knock Off|p1a: Alakazam
|-supereffective|p1a: Alakazam
|-damage|p1a: Alakazam|0 fnt
|faint|p1a: Alakazam
|
|
|switch|p1a: Blastoise|Blastoise, M|331\/331
|turn|2
|
|move|p1a: Blastoise|Fake Out|p2a: Baggaid
|-damage|p2a: Baggaid|185\/329
|move|p1b: Crobat|Air Slash|p2a: Baggaid
|-crit|p2a: Baggaid
|-supereffective|p2a: Baggaid
|-damage|p2a: Baggaid|9\/329
|move|p2b: Lugulabre|Energy Ball|p1a: Blastoise
|-crit|p1a: Blastoise
|-supereffective|p1a: Blastoise
|-damage|p1a: Blastoise|0 fnt
|faint|p1a: Blastoise
|cant|p2a: Baggaid|flinch
|
|
|switch|p1a: Krookodile|Krookodile, M|332\/332
|turn|3
|
|switch|p2b: Porygon2|Porygon2, shiny|374\/374
|-boost|p2b: Porygon2|spa|1|[from] ability: Download
|switch|p2a: Nymphali|Sylveon, M, shiny|357\/357
|move|p1b: Crobat|Air Slash|p2b: Porygon2
|-damage|p2b: Porygon2|329\/374
|move|p1a: Krookodile|Earthquake|p2a: Nymphali
|-immune|p1b: Crobat|[msg]
|-damage|p2a: Nymphali|225\/357
|-damage|p2b: Porygon2|251\/374
|
|turn|4
|
|move|p1b: Crobat|Super Fang|p2b: Porygon2
|-damage|p2b: Porygon2|126\/374
|move|p1a: Krookodile|Earthquake|p2a: Nymphali
|-immune|p1b: Crobat|[msg]
|-damage|p2a: Nymphali|92\/357
|-damage|p2b: Porygon2|44\/374
|move|p2a: Nymphali|Hyper Voice|p1b: Crobat
|-supereffective|p1a: Krookodile
|-enditem|p1a: Krookodile|Focus Sash
|-damage|p1a: Krookodile|1\/332
|-resisted|p1b: Crobat
|-damage|p1b: Crobat|68\/374
|move|p2b: Porygon2|Ice Beam|p1b: Crobat
|-supereffective|p1b: Crobat
|-damage|p1b: Crobat|0 fnt
|faint|p1b: Crobat
|
|
|switch|p1b: Ursaring|Ursaring, M|322\/322
|turn|5
|c|âcamelstar|GO GO GO
|-message|CyndaKillSH lost due to inactivity.
|c|âcamelstar|NOOOOOO :(
|
|win|camelstar
|raw|Ladder updating...
|c|âcamelstar|i wanted to see what would happen
|raw|camelstar's rating: 1315 &rarr; <strong>1346<\/strong><br \/>(+31 for winning)
|raw|CyndaKillSH's rating: 1521 &rarr; <strong>1490<\/strong><br \/>(-31 for losing)
|leave|CyndaKillSH
|player|p2