|join|Holiano
|join|CyndaKillSH
|player|p1|Holiano|115
|player|p2|CyndaKillSH|161
|gametype|doubles
|gen|6
|tier|Smogon Doubles
|clearpoke
|poke|p1|Kangaskhan, F
|poke|p1|Aegislash, F
|poke|p1|Landorus-Therian, M
|poke|p1|Hitmontop, M
|poke|p1|Sylveon, F
|poke|p1|Rotom-Wash
|poke|p2|Chandelure, M, shiny
|poke|p2|Sylveon, M, shiny
|poke|p2|Scrafty, M, shiny
|poke|p2|Bisharp, M, shiny
|poke|p2|Ampharos, M, shiny
|poke|p2|Porygon2, shiny
|rule|Species Clause: Limit one of each PokÃ©mon
|rule|OHKO Clause: OHKO moves are banned
|rule|Moody Clause: Moody is banned
|rule|Evasion Abilities Clause: Evasion abilities are banned
|rule|Evasion Moves Clause: Evasion moves are banned
|rule|Endless Battle Clause: Forcing endless battles is banned
|rule|HP Percentage Mod: HP is shown in percentages
|teampreview
|c|âHoliano|yoooow
|c|âHoliano|gl_hf
|c|âCyndaKillSH|gl_hf
|
|start
|switch|p1a: Kangaskhan|Kangaskhan, F|352\/352
|switch|p1b: Aegislash|Aegislash, F|324\/324
|switch|p2a: Baggaid|Scrafty, M, shiny|329\/329
|switch|p2b: Lugulabre|Chandelure, M, shiny|324\/324
|-ability|p2a: Baggaid|Intimidate|[of] p1a: Kangaskhan
|-unboost|p1a: Kangaskhan|atk|1
|-ability|p2a: Baggaid|Intimidate|[of] p1b: Aegislash
|-unboost|p1b: Aegislash|atk|1
|turn|1
|c|âCyndaKillSH|Cette team fait grave peur n'empÃªche
|
|move|p1a: Kangaskhan|Fake Out|p2b: Lugulabre
|-damage|p2b: Lugulabre|285\/324
|-formechange|p1b: Aegislash|Aegislash-Blade
|move|p1b: Aegislash|Shadow Ball|p2b: Lugulabre
|-supereffective|p2b: Lugulabre
|-damage|p2b: Lugulabre|0 fnt
|faint|p2b: Lugulabre
|move|p2a: Baggaid|Drain Punch|p1a: Kangaskhan
|-supereffective|p1a: Kangaskhan
|-damage|p1a: Kangaskhan|80\/352
|
|
|switch|p2b: Scalproie|Bisharp, M, shiny|301\/301
|turn|2
|
|detailschange|p1a: Kangaskhan|Kangaskhan-Mega, F
|-mega|p1a: Kangaskhan|Kangaskhan|Kangaskhanite
|-formechange|p1b: Aegislash|Aegislash
|move|p1b: Aegislash|King's Shield|p1b: Aegislash
|-singleturn|p1b: Aegislash|Protect
|move|p2b: Scalproie|Sucker Punch|p1b: Aegislash
|-fail|p1b: Aegislash
|move|p1a: Kangaskhan|Power-Up Punch|p2b: Scalproie
|-supereffective|p2b: Scalproie
|-damage|p2b: Scalproie|181\/301
|-boost|p1a: Kangaskhan|atk|1
|-supereffective|p2b: Scalproie
|-damage|p2b: Scalproie|85\/301
|-boost|p1a: Kangaskhan|atk|1
|-hitcount|p2b: Scalproie|2
|move|p2a: Baggaid|Drain Punch|p1a: Kangaskhan
|-supereffective|p1a: Kangaskhan
|-damage|p1a: Kangaskhan|0 fnt
|faint|p1a: Kangaskhan
|
|
|switch|p1a: Hitmontop|Hitmontop, M|304\/304
|-ability|p1a: Hitmontop|Intimidate|[of] p2a: Baggaid
|-unboost|p2a: Baggaid|atk|1
|-ability|p1a: Hitmontop|Intimidate|[of] p2b: Scalproie
|-unboost|p2b: Scalproie|atk|1
|-boost|p2b: Scalproie|atk|2|[from] ability: Defiant
|turn|3
|
|switch|p2b: Nymphali|Sylveon, M, shiny|357\/357
|move|p1a: Hitmontop|Quick Guard|p1a: Hitmontop
|-singleturn|p1a: Hitmontop|Quick Guard
|-formechange|p1b: Aegislash|Aegislash-Blade
|move|p1b: Aegislash|Sacred Sword|p2b: Nymphali
|-resisted|p2b: Nymphali
|-damage|p2b: Nymphali|321\/357
|move|p2a: Baggaid|Drain Punch|p1a: Hitmontop
|-damage|p1a: Hitmontop|225\/304
|
|turn|4
|
|switch|p1b: Rotom-Wash|Rotom-Wash|304\/304
|move|p1a: Hitmontop|Detect|p1a: Hitmontop
|-singleturn|p1a: Hitmontop|Protect
|move|p2b: Nymphali|Hyper Voice|p1b: Rotom-Wash
|-activate|p1a: Hitmontop|Protect
|-damage|p1b: Rotom-Wash|120\/304
|-enditem|p1b: Rotom-Wash|Sitrus Berry|[eat]
|-heal|p1b: Rotom-Wash|196\/304|[from] item: Sitrus Berry
|move|p2a: Baggaid|Knock Off|p1b: Rotom-Wash
|-damage|p1b: Rotom-Wash|133\/304
|
|turn|5
|
|switch|p1a: Aegislash|Aegislash, F|324\/324
|move|p1b: Rotom-Wash|Thunder Wave|p2b: Nymphali
|-status|p2b: Nymphali|par
|move|p2b: Nymphali|Hyper Voice|p1b: Rotom-Wash
|-crit|p1a: Aegislash
|-resisted|p1a: Aegislash
|-damage|p1a: Aegislash|206\/324
|-damage|p1b: Rotom-Wash|0 fnt
|faint|p1b: Rotom-Wash
|move|p2a: Baggaid|Drain Punch|p1a: Aegislash
|-immune|p1a: Aegislash|[msg]
|
|-heal|p1a: Aegislash|226\/324|[from] item: Leftovers
|
|switch|p1b: Landorus-Therian|Landorus-Therian, M|365\/365
|-ability|p1b: Landorus-Therian|Intimidate|[of] p2a: Baggaid
|-unboost|p2a: Baggaid|atk|1
|-ability|p1b: Landorus-Therian|Intimidate|[of] p2b: Nymphali
|-unboost|p2b: Nymphali|atk|1
|turn|6
|join|skysoki
|
|switch|p2b: Porygon2|Porygon2, shiny|374\/374
|-boost|p2b: Porygon2|spa|1|[from] ability: Download
|move|p1b: Landorus-Therian|Protect|p1b: Landorus-Therian
|-singleturn|p1b: Landorus-Therian|Protect
|-formechange|p1a: Aegislash|Aegislash-Blade
|move|p1a: Aegislash|Flash Cannon|p2b: Porygon2
|-damage|p2b: Porygon2|254\/374
|move|p2a: Baggaid|Ice Punch|p1b: Landorus-Therian
|-activate|p1b: Landorus-Therian|Protect
|
|-heal|p1a: Aegislash|246\/324|[from] item: Leftovers
|turn|7
|
|switch|p1b: Hitmontop|Hitmontop, M|225\/304
|-ability|p1b: Hitmontop|Intimidate|[of] p2a: Baggaid
|-unboost|p2a: Baggaid|atk|1
|-ability|p1b: Hitmontop|Intimidate|[of] p2b: Porygon2
|-unboost|p2b: Porygon2|atk|1
|-formechange|p1a: Aegislash|Aegislash
|move|p1a: Aegislash|King's Shield|p1a: Aegislash
|-singleturn|p1a: Aegislash|Protect
|move|p2a: Baggaid|Knock Off|p1a: Aegislash
|-activate|p1a: Aegislash|Protect
|-unboost|p2a: Baggaid|atk|2
|move|p2b: Porygon2|Trick Room|p2b: Porygon2
|-fieldstart|move: Trick Room|[of] p2b: Porygon2
|
|-heal|p1a: Aegislash|266\/324|[from] item: Leftovers
|turn|8
|
|switch|p2a: Pharamp|Ampharos, M, shiny|384\/384
|switch|p2b: Nymphali|Sylveon, M, shiny|321\/357 par
|-formechange|p1a: Aegislash|Aegislash-Blade
|move|p1a: Aegislash|Sacred Sword|p2b: Nymphali
|-resisted|p2b: Nymphali
|-damage|p2b: Nymphali|259\/357 par
|move|p1b: Hitmontop|Close Combat|p2a: Pharamp
|-damage|p2a: Pharamp|185\/384
|-unboost|p1b: Hitmontop|def|1
|-unboost|p1b: Hitmontop|spd|1
|
|-heal|p1a: Aegislash|286\/324|[from] item: Leftovers
|turn|9
|
|detailschange|p2a: Pharamp|Ampharos-Mega, M, shiny
|-mega|p2a: Pharamp|Ampharos|Ampharosite
|-ability|p2a: Pharamp|Mold Breaker
|-formechange|p1a: Aegislash|Aegislash
|move|p1a: Aegislash|King's Shield|p1a: Aegislash
|-singleturn|p1a: Aegislash|Protect
|move|p1b: Hitmontop|Detect|p1b: Hitmontop
|-singleturn|p1b: Hitmontop|Protect
|move|p2b: Nymphali|Hyper Voice|p1a: Aegislash
|-activate|p1a: Aegislash|Protect
|-activate|p1b: Hitmontop|Protect
|move|p2a: Pharamp|Thunderbolt|p1a: Aegislash
|-activate|p1a: Aegislash|Protect
|
|-heal|p1a: Aegislash|306\/324|[from] item: Leftovers
|turn|10
|
|switch|p1b: Landorus-Therian|Landorus-Therian, M|365\/365
|-ability|p1b: Landorus-Therian|Intimidate|[of] p2a: Pharamp
|-unboost|p2a: Pharamp|atk|1
|-ability|p1b: Landorus-Therian|Intimidate|[of] p2b: Nymphali
|-unboost|p2b: Nymphali|atk|1
|move|p2b: Nymphali|Hyper Voice|p1b: Landorus-Therian
|-resisted|p1a: Aegislash
|-damage|p1a: Aegislash|222\/324
|-damage|p1b: Landorus-Therian|83\/365
|move|p2a: Pharamp|Dragon Pulse|p1a: Aegislash
|-resisted|p1a: Aegislash
|-damage|p1a: Aegislash|153\/324
|-formechange|p1a: Aegislash|Aegislash-Blade
|move|p1a: Aegislash|Flash Cannon|p2b: Nymphali
|-supereffective|p2b: Nymphali
|-damage|p2b: Nymphali|0 fnt
|faint|p2b: Nymphali
|
|-heal|p1a: Aegislash|173\/324|[from] item: Leftovers
|c|âCyndaKillSH|ah ouais
|c|âCyndaKillSH|J'pensais que t'allais sauver Aegi
|
|switch|p2b: Porygon2|Porygon2, shiny|254\/374
|-boost|p2b: Porygon2|spa|1|[from] ability: Download
|turn|11
|
|switch|p2a: Baggaid|Scrafty, M, shiny|329\/329
|-ability|p2a: Baggaid|Intimidate|[of] p1a: Aegislash
|-unboost|p1a: Aegislash|atk|1
|-ability|p2a: Baggaid|Intimidate|[of] p1b: Landorus-Therian
|-unboost|p1b: Landorus-Therian|atk|1
|-formechange|p1a: Aegislash|Aegislash
|move|p1a: Aegislash|King's Shield|p1a: Aegislash
|-singleturn|p1a: Aegislash|Protect
|move|p1b: Landorus-Therian|Protect|p1b: Landorus-Therian
|-singleturn|p1b: Landorus-Therian|Protect
|move|p2b: Porygon2|Ice Beam|p1b: Landorus-Therian
|-activate|p1b: Landorus-Therian|Protect
|
|-heal|p1a: Aegislash|193\/324|[from] item: Leftovers
|-fieldend|move: Trick Room
|turn|12
|
|switch|p1b: Hitmontop|Hitmontop, M|225\/304
|-ability|p1b: Hitmontop|Intimidate|[of] p2a: Baggaid
|-unboost|p2a: Baggaid|atk|1
|-ability|p1b: Hitmontop|Intimidate|[of] p2b: Porygon2
|-unboost|p2b: Porygon2|atk|1
|move|p2a: Baggaid|Fake Out|p1b: Hitmontop
|-crit|p1b: Hitmontop
|-damage|p1b: Hitmontop|166\/304
|-formechange|p1a: Aegislash|Aegislash-Blade
|move|p1a: Aegislash|Sacred Sword|p2a: Baggaid
|-supereffective|p2a: Baggaid
|-damage|p2a: Baggaid|201\/329
|move|p2b: Porygon2|Trick Room|p2b: Porygon2
|-fieldstart|move: Trick Room|[of] p2b: Porygon2
|
|-heal|p1a: Aegislash|213\/324|[from] item: Leftovers
|turn|13
|
|switch|p2a: Pharamp|Ampharos-Mega, M, shiny|185\/384
|-ability|p2a: Pharamp|Mold Breaker
|-formechange|p1a: Aegislash|Aegislash
|move|p1a: Aegislash|King's Shield|p1a: Aegislash
|-singleturn|p1a: Aegislash|Protect
|move|p2b: Porygon2|Psychic|p1b: Hitmontop
|-supereffective|p1b: Hitmontop
|-damage|p1b: Hitmontop|0 fnt
|faint|p1b: Hitmontop
|
|-heal|p1a: Aegislash|233\/324|[from] item: Leftovers
|
|switch|p1b: Sylveon|Sylveon, F|345\/345
|turn|14
|
|move|p2a: Pharamp|Thunderbolt|p1a: Aegislash
|-damage|p1a: Aegislash|95\/324
|move|p2b: Porygon2|Ice Beam|p1a: Aegislash
|-resisted|p1a: Aegislash
|-damage|p1a: Aegislash|44\/324
|move|p1b: Sylveon|Hyper Voice|p2b: Porygon2
|-supereffective|p2a: Pharamp
|-damage|p2a: Pharamp|0 fnt
|-damage|p2b: Porygon2|100\/374
|faint|p2a: Pharamp
|-formechange|p1a: Aegislash|Aegislash-Blade
|move|p1a: Aegislash|Sacred Sword|p2b: Porygon2
|-supereffective|p2b: Porygon2
|-damage|p2b: Porygon2|6\/374
|
|-heal|p1a: Aegislash|64\/324|[from] item: Leftovers
|
|switch|p2a: Scalproie|Bisharp, M, shiny|85\/301
|turn|15
|
|-formechange|p1a: Aegislash|Aegislash
|move|p1a: Aegislash|King's Shield|p1a: Aegislash
|-singleturn|p1a: Aegislash|Protect
|move|p2b: Porygon2|Psychic|p1a: Aegislash
|-activate|p1a: Aegislash|Protect
|move|p2a: Scalproie|Iron Head|p1b: Sylveon
|-supereffective|p1b: Sylveon
|-damage|p1b: Sylveon|0 fnt
|faint|p1b: Sylveon
|
|-heal|p1a: Aegislash|84\/324|[from] item: Leftovers
|
|switch|p1b: Landorus-Therian|Landorus-Therian, M|83\/365
|-ability|p1b: Landorus-Therian|Intimidate|[of] p2a: Scalproie
|-unboost|p2a: Scalproie|atk|1
|-boost|p2a: Scalproie|atk|2|[from] ability: Defiant
|-ability|p1b: Landorus-Therian|Intimidate|[of] p2b: Porygon2
|-unboost|p2b: Porygon2|atk|1
|turn|16
|c|âCyndaKillSH|gg
|c|âHoliano|gg
|
|move|p1b: Landorus-Therian|Protect|p1b: Landorus-Therian
|-singleturn|p1b: Landorus-Therian|Protect
|move|p2b: Porygon2|Recover|p2b: Porygon2
|-heal|p2b: Porygon2|193\/374
|move|p2a: Scalproie|Knock Off|p1b: Landorus-Therian
|-activate|p1b: Landorus-Therian|Protect
|-formechange|p1a: Aegislash|Aegislash-Blade
|move|p1a: Aegislash|Sacred Sword|p2a: Scalproie
|-supereffective|p2a: Scalproie
|-damage|p2a: Scalproie|0 fnt
|faint|p2a: Scalproie
|
|-heal|p1a: Aegislash|104\/324|[from] item: Leftovers
|-fieldend|move: Trick Room
|
|switch|p2a: Baggaid|Scrafty, M, shiny|201\/329
|-ability|p2a: Baggaid|Intimidate|[of] p1a: Aegislash
|-unboost|p1a: Aegislash|atk|1
|-ability|p2a: Baggaid|Intimidate|[of] p1b: Landorus-Therian
|-unboost|p1b: Landorus-Therian|atk|1
|turn|17
|leave|skysoki
|
|-formechange|p1a: Aegislash|Aegislash
|move|p1a: Aegislash|King's Shield|p1a: Aegislash
|-singleturn|p1a: Aegislash|Protect
|move|p2a: Baggaid|Fake Out|p1b: Landorus-Therian
|-damage|p1b: Landorus-Therian|39\/365
|cant|p1b: Landorus-Therian|flinch
|move|p2b: Porygon2|Trick Room|p2b: Porygon2
|-fieldstart|move: Trick Room|[of] p2b: Porygon2
|
|-heal|p1a: Aegislash|124\/324|[from] item: Leftovers
|turn|18
|
|move|p1b: Landorus-Therian|Protect|p1b: Landorus-Therian
|-singleturn|p1b: Landorus-Therian|Protect
|move|p2a: Baggaid|Knock Off|p1a: Aegislash
|-supereffective|p1a: Aegislash
|-damage|p1a: Aegislash|0 fnt
|-enditem|p1a: Aegislash|Leftovers|[from] move: Knock Off|[of] p2a: Baggaid
|faint|p1a: Aegislash
|move|p2b: Porygon2|Ice Beam|p1b: Landorus-Therian
|-activate|p1b: Landorus-Therian|Protect
|
|turn|19
|
|move|p2a: Baggaid|Ice Punch|p1b: Landorus-Therian
|-supereffective|p1b: Landorus-Therian
|-enditem|p1b: Landorus-Therian|Yache Berry|[eat]
|-damage|p1b: Landorus-Therian|0 fnt
|faint|p1b: Landorus-Therian
|
|win|CyndaKillSH