|join|CyndaKillSH
|join|drain bamaged
|player|p1|CyndaKillSH|161
|player|p2|drain bamaged|35
|gametype|doubles
|gen|6
|tier|Smogon Doubles
|rated
|clearpoke
|poke|p1|Chandelure, M, shiny
|poke|p1|Sylveon, M, shiny
|poke|p1|Scrafty, M, shiny
|poke|p1|Bisharp, M, shiny
|poke|p1|Ampharos, M, shiny
|poke|p1|Porygon2, shiny
|poke|p2|Deoxys-Attack
|poke|p2|Charizard, F
|poke|p2|Heracross, F
|poke|p2|Thundurus, M
|poke|p2|Rhyperior, F
|poke|p2|Ferrothorn, F
|rule|Species Clause: Limit one of each PokÃ©mon
|rule|OHKO Clause: OHKO moves are banned
|rule|Moody Clause: Moody is banned
|rule|Evasion Abilities Clause: Evasion abilities are banned
|rule|Evasion Moves Clause: Evasion moves are banned
|rule|Endless Battle Clause: Forcing endless battles is banned
|rule|HP Percentage Mod: HP is shown in percentages
|teampreview
|
|start
|switch|p1a: Baggaid|Scrafty, M, shiny|329\/329
|switch|p1b: Lugulabre|Chandelure, M, shiny|324\/324
|switch|p2a: Thundurus|Thundurus, M|299\/299
|switch|p2b: Deoxys-Attack|Deoxys-Attack|241\/241
|-ability|p2b: Deoxys-Attack|Pressure
|-ability|p1a: Baggaid|Intimidate|[of] p2a: Thundurus
|-unboost|p2a: Thundurus|atk|1
|-ability|p1a: Baggaid|Intimidate|[of] p2b: Deoxys-Attack
|-unboost|p2b: Deoxys-Attack|atk|1
|turn|1
|leave|drain bamaged
|player|p2
|join|drain bamaged
|player|p2|drain bamaged|35
|
|move|p1a: Baggaid|Fake Out|p2b: Deoxys-Attack
|-damage|p2b: Deoxys-Attack|105\/241
|move|p2a: Thundurus|Taunt|p1b: Lugulabre
|-start|p1b: Lugulabre|move: Taunt
|cant|p2b: Deoxys-Attack|flinch
|move|p1b: Lugulabre|Heat Wave|p2b: Deoxys-Attack
|-damage|p2a: Thundurus|115\/299
|-damage|p2b: Deoxys-Attack|0 fnt
|faint|p2b: Deoxys-Attack
|
|
|switch|p2b: Heracross|Heracross, F|301\/301
|turn|2
|
|move|p2b: Heracross|Stone Edge|p1b: Lugulabre
|-supereffective|p1b: Lugulabre
|-damage|p1b: Lugulabre|64\/324
|move|p2a: Thundurus|Thunderbolt|p1a: Baggaid
|-damage|p1a: Baggaid|154\/329
|-damage|p2a: Thundurus|86\/299|[from] item: Life Orb
|move|p1b: Lugulabre|Heat Wave|p2a: Thundurus
|-damage|p2a: Thundurus|0 fnt
|-supereffective|p2b: Heracross
|-damage|p2b: Heracross|0 fnt
|faint|p2a: Thundurus
|faint|p2b: Heracross
|move|p1a: Baggaid|Knock Off|p2: Heracross|[notarget]
|-notarget
|
|join|Koolkranny
|
|switch|p2a: Charizard|Charizard, F|297\/297
|switch|p2b: Rhyperior|Rhyperior, F|433\/433
|turn|3
|
|detailschange|p2a: Charizard|Charizard-Mega-Y, F
|-mega|p2a: Charizard|Charizard|Charizardite Y
|-weather|SunnyDay
|move|p2a: Charizard|Solar Beam|p1b: Lugulabre|[still]
|-prepare|p2a: Charizard|Solar Beam|p1b: Lugulabre
|-anim|p2a: Charizard|Solar Beam|p1b: Lugulabre
|-resisted|p1b: Lugulabre
|-damage|p1b: Lugulabre|0 fnt
|faint|p1b: Lugulabre
|move|p2b: Rhyperior|Earthquake|p1: Lugulabre
|-immune|p2a: Charizard|[msg]
|-damage|p1a: Baggaid|0 fnt
|faint|p1a: Baggaid
|
|-weather|SunnyDay|[upkeep]
|
|switch|p1a: Nymphali|Sylveon, M, shiny|357\/357
|switch|p1b: Porygon2|Porygon2, shiny|374\/374
|-boost|p1b: Porygon2|spa|1|[from] ability: Download
|turn|4
|
|move|p2a: Charizard|Heat Wave|p1a: Nymphali
|-damage|p1a: Nymphali|185\/357
|-damage|p1b: Porygon2|212\/374
|move|p2b: Rhyperior|Earthquake|p1b: Porygon2
|-immune|p2a: Charizard|[msg]
|-damage|p1a: Nymphali|0 fnt
|-damage|p1b: Porygon2|50\/374
|faint|p1a: Nymphali
|move|p1b: Porygon2|Trick Room|p1b: Porygon2
|-fieldstart|move: Trick Room|[of] p1b: Porygon2
|
|-weather|SunnyDay|[upkeep]
|
|switch|p1a: Pharamp|Ampharos, M, shiny|384\/384
|turn|5
|
|detailschange|p1a: Pharamp|Ampharos-Mega, M, shiny
|-mega|p1a: Pharamp|Ampharos|Ampharosite
|-ability|p1a: Pharamp|Mold Breaker
|move|p2a: Charizard|Protect|p2a: Charizard
|-singleturn|p2a: Charizard|Protect
|move|p1a: Pharamp|Thunderbolt|p2a: Charizard
|-activate|p2a: Charizard|Protect
|move|p1b: Porygon2|Ice Beam|p2b: Rhyperior
|-supereffective|p2b: Rhyperior
|-damage|p2b: Rhyperior|106\/433
|move|p2b: Rhyperior|Earthquake|p1a: Pharamp
|-immune|p2a: Charizard|[msg]
|-supereffective|p1a: Pharamp
|-damage|p1a: Pharamp|0 fnt
|-damage|p1b: Porygon2|0 fnt
|faint|p1a: Pharamp
|faint|p1b: Porygon2
|
|-weather|SunnyDay|[upkeep]
|c|âCyndaKillSH|gg
|
|switch|p1a: Scalproie|Bisharp, M, shiny|301\/301
|turn|6
|
|move|p1a: Scalproie|Sucker Punch|p2b: Rhyperior
|-damage|p2b: Rhyperior|0 fnt
|faint|p2b: Rhyperior
|move|p2a: Charizard|Heat Wave|p1a: Scalproie
|-miss|p2a: Charizard|p1a: Scalproie
|
|-weather|SunnyDay|[upkeep]
|
|switch|p2b: Ferrothorn|Ferrothorn, F|351\/351
|turn|7
|
|move|p2a: Charizard|Protect|p2a: Charizard
|-singleturn|p2a: Charizard|Protect
|move|p2b: Ferrothorn|Bulldoze|p1a: Scalproie
|-immune|p2a: Charizard|[msg]
|-supereffective|p1a: Scalproie
|-damage|p1a: Scalproie|209\/301
|-unboost|p1a: Scalproie|spe|1
|-boost|p1a: Scalproie|atk|2|[from] ability: Defiant
|move|p1a: Scalproie|Knock Off|p2a: Charizard
|-activate|p2a: Charizard|Protect
|
|-weather|none
|turn|8
|
|move|p1a: Scalproie|Sucker Punch|p2a: Charizard
|-damage|p2a: Charizard|0 fnt
|faint|p2a: Charizard
|move|p2b: Ferrothorn|Power Whip|p1a: Scalproie
|-resisted|p1a: Scalproie
|-damage|p1a: Scalproie|110\/301
|
|-fieldend|move: Trick Room
|turn|9
|
|move|p1a: Scalproie|Brick Break|p2b: Ferrothorn
|-supereffective|p2b: Ferrothorn
|-damage|p2b: Ferrothorn|49\/351
|-damage|p1a: Scalproie|73\/301|[from] ability: Iron Barbs|[of] p2b: Ferrothorn
|move|p2b: Ferrothorn|Bulldoze|p1a: Scalproie
|-supereffective|p1a: Scalproie
|-damage|p1a: Scalproie|0 fnt
|faint|p1a: Scalproie
|
|win|drain bamaged
|raw|Ladder updating...
|raw|CyndaKillSH's rating: 1570 &rarr; <strong>1540<\/strong><br \/>(-30 for losing)
|raw|drain bamaged's rating: 1366 &rarr; <strong>1397<\/strong><br \/>(+31 for winning)