|join|Angel Management
|join|ioj
|player|p1|Angel Management|86
|player|p2|ioj|265
|gametype|singles
|gen|6
|tier|UU
|rated
|rule|Sleep Clause Mod: Limit one foe put to sleep
|rule|Species Clause: Limit one of each PokÃ©mon
|rule|OHKO Clause: OHKO moves are banned
|rule|Moody Clause: Moody is banned
|rule|Evasion Moves Clause: Evasion moves are banned
|rule|Endless Battle Clause: Forcing endless battles is banned
|rule|HP Percentage Mod: HP is shown in percentages
|clearpoke
|poke|p1|Florges, F
|poke|p1|Chandelure, M
|poke|p1|Flygon, M
|poke|p1|Swampert, F
|poke|p1|Suicune
|poke|p1|Jirachi, shiny
|poke|p2|Forretress, F
|poke|p2|Victini
|poke|p2|Flygon, M
|poke|p2|Raikou
|poke|p2|Mienshao, F
|poke|p2|Tornadus, M
|rule|Swagger Clause: Swagger is banned
|rule|Baton Pass Clause: Limit one PokÃ©mon knowing Baton Pass
|teampreview
|
|start
|switch|p1a: Suicune|Suicune|401\/401
|switch|p2a: Flygon|Flygon, M|301\/301
|-ability|p1a: Suicune|Pressure
|turn|1
|
|move|p2a: Flygon|U-turn|p1a: Suicune
|-crit|p1a: Suicune
|-damage|p1a: Suicune|331\/401
|
|switch|p2a: Raikou|Raikou|321\/321
|-ability|p2a: Raikou|Pressure
|move|p1a: Suicune|Scald|p2a: Raikou
|-crit|p2a: Raikou
|-damage|p2a: Raikou|236\/321
|-status|p2a: Raikou|brn
|
|-heal|p1a: Suicune|356\/401|[from] item: Leftovers
|-damage|p2a: Raikou|196\/321 brn|[from] brn
|turn|2
|
|switch|p1a: Flygon|Flygon, M|301\/301
|move|p2a: Raikou|Hidden Power|p1a: Flygon
|-damage|p1a: Flygon|227\/301
|
|-damage|p2a: Raikou|156\/321 brn|[from] brn
|turn|3
|c|âioj|e.e
|c|âioj|its not hp ice
|c|âAngel Management|ofc
|
|switch|p2a: Forretress|Forretress, F|354\/354
|move|p1a: Flygon|U-turn|p2a: Forretress
|-resisted|p2a: Forretress
|-damage|p2a: Forretress|335\/354
|c|âAngel Management|its grass
|
|switch|p1a: we got the jazz|Chandelure, M|285\/285
|
|-heal|p2a: Forretress|354\/354|[from] item: Leftovers
|turn|4
|c|âioj|e.e
|c|âioj|its supposed to be hp ice
|
|move|p1a: we got the jazz|Substitute|p1a: we got the jazz
|-start|p1a: we got the jazz|Substitute
|-damage|p1a: we got the jazz|214\/285
|move|p2a: Forretress|Stealth Rock|p1a: we got the jazz
|-sidestart|p1: Angel Management|move: Stealth Rock
|
|-heal|p1a: we got the jazz|231\/285|[from] item: Leftovers
|turn|5
|
|switch|p2a: Victini|Victini|341\/341
|move|p1a: we got the jazz|Shadow Ball|p2a: Victini
|-supereffective|p2a: Victini
|-damage|p2a: Victini|65\/341
|
|-heal|p1a: we got the jazz|248\/285|[from] item: Leftovers
|turn|6
|
|move|p2a: Victini|U-turn|p1a: we got the jazz
|-resisted|p1a: we got the jazz
|-activate|p1a: we got the jazz|Substitute|[damage]
|
|switch|p2a: Raikou|Raikou|156\/321 brn
|-ability|p2a: Raikou|Pressure
|move|p1a: we got the jazz|Shadow Ball|p2a: Raikou
|-damage|p2a: Raikou|51\/321 brn
|
|-heal|p1a: we got the jazz|265\/285|[from] item: Leftovers
|-damage|p2a: Raikou|11\/321 brn|[from] brn
|turn|7
|
|move|p2a: Raikou|Volt Switch|p1a: we got the jazz
|-end|p1a: we got the jazz|Substitute
|
|switch|p2a: Flygon|Flygon, M|301\/301
|move|p1a: we got the jazz|Substitute|p1a: we got the jazz
|-start|p1a: we got the jazz|Substitute
|-damage|p1a: we got the jazz|194\/285
|
|-heal|p1a: we got the jazz|211\/285|[from] item: Leftovers
|turn|8
|
|move|p2a: Flygon|Earthquake|p1a: we got the jazz
|-supereffective|p1a: we got the jazz
|-end|p1a: we got the jazz|Substitute
|move|p1a: we got the jazz|Shadow Ball|p2a: Flygon
|-damage|p2a: Flygon|126\/301
|-unboost|p2a: Flygon|spd|1
|
|-heal|p1a: we got the jazz|228\/285|[from] item: Leftovers
|turn|9
|
|switch|p1a: Swampert|Swampert, F|401\/401
|-damage|p1a: Swampert|376\/401|[from] Stealth Rock
|move|p2a: Flygon|Earthquake|p1a: Swampert
|-crit|p1a: Swampert
|-damage|p1a: Swampert|211\/401
|
|-heal|p1a: Swampert|236\/401|[from] item: Leftovers
|turn|10
|
|switch|p2a: Forretress|Forretress, F|354\/354
|move|p1a: Swampert|Stealth Rock|p2a: Forretress
|-sidestart|p2: ioj|move: Stealth Rock
|
|-heal|p1a: Swampert|261\/401|[from] item: Leftovers
|turn|11
|
|switch|p1a: we got the jazz|Chandelure, M|228\/285
|-damage|p1a: we got the jazz|157\/285|[from] Stealth Rock
|move|p2a: Forretress|Volt Switch|p1a: we got the jazz
|-damage|p1a: we got the jazz|119\/285
|
|switch|p2a: Flygon|Flygon, M|126\/301
|-damage|p2a: Flygon|108\/301|[from] Stealth Rock
|
|-heal|p1a: we got the jazz|136\/285|[from] item: Leftovers
|turn|12
|
|switch|p1a: Florges|Florges, F|360\/360
|-damage|p1a: Florges|315\/360|[from] Stealth Rock
|move|p2a: Flygon|Earthquake|p1a: Florges
|-damage|p1a: Florges|170\/360
|
|-heal|p1a: Florges|192\/360|[from] item: Leftovers
|turn|13
|
|switch|p2a: Raikou|Raikou|11\/321 brn
|-damage|p2a: Raikou|0 fnt|[from] Stealth Rock
|faint|p2a: Raikou
|move|p1a: Florges|Wish|p1a: Florges
|
|-heal|p1a: Florges|214\/360|[from] item: Leftovers
|
|switch|p2a: Forretress|Forretress, F|354\/354
|-damage|p2a: Forretress|310\/354|[from] Stealth Rock
|turn|14
|
|switch|p1a: we got the jazz|Chandelure, M|136\/285
|-damage|p1a: we got the jazz|65\/285|[from] Stealth Rock
|move|p2a: Forretress|Volt Switch|p1a: we got the jazz
|-damage|p1a: we got the jazz|22\/285
|
|switch|p2a: Mienshao|Mienshao, F|271\/271
|-damage|p2a: Mienshao|255\/271|[from] Stealth Rock
|
|-heal|p1a: we got the jazz|202\/285|[from] move: Wish|[wisher] Florges
|-heal|p1a: we got the jazz|219\/285|[from] item: Leftovers
|turn|15
|
|switch|p1a: Swampert|Swampert, F|261\/401
|-damage|p1a: Swampert|236\/401|[from] Stealth Rock
|move|p2a: Mienshao|Knock Off|p1a: Swampert
|-damage|p1a: Swampert|113\/401
|-enditem|p1a: Swampert|Leftovers|[from] move: Knock Off|[of] p2a: Mienshao
|-damage|p2a: Mienshao|228\/271|[from] item: Life Orb
|
|turn|16
|
|switch|p1a: we got the jazz|Chandelure, M|219\/285
|-damage|p1a: we got the jazz|148\/285|[from] Stealth Rock
|move|p2a: Mienshao|Knock Off|p1a: we got the jazz
|-supereffective|p1a: we got the jazz
|-damage|p1a: we got the jazz|0 fnt
|-enditem|p1a: we got the jazz|Leftovers|[from] move: Knock Off|[of] p2a: Mienshao
|-damage|p2a: Mienshao|201\/271|[from] item: Life Orb
|faint|p1a: we got the jazz
|
|c|âioj|yay
|
|switch|p1a: Jirachi|Jirachi, shiny|341\/341
|-damage|p1a: Jirachi|320\/341|[from] Stealth Rock
|turn|17
|
|move|p2a: Mienshao|Knock Off|p1a: Jirachi
|-supereffective|p1a: Jirachi
|-enditem|p1a: Jirachi|Colbur Berry|[eat]
|-damage|p1a: Jirachi|185\/341
|-damage|p2a: Mienshao|174\/271|[from] item: Life Orb
|move|p1a: Jirachi|Calm Mind|p1a: Jirachi
|-boost|p1a: Jirachi|spa|1
|-boost|p1a: Jirachi|spd|1
|
|turn|18
|c|âioj|the colbur
|
|move|p2a: Mienshao|High Jump Kick|p1a: Jirachi
|-damage|p1a: Jirachi|0 fnt
|-damage|p2a: Mienshao|147\/271|[from] item: Life Orb
|faint|p1a: Jirachi
|
|
|switch|p1a: Florges|Florges, F|214\/360
|-damage|p1a: Florges|169\/360|[from] Stealth Rock
|turn|19
|
|move|p2a: Mienshao|U-turn|p1a: Florges
|-resisted|p1a: Florges
|-damage|p1a: Florges|113\/360
|-damage|p2a: Mienshao|120\/271|[from] item: Life Orb
|
|switch|p2a: Forretress|Forretress, F|310\/354
|-damage|p2a: Forretress|266\/354|[from] Stealth Rock
|move|p1a: Florges|Wish|p1a: Florges
|
|-heal|p1a: Florges|135\/360|[from] item: Leftovers
|-heal|p2a: Forretress|288\/354|[from] item: Leftovers
|turn|20
|
|switch|p1a: Swampert|Swampert, F|113\/401
|-damage|p1a: Swampert|88\/401|[from] Stealth Rock
|move|p2a: Forretress|Gyro Ball|p1a: Swampert
|-resisted|p1a: Swampert
|-damage|p1a: Swampert|68\/401
|
|-heal|p1a: Swampert|248\/401|[from] move: Wish|[wisher] Florges
|-heal|p2a: Forretress|310\/354|[from] item: Leftovers
|turn|21
|
|move|p1a: Swampert|Scald|p2a: Forretress
|-damage|p2a: Forretress|196\/354
|-status|p2a: Forretress|brn
|move|p2a: Forretress|Rapid Spin|p1a: Swampert
|-damage|p1a: Swampert|241\/401
|-sideend|p2: ioj|Stealth Rock|[from] move: Rapid Spin|[of] p2a: Forretress
|
|-heal|p2a: Forretress|218\/354 brn|[from] item: Leftovers
|-damage|p2a: Forretress|174\/354 brn|[from] brn
|turn|22
|
|move|p1a: Swampert|Stealth Rock|p2a: Forretress
|-sidestart|p2: ioj|move: Stealth Rock
|move|p2a: Forretress|Rapid Spin|p1a: Swampert
|-damage|p1a: Swampert|234\/401
|-sideend|p2: ioj|Stealth Rock|[from] move: Rapid Spin|[of] p2a: Forretress
|
|-heal|p2a: Forretress|196\/354 brn|[from] item: Leftovers
|-damage|p2a: Forretress|152\/354 brn|[from] brn
|turn|23
|
|move|p1a: Swampert|Stealth Rock|p2a: Forretress
|-sidestart|p2: ioj|move: Stealth Rock
|move|p2a: Forretress|Rapid Spin|p1a: Swampert
|-damage|p1a: Swampert|227\/401
|-sideend|p2: ioj|Stealth Rock|[from] move: Rapid Spin|[of] p2a: Forretress
|
|-heal|p2a: Forretress|174\/354 brn|[from] item: Leftovers
|-damage|p2a: Forretress|130\/354 brn|[from] brn
|turn|24
|
|move|p1a: Swampert|Scald|p2a: Forretress
|-damage|p2a: Forretress|4\/354 brn
|move|p2a: Forretress|Rapid Spin|p1a: Swampert
|-damage|p1a: Swampert|220\/401
|
|-heal|p2a: Forretress|26\/354 brn|[from] item: Leftovers
|-damage|p2a: Forretress|0 fnt|[from] brn
|faint|p2a: Forretress
|
|switch|p2a: Tornadus|Tornadus, M|299\/299
|turn|25
|
|move|p2a: Tornadus|Grass Knot|p1a: Swampert
|-supereffective|p1a: Swampert
|-damage|p1a: Swampert|0 fnt
|faint|p1a: Swampert
|
|
|switch|p1a: Flygon|Flygon, M|227\/301
|-damage|p1a: Flygon|209\/301|[from] Stealth Rock
|turn|26
|
|switch|p2a: Victini|Victini|65\/341
|move|p1a: Flygon|Outrage|p2a: Victini
|-damage|p2a: Victini|0 fnt
|faint|p2a: Victini
|
|
|switch|p2a: Tornadus|Tornadus, M|299\/299
|turn|27
|c|âioj|damn
|c|âioj|i clicked the cancel button
|c|âioj|;-;
|
|move|p2a: Tornadus|Tailwind|p2a: Tornadus
|-sidestart|p2: ioj|move: Tailwind
|move|p1a: Flygon|Outrage|p2a: Tornadus
|-damage|p2a: Tornadus|61\/299
|
|-end|p1a: Flygon|rampage
|-start|p1a: Flygon|confusion
|-heal|p2a: Tornadus|79\/299|[from] item: Leftovers
|turn|28
|
|move|p2a: Tornadus|Hurricane|p1a: Flygon
|-damage|p1a: Flygon|0 fnt
|faint|p1a: Flygon
|
|-heal|p2a: Tornadus|97\/299|[from] item: Leftovers
|
|switch|p1a: Florges|Florges, F|135\/360
|-damage|p1a: Florges|90\/360|[from] Stealth Rock
|turn|29
|
|move|p2a: Tornadus|Hurricane|p1a: Florges
|-damage|p1a: Florges|0 fnt
|faint|p1a: Florges
|
|-heal|p2a: Tornadus|115\/299|[from] item: Leftovers
|
|switch|p1a: Suicune|Suicune|356\/401
|-damage|p1a: Suicune|306\/401|[from] Stealth Rock
|-ability|p1a: Suicune|Pressure
|turn|30
|
|move|p2a: Tornadus|Grass Knot|p1a: Suicune
|-supereffective|p1a: Suicune
|-damage|p1a: Suicune|96\/401
|move|p1a: Suicune|Calm Mind|p1a: Suicune
|-boost|p1a: Suicune|spa|1
|-boost|p1a: Suicune|spd|1
|
|-heal|p2a: Tornadus|133\/299|[from] item: Leftovers
|-heal|p1a: Suicune|121\/401|[from] item: Leftovers
|-sideend|p2: ioj|move: Tailwind
|turn|31
|
|move|p2a: Tornadus|Grass Knot|p1a: Suicune
|-supereffective|p1a: Suicune
|-damage|p1a: Suicune|0 fnt
|faint|p1a: Suicune
|
|win|ioj
|raw|Ladder updating...
|raw|Angel Management's rating: 1592 &rarr; <strong>1558<\/strong><br \/>(-34 for losing)
|raw|ioj's rating: 1295 &rarr; <strong>1337<\/strong><br \/>(+42 for winning)
|c|âioj|gg
|leave|Angel Management