|join|Randorator
|join|Angel Management
|player|p1|Randorator|224
|player|p2|Angel Management|86
|gametype|singles
|gen|6
|tier|UU
|rated
|rule|Sleep Clause Mod: Limit one foe put to sleep
|rule|Species Clause: Limit one of each PokÃ©mon
|rule|OHKO Clause: OHKO moves are banned
|rule|Moody Clause: Moody is banned
|rule|Evasion Moves Clause: Evasion moves are banned
|rule|Endless Battle Clause: Forcing endless battles is banned
|rule|HP Percentage Mod: HP is shown in percentages
|clearpoke
|poke|p1|Gallade, M
|poke|p1|Rotom-Heat
|poke|p1|Celebi
|poke|p1|Druddigon, F
|poke|p1|Tentacruel, M
|poke|p1|Krookodile, F
|poke|p2|Suicune
|poke|p2|Raikou, shiny
|poke|p2|Aerodactyl, F
|poke|p2|Swampert, F
|poke|p2|Flygon, M
|poke|p2|Reuniclus, F
|rule|Swagger Clause: Swagger is banned
|rule|Baton Pass Clause: Limit one PokÃ©mon knowing Baton Pass
|teampreview
|
|start
|switch|p1a: Druddigon|Druddigon, F|357\/357
|switch|p2a: Flygon|Flygon, M|301\/301
|turn|1
|
|move|p2a: Flygon|Outrage|p1a: Druddigon
|-supereffective|p1a: Druddigon
|-damage|p1a: Druddigon|49\/357
|-damage|p2a: Flygon|264\/301|[from] ability: Rough Skin|[of] p1a: Druddigon
|move|p1a: Druddigon|Glare|p2a: Flygon
|-status|p2a: Flygon|par
|
|-heal|p1a: Druddigon|71\/357|[from] item: Leftovers
|turn|2
|
|move|p1a: Druddigon|Stealth Rock|p2a: Flygon
|-sidestart|p2: Angel Management|move: Stealth Rock
|move|p2a: Flygon|Outrage|p1a: Druddigon
|-supereffective|p1a: Druddigon
|-damage|p1a: Druddigon|0 fnt
|-damage|p2a: Flygon|227\/301 par|[from] ability: Rough Skin|[of] p1a: Druddigon
|faint|p1a: Druddigon
|
|-end|p2a: Flygon|rampage
|-start|p2a: Flygon|confusion
|
|switch|p1a: Celebi|Celebi|396\/396
|turn|3
|
|move|p1a: Celebi|Nasty Plot|p1a: Celebi
|-boost|p1a: Celebi|spa|2
|-activate|p2a: Flygon|confusion
|-damage|p2a: Flygon|181\/301 par|[from] confusion
|
|turn|4
|
|move|p1a: Celebi|Giga Drain|p2a: Flygon
|-damage|p2a: Flygon|0 fnt
|faint|p2a: Flygon
|
|
|switch|p2a: Reuniclus|Reuniclus, F|422\/422
|turn|5
|
|move|p1a: Celebi|Giga Drain|p2a: Reuniclus
|-damage|p2a: Reuniclus|127\/422
|move|p2a: Reuniclus|Signal Beam|p1a: Celebi
|-supereffective|p1a: Celebi
|-damage|p1a: Celebi|32\/396
|
|-heal|p1a: Celebi|56\/396|[from] item: Leftovers
|turn|6
|
|move|p1a: Celebi|Giga Drain|p2a: Reuniclus
|-damage|p2a: Reuniclus|0 fnt
|-heal|p1a: Celebi|120\/396|[from] drain|[of] p2a: Reuniclus
|faint|p2a: Reuniclus
|
|-heal|p1a: Celebi|144\/396|[from] item: Leftovers
|
|switch|p2a: Aerodactyl|Aerodactyl, F|301\/301
|-damage|p2a: Aerodactyl|226\/301|[from] Stealth Rock
|-ability|p2a: Aerodactyl|Pressure
|turn|7
|
|detailschange|p2a: Aerodactyl|Aerodactyl-Mega, F
|message|Aerodactyl has Mega Evolved into Mega Aerodactyl!
|move|p2a: Aerodactyl|Pursuit|p1a: Celebi|[from]Pursuit
|-supereffective|p1a: Celebi
|-damage|p1a: Celebi|0 fnt
|faint|p1a: Celebi
|
|
|switch|p1a: Krookodile|Krookodile, F|332\/332
|-ability|p1a: Krookodile|Intimidate|[of] p2a: Aerodactyl
|-unboost|p2a: Aerodactyl|atk|1
|turn|8
|
|move|p1a: Krookodile|Knock Off|p2a: Aerodactyl
|-damage|p2a: Aerodactyl|91\/301
|move|p2a: Aerodactyl|Roost|p2a: Aerodactyl
|-heal|p2a: Aerodactyl|242\/301
|
|turn|9
|
|move|p1a: Krookodile|Knock Off|p2a: Aerodactyl
|-damage|p2a: Aerodactyl|95\/301
|move|p2a: Aerodactyl|Roost|p2a: Aerodactyl
|-heal|p2a: Aerodactyl|246\/301
|
|turn|10
|
|move|p1a: Krookodile|Knock Off|p2a: Aerodactyl
|-damage|p2a: Aerodactyl|110\/301
|move|p2a: Aerodactyl|Aqua Tail|p1a: Krookodile
|-supereffective|p1a: Krookodile
|-damage|p1a: Krookodile|90\/332
|
|turn|11
|
|switch|p2a: Swampert|Swampert, F|401\/401
|-damage|p2a: Swampert|376\/401|[from] Stealth Rock
|move|p1a: Krookodile|Knock Off|p2a: Swampert
|-damage|p2a: Swampert|231\/401
|-enditem|p2a: Swampert|Leftovers|[from] move: Knock Off|[of] p1a: Krookodile
|
|turn|12
|
|switch|p1a: Gallade|Gallade, M|339\/339
|move|p2a: Swampert|Stealth Rock|p1a: Gallade
|-sidestart|p1: Randorator|move: Stealth Rock
|
|turn|13
|
|move|p1a: Gallade|Zen Headbutt|p2a: Swampert
|-damage|p2a: Swampert|135\/401
|move|p2a: Swampert|Earthquake|p1a: Gallade
|-damage|p1a: Gallade|203\/339
|
|-heal|p1a: Gallade|224\/339|[from] item: Leftovers
|turn|14
|
|move|p1a: Gallade|Bulk Up|p1a: Gallade
|-boost|p1a: Gallade|atk|1
|-boost|p1a: Gallade|def|1
|move|p2a: Swampert|Scald|p1a: Gallade
|-damage|p1a: Gallade|145\/339
|
|-heal|p1a: Gallade|166\/339|[from] item: Leftovers
|turn|15
|
|move|p1a: Gallade|Drain Punch|p2a: Swampert
|-damage|p2a: Swampert|0 fnt
|-heal|p1a: Gallade|234\/339|[from] drain|[of] p2a: Swampert
|faint|p2a: Swampert
|
|-heal|p1a: Gallade|255\/339|[from] item: Leftovers
|
|switch|p2a: Suicune|Suicune|401\/401
|-damage|p2a: Suicune|351\/401|[from] Stealth Rock
|-ability|p2a: Suicune|Pressure
|turn|16
|
|move|p2a: Suicune|Scald|p1a: Gallade
|-damage|p1a: Gallade|182\/339
|move|p1a: Gallade|Knock Off|p2a: Suicune
|-damage|p2a: Suicune|217\/401
|-enditem|p2a: Suicune|Leftovers|[from] move: Knock Off|[of] p1a: Gallade
|
|-heal|p1a: Gallade|203\/339|[from] item: Leftovers
|turn|17
|
|move|p2a: Suicune|Scald|p1a: Gallade
|-damage|p1a: Gallade|133\/339
|-status|p1a: Gallade|brn
|move|p1a: Gallade|Drain Punch|p2a: Suicune
|-damage|p2a: Suicune|136\/401
|-heal|p1a: Gallade|174\/339 brn|[from] drain|[of] p2a: Suicune
|
|-heal|p1a: Gallade|195\/339 brn|[from] item: Leftovers
|-damage|p1a: Gallade|153\/339 brn|[from] brn
|turn|18
|
|move|p2a: Suicune|Calm Mind|p2a: Suicune
|-boost|p2a: Suicune|spa|1
|-boost|p2a: Suicune|spd|1
|move|p1a: Gallade|Bulk Up|p1a: Gallade
|-boost|p1a: Gallade|atk|1
|-boost|p1a: Gallade|def|1
|
|-heal|p1a: Gallade|174\/339 brn|[from] item: Leftovers
|-damage|p1a: Gallade|132\/339 brn|[from] brn
|turn|19
|
|move|p2a: Suicune|Rest|p2a: Suicune
|-status|p2a: Suicune|slp
|-heal|p2a: Suicune|401\/401 slp|[silent]
|-status|p2a: Suicune|slp|[from] move: Rest
|move|p1a: Gallade|Drain Punch|p2a: Suicune
|-crit|p2a: Suicune
|-damage|p2a: Suicune|260\/401 slp
|-heal|p1a: Gallade|203\/339 brn|[from] drain|[of] p2a: Suicune
|
|-heal|p1a: Gallade|224\/339 brn|[from] item: Leftovers
|-damage|p1a: Gallade|182\/339 brn|[from] brn
|turn|20
|
|cant|p2a: Suicune|slp
|move|p2a: Suicune|Sleep Talk|p2a: Suicune
|move|p2a: Suicune|Calm Mind|p2a: Suicune|[from]Sleep Talk
|-boost|p2a: Suicune|spa|1
|-boost|p2a: Suicune|spd|1
|move|p1a: Gallade|Drain Punch|p2a: Suicune
|-damage|p2a: Suicune|163\/401 slp
|-heal|p1a: Gallade|231\/339 brn|[from] drain|[of] p2a: Suicune
|
|-heal|p1a: Gallade|252\/339 brn|[from] item: Leftovers
|-damage|p1a: Gallade|210\/339 brn|[from] brn
|turn|21
|
|cant|p2a: Suicune|slp
|move|p2a: Suicune|Sleep Talk|p2a: Suicune
|move|p2a: Suicune|Calm Mind|p2a: Suicune|[from]Sleep Talk
|-boost|p2a: Suicune|spa|1
|-boost|p2a: Suicune|spd|1
|move|p1a: Gallade|Drain Punch|p2a: Suicune
|-damage|p2a: Suicune|60\/401 slp
|-heal|p1a: Gallade|262\/339 brn|[from] drain|[of] p2a: Suicune
|
|-heal|p1a: Gallade|283\/339 brn|[from] item: Leftovers
|-damage|p1a: Gallade|241\/339 brn|[from] brn
|turn|22
|
|-curestatus|p2a: Suicune|slp
|move|p2a: Suicune|Rest|p2a: Suicune
|-status|p2a: Suicune|slp
|-heal|p2a: Suicune|401\/401 slp|[silent]
|-status|p2a: Suicune|slp|[from] move: Rest
|move|p1a: Gallade|Bulk Up|p1a: Gallade
|-boost|p1a: Gallade|atk|1
|-boost|p1a: Gallade|def|1
|
|-heal|p1a: Gallade|262\/339 brn|[from] item: Leftovers
|-damage|p1a: Gallade|220\/339 brn|[from] brn
|turn|23
|
|cant|p2a: Suicune|slp
|move|p2a: Suicune|Sleep Talk|p2a: Suicune
|move|p2a: Suicune|Calm Mind|p2a: Suicune|[from]Sleep Talk
|-boost|p2a: Suicune|spa|1
|-boost|p2a: Suicune|spd|1
|move|p1a: Gallade|Drain Punch|p2a: Suicune
|-damage|p2a: Suicune|283\/401 slp
|-heal|p1a: Gallade|279\/339 brn|[from] drain|[of] p2a: Suicune
|
|-heal|p1a: Gallade|300\/339 brn|[from] item: Leftovers
|-damage|p1a: Gallade|258\/339 brn|[from] brn
|turn|24
|
|cant|p2a: Suicune|slp
|move|p2a: Suicune|Sleep Talk|p2a: Suicune
|move|p2a: Suicune|Rest|p2a: Suicune|[from]Sleep Talk
|-fail|p2a: Suicune
|move|p1a: Gallade|Drain Punch|p2a: Suicune
|-damage|p2a: Suicune|154\/401 slp
|-heal|p1a: Gallade|323\/339 brn|[from] drain|[of] p2a: Suicune
|
|-heal|p1a: Gallade|339\/339 brn|[from] item: Leftovers
|-damage|p1a: Gallade|297\/339 brn|[from] brn
|turn|25
|
|-curestatus|p2a: Suicune|slp
|move|p2a: Suicune|Rest|p2a: Suicune
|-status|p2a: Suicune|slp
|-heal|p2a: Suicune|401\/401 slp|[silent]
|-status|p2a: Suicune|slp|[from] move: Rest
|move|p1a: Gallade|Zen Headbutt|p2a: Suicune
|-crit|p2a: Suicune
|-damage|p2a: Suicune|208\/401 slp
|
|-heal|p1a: Gallade|318\/339 brn|[from] item: Leftovers
|-damage|p1a: Gallade|276\/339 brn|[from] brn
|turn|26
|
|cant|p2a: Suicune|slp
|move|p2a: Suicune|Sleep Talk|p2a: Suicune
|move|p2a: Suicune|Calm Mind|p2a: Suicune|[from]Sleep Talk
|-boost|p2a: Suicune|spa|1
|-boost|p2a: Suicune|spd|1
|move|p1a: Gallade|Drain Punch|p2a: Suicune
|-damage|p2a: Suicune|78\/401 slp
|-heal|p1a: Gallade|339\/339 brn|[from] drain|[of] p2a: Suicune
|
|-damage|p1a: Gallade|297\/339 brn|[from] brn
|turn|27
|
|cant|p2a: Suicune|slp
|move|p2a: Suicune|Sleep Talk|p2a: Suicune
|move|p2a: Suicune|Calm Mind|p2a: Suicune|[from]Sleep Talk
|-boost|p2a: Suicune|spa|1
|-boost|p2a: Suicune|spd|1
|move|p1a: Gallade|Drain Punch|p2a: Suicune
|-damage|p2a: Suicune|0 fnt
|-heal|p1a: Gallade|336\/339 brn|[from] drain|[of] p2a: Suicune
|faint|p2a: Suicune
|
|-heal|p1a: Gallade|339\/339 brn|[from] item: Leftovers
|-damage|p1a: Gallade|297\/339 brn|[from] brn
|-message|Angel Management forfeited.
|
|win|Randorator
|raw|Ladder updating...
|leave|Angel Management
|player|p2
|raw|Randorator's rating: 1631 &rarr; <strong>1650<\/strong><br \/>(+19 for winning)
|raw|Angel Management's rating: 1618 &rarr; <strong>1599<\/strong><br \/>(-19 for losing)