|join|King UU
|join|Angel Management
|player|p1|King UU|29
|player|p2|Angel Management|86
|gametype|singles
|gen|6
|tier|UU
|rated
|rule|Sleep Clause Mod: Limit one foe put to sleep
|rule|Species Clause: Limit one of each PokÃ©mon
|rule|OHKO Clause: OHKO moves are banned
|rule|Moody Clause: Moody is banned
|rule|Evasion Moves Clause: Evasion moves are banned
|rule|Endless Battle Clause: Forcing endless battles is banned
|rule|HP Percentage Mod: HP is shown in percentages
|clearpoke
|poke|p1|Victini
|poke|p1|Ampharos, M
|poke|p1|Forretress, F
|poke|p1|Swampert, F
|poke|p1|Umbreon, M
|poke|p1|Crobat, F
|poke|p2|Florges, F
|poke|p2|Flygon, F
|poke|p2|Aerodactyl, M
|poke|p2|Virizion
|poke|p2|Swampert, F
|poke|p2|Reuniclus, M
|rule|Swagger Clause: Swagger is banned
|rule|Baton Pass Clause: Limit one PokÃ©mon knowing Baton Pass
|teampreview
|
|start
|switch|p1a: Forretress|Forretress, F|354\/354
|switch|p2a: Swampert|Swampert, F|401\/401
|turn|1
|
|move|p2a: Swampert|Scald|p1a: Forretress
|-damage|p1a: Forretress|224\/354
|move|p1a: Forretress|Toxic|p2a: Swampert
|-status|p2a: Swampert|tox
|
|-heal|p1a: Forretress|246\/354|[from] item: Leftovers
|-damage|p2a: Swampert|376\/401 tox|[from] psn
|turn|2
|
|move|p2a: Swampert|Scald|p1a: Forretress
|-damage|p1a: Forretress|126\/354
|-status|p1a: Forretress|brn
|move|p1a: Forretress|Spikes|p2a: Swampert
|-sidestart|p2: Angel Management|Spikes
|
|-heal|p2a: Swampert|401\/401 tox|[from] item: Leftovers
|-heal|p1a: Forretress|148\/354 brn|[from] item: Leftovers
|-damage|p2a: Swampert|351\/401 tox|[from] psn
|-damage|p1a: Forretress|104\/354 brn|[from] brn
|turn|3
|
|switch|p1a: Swampert|Swampert, F|404\/404
|move|p2a: Swampert|Scald|p1a: Swampert
|-damage|p1a: Swampert|308\/404
|-status|p1a: Swampert|brn
|
|-heal|p1a: Swampert|333\/404 brn|[from] item: Leftovers
|-heal|p2a: Swampert|376\/401 tox|[from] item: Leftovers
|-damage|p1a: Swampert|283\/404 brn|[from] brn
|-damage|p2a: Swampert|301\/401 tox|[from] psn
|turn|4
|join|rzangoose
|
|move|p1a: Swampert|Stealth Rock|p2a: Swampert
|-sidestart|p2: Angel Management|move: Stealth Rock
|move|p2a: Swampert|Stealth Rock|p1a: Swampert
|-sidestart|p1: King UU|move: Stealth Rock
|
|-heal|p1a: Swampert|308\/404 brn|[from] item: Leftovers
|-heal|p2a: Swampert|326\/401 tox|[from] item: Leftovers
|-damage|p1a: Swampert|258\/404 brn|[from] brn
|-damage|p2a: Swampert|226\/401 tox|[from] psn
|turn|5
|
|switch|p1a: Umbreon|Umbreon, M|394\/394
|-damage|p1a: Umbreon|345\/394|[from] Stealth Rock
|switch|p2a: Reuniclus|Reuniclus, M|422\/422
|
|-heal|p1a: Umbreon|369\/394|[from] item: Leftovers
|turn|6
|join|specs umbreon
|
|move|p1a: Umbreon|Heal Bell|p1a: Umbreon
|-cureteam|p1a: Umbreon|[from] move: HealBell
|move|p2a: Reuniclus|Calm Mind|p2a: Reuniclus
|-boost|p2a: Reuniclus|spa|1
|-boost|p2a: Reuniclus|spd|1
|
|-heal|p1a: Umbreon|393\/394|[from] item: Leftovers
|turn|7
|
|move|p1a: Umbreon|Wish|p1a: Umbreon
|move|p2a: Reuniclus|Signal Beam|p1a: Umbreon
|-supereffective|p1a: Umbreon
|-damage|p1a: Umbreon|234\/394
|
|-heal|p1a: Umbreon|258\/394|[from] item: Leftovers
|turn|8
|
|switch|p1a: Victini|Victini|341\/341
|-damage|p1a: Victini|256\/341|[from] Stealth Rock
|move|p2a: Reuniclus|Psychic|p1a: Victini
|-resisted|p1a: Victini
|-damage|p1a: Victini|127\/341
|
|-heal|p1a: Victini|324\/341|[from] move: Wish|[wisher] Umbreon
|turn|9
|
|switch|p2a: Flygon|Flygon, F|301\/301
|-damage|p2a: Flygon|283\/301|[from] Stealth Rock
|move|p1a: Victini|V-create|p2a: Flygon
|-resisted|p2a: Flygon
|-damage|p2a: Flygon|60\/301
|-unboost|p1a: Victini|def|1
|-unboost|p1a: Victini|spd|1
|-unboost|p1a: Victini|spe|1
|
|turn|10
|
|switch|p1a: Swampert|Swampert, F|258\/404
|-damage|p1a: Swampert|233\/404|[from] Stealth Rock
|move|p2a: Flygon|Outrage|p1a: Swampert
|-damage|p1a: Swampert|98\/404
|
|-heal|p1a: Swampert|123\/404|[from] item: Leftovers
|turn|11
|
|move|p2a: Flygon|Outrage|p1a: Swampert
|-damage|p1a: Swampert|0 fnt
|faint|p1a: Swampert
|
|-end|p2a: Flygon|rampage
|-start|p2a: Flygon|confusion
|
|switch|p1a: Forretress|Forretress, F|104\/354
|-damage|p1a: Forretress|60\/354|[from] Stealth Rock
|turn|12
|
|-activate|p2a: Flygon|confusion
|-damage|p2a: Flygon|14\/301|[from] confusion
|move|p1a: Forretress|Rapid Spin|p2a: Flygon
|-damage|p2a: Flygon|0 fnt
|-sideend|p1: King UU|Stealth Rock|[from] move: Rapid Spin|[of] p1a: Forretress
|faint|p2a: Flygon
|
|-heal|p1a: Forretress|82\/354|[from] item: Leftovers
|
|switch|p2a: Reuniclus|Reuniclus, M|422\/422
|turn|13
|
|move|p1a: Forretress|Volt Switch|p2a: Reuniclus
|-damage|p2a: Reuniclus|380\/422
|
|switch|p1a: Victini|Victini|324\/341
|move|p2a: Reuniclus|Psychic|p1a: Victini
|-resisted|p1a: Victini
|-damage|p1a: Victini|240\/341
|
|turn|14
|
|switch|p2a: Florges|Florges, F|360\/360
|-damage|p2a: Florges|315\/360|[from] Stealth Rock
|-damage|p2a: Florges|270\/360|[from] Spikes
|move|p1a: Victini|U-turn|p2a: Florges
|-resisted|p2a: Florges
|-damage|p2a: Florges|214\/360
|
|switch|p1a: Crobat|Crobat, F|331\/331
|
|-heal|p2a: Florges|236\/360|[from] item: Leftovers
|turn|15
|
|move|p2a: Florges|Protect|p2a: Florges
|-singleturn|p2a: Florges|Protect
|move|p1a: Crobat|Cross Poison|p2a: Florges
|-activate|p2a: Florges|Protect
|
|-heal|p2a: Florges|258\/360|[from] item: Leftovers
|turn|16
|join|Dudeman130498
|
|switch|p1a: Victini|Victini|240\/341
|switch|p2a: Aerodactyl|Aerodactyl, M|301\/301
|-damage|p2a: Aerodactyl|226\/301|[from] Stealth Rock
|
|turn|17
|
|detailschange|p2a: Aerodactyl|Aerodactyl-Mega, M
|message|Aerodactyl has Mega Evolved into Mega Aerodactyl!
|move|p2a: Aerodactyl|Stone Edge|p1a: Victini
|-supereffective|p1a: Victini
|-damage|p1a: Victini|0 fnt
|faint|p1a: Victini
|
|
|switch|p1a: Ampharos|Ampharos, M|374\/374
|turn|18
|
|switch|p2a: Florges|Florges, F|258\/360
|-damage|p2a: Florges|213\/360|[from] Spikes
|-damage|p2a: Florges|168\/360|[from] Stealth Rock
|detailschange|p1a: Ampharos|Ampharos-Mega, M
|message|Ampharos has Mega Evolved into Mega Ampharos!
|-ability|p1a: Ampharos|Mold Breaker
|move|p1a: Ampharos|Volt Switch|p2a: Florges
|-damage|p2a: Florges|75\/360
|
|switch|p1a: Crobat|Crobat, F|331\/331
|
|-heal|p2a: Florges|97\/360|[from] item: Leftovers
|turn|19
|
|move|p2a: Florges|Protect|p2a: Florges
|-singleturn|p2a: Florges|Protect
|move|p1a: Crobat|Brave Bird|p2a: Florges
|-activate|p2a: Florges|Protect
|
|-heal|p2a: Florges|119\/360|[from] item: Leftovers
|turn|20
|
|move|p1a: Crobat|Brave Bird|p2a: Florges
|-damage|p2a: Florges|0 fnt
|-damage|p1a: Crobat|292\/331|[from] recoil|[of] p2a: Florges
|faint|p2a: Florges
|
|join|Donphantastic
|
|switch|p2a: Aerodactyl|Aerodactyl-Mega, M|226\/301
|-damage|p2a: Aerodactyl|151\/301|[from] Stealth Rock
|turn|21
|
|move|p2a: Aerodactyl|Pursuit|p1a: Crobat|[from]Pursuit
|-damage|p1a: Crobat|119\/331
|switch|p1a: Forretress|Forretress, F|82\/354
|
|-heal|p1a: Forretress|104\/354|[from] item: Leftovers
|turn|22
|
|move|p2a: Aerodactyl|Stone Edge|p1a: Forretress
|-damage|p1a: Forretress|0 fnt
|faint|p1a: Forretress
|
|
|switch|p1a: Ampharos|Ampharos-Mega, M|374\/374
|-ability|p1a: Ampharos|Mold Breaker
|turn|23
|
|move|p2a: Aerodactyl|Roost|p2a: Aerodactyl
|-heal|p2a: Aerodactyl|301\/301
|move|p1a: Ampharos|Dragon Pulse|p2a: Aerodactyl
|-damage|p2a: Aerodactyl|97\/301
|
|turn|24
|
|move|p2a: Aerodactyl|Stone Edge|p1a: Ampharos
|-crit|p1a: Ampharos
|-damage|p1a: Ampharos|101\/374
|move|p1a: Ampharos|Dragon Pulse|p2a: Aerodactyl
|-damage|p2a: Aerodactyl|0 fnt
|faint|p2a: Aerodactyl
|
|c| Donphantastic|king do you mind looking over a team I'm working on? its done the best job at taking me off tilt and wanna get some opinions on it
|c|âKing UU|Sure.
|
|switch|p2a: Virizion|Virizion|323\/323
|-damage|p2a: Virizion|283\/323|[from] Spikes
|-damage|p2a: Virizion|263\/323|[from] Stealth Rock
|turn|25
|
|move|p2a: Virizion|Zen Headbutt|p1a: Ampharos
|-damage|p1a: Ampharos|32\/374
|move|p1a: Ampharos|Volt Switch|p2a: Virizion
|-resisted|p2a: Virizion
|-damage|p2a: Virizion|202\/323
|
|switch|p1a: Crobat|Crobat, F|119\/331
|
|turn|26
|
|switch|p2a: Swampert|Swampert, F|226\/401 tox
|-damage|p2a: Swampert|176\/401 tox|[from] Spikes
|-damage|p2a: Swampert|151\/401 tox|[from] Stealth Rock
|move|p1a: Crobat|Brave Bird|p2a: Swampert
|-damage|p2a: Swampert|16\/401 tox
|-damage|p1a: Crobat|74\/331|[from] recoil|[of] p2a: Swampert
|
|-heal|p2a: Swampert|41\/401 tox|[from] item: Leftovers
|-damage|p2a: Swampert|16\/401 tox|[from] psn
|turn|27
|
|move|p1a: Crobat|Brave Bird|p2a: Swampert
|-damage|p2a: Swampert|0 fnt
|-damage|p1a: Crobat|69\/331|[from] recoil|[of] p2a: Swampert
|faint|p2a: Swampert
|
|
|switch|p2a: Reuniclus|Reuniclus, M|380\/422
|turn|28
|
|switch|p1a: Umbreon|Umbreon, M|258\/394
|move|p2a: Reuniclus|Calm Mind|p2a: Reuniclus
|-boost|p2a: Reuniclus|spa|1
|-boost|p2a: Reuniclus|spd|1
|
|-heal|p1a: Umbreon|282\/394|[from] item: Leftovers
|turn|29
|
|move|p1a: Umbreon|Foul Play|p2a: Reuniclus
|-supereffective|p2a: Reuniclus
|-damage|p2a: Reuniclus|284\/422
|move|p2a: Reuniclus|Calm Mind|p2a: Reuniclus
|-boost|p2a: Reuniclus|spa|1
|-boost|p2a: Reuniclus|spd|1
|
|-heal|p1a: Umbreon|306\/394|[from] item: Leftovers
|turn|30
|
|move|p1a: Umbreon|Foul Play|p2a: Reuniclus
|-supereffective|p2a: Reuniclus
|-damage|p2a: Reuniclus|188\/422
|move|p2a: Reuniclus|Recover|p2a: Reuniclus
|-heal|p2a: Reuniclus|399\/422
|
|-heal|p1a: Umbreon|330\/394|[from] item: Leftovers
|turn|31
|
|move|p1a: Umbreon|Foul Play|p2a: Reuniclus
|-supereffective|p2a: Reuniclus
|-damage|p2a: Reuniclus|291\/422
|move|p2a: Reuniclus|Calm Mind|p2a: Reuniclus
|-boost|p2a: Reuniclus|spa|1
|-boost|p2a: Reuniclus|spd|1
|
|-heal|p1a: Umbreon|354\/394|[from] item: Leftovers
|turn|32
|c| Dudeman130498|quick outspeed and kill it with the scar fcrobat
|
|move|p1a: Umbreon|Foul Play|p2a: Reuniclus
|-supereffective|p2a: Reuniclus
|-damage|p2a: Reuniclus|195\/422
|move|p2a: Reuniclus|Recover|p2a: Reuniclus
|-heal|p2a: Reuniclus|406\/422
|
|-heal|p1a: Umbreon|378\/394|[from] item: Leftovers
|turn|33
|
|move|p1a: Umbreon|Foul Play|p2a: Reuniclus
|-supereffective|p2a: Reuniclus
|-damage|p2a: Reuniclus|308\/422
|move|p2a: Reuniclus|Signal Beam|p1a: Umbreon
|-supereffective|p1a: Umbreon
|-damage|p1a: Umbreon|92\/394
|
|-heal|p1a: Umbreon|116\/394|[from] item: Leftovers
|turn|34
|leave|rzangoose
|
|move|p1a: Umbreon|Foul Play|p2a: Reuniclus
|-supereffective|p2a: Reuniclus
|-damage|p2a: Reuniclus|206\/422
|move|p2a: Reuniclus|Recover|p2a: Reuniclus
|-heal|p2a: Reuniclus|417\/422
|
|-heal|p1a: Umbreon|140\/394|[from] item: Leftovers
|turn|35
|
|move|p1a: Umbreon|Foul Play|p2a: Reuniclus
|-supereffective|p2a: Reuniclus
|-damage|p2a: Reuniclus|313\/422
|move|p2a: Reuniclus|Signal Beam|p1a: Umbreon
|-supereffective|p1a: Umbreon
|-damage|p1a: Umbreon|0 fnt
|faint|p1a: Umbreon
|
|
|switch|p1a: Crobat|Crobat, F|69\/331
|turn|36
|
|move|p1a: Crobat|U-turn|p2a: Reuniclus
|-supereffective|p2a: Reuniclus
|-damage|p2a: Reuniclus|193\/422
|
|switch|p1a: Ampharos|Ampharos-Mega, M|32\/374
|-ability|p1a: Ampharos|Mold Breaker
|move|p2a: Reuniclus|Psychic|p1a: Ampharos
|-damage|p1a: Ampharos|0 fnt
|faint|p1a: Ampharos
|
|
|switch|p1a: Crobat|Crobat, F|69\/331
|turn|37
|
|move|p1a: Crobat|Brave Bird|p2a: Reuniclus
|-damage|p2a: Reuniclus|37\/422
|-damage|p1a: Crobat|18\/331|[from] recoil|[of] p2a: Reuniclus
|move|p2a: Reuniclus|Psychic|p1a: Crobat
|-supereffective|p1a: Crobat
|-damage|p1a: Crobat|0 fnt
|faint|p1a: Crobat
|
|win|Angel Management
|raw|Ladder updating...
|raw|King UU's rating: 1677 &rarr; <strong>1654<\/strong><br \/>(-23 for losing)
|raw|Angel Management's rating: 1618 &rarr; <strong>1641<\/strong><br \/>(+23 for winning)
|c|âKing UU|gg
|c|âAngel Management|gg
|leave|Angel Management
|player|p2
|leave|King UU
|player|p1