|join|WWizard
|join|Angel Management
|player|p1|WWizard|56
|player|p2|Angel Management|86
|gametype|singles
|gen|6
|tier|UU
|rated
|rule|Sleep Clause Mod: Limit one foe put to sleep
|rule|Species Clause: Limit one of each PokÃ©mon
|rule|OHKO Clause: OHKO moves are banned
|rule|Moody Clause: Moody is banned
|rule|Evasion Moves Clause: Evasion moves are banned
|rule|Endless Battle Clause: Forcing endless battles is banned
|rule|HP Percentage Mod: HP is shown in percentages
|clearpoke
|poke|p1|Hydreigon, M
|poke|p1|Raikou
|poke|p1|Florges, F
|poke|p1|Forretress, F
|poke|p1|Swampert, M
|poke|p1|Chandelure, F
|poke|p2|Florges, F
|poke|p2|Chandelure, M
|poke|p2|Flygon, F
|poke|p2|Swampert, F
|poke|p2|Suicune
|poke|p2|Jirachi, shiny
|rule|Swagger Clause: Swagger is banned
|rule|Baton Pass Clause: Limit one PokÃ©mon knowing Baton Pass
|teampreview
|
|start
|switch|p1a: Forretress|Forretress, F|354\/354
|switch|p2a: Suicune|Suicune|401\/401
|-ability|p2a: Suicune|Pressure
|turn|1
|
|move|p2a: Suicune|Scald|p1a: Forretress
|-damage|p1a: Forretress|221\/354
|move|p1a: Forretress|Spikes|p2a: Suicune
|-sidestart|p2: Angel Management|Spikes
|
|-heal|p1a: Forretress|243\/354|[from] item: Leftovers
|turn|2
|
|switch|p1a: Raikou|Raikou|384\/384
|-ability|p1a: Raikou|Pressure
|move|p2a: Suicune|Scald|p1a: Raikou
|-damage|p1a: Raikou|293\/384
|-status|p1a: Raikou|brn
|
|-heal|p1a: Raikou|317\/384 brn|[from] item: Leftovers
|-damage|p1a: Raikou|269\/384 brn|[from] brn
|turn|3
|
|switch|p1a: Swampert|Swampert, M|404\/404
|switch|p2a: Florges|Florges, F|360\/360
|-damage|p2a: Florges|315\/360|[from] Spikes
|
|-heal|p2a: Florges|337\/360|[from] item: Leftovers
|turn|4
|
|move|p2a: Florges|Moonblast|p1a: Swampert
|-damage|p1a: Swampert|268\/404
|move|p1a: Swampert|Stealth Rock|p2a: Florges
|-sidestart|p2: Angel Management|move: Stealth Rock
|
|-heal|p2a: Florges|359\/360|[from] item: Leftovers
|-heal|p1a: Swampert|293\/404|[from] item: Leftovers
|turn|5
|
|switch|p1a: Florges|Florges, F|360\/360
|move|p2a: Florges|Moonblast|p1a: Florges
|-damage|p1a: Florges|285\/360
|-unboost|p1a: Florges|spa|1
|
|-heal|p2a: Florges|360\/360|[from] item: Leftovers
|-heal|p1a: Florges|307\/360|[from] item: Leftovers
|turn|6
|
|move|p2a: Florges|Moonblast|p1a: Florges
|-damage|p1a: Florges|228\/360
|-unboost|p1a: Florges|spa|1
|move|p1a: Florges|Aromatherapy|p1a: Florges
|-cureteam|p1a: Florges|[from] move: Aromatherapy
|
|-heal|p1a: Florges|250\/360|[from] item: Leftovers
|turn|7
|
|move|p1a: Florges|Wish|p1a: Florges
|move|p2a: Florges|Wish|p2a: Florges
|
|-heal|p1a: Florges|272\/360|[from] item: Leftovers
|turn|8
|
|switch|p1a: Forretress|Forretress, F|243\/354
|move|p2a: Florges|Moonblast|p1a: Forretress
|-resisted|p1a: Forretress
|-damage|p1a: Forretress|147\/354
|-unboost|p1a: Forretress|spa|1
|
|-heal|p1a: Forretress|327\/354|[from] move: Wish|[wisher] Florges
|-heal|p1a: Forretress|349\/354|[from] item: Leftovers
|turn|9
|
|move|p2a: Florges|Moonblast|p1a: Forretress
|-resisted|p1a: Forretress
|-damage|p1a: Forretress|265\/354
|move|p1a: Forretress|Spikes|p2a: Florges
|-sidestart|p2: Angel Management|Spikes
|
|-heal|p1a: Forretress|287\/354|[from] item: Leftovers
|turn|10
|
|move|p2a: Florges|Wish|p2a: Florges
|move|p1a: Forretress|Spikes|p2a: Florges
|-sidestart|p2: Angel Management|Spikes
|
|-heal|p1a: Forretress|309\/354|[from] item: Leftovers
|turn|11
|
|switch|p2a: Flygon|Flygon, F|301\/301
|-damage|p2a: Flygon|283\/301|[from] Stealth Rock
|move|p1a: Forretress|Volt Switch|p2a: Flygon
|-immune|p2a: Flygon|[msg]
|
|-heal|p2a: Flygon|301\/301|[from] move: Wish|[wisher] Florges
|-heal|p1a: Forretress|331\/354|[from] item: Leftovers
|turn|12
|join|ah yueah
|
|move|p2a: Flygon|Defog|p1a: Forretress
|-unboost|p1a: Forretress|evasion|1
|-sideend|p2: Angel Management|Spikes|[from] move: Defog|[of] p2a: Flygon
|-sideend|p2: Angel Management|Stealth Rock|[from] move: Defog|[of] p2a: Flygon
|move|p1a: Forretress|Gyro Ball|p2a: Flygon
|-damage|p2a: Flygon|105\/301
|
|-heal|p1a: Forretress|353\/354|[from] item: Leftovers
|turn|13
|
|switch|p2a: we got the jazz|Chandelure, M|285\/285
|move|p1a: Forretress|Spikes|p2a: we got the jazz
|-sidestart|p2: Angel Management|Spikes
|
|-heal|p1a: Forretress|354\/354|[from] item: Leftovers
|turn|14
|
|switch|p1a: Hydreigon|Hydreigon, M|325\/325
|move|p2a: we got the jazz|Flamethrower|p1a: Hydreigon
|-resisted|p1a: Hydreigon
|-damage|p1a: Hydreigon|232\/325
|
|turn|15
|
|switch|p2a: Florges|Florges, F|360\/360
|-damage|p2a: Florges|315\/360|[from] Spikes
|move|p1a: Hydreigon|U-turn|p2a: Florges
|-resisted|p2a: Florges
|-damage|p2a: Florges|286\/360
|
|switch|p1a: Swampert|Swampert, M|293\/404
|
|-heal|p2a: Florges|308\/360|[from] item: Leftovers
|-heal|p1a: Swampert|318\/404|[from] item: Leftovers
|turn|16
|
|move|p2a: Florges|Moonblast|p1a: Swampert
|-damage|p1a: Swampert|189\/404
|move|p1a: Swampert|Stealth Rock|p2a: Florges
|-sidestart|p2: Angel Management|move: Stealth Rock
|
|-heal|p2a: Florges|330\/360|[from] item: Leftovers
|-heal|p1a: Swampert|214\/404|[from] item: Leftovers
|turn|17
|
|switch|p1a: Florges|Florges, F|272\/360
|move|p2a: Florges|Wish|p2a: Florges
|
|-heal|p1a: Florges|294\/360|[from] item: Leftovers
|-heal|p2a: Florges|352\/360|[from] item: Leftovers
|turn|18
|
|switch|p2a: we got the jazz|Chandelure, M|285\/285
|-damage|p2a: we got the jazz|214\/285|[from] Stealth Rock
|-damage|p2a: we got the jazz|179\/285|[from] Spikes
|move|p1a: Florges|Wish|p1a: Florges
|
|-heal|p2a: we got the jazz|285\/285|[from] move: Wish|[wisher] Florges
|-heal|p1a: Florges|316\/360|[from] item: Leftovers
|turn|19
|
|switch|p1a: Hydreigon|Hydreigon, M|232\/325
|move|p2a: we got the jazz|Substitute|p2a: we got the jazz
|-start|p2a: we got the jazz|Substitute
|-damage|p2a: we got the jazz|214\/285
|
|-heal|p1a: Hydreigon|325\/325|[from] move: Wish|[wisher] Florges
|-heal|p2a: we got the jazz|231\/285|[from] item: Leftovers
|turn|20
|
|move|p1a: Hydreigon|Dark Pulse|p2a: we got the jazz
|-supereffective|p2a: we got the jazz
|-end|p2a: we got the jazz|Substitute
|move|p2a: we got the jazz|Flamethrower|p1a: Hydreigon
|-resisted|p1a: Hydreigon
|-damage|p1a: Hydreigon|232\/325
|
|-heal|p2a: we got the jazz|248\/285|[from] item: Leftovers
|turn|21
|
|switch|p2a: Florges|Florges, F|352\/360
|-damage|p2a: Florges|307\/360|[from] Stealth Rock
|-damage|p2a: Florges|262\/360|[from] Spikes
|move|p1a: Hydreigon|Dark Pulse|p2a: Florges
|-resisted|p2a: Florges
|-damage|p2a: Florges|212\/360
|
|-heal|p2a: Florges|234\/360|[from] item: Leftovers
|turn|22
|
|switch|p1a: Forretress|Forretress, F|354\/354
|move|p2a: Florges|Wish|p2a: Florges
|
|-heal|p2a: Florges|256\/360|[from] item: Leftovers
|turn|23
|
|switch|p2a: Swampert|Swampert, F|401\/401
|-damage|p2a: Swampert|351\/401|[from] Spikes
|-damage|p2a: Swampert|326\/401|[from] Stealth Rock
|move|p1a: Forretress|Gyro Ball|p2a: Swampert
|-resisted|p2a: Swampert
|-damage|p2a: Swampert|305\/401
|
|-heal|p2a: Swampert|401\/401|[from] move: Wish|[wisher] Florges
|turn|24
|
|move|p2a: Swampert|Scald|p1a: Forretress
|-damage|p1a: Forretress|230\/354
|move|p1a: Forretress|Spikes|p2a: Swampert
|-sidestart|p2: Angel Management|Spikes
|
|-heal|p1a: Forretress|252\/354|[from] item: Leftovers
|turn|25
|
|switch|p1a: Florges|Florges, F|316\/360
|move|p2a: Swampert|Scald|p1a: Florges
|-damage|p1a: Florges|268\/360
|-status|p1a: Florges|brn
|
|-heal|p1a: Florges|290\/360 brn|[from] item: Leftovers
|-damage|p1a: Florges|245\/360 brn|[from] brn
|turn|26
|
|switch|p1a: Hydreigon|Hydreigon, M|232\/325
|move|p2a: Swampert|Earthquake|p1a: Hydreigon
|-immune|p1a: Hydreigon|[msg]
|
|turn|27
|
|move|p1a: Hydreigon|U-turn|p2a: Swampert
|-damage|p2a: Swampert|358\/401
|
|switch|p1a: Swampert|Swampert, M|214\/404
|move|p2a: Swampert|Scald|p1a: Swampert
|-damage|p1a: Swampert|126\/404
|
|-heal|p1a: Swampert|151\/404|[from] item: Leftovers
|-heal|p2a: Swampert|383\/401|[from] item: Leftovers
|turn|28
|
|move|p2a: Swampert|Scald|p1a: Swampert
|-damage|p1a: Swampert|63\/404
|move|p1a: Swampert|Roar|p2a: Swampert
|drag|p2a: Suicune|Suicune|401\/401
|-damage|p2a: Suicune|351\/401|[from] Stealth Rock
|-damage|p2a: Suicune|285\/401|[from] Spikes
|-ability|p2a: Suicune|Pressure
|
|-heal|p2a: Suicune|310\/401|[from] item: Leftovers
|-heal|p1a: Swampert|88\/404|[from] item: Leftovers
|turn|29
|
|switch|p1a: Florges|Florges, F|245\/360 brn
|move|p2a: Suicune|Scald|p1a: Florges
|-damage|p1a: Florges|196\/360 brn
|
|-heal|p2a: Suicune|335\/401|[from] item: Leftovers
|-heal|p1a: Florges|218\/360 brn|[from] item: Leftovers
|-damage|p1a: Florges|173\/360 brn|[from] brn
|turn|30
|
|switch|p2a: Swampert|Swampert, F|383\/401
|-damage|p2a: Swampert|358\/401|[from] Stealth Rock
|-damage|p2a: Swampert|292\/401|[from] Spikes
|move|p1a: Florges|Aromatherapy|p1a: Florges
|-cureteam|p1a: Florges|[from] move: Aromatherapy
|
|-heal|p1a: Florges|195\/360|[from] item: Leftovers
|-heal|p2a: Swampert|317\/401|[from] item: Leftovers
|turn|31
|
|move|p1a: Florges|Wish|p1a: Florges
|move|p2a: Swampert|Earthquake|p1a: Florges
|-damage|p1a: Florges|50\/360
|
|-heal|p1a: Florges|72\/360|[from] item: Leftovers
|-heal|p2a: Swampert|342\/401|[from] item: Leftovers
|turn|32
|
|move|p1a: Florges|Protect|p1a: Florges
|-singleturn|p1a: Florges|Protect
|move|p2a: Swampert|Roar|p1a: Florges
|drag|p1a: Forretress|Forretress, F|252\/354
|
|-heal|p1a: Forretress|354\/354|[from] move: Wish|[wisher] Florges
|-heal|p2a: Swampert|367\/401|[from] item: Leftovers
|turn|33
|
|switch|p1a: Hydreigon|Hydreigon, M|232\/325
|move|p2a: Swampert|Stealth Rock|p1a: Hydreigon
|-sidestart|p1: WWizard|move: Stealth Rock
|
|-heal|p2a: Swampert|392\/401|[from] item: Leftovers
|turn|34
|
|move|p1a: Hydreigon|Draco Meteor|p2a: Swampert
|-crit|p2a: Swampert
|-damage|p2a: Swampert|8\/401
|-unboost|p1a: Hydreigon|spa|2
|move|p2a: Swampert|Scald|p1a: Hydreigon
|-resisted|p1a: Hydreigon
|-damage|p1a: Hydreigon|171\/325
|-status|p1a: Hydreigon|brn
|
|-heal|p2a: Swampert|33\/401|[from] item: Leftovers
|-damage|p1a: Hydreigon|131\/325 brn|[from] brn
|turn|35
|
|move|p1a: Hydreigon|Draco Meteor|p2a: Swampert
|-damage|p2a: Swampert|0 fnt
|-unboost|p1a: Hydreigon|spa|2
|faint|p2a: Swampert
|
|-damage|p1a: Hydreigon|91\/325 brn|[from] brn
|
|switch|p2a: Flygon|Flygon, F|105\/301
|-damage|p2a: Flygon|87\/301|[from] Stealth Rock
|turn|36
|
|move|p2a: Flygon|U-turn|p1a: Hydreigon
|-supereffective|p1a: Hydreigon
|-damage|p1a: Hydreigon|0 fnt
|faint|p1a: Hydreigon
|
|switch|p2a: Florges|Florges, F|256\/360
|-damage|p2a: Florges|211\/360|[from] Stealth Rock
|-damage|p2a: Florges|151\/360|[from] Spikes
|
|-heal|p2a: Florges|173\/360|[from] item: Leftovers
|
|switch|p1a: Chandelure|Chandelure, F|261\/261
|-damage|p1a: Chandelure|196\/261|[from] Stealth Rock
|turn|37
|
|move|p1a: Chandelure|Substitute|p1a: Chandelure
|-start|p1a: Chandelure|Substitute
|-damage|p1a: Chandelure|131\/261
|move|p2a: Florges|Wish|p2a: Florges
|
|-heal|p1a: Chandelure|147\/261|[from] item: Leftovers
|-heal|p2a: Florges|195\/360|[from] item: Leftovers
|turn|38
|
|switch|p2a: Suicune|Suicune|335\/401
|-damage|p2a: Suicune|285\/401|[from] Stealth Rock
|-damage|p2a: Suicune|219\/401|[from] Spikes
|-ability|p2a: Suicune|Pressure
|move|p1a: Chandelure|Calm Mind|p1a: Chandelure
|-boost|p1a: Chandelure|spa|1
|-boost|p1a: Chandelure|spd|1
|
|-heal|p2a: Suicune|399\/401|[from] move: Wish|[wisher] Florges
|-heal|p1a: Chandelure|163\/261|[from] item: Leftovers
|-heal|p2a: Suicune|401\/401|[from] item: Leftovers
|turn|39
|
|move|p1a: Chandelure|Shadow Ball|p2a: Suicune
|-damage|p2a: Suicune|194\/401
|-unboost|p2a: Suicune|spd|1
|move|p2a: Suicune|Scald|p1a: Chandelure
|-supereffective|p1a: Chandelure
|-end|p1a: Chandelure|Substitute
|
|-heal|p1a: Chandelure|179\/261|[from] item: Leftovers
|-heal|p2a: Suicune|219\/401|[from] item: Leftovers
|turn|40
|
|move|p1a: Chandelure|Shadow Ball|p2a: Suicune
|-damage|p2a: Suicune|0 fnt
|faint|p2a: Suicune
|
|-heal|p1a: Chandelure|195\/261|[from] item: Leftovers
|
|switch|p2a: Flygon|Flygon, F|87\/301
|-damage|p2a: Flygon|69\/301|[from] Stealth Rock
|turn|41
|
|switch|p1a: Forretress|Forretress, F|354\/354
|-damage|p1a: Forretress|310\/354|[from] Stealth Rock
|move|p2a: Flygon|Earthquake|p1a: Forretress
|-damage|p1a: Forretress|225\/354
|
|-heal|p1a: Forretress|247\/354|[from] item: Leftovers
|turn|42
|
|switch|p2a: we got the jazz|Chandelure, M|248\/285
|-damage|p2a: we got the jazz|177\/285|[from] Stealth Rock
|-damage|p2a: we got the jazz|130\/285|[from] Spikes
|move|p1a: Forretress|Rapid Spin|p2a: we got the jazz
|-immune|p2a: we got the jazz|[msg]
|
|-heal|p2a: we got the jazz|147\/285|[from] item: Leftovers
|-heal|p1a: Forretress|269\/354|[from] item: Leftovers
|turn|43
|
|switch|p1a: Raikou|Raikou|269\/384
|-damage|p1a: Raikou|221\/384|[from] Stealth Rock
|-ability|p1a: Raikou|Pressure
|move|p2a: we got the jazz|Substitute|p2a: we got the jazz
|-start|p2a: we got the jazz|Substitute
|-damage|p2a: we got the jazz|76\/285
|
|-heal|p1a: Raikou|245\/384|[from] item: Leftovers
|-heal|p2a: we got the jazz|93\/285|[from] item: Leftovers
|turn|44
|
|move|p1a: Raikou|Thunderbolt|p2a: we got the jazz
|-end|p2a: we got the jazz|Substitute
|move|p2a: we got the jazz|Flamethrower|p1a: Raikou
|-damage|p1a: Raikou|80\/384
|
|-heal|p1a: Raikou|104\/384|[from] item: Leftovers
|-heal|p2a: we got the jazz|110\/285|[from] item: Leftovers
|turn|45
|
|switch|p2a: Florges|Florges, F|195\/360
|-damage|p2a: Florges|135\/360|[from] Spikes
|-damage|p2a: Florges|90\/360|[from] Stealth Rock
|move|p1a: Raikou|Thunderbolt|p2a: Florges
|-crit|p2a: Florges
|-damage|p2a: Florges|0 fnt
|faint|p2a: Florges
|
|-heal|p1a: Raikou|128\/384|[from] item: Leftovers
|
|switch|p2a: Flygon|Flygon, F|69\/301
|-damage|p2a: Flygon|51\/301|[from] Stealth Rock
|turn|46
|
|switch|p1a: Swampert|Swampert, M|88\/404
|-damage|p1a: Swampert|63\/404|[from] Stealth Rock
|move|p2a: Flygon|Earthquake|p1a: Swampert
|-damage|p1a: Swampert|0 fnt
|faint|p1a: Swampert
|
|
|switch|p1a: Forretress|Forretress, F|269\/354
|-damage|p1a: Forretress|225\/354|[from] Stealth Rock
|turn|47
|
|switch|p2a: we got the jazz|Chandelure, M|110\/285
|-damage|p2a: we got the jazz|39\/285|[from] Stealth Rock
|-damage|p2a: we got the jazz|0 fnt|[from] Spikes
|faint|p2a: we got the jazz
|move|p1a: Forretress|Volt Switch|p2: we got the jazz|[notarget]
|-notarget
|
|-heal|p1a: Forretress|247\/354|[from] item: Leftovers
|
|switch|p2a: Flygon|Flygon, F|51\/301
|-damage|p2a: Flygon|33\/301|[from] Stealth Rock
|turn|48
|
|move|p2a: Flygon|Defog|p1a: Forretress
|-unboost|p1a: Forretress|evasion|1
|-sideend|p1: WWizard|Stealth Rock|[from] move: Defog|[of] p1a: Forretress
|-sideend|p2: Angel Management|Spikes|[from] move: Defog|[of] p2a: Flygon
|-sideend|p2: Angel Management|Stealth Rock|[from] move: Defog|[of] p2a: Flygon
|move|p1a: Forretress|Rapid Spin|p2a: Flygon
|-damage|p2a: Flygon|16\/301
|
|-heal|p1a: Forretress|269\/354|[from] item: Leftovers
|turn|49
|
|switch|p2a: Jirachi|Jirachi, shiny|341\/341
|move|p1a: Forretress|Spikes|p2a: Jirachi
|-sidestart|p2: Angel Management|Spikes
|
|-heal|p1a: Forretress|291\/354|[from] item: Leftovers
|turn|50
|leave|ah yueah
|
|move|p2a: Jirachi|Calm Mind|p2a: Jirachi
|-boost|p2a: Jirachi|spa|1
|-boost|p2a: Jirachi|spd|1
|move|p1a: Forretress|Volt Switch|p2a: Jirachi
|-damage|p2a: Jirachi|315\/341
|
|switch|p1a: Raikou|Raikou|128\/384
|-ability|p1a: Raikou|Pressure
|
|-heal|p1a: Raikou|152\/384|[from] item: Leftovers
|turn|51
|
|move|p1a: Raikou|Calm Mind|p1a: Raikou
|-boost|p1a: Raikou|spa|1
|-boost|p1a: Raikou|spd|1
|move|p2a: Jirachi|Psyshock|p1a: Raikou
|-crit|p1a: Raikou
|-damage|p1a: Raikou|0 fnt
|faint|p1a: Raikou
|
|
|switch|p1a: Chandelure|Chandelure, F|195\/261
|turn|52
|
|move|p2a: Jirachi|Shadow Ball|p1a: Chandelure
|-supereffective|p1a: Chandelure
|-damage|p1a: Chandelure|0 fnt
|faint|p1a: Chandelure
|
|-message|WWizard forfeited.
|
|win|Angel Management
|raw|Ladder updating...
|leave|WWizard
|player|p1
|raw|WWizard's rating: 1638 &rarr; <strong>1618<\/strong><br \/>(-20 for losing)
|raw|Angel Management's rating: 1649 &rarr; <strong>1669<\/strong><br \/>(+20 for winning)