|join|Lixx
|join|Angel Management
|player|p1|Lixx|159
|player|p2|Angel Management|86
|gametype|singles
|gen|6
|tier|UU
|rule|Sleep Clause Mod: Limit one foe put to sleep
|rule|Species Clause: Limit one of each PokÃ©mon
|rule|OHKO Clause: OHKO moves are banned
|rule|Moody Clause: Moody is banned
|rule|Evasion Moves Clause: Evasion moves are banned
|rule|Endless Battle Clause: Forcing endless battles is banned
|rule|HP Percentage Mod: HP is shown in percentages
|clearpoke
|poke|p1|Nidoqueen, F
|poke|p1|Lucario, M
|poke|p1|Raikou
|poke|p1|Togekiss, F
|poke|p1|Dugtrio, F
|poke|p1|Hydreigon, M
|poke|p2|Suicune
|poke|p2|Raikou, shiny
|poke|p2|Aerodactyl, M
|poke|p2|Swampert, F
|poke|p2|Flygon, M
|poke|p2|Reuniclus, F
|rule|Swagger Clause: Swagger is banned
|rule|Baton Pass Clause: Limit one PokÃ©mon knowing Baton Pass
|teampreview
|c|âLixx|hf
|c|âAngel Management|ty
|
|start
|switch|p1a: Raikou|Raikou|322\/322
|switch|p2a: Flygon|Flygon, M|301\/301
|-ability|p1a: Raikou|Pressure
|turn|1
|
|switch|p1a: Togekiss|Togekiss, F|373\/373
|move|p2a: Flygon|U-turn|p1a: Togekiss
|-resisted|p1a: Togekiss
|-damage|p1a: Togekiss|355\/373
|
|switch|p2a: Aerodactyl|Aerodactyl, M|301\/301
|-ability|p2a: Aerodactyl|Pressure
|
|-heal|p1a: Togekiss|373\/373|[from] item: Leftovers
|turn|2
|
|detailschange|p2a: Aerodactyl|Aerodactyl-Mega, M
|message|Aerodactyl has Mega Evolved into Mega Aerodactyl!
|move|p2a: Aerodactyl|Aqua Tail|p1a: Togekiss
|-damage|p1a: Togekiss|213\/373
|move|p1a: Togekiss|Thunder Wave|p2a: Aerodactyl
|-status|p2a: Aerodactyl|par
|
|-heal|p1a: Togekiss|236\/373|[from] item: Leftovers
|turn|3
|
|move|p1a: Togekiss|Roost|p1a: Togekiss
|-heal|p1a: Togekiss|373\/373
|move|p2a: Aerodactyl|Aqua Tail|p1a: Togekiss
|-damage|p1a: Togekiss|212\/373
|
|-heal|p1a: Togekiss|235\/373|[from] item: Leftovers
|turn|4
|
|move|p1a: Togekiss|Air Slash|p2a: Aerodactyl
|-resisted|p2a: Aerodactyl
|-damage|p2a: Aerodactyl|246\/301 par
|cant|p2a: Aerodactyl|flinch
|
|-heal|p1a: Togekiss|258\/373|[from] item: Leftovers
|turn|5
|
|move|p1a: Togekiss|Air Slash|p2a: Aerodactyl
|-resisted|p2a: Aerodactyl
|-damage|p2a: Aerodactyl|194\/301 par
|cant|p2a: Aerodactyl|flinch
|
|-heal|p1a: Togekiss|281\/373|[from] item: Leftovers
|turn|6
|
|move|p1a: Togekiss|Air Slash|p2a: Aerodactyl
|-resisted|p2a: Aerodactyl
|-damage|p2a: Aerodactyl|139\/301 par
|cant|p2a: Aerodactyl|par
|
|-heal|p1a: Togekiss|304\/373|[from] item: Leftovers
|turn|7
|
|move|p1a: Togekiss|Air Slash|p2a: Aerodactyl
|-crit|p2a: Aerodactyl
|-resisted|p2a: Aerodactyl
|-damage|p2a: Aerodactyl|55\/301 par
|cant|p2a: Aerodactyl|flinch
|
|-heal|p1a: Togekiss|327\/373|[from] item: Leftovers
|turn|8
|
|move|p1a: Togekiss|Air Slash|p2a: Aerodactyl
|-resisted|p2a: Aerodactyl
|-damage|p2a: Aerodactyl|5\/301 par
|cant|p2a: Aerodactyl|par
|
|-heal|p1a: Togekiss|350\/373|[from] item: Leftovers
|turn|9
|join|kyla-kylls
|
|move|p1a: Togekiss|Air Slash|p2a: Aerodactyl
|-resisted|p2a: Aerodactyl
|-damage|p2a: Aerodactyl|0 fnt
|faint|p2a: Aerodactyl
|
|-heal|p1a: Togekiss|373\/373|[from] item: Leftovers
|join|Freelancer Mac
|
|switch|p2a: Suicune|Suicune|401\/401
|-ability|p2a: Suicune|Pressure
|turn|10
|join|Thisbemyalt
|
|switch|p1a: Raikou|Raikou|322\/322
|-ability|p1a: Raikou|Pressure
|move|p2a: Suicune|Scald|p1a: Raikou
|-damage|p1a: Raikou|243\/322
|
|turn|11
|join|Kawabanga-kun
|
|switch|p2a: Raikou|Raikou, shiny|364\/364
|-ability|p2a: Raikou|Pressure
|move|p1a: Raikou|Thunderbolt|p2a: Raikou
|-resisted|p2a: Raikou
|-damage|p2a: Raikou|294\/364
|
|-heal|p2a: Raikou|316\/364|[from] item: Leftovers
|turn|12
|join|Shit User
|
|switch|p1a: Dugtrio|Dugtrio, F|211\/211
|switch|p2a: Swampert|Swampert, F|401\/401
|
|turn|13
|c| Thisbemyalt|So shir user
|
|switch|p1a: Hydreigon|Hydreigon, M|325\/325
|move|p2a: Swampert|Scald|p1a: Hydreigon
|-resisted|p1a: Hydreigon
|-damage|p1a: Hydreigon|281\/325
|
|turn|14
|c| Thisbemyalt|Who do u think will win
|
|move|p1a: Hydreigon|Dark Pulse|p2a: Swampert
|-damage|p2a: Swampert|220\/401
|-damage|p1a: Hydreigon|249\/325|[from] item: Life Orb
|cant|p2a: Swampert|flinch
|
|-heal|p2a: Swampert|245\/401|[from] item: Leftovers
|turn|15
|
|switch|p2a: Raikou|Raikou, shiny|316\/364
|-ability|p2a: Raikou|Pressure
|move|p1a: Hydreigon|Dark Pulse|p2a: Raikou
|-damage|p2a: Raikou|137\/364
|-damage|p1a: Hydreigon|217\/325|[from] item: Life Orb
|
|-heal|p2a: Raikou|159\/364|[from] item: Leftovers
|turn|16
|c| Thisbemyalt|I pretty much have to say lixx cause he my nigga
|c| kyla-kylls|lixx 
|
|switch|p1a: Raikou|Raikou|243\/322
|-ability|p1a: Raikou|Pressure
|move|p2a: Raikou|Hidden Power|p1a: Raikou
|-damage|p1a: Raikou|180\/322
|
|-heal|p2a: Raikou|181\/364|[from] item: Leftovers
|turn|17
|
|move|p1a: Raikou|Extrasensory|p2a: Raikou
|-damage|p2a: Raikou|96\/364
|move|p2a: Raikou|Hidden Power|p1a: Raikou
|-damage|p1a: Raikou|123\/322
|
|-heal|p2a: Raikou|118\/364|[from] item: Leftovers
|turn|18
|
|move|p1a: Raikou|Extrasensory|p2a: Raikou
|-damage|p2a: Raikou|36\/364
|move|p2a: Raikou|Thunderbolt|p1a: Raikou
|-resisted|p1a: Raikou
|-damage|p1a: Raikou|56\/322
|
|-heal|p2a: Raikou|58\/364|[from] item: Leftovers
|turn|19
|
|switch|p2a: Reuniclus|Reuniclus, F|422\/422
|move|p1a: Raikou|Extrasensory|p2a: Reuniclus
|-crit|p2a: Reuniclus
|-resisted|p2a: Reuniclus
|-damage|p2a: Reuniclus|346\/422
|
|turn|20
|
|switch|p2a: Flygon|Flygon, M|301\/301
|move|p1a: Raikou|Volt Switch|p2a: Flygon
|-immune|p2a: Flygon|[msg]
|
|turn|21
|c|âLixx|o nb
|
|switch|p1a: Togekiss|Togekiss, F|373\/373
|move|p2a: Flygon|U-turn|p1a: Togekiss
|-resisted|p1a: Togekiss
|-damage|p1a: Togekiss|354\/373
|c| Thisbemyalt|Predict band
|
|switch|p2a: Suicune|Suicune|401\/401
|-ability|p2a: Suicune|Pressure
|
|-heal|p1a: Togekiss|373\/373|[from] item: Leftovers
|turn|22
|
|switch|p1a: Raikou|Raikou|56\/322
|-ability|p1a: Raikou|Pressure
|move|p2a: Suicune|Scald|p1a: Raikou
|-damage|p1a: Raikou|0 fnt
|faint|p1a: Raikou
|
|
|switch|p1a: Lucario|Lucario, M|281\/281
|turn|23
|
|move|p2a: Suicune|Scald|p1a: Lucario
|-damage|p1a: Lucario|163\/281
|move|p1a: Lucario|Swords Dance|p1a: Lucario
|-boost|p1a: Lucario|atk|2
|
|turn|24
|c| Thisbemyalt|Wut
|c| Thisbemyalt|Why did
|c| Thisbemyalt|Hello
|c| Thisbemyalt|What
|c| kyla-kylls|lol
|
|switch|p2a: Reuniclus|Reuniclus, F|346\/422
|move|p1a: Lucario|Close Combat|p2a: Reuniclus
|-resisted|p2a: Reuniclus
|-damage|p2a: Reuniclus|96\/422
|-unboost|p1a: Lucario|def|1
|-unboost|p1a: Lucario|spd|1
|-damage|p1a: Lucario|135\/281|[from] item: Life Orb
|
|turn|25
|c|âLixx|who are you tgalking to?
|
|move|p1a: Lucario|Extreme Speed|p2a: Reuniclus
|-damage|p2a: Reuniclus|0 fnt
|-damage|p1a: Lucario|107\/281|[from] item: Life Orb
|faint|p2a: Reuniclus
|
|c| Thisbemyalt|Why did he outspeed
|
|switch|p2a: Suicune|Suicune|401\/401
|-ability|p2a: Suicune|Pressure
|turn|26
|c| Kawabanga-kun|dat sword dacence lucario...
|c| Thisbemyalt|he scarf
|c| Thisbemyalt|oml
|
|move|p1a: Lucario|Extreme Speed|p2a: Suicune
|-damage|p2a: Suicune|202\/401
|-damage|p1a: Lucario|79\/281|[from] item: Life Orb
|move|p2a: Suicune|Scald|p1a: Lucario
|-damage|p1a: Lucario|0 fnt
|faint|p1a: Lucario
|
|-heal|p2a: Suicune|227\/401|[from] item: Leftovers
|c| Thisbemyalt|Wut
|c| Thisbemyalt|How tf
|
|switch|p1a: Hydreigon|Hydreigon, M|217\/325
|turn|27
|c| Thisbemyalt|Omg he is max speed
|c| Thisbemyalt|And ur adamant
|
|switch|p2a: Raikou|Raikou, shiny|58\/364
|-ability|p2a: Raikou|Pressure
|move|p1a: Hydreigon|Draco Meteor|p2a: Raikou
|-damage|p2a: Raikou|0 fnt
|-unboost|p1a: Hydreigon|spa|2
|-damage|p1a: Hydreigon|185\/325|[from] item: Life Orb
|faint|p2a: Raikou
|
|
|switch|p2a: Suicune|Suicune|227\/401
|-ability|p2a: Suicune|Pressure
|turn|28
|
|switch|p1a: Togekiss|Togekiss, F|373\/373
|move|p2a: Suicune|Calm Mind|p2a: Suicune
|-boost|p2a: Suicune|spa|1
|-boost|p2a: Suicune|spd|1
|
|-heal|p2a: Suicune|252\/401|[from] item: Leftovers
|turn|29
|c|âLixx|plot twist
|
|switch|p1a: Hydreigon|Hydreigon, M|185\/325
|move|p2a: Suicune|Rest|p2a: Suicune
|-status|p2a: Suicune|slp
|-heal|p2a: Suicune|401\/401 slp|[silent]
|-status|p2a: Suicune|slp|[from] move: Rest
|
|turn|30
|join|Buuskeri
|
|move|p1a: Hydreigon|Dark Pulse|p2a: Suicune
|-damage|p2a: Suicune|288\/401 slp
|-damage|p1a: Hydreigon|153\/325|[from] item: Life Orb
|cant|p2a: Suicune|slp
|move|p2a: Suicune|Sleep Talk|p2a: Suicune
|move|p2a: Suicune|Rest|p2a: Suicune|[from]Sleep Talk
|-fail|p2a: Suicune
|
|-heal|p2a: Suicune|313\/401 slp|[from] item: Leftovers
|turn|31
|c| Kawabanga-kun|lol
|c| Thisbemyalt|Well u lose cause u arent np toge
|c| Thisbemyalt|unless hax 
|
|move|p1a: Hydreigon|Dark Pulse|p2a: Suicune
|-damage|p2a: Suicune|214\/401 slp
|-damage|p1a: Hydreigon|121\/325|[from] item: Life Orb
|cant|p2a: Suicune|slp
|move|p2a: Suicune|Sleep Talk|p2a: Suicune
|move|p2a: Suicune|Scald|p1a: Hydreigon|[from]Sleep Talk
|-crit|p1a: Hydreigon
|-resisted|p1a: Hydreigon
|-damage|p1a: Hydreigon|12\/325
|-status|p1a: Hydreigon|brn
|
|-heal|p2a: Suicune|239\/401 slp|[from] item: Leftovers
|-damage|p1a: Hydreigon|0 fnt|[from] brn
|faint|p1a: Hydreigon
|c| Thisbemyalt|So u have a high win chance
|c| kyla-kylls|hax gods.....we need you
|c|âLixx|i lose to this 100%
|c| Thisbemyalt|not if u crit with queen
|
|switch|p1a: Dugtrio|Dugtrio, F|211\/211
|turn|32
|c|âLixx|going 2 change twave on my wave
|
|move|p1a: Dugtrio|Earthquake|p2a: Suicune
|-damage|p2a: Suicune|76\/401 slp
|-curestatus|p2a: Suicune|slp
|move|p2a: Suicune|Scald|p1a: Dugtrio
|-supereffective|p1a: Dugtrio
|-damage|p1a: Dugtrio|0 fnt
|faint|p1a: Dugtrio
|
|-heal|p2a: Suicune|101\/401|[from] item: Leftovers
|c| Thisbemyalt|oh 
|c| Thisbemyalt|Maybe u have a chance
|join|King UU
|join|santysas
|join|Bud Hertz
|
|switch|p1a: Nidoqueen|Nidoqueen, F|347\/347
|turn|33
|c|âLixx|gg
|
|move|p2a: Suicune|Rest|p2a: Suicune
|-status|p2a: Suicune|slp
|-heal|p2a: Suicune|401\/401 slp|[silent]
|-status|p2a: Suicune|slp|[from] move: Rest
|move|p1a: Nidoqueen|Thunderbolt|p2a: Suicune
|-supereffective|p2a: Suicune
|-damage|p2a: Suicune|235\/401 slp
|
|-heal|p2a: Suicune|260\/401 slp|[from] item: Leftovers
|turn|34
|c| Shit User|are you fast crocune
|c| Thisbemyalt|He is
|c| Bud Hertz|lixx just get like 50 
|c| Bud Hertz|flinches
|
|cant|p2a: Suicune|slp
|move|p2a: Suicune|Sleep Talk|p2a: Suicune
|move|p2a: Suicune|Rest|p2a: Suicune|[from]Sleep Talk
|-fail|p2a: Suicune
|move|p1a: Nidoqueen|Thunderbolt|p2a: Suicune
|-supereffective|p2a: Suicune
|-damage|p2a: Suicune|99\/401 slp
|
|-heal|p2a: Suicune|124\/401 slp|[from] item: Leftovers
|turn|35
|c| Kawabanga-kun|thats ya chance!!!
|c| Shit User|his crocune is fast
|c| Thisbemyalt|Or just crit imo
|c| Shit User|it outsped lucario
|
|switch|p2a: Flygon|Flygon, M|301\/301
|move|p1a: Nidoqueen|Thunderbolt|p2a: Flygon
|-immune|p2a: Flygon|[msg]
|
|turn|36
|c| kyla-kylls|aaaaaawwwwwwwww
|
|move|p2a: Flygon|Earthquake|p1a: Nidoqueen
|-supereffective|p1a: Nidoqueen
|-damage|p1a: Nidoqueen|9\/347
|move|p1a: Nidoqueen|Sludge Wave|p2a: Flygon
|-resisted|p2a: Flygon
|-damage|p2a: Flygon|176\/301
|
|turn|37
|c| Bud Hertz|rip
|c| Bud Hertz|o
|c| Bud Hertz|o
|c| Bud Hertz|o
|c| Thisbemyalt|o
|c| Thisbemyalt|o
|c| Thisbemyalt|o
|c| Thisbemyalt|o
|c| Thisbemyalt|o
|c| Thisbemyalt|o
|c| Bud Hertz|no
|c| Thisbemyalt|o
|
|switch|p2a: Swampert|Swampert, F|245\/401
|switch|p1a: Togekiss|Togekiss, F|373\/373
|
|-heal|p2a: Swampert|270\/401|[from] item: Leftovers
|turn|38
|c| Bud Hertz|ice beam
|c| Thisbemyalt|o
|c| Bud Hertz|tho
|c| Bud Hertz|;_;
|join|ok persons
|c| kyla-kylls|.-.
|c|âLixx|i forgot he had swampert
|c| Thisbemyalt|o
|
|move|p1a: Togekiss|Air Slash|p2a: Swampert
|-damage|p2a: Swampert|150\/401
|move|p2a: Swampert|Stealth Rock|p1a: Togekiss
|-sidestart|p1: Lixx|move: Stealth Rock
|
|-heal|p2a: Swampert|175\/401|[from] item: Leftovers
|turn|39
|c| Thisbemyalt|o
|c| Thisbemyalt|o
|c| Thisbemyalt|o
|c| Bud Hertz|does he win
|c| Thisbemyalt|o
|c| Thisbemyalt|o
|c| Thisbemyalt|o
|c| Bud Hertz|with nasty plot
|c| Thisbemyalt|o
|c| Thisbemyalt|o
|c| Thisbemyalt|o
|c| Bud Hertz|plus flinch
|c| Thisbemyalt|o
|c| Thisbemyalt|o
|c| Thisbemyalt|o
|c| Thisbemyalt|oo
|raw|<div class="broadcast-red"><b>Moderated chat was set to +!<\/b><br \/>Only users of rank + and higher can talk.<\/div>
|raw|<div class="broadcast-blue"><b>Moderated chat was disabled!<\/b><br \/>Anyone may talk now.<\/div>
|c| Bud Hertz|hi
|c|âAngel Management|please
|c|âAngel Management|don't
|
|move|p1a: Togekiss|Air Slash|p2a: Swampert
|-damage|p2a: Swampert|54\/401
|cant|p2a: Swampert|flinch
|
|-heal|p2a: Swampert|79\/401|[from] item: Leftovers
|turn|40
|c| Thisbemyalt|Okay 
|c| Thisbemyalt|Im sorry
|c| Kawabanga-kun|lol
|c| Bud Hertz|lixx
|c| Bud Hertz|pls
|c| kyla-kylls|who wills win .-.
|c| Bud Hertz|nasty plot
|c| Kawabanga-kun|plot twist!!!
|c| Thisbemyalt|Angel
|
|move|p1a: Togekiss|Air Slash|p2a: Swampert|[miss]
|-miss|p1a: Togekiss|p2a: Swampert
|move|p2a: Swampert|Scald|p1a: Togekiss
|-damage|p1a: Togekiss|288\/373
|
|-heal|p1a: Togekiss|311\/373|[from] item: Leftovers
|-heal|p2a: Swampert|104\/401|[from] item: Leftovers
|turn|41
|c| kyla-kylls|OOOOOOOOOOOOOOO
|c| Thisbemyalt|Lixx lacks nasty
|join|kikky
|
|move|p1a: Togekiss|Air Slash|p2a: Swampert
|-damage|p2a: Swampert|0 fnt
|faint|p2a: Swampert
|
|-heal|p1a: Togekiss|334\/373|[from] item: Leftovers
|c| Bud Hertz|o
|
|switch|p2a: Suicune|Suicune|124\/401 slp
|-ability|p2a: Suicune|Pressure
|turn|42
|c| Thisbemyalt|And is ohkod by gon I thinl
|
|cant|p2a: Suicune|slp
|move|p2a: Suicune|Sleep Talk|p2a: Suicune
|move|p2a: Suicune|Scald|p1a: Togekiss|[from]Sleep Talk
|-damage|p1a: Togekiss|274\/373
|-status|p1a: Togekiss|brn
|move|p1a: Togekiss|Air Slash|p2a: Suicune
|-damage|p2a: Suicune|36\/401 slp
|
|-heal|p2a: Suicune|61\/401 slp|[from] item: Leftovers
|-heal|p1a: Togekiss|297\/373 brn|[from] item: Leftovers
|-damage|p1a: Togekiss|251\/373 brn|[from] brn
|turn|43
|
|-curestatus|p2a: Suicune|slp
|move|p2a: Suicune|Rest|p2a: Suicune
|-status|p2a: Suicune|slp
|-heal|p2a: Suicune|401\/401 slp|[silent]
|-status|p2a: Suicune|slp|[from] move: Rest
|move|p1a: Togekiss|Air Slash|p2a: Suicune
|-damage|p2a: Suicune|308\/401 slp
|
|-heal|p2a: Suicune|333\/401 slp|[from] item: Leftovers
|-heal|p1a: Togekiss|274\/373 brn|[from] item: Leftovers
|-damage|p1a: Togekiss|228\/373 brn|[from] brn
|turn|44
|c| kyla-kylls|awww 
|c|âLixx|ok gg anger
|c| kyla-kylls|pls
|-message|Lixx forfeited.
|c|âLixx|was fun
|
|cant|p2a: Suicune|slp
|move|p2a: Suicune|Sleep Talk|p2a: Suicune
|move|p2a: Suicune|Scald|p1a: Togekiss|[from]Sleep Talk
|-damage|p1a: Togekiss|170\/373 brn
|move|p1a: Togekiss|Roost|p1a: Togekiss
|-heal|p1a: Togekiss|357\/373 brn
|
|-heal|p2a: Suicune|358\/401 slp|[from] item: Leftovers
|-heal|p1a: Togekiss|373\/373 brn|[from] item: Leftovers
|-damage|p1a: Togekiss|327\/373 brn|[from] brn
|turn|45
|
|win|Angel Management
|c|âAngel Management|gg
|leave|Thisbemyalt
|leave|Angel Management
|player|p2
|leave|King UU