|join|Minutedude64
|join|Kabuchops
|player|p1|Minutedude64|226
|player|p2|Kabuchops|292
|gametype|singles
|gen|6
|tier|OU
|rated
|clearpoke
|poke|p1|Gliscor, M
|poke|p1|Breloom, M
|poke|p1|Heracross, M
|poke|p1|Smeargle, M
|poke|p1|Azumarill, M
|poke|p1|Sigilyph, M
|poke|p2|Charizard, F
|poke|p2|Diggersby, F
|poke|p2|Azumarill, F
|poke|p2|Skarmory, F
|poke|p2|Sylveon, F
|poke|p2|Gothitelle, M
|rule|Swagger Clause: Swagger is banned
|rule|Baton Pass Clause: Limit one PokÃ©mon knowing Baton Pass
|rule|Sleep Clause Mod: Limit one foe put to sleep
|rule|Species Clause: Limit one of each PokÃ©mon
|rule|OHKO Clause: OHKO moves are banned
|rule|Moody Clause: Moody is banned
|rule|Evasion Moves Clause: Evasion moves are banned
|rule|Endless Battle Clause: Forcing endless battles is banned
|rule|HP Percentage Mod: HP is shown in percentages
|teampreview
|
|start
|switch|p1a: Smeagle|Smeargle, M|314\/314
|switch|p2a: Sylveon|Sylveon, F|394\/394
|turn|1
|
|move|p1a: Smeagle|Spore|p2a: Sylveon
|-status|p2a: Sylveon|slp
|cant|p2a: Sylveon|slp
|
|turn|2
|
|switch|p2a: Gothitelle|Gothitelle, M|343\/343
|move|p1a: Smeagle|Geomancy|p1a: Smeagle|[still]
|-prepare|p1a: Smeagle|Geomancy|p1a: Smeagle
|-enditem|p1a: Smeagle|Power Herb
|-anim|p1a: Smeagle|Geomancy|p1a: Smeagle
|-boost|p1a: Smeagle|spa|2
|-boost|p1a: Smeagle|spd|2
|-boost|p1a: Smeagle|spe|2
|
|turn|3
|
|move|p1a: Smeagle|Cotton Guard|p1a: Smeagle
|-boost|p1a: Smeagle|def|3
|move|p2a: Gothitelle|Trick|p1a: Smeagle
|-activate|p2a: Gothitelle|move: Trick|[of] p1a: Smeagle
|-item|p1a: Smeagle|Choice Scarf|[from] move: Trick
|
|turn|4
|c|âKabuchops|o3o
|c|âMinutedude64|too late
|
|move|p1a: Smeagle|Baton Pass|p1a: Smeagle
|
|switch|p1a: SimpleLips|Sigilyph, M|348\/348
|move|p2a: Gothitelle|Calm Mind|p2a: Gothitelle
|-boost|p2a: Gothitelle|spa|1
|-boost|p2a: Gothitelle|spd|1
|
|-status|p1a: SimpleLips|brn|[from] item: Flame Orb
|turn|5
|c|âKabuchops|aye .cri
|
|move|p1a: SimpleLips|Cosmic Power|p1a: SimpleLips
|-boost|p1a: SimpleLips|def|1
|-boost|p1a: SimpleLips|spd|1
|move|p2a: Gothitelle|Calm Mind|p2a: Gothitelle
|-boost|p2a: Gothitelle|spa|1
|-boost|p2a: Gothitelle|spd|1
|
|turn|6
|c|âKabuchops|one thing though bp is shit so really don't use it
|
|move|p1a: SimpleLips|Stored Power|p2a: Gothitelle
|-resisted|p2a: Gothitelle
|-damage|p2a: Gothitelle|244\/343
|move|p2a: Gothitelle|Calm Mind|p2a: Gothitelle
|-boost|p2a: Gothitelle|spa|1
|-boost|p2a: Gothitelle|spd|1
|
|turn|7
|
|move|p1a: SimpleLips|Psycho Shift|p2a: Gothitelle
|-status|p2a: Gothitelle|brn
|-curestatus|p1a: SimpleLips|brn
|move|p2a: Gothitelle|Calm Mind|p2a: Gothitelle
|-boost|p2a: Gothitelle|spa|1
|-boost|p2a: Gothitelle|spd|1
|
|-damage|p2a: Gothitelle|202\/343 brn|[from] brn
|-status|p1a: SimpleLips|brn|[from] item: Flame Orb
|turn|8
|
|move|p1a: SimpleLips|Cosmic Power|p1a: SimpleLips
|-boost|p1a: SimpleLips|def|1
|-boost|p1a: SimpleLips|spd|1
|move|p2a: Gothitelle|Calm Mind|p2a: Gothitelle
|-boost|p2a: Gothitelle|spa|1
|-boost|p2a: Gothitelle|spd|1
|
|-damage|p2a: Gothitelle|160\/343 brn|[from] brn
|turn|9
|
|move|p1a: SimpleLips|Cosmic Power|p1a: SimpleLips
|-boost|p1a: SimpleLips|def|1
|-boost|p1a: SimpleLips|spd|1
|move|p2a: Gothitelle|Calm Mind|p2a: Gothitelle
|-boost|p2a: Gothitelle|spa|1
|-boost|p2a: Gothitelle|spd|1
|
|-damage|p2a: Gothitelle|118\/343 brn|[from] brn
|turn|10
|
|move|p1a: SimpleLips|Cosmic Power|p1a: SimpleLips
|-boost|p1a: SimpleLips|spd|1
|move|p2a: Gothitelle|Rest|p2a: Gothitelle
|-status|p2a: Gothitelle|slp
|-heal|p2a: Gothitelle|343\/343 slp|[silent]
|-status|p2a: Gothitelle|slp|[from] move: Rest
|
|turn|11
|
|move|p1a: SimpleLips|Stored Power|p2a: Gothitelle
|-resisted|p2a: Gothitelle
|-damage|p2a: Gothitelle|274\/343 slp
|cant|p2a: Gothitelle|slp
|
|turn|12
|c|âMinutedude64|welp
|c|âMinutedude64|um
|c|âKabuchops|I agree
|
|move|p1a: SimpleLips|Stored Power|p2a: Gothitelle
|-resisted|p2a: Gothitelle
|-damage|p2a: Gothitelle|200\/343 slp
|cant|p2a: Gothitelle|slp
|
|turn|13
|c|âKabuchops|5 ko
|
|move|p1a: SimpleLips|Stored Power|p2a: Gothitelle
|-resisted|p2a: Gothitelle
|-damage|p2a: Gothitelle|125\/343 slp
|-curestatus|p2a: Gothitelle|slp
|move|p2a: Gothitelle|Psyshock|p1a: SimpleLips
|-resisted|p1a: SimpleLips
|-damage|p1a: SimpleLips|296\/348 brn
|
|turn|14
|c|âKabuchops|for both of us probs
|
|move|p1a: SimpleLips|Stored Power|p2a: Gothitelle
|-resisted|p2a: Gothitelle
|-damage|p2a: Gothitelle|58\/343
|move|p2a: Gothitelle|Rest|p2a: Gothitelle
|-status|p2a: Gothitelle|slp
|-heal|p2a: Gothitelle|343\/343 slp|[silent]
|-status|p2a: Gothitelle|slp|[from] move: Rest
|
|turn|15
|c|âMinutedude64|ugghghghgh
|
|move|p1a: SimpleLips|Roost|p1a: SimpleLips
|-heal|p1a: SimpleLips|348\/348 brn
|cant|p2a: Gothitelle|slp
|
|turn|16
|
|move|p1a: SimpleLips|Stored Power|p2a: Gothitelle
|-resisted|p2a: Gothitelle
|-damage|p2a: Gothitelle|278\/343 slp
|cant|p2a: Gothitelle|slp
|
|turn|17
|c|âMinutedude64|c'mon crit gods
|c|âMinutedude64|help me out this one time
|
|move|p1a: SimpleLips|Stored Power|p2a: Gothitelle
|-resisted|p2a: Gothitelle
|-damage|p2a: Gothitelle|212\/343 slp
|-curestatus|p2a: Gothitelle|slp
|move|p2a: Gothitelle|Psyshock|p1a: SimpleLips
|-resisted|p1a: SimpleLips
|-damage|p1a: SimpleLips|292\/348 brn
|
|turn|18
|
|move|p1a: SimpleLips|Stored Power|p2a: Gothitelle
|-resisted|p2a: Gothitelle
|-damage|p2a: Gothitelle|149\/343
|move|p2a: Gothitelle|Psyshock|p1a: SimpleLips
|-resisted|p1a: SimpleLips
|-damage|p1a: SimpleLips|238\/348 brn
|
|turn|19
|
|move|p1a: SimpleLips|Stored Power|p2a: Gothitelle
|-resisted|p2a: Gothitelle
|-damage|p2a: Gothitelle|85\/343
|move|p2a: Gothitelle|Rest|p2a: Gothitelle
|-status|p2a: Gothitelle|slp
|-heal|p2a: Gothitelle|343\/343 slp|[silent]
|-status|p2a: Gothitelle|slp|[from] move: Rest
|
|turn|20
|c|âMinutedude64|man
|c|âMinutedude64|of all the outstalling situations i've gotten in with this sigilyph
|c|âKabuchops|aye
|
|move|p1a: SimpleLips|Roost|p1a: SimpleLips
|-heal|p1a: SimpleLips|348\/348 brn
|cant|p2a: Gothitelle|slp
|
|turn|21
|c|âMinutedude64|this has got to be the most perplexing
|c|âMinutedude64|i'm basically stuck
|c|âKabuchops|Second that
|join|Nick~XVZ
|c| Nick~XVZ|lol
|c|âMinutedude64|oh look a spec
|c|âKabuchops|Friend
|c|âMinutedude64|grab some popcorn
|c|âKabuchops|Its gonna take a while
|c|âMinutedude64|it's gonna be a while
|c| Nick~XVZ|you werent kidding all we need is subs
|
|move|p1a: SimpleLips|Cosmic Power|p1a: SimpleLips
|-fail|p1a: SimpleLips
|cant|p2a: Gothitelle|slp
|
|turn|22
|
|move|p1a: SimpleLips|Cosmic Power|p1a: SimpleLips
|-fail|p1a: SimpleLips
|-curestatus|p2a: Gothitelle|slp
|move|p2a: Gothitelle|Psyshock|p1a: SimpleLips
|-crit|p1a: SimpleLips
|-resisted|p1a: SimpleLips
|-damage|p1a: SimpleLips|51\/348 brn
|
|turn|23
|c|âKabuchops|I see what u did ter
|c| Nick~XVZ|did you lock yourself in cosmic power
|c|âKabuchops|whut
|c|âMinutedude64|GODD
|c|âMinutedude64|crit gods
|c|âKabuchops|A crit?
|c|âMinutedude64|y u do dis
|c|âKabuchops|I've never had one of those
|c|âKabuchops|Double Crit!
|
|move|p1a: SimpleLips|Roost|p1a: SimpleLips
|-heal|p1a: SimpleLips|225\/348 brn
|move|p2a: Gothitelle|Psyshock|p1a: SimpleLips
|-resisted|p1a: SimpleLips
|-damage|p1a: SimpleLips|170\/348 brn
|
|turn|24
|c| Nick~XVZ|lol
|
|move|p1a: SimpleLips|Psycho Shift|p2a: Gothitelle
|-status|p2a: Gothitelle|brn
|-curestatus|p1a: SimpleLips|brn
|move|p2a: Gothitelle|Psyshock|p1a: SimpleLips
|-resisted|p1a: SimpleLips
|-damage|p1a: SimpleLips|113\/348
|
|-damage|p2a: Gothitelle|301\/343 brn|[from] brn
|-status|p1a: SimpleLips|brn|[from] item: Flame Orb
|turn|25
|c|âKabuchops|~~skarmory has whirlwind~~
|
|move|p1a: SimpleLips|Roost|p1a: SimpleLips
|-heal|p1a: SimpleLips|287\/348 brn
|move|p2a: Gothitelle|Psyshock|p1a: SimpleLips
|-resisted|p1a: SimpleLips
|-damage|p1a: SimpleLips|230\/348 brn
|
|-damage|p2a: Gothitelle|259\/343 brn|[from] brn
|turn|26
|c| Nick~XVZ|lol
|
|move|p1a: SimpleLips|Roost|p1a: SimpleLips
|-heal|p1a: SimpleLips|348\/348 brn
|move|p2a: Gothitelle|Psyshock|p1a: SimpleLips
|-resisted|p1a: SimpleLips
|-damage|p1a: SimpleLips|295\/348 brn
|
|-damage|p2a: Gothitelle|217\/343 brn|[from] brn
|turn|27
|c| Nick~XVZ|well
|c|âMinutedude64|i should've boosted twice
|c| Nick~XVZ|its me and hingo v.2
|
|move|p1a: SimpleLips|Stored Power|p2a: Gothitelle
|-resisted|p2a: Gothitelle
|-damage|p2a: Gothitelle|151\/343 brn
|move|p2a: Gothitelle|Rest|p2a: Gothitelle
|-status|p2a: Gothitelle|slp
|-heal|p2a: Gothitelle|343\/343 slp|[silent]
|-status|p2a: Gothitelle|slp|[from] move: Rest
|
|turn|28
|c|âKabuchops|If you did the scarf
|c|âMinutedude64|oh yeah
|c|âMinutedude64|:P
|c|âKabuchops|PP on stored power\/roost?
|c|âMinutedude64|!stats rest
|c|~|\/data-move Rest

|
|move|p1a: SimpleLips|Cosmic Power|p1a: SimpleLips
|-fail|p1a: SimpleLips
|cant|p2a: Gothitelle|slp
|
|turn|29
|c|âMinutedude64|!stats psyshock
|c|~|\/data-move Psyshock

|c| Nick~XVZ|wow
|
|move|p1a: SimpleLips|Cosmic Power|p1a: SimpleLips
|-fail|p1a: SimpleLips
|cant|p2a: Gothitelle|slp
|
|turn|30
|
|move|p1a: SimpleLips|Cosmic Power|p1a: SimpleLips
|-fail|p1a: SimpleLips
|-curestatus|p2a: Gothitelle|slp
|move|p2a: Gothitelle|Calm Mind|p2a: Gothitelle
|-fail|p2a: Gothitelle
|
|turn|31
|
|move|p1a: SimpleLips|Psycho Shift|p2a: Gothitelle
|-status|p2a: Gothitelle|brn
|-curestatus|p1a: SimpleLips|brn
|move|p2a: Gothitelle|Calm Mind|p2a: Gothitelle
|-fail|p2a: Gothitelle
|
|-damage|p2a: Gothitelle|301\/343 brn|[from] brn
|-status|p1a: SimpleLips|brn|[from] item: Flame Orb
|turn|32
|
|move|p1a: SimpleLips|Cosmic Power|p1a: SimpleLips
|-fail|p1a: SimpleLips
|move|p2a: Gothitelle|Calm Mind|p2a: Gothitelle
|-fail|p2a: Gothitelle
|
|-damage|p2a: Gothitelle|259\/343 brn|[from] brn
|turn|33
|c|âKabuchops|whats your pp on roost?
|c|âMinutedude64|11
|c|âKabuchops|SP?
|c|âMinutedude64|!stats calm mind
|c|~|\/data-move Calm Mind

|c|âMinutedude64|6
|
|move|p1a: SimpleLips|Cosmic Power|p1a: SimpleLips
|-fail|p1a: SimpleLips
|move|p2a: Gothitelle|Calm Mind|p2a: Gothitelle
|-fail|p2a: Gothitelle
|
|-damage|p2a: Gothitelle|217\/343 brn|[from] brn
|turn|34
|c|âMinutedude64|well
|c|âMinutedude64|better try for that crit again
|c| Nick~XVZ|at least there burned
|c|âKabuchops|\/me pet gothitelle
|
|move|p1a: SimpleLips|Stored Power|p2a: Gothitelle
|-resisted|p2a: Gothitelle
|-damage|p2a: Gothitelle|145\/343 brn
|move|p2a: Gothitelle|Rest|p2a: Gothitelle
|-status|p2a: Gothitelle|slp
|-heal|p2a: Gothitelle|343\/343 slp|[silent]
|-status|p2a: Gothitelle|slp|[from] move: Rest
|
|turn|35
|c|âKabuchops|!dt rest
|c|~|\/data-move Rest
|raw|<font size="1"><font color=#585858>Priority:<\/font> 0&nbsp;|&ThickSpace;<font color=#585858>Target:<\/font> Self<\/font>
|c| Nick~XVZ|hms
|c|âKabuchops|Hi
|
|move|p1a: SimpleLips|Cosmic Power|p1a: SimpleLips
|-fail|p1a: SimpleLips
|cant|p2a: Gothitelle|slp
|
|turn|36
|c| Nick~XVZ|y u do this
|
|move|p1a: SimpleLips|Cosmic Power|p1a: SimpleLips
|-fail|p1a: SimpleLips
|cant|p2a: Gothitelle|slp
|
|turn|37
|c| Nick~XVZ|lol
|
|move|p1a: SimpleLips|Cosmic Power|p1a: SimpleLips
|-fail|p1a: SimpleLips
|-curestatus|p2a: Gothitelle|slp
|move|p2a: Gothitelle|Calm Mind|p2a: Gothitelle
|-fail|p2a: Gothitelle
|
|turn|38
|c|âMinutedude64|this is like magikarp vs magikarp right here
|
|move|p1a: SimpleLips|Psycho Shift|p2a: Gothitelle
|-status|p2a: Gothitelle|brn
|-curestatus|p1a: SimpleLips|brn
|move|p2a: Gothitelle|Calm Mind|p2a: Gothitelle
|-fail|p2a: Gothitelle
|
|-damage|p2a: Gothitelle|301\/343 brn|[from] brn
|-status|p1a: SimpleLips|brn|[from] item: Flame Orb
|turn|39
|c|âKabuchops|KING.K.KHHRRP
|
|move|p1a: SimpleLips|Cosmic Power|p1a: SimpleLips
|-fail|p1a: SimpleLips
|move|p2a: Gothitelle|Calm Mind|p2a: Gothitelle
|-fail|p2a: Gothitelle
|
|-damage|p2a: Gothitelle|259\/343 brn|[from] brn
|turn|40
|c|âKabuchops|o3o
|c|âKabuchops|pp on cosmic?
|
|move|p1a: SimpleLips|Cosmic Power|p1a: SimpleLips
|-fail|p1a: SimpleLips
|move|p2a: Gothitelle|Psyshock|p1a: SimpleLips
|-resisted|p1a: SimpleLips
|-damage|p1a: SimpleLips|238\/348 brn
|
|-damage|p2a: Gothitelle|217\/343 brn|[from] brn
|turn|41
|c|âMinutedude64|16
|c|âMinutedude64|half way
|c|âMinutedude64|:(
|c|âKabuchops|Half way to sunday!
|c| Nick~XVZ|someone voice me
|c|âKabuchops|I just love how innocent the music is and then there is this
|c|âMinutedude64|gothi's obviously gonna outstall
|c| Nick~XVZ|so i can dt
|
|move|p1a: SimpleLips|Stored Power|p2a: Gothitelle
|-resisted|p2a: Gothitelle
|-damage|p2a: Gothitelle|149\/343 brn
|move|p2a: Gothitelle|Psyshock|p1a: SimpleLips
|-resisted|p1a: SimpleLips
|-damage|p1a: SimpleLips|188\/348 brn
|
|-damage|p2a: Gothitelle|107\/343 brn|[from] brn
|turn|42
|c|âMinutedude64|because it can waste turns by sleeping
|
|move|p1a: SimpleLips|Roost|p1a: SimpleLips
|-heal|p1a: SimpleLips|348\/348 brn
|move|p2a: Gothitelle|Rest|p2a: Gothitelle
|-status|p2a: Gothitelle|slp
|-heal|p2a: Gothitelle|343\/343 slp|[silent]
|-status|p2a: Gothitelle|slp|[from] move: Rest
|
|turn|43
Nick~XVZ was promoted to Room Voice by Kabuchops.
|c|+Nick~XVZ|thx
|c|+Nick~XVZ|!dt stall
|c|~|\/data-ability Stall
|raw|<font size="1"><\/font>
|
|move|p1a: SimpleLips|Cosmic Power|p1a: SimpleLips
|-fail|p1a: SimpleLips
|cant|p2a: Gothitelle|slp
|
|turn|44
|c|+Nick~XVZ|lol
|c|âKabuchops|Yeah
|c|âKabuchops|!dt prankster
|c|~|\/data-ability Prankster
|raw|<font size="1"><\/font>
|c|âKabuchops|!learn arceus, slash, headbutt
|raw|<div class="infobox">Arceus <span class="message-learn-cannotlearn">can't<\/span> learn these moves<\/div>
|c|âKabuchops|...
|
|move|p1a: SimpleLips|Cosmic Power|p1a: SimpleLips
|-fail|p1a: SimpleLips
|cant|p2a: Gothitelle|slp
|
|turn|45
|
|move|p1a: SimpleLips|Cosmic Power|p1a: SimpleLips
|-fail|p1a: SimpleLips
|-curestatus|p2a: Gothitelle|slp
|move|p2a: Gothitelle|Calm Mind|p2a: Gothitelle
|-fail|p2a: Gothitelle
|
|turn|46
|
|move|p1a: SimpleLips|Cosmic Power|p1a: SimpleLips
|-fail|p1a: SimpleLips
|move|p2a: Gothitelle|Calm Mind|p2a: Gothitelle
|-fail|p2a: Gothitelle
|
|turn|47
|
|move|p1a: SimpleLips|Cosmic Power|p1a: SimpleLips
|-fail|p1a: SimpleLips
|move|p2a: Gothitelle|Calm Mind|p2a: Gothitelle
|-fail|p2a: Gothitelle
|
|turn|48
|
|move|p1a: SimpleLips|Psycho Shift|p2a: Gothitelle
|-status|p2a: Gothitelle|brn
|-curestatus|p1a: SimpleLips|brn
|move|p2a: Gothitelle|Calm Mind|p2a: Gothitelle
|-fail|p2a: Gothitelle
|
|-damage|p2a: Gothitelle|301\/343 brn|[from] brn
|-status|p1a: SimpleLips|brn|[from] item: Flame Orb
|turn|49
|c|âKabuchops|so stored power is 4 pp right?
|c|âMinutedude64|yeh
|
|move|p1a: SimpleLips|Stored Power|p2a: Gothitelle
|-resisted|p2a: Gothitelle
|-damage|p2a: Gothitelle|230\/343 brn
|move|p2a: Gothitelle|Calm Mind|p2a: Gothitelle
|-fail|p2a: Gothitelle
|
|-damage|p2a: Gothitelle|188\/343 brn|[from] brn
|turn|50
|
|move|p1a: SimpleLips|Cosmic Power|p1a: SimpleLips
|-fail|p1a: SimpleLips
|move|p2a: Gothitelle|Rest|p2a: Gothitelle
|-status|p2a: Gothitelle|slp
|-heal|p2a: Gothitelle|343\/343 slp|[silent]
|-status|p2a: Gothitelle|slp|[from] move: Rest
|
|turn|51
|join|Cool Cubchoo
|c|âMinutedude64|another guy
|c|+Nick~XVZ|!pokemon sigilyph
|c|âMinutedude64|hello
|
|move|p1a: SimpleLips|Cosmic Power|p1a: SimpleLips
|-fail|p1a: SimpleLips
|cant|p2a: Gothitelle|slp
|
|turn|52
|c|+Nick~XVZ|huh
|c|âKabuchops|Its !dt
|c|âMinutedude64|bring up a chair
|c|âKabuchops|!dt Chair
No Pokemon, item, move, ability or nature named 'Chair' was found. Showing the data of 'Charm' instead.
|c|~|\/data-move Charm
|raw|<font size="1"><font color=#585858>Priority:<\/font> 0&nbsp;|&ThickSpace;<font color=#585858>Target:<\/font> Adjacent Pokemon<\/font>
|c|âMinutedude64|you're gonna need it
|c|âKabuchops|Ok wow
|c|+Nick~XVZ|!pokemon sigilyph
|
|move|p1a: SimpleLips|Cosmic Power|p1a: SimpleLips
|-fail|p1a: SimpleLips
|cant|p2a: Gothitelle|slp
|
|turn|53
|c|+Nick~XVZ|what the
|c|âKabuchops|ITS !DT
|c|âKabuchops|!DT POKEMON
No Pokemon, item, move, ability or nature named 'POKEMON' was found. Showing the data of 'Porygon' instead.
|c|~|\/data-pokemon Porygon
|raw|<font size="1"><font color=#585858>Dex#:<\/font> 137&nbsp;|&ThickSpace;<font color=#585858>Height:<\/font> 0.8 m&nbsp;|&ThickSpace;<font color=#585858>Weight:<\/font> 36.5 kg <em>(60 BP)<\/em>&nbsp;|&ThickSpace;<font color=#585858>Dex Colour:<\/font> Pink&nbsp;|&ThickSpace;<font color=#585858>Egg Group(s):<\/font> Mineral&nbsp;|&ThickSpace;<font color=#585858>Evolution:<\/font> Porygon2 (1)<\/font>
|c|âMinutedude64|!stats sigilyph
|c|~|\/data-pokemon Sigilyph

|c|+Nick~XVZ|its pokemon to
|c|+Nick~XVZ|it can be pokemon
|c|âKabuchops|NUUUU
|c|+Nick~XVZ|thats one command
|c|âKabuchops|!pokemon
|c|+Nick~XVZ|!pokemon sigilyph
|
|move|p1a: SimpleLips|Cosmic Power|p1a: SimpleLips
|-fail|p1a: SimpleLips
|-curestatus|p2a: Gothitelle|slp
|move|p2a: Gothitelle|Calm Mind|p2a: Gothitelle
|-fail|p2a: Gothitelle
|
|turn|54
|join|Scranscorp
|
|move|p1a: SimpleLips|Psycho Shift|p2a: Gothitelle
|-status|p2a: Gothitelle|brn
|-curestatus|p1a: SimpleLips|brn
|move|p2a: Gothitelle|Calm Mind|p2a: Gothitelle
|-fail|p2a: Gothitelle
|
|-damage|p2a: Gothitelle|301\/343 brn|[from] brn
|-status|p1a: SimpleLips|brn|[from] item: Flame Orb
|turn|55
|c|âMinutedude64|another person
|
|move|p1a: SimpleLips|Psycho Shift|p2a: Gothitelle
|-fail|p2a: Gothitelle
|move|p2a: Gothitelle|Rest|p2a: Gothitelle
|-status|p2a: Gothitelle|slp
|-heal|p2a: Gothitelle|343\/343 slp|[silent]
|-status|p2a: Gothitelle|slp|[from] move: Rest
|
|turn|56
|c| Scranscorp|sup
|c|âMinutedude64|hi
|c|âKabuchops|hi scrans
|
|move|p1a: SimpleLips|Psycho Shift|p2a: Gothitelle
|-fail|p2a: Gothitelle
|cant|p2a: Gothitelle|slp
|
|turn|57
|c| Scranscorp|hi
|join|Skyward Monado
|c|âMinutedude64|omg
|c|âMinutedude64|all these people
|c|âMinutedude64|am i on candid camera
|c| Scranscorp|hi sky
|c| Skyward Monado|lol
|c| Skyward Monado|hey
|c|+Nick~XVZ|!Pokemon Gothitelle
|
|move|p1a: SimpleLips|Psycho Shift|p2a: Gothitelle
|-fail|p2a: Gothitelle
|cant|p2a: Gothitelle|slp
|
|turn|58
|c|âKabuchops|Minute they are all from the same room lmao
|c|+Nick~XVZ|wait it doesnt work in here
|c|âMinutedude64|:I
|
|move|p1a: SimpleLips|Psycho Shift|p2a: Gothitelle
|-fail|p2a: Gothitelle
|-curestatus|p2a: Gothitelle|slp
|move|p2a: Gothitelle|Calm Mind|p2a: Gothitelle
|-fail|p2a: Gothitelle
|
|turn|59
|
|move|p1a: SimpleLips|Psycho Shift|p2a: Gothitelle
|-status|p2a: Gothitelle|brn
|-curestatus|p1a: SimpleLips|brn
|move|p2a: Gothitelle|Calm Mind|p2a: Gothitelle
|-fail|p2a: Gothitelle
|
|-damage|p2a: Gothitelle|301\/343 brn|[from] brn
|-status|p1a: SimpleLips|brn|[from] item: Flame Orb
|turn|60
|
|move|p1a: SimpleLips|Psycho Shift|p2a: Gothitelle
|-fail|p2a: Gothitelle
|move|p2a: Gothitelle|Calm Mind|p2a: Gothitelle
|-fail|p2a: Gothitelle
|
|-damage|p2a: Gothitelle|259\/343 brn|[from] brn
|turn|61
|c|âMinutedude64|c'mon
|c|âMinutedude64|3 pp
|c|âMinutedude64|make it count sigilyph
|
|move|p1a: SimpleLips|Stored Power|p2a: Gothitelle
|-resisted|p2a: Gothitelle
|-damage|p2a: Gothitelle|194\/343 brn
|move|p2a: Gothitelle|Rest|p2a: Gothitelle
|-status|p2a: Gothitelle|slp
|-heal|p2a: Gothitelle|343\/343 slp|[silent]
|-status|p2a: Gothitelle|slp|[from] move: Rest
|
|turn|62
|c|âKabuchops|Sigino
|c|âMinutedude64|ffffff
|c|âKabuchops|whats the pp of all your moves?
|
|move|p1a: SimpleLips|Cosmic Power|p1a: SimpleLips
|-fail|p1a: SimpleLips
|cant|p2a: Gothitelle|slp
|
|turn|63
|c|âMinutedude64|Psycho shift 4, cosmic power 6, stored power 2, roost 10
|
|move|p1a: SimpleLips|Cosmic Power|p1a: SimpleLips
|-fail|p1a: SimpleLips
|cant|p2a: Gothitelle|slp
|
|turn|64
|c|âMinutedude64|you could try to end it
|c|âKabuchops|N
|c|âMinutedude64|with psyshock
|
|move|p1a: SimpleLips|Cosmic Power|p1a: SimpleLips
|-fail|p1a: SimpleLips
|-curestatus|p2a: Gothitelle|slp
|move|p2a: Gothitelle|Calm Mind|p2a: Gothitelle
|-fail|p2a: Gothitelle
|
|turn|65
|c|âMinutedude64|ok
|c|âMinutedude64|i guess not
|
|move|p1a: SimpleLips|Psycho Shift|p2a: Gothitelle
|-status|p2a: Gothitelle|brn
|-curestatus|p1a: SimpleLips|brn
|move|p2a: Gothitelle|Calm Mind|p2a: Gothitelle
|-fail|p2a: Gothitelle
|
|-damage|p2a: Gothitelle|301\/343 brn|[from] brn
|-status|p1a: SimpleLips|brn|[from] item: Flame Orb
|turn|66
|c|âMinutedude64|ok
|c|âMinutedude64|hoping for 'dat crit
|c|âMinutedude64|pls
|
|move|p1a: SimpleLips|Stored Power|p2a: Gothitelle
|-resisted|p2a: Gothitelle
|-damage|p2a: Gothitelle|232\/343 brn
|move|p2a: Gothitelle|Calm Mind|p2a: Gothitelle
|-fail|p2a: Gothitelle
|
|-damage|p2a: Gothitelle|190\/343 brn|[from] brn
|turn|67
|c|âMinutedude64|oh man
|c|âKabuchops|o3o
|c|âKabuchops|If its the last one lmao
|c|âMinutedude64|one last pp
|leave|Scranscorp
|c|âMinutedude64|you can do it simplelips
|c|âKabuchops|belief
|c|âMinutedude64|muster a crit inside you
|c|âMinutedude64|you have the boosts
|c|âMinutedude64|just put them to good use
|
|move|p1a: SimpleLips|Stored Power|p2a: Gothitelle
|-resisted|p2a: Gothitelle
|-damage|p2a: Gothitelle|122\/343 brn
|move|p2a: Gothitelle|Rest|p2a: Gothitelle
|-status|p2a: Gothitelle|slp
|-heal|p2a: Gothitelle|343\/343 slp|[silent]
|-status|p2a: Gothitelle|slp|[from] move: Rest
|
|turn|68
|c|âMinutedude64|FFFFFFFFFF
|c|âKabuchops|o3o
|c|âMinutedude64|well RIP sigilyph
|c|âMinutedude64|it's been nice knowing you
|
|move|p1a: SimpleLips|Psycho Shift|p2a: Gothitelle
|-fail|p2a: Gothitelle
|cant|p2a: Gothitelle|slp
|
|turn|69
|c|âKabuchops|I have to struggle kill you now
|c|âMinutedude64|yeah
|c|âKabuchops|I men
|c|âKabuchops|other way round
|c|âKabuchops|Cos Psyshock does not have enough pp
|
|move|p1a: SimpleLips|Cosmic Power|p1a: SimpleLips
|-fail|p1a: SimpleLips
|cant|p2a: Gothitelle|slp
|
|turn|70
|
|move|p1a: SimpleLips|Psycho Shift|p2a: Gothitelle
|-fail|p2a: Gothitelle
|-curestatus|p2a: Gothitelle|slp
|move|p2a: Gothitelle|Trick|p1a: SimpleLips
|-activate|p2a: Gothitelle|move: Trick|[of] p1a: SimpleLips
|-item|p2a: Gothitelle|Flame Orb|[from] move: Trick
|
|-status|p2a: Gothitelle|brn|[from] item: Flame Orb
|turn|71
|c|âMinutedude64|ok
|c|âKabuchops|YO AINT BURNING NONE A MUH POKEMON BRO
|c|âMinutedude64|some sort of progress i guess
|c|âKabuchops|also if I'm burned I can't be statused by breloom :)
|c|âMinutedude64|oh snap
|c|âKabuchops|or that was a silly move
|c|âMinutedude64|i forgot
|
|move|p1a: SimpleLips|Cosmic Power|p1a: SimpleLips
|-fail|p1a: SimpleLips
|move|p2a: Gothitelle|Calm Mind|p2a: Gothitelle
|-fail|p2a: Gothitelle
|
|-damage|p2a: Gothitelle|301\/343 brn|[from] brn
|turn|72
|c|âMinutedude64|RIP everyone
|
|move|p1a: SimpleLips|Cosmic Power|p1a: SimpleLips
|-fail|p1a: SimpleLips
|move|p2a: Gothitelle|Calm Mind|p2a: Gothitelle
|-fail|p2a: Gothitelle
|
|-damage|p2a: Gothitelle|259\/343 brn|[from] brn
|turn|73
|c|âMinutedude64|woot
|c|âMinutedude64|only 4 more
|
|move|p1a: SimpleLips|Cosmic Power|p1a: SimpleLips
|-fail|p1a: SimpleLips
|move|p2a: Gothitelle|Calm Mind|p2a: Gothitelle
|-fail|p2a: Gothitelle
|
|-damage|p2a: Gothitelle|217\/343 brn|[from] brn
|turn|74
|c|âKabuchops|I have like 6
|c|âKabuchops|I have 3 cm
|
|move|p1a: SimpleLips|Psycho Shift|p2a: Gothitelle
|-fail|p2a: Gothitelle
|move|p2a: Gothitelle|Calm Mind|p2a: Gothitelle
|-fail|p2a: Gothitelle
|
|-damage|p2a: Gothitelle|175\/343 brn|[from] brn
|turn|75
|
|move|p1a: SimpleLips|Roost|p1a: SimpleLips
|-fail|p1a: SimpleLips
|move|p2a: Gothitelle|Calm Mind|p2a: Gothitelle
|-fail|p2a: Gothitelle
|
|-damage|p2a: Gothitelle|133\/343 brn|[from] brn
|turn|76
|
|move|p1a: SimpleLips|Roost|p1a: SimpleLips
|-fail|p1a: SimpleLips
|move|p2a: Gothitelle|Rest|p2a: Gothitelle
|-status|p2a: Gothitelle|slp
|-heal|p2a: Gothitelle|343\/343 slp|[silent]
|-status|p2a: Gothitelle|slp|[from] move: Rest
|
|turn|77
|
|move|p1a: SimpleLips|Roost|p1a: SimpleLips
|-fail|p1a: SimpleLips
|cant|p2a: Gothitelle|slp
|
|turn|78
|c| Skyward Monado|wow
|c| Skyward Monado|78 turns and still going
|c|âMinutedude64|mhmm
|
|move|p1a: SimpleLips|Roost|p1a: SimpleLips
|-fail|p1a: SimpleLips
|cant|p2a: Gothitelle|slp
|
|turn|79
|c|âMinutedude64|so
|c|âMinutedude64|5 rest
|c|âMinutedude64|5 psyshock
|c|âMinutedude64|1 calm mind
|c|âMinutedude64|and ?? from mystery 4th move
|
|move|p1a: SimpleLips|Roost|p1a: SimpleLips
|-fail|p1a: SimpleLips
|-curestatus|p2a: Gothitelle|slp
|move|p2a: Gothitelle|Calm Mind|p2a: Gothitelle
|-fail|p2a: Gothitelle
|
|-status|p2a: Gothitelle|brn|[from] item: Flame Orb
|turn|80
|c|âMinutedude64|oh wait
|c|âMinutedude64|it's trick
|c|âMinutedude64|how many of those
|c|âKabuchops|hmm?
|
|move|p1a: SimpleLips|Roost|p1a: SimpleLips
|-fail|p1a: SimpleLips
|move|p2a: Gothitelle|Rest|p2a: Gothitelle
|-fail|p2a: Gothitelle
|
|-damage|p2a: Gothitelle|301\/343 brn|[from] brn
|turn|81
|c|âKabuchops|Oh 15
|c|âMinutedude64|aw man
|
|move|p1a: SimpleLips|Roost|p1a: SimpleLips
|-fail|p1a: SimpleLips
|move|p2a: Gothitelle|Trick|p1a: SimpleLips
|-activate|p2a: Gothitelle|move: Trick|[of] p1a: SimpleLips
|-item|p1a: SimpleLips|Flame Orb|[from] move: Trick
|
|-damage|p2a: Gothitelle|259\/343 brn|[from] brn
|turn|82
|c|âMinutedude64|3 more turns
|
|move|p1a: SimpleLips|Roost|p1a: SimpleLips
|-fail|p1a: SimpleLips
|move|p2a: Gothitelle|Trick|p1a: SimpleLips
|-activate|p2a: Gothitelle|move: Trick|[of] p1a: SimpleLips
|-item|p2a: Gothitelle|Flame Orb|[from] move: Trick
|
|-damage|p2a: Gothitelle|217\/343 brn|[from] brn
|turn|83
|c|+Nick~XVZ|turn 71
|c|+Nick~XVZ|i just went to frost
|c|âMinutedude64|then the downwards spiral begins
|c|+Nick~XVZ|and and finished 3 tournys
|
|move|p1a: SimpleLips|Roost|p1a: SimpleLips
|-fail|p1a: SimpleLips
|move|p2a: Gothitelle|Rest|p2a: Gothitelle
|-status|p2a: Gothitelle|slp
|-heal|p2a: Gothitelle|343\/343 slp|[silent]
|-status|p2a: Gothitelle|slp|[from] move: Rest
|
|turn|84
|c|âKabuchops|oh
|c|âKabuchops|frost ew
|
|move|p1a: SimpleLips|Roost|p1a: SimpleLips
|-fail|p1a: SimpleLips
|cant|p2a: Gothitelle|slp
|
|turn|85
|c|âMinutedude64|and now
|c|âMinutedude64|the struggle is real
|
|-activate|p1a: SimpleLips|move: Struggle
|move|p1a: SimpleLips|Struggle|p2a: Gothitelle
|-damage|p2a: Gothitelle|331\/343 slp
|-damage|p1a: SimpleLips|261\/348 brn
|cant|p2a: Gothitelle|slp
|
|turn|86
|c|âMinutedude64|wow
|c|âKabuchops|oh
|c|+Nick~XVZ|lol
|c|âMinutedude64|3%
|c|âMinutedude64|RIP sigi
|c| Skyward Monado|all downhill from here 
|
|-activate|p1a: SimpleLips|move: Struggle
|move|p1a: SimpleLips|Struggle|p2a: Gothitelle
|-damage|p2a: Gothitelle|318\/343 slp
|-damage|p1a: SimpleLips|174\/348 brn
|-curestatus|p2a: Gothitelle|slp
|move|p2a: Gothitelle|Rest|p2a: Gothitelle
|-status|p2a: Gothitelle|slp
|-heal|p2a: Gothitelle|343\/343 slp|[silent]
|-status|p2a: Gothitelle|slp|[from] move: Rest
|
|turn|87
|c|âKabuchops|4%
|
|-activate|p1a: SimpleLips|move: Struggle
|move|p1a: SimpleLips|Struggle|p2a: Gothitelle
|-damage|p2a: Gothitelle|330\/343 slp
|-damage|p1a: SimpleLips|87\/348 brn
|cant|p2a: Gothitelle|slp
|
|turn|88
|
|-activate|p1a: SimpleLips|move: Struggle
|move|p1a: SimpleLips|Struggle|p2a: Gothitelle
|-damage|p2a: Gothitelle|318\/343 slp
|-damage|p1a: SimpleLips|0 fnt
|faint|p1a: SimpleLips
|cant|p2a: Gothitelle|slp
|
|c|âMinutedude64|finally
|c|âKabuchops|ok I wake up this turn
|c|âMinutedude64|may you rest in pieces sigi
|
|switch|p1a: Michael Cera-cross|Heracross, M|364\/364
|turn|89
|
|detailschange|p1a: Michael Cera-cross|Heracross-Mega, M
|message|Heracross has Mega Evolved into Mega Heracross!
|move|p1a: Michael Cera-cross|Pin Missile|p2a: Gothitelle
|-supereffective|p2a: Gothitelle
|-damage|p2a: Gothitelle|192\/343 slp
|-supereffective|p2a: Gothitelle
|-damage|p2a: Gothitelle|52\/343 slp
|-supereffective|p2a: Gothitelle
|-damage|p2a: Gothitelle|0 fnt
|-hitcount|p2a: Gothitelle|3
|faint|p2a: Gothitelle
|
|c|âKabuchops|oh yeah
|c|âKabuchops|that
|c|âKabuchops|well
|c|âMinutedude64|yeah
|c|âMinutedude64|lol
|c|âKabuchops|So
|c|âKabuchops|90 turns
|c|âKabuchops|2 pokemon down
|c| Skyward Monado|lol
|
|switch|p2a: Skarmory|Skarmory, F|329\/329
|turn|90
|c| Skyward Monado|wow
|
|move|p1a: Michael Cera-cross|Arm Thrust|p2a: Skarmory
|-damage|p2a: Skarmory|307\/329
|-damage|p2a: Skarmory|285\/329
|-damage|p2a: Skarmory|261\/329
|-damage|p2a: Skarmory|237\/329
|-crit|p2a: Skarmory
|-damage|p2a: Skarmory|201\/329
|-hitcount|p2a: Skarmory|5
|move|p2a: Skarmory|Stealth Rock|p1a: Michael Cera-cross
|-sidestart|p1: Minutedude64|move: Stealth Rock
|
|-heal|p2a: Skarmory|221\/329|[from] item: Leftovers
|turn|91
|
|move|p1a: Michael Cera-cross|Arm Thrust|p2a: Skarmory
|-damage|p2a: Skarmory|197\/329
|-damage|p2a: Skarmory|176\/329
|-damage|p2a: Skarmory|155\/329
|-damage|p2a: Skarmory|134\/329
|-damage|p2a: Skarmory|113\/329
|-hitcount|p2a: Skarmory|5
|move|p2a: Skarmory|Counter|p1a: Michael Cera-cross
|-damage|p1a: Michael Cera-cross|322\/364
|
|-heal|p2a: Skarmory|133\/329|[from] item: Leftovers
|turn|92
|c|âKabuchops|counter :)
|c| Skyward Monado|dat crit lol
|c|âKabuchops|Shet
|
|move|p1a: Michael Cera-cross|Arm Thrust|p2a: Skarmory
|-damage|p2a: Skarmory|111\/329
|-damage|p2a: Skarmory|90\/329
|-damage|p2a: Skarmory|66\/329
|-damage|p2a: Skarmory|44\/329
|-damage|p2a: Skarmory|23\/329
|-hitcount|p2a: Skarmory|5
|move|p2a: Skarmory|Roost|p2a: Skarmory
|-heal|p2a: Skarmory|188\/329
|
|-heal|p2a: Skarmory|208\/329|[from] item: Leftovers
|turn|93
|c|âMinutedude64|seriously
|c|âMinutedude64|5 hits in one move
|c|âKabuchops|NOT THIS AGAIN
|c| Skyward Monado|i thought that would kill
|c|âMinutedude64|and still
|c|âMinutedude64|0 crits
|
|move|p1a: Michael Cera-cross|Arm Thrust|p2a: Skarmory
|-damage|p2a: Skarmory|183\/329
|-damage|p2a: Skarmory|161\/329
|-damage|p2a: Skarmory|137\/329
|-damage|p2a: Skarmory|113\/329
|-damage|p2a: Skarmory|91\/329
|-hitcount|p2a: Skarmory|5
|move|p2a: Skarmory|Roost|p2a: Skarmory
|-heal|p2a: Skarmory|256\/329
|
|-heal|p2a: Skarmory|276\/329|[from] item: Leftovers
|turn|94
|c|âKabuchops|Unlucky?
|c|âMinutedude64|VERY apparently
|
|move|p1a: Michael Cera-cross|Arm Thrust|p2a: Skarmory
|-crit|p2a: Skarmory
|-damage|p2a: Skarmory|240\/329
|-damage|p2a: Skarmory|216\/329
|-damage|p2a: Skarmory|195\/329
|-damage|p2a: Skarmory|171\/329
|-damage|p2a: Skarmory|150\/329
|-hitcount|p2a: Skarmory|5
|move|p2a: Skarmory|Roost|p2a: Skarmory
|-heal|p2a: Skarmory|315\/329
|
|-heal|p2a: Skarmory|329\/329|[from] item: Leftovers
|turn|95
|c|âKabuchops|crit!
|c|âMinutedude64|oh ok
|c|âMinutedude64|11%
|c|âMinutedude64|i expected more
|
|move|p1a: Michael Cera-cross|Arm Thrust|p2a: Skarmory
|-damage|p2a: Skarmory|307\/329
|-damage|p2a: Skarmory|283\/329
|-damage|p2a: Skarmory|261\/329
|-damage|p2a: Skarmory|237\/329
|-damage|p2a: Skarmory|213\/329
|-hitcount|p2a: Skarmory|5
|move|p2a: Skarmory|Whirlwind|p1a: Michael Cera-cross
|drag|p1a: Pikazul|Azumarill, M|404\/404
|-damage|p1a: Pikazul|354\/404|[from] Stealth Rock
|
|-heal|p2a: Skarmory|233\/329|[from] item: Leftovers
|turn|96
|c|âKabuchops|Its times 1.5
|c|âMinutedude64|kk
|
|move|p1a: Pikazul|Belly Drum|p1a: Pikazul
|-damage|p1a: Pikazul|152\/404
|-setboost|p1a: Pikazul|atk|6|[from] move: Belly Drum
|-enditem|p1a: Pikazul|Sitrus Berry|[eat]
|-heal|p1a: Pikazul|253\/404|[from] item: Sitrus Berry
|move|p2a: Skarmory|Counter|p1a: Pikazul
|-fail|p1a: Pikazul
|
|-heal|p2a: Skarmory|253\/329|[from] item: Leftovers
|turn|97
|c|âKabuchops|nice
|c|âMinutedude64|oh please
|c|âMinutedude64|i hope this does something
|c|+Nick~XVZ|its finally ded
|
|move|p1a: Pikazul|Aqua Jet|p2a: Skarmory
|-damage|p2a: Skarmory|49\/329
|move|p2a: Skarmory|Counter|p1a: Pikazul
|-damage|p1a: Pikazul|0 fnt
|faint|p1a: Pikazul
|
|-heal|p2a: Skarmory|69\/329|[from] item: Leftovers
|c|âKabuchops|it will 
|c|âMinutedude64|fak
|
|switch|p1a: Michael Cera-cross|Heracross-Mega, M|322\/364
|-damage|p1a: Michael Cera-cross|277\/364|[from] Stealth Rock
|turn|98
|c|âKabuchops|you should have waterfalled
|
|switch|p2a: Charizard|Charizard, F|333\/333
|move|p1a: Michael Cera-cross|Rock Blast|p2a: Charizard
|-supereffective|p2a: Charizard
|-damage|p2a: Charizard|129\/333
|-supereffective|p2a: Charizard
|-damage|p2a: Charizard|0 fnt
|-hitcount|p2a: Charizard|2
|faint|p2a: Charizard
|
|c|âMinutedude64|i should get waterfall
|c|âKabuchops|Nice one :)
|
|switch|p2a: Diggersby|Diggersby, F|311\/311
|turn|99
|
|move|p2a: Diggersby|Return|p1a: Michael Cera-cross
|-damage|p1a: Michael Cera-cross|67\/364
|move|p1a: Michael Cera-cross|Arm Thrust|p2a: Diggersby
|-supereffective|p2a: Diggersby
|-damage|p2a: Diggersby|215\/311
|-supereffective|p2a: Diggersby
|-damage|p2a: Diggersby|125\/311
|-supereffective|p2a: Diggersby
|-damage|p2a: Diggersby|23\/311
|-crit|p2a: Diggersby
|-supereffective|p2a: Diggersby
|-damage|p2a: Diggersby|0 fnt
|-hitcount|p2a: Diggersby|4
|faint|p2a: Diggersby
|
|c|âMinutedude64|woot
|
|switch|p2a: Azumarill|Azumarill, F|382\/382
|turn|100
|
|move|p2a: Azumarill|Aqua Jet|p1a: Michael Cera-cross
|-damage|p1a: Michael Cera-cross|0 fnt
|faint|p1a: Michael Cera-cross
|
|c|âMinutedude64|dang
|
|switch|p1a: LeBroom James|Breloom, M|323\/323
|-damage|p1a: LeBroom James|303\/323|[from] Stealth Rock
|turn|101
|
|switch|p2a: Sylveon|Sylveon, F|394\/394 slp
|move|p1a: LeBroom James|Spore|p2a: Sylveon
|-fail|p2a: Sylveon|slp
|
|-status|p1a: LeBroom James|tox|[from] item: Toxic Orb
|turn|102
|c|âKabuchops|Badum tiss
|c|âMinutedude64|oh yeah
|c|âMinutedude64|that guy's asleep
|c|âKabuchops|yep
|
|switch|p1a: GliScored! GOOOOAL|Gliscor, M|354\/354
|-damage|p1a: GliScored! GOOOOAL|310\/354|[from] Stealth Rock
|-curestatus|p2a: Sylveon|slp
|move|p2a: Sylveon|Hyper Voice|p1a: GliScored! GOOOOAL
|-damage|p1a: GliScored! GOOOOAL|118\/354
|
|-status|p1a: GliScored! GOOOOAL|tox|[from] item: Toxic Orb
|turn|103
|c|âMinutedude64|welp i'm done for
|c|âMinutedude64|gg
|
|move|p1a: GliScored! GOOOOAL|Toxic|p2a: Sylveon
|-status|p2a: Sylveon|tox
|move|p2a: Sylveon|Wish|p2a: Sylveon
|
|-heal|p1a: GliScored! GOOOOAL|162\/354 tox|[from] ability: Poison Heal
|-damage|p2a: Sylveon|370\/394 tox|[from] psn
|turn|104
|leave|Nick~XVZ
|
|switch|p2a: Skarmory|Skarmory, F|69\/329
|move|p1a: GliScored! GOOOOAL|Roost|p1a: GliScored! GOOOOAL
|-heal|p1a: GliScored! GOOOOAL|339\/354 tox
|
|-heal|p2a: Skarmory|266\/329|[from] move: Wish|[wisher] Sylveon
|-heal|p2a: Skarmory|286\/329|[from] item: Leftovers
|-heal|p1a: GliScored! GOOOOAL|354\/354 tox|[from] ability: Poison Heal
|turn|105
|c|âKabuchops|ah
|c|âKabuchops|So you do not have protect
|c|âMinutedude64|what makes you think that
|c|âKabuchops|no wait
|c|âKabuchops|I must be thinking of somethin else
|
|move|p1a: GliScored! GOOOOAL|Rock Tomb|p2a: Skarmory
|-damage|p2a: Skarmory|258\/329
|-unboost|p2a: Skarmory|spe|1
|move|p2a: Skarmory|Whirlwind|p1a: GliScored! GOOOOAL
|drag|p1a: LeBroom James|Breloom, M|303\/323 tox
|-damage|p1a: LeBroom James|283\/323 tox|[from] Stealth Rock
|
|-heal|p2a: Skarmory|278\/329|[from] item: Leftovers
|-heal|p1a: LeBroom James|323\/323 tox|[from] ability: Poison Heal
|turn|106
|
|switch|p2a: Sylveon|Sylveon, F|370\/394 tox
|move|p1a: LeBroom James|Spore|p2a: Sylveon
|-fail|p2a: Sylveon
|
|-heal|p2a: Sylveon|394\/394 tox|[from] item: Leftovers
|-damage|p2a: Sylveon|370\/394 tox|[from] psn
|turn|107
|c|âMinutedude64|hnnng
|
|move|p1a: LeBroom James|Leech Seed|p2a: Sylveon
|-start|p2a: Sylveon|move: Leech Seed
|move|p2a: Sylveon|Hyper Voice|p1a: LeBroom James
|-crit|p1a: LeBroom James
|-supereffective|p1a: LeBroom James
|-damage|p1a: LeBroom James|0 fnt
|faint|p1a: LeBroom James
|
|-heal|p2a: Sylveon|394\/394 tox|[from] item: Leftovers
|-damage|p2a: Sylveon|346\/394 tox|[from] psn
|c|âMinutedude64|goddangit
|c|âMinutedude64|crits
|c|âMinutedude64|y
|c|âMinutedude64|u
|c|âMinutedude64|do
|c|âMinutedude64|dis
|c|âKabuchops|I dont think it would have mattered
|c| Skyward Monado|lol
|
|switch|p1a: GliScored! GOOOOAL|Gliscor, M|354\/354 tox
|-damage|p1a: GliScored! GOOOOAL|310\/354 tox|[from] Stealth Rock
|turn|108
|c|âKabuchops|super effective stab pixilate
|c| Cool Cubchoo|this battle is still going on?
|c| Cool Cubchoo|what the fuck
|c| Skyward Monado|probably not 
|c|âKabuchops|cubchoo <3
|c|âMinutedude64|i've been in longer before
|c| Skyward Monado|lol
|
|move|p1a: GliScored! GOOOOAL|Rock Tomb|p2a: Sylveon
|-damage|p2a: Sylveon|298\/394 tox
|-unboost|p2a: Sylveon|spe|1
|move|p2a: Sylveon|Hyper Voice|p1a: GliScored! GOOOOAL
|-damage|p1a: GliScored! GOOOOAL|135\/354 tox
|
|-heal|p2a: Sylveon|322\/394 tox|[from] item: Leftovers
|-damage|p2a: Sylveon|273\/394 tox|[from] Leech Seed|[of] p1a: GliScored! GOOOOAL
|-heal|p1a: GliScored! GOOOOAL|184\/354 tox|[silent]
|-heal|p1a: GliScored! GOOOOAL|228\/354 tox|[from] ability: Poison Heal
|-damage|p2a: Sylveon|201\/394 tox|[from] psn
|turn|109
|c| Skyward Monado|yup
|c| Cool Cubchoo|i stopped watching at turn 40
|c| Skyward Monado|its still going on
|c| Skyward Monado|at 109 turns
|c|âMinutedude64|but it doesn't matter
|c|âMinutedude64|because i lost
|
|switch|p2a: Skarmory|Skarmory, F|278\/329
|move|p1a: GliScored! GOOOOAL|Roost|p1a: GliScored! GOOOOAL
|-heal|p1a: GliScored! GOOOOAL|354\/354 tox
|
|-heal|p2a: Skarmory|298\/329|[from] item: Leftovers
|turn|110
|c|âMinutedude64|gliscor can only poison and rock tomb
|c|âMinutedude64|and skarmory's immune to 3\/4 of that
|c|âMinutedude64|and smeagle has a choice thing
|c|âKabuchops|yep
|c|âMinutedude64|and he was made for baton passing
|c|âKabuchops|yeah
|
|move|p1a: GliScored! GOOOOAL|Rock Tomb|p2a: Skarmory
|-damage|p2a: Skarmory|269\/329
|-unboost|p2a: Skarmory|spe|1
|move|p2a: Skarmory|Counter|p1a: GliScored! GOOOOAL
|-damage|p1a: GliScored! GOOOOAL|296\/354 tox
|
|-heal|p2a: Skarmory|289\/329|[from] item: Leftovers
|-heal|p1a: GliScored! GOOOOAL|340\/354 tox|[from] ability: Poison Heal
|turn|111
|c|âKabuchops|so counter
|
|move|p1a: GliScored! GOOOOAL|Rock Tomb|p2a: Skarmory
|-damage|p2a: Skarmory|260\/329
|-unboost|p2a: Skarmory|spe|1
|move|p2a: Skarmory|Whirlwind|p1a: GliScored! GOOOOAL
|drag|p1a: Smeagle|Smeargle, M|314\/314
|-damage|p1a: Smeagle|275\/314|[from] Stealth Rock
|
|-heal|p2a: Skarmory|280\/329|[from] item: Leftovers
|turn|112
|
|move|p1a: Smeagle|Cotton Guard|p1a: Smeagle
|-boost|p1a: Smeagle|def|3
|move|p2a: Skarmory|Whirlwind|p1a: Smeagle
|drag|p1a: GliScored! GOOOOAL|Gliscor, M|340\/354 tox
|-damage|p1a: GliScored! GOOOOAL|296\/354 tox|[from] Stealth Rock
|
|-heal|p2a: Skarmory|300\/329|[from] item: Leftovers
|-heal|p1a: GliScored! GOOOOAL|340\/354 tox|[from] ability: Poison Heal
|turn|113
|
|move|p1a: GliScored! GOOOOAL|Rock Tomb|p2a: Skarmory
|-damage|p2a: Skarmory|271\/329
|-unboost|p2a: Skarmory|spe|1
|move|p2a: Skarmory|Whirlwind|p1a: GliScored! GOOOOAL
|drag|p1a: Smeagle|Smeargle, M|275\/314
|-damage|p1a: Smeagle|236\/314|[from] Stealth Rock
|
|-heal|p2a: Skarmory|291\/329|[from] item: Leftovers
|turn|114
|c|âMinutedude64|psst
|c|âMinutedude64|here's a hint
|c|âMinutedude64|use the water type
|c|âMinutedude64|water > ground
|c|âKabuchops|IM AFRAID
|
|switch|p2a: Azumarill|Azumarill, F|382\/382
|move|p1a: Smeagle|Cotton Guard|p1a: Smeagle
|-boost|p1a: Smeagle|def|3
|
|turn|115
|c|âKabuchops|AZUMARILL IS BAE
|
|move|p1a: Smeagle|Cotton Guard|p1a: Smeagle
|-boost|p1a: Smeagle|def|3
|move|p2a: Azumarill|Waterfall|p1a: Smeagle
|-damage|p1a: Smeagle|155\/314
|
|turn|116
|
|move|p1a: Smeagle|Cotton Guard|p1a: Smeagle
|-fail|p1a: Smeagle
|move|p2a: Azumarill|Waterfall|p1a: Smeagle
|-crit|p1a: Smeagle
|-damage|p1a: Smeagle|0 fnt
|faint|p1a: Smeagle
|
|c|âKabuchops|o3o
|
|switch|p1a: GliScored! GOOOOAL|Gliscor, M|340\/354 tox
|-damage|p1a: GliScored! GOOOOAL|296\/354 tox|[from] Stealth Rock
|turn|117
|c|âKabuchops|anyway
|c| Skyward Monado|.......
|c|âKabuchops|gg?
|c| Skyward Monado|wow
|c|âMinutedude64|yeh
|c|âKabuchops|no joke
|
|move|p1a: GliScored! GOOOOAL|Toxic|p2a: Azumarill
|-status|p2a: Azumarill|tox
|move|p2a: Azumarill|Waterfall|p1a: GliScored! GOOOOAL
|-supereffective|p1a: GliScored! GOOOOAL
|-damage|p1a: GliScored! GOOOOAL|0 fnt
|faint|p1a: GliScored! GOOOOAL
|
|win|Kabuchops
|raw|Ladder updating...
|raw|Minutedude64's rating: 1291 &rarr; <strong>1268<\/strong><br \/>(-23 for losing)
|raw|Kabuchops's rating: 1325 &rarr; <strong>1343<\/strong><br \/>(+18 for winning)
|c|âKabuchops|I've been haxed more
|c| Skyward Monado|that was a good match though 
|c|âKabuchops|haha thanks!
|c|âMinutedude64|a long match though
|c|âKabuchops|It was fun thanks for the game!
|leave|Skyward Monado
|c|âKabuchops|cya
|leave|Kabuchops
|player|p2
|c|âMinutedude64|i'm getting a replay of this