|join|Melhor22
|join|kabuchops
|player|p1|Melhor22|214
|player|p2|kabuchops|2
|gametype|singles
|gen|6
|tier|OU
|rated
|clearpoke
|poke|p1|Bisharp, M, shiny
|poke|p1|Gliscor, M
|poke|p1|Rotom-Wash
|poke|p1|Gardevoir, F
|poke|p1|Raikou
|poke|p1|Infernape, M
|poke|p2|Heatran, F
|poke|p2|Landorus-Therian, M
|poke|p2|Kyurem-Black
|poke|p2|Charizard, F
|poke|p2|Mew
|poke|p2|Slowbro, M
|rule|Swagger Clause: Swagger is banned
|rule|Baton Pass Clause: Limit one PokÃ©mon knowing Baton Pass
|rule|Sleep Clause Mod: Limit one foe put to sleep
|rule|Species Clause: Limit one of each PokÃ©mon
|rule|OHKO Clause: OHKO moves are banned
|rule|Moody Clause: Moody is banned
|rule|Evasion Moves Clause: Evasion moves are banned
|rule|Endless Battle Clause: Forcing endless battles is banned
|rule|HP Percentage Mod: HP is shown in percentages
|teampreview
|
|start
|switch|p1a: Rotom-Wash|Rotom-Wash|304\/304
|switch|p2a: Heatran|Heatran, F|323\/323
|turn|1
|
|move|p2a: Heatran|Toxic|p1a: Rotom-Wash
|-status|p1a: Rotom-Wash|tox
|move|p1a: Rotom-Wash|Hydro Pump|p2a: Heatran
|-supereffective|p2a: Heatran
|-damage|p2a: Heatran|87\/323
|
|-heal|p2a: Heatran|107\/323|[from] item: Leftovers
|-damage|p1a: Rotom-Wash|285\/304 tox|[from] psn
|turn|2
|
|switch|p2a: Slowbro|Slowbro, M|394\/394
|move|p1a: Rotom-Wash|Volt Switch|p2a: Slowbro
|-supereffective|p2a: Slowbro
|-damage|p2a: Slowbro|260\/394
|
|switch|p1a: Raikou|Raikou|322\/322
|-ability|p1a: Raikou|Pressure
|
|turn|3
|
|switch|p2a: Kyurem-Black|Kyurem-Black|391\/391
|-ability|p2a: Kyurem-Black|Teravolt
|move|p1a: Raikou|Hidden Power|p2a: Kyurem-Black
|-damage|p2a: Kyurem-Black|305\/391
|
|turn|4
|
|move|p2a: Kyurem-Black|Earth Power|p1a: Raikou
|-supereffective|p1a: Raikou
|-damage|p1a: Raikou|216\/322
|move|p1a: Raikou|Thunderbolt|p2a: Kyurem-Black
|-resisted|p2a: Kyurem-Black
|-damage|p2a: Kyurem-Black|211\/391
|-status|p2a: Kyurem-Black|par
|
|turn|5
|c|âkabuchops|,
|
|switch|p1a: Rotom-Wash|Rotom-Wash|285\/304 tox
|switch|p2a: Landorus-Therian|Landorus-Therian, M|319\/319
|-ability|p2a: Landorus-Therian|Intimidate|[of] p1a: Rotom-Wash
|-unboost|p1a: Rotom-Wash|atk|1
|
|-damage|p1a: Rotom-Wash|266\/304 tox|[from] psn
|turn|6
|
|move|p2a: Landorus-Therian|U-turn|p1a: Rotom-Wash
|-damage|p1a: Rotom-Wash|166\/304 tox
|
|switch|p2a: Mew|Mew|404\/404
|move|p1a: Rotom-Wash|Volt Switch|p2a: Mew
|-damage|p2a: Mew|322\/404
|
|switch|p1a: Gliscor|Gliscor, M|354\/354
|
|-heal|p2a: Mew|347\/404|[from] item: Leftovers
|-status|p1a: Gliscor|tox|[from] item: Toxic Orb
|turn|7
|
|switch|p2a: Kyurem-Black|Kyurem-Black|211\/391 par
|-ability|p2a: Kyurem-Black|Teravolt
|move|p1a: Gliscor|Toxic|p2a: Kyurem-Black
|-fail|p2a: Kyurem-Black
|
|turn|8
|
|switch|p1a: Raikou|Raikou|216\/322
|-ability|p1a: Raikou|Pressure
|move|p2a: Kyurem-Black|Outrage|p1a: Raikou
|-damage|p1a: Raikou|0 fnt
|faint|p1a: Raikou
|
|
|switch|p1a: Gardevoir|Gardevoir, F|278\/278
|turn|9
|
|detailschange|p1a: Gardevoir|Gardevoir-Mega, F
|message|Gardevoir has Mega Evolved into Mega Gardevoir!
|move|p1a: Gardevoir|Hyper Voice|p2a: Kyurem-Black
|-supereffective|p2a: Kyurem-Black
|-damage|p2a: Kyurem-Black|0 fnt
|faint|p2a: Kyurem-Black
|
|
|switch|p2a: Landorus-Therian|Landorus-Therian, M|319\/319
|-ability|p2a: Landorus-Therian|Intimidate|[of] p1a: Gardevoir
|-unboost|p1a: Gardevoir|atk|1
|turn|10
|
|switch|p1a: Rotom-Wash|Rotom-Wash|166\/304 tox
|move|p2a: Landorus-Therian|Earthquake|p1a: Rotom-Wash
|-immune|p1a: Rotom-Wash|[msg]
|
|-damage|p1a: Rotom-Wash|147\/304 tox|[from] psn
|turn|11
|
|switch|p2a: Mew|Mew|347\/404
|move|p1a: Rotom-Wash|Rest|p1a: Rotom-Wash
|-status|p1a: Rotom-Wash|slp
|-heal|p1a: Rotom-Wash|304\/304 slp|[silent]
|-status|p1a: Rotom-Wash|slp|[from] move: Rest
|-enditem|p1a: Rotom-Wash|Chesto Berry|[eat]
|-curestatus|p1a: Rotom-Wash|slp
|
|-heal|p2a: Mew|372\/404|[from] item: Leftovers
|turn|12
|
|switch|p2a: Heatran|Heatran, F|107\/323
|move|p1a: Rotom-Wash|Will-O-Wisp|p2a: Heatran
|-start|p2a: Heatran|ability: Flash Fire
|
|-heal|p2a: Heatran|127\/323|[from] item: Leftovers
|turn|13
|
|move|p2a: Heatran|Toxic|p1a: Rotom-Wash
|-status|p1a: Rotom-Wash|tox
|move|p1a: Rotom-Wash|Hydro Pump|p2a: Heatran
|-supereffective|p2a: Heatran
|-damage|p2a: Heatran|0 fnt
|faint|p2a: Heatran
|
|-damage|p1a: Rotom-Wash|285\/304 tox|[from] psn
|
|switch|p2a: Landorus-Therian|Landorus-Therian, M|319\/319
|-ability|p2a: Landorus-Therian|Intimidate|[of] p1a: Rotom-Wash
|-unboost|p1a: Rotom-Wash|atk|1
|turn|14
|
|move|p2a: Landorus-Therian|U-turn|p1a: Rotom-Wash
|-damage|p1a: Rotom-Wash|198\/304 tox
|
|switch|p2a: Mew|Mew|372\/404
|move|p1a: Rotom-Wash|Will-O-Wisp|p2a: Mew
|-status|p2a: Mew|brn
|
|-heal|p2a: Mew|397\/404 brn|[from] item: Leftovers
|-damage|p2a: Mew|347\/404 brn|[from] brn
|-damage|p1a: Rotom-Wash|160\/304 tox|[from] psn
|turn|15
|
|move|p2a: Mew|Knock Off|p1a: Rotom-Wash
|-damage|p1a: Rotom-Wash|136\/304 tox
|move|p1a: Rotom-Wash|Volt Switch|p2a: Mew
|-damage|p2a: Mew|259\/404 brn
|
|switch|p1a: Bisharp|Bisharp, M, shiny|272\/272
|
|-heal|p2a: Mew|284\/404 brn|[from] item: Leftovers
|-damage|p2a: Mew|234\/404 brn|[from] brn
|turn|16
|
|move|p2a: Mew|Will-O-Wisp|p1a: Bisharp
|-status|p1a: Bisharp|brn
|move|p1a: Bisharp|Swords Dance|p1a: Bisharp
|-boost|p1a: Bisharp|atk|2
|
|-heal|p2a: Mew|259\/404 brn|[from] item: Leftovers
|-damage|p2a: Mew|209\/404 brn|[from] brn
|-damage|p1a: Bisharp|238\/272 brn|[from] brn
|turn|17
|c|âMelhor22|FFS I ALWAYS FORGET THAT THOSE THING CARRY WILL-O
|
|move|p2a: Mew|Knock Off|p1a: Bisharp
|-crit|p1a: Bisharp
|-resisted|p1a: Bisharp
|-damage|p1a: Bisharp|210\/272 brn
|-enditem|p1a: Bisharp|Black Glasses|[from] move: Knock Off|[of] p2a: Mew
|move|p1a: Bisharp|Swords Dance|p1a: Bisharp
|-boost|p1a: Bisharp|atk|2
|
|-heal|p2a: Mew|234\/404 brn|[from] item: Leftovers
|-damage|p2a: Mew|184\/404 brn|[from] brn
|-damage|p1a: Bisharp|176\/272 brn|[from] brn
|turn|18
|
|move|p2a: Mew|Soft-Boiled|p2a: Mew
|-heal|p2a: Mew|386\/404 brn
|move|p1a: Bisharp|Swords Dance|p1a: Bisharp
|-boost|p1a: Bisharp|atk|2
|
|-heal|p2a: Mew|404\/404 brn|[from] item: Leftovers
|-damage|p2a: Mew|354\/404 brn|[from] brn
|-damage|p1a: Bisharp|142\/272 brn|[from] brn
|turn|19
|-message|kabuchops forfeited.
|
|win|Melhor22
|raw|Ladder updating...
|leave|kabuchops
|player|p2
|raw|Melhor22's rating: 1396 &rarr; <strong>1415<\/strong><br \/>(+19 for winning)
|raw|kabuchops's rating: 1390 &rarr; <strong>1370<\/strong><br \/>(-20 for losing)