|join|Fabian Zahn
|join|Kabuchops
|player|p1|Fabian Zahn|265
|player|p2|Kabuchops|292
|gametype|singles
|gen|6
|tier|OU
|rated
|clearpoke
|poke|p1|Sylveon, M
|poke|p1|Bisharp, M
|poke|p1|Latios, M
|poke|p1|Rotom-Wash
|poke|p1|Jirachi
|poke|p1|Conkeldurr, M
|poke|p2|Breloom, M
|poke|p2|Pinsir, M
|poke|p2|Heatran, F
|poke|p2|Latios, M
|poke|p2|Keldeo-Resolute
|poke|p2|Landorus-Therian, M
|rule|Swagger Clause: Swagger is banned
|rule|Baton Pass Clause: Limit one PokÃ©mon knowing Baton Pass
|rule|Sleep Clause Mod: Limit one foe put to sleep
|rule|Species Clause: Limit one of each PokÃ©mon
|rule|OHKO Clause: OHKO moves are banned
|rule|Moody Clause: Moody is banned
|rule|Evasion Moves Clause: Evasion moves are banned
|rule|Endless Battle Clause: Forcing endless battles is banned
|rule|HP Percentage Mod: HP is shown in percentages
|teampreview
|
|start
|switch|p1a: Jirachi|Jirachi|345\/345
|switch|p2a: Dafaq is dis|Pinsir, M|271\/271
|-ability|p2a: Dafaq is dis|Mold Breaker
|turn|1
|
|switch|p2a: Ice Beam|Landorus-Therian, M|319\/319
|-ability|p2a: Ice Beam|Intimidate|[of] p1a: Jirachi
|-unboost|p1a: Jirachi|atk|1
|move|p1a: Jirachi|Iron Head|p2a: Ice Beam
|-damage|p2a: Ice Beam|240\/319
|
|-heal|p2a: Ice Beam|259\/319|[from] item: Leftovers
|turn|2
|
|move|p1a: Jirachi|Stealth Rock|p2a: Ice Beam
|-sidestart|p2: Kabuchops|move: Stealth Rock
|move|p2a: Ice Beam|Stealth Rock|p1a: Jirachi
|-sidestart|p1: Fabian Zahn|move: Stealth Rock
|
|-heal|p2a: Ice Beam|278\/319|[from] item: Leftovers
|turn|3
|
|move|p1a: Jirachi|U-turn|p2a: Ice Beam
|-resisted|p2a: Ice Beam
|-damage|p2a: Ice Beam|257\/319
|
|switch|p1a: Rotom-Wash|Rotom-Wash|304\/304
|-damage|p1a: Rotom-Wash|266\/304|[from] Stealth Rock
|move|p2a: Ice Beam|Knock Off|p1a: Rotom-Wash
|-damage|p1a: Rotom-Wash|169\/304
|-enditem|p1a: Rotom-Wash|Leftovers|[from] move: Knock Off|[of] p2a: Ice Beam
|
|-heal|p2a: Ice Beam|276\/319|[from] item: Leftovers
|turn|4
|
|move|p2a: Ice Beam|U-turn|p1a: Rotom-Wash
|-damage|p1a: Rotom-Wash|100\/304
|
|switch|p2a: MH437|Latios, M|301\/301
|-damage|p2a: MH437|264\/301|[from] Stealth Rock
|move|p1a: Rotom-Wash|Will-O-Wisp|p2a: MH437
|-status|p2a: MH437|brn
|
|-damage|p2a: MH437|227\/301 brn|[from] brn
|turn|5
|
|switch|p1a: Jirachi|Jirachi|345\/345
|-damage|p1a: Jirachi|324\/345|[from] Stealth Rock
|move|p2a: MH437|Trick|p1a: Jirachi
|-activate|p2a: MH437|move: Trick|[of] p1a: Jirachi
|-item|p1a: Jirachi|Choice Scarf|[from] move: Trick
|-item|p2a: MH437|Leftovers|[from] move: Trick
|
|-heal|p2a: MH437|245\/301 brn|[from] item: Leftovers
|-damage|p2a: MH437|208\/301 brn|[from] brn
|turn|6
|
|move|p1a: Jirachi|Iron Head|p2a: MH437
|-damage|p2a: MH437|72\/301 brn
|cant|p2a: MH437|flinch
|
|-heal|p2a: MH437|90\/301 brn|[from] item: Leftovers
|-damage|p2a: MH437|53\/301 brn|[from] brn
|turn|7
|
|switch|p2a: Ice Beam|Landorus-Therian, M|276\/319
|-damage|p2a: Ice Beam|237\/319|[from] Stealth Rock
|-ability|p2a: Ice Beam|Intimidate|[of] p1a: Jirachi
|-unboost|p1a: Jirachi|atk|1
|move|p1a: Jirachi|Iron Head|p2a: Ice Beam
|-damage|p2a: Ice Beam|162\/319
|
|-heal|p2a: Ice Beam|181\/319|[from] item: Leftovers
|turn|8
|
|move|p1a: Jirachi|Iron Head|p2a: Ice Beam
|-damage|p2a: Ice Beam|99\/319
|move|p2a: Ice Beam|Knock Off|p1a: Jirachi
|-supereffective|p1a: Jirachi
|-damage|p1a: Jirachi|122\/345
|-enditem|p1a: Jirachi|Choice Scarf|[from] move: Knock Off|[of] p2a: Ice Beam
|
|-heal|p2a: Ice Beam|118\/319|[from] item: Leftovers
|turn|9
|
|move|p1a: Jirachi|Iron Head|p2a: Ice Beam
|-damage|p2a: Ice Beam|37\/319
|cant|p2a: Ice Beam|flinch
|
|-heal|p2a: Ice Beam|56\/319|[from] item: Leftovers
|turn|10
|
|switch|p2a: Hot tranny )|Heatran, F|323\/323
|-damage|p2a: Hot tranny )|283\/323|[from] Stealth Rock
|move|p1a: Jirachi|Iron Head|p2a: Hot tranny )
|-resisted|p2a: Hot tranny )
|-damage|p2a: Hot tranny )|265\/323
|
|turn|11
|
|move|p2a: Hot tranny )|Overheat|p1a: Jirachi
|-supereffective|p1a: Jirachi
|-damage|p1a: Jirachi|0 fnt
|-unboost|p2a: Hot tranny )|spa|2
|faint|p1a: Jirachi
|
|
|switch|p1a: Rotom-Wash|Rotom-Wash|100\/304
|-damage|p1a: Rotom-Wash|62\/304|[from] Stealth Rock
|turn|12
|
|switch|p2a: Ice Beam|Landorus-Therian, M|56\/319
|-damage|p2a: Ice Beam|17\/319|[from] Stealth Rock
|-ability|p2a: Ice Beam|Intimidate|[of] p1a: Rotom-Wash
|-unboost|p1a: Rotom-Wash|atk|1
|move|p1a: Rotom-Wash|Pain Split|p2a: Ice Beam
|-sethp|p2a: Ice Beam|39\/319|p1a: Rotom-Wash|39\/304|[from] move: Pain Split
|
|-heal|p2a: Ice Beam|58\/319|[from] item: Leftovers
|turn|13
|
|move|p2a: Ice Beam|Knock Off|p1a: Rotom-Wash
|-damage|p1a: Rotom-Wash|0 fnt
|faint|p1a: Rotom-Wash
|
|-heal|p2a: Ice Beam|77\/319|[from] item: Leftovers
|
|switch|p1a: Bisharp|Bisharp, M|271\/271
|-damage|p1a: Bisharp|255\/271|[from] Stealth Rock
|turn|14
|
|move|p2a: Ice Beam|Earthquake|p1a: Bisharp
|-supereffective|p1a: Bisharp
|-damage|p1a: Bisharp|0 fnt
|faint|p1a: Bisharp
|
|-heal|p2a: Ice Beam|96\/319|[from] item: Leftovers
|
|switch|p1a: Latios|Latios, M|301\/301
|-damage|p1a: Latios|264\/301|[from] Stealth Rock
|turn|15
|
|move|p1a: Latios|Earthquake|p2a: Ice Beam
|-immune|p2a: Ice Beam|[msg]
|move|p2a: Ice Beam|Knock Off|p1a: Latios
|-supereffective|p1a: Latios
|-damage|p1a: Latios|12\/301
|-enditem|p1a: Latios|Choice Scarf|[from] move: Knock Off|[of] p2a: Ice Beam
|
|-heal|p2a: Ice Beam|115\/319|[from] item: Leftovers
|turn|16
|-message|Fabian Zahn forfeited.
|leave|Fabian Zahn
|
|win|Kabuchops
|raw|Ladder updating...
|player|p1
|raw|Fabian Zahn's rating: 1619 &rarr; <strong>1592<\/strong><br \/>(-27 for losing)
|raw|Kabuchops's rating: 1509 &rarr; <strong>1535<\/strong><br \/>(+26 for winning)