|join|GoodNicksAreGone
|join|Kabuchops
|player|p1|GoodNicksAreGone|265
|player|p2|Kabuchops|292
|gametype|singles
|gen|6
|tier|OU (suspect test)
|rated
|clearpoke
|poke|p1|Metagross
|poke|p1|Keldeo-Resolute
|poke|p1|Zapdos
|poke|p1|Sylveon, M
|poke|p1|Swampert, M
|poke|p1|Heatran, M
|poke|p2|Metagross
|poke|p2|Keldeo
|poke|p2|Raikou
|poke|p2|Landorus-Therian, M
|poke|p2|Heatran, M
|poke|p2|Latias, F
|rule|Swagger Clause: Swagger is banned
|rule|Baton Pass Clause: Limit one PokÃ©mon knowing Baton Pass
|rule|Sleep Clause Mod: Limit one foe put to sleep
|rule|Species Clause: Limit one of each PokÃ©mon
|rule|OHKO Clause: OHKO moves are banned
|rule|Moody Clause: Moody is banned
|rule|Evasion Moves Clause: Evasion moves are banned
|rule|Endless Battle Clause: Forcing endless battles is banned
|rule|HP Percentage Mod: HP is shown in percentages
|teampreview
|
|start
|switch|p1a: Keldeo-Resolute|Keldeo-Resolute|323\/323
|switch|p2a: Landorus-Therian|Landorus-Therian, M|319\/319
|-ability|p2a: Landorus-Therian|Intimidate|[of] p1a: Keldeo-Resolute
|-unboost|p1a: Keldeo-Resolute|atk|1
|turn|1
|
|move|p1a: Keldeo-Resolute|Scald|p2a: Landorus-Therian
|-supereffective|p2a: Landorus-Therian
|-damage|p2a: Landorus-Therian|0 fnt
|faint|p2a: Landorus-Therian
|
|
|switch|p2a: Metagross|Metagross|301\/301
|turn|2
|
|switch|p1a: Heatran|Heatran, M|323\/323
|-item|p1a: Heatran|Air Balloon
|detailschange|p2a: Metagross|Metagross-Mega
|-mega|p2a: Metagross|Metagross|Metagrossite
|move|p2a: Metagross|Zen Headbutt|p1a: Heatran
|-resisted|p1a: Heatran
|-damage|p1a: Heatran|222\/323
|-enditem|p1a: Heatran|Air Balloon
|
|turn|3
|
|switch|p1a: Zapdos|Zapdos|384\/384
|-ability|p1a: Zapdos|Pressure
|move|p2a: Metagross|Earthquake|p1a: Zapdos
|-immune|p1a: Zapdos|[msg]
|
|turn|4
|
|switch|p2a: Heatran|Heatran, M|385\/385
|move|p1a: Zapdos|Thunderbolt|p2a: Heatran
|-damage|p2a: Heatran|295\/385
|-status|p2a: Heatran|par
|
|-heal|p2a: Heatran|319\/385 par|[from] item: Leftovers
|turn|5
|
|switch|p1a: Swampert|Swampert, M|404\/404
|cant|p2a: Heatran|par
|
|-heal|p2a: Heatran|343\/385 par|[from] item: Leftovers
|turn|6
|c|âKabuchops|,
|
|switch|p2a: Keldeo|Keldeo|323\/323
|move|p1a: Swampert|Stealth Rock|p2a: Keldeo
|-sidestart|p2: Kabuchops|move: Stealth Rock
|
|turn|7
|
|move|p2a: Keldeo|Hydro Pump|p1a: Swampert|[miss]
|-miss|p2a: Keldeo|p1a: Swampert
|move|p1a: Swampert|Toxic|p2a: Keldeo
|-status|p2a: Keldeo|tox
|
|-damage|p2a: Keldeo|303\/323 tox|[from] psn
|turn|8
|c|âKabuchops|,
|
|switch|p1a: Sylveon|Sylveon, M|394\/394
|move|p2a: Keldeo|Hydro Pump|p1a: Sylveon
|-damage|p1a: Sylveon|273\/394
|
|-heal|p1a: Sylveon|297\/394|[from] item: Leftovers
|-damage|p2a: Keldeo|263\/323 tox|[from] psn
|turn|9
|
|switch|p2a: Metagross|Metagross-Mega|301\/301
|-damage|p2a: Metagross|283\/301|[from] Stealth Rock
|move|p1a: Sylveon|Wish|p1a: Sylveon
|
|-heal|p1a: Sylveon|321\/394|[from] item: Leftovers
|turn|10
|
|switch|p1a: Zapdos|Zapdos|384\/384
|-ability|p1a: Zapdos|Pressure
|move|p2a: Metagross|Earthquake|p1a: Zapdos
|-immune|p1a: Zapdos|[msg]
|
|turn|11
|
|move|p2a: Metagross|Zen Headbutt|p1a: Zapdos
|-damage|p1a: Zapdos|219\/384
|-damage|p2a: Metagross|233\/301|[from] item: Rocky Helmet|[of] p1a: Zapdos
|move|p1a: Zapdos|Thunderbolt|p2a: Metagross
|-damage|p2a: Metagross|97\/301
|
|turn|12
|
|switch|p2a: Raikou|Raikou|321\/321
|-damage|p2a: Raikou|281\/321|[from] Stealth Rock
|-ability|p2a: Raikou|Pressure
|move|p1a: Zapdos|Roost|p1a: Zapdos
|-heal|p1a: Zapdos|384\/384
|
|turn|13
|
|move|p2a: Raikou|Shadow Ball|p1a: Zapdos
|-damage|p1a: Zapdos|253\/384
|move|p1a: Zapdos|Toxic|p2a: Raikou
|-status|p2a: Raikou|tox
|
|-damage|p2a: Raikou|261\/321 tox|[from] psn
|turn|14
|
|switch|p2a: Heatran|Heatran, M|343\/385 par
|-damage|p2a: Heatran|295\/385 par|[from] Stealth Rock
|move|p1a: Zapdos|Roost|p1a: Zapdos
|-heal|p1a: Zapdos|384\/384
|
|-heal|p2a: Heatran|319\/385 par|[from] item: Leftovers
|turn|15
|
|switch|p1a: Heatran|Heatran, M|222\/323
|move|p2a: Heatran|Stealth Rock|p1a: Heatran
|-sidestart|p1: GoodNicksAreGone|move: Stealth Rock
|
|-heal|p2a: Heatran|343\/385 par|[from] item: Leftovers
|turn|16
|
|cant|p2a: Heatran|par
|move|p1a: Heatran|Dragon Pulse|p2a: Heatran
|-resisted|p2a: Heatran
|-damage|p2a: Heatran|304\/385 par
|
|-heal|p2a: Heatran|328\/385 par|[from] item: Leftovers
|turn|17
|
|move|p1a: Heatran|Earth Power|p2a: Heatran
|-supereffective|p2a: Heatran
|-damage|p2a: Heatran|8\/385 par
|move|p2a: Heatran|Toxic|p1a: Heatran
|-fail|p1a: Heatran
|
|-heal|p2a: Heatran|32\/385 par|[from] item: Leftovers
|turn|18
|
|cant|p2a: Heatran|par
|move|p1a: Heatran|Dragon Pulse|p2a: Heatran
|-resisted|p2a: Heatran
|-damage|p2a: Heatran|0 fnt
|faint|p2a: Heatran
|
|
|switch|p2a: Metagross|Metagross-Mega|97\/301
|-damage|p2a: Metagross|79\/301|[from] Stealth Rock
|turn|19
|
|switch|p1a: Zapdos|Zapdos|384\/384
|-damage|p1a: Zapdos|288\/384|[from] Stealth Rock
|-ability|p1a: Zapdos|Pressure
|move|p2a: Metagross|Earthquake|p1a: Zapdos
|-immune|p1a: Zapdos|[msg]
|
|turn|20
|
|move|p2a: Metagross|Zen Headbutt|p1a: Zapdos
|-damage|p1a: Zapdos|111\/384
|-damage|p2a: Metagross|29\/301|[from] item: Rocky Helmet|[of] p1a: Zapdos
|move|p1a: Zapdos|Thunderbolt|p2a: Metagross
|-damage|p2a: Metagross|0 fnt
|faint|p2a: Metagross
|
|-message|Kabuchops forfeited.
|
|win|GoodNicksAreGone
|raw|Ladder updating...
|leave|Kabuchops
|player|p2
|raw|GoodNicksAreGone's rating: 1285 &rarr; <strong>1307<\/strong><br \/>(+22 for winning)
|raw|Kabuchops's rating: 1247 &rarr; <strong>1225<\/strong><br \/>(-22 for losing)