|join|Kabuchops
|join|los gains
|player|p1|Kabuchops|292
|player|p2|los gains|156
|gametype|singles
|gen|6
|tier|OU (suspect test)
|rated
|clearpoke
|poke|p1|Diggersby, M
|poke|p1|Rotom-Wash
|poke|p1|Gardevoir, M
|poke|p1|Bisharp, F
|poke|p1|Keldeo
|poke|p1|Ferrothorn, F
|poke|p2|Metagross, shiny
|poke|p2|Chansey, F
|poke|p2|Mandibuzz, F
|poke|p2|Keldeo
|poke|p2|Landorus-Therian, M
|poke|p2|Raikou
|rule|Swagger Clause: Swagger is banned
|rule|Baton Pass Clause: Limit one PokÃ©mon knowing Baton Pass
|rule|Sleep Clause Mod: Limit one foe put to sleep
|rule|Species Clause: Limit one of each PokÃ©mon
|rule|OHKO Clause: OHKO moves are banned
|rule|Moody Clause: Moody is banned
|rule|Evasion Moves Clause: Evasion moves are banned
|rule|Endless Battle Clause: Forcing endless battles is banned
|rule|HP Percentage Mod: HP is shown in percentages
|teampreview
|
|start
|switch|p1a: Keldeo|Keldeo|323\/323
|switch|p2a: Keldeo|Keldeo|323\/323
|turn|1
|
|switch|p2a: Mandibuzz|Mandibuzz, F|423\/423
|move|p1a: Keldeo|Secret Sword|p2a: Mandibuzz
|-damage|p2a: Mandibuzz|255\/423
|
|turn|2
|
|switch|p1a: Gardevoir|Gardevoir, M|277\/277
|-ability|p1a: Gardevoir|Overcoat|[from] ability: Trace|[of] p2a: Mandibuzz
|move|p2a: Mandibuzz|Roost|p2a: Mandibuzz
|-heal|p2a: Mandibuzz|423\/423
|
|turn|3
|
|switch|p2a: Chansey|Chansey, F|703\/703
|detailschange|p1a: Gardevoir|Gardevoir-Mega, M
|-mega|p1a: Gardevoir|Gardevoir|Gardevoirite
|move|p1a: Gardevoir|Hyper Voice|p2a: Chansey
|-damage|p2a: Chansey|558\/703
|
|turn|4
|
|move|p1a: Gardevoir|Taunt|p2a: Chansey
|-start|p2a: Chansey|move: Taunt
|cant|p2a: Chansey|move: Taunt|Toxic
|
|turn|5
|
|move|p1a: Gardevoir|Psyshock|p2a: Chansey
|-damage|p2a: Chansey|323\/703
|move|p2a: Chansey|Seismic Toss|p1a: Gardevoir
|-damage|p1a: Gardevoir|177\/277
|
|turn|6
|
|switch|p2a: Raikou|Raikou|321\/321
|-ability|p2a: Raikou|Pressure
|move|p1a: Gardevoir|Psyshock|p2a: Raikou
|-damage|p2a: Raikou|101\/321
|
|turn|7
|
|switch|p1a: Diggersby|Diggersby, M|311\/311
|move|p2a: Raikou|Thunderbolt|p1a: Diggersby
|-immune|p1a: Diggersby|[msg]
|
|turn|8
|
|move|p1a: Diggersby|Frustration|p2a: Raikou
|-damage|p2a: Raikou|0 fnt
|faint|p2a: Raikou
|
|
|switch|p2a: Mandibuzz|Mandibuzz, F|423\/423
|turn|9
|
|switch|p1a: Rotom-Wash|Rotom-Wash|303\/303
|switch|p2a: Metagross|Metagross, shiny|301\/301
|
|turn|10
|
|switch|p2a: Chansey|Chansey, F|323\/703
|move|p1a: Rotom-Wash|Will-O-Wisp|p2a: Chansey|[miss]
|-miss|p1a: Rotom-Wash|p2a: Chansey
|
|turn|11
|
|move|p1a: Rotom-Wash|Volt Switch|p2a: Chansey
|-damage|p2a: Chansey|272\/703
|
|switch|p1a: Bisharp|Bisharp, F|271\/271
|move|p2a: Chansey|Soft-Boiled|p2a: Chansey
|-heal|p2a: Chansey|624\/703
|
|turn|12
|
|switch|p2a: Mandibuzz|Mandibuzz, F|423\/423
|move|p1a: Bisharp|Knock Off|p2a: Mandibuzz
|-resisted|p2a: Mandibuzz
|-damage|p2a: Mandibuzz|333\/423
|-damage|p1a: Bisharp|226\/271|[from] item: Rocky Helmet|[of] p2a: Mandibuzz
|-enditem|p2a: Mandibuzz|Rocky Helmet|[from] move: Knock Off|[of] p1a: Bisharp
|-damage|p1a: Bisharp|199\/271|[from] item: Life Orb
|
|turn|13
|
|switch|p1a: Ferrothorn|Ferrothorn, F|352\/352
|move|p2a: Mandibuzz|Foul Play|p1a: Ferrothorn
|-damage|p1a: Ferrothorn|273\/352
|-damage|p2a: Mandibuzz|281\/423|[from] ability: Iron Barbs|[of] p1a: Ferrothorn
|
|-heal|p1a: Ferrothorn|295\/352|[from] item: Leftovers
|turn|14
|
|move|p2a: Mandibuzz|Taunt|p1a: Ferrothorn
|-start|p1a: Ferrothorn|move: Taunt
|cant|p1a: Ferrothorn|move: Taunt|Leech Seed
|
|-heal|p1a: Ferrothorn|317\/352|[from] item: Leftovers
|turn|15
|
|switch|p2a: Keldeo|Keldeo|323\/323
|switch|p1a: Rotom-Wash|Rotom-Wash|303\/303
|
|turn|16
|
|switch|p2a: Chansey|Chansey, F|624\/703
|move|p1a: Rotom-Wash|Volt Switch|p2a: Chansey
|-damage|p2a: Chansey|573\/703
|
|switch|p1a: Keldeo|Keldeo|323\/323
|
|turn|17
|
|move|p1a: Keldeo|Secret Sword|p2a: Chansey
|-supereffective|p2a: Chansey
|-damage|p2a: Chansey|0 fnt
|faint|p2a: Chansey
|
|
|switch|p2a: Metagross|Metagross, shiny|301\/301
|turn|18
|
|switch|p1a: Ferrothorn|Ferrothorn, F|317\/352
|switch|p2a: Keldeo|Keldeo|323\/323
|
|-heal|p1a: Ferrothorn|339\/352|[from] item: Leftovers
|turn|19
|
|move|p2a: Keldeo|Calm Mind|p2a: Keldeo
|-boost|p2a: Keldeo|spa|1
|-boost|p2a: Keldeo|spd|1
|move|p1a: Ferrothorn|Stealth Rock|p2a: Keldeo
|-sidestart|p2: los gains|move: Stealth Rock
|
|-heal|p1a: Ferrothorn|352\/352|[from] item: Leftovers
|turn|20
|
|move|p2a: Keldeo|Calm Mind|p2a: Keldeo
|-boost|p2a: Keldeo|spa|1
|-boost|p2a: Keldeo|spd|1
|move|p1a: Ferrothorn|Leech Seed|p2a: Keldeo
|-start|p2a: Keldeo|move: Leech Seed
|
|-damage|p2a: Keldeo|283\/323|[from] Leech Seed|[of] p1a: Ferrothorn
|turn|21
|
|move|p2a: Keldeo|Secret Sword|p1a: Ferrothorn
|-supereffective|p1a: Ferrothorn
|-damage|p1a: Ferrothorn|0 fnt
|faint|p1a: Ferrothorn
|
|-heal|p2a: Keldeo|303\/323|[from] item: Leftovers
|
|switch|p1a: Rotom-Wash|Rotom-Wash|303\/303
|turn|22
|
|move|p2a: Keldeo|Secret Sword|p1a: Rotom-Wash
|-damage|p1a: Rotom-Wash|75\/303
|move|p1a: Rotom-Wash|Volt Switch|p2a: Keldeo
|-supereffective|p2a: Keldeo
|-damage|p2a: Keldeo|211\/323
|
|switch|p1a: Diggersby|Diggersby, M|311\/311
|
|-heal|p2a: Keldeo|231\/323|[from] item: Leftovers
|-damage|p2a: Keldeo|191\/323|[from] Leech Seed|[of] p1a: Diggersby
|turn|23
|
|switch|p2a: Landorus-Therian|Landorus-Therian, M|319\/319
|-damage|p2a: Landorus-Therian|280\/319|[from] Stealth Rock
|-ability|p2a: Landorus-Therian|Intimidate|[of] p1a: Diggersby
|-unboost|p1a: Diggersby|atk|1
|move|p1a: Diggersby|Wild Charge|p2a: Landorus-Therian
|-immune|p2a: Landorus-Therian|[msg]
|
|turn|24
|
|move|p2a: Landorus-Therian|U-turn|p1a: Diggersby
|-damage|p1a: Diggersby|196\/311
|
|switch|p2a: Mandibuzz|Mandibuzz, F|281\/423
|-damage|p2a: Mandibuzz|176\/423|[from] Stealth Rock
|move|p1a: Diggersby|Wild Charge|p2a: Mandibuzz
|-supereffective|p2a: Mandibuzz
|-damage|p2a: Mandibuzz|26\/423
|-damage|p1a: Diggersby|158\/311|[from] recoil|[of] p2a: Mandibuzz
|
|turn|25
|
|move|p1a: Diggersby|Wild Charge|p2a: Mandibuzz
|-supereffective|p2a: Mandibuzz
|-damage|p2a: Mandibuzz|0 fnt
|-damage|p1a: Diggersby|151\/311|[from] recoil|[of] p2a: Mandibuzz
|faint|p2a: Mandibuzz
|
|
|switch|p2a: Metagross|Metagross, shiny|301\/301
|-damage|p2a: Metagross|283\/301|[from] Stealth Rock
|turn|26
|
|switch|p1a: Rotom-Wash|Rotom-Wash|75\/303
|detailschange|p2a: Metagross|Metagross-Mega, shiny
|-mega|p2a: Metagross|Metagross|Metagrossite
|move|p2a: Metagross|Meteor Mash|p1a: Rotom-Wash
|-resisted|p1a: Rotom-Wash
|-damage|p1a: Rotom-Wash|32\/303
|
|-heal|p1a: Rotom-Wash|50\/303|[from] item: Leftovers
|turn|27
|
|move|p2a: Metagross|Zen Headbutt|p1a: Rotom-Wash
|-damage|p1a: Rotom-Wash|0 fnt
|faint|p1a: Rotom-Wash
|
|
|switch|p1a: Diggersby|Diggersby, M|151\/311
|turn|28
|
|move|p1a: Diggersby|Earthquake|p2a: Metagross
|-supereffective|p2a: Metagross
|-damage|p2a: Metagross|0 fnt
|faint|p2a: Metagross
|
|
|switch|p2a: Landorus-Therian|Landorus-Therian, M|280\/319
|-damage|p2a: Landorus-Therian|241\/319|[from] Stealth Rock
|-ability|p2a: Landorus-Therian|Intimidate|[of] p1a: Diggersby
|-unboost|p1a: Diggersby|atk|1
|turn|29
|
|switch|p1a: Keldeo|Keldeo|323\/323
|move|p2a: Landorus-Therian|Earthquake|p1a: Keldeo
|-damage|p1a: Keldeo|94\/323
|
|turn|30
|
|move|p2a: Landorus-Therian|Earthquake|p1a: Keldeo
|-damage|p1a: Keldeo|0 fnt
|faint|p1a: Keldeo
|
|
|switch|p1a: Gardevoir|Gardevoir-Mega, M|177\/277
|turn|31
|
|move|p2a: Landorus-Therian|Earthquake|p1a: Gardevoir
|-damage|p1a: Gardevoir|0 fnt
|faint|p1a: Gardevoir
|
|
|switch|p1a: Bisharp|Bisharp, F|199\/271
|turn|32
|
|move|p1a: Bisharp|Sucker Punch|p2a: Landorus-Therian
|-damage|p2a: Landorus-Therian|27\/319
|-damage|p1a: Bisharp|172\/271|[from] item: Life Orb
|move|p2a: Landorus-Therian|Earthquake|p1a: Bisharp
|-supereffective|p1a: Bisharp
|-damage|p1a: Bisharp|0 fnt
|faint|p1a: Bisharp
|
|
|switch|p1a: Diggersby|Diggersby, M|151\/311
|turn|33
|
|move|p2a: Landorus-Therian|Earthquake|p1a: Diggersby
|-damage|p1a: Diggersby|0 fnt
|faint|p1a: Diggersby
|
|win|los gains
|raw|Ladder updating...
|c|âKabuchops|kek gg
|raw|Kabuchops's rating: 1339 &rarr; <strong>1319<\/strong><br \/>(-20 for losing)
|raw|los gains's rating: 1324 &rarr; <strong>1345<\/strong><br \/>(+21 for winning)
|leave|Kabuchops
|player|p1