|join|DeathWave
|join|pikachugrapesall
|player|p1|DeathWave|30
|player|p2|pikachugrapesall|102
|gametype|singles
|gen|6
|tier|ORAS OU
|rated
|rule|Sleep Clause Mod: Limit one foe put to sleep
|rule|Species Clause: Limit one of each PokÃ©mon
|rule|OHKO Clause: OHKO moves are banned
|rule|Moody Clause: Moody is banned
|rule|Evasion Moves Clause: Evasion moves are banned
|rule|Endless Battle Clause: Forcing endless battles is banned
|rule|HP Percentage Mod: HP is shown in percentages
|clearpoke
|poke|p1|Salamence, M
|poke|p1|Chansey, F
|poke|p1|Bisharp, F
|poke|p1|Rotom-Wash
|poke|p1|Landorus-Therian, M
|poke|p1|Mandibuzz, F
|poke|p2|Beedrill, M
|poke|p2|Gothitelle, M
|poke|p2|Garchomp, M
|poke|p2|Talonflame, F
|poke|p2|Zapdos
|poke|p2|Heatran, F
|rule|Swagger Clause: Swagger is banned
|rule|Baton Pass Clause: Limit one PokÃ©mon knowing Baton Pass
|teampreview
|
|start
|switch|p1a: Bisharp|Bisharp, F|271\/271
|switch|p2a: Beedrill|Beedrill, M|271\/271
|turn|1
|
|switch|p2a: Heatran|Heatran, F|386\/386
|move|p1a: Bisharp|Iron Head|p2a: Heatran
|-resisted|p2a: Heatran
|-damage|p2a: Heatran|352\/386
|
|-heal|p2a: Heatran|376\/386|[from] item: Leftovers
|turn|2
|
|switch|p1a: Rotom-Wash|Rotom-Wash|241\/241
|move|p2a: Heatran|Lava Plume|p1a: Rotom-Wash
|-resisted|p1a: Rotom-Wash
|-damage|p1a: Rotom-Wash|184\/241
|
|-heal|p2a: Heatran|386\/386|[from] item: Leftovers
|turn|3
|
|switch|p2a: Zapdos|Zapdos|384\/384
|-ability|p2a: Zapdos|Pressure
|move|p1a: Rotom-Wash|Volt Switch|p2a: Zapdos
|-damage|p2a: Zapdos|261\/384
|
|switch|p1a: Landorus-Therian|Landorus-Therian, M|319\/319
|-ability|p1a: Landorus-Therian|Intimidate|[of] p2a: Zapdos
|-unboost|p2a: Zapdos|atk|1
|
|-heal|p2a: Zapdos|285\/384|[from] item: Leftovers
|turn|4
|
|move|p1a: Landorus-Therian|U-turn|p2a: Zapdos
|-resisted|p2a: Zapdos
|-damage|p2a: Zapdos|233\/384
|
|switch|p1a: Rotom-Wash|Rotom-Wash|184\/241
|move|p2a: Zapdos|Toxic|p1a: Rotom-Wash|[miss]
|-miss|p2a: Zapdos|p1a: Rotom-Wash
|
|-heal|p2a: Zapdos|257\/384|[from] item: Leftovers
|turn|5
|
|move|p1a: Rotom-Wash|Volt Switch|p2a: Zapdos
|-damage|p2a: Zapdos|142\/384
|
|switch|p1a: Bisharp|Bisharp, F|271\/271
|move|p2a: Zapdos|Toxic|p1a: Bisharp
|-fail|p1a: Bisharp
|
|-heal|p2a: Zapdos|166\/384|[from] item: Leftovers
|turn|6
|
|move|p1a: Bisharp|Knock Off|p2a: Zapdos
|-damage|p2a: Zapdos|30\/384
|-enditem|p2a: Zapdos|Leftovers|[from] move: Knock Off|[of] p1a: Bisharp
|move|p2a: Zapdos|Roost|p2a: Zapdos
|-heal|p2a: Zapdos|222\/384
|
|turn|7
|
|switch|p1a: Landorus-Therian|Landorus-Therian, M|319\/319
|-ability|p1a: Landorus-Therian|Intimidate|[of] p2a: Zapdos
|-unboost|p2a: Zapdos|atk|1
|move|p2a: Zapdos|Roost|p2a: Zapdos
|-heal|p2a: Zapdos|384\/384
|
|turn|8
|
|move|p1a: Landorus-Therian|Stealth Rock|p2a: Zapdos
|-sidestart|p2: pikachugrapesall|move: Stealth Rock
|move|p2a: Zapdos|Toxic|p1a: Landorus-Therian
|-status|p1a: Landorus-Therian|tox
|
|-damage|p1a: Landorus-Therian|300\/319 tox|[from] psn
|turn|9
|
|switch|p1a: Chansey|Chansey, F|704\/704
|move|p2a: Zapdos|Roost|p2a: Zapdos
|-fail|p2a: Zapdos
|
|turn|10
|
|switch|p2a: Gothitelle|Gothitelle, M|344\/344
|-damage|p2a: Gothitelle|301\/344|[from] Stealth Rock
|switch|p1a: Rotom-Wash|Rotom-Wash|184\/241
|
|turn|11
|
|move|p1a: Rotom-Wash|Volt Switch|p2a: Gothitelle
|-damage|p2a: Gothitelle|198\/344
|
|switch|p1a: Bisharp|Bisharp, F|271\/271
|move|p2a: Gothitelle|Trick|p1a: Bisharp
|-activate|p2a: Gothitelle|move: Trick|[of] p1a: Bisharp
|-item|p1a: Bisharp|Choice Scarf|[from] move: Trick
|-item|p2a: Gothitelle|Choice Scarf|[from] move: Trick
|
|turn|12
|c|âDeathWave|run
|
|switch|p2a: Zapdos|Zapdos|384\/384
|-damage|p2a: Zapdos|288\/384|[from] Stealth Rock
|-ability|p2a: Zapdos|Pressure
|move|p1a: Bisharp|Knock Off|p2a: Zapdos
|-damage|p2a: Zapdos|198\/384
|
|turn|13
|
|switch|p1a: Salamence|Salamence, M|331\/331
|-ability|p1a: Salamence|Intimidate|[of] p2a: Zapdos
|-unboost|p2a: Zapdos|atk|1
|move|p2a: Zapdos|Thunderbolt|p1a: Salamence
|-damage|p1a: Salamence|183\/331
|-status|p1a: Salamence|par
|
|turn|14
|
|detailschange|p1a: Salamence|Salamence-Mega, M
|message|Salamence has Mega Evolved into Mega Salamence!
|move|p2a: Zapdos|Thunderbolt|p1a: Salamence
|-damage|p1a: Salamence|33\/331 par
|move|p1a: Salamence|Dragon Claw|p2a: Zapdos
|-damage|p2a: Zapdos|81\/384
|
|turn|15
|c|âDeathWave|lol hax
|
|switch|p1a: Landorus-Therian|Landorus-Therian, M|300\/319 tox
|-ability|p1a: Landorus-Therian|Intimidate|[of] p2a: Zapdos
|-unboost|p2a: Zapdos|atk|1
|move|p2a: Zapdos|Roost|p2a: Zapdos
|-heal|p2a: Zapdos|273\/384
|
|-damage|p1a: Landorus-Therian|281\/319 tox|[from] psn
|turn|16
|
|move|p1a: Landorus-Therian|Stone Edge|p2a: Zapdos
|-supereffective|p2a: Zapdos
|-damage|p2a: Zapdos|0 fnt
|faint|p2a: Zapdos
|
|-damage|p1a: Landorus-Therian|243\/319 tox|[from] psn
|
|switch|p2a: Gothitelle|Gothitelle, M|198\/344
|-damage|p2a: Gothitelle|155\/344|[from] Stealth Rock
|turn|17
|
|move|p2a: Gothitelle|Rest|p2a: Gothitelle
|-status|p2a: Gothitelle|slp
|-heal|p2a: Gothitelle|344\/344 slp|[silent]
|-status|p2a: Gothitelle|slp|[from] move: Rest
|move|p1a: Landorus-Therian|Stone Edge|p2a: Gothitelle
|-damage|p2a: Gothitelle|135\/344 slp
|
|-damage|p1a: Landorus-Therian|186\/319 tox|[from] psn
|turn|18
|
|cant|p2a: Gothitelle|slp
|move|p1a: Landorus-Therian|Stone Edge|p2a: Gothitelle
|-crit|p2a: Gothitelle
|-damage|p2a: Gothitelle|0 fnt
|faint|p2a: Gothitelle
|
|-damage|p1a: Landorus-Therian|110\/319 tox|[from] psn
|
|switch|p2a: Garchomp|Garchomp, M|357\/357
|-damage|p2a: Garchomp|335\/357|[from] Stealth Rock
|turn|19
|
|switch|p1a: Mandibuzz|Mandibuzz, F|424\/424
|move|p2a: Garchomp|Dragon Claw|p1a: Mandibuzz
|-damage|p1a: Mandibuzz|322\/424
|-damage|p2a: Garchomp|276\/357|[from] item: Rocky Helmet|[of] p1a: Mandibuzz
|
|turn|20
|
|switch|p2a: Heatran|Heatran, F|386\/386
|-damage|p2a: Heatran|338\/386|[from] Stealth Rock
|move|p1a: Mandibuzz|Toxic|p2a: Heatran
|-fail|p2a: Heatran
|
|-heal|p2a: Heatran|362\/386|[from] item: Leftovers
|turn|21
|
|switch|p1a: Rotom-Wash|Rotom-Wash|184\/241
|move|p2a: Heatran|Stealth Rock|p1a: Rotom-Wash
|-sidestart|p1: DeathWave|move: Stealth Rock
|
|-heal|p2a: Heatran|386\/386|[from] item: Leftovers
|turn|22
|leave|DeathWave
|player|p1
|join|DeathWave
|player|p1|DeathWave|30
|
|move|p1a: Rotom-Wash|Hydro Pump|p2a: Heatran
|-supereffective|p2a: Heatran
|-damage|p2a: Heatran|152\/386
|move|p2a: Heatran|Lava Plume|p1a: Rotom-Wash
|-crit|p1a: Rotom-Wash
|-resisted|p1a: Rotom-Wash
|-damage|p1a: Rotom-Wash|97\/241
|
|-heal|p2a: Heatran|176\/386|[from] item: Leftovers
|turn|23
|
|move|p1a: Rotom-Wash|Hydro Pump|p2a: Heatran
|-supereffective|p2a: Heatran
|-damage|p2a: Heatran|0 fnt
|faint|p2a: Heatran
|
|
|switch|p2a: Beedrill|Beedrill, M|271\/271
|-damage|p2a: Beedrill|204\/271|[from] Stealth Rock
|turn|24
|
|detailschange|p2a: Beedrill|Beedrill-Mega, M
|message|Beedrill has Mega Evolved into Mega Beedrill!
|move|p1a: Rotom-Wash|Hydro Pump|p2a: Beedrill
|-damage|p2a: Beedrill|0 fnt
|faint|p2a: Beedrill
|
|
|switch|p2a: Garchomp|Garchomp, M|276\/357
|-damage|p2a: Garchomp|254\/357|[from] Stealth Rock
|turn|25
|
|switch|p1a: Chansey|Chansey, F|704\/704
|-damage|p1a: Chansey|616\/704|[from] Stealth Rock
|move|p2a: Garchomp|Outrage|p1a: Chansey
|-damage|p1a: Chansey|322\/704
|
|turn|26
|
|move|p2a: Garchomp|Outrage|p1a: Chansey
|-damage|p1a: Chansey|46\/704
|move|p1a: Chansey|Soft-Boiled|p1a: Chansey
|-heal|p1a: Chansey|398\/704
|
|-end|p2a: Garchomp|rampage
|-start|p2a: Garchomp|confusion
|turn|27
|
|-activate|p2a: Garchomp|confusion
|-damage|p2a: Garchomp|202\/357|[from] confusion
|move|p1a: Chansey|Soft-Boiled|p1a: Chansey
|-heal|p1a: Chansey|704\/704
|
|turn|28
|
|switch|p2a: Talonflame|Talonflame, F|359\/359
|-damage|p2a: Talonflame|180\/359|[from] Stealth Rock
|move|p1a: Chansey|Heal Bell|p1a: Chansey
|-cureteam|p1a: Chansey|[from] move: HealBell
|
|-heal|p2a: Talonflame|202\/359|[from] item: Leftovers
|turn|29
|
|move|p2a: Talonflame|Roost|p2a: Talonflame
|-heal|p2a: Talonflame|359\/359
|move|p1a: Chansey|Thunder Wave|p2a: Talonflame
|-status|p2a: Talonflame|par
|
|turn|30
|
|move|p1a: Chansey|Seismic Toss|p2a: Talonflame
|-damage|p2a: Talonflame|259\/359 par
|cant|p2a: Talonflame|par
|
|-heal|p2a: Talonflame|281\/359 par|[from] item: Leftovers
|turn|31
|
|switch|p1a: Bisharp|Bisharp, F|271\/271
|-damage|p1a: Bisharp|255\/271|[from] Stealth Rock
|move|p2a: Talonflame|Swords Dance|p2a: Talonflame
|-boost|p2a: Talonflame|atk|2
|
|-heal|p2a: Talonflame|303\/359 par|[from] item: Leftovers
|turn|32
|
|cant|p2a: Talonflame|par
|move|p1a: Bisharp|Knock Off|p2a: Talonflame
|-damage|p2a: Talonflame|75\/359 par
|-enditem|p2a: Talonflame|Leftovers|[from] move: Knock Off|[of] p1a: Bisharp
|
|turn|33
|
|move|p2a: Talonflame|Roost|p2a: Talonflame
|-heal|p2a: Talonflame|255\/359 par
|move|p1a: Bisharp|Knock Off|p2a: Talonflame
|-damage|p2a: Talonflame|104\/359 par
|
|turn|34
|
|move|p2a: Talonflame|Roost|p2a: Talonflame
|-heal|p2a: Talonflame|284\/359 par
|move|p1a: Bisharp|Knock Off|p2a: Talonflame
|-damage|p2a: Talonflame|121\/359 par
|
|turn|35
|
|move|p2a: Talonflame|Roost|p2a: Talonflame
|-heal|p2a: Talonflame|301\/359 par
|move|p1a: Bisharp|Knock Off|p2a: Talonflame
|-damage|p2a: Talonflame|144\/359 par
|
|turn|36
|
|cant|p2a: Talonflame|par
|move|p1a: Bisharp|Knock Off|p2a: Talonflame
|-damage|p2a: Talonflame|0 fnt
|faint|p2a: Talonflame
|
|-message|pikachugrapesall forfeited.
|
|win|DeathWave
|raw|Ladder updating...
|leave|pikachugrapesall
|player|p2
|raw|DeathWave's rating: 1349 &rarr; <strong>1369<\/strong><br \/>(+20 for winning)
|raw|pikachugrapesall's rating: 1341 &rarr; <strong>1321<\/strong><br \/>(-20 for losing)