|join|DeathWave
|join|Rebel Flower
|player|p1|DeathWave|30
|player|p2|Rebel Flower|37
|gametype|singles
|gen|6
|tier|ORAS OU
|rated
|rule|Sleep Clause Mod: Limit one foe put to sleep
|rule|Species Clause: Limit one of each PokÃ©mon
|rule|OHKO Clause: OHKO moves are banned
|rule|Moody Clause: Moody is banned
|rule|Evasion Moves Clause: Evasion moves are banned
|rule|Endless Battle Clause: Forcing endless battles is banned
|rule|HP Percentage Mod: HP is shown in percentages
|clearpoke
|poke|p1|Pidgeot, M
|poke|p1|Conkeldurr, M
|poke|p1|Keldeo
|poke|p1|Mew
|poke|p1|Bisharp, M
|poke|p1|Skarmory, M
|poke|p2|Sharpedo, M
|poke|p2|Ferrothorn, M
|poke|p2|Latias, F
|poke|p2|Clefable, F
|poke|p2|Excadrill, M
|poke|p2|Keldeo
|rule|Swagger Clause: Swagger is banned
|rule|Baton Pass Clause: Limit one PokÃ©mon knowing Baton Pass
|teampreview
|
|start
|switch|p1a: Pidgeot|Pidgeot, M|307\/307
|switch|p2a: Keldeo|Keldeo|323\/323
|turn|1
|
|switch|p2a: Excadrill|Excadrill, M|361\/361
|-ability|p2a: Excadrill|Mold Breaker
|-item|p2a: Excadrill|Air Balloon
|switch|p1a: Keldeo|Keldeo|322\/322
|
|turn|2
|
|switch|p2a: Ferrothorn|Ferrothorn, M|352\/352
|move|p1a: Keldeo|Scald|p2a: Ferrothorn
|-resisted|p2a: Ferrothorn
|-damage|p2a: Ferrothorn|271\/352
|
|turn|3
|
|switch|p1a: Pidgeot|Pidgeot, M|307\/307
|move|p2a: Ferrothorn|Leech Seed|p1a: Pidgeot|[miss]
|-miss|p2a: Ferrothorn|p1a: Pidgeot
|
|turn|4
|
|switch|p2a: Latias|Latias, F|320\/320
|detailschange|p1a: Pidgeot|Pidgeot-Mega, M
|message|Pidgeot has Mega Evolved into Mega Pidgeot!
|move|p1a: Pidgeot|Heat Wave|p2a: Latias
|-crit|p2a: Latias
|-resisted|p2a: Latias
|-damage|p2a: Latias|252\/320
|-status|p2a: Latias|brn
|
|-damage|p2a: Latias|212\/320 brn|[from] brn
|turn|5
|
|switch|p1a: Mew|Mew|379\/379
|move|p2a: Latias|Psyshock|p1a: Mew
|-resisted|p1a: Mew
|-damage|p1a: Mew|296\/379
|-damage|p2a: Latias|180\/320 brn|[from] item: Life Orb
|
|-heal|p1a: Mew|319\/379|[from] item: Leftovers
|-damage|p2a: Latias|140\/320 brn|[from] brn
|turn|6
|
|switch|p2a: Sharpedo|Sharpedo, M|281\/281
|move|p1a: Mew|Roost|p1a: Mew
|-heal|p1a: Mew|379\/379
|
|turn|7
|
|move|p2a: Sharpedo|Protect|p2a: Sharpedo
|-singleturn|p2a: Sharpedo|Protect
|move|p1a: Mew|Will-O-Wisp|p2a: Sharpedo
|-activate|p2a: Sharpedo|Protect
|
|-boost|p2a: Sharpedo|spe|1|[from] ability: Speed Boost
|turn|8
|
|switch|p1a: Skarmory|Skarmory, M|302\/302
|detailschange|p2a: Sharpedo|Sharpedo-Mega, M
|message|Sharpedo has Mega Evolved into Mega Sharpedo!
|move|p2a: Sharpedo|Crunch|p1a: Skarmory
|-damage|p1a: Skarmory|154\/302
|-damage|p2a: Sharpedo|235\/281|[from] item: Rocky Helmet|[of] p1a: Skarmory
|
|turn|9
|
|move|p2a: Sharpedo|Crunch|p1a: Skarmory
|-damage|p1a: Skarmory|21\/302
|-damage|p2a: Sharpedo|189\/281|[from] item: Rocky Helmet|[of] p1a: Skarmory
|move|p1a: Skarmory|Brave Bird|p2a: Sharpedo
|-damage|p2a: Sharpedo|45\/281
|-damage|p1a: Skarmory|0 fnt|[from] recoil|[of] p2a: Sharpedo
|faint|p1a: Skarmory
|
|
|switch|p1a: Conkeldurr|Conkeldurr, M|381\/381
|turn|10
|
|switch|p2a: Clefable|Clefable, F|394\/394
|move|p1a: Conkeldurr|Knock Off|p2a: Clefable
|-resisted|p2a: Clefable
|-damage|p2a: Clefable|338\/394
|-enditem|p2a: Clefable|Leftovers|[from] move: Knock Off|[of] p1a: Conkeldurr
|
|turn|11
|
|switch|p1a: Mew|Mew|379\/379
|move|p2a: Clefable|Moonblast|p1a: Mew
|-damage|p1a: Mew|298\/379
|
|-heal|p1a: Mew|321\/379|[from] item: Leftovers
|turn|12
|
|move|p1a: Mew|Will-O-Wisp|p2a: Clefable
|-status|p2a: Clefable|brn
|move|p2a: Clefable|Calm Mind|p2a: Clefable
|-boost|p2a: Clefable|spa|1
|-boost|p2a: Clefable|spd|1
|
|-heal|p1a: Mew|344\/379|[from] item: Leftovers
|turn|13
|
|move|p1a: Mew|Taunt|p2a: Clefable
|-start|p2a: Clefable|move: Taunt
|move|p2a: Clefable|Flamethrower|p1a: Mew
|-damage|p1a: Mew|267\/379
|
|-heal|p1a: Mew|290\/379|[from] item: Leftovers
|turn|14
|
|move|p1a: Mew|Knock Off|p2a: Clefable
|-crit|p2a: Clefable
|-resisted|p2a: Clefable
|-damage|p2a: Clefable|303\/394 brn
|move|p2a: Clefable|Moonblast|p1a: Mew
|-damage|p1a: Mew|170\/379
|-unboost|p1a: Mew|spa|1
|
|-heal|p1a: Mew|193\/379|[from] item: Leftovers
|turn|15
|
|move|p1a: Mew|Roost|p1a: Mew
|-heal|p1a: Mew|379\/379
|move|p2a: Clefable|Moonblast|p1a: Mew
|-damage|p1a: Mew|256\/379
|-unboost|p1a: Mew|spa|1
|
|-heal|p1a: Mew|279\/379|[from] item: Leftovers
|-end|p2a: Clefable|move: Taunt
|turn|16
|
|move|p1a: Mew|Taunt|p2a: Clefable
|-start|p2a: Clefable|move: Taunt
|move|p2a: Clefable|Moonblast|p1a: Mew
|-damage|p1a: Mew|156\/379
|
|-heal|p1a: Mew|179\/379|[from] item: Leftovers
|turn|17
|
|move|p1a: Mew|Knock Off|p2a: Clefable
|-resisted|p2a: Clefable
|-damage|p2a: Clefable|279\/394 brn
|move|p2a: Clefable|Moonblast|p1a: Mew
|-damage|p1a: Mew|43\/379
|-unboost|p1a: Mew|spa|1
|
|-heal|p1a: Mew|66\/379|[from] item: Leftovers
|turn|18
|
|move|p1a: Mew|Roost|p1a: Mew
|-heal|p1a: Mew|256\/379
|move|p2a: Clefable|Moonblast|p1a: Mew
|-damage|p1a: Mew|120\/379
|-unboost|p1a: Mew|spa|1
|
|-heal|p1a: Mew|143\/379|[from] item: Leftovers
|-end|p2a: Clefable|move: Taunt
|turn|19
|
|move|p1a: Mew|Roost|p1a: Mew
|-heal|p1a: Mew|333\/379
|move|p2a: Clefable|Moonblast|p1a: Mew
|-crit|p1a: Mew
|-damage|p1a: Mew|150\/379
|
|-heal|p1a: Mew|173\/379|[from] item: Leftovers
|turn|20
|
|move|p1a: Mew|Taunt|p2a: Clefable
|-start|p2a: Clefable|move: Taunt
|move|p2a: Clefable|Moonblast|p1a: Mew
|-damage|p1a: Mew|52\/379
|-unboost|p1a: Mew|spa|1
|
|-heal|p1a: Mew|75\/379|[from] item: Leftovers
|turn|21
|
|switch|p2a: Sharpedo|Sharpedo-Mega, M|45\/281
|move|p1a: Mew|Roost|p1a: Mew
|-heal|p1a: Mew|265\/379
|
|-heal|p1a: Mew|288\/379|[from] item: Leftovers
|turn|22
|
|switch|p1a: Keldeo|Keldeo|322\/322
|move|p2a: Sharpedo|Crunch|p1a: Keldeo
|-resisted|p1a: Keldeo
|-damage|p1a: Keldeo|192\/322
|-boost|p1a: Keldeo|atk|1|[from] ability: Justified
|
|turn|23
|
|switch|p2a: Ferrothorn|Ferrothorn, M|271\/352
|move|p1a: Keldeo|Scald|p2a: Ferrothorn
|-resisted|p2a: Ferrothorn
|-damage|p2a: Ferrothorn|189\/352
|
|turn|24
|
|switch|p1a: Conkeldurr|Conkeldurr, M|381\/381
|move|p2a: Ferrothorn|Leech Seed|p1a: Conkeldurr
|-start|p1a: Conkeldurr|move: Leech Seed
|
|-damage|p1a: Conkeldurr|334\/381|[from] Leech Seed|[of] p2a: Ferrothorn
|-heal|p2a: Ferrothorn|236\/352|[silent]
|turn|25
|
|switch|p1a: Pidgeot|Pidgeot-Mega, M|307\/307
|move|p2a: Ferrothorn|Spikes|p1a: Pidgeot
|-sidestart|p1: DeathWave|Spikes
|
|turn|26
|
|move|p1a: Pidgeot|Heat Wave|p2a: Ferrothorn
|-supereffective|p2a: Ferrothorn
|-damage|p2a: Ferrothorn|0 fnt
|faint|p2a: Ferrothorn
|
|
|switch|p2a: Keldeo|Keldeo|323\/323
|turn|27
|
|move|p1a: Pidgeot|Hurricane|p2a: Keldeo
|-supereffective|p2a: Keldeo
|-damage|p2a: Keldeo|0 fnt
|faint|p2a: Keldeo
|
|c|âDeathWave|gg
|
|switch|p2a: Latias|Latias, F|140\/320 brn
|turn|28
|
|move|p1a: Pidgeot|Hurricane|p2a: Latias
|-damage|p2a: Latias|0 fnt
|faint|p2a: Latias
|
|-message|Rebel Flower forfeited.
|
|switch|p2a: Excadrill|Excadrill, M|361\/361
|-ability|p2a: Excadrill|Mold Breaker
|-item|p2a: Excadrill|Air Balloon
|turn|29
|leave|Rebel Flower
|
|win|DeathWave
|raw|Ladder updating...
|player|p2
|raw|DeathWave's rating: 1232 &rarr; <strong>1253<\/strong><br \/>(+21 for winning)
|raw|Rebel Flower's rating: 1179 &rarr; <strong>1158<\/strong><br \/>(-21 for losing)