|join|skarmscream
|join|DeathWave
|player|p1|skarmscream|266
|player|p2|DeathWave|30
|gametype|singles
|gen|6
|tier|ORAS OU
|rated
|rule|Sleep Clause Mod: Limit one foe put to sleep
|rule|Species Clause: Limit one of each PokÃ©mon
|rule|OHKO Clause: OHKO moves are banned
|rule|Moody Clause: Moody is banned
|rule|Evasion Moves Clause: Evasion moves are banned
|rule|Endless Battle Clause: Forcing endless battles is banned
|rule|HP Percentage Mod: HP is shown in percentages
|clearpoke
|poke|p1|Infernape, M
|poke|p1|Azumarill, F
|poke|p1|Ferrothorn, F
|poke|p1|Thundurus-Therian, M
|poke|p1|Latias, F
|poke|p1|Mew
|poke|p2|Pidgeot, M
|poke|p2|Conkeldurr, F
|poke|p2|Keldeo
|poke|p2|Mew
|poke|p2|Bisharp, F
|poke|p2|Skarmory, M
|rule|Swagger Clause: Swagger is banned
|rule|Baton Pass Clause: Limit one PokÃ©mon knowing Baton Pass
|teampreview
|
|start
|switch|p1a: Azumarill|Azumarill, F|401\/401
|switch|p2a: Mew|Mew|379\/379
|turn|1
|
|switch|p1a: Infernape|Infernape, M|293\/293
|move|p2a: Mew|Will-O-Wisp|p1a: Infernape
|-fail|p1a: Infernape
|
|turn|2
|
|move|p1a: Infernape|U-turn|p2a: Mew
|-supereffective|p2a: Mew
|-damage|p2a: Mew|161\/379
|
|switch|p1a: Thundurus-Therian|Thundurus-Therian, M|300\/300
|move|p2a: Mew|Knock Off|p1a: Thundurus-Therian
|-damage|p1a: Thundurus-Therian|192\/300
|-enditem|p1a: Thundurus-Therian|Choice Scarf|[from] move: Knock Off|[of] p2a: Mew
|
|-heal|p2a: Mew|184\/379|[from] item: Leftovers
|turn|3
|
|switch|p2a: Conkeldurr|Conkeldurr, F|381\/381
|move|p1a: Thundurus-Therian|Thunderbolt|p2a: Conkeldurr
|-damage|p2a: Conkeldurr|251\/381
|-status|p2a: Conkeldurr|par
|
|turn|4
|
|move|p1a: Thundurus-Therian|Volt Switch|p2a: Conkeldurr
|-damage|p2a: Conkeldurr|148\/381 par
|
|switch|p1a: Ferrothorn|Ferrothorn, F|352\/352
|move|p2a: Conkeldurr|Knock Off|p1a: Ferrothorn
|-damage|p1a: Ferrothorn|237\/352
|-damage|p2a: Conkeldurr|101\/381 par|[from] ability: Iron Barbs|[of] p1a: Ferrothorn
|-damage|p2a: Conkeldurr|38\/381 par|[from] item: Rocky Helmet|[of] p1a: Ferrothorn
|-enditem|p1a: Ferrothorn|Rocky Helmet|[from] move: Knock Off|[of] p2a: Conkeldurr
|
|turn|5
|
|cant|p2a: Conkeldurr|par
|move|p1a: Ferrothorn|Stealth Rock|p2a: Conkeldurr
|-sidestart|p2: DeathWave|move: Stealth Rock
|
|turn|6
|
|move|p1a: Ferrothorn|Knock Off|p2a: Conkeldurr
|-resisted|p2a: Conkeldurr
|-damage|p2a: Conkeldurr|3\/381 par
|-enditem|p2a: Conkeldurr|Assault Vest|[from] move: Knock Off|[of] p1a: Ferrothorn
|cant|p2a: Conkeldurr|par
|
|turn|7
|c|âDeathWave|....
|c|âDeathWave|Damn. 
|
|cant|p2a: Conkeldurr|par
|move|p1a: Ferrothorn|Knock Off|p2a: Conkeldurr
|-resisted|p2a: Conkeldurr
|-damage|p2a: Conkeldurr|0 fnt
|faint|p2a: Conkeldurr
|
|c|âDeathWave|WTF???
|c|âskarmscream|i know man sorry
|
|switch|p2a: Pidgeot|Pidgeot, M|307\/307
|-damage|p2a: Pidgeot|231\/307|[from] Stealth Rock
|turn|8
|
|detailschange|p2a: Pidgeot|Pidgeot-Mega, M
|message|Pidgeot has Mega Evolved into Mega Pidgeot!
|move|p2a: Pidgeot|Heat Wave|p1a: Ferrothorn
|-supereffective|p1a: Ferrothorn
|-damage|p1a: Ferrothorn|0 fnt
|faint|p1a: Ferrothorn
|
|c|âskarmscream|i forgot he had that
|
|switch|p1a: Infernape|Infernape, M|293\/293
|turn|9
|
|switch|p2a: Skarmory|Skarmory, M|302\/302
|-damage|p2a: Skarmory|265\/302|[from] Stealth Rock
|switch|p1a: Latias|Latias, F|364\/364
|
|turn|10
|
|switch|p1a: Thundurus-Therian|Thundurus-Therian, M|192\/300
|move|p2a: Skarmory|Defog|p1a: Thundurus-Therian
|-unboost|p1a: Thundurus-Therian|evasion|1
|-sideend|p2: DeathWave|Stealth Rock|[from] move: Defog|[of] p2a: Skarmory
|
|turn|11
|
|move|p1a: Thundurus-Therian|Thunderbolt|p2a: Skarmory
|-supereffective|p2a: Skarmory
|-damage|p2a: Skarmory|0 fnt
|faint|p2a: Skarmory
|
|
|switch|p2a: Keldeo|Keldeo|322\/322
|turn|12
|
|switch|p1a: Azumarill|Azumarill, F|401\/401
|move|p2a: Keldeo|Scald|p1a: Azumarill
|-resisted|p1a: Azumarill
|-damage|p1a: Azumarill|314\/401
|
|turn|13
|
|move|p2a: Keldeo|Scald|p1a: Azumarill
|-crit|p1a: Azumarill
|-resisted|p1a: Azumarill
|-damage|p1a: Azumarill|179\/401
|-status|p1a: Azumarill|brn
|move|p1a: Azumarill|Play Rough|p2a: Keldeo
|-supereffective|p2a: Keldeo
|-damage|p2a: Keldeo|122\/322
|
|-damage|p1a: Azumarill|129\/401 brn|[from] brn
|turn|14
|
|switch|p2a: Mew|Mew|184\/379
|move|p1a: Azumarill|Play Rough|p2a: Mew
|-damage|p2a: Mew|90\/379
|
|-heal|p2a: Mew|113\/379|[from] item: Leftovers
|-damage|p1a: Azumarill|79\/401 brn|[from] brn
|turn|15
|
|switch|p1a: Infernape|Infernape, M|293\/293
|move|p2a: Mew|Roost|p2a: Mew
|-heal|p2a: Mew|303\/379
|
|-heal|p2a: Mew|326\/379|[from] item: Leftovers
|turn|16
|
|move|p1a: Infernape|U-turn|p2a: Mew
|-supereffective|p2a: Mew
|-damage|p2a: Mew|120\/379
|
|switch|p1a: Azumarill|Azumarill, F|79\/401 brn
|move|p2a: Mew|Roost|p2a: Mew
|-heal|p2a: Mew|310\/379
|
|-heal|p2a: Mew|333\/379|[from] item: Leftovers
|-damage|p1a: Azumarill|29\/401 brn|[from] brn
|turn|17
|
|move|p2a: Mew|Knock Off|p1a: Azumarill
|-resisted|p1a: Azumarill
|-damage|p1a: Azumarill|0 fnt
|-enditem|p1a: Azumarill|Assault Vest|[from] move: Knock Off|[of] p2a: Mew
|faint|p1a: Azumarill
|
|-heal|p2a: Mew|356\/379|[from] item: Leftovers
|
|switch|p1a: Latias|Latias, F|364\/364
|turn|18
|
|move|p2a: Mew|Knock Off|p1a: Latias
|-supereffective|p1a: Latias
|-damage|p1a: Latias|282\/364
|move|p1a: Latias|Calm Mind|p1a: Latias
|-boost|p1a: Latias|spa|1
|-boost|p1a: Latias|spd|1
|
|-heal|p2a: Mew|379\/379|[from] item: Leftovers
|turn|19
|
|detailschange|p1a: Latias|Latias-Mega, F
|message|Latias has Mega Evolved into Mega Latias!
|move|p2a: Mew|Taunt|p1a: Latias
|-start|p1a: Latias|move: Taunt
|move|p1a: Latias|Dragon Pulse|p2a: Mew
|-damage|p2a: Mew|216\/379
|
|-heal|p2a: Mew|239\/379|[from] item: Leftovers
|turn|20
|
|move|p2a: Mew|Will-O-Wisp|p1a: Latias
|-status|p1a: Latias|brn
|move|p1a: Latias|Dragon Pulse|p2a: Mew
|-damage|p2a: Mew|68\/379
|
|-heal|p2a: Mew|91\/379|[from] item: Leftovers
|-damage|p1a: Latias|237\/364 brn|[from] brn
|turn|21
|
|move|p2a: Mew|Roost|p2a: Mew
|-heal|p2a: Mew|281\/379
|move|p1a: Latias|Dragon Pulse|p2a: Mew
|-damage|p2a: Mew|122\/379
|
|-heal|p2a: Mew|145\/379|[from] item: Leftovers
|-damage|p1a: Latias|192\/364 brn|[from] brn
|-end|p1a: Latias|move: Taunt
|turn|22
|
|switch|p1a: Infernape|Infernape, M|293\/293
|move|p2a: Mew|Taunt|p1a: Infernape
|-start|p1a: Infernape|move: Taunt
|
|-heal|p2a: Mew|168\/379|[from] item: Leftovers
|turn|23
|
|switch|p2a: Keldeo|Keldeo|122\/322
|move|p1a: Infernape|U-turn|p2a: Keldeo
|-resisted|p2a: Keldeo
|-damage|p2a: Keldeo|63\/322
|
|switch|p1a: Latias|Latias-Mega, F|192\/364 brn
|
|-damage|p1a: Latias|147\/364 brn|[from] brn
|turn|24
|
|move|p2a: Keldeo|Icy Wind|p1a: Latias
|-supereffective|p1a: Latias
|-damage|p1a: Latias|0 fnt
|faint|p1a: Latias
|
|
|switch|p1a: Infernape|Infernape, M|293\/293
|turn|25
|
|move|p2a: Keldeo|Icy Wind|p1a: Infernape
|-resisted|p1a: Infernape
|-damage|p1a: Infernape|232\/293
|-unboost|p1a: Infernape|spe|1
|move|p1a: Infernape|Flare Blitz|p2a: Keldeo
|-resisted|p2a: Keldeo
|-damage|p2a: Keldeo|0 fnt
|-damage|p1a: Infernape|211\/293|[from] recoil|[of] p2a: Keldeo
|faint|p2a: Keldeo
|
|
|switch|p2a: Pidgeot|Pidgeot-Mega, M|231\/307
|turn|26
|
|switch|p1a: Mew|Mew|404\/404
|move|p2a: Pidgeot|Hurricane|p1a: Mew
|-damage|p1a: Mew|262\/404
|
|-heal|p1a: Mew|287\/404|[from] item: Leftovers
|turn|27
|
|switch|p2a: Mew|Mew|168\/379
|move|p1a: Mew|Will-O-Wisp|p2a: Mew|[miss]
|-miss|p1a: Mew|p2a: Mew
|
|-heal|p2a: Mew|191\/379|[from] item: Leftovers
|-heal|p1a: Mew|312\/404|[from] item: Leftovers
|turn|28
|
|switch|p1a: Infernape|Infernape, M|211\/293
|move|p2a: Mew|Knock Off|p1a: Infernape
|-resisted|p1a: Infernape
|-damage|p1a: Infernape|160\/293
|-enditem|p1a: Infernape|Choice Band|[from] move: Knock Off|[of] p2a: Mew
|
|-heal|p2a: Mew|214\/379|[from] item: Leftovers
|turn|29
|
|move|p1a: Infernape|Flare Blitz|p2a: Mew
|-damage|p2a: Mew|34\/379
|-damage|p1a: Infernape|101\/293|[from] recoil|[of] p2a: Mew
|move|p2a: Mew|Roost|p2a: Mew
|-heal|p2a: Mew|224\/379
|
|-heal|p2a: Mew|247\/379|[from] item: Leftovers
|turn|30
|
|move|p1a: Infernape|U-turn|p2a: Mew
|-supereffective|p2a: Mew
|-damage|p2a: Mew|103\/379
|
|switch|p1a: Thundurus-Therian|Thundurus-Therian, M|192\/300
|move|p2a: Mew|Roost|p2a: Mew
|-heal|p2a: Mew|293\/379
|
|-heal|p2a: Mew|316\/379|[from] item: Leftovers
|turn|31
|
|move|p1a: Thundurus-Therian|Thunderbolt|p2a: Mew
|-damage|p2a: Mew|175\/379
|move|p2a: Mew|Roost|p2a: Mew
|-heal|p2a: Mew|365\/379
|
|-heal|p2a: Mew|379\/379|[from] item: Leftovers
|turn|32
|
|move|p1a: Thundurus-Therian|Thunderbolt|p2a: Mew
|-damage|p2a: Mew|247\/379
|-status|p2a: Mew|par
|move|p2a: Mew|Will-O-Wisp|p1a: Thundurus-Therian
|-status|p1a: Thundurus-Therian|brn
|
|-heal|p2a: Mew|270\/379 par|[from] item: Leftovers
|-damage|p1a: Thundurus-Therian|155\/300 brn|[from] brn
|turn|33
|
|move|p1a: Thundurus-Therian|Volt Switch|p2a: Mew
|-damage|p2a: Mew|162\/379 par
|
|switch|p1a: Infernape|Infernape, M|101\/293
|move|p2a: Mew|Roost|p2a: Mew
|-heal|p2a: Mew|352\/379 par
|
|-heal|p2a: Mew|375\/379 par|[from] item: Leftovers
|turn|34
|
|move|p1a: Infernape|U-turn|p2a: Mew
|-crit|p2a: Mew
|-supereffective|p2a: Mew
|-damage|p2a: Mew|149\/379 par
|
|switch|p1a: Thundurus-Therian|Thundurus-Therian, M|155\/300 brn
|move|p2a: Mew|Knock Off|p1a: Thundurus-Therian
|-damage|p1a: Thundurus-Therian|85\/300 brn
|
|-heal|p2a: Mew|172\/379 par|[from] item: Leftovers
|-damage|p1a: Thundurus-Therian|48\/300 brn|[from] brn
|turn|35
|c|âDeathWave|hax hax every where
|
|move|p1a: Thundurus-Therian|Volt Switch|p2a: Mew
|-damage|p2a: Mew|63\/379 par
|
|switch|p1a: Infernape|Infernape, M|101\/293
|move|p2a: Mew|Roost|p2a: Mew
|-heal|p2a: Mew|253\/379 par
|
|-heal|p2a: Mew|276\/379 par|[from] item: Leftovers
|turn|36
|
|move|p1a: Infernape|U-turn|p2a: Mew
|-supereffective|p2a: Mew
|-damage|p2a: Mew|126\/379 par
|
|switch|p1a: Mew|Mew|312\/404
|move|p2a: Mew|Roost|p2a: Mew
|-heal|p2a: Mew|316\/379 par
|
|-heal|p1a: Mew|337\/404|[from] item: Leftovers
|-heal|p2a: Mew|339\/379 par|[from] item: Leftovers
|turn|37
|
|move|p1a: Mew|Seismic Toss|p2a: Mew
|-damage|p2a: Mew|239\/379 par
|move|p2a: Mew|Knock Off|p1a: Mew
|-supereffective|p1a: Mew
|-damage|p1a: Mew|195\/404
|-enditem|p1a: Mew|Leftovers|[from] move: Knock Off|[of] p2a: Mew
|
|-heal|p2a: Mew|262\/379 par|[from] item: Leftovers
|turn|38
|
|move|p1a: Mew|Seismic Toss|p2a: Mew
|-damage|p2a: Mew|162\/379 par
|move|p2a: Mew|Taunt|p1a: Mew
|-start|p1a: Mew|move: Taunt
|
|-heal|p2a: Mew|185\/379 par|[from] item: Leftovers
|turn|39
|
|switch|p2a: Bisharp|Bisharp, F|271\/271
|move|p1a: Mew|Seismic Toss|p2a: Bisharp
|-damage|p2a: Bisharp|171\/271
|
|turn|40
|
|move|p2a: Bisharp|Swords Dance|p2a: Bisharp
|-boost|p2a: Bisharp|atk|2
|move|p1a: Mew|Seismic Toss|p2a: Bisharp
|-damage|p2a: Bisharp|71\/271
|
|turn|41
|
|switch|p1a: Infernape|Infernape, M|101\/293
|move|p2a: Bisharp|Knock Off|p1a: Infernape
|-resisted|p1a: Infernape
|-damage|p1a: Infernape|0 fnt
|-damage|p2a: Bisharp|44\/271|[from] item: Life Orb
|faint|p1a: Infernape
|
|
|switch|p1a: Mew|Mew|195\/404
|turn|42
|
|move|p2a: Bisharp|Knock Off|p1a: Mew
|-supereffective|p1a: Mew
|-damage|p1a: Mew|0 fnt
|-damage|p2a: Bisharp|17\/271|[from] item: Life Orb
|faint|p1a: Mew
|
|
|switch|p1a: Thundurus-Therian|Thundurus-Therian, M|48\/300 brn
|turn|43
|
|move|p2a: Bisharp|Sucker Punch|p1a: Thundurus-Therian
|-damage|p1a: Thundurus-Therian|0 fnt
|-damage|p2a: Bisharp|0 fnt|[from] item: Life Orb
|faint|p1a: Thundurus-Therian
|faint|p2a: Bisharp
|
|win|DeathWave
|raw|Ladder updating...
|raw|skarmscream's rating: 1258 &rarr; <strong>1231<\/strong><br \/>(-27 for losing)
|raw|DeathWave's rating: 1226 &rarr; <strong>1253<\/strong><br \/>(+27 for winning)
|leave|skarmscream
|player|p1