|join|DeathWave
|join|subzeromkx
|player|p1|DeathWave|30
|player|p2|subzeromkx|20
|gametype|singles
|gen|6
|tier|ORAS OU
|rated
|rule|Sleep Clause Mod: Limit one foe put to sleep
|rule|Species Clause: Limit one of each PokÃ©mon
|rule|OHKO Clause: OHKO moves are banned
|rule|Moody Clause: Moody is banned
|rule|Evasion Moves Clause: Evasion moves are banned
|rule|Endless Battle Clause: Forcing endless battles is banned
|rule|HP Percentage Mod: HP is shown in percentages
|clearpoke
|poke|p1|Salamence, F
|poke|p1|Chansey, F
|poke|p1|Bisharp, M
|poke|p1|Rotom-Wash
|poke|p1|Landorus-Therian, M
|poke|p1|Mandibuzz, F
|poke|p2|Salamence, F, shiny
|poke|p2|Empoleon, M
|poke|p2|Kyurem-Black
|poke|p2|Greninja, M, shiny
|poke|p2|Bisharp, M
|poke|p2|Sylveon, F
|rule|Swagger Clause: Swagger is banned
|rule|Baton Pass Clause: Limit one PokÃ©mon knowing Baton Pass
|teampreview
|
|start
|switch|p1a: Rotom-Wash|Rotom-Wash|241\/241
|switch|p2a: Sakura|Sylveon, F|331\/331
|turn|1
|
|move|p1a: Rotom-Wash|Volt Switch|p2a: Sakura
|-damage|p2a: Sakura|250\/331
|
|switch|p1a: Chansey|Chansey, F|704\/704
|move|p2a: Sakura|Hyper Voice|p1a: Chansey
|-damage|p1a: Chansey|508\/704
|
|turn|2
|
|switch|p2a: Empoleon|Empoleon, M|372\/372
|move|p1a: Chansey|Thunder Wave|p2a: Empoleon
|-status|p2a: Empoleon|par
|
|turn|3
|
|switch|p1a: Rotom-Wash|Rotom-Wash|241\/241
|move|p2a: Empoleon|Stealth Rock|p1a: Rotom-Wash
|-sidestart|p1: DeathWave|move: Stealth Rock
|
|turn|4
|
|move|p1a: Rotom-Wash|Volt Switch|p2a: Empoleon
|-supereffective|p2a: Empoleon
|-damage|p2a: Empoleon|186\/372 par
|
|switch|p1a: Chansey|Chansey, F|508\/704
|-damage|p1a: Chansey|420\/704|[from] Stealth Rock
|cant|p2a: Empoleon|par
|
|-heal|p2a: Empoleon|209\/372 par|[from] item: Leftovers
|turn|5
|join|daviverass
|
|switch|p2a: Kyurem-Black|Kyurem-Black|454\/454
|-ability|p2a: Kyurem-Black|Teravolt
|move|p1a: Chansey|Soft-Boiled|p1a: Chansey
|-heal|p1a: Chansey|704\/704
|
|turn|6
|
|switch|p1a: Landorus-Therian|Landorus-Therian, M|319\/319
|-damage|p1a: Landorus-Therian|280\/319|[from] Stealth Rock
|-ability|p1a: Landorus-Therian|Intimidate|[of] p2a: Kyurem-Black
|-unboost|p2a: Kyurem-Black|atk|1
|move|p2a: Kyurem-Black|Substitute|p2a: Kyurem-Black
|-start|p2a: Kyurem-Black|Substitute
|-damage|p2a: Kyurem-Black|341\/454
|
|turn|7
|
|switch|p1a: Chansey|Chansey, F|704\/704
|-damage|p1a: Chansey|616\/704|[from] Stealth Rock
|move|p2a: Kyurem-Black|Ice Beam|p1a: Chansey
|-crit|p1a: Chansey
|-damage|p1a: Chansey|433\/704
|-damage|p2a: Kyurem-Black|296\/454|[from] item: Life Orb
|
|turn|8
|
|move|p2a: Kyurem-Black|Ice Beam|p1a: Chansey
|-damage|p1a: Chansey|316\/704
|-damage|p2a: Kyurem-Black|251\/454|[from] item: Life Orb
|move|p1a: Chansey|Soft-Boiled|p1a: Chansey
|-heal|p1a: Chansey|668\/704
|
|turn|9
|
|move|p2a: Kyurem-Black|Ice Beam|p1a: Chansey
|-crit|p1a: Chansey
|-damage|p1a: Chansey|496\/704
|-damage|p2a: Kyurem-Black|206\/454|[from] item: Life Orb
|move|p1a: Chansey|Seismic Toss|p2a: Kyurem-Black
|-activate|p2a: Kyurem-Black|Substitute|[damage]
|
|turn|10
|
|move|p2a: Kyurem-Black|Substitute|p2a: Kyurem-Black
|-fail|p2a: Kyurem-Black|move: Substitute
|move|p1a: Chansey|Soft-Boiled|p1a: Chansey
|-heal|p1a: Chansey|704\/704
|
|turn|11
|
|move|p2a: Kyurem-Black|Roost|p2a: Kyurem-Black
|-heal|p2a: Kyurem-Black|433\/454
|move|p1a: Chansey|Seismic Toss|p2a: Kyurem-Black
|-end|p2a: Kyurem-Black|Substitute
|
|turn|12
|
|switch|p1a: Bisharp|Bisharp, M|271\/271
|-damage|p1a: Bisharp|255\/271|[from] Stealth Rock
|move|p2a: Kyurem-Black|Substitute|p2a: Kyurem-Black
|-start|p2a: Kyurem-Black|Substitute
|-damage|p2a: Kyurem-Black|320\/454
|
|turn|13
|
|switch|p1a: Chansey|Chansey, F|704\/704
|-damage|p1a: Chansey|616\/704|[from] Stealth Rock
|move|p2a: Kyurem-Black|Earth Power|p1a: Chansey
|-damage|p1a: Chansey|546\/704
|-damage|p2a: Kyurem-Black|275\/454|[from] item: Life Orb
|
|turn|14
|
|move|p2a: Kyurem-Black|Ice Beam|p1a: Chansey
|-damage|p1a: Chansey|429\/704
|-status|p1a: Chansey|frz
|-damage|p2a: Kyurem-Black|230\/454|[from] item: Life Orb
|cant|p1a: Chansey|frz
|
|turn|15
|
|move|p2a: Kyurem-Black|Earth Power|p1a: Chansey
|-crit|p1a: Chansey
|-damage|p1a: Chansey|313\/704 frz
|-damage|p2a: Kyurem-Black|185\/454|[from] item: Life Orb
|cant|p1a: Chansey|frz
|
|turn|16
|
|switch|p1a: Rotom-Wash|Rotom-Wash|241\/241
|-damage|p1a: Rotom-Wash|211\/241|[from] Stealth Rock
|move|p2a: Kyurem-Black|Ice Beam|p1a: Rotom-Wash
|-resisted|p1a: Rotom-Wash
|-damage|p1a: Rotom-Wash|129\/241
|-damage|p2a: Kyurem-Black|140\/454|[from] item: Life Orb
|
|turn|17
|
|move|p1a: Rotom-Wash|Volt Switch|p2a: Kyurem-Black
|-resisted|p2a: Kyurem-Black
|-activate|p2a: Kyurem-Black|Substitute|[damage]
|
|switch|p1a: Chansey|Chansey, F|313\/704
|-damage|p1a: Chansey|225\/704|[from] Stealth Rock
|move|p2a: Kyurem-Black|Ice Beam|p1a: Chansey
|-damage|p1a: Chansey|112\/704
|-damage|p2a: Kyurem-Black|95\/454|[from] item: Life Orb
|
|turn|18
|
|move|p2a: Kyurem-Black|Ice Beam|p1a: Chansey
|-damage|p1a: Chansey|0 fnt
|-damage|p2a: Kyurem-Black|50\/454|[from] item: Life Orb
|faint|p1a: Chansey
|
|
|switch|p1a: Rotom-Wash|Rotom-Wash|129\/241
|-damage|p1a: Rotom-Wash|99\/241|[from] Stealth Rock
|turn|19
|
|move|p1a: Rotom-Wash|Volt Switch|p2a: Kyurem-Black
|-crit|p2a: Kyurem-Black
|-resisted|p2a: Kyurem-Black
|-end|p2a: Kyurem-Black|Substitute
|
|switch|p1a: Bisharp|Bisharp, M|255\/271
|-damage|p1a: Bisharp|239\/271|[from] Stealth Rock
|move|p2a: Kyurem-Black|Roost|p2a: Kyurem-Black
|-heal|p2a: Kyurem-Black|277\/454
|
|turn|20
|
|move|p1a: Bisharp|Iron Head|p2a: Kyurem-Black
|-supereffective|p2a: Kyurem-Black
|-damage|p2a: Kyurem-Black|23\/454
|move|p2a: Kyurem-Black|Earth Power|p1a: Bisharp
|-supereffective|p1a: Bisharp
|-damage|p1a: Bisharp|0 fnt
|-damage|p2a: Kyurem-Black|0 fnt|[from] item: Life Orb
|faint|p1a: Bisharp
|faint|p2a: Kyurem-Black
|
|
|switch|p1a: Rotom-Wash|Rotom-Wash|99\/241
|-damage|p1a: Rotom-Wash|69\/241|[from] Stealth Rock
|switch|p2a: Sakura|Sylveon, F|250\/331
|turn|21
|
|move|p1a: Rotom-Wash|Volt Switch|p2a: Sakura
|-damage|p2a: Sakura|166\/331
|
|switch|p1a: Mandibuzz|Mandibuzz, F|424\/424
|-damage|p1a: Mandibuzz|318\/424|[from] Stealth Rock
|move|p2a: Sakura|Hyper Voice|p1a: Mandibuzz
|-supereffective|p1a: Mandibuzz
|-damage|p1a: Mandibuzz|0 fnt
|faint|p1a: Mandibuzz
|
|
|switch|p1a: Landorus-Therian|Landorus-Therian, M|280\/319
|-damage|p1a: Landorus-Therian|241\/319|[from] Stealth Rock
|-ability|p1a: Landorus-Therian|Intimidate|[of] p2a: Sakura
|-unboost|p2a: Sakura|atk|1
|turn|22
|
|move|p1a: Landorus-Therian|U-turn|p2a: Sakura
|-resisted|p2a: Sakura
|-damage|p2a: Sakura|75\/331
|
|switch|p1a: Rotom-Wash|Rotom-Wash|69\/241
|-damage|p1a: Rotom-Wash|39\/241|[from] Stealth Rock
|move|p2a: Sakura|Hyper Voice|p1a: Rotom-Wash
|-damage|p1a: Rotom-Wash|0 fnt
|faint|p1a: Rotom-Wash
|
|
|switch|p1a: Landorus-Therian|Landorus-Therian, M|241\/319
|-damage|p1a: Landorus-Therian|202\/319|[from] Stealth Rock
|-ability|p1a: Landorus-Therian|Intimidate|[of] p2a: Sakura
|-unboost|p2a: Sakura|atk|1
|turn|23
|
|move|p1a: Landorus-Therian|U-turn|p2a: Sakura
|-resisted|p2a: Sakura
|-damage|p2a: Sakura|0 fnt
|faint|p2a: Sakura
|
|switch|p1a: Salamence|Salamence, F|331\/331
|-damage|p1a: Salamence|249\/331|[from] Stealth Rock
|
|
|switch|p2a: Kakashi|Greninja, M, shiny|285\/285
|turn|24
|
|detailschange|p1a: Salamence|Salamence-Mega, F
|message|Salamence has Mega Evolved into Mega Salamence!
|move|p2a: Kakashi|Ice Beam|p1a: Salamence
|-start|p2a: Kakashi|typechange|Ice|[from] Protean
|-supereffective|p1a: Salamence
|-damage|p1a: Salamence|0 fnt
|-damage|p2a: Kakashi|257\/285|[from] item: Life Orb
|faint|p1a: Salamence
|
|-message|DeathWave forfeited.
|
|win|subzeromkx
|raw|Ladder updating...
|leave|DeathWave
|player|p1
|raw|DeathWave's rating: 1461 &rarr; <strong>1446<\/strong><br \/>(-15 for losing)
|raw|subzeromkx's rating: 1562 &rarr; <strong>1576<\/strong><br \/>(+14 for winning)