|join|DeathWave
|join|Classic Cotton
|player|p1|DeathWave|163
|player|p2|Classic Cotton|2
|gametype|singles
|gen|6
|tier|OU
|rated
|clearpoke
|poke|p1|Talonflame, M
|poke|p1|Heracross, M
|poke|p1|Blissey, F
|poke|p1|Aegislash, F
|poke|p1|Tyranitar, F
|poke|p1|Mandibuzz, F
|poke|p2|Manectric, M
|poke|p2|Garchomp, M
|poke|p2|Aegislash, F
|poke|p2|Talonflame, F
|poke|p2|Gengar, F
|poke|p2|Ferrothorn, M
|rule|Sleep Clause Mod: Limit one foe put to sleep
|rule|Species Clause: Limit one of each Pokemon
|rule|OHKO Clause: OHKO moves are banned
|rule|Moody Clause: Moody is banned
|rule|Evasion Moves Clause: Evasion moves are banned
|rule|Endless Battle Clause: Forcing endless battles is banned.
|rule|HP Percentage Mod: HP is reported as percentages
|teampreview
|
|start
|switch|p1a: Tyranitar|Tyranitar, F|342\/342
|switch|p2a: Ferrothorn|Ferrothorn, M|289\/289
|-weather|Sandstorm
|turn|1
|join|kingwill53
|
|switch|p1a: Aegislash|Aegislash, F|261\/261
|move|p2a: Ferrothorn|Rock Polish|p2a: Ferrothorn
|-boost|p2a: Ferrothorn|spe|2
|
|-weather|Sandstorm|[upkeep]
|turn|2
|
|switch|p2a: Aegislash|Aegislash, F|324\/324
|-formechange|p1a: Aegislash|Aegislash-Blade
|move|p1a: Aegislash|Sacred Sword|p2a: Aegislash
|-immune|p2a: Aegislash|[msg]
|
|-weather|Sandstorm|[upkeep]
|turn|3
|
|switch|p1a: Mandibuzz|Mandibuzz, F|424\/424
|move|p2a: Aegislash|King's Shield|p2a: Aegislash
|-fail|p2a: Aegislash
|
|-weather|Sandstorm|[upkeep]
|turn|4
|chat|kingwill53|:-0
|
|move|p1a: Mandibuzz|Taunt|p2a: Aegislash
|-start|p2a: Aegislash|move: Taunt
|cant|p2a: Aegislash|move: Taunt|Toxic
|
|-weather|Sandstorm|[upkeep]
|turn|5
|chat|Classic Cotton|I thought about it
|
|switch|p2a: Ferrothorn|Ferrothorn, M|289\/289
|move|p1a: Mandibuzz|Foul Play|p2a: Ferrothorn
|-damage|p2a: Ferrothorn|183\/289
|-damage|p1a: Mandibuzz|371\/424|[from] ability: Iron Barbs|[of] p2a: Ferrothorn
|
|-weather|none
|-heal|p1a: Mandibuzz|397\/424|[from] item: Leftovers
|-heal|p2a: Ferrothorn|201\/289|[from] item: Leftovers
|turn|6
|
|switch|p2a: Aegislash|Aegislash, F|324\/324
|move|p1a: Mandibuzz|Taunt|p2a: Aegislash
|-start|p2a: Aegislash|move: Taunt
|
|-heal|p1a: Mandibuzz|423\/424|[from] item: Leftovers
|turn|7
|
|switch|p2a: Talonflame|Talonflame, F|359\/359
|move|p1a: Mandibuzz|Foul Play|p2a: Talonflame
|-damage|p2a: Talonflame|242\/359
|
|-heal|p1a: Mandibuzz|424\/424|[from] item: Leftovers
|turn|8
|chat|DeathWave|lol wat
|chat|DeathWave|XD
|chat|Classic Cotton|What?
|
|move|p2a: Talonflame|Will-O-Wisp|p1a: Mandibuzz
|-status|p1a: Mandibuzz|brn
|move|p1a: Mandibuzz|Foul Play|p2a: Talonflame
|-damage|p2a: Talonflame|185\/359
|
|-damage|p1a: Mandibuzz|371\/424 brn|[from] brn
|turn|9
|chat|kingwill53|u wot m5
|chat|kingwill53|m8***
|
|switch|p1a: Tyranitar|Tyranitar, F|342\/342
|-weather|Sandstorm
|move|p2a: Talonflame|Roost|p2a: Talonflame
|-heal|p2a: Talonflame|359\/359
|
|-weather|Sandstorm|[upkeep]
|-damage|p2a: Talonflame|337\/359|[from] sandstorm
|turn|10
|
|switch|p2a: Ferrothorn|Ferrothorn, M|201\/289
|move|p1a: Tyranitar|Stone Edge|p2a: Ferrothorn|[miss]
|-miss|p1a: Tyranitar|p2a: Ferrothorn
|
|-weather|Sandstorm|[upkeep]
|-heal|p2a: Ferrothorn|219\/289|[from] item: Leftovers
|turn|11
|
|switch|p1a: Talonflame|Talonflame, M|297\/297
|move|p2a: Ferrothorn|Iron Head|p1a: Talonflame
|-resisted|p1a: Talonflame
|-damage|p1a: Talonflame|226\/297
|
|-weather|Sandstorm|[upkeep]
|-damage|p1a: Talonflame|208\/297|[from] sandstorm
|-heal|p2a: Ferrothorn|237\/289|[from] item: Leftovers
|turn|12
|
|move|p1a: Talonflame|U-turn|p2a: Ferrothorn
|-damage|p2a: Ferrothorn|157\/289
|-damage|p1a: Talonflame|171\/297|[from] ability: Iron Barbs|[of] p2a: Ferrothorn
|
|switch|p1a: Aegislash|Aegislash, F|261\/261
|move|p2a: Ferrothorn|Iron Head|p1a: Aegislash
|-resisted|p1a: Aegislash
|-damage|p1a: Aegislash|219\/261
|
|-weather|Sandstorm|[upkeep]
|-heal|p2a: Ferrothorn|175\/289|[from] item: Leftovers
|turn|13
|chat|Classic Cotton|Ah the staying in like a man <3
|
|switch|p2a: Aegislash|Aegislash, F|324\/324
|-formechange|p1a: Aegislash|Aegislash-Blade
|move|p1a: Aegislash|Shadow Ball|p2a: Aegislash
|-supereffective|p2a: Aegislash
|-damage|p2a: Aegislash|67\/324
|-damage|p1a: Aegislash|193\/261|[from] item: Life Orb
|
|-weather|none
|-heal|p2a: Aegislash|87\/324|[from] item: Leftovers
|turn|14
|
|-formechange|p2a: Aegislash|Aegislash-Blade
|move|p2a: Aegislash|Pursuit|p1a: Aegislash|[from]Pursuit
|-supereffective|p1a: Aegislash
|-damage|p1a: Aegislash|0 fnt
|faint|p1a: Aegislash
|
|-heal|p2a: Aegislash|107\/324|[from] item: Leftovers
|chat|Classic Cotton|Ahhhh not bad
|chat|kingwill53|game changer
|
|switch|p1a: Heracross|Heracross, M|301\/301
|turn|15
|
|-formechange|p1a: Heracross|Heracross-Mega
|message|Heracross has Mega Evolved into Mega Heracross!
|-formechange|p2a: Aegislash|Aegislash
|move|p2a: Aegislash|King's Shield|p2a: Aegislash
|-singleturn|p2a: Aegislash|Protect
|move|p1a: Heracross|Earthquake|p2a: Aegislash
|-activate|p2a: Aegislash|Protect
|
|-heal|p2a: Aegislash|127\/324|[from] item: Leftovers
|turn|16
|
|move|p1a: Heracross|Rock Blast|p2a: Aegislash
|-resisted|p2a: Aegislash
|-damage|p2a: Aegislash|111\/324
|-resisted|p2a: Aegislash
|-damage|p2a: Aegislash|96\/324
|-resisted|p2a: Aegislash
|-damage|p2a: Aegislash|82\/324
|-resisted|p2a: Aegislash
|-damage|p2a: Aegislash|68\/324
|-resisted|p2a: Aegislash
|-damage|p2a: Aegislash|52\/324
|-hitcount|p2a: Aegislash|5
|move|p2a: Aegislash|Toxic|p1a: Heracross
|-status|p1a: Heracross|tox
|
|-heal|p2a: Aegislash|72\/324|[from] item: Leftovers
|-damage|p1a: Heracross|283\/301 tox|[from] psn
|turn|17
|
|switch|p1a: Blissey|Blissey, F|714\/714
|move|p2a: Aegislash|King's Shield|p2a: Aegislash
|-fail|p2a: Aegislash
|
|-heal|p2a: Aegislash|92\/324|[from] item: Leftovers
|turn|18
|
|switch|p2a: Garchomp|Garchomp, M|358\/358
|move|p1a: Blissey|Heal Bell|p1a: Blissey
|-cureteam|p1a: Blissey|[from] move: HealBell
|
|turn|19
|
|move|p2a: Garchomp|Draco Meteor|p1a: Blissey
|-damage|p1a: Blissey|513\/714
|-unboost|p2a: Garchomp|spa|2
|move|p1a: Blissey|Seismic Toss|p2a: Garchomp
|-damage|p2a: Garchomp|258\/358
|-damage|p1a: Blissey|424\/714|[from] ability: Rough Skin|[of] p2a: Garchomp
|
|-heal|p1a: Blissey|468\/714|[from] item: Leftovers
|turn|20
|
|switch|p2a: Manectric|Manectric, M|281\/281
|move|p1a: Blissey|Soft-Boiled|p1a: Blissey
|-heal|p1a: Blissey|714\/714
|
|turn|21
|
|-formechange|p2a: Manectric|Manectric-Mega
|message|Manectric has Mega Evolved into Mega Manectric!
|-ability|p2a: Manectric|Intimidate|[of] p1a: Blissey
|-unboost|p1a: Blissey|atk|1
|move|p2a: Manectric|Howl|p2a: Manectric
|-boost|p2a: Manectric|atk|1
|move|p1a: Blissey|Seismic Toss|p2a: Manectric
|-damage|p2a: Manectric|181\/281
|
|turn|22
|
|move|p2a: Manectric|Howl|p2a: Manectric
|-boost|p2a: Manectric|atk|1
|move|p1a: Blissey|Seismic Toss|p2a: Manectric
|-damage|p2a: Manectric|81\/281
|
|turn|23
|
|move|p2a: Manectric|Wild Charge|p1a: Blissey
|-damage|p1a: Blissey|327\/714
|-damage|p2a: Manectric|0 fnt|[from] recoil|[of] p1a: Blissey
|faint|p2a: Manectric
|move|p1a: Blissey|Seismic Toss|p2: Manectric|[notarget]
|-notarget
|
|-heal|p1a: Blissey|371\/714|[from] item: Leftovers
|
|switch|p2a: Ferrothorn|Ferrothorn, M|175\/289
|turn|24
|
|move|p2a: Ferrothorn|Power Whip|p1a: Blissey
|-damage|p1a: Blissey|49\/714
|move|p1a: Blissey|Soft-Boiled|p1a: Blissey
|-heal|p1a: Blissey|406\/714
|
|-heal|p2a: Ferrothorn|193\/289|[from] item: Leftovers
|-heal|p1a: Blissey|450\/714|[from] item: Leftovers
|turn|25
|chat|Classic Cotton|Damn blissey is probably the most annoying pokemon I see 
|
|move|p2a: Ferrothorn|Power Whip|p1a: Blissey
|-damage|p1a: Blissey|162\/714
|move|p1a: Blissey|Soft-Boiled|p1a: Blissey
|-heal|p1a: Blissey|519\/714
|
|-heal|p2a: Ferrothorn|211\/289|[from] item: Leftovers
|-heal|p1a: Blissey|563\/714|[from] item: Leftovers
|turn|26
|
|switch|p1a: Mandibuzz|Mandibuzz, F|371\/424
|move|p2a: Ferrothorn|Power Whip|p1a: Mandibuzz
|-resisted|p1a: Mandibuzz
|-damage|p1a: Mandibuzz|314\/424
|
|-heal|p1a: Mandibuzz|340\/424|[from] item: Leftovers
|-heal|p2a: Ferrothorn|229\/289|[from] item: Leftovers
|turn|27
|
|move|p1a: Mandibuzz|Taunt|p2a: Ferrothorn
|-start|p2a: Ferrothorn|move: Taunt
|move|p2a: Ferrothorn|Iron Head|p1a: Mandibuzz
|-damage|p1a: Mandibuzz|255\/424
|
|-heal|p1a: Mandibuzz|281\/424|[from] item: Leftovers
|-heal|p2a: Ferrothorn|247\/289|[from] item: Leftovers
|turn|28
|
|switch|p2a: Talonflame|Talonflame, F|337\/359
|move|p1a: Mandibuzz|Foul Play|p2a: Talonflame
|-damage|p2a: Talonflame|220\/359
|
|-heal|p1a: Mandibuzz|307\/424|[from] item: Leftovers
|turn|29
|
|move|p2a: Talonflame|Roost|p2a: Talonflame
|-heal|p2a: Talonflame|359\/359
|move|p1a: Mandibuzz|Taunt|p2a: Talonflame
|-start|p2a: Talonflame|move: Taunt
|
|-heal|p1a: Mandibuzz|333\/424|[from] item: Leftovers
|turn|30
|
|move|p2a: Talonflame|Overheat|p1a: Mandibuzz
|-damage|p1a: Mandibuzz|106\/424
|-unboost|p2a: Talonflame|spa|2
|-damage|p2a: Talonflame|324\/359|[from] item: Life Orb
|move|p1a: Mandibuzz|Foul Play|p2a: Talonflame
|-damage|p2a: Talonflame|207\/359
|
|-heal|p1a: Mandibuzz|132\/424|[from] item: Leftovers
|turn|31
|
|switch|p2a: Aegislash|Aegislash, F|92\/324
|move|p1a: Mandibuzz|Roost|p1a: Mandibuzz
|-heal|p1a: Mandibuzz|344\/424
|
|-heal|p1a: Mandibuzz|370\/424|[from] item: Leftovers
|-heal|p2a: Aegislash|112\/324|[from] item: Leftovers
|turn|32
|chat|Classic Cotton|Alright I'm done gg
|-message|Classic Cotton forfeited.
|
|win|DeathWave
|raw|Ladder updating...
|leave|Classic Cotton
|player|p2
|leave|kingwill53
|raw|DeathWave's rating: 1464 &rarr; <strong>1479<\/strong><br \/>(+15 for winning)
|raw|Classic Cotton's rating: 1384 &rarr; <strong>1368<\/strong><br \/>(-16 for losing)