|join|Rhaegar1
|join|DeathWave
|player|p1|Rhaegar1|100
|player|p2|DeathWave|163
|gametype|singles
|gen|6
|tier|OU
|rated
|clearpoke
|poke|p1|Breloom, M
|poke|p1|Landorus, M
|poke|p1|Thundurus, M
|poke|p1|Charizard, F
|poke|p1|Aegislash, F
|poke|p1|Latias, F
|poke|p2|Venusaur, F
|poke|p2|Garchomp, F
|poke|p2|Togekiss, M
|poke|p2|Chansey, F
|poke|p2|Rotom-Wash
|poke|p2|Volcarona, M
|rule|Sleep Clause Mod: Limit one foe put to sleep
|rule|Species Clause: Limit one of each Pokemon
|rule|OHKO Clause: OHKO moves are banned
|rule|Moody Clause: Moody is banned
|rule|Evasion Moves Clause: Evasion moves are banned
|rule|Endless Battle Clause: Forcing endless battles is banned.
|rule|HP Percentage Mod: HP is reported as percentages
|teampreview
|
|start
|switch|p1a: Thundurus|Thundurus, M|300\/300
|switch|p2a: Rotom-Wash|Rotom-Wash|241\/241
|turn|1
|
|move|p2a: Rotom-Wash|Volt Switch|p1a: Thundurus
|-damage|p1a: Thundurus|158\/300
|
|switch|p2a: Venusaur|Venusaur, F|364\/364
|move|p1a: Thundurus|Thunderbolt|p2a: Venusaur
|-crit|p2a: Venusaur
|-resisted|p2a: Venusaur
|-damage|p2a: Venusaur|213\/364
|-damage|p1a: Thundurus|128\/300|[from] item: Life Orb
|
|turn|2
|
|detailschange|p2a: Venusaur|Venusaur-Mega, F
|message|Venusaur has Mega Evolved into Mega Venusaur!
|move|p1a: Thundurus|Psychic|p2a: Venusaur
|-supereffective|p2a: Venusaur
|-damage|p2a: Venusaur|0 fnt
|-damage|p1a: Thundurus|98\/300|[from] item: Life Orb
|faint|p2a: Venusaur
|
|
|switch|p2a: Rotom-Wash|Rotom-Wash|241\/241
|turn|3
|
|switch|p1a: Latias|Latias, F|302\/302
|move|p2a: Rotom-Wash|Hydro Pump|p1a: Latias
|-resisted|p1a: Latias
|-damage|p1a: Latias|233\/302
|
|turn|4
|
|switch|p2a: Chansey|Chansey, F|704\/704
|move|p1a: Latias|Psyshock|p2a: Chansey
|-damage|p2a: Chansey|473\/704
|-damage|p1a: Latias|203\/302|[from] item: Life Orb
|
|turn|5
|
|switch|p1a: Breloom|Breloom, M|262\/262
|move|p2a: Chansey|Thunder Wave|p1a: Breloom
|-status|p1a: Breloom|par
|
|turn|6
|
|switch|p2a: Togekiss|Togekiss, M|311\/311
|move|p1a: Breloom|Spore|p2a: Togekiss
|-status|p2a: Togekiss|slp
|
|turn|7
|
|switch|p2a: Garchomp|Garchomp, F|357\/357
|move|p1a: Breloom|Rock Tomb|p2a: Garchomp
|-resisted|p2a: Garchomp
|-damage|p2a: Garchomp|302\/357
|-unboost|p2a: Garchomp|spe|1
|
|turn|8
|
|move|p2a: Garchomp|Stealth Rock|p1a: Breloom
|-sidestart|p1: Rhaegar1|move: Stealth Rock
|cant|p1a: Breloom|par
|
|turn|9
|
|move|p2a: Garchomp|Earthquake|p1a: Breloom
|-resisted|p1a: Breloom
|-damage|p1a: Breloom|146\/262 par
|cant|p1a: Breloom|par
|
|turn|10
|
|move|p2a: Garchomp|Earthquake|p1a: Breloom
|-resisted|p1a: Breloom
|-damage|p1a: Breloom|38\/262 par
|move|p1a: Breloom|Bullet Seed|p2a: Garchomp
|-crit|p2a: Garchomp
|-damage|p2a: Garchomp|194\/357
|-damage|p2a: Garchomp|125\/357
|-damage|p2a: Garchomp|58\/357
|-hitcount|p2a: Garchomp|3
|
|turn|11
|
|switch|p2a: Chansey|Chansey, F|473\/704
|move|p1a: Breloom|Mach Punch|p2a: Chansey
|-supereffective|p2a: Chansey
|-damage|p2a: Chansey|189\/704
|
|turn|12
|
|switch|p2a: Volcarona|Volcarona, M|374\/374
|move|p1a: Breloom|Mach Punch|p2a: Volcarona
|-crit|p2a: Volcarona
|-resisted|p2a: Volcarona
|-damage|p2a: Volcarona|294\/374
|
|-heal|p2a: Volcarona|317\/374|[from] item: Leftovers
|turn|13
|
|move|p2a: Volcarona|Fiery Dance|p1a: Breloom
|-supereffective|p1a: Breloom
|-damage|p1a: Breloom|0 fnt
|faint|p1a: Breloom
|
|-heal|p2a: Volcarona|340\/374|[from] item: Leftovers
|
|switch|p1a: Charizard|Charizard, F|345\/345
|-damage|p1a: Charizard|173\/345|[from] Stealth Rock
|turn|14
|
|switch|p2a: Rotom-Wash|Rotom-Wash|241\/241
|detailschange|p1a: Charizard|Charizard-Mega-X, F
|message|Charizard has Mega Evolved into Mega Charizard!
|move|p1a: Charizard|Dragon Dance|p1a: Charizard
|-boost|p1a: Charizard|atk|1
|-boost|p1a: Charizard|spe|1
|
|turn|15
|
|switch|p2a: Garchomp|Garchomp, F|58\/357
|move|p1a: Charizard|Dragon Claw|p2a: Garchomp
|-supereffective|p2a: Garchomp
|-damage|p2a: Garchomp|0 fnt
|-damage|p1a: Charizard|130\/345|[from] ability: Rough Skin|[of] p2a: Garchomp
|-damage|p1a: Charizard|73\/345|[from] item: Rocky Helmet|[of] p2a: Garchomp
|faint|p2a: Garchomp
|
|
|switch|p2a: Togekiss|Togekiss, M|311\/311 slp
|turn|16
|
|move|p1a: Charizard|Flare Blitz|p2a: Togekiss
|-damage|p2a: Togekiss|0 fnt
|-damage|p1a: Charizard|0 fnt|[from] recoil|[of] p2a: Togekiss
|faint|p2a: Togekiss
|faint|p1a: Charizard
|
|
|switch|p2a: Rotom-Wash|Rotom-Wash|241\/241
|switch|p1a: Latias|Latias, F|203\/302
|-damage|p1a: Latias|166\/302|[from] Stealth Rock
|turn|17
|
|move|p2a: Rotom-Wash|Volt Switch|p1a: Latias
|-resisted|p1a: Latias
|-damage|p1a: Latias|117\/302
|
|switch|p2a: Chansey|Chansey, F|189\/704
|move|p1a: Latias|Psyshock|p2a: Chansey
|-damage|p2a: Chansey|0 fnt
|-damage|p1a: Latias|87\/302|[from] item: Life Orb
|faint|p2a: Chansey
|
|
|switch|p2a: Volcarona|Volcarona, M|340\/374
|turn|18
|
|move|p1a: Latias|Draco Meteor|p2a: Volcarona
|-damage|p2a: Volcarona|90\/374
|-unboost|p1a: Latias|spa|2
|-damage|p1a: Latias|57\/302|[from] item: Life Orb
|move|p2a: Volcarona|Quiver Dance|p2a: Volcarona
|-boost|p2a: Volcarona|spa|1
|-boost|p2a: Volcarona|spd|1
|-boost|p2a: Volcarona|spe|1
|
|-heal|p2a: Volcarona|113\/374|[from] item: Leftovers
|turn|19
|
|move|p2a: Volcarona|Fiery Dance|p1a: Latias
|-resisted|p1a: Latias
|-damage|p1a: Latias|0 fnt
|faint|p1a: Latias
|
|-heal|p2a: Volcarona|136\/374|[from] item: Leftovers
|
|switch|p1a: Thundurus|Thundurus, M|98\/300
|-damage|p1a: Thundurus|23\/300|[from] Stealth Rock
|turn|20
|
|move|p1a: Thundurus|Thunder Wave|p2a: Volcarona
|-status|p2a: Volcarona|par
|move|p2a: Volcarona|Fiery Dance|p1a: Thundurus
|-damage|p1a: Thundurus|0 fnt
|-boost|p2a: Volcarona|spa|1
|faint|p1a: Thundurus
|
|-heal|p2a: Volcarona|159\/374 par|[from] item: Leftovers
|
|switch|p1a: Landorus|Landorus, M|319\/319
|-damage|p1a: Landorus|280\/319|[from] Stealth Rock
|turn|21
|
|move|p1a: Landorus|Knock Off|p2a: Volcarona
|-damage|p2a: Volcarona|50\/374 par
|-enditem|p2a: Volcarona|Leftovers|[from] move: Knock Off|[of] p1a: Landorus
|-damage|p1a: Landorus|249\/319|[from] item: Life Orb
|move|p2a: Volcarona|Hidden Power|p1a: Landorus
|-supereffective|p1a: Landorus
|-damage|p1a: Landorus|0 fnt
|faint|p1a: Landorus
|
|
|switch|p1a: Aegislash|Aegislash, F|323\/323
|-damage|p1a: Aegislash|303\/323|[from] Stealth Rock
|turn|22
|
|-formechange|p1a: Aegislash|Aegislash-Blade
|move|p1a: Aegislash|Shadow Ball|p2a: Volcarona
|-damage|p2a: Volcarona|0 fnt
|faint|p2a: Volcarona
|
|-heal|p1a: Aegislash|323\/323|[from] item: Leftovers
|
|switch|p2a: Rotom-Wash|Rotom-Wash|241\/241
|turn|23
|
|-formechange|p1a: Aegislash|Aegislash
|move|p1a: Aegislash|King's Shield|p1a: Aegislash
|-singleturn|p1a: Aegislash|Protect
|move|p2a: Rotom-Wash|Trick|p1a: Aegislash
|-activate|p2a: Rotom-Wash|move: Trick|[of] p1a: Aegislash
|-item|p1a: Aegislash|Choice Scarf|[from] move: Trick
|-item|p2a: Rotom-Wash|Leftovers|[from] move: Trick
|
|turn|24
|
|move|p2a: Rotom-Wash|Hydro Pump|p1a: Aegislash
|-damage|p1a: Aegislash|188\/323
|-formechange|p1a: Aegislash|Aegislash-Blade
|move|p1a: Aegislash|Shadow Ball|p2a: Rotom-Wash
|-damage|p2a: Rotom-Wash|72\/241
|
|-heal|p2a: Rotom-Wash|87\/241|[from] item: Leftovers
|turn|25
|
|move|p2a: Rotom-Wash|Hydro Pump|p1a: Aegislash
|-damage|p1a: Aegislash|0 fnt
|faint|p1a: Aegislash
|
|win|DeathWave
|raw|Ladder updating...
|raw|Rhaegar1's rating: 1856 &rarr; <strong>1828<\/strong><br \/>(-28 for losing)
|raw|DeathWave's rating: 1708 &rarr; <strong>1736<\/strong><br \/>(+28 for winning)
|leave|Rhaegar1
|player|p1