|join|chand
|join|DeathWave
|player|p1|chand|2
|player|p2|DeathWave|163
|gametype|singles
|gen|6
|tier|OU
|rated
|clearpoke
|poke|p1|Tyranitar, M
|poke|p1|Excadrill, M
|poke|p1|Amoonguss, M
|poke|p1|Slowbro, M
|poke|p1|Hydreigon, M
|poke|p1|Talonflame, F
|poke|p2|Venusaur, F
|poke|p2|Garchomp, M
|poke|p2|Togekiss, F
|poke|p2|Chansey, F
|poke|p2|Rotom-Wash
|poke|p2|Volcarona, M
|rule|Sleep Clause Mod: Limit one foe put to sleep
|rule|Species Clause: Limit one of each Pokemon
|rule|OHKO Clause: OHKO moves are banned
|rule|Moody Clause: Moody is banned
|rule|Evasion Moves Clause: Evasion moves are banned
|rule|Endless Battle Clause: Forcing endless battles is banned.
|rule|HP Percentage Mod: HP is reported as percentages
|teampreview
|
|start
|switch|p1a: Slowbro|Slowbro, M|393\/393
|switch|p2a: Rotom-Wash|Rotom-Wash|241\/241
|turn|1
|
|switch|p1a: Hydreigon|Hydreigon, M|325\/325
|move|p2a: Rotom-Wash|Trick|p1a: Hydreigon
|-activate|p2a: Rotom-Wash|move: Trick|[of] p1a: Hydreigon
|-item|p1a: Hydreigon|Choice Scarf|[from] move: Trick
|-item|p2a: Rotom-Wash|Life Orb|[from] move: Trick
|
|turn|2
|
|switch|p1a: Excadrill|Excadrill, M|362\/362
|move|p2a: Rotom-Wash|Pain Split|p1a: Excadrill
|-sethp|p1a: Excadrill|301\/362|p2a: Rotom-Wash|241\/241|[from] move: Pain Split
|
|turn|3
|
|switch|p1a: Amoonguss|Amoonguss, M|432\/432
|move|p2a: Rotom-Wash|Hydro Pump|p1a: Amoonguss
|-resisted|p1a: Amoonguss
|-damage|p1a: Amoonguss|299\/432
|-damage|p2a: Rotom-Wash|217\/241|[from] item: Life Orb
|
|-heal|p1a: Amoonguss|326\/432|[from] item: Black Sludge
|turn|4
|
|move|p2a: Rotom-Wash|Volt Switch|p1a: Amoonguss
|-resisted|p1a: Amoonguss
|-damage|p1a: Amoonguss|253\/432
|-damage|p2a: Rotom-Wash|193\/241|[from] item: Life Orb
|
|switch|p2a: Venusaur|Venusaur, F|364\/364
|move|p1a: Amoonguss|Stun Spore|p2a: Venusaur
|-fail|p2a: Venusaur
|
|-heal|p1a: Amoonguss|280\/432|[from] item: Black Sludge
|turn|5
|
|detailschange|p2a: Venusaur|Venusaur-Mega, F
|message|Venusaur has Mega Evolved into Mega Venusaur!
|move|p2a: Venusaur|Sludge Bomb|p1a: Amoonguss
|-damage|p1a: Amoonguss|99\/432
|move|p1a: Amoonguss|Sludge Bomb|p2a: Venusaur
|-damage|p2a: Venusaur|289\/364
|
|-heal|p1a: Amoonguss|126\/432|[from] item: Black Sludge
|turn|6
|
|switch|p1a: Tyranitar|Tyranitar, M|342\/342
|-weather|Sandstorm
|move|p2a: Venusaur|Giga Drain|p1a: Tyranitar
|-supereffective|p1a: Tyranitar
|-damage|p1a: Tyranitar|166\/342
|-heal|p2a: Venusaur|364\/364|[from] drain|[of] p1a: Tyranitar
|
|-weather|Sandstorm|[upkeep]
|-damage|p2a: Venusaur|342\/364|[from] sandstorm
|turn|7
|
|switch|p1a: Talonflame|Talonflame, F|343\/343
|move|p2a: Venusaur|Leech Seed|p1a: Talonflame
|-start|p1a: Talonflame|move: Leech Seed
|
|-weather|Sandstorm|[upkeep]
|-damage|p1a: Talonflame|322\/343|[from] sandstorm
|-damage|p2a: Venusaur|320\/364|[from] sandstorm
|-damage|p1a: Talonflame|280\/343|[from] Leech Seed|[of] p2a: Venusaur
|-heal|p2a: Venusaur|362\/364|[silent]
|turn|8
|
|switch|p1a: Amoonguss|Amoonguss, M|270\/432
|switch|p2a: Garchomp|Garchomp, M|357\/357
|
|-weather|Sandstorm|[upkeep]
|-damage|p1a: Amoonguss|243\/432|[from] sandstorm
|-heal|p1a: Amoonguss|270\/432|[from] item: Black Sludge
|turn|9
|
|switch|p1a: Slowbro|Slowbro, M|393\/393
|move|p2a: Garchomp|Swords Dance|p2a: Garchomp
|-boost|p2a: Garchomp|atk|2
|
|-weather|Sandstorm|[upkeep]
|-damage|p1a: Slowbro|369\/393|[from] sandstorm
|turn|10
|
|switch|p2a: Rotom-Wash|Rotom-Wash|193\/241
|move|p1a: Slowbro|Ice Beam|p2a: Rotom-Wash
|-resisted|p2a: Rotom-Wash
|-damage|p2a: Rotom-Wash|118\/241
|
|-weather|Sandstorm|[upkeep]
|-damage|p2a: Rotom-Wash|103\/241|[from] sandstorm
|-damage|p1a: Slowbro|345\/393|[from] sandstorm
|turn|11
|
|switch|p1a: Excadrill|Excadrill, M|301\/362
|move|p2a: Rotom-Wash|Volt Switch|p1a: Excadrill
|-immune|p1a: Excadrill|[msg]
|
|-weather|Sandstorm|[upkeep]
|-damage|p2a: Rotom-Wash|88\/241|[from] sandstorm
|turn|12
|
|switch|p2a: Chansey|Chansey, F|704\/704
|move|p1a: Excadrill|Rock Slide|p2a: Chansey
|-damage|p2a: Chansey|543\/704
|-damage|p1a: Excadrill|265\/362|[from] item: Life Orb
|
|-weather|Sandstorm|[upkeep]
|-damage|p2a: Chansey|499\/704|[from] sandstorm
|turn|13
|
|move|p1a: Excadrill|Earthquake|p2a: Chansey
|-damage|p2a: Chansey|179\/704
|-damage|p1a: Excadrill|229\/362|[from] item: Life Orb
|move|p2a: Chansey|Soft-Boiled|p2a: Chansey
|-heal|p2a: Chansey|531\/704
|
|-weather|none
|turn|14
|
|switch|p1a: Tyranitar|Tyranitar, M|166\/342
|-weather|Sandstorm
|switch|p2a: Garchomp|Garchomp, M|357\/357
|
|-weather|Sandstorm|[upkeep]
|turn|15
|
|switch|p1a: Hydreigon|Hydreigon, M|325\/325
|move|p2a: Garchomp|Stealth Rock|p1a: Hydreigon
|-sidestart|p1: chand|move: Stealth Rock
|
|-weather|Sandstorm|[upkeep]
|-damage|p1a: Hydreigon|305\/325|[from] sandstorm
|turn|16
|
|switch|p1a: Excadrill|Excadrill, M|229\/362
|-damage|p1a: Excadrill|218\/362|[from] Stealth Rock
|switch|p2a: Togekiss|Togekiss, F|311\/311
|
|-weather|Sandstorm|[upkeep]
|-damage|p2a: Togekiss|292\/311|[from] sandstorm
|-heal|p2a: Togekiss|311\/311|[from] item: Leftovers
|turn|17
|
|switch|p2a: Garchomp|Garchomp, M|357\/357
|move|p1a: Excadrill|Rock Slide|p2a: Garchomp
|-resisted|p2a: Garchomp
|-damage|p2a: Garchomp|287\/357
|-damage|p1a: Excadrill|182\/362|[from] item: Life Orb
|
|-weather|Sandstorm|[upkeep]
|turn|18
|
|move|p1a: Excadrill|Earthquake|p2a: Garchomp
|-damage|p2a: Garchomp|26\/357
|-damage|p1a: Excadrill|146\/362|[from] item: Life Orb
|move|p2a: Garchomp|Outrage|p1a: Excadrill
|-resisted|p1a: Excadrill
|-damage|p1a: Excadrill|0 fnt
|faint|p1a: Excadrill
|
|-weather|Sandstorm|[upkeep]
|
|switch|p1a: Slowbro|Slowbro, M|393\/393
|-damage|p1a: Slowbro|344\/393|[from] Stealth Rock
|turn|19
|
|move|p2a: Garchomp|Outrage|p1a: Slowbro
|-damage|p1a: Slowbro|152\/393
|move|p1a: Slowbro|Surf|p2a: Garchomp
|-damage|p2a: Garchomp|0 fnt
|faint|p2a: Garchomp
|
|-weather|Sandstorm|[upkeep]
|-damage|p1a: Slowbro|128\/393|[from] sandstorm
|
|switch|p2a: Rotom-Wash|Rotom-Wash|88\/241
|turn|20
|
|switch|p1a: Hydreigon|Hydreigon, M|305\/325
|-damage|p1a: Hydreigon|265\/325|[from] Stealth Rock
|move|p2a: Rotom-Wash|Volt Switch|p1a: Hydreigon
|-resisted|p1a: Hydreigon
|-damage|p1a: Hydreigon|186\/325
|-damage|p2a: Rotom-Wash|64\/241|[from] item: Life Orb
|
|switch|p2a: Togekiss|Togekiss, F|311\/311
|
|-weather|Sandstorm|[upkeep]
|-damage|p1a: Hydreigon|166\/325|[from] sandstorm
|-damage|p2a: Togekiss|292\/311|[from] sandstorm
|-heal|p2a: Togekiss|311\/311|[from] item: Leftovers
|turn|21
|
|switch|p1a: Tyranitar|Tyranitar, M|166\/342
|-damage|p1a: Tyranitar|124\/342|[from] Stealth Rock
|move|p2a: Togekiss|Dazzling Gleam|p1a: Tyranitar
|-supereffective|p1a: Tyranitar
|-damage|p1a: Tyranitar|0 fnt
|faint|p1a: Tyranitar
|
|-weather|none
|-message|chand forfeited.
|
|win|DeathWave
|raw|Ladder updating...
|leave|chand
|player|p1
|raw|chand's rating: 1808 &rarr; <strong>1780<\/strong><br \/>(-28 for losing)
|raw|DeathWave's rating: 1666 &rarr; <strong>1693<\/strong><br \/>(+27 for winning)