|join|shinydragonight
|join|DeathWave
|player|p1|shinydragonight|156
|player|p2|DeathWave|163
|gametype|singles
|gen|6
|tier|OU
|rated
|clearpoke
|poke|p1|Scolipede, M, shiny
|poke|p1|Espeon, F
|poke|p1|Venomoth, F
|poke|p1|Scizor, M
|poke|p1|Vaporeon, M
|poke|p1|Mr. Mime, M
|poke|p2|Entei, shiny
|poke|p2|Deoxys-Speed
|poke|p2|Kyurem-Black
|poke|p2|Breloom, F
|poke|p2|Scizor, M
|poke|p2|Blissey, F
|rule|Sleep Clause Mod: Limit one foe put to sleep
|rule|Species Clause: Limit one of each Pokemon
|rule|OHKO Clause: OHKO moves are banned
|rule|Moody Clause: Moody is banned
|rule|Evasion Moves Clause: Evasion moves are banned
|rule|Endless Battle Clause: Forcing endless battles is banned.
|rule|HP Percentage Mod: HP is reported as percentages
|teampreview
|
|start
|switch|p1a: Scolipede|Scolipede, M, shiny|323\/323
|switch|p2a: Deoxys-Speed|Deoxys-Speed|241\/241
|-ability|p2a: Deoxys-Speed|Pressure
|turn|1
|
|move|p1a: Scolipede|Protect|p1a: Scolipede
|-singleturn|p1a: Scolipede|Protect
|move|p2a: Deoxys-Speed|Psycho Boost|p1a: Scolipede
|-activate|p1a: Scolipede|Protect
|
|-boost|p1a: Scolipede|spe|1|[from] ability: Speed Boost
|turn|2
|
|move|p1a: Scolipede|Substitute|p1a: Scolipede
|-start|p1a: Scolipede|Substitute
|-damage|p1a: Scolipede|243\/323
|move|p2a: Deoxys-Speed|Psycho Boost|p1a: Scolipede
|-supereffective|p1a: Scolipede
|-end|p1a: Scolipede|Substitute
|-unboost|p2a: Deoxys-Speed|spa|2
|-damage|p2a: Deoxys-Speed|217\/241|[from] item: Life Orb
|
|-heal|p1a: Scolipede|263\/323|[from] item: Black Sludge
|-boost|p1a: Scolipede|spe|1|[from] ability: Speed Boost
|turn|3
|
|move|p1a: Scolipede|Protect|p1a: Scolipede
|-singleturn|p1a: Scolipede|Protect
|move|p2a: Deoxys-Speed|Psycho Boost|p1a: Scolipede
|-activate|p1a: Scolipede|Protect
|
|-heal|p1a: Scolipede|283\/323|[from] item: Black Sludge
|-boost|p1a: Scolipede|spe|1|[from] ability: Speed Boost
|turn|4
|
|move|p1a: Scolipede|Substitute|p1a: Scolipede
|-start|p1a: Scolipede|Substitute
|-damage|p1a: Scolipede|203\/323
|move|p2a: Deoxys-Speed|Psycho Boost|p1a: Scolipede
|-supereffective|p1a: Scolipede
|-end|p1a: Scolipede|Substitute
|-unboost|p2a: Deoxys-Speed|spa|2
|-damage|p2a: Deoxys-Speed|193\/241|[from] item: Life Orb
|
|-heal|p1a: Scolipede|223\/323|[from] item: Black Sludge
|-boost|p1a: Scolipede|spe|1|[from] ability: Speed Boost
|turn|5
|
|switch|p2a: Scizor|Scizor, M|281\/281
|move|p1a: Scolipede|Protect|p1a: Scolipede
|-fail|p1a: Scolipede
|
|-heal|p1a: Scolipede|243\/323|[from] item: Black Sludge
|-boost|p1a: Scolipede|spe|1|[from] ability: Speed Boost
|turn|6
|
|-formechange|p2a: Scizor|Scizor-Mega
|message|Scizor has Mega Evolved into Mega Scizor!
|move|p2a: Scizor|Bullet Punch|p1a: Scolipede
|-damage|p1a: Scolipede|119\/323
|move|p1a: Scolipede|Substitute|p1a: Scolipede
|-start|p1a: Scolipede|Substitute
|-damage|p1a: Scolipede|39\/323
|
|-heal|p1a: Scolipede|59\/323|[from] item: Black Sludge
|-boost|p1a: Scolipede|spe|1|[from] ability: Speed Boost
|turn|7
|
|move|p1a: Scolipede|Iron Defense|p1a: Scolipede
|-boost|p1a: Scolipede|def|2
|move|p2a: Scizor|Swords Dance|p2a: Scizor
|-boost|p2a: Scizor|atk|2
|
|-heal|p1a: Scolipede|79\/323|[from] item: Black Sludge
|turn|8
|
|move|p2a: Scizor|Bullet Punch|p1a: Scolipede
|-end|p1a: Scolipede|Substitute
|move|p1a: Scolipede|Iron Defense|p1a: Scolipede
|-boost|p1a: Scolipede|def|2
|
|-heal|p1a: Scolipede|99\/323|[from] item: Black Sludge
|turn|9
|
|move|p1a: Scolipede|Protect|p1a: Scolipede
|-singleturn|p1a: Scolipede|Protect
|move|p2a: Scizor|Swords Dance|p2a: Scizor
|-boost|p2a: Scizor|atk|2
|
|-heal|p1a: Scolipede|119\/323|[from] item: Black Sludge
|turn|10
|
|move|p2a: Scizor|Bullet Punch|p1a: Scolipede
|-damage|p1a: Scolipede|0 fnt
|faint|p1a: Scolipede
|
|-message|shinydragonight forfeited.
|
|win|DeathWave
|raw|Ladder updating...
|raw|shinydragonight's rating: 1421 &rarr; <strong>1406<\/strong><br \/>(-15 for losing)
|raw|DeathWave's rating: 1515 &rarr; <strong>1530<\/strong><br \/>(+15 for winning)
|leave|shinydragonight
|player|p1