|join|BigBongGiantDong
|join|DeathWave
|player|p1|BigBongGiantDong|214
|player|p2|DeathWave|163
|gametype|singles
|gen|6
|tier|OU
|rated
|clearpoke
|poke|p1|Pinsir, M, shiny
|poke|p1|Deoxys-Defense
|poke|p1|Bisharp, M, shiny
|poke|p1|Azumarill, M
|poke|p1|Aegislash, M
|poke|p1|Excadrill, M
|poke|p2|Talonflame, M
|poke|p2|Heracross, M
|poke|p2|Blissey, F
|poke|p2|Aegislash, F
|poke|p2|Tyranitar, F
|poke|p2|Mandibuzz, F
|rule|Sleep Clause Mod: Limit one foe put to sleep
|rule|Species Clause: Limit one of each Pokemon
|rule|OHKO Clause: OHKO moves are banned
|rule|Moody Clause: Moody is banned
|rule|Evasion Moves Clause: Evasion moves are banned
|rule|Endless Battle Clause: Forcing endless battles is banned.
|rule|HP Percentage Mod: HP is reported as percentages
|teampreview
|
|start
|switch|p1a: Deoxys-Defense|Deoxys-Defense|304\/304
|switch|p2a: Talonflame|Talonflame, M|297\/297
|-ability|p1a: Deoxys-Defense|Pressure
|turn|1
|
|move|p2a: Talonflame|U-turn|p1a: Deoxys-Defense
|-supereffective|p1a: Deoxys-Defense
|-damage|p1a: Deoxys-Defense|170\/304
|-enditem|p1a: Deoxys-Defense|Red Card|[of] p2a: Talonflame
|drag|p2a: Heracross|Heracross, M|301\/301
|move|p1a: Deoxys-Defense|Stealth Rock|p2a: Heracross
|-sidestart|p2: DeathWave|move: Stealth Rock
|
|turn|2
|
|-formechange|p2a: Heracross|Heracross-Mega
|message|Heracross has Mega Evolved into Mega Heracross!
|move|p1a: Deoxys-Defense|Spikes|p2a: Heracross
|-sidestart|p2: DeathWave|Spikes
|move|p2a: Heracross|Bullet Seed|p1a: Deoxys-Defense
|-damage|p1a: Deoxys-Defense|143\/304
|-damage|p1a: Deoxys-Defense|114\/304
|-damage|p1a: Deoxys-Defense|83\/304
|-damage|p1a: Deoxys-Defense|55\/304
|-damage|p1a: Deoxys-Defense|26\/304
|-hitcount|p1a: Deoxys-Defense|5
|
|turn|3
|
|switch|p2a: Mandibuzz|Mandibuzz, F|424\/424
|-damage|p2a: Mandibuzz|318\/424|[from] Stealth Rock
|move|p1a: Deoxys-Defense|Spikes|p2a: Mandibuzz
|-sidestart|p2: DeathWave|Spikes
|
|-heal|p2a: Mandibuzz|344\/424|[from] item: Leftovers
|turn|4
|
|move|p1a: Deoxys-Defense|Taunt|p2a: Mandibuzz
|-start|p2a: Mandibuzz|move: Taunt
|move|p2a: Mandibuzz|Foul Play|p1a: Deoxys-Defense
|-supereffective|p1a: Deoxys-Defense
|-damage|p1a: Deoxys-Defense|0 fnt
|faint|p1a: Deoxys-Defense
|
|-heal|p2a: Mandibuzz|370\/424|[from] item: Leftovers
|
|switch|p1a: BLUE|Azumarill, M|404\/404
|turn|5
|
|switch|p2a: Aegislash|Aegislash, F|261\/261
|-damage|p2a: Aegislash|245\/261|[from] Stealth Rock
|-damage|p2a: Aegislash|202\/261|[from] Spikes
|move|p1a: BLUE|Play Rough|p2a: Aegislash
|-resisted|p2a: Aegislash
|-damage|p2a: Aegislash|108\/261
|
|turn|6
|
|switch|p1a: BLUE|Bisharp, M, shiny|271\/271
|-formechange|p2a: Aegislash|Aegislash-Blade
|move|p2a: Aegislash|Shadow Ball|p1a: BLUE
|-resisted|p1a: BLUE
|-damage|p1a: BLUE|146\/271
|-damage|p2a: Aegislash|82\/261|[from] item: Life Orb
|
|turn|7
|
|move|p1a: BLUE|Swords Dance|p1a: BLUE
|-boost|p1a: BLUE|atk|2
|move|p2a: Aegislash|Sacred Sword|p1a: BLUE
|-crit|p1a: BLUE
|-supereffective|p1a: BLUE
|-damage|p1a: BLUE|0 fnt
|-damage|p2a: Aegislash|56\/261|[from] item: Life Orb
|faint|p1a: BLUE
|
|
|switch|p1a: Sweeperella|Pinsir, M, shiny|271\/271
|turn|8
|
|switch|p2a: Mandibuzz|Mandibuzz, F|370\/424
|-damage|p2a: Mandibuzz|264\/424|[from] Stealth Rock
|-formechange|p1a: Sweeperella|Pinsir-Mega
|message|Pinsir has Mega Evolved into Mega Pinsir!
|move|p1a: Sweeperella|Swords Dance|p1a: Sweeperella
|-boost|p1a: Sweeperella|atk|2
|
|-heal|p2a: Mandibuzz|290\/424|[from] item: Leftovers
|turn|9
|
|move|p1a: Sweeperella|Return|p2a: Mandibuzz
|-damage|p2a: Mandibuzz|0 fnt
|faint|p2a: Mandibuzz
|
|
|switch|p2a: Tyranitar|Tyranitar, F|342\/342
|-damage|p2a: Tyranitar|285\/342|[from] Spikes
|-damage|p2a: Tyranitar|243\/342|[from] Stealth Rock
|-weather|Sandstorm
|turn|10
|
|move|p2a: Tyranitar|Stone Edge|p1a: Sweeperella|[miss]
|-miss|p2a: Tyranitar|p1a: Sweeperella
|move|p1a: Sweeperella|Earthquake|p2a: Tyranitar
|-supereffective|p2a: Tyranitar
|-damage|p2a: Tyranitar|0 fnt
|faint|p2a: Tyranitar
|
|-weather|Sandstorm|[upkeep]
|-damage|p1a: Sweeperella|255\/271|[from] sandstorm
|chat|DeathWave|-.-
|chat|BigBongGiantDong|ouch
|
|switch|p2a: Talonflame|Talonflame, M|297\/297
|-damage|p2a: Talonflame|149\/297|[from] Stealth Rock
|turn|11
|
|move|p2a: Talonflame|Brave Bird|p1a: Sweeperella
|-supereffective|p1a: Sweeperella
|-damage|p1a: Sweeperella|0 fnt
|-damage|p2a: Talonflame|65\/297|[from] recoil|[of] p1a: Sweeperella
|faint|p1a: Sweeperella
|
|-weather|Sandstorm|[upkeep]
|-damage|p2a: Talonflame|47\/297|[from] sandstorm
|
|switch|p1a: BLUE|Azumarill, M|404\/404
|turn|12
|
|move|p2a: Talonflame|Brave Bird|p1a: BLUE
|-damage|p1a: BLUE|97\/404
|-damage|p2a: Talonflame|0 fnt|[from] recoil|[of] p1a: BLUE
|faint|p2a: Talonflame
|move|p1a: BLUE|Aqua Jet|p2: Talonflame|[notarget]
|-notarget
|
|-weather|Sandstorm|[upkeep]
|-damage|p1a: BLUE|72\/404|[from] sandstorm
|
|switch|p2a: Blissey|Blissey, F|714\/714
|-damage|p2a: Blissey|595\/714|[from] Spikes
|-damage|p2a: Blissey|506\/714|[from] Stealth Rock
|turn|13
|
|switch|p1a: Aegislash|Aegislash, M|261\/261
|-item|p1a: Aegislash|Air Balloon
|move|p2a: Blissey|Wish|p2a: Blissey
|
|-weather|Sandstorm|[upkeep]
|-damage|p2a: Blissey|462\/714|[from] sandstorm
|-heal|p2a: Blissey|506\/714|[from] item: Leftovers
|turn|14
|
|switch|p2a: Heracross|Heracross, M|301\/301
|-formechange|p2a: Heracross|Heracross-Mega
|-damage|p2a: Heracross|264\/301|[from] Stealth Rock
|-damage|p2a: Heracross|214\/301|[from] Spikes
|-formechange|p1a: Aegislash|Aegislash-Blade
|move|p1a: Aegislash|Iron Head|p2a: Heracross
|-damage|p2a: Heracross|85\/301
|
|-weather|none
|-heal|p2a: Heracross|301\/301|[from] move: Wish|[wisher] Blissey
|turn|15
|
|-formechange|p1a: Aegislash|Aegislash
|move|p1a: Aegislash|King's Shield|p1a: Aegislash
|-singleturn|p1a: Aegislash|Protect
|move|p2a: Heracross|Bullet Seed|p1a: Aegislash
|-activate|p1a: Aegislash|Protect
|
|turn|16
|
|move|p2a: Heracross|Bullet Seed|p1a: Aegislash
|-resisted|p1a: Aegislash
|-damage|p1a: Aegislash|246\/261
|-enditem|p1a: Aegislash|Air Balloon
|-resisted|p1a: Aegislash
|-damage|p1a: Aegislash|231\/261
|-resisted|p1a: Aegislash
|-damage|p1a: Aegislash|215\/261
|-resisted|p1a: Aegislash
|-damage|p1a: Aegislash|200\/261
|-resisted|p1a: Aegislash
|-damage|p1a: Aegislash|183\/261
|-hitcount|p1a: Aegislash|5
|-formechange|p1a: Aegislash|Aegislash-Blade
|move|p1a: Aegislash|Iron Head|p2a: Heracross
|-damage|p2a: Heracross|160\/301
|
|turn|17
|
|move|p2a: Heracross|Earthquake|p1a: Aegislash
|-supereffective|p1a: Aegislash
|-damage|p1a: Aegislash|0 fnt
|faint|p1a: Aegislash
|
|
|switch|p1a: BLUE|Azumarill, M|72\/404
|turn|18
|
|move|p1a: BLUE|Aqua Jet|p2a: Heracross
|-damage|p2a: Heracross|49\/301
|move|p2a: Heracross|Bullet Seed|p1a: BLUE
|-supereffective|p1a: BLUE
|-damage|p1a: BLUE|0 fnt
|-hitcount|p1a: BLUE|1
|faint|p1a: BLUE
|
|
|switch|p1a: Excadrill|Excadrill, M|361\/361
|-ability|p1a: Excadrill|Mold Breaker
|turn|19
|
|move|p1a: Excadrill|Earthquake|p2a: Heracross
|-resisted|p2a: Heracross
|-damage|p2a: Heracross|0 fnt
|faint|p2a: Heracross
|
|
|switch|p2a: Blissey|Blissey, F|506\/714
|-damage|p2a: Blissey|387\/714|[from] Spikes
|-damage|p2a: Blissey|298\/714|[from] Stealth Rock
|turn|20
|
|move|p1a: Excadrill|Earthquake|p2a: Blissey
|-damage|p2a: Blissey|0 fnt
|faint|p2a: Blissey
|
|
|switch|p2a: Aegislash|Aegislash, F|56\/261
|-damage|p2a: Aegislash|40\/261|[from] Stealth Rock
|-damage|p2a: Aegislash|0 fnt|[from] Spikes
|faint|p2a: Aegislash
|
|win|BigBongGiantDong
|raw|Ladder updating...
|raw|BigBongGiantDong's rating: 1476 &rarr; <strong>1496<\/strong><br \/>(+20 for winning)
|raw|DeathWave's rating: 1484 &rarr; <strong>1464<\/strong><br \/>(-20 for losing)
|chat|BigBongGiantDong|gg
|leave|DeathWave
|player|p2