|join|DeathWave
|join|Pikapwn
|player|p1|DeathWave|30
|player|p2|Pikapwn|170
|gametype|singles
|gen|6
|tier|OU
|rated
|clearpoke
|poke|p1|Metagross, shiny
|poke|p1|Keldeo
|poke|p1|Mew
|poke|p1|Heatran, F
|poke|p1|Thundurus-Therian, M
|poke|p1|Talonflame, F
|poke|p2|Bisharp, M
|poke|p2|Ferrothorn, M
|poke|p2|Rotom-Wash
|poke|p2|Talonflame, F
|poke|p2|Medicham, M
|poke|p2|Dragonite, M
|rule|Swagger Clause: Swagger is banned
|rule|Baton Pass Clause: Limit one PokÃ©mon knowing Baton Pass
|rule|Sleep Clause Mod: Limit one foe put to sleep
|rule|Species Clause: Limit one of each PokÃ©mon
|rule|OHKO Clause: OHKO moves are banned
|rule|Moody Clause: Moody is banned
|rule|Evasion Moves Clause: Evasion moves are banned
|rule|Endless Battle Clause: Forcing endless battles is banned
|rule|HP Percentage Mod: HP is shown in percentages
|teampreview
|join|ekiÃ§uAnau
|
|start
|switch|p1a: Metagross|Metagross, shiny|301\/301
|switch|p2a: There's a ghost in|Rotom-Wash|304\/304
|turn|1
|
|switch|p1a: Heatran|Heatran, F|386\/386
|move|p2a: There's a ghost in|Will-O-Wisp|p1a: Heatran
|-start|p1a: Heatran|ability: Flash Fire
|
|turn|2
|
|move|p2a: There's a ghost in|Hydro Pump|p1a: Heatran
|-supereffective|p1a: Heatran
|-damage|p1a: Heatran|186\/386
|move|p1a: Heatran|Stealth Rock|p2a: There's a ghost in
|-sidestart|p2: Pikapwn|move: Stealth Rock
|
|-heal|p1a: Heatran|210\/386|[from] item: Leftovers
|turn|3
|leave|ekiÃ§uAnau
|
|move|p2a: There's a ghost in|Hydro Pump|p1a: Heatran|[miss]
|-miss|p2a: There's a ghost in|p1a: Heatran
|move|p1a: Heatran|Lava Plume|p2a: There's a ghost in
|-resisted|p2a: There's a ghost in
|-damage|p2a: There's a ghost in|246\/304
|-status|p2a: There's a ghost in|brn
|
|-heal|p1a: Heatran|234\/386|[from] item: Leftovers
|-damage|p2a: There's a ghost in|208\/304 brn|[from] brn
|turn|4
|
|switch|p1a: Mew|Mew|404\/404
|move|p2a: There's a ghost in|Hydro Pump|p1a: Mew
|-damage|p1a: Mew|275\/404
|
|-heal|p1a: Mew|300\/404|[from] item: Leftovers
|-damage|p2a: There's a ghost in|170\/304 brn|[from] brn
|turn|5
|
|move|p1a: Mew|Taunt|p2a: There's a ghost in
|-start|p2a: There's a ghost in|move: Taunt
|cant|p2a: There's a ghost in|move: Taunt|Pain Split
|
|-heal|p1a: Mew|325\/404|[from] item: Leftovers
|-damage|p2a: There's a ghost in|132\/304 brn|[from] brn
|turn|6
|
|switch|p2a: Bisharp|Bisharp, M|272\/272
|-damage|p2a: Bisharp|255\/272|[from] Stealth Rock
|move|p1a: Mew|Knock Off|p2a: Bisharp
|-resisted|p2a: Bisharp
|-damage|p2a: Bisharp|219\/272
|-enditem|p2a: Bisharp|Black Glasses|[from] move: Knock Off|[of] p1a: Mew
|
|-heal|p1a: Mew|350\/404|[from] item: Leftovers
|turn|7
|
|move|p1a: Mew|Will-O-Wisp|p2a: Bisharp
|-status|p2a: Bisharp|brn
|move|p2a: Bisharp|Knock Off|p1a: Mew
|-supereffective|p1a: Mew
|-damage|p1a: Mew|194\/404
|-enditem|p1a: Mew|Leftovers|[from] move: Knock Off|[of] p2a: Bisharp
|
|-damage|p2a: Bisharp|185\/272 brn|[from] brn
|turn|8
|
|move|p1a: Mew|Knock Off|p2a: Bisharp
|-resisted|p2a: Bisharp
|-damage|p2a: Bisharp|159\/272 brn
|move|p2a: Bisharp|Knock Off|p1a: Mew
|-supereffective|p1a: Mew
|-damage|p1a: Mew|86\/404
|
|-damage|p2a: Bisharp|125\/272 brn|[from] brn
|turn|9
|
|move|p2a: Bisharp|Sucker Punch|p1a: Mew
|-fail|p1a: Mew
|move|p1a: Mew|Roost|p1a: Mew
|-heal|p1a: Mew|288\/404
|
|-damage|p2a: Bisharp|91\/272 brn|[from] brn
|turn|10
|
|move|p1a: Mew|Roost|p1a: Mew
|-heal|p1a: Mew|404\/404
|move|p2a: Bisharp|Knock Off|p1a: Mew
|-supereffective|p1a: Mew
|-damage|p1a: Mew|312\/404
|
|-damage|p2a: Bisharp|57\/272 brn|[from] brn
|turn|11
|
|move|p1a: Mew|Knock Off|p2a: Bisharp
|-resisted|p2a: Bisharp
|-damage|p2a: Bisharp|33\/272 brn
|move|p2a: Bisharp|Knock Off|p1a: Mew
|-supereffective|p1a: Mew
|-damage|p1a: Mew|208\/404
|
|-damage|p2a: Bisharp|0 fnt|[from] brn
|faint|p2a: Bisharp
|
|switch|p2a: Talonflame|Talonflame, F|327\/327
|-damage|p2a: Talonflame|164\/327|[from] Stealth Rock
|turn|12
|
|switch|p1a: Thundurus-Therian|Thundurus-Therian, M|299\/299
|move|p2a: Talonflame|Roost|p2a: Talonflame
|-heal|p2a: Talonflame|327\/327
|
|turn|13
|
|move|p2a: Talonflame|Swords Dance|p2a: Talonflame
|-boost|p2a: Talonflame|atk|2
|move|p1a: Thundurus-Therian|Volt Switch|p2a: Talonflame
|-supereffective|p2a: Talonflame
|-damage|p2a: Talonflame|0 fnt
|faint|p2a: Talonflame
|
|switch|p1a: Mew|Mew|208\/404
|
|
|switch|p2a: Da best|Dragonite, M|323\/323
|-damage|p2a: Da best|243\/323|[from] Stealth Rock
|turn|14
|
|move|p1a: Mew|Will-O-Wisp|p2a: Da best
|-status|p2a: Da best|brn
|-enditem|p2a: Da best|Lum Berry|[eat]
|-curestatus|p2a: Da best|brn
|move|p2a: Da best|Dragon Dance|p2a: Da best
|-boost|p2a: Da best|atk|1
|-boost|p2a: Da best|spe|1
|
|turn|15
|
|move|p2a: Da best|Extreme Speed|p1a: Mew
|-damage|p1a: Mew|78\/404
|move|p1a: Mew|Will-O-Wisp|p2a: Da best
|-status|p2a: Da best|brn
|
|-damage|p2a: Da best|203\/323 brn|[from] brn
|turn|16
|
|switch|p1a: Heatran|Heatran, F|234\/386
|move|p2a: Da best|Extreme Speed|p1a: Heatran
|-resisted|p1a: Heatran
|-damage|p1a: Heatran|198\/386
|
|-heal|p1a: Heatran|222\/386|[from] item: Leftovers
|-damage|p2a: Da best|163\/323 brn|[from] brn
|turn|17
|
|switch|p1a: Thundurus-Therian|Thundurus-Therian, M|299\/299
|move|p2a: Da best|Earthquake|p1a: Thundurus-Therian
|-immune|p1a: Thundurus-Therian|[msg]
|
|-damage|p2a: Da best|123\/323 brn|[from] brn
|turn|18
|
|switch|p1a: Heatran|Heatran, F|222\/386
|move|p2a: Da best|Dragon Claw|p1a: Heatran
|-resisted|p1a: Heatran
|-damage|p1a: Heatran|160\/386
|
|-heal|p1a: Heatran|184\/386|[from] item: Leftovers
|-damage|p2a: Da best|83\/323 brn|[from] brn
|turn|19
|
|move|p2a: Da best|Dragon Claw|p1a: Heatran
|-resisted|p1a: Heatran
|-damage|p1a: Heatran|128\/386
|move|p1a: Heatran|Flash Cannon|p2a: Da best
|-damage|p2a: Da best|0 fnt
|faint|p2a: Da best
|
|-heal|p1a: Heatran|152\/386|[from] item: Leftovers
|
|switch|p2a: Jellyfish Head|Medicham, M|265\/265
|-damage|p2a: Jellyfish Head|249\/265|[from] Stealth Rock
|turn|20
|
|switch|p1a: Talonflame|Talonflame, F|319\/319
|detailschange|p2a: Jellyfish Head|Medicham-Mega, M
|message|Medicham has Mega Evolved into Mega Medicham!
|move|p2a: Jellyfish Head|Fake Out|p1a: Talonflame
|-damage|p1a: Talonflame|220\/319
|
|turn|21
|
|switch|p2a: There's a ghost in|Rotom-Wash|132\/304 brn
|-damage|p2a: There's a ghost in|94\/304 brn|[from] Stealth Rock
|move|p1a: Talonflame|Brave Bird|p2a: There's a ghost in
|-resisted|p2a: There's a ghost in
|-damage|p2a: There's a ghost in|3\/304 brn
|-damage|p1a: Talonflame|190\/319|[from] recoil|[of] p2a: There's a ghost in
|
|-damage|p2a: There's a ghost in|0 fnt|[from] brn
|faint|p2a: There's a ghost in
|
|switch|p2a: Jellyfish Head|Medicham-Mega, M|249\/265
|-damage|p2a: Jellyfish Head|233\/265|[from] Stealth Rock
|turn|22
|
|move|p2a: Jellyfish Head|Fake Out|p1a: Talonflame
|-damage|p1a: Talonflame|80\/319
|cant|p1a: Talonflame|flinch
|
|turn|23
|
|switch|p2a: DestructoDisc|Ferrothorn, M|352\/352
|-damage|p2a: DestructoDisc|330\/352|[from] Stealth Rock
|move|p1a: Talonflame|Roost|p1a: Talonflame
|-heal|p1a: Talonflame|240\/319
|
|-heal|p2a: DestructoDisc|352\/352|[from] item: Leftovers
|turn|24
|
|move|p1a: Talonflame|Flare Blitz|p2a: DestructoDisc
|-supereffective|p2a: DestructoDisc
|-damage|p2a: DestructoDisc|0 fnt
|-damage|p1a: Talonflame|201\/319|[from] ability: Iron Barbs|[of] p2a: DestructoDisc
|-damage|p1a: Talonflame|85\/319|[from] recoil|[of] p2a: DestructoDisc
|faint|p2a: DestructoDisc
|
|
|switch|p2a: Jellyfish Head|Medicham-Mega, M|233\/265
|-damage|p2a: Jellyfish Head|217\/265|[from] Stealth Rock
|turn|25
|
|switch|p1a: Metagross|Metagross, shiny|301\/301
|move|p2a: Jellyfish Head|Fake Out|p1a: Metagross
|-resisted|p1a: Metagross
|-damage|p1a: Metagross|269\/301
|
|turn|26
|
|detailschange|p1a: Metagross|Metagross-Mega, shiny
|message|Metagross has Mega Evolved into Mega Metagross!
|move|p2a: Jellyfish Head|High Jump Kick|p1a: Metagross
|-damage|p1a: Metagross|19\/301
|move|p1a: Metagross|Meteor Mash|p2a: Jellyfish Head
|-damage|p2a: Jellyfish Head|0 fnt
|faint|p2a: Jellyfish Head
|
|win|DeathWave
|raw|Ladder updating...
|leave|Pikapwn
|player|p2