|join|DeathWave
|join|Another player
|player|p1|DeathWave|163
|player|p2|Another player|101
|gametype|singles
|gen|6
|tier|OU
|rated
|clearpoke
|poke|p1|Charizard, F
|poke|p1|Chesnaught, F
|poke|p1|Keldeo-Resolute
|poke|p1|Garchomp, F
|poke|p1|Mamoswine, F
|poke|p1|Rotom-Wash
|poke|p2|Gliscor, F
|poke|p2|Ditto
|poke|p2|Medicham, F
|poke|p2|Kyurem-Black
|poke|p2|Chansey, F
|poke|p2|Ferrothorn, M
|rule|Sleep Clause Mod: Limit one foe put to sleep
|rule|Species Clause: Limit one of each Pokemon
|rule|OHKO Clause: OHKO moves are banned
|rule|Moody Clause: Moody is banned
|rule|Evasion Moves Clause: Evasion moves are banned
|rule|Endless Battle Clause: Forcing endless battles is banned.
|rule|HP Percentage Mod: HP is reported as percentages
|teampreview
|
|start
|switch|p1a: Charizard|Charizard, F|297\/297
|switch|p2a: Medicham|Medicham, F|261\/261
|turn|1
|
|-weather|SunnyDay
|detailschange|p1a: Charizard|Charizard-Mega-Y, F
|message|Charizard has Mega Evolved into Mega Charizard!
|detailschange|p2a: Medicham|Medicham-Mega, F
|message|Medicham has Mega Evolved into Mega Medicham!
|move|p2a: Medicham|Fake Out|p1a: Charizard
|-damage|p1a: Charizard|207\/297
|cant|p1a: Charizard|flinch
|
|-weather|SunnyDay|[upkeep]
|turn|2
|chat|Another player|gl
|
|switch|p2a: Chansey|Chansey, F|704\/704
|move|p1a: Charizard|Fire Blast|p2a: Chansey
|-damage|p2a: Chansey|487\/704
|
|-weather|SunnyDay|[upkeep]
|turn|3
|chat|DeathWave|gl
|
|switch|p1a: Rotom-Wash|Rotom-Wash|241\/241
|move|p2a: Chansey|Toxic|p1a: Rotom-Wash
|-status|p1a: Rotom-Wash|tox
|
|-weather|SunnyDay|[upkeep]
|-damage|p1a: Rotom-Wash|226\/241 tox|[from] psn
|turn|4
|
|switch|p2a: Ferrothorn|Ferrothorn, M|290\/290
|move|p1a: Rotom-Wash|Trick|p2a: Ferrothorn
|-activate|p1a: Rotom-Wash|move: Trick|[of] p2a: Ferrothorn
|-item|p2a: Ferrothorn|Choice Scarf|[from] move: Trick
|-item|p1a: Rotom-Wash|Leftovers|[from] move: Trick
|
|-weather|SunnyDay|[upkeep]
|-heal|p1a: Rotom-Wash|241\/241 tox|[from] item: Leftovers
|-damage|p1a: Rotom-Wash|211\/241 tox|[from] psn
|turn|5
|
|move|p1a: Rotom-Wash|Volt Switch|p2a: Ferrothorn
|-resisted|p2a: Ferrothorn
|-damage|p2a: Ferrothorn|256\/290
|
|switch|p1a: Charizard|Charizard-Mega-Y, F|207\/297
|move|p2a: Ferrothorn|Stealth Rock|p1a: Charizard
|-sidestart|p1: DeathWave|move: Stealth Rock
|
|-weather|none
|turn|6
|
|switch|p2a: Chansey|Chansey, F|487\/704
|move|p1a: Charizard|Focus Blast|p2a: Chansey|[miss]
|-miss|p1a: Charizard|p2a: Chansey
|
|turn|7
|
|move|p1a: Charizard|Roost|p1a: Charizard
|-heal|p1a: Charizard|297\/297
|move|p2a: Chansey|Soft-Boiled|p2a: Chansey
|-heal|p2a: Chansey|704\/704
|
|turn|8
|
|switch|p1a: Rotom-Wash|Rotom-Wash|211\/241 tox
|-damage|p1a: Rotom-Wash|181\/241 tox|[from] Stealth Rock
|move|p2a: Chansey|Toxic|p1a: Rotom-Wash
|-fail|p1a: Rotom-Wash|tox
|
|-heal|p1a: Rotom-Wash|196\/241 tox|[from] item: Leftovers
|-damage|p1a: Rotom-Wash|181\/241 tox|[from] psn
|turn|9
|
|switch|p2a: Ferrothorn|Ferrothorn, M|256\/290
|move|p1a: Rotom-Wash|Will-O-Wisp|p2a: Ferrothorn
|-status|p2a: Ferrothorn|brn
|
|-heal|p1a: Rotom-Wash|196\/241 tox|[from] item: Leftovers
|-damage|p1a: Rotom-Wash|166\/241 tox|[from] psn
|-damage|p2a: Ferrothorn|220\/290 brn|[from] brn
|turn|10
|
|move|p1a: Rotom-Wash|Volt Switch|p2a: Ferrothorn
|-resisted|p2a: Ferrothorn
|-damage|p2a: Ferrothorn|184\/290 brn
|
|switch|p1a: Charizard|Charizard-Mega-Y, F|297\/297
|-damage|p1a: Charizard|149\/297|[from] Stealth Rock
|-weather|SunnyDay
|move|p2a: Ferrothorn|Leech Seed|p1a: Charizard
|-start|p1a: Charizard|move: Leech Seed
|
|-weather|SunnyDay|[upkeep]
|-damage|p1a: Charizard|112\/297|[from] Leech Seed|[of] p2a: Ferrothorn
|-heal|p2a: Ferrothorn|221\/290 brn|[silent]
|-damage|p2a: Ferrothorn|185\/290 brn|[from] brn
|turn|11
|
|switch|p2a: Chansey|Chansey, F|704\/704
|move|p1a: Charizard|Roost|p1a: Charizard
|-heal|p1a: Charizard|261\/297
|
|-weather|SunnyDay|[upkeep]
|-damage|p1a: Charizard|224\/297|[from] Leech Seed|[of] p2a: Chansey
|turn|12
|
|switch|p1a: Rotom-Wash|Rotom-Wash|166\/241 tox
|-damage|p1a: Rotom-Wash|136\/241 tox|[from] Stealth Rock
|move|p2a: Chansey|Toxic|p1a: Rotom-Wash
|-fail|p1a: Rotom-Wash|tox
|
|-weather|SunnyDay|[upkeep]
|-heal|p1a: Rotom-Wash|151\/241 tox|[from] item: Leftovers
|-damage|p1a: Rotom-Wash|136\/241 tox|[from] psn
|turn|13
|
|switch|p2a: Ferrothorn|Ferrothorn, M|185\/290 brn
|move|p1a: Rotom-Wash|Volt Switch|p2a: Ferrothorn
|-resisted|p2a: Ferrothorn
|-damage|p2a: Ferrothorn|152\/290 brn
|
|switch|p1a: Garchomp|Garchomp, F|357\/357
|-damage|p1a: Garchomp|335\/357|[from] Stealth Rock
|
|-weather|SunnyDay|[upkeep]
|-heal|p1a: Garchomp|357\/357|[from] item: Leftovers
|-damage|p2a: Ferrothorn|116\/290 brn|[from] brn
|turn|14
|
|move|p1a: Garchomp|Fire Blast|p2a: Ferrothorn
|-supereffective|p2a: Ferrothorn
|-damage|p2a: Ferrothorn|0 fnt
|faint|p2a: Ferrothorn
|
|-weather|none
|
|switch|p2a: Kyurem-Black|Kyurem-Black|391\/391
|-ability|p2a: Kyurem-Black|Teravolt
|turn|15
|
|switch|p1a: Keldeo-Resolute|Keldeo-Resolute|323\/323
|-damage|p1a: Keldeo-Resolute|303\/323|[from] Stealth Rock
|move|p2a: Kyurem-Black|Outrage|p1a: Keldeo-Resolute
|-damage|p1a: Keldeo-Resolute|0 fnt
|faint|p1a: Keldeo-Resolute
|
|
|switch|p1a: Chesnaught|Chesnaught, F|380\/380
|-damage|p1a: Chesnaught|357\/380|[from] Stealth Rock
|turn|16
|
|move|p1a: Chesnaught|Spiky Shield|p1a: Chesnaught
|-singleturn|p1a: Chesnaught|move: Protect
|move|p2a: Kyurem-Black|Outrage|p1a: Chesnaught
|-activate|p1a: Chesnaught|move: Protect
|-damage|p2a: Kyurem-Black|343\/391|[from] Spiky Shield|[of] p1a: Chesnaught
|
|-heal|p1a: Chesnaught|380\/380|[from] item: Leftovers
|turn|17
|
|switch|p2a: Ditto|Ditto|300\/300
|-transform|p2a: Ditto|p1a: Chesnaught
|move|p1a: Chesnaught|Spikes|p2a: Ditto
|-sidestart|p2: Another player|Spikes
|
|turn|18
|
|move|p2a: Ditto|Spikes|p1a: Chesnaught
|-sidestart|p1: DeathWave|Spikes
|move|p1a: Chesnaught|Spikes|p2a: Ditto
|-sidestart|p2: Another player|Spikes
|
|turn|19
|
|move|p1a: Chesnaught|Spikes|p2a: Ditto
|-sidestart|p2: Another player|Spikes
|move|p2a: Ditto|Spikes|p1a: Chesnaught
|-sidestart|p1: DeathWave|Spikes
|
|turn|20
|
|move|p1a: Chesnaught|Low Sweep|p2a: Ditto
|-damage|p2a: Ditto|251\/300
|-unboost|p2a: Ditto|spe|1
|move|p2a: Ditto|Spikes|p1a: Chesnaught
|-sidestart|p1: DeathWave|Spikes
|
|-heal|p2a: Ditto|269\/300|[from] item: Leftovers
|turn|21
|
|move|p1a: Chesnaught|Spiky Shield|p1a: Chesnaught
|-singleturn|p1a: Chesnaught|move: Protect
|move|p2a: Ditto|Leech Seed|p1a: Chesnaught
|-activate|p1a: Chesnaught|move: Protect
|
|-heal|p2a: Ditto|287\/300|[from] item: Leftovers
|turn|22
|
|switch|p1a: Rotom-Wash|Rotom-Wash|136\/241 tox
|-damage|p1a: Rotom-Wash|106\/241 tox|[from] Stealth Rock
|switch|p2a: Please forfeit|Gliscor, F|354\/354
|
|-heal|p1a: Rotom-Wash|121\/241 tox|[from] item: Leftovers
|-damage|p1a: Rotom-Wash|106\/241 tox|[from] psn
|-status|p2a: Please forfeit|tox|[from] item: Toxic Orb
|turn|23
|
|switch|p2a: Ditto|Ditto|287\/300
|-damage|p2a: Ditto|212\/300|[from] Spikes
|-transform|p2a: Ditto|p1a: Rotom-Wash
|move|p1a: Rotom-Wash|Hydro Pump|p2a: Ditto
|-resisted|p2a: Ditto
|-damage|p2a: Ditto|134\/300
|
|-heal|p1a: Rotom-Wash|121\/241 tox|[from] item: Leftovers
|-heal|p2a: Ditto|152\/300|[from] item: Leftovers
|-damage|p1a: Rotom-Wash|91\/241 tox|[from] psn
|turn|24
|
|move|p2a: Ditto|Hydro Pump|p1a: Rotom-Wash|[miss]
|-miss|p2a: Ditto|p1a: Rotom-Wash
|move|p1a: Rotom-Wash|Volt Switch|p2a: Ditto
|-damage|p2a: Ditto|47\/300
|
|switch|p1a: Charizard|Charizard-Mega-Y, F|224\/297
|-damage|p1a: Charizard|76\/297|[from] Stealth Rock
|-weather|SunnyDay
|
|-weather|SunnyDay|[upkeep]
|-heal|p2a: Ditto|65\/300|[from] item: Leftovers
|turn|25
|
|move|p1a: Charizard|Roost|p1a: Charizard
|-heal|p1a: Charizard|225\/297
|move|p2a: Ditto|Volt Switch|p1a: Charizard
|-damage|p1a: Charizard|125\/297
|
|switch|p2a: Kyurem-Black|Kyurem-Black|343\/391
|-damage|p2a: Kyurem-Black|246\/391|[from] Spikes
|-ability|p2a: Kyurem-Black|Teravolt
|
|-weather|SunnyDay|[upkeep]
|turn|26
|
|move|p2a: Kyurem-Black|Outrage|p1a: Charizard
|-damage|p1a: Charizard|0 fnt
|faint|p1a: Charizard
|
|-weather|SunnyDay|[upkeep]
|
|switch|p1a: Chesnaught|Chesnaught, F|380\/380
|-damage|p1a: Chesnaught|357\/380|[from] Stealth Rock
|-damage|p1a: Chesnaught|262\/380|[from] Spikes
|turn|27
|
|move|p1a: Chesnaught|Spiky Shield|p1a: Chesnaught
|-singleturn|p1a: Chesnaught|move: Protect
|move|p2a: Kyurem-Black|Outrage|p1a: Chesnaught
|-activate|p1a: Chesnaught|move: Protect
|-damage|p2a: Kyurem-Black|198\/391|[from] Spiky Shield|[of] p1a: Chesnaught
|
|-weather|SunnyDay|[upkeep]
|-heal|p1a: Chesnaught|285\/380|[from] item: Leftovers
|turn|28
|
|move|p2a: Kyurem-Black|Outrage|p1a: Chesnaught
|-damage|p1a: Chesnaught|110\/380
|move|p1a: Chesnaught|Low Sweep|p2a: Kyurem-Black
|-supereffective|p2a: Kyurem-Black
|-damage|p2a: Kyurem-Black|48\/391
|-unboost|p2a: Kyurem-Black|spe|1
|
|-weather|none
|-heal|p1a: Chesnaught|133\/380|[from] item: Leftovers
|turn|29
|
|move|p1a: Chesnaught|Spiky Shield|p1a: Chesnaught
|-singleturn|p1a: Chesnaught|move: Protect
|move|p2a: Kyurem-Black|Outrage|p1a: Chesnaught
|-activate|p1a: Chesnaught|move: Protect
|-damage|p2a: Kyurem-Black|0 fnt|[from] Spiky Shield|[of] p1a: Chesnaught
|faint|p2a: Kyurem-Black
|
|-heal|p1a: Chesnaught|156\/380|[from] item: Leftovers
|
|switch|p2a: Medicham|Medicham-Mega, F|261\/261
|-damage|p2a: Medicham|196\/261|[from] Spikes
|turn|30
|
|switch|p1a: Rotom-Wash|Rotom-Wash|91\/241 tox
|-damage|p1a: Rotom-Wash|61\/241 tox|[from] Stealth Rock
|move|p2a: Medicham|Ice Punch|p1a: Rotom-Wash
|-resisted|p1a: Rotom-Wash
|-damage|p1a: Rotom-Wash|0 fnt
|faint|p1a: Rotom-Wash
|
|
|switch|p1a: Garchomp|Garchomp, F|357\/357
|-damage|p1a: Garchomp|335\/357|[from] Stealth Rock
|-damage|p1a: Garchomp|246\/357|[from] Spikes
|turn|31
|
|switch|p2a: Please forfeit|Gliscor, F|354\/354 tox
|move|p1a: Garchomp|Outrage|p2a: Please forfeit
|-damage|p2a: Please forfeit|176\/354 tox
|
|-heal|p1a: Garchomp|268\/357|[from] item: Leftovers
|-heal|p2a: Please forfeit|220\/354 tox|[from] ability: Poison Heal
|turn|32
|
|move|p1a: Garchomp|Outrage|p2a: Please forfeit
|-damage|p2a: Please forfeit|64\/354 tox
|move|p2a: Please forfeit|Toxic|p1a: Garchomp
|-status|p1a: Garchomp|tox
|
|-end|p1a: Garchomp|rampage
|-start|p1a: Garchomp|confusion
|-heal|p1a: Garchomp|290\/357 tox|[from] item: Leftovers
|-damage|p1a: Garchomp|268\/357 tox|[from] psn
|-heal|p2a: Please forfeit|108\/354 tox|[from] ability: Poison Heal
|turn|33
|
|switch|p1a: Mamoswine|Mamoswine, F|361\/361
|-damage|p1a: Mamoswine|316\/361|[from] Stealth Rock
|-damage|p1a: Mamoswine|226\/361|[from] Spikes
|move|p2a: Please forfeit|Substitute|p2a: Please forfeit
|-start|p2a: Please forfeit|Substitute
|-damage|p2a: Please forfeit|20\/354 tox
|
|-heal|p2a: Please forfeit|64\/354 tox|[from] ability: Poison Heal
|turn|34
|
|move|p1a: Mamoswine|Ice Shard|p2a: Please forfeit
|-supereffective|p2a: Please forfeit
|-end|p2a: Please forfeit|Substitute
|move|p2a: Please forfeit|Toxic|p1a: Mamoswine
|-status|p1a: Mamoswine|tox
|
|-damage|p1a: Mamoswine|204\/361 tox|[from] psn
|-heal|p2a: Please forfeit|108\/354 tox|[from] ability: Poison Heal
|turn|35
|
|move|p2a: Please forfeit|Protect|p2a: Please forfeit
|-singleturn|p2a: Please forfeit|Protect
|move|p1a: Mamoswine|Ice Shard|p2a: Please forfeit
|-activate|p2a: Please forfeit|Protect
|
|-damage|p1a: Mamoswine|160\/361 tox|[from] psn
|-heal|p2a: Please forfeit|152\/354 tox|[from] ability: Poison Heal
|turn|36
|
|switch|p2a: Chansey|Chansey, F|704\/704
|-damage|p2a: Chansey|528\/704|[from] Spikes
|move|p1a: Mamoswine|Ice Shard|p2a: Chansey
|-damage|p2a: Chansey|380\/704
|
|-damage|p1a: Mamoswine|94\/361 tox|[from] psn
|turn|37
|
|move|p1a: Mamoswine|Ice Shard|p2a: Chansey
|-damage|p2a: Chansey|235\/704
|move|p2a: Chansey|Soft-Boiled|p2a: Chansey
|-heal|p2a: Chansey|587\/704
|
|-damage|p1a: Mamoswine|6\/361 tox|[from] psn
|turn|38
|
|move|p1a: Mamoswine|Ice Shard|p2a: Chansey
|-damage|p2a: Chansey|425\/704
|move|p2a: Chansey|Soft-Boiled|p2a: Chansey
|-heal|p2a: Chansey|704\/704
|
|-damage|p1a: Mamoswine|0 fnt|[from] psn
|faint|p1a: Mamoswine
|
|switch|p1a: Chesnaught|Chesnaught, F|156\/380
|-damage|p1a: Chesnaught|61\/380|[from] Spikes
|-damage|p1a: Chesnaught|38\/380|[from] Stealth Rock
|turn|39
|
|move|p1a: Chesnaught|Low Sweep|p2a: Chansey
|-supereffective|p2a: Chansey
|-damage|p2a: Chansey|482\/704
|-unboost|p2a: Chansey|spe|1
|move|p2a: Chansey|Seismic Toss|p1a: Chesnaught
|-damage|p1a: Chesnaught|0 fnt
|faint|p1a: Chesnaught
|
|
|switch|p1a: Garchomp|Garchomp, F|268\/357 tox
|-damage|p1a: Garchomp|179\/357 tox|[from] Spikes
|-damage|p1a: Garchomp|157\/357 tox|[from] Stealth Rock
|turn|40
|
|move|p1a: Garchomp|Swords Dance|p1a: Garchomp
|-boost|p1a: Garchomp|atk|2
|move|p2a: Chansey|Seismic Toss|p1a: Garchomp
|-damage|p1a: Garchomp|57\/357 tox
|-damage|p2a: Chansey|394\/704|[from] ability: Rough Skin|[of] p1a: Garchomp
|
|-heal|p1a: Garchomp|79\/357 tox|[from] item: Leftovers
|-damage|p1a: Garchomp|57\/357 tox|[from] psn
|turn|41
|
|move|p1a: Garchomp|Outrage|p2a: Chansey
|-damage|p2a: Chansey|0 fnt
|faint|p2a: Chansey
|
|-heal|p1a: Garchomp|79\/357 tox|[from] item: Leftovers
|-damage|p1a: Garchomp|35\/357 tox|[from] psn
|
|switch|p2a: Medicham|Medicham-Mega, F|196\/261
|-damage|p2a: Medicham|131\/261|[from] Spikes
|turn|42
|-message|DeathWave forfeited.
|
|win|Another player
|raw|Ladder updating...
|raw|DeathWave's rating: 1531 &rarr; <strong>1514<\/strong><br \/>(-17 for losing)
|raw|Another player's rating: 1590 &rarr; <strong>1606<\/strong><br \/>(+16 for winning)
|leave|DeathWave
|player|p1
|chat|Another player|gg