|join|Dragonblood
|join|DeathWave
|player|p1|Dragonblood|96
|player|p2|DeathWave|163
|gametype|singles
|gen|6
|tier|OU
|rated
|clearpoke
|poke|p1|Galvantula, F
|poke|p1|Terrakion
|poke|p1|Talonflame, F
|poke|p1|Bisharp, M
|poke|p1|Kyurem-Black
|poke|p1|Gyarados, F
|poke|p2|Entei, shiny
|poke|p2|Deoxys-Speed
|poke|p2|Kyurem-Black
|poke|p2|Breloom, F
|poke|p2|Scizor, F
|poke|p2|Blissey, F
|rule|Sleep Clause Mod: Limit one foe put to sleep
|rule|Species Clause: Limit one of each Pokemon
|rule|OHKO Clause: OHKO moves are banned
|rule|Moody Clause: Moody is banned
|rule|Evasion Moves Clause: Evasion moves are banned
|rule|Endless Battle Clause: Forcing endless battles is banned.
|rule|HP Percentage Mod: HP is reported as percentages
|teampreview
|
|start
|switch|p1a: Galvantula|Galvantula, F|281\/281
|switch|p2a: Scizor|Scizor, F|281\/281
|turn|1
|
|-formechange|p2a: Scizor|Scizor-Mega
|message|Scizor has Mega Evolved into Mega Scizor!
|move|p1a: Galvantula|Sticky Web|p2a: Scizor
|-sidestart|p2: DeathWave|move: Sticky Web
|move|p2a: Scizor|Swords Dance|p2a: Scizor
|-boost|p2a: Scizor|atk|2
|
|turn|2
|
|move|p2a: Scizor|Bullet Punch|p1a: Galvantula
|-resisted|p1a: Galvantula
|-damage|p1a: Galvantula|95\/281
|move|p1a: Galvantula|Thunder|p2a: Scizor
|-damage|p2a: Scizor|122\/281
|
|turn|3
|
|move|p2a: Scizor|Bullet Punch|p1a: Galvantula
|-resisted|p1a: Galvantula
|-damage|p1a: Galvantula|0 fnt
|faint|p1a: Galvantula
|
|
|switch|p1a: Gyarados|Gyarados, F|353\/353
|-ability|p1a: Gyarados|Intimidate|[of] p2a: Scizor
|-unboost|p2a: Scizor|atk|1
|turn|4
|
|move|p2a: Scizor|Bullet Punch|p1a: Gyarados
|-resisted|p1a: Gyarados
|-damage|p1a: Gyarados|251\/353
|move|p1a: Gyarados|Waterfall|p2a: Scizor
|-damage|p2a: Scizor|19\/281
|
|turn|5
|
|switch|p2a: Kyurem-Black|Kyurem-Black|401\/401
|-activate|p2a: Kyurem-Black|move: Sticky Web
|-unboost|p2a: Kyurem-Black|spe|1
|-ability|p2a: Kyurem-Black|Teravolt
|move|p1a: Gyarados|Waterfall|p2a: Kyurem-Black
|-resisted|p2a: Kyurem-Black
|-damage|p2a: Kyurem-Black|330\/401
|
|turn|6
|
|switch|p1a: Kyurem-Black|Kyurem-Black|454\/454
|-ability|p1a: Kyurem-Black|Teravolt
|move|p2a: Kyurem-Black|Fusion Bolt|p1a: Kyurem-Black
|-resisted|p1a: Kyurem-Black
|-damage|p1a: Kyurem-Black|375\/454
|-damage|p2a: Kyurem-Black|290\/401|[from] item: Life Orb
|
|-heal|p1a: Kyurem-Black|403\/454|[from] item: Leftovers
|turn|7
|
|switch|p2a: Breloom|Breloom, F|261\/261
|-activate|p2a: Breloom|move: Sticky Web
|-unboost|p2a: Breloom|spe|1
|move|p1a: Kyurem-Black|Substitute|p1a: Kyurem-Black
|-start|p1a: Kyurem-Black|Substitute
|-damage|p1a: Kyurem-Black|290\/454
|
|-heal|p1a: Kyurem-Black|318\/454|[from] item: Leftovers
|turn|8
|
|switch|p2a: Blissey|Blissey, F|714\/714
|-activate|p2a: Blissey|move: Sticky Web
|-unboost|p2a: Blissey|spe|1
|move|p1a: Kyurem-Black|Ice Beam|p2a: Blissey
|-damage|p2a: Blissey|590\/714
|
|-heal|p1a: Kyurem-Black|346\/454|[from] item: Leftovers
|-heal|p2a: Blissey|634\/714|[from] item: Leftovers
|turn|9
|
|move|p1a: Kyurem-Black|Fusion Bolt|p2a: Blissey
|-damage|p2a: Blissey|420\/714
|move|p2a: Blissey|Wish|p2a: Blissey
|
|-heal|p1a: Kyurem-Black|374\/454|[from] item: Leftovers
|-heal|p2a: Blissey|464\/714|[from] item: Leftovers
|turn|10
|
|move|p1a: Kyurem-Black|Fusion Bolt|p2a: Blissey
|-damage|p2a: Blissey|242\/714
|move|p2a: Blissey|Seismic Toss|p1a: Kyurem-Black
|-activate|p1a: Kyurem-Black|Substitute|[damage]
|
|-heal|p2a: Blissey|599\/714|[from] move: Wish|[wisher] Blissey
|-heal|p1a: Kyurem-Black|402\/454|[from] item: Leftovers
|-heal|p2a: Blissey|643\/714|[from] item: Leftovers
|turn|11
|
|move|p1a: Kyurem-Black|Fusion Bolt|p2a: Blissey
|-damage|p2a: Blissey|402\/714
|move|p2a: Blissey|Wish|p2a: Blissey
|
|-heal|p1a: Kyurem-Black|430\/454|[from] item: Leftovers
|-heal|p2a: Blissey|446\/714|[from] item: Leftovers
|turn|12
|
|move|p1a: Kyurem-Black|Fusion Bolt|p2a: Blissey
|-damage|p2a: Blissey|224\/714
|move|p2a: Blissey|Seismic Toss|p1a: Kyurem-Black
|-end|p1a: Kyurem-Black|Substitute
|
|-heal|p2a: Blissey|581\/714|[from] move: Wish|[wisher] Blissey
|-heal|p1a: Kyurem-Black|454\/454|[from] item: Leftovers
|-heal|p2a: Blissey|625\/714|[from] item: Leftovers
|turn|13
|
|move|p1a: Kyurem-Black|Substitute|p1a: Kyurem-Black
|-start|p1a: Kyurem-Black|Substitute
|-damage|p1a: Kyurem-Black|341\/454
|move|p2a: Blissey|Wish|p2a: Blissey
|
|-heal|p1a: Kyurem-Black|369\/454|[from] item: Leftovers
|-heal|p2a: Blissey|669\/714|[from] item: Leftovers
|turn|14
|
|move|p1a: Kyurem-Black|Earth Power|p2a: Blissey
|-damage|p2a: Blissey|588\/714
|move|p2a: Blissey|Seismic Toss|p1a: Kyurem-Black
|-activate|p1a: Kyurem-Black|Substitute|[damage]
|
|-heal|p2a: Blissey|714\/714|[from] move: Wish|[wisher] Blissey
|-heal|p1a: Kyurem-Black|397\/454|[from] item: Leftovers
|turn|15
|
|move|p1a: Kyurem-Black|Earth Power|p2a: Blissey
|-damage|p2a: Blissey|628\/714
|move|p2a: Blissey|Seismic Toss|p1a: Kyurem-Black
|-end|p1a: Kyurem-Black|Substitute
|
|-heal|p1a: Kyurem-Black|425\/454|[from] item: Leftovers
|-heal|p2a: Blissey|672\/714|[from] item: Leftovers
|turn|16
|
|move|p1a: Kyurem-Black|Substitute|p1a: Kyurem-Black
|-start|p1a: Kyurem-Black|Substitute
|-damage|p1a: Kyurem-Black|312\/454
|move|p2a: Blissey|Seismic Toss|p1a: Kyurem-Black
|-activate|p1a: Kyurem-Black|Substitute|[damage]
|
|-heal|p1a: Kyurem-Black|340\/454|[from] item: Leftovers
|-heal|p2a: Blissey|714\/714|[from] item: Leftovers
|turn|17
|
|move|p1a: Kyurem-Black|Fusion Bolt|p2a: Blissey
|-damage|p2a: Blissey|502\/714
|move|p2a: Blissey|Seismic Toss|p1a: Kyurem-Black
|-end|p1a: Kyurem-Black|Substitute
|
|-heal|p1a: Kyurem-Black|368\/454|[from] item: Leftovers
|-heal|p2a: Blissey|546\/714|[from] item: Leftovers
|turn|18
|
|switch|p1a: Terrakion|Terrakion|386\/386
|move|p2a: Blissey|Wish|p2a: Blissey
|
|-heal|p2a: Blissey|590\/714|[from] item: Leftovers
|turn|19
|
|switch|p2a: Deoxys-Speed|Deoxys-Speed|241\/241
|-activate|p2a: Deoxys-Speed|move: Sticky Web
|-unboost|p2a: Deoxys-Speed|spe|1
|-ability|p2a: Deoxys-Speed|Pressure
|move|p1a: Terrakion|Swords Dance|p1a: Terrakion
|-boost|p1a: Terrakion|atk|2
|
|turn|20
|
|switch|p1a: Bisharp|Bisharp, M|272\/272
|move|p2a: Deoxys-Speed|Psycho Boost|p1a: Bisharp
|-immune|p1a: Bisharp|[msg]
|
|turn|21
|
|move|p1a: Bisharp|Sucker Punch|p2a: Deoxys-Speed
|-supereffective|p2a: Deoxys-Speed
|-damage|p2a: Deoxys-Speed|0 fnt
|faint|p2a: Deoxys-Speed
|
|
|switch|p2a: Breloom|Breloom, F|261\/261
|-activate|p2a: Breloom|move: Sticky Web
|-unboost|p2a: Breloom|spe|1
|turn|22
|
|move|p1a: Bisharp|Iron Head|p2a: Breloom
|-damage|p2a: Breloom|102\/261
|cant|p2a: Breloom|flinch
|
|turn|23
|
|move|p2a: Breloom|Mach Punch|p1a: Bisharp
|-supereffective|p1a: Bisharp
|-damage|p1a: Bisharp|0 fnt
|-damage|p2a: Breloom|76\/261|[from] item: Life Orb
|faint|p1a: Bisharp
|
|
|switch|p1a: Terrakion|Terrakion|386\/386
|turn|24
|
|move|p2a: Breloom|Mach Punch|p1a: Terrakion
|-supereffective|p1a: Terrakion
|-damage|p1a: Terrakion|32\/386
|-damage|p2a: Breloom|50\/261|[from] item: Life Orb
|move|p1a: Terrakion|Sacred Sword|p2a: Breloom
|-damage|p2a: Breloom|0 fnt
|faint|p2a: Breloom
|
|-heal|p1a: Terrakion|56\/386|[from] item: Leftovers
|
|switch|p2a: Scizor|Scizor, F|19\/281
|-formechange|p2a: Scizor|Scizor-Mega
|-activate|p2a: Scizor|move: Sticky Web
|-unboost|p2a: Scizor|spe|1
|turn|25
|
|switch|p1a: Gyarados|Gyarados, F|251\/353
|-ability|p1a: Gyarados|Intimidate|[of] p2a: Scizor
|-unboost|p2a: Scizor|atk|1
|move|p2a: Scizor|Bullet Punch|p1a: Gyarados
|-resisted|p1a: Gyarados
|-damage|p1a: Gyarados|202\/353
|
|turn|26
|
|switch|p2a: Kyurem-Black|Kyurem-Black|290\/401
|-activate|p2a: Kyurem-Black|move: Sticky Web
|-unboost|p2a: Kyurem-Black|spe|1
|-ability|p2a: Kyurem-Black|Teravolt
|move|p1a: Gyarados|Waterfall|p2a: Kyurem-Black
|-resisted|p2a: Kyurem-Black
|-damage|p2a: Kyurem-Black|215\/401
|
|turn|27
|
|-formechange|p1a: Gyarados|Gyarados-Mega
|message|Gyarados has Mega Evolved into Mega Gyarados!
|-ability|p1a: Gyarados|Mold Breaker
|move|p1a: Gyarados|Earthquake|p2a: Kyurem-Black
|-damage|p2a: Kyurem-Black|75\/401
|move|p2a: Kyurem-Black|Ice Beam|p1a: Gyarados
|-resisted|p1a: Gyarados
|-damage|p1a: Gyarados|136\/353
|-damage|p2a: Kyurem-Black|35\/401|[from] item: Life Orb
|
|turn|28
|
|move|p1a: Gyarados|Earthquake|p2a: Kyurem-Black
|-damage|p2a: Kyurem-Black|0 fnt
|faint|p2a: Kyurem-Black
|
|
|switch|p2a: Blissey|Blissey, F|590\/714
|-activate|p2a: Blissey|move: Sticky Web
|-unboost|p2a: Blissey|spe|1
|turn|29
|
|move|p1a: Gyarados|Waterfall|p2a: Blissey
|-crit|p2a: Blissey
|-damage|p2a: Blissey|125\/714
|move|p2a: Blissey|Seismic Toss|p1a: Gyarados
|-damage|p1a: Gyarados|36\/353
|
|-heal|p2a: Blissey|169\/714|[from] item: Leftovers
|turn|30
|
|move|p1a: Gyarados|Waterfall|p2a: Blissey
|-damage|p2a: Blissey|0 fnt
|faint|p2a: Blissey
|
|
|switch|p2a: Entei|Entei, shiny|371\/371
|-activate|p2a: Entei|move: Sticky Web
|-unboost|p2a: Entei|spe|1
|-ability|p2a: Entei|Pressure
|turn|31
|
|move|p2a: Entei|Extreme Speed|p1a: Gyarados
|-damage|p1a: Gyarados|0 fnt
|faint|p1a: Gyarados
|
|
|switch|p1a: Kyurem-Black|Kyurem-Black|368\/454
|-ability|p1a: Kyurem-Black|Teravolt
|turn|32
|
|move|p1a: Kyurem-Black|Substitute|p1a: Kyurem-Black
|-start|p1a: Kyurem-Black|Substitute
|-damage|p1a: Kyurem-Black|255\/454
|move|p2a: Entei|Sacred Fire|p1a: Kyurem-Black
|-end|p1a: Kyurem-Black|Substitute
|
|-heal|p1a: Kyurem-Black|283\/454|[from] item: Leftovers
|turn|33
|
|move|p1a: Kyurem-Black|Earth Power|p2a: Entei
|-supereffective|p2a: Entei
|-damage|p2a: Entei|109\/371
|move|p2a: Entei|Sacred Fire|p1a: Kyurem-Black
|-damage|p1a: Kyurem-Black|105\/454
|
|-heal|p1a: Kyurem-Black|133\/454|[from] item: Leftovers
|-heal|p2a: Entei|132\/371|[from] item: Leftovers
|turn|34
|
|move|p2a: Entei|Extreme Speed|p1a: Kyurem-Black
|-damage|p1a: Kyurem-Black|36\/454
|move|p1a: Kyurem-Black|Earth Power|p2a: Entei
|-supereffective|p2a: Entei
|-damage|p2a: Entei|0 fnt
|faint|p2a: Entei
|
|-heal|p1a: Kyurem-Black|64\/454|[from] item: Leftovers
|
|switch|p2a: Scizor|Scizor, F|19\/281
|-formechange|p2a: Scizor|Scizor-Mega
|-activate|p2a: Scizor|move: Sticky Web
|-unboost|p2a: Scizor|spe|1
|turn|35
|
|move|p2a: Scizor|Bullet Punch|p1a: Kyurem-Black
|-supereffective|p1a: Kyurem-Black
|-damage|p1a: Kyurem-Black|0 fnt
|faint|p1a: Kyurem-Black
|
|
|switch|p1a: Talonflame|Talonflame, F|309\/309
|turn|36
|
|move|p1a: Talonflame|Brave Bird|p2a: Scizor
|-damage|p2a: Scizor|0 fnt
|-damage|p1a: Talonflame|303\/309|[from] recoil|[of] p2a: Scizor
|faint|p2a: Scizor
|
|win|Dragonblood
|raw|Ladder updating...
|raw|Dragonblood's rating: 1558 &rarr; <strong>1580<\/strong><br \/>(+22 for winning)
|raw|DeathWave's rating: 1599 &rarr; <strong>1577<\/strong><br \/>(-22 for losing)
|chat|Dragonblood|gg
|leave|DeathWave
|player|p2