|join|Wruce Bayne
|join|DeathWave
|player|p1|Wruce Bayne|161
|player|p2|DeathWave|30
|gametype|singles
|gen|6
|tier|OU
|rated
|clearpoke
|poke|p1|Slowbro, M, shiny
|poke|p1|Diggersby, M, shiny
|poke|p1|Latios, M
|poke|p1|Ferrothorn, F
|poke|p1|Magnezone, shiny
|poke|p1|Terrakion, shiny
|poke|p2|Chandelure, M
|poke|p2|Dugtrio, M
|poke|p2|Latios, M
|poke|p2|Magnezone
|poke|p2|Lopunny, F
|poke|p2|Mandibuzz, F
|rule|Swagger Clause: Swagger is banned
|rule|Baton Pass Clause: Limit one PokÃ©mon knowing Baton Pass
|rule|Sleep Clause Mod: Limit one foe put to sleep
|rule|Species Clause: Limit one of each PokÃ©mon
|rule|OHKO Clause: OHKO moves are banned
|rule|Moody Clause: Moody is banned
|rule|Evasion Moves Clause: Evasion moves are banned
|rule|Endless Battle Clause: Forcing endless battles is banned
|rule|HP Percentage Mod: HP is shown in percentages
|teampreview
|
|start
|switch|p1a: Diggersby|Diggersby, M, shiny|311\/311
|switch|p2a: Magnezone|Magnezone|281\/281
|turn|1
|
|switch|p2a: Mandibuzz|Mandibuzz, F|424\/424
|move|p1a: Diggersby|Return|p2a: Mandibuzz
|-damage|p2a: Mandibuzz|171\/424
|-damage|p1a: Diggersby|280\/311|[from] item: Life Orb
|
|-heal|p2a: Mandibuzz|197\/424|[from] item: Leftovers
|turn|2
|
|switch|p2a: Chandelure|Chandelure, M|261\/261
|move|p1a: Diggersby|Return|p2a: Chandelure
|-immune|p2a: Chandelure|[msg]
|
|turn|3
|
|switch|p1a: Latios|Latios, M|301\/301
|move|p2a: Chandelure|Energy Ball|p1a: Latios
|-resisted|p1a: Latios
|-damage|p1a: Latios|249\/301
|
|turn|4
|
|switch|p2a: Magnezone|Magnezone|281\/281
|move|p1a: Latios|Draco Meteor|p2a: Magnezone
|-resisted|p2a: Magnezone
|-damage|p2a: Magnezone|113\/281
|-unboost|p1a: Latios|spa|2
|-damage|p1a: Latios|219\/301|[from] item: Life Orb
|
|turn|5
|
|switch|p1a: Ferrothorn|Ferrothorn, F|352\/352
|switch|p2a: Dugtrio|Dugtrio, M|211\/211
|
|turn|6
|
|move|p2a: Dugtrio|Stealth Rock|p1a: Ferrothorn
|-sidestart|p1: Wruce Bayne|move: Stealth Rock
|move|p1a: Ferrothorn|Stealth Rock|p2a: Dugtrio
|-sidestart|p2: DeathWave|move: Stealth Rock
|
|turn|7
|
|switch|p2a: Magnezone|Magnezone|113\/281
|-damage|p2a: Magnezone|96\/281|[from] Stealth Rock
|move|p1a: Ferrothorn|Leech Seed|p2a: Magnezone
|-start|p2a: Magnezone|move: Leech Seed
|
|-damage|p2a: Magnezone|61\/281|[from] Leech Seed|[of] p1a: Ferrothorn
|turn|8
|
|move|p2a: Magnezone|Hidden Power|p1a: Ferrothorn
|-supereffective|p1a: Ferrothorn
|-damage|p1a: Ferrothorn|20\/352
|move|p1a: Ferrothorn|Power Whip|p2a: Magnezone
|-resisted|p2a: Magnezone
|-damage|p2a: Magnezone|7\/281
|
|-heal|p1a: Ferrothorn|42\/352|[from] item: Leftovers
|-damage|p2a: Magnezone|0 fnt|[from] Leech Seed|[of] p1a: Ferrothorn
|-heal|p1a: Ferrothorn|49\/352|[silent]
|faint|p2a: Magnezone
|
|switch|p2a: Mandibuzz|Mandibuzz, F|197\/424
|-damage|p2a: Mandibuzz|91\/424|[from] Stealth Rock
|turn|9
|
|move|p2a: Mandibuzz|Defog|p1a: Ferrothorn
|-unboost|p1a: Ferrothorn|evasion|1
|-sideend|p1: Wruce Bayne|Stealth Rock|[from] move: Defog|[of] p1a: Ferrothorn
|-sideend|p2: DeathWave|Stealth Rock|[from] move: Defog|[of] p2a: Mandibuzz
|move|p1a: Ferrothorn|Leech Seed|p2a: Mandibuzz
|-start|p2a: Mandibuzz|move: Leech Seed
|
|-heal|p2a: Mandibuzz|117\/424|[from] item: Leftovers
|-heal|p1a: Ferrothorn|71\/352|[from] item: Leftovers
|-damage|p2a: Mandibuzz|64\/424|[from] Leech Seed|[of] p1a: Ferrothorn
|-heal|p1a: Ferrothorn|124\/352|[silent]
|turn|10
|
|move|p2a: Mandibuzz|Roost|p2a: Mandibuzz
|-heal|p2a: Mandibuzz|276\/424
|move|p1a: Ferrothorn|Stealth Rock|p2a: Mandibuzz
|-sidestart|p2: DeathWave|move: Stealth Rock
|
|-heal|p2a: Mandibuzz|302\/424|[from] item: Leftovers
|-heal|p1a: Ferrothorn|146\/352|[from] item: Leftovers
|-damage|p2a: Mandibuzz|249\/424|[from] Leech Seed|[of] p1a: Ferrothorn
|-heal|p1a: Ferrothorn|199\/352|[silent]
|turn|11
|
|move|p2a: Mandibuzz|Roost|p2a: Mandibuzz
|-heal|p2a: Mandibuzz|424\/424
|move|p1a: Ferrothorn|Leech Seed|p2a: Mandibuzz
|-fail|p2a: Mandibuzz
|
|-heal|p1a: Ferrothorn|221\/352|[from] item: Leftovers
|-damage|p2a: Mandibuzz|371\/424|[from] Leech Seed|[of] p1a: Ferrothorn
|-heal|p1a: Ferrothorn|274\/352|[silent]
|turn|12
|
|switch|p2a: Chandelure|Chandelure, M|261\/261
|-damage|p2a: Chandelure|196\/261|[from] Stealth Rock
|move|p1a: Ferrothorn|Stealth Rock|p2a: Chandelure
|-fail|p2a: Chandelure
|
|-heal|p1a: Ferrothorn|296\/352|[from] item: Leftovers
|turn|13
|
|move|p2a: Chandelure|Flamethrower|p1a: Ferrothorn
|-supereffective|p1a: Ferrothorn
|-damage|p1a: Ferrothorn|0 fnt
|faint|p1a: Ferrothorn
|
|
|switch|p1a: Terrakion|Terrakion, shiny|323\/323
|turn|14
|
|move|p2a: Chandelure|Flamethrower|p1a: Terrakion
|-resisted|p1a: Terrakion
|-damage|p1a: Terrakion|226\/323
|move|p1a: Terrakion|Close Combat|p2a: Chandelure
|-immune|p2a: Chandelure|[msg]
|
|turn|15
|
|switch|p2a: Latios|Latios, M|301\/301
|-damage|p2a: Latios|264\/301|[from] Stealth Rock
|switch|p1a: Slowbro|Slowbro, M, shiny|394\/394
|
|turn|16
|
|switch|p1a: Terrakion|Terrakion, shiny|226\/323
|move|p2a: Latios|Draco Meteor|p1a: Terrakion
|-crit|p1a: Terrakion
|-damage|p1a: Terrakion|0 fnt
|-unboost|p2a: Latios|spa|2
|-damage|p2a: Latios|234\/301|[from] item: Life Orb
|faint|p1a: Terrakion
|
|
|switch|p1a: Slowbro|Slowbro, M, shiny|394\/394
|turn|17
|
|switch|p2a: Mandibuzz|Mandibuzz, F|371\/424
|-damage|p2a: Mandibuzz|265\/424|[from] Stealth Rock
|move|p1a: Slowbro|Calm Mind|p1a: Slowbro
|-boost|p1a: Slowbro|spa|1
|-boost|p1a: Slowbro|spd|1
|
|-heal|p2a: Mandibuzz|291\/424|[from] item: Leftovers
|turn|18
|
|detailschange|p1a: Slowbro|Slowbro-Mega, M, shiny
|-mega|p1a: Slowbro|Slowbro|Slowbronite
|move|p2a: Mandibuzz|Toxic|p1a: Slowbro
|-status|p1a: Slowbro|tox
|move|p1a: Slowbro|Scald|p2a: Mandibuzz
|-damage|p2a: Mandibuzz|104\/424
|
|-heal|p2a: Mandibuzz|130\/424|[from] item: Leftovers
|-damage|p1a: Slowbro|370\/394 tox|[from] psn
|turn|19
|
|move|p2a: Mandibuzz|Defog|p1a: Slowbro
|-unboost|p1a: Slowbro|evasion|1
|-sideend|p2: DeathWave|Stealth Rock|[from] move: Defog|[of] p2a: Mandibuzz
|move|p1a: Slowbro|Scald|p2a: Mandibuzz
|-damage|p2a: Mandibuzz|0 fnt
|faint|p2a: Mandibuzz
|
|-damage|p1a: Slowbro|322\/394 tox|[from] psn
|
|switch|p2a: Dugtrio|Dugtrio, M|211\/211
|turn|20
|
|move|p2a: Dugtrio|Sucker Punch|p1a: Slowbro
|-supereffective|p1a: Slowbro
|-damage|p1a: Slowbro|252\/394 tox
|move|p1a: Slowbro|Scald|p2a: Dugtrio
|-supereffective|p2a: Dugtrio
|-enditem|p2a: Dugtrio|Focus Sash
|-damage|p2a: Dugtrio|1\/211
|-status|p2a: Dugtrio|brn
|
|-damage|p2a: Dugtrio|0 fnt|[from] brn
|-damage|p1a: Slowbro|180\/394 tox|[from] psn
|faint|p2a: Dugtrio
|
|switch|p2a: Lopunny|Lopunny, F|271\/271
|turn|21
|
|switch|p1a: Diggersby|Diggersby, M, shiny|280\/311
|detailschange|p2a: Lopunny|Lopunny-Mega, F
|-mega|p2a: Lopunny|Lopunny|Lopunnite
|move|p2a: Lopunny|Fake Out|p1a: Diggersby
|-damage|p1a: Diggersby|175\/311
|
|turn|22
|
|move|p1a: Diggersby|Quick Attack|p2a: Lopunny
|-damage|p2a: Lopunny|138\/271
|-damage|p1a: Diggersby|144\/311|[from] item: Life Orb
|move|p2a: Lopunny|Return|p1a: Diggersby
|-damage|p1a: Diggersby|0 fnt
|faint|p1a: Diggersby
|
|
|switch|p1a: Slowbro|Slowbro-Mega, M, shiny|180\/394 tox
|turn|23
|
|switch|p2a: Latios|Latios, M|234\/301
|move|p1a: Slowbro|Slack Off|p1a: Slowbro
|-heal|p1a: Slowbro|377\/394 tox
|
|-damage|p1a: Slowbro|353\/394 tox|[from] psn
|turn|24
|
|switch|p1a: Magnezone|Magnezone, shiny|281\/281
|move|p2a: Latios|Draco Meteor|p1a: Magnezone
|-resisted|p1a: Magnezone
|-damage|p1a: Magnezone|120\/281
|-unboost|p2a: Latios|spa|2
|-damage|p2a: Latios|204\/301|[from] item: Life Orb
|
|turn|25
|
|move|p1a: Magnezone|Thunderbolt|p2a: Latios
|-resisted|p2a: Latios
|-damage|p2a: Latios|118\/301
|move|p2a: Latios|Earthquake|p1a: Magnezone
|-supereffective|p1a: Magnezone
|-damage|p1a: Magnezone|0 fnt
|-damage|p2a: Latios|88\/301|[from] item: Life Orb
|faint|p1a: Magnezone
|
|
|switch|p1a: Slowbro|Slowbro-Mega, M, shiny|353\/394 tox
|turn|26
|
|move|p2a: Latios|Draco Meteor|p1a: Slowbro
|-damage|p1a: Slowbro|180\/394 tox
|-unboost|p2a: Latios|spa|2
|-damage|p2a: Latios|58\/301|[from] item: Life Orb
|move|p1a: Slowbro|Scald|p2a: Latios
|-resisted|p2a: Latios
|-damage|p2a: Latios|0 fnt
|faint|p2a: Latios
|
|-damage|p1a: Slowbro|156\/394 tox|[from] psn
|c|âDeathWave|gg
|
|switch|p2a: Chandelure|Chandelure, M|196\/261
|turn|27
|-message|Wruce Bayne forfeited.
|leave|Wruce Bayne
|
|win|DeathWave
|raw|Ladder updating...
|player|p1
|raw|Wruce Bayne's rating: 1634 &rarr; <strong>1608<\/strong><br \/>(-26 for losing)
|raw|DeathWave's rating: 1532 &rarr; <strong>1558<\/strong><br \/>(+26 for winning)