|join|DeathWave
|join|Attribute
|player|p1|DeathWave|30
|player|p2|Attribute|152
|gametype|singles
|gen|6
|tier|OU
|rated
|clearpoke
|poke|p1|Chandelure, M
|poke|p1|Dugtrio, F
|poke|p1|Latios, M
|poke|p1|Magnezone
|poke|p1|Lopunny, F
|poke|p1|Mandibuzz, F
|poke|p2|Lopunny, F
|poke|p2|Azumarill, F
|poke|p2|Ferrothorn, M, shiny
|poke|p2|Excadrill, F
|poke|p2|Tyranitar, M
|poke|p2|Landorus, M
|rule|Swagger Clause: Swagger is banned
|rule|Baton Pass Clause: Limit one PokÃ©mon knowing Baton Pass
|rule|Sleep Clause Mod: Limit one foe put to sleep
|rule|Species Clause: Limit one of each PokÃ©mon
|rule|OHKO Clause: OHKO moves are banned
|rule|Moody Clause: Moody is banned
|rule|Evasion Moves Clause: Evasion moves are banned
|rule|Endless Battle Clause: Forcing endless battles is banned
|rule|HP Percentage Mod: HP is shown in percentages
|teampreview
|c|âAttribute|hf
|
|start
|switch|p1a: Magnezone|Magnezone|281\/281
|switch|p2a: Lopunny|Lopunny, F|272\/272
|turn|1
|
|switch|p1a: Mandibuzz|Mandibuzz, F|424\/424
|detailschange|p2a: Lopunny|Lopunny-Mega, F
|-mega|p2a: Lopunny|Lopunny|Lopunnite
|move|p2a: Lopunny|Fake Out|p1a: Mandibuzz
|-damage|p1a: Mandibuzz|370\/424
|
|-heal|p1a: Mandibuzz|396\/424|[from] item: Leftovers
|turn|2
|
|switch|p2a: Tyranitar|Tyranitar, M|403\/403
|-weather|Sandstorm
|move|p1a: Mandibuzz|Toxic|p2a: Tyranitar
|-status|p2a: Tyranitar|tox
|
|-weather|Sandstorm|[upkeep]
|-heal|p1a: Mandibuzz|422\/424|[from] item: Leftovers
|-damage|p2a: Tyranitar|378\/403 tox|[from] psn
|turn|3
|
|switch|p1a: Magnezone|Magnezone|281\/281
|move|p2a: Tyranitar|Stealth Rock|p1a: Magnezone
|-sidestart|p1: DeathWave|move: Stealth Rock
|
|-weather|Sandstorm|[upkeep]
|-damage|p2a: Tyranitar|328\/403 tox|[from] psn
|turn|4
|
|switch|p1a: Mandibuzz|Mandibuzz, F|422\/424
|-damage|p1a: Mandibuzz|316\/424|[from] Stealth Rock
|switch|p2a: Excadrill|Excadrill, F|361\/361
|
|-weather|Sandstorm|[upkeep]
|-heal|p1a: Mandibuzz|342\/424|[from] item: Leftovers
|turn|5
|join|Frntier Magnus
|c| Frntier Magnus|:]
|
|move|p2a: Excadrill|Rock Slide|p1a: Mandibuzz
|-supereffective|p1a: Mandibuzz
|-damage|p1a: Mandibuzz|155\/424
|-damage|p2a: Excadrill|325\/361|[from] item: Life Orb
|cant|p1a: Mandibuzz|flinch
|
|-weather|Sandstorm|[upkeep]
|-heal|p1a: Mandibuzz|181\/424|[from] item: Leftovers
|turn|6
|c|âDeathWave|...
|
|move|p2a: Excadrill|Rock Slide|p1a: Mandibuzz
|-supereffective|p1a: Mandibuzz
|-damage|p1a: Mandibuzz|9\/424
|-damage|p2a: Excadrill|289\/361|[from] item: Life Orb
|cant|p1a: Mandibuzz|flinch
|
|-weather|Sandstorm|[upkeep]
|-heal|p1a: Mandibuzz|35\/424|[from] item: Leftovers
|turn|7
|c|âDeathWave|are u kiddin me?
|
|move|p2a: Excadrill|Iron Head|p1a: Mandibuzz
|-damage|p1a: Mandibuzz|0 fnt
|-damage|p2a: Excadrill|253\/361|[from] item: Life Orb
|faint|p1a: Mandibuzz
|
|-weather|Sandstorm|[upkeep]
|c|âDeathWave|fkn hax
|
|switch|p1a: Lopunny|Lopunny, F|271\/271
|-damage|p1a: Lopunny|238\/271|[from] Stealth Rock
|turn|8
|
|detailschange|p1a: Lopunny|Lopunny-Mega, F
|-mega|p1a: Lopunny|Lopunny|Lopunnite
|move|p1a: Lopunny|Fake Out|p2a: Excadrill
|-resisted|p2a: Excadrill
|-damage|p2a: Excadrill|193\/361
|cant|p2a: Excadrill|flinch
|
|-weather|Sandstorm|[upkeep]
|-damage|p1a: Lopunny|222\/271|[from] sandstorm
|turn|9
|
|switch|p1a: Latios|Latios, M|301\/301
|-damage|p1a: Latios|264\/301|[from] Stealth Rock
|move|p2a: Excadrill|Earthquake|p1a: Latios
|-immune|p1a: Latios|[msg]
|
|-weather|none
|turn|10
|
|switch|p2a: Tyranitar|Tyranitar, M|328\/403 tox
|-weather|Sandstorm
|move|p1a: Latios|Earthquake|p2a: Tyranitar
|-supereffective|p2a: Tyranitar
|-damage|p2a: Tyranitar|138\/403 tox
|-damage|p1a: Latios|234\/301|[from] item: Life Orb
|
|-weather|Sandstorm|[upkeep]
|-damage|p1a: Latios|216\/301|[from] sandstorm
|-damage|p2a: Tyranitar|113\/403 tox|[from] psn
|turn|11
|
|move|p1a: Latios|Earthquake|p2a: Tyranitar
|-supereffective|p2a: Tyranitar
|-damage|p2a: Tyranitar|0 fnt
|-damage|p1a: Latios|186\/301|[from] item: Life Orb
|faint|p2a: Tyranitar
|
|-weather|Sandstorm|[upkeep]
|-damage|p1a: Latios|168\/301|[from] sandstorm
|leave|Frntier Magnus
|
|switch|p2a: Excadrill|Excadrill, F|193\/361
|turn|12
|
|switch|p1a: Magnezone|Magnezone|281\/281
|-damage|p1a: Magnezone|264\/281|[from] Stealth Rock
|move|p2a: Excadrill|Iron Head|p1a: Magnezone
|-resisted|p1a: Magnezone
|-damage|p1a: Magnezone|221\/281
|-damage|p2a: Excadrill|157\/361|[from] item: Life Orb
|
|-weather|Sandstorm|[upkeep]
|turn|13
|
|move|p2a: Excadrill|Earthquake|p1a: Magnezone
|-supereffective|p1a: Magnezone
|-damage|p1a: Magnezone|0 fnt
|-damage|p2a: Excadrill|121\/361|[from] item: Life Orb
|faint|p1a: Magnezone
|
|-weather|Sandstorm|[upkeep]
|
|switch|p1a: Lopunny|Lopunny-Mega, F|222\/271
|-damage|p1a: Lopunny|206\/271|[from] Stealth Rock
|turn|14
|
|move|p1a: Lopunny|Fake Out|p2a: Excadrill
|-resisted|p2a: Excadrill
|-damage|p2a: Excadrill|60\/361
|cant|p2a: Excadrill|flinch
|
|-weather|Sandstorm|[upkeep]
|-damage|p1a: Lopunny|190\/271|[from] sandstorm
|turn|15
|
|switch|p1a: Dugtrio|Dugtrio, F|211\/211
|-damage|p1a: Dugtrio|198\/211|[from] Stealth Rock
|move|p2a: Excadrill|Iron Head|p1a: Dugtrio
|-damage|p1a: Dugtrio|0 fnt
|-damage|p2a: Excadrill|24\/361|[from] item: Life Orb
|faint|p1a: Dugtrio
|
|-weather|Sandstorm|[upkeep]
|
|switch|p1a: Lopunny|Lopunny-Mega, F|190\/271
|-damage|p1a: Lopunny|174\/271|[from] Stealth Rock
|turn|16
|
|move|p1a: Lopunny|Fake Out|p2a: Excadrill
|-resisted|p2a: Excadrill
|-damage|p2a: Excadrill|0 fnt
|faint|p2a: Excadrill
|
|-weather|Sandstorm|[upkeep]
|-damage|p1a: Lopunny|158\/271|[from] sandstorm
|
|switch|p2a: Azumarill|Azumarill, F|401\/401
|turn|17
|
|move|p1a: Lopunny|Return|p2a: Azumarill
|-damage|p2a: Azumarill|148\/401
|move|p2a: Azumarill|Play Rough|p1a: Lopunny
|-supereffective|p1a: Lopunny
|-damage|p1a: Lopunny|0 fnt
|faint|p1a: Lopunny
|
|-weather|none
|
|switch|p1a: Latios|Latios, M|168\/301
|-damage|p1a: Latios|131\/301|[from] Stealth Rock
|turn|18
|
|switch|p2a: Ferrothorn|Ferrothorn, M, shiny|352\/352
|move|p1a: Latios|Psyshock|p2a: Ferrothorn
|-crit|p2a: Ferrothorn
|-resisted|p2a: Ferrothorn
|-damage|p2a: Ferrothorn|265\/352
|-damage|p1a: Latios|101\/301|[from] item: Life Orb
|
|-heal|p2a: Ferrothorn|287\/352|[from] item: Leftovers
|turn|19
|
|switch|p1a: Chandelure|Chandelure, M|261\/261
|-damage|p1a: Chandelure|196\/261|[from] Stealth Rock
|move|p2a: Ferrothorn|Leech Seed|p1a: Chandelure
|-start|p1a: Chandelure|move: Leech Seed
|
|-heal|p2a: Ferrothorn|309\/352|[from] item: Leftovers
|-damage|p1a: Chandelure|164\/261|[from] Leech Seed|[of] p2a: Ferrothorn
|-heal|p2a: Ferrothorn|341\/352|[silent]
|turn|20
|
|move|p2a: Ferrothorn|Protect|p2a: Ferrothorn
|-singleturn|p2a: Ferrothorn|Protect
|move|p1a: Chandelure|Flamethrower|p2a: Ferrothorn
|-activate|p2a: Ferrothorn|Protect
|
|-heal|p2a: Ferrothorn|352\/352|[from] item: Leftovers
|-damage|p1a: Chandelure|132\/261|[from] Leech Seed|[of] p2a: Ferrothorn
|turn|21
|
|switch|p2a: Azumarill|Azumarill, F|148\/401
|move|p1a: Chandelure|Flamethrower|p2a: Azumarill
|-resisted|p2a: Azumarill
|-damage|p2a: Azumarill|78\/401
|
|-damage|p1a: Chandelure|100\/261|[from] Leech Seed|[of] p2a: Azumarill
|-heal|p2a: Azumarill|110\/401|[silent]
|turn|22
|c|âDeathWave|only for th fkn hax
|c|âDeathWave|damn
|
|switch|p1a: Latios|Latios, M|101\/301
|-damage|p1a: Latios|64\/301|[from] Stealth Rock
|move|p2a: Azumarill|Play Rough|p1a: Latios
|-supereffective|p1a: Latios
|-damage|p1a: Latios|0 fnt
|faint|p1a: Latios
|
|
|switch|p1a: Chandelure|Chandelure, M|100\/261
|-damage|p1a: Chandelure|35\/261|[from] Stealth Rock
|turn|23
|
|move|p2a: Azumarill|Aqua Jet|p1a: Chandelure
|-supereffective|p1a: Chandelure
|-damage|p1a: Chandelure|0 fnt
|faint|p1a: Chandelure
|
|win|Attribute
|raw|Ladder updating...
|raw|DeathWave's rating: 1599 &rarr; <strong>1570<\/strong><br \/>(-29 for losing)
|raw|Attribute's rating: 1428 &rarr; <strong>1457<\/strong><br \/>(+29 for winning)
|c|âDeathWave|nn0b
|leave|DeathWave
|player|p1
|c|âAttribute|sa1t