|join|Cyda
|join|DeathWave
|player|p1|Cyda|249
|player|p2|DeathWave|30
|gametype|singles
|gen|6
|tier|OU
|rated
|clearpoke
|poke|p1|Tyranitar, M
|poke|p1|Excadrill, M
|poke|p1|Clefable, M
|poke|p1|Mew
|poke|p1|Raikou
|poke|p1|Venusaur, F
|poke|p2|Chandelure, M
|poke|p2|Dugtrio, F
|poke|p2|Latios, M
|poke|p2|Magnezone
|poke|p2|Lopunny, F
|poke|p2|Mandibuzz, F
|rule|Swagger Clause: Swagger is banned
|rule|Baton Pass Clause: Limit one PokÃ©mon knowing Baton Pass
|rule|Sleep Clause Mod: Limit one foe put to sleep
|rule|Species Clause: Limit one of each PokÃ©mon
|rule|OHKO Clause: OHKO moves are banned
|rule|Moody Clause: Moody is banned
|rule|Evasion Moves Clause: Evasion moves are banned
|rule|Endless Battle Clause: Forcing endless battles is banned
|rule|HP Percentage Mod: HP is shown in percentages
|teampreview
|
|start
|switch|p1a: Mew|Mew|404\/404
|switch|p2a: Lopunny|Lopunny, F|271\/271
|turn|1
|
|detailschange|p2a: Lopunny|Lopunny-Mega, F
|-mega|p2a: Lopunny|Lopunny|Lopunnite
|move|p2a: Lopunny|Fake Out|p1a: Mew
|-damage|p1a: Mew|322\/404
|cant|p1a: Mew|flinch
|
|-heal|p1a: Mew|347\/404|[from] item: Leftovers
|turn|2
|
|switch|p2a: Magnezone|Magnezone|281\/281
|move|p1a: Mew|Thunder Wave|p2a: Magnezone
|-fail|p2a: Magnezone
|
|-heal|p1a: Mew|372\/404|[from] item: Leftovers
|turn|3
|
|move|p2a: Magnezone|Flash Cannon|p1a: Mew
|-damage|p1a: Mew|230\/404
|move|p1a: Mew|Will-O-Wisp|p2a: Magnezone
|-status|p2a: Magnezone|brn
|
|-heal|p1a: Mew|255\/404|[from] item: Leftovers
|-damage|p2a: Magnezone|246\/281 brn|[from] brn
|turn|4
|
|move|p2a: Magnezone|Flash Cannon|p1a: Mew
|-damage|p1a: Mew|98\/404
|move|p1a: Mew|U-turn|p2a: Magnezone
|-resisted|p2a: Magnezone
|-damage|p2a: Magnezone|220\/281 brn
|
|switch|p1a: Excadrill|Excadrill, M|361\/361
|
|-damage|p2a: Magnezone|185\/281 brn|[from] brn
|turn|5
|
|switch|p2a: Mandibuzz|Mandibuzz, F|424\/424
|move|p1a: Excadrill|Iron Head|p2a: Mandibuzz
|-damage|p2a: Mandibuzz|268\/424
|-damage|p1a: Excadrill|325\/361|[from] item: Life Orb
|
|-heal|p2a: Mandibuzz|294\/424|[from] item: Leftovers
|turn|6
|
|switch|p1a: Mew|Mew|98\/404
|switch|p2a: Magnezone|Magnezone|185\/281 brn
|
|-heal|p1a: Mew|123\/404|[from] item: Leftovers
|-damage|p2a: Magnezone|150\/281 brn|[from] brn
|turn|7
|
|switch|p1a: Excadrill|Excadrill, M|325\/361
|move|p2a: Magnezone|Flash Cannon|p1a: Excadrill
|-resisted|p1a: Excadrill
|-damage|p1a: Excadrill|164\/361
|
|-damage|p2a: Magnezone|115\/281 brn|[from] brn
|turn|8
|
|move|p1a: Excadrill|Earthquake|p2a: Magnezone
|-supereffective|p2a: Magnezone
|-damage|p2a: Magnezone|0 fnt
|-damage|p1a: Excadrill|128\/361|[from] item: Life Orb
|faint|p2a: Magnezone
|
|
|switch|p2a: Dugtrio|Dugtrio, F|211\/211
|turn|9
|
|move|p2a: Dugtrio|Earthquake|p1a: Excadrill
|-supereffective|p1a: Excadrill
|-damage|p1a: Excadrill|0 fnt
|faint|p1a: Excadrill
|
|
|switch|p1a: Clefable|Clefable, M|394\/394
|turn|10
|
|switch|p2a: Lopunny|Lopunny-Mega, F|271\/271
|move|p1a: Clefable|Calm Mind|p1a: Clefable
|-boost|p1a: Clefable|spa|1
|-boost|p1a: Clefable|spd|1
|
|turn|11
|
|move|p2a: Lopunny|Fake Out|p1a: Clefable
|-damage|p1a: Clefable|324\/394
|cant|p1a: Clefable|flinch
|
|-heal|p1a: Clefable|348\/394|[from] item: Leftovers
|turn|12
|
|move|p2a: Lopunny|Return|p1a: Clefable
|-damage|p1a: Clefable|174\/394
|move|p1a: Clefable|Soft-Boiled|p1a: Clefable
|-heal|p1a: Clefable|371\/394
|
|-heal|p1a: Clefable|394\/394|[from] item: Leftovers
|turn|13
|
|move|p2a: Lopunny|Return|p1a: Clefable
|-damage|p1a: Clefable|213\/394
|move|p1a: Clefable|Calm Mind|p1a: Clefable
|-boost|p1a: Clefable|spa|1
|-boost|p1a: Clefable|spd|1
|
|-heal|p1a: Clefable|237\/394|[from] item: Leftovers
|turn|14
|
|move|p2a: Lopunny|Return|p1a: Clefable
|-damage|p1a: Clefable|50\/394
|move|p1a: Clefable|Soft-Boiled|p1a: Clefable
|-heal|p1a: Clefable|247\/394
|
|-heal|p1a: Clefable|271\/394|[from] item: Leftovers
|turn|15
|
|move|p2a: Lopunny|Return|p1a: Clefable
|-damage|p1a: Clefable|103\/394
|move|p1a: Clefable|Soft-Boiled|p1a: Clefable
|-heal|p1a: Clefable|300\/394
|
|-heal|p1a: Clefable|324\/394|[from] item: Leftovers
|turn|16
|
|move|p2a: Lopunny|Return|p1a: Clefable
|-damage|p1a: Clefable|131\/394
|move|p1a: Clefable|Soft-Boiled|p1a: Clefable
|-heal|p1a: Clefable|328\/394
|
|-heal|p1a: Clefable|352\/394|[from] item: Leftovers
|turn|17
|
|move|p2a: Lopunny|Return|p1a: Clefable
|-damage|p1a: Clefable|177\/394
|move|p1a: Clefable|Moonblast|p2a: Lopunny
|-supereffective|p2a: Lopunny
|-damage|p2a: Lopunny|0 fnt
|faint|p2a: Lopunny
|
|-heal|p1a: Clefable|201\/394|[from] item: Leftovers
|
|switch|p2a: Latios|Latios, M|301\/301
|turn|18
|
|move|p2a: Latios|Psyshock|p1a: Clefable
|-damage|p1a: Clefable|52\/394
|-damage|p2a: Latios|271\/301|[from] item: Life Orb
|move|p1a: Clefable|Soft-Boiled|p1a: Clefable
|-heal|p1a: Clefable|249\/394
|
|-heal|p1a: Clefable|273\/394|[from] item: Leftovers
|turn|19
|
|move|p2a: Latios|Psyshock|p1a: Clefable
|-damage|p1a: Clefable|120\/394
|-damage|p2a: Latios|241\/301|[from] item: Life Orb
|move|p1a: Clefable|Soft-Boiled|p1a: Clefable
|-heal|p1a: Clefable|317\/394
|
|-heal|p1a: Clefable|341\/394|[from] item: Leftovers
|turn|20
|
|move|p2a: Latios|Psyshock|p1a: Clefable
|-damage|p1a: Clefable|172\/394
|-damage|p2a: Latios|211\/301|[from] item: Life Orb
|move|p1a: Clefable|Moonblast|p2a: Latios
|-crit|p2a: Latios
|-supereffective|p2a: Latios
|-damage|p2a: Latios|0 fnt
|faint|p2a: Latios
|
|-heal|p1a: Clefable|196\/394|[from] item: Leftovers
|
|switch|p2a: Chandelure|Chandelure, M|261\/261
|turn|21
|
|move|p2a: Chandelure|Flamethrower|p1a: Clefable
|-damage|p1a: Clefable|108\/394
|-status|p1a: Clefable|brn
|move|p1a: Clefable|Soft-Boiled|p1a: Clefable
|-heal|p1a: Clefable|305\/394 brn
|
|-heal|p1a: Clefable|329\/394 brn|[from] item: Leftovers
|turn|22
|
|move|p2a: Chandelure|Flamethrower|p1a: Clefable
|-crit|p1a: Clefable
|-damage|p1a: Clefable|19\/394 brn
|move|p1a: Clefable|Moonblast|p2a: Chandelure
|-resisted|p2a: Chandelure
|-damage|p2a: Chandelure|144\/261
|
|-heal|p1a: Clefable|43\/394 brn|[from] item: Leftovers
|turn|23
|
|move|p2a: Chandelure|Flamethrower|p1a: Clefable
|-damage|p1a: Clefable|0 fnt
|faint|p1a: Clefable
|
|
|switch|p1a: Venusaur|Venusaur, F|339\/339
|turn|24
|
|switch|p2a: Mandibuzz|Mandibuzz, F|294\/424
|detailschange|p1a: Venusaur|Venusaur-Mega, F
|-mega|p1a: Venusaur|Venusaur|Venusaurite
|move|p1a: Venusaur|Sludge Bomb|p2a: Mandibuzz
|-damage|p2a: Mandibuzz|108\/424
|-status|p2a: Mandibuzz|psn
|
|-heal|p2a: Mandibuzz|134\/424 psn|[from] item: Leftovers
|-damage|p2a: Mandibuzz|81\/424 psn|[from] psn
|turn|25
|
|move|p1a: Venusaur|Sludge Bomb|p2a: Mandibuzz
|-damage|p2a: Mandibuzz|0 fnt
|faint|p2a: Mandibuzz
|
|
|switch|p2a: Chandelure|Chandelure, M|144\/261
|turn|26
|
|move|p2a: Chandelure|Flamethrower|p1a: Venusaur
|-supereffective|p1a: Venusaur
|-damage|p1a: Venusaur|175\/339
|move|p1a: Venusaur|Sludge Bomb|p2a: Chandelure
|-resisted|p2a: Chandelure
|-damage|p2a: Chandelure|56\/261
|
|turn|27
|
|move|p2a: Chandelure|Flamethrower|p1a: Venusaur
|-supereffective|p1a: Venusaur
|-damage|p1a: Venusaur|35\/339
|move|p1a: Venusaur|Giga Drain|p2a: Chandelure
|-resisted|p2a: Chandelure
|-damage|p2a: Chandelure|0 fnt
|-heal|p1a: Venusaur|63\/339|[from] drain|[of] p2a: Chandelure
|faint|p2a: Chandelure
|
|
|switch|p2a: Dugtrio|Dugtrio, F|211\/211
|turn|28
|
|move|p2a: Dugtrio|Earthquake|p1a: Venusaur
|-damage|p1a: Venusaur|0 fnt
|faint|p1a: Venusaur
|
|
|switch|p1a: Raikou|Raikou|321\/321
|-ability|p1a: Raikou|Pressure
|turn|29
|
|move|p2a: Dugtrio|Earthquake|p1a: Raikou
|-supereffective|p1a: Raikou
|-damage|p1a: Raikou|0 fnt
|faint|p1a: Raikou
|
|
|switch|p1a: Mew|Mew|123\/404
|turn|30
|
|move|p2a: Dugtrio|Earthquake|p1a: Mew
|-damage|p1a: Mew|0 fnt
|faint|p1a: Mew
|
|
|switch|p1a: Tyranitar|Tyranitar, M|399\/399
|-weather|Sandstorm
|turn|31
|
|move|p2a: Dugtrio|Earthquake|p1a: Tyranitar
|-supereffective|p1a: Tyranitar
|-damage|p1a: Tyranitar|219\/399
|move|p1a: Tyranitar|Earthquake|p2a: Dugtrio
|-damage|p2a: Dugtrio|25\/211
|
|-weather|Sandstorm|[upkeep]
|turn|32
|
|move|p2a: Dugtrio|Reversal|p1a: Tyranitar
|-supereffective|p1a: Tyranitar
|-damage|p1a: Tyranitar|0 fnt
|faint|p1a: Tyranitar
|
|win|DeathWave
|raw|Ladder updating...
|raw|Cyda's rating: 1457 &rarr; <strong>1442<\/strong><br \/>(-15 for losing)
|raw|DeathWave's rating: 1534 &rarr; <strong>1549<\/strong><br \/>(+15 for winning)