|join|DeathWave
|join|blackwing zero
|player|p1|DeathWave|30
|player|p2|blackwing zero|266
|gametype|singles
|gen|6
|tier|OU
|rated
|clearpoke
|poke|p1|Chandelure, F
|poke|p1|Dugtrio, M
|poke|p1|Latios, M
|poke|p1|Magnezone
|poke|p1|Lopunny, M
|poke|p1|Mandibuzz, F
|poke|p2|Salamence, M
|poke|p2|Serperior, F
|poke|p2|Bisharp, F
|poke|p2|Skarmory, M
|poke|p2|Thundurus, M
|poke|p2|Gyarados, M
|rule|Swagger Clause: Swagger is banned
|rule|Baton Pass Clause: Limit one PokÃ©mon knowing Baton Pass
|rule|Sleep Clause Mod: Limit one foe put to sleep
|rule|Species Clause: Limit one of each PokÃ©mon
|rule|OHKO Clause: OHKO moves are banned
|rule|Moody Clause: Moody is banned
|rule|Evasion Moves Clause: Evasion moves are banned
|rule|Endless Battle Clause: Forcing endless battles is banned
|rule|HP Percentage Mod: HP is shown in percentages
|teampreview
|
|start
|switch|p1a: Magnezone|Magnezone|281\/281
|switch|p2a: Skarmory|Skarmory, M|271\/271
|turn|1
|
|move|p2a: Skarmory|Stealth Rock|p1a: Magnezone
|-sidestart|p1: DeathWave|move: Stealth Rock
|move|p1a: Magnezone|Discharge|p2a: Skarmory
|-supereffective|p2a: Skarmory
|-activate|p2a: Skarmory|Sturdy
|-damage|p2a: Skarmory|1\/271
|
|turn|2
|
|move|p2a: Skarmory|Spikes|p1a: Magnezone
|-sidestart|p1: DeathWave|Spikes
|move|p1a: Magnezone|Discharge|p2a: Skarmory
|-supereffective|p2a: Skarmory
|-damage|p2a: Skarmory|0 fnt
|faint|p2a: Skarmory
|
|
|switch|p2a: Thundurus|Thundurus, M|299\/299
|turn|3
|
|move|p2a: Thundurus|Thunderbolt|p1a: Magnezone
|-resisted|p1a: Magnezone
|-damage|p1a: Magnezone|169\/281
|-damage|p2a: Thundurus|270\/299|[from] item: Life Orb
|move|p1a: Magnezone|Discharge|p2a: Thundurus
|-damage|p2a: Thundurus|0 fnt
|faint|p2a: Thundurus
|
|
|switch|p2a: Serperior|Serperior, F|291\/291
|turn|4
|
|move|p2a: Serperior|Hidden Power|p1a: Magnezone
|-supereffective|p1a: Magnezone
|-damage|p1a: Magnezone|18\/281
|-damage|p2a: Serperior|262\/291|[from] item: Life Orb
|move|p1a: Magnezone|Discharge|p2a: Serperior
|-resisted|p2a: Serperior
|-damage|p2a: Serperior|155\/291
|-status|p2a: Serperior|par
|
|turn|5
|
|move|p1a: Magnezone|Discharge|p2a: Serperior
|-crit|p2a: Serperior
|-resisted|p2a: Serperior
|-damage|p2a: Serperior|0 fnt
|faint|p2a: Serperior
|
|
|switch|p2a: Salamence|Salamence, M|331\/331
|turn|6
|
|switch|p1a: Mandibuzz|Mandibuzz, F|424\/424
|-damage|p1a: Mandibuzz|318\/424|[from] Stealth Rock
|move|p2a: Salamence|Outrage|p1a: Mandibuzz
|-damage|p1a: Mandibuzz|161\/424
|
|-heal|p1a: Mandibuzz|187\/424|[from] item: Leftovers
|turn|7
|
|move|p2a: Salamence|Outrage|p1a: Mandibuzz
|-damage|p1a: Mandibuzz|45\/424
|move|p1a: Mandibuzz|Roost|p1a: Mandibuzz
|-heal|p1a: Mandibuzz|257\/424
|
|-end|p2a: Salamence|rampage
|-start|p2a: Salamence|confusion
|-heal|p1a: Mandibuzz|283\/424|[from] item: Leftovers
|turn|8
|
|switch|p2a: Bisharp|Bisharp, F|271\/271
|move|p1a: Mandibuzz|Defog|p2a: Bisharp
|-unboost|p2a: Bisharp|evasion|1
|-boost|p2a: Bisharp|atk|2|[from] ability: Defiant
|-sideend|p1: DeathWave|Spikes|[from] move: Defog|[of] p1a: Mandibuzz
|-sideend|p1: DeathWave|Stealth Rock|[from] move: Defog|[of] p1a: Mandibuzz
|
|-heal|p1a: Mandibuzz|309\/424|[from] item: Leftovers
|turn|9
|
|switch|p1a: Magnezone|Magnezone|18\/281
|move|p2a: Bisharp|Knock Off|p1a: Magnezone
|-damage|p1a: Magnezone|0 fnt
|-enditem|p1a: Magnezone|Choice Specs|[from] move: Knock Off|[of] p2a: Bisharp
|faint|p1a: Magnezone
|
|
|switch|p1a: Dugtrio|Dugtrio, M|211\/211
|turn|10
|
|move|p1a: Dugtrio|Earthquake|p2a: Bisharp
|-supereffective|p2a: Bisharp
|-damage|p2a: Bisharp|31\/271
|move|p2a: Bisharp|Knock Off|p1a: Dugtrio
|-enditem|p1a: Dugtrio|Focus Sash
|-damage|p1a: Dugtrio|1\/211
|
|turn|11
|
|move|p2a: Bisharp|Sucker Punch|p1a: Dugtrio
|-fail|p1a: Dugtrio
|move|p1a: Dugtrio|Stealth Rock|p2a: Bisharp
|-sidestart|p2: blackwing zero|move: Stealth Rock
|
|turn|12
|
|move|p1a: Dugtrio|Sucker Punch|p2a: Bisharp
|-resisted|p2a: Bisharp
|-damage|p2a: Bisharp|0 fnt
|faint|p2a: Bisharp
|
|
|switch|p2a: Gyarados|Gyarados, M|331\/331
|-damage|p2a: Gyarados|249\/331|[from] Stealth Rock
|-ability|p2a: Gyarados|Intimidate|[of] p1a: Dugtrio
|-unboost|p1a: Dugtrio|atk|1
|turn|13
|
|move|p1a: Dugtrio|Reversal|p2a: Gyarados
|-resisted|p2a: Gyarados
|-damage|p2a: Gyarados|180\/331
|move|p2a: Gyarados|Dragon Dance|p2a: Gyarados
|-boost|p2a: Gyarados|atk|1
|-boost|p2a: Gyarados|spe|1
|
|turn|14
|
|move|p2a: Gyarados|Dragon Dance|p2a: Gyarados
|-boost|p2a: Gyarados|atk|1
|-boost|p2a: Gyarados|spe|1
|move|p1a: Dugtrio|Reversal|p2a: Gyarados
|-resisted|p2a: Gyarados
|-damage|p2a: Gyarados|109\/331
|
|turn|15
|
|detailschange|p2a: Gyarados|Gyarados-Mega, M
|-mega|p2a: Gyarados|Gyarados|Gyaradosite
|-ability|p2a: Gyarados|Mold Breaker
|move|p2a: Gyarados|Waterfall|p1a: Dugtrio
|-supereffective|p1a: Dugtrio
|-damage|p1a: Dugtrio|0 fnt
|faint|p1a: Dugtrio
|
|
|switch|p1a: Lopunny|Lopunny, M|271\/271
|turn|16
|
|detailschange|p1a: Lopunny|Lopunny-Mega, M
|-mega|p1a: Lopunny|Lopunny|Lopunnite
|move|p1a: Lopunny|Fake Out|p2a: Gyarados
|-damage|p2a: Gyarados|34\/331
|cant|p2a: Gyarados|flinch
|
|turn|17
|
|switch|p1a: Chandelure|Chandelure, F|261\/261
|move|p2a: Gyarados|Waterfall|p1a: Chandelure
|-supereffective|p1a: Chandelure
|-damage|p1a: Chandelure|0 fnt
|faint|p1a: Chandelure
|
|
|switch|p1a: Lopunny|Lopunny-Mega, M|271\/271
|turn|18
|
|move|p1a: Lopunny|Fake Out|p2a: Gyarados
|-damage|p2a: Gyarados|0 fnt
|faint|p2a: Gyarados
|
|
|switch|p2a: Salamence|Salamence, M|331\/331
|-damage|p2a: Salamence|249\/331|[from] Stealth Rock
|turn|19
|
|move|p2a: Salamence|Outrage|p1a: Lopunny
|-damage|p1a: Lopunny|45\/271
|move|p1a: Lopunny|Ice Punch|p2a: Salamence
|-supereffective|p2a: Salamence
|-damage|p2a: Salamence|0 fnt
|faint|p2a: Salamence
|
|win|DeathWave
|raw|Ladder updating...
|raw|DeathWave's rating: 1601 &rarr; <strong>1623<\/strong><br \/>(+22 for winning)
|raw|blackwing zero's rating: 1630 &rarr; <strong>1608<\/strong><br \/>(-22 for losing)
|leave|blackwing zero
|player|p2