|join|sweet symphony
|join|Vizer
|player|p1|sweet symphony|114
|player|p2|Vizer|130
|gametype|singles
|gen|6
|tier|OU
|rated
|clearpoke
|poke|p1|Keldeo
|poke|p1|Pinsir, M, shiny
|poke|p1|Heatran, F
|poke|p1|Mandibuzz, F
|poke|p1|Tyranitar, F
|poke|p1|Reuniclus, M
|poke|p2|Talonflame, F
|poke|p2|Landorus-Therian, M
|poke|p2|Mawile, F
|poke|p2|Mamoswine, M
|poke|p2|Latios, M
|poke|p2|Keldeo-Resolute
|rule|Swagger Clause: Swagger is banned
|rule|Baton Pass Clause: Limit one PokÃ©mon knowing Baton Pass
|rule|Sleep Clause Mod: Limit one foe put to sleep
|rule|Species Clause: Limit one of each PokÃ©mon
|rule|OHKO Clause: OHKO moves are banned
|rule|Moody Clause: Moody is banned
|rule|Evasion Moves Clause: Evasion moves are banned
|rule|Endless Battle Clause: Forcing endless battles is banned
|rule|HP Percentage Mod: HP is reported as percentages
|teampreview
|
|start
|switch|p1a: Keldeo|Keldeo|341\/341
|switch|p2a: Latios|Latios, M|301\/301
|turn|1
|
|switch|p2a: Keldeo-Resolute|Keldeo-Resolute|323\/323
|switch|p1a: Tyranitar|Tyranitar, F|403\/403
|-weather|Sandstorm
|
|-weather|Sandstorm|[upkeep]
|-damage|p2a: Keldeo-Resolute|303\/323|[from] sandstorm
|-heal|p2a: Keldeo-Resolute|323\/323|[from] item: Leftovers
|turn|2
|
|switch|p1a: Keldeo|Keldeo|341\/341
|move|p2a: Keldeo-Resolute|Secret Sword|p1a: Keldeo
|-crit|p1a: Keldeo
|-damage|p1a: Keldeo|86\/341
|
|-weather|Sandstorm|[upkeep]
|-damage|p2a: Keldeo-Resolute|303\/323|[from] sandstorm
|-damage|p1a: Keldeo|65\/341|[from] sandstorm
|-heal|p1a: Keldeo|86\/341|[from] item: Leftovers
|-heal|p2a: Keldeo-Resolute|323\/323|[from] item: Leftovers
|turn|3
|
|switch|p1a: Reuniclus|Reuniclus, M|424\/424
|move|p2a: Keldeo-Resolute|Secret Sword|p1a: Reuniclus
|-resisted|p1a: Reuniclus
|-damage|p1a: Reuniclus|362\/424
|
|-weather|Sandstorm|[upkeep]
|-damage|p2a: Keldeo-Resolute|303\/323|[from] sandstorm
|-heal|p2a: Keldeo-Resolute|323\/323|[from] item: Leftovers
|-heal|p1a: Reuniclus|388\/424|[from] item: Leftovers
|turn|4
|
|switch|p2a: Mawile|Mawile, F|274\/274
|-ability|p2a: Mawile|Intimidate|[of] p1a: Reuniclus
|-unboost|p1a: Reuniclus|atk|1
|move|p1a: Reuniclus|Psyshock|p2a: Mawile
|-resisted|p2a: Mawile
|-damage|p2a: Mawile|214\/274
|
|-weather|Sandstorm|[upkeep]
|-heal|p1a: Reuniclus|414\/424|[from] item: Leftovers
|turn|5
|
|switch|p1a: Heatran|Heatran, F|323\/323
|detailschange|p2a: Mawile|Mawile-Mega, F
|message|Mawile has Mega Evolved into Mega Mawile!
|move|p2a: Mawile|Play Rough|p1a: Heatran
|-resisted|p1a: Heatran
|-damage|p1a: Heatran|249\/323
|
|-weather|none
|turn|6
|
|switch|p2a: Latios|Latios, M|301\/301
|move|p1a: Heatran|Fire Blast|p2a: Latios
|-resisted|p2a: Latios
|-damage|p2a: Latios|215\/301
|
|turn|7
|
|switch|p1a: Tyranitar|Tyranitar, F|403\/403
|-weather|Sandstorm
|move|p2a: Latios|Earthquake|p1a: Tyranitar
|-supereffective|p1a: Tyranitar
|-damage|p1a: Tyranitar|252\/403
|-damage|p2a: Latios|185\/301|[from] item: Life Orb
|
|-weather|Sandstorm|[upkeep]
|-damage|p2a: Latios|167\/301|[from] sandstorm
|-heal|p1a: Tyranitar|277\/403|[from] item: Leftovers
|turn|8
|
|move|p2a: Latios|Earthquake|p1a: Tyranitar
|-supereffective|p1a: Tyranitar
|-damage|p1a: Tyranitar|124\/403
|-damage|p2a: Latios|137\/301|[from] item: Life Orb
|move|p1a: Tyranitar|Stealth Rock|p2a: Latios
|-sidestart|p2: Vizer|move: Stealth Rock
|
|-weather|Sandstorm|[upkeep]
|-damage|p2a: Latios|119\/301|[from] sandstorm
|-heal|p1a: Tyranitar|149\/403|[from] item: Leftovers
|turn|9
|
|move|p2a: Latios|Earthquake|p1a: Tyranitar
|-supereffective|p1a: Tyranitar
|-damage|p1a: Tyranitar|6\/403
|-damage|p2a: Latios|89\/301|[from] item: Life Orb
|move|p1a: Tyranitar|Stone Edge|p2a: Latios
|-damage|p2a: Latios|0 fnt
|faint|p2a: Latios
|
|-weather|Sandstorm|[upkeep]
|-heal|p1a: Tyranitar|31\/403|[from] item: Leftovers
|
|switch|p2a: Landorus-Therian|Landorus-Therian, M|382\/382
|-damage|p2a: Landorus-Therian|335\/382|[from] Stealth Rock
|-ability|p2a: Landorus-Therian|Intimidate|[of] p1a: Tyranitar
|-unboost|p1a: Tyranitar|atk|1
|turn|10
|
|move|p2a: Landorus-Therian|Stealth Rock|p1a: Tyranitar
|-sidestart|p1: sweet symphony|move: Stealth Rock
|move|p1a: Tyranitar|Fire Blast|p2a: Landorus-Therian
|-damage|p2a: Landorus-Therian|231\/382
|
|-weather|Sandstorm|[upkeep]
|-heal|p2a: Landorus-Therian|254\/382|[from] item: Leftovers
|-heal|p1a: Tyranitar|56\/403|[from] item: Leftovers
|turn|11
|
|move|p2a: Landorus-Therian|U-turn|p1a: Tyranitar
|-supereffective|p1a: Tyranitar
|-damage|p1a: Tyranitar|0 fnt
|faint|p1a: Tyranitar
|
|switch|p2a: Keldeo-Resolute|Keldeo-Resolute|323\/323
|-damage|p2a: Keldeo-Resolute|303\/323|[from] Stealth Rock
|
|-weather|none
|-heal|p2a: Keldeo-Resolute|323\/323|[from] item: Leftovers
|
|switch|p1a: Reuniclus|Reuniclus, M|414\/424
|turn|12
|
|move|p2a: Keldeo-Resolute|Scald|p1a: Reuniclus
|-damage|p1a: Reuniclus|249\/424
|move|p1a: Reuniclus|Calm Mind|p1a: Reuniclus
|-boost|p1a: Reuniclus|spa|1
|-boost|p1a: Reuniclus|spd|1
|
|-heal|p1a: Reuniclus|275\/424|[from] item: Leftovers
|turn|13
|
|switch|p2a: Mawile|Mawile-Mega, F|214\/274
|-damage|p2a: Mawile|197\/274|[from] Stealth Rock
|move|p1a: Reuniclus|Focus Blast|p2a: Mawile|[miss]
|-miss|p1a: Reuniclus|p2a: Mawile
|
|-heal|p1a: Reuniclus|301\/424|[from] item: Leftovers
|turn|14
|
|move|p2a: Mawile|Sucker Punch|p1a: Reuniclus
|-fail|p1a: Reuniclus
|move|p1a: Reuniclus|Recover|p1a: Reuniclus
|-heal|p1a: Reuniclus|424\/424
|
|turn|15
|
|move|p2a: Mawile|Play Rough|p1a: Reuniclus
|-damage|p1a: Reuniclus|178\/424
|move|p1a: Reuniclus|Focus Blast|p2a: Mawile
|-damage|p2a: Mawile|22\/274
|
|-heal|p1a: Reuniclus|204\/424|[from] item: Leftovers
|turn|16
|
|switch|p1a: Heatran|Heatran, F|249\/323
|-damage|p1a: Heatran|209\/323|[from] Stealth Rock
|move|p2a: Mawile|Play Rough|p1a: Heatran
|-resisted|p1a: Heatran
|-damage|p1a: Heatran|134\/323
|
|turn|17
|
|switch|p1a: Mandibuzz|Mandibuzz, F|423\/423
|-damage|p1a: Mandibuzz|318\/423|[from] Stealth Rock
|switch|p2a: Keldeo-Resolute|Keldeo-Resolute|323\/323
|-damage|p2a: Keldeo-Resolute|303\/323|[from] Stealth Rock
|
|-heal|p2a: Keldeo-Resolute|323\/323|[from] item: Leftovers
|turn|18
|chat|sweet symphony|ugh
|
|move|p2a: Keldeo-Resolute|Calm Mind|p2a: Keldeo-Resolute
|-boost|p2a: Keldeo-Resolute|spa|1
|-boost|p2a: Keldeo-Resolute|spd|1
|move|p1a: Mandibuzz|Foul Play|p2a: Keldeo-Resolute
|-resisted|p2a: Keldeo-Resolute
|-damage|p2a: Keldeo-Resolute|279\/323
|-boost|p2a: Keldeo-Resolute|atk|1|[from] ability: Justified
|
|-heal|p2a: Keldeo-Resolute|299\/323|[from] item: Leftovers
|turn|19
|
|move|p2a: Keldeo-Resolute|Scald|p1a: Mandibuzz
|-damage|p1a: Mandibuzz|122\/423
|move|p1a: Mandibuzz|Taunt|p2a: Keldeo-Resolute
|-start|p2a: Keldeo-Resolute|move: Taunt
|
|-heal|p2a: Keldeo-Resolute|319\/323|[from] item: Leftovers
|turn|20
|
|move|p2a: Keldeo-Resolute|Scald|p1a: Mandibuzz
|-damage|p1a: Mandibuzz|0 fnt
|faint|p1a: Mandibuzz
|
|-heal|p2a: Keldeo-Resolute|323\/323|[from] item: Leftovers
|
|switch|p1a: Keldeo|Keldeo|86\/341
|-damage|p1a: Keldeo|65\/341|[from] Stealth Rock
|turn|21
|
|move|p1a: Keldeo|Secret Sword|p2a: Keldeo-Resolute
|-damage|p2a: Keldeo-Resolute|176\/323
|move|p2a: Keldeo-Resolute|Secret Sword|p1a: Keldeo
|-damage|p1a: Keldeo|0 fnt
|faint|p1a: Keldeo
|
|-heal|p2a: Keldeo-Resolute|196\/323|[from] item: Leftovers
|
|switch|p1a: ASLKJGNASLJFAJS|Pinsir, M, shiny|272\/272
|-damage|p1a: ASLKJGNASLJFAJS|204\/272|[from] Stealth Rock
|turn|22
|
|switch|p2a: Landorus-Therian|Landorus-Therian, M|254\/382
|-damage|p2a: Landorus-Therian|207\/382|[from] Stealth Rock
|-ability|p2a: Landorus-Therian|Intimidate|[of] p1a: ASLKJGNASLJFAJS
|-unboost|p1a: ASLKJGNASLJFAJS|atk|1
|detailschange|p1a: ASLKJGNASLJFAJS|Pinsir-Mega, M, shiny
|message|Pinsir has Mega Evolved into Mega Pinsir!
|move|p1a: ASLKJGNASLJFAJS|Quick Attack|p2a: Landorus-Therian
|-damage|p2a: Landorus-Therian|150\/382
|
|-heal|p2a: Landorus-Therian|173\/382|[from] item: Leftovers
|turn|23
|
|move|p1a: ASLKJGNASLJFAJS|Swords Dance|p1a: ASLKJGNASLJFAJS
|-boost|p1a: ASLKJGNASLJFAJS|atk|2
|move|p2a: Landorus-Therian|Stone Edge|p1a: ASLKJGNASLJFAJS
|-supereffective|p1a: ASLKJGNASLJFAJS
|-damage|p1a: ASLKJGNASLJFAJS|0 fnt
|faint|p1a: ASLKJGNASLJFAJS
|
|-heal|p2a: Landorus-Therian|196\/382|[from] item: Leftovers
|
|switch|p1a: Reuniclus|Reuniclus, M|204\/424
|turn|24
|
|move|p2a: Landorus-Therian|U-turn|p1a: Reuniclus
|-supereffective|p1a: Reuniclus
|-damage|p1a: Reuniclus|82\/424
|
|switch|p2a: Talonflame|Talonflame, F|319\/319
|-damage|p2a: Talonflame|160\/319|[from] Stealth Rock
|move|p1a: Reuniclus|Recover|p1a: Reuniclus
|-heal|p1a: Reuniclus|294\/424
|
|-heal|p1a: Reuniclus|320\/424|[from] item: Leftovers
|turn|25
|
|move|p2a: Talonflame|Swords Dance|p2a: Talonflame
|-boost|p2a: Talonflame|atk|2
|move|p1a: Reuniclus|Psyshock|p2a: Talonflame
|-damage|p2a: Talonflame|18\/319
|
|-heal|p1a: Reuniclus|346\/424|[from] item: Leftovers
|turn|26
|
|switch|p1a: Heatran|Heatran, F|134\/323
|-damage|p1a: Heatran|94\/323|[from] Stealth Rock
|move|p2a: Talonflame|Roost|p2a: Talonflame
|-heal|p2a: Talonflame|178\/319
|
|turn|27
|
|move|p2a: Talonflame|Brave Bird|p1a: Heatran
|-resisted|p1a: Heatran
|-damage|p1a: Heatran|0 fnt
|-damage|p2a: Talonflame|147\/319|[from] recoil|[of] p1a: Heatran
|faint|p1a: Heatran
|
|
|switch|p1a: Reuniclus|Reuniclus, M|346\/424
|turn|28
|
|move|p2a: Talonflame|Brave Bird|p1a: Reuniclus
|-crit|p1a: Reuniclus
|-damage|p1a: Reuniclus|0 fnt
|-damage|p2a: Talonflame|33\/319|[from] recoil|[of] p1a: Reuniclus
|faint|p1a: Reuniclus
|
|win|Vizer
|raw|Ladder updating...
|raw|sweet symphony's rating: 1744 &rarr; <strong>1721<\/strong><br \/>(-23 for losing)
|raw|Vizer's rating: 1692 &rarr; <strong>1715<\/strong><br \/>(+23 for winning)
|leave|sweet symphony
|player|p1