|join|Kai690
|join|Sweet Symphony
|player|p1|Kai690|2
|player|p2|Sweet Symphony|290
|gametype|singles
|gen|6
|tier|OU
|rated
|clearpoke
|poke|p1|Thundurus, M
|poke|p1|Scizor, M
|poke|p1|Crawdaunt, M
|poke|p1|Conkeldurr, F
|poke|p1|Landorus-Therian, M
|poke|p1|Greninja, F
|poke|p2|Kyurem-Black
|poke|p2|Tyranitar, F
|poke|p2|Zapdos
|poke|p2|Volcarona, M
|poke|p2|Banette, M, shiny
|poke|p2|Haxorus, M
|rule|Swagger Clause: Swagger is banned
|rule|Baton Pass Clause: Limit one PokÃ©mon knowing Baton Pass
|rule|Sleep Clause Mod: Limit one foe put to sleep
|rule|Species Clause: Limit one of each PokÃ©mon
|rule|OHKO Clause: OHKO moves are banned
|rule|Moody Clause: Moody is banned
|rule|Evasion Moves Clause: Evasion moves are banned
|rule|Endless Battle Clause: Forcing endless battles is banned
|rule|HP Percentage Mod: HP is shown in percentages
|teampreview
|
|start
|switch|p1a: Conkeldurr|Conkeldurr, F|351\/351
|switch|p2a: Zapdos|Zapdos|384\/384
|-ability|p2a: Zapdos|Pressure
|turn|1
|
|move|p2a: Zapdos|Discharge|p1a: Conkeldurr
|-damage|p1a: Conkeldurr|269\/351
|move|p1a: Conkeldurr|Ice Punch|p2a: Zapdos
|-supereffective|p2a: Zapdos
|-damage|p2a: Zapdos|204\/384
|
|-heal|p2a: Zapdos|228\/384|[from] item: Leftovers
|turn|2
|
|move|p2a: Zapdos|Roost|p2a: Zapdos
|-heal|p2a: Zapdos|384\/384
|move|p1a: Conkeldurr|Ice Punch|p2a: Zapdos
|-damage|p2a: Zapdos|303\/384
|
|-heal|p2a: Zapdos|327\/384|[from] item: Leftovers
|turn|3
|
|move|p2a: Zapdos|Discharge|p1a: Conkeldurr
|-crit|p1a: Conkeldurr
|-damage|p1a: Conkeldurr|157\/351
|-status|p1a: Conkeldurr|par
|cant|p1a: Conkeldurr|par
|
|-heal|p2a: Zapdos|351\/384|[from] item: Leftovers
|turn|4
|
|move|p2a: Zapdos|Discharge|p1a: Conkeldurr
|-damage|p1a: Conkeldurr|70\/351 par
|move|p1a: Conkeldurr|Ice Punch|p2a: Zapdos
|-supereffective|p2a: Zapdos
|-damage|p2a: Zapdos|103\/384
|
|-heal|p2a: Zapdos|127\/384|[from] item: Leftovers
|turn|5
|
|move|p2a: Zapdos|Discharge|p1a: Conkeldurr
|-damage|p1a: Conkeldurr|0 fnt
|faint|p1a: Conkeldurr
|
|-heal|p2a: Zapdos|151\/384|[from] item: Leftovers
|
|switch|p1a: Greninja|Greninja, F|286\/286
|turn|6
|
|switch|p2a: Tyranitar|Tyranitar, F|404\/404
|-weather|Sandstorm
|move|p1a: Greninja|Ice Beam|p2a: Tyranitar
|-start|p1a: Greninja|typechange|Ice|[from] Protean
|-damage|p2a: Tyranitar|313\/404
|
|-weather|Sandstorm|[upkeep]
|-damage|p1a: Greninja|269\/286|[from] sandstorm
|turn|7
|
|move|p1a: Greninja|Hydro Pump|p2a: Tyranitar|[miss]
|-start|p1a: Greninja|typechange|Water|[from] Protean
|-miss|p1a: Greninja|p2a: Tyranitar
|move|p2a: Tyranitar|Crunch|p1a: Greninja
|-damage|p1a: Greninja|0 fnt
|faint|p1a: Greninja
|
|-weather|Sandstorm|[upkeep]
|c|âSweet Symphony|:u
|
|switch|p1a: Landorus-Therian|Landorus-Therian, M|374\/374
|-ability|p1a: Landorus-Therian|Intimidate|[of] p2a: Tyranitar
|-unboost|p2a: Tyranitar|atk|1
|turn|8
|
|switch|p2a: Zapdos|Zapdos|151\/384
|-ability|p2a: Zapdos|Pressure
|move|p1a: Landorus-Therian|Stealth Rock|p2a: Zapdos
|-sidestart|p2: Sweet Symphony|move: Stealth Rock
|
|-weather|Sandstorm|[upkeep]
|-damage|p2a: Zapdos|127\/384|[from] sandstorm
|-heal|p2a: Zapdos|151\/384|[from] item: Leftovers
|turn|9
|
|move|p1a: Landorus-Therian|Stone Edge|p2a: Zapdos
|-supereffective|p2a: Zapdos
|-damage|p2a: Zapdos|0 fnt
|faint|p2a: Zapdos
|
|-weather|Sandstorm|[upkeep]
|
|switch|p2a: Kyurem-Black|Kyurem-Black|391\/391
|-damage|p2a: Kyurem-Black|294\/391|[from] Stealth Rock
|-ability|p2a: Kyurem-Black|Teravolt
|turn|10
|
|move|p2a: Kyurem-Black|Substitute|p2a: Kyurem-Black
|-start|p2a: Kyurem-Black|Substitute
|-damage|p2a: Kyurem-Black|197\/391
|move|p1a: Landorus-Therian|Stone Edge|p2a: Kyurem-Black
|-supereffective|p2a: Kyurem-Black
|-end|p2a: Kyurem-Black|Substitute
|
|-weather|none
|-heal|p2a: Kyurem-Black|221\/391|[from] item: Leftovers
|turn|11
|
|switch|p1a: Scizor|Scizor, M|343\/343
|move|p2a: Kyurem-Black|Ice Beam|p1a: Scizor
|-resisted|p1a: Scizor
|-damage|p1a: Scizor|256\/343
|
|-heal|p2a: Kyurem-Black|245\/391|[from] item: Leftovers
|turn|12
|
|detailschange|p1a: Scizor|Scizor-Mega, M
|message|Scizor has Mega Evolved into Mega Scizor!
|move|p2a: Kyurem-Black|Earth Power|p1a: Scizor
|-damage|p1a: Scizor|165\/343
|move|p1a: Scizor|Knock Off|p2a: Kyurem-Black
|-damage|p2a: Kyurem-Black|127\/391
|-enditem|p2a: Kyurem-Black|Leftovers|[from] move: Knock Off|[of] p1a: Scizor
|
|turn|13
|
|switch|p2a: Volcarona|Volcarona, M|372\/372
|-damage|p2a: Volcarona|186\/372|[from] Stealth Rock
|move|p1a: Scizor|Roost|p1a: Scizor
|-heal|p1a: Scizor|337\/343
|
|-heal|p2a: Volcarona|209\/372|[from] item: Leftovers
|turn|14
|
|switch|p1a: Crawdaunt|Crawdaunt, M|268\/268
|move|p2a: Volcarona|Fiery Dance|p1a: Crawdaunt
|-resisted|p1a: Crawdaunt
|-damage|p1a: Crawdaunt|160\/268
|-boost|p2a: Volcarona|spa|1
|
|-heal|p2a: Volcarona|232\/372|[from] item: Leftovers
|turn|15
|
|switch|p2a: Haxorus|Haxorus, M|293\/293
|-damage|p2a: Haxorus|257\/293|[from] Stealth Rock
|-ability|p2a: Haxorus|Mold Breaker
|move|p1a: Crawdaunt|Aqua Jet|p2a: Haxorus
|-resisted|p2a: Haxorus
|-damage|p2a: Haxorus|201\/293
|
|turn|16
|
|move|p2a: Haxorus|Dragon Dance|p2a: Haxorus
|-boost|p2a: Haxorus|atk|1
|-boost|p2a: Haxorus|spe|1
|move|p1a: Crawdaunt|Knock Off|p2a: Haxorus
|-damage|p2a: Haxorus|0 fnt
|-enditem|p2a: Haxorus|Focus Sash|[from] move: Knock Off|[of] p1a: Crawdaunt
|faint|p2a: Haxorus
|
|
|switch|p2a: Kyurem-Black|Kyurem-Black|127\/391
|-damage|p2a: Kyurem-Black|30\/391|[from] Stealth Rock
|-ability|p2a: Kyurem-Black|Teravolt
|turn|17
|
|move|p1a: Crawdaunt|Aqua Jet|p2a: Kyurem-Black
|-resisted|p2a: Kyurem-Black
|-damage|p2a: Kyurem-Black|0 fnt
|faint|p2a: Kyurem-Black
|
|
|switch|p2a: Banette|Banette, M, shiny|332\/332
|-damage|p2a: Banette|291\/332|[from] Stealth Rock
|turn|18
|
|detailschange|p2a: Banette|Banette-Mega, M, shiny
|message|Banette has Mega Evolved into Mega Banette!
|move|p1a: Crawdaunt|Knock Off|p2a: Banette
|-crit|p2a: Banette
|-supereffective|p2a: Banette
|-damage|p2a: Banette|0 fnt
|faint|p2a: Banette
|
|
|switch|p2a: Tyranitar|Tyranitar, F|313\/404
|-damage|p2a: Tyranitar|263\/404|[from] Stealth Rock
|-weather|Sandstorm
|turn|19
|
|move|p1a: Crawdaunt|Crabhammer|p2a: Tyranitar
|-supereffective|p2a: Tyranitar
|-damage|p2a: Tyranitar|0 fnt
|faint|p2a: Tyranitar
|
|-weather|Sandstorm|[upkeep]
|-damage|p1a: Crawdaunt|144\/268|[from] sandstorm
|-message|Sweet Symphony forfeited.
|
|win|Kai690
|raw|Ladder updating...
|leave|Sweet Symphony
|raw|Kai690's rating: 1731 &rarr; <strong>1747<\/strong><br \/>(+16 for winning)
|raw|Sweet Symphony's rating: 1657 &rarr; <strong>1641<\/strong><br \/>(-16 for losing)