|join|Sweet Symphony
|join|hamburgersauce
|player|p1|Sweet Symphony|114
|player|p2|hamburgersauce|269
|gametype|singles
|gen|6
|tier|OU
|rated
|clearpoke
|poke|p1|Keldeo
|poke|p1|Pinsir, M, shiny
|poke|p1|Heatran, M
|poke|p1|Mandibuzz, F
|poke|p1|Tyranitar, M
|poke|p1|Reuniclus, M
|poke|p2|Excadrill, M
|poke|p2|Greninja, F
|poke|p2|Charizard, M
|poke|p2|Gyarados, F
|poke|p2|Landorus, M
|poke|p2|Dragonite, F
|rule|Swagger Clause: Swagger is banned
|rule|Baton Pass Clause: Limit one PokÃ©mon knowing Baton Pass
|rule|Sleep Clause Mod: Limit one foe put to sleep
|rule|Species Clause: Limit one of each PokÃ©mon
|rule|OHKO Clause: OHKO moves are banned
|rule|Moody Clause: Moody is banned
|rule|Evasion Moves Clause: Evasion moves are banned
|rule|Endless Battle Clause: Forcing endless battles is banned
|rule|HP Percentage Mod: HP is reported as percentages
|teampreview
|
|start
|switch|p1a: Keldeo|Keldeo|341\/341
|switch|p2a: Greninja|Greninja, F|286\/286
|turn|1
|
|switch|p1a: Tyranitar|Tyranitar, M|403\/403
|-weather|Sandstorm
|move|p2a: Greninja|Extrasensory|p1a: Tyranitar
|-start|p2a: Greninja|typechange|Psychic|[from] Protean
|-immune|p1a: Tyranitar|[msg]
|
|-weather|Sandstorm|[upkeep]
|-damage|p2a: Greninja|269\/286|[from] sandstorm
|turn|2
|
|move|p2a: Greninja|Hydro Pump|p1a: Tyranitar
|-start|p2a: Greninja|typechange|Water|[from] Protean
|-supereffective|p1a: Tyranitar
|-damage|p1a: Tyranitar|208\/403
|-damage|p2a: Greninja|241\/286|[from] item: Life Orb
|move|p1a: Tyranitar|Stealth Rock|p2a: Greninja
|-sidestart|p2: hamburgersauce|move: Stealth Rock
|
|-weather|Sandstorm|[upkeep]
|-damage|p2a: Greninja|224\/286|[from] sandstorm
|-heal|p1a: Tyranitar|233\/403|[from] item: Leftovers
|turn|3
|
|switch|p2a: Excadrill|Excadrill, M|392\/392
|-damage|p2a: Excadrill|380\/392|[from] Stealth Rock
|-ability|p2a: Excadrill|Mold Breaker
|move|p1a: Tyranitar|Stone Edge|p2a: Excadrill
|-resisted|p2a: Excadrill
|-damage|p2a: Excadrill|321\/392
|
|-weather|Sandstorm|[upkeep]
|-heal|p1a: Tyranitar|258\/403|[from] item: Leftovers
|turn|4
|
|switch|p1a: Mandibuzz|Mandibuzz, F|423\/423
|move|p2a: Excadrill|Earthquake|p1a: Mandibuzz
|-immune|p1a: Mandibuzz|[msg]
|
|-weather|Sandstorm|[upkeep]
|turn|5
|
|move|p2a: Excadrill|Rapid Spin|p1a: Mandibuzz
|-damage|p1a: Mandibuzz|405\/423
|-damage|p2a: Excadrill|256\/392|[from] item: Rocky Helmet|[of] p1a: Mandibuzz
|-sideend|p2: hamburgersauce|Stealth Rock|[from] move: Rapid Spin|[of] p2a: Excadrill
|move|p1a: Mandibuzz|Foul Play|p2a: Excadrill
|-damage|p2a: Excadrill|0 fnt
|faint|p2a: Excadrill
|
|-weather|none
|
|switch|p2a: Greninja|Greninja, F|224\/286
|turn|6
|
|switch|p1a: Heatran|Heatran, M|323\/323
|move|p2a: Greninja|Ice Beam|p1a: Heatran
|-start|p2a: Greninja|typechange|Ice|[from] Protean
|-resisted|p1a: Heatran
|-damage|p1a: Heatran|278\/323
|-damage|p2a: Greninja|196\/286|[from] item: Life Orb
|
|turn|7
|
|move|p1a: Heatran|Flash Cannon|p2a: Greninja
|-supereffective|p2a: Greninja
|-damage|p2a: Greninja|0 fnt
|faint|p2a: Greninja
|
|
|switch|p2a: Charizard|Charizard, M|359\/359
|turn|8
|
|switch|p1a: Tyranitar|Tyranitar, M|258\/403
|-weather|Sandstorm
|detailschange|p2a: Charizard|Charizard-Mega-X, M
|message|Charizard has Mega Evolved into Mega Charizard!
|move|p2a: Charizard|Flare Blitz|p1a: Tyranitar
|-resisted|p1a: Tyranitar
|-damage|p1a: Tyranitar|150\/403
|-damage|p2a: Charizard|323\/359|[from] recoil|[of] p1a: Tyranitar
|
|-weather|Sandstorm|[upkeep]
|-damage|p2a: Charizard|301\/359|[from] sandstorm
|-heal|p1a: Tyranitar|175\/403|[from] item: Leftovers
|turn|9
|
|switch|p1a: Mandibuzz|Mandibuzz, F|405\/423
|move|p2a: Charizard|Will-O-Wisp|p1a: Mandibuzz
|-status|p1a: Mandibuzz|brn
|
|-weather|Sandstorm|[upkeep]
|-damage|p2a: Charizard|279\/359|[from] sandstorm
|-damage|p1a: Mandibuzz|353\/423 brn|[from] brn
|turn|10
|
|move|p2a: Charizard|Flare Blitz|p1a: Mandibuzz
|-damage|p1a: Mandibuzz|172\/423 brn
|-damage|p2a: Charizard|220\/359|[from] item: Rocky Helmet|[of] p1a: Mandibuzz
|-damage|p2a: Charizard|160\/359|[from] recoil|[of] p1a: Mandibuzz
|move|p1a: Mandibuzz|Foul Play|p2a: Charizard
|-damage|p2a: Charizard|94\/359
|
|-weather|Sandstorm|[upkeep]
|-damage|p2a: Charizard|72\/359|[from] sandstorm
|-damage|p1a: Mandibuzz|120\/423 brn|[from] brn
|turn|11
|
|switch|p1a: Keldeo|Keldeo|341\/341
|move|p2a: Charizard|Roost|p2a: Charizard
|-heal|p2a: Charizard|252\/359
|
|-weather|Sandstorm|[upkeep]
|-damage|p1a: Keldeo|320\/341|[from] sandstorm
|-damage|p2a: Charizard|230\/359|[from] sandstorm
|-heal|p1a: Keldeo|341\/341|[from] item: Leftovers
|turn|12
|
|switch|p2a: Gyarados|Gyarados, F|393\/393
|-ability|p2a: Gyarados|Intimidate|[of] p1a: Keldeo
|-unboost|p1a: Keldeo|atk|1
|move|p1a: Keldeo|Scald|p2a: Gyarados
|-resisted|p2a: Gyarados
|-damage|p2a: Gyarados|322\/393
|
|-weather|none
|-heal|p2a: Gyarados|346\/393|[from] item: Leftovers
|turn|13
|
|move|p1a: Keldeo|Scald|p2a: Gyarados
|-resisted|p2a: Gyarados
|-damage|p2a: Gyarados|275\/393
|move|p2a: Gyarados|Waterfall|p1a: Keldeo
|-resisted|p1a: Keldeo
|-damage|p1a: Keldeo|277\/341
|
|-heal|p1a: Keldeo|298\/341|[from] item: Leftovers
|-heal|p2a: Gyarados|299\/393|[from] item: Leftovers
|turn|14
|
|move|p1a: Keldeo|Scald|p2a: Gyarados
|-resisted|p2a: Gyarados
|-damage|p2a: Gyarados|236\/393
|move|p2a: Gyarados|Waterfall|p1a: Keldeo
|-resisted|p1a: Keldeo
|-damage|p1a: Keldeo|232\/341
|
|-heal|p1a: Keldeo|253\/341|[from] item: Leftovers
|-heal|p2a: Gyarados|260\/393|[from] item: Leftovers
|turn|15
|
|switch|p1a: Mandibuzz|Mandibuzz, F|120\/423 brn
|move|p2a: Gyarados|Waterfall|p1a: Mandibuzz
|-damage|p1a: Mandibuzz|32\/423 brn
|-damage|p2a: Gyarados|195\/393|[from] item: Rocky Helmet|[of] p1a: Mandibuzz
|
|-heal|p2a: Gyarados|219\/393|[from] item: Leftovers
|-damage|p1a: Mandibuzz|0 fnt|[from] brn
|faint|p1a: Mandibuzz
|
|switch|p1a: ASLKJGNASLJFAJS|Pinsir, M, shiny|272\/272
|turn|16
|
|detailschange|p1a: ASLKJGNASLJFAJS|Pinsir-Mega, M, shiny
|message|Pinsir has Mega Evolved into Mega Pinsir!
|move|p1a: ASLKJGNASLJFAJS|Frustration|p2a: Gyarados
|-damage|p2a: Gyarados|0 fnt
|faint|p2a: Gyarados
|
|
|switch|p2a: Charizard|Charizard-Mega-X, M|230\/359
|turn|17
|
|switch|p1a: Heatran|Heatran, M|278\/323
|switch|p2a: Landorus|Landorus, M|319\/319
|
|turn|18
|
|move|p1a: Heatran|Hidden Power|p2a: Landorus
|-supereffective|p2a: Landorus
|-damage|p2a: Landorus|0 fnt
|faint|p2a: Landorus
|
|
|switch|p2a: Dragonite|Dragonite, F|324\/324
|turn|19
|
|switch|p1a: Tyranitar|Tyranitar, M|175\/403
|-weather|Sandstorm
|move|p2a: Dragonite|Earthquake|p1a: Tyranitar
|-supereffective|p1a: Tyranitar
|-damage|p1a: Tyranitar|0 fnt
|faint|p1a: Tyranitar
|
|-weather|Sandstorm|[upkeep]
|-damage|p2a: Dragonite|304\/324|[from] sandstorm
|
|switch|p1a: ASLKJGNASLJFAJS|Pinsir-Mega, M, shiny|272\/272
|turn|20
|
|move|p1a: ASLKJGNASLJFAJS|Frustration|p2a: Dragonite
|-damage|p2a: Dragonite|24\/324
|move|p2a: Dragonite|Dragon Claw|p1a: ASLKJGNASLJFAJS
|-damage|p1a: ASLKJGNASLJFAJS|125\/272
|
|-weather|Sandstorm|[upkeep]
|-damage|p1a: ASLKJGNASLJFAJS|108\/272|[from] sandstorm
|-damage|p2a: Dragonite|4\/324|[from] sandstorm
|turn|21
|
|switch|p1a: Heatran|Heatran, M|278\/323
|move|p2a: Dragonite|Extreme Speed|p1a: Heatran
|-resisted|p1a: Heatran
|-damage|p1a: Heatran|225\/323
|
|-weather|Sandstorm|[upkeep]
|-damage|p2a: Dragonite|0 fnt|[from] sandstorm
|faint|p2a: Dragonite
|
|switch|p2a: Charizard|Charizard-Mega-X, M|230\/359
|turn|22
|
|move|p1a: Heatran|Earth Power|p2a: Charizard
|-supereffective|p2a: Charizard
|-damage|p2a: Charizard|28\/359
|move|p2a: Charizard|Roost|p2a: Charizard
|-heal|p2a: Charizard|208\/359
|
|-weather|Sandstorm|[upkeep]
|-damage|p2a: Charizard|186\/359|[from] sandstorm
|turn|23
|chat|Sweet Symphony|gg
|chat|Sweet Symphony|:]
|-message|hamburgersauce forfeited.
|
|win|Sweet Symphony
|raw|Ladder updating...
|leave|hamburgersauce
|player|p2
|raw|Sweet Symphony's rating: 1727 &rarr; <strong>1742<\/strong><br \/>(+15 for winning)
|raw|hamburgersauce's rating: 1635 &rarr; <strong>1621<\/strong><br \/>(-14 for losing)