|join|Sweet Symphony
|join|inFAMOUS Skylar
|player|p1|Sweet Symphony|290
|player|p2|inFAMOUS Skylar|290
|gametype|singles
|gen|6
|tier|OU
|rated
|clearpoke
|poke|p1|Kyurem-Black
|poke|p1|Tyranitar, F
|poke|p1|Zapdos
|poke|p1|Volcarona, M
|poke|p1|Gardevoir, F
|poke|p1|Starmie
|poke|p2|Gyarados, M, shiny
|poke|p2|Thundurus, M
|poke|p2|Breloom, M
|poke|p2|Landorus, M
|poke|p2|Tyranitar, F
|poke|p2|Gengar, F
|rule|Swagger Clause: Swagger is banned
|rule|Baton Pass Clause: Limit one PokÃ©mon knowing Baton Pass
|rule|Sleep Clause Mod: Limit one foe put to sleep
|rule|Species Clause: Limit one of each PokÃ©mon
|rule|OHKO Clause: OHKO moves are banned
|rule|Moody Clause: Moody is banned
|rule|Evasion Moves Clause: Evasion moves are banned
|rule|Endless Battle Clause: Forcing endless battles is banned
|rule|HP Percentage Mod: HP is shown in percentages
|teampreview
|
|start
|switch|p1a: Kyurem-Black|Kyurem-Black|391\/391
|switch|p2a: Breloom|Breloom, M|261\/261
|-ability|p1a: Kyurem-Black|Teravolt
|turn|1
|
|move|p1a: Kyurem-Black|Substitute|p1a: Kyurem-Black
|-start|p1a: Kyurem-Black|Substitute
|-damage|p1a: Kyurem-Black|294\/391
|move|p2a: Breloom|Rock Tomb|p1a: Kyurem-Black
|-supereffective|p1a: Kyurem-Black
|-end|p1a: Kyurem-Black|Substitute
|
|-heal|p1a: Kyurem-Black|318\/391|[from] item: Leftovers
|turn|2
|
|move|p1a: Kyurem-Black|Ice Beam|p2a: Breloom
|-supereffective|p2a: Breloom
|-enditem|p2a: Breloom|Focus Sash
|-damage|p2a: Breloom|1\/261
|move|p2a: Breloom|Rock Tomb|p1a: Kyurem-Black
|-supereffective|p1a: Kyurem-Black
|-damage|p1a: Kyurem-Black|106\/391
|-unboost|p1a: Kyurem-Black|spe|1
|
|-heal|p1a: Kyurem-Black|130\/391|[from] item: Leftovers
|turn|3
|
|switch|p1a: Zapdos|Zapdos|322\/322
|-ability|p1a: Zapdos|Pressure
|move|p2a: Breloom|Rock Tomb|p1a: Zapdos
|-supereffective|p1a: Zapdos
|-damage|p1a: Zapdos|94\/322
|-unboost|p1a: Zapdos|spe|1
|
|-heal|p1a: Zapdos|114\/322|[from] item: Leftovers
|turn|4
|c|âSweet Symphony|._.
|
|switch|p1a: Tyranitar|Tyranitar, F|404\/404
|-weather|Sandstorm
|move|p2a: Breloom|Rock Tomb|p1a: Tyranitar
|-damage|p1a: Tyranitar|300\/404
|-unboost|p1a: Tyranitar|spe|1
|
|-weather|Sandstorm|[upkeep]
|-damage|p2a: Breloom|0 fnt|[from] sandstorm
|faint|p2a: Breloom
|
|switch|p2a: Gyarados|Gyarados, M, shiny|331\/331
|-ability|p2a: Gyarados|Intimidate|[of] p1a: Tyranitar
|-unboost|p1a: Tyranitar|atk|1
|turn|5
|
|detailschange|p2a: Gyarados|Gyarados-Mega, M, shiny
|message|Gyarados has Mega Evolved into Mega Gyarados!
|-ability|p2a: Gyarados|Mold Breaker
|move|p2a: Gyarados|Dragon Dance|p2a: Gyarados
|-boost|p2a: Gyarados|atk|1
|-boost|p2a: Gyarados|spe|1
|move|p1a: Tyranitar|Stone Edge|p2a: Gyarados
|-crit|p2a: Gyarados
|-damage|p2a: Gyarados|0 fnt
|faint|p2a: Gyarados
|
|-weather|Sandstorm|[upkeep]
|c|âSweet Symphony|jajajajaja
|
|switch|p2a: Landorus|Landorus, M|319\/319
|turn|6
|
|switch|p1a: Zapdos|Zapdos|114\/322
|-ability|p1a: Zapdos|Pressure
|move|p2a: Landorus|Earth Power|p1a: Zapdos
|-immune|p1a: Zapdos|[msg]
|
|-weather|Sandstorm|[upkeep]
|-damage|p1a: Zapdos|94\/322|[from] sandstorm
|-heal|p1a: Zapdos|114\/322|[from] item: Leftovers
|turn|7
|
|move|p2a: Landorus|Stealth Rock|p1a: Zapdos
|-sidestart|p1: Sweet Symphony|move: Stealth Rock
|move|p1a: Zapdos|Hidden Power|p2a: Landorus
|-supereffective|p2a: Landorus
|-damage|p2a: Landorus|51\/319
|
|-weather|Sandstorm|[upkeep]
|-damage|p1a: Zapdos|94\/322|[from] sandstorm
|-heal|p1a: Zapdos|114\/322|[from] item: Leftovers
|turn|8
|
|move|p2a: Landorus|Psychic|p1a: Zapdos
|-damage|p1a: Zapdos|0 fnt
|faint|p1a: Zapdos
|
|-weather|none
|
|switch|p1a: Starmie|Starmie|261\/261
|-damage|p1a: Starmie|229\/261|[from] Stealth Rock
|turn|9
|
|move|p1a: Starmie|Rapid Spin|p2a: Landorus
|-damage|p2a: Landorus|36\/319
|-sideend|p1: Sweet Symphony|Stealth Rock|[from] move: Rapid Spin|[of] p1a: Starmie
|move|p2a: Landorus|Earth Power|p1a: Starmie
|-damage|p1a: Starmie|0 fnt
|faint|p1a: Starmie
|
|
|switch|p1a: Volcarona|Volcarona, M|372\/372
|turn|10
|
|move|p2a: Landorus|Earth Power|p1a: Volcarona
|-damage|p1a: Volcarona|113\/372
|move|p1a: Volcarona|Quiver Dance|p1a: Volcarona
|-boost|p1a: Volcarona|spa|1
|-boost|p1a: Volcarona|spd|1
|-boost|p1a: Volcarona|spe|1
|
|-heal|p1a: Volcarona|136\/372|[from] item: Leftovers
|turn|11
|
|switch|p2a: Tyranitar|Tyranitar, F|341\/341
|-weather|Sandstorm
|move|p1a: Volcarona|Fiery Dance|p2a: Tyranitar
|-resisted|p2a: Tyranitar
|-damage|p2a: Tyranitar|275\/341
|-boost|p1a: Volcarona|spa|1
|
|-weather|Sandstorm|[upkeep]
|-damage|p1a: Volcarona|113\/372|[from] sandstorm
|-heal|p1a: Volcarona|136\/372|[from] item: Leftovers
|turn|12
|
|move|p2a: Tyranitar|Earthquake|p1a: Volcarona
|-damage|p1a: Volcarona|18\/372
|move|p1a: Volcarona|Hidden Power|p2a: Tyranitar
|-supereffective|p2a: Tyranitar
|-damage|p2a: Tyranitar|121\/341
|
|-weather|Sandstorm|[upkeep]
|-damage|p1a: Volcarona|0 fnt|[from] sandstorm
|faint|p1a: Volcarona
|
|switch|p1a: Kyurem-Black|Kyurem-Black|130\/391
|-ability|p1a: Kyurem-Black|Teravolt
|turn|13
|
|move|p2a: Tyranitar|Earthquake|p1a: Kyurem-Black
|-damage|p1a: Kyurem-Black|8\/391
|move|p1a: Kyurem-Black|Fusion Bolt|p2a: Tyranitar
|-damage|p2a: Tyranitar|0 fnt
|faint|p2a: Tyranitar
|
|-weather|Sandstorm|[upkeep]
|-damage|p1a: Kyurem-Black|0 fnt|[from] sandstorm
|faint|p1a: Kyurem-Black
|
|switch|p2a: Landorus|Landorus, M|36\/319
|switch|p1a: Gardevoir|Gardevoir, F|278\/278
|-ability|p1a: Gardevoir|Sheer Force|[from] ability: Trace|[of] p2a: Landorus
|turn|14
|
|detailschange|p1a: Gardevoir|Gardevoir-Mega, F
|message|Gardevoir has Mega Evolved into Mega Gardevoir!
|move|p2a: Landorus|Earth Power|p1a: Gardevoir
|-damage|p1a: Gardevoir|101\/278
|move|p1a: Gardevoir|Hyper Beam|p2a: Landorus
|-damage|p2a: Landorus|0 fnt
|faint|p2a: Landorus
|
|-weather|Sandstorm|[upkeep]
|-damage|p1a: Gardevoir|84\/278|[from] sandstorm
|c|âSweet Symphony|kkkkk
|c|âSweet Symphony|XD
|
|switch|p2a: Gengar|Gengar, F|268\/268
|turn|15
|c|âSweet Symphony|lol
|
|move|p2a: Gengar|Substitute|p2a: Gengar
|-start|p2a: Gengar|Substitute
|-damage|p2a: Gengar|201\/268
|cant|p1a: Gardevoir|recharge
|
|-weather|none
|-heal|p2a: Gengar|217\/268|[from] item: Black Sludge
|turn|16
|
|switch|p1a: Tyranitar|Tyranitar, F|300\/404
|-weather|Sandstorm
|move|p2a: Gengar|Shadow Ball|p1a: Tyranitar
|-resisted|p1a: Tyranitar
|-damage|p1a: Tyranitar|255\/404
|
|-weather|Sandstorm|[upkeep]
|-damage|p2a: Gengar|201\/268|[from] sandstorm
|-heal|p2a: Gengar|217\/268|[from] item: Black Sludge
|turn|17
|
|move|p2a: Gengar|Will-O-Wisp|p1a: Tyranitar
|-status|p1a: Tyranitar|brn
|move|p1a: Tyranitar|Crunch|p2a: Gengar
|-supereffective|p2a: Gengar
|-end|p2a: Gengar|Substitute
|
|-weather|Sandstorm|[upkeep]
|-damage|p2a: Gengar|201\/268|[from] sandstorm
|-heal|p2a: Gengar|217\/268|[from] item: Black Sludge
|-damage|p1a: Tyranitar|205\/404 brn|[from] brn
|turn|18
|
|move|p2a: Gengar|Substitute|p2a: Gengar
|-start|p2a: Gengar|Substitute
|-damage|p2a: Gengar|150\/268
|move|p1a: Tyranitar|Crunch|p2a: Gengar
|-supereffective|p2a: Gengar
|-end|p2a: Gengar|Substitute
|
|-weather|Sandstorm|[upkeep]
|-damage|p2a: Gengar|134\/268|[from] sandstorm
|-heal|p2a: Gengar|150\/268|[from] item: Black Sludge
|-damage|p1a: Tyranitar|155\/404 brn|[from] brn
|turn|19
|
|move|p2a: Gengar|Substitute|p2a: Gengar
|-start|p2a: Gengar|Substitute
|-damage|p2a: Gengar|83\/268
|move|p1a: Tyranitar|Crunch|p2a: Gengar
|-supereffective|p2a: Gengar
|-end|p2a: Gengar|Substitute
|
|-weather|Sandstorm|[upkeep]
|-damage|p2a: Gengar|67\/268|[from] sandstorm
|-heal|p2a: Gengar|83\/268|[from] item: Black Sludge
|-damage|p1a: Tyranitar|105\/404 brn|[from] brn
|turn|20
|
|move|p2a: Gengar|Substitute|p2a: Gengar
|-start|p2a: Gengar|Substitute
|-damage|p2a: Gengar|16\/268
|move|p1a: Tyranitar|Crunch|p2a: Gengar
|-supereffective|p2a: Gengar
|-end|p2a: Gengar|Substitute
|
|-weather|none
|-heal|p2a: Gengar|32\/268|[from] item: Black Sludge
|-damage|p1a: Tyranitar|55\/404 brn|[from] brn
|turn|21
|
|move|p2a: Gengar|Sludge Wave|p1a: Tyranitar
|-resisted|p1a: Tyranitar
|-damage|p1a: Tyranitar|0 fnt
|faint|p1a: Tyranitar
|
|-heal|p2a: Gengar|48\/268|[from] item: Black Sludge
|c|âinFAMOUS Skylar|gg
|
|switch|p1a: Gardevoir|Gardevoir-Mega, F|84\/278
|turn|22
|
|move|p2a: Gengar|Sludge Wave|p1a: Gardevoir
|-supereffective|p1a: Gardevoir
|-damage|p1a: Gardevoir|0 fnt
|faint|p1a: Gardevoir
|
|win|inFAMOUS Skylar
|raw|Ladder updating...
|raw|Sweet Symphony's rating: 1645 &rarr; <strong>1627<\/strong><br \/>(-18 for losing)
|raw|inFAMOUS Skylar's rating: 1675 &rarr; <strong>1693<\/strong><br \/>(+18 for winning)