|join|jpw234
|join|Sweet Symphony
|player|p1|jpw234|176
|player|p2|Sweet Symphony|146
|gametype|singles
|gen|6
|tier|OU
|rated
|clearpoke
|poke|p1|Aggron, F
|poke|p1|Clefable, F
|poke|p1|Latias, F
|poke|p1|Quagsire, F
|poke|p1|Sableye, F
|poke|p1|Heatran, F
|poke|p2|Azumarill, F
|poke|p2|Thundurus, M
|poke|p2|Diggersby, F
|poke|p2|Azelf
|poke|p2|Heracross, F
|poke|p2|Gyarados, M
|rule|Swagger Clause: Swagger is banned
|rule|Baton Pass Clause: Limit one PokÃ©mon knowing Baton Pass
|rule|Sleep Clause Mod: Limit one foe put to sleep
|rule|Species Clause: Limit one of each PokÃ©mon
|rule|OHKO Clause: OHKO moves are banned
|rule|Moody Clause: Moody is banned
|rule|Evasion Moves Clause: Evasion moves are banned
|rule|Endless Battle Clause: Forcing endless battles is banned
|rule|HP Percentage Mod: HP is shown in percentages
|teampreview
|
|start
|switch|p1a: Aggron|Aggron, F|344\/344
|switch|p2a: Heracross|Heracross, F|302\/302
|turn|1
|
|switch|p2a: Azelf|Azelf|291\/291
|detailschange|p1a: Aggron|Aggron-Mega, F
|message|Aggron has Mega Evolved into Mega Aggron!
|move|p1a: Aggron|Heavy Slam|p2a: Azelf
|-damage|p2a: Azelf|35\/291
|
|turn|2
|
|move|p2a: Azelf|Stealth Rock|p1a: Aggron
|-sidestart|p1: jpw234|move: Stealth Rock
|move|p1a: Aggron|Heavy Slam|p2a: Azelf
|-damage|p2a: Azelf|0 fnt
|faint|p2a: Azelf
|
|
|switch|p2a: Diggersby|Diggersby, F|312\/312
|turn|3
|join|TyranitarTheEnd
|
|move|p2a: Diggersby|Earthquake|p1a: Aggron
|-supereffective|p1a: Aggron
|-damage|p1a: Aggron|196\/344
|move|p1a: Aggron|Heavy Slam|p2a: Diggersby
|-damage|p2a: Diggersby|72\/312
|
|turn|4
|
|move|p2a: Diggersby|Earthquake|p1a: Aggron
|-supereffective|p1a: Aggron
|-damage|p1a: Aggron|55\/344
|move|p1a: Aggron|Rest|p1a: Aggron
|-status|p1a: Aggron|slp
|-heal|p1a: Aggron|344\/344 slp|[silent]
|-status|p1a: Aggron|slp|[from] move: Rest
|
|turn|5
|
|switch|p1a: Latias|Latias, F|364\/364
|-damage|p1a: Latias|319\/364|[from] Stealth Rock
|move|p2a: Diggersby|Swords Dance|p2a: Diggersby
|-boost|p2a: Diggersby|atk|2
|
|-heal|p1a: Latias|341\/364|[from] item: Leftovers
|turn|6
|leave|TyranitarTheEnd
|
|move|p2a: Diggersby|Quick Attack|p1a: Latias
|-damage|p1a: Latias|148\/364
|move|p1a: Latias|Psyshock|p2a: Diggersby
|-damage|p2a: Diggersby|0 fnt
|faint|p2a: Diggersby
|
|-heal|p1a: Latias|170\/364|[from] item: Leftovers
|
|switch|p2a: Azumarill|Azumarill, F|379\/379
|turn|7
|
|move|p1a: Latias|Psyshock|p2a: Azumarill
|-damage|p2a: Azumarill|261\/379
|move|p2a: Azumarill|Knock Off|p1a: Latias
|-supereffective|p1a: Latias
|-damage|p1a: Latias|0 fnt
|-enditem|p1a: Latias|Leftovers|[from] move: Knock Off|[of] p2a: Azumarill
|faint|p1a: Latias
|
|
|switch|p1a: Clefable|Clefable, F|394\/394
|turn|8
|
|move|p1a: Clefable|Heal Bell|p1a: Clefable
|-cureteam|p1a: Clefable|[from] move: HealBell
|move|p2a: Azumarill|Knock Off|p1a: Clefable
|-resisted|p1a: Clefable
|-damage|p1a: Clefable|332\/394
|-enditem|p1a: Clefable|Leftovers|[from] move: Knock Off|[of] p2a: Azumarill
|
|turn|9
|
|move|p1a: Clefable|Moonblast|p2a: Azumarill
|-damage|p2a: Azumarill|177\/379
|move|p2a: Azumarill|Waterfall|p1a: Clefable
|-damage|p1a: Clefable|167\/394
|
|turn|10
|
|move|p1a: Clefable|Soft-Boiled|p1a: Clefable
|-heal|p1a: Clefable|364\/394
|move|p2a: Azumarill|Waterfall|p1a: Clefable
|-damage|p1a: Clefable|225\/394
|
|turn|11
|
|move|p1a: Clefable|Moonblast|p2a: Azumarill
|-crit|p2a: Azumarill
|-damage|p2a: Azumarill|42\/379
|move|p2a: Azumarill|Play Rough|p1a: Clefable
|-damage|p1a: Clefable|66\/394
|
|turn|12
|
|move|p2a: Azumarill|Aqua Jet|p1a: Clefable
|-damage|p1a: Clefable|0 fnt
|faint|p1a: Clefable
|
|
|switch|p1a: Aggron|Aggron-Mega, F|344\/344
|-damage|p1a: Aggron|323\/344|[from] Stealth Rock
|turn|13
|
|move|p2a: Azumarill|Waterfall|p1a: Aggron
|-damage|p1a: Aggron|242\/344
|move|p1a: Aggron|Heavy Slam|p2a: Azumarill
|-damage|p2a: Azumarill|0 fnt
|faint|p2a: Azumarill
|
|
|switch|p2a: Thundurus|Thundurus, M|300\/300
|turn|14
|
|switch|p1a: Quagsire|Quagsire, F|394\/394
|-damage|p1a: Quagsire|370\/394|[from] Stealth Rock
|move|p2a: Thundurus|Focus Blast|p1a: Quagsire
|-damage|p1a: Quagsire|182\/394
|
|-heal|p1a: Quagsire|206\/394|[from] item: Leftovers
|turn|15
|
|move|p2a: Thundurus|Focus Blast|p1a: Quagsire
|-damage|p1a: Quagsire|1\/394
|move|p1a: Quagsire|Recover|p1a: Quagsire
|-heal|p1a: Quagsire|198\/394
|
|-heal|p1a: Quagsire|222\/394|[from] item: Leftovers
|turn|16
|
|switch|p2a: Heracross|Heracross, F|302\/302
|move|p1a: Quagsire|Recover|p1a: Quagsire
|-heal|p1a: Quagsire|394\/394
|
|turn|17
|
|switch|p1a: Heatran|Heatran, F|344\/344
|-damage|p1a: Heatran|301\/344|[from] Stealth Rock
|move|p2a: Heracross|Close Combat|p1a: Heatran
|-supereffective|p1a: Heatran
|-damage|p1a: Heatran|0 fnt
|-unboost|p2a: Heracross|def|1
|-unboost|p2a: Heracross|spd|1
|faint|p1a: Heatran
|
|
|switch|p1a: Sableye|Sableye, F|302\/302
|-damage|p1a: Sableye|265\/302|[from] Stealth Rock
|turn|18
|
|switch|p2a: Thundurus|Thundurus, M|300\/300
|move|p1a: Sableye|Will-O-Wisp|p2a: Thundurus
|-status|p2a: Thundurus|brn
|
|-heal|p1a: Sableye|283\/302|[from] item: Leftovers
|-damage|p2a: Thundurus|263\/300 brn|[from] brn
|turn|19
|
|switch|p2a: Heracross|Heracross, F|302\/302
|switch|p1a: Quagsire|Quagsire, F|394\/394
|-damage|p1a: Quagsire|370\/394|[from] Stealth Rock
|
|-heal|p1a: Quagsire|394\/394|[from] item: Leftovers
|turn|20
|
|move|p2a: Heracross|Bullet Seed|p1a: Quagsire
|-supereffective|p1a: Quagsire
|-damage|p1a: Quagsire|306\/394
|-supereffective|p1a: Quagsire
|-damage|p1a: Quagsire|210\/394
|-supereffective|p1a: Quagsire
|-damage|p1a: Quagsire|122\/394
|-hitcount|p1a: Quagsire|3
|move|p1a: Quagsire|Recover|p1a: Quagsire
|-heal|p1a: Quagsire|319\/394
|
|-heal|p1a: Quagsire|343\/394|[from] item: Leftovers
|turn|21
|
|switch|p2a: Thundurus|Thundurus, M|263\/300 brn
|switch|p1a: Aggron|Aggron-Mega, F|242\/344
|-damage|p1a: Aggron|221\/344|[from] Stealth Rock
|
|-heal|p2a: Thundurus|281\/300 brn|[from] item: Leftovers
|-damage|p2a: Thundurus|244\/300 brn|[from] brn
|turn|22
|
|move|p2a: Thundurus|Thunderbolt|p1a: Aggron
|-damage|p1a: Aggron|79\/344
|move|p1a: Aggron|Stealth Rock|p2a: Thundurus
|-sidestart|p2: Sweet Symphony|move: Stealth Rock
|
|-heal|p2a: Thundurus|262\/300 brn|[from] item: Leftovers
|-damage|p2a: Thundurus|225\/300 brn|[from] brn
|turn|23
|
|move|p2a: Thundurus|Focus Blast|p1a: Aggron|[miss]
|-miss|p2a: Thundurus|p1a: Aggron
|move|p1a: Aggron|Heavy Slam|p2a: Thundurus
|-resisted|p2a: Thundurus
|-damage|p2a: Thundurus|95\/300 brn
|
|-heal|p2a: Thundurus|113\/300 brn|[from] item: Leftovers
|-damage|p2a: Thundurus|76\/300 brn|[from] brn
|turn|24
|
|switch|p1a: Quagsire|Quagsire, F|343\/394
|-damage|p1a: Quagsire|319\/394|[from] Stealth Rock
|move|p2a: Thundurus|Thunderbolt|p1a: Quagsire
|-immune|p1a: Quagsire|[msg]
|
|-heal|p2a: Thundurus|94\/300 brn|[from] item: Leftovers
|-heal|p1a: Quagsire|343\/394|[from] item: Leftovers
|-damage|p2a: Thundurus|57\/300 brn|[from] brn
|turn|25
|
|move|p2a: Thundurus|Focus Blast|p1a: Quagsire|[miss]
|-miss|p2a: Thundurus|p1a: Quagsire
|move|p1a: Quagsire|Recover|p1a: Quagsire
|-heal|p1a: Quagsire|394\/394
|
|-heal|p2a: Thundurus|75\/300 brn|[from] item: Leftovers
|-damage|p2a: Thundurus|38\/300 brn|[from] brn
|turn|26
|join|Funnelby
|
|move|p2a: Thundurus|Psychic|p1a: Quagsire
|-damage|p1a: Quagsire|239\/394
|move|p1a: Quagsire|Recover|p1a: Quagsire
|-heal|p1a: Quagsire|394\/394
|
|-heal|p2a: Thundurus|56\/300 brn|[from] item: Leftovers
|-damage|p2a: Thundurus|19\/300 brn|[from] brn
|turn|27
|
|move|p2a: Thundurus|Psychic|p1a: Quagsire
|-damage|p1a: Quagsire|250\/394
|move|p1a: Quagsire|Recover|p1a: Quagsire
|-heal|p1a: Quagsire|394\/394
|
|-heal|p2a: Thundurus|37\/300 brn|[from] item: Leftovers
|-damage|p2a: Thundurus|0 fnt|[from] brn
|faint|p2a: Thundurus
|
|switch|p2a: Gyarados|Gyarados, M|332\/332
|-damage|p2a: Gyarados|249\/332|[from] Stealth Rock
|-ability|p2a: Gyarados|Intimidate|[of] p1a: Quagsire
|-unboost|p1a: Quagsire|atk|1
|turn|28
|
|detailschange|p2a: Gyarados|Gyarados-Mega, M
|message|Gyarados has Mega Evolved into Mega Gyarados!
|-ability|p2a: Gyarados|Mold Breaker
|move|p2a: Gyarados|Dragon Dance|p2a: Gyarados
|-boost|p2a: Gyarados|atk|1
|-boost|p2a: Gyarados|spe|1
|move|p1a: Quagsire|Toxic|p2a: Gyarados
|-status|p2a: Gyarados|tox
|
|-damage|p2a: Gyarados|229\/332 tox|[from] psn
|turn|29
|
|move|p2a: Gyarados|Dragon Dance|p2a: Gyarados
|-boost|p2a: Gyarados|atk|1
|-boost|p2a: Gyarados|spe|1
|move|p1a: Quagsire|Recover|p1a: Quagsire
|-fail|p1a: Quagsire
|
|-damage|p2a: Gyarados|189\/332 tox|[from] psn
|turn|30
|
|move|p2a: Gyarados|Waterfall|p1a: Quagsire
|-damage|p1a: Quagsire|141\/394
|move|p1a: Quagsire|Recover|p1a: Quagsire
|-heal|p1a: Quagsire|338\/394
|
|-heal|p1a: Quagsire|362\/394|[from] item: Leftovers
|-damage|p2a: Gyarados|129\/332 tox|[from] psn
|turn|31
|
|move|p2a: Gyarados|Dragon Dance|p2a: Gyarados
|-boost|p2a: Gyarados|atk|1
|-boost|p2a: Gyarados|spe|1
|move|p1a: Quagsire|Recover|p1a: Quagsire
|-heal|p1a: Quagsire|394\/394
|
|-damage|p2a: Gyarados|49\/332 tox|[from] psn
|turn|32
|
|switch|p1a: Aggron|Aggron-Mega, F|79\/344
|-damage|p1a: Aggron|58\/344|[from] Stealth Rock
|move|p2a: Gyarados|Waterfall|p1a: Aggron
|-damage|p1a: Aggron|0 fnt
|faint|p1a: Aggron
|
|-damage|p2a: Gyarados|0 fnt|[from] psn
|faint|p2a: Gyarados
|
|switch|p2a: Heracross|Heracross, F|302\/302
|-damage|p2a: Heracross|265\/302|[from] Stealth Rock
|switch|p1a: Sableye|Sableye, F|283\/302
|-damage|p1a: Sableye|246\/302|[from] Stealth Rock
|turn|33
|
|move|p1a: Sableye|Recover|p1a: Sableye
|-heal|p1a: Sableye|302\/302
|move|p2a: Heracross|Megahorn|p1a: Sableye
|-damage|p1a: Sableye|124\/302
|
|-heal|p1a: Sableye|142\/302|[from] item: Leftovers
|turn|34
|
|move|p1a: Sableye|Recover|p1a: Sableye
|-heal|p1a: Sableye|293\/302
|move|p2a: Heracross|Megahorn|p1a: Sableye
|-damage|p1a: Sableye|109\/302
|
|-heal|p1a: Sableye|127\/302|[from] item: Leftovers
|turn|35
|
|move|p1a: Sableye|Recover|p1a: Sableye
|-heal|p1a: Sableye|278\/302
|move|p2a: Heracross|Megahorn|p1a: Sableye
|-damage|p1a: Sableye|107\/302
|
|-heal|p1a: Sableye|125\/302|[from] item: Leftovers
|turn|36
|
|move|p1a: Sableye|Recover|p1a: Sableye
|-heal|p1a: Sableye|276\/302
|move|p2a: Heracross|Megahorn|p1a: Sableye|[miss]
|-miss|p2a: Heracross|p1a: Sableye
|
|-heal|p1a: Sableye|294\/302|[from] item: Leftovers
|turn|37
|
|move|p2a: Heracross|Megahorn|p1a: Sableye
|-damage|p1a: Sableye|102\/302
|move|p1a: Sableye|Knock Off|p2a: Heracross
|-resisted|p2a: Heracross
|-damage|p2a: Heracross|213\/302
|-enditem|p2a: Heracross|Choice Scarf|[from] move: Knock Off|[of] p1a: Sableye
|
|-heal|p1a: Sableye|120\/302|[from] item: Leftovers
|turn|38
|c|âSweet Symphony|looooool
|c|âSweet Symphony|thanks
|c|âjpw234|:\
|
|move|p1a: Sableye|Recover|p1a: Sableye
|-heal|p1a: Sableye|271\/302
|move|p2a: Heracross|Megahorn|p1a: Sableye
|-damage|p1a: Sableye|100\/302
|
|-heal|p1a: Sableye|118\/302|[from] item: Leftovers
|turn|39
|
|move|p1a: Sableye|Recover|p1a: Sableye
|-heal|p1a: Sableye|269\/302
|move|p2a: Heracross|Megahorn|p1a: Sableye
|-damage|p1a: Sableye|79\/302
|
|-heal|p1a: Sableye|97\/302|[from] item: Leftovers
|turn|40
|
|move|p1a: Sableye|Recover|p1a: Sableye
|-heal|p1a: Sableye|248\/302
|move|p2a: Heracross|Megahorn|p1a: Sableye
|-crit|p1a: Sableye
|-damage|p1a: Sableye|0 fnt
|faint|p1a: Sableye
|
|
|switch|p1a: Quagsire|Quagsire, F|394\/394
|-damage|p1a: Quagsire|370\/394|[from] Stealth Rock
|turn|41
|
|move|p2a: Heracross|Bullet Seed|p1a: Quagsire
|-supereffective|p1a: Quagsire
|-damage|p1a: Quagsire|278\/394
|-supereffective|p1a: Quagsire
|-damage|p1a: Quagsire|182\/394
|-supereffective|p1a: Quagsire
|-damage|p1a: Quagsire|82\/394
|-hitcount|p1a: Quagsire|3
|move|p1a: Quagsire|Toxic|p2a: Heracross
|-status|p2a: Heracross|tox
|
|-heal|p1a: Quagsire|106\/394|[from] item: Leftovers
|-damage|p2a: Heracross|195\/302 tox|[from] psn
|turn|42
|c|âjpw234|gg
|join|Omegasization
|c|âSweet Symphony|gg
|
|move|p2a: Heracross|Close Combat|p1a: Quagsire
|-damage|p1a: Quagsire|0 fnt
|-unboost|p2a: Heracross|def|1
|-unboost|p2a: Heracross|spd|1
|faint|p1a: Quagsire
|
|win|Sweet Symphony
|raw|Ladder updating...
|leave|Omegasization
|raw|jpw234's rating: 1667 &rarr; <strong>1650<\/strong><br \/>(-17 for losing)
|raw|Sweet Symphony's rating: 1716 &rarr; <strong>1733<\/strong><br \/>(+17 for winning)
|leave|jpw234
|player|p1