|join|RS Cocaine
|join|Sweet Symphony
|player|p1|RS Cocaine|29
|player|p2|Sweet Symphony|146
|gametype|singles
|gen|6
|tier|OU
|rated
|clearpoke
|poke|p1|Tyranitar, F
|poke|p1|Excadrill, M
|poke|p1|Gyarados, M
|poke|p1|Thundurus, M
|poke|p1|Landorus, M
|poke|p1|Gothitelle, M
|poke|p2|Azumarill, F
|poke|p2|Thundurus, M
|poke|p2|Diggersby, F
|poke|p2|Azelf
|poke|p2|Heracross, M
|poke|p2|Gyarados, F
|rule|Swagger Clause: Swagger is banned
|rule|Baton Pass Clause: Limit one PokÃ©mon knowing Baton Pass
|rule|Sleep Clause Mod: Limit one foe put to sleep
|rule|Species Clause: Limit one of each PokÃ©mon
|rule|OHKO Clause: OHKO moves are banned
|rule|Moody Clause: Moody is banned
|rule|Evasion Moves Clause: Evasion moves are banned
|rule|Endless Battle Clause: Forcing endless battles is banned
|rule|HP Percentage Mod: HP is shown in percentages
|teampreview
|
|start
|switch|p1a: Tyranitar|Tyranitar, F|342\/342
|switch|p2a: Azumarill|Azumarill, F|379\/379
|-weather|Sandstorm
|turn|1
|
|move|p1a: Tyranitar|Stone Edge|p2a: Azumarill|[miss]
|-miss|p1a: Tyranitar|p2a: Azumarill
|move|p2a: Azumarill|Waterfall|p1a: Tyranitar
|-supereffective|p1a: Tyranitar
|-damage|p1a: Tyranitar|42\/342
|
|-weather|Sandstorm|[upkeep]
|-damage|p2a: Azumarill|356\/379|[from] sandstorm
|turn|2
|
|switch|p1a: Gothitelle|Gothitelle, M|282\/282
|move|p2a: Azumarill|Aqua Jet|p1a: Gothitelle
|-damage|p1a: Gothitelle|195\/282
|
|-weather|Sandstorm|[upkeep]
|-damage|p1a: Gothitelle|178\/282|[from] sandstorm
|-damage|p2a: Azumarill|333\/379|[from] sandstorm
|turn|3
|
|move|p1a: Gothitelle|Thunderbolt|p2a: Azumarill
|-supereffective|p2a: Azumarill
|-damage|p2a: Azumarill|183\/379
|move|p2a: Azumarill|Knock Off|p1a: Gothitelle
|-supereffective|p1a: Gothitelle
|-damage|p1a: Gothitelle|0 fnt
|-enditem|p1a: Gothitelle|Choice Scarf|[from] move: Knock Off|[of] p2a: Azumarill
|faint|p1a: Gothitelle
|
|-weather|Sandstorm|[upkeep]
|-damage|p2a: Azumarill|160\/379|[from] sandstorm
|c|âRS Cocaine|much fun yes yes
|c|âSweet Symphony|yes yes :D
|
|switch|p1a: Gyarados|Gyarados, M|331\/331
|-ability|p1a: Gyarados|Intimidate|[of] p2a: Azumarill
|-unboost|p2a: Azumarill|atk|1
|turn|4
|
|switch|p2a: Gyarados|Gyarados, F|332\/332
|-ability|p2a: Gyarados|Intimidate|[of] p1a: Gyarados
|-unboost|p1a: Gyarados|atk|1
|move|p1a: Gyarados|Dragon Dance|p1a: Gyarados
|-boost|p1a: Gyarados|atk|1
|-boost|p1a: Gyarados|spe|1
|
|-weather|Sandstorm|[upkeep]
|-damage|p1a: Gyarados|311\/331|[from] sandstorm
|-damage|p2a: Gyarados|312\/332|[from] sandstorm
|turn|5
|
|switch|p2a: Azelf|Azelf|291\/291
|move|p1a: Gyarados|Dragon Dance|p1a: Gyarados
|-boost|p1a: Gyarados|atk|1
|-boost|p1a: Gyarados|spe|1
|
|-weather|none
|turn|6
|
|detailschange|p1a: Gyarados|Gyarados-Mega, M
|message|Gyarados has Mega Evolved into Mega Gyarados!
|-ability|p1a: Gyarados|Mold Breaker
|move|p1a: Gyarados|Waterfall|p2a: Azelf
|-enditem|p2a: Azelf|Focus Sash
|-damage|p2a: Azelf|1\/291
|move|p2a: Azelf|Stealth Rock|p1a: Gyarados
|-sidestart|p1: RS Cocaine|move: Stealth Rock
|
|turn|7
|
|move|p1a: Gyarados|Waterfall|p2a: Azelf
|-damage|p2a: Azelf|0 fnt
|faint|p2a: Azelf
|
|
|switch|p2a: Diggersby|Diggersby, F|312\/312
|turn|8
|
|move|p1a: Gyarados|Waterfall|p2a: Diggersby
|-supereffective|p2a: Diggersby
|-enditem|p2a: Diggersby|Focus Sash
|-damage|p2a: Diggersby|1\/312
|move|p2a: Diggersby|Frustration|p1a: Gyarados
|-damage|p1a: Gyarados|103\/331
|
|turn|9
|
|move|p2a: Diggersby|Quick Attack|p1a: Gyarados
|-damage|p1a: Gyarados|19\/331
|move|p1a: Gyarados|Waterfall|p2a: Diggersby
|-supereffective|p2a: Diggersby
|-damage|p2a: Diggersby|0 fnt
|faint|p2a: Diggersby
|
|
|switch|p2a: Azumarill|Azumarill, F|160\/379
|turn|10
|
|move|p2a: Azumarill|Aqua Jet|p1a: Gyarados
|-resisted|p1a: Gyarados
|-damage|p1a: Gyarados|0 fnt
|faint|p1a: Gyarados
|
|
|switch|p1a: Thundurus|Thundurus, M|299\/299
|-damage|p1a: Thundurus|225\/299|[from] Stealth Rock
|turn|11
|
|switch|p2a: Heracross|Heracross, M|302\/302
|move|p1a: Thundurus|Thunderbolt|p2a: Heracross
|-damage|p2a: Heracross|88\/302
|-damage|p1a: Thundurus|196\/299|[from] item: Life Orb
|
|turn|12
|
|move|p2a: Heracross|Rock Blast|p1a: Thundurus
|-supereffective|p1a: Thundurus
|-damage|p1a: Thundurus|122\/299
|-supereffective|p1a: Thundurus
|-damage|p1a: Thundurus|36\/299
|-hitcount|p1a: Thundurus|2
|move|p1a: Thundurus|Psychic|p2a: Heracross
|-supereffective|p2a: Heracross
|-damage|p2a: Heracross|0 fnt
|-damage|p1a: Thundurus|7\/299|[from] item: Life Orb
|faint|p2a: Heracross
|
|
|switch|p2a: Azumarill|Azumarill, F|160\/379
|turn|13
|c|âRS Cocaine|scarf rock blast heracross
|c|âSweet Symphony|XD
|c|âRS Cocaine|am i taking crazy pills
|c|âSweet Symphony|jajajaja
|c|âRS Cocaine|!learn heracross, rock blast
|raw|<div class="infobox">Heracross <span class="message-learn-canlearn">can<\/span> learn Rock Blast only when obtained from:<ul class="message-learn-list"><li>gen 6 egg<\/ul><\/div>
|c|âRS Cocaine|!learn  heracross, stone edge
|raw|<div class="infobox">Heracross <span class="message-learn-canlearn">can<\/span> learn Stone Edge<\/ul><\/div>
|c|âRS Cocaine|there ya go
|
|move|p1a: Thundurus|Thunder Wave|p2a: Azumarill
|-status|p2a: Azumarill|par
|move|p2a: Azumarill|Aqua Jet|p1a: Thundurus
|-damage|p1a: Thundurus|0 fnt
|faint|p1a: Thundurus
|
|
|switch|p1a: Landorus|Landorus, M|320\/320
|-damage|p1a: Landorus|280\/320|[from] Stealth Rock
|turn|14
|
|move|p2a: Azumarill|Aqua Jet|p1a: Landorus
|-supereffective|p1a: Landorus
|-damage|p1a: Landorus|88\/320
|move|p1a: Landorus|Earth Power|p2a: Azumarill
|-damage|p2a: Azumarill|0 fnt
|faint|p2a: Azumarill
|
|
|switch|p2a: Thundurus|Thundurus, M|300\/300
|turn|15
|
|switch|p1a: Tyranitar|Tyranitar, F|42\/342
|-damage|p1a: Tyranitar|0 fnt|[from] Stealth Rock
|faint|p1a: Tyranitar
|move|p2a: Thundurus|Focus Blast|p1: Tyranitar|[notarget]
|-notarget
|
|c|âRS Cocaine|what
|c|âRS Cocaine|i was over 12%
|c|âRS Cocaine|gdi
|c|âSweet Symphony|no sand :o
|c|âSweet Symphony|7n7
|c|âRS Cocaine|fuckin ps lying
|c|âSweet Symphony|XD
|c|âRS Cocaine|is it 12.5% for rocks
|c|âRS Cocaine|i was at 12.6%
|c|âSweet Symphony|ultra rocks :u
|c|âRS Cocaine|:(
|-message|RS Cocaine forfeited.
|
|win|Sweet Symphony
|raw|Ladder updating...
|leave|RS Cocaine
|player|p1
|c|âSweet Symphony|gg
|raw|RS Cocaine's rating: 1901 &rarr; <strong>1871<\/strong><br \/>(-30 for losing)
|raw|Sweet Symphony's rating: 1696 &rarr; <strong>1726<\/strong><br \/>(+30 for winning)