|join|Sweet Symphony
|join|Dragonuser Lance
|player|p1|Sweet Symphony|144
|player|p2|Dragonuser Lance|153
|gametype|singles
|gen|6
|tier|OU
|rated
|clearpoke
|poke|p1|Landorus, M
|poke|p1|Hippowdon, M
|poke|p1|Kyurem-Black
|poke|p1|Excadrill, M
|poke|p1|Rotom-Wash
|poke|p1|Venusaur, M
|poke|p2|Magnezone
|poke|p2|Scizor, F
|poke|p2|Latias, F
|poke|p2|Kyurem-Black
|poke|p2|Aerodactyl, M
|poke|p2|Azumarill, M
|rule|Swagger Clause: Swagger is banned
|rule|Baton Pass Clause: Limit one PokÃ©mon knowing Baton Pass
|rule|Sleep Clause Mod: Limit one foe put to sleep
|rule|Species Clause: Limit one of each PokÃ©mon
|rule|OHKO Clause: OHKO moves are banned
|rule|Moody Clause: Moody is banned
|rule|Evasion Moves Clause: Evasion moves are banned
|rule|Endless Battle Clause: Forcing endless battles is banned
|rule|HP Percentage Mod: HP is shown in percentages
|teampreview
|
|start
|switch|p1a: Rotom-Wash|Rotom-Wash|304\/304
|switch|p2a: Aerodactyl|Aerodactyl, M|301\/301
|-ability|p2a: Aerodactyl|Unnerve|p1: Sweet Symphony
|turn|1
|
|move|p2a: Aerodactyl|Stone Edge|p1a: Rotom-Wash
|-crit|p1a: Rotom-Wash
|-damage|p1a: Rotom-Wash|69\/304
|move|p1a: Rotom-Wash|Will-O-Wisp|p2a: Aerodactyl
|-status|p2a: Aerodactyl|brn
|
|-heal|p1a: Rotom-Wash|88\/304|[from] item: Leftovers
|-damage|p2a: Aerodactyl|264\/301 brn|[from] brn
|turn|2
|
|move|p2a: Aerodactyl|Stealth Rock|p1a: Rotom-Wash
|-sidestart|p1: Sweet Symphony|move: Stealth Rock
|move|p1a: Rotom-Wash|Pain Split|p2a: Aerodactyl
|-sethp|p2a: Aerodactyl|176\/301 brn|p1a: Rotom-Wash|176\/304|[from] move: Pain Split
|
|-heal|p1a: Rotom-Wash|195\/304|[from] item: Leftovers
|-damage|p2a: Aerodactyl|139\/301 brn|[from] brn
|turn|3
|
|move|p2a: Aerodactyl|Stone Edge|p1a: Rotom-Wash
|-damage|p1a: Rotom-Wash|119\/304
|move|p1a: Rotom-Wash|Volt Switch|p2a: Aerodactyl
|-supereffective|p2a: Aerodactyl
|-damage|p2a: Aerodactyl|0 fnt
|faint|p2a: Aerodactyl
|
|switch|p1a: Hippowdon|Hippowdon, M|420\/420
|-damage|p1a: Hippowdon|394\/420|[from] Stealth Rock
|-weather|Sandstorm
|
|-weather|Sandstorm|[upkeep]
|-heal|p1a: Hippowdon|420\/420|[from] item: Leftovers
|
|switch|p2a: Kyurem-Black|Kyurem-Black|391\/391
|-ability|p2a: Kyurem-Black|Teravolt
|turn|4
|
|switch|p1a: Rotom-Wash|Rotom-Wash|119\/304
|-damage|p1a: Rotom-Wash|81\/304|[from] Stealth Rock
|move|p2a: Kyurem-Black|Ice Beam|p1a: Rotom-Wash
|-resisted|p1a: Rotom-Wash
|-damage|p1a: Rotom-Wash|25\/304
|-damage|p2a: Kyurem-Black|352\/391|[from] item: Life Orb
|
|-weather|Sandstorm|[upkeep]
|-damage|p2a: Kyurem-Black|328\/391|[from] sandstorm
|-damage|p1a: Rotom-Wash|6\/304|[from] sandstorm
|-heal|p1a: Rotom-Wash|25\/304|[from] item: Leftovers
|turn|5
|
|move|p2a: Kyurem-Black|Dragon Claw|p1a: Rotom-Wash
|-damage|p1a: Rotom-Wash|0 fnt
|-damage|p2a: Kyurem-Black|289\/391|[from] item: Life Orb
|faint|p1a: Rotom-Wash
|
|-weather|Sandstorm|[upkeep]
|-damage|p2a: Kyurem-Black|265\/391|[from] sandstorm
|
|switch|p1a: Excadrill|Excadrill, M|362\/362
|-damage|p1a: Excadrill|351\/362|[from] Stealth Rock
|turn|6
|
|switch|p2a: Azumarill|Azumarill, M|364\/364
|move|p1a: Excadrill|Earthquake|p2a: Azumarill
|-damage|p2a: Azumarill|64\/364
|-damage|p1a: Excadrill|315\/362|[from] item: Life Orb
|-enditem|p2a: Azumarill|Sitrus Berry|[eat]
|-heal|p2a: Azumarill|155\/364|[from] item: Sitrus Berry
|
|-weather|Sandstorm|[upkeep]
|-damage|p2a: Azumarill|133\/364|[from] sandstorm
|turn|7
|
|switch|p1a: Venusaur|Venusaur, M|364\/364
|-damage|p1a: Venusaur|319\/364|[from] Stealth Rock
|switch|p2a: Kyurem-Black|Kyurem-Black|265\/391
|-ability|p2a: Kyurem-Black|Teravolt
|
|-weather|none
|turn|8
|join|diobel64
|c|âSweet Symphony|predecido
|
|switch|p1a: Kyurem-Black|Kyurem-Black|391\/391
|-damage|p1a: Kyurem-Black|294\/391|[from] Stealth Rock
|-ability|p1a: Kyurem-Black|Teravolt
|move|p2a: Kyurem-Black|Ice Beam|p1a: Kyurem-Black
|-damage|p1a: Kyurem-Black|113\/391
|-damage|p2a: Kyurem-Black|226\/391|[from] item: Life Orb
|
|-heal|p1a: Kyurem-Black|137\/391|[from] item: Leftovers
|turn|9
|c| diobel64|come on dragon
|
|switch|p2a: Scizor|Scizor, F|281\/281
|move|p1a: Kyurem-Black|Ice Beam|p2a: Scizor
|-resisted|p2a: Scizor
|-damage|p2a: Scizor|187\/281
|
|-heal|p1a: Kyurem-Black|161\/391|[from] item: Leftovers
|turn|10
|
|detailschange|p2a: Scizor|Scizor-Mega, F
|message|Scizor has Mega Evolved into Mega Scizor!
|move|p2a: Scizor|Bullet Punch|p1a: Kyurem-Black
|-supereffective|p1a: Kyurem-Black
|-damage|p1a: Kyurem-Black|0 fnt
|faint|p1a: Kyurem-Black
|
|c|âSweet Symphony|oye  no
|
|switch|p1a: Hippowdon|Hippowdon, M|420\/420
|-damage|p1a: Hippowdon|394\/420|[from] Stealth Rock
|-weather|Sandstorm
|turn|11
|c| diobel64|no predicts here
|
|move|p2a: Scizor|Swords Dance|p2a: Scizor
|-boost|p2a: Scizor|atk|2
|move|p1a: Hippowdon|Stealth Rock|p2a: Scizor
|-sidestart|p2: Dragonuser Lance|move: Stealth Rock
|
|-weather|Sandstorm|[upkeep]
|-heal|p1a: Hippowdon|420\/420|[from] item: Leftovers
|turn|12
|c|âSweet Symphony|sadx
|c|âSweet Symphony|ya val ditto
|
|move|p2a: Scizor|Knock Off|p1a: Hippowdon
|-crit|p1a: Hippowdon
|-damage|p1a: Hippowdon|148\/420
|-enditem|p1a: Hippowdon|Leftovers|[from] move: Knock Off|[of] p2a: Scizor
|move|p1a: Hippowdon|Earthquake|p2a: Scizor
|-damage|p2a: Scizor|82\/281
|
|-weather|Sandstorm|[upkeep]
|turn|13
|c| diobel64|no whirlwind here
|
|switch|p1a: Excadrill|Excadrill, M|315\/362
|-damage|p1a: Excadrill|304\/362|[from] Stealth Rock
|move|p2a: Scizor|Knock Off|p1a: Excadrill
|-damage|p1a: Excadrill|0 fnt
|-enditem|p1a: Excadrill|Life Orb|[from] move: Knock Off|[of] p2a: Scizor
|faint|p1a: Excadrill
|
|-weather|Sandstorm|[upkeep]
|c|âSweet Symphony|no roost here
|c| diobel64|no nada here
|
|switch|p1a: Venusaur|Venusaur, M|319\/364
|-damage|p1a: Venusaur|274\/364|[from] Stealth Rock
|turn|14
|leave|diobel64
|
|detailschange|p1a: Venusaur|Venusaur-Mega, M
|message|Venusaur has Mega Evolved into Mega Venusaur!
|move|p2a: Scizor|Knock Off|p1a: Venusaur
|-damage|p1a: Venusaur|142\/364
|move|p1a: Venusaur|Hidden Power|p2a: Scizor
|-supereffective|p2a: Scizor
|-damage|p2a: Scizor|0 fnt
|faint|p2a: Scizor
|
|-weather|Sandstorm|[upkeep]
|-damage|p1a: Venusaur|120\/364|[from] sandstorm
|
|switch|p2a: Latias|Latias, F|301\/301
|-damage|p2a: Latias|264\/301|[from] Stealth Rock
|turn|15
|
|switch|p1a: Hippowdon|Hippowdon, M|148\/420
|-damage|p1a: Hippowdon|122\/420|[from] Stealth Rock
|move|p2a: Latias|Psyshock|p1a: Hippowdon
|-damage|p1a: Hippowdon|0 fnt
|-damage|p2a: Latias|234\/301|[from] item: Life Orb
|faint|p1a: Hippowdon
|
|-weather|none
|
|switch|p1a: Landorus|Landorus, M|320\/320
|-damage|p1a: Landorus|280\/320|[from] Stealth Rock
|turn|16
|
|switch|p2a: Kyurem-Black|Kyurem-Black|226\/391
|-damage|p2a: Kyurem-Black|129\/391|[from] Stealth Rock
|-ability|p2a: Kyurem-Black|Teravolt
|move|p1a: Landorus|Knock Off|p2a: Kyurem-Black
|-damage|p2a: Kyurem-Black|6\/391
|-enditem|p2a: Kyurem-Black|Life Orb|[from] move: Knock Off|[of] p1a: Landorus
|
|-heal|p1a: Landorus|300\/320|[from] item: Leftovers
|turn|17
|
|move|p1a: Landorus|Knock Off|p2a: Kyurem-Black
|-damage|p2a: Kyurem-Black|0 fnt
|faint|p2a: Kyurem-Black
|
|-heal|p1a: Landorus|320\/320|[from] item: Leftovers
|
|switch|p2a: Magnezone|Magnezone|282\/282
|-damage|p2a: Magnezone|265\/282|[from] Stealth Rock
|turn|18
|
|move|p2a: Magnezone|Flash Cannon|p1a: Landorus
|-damage|p1a: Landorus|161\/320
|move|p1a: Landorus|Earthquake|p2a: Magnezone
|-supereffective|p2a: Magnezone
|-damage|p2a: Magnezone|0 fnt
|faint|p2a: Magnezone
|
|-heal|p1a: Landorus|181\/320|[from] item: Leftovers
|
|switch|p2a: Latias|Latias, F|234\/301
|-damage|p2a: Latias|197\/301|[from] Stealth Rock
|turn|19
|
|move|p2a: Latias|Draco Meteor|p1a: Landorus
|-crit|p1a: Landorus
|-damage|p1a: Landorus|0 fnt
|-unboost|p2a: Latias|spa|2
|-damage|p2a: Latias|167\/301|[from] item: Life Orb
|faint|p1a: Landorus
|
|
|switch|p1a: Venusaur|Venusaur-Mega, M|120\/364
|-damage|p1a: Venusaur|75\/364|[from] Stealth Rock
|turn|20
|
|move|p2a: Latias|Psyshock|p1a: Venusaur
|-supereffective|p1a: Venusaur
|-damage|p1a: Venusaur|0 fnt
|-damage|p2a: Latias|137\/301|[from] item: Life Orb
|faint|p1a: Venusaur
|
|win|Dragonuser Lance
|raw|Ladder updating...
|raw|Sweet Symphony's rating: 1769 &rarr; <strong>1745<\/strong><br \/>(-24 for losing)
|raw|Dragonuser Lance's rating: 1713 &rarr; <strong>1736<\/strong><br \/>(+23 for winning)
|c|âDragonuser Lance|gg