|join|Sweet Symphony
|join|Kama Sutra
|player|p1|Sweet Symphony|290
|player|p2|Kama Sutra|141
|gametype|singles
|gen|6
|tier|OU
|rated
|clearpoke
|poke|p1|Kyurem-Black
|poke|p1|Tyranitar, M
|poke|p1|Zapdos
|poke|p1|Volcarona, F
|poke|p1|Greninja, M
|poke|p1|Bisharp, M
|poke|p2|Venusaur, M
|poke|p2|Heatran, F
|poke|p2|Slowbro, F
|poke|p2|Bisharp, F
|poke|p2|Keldeo-Resolute
|poke|p2|Latias, F
|rule|Swagger Clause: Swagger is banned
|rule|Baton Pass Clause: Limit one PokÃ©mon knowing Baton Pass
|rule|Sleep Clause Mod: Limit one foe put to sleep
|rule|Species Clause: Limit one of each PokÃ©mon
|rule|OHKO Clause: OHKO moves are banned
|rule|Moody Clause: Moody is banned
|rule|Evasion Moves Clause: Evasion moves are banned
|rule|Endless Battle Clause: Forcing endless battles is banned
|rule|HP Percentage Mod: HP is shown in percentages
|teampreview
|
|start
|switch|p1a: Zapdos|Zapdos|384\/384
|switch|p2a: Slowbro|Slowbro, F|394\/394
|-ability|p1a: Zapdos|Pressure
|turn|1
|
|switch|p1a: Greninja|Greninja, M|348\/348
|switch|p2a: Venusaur|Venusaur, M|359\/359
|
|turn|2
|
|detailschange|p2a: Venusaur|Venusaur-Mega, M
|message|Venusaur has Mega Evolved into Mega Venusaur!
|move|p1a: Greninja|U-turn|p2a: Venusaur
|-start|p1a: Greninja|typechange|Bug|[from] Protean
|-damage|p2a: Venusaur|268\/359
|-damage|p1a: Greninja|314\/348|[from] item: Life Orb
|
|switch|p1a: Bisharp|Bisharp, M|271\/271
|move|p2a: Venusaur|Giga Drain|p1a: Bisharp
|-resisted|p1a: Bisharp
|-damage|p1a: Bisharp|183\/271
|-heal|p2a: Venusaur|312\/359|[from] drain|[of] p1a: Bisharp
|
|turn|3
|
|move|p1a: Bisharp|Stealth Rock|p2a: Venusaur
|-sidestart|p2: Kama Sutra|move: Stealth Rock
|move|p2a: Venusaur|Hidden Power|p1a: Bisharp
|-supereffective|p1a: Bisharp
|-damage|p1a: Bisharp|0 fnt
|faint|p1a: Bisharp
|
|
|switch|p1a: Kyurem-Black|Kyurem-Black|391\/391
|-ability|p1a: Kyurem-Black|Teravolt
|turn|4
|
|switch|p2a: Heatran|Heatran, F|385\/385
|-damage|p2a: Heatran|337\/385|[from] Stealth Rock
|move|p1a: Kyurem-Black|Substitute|p1a: Kyurem-Black
|-start|p1a: Kyurem-Black|Substitute
|-damage|p1a: Kyurem-Black|294\/391
|
|-heal|p1a: Kyurem-Black|318\/391|[from] item: Leftovers
|-heal|p2a: Heatran|361\/385|[from] item: Leftovers
|turn|5
|
|switch|p2a: Latias|Latias, F|364\/364
|-damage|p2a: Latias|319\/364|[from] Stealth Rock
|move|p1a: Kyurem-Black|Earth Power|p2a: Latias
|-damage|p2a: Latias|228\/364
|
|-heal|p2a: Latias|250\/364|[from] item: Leftovers
|-heal|p1a: Kyurem-Black|342\/391|[from] item: Leftovers
|turn|6
|
|move|p2a: Latias|Psychic|p1a: Kyurem-Black
|-end|p1a: Kyurem-Black|Substitute
|move|p1a: Kyurem-Black|Ice Beam|p2a: Latias
|-supereffective|p2a: Latias
|-damage|p2a: Latias|0 fnt
|faint|p2a: Latias
|
|-heal|p1a: Kyurem-Black|366\/391|[from] item: Leftovers
|
|switch|p2a: Keldeo-Resolute|Keldeo-Resolute|322\/322
|-damage|p2a: Keldeo-Resolute|302\/322|[from] Stealth Rock
|turn|7
|
|switch|p1a: Zapdos|Zapdos|384\/384
|-ability|p1a: Zapdos|Pressure
|move|p2a: Keldeo-Resolute|Hydro Pump|p1a: Zapdos
|-damage|p1a: Zapdos|158\/384
|
|-heal|p2a: Keldeo-Resolute|322\/322|[from] item: Leftovers
|-heal|p1a: Zapdos|182\/384|[from] item: Leftovers
|turn|8
|
|switch|p1a: Greninja|Greninja, M|314\/348
|move|p2a: Keldeo-Resolute|Hydro Pump|p1a: Greninja
|-resisted|p1a: Greninja
|-damage|p1a: Greninja|176\/348
|
|turn|9
|
|switch|p2a: Bisharp|Bisharp, F|271\/271
|-damage|p2a: Bisharp|255\/271|[from] Stealth Rock
|move|p1a: Greninja|Spikes|p2a: Bisharp
|-start|p1a: Greninja|typechange|Ground|[from] Protean
|-sidestart|p2: Kama Sutra|Spikes
|
|-heal|p2a: Bisharp|271\/271|[from] item: Leftovers
|turn|10
|
|move|p1a: Greninja|U-turn|p2a: Bisharp
|-start|p1a: Greninja|typechange|Bug|[from] Protean
|-damage|p2a: Bisharp|172\/271
|-damage|p1a: Greninja|142\/348|[from] item: Life Orb
|
|switch|p1a: Zapdos|Zapdos|182\/384
|-ability|p1a: Zapdos|Pressure
|move|p2a: Bisharp|Swords Dance|p2a: Bisharp
|-boost|p2a: Bisharp|atk|2
|
|-heal|p2a: Bisharp|188\/271|[from] item: Leftovers
|-heal|p1a: Zapdos|206\/384|[from] item: Leftovers
|turn|11
|
|move|p2a: Bisharp|Knock Off|p1a: Zapdos
|-damage|p1a: Zapdos|0 fnt
|-enditem|p1a: Zapdos|Leftovers|[from] move: Knock Off|[of] p2a: Bisharp
|faint|p1a: Zapdos
|
|-heal|p2a: Bisharp|204\/271|[from] item: Leftovers
|
|switch|p1a: Greninja|Greninja, M|142\/348
|turn|12
|
|move|p2a: Bisharp|Sucker Punch|p1a: Greninja
|-resisted|p1a: Greninja
|-damage|p1a: Greninja|0 fnt
|faint|p1a: Greninja
|
|-heal|p2a: Bisharp|220\/271|[from] item: Leftovers
|
|switch|p1a: Volcarona|Volcarona, F|372\/372
|turn|13
|
|move|p2a: Bisharp|Knock Off|p1a: Volcarona
|-damage|p1a: Volcarona|63\/372
|-enditem|p1a: Volcarona|Leftovers|[from] move: Knock Off|[of] p2a: Bisharp
|move|p1a: Volcarona|Quiver Dance|p1a: Volcarona
|-boost|p1a: Volcarona|spa|1
|-boost|p1a: Volcarona|spd|1
|-boost|p1a: Volcarona|spe|1
|
|-heal|p2a: Bisharp|236\/271|[from] item: Leftovers
|turn|14
|
|switch|p2a: Heatran|Heatran, F|361\/385
|-damage|p2a: Heatran|313\/385|[from] Stealth Rock
|-damage|p2a: Heatran|265\/385|[from] Spikes
|move|p1a: Volcarona|Fiery Dance|p2a: Heatran
|-start|p2a: Heatran|ability: Flash Fire
|
|-heal|p2a: Heatran|289\/385|[from] item: Leftovers
|turn|15
|
|move|p1a: Volcarona|Morning Sun|p1a: Volcarona
|-heal|p1a: Volcarona|249\/372
|move|p2a: Heatran|Lava Plume|p1a: Volcarona
|-damage|p1a: Volcarona|137\/372
|
|-heal|p2a: Heatran|313\/385|[from] item: Leftovers
|turn|16
|
|move|p1a: Volcarona|Quiver Dance|p1a: Volcarona
|-boost|p1a: Volcarona|spa|1
|-boost|p1a: Volcarona|spd|1
|-boost|p1a: Volcarona|spe|1
|move|p2a: Heatran|Stealth Rock|p1a: Volcarona
|-sidestart|p1: Sweet Symphony|move: Stealth Rock
|
|-heal|p2a: Heatran|337\/385|[from] item: Leftovers
|turn|17
|
|move|p1a: Volcarona|Hidden Power|p2a: Heatran
|-supereffective|p2a: Heatran
|-damage|p2a: Heatran|0 fnt
|faint|p2a: Heatran
|
|
|switch|p2a: Bisharp|Bisharp, F|236\/271
|-damage|p2a: Bisharp|203\/271|[from] Spikes
|-damage|p2a: Bisharp|187\/271|[from] Stealth Rock
|turn|18
|
|move|p1a: Volcarona|Morning Sun|p1a: Volcarona
|-heal|p1a: Volcarona|323\/372
|move|p2a: Bisharp|Knock Off|p1a: Volcarona
|-damage|p1a: Volcarona|212\/372
|
|-heal|p2a: Bisharp|203\/271|[from] item: Leftovers
|turn|19
|
|move|p2a: Bisharp|Sucker Punch|p1a: Volcarona
|-fail|p1a: Volcarona
|move|p1a: Volcarona|Morning Sun|p1a: Volcarona
|-heal|p1a: Volcarona|372\/372
|
|-heal|p2a: Bisharp|219\/271|[from] item: Leftovers
|turn|20
|
|move|p1a: Volcarona|Fiery Dance|p2a: Bisharp
|-supereffective|p2a: Bisharp
|-damage|p2a: Bisharp|0 fnt
|faint|p2a: Bisharp
|
|
|switch|p2a: Slowbro|Slowbro, F|394\/394
|-damage|p2a: Slowbro|345\/394|[from] Stealth Rock
|-damage|p2a: Slowbro|296\/394|[from] Spikes
|turn|21
|
|move|p1a: Volcarona|Fiery Dance|p2a: Slowbro
|-resisted|p2a: Slowbro
|-damage|p2a: Slowbro|148\/394
|-boost|p1a: Volcarona|spa|1
|move|p2a: Slowbro|Thunder Wave|p1a: Volcarona
|-status|p1a: Volcarona|par
|
|-heal|p2a: Slowbro|172\/394|[from] item: Leftovers
|turn|22
|
|move|p1a: Volcarona|Fiery Dance|p2a: Slowbro
|-resisted|p2a: Slowbro
|-damage|p2a: Slowbro|3\/394
|-boost|p1a: Volcarona|spa|1
|move|p2a: Slowbro|Psyshock|p1a: Volcarona
|-damage|p1a: Volcarona|279\/372 par
|
|-heal|p2a: Slowbro|27\/394|[from] item: Leftovers
|turn|23
|
|move|p1a: Volcarona|Quiver Dance|p1a: Volcarona
|-boost|p1a: Volcarona|spa|1
|-boost|p1a: Volcarona|spd|1
|-boost|p1a: Volcarona|spe|1
|move|p2a: Slowbro|Psyshock|p1a: Volcarona
|-damage|p1a: Volcarona|192\/372 par
|
|-heal|p2a: Slowbro|51\/394|[from] item: Leftovers
|turn|24
|
|cant|p1a: Volcarona|par
|move|p2a: Slowbro|Psyshock|p1a: Volcarona
|-damage|p1a: Volcarona|105\/372 par
|
|-heal|p2a: Slowbro|75\/394|[from] item: Leftovers
|turn|25
|
|move|p1a: Volcarona|Morning Sun|p1a: Volcarona
|-heal|p1a: Volcarona|291\/372 par
|move|p2a: Slowbro|Psyshock|p1a: Volcarona
|-damage|p1a: Volcarona|203\/372 par
|
|-heal|p2a: Slowbro|99\/394|[from] item: Leftovers
|turn|26
|
|switch|p2a: Keldeo-Resolute|Keldeo-Resolute|322\/322
|-damage|p2a: Keldeo-Resolute|282\/322|[from] Spikes
|-damage|p2a: Keldeo-Resolute|262\/322|[from] Stealth Rock
|move|p1a: Volcarona|Morning Sun|p1a: Volcarona
|-heal|p1a: Volcarona|372\/372 par
|
|-heal|p2a: Keldeo-Resolute|282\/322|[from] item: Leftovers
|turn|27
|
|move|p2a: Keldeo-Resolute|Hydro Pump|p1a: Volcarona
|-supereffective|p1a: Volcarona
|-damage|p1a: Volcarona|234\/372 par
|move|p1a: Volcarona|Fiery Dance|p2a: Keldeo-Resolute
|-resisted|p2a: Keldeo-Resolute
|-damage|p2a: Keldeo-Resolute|60\/322
|-boost|p1a: Volcarona|spa|1
|
|-heal|p2a: Keldeo-Resolute|80\/322|[from] item: Leftovers
|turn|28
|
|move|p2a: Keldeo-Resolute|Hydro Pump|p1a: Volcarona
|-supereffective|p1a: Volcarona
|-damage|p1a: Volcarona|84\/372 par
|move|p1a: Volcarona|Fiery Dance|p2a: Keldeo-Resolute
|-resisted|p2a: Keldeo-Resolute
|-damage|p2a: Keldeo-Resolute|0 fnt
|faint|p2a: Keldeo-Resolute
|
|
|switch|p2a: Slowbro|Slowbro, F|230\/394
|-damage|p2a: Slowbro|181\/394|[from] Stealth Rock
|-damage|p2a: Slowbro|132\/394|[from] Spikes
|turn|29
|
|move|p1a: Volcarona|Morning Sun|p1a: Volcarona
|-heal|p1a: Volcarona|270\/372 par
|move|p2a: Slowbro|Psyshock|p1a: Volcarona
|-damage|p1a: Volcarona|176\/372 par
|
|-heal|p2a: Slowbro|156\/394|[from] item: Leftovers
|turn|30
|-message|Kama Sutra forfeited.
|
|win|Sweet Symphony
|raw|Ladder updating...
|leave|Kama Sutra
|player|p2
|raw|Sweet Symphony's rating: 1694 &rarr; <strong>1718<\/strong><br \/>(+24 for winning)
|raw|Kama Sutra's rating: 1766 &rarr; <strong>1742<\/strong><br \/>(-24 for losing)
|c|âSweet Symphony|XDDDDDDDDD