|join|Aka DH
|join|Sweet Symphony
|player|p1|Aka DH|68
|player|p2|Sweet Symphony|146
|gametype|singles
|gen|6
|tier|OU
|rated
|clearpoke
|poke|p1|Bisharp, M
|poke|p1|Venusaur, M
|poke|p1|Heatran, F
|poke|p1|Keldeo
|poke|p1|Chansey, F
|poke|p1|Skarmory, M
|poke|p2|Azumarill, M
|poke|p2|Thundurus, M
|poke|p2|Diggersby, F
|poke|p2|Azelf
|poke|p2|Heracross, F
|poke|p2|Gyarados, M
|rule|Swagger Clause: Swagger is banned
|rule|Baton Pass Clause: Limit one PokÃ©mon knowing Baton Pass
|rule|Sleep Clause Mod: Limit one foe put to sleep
|rule|Species Clause: Limit one of each PokÃ©mon
|rule|OHKO Clause: OHKO moves are banned
|rule|Moody Clause: Moody is banned
|rule|Evasion Moves Clause: Evasion moves are banned
|rule|Endless Battle Clause: Forcing endless battles is banned
|rule|HP Percentage Mod: HP is shown in percentages
|teampreview
|
|start
|switch|p1a: Heatran|Heatran, F|340\/340
|switch|p2a: Azelf|Azelf|291\/291
|-item|p1a: Heatran|Air Balloon
|turn|1
|
|switch|p2a: Azumarill|Azumarill, M|379\/379
|move|p1a: Heatran|Fire Blast|p2a: Azumarill
|-resisted|p2a: Azumarill
|-damage|p2a: Azumarill|307\/379
|
|turn|2
|join|Bloody Tilt
|
|switch|p1a: Venusaur|Venusaur, M|364\/364
|switch|p2a: Azelf|Azelf|291\/291
|
|turn|3
|
|switch|p1a: Heatran|Heatran, F|340\/340
|-item|p1a: Heatran|Air Balloon
|move|p2a: Azelf|Stealth Rock|p1a: Heatran
|-sidestart|p1: Aka DH|move: Stealth Rock
|
|turn|4
|
|move|p2a: Azelf|Taunt|p1a: Heatran
|-start|p1a: Heatran|move: Taunt
|cant|p1a: Heatran|move: Taunt|Stealth Rock
|
|turn|5
|
|switch|p2a: Azumarill|Azumarill, M|307\/379
|move|p1a: Heatran|Fire Blast|p2a: Azumarill
|-crit|p2a: Azumarill
|-resisted|p2a: Azumarill
|-damage|p2a: Azumarill|214\/379
|
|turn|6
|
|switch|p1a: Venusaur|Venusaur, M|364\/364
|-damage|p1a: Venusaur|319\/364|[from] Stealth Rock
|move|p2a: Azumarill|Knock Off|p1a: Venusaur
|-damage|p1a: Venusaur|241\/364
|
|turn|7
|
|switch|p2a: Azelf|Azelf|291\/291
|detailschange|p1a: Venusaur|Venusaur-Mega, M
|message|Venusaur has Mega Evolved into Mega Venusaur!
|move|p1a: Venusaur|Leech Seed|p2a: Azelf
|-start|p2a: Azelf|move: Leech Seed
|
|-damage|p2a: Azelf|255\/291|[from] Leech Seed|[of] p1a: Venusaur
|-heal|p1a: Venusaur|277\/364|[silent]
|turn|8
|
|switch|p1a: Heatran|Heatran, F|340\/340
|-damage|p1a: Heatran|298\/340|[from] Stealth Rock
|-item|p1a: Heatran|Air Balloon
|move|p2a: Azelf|Explosion|p1a: Heatran
|-resisted|p1a: Heatran
|-damage|p1a: Heatran|187\/340
|-enditem|p1a: Heatran|Air Balloon
|faint|p2a: Azelf
|
|
|switch|p2a: Heracross|Heracross, F|302\/302
|turn|9
|
|move|p2a: Heracross|Close Combat|p1a: Heatran
|-supereffective|p1a: Heatran
|-damage|p1a: Heatran|0 fnt
|-unboost|p2a: Heracross|def|1
|-unboost|p2a: Heracross|spd|1
|faint|p1a: Heatran
|
|
|switch|p1a: Skarmory|Skarmory, M|334\/334
|-damage|p1a: Skarmory|293\/334|[from] Stealth Rock
|turn|10
|
|switch|p2a: Thundurus|Thundurus, M|300\/300
|move|p1a: Skarmory|Spikes|p2a: Thundurus
|-sidestart|p2: Sweet Symphony|Spikes
|
|turn|11
|
|switch|p1a: Chansey|Chansey, F|684\/684
|-damage|p1a: Chansey|599\/684|[from] Stealth Rock
|move|p2a: Thundurus|Nasty Plot|p2a: Thundurus
|-boost|p2a: Thundurus|spa|2
|
|turn|12
|
|move|p2a: Thundurus|Focus Blast|p1a: Chansey
|-supereffective|p1a: Chansey
|-damage|p1a: Chansey|257\/684
|move|p1a: Chansey|Seismic Toss|p2a: Thundurus
|-damage|p2a: Thundurus|200\/300
|
|-heal|p2a: Thundurus|218\/300|[from] item: Leftovers
|turn|13
|
|move|p2a: Thundurus|Focus Blast|p1a: Chansey
|-supereffective|p1a: Chansey
|-damage|p1a: Chansey|0 fnt
|faint|p1a: Chansey
|
|-heal|p2a: Thundurus|236\/300|[from] item: Leftovers
|
|switch|p1a: Bisharp|Bisharp, M|334\/334
|-damage|p1a: Bisharp|314\/334|[from] Stealth Rock
|turn|14
|
|move|p2a: Thundurus|Thunderbolt|p1a: Bisharp
|-damage|p1a: Bisharp|0 fnt
|faint|p1a: Bisharp
|
|-heal|p2a: Thundurus|254\/300|[from] item: Leftovers
|c|âSweet Symphony|gg
|-message|Aka DH forfeited.
|
|win|Sweet Symphony
|raw|Ladder updating...
|leave|Aka DH
|player|p1
|raw|Aka DH's rating: 1859 &rarr; <strong>1830<\/strong><br \/>(-29 for losing)
|raw|Sweet Symphony's rating: 1687 &rarr; <strong>1716<\/strong><br \/>(+29 for winning)