|join|Sweet Symphony
|join|TEOA 2
|player|p1|Sweet Symphony|4
|player|p2|TEOA 2|274
|gametype|singles
|gen|6
|tier|OU
|rated
|clearpoke
|poke|p1|Talonflame, F
|poke|p1|Pinsir, M, shiny
|poke|p1|Greninja, F
|poke|p1|Latios, M
|poke|p1|Tyranitar, F
|poke|p1|Reuniclus, F
|poke|p2|Weavile, M
|poke|p2|Skarmory, M
|poke|p2|Trevenant, F
|poke|p2|Heatran, M
|poke|p2|Umbreon, F
|poke|p2|Gyarados, M
|rule|Swagger Clause: Swagger is banned
|rule|Baton Pass Clause: Limit one PokÃ©mon knowing Baton Pass
|rule|Sleep Clause Mod: Limit one foe put to sleep
|rule|Species Clause: Limit one of each PokÃ©mon
|rule|OHKO Clause: OHKO moves are banned
|rule|Moody Clause: Moody is banned
|rule|Evasion Moves Clause: Evasion moves are banned
|rule|Endless Battle Clause: Forcing endless battles is banned
|rule|HP Percentage Mod: HP is reported as percentages
|teampreview
|join|diobel64
|join|CSS)bleachzxzx
|
|start
|switch|p1a: Greninja|Greninja, F|285\/285
|switch|p2a: Gyarados|Gyarados, M|332\/332
|-ability|p2a: Gyarados|Intimidate|[of] p1a: Greninja
|-unboost|p1a: Greninja|atk|1
|turn|1
|
|move|p1a: Greninja|U-turn|p2a: Gyarados
|-start|p1a: Greninja|typechange|Bug|[from] Protean
|-resisted|p2a: Gyarados
|-damage|p2a: Gyarados|287\/332
|-damage|p1a: Greninja|257\/285|[from] item: Life Orb
|chat|diobel64|hidden thunder
|chat|Sweet Symphony|no tengo como romper a ese gyarados :[
|
|switch|p1a: Latios|Latios, M|302\/302
|move|p2a: Gyarados|Earthquake|p1a: Latios
|-immune|p1a: Latios|[msg]
|
|turn|2
|chat|Sweet Symphony|lel
|chat|diobel64|es gracioso porque
|chat|diobel64|si metia una dd te sweepeaba desde aqui
|chat|diobel64|lol
|chat|Sweet Symphony|nel no mata a latios
|
|detailschange|p2a: Gyarados|Gyarados-Mega, M
|message|Gyarados has Mega Evolved into Mega Gyarados!
|-ability|p2a: Gyarados|Mold Breaker
|move|p1a: Latios|Draco Meteor|p2a: Gyarados
|-damage|p2a: Gyarados|20\/332
|-unboost|p1a: Latios|spa|2
|move|p2a: Gyarados|Dragon Dance|p2a: Gyarados
|-boost|p2a: Gyarados|atk|1
|-boost|p2a: Gyarados|spe|1
|
|turn|3
|chat|Sweet Symphony|ni con ice fang
|chat|diobel64|shi
|chat|Sweet Symphony|wow
|chat|Sweet Symphony|such defenses
|chat|diobel64|que item tienes en esa mierda?
|chat|Sweet Symphony|soy specs
|chat|Sweet Symphony|lel
|chat|Sweet Symphony|tal vez quede mejor scurf
|chat|Sweet Symphony|si si
|chat|diobel64|no
|chat|diobel64|ponle terremoto
|chat|diobel64|gg heatran
|
|move|p2a: Gyarados|Bite|p1a: Latios
|-supereffective|p1a: Latios
|-damage|p1a: Latios|0 fnt
|faint|p1a: Latios
|
|chat|Sweet Symphony|pero ese es con life orb
|chat|diobel64|GGGGGG
|chat|Sweet Symphony|ah mira pos bite
|chat|Sweet Symphony|dionub tengo 3 con prioridad :p
|chat|diobel64|bite con stab
|
|switch|p1a: ASLKJGNASLJFAJS|Pinsir, M, shiny|272\/272
|turn|4
|chat|diobel64|gg :]
|
|move|p1a: ASLKJGNASLJFAJS|Feint|p2a: Gyarados
|-damage|p2a: Gyarados|0 fnt
|faint|p2a: Gyarados
|-boost|p1a: ASLKJGNASLJFAJS|atk|1|[from] ability: Moxie
|
|chat|Sweet Symphony|gg :]
|
|switch|p2a: Skarmory|Skarmory, M|334\/334
|turn|5
|
|detailschange|p1a: ASLKJGNASLJFAJS|Pinsir-Mega, M, shiny
|message|Pinsir has Mega Evolved into Mega Pinsir!
|move|p1a: ASLKJGNASLJFAJS|Swords Dance|p1a: ASLKJGNASLJFAJS
|-boost|p1a: ASLKJGNASLJFAJS|atk|2
|move|p2a: Skarmory|Roar|p1a: ASLKJGNASLJFAJS
|drag|p1a: Reuniclus|Reuniclus, F|424\/424
|
|turn|6
|chat|Sweet Symphony|ywy
|
|move|p2a: Skarmory|Stealth Rock|p1a: Reuniclus
|-sidestart|p1: Sweet Symphony|move: Stealth Rock
|move|p1a: Reuniclus|Calm Mind|p1a: Reuniclus
|-boost|p1a: Reuniclus|spa|1
|-boost|p1a: Reuniclus|spd|1
|
|turn|7
|
|move|p1a: Reuniclus|Focus Blast|p2a: Skarmory
|-damage|p2a: Skarmory|129\/334
|move|p2a: Skarmory|Roar|p1a: Reuniclus
|drag|p1a: ASLKJGNASLJFAJS|Pinsir-Mega, M, shiny|272\/272
|-damage|p1a: ASLKJGNASLJFAJS|136\/272|[from] Stealth Rock
|
|turn|8
|chat|Sweet Symphony|no tengo otro defoger jajaja
|chat|Sweet Symphony|verga XD
|
|move|p1a: ASLKJGNASLJFAJS|Swords Dance|p1a: ASLKJGNASLJFAJS
|-boost|p1a: ASLKJGNASLJFAJS|atk|2
|move|p2a: Skarmory|Roost|p2a: Skarmory
|-heal|p2a: Skarmory|296\/334
|
|turn|9
|
|move|p1a: ASLKJGNASLJFAJS|Close Combat|p2a: Skarmory
|-damage|p2a: Skarmory|117\/334
|-damage|p1a: ASLKJGNASLJFAJS|91\/272|[from] item: Rocky Helmet|[of] p2a: Skarmory
|-unboost|p1a: ASLKJGNASLJFAJS|def|1
|-unboost|p1a: ASLKJGNASLJFAJS|spd|1
|move|p2a: Skarmory|Roar|p1a: ASLKJGNASLJFAJS
|drag|p1a: Greninja|Greninja, F|257\/285
|-damage|p1a: Greninja|222\/285|[from] Stealth Rock
|
|turn|10
|chat|Sweet Symphony|nada mal
|
|switch|p2a: Weavile|Weavile, M|282\/282
|-ability|p2a: Weavile|Pressure
|move|p1a: Greninja|Ice Beam|p2a: Weavile
|-start|p1a: Greninja|typechange|Ice|[from] Protean
|-resisted|p2a: Weavile
|-damage|p2a: Weavile|188\/282
|-damage|p1a: Greninja|194\/285|[from] item: Life Orb
|
|turn|11
|
|switch|p1a: ASLKJGNASLJFAJS|Pinsir-Mega, M, shiny|91\/272
|-damage|p1a: ASLKJGNASLJFAJS|0 fnt|[from] Stealth Rock
|faint|p1a: ASLKJGNASLJFAJS
|move|p2a: Weavile|Knock Off|p1: ASLKJGNASLJFAJS|[notarget]
|-notarget
|
|
|switch|p1a: Talonflame|Talonflame, F|298\/298
|-damage|p1a: Talonflame|149\/298|[from] Stealth Rock
|turn|12
|
|switch|p2a: Heatran|Heatran, M|386\/386
|move|p1a: Talonflame|Will-O-Wisp|p2a: Heatran
|-start|p2a: Heatran|ability: Flash Fire
|
|-heal|p1a: Talonflame|167\/298|[from] item: Leftovers
|turn|13
|chat|Sweet Symphony|hu333333
|
|move|p1a: Talonflame|Roost|p1a: Talonflame
|-heal|p1a: Talonflame|298\/298
|move|p2a: Heatran|Flamethrower|p1a: Talonflame
|-resisted|p1a: Talonflame
|-damage|p1a: Talonflame|50\/298
|
|-heal|p1a: Talonflame|68\/298|[from] item: Leftovers
|turn|14
|
|move|p1a: Talonflame|Brave Bird|p2a: Heatran
|-crit|p2a: Heatran
|-resisted|p2a: Heatran
|-damage|p2a: Heatran|266\/386
|-damage|p1a: Talonflame|28\/298|[from] recoil|[of] p2a: Heatran
|move|p2a: Heatran|Flamethrower|p1a: Talonflame
|-resisted|p1a: Talonflame
|-damage|p1a: Talonflame|0 fnt
|faint|p1a: Talonflame
|
|
|switch|p1a: Tyranitar|Tyranitar, F|403\/403
|-damage|p1a: Tyranitar|353\/403|[from] Stealth Rock
|-weather|Sandstorm
|turn|15
|
|switch|p2a: Trevenant|Trevenant, F|374\/374
|move|p1a: Tyranitar|Stealth Rock|p2a: Trevenant
|-sidestart|p2: TEOA 2|move: Stealth Rock
|
|-weather|Sandstorm|[upkeep]
|-damage|p2a: Trevenant|351\/374|[from] sandstorm
|-heal|p1a: Tyranitar|378\/403|[from] item: Leftovers
|turn|16
|
|move|p2a: Trevenant|Will-O-Wisp|p1a: Tyranitar
|-status|p1a: Tyranitar|brn
|move|p1a: Tyranitar|Fire Blast|p2a: Trevenant
|-supereffective|p2a: Trevenant
|-damage|p2a: Trevenant|209\/374
|
|-weather|Sandstorm|[upkeep]
|-damage|p2a: Trevenant|186\/374|[from] sandstorm
|-heal|p1a: Tyranitar|403\/403 brn|[from] item: Leftovers
|-damage|p1a: Tyranitar|353\/403 brn|[from] brn
|-enditem|p2a: Trevenant|Sitrus Berry|[eat]
|-heal|p2a: Trevenant|279\/374|[from] item: Sitrus Berry
|turn|17
|
|move|p2a: Trevenant|Horn Leech|p1a: Tyranitar
|-supereffective|p1a: Tyranitar
|-damage|p1a: Tyranitar|171\/403 brn
|-heal|p2a: Trevenant|370\/374|[from] drain|[of] p1a: Tyranitar
|move|p1a: Tyranitar|Fire Blast|p2a: Trevenant
|-supereffective|p2a: Trevenant
|-damage|p2a: Trevenant|234\/374
|
|-weather|Sandstorm|[upkeep]
|-damage|p2a: Trevenant|211\/374|[from] sandstorm
|-heal|p1a: Tyranitar|196\/403 brn|[from] item: Leftovers
|-damage|p1a: Tyranitar|146\/403 brn|[from] brn
|-item|p2a: Trevenant|Sitrus Berry|[from] ability: Harvest
|turn|18
|
|move|p2a: Trevenant|Horn Leech|p1a: Tyranitar
|-supereffective|p1a: Tyranitar
|-damage|p1a: Tyranitar|0 fnt
|-heal|p2a: Trevenant|284\/374|[from] drain|[of] p1a: Tyranitar
|faint|p1a: Tyranitar
|
|-weather|Sandstorm|[upkeep]
|-damage|p2a: Trevenant|261\/374|[from] sandstorm
|chat|diobel64|neo
|chat|diobel64|te acuerdas de como me haxearon en war con las hydro miss?
|chat|Sweet Symphony|si
|
|switch|p1a: Greninja|Greninja, F|194\/285
|-damage|p1a: Greninja|159\/285|[from] Stealth Rock
|turn|19
|chat|diobel64|ahora un rotom acaba de fallar
|join|M13 Jhog
|chat|diobel64|y el tio se cabreo
|
|move|p1a: Greninja|Ice Beam|p2a: Trevenant
|-start|p1a: Greninja|typechange|Ice|[from] Protean
|-supereffective|p2a: Trevenant
|-damage|p2a: Trevenant|0 fnt
|-damage|p1a: Greninja|131\/285|[from] item: Life Orb
|faint|p2a: Trevenant
|
|-weather|none
|chat|diobel64|j3j3j3
|chat|Sweet Symphony|jajajaja
|
|switch|p2a: Weavile|Weavile, M|188\/282
|-damage|p2a: Weavile|118\/282|[from] Stealth Rock
|-ability|p2a: Weavile|Pressure
|turn|20
|chat|CSS)bleachzxzx|sweet es neo?
|chat|diobel64|si
|chat|Sweet Symphony|no
|chat|Sweet Symphony|:T
|chat|Sweet Symphony|soy un  nub
|chat|Sweet Symphony|que no sabe hacer teams
|chat|Sweet Symphony|ywy
|chat|diobel64|igual que neo
|chat|CSS)bleachzxzx|lol
|chat|M13 Jhog|NEO NUVAZA
|
|move|p2a: Weavile|Knock Off|p1a: Greninja
|-damage|p1a: Greninja|0 fnt
|-enditem|p1a: Greninja|Life Orb|[from] move: Knock Off|[of] p2a: Weavile
|-damage|p2a: Weavile|90\/282|[from] item: Life Orb
|faint|p1a: Greninja
|
|chat|diobel64|pls yo hasta los ripeo
|
|switch|p1a: Reuniclus|Reuniclus, F|424\/424
|turn|21
|chat|diobel64|ywy
|chat|Sweet Symphony|aun se puede ywy
|
|move|p2a: Weavile|Knock Off|p1a: Reuniclus
|-supereffective|p1a: Reuniclus
|-damage|p1a: Reuniclus|73\/424
|-enditem|p1a: Reuniclus|Leftovers|[from] move: Knock Off|[of] p2a: Weavile
|-damage|p2a: Weavile|62\/282|[from] item: Life Orb
|move|p1a: Reuniclus|Recover|p1a: Reuniclus
|-heal|p1a: Reuniclus|285\/424
|
|turn|22
|chat|Sweet Symphony|nel ya no jajajaja
|
|move|p2a: Weavile|Swords Dance|p2a: Weavile
|-boost|p2a: Weavile|atk|2
|move|p1a: Reuniclus|Recover|p1a: Reuniclus
|-heal|p1a: Reuniclus|424\/424
|
|turn|23
|chat|Sweet Symphony|si lo sabia
|chat|Sweet Symphony|:c
|chat|M13 Jhog|QUE NUVAZA
|
|move|p2a: Weavile|Knock Off|p1a: Reuniclus
|-supereffective|p1a: Reuniclus
|-damage|p1a: Reuniclus|0 fnt
|-damage|p2a: Weavile|34\/282|[from] item: Life Orb
|faint|p1a: Reuniclus
|
|win|TEOA 2
|raw|Ladder updating...
|raw|Sweet Symphony's rating: 1599 &rarr; <strong>1576<\/strong><br \/>(-23 for losing)
|raw|TEOA 2's rating: 1546 &rarr; <strong>1569<\/strong><br \/>(+23 for winning)
|chat|Sweet Symphony|que puta
|chat|Sweet Symphony|uwu
|chat|CSS)bleachzxzx|kk
|chat|Sweet Symphony|aun es nub este team