|join|toiletpkay
|join|Sweet Symphony
|player|p1|toiletpkay|293
|player|p2|Sweet Symphony|146
|gametype|singles
|gen|6
|tier|OU
|rated
|clearpoke
|poke|p1|Azumarill, F
|poke|p1|Victini
|poke|p1|Manectric, M
|poke|p1|Scizor, F
|poke|p1|Landorus-Therian, M
|poke|p1|Keldeo
|poke|p2|Azumarill, M
|poke|p2|Thundurus, M
|poke|p2|Diggersby, M
|poke|p2|Azelf
|poke|p2|Heracross, M
|poke|p2|Gyarados, F
|rule|Swagger Clause: Swagger is banned
|rule|Baton Pass Clause: Limit one PokÃ©mon knowing Baton Pass
|rule|Sleep Clause Mod: Limit one foe put to sleep
|rule|Species Clause: Limit one of each PokÃ©mon
|rule|OHKO Clause: OHKO moves are banned
|rule|Moody Clause: Moody is banned
|rule|Evasion Moves Clause: Evasion moves are banned
|rule|Endless Battle Clause: Forcing endless battles is banned
|rule|HP Percentage Mod: HP is shown in percentages
|teampreview
|join|G Herbo
|c| G Herbo|that magic blade guys copies imo 
|c|âSweet Symphony|what?
|
|start
|switch|p1a: Landorus-Therian|Landorus-Therian, M|350\/350
|switch|p2a: Azumarill|Azumarill, M|379\/379
|-ability|p1a: Landorus-Therian|Intimidate|[of] p2a: Azumarill
|-unboost|p2a: Azumarill|atk|1
|turn|1
|c|âtoiletpkay|yer
|c| G Herbo|@toiletpkay
|
|move|p1a: Landorus-Therian|Earthquake|p2a: Azumarill
|-damage|p2a: Azumarill|147\/379
|move|p2a: Azumarill|Waterfall|p1a: Landorus-Therian
|-crit|p1a: Landorus-Therian
|-supereffective|p1a: Landorus-Therian
|-damage|p1a: Landorus-Therian|0 fnt
|faint|p1a: Landorus-Therian
|
|c| G Herbo|,
|
|switch|p1a: Manectric|Manectric, M|281\/281
|turn|2
|c|âSweet Symphony|rip
|
|detailschange|p1a: Manectric|Manectric-Mega, M
|message|Manectric has Mega Evolved into Mega Manectric!
|-ability|p1a: Manectric|Intimidate|[of] p2a: Azumarill
|-unboost|p2a: Azumarill|atk|1
|move|p1a: Manectric|Hidden Power|p2a: Azumarill
|-resisted|p2a: Azumarill
|-damage|p2a: Azumarill|119\/379
|move|p2a: Azumarill|Play Rough|p1a: Manectric
|-damage|p1a: Manectric|167\/281
|
|turn|3
|join|masati 4
|
|switch|p2a: Diggersby|Diggersby, M|312\/312
|move|p1a: Manectric|Volt Switch|p2a: Diggersby
|-immune|p2a: Diggersby|[msg]
|
|turn|4
|
|switch|p1a: Scizor|Scizor, F|281\/281
|move|p2a: Diggersby|Earthquake|p1a: Scizor
|-damage|p1a: Scizor|34\/281
|
|turn|5
|
|move|p1a: Scizor|Pursuit|p2a: Diggersby|[from]Pursuit
|-damage|p2a: Diggersby|171\/312
|switch|p2a: Gyarados|Gyarados, F|332\/332
|-ability|p2a: Gyarados|Intimidate|[of] p1a: Scizor
|-unboost|p1a: Scizor|atk|1
|
|turn|6
|c|âSweet Symphony|wuuuuuuuuuuuuut
|c|âSweet Symphony|how do you know it?
|c|âtoiletpkay|i just like to predict
|
|switch|p1a: Manectric|Manectric-Mega, M|167\/281
|-ability|p1a: Manectric|Intimidate|[of] p2a: Gyarados
|-unboost|p2a: Gyarados|atk|1
|move|p2a: Gyarados|Dragon Dance|p2a: Gyarados
|-boost|p2a: Gyarados|atk|1
|-boost|p2a: Gyarados|spe|1
|
|turn|7
|c|âSweet Symphony|op
|c|âtoiletpkay|your sash is gone now
|
|detailschange|p2a: Gyarados|Gyarados-Mega, F
|message|Gyarados has Mega Evolved into Mega Gyarados!
|-ability|p2a: Gyarados|Mold Breaker
|move|p2a: Gyarados|Earthquake|p1a: Manectric
|-supereffective|p1a: Manectric
|-damage|p1a: Manectric|0 fnt
|faint|p1a: Manectric
|
|
|switch|p1a: Keldeo|Keldeo|323\/323
|turn|8
|c|âSweet Symphony|and your manectric
|c|âSweet Symphony|:u
|
|switch|p2a: Azelf|Azelf|291\/291
|move|p1a: Keldeo|Secret Sword|p2a: Azelf
|-resisted|p2a: Azelf
|-damage|p2a: Azelf|186\/291
|
|turn|9
|
|switch|p1a: Scizor|Scizor, F|34\/281
|move|p2a: Azelf|Stealth Rock|p1a: Scizor
|-sidestart|p1: toiletpkay|move: Stealth Rock
|
|turn|10
|
|switch|p2a: Gyarados|Gyarados-Mega, F|332\/332
|-ability|p2a: Gyarados|Mold Breaker
|move|p1a: Scizor|Bullet Punch|p2a: Gyarados
|-resisted|p2a: Gyarados
|-damage|p2a: Gyarados|281\/332
|
|turn|11
|c|âSweet Symphony|gg
|
|move|p2a: Gyarados|Earthquake|p1a: Scizor
|-damage|p1a: Scizor|0 fnt
|faint|p1a: Scizor
|
|
|switch|p1a: Keldeo|Keldeo|323\/323
|-damage|p1a: Keldeo|303\/323|[from] Stealth Rock
|turn|12
|
|switch|p2a: Azelf|Azelf|186\/291
|move|p1a: Keldeo|Substitute|p1a: Keldeo
|-start|p1a: Keldeo|Substitute
|-damage|p1a: Keldeo|223\/323
|
|turn|13
|
|move|p2a: Azelf|Explosion|p1a: Keldeo
|-crit|p1a: Keldeo
|-end|p1a: Keldeo|Substitute
|faint|p2a: Azelf
|move|p1a: Keldeo|Scald|p2: Azelf|[notarget]
|-notarget
|
|
|switch|p2a: Thundurus|Thundurus, M|300\/300
|turn|14
|
|move|p2a: Thundurus|Thunderbolt|p1a: Keldeo
|-crit|p1a: Keldeo
|-supereffective|p1a: Keldeo
|-damage|p1a: Keldeo|0 fnt
|faint|p1a: Keldeo
|
|
|switch|p1a: Victini|Victini|341\/341
|-damage|p1a: Victini|256\/341|[from] Stealth Rock
|turn|15
|
|move|p2a: Thundurus|Thunderbolt|p1a: Victini
|-damage|p1a: Victini|93\/341
|move|p1a: Victini|Bolt Strike|p2a: Thundurus
|-damage|p2a: Thundurus|114\/300
|
|-heal|p2a: Thundurus|132\/300|[from] item: Leftovers
|turn|16
|
|move|p2a: Thundurus|Thunderbolt|p1a: Victini
|-damage|p1a: Victini|0 fnt
|faint|p1a: Victini
|
|-heal|p2a: Thundurus|150\/300|[from] item: Leftovers
|c|âSweet Symphony|no scarf?
|c|âtoiletpkay|man i got rusty
|c|âtoiletpkay|took to much of a break
|c|âtoiletpkay|gg
|c|âSweet Symphony|gg
|-message|toiletpkay forfeited.
|
|win|Sweet Symphony
|raw|Ladder updating...
|leave|toiletpkay
|player|p1
|raw|toiletpkay's rating: 1816 &rarr; <strong>1790<\/strong><br \/>(-26 for losing)
|raw|Sweet Symphony's rating: 1702 &rarr; <strong>1729<\/strong><br \/>(+27 for winning)