|join|Burial at Sea
|join|Sweet Symphony
|player|p1|Burial at Sea|70
|player|p2|Sweet Symphony|114
|gametype|singles
|gen|6
|tier|OU
|rated
|clearpoke
|poke|p1|Chansey, F
|poke|p1|Sylveon, M
|poke|p1|Gothitelle, F, shiny
|poke|p1|Wobbuffet, M
|poke|p1|Mew, shiny
|poke|p1|Quagsire, M
|poke|p2|Landorus-Therian, M
|poke|p2|Azumarill, F
|poke|p2|Scizor, F
|poke|p2|Venusaur, M
|poke|p2|Zapdos
|poke|p2|Chansey, F
|rule|Swagger Clause: Swagger is banned
|rule|Baton Pass Clause: Limit one PokÃ©mon knowing Baton Pass
|rule|Sleep Clause Mod: Limit one foe put to sleep
|rule|Species Clause: Limit one of each PokÃ©mon
|rule|OHKO Clause: OHKO moves are banned
|rule|Moody Clause: Moody is banned
|rule|Evasion Moves Clause: Evasion moves are banned
|rule|Endless Battle Clause: Forcing endless battles is banned
|rule|HP Percentage Mod: HP is shown in percentages
|teampreview
|chat|Sweet Symphony|pure stall :o
|
|start
|switch|p1a: Wobbuffet|Wobbuffet, M|584\/584
|switch|p2a: Scizor|Scizor, F|281\/281
|turn|1
|
|switch|p1a: Quagsire|Quagsire, M|394\/394
|move|p2a: Scizor|U-turn|p1a: Quagsire
|-damage|p1a: Quagsire|243\/394
|
|switch|p2a: Venusaur|Venusaur, M|364\/364
|
|-heal|p1a: Quagsire|267\/394|[from] item: Leftovers
|turn|2
|
|switch|p2a: Scizor|Scizor, F|281\/281
|switch|p1a: Mew|Mew, shiny|404\/404
|
|turn|3
|chat|Burial at Sea|wth
|chat|Burial at Sea|this is hype roffense
|
|move|p1a: Mew|Will-O-Wisp|p2a: Scizor
|-status|p2a: Scizor|brn
|move|p2a: Scizor|Pursuit|p1a: Mew
|-supereffective|p1a: Mew
|-damage|p1a: Mew|316\/404
|
|-heal|p1a: Mew|341\/404|[from] item: Leftovers
|-damage|p2a: Scizor|246\/281 brn|[from] brn
|turn|4
|chat|Sweet Symphony|obviusly
|
|switch|p2a: Chansey|Chansey, F|704\/704
|move|p1a: Mew|Will-O-Wisp|p2a: Chansey
|-status|p2a: Chansey|brn
|
|-heal|p1a: Mew|366\/404|[from] item: Leftovers
|-damage|p2a: Chansey|616\/704 brn|[from] brn
|turn|5
|chat|Burial at Sea|dude
|chat|Burial at Sea|we suck at spelling
|chat|Sweet Symphony|jajajaja
|chat|Sweet Symphony|sorry
|
|move|p1a: Mew|Will-O-Wisp|p2a: Chansey
|-fail|p2a: Chansey|brn
|move|p2a: Chansey|Seismic Toss|p1a: Mew
|-damage|p1a: Mew|266\/404
|
|-heal|p1a: Mew|291\/404|[from] item: Leftovers
|-damage|p2a: Chansey|528\/704 brn|[from] brn
|turn|6
|
|switch|p1a: Gothitelle|Gothitelle, F, shiny|301\/301
|move|p2a: Chansey|Heal Bell|p2a: Chansey
|-cureteam|p2a: Chansey|[from] move: HealBell
|
|turn|7
|
|move|p1a: Gothitelle|Trick|p2a: Chansey
|-activate|p1a: Gothitelle|move: Trick|[of] p2a: Chansey
|-item|p2a: Chansey|Choice Scarf|[from] move: Trick
|-item|p1a: Gothitelle|Eviolite|[from] move: Trick
|move|p2a: Chansey|Seismic Toss|p1a: Gothitelle
|-damage|p1a: Gothitelle|201\/301
|
|turn|8
|
|move|p1a: Gothitelle|Rest|p1a: Gothitelle
|-status|p1a: Gothitelle|slp
|-heal|p1a: Gothitelle|301\/301 slp|[silent]
|-status|p1a: Gothitelle|slp|[from] move: Rest
|move|p2a: Chansey|Seismic Toss|p1a: Gothitelle
|-damage|p1a: Gothitelle|201\/301 slp
|
|turn|9
|chat|Sweet Symphony|ugh no that set
|
|cant|p1a: Gothitelle|slp
|move|p2a: Chansey|Seismic Toss|p1a: Gothitelle
|-damage|p1a: Gothitelle|101\/301 slp
|
|turn|10
|chat|Sweet Symphony|uwu
|
|cant|p1a: Gothitelle|slp
|move|p2a: Chansey|Seismic Toss|p1a: Gothitelle
|-damage|p1a: Gothitelle|1\/301 slp
|
|turn|11
|
|-curestatus|p1a: Gothitelle|slp
|move|p1a: Gothitelle|Rest|p1a: Gothitelle
|-status|p1a: Gothitelle|slp
|-heal|p1a: Gothitelle|301\/301 slp|[silent]
|-status|p1a: Gothitelle|slp|[from] move: Rest
|move|p2a: Chansey|Seismic Toss|p1a: Gothitelle
|-damage|p1a: Gothitelle|201\/301 slp
|
|turn|12
|
|cant|p1a: Gothitelle|slp
|move|p2a: Chansey|Seismic Toss|p1a: Gothitelle
|-damage|p1a: Gothitelle|101\/301 slp
|
|turn|13
|chat|Sweet Symphony|i hate that set
|
|cant|p1a: Gothitelle|slp
|move|p2a: Chansey|Seismic Toss|p1a: Gothitelle
|-damage|p1a: Gothitelle|1\/301 slp
|
|turn|14
|chat|Burial at Sea|it takes quite a while 
|
|-curestatus|p1a: Gothitelle|slp
|move|p1a: Gothitelle|Trick|p2a: Chansey
|-activate|p1a: Gothitelle|move: Trick|[of] p2a: Chansey
|-item|p2a: Chansey|Eviolite|[from] move: Trick
|-item|p1a: Gothitelle|Choice Scarf|[from] move: Trick
|move|p2a: Chansey|Seismic Toss|p1a: Gothitelle
|-damage|p1a: Gothitelle|0 fnt
|faint|p1a: Gothitelle
|
|chat|Burial at Sea|wow
|chat|Burial at Sea|i misclicked
|chat|Burial at Sea|sigh
|chat|Sweet Symphony|jajajajajajajjajaja
|
|switch|p1a: Mew|Mew, shiny|291\/404
|turn|15
|chat|Sweet Symphony|thanks :3
|
|move|p1a: Mew|Taunt|p2a: Chansey
|-start|p2a: Chansey|move: Taunt
|cant|p2a: Chansey|move: Taunt|Thunder Wave
|
|-heal|p1a: Mew|316\/404|[from] item: Leftovers
|turn|16
|chat|Sweet Symphony|uwu
|
|move|p1a: Mew|Will-O-Wisp|p2a: Chansey|[miss]
|-miss|p1a: Mew|p2a: Chansey
|move|p2a: Chansey|Seismic Toss|p1a: Mew
|-damage|p1a: Mew|216\/404
|
|-heal|p1a: Mew|241\/404|[from] item: Leftovers
|turn|17
|
|move|p1a: Mew|Soft-Boiled|p1a: Mew
|-heal|p1a: Mew|404\/404
|move|p2a: Chansey|Seismic Toss|p1a: Mew
|-damage|p1a: Mew|304\/404
|
|-heal|p1a: Mew|329\/404|[from] item: Leftovers
|-end|p2a: Chansey|move: Taunt
|turn|18
|
|switch|p2a: Zapdos|Zapdos|384\/384
|-ability|p2a: Zapdos|Pressure
|move|p1a: Mew|Taunt|p2a: Zapdos
|-start|p2a: Zapdos|move: Taunt
|
|-heal|p1a: Mew|354\/404|[from] item: Leftovers
|turn|19
|
|move|p1a: Mew|Will-O-Wisp|p2a: Zapdos
|-status|p2a: Zapdos|brn
|move|p2a: Zapdos|Volt Switch|p1a: Mew
|-damage|p1a: Mew|257\/404
|
|switch|p2a: Landorus-Therian|Landorus-Therian, M|364\/364
|-ability|p2a: Landorus-Therian|Intimidate|[of] p1a: Mew
|-unboost|p1a: Mew|atk|1
|
|-heal|p1a: Mew|282\/404|[from] item: Leftovers
|turn|20
|
|move|p1a: Mew|Will-O-Wisp|p2a: Landorus-Therian
|-status|p2a: Landorus-Therian|brn
|move|p2a: Landorus-Therian|Stealth Rock|p1a: Mew
|-sidestart|p1: Burial at Sea|move: Stealth Rock
|
|-heal|p1a: Mew|307\/404|[from] item: Leftovers
|-damage|p2a: Landorus-Therian|319\/364 brn|[from] brn
|turn|21
|
|move|p1a: Mew|Defog|p2a: Landorus-Therian
|-unboost|p2a: Landorus-Therian|evasion|1
|-sideend|p1: Burial at Sea|Stealth Rock|[from] move: Defog|[of] p1a: Mew
|move|p2a: Landorus-Therian|Knock Off|p1a: Mew
|-supereffective|p1a: Mew
|-damage|p1a: Mew|211\/404
|-enditem|p1a: Mew|Leftovers|[from] move: Knock Off|[of] p2a: Landorus-Therian
|
|-heal|p2a: Landorus-Therian|341\/364 brn|[from] item: Leftovers
|-damage|p2a: Landorus-Therian|296\/364 brn|[from] brn
|turn|22
|
|switch|p2a: Chansey|Chansey, F|528\/704
|move|p1a: Mew|Soft-Boiled|p1a: Mew
|-heal|p1a: Mew|404\/404
|
|turn|23
|
|move|p1a: Mew|Taunt|p2a: Chansey
|-start|p2a: Chansey|move: Taunt
|move|p2a: Chansey|Seismic Toss|p1a: Mew
|-damage|p1a: Mew|304\/404
|
|turn|24
|
|move|p1a: Mew|Will-O-Wisp|p2a: Chansey|[miss]
|-miss|p1a: Mew|p2a: Chansey
|move|p2a: Chansey|Seismic Toss|p1a: Mew
|-damage|p1a: Mew|204\/404
|
|turn|25
|
|switch|p2a: Scizor|Scizor, F|246\/281
|move|p1a: Mew|Soft-Boiled|p1a: Mew
|-heal|p1a: Mew|404\/404
|
|turn|26
|
|move|p1a: Mew|Will-O-Wisp|p2a: Scizor|[miss]
|-miss|p1a: Mew|p2a: Scizor
|move|p2a: Scizor|U-turn|p1a: Mew
|-supereffective|p1a: Mew
|-damage|p1a: Mew|90\/404
|chat|Sweet Symphony|:'D
|chat|Burial at Sea|you so did not deserve this
|chat|Sweet Symphony|i hate mew
|chat|Sweet Symphony|:3
|chat|Burial at Sea|kill yourself 
|chat|Sweet Symphony|ok
|chat|Sweet Symphony|uwu
|
|switch|p2a: Azumarill|Azumarill, F|386\/386
|
|turn|27
|
|move|p2a: Azumarill|Aqua Jet|p1a: Mew
|-damage|p1a: Mew|27\/404
|move|p1a: Mew|Soft-Boiled|p1a: Mew
|-heal|p1a: Mew|229\/404
|
|turn|28
|chat|Sweet Symphony|jajajajajajaja
|chat|Sweet Symphony|XD
|
|move|p1a: Mew|Will-O-Wisp|p2a: Azumarill
|-status|p2a: Azumarill|brn
|move|p2a: Azumarill|Play Rough|p1a: Mew
|-damage|p1a: Mew|154\/404
|
|-damage|p2a: Azumarill|338\/386 brn|[from] brn
|turn|29
|
|switch|p2a: Venusaur|Venusaur, M|364\/364
|move|p1a: Mew|Soft-Boiled|p1a: Mew
|-heal|p1a: Mew|356\/404
|
|turn|30
|chat|Sweet Symphony|cant touch it
|chat|Sweet Symphony|:3
|
|detailschange|p2a: Venusaur|Venusaur-Mega, M
|message|Venusaur has Mega Evolved into Mega Venusaur!
|move|p1a: Mew|Taunt|p2a: Venusaur
|-start|p2a: Venusaur|move: Taunt
|move|p2a: Venusaur|Sludge Bomb|p1a: Mew
|-damage|p1a: Mew|232\/404
|-status|p1a: Mew|psn
|
|-damage|p1a: Mew|182\/404 psn|[from] psn
|turn|31
|chat|Sweet Symphony|uff
|
|switch|p2a: Chansey|Chansey, F|528\/704
|move|p1a: Mew|Soft-Boiled|p1a: Mew
|-heal|p1a: Mew|384\/404 psn
|
|-damage|p1a: Mew|334\/404 psn|[from] psn
|turn|32
|
|move|p1a: Mew|Taunt|p2a: Chansey
|-start|p2a: Chansey|move: Taunt
|move|p2a: Chansey|Seismic Toss|p1a: Mew
|-damage|p1a: Mew|234\/404 psn
|
|-damage|p1a: Mew|184\/404 psn|[from] psn
|turn|33
|
|switch|p1a: Sylveon|Sylveon, M|394\/394
|switch|p2a: Zapdos|Zapdos|384\/384 brn
|-ability|p2a: Zapdos|Pressure
|
|-damage|p2a: Zapdos|336\/384 brn|[from] brn
|turn|34
|
|move|p2a: Zapdos|Volt Switch|p1a: Sylveon
|-damage|p1a: Sylveon|321\/394
|
|switch|p2a: Chansey|Chansey, F|528\/704
|move|p1a: Sylveon|Heal Bell|p1a: Sylveon
|-cureteam|p1a: Sylveon|[from] move: HealBell
|
|-heal|p1a: Sylveon|345\/394|[from] item: Leftovers
|turn|35
|chat|Sweet Symphony|:3
|chat|Burial at Sea|I hope you get cancer
|
|switch|p1a: Wobbuffet|Wobbuffet, M|584\/584
|move|p2a: Chansey|Heal Bell|p2a: Chansey
|-cureteam|p2a: Chansey|[from] move: HealBell
|
|turn|36
|chat|Sweet Symphony|oh thanks
|
|move|p2a: Chansey|Thunder Wave|p1a: Wobbuffet
|-status|p1a: Wobbuffet|par
|move|p1a: Wobbuffet|Encore|p2a: Chansey
|-start|p2a: Chansey|Encore
|
|turn|37
|chat|Sweet Symphony|encore me
|chat|Sweet Symphony|<3
|
|move|p2a: Chansey|Thunder Wave|p1a: Wobbuffet
|-fail|p1a: Wobbuffet|par
|move|p1a: Wobbuffet|Mirror Coat|p2a: Chansey
|-fail|p2a: Chansey
|
|turn|38
|
|move|p2a: Chansey|Thunder Wave|p1a: Wobbuffet
|-fail|p1a: Wobbuffet|par
|cant|p1a: Wobbuffet|par
|
|turn|39
|
|move|p2a: Chansey|Thunder Wave|p1a: Wobbuffet
|-fail|p1a: Wobbuffet|par
|move|p1a: Wobbuffet|Mirror Coat|p2a: Chansey
|-fail|p2a: Chansey
|
|-end|p2a: Chansey|Encore
|turn|40
|
|move|p2a: Chansey|Seismic Toss|p1a: Wobbuffet
|-damage|p1a: Wobbuffet|484\/584 par
|move|p1a: Wobbuffet|Encore|p2a: Chansey
|-start|p2a: Chansey|Encore
|
|turn|41
|
|move|p2a: Chansey|Seismic Toss|p1a: Wobbuffet
|-damage|p1a: Wobbuffet|384\/584 par
|cant|p1a: Wobbuffet|par
|
|turn|42
|
|move|p2a: Chansey|Seismic Toss|p1a: Wobbuffet
|-damage|p1a: Wobbuffet|284\/584 par
|move|p1a: Wobbuffet|Counter|p2a: Chansey
|-damage|p2a: Chansey|328\/704
|
|turn|43
|chat|Sweet Symphony|hu3hu3hu3
|
|move|p2a: Chansey|Seismic Toss|p1a: Wobbuffet
|-damage|p1a: Wobbuffet|184\/584 par
|cant|p1a: Wobbuffet|par
|
|-end|p2a: Chansey|Encore
|turn|44
|
|move|p2a: Chansey|Seismic Toss|p1a: Wobbuffet
|-damage|p1a: Wobbuffet|84\/584 par
|cant|p1a: Wobbuffet|par
|
|turn|45
|chat|Burial at Sea|kill yourself, cunt
|-message|Burial at Sea forfeited.
|
|win|Sweet Symphony
|raw|Ladder updating...
|leave|Burial at Sea
|player|p1
|raw|Burial at Sea's rating: 1911 &rarr; <strong>1882<\/strong><br \/>(-29 for losing)
|raw|Sweet Symphony's rating: 1738 &rarr; <strong>1767<\/strong><br \/>(+29 for winning)
|chat|Sweet Symphony|<3
|chat|Sweet Symphony|ty