|join|TimeTravel_2
|join|Sweet Symphony
|player|p1|TimeTravel_2|265
|player|p2|Sweet Symphony|114
|gametype|singles
|gen|6
|tier|OU
|rated
|clearpoke
|poke|p1|Garchomp, M
|poke|p1|Bisharp, M
|poke|p1|Breloom, M
|poke|p1|Charizard, F
|poke|p1|Azumarill, F
|poke|p1|Latias, F
|poke|p2|Reuniclus, M
|poke|p2|Conkeldurr, M
|poke|p2|Tyranitar, F
|poke|p2|Talonflame, M
|poke|p2|Bronzong
|poke|p2|Mawile, M
|rule|Swagger Clause: Swagger is banned
|rule|Baton Pass Clause: Limit one PokÃ©mon knowing Baton Pass
|rule|Sleep Clause Mod: Limit one foe put to sleep
|rule|Species Clause: Limit one of each PokÃ©mon
|rule|OHKO Clause: OHKO moves are banned
|rule|Moody Clause: Moody is banned
|rule|Evasion Moves Clause: Evasion moves are banned
|rule|Endless Battle Clause: Forcing endless battles is banned
|rule|HP Percentage Mod: HP is shown in percentages
|teampreview
|
|start
|switch|p1a: Garchomp|Garchomp, M|357\/357
|switch|p2a: Bronzong|Bronzong|338\/338
|turn|1
|
|move|p1a: Garchomp|Earthquake|p2a: Bronzong
|-immune|p2a: Bronzong|[msg]
|move|p2a: Bronzong|Stealth Rock|p1a: Garchomp
|-sidestart|p1: TimeTravel_2|move: Stealth Rock
|
|turn|2
|chat|Sweet Symphony|hahahahahahahaa
|
|move|p1a: Garchomp|Stealth Rock|p2a: Bronzong
|-sidestart|p2: Sweet Symphony|move: Stealth Rock
|move|p2a: Bronzong|Trick Room|p2a: Bronzong
|-fieldstart|move: Trick Room|[of] p2a: Bronzong
|
|turn|3
|
|move|p2a: Bronzong|Gyro Ball|p1a: Garchomp
|-damage|p1a: Garchomp|210\/357
|-damage|p2a: Bronzong|296\/338|[from] ability: Rough Skin|[of] p1a: Garchomp
|move|p1a: Garchomp|Swords Dance|p1a: Garchomp
|-boost|p1a: Garchomp|atk|2
|
|turn|4
|
|move|p2a: Bronzong|Explosion|p1a: Garchomp
|-damage|p1a: Garchomp|16\/357
|faint|p2a: Bronzong
|move|p1a: Garchomp|Outrage|p2: Bronzong|[notarget]
|-notarget
|
|
|switch|p2a: Mawile|Mawile, M|304\/304
|-damage|p2a: Mawile|285\/304|[from] Stealth Rock
|-ability|p2a: Mawile|Intimidate|[of] p1a: Garchomp
|-unboost|p1a: Garchomp|atk|1
|turn|5
|
|switch|p1a: Charizard|Charizard, F|359\/359
|-damage|p1a: Charizard|180\/359|[from] Stealth Rock
|detailschange|p2a: Mawile|Mawile-Mega, M
|message|Mawile has Mega Evolved into Mega Mawile!
|move|p2a: Mawile|Play Rough|p1a: Charizard
|-resisted|p1a: Charizard
|-damage|p1a: Charizard|0 fnt
|faint|p1a: Charizard
|
|
|switch|p1a: Breloom|Breloom, M|262\/262
|-damage|p1a: Breloom|246\/262|[from] Stealth Rock
|turn|6
|
|move|p1a: Breloom|Mach Punch|p2a: Mawile
|-damage|p2a: Mawile|203\/304
|move|p2a: Mawile|Play Rough|p1a: Breloom
|-supereffective|p1a: Breloom
|-damage|p1a: Breloom|0 fnt
|faint|p1a: Breloom
|
|-fieldend|move: Trick Room
|
|switch|p1a: Latias|Latias, F|301\/301
|-damage|p1a: Latias|264\/301|[from] Stealth Rock
|turn|7
|
|move|p1a: Latias|Defog|p2a: Mawile
|-unboost|p2a: Mawile|evasion|1
|-sideend|p2: Sweet Symphony|Stealth Rock|[from] move: Defog|[of] p2a: Mawile
|-sideend|p1: TimeTravel_2|Stealth Rock|[from] move: Defog|[of] p1a: Latias
|move|p2a: Mawile|Play Rough|p1a: Latias|[miss]
|-miss|p2a: Mawile|p1a: Latias
|
|turn|8
|chat|Sweet Symphony|>_>
|
|move|p1a: Latias|Defog|p2a: Mawile
|-unboost|p2a: Mawile|evasion|1
|move|p2a: Mawile|Play Rough|p1a: Latias
|-supereffective|p1a: Latias
|-damage|p1a: Latias|0 fnt
|faint|p1a: Latias
|
|
|switch|p1a: Garchomp|Garchomp, M|16\/357
|turn|9
|
|move|p2a: Mawile|Sucker Punch|p1a: Garchomp
|-fail|p1a: Garchomp
|move|p1a: Garchomp|Stealth Rock|p2a: Mawile
|-sidestart|p2: Sweet Symphony|move: Stealth Rock
|
|turn|10
|
|move|p2a: Mawile|Sucker Punch|p1a: Garchomp
|-damage|p1a: Garchomp|0 fnt
|-damage|p2a: Mawile|165\/304|[from] ability: Rough Skin|[of] p1a: Garchomp
|faint|p1a: Garchomp
|
|
|switch|p1a: Bisharp|Bisharp, M|271\/271
|turn|11
|
|move|p1a: Bisharp|Swords Dance|p1a: Bisharp
|-boost|p1a: Bisharp|atk|2
|move|p2a: Mawile|Brick Break|p1a: Bisharp
|-supereffective|p1a: Bisharp
|-enditem|p1a: Bisharp|Focus Sash
|-damage|p1a: Bisharp|1\/271
|
|turn|12
|
|switch|p2a: Conkeldurr|Conkeldurr, M|414\/414
|-damage|p2a: Conkeldurr|389\/414|[from] Stealth Rock
|move|p1a: Bisharp|Sucker Punch|p2a: Conkeldurr
|-fail|p2a: Conkeldurr
|
|turn|13
|
|move|p1a: Bisharp|Sucker Punch|p2a: Conkeldurr
|-resisted|p2a: Conkeldurr
|-damage|p2a: Conkeldurr|228\/414
|move|p2a: Conkeldurr|Drain Punch|p1a: Bisharp
|-supereffective|p1a: Bisharp
|-damage|p1a: Bisharp|0 fnt
|-heal|p2a: Conkeldurr|229\/414|[from] drain|[of] p1a: Bisharp
|-damage|p2a: Conkeldurr|188\/414|[from] item: Life Orb
|faint|p1a: Bisharp
|
|
|switch|p1a: Azumarill|Azumarill, F|342\/342
|turn|14
|
|move|p1a: Azumarill|Belly Drum|p1a: Azumarill
|-damage|p1a: Azumarill|171\/342
|-setboost|p1a: Azumarill|atk|6|[from] move: Belly Drum
|-enditem|p1a: Azumarill|Sitrus Berry|[eat]
|-heal|p1a: Azumarill|256\/342|[from] item: Sitrus Berry
|move|p2a: Conkeldurr|Thunder Punch|p1a: Azumarill
|-supereffective|p1a: Azumarill
|-damage|p1a: Azumarill|0 fnt
|faint|p1a: Azumarill
|
|win|Sweet Symphony
|raw|Ladder updating...
|raw|TimeTravel_2's rating: 1834 &rarr; <strong>1812<\/strong><br \/>(-22 for losing)
|raw|Sweet Symphony's rating: 1788 &rarr; <strong>1810<\/strong><br \/>(+22 for winning)
|chat|Sweet Symphony|:v
|leave|TimeTravel_2
|player|p1