|join|Sweet Symphony
|join|h1ghpuzzle
|player|p1|Sweet Symphony|252
|player|p2|h1ghpuzzle|101
|gametype|singles
|gen|6
|tier|OU
|rated
|clearpoke
|poke|p1|Heatran, F
|poke|p1|Tyranitar, M
|poke|p1|Slowbro, F
|poke|p1|Garchomp, F
|poke|p1|Ferrothorn, F
|poke|p1|Medicham, F
|poke|p2|Gliscor, M
|poke|p2|Chansey, F
|poke|p2|Slowbro, F
|poke|p2|Quagsire, M
|poke|p2|Tyranitar, F
|poke|p2|Amoonguss, F
|rule|Swagger Clause: Swagger is banned
|rule|Baton Pass Clause: Limit one PokÃ©mon knowing Baton Pass
|rule|Sleep Clause Mod: Limit one foe put to sleep
|rule|Species Clause: Limit one of each PokÃ©mon
|rule|OHKO Clause: OHKO moves are banned
|rule|Moody Clause: Moody is banned
|rule|Evasion Moves Clause: Evasion moves are banned
|rule|Endless Battle Clause: Forcing endless battles is banned
|rule|HP Percentage Mod: HP is shown in percentages
|teampreview
|
|start
|switch|p1a: Ferrothorn|Ferrothorn, F|352\/352
|switch|p2a: Gliscor|Gliscor, M|352\/352
|turn|1
|
|move|p2a: Gliscor|Substitute|p2a: Gliscor
|-start|p2a: Gliscor|Substitute
|-damage|p2a: Gliscor|264\/352
|move|p1a: Ferrothorn|Stealth Rock|p2a: Gliscor
|-sidestart|p2: h1ghpuzzle|move: Stealth Rock
|
|-status|p2a: Gliscor|tox|[from] item: Toxic Orb
|turn|2
|
|move|p2a: Gliscor|Protect|p2a: Gliscor
|-singleturn|p2a: Gliscor|Protect
|move|p1a: Ferrothorn|Power Whip|p2a: Gliscor
|-activate|p2a: Gliscor|Protect
|
|-heal|p2a: Gliscor|308\/352 tox|[from] ability: Poison Heal
|turn|3
|
|move|p2a: Gliscor|Earthquake|p1a: Ferrothorn
|-damage|p1a: Ferrothorn|273\/352
|move|p1a: Ferrothorn|Power Whip|p2a: Gliscor
|-crit|p2a: Gliscor
|-end|p2a: Gliscor|Substitute
|
|-heal|p1a: Ferrothorn|295\/352|[from] item: Leftovers
|-heal|p2a: Gliscor|352\/352 tox|[from] ability: Poison Heal
|turn|4
|
|move|p2a: Gliscor|Substitute|p2a: Gliscor
|-start|p2a: Gliscor|Substitute
|-damage|p2a: Gliscor|264\/352 tox
|move|p1a: Ferrothorn|Power Whip|p2a: Gliscor
|-end|p2a: Gliscor|Substitute
|
|-heal|p1a: Ferrothorn|317\/352|[from] item: Leftovers
|-heal|p2a: Gliscor|308\/352 tox|[from] ability: Poison Heal
|turn|5
|
|move|p2a: Gliscor|Protect|p2a: Gliscor
|-singleturn|p2a: Gliscor|Protect
|move|p1a: Ferrothorn|Power Whip|p2a: Gliscor
|-activate|p2a: Gliscor|Protect
|
|-heal|p1a: Ferrothorn|339\/352|[from] item: Leftovers
|-heal|p2a: Gliscor|352\/352 tox|[from] ability: Poison Heal
|turn|6
|
|move|p2a: Gliscor|Substitute|p2a: Gliscor
|-start|p2a: Gliscor|Substitute
|-damage|p2a: Gliscor|264\/352 tox
|move|p1a: Ferrothorn|Power Whip|p2a: Gliscor
|-end|p2a: Gliscor|Substitute
|
|-heal|p1a: Ferrothorn|352\/352|[from] item: Leftovers
|-heal|p2a: Gliscor|308\/352 tox|[from] ability: Poison Heal
|turn|7
|
|move|p2a: Gliscor|Substitute|p2a: Gliscor
|-start|p2a: Gliscor|Substitute
|-damage|p2a: Gliscor|220\/352 tox
|move|p1a: Ferrothorn|Leech Seed|p2a: Gliscor
|
|-heal|p2a: Gliscor|264\/352 tox|[from] ability: Poison Heal
|turn|8
|
|move|p2a: Gliscor|Protect|p2a: Gliscor
|-singleturn|p2a: Gliscor|Protect
|move|p1a: Ferrothorn|Protect|p1a: Ferrothorn
|-fail|p1a: Ferrothorn
|
|-heal|p2a: Gliscor|308\/352 tox|[from] ability: Poison Heal
|turn|9
|
|move|p2a: Gliscor|Earthquake|p1a: Ferrothorn
|-damage|p1a: Ferrothorn|277\/352
|move|p1a: Ferrothorn|Power Whip|p2a: Gliscor
|-end|p2a: Gliscor|Substitute
|
|-heal|p1a: Ferrothorn|299\/352|[from] item: Leftovers
|-heal|p2a: Gliscor|352\/352 tox|[from] ability: Poison Heal
|turn|10
|
|move|p2a: Gliscor|Protect|p2a: Gliscor
|-singleturn|p2a: Gliscor|Protect
|move|p1a: Ferrothorn|Power Whip|p2a: Gliscor
|-activate|p2a: Gliscor|Protect
|
|-heal|p1a: Ferrothorn|321\/352|[from] item: Leftovers
|turn|11
|
|move|p2a: Gliscor|Substitute|p2a: Gliscor
|-start|p2a: Gliscor|Substitute
|-damage|p2a: Gliscor|264\/352 tox
|move|p1a: Ferrothorn|Power Whip|p2a: Gliscor
|-activate|p2a: Gliscor|Substitute|[damage]
|
|-heal|p1a: Ferrothorn|343\/352|[from] item: Leftovers
|-heal|p2a: Gliscor|308\/352 tox|[from] ability: Poison Heal
|turn|12
|
|move|p1a: Ferrothorn|Protect|p1a: Ferrothorn
|-singleturn|p1a: Ferrothorn|Protect
|move|p2a: Gliscor|Earthquake|p1a: Ferrothorn
|-activate|p1a: Ferrothorn|Protect
|
|-heal|p1a: Ferrothorn|352\/352|[from] item: Leftovers
|-heal|p2a: Gliscor|352\/352 tox|[from] ability: Poison Heal
|turn|13
|
|move|p2a: Gliscor|Earthquake|p1a: Ferrothorn
|-damage|p1a: Ferrothorn|273\/352
|move|p1a: Ferrothorn|Power Whip|p2a: Gliscor
|-end|p2a: Gliscor|Substitute
|
|-heal|p1a: Ferrothorn|295\/352|[from] item: Leftovers
|turn|14
|
|move|p2a: Gliscor|Earthquake|p1a: Ferrothorn
|-damage|p1a: Ferrothorn|222\/352
|move|p1a: Ferrothorn|Leech Seed|p2a: Gliscor
|-start|p2a: Gliscor|move: Leech Seed
|
|-heal|p1a: Ferrothorn|244\/352|[from] item: Leftovers
|-damage|p2a: Gliscor|308\/352 tox|[from] Leech Seed|[of] p1a: Ferrothorn
|-heal|p1a: Ferrothorn|288\/352|[silent]
|-heal|p2a: Gliscor|352\/352 tox|[from] ability: Poison Heal
|turn|15
|c|âSweet Symphony|lel
|
|switch|p2a: Chansey|Chansey, F|704\/704
|-damage|p2a: Chansey|616\/704|[from] Stealth Rock
|switch|p1a: Heatran|Heatran, F|323\/323
|
|turn|16
|
|switch|p1a: Garchomp|Garchomp, F|357\/357
|move|p2a: Chansey|Stealth Rock|p1a: Garchomp
|-sidestart|p1: Sweet Symphony|move: Stealth Rock
|
|turn|17
|
|switch|p2a: Gliscor|Gliscor, M|352\/352 tox
|-damage|p2a: Gliscor|308\/352 tox|[from] Stealth Rock
|move|p1a: Garchomp|Substitute|p1a: Garchomp
|-start|p1a: Garchomp|Substitute
|-damage|p1a: Garchomp|268\/357
|
|-heal|p1a: Garchomp|290\/357|[from] item: Leftovers
|-heal|p2a: Gliscor|352\/352 tox|[from] ability: Poison Heal
|turn|18
|
|move|p1a: Garchomp|Swords Dance|p1a: Garchomp
|-boost|p1a: Garchomp|atk|2
|move|p2a: Gliscor|Substitute|p2a: Gliscor
|-start|p2a: Gliscor|Substitute
|-damage|p2a: Gliscor|264\/352 tox
|
|-heal|p1a: Garchomp|312\/357|[from] item: Leftovers
|-heal|p2a: Gliscor|308\/352 tox|[from] ability: Poison Heal
|turn|19
|
|move|p2a: Gliscor|Protect|p2a: Gliscor
|-singleturn|p2a: Gliscor|Protect
|move|p1a: Garchomp|Dragon Claw|p2a: Gliscor
|-activate|p2a: Gliscor|Protect
|
|-heal|p1a: Garchomp|334\/357|[from] item: Leftovers
|-heal|p2a: Gliscor|352\/352 tox|[from] ability: Poison Heal
|turn|20
|
|move|p1a: Garchomp|Dragon Claw|p2a: Gliscor
|-end|p2a: Gliscor|Substitute
|move|p2a: Gliscor|Earthquake|p1a: Garchomp
|-end|p1a: Garchomp|Substitute
|
|-heal|p1a: Garchomp|356\/357|[from] item: Leftovers
|turn|21
|
|move|p1a: Garchomp|Dragon Claw|p2a: Gliscor
|-damage|p2a: Gliscor|171\/352 tox
|move|p2a: Gliscor|Toxic|p1a: Garchomp
|-status|p1a: Garchomp|tox
|
|-heal|p1a: Garchomp|357\/357 tox|[from] item: Leftovers
|-damage|p1a: Garchomp|335\/357 tox|[from] psn
|-heal|p2a: Gliscor|215\/352 tox|[from] ability: Poison Heal
|turn|22
|
|move|p2a: Gliscor|Protect|p2a: Gliscor
|-singleturn|p2a: Gliscor|Protect
|move|p1a: Garchomp|Swords Dance|p1a: Garchomp
|-boost|p1a: Garchomp|atk|2
|
|-heal|p1a: Garchomp|357\/357 tox|[from] item: Leftovers
|-damage|p1a: Garchomp|313\/357 tox|[from] psn
|-heal|p2a: Gliscor|259\/352 tox|[from] ability: Poison Heal
|turn|23
|
|switch|p2a: Quagsire|Quagsire, M|394\/394
|-damage|p2a: Quagsire|370\/394|[from] Stealth Rock
|move|p1a: Garchomp|Dragon Claw|p2a: Quagsire
|-damage|p2a: Quagsire|256\/394
|
|-heal|p1a: Garchomp|335\/357 tox|[from] item: Leftovers
|-heal|p2a: Quagsire|280\/394|[from] item: Leftovers
|-damage|p1a: Garchomp|269\/357 tox|[from] psn
|turn|24
|
|switch|p1a: Ferrothorn|Ferrothorn, F|288\/352
|-damage|p1a: Ferrothorn|266\/352|[from] Stealth Rock
|move|p2a: Quagsire|Recover|p2a: Quagsire
|-heal|p2a: Quagsire|394\/394
|
|-heal|p1a: Ferrothorn|288\/352|[from] item: Leftovers
|turn|25
|
|switch|p2a: Amoonguss|Amoonguss, F|430\/430
|-damage|p2a: Amoonguss|377\/430|[from] Stealth Rock
|switch|p1a: Heatran|Heatran, F|323\/323
|-damage|p1a: Heatran|283\/323|[from] Stealth Rock
|
|-heal|p2a: Amoonguss|403\/430|[from] item: Black Sludge
|turn|26
|
|switch|p2a: Tyranitar|Tyranitar, F|342\/342
|-damage|p2a: Tyranitar|300\/342|[from] Stealth Rock
|-weather|Sandstorm
|move|p1a: Heatran|Overheat|p2a: Tyranitar
|-resisted|p2a: Tyranitar
|-damage|p2a: Tyranitar|223\/342
|-unboost|p1a: Heatran|spa|2
|
|-weather|Sandstorm|[upkeep]
|turn|27
|
|move|p2a: Tyranitar|Pursuit|p1a: Heatran|[from]Pursuit
|-damage|p1a: Heatran|132\/323
|switch|p1a: Slowbro|Slowbro, F|394\/394
|-damage|p1a: Slowbro|345\/394|[from] Stealth Rock
|
|-weather|Sandstorm|[upkeep]
|-damage|p1a: Slowbro|321\/394|[from] sandstorm
|-heal|p1a: Slowbro|345\/394|[from] item: Leftovers
|turn|28
|c|âh1ghpuzzle|hm
|c|âh1ghpuzzle|slowbro rocky helmet
|c|âh1ghpuzzle|lol
|
|switch|p2a: Chansey|Chansey, F|616\/704
|-damage|p2a: Chansey|528\/704|[from] Stealth Rock
|move|p1a: Slowbro|Scald|p2a: Chansey
|-damage|p2a: Chansey|471\/704
|-status|p2a: Chansey|brn
|
|-weather|Sandstorm|[upkeep]
|-damage|p2a: Chansey|427\/704 brn|[from] sandstorm
|-damage|p1a: Slowbro|321\/394|[from] sandstorm
|-heal|p1a: Slowbro|345\/394|[from] item: Leftovers
|-damage|p2a: Chansey|339\/704 brn|[from] brn
|turn|29
|c|âSweet Symphony|emm no
|c|âSweet Symphony|lel
|
|switch|p1a: Tyranitar|Tyranitar, M|384\/384
|-damage|p1a: Tyranitar|336\/384|[from] Stealth Rock
|move|p2a: Chansey|Soft-Boiled|p2a: Chansey
|-heal|p2a: Chansey|691\/704 brn
|
|-weather|Sandstorm|[upkeep]
|-damage|p2a: Chansey|647\/704 brn|[from] sandstorm
|-damage|p2a: Chansey|559\/704 brn|[from] brn
|turn|30
|
|switch|p2a: Gliscor|Gliscor, M|259\/352 tox
|-damage|p2a: Gliscor|215\/352 tox|[from] Stealth Rock
|detailschange|p1a: Tyranitar|Tyranitar-Mega, M
|message|Tyranitar has Mega Evolved into Mega Tyranitar!
|move|p1a: Tyranitar|Crunch|p2a: Gliscor
|-damage|p2a: Gliscor|122\/352 tox
|
|-weather|none
|-heal|p2a: Gliscor|166\/352 tox|[from] ability: Poison Heal
|turn|31
|
|move|p1a: Tyranitar|Crunch|p2a: Gliscor
|-damage|p2a: Gliscor|69\/352 tox
|move|p2a: Gliscor|Substitute|p2a: Gliscor
|-fail|p2a: Gliscor|move: Substitute|[weak]
|
|-heal|p2a: Gliscor|113\/352 tox|[from] ability: Poison Heal
|turn|32
|
|move|p2a: Gliscor|Protect|p2a: Gliscor
|-singleturn|p2a: Gliscor|Protect
|move|p1a: Tyranitar|Crunch|p2a: Gliscor
|-activate|p2a: Gliscor|Protect
|
|-heal|p2a: Gliscor|157\/352 tox|[from] ability: Poison Heal
|turn|33
|
|move|p1a: Tyranitar|Ice Punch|p2a: Gliscor
|-supereffective|p2a: Gliscor
|-damage|p2a: Gliscor|0 fnt
|faint|p2a: Gliscor
|
|c|âSweet Symphony|:*
|
|switch|p2a: Tyranitar|Tyranitar, F|223\/342
|-damage|p2a: Tyranitar|181\/342|[from] Stealth Rock
|-weather|Sandstorm
|turn|34
|
|switch|p1a: Slowbro|Slowbro, F|394\/394
|-damage|p1a: Slowbro|345\/394|[from] Stealth Rock
|move|p2a: Tyranitar|Crunch|p1a: Slowbro
|-crit|p1a: Slowbro
|-supereffective|p1a: Slowbro
|-damage|p1a: Slowbro|61\/394
|-unboost|p1a: Slowbro|def|1
|
|-weather|Sandstorm|[upkeep]
|-damage|p1a: Slowbro|37\/394|[from] sandstorm
|-heal|p1a: Slowbro|61\/394|[from] item: Leftovers
|turn|35
|c|âSweet Symphony|no superpower :0
|
|switch|p1a: Ferrothorn|Ferrothorn, F|288\/352
|-damage|p1a: Ferrothorn|266\/352|[from] Stealth Rock
|move|p2a: Tyranitar|Crunch|p1a: Ferrothorn
|-damage|p1a: Ferrothorn|175\/352
|-damage|p2a: Tyranitar|139\/342|[from] ability: Iron Barbs|[of] p1a: Ferrothorn
|
|-weather|Sandstorm|[upkeep]
|-heal|p1a: Ferrothorn|197\/352|[from] item: Leftovers
|turn|36
|c|âh1ghpuzzle|:D
|c|âSweet Symphony|7u7
|c|âSweet Symphony|nice
|
|switch|p2a: Amoonguss|Amoonguss, F|430\/430
|-damage|p2a: Amoonguss|377\/430|[from] Stealth Rock
|move|p1a: Ferrothorn|Leech Seed|p2a: Amoonguss
|-immune|p2a: Amoonguss|[msg]
|
|-weather|Sandstorm|[upkeep]
|-damage|p2a: Amoonguss|351\/430|[from] sandstorm
|-heal|p2a: Amoonguss|377\/430|[from] item: Black Sludge
|-heal|p1a: Ferrothorn|219\/352|[from] item: Leftovers
|turn|37
|
|move|p1a: Ferrothorn|Protect|p1a: Ferrothorn
|-singleturn|p1a: Ferrothorn|Protect
|move|p2a: Amoonguss|Spore|p1a: Ferrothorn
|-activate|p1a: Ferrothorn|Protect
|
|-weather|Sandstorm|[upkeep]
|-damage|p2a: Amoonguss|351\/430|[from] sandstorm
|-heal|p2a: Amoonguss|377\/430|[from] item: Black Sludge
|-heal|p1a: Ferrothorn|241\/352|[from] item: Leftovers
|turn|38
|
|switch|p2a: Slowbro|Slowbro, F|390\/390
|-damage|p2a: Slowbro|342\/390|[from] Stealth Rock
|switch|p1a: Heatran|Heatran, F|132\/323
|-damage|p1a: Heatran|92\/323|[from] Stealth Rock
|
|-weather|none
|-heal|p2a: Slowbro|366\/390|[from] item: Leftovers
|turn|39
|c|âSweet Symphony|:0 what da
|c|âh1ghpuzzle|=o
|
|switch|p1a: Slowbro|Slowbro, F|192\/394
|-damage|p1a: Slowbro|143\/394|[from] Stealth Rock
|move|p2a: Slowbro|Scald|p1a: Slowbro
|-resisted|p1a: Slowbro
|-damage|p1a: Slowbro|82\/394
|
|-heal|p2a: Slowbro|390\/390|[from] item: Leftovers
|-heal|p1a: Slowbro|106\/394|[from] item: Leftovers
|turn|40
|
|move|p1a: Slowbro|Slack Off|p1a: Slowbro
|-heal|p1a: Slowbro|303\/394
|move|p2a: Slowbro|Scald|p1a: Slowbro
|-resisted|p1a: Slowbro
|-damage|p1a: Slowbro|246\/394
|
|-heal|p1a: Slowbro|270\/394|[from] item: Leftovers
|turn|41
|
|move|p2a: Slowbro|Toxic|p1a: Slowbro
|-status|p1a: Slowbro|tox
|move|p1a: Slowbro|Scald|p2a: Slowbro
|-resisted|p2a: Slowbro
|-damage|p2a: Slowbro|340\/390
|
|-heal|p1a: Slowbro|294\/394 tox|[from] item: Leftovers
|-heal|p2a: Slowbro|364\/390|[from] item: Leftovers
|-damage|p1a: Slowbro|270\/394 tox|[from] psn
|turn|42
|c|âSweet Symphony|noooooooooooooooooooooo
|c|âSweet Symphony|:c
|c|âh1ghpuzzle|:O
|
|switch|p1a: Ferrothorn|Ferrothorn, F|241\/352
|-damage|p1a: Ferrothorn|219\/352|[from] Stealth Rock
|switch|p2a: Amoonguss|Amoonguss, F|430\/430
|-damage|p2a: Amoonguss|377\/430|[from] Stealth Rock
|
|-heal|p2a: Amoonguss|403\/430|[from] item: Black Sludge
|-heal|p1a: Ferrothorn|241\/352|[from] item: Leftovers
|turn|43
|c|âSweet Symphony|:c
|
|move|p1a: Ferrothorn|Protect|p1a: Ferrothorn
|-singleturn|p1a: Ferrothorn|Protect
|move|p2a: Amoonguss|Spore|p1a: Ferrothorn
|-activate|p1a: Ferrothorn|Protect
|
|-heal|p2a: Amoonguss|429\/430|[from] item: Black Sludge
|-heal|p1a: Ferrothorn|263\/352|[from] item: Leftovers
|turn|44
|
|switch|p1a: Heatran|Heatran, F|92\/323
|-damage|p1a: Heatran|52\/323|[from] Stealth Rock
|move|p2a: Amoonguss|Spore|p1a: Heatran
|-status|p1a: Heatran|slp
|
|-heal|p2a: Amoonguss|430\/430|[from] item: Black Sludge
|turn|45
|
|switch|p1a: Tyranitar|Tyranitar-Mega, M|336\/384
|-damage|p1a: Tyranitar|288\/384|[from] Stealth Rock
|-weather|Sandstorm
|move|p2a: Amoonguss|Foul Play|p1a: Tyranitar
|-resisted|p1a: Tyranitar
|-damage|p1a: Tyranitar|243\/384
|
|-weather|Sandstorm|[upkeep]
|-damage|p2a: Amoonguss|404\/430|[from] sandstorm
|-heal|p2a: Amoonguss|430\/430|[from] item: Black Sludge
|turn|46
|
|move|p1a: Tyranitar|Dragon Dance|p1a: Tyranitar
|-boost|p1a: Tyranitar|atk|1
|-boost|p1a: Tyranitar|spe|1
|move|p2a: Amoonguss|Giga Drain|p1a: Tyranitar
|-supereffective|p1a: Tyranitar
|-damage|p1a: Tyranitar|159\/384
|
|-weather|Sandstorm|[upkeep]
|-damage|p2a: Amoonguss|404\/430|[from] sandstorm
|-heal|p2a: Amoonguss|430\/430|[from] item: Black Sludge
|turn|47
|
|move|p1a: Tyranitar|Crunch|p2a: Amoonguss
|-damage|p2a: Amoonguss|234\/430
|move|p2a: Amoonguss|Giga Drain|p1a: Tyranitar
|-supereffective|p1a: Tyranitar
|-damage|p1a: Tyranitar|73\/384
|-heal|p2a: Amoonguss|277\/430|[from] drain|[of] p1a: Tyranitar
|
|-weather|Sandstorm|[upkeep]
|-damage|p2a: Amoonguss|251\/430|[from] sandstorm
|-heal|p2a: Amoonguss|277\/430|[from] item: Black Sludge
|turn|48
|
|switch|p2a: Quagsire|Quagsire, M|394\/394
|-damage|p2a: Quagsire|370\/394|[from] Stealth Rock
|move|p1a: Tyranitar|Ice Punch|p2a: Quagsire
|-damage|p2a: Quagsire|297\/394
|
|-weather|Sandstorm|[upkeep]
|-heal|p2a: Quagsire|321\/394|[from] item: Leftovers
|turn|49
|
|move|p1a: Tyranitar|Crunch|p2a: Quagsire
|-damage|p2a: Quagsire|200\/394
|move|p2a: Quagsire|Scald|p1a: Tyranitar
|-supereffective|p1a: Tyranitar
|-damage|p1a: Tyranitar|0 fnt
|faint|p1a: Tyranitar
|
|-weather|none
|-heal|p2a: Quagsire|224\/394|[from] item: Leftovers
|c|âh1ghpuzzle|:3
|c|âSweet Symphony|ywy i loose
|
|switch|p1a: Ferrothorn|Ferrothorn, F|263\/352
|-damage|p1a: Ferrothorn|241\/352|[from] Stealth Rock
|turn|50
|
|switch|p2a: Amoonguss|Amoonguss, F|420\/430
|-damage|p2a: Amoonguss|367\/430|[from] Stealth Rock
|switch|p1a: Medicham|Medicham, F|261\/261
|-damage|p1a: Medicham|245\/261|[from] Stealth Rock
|
|-heal|p2a: Amoonguss|393\/430|[from] item: Black Sludge
|turn|51
|
|switch|p2a: Slowbro|Slowbro, F|390\/390
|-damage|p2a: Slowbro|342\/390|[from] Stealth Rock
|move|p1a: Medicham|High Jump Kick|p2a: Slowbro
|-resisted|p2a: Slowbro
|-damage|p2a: Slowbro|234\/390
|
|-heal|p2a: Slowbro|258\/390|[from] item: Leftovers
|turn|52
|
|switch|p1a: Ferrothorn|Ferrothorn, F|241\/352
|-damage|p1a: Ferrothorn|219\/352|[from] Stealth Rock
|move|p2a: Slowbro|Slack Off|p2a: Slowbro
|-heal|p2a: Slowbro|390\/390
|
|-heal|p1a: Ferrothorn|241\/352|[from] item: Leftovers
|turn|53
|
|move|p2a: Slowbro|Scald|p1a: Ferrothorn
|-resisted|p1a: Ferrothorn
|-damage|p1a: Ferrothorn|206\/352
|move|p1a: Ferrothorn|Leech Seed|p2a: Slowbro
|-start|p2a: Slowbro|move: Leech Seed
|
|-heal|p1a: Ferrothorn|228\/352|[from] item: Leftovers
|-damage|p2a: Slowbro|342\/390|[from] Leech Seed|[of] p1a: Ferrothorn
|-heal|p1a: Ferrothorn|276\/352|[silent]
|turn|54
|
|switch|p2a: Amoonguss|Amoonguss, F|430\/430
|-damage|p2a: Amoonguss|377\/430|[from] Stealth Rock
|move|p1a: Ferrothorn|Power Whip|p2a: Amoonguss
|-resisted|p2a: Amoonguss
|-damage|p2a: Amoonguss|345\/430
|
|-heal|p2a: Amoonguss|371\/430|[from] item: Black Sludge
|-heal|p1a: Ferrothorn|298\/352|[from] item: Leftovers
|turn|55
|
|move|p1a: Ferrothorn|Protect|p1a: Ferrothorn
|-singleturn|p1a: Ferrothorn|Protect
|move|p2a: Amoonguss|Spore|p1a: Ferrothorn
|-activate|p1a: Ferrothorn|Protect
|
|-heal|p2a: Amoonguss|397\/430|[from] item: Black Sludge
|-heal|p1a: Ferrothorn|320\/352|[from] item: Leftovers
|turn|56
|
|move|p2a: Amoonguss|Giga Drain|p1a: Ferrothorn
|-resisted|p1a: Ferrothorn
|-damage|p1a: Ferrothorn|305\/352
|-heal|p2a: Amoonguss|405\/430|[from] drain|[of] p1a: Ferrothorn
|move|p1a: Ferrothorn|Stealth Rock|p2a: Amoonguss
|-fail|p2a: Amoonguss
|
|-heal|p2a: Amoonguss|430\/430|[from] item: Black Sludge
|-heal|p1a: Ferrothorn|327\/352|[from] item: Leftovers
|turn|57
|c|âSweet Symphony|no hidden fire nice
|c|âh1ghpuzzle|haha
|
|move|p2a: Amoonguss|Spore|p1a: Ferrothorn
|-fail|p1a: Ferrothorn
|move|p1a: Ferrothorn|Stealth Rock|p2a: Amoonguss
|-fail|p2a: Amoonguss
|
|-heal|p1a: Ferrothorn|349\/352|[from] item: Leftovers
|turn|58
|
|move|p2a: Amoonguss|Spore|p1a: Ferrothorn
|-fail|p1a: Ferrothorn
|move|p1a: Ferrothorn|Stealth Rock|p2a: Amoonguss
|-fail|p2a: Amoonguss
|
|-heal|p1a: Ferrothorn|352\/352|[from] item: Leftovers
|turn|59
|c|âh1ghpuzzle|24 spore
|c|âh1ghpuzzle|haha
|c|âh1ghpuzzle|32 sr
|c|âh1ghpuzzle|e.e
|c|âSweet Symphony|32 stealtj
|c|âSweet Symphony|:v
|
|move|p2a: Amoonguss|Spore|p1a: Ferrothorn
|-fail|p1a: Ferrothorn
|move|p1a: Ferrothorn|Stealth Rock|p2a: Amoonguss
|-fail|p2a: Amoonguss
|
|turn|60
|
|move|p2a: Amoonguss|Spore|p1a: Ferrothorn
|-fail|p1a: Ferrothorn
|move|p1a: Ferrothorn|Stealth Rock|p2a: Amoonguss
|-fail|p2a: Amoonguss
|
|turn|61
|
|move|p2a: Amoonguss|Spore|p1a: Ferrothorn
|-fail|p1a: Ferrothorn
|move|p1a: Ferrothorn|Stealth Rock|p2a: Amoonguss
|-fail|p2a: Amoonguss
|
|turn|62
|
|move|p2a: Amoonguss|Spore|p1a: Ferrothorn
|-fail|p1a: Ferrothorn
|move|p1a: Ferrothorn|Stealth Rock|p2a: Amoonguss
|-fail|p2a: Amoonguss
|
|turn|63
|c|âh1ghpuzzle|my chansey learn rapid spin 
|c|âh1ghpuzzle|u_u
|
|move|p2a: Amoonguss|Spore|p1a: Ferrothorn
|-fail|p1a: Ferrothorn
|move|p1a: Ferrothorn|Stealth Rock|p2a: Amoonguss
|-fail|p2a: Amoonguss
|
|turn|64
|
|move|p2a: Amoonguss|Spore|p1a: Ferrothorn
|-fail|p1a: Ferrothorn
|move|p1a: Ferrothorn|Stealth Rock|p2a: Amoonguss
|-fail|p2a: Amoonguss
|
|turn|65
|
|move|p2a: Amoonguss|Spore|p1a: Ferrothorn
|-fail|p1a: Ferrothorn
|move|p1a: Ferrothorn|Stealth Rock|p2a: Amoonguss
|-fail|p2a: Amoonguss
|
|turn|66
|
|move|p2a: Amoonguss|Spore|p1a: Ferrothorn
|-fail|p1a: Ferrothorn
|move|p1a: Ferrothorn|Stealth Rock|p2a: Amoonguss
|-fail|p2a: Amoonguss
|
|turn|67
|
|move|p2a: Amoonguss|Spore|p1a: Ferrothorn
|-fail|p1a: Ferrothorn
|move|p1a: Ferrothorn|Stealth Rock|p2a: Amoonguss
|-fail|p2a: Amoonguss
|
|turn|68
|c|âSweet Symphony|chansey flame trower 7u7 
|
|move|p2a: Amoonguss|Spore|p1a: Ferrothorn
|-fail|p1a: Ferrothorn
|move|p1a: Ferrothorn|Stealth Rock|p2a: Amoonguss
|-fail|p2a: Amoonguss
|
|turn|69
|
|move|p2a: Amoonguss|Spore|p1a: Ferrothorn
|-fail|p1a: Ferrothorn
|move|p1a: Ferrothorn|Stealth Rock|p2a: Amoonguss
|-fail|p2a: Amoonguss
|
|turn|70
|c|âh1ghpuzzle|no
|c|âh1ghpuzzle|lol
|c|âSweet Symphony|XD
|c|âh1ghpuzzle|chansey calm mind :O
|c|âh1ghpuzzle|ice beam it's really now 
|c|âh1ghpuzzle|e.e
|
|move|p2a: Amoonguss|Spore|p1a: Ferrothorn
|-fail|p1a: Ferrothorn
|move|p1a: Ferrothorn|Stealth Rock|p2a: Amoonguss
|-fail|p2a: Amoonguss
|
|turn|71
|c|âh1ghpuzzle|but more six no die ferro :(
|c|âh1ghpuzzle|bc i'm no setup
|c|âh1ghpuzzle|:3
|
|move|p2a: Amoonguss|Spore|p1a: Ferrothorn
|-fail|p1a: Ferrothorn
|move|p1a: Ferrothorn|Stealth Rock|p2a: Amoonguss
|-fail|p2a: Amoonguss
|
|turn|72
|
|move|p2a: Amoonguss|Spore|p1a: Ferrothorn
|-fail|p1a: Ferrothorn
|move|p1a: Ferrothorn|Stealth Rock|p2a: Amoonguss
|-fail|p2a: Amoonguss
|
|turn|73
|
|move|p2a: Amoonguss|Spore|p1a: Ferrothorn
|-fail|p1a: Ferrothorn
|move|p1a: Ferrothorn|Stealth Rock|p2a: Amoonguss
|-fail|p2a: Amoonguss
|
|turn|74
|
|move|p2a: Amoonguss|Spore|p1a: Ferrothorn
|-fail|p1a: Ferrothorn
|move|p1a: Ferrothorn|Stealth Rock|p2a: Amoonguss
|-fail|p2a: Amoonguss
|
|turn|75
|
|move|p2a: Amoonguss|Sludge Bomb|p1a: Ferrothorn
|-immune|p1a: Ferrothorn|[msg]
|move|p1a: Ferrothorn|Stealth Rock|p2a: Amoonguss
|-fail|p2a: Amoonguss
|
|turn|76
|
|move|p2a: Amoonguss|Sludge Bomb|p1a: Ferrothorn
|-immune|p1a: Ferrothorn|[msg]
|move|p1a: Ferrothorn|Stealth Rock|p2a: Amoonguss
|-fail|p2a: Amoonguss
|
|turn|77
|
|move|p2a: Amoonguss|Sludge Bomb|p1a: Ferrothorn
|-immune|p1a: Ferrothorn|[msg]
|move|p1a: Ferrothorn|Stealth Rock|p2a: Amoonguss
|-fail|p2a: Amoonguss
|
|turn|78
|c|âSweet Symphony|!data sludge bomb
|c|~|\/data-move Sludge Bomb

|
|move|p1a: Ferrothorn|Protect|p1a: Ferrothorn
|-singleturn|p1a: Ferrothorn|Protect
|move|p2a: Amoonguss|Sludge Bomb|p1a: Ferrothorn
|-immune|p1a: Ferrothorn|[msg]
|
|turn|79
|c|âh1ghpuzzle|'__'
|c|âh1ghpuzzle|but no die your ferrothorn
|c|âh1ghpuzzle|impossible
|
|move|p2a: Amoonguss|Sludge Bomb|p1a: Ferrothorn
|-immune|p1a: Ferrothorn|[msg]
|move|p1a: Ferrothorn|Stealth Rock|p2a: Amoonguss
|-fail|p2a: Amoonguss
|
|turn|80
|
|move|p1a: Ferrothorn|Protect|p1a: Ferrothorn
|-singleturn|p1a: Ferrothorn|Protect
|move|p2a: Amoonguss|Sludge Bomb|p1a: Ferrothorn
|-immune|p1a: Ferrothorn|[msg]
|
|turn|81
|
|move|p2a: Amoonguss|Sludge Bomb|p1a: Ferrothorn
|-immune|p1a: Ferrothorn|[msg]
|move|p1a: Ferrothorn|Stealth Rock|p2a: Amoonguss
|-fail|p2a: Amoonguss
|
|turn|82
|
|move|p2a: Amoonguss|Sludge Bomb|p1a: Ferrothorn
|-immune|p1a: Ferrothorn|[msg]
|move|p1a: Ferrothorn|Stealth Rock|p2a: Amoonguss
|-fail|p2a: Amoonguss
|
|turn|83
|
|move|p2a: Amoonguss|Foul Play|p1a: Ferrothorn
|-damage|p1a: Ferrothorn|304\/352
|-damage|p2a: Amoonguss|377\/430|[from] ability: Iron Barbs|[of] p1a: Ferrothorn
|move|p1a: Ferrothorn|Stealth Rock|p2a: Amoonguss
|-fail|p2a: Amoonguss
|
|-heal|p2a: Amoonguss|403\/430|[from] item: Black Sludge
|-heal|p1a: Ferrothorn|326\/352|[from] item: Leftovers
|turn|84
|
|move|p2a: Amoonguss|Foul Play|p1a: Ferrothorn
|-damage|p1a: Ferrothorn|278\/352
|-damage|p2a: Amoonguss|350\/430|[from] ability: Iron Barbs|[of] p1a: Ferrothorn
|move|p1a: Ferrothorn|Stealth Rock|p2a: Amoonguss
|-fail|p2a: Amoonguss
|
|-heal|p2a: Amoonguss|376\/430|[from] item: Black Sludge
|-heal|p1a: Ferrothorn|300\/352|[from] item: Leftovers
|turn|85
|
|move|p2a: Amoonguss|Foul Play|p1a: Ferrothorn
|-damage|p1a: Ferrothorn|254\/352
|-damage|p2a: Amoonguss|323\/430|[from] ability: Iron Barbs|[of] p1a: Ferrothorn
|move|p1a: Ferrothorn|Stealth Rock|p2a: Amoonguss
|-fail|p2a: Amoonguss
|
|-heal|p2a: Amoonguss|349\/430|[from] item: Black Sludge
|-heal|p1a: Ferrothorn|276\/352|[from] item: Leftovers
|turn|86
|c|âh1ghpuzzle|go go go Amoonguss
|
|move|p2a: Amoonguss|Foul Play|p1a: Ferrothorn
|-damage|p1a: Ferrothorn|231\/352
|-damage|p2a: Amoonguss|296\/430|[from] ability: Iron Barbs|[of] p1a: Ferrothorn
|move|p1a: Ferrothorn|Stealth Rock|p2a: Amoonguss
|-fail|p2a: Amoonguss
|
|-heal|p2a: Amoonguss|322\/430|[from] item: Black Sludge
|-heal|p1a: Ferrothorn|253\/352|[from] item: Leftovers
|turn|87
|
|move|p2a: Amoonguss|Foul Play|p1a: Ferrothorn
|-damage|p1a: Ferrothorn|206\/352
|-damage|p2a: Amoonguss|269\/430|[from] ability: Iron Barbs|[of] p1a: Ferrothorn
|move|p1a: Ferrothorn|Stealth Rock|p2a: Amoonguss
|-fail|p2a: Amoonguss
|
|-heal|p2a: Amoonguss|295\/430|[from] item: Black Sludge
|-heal|p1a: Ferrothorn|228\/352|[from] item: Leftovers
|turn|88
|
|move|p1a: Ferrothorn|Protect|p1a: Ferrothorn
|-singleturn|p1a: Ferrothorn|Protect
|move|p2a: Amoonguss|Foul Play|p1a: Ferrothorn
|-activate|p1a: Ferrothorn|Protect
|
|-heal|p2a: Amoonguss|321\/430|[from] item: Black Sludge
|-heal|p1a: Ferrothorn|250\/352|[from] item: Leftovers
|turn|89
|
|move|p2a: Amoonguss|Foul Play|p1a: Ferrothorn
|-crit|p1a: Ferrothorn
|-damage|p1a: Ferrothorn|175\/352
|-damage|p2a: Amoonguss|268\/430|[from] ability: Iron Barbs|[of] p1a: Ferrothorn
|move|p1a: Ferrothorn|Stealth Rock|p2a: Amoonguss
|-fail|p2a: Amoonguss
|
|-heal|p2a: Amoonguss|294\/430|[from] item: Black Sludge
|-heal|p1a: Ferrothorn|197\/352|[from] item: Leftovers
|turn|90
|
|move|p1a: Ferrothorn|Protect|p1a: Ferrothorn
|-singleturn|p1a: Ferrothorn|Protect
|move|p2a: Amoonguss|Foul Play|p1a: Ferrothorn
|-activate|p1a: Ferrothorn|Protect
|
|-heal|p2a: Amoonguss|320\/430|[from] item: Black Sludge
|-heal|p1a: Ferrothorn|219\/352|[from] item: Leftovers
|turn|91
|
|move|p2a: Amoonguss|Foul Play|p1a: Ferrothorn
|-damage|p1a: Ferrothorn|167\/352
|-damage|p2a: Amoonguss|267\/430|[from] ability: Iron Barbs|[of] p1a: Ferrothorn
|move|p1a: Ferrothorn|Leech Seed|p2a: Amoonguss|[miss]
|-miss|p1a: Ferrothorn|p2a: Amoonguss
|
|-heal|p2a: Amoonguss|293\/430|[from] item: Black Sludge
|-heal|p1a: Ferrothorn|189\/352|[from] item: Leftovers
|turn|92
|
|move|p1a: Ferrothorn|Protect|p1a: Ferrothorn
|-singleturn|p1a: Ferrothorn|Protect
|move|p2a: Amoonguss|Foul Play|p1a: Ferrothorn
|-activate|p1a: Ferrothorn|Protect
|
|-heal|p2a: Amoonguss|319\/430|[from] item: Black Sludge
|-heal|p1a: Ferrothorn|211\/352|[from] item: Leftovers
|turn|93
|
|move|p1a: Ferrothorn|Protect|p1a: Ferrothorn
|-fail|p1a: Ferrothorn
|move|p2a: Amoonguss|Foul Play|p1a: Ferrothorn
|-damage|p1a: Ferrothorn|163\/352
|-damage|p2a: Amoonguss|266\/430|[from] ability: Iron Barbs|[of] p1a: Ferrothorn
|
|-heal|p2a: Amoonguss|292\/430|[from] item: Black Sludge
|-heal|p1a: Ferrothorn|185\/352|[from] item: Leftovers
|turn|94
|
|move|p1a: Ferrothorn|Protect|p1a: Ferrothorn
|-singleturn|p1a: Ferrothorn|Protect
|move|p2a: Amoonguss|Foul Play|p1a: Ferrothorn
|-activate|p1a: Ferrothorn|Protect
|
|-heal|p2a: Amoonguss|318\/430|[from] item: Black Sludge
|-heal|p1a: Ferrothorn|207\/352|[from] item: Leftovers
|turn|95
|
|move|p2a: Amoonguss|Foul Play|p1a: Ferrothorn
|-damage|p1a: Ferrothorn|157\/352
|-damage|p2a: Amoonguss|265\/430|[from] ability: Iron Barbs|[of] p1a: Ferrothorn
|move|p1a: Ferrothorn|Leech Seed|p2a: Amoonguss
|-immune|p2a: Amoonguss|[msg]
|
|-heal|p2a: Amoonguss|291\/430|[from] item: Black Sludge
|-heal|p1a: Ferrothorn|179\/352|[from] item: Leftovers
|turn|96
|
|move|p1a: Ferrothorn|Protect|p1a: Ferrothorn
|-singleturn|p1a: Ferrothorn|Protect
|move|p2a: Amoonguss|Foul Play|p1a: Ferrothorn
|-activate|p1a: Ferrothorn|Protect
|
|-heal|p2a: Amoonguss|317\/430|[from] item: Black Sludge
|-heal|p1a: Ferrothorn|201\/352|[from] item: Leftovers
|turn|97
|
|move|p1a: Ferrothorn|Protect|p1a: Ferrothorn
|-singleturn|p1a: Ferrothorn|Protect
|move|p2a: Amoonguss|Foul Play|p1a: Ferrothorn
|-activate|p1a: Ferrothorn|Protect
|
|-heal|p2a: Amoonguss|343\/430|[from] item: Black Sludge
|-heal|p1a: Ferrothorn|223\/352|[from] item: Leftovers
|turn|98
|
|move|p1a: Ferrothorn|Protect|p1a: Ferrothorn
|-fail|p1a: Ferrothorn
|move|p2a: Amoonguss|Foul Play|p1a: Ferrothorn
|-damage|p1a: Ferrothorn|173\/352
|-damage|p2a: Amoonguss|290\/430|[from] ability: Iron Barbs|[of] p1a: Ferrothorn
|
|-heal|p2a: Amoonguss|316\/430|[from] item: Black Sludge
|-heal|p1a: Ferrothorn|195\/352|[from] item: Leftovers
|turn|99
|
|move|p1a: Ferrothorn|Protect|p1a: Ferrothorn
|-singleturn|p1a: Ferrothorn|Protect
|move|p2a: Amoonguss|Foul Play|p1a: Ferrothorn
|-activate|p1a: Ferrothorn|Protect
|
|-heal|p2a: Amoonguss|342\/430|[from] item: Black Sludge
|-heal|p1a: Ferrothorn|217\/352|[from] item: Leftovers
|turn|100
|
|move|p2a: Amoonguss|Foul Play|p1a: Ferrothorn
|-damage|p1a: Ferrothorn|167\/352
|-damage|p2a: Amoonguss|289\/430|[from] ability: Iron Barbs|[of] p1a: Ferrothorn
|move|p1a: Ferrothorn|Leech Seed|p2a: Amoonguss
|-immune|p2a: Amoonguss|[msg]
|
|-heal|p2a: Amoonguss|315\/430|[from] item: Black Sludge
|-heal|p1a: Ferrothorn|189\/352|[from] item: Leftovers
|turn|101
|
|move|p2a: Amoonguss|Foul Play|p1a: Ferrothorn
|-damage|p1a: Ferrothorn|142\/352
|-damage|p2a: Amoonguss|262\/430|[from] ability: Iron Barbs|[of] p1a: Ferrothorn
|move|p1a: Ferrothorn|Leech Seed|p2a: Amoonguss
|-immune|p2a: Amoonguss|[msg]
|
|-heal|p2a: Amoonguss|288\/430|[from] item: Black Sludge
|-heal|p1a: Ferrothorn|164\/352|[from] item: Leftovers
|turn|102
|
|move|p2a: Amoonguss|Sludge Bomb|p1a: Ferrothorn
|-immune|p1a: Ferrothorn|[msg]
|move|p1a: Ferrothorn|Leech Seed|p2a: Amoonguss
|-immune|p2a: Amoonguss|[msg]
|
|-heal|p2a: Amoonguss|314\/430|[from] item: Black Sludge
|-heal|p1a: Ferrothorn|186\/352|[from] item: Leftovers
|turn|103
|
|move|p2a: Amoonguss|Foul Play|p1a: Ferrothorn
|-damage|p1a: Ferrothorn|140\/352
|-damage|p2a: Amoonguss|261\/430|[from] ability: Iron Barbs|[of] p1a: Ferrothorn
|move|p1a: Ferrothorn|Leech Seed|p2a: Amoonguss
|-immune|p2a: Amoonguss|[msg]
|
|-heal|p2a: Amoonguss|287\/430|[from] item: Black Sludge
|-heal|p1a: Ferrothorn|162\/352|[from] item: Leftovers
|turn|104
|
|move|p2a: Amoonguss|Foul Play|p1a: Ferrothorn
|-damage|p1a: Ferrothorn|117\/352
|-damage|p2a: Amoonguss|234\/430|[from] ability: Iron Barbs|[of] p1a: Ferrothorn
|move|p1a: Ferrothorn|Leech Seed|p2a: Amoonguss
|-immune|p2a: Amoonguss|[msg]
|
|-heal|p2a: Amoonguss|260\/430|[from] item: Black Sludge
|-heal|p1a: Ferrothorn|139\/352|[from] item: Leftovers
|turn|105
|c|âSweet Symphony|x.x
|c|âh1ghpuzzle|:V
|
|move|p2a: Amoonguss|Sludge Bomb|p1a: Ferrothorn
|-immune|p1a: Ferrothorn|[msg]
|move|p1a: Ferrothorn|Leech Seed|p2a: Amoonguss
|-immune|p2a: Amoonguss|[msg]
|
|-heal|p2a: Amoonguss|286\/430|[from] item: Black Sludge
|-heal|p1a: Ferrothorn|161\/352|[from] item: Leftovers
|turn|106
|c|âh1ghpuzzle|that's gg :o
|-message|Sweet Symphony lost due to inactivity.
|
|win|h1ghpuzzle
|raw|Ladder updating...
|raw|Sweet Symphony's rating: 1772 &rarr; <strong>1750<\/strong><br \/>(-22 for losing)
|raw|h1ghpuzzle's rating: 1748 &rarr; <strong>1770<\/strong><br \/>(+22 for winning)