|join|Sweet Symphony
|join|collusional
|player|p1|Sweet Symphony|114
|player|p2|collusional|170
|gametype|singles
|gen|6
|tier|OU
|rated
|clearpoke
|poke|p1|Landorus-Therian, M
|poke|p1|Azumarill, F
|poke|p1|Scizor, F
|poke|p1|Venusaur, F
|poke|p1|Zapdos
|poke|p1|Chansey, F
|poke|p2|Salamence, F
|poke|p2|Greninja, F, shiny
|poke|p2|Landorus-Therian, M
|poke|p2|Venusaur, F
|poke|p2|Talonflame, F
|poke|p2|Clefable, M
|rule|Swagger Clause: Swagger is banned
|rule|Baton Pass Clause: Limit one PokÃ©mon knowing Baton Pass
|rule|Sleep Clause Mod: Limit one foe put to sleep
|rule|Species Clause: Limit one of each PokÃ©mon
|rule|OHKO Clause: OHKO moves are banned
|rule|Moody Clause: Moody is banned
|rule|Evasion Moves Clause: Evasion moves are banned
|rule|Endless Battle Clause: Forcing endless battles is banned
|rule|HP Percentage Mod: HP is shown in percentages
|teampreview
|
|start
|switch|p1a: Landorus-Therian|Landorus-Therian, M|364\/364
|switch|p2a: Landorus-Therian|Landorus-Therian, M|320\/320
|-ability|p2a: Landorus-Therian|Intimidate|[of] p1a: Landorus-Therian
|-unboost|p1a: Landorus-Therian|atk|1
|-ability|p1a: Landorus-Therian|Intimidate|[of] p2a: Landorus-Therian
|-unboost|p2a: Landorus-Therian|atk|1
|turn|1
|
|move|p2a: Landorus-Therian|Stealth Rock|p1a: Landorus-Therian
|-sidestart|p1: Sweet Symphony|move: Stealth Rock
|move|p1a: Landorus-Therian|Stealth Rock|p2a: Landorus-Therian
|-sidestart|p2: collusional|move: Stealth Rock
|
|turn|2
|
|switch|p2a: Venusaur|Venusaur, F|302\/302
|-damage|p2a: Venusaur|265\/302|[from] Stealth Rock
|move|p1a: Landorus-Therian|Hidden Power|p2a: Venusaur
|-supereffective|p2a: Venusaur
|-damage|p2a: Venusaur|161\/302
|
|turn|3
|
|switch|p1a: Scizor|Scizor, F|281\/281
|-damage|p1a: Scizor|246\/281|[from] Stealth Rock
|detailschange|p2a: Venusaur|Venusaur-Mega, F
|message|Venusaur has Mega Evolved into Mega Venusaur!
|move|p2a: Venusaur|Giga Drain|p1a: Scizor
|-resisted|p1a: Scizor
|-damage|p1a: Scizor|201\/281
|-heal|p2a: Venusaur|184\/302|[from] drain|[of] p1a: Scizor
|
|turn|4
|
|move|p2a: Venusaur|Hidden Power|p1a: Scizor
|-supereffective|p1a: Scizor
|-damage|p1a: Scizor|0 fnt
|faint|p1a: Scizor
|
|chat|Sweet Symphony|nooooooooo
|chat|Sweet Symphony|:c
|
|switch|p1a: Chansey|Chansey, F|704\/704
|-damage|p1a: Chansey|616\/704|[from] Stealth Rock
|turn|5
|
|switch|p2a: Talonflame|Talonflame, F|298\/298
|-damage|p2a: Talonflame|149\/298|[from] Stealth Rock
|move|p1a: Chansey|Thunder Wave|p2a: Talonflame
|-status|p2a: Talonflame|par
|
|turn|6
|
|move|p1a: Chansey|Seismic Toss|p2a: Talonflame
|-damage|p2a: Talonflame|49\/298 par
|move|p2a: Talonflame|Swords Dance|p2a: Talonflame
|-boost|p2a: Talonflame|atk|2
|
|turn|7
|
|cant|p2a: Talonflame|par
|move|p1a: Chansey|Soft-Boiled|p1a: Chansey
|-heal|p1a: Chansey|704\/704
|
|turn|8
|
|cant|p2a: Talonflame|par
|move|p1a: Chansey|Seismic Toss|p2a: Talonflame
|-damage|p2a: Talonflame|0 fnt
|faint|p2a: Talonflame
|
|chat|Sweet Symphony|XD
|chat|collusional|really.
|chat|Sweet Symphony|lol
|
|switch|p2a: Landorus-Therian|Landorus-Therian, M|320\/320
|-damage|p2a: Landorus-Therian|280\/320|[from] Stealth Rock
|-ability|p2a: Landorus-Therian|Intimidate|[of] p1a: Chansey
|-unboost|p1a: Chansey|atk|1
|turn|9
|
|switch|p1a: Landorus-Therian|Landorus-Therian, M|364\/364
|-damage|p1a: Landorus-Therian|319\/364|[from] Stealth Rock
|-ability|p1a: Landorus-Therian|Intimidate|[of] p2a: Landorus-Therian
|-unboost|p2a: Landorus-Therian|atk|1
|move|p2a: Landorus-Therian|Knock Off|p1a: Landorus-Therian
|-damage|p1a: Landorus-Therian|241\/364
|-enditem|p1a: Landorus-Therian|Leftovers|[from] move: Knock Off|[of] p2a: Landorus-Therian
|
|turn|10
|
|switch|p2a: Venusaur|Venusaur-Mega, F|184\/302
|-damage|p2a: Venusaur|147\/302|[from] Stealth Rock
|move|p1a: Landorus-Therian|Earthquake|p2a: Venusaur
|-damage|p2a: Venusaur|0 fnt
|faint|p2a: Venusaur
|
|
|switch|p2a: Greninja|Greninja, F, shiny|286\/286
|-damage|p2a: Greninja|251\/286|[from] Stealth Rock
|turn|11
|
|switch|p1a: Chansey|Chansey, F|704\/704
|-damage|p1a: Chansey|616\/704|[from] Stealth Rock
|move|p2a: Greninja|Ice Beam|p1a: Chansey
|-start|p2a: Greninja|typechange|Ice|[from] Protean
|-damage|p1a: Chansey|499\/704
|-damage|p2a: Greninja|223\/286|[from] item: Life Orb
|
|turn|12
|
|switch|p2a: Landorus-Therian|Landorus-Therian, M|280\/320
|-damage|p2a: Landorus-Therian|240\/320|[from] Stealth Rock
|-ability|p2a: Landorus-Therian|Intimidate|[of] p1a: Chansey
|-unboost|p1a: Chansey|atk|1
|move|p1a: Chansey|Thunder Wave|p2a: Landorus-Therian
|-immune|p2a: Landorus-Therian|[msg]
|
|turn|13
|
|switch|p2a: Greninja|Greninja, F, shiny|223\/286
|-damage|p2a: Greninja|188\/286|[from] Stealth Rock
|switch|p1a: Landorus-Therian|Landorus-Therian, M|241\/364
|-damage|p1a: Landorus-Therian|196\/364|[from] Stealth Rock
|-ability|p1a: Landorus-Therian|Intimidate|[of] p2a: Greninja
|-unboost|p2a: Greninja|atk|1
|
|turn|14
|
|switch|p1a: Chansey|Chansey, F|499\/704
|-damage|p1a: Chansey|411\/704|[from] Stealth Rock
|move|p2a: Greninja|Ice Beam|p1a: Chansey
|-start|p2a: Greninja|typechange|Ice|[from] Protean
|-damage|p1a: Chansey|298\/704
|-damage|p2a: Greninja|160\/286|[from] item: Life Orb
|
|turn|15
|
|switch|p2a: Landorus-Therian|Landorus-Therian, M|240\/320
|-damage|p2a: Landorus-Therian|200\/320|[from] Stealth Rock
|-ability|p2a: Landorus-Therian|Intimidate|[of] p1a: Chansey
|-unboost|p1a: Chansey|atk|1
|move|p1a: Chansey|Soft-Boiled|p1a: Chansey
|-heal|p1a: Chansey|650\/704
|
|turn|16
|
|switch|p1a: Landorus-Therian|Landorus-Therian, M|196\/364
|-damage|p1a: Landorus-Therian|151\/364|[from] Stealth Rock
|-ability|p1a: Landorus-Therian|Intimidate|[of] p2a: Landorus-Therian
|-unboost|p2a: Landorus-Therian|atk|1
|move|p2a: Landorus-Therian|Knock Off|p1a: Landorus-Therian
|-damage|p1a: Landorus-Therian|100\/364
|
|turn|17
|
|move|p2a: Landorus-Therian|Stone Edge|p1a: Landorus-Therian
|-damage|p1a: Landorus-Therian|16\/364
|move|p1a: Landorus-Therian|Earthquake|p2a: Landorus-Therian
|-immune|p2a: Landorus-Therian|[msg]
|
|turn|18
|chat|Sweet Symphony|jajajajaja
|
|move|p2a: Landorus-Therian|Knock Off|p1a: Landorus-Therian
|-damage|p1a: Landorus-Therian|0 fnt
|faint|p1a: Landorus-Therian
|
|chat|Sweet Symphony|:C
|
|switch|p1a: Venusaur|Venusaur, F|364\/364
|-damage|p1a: Venusaur|319\/364|[from] Stealth Rock
|turn|19
|
|detailschange|p1a: Venusaur|Venusaur-Mega, F
|message|Venusaur has Mega Evolved into Mega Venusaur!
|move|p2a: Landorus-Therian|Earthquake|p1a: Venusaur
|-damage|p1a: Venusaur|217\/364
|move|p1a: Venusaur|Sludge Bomb|p2a: Landorus-Therian
|-resisted|p2a: Landorus-Therian
|-damage|p2a: Landorus-Therian|119\/320
|
|turn|20
|
|move|p2a: Landorus-Therian|Earthquake|p1a: Venusaur
|-damage|p1a: Venusaur|129\/364
|move|p1a: Venusaur|Synthesis|p1a: Venusaur
|-heal|p1a: Venusaur|311\/364
|
|turn|21
|
|move|p2a: Landorus-Therian|Earthquake|p1a: Venusaur
|-damage|p1a: Venusaur|217\/364
|move|p1a: Venusaur|Giga Drain|p2a: Landorus-Therian
|-damage|p2a: Landorus-Therian|0 fnt
|-heal|p1a: Venusaur|277\/364|[from] drain|[of] p2a: Landorus-Therian
|faint|p2a: Landorus-Therian
|
|
|switch|p2a: Greninja|Greninja, F, shiny|160\/286
|-damage|p2a: Greninja|125\/286|[from] Stealth Rock
|turn|22
|
|switch|p1a: Chansey|Chansey, F|650\/704
|-damage|p1a: Chansey|562\/704|[from] Stealth Rock
|move|p2a: Greninja|Extrasensory|p1a: Chansey
|-start|p2a: Greninja|typechange|Psychic|[from] Protean
|-damage|p1a: Chansey|455\/704
|-damage|p2a: Greninja|97\/286|[from] item: Life Orb
|
|turn|23
|
|move|p2a: Greninja|Ice Beam|p1a: Chansey
|-start|p2a: Greninja|typechange|Ice|[from] Protean
|-damage|p1a: Chansey|348\/704
|-damage|p2a: Greninja|69\/286|[from] item: Life Orb
|move|p1a: Chansey|Thunder Wave|p2a: Greninja
|-status|p2a: Greninja|par
|
|turn|24
|
|move|p1a: Chansey|Soft-Boiled|p1a: Chansey
|-heal|p1a: Chansey|700\/704
|move|p2a: Greninja|Ice Beam|p1a: Chansey
|-damage|p1a: Chansey|582\/704
|-damage|p2a: Greninja|41\/286 par|[from] item: Life Orb
|
|turn|25
|
|move|p1a: Chansey|Seismic Toss|p2a: Greninja
|-damage|p2a: Greninja|0 fnt
|faint|p2a: Greninja
|
|
|switch|p2a: Clefable|Clefable, M|394\/394
|turn|26
|
|move|p2a: Clefable|Calm Mind|p2a: Clefable
|-boost|p2a: Clefable|spa|1
|-boost|p2a: Clefable|spd|1
|move|p1a: Chansey|Thunder Wave|p2a: Clefable
|-status|p2a: Clefable|par
|
|turn|27
|
|move|p1a: Chansey|Seismic Toss|p2a: Clefable
|-damage|p2a: Clefable|294\/394 par
|move|p2a: Clefable|Calm Mind|p2a: Clefable
|-boost|p2a: Clefable|spa|1
|-boost|p2a: Clefable|spd|1
|
|-heal|p2a: Clefable|318\/394 par|[from] item: Leftovers
|turn|28
|
|switch|p1a: Venusaur|Venusaur-Mega, F|277\/364
|-damage|p1a: Venusaur|232\/364|[from] Stealth Rock
|cant|p2a: Clefable|par
|
|-heal|p2a: Clefable|342\/394 par|[from] item: Leftovers
|turn|29
|
|move|p1a: Venusaur|Sludge Bomb|p2a: Clefable
|-supereffective|p2a: Clefable
|-damage|p2a: Clefable|246\/394 par
|move|p2a: Clefable|Calm Mind|p2a: Clefable
|-boost|p2a: Clefable|spa|1
|-boost|p2a: Clefable|spd|1
|
|-heal|p2a: Clefable|270\/394 par|[from] item: Leftovers
|turn|30
|
|move|p1a: Venusaur|Sludge Bomb|p2a: Clefable
|-supereffective|p2a: Clefable
|-damage|p2a: Clefable|196\/394 par
|move|p2a: Clefable|Soft-Boiled|p2a: Clefable
|-heal|p2a: Clefable|393\/394 par
|
|-heal|p2a: Clefable|394\/394 par|[from] item: Leftovers
|turn|31
|
|move|p1a: Venusaur|Sludge Bomb|p2a: Clefable
|-supereffective|p2a: Clefable
|-damage|p2a: Clefable|308\/394 par
|move|p2a: Clefable|Calm Mind|p2a: Clefable
|-boost|p2a: Clefable|spa|1
|-boost|p2a: Clefable|spd|1
|
|-heal|p2a: Clefable|332\/394 par|[from] item: Leftovers
|turn|32
|chat|Sweet Symphony|where its the crit 7n7
|
|move|p1a: Venusaur|Sludge Bomb|p2a: Clefable
|-supereffective|p2a: Clefable
|-damage|p2a: Clefable|264\/394 par
|move|p2a: Clefable|Flamethrower|p1a: Venusaur
|-supereffective|p1a: Venusaur
|-damage|p1a: Venusaur|86\/364
|
|-heal|p2a: Clefable|288\/394 par|[from] item: Leftovers
|turn|33
|
|move|p1a: Venusaur|Synthesis|p1a: Venusaur
|-heal|p1a: Venusaur|268\/364
|move|p2a: Clefable|Calm Mind|p2a: Clefable
|-boost|p2a: Clefable|spa|1
|-boost|p2a: Clefable|spd|1
|
|-heal|p2a: Clefable|312\/394 par|[from] item: Leftovers
|turn|34
|
|move|p1a: Venusaur|Sludge Bomb|p2a: Clefable
|-supereffective|p2a: Clefable
|-damage|p2a: Clefable|250\/394 par
|move|p2a: Clefable|Soft-Boiled|p2a: Clefable
|-heal|p2a: Clefable|394\/394 par
|
|turn|35
|
|move|p1a: Venusaur|Sludge Bomb|p2a: Clefable
|-supereffective|p2a: Clefable
|-damage|p2a: Clefable|340\/394 par
|move|p2a: Clefable|Flamethrower|p1a: Venusaur
|-supereffective|p1a: Venusaur
|-damage|p1a: Venusaur|104\/364
|
|-heal|p2a: Clefable|364\/394 par|[from] item: Leftovers
|turn|36
|
|move|p1a: Venusaur|Synthesis|p1a: Venusaur
|-heal|p1a: Venusaur|286\/364
|cant|p2a: Clefable|par
|
|-heal|p2a: Clefable|388\/394 par|[from] item: Leftovers
|turn|37
|
|move|p1a: Venusaur|Sludge Bomb|p2a: Clefable
|-supereffective|p2a: Clefable
|-damage|p2a: Clefable|328\/394 par
|move|p2a: Clefable|Calm Mind|p2a: Clefable
|-boost|p2a: Clefable|spa|1
|-boost|p2a: Clefable|spd|1
|
|-heal|p2a: Clefable|352\/394 par|[from] item: Leftovers
|turn|38
|
|move|p1a: Venusaur|Sludge Bomb|p2a: Clefable
|-supereffective|p2a: Clefable
|-damage|p2a: Clefable|296\/394 par
|cant|p2a: Clefable|par
|
|-heal|p2a: Clefable|320\/394 par|[from] item: Leftovers
|turn|39
|chat|Sweet Symphony|why  i cant get a crit
|chat|Sweet Symphony|:c
|
|move|p1a: Venusaur|Sludge Bomb|p2a: Clefable
|-supereffective|p2a: Clefable
|-damage|p2a: Clefable|272\/394 par
|move|p2a: Clefable|Flamethrower|p1a: Venusaur
|-supereffective|p1a: Venusaur
|-damage|p1a: Venusaur|76\/364
|
|-heal|p2a: Clefable|296\/394 par|[from] item: Leftovers
|turn|40
|
|move|p1a: Venusaur|Synthesis|p1a: Venusaur
|-heal|p1a: Venusaur|258\/364
|cant|p2a: Clefable|par
|
|-heal|p2a: Clefable|320\/394 par|[from] item: Leftovers
|turn|41
|chat|collusional|Because your ways of playing are too cheap :)
|chat|Sweet Symphony|oh <3
|chat|Sweet Symphony|ty
|chat|Sweet Symphony|i love you
|chat|collusional|Lol
|chat|Sweet Symphony|suck my dick now :3
|
|move|p1a: Venusaur|Sludge Bomb|p2a: Clefable
|-supereffective|p2a: Clefable
|-damage|p2a: Clefable|264\/394 par
|move|p2a: Clefable|Flamethrower|p1a: Venusaur
|-supereffective|p1a: Venusaur
|-damage|p1a: Venusaur|48\/364
|
|-heal|p2a: Clefable|288\/394 par|[from] item: Leftovers
|turn|42
|
|move|p1a: Venusaur|Synthesis|p1a: Venusaur
|-heal|p1a: Venusaur|230\/364
|move|p2a: Clefable|Flamethrower|p1a: Venusaur
|-supereffective|p1a: Venusaur
|-damage|p1a: Venusaur|26\/364
|
|-heal|p2a: Clefable|312\/394 par|[from] item: Leftovers
|turn|43
|
|move|p1a: Venusaur|Synthesis|p1a: Venusaur
|-heal|p1a: Venusaur|208\/364
|move|p2a: Clefable|Flamethrower|p1a: Venusaur
|-crit|p1a: Venusaur
|-supereffective|p1a: Venusaur
|-damage|p1a: Venusaur|0 fnt
|faint|p1a: Venusaur
|
|-heal|p2a: Clefable|336\/394 par|[from] item: Leftovers
|chat|Sweet Symphony|jajajajaa
|
|switch|p1a: Chansey|Chansey, F|582\/704
|-damage|p1a: Chansey|494\/704|[from] Stealth Rock
|turn|44
|
|move|p1a: Chansey|Seismic Toss|p2a: Clefable
|-damage|p2a: Clefable|236\/394 par
|cant|p2a: Clefable|par
|
|-heal|p2a: Clefable|260\/394 par|[from] item: Leftovers
|turn|45
|
|move|p1a: Chansey|Seismic Toss|p2a: Clefable
|-damage|p2a: Clefable|160\/394 par
|move|p2a: Clefable|Soft-Boiled|p2a: Clefable
|-heal|p2a: Clefable|357\/394 par
|
|-heal|p2a: Clefable|381\/394 par|[from] item: Leftovers
|turn|46
|
|move|p1a: Chansey|Seismic Toss|p2a: Clefable
|-damage|p2a: Clefable|281\/394 par
|move|p2a: Clefable|Toxic|p1a: Chansey
|-status|p1a: Chansey|tox
|
|-heal|p2a: Clefable|305\/394 par|[from] item: Leftovers
|-damage|p1a: Chansey|450\/704 tox|[from] psn
|turn|47
|
|move|p1a: Chansey|Seismic Toss|p2a: Clefable
|-damage|p2a: Clefable|205\/394 par
|move|p2a: Clefable|Flamethrower|p1a: Chansey
|-damage|p1a: Chansey|267\/704 tox
|
|-heal|p2a: Clefable|229\/394 par|[from] item: Leftovers
|-damage|p1a: Chansey|179\/704 tox|[from] psn
|turn|48
|
|move|p1a: Chansey|Soft-Boiled|p1a: Chansey
|-heal|p1a: Chansey|531\/704 tox
|move|p2a: Clefable|Soft-Boiled|p2a: Clefable
|-heal|p2a: Clefable|394\/394 par
|
|-damage|p1a: Chansey|399\/704 tox|[from] psn
|turn|49
|
|move|p1a: Chansey|Heal Bell|p1a: Chansey
|-cureteam|p1a: Chansey|[from] move: HealBell
|cant|p2a: Clefable|par
|
|turn|50
|
|move|p1a: Chansey|Seismic Toss|p2a: Clefable
|-damage|p2a: Clefable|294\/394 par
|move|p2a: Clefable|Toxic|p1a: Chansey
|-status|p1a: Chansey|tox
|
|-heal|p2a: Clefable|318\/394 par|[from] item: Leftovers
|-damage|p1a: Chansey|355\/704 tox|[from] psn
|turn|51
|
|move|p1a: Chansey|Seismic Toss|p2a: Clefable
|-damage|p2a: Clefable|218\/394 par
|cant|p2a: Clefable|par
|
|-heal|p2a: Clefable|242\/394 par|[from] item: Leftovers
|-damage|p1a: Chansey|267\/704 tox|[from] psn
|turn|52
|
|move|p1a: Chansey|Soft-Boiled|p1a: Chansey
|-heal|p1a: Chansey|619\/704 tox
|move|p2a: Clefable|Soft-Boiled|p2a: Clefable
|-heal|p2a: Clefable|394\/394 par
|
|-damage|p1a: Chansey|487\/704 tox|[from] psn
|turn|53
|
|move|p1a: Chansey|Heal Bell|p1a: Chansey
|-cureteam|p1a: Chansey|[from] move: HealBell
|move|p2a: Clefable|Toxic|p1a: Chansey
|-status|p1a: Chansey|tox
|
|-damage|p1a: Chansey|443\/704 tox|[from] psn
|turn|54
|
|move|p1a: Chansey|Seismic Toss|p2a: Clefable
|-damage|p2a: Clefable|294\/394 par
|cant|p2a: Clefable|par
|
|-heal|p2a: Clefable|318\/394 par|[from] item: Leftovers
|-damage|p1a: Chansey|355\/704 tox|[from] psn
|turn|55
|
|move|p1a: Chansey|Seismic Toss|p2a: Clefable
|-damage|p2a: Clefable|218\/394 par
|move|p2a: Clefable|Flamethrower|p1a: Chansey
|-damage|p1a: Chansey|168\/704 tox
|
|-heal|p2a: Clefable|242\/394 par|[from] item: Leftovers
|-damage|p1a: Chansey|36\/704 tox|[from] psn
|turn|56
|
|move|p1a: Chansey|Heal Bell|p1a: Chansey
|-cureteam|p1a: Chansey|[from] move: HealBell
|cant|p2a: Clefable|par
|
|-heal|p2a: Clefable|266\/394 par|[from] item: Leftovers
|turn|57
|
|move|p1a: Chansey|Seismic Toss|p2a: Clefable
|-damage|p2a: Clefable|166\/394 par
|move|p2a: Clefable|Toxic|p1a: Chansey
|-status|p1a: Chansey|tox
|
|-heal|p2a: Clefable|190\/394 par|[from] item: Leftovers
|-damage|p1a: Chansey|0 fnt|[from] psn
|faint|p1a: Chansey
|
|switch|p1a: Azumarill|Azumarill, F|386\/386
|-damage|p1a: Azumarill|338\/386|[from] Stealth Rock
|turn|58
|
|move|p1a: Azumarill|Belly Drum|p1a: Azumarill
|-damage|p1a: Azumarill|145\/386
|-setboost|p1a: Azumarill|atk|6|[from] move: Belly Drum
|-enditem|p1a: Azumarill|Sitrus Berry|[eat]
|-heal|p1a: Azumarill|241\/386|[from] item: Sitrus Berry
|move|p2a: Clefable|Toxic|p1a: Azumarill
|-status|p1a: Azumarill|tox
|
|-heal|p2a: Clefable|214\/394 par|[from] item: Leftovers
|-damage|p1a: Azumarill|217\/386 tox|[from] psn
|turn|59
|chat|Sweet Symphony|jajajaja
|chat|Sweet Symphony|gg
|
|move|p1a: Azumarill|Waterfall|p2a: Clefable
|-damage|p2a: Clefable|0 fnt
|faint|p2a: Clefable
|
|-damage|p1a: Azumarill|169\/386 tox|[from] psn
|
|switch|p2a: Salamence|Salamence, F|331\/331
|-damage|p2a: Salamence|249\/331|[from] Stealth Rock
|turn|60
|
|move|p1a: Azumarill|Aqua Jet|p2a: Salamence
|-resisted|p2a: Salamence
|-damage|p2a: Salamence|42\/331
|move|p2a: Salamence|Stone Edge|p1a: Azumarill
|-damage|p1a: Azumarill|17\/386 tox
|
|-damage|p1a: Azumarill|0 fnt|[from] psn
|faint|p1a: Azumarill
|
|switch|p1a: Zapdos|Zapdos|384\/384
|-damage|p1a: Zapdos|288\/384|[from] Stealth Rock
|-ability|p1a: Zapdos|Pressure
|turn|61
|
|move|p2a: Salamence|Stone Edge|p1a: Zapdos
|-supereffective|p1a: Zapdos
|-damage|p1a: Zapdos|84\/384
|move|p1a: Zapdos|Volt Switch|p2a: Salamence
|-damage|p2a: Salamence|0 fnt
|faint|p2a: Salamence
|
|win|Sweet Symphony
|raw|Ladder updating...
|leave|collusional
|player|p2
|chat|Sweet Symphony|gg easy
|chat|Sweet Symphony|:]
|raw|Ladder (probably) updated, but score could not be retrieved (timeout).
|raw|Ladder (probably) updated, but score could not be retrieved (Error: socket hang up).
|chat|Sweet Symphony|oche no como que error
|chat|Sweet Symphony|no me jodan :c