|join|Sweet Symphony
|join|TheGreatBoris
|player|p1|Sweet Symphony|4
|player|p2|TheGreatBoris|250
|gametype|singles
|gen|6
|tier|OU
|rated
|clearpoke
|poke|p1|Keldeo
|poke|p1|Pinsir, M, shiny
|poke|p1|Heatran, F
|poke|p1|Mandibuzz, F
|poke|p1|Tyranitar, M
|poke|p1|Reuniclus, F
|poke|p2|Scizor, M, shiny
|poke|p2|Kyurem-Black, shiny
|poke|p2|Keldeo, shiny
|poke|p2|Landorus-Therian, M
|poke|p2|Rotom-Wash
|poke|p2|Heatran, M, shiny
|rule|Swagger Clause: Swagger is banned
|rule|Baton Pass Clause: Limit one PokÃ©mon knowing Baton Pass
|rule|Sleep Clause Mod: Limit one foe put to sleep
|rule|Species Clause: Limit one of each PokÃ©mon
|rule|OHKO Clause: OHKO moves are banned
|rule|Moody Clause: Moody is banned
|rule|Evasion Moves Clause: Evasion moves are banned
|rule|Endless Battle Clause: Forcing endless battles is banned
|rule|HP Percentage Mod: HP is reported as percentages
|teampreview
|
|start
|switch|p1a: Keldeo|Keldeo|341\/341
|switch|p2a: Rotom-Wash|Rotom-Wash|303\/303
|turn|1
|
|switch|p1a: Reuniclus|Reuniclus, F|362\/362
|move|p2a: Rotom-Wash|Will-O-Wisp|p1a: Reuniclus
|-status|p1a: Reuniclus|brn
|
|turn|2
|
|move|p2a: Rotom-Wash|Volt Switch|p1a: Reuniclus
|-damage|p1a: Reuniclus|263\/362 brn
|
|switch|p2a: Landorus-Therian|Landorus-Therian, M|354\/354
|-ability|p2a: Landorus-Therian|Intimidate|[of] p1a: Reuniclus
|-unboost|p1a: Reuniclus|atk|1
|move|p1a: Reuniclus|Focus Blast|p2a: Landorus-Therian|[miss]
|-miss|p1a: Reuniclus|p2a: Landorus-Therian
|
|-heal|p1a: Reuniclus|285\/362 brn|[from] item: Leftovers
|turn|3
|
|switch|p1a: Mandibuzz|Mandibuzz, F|423\/423
|move|p2a: Landorus-Therian|U-turn|p1a: Mandibuzz
|-damage|p1a: Mandibuzz|355\/423
|-damage|p2a: Landorus-Therian|295\/354|[from] item: Rocky Helmet|[of] p1a: Mandibuzz
|
|switch|p2a: Kyurem-Black|Kyurem-Black, shiny|405\/405
|-ability|p2a: Kyurem-Black|Teravolt
|
|turn|4
|
|switch|p1a: Reuniclus|Reuniclus, F|285\/362 brn
|move|p2a: Kyurem-Black|Ice Beam|p1a: Reuniclus
|-damage|p1a: Reuniclus|102\/362 brn
|
|-heal|p1a: Reuniclus|124\/362 brn|[from] item: Leftovers
|turn|5
|
|switch|p1a: Tyranitar|Tyranitar, M|403\/403
|-weather|Sandstorm
|move|p2a: Kyurem-Black|Ice Beam|p1a: Tyranitar
|-damage|p1a: Tyranitar|322\/403
|
|-weather|Sandstorm|[upkeep]
|-damage|p2a: Kyurem-Black|380\/405|[from] sandstorm
|-heal|p2a: Kyurem-Black|405\/405|[from] item: Leftovers
|-heal|p1a: Tyranitar|347\/403|[from] item: Leftovers
|turn|6
|
|switch|p2a: Landorus-Therian|Landorus-Therian, M|295\/354
|-ability|p2a: Landorus-Therian|Intimidate|[of] p1a: Tyranitar
|-unboost|p1a: Tyranitar|atk|1
|move|p1a: Tyranitar|Stealth Rock|p2a: Landorus-Therian
|-sidestart|p2: TheGreatBoris|move: Stealth Rock
|
|-weather|Sandstorm|[upkeep]
|-heal|p1a: Tyranitar|372\/403|[from] item: Leftovers
|turn|7
|
|switch|p1a: Keldeo|Keldeo|341\/341
|move|p2a: Landorus-Therian|Stone Edge|p1a: Keldeo
|-resisted|p1a: Keldeo
|-damage|p1a: Keldeo|272\/341
|
|-weather|Sandstorm|[upkeep]
|-damage|p1a: Keldeo|251\/341|[from] sandstorm
|-heal|p1a: Keldeo|272\/341|[from] item: Leftovers
|turn|8
|
|switch|p2a: Rotom-Wash|Rotom-Wash|303\/303
|-damage|p2a: Rotom-Wash|266\/303|[from] Stealth Rock
|move|p1a: Keldeo|Scald|p2a: Rotom-Wash
|-crit|p2a: Rotom-Wash
|-resisted|p2a: Rotom-Wash
|-damage|p2a: Rotom-Wash|164\/303
|
|-weather|Sandstorm|[upkeep]
|-damage|p1a: Keldeo|251\/341|[from] sandstorm
|-damage|p2a: Rotom-Wash|146\/303|[from] sandstorm
|-heal|p1a: Keldeo|272\/341|[from] item: Leftovers
|-heal|p2a: Rotom-Wash|164\/303|[from] item: Leftovers
|turn|9
|
|move|p1a: Keldeo|Substitute|p1a: Keldeo
|-start|p1a: Keldeo|Substitute
|-damage|p1a: Keldeo|187\/341
|move|p2a: Rotom-Wash|Volt Switch|p1a: Keldeo
|-supereffective|p1a: Keldeo
|-end|p1a: Keldeo|Substitute
|
|switch|p2a: Keldeo|Keldeo, shiny|323\/323
|-damage|p2a: Keldeo|303\/323|[from] Stealth Rock
|
|-weather|none
|-heal|p1a: Keldeo|208\/341|[from] item: Leftovers
|turn|10
|
|move|p2a: Keldeo|Secret Sword|p1a: Keldeo
|-damage|p1a: Keldeo|0 fnt
|faint|p1a: Keldeo
|
|
|switch|p1a: ASLKJGNASLJFAJS|Pinsir, M, shiny|272\/272
|turn|11
|
|switch|p2a: Landorus-Therian|Landorus-Therian, M|295\/354
|-damage|p2a: Landorus-Therian|251\/354|[from] Stealth Rock
|-ability|p2a: Landorus-Therian|Intimidate|[of] p1a: ASLKJGNASLJFAJS
|-unboost|p1a: ASLKJGNASLJFAJS|atk|1
|detailschange|p1a: ASLKJGNASLJFAJS|Pinsir-Mega, M, shiny
|message|Pinsir has Mega Evolved into Mega Pinsir!
|move|p1a: ASLKJGNASLJFAJS|Swords Dance|p1a: ASLKJGNASLJFAJS
|-boost|p1a: ASLKJGNASLJFAJS|atk|2
|
|turn|12
|
|move|p2a: Landorus-Therian|Stone Edge|p1a: ASLKJGNASLJFAJS
|-crit|p1a: ASLKJGNASLJFAJS
|-supereffective|p1a: ASLKJGNASLJFAJS
|-damage|p1a: ASLKJGNASLJFAJS|0 fnt
|faint|p1a: ASLKJGNASLJFAJS
|
|
|switch|p1a: Reuniclus|Reuniclus, F|124\/362 brn
|turn|13
|
|move|p2a: Landorus-Therian|Stone Edge|p1a: Reuniclus
|-damage|p1a: Reuniclus|0 fnt
|faint|p1a: Reuniclus
|
|
|switch|p1a: Heatran|Heatran, F|323\/323
|turn|14
|
|switch|p2a: Keldeo|Keldeo, shiny|303\/323
|-damage|p2a: Keldeo|283\/323|[from] Stealth Rock
|move|p1a: Heatran|Fire Blast|p2a: Keldeo
|-resisted|p2a: Keldeo
|-damage|p2a: Keldeo|174\/323
|-status|p2a: Keldeo|brn
|
|-damage|p2a: Keldeo|134\/323 brn|[from] brn
|turn|15
|
|switch|p1a: Mandibuzz|Mandibuzz, F|355\/423
|move|p2a: Keldeo|Secret Sword|p1a: Mandibuzz
|-damage|p1a: Mandibuzz|190\/423
|
|-damage|p2a: Keldeo|94\/323 brn|[from] brn
|turn|16
|
|switch|p2a: Heatran|Heatran, M, shiny|385\/385
|-damage|p2a: Heatran|337\/385|[from] Stealth Rock
|-item|p2a: Heatran|Air Balloon
|move|p1a: Mandibuzz|Roost|p1a: Mandibuzz
|-heal|p1a: Mandibuzz|402\/423
|
|turn|17
|
|move|p1a: Mandibuzz|Foul Play|p2a: Heatran
|-damage|p2a: Heatran|250\/385
|-enditem|p2a: Heatran|Air Balloon
|move|p2a: Heatran|Stealth Rock|p1a: Mandibuzz
|-sidestart|p1: Sweet Symphony|move: Stealth Rock
|
|turn|18
|
|switch|p1a: Tyranitar|Tyranitar, M|372\/403
|-damage|p1a: Tyranitar|322\/403|[from] Stealth Rock
|-weather|Sandstorm
|move|p2a: Heatran|Toxic|p1a: Tyranitar
|-status|p1a: Tyranitar|tox
|
|-weather|Sandstorm|[upkeep]
|-heal|p1a: Tyranitar|347\/403 tox|[from] item: Leftovers
|-damage|p1a: Tyranitar|322\/403 tox|[from] psn
|turn|19
|
|move|p2a: Heatran|Lava Plume|p1a: Tyranitar
|-resisted|p1a: Tyranitar
|-damage|p1a: Tyranitar|295\/403 tox
|move|p1a: Tyranitar|Stone Edge|p2a: Heatran
|-damage|p2a: Heatran|115\/385
|
|-weather|Sandstorm|[upkeep]
|-heal|p1a: Tyranitar|320\/403 tox|[from] item: Leftovers
|-damage|p1a: Tyranitar|270\/403 tox|[from] psn
|turn|20
|
|move|p2a: Heatran|Protect|p2a: Heatran
|-singleturn|p2a: Heatran|Protect
|move|p1a: Tyranitar|Stone Edge|p2a: Heatran
|-activate|p2a: Heatran|Protect
|
|-weather|Sandstorm|[upkeep]
|-heal|p1a: Tyranitar|295\/403 tox|[from] item: Leftovers
|-damage|p1a: Tyranitar|220\/403 tox|[from] psn
|turn|21
|
|move|p2a: Heatran|Lava Plume|p1a: Tyranitar
|-resisted|p1a: Tyranitar
|-damage|p1a: Tyranitar|193\/403 tox
|move|p1a: Tyranitar|Stone Edge|p2a: Heatran
|-damage|p2a: Heatran|0 fnt
|faint|p2a: Heatran
|
|-weather|Sandstorm|[upkeep]
|-heal|p1a: Tyranitar|218\/403 tox|[from] item: Leftovers
|-damage|p1a: Tyranitar|118\/403 tox|[from] psn
|
|switch|p2a: Kyurem-Black|Kyurem-Black, shiny|405\/405
|-damage|p2a: Kyurem-Black|304\/405|[from] Stealth Rock
|-ability|p2a: Kyurem-Black|Teravolt
|turn|22
|
|move|p2a: Kyurem-Black|Earth Power|p1a: Tyranitar
|-supereffective|p1a: Tyranitar
|-damage|p1a: Tyranitar|16\/403 tox
|move|p1a: Tyranitar|Stone Edge|p2a: Kyurem-Black
|-crit|p2a: Kyurem-Black
|-supereffective|p2a: Kyurem-Black
|-damage|p2a: Kyurem-Black|0 fnt
|faint|p2a: Kyurem-Black
|
|-weather|none
|-heal|p1a: Tyranitar|41\/403 tox|[from] item: Leftovers
|-damage|p1a: Tyranitar|0 fnt|[from] psn
|faint|p1a: Tyranitar
|
|switch|p1a: Heatran|Heatran, F|323\/323
|-damage|p1a: Heatran|283\/323|[from] Stealth Rock
|switch|p2a: Keldeo|Keldeo, shiny|94\/323 brn
|-damage|p2a: Keldeo|74\/323 brn|[from] Stealth Rock
|turn|23
|
|move|p1a: Heatran|Fire Blast|p2a: Keldeo
|-resisted|p2a: Keldeo
|-damage|p2a: Keldeo|0 fnt
|faint|p2a: Keldeo
|
|
|switch|p2a: Rotom-Wash|Rotom-Wash|164\/303
|-damage|p2a: Rotom-Wash|127\/303|[from] Stealth Rock
|turn|24
|
|move|p1a: Heatran|Fire Blast|p2a: Rotom-Wash
|-crit|p2a: Rotom-Wash
|-resisted|p2a: Rotom-Wash
|-damage|p2a: Rotom-Wash|0 fnt
|faint|p2a: Rotom-Wash
|
|chat|Sweet Symphony|hu3 :]
|
|switch|p2a: Landorus-Therian|Landorus-Therian, M|251\/354
|-damage|p2a: Landorus-Therian|207\/354|[from] Stealth Rock
|-ability|p2a: Landorus-Therian|Intimidate|[of] p1a: Heatran
|-unboost|p1a: Heatran|atk|1
|turn|25
|
|switch|p1a: Mandibuzz|Mandibuzz, F|402\/423
|-damage|p1a: Mandibuzz|297\/423|[from] Stealth Rock
|move|p2a: Landorus-Therian|Stone Edge|p1a: Mandibuzz
|-supereffective|p1a: Mandibuzz
|-damage|p1a: Mandibuzz|93\/423
|
|turn|26
|
|move|p2a: Landorus-Therian|Stone Edge|p1a: Mandibuzz|[miss]
|-miss|p2a: Landorus-Therian|p1a: Mandibuzz
|move|p1a: Mandibuzz|Roost|p1a: Mandibuzz
|-heal|p1a: Mandibuzz|305\/423
|
|turn|27
|chat|TheGreatBoris|wtf
|
|switch|p2a: Scizor|Scizor, M, shiny|343\/343
|-damage|p2a: Scizor|301\/343|[from] Stealth Rock
|move|p1a: Mandibuzz|Roost|p1a: Mandibuzz
|-heal|p1a: Mandibuzz|423\/423
|
|turn|28
|chat|TheGreatBoris|literally everything just went wrong for me
|
|detailschange|p2a: Scizor|Scizor-Mega, M, shiny
|message|Scizor has Mega Evolved into Mega Scizor!
|move|p1a: Mandibuzz|Foul Play|p2a: Scizor
|-damage|p2a: Scizor|175\/343
|move|p2a: Scizor|Swords Dance|p2a: Scizor
|-boost|p2a: Scizor|atk|2
|
|turn|29
|
|move|p1a: Mandibuzz|Taunt|p2a: Scizor
|-start|p2a: Scizor|move: Taunt
|move|p2a: Scizor|Knock Off|p1a: Mandibuzz
|-resisted|p1a: Mandibuzz
|-damage|p1a: Mandibuzz|333\/423
|-damage|p2a: Scizor|118\/343|[from] item: Rocky Helmet|[of] p1a: Mandibuzz
|-enditem|p1a: Mandibuzz|Rocky Helmet|[from] move: Knock Off|[of] p2a: Scizor
|
|turn|30
|
|move|p2a: Scizor|Bullet Punch|p1a: Mandibuzz
|-damage|p1a: Mandibuzz|174\/423
|move|p1a: Mandibuzz|Foul Play|p2a: Scizor
|-damage|p2a: Scizor|0 fnt
|faint|p2a: Scizor
|
|
|switch|p2a: Landorus-Therian|Landorus-Therian, M|207\/354
|-damage|p2a: Landorus-Therian|163\/354|[from] Stealth Rock
|-ability|p2a: Landorus-Therian|Intimidate|[of] p1a: Mandibuzz
|-unboost|p1a: Mandibuzz|atk|1
|turn|31
|
|move|p2a: Landorus-Therian|Stone Edge|p1a: Mandibuzz|[miss]
|-miss|p2a: Landorus-Therian|p1a: Mandibuzz
|move|p1a: Mandibuzz|Roost|p1a: Mandibuzz
|-heal|p1a: Mandibuzz|386\/423
|
|turn|32
|chat|Sweet Symphony|gg lol
|
|move|p2a: Landorus-Therian|Stone Edge|p1a: Mandibuzz|[miss]
|-miss|p2a: Landorus-Therian|p1a: Mandibuzz
|move|p1a: Mandibuzz|Foul Play|p2a: Landorus-Therian
|-damage|p2a: Landorus-Therian|0 fnt
|faint|p2a: Landorus-Therian
|
|win|Sweet Symphony
|raw|Ladder updating...
|chat|Sweet Symphony|:]
|raw|Sweet Symphony's rating: 1606 &rarr; <strong>1623<\/strong><br \/>(+17 for winning)
|raw|TheGreatBoris's rating: 1553 &rarr; <strong>1536<\/strong><br \/>(-17 for losing)
|chat|TheGreatBoris|fuck this game
|leave|TheGreatBoris
|player|p2