|join|MTL Manectric
|join|Sweet Symphony
|player|p1|MTL Manectric|82
|player|p2|Sweet Symphony|284
|gametype|singles
|gen|6
|tier|OU
|rated
|clearpoke
|poke|p1|Kyurem-Black
|poke|p1|Thundurus, M
|poke|p1|Azelf
|poke|p1|Pinsir, M
|poke|p1|Excadrill, F
|poke|p1|Keldeo
|poke|p2|Starmie
|poke|p2|Amoonguss, M
|poke|p2|Landorus, M
|poke|p2|Heatran, F
|poke|p2|Weavile, F
|poke|p2|Pinsir, F
|rule|Swagger Clause: Swagger is banned
|rule|Baton Pass Clause: Limit one PokÃ©mon knowing Baton Pass
|rule|Sleep Clause Mod: Limit one foe put to sleep
|rule|Species Clause: Limit one of each PokÃ©mon
|rule|OHKO Clause: OHKO moves are banned
|rule|Moody Clause: Moody is banned
|rule|Evasion Moves Clause: Evasion moves are banned
|rule|Endless Battle Clause: Forcing endless battles is banned
|rule|HP Percentage Mod: HP is shown in percentages
|teampreview
|
|start
|switch|p1a: Keldeo|Keldeo|323\/323
|switch|p2a: Weavile|Weavile, F|281\/281
|turn|1
|
|switch|p2a: Starmie|Starmie|324\/324
|switch|p1a: Azelf|Azelf|292\/292
|
|turn|2
|
|move|p1a: Azelf|Stealth Rock|p2a: Starmie
|-sidestart|p2: Sweet Symphony|move: Stealth Rock
|move|p2a: Starmie|Scald|p1a: Azelf
|-damage|p1a: Azelf|174\/292
|
|turn|3
|
|move|p1a: Azelf|Taunt|p2a: Starmie
|-start|p2a: Starmie|move: Taunt
|move|p2a: Starmie|Rapid Spin|p1a: Azelf
|-damage|p1a: Azelf|159\/292
|-sideend|p2: Sweet Symphony|Stealth Rock|[from] move: Rapid Spin|[of] p2a: Starmie
|
|turn|4
|
|switch|p2a: Weavile|Weavile, F|281\/281
|move|p1a: Azelf|Stealth Rock|p2a: Weavile
|-sidestart|p2: Sweet Symphony|move: Stealth Rock
|
|turn|5
|
|move|p2a: Weavile|Knock Off|p1a: Azelf
|-supereffective|p1a: Azelf
|-damage|p1a: Azelf|0 fnt
|-enditem|p1a: Azelf|Focus Sash|[from] move: Knock Off|[of] p2a: Weavile
|faint|p1a: Azelf
|
|
|switch|p1a: Pinsir|Pinsir, M|272\/272
|turn|6
|
|move|p2a: Weavile|Icicle Crash|p1a: Pinsir
|-damage|p1a: Pinsir|122\/272
|move|p1a: Pinsir|Frustration|p2a: Weavile
|-damage|p2a: Weavile|98\/281
|
|turn|7
|c|âSweet Symphony|lol
|c|âMTL Manectric|:]
|c|âSweet Symphony|hmm
|c|âSweet Symphony|let me calc
|c|âMTL Manectric|its a 50\/50
|c|âSweet Symphony|no
|c|âSweet Symphony|quick dont kill me
|c|âMTL Manectric|shh
|c|âMTL Manectric|in my mind it is
|c|âMTL Manectric|and if i mega
|c|âSweet Symphony|if issnt mega
|c|âMTL Manectric|it does
|c|âMTL Manectric|so
|c|âSweet Symphony|nop
|c|âMTL Manectric|yarp
|c|âMTL Manectric|im ada
|c|âSweet Symphony|252 Atk Pinsir Quick Attack vs. 0 HP \/ 24 Def Weavile: 59-70 (20.9 - 24.9%) -- guaranteed 4HKO after Stealth Rock
|c|âSweet Symphony|:v
|
|move|p2a: Weavile|Pursuit|p1a: Pinsir|[from]Pursuit
|-damage|p1a: Pinsir|0 fnt
|faint|p1a: Pinsir
|
|c|âMTL Manectric|OOOOO
|
|switch|p1a: Keldeo|Keldeo|323\/323
|turn|8
|c|âMTL Manectric|welp
|c|âMTL Manectric|i think i lost
|c|âSweet Symphony|XDDDDDDDDD
|c|âSweet Symphony|ajajajajajajaja
|c|âSweet Symphony|ty
|c|âMTL Manectric|purely outplayed
|c|âSweet Symphony|i dont have ice shard
|
|switch|p2a: Starmie|Starmie|324\/324
|-damage|p2a: Starmie|284\/324|[from] Stealth Rock
|move|p1a: Keldeo|Hidden Power|p2a: Starmie
|-supereffective|p2a: Starmie
|-damage|p2a: Starmie|32\/324
|
|-heal|p2a: Starmie|52\/324|[from] item: Leftovers
|turn|9
|c|âMTL Manectric|dud
|c|âSweet Symphony|unu
|
|switch|p1a: Excadrill|Excadrill, F|361\/361
|-ability|p1a: Excadrill|Mold Breaker
|move|p2a: Starmie|Rapid Spin|p1a: Excadrill
|-resisted|p1a: Excadrill
|-damage|p1a: Excadrill|354\/361
|-sideend|p2: Sweet Symphony|Stealth Rock|[from] move: Rapid Spin|[of] p2a: Starmie
|
|-heal|p2a: Starmie|72\/324|[from] item: Leftovers
|turn|10
|c|âMTL Manectric|welp
|
|move|p1a: Excadrill|Earthquake|p2a: Starmie
|-damage|p2a: Starmie|0 fnt
|faint|p2a: Starmie
|
|c|âMTL Manectric|ajajajaj
|c|âMTL Manectric|a
|c|âMTL Manectric|ja
|c|âMTL Manectric|ha
|c|âSweet Symphony|lol
|
|switch|p2a: Pinsir|Pinsir, F|272\/272
|turn|11
|
|switch|p1a: Thundurus|Thundurus, M|299\/299
|detailschange|p2a: Pinsir|Pinsir-Mega, F
|-mega|p2a: Pinsir|Pinsir|Pinsirite
|move|p2a: Pinsir|Frustration|p1a: Thundurus
|-resisted|p1a: Thundurus
|-damage|p1a: Thundurus|110\/299
|
|turn|12
|c|âMTL Manectric|i play better with less pokemon
|c|âSweet Symphony|i dont unu
|
|switch|p2a: Amoonguss|Amoonguss, M|432\/432
|move|p1a: Thundurus|Volt Switch|p2a: Amoonguss
|-resisted|p2a: Amoonguss
|-damage|p2a: Amoonguss|348\/432
|-damage|p1a: Thundurus|81\/299|[from] item: Life Orb
|c|âMTL Manectric|dont even spore
|c|âMTL Manectric|if real
|
|switch|p1a: Kyurem-Black|Kyurem-Black|437\/437
|-ability|p1a: Kyurem-Black|Teravolt
|
|-heal|p2a: Amoonguss|375\/432|[from] item: Black Sludge
|turn|13
|
|switch|p2a: Weavile|Weavile, F|98\/281
|move|p1a: Kyurem-Black|Ice Beam|p2a: Weavile
|-crit|p2a: Weavile
|-resisted|p2a: Weavile
|-damage|p2a: Weavile|0 fnt
|faint|p2a: Weavile
|
|c|âMTL Manectric|yuss
|c|âSweet Symphony|ah
|c|âSweet Symphony|:c
|c|âMTL Manectric|i ken feel it
|c|âSweet Symphony|thats game :[
|c|âMTL Manectric|cc on pinsir?
|c|âMTL Manectric|i prefer eq
|c|âSweet Symphony|dont kill
|c|âMTL Manectric|better imo
|c|âSweet Symphony|no close hit rotom
|c|âMTL Manectric|treu
|c|âMTL Manectric|but
|c|âSweet Symphony|your scarf? :'v
|c|âMTL Manectric|yes
|c|âMTL Manectric|why wouldnt i be
|c|âSweet Symphony|les hope that
|c|âMTL Manectric|this aint no kyurem-aids
|c|âSweet Symphony|lets
|
|switch|p2a: Heatran|Heatran, F|386\/386
|turn|14
|
|switch|p2a: Landorus|Landorus, M|351\/351
|move|p1a: Kyurem-Black|Earth Power|p2a: Landorus
|-immune|p2a: Landorus|[msg]
|
|turn|15
|c|âMTL Manectric|nah
|c|âMTL Manectric|lol
|c|âSweet Symphony|you lieeeeeeeeeeeee
|c|âSweet Symphony|>:C
|c|âMTL Manectric|mhm
|c|âMTL Manectric|this IS kyurem-aids
|
|move|p2a: Landorus|Earth Power|p1a: Kyurem-Black
|-damage|p1a: Kyurem-Black|268\/437
|move|p1a: Kyurem-Black|Ice Beam|p2a: Landorus
|-supereffective|p2a: Landorus
|-damage|p2a: Landorus|0 fnt
|faint|p2a: Landorus
|
|c|âSweet Symphony|D:
|c|âSweet Symphony|max hp
|c|âMTL Manectric|nh
|c|âMTL Manectric|its kyurem-aids
|
|switch|p2a: Pinsir|Pinsir-Mega, F|272\/272
|turn|16
|c|âMTL Manectric|in every way
|c|âSweet Symphony|fakin kyurem
|
|switch|p1a: Thundurus|Thundurus, M|81\/299
|move|p2a: Pinsir|Close Combat|p1a: Thundurus
|-resisted|p1a: Thundurus
|-damage|p1a: Thundurus|0 fnt
|-unboost|p2a: Pinsir|def|1
|-unboost|p2a: Pinsir|spd|1
|faint|p1a: Thundurus
|
|c|âMTL Manectric|184 hp
|
|switch|p1a: Excadrill|Excadrill, F|354\/361
|-ability|p1a: Excadrill|Mold Breaker
|turn|17
|c|âSweet Symphony|hmm
|c|âMTL Manectric|predict my eq
|c|âMTL Manectric|if real
|c|âSweet Symphony|double swich
|c|âSweet Symphony|its more obvius
|c|âSweet Symphony|hmmmmm
|
|switch|p2a: Amoonguss|Amoonguss, M|432\/432
|move|p1a: Excadrill|Iron Head|p2a: Amoonguss
|-damage|p2a: Amoonguss|296\/432
|
|-heal|p2a: Amoonguss|323\/432|[from] item: Black Sludge
|turn|18
|c|âMTL Manectric|well
|c|âSweet Symphony|:D
|c|âMTL Manectric|hmm
|
|switch|p1a: Keldeo|Keldeo|323\/323
|move|p2a: Amoonguss|Spore|p1a: Keldeo
|-status|p1a: Keldeo|slp
|
|-heal|p2a: Amoonguss|350\/432|[from] item: Black Sludge
|turn|19
|c|âMTL Manectric|if you spore
|c|âSweet Symphony|spor'ed
|c|âMTL Manectric|dick
|
|switch|p1a: Excadrill|Excadrill, F|354\/361
|-ability|p1a: Excadrill|Mold Breaker
|switch|p2a: Pinsir|Pinsir-Mega, F|272\/272
|
|turn|20
|c|âMTL Manectric|dammit
|c|âMTL Manectric|u liv
|c|âMTL Manectric|pls flinch
|c|âMTL Manectric|my last hope
|
|move|p1a: Excadrill|Rock Slide|p2a: Pinsir
|-supereffective|p2a: Pinsir
|-damage|p2a: Pinsir|0 fnt
|faint|p2a: Pinsir
|
|c|âSweet Symphony|nooooooo
|c|âMTL Manectric|YAAAS
|c|âSweet Symphony|:[
|c|âMTL Manectric|never read chat bar
|c|âMTL Manectric|i lie
|c|âSweet Symphony|no double swich
|c|âMTL Manectric|all the time
|c|âSweet Symphony|where is da  predict
|c|âMTL Manectric|dud
|c|âMTL Manectric|i am the aids man
|c|âSweet Symphony|i think you double swich
|c|âMTL Manectric|i just click buttons
|c|âSweet Symphony|into kyurem
|c|âSweet Symphony|predicting amoongus
|c|âSweet Symphony|;-;
|c|âMTL Manectric|sawwy bud :[
|
|switch|p2a: Heatran|Heatran, F|386\/386
|turn|21
|c|âSweet Symphony|cryng ;-;
|
|switch|p1a: Kyurem-Black|Kyurem-Black|268\/437
|-ability|p1a: Kyurem-Black|Teravolt
|move|p2a: Heatran|Ancient Power|p1a: Kyurem-Black
|-supereffective|p1a: Kyurem-Black
|-damage|p1a: Kyurem-Black|182\/437
|
|turn|22
|c|âMTL Manectric|nuuu
|c|âMTL Manectric|dont cry
|c|âMTL Manectric|is okie
|
|move|p1a: Kyurem-Black|Earth Power|p2a: Heatran
|-supereffective|p2a: Heatran
|-damage|p2a: Heatran|74\/386
|move|p2a: Heatran|Ancient Power|p1a: Kyurem-Black
|-supereffective|p1a: Kyurem-Black
|-damage|p1a: Kyurem-Black|106\/437
|
|turn|23
|c|âSweet Symphony|no boost ;[
|c|âMTL Manectric|10% dud
|c|âMTL Manectric|dont rely on that to win
|c|âSweet Symphony|10 its 10
|
|move|p1a: Kyurem-Black|Earth Power|p2a: Heatran
|-supereffective|p2a: Heatran
|-damage|p2a: Heatran|0 fnt
|faint|p2a: Heatran
|
|
|switch|p2a: Amoonguss|Amoonguss, M|432\/432
|turn|24
|c|âMTL Manectric|gfg m8
|c|âSweet Symphony|i win whit da boost
|c|âMTL Manectric|ily
|c|âMTL Manectric|big fan
|
|move|p1a: Kyurem-Black|Ice Beam|p2a: Amoonguss
|-supereffective|p2a: Amoonguss
|-damage|p2a: Amoonguss|106\/432
|move|p2a: Amoonguss|Foul Play|p1a: Kyurem-Black
|-damage|p1a: Kyurem-Black|0 fnt
|faint|p1a: Kyurem-Black
|
|-heal|p2a: Amoonguss|133\/432|[from] item: Black Sludge
|c|âSweet Symphony|eq miss
|c|âSweet Symphony|:v
|c|âMTL Manectric|want my pastebin for kyurem?
|c|âSweet Symphony|yes why no
|
|switch|p1a: Excadrill|Excadrill, F|354\/361
|-ability|p1a: Excadrill|Mold Breaker
|turn|25
|c|âMTL Manectric|you can see how bad it is
|c|âMTL Manectric|dud
|c|âMTL Manectric|fine
|c|âMTL Manectric|gosh
|c|âMTL Manectric|make me cry ;n;
|
|move|p1a: Excadrill|Earthquake|p2a: Amoonguss
|-damage|p2a: Amoonguss|0 fnt
|faint|p2a: Amoonguss
|
|win|MTL Manectric
|raw|Ladder updating...
|raw|MTL Manectric's rating: 1614 &rarr; <strong>1638<\/strong><br \/>(+24 for winning)
|raw|Sweet Symphony's rating: 1675 &rarr; <strong>1652<\/strong><br \/>(-23 for losing)
|c|âMTL Manectric|dick :]
|leave|Sweet Symphony