|join|Ox the Box
|join|Sweet Symphony
|player|p1|Ox the Box|201
|player|p2|Sweet Symphony|284
|gametype|singles
|gen|6
|tier|OU
|rated
|clearpoke
|poke|p1|Pidgeot, F, shiny
|poke|p1|Dugtrio, F, shiny
|poke|p1|Serperior, F, shiny
|poke|p1|Mew, shiny
|poke|p1|Zapdos
|poke|p1|Keldeo
|poke|p2|Pinsir, M, shiny
|poke|p2|Weavile, F
|poke|p2|Starmie
|poke|p2|Landorus, M
|poke|p2|Amoonguss, F
|poke|p2|Heatran, F
|rule|Swagger Clause: Swagger is banned
|rule|Baton Pass Clause: Limit one PokÃ©mon knowing Baton Pass
|rule|Sleep Clause Mod: Limit one foe put to sleep
|rule|Species Clause: Limit one of each PokÃ©mon
|rule|OHKO Clause: OHKO moves are banned
|rule|Moody Clause: Moody is banned
|rule|Evasion Moves Clause: Evasion moves are banned
|rule|Endless Battle Clause: Forcing endless battles is banned
|rule|HP Percentage Mod: HP is shown in percentages
|teampreview
|
|start
|switch|p1a: Pidgeot|Pidgeot, F, shiny|307\/307
|switch|p2a: Human|Weavile, F|289\/289
|turn|1
|
|move|p2a: Human|Pursuit|p1a: Pidgeot|[from]Pursuit
|-damage|p1a: Pidgeot|129\/307
|switch|p1a: Keldeo|Keldeo|323\/323
|
|turn|2
|
|switch|p2a: Andy|Starmie|323\/323
|switch|p1a: Pidgeot|Pidgeot, F, shiny|129\/307
|
|turn|3
|
|switch|p1a: Zapdos|Zapdos|384\/384
|-ability|p1a: Zapdos|Pressure
|move|p2a: Andy|Scald|p1a: Zapdos
|-damage|p1a: Zapdos|272\/384
|
|-heal|p1a: Zapdos|296\/384|[from] item: Leftovers
|turn|4
|
|switch|p2a: Exitlude|Landorus, M|351\/351
|move|p1a: Zapdos|Volt Switch|p2a: Exitlude
|-immune|p2a: Exitlude|[msg]
|
|-heal|p1a: Zapdos|320\/384|[from] item: Leftovers
|turn|5
|
|move|p2a: Exitlude|Sludge Wave|p1a: Zapdos
|-damage|p1a: Zapdos|103\/384
|move|p1a: Zapdos|Heat Wave|p2a: Exitlude
|-crit|p2a: Exitlude
|-damage|p2a: Exitlude|201\/351
|
|-heal|p1a: Zapdos|127\/384|[from] item: Leftovers
|turn|6
|c|âSweet Symphony|:T
|c|âOx the Box|:]
|c|âSweet Symphony|:[
|
|switch|p1a: Mew|Mew, shiny|404\/404
|move|p2a: Exitlude|Sludge Wave|p1a: Mew
|-damage|p1a: Mew|256\/404
|
|-heal|p1a: Mew|281\/404|[from] item: Leftovers
|turn|7
|
|move|p1a: Mew|Roost|p1a: Mew
|-heal|p1a: Mew|404\/404
|move|p2a: Exitlude|Earth Power|p1a: Mew
|-damage|p1a: Mew|166\/404
|
|-heal|p1a: Mew|191\/404|[from] item: Leftovers
|turn|8
|
|move|p1a: Mew|Knock Off|p2a: Exitlude
|-damage|p2a: Exitlude|120\/351
|-enditem|p2a: Exitlude|Life Orb|[from] move: Knock Off|[of] p1a: Mew
|move|p2a: Exitlude|Earth Power|p1a: Mew
|-damage|p1a: Mew|28\/404
|
|-heal|p1a: Mew|53\/404|[from] item: Leftovers
|turn|9
|c|âOx the Box|wut
|c|âSweet Symphony|?
|c|âOx the Box|u did nothing
|c|âSweet Symphony|k?
|
|switch|p2a: Human|Weavile, F|289\/289
|move|p1a: Mew|Roost|p1a: Mew
|-heal|p1a: Mew|255\/404
|
|-heal|p1a: Mew|280\/404|[from] item: Leftovers
|turn|10
|
|switch|p1a: Keldeo|Keldeo|323\/323
|move|p2a: Human|Knock Off|p1a: Keldeo
|-resisted|p1a: Keldeo
|-damage|p1a: Keldeo|231\/323
|-boost|p1a: Keldeo|atk|1|[from] ability: Justified
|-enditem|p1a: Keldeo|Choice Specs|[from] move: Knock Off|[of] p2a: Human
|
|turn|11
|c|âSweet Symphony|no fear
|
|switch|p2a: Andy|Starmie|323\/323
|switch|p1a: Zapdos|Zapdos|127\/384
|-ability|p1a: Zapdos|Pressure
|
|-heal|p1a: Zapdos|151\/384|[from] item: Leftovers
|turn|12
|
|switch|p2a: Exitlude|Landorus, M|120\/351
|move|p1a: Zapdos|Roost|p1a: Zapdos
|-heal|p1a: Zapdos|343\/384
|
|-heal|p1a: Zapdos|367\/384|[from] item: Leftovers
|turn|13
|join|gyarad0site
|
|switch|p1a: Mew|Mew, shiny|280\/404
|move|p2a: Exitlude|Sludge Wave|p1a: Mew
|-damage|p1a: Mew|149\/404
|
|-heal|p1a: Mew|174\/404|[from] item: Leftovers
|turn|14
|
|move|p1a: Mew|Roost|p1a: Mew
|-heal|p1a: Mew|376\/404
|move|p2a: Exitlude|Earth Power|p1a: Mew
|-damage|p1a: Mew|196\/404
|
|-heal|p1a: Mew|221\/404|[from] item: Leftovers
|turn|15
|c|âOx the Box|dude
|
|switch|p2a: Bones|Heatran, F|386\/386
|move|p1a: Mew|Roost|p1a: Mew
|-heal|p1a: Mew|404\/404
|
|turn|16
|c|âOx the Box|how did u only do 6% before
|c|âSweet Symphony|6%?
|c|âSweet Symphony|.-.
|c|âOx the Box|The opposing Exitlude used Earth Power!
|c|âOx the Box|Mew lost 6.2% of its health!
|
|switch|p1a: Dugtrio|Dugtrio, F, shiny|201\/201
|move|p2a: Bones|Stealth Rock|p1a: Dugtrio
|-sidestart|p1: Ox the Box|move: Stealth Rock
|
|turn|17
|c|âSweet Symphony|mm no
|c|âSweet Symphony|.-.
|c|âSweet Symphony|lal
|c|âSweet Symphony|unu
|
|move|p1a: Dugtrio|Earthquake|p2a: Bones
|-supereffective|p2a: Bones
|-damage|p2a: Bones|0 fnt
|faint|p2a: Bones
|
|join|lil manaphy
|
|switch|p2a: Andy|Starmie|323\/323
|turn|18
|
|move|p1a: Dugtrio|Earthquake|p2a: Andy
|-damage|p2a: Andy|184\/323
|move|p2a: Andy|Scald|p1a: Dugtrio
|-supereffective|p1a: Dugtrio
|-enditem|p1a: Dugtrio|Focus Sash
|-damage|p1a: Dugtrio|1\/201
|
|-heal|p2a: Andy|204\/323|[from] item: Leftovers
|turn|19
|
|move|p1a: Dugtrio|Toxic|p2a: Andy
|-status|p2a: Andy|tox
|move|p2a: Andy|Recover|p2a: Andy
|-heal|p2a: Andy|323\/323 tox
|
|-damage|p2a: Andy|303\/323 tox|[from] psn
|turn|20
|c|âSweet Symphony|wut i use scald
|
|move|p1a: Dugtrio|Earthquake|p2a: Andy
|-crit|p2a: Andy
|-damage|p2a: Andy|80\/323 tox
|move|p2a: Andy|Scald|p1a: Dugtrio
|-supereffective|p1a: Dugtrio
|-damage|p1a: Dugtrio|0 fnt
|faint|p1a: Dugtrio
|
|-heal|p2a: Andy|100\/323 tox|[from] item: Leftovers
|-damage|p2a: Andy|60\/323 tox|[from] psn
|c|âSweet Symphony|>_>
|join|Lgoas
|c| Lgoas|neo nub
|c| Lgoas|uwu
|join|Mistaken
|c|âSweet Symphony|unu
|c| Lgoas|I'm Guillee
|c| Lgoas|8)
|c|âSweet Symphony|ya se
|c|âOx the Box|why didn't u rapid spin
|c| Lgoas|ahoqsalesbay
|c|âOx the Box|lc
|
|switch|p1a: Zapdos|Zapdos|367\/384
|-damage|p1a: Zapdos|271\/384|[from] Stealth Rock
|-ability|p1a: Zapdos|Pressure
|turn|21
|
|switch|p2a: On Top|Amoonguss, F|425\/425
|move|p1a: Zapdos|Defog|p2a: On Top
|-unboost|p2a: On Top|evasion|1
|-sideend|p1: Ox the Box|Stealth Rock|[from] move: Defog|[of] p1a: Zapdos
|
|-heal|p1a: Zapdos|295\/384|[from] item: Leftovers
|turn|22
|
|switch|p1a: Keldeo|Keldeo|231\/323
|move|p2a: On Top|Spore|p1a: Keldeo
|-status|p1a: Keldeo|slp
|
|turn|23
|
|switch|p1a: Pidgeot|Pidgeot, F, shiny|129\/307
|switch|p2a: Andy|Starmie|60\/323
|
|-heal|p2a: Andy|80\/323|[from] item: Leftovers
|turn|24
|
|switch|p1a: Zapdos|Zapdos|295\/384
|-ability|p1a: Zapdos|Pressure
|move|p2a: Andy|Scald|p1a: Zapdos
|-damage|p1a: Zapdos|198\/384
|-status|p1a: Zapdos|brn
|
|-heal|p2a: Andy|100\/323|[from] item: Leftovers
|-heal|p1a: Zapdos|222\/384 brn|[from] item: Leftovers
|-damage|p1a: Zapdos|174\/384 brn|[from] brn
|turn|25
|
|move|p2a: Andy|Recover|p2a: Andy
|-heal|p2a: Andy|262\/323
|move|p1a: Zapdos|Roost|p1a: Zapdos
|-heal|p1a: Zapdos|366\/384 brn
|
|-heal|p2a: Andy|282\/323|[from] item: Leftovers
|-heal|p1a: Zapdos|384\/384 brn|[from] item: Leftovers
|-damage|p1a: Zapdos|336\/384 brn|[from] brn
|turn|26
|
|move|p2a: Andy|Reflect Type|p1a: Zapdos
|-start|p2a: Andy|typechange|[from] move: Reflect Type|[of] p1a: Zapdos
|move|p1a: Zapdos|Volt Switch|p2a: Andy
|-damage|p2a: Andy|158\/323
|
|switch|p1a: Serperior|Serperior, F, shiny|291\/291
|
|-heal|p2a: Andy|178\/323|[from] item: Leftovers
|turn|27
|
|switch|p2a: On Top|Amoonguss, F|425\/425
|move|p1a: Serperior|Leaf Storm|p2a: On Top|[miss]
|-miss|p1a: Serperior|p2a: On Top
|
|turn|28
|
|switch|p1a: Pidgeot|Pidgeot, F, shiny|129\/307
|move|p2a: On Top|Foul Play|p1a: Pidgeot
|-damage|p1a: Pidgeot|59\/307
|
|turn|29
|c|âSweet Symphony|ash
|
|switch|p2a: Exitlude|Landorus, M|120\/351
|detailschange|p1a: Pidgeot|Pidgeot-Mega, F, shiny
|-mega|p1a: Pidgeot|Pidgeot|Pidgeotite
|move|p1a: Pidgeot|Roost|p1a: Pidgeot
|-heal|p1a: Pidgeot|213\/307
|
|turn|30
|c| Lgoas|ooooooooooooooooooooooooooooooooooooooooooooooooooooooooooooooooooooooooooooooola
|
|move|p1a: Pidgeot|Hurricane|p2a: Exitlude
|-damage|p2a: Exitlude|0 fnt
|faint|p2a: Exitlude
|
|c|âSweet Symphony|:[
|c| Lgoas|ggeadop
|
|switch|p2a: Human|Weavile, F|289\/289
|turn|31
|
|switch|p1a: Zapdos|Zapdos|336\/384 brn
|-ability|p1a: Zapdos|Pressure
|move|p2a: Human|Icicle Crash|p1a: Zapdos
|-supereffective|p1a: Zapdos
|-damage|p1a: Zapdos|120\/384 brn
|
|-heal|p1a: Zapdos|144\/384 brn|[from] item: Leftovers
|-damage|p1a: Zapdos|96\/384 brn|[from] brn
|turn|32
|
|move|p2a: Human|Knock Off|p1a: Zapdos
|-damage|p1a: Zapdos|0 fnt
|-enditem|p1a: Zapdos|Leftovers|[from] move: Knock Off|[of] p2a: Human
|faint|p1a: Zapdos
|
|
|switch|p1a: Mew|Mew, shiny|404\/404
|turn|33
|c|âOx the Box|should have sacked serperior
|
|switch|p2a: Andy|Starmie|178\/323
|move|p1a: Mew|Will-O-Wisp|p2a: Andy|[miss]
|-miss|p1a: Mew|p2a: Andy
|
|-heal|p2a: Andy|198\/323|[from] item: Leftovers
|turn|34
|c|âOx the Box|lol
|c|âSweet Symphony|k
|c|âOx the Box|that's cool
|
|move|p2a: Andy|Scald|p1a: Mew
|-damage|p1a: Mew|326\/404
|move|p1a: Mew|Knock Off|p2a: Andy
|-supereffective|p2a: Andy
|-damage|p2a: Andy|38\/323
|-enditem|p2a: Andy|Leftovers|[from] move: Knock Off|[of] p1a: Mew
|
|-heal|p1a: Mew|351\/404|[from] item: Leftovers
|turn|35
|join|pokeain
|c|âOx the Box|pokeain!
|
|switch|p1a: Pidgeot|Pidgeot-Mega, F, shiny|213\/307
|move|p2a: Andy|Scald|p1a: Pidgeot
|-damage|p1a: Pidgeot|98\/307
|-status|p1a: Pidgeot|brn
|
|-damage|p1a: Pidgeot|60\/307 brn|[from] brn
|turn|36
|c| lil manaphy|my fave redtuber
|c|âSweet Symphony|yes!
|c|âSweet Symphony|OH yes
|c| lil manaphy|er poketuber
|c|âOx the Box|sigh
|c| lil manaphy|lol
|
|move|p1a: Pidgeot|Hurricane|p2a: Andy
|-damage|p2a: Andy|0 fnt
|faint|p2a: Andy
|
|-damage|p1a: Pidgeot|22\/307 brn|[from] brn
|c|âOx the Box|so fucking lucky
|c|âOx the Box|mana are u on redtube
|join|blch
|
|switch|p2a: Neo Tiger|Pinsir, M, shiny|279\/279
|turn|37
|c| lil manaphy|that pinsir team is soooooooo weak to pinsir
|c|âOx the Box|make sure to follow me @asslicker69
|c| blch|NEO
|c| lil manaphy|js
|c| blch|LOLZ
|c| blch|NEO
|c| blch|JAJAJAJAJA
|
|switch|p1a: Mew|Mew, shiny|351\/404
|detailschange|p2a: Neo Tiger|Pinsir-Mega, M, shiny
|-mega|p2a: Neo Tiger|Pinsir|Pinsirite
|move|p2a: Neo Tiger|Quick Attack|p1a: Mew
|-crit|p1a: Mew
|-damage|p1a: Mew|194\/404
|
|-heal|p1a: Mew|219\/404|[from] item: Leftovers
|turn|38
|c|âSweet Symphony|hola
|c| CSS)bleachzxzx|jajaa
|c|âOx the Box|fucking
|c| lil manaphy|im @pissgurgler12
|c|âOx the Box|sigh
|c| Lgoas|hello
|c|âSweet Symphony|ugh sorry
|c|âOx the Box|that's game
|c| Lgoas|fucking noob
|
|move|p2a: Neo Tiger|Frustration|p1a: Mew
|-damage|p1a: Mew|0 fnt
|faint|p1a: Mew
|
|c|âSweet Symphony|;[
|join|Chakra
|c|âOx the Box|"gg"
|-message|Ox the Box forfeited.
|-message|Ox the Box forfeited.
|c| Lgoas|y el sub?
|c| CSS)bleachzxzx|lil manaphy
|leave|Ox the Box
|c| CSS)bleachzxzx|:0
|leave|lil manaphy
|c|âSweet Symphony|i can win even whitout that
|
|win|Sweet Symphony
|raw|Ladder updating...
|c|âSweet Symphony|:[
|raw|Ox the Box's rating: 1661 &rarr; <strong>1640<\/strong><br \/>(-21 for losing)
|raw|Sweet Symphony's rating: 1643 &rarr; <strong>1664<\/strong><br \/>(+21 for winning)
|c| CSS)bleachzxzx|lal
|player|p1
|c| CSS)bleachzxzx|quien perdio rango?
|c|âSweet Symphony|en realidad ya habia ganado
|c|âSweet Symphony|el obv
|leave|Chakra
|c|âSweet Symphony|estÃ¡ frente al gran neo
|c|âSweet Symphony|x3
|c| Lgoas|ahoq
|leave|Lgoas
|c|âSweet Symphony|:[
|c| CSS)bleachzxzx|oc
|c| CSS)bleachzxzx|invita a lil manaphy
|c| CSS)bleachzxzx|al clan
|c| CSS)bleachzxzx|manco
|c|âSweet Symphony|jajaja
|c|âSweet Symphony|no creo que quiera
|c|âSweet Symphony|me voy a la sala
|c|âSweet Symphony|ou
|leave|Sweet Symphony
|c| CSS)bleachzxzx|tu invitalo
|player|p2
|join|Sweet Symphony
|leave|Sweet Symphony