|join|Dantross
|join|sweet symphony
|player|p1|Dantross|290
|player|p2|sweet symphony|neouni.gif
|gametype|singles
|gen|6
|tier|OU
|rated
|clearpoke
|poke|p1|Registeel
|poke|p1|Landorus-Therian, M
|poke|p1|Chansey, F
|poke|p1|Keldeo-Resolute
|poke|p1|Mandibuzz, F
|poke|p1|Medicham, M
|poke|p2|Mawile, F, shiny
|poke|p2|Keldeo-Resolute
|poke|p2|Celebi
|poke|p2|Heatran, M
|poke|p2|Mandibuzz, F
|poke|p2|Thundurus, M
|rule|ClÃ¡usula de Swagger: se prohibe el uso de Swagger
|rule|ClÃ¡usula de Baton Pass: se prohÃ­be mÃ¡s de 1 PokÃ©mon con Baton Pass
|rule|ClÃ¡usula de Dormir: solo puedes dormir a uno de tus oponentes a la vez.
|rule|ClÃ¡usula de Especie: Hasta un PokÃ©mon de cada especie
|rule|ClÃ¡usula de Golpe Fulminante: los movimientos fulminantes (OHKO) estan prohibidos
|rule|ClÃ¡usula de Moody: la habilidad Moody estÃ¡ prohibida
|rule|ClÃ¡usula de Movimientos Evasivos: los movimientos de evasion estan prohibidos
|rule|ClÃ¡usula de Batallas Eternas: forzar batallas eternas estÃ¡ prohibido
|rule|Modo de Porcentaje de HP: el HP es reportado como porcentaje
|teampreview
|
|start
|switch|p1a: Registeel|Registeel|364\/364
|switch|p2a: Keldeo-Resolute|Keldeo-Resolute|323\/323
|turn|1
|
|move|p2a: Keldeo-Resolute|Taunt|p1a: Registeel
|-start|p1a: Registeel|move: Taunt
|cant|p1a: Registeel|move: Taunt|Thunder Wave
|
|turn|2
|chat|Dantross|oie
|
|switch|p1a: Mandibuzz|Mandibuzz, F|424\/424
|move|p2a: Keldeo-Resolute|Scald|p1a: Mandibuzz
|-damage|p1a: Mandibuzz|236\/424
|-status|p1a: Mandibuzz|brn
|-damage|p2a: Keldeo-Resolute|291\/323|[from] item: Life Orb
|
|-damage|p1a: Mandibuzz|183\/424 brn|[from] brn
|turn|3
|join|Saedua
|
|switch|p1a: Chansey|Chansey, F|704\/704
|move|p2a: Keldeo-Resolute|Scald|p1a: Chansey
|-damage|p1a: Chansey|595\/704
|-status|p1a: Chansey|brn
|-damage|p2a: Keldeo-Resolute|259\/323|[from] item: Life Orb
|
|-damage|p1a: Chansey|507\/704 brn|[from] brn
|turn|4
|
|move|p2a: Keldeo-Resolute|Secret Sword|p1a: Chansey
|-supereffective|p1a: Chansey
|-damage|p1a: Chansey|13\/704 brn
|-damage|p2a: Keldeo-Resolute|227\/323|[from] item: Life Orb
|move|p1a: Chansey|Toxic|p2a: Keldeo-Resolute
|-status|p2a: Keldeo-Resolute|tox
|
|-damage|p2a: Keldeo-Resolute|207\/323 tox|[from] psn
|-damage|p1a: Chansey|0 fnt|[from] brn
|faint|p1a: Chansey
|leave|Saedua
|
|switch|p1a: Medicham|Medicham, M|324\/324
|turn|5
|
|switch|p2a: Mandibuzz|Mandibuzz, F|424\/424
|detailschange|p1a: Medicham|Medicham-Mega, M
|message|Medicham ha megaevolucionado a Medicham-Mega!
|move|p1a: Medicham|Fake Out|p2a: Mandibuzz
|-damage|p2a: Mandibuzz|364\/424
|-damage|p1a: Medicham|270\/324|[from] item: Rocky Helmet|[of] p2a: Mandibuzz
|
|turn|6
|
|switch|p1a: Registeel|Registeel|364\/364
|move|p2a: Mandibuzz|Foul Play|p1a: Registeel
|-damage|p1a: Registeel|300\/364
|
|-heal|p1a: Registeel|322\/364|[from] item: Leftovers
|turn|7
|
|move|p2a: Mandibuzz|Taunt|p1a: Registeel
|-start|p1a: Registeel|move: Taunt
|cant|p1a: Registeel|move: Taunt|Thunder Wave
|
|-heal|p1a: Registeel|344\/364|[from] item: Leftovers
|turn|8
|join|Saedua
|chat|sweet symphony|tengo taunt hasta en las mangas
|
|switch|p2a: Heatran|Heatran, M|386\/386
|move|p1a: Registeel|Iron Head|p2a: Heatran
|-resisted|p2a: Heatran
|-damage|p2a: Heatran|368\/386
|
|-heal|p2a: Heatran|386\/386|[from] item: Leftovers
|-heal|p1a: Registeel|364\/364|[from] item: Leftovers
|turn|9
|
|switch|p1a: Mandibuzz|Mandibuzz, F|183\/424 brn
|move|p2a: Heatran|Stealth Rock|p1a: Mandibuzz
|-sidestart|p1: Dantross|move: Stealth Rock
|
|-damage|p1a: Mandibuzz|130\/424 brn|[from] brn
|turn|10
|leave|Saedua
|chat|Dantross|lol
|
|move|p2a: Heatran|Lava Plume|p1a: Mandibuzz
|-damage|p1a: Mandibuzz|4\/424 brn
|move|p1a: Mandibuzz|Defog|p2a: Heatran
|-unboost|p2a: Heatran|evasion|1
|-sideend|p1: Dantross|Stealth Rock|[from] move: Defog|[of] p1a: Mandibuzz
|
|-damage|p1a: Mandibuzz|0 fnt|[from] brn
|faint|p1a: Mandibuzz
|
|switch|p1a: Landorus-Therian|Landorus-Therian, M|320\/320
|-ability|p1a: Landorus-Therian|Intimidate|[of] p2a: Heatran
|-unboost|p2a: Heatran|atk|1
|turn|11
|
|switch|p2a: Mandibuzz|Mandibuzz, F|364\/424
|move|p1a: Landorus-Therian|Stone Edge|p2a: Mandibuzz
|-supereffective|p2a: Mandibuzz
|-damage|p2a: Mandibuzz|186\/424
|
|turn|12
|
|move|p1a: Landorus-Therian|Stone Edge|p2a: Mandibuzz
|-supereffective|p2a: Mandibuzz
|-damage|p2a: Mandibuzz|0 fnt
|faint|p2a: Mandibuzz
|
|
|switch|p2a: Keldeo-Resolute|Keldeo-Resolute|207\/323 tox
|turn|13
|
|switch|p1a: Registeel|Registeel|364\/364
|move|p2a: Keldeo-Resolute|Scald|p1a: Registeel
|-damage|p1a: Registeel|263\/364
|-damage|p2a: Keldeo-Resolute|175\/323 tox|[from] item: Life Orb
|
|-heal|p1a: Registeel|285\/364|[from] item: Leftovers
|-damage|p2a: Keldeo-Resolute|155\/323 tox|[from] psn
|turn|14
|
|move|p2a: Keldeo-Resolute|Secret Sword|p1a: Registeel
|-supereffective|p1a: Registeel
|-damage|p1a: Registeel|0 fnt
|-damage|p2a: Keldeo-Resolute|123\/323 tox|[from] item: Life Orb
|faint|p1a: Registeel
|
|-damage|p2a: Keldeo-Resolute|83\/323 tox|[from] psn
|
|switch|p1a: Medicham|Medicham-Mega, M|270\/324
|turn|15
|
|switch|p2a: Heatran|Heatran, M|386\/386
|move|p1a: Medicham|Fake Out|p2a: Heatran
|-resisted|p2a: Heatran
|-damage|p2a: Heatran|345\/386
|
|-heal|p2a: Heatran|369\/386|[from] item: Leftovers
|turn|16
|
|move|p1a: Medicham|Drain Punch|p2a: Heatran
|-supereffective|p2a: Heatran
|-damage|p2a: Heatran|0 fnt
|-heal|p1a: Medicham|324\/324|[from] drain|[of] p2a: Heatran
|faint|p2a: Heatran
|
|
|switch|p2a: Keldeo-Resolute|Keldeo-Resolute|83\/323 tox
|turn|17
|
|switch|p1a: Keldeo-Resolute|Keldeo-Resolute|324\/324
|move|p2a: Keldeo-Resolute|Scald|p1a: Keldeo-Resolute
|-resisted|p1a: Keldeo-Resolute
|-damage|p1a: Keldeo-Resolute|216\/324
|-damage|p2a: Keldeo-Resolute|51\/323 tox|[from] item: Life Orb
|
|-heal|p1a: Keldeo-Resolute|236\/324|[from] item: Leftovers
|-damage|p2a: Keldeo-Resolute|31\/323 tox|[from] psn
|turn|18
|
|move|p1a: Keldeo-Resolute|Substitute|p1a: Keldeo-Resolute
|-start|p1a: Keldeo-Resolute|Substitute
|-damage|p1a: Keldeo-Resolute|155\/324
|move|p2a: Keldeo-Resolute|Secret Sword|p1a: Keldeo-Resolute
|-end|p1a: Keldeo-Resolute|Substitute
|-damage|p2a: Keldeo-Resolute|0 fnt|[from] item: Life Orb
|faint|p2a: Keldeo-Resolute
|
|-heal|p1a: Keldeo-Resolute|175\/324|[from] item: Leftovers
|
|switch|p2a: Celebi|Celebi|403\/403
|turn|19
|
|move|p1a: Keldeo-Resolute|Scald|p2a: Celebi
|-resisted|p2a: Celebi
|-damage|p2a: Celebi|347\/403
|-status|p2a: Celebi|brn
|move|p2a: Celebi|Substitute|p2a: Celebi
|-start|p2a: Celebi|Substitute
|-damage|p2a: Celebi|247\/403 brn
|
|-heal|p1a: Keldeo-Resolute|195\/324|[from] item: Leftovers
|-heal|p2a: Celebi|272\/403 brn|[from] item: Leftovers
|-damage|p2a: Celebi|222\/403 brn|[from] brn
|turn|20
|
|move|p1a: Keldeo-Resolute|Substitute|p1a: Keldeo-Resolute
|-start|p1a: Keldeo-Resolute|Substitute
|-damage|p1a: Keldeo-Resolute|114\/324
|move|p2a: Celebi|Giga Drain|p1a: Keldeo-Resolute
|-supereffective|p1a: Keldeo-Resolute
|-end|p1a: Keldeo-Resolute|Substitute
|-heal|p2a: Celebi|263\/403 brn|[from] drain|[of] p1a: Keldeo-Resolute
|
|-heal|p1a: Keldeo-Resolute|134\/324|[from] item: Leftovers
|-heal|p2a: Celebi|288\/403 brn|[from] item: Leftovers
|-damage|p2a: Celebi|238\/403 brn|[from] brn
|turn|21
|
|move|p1a: Keldeo-Resolute|Scald|p2a: Celebi
|-resisted|p2a: Celebi
|-activate|p2a: Celebi|Substitute|[damage]
|move|p2a: Celebi|Giga Drain|p1a: Keldeo-Resolute
|-supereffective|p1a: Keldeo-Resolute
|-damage|p1a: Keldeo-Resolute|0 fnt
|-heal|p2a: Celebi|305\/403 brn|[from] drain|[of] p1a: Keldeo-Resolute
|faint|p1a: Keldeo-Resolute
|
|-heal|p2a: Celebi|330\/403 brn|[from] item: Leftovers
|-damage|p2a: Celebi|280\/403 brn|[from] brn
|
|switch|p1a: Medicham|Medicham-Mega, M|324\/324
|turn|22
|
|move|p1a: Medicham|Fake Out|p2a: Celebi
|-end|p2a: Celebi|Substitute
|move|p2a: Celebi|Giga Drain|p1a: Medicham
|-damage|p1a: Medicham|218\/324
|-heal|p2a: Celebi|333\/403 brn|[from] drain|[of] p1a: Medicham
|
|-heal|p2a: Celebi|358\/403 brn|[from] item: Leftovers
|-damage|p2a: Celebi|308\/403 brn|[from] brn
|turn|23
|
|move|p2a: Celebi|Giga Drain|p1a: Medicham
|-damage|p1a: Medicham|109\/324
|-heal|p2a: Celebi|363\/403 brn|[from] drain|[of] p1a: Medicham
|move|p1a: Medicham|Ice Punch|p2a: Celebi
|-supereffective|p2a: Celebi
|-damage|p2a: Celebi|9\/403 brn
|
|-heal|p2a: Celebi|34\/403 brn|[from] item: Leftovers
|-damage|p2a: Celebi|0 fnt|[from] brn
|faint|p2a: Celebi
|
|switch|p2a: Thundurus|Thundurus, M|299\/299
|turn|24
|chat|sweet symphony|no tienes evs en speed
|chat|sweet symphony|:o
|
|switch|p1a: Landorus-Therian|Landorus-Therian, M|320\/320
|-ability|p1a: Landorus-Therian|Intimidate|[of] p2a: Thundurus
|-unboost|p2a: Thundurus|atk|1
|-boost|p2a: Thundurus|atk|2|[from] ability: Defiant
|move|p2a: Thundurus|Knock Off|p1a: Landorus-Therian
|-damage|p1a: Landorus-Therian|129\/320
|-enditem|p1a: Landorus-Therian|Choice Scarf|[from] move: Knock Off|[of] p2a: Thundurus
|-damage|p2a: Thundurus|270\/299|[from] item: Life Orb
|
|turn|25
|
|move|p2a: Thundurus|Hidden Power|p1a: Landorus-Therian
|-supereffective|p1a: Landorus-Therian
|-damage|p1a: Landorus-Therian|0 fnt
|-damage|p2a: Thundurus|241\/299|[from] item: Life Orb
|faint|p1a: Landorus-Therian
|
|chat|sweet symphony|7n7
|chat|sweet symphony|izy
|
|switch|p1a: Medicham|Medicham-Mega, M|109\/324
|turn|26
|
|move|p1a: Medicham|Fake Out|p2a: Thundurus
|-crit|p2a: Thundurus
|-damage|p2a: Thundurus|56\/299
|cant|p2a: Thundurus|flinch
|
|turn|27
|chat|sweet symphony|los crit
|
|move|p2a: Thundurus|Thunderbolt|p1a: Medicham
|-damage|p1a: Medicham|0 fnt
|-damage|p2a: Thundurus|27\/299|[from] item: Life Orb
|faint|p1a: Medicham
|
|win|sweet symphony
sweet symphony ha ganado 3.25 PokeDolares.
|raw|Ladder actualizandose...
|raw|Puntaje de Dantross: 1354 &rarr; <strong>1340<\/strong><br \/>(-14 por perder)
|raw|Puntaje de sweet symphony: 1449 &rarr; <strong>1464<\/strong><br \/>(+15 por ganar)