|join|Sweet Symphony
|join|(CH)ÄÎÐ¯KWÃÐ¯LÄ
|player|p1|Sweet Symphony|114
|player|p2|(CH)ÄÎÐ¯KWÃÐ¯LÄ|167
|gametype|singles
|gen|6
|tier|OU
|rated
|clearpoke
|poke|p1|Blastoise, F
|poke|p1|Volcarona, M
|poke|p1|Dugtrio, M
|poke|p1|Zapdos
|poke|p1|Chansey, F
|poke|p1|Garchomp, F
|poke|p2|Tyranitar, F
|poke|p2|Excadrill, M, shiny
|poke|p2|Keldeo-Resolute, shiny
|poke|p2|Latios, M, shiny
|poke|p2|Ferrothorn, M, shiny
|poke|p2|Charizard, M
|rule|ClÃ¡usula de Swagger: se prohibe el uso de Swagger
|rule|ClÃ¡usula de Baton Pass: se prohÃ­be mÃ¡s de 1 PokÃ©mon con Baton Pass
|rule|ClÃ¡usula de Dormir: solo puedes dormir a uno de tus oponentes a la vez.
|rule|ClÃ¡usula de Especie: Hasta un PokÃ©mon de cada especie
|rule|ClÃ¡usula de Golpe Fulminante: los movimientos fulminantes (OHKO) estan prohibidos
|rule|ClÃ¡usula de Moody: la habilidad Moody estÃ¡ prohibida
|rule|ClÃ¡usula de Movimientos Evasivos: los movimientos de evasion estan prohibidos
|rule|ClÃ¡usula de Batallas Eternas: forzar batallas eternas estÃ¡ prohibido
|rule|Modo de Porcentaje de HP: el HP es mostrado en porcentaje
|teampreview
|
|start
|switch|p1a: Dugtrio|Dugtrio, M|212\/212
|switch|p2a: Prince Shake|Keldeo-Resolute, shiny|322\/322
|turn|1
|
|move|p1a: Dugtrio|Stealth Rock|p2a: Prince Shake
|-sidestart|p2: (CH)ÄÎÐ¯KWÃÐ¯LÄ|move: Stealth Rock
|move|p2a: Prince Shake|Scald|p1a: Dugtrio
|-supereffective|p1a: Dugtrio
|-enditem|p1a: Dugtrio|Focus Sash
|-damage|p1a: Dugtrio|1\/212
|
|turn|2
|
|switch|p1a: Chansey|Chansey, F|704\/704
|move|p2a: Prince Shake|Scald|p1a: Chansey
|-damage|p1a: Chansey|614\/704
|-status|p1a: Chansey|brn
|
|-damage|p1a: Chansey|526\/704 brn|[from] brn
|turn|3
|
|switch|p1a: Dugtrio|Dugtrio, M|1\/212
|move|p2a: Prince Shake|Secret Sword|p1a: Dugtrio
|-damage|p1a: Dugtrio|0 fnt
|faint|p1a: Dugtrio
|
|
|switch|p1a: Zapdos|Zapdos|384\/384
|-ability|p1a: Zapdos|Pressure
|turn|4
|c|âSweet Symphony|ok :c
|
|switch|p2a: Such A Rush|Excadrill, M, shiny|361\/361
|-damage|p2a: Such A Rush|350\/361|[from] Stealth Rock
|move|p1a: Zapdos|Volt Switch|p2a: Such A Rush
|-immune|p2a: Such A Rush|[msg]
|
|turn|5
|
|switch|p2a: Sand Tyrant|Tyranitar, F|403\/403
|-damage|p2a: Sand Tyrant|353\/403|[from] Stealth Rock
|-weather|Sandstorm
|move|p1a: Zapdos|Heat Wave|p2a: Sand Tyrant
|-resisted|p2a: Sand Tyrant
|-damage|p2a: Sand Tyrant|323\/403
|
|-weather|Sandstorm|[upkeep]
|-damage|p1a: Zapdos|360\/384|[from] sandstorm
|-heal|p1a: Zapdos|384\/384|[from] item: Leftovers
|turn|6
|
|move|p1a: Zapdos|Volt Switch|p2a: Sand Tyrant
|-damage|p2a: Sand Tyrant|260\/403
|
|switch|p1a: Chansey|Chansey, F|526\/704
|move|p2a: Sand Tyrant|Stealth Rock|p1a: Chansey
|-sidestart|p1: Sweet Symphony|move: Stealth Rock
|
|-weather|Sandstorm|[upkeep]
|-damage|p1a: Chansey|482\/704|[from] sandstorm
|turn|7
|
|switch|p2a: The Scientist|Ferrothorn, M, shiny|352\/352
|-damage|p2a: The Scientist|330\/352|[from] Stealth Rock
|move|p1a: Chansey|Seismic Toss|p2a: The Scientist
|-damage|p2a: The Scientist|230\/352
|-damage|p1a: Chansey|394\/704|[from] ability: Iron Barbs|[of] p2a: The Scientist
|
|-weather|Sandstorm|[upkeep]
|-damage|p1a: Chansey|350\/704|[from] sandstorm
|-heal|p2a: The Scientist|252\/352|[from] item: Leftovers
|turn|8
|
|move|p1a: Chansey|Soft-Boiled|p1a: Chansey
|-heal|p1a: Chansey|702\/704
|move|p2a: The Scientist|Leech Seed|p1a: Chansey
|-start|p1a: Chansey|move: Leech Seed
|
|-weather|Sandstorm|[upkeep]
|-damage|p1a: Chansey|658\/704|[from] sandstorm
|-heal|p2a: The Scientist|274\/352|[from] item: Leftovers
|-damage|p1a: Chansey|570\/704|[from] Leech Seed|[of] p2a: The Scientist
|-heal|p2a: The Scientist|352\/352|[silent]
|turn|9
|
|switch|p1a: Zapdos|Zapdos|384\/384
|-damage|p1a: Zapdos|288\/384|[from] Stealth Rock
|-ability|p1a: Zapdos|Pressure
|move|p2a: The Scientist|Leech Seed|p1a: Zapdos
|-start|p1a: Zapdos|move: Leech Seed
|
|-weather|Sandstorm|[upkeep]
|-damage|p1a: Zapdos|264\/384|[from] sandstorm
|-heal|p1a: Zapdos|288\/384|[from] item: Leftovers
|-damage|p1a: Zapdos|240\/384|[from] Leech Seed|[of] p2a: The Scientist
|turn|10
|
|switch|p2a: Sand Tyrant|Tyranitar, F|260\/403
|-damage|p2a: Sand Tyrant|210\/403|[from] Stealth Rock
|move|p1a: Zapdos|Roost|p1a: Zapdos
|-heal|p1a: Zapdos|384\/384
|
|-weather|Sandstorm|[upkeep]
|-damage|p1a: Zapdos|360\/384|[from] sandstorm
|-heal|p1a: Zapdos|384\/384|[from] item: Leftovers
|-damage|p1a: Zapdos|336\/384|[from] Leech Seed|[of] p2a: Sand Tyrant
|-heal|p2a: Sand Tyrant|258\/403|[silent]
|turn|11
|
|move|p1a: Zapdos|Volt Switch|p2a: Sand Tyrant
|-damage|p2a: Sand Tyrant|188\/403
|
|switch|p1a: Chansey|Chansey, F|570\/704
|-damage|p1a: Chansey|482\/704|[from] Stealth Rock
|move|p2a: Sand Tyrant|Stealth Rock|p1a: Chansey
|-fail|p1a: Chansey
|
|-weather|Sandstorm|[upkeep]
|-damage|p1a: Chansey|438\/704|[from] sandstorm
|turn|12
|join|jezckark
|
|switch|p2a: Such A Rush|Excadrill, M, shiny|350\/361
|-damage|p2a: Such A Rush|339\/361|[from] Stealth Rock
|move|p1a: Chansey|Seismic Toss|p2a: Such A Rush
|-damage|p2a: Such A Rush|239\/361
|
|-weather|none
|turn|13
|
|move|p2a: Such A Rush|Rapid Spin|p1a: Chansey
|-damage|p1a: Chansey|393\/704
|-sideend|p2: (CH)ÄÎÐ¯KWÃÐ¯LÄ|Stealth Rock|[from] move: Rapid Spin|[of] p2a: Such A Rush
|-damage|p2a: Such A Rush|203\/361|[from] item: Life Orb
|move|p1a: Chansey|Soft-Boiled|p1a: Chansey
|-heal|p1a: Chansey|704\/704
|
|turn|14
|
|switch|p2a: The Scientist|Ferrothorn, M, shiny|352\/352
|move|p1a: Chansey|Seismic Toss|p2a: The Scientist
|-damage|p2a: The Scientist|252\/352
|-damage|p1a: Chansey|616\/704|[from] ability: Iron Barbs|[of] p2a: The Scientist
|
|-heal|p2a: The Scientist|274\/352|[from] item: Leftovers
|turn|15
|
|switch|p1a: Zapdos|Zapdos|336\/384
|-damage|p1a: Zapdos|240\/384|[from] Stealth Rock
|-ability|p1a: Zapdos|Pressure
|move|p2a: The Scientist|Leech Seed|p1a: Zapdos|[miss]
|-miss|p2a: The Scientist|p1a: Zapdos
|
|-heal|p1a: Zapdos|264\/384|[from] item: Leftovers
|-heal|p2a: The Scientist|296\/352|[from] item: Leftovers
|turn|16
|
|switch|p2a: Sand Tyrant|Tyranitar, F|188\/403
|-weather|Sandstorm
|move|p1a: Zapdos|Volt Switch|p2a: Sand Tyrant
|-damage|p2a: Sand Tyrant|121\/403
|
|switch|p1a: Blastoise|Blastoise, F|362\/362
|-damage|p1a: Blastoise|317\/362|[from] Stealth Rock
|
|-weather|Sandstorm|[upkeep]
|-damage|p1a: Blastoise|295\/362|[from] sandstorm
|turn|17
|
|switch|p2a: The Scientist|Ferrothorn, M, shiny|296\/352
|detailschange|p1a: Blastoise|Blastoise-Mega, F
|message|Blastoise ha megaevolucionado a Blastoise-Mega!
|move|p1a: Blastoise|Scald|p2a: The Scientist
|-crit|p2a: The Scientist
|-resisted|p2a: The Scientist
|-damage|p2a: The Scientist|200\/352
|-status|p2a: The Scientist|brn
|
|-weather|Sandstorm|[upkeep]
|-damage|p1a: Blastoise|273\/362|[from] sandstorm
|-heal|p2a: The Scientist|222\/352 brn|[from] item: Leftovers
|-damage|p2a: The Scientist|178\/352 brn|[from] brn
|turn|18
|
|move|p1a: Blastoise|Rapid Spin|p2a: The Scientist
|-resisted|p2a: The Scientist
|-damage|p2a: The Scientist|172\/352 brn
|-damage|p1a: Blastoise|228\/362|[from] ability: Iron Barbs|[of] p2a: The Scientist
|-sideend|p1: Sweet Symphony|Stealth Rock|[from] move: Rapid Spin|[of] p1a: Blastoise
|move|p2a: The Scientist|Leech Seed|p1a: Blastoise
|-start|p1a: Blastoise|move: Leech Seed
|
|-weather|Sandstorm|[upkeep]
|-damage|p1a: Blastoise|206\/362|[from] sandstorm
|-heal|p2a: The Scientist|194\/352 brn|[from] item: Leftovers
|-damage|p1a: Blastoise|161\/362|[from] Leech Seed|[of] p2a: The Scientist
|-heal|p2a: The Scientist|239\/352 brn|[silent]
|-damage|p2a: The Scientist|195\/352 brn|[from] brn
|turn|19
|leave|jezckark
|
|switch|p1a: Garchomp|Garchomp, F|358\/358
|move|p2a: The Scientist|Leech Seed|p1a: Garchomp
|-start|p1a: Garchomp|move: Leech Seed
|
|-weather|Sandstorm|[upkeep]
|-heal|p2a: The Scientist|217\/352 brn|[from] item: Leftovers
|-damage|p1a: Garchomp|314\/358|[from] Leech Seed|[of] p2a: The Scientist
|-heal|p2a: The Scientist|261\/352 brn|[silent]
|-damage|p2a: The Scientist|217\/352 brn|[from] brn
|turn|20
|
|switch|p2a: The Muscle|Charizard, M|297\/297
|move|p1a: Garchomp|Swords Dance|p1a: Garchomp
|-boost|p1a: Garchomp|atk|2
|
|-weather|Sandstorm|[upkeep]
|-damage|p2a: The Muscle|279\/297|[from] sandstorm
|-heal|p1a: Garchomp|336\/358|[from] item: Leftovers
|-damage|p1a: Garchomp|292\/358|[from] Leech Seed|[of] p2a: The Muscle
|-heal|p2a: The Muscle|297\/297|[silent]
|turn|21
|
|switch|p2a: The Scientist|Ferrothorn, M, shiny|217\/352 brn
|move|p1a: Garchomp|Substitute|p1a: Garchomp
|-start|p1a: Garchomp|Substitute
|-damage|p1a: Garchomp|203\/358
|
|-weather|Sandstorm|[upkeep]
|-heal|p1a: Garchomp|225\/358|[from] item: Leftovers
|-heal|p2a: The Scientist|239\/352 brn|[from] item: Leftovers
|-damage|p1a: Garchomp|181\/358|[from] Leech Seed|[of] p2a: The Scientist
|-heal|p2a: The Scientist|283\/352 brn|[silent]
|-damage|p2a: The Scientist|239\/352 brn|[from] brn
|turn|22
|
|move|p1a: Garchomp|Earthquake|p2a: The Scientist
|-damage|p2a: The Scientist|14\/352 brn
|move|p2a: The Scientist|Gyro Ball|p1a: Garchomp
|-activate|p1a: Garchomp|Substitute|[damage]
|
|-weather|Sandstorm|[upkeep]
|-heal|p1a: Garchomp|203\/358|[from] item: Leftovers
|-heal|p2a: The Scientist|36\/352 brn|[from] item: Leftovers
|-damage|p1a: Garchomp|159\/358|[from] Leech Seed|[of] p2a: The Scientist
|-heal|p2a: The Scientist|80\/352 brn|[silent]
|-damage|p2a: The Scientist|36\/352 brn|[from] brn
|turn|23
|
|move|p1a: Garchomp|Dragon Claw|p2a: The Scientist
|-resisted|p2a: The Scientist
|-damage|p2a: The Scientist|0 fnt
|-damage|p1a: Garchomp|115\/358|[from] ability: Iron Barbs|[of] p2a: The Scientist
|faint|p2a: The Scientist
|
|-weather|none
|-heal|p1a: Garchomp|137\/358|[from] item: Leftovers
|join|TyranitarTheEnd
|
|switch|p2a: Shen Long|Latios, M, shiny|319\/319
|turn|24
|
|move|p2a: Shen Long|Psyshock|p1a: Garchomp
|-end|p1a: Garchomp|Substitute
|-damage|p2a: Shen Long|288\/319|[from] item: Life Orb
|move|p1a: Garchomp|Dragon Claw|p2a: Shen Long
|-supereffective|p2a: Shen Long
|-damage|p2a: Shen Long|0 fnt
|faint|p2a: Shen Long
|
|-heal|p1a: Garchomp|159\/358|[from] item: Leftovers
|
|switch|p2a: Prince Shake|Keldeo-Resolute, shiny|322\/322
|turn|25
|
|switch|p1a: Blastoise|Blastoise-Mega, F|161\/362
|move|p2a: Prince Shake|Scald|p1a: Blastoise
|-resisted|p1a: Blastoise
|-damage|p1a: Blastoise|107\/362
|-status|p1a: Blastoise|brn
|
|-damage|p1a: Blastoise|62\/362 brn|[from] brn
|turn|26
|
|move|p2a: Prince Shake|Secret Sword|p1a: Blastoise
|-damage|p1a: Blastoise|0 fnt
|faint|p1a: Blastoise
|
|
|switch|p1a: Zapdos|Zapdos|264\/384
|-ability|p1a: Zapdos|Pressure
|turn|27
|
|switch|p2a: Sand Tyrant|Tyranitar, F|121\/403
|-weather|Sandstorm
|move|p1a: Zapdos|Volt Switch|p2a: Sand Tyrant
|-crit|p2a: Sand Tyrant
|-damage|p2a: Sand Tyrant|21\/403
|
|switch|p1a: Garchomp|Garchomp, F|159\/358
|
|-weather|Sandstorm|[upkeep]
|-heal|p1a: Garchomp|181\/358|[from] item: Leftovers
|turn|28
|
|switch|p2a: The Muscle|Charizard, M|297\/297
|move|p1a: Garchomp|Substitute|p1a: Garchomp
|-start|p1a: Garchomp|Substitute
|-damage|p1a: Garchomp|92\/358
|
|-weather|Sandstorm|[upkeep]
|-damage|p2a: The Muscle|279\/297|[from] sandstorm
|-heal|p1a: Garchomp|114\/358|[from] item: Leftovers
|turn|29
|
|detailschange|p2a: The Muscle|Charizard-Mega-Y, M
|message|Charizard ha megaevolucionado a Charizard-Mega-Y!
|-weather|SunnyDay
|move|p1a: Garchomp|Swords Dance|p1a: Garchomp
|-boost|p1a: Garchomp|atk|2
|move|p2a: The Muscle|Flamethrower|p1a: Garchomp
|-resisted|p1a: Garchomp
|-end|p1a: Garchomp|Substitute
|
|-weather|SunnyDay|[upkeep]
|-heal|p1a: Garchomp|136\/358|[from] item: Leftovers
|turn|30
|c|âSweet Symphony|doble clima ._.
|
|move|p1a: Garchomp|Dragon Claw|p2a: The Muscle
|-damage|p2a: The Muscle|0 fnt
|faint|p2a: The Muscle
|
|-weather|SunnyDay|[upkeep]
|-heal|p1a: Garchomp|158\/358|[from] item: Leftovers
|
|switch|p2a: Sand Tyrant|Tyranitar, F|21\/403
|-weather|Sandstorm
|turn|31
|c|âSweet Symphony|khÃ¨
|
|move|p1a: Garchomp|Substitute|p1a: Garchomp
|-start|p1a: Garchomp|Substitute
|-damage|p1a: Garchomp|69\/358
|move|p2a: Sand Tyrant|Ice Beam|p1a: Garchomp
|-supereffective|p1a: Garchomp
|-end|p1a: Garchomp|Substitute
|
|-weather|Sandstorm|[upkeep]
|-heal|p1a: Garchomp|91\/358|[from] item: Leftovers
|turn|32
|
|move|p1a: Garchomp|Substitute|p1a: Garchomp
|-start|p1a: Garchomp|Substitute
|-damage|p1a: Garchomp|2\/358
|move|p2a: Sand Tyrant|Ice Beam|p1a: Garchomp
|-supereffective|p1a: Garchomp
|-end|p1a: Garchomp|Substitute
|
|-weather|Sandstorm|[upkeep]
|-heal|p1a: Garchomp|24\/358|[from] item: Leftovers
|turn|33
|leave|TyranitarTheEnd
|
|move|p1a: Garchomp|Earthquake|p2a: Sand Tyrant
|-supereffective|p2a: Sand Tyrant
|-damage|p2a: Sand Tyrant|0 fnt
|faint|p2a: Sand Tyrant
|
|-weather|Sandstorm|[upkeep]
|-heal|p1a: Garchomp|46\/358|[from] item: Leftovers
|
|switch|p2a: Such A Rush|Excadrill, M, shiny|203\/361
|turn|34
|
|move|p2a: Such A Rush|Earthquake|p1a: Garchomp
|-damage|p1a: Garchomp|0 fnt
|-damage|p2a: Such A Rush|167\/361|[from] item: Life Orb
|faint|p1a: Garchomp
|
|-weather|Sandstorm|[upkeep]
|
|switch|p1a: Chansey|Chansey, F|616\/704
|turn|35
|
|move|p2a: Such A Rush|Earthquake|p1a: Chansey
|-damage|p1a: Chansey|283\/704
|-damage|p2a: Such A Rush|131\/361|[from] item: Life Orb
|move|p1a: Chansey|Seismic Toss|p2a: Such A Rush
|-damage|p2a: Such A Rush|31\/361
|
|-weather|Sandstorm|[upkeep]
|-damage|p1a: Chansey|239\/704|[from] sandstorm
|turn|36
|
|move|p2a: Such A Rush|Rapid Spin|p1a: Chansey
|-damage|p1a: Chansey|195\/704
|-damage|p2a: Such A Rush|0 fnt|[from] item: Life Orb
|faint|p2a: Such A Rush
|move|p1a: Chansey|Seismic Toss|p2: Such A Rush|[notarget]
|-notarget
|
|-weather|Sandstorm|[upkeep]
|-damage|p1a: Chansey|151\/704|[from] sandstorm
|
|switch|p2a: Prince Shake|Keldeo-Resolute, shiny|322\/322
|turn|37
|c|âSweet Symphony|hahaha
|c|âSweet Symphony|XD
|
|move|p2a: Prince Shake|Calm Mind|p2a: Prince Shake
|-boost|p2a: Prince Shake|spa|1
|-boost|p2a: Prince Shake|spd|1
|move|p1a: Chansey|Seismic Toss|p2a: Prince Shake
|-damage|p2a: Prince Shake|222\/322
|
|-weather|Sandstorm|[upkeep]
|-damage|p2a: Prince Shake|202\/322|[from] sandstorm
|-damage|p1a: Chansey|107\/704|[from] sandstorm
|-heal|p2a: Prince Shake|222\/322|[from] item: Leftovers
|turn|38
|
|move|p2a: Prince Shake|Calm Mind|p2a: Prince Shake
|-boost|p2a: Prince Shake|spa|1
|-boost|p2a: Prince Shake|spd|1
|move|p1a: Chansey|Seismic Toss|p2a: Prince Shake
|-damage|p2a: Prince Shake|122\/322
|
|-weather|none
|-heal|p2a: Prince Shake|142\/322|[from] item: Leftovers
|turn|39
|
|move|p2a: Prince Shake|Secret Sword|p1a: Chansey
|-supereffective|p1a: Chansey
|-damage|p1a: Chansey|0 fnt
|faint|p1a: Chansey
|
|-heal|p2a: Prince Shake|162\/322|[from] item: Leftovers
|
|switch|p1a: Zapdos|Zapdos|264\/384
|-ability|p1a: Zapdos|Pressure
|turn|40
|
|move|p2a: Prince Shake|Scald|p1a: Zapdos
|-damage|p1a: Zapdos|0 fnt
|faint|p1a: Zapdos
|
|-heal|p2a: Prince Shake|182\/322|[from] item: Leftovers
|
|switch|p1a: Volcarona|Volcarona, M|356\/356
|turn|41
|
|move|p2a: Prince Shake|Scald|p1a: Volcarona
|-supereffective|p1a: Volcarona
|-damage|p1a: Volcarona|0 fnt
|faint|p1a: Volcarona
|
|win|(CH)ÄÎÐ¯KWÃÐ¯LÄ
(CH)ÄÎÐ¯KWÃÐ¯LÄ ha ganado 1.5 PokeDolares.
|raw|Ladder actualizandose...
|raw|Puntaje de Sweet Symphony: 1438 &rarr; <strong>1410<\/strong><br \/>(-28 por perder)
|raw|Puntaje de (CH)ÄÎÐ¯KWÃÐ¯LÄ: 1307 &rarr; <strong>1334<\/strong><br \/>(+27 por ganar)
|c|âSweet Symphony|gg
|c|â(CH)ÄÎÐ¯KWÃÐ¯LÄ|lol gg
|c|â(CH)ÄÎÐ¯KWÃÐ¯LÄ|oye
|c|âSweet Symphony|que
|c|â(CH)ÄÎÐ¯KWÃÐ¯LÄ|no fui por el rapid spin para nada
|c|âSweet Symphony|ya vi
|c|â(CH)ÄÎÐ¯KWÃÐ¯LÄ|si mataba a chansey era gg para mi