|join|Sweet Symphony
|join|Echoed Soul
|player|p1|Sweet Symphony|144
|player|p2|Echoed Soul|264
|gametype|singles
|gen|6
|tier|OU
|rated
|clearpoke
|poke|p1|Heatran, F
|poke|p1|Mamoswine, M
|poke|p1|Breloom, F
|poke|p1|Gardevoir, M
|poke|p1|Azumarill, F
|poke|p1|Zapdos
|poke|p2|Mamoswine, F
|poke|p2|Gyarados, M
|poke|p2|Kyurem-Black
|poke|p2|Latios, M
|poke|p2|Rotom-Wash
|poke|p2|Talonflame, M
|rule|ClÃ¡usula de Swagger: se prohibe el uso de Swagger
|rule|ClÃ¡usula de Baton Pass: se prohÃ­be mÃ¡s de 1 PokÃ©mon con Baton Pass
|rule|ClÃ¡usula de Dormir: solo puedes dormir a uno de tus oponentes a la vez.
|rule|ClÃ¡usula de Especie: Hasta un PokÃ©mon de cada especie
|rule|ClÃ¡usula de Golpe Fulminante: los movimientos fulminantes (OHKO) estan prohibidos
|rule|ClÃ¡usula de Moody: la habilidad Moody estÃ¡ prohibida
|rule|ClÃ¡usula de Movimientos Evasivos: los movimientos de evasion estan prohibidos
|rule|ClÃ¡usula de Batallas Eternas: forzar batallas eternas estÃ¡ prohibido
|rule|Modo de Porcentaje de HP: el HP es reportado como porcentaje
|teampreview
|join|immortaltiger
|leave|immortaltiger
|join|immortaltiger
|leave|immortaltiger
|join|immortaltiger
|leave|immortaltiger
|join|immortaltiger
|chat|Sweet Symphony|.-.
|leave|immortaltiger
|join|immortaltiger
|leave|immortaltiger
|join|immortaltiger
|
|start
|switch|p1a: Breloom|Breloom, F|262\/262
|switch|p2a: Talonflame|Talonflame, M|327\/327
|turn|1
|
|switch|p1a: Zapdos|Zapdos|384\/384
|-ability|p1a: Zapdos|Pressure
|move|p2a: Talonflame|U-turn|p1a: Zapdos
|-resisted|p1a: Zapdos
|-damage|p1a: Zapdos|350\/384
|
|switch|p2a: Mamoswine|Mamoswine, F|361\/361
|
|-heal|p1a: Zapdos|374\/384|[from] item: Leftovers
|turn|2
|
|switch|p1a: Azumarill|Azumarill, F|345\/345
|move|p2a: Mamoswine|Stealth Rock|p1a: Azumarill
|-sidestart|p1: Sweet Symphony|move: Stealth Rock
|
|turn|3
|
|switch|p2a: Rotom-Wash|Rotom-Wash|303\/303
|move|p1a: Azumarill|Play Rough|p2a: Rotom-Wash
|-damage|p2a: Rotom-Wash|176\/303
|
|-heal|p2a: Rotom-Wash|194\/303|[from] item: Leftovers
|turn|4
|
|switch|p1a: Heatran|Heatran, F|386\/386
|-damage|p1a: Heatran|338\/386|[from] Stealth Rock
|move|p2a: Rotom-Wash|Will-O-Wisp|p1a: Heatran
|-start|p1a: Heatran|ability: Flash Fire
|
|-heal|p2a: Rotom-Wash|212\/303|[from] item: Leftovers
|-heal|p1a: Heatran|362\/386|[from] item: Leftovers
|turn|5
|
|move|p2a: Rotom-Wash|Hydro Pump|p1a: Heatran
|-supereffective|p1a: Heatran
|-damage|p1a: Heatran|176\/386
|move|p1a: Heatran|Stealth Rock|p2a: Rotom-Wash
|-sidestart|p2: Echoed Soul|move: Stealth Rock
|
|-heal|p2a: Rotom-Wash|230\/303|[from] item: Leftovers
|-heal|p1a: Heatran|200\/386|[from] item: Leftovers
|turn|6
|
|switch|p1a: Azumarill|Azumarill, F|345\/345
|-damage|p1a: Azumarill|302\/345|[from] Stealth Rock
|move|p2a: Rotom-Wash|Volt Switch|p1a: Azumarill
|-supereffective|p1a: Azumarill
|-damage|p1a: Azumarill|192\/345
|
|switch|p2a: Latios|Latios, M|302\/302
|-damage|p2a: Latios|265\/302|[from] Stealth Rock
|
|turn|7
|
|move|p2a: Latios|Defog|p1a: Azumarill
|-unboost|p1a: Azumarill|evasion|1
|-sideend|p1: Sweet Symphony|Stealth Rock|[from] move: Defog|[of] p1a: Azumarill
|-sideend|p2: Echoed Soul|Stealth Rock|[from] move: Defog|[of] p2a: Latios
|move|p1a: Azumarill|Knock Off|p2a: Latios
|-supereffective|p2a: Latios
|-damage|p2a: Latios|0 fnt
|-enditem|p2a: Latios|Life Orb|[from] move: Knock Off|[of] p1a: Azumarill
|faint|p2a: Latios
|
|
|switch|p2a: Kyurem-Black|Kyurem-Black|391\/391
|-ability|p2a: Kyurem-Black|Teravolt
|turn|8
|
|switch|p1a: Breloom|Breloom, F|262\/262
|move|p2a: Kyurem-Black|Fusion Bolt|p1a: Breloom
|-resisted|p1a: Breloom
|-damage|p1a: Breloom|163\/262
|-damage|p2a: Kyurem-Black|352\/391|[from] item: Life Orb
|
|turn|9
|
|move|p1a: Breloom|Superpower|p2a: Kyurem-Black
|-supereffective|p2a: Kyurem-Black
|-damage|p2a: Kyurem-Black|0 fnt
|-unboost|p1a: Breloom|atk|1
|-unboost|p1a: Breloom|def|1
|faint|p2a: Kyurem-Black
|
|
|switch|p2a: Gyarados|Gyarados, M|331\/331
|-ability|p2a: Gyarados|Intimidate|[of] p1a: Breloom
|-unboost|p1a: Breloom|atk|1
|turn|10
|
|switch|p1a: Zapdos|Zapdos|374\/384
|-ability|p1a: Zapdos|Pressure
|move|p2a: Gyarados|Dragon Dance|p2a: Gyarados
|-boost|p2a: Gyarados|atk|1
|-boost|p2a: Gyarados|spe|1
|
|-heal|p1a: Zapdos|384\/384|[from] item: Leftovers
|turn|11
|
|detailschange|p2a: Gyarados|Gyarados-Mega, M
|message|Gyarados ha megaevolucionado a Gyarados-Mega!
|-ability|p2a: Gyarados|Mold Breaker
|move|p2a: Gyarados|Waterfall|p1a: Zapdos
|-damage|p1a: Zapdos|158\/384
|cant|p1a: Zapdos|flinch
|
|-heal|p1a: Zapdos|182\/384|[from] item: Leftovers
|turn|12
|
|move|p2a: Gyarados|Waterfall|p1a: Zapdos
|-damage|p1a: Zapdos|0 fnt
|faint|p1a: Zapdos
|
|
|switch|p1a: Breloom|Breloom, F|163\/262
|turn|13
|
|switch|p2a: Talonflame|Talonflame, M|327\/327
|move|p1a: Breloom|Superpower|p2a: Talonflame
|-resisted|p2a: Talonflame
|-damage|p2a: Talonflame|176\/327
|-unboost|p1a: Breloom|atk|1
|-unboost|p1a: Breloom|def|1
|
|turn|14
|
|switch|p1a: Heatran|Heatran, F|200\/386
|move|p2a: Talonflame|U-turn|p1a: Heatran
|-resisted|p1a: Heatran
|-damage|p1a: Heatran|177\/386
|
|switch|p2a: Gyarados|Gyarados-Mega, M|331\/331
|-ability|p2a: Gyarados|Mold Breaker
|
|-heal|p1a: Heatran|201\/386|[from] item: Leftovers
|turn|15
|
|move|p2a: Gyarados|Ice Fang|p1a: Heatran
|-resisted|p1a: Heatran
|-damage|p1a: Heatran|177\/386
|move|p1a: Heatran|Toxic|p2a: Gyarados
|-status|p2a: Gyarados|tox
|
|-heal|p1a: Heatran|201\/386|[from] item: Leftovers
|-damage|p2a: Gyarados|311\/331 tox|[from] psn
|turn|16
|
|move|p2a: Gyarados|Dragon Dance|p2a: Gyarados
|-boost|p2a: Gyarados|atk|1
|-boost|p2a: Gyarados|spe|1
|move|p1a: Heatran|Lava Plume|p2a: Gyarados
|-crit|p2a: Gyarados
|-resisted|p2a: Gyarados
|-damage|p2a: Gyarados|240\/331 tox
|
|-heal|p1a: Heatran|225\/386|[from] item: Leftovers
|-damage|p2a: Gyarados|200\/331 tox|[from] psn
|turn|17
|
|move|p2a: Gyarados|Dragon Dance|p2a: Gyarados
|-boost|p2a: Gyarados|atk|1
|-boost|p2a: Gyarados|spe|1
|move|p1a: Heatran|Lava Plume|p2a: Gyarados
|-resisted|p2a: Gyarados
|-damage|p2a: Gyarados|157\/331 tox
|
|-heal|p1a: Heatran|249\/386|[from] item: Leftovers
|-damage|p2a: Gyarados|97\/331 tox|[from] psn
|turn|18
|
|move|p2a: Gyarados|Waterfall|p1a: Heatran
|-supereffective|p1a: Heatran
|-damage|p1a: Heatran|0 fnt
|faint|p1a: Heatran
|
|-damage|p2a: Gyarados|17\/331 tox|[from] psn
|
|switch|p1a: Azumarill|Azumarill, F|192\/345
|turn|19
|
|switch|p2a: Rotom-Wash|Rotom-Wash|230\/303
|move|p1a: Azumarill|Aqua Jet|p2a: Rotom-Wash
|-resisted|p2a: Rotom-Wash
|-damage|p2a: Rotom-Wash|200\/303
|
|-heal|p2a: Rotom-Wash|218\/303|[from] item: Leftovers
|turn|20
|
|move|p2a: Rotom-Wash|Will-O-Wisp|p1a: Azumarill
|-status|p1a: Azumarill|brn
|move|p1a: Azumarill|Play Rough|p2a: Rotom-Wash
|-damage|p2a: Rotom-Wash|154\/303
|
|-heal|p2a: Rotom-Wash|172\/303|[from] item: Leftovers
|-damage|p1a: Azumarill|149\/345 brn|[from] brn
|turn|21
|
|move|p2a: Rotom-Wash|Hydro Pump|p1a: Azumarill
|-resisted|p1a: Azumarill
|-damage|p1a: Azumarill|107\/345 brn
|move|p1a: Azumarill|Knock Off|p2a: Rotom-Wash
|-damage|p2a: Rotom-Wash|122\/303
|-enditem|p2a: Rotom-Wash|Leftovers|[from] move: Knock Off|[of] p1a: Azumarill
|
|-damage|p1a: Azumarill|64\/345 brn|[from] brn
|turn|22
|
|move|p2a: Rotom-Wash|Volt Switch|p1a: Azumarill
|-supereffective|p1a: Azumarill
|-damage|p1a: Azumarill|0 fnt
|faint|p1a: Azumarill
|
|switch|p2a: Gyarados|Gyarados-Mega, M|17\/331 tox
|-ability|p2a: Gyarados|Mold Breaker
|
|-damage|p2a: Gyarados|0 fnt|[from] psn
|faint|p2a: Gyarados
|
|switch|p2a: Mamoswine|Mamoswine, F|361\/361
|switch|p1a: Mamoswine|Mamoswine, M|359\/359
|turn|23
|
|switch|p2a: Talonflame|Talonflame, M|176\/327
|move|p1a: Mamoswine|Earthquake|p2a: Talonflame
|-immune|p2a: Talonflame|[msg]
|
|turn|24
|
|move|p2a: Talonflame|Brave Bird|p1a: Mamoswine
|-damage|p1a: Mamoswine|80\/359
|-damage|p2a: Talonflame|84\/327|[from] recoil|[of] p1a: Mamoswine
|move|p1a: Mamoswine|Knock Off|p2a: Talonflame
|-damage|p2a: Talonflame|0 fnt
|-enditem|p2a: Talonflame|Choice Band|[from] move: Knock Off|[of] p1a: Mamoswine
|-damage|p1a: Mamoswine|45\/359|[from] item: Life Orb
|faint|p2a: Talonflame
|
|
|switch|p2a: Rotom-Wash|Rotom-Wash|122\/303
|turn|25
|
|move|p1a: Mamoswine|Knock Off|p2a: Rotom-Wash
|-damage|p2a: Rotom-Wash|54\/303
|-damage|p1a: Mamoswine|10\/359|[from] item: Life Orb
|move|p2a: Rotom-Wash|Will-O-Wisp|p1a: Mamoswine
|-status|p1a: Mamoswine|brn
|
|-damage|p1a: Mamoswine|0 fnt|[from] brn
|faint|p1a: Mamoswine
|
|switch|p1a: Gardevoir|Gardevoir, M|277\/277
|-ability|p1a: Gardevoir|Levitate|[from] ability: Trace|[of] p2a: Rotom-Wash
|turn|26
|
|detailschange|p1a: Gardevoir|Gardevoir-Mega, M
|message|Gardevoir ha megaevolucionado a Gardevoir-Mega!
|move|p1a: Gardevoir|Hyper Voice|p2a: Rotom-Wash
|-damage|p2a: Rotom-Wash|0 fnt
|faint|p2a: Rotom-Wash
|
|
|switch|p2a: Mamoswine|Mamoswine, F|361\/361
|turn|27
|
|move|p1a: Gardevoir|Hyper Voice|p2a: Mamoswine
|-crit|p2a: Mamoswine
|-enditem|p2a: Mamoswine|Focus Sash
|-damage|p2a: Mamoswine|1\/361
|move|p2a: Mamoswine|Earthquake|p1a: Gardevoir
|-damage|p1a: Gardevoir|15\/277
|
|turn|28
|chat|Sweet Symphony|gg
|
|move|p2a: Mamoswine|Ice Shard|p1a: Gardevoir
|-damage|p1a: Gardevoir|0 fnt
|faint|p1a: Gardevoir
|
|
|switch|p1a: Breloom|Breloom, F|163\/262
|turn|29
|
|move|p1a: Breloom|Mach Punch|p2a: Mamoswine
|-supereffective|p2a: Mamoswine
|-damage|p2a: Mamoswine|0 fnt
|faint|p2a: Mamoswine
|
|win|Sweet Symphony
Sweet Symphony ha ganado 3.25 PokeDolares.
|raw|Ladder actualizandose...
|raw|Puntaje de Sweet Symphony: 1196 &rarr; <strong>1242<\/strong><br \/>(+46 por ganar)
|raw|Puntaje de Echoed Soul: 1623 &rarr; <strong>1586<\/strong><br \/>(-37 por perder)