|join|HollowHead
|join|CrowbarMan
|player|p1|HollowHead|80
|player|p2|CrowbarMan|266
|gametype|singles
|gen|6
|tier|OU
|rated
|clearpoke
|poke|p1|Snorlax, F
|poke|p1|Gardevoir, F
|poke|p1|Togekiss, F
|poke|p1|Gliscor, M, shiny
|poke|p1|Bisharp, F
|poke|p1|Thundurus, M
|poke|p2|Latios, M
|poke|p2|Charizard, M
|poke|p2|Deoxys-Speed
|poke|p2|Keldeo
|poke|p2|Rotom-Wash
|poke|p2|Thundurus, M, shiny
|rule|Sleep Clause Mod: Limit one foe put to sleep
|rule|Species Clause: Limit one of each Pokemon
|rule|OHKO Clause: OHKO moves are banned
|rule|Moody Clause: Moody is banned
|rule|Evasion Moves Clause: Evasion moves are banned
|rule|Endless Battle Clause: Forcing endless battles is banned.
|rule|HP Percentage Mod: HP is reported as percentages
|teampreview
|join|Rayze
|
|start
|switch|p1a: Bisharp|Bisharp, F|272\/272
|switch|p2a: Latios|Latios, M|302\/302
|turn|1
|
|switch|p2a: Keldeo|Keldeo|323\/323
|move|p1a: Bisharp|Knock Off|p2a: Keldeo
|-crit|p2a: Keldeo
|-resisted|p2a: Keldeo
|-damage|p2a: Keldeo|169\/323
|-boost|p2a: Keldeo|atk|1|[from] ability: Justified
|-enditem|p2a: Keldeo|Choice Specs|[from] move: Knock Off|[of] p1a: Bisharp
|
|turn|2
|chat|CrowbarMan|thanks for attack boost man
|chat|HollowHead|no prob bro
|
|move|p2a: Keldeo|Hydro Pump|p1a: Bisharp
|-enditem|p1a: Bisharp|Focus Sash
|-damage|p1a: Bisharp|1\/272
|move|p1a: Bisharp|Stealth Rock|p2a: Keldeo
|-sidestart|p2: CrowbarMan|move: Stealth Rock
|
|turn|3
|chat|HollowHead|don't say I never done anything for you and Keldeo
|
|switch|p1a: Togekiss|Togekiss, F|374\/374
|move|p2a: Keldeo|Scald|p1a: Togekiss
|-damage|p1a: Togekiss|274\/374
|
|-heal|p1a: Togekiss|297\/374|[from] item: Leftovers
|turn|4
|
|switch|p2a: Rotom-Wash|Rotom-Wash|304\/304
|-damage|p2a: Rotom-Wash|266\/304|[from] Stealth Rock
|move|p1a: Togekiss|Thunder Wave|p2a: Rotom-Wash
|-fail|p2a: Rotom-Wash
|
|-heal|p1a: Togekiss|320\/374|[from] item: Leftovers
|turn|5
|
|switch|p1a: Gliscor|Gliscor, M, shiny|354\/354
|move|p2a: Rotom-Wash|Volt Switch|p1a: Gliscor
|-immune|p1a: Gliscor|[msg]
|
|-status|p1a: Gliscor|tox|[from] item: Toxic Orb
|turn|6
|
|move|p1a: Gliscor|Toxic|p2a: Rotom-Wash
|-status|p2a: Rotom-Wash|tox
|move|p2a: Rotom-Wash|Hydro Pump|p1a: Gliscor
|-supereffective|p1a: Gliscor
|-damage|p1a: Gliscor|34\/354 tox
|
|-heal|p1a: Gliscor|78\/354 tox|[from] ability: Poison Heal
|-damage|p2a: Rotom-Wash|247\/304 tox|[from] psn
|turn|7
|
|switch|p2a: Keldeo|Keldeo|169\/323
|-damage|p2a: Keldeo|149\/323|[from] Stealth Rock
|move|p1a: Gliscor|Protect|p1a: Gliscor
|-fail|p1a: Gliscor
|
|-heal|p1a: Gliscor|122\/354 tox|[from] ability: Poison Heal
|turn|8
|
|move|p2a: Keldeo|Scald|p1a: Gliscor
|-crit|p1a: Gliscor
|-supereffective|p1a: Gliscor
|-damage|p1a: Gliscor|0 fnt
|faint|p1a: Gliscor
|
|
|switch|p1a: Thundurus|Thundurus, M|299\/299
|turn|9
|
|switch|p2a: Latios|Latios, M|302\/302
|-damage|p2a: Latios|265\/302|[from] Stealth Rock
|move|p1a: Thundurus|Thunderbolt|p2a: Latios
|-resisted|p2a: Latios
|-damage|p2a: Latios|196\/302
|
|turn|10
|
|switch|p1a: Togekiss|Togekiss, F|320\/374
|move|p2a: Latios|Defog|p1a: Togekiss
|-unboost|p1a: Togekiss|evasion|1
|-sideend|p2: CrowbarMan|Stealth Rock|[from] move: Defog|[of] p2a: Latios
|
|-heal|p1a: Togekiss|343\/374|[from] item: Leftovers
|turn|11
|
|switch|p1a: Thundurus|Thundurus, M|299\/299
|move|p2a: Latios|Thunderbolt|p1a: Thundurus
|-damage|p1a: Thundurus|126\/299
|-damage|p2a: Latios|166\/302|[from] item: Life Orb
|
|-heal|p1a: Thundurus|144\/299|[from] item: Leftovers
|turn|12
|
|switch|p1a: Benigni|Snorlax, F|524\/524
|move|p2a: Latios|Psyshock|p1a: Benigni
|-damage|p1a: Benigni|277\/524
|-damage|p2a: Latios|136\/302|[from] item: Life Orb
|
|-heal|p1a: Benigni|309\/524|[from] item: Leftovers
|turn|13
|
|move|p2a: Latios|Psyshock|p1a: Benigni
|-damage|p1a: Benigni|28\/524
|-damage|p2a: Latios|106\/302|[from] item: Life Orb
|move|p1a: Benigni|Body Slam|p2a: Latios
|-damage|p2a: Latios|0 fnt
|faint|p2a: Latios
|
|-heal|p1a: Benigni|60\/524|[from] item: Leftovers
|
|switch|p2a: Thundurus|Thundurus, M, shiny|300\/300
|turn|14
|
|move|p2a: Thundurus|Thunder Wave|p1a: Benigni
|-status|p1a: Benigni|par
|move|p1a: Benigni|Body Slam|p2a: Thundurus
|-damage|p2a: Thundurus|147\/300
|
|-heal|p1a: Benigni|92\/524 par|[from] item: Leftovers
|turn|15
|chat|HollowHead|Fuck,
|chat|Rayze|lol
|chat|CrowbarMan|LOL
|chat|CrowbarMan|i misread
|chat|HollowHead|Now your entire team outspeeds me
|chat|CrowbarMan|i read thunder wave as thunderbolt :[
|
|move|p2a: Thundurus|Thunderbolt|p1a: Benigni
|-damage|p1a: Benigni|0 fnt
|-damage|p2a: Thundurus|117\/300|[from] item: Life Orb
|faint|p1a: Benigni
|
|
|switch|p1a: Thundurus|Thundurus, M|144\/299
|turn|16
|
|switch|p2a: Keldeo|Keldeo|149\/323
|move|p1a: Thundurus|Thunderbolt|p2a: Keldeo
|-supereffective|p2a: Keldeo
|-damage|p2a: Keldeo|0 fnt
|faint|p2a: Keldeo
|
|-heal|p1a: Thundurus|162\/299|[from] item: Leftovers
|
|switch|p2a: Rotom-Wash|Rotom-Wash|247\/304 tox
|turn|17
|
|switch|p1a: Bisharp|Bisharp, F|1\/272
|move|p2a: Rotom-Wash|Hydro Pump|p1a: Bisharp
|-damage|p1a: Bisharp|0 fnt
|faint|p1a: Bisharp
|
|-damage|p2a: Rotom-Wash|228\/304 tox|[from] psn
|
|switch|p1a: Gardevoir|Gardevoir, F|340\/340
|-ability|p1a: Gardevoir|Levitate|[from] ability: Trace|[of] p2a: Rotom-Wash
|turn|18
|
|detailschange|p1a: Gardevoir|Gardevoir-Mega, F
|message|Gardevoir has Mega Evolved into Mega Gardevoir!
|move|p2a: Rotom-Wash|Hydro Pump|p1a: Gardevoir
|-damage|p1a: Gardevoir|232\/340
|move|p1a: Gardevoir|Calm Mind|p1a: Gardevoir
|-boost|p1a: Gardevoir|spa|1
|-boost|p1a: Gardevoir|spd|1
|
|-damage|p2a: Rotom-Wash|190\/304 tox|[from] psn
|turn|19
|
|move|p1a: Gardevoir|Hyper Voice|p2a: Rotom-Wash
|-damage|p2a: Rotom-Wash|0 fnt
|faint|p2a: Rotom-Wash
|
|chat|HollowHead|pls b charizard y
|
|switch|p2a: Charizard|Charizard, M|297\/297
|turn|20
|chat|CrowbarMan|im zard y and i lost :(
|
|detailschange|p2a: Charizard|Charizard-Mega-X, M
|message|Charizard has Mega Evolved into Mega Charizard!
|move|p2a: Charizard|Flare Blitz|p1a: Gardevoir
|-damage|p1a: Gardevoir|0 fnt
|-damage|p2a: Charizard|220\/297|[from] recoil|[of] p1a: Gardevoir
|faint|p1a: Gardevoir
|
|chat|HollowHead|you're a terrible person and I hate you.
|
|switch|p1a: Togekiss|Togekiss, F|343\/374
|turn|21
|chat|Rayze|lol
|chat|CrowbarMan|u can win
|
|move|p2a: Charizard|Flare Blitz|p1a: Togekiss
|-damage|p1a: Togekiss|28\/374
|-damage|p2a: Charizard|116\/297|[from] recoil|[of] p1a: Togekiss
|move|p1a: Togekiss|Air Slash|p2a: Charizard
|-damage|p2a: Charizard|7\/297
|
|-heal|p1a: Togekiss|51\/374|[from] item: Leftovers
|turn|22
|chat|HollowHead|I gotta outplay you, which I haven't all game.
|
|move|p2a: Charizard|Flare Blitz|p1a: Togekiss
|-damage|p1a: Togekiss|0 fnt
|-damage|p2a: Charizard|0 fnt|[from] recoil|[of] p1a: Togekiss
|faint|p1a: Togekiss
|faint|p2a: Charizard
|
|chat|CrowbarMan|you can win with t-wave
|chat|CrowbarMan|and full para
|
|switch|p2a: Deoxys-Speed|Deoxys-Speed|241\/241
|switch|p1a: Thundurus|Thundurus, M|162\/299
|-ability|p2a: Deoxys-Speed|Pressure
|turn|23
|chat|CrowbarMan|2 times
|
|move|p1a: Thundurus|Thunder Wave|p2a: Deoxys-Speed
|-status|p2a: Deoxys-Speed|par
|move|p2a: Deoxys-Speed|Ice Beam|p1a: Thundurus
|-supereffective|p1a: Thundurus
|-damage|p1a: Thundurus|0 fnt
|-damage|p2a: Deoxys-Speed|217\/241 par|[from] item: Life Orb
|faint|p1a: Thundurus
|
|win|CrowbarMan
|raw|Ladder updating...
|raw|HollowHead's rating: 1676 &rarr; <strong>1655<\/strong><br \/>(-21 for losing)
|raw|CrowbarMan's rating: 1656 &rarr; <strong>1677<\/strong><br \/>(+21 for winning)
|chat|HollowHead|Yep
|chat|HollowHead|no
|chat|HollowHead|gg
|chat|CrowbarMan|gg