|join|LadderSoTall
|join|HollowHead
|player|p1|LadderSoTall|130
|player|p2|HollowHead|80
|gametype|singles
|gen|6
|tier|OU
|rated
|clearpoke
|poke|p1|Chansey, F
|poke|p1|Skarmory, M, shiny
|poke|p1|Venusaur, M
|poke|p1|Keldeo-Resolute
|poke|p1|Bisharp, M
|poke|p1|Diancie
|poke|p2|Tyranitar, M
|poke|p2|Rotom-Wash
|poke|p2|Celebi
|poke|p2|Landorus-Therian, M
|poke|p2|Meloetta
|poke|p2|Alomomola, M
|rule|Swagger Clause: Swagger is banned
|rule|Baton Pass Clause: Limit one PokÃ©mon knowing Baton Pass
|rule|Sleep Clause Mod: Limit one foe put to sleep
|rule|Species Clause: Limit one of each PokÃ©mon
|rule|OHKO Clause: OHKO moves are banned
|rule|Moody Clause: Moody is banned
|rule|Evasion Moves Clause: Evasion moves are banned
|rule|Endless Battle Clause: Forcing endless battles is banned
|rule|HP Percentage Mod: HP is reported as percentages
|teampreview
|
|start
|switch|p1a: Venusaur|Venusaur, M|364\/364
|switch|p2a: Celebi|Celebi|354\/354
|turn|1
|
|switch|p2a: Landorus-Therian|Landorus-Therian, M|382\/382
|-ability|p2a: Landorus-Therian|Intimidate|[of] p1a: Venusaur
|-unboost|p1a: Venusaur|atk|1
|detailschange|p1a: Venusaur|Venusaur-Mega, M
|message|Venusaur has Mega Evolved into Mega Venusaur!
|move|p1a: Venusaur|Sludge Bomb|p2a: Landorus-Therian
|-resisted|p2a: Landorus-Therian
|-damage|p2a: Landorus-Therian|286\/382
|
|-heal|p2a: Landorus-Therian|309\/382|[from] item: Leftovers
|turn|2
|
|move|p2a: Landorus-Therian|Stealth Rock|p1a: Venusaur
|-sidestart|p1: LadderSoTall|move: Stealth Rock
|move|p1a: Venusaur|Giga Drain|p2a: Landorus-Therian
|-damage|p2a: Landorus-Therian|143\/382
|
|-heal|p2a: Landorus-Therian|166\/382|[from] item: Leftovers
|turn|3
|
|move|p2a: Landorus-Therian|U-turn|p1a: Venusaur
|-damage|p1a: Venusaur|298\/364
|
|switch|p2a: Meloetta|Meloetta|404\/404
|move|p1a: Venusaur|Giga Drain|p2a: Meloetta
|-damage|p2a: Meloetta|314\/404
|-heal|p1a: Venusaur|343\/364|[from] drain|[of] p2a: Meloetta
|
|-heal|p2a: Meloetta|339\/404|[from] item: Leftovers
|turn|4
|
|switch|p1a: Bisharp|Bisharp, M|297\/297
|-damage|p1a: Bisharp|279\/297|[from] Stealth Rock
|move|p2a: Meloetta|Psyshock|p1a: Bisharp
|-immune|p1a: Bisharp|[msg]
|
|-heal|p2a: Meloetta|364\/404|[from] item: Leftovers
|turn|5
|
|move|p1a: Bisharp|Pursuit|p2a: Meloetta|[from]Pursuit
|-supereffective|p2a: Meloetta
|-damage|p2a: Meloetta|0 fnt
|faint|p2a: Meloetta
|
|
|switch|p2a: Rotom-Wash|Rotom-Wash|303\/303
|turn|6
|
|switch|p1a: Chansey|Chansey, F|704\/704
|-damage|p1a: Chansey|616\/704|[from] Stealth Rock
|move|p2a: Rotom-Wash|Volt Switch|p1a: Chansey
|-damage|p1a: Chansey|556\/704
|
|switch|p2a: Tyranitar|Tyranitar, M|342\/342
|-weather|Sandstorm
|
|-weather|Sandstorm|[upkeep]
|-damage|p1a: Chansey|512\/704|[from] sandstorm
|turn|7
|
|detailschange|p2a: Tyranitar|Tyranitar-Mega, M
|message|Tyranitar has Mega Evolved into Mega Tyranitar!
|move|p2a: Tyranitar|Dragon Dance|p2a: Tyranitar
|-boost|p2a: Tyranitar|atk|1
|-boost|p2a: Tyranitar|spe|1
|move|p1a: Chansey|Thunder Wave|p2a: Tyranitar
|-status|p2a: Tyranitar|par
|
|-weather|Sandstorm|[upkeep]
|-damage|p1a: Chansey|468\/704|[from] sandstorm
|turn|8
|
|switch|p1a: Skarmory|Skarmory, M, shiny|334\/334
|-damage|p1a: Skarmory|293\/334|[from] Stealth Rock
|move|p2a: Tyranitar|Dragon Dance|p2a: Tyranitar
|-boost|p2a: Tyranitar|atk|1
|-boost|p2a: Tyranitar|spe|1
|
|-weather|Sandstorm|[upkeep]
|turn|9
|
|move|p1a: Skarmory|Spikes|p2a: Tyranitar
|-sidestart|p2: HollowHead|Spikes
|move|p2a: Tyranitar|Stone Edge|p1a: Skarmory
|-damage|p1a: Skarmory|64\/334
|
|-weather|Sandstorm|[upkeep]
|turn|10
|
|move|p1a: Skarmory|Spikes|p2a: Tyranitar
|-sidestart|p2: HollowHead|Spikes
|cant|p2a: Tyranitar|par
|
|-weather|none
|turn|11
|
|move|p1a: Skarmory|Spikes|p2a: Tyranitar
|-sidestart|p2: HollowHead|Spikes
|move|p2a: Tyranitar|Dragon Dance|p2a: Tyranitar
|-boost|p2a: Tyranitar|atk|1
|-boost|p2a: Tyranitar|spe|1
|
|turn|12
|
|move|p1a: Skarmory|Roost|p1a: Skarmory
|-heal|p1a: Skarmory|231\/334
|move|p2a: Tyranitar|Stone Edge|p1a: Skarmory|[miss]
|-miss|p2a: Tyranitar|p1a: Skarmory
|
|turn|13
|
|move|p2a: Tyranitar|Earthquake|p1a: Skarmory
|-immune|p1a: Skarmory|[msg]
|move|p1a: Skarmory|Whirlwind|p2a: Tyranitar
|drag|p2a: Alomomola|Alomomola, M|529\/529
|-damage|p2a: Alomomola|397\/529|[from] Spikes
|
|-heal|p2a: Alomomola|430\/529|[from] item: Leftovers
|turn|14
|
|switch|p1a: Chansey|Chansey, F|468\/704
|-damage|p1a: Chansey|380\/704|[from] Stealth Rock
|move|p2a: Alomomola|Wish|p2a: Alomomola
|
|-heal|p2a: Alomomola|463\/529|[from] item: Leftovers
|turn|15
|
|switch|p2a: Tyranitar|Tyranitar-Mega, M|342\/342 par
|-damage|p2a: Tyranitar|257\/342 par|[from] Spikes
|-weather|Sandstorm
|move|p1a: Chansey|Soft-Boiled|p1a: Chansey
|-heal|p1a: Chansey|704\/704
|
|-weather|Sandstorm|[upkeep]
|-damage|p1a: Chansey|660\/704|[from] sandstorm
|-heal|p2a: Tyranitar|342\/342 par|[from] move: Wish|[wisher] Alomomola
|turn|16
|
|move|p1a: Chansey|Wish|p1a: Chansey
|move|p2a: Tyranitar|Dragon Dance|p2a: Tyranitar
|-boost|p2a: Tyranitar|atk|1
|-boost|p2a: Tyranitar|spe|1
|
|-weather|Sandstorm|[upkeep]
|-damage|p1a: Chansey|616\/704|[from] sandstorm
|turn|17
|
|switch|p1a: Skarmory|Skarmory, M, shiny|231\/334
|-damage|p1a: Skarmory|190\/334|[from] Stealth Rock
|move|p2a: Tyranitar|Stone Edge|p1a: Skarmory
|-damage|p1a: Skarmory|3\/334
|
|-weather|Sandstorm|[upkeep]
|-heal|p1a: Skarmory|334\/334|[from] move: Wish|[wisher] Chansey
|turn|18
|chat|HollowHead|The tears I'm crying at this moment
|
|move|p2a: Tyranitar|Stone Edge|p1a: Skarmory|[miss]
|-miss|p2a: Tyranitar|p1a: Skarmory
|move|p1a: Skarmory|Whirlwind|p2a: Tyranitar
|drag|p2a: Rotom-Wash|Rotom-Wash|303\/303
|
|-weather|Sandstorm|[upkeep]
|-damage|p2a: Rotom-Wash|285\/303|[from] sandstorm
|turn|19
|
|switch|p1a: Chansey|Chansey, F|616\/704
|-damage|p1a: Chansey|528\/704|[from] Stealth Rock
|move|p2a: Rotom-Wash|Volt Switch|p1a: Chansey
|-damage|p1a: Chansey|476\/704
|
|switch|p2a: Tyranitar|Tyranitar-Mega, M|342\/342 par
|-damage|p2a: Tyranitar|257\/342 par|[from] Spikes
|
|-weather|none
|turn|20
|
|move|p1a: Chansey|Seismic Toss|p2a: Tyranitar
|-damage|p2a: Tyranitar|157\/342 par
|move|p2a: Tyranitar|Dragon Dance|p2a: Tyranitar
|-boost|p2a: Tyranitar|atk|1
|-boost|p2a: Tyranitar|spe|1
|
|turn|21
|
|move|p1a: Chansey|Seismic Toss|p2a: Tyranitar
|-damage|p2a: Tyranitar|57\/342 par
|cant|p2a: Tyranitar|par
|
|turn|22
|-message|HollowHead forfeited.
|
|win|LadderSoTall
|raw|Ladder updating...
|leave|HollowHead
|player|p2
|raw|LadderSoTall's rating: 1683 &rarr; <strong>1701<\/strong><br \/>(+18 for winning)
|raw|HollowHead's rating: 1643 &rarr; <strong>1625<\/strong><br \/>(-18 for losing)