|join|Saeteurn
|join|HollowHead
|player|p1|Saeteurn|169
|player|p2|HollowHead|80
|gametype|singles
|gen|6
|tier|OU
|rated
|clearpoke
|poke|p1|Pinsir, M
|poke|p1|Excadrill, M
|poke|p1|Breloom, F
|poke|p1|Aegislash, M
|poke|p1|Greninja, M
|poke|p1|Zapdos
|poke|p2|Absol, M
|poke|p2|Togekiss, M
|poke|p2|Ferrothorn, F
|poke|p2|Excadrill, F
|poke|p2|Landorus-Therian, M
|poke|p2|Jellicent, M
|rule|Swagger Clause: Swagger is banned
|rule|Baton Pass Clause: Limit one PokÃ©mon knowing Baton Pass
|rule|Sleep Clause Mod: Limit one foe put to sleep
|rule|Species Clause: Limit one of each PokÃ©mon
|rule|OHKO Clause: OHKO moves are banned
|rule|Moody Clause: Moody is banned
|rule|Evasion Moves Clause: Evasion moves are banned
|rule|Endless Battle Clause: Forcing endless battles is banned
|rule|HP Percentage Mod: HP is reported as percentages
|teampreview
|
|start
|switch|p1a: Zapdos|Zapdos|384\/384
|switch|p2a: Ferrothorn|Ferrothorn, F|351\/351
|-ability|p1a: Zapdos|Pressure
|turn|1
|
|switch|p2a: Landorus-Therian|Landorus-Therian, M|331\/331
|-ability|p2a: Landorus-Therian|Intimidate|[of] p1a: Zapdos
|-unboost|p1a: Zapdos|atk|1
|move|p1a: Zapdos|Heat Wave|p2a: Landorus-Therian
|-miss|p1a: Zapdos|p2a: Landorus-Therian
|
|turn|2
|
|move|p2a: Landorus-Therian|Stone Edge|p1a: Zapdos
|-supereffective|p1a: Zapdos
|-damage|p1a: Zapdos|100\/384
|move|p1a: Zapdos|Heat Wave|p2a: Landorus-Therian
|-damage|p2a: Landorus-Therian|220\/331
|
|-heal|p2a: Landorus-Therian|240\/331|[from] item: Leftovers
|-heal|p1a: Zapdos|124\/384|[from] item: Leftovers
|turn|3
|chat|Saeteurn|I don't even get the burn tho.
|chat|HollowHead|...It's a ten percent chance.
|chat|Saeteurn|It's also a ten percent chance to miss.
|
|move|p2a: Landorus-Therian|Stone Edge|p1a: Zapdos|[miss]
|-miss|p2a: Landorus-Therian|p1a: Zapdos
|move|p1a: Zapdos|Heat Wave|p2a: Landorus-Therian
|-damage|p2a: Landorus-Therian|136\/331
|
|-heal|p2a: Landorus-Therian|156\/331|[from] item: Leftovers
|-heal|p1a: Zapdos|148\/384|[from] item: Leftovers
|turn|4
|chat|Saeteurn|HAX REVENGE!
|chat|HollowHead|well there you go.
|
|switch|p1a: Aegislash|Aegislash, M|324\/324
|move|p2a: Landorus-Therian|Stone Edge|p1a: Aegislash|[miss]
|-miss|p2a: Landorus-Therian|p1a: Aegislash
|
|-heal|p2a: Landorus-Therian|176\/331|[from] item: Leftovers
|turn|5
|chat|Saeteurn|WOOT
|
|move|p2a: Landorus-Therian|Earthquake|p1a: Aegislash
|-supereffective|p1a: Aegislash
|-damage|p1a: Aegislash|6\/324
|-formechange|p1a: Aegislash|Aegislash-Blade
|move|p1a: Aegislash|Shadow Ball|p2a: Landorus-Therian
|-damage|p2a: Landorus-Therian|17\/331
|
|-heal|p2a: Landorus-Therian|37\/331|[from] item: Leftovers
|-heal|p1a: Aegislash|26\/324|[from] item: Leftovers
|turn|6
|
|switch|p2a: Absol|Absol, M|271\/271
|move|p1a: Aegislash|Shadow Sneak|p2a: Absol
|-resisted|p2a: Absol
|-damage|p2a: Absol|211\/271
|
|-heal|p1a: Aegislash|46\/324|[from] item: Leftovers
|turn|7
|
|detailschange|p2a: Absol|Absol-Mega, M
|message|Absol has Mega Evolved into Mega Absol!
|move|p2a: Absol|Fire Blast|p1a: Aegislash
|-supereffective|p1a: Aegislash
|-damage|p1a: Aegislash|0 fnt
|faint|p1a: Aegislash
|
|
|switch|p1a: Breloom|Breloom, F|262\/262
|turn|8
|
|switch|p2a: Landorus-Therian|Landorus-Therian, M|37\/331
|-ability|p2a: Landorus-Therian|Intimidate|[of] p1a: Breloom
|-unboost|p1a: Breloom|atk|1
|move|p1a: Breloom|Mach Punch|p2a: Landorus-Therian
|-resisted|p2a: Landorus-Therian
|-damage|p2a: Landorus-Therian|0 fnt
|faint|p2a: Landorus-Therian
|
|
|switch|p2a: Ferrothorn|Ferrothorn, F|351\/351
|turn|9
|
|switch|p1a: Zapdos|Zapdos|148\/384
|-ability|p1a: Zapdos|Pressure
|move|p2a: Ferrothorn|Leech Seed|p1a: Zapdos
|-start|p1a: Zapdos|move: Leech Seed
|
|-heal|p1a: Zapdos|172\/384|[from] item: Leftovers
|-damage|p1a: Zapdos|124\/384|[from] Leech Seed|[of] p2a: Ferrothorn
|turn|10
|
|switch|p2a: Togekiss|Togekiss, M|373\/373
|move|p1a: Zapdos|Roost|p1a: Zapdos
|-heal|p1a: Zapdos|316\/384
|
|-heal|p1a: Zapdos|340\/384|[from] item: Leftovers
|-damage|p1a: Zapdos|292\/384|[from] Leech Seed|[of] p2a: Togekiss
|turn|11
|
|switch|p1a: Excadrill|Excadrill, M|362\/362
|-ability|p1a: Excadrill|Mold Breaker
|-item|p1a: Excadrill|Air Balloon
|move|p2a: Togekiss|Dazzling Gleam|p1a: Excadrill
|-resisted|p1a: Excadrill
|-damage|p1a: Excadrill|286\/362
|-enditem|p1a: Excadrill|Air Balloon
|
|turn|12
|
|switch|p1a: Zapdos|Zapdos|292\/384
|-ability|p1a: Zapdos|Pressure
|switch|p2a: Ferrothorn|Ferrothorn, F|351\/351
|
|-heal|p1a: Zapdos|316\/384|[from] item: Leftovers
|turn|13
|
|move|p1a: Zapdos|Heat Wave|p2a: Ferrothorn
|-supereffective|p2a: Ferrothorn
|-damage|p2a: Ferrothorn|7\/351
|move|p2a: Ferrothorn|Leech Seed|p1a: Zapdos
|-start|p1a: Zapdos|move: Leech Seed
|
|-heal|p1a: Zapdos|340\/384|[from] item: Leftovers
|-damage|p1a: Zapdos|292\/384|[from] Leech Seed|[of] p2a: Ferrothorn
|-heal|p2a: Ferrothorn|55\/351|[silent]
|turn|14
|chat|Saeteurn|yesh
|
|switch|p1a: Excadrill|Excadrill, M|286\/362
|-ability|p1a: Excadrill|Mold Breaker
|move|p2a: Ferrothorn|Stealth Rock|p1a: Excadrill
|-sidestart|p1: Saeteurn|move: Stealth Rock
|
|turn|15
|
|move|p1a: Excadrill|Earthquake|p2a: Ferrothorn
|-damage|p2a: Ferrothorn|0 fnt
|faint|p2a: Ferrothorn
|
|
|switch|p2a: Absol|Absol-Mega, M|211\/271
|turn|16
|
|switch|p2a: Togekiss|Togekiss, M|373\/373
|move|p1a: Excadrill|Rapid Spin|p2a: Togekiss
|-crit|p2a: Togekiss
|-damage|p2a: Togekiss|335\/373
|-sideend|p1: Saeteurn|Stealth Rock|[from] move: Rapid Spin|[of] p1a: Excadrill
|
|-heal|p2a: Togekiss|358\/373|[from] item: Leftovers
|turn|17
|
|move|p1a: Excadrill|Iron Head|p2a: Togekiss
|-supereffective|p2a: Togekiss
|-damage|p2a: Togekiss|70\/373
|move|p2a: Togekiss|Dazzling Gleam|p1a: Excadrill
|-resisted|p1a: Excadrill
|-damage|p1a: Excadrill|210\/362
|
|-heal|p2a: Togekiss|93\/373|[from] item: Leftovers
|turn|18
|chat|Saeteurn|My breloom literally takes a steamy dump on your team now.
|chat|Saeteurn|lol
|
|move|p1a: Excadrill|Iron Head|p2a: Togekiss
|-supereffective|p2a: Togekiss
|-damage|p2a: Togekiss|0 fnt
|faint|p2a: Togekiss
|
|
|switch|p2a: Absol|Absol-Mega, M|211\/271
|turn|19
|
|move|p2a: Absol|Fire Blast|p1a: Excadrill
|-supereffective|p1a: Excadrill
|-damage|p1a: Excadrill|0 fnt
|faint|p1a: Excadrill
|
|
|switch|p1a: Breloom|Breloom, F|262\/262
|turn|20
|
|move|p1a: Breloom|Mach Punch|p2a: Absol
|-supereffective|p2a: Absol
|-damage|p2a: Absol|0 fnt
|faint|p2a: Absol
|
|
|switch|p2a: Excadrill|Excadrill, F|362\/362
|-ability|p2a: Excadrill|Mold Breaker
|turn|21
|
|move|p1a: Breloom|Mach Punch|p2a: Excadrill
|-supereffective|p2a: Excadrill
|-damage|p2a: Excadrill|12\/362
|move|p2a: Excadrill|Iron Head|p1a: Breloom
|-damage|p1a: Breloom|52\/262
|
|turn|22
|
|switch|p2a: Jellicent|Jellicent, M|403\/403
|move|p1a: Breloom|Mach Punch|p2a: Jellicent
|-immune|p2a: Jellicent|[msg]
|
|turn|23
|
|move|p1a: Breloom|Spore|p2a: Jellicent
|-status|p2a: Jellicent|slp
|cant|p2a: Jellicent|slp
|
|turn|24
|chat|Saeteurn|gg
|
|move|p1a: Breloom|Bullet Seed|p2a: Jellicent
|-supereffective|p2a: Jellicent
|-damage|p2a: Jellicent|221\/403 slp
|-supereffective|p2a: Jellicent
|-damage|p2a: Jellicent|45\/403 slp
|-supereffective|p2a: Jellicent
|-damage|p2a: Jellicent|0 fnt
|-hitcount|p2a: Jellicent|3
|faint|p2a: Jellicent
|
|chat|HollowHead|gg
|
|switch|p2a: Excadrill|Excadrill, F|12\/362
|-ability|p2a: Excadrill|Mold Breaker
|turn|25
|
|switch|p1a: Greninja|Greninja, M|285\/285
|move|p2a: Excadrill|Earthquake|p1a: Greninja
|-damage|p1a: Greninja|0 fnt
|faint|p1a: Greninja
|
|
|switch|p1a: Pinsir|Pinsir, M|272\/272
|-ability|p1a: Pinsir|Mold Breaker
|turn|26
|
|detailschange|p1a: Pinsir|Pinsir-Mega, M
|message|Pinsir has Mega Evolved into Mega Pinsir!
|move|p2a: Excadrill|Earthquake|p1a: Pinsir
|-immune|p1a: Pinsir|[msg]
|move|p1a: Pinsir|Swords Dance|p1a: Pinsir
|-boost|p1a: Pinsir|atk|2
|
|turn|27
|
|move|p2a: Excadrill|Earthquake|p1a: Pinsir
|-immune|p1a: Pinsir|[msg]
|move|p1a: Pinsir|Swords Dance|p1a: Pinsir
|-boost|p1a: Pinsir|atk|2
|
|turn|28
|
|move|p2a: Excadrill|Earthquake|p1a: Pinsir
|-immune|p1a: Pinsir|[msg]
|move|p1a: Pinsir|Swords Dance|p1a: Pinsir
|-boost|p1a: Pinsir|atk|2
|
|turn|29
|chat|Saeteurn|lol
|chat|Saeteurn|scarfdrill?
|
|move|p2a: Excadrill|Earthquake|p1a: Pinsir
|-immune|p1a: Pinsir|[msg]
|move|p1a: Pinsir|Earthquake|p2a: Excadrill
|-supereffective|p2a: Excadrill
|-damage|p2a: Excadrill|0 fnt
|faint|p2a: Excadrill
|
|win|Saeteurn
|raw|Ladder updating...
|raw|Saeteurn's rating: 1549 &rarr; <strong>1571<\/strong><br \/>(+22 for winning)
|raw|HollowHead's rating: 1582 &rarr; <strong>1560<\/strong><br \/>(-22 for losing)
|leave|HollowHead
|player|p2