|join|HollowHead
|join|CheckmateWeee
|player|p1|HollowHead|80
|player|p2|CheckmateWeee|2
|gametype|singles
|gen|6
|tier|OU
|rated
|clearpoke
|poke|p1|Sceptile, M
|poke|p1|Azumarill, F
|poke|p1|Heatran, M
|poke|p1|Latias, F
|poke|p1|Diggersby, M, shiny
|poke|p1|Heracross, M
|poke|p2|Gyarados, M
|poke|p2|Talonflame, F
|poke|p2|Zapdos
|poke|p2|Landorus-Therian, M
|poke|p2|Jirachi
|poke|p2|Kyurem-Black
|rule|Swagger Clause: Swagger is banned
|rule|Baton Pass Clause: Limit one PokÃ©mon knowing Baton Pass
|rule|Sleep Clause Mod: Limit one foe put to sleep
|rule|Species Clause: Limit one of each PokÃ©mon
|rule|OHKO Clause: OHKO moves are banned
|rule|Moody Clause: Moody is banned
|rule|Evasion Moves Clause: Evasion moves are banned
|rule|Endless Battle Clause: Forcing endless battles is banned
|rule|HP Percentage Mod: HP is shown in percentages
|teampreview
|
|start
|switch|p1a: coquito|Heracross, M|364\/364
|switch|p2a: Kyurem-Black|Kyurem-Black|413\/413
|-ability|p2a: Kyurem-Black|Teravolt
|turn|1
|
|switch|p2a: Landorus-Therian|Landorus-Therian, M|382\/382
|-ability|p2a: Landorus-Therian|Intimidate|[of] p1a: coquito
|-unboost|p1a: coquito|atk|1
|move|p1a: coquito|Knock Off|p2a: Landorus-Therian
|-crit|p2a: Landorus-Therian
|-damage|p2a: Landorus-Therian|242\/382
|-enditem|p2a: Landorus-Therian|Leftovers|[from] move: Knock Off|[of] p1a: coquito
|
|turn|2
|
|switch|p1a: Rudolph|Latias, F|302\/302
|move|p2a: Landorus-Therian|Stealth Rock|p1a: Rudolph
|-sidestart|p1: HollowHead|move: Stealth Rock
|
|turn|3
|
|move|p1a: Rudolph|Defog|p2a: Landorus-Therian
|-unboost|p2a: Landorus-Therian|evasion|1
|-sideend|p1: HollowHead|Stealth Rock|[from] move: Defog|[of] p1a: Rudolph
|move|p2a: Landorus-Therian|Knock Off|p1a: Rudolph
|-supereffective|p1a: Rudolph
|-damage|p1a: Rudolph|52\/302
|-enditem|p1a: Rudolph|Life Orb|[from] move: Knock Off|[of] p2a: Landorus-Therian
|
|turn|4
|
|switch|p2a: Jirachi|Jirachi|341\/341
|move|p1a: Rudolph|Draco Meteor|p2a: Jirachi
|-resisted|p2a: Jirachi
|-damage|p2a: Jirachi|239\/341
|-unboost|p1a: Rudolph|spa|2
|
|turn|5
|
|switch|p1a: Chimney|Heatran, M|386\/386
|move|p2a: Jirachi|U-turn|p1a: Chimney
|-crit|p1a: Chimney
|-resisted|p1a: Chimney
|-damage|p1a: Chimney|363\/386
|
|switch|p2a: Landorus-Therian|Landorus-Therian, M|242\/382
|-ability|p2a: Landorus-Therian|Intimidate|[of] p1a: Chimney
|-unboost|p1a: Chimney|atk|1
|
|-heal|p1a: Chimney|386\/386|[from] item: Leftovers
|turn|6
|
|switch|p1a: Rudolph|Latias, F|52\/302
|move|p2a: Landorus-Therian|Earthquake|p1a: Rudolph
|-immune|p1a: Rudolph|[msg]
|
|turn|7
|
|switch|p1a: Snow Bunny|Diggersby, M, shiny|311\/311
|move|p2a: Landorus-Therian|Stealth Rock|p1a: Snow Bunny
|-sidestart|p1: HollowHead|move: Stealth Rock
|
|turn|8
|
|move|p1a: Snow Bunny|Return|p2a: Landorus-Therian
|-damage|p2a: Landorus-Therian|0 fnt
|faint|p2a: Landorus-Therian
|
|
|switch|p2a: Kyurem-Black|Kyurem-Black|413\/413
|-ability|p2a: Kyurem-Black|Teravolt
|turn|9
|
|switch|p1a: coquito|Heracross, M|364\/364
|-damage|p1a: coquito|319\/364|[from] Stealth Rock
|move|p2a: Kyurem-Black|Ice Beam|p1a: coquito
|-crit|p1a: coquito
|-damage|p1a: coquito|174\/364
|-status|p1a: coquito|frz
|
|turn|10
|
|move|p2a: Kyurem-Black|Ice Beam|p1a: coquito
|-damage|p1a: coquito|80\/364 frz
|cant|p1a: coquito|frz
|
|turn|11
|
|switch|p1a: Chimney|Heatran, M|386\/386
|-damage|p1a: Chimney|338\/386|[from] Stealth Rock
|move|p2a: Kyurem-Black|Ice Beam|p1a: Chimney
|-resisted|p1a: Chimney
|-damage|p1a: Chimney|316\/386
|
|-heal|p1a: Chimney|340\/386|[from] item: Leftovers
|turn|12
|
|move|p2a: Kyurem-Black|Earth Power|p1a: Chimney
|-supereffective|p1a: Chimney
|-damage|p1a: Chimney|52\/386
|move|p1a: Chimney|Stealth Rock|p2a: Kyurem-Black
|-sidestart|p2: CheckmateWeee|move: Stealth Rock
|
|-heal|p1a: Chimney|76\/386|[from] item: Leftovers
|turn|13
|
|move|p2a: Kyurem-Black|Fusion Bolt|p1a: Chimney
|-damage|p1a: Chimney|0 fnt
|faint|p1a: Chimney
|
|
|switch|p1a: Rudolph|Latias, F|52\/302
|-damage|p1a: Rudolph|15\/302|[from] Stealth Rock
|turn|14
|
|switch|p2a: Jirachi|Jirachi|239\/341
|-damage|p2a: Jirachi|218\/341|[from] Stealth Rock
|move|p1a: Rudolph|Healing Wish|p1a: Rudolph
|faint|p1a: Rudolph
|
|
|switch|p1a: coquito|Heracross, M|80\/364 frz
|-heal|p1a: coquito|364\/364|[from] move: Healing Wish
|-damage|p1a: coquito|319\/364|[from] Stealth Rock
|turn|15
|
|move|p2a: Jirachi|Iron Head|p1a: coquito
|-crit|p1a: coquito
|-damage|p1a: coquito|82\/364
|cant|p1a: coquito|flinch
|
|turn|16
|
|move|p2a: Jirachi|Iron Head|p1a: coquito
|-damage|p1a: coquito|0 fnt
|faint|p1a: coquito
|
|
|switch|p1a: K.Scott|Azumarill, F|364\/364
|-damage|p1a: K.Scott|319\/364|[from] Stealth Rock
|turn|17
|
|move|p2a: Jirachi|Iron Head|p1a: K.Scott
|-damage|p1a: K.Scott|168\/364
|-enditem|p1a: K.Scott|Sitrus Berry|[eat]
|-heal|p1a: K.Scott|259\/364|[from] item: Sitrus Berry
|move|p1a: K.Scott|Belly Drum|p1a: K.Scott
|-damage|p1a: K.Scott|77\/364
|-setboost|p1a: K.Scott|atk|6|[from] move: Belly Drum
|
|turn|18
|
|move|p1a: K.Scott|Aqua Jet|p2a: Jirachi
|-damage|p2a: Jirachi|0 fnt
|faint|p2a: Jirachi
|
|
|switch|p2a: Talonflame|Talonflame, F|345\/345
|-damage|p2a: Talonflame|173\/345|[from] Stealth Rock
|turn|19
|
|move|p2a: Talonflame|Brave Bird|p1a: K.Scott
|-damage|p1a: K.Scott|0 fnt
|-damage|p2a: Talonflame|148\/345|[from] recoil|[of] p1a: K.Scott
|faint|p1a: K.Scott
|
|
|switch|p1a: Snow Bunny|Diggersby, M, shiny|311\/311
|-damage|p1a: Snow Bunny|292\/311|[from] Stealth Rock
|turn|20
|
|switch|p2a: Kyurem-Black|Kyurem-Black|413\/413
|-damage|p2a: Kyurem-Black|310\/413|[from] Stealth Rock
|-ability|p2a: Kyurem-Black|Teravolt
|move|p1a: Snow Bunny|Return|p2a: Kyurem-Black
|-damage|p2a: Kyurem-Black|0 fnt
|faint|p2a: Kyurem-Black
|
|
|switch|p2a: Gyarados|Gyarados, M|331\/331
|-damage|p2a: Gyarados|249\/331|[from] Stealth Rock
|-ability|p2a: Gyarados|Intimidate|[of] p1a: Snow Bunny
|-unboost|p1a: Snow Bunny|atk|1
|turn|21
|
|detailschange|p2a: Gyarados|Gyarados-Mega, M
|message|Gyarados has Mega Evolved into Mega Gyarados!
|-ability|p2a: Gyarados|Mold Breaker
|move|p1a: Snow Bunny|Return|p2a: Gyarados
|-damage|p2a: Gyarados|53\/331
|move|p2a: Gyarados|Waterfall|p1a: Snow Bunny
|-supereffective|p1a: Snow Bunny
|-damage|p1a: Snow Bunny|0 fnt
|faint|p1a: Snow Bunny
|
|
|switch|p1a: Navidad|Sceptile, M|282\/282
|-damage|p1a: Navidad|247\/282|[from] Stealth Rock
|turn|22
|
|detailschange|p1a: Navidad|Sceptile-Mega, M
|message|Sceptile has Mega Evolved into Mega Sceptile!
|move|p1a: Navidad|Dragon Pulse|p2a: Gyarados
|-damage|p2a: Gyarados|0 fnt
|faint|p2a: Gyarados
|
|
|switch|p2a: Zapdos|Zapdos|384\/384
|-damage|p2a: Zapdos|288\/384|[from] Stealth Rock
|-ability|p2a: Zapdos|Pressure
|turn|23
|
|move|p1a: Navidad|Dragon Pulse|p2a: Zapdos
|-damage|p2a: Zapdos|116\/384
|move|p2a: Zapdos|Defog|p1a: Navidad
|-unboost|p1a: Navidad|evasion|1
|-sideend|p1: HollowHead|Stealth Rock|[from] move: Defog|[of] p1a: Navidad
|-sideend|p2: CheckmateWeee|Stealth Rock|[from] move: Defog|[of] p2a: Zapdos
|
|-heal|p2a: Zapdos|140\/384|[from] item: Leftovers
|turn|24
|c|âHollowHead|gg
|
|move|p1a: Navidad|Dragon Pulse|p2a: Zapdos
|-damage|p2a: Zapdos|0 fnt
|faint|p2a: Zapdos
|
|
|switch|p2a: Talonflame|Talonflame, F|148\/345
|turn|25
|c|âCheckmateWeee|seems that way
|
|move|p2a: Talonflame|Brave Bird|p1a: Navidad
|-supereffective|p1a: Navidad
|-damage|p1a: Navidad|0 fnt
|-damage|p2a: Talonflame|66\/345|[from] recoil|[of] p1a: Navidad
|faint|p1a: Navidad
|
|win|CheckmateWeee
|raw|Ladder updating...