|join|HollowHead
|join|Mr.Saints
|player|p1|HollowHead|80
|player|p2|Mr.Saints|248
|gametype|singles
|gen|6
|tier|OU
|rated
|clearpoke
|poke|p1|Klefki, F
|poke|p1|Quagsire, F
|poke|p1|Alakazam, M
|poke|p1|Gengar, M
|poke|p1|Mamoswine, M
|poke|p1|Bisharp, M
|poke|p2|Gyarados, M
|poke|p2|Bisharp, M
|poke|p2|Honchkrow, M
|poke|p2|Krookodile, M
|poke|p2|Sableye, M
|poke|p2|Greninja, M, shiny
|rule|Swagger Clause: Swagger is banned
|rule|Baton Pass Clause: Limit one PokÃ©mon knowing Baton Pass
|rule|Sleep Clause Mod: Limit one foe put to sleep
|rule|Species Clause: Limit one of each PokÃ©mon
|rule|OHKO Clause: OHKO moves are banned
|rule|Moody Clause: Moody is banned
|rule|Evasion Moves Clause: Evasion moves are banned
|rule|Endless Battle Clause: Forcing endless battles is banned
|rule|HP Percentage Mod: HP is shown in percentages
|teampreview
|
|start
|switch|p1a: Mamoswine|Mamoswine, M|362\/362
|switch|p2a: Greninja|Greninja, M, shiny|286\/286
|turn|1
|
|move|p2a: Greninja|Hydro Pump|p1a: Mamoswine
|-start|p2a: Greninja|typechange|Water|[from] Protean
|-supereffective|p1a: Mamoswine
|-enditem|p1a: Mamoswine|Focus Sash
|-damage|p1a: Mamoswine|1\/362
|-damage|p2a: Greninja|258\/286|[from] item: Life Orb
|move|p1a: Mamoswine|Earthquake|p2a: Greninja
|-damage|p2a: Greninja|0 fnt
|faint|p2a: Greninja
|
|
|switch|p2a: Krookodile|Krookodile, M|394\/394
|-ability|p2a: Krookodile|Intimidate|[of] p1a: Mamoswine
|-unboost|p1a: Mamoswine|atk|1
|turn|2
|
|move|p2a: Krookodile|Knock Off|p1a: Mamoswine
|-damage|p1a: Mamoswine|0 fnt
|faint|p1a: Mamoswine
|
|
|switch|p1a: Alakazam|Alakazam, M|252\/252
|turn|3
|
|switch|p2a: Sableye|Sableye, M|304\/304
|detailschange|p1a: Alakazam|Alakazam-Mega, M
|message|Alakazam has Mega Evolved into Mega Alakazam!
|-ability|p1a: Alakazam|Prankster|[from] ability: Trace|[of] p2a: Sableye
|move|p1a: Alakazam|Focus Blast|p2a: Sableye
|-immune|p2a: Sableye|[msg]
|
|turn|4
|
|switch|p1a: Klefki|Klefki, F|318\/318
|move|p2a: Sableye|Snarl|p1a: Klefki
|-resisted|p1a: Klefki
|-damage|p1a: Klefki|296\/318
|-unboost|p1a: Klefki|spa|1
|
|-heal|p1a: Klefki|315\/318|[from] item: Leftovers
|turn|5
|
|switch|p2a: Krookodile|Krookodile, M|394\/394
|-ability|p2a: Krookodile|Intimidate|[of] p1a: Klefki
|-unboost|p1a: Klefki|atk|1
|move|p1a: Klefki|Dazzling Gleam|p2a: Krookodile
|-supereffective|p2a: Krookodile
|-damage|p2a: Krookodile|260\/394
|
|-heal|p2a: Krookodile|284\/394|[from] item: Leftovers
|-heal|p1a: Klefki|318\/318|[from] item: Leftovers
|turn|6
|
|switch|p1a: Quagsire|Quagsire, F|394\/394
|move|p2a: Krookodile|Stealth Rock|p1a: Quagsire
|-sidestart|p1: HollowHead|move: Stealth Rock
|
|-heal|p2a: Krookodile|308\/394|[from] item: Leftovers
|turn|7
|
|move|p2a: Krookodile|Knock Off|p1a: Quagsire
|-damage|p1a: Quagsire|295\/394
|-enditem|p1a: Quagsire|Leftovers|[from] move: Knock Off|[of] p2a: Krookodile
|move|p1a: Quagsire|Scald|p2a: Krookodile
|-supereffective|p2a: Krookodile
|-damage|p2a: Krookodile|144\/394
|
|-heal|p2a: Krookodile|168\/394|[from] item: Leftovers
|turn|8
|
|switch|p2a: Sableye|Sableye, M|304\/304
|move|p1a: Quagsire|Scald|p2a: Sableye
|-damage|p2a: Sableye|241\/304
|-status|p2a: Sableye|brn
|
|-heal|p2a: Sableye|260\/304 brn|[from] item: Leftovers
|-damage|p2a: Sableye|222\/304 brn|[from] brn
|turn|9
|
|switch|p1a: Klefki|Klefki, F|318\/318
|-damage|p1a: Klefki|299\/318|[from] Stealth Rock
|move|p2a: Sableye|Will-O-Wisp|p1a: Klefki
|-status|p1a: Klefki|brn
|
|-heal|p1a: Klefki|318\/318 brn|[from] item: Leftovers
|-heal|p2a: Sableye|241\/304 brn|[from] item: Leftovers
|-damage|p1a: Klefki|279\/318 brn|[from] brn
|-damage|p2a: Sableye|203\/304 brn|[from] brn
|turn|10
|
|switch|p2a: Bisharp|Bisharp, M|272\/272
|move|p1a: Klefki|Spikes|p2a: Bisharp
|-sidestart|p2: Mr.Saints|Spikes
|
|-heal|p1a: Klefki|298\/318 brn|[from] item: Leftovers
|-damage|p1a: Klefki|259\/318 brn|[from] brn
|turn|11
|
|move|p1a: Klefki|Thunder Wave|p2a: Bisharp
|-status|p2a: Bisharp|par
|move|p2a: Bisharp|Swords Dance|p2a: Bisharp
|-boost|p2a: Bisharp|atk|2
|
|-heal|p1a: Klefki|278\/318 brn|[from] item: Leftovers
|-damage|p1a: Klefki|239\/318 brn|[from] brn
|turn|12
|
|switch|p1a: Quagsire|Quagsire, F|295\/394
|-damage|p1a: Quagsire|271\/394|[from] Stealth Rock
|move|p2a: Bisharp|Iron Head|p1a: Quagsire
|-resisted|p1a: Quagsire
|-damage|p1a: Quagsire|216\/394
|
|turn|13
|
|switch|p2a: Sableye|Sableye, M|203\/304 brn
|-damage|p2a: Sableye|165\/304 brn|[from] Spikes
|move|p1a: Quagsire|Recover|p1a: Quagsire
|-heal|p1a: Quagsire|394\/394
|
|-heal|p2a: Sableye|184\/304 brn|[from] item: Leftovers
|-damage|p2a: Sableye|146\/304 brn|[from] brn
|turn|14
|
|switch|p1a: Gengar|Gengar, M|262\/262
|-damage|p1a: Gengar|230\/262|[from] Stealth Rock
|move|p2a: Sableye|Snarl|p1a: Gengar
|-supereffective|p1a: Gengar
|-damage|p1a: Gengar|114\/262
|-unboost|p1a: Gengar|spa|1
|
|-heal|p2a: Sableye|165\/304 brn|[from] item: Leftovers
|-damage|p2a: Sableye|127\/304 brn|[from] brn
|turn|15
|
|move|p2a: Sableye|Recover|p2a: Sableye
|-heal|p2a: Sableye|279\/304 brn
|move|p1a: Gengar|Shadow Ball|p2a: Sableye
|-damage|p2a: Sableye|146\/304 brn
|
|-heal|p2a: Sableye|165\/304 brn|[from] item: Leftovers
|-damage|p2a: Sableye|127\/304 brn|[from] brn
|turn|16
|
|switch|p2a: Krookodile|Krookodile, M|168\/394
|-damage|p2a: Krookodile|119\/394|[from] Spikes
|-ability|p2a: Krookodile|Intimidate|[of] p1a: Gengar
|-unboost|p1a: Gengar|atk|1
|move|p1a: Gengar|Shadow Ball|p2a: Krookodile
|-crit|p2a: Krookodile
|-resisted|p2a: Krookodile
|-damage|p2a: Krookodile|0 fnt
|faint|p2a: Krookodile
|
|
|switch|p2a: Gyarados|Gyarados, M|332\/332
|-ability|p2a: Gyarados|Intimidate|[of] p1a: Gengar
|-unboost|p1a: Gengar|atk|1
|turn|17
|
|detailschange|p2a: Gyarados|Gyarados-Mega, M
|message|Gyarados has Mega Evolved into Mega Gyarados!
|-ability|p2a: Gyarados|Mold Breaker
|move|p1a: Gengar|Shadow Ball|p2a: Gyarados
|-resisted|p2a: Gyarados
|-damage|p2a: Gyarados|277\/332
|-unboost|p2a: Gyarados|spd|1
|move|p2a: Gyarados|Substitute|p2a: Gyarados
|-start|p2a: Gyarados|Substitute
|-damage|p2a: Gyarados|194\/332
|
|turn|18
|
|move|p1a: Gengar|Shadow Ball|p2a: Gyarados
|-resisted|p2a: Gyarados
|-end|p2a: Gyarados|Substitute
|move|p2a: Gyarados|Dragon Dance|p2a: Gyarados
|-boost|p2a: Gyarados|atk|1
|-boost|p2a: Gyarados|spe|1
|
|turn|19
|
|move|p2a: Gyarados|Waterfall|p1a: Gengar
|-damage|p1a: Gengar|0 fnt
|faint|p1a: Gengar
|
|
|switch|p1a: Klefki|Klefki, F|239\/318 brn
|-damage|p1a: Klefki|220\/318 brn|[from] Stealth Rock
|turn|20
|
|switch|p2a: Sableye|Sableye, M|127\/304 brn
|-damage|p2a: Sableye|89\/304 brn|[from] Spikes
|move|p1a: Klefki|Thunder Wave|p2a: Sableye
|-fail|p2a: Sableye
|
|-heal|p1a: Klefki|239\/318 brn|[from] item: Leftovers
|-heal|p2a: Sableye|108\/304 brn|[from] item: Leftovers
|-damage|p1a: Klefki|200\/318 brn|[from] brn
|-damage|p2a: Sableye|70\/304 brn|[from] brn
|turn|21
|
|move|p2a: Sableye|Recover|p2a: Sableye
|-heal|p2a: Sableye|222\/304 brn
|move|p1a: Klefki|Dazzling Gleam|p2a: Sableye
|-crit|p2a: Sableye
|-supereffective|p2a: Sableye
|-damage|p2a: Sableye|12\/304 brn
|
|-heal|p1a: Klefki|219\/318 brn|[from] item: Leftovers
|-heal|p2a: Sableye|31\/304 brn|[from] item: Leftovers
|-damage|p1a: Klefki|180\/318 brn|[from] brn
|-damage|p2a: Sableye|0 fnt|[from] brn
|faint|p2a: Sableye
|
|switch|p2a: Honchkrow|Honchkrow, M|341\/341
|turn|22
|
|move|p1a: Klefki|Thunder Wave|p2a: Honchkrow
|-status|p2a: Honchkrow|par
|move|p2a: Honchkrow|Heat Wave|p1a: Klefki
|-crit|p1a: Klefki
|-supereffective|p1a: Klefki
|-damage|p1a: Klefki|0 fnt
|faint|p1a: Klefki
|-boost|p2a: Honchkrow|atk|1|[from] ability: Moxie
|
|
|switch|p1a: Bisharp|Bisharp, M|272\/272
|-damage|p1a: Bisharp|255\/272|[from] Stealth Rock
|turn|23
|
|move|p1a: Bisharp|Iron Head|p2a: Honchkrow
|-damage|p2a: Honchkrow|45\/341 par
|-damage|p1a: Bisharp|228\/272|[from] item: Life Orb
|cant|p2a: Honchkrow|par
|
|turn|24
|
|move|p2a: Honchkrow|Sucker Punch|p1a: Bisharp
|-resisted|p1a: Bisharp
|-damage|p1a: Bisharp|132\/272
|move|p1a: Bisharp|Iron Head|p2a: Honchkrow
|-damage|p2a: Honchkrow|0 fnt
|-damage|p1a: Bisharp|105\/272|[from] item: Life Orb
|faint|p2a: Honchkrow
|
|
|switch|p2a: Bisharp|Bisharp, M|272\/272 par
|-damage|p2a: Bisharp|238\/272 par|[from] Spikes
|turn|25
|
|switch|p1a: Quagsire|Quagsire, F|394\/394
|-damage|p1a: Quagsire|370\/394|[from] Stealth Rock
|cant|p2a: Bisharp|par
|
|turn|26
|
|move|p1a: Quagsire|Earthquake|p2a: Bisharp
|-supereffective|p2a: Bisharp
|-damage|p2a: Bisharp|32\/272 par
|move|p2a: Bisharp|Knock Off|p1a: Quagsire
|-damage|p1a: Quagsire|274\/394
|
|turn|27
|
|move|p1a: Quagsire|Recover|p1a: Quagsire
|-heal|p1a: Quagsire|394\/394
|cant|p2a: Bisharp|par
|
|turn|28
|
|switch|p1a: Bisharp|Bisharp, M|105\/272
|-damage|p1a: Bisharp|88\/272|[from] Stealth Rock
|cant|p2a: Bisharp|par
|
|turn|29
|
|move|p1a: Bisharp|Swords Dance|p1a: Bisharp
|-boost|p1a: Bisharp|atk|2
|move|p2a: Bisharp|Knock Off|p1a: Bisharp
|-resisted|p1a: Bisharp
|-damage|p1a: Bisharp|7\/272
|-enditem|p1a: Bisharp|Life Orb|[from] move: Knock Off|[of] p2a: Bisharp
|
|turn|30
|
|move|p1a: Bisharp|Sucker Punch|p2a: Bisharp
|-fail|p2a: Bisharp
|move|p2a: Bisharp|Swords Dance|p2a: Bisharp
|-boost|p2a: Bisharp|atk|2
|
|turn|31
|
|move|p1a: Bisharp|Sucker Punch|p2a: Bisharp
|-fail|p2a: Bisharp
|move|p2a: Bisharp|Swords Dance|p2a: Bisharp
|-boost|p2a: Bisharp|atk|2
|
|turn|32
|
|move|p1a: Bisharp|Sucker Punch|p2a: Bisharp
|-resisted|p2a: Bisharp
|-damage|p2a: Bisharp|0 fnt
|faint|p2a: Bisharp
|
|
|switch|p2a: Gyarados|Gyarados-Mega, M|194\/332
|-damage|p2a: Gyarados|153\/332|[from] Spikes
|-ability|p2a: Gyarados|Mold Breaker
|turn|33
|
|move|p1a: Bisharp|Iron Head|p2a: Gyarados
|-resisted|p2a: Gyarados
|-damage|p2a: Gyarados|35\/332
|move|p2a: Gyarados|Dragon Dance|p2a: Gyarados
|-boost|p2a: Gyarados|atk|1
|-boost|p2a: Gyarados|spe|1
|
|turn|34
|
|move|p1a: Bisharp|Sucker Punch|p2a: Gyarados
|-fail|p2a: Gyarados
|move|p2a: Gyarados|Dragon Dance|p2a: Gyarados
|-boost|p2a: Gyarados|atk|1
|-boost|p2a: Gyarados|spe|1
|
|turn|35
|
|move|p1a: Bisharp|Sucker Punch|p2a: Gyarados
|-fail|p2a: Gyarados
|move|p2a: Gyarados|Dragon Dance|p2a: Gyarados
|-boost|p2a: Gyarados|atk|1
|-boost|p2a: Gyarados|spe|1
|
|turn|36
|
|move|p2a: Gyarados|Waterfall|p1a: Bisharp
|-damage|p1a: Bisharp|0 fnt
|faint|p1a: Bisharp
|
|
|switch|p1a: Quagsire|Quagsire, F|394\/394
|-damage|p1a: Quagsire|370\/394|[from] Stealth Rock
|turn|37
|
|move|p2a: Gyarados|Waterfall|p1a: Quagsire
|-damage|p1a: Quagsire|1\/394
|cant|p1a: Quagsire|flinch
|
|turn|38
|c|âHollowHead|noooo
|c|âMr.Saints|D:
|
|move|p2a: Gyarados|Waterfall|p1a: Quagsire
|-damage|p1a: Quagsire|0 fnt
|faint|p1a: Quagsire
|
|c|âHollowHead|gg :(
|
|switch|p1a: Alakazam|Alakazam-Mega, M|252\/252
|-damage|p1a: Alakazam|221\/252|[from] Stealth Rock
|-ability|p1a: Alakazam|Mold Breaker|[from] ability: Trace|[of] p2a: Gyarados
|-ability|p1a: Alakazam|Mold Breaker
|turn|39
|c|âMr.Saints|Sorry, man
|c|âMr.Saints|gg :S
|
|move|p2a: Gyarados|Waterfall|p1a: Alakazam
|-damage|p1a: Alakazam|0 fnt
|faint|p1a: Alakazam
|
|win|Mr.Saints
|raw|Ladder updating...
|raw|HollowHead's rating: 1701 &rarr; <strong>1683<\/strong><br \/>(-18 for losing)
|raw|Mr.Saints's rating: 1739 &rarr; <strong>1757<\/strong><br \/>(+18 for winning)
|c|âHollowHead|I've gotten lot of hax this game anyway.
|c|âHollowHead|gg!
|c|âMr.Saints|gg
|leave|HollowHead
|player|p1