|join|HollowHead
|join|NezMcNezza5
|player|p1|HollowHead|80
|player|p2|NezMcNezza5|167
|gametype|singles
|gen|6
|tier|OU
|rated
|clearpoke
|poke|p1|Klefki, F
|poke|p1|Gyarados, M
|poke|p1|Alakazam, M
|poke|p1|Trevenant, F
|poke|p1|Thundurus, M
|poke|p1|Garchomp, F
|poke|p2|Chansey, F
|poke|p2|Heatran, M
|poke|p2|Amoonguss, M
|poke|p2|Alomomola, M
|poke|p2|Skarmory, F
|poke|p2|Rhyperior, M
|rule|Swagger Clause: Swagger is banned
|rule|Baton Pass Clause: Limit one PokÃ©mon knowing Baton Pass
|rule|Sleep Clause Mod: Limit one foe put to sleep
|rule|Species Clause: Limit one of each PokÃ©mon
|rule|OHKO Clause: OHKO moves are banned
|rule|Moody Clause: Moody is banned
|rule|Evasion Moves Clause: Evasion moves are banned
|rule|Endless Battle Clause: Forcing endless battles is banned
|rule|HP Percentage Mod: HP is reported as percentages
|teampreview
|
|start
|switch|p1a: Trevenant|Trevenant, F|374\/374
|switch|p2a: Rhyperior|Rhyperior, M|434\/434
|turn|1
|
|switch|p2a: Heatran|Heatran, M|386\/386
|move|p1a: Trevenant|Horn Leech|p2a: Heatran
|-resisted|p2a: Heatran
|-damage|p2a: Heatran|362\/386
|
|-heal|p2a: Heatran|386\/386|[from] item: Leftovers
|turn|2
|
|switch|p1a: Garchomp|Garchomp, F|357\/357
|move|p2a: Heatran|Will-O-Wisp|p1a: Garchomp|[miss]
|-miss|p2a: Heatran|p1a: Garchomp
|
|turn|3
|chat|NezMcNezza5|sigh
|chat|NezMcNezza5|predicted
|
|switch|p2a: Rhyperior|Rhyperior, M|434\/434
|move|p1a: Garchomp|Stealth Rock|p2a: Rhyperior
|-sidestart|p2: NezMcNezza5|move: Stealth Rock
|
|turn|4
|
|move|p1a: Garchomp|Earthquake|p2a: Rhyperior
|-supereffective|p2a: Rhyperior
|-damage|p2a: Rhyperior|268\/434
|move|p2a: Rhyperior|Stealth Rock|p1a: Garchomp
|-sidestart|p1: HollowHead|move: Stealth Rock
|
|turn|5
|
|move|p1a: Garchomp|Earthquake|p2a: Rhyperior
|-supereffective|p2a: Rhyperior
|-damage|p2a: Rhyperior|118\/434
|move|p2a: Rhyperior|Ice Punch|p1a: Garchomp
|-supereffective|p1a: Garchomp
|-enditem|p1a: Garchomp|Focus Sash
|-damage|p1a: Garchomp|1\/357
|-damage|p2a: Rhyperior|64\/434|[from] ability: Rough Skin|[of] p1a: Garchomp
|-damage|p2a: Rhyperior|21\/434|[from] item: Life Orb
|
|turn|6
|join|Sunic
|
|move|p1a: Garchomp|Fire Blast|p2a: Rhyperior
|-resisted|p2a: Rhyperior
|-damage|p2a: Rhyperior|0 fnt
|faint|p2a: Rhyperior
|
|
|switch|p2a: Alomomola|Alomomola, M|534\/534
|-damage|p2a: Alomomola|468\/534|[from] Stealth Rock
|turn|7
|
|move|p1a: Garchomp|Outrage|p2a: Alomomola
|-damage|p2a: Alomomola|305\/534
|move|p2a: Alomomola|Scald|p1a: Garchomp
|-crit|p1a: Garchomp
|-damage|p1a: Garchomp|0 fnt
|faint|p1a: Garchomp
|
|-heal|p2a: Alomomola|338\/534|[from] item: Leftovers
|chat|HollowHead|crit hax
|
|switch|p1a: Thundurus|Thundurus, M|299\/299
|-damage|p1a: Thundurus|225\/299|[from] Stealth Rock
|turn|8
|
|switch|p2a: Chansey|Chansey, F|704\/704
|-damage|p2a: Chansey|616\/704|[from] Stealth Rock
|move|p1a: Thundurus|Knock Off|p2a: Chansey
|-damage|p2a: Chansey|452\/704
|-enditem|p2a: Chansey|Eviolite|[from] move: Knock Off|[of] p1a: Thundurus
|-damage|p1a: Thundurus|196\/299|[from] item: Life Orb
|
|turn|9
|
|move|p1a: Thundurus|Superpower|p2a: Chansey
|-supereffective|p2a: Chansey
|-damage|p2a: Chansey|0 fnt
|-unboost|p1a: Thundurus|atk|1
|-unboost|p1a: Thundurus|def|1
|-damage|p1a: Thundurus|167\/299|[from] item: Life Orb
|faint|p2a: Chansey
|
|
|switch|p2a: Amoonguss|Amoonguss, M|432\/432
|-damage|p2a: Amoonguss|378\/432|[from] Stealth Rock
|turn|10
|
|switch|p1a: Gyarados|Gyarados, M|393\/393
|-damage|p1a: Gyarados|295\/393|[from] Stealth Rock
|-ability|p1a: Gyarados|Intimidate|[of] p2a: Amoonguss
|-unboost|p2a: Amoonguss|atk|1
|move|p2a: Amoonguss|Giga Drain|p1a: Gyarados
|-crit|p1a: Gyarados
|-damage|p1a: Gyarados|183\/393
|-heal|p2a: Amoonguss|432\/432|[from] drain|[of] p1a: Gyarados
|
|-heal|p1a: Gyarados|207\/393|[from] item: Leftovers
|turn|11
|
|move|p2a: Amoonguss|Foul Play|p1a: Gyarados
|-damage|p1a: Gyarados|135\/393
|move|p1a: Gyarados|Dragon Tail|p2a: Amoonguss
|-damage|p2a: Amoonguss|382\/432
|drag|p2a: Alomomola|Alomomola, M|516\/534
|-damage|p2a: Alomomola|450\/534|[from] Stealth Rock
|
|-heal|p1a: Gyarados|159\/393|[from] item: Leftovers
|-heal|p2a: Alomomola|483\/534|[from] item: Leftovers
|turn|12
|
|move|p2a: Alomomola|Scald|p1a: Gyarados
|-resisted|p1a: Gyarados
|-damage|p1a: Gyarados|135\/393
|-status|p1a: Gyarados|brn
|move|p1a: Gyarados|Dragon Tail|p2a: Alomomola
|-damage|p2a: Alomomola|460\/534
|drag|p2a: Amoonguss|Amoonguss, M|432\/432
|-damage|p2a: Amoonguss|378\/432|[from] Stealth Rock
|
|-heal|p1a: Gyarados|159\/393 brn|[from] item: Leftovers
|-damage|p1a: Gyarados|110\/393 brn|[from] brn
|turn|13
|
|move|p1a: Gyarados|Rest|p1a: Gyarados
|-status|p1a: Gyarados|slp
|-heal|p1a: Gyarados|393\/393 slp|[silent]
|-status|p1a: Gyarados|slp|[from] move: Rest
|move|p2a: Amoonguss|Giga Drain|p1a: Gyarados
|-damage|p1a: Gyarados|321\/393 slp
|-heal|p2a: Amoonguss|414\/432|[from] drain|[of] p1a: Gyarados
|
|-heal|p1a: Gyarados|345\/393 slp|[from] item: Leftovers
|turn|14
|
|cant|p1a: Gyarados|slp
|move|p1a: Gyarados|Sleep Talk|p1a: Gyarados
|move|p1a: Gyarados|Waterfall|p2a: Amoonguss|[from]Sleep Talk
|-resisted|p2a: Amoonguss
|-damage|p2a: Amoonguss|358\/432
|move|p2a: Amoonguss|Foul Play|p1a: Gyarados
|-damage|p1a: Gyarados|265\/393 slp
|
|-heal|p1a: Gyarados|289\/393 slp|[from] item: Leftovers
|turn|15
|
|cant|p1a: Gyarados|slp
|move|p1a: Gyarados|Sleep Talk|p1a: Gyarados
|move|p1a: Gyarados|Dragon Tail|p2a: Amoonguss|[from]Sleep Talk
|-damage|p2a: Amoonguss|309\/432
|drag|p2a: Alomomola|Alomomola, M|534\/534
|-damage|p2a: Alomomola|468\/534|[from] Stealth Rock
|
|-heal|p1a: Gyarados|313\/393 slp|[from] item: Leftovers
|-heal|p2a: Alomomola|501\/534|[from] item: Leftovers
|turn|16
|
|switch|p1a: Klefki|Klefki, F|318\/318
|-damage|p1a: Klefki|299\/318|[from] Stealth Rock
|move|p2a: Alomomola|Scald|p1a: Klefki
|-damage|p1a: Klefki|251\/318
|-status|p1a: Klefki|brn
|
|-heal|p1a: Klefki|270\/318 brn|[from] item: Leftovers
|-heal|p2a: Alomomola|534\/534|[from] item: Leftovers
|-damage|p1a: Klefki|231\/318 brn|[from] brn
|turn|17
|
|switch|p2a: Skarmory|Skarmory, F|334\/334
|-damage|p2a: Skarmory|293\/334|[from] Stealth Rock
|move|p1a: Klefki|Spikes|p2a: Skarmory
|-sidestart|p2: NezMcNezza5|Spikes
|
|-heal|p1a: Klefki|250\/318 brn|[from] item: Leftovers
|-damage|p1a: Klefki|211\/318 brn|[from] brn
|turn|18
|
|switch|p1a: Thundurus|Thundurus, M|167\/299
|-damage|p1a: Thundurus|93\/299|[from] Stealth Rock
|move|p2a: Skarmory|Defog|p1a: Thundurus
|-unboost|p1a: Thundurus|evasion|1
|-boost|p1a: Thundurus|atk|2|[from] ability: Defiant
|-sideend|p1: HollowHead|Stealth Rock|[from] move: Defog|[of] p1a: Thundurus
|-sideend|p2: NezMcNezza5|Spikes|[from] move: Defog|[of] p2a: Skarmory
|-sideend|p2: NezMcNezza5|Stealth Rock|[from] move: Defog|[of] p2a: Skarmory
|
|turn|19
|
|switch|p2a: Amoonguss|Amoonguss, M|432\/432
|move|p1a: Thundurus|Hidden Power|p2a: Amoonguss
|-supereffective|p2a: Amoonguss
|-damage|p2a: Amoonguss|289\/432
|-damage|p1a: Thundurus|64\/299|[from] item: Life Orb
|
|turn|20
|
|move|p1a: Thundurus|Knock Off|p2a: Amoonguss
|-damage|p2a: Amoonguss|78\/432
|-enditem|p2a: Amoonguss|Assault Vest|[from] move: Knock Off|[of] p1a: Thundurus
|-damage|p1a: Thundurus|35\/299|[from] item: Life Orb
|move|p2a: Amoonguss|Foul Play|p1a: Thundurus
|-damage|p1a: Thundurus|0 fnt
|faint|p1a: Thundurus
|
|
|switch|p1a: Alakazam|Alakazam, M|252\/252
|turn|21
|
|switch|p2a: Heatran|Heatran, M|386\/386
|detailschange|p1a: Alakazam|Alakazam-Mega, M
|message|Alakazam has Mega Evolved into Mega Alakazam!
|-ability|p1a: Alakazam|Flash Fire|[from] ability: Trace|[of] p2a: Heatran
|move|p1a: Alakazam|Psychic|p2a: Heatran
|-resisted|p2a: Heatran
|-damage|p2a: Heatran|311\/386
|
|-heal|p2a: Heatran|335\/386|[from] item: Leftovers
|turn|22
|
|move|p1a: Alakazam|Focus Blast|p2a: Heatran
|-supereffective|p2a: Heatran
|-damage|p2a: Heatran|41\/386
|move|p2a: Heatran|Will-O-Wisp|p1a: Alakazam
|-start|p1a: Alakazam|ability: Flash Fire
|
|-heal|p2a: Heatran|65\/386|[from] item: Leftovers
|turn|23
|
|move|p1a: Alakazam|Psychic|p2a: Heatran
|-resisted|p2a: Heatran
|-damage|p2a: Heatran|0 fnt
|faint|p2a: Heatran
|
|
|switch|p2a: Alomomola|Alomomola, M|534\/534
|turn|24
|
|move|p1a: Alakazam|Psychic|p2a: Alomomola
|-crit|p2a: Alomomola
|-damage|p2a: Alomomola|0 fnt
|faint|p2a: Alomomola
|
|
|switch|p2a: Skarmory|Skarmory, F|293\/334
|turn|25
|
|move|p1a: Alakazam|Hidden Power|p2a: Skarmory
|-supereffective|p2a: Skarmory
|-damage|p2a: Skarmory|0 fnt
|faint|p2a: Skarmory
|
|
|switch|p2a: Amoonguss|Amoonguss, M|222\/432
|turn|26
|chat|HollowHead|gg
|
|move|p1a: Alakazam|Psychic|p2a: Amoonguss
|-supereffective|p2a: Amoonguss
|-damage|p2a: Amoonguss|0 fnt
|faint|p2a: Amoonguss
|
|win|HollowHead
|raw|Ladder updating...
|raw|HollowHead's rating: 1763 &rarr; <strong>1785<\/strong><br \/>(+22 for winning)
|raw|NezMcNezza5's rating: 1795 &rarr; <strong>1773<\/strong><br \/>(-22 for losing)
|leave|HollowHead
|player|p1