|join|HollowHead
|join|Dragonblood
|player|p1|HollowHead|101
|player|p2|Dragonblood|96
|gametype|singles
|gen|6
|tier|OU
|rated
|clearpoke
|poke|p1|Galvantula, F
|poke|p1|Tyranitar, M
|poke|p1|Garchomp, F
|poke|p1|Quagsire, F
|poke|p1|Excadrill, F
|poke|p1|Sableye, F
|poke|p2|Keldeo
|poke|p2|Heatran, M
|poke|p2|Venusaur, F
|poke|p2|Aegislash, M, shiny
|poke|p2|Umbreon, M, shiny
|poke|p2|Togekiss, M
|rule|Sleep Clause Mod: Limit one foe put to sleep
|rule|Species Clause: Limit one of each Pokemon
|rule|OHKO Clause: OHKO moves are banned
|rule|Moody Clause: Moody is banned
|rule|Evasion Moves Clause: Evasion moves are banned
|rule|Endless Battle Clause: Forcing endless battles is banned.
|rule|HP Percentage Mod: HP is reported as percentages
|teampreview
|
|start
|switch|p1a: Galvantula|Galvantula, F|281\/281
|switch|p2a: Pot|Venusaur, F|361\/361
|turn|1
|
|-formechange|p2a: Pot|Venusaur-Mega
|message|Venusaur has Mega Evolved into Mega Venusaur!
|move|p1a: Galvantula|Sticky Web|p2a: Pot
|-sidestart|p2: Dragonblood|move: Sticky Web
|move|p2a: Pot|Hidden Power|p1a: Galvantula
|-supereffective|p1a: Galvantula
|-damage|p1a: Galvantula|109\/281
|
|turn|2
|
|switch|p1a: Tyranitar|Tyranitar, M|401\/401
|-weather|Sandstorm
|move|p2a: Pot|Hidden Power|p1a: Tyranitar
|-crit|p1a: Tyranitar
|-resisted|p1a: Tyranitar
|-damage|p1a: Tyranitar|372\/401
|
|-weather|Sandstorm|[upkeep]
|-damage|p2a: Pot|339\/361|[from] sandstorm
|turn|3
|
|switch|p2a: Powny|Keldeo|323\/323
|-activate|p2a: Powny|move: Sticky Web
|-unboost|p2a: Powny|spe|1
|move|p1a: Tyranitar|Stone Edge|p2a: Powny|[miss]
|-miss|p1a: Tyranitar|p2a: Powny
|
|-weather|Sandstorm|[upkeep]
|-damage|p2a: Powny|303\/323|[from] sandstorm
|-heal|p2a: Powny|323\/323|[from] item: Leftovers
|turn|4
|
|switch|p1a: Galvantula|Galvantula, F|109\/281
|move|p2a: Powny|Secret Sword|p1a: Galvantula
|-resisted|p1a: Galvantula
|-damage|p1a: Galvantula|0 fnt
|faint|p1a: Galvantula
|
|-weather|Sandstorm|[upkeep]
|-damage|p2a: Powny|303\/323|[from] sandstorm
|-heal|p2a: Powny|323\/323|[from] item: Leftovers
|
|switch|p1a: Garchomp|Garchomp, F|361\/361
|turn|5
|
|-formechange|p1a: Garchomp|Garchomp-Mega
|message|Garchomp has Mega Evolved into Mega Garchomp!
|move|p1a: Garchomp|Swords Dance|p1a: Garchomp
|-boost|p1a: Garchomp|atk|2
|move|p2a: Powny|Icy Wind|p1a: Garchomp
|-supereffective|p1a: Garchomp
|-damage|p1a: Garchomp|33\/361
|-unboost|p1a: Garchomp|spe|1
|
|-weather|Sandstorm|[upkeep]
|-damage|p2a: Powny|303\/323|[from] sandstorm
|-heal|p2a: Powny|323\/323|[from] item: Leftovers
|turn|6
|
|move|p2a: Powny|Surf|p1a: Garchomp
|-damage|p1a: Garchomp|0 fnt
|faint|p1a: Garchomp
|
|-weather|none
|
|switch|p1a: Tyranitar|Tyranitar, M|372\/401
|-weather|Sandstorm
|turn|7
|
|move|p2a: Powny|Secret Sword|p1a: Tyranitar
|-supereffective|p1a: Tyranitar
|-damage|p1a: Tyranitar|0 fnt
|faint|p1a: Tyranitar
|
|-weather|Sandstorm|[upkeep]
|-damage|p2a: Powny|303\/323|[from] sandstorm
|-heal|p2a: Powny|323\/323|[from] item: Leftovers
|
|switch|p1a: Excadrill|Excadrill, F|424\/424
|-ability|p1a: Excadrill|Mold Breaker
|-item|p1a: Excadrill|Air Balloon
|turn|8
|
|move|p2a: Powny|Surf|p1a: Excadrill
|-supereffective|p1a: Excadrill
|-damage|p1a: Excadrill|0 fnt
|-enditem|p1a: Excadrill|Air Balloon
|faint|p1a: Excadrill
|
|-weather|Sandstorm|[upkeep]
|-damage|p2a: Powny|303\/323|[from] sandstorm
|-heal|p2a: Powny|323\/323|[from] item: Leftovers
|-message|HollowHead forfeited.
|
|win|Dragonblood
|raw|Ladder updating...
|leave|HollowHead
|player|p1
|raw|HollowHead's rating: 1675 &rarr; <strong>1652<\/strong><br \/>(-23 for losing)
|raw|Dragonblood's rating: 1618 &rarr; <strong>1641<\/strong><br \/>(+23 for winning)