|join|HollowHead
|join|Pizza1
|player|p1|HollowHead|265
|player|p2|Pizza1|171
|gametype|singles
|gen|6
|tier|OU
|rated
|clearpoke
|poke|p1|Celebi
|poke|p1|Blastoise, F
|poke|p1|Bisharp, M, shiny
|poke|p1|Latias, F
|poke|p1|Entei, shiny
|poke|p1|Mamoswine, M
|poke|p2|Latios, M
|poke|p2|Thundurus, M
|poke|p2|Keldeo
|poke|p2|Hippowdon, F
|poke|p2|Aegislash, F, shiny
|poke|p2|Charizard, M
|rule|Sleep Clause Mod: Limit one foe put to sleep
|rule|Species Clause: Limit one of each Pokemon
|rule|OHKO Clause: OHKO moves are banned
|rule|Moody Clause: Moody is banned
|rule|Evasion Moves Clause: Evasion moves are banned
|rule|Endless Battle Clause: Forcing endless battles is banned.
|rule|HP Percentage Mod: HP is reported as percentages
|teampreview
|
|start
|switch|p1a: Blastoise|Blastoise, F|362\/362
|switch|p2a: Sunday Morning|Charizard, M|307\/307
|turn|1
|
|switch|p1a: Latias|Latias, F|301\/301
|-formechange|p2a: Sunday Morning|Charizard-Mega-Y
|message|Charizard has Mega Evolved into Mega Charizard!
|-weather|SunnyDay
|move|p2a: Sunday Morning|Solar Beam|p1a: Latias|[still]
|-prepare|p2a: Sunday Morning|Solar Beam|p1a: Latias
|-anim|p2a: Sunday Morning|Solar Beam|p1a: Latias
|-resisted|p1a: Latias
|-damage|p1a: Latias|232\/301
|
|-weather|SunnyDay|[upkeep]
|-heal|p1a: Latias|250\/301|[from] item: Leftovers
|turn|2
|
|switch|p1a: Entei|Entei, shiny|372\/372
|-ability|p1a: Entei|Pressure
|switch|p2a: Happy|Hippowdon, F|417\/417
|-weather|Sandstorm
|
|-weather|Sandstorm|[upkeep]
|-damage|p1a: Entei|349\/372|[from] sandstorm
|turn|3
|
|move|p1a: Entei|Sacred Fire|p2a: Happy
|-damage|p2a: Happy|245\/417
|move|p2a: Happy|Stealth Rock|p1a: Entei
|-sidestart|p1: HollowHead|move: Stealth Rock
|
|-weather|Sandstorm|[upkeep]
|-damage|p1a: Entei|326\/372|[from] sandstorm
|-heal|p2a: Happy|271\/417|[from] item: Leftovers
|turn|4
|
|move|p1a: Entei|Sacred Fire|p2a: Happy
|-damage|p2a: Happy|85\/417
|move|p2a: Happy|Slack Off|p2a: Happy
|-heal|p2a: Happy|294\/417
|
|-weather|Sandstorm|[upkeep]
|-damage|p1a: Entei|303\/372|[from] sandstorm
|-heal|p2a: Happy|320\/417|[from] item: Leftovers
|turn|5
|
|move|p1a: Entei|Sacred Fire|p2a: Happy
|-damage|p2a: Happy|142\/417
|-status|p2a: Happy|brn
|move|p2a: Happy|Slack Off|p2a: Happy
|-heal|p2a: Happy|351\/417 brn
|
|-weather|Sandstorm|[upkeep]
|-damage|p1a: Entei|280\/372|[from] sandstorm
|-heal|p2a: Happy|377\/417 brn|[from] item: Leftovers
|-damage|p2a: Happy|325\/417 brn|[from] brn
|turn|6
|
|switch|p2a: Pwny 'cause I pwn|Keldeo|324\/324
|move|p1a: Entei|Sacred Fire|p2a: Pwny 'cause I pwn
|-resisted|p2a: Pwny 'cause I pwn
|-damage|p2a: Pwny 'cause I pwn|168\/324
|
|-weather|none
|turn|7
|
|switch|p2a: Sunday Morning|Charizard, M|307\/307
|-formechange|p2a: Sunday Morning|Charizard-Mega-Y
|-weather|SunnyDay
|switch|p1a: Latias|Latias, F|250\/301
|-damage|p1a: Latias|213\/301|[from] Stealth Rock
|
|-weather|SunnyDay|[upkeep]
|-heal|p1a: Latias|231\/301|[from] item: Leftovers
|turn|8
|
|move|p1a: Latias|Defog|p2a: Sunday Morning
|-unboost|p2a: Sunday Morning|evasion|1
|-sideend|p1: HollowHead|Stealth Rock|[from] move: Defog|[of] p1a: Latias
|move|p2a: Sunday Morning|Fire Blast|p1a: Latias|[miss]
|-miss|p2a: Sunday Morning|p1a: Latias
|
|-weather|SunnyDay|[upkeep]
|-heal|p1a: Latias|249\/301|[from] item: Leftovers
|turn|9
|
|switch|p2a: Masamune|Aegislash, F, shiny|321\/321
|move|p1a: Latias|Draco Meteor|p2a: Masamune
|-resisted|p2a: Masamune
|-damage|p2a: Masamune|243\/321
|-unboost|p1a: Latias|spa|2
|
|-weather|SunnyDay|[upkeep]
|-heal|p1a: Latias|267\/301|[from] item: Leftovers
|-heal|p2a: Masamune|263\/321|[from] item: Leftovers
|turn|10
|
|-formechange|p2a: Masamune|Aegislash-Blade
|move|p2a: Masamune|Pursuit|p1a: Latias|[from]Pursuit
|-supereffective|p1a: Latias
|-damage|p1a: Latias|63\/301
|switch|p1a: Entei|Entei, shiny|280\/372
|-ability|p1a: Entei|Pressure
|
|-weather|SunnyDay|[upkeep]
|-heal|p2a: Masamune|283\/321|[from] item: Leftovers
|turn|11
|
|-formechange|p2a: Masamune|Aegislash
|move|p2a: Masamune|King's Shield|p2a: Masamune
|-singleturn|p2a: Masamune|Protect
|move|p1a: Entei|Sacred Fire|p2a: Masamune
|-activate|p2a: Masamune|Protect
|
|-weather|none
|-heal|p2a: Masamune|303\/321|[from] item: Leftovers
|turn|12
|
|switch|p1a: Blastoise|Blastoise, F|362\/362
|switch|p2a: Happy|Hippowdon, F|325\/417 brn
|-weather|Sandstorm
|
|-weather|Sandstorm|[upkeep]
|-damage|p1a: Blastoise|340\/362|[from] sandstorm
|-heal|p2a: Happy|351\/417 brn|[from] item: Leftovers
|-damage|p2a: Happy|299\/417 brn|[from] brn
|turn|13
|
|switch|p2a: Sunday Morning|Charizard, M|307\/307
|-formechange|p2a: Sunday Morning|Charizard-Mega-Y
|-weather|SunnyDay
|-formechange|p1a: Blastoise|Blastoise-Mega
|message|Blastoise has Mega Evolved into Mega Blastoise!
|move|p1a: Blastoise|Water Spout|p2a: Sunday Morning
|-supereffective|p2a: Sunday Morning
|-damage|p2a: Sunday Morning|67\/307
|
|-weather|SunnyDay|[upkeep]
|turn|14
|
|switch|p1a: Latias|Latias, F|63\/301
|move|p2a: Sunday Morning|Solar Beam|p1a: Latias|[still]
|-prepare|p2a: Sunday Morning|Solar Beam|p1a: Latias
|-anim|p2a: Sunday Morning|Solar Beam|p1a: Latias
|-resisted|p1a: Latias
|-damage|p1a: Latias|0 fnt
|faint|p1a: Latias
|
|-weather|SunnyDay|[upkeep]
|
|switch|p1a: Mamoswine|Mamoswine, M|362\/362
|turn|15
|
|switch|p2a: Pwny 'cause I pwn|Keldeo|168\/324
|move|p1a: Mamoswine|Ice Shard|p2a: Pwny 'cause I pwn
|-resisted|p2a: Pwny 'cause I pwn
|-damage|p2a: Pwny 'cause I pwn|132\/324
|
|-weather|SunnyDay|[upkeep]
|turn|16
|
|switch|p1a: Celebi|Celebi|396\/396
|move|p2a: Pwny 'cause I pwn|Secret Sword|p1a: Celebi
|-resisted|p1a: Celebi
|-damage|p1a: Celebi|291\/396
|
|-weather|SunnyDay|[upkeep]
|-heal|p1a: Celebi|315\/396|[from] item: Leftovers
|turn|17
|
|switch|p2a: Masamune|Aegislash, F, shiny|303\/321
|move|p1a: Celebi|Nasty Plot|p1a: Celebi
|-boost|p1a: Celebi|spa|2
|
|-weather|none
|-heal|p1a: Celebi|339\/396|[from] item: Leftovers
|-heal|p2a: Masamune|321\/321|[from] item: Leftovers
|turn|18
|
|move|p1a: Celebi|Baton Pass|p1a: Celebi
|
|switch|p1a: Blastoise|Blastoise, F|340\/362
|-formechange|p1a: Blastoise|Blastoise-Mega
|-formechange|p2a: Masamune|Aegislash-Blade
|move|p2a: Masamune|Shadow Ball|p1a: Blastoise
|-damage|p1a: Blastoise|193\/362
|
|turn|19
|
|move|p1a: Blastoise|Dark Pulse|p2a: Masamune
|-supereffective|p2a: Masamune
|-damage|p2a: Masamune|0 fnt
|faint|p2a: Masamune
|
|
|switch|p2a: Sunday Morning|Charizard, M|67\/307
|-formechange|p2a: Sunday Morning|Charizard-Mega-Y
|-weather|SunnyDay
|turn|20
|
|switch|p1a: Entei|Entei, shiny|280\/372
|-ability|p1a: Entei|Pressure
|move|p2a: Sunday Morning|Solar Beam|p1a: Entei|[still]
|-prepare|p2a: Sunday Morning|Solar Beam|p1a: Entei
|-anim|p2a: Sunday Morning|Solar Beam|p1a: Entei
|-resisted|p1a: Entei
|-damage|p1a: Entei|169\/372
|
|-weather|SunnyDay|[upkeep]
|turn|21
|
|move|p1a: Entei|Extreme Speed|p2a: Sunday Morning
|-damage|p2a: Sunday Morning|0 fnt
|faint|p2a: Sunday Morning
|
|-weather|SunnyDay|[upkeep]
|
|switch|p2a: SPAM!|Latios, M|299\/299
|turn|22
|
|move|p1a: Entei|Extreme Speed|p2a: SPAM!
|-damage|p2a: SPAM!|112\/299
|move|p2a: SPAM!|Earthquake|p1a: Entei
|-supereffective|p1a: Entei
|-damage|p1a: Entei|0 fnt
|-damage|p2a: SPAM!|83\/299|[from] item: Life Orb
|faint|p1a: Entei
|
|-weather|SunnyDay|[upkeep]
|
|switch|p1a: Mamoswine|Mamoswine, M|362\/362
|turn|23
|
|move|p2a: SPAM!|Draco Meteor|p1a: Mamoswine
|-enditem|p1a: Mamoswine|Focus Sash
|-damage|p1a: Mamoswine|1\/362
|-unboost|p2a: SPAM!|spa|2
|-damage|p2a: SPAM!|54\/299|[from] item: Life Orb
|move|p1a: Mamoswine|Stealth Rock|p2a: SPAM!
|-sidestart|p2: Pizza1|move: Stealth Rock
|
|-weather|SunnyDay|[upkeep]
|turn|24
|
|move|p1a: Mamoswine|Ice Shard|p2a: SPAM!
|-supereffective|p2a: SPAM!
|-damage|p2a: SPAM!|0 fnt
|faint|p2a: SPAM!
|
|-weather|none
|
|switch|p2a: Happy|Hippowdon, F|299\/417 brn
|-damage|p2a: Happy|273\/417 brn|[from] Stealth Rock
|-weather|Sandstorm
|turn|25
|
|move|p1a: Mamoswine|Icicle Crash|p2a: Happy
|-supereffective|p2a: Happy
|-damage|p2a: Happy|81\/417 brn
|move|p2a: Happy|Earthquake|p1a: Mamoswine
|-damage|p1a: Mamoswine|0 fnt
|faint|p1a: Mamoswine
|
|-weather|Sandstorm|[upkeep]
|-heal|p2a: Happy|107\/417 brn|[from] item: Leftovers
|-damage|p2a: Happy|55\/417 brn|[from] brn
|join|St.Dennis
|
|switch|p1a: Celebi|Celebi|339\/396
|turn|26
|
|move|p1a: Celebi|Giga Drain|p2a: Happy
|-supereffective|p2a: Happy
|-damage|p2a: Happy|0 fnt
|-heal|p1a: Celebi|367\/396|[from] drain|[of] p2a: Happy
|faint|p2a: Happy
|
|-weather|Sandstorm|[upkeep]
|-damage|p1a: Celebi|343\/396|[from] sandstorm
|-heal|p1a: Celebi|367\/396|[from] item: Leftovers
|
|switch|p2a: Raijin|Thundurus, M|304\/304
|-damage|p2a: Raijin|228\/304|[from] Stealth Rock
|turn|27
|
|switch|p1a: Blastoise|Blastoise, F|193\/362
|-formechange|p1a: Blastoise|Blastoise-Mega
|move|p2a: Raijin|Nasty Plot|p2a: Raijin
|-boost|p2a: Raijin|spa|2
|
|-weather|Sandstorm|[upkeep]
|-damage|p2a: Raijin|209\/304|[from] sandstorm
|-damage|p1a: Blastoise|171\/362|[from] sandstorm
|-heal|p2a: Raijin|228\/304|[from] item: Leftovers
|turn|28
|
|move|p2a: Raijin|Thunderbolt|p1a: Blastoise
|-supereffective|p1a: Blastoise
|-damage|p1a: Blastoise|0 fnt
|faint|p1a: Blastoise
|
|-weather|Sandstorm|[upkeep]
|-damage|p2a: Raijin|209\/304|[from] sandstorm
|-heal|p2a: Raijin|228\/304|[from] item: Leftovers
|
|switch|p1a: Bisharp|Bisharp, M, shiny|334\/334
|turn|29
|
|move|p2a: Raijin|Thunder Wave|p1a: Bisharp
|-status|p1a: Bisharp|par
|move|p1a: Bisharp|Sucker Punch|p2a: Raijin
|-fail|p2a: Raijin
|
|-weather|none
|-heal|p2a: Raijin|247\/304|[from] item: Leftovers
|turn|30
|
|move|p2a: Raijin|Nasty Plot|p2a: Raijin
|-boost|p2a: Raijin|spa|2
|cant|p1a: Bisharp|par
|
|-heal|p2a: Raijin|266\/304|[from] item: Leftovers
|turn|31
|
|move|p1a: Bisharp|Sucker Punch|p2a: Raijin
|-damage|p2a: Raijin|70\/304
|move|p2a: Raijin|Thunderbolt|p1a: Bisharp
|-damage|p1a: Bisharp|0 fnt
|faint|p1a: Bisharp
|
|-heal|p2a: Raijin|89\/304|[from] item: Leftovers
|
|switch|p1a: Celebi|Celebi|367\/396
|turn|32
|
|move|p2a: Raijin|Hidden Power|p1a: Celebi
|-supereffective|p1a: Celebi
|-damage|p1a: Celebi|0 fnt
|faint|p1a: Celebi
|
|win|Pizza1
|raw|Ladder updating...
|raw|HollowHead's rating: 1629 &rarr; <strong>1610<\/strong><br \/>(-19 for losing)
|raw|Pizza1's rating: 1647 &rarr; <strong>1666<\/strong><br \/>(+19 for winning)
|chat|Pizza1|gg
|chat|HollowHead|gg
|leave|HollowHead
|player|p1
|leave|Pizza1
|player|p2
|chat|St.Dennis|Watching as of now