|join|HollowHead
|join|DancingAtMidnight
|player|p1|HollowHead|80
|player|p2|DancingAtMidnight|102
|gametype|singles
|gen|6
|tier|OU
|rated
|clearpoke
|poke|p1|Venusaur, F
|poke|p1|Swampert, F
|poke|p1|Heatran, M
|poke|p1|Sylveon, F
|poke|p1|Dragonite, M
|poke|p1|Excadrill, F
|poke|p2|Excadrill, M
|poke|p2|Keldeo
|poke|p2|Talonflame, M
|poke|p2|Rotom-Wash
|poke|p2|Landorus, M
|poke|p2|Gardevoir, F, shiny
|rule|Baton Pass Clause: Limit 3 pokemon knowing Baton Pass
|rule|Sleep Clause Mod: Limit one foe put to sleep
|rule|Species Clause: Limit one of each Pokemon
|rule|OHKO Clause: OHKO moves are banned
|rule|Moody Clause: Moody is banned
|rule|Evasion Moves Clause: Evasion moves are banned
|rule|Endless Battle Clause: Forcing endless battles is banned
|rule|HP Percentage Mod: HP is reported as percentages
|teampreview
|
|start
|switch|p1a: Swampert|Swampert, F|404\/404
|switch|p2a: Scarlet|Gardevoir, F, shiny|277\/277
|-ability|p2a: Scarlet|Torrent|[from] ability: Trace|[of] p1a: Swampert
|turn|1
|
|move|p2a: Scarlet|Taunt|p1a: Swampert
|-start|p1a: Swampert|move: Taunt
|cant|p1a: Swampert|move: Taunt|Stealth Rock
|
|turn|2
|
|switch|p2a: Watson|Rotom-Wash|303\/303
|move|p1a: Swampert|Scald|p2a: Watson
|-resisted|p2a: Watson
|-damage|p2a: Watson|267\/303
|
|-heal|p2a: Watson|285\/303|[from] item: Leftovers
|turn|3
|leave|DancingAtMidnight
|player|p2
|join|DancingAtMidnight
|player|p2|DancingAtMidnight|102
|
|switch|p1a: Sylveon|Sylveon, F|394\/394
|move|p2a: Watson|Will-O-Wisp|p1a: Sylveon
|-status|p1a: Sylveon|brn
|
|-heal|p2a: Watson|303\/303|[from] item: Leftovers
|-damage|p1a: Sylveon|345\/394 brn|[from] brn
|turn|4
|
|move|p2a: Watson|Volt Switch|p1a: Sylveon
|-damage|p1a: Sylveon|296\/394 brn
|
|switch|p2a: Gale|Excadrill, M|361\/361
|-ability|p2a: Gale|Mold Breaker
|move|p1a: Sylveon|Heal Bell|p1a: Sylveon
|-cureteam|p1a: Sylveon|[from] move: HealBell
|
|-heal|p1a: Sylveon|320\/394|[from] item: Leftovers
|turn|5
|
|switch|p2a: Scarlet|Gardevoir, F, shiny|277\/277
|-ability|p2a: Scarlet|Pixilate|[from] ability: Trace|[of] p1a: Sylveon
|move|p1a: Sylveon|Protect|p1a: Sylveon
|-fail|p1a: Sylveon
|
|-heal|p1a: Sylveon|344\/394|[from] item: Leftovers
|turn|6
|
|detailschange|p2a: Scarlet|Gardevoir-Mega, F, shiny
|message|Gardevoir has Mega Evolved into Mega Gardevoir!
|move|p2a: Scarlet|Psyshock|p1a: Sylveon
|-damage|p1a: Sylveon|115\/394
|move|p1a: Sylveon|Hyper Voice|p2a: Scarlet
|-damage|p2a: Scarlet|160\/277
|
|-heal|p1a: Sylveon|139\/394|[from] item: Leftovers
|turn|7
|
|move|p1a: Sylveon|Protect|p1a: Sylveon
|-singleturn|p1a: Sylveon|Protect
|move|p2a: Scarlet|Hyper Voice|p1a: Sylveon
|-activate|p1a: Sylveon|Protect
|
|-heal|p1a: Sylveon|163\/394|[from] item: Leftovers
|turn|8
|
|switch|p1a: Heatran|Heatran, M|380\/380
|move|p2a: Scarlet|Taunt|p1a: Heatran
|-start|p1a: Heatran|move: Taunt
|
|turn|9
|
|switch|p2a: Watson|Rotom-Wash|303\/303
|move|p1a: Heatran|Flash Cannon|p2a: Watson
|-resisted|p2a: Watson
|-damage|p2a: Watson|265\/303
|-unboost|p2a: Watson|spd|1
|
|-heal|p2a: Watson|283\/303|[from] item: Leftovers
|turn|10
|
|move|p2a: Watson|Will-O-Wisp|p1a: Heatran
|-start|p1a: Heatran|ability: Flash Fire
|move|p1a: Heatran|Solar Beam|p2a: Watson|[still]
|-prepare|p1a: Heatran|Solar Beam|p2a: Watson
|-enditem|p1a: Heatran|Power Herb
|-anim|p1a: Heatran|Solar Beam|p2a: Watson
|-supereffective|p2a: Watson
|-damage|p2a: Watson|0 fnt
|faint|p2a: Watson
|
|chat|DancingAtMidnight|wow
|chat|DancingAtMidnight|:(
|
|switch|p2a: Zaraki|Landorus, M|319\/319
|turn|11
|
|switch|p1a: Dragonite|Dragonite, M|373\/373
|move|p2a: Zaraki|Stealth Rock|p1a: Dragonite
|-sidestart|p1: HollowHead|move: Stealth Rock
|
|turn|12
|chat|HollowHead|Very niche, but it works! :D
|
|switch|p2a: Aramis|Keldeo|323\/323
|move|p1a: Dragonite|Extreme Speed|p2a: Aramis
|-damage|p2a: Aramis|140\/323
|
|turn|13
|chat|DancingAtMidnight|yeah
|
|switch|p2a: Gale|Excadrill, M|361\/361
|-ability|p2a: Gale|Mold Breaker
|move|p1a: Dragonite|Extreme Speed|p2a: Gale
|-resisted|p2a: Gale
|-damage|p2a: Gale|237\/361
|
|turn|14
|chat|DancingAtMidnight|banded
|
|switch|p1a: Swampert|Swampert, F|404\/404
|-damage|p1a: Swampert|379\/404|[from] Stealth Rock
|move|p2a: Gale|Iron Head|p1a: Swampert
|-crit|p1a: Swampert
|-resisted|p1a: Swampert
|-damage|p1a: Swampert|305\/404
|
|-heal|p1a: Swampert|330\/404|[from] item: Leftovers
|turn|15
|chat|HollowHead|Don't know what you're talking about
|chat|DancingAtMidnight|:)
|
|switch|p2a: Scarlet|Gardevoir-Mega, F, shiny|160\/277
|move|p1a: Swampert|Stealth Rock|p2a: Scarlet
|-sidestart|p2: DancingAtMidnight|move: Stealth Rock
|
|-heal|p1a: Swampert|355\/404|[from] item: Leftovers
|turn|16
|
|move|p2a: Scarlet|Hyper Voice|p1a: Swampert
|-damage|p1a: Swampert|106\/404
|move|p1a: Swampert|Earthquake|p2a: Scarlet
|-crit|p2a: Scarlet
|-damage|p2a: Scarlet|0 fnt
|faint|p2a: Scarlet
|
|-heal|p1a: Swampert|131\/404|[from] item: Leftovers
|
|switch|p2a: Zaraki|Landorus, M|319\/319
|-damage|p2a: Zaraki|280\/319|[from] Stealth Rock
|turn|17
|
|move|p2a: Zaraki|Earth Power|p1a: Swampert
|-damage|p1a: Swampert|0 fnt
|faint|p1a: Swampert
|
|
|switch|p1a: Excadrill|Excadrill, F|362\/362
|-damage|p1a: Excadrill|351\/362|[from] Stealth Rock
|-ability|p1a: Excadrill|Mold Breaker
|-item|p1a: Excadrill|Air Balloon
|turn|18
|
|move|p2a: Zaraki|Superpower|p1a: Excadrill
|-supereffective|p1a: Excadrill
|-damage|p1a: Excadrill|0 fnt
|-enditem|p1a: Excadrill|Air Balloon
|-unboost|p2a: Zaraki|atk|1
|-unboost|p2a: Zaraki|def|1
|-damage|p2a: Zaraki|249\/319|[from] item: Life Orb
|faint|p1a: Excadrill
|
|
|switch|p1a: Dragonite|Dragonite, M|373\/373
|-damage|p1a: Dragonite|280\/373|[from] Stealth Rock
|turn|19
|chat|HollowHead|Nicheeee
|
|switch|p2a: Aramis|Keldeo|140\/323
|-damage|p2a: Aramis|120\/323|[from] Stealth Rock
|move|p1a: Dragonite|Extreme Speed|p2a: Aramis
|-damage|p2a: Aramis|0 fnt
|faint|p2a: Aramis
|
|
|switch|p2a: Gale|Excadrill, M|237\/361
|-damage|p2a: Gale|226\/361|[from] Stealth Rock
|-ability|p2a: Gale|Mold Breaker
|turn|20
|chat|DancingAtMidnight|your banded Dnite screws all my team
|chat|DancingAtMidnight|:(
|
|switch|p1a: Sylveon|Sylveon, F|163\/394
|-damage|p1a: Sylveon|114\/394|[from] Stealth Rock
|move|p2a: Gale|Rapid Spin|p1a: Sylveon
|-damage|p1a: Sylveon|82\/394
|-sideend|p2: DancingAtMidnight|Stealth Rock|[from] move: Rapid Spin|[of] p2a: Gale
|
|-heal|p1a: Sylveon|106\/394|[from] item: Leftovers
|turn|21
|
|move|p2a: Gale|Earthquake|p1a: Sylveon
|-damage|p1a: Sylveon|0 fnt
|faint|p1a: Sylveon
|
|
|switch|p1a: Venusaur|Venusaur, F|364\/364
|-damage|p1a: Venusaur|319\/364|[from] Stealth Rock
|turn|22
|
|switch|p2a: Zaraki|Landorus, M|249\/319
|detailschange|p1a: Venusaur|Venusaur-Mega, F
|message|Venusaur has Mega Evolved into Mega Venusaur!
|move|p1a: Venusaur|Giga Drain|p2a: Zaraki
|-damage|p2a: Zaraki|101\/319
|-heal|p1a: Venusaur|364\/364|[from] drain|[of] p2a: Zaraki
|
|turn|23
|
|move|p2a: Zaraki|Earth Power|p1a: Venusaur
|-damage|p1a: Venusaur|169\/364
|move|p1a: Venusaur|Giga Drain|p2a: Zaraki
|-damage|p2a: Zaraki|0 fnt
|-heal|p1a: Venusaur|220\/364|[from] drain|[of] p2a: Zaraki
|faint|p2a: Zaraki
|
|
|switch|p2a: Ace|Talonflame, M|297\/297
|turn|24
|
|move|p2a: Ace|U-turn|p1a: Venusaur
|-damage|p1a: Venusaur|151\/364
|
|switch|p2a: Gale|Excadrill, M|226\/361
|-ability|p2a: Gale|Mold Breaker
|move|p1a: Venusaur|Leech Seed|p2a: Gale
|-start|p2a: Gale|move: Leech Seed
|
|-damage|p2a: Gale|181\/361|[from] Leech Seed|[of] p1a: Venusaur
|-heal|p1a: Venusaur|196\/364|[silent]
|turn|25
|
|switch|p2a: Ace|Talonflame, M|297\/297
|move|p1a: Venusaur|Synthesis|p1a: Venusaur
|-heal|p1a: Venusaur|364\/364
|
|turn|26
|
|switch|p1a: Heatran|Heatran, M|380\/380
|-damage|p1a: Heatran|333\/380|[from] Stealth Rock
|move|p2a: Ace|Brave Bird|p1a: Heatran
|-resisted|p1a: Heatran
|-damage|p1a: Heatran|219\/380
|-damage|p2a: Ace|259\/297|[from] recoil|[of] p1a: Heatran
|
|turn|27
|
|move|p2a: Ace|Brave Bird|p1a: Heatran
|-resisted|p1a: Heatran
|-damage|p1a: Heatran|105\/380
|-damage|p2a: Ace|221\/297|[from] recoil|[of] p1a: Heatran
|move|p1a: Heatran|Fire Blast|p2a: Ace
|-resisted|p2a: Ace
|-damage|p2a: Ace|88\/297
|
|turn|28
|
|move|p2a: Ace|Brave Bird|p1a: Heatran
|-crit|p1a: Heatran
|-resisted|p1a: Heatran
|-damage|p1a: Heatran|0 fnt
|-damage|p2a: Ace|53\/297|[from] recoil|[of] p1a: Heatran
|faint|p1a: Heatran
|
|
|switch|p1a: Dragonite|Dragonite, M|280\/373
|-damage|p1a: Dragonite|187\/373|[from] Stealth Rock
|turn|29
|
|move|p1a: Dragonite|Extreme Speed|p2a: Ace
|-damage|p2a: Ace|0 fnt
|faint|p2a: Ace
|
|
|switch|p2a: Gale|Excadrill, M|181\/361
|-ability|p2a: Gale|Mold Breaker
|turn|30
|chat|HollowHead|gg friend.
|
|move|p1a: Dragonite|Extreme Speed|p2a: Gale
|-resisted|p2a: Gale
|-damage|p2a: Gale|68\/361
|move|p2a: Gale|Rock Slide|p1a: Dragonite
|-supereffective|p1a: Dragonite
|-damage|p1a: Dragonite|3\/373
|
|turn|31
|chat|DancingAtMidnight|gg
|chat|DancingAtMidnight|:(
|chat|HollowHead|It was banded.
|chat|HollowHead|:(
|chat|HollowHead|I lied to throw you off.
|chat|DancingAtMidnight|i knew from the start
|chat|DancingAtMidnight|and how the Rock slide did less than 50%
|chat|DancingAtMidnight|?
|chat|DancingAtMidnight|so bulky
|
|move|p1a: Dragonite|Extreme Speed|p2a: Gale
|-resisted|p2a: Gale
|-damage|p2a: Gale|0 fnt
|faint|p2a: Gale
|
|win|HollowHead
|raw|Ladder updating...
|raw|HollowHead's rating: 1769 &rarr; <strong>1790<\/strong><br \/>(+21 for winning)
|raw|DancingAtMidnight's rating: 1774 &rarr; <strong>1754<\/strong><br \/>(-20 for losing)
|chat|HollowHead|252 hp.
|chat|HollowHead|Well, 248.
|chat|DancingAtMidnight|i know this set
|chat|HollowHead|Anyway, gg, gg!
|chat|DancingAtMidnight|sstill surprised thou
|chat|DancingAtMidnight|gg
|leave|HollowHead
|player|p1