|join|HollowHead
|join|Gajeel-San
|player|p1|HollowHead|80
|player|p2|Gajeel-San|290
|gametype|singles
|gen|6
|tier|OU
|rated
|clearpoke
|poke|p1|Galvantula, F
|poke|p1|Sylveon, F
|poke|p1|Bisharp, M
|poke|p1|Charizard, M
|poke|p1|Trevenant, F
|poke|p1|Tentacruel, M
|poke|p2|Charizard, M, shiny
|poke|p2|Azumarill, M
|poke|p2|Landorus-Therian, M
|poke|p2|Thundurus, M
|poke|p2|Latios, M
|poke|p2|Tyranitar, M
|rule|Swagger Clause: Swagger is banned
|rule|Baton Pass Clause: Limit one PokÃ©mon knowing Baton Pass
|rule|Sleep Clause Mod: Limit one foe put to sleep
|rule|Species Clause: Limit one of each PokÃ©mon
|rule|OHKO Clause: OHKO moves are banned
|rule|Moody Clause: Moody is banned
|rule|Evasion Moves Clause: Evasion moves are banned
|rule|Endless Battle Clause: Forcing endless battles is banned
|rule|HP Percentage Mod: HP is shown in percentages
|teampreview
|
|start
|switch|p1a: Galvantula|Galvantula, F|281\/281
|switch|p2a: Kirin|Landorus-Therian, M|382\/382
|-ability|p2a: Kirin|Intimidate|[of] p1a: Galvantula
|-unboost|p1a: Galvantula|atk|1
|turn|1
|
|move|p1a: Galvantula|Hidden Power|p2a: Kirin
|-supereffective|p2a: Kirin
|-damage|p2a: Kirin|94\/382
|move|p2a: Kirin|Stealth Rock|p1a: Galvantula
|-sidestart|p1: HollowHead|move: Stealth Rock
|
|-heal|p2a: Kirin|117\/382|[from] item: Leftovers
|turn|2
|
|switch|p2a: Hi I'm Ass|Tyranitar, M|404\/404
|-weather|Sandstorm
|move|p1a: Galvantula|Sticky Web|p2a: Hi I'm Ass
|-sidestart|p2: Gajeel-San|move: Sticky Web
|
|-weather|Sandstorm|[upkeep]
|-damage|p1a: Galvantula|264\/281|[from] sandstorm
|turn|3
|
|move|p1a: Galvantula|Bug Buzz|p2a: Hi I'm Ass
|-supereffective|p2a: Hi I'm Ass
|-damage|p2a: Hi I'm Ass|314\/404
|move|p2a: Hi I'm Ass|Rock Slide|p1a: Galvantula
|-supereffective|p1a: Galvantula
|-damage|p1a: Galvantula|0 fnt
|faint|p1a: Galvantula
|
|-weather|Sandstorm|[upkeep]
|
|switch|p1a: Bisharp|Bisharp, M|272\/272
|-damage|p1a: Bisharp|255\/272|[from] Stealth Rock
|turn|4
|
|move|p1a: Bisharp|Iron Head|p2a: Hi I'm Ass
|-supereffective|p2a: Hi I'm Ass
|-damage|p2a: Hi I'm Ass|8\/404
|move|p2a: Hi I'm Ass|Earthquake|p1a: Bisharp
|-supereffective|p1a: Bisharp
|-damage|p1a: Bisharp|61\/272
|
|-weather|Sandstorm|[upkeep]
|turn|5
|
|move|p1a: Bisharp|Knock Off|p2a: Hi I'm Ass
|-resisted|p2a: Hi I'm Ass
|-damage|p2a: Hi I'm Ass|0 fnt
|-enditem|p2a: Hi I'm Ass|Assault Vest|[from] move: Knock Off|[of] p1a: Bisharp
|faint|p2a: Hi I'm Ass
|
|-weather|Sandstorm|[upkeep]
|
|switch|p2a: Drum Mah Belly|Azumarill, M|404\/404
|-activate|p2a: Drum Mah Belly|move: Sticky Web
|-unboost|p2a: Drum Mah Belly|spe|1
|turn|6
|
|move|p2a: Drum Mah Belly|Aqua Jet|p1a: Bisharp
|-damage|p1a: Bisharp|0 fnt
|faint|p1a: Bisharp
|
|-weather|none
|
|switch|p1a: Tentacruel|Tentacruel, M|361\/361
|-damage|p1a: Tentacruel|316\/361|[from] Stealth Rock
|turn|7
|
|move|p1a: Tentacruel|Sludge Bomb|p2a: Drum Mah Belly
|-supereffective|p2a: Drum Mah Belly
|-damage|p2a: Drum Mah Belly|194\/404
|-enditem|p2a: Drum Mah Belly|Sitrus Berry|[eat]
|-heal|p2a: Drum Mah Belly|295\/404|[from] item: Sitrus Berry
|move|p2a: Drum Mah Belly|Belly Drum|p2a: Drum Mah Belly
|-damage|p2a: Drum Mah Belly|93\/404
|-setboost|p2a: Drum Mah Belly|atk|6|[from] move: Belly Drum
|
|-heal|p1a: Tentacruel|338\/361|[from] item: Black Sludge
|turn|8
|
|move|p2a: Drum Mah Belly|Aqua Jet|p1a: Tentacruel
|-resisted|p1a: Tentacruel
|-damage|p1a: Tentacruel|173\/361
|move|p1a: Tentacruel|Sludge Bomb|p2a: Drum Mah Belly
|-supereffective|p2a: Drum Mah Belly
|-damage|p2a: Drum Mah Belly|0 fnt
|faint|p2a: Drum Mah Belly
|
|-heal|p1a: Tentacruel|195\/361|[from] item: Black Sludge
|
|switch|p2a: Dont Call Me Pata|Latios, M|301\/301
|turn|9
|
|move|p2a: Dont Call Me Pata|Psyshock|p1a: Tentacruel
|-crit|p1a: Tentacruel
|-supereffective|p1a: Tentacruel
|-damage|p1a: Tentacruel|0 fnt
|-damage|p2a: Dont Call Me Pata|271\/301|[from] item: Life Orb
|faint|p1a: Tentacruel
|
|
|switch|p1a: Sylveon|Sylveon, F|335\/335
|-damage|p1a: Sylveon|294\/335|[from] Stealth Rock
|turn|10
|
|switch|p2a: Kirin|Landorus-Therian, M|117\/382
|-ability|p2a: Kirin|Intimidate|[of] p1a: Sylveon
|-unboost|p1a: Sylveon|atk|1
|move|p1a: Sylveon|Hyper Voice|p2a: Kirin
|-damage|p2a: Kirin|0 fnt
|faint|p2a: Kirin
|
|
|switch|p2a: Drax|Charizard, M, shiny|297\/297
|turn|11
|
|move|p2a: Drax|Dragon Dance|p2a: Drax
|-boost|p2a: Drax|atk|1
|-boost|p2a: Drax|spe|1
|move|p1a: Sylveon|Hyper Voice|p2a: Drax
|-resisted|p2a: Drax
|-damage|p2a: Drax|115\/297
|
|turn|12
|
|detailschange|p2a: Drax|Charizard-Mega-X, M, shiny
|-mega|p2a: Drax|Charizard|Charizardite X
|move|p2a: Drax|Fire Punch|p1a: Sylveon
|-damage|p1a: Sylveon|0 fnt
|faint|p1a: Sylveon
|
|
|switch|p1a: Charizard|Charizard, M|359\/359
|-damage|p1a: Charizard|180\/359|[from] Stealth Rock
|turn|13
|c|âHollowHead|gg
|c|âGajeel-San|gg
|
|move|p2a: Drax|Dragon Claw|p1a: Charizard
|-damage|p1a: Charizard|0 fnt
|faint|p1a: Charizard
|
|
|switch|p1a: Trevenant|Trevenant, F|374\/374
|-damage|p1a: Trevenant|328\/374|[from] Stealth Rock
|turn|14
|
|move|p2a: Drax|Fire Punch|p1a: Trevenant
|-supereffective|p1a: Trevenant
|-damage|p1a: Trevenant|0 fnt
|faint|p1a: Trevenant
|
|win|Gajeel-San
|raw|Ladder updating...
|raw|HollowHead's rating: 1384 &rarr; <strong>1361<\/strong><br \/>(-23 for losing)
|raw|Gajeel-San's rating: 1327 &rarr; <strong>1350<\/strong><br \/>(+23 for winning)
|leave|HollowHead
|player|p1