|join|pumpkinhead
|join|HollowHead
|player|p1|pumpkinhead|284
|player|p2|HollowHead|1
|gametype|singles
|gen|6
|tier|OU
|rated
|clearpoke
|poke|p1|Togekiss, F
|poke|p1|Aegislash, M
|poke|p1|Charizard, M
|poke|p1|Rotom-Wash
|poke|p1|Gliscor, M
|poke|p1|Azumarill, M
|poke|p2|Galvantula, M
|poke|p2|Mew
|poke|p2|Hitmontop, M
|poke|p2|Gardevoir, F
|poke|p2|Dragonite, F
|poke|p2|Metagross
|rule|Sleep Clause Mod: Limit one foe put to sleep
|rule|Species Clause: Limit one of each Pokemon
|rule|OHKO Clause: OHKO moves are banned
|rule|Moody Clause: Moody is banned
|rule|Evasion Moves Clause: Evasion moves are banned
|rule|Endless Battle Clause: Forcing endless battles is banned.
|rule|HP Percentage Mod: HP is reported as percentages
|teampreview
|
|start
|switch|p1a: Aegislash|Aegislash, M|324\/324
|switch|p2a: Mew|Mew|404\/404
|turn|1
|
|move|p2a: Mew|Stealth Rock|p1a: Aegislash
|-sidestart|p1: pumpkinhead|move: Stealth Rock
|-formechange|p1a: Aegislash|Aegislash-Blade
|move|p1a: Aegislash|Shadow Ball|p2a: Mew
|-crit|p2a: Mew
|-supereffective|p2a: Mew
|-damage|p2a: Mew|86\/404
|
|-heal|p2a: Mew|111\/404|[from] item: Leftovers
|turn|2
|
|move|p1a: Aegislash|Shadow Sneak|p2a: Mew
|-supereffective|p2a: Mew
|-damage|p2a: Mew|0 fnt
|faint|p2a: Mew
|
|
|switch|p2a: Galvantula|Galvantula, M|281\/281
|turn|3
|
|move|p2a: Galvantula|Volt Switch|p1a: Aegislash
|-damage|p1a: Aegislash|152\/324
|
|switch|p2a: Hitmontop|Hitmontop, M|242\/242
|move|p1a: Aegislash|Shadow Ball|p2a: Hitmontop
|-damage|p2a: Hitmontop|83\/242
|
|turn|4
|
|move|p2a: Hitmontop|Sucker Punch|p1a: Aegislash
|-supereffective|p1a: Aegislash
|-damage|p1a: Aegislash|0 fnt
|-damage|p2a: Hitmontop|59\/242|[from] item: Life Orb
|faint|p1a: Aegislash
|
|
|switch|p1a: Togekiss|Togekiss, F|374\/374
|-damage|p1a: Togekiss|281\/374|[from] Stealth Rock
|turn|5
|
|switch|p2a: Galvantula|Galvantula, M|281\/281
|move|p1a: Togekiss|Defog|p2a: Galvantula
|-unboost|p2a: Galvantula|evasion|1
|-sideend|p1: pumpkinhead|Stealth Rock|[from] move: Defog|[of] p1a: Togekiss
|
|-heal|p1a: Togekiss|304\/374|[from] item: Leftovers
|turn|6
|
|switch|p1a: Gliscor|Gliscor, M|354\/354
|move|p2a: Galvantula|Thunder|p1a: Gliscor
|-immune|p1a: Gliscor|[msg]
|
|-status|p1a: Gliscor|tox|[from] item: Toxic Orb
|turn|7
|
|move|p2a: Galvantula|Sticky Web|p1a: Gliscor
|-sidestart|p1: pumpkinhead|move: Sticky Web
|move|p1a: Gliscor|Toxic|p2a: Galvantula
|-status|p2a: Galvantula|tox
|
|-damage|p2a: Galvantula|264\/281 tox|[from] psn
|turn|8
|
|switch|p2a: Hitmontop|Hitmontop, M|59\/242
|move|p1a: Gliscor|Earthquake|p2a: Hitmontop
|-damage|p2a: Hitmontop|0 fnt
|faint|p2a: Hitmontop
|
|
|switch|p2a: Gardevoir|Gardevoir, F|340\/340
|-ability|p2a: Gardevoir|Poison Heal|[from] ability: Trace|[of] p1a: Gliscor
|turn|9
|
|move|p1a: Gliscor|Earthquake|p2a: Gardevoir
|-damage|p2a: Gardevoir|207\/340
|move|p2a: Gardevoir|Calm Mind|p2a: Gardevoir
|-boost|p2a: Gardevoir|spa|1
|-boost|p2a: Gardevoir|spd|1
|
|turn|10
|
|-formechange|p2a: Gardevoir|Gardevoir-Mega
|message|Gardevoir has Mega Evolved into Mega Gardevoir!
|move|p1a: Gliscor|Earthquake|p2a: Gardevoir
|-damage|p2a: Gardevoir|57\/340
|move|p2a: Gardevoir|Hyper Voice|p1a: Gliscor
|-damage|p1a: Gliscor|0 fnt
|faint|p1a: Gliscor
|
|
|switch|p1a: Azumarill|Azumarill, M|404\/404
|-activate|p1a: Azumarill|move: Sticky Web
|-unboost|p1a: Azumarill|spe|1
|turn|11
|
|switch|p2a: Dragonite|Dragonite, F|386\/386
|move|p1a: Azumarill|Aqua Jet|p2a: Dragonite
|-crit|p2a: Dragonite
|-resisted|p2a: Dragonite
|-damage|p2a: Dragonite|339\/386
|
|turn|12
|
|switch|p1a: Rotom-Wash|Rotom-Wash|241\/241
|move|p2a: Dragonite|Extreme Speed|p1a: Rotom-Wash
|-damage|p1a: Rotom-Wash|79\/241
|
|turn|13
|
|move|p2a: Dragonite|Extreme Speed|p1a: Rotom-Wash
|-damage|p1a: Rotom-Wash|0 fnt
|faint|p1a: Rotom-Wash
|
|
|switch|p1a: Charizard|Charizard, M|298\/298
|turn|14
|
|-formechange|p1a: Charizard|Charizard-Mega-X
|message|Charizard has Mega Evolved into Mega Charizard!
|move|p2a: Dragonite|Extreme Speed|p1a: Charizard
|-damage|p1a: Charizard|144\/298
|move|p1a: Charizard|Dragon Claw|p2a: Dragonite
|-supereffective|p2a: Dragonite
|-damage|p2a: Dragonite|0 fnt
|faint|p2a: Dragonite
|
|
|switch|p2a: Gardevoir|Gardevoir, F|57\/340
|-formechange|p2a: Gardevoir|Gardevoir-Mega
|turn|15
|
|move|p1a: Charizard|Fire Punch|p2a: Gardevoir
|-damage|p2a: Gardevoir|0 fnt
|faint|p2a: Gardevoir
|
|
|switch|p2a: Galvantula|Galvantula, M|264\/281 tox
|turn|16
|
|move|p2a: Galvantula|Thunder|p1a: Charizard
|-resisted|p1a: Charizard
|-damage|p1a: Charizard|56\/298
|move|p1a: Charizard|Fire Punch|p2a: Galvantula
|-supereffective|p2a: Galvantula
|-damage|p2a: Galvantula|0 fnt
|faint|p2a: Galvantula
|
|chat|HollowHead|gg
|
|switch|p2a: Metagross|Metagross|364\/364
|turn|17
|chat|pumpkinhead|gg
|
|move|p1a: Charizard|Fire Punch|p2a: Metagross
|-supereffective|p2a: Metagross
|-damage|p2a: Metagross|76\/364
|move|p2a: Metagross|Earthquake|p1a: Charizard
|-supereffective|p1a: Charizard
|-damage|p1a: Charizard|0 fnt
|faint|p1a: Charizard
|
|chat|pumpkinhead|out of curiosity, was the dragonite weakness policy?
|
|switch|p1a: Togekiss|Togekiss, F|304\/374
|turn|18
|chat|HollowHead|Choice Band. Reason why it did so much to your Rotom.
|
|move|p1a: Togekiss|Air Slash|p2a: Metagross
|-resisted|p2a: Metagross
|-damage|p2a: Metagross|35\/364
|cant|p2a: Metagross|flinch
|
|-heal|p1a: Togekiss|327\/374|[from] item: Leftovers
|turn|19
|chat|pumpkinhead|ah
|
|move|p1a: Togekiss|Air Slash|p2a: Metagross
|-resisted|p2a: Metagross
|-damage|p2a: Metagross|1\/364
|cant|p2a: Metagross|flinch
|
|-heal|p1a: Togekiss|350\/374|[from] item: Leftovers
|turn|20
|
|move|p1a: Togekiss|Air Slash|p2a: Metagross|[miss]
|-miss|p1a: Togekiss|p2a: Metagross
|move|p2a: Metagross|Meteor Mash|p1a: Togekiss
|-supereffective|p1a: Togekiss
|-damage|p1a: Togekiss|0 fnt
|faint|p1a: Togekiss
|
|
|switch|p1a: Azumarill|Azumarill, M|404\/404
|-activate|p1a: Azumarill|move: Sticky Web
|-unboost|p1a: Azumarill|spe|1
|turn|21
|chat|HollowHead|At least a 1-0. :p
|
|move|p1a: Azumarill|Aqua Jet|p2a: Metagross
|-damage|p2a: Metagross|0 fnt
|faint|p2a: Metagross
|
|win|pumpkinhead
|raw|Ladder updating...
|raw|pumpkinhead's rating: 1430 &rarr; <strong>1453<\/strong><br \/>(+23 for winning)
|raw|HollowHead's rating: 1468 &rarr; <strong>1446<\/strong><br \/>(-22 for losing)
|chat|pumpkinhead|lol gg :p
|chat|HollowHead|gg!
|leave|HollowHead
|player|p2