|join|Amoonbro
|join|Kama Sutra
|player|p1|Amoonbro|102
|player|p2|Kama Sutra|79
|gametype|singles
|gen|6
|tier|OU
|rated
|clearpoke
|poke|p1|Chansey, F, shiny
|poke|p1|Skarmory, M, shiny
|poke|p1|Alomomola, F, shiny
|poke|p1|Amoonguss, F, shiny
|poke|p1|Quagsire, M, shiny
|poke|p1|Sableye, F, shiny
|poke|p2|Houndoom, M
|poke|p2|Toxicroak, M
|poke|p2|Latias, F
|poke|p2|Gliscor, M
|poke|p2|Jirachi
|poke|p2|Rotom-Wash
|rule|Swagger Clause: Swagger is banned
|rule|Baton Pass Clause: Limit one PokÃ©mon knowing Baton Pass
|rule|Sleep Clause Mod: Limit one foe put to sleep
|rule|Species Clause: Limit one of each PokÃ©mon
|rule|OHKO Clause: OHKO moves are banned
|rule|Moody Clause: Moody is banned
|rule|Evasion Moves Clause: Evasion moves are banned
|rule|Endless Battle Clause: Forcing endless battles is banned
|rule|HP Percentage Mod: HP is shown in percentages
|teampreview
|
|start
|switch|p1a: Not Mega|Sableye, F, shiny|304\/304
|switch|p2a: Gliscor|Gliscor, M|352\/352
|turn|1
|
|switch|p2a: Houndoom|Houndoom, M|301\/301
|detailschange|p1a: Not Mega|Sableye-Mega, F, shiny
|-mega|p1a: Not Mega|Sableye|Sablenite
|move|p1a: Not Mega|Will-O-Wisp|p2a: Houndoom
|-fail|p2a: Houndoom
|
|turn|2
|
|switch|p1a: Baby Blobby|Chansey, F, shiny|704\/704
|detailschange|p2a: Houndoom|Houndoom-Mega, M
|-mega|p2a: Houndoom|Houndoom|Houndoominite
|move|p2a: Houndoom|Nasty Plot|p2a: Houndoom
|-boost|p2a: Houndoom|spa|2
|
|turn|3
|
|move|p2a: Houndoom|Taunt|p1a: Baby Blobby
|-start|p1a: Baby Blobby|move: Taunt
|cant|p1a: Baby Blobby|move: Taunt|Toxic
|
|turn|4
|
|move|p2a: Houndoom|Dark Pulse|p1a: Baby Blobby
|-damage|p1a: Baby Blobby|509\/704
|move|p1a: Baby Blobby|Seismic Toss|p2a: Houndoom
|-damage|p2a: Houndoom|201\/301
|
|turn|5
|
|switch|p1a: Mr Blobby|Amoonguss, F, shiny|432\/432
|move|p2a: Houndoom|Fire Blast|p1a: Mr Blobby
|-supereffective|p1a: Mr Blobby
|-damage|p1a: Mr Blobby|0 fnt
|faint|p1a: Mr Blobby
|
|
|switch|p1a: Uncle Blobby|Quagsire, M, shiny|394\/394
|turn|6
|
|switch|p2a: Latias|Latias, F|319\/319
|move|p1a: Uncle Blobby|Earthquake|p2a: Latias
|-immune|p2a: Latias|[msg]
|
|turn|7
|
|switch|p2a: Toxicroak|Toxicroak, M|307\/307
|switch|p1a: Baby Blobby|Chansey, F, shiny|509\/704
|
|turn|8
|
|switch|p1a: Not Mega|Sableye-Mega, F, shiny|304\/304
|move|p2a: Toxicroak|Swords Dance|p2a: Toxicroak
|-boost|p2a: Toxicroak|atk|2
|
|turn|9
|
|move|p2a: Toxicroak|Gunk Shot|p1a: Not Mega
|-resisted|p1a: Not Mega
|-damage|p1a: Not Mega|162\/304
|-damage|p2a: Toxicroak|277\/307|[from] item: Life Orb
|move|p1a: Not Mega|Will-O-Wisp|p2a: Toxicroak
|-status|p2a: Toxicroak|brn
|
|-damage|p2a: Toxicroak|239\/307 brn|[from] brn
|turn|10
|
|switch|p2a: Gliscor|Gliscor, M|352\/352
|move|p1a: Not Mega|Recover|p1a: Not Mega
|-heal|p1a: Not Mega|304\/304
|
|-status|p2a: Gliscor|tox|[from] item: Toxic Orb
|turn|11
|
|move|p2a: Gliscor|Swords Dance|p2a: Gliscor
|-boost|p2a: Gliscor|atk|2
|move|p1a: Not Mega|Dark Pulse|p2a: Gliscor
|-damage|p2a: Gliscor|253\/352 tox
|
|-heal|p2a: Gliscor|297\/352 tox|[from] ability: Poison Heal
|turn|12
|
|switch|p1a: Uncle Blobby|Quagsire, M, shiny|394\/394
|move|p2a: Gliscor|Knock Off|p1a: Uncle Blobby
|-damage|p1a: Uncle Blobby|334\/394
|-enditem|p1a: Uncle Blobby|Leftovers|[from] move: Knock Off|[of] p2a: Gliscor
|
|-heal|p2a: Gliscor|341\/352 tox|[from] ability: Poison Heal
|turn|13
|
|switch|p2a: Toxicroak|Toxicroak, M|239\/307 brn
|move|p1a: Uncle Blobby|Scald|p2a: Toxicroak
|-heal|p2a: Toxicroak|307\/307 brn|[from] ability: Dry Skin|[of] p1a: Uncle Blobby
|
|-damage|p2a: Toxicroak|269\/307 brn|[from] brn
|turn|14
|
|switch|p2a: Rotom-Wash|Rotom-Wash|304\/304
|move|p1a: Uncle Blobby|Earthquake|p2a: Rotom-Wash
|-immune|p2a: Rotom-Wash|[msg]
|
|turn|15
|
|switch|p1a: Baby Blobby|Chansey, F, shiny|509\/704
|move|p2a: Rotom-Wash|Volt Switch|p1a: Baby Blobby
|-damage|p1a: Baby Blobby|448\/704
|
|switch|p2a: Houndoom|Houndoom-Mega, M|201\/301
|
|turn|16
|
|move|p2a: Houndoom|Nasty Plot|p2a: Houndoom
|-boost|p2a: Houndoom|spa|2
|move|p1a: Baby Blobby|Seismic Toss|p2a: Houndoom
|-damage|p2a: Houndoom|101\/301
|
|turn|17
|
|switch|p1a: Uncle Blobby|Quagsire, M, shiny|334\/394
|move|p2a: Houndoom|Dark Pulse|p1a: Uncle Blobby
|-damage|p1a: Uncle Blobby|126\/394
|
|turn|18
|
|move|p2a: Houndoom|Dark Pulse|p1a: Uncle Blobby
|-damage|p1a: Uncle Blobby|0 fnt
|faint|p1a: Uncle Blobby
|
|
|switch|p1a: Baby Blobby|Chansey, F, shiny|448\/704
|turn|19
|
|move|p2a: Houndoom|Fire Blast|p1a: Baby Blobby
|-damage|p1a: Baby Blobby|174\/704
|-status|p1a: Baby Blobby|brn
|move|p1a: Baby Blobby|Seismic Toss|p2a: Houndoom
|-damage|p2a: Houndoom|1\/301
|
|-damage|p1a: Baby Blobby|86\/704 brn|[from] brn
|turn|20
|
|move|p2a: Houndoom|Dark Pulse|p1a: Baby Blobby
|-damage|p1a: Baby Blobby|0 fnt
|faint|p1a: Baby Blobby
|
|
|switch|p1a: Not Mega|Sableye-Mega, F, shiny|304\/304
|turn|21
|
|move|p2a: Houndoom|Fire Blast|p1a: Not Mega
|-damage|p1a: Not Mega|0 fnt
|faint|p1a: Not Mega
|
|
|switch|p1a: Mrs Blobby|Alomomola, F, shiny|529\/529
|turn|22
|
|switch|p2a: Rotom-Wash|Rotom-Wash|304\/304
|move|p1a: Mrs Blobby|Scald|p2a: Rotom-Wash
|-resisted|p2a: Rotom-Wash
|-damage|p2a: Rotom-Wash|281\/304
|-status|p2a: Rotom-Wash|brn
|
|-heal|p2a: Rotom-Wash|300\/304 brn|[from] item: Leftovers
|-damage|p2a: Rotom-Wash|262\/304 brn|[from] brn
|turn|23
|
|move|p2a: Rotom-Wash|Will-O-Wisp|p1a: Mrs Blobby|[miss]
|-miss|p2a: Rotom-Wash|p1a: Mrs Blobby
|move|p1a: Mrs Blobby|Wish|p1a: Mrs Blobby
|
|-heal|p2a: Rotom-Wash|281\/304 brn|[from] item: Leftovers
|-damage|p2a: Rotom-Wash|243\/304 brn|[from] brn
|turn|24
|
|move|p1a: Mrs Blobby|Protect|p1a: Mrs Blobby
|-singleturn|p1a: Mrs Blobby|Protect
|move|p2a: Rotom-Wash|Will-O-Wisp|p1a: Mrs Blobby
|-activate|p1a: Mrs Blobby|Protect
|
|-heal|p2a: Rotom-Wash|262\/304 brn|[from] item: Leftovers
|-damage|p2a: Rotom-Wash|224\/304 brn|[from] brn
|turn|25
|
|move|p2a: Rotom-Wash|Will-O-Wisp|p1a: Mrs Blobby
|-status|p1a: Mrs Blobby|brn
|move|p1a: Mrs Blobby|Wish|p1a: Mrs Blobby
|
|-heal|p2a: Rotom-Wash|243\/304 brn|[from] item: Leftovers
|-damage|p2a: Rotom-Wash|205\/304 brn|[from] brn
|-damage|p1a: Mrs Blobby|463\/529 brn|[from] brn
|turn|26
|
|move|p2a: Rotom-Wash|Pain Split|p1a: Mrs Blobby
|-sethp|p1a: Mrs Blobby|334\/529 brn|p2a: Rotom-Wash|304\/304 brn|[from] move: Pain Split
|move|p1a: Mrs Blobby|Toxic|p2a: Rotom-Wash
|-fail|p2a: Rotom-Wash
|
|-heal|p1a: Mrs Blobby|529\/529 brn|[from] move: Wish|[wisher] Mrs Blobby
|-damage|p2a: Rotom-Wash|266\/304 brn|[from] brn
|-damage|p1a: Mrs Blobby|463\/529 brn|[from] brn
|turn|27
|-message|Amoonbro forfeited.
|leave|Amoonbro
|
|win|Kama Sutra
|raw|Ladder updating...
|player|p1
|raw|Amoonbro's rating: 1492 &rarr; <strong>1475<\/strong><br \/>(-17 for losing)
|raw|Kama Sutra's rating: 1540 &rarr; <strong>1558<\/strong><br \/>(+18 for winning)