|join|Amoonbro
|join|selufer87
|player|p1|Amoonbro|102
|player|p2|selufer87|2
|gametype|singles
|gen|6
|tier|OU
|rated
|clearpoke
|poke|p1|Chansey, F, shiny
|poke|p1|Skarmory, M, shiny
|poke|p1|Alomomola, M, shiny
|poke|p1|Amoonguss, F, shiny
|poke|p1|Quagsire, M, shiny
|poke|p1|Sableye, M, shiny
|poke|p2|Goodra, F
|poke|p2|Meganium, F
|poke|p2|Alakazam, M
|poke|p2|Quagsire, F
|poke|p2|Jirachi
|poke|p2|Sableye, M
|rule|Swagger Clause: Swagger is banned
|rule|Baton Pass Clause: Limit one PokÃ©mon knowing Baton Pass
|rule|Sleep Clause Mod: Limit one foe put to sleep
|rule|Species Clause: Limit one of each PokÃ©mon
|rule|OHKO Clause: OHKO moves are banned
|rule|Moody Clause: Moody is banned
|rule|Evasion Moves Clause: Evasion moves are banned
|rule|Endless Battle Clause: Forcing endless battles is banned
|rule|HP Percentage Mod: HP is shown in percentages
|teampreview
|
|start
|switch|p1a: Not Mega|Sableye, M, shiny|304\/304
|switch|p2a: Meganium|Meganium, F|364\/364
|turn|1
|
|detailschange|p1a: Not Mega|Sableye-Mega, M, shiny
|-mega|p1a: Not Mega|Sableye|Sablenite
|move|p2a: Meganium|Magic Coat|p2a: Meganium
|-singleturn|p2a: Meganium|move: Magic Coat
|move|p1a: Not Mega|Will-O-Wisp|p2a: Meganium
|move|p2a: Meganium|Will-O-Wisp|p1a: Not Mega|[from]Magic Coat
|-status|p1a: Not Mega|brn
|
|-damage|p1a: Not Mega|266\/304 brn|[from] brn
|turn|2
|
|switch|p2a: Sableye|Sableye, M|304\/304
|move|p1a: Not Mega|Will-O-Wisp|p2a: Sableye
|-status|p2a: Sableye|brn
|
|-damage|p2a: Sableye|266\/304 brn|[from] brn
|-damage|p1a: Not Mega|228\/304 brn|[from] brn
|turn|3
|
|detailschange|p2a: Sableye|Sableye-Mega, M
|-mega|p2a: Sableye|Sableye|Sablenite
|move|p2a: Sableye|Calm Mind|p2a: Sableye
|-boost|p2a: Sableye|spa|1
|-boost|p2a: Sableye|spd|1
|move|p1a: Not Mega|Recover|p1a: Not Mega
|-heal|p1a: Not Mega|304\/304 brn
|
|-damage|p2a: Sableye|228\/304 brn|[from] brn
|-damage|p1a: Not Mega|266\/304 brn|[from] brn
|turn|4
|
|switch|p1a: Mr Blobby|Amoonguss, F, shiny|432\/432
|move|p2a: Sableye|Shadow Ball|p1a: Mr Blobby
|-damage|p1a: Mr Blobby|332\/432
|
|-damage|p2a: Sableye|190\/304 brn|[from] brn
|turn|5
|
|move|p1a: Mr Blobby|Giga Drain|p2a: Sableye
|-damage|p2a: Sableye|145\/304 brn
|-heal|p1a: Mr Blobby|355\/432|[from] drain|[of] p2a: Sableye
|move|p2a: Sableye|Recover|p2a: Sableye
|-heal|p2a: Sableye|297\/304 brn
|
|-damage|p2a: Sableye|259\/304 brn|[from] brn
|turn|6
|
|switch|p2a: Jirachi|Jirachi|404\/404
|move|p1a: Mr Blobby|Giga Drain|p2a: Jirachi
|-resisted|p2a: Jirachi
|-damage|p2a: Jirachi|368\/404
|-heal|p1a: Mr Blobby|373\/432|[from] drain|[of] p2a: Jirachi
|
|-heal|p2a: Jirachi|393\/404|[from] item: Leftovers
|turn|7
|
|switch|p1a: Not Mega|Sableye-Mega, M, shiny|266\/304 brn
|move|p2a: Jirachi|Meteor Mash|p1a: Not Mega
|-damage|p1a: Not Mega|199\/304 brn
|-boost|p2a: Jirachi|atk|1
|
|-heal|p2a: Jirachi|404\/404|[from] item: Leftovers
|-damage|p1a: Not Mega|161\/304 brn|[from] brn
|turn|8
|
|move|p2a: Jirachi|Meteor Mash|p1a: Not Mega
|-damage|p1a: Not Mega|61\/304 brn
|-boost|p2a: Jirachi|atk|1
|move|p1a: Not Mega|Recover|p1a: Not Mega
|-heal|p1a: Not Mega|213\/304 brn
|
|-damage|p1a: Not Mega|175\/304 brn|[from] brn
|turn|9
|
|move|p2a: Jirachi|Meteor Mash|p1a: Not Mega
|-damage|p1a: Not Mega|19\/304 brn
|-boost|p2a: Jirachi|atk|1
|move|p1a: Not Mega|Recover|p1a: Not Mega
|-heal|p1a: Not Mega|171\/304 brn
|
|-damage|p1a: Not Mega|133\/304 brn|[from] brn
|turn|10
|
|switch|p1a: Uncle Blobby|Quagsire, M, shiny|394\/394
|move|p2a: Jirachi|Meteor Mash|p1a: Uncle Blobby|[miss]
|-miss|p2a: Jirachi|p1a: Uncle Blobby
|
|turn|11
|
|move|p2a: Jirachi|Stealth Rock|p1a: Uncle Blobby
|-sidestart|p1: Amoonbro|move: Stealth Rock
|move|p1a: Uncle Blobby|Haze|p1a: Uncle Blobby
|-clearallboost
|
|turn|12
|
|switch|p1a: Fuck Magnezone|Skarmory, M, shiny|334\/334
|-damage|p1a: Fuck Magnezone|293\/334|[from] Stealth Rock
|move|p2a: Jirachi|U-turn|p1a: Fuck Magnezone
|-resisted|p1a: Fuck Magnezone
|-damage|p1a: Fuck Magnezone|285\/334
|
|switch|p2a: Alakazam|Alakazam, M|252\/252
|
|turn|13
|
|switch|p1a: Baby Blobby|Chansey, F, shiny|704\/704
|-damage|p1a: Baby Blobby|616\/704|[from] Stealth Rock
|move|p2a: Alakazam|Psychic|p1a: Baby Blobby
|-damage|p1a: Baby Blobby|513\/704
|
|turn|14
|
|move|p2a: Alakazam|Rain Dance|p2a: Alakazam
|-weather|RainDance
|move|p1a: Baby Blobby|Soft-Boiled|p1a: Baby Blobby
|-heal|p1a: Baby Blobby|704\/704
|
|-weather|RainDance|[upkeep]
|turn|15
|
|move|p1a: Baby Blobby|Toxic|p2a: Alakazam
|-status|p2a: Alakazam|tox
|move|p2a: Alakazam|Trick Room|p2a: Alakazam
|-fieldstart|move: Trick Room|[of] p2a: Alakazam
|
|-weather|RainDance|[upkeep]
|-damage|p2a: Alakazam|237\/252 tox|[from] psn
|turn|16
|
|switch|p2a: Goodra|Goodra, F|384\/384
|move|p1a: Baby Blobby|Seismic Toss|p2a: Goodra
|-damage|p2a: Goodra|284\/384
|
|-weather|RainDance|[upkeep]
|-heal|p2a: Goodra|308\/384|[from] item: Leftovers
|turn|17
|
|move|p1a: Baby Blobby|Toxic|p2a: Goodra
|-status|p2a: Goodra|tox
|move|p2a: Goodra|Curse|p2a: Goodra
|-boost|p2a: Goodra|atk|1
|-boost|p2a: Goodra|def|1
|-unboost|p2a: Goodra|spe|1
|
|-weather|RainDance|[upkeep]
|-curestatus|p2a: Goodra|tox
|-heal|p2a: Goodra|332\/384|[from] item: Leftovers
|turn|18
|
|switch|p1a: Uncle Blobby|Quagsire, M, shiny|394\/394
|-damage|p1a: Uncle Blobby|370\/394|[from] Stealth Rock
|move|p2a: Goodra|Curse|p2a: Goodra
|-boost|p2a: Goodra|atk|1
|-boost|p2a: Goodra|def|1
|-unboost|p2a: Goodra|spe|1
|
|-weather|none
|-heal|p2a: Goodra|356\/384|[from] item: Leftovers
|-heal|p1a: Uncle Blobby|394\/394|[from] item: Leftovers
|turn|19
|
|move|p2a: Goodra|Outrage|p1a: Uncle Blobby
|-damage|p1a: Uncle Blobby|261\/394
|move|p1a: Uncle Blobby|Scald|p2a: Goodra
|-resisted|p2a: Goodra
|-damage|p2a: Goodra|332\/384
|-status|p2a: Goodra|brn
|
|-heal|p2a: Goodra|356\/384 brn|[from] item: Leftovers
|-heal|p1a: Uncle Blobby|285\/394|[from] item: Leftovers
|-damage|p2a: Goodra|308\/384 brn|[from] brn
|-fieldend|move: Trick Room
|turn|20
|
|move|p1a: Uncle Blobby|Recover|p1a: Uncle Blobby
|-heal|p1a: Uncle Blobby|394\/394
|move|p2a: Goodra|Outrage|p1a: Uncle Blobby
|-damage|p1a: Uncle Blobby|336\/394
|
|-end|p2a: Goodra|rampage
|-start|p2a: Goodra|confusion
|-heal|p1a: Uncle Blobby|360\/394|[from] item: Leftovers
|-heal|p2a: Goodra|332\/384 brn|[from] item: Leftovers
|-damage|p2a: Goodra|284\/384 brn|[from] brn
|turn|21
|
|switch|p2a: Meganium|Meganium, F|364\/364
|move|p1a: Uncle Blobby|Scald|p2a: Meganium
|-resisted|p2a: Meganium
|-damage|p2a: Meganium|328\/364
|-status|p2a: Meganium|brn
|
|-heal|p1a: Uncle Blobby|384\/394|[from] item: Leftovers
|-damage|p2a: Meganium|283\/364 brn|[from] brn
|turn|22
|
|switch|p1a: Mr Blobby|Amoonguss, F, shiny|432\/432
|-damage|p1a: Mr Blobby|378\/432|[from] Stealth Rock
|move|p2a: Meganium|Dragon Tail|p1a: Mr Blobby
|-damage|p1a: Mr Blobby|361\/432
|drag|p1a: Baby Blobby|Chansey, F, shiny|704\/704
|-damage|p1a: Baby Blobby|616\/704|[from] Stealth Rock
|
|-damage|p2a: Meganium|238\/364 brn|[from] brn
|turn|23
|
|switch|p1a: Mr Blobby|Amoonguss, F, shiny|432\/432
|-damage|p1a: Mr Blobby|378\/432|[from] Stealth Rock
|move|p2a: Meganium|Dragon Tail|p1a: Mr Blobby
|-damage|p1a: Mr Blobby|360\/432
|drag|p1a: Fuck Magnezone|Skarmory, M, shiny|285\/334
|-damage|p1a: Fuck Magnezone|244\/334|[from] Stealth Rock
|
|-damage|p2a: Meganium|193\/364 brn|[from] brn
|turn|24
|
|move|p2a: Meganium|Magic Coat|p2a: Meganium
|-singleturn|p2a: Meganium|move: Magic Coat
|move|p1a: Fuck Magnezone|Defog|p2a: Meganium
|move|p2a: Meganium|Defog|p1a: Fuck Magnezone|[from]Magic Coat
|-unboost|p1a: Fuck Magnezone|evasion|1
|-sideend|p1: Amoonbro|Stealth Rock|[from] move: Defog|[of] p1a: Fuck Magnezone
|
|-damage|p2a: Meganium|148\/364 brn|[from] brn
|-enditem|p2a: Meganium|Sitrus Berry|[eat]
|-heal|p2a: Meganium|239\/364 brn|[from] item: Sitrus Berry
|turn|25
|
|switch|p1a: Mr Blobby|Amoonguss, F, shiny|432\/432
|move|p2a: Meganium|Dragon Tail|p1a: Mr Blobby|[miss]
|-miss|p2a: Meganium|p1a: Mr Blobby
|
|-damage|p2a: Meganium|194\/364 brn|[from] brn
|turn|26
|
|move|p1a: Mr Blobby|Hidden Power|p2a: Meganium
|-supereffective|p2a: Meganium
|-damage|p2a: Meganium|108\/364 brn
|move|p2a: Meganium|Dragon Tail|p1a: Mr Blobby
|-damage|p1a: Mr Blobby|415\/432
|drag|p1a: Uncle Blobby|Quagsire, M, shiny|384\/394
|
|-heal|p1a: Uncle Blobby|394\/394|[from] item: Leftovers
|-damage|p2a: Meganium|63\/364 brn|[from] brn
|turn|27
|
|switch|p2a: Jirachi|Jirachi|404\/404
|switch|p1a: Mr Blobby|Amoonguss, F, shiny|432\/432
|
|turn|28
|join|bikarp
|
|switch|p1a: Mrs Blobby|Alomomola, M, shiny|529\/529
|move|p2a: Jirachi|Wish|p2a: Jirachi
|
|turn|29
|
|move|p2a: Jirachi|U-turn|p1a: Mrs Blobby
|-damage|p1a: Mrs Blobby|483\/529
|
|switch|p2a: Meganium|Meganium, F|63\/364 brn
|move|p1a: Mrs Blobby|Wish|p1a: Mrs Blobby
|
|-heal|p2a: Meganium|265\/364 brn|[from] move: Wish|[wisher] Jirachi
|-heal|p1a: Mrs Blobby|516\/529|[from] item: Leftovers
|-damage|p2a: Meganium|220\/364 brn|[from] brn
|turn|30
|
|switch|p2a: Jirachi|Jirachi|404\/404
|switch|p1a: Mr Blobby|Amoonguss, F, shiny|432\/432
|
|turn|31
|
|switch|p1a: Mrs Blobby|Alomomola, M, shiny|529\/529
|move|p2a: Jirachi|Meteor Mash|p1a: Mrs Blobby
|-resisted|p1a: Mrs Blobby
|-damage|p1a: Mrs Blobby|481\/529
|
|-heal|p1a: Mrs Blobby|514\/529|[from] item: Leftovers
|turn|32
|
|move|p2a: Jirachi|Wish|p2a: Jirachi
|move|p1a: Mrs Blobby|Wish|p1a: Mrs Blobby
|
|-heal|p1a: Mrs Blobby|529\/529|[from] item: Leftovers
|turn|33
|
|switch|p1a: Not Mega|Sableye-Mega, M, shiny|133\/304 brn
|move|p2a: Jirachi|Stealth Rock|p1a: Not Mega
|move|p1a: Not Mega|Stealth Rock|p2a: Jirachi|[from]Magic Bounce
|-sidestart|p2: selufer87|move: Stealth Rock
|
|-heal|p1a: Not Mega|304\/304 brn|[from] move: Wish|[wisher] Mrs Blobby
|-damage|p1a: Not Mega|266\/304 brn|[from] brn
|turn|34
|
|move|p2a: Jirachi|U-turn|p1a: Not Mega
|-damage|p1a: Not Mega|226\/304 brn
|
|switch|p2a: Goodra|Goodra, F|284\/384 brn
|-damage|p2a: Goodra|236\/384 brn|[from] Stealth Rock
|move|p1a: Not Mega|Knock Off|p2a: Goodra
|-damage|p2a: Goodra|176\/384 brn
|-enditem|p2a: Goodra|Leftovers|[from] move: Knock Off|[of] p1a: Not Mega
|
|-damage|p2a: Goodra|128\/384 brn|[from] brn
|-damage|p1a: Not Mega|188\/304 brn|[from] brn
|turn|35
|
|switch|p1a: Mrs Blobby|Alomomola, M, shiny|529\/529
|move|p2a: Goodra|Outrage|p1a: Mrs Blobby
|-damage|p1a: Mrs Blobby|465\/529
|
|-heal|p1a: Mrs Blobby|498\/529|[from] item: Leftovers
|-damage|p2a: Goodra|80\/384 brn|[from] brn
|turn|36
|-message|selufer87 forfeited.
|
|win|Amoonbro
|raw|Ladder updating...
|leave|selufer87
|player|p2
|raw|Amoonbro's rating: 1223 &rarr; <strong>1253<\/strong><br \/>(+30 for winning)
|raw|selufer87's rating: 1289 &rarr; <strong>1259<\/strong><br \/>(-30 for losing)
|leave|bikarp