|join|subzeromkx
|join|Amoonbro
|player|p1|subzeromkx|20
|player|p2|Amoonbro|1
|gametype|singles
|gen|6
|tier|OU
|rated
|clearpoke
|poke|p1|Celebi
|poke|p1|Gardevoir, F
|poke|p1|Bisharp, M
|poke|p1|Azumarill, F
|poke|p1|Latias, F
|poke|p1|Garchomp, M
|poke|p2|Chansey, F, shiny
|poke|p2|Skarmory, M, shiny
|poke|p2|Alomomola, F, shiny
|poke|p2|Amoonguss, M, shiny
|poke|p2|Quagsire, F, shiny
|poke|p2|Sableye, M, shiny
|rule|Swagger Clause: Swagger is banned
|rule|Baton Pass Clause: Limit one PokÃ©mon knowing Baton Pass
|rule|Sleep Clause Mod: Limit one foe put to sleep
|rule|Species Clause: Limit one of each PokÃ©mon
|rule|OHKO Clause: OHKO moves are banned
|rule|Moody Clause: Moody is banned
|rule|Evasion Moves Clause: Evasion moves are banned
|rule|Endless Battle Clause: Forcing endless battles is banned
|rule|HP Percentage Mod: HP is shown in percentages
|teampreview
|
|start
|switch|p1a: Gardevoir|Gardevoir, F|314\/314
|switch|p2a: Baby Blobby|Chansey, F, shiny|704\/704
|-ability|p1a: Gardevoir|Natural Cure|[from] ability: Trace|[of] p2a: Baby Blobby
|turn|1
|
|switch|p1a: Kisame|Garchomp, M|420\/420
|move|p2a: Baby Blobby|Seismic Toss|p1a: Kisame
|-damage|p1a: Kisame|320\/420
|-damage|p2a: Baby Blobby|616\/704|[from] ability: Rough Skin|[of] p1a: Kisame
|-damage|p2a: Baby Blobby|499\/704|[from] item: Rocky Helmet|[of] p1a: Kisame
|
|turn|2
|
|move|p1a: Kisame|Stealth Rock|p2a: Baby Blobby
|-sidestart|p2: Amoonbro|move: Stealth Rock
|move|p2a: Baby Blobby|Soft-Boiled|p2a: Baby Blobby
|-heal|p2a: Baby Blobby|704\/704
|
|turn|3
|
|switch|p2a: Fuck Magnezone|Skarmory, M, shiny|334\/334
|-damage|p2a: Fuck Magnezone|293\/334|[from] Stealth Rock
|move|p1a: Kisame|Earthquake|p2a: Fuck Magnezone
|-immune|p2a: Fuck Magnezone|[msg]
|
|turn|4
|
|move|p1a: Kisame|Fire Blast|p2a: Fuck Magnezone
|-supereffective|p2a: Fuck Magnezone
|-damage|p2a: Fuck Magnezone|87\/334
|move|p2a: Fuck Magnezone|Defog|p1a: Kisame
|-unboost|p1a: Kisame|evasion|1
|-sideend|p2: Amoonbro|Stealth Rock|[from] move: Defog|[of] p2a: Fuck Magnezone
|
|turn|5
|
|switch|p2a: Not Mega|Sableye, M, shiny|304\/304
|move|p1a: Kisame|Stealth Rock|p2a: Not Mega
|-sidestart|p2: Amoonbro|move: Stealth Rock
|
|turn|6
|
|switch|p1a: Celebi|Celebi|403\/403
|detailschange|p2a: Not Mega|Sableye-Mega, M, shiny
|-mega|p2a: Not Mega|Sableye|Sablenite
|move|p2a: Not Mega|Knock Off|p1a: Celebi
|-supereffective|p1a: Celebi
|-damage|p1a: Celebi|211\/403
|-enditem|p1a: Celebi|Leftovers|[from] move: Knock Off|[of] p2a: Not Mega
|
|turn|7
|
|move|p1a: Celebi|Giga Drain|p2a: Not Mega
|-damage|p2a: Not Mega|225\/304
|-heal|p1a: Celebi|251\/403|[from] drain|[of] p2a: Not Mega
|move|p2a: Not Mega|Toxic|p1a: Celebi
|-status|p1a: Celebi|tox
|
|-damage|p1a: Celebi|226\/403 tox|[from] psn
|turn|8
|
|switch|p1a: Gardevoir|Gardevoir, F|314\/314
|-ability|p1a: Gardevoir|Magic Bounce|[from] ability: Trace|[of] p2a: Not Mega
|move|p2a: Not Mega|Toxic|p1a: Gardevoir
|move|p1a: Gardevoir|Toxic|p2a: Not Mega|[from]Magic Bounce
|-status|p2a: Not Mega|tox
|
|-damage|p2a: Not Mega|206\/304 tox|[from] psn
|turn|9
|-message|Amoonbro forfeited.
|
|win|subzeromkx
|raw|Ladder updating...
|c|âsubzeromkx|hahahahaha
|raw|subzeromkx's rating: 1774 &rarr; <strong>1784<\/strong><br \/>(+10 for winning)
|raw|Amoonbro's rating: 1571 &rarr; <strong>1561<\/strong><br \/>(-10 for losing)
|leave|Amoonbro
|player|p2