|join|Amoonbro
|join|Browneskiii
|player|p1|Amoonbro|1
|player|p2|Browneskiii|2
|gametype|singles
|gen|6
|tier|OU
|rated
|clearpoke
|poke|p1|Chansey, F, shiny
|poke|p1|Skarmory, F, shiny
|poke|p1|Alomomola, M, shiny
|poke|p1|Amoonguss, F, shiny
|poke|p1|Quagsire, F, shiny
|poke|p1|Sableye, F, shiny
|poke|p2|Gyarados, F
|poke|p2|Latias, F
|poke|p2|Raikou
|poke|p2|Landorus-Therian, M
|poke|p2|Talonflame, F
|poke|p2|Sylveon, F
|rule|Swagger Clause: Swagger is banned
|rule|Baton Pass Clause: Limit one PokÃ©mon knowing Baton Pass
|rule|Sleep Clause Mod: Limit one foe put to sleep
|rule|Species Clause: Limit one of each PokÃ©mon
|rule|OHKO Clause: OHKO moves are banned
|rule|Moody Clause: Moody is banned
|rule|Evasion Moves Clause: Evasion moves are banned
|rule|Endless Battle Clause: Forcing endless battles is banned
|rule|HP Percentage Mod: HP is shown in percentages
|teampreview
|c|âBrowneskiii|well i'm ready to cry right now
|
|start
|switch|p1a: Not Mega|Sableye, F, shiny|304\/304
|switch|p2a: Raikou|Raikou|321\/321
|-ability|p2a: Raikou|Pressure
|turn|1
|
|detailschange|p1a: Not Mega|Sableye-Mega, F, shiny
|-mega|p1a: Not Mega|Sableye|Sablenite
|move|p1a: Not Mega|Toxic|p2a: Raikou|[miss]
|-miss|p1a: Not Mega|p2a: Raikou
|move|p2a: Raikou|Volt Switch|p1a: Not Mega
|-damage|p1a: Not Mega|207\/304
|
|switch|p2a: Sylveon|Sylveon, F|371\/371
|
|turn|2
|join|prob gonna lose
|
|switch|p1a: Baby Blobby|Chansey, F, shiny|704\/704
|move|p2a: Sylveon|Baton Pass|p2a: Sylveon
|
|switch|p2a: Landorus-Therian|Landorus-Therian, M|381\/381
|-ability|p2a: Landorus-Therian|Intimidate|[of] p1a: Baby Blobby
|-unboost|p1a: Baby Blobby|atk|1
|
|turn|3
|
|switch|p1a: Fuck Magnezone|Skarmory, F, shiny|334\/334
|move|p2a: Landorus-Therian|Knock Off|p1a: Fuck Magnezone
|-damage|p1a: Fuck Magnezone|249\/334
|-enditem|p1a: Fuck Magnezone|Shed Shell|[from] move: Knock Off|[of] p2a: Landorus-Therian
|
|turn|4
|
|switch|p2a: Raikou|Raikou|321\/321
|-ability|p2a: Raikou|Pressure
|switch|p1a: Not Mega|Sableye-Mega, F, shiny|207\/304
|
|turn|5
|
|switch|p1a: Mr Blobby|Amoonguss, F, shiny|432\/432
|move|p2a: Raikou|Volt Switch|p1a: Mr Blobby
|-resisted|p1a: Mr Blobby
|-damage|p1a: Mr Blobby|384\/432
|
|switch|p2a: Gyarados|Gyarados, F|331\/331
|-ability|p2a: Gyarados|Intimidate|[of] p1a: Mr Blobby
|-unboost|p1a: Mr Blobby|atk|1
|
|turn|6
|
|move|p2a: Gyarados|Substitute|p2a: Gyarados
|-start|p2a: Gyarados|Substitute
|-damage|p2a: Gyarados|249\/331
|move|p1a: Mr Blobby|Foul Play|p2a: Gyarados
|-end|p2a: Gyarados|Substitute
|
|turn|7
|
|switch|p2a: Latias|Latias, F|301\/301
|move|p1a: Mr Blobby|Foul Play|p2a: Latias
|-supereffective|p2a: Latias
|-damage|p2a: Latias|173\/301
|
|turn|8
|
|switch|p1a: Baby Blobby|Chansey, F, shiny|704\/704
|move|p2a: Latias|Psyshock|p1a: Baby Blobby
|-damage|p1a: Baby Blobby|488\/704
|-damage|p2a: Latias|143\/301|[from] item: Life Orb
|
|turn|9
|
|switch|p2a: Landorus-Therian|Landorus-Therian, M|381\/381
|-ability|p2a: Landorus-Therian|Intimidate|[of] p1a: Baby Blobby
|-unboost|p1a: Baby Blobby|atk|1
|move|p1a: Baby Blobby|Soft-Boiled|p1a: Baby Blobby
|-heal|p1a: Baby Blobby|704\/704
|
|turn|10
|
|switch|p1a: Not Mega|Sableye-Mega, F, shiny|207\/304
|move|p2a: Landorus-Therian|U-turn|p1a: Not Mega
|-damage|p1a: Not Mega|150\/304
|
|switch|p2a: Sylveon|Sylveon, F|371\/371
|
|turn|11
|
|switch|p1a: Baby Blobby|Chansey, F, shiny|704\/704
|move|p2a: Sylveon|Hyper Voice|p1a: Baby Blobby
|-damage|p1a: Baby Blobby|530\/704
|
|turn|12
|
|switch|p2a: Landorus-Therian|Landorus-Therian, M|381\/381
|-ability|p2a: Landorus-Therian|Intimidate|[of] p1a: Baby Blobby
|-unboost|p1a: Baby Blobby|atk|1
|move|p1a: Baby Blobby|Soft-Boiled|p1a: Baby Blobby
|-heal|p1a: Baby Blobby|704\/704
|
|turn|13
|
|switch|p1a: Mrs Blobby|Alomomola, M, shiny|529\/529
|move|p2a: Landorus-Therian|Earthquake|p1a: Mrs Blobby
|-damage|p1a: Mrs Blobby|327\/529
|
|-heal|p1a: Mrs Blobby|360\/529|[from] item: Leftovers
|turn|14
|
|move|p2a: Landorus-Therian|Stealth Rock|p1a: Mrs Blobby
|-sidestart|p1: Amoonbro|move: Stealth Rock
|move|p1a: Mrs Blobby|Wish|p1a: Mrs Blobby
|
|-heal|p1a: Mrs Blobby|393\/529|[from] item: Leftovers
|turn|15
|
|switch|p1a: Not Mega|Sableye-Mega, F, shiny|150\/304
|-damage|p1a: Not Mega|112\/304|[from] Stealth Rock
|move|p2a: Landorus-Therian|Knock Off|p1a: Not Mega
|-damage|p1a: Not Mega|52\/304
|
|-heal|p1a: Not Mega|304\/304|[from] move: Wish|[wisher] Mrs Blobby
|turn|16
|
|move|p2a: Landorus-Therian|Earthquake|p1a: Not Mega
|-damage|p1a: Not Mega|153\/304
|move|p1a: Not Mega|Will-O-Wisp|p2a: Landorus-Therian
|-status|p2a: Landorus-Therian|brn
|
|-damage|p2a: Landorus-Therian|334\/381 brn|[from] brn
|turn|17
|
|move|p2a: Landorus-Therian|U-turn|p1a: Not Mega
|-damage|p1a: Not Mega|123\/304
|
|switch|p2a: Sylveon|Sylveon, F|371\/371
|move|p1a: Not Mega|Recover|p1a: Not Mega
|-heal|p1a: Not Mega|275\/304
|
|turn|18
|
|switch|p1a: Baby Blobby|Chansey, F, shiny|704\/704
|-damage|p1a: Baby Blobby|616\/704|[from] Stealth Rock
|move|p2a: Sylveon|Baton Pass|p2a: Sylveon
|
|switch|p2a: Talonflame|Talonflame, F|319\/319
|
|turn|19
|
|switch|p1a: Mrs Blobby|Alomomola, M, shiny|529\/529
|-damage|p1a: Mrs Blobby|463\/529|[from] Stealth Rock
|move|p2a: Talonflame|Brave Bird|p1a: Mrs Blobby
|-damage|p1a: Mrs Blobby|313\/529
|-damage|p2a: Talonflame|269\/319|[from] recoil|[of] p1a: Mrs Blobby
|
|-heal|p1a: Mrs Blobby|346\/529|[from] item: Leftovers
|turn|20
|
|switch|p2a: Raikou|Raikou|321\/321
|-ability|p2a: Raikou|Pressure
|move|p1a: Mrs Blobby|Wish|p1a: Mrs Blobby
|
|-heal|p1a: Mrs Blobby|379\/529|[from] item: Leftovers
|turn|21
|
|switch|p1a: Baby Blobby|Chansey, F, shiny|616\/704
|-damage|p1a: Baby Blobby|528\/704|[from] Stealth Rock
|move|p2a: Raikou|Volt Switch|p1a: Baby Blobby
|-damage|p1a: Baby Blobby|456\/704
|
|switch|p2a: Gyarados|Gyarados, F|249\/331
|-ability|p2a: Gyarados|Intimidate|[of] p1a: Baby Blobby
|-unboost|p1a: Baby Blobby|atk|1
|
|-heal|p1a: Baby Blobby|704\/704|[from] move: Wish|[wisher] Mrs Blobby
|turn|22
|
|move|p2a: Gyarados|Dragon Dance|p2a: Gyarados
|-boost|p2a: Gyarados|atk|1
|-boost|p2a: Gyarados|spe|1
|move|p1a: Baby Blobby|Seismic Toss|p2a: Gyarados
|-damage|p2a: Gyarados|149\/331
|
|turn|23
|
|switch|p1a: Uncle Blobby|Quagsire, F, shiny|394\/394
|-damage|p1a: Uncle Blobby|370\/394|[from] Stealth Rock
|detailschange|p2a: Gyarados|Gyarados-Mega, F
|-mega|p2a: Gyarados|Gyarados|Gyaradosite
|-ability|p2a: Gyarados|Mold Breaker
|move|p2a: Gyarados|Waterfall|p1a: Uncle Blobby
|-damage|p1a: Uncle Blobby|172\/394
|
|-heal|p1a: Uncle Blobby|196\/394|[from] item: Leftovers
|turn|24
|
|move|p2a: Gyarados|Waterfall|p1a: Uncle Blobby
|-damage|p1a: Uncle Blobby|13\/394
|move|p1a: Uncle Blobby|Haze|p1a: Uncle Blobby
|-clearallboost
|
|-heal|p1a: Uncle Blobby|37\/394|[from] item: Leftovers
|turn|25
|
|move|p2a: Gyarados|Crunch|p1a: Uncle Blobby
|-damage|p1a: Uncle Blobby|0 fnt
|faint|p1a: Uncle Blobby
|
|
|switch|p1a: Mrs Blobby|Alomomola, M, shiny|529\/529
|-damage|p1a: Mrs Blobby|463\/529|[from] Stealth Rock
|turn|26
|
|move|p2a: Gyarados|Substitute|p2a: Gyarados
|-start|p2a: Gyarados|Substitute
|-damage|p2a: Gyarados|67\/331
|move|p1a: Mrs Blobby|Scald|p2a: Gyarados
|-resisted|p2a: Gyarados
|-activate|p2a: Gyarados|Substitute|[damage]
|
|-heal|p1a: Mrs Blobby|496\/529|[from] item: Leftovers
|turn|27
|
|move|p2a: Gyarados|Dragon Dance|p2a: Gyarados
|-boost|p2a: Gyarados|atk|1
|-boost|p2a: Gyarados|spe|1
|move|p1a: Mrs Blobby|Scald|p2a: Gyarados
|-resisted|p2a: Gyarados
|-activate|p2a: Gyarados|Substitute|[damage]
|
|-heal|p1a: Mrs Blobby|529\/529|[from] item: Leftovers
|turn|28
|
|move|p2a: Gyarados|Crunch|p1a: Mrs Blobby
|-damage|p1a: Mrs Blobby|318\/529
|move|p1a: Mrs Blobby|Scald|p2a: Gyarados
|-resisted|p2a: Gyarados
|-activate|p2a: Gyarados|Substitute|[damage]
|
|-heal|p1a: Mrs Blobby|351\/529|[from] item: Leftovers
|turn|29
|
|move|p2a: Gyarados|Crunch|p1a: Mrs Blobby
|-damage|p1a: Mrs Blobby|152\/529
|-unboost|p1a: Mrs Blobby|def|1
|move|p1a: Mrs Blobby|Scald|p2a: Gyarados
|-resisted|p2a: Gyarados
|-activate|p2a: Gyarados|Substitute|[damage]
|
|-heal|p1a: Mrs Blobby|185\/529|[from] item: Leftovers
|turn|30
|
|switch|p1a: Fuck Magnezone|Skarmory, F, shiny|249\/334
|-damage|p1a: Fuck Magnezone|208\/334|[from] Stealth Rock
|move|p2a: Gyarados|Crunch|p1a: Fuck Magnezone
|-damage|p1a: Fuck Magnezone|75\/334
|
|turn|31
|
|move|p2a: Gyarados|Crunch|p1a: Fuck Magnezone
|-damage|p1a: Fuck Magnezone|0 fnt
|faint|p1a: Fuck Magnezone
|
|
|switch|p1a: Mr Blobby|Amoonguss, F, shiny|432\/432
|-damage|p1a: Mr Blobby|378\/432|[from] Stealth Rock
|turn|32
|
|move|p2a: Gyarados|Crunch|p1a: Mr Blobby
|-damage|p1a: Mr Blobby|159\/432
|move|p1a: Mr Blobby|Foul Play|p2a: Gyarados
|-resisted|p2a: Gyarados
|-end|p2a: Gyarados|Substitute
|
|turn|33
|
|switch|p1a: Not Mega|Sableye-Mega, F, shiny|275\/304
|-damage|p1a: Not Mega|237\/304|[from] Stealth Rock
|move|p2a: Gyarados|Crunch|p1a: Not Mega
|-damage|p1a: Not Mega|96\/304
|
|turn|34
|
|move|p2a: Gyarados|Crunch|p1a: Not Mega
|-damage|p1a: Not Mega|0 fnt
|faint|p1a: Not Mega
|
|
|switch|p1a: Mrs Blobby|Alomomola, M, shiny|361\/529
|-damage|p1a: Mrs Blobby|295\/529|[from] Stealth Rock
|turn|35
|c|âBrowneskiii|no burn!!
|
|move|p2a: Gyarados|Crunch|p1a: Mrs Blobby
|-damage|p1a: Mrs Blobby|97\/529
|move|p1a: Mrs Blobby|Wish|p1a: Mrs Blobby
|
|-heal|p1a: Mrs Blobby|130\/529|[from] item: Leftovers
|turn|36
|
|move|p1a: Mrs Blobby|Protect|p1a: Mrs Blobby
|-singleturn|p1a: Mrs Blobby|Protect
|move|p2a: Gyarados|Crunch|p1a: Mrs Blobby
|-activate|p1a: Mrs Blobby|Protect
|
|-heal|p1a: Mrs Blobby|394\/529|[from] move: Wish|[wisher] Mrs Blobby
|-heal|p1a: Mrs Blobby|427\/529|[from] item: Leftovers
|turn|37
|
|move|p2a: Gyarados|Crunch|p1a: Mrs Blobby
|-damage|p1a: Mrs Blobby|229\/529
|move|p1a: Mrs Blobby|Wish|p1a: Mrs Blobby
|
|-heal|p1a: Mrs Blobby|262\/529|[from] item: Leftovers
|turn|38
|
|move|p2a: Gyarados|Crunch|p1a: Mrs Blobby
|-damage|p1a: Mrs Blobby|46\/529
|move|p1a: Mrs Blobby|Scald|p2a: Gyarados
|-resisted|p2a: Gyarados
|-damage|p2a: Gyarados|49\/331
|-status|p2a: Gyarados|brn
|
|-heal|p1a: Mrs Blobby|310\/529|[from] move: Wish|[wisher] Mrs Blobby
|-heal|p1a: Mrs Blobby|343\/529|[from] item: Leftovers
|-damage|p2a: Gyarados|8\/331 brn|[from] brn
|turn|39
|
|move|p2a: Gyarados|Crunch|p1a: Mrs Blobby
|-damage|p1a: Mrs Blobby|237\/529
|-unboost|p1a: Mrs Blobby|def|1
|move|p1a: Mrs Blobby|Wish|p1a: Mrs Blobby
|
|-heal|p1a: Mrs Blobby|270\/529|[from] item: Leftovers
|-damage|p2a: Gyarados|0 fnt|[from] brn
|faint|p2a: Gyarados
|c|âBrowneskiii|le sigh
|
|switch|p2a: Talonflame|Talonflame, F|269\/319
|turn|40
|
|move|p2a: Talonflame|Swords Dance|p2a: Talonflame
|-boost|p2a: Talonflame|atk|2
|move|p1a: Mrs Blobby|Toxic|p2a: Talonflame
|-status|p2a: Talonflame|tox
|
|-heal|p1a: Mrs Blobby|529\/529|[from] move: Wish|[wisher] Mrs Blobby
|-damage|p2a: Talonflame|250\/319 tox|[from] psn
|turn|41
|
|move|p1a: Mrs Blobby|Protect|p1a: Mrs Blobby
|-singleturn|p1a: Mrs Blobby|Protect
|move|p2a: Talonflame|Brave Bird|p1a: Mrs Blobby
|-activate|p1a: Mrs Blobby|Protect
|
|-damage|p2a: Talonflame|212\/319 tox|[from] psn
|turn|42
|
|move|p2a: Talonflame|Brave Bird|p1a: Mrs Blobby
|-damage|p1a: Mrs Blobby|36\/529
|-damage|p2a: Talonflame|49\/319 tox|[from] recoil|[of] p1a: Mrs Blobby
|move|p1a: Mrs Blobby|Wish|p1a: Mrs Blobby
|
|-heal|p1a: Mrs Blobby|69\/529|[from] item: Leftovers
|-damage|p2a: Talonflame|0 fnt|[from] psn
|faint|p2a: Talonflame
|
|switch|p2a: Raikou|Raikou|321\/321
|-ability|p2a: Raikou|Pressure
|turn|43
|
|move|p1a: Mrs Blobby|Protect|p1a: Mrs Blobby
|-singleturn|p1a: Mrs Blobby|Protect
|move|p2a: Raikou|Thunderbolt|p1a: Mrs Blobby
|-activate|p1a: Mrs Blobby|Protect
|
|-heal|p1a: Mrs Blobby|333\/529|[from] move: Wish|[wisher] Mrs Blobby
|-heal|p1a: Mrs Blobby|366\/529|[from] item: Leftovers
|turn|44
|c|âBrowneskiii|well that burn wins you the game :(
|
|switch|p1a: Mr Blobby|Amoonguss, F, shiny|303\/432
|-damage|p1a: Mr Blobby|249\/432|[from] Stealth Rock
|move|p2a: Raikou|Thunderbolt|p1a: Mr Blobby
|-resisted|p1a: Mr Blobby
|-damage|p1a: Mr Blobby|186\/432
|
|turn|45
|
|switch|p1a: Baby Blobby|Chansey, F, shiny|704\/704
|-damage|p1a: Baby Blobby|616\/704|[from] Stealth Rock
|move|p2a: Raikou|Volt Switch|p1a: Baby Blobby
|-damage|p1a: Baby Blobby|535\/704
|
|switch|p2a: Landorus-Therian|Landorus-Therian, M|334\/381 brn
|-ability|p2a: Landorus-Therian|Intimidate|[of] p1a: Baby Blobby
|-unboost|p1a: Baby Blobby|atk|1
|
|-damage|p2a: Landorus-Therian|287\/381 brn|[from] brn
|turn|46
|
|switch|p1a: Mrs Blobby|Alomomola, M, shiny|529\/529
|-damage|p1a: Mrs Blobby|463\/529|[from] Stealth Rock
|move|p2a: Landorus-Therian|Knock Off|p1a: Mrs Blobby
|-damage|p1a: Mrs Blobby|407\/529
|-enditem|p1a: Mrs Blobby|Leftovers|[from] move: Knock Off|[of] p2a: Landorus-Therian
|
|-damage|p2a: Landorus-Therian|240\/381 brn|[from] brn
|turn|47
|
|move|p2a: Landorus-Therian|U-turn|p1a: Mrs Blobby
|-damage|p1a: Mrs Blobby|367\/529
|
|switch|p2a: Raikou|Raikou|321\/321
|-ability|p2a: Raikou|Pressure
|move|p1a: Mrs Blobby|Toxic|p2a: Raikou
|-status|p2a: Raikou|tox
|
|-damage|p2a: Raikou|301\/321 tox|[from] psn
|turn|48
|
|switch|p2a: Sylveon|Sylveon, F|371\/371
|move|p1a: Mrs Blobby|Protect|p1a: Mrs Blobby
|-fail|p1a: Mrs Blobby
|
|turn|49
|
|switch|p1a: Baby Blobby|Chansey, F, shiny|535\/704
|-damage|p1a: Baby Blobby|447\/704|[from] Stealth Rock
|move|p2a: Sylveon|Hyper Voice|p1a: Baby Blobby
|-damage|p1a: Baby Blobby|261\/704
|
|turn|50
|
|move|p2a: Sylveon|Hyper Voice|p1a: Baby Blobby
|-damage|p1a: Baby Blobby|69\/704
|move|p1a: Baby Blobby|Soft-Boiled|p1a: Baby Blobby
|-heal|p1a: Baby Blobby|421\/704
|
|turn|51
|
|switch|p2a: Landorus-Therian|Landorus-Therian, M|240\/381 brn
|-ability|p2a: Landorus-Therian|Intimidate|[of] p1a: Baby Blobby
|-unboost|p1a: Baby Blobby|atk|1
|move|p1a: Baby Blobby|Soft-Boiled|p1a: Baby Blobby
|-heal|p1a: Baby Blobby|704\/704
|
|-damage|p2a: Landorus-Therian|193\/381 brn|[from] brn
|turn|52
|
|switch|p1a: Mrs Blobby|Alomomola, M, shiny|529\/529
|-damage|p1a: Mrs Blobby|463\/529|[from] Stealth Rock
|move|p2a: Landorus-Therian|U-turn|p1a: Mrs Blobby
|-damage|p1a: Mrs Blobby|421\/529
|
|switch|p2a: Raikou|Raikou|301\/321 tox
|-ability|p2a: Raikou|Pressure
|
|-damage|p2a: Raikou|281\/321 tox|[from] psn
|turn|53
|
|switch|p1a: Mr Blobby|Amoonguss, F, shiny|330\/432
|-damage|p1a: Mr Blobby|276\/432|[from] Stealth Rock
|move|p2a: Raikou|Volt Switch|p1a: Mr Blobby
|-resisted|p1a: Mr Blobby
|-damage|p1a: Mr Blobby|230\/432
|
|switch|p2a: Latias|Latias, F|143\/301
|
|turn|54
|
|switch|p1a: Baby Blobby|Chansey, F, shiny|704\/704
|-damage|p1a: Baby Blobby|616\/704|[from] Stealth Rock
|move|p2a: Latias|Draco Meteor|p1a: Baby Blobby
|-damage|p1a: Baby Blobby|452\/704
|-unboost|p2a: Latias|spa|2
|-damage|p2a: Latias|113\/301|[from] item: Life Orb
|
|turn|55
|
|switch|p2a: Landorus-Therian|Landorus-Therian, M|193\/381 brn
|-ability|p2a: Landorus-Therian|Intimidate|[of] p1a: Baby Blobby
|-unboost|p1a: Baby Blobby|atk|1
|move|p1a: Baby Blobby|Soft-Boiled|p1a: Baby Blobby
|-heal|p1a: Baby Blobby|704\/704
|
|-damage|p2a: Landorus-Therian|146\/381 brn|[from] brn
|turn|56
|
|switch|p1a: Mrs Blobby|Alomomola, M, shiny|529\/529
|-damage|p1a: Mrs Blobby|463\/529|[from] Stealth Rock
|move|p2a: Landorus-Therian|Knock Off|p1a: Mrs Blobby
|-damage|p1a: Mrs Blobby|421\/529
|
|-damage|p2a: Landorus-Therian|99\/381 brn|[from] brn
|turn|57
|
|switch|p2a: Latias|Latias, F|113\/301
|move|p1a: Mrs Blobby|Toxic|p2a: Latias
|-status|p2a: Latias|tox
|
|-damage|p2a: Latias|95\/301 tox|[from] psn
|turn|58
|
|move|p1a: Mrs Blobby|Protect|p1a: Mrs Blobby
|-singleturn|p1a: Mrs Blobby|Protect
|move|p2a: Latias|Healing Wish|p2a: Latias
|faint|p2a: Latias
|
|
|switch|p2a: Landorus-Therian|Landorus-Therian, M|99\/381 brn
|-heal|p2a: Landorus-Therian|381\/381|[from] move: Healing Wish
|-ability|p2a: Landorus-Therian|Intimidate|[of] p1a: Mrs Blobby
|-unboost|p1a: Mrs Blobby|atk|1
|turn|59
|
|move|p2a: Landorus-Therian|U-turn|p1a: Mrs Blobby
|-damage|p1a: Mrs Blobby|336\/529
|
|switch|p2a: Raikou|Raikou|281\/321 tox
|-ability|p2a: Raikou|Pressure
|move|p1a: Mrs Blobby|Wish|p1a: Mrs Blobby
|
|-damage|p2a: Raikou|261\/321 tox|[from] psn
|turn|60
|
|move|p1a: Mrs Blobby|Protect|p1a: Mrs Blobby
|-singleturn|p1a: Mrs Blobby|Protect
|move|p2a: Raikou|Thunderbolt|p1a: Mrs Blobby
|-activate|p1a: Mrs Blobby|Protect
|
|-heal|p1a: Mrs Blobby|529\/529|[from] move: Wish|[wisher] Mrs Blobby
|-damage|p2a: Raikou|221\/321 tox|[from] psn
|turn|61
|
|switch|p1a: Mr Blobby|Amoonguss, F, shiny|374\/432
|-damage|p1a: Mr Blobby|320\/432|[from] Stealth Rock
|move|p2a: Raikou|Volt Switch|p1a: Mr Blobby
|-resisted|p1a: Mr Blobby
|-damage|p1a: Mr Blobby|271\/432
|
|switch|p2a: Landorus-Therian|Landorus-Therian, M|381\/381
|-ability|p2a: Landorus-Therian|Intimidate|[of] p1a: Mr Blobby
|-unboost|p1a: Mr Blobby|atk|1
|
|turn|62
|
|switch|p1a: Mrs Blobby|Alomomola, M, shiny|529\/529
|-damage|p1a: Mrs Blobby|463\/529|[from] Stealth Rock
|move|p2a: Landorus-Therian|Earthquake|p1a: Mrs Blobby
|-damage|p1a: Mrs Blobby|261\/529
|
|turn|63
|
|move|p2a: Landorus-Therian|Earthquake|p1a: Mrs Blobby
|-damage|p1a: Mrs Blobby|53\/529
|move|p1a: Mrs Blobby|Wish|p1a: Mrs Blobby
|
|turn|64
|
|switch|p2a: Raikou|Raikou|221\/321 tox
|-ability|p2a: Raikou|Pressure
|move|p1a: Mrs Blobby|Protect|p1a: Mrs Blobby
|-fail|p1a: Mrs Blobby
|
|-heal|p1a: Mrs Blobby|317\/529|[from] move: Wish|[wisher] Mrs Blobby
|-damage|p2a: Raikou|201\/321 tox|[from] psn
|turn|65
|
|switch|p2a: Landorus-Therian|Landorus-Therian, M|381\/381
|-ability|p2a: Landorus-Therian|Intimidate|[of] p1a: Mrs Blobby
|-unboost|p1a: Mrs Blobby|atk|1
|switch|p1a: Mr Blobby|Amoonguss, F, shiny|415\/432
|-damage|p1a: Mr Blobby|361\/432|[from] Stealth Rock
|
|turn|66
|
|move|p2a: Landorus-Therian|Knock Off|p1a: Mr Blobby
|-damage|p1a: Mr Blobby|237\/432
|-enditem|p1a: Mr Blobby|Assault Vest|[from] move: Knock Off|[of] p2a: Landorus-Therian
|move|p1a: Mr Blobby|Foul Play|p2a: Landorus-Therian
|-damage|p2a: Landorus-Therian|238\/381
|
|turn|67
|
|switch|p1a: Mrs Blobby|Alomomola, M, shiny|493\/529
|-damage|p1a: Mrs Blobby|427\/529|[from] Stealth Rock
|move|p2a: Landorus-Therian|Earthquake|p1a: Mrs Blobby
|-crit|p1a: Mrs Blobby
|-damage|p1a: Mrs Blobby|90\/529
|
|turn|68
|
|switch|p1a: Mr Blobby|Amoonguss, F, shiny|381\/432
|-damage|p1a: Mr Blobby|327\/432|[from] Stealth Rock
|move|p2a: Landorus-Therian|Knock Off|p1a: Mr Blobby
|-damage|p1a: Mr Blobby|250\/432
|
|turn|69
|
|move|p2a: Landorus-Therian|Earthquake|p1a: Mr Blobby
|-damage|p1a: Mr Blobby|16\/432
|move|p1a: Mr Blobby|Foul Play|p2a: Landorus-Therian
|-damage|p2a: Landorus-Therian|87\/381
|
|turn|70
|
|move|p2a: Landorus-Therian|Earthquake|p1a: Mr Blobby
|-damage|p1a: Mr Blobby|0 fnt
|faint|p1a: Mr Blobby
|
|
|switch|p1a: Baby Blobby|Chansey, F, shiny|704\/704
|-damage|p1a: Baby Blobby|616\/704|[from] Stealth Rock
|turn|71
|
|move|p2a: Landorus-Therian|U-turn|p1a: Baby Blobby
|-damage|p1a: Baby Blobby|482\/704
|
|switch|p2a: Sylveon|Sylveon, F|371\/371
|move|p1a: Baby Blobby|Toxic|p2a: Sylveon
|-status|p2a: Sylveon|tox
|
|-damage|p2a: Sylveon|348\/371 tox|[from] psn
|turn|72
|
|move|p2a: Sylveon|Baton Pass|p2a: Sylveon
|
|switch|p2a: Raikou|Raikou|201\/321 tox
|-ability|p2a: Raikou|Pressure
|move|p1a: Baby Blobby|Soft-Boiled|p1a: Baby Blobby
|-heal|p1a: Baby Blobby|704\/704
|
|-damage|p2a: Raikou|181\/321 tox|[from] psn
|turn|73
|
|move|p2a: Raikou|Volt Switch|p1a: Baby Blobby
|-damage|p1a: Baby Blobby|626\/704
|
|switch|p2a: Sylveon|Sylveon, F|348\/371 tox
|move|p1a: Baby Blobby|Seismic Toss|p2a: Sylveon
|-damage|p2a: Sylveon|248\/371 tox
|
|-damage|p2a: Sylveon|225\/371 tox|[from] psn
|turn|74
|
|move|p2a: Sylveon|Hyper Voice|p1a: Baby Blobby
|-damage|p1a: Baby Blobby|451\/704
|move|p1a: Baby Blobby|Soft-Boiled|p1a: Baby Blobby
|-heal|p1a: Baby Blobby|704\/704
|
|-damage|p2a: Sylveon|179\/371 tox|[from] psn
|turn|75
|
|move|p2a: Sylveon|Hyper Voice|p1a: Baby Blobby
|-damage|p1a: Baby Blobby|530\/704
|move|p1a: Baby Blobby|Seismic Toss|p2a: Sylveon
|-damage|p2a: Sylveon|79\/371 tox
|
|-damage|p2a: Sylveon|10\/371 tox|[from] psn
|turn|76
|
|switch|p2a: Landorus-Therian|Landorus-Therian, M|87\/381
|-ability|p2a: Landorus-Therian|Intimidate|[of] p1a: Baby Blobby
|-unboost|p1a: Baby Blobby|atk|1
|move|p1a: Baby Blobby|Soft-Boiled|p1a: Baby Blobby
|-heal|p1a: Baby Blobby|704\/704
|
|turn|77
|
|move|p2a: Landorus-Therian|Knock Off|p1a: Baby Blobby
|-damage|p1a: Baby Blobby|536\/704
|-enditem|p1a: Baby Blobby|Eviolite|[from] move: Knock Off|[of] p2a: Landorus-Therian
|move|p1a: Baby Blobby|Seismic Toss|p2a: Landorus-Therian
|-damage|p2a: Landorus-Therian|0 fnt
|faint|p2a: Landorus-Therian
|
|c|âBrowneskiii|gg
|
|switch|p2a: Raikou|Raikou|181\/321 tox
|-ability|p2a: Raikou|Pressure
|turn|78
|
|move|p2a: Raikou|Thunderbolt|p1a: Baby Blobby
|-damage|p1a: Baby Blobby|395\/704
|move|p1a: Baby Blobby|Soft-Boiled|p1a: Baby Blobby
|-heal|p1a: Baby Blobby|704\/704
|
|-damage|p2a: Raikou|161\/321 tox|[from] psn
|turn|79
|
|move|p2a: Raikou|Thunderbolt|p1a: Baby Blobby
|-damage|p1a: Baby Blobby|575\/704
|-status|p1a: Baby Blobby|par
|move|p1a: Baby Blobby|Seismic Toss|p2a: Raikou
|-damage|p2a: Raikou|61\/321 tox
|
|-damage|p2a: Raikou|21\/321 tox|[from] psn
|turn|80
|c|âBrowneskiii|that burn was the winner for sure :(
|
|move|p2a: Raikou|Thunderbolt|p1a: Baby Blobby
|-damage|p1a: Baby Blobby|440\/704 par
|move|p1a: Baby Blobby|Soft-Boiled|p1a: Baby Blobby
|-heal|p1a: Baby Blobby|704\/704 par
|
|-damage|p2a: Raikou|0 fnt|[from] psn
|faint|p2a: Raikou
|
|switch|p2a: Sylveon|Sylveon, F|10\/371 tox
|turn|81
|
|move|p2a: Sylveon|Hyper Voice|p1a: Baby Blobby
|-damage|p1a: Baby Blobby|436\/704 par
|cant|p1a: Baby Blobby|par
|
|-damage|p2a: Sylveon|0 fnt|[from] psn
|faint|p2a: Sylveon
|
|win|Amoonbro
|raw|Ladder updating...
|raw|Amoonbro's rating: 1554 &rarr; <strong>1571<\/strong><br \/>(+17 for winning)
|raw|Browneskiii's rating: 1492 &rarr; <strong>1475<\/strong><br \/>(-17 for losing)