|join|Amoonbro
|join|PureInstinctx
|player|p1|Amoonbro|102
|player|p2|PureInstinctx|99
|gametype|singles
|gen|6
|tier|OU
|rated
|clearpoke
|poke|p1|Chansey, F, shiny
|poke|p1|Skarmory, F, shiny
|poke|p1|Alomomola, F, shiny
|poke|p1|Amoonguss, M, shiny
|poke|p1|Quagsire, F, shiny
|poke|p1|Sableye, M, shiny
|poke|p2|Haxorus, F, shiny
|poke|p2|Rotom-Heat
|poke|p2|Klefki, F
|poke|p2|Azumarill, M
|poke|p2|Bisharp, M
|poke|p2|Diancie
|rule|Swagger Clause: Swagger is banned
|rule|Baton Pass Clause: Limit one PokÃ©mon knowing Baton Pass
|rule|Sleep Clause Mod: Limit one foe put to sleep
|rule|Species Clause: Limit one of each PokÃ©mon
|rule|OHKO Clause: OHKO moves are banned
|rule|Moody Clause: Moody is banned
|rule|Evasion Moves Clause: Evasion moves are banned
|rule|Endless Battle Clause: Forcing endless battles is banned
|rule|HP Percentage Mod: HP is shown in percentages
|teampreview
|
|start
|switch|p1a: Not Mega|Sableye, M, shiny|304\/304
|switch|p2a: Diancie|Diancie|241\/241
|turn|1
|
|switch|p1a: Baby Blobby|Chansey, F, shiny|704\/704
|detailschange|p2a: Diancie|Diancie-Mega
|-mega|p2a: Diancie|Diancie|Diancite
|move|p2a: Diancie|Moonblast|p1a: Baby Blobby
|-damage|p1a: Baby Blobby|571\/704
|-unboost|p1a: Baby Blobby|spa|1
|
|turn|2
|
|move|p2a: Diancie|Stealth Rock|p1a: Baby Blobby
|-sidestart|p1: Amoonbro|move: Stealth Rock
|move|p1a: Baby Blobby|Seismic Toss|p2a: Diancie
|-damage|p2a: Diancie|141\/241
|
|turn|3
|
|switch|p2a: Azumarill|Azumarill, M|401\/401
|move|p1a: Baby Blobby|Seismic Toss|p2a: Azumarill
|-damage|p2a: Azumarill|301\/401
|
|turn|4
|
|switch|p1a: Uncle Blobby|Quagsire, F, shiny|394\/394
|-damage|p1a: Uncle Blobby|370\/394|[from] Stealth Rock
|move|p2a: Azumarill|Knock Off|p1a: Uncle Blobby
|-damage|p1a: Uncle Blobby|250\/394
|-enditem|p1a: Uncle Blobby|Leftovers|[from] move: Knock Off|[of] p2a: Azumarill
|
|turn|5
|
|switch|p2a: Klefki|Klefki, F|318\/318
|move|p1a: Uncle Blobby|Recover|p1a: Uncle Blobby
|-heal|p1a: Uncle Blobby|394\/394
|
|turn|6
|
|move|p2a: Klefki|Spikes|p1a: Uncle Blobby
|-sidestart|p1: Amoonbro|Spikes
|move|p1a: Uncle Blobby|Earthquake|p2a: Klefki
|-supereffective|p2a: Klefki
|-damage|p2a: Klefki|150\/318
|
|turn|7
|
|switch|p1a: Fuck Magnezone|Skarmory, F, shiny|334\/334
|-damage|p1a: Fuck Magnezone|293\/334|[from] Stealth Rock
|move|p2a: Klefki|Reflect|p2a: Klefki
|-sidestart|p2: PureInstinctx|Reflect
|
|turn|8
|
|switch|p2a: Bisharp|Bisharp, M|271\/271
|move|p1a: Fuck Magnezone|Defog|p2a: Bisharp
|-unboost|p2a: Bisharp|evasion|1
|-boost|p2a: Bisharp|atk|2|[from] ability: Defiant
|-sideend|p2: PureInstinctx|Reflect
|-sideend|p2: PureInstinctx|Reflect|[from] move: Defog|[of] p2a: Bisharp
|-sideend|p1: Amoonbro|Spikes|[from] move: Defog|[of] p1a: Fuck Magnezone
|-sideend|p1: Amoonbro|Stealth Rock|[from] move: Defog|[of] p1a: Fuck Magnezone
|
|turn|9
|
|switch|p1a: Uncle Blobby|Quagsire, F, shiny|394\/394
|move|p2a: Bisharp|Knock Off|p1a: Uncle Blobby
|-damage|p1a: Uncle Blobby|285\/394
|
|turn|10
|
|switch|p2a: Rotom-Heat|Rotom-Heat|304\/304
|move|p1a: Uncle Blobby|Recover|p1a: Uncle Blobby
|-heal|p1a: Uncle Blobby|394\/394
|
|turn|11
|
|move|p2a: Rotom-Heat|Will-O-Wisp|p1a: Uncle Blobby
|-status|p1a: Uncle Blobby|brn
|move|p1a: Uncle Blobby|Scald|p2a: Rotom-Heat
|-supereffective|p2a: Rotom-Heat
|-damage|p2a: Rotom-Heat|170\/304
|
|-heal|p2a: Rotom-Heat|189\/304|[from] item: Leftovers
|-damage|p1a: Uncle Blobby|345\/394 brn|[from] brn
|turn|12
|
|switch|p2a: Klefki|Klefki, F|150\/318
|move|p1a: Uncle Blobby|Scald|p2a: Klefki
|-damage|p2a: Klefki|77\/318
|
|-damage|p1a: Uncle Blobby|296\/394 brn|[from] brn
|turn|13
|
|switch|p1a: Fuck Magnezone|Skarmory, F, shiny|293\/334
|move|p2a: Klefki|Spikes|p1a: Fuck Magnezone
|-sidestart|p1: Amoonbro|Spikes
|
|turn|14
|
|switch|p2a: Bisharp|Bisharp, M|271\/271
|move|p1a: Fuck Magnezone|Defog|p2a: Bisharp
|-unboost|p2a: Bisharp|evasion|1
|-boost|p2a: Bisharp|atk|2|[from] ability: Defiant
|-sideend|p1: Amoonbro|Spikes|[from] move: Defog|[of] p1a: Fuck Magnezone
|
|turn|15
|
|switch|p2a: Diancie|Diancie-Mega|141\/241
|move|p1a: Fuck Magnezone|Stealth Rock|p2a: Diancie
|move|p2a: Diancie|Stealth Rock|p1a: Fuck Magnezone|[from]Magic Bounce
|-sidestart|p1: Amoonbro|move: Stealth Rock
|
|turn|16
|
|move|p2a: Diancie|Diamond Storm|p1a: Fuck Magnezone
|-damage|p1a: Fuck Magnezone|187\/334
|move|p1a: Fuck Magnezone|Defog|p2a: Diancie
|move|p2a: Diancie|Defog|p1a: Fuck Magnezone|[from]Magic Bounce
|-unboost|p1a: Fuck Magnezone|evasion|1
|-sideend|p1: Amoonbro|Stealth Rock|[from] move: Defog|[of] p1a: Fuck Magnezone
|
|turn|17
|
|switch|p1a: Baby Blobby|Chansey, F, shiny|571\/704
|move|p2a: Diancie|Moonblast|p1a: Baby Blobby
|-damage|p1a: Baby Blobby|442\/704
|
|turn|18
|
|move|p2a: Diancie|Stealth Rock|p1a: Baby Blobby
|-sidestart|p1: Amoonbro|move: Stealth Rock
|move|p1a: Baby Blobby|Soft-Boiled|p1a: Baby Blobby
|-heal|p1a: Baby Blobby|704\/704
|
|turn|19
|
|switch|p2a: Azumarill|Azumarill, M|301\/401
|move|p1a: Baby Blobby|Seismic Toss|p2a: Azumarill
|-damage|p2a: Azumarill|201\/401
|
|turn|20
|
|switch|p2a: Diancie|Diancie-Mega|141\/241
|switch|p1a: Mrs Blobby|Alomomola, F, shiny|529\/529
|-damage|p1a: Mrs Blobby|463\/529|[from] Stealth Rock
|
|-heal|p1a: Mrs Blobby|496\/529|[from] item: Leftovers
|turn|21
|
|move|p2a: Diancie|Moonblast|p1a: Mrs Blobby
|-damage|p1a: Mrs Blobby|126\/529
|move|p1a: Mrs Blobby|Scald|p2a: Diancie
|-supereffective|p2a: Diancie
|-damage|p2a: Diancie|61\/241
|
|-heal|p1a: Mrs Blobby|159\/529|[from] item: Leftovers
|turn|22
|
|move|p1a: Mrs Blobby|Protect|p1a: Mrs Blobby
|-singleturn|p1a: Mrs Blobby|Protect
|move|p2a: Diancie|Moonblast|p1a: Mrs Blobby
|-activate|p1a: Mrs Blobby|Protect
|
|-heal|p1a: Mrs Blobby|192\/529|[from] item: Leftovers
|turn|23
|
|switch|p1a: Baby Blobby|Chansey, F, shiny|704\/704
|-damage|p1a: Baby Blobby|616\/704|[from] Stealth Rock
|move|p2a: Diancie|Diamond Storm|p1a: Baby Blobby
|-damage|p1a: Baby Blobby|372\/704
|-boost|p2a: Diancie|def|1
|
|turn|24
|
|switch|p2a: Bisharp|Bisharp, M|271\/271
|move|p1a: Baby Blobby|Soft-Boiled|p1a: Baby Blobby
|-heal|p1a: Baby Blobby|704\/704
|
|turn|25
|
|move|p2a: Bisharp|Pursuit|p1a: Baby Blobby|[from]Pursuit
|-damage|p1a: Baby Blobby|451\/704
|switch|p1a: Not Mega|Sableye, M, shiny|304\/304
|-damage|p1a: Not Mega|266\/304|[from] Stealth Rock
|
|turn|26
|
|detailschange|p1a: Not Mega|Sableye-Mega, M, shiny
|-mega|p1a: Not Mega|Sableye|Sablenite
|move|p2a: Bisharp|Knock Off|p1a: Not Mega
|-damage|p1a: Not Mega|179\/304
|move|p1a: Not Mega|Knock Off|p2a: Bisharp
|-resisted|p2a: Bisharp
|-damage|p2a: Bisharp|223\/271
|-enditem|p2a: Bisharp|Black Glasses|[from] move: Knock Off|[of] p1a: Not Mega
|
|turn|27
|
|switch|p2a: Rotom-Heat|Rotom-Heat|189\/304
|move|p1a: Not Mega|Recover|p1a: Not Mega
|-heal|p1a: Not Mega|304\/304
|
|-heal|p2a: Rotom-Heat|208\/304|[from] item: Leftovers
|turn|28
|
|switch|p1a: Mr Blobby|Amoonguss, M, shiny|432\/432
|-damage|p1a: Mr Blobby|378\/432|[from] Stealth Rock
|move|p2a: Rotom-Heat|Volt Switch|p1a: Mr Blobby
|-resisted|p1a: Mr Blobby
|-damage|p1a: Mr Blobby|344\/432
|
|switch|p2a: Klefki|Klefki, F|77\/318
|
|turn|29
|
|switch|p1a: Fuck Magnezone|Skarmory, F, shiny|187\/334
|-damage|p1a: Fuck Magnezone|146\/334|[from] Stealth Rock
|move|p2a: Klefki|Spikes|p1a: Fuck Magnezone
|-sidestart|p1: Amoonbro|Spikes
|
|turn|30
|
|switch|p2a: Rotom-Heat|Rotom-Heat|208\/304
|move|p1a: Fuck Magnezone|Roost|p1a: Fuck Magnezone
|-heal|p1a: Fuck Magnezone|313\/334
|
|-heal|p2a: Rotom-Heat|227\/304|[from] item: Leftovers
|turn|31
|
|switch|p1a: Mr Blobby|Amoonguss, M, shiny|432\/432
|-damage|p1a: Mr Blobby|378\/432|[from] Stealth Rock
|-damage|p1a: Mr Blobby|324\/432|[from] Spikes
|move|p2a: Rotom-Heat|Overheat|p1a: Mr Blobby
|-supereffective|p1a: Mr Blobby
|-damage|p1a: Mr Blobby|66\/432
|-unboost|p2a: Rotom-Heat|spa|2
|
|-heal|p2a: Rotom-Heat|246\/304|[from] item: Leftovers
|turn|32
|
|move|p2a: Rotom-Heat|Overheat|p1a: Mr Blobby|[miss]
|-miss|p2a: Rotom-Heat|p1a: Mr Blobby
|move|p1a: Mr Blobby|Giga Drain|p2a: Rotom-Heat
|-resisted|p2a: Rotom-Heat
|-damage|p2a: Rotom-Heat|208\/304
|-heal|p1a: Mr Blobby|85\/432|[from] drain|[of] p2a: Rotom-Heat
|
|-heal|p2a: Rotom-Heat|227\/304|[from] item: Leftovers
|turn|33
|
|move|p2a: Rotom-Heat|Overheat|p1a: Mr Blobby
|-supereffective|p1a: Mr Blobby
|-damage|p1a: Mr Blobby|0 fnt
|-unboost|p2a: Rotom-Heat|spa|2
|faint|p1a: Mr Blobby
|
|-heal|p2a: Rotom-Heat|246\/304|[from] item: Leftovers
|
|switch|p1a: Baby Blobby|Chansey, F, shiny|451\/704
|-damage|p1a: Baby Blobby|363\/704|[from] Spikes
|-damage|p1a: Baby Blobby|275\/704|[from] Stealth Rock
|turn|34
|
|move|p2a: Rotom-Heat|Volt Switch|p1a: Baby Blobby
|-damage|p1a: Baby Blobby|254\/704
|
|switch|p2a: Bisharp|Bisharp, M|223\/271
|move|p1a: Baby Blobby|Soft-Boiled|p1a: Baby Blobby
|-heal|p1a: Baby Blobby|606\/704
|
|turn|35
|
|switch|p2a: Diancie|Diancie-Mega|61\/241
|switch|p1a: Fuck Magnezone|Skarmory, F, shiny|313\/334
|-damage|p1a: Fuck Magnezone|272\/334|[from] Stealth Rock
|
|turn|36
|
|move|p2a: Diancie|Diamond Storm|p1a: Fuck Magnezone
|-damage|p1a: Fuck Magnezone|173\/334
|-boost|p2a: Diancie|def|1
|move|p1a: Fuck Magnezone|Defog|p2a: Diancie
|move|p2a: Diancie|Defog|p1a: Fuck Magnezone|[from]Magic Bounce
|-unboost|p1a: Fuck Magnezone|evasion|1
|-sideend|p1: Amoonbro|Spikes|[from] move: Defog|[of] p1a: Fuck Magnezone
|-sideend|p1: Amoonbro|Stealth Rock|[from] move: Defog|[of] p1a: Fuck Magnezone
|
|turn|37
|c|âAmoonbro|little fucking pussy ass bitch needs hazards to win. desperate as fuck to get them up cuz cant make plays without them. people like you ruin the metagame. oh and if that wasnt bad enough you use volt turn as well
|c|âAmoonbro|timer stalling?
|
|switch|p2a: Azumarill|Azumarill, M|201\/401
|move|p1a: Fuck Magnezone|Roost|p1a: Fuck Magnezone
|-heal|p1a: Fuck Magnezone|334\/334
|
|turn|38
|
|switch|p1a: Mrs Blobby|Alomomola, F, shiny|368\/529
|move|p2a: Azumarill|Knock Off|p1a: Mrs Blobby
|-damage|p1a: Mrs Blobby|244\/529
|-enditem|p1a: Mrs Blobby|Leftovers|[from] move: Knock Off|[of] p2a: Azumarill
|
|turn|39
|
|switch|p2a: Rotom-Heat|Rotom-Heat|246\/304
|move|p1a: Mrs Blobby|Wish|p1a: Mrs Blobby
|
|-heal|p2a: Rotom-Heat|265\/304|[from] item: Leftovers
|turn|40
|
|switch|p2a: Klefki|Klefki, F|77\/318
|switch|p1a: Baby Blobby|Chansey, F, shiny|606\/704
|
|-heal|p1a: Baby Blobby|704\/704|[from] move: Wish|[wisher] Mrs Blobby
|turn|41
|
|switch|p1a: Not Mega|Sableye-Mega, M, shiny|304\/304
|move|p2a: Klefki|Spikes|p1a: Not Mega
|move|p1a: Not Mega|Spikes|p2a: Klefki|[from]Magic Bounce
|-sidestart|p2: PureInstinctx|Spikes
|
|turn|42
|
|switch|p2a: Diancie|Diancie-Mega|61\/241
|-damage|p2a: Diancie|31\/241|[from] Spikes
|move|p1a: Not Mega|Knock Off|p2a: Diancie
|-resisted|p2a: Diancie
|-damage|p2a: Diancie|0 fnt
|faint|p2a: Diancie
|
|
|switch|p2a: Azumarill|Azumarill, M|201\/401
|-damage|p2a: Azumarill|151\/401|[from] Spikes
|turn|43
|
|switch|p1a: Mrs Blobby|Alomomola, F, shiny|420\/529
|move|p2a: Azumarill|Play Rough|p1a: Mrs Blobby
|-damage|p1a: Mrs Blobby|260\/529
|-unboost|p1a: Mrs Blobby|atk|1
|
|turn|44
|
|move|p1a: Mrs Blobby|Wish|p1a: Mrs Blobby
|move|p2a: Azumarill|Play Rough|p1a: Mrs Blobby|[miss]
|-miss|p2a: Azumarill|p1a: Mrs Blobby
|
|turn|45
|
|move|p1a: Mrs Blobby|Protect|p1a: Mrs Blobby
|-singleturn|p1a: Mrs Blobby|Protect
|move|p2a: Azumarill|Play Rough|p1a: Mrs Blobby
|-activate|p1a: Mrs Blobby|Protect
|
|-heal|p1a: Mrs Blobby|524\/529|[from] move: Wish|[wisher] Mrs Blobby
|turn|46
|
|move|p1a: Mrs Blobby|Scald|p2a: Azumarill
|-resisted|p2a: Azumarill
|-damage|p2a: Azumarill|133\/401
|move|p2a: Azumarill|Play Rough|p1a: Mrs Blobby
|-damage|p1a: Mrs Blobby|353\/529
|
|turn|47
|
|move|p1a: Mrs Blobby|Wish|p1a: Mrs Blobby
|move|p2a: Azumarill|Play Rough|p1a: Mrs Blobby|[miss]
|-miss|p2a: Azumarill|p1a: Mrs Blobby
|
|turn|48
|-message|PureInstinctx forfeited.
|
|win|Amoonbro
|raw|Ladder updating...
|raw|Amoonbro's rating: 1416 &rarr; <strong>1430<\/strong><br \/>(+14 for winning)
|raw|PureInstinctx's rating: 1324 &rarr; <strong>1309<\/strong><br \/>(-15 for losing)
|leave|PureInstinctx
|player|p2
|c|âAmoonbro|fag bitch