|join|Healing Wizh
|join|Amoonbro
|player|p1|Healing Wizh|237
|player|p2|Amoonbro|102
|gametype|singles
|gen|6
|tier|OU
|rated
|clearpoke
|poke|p1|Metagross
|poke|p1|Keldeo
|poke|p1|Landorus-Therian, M
|poke|p1|Clefable, M
|poke|p1|Bisharp, F
|poke|p1|Heatran, M
|poke|p2|Chansey, F, shiny
|poke|p2|Skarmory, F, shiny
|poke|p2|Alomomola, M, shiny
|poke|p2|Amoonguss, F, shiny
|poke|p2|Quagsire, M, shiny
|poke|p2|Sableye, F, shiny
|rule|Swagger Clause: Swagger is banned
|rule|Baton Pass Clause: Limit one PokÃ©mon knowing Baton Pass
|rule|Sleep Clause Mod: Limit one foe put to sleep
|rule|Species Clause: Limit one of each PokÃ©mon
|rule|OHKO Clause: OHKO moves are banned
|rule|Moody Clause: Moody is banned
|rule|Evasion Moves Clause: Evasion moves are banned
|rule|Endless Battle Clause: Forcing endless battles is banned
|rule|HP Percentage Mod: HP is shown in percentages
|teampreview
|
|start
|switch|p1a: Keldeo|Keldeo|323\/323
|switch|p2a: Not Mega|Sableye, F, shiny|304\/304
|turn|1
|
|detailschange|p2a: Not Mega|Sableye-Mega, F, shiny
|-mega|p2a: Not Mega|Sableye|Sablenite
|move|p2a: Not Mega|Will-O-Wisp|p1a: Keldeo
|-status|p1a: Keldeo|brn
|move|p1a: Keldeo|Scald|p2a: Not Mega
|-damage|p2a: Not Mega|171\/304
|
|-damage|p1a: Keldeo|283\/323 brn|[from] brn
|turn|2
|
|switch|p2a: Mr Blobby|Amoonguss, F, shiny|432\/432
|move|p1a: Keldeo|Calm Mind|p1a: Keldeo
|-boost|p1a: Keldeo|spa|1
|-boost|p1a: Keldeo|spd|1
|
|-heal|p1a: Keldeo|303\/323 brn|[from] item: Leftovers
|-damage|p1a: Keldeo|263\/323 brn|[from] brn
|turn|3
|
|switch|p1a: Landorus-Therian|Landorus-Therian, M|381\/381
|-ability|p1a: Landorus-Therian|Intimidate|[of] p2a: Mr Blobby
|-unboost|p2a: Mr Blobby|atk|1
|move|p2a: Mr Blobby|Giga Drain|p1a: Landorus-Therian
|-damage|p1a: Landorus-Therian|290\/381
|
|-heal|p1a: Landorus-Therian|313\/381|[from] item: Leftovers
|turn|4
|
|switch|p2a: Not Mega|Sableye-Mega, F, shiny|171\/304
|move|p1a: Landorus-Therian|Earthquake|p2a: Not Mega
|-damage|p2a: Not Mega|65\/304
|
|-heal|p1a: Landorus-Therian|336\/381|[from] item: Leftovers
|turn|5
|
|move|p1a: Landorus-Therian|U-turn|p2a: Not Mega
|-damage|p2a: Not Mega|18\/304
|
|switch|p1a: Clefable|Clefable, M|394\/394
|move|p2a: Not Mega|Will-O-Wisp|p1a: Clefable
|-status|p1a: Clefable|brn
|
|-damage|p1a: Clefable|345\/394 brn|[from] brn
|turn|6
|
|switch|p2a: Mr Blobby|Amoonguss, F, shiny|432\/432
|move|p1a: Clefable|Heal Bell|p1a: Clefable
|-cureteam|p1a: Clefable|[from] move: HealBell
|
|-heal|p1a: Clefable|369\/394|[from] item: Leftovers
|turn|7
|
|switch|p1a: Landorus-Therian|Landorus-Therian, M|336\/381
|-ability|p1a: Landorus-Therian|Intimidate|[of] p2a: Mr Blobby
|-unboost|p2a: Mr Blobby|atk|1
|move|p2a: Mr Blobby|Clear Smog|p1a: Landorus-Therian
|-resisted|p1a: Landorus-Therian
|-damage|p1a: Landorus-Therian|304\/381
|-clearboost|p1a: Landorus-Therian
|
|-heal|p1a: Landorus-Therian|327\/381|[from] item: Leftovers
|turn|8
|
|switch|p2a: Fuck Magnezone|Skarmory, F, shiny|334\/334
|move|p1a: Landorus-Therian|U-turn|p2a: Fuck Magnezone
|-resisted|p2a: Fuck Magnezone
|-damage|p2a: Fuck Magnezone|323\/334
|
|switch|p1a: Heatran|Heatran, M|385\/385
|
|turn|9
|
|switch|p2a: Mrs Blobby|Alomomola, M, shiny|529\/529
|move|p1a: Heatran|Toxic|p2a: Mrs Blobby
|-status|p2a: Mrs Blobby|tox
|
|-damage|p2a: Mrs Blobby|496\/529 tox|[from] psn
|turn|10
|
|move|p1a: Heatran|Taunt|p2a: Mrs Blobby
|-start|p2a: Mrs Blobby|move: Taunt
|cant|p2a: Mrs Blobby|move: Taunt|Wish
|
|-heal|p2a: Mrs Blobby|529\/529 tox|[from] item: Leftovers
|-damage|p2a: Mrs Blobby|463\/529 tox|[from] psn
|turn|11
|
|switch|p1a: Keldeo|Keldeo|263\/323
|switch|p2a: Baby Blobby|Chansey, F, shiny|704\/704
|
|-heal|p1a: Keldeo|283\/323|[from] item: Leftovers
|turn|12
|
|switch|p2a: Mr Blobby|Amoonguss, F, shiny|432\/432
|move|p1a: Keldeo|Substitute|p1a: Keldeo
|-start|p1a: Keldeo|Substitute
|-damage|p1a: Keldeo|203\/323
|
|-heal|p1a: Keldeo|223\/323|[from] item: Leftovers
|turn|13
|
|move|p1a: Keldeo|Scald|p2a: Mr Blobby
|-resisted|p2a: Mr Blobby
|-damage|p2a: Mr Blobby|373\/432
|move|p2a: Mr Blobby|Giga Drain|p1a: Keldeo
|-supereffective|p1a: Keldeo
|-end|p1a: Keldeo|Substitute
|-heal|p2a: Mr Blobby|413\/432|[from] drain|[of] p1a: Keldeo
|
|-heal|p1a: Keldeo|243\/323|[from] item: Leftovers
|turn|14
|
|move|p1a: Keldeo|Substitute|p1a: Keldeo
|-start|p1a: Keldeo|Substitute
|-damage|p1a: Keldeo|163\/323
|move|p2a: Mr Blobby|Giga Drain|p1a: Keldeo
|-supereffective|p1a: Keldeo
|-end|p1a: Keldeo|Substitute
|-heal|p2a: Mr Blobby|432\/432|[from] drain|[of] p1a: Keldeo
|
|-heal|p1a: Keldeo|183\/323|[from] item: Leftovers
|turn|15
|
|switch|p1a: Landorus-Therian|Landorus-Therian, M|327\/381
|-ability|p1a: Landorus-Therian|Intimidate|[of] p2a: Mr Blobby
|-unboost|p2a: Mr Blobby|atk|1
|move|p2a: Mr Blobby|Giga Drain|p1a: Landorus-Therian
|-damage|p1a: Landorus-Therian|234\/381
|
|-heal|p1a: Landorus-Therian|257\/381|[from] item: Leftovers
|turn|16
|
|switch|p2a: Fuck Magnezone|Skarmory, F, shiny|323\/334
|move|p1a: Landorus-Therian|Earthquake|p2a: Fuck Magnezone
|-immune|p2a: Fuck Magnezone|[msg]
|
|-heal|p1a: Landorus-Therian|280\/381|[from] item: Leftovers
|turn|17
|
|move|p1a: Landorus-Therian|Stealth Rock|p2a: Fuck Magnezone
|-sidestart|p2: Amoonbro|move: Stealth Rock
|move|p2a: Fuck Magnezone|Brave Bird|p1a: Landorus-Therian
|-damage|p1a: Landorus-Therian|192\/381
|-damage|p2a: Fuck Magnezone|294\/334|[from] recoil|[of] p1a: Landorus-Therian
|
|-heal|p1a: Landorus-Therian|215\/381|[from] item: Leftovers
|turn|18
|
|move|p1a: Landorus-Therian|U-turn|p2a: Fuck Magnezone
|-crit|p2a: Fuck Magnezone
|-resisted|p2a: Fuck Magnezone
|-damage|p2a: Fuck Magnezone|278\/334
|
|switch|p1a: Heatran|Heatran, M|385\/385
|move|p2a: Fuck Magnezone|Defog|p1a: Heatran
|-unboost|p1a: Heatran|evasion|1
|-sideend|p2: Amoonbro|Stealth Rock|[from] move: Defog|[of] p2a: Fuck Magnezone
|
|turn|19
|
|switch|p2a: Baby Blobby|Chansey, F, shiny|704\/704
|move|p1a: Heatran|Lava Plume|p2a: Baby Blobby
|-damage|p2a: Baby Blobby|625\/704
|
|turn|20
|
|move|p1a: Heatran|Taunt|p2a: Baby Blobby
|-start|p2a: Baby Blobby|move: Taunt
|cant|p2a: Baby Blobby|move: Taunt|Toxic
|
|turn|21
|
|move|p1a: Heatran|Toxic|p2a: Baby Blobby
|-status|p2a: Baby Blobby|tox
|move|p2a: Baby Blobby|Seismic Toss|p1a: Heatran
|-damage|p1a: Heatran|285\/385
|
|-heal|p1a: Heatran|309\/385|[from] item: Leftovers
|-damage|p2a: Baby Blobby|581\/704 tox|[from] psn
|turn|22
|
|switch|p2a: Uncle Blobby|Quagsire, M, shiny|394\/394
|move|p1a: Heatran|Protect|p1a: Heatran
|-fail|p1a: Heatran
|
|-heal|p1a: Heatran|333\/385|[from] item: Leftovers
|turn|23
|
|switch|p1a: Keldeo|Keldeo|183\/323
|move|p2a: Uncle Blobby|Earthquake|p1a: Keldeo
|-damage|p1a: Keldeo|69\/323
|
|-heal|p1a: Keldeo|89\/323|[from] item: Leftovers
|turn|24
|
|switch|p1a: Clefable|Clefable, M|369\/394
|switch|p2a: Mr Blobby|Amoonguss, F, shiny|432\/432
|
|-heal|p1a: Clefable|393\/394|[from] item: Leftovers
|turn|25
|
|move|p1a: Clefable|Wish|p1a: Clefable
|move|p2a: Mr Blobby|Clear Smog|p1a: Clefable
|-supereffective|p1a: Clefable
|-damage|p1a: Clefable|297\/394
|-clearboost|p1a: Clefable
|
|-heal|p1a: Clefable|321\/394|[from] item: Leftovers
|turn|26
|
|switch|p1a: Heatran|Heatran, M|333\/385
|move|p2a: Mr Blobby|Giga Drain|p1a: Heatran
|-resisted|p1a: Heatran
|-damage|p1a: Heatran|318\/385
|
|-heal|p1a: Heatran|385\/385|[from] move: Wish|[wisher] Clefable
|turn|27
|
|switch|p2a: Baby Blobby|Chansey, F, shiny|581\/704
|move|p1a: Heatran|Toxic|p2a: Baby Blobby
|-status|p2a: Baby Blobby|tox
|
|-damage|p2a: Baby Blobby|537\/704 tox|[from] psn
|turn|28
|
|switch|p2a: Uncle Blobby|Quagsire, M, shiny|394\/394
|move|p1a: Heatran|Taunt|p2a: Uncle Blobby
|-start|p2a: Uncle Blobby|move: Taunt
|
|turn|29
|
|switch|p1a: Landorus-Therian|Landorus-Therian, M|215\/381
|-ability|p1a: Landorus-Therian|Intimidate|[of] p2a: Uncle Blobby
|-unboost|p2a: Uncle Blobby|atk|1
|move|p2a: Uncle Blobby|Scald|p1a: Landorus-Therian
|-supereffective|p1a: Landorus-Therian
|-damage|p1a: Landorus-Therian|57\/381
|-status|p1a: Landorus-Therian|brn
|
|-heal|p1a: Landorus-Therian|80\/381 brn|[from] item: Leftovers
|-damage|p1a: Landorus-Therian|33\/381 brn|[from] brn
|turn|30
|
|switch|p2a: Fuck Magnezone|Skarmory, F, shiny|278\/334
|move|p1a: Landorus-Therian|Stealth Rock|p2a: Fuck Magnezone
|-sidestart|p2: Amoonbro|move: Stealth Rock
|
|-heal|p1a: Landorus-Therian|56\/381 brn|[from] item: Leftovers
|-damage|p1a: Landorus-Therian|9\/381 brn|[from] brn
|turn|31
|
|move|p1a: Landorus-Therian|U-turn|p2a: Fuck Magnezone
|-resisted|p2a: Fuck Magnezone
|-damage|p2a: Fuck Magnezone|273\/334
|
|switch|p1a: Bisharp|Bisharp, F|272\/272
|move|p2a: Fuck Magnezone|Defog|p1a: Bisharp
|-unboost|p1a: Bisharp|evasion|1
|-boost|p1a: Bisharp|atk|2|[from] ability: Defiant
|-sideend|p2: Amoonbro|Stealth Rock|[from] move: Defog|[of] p2a: Fuck Magnezone
|
|turn|32
|
|move|p1a: Bisharp|Pursuit|p2a: Fuck Magnezone|[from]Pursuit
|-damage|p2a: Fuck Magnezone|60\/334
|switch|p2a: Uncle Blobby|Quagsire, M, shiny|394\/394
|
|turn|33
|
|move|p1a: Bisharp|Knock Off|p2a: Uncle Blobby
|-damage|p2a: Uncle Blobby|207\/394
|-enditem|p2a: Uncle Blobby|Leftovers|[from] move: Knock Off|[of] p1a: Bisharp
|move|p2a: Uncle Blobby|Earthquake|p1a: Bisharp
|-supereffective|p1a: Bisharp
|-damage|p1a: Bisharp|66\/272
|
|turn|34
|
|move|p1a: Bisharp|Iron Head|p2a: Uncle Blobby
|-resisted|p2a: Uncle Blobby
|-damage|p2a: Uncle Blobby|147\/394
|move|p2a: Uncle Blobby|Recover|p2a: Uncle Blobby
|-heal|p2a: Uncle Blobby|344\/394
|
|turn|35
|
|move|p1a: Bisharp|Sucker Punch|p2a: Uncle Blobby
|-fail|p2a: Uncle Blobby
|move|p2a: Uncle Blobby|Recover|p2a: Uncle Blobby
|-heal|p2a: Uncle Blobby|394\/394
|
|turn|36
|
|move|p1a: Bisharp|Sucker Punch|p2a: Uncle Blobby
|-fail|p2a: Uncle Blobby
|move|p2a: Uncle Blobby|Haze|p2a: Uncle Blobby
|-clearallboost
|
|turn|37
|
|move|p1a: Bisharp|Knock Off|p2a: Uncle Blobby
|-damage|p2a: Uncle Blobby|282\/394
|move|p2a: Uncle Blobby|Haze|p2a: Uncle Blobby
|-clearallboost
|
|turn|38
|
|move|p1a: Bisharp|Sucker Punch|p2a: Uncle Blobby
|-fail|p2a: Uncle Blobby
|move|p2a: Uncle Blobby|Recover|p2a: Uncle Blobby
|-heal|p2a: Uncle Blobby|394\/394
|
|turn|39
|
|switch|p1a: Clefable|Clefable, M|321\/394
|move|p2a: Uncle Blobby|Earthquake|p1a: Clefable
|-damage|p1a: Clefable|219\/394
|
|-heal|p1a: Clefable|243\/394|[from] item: Leftovers
|turn|40
|
|move|p1a: Clefable|Wish|p1a: Clefable
|move|p2a: Uncle Blobby|Earthquake|p1a: Clefable
|-damage|p1a: Clefable|131\/394
|
|-heal|p1a: Clefable|155\/394|[from] item: Leftovers
|turn|41
|
|move|p1a: Clefable|Protect|p1a: Clefable
|-singleturn|p1a: Clefable|Protect
|move|p2a: Uncle Blobby|Scald|p1a: Clefable
|-activate|p1a: Clefable|Protect
|
|-heal|p1a: Clefable|352\/394|[from] move: Wish|[wisher] Clefable
|-heal|p1a: Clefable|376\/394|[from] item: Leftovers
|turn|42
|
|move|p1a: Clefable|Wish|p1a: Clefable
|move|p2a: Uncle Blobby|Scald|p1a: Clefable
|-damage|p1a: Clefable|312\/394
|
|-heal|p1a: Clefable|336\/394|[from] item: Leftovers
|turn|43
|
|switch|p1a: Keldeo|Keldeo|89\/323
|move|p2a: Uncle Blobby|Scald|p1a: Keldeo
|-resisted|p1a: Keldeo
|-damage|p1a: Keldeo|53\/323
|-status|p1a: Keldeo|brn
|
|-heal|p1a: Keldeo|250\/323 brn|[from] move: Wish|[wisher] Clefable
|-heal|p1a: Keldeo|270\/323 brn|[from] item: Leftovers
|-damage|p1a: Keldeo|230\/323 brn|[from] brn
|turn|44
|
|switch|p1a: Clefable|Clefable, M|336\/394
|switch|p2a: Mr Blobby|Amoonguss, F, shiny|432\/432
|
|-heal|p1a: Clefable|360\/394|[from] item: Leftovers
|turn|45
|
|switch|p2a: Uncle Blobby|Quagsire, M, shiny|394\/394
|move|p1a: Clefable|Heal Bell|p1a: Clefable
|-cureteam|p1a: Clefable|[from] move: HealBell
|
|-heal|p1a: Clefable|384\/394|[from] item: Leftovers
|turn|46
|
|move|p1a: Clefable|Wish|p1a: Clefable
|move|p2a: Uncle Blobby|Earthquake|p1a: Clefable
|-damage|p1a: Clefable|284\/394
|
|-heal|p1a: Clefable|308\/394|[from] item: Leftovers
|turn|47
|
|switch|p1a: Keldeo|Keldeo|230\/323
|move|p2a: Uncle Blobby|Scald|p1a: Keldeo
|-resisted|p1a: Keldeo
|-damage|p1a: Keldeo|196\/323
|
|-heal|p1a: Keldeo|323\/323|[from] move: Wish|[wisher] Clefable
|turn|48
|
|switch|p1a: Metagross|Metagross|301\/301
|switch|p2a: Mr Blobby|Amoonguss, F, shiny|432\/432
|
|turn|49
|
|switch|p2a: Mrs Blobby|Alomomola, M, shiny|529\/529 tox
|detailschange|p1a: Metagross|Metagross-Mega
|-mega|p1a: Metagross|Metagross|Metagrossite
|move|p1a: Metagross|Zen Headbutt|p2a: Mrs Blobby
|-damage|p2a: Mrs Blobby|360\/529 tox
|
|-heal|p2a: Mrs Blobby|393\/529 tox|[from] item: Leftovers
|-damage|p2a: Mrs Blobby|360\/529 tox|[from] psn
|turn|50
|
|move|p1a: Metagross|Zen Headbutt|p2a: Mrs Blobby
|-damage|p2a: Mrs Blobby|197\/529 tox
|move|p2a: Mrs Blobby|Scald|p1a: Metagross
|-damage|p1a: Metagross|259\/301
|
|-heal|p2a: Mrs Blobby|230\/529 tox|[from] item: Leftovers
|-damage|p2a: Mrs Blobby|164\/529 tox|[from] psn
|turn|51
|
|switch|p2a: Uncle Blobby|Quagsire, M, shiny|394\/394
|move|p1a: Metagross|Zen Headbutt|p2a: Uncle Blobby|[miss]
|-miss|p1a: Metagross|p2a: Uncle Blobby
|
|turn|52
|
|move|p1a: Metagross|Zen Headbutt|p2a: Uncle Blobby
|-damage|p2a: Uncle Blobby|219\/394
|move|p2a: Uncle Blobby|Scald|p1a: Metagross
|-damage|p1a: Metagross|198\/301
|-status|p1a: Metagross|brn
|
|-damage|p1a: Metagross|161\/301 brn|[from] brn
|turn|53
|
|switch|p1a: Clefable|Clefable, M|308\/394
|move|p2a: Uncle Blobby|Recover|p2a: Uncle Blobby
|-heal|p2a: Uncle Blobby|394\/394
|
|-heal|p1a: Clefable|332\/394|[from] item: Leftovers
|turn|54
|
|move|p1a: Clefable|Heal Bell|p1a: Clefable
|-cureteam|p1a: Clefable|[from] move: HealBell
|move|p2a: Uncle Blobby|Scald|p1a: Clefable
|-damage|p1a: Clefable|266\/394
|
|-heal|p1a: Clefable|290\/394|[from] item: Leftovers
|turn|55
|
|move|p1a: Clefable|Wish|p1a: Clefable
|move|p2a: Uncle Blobby|Haze|p2a: Uncle Blobby
|-clearallboost
|
|-heal|p1a: Clefable|314\/394|[from] item: Leftovers
|turn|56
|
|move|p1a: Clefable|Moonblast|p2a: Uncle Blobby
|-damage|p2a: Uncle Blobby|240\/394
|-unboost|p2a: Uncle Blobby|spa|1
|move|p2a: Uncle Blobby|Scald|p1a: Clefable
|-damage|p1a: Clefable|256\/394
|
|-heal|p1a: Clefable|394\/394|[from] move: Wish|[wisher] Clefable
|turn|57
|
|move|p1a: Clefable|Wish|p1a: Clefable
|move|p2a: Uncle Blobby|Recover|p2a: Uncle Blobby
|-heal|p2a: Uncle Blobby|394\/394
|
|turn|58
|
|switch|p1a: Metagross|Metagross-Mega|161\/301
|move|p2a: Uncle Blobby|Scald|p1a: Metagross
|-crit|p1a: Metagross
|-damage|p1a: Metagross|70\/301
|
|-heal|p1a: Metagross|267\/301|[from] move: Wish|[wisher] Clefable
|turn|59
|
|switch|p1a: Clefable|Clefable, M|394\/394
|move|p2a: Uncle Blobby|Scald|p1a: Clefable
|-damage|p1a: Clefable|339\/394
|
|-heal|p1a: Clefable|363\/394|[from] item: Leftovers
|turn|60
|
|switch|p2a: Mr Blobby|Amoonguss, F, shiny|432\/432
|move|p1a: Clefable|Moonblast|p2a: Mr Blobby
|-resisted|p2a: Mr Blobby
|-damage|p2a: Mr Blobby|389\/432
|-unboost|p2a: Mr Blobby|spa|1
|
|-heal|p1a: Clefable|387\/394|[from] item: Leftovers
|turn|61
|
|switch|p1a: Bisharp|Bisharp, F|66\/272
|move|p2a: Mr Blobby|Clear Smog|p1a: Bisharp
|-immune|p1a: Bisharp|[msg]
|
|turn|62
|
|switch|p1a: Keldeo|Keldeo|323\/323
|switch|p2a: Uncle Blobby|Quagsire, M, shiny|394\/394
|
|turn|63
|
|switch|p2a: Mr Blobby|Amoonguss, F, shiny|432\/432
|move|p1a: Keldeo|Substitute|p1a: Keldeo
|-start|p1a: Keldeo|Substitute
|-damage|p1a: Keldeo|243\/323
|
|-heal|p1a: Keldeo|263\/323|[from] item: Leftovers
|turn|64
|
|move|p1a: Keldeo|Scald|p2a: Mr Blobby
|-resisted|p2a: Mr Blobby
|-damage|p2a: Mr Blobby|373\/432
|move|p2a: Mr Blobby|Giga Drain|p1a: Keldeo
|-crit|p1a: Keldeo
|-supereffective|p1a: Keldeo
|-end|p1a: Keldeo|Substitute
|-heal|p2a: Mr Blobby|413\/432|[from] drain|[of] p1a: Keldeo
|
|-heal|p1a: Keldeo|283\/323|[from] item: Leftovers
|turn|65
|
|switch|p1a: Heatran|Heatran, M|385\/385
|move|p2a: Mr Blobby|Foul Play|p1a: Heatran
|-damage|p1a: Heatran|323\/385
|
|-heal|p1a: Heatran|347\/385|[from] item: Leftovers
|turn|66
|
|switch|p2a: Baby Blobby|Chansey, F, shiny|537\/704
|move|p1a: Heatran|Toxic|p2a: Baby Blobby|[miss]
|-miss|p1a: Heatran|p2a: Baby Blobby
|
|-heal|p1a: Heatran|371\/385|[from] item: Leftovers
|turn|67
|
|move|p1a: Heatran|Taunt|p2a: Baby Blobby
|-start|p2a: Baby Blobby|move: Taunt
|cant|p2a: Baby Blobby|move: Taunt|Heal Bell
|
|-heal|p1a: Heatran|385\/385|[from] item: Leftovers
|turn|68
|
|switch|p2a: Mr Blobby|Amoonguss, F, shiny|432\/432
|move|p1a: Heatran|Toxic|p2a: Mr Blobby
|-fail|p2a: Mr Blobby
|
|turn|69
|
|switch|p2a: Uncle Blobby|Quagsire, M, shiny|394\/394
|move|p1a: Heatran|Toxic|p2a: Uncle Blobby
|-status|p2a: Uncle Blobby|tox
|
|-damage|p2a: Uncle Blobby|370\/394 tox|[from] psn
|turn|70
|
|move|p1a: Heatran|Protect|p1a: Heatran
|-singleturn|p1a: Heatran|Protect
|move|p2a: Uncle Blobby|Earthquake|p1a: Heatran
|-activate|p1a: Heatran|Protect
|
|-damage|p2a: Uncle Blobby|322\/394 tox|[from] psn
|turn|71
|
|switch|p1a: Landorus-Therian|Landorus-Therian, M|9\/381
|-ability|p1a: Landorus-Therian|Intimidate|[of] p2a: Uncle Blobby
|-unboost|p2a: Uncle Blobby|atk|1
|switch|p2a: Baby Blobby|Chansey, F, shiny|537\/704
|
|-heal|p1a: Landorus-Therian|32\/381|[from] item: Leftovers
|turn|72
|
|move|p1a: Landorus-Therian|U-turn|p2a: Baby Blobby
|-damage|p2a: Baby Blobby|427\/704
|
|switch|p1a: Heatran|Heatran, M|385\/385
|move|p2a: Baby Blobby|Heal Bell|p2a: Baby Blobby
|-cureteam|p2a: Baby Blobby|[from] move: HealBell
|
|turn|73
|
|switch|p2a: Uncle Blobby|Quagsire, M, shiny|322\/394
|move|p1a: Heatran|Toxic|p2a: Uncle Blobby
|-status|p2a: Uncle Blobby|tox
|
|-damage|p2a: Uncle Blobby|298\/394 tox|[from] psn
|turn|74
|
|switch|p1a: Metagross|Metagross-Mega|267\/301
|move|p2a: Uncle Blobby|Scald|p1a: Metagross
|-damage|p1a: Metagross|203\/301
|
|-damage|p2a: Uncle Blobby|250\/394 tox|[from] psn
|turn|75
|
|switch|p2a: Mrs Blobby|Alomomola, M, shiny|340\/529
|move|p1a: Metagross|Zen Headbutt|p2a: Mrs Blobby
|-damage|p2a: Mrs Blobby|178\/529
|
|-heal|p2a: Mrs Blobby|211\/529|[from] item: Leftovers
|turn|76
|
|move|p1a: Metagross|Zen Headbutt|p2a: Mrs Blobby
|-damage|p2a: Mrs Blobby|34\/529
|move|p2a: Mrs Blobby|Wish|p2a: Mrs Blobby
|
|-heal|p2a: Mrs Blobby|67\/529|[from] item: Leftovers
|turn|77
|
|switch|p2a: Fuck Magnezone|Skarmory, F, shiny|60\/334
|move|p1a: Metagross|Ice Punch|p2a: Fuck Magnezone
|-damage|p2a: Fuck Magnezone|0 fnt
|faint|p2a: Fuck Magnezone
|
|
|switch|p2a: Mrs Blobby|Alomomola, M, shiny|243\/529
|turn|78
|
|move|p1a: Metagross|Zen Headbutt|p2a: Mrs Blobby
|-damage|p2a: Mrs Blobby|65\/529
|move|p2a: Mrs Blobby|Wish|p2a: Mrs Blobby
|
|-heal|p2a: Mrs Blobby|98\/529|[from] item: Leftovers
|turn|79
|
|move|p2a: Mrs Blobby|Protect|p2a: Mrs Blobby
|-singleturn|p2a: Mrs Blobby|Protect
|move|p1a: Metagross|Meteor Mash|p2a: Mrs Blobby
|-activate|p2a: Mrs Blobby|Protect
|
|-heal|p2a: Mrs Blobby|362\/529|[from] move: Wish|[wisher] Mrs Blobby
|-heal|p2a: Mrs Blobby|395\/529|[from] item: Leftovers
|turn|80
|
|move|p1a: Metagross|Zen Headbutt|p2a: Mrs Blobby
|-damage|p2a: Mrs Blobby|229\/529
|move|p2a: Mrs Blobby|Wish|p2a: Mrs Blobby
|
|-heal|p2a: Mrs Blobby|262\/529|[from] item: Leftovers
|turn|81
|
|move|p1a: Metagross|Earthquake|p2a: Mrs Blobby
|-damage|p2a: Mrs Blobby|161\/529
|move|p2a: Mrs Blobby|Scald|p1a: Metagross
|-damage|p1a: Metagross|160\/301
|-status|p1a: Metagross|brn
|
|-heal|p2a: Mrs Blobby|425\/529|[from] move: Wish|[wisher] Mrs Blobby
|-heal|p2a: Mrs Blobby|458\/529|[from] item: Leftovers
|-damage|p1a: Metagross|123\/301 brn|[from] brn
|turn|82
|
|switch|p1a: Keldeo|Keldeo|283\/323
|move|p2a: Mrs Blobby|Wish|p2a: Mrs Blobby
|
|-heal|p1a: Keldeo|303\/323|[from] item: Leftovers
|-heal|p2a: Mrs Blobby|491\/529|[from] item: Leftovers
|turn|83
|
|switch|p1a: Heatran|Heatran, M|385\/385
|switch|p2a: Baby Blobby|Chansey, F, shiny|427\/704
|
|-heal|p2a: Baby Blobby|691\/704|[from] move: Wish|[wisher] Mrs Blobby
|turn|84
|
|switch|p2a: Uncle Blobby|Quagsire, M, shiny|250\/394 tox
|move|p1a: Heatran|Toxic|p2a: Uncle Blobby
|-fail|p2a: Uncle Blobby|tox
|
|-damage|p2a: Uncle Blobby|226\/394 tox|[from] psn
|turn|85
|
|move|p1a: Heatran|Taunt|p2a: Uncle Blobby
|-start|p2a: Uncle Blobby|move: Taunt
|cant|p2a: Uncle Blobby|move: Taunt|Recover
|
|-damage|p2a: Uncle Blobby|178\/394 tox|[from] psn
|turn|86
|
|switch|p1a: Keldeo|Keldeo|303\/323
|switch|p2a: Baby Blobby|Chansey, F, shiny|691\/704
|
|-heal|p1a: Keldeo|323\/323|[from] item: Leftovers
|turn|87
|
|switch|p2a: Mr Blobby|Amoonguss, F, shiny|432\/432
|move|p1a: Keldeo|Secret Sword|p2a: Mr Blobby
|-resisted|p2a: Mr Blobby
|-damage|p2a: Mr Blobby|363\/432
|
|turn|88
|
|switch|p1a: Heatran|Heatran, M|385\/385
|move|p2a: Mr Blobby|Foul Play|p1a: Heatran
|-damage|p1a: Heatran|329\/385
|
|-heal|p1a: Heatran|353\/385|[from] item: Leftovers
|turn|89
|
|switch|p2a: Baby Blobby|Chansey, F, shiny|691\/704
|move|p1a: Heatran|Lava Plume|p2a: Baby Blobby
|-damage|p2a: Baby Blobby|619\/704
|
|-heal|p1a: Heatran|377\/385|[from] item: Leftovers
|turn|90
|
|move|p1a: Heatran|Taunt|p2a: Baby Blobby
|-start|p2a: Baby Blobby|move: Taunt
|move|p2a: Baby Blobby|Seismic Toss|p1a: Heatran
|-damage|p1a: Heatran|277\/385
|
|-heal|p1a: Heatran|301\/385|[from] item: Leftovers
|turn|91
|
|move|p1a: Heatran|Toxic|p2a: Baby Blobby
|-status|p2a: Baby Blobby|tox
|move|p2a: Baby Blobby|Seismic Toss|p1a: Heatran
|-damage|p1a: Heatran|201\/385
|
|-heal|p1a: Heatran|225\/385|[from] item: Leftovers
|-damage|p2a: Baby Blobby|575\/704 tox|[from] psn
|turn|92
|
|move|p1a: Heatran|Protect|p1a: Heatran
|-singleturn|p1a: Heatran|Protect
|move|p2a: Baby Blobby|Seismic Toss|p1a: Heatran
|-activate|p1a: Heatran|Protect
|
|-heal|p1a: Heatran|249\/385|[from] item: Leftovers
|-damage|p2a: Baby Blobby|487\/704 tox|[from] psn
|-end|p2a: Baby Blobby|move: Taunt
|turn|93
|
|switch|p2a: Mrs Blobby|Alomomola, M, shiny|529\/529
|move|p1a: Heatran|Taunt|p2a: Mrs Blobby
|-start|p2a: Mrs Blobby|move: Taunt
|
|-heal|p1a: Heatran|273\/385|[from] item: Leftovers
|turn|94
|
|switch|p2a: Baby Blobby|Chansey, F, shiny|487\/704
|move|p1a: Heatran|Toxic|p2a: Baby Blobby
|-status|p2a: Baby Blobby|tox
|
|-heal|p1a: Heatran|297\/385|[from] item: Leftovers
|-damage|p2a: Baby Blobby|443\/704 tox|[from] psn
|turn|95
|
|move|p1a: Heatran|Taunt|p2a: Baby Blobby
|-start|p2a: Baby Blobby|move: Taunt
|cant|p2a: Baby Blobby|move: Taunt|Soft-Boiled
|
|-heal|p1a: Heatran|321\/385|[from] item: Leftovers
|-damage|p2a: Baby Blobby|355\/704 tox|[from] psn
|turn|96
|
|switch|p2a: Mrs Blobby|Alomomola, M, shiny|529\/529
|move|p1a: Heatran|Toxic|p2a: Mrs Blobby
|-status|p2a: Mrs Blobby|tox
|
|-heal|p1a: Heatran|345\/385|[from] item: Leftovers
|-damage|p2a: Mrs Blobby|496\/529 tox|[from] psn
|turn|97
|
|move|p1a: Heatran|Lava Plume|p2a: Mrs Blobby
|-resisted|p2a: Mrs Blobby
|-damage|p2a: Mrs Blobby|391\/529 tox
|move|p2a: Mrs Blobby|Wish|p2a: Mrs Blobby
|
|-heal|p1a: Heatran|369\/385|[from] item: Leftovers
|-heal|p2a: Mrs Blobby|424\/529 tox|[from] item: Leftovers
|-damage|p2a: Mrs Blobby|358\/529 tox|[from] psn
|turn|98
|
|switch|p1a: Keldeo|Keldeo|323\/323
|switch|p2a: Baby Blobby|Chansey, F, shiny|355\/704
|
|-heal|p2a: Baby Blobby|619\/704|[from] move: Wish|[wisher] Mrs Blobby
|turn|99
|
|switch|p2a: Mr Blobby|Amoonguss, F, shiny|432\/432
|move|p1a: Keldeo|Secret Sword|p2a: Mr Blobby
|-resisted|p2a: Mr Blobby
|-damage|p2a: Mr Blobby|366\/432
|
|turn|100
|
|switch|p2a: Baby Blobby|Chansey, F, shiny|619\/704
|move|p1a: Keldeo|Substitute|p1a: Keldeo
|-start|p1a: Keldeo|Substitute
|-damage|p1a: Keldeo|243\/323
|
|-heal|p1a: Keldeo|263\/323|[from] item: Leftovers
|turn|101
|
|switch|p2a: Mr Blobby|Amoonguss, F, shiny|432\/432
|move|p1a: Keldeo|Calm Mind|p1a: Keldeo
|-boost|p1a: Keldeo|spa|1
|-boost|p1a: Keldeo|spd|1
|
|-heal|p1a: Keldeo|283\/323|[from] item: Leftovers
|turn|102
|
|move|p1a: Keldeo|Scald|p2a: Mr Blobby
|-resisted|p2a: Mr Blobby
|-damage|p2a: Mr Blobby|342\/432
|-status|p2a: Mr Blobby|brn
|move|p2a: Mr Blobby|Giga Drain|p1a: Keldeo
|-supereffective|p1a: Keldeo
|-end|p1a: Keldeo|Substitute
|-heal|p2a: Mr Blobby|382\/432 brn|[from] drain|[of] p1a: Keldeo
|
|-heal|p1a: Keldeo|303\/323|[from] item: Leftovers
|-damage|p2a: Mr Blobby|328\/432 brn|[from] brn
|turn|103
|
|move|p1a: Keldeo|Substitute|p1a: Keldeo
|-start|p1a: Keldeo|Substitute
|-damage|p1a: Keldeo|223\/323
|move|p2a: Mr Blobby|Clear Smog|p1a: Keldeo
|-activate|p1a: Keldeo|Substitute|[damage]
|
|-heal|p1a: Keldeo|243\/323|[from] item: Leftovers
|-damage|p2a: Mr Blobby|274\/432 brn|[from] brn
|turn|104
|
|move|p1a: Keldeo|Secret Sword|p2a: Mr Blobby
|-resisted|p2a: Mr Blobby
|-damage|p2a: Mr Blobby|168\/432 brn
|move|p2a: Mr Blobby|Giga Drain|p1a: Keldeo
|-supereffective|p1a: Keldeo
|-end|p1a: Keldeo|Substitute
|-heal|p2a: Mr Blobby|190\/432 brn|[from] drain|[of] p1a: Keldeo
|
|-heal|p1a: Keldeo|263\/323|[from] item: Leftovers
|-damage|p2a: Mr Blobby|136\/432 brn|[from] brn
|turn|105
|
|switch|p2a: Mrs Blobby|Alomomola, M, shiny|529\/529 tox
|move|p1a: Keldeo|Secret Sword|p2a: Mrs Blobby
|-damage|p2a: Mrs Blobby|339\/529 tox
|
|-heal|p1a: Keldeo|283\/323|[from] item: Leftovers
|-heal|p2a: Mrs Blobby|372\/529 tox|[from] item: Leftovers
|-damage|p2a: Mrs Blobby|339\/529 tox|[from] psn
|turn|106
|
|move|p1a: Keldeo|Substitute|p1a: Keldeo
|-start|p1a: Keldeo|Substitute
|-damage|p1a: Keldeo|203\/323
|move|p2a: Mrs Blobby|Wish|p2a: Mrs Blobby
|
|-heal|p1a: Keldeo|223\/323|[from] item: Leftovers
|-heal|p2a: Mrs Blobby|372\/529 tox|[from] item: Leftovers
|-damage|p2a: Mrs Blobby|306\/529 tox|[from] psn
|turn|107
|
|switch|p2a: Mr Blobby|Amoonguss, F, shiny|280\/432 brn
|move|p1a: Keldeo|Calm Mind|p1a: Keldeo
|-boost|p1a: Keldeo|spa|1
|-boost|p1a: Keldeo|spd|1
|
|-heal|p2a: Mr Blobby|432\/432 brn|[from] move: Wish|[wisher] Mrs Blobby
|-heal|p1a: Keldeo|243\/323|[from] item: Leftovers
|-damage|p2a: Mr Blobby|378\/432 brn|[from] brn
|turn|108
|
|move|p1a: Keldeo|Secret Sword|p2a: Mr Blobby
|-resisted|p2a: Mr Blobby
|-damage|p2a: Mr Blobby|239\/432 brn
|move|p2a: Mr Blobby|Giga Drain|p1a: Keldeo
|-supereffective|p1a: Keldeo
|-end|p1a: Keldeo|Substitute
|-heal|p2a: Mr Blobby|279\/432 brn|[from] drain|[of] p1a: Keldeo
|
|-heal|p1a: Keldeo|263\/323|[from] item: Leftovers
|-damage|p2a: Mr Blobby|225\/432 brn|[from] brn
|turn|109
|
|move|p1a: Keldeo|Substitute|p1a: Keldeo
|-start|p1a: Keldeo|Substitute
|-damage|p1a: Keldeo|183\/323
|move|p2a: Mr Blobby|Giga Drain|p1a: Keldeo
|-supereffective|p1a: Keldeo
|-end|p1a: Keldeo|Substitute
|-heal|p2a: Mr Blobby|265\/432 brn|[from] drain|[of] p1a: Keldeo
|
|-heal|p1a: Keldeo|203\/323|[from] item: Leftovers
|-damage|p2a: Mr Blobby|211\/432 brn|[from] brn
|turn|110
|
|move|p1a: Keldeo|Secret Sword|p2a: Mr Blobby
|-crit|p2a: Mr Blobby
|-resisted|p2a: Mr Blobby
|-damage|p2a: Mr Blobby|13\/432 brn
|move|p2a: Mr Blobby|Giga Drain|p1a: Keldeo
|-supereffective|p1a: Keldeo
|-damage|p1a: Keldeo|117\/323
|-heal|p2a: Mr Blobby|56\/432 brn|[from] drain|[of] p1a: Keldeo
|
|-heal|p1a: Keldeo|137\/323|[from] item: Leftovers
|-damage|p2a: Mr Blobby|2\/432 brn|[from] brn
|turn|111
|-message|Amoonbro forfeited.
|
|win|Healing Wizh
|raw|Ladder updating...
|leave|Amoonbro
|player|p2
|raw|Healing Wizh's rating: 1380 &rarr; <strong>1404<\/strong><br \/>(+24 for winning)
|raw|Amoonbro's rating: 1437 &rarr; <strong>1414<\/strong><br \/>(-23 for losing)