|join|Turducken64
|join|Amoonbro
|player|p1|Turducken64|10
|player|p2|Amoonbro|1
|gametype|singles
|gen|6
|tier|OU
|rated
|clearpoke
|poke|p1|Sceptile, F
|poke|p1|Diggersby, M
|poke|p1|Sylveon, F
|poke|p1|Keldeo
|poke|p1|Zapdos
|poke|p1|Heatran, F
|poke|p2|Chansey, F, shiny
|poke|p2|Skarmory, F, shiny
|poke|p2|Alomomola, F, shiny
|poke|p2|Amoonguss, M, shiny
|poke|p2|Quagsire, M, shiny
|poke|p2|Sableye, M, shiny
|rule|Swagger Clause: Swagger is banned
|rule|Baton Pass Clause: Limit one PokÃ©mon knowing Baton Pass
|rule|Sleep Clause Mod: Limit one foe put to sleep
|rule|Species Clause: Limit one of each PokÃ©mon
|rule|OHKO Clause: OHKO moves are banned
|rule|Moody Clause: Moody is banned
|rule|Evasion Moves Clause: Evasion moves are banned
|rule|Endless Battle Clause: Forcing endless battles is banned
|rule|HP Percentage Mod: HP is shown in percentages
|teampreview
|
|start
|switch|p1a: Keldeo|Keldeo|323\/323
|switch|p2a: Uncle Blobby|Quagsire, M, shiny|394\/394
|turn|1
|
|switch|p2a: Mr Blobby|Amoonguss, M, shiny|432\/432
|move|p1a: Keldeo|Substitute|p1a: Keldeo
|-start|p1a: Keldeo|Substitute
|-damage|p1a: Keldeo|243\/323
|
|-heal|p1a: Keldeo|263\/323|[from] item: Leftovers
|turn|2
|
|move|p1a: Keldeo|Calm Mind|p1a: Keldeo
|-boost|p1a: Keldeo|spa|1
|-boost|p1a: Keldeo|spd|1
|move|p2a: Mr Blobby|Giga Drain|p1a: Keldeo
|-supereffective|p1a: Keldeo
|-end|p1a: Keldeo|Substitute
|
|-heal|p1a: Keldeo|283\/323|[from] item: Leftovers
|turn|3
|
|move|p1a: Keldeo|Substitute|p1a: Keldeo
|-start|p1a: Keldeo|Substitute
|-damage|p1a: Keldeo|203\/323
|move|p2a: Mr Blobby|Giga Drain|p1a: Keldeo
|-supereffective|p1a: Keldeo
|-end|p1a: Keldeo|Substitute
|
|-heal|p1a: Keldeo|223\/323|[from] item: Leftovers
|turn|4
|
|move|p1a: Keldeo|Calm Mind|p1a: Keldeo
|-boost|p1a: Keldeo|spa|1
|-boost|p1a: Keldeo|spd|1
|move|p2a: Mr Blobby|Giga Drain|p1a: Keldeo
|-supereffective|p1a: Keldeo
|-damage|p1a: Keldeo|137\/323
|
|-heal|p1a: Keldeo|157\/323|[from] item: Leftovers
|turn|5
|
|move|p1a: Keldeo|Substitute|p1a: Keldeo
|-start|p1a: Keldeo|Substitute
|-damage|p1a: Keldeo|77\/323
|move|p2a: Mr Blobby|Giga Drain|p1a: Keldeo
|-supereffective|p1a: Keldeo
|-end|p1a: Keldeo|Substitute
|
|-heal|p1a: Keldeo|97\/323|[from] item: Leftovers
|turn|6
|
|move|p1a: Keldeo|Calm Mind|p1a: Keldeo
|-boost|p1a: Keldeo|spa|1
|-boost|p1a: Keldeo|spd|1
|move|p2a: Mr Blobby|Giga Drain|p1a: Keldeo
|-supereffective|p1a: Keldeo
|-damage|p1a: Keldeo|29\/323
|
|-heal|p1a: Keldeo|49\/323|[from] item: Leftovers
|turn|7
|
|move|p1a: Keldeo|Scald|p2a: Mr Blobby
|-resisted|p2a: Mr Blobby
|-damage|p2a: Mr Blobby|294\/432
|-status|p2a: Mr Blobby|brn
|move|p2a: Mr Blobby|Giga Drain|p1a: Keldeo
|-supereffective|p1a: Keldeo
|-damage|p1a: Keldeo|0 fnt
|-heal|p2a: Mr Blobby|319\/432 brn|[from] drain|[of] p1a: Keldeo
|faint|p1a: Keldeo
|
|-damage|p2a: Mr Blobby|265\/432 brn|[from] brn
|
|switch|p1a: Sceptile|Sceptile, F|281\/281
|turn|8
|
|switch|p1a: Diggersby|Diggersby, M|311\/311
|switch|p2a: Baby Blobby|Chansey, F, shiny|704\/704
|
|turn|9
|
|switch|p2a: Mrs Blobby|Alomomola, F, shiny|529\/529
|move|p1a: Diggersby|U-turn|p2a: Mrs Blobby
|-damage|p2a: Mrs Blobby|453\/529
|
|switch|p1a: Sceptile|Sceptile, F|281\/281
|
|-heal|p2a: Mrs Blobby|486\/529|[from] item: Leftovers
|turn|10
|
|switch|p2a: Baby Blobby|Chansey, F, shiny|704\/704
|detailschange|p1a: Sceptile|Sceptile-Mega, F
|-mega|p1a: Sceptile|Sceptile|Sceptilite
|move|p1a: Sceptile|Swords Dance|p1a: Sceptile
|-boost|p1a: Sceptile|atk|2
|
|turn|11
|
|switch|p2a: Fuck Magnezone|Skarmory, F, shiny|334\/334
|move|p1a: Sceptile|Dragon Claw|p2a: Fuck Magnezone
|-resisted|p2a: Fuck Magnezone
|-damage|p2a: Fuck Magnezone|257\/334
|
|turn|12
|
|move|p1a: Sceptile|Dragon Claw|p2a: Fuck Magnezone
|-resisted|p2a: Fuck Magnezone
|-damage|p2a: Fuck Magnezone|184\/334
|move|p2a: Fuck Magnezone|Brave Bird|p1a: Sceptile
|-supereffective|p1a: Sceptile
|-damage|p1a: Sceptile|0 fnt
|-damage|p2a: Fuck Magnezone|91\/334|[from] recoil|[of] p1a: Sceptile
|faint|p1a: Sceptile
|
|-message|Turducken64 forfeited.
|leave|Turducken64
|
|win|Amoonbro
|raw|Ladder updating...
|player|p1
|raw|Turducken64's rating: 1649 &rarr; <strong>1632<\/strong><br \/>(-17 for losing)
|raw|Amoonbro's rating: 1691 &rarr; <strong>1709<\/strong><br \/>(+18 for winning)