|join|himf
|join|Amoonbro
|player|p1|himf|30
|player|p2|Amoonbro|102
|gametype|singles
|gen|6
|tier|OU
|rated
|clearpoke
|poke|p1|Maractus, F
|poke|p1|Ferrothorn, M
|poke|p1|Gliscor, M
|poke|p1|Goodra, F
|poke|p1|Heatran, M
|poke|p1|Sylveon, F
|poke|p2|Chansey, F, shiny
|poke|p2|Skarmory, F, shiny
|poke|p2|Alomomola, M, shiny
|poke|p2|Amoonguss, M, shiny
|poke|p2|Quagsire, M, shiny
|poke|p2|Sableye, F, shiny
|rule|Swagger Clause: Swagger is banned
|rule|Baton Pass Clause: Limit one PokÃ©mon knowing Baton Pass
|rule|Sleep Clause Mod: Limit one foe put to sleep
|rule|Species Clause: Limit one of each PokÃ©mon
|rule|OHKO Clause: OHKO moves are banned
|rule|Moody Clause: Moody is banned
|rule|Evasion Moves Clause: Evasion moves are banned
|rule|Endless Battle Clause: Forcing endless battles is banned
|rule|HP Percentage Mod: HP is shown in percentages
|teampreview
|
|start
|switch|p1a: Maractus|Maractus, F|342\/342
|switch|p2a: Not Mega|Sableye, F, shiny|304\/304
|turn|1
|join|NotSilkWeaver
|
|detailschange|p2a: Not Mega|Sableye-Mega, F, shiny
|-mega|p2a: Not Mega|Sableye|Sablenite
|move|p2a: Not Mega|Will-O-Wisp|p1a: Maractus
|-status|p1a: Maractus|brn
|move|p1a: Maractus|Sunny Day|p1a: Maractus
|-weather|SunnyDay
|
|-weather|SunnyDay|[upkeep]
|-damage|p1a: Maractus|300\/342 brn|[from] brn
|turn|2
|c| NotSilkWeaver|Psh I'm bored, so I'm following you aorund :|
|
|move|p1a: Maractus|Cotton Guard|p1a: Maractus
|-boost|p1a: Maractus|def|3
|move|p2a: Not Mega|Knock Off|p1a: Maractus
|-damage|p1a: Maractus|248\/342 brn
|-enditem|p1a: Maractus|Life Orb|[from] move: Knock Off|[of] p2a: Not Mega
|
|-weather|SunnyDay|[upkeep]
|-damage|p1a: Maractus|206\/342 brn|[from] brn
|turn|3
|
|move|p1a: Maractus|Synthesis|p1a: Maractus
|-heal|p1a: Maractus|342\/342 brn
|move|p2a: Not Mega|Knock Off|p1a: Maractus
|-damage|p1a: Maractus|306\/342 brn
|
|-weather|SunnyDay|[upkeep]
|-damage|p1a: Maractus|264\/342 brn|[from] brn
|turn|4
|c|âAmoonbro|thats fine
|
|move|p1a: Maractus|Giga Drain|p2a: Not Mega
|-damage|p2a: Not Mega|220\/304
|-heal|p1a: Maractus|306\/342 brn|[from] drain|[of] p2a: Not Mega
|move|p2a: Not Mega|Knock Off|p1a: Maractus
|-damage|p1a: Maractus|270\/342 brn
|
|-weather|SunnyDay|[upkeep]
|-damage|p1a: Maractus|228\/342 brn|[from] brn
|turn|5
|c|âAmoonbro|this guy is uber slow at making moves tho
|
|move|p1a: Maractus|Giga Drain|p2a: Not Mega
|-damage|p2a: Not Mega|138\/304
|-heal|p1a: Maractus|269\/342 brn|[from] drain|[of] p2a: Not Mega
|move|p2a: Not Mega|Recover|p2a: Not Mega
|-heal|p2a: Not Mega|290\/304
|
|-weather|none
|-damage|p1a: Maractus|227\/342 brn|[from] brn
|turn|6
|-message|himf forfeited.
|
|win|Amoonbro
|raw|Ladder updating...
|leave|himf
|player|p1
|raw|himf's rating: 1240 &rarr; <strong>1217<\/strong><br \/>(-23 for losing)
|raw|Amoonbro's rating: 1275 &rarr; <strong>1298<\/strong><br \/>(+23 for winning)