|join|Amoonbro
|join|Marcos Sca
|player|p1|Amoonbro|102
|player|p2|Marcos Sca|262
|gametype|singles
|gen|6
|tier|OU
|rated
|clearpoke
|poke|p1|Chansey, F, shiny
|poke|p1|Skarmory, M, shiny
|poke|p1|Alomomola, F, shiny
|poke|p1|Amoonguss, F, shiny
|poke|p1|Quagsire, M, shiny
|poke|p1|Sableye, M, shiny
|poke|p2|Scizor, M
|poke|p2|Serperior, F, shiny
|poke|p2|Gyarados, F
|poke|p2|Jolteon, M
|poke|p2|Sigilyph, M
|poke|p2|Infernape, M
|rule|Swagger Clause: Swagger is banned
|rule|Baton Pass Clause: Limit one PokÃ©mon knowing Baton Pass
|rule|Sleep Clause Mod: Limit one foe put to sleep
|rule|Species Clause: Limit one of each PokÃ©mon
|rule|OHKO Clause: OHKO moves are banned
|rule|Moody Clause: Moody is banned
|rule|Evasion Moves Clause: Evasion moves are banned
|rule|Endless Battle Clause: Forcing endless battles is banned
|rule|HP Percentage Mod: HP is shown in percentages
|teampreview
|
|start
|switch|p1a: Not Mega|Sableye, M, shiny|304\/304
|switch|p2a: Gyarados|Gyarados, F|331\/331
|-ability|p2a: Gyarados|Intimidate|[of] p1a: Not Mega
|-unboost|p1a: Not Mega|atk|1
|turn|1
|
|detailschange|p1a: Not Mega|Sableye-Mega, M, shiny
|-mega|p1a: Not Mega|Sableye|Sablenite
|move|p1a: Not Mega|Will-O-Wisp|p2a: Gyarados
|-status|p2a: Gyarados|brn
|move|p2a: Gyarados|Dragon Tail|p1a: Not Mega
|-damage|p1a: Not Mega|281\/304
|drag|p1a: Baby Blobby|Chansey, F, shiny|704\/704
|
|-damage|p2a: Gyarados|290\/331 brn|[from] brn
|turn|2
|
|switch|p1a: Mrs Blobby|Alomomola, F, shiny|529\/529
|move|p2a: Gyarados|Avalanche|p1a: Mrs Blobby
|-resisted|p1a: Mrs Blobby
|-damage|p1a: Mrs Blobby|513\/529
|
|-heal|p2a: Gyarados|310\/331 brn|[from] item: Leftovers
|-heal|p1a: Mrs Blobby|529\/529|[from] item: Leftovers
|-damage|p2a: Gyarados|269\/331 brn|[from] brn
|turn|3
|
|move|p2a: Gyarados|Earthquake|p1a: Mrs Blobby
|-damage|p1a: Mrs Blobby|473\/529
|move|p1a: Mrs Blobby|Toxic|p2a: Gyarados
|-fail|p2a: Gyarados
|
|-heal|p2a: Gyarados|289\/331 brn|[from] item: Leftovers
|-heal|p1a: Mrs Blobby|506\/529|[from] item: Leftovers
|-damage|p2a: Gyarados|248\/331 brn|[from] brn
|turn|4
|
|move|p1a: Mrs Blobby|Toxic|p2a: Gyarados
|-fail|p2a: Gyarados
|move|p2a: Gyarados|Dragon Tail|p1a: Mrs Blobby|[miss]
|-miss|p2a: Gyarados|p1a: Mrs Blobby
|
|-heal|p2a: Gyarados|268\/331 brn|[from] item: Leftovers
|-heal|p1a: Mrs Blobby|529\/529|[from] item: Leftovers
|-damage|p2a: Gyarados|227\/331 brn|[from] brn
|turn|5
|
|move|p1a: Mrs Blobby|Toxic|p2a: Gyarados
|-fail|p2a: Gyarados
|move|p2a: Gyarados|Avalanche|p1a: Mrs Blobby
|-resisted|p1a: Mrs Blobby
|-damage|p1a: Mrs Blobby|513\/529
|
|-heal|p2a: Gyarados|247\/331 brn|[from] item: Leftovers
|-heal|p1a: Mrs Blobby|529\/529|[from] item: Leftovers
|-damage|p2a: Gyarados|206\/331 brn|[from] brn
|turn|6
|
|switch|p2a: Jolteon|Jolteon, M|271\/271
|move|p1a: Mrs Blobby|Toxic|p2a: Jolteon
|-status|p2a: Jolteon|tox
|
|-damage|p2a: Jolteon|255\/271 tox|[from] psn
|turn|7
|
|move|p1a: Mrs Blobby|Protect|p1a: Mrs Blobby
|-singleturn|p1a: Mrs Blobby|Protect
|move|p2a: Jolteon|Volt Switch|p1a: Mrs Blobby
|-activate|p1a: Mrs Blobby|Protect
|
|-heal|p2a: Jolteon|271\/271 tox|[from] item: Leftovers
|-damage|p2a: Jolteon|239\/271 tox|[from] psn
|turn|8
|
|switch|p1a: Uncle Blobby|Quagsire, M, shiny|394\/394
|move|p2a: Jolteon|Volt Switch|p1a: Uncle Blobby
|-immune|p1a: Uncle Blobby|[msg]
|
|-heal|p2a: Jolteon|255\/271 tox|[from] item: Leftovers
|-damage|p2a: Jolteon|207\/271 tox|[from] psn
|turn|9
|
|switch|p1a: Baby Blobby|Chansey, F, shiny|704\/704
|move|p2a: Jolteon|Shadow Ball|p1a: Baby Blobby
|-immune|p1a: Baby Blobby|[msg]
|
|-heal|p2a: Jolteon|223\/271 tox|[from] item: Leftovers
|-damage|p2a: Jolteon|159\/271 tox|[from] psn
|turn|10
|
|switch|p1a: Uncle Blobby|Quagsire, M, shiny|394\/394
|move|p2a: Jolteon|Volt Switch|p1a: Uncle Blobby
|-immune|p1a: Uncle Blobby|[msg]
|
|-heal|p2a: Jolteon|175\/271 tox|[from] item: Leftovers
|-damage|p2a: Jolteon|95\/271 tox|[from] psn
|turn|11
|c|âAmoonbro|epic LOL
|c|âMarcos Sca|xD
|
|switch|p1a: Baby Blobby|Chansey, F, shiny|704\/704
|move|p2a: Jolteon|Volt Switch|p1a: Baby Blobby
|-damage|p1a: Baby Blobby|632\/704
|
|switch|p2a: Sigilyph|Sigilyph, M|286\/286
|
|-status|p2a: Sigilyph|brn|[from] item: Flame Orb
|turn|12
|
|switch|p1a: Mr Blobby|Amoonguss, F, shiny|432\/432
|move|p2a: Sigilyph|Psycho Shift|p1a: Mr Blobby
|-status|p1a: Mr Blobby|brn
|-curestatus|p2a: Sigilyph|brn
|
|-damage|p1a: Mr Blobby|378\/432 brn|[from] brn
|-status|p2a: Sigilyph|brn|[from] item: Flame Orb
|turn|13
|
|switch|p1a: Not Mega|Sableye-Mega, M, shiny|281\/304
|move|p2a: Sigilyph|Psychic|p1a: Not Mega
|-immune|p1a: Not Mega|[msg]
|
|turn|14
|
|move|p2a: Sigilyph|Psycho Shift|p1a: Not Mega
|-status|p1a: Not Mega|brn
|-curestatus|p2a: Sigilyph|brn
|move|p1a: Not Mega|Dark Pulse|p2a: Sigilyph
|-supereffective|p2a: Sigilyph
|-damage|p2a: Sigilyph|128\/286
|
|-damage|p1a: Not Mega|243\/304 brn|[from] brn
|-status|p2a: Sigilyph|brn|[from] item: Flame Orb
|turn|15
|
|move|p2a: Sigilyph|Roost|p2a: Sigilyph
|-heal|p2a: Sigilyph|271\/286 brn
|move|p1a: Not Mega|Dark Pulse|p2a: Sigilyph
|-supereffective|p2a: Sigilyph
|-damage|p2a: Sigilyph|133\/286 brn
|
|-damage|p1a: Not Mega|205\/304 brn|[from] brn
|turn|16
|
|move|p2a: Sigilyph|Roost|p2a: Sigilyph
|-heal|p2a: Sigilyph|276\/286 brn
|move|p1a: Not Mega|Knock Off|p2a: Sigilyph
|-supereffective|p2a: Sigilyph
|-damage|p2a: Sigilyph|186\/286 brn
|-enditem|p2a: Sigilyph|Flame Orb|[from] move: Knock Off|[of] p1a: Not Mega
|
|-damage|p1a: Not Mega|167\/304 brn|[from] brn
|turn|17
|
|move|p2a: Sigilyph|Roost|p2a: Sigilyph
|-heal|p2a: Sigilyph|286\/286 brn
|move|p1a: Not Mega|Recover|p1a: Not Mega
|-heal|p1a: Not Mega|304\/304 brn
|
|-damage|p1a: Not Mega|266\/304 brn|[from] brn
|turn|18
|
|move|p2a: Sigilyph|Psychic|p1a: Not Mega
|-immune|p1a: Not Mega|[msg]
|move|p1a: Not Mega|Dark Pulse|p2a: Sigilyph
|-supereffective|p2a: Sigilyph
|-damage|p2a: Sigilyph|124\/286 brn
|
|-damage|p1a: Not Mega|228\/304 brn|[from] brn
|turn|19
|
|move|p2a: Sigilyph|Roost|p2a: Sigilyph
|-heal|p2a: Sigilyph|267\/286 brn
|move|p1a: Not Mega|Dark Pulse|p2a: Sigilyph
|-supereffective|p2a: Sigilyph
|-damage|p2a: Sigilyph|123\/286 brn
|
|-damage|p1a: Not Mega|190\/304 brn|[from] brn
|turn|20
|
|move|p2a: Sigilyph|Roost|p2a: Sigilyph
|-heal|p2a: Sigilyph|266\/286 brn
|move|p1a: Not Mega|Recover|p1a: Not Mega
|-heal|p1a: Not Mega|304\/304 brn
|
|-damage|p1a: Not Mega|266\/304 brn|[from] brn
|turn|21
|
|switch|p1a: Baby Blobby|Chansey, F, shiny|632\/704
|move|p2a: Sigilyph|Psychic|p1a: Baby Blobby
|-damage|p1a: Baby Blobby|566\/704
|
|turn|22
|
|move|p2a: Sigilyph|Psycho Shift|p1a: Baby Blobby
|-status|p1a: Baby Blobby|brn
|-curestatus|p2a: Sigilyph|brn
|move|p1a: Baby Blobby|Heal Bell|p1a: Baby Blobby
|-cureteam|p1a: Baby Blobby|[from] move: HealBell
|
|turn|23
|
|switch|p2a: Jolteon|Jolteon, M|95\/271 tox
|switch|p1a: Fuck Magnezone|Skarmory, M, shiny|334\/334
|
|-heal|p2a: Jolteon|111\/271 tox|[from] item: Leftovers
|-damage|p2a: Jolteon|95\/271 tox|[from] psn
|turn|24
|
|switch|p1a: Mr Blobby|Amoonguss, F, shiny|432\/432
|move|p2a: Jolteon|Shadow Ball|p1a: Mr Blobby
|-damage|p1a: Mr Blobby|366\/432
|
|-heal|p2a: Jolteon|111\/271 tox|[from] item: Leftovers
|-damage|p2a: Jolteon|79\/271 tox|[from] psn
|turn|25
|
|switch|p1a: Baby Blobby|Chansey, F, shiny|566\/704
|move|p2a: Jolteon|Volt Switch|p1a: Baby Blobby
|-damage|p1a: Baby Blobby|491\/704
|
|switch|p2a: Gyarados|Gyarados, F|206\/331 brn
|-ability|p2a: Gyarados|Intimidate|[of] p1a: Baby Blobby
|-unboost|p1a: Baby Blobby|atk|1
|
|-heal|p2a: Gyarados|226\/331 brn|[from] item: Leftovers
|-damage|p2a: Gyarados|185\/331 brn|[from] brn
|turn|26
|
|switch|p1a: Mrs Blobby|Alomomola, F, shiny|529\/529
|move|p2a: Gyarados|Waterfall|p1a: Mrs Blobby
|-resisted|p1a: Mrs Blobby
|-damage|p1a: Mrs Blobby|495\/529
|
|-heal|p2a: Gyarados|205\/331 brn|[from] item: Leftovers
|-heal|p1a: Mrs Blobby|528\/529|[from] item: Leftovers
|-damage|p2a: Gyarados|164\/331 brn|[from] brn
|turn|27
|
|move|p2a: Gyarados|Earthquake|p1a: Mrs Blobby
|-damage|p1a: Mrs Blobby|472\/529
|move|p1a: Mrs Blobby|Wish|p1a: Mrs Blobby
|
|-heal|p2a: Gyarados|184\/331 brn|[from] item: Leftovers
|-heal|p1a: Mrs Blobby|505\/529|[from] item: Leftovers
|-damage|p2a: Gyarados|143\/331 brn|[from] brn
|turn|28
|
|switch|p1a: Baby Blobby|Chansey, F, shiny|491\/704
|move|p2a: Gyarados|Avalanche|p1a: Baby Blobby
|-damage|p1a: Baby Blobby|439\/704
|
|-heal|p1a: Baby Blobby|703\/704|[from] move: Wish|[wisher] Mrs Blobby
|-heal|p2a: Gyarados|163\/331 brn|[from] item: Leftovers
|-damage|p2a: Gyarados|122\/331 brn|[from] brn
|turn|29
|
|switch|p1a: Mrs Blobby|Alomomola, F, shiny|529\/529
|move|p2a: Gyarados|Waterfall|p1a: Mrs Blobby
|-resisted|p1a: Mrs Blobby
|-damage|p1a: Mrs Blobby|499\/529
|
|-heal|p2a: Gyarados|142\/331 brn|[from] item: Leftovers
|-heal|p1a: Mrs Blobby|529\/529|[from] item: Leftovers
|-damage|p2a: Gyarados|101\/331 brn|[from] brn
|turn|30
|
|switch|p2a: Jolteon|Jolteon, M|79\/271 tox
|move|p1a: Mrs Blobby|Scald|p2a: Jolteon
|-damage|p2a: Jolteon|28\/271 tox
|
|-heal|p2a: Jolteon|44\/271 tox|[from] item: Leftovers
|-damage|p2a: Jolteon|28\/271 tox|[from] psn
|turn|31
|
|move|p1a: Mrs Blobby|Protect|p1a: Mrs Blobby
|-singleturn|p1a: Mrs Blobby|Protect
|move|p2a: Jolteon|Shadow Ball|p1a: Mrs Blobby
|-activate|p1a: Mrs Blobby|Protect
|
|-heal|p2a: Jolteon|44\/271 tox|[from] item: Leftovers
|-damage|p2a: Jolteon|12\/271 tox|[from] psn
|turn|32
|
|switch|p1a: Baby Blobby|Chansey, F, shiny|703\/704
|move|p2a: Jolteon|Volt Switch|p1a: Baby Blobby
|-damage|p1a: Baby Blobby|631\/704
|
|switch|p2a: Gyarados|Gyarados, F|101\/331 brn
|-ability|p2a: Gyarados|Intimidate|[of] p1a: Baby Blobby
|-unboost|p1a: Baby Blobby|atk|1
|
|-heal|p2a: Gyarados|121\/331 brn|[from] item: Leftovers
|-damage|p2a: Gyarados|80\/331 brn|[from] brn
|turn|33
|
|switch|p1a: Mrs Blobby|Alomomola, F, shiny|529\/529
|move|p2a: Gyarados|Earthquake|p1a: Mrs Blobby
|-damage|p1a: Mrs Blobby|475\/529
|
|-heal|p2a: Gyarados|100\/331 brn|[from] item: Leftovers
|-heal|p1a: Mrs Blobby|508\/529|[from] item: Leftovers
|-damage|p2a: Gyarados|59\/331 brn|[from] brn
|turn|34
|
|move|p1a: Mrs Blobby|Scald|p2a: Gyarados
|-resisted|p2a: Gyarados
|-damage|p2a: Gyarados|40\/331 brn
|move|p2a: Gyarados|Dragon Tail|p1a: Mrs Blobby
|-damage|p1a: Mrs Blobby|477\/529
|drag|p1a: Not Mega|Sableye-Mega, M, shiny|266\/304
|
|-heal|p2a: Gyarados|60\/331 brn|[from] item: Leftovers
|-damage|p2a: Gyarados|19\/331 brn|[from] brn
|turn|35
|
|move|p1a: Not Mega|Recover|p1a: Not Mega
|-heal|p1a: Not Mega|304\/304
|move|p2a: Gyarados|Dragon Tail|p1a: Not Mega
|-damage|p1a: Not Mega|280\/304
|drag|p1a: Mr Blobby|Amoonguss, F, shiny|432\/432
|
|-heal|p2a: Gyarados|39\/331 brn|[from] item: Leftovers
|-damage|p2a: Gyarados|0 fnt|[from] brn
|faint|p2a: Gyarados
|
|switch|p2a: Jolteon|Jolteon, M|12\/271 tox
|turn|36
|
|move|p2a: Jolteon|Signal Beam|p1a: Mr Blobby
|-damage|p1a: Mr Blobby|370\/432
|move|p1a: Mr Blobby|Giga Drain|p2a: Jolteon
|-damage|p2a: Jolteon|0 fnt
|-heal|p1a: Mr Blobby|376\/432|[from] drain|[of] p2a: Jolteon
|faint|p2a: Jolteon
|
|
|switch|p2a: Sigilyph|Sigilyph, M|266\/286
|turn|37
|
|switch|p1a: Baby Blobby|Chansey, F, shiny|631\/704
|move|p2a: Sigilyph|Cosmic Power|p2a: Sigilyph
|-boost|p2a: Sigilyph|def|1
|-boost|p2a: Sigilyph|spd|1
|
|turn|38
|
|switch|p1a: Uncle Blobby|Quagsire, M, shiny|394\/394
|move|p2a: Sigilyph|Cosmic Power|p2a: Sigilyph
|-boost|p2a: Sigilyph|def|1
|-boost|p2a: Sigilyph|spd|1
|
|turn|39
|
|move|p2a: Sigilyph|Cosmic Power|p2a: Sigilyph
|-boost|p2a: Sigilyph|def|1
|-boost|p2a: Sigilyph|spd|1
|move|p1a: Uncle Blobby|Haze|p1a: Uncle Blobby
|-clearallboost
|
|turn|40
|c|âMarcos Sca|e.e
|c|âMarcos Sca|xD
|
|switch|p1a: Baby Blobby|Chansey, F, shiny|631\/704
|move|p2a: Sigilyph|Cosmic Power|p2a: Sigilyph
|-boost|p2a: Sigilyph|def|1
|-boost|p2a: Sigilyph|spd|1
|
|turn|41
|
|switch|p1a: Uncle Blobby|Quagsire, M, shiny|394\/394
|move|p2a: Sigilyph|Psychic|p1a: Uncle Blobby
|-damage|p1a: Uncle Blobby|237\/394
|
|-heal|p1a: Uncle Blobby|261\/394|[from] item: Leftovers
|turn|42
|
|move|p2a: Sigilyph|Psychic|p1a: Uncle Blobby
|-damage|p1a: Uncle Blobby|102\/394
|move|p1a: Uncle Blobby|Recover|p1a: Uncle Blobby
|-heal|p1a: Uncle Blobby|299\/394
|
|-heal|p1a: Uncle Blobby|323\/394|[from] item: Leftovers
|turn|43
|
|move|p2a: Sigilyph|Psychic|p1a: Uncle Blobby
|-damage|p1a: Uncle Blobby|170\/394
|move|p1a: Uncle Blobby|Recover|p1a: Uncle Blobby
|-heal|p1a: Uncle Blobby|367\/394
|
|-heal|p1a: Uncle Blobby|391\/394|[from] item: Leftovers
|turn|44
|
|move|p2a: Sigilyph|Psychic|p1a: Uncle Blobby
|-damage|p1a: Uncle Blobby|225\/394
|move|p1a: Uncle Blobby|Haze|p1a: Uncle Blobby
|-clearallboost
|
|-heal|p1a: Uncle Blobby|249\/394|[from] item: Leftovers
|turn|45
|
|move|p2a: Sigilyph|Cosmic Power|p2a: Sigilyph
|-boost|p2a: Sigilyph|def|1
|-boost|p2a: Sigilyph|spd|1
|move|p1a: Uncle Blobby|Recover|p1a: Uncle Blobby
|-heal|p1a: Uncle Blobby|394\/394
|
|turn|46
|
|move|p2a: Sigilyph|Psychic|p1a: Uncle Blobby
|-damage|p1a: Uncle Blobby|240\/394
|move|p1a: Uncle Blobby|Haze|p1a: Uncle Blobby
|-clearallboost
|
|-heal|p1a: Uncle Blobby|264\/394|[from] item: Leftovers
|turn|47
|
|move|p2a: Sigilyph|Psychic|p1a: Uncle Blobby
|-damage|p1a: Uncle Blobby|104\/394
|move|p1a: Uncle Blobby|Recover|p1a: Uncle Blobby
|-heal|p1a: Uncle Blobby|301\/394
|
|-heal|p1a: Uncle Blobby|325\/394|[from] item: Leftovers
|turn|48
|
|move|p2a: Sigilyph|Psychic|p1a: Uncle Blobby
|-damage|p1a: Uncle Blobby|165\/394
|move|p1a: Uncle Blobby|Recover|p1a: Uncle Blobby
|-heal|p1a: Uncle Blobby|362\/394
|
|-heal|p1a: Uncle Blobby|386\/394|[from] item: Leftovers
|turn|49
|
|move|p2a: Sigilyph|Psychic|p1a: Uncle Blobby
|-damage|p1a: Uncle Blobby|244\/394
|move|p1a: Uncle Blobby|Haze|p1a: Uncle Blobby
|-clearallboost
|
|-heal|p1a: Uncle Blobby|268\/394|[from] item: Leftovers
|turn|50
|
|move|p2a: Sigilyph|Psychic|p1a: Uncle Blobby
|-damage|p1a: Uncle Blobby|126\/394
|move|p1a: Uncle Blobby|Recover|p1a: Uncle Blobby
|-heal|p1a: Uncle Blobby|323\/394
|
|-heal|p1a: Uncle Blobby|347\/394|[from] item: Leftovers
|turn|51
|
|move|p2a: Sigilyph|Cosmic Power|p2a: Sigilyph
|-boost|p2a: Sigilyph|def|1
|-boost|p2a: Sigilyph|spd|1
|move|p1a: Uncle Blobby|Haze|p1a: Uncle Blobby
|-clearallboost
|
|-heal|p1a: Uncle Blobby|371\/394|[from] item: Leftovers
|turn|52
|
|move|p2a: Sigilyph|Psychic|p1a: Uncle Blobby
|-damage|p1a: Uncle Blobby|208\/394
|move|p1a: Uncle Blobby|Haze|p1a: Uncle Blobby
|-clearallboost
|
|-heal|p1a: Uncle Blobby|232\/394|[from] item: Leftovers
|turn|53
|
|move|p2a: Sigilyph|Psycho Shift|p1a: Uncle Blobby
|-fail|p1a: Uncle Blobby
|move|p1a: Uncle Blobby|Recover|p1a: Uncle Blobby
|-heal|p1a: Uncle Blobby|394\/394
|
|turn|54
|
|switch|p2a: Serperior|Serperior, F, shiny|291\/291
|move|p1a: Uncle Blobby|Haze|p1a: Uncle Blobby
|-clearallboost
|
|turn|55
|
|switch|p1a: Mr Blobby|Amoonguss, F, shiny|432\/432
|move|p2a: Serperior|Leech Seed|p1a: Mr Blobby
|-immune|p1a: Mr Blobby|[msg]
|
|turn|56
|
|move|p2a: Serperior|Hyper Beam|p1a: Mr Blobby
|-damage|p1a: Mr Blobby|317\/432
|move|p1a: Mr Blobby|Clear Smog|p2a: Serperior
|-supereffective|p2a: Serperior
|-damage|p2a: Serperior|181\/291
|-clearboost|p2a: Serperior
|
|turn|57
|
|cant|p2a: Serperior|recharge
|move|p1a: Mr Blobby|Hidden Power|p2a: Serperior
|-supereffective|p2a: Serperior
|-damage|p2a: Serperior|95\/291
|
|turn|58
|
|move|p2a: Serperior|Energy Ball|p1a: Mr Blobby
|-resisted|p1a: Mr Blobby
|-damage|p1a: Mr Blobby|272\/432
|move|p1a: Mr Blobby|Hidden Power|p2a: Serperior
|-crit|p2a: Serperior
|-supereffective|p2a: Serperior
|-damage|p2a: Serperior|0 fnt
|faint|p2a: Serperior
|
|
|switch|p2a: Sigilyph|Sigilyph, M|266\/286
|turn|59
|
|switch|p1a: Not Mega|Sableye-Mega, M, shiny|280\/304
|move|p2a: Sigilyph|Cosmic Power|p2a: Sigilyph
|-boost|p2a: Sigilyph|def|1
|-boost|p2a: Sigilyph|spd|1
|
|turn|60
|
|move|p2a: Sigilyph|Psychic|p1a: Not Mega
|-immune|p1a: Not Mega|[msg]
|move|p1a: Not Mega|Knock Off|p2a: Sigilyph
|-supereffective|p2a: Sigilyph
|-damage|p2a: Sigilyph|192\/286
|
|turn|61
|
|move|p2a: Sigilyph|Psycho Shift|p1a: Not Mega
|-fail|p1a: Not Mega
|move|p1a: Not Mega|Knock Off|p2a: Sigilyph
|-supereffective|p2a: Sigilyph
|-damage|p2a: Sigilyph|114\/286
|
|turn|62
|
|move|p2a: Sigilyph|Psychic|p1a: Not Mega
|-immune|p1a: Not Mega|[msg]
|move|p1a: Not Mega|Knock Off|p2a: Sigilyph
|-supereffective|p2a: Sigilyph
|-damage|p2a: Sigilyph|34\/286
|
|turn|63
|c|âAmoonbro|gg
|c|âMarcos Sca|:c
|c|âAmoonbro|owned
|
|move|p2a: Sigilyph|Roost|p2a: Sigilyph
|-heal|p2a: Sigilyph|177\/286
|move|p1a: Not Mega|Knock Off|p2a: Sigilyph
|-supereffective|p2a: Sigilyph
|-damage|p2a: Sigilyph|97\/286
|
|turn|64
|
|move|p2a: Sigilyph|Roost|p2a: Sigilyph
|-heal|p2a: Sigilyph|240\/286
|move|p1a: Not Mega|Knock Off|p2a: Sigilyph
|-supereffective|p2a: Sigilyph
|-damage|p2a: Sigilyph|166\/286
|
|turn|65
|
|move|p2a: Sigilyph|Roost|p2a: Sigilyph
|-heal|p2a: Sigilyph|286\/286
|move|p1a: Not Mega|Knock Off|p2a: Sigilyph
|-supereffective|p2a: Sigilyph
|-damage|p2a: Sigilyph|202\/286
|
|turn|66
|
|move|p2a: Sigilyph|Cosmic Power|p2a: Sigilyph
|-boost|p2a: Sigilyph|def|1
|-boost|p2a: Sigilyph|spd|1
|move|p1a: Not Mega|Knock Off|p2a: Sigilyph
|-supereffective|p2a: Sigilyph
|-damage|p2a: Sigilyph|148\/286
|
|turn|67
|
|move|p2a: Sigilyph|Cosmic Power|p2a: Sigilyph
|-boost|p2a: Sigilyph|def|1
|-boost|p2a: Sigilyph|spd|1
|move|p1a: Not Mega|Knock Off|p2a: Sigilyph
|-supereffective|p2a: Sigilyph
|-damage|p2a: Sigilyph|104\/286
|
|turn|68
|
|move|p2a: Sigilyph|Roost|p2a: Sigilyph
|-heal|p2a: Sigilyph|247\/286
|move|p1a: Not Mega|Knock Off|p2a: Sigilyph
|-supereffective|p2a: Sigilyph
|-damage|p2a: Sigilyph|199\/286
|
|turn|69
|
|move|p2a: Sigilyph|Cosmic Power|p2a: Sigilyph
|-boost|p2a: Sigilyph|def|1
|-boost|p2a: Sigilyph|spd|1
|move|p1a: Not Mega|Knock Off|p2a: Sigilyph
|-supereffective|p2a: Sigilyph
|-damage|p2a: Sigilyph|157\/286
|
|turn|70
|
|move|p2a: Sigilyph|Roost|p2a: Sigilyph
|-heal|p2a: Sigilyph|286\/286
|move|p1a: Not Mega|Knock Off|p2a: Sigilyph
|-supereffective|p2a: Sigilyph
|-damage|p2a: Sigilyph|250\/286
|
|turn|71
|
|move|p2a: Sigilyph|Cosmic Power|p2a: Sigilyph
|-boost|p2a: Sigilyph|def|1
|-boost|p2a: Sigilyph|spd|1
|move|p1a: Not Mega|Knock Off|p2a: Sigilyph
|-supereffective|p2a: Sigilyph
|-damage|p2a: Sigilyph|218\/286
|
|turn|72
|
|switch|p1a: Uncle Blobby|Quagsire, M, shiny|394\/394
|move|p2a: Sigilyph|Cosmic Power|p2a: Sigilyph
|-boost|p2a: Sigilyph|def|1
|-boost|p2a: Sigilyph|spd|1
|
|turn|73
|
|switch|p2a: Infernape|Infernape, M|293\/293
|move|p1a: Uncle Blobby|Haze|p1a: Uncle Blobby
|-clearallboost
|
|turn|74
|c|âAmoonbro|wrecked
|
|switch|p1a: Mrs Blobby|Alomomola, F, shiny|529\/529
|move|p2a: Infernape|Gunk Shot|p1a: Mrs Blobby
|-crit|p1a: Mrs Blobby
|-damage|p1a: Mrs Blobby|378\/529
|-status|p1a: Mrs Blobby|psn
|
|-heal|p1a: Mrs Blobby|411\/529 psn|[from] item: Leftovers
|-damage|p1a: Mrs Blobby|345\/529 psn|[from] psn
|turn|75
|c|âAmoonbro|wtf
|
|switch|p1a: Mr Blobby|Amoonguss, F, shiny|416\/432
|move|p2a: Infernape|Blaze Kick|p1a: Mr Blobby
|-supereffective|p1a: Mr Blobby
|-damage|p1a: Mr Blobby|170\/432
|
|turn|76
|c|âAmoonbro|sacking it cuz of your crit
|
|move|p2a: Infernape|Gunk Shot|p1a: Mr Blobby
|-damage|p1a: Mr Blobby|62\/432
|move|p1a: Mr Blobby|Foul Play|p2a: Infernape
|-resisted|p2a: Infernape
|-damage|p2a: Infernape|225\/293
|
|-heal|p2a: Infernape|243\/293|[from] item: Leftovers
|turn|77
|
|move|p2a: Infernape|Blaze Kick|p1a: Mr Blobby
|-supereffective|p1a: Mr Blobby
|-damage|p1a: Mr Blobby|0 fnt
|faint|p1a: Mr Blobby
|
|-heal|p2a: Infernape|261\/293|[from] item: Leftovers
|
|switch|p1a: Mrs Blobby|Alomomola, F, shiny|521\/529 psn
|turn|78
|
|move|p2a: Infernape|Calm Mind|p2a: Infernape
|-boost|p2a: Infernape|spa|1
|-boost|p2a: Infernape|spd|1
|move|p1a: Mrs Blobby|Toxic|p2a: Infernape
|-status|p2a: Infernape|tox
|
|-heal|p2a: Infernape|279\/293 tox|[from] item: Leftovers
|-heal|p1a: Mrs Blobby|529\/529 psn|[from] item: Leftovers
|-damage|p2a: Infernape|261\/293 tox|[from] psn
|-damage|p1a: Mrs Blobby|463\/529 psn|[from] psn
|turn|79
|c|âAmoonbro|what the actual ... 0_0
|c|âAmoonbro|calm mind with physically attacking moves ><
|c|âMarcos Sca|^-^
|
|move|p1a: Mrs Blobby|Protect|p1a: Mrs Blobby
|-singleturn|p1a: Mrs Blobby|Protect
|move|p2a: Infernape|Focus Blast|p1a: Mrs Blobby
|-activate|p1a: Mrs Blobby|Protect
|
|-heal|p2a: Infernape|279\/293 tox|[from] item: Leftovers
|-heal|p1a: Mrs Blobby|496\/529 psn|[from] item: Leftovers
|-damage|p2a: Infernape|243\/293 tox|[from] psn
|-damage|p1a: Mrs Blobby|430\/529 psn|[from] psn
|turn|80
|
|switch|p1a: Not Mega|Sableye-Mega, M, shiny|280\/304
|move|p2a: Infernape|Focus Blast|p1a: Not Mega
|-immune|p1a: Not Mega|[msg]
|
|-heal|p2a: Infernape|261\/293 tox|[from] item: Leftovers
|-damage|p2a: Infernape|207\/293 tox|[from] psn
|turn|81
|
|move|p2a: Infernape|Gunk Shot|p1a: Not Mega
|-resisted|p1a: Not Mega
|-damage|p1a: Not Mega|242\/304
|move|p1a: Not Mega|Recover|p1a: Not Mega
|-heal|p1a: Not Mega|304\/304
|
|-heal|p2a: Infernape|225\/293 tox|[from] item: Leftovers
|-damage|p2a: Infernape|153\/293 tox|[from] psn
|turn|82
|
|move|p2a: Infernape|Blaze Kick|p1a: Not Mega
|-damage|p1a: Not Mega|228\/304
|move|p1a: Not Mega|Recover|p1a: Not Mega
|-heal|p1a: Not Mega|304\/304
|
|-heal|p2a: Infernape|171\/293 tox|[from] item: Leftovers
|-damage|p2a: Infernape|81\/293 tox|[from] psn
|turn|83
|
|move|p2a: Infernape|Gunk Shot|p1a: Not Mega
|-resisted|p1a: Not Mega
|-damage|p1a: Not Mega|270\/304
|move|p1a: Not Mega|Recover|p1a: Not Mega
|-heal|p1a: Not Mega|304\/304
|
|-heal|p2a: Infernape|99\/293 tox|[from] item: Leftovers
|-damage|p2a: Infernape|0 fnt|[from] psn
|faint|p2a: Infernape
|
|switch|p2a: Sigilyph|Sigilyph, M|218\/286
|turn|84
|
|move|p2a: Sigilyph|Cosmic Power|p2a: Sigilyph
|-boost|p2a: Sigilyph|def|1
|-boost|p2a: Sigilyph|spd|1
|move|p1a: Not Mega|Knock Off|p2a: Sigilyph
|-supereffective|p2a: Sigilyph
|-damage|p2a: Sigilyph|140\/286
|
|turn|85
|
|switch|p1a: Uncle Blobby|Quagsire, M, shiny|394\/394
|move|p2a: Sigilyph|Psychic|p1a: Uncle Blobby
|-damage|p1a: Uncle Blobby|250\/394
|
|-heal|p1a: Uncle Blobby|274\/394|[from] item: Leftovers
|turn|86
|
|move|p2a: Sigilyph|Roost|p2a: Sigilyph
|-heal|p2a: Sigilyph|283\/286
|move|p1a: Uncle Blobby|Recover|p1a: Uncle Blobby
|-heal|p1a: Uncle Blobby|394\/394
|
|turn|87
|
|move|p2a: Sigilyph|Cosmic Power|p2a: Sigilyph
|-boost|p2a: Sigilyph|def|1
|-boost|p2a: Sigilyph|spd|1
|move|p1a: Uncle Blobby|Haze|p1a: Uncle Blobby
|-clearallboost
|
|turn|88
|
|move|p2a: Sigilyph|Psycho Shift|p1a: Uncle Blobby
|-fail|p1a: Uncle Blobby
|move|p1a: Uncle Blobby|Haze|p1a: Uncle Blobby
|-clearallboost
|
|turn|89
|
|move|p2a: Sigilyph|Cosmic Power|p2a: Sigilyph
|-boost|p2a: Sigilyph|def|1
|-boost|p2a: Sigilyph|spd|1
|move|p1a: Uncle Blobby|Haze|p1a: Uncle Blobby
|-clearallboost
|
|turn|90
|
|move|p2a: Sigilyph|Cosmic Power|p2a: Sigilyph
|-boost|p2a: Sigilyph|def|1
|-boost|p2a: Sigilyph|spd|1
|move|p1a: Uncle Blobby|Haze|p1a: Uncle Blobby
|-clearallboost
|
|turn|91
|
|move|p2a: Sigilyph|Cosmic Power|p2a: Sigilyph
|-boost|p2a: Sigilyph|def|1
|-boost|p2a: Sigilyph|spd|1
|move|p1a: Uncle Blobby|Haze|p1a: Uncle Blobby
|-clearallboost
|
|turn|92
|
|move|p2a: Sigilyph|Cosmic Power|p2a: Sigilyph
|-boost|p2a: Sigilyph|def|1
|-boost|p2a: Sigilyph|spd|1
|move|p1a: Uncle Blobby|Haze|p1a: Uncle Blobby
|-clearallboost
|
|turn|93
|
|move|p2a: Sigilyph|Cosmic Power|p2a: Sigilyph
|-boost|p2a: Sigilyph|def|1
|-boost|p2a: Sigilyph|spd|1
|move|p1a: Uncle Blobby|Haze|p1a: Uncle Blobby
|-clearallboost
|
|turn|94
|
|move|p2a: Sigilyph|Cosmic Power|p2a: Sigilyph
|-boost|p2a: Sigilyph|def|1
|-boost|p2a: Sigilyph|spd|1
|move|p1a: Uncle Blobby|Haze|p1a: Uncle Blobby
|-clearallboost
|
|turn|95
|c|âAmoonbro|haze has more pp you cant win
|
|move|p2a: Sigilyph|Cosmic Power|p2a: Sigilyph
|-boost|p2a: Sigilyph|def|1
|-boost|p2a: Sigilyph|spd|1
|move|p1a: Uncle Blobby|Haze|p1a: Uncle Blobby
|-clearallboost
|
|turn|96
|c|âAmoonbro|!data haze
|c|~|\/data-move Haze

|c|âAmoonbro|!data cosmic power
|c|~|\/data-move Cosmic Power

|c|âMarcos Sca|we'll see that ^w^
|c|âAmoonbro|give it up bro
|c|âMarcos Sca|Na
|c|âMarcos Sca|xD
|
|move|p2a: Sigilyph|Cosmic Power|p2a: Sigilyph
|-boost|p2a: Sigilyph|def|1
|-boost|p2a: Sigilyph|spd|1
|move|p1a: Uncle Blobby|Earthquake|p2a: Sigilyph
|-immune|p2a: Sigilyph|[msg]
|
|turn|97
|c|âAmoonbro|5 pokemon vs 2
|c|âAmoonbro|you aint gonna win pp stall lol
|c|âMarcos Sca|that is true
|c|âMarcos Sca|but i dont give it up
|c|âAmoonbro|stop wasting both our time then lol
|c|âAmoonbro|there is not giving up, and just plain dumb
|
|move|p2a: Sigilyph|Cosmic Power|p2a: Sigilyph
|-boost|p2a: Sigilyph|def|1
|-boost|p2a: Sigilyph|spd|1
|move|p1a: Uncle Blobby|Haze|p1a: Uncle Blobby
|-clearallboost
|
|turn|98
|c|âAmoonbro|youre not even attacking so its not like you can get crits or hax, its simply pp stall, which you cannot win lol
|
|move|p2a: Sigilyph|Cosmic Power|p2a: Sigilyph
|-boost|p2a: Sigilyph|def|1
|-boost|p2a: Sigilyph|spd|1
|move|p1a: Uncle Blobby|Recover|p1a: Uncle Blobby
|-fail|p1a: Uncle Blobby
|
|turn|99
|c|âMarcos Sca|just play men XD
|
|move|p2a: Sigilyph|Cosmic Power|p2a: Sigilyph
|-boost|p2a: Sigilyph|def|1
|-boost|p2a: Sigilyph|spd|1
|move|p1a: Uncle Blobby|Haze|p1a: Uncle Blobby
|-clearallboost
|
|turn|100
|c|âAmoonbro|you have one psychic left. youre not gonna kill anything with it lol
|
|move|p2a: Sigilyph|Cosmic Power|p2a: Sigilyph
|-boost|p2a: Sigilyph|def|1
|-boost|p2a: Sigilyph|spd|1
|move|p1a: Uncle Blobby|Haze|p1a: Uncle Blobby
|-clearallboost
|
|turn|101
|c|âMarcos Sca|No, i dont have psychic XD
|
|move|p2a: Sigilyph|Cosmic Power|p2a: Sigilyph
|-boost|p2a: Sigilyph|def|1
|-boost|p2a: Sigilyph|spd|1
|move|p1a: Uncle Blobby|Haze|p1a: Uncle Blobby
|-clearallboost
|
|turn|102
|c|âAmoonbro|you made your sigilyph specially defensive too
|
|move|p2a: Sigilyph|Cosmic Power|p2a: Sigilyph
|-boost|p2a: Sigilyph|def|1
|-boost|p2a: Sigilyph|spd|1
|move|p1a: Uncle Blobby|Haze|p1a: Uncle Blobby
|-clearallboost
|
|turn|103
|c|âMarcos Sca|u
|c|âMarcos Sca|yeah XD
|
|move|p2a: Sigilyph|Cosmic Power|p2a: Sigilyph
|-boost|p2a: Sigilyph|def|1
|-boost|p2a: Sigilyph|spd|1
|move|p1a: Uncle Blobby|Haze|p1a: Uncle Blobby
|-clearallboost
|
|turn|104
|c|âAmoonbro|it was obvious because my dark pulse would normally do 75%
|c|âMarcos Sca|Sorry for my inglish, i am from Argentina
|
|move|p2a: Sigilyph|Cosmic Power|p2a: Sigilyph
|-boost|p2a: Sigilyph|def|1
|-boost|p2a: Sigilyph|spd|1
|move|p1a: Uncle Blobby|Haze|p1a: Uncle Blobby
|-clearallboost
|
|turn|105
|c|âAmoonbro|beunos
|
|move|p2a: Sigilyph|Cosmic Power|p2a: Sigilyph
|-boost|p2a: Sigilyph|def|1
|-boost|p2a: Sigilyph|spd|1
|move|p1a: Uncle Blobby|Haze|p1a: Uncle Blobby
|-clearallboost
|
|turn|106
|c|âAmoonbro|pablo
|c|âAmoonbro|XD
|c|âMarcos Sca|.-. xD
|
|move|p2a: Sigilyph|Cosmic Power|p2a: Sigilyph
|-boost|p2a: Sigilyph|def|1
|-boost|p2a: Sigilyph|spd|1
|move|p1a: Uncle Blobby|Haze|p1a: Uncle Blobby
|-clearallboost
|
|turn|107
|
|move|p2a: Sigilyph|Psycho Shift|p1a: Uncle Blobby
|-fail|p1a: Uncle Blobby
|move|p1a: Uncle Blobby|Haze|p1a: Uncle Blobby
|-clearallboost
|
|turn|108
|
|move|p2a: Sigilyph|Psycho Shift|p1a: Uncle Blobby
|-fail|p1a: Uncle Blobby
|move|p1a: Uncle Blobby|Haze|p1a: Uncle Blobby
|-clearallboost
|
|turn|109
|
|move|p2a: Sigilyph|Psycho Shift|p1a: Uncle Blobby
|-fail|p1a: Uncle Blobby
|move|p1a: Uncle Blobby|Haze|p1a: Uncle Blobby
|-clearallboost
|
|turn|110
|
|move|p2a: Sigilyph|Psycho Shift|p1a: Uncle Blobby
|-fail|p1a: Uncle Blobby
|move|p1a: Uncle Blobby|Haze|p1a: Uncle Blobby
|-clearallboost
|
|turn|111
|
|move|p2a: Sigilyph|Psycho Shift|p1a: Uncle Blobby
|-fail|p1a: Uncle Blobby
|move|p1a: Uncle Blobby|Haze|p1a: Uncle Blobby
|-clearallboost
|
|turn|112
|
|move|p2a: Sigilyph|Psycho Shift|p1a: Uncle Blobby
|-fail|p1a: Uncle Blobby
|move|p1a: Uncle Blobby|Haze|p1a: Uncle Blobby
|-clearallboost
|
|turn|113
|
|move|p2a: Sigilyph|Psycho Shift|p1a: Uncle Blobby
|-fail|p1a: Uncle Blobby
|move|p1a: Uncle Blobby|Haze|p1a: Uncle Blobby
|-clearallboost
|
|turn|114
|
|move|p2a: Sigilyph|Psycho Shift|p1a: Uncle Blobby
|-fail|p1a: Uncle Blobby
|move|p1a: Uncle Blobby|Haze|p1a: Uncle Blobby
|-clearallboost
|
|turn|115
|
|move|p2a: Sigilyph|Psycho Shift|p1a: Uncle Blobby
|-fail|p1a: Uncle Blobby
|move|p1a: Uncle Blobby|Haze|p1a: Uncle Blobby
|-clearallboost
|
|turn|116
|
|move|p2a: Sigilyph|Psycho Shift|p1a: Uncle Blobby
|-fail|p1a: Uncle Blobby
|move|p1a: Uncle Blobby|Haze|p1a: Uncle Blobby
|-clearallboost
|
|turn|117
|
|move|p2a: Sigilyph|Roost|p2a: Sigilyph
|-heal|p2a: Sigilyph|286\/286
|move|p1a: Uncle Blobby|Haze|p1a: Uncle Blobby
|-clearallboost
|
|turn|118
|
|switch|p1a: Fuck Magnezone|Skarmory, M, shiny|334\/334
|move|p2a: Sigilyph|Roost|p2a: Sigilyph
|-fail|p2a: Sigilyph
|
|turn|119
|
|move|p2a: Sigilyph|Roost|p2a: Sigilyph
|-fail|p2a: Sigilyph
|move|p1a: Fuck Magnezone|Stealth Rock|p2a: Sigilyph
|-sidestart|p2: Marcos Sca|move: Stealth Rock
|
|turn|120
|
|move|p2a: Sigilyph|Roost|p2a: Sigilyph
|-fail|p2a: Sigilyph
|move|p1a: Fuck Magnezone|Brave Bird|p2a: Sigilyph
|-damage|p2a: Sigilyph|189\/286
|-damage|p1a: Fuck Magnezone|302\/334|[from] recoil|[of] p2a: Sigilyph
|
|turn|121
|
|move|p2a: Sigilyph|Roost|p2a: Sigilyph
|-heal|p2a: Sigilyph|286\/286
|move|p1a: Fuck Magnezone|Brave Bird|p2a: Sigilyph
|-damage|p2a: Sigilyph|186\/286
|-damage|p1a: Fuck Magnezone|269\/334|[from] recoil|[of] p2a: Sigilyph
|
|turn|122
|
|switch|p1a: Not Mega|Sableye-Mega, M, shiny|304\/304
|move|p2a: Sigilyph|Struggle|p1a: Not Mega
|-damage|p1a: Not Mega|290\/304
|-damage|p2a: Sigilyph|115\/286
|
|turn|123
|
|move|p2a: Sigilyph|Struggle|p1a: Not Mega
|-damage|p1a: Not Mega|275\/304
|-damage|p2a: Sigilyph|44\/286
|move|p1a: Not Mega|Recover|p1a: Not Mega
|-heal|p1a: Not Mega|304\/304
|
|turn|124
|
|move|p2a: Sigilyph|Struggle|p1a: Not Mega
|-damage|p1a: Not Mega|290\/304
|-damage|p2a: Sigilyph|0 fnt
|faint|p2a: Sigilyph
|move|p1a: Not Mega|Recover|p1a: Not Mega
|-heal|p1a: Not Mega|304\/304
|
|
|switch|p2a: Scizor|Scizor, M|281\/281
|-damage|p2a: Scizor|246\/281|[from] Stealth Rock
|turn|125
|
|detailschange|p2a: Scizor|Scizor-Mega, M
|-mega|p2a: Scizor|Scizor|Scizorite
|move|p2a: Scizor|Swords Dance|p2a: Scizor
|-boost|p2a: Scizor|atk|2
|move|p1a: Not Mega|Will-O-Wisp|p2a: Scizor
|-status|p2a: Scizor|brn
|
|-damage|p2a: Scizor|211\/281 brn|[from] brn
|turn|126
|c|âAmoonbro|swords dance obvious lol
|
|move|p2a: Scizor|Bullet Punch|p1a: Not Mega
|-damage|p1a: Not Mega|232\/304
|move|p1a: Not Mega|Dark Pulse|p2a: Scizor
|-crit|p2a: Scizor
|-damage|p2a: Scizor|114\/281 brn
|
|-damage|p2a: Scizor|79\/281 brn|[from] brn
|turn|127
|c|âMarcos Sca|ow:c
|c|âAmoonbro|gg
|
|move|p2a: Scizor|Roost|p2a: Scizor
|-heal|p2a: Scizor|220\/281 brn
|move|p1a: Not Mega|Dark Pulse|p2a: Scizor
|-damage|p2a: Scizor|159\/281 brn
|
|-damage|p2a: Scizor|124\/281 brn|[from] brn
|turn|128
|c|âAmoonbro|k then. gg for sure now
|
|switch|p1a: Uncle Blobby|Quagsire, M, shiny|394\/394
|move|p2a: Scizor|Roost|p2a: Scizor
|-heal|p2a: Scizor|265\/281 brn
|
|-damage|p2a: Scizor|230\/281 brn|[from] brn
|turn|129
|
|move|p2a: Scizor|Bullet Punch|p1a: Uncle Blobby
|-resisted|p1a: Uncle Blobby
|-damage|p1a: Uncle Blobby|371\/394
|move|p1a: Uncle Blobby|Earthquake|p2a: Scizor
|-damage|p2a: Scizor|164\/281 brn
|
|-heal|p1a: Uncle Blobby|394\/394|[from] item: Leftovers
|-damage|p2a: Scizor|129\/281 brn|[from] brn
|turn|130
|c|âAmoonbro|give it up bro
|c|âMarcos Sca|never! >:'
|c|âAmoonbro|burned + unware
|c|âMarcos Sca|xD
|
|move|p2a: Scizor|Night Slash|p1a: Uncle Blobby
|-damage|p1a: Uncle Blobby|355\/394
|move|p1a: Uncle Blobby|Scald|p2a: Scizor
|-damage|p2a: Scizor|74\/281 brn
|
|-heal|p1a: Uncle Blobby|379\/394|[from] item: Leftovers
|-damage|p2a: Scizor|39\/281 brn|[from] brn
|turn|131
|
|move|p2a: Scizor|Roost|p2a: Scizor
|-heal|p2a: Scizor|180\/281 brn
|move|p1a: Uncle Blobby|Haze|p1a: Uncle Blobby
|-clearallboost
|
|-heal|p1a: Uncle Blobby|394\/394|[from] item: Leftovers
|-damage|p2a: Scizor|145\/281 brn|[from] brn
|turn|132
|
|move|p2a: Scizor|Bullet Punch|p1a: Uncle Blobby
|-resisted|p1a: Uncle Blobby
|-damage|p1a: Uncle Blobby|371\/394
|move|p1a: Uncle Blobby|Scald|p2a: Scizor
|-damage|p2a: Scizor|96\/281 brn
|
|-heal|p1a: Uncle Blobby|394\/394|[from] item: Leftovers
|-damage|p2a: Scizor|61\/281 brn|[from] brn
|turn|133
|
|move|p2a: Scizor|Roost|p2a: Scizor
|-heal|p2a: Scizor|202\/281 brn
|move|p1a: Uncle Blobby|Scald|p2a: Scizor
|-damage|p2a: Scizor|150\/281 brn
|
|-damage|p2a: Scizor|115\/281 brn|[from] brn
|turn|134
|
|move|p2a: Scizor|Roost|p2a: Scizor
|-heal|p2a: Scizor|256\/281 brn
|move|p1a: Uncle Blobby|Haze|p1a: Uncle Blobby
|-clearallboost
|
|-damage|p2a: Scizor|221\/281 brn|[from] brn
|turn|135
|
|move|p2a: Scizor|Swords Dance|p2a: Scizor
|-boost|p2a: Scizor|atk|2
|move|p1a: Uncle Blobby|Scald|p2a: Scizor
|-damage|p2a: Scizor|167\/281 brn
|
|-damage|p2a: Scizor|132\/281 brn|[from] brn
|turn|136
|join|skooop
|join|ardith1234
|
|move|p2a: Scizor|Bullet Punch|p1a: Uncle Blobby
|-resisted|p1a: Uncle Blobby
|-damage|p1a: Uncle Blobby|370\/394
|move|p1a: Uncle Blobby|Scald|p2a: Scizor
|-damage|p2a: Scizor|77\/281 brn
|
|-heal|p1a: Uncle Blobby|394\/394|[from] item: Leftovers
|-damage|p2a: Scizor|42\/281 brn|[from] brn
|turn|137
|join|Rocket Denco
|c|âAmoonbro|lol give it up bro
|c| NotSilkWeaver|pp stall versus stall
|c| Rocket Denco|Give up asshole
|c| NotSilkWeaver|._.
|c| Rocket Denco|You lose
|c| Rocket Denco|Accept it
|c| Rocket Denco|Motherbitch
|c|âAmoonbro|lol^
|c| NotSilkWeaver|motherbitch tho
|
|move|p2a: Scizor|Roost|p2a: Scizor
|-heal|p2a: Scizor|183\/281 brn
|move|p1a: Uncle Blobby|Scald|p2a: Scizor
|-damage|p2a: Scizor|132\/281 brn
|
|-damage|p2a: Scizor|97\/281 brn|[from] brn
|turn|138
|c| NotSilkWeaver|The dude
|c|âAmoonbro|theres stalling, and theres being dumb
|leave|ardith1234
|
|move|p2a: Scizor|Roost|p2a: Scizor
|-heal|p2a: Scizor|238\/281 brn
|move|p1a: Uncle Blobby|Scald|p2a: Scizor
|-crit|p2a: Scizor
|-damage|p2a: Scizor|154\/281 brn
|
|-damage|p2a: Scizor|119\/281 brn|[from] brn
|turn|139
|c| NotSilkWeaver|used jolteon
|
|move|p2a: Scizor|Roost|p2a: Scizor
|-heal|p2a: Scizor|260\/281 brn
|move|p1a: Uncle Blobby|Scald|p2a: Scizor
|-damage|p2a: Scizor|211\/281 brn
|
|-damage|p2a: Scizor|176\/281 brn|[from] brn
|turn|140
|c|âAmoonbro|i have 30 pp combine between EQ and Scald bro. give it up dude
|join|Laika93
|c| NotSilkWeaver|Do !dt roost
|
|move|p2a: Scizor|Roost|p2a: Scizor
|-heal|p2a: Scizor|281\/281 brn
|move|p1a: Uncle Blobby|Haze|p1a: Uncle Blobby
|-clearallboost
|
|-damage|p2a: Scizor|246\/281 brn|[from] brn
|turn|141
|c|âAmoonbro|oh and haze
|c|âAmoonbro|epic lol
|c| Laika93|Unaware with Haze
|c| Laika93|is great
|c| Rocket Denco|This is too dumb
|c|âAmoonbro|Laika93 its obviously not used for that you retard
|c| Rocket Denco|I bet you never take no for an answer, Marcos Sca
|c| NotSilkWeaver|Water Absorb exists btw
|c|âAmoonbro|haze is there for baton pass teams, but it also helps if quag accidently gets crit or seomthing...allows me to switch back into other stuff
|c| Rocket Denco|Like when you confessed to a girl, she said no and I know what happen next. You'll rape her
|c| Laika93|Oh yes, I'm a retard for pointing out a viable strategy. ;)
|c| Rocket Denco|Time stall and pp stall
|c| NotSilkWeaver|Rocket Denco owo
|leave|Laika93
|c| Rocket Denco|You're the complete set for a douchebag asshole motherfucker
|c| NotSilkWeaver|Can't you actually report him for timerstalling?
|c| NotSilkWeaver|That's a big no no
|c|âAmoonbro|without haze i cant switch around my team, and\/or pp stall if i need to...so saying unaware without haze is too good, is so naive
|c| Rocket Denco|You can
|
|move|p2a: Scizor|Bullet Punch|p1a: Uncle Blobby
|-resisted|p1a: Uncle Blobby
|-damage|p1a: Uncle Blobby|370\/394
|move|p1a: Uncle Blobby|Scald|p2a: Scizor
|-damage|p2a: Scizor|192\/281 brn
|
|-heal|p1a: Uncle Blobby|394\/394|[from] item: Leftovers
|-damage|p2a: Scizor|157\/281 brn|[from] brn
|turn|142
|c|âAmoonbro|and its mainly for baton pass teams anyway
|c| Rocket Denco|In this instance (PP stall and Time stall when you have no chance of winning at all), you can report to a mod
|
|move|p2a: Scizor|Roost|p2a: Scizor
|-heal|p2a: Scizor|281\/281 brn
|move|p1a: Uncle Blobby|Scald|p2a: Scizor
|-damage|p2a: Scizor|227\/281 brn
|
|-damage|p2a: Scizor|192\/281 brn|[from] brn
|turn|143
|c|âAmoonbro|yeah the guys a tard
|c| Rocket Denco|For a \/forcewin Amoonbro
|c|âAmoonbro|let the struggle
|
|move|p2a: Scizor|Roost|p2a: Scizor
|-heal|p2a: Scizor|281\/281 brn
|move|p1a: Uncle Blobby|Scald|p2a: Scizor
|-damage|p2a: Scizor|232\/281 brn
|
|-damage|p2a: Scizor|197\/281 brn|[from] brn
|turn|144
|c| NotSilkWeaver|PP Stalling is unfortunately legal :\
|c| Rocket Denco|PP stall and time stall in this situation tho
|c| Rocket Denco|Is a no no
|
|move|p2a: Scizor|Swords Dance|p2a: Scizor
|-boost|p2a: Scizor|atk|2
|move|p1a: Uncle Blobby|Scald|p2a: Scizor
|-damage|p2a: Scizor|145\/281 brn
|
|-damage|p2a: Scizor|110\/281 brn|[from] brn
|turn|145
|c| NotSilkWeaver|Yeah
|c| Rocket Denco|Just report him, Amoonbro
|c|âAmoonbro|time stalling should be banned
|c| NotSilkWeaver|It is
|c| Rocket Denco|It is reportable
|c|âAmoonbro|pp stalling is fine
|c|âAmoonbro|he isnt time stalling he is a t least pressing within a reasonable time frame
|c| Rocket Denco|Why would you waste your precious time dealing with this shit
|
|move|p2a: Scizor|Swords Dance|p2a: Scizor
|-boost|p2a: Scizor|atk|2
|move|p1a: Uncle Blobby|Scald|p2a: Scizor
|-damage|p2a: Scizor|61\/281 brn
|
|-damage|p2a: Scizor|26\/281 brn|[from] brn
|turn|146
|c| NotSilkWeaver|goes for +3
|c| Rocket Denco|Oh and you win
|c| Rocket Denco|:D
|
|move|p2a: Scizor|Roost|p2a: Scizor
|-heal|p2a: Scizor|167\/281 brn
|move|p1a: Uncle Blobby|Earthquake|p2a: Scizor
|-damage|p2a: Scizor|92\/281 brn
|
|-damage|p2a: Scizor|57\/281 brn|[from] brn
|turn|147
|c| Rocket Denco|Motherfucker still has roost
|
|move|p2a: Scizor|Roost|p2a: Scizor
|-heal|p2a: Scizor|198\/281 brn
|move|p1a: Uncle Blobby|Earthquake|p2a: Scizor
|-damage|p2a: Scizor|125\/281 brn
|
|-damage|p2a: Scizor|90\/281 brn|[from] brn
|turn|148
|c| Rocket Denco|Son of a cock
|join|Codeman1010
|
|move|p2a: Scizor|Roost|p2a: Scizor
|-heal|p2a: Scizor|231\/281 brn
|move|p1a: Uncle Blobby|Earthquake|p2a: Scizor
|-damage|p2a: Scizor|156\/281 brn
|
|-damage|p2a: Scizor|121\/281 brn|[from] brn
|turn|149
|c| NotSilkWeaver|To be quite frank, I don't think that even at +6 a burned scizor can even touch skarmory
|c|âAmoonbro|lets say i lose this pp war(i wont)...and no haze....rest of team has to face a +3
|
|move|p2a: Scizor|Bullet Punch|p1a: Uncle Blobby
|-crit|p1a: Uncle Blobby
|-resisted|p1a: Uncle Blobby
|-damage|p1a: Uncle Blobby|359\/394
|move|p1a: Uncle Blobby|Earthquake|p2a: Scizor
|-damage|p2a: Scizor|54\/281 brn
|
|-heal|p1a: Uncle Blobby|383\/394|[from] item: Leftovers
|-damage|p2a: Scizor|19\/281 brn|[from] brn
|turn|150
|c| Rocket Denco|CRIT
|c| Rocket Denco|+3 CRIT
|c| Rocket Denco|Lol
|c| Rocket Denco|Unaware is the dick
|c| NotSilkWeaver|You can actually just switch back and forth between skarm and quag
|c|âAmoonbro|unfortunaly the thing that does most damage is dead
|
|move|p2a: Scizor|Roost|p2a: Scizor
|-heal|p2a: Scizor|160\/281 brn
|move|p1a: Uncle Blobby|Scald|p2a: Scizor
|-damage|p2a: Scizor|111\/281 brn
|
|-heal|p1a: Uncle Blobby|394\/394|[from] item: Leftovers
|-damage|p2a: Scizor|76\/281 brn|[from] brn
|turn|151
|c|âAmoonbro|he critted one of my pokes earlier and i had to sack amoongus
|
|move|p2a: Scizor|Night Slash|p1a: Uncle Blobby
|-damage|p1a: Uncle Blobby|356\/394
|move|p1a: Uncle Blobby|Earthquake|p2a: Scizor
|-damage|p2a: Scizor|10\/281 brn
|
|-heal|p1a: Uncle Blobby|380\/394|[from] item: Leftovers
|-damage|p2a: Scizor|0 fnt|[from] brn
|faint|p2a: Scizor
|
|win|Amoonbro
|raw|Ladder updating...
|raw|Amoonbro's rating: 1253 &rarr; <strong>1275<\/strong><br \/>(+22 for winning)
|raw|Marcos Sca's rating: 1218 &rarr; <strong>1195<\/strong><br \/>(-23 for losing)
|c| Rocket Denco|LMAO
|c| Rocket Denco|STALL FAIL
|c| NotSilkWeaver|GG NO RE
|c| NotSilkWeaver|EVER
|c|âAmoonbro|gg
|c| Rocket Denco|DIE MOTHERBITCH!