|join|Amoonbro
|join|chrisyo
|player|p1|Amoonbro|1
|player|p2|chrisyo|101
|gametype|singles
|gen|6
|tier|OU
|rated
|clearpoke
|poke|p1|Chansey, F, shiny
|poke|p1|Skarmory, F, shiny
|poke|p1|Alomomola, F, shiny
|poke|p1|Amoonguss, F, shiny
|poke|p1|Quagsire, F, shiny
|poke|p1|Sableye, M, shiny
|poke|p2|Charizard, F
|poke|p2|Garchomp, F
|poke|p2|Scizor, F
|poke|p2|Azumarill, M
|poke|p2|Tyranitar, M
|poke|p2|Excadrill, M
|rule|Swagger Clause: Swagger is banned
|rule|Baton Pass Clause: Limit one PokÃ©mon knowing Baton Pass
|rule|Sleep Clause Mod: Limit one foe put to sleep
|rule|Species Clause: Limit one of each PokÃ©mon
|rule|OHKO Clause: OHKO moves are banned
|rule|Moody Clause: Moody is banned
|rule|Evasion Moves Clause: Evasion moves are banned
|rule|Endless Battle Clause: Forcing endless battles is banned
|rule|HP Percentage Mod: HP is shown in percentages
|teampreview
|
|start
|switch|p1a: Not Mega|Sableye, M, shiny|304\/304
|switch|p2a: Scizor|Scizor, F|344\/344
|turn|1
|
|switch|p2a: Charizard|Charizard, F|332\/332
|detailschange|p1a: Not Mega|Sableye-Mega, M, shiny
|-mega|p1a: Not Mega|Sableye|Sablenite
|move|p1a: Not Mega|Knock Off|p2a: Charizard
|-damage|p2a: Charizard|256\/332
|
|turn|2
|
|switch|p1a: Baby Blobby|Chansey, F, shiny|704\/704
|detailschange|p2a: Charizard|Charizard-Mega-X, F
|-mega|p2a: Charizard|Charizard|Charizardite X
|move|p2a: Charizard|Dragon Dance|p2a: Charizard
|-boost|p2a: Charizard|atk|1
|-boost|p2a: Charizard|spe|1
|
|turn|3
|
|switch|p1a: Uncle Blobby|Quagsire, F, shiny|394\/394
|move|p2a: Charizard|Dragon Claw|p1a: Uncle Blobby
|-damage|p1a: Uncle Blobby|222\/394
|
|-heal|p1a: Uncle Blobby|246\/394|[from] item: Leftovers
|turn|4
|
|move|p2a: Charizard|Dragon Dance|p2a: Charizard
|-boost|p2a: Charizard|atk|1
|-boost|p2a: Charizard|spe|1
|move|p1a: Uncle Blobby|Recover|p1a: Uncle Blobby
|-heal|p1a: Uncle Blobby|394\/394
|
|turn|5
|
|move|p2a: Charizard|Dragon Claw|p1a: Uncle Blobby
|-damage|p1a: Uncle Blobby|222\/394
|move|p1a: Uncle Blobby|Earthquake|p2a: Charizard
|-supereffective|p2a: Charizard
|-damage|p2a: Charizard|64\/332
|
|-heal|p1a: Uncle Blobby|246\/394|[from] item: Leftovers
|turn|6
|
|switch|p2a: Excadrill|Excadrill, M|361\/361
|-item|p2a: Excadrill|Air Balloon
|move|p1a: Uncle Blobby|Recover|p1a: Uncle Blobby
|-heal|p1a: Uncle Blobby|394\/394
|
|turn|7
|
|switch|p1a: Not Mega|Sableye-Mega, M, shiny|304\/304
|move|p2a: Excadrill|Earthquake|p1a: Not Mega
|-damage|p1a: Not Mega|186\/304
|
|turn|8
|
|move|p2a: Excadrill|Earthquake|p1a: Not Mega
|-damage|p1a: Not Mega|65\/304
|move|p1a: Not Mega|Recover|p1a: Not Mega
|-heal|p1a: Not Mega|217\/304
|
|turn|9
|
|move|p2a: Excadrill|Earthquake|p1a: Not Mega
|-damage|p1a: Not Mega|87\/304
|move|p1a: Not Mega|Recover|p1a: Not Mega
|-heal|p1a: Not Mega|239\/304
|
|turn|10
|
|move|p2a: Excadrill|Earthquake|p1a: Not Mega
|-damage|p1a: Not Mega|119\/304
|move|p1a: Not Mega|Will-O-Wisp|p2a: Excadrill
|-status|p2a: Excadrill|brn
|
|-damage|p2a: Excadrill|316\/361 brn|[from] brn
|turn|11
|
|switch|p2a: Tyranitar|Tyranitar, M|404\/404
|-weather|Sandstorm
|move|p1a: Not Mega|Recover|p1a: Not Mega
|-heal|p1a: Not Mega|271\/304
|
|-weather|Sandstorm|[upkeep]
|-damage|p1a: Not Mega|252\/304|[from] sandstorm
|turn|12
|
|move|p2a: Tyranitar|Stealth Rock|p1a: Not Mega
|move|p1a: Not Mega|Stealth Rock|p2a: Tyranitar|[from]Magic Bounce
|-sidestart|p2: chrisyo|move: Stealth Rock
|move|p1a: Not Mega|Will-O-Wisp|p2a: Tyranitar
|-status|p2a: Tyranitar|brn
|
|-weather|Sandstorm|[upkeep]
|-damage|p1a: Not Mega|233\/304|[from] sandstorm
|-damage|p2a: Tyranitar|354\/404 brn|[from] brn
|turn|13
|
|move|p2a: Tyranitar|Stealth Rock|p1a: Not Mega
|move|p1a: Not Mega|Stealth Rock|p2a: Tyranitar|[from]Magic Bounce
|-fail|p2a: Tyranitar
|move|p1a: Not Mega|Recover|p1a: Not Mega
|-heal|p1a: Not Mega|304\/304
|
|-weather|Sandstorm|[upkeep]
|-damage|p1a: Not Mega|285\/304|[from] sandstorm
|-damage|p2a: Tyranitar|304\/404 brn|[from] brn
|turn|14
|
|move|p2a: Tyranitar|Stealth Rock|p1a: Not Mega
|move|p1a: Not Mega|Stealth Rock|p2a: Tyranitar|[from]Magic Bounce
|-fail|p2a: Tyranitar
|move|p1a: Not Mega|Knock Off|p2a: Tyranitar
|-crit|p2a: Tyranitar
|-resisted|p2a: Tyranitar
|-damage|p2a: Tyranitar|256\/404 brn
|-enditem|p2a: Tyranitar|Smooth Rock|[from] move: Knock Off|[of] p1a: Not Mega
|
|-weather|Sandstorm|[upkeep]
|-damage|p1a: Not Mega|266\/304|[from] sandstorm
|-damage|p2a: Tyranitar|206\/404 brn|[from] brn
|turn|15
|
|move|p2a: Tyranitar|Stealth Rock|p1a: Not Mega
|move|p1a: Not Mega|Stealth Rock|p2a: Tyranitar|[from]Magic Bounce
|-fail|p2a: Tyranitar
|move|p1a: Not Mega|Knock Off|p2a: Tyranitar
|-resisted|p2a: Tyranitar
|-damage|p2a: Tyranitar|184\/404 brn
|
|-weather|Sandstorm|[upkeep]
|-damage|p1a: Not Mega|247\/304|[from] sandstorm
|-damage|p2a: Tyranitar|134\/404 brn|[from] brn
|turn|16
|
|move|p2a: Tyranitar|Stealth Rock|p1a: Not Mega
|move|p1a: Not Mega|Stealth Rock|p2a: Tyranitar|[from]Magic Bounce
|-fail|p2a: Tyranitar
|move|p1a: Not Mega|Knock Off|p2a: Tyranitar
|-resisted|p2a: Tyranitar
|-damage|p2a: Tyranitar|110\/404 brn
|
|-weather|Sandstorm|[upkeep]
|-damage|p1a: Not Mega|228\/304|[from] sandstorm
|-damage|p2a: Tyranitar|60\/404 brn|[from] brn
|turn|17
|
|move|p2a: Tyranitar|Stealth Rock|p1a: Not Mega
|move|p1a: Not Mega|Stealth Rock|p2a: Tyranitar|[from]Magic Bounce
|-fail|p2a: Tyranitar
|move|p1a: Not Mega|Recover|p1a: Not Mega
|-heal|p1a: Not Mega|304\/304
|
|-weather|Sandstorm|[upkeep]
|-damage|p1a: Not Mega|285\/304|[from] sandstorm
|-damage|p2a: Tyranitar|10\/404 brn|[from] brn
|turn|18
|-message|chrisyo lost due to inactivity.
|
|win|Amoonbro
|raw|Ladder updating...
|raw|Amoonbro's rating: 1499 &rarr; <strong>1516<\/strong><br \/>(+17 for winning)
|raw|chrisyo's rating: 1435 &rarr; <strong>1418<\/strong><br \/>(-17 for losing)
|leave|chrisyo
|player|p2