|join|Cosmic Mind
|join|Terhaar
|player|p1|Cosmic Mind|165
|player|p2|Terhaar|293
|gametype|singles
|gen|6
|tier|OU
|rated
|clearpoke
|poke|p1|Chansey, F
|poke|p1|Slowbro, F
|poke|p1|Altaria, F
|poke|p1|Heatran, F
|poke|p1|Quagsire, F
|poke|p1|Zapdos
|poke|p2|Sableye, M
|poke|p2|Gothitelle, F
|poke|p2|Chansey, F
|poke|p2|Skarmory, M
|poke|p2|Quagsire, M
|poke|p2|Amoonguss, M
|rule|Swagger Clause: Swagger is banned
|rule|Baton Pass Clause: Limit one PokÃ©mon knowing Baton Pass
|rule|Sleep Clause Mod: Limit one foe put to sleep
|rule|Species Clause: Limit one of each PokÃ©mon
|rule|OHKO Clause: OHKO moves are banned
|rule|Moody Clause: Moody is banned
|rule|Evasion Moves Clause: Evasion moves are banned
|rule|Endless Battle Clause: Forcing endless battles is banned
|rule|HP Percentage Mod: HP is shown in percentages
|teampreview
|
|start
|switch|p1a: Altaria|Altaria, F|354\/354
|switch|p2a: Eric Andre|Sableye, M|262\/262
|turn|1
|
|detailschange|p1a: Altaria|Altaria-Mega, F
|-mega|p1a: Altaria|Altaria|Altarianite
|detailschange|p2a: Eric Andre|Sableye-Mega, M
|-mega|p2a: Eric Andre|Sableye|Sablenite
|move|p2a: Eric Andre|Will-O-Wisp|p1a: Altaria
|-status|p1a: Altaria|brn
|move|p1a: Altaria|Fire Blast|p2a: Eric Andre
|-damage|p2a: Eric Andre|186\/262
|
|-damage|p1a: Altaria|310\/354 brn|[from] brn
|turn|2
|
|switch|p2a: (O)OOOO|Chansey, F|641\/641
|move|p1a: Altaria|Hyper Voice|p2a: (O)OOOO
|-damage|p2a: (O)OOOO|557\/641
|
|-damage|p1a: Altaria|266\/354 brn|[from] brn
|turn|3
|
|switch|p1a: Heatran|Heatran, F|386\/386
|move|p2a: (O)OOOO|Stealth Rock|p1a: Heatran
|-sidestart|p1: Cosmic Mind|move: Stealth Rock
|
|turn|4
|
|switch|p2a: Eric Andre|Sableye-Mega, M|186\/262
|move|p1a: Heatran|Lava Plume|p2a: Eric Andre
|-damage|p2a: Eric Andre|92\/262
|
|turn|5
|
|switch|p2a: Eric Wareheim|Quagsire, M|394\/394
|move|p1a: Heatran|Lava Plume|p2a: Eric Wareheim
|-resisted|p2a: Eric Wareheim
|-damage|p2a: Eric Wareheim|305\/394
|
|-heal|p2a: Eric Wareheim|329\/394|[from] item: Leftovers
|turn|6
|join|Raging confidence
|
|switch|p1a: Altaria|Altaria-Mega, F|266\/354 brn
|-damage|p1a: Altaria|222\/354 brn|[from] Stealth Rock
|move|p2a: Eric Wareheim|Toxic|p1a: Altaria|[miss]
|-miss|p2a: Eric Wareheim|p1a: Altaria
|
|-heal|p2a: Eric Wareheim|353\/394|[from] item: Leftovers
|-damage|p1a: Altaria|178\/354 brn|[from] brn
|turn|7
|
|switch|p2a: (O)OOOO|Chansey, F|557\/641
|move|p1a: Altaria|Heal Bell|p1a: Altaria
|-cureteam|p1a: Altaria|[from] move: HealBell
|
|turn|8
|
|move|p1a: Altaria|Roost|p1a: Altaria
|-heal|p1a: Altaria|354\/354
|move|p2a: (O)OOOO|Seismic Toss|p1a: Altaria
|-damage|p1a: Altaria|254\/354
|
|turn|9
|
|switch|p1a: Heatran|Heatran, F|386\/386
|-damage|p1a: Heatran|338\/386|[from] Stealth Rock
|move|p2a: (O)OOOO|Seismic Toss|p1a: Heatran
|-damage|p1a: Heatran|238\/386
|
|-heal|p1a: Heatran|262\/386|[from] item: Leftovers
|turn|10
|
|move|p1a: Heatran|Toxic|p2a: (O)OOOO
|-status|p2a: (O)OOOO|tox
|move|p2a: (O)OOOO|Seismic Toss|p1a: Heatran
|-damage|p1a: Heatran|162\/386
|
|-heal|p1a: Heatran|186\/386|[from] item: Leftovers
|-damage|p2a: (O)OOOO|517\/641 tox|[from] psn
|turn|11
|
|switch|p1a: Chansey|Chansey, F|642\/642
|-damage|p1a: Chansey|562\/642|[from] Stealth Rock
|move|p2a: (O)OOOO|Seismic Toss|p1a: Chansey
|-damage|p1a: Chansey|462\/642
|
|-damage|p2a: (O)OOOO|437\/641 tox|[from] psn
|turn|12
|
|switch|p2a: Sarah Silverman|Gothitelle, F|344\/344
|switch|p1a: Altaria|Altaria-Mega, F|254\/354
|-damage|p1a: Altaria|210\/354|[from] Stealth Rock
|
|turn|13
|
|switch|p2a: (O)OOOO|Chansey, F|437\/641
|move|p1a: Altaria|Roost|p1a: Altaria
|-heal|p1a: Altaria|354\/354
|
|turn|14
|
|switch|p1a: Zapdos|Zapdos|384\/384
|-damage|p1a: Zapdos|288\/384|[from] Stealth Rock
|-ability|p1a: Zapdos|Pressure
|move|p2a: (O)OOOO|Seismic Toss|p1a: Zapdos
|-damage|p1a: Zapdos|188\/384
|
|-heal|p1a: Zapdos|212\/384|[from] item: Leftovers
|turn|15
|
|move|p1a: Zapdos|Defog|p2a: (O)OOOO
|-unboost|p2a: (O)OOOO|evasion|1
|-sideend|p1: Cosmic Mind|Stealth Rock|[from] move: Defog|[of] p1a: Zapdos
|move|p2a: (O)OOOO|Seismic Toss|p1a: Zapdos
|-damage|p1a: Zapdos|112\/384
|
|-heal|p1a: Zapdos|136\/384|[from] item: Leftovers
|turn|16
|
|move|p1a: Zapdos|Roost|p1a: Zapdos
|-heal|p1a: Zapdos|328\/384
|move|p2a: (O)OOOO|Seismic Toss|p1a: Zapdos
|-damage|p1a: Zapdos|228\/384
|
|-heal|p1a: Zapdos|252\/384|[from] item: Leftovers
|turn|17
|
|switch|p1a: Quagsire|Quagsire, F|394\/394
|move|p2a: (O)OOOO|Stealth Rock|p1a: Quagsire
|-sidestart|p1: Cosmic Mind|move: Stealth Rock
|
|turn|18
|
|switch|p2a: Tim heidecker|Amoonguss, M|432\/432
|move|p1a: Quagsire|Toxic|p2a: Tim heidecker
|-fail|p2a: Tim heidecker
|
|turn|19
|
|move|p2a: Tim heidecker|Spore|p1a: Quagsire
|-status|p1a: Quagsire|slp
|cant|p1a: Quagsire|slp
|
|turn|20
|
|switch|p1a: Zapdos|Zapdos|252\/384
|-damage|p1a: Zapdos|156\/384|[from] Stealth Rock
|-ability|p1a: Zapdos|Pressure
|move|p2a: Tim heidecker|Stun Spore|p1a: Zapdos
|-fail|p1a: Zapdos
|
|-heal|p1a: Zapdos|180\/384|[from] item: Leftovers
|turn|21
|
|move|p1a: Zapdos|Roost|p1a: Zapdos
|-heal|p1a: Zapdos|372\/384
|move|p2a: Tim heidecker|Foul Play|p1a: Zapdos
|-damage|p1a: Zapdos|324\/384
|
|-heal|p1a: Zapdos|348\/384|[from] item: Leftovers
|turn|22
|
|switch|p2a: (O)OOOO|Chansey, F|437\/641
|move|p1a: Zapdos|Heat Wave|p2a: (O)OOOO
|-damage|p2a: (O)OOOO|387\/641
|
|-heal|p1a: Zapdos|372\/384|[from] item: Leftovers
|turn|23
|
|move|p1a: Zapdos|Thunderbolt|p2a: (O)OOOO
|-damage|p2a: (O)OOOO|326\/641
|move|p2a: (O)OOOO|Soft-Boiled|p2a: (O)OOOO
|-heal|p2a: (O)OOOO|641\/641
|
|-heal|p1a: Zapdos|384\/384|[from] item: Leftovers
|turn|24
|
|switch|p2a: Eric Wareheim|Quagsire, M|353\/394
|move|p1a: Zapdos|Heat Wave|p2a: Eric Wareheim
|-resisted|p2a: Eric Wareheim
|-damage|p2a: Eric Wareheim|284\/394
|
|-heal|p2a: Eric Wareheim|308\/394|[from] item: Leftovers
|turn|25
|
|switch|p1a: Quagsire|Quagsire, F|394\/394 slp
|-damage|p1a: Quagsire|370\/394 slp|[from] Stealth Rock
|move|p2a: Eric Wareheim|Earthquake|p1a: Quagsire
|-damage|p1a: Quagsire|288\/394 slp
|
|-heal|p2a: Eric Wareheim|332\/394|[from] item: Leftovers
|-heal|p1a: Quagsire|312\/394 slp|[from] item: Leftovers
|turn|26
|
|switch|p1a: Altaria|Altaria-Mega, F|354\/354
|-damage|p1a: Altaria|310\/354|[from] Stealth Rock
|switch|p2a: Sarah Silverman|Gothitelle, F|344\/344
|
|turn|27
|
|move|p2a: Sarah Silverman|Taunt|p1a: Altaria
|-start|p1a: Altaria|move: Taunt
|move|p1a: Altaria|Hyper Voice|p2a: Sarah Silverman
|-damage|p2a: Sarah Silverman|212\/344
|
|turn|28
|
|switch|p2a: Tim heidecker|Amoonguss, M|432\/432
|move|p1a: Altaria|Hyper Voice|p2a: Tim heidecker
|-resisted|p2a: Tim heidecker
|-damage|p2a: Tim heidecker|335\/432
|
|-heal|p2a: Tim heidecker|362\/432|[from] item: Black Sludge
|turn|29
|
|switch|p1a: Heatran|Heatran, F|186\/386
|-damage|p1a: Heatran|138\/386|[from] Stealth Rock
|switch|p2a: (O)OOOO|Chansey, F|641\/641
|
|-heal|p1a: Heatran|162\/386|[from] item: Leftovers
|turn|30
|
|switch|p1a: Zapdos|Zapdos|384\/384
|-damage|p1a: Zapdos|288\/384|[from] Stealth Rock
|-ability|p1a: Zapdos|Pressure
|move|p2a: (O)OOOO|Seismic Toss|p1a: Zapdos
|-damage|p1a: Zapdos|188\/384
|
|-heal|p1a: Zapdos|212\/384|[from] item: Leftovers
|turn|31
|
|switch|p2a: Eric Wareheim|Quagsire, M|332\/394
|move|p1a: Zapdos|Defog|p2a: Eric Wareheim
|-unboost|p2a: Eric Wareheim|evasion|1
|-sideend|p1: Cosmic Mind|Stealth Rock|[from] move: Defog|[of] p1a: Zapdos
|
|-heal|p1a: Zapdos|236\/384|[from] item: Leftovers
|-heal|p2a: Eric Wareheim|356\/394|[from] item: Leftovers
|turn|32
|
|switch|p1a: Chansey|Chansey, F|462\/642
|move|p2a: Eric Wareheim|Scald|p1a: Chansey
|-damage|p1a: Chansey|425\/642
|-status|p1a: Chansey|brn
|
|-heal|p2a: Eric Wareheim|380\/394|[from] item: Leftovers
|-damage|p1a: Chansey|345\/642 brn|[from] brn
|turn|33
|
|switch|p2a: Sarah Silverman|Gothitelle, F|212\/344
|move|p1a: Chansey|Soft-Boiled|p1a: Chansey
|-heal|p1a: Chansey|642\/642 brn
|
|-damage|p1a: Chansey|562\/642 brn|[from] brn
|turn|34
|
|move|p2a: Sarah Silverman|Trick|p1a: Chansey
|-activate|p2a: Sarah Silverman|move: Trick|[of] p1a: Chansey
|-item|p1a: Chansey|Choice Scarf|[from] move: Trick
|-item|p2a: Sarah Silverman|Eviolite|[from] move: Trick
|move|p1a: Chansey|Seismic Toss|p2a: Sarah Silverman
|-damage|p2a: Sarah Silverman|112\/344
|
|-damage|p1a: Chansey|482\/642 brn|[from] brn
|turn|35
|
|move|p2a: Sarah Silverman|Psychic|p1a: Chansey
|-damage|p1a: Chansey|407\/642 brn
|move|p1a: Chansey|Seismic Toss|p2a: Sarah Silverman
|-damage|p2a: Sarah Silverman|12\/344
|
|-damage|p1a: Chansey|327\/642 brn|[from] brn
|turn|36
|
|move|p2a: Sarah Silverman|Rest|p2a: Sarah Silverman
|-status|p2a: Sarah Silverman|slp
|-heal|p2a: Sarah Silverman|344\/344 slp|[silent]
|-status|p2a: Sarah Silverman|slp|[from] move: Rest
|move|p1a: Chansey|Seismic Toss|p2a: Sarah Silverman
|-damage|p2a: Sarah Silverman|244\/344 slp
|
|-damage|p1a: Chansey|247\/642 brn|[from] brn
|turn|37
|
|switch|p2a: Eric Andre|Sableye-Mega, M|92\/262
|move|p1a: Chansey|Seismic Toss|p2a: Eric Andre
|-immune|p2a: Eric Andre|[msg]
|
|-damage|p1a: Chansey|167\/642 brn|[from] brn
|turn|38
|
|switch|p1a: Heatran|Heatran, F|162\/386
|move|p2a: Eric Andre|Recover|p2a: Eric Andre
|-heal|p2a: Eric Andre|223\/262
|
|-heal|p1a: Heatran|186\/386|[from] item: Leftovers
|turn|39
|
|switch|p2a: Eric Wareheim|Quagsire, M|380\/394
|move|p1a: Heatran|Lava Plume|p2a: Eric Wareheim
|-resisted|p2a: Eric Wareheim
|-damage|p2a: Eric Wareheim|291\/394
|
|-heal|p1a: Heatran|210\/386|[from] item: Leftovers
|-heal|p2a: Eric Wareheim|315\/394|[from] item: Leftovers
|turn|40
|
|switch|p1a: Chansey|Chansey, F|167\/642
|move|p2a: Eric Wareheim|Earthquake|p1a: Chansey
|-damage|p1a: Chansey|0 fnt
|faint|p1a: Chansey
|
|-heal|p2a: Eric Wareheim|339\/394|[from] item: Leftovers
|
|switch|p1a: Altaria|Altaria-Mega, F|310\/354
|turn|41
|leave|Raging confidence
|
|switch|p2a: (O)OOOO|Chansey, F|641\/641
|move|p1a: Altaria|Hyper Voice|p2a: (O)OOOO
|-damage|p2a: (O)OOOO|568\/641
|
|turn|42
|
|switch|p1a: Slowbro|Slowbro, F|394\/394
|move|p2a: (O)OOOO|Stealth Rock|p1a: Slowbro
|-sidestart|p1: Cosmic Mind|move: Stealth Rock
|
|turn|43
|
|switch|p2a: Eric Andre|Sableye-Mega, M|223\/262
|move|p1a: Slowbro|Scald|p2a: Eric Andre
|-damage|p2a: Eric Andre|148\/262
|
|turn|44
|
|move|p2a: Eric Andre|Recover|p2a: Eric Andre
|-heal|p2a: Eric Andre|262\/262
|move|p1a: Slowbro|Scald|p2a: Eric Andre
|-damage|p2a: Eric Andre|190\/262
|
|turn|45
|
|switch|p1a: Altaria|Altaria-Mega, F|310\/354
|-damage|p1a: Altaria|266\/354|[from] Stealth Rock
|move|p2a: Eric Andre|Will-O-Wisp|p1a: Altaria
|-status|p1a: Altaria|brn
|
|-damage|p1a: Altaria|222\/354 brn|[from] brn
|turn|46
|
|switch|p2a: Tim heidecker|Amoonguss, M|432\/432
|move|p1a: Altaria|Roost|p1a: Altaria
|-heal|p1a: Altaria|354\/354 brn
|
|-damage|p1a: Altaria|310\/354 brn|[from] brn
|turn|47
|
|switch|p1a: Zapdos|Zapdos|236\/384
|-damage|p1a: Zapdos|140\/384|[from] Stealth Rock
|-ability|p1a: Zapdos|Pressure
|switch|p2a: (O)OOOO|Chansey, F|568\/641
|
|-heal|p1a: Zapdos|164\/384|[from] item: Leftovers
|turn|48
|
|switch|p2a: Eric Wareheim|Quagsire, M|339\/394
|move|p1a: Zapdos|Roost|p1a: Zapdos
|-heal|p1a: Zapdos|356\/384
|
|-heal|p1a: Zapdos|380\/384|[from] item: Leftovers
|-heal|p2a: Eric Wareheim|363\/394|[from] item: Leftovers
|turn|49
|
|switch|p1a: Altaria|Altaria-Mega, F|310\/354 brn
|-damage|p1a: Altaria|266\/354 brn|[from] Stealth Rock
|move|p2a: Eric Wareheim|Toxic|p1a: Altaria
|-fail|p1a: Altaria
|
|-heal|p2a: Eric Wareheim|387\/394|[from] item: Leftovers
|-damage|p1a: Altaria|222\/354 brn|[from] brn
|turn|50
|
|move|p1a: Altaria|Fire Blast|p2a: Eric Wareheim
|-resisted|p2a: Eric Wareheim
|-damage|p2a: Eric Wareheim|323\/394
|move|p2a: Eric Wareheim|Earthquake|p1a: Altaria
|-damage|p1a: Altaria|150\/354 brn
|
|-heal|p2a: Eric Wareheim|347\/394|[from] item: Leftovers
|-damage|p1a: Altaria|106\/354 brn|[from] brn
|turn|51
|
|move|p1a: Altaria|Roost|p1a: Altaria
|-heal|p1a: Altaria|283\/354 brn
|move|p2a: Eric Wareheim|Earthquake|p1a: Altaria
|-damage|p1a: Altaria|214\/354 brn
|
|-heal|p2a: Eric Wareheim|371\/394|[from] item: Leftovers
|-damage|p1a: Altaria|170\/354 brn|[from] brn
|turn|52
|
|move|p1a: Altaria|Hyper Voice|p2a: Eric Wareheim
|-damage|p2a: Eric Wareheim|172\/394
|move|p2a: Eric Wareheim|Earthquake|p1a: Altaria
|-damage|p1a: Altaria|94\/354 brn
|
|-heal|p2a: Eric Wareheim|196\/394|[from] item: Leftovers
|-damage|p1a: Altaria|50\/354 brn|[from] brn
|turn|53
|
|switch|p2a: (O)OOOO|Chansey, F|568\/641
|move|p1a: Altaria|Roost|p1a: Altaria
|-heal|p1a: Altaria|227\/354 brn
|
|-damage|p1a: Altaria|183\/354 brn|[from] brn
|turn|54
|
|move|p1a: Altaria|Roost|p1a: Altaria
|-heal|p1a: Altaria|354\/354 brn
|move|p2a: (O)OOOO|Seismic Toss|p1a: Altaria
|-damage|p1a: Altaria|254\/354 brn
|
|-damage|p1a: Altaria|210\/354 brn|[from] brn
|turn|55
|
|switch|p1a: Zapdos|Zapdos|380\/384
|-damage|p1a: Zapdos|284\/384|[from] Stealth Rock
|-ability|p1a: Zapdos|Pressure
|move|p2a: (O)OOOO|Aromatherapy|p2a: (O)OOOO
|-cureteam|p2a: (O)OOOO|[from] move: Aromatherapy
|
|-heal|p1a: Zapdos|308\/384|[from] item: Leftovers
|turn|56
|
|switch|p2a: Eric Wareheim|Quagsire, M|196\/394
|move|p1a: Zapdos|Defog|p2a: Eric Wareheim
|-unboost|p2a: Eric Wareheim|evasion|1
|-sideend|p1: Cosmic Mind|Stealth Rock|[from] move: Defog|[of] p1a: Zapdos
|
|-heal|p1a: Zapdos|332\/384|[from] item: Leftovers
|-heal|p2a: Eric Wareheim|220\/394|[from] item: Leftovers
|turn|57
|
|switch|p1a: Slowbro|Slowbro, F|394\/394
|move|p2a: Eric Wareheim|Recover|p2a: Eric Wareheim
|-heal|p2a: Eric Wareheim|394\/394
|
|turn|58
|
|move|p1a: Slowbro|Scald|p2a: Eric Wareheim
|-damage|p2a: Eric Wareheim|265\/394
|move|p2a: Eric Wareheim|Toxic|p1a: Slowbro|[miss]
|-miss|p2a: Eric Wareheim|p1a: Slowbro
|
|-heal|p2a: Eric Wareheim|289\/394|[from] item: Leftovers
|turn|59
|
|move|p1a: Slowbro|Scald|p2a: Eric Wareheim
|-damage|p2a: Eric Wareheim|162\/394
|-status|p2a: Eric Wareheim|brn
|move|p2a: Eric Wareheim|Toxic|p1a: Slowbro
|-status|p1a: Slowbro|tox
|
|-heal|p2a: Eric Wareheim|186\/394 brn|[from] item: Leftovers
|-damage|p1a: Slowbro|370\/394 tox|[from] psn
|-damage|p2a: Eric Wareheim|137\/394 brn|[from] brn
|turn|60
|
|switch|p1a: Altaria|Altaria-Mega, F|210\/354 brn
|switch|p2a: (O)OOOO|Chansey, F|568\/641
|
|-damage|p1a: Altaria|166\/354 brn|[from] brn
|turn|61
|
|switch|p2a: Sarah Silverman|Gothitelle, F|244\/344
|move|p1a: Altaria|Roost|p1a: Altaria
|-heal|p1a: Altaria|343\/354 brn
|
|-damage|p1a: Altaria|299\/354 brn|[from] brn
|turn|62
|
|move|p2a: Sarah Silverman|Psychic|p1a: Altaria
|-damage|p1a: Altaria|193\/354 brn
|move|p1a: Altaria|Hyper Voice|p2a: Sarah Silverman
|-damage|p2a: Sarah Silverman|94\/344
|
|-damage|p1a: Altaria|149\/354 brn|[from] brn
|turn|63
|
|move|p2a: Sarah Silverman|Psychic|p1a: Altaria
|-damage|p1a: Altaria|56\/354 brn
|-unboost|p1a: Altaria|spd|1
|move|p1a: Altaria|Roost|p1a: Altaria
|-heal|p1a: Altaria|233\/354 brn
|
|-damage|p1a: Altaria|189\/354 brn|[from] brn
|turn|64
|
|move|p2a: Sarah Silverman|Psychic|p1a: Altaria
|-damage|p1a: Altaria|35\/354 brn
|move|p1a: Altaria|Hyper Voice|p2a: Sarah Silverman
|-damage|p2a: Sarah Silverman|0 fnt
|faint|p2a: Sarah Silverman
|
|-damage|p1a: Altaria|0 fnt|[from] brn
|faint|p1a: Altaria
|c|âTerhaar|gg
|
|switch|p1a: Heatran|Heatran, F|210\/386
|switch|p2a: (O)OOOO|Chansey, F|568\/641
|turn|65
|
|move|p1a: Heatran|Taunt|p2a: (O)OOOO
|-start|p2a: (O)OOOO|move: Taunt
|cant|p2a: (O)OOOO|move: Taunt|Aromatherapy
|
|-heal|p1a: Heatran|234\/386|[from] item: Leftovers
|turn|66
|
|move|p1a: Heatran|Toxic|p2a: (O)OOOO
|-status|p2a: (O)OOOO|tox
|move|p2a: (O)OOOO|Seismic Toss|p1a: Heatran
|-damage|p1a: Heatran|134\/386
|
|-heal|p1a: Heatran|158\/386|[from] item: Leftovers
|-damage|p2a: (O)OOOO|528\/641 tox|[from] psn
|turn|67
|
|switch|p1a: Zapdos|Zapdos|332\/384
|-ability|p1a: Zapdos|Pressure
|move|p2a: (O)OOOO|Seismic Toss|p1a: Zapdos
|-damage|p1a: Zapdos|232\/384
|
|-heal|p1a: Zapdos|256\/384|[from] item: Leftovers
|-damage|p2a: (O)OOOO|448\/641 tox|[from] psn
|-end|p2a: (O)OOOO|move: Taunt
|turn|68
|
|switch|p1a: Heatran|Heatran, F|158\/386
|move|p2a: (O)OOOO|Aromatherapy|p2a: (O)OOOO
|-cureteam|p2a: (O)OOOO|[from] move: Aromatherapy
|
|-heal|p1a: Heatran|182\/386|[from] item: Leftovers
|turn|69
|
|switch|p1a: Zapdos|Zapdos|256\/384
|-ability|p1a: Zapdos|Pressure
|switch|p2a: Eric Andre|Sableye-Mega, M|190\/262
|
|-heal|p1a: Zapdos|280\/384|[from] item: Leftovers
|turn|70
|
|switch|p1a: Heatran|Heatran, F|182\/386
|switch|p2a: (O)OOOO|Chansey, F|448\/641
|
|-heal|p1a: Heatran|206\/386|[from] item: Leftovers
|turn|71
|
|switch|p2a: Eric Andre|Sableye-Mega, M|190\/262
|move|p1a: Heatran|Taunt|p2a: Eric Andre
|move|p2a: Eric Andre|Taunt|p1a: Heatran|[from]Magic Bounce
|-start|p1a: Heatran|move: Taunt
|
|-heal|p1a: Heatran|230\/386|[from] item: Leftovers
|turn|72
|
|switch|p2a: Eric Wareheim|Quagsire, M|137\/394
|move|p1a: Heatran|Lava Plume|p2a: Eric Wareheim
|-resisted|p2a: Eric Wareheim
|-damage|p2a: Eric Wareheim|59\/394
|
|-heal|p1a: Heatran|254\/386|[from] item: Leftovers
|-heal|p2a: Eric Wareheim|83\/394|[from] item: Leftovers
|turn|73
|
|move|p1a: Heatran|Lava Plume|p2a: Eric Wareheim
|-resisted|p2a: Eric Wareheim
|-damage|p2a: Eric Wareheim|5\/394
|-status|p2a: Eric Wareheim|brn
|move|p2a: Eric Wareheim|Recover|p2a: Eric Wareheim
|-heal|p2a: Eric Wareheim|202\/394 brn
|
|-heal|p1a: Heatran|278\/386|[from] item: Leftovers
|-heal|p2a: Eric Wareheim|226\/394 brn|[from] item: Leftovers
|-damage|p2a: Eric Wareheim|177\/394 brn|[from] brn
|turn|74
|
|move|p1a: Heatran|Lava Plume|p2a: Eric Wareheim
|-resisted|p2a: Eric Wareheim
|-damage|p2a: Eric Wareheim|96\/394 brn
|move|p2a: Eric Wareheim|Recover|p2a: Eric Wareheim
|-heal|p2a: Eric Wareheim|293\/394 brn
|
|-heal|p1a: Heatran|302\/386|[from] item: Leftovers
|-heal|p2a: Eric Wareheim|317\/394 brn|[from] item: Leftovers
|-damage|p2a: Eric Wareheim|268\/394 brn|[from] brn
|-end|p1a: Heatran|move: Taunt
|turn|75
|
|switch|p1a: Slowbro|Slowbro, F|394\/394 tox
|switch|p2a: (O)OOOO|Chansey, F|448\/641
|
|-damage|p1a: Slowbro|370\/394 tox|[from] psn
|turn|76
|
|move|p2a: (O)OOOO|Aromatherapy|p2a: (O)OOOO
|-cureteam|p2a: (O)OOOO|[from] move: Aromatherapy
|move|p1a: Slowbro|Scald|p2a: (O)OOOO
|-damage|p2a: (O)OOOO|396\/641
|
|-heal|p1a: Slowbro|394\/394 tox|[from] item: Leftovers
|-damage|p1a: Slowbro|346\/394 tox|[from] psn
|turn|77
|
|switch|p1a: Quagsire|Quagsire, F|312\/394 slp
|move|p2a: (O)OOOO|Stealth Rock|p1a: Quagsire
|-sidestart|p1: Cosmic Mind|move: Stealth Rock
|
|-heal|p1a: Quagsire|336\/394 slp|[from] item: Leftovers
|turn|78
|
|switch|p2a: Tim heidecker|Amoonguss, M|432\/432
|cant|p1a: Quagsire|slp
|
|-heal|p1a: Quagsire|360\/394 slp|[from] item: Leftovers
|turn|79
|
|switch|p2a: Eric Wareheim|Quagsire, M|268\/394
|switch|p1a: Zapdos|Zapdos|280\/384
|-damage|p1a: Zapdos|184\/384|[from] Stealth Rock
|-ability|p1a: Zapdos|Pressure
|
|-heal|p1a: Zapdos|208\/384|[from] item: Leftovers
|-heal|p2a: Eric Wareheim|292\/394|[from] item: Leftovers
|turn|80
|
|move|p1a: Zapdos|Defog|p2a: Eric Wareheim
|-unboost|p2a: Eric Wareheim|evasion|1
|-sideend|p1: Cosmic Mind|Stealth Rock|[from] move: Defog|[of] p1a: Zapdos
|move|p2a: Eric Wareheim|Toxic|p1a: Zapdos
|-status|p1a: Zapdos|tox
|
|-heal|p1a: Zapdos|232\/384 tox|[from] item: Leftovers
|-heal|p2a: Eric Wareheim|316\/394|[from] item: Leftovers
|-damage|p1a: Zapdos|208\/384 tox|[from] psn
|turn|81
|c|âTerhaar|gg
|
|switch|p1a: Slowbro|Slowbro, F|394\/394 tox
|move|p2a: Eric Wareheim|Scald|p1a: Slowbro
|-resisted|p1a: Slowbro
|-damage|p1a: Slowbro|352\/394 tox
|
|-heal|p1a: Slowbro|376\/394 tox|[from] item: Leftovers
|-heal|p2a: Eric Wareheim|340\/394|[from] item: Leftovers
|-damage|p1a: Slowbro|352\/394 tox|[from] psn
|turn|82
|
|switch|p2a: (O)OOOO|Chansey, F|396\/641
|move|p1a: Slowbro|Scald|p2a: (O)OOOO
|-damage|p2a: (O)OOOO|342\/641
|
|-heal|p1a: Slowbro|376\/394 tox|[from] item: Leftovers
|-damage|p1a: Slowbro|328\/394 tox|[from] psn
|turn|83
|
|move|p2a: (O)OOOO|Stealth Rock|p1a: Slowbro
|-sidestart|p1: Cosmic Mind|move: Stealth Rock
|move|p1a: Slowbro|Scald|p2a: (O)OOOO
|-damage|p2a: (O)OOOO|293\/641
|-status|p2a: (O)OOOO|brn
|
|-heal|p1a: Slowbro|352\/394 tox|[from] item: Leftovers
|-damage|p2a: (O)OOOO|213\/641 brn|[from] brn
|-damage|p1a: Slowbro|280\/394 tox|[from] psn
|turn|84
|
|switch|p1a: Heatran|Heatran, F|302\/386
|-damage|p1a: Heatran|254\/386|[from] Stealth Rock
|move|p2a: (O)OOOO|Aromatherapy|p2a: (O)OOOO
|-cureteam|p2a: (O)OOOO|[from] move: Aromatherapy
|
|-heal|p1a: Heatran|278\/386|[from] item: Leftovers
|turn|85
|
|move|p1a: Heatran|Lava Plume|p2a: (O)OOOO
|-damage|p2a: (O)OOOO|156\/641
|move|p2a: (O)OOOO|Soft-Boiled|p2a: (O)OOOO
|-heal|p2a: (O)OOOO|477\/641
|
|-heal|p1a: Heatran|302\/386|[from] item: Leftovers
|turn|86
|
|move|p1a: Heatran|Toxic|p2a: (O)OOOO
|-status|p2a: (O)OOOO|tox
|move|p2a: (O)OOOO|Seismic Toss|p1a: Heatran
|-damage|p1a: Heatran|202\/386
|
|-heal|p1a: Heatran|226\/386|[from] item: Leftovers
|-damage|p2a: (O)OOOO|437\/641 tox|[from] psn
|turn|87
|
|move|p1a: Heatran|Taunt|p2a: (O)OOOO
|-start|p2a: (O)OOOO|move: Taunt
|move|p2a: (O)OOOO|Seismic Toss|p1a: Heatran
|-damage|p1a: Heatran|126\/386
|
|-heal|p1a: Heatran|150\/386|[from] item: Leftovers
|-damage|p2a: (O)OOOO|357\/641 tox|[from] psn
|turn|88
|
|switch|p1a: Zapdos|Zapdos|208\/384 tox
|-damage|p1a: Zapdos|112\/384 tox|[from] Stealth Rock
|-ability|p1a: Zapdos|Pressure
|move|p2a: (O)OOOO|Seismic Toss|p1a: Zapdos
|-damage|p1a: Zapdos|12\/384 tox
|
|-heal|p1a: Zapdos|36\/384 tox|[from] item: Leftovers
|-damage|p1a: Zapdos|12\/384 tox|[from] psn
|-damage|p2a: (O)OOOO|237\/641 tox|[from] psn
|turn|89
|
|move|p1a: Zapdos|Roost|p1a: Zapdos
|-heal|p1a: Zapdos|204\/384 tox
|move|p2a: (O)OOOO|Seismic Toss|p1a: Zapdos
|-damage|p1a: Zapdos|104\/384 tox
|
|-heal|p1a: Zapdos|128\/384 tox|[from] item: Leftovers
|-damage|p1a: Zapdos|80\/384 tox|[from] psn
|-damage|p2a: (O)OOOO|77\/641 tox|[from] psn
|-end|p2a: (O)OOOO|move: Taunt
|turn|90
|
|move|p1a: Zapdos|Thunderbolt|p2a: (O)OOOO
|-damage|p2a: (O)OOOO|5\/641 tox
|move|p2a: (O)OOOO|Soft-Boiled|p2a: (O)OOOO
|-heal|p2a: (O)OOOO|326\/641 tox
|
|-heal|p1a: Zapdos|104\/384 tox|[from] item: Leftovers
|-damage|p1a: Zapdos|32\/384 tox|[from] psn
|-damage|p2a: (O)OOOO|126\/641 tox|[from] psn
|turn|91
|
|switch|p2a: Eric Wareheim|Quagsire, M|340\/394
|move|p1a: Zapdos|Roost|p1a: Zapdos
|-heal|p1a: Zapdos|224\/384 tox
|
|-heal|p1a: Zapdos|248\/384 tox|[from] item: Leftovers
|-heal|p2a: Eric Wareheim|364\/394|[from] item: Leftovers
|-damage|p1a: Zapdos|152\/384 tox|[from] psn
|turn|92
|
|switch|p1a: Slowbro|Slowbro, F|394\/394 tox
|-damage|p1a: Slowbro|345\/394 tox|[from] Stealth Rock
|move|p2a: Eric Wareheim|Scald|p1a: Slowbro
|-resisted|p1a: Slowbro
|-damage|p1a: Slowbro|309\/394 tox
|
|-heal|p1a: Slowbro|333\/394 tox|[from] item: Leftovers
|-heal|p2a: Eric Wareheim|388\/394|[from] item: Leftovers
|-damage|p1a: Slowbro|309\/394 tox|[from] psn
|turn|93
|
|switch|p2a: Tim heidecker|Amoonguss, M|432\/432
|move|p1a: Slowbro|Scald|p2a: Tim heidecker
|-resisted|p2a: Tim heidecker
|-damage|p2a: Tim heidecker|376\/432
|-status|p2a: Tim heidecker|brn
|
|-heal|p1a: Slowbro|333\/394 tox|[from] item: Leftovers
|-heal|p2a: Tim heidecker|403\/432 brn|[from] item: Black Sludge
|-damage|p2a: Tim heidecker|349\/432 brn|[from] brn
|-damage|p1a: Slowbro|285\/394 tox|[from] psn
|turn|94
|
|switch|p1a: Heatran|Heatran, F|150\/386
|-damage|p1a: Heatran|102\/386|[from] Stealth Rock
|move|p2a: Tim heidecker|Giga Drain|p1a: Heatran
|-resisted|p1a: Heatran
|-damage|p1a: Heatran|90\/386
|-heal|p2a: Tim heidecker|355\/432 brn|[from] drain|[of] p1a: Heatran
|
|-heal|p1a: Heatran|114\/386|[from] item: Leftovers
|-heal|p2a: Tim heidecker|382\/432 brn|[from] item: Black Sludge
|-damage|p2a: Tim heidecker|328\/432 brn|[from] brn
|turn|95
|
|switch|p2a: Eric Wareheim|Quagsire, M|388\/394
|move|p1a: Heatran|Stealth Rock|p2a: Eric Wareheim
|-sidestart|p2: Terhaar|move: Stealth Rock
|
|-heal|p1a: Heatran|138\/386|[from] item: Leftovers
|-heal|p2a: Eric Wareheim|394\/394|[from] item: Leftovers
|turn|96
|
|switch|p1a: Slowbro|Slowbro, F|394\/394 tox
|-damage|p1a: Slowbro|345\/394 tox|[from] Stealth Rock
|switch|p2a: George Carlin|Skarmory, M|334\/334
|-damage|p2a: George Carlin|293\/334|[from] Stealth Rock
|
|-heal|p1a: Slowbro|369\/394 tox|[from] item: Leftovers
|-damage|p1a: Slowbro|345\/394 tox|[from] psn
|turn|97
|
|move|p2a: George Carlin|Defog|p1a: Slowbro
|-unboost|p1a: Slowbro|evasion|1
|-sideend|p1: Cosmic Mind|Stealth Rock|[from] move: Defog|[of] p1a: Slowbro
|-sideend|p2: Terhaar|Stealth Rock|[from] move: Defog|[of] p2a: George Carlin
|move|p1a: Slowbro|Scald|p2a: George Carlin
|-damage|p2a: George Carlin|215\/334
|
|-heal|p1a: Slowbro|369\/394 tox|[from] item: Leftovers
|-damage|p1a: Slowbro|321\/394 tox|[from] psn
|turn|98
|
|switch|p1a: Zapdos|Zapdos|152\/384 tox
|-ability|p1a: Zapdos|Pressure
|move|p2a: George Carlin|Spikes|p1a: Zapdos
|-sidestart|p1: Cosmic Mind|Spikes
|
|-heal|p1a: Zapdos|176\/384 tox|[from] item: Leftovers
|-damage|p1a: Zapdos|152\/384 tox|[from] psn
|turn|99
|
|switch|p2a: Eric Wareheim|Quagsire, M|394\/394
|move|p1a: Zapdos|Roost|p1a: Zapdos
|-heal|p1a: Zapdos|344\/384 tox
|
|-heal|p1a: Zapdos|368\/384 tox|[from] item: Leftovers
|-damage|p1a: Zapdos|320\/384 tox|[from] psn
|turn|100
|
|switch|p2a: (O)OOOO|Chansey, F|126\/641
|move|p1a: Zapdos|Thunderbolt|p2a: (O)OOOO
|-damage|p2a: (O)OOOO|57\/641
|
|-heal|p1a: Zapdos|344\/384 tox|[from] item: Leftovers
|-damage|p1a: Zapdos|272\/384 tox|[from] psn
|turn|101
|
|switch|p2a: Eric Wareheim|Quagsire, M|394\/394
|move|p1a: Zapdos|Thunderbolt|p2a: Eric Wareheim
|-immune|p2a: Eric Wareheim|[msg]
|
|-heal|p1a: Zapdos|296\/384 tox|[from] item: Leftovers
|-damage|p1a: Zapdos|200\/384 tox|[from] psn
|turn|102
|
|switch|p1a: Quagsire|Quagsire, F|360\/394 slp
|-damage|p1a: Quagsire|311\/394 slp|[from] Spikes
|move|p2a: Eric Wareheim|Scald|p1a: Quagsire
|-damage|p1a: Quagsire|221\/394 slp
|
|-heal|p1a: Quagsire|245\/394 slp|[from] item: Leftovers
|turn|103
|
|switch|p2a: Eric Andre|Sableye-Mega, M|190\/262
|-curestatus|p1a: Quagsire|slp
|move|p1a: Quagsire|Earthquake|p2a: Eric Andre
|-damage|p2a: Eric Andre|111\/262
|
|-heal|p1a: Quagsire|269\/394|[from] item: Leftovers
|turn|104
|
|move|p2a: Eric Andre|Recover|p2a: Eric Andre
|-heal|p2a: Eric Andre|242\/262
|move|p1a: Quagsire|Scald|p2a: Eric Andre
|-damage|p2a: Eric Andre|185\/262
|
|-heal|p1a: Quagsire|293\/394|[from] item: Leftovers
|turn|105
|
|switch|p1a: Heatran|Heatran, F|138\/386
|-damage|p1a: Heatran|90\/386|[from] Spikes
|move|p2a: Eric Andre|Calm Mind|p2a: Eric Andre
|-boost|p2a: Eric Andre|spa|1
|-boost|p2a: Eric Andre|spd|1
|
|-heal|p1a: Heatran|114\/386|[from] item: Leftovers
|turn|106
|
|move|p1a: Heatran|Lava Plume|p2a: Eric Andre
|-damage|p2a: Eric Andre|118\/262
|move|p2a: Eric Andre|Calm Mind|p2a: Eric Andre
|-boost|p2a: Eric Andre|spa|1
|-boost|p2a: Eric Andre|spd|1
|
|-heal|p1a: Heatran|138\/386|[from] item: Leftovers
|turn|107
|
|move|p1a: Heatran|Lava Plume|p2a: Eric Andre
|-damage|p2a: Eric Andre|67\/262
|move|p2a: Eric Andre|Recover|p2a: Eric Andre
|-heal|p2a: Eric Andre|198\/262
|
|-heal|p1a: Heatran|162\/386|[from] item: Leftovers
|turn|108
|
|switch|p1a: Quagsire|Quagsire, F|293\/394
|-damage|p1a: Quagsire|244\/394|[from] Spikes
|move|p2a: Eric Andre|Dark Pulse|p1a: Quagsire
|-damage|p1a: Quagsire|126\/394
|
|-heal|p1a: Quagsire|150\/394|[from] item: Leftovers
|turn|109
|
|move|p2a: Eric Andre|Will-O-Wisp|p1a: Quagsire
|-status|p1a: Quagsire|brn
|move|p1a: Quagsire|Recover|p1a: Quagsire
|-heal|p1a: Quagsire|347\/394 brn
|
|-heal|p1a: Quagsire|371\/394 brn|[from] item: Leftovers
|-damage|p1a: Quagsire|322\/394 brn|[from] brn
|turn|110
|
|move|p2a: Eric Andre|Dark Pulse|p1a: Quagsire
|-damage|p1a: Quagsire|186\/394 brn
|move|p1a: Quagsire|Scald|p2a: Eric Andre
|-damage|p2a: Eric Andre|141\/262
|
|-heal|p1a: Quagsire|210\/394 brn|[from] item: Leftovers
|-damage|p1a: Quagsire|161\/394 brn|[from] brn
|turn|111
|c|âCosmic Mind|yeah w\/e u win
|-message|Cosmic Mind forfeited.
|leave|Cosmic Mind
|
|move|p2a: Eric Andre|Dark Pulse|p1a: Quagsire
|-damage|p1a: Quagsire|23\/394 brn
|move|p1a: Quagsire|Recover|p1a: Quagsire
|-heal|p1a: Quagsire|220\/394 brn
|
|-heal|p1a: Quagsire|244\/394 brn|[from] item: Leftovers
|-damage|p1a: Quagsire|195\/394 brn|[from] brn
|turn|112
|
|win|Terhaar
|raw|Ladder updating...
|player|p1
|raw|Cosmic Mind's rating: 1832 &rarr; <strong>1799<\/strong><br \/>(-33 for losing)
|raw|Terhaar's rating: 1542 &rarr; <strong>1576<\/strong><br \/>(+34 for winning)