|join|audino spumoni
|join|RSMessiii
|player|p1|audino spumoni|5
|player|p2|RSMessiii|170
|gametype|singles
|gen|6
|tier|ORAS OU
|rated
|rule|Sleep Clause Mod: Limit one foe put to sleep
|rule|Species Clause: Limit one of each PokÃ©mon
|rule|OHKO Clause: OHKO moves are banned
|rule|Moody Clause: Moody is banned
|rule|Evasion Moves Clause: Evasion moves are banned
|rule|Endless Battle Clause: Forcing endless battles is banned
|rule|HP Percentage Mod: HP is shown in percentages
|clearpoke
|poke|p1|Sableye, M
|poke|p1|Greninja, M
|poke|p1|Rotom-Wash
|poke|p1|Landorus-Therian, M
|poke|p1|Talonflame, F
|poke|p1|Umbreon, F
|poke|p2|Slowbro, M
|poke|p2|Chansey, F
|poke|p2|Heatran, F
|poke|p2|Clefable, F
|poke|p2|Mew
|poke|p2|Ferrothorn, M
|rule|Swagger Clause: Swagger is banned
|rule|Baton Pass Clause: Limit one PokÃ©mon knowing Baton Pass
|teampreview
|
|start
|switch|p1a: Sableye|Sableye, M|304\/304
|switch|p2a: Mew|Mew|403\/403
|turn|1
|
|switch|p2a: Clefable|Clefable, F|394\/394
|detailschange|p1a: Sableye|Sableye-Mega, M
|message|Sableye has Mega Evolved into Mega Sableye!
|move|p1a: Sableye|Knock Off|p2a: Clefable
|-resisted|p2a: Clefable
|-damage|p2a: Clefable|330\/394
|-enditem|p2a: Clefable|Leftovers|[from] move: Knock Off|[of] p1a: Sableye
|
|turn|2
|
|switch|p1a: Talonflame|Talonflame, F|345\/345
|move|p2a: Clefable|Knock Off|p1a: Talonflame
|-damage|p1a: Talonflame|279\/345
|-enditem|p1a: Talonflame|Leftovers|[from] move: Knock Off|[of] p2a: Clefable
|
|turn|3
|
|switch|p2a: Slowbro|Slowbro, M|393\/393
|move|p1a: Talonflame|Taunt|p2a: Slowbro
|-start|p2a: Slowbro|move: Taunt
|
|turn|4
|
|switch|p1a: Rotom-Wash|Rotom-Wash|271\/271
|move|p2a: Slowbro|Scald|p1a: Rotom-Wash
|-resisted|p1a: Rotom-Wash
|-damage|p1a: Rotom-Wash|224\/271
|-status|p1a: Rotom-Wash|brn
|
|-heal|p1a: Rotom-Wash|240\/271 brn|[from] item: Leftovers
|-damage|p1a: Rotom-Wash|207\/271 brn|[from] brn
|turn|5
|
|switch|p2a: Chansey|Chansey, F|703\/703
|move|p1a: Rotom-Wash|Volt Switch|p2a: Chansey
|-damage|p2a: Chansey|637\/703
|
|switch|p1a: Landorus-Therian|Landorus-Therian, M|382\/382
|-ability|p1a: Landorus-Therian|Intimidate|[of] p2a: Chansey
|-unboost|p2a: Chansey|atk|1
|
|turn|6
|
|move|p1a: Landorus-Therian|Stealth Rock|p2a: Chansey
|-sidestart|p2: RSMessiii|move: Stealth Rock
|move|p2a: Chansey|Toxic|p1a: Landorus-Therian
|-status|p1a: Landorus-Therian|tox
|
|-damage|p1a: Landorus-Therian|359\/382 tox|[from] psn
|turn|7
|
|switch|p2a: Ferrothorn|Ferrothorn, M|351\/351
|-damage|p2a: Ferrothorn|330\/351|[from] Stealth Rock
|move|p1a: Landorus-Therian|U-turn|p2a: Ferrothorn
|-damage|p2a: Ferrothorn|284\/351
|-damage|p1a: Landorus-Therian|312\/382 tox|[from] ability: Iron Barbs|[of] p2a: Ferrothorn
|
|switch|p1a: Sableye|Sableye-Mega, M|304\/304
|
|-heal|p2a: Ferrothorn|305\/351|[from] item: Leftovers
|turn|8
|
|move|p2a: Ferrothorn|Protect|p2a: Ferrothorn
|-singleturn|p2a: Ferrothorn|Protect
|move|p1a: Sableye|Knock Off|p2a: Ferrothorn
|-activate|p2a: Ferrothorn|Protect
|
|-heal|p2a: Ferrothorn|326\/351|[from] item: Leftovers
|turn|9
|
|switch|p2a: Clefable|Clefable, F|330\/394
|move|p1a: Sableye|Knock Off|p2a: Clefable
|-resisted|p2a: Clefable
|-damage|p2a: Clefable|291\/394
|
|turn|10
|
|switch|p1a: Talonflame|Talonflame, F|279\/345
|move|p2a: Clefable|Soft-Boiled|p2a: Clefable
|-heal|p2a: Clefable|394\/394
|
|turn|11
|
|switch|p2a: Slowbro|Slowbro, M|393\/393
|-damage|p2a: Slowbro|344\/393|[from] Stealth Rock
|move|p1a: Talonflame|Taunt|p2a: Slowbro
|-start|p2a: Slowbro|move: Taunt
|
|turn|12
|
|switch|p1a: Umbreon|Umbreon, F|394\/394
|move|p2a: Slowbro|Scald|p1a: Umbreon
|-damage|p1a: Umbreon|336\/394
|
|-heal|p1a: Umbreon|360\/394|[from] item: Leftovers
|turn|13
|
|switch|p2a: Mew|Mew|403\/403
|-damage|p2a: Mew|353\/403|[from] Stealth Rock
|move|p1a: Umbreon|Heal Bell|p1a: Umbreon
|-cureteam|p1a: Umbreon|[from] move: HealBell
|
|-heal|p2a: Mew|378\/403|[from] item: Leftovers
|-heal|p1a: Umbreon|384\/394|[from] item: Leftovers
|turn|14
|
|move|p2a: Mew|Defog|p1a: Umbreon
|-unboost|p1a: Umbreon|evasion|1
|-sideend|p2: RSMessiii|Stealth Rock|[from] move: Defog|[of] p2a: Mew
|move|p1a: Umbreon|Foul Play|p2a: Mew
|-supereffective|p2a: Mew
|-damage|p2a: Mew|238\/403
|
|-heal|p2a: Mew|263\/403|[from] item: Leftovers
|-heal|p1a: Umbreon|394\/394|[from] item: Leftovers
|turn|15
|
|move|p2a: Mew|Soft-Boiled|p2a: Mew
|-heal|p2a: Mew|403\/403
|move|p1a: Umbreon|Foul Play|p2a: Mew
|-supereffective|p2a: Mew
|-damage|p2a: Mew|251\/403
|
|-heal|p2a: Mew|276\/403|[from] item: Leftovers
|turn|16
|
|move|p2a: Mew|Soft-Boiled|p2a: Mew
|-heal|p2a: Mew|403\/403
|move|p1a: Umbreon|Foul Play|p2a: Mew
|-supereffective|p2a: Mew
|-damage|p2a: Mew|259\/403
|
|-heal|p2a: Mew|284\/403|[from] item: Leftovers
|turn|17
|
|switch|p2a: Heatran|Heatran, F|385\/385
|move|p1a: Umbreon|Wish|p1a: Umbreon
|
|turn|18
|
|switch|p1a: Sableye|Sableye-Mega, M|304\/304
|move|p2a: Heatran|Lava Plume|p1a: Sableye
|-damage|p1a: Sableye|223\/304
|
|-heal|p1a: Sableye|304\/304|[from] move: Wish|[wisher] Umbreon
|turn|19
|
|move|p2a: Heatran|Lava Plume|p1a: Sableye
|-damage|p1a: Sableye|231\/304
|-status|p1a: Sableye|brn
|move|p1a: Sableye|Knock Off|p2a: Heatran
|-damage|p2a: Heatran|337\/385
|-enditem|p2a: Heatran|Leftovers|[from] move: Knock Off|[of] p1a: Sableye
|
|-damage|p1a: Sableye|193\/304 brn|[from] brn
|turn|20
|
|switch|p1a: Rotom-Wash|Rotom-Wash|207\/271
|move|p2a: Heatran|Lava Plume|p1a: Rotom-Wash
|-resisted|p1a: Rotom-Wash
|-damage|p1a: Rotom-Wash|150\/271
|-status|p1a: Rotom-Wash|brn
|
|-heal|p1a: Rotom-Wash|166\/271 brn|[from] item: Leftovers
|-damage|p1a: Rotom-Wash|133\/271 brn|[from] brn
|turn|21
|
|move|p1a: Rotom-Wash|Pain Split|p2a: Heatran
|-sethp|p2a: Heatran|235\/385|p1a: Rotom-Wash|235\/271 brn|[from] move: Pain Split
|move|p2a: Heatran|Stealth Rock|p1a: Rotom-Wash
|-sidestart|p1: audino spumoni|move: Stealth Rock
|
|-heal|p1a: Rotom-Wash|251\/271 brn|[from] item: Leftovers
|-damage|p1a: Rotom-Wash|218\/271 brn|[from] brn
|turn|22
|
|move|p2a: Heatran|Protect|p2a: Heatran
|-singleturn|p2a: Heatran|Protect
|move|p1a: Rotom-Wash|Volt Switch|p2a: Heatran
|-activate|p2a: Heatran|Protect
|
|-heal|p1a: Rotom-Wash|234\/271 brn|[from] item: Leftovers
|-damage|p1a: Rotom-Wash|201\/271 brn|[from] brn
|turn|23
|
|switch|p2a: Chansey|Chansey, F|637\/703
|move|p1a: Rotom-Wash|Volt Switch|p2a: Chansey
|-damage|p2a: Chansey|576\/703
|
|switch|p1a: Landorus-Therian|Landorus-Therian, M|312\/382
|-damage|p1a: Landorus-Therian|265\/382|[from] Stealth Rock
|-ability|p1a: Landorus-Therian|Intimidate|[of] p2a: Chansey
|-unboost|p2a: Chansey|atk|1
|
|-heal|p1a: Landorus-Therian|288\/382|[from] item: Leftovers
|turn|24
|
|switch|p2a: Mew|Mew|284\/403
|move|p1a: Landorus-Therian|Stealth Rock|p2a: Mew
|-sidestart|p2: RSMessiii|move: Stealth Rock
|
|-heal|p2a: Mew|309\/403|[from] item: Leftovers
|-heal|p1a: Landorus-Therian|311\/382|[from] item: Leftovers
|turn|25
|
|switch|p2a: Clefable|Clefable, F|394\/394
|switch|p1a: Umbreon|Umbreon, F|394\/394
|-damage|p1a: Umbreon|345\/394|[from] Stealth Rock
|
|-heal|p1a: Umbreon|369\/394|[from] item: Leftovers
|turn|26
|
|switch|p1a: Talonflame|Talonflame, F|279\/345
|-damage|p1a: Talonflame|107\/345|[from] Stealth Rock
|move|p2a: Clefable|Moonblast|p1a: Talonflame
|-resisted|p1a: Talonflame
|-damage|p1a: Talonflame|39\/345
|
|turn|27
|
|switch|p2a: Slowbro|Slowbro, M|393\/393
|-damage|p2a: Slowbro|344\/393|[from] Stealth Rock
|move|p1a: Talonflame|Roost|p1a: Talonflame
|-heal|p1a: Talonflame|212\/345
|
|turn|28
|
|switch|p1a: Umbreon|Umbreon, F|369\/394
|-damage|p1a: Umbreon|320\/394|[from] Stealth Rock
|move|p2a: Slowbro|Calm Mind|p2a: Slowbro
|-boost|p2a: Slowbro|spa|1
|-boost|p2a: Slowbro|spd|1
|
|-heal|p1a: Umbreon|344\/394|[from] item: Leftovers
|turn|29
|
|move|p1a: Umbreon|Heal Bell|p1a: Umbreon
|-cureteam|p1a: Umbreon|[from] move: HealBell
|move|p2a: Slowbro|Calm Mind|p2a: Slowbro
|-boost|p2a: Slowbro|spa|1
|-boost|p2a: Slowbro|spd|1
|
|-heal|p1a: Umbreon|368\/394|[from] item: Leftovers
|turn|30
|
|switch|p1a: Rotom-Wash|Rotom-Wash|201\/271
|-damage|p1a: Rotom-Wash|168\/271|[from] Stealth Rock
|detailschange|p2a: Slowbro|Slowbro-Mega, M
|message|Slowbro has Mega Evolved into Mega Slowbro!
|move|p2a: Slowbro|Scald|p1a: Rotom-Wash
|-resisted|p1a: Rotom-Wash
|-damage|p1a: Rotom-Wash|55\/271
|
|-heal|p1a: Rotom-Wash|71\/271|[from] item: Leftovers
|turn|31
|
|move|p1a: Rotom-Wash|Pain Split|p2a: Slowbro
|-sethp|p2a: Slowbro|207\/393|p1a: Rotom-Wash|207\/271|[from] move: Pain Split
|move|p2a: Slowbro|Slack Off|p2a: Slowbro
|-heal|p2a: Slowbro|393\/393
|
|-heal|p1a: Rotom-Wash|223\/271|[from] item: Leftovers
|turn|32
|
|move|p1a: Rotom-Wash|Will-O-Wisp|p2a: Slowbro
|-status|p2a: Slowbro|brn
|move|p2a: Slowbro|Scald|p1a: Rotom-Wash
|-crit|p1a: Rotom-Wash
|-resisted|p1a: Rotom-Wash
|-damage|p1a: Rotom-Wash|70\/271
|
|-heal|p1a: Rotom-Wash|86\/271|[from] item: Leftovers
|-damage|p2a: Slowbro|344\/393 brn|[from] brn
|turn|33
|
|move|p1a: Rotom-Wash|Pain Split|p2a: Slowbro
|-sethp|p2a: Slowbro|215\/393 brn|p1a: Rotom-Wash|215\/271|[from] move: Pain Split
|move|p2a: Slowbro|Scald|p1a: Rotom-Wash
|-resisted|p1a: Rotom-Wash
|-damage|p1a: Rotom-Wash|98\/271
|
|-heal|p1a: Rotom-Wash|114\/271|[from] item: Leftovers
|-damage|p2a: Slowbro|166\/393 brn|[from] brn
|turn|34
|
|move|p1a: Rotom-Wash|Volt Switch|p2a: Slowbro
|-supereffective|p2a: Slowbro
|-damage|p2a: Slowbro|38\/393 brn
|
|switch|p1a: Greninja|Greninja, M|285\/285
|-damage|p1a: Greninja|250\/285|[from] Stealth Rock
|move|p2a: Slowbro|Slack Off|p2a: Slowbro
|-heal|p2a: Slowbro|235\/393 brn
|
|-damage|p2a: Slowbro|186\/393 brn|[from] brn
|turn|35
|
|move|p1a: Greninja|U-turn|p2a: Slowbro
|-start|p1a: Greninja|typechange|Bug|[from] Protean
|-supereffective|p2a: Slowbro
|-damage|p2a: Slowbro|90\/393 brn
|
|switch|p1a: Rotom-Wash|Rotom-Wash|114\/271
|-damage|p1a: Rotom-Wash|81\/271|[from] Stealth Rock
|move|p2a: Slowbro|Slack Off|p2a: Slowbro
|-heal|p2a: Slowbro|287\/393 brn
|
|-heal|p1a: Rotom-Wash|97\/271|[from] item: Leftovers
|-damage|p2a: Slowbro|238\/393 brn|[from] brn
|turn|36
|
|move|p1a: Rotom-Wash|Pain Split|p2a: Slowbro
|-sethp|p2a: Slowbro|167\/393 brn|p1a: Rotom-Wash|167\/271|[from] move: Pain Split
|move|p2a: Slowbro|Slack Off|p2a: Slowbro
|-heal|p2a: Slowbro|364\/393 brn
|
|-heal|p1a: Rotom-Wash|183\/271|[from] item: Leftovers
|-damage|p2a: Slowbro|315\/393 brn|[from] brn
|turn|37
|
|move|p1a: Rotom-Wash|Volt Switch|p2a: Slowbro
|-supereffective|p2a: Slowbro
|-damage|p2a: Slowbro|195\/393 brn
|
|switch|p1a: Greninja|Greninja, M|250\/285
|-damage|p1a: Greninja|215\/285|[from] Stealth Rock
|move|p2a: Slowbro|Scald|p1a: Greninja
|-resisted|p1a: Greninja
|-damage|p1a: Greninja|45\/285
|
|-damage|p2a: Slowbro|146\/393 brn|[from] brn
|turn|38
|
|move|p1a: Greninja|U-turn|p2a: Slowbro
|-start|p1a: Greninja|typechange|Bug|[from] Protean
|-supereffective|p2a: Slowbro
|-damage|p2a: Slowbro|44\/393 brn
|
|switch|p1a: Talonflame|Talonflame, F|212\/345
|-damage|p1a: Talonflame|40\/345|[from] Stealth Rock
|move|p2a: Slowbro|Slack Off|p2a: Slowbro
|-heal|p2a: Slowbro|241\/393 brn
|
|-damage|p2a: Slowbro|192\/393 brn|[from] brn
|turn|39
|
|move|p1a: Talonflame|Taunt|p2a: Slowbro
|-start|p2a: Slowbro|move: Taunt
|move|p2a: Slowbro|Scald|p1a: Talonflame
|-supereffective|p1a: Talonflame
|-damage|p1a: Talonflame|0 fnt
|faint|p1a: Talonflame
|
|-damage|p2a: Slowbro|143\/393 brn|[from] brn
|
|switch|p1a: Rotom-Wash|Rotom-Wash|183\/271
|-damage|p1a: Rotom-Wash|150\/271|[from] Stealth Rock
|turn|40
|
|move|p1a: Rotom-Wash|Volt Switch|p2a: Slowbro
|-supereffective|p2a: Slowbro
|-damage|p2a: Slowbro|23\/393 brn
|
|switch|p1a: Umbreon|Umbreon, F|368\/394
|-damage|p1a: Umbreon|319\/394|[from] Stealth Rock
|move|p2a: Slowbro|Scald|p1a: Umbreon
|-crit|p1a: Umbreon
|-damage|p1a: Umbreon|102\/394
|
|-heal|p1a: Umbreon|126\/394|[from] item: Leftovers
|-damage|p2a: Slowbro|0 fnt|[from] brn
|faint|p2a: Slowbro
|
|switch|p2a: Clefable|Clefable, F|394\/394
|turn|41
|
|move|p1a: Umbreon|Protect|p1a: Umbreon
|-singleturn|p1a: Umbreon|Protect
|move|p2a: Clefable|Moonblast|p1a: Umbreon
|-activate|p1a: Umbreon|Protect
|
|-heal|p1a: Umbreon|150\/394|[from] item: Leftovers
|turn|42
|
|switch|p1a: Rotom-Wash|Rotom-Wash|150\/271
|-damage|p1a: Rotom-Wash|117\/271|[from] Stealth Rock
|move|p2a: Clefable|Moonblast|p1a: Rotom-Wash
|-damage|p1a: Rotom-Wash|6\/271
|
|-heal|p1a: Rotom-Wash|22\/271|[from] item: Leftovers
|turn|43
|
|move|p1a: Rotom-Wash|Pain Split|p2a: Clefable
|-sethp|p2a: Clefable|208\/394|p1a: Rotom-Wash|208\/271|[from] move: Pain Split
|move|p2a: Clefable|Knock Off|p1a: Rotom-Wash
|-damage|p1a: Rotom-Wash|173\/271
|-enditem|p1a: Rotom-Wash|Leftovers|[from] move: Knock Off|[of] p2a: Clefable
|
|turn|44
|
|move|p1a: Rotom-Wash|Hydro Pump|p2a: Clefable
|-damage|p2a: Clefable|94\/394
|move|p2a: Clefable|Soft-Boiled|p2a: Clefable
|-heal|p2a: Clefable|291\/394
|
|turn|45
|
|move|p1a: Rotom-Wash|Hydro Pump|p2a: Clefable
|-damage|p2a: Clefable|182\/394
|move|p2a: Clefable|Moonblast|p1a: Rotom-Wash
|-damage|p1a: Rotom-Wash|77\/271
|
|turn|46
|
|move|p1a: Rotom-Wash|Pain Split|p2a: Clefable
|-sethp|p2a: Clefable|129\/394|p1a: Rotom-Wash|129\/271|[from] move: Pain Split
|move|p2a: Clefable|Soft-Boiled|p2a: Clefable
|-heal|p2a: Clefable|326\/394
|
|turn|47
|
|move|p1a: Rotom-Wash|Pain Split|p2a: Clefable
|-sethp|p2a: Clefable|227\/394|p1a: Rotom-Wash|227\/271|[from] move: Pain Split
|move|p2a: Clefable|Moonblast|p1a: Rotom-Wash
|-damage|p1a: Rotom-Wash|119\/271
|
|turn|48
|
|move|p1a: Rotom-Wash|Hydro Pump|p2a: Clefable
|-damage|p2a: Clefable|98\/394
|move|p2a: Clefable|Moonblast|p1a: Rotom-Wash
|-damage|p1a: Rotom-Wash|22\/271
|
|turn|49
|
|move|p1a: Rotom-Wash|Hydro Pump|p2a: Clefable
|-damage|p2a: Clefable|0 fnt
|faint|p2a: Clefable
|
|
|switch|p2a: Ferrothorn|Ferrothorn, M|326\/351
|-damage|p2a: Ferrothorn|305\/351|[from] Stealth Rock
|turn|50
|
|move|p1a: Rotom-Wash|Pain Split|p2a: Ferrothorn
|-sethp|p2a: Ferrothorn|163\/351|p1a: Rotom-Wash|163\/271|[from] move: Pain Split
|move|p2a: Ferrothorn|Spikes|p1a: Rotom-Wash
|-sidestart|p1: audino spumoni|Spikes
|
|-heal|p2a: Ferrothorn|184\/351|[from] item: Leftovers
|turn|51
|
|move|p1a: Rotom-Wash|Volt Switch|p2a: Ferrothorn
|-resisted|p2a: Ferrothorn
|-damage|p2a: Ferrothorn|147\/351
|
|switch|p1a: Sableye|Sableye-Mega, M|193\/304
|-damage|p1a: Sableye|155\/304|[from] Spikes
|-damage|p1a: Sableye|117\/304|[from] Stealth Rock
|move|p2a: Ferrothorn|Gyro Ball|p1a: Sableye
|-damage|p1a: Sableye|75\/304
|
|-heal|p2a: Ferrothorn|168\/351|[from] item: Leftovers
|turn|52
|
|switch|p2a: Heatran|Heatran, F|235\/385
|-damage|p2a: Heatran|187\/385|[from] Stealth Rock
|move|p1a: Sableye|Recover|p1a: Sableye
|-heal|p1a: Sableye|227\/304
|
|turn|53
|
|move|p2a: Heatran|Lava Plume|p1a: Sableye
|-damage|p1a: Sableye|142\/304
|move|p1a: Sableye|Recover|p1a: Sableye
|-heal|p1a: Sableye|294\/304
|
|turn|54
|
|switch|p1a: Rotom-Wash|Rotom-Wash|163\/271
|-damage|p1a: Rotom-Wash|130\/271|[from] Stealth Rock
|move|p2a: Heatran|Lava Plume|p1a: Rotom-Wash
|-resisted|p1a: Rotom-Wash
|-damage|p1a: Rotom-Wash|73\/271
|
|turn|55
|
|move|p2a: Heatran|Protect|p2a: Heatran
|-singleturn|p2a: Heatran|Protect
|move|p1a: Rotom-Wash|Pain Split|p2a: Heatran
|-activate|p2a: Heatran|Protect
|
|turn|56
|
|move|p1a: Rotom-Wash|Pain Split|p2a: Heatran
|-sethp|p2a: Heatran|130\/385|p1a: Rotom-Wash|130\/271|[from] move: Pain Split
|move|p2a: Heatran|Roar|p1a: Rotom-Wash
|drag|p1a: Landorus-Therian|Landorus-Therian, M|311\/382
|-damage|p1a: Landorus-Therian|264\/382|[from] Stealth Rock
|-ability|p1a: Landorus-Therian|Intimidate|[of] p2a: Heatran
|-unboost|p2a: Heatran|atk|1
|
|-heal|p1a: Landorus-Therian|287\/382|[from] item: Leftovers
|turn|57
|
|switch|p2a: Mew|Mew|309\/403
|-damage|p2a: Mew|259\/403|[from] Stealth Rock
|move|p1a: Landorus-Therian|Earthquake|p2a: Mew
|-damage|p2a: Mew|133\/403
|
|-heal|p2a: Mew|158\/403|[from] item: Leftovers
|-heal|p1a: Landorus-Therian|310\/382|[from] item: Leftovers
|turn|58
|
|move|p2a: Mew|Soft-Boiled|p2a: Mew
|-heal|p2a: Mew|360\/403
|move|p1a: Landorus-Therian|Knock Off|p2a: Mew
|-supereffective|p2a: Mew
|-damage|p2a: Mew|194\/403
|-enditem|p2a: Mew|Leftovers|[from] move: Knock Off|[of] p1a: Landorus-Therian
|
|-heal|p1a: Landorus-Therian|333\/382|[from] item: Leftovers
|turn|59
|
|switch|p1a: Sableye|Sableye-Mega, M|294\/304
|-damage|p1a: Sableye|256\/304|[from] Spikes
|-damage|p1a: Sableye|218\/304|[from] Stealth Rock
|move|p2a: Mew|Roar|p1a: Sableye
|move|p1a: Sableye|Roar|p2a: Mew|[from]Magic Bounce
|drag|p2a: Ferrothorn|Ferrothorn, M|168\/351
|-damage|p2a: Ferrothorn|147\/351|[from] Stealth Rock
|
|-heal|p2a: Ferrothorn|168\/351|[from] item: Leftovers
|turn|60
|
|switch|p2a: Heatran|Heatran, F|130\/385
|-damage|p2a: Heatran|82\/385|[from] Stealth Rock
|move|p1a: Sableye|Knock Off|p2a: Heatran
|-damage|p2a: Heatran|24\/385
|
|turn|61
|
|switch|p1a: Rotom-Wash|Rotom-Wash|130\/271
|-damage|p1a: Rotom-Wash|97\/271|[from] Stealth Rock
|move|p2a: Heatran|Lava Plume|p1a: Rotom-Wash
|-resisted|p1a: Rotom-Wash
|-damage|p1a: Rotom-Wash|39\/271
|
|turn|62
|
|switch|p2a: Chansey|Chansey, F|576\/703
|-damage|p2a: Chansey|489\/703|[from] Stealth Rock
|move|p1a: Rotom-Wash|Volt Switch|p2a: Chansey
|-damage|p2a: Chansey|423\/703
|
|switch|p1a: Sableye|Sableye-Mega, M|218\/304
|-damage|p1a: Sableye|180\/304|[from] Stealth Rock
|-damage|p1a: Sableye|142\/304|[from] Spikes
|
|turn|63
|
|move|p2a: Chansey|Soft-Boiled|p2a: Chansey
|-heal|p2a: Chansey|703\/703
|move|p1a: Sableye|Recover|p1a: Sableye
|-heal|p1a: Sableye|294\/304
|
|turn|64
|
|switch|p2a: Mew|Mew|194\/403
|-damage|p2a: Mew|144\/403|[from] Stealth Rock
|move|p1a: Sableye|Knock Off|p2a: Mew
|-crit|p2a: Mew
|-supereffective|p2a: Mew
|-damage|p2a: Mew|0 fnt
|faint|p2a: Mew
|
|-message|RSMessiii forfeited.
|
|win|audino spumoni
|raw|Ladder updating...
|leave|RSMessiii
|player|p2
|raw|audino spumoni's rating: 1563 &rarr; <strong>1587<\/strong><br \/>(+24 for winning)
|raw|RSMessiii's rating: 1623 &rarr; <strong>1600<\/strong><br \/>(-23 for losing)