|join|RSMessiii
|join|dio prugna
|player|p1|RSMessiii|169
|player|p2|dio prugna|2
|gametype|singles
|gen|6
|tier|ORAS OU
|rated
|rule|Sleep Clause Mod: Limit one foe put to sleep
|rule|Species Clause: Limit one of each PokÃ©mon
|rule|OHKO Clause: OHKO moves are banned
|rule|Moody Clause: Moody is banned
|rule|Evasion Moves Clause: Evasion moves are banned
|rule|Endless Battle Clause: Forcing endless battles is banned
|rule|HP Percentage Mod: HP is shown in percentages
|clearpoke
|poke|p1|Slowbro, F
|poke|p1|Chansey, F
|poke|p1|Heatran, M
|poke|p1|Clefable, M
|poke|p1|Mew
|poke|p1|Ferrothorn, F
|poke|p2|Sableye, M
|poke|p2|Rotom-Wash
|poke|p2|Landorus-Therian, M
|poke|p2|Ferrothorn, F
|poke|p2|Greninja, F
|poke|p2|Talonflame, M
|rule|Swagger Clause: Swagger is banned
|rule|Baton Pass Clause: Limit one PokÃ©mon knowing Baton Pass
|teampreview
|
|start
|switch|p1a: Clefable|Clefable, M|394\/394
|switch|p2a: Talonflame|Talonflame, M|359\/359
|turn|1
|
|move|p2a: Talonflame|Taunt|p1a: Clefable
|-start|p1a: Clefable|move: Taunt
|move|p1a: Clefable|Knock Off|p2a: Talonflame
|-damage|p2a: Talonflame|290\/359
|-enditem|p2a: Talonflame|Leftovers|[from] move: Knock Off|[of] p1a: Clefable
|
|turn|2
|
|switch|p1a: Slowbro|Slowbro, F|393\/393
|move|p2a: Talonflame|Will-O-Wisp|p1a: Slowbro
|-status|p1a: Slowbro|brn
|
|-damage|p1a: Slowbro|344\/393 brn|[from] brn
|turn|3
|
|switch|p2a: Ferrothorn|Ferrothorn, F|352\/352
|move|p1a: Slowbro|Scald|p2a: Ferrothorn
|-resisted|p2a: Ferrothorn
|-damage|p2a: Ferrothorn|319\/352
|
|-heal|p2a: Ferrothorn|341\/352|[from] item: Leftovers
|-damage|p1a: Slowbro|295\/393 brn|[from] brn
|turn|4
|
|switch|p1a: Heatran|Heatran, M|385\/385
|move|p2a: Ferrothorn|Spikes|p1a: Heatran
|-sidestart|p1: RSMessiii|Spikes
|
|-heal|p2a: Ferrothorn|352\/352|[from] item: Leftovers
|turn|5
|
|switch|p2a: Rotom-Wash|Rotom-Wash|303\/303
|move|p1a: Heatran|Stealth Rock|p2a: Rotom-Wash
|-sidestart|p2: dio prugna|move: Stealth Rock
|
|turn|6
|
|move|p1a: Heatran|Protect|p1a: Heatran
|-singleturn|p1a: Heatran|Protect
|move|p2a: Rotom-Wash|Volt Switch|p1a: Heatran
|-activate|p1a: Heatran|Protect
|
|turn|7
|
|move|p2a: Rotom-Wash|Hydro Pump|p1a: Heatran
|-supereffective|p1a: Heatran
|-damage|p1a: Heatran|169\/385
|move|p1a: Heatran|Lava Plume|p2a: Rotom-Wash
|-resisted|p2a: Rotom-Wash
|-damage|p2a: Rotom-Wash|243\/303
|
|-heal|p2a: Rotom-Wash|261\/303|[from] item: Leftovers
|-heal|p1a: Heatran|193\/385|[from] item: Leftovers
|turn|8
|
|switch|p2a: Landorus-Therian|Landorus-Therian, M|373\/373
|-damage|p2a: Landorus-Therian|327\/373|[from] Stealth Rock
|-ability|p2a: Landorus-Therian|Intimidate|[of] p1a: Heatran
|-unboost|p1a: Heatran|atk|1
|move|p1a: Heatran|Protect|p1a: Heatran
|-fail|p1a: Heatran
|
|-heal|p2a: Landorus-Therian|350\/373|[from] item: Leftovers
|-heal|p1a: Heatran|217\/385|[from] item: Leftovers
|turn|9
|
|switch|p1a: Ferrothorn|Ferrothorn, F|351\/351
|-damage|p1a: Ferrothorn|308\/351|[from] Spikes
|move|p2a: Landorus-Therian|Stealth Rock|p1a: Ferrothorn
|-sidestart|p1: RSMessiii|move: Stealth Rock
|
|-heal|p2a: Landorus-Therian|373\/373|[from] item: Leftovers
|-heal|p1a: Ferrothorn|329\/351|[from] item: Leftovers
|turn|10
|
|move|p2a: Landorus-Therian|U-turn|p1a: Ferrothorn
|-damage|p1a: Ferrothorn|278\/351
|-damage|p2a: Landorus-Therian|327\/373|[from] ability: Iron Barbs|[of] p1a: Ferrothorn
|
|switch|p2a: Sableye|Sableye, M|303\/303
|-damage|p2a: Sableye|266\/303|[from] Stealth Rock
|move|p1a: Ferrothorn|Spikes|p2a: Sableye
|-sidestart|p2: dio prugna|Spikes
|
|-heal|p1a: Ferrothorn|299\/351|[from] item: Leftovers
|turn|11
|
|switch|p1a: Clefable|Clefable, M|394\/394
|detailschange|p2a: Sableye|Sableye-Mega, M
|message|Sableye has Mega Evolved into Mega Sableye!
|move|p2a: Sableye|Knock Off|p1a: Clefable
|-resisted|p1a: Clefable
|-damage|p1a: Clefable|334\/394
|-enditem|p1a: Clefable|Leftovers|[from] move: Knock Off|[of] p2a: Sableye
|
|turn|12
|
|switch|p2a: Talonflame|Talonflame, M|290\/359
|-damage|p2a: Talonflame|111\/359|[from] Stealth Rock
|move|p1a: Clefable|Knock Off|p2a: Talonflame
|-damage|p2a: Talonflame|69\/359
|
|turn|13
|
|switch|p1a: Slowbro|Slowbro, F|393\/393 brn
|-damage|p1a: Slowbro|344\/393 brn|[from] Stealth Rock
|-damage|p1a: Slowbro|295\/393 brn|[from] Spikes
|move|p2a: Talonflame|Roost|p2a: Talonflame
|-heal|p2a: Talonflame|249\/359
|
|-damage|p1a: Slowbro|246\/393 brn|[from] brn
|turn|14
|
|switch|p2a: Rotom-Wash|Rotom-Wash|261\/303
|-damage|p2a: Rotom-Wash|224\/303|[from] Stealth Rock
|move|p1a: Slowbro|Scald|p2a: Rotom-Wash
|-resisted|p2a: Rotom-Wash
|-damage|p2a: Rotom-Wash|179\/303
|
|-heal|p2a: Rotom-Wash|197\/303|[from] item: Leftovers
|-damage|p1a: Slowbro|197\/393 brn|[from] brn
|turn|15
|
|switch|p1a: Chansey|Chansey, F|703\/703
|-damage|p1a: Chansey|616\/703|[from] Spikes
|-damage|p1a: Chansey|529\/703|[from] Stealth Rock
|move|p2a: Rotom-Wash|Volt Switch|p1a: Chansey
|-damage|p1a: Chansey|468\/703
|
|switch|p2a: Sableye|Sableye-Mega, M|266\/303
|-damage|p2a: Sableye|229\/303|[from] Stealth Rock
|-damage|p2a: Sableye|192\/303|[from] Spikes
|
|turn|16
|
|move|p1a: Chansey|Soft-Boiled|p1a: Chansey
|-heal|p1a: Chansey|703\/703
|move|p2a: Sableye|Recover|p2a: Sableye
|-heal|p2a: Sableye|303\/303
|
|turn|17
|
|move|p1a: Chansey|Aromatherapy|p1a: Chansey
|-cureteam|p1a: Chansey|[from] move: Aromatherapy
|move|p2a: Sableye|Knock Off|p1a: Chansey
|-crit|p1a: Chansey
|-damage|p1a: Chansey|520\/703
|-enditem|p1a: Chansey|Eviolite|[from] move: Knock Off|[of] p2a: Sableye
|
|turn|18
|
|switch|p2a: Ferrothorn|Ferrothorn, F|352\/352
|-damage|p2a: Ferrothorn|308\/352|[from] Spikes
|-damage|p2a: Ferrothorn|286\/352|[from] Stealth Rock
|move|p1a: Chansey|Soft-Boiled|p1a: Chansey
|-heal|p1a: Chansey|703\/703
|
|-heal|p2a: Ferrothorn|308\/352|[from] item: Leftovers
|turn|19
|
|switch|p1a: Mew|Mew|403\/403
|-damage|p1a: Mew|353\/403|[from] Spikes
|-damage|p1a: Mew|303\/403|[from] Stealth Rock
|move|p2a: Ferrothorn|Spikes|p1a: Mew
|-sidestart|p1: RSMessiii|Spikes
|
|-heal|p1a: Mew|328\/403|[from] item: Leftovers
|-heal|p2a: Ferrothorn|330\/352|[from] item: Leftovers
|turn|20
|
|switch|p2a: Sableye|Sableye-Mega, M|303\/303
|-damage|p2a: Sableye|266\/303|[from] Spikes
|-damage|p2a: Sableye|229\/303|[from] Stealth Rock
|move|p1a: Mew|Defog|p2a: Sableye
|move|p2a: Sableye|Defog|p1a: Mew|[from]Magic Bounce
|-unboost|p1a: Mew|evasion|1
|-sideend|p1: RSMessiii|Spikes|[from] move: Defog|[of] p1a: Mew
|-sideend|p1: RSMessiii|Stealth Rock|[from] move: Defog|[of] p1a: Mew
|-sideend|p2: dio prugna|Spikes|[from] move: Defog|[of] p2a: Sableye
|-sideend|p2: dio prugna|Stealth Rock|[from] move: Defog|[of] p2a: Sableye
|
|-heal|p1a: Mew|353\/403|[from] item: Leftovers
|turn|21
|
|switch|p1a: Clefable|Clefable, M|334\/394
|switch|p2a: Talonflame|Talonflame, M|249\/359
|
|turn|22
|
|switch|p1a: Slowbro|Slowbro, F|328\/393
|move|p2a: Talonflame|Brave Bird|p1a: Slowbro
|-damage|p1a: Slowbro|252\/393
|-damage|p2a: Talonflame|224\/359|[from] recoil|[of] p1a: Slowbro
|
|turn|23
|
|switch|p1a: Heatran|Heatran, M|217\/385
|move|p2a: Talonflame|Will-O-Wisp|p1a: Heatran
|-start|p1a: Heatran|ability: Flash Fire
|
|-heal|p1a: Heatran|241\/385|[from] item: Leftovers
|turn|24
|
|switch|p1a: Slowbro|Slowbro, F|383\/393
|move|p2a: Talonflame|Taunt|p1a: Slowbro
|-start|p1a: Slowbro|move: Taunt
|
|turn|25
|
|switch|p2a: Rotom-Wash|Rotom-Wash|197\/303
|move|p1a: Slowbro|Scald|p2a: Rotom-Wash
|-resisted|p2a: Rotom-Wash
|-damage|p2a: Rotom-Wash|155\/303
|-status|p2a: Rotom-Wash|brn
|
|-heal|p2a: Rotom-Wash|173\/303 brn|[from] item: Leftovers
|-damage|p2a: Rotom-Wash|136\/303 brn|[from] brn
|turn|26
|
|switch|p1a: Chansey|Chansey, F|703\/703
|move|p2a: Rotom-Wash|Volt Switch|p1a: Chansey
|-damage|p1a: Chansey|612\/703
|
|switch|p2a: Landorus-Therian|Landorus-Therian, M|327\/373
|-ability|p2a: Landorus-Therian|Intimidate|[of] p1a: Chansey
|-unboost|p1a: Chansey|atk|1
|
|-heal|p2a: Landorus-Therian|350\/373|[from] item: Leftovers
|turn|27
|
|move|p2a: Landorus-Therian|Stealth Rock|p1a: Chansey
|-sidestart|p1: RSMessiii|move: Stealth Rock
|move|p1a: Chansey|Toxic|p2a: Landorus-Therian
|-status|p2a: Landorus-Therian|tox
|
|-heal|p2a: Landorus-Therian|373\/373 tox|[from] item: Leftovers
|-damage|p2a: Landorus-Therian|350\/373 tox|[from] psn
|turn|28
|
|switch|p1a: Ferrothorn|Ferrothorn, F|299\/351
|-damage|p1a: Ferrothorn|278\/351|[from] Stealth Rock
|move|p2a: Landorus-Therian|U-turn|p1a: Ferrothorn
|-damage|p1a: Ferrothorn|233\/351
|-damage|p2a: Landorus-Therian|304\/373 tox|[from] ability: Iron Barbs|[of] p1a: Ferrothorn
|
|switch|p2a: Talonflame|Talonflame, M|224\/359
|
|-heal|p1a: Ferrothorn|254\/351|[from] item: Leftovers
|turn|29
|
|move|p1a: Ferrothorn|Protect|p1a: Ferrothorn
|-singleturn|p1a: Ferrothorn|Protect
|move|p2a: Talonflame|Will-O-Wisp|p1a: Ferrothorn
|-activate|p1a: Ferrothorn|Protect
|
|-heal|p1a: Ferrothorn|275\/351|[from] item: Leftovers
|turn|30
|
|switch|p1a: Heatran|Heatran, M|241\/385
|-damage|p1a: Heatran|193\/385|[from] Stealth Rock
|move|p2a: Talonflame|Will-O-Wisp|p1a: Heatran
|-start|p1a: Heatran|ability: Flash Fire
|
|-heal|p1a: Heatran|217\/385|[from] item: Leftovers
|turn|31
|
|move|p2a: Talonflame|Taunt|p1a: Heatran
|-start|p1a: Heatran|move: Taunt
|move|p1a: Heatran|Lava Plume|p2a: Talonflame
|-resisted|p2a: Talonflame
|-damage|p2a: Talonflame|137\/359
|
|-heal|p1a: Heatran|241\/385|[from] item: Leftovers
|turn|32
|
|move|p2a: Talonflame|Roost|p2a: Talonflame
|-heal|p2a: Talonflame|317\/359
|move|p1a: Heatran|Lava Plume|p2a: Talonflame
|-resisted|p2a: Talonflame
|-damage|p2a: Talonflame|244\/359
|
|-heal|p1a: Heatran|265\/385|[from] item: Leftovers
|turn|33
|
|switch|p2a: Rotom-Wash|Rotom-Wash|136\/303 brn
|switch|p1a: Slowbro|Slowbro, F|393\/393
|-damage|p1a: Slowbro|344\/393|[from] Stealth Rock
|
|-heal|p2a: Rotom-Wash|154\/303 brn|[from] item: Leftovers
|-damage|p2a: Rotom-Wash|117\/303 brn|[from] brn
|turn|34
|
|switch|p1a: Ferrothorn|Ferrothorn, F|275\/351
|-damage|p1a: Ferrothorn|254\/351|[from] Stealth Rock
|move|p2a: Rotom-Wash|Volt Switch|p1a: Ferrothorn
|-resisted|p1a: Ferrothorn
|-damage|p1a: Ferrothorn|212\/351
|
|switch|p2a: Talonflame|Talonflame, M|244\/359
|
|-heal|p1a: Ferrothorn|233\/351|[from] item: Leftovers
|turn|35
|
|switch|p1a: Slowbro|Slowbro, F|393\/393
|-damage|p1a: Slowbro|344\/393|[from] Stealth Rock
|move|p2a: Talonflame|Roost|p2a: Talonflame
|-heal|p2a: Talonflame|359\/359
|
|turn|36
|
|switch|p2a: Rotom-Wash|Rotom-Wash|117\/303 brn
|move|p1a: Slowbro|Calm Mind|p1a: Slowbro
|-boost|p1a: Slowbro|spa|1
|-boost|p1a: Slowbro|spd|1
|
|-heal|p2a: Rotom-Wash|135\/303 brn|[from] item: Leftovers
|-damage|p2a: Rotom-Wash|98\/303 brn|[from] brn
|turn|37
|
|move|p2a: Rotom-Wash|Will-O-Wisp|p1a: Slowbro
|-status|p1a: Slowbro|brn
|move|p1a: Slowbro|Scald|p2a: Rotom-Wash
|-resisted|p2a: Rotom-Wash
|-damage|p2a: Rotom-Wash|29\/303 brn
|
|-heal|p2a: Rotom-Wash|47\/303 brn|[from] item: Leftovers
|-damage|p2a: Rotom-Wash|10\/303 brn|[from] brn
|-damage|p1a: Slowbro|295\/393 brn|[from] brn
|turn|38
|
|move|p2a: Rotom-Wash|Pain Split|p1a: Slowbro
|-sethp|p1a: Slowbro|152\/393 brn|p2a: Rotom-Wash|152\/303 brn|[from] move: Pain Split
|move|p1a: Slowbro|Slack Off|p1a: Slowbro
|-heal|p1a: Slowbro|349\/393 brn
|
|-heal|p2a: Rotom-Wash|170\/303 brn|[from] item: Leftovers
|-damage|p2a: Rotom-Wash|133\/303 brn|[from] brn
|-damage|p1a: Slowbro|300\/393 brn|[from] brn
|turn|39
|
|move|p2a: Rotom-Wash|Volt Switch|p1a: Slowbro
|-supereffective|p1a: Slowbro
|-damage|p1a: Slowbro|130\/393 brn
|
|switch|p2a: Greninja|Greninja, F|285\/285
|move|p1a: Slowbro|Scald|p2a: Greninja
|-resisted|p2a: Greninja
|-damage|p2a: Greninja|183\/285
|
|-damage|p1a: Slowbro|81\/393 brn|[from] brn
|turn|40
|
|switch|p1a: Chansey|Chansey, F|612\/703
|-damage|p1a: Chansey|525\/703|[from] Stealth Rock
|move|p2a: Greninja|U-turn|p1a: Chansey
|-start|p2a: Greninja|typechange|Bug|[from] Protean
|-crit|p1a: Chansey
|-damage|p1a: Chansey|305\/703
|
|switch|p2a: Talonflame|Talonflame, M|359\/359
|
|turn|41
|
|move|p2a: Talonflame|Taunt|p1a: Chansey
|-start|p1a: Chansey|move: Taunt
|move|p1a: Chansey|Seismic Toss|p2a: Talonflame
|-damage|p2a: Talonflame|259\/359
|
|turn|42
|
|switch|p1a: Heatran|Heatran, M|265\/385
|-damage|p1a: Heatran|217\/385|[from] Stealth Rock
|move|p2a: Talonflame|Brave Bird|p1a: Heatran
|-resisted|p1a: Heatran
|-damage|p1a: Heatran|163\/385
|-damage|p2a: Talonflame|241\/359|[from] recoil|[of] p1a: Heatran
|
|-heal|p1a: Heatran|187\/385|[from] item: Leftovers
|turn|43
|
|move|p1a: Heatran|Protect|p1a: Heatran
|-singleturn|p1a: Heatran|Protect
|move|p2a: Talonflame|Taunt|p1a: Heatran
|-activate|p1a: Heatran|Protect
|
|-heal|p1a: Heatran|211\/385|[from] item: Leftovers
|turn|44
|
|move|p2a: Talonflame|Taunt|p1a: Heatran
|-start|p1a: Heatran|move: Taunt
|cant|p1a: Heatran|move: Taunt|Stealth Rock
|
|-heal|p1a: Heatran|235\/385|[from] item: Leftovers
|turn|45
|
|move|p2a: Talonflame|Roost|p2a: Talonflame
|-heal|p2a: Talonflame|359\/359
|move|p1a: Heatran|Lava Plume|p2a: Talonflame
|-resisted|p2a: Talonflame
|-damage|p2a: Talonflame|304\/359
|
|-heal|p1a: Heatran|259\/385|[from] item: Leftovers
|turn|46
|
|switch|p2a: Rotom-Wash|Rotom-Wash|133\/303 brn
|move|p1a: Heatran|Lava Plume|p2a: Rotom-Wash
|-resisted|p2a: Rotom-Wash
|-damage|p2a: Rotom-Wash|82\/303 brn
|
|-heal|p2a: Rotom-Wash|100\/303 brn|[from] item: Leftovers
|-heal|p1a: Heatran|283\/385|[from] item: Leftovers
|-damage|p2a: Rotom-Wash|63\/303 brn|[from] brn
|-end|p1a: Heatran|move: Taunt
|turn|47
|
|move|p2a: Rotom-Wash|Pain Split|p1a: Heatran
|-sethp|p1a: Heatran|173\/385|p2a: Rotom-Wash|173\/303 brn|[from] move: Pain Split
|move|p1a: Heatran|Stealth Rock|p2a: Rotom-Wash
|-sidestart|p2: dio prugna|move: Stealth Rock
|
|-heal|p2a: Rotom-Wash|191\/303 brn|[from] item: Leftovers
|-heal|p1a: Heatran|197\/385|[from] item: Leftovers
|-damage|p2a: Rotom-Wash|154\/303 brn|[from] brn
|turn|48
|
|move|p1a: Heatran|Protect|p1a: Heatran
|-singleturn|p1a: Heatran|Protect
|move|p2a: Rotom-Wash|Volt Switch|p1a: Heatran
|-activate|p1a: Heatran|Protect
|
|-heal|p2a: Rotom-Wash|172\/303 brn|[from] item: Leftovers
|-heal|p1a: Heatran|221\/385|[from] item: Leftovers
|-damage|p2a: Rotom-Wash|135\/303 brn|[from] brn
|turn|49
|
|switch|p1a: Chansey|Chansey, F|305\/703
|-damage|p1a: Chansey|218\/703|[from] Stealth Rock
|move|p2a: Rotom-Wash|Volt Switch|p1a: Chansey
|-damage|p1a: Chansey|121\/703
|
|switch|p2a: Landorus-Therian|Landorus-Therian, M|304\/373 tox
|-damage|p2a: Landorus-Therian|258\/373 tox|[from] Stealth Rock
|-ability|p2a: Landorus-Therian|Intimidate|[of] p1a: Chansey
|-unboost|p1a: Chansey|atk|1
|
|-heal|p2a: Landorus-Therian|281\/373 tox|[from] item: Leftovers
|-damage|p2a: Landorus-Therian|258\/373 tox|[from] psn
|turn|50
|
|move|p2a: Landorus-Therian|Earthquake|p1a: Chansey
|-damage|p1a: Chansey|0 fnt
|faint|p1a: Chansey
|
|-heal|p2a: Landorus-Therian|281\/373 tox|[from] item: Leftovers
|-damage|p2a: Landorus-Therian|235\/373 tox|[from] psn
|
|switch|p1a: Slowbro|Slowbro, F|212\/393 brn
|-damage|p1a: Slowbro|163\/393 brn|[from] Stealth Rock
|turn|51
|
|move|p2a: Landorus-Therian|U-turn|p1a: Slowbro
|-supereffective|p1a: Slowbro
|-damage|p1a: Slowbro|63\/393 brn
|
|switch|p2a: Rotom-Wash|Rotom-Wash|135\/303 brn
|-damage|p2a: Rotom-Wash|98\/303 brn|[from] Stealth Rock
|move|p1a: Slowbro|Slack Off|p1a: Slowbro
|-heal|p1a: Slowbro|260\/393 brn
|
|-heal|p2a: Rotom-Wash|116\/303 brn|[from] item: Leftovers
|-damage|p2a: Rotom-Wash|79\/303 brn|[from] brn
|-damage|p1a: Slowbro|211\/393 brn|[from] brn
|turn|52
|
|switch|p1a: Ferrothorn|Ferrothorn, F|233\/351
|-damage|p1a: Ferrothorn|212\/351|[from] Stealth Rock
|move|p2a: Rotom-Wash|Pain Split|p1a: Ferrothorn
|-sethp|p1a: Ferrothorn|145\/351|p2a: Rotom-Wash|145\/303 brn|[from] move: Pain Split
|
|-heal|p2a: Rotom-Wash|163\/303 brn|[from] item: Leftovers
|-heal|p1a: Ferrothorn|166\/351|[from] item: Leftovers
|-damage|p2a: Rotom-Wash|126\/303 brn|[from] brn
|turn|53
|
|switch|p2a: Sableye|Sableye-Mega, M|229\/303
|-damage|p2a: Sableye|192\/303|[from] Stealth Rock
|move|p1a: Ferrothorn|Gyro Ball|p2a: Sableye
|-damage|p2a: Sableye|156\/303
|
|-heal|p1a: Ferrothorn|187\/351|[from] item: Leftovers
|turn|54
|
|switch|p1a: Clefable|Clefable, M|334\/394
|move|p2a: Sableye|Recover|p2a: Sableye
|-heal|p2a: Sableye|303\/303
|
|turn|55
|
|switch|p2a: Ferrothorn|Ferrothorn, F|330\/352
|-damage|p2a: Ferrothorn|308\/352|[from] Stealth Rock
|move|p1a: Clefable|Moonblast|p2a: Ferrothorn
|-resisted|p2a: Ferrothorn
|-damage|p2a: Ferrothorn|270\/352
|
|-heal|p2a: Ferrothorn|292\/352|[from] item: Leftovers
|turn|56
|
|move|p1a: Clefable|Flamethrower|p2a: Ferrothorn
|-supereffective|p2a: Ferrothorn
|-damage|p2a: Ferrothorn|116\/352
|move|p2a: Ferrothorn|Spikes|p1a: Clefable
|-sidestart|p1: RSMessiii|Spikes
|
|-heal|p2a: Ferrothorn|138\/352|[from] item: Leftovers
|turn|57
|
|move|p2a: Ferrothorn|Protect|p2a: Ferrothorn
|-singleturn|p2a: Ferrothorn|Protect
|move|p1a: Clefable|Knock Off|p2a: Ferrothorn
|-activate|p2a: Ferrothorn|Protect
|
|-heal|p2a: Ferrothorn|160\/352|[from] item: Leftovers
|turn|58
|
|switch|p2a: Talonflame|Talonflame, M|304\/359
|-damage|p2a: Talonflame|125\/359|[from] Stealth Rock
|move|p1a: Clefable|Flamethrower|p2a: Talonflame
|-resisted|p2a: Talonflame
|-damage|p2a: Talonflame|97\/359
|
|turn|59
|
|switch|p1a: Slowbro|Slowbro, F|342\/393 brn
|-damage|p1a: Slowbro|293\/393 brn|[from] Spikes
|-damage|p1a: Slowbro|244\/393 brn|[from] Stealth Rock
|move|p2a: Talonflame|Roost|p2a: Talonflame
|-heal|p2a: Talonflame|277\/359
|
|-damage|p1a: Slowbro|195\/393 brn|[from] brn
|turn|60
|
|move|p2a: Talonflame|Taunt|p1a: Slowbro
|-start|p1a: Slowbro|move: Taunt
|move|p1a: Slowbro|Scald|p2a: Talonflame
|-supereffective|p2a: Talonflame
|-damage|p2a: Talonflame|101\/359
|
|-damage|p1a: Slowbro|146\/393 brn|[from] brn
|turn|61
|
|move|p2a: Talonflame|Roost|p2a: Talonflame
|-heal|p2a: Talonflame|281\/359
|move|p1a: Slowbro|Scald|p2a: Talonflame
|-supereffective|p2a: Talonflame
|-damage|p2a: Talonflame|105\/359
|
|-damage|p1a: Slowbro|97\/393 brn|[from] brn
|turn|62
|
|detailschange|p1a: Slowbro|Slowbro-Mega, F
|message|Slowbro has Mega Evolved into Mega Slowbro!
|move|p2a: Talonflame|Roost|p2a: Talonflame
|-heal|p2a: Talonflame|285\/359
|move|p1a: Slowbro|Scald|p2a: Talonflame
|-supereffective|p2a: Talonflame
|-damage|p2a: Talonflame|67\/359
|
|-damage|p1a: Slowbro|48\/393 brn|[from] brn
|-end|p1a: Slowbro|move: Taunt
|turn|63
|
|move|p2a: Talonflame|Brave Bird|p1a: Slowbro
|-damage|p1a: Slowbro|0 fnt
|-damage|p2a: Talonflame|51\/359|[from] recoil|[of] p1a: Slowbro
|faint|p1a: Slowbro
|
|
|switch|p1a: Heatran|Heatran, M|221\/385
|-damage|p1a: Heatran|173\/385|[from] Spikes
|-damage|p1a: Heatran|125\/385|[from] Stealth Rock
|turn|64
|
|move|p2a: Talonflame|Roost|p2a: Talonflame
|-heal|p2a: Talonflame|231\/359
|move|p1a: Heatran|Lava Plume|p2a: Talonflame
|-resisted|p2a: Talonflame
|-damage|p2a: Talonflame|181\/359
|
|-heal|p1a: Heatran|149\/385|[from] item: Leftovers
|turn|65
|
|move|p2a: Talonflame|Taunt|p1a: Heatran
|-start|p1a: Heatran|move: Taunt
|cant|p1a: Heatran|move: Taunt|Roar
|
|-heal|p1a: Heatran|173\/385|[from] item: Leftovers
|turn|66
|
|move|p2a: Talonflame|Roost|p2a: Talonflame
|-heal|p2a: Talonflame|359\/359
|move|p1a: Heatran|Lava Plume|p2a: Talonflame
|-resisted|p2a: Talonflame
|-damage|p2a: Talonflame|309\/359
|
|-heal|p1a: Heatran|197\/385|[from] item: Leftovers
|turn|67
|
|switch|p2a: Greninja|Greninja, F|183\/285
|-damage|p2a: Greninja|148\/285|[from] Stealth Rock
|move|p1a: Heatran|Lava Plume|p2a: Greninja
|-resisted|p2a: Greninja
|-damage|p2a: Greninja|64\/285
|
|-heal|p1a: Heatran|221\/385|[from] item: Leftovers
|-end|p1a: Heatran|move: Taunt
|turn|68
|
|move|p1a: Heatran|Protect|p1a: Heatran
|-singleturn|p1a: Heatran|Protect
|move|p2a: Greninja|Hydro Pump|p1a: Heatran
|-start|p2a: Greninja|typechange|Water|[from] Protean
|-activate|p1a: Heatran|Protect
|
|-heal|p1a: Heatran|245\/385|[from] item: Leftovers
|turn|69
|
|switch|p1a: Ferrothorn|Ferrothorn, F|187\/351
|-damage|p1a: Ferrothorn|166\/351|[from] Stealth Rock
|-damage|p1a: Ferrothorn|123\/351|[from] Spikes
|move|p2a: Greninja|Hydro Pump|p1a: Ferrothorn|[miss]
|-miss|p2a: Greninja|p1a: Ferrothorn
|
|-heal|p1a: Ferrothorn|144\/351|[from] item: Leftovers
|turn|70
|
|move|p1a: Ferrothorn|Protect|p1a: Ferrothorn
|-singleturn|p1a: Ferrothorn|Protect
|move|p2a: Greninja|Hydro Pump|p1a: Ferrothorn
|-activate|p1a: Ferrothorn|Protect
|
|-heal|p1a: Ferrothorn|165\/351|[from] item: Leftovers
|turn|71
|
|switch|p2a: Ferrothorn|Ferrothorn, F|160\/352
|-damage|p2a: Ferrothorn|138\/352|[from] Stealth Rock
|move|p1a: Ferrothorn|Leech Seed|p2a: Ferrothorn
|-immune|p2a: Ferrothorn|[msg]
|
|-heal|p2a: Ferrothorn|160\/352|[from] item: Leftovers
|-heal|p1a: Ferrothorn|186\/351|[from] item: Leftovers
|turn|72
|
|move|p1a: Ferrothorn|Spikes|p2a: Ferrothorn
|-sidestart|p2: dio prugna|Spikes
|move|p2a: Ferrothorn|Spikes|p1a: Ferrothorn
|-sidestart|p1: RSMessiii|Spikes
|
|-heal|p2a: Ferrothorn|182\/352|[from] item: Leftovers
|-heal|p1a: Ferrothorn|207\/351|[from] item: Leftovers
|turn|73
|
|switch|p1a: Heatran|Heatran, M|245\/385
|-damage|p1a: Heatran|181\/385|[from] Spikes
|-damage|p1a: Heatran|133\/385|[from] Stealth Rock
|move|p2a: Ferrothorn|Spikes|p1a: Heatran
|-sidestart|p1: RSMessiii|Spikes
|
|-heal|p1a: Heatran|157\/385|[from] item: Leftovers
|-heal|p2a: Ferrothorn|204\/352|[from] item: Leftovers
|turn|74
|
|switch|p2a: Greninja|Greninja, F|64\/285
|-damage|p2a: Greninja|29\/285|[from] Spikes
|-damage|p2a: Greninja|0 fnt|[from] Stealth Rock
|faint|p2a: Greninja
|move|p1a: Heatran|Lava Plume|p2: Greninja|[notarget]
|-notarget
|
|-heal|p1a: Heatran|181\/385|[from] item: Leftovers
|
|switch|p2a: Landorus-Therian|Landorus-Therian, M|235\/373 tox
|-damage|p2a: Landorus-Therian|189\/373 tox|[from] Stealth Rock
|-ability|p2a: Landorus-Therian|Intimidate|[of] p1a: Heatran
|-unboost|p1a: Heatran|atk|1
|turn|75
|
|move|p1a: Heatran|Protect|p1a: Heatran
|-singleturn|p1a: Heatran|Protect
|move|p2a: Landorus-Therian|Earthquake|p1a: Heatran
|-activate|p1a: Heatran|Protect
|
|-heal|p2a: Landorus-Therian|212\/373 tox|[from] item: Leftovers
|-heal|p1a: Heatran|205\/385|[from] item: Leftovers
|-damage|p2a: Landorus-Therian|189\/373 tox|[from] psn
|turn|76
|
|switch|p1a: Mew|Mew|353\/403
|-damage|p1a: Mew|253\/403|[from] Spikes
|-damage|p1a: Mew|203\/403|[from] Stealth Rock
|move|p2a: Landorus-Therian|Earthquake|p1a: Mew
|-damage|p1a: Mew|67\/403
|
|-heal|p1a: Mew|92\/403|[from] item: Leftovers
|-heal|p2a: Landorus-Therian|212\/373 tox|[from] item: Leftovers
|-damage|p2a: Landorus-Therian|166\/373 tox|[from] psn
|turn|77
|
|move|p1a: Mew|Soft-Boiled|p1a: Mew
|-heal|p1a: Mew|294\/403
|move|p2a: Landorus-Therian|U-turn|p1a: Mew
|-supereffective|p1a: Mew
|-damage|p1a: Mew|176\/403
|
|switch|p2a: Talonflame|Talonflame, M|309\/359
|-damage|p2a: Talonflame|130\/359|[from] Stealth Rock
|
|-heal|p1a: Mew|201\/403|[from] item: Leftovers
|turn|78
|
|move|p2a: Talonflame|Taunt|p1a: Mew
|-start|p1a: Mew|move: Taunt
|cant|p1a: Mew|move: Taunt|Roar
|
|-heal|p1a: Mew|226\/403|[from] item: Leftovers
|turn|79
|
|switch|p1a: Heatran|Heatran, M|205\/385
|-damage|p1a: Heatran|109\/385|[from] Spikes
|-damage|p1a: Heatran|61\/385|[from] Stealth Rock
|move|p2a: Talonflame|Roost|p2a: Talonflame
|-heal|p2a: Talonflame|310\/359
|
|-heal|p1a: Heatran|85\/385|[from] item: Leftovers
|turn|80
|
|move|p1a: Heatran|Protect|p1a: Heatran
|-singleturn|p1a: Heatran|Protect
|move|p2a: Talonflame|Taunt|p1a: Heatran
|-activate|p1a: Heatran|Protect
|
|-heal|p1a: Heatran|109\/385|[from] item: Leftovers
|turn|81
|
|move|p2a: Talonflame|Brave Bird|p1a: Heatran
|-resisted|p1a: Heatran
|-damage|p1a: Heatran|55\/385
|-damage|p2a: Talonflame|292\/359|[from] recoil|[of] p1a: Heatran
|move|p1a: Heatran|Roar|p2a: Talonflame
|drag|p2a: Landorus-Therian|Landorus-Therian, M|166\/373 tox
|-damage|p2a: Landorus-Therian|120\/373 tox|[from] Stealth Rock
|-ability|p2a: Landorus-Therian|Intimidate|[of] p1a: Heatran
|-unboost|p1a: Heatran|atk|1
|
|-heal|p2a: Landorus-Therian|143\/373 tox|[from] item: Leftovers
|-heal|p1a: Heatran|79\/385|[from] item: Leftovers
|-damage|p2a: Landorus-Therian|120\/373 tox|[from] psn
|turn|82
|
|move|p1a: Heatran|Protect|p1a: Heatran
|-singleturn|p1a: Heatran|Protect
|move|p2a: Landorus-Therian|Earthquake|p1a: Heatran
|-activate|p1a: Heatran|Protect
|
|-heal|p2a: Landorus-Therian|143\/373 tox|[from] item: Leftovers
|-heal|p1a: Heatran|103\/385|[from] item: Leftovers
|-damage|p2a: Landorus-Therian|97\/373 tox|[from] psn
|turn|83
|
|move|p1a: Heatran|Protect|p1a: Heatran
|-fail|p1a: Heatran
|move|p2a: Landorus-Therian|Earthquake|p1a: Heatran
|-supereffective|p1a: Heatran
|-damage|p1a: Heatran|0 fnt
|faint|p1a: Heatran
|
|-heal|p2a: Landorus-Therian|120\/373 tox|[from] item: Leftovers
|-damage|p2a: Landorus-Therian|51\/373 tox|[from] psn
|
|switch|p1a: Clefable|Clefable, M|334\/394
|turn|84
|
|move|p2a: Landorus-Therian|Earthquake|p1a: Clefable
|-damage|p1a: Clefable|115\/394
|move|p1a: Clefable|Soft-Boiled|p1a: Clefable
|-heal|p1a: Clefable|312\/394
|
|-heal|p2a: Landorus-Therian|74\/373 tox|[from] item: Leftovers
|-damage|p2a: Landorus-Therian|0 fnt|[from] psn
|faint|p2a: Landorus-Therian
|
|switch|p2a: Talonflame|Talonflame, M|292\/359
|-damage|p2a: Talonflame|113\/359|[from] Stealth Rock
|turn|85
|
|move|p2a: Talonflame|Roost|p2a: Talonflame
|-heal|p2a: Talonflame|293\/359
|move|p1a: Clefable|Moonblast|p2a: Talonflame
|-resisted|p2a: Talonflame
|-damage|p2a: Talonflame|248\/359
|
|turn|86
|
|move|p2a: Talonflame|Brave Bird|p1a: Clefable
|-damage|p1a: Clefable|167\/394
|-damage|p2a: Talonflame|200\/359|[from] recoil|[of] p1a: Clefable
|move|p1a: Clefable|Moonblast|p2a: Talonflame
|-crit|p2a: Talonflame
|-resisted|p2a: Talonflame
|-damage|p2a: Talonflame|129\/359
|-unboost|p2a: Talonflame|spa|1
|
|turn|87
|
|move|p2a: Talonflame|Taunt|p1a: Clefable
|-start|p1a: Clefable|move: Taunt
|cant|p1a: Clefable|move: Taunt|Soft-Boiled
|
|turn|88
|
|move|p2a: Talonflame|Roost|p2a: Talonflame
|-heal|p2a: Talonflame|309\/359
|move|p1a: Clefable|Moonblast|p2a: Talonflame
|-resisted|p2a: Talonflame
|-damage|p2a: Talonflame|260\/359
|
|turn|89
|
|switch|p1a: Ferrothorn|Ferrothorn, F|207\/351
|-damage|p1a: Ferrothorn|120\/351|[from] Spikes
|-damage|p1a: Ferrothorn|99\/351|[from] Stealth Rock
|move|p2a: Talonflame|Brave Bird|p1a: Ferrothorn
|-damage|p1a: Ferrothorn|21\/351
|-damage|p2a: Talonflame|216\/359|[from] ability: Iron Barbs|[of] p1a: Ferrothorn
|-damage|p2a: Talonflame|190\/359|[from] recoil|[of] p1a: Ferrothorn
|
|-heal|p1a: Ferrothorn|42\/351|[from] item: Leftovers
|turn|90
|
|move|p2a: Talonflame|Brave Bird|p1a: Ferrothorn
|-damage|p1a: Ferrothorn|0 fnt
|-damage|p2a: Talonflame|146\/359|[from] ability: Iron Barbs|[of] p1a: Ferrothorn
|-damage|p2a: Talonflame|132\/359|[from] recoil|[of] p1a: Ferrothorn
|faint|p1a: Ferrothorn
|
|
|switch|p1a: Mew|Mew|226\/403
|-damage|p1a: Mew|126\/403|[from] Spikes
|-damage|p1a: Mew|76\/403|[from] Stealth Rock
|turn|91
|
|move|p2a: Talonflame|Brave Bird|p1a: Mew
|-damage|p1a: Mew|0 fnt
|-damage|p2a: Talonflame|107\/359|[from] recoil|[of] p1a: Mew
|faint|p1a: Mew
|
|
|switch|p1a: Clefable|Clefable, M|167\/394
|turn|92
|
|move|p2a: Talonflame|Taunt|p1a: Clefable
|-start|p1a: Clefable|move: Taunt
|cant|p1a: Clefable|move: Taunt|Soft-Boiled
|
|turn|93
|
|move|p2a: Talonflame|Roost|p2a: Talonflame
|-heal|p2a: Talonflame|287\/359
|move|p1a: Clefable|Moonblast|p2a: Talonflame
|-resisted|p2a: Talonflame
|-damage|p2a: Talonflame|239\/359
|
|turn|94
|
|move|p2a: Talonflame|Brave Bird|p1a: Clefable
|-damage|p1a: Clefable|5\/394
|-damage|p2a: Talonflame|186\/359|[from] recoil|[of] p1a: Clefable
|move|p1a: Clefable|Moonblast|p2a: Talonflame
|-crit|p2a: Talonflame
|-resisted|p2a: Talonflame
|-damage|p2a: Talonflame|119\/359
|
|-end|p1a: Clefable|move: Taunt
|turn|95
|
|move|p2a: Talonflame|Brave Bird|p1a: Clefable
|-damage|p1a: Clefable|0 fnt
|-damage|p2a: Talonflame|117\/359|[from] recoil|[of] p1a: Clefable
|faint|p1a: Clefable
|
|win|dio prugna
|raw|Ladder updating...
|raw|RSMessiii's rating: 1689 &rarr; <strong>1660<\/strong><br \/>(-29 for losing)
|raw|dio prugna's rating: 1510 &rarr; <strong>1539<\/strong><br \/>(+29 for winning)