|join|sonyfan
|join|RSMessiii
|player|p1|sonyfan|265
|player|p2|RSMessiii|169
|gametype|singles
|gen|6
|tier|ORAS OU
|rated
|rule|Sleep Clause Mod: Limit one foe put to sleep
|rule|Species Clause: Limit one of each PokÃ©mon
|rule|OHKO Clause: OHKO moves are banned
|rule|Moody Clause: Moody is banned
|rule|Evasion Moves Clause: Evasion moves are banned
|rule|Endless Battle Clause: Forcing endless battles is banned
|rule|HP Percentage Mod: HP is shown in percentages
|clearpoke
|poke|p1|Bisharp, M
|poke|p1|Breloom, F
|poke|p1|Diancie
|poke|p1|Starmie
|poke|p1|Talonflame, M
|poke|p1|Smeargle, F
|poke|p2|Beedrill, M
|poke|p2|Rotom-Wash
|poke|p2|Landorus-Therian, M
|poke|p2|Kyurem-Black
|poke|p2|Mew
|poke|p2|Greninja, F
|rule|Swagger Clause: Swagger is banned
|rule|Baton Pass Clause: Limit one PokÃ©mon knowing Baton Pass
|teampreview
|
|start
|switch|p1a: Smeargle|Smeargle, F|314\/314
|switch|p2a: Beedrill|Beedrill, M|271\/271
|turn|1
|
|detailschange|p2a: Beedrill|Beedrill-Mega, M
|message|Beedrill has Mega Evolved into Mega Beedrill!
|move|p2a: Beedrill|U-turn|p1a: Smeargle
|-crit|p1a: Smeargle
|-enditem|p1a: Smeargle|Focus Sash
|-damage|p1a: Smeargle|1\/314
|
|switch|p2a: Mew|Mew|403\/403
|move|p1a: Smeargle|Dark Void|p2a: Mew
|-status|p2a: Mew|slp
|
|turn|2
|
|switch|p2a: Beedrill|Beedrill-Mega, M|271\/271
|move|p1a: Smeargle|Sticky Web|p2a: Beedrill
|-sidestart|p2: RSMessiii|move: Sticky Web
|
|turn|3
|
|move|p2a: Beedrill|Poison Jab|p1a: Smeargle
|-damage|p1a: Smeargle|0 fnt
|faint|p1a: Smeargle
|
|
|switch|p1a: Talonflame|Talonflame, M|297\/297
|turn|4
|
|switch|p2a: Rotom-Wash|Rotom-Wash|299\/299
|move|p1a: Talonflame|U-turn|p2a: Rotom-Wash
|-damage|p2a: Rotom-Wash|221\/299
|
|switch|p1a: Breloom|Breloom, F|261\/261
|
|-heal|p2a: Rotom-Wash|239\/299|[from] item: Leftovers
|turn|5
|
|switch|p2a: Landorus-Therian|Landorus-Therian, M|381\/381
|-ability|p2a: Landorus-Therian|Intimidate|[of] p1a: Breloom
|-unboost|p1a: Breloom|atk|1
|move|p1a: Breloom|Bullet Seed|p2a: Landorus-Therian
|-damage|p2a: Landorus-Therian|333\/381
|-damage|p2a: Landorus-Therian|285\/381
|-damage|p2a: Landorus-Therian|238\/381
|-hitcount|p2a: Landorus-Therian|3
|-damage|p1a: Breloom|235\/261|[from] item: Life Orb
|
|-heal|p2a: Landorus-Therian|261\/381|[from] item: Leftovers
|turn|6
|
|move|p1a: Breloom|Bullet Seed|p2a: Landorus-Therian
|-damage|p2a: Landorus-Therian|214\/381
|-damage|p2a: Landorus-Therian|167\/381
|-hitcount|p2a: Landorus-Therian|2
|-damage|p1a: Breloom|209\/261|[from] item: Life Orb
|move|p2a: Landorus-Therian|U-turn|p1a: Breloom
|-damage|p1a: Breloom|111\/261
|
|switch|p2a: Beedrill|Beedrill-Mega, M|271\/271
|-activate|p2a: Beedrill|move: Sticky Web
|-unboost|p2a: Beedrill|spe|1
|
|turn|7
|
|switch|p1a: Bisharp|Bisharp, M|271\/271
|move|p2a: Beedrill|U-turn|p1a: Bisharp
|-damage|p1a: Bisharp|81\/271
|
|switch|p2a: Greninja|Greninja, F|306\/306
|-activate|p2a: Greninja|move: Sticky Web
|-unboost|p2a: Greninja|spe|1
|
|turn|8
|
|move|p1a: Bisharp|Knock Off|p2a: Greninja
|-resisted|p2a: Greninja
|-damage|p2a: Greninja|201\/306
|-enditem|p2a: Greninja|Life Orb|[from] move: Knock Off|[of] p1a: Bisharp
|move|p2a: Greninja|Scald|p1a: Bisharp
|-damage|p1a: Bisharp|0 fnt
|faint|p1a: Bisharp
|
|
|switch|p1a: Starmie|Starmie|261\/261
|turn|9
|
|switch|p2a: Kyurem-Black|Kyurem-Black|405\/405
|-activate|p2a: Kyurem-Black|move: Sticky Web
|-unboost|p2a: Kyurem-Black|spe|1
|-ability|p2a: Kyurem-Black|Teravolt
|move|p1a: Starmie|Psyshock|p2a: Kyurem-Black
|-damage|p2a: Kyurem-Black|233\/405
|
|-heal|p2a: Kyurem-Black|258\/405|[from] item: Leftovers
|turn|10
|
|switch|p1a: Diancie|Diancie|241\/241
|move|p2a: Kyurem-Black|Fusion Bolt|p1a: Diancie
|-damage|p1a: Diancie|137\/241
|
|-heal|p2a: Kyurem-Black|283\/405|[from] item: Leftovers
|turn|11
|
|switch|p2a: Mew|Mew|403\/403 slp
|-activate|p2a: Mew|move: Sticky Web
|-unboost|p2a: Mew|spe|1
|detailschange|p1a: Diancie|Diancie-Mega
|message|Diancie has Mega Evolved into Mega Diancie!
|move|p1a: Diancie|Moonblast|p2a: Mew
|-damage|p2a: Mew|253\/403 slp
|
|-heal|p2a: Mew|278\/403 slp|[from] item: Leftovers
|turn|12
|
|move|p1a: Diancie|Diamond Storm|p2a: Mew
|-damage|p2a: Mew|110\/403 slp
|cant|p2a: Mew|slp
|
|-heal|p2a: Mew|135\/403 slp|[from] item: Leftovers
|turn|13
|
|move|p1a: Diancie|Diamond Storm|p2a: Mew
|-damage|p2a: Mew|0 fnt
|-boost|p1a: Diancie|def|1
|faint|p2a: Mew
|
|
|switch|p2a: Rotom-Wash|Rotom-Wash|239\/299
|turn|14
|
|move|p1a: Diancie|Moonblast|p2a: Rotom-Wash
|-crit|p2a: Rotom-Wash
|-damage|p2a: Rotom-Wash|0 fnt
|faint|p2a: Rotom-Wash
|
|c|âsonyfan|guau sorry for the hax
|c|âRSMessiii|i got nothing to outspeed now
|c|âRSMessiii|^^
|c|âRSMessiii|i guess im lost
|
|switch|p2a: Greninja|Greninja, F|201\/306
|-activate|p2a: Greninja|move: Sticky Web
|-unboost|p2a: Greninja|spe|1
|turn|15
|c|âsonyfan|thats why sticky web is god in this meta
|
|move|p1a: Diancie|Moonblast|p2a: Greninja
|-supereffective|p2a: Greninja
|-damage|p2a: Greninja|0 fnt
|faint|p2a: Greninja
|
|c|âsonyfan|but lando t can resist one moonblast
|c|âRSMessiii|doubt it tbh^^
|
|switch|p2a: Landorus-Therian|Landorus-Therian, M|167\/381
|-ability|p2a: Landorus-Therian|Intimidate|[of] p1a: Diancie
|-unboost|p1a: Diancie|atk|1
|turn|16
|c|âsonyfan|Well yeah if he was with 100% life he could
|
|move|p1a: Diancie|Moonblast|p2a: Landorus-Therian
|-crit|p2a: Landorus-Therian
|-damage|p2a: Landorus-Therian|0 fnt
|faint|p2a: Landorus-Therian
|
|
|switch|p2a: Beedrill|Beedrill-Mega, M|271\/271
|-activate|p2a: Beedrill|move: Sticky Web
|-unboost|p2a: Beedrill|spe|1
|turn|17
|c|âsonyfan|I love this team cause literally everypoke can wreck havoc late game
|
|move|p1a: Diancie|Diamond Storm|p2a: Beedrill
|-supereffective|p2a: Beedrill
|-damage|p2a: Beedrill|0 fnt
|-boost|p1a: Diancie|def|1
|faint|p2a: Beedrill
|
|-message|RSMessiii forfeited.
|
|win|sonyfan
|raw|Ladder updating...
|leave|RSMessiii
|player|p2
|raw|sonyfan's rating: 1502 &rarr; <strong>1515<\/strong><br \/>(+13 for winning)
|raw|RSMessiii's rating: 1374 &rarr; <strong>1361<\/strong><br \/>(-13 for losing)