|join|RSMessiii
|join|MoB Barley
|player|p1|RSMessiii|101
|player|p2|MoB Barley|161
|gametype|singles
|gen|6
|tier|ORAS OU
|rated
|rule|Sleep Clause Mod: Limit one foe put to sleep
|rule|Species Clause: Limit one of each PokÃ©mon
|rule|OHKO Clause: OHKO moves are banned
|rule|Moody Clause: Moody is banned
|rule|Evasion Moves Clause: Evasion moves are banned
|rule|Endless Battle Clause: Forcing endless battles is banned
|rule|HP Percentage Mod: HP is shown in percentages
|clearpoke
|poke|p1|Slowbro, M
|poke|p1|Chansey, F
|poke|p1|Heatran, M
|poke|p1|Clefable, F
|poke|p1|Mew
|poke|p1|Ferrothorn, M
|poke|p2|Skarmory, M
|poke|p2|Chansey, F
|poke|p2|Sableye, F, shiny
|poke|p2|Gliscor, M, shiny
|poke|p2|Clefable, M
|poke|p2|Talonflame, M, shiny
|rule|Swagger Clause: Swagger is banned
|rule|Baton Pass Clause: Limit one PokÃ©mon knowing Baton Pass
|teampreview
|
|start
|switch|p1a: Clefable|Clefable, F|394\/394
|switch|p2a: Sableye|Sableye, F, shiny|303\/303
|turn|1
|
|switch|p2a: Gliscor|Gliscor, M, shiny|354\/354
|move|p1a: Clefable|Knock Off|p2a: Gliscor
|-damage|p2a: Gliscor|312\/354
|-enditem|p2a: Gliscor|Toxic Orb|[from] move: Knock Off|[of] p1a: Clefable
|
|turn|2
|c|âMoB Barley|wow
|c|âMoB Barley|what is with ppl putting knock off on anything
|
|move|p2a: Gliscor|Knock Off|p1a: Clefable
|-resisted|p1a: Clefable
|-damage|p1a: Clefable|347\/394
|-enditem|p1a: Clefable|Leftovers|[from] move: Knock Off|[of] p2a: Gliscor
|move|p1a: Clefable|Knock Off|p2a: Gliscor
|-damage|p2a: Gliscor|283\/354
|
|turn|3
|c|âRSMessiii|says you :P
|
|move|p2a: Gliscor|Taunt|p1a: Clefable
|-start|p1a: Clefable|move: Taunt
|move|p1a: Clefable|Knock Off|p2a: Gliscor
|-damage|p2a: Gliscor|252\/354
|
|turn|4
|c|âMoB Barley|knock off on gliscor is standard
|join|MasterRyuga
|c|âMoB Barley|come on admit it
|
|move|p2a: Gliscor|Knock Off|p1a: Clefable
|-resisted|p1a: Clefable
|-damage|p1a: Clefable|313\/394
|move|p1a: Clefable|Moonblast|p2a: Gliscor
|-damage|p2a: Gliscor|150\/354
|-unboost|p2a: Gliscor|spa|1
|
|turn|5
|c|âRSMessiii|more or less yes
|c| MasterRyuga|(throws popcorn)
|c|âRSMessiii|but why am I supposed to exclusively use standard sets?
|
|move|p2a: Gliscor|Roost|p2a: Gliscor
|-heal|p2a: Gliscor|327\/354
|move|p1a: Clefable|Knock Off|p2a: Gliscor
|-damage|p2a: Gliscor|299\/354
|
|-end|p1a: Clefable|move: Taunt
|turn|6
|c| MasterRyuga|is that sub gliscor
|
|switch|p1a: Slowbro|Slowbro, M|393\/393
|move|p2a: Gliscor|Taunt|p1a: Slowbro
|-start|p1a: Slowbro|move: Taunt
|
|turn|7
|c|âRSMessiii|no
|
|switch|p2a: Chansey|Chansey, F|651\/651
|switch|p1a: Ferrothorn|Ferrothorn, M|351\/351
|
|turn|8
|
|move|p2a: Chansey|Stealth Rock|p1a: Ferrothorn
|-sidestart|p1: RSMessiii|move: Stealth Rock
|move|p1a: Ferrothorn|Spikes|p2a: Chansey
|-sidestart|p2: MoB Barley|Spikes
|
|turn|9
|
|switch|p2a: Sableye|Sableye, F, shiny|303\/303
|-damage|p2a: Sableye|266\/303|[from] Spikes
|move|p1a: Ferrothorn|Spikes|p2a: Sableye
|-sidestart|p2: MoB Barley|Spikes
|
|turn|10
|
|switch|p1a: Clefable|Clefable, F|313\/394
|detailschange|p2a: Sableye|Sableye-Mega, F, shiny
|message|Sableye has Mega Evolved into Mega Sableye!
|move|p2a: Sableye|Shadow Ball|p1a: Clefable
|-crit|p1a: Clefable
|-damage|p1a: Clefable|219\/394
|
|turn|11
|
|switch|p2a: Skarmory|Skarmory, M|334\/334
|move|p1a: Clefable|Soft-Boiled|p1a: Clefable
|-heal|p1a: Clefable|394\/394
|
|turn|12
|
|move|p2a: Skarmory|Defog|p1a: Clefable
|-unboost|p1a: Clefable|evasion|1
|-sideend|p1: RSMessiii|Stealth Rock|[from] move: Defog|[of] p1a: Clefable
|-sideend|p2: MoB Barley|Spikes|[from] move: Defog|[of] p2a: Skarmory
|move|p1a: Clefable|Flamethrower|p2a: Skarmory
|-supereffective|p2a: Skarmory
|-damage|p2a: Skarmory|150\/334
|
|turn|13
|
|switch|p2a: Talonflame|Talonflame, M, shiny|359\/359
|move|p1a: Clefable|Knock Off|p2a: Talonflame
|-damage|p2a: Talonflame|295\/359
|-enditem|p2a: Talonflame|Leftovers|[from] move: Knock Off|[of] p1a: Clefable
|
|turn|14
|c| MasterRyuga|sd skarm
|
|switch|p1a: Heatran|Heatran, M|385\/385
|move|p2a: Talonflame|Taunt|p1a: Heatran
|-start|p1a: Heatran|move: Taunt
|
|turn|15
|
|switch|p1a: Slowbro|Slowbro, M|393\/393
|move|p2a: Talonflame|Brave Bird|p1a: Slowbro
|-damage|p1a: Slowbro|326\/393
|-damage|p2a: Talonflame|273\/359|[from] recoil|[of] p1a: Slowbro
|
|turn|16
|
|switch|p2a: Chansey|Chansey, F|651\/651
|move|p1a: Slowbro|Scald|p2a: Chansey
|-damage|p2a: Chansey|605\/651
|-status|p2a: Chansey|brn
|
|-damage|p2a: Chansey|524\/651 brn|[from] brn
|turn|17
|
|switch|p1a: Heatran|Heatran, M|385\/385
|move|p2a: Chansey|Stealth Rock|p1a: Heatran
|-sidestart|p1: RSMessiii|move: Stealth Rock
|
|-damage|p2a: Chansey|443\/651 brn|[from] brn
|turn|18
|
|switch|p2a: Sableye|Sableye-Mega, F, shiny|266\/303
|move|p1a: Heatran|Stealth Rock|p2a: Sableye
|move|p2a: Sableye|Stealth Rock|p1a: Heatran|[from]Magic Bounce
|-fail|p1a: Heatran
|
|turn|19
|c| MasterRyuga|brb going to finish making dinner im sure you guys will be here lmao
|
|move|p1a: Heatran|Lava Plume|p2a: Sableye
|-damage|p2a: Sableye|158\/303
|-status|p2a: Sableye|brn
|move|p2a: Sableye|Calm Mind|p2a: Sableye
|-boost|p2a: Sableye|spa|1
|-boost|p2a: Sableye|spd|1
|
|-damage|p2a: Sableye|121\/303 brn|[from] brn
|turn|20
|
|switch|p1a: Clefable|Clefable, F|394\/394
|move|p2a: Sableye|Recover|p2a: Sableye
|-heal|p2a: Sableye|273\/303 brn
|
|-damage|p2a: Sableye|236\/303 brn|[from] brn
|turn|21
|
|switch|p2a: Clefable|Clefable, M|394\/394
|move|p1a: Clefable|Moonblast|p2a: Clefable
|-damage|p2a: Clefable|298\/394
|
|-heal|p2a: Clefable|322\/394|[from] item: Leftovers
|turn|22
|
|move|p2a: Clefable|Heal Bell|p2a: Clefable
|-cureteam|p2a: Clefable|[from] move: HealBell
|move|p1a: Clefable|Knock Off|p2a: Clefable
|-resisted|p2a: Clefable
|-damage|p2a: Clefable|294\/394
|-enditem|p2a: Clefable|Leftovers|[from] move: Knock Off|[of] p1a: Clefable
|
|turn|23
|
|switch|p2a: Gliscor|Gliscor, M, shiny|299\/354
|switch|p1a: Mew|Mew|403\/403
|-damage|p1a: Mew|353\/403|[from] Stealth Rock
|
|-heal|p1a: Mew|378\/403|[from] item: Leftovers
|turn|24
|
|move|p1a: Mew|Defog|p2a: Gliscor
|-unboost|p2a: Gliscor|evasion|1
|-sideend|p1: RSMessiii|Stealth Rock|[from] move: Defog|[of] p1a: Mew
|move|p2a: Gliscor|Knock Off|p1a: Mew
|-supereffective|p1a: Mew
|-damage|p1a: Mew|258\/403
|-enditem|p1a: Mew|Leftovers|[from] move: Knock Off|[of] p2a: Gliscor
|
|turn|25
|
|switch|p2a: Sableye|Sableye-Mega, F, shiny|236\/303
|move|p1a: Mew|Soft-Boiled|p1a: Mew
|-heal|p1a: Mew|403\/403
|
|turn|26
|
|switch|p1a: Clefable|Clefable, F|394\/394
|move|p2a: Sableye|Calm Mind|p2a: Sableye
|-boost|p2a: Sableye|spa|1
|-boost|p2a: Sableye|spd|1
|
|turn|27
|
|move|p1a: Clefable|Moonblast|p2a: Sableye
|-supereffective|p2a: Sableye
|-damage|p2a: Sableye|108\/303
|-unboost|p2a: Sableye|spa|1
|move|p2a: Sableye|Recover|p2a: Sableye
|-heal|p2a: Sableye|260\/303
|
|turn|28
|
|switch|p2a: Talonflame|Talonflame, M, shiny|273\/359
|move|p1a: Clefable|Moonblast|p2a: Talonflame
|-resisted|p2a: Talonflame
|-damage|p2a: Talonflame|221\/359
|-unboost|p2a: Talonflame|spa|1
|
|turn|29
|
|switch|p1a: Heatran|Heatran, M|385\/385
|move|p2a: Talonflame|Taunt|p1a: Heatran
|-start|p1a: Heatran|move: Taunt
|
|turn|30
|
|move|p2a: Talonflame|Roost|p2a: Talonflame
|-heal|p2a: Talonflame|359\/359
|move|p1a: Heatran|Lava Plume|p2a: Talonflame
|-resisted|p2a: Talonflame
|-damage|p2a: Talonflame|302\/359
|
|turn|31
|
|switch|p2a: Chansey|Chansey, F|443\/651
|switch|p1a: Slowbro|Slowbro, M|393\/393
|
|turn|32
|
|switch|p1a: Heatran|Heatran, M|385\/385
|move|p2a: Chansey|Stealth Rock|p1a: Heatran
|-sidestart|p1: RSMessiii|move: Stealth Rock
|
|turn|33
|c| MasterRyuga|mob is that taunt tflame?
|
|switch|p2a: Talonflame|Talonflame, M, shiny|302\/359
|move|p1a: Heatran|Stealth Rock|p2a: Talonflame
|-sidestart|p2: MoB Barley|move: Stealth Rock
|
|turn|34
|c|âRSMessiii|apparently
|
|move|p2a: Talonflame|Brave Bird|p1a: Heatran
|-resisted|p1a: Heatran
|-damage|p1a: Heatran|338\/385
|-damage|p2a: Talonflame|286\/359|[from] recoil|[of] p1a: Heatran
|move|p1a: Heatran|Roar|p2a: Talonflame
|drag|p2a: Gliscor|Gliscor, M, shiny|299\/354
|-damage|p2a: Gliscor|255\/354|[from] Stealth Rock
|
|-heal|p1a: Heatran|362\/385|[from] item: Leftovers
|turn|35
|
|move|p1a: Heatran|Protect|p1a: Heatran
|-singleturn|p1a: Heatran|Protect
|move|p2a: Gliscor|Knock Off|p1a: Heatran
|-activate|p1a: Heatran|Protect
|
|-heal|p1a: Heatran|385\/385|[from] item: Leftovers
|turn|36
|c| MasterRyuga|mob dont like talking anymore
|c|âMoB Barley|my bad
|c|âMoB Barley|well u saw it right
|
|switch|p1a: Slowbro|Slowbro, M|393\/393
|-damage|p1a: Slowbro|344\/393|[from] Stealth Rock
|move|p2a: Gliscor|Knock Off|p1a: Slowbro
|-supereffective|p1a: Slowbro
|-damage|p1a: Slowbro|274\/393
|
|turn|37
|c| MasterRyuga|nah 
|c| MasterRyuga|i just came back lol
|c|âRSMessiii|taunt talon is a nightmare to face
|
|switch|p2a: Chansey|Chansey, F|443\/651
|-damage|p2a: Chansey|362\/651|[from] Stealth Rock
|move|p1a: Slowbro|Scald|p2a: Chansey
|-damage|p2a: Chansey|319\/651
|
|turn|38
|
|switch|p1a: Clefable|Clefable, F|394\/394
|move|p2a: Chansey|Soft-Boiled|p2a: Chansey
|-heal|p2a: Chansey|645\/651
|
|turn|39
|
|switch|p2a: Talonflame|Talonflame, M, shiny|286\/359
|-damage|p2a: Talonflame|107\/359|[from] Stealth Rock
|move|p1a: Clefable|Knock Off|p2a: Talonflame
|-damage|p2a: Talonflame|64\/359
|
|turn|40
|
|switch|p1a: Slowbro|Slowbro, M|393\/393
|-damage|p1a: Slowbro|344\/393|[from] Stealth Rock
|move|p2a: Talonflame|Roost|p2a: Talonflame
|-heal|p2a: Talonflame|244\/359
|
|turn|41
|
|move|p2a: Talonflame|Will-O-Wisp|p1a: Slowbro
|-status|p1a: Slowbro|brn
|move|p1a: Slowbro|Scald|p2a: Talonflame
|-supereffective|p2a: Talonflame
|-damage|p2a: Talonflame|76\/359
|
|-damage|p1a: Slowbro|295\/393 brn|[from] brn
|turn|42
|c| MasterRyuga|messiii  are you using anything from oras? or besides mega bro?
|
|move|p2a: Talonflame|Roost|p2a: Talonflame
|-heal|p2a: Talonflame|256\/359
|move|p1a: Slowbro|Scald|p2a: Talonflame
|-supereffective|p2a: Talonflame
|-damage|p2a: Talonflame|76\/359
|
|-damage|p1a: Slowbro|246\/393 brn|[from] brn
|turn|43
|
|move|p2a: Talonflame|Roost|p2a: Talonflame
|-heal|p2a: Talonflame|256\/359
|move|p1a: Slowbro|Scald|p2a: Talonflame
|-supereffective|p2a: Talonflame
|-damage|p2a: Talonflame|64\/359
|
|-damage|p1a: Slowbro|197\/393 brn|[from] brn
|turn|44
|
|move|p2a: Talonflame|Roost|p2a: Talonflame
|-heal|p2a: Talonflame|244\/359
|move|p1a: Slowbro|Slack Off|p1a: Slowbro
|-heal|p1a: Slowbro|393\/393 brn
|
|-damage|p1a: Slowbro|344\/393 brn|[from] brn
|turn|45
|join|CleanerThanRotom-W
|join|YoungHamas
|join|vineqrs
|
|switch|p2a: Chansey|Chansey, F|645\/651
|-damage|p2a: Chansey|564\/651|[from] Stealth Rock
|move|p1a: Slowbro|Scald|p2a: Chansey
|-damage|p2a: Chansey|515\/651
|-status|p2a: Chansey|brn
|
|-damage|p2a: Chansey|434\/651 brn|[from] brn
|-damage|p1a: Slowbro|295\/393 brn|[from] brn
|turn|46
|c| CleanerThanRotom-W|i swear mob
|c| CleanerThanRotom-W|if u tell me stall sucks at any time
|c| CleanerThanRotom-W|:]
|c|âMoB Barley|i don't talk crap about stall
|c|âMoB Barley|i just started using it recently
|
|switch|p1a: Mew|Mew|403\/403
|-damage|p1a: Mew|353\/403|[from] Stealth Rock
|move|p2a: Chansey|Soft-Boiled|p2a: Chansey
|-heal|p2a: Chansey|651\/651 brn
|
|-damage|p2a: Chansey|570\/651 brn|[from] brn
|turn|47
|c| CleanerThanRotom-W|i guess u just hate bloodys team
|c| CleanerThanRotom-W|lol
|c| MasterRyuga|stall is boring i gotta like put on a movie or something 
|c| vineqrs|Hamas why r u joining random battles lol
|join|Aka DH
|c|âMoB Barley|no we played today i didn't say anything
|c|âMoB Barley|isn't that right aka dh
|join|Zenzoh
|
|switch|p2a: Sableye|Sableye-Mega, F, shiny|260\/303
|-damage|p2a: Sableye|223\/303|[from] Stealth Rock
|move|p1a: Mew|Defog|p2a: Sableye
|move|p2a: Sableye|Defog|p1a: Mew|[from]Magic Bounce
|-unboost|p1a: Mew|evasion|1
|-sideend|p1: RSMessiii|Stealth Rock|[from] move: Defog|[of] p1a: Mew
|-sideend|p2: MoB Barley|Stealth Rock|[from] move: Defog|[of] p2a: Sableye
|
|turn|48
|
|switch|p1a: Clefable|Clefable, F|394\/394
|move|p2a: Sableye|Calm Mind|p2a: Sableye
|-boost|p2a: Sableye|spa|1
|-boost|p2a: Sableye|spd|1
|
|turn|49
|c|âMoB Barley|no fucks given
|
|move|p1a: Clefable|Moonblast|p2a: Sableye
|-supereffective|p2a: Sableye
|-damage|p2a: Sableye|95\/303
|move|p2a: Sableye|Recover|p2a: Sableye
|-heal|p2a: Sableye|247\/303
|
|turn|50
|c| MasterRyuga|what does mega sableyedo?
|c| CleanerThanRotom-W|lol
|c| CleanerThanRotom-W|ignores u like a boss
|
|move|p1a: Clefable|Moonblast|p2a: Sableye
|-supereffective|p2a: Sableye
|-damage|p2a: Sableye|109\/303
|-unboost|p2a: Sableye|spa|1
|move|p2a: Sableye|Calm Mind|p2a: Sableye
|-boost|p2a: Sableye|spa|1
|-boost|p2a: Sableye|spd|1
|
|turn|51
|join|0Loyd0
|
|move|p1a: Clefable|Moonblast|p2a: Sableye
|-crit|p2a: Sableye
|-supereffective|p2a: Sableye
|-damage|p2a: Sableye|0 fnt
|faint|p2a: Sableye
|
|join|Skybonez
|c| Zenzoh|what's the next?
|c| CleanerThanRotom-W|l
|c| Aka DH|rekt mob
|c|âMoB Barley|i don't want to play anymore ;_;
|c|âMoB Barley|ew aka dh
|c| YoungHamas|;o
|c|âMoB Barley|i wreck u all the time
|c| MasterRyuga|so sableye just does the same thing as slowbro? 
|c|âMoB Barley|like its my job
|c| CleanerThanRotom-W|LOL
|
|switch|p2a: Talonflame|Talonflame, M, shiny|244\/359
|turn|52
|c| Zenzoh|**âMoB Barley: i wreck u all the time**
|c|âRSMessiii|it sucked, the crit would have come eventually though most likely
|c|âMoB Barley|yus just wanted some dmg tho
|c| MasterRyuga|the smack talk is here
|
|switch|p1a: Slowbro|Slowbro, M|393\/393 brn
|move|p2a: Talonflame|Roost|p2a: Talonflame
|-heal|p2a: Talonflame|359\/359
|
|-damage|p1a: Slowbro|344\/393 brn|[from] brn
|turn|53
|
|move|p2a: Talonflame|Brave Bird|p1a: Slowbro
|-damage|p1a: Slowbro|272\/393 brn
|-damage|p2a: Talonflame|335\/359|[from] recoil|[of] p1a: Slowbro
|move|p1a: Slowbro|Calm Mind|p1a: Slowbro
|-boost|p1a: Slowbro|spa|1
|-boost|p1a: Slowbro|spd|1
|
|-damage|p1a: Slowbro|223\/393 brn|[from] brn
|turn|54
|
|move|p2a: Talonflame|Taunt|p1a: Slowbro
|-start|p1a: Slowbro|move: Taunt
|cant|p1a: Slowbro|move: Taunt|Slack Off
|
|-damage|p1a: Slowbro|174\/393 brn|[from] brn
|turn|55
|c| Aka DH|http:\/\/replay.pokemonshowdown.com\/orasou-183478191
|c| CleanerThanRotom-W|he wouldve been fine anyways mob
|
|switch|p2a: Clefable|Clefable, M|294\/394
|move|p1a: Slowbro|Scald|p2a: Clefable
|-damage|p2a: Clefable|209\/394
|
|-damage|p1a: Slowbro|125\/393 brn|[from] brn
|turn|56
|join|Dragonuser Lance
|c| CleanerThanRotom-W|if he had cm clef
|c|âMoB Barley|omg
|c|âMoB Barley|that was today
|leave|Skybonez
|c|âMoB Barley|now I'm digging up every time i rekt you
|leave|0Loyd0
|c| Aka DH|Zenzoh: âMoB Barley: i wreck u all the time
|c|âMoB Barley|aka dh
|c|âMoB Barley|your team is outdated
|c|âMoB Barley|and it can't even compete anymore
|c|âMoB Barley|so many metas 6-0 your team
|c| Zenzoh|"outdated" and it still peaks?
|
|switch|p1a: Chansey|Chansey, F|703\/703
|move|p2a: Clefable|Moonblast|p1a: Chansey
|-damage|p1a: Chansey|634\/703
|-unboost|p1a: Chansey|spa|1
|
|turn|57
|c|âMoB Barley|we'll see how u do in this tourney dude
|-message|MoB Barley forfeited.
|
|win|RSMessiii
|raw|Ladder updating...
|leave|MoB Barley
|player|p2
|leave|Zenzoh
|raw|Ladder (probably) updated, but score could not be retrieved (timeout).
|raw|Ladder (probably) updated, but score could not be retrieved (Error: socket hang up).
|leave|CleanerThanRotom-W
|leave|Dragonuser Lance