|join|RSMessiii
|join|PokemonIsHomo
|player|p1|RSMessiii|101
|player|p2|PokemonIsHomo|76
|gametype|singles
|gen|6
|tier|OU
|rated
|clearpoke
|poke|p1|Gliscor, M
|poke|p1|Clefable, M
|poke|p1|Chansey, F
|poke|p1|Slowbro, F
|poke|p1|Scizor, F
|poke|p1|Celebi
|poke|p2|Skarmory, M
|poke|p2|Clefable, M
|poke|p2|Charizard, M
|poke|p2|Excadrill, F
|poke|p2|Azumarill, M
|poke|p2|Gengar, F
|rule|Swagger Clause: Swagger is banned
|rule|Baton Pass Clause: Limit one PokÃ©mon knowing Baton Pass
|rule|Sleep Clause Mod: Limit one foe put to sleep
|rule|Species Clause: Limit one of each PokÃ©mon
|rule|OHKO Clause: OHKO moves are banned
|rule|Moody Clause: Moody is banned
|rule|Evasion Moves Clause: Evasion moves are banned
|rule|Endless Battle Clause: Forcing endless battles is banned
|rule|HP Percentage Mod: HP is shown in percentages
|teampreview
|c|âPokemonIsHomo|boring stall team is boring
|
|start
|switch|p1a: Gliscor|Gliscor, M|353\/353
|switch|p2a: Gengar|Gengar, F|262\/262
|turn|1
|c|âPokemonIsHomo|lemme beat you real quick
|
|switch|p1a: Chansey|Chansey, F|703\/703
|move|p2a: Gengar|Icy Wind|p1a: Chansey
|-damage|p1a: Chansey|664\/703
|-unboost|p1a: Chansey|spe|1
|
|turn|2
|
|switch|p1a: Scizor|Scizor, F|343\/343
|move|p2a: Gengar|Taunt|p1a: Scizor
|-start|p1a: Scizor|move: Taunt
|
|turn|3
|
|switch|p2a: Skarmory|Skarmory, M|334\/334
|detailschange|p1a: Scizor|Scizor-Mega, F
|message|Scizor has Mega Evolved into Mega Scizor!
|move|p1a: Scizor|U-turn|p2a: Skarmory
|-crit|p2a: Skarmory
|-resisted|p2a: Skarmory
|-damage|p2a: Skarmory|307\/334
|-damage|p1a: Scizor|286\/343|[from] item: Rocky Helmet|[of] p2a: Skarmory
|
|switch|p1a: Gliscor|Gliscor, M|353\/353
|
|-status|p1a: Gliscor|tox|[from] item: Toxic Orb
|turn|4
|
|move|p1a: Gliscor|Taunt|p2a: Skarmory
|-start|p2a: Skarmory|move: Taunt
|cant|p2a: Skarmory|move: Taunt|Taunt
|
|turn|5
|
|switch|p2a: Gengar|Gengar, F|262\/262
|move|p1a: Gliscor|Knock Off|p2a: Gengar
|-supereffective|p2a: Gengar
|-damage|p2a: Gengar|58\/262
|-enditem|p2a: Gengar|Focus Sash|[from] move: Knock Off|[of] p1a: Gliscor
|
|turn|6
|
|move|p2a: Gengar|Destiny Bond|p2a: Gengar
|-singlemove|p2a: Gengar|Destiny Bond
|move|p1a: Gliscor|Knock Off|p2a: Gengar
|-supereffective|p2a: Gengar
|-damage|p2a: Gengar|0 fnt
|faint|p2a: Gengar
|-activate|p2a: Gengar|Destiny Bond
|faint|p1a: Gliscor
|
|
|switch|p2a: Skarmory|Skarmory, M|307\/334
|switch|p1a: Slowbro|Slowbro, F|393\/393
|turn|7
|
|switch|p2a: Clefable|Clefable, M|394\/394
|move|p1a: Slowbro|Fire Blast|p2a: Clefable
|-damage|p2a: Clefable|324\/394
|
|turn|8
|
|switch|p1a: Chansey|Chansey, F|664\/703
|move|p2a: Clefable|Moonblast|p1a: Chansey
|-damage|p1a: Chansey|578\/703
|
|turn|9
|
|switch|p2a: Skarmory|Skarmory, M|307\/334
|move|p1a: Chansey|Stealth Rock|p2a: Skarmory
|-sidestart|p2: PokemonIsHomo|move: Stealth Rock
|
|turn|10
|
|switch|p1a: Slowbro|Slowbro, F|393\/393
|move|p2a: Skarmory|Taunt|p1a: Slowbro
|-start|p1a: Slowbro|move: Taunt
|
|turn|11
|
|move|p2a: Skarmory|Stealth Rock|p1a: Slowbro
|-sidestart|p1: RSMessiii|move: Stealth Rock
|move|p1a: Slowbro|Scald|p2a: Skarmory
|-damage|p2a: Skarmory|186\/334
|
|turn|12
|
|switch|p2a: Clefable|Clefable, M|324\/394
|move|p1a: Slowbro|Scald|p2a: Clefable
|-damage|p2a: Clefable|254\/394
|
|turn|13
|
|move|p2a: Clefable|Focus Blast|p1a: Slowbro|[miss]
|-miss|p2a: Clefable|p1a: Slowbro
|move|p1a: Slowbro|Scald|p2a: Clefable
|-damage|p2a: Clefable|179\/394
|
|-end|p1a: Slowbro|move: Taunt
|turn|14
|
|move|p2a: Clefable|Soft-Boiled|p2a: Clefable
|-heal|p2a: Clefable|376\/394
|move|p1a: Slowbro|Scald|p2a: Clefable
|-damage|p2a: Clefable|298\/394
|
|turn|15
|
|switch|p1a: Chansey|Chansey, F|578\/703
|-damage|p1a: Chansey|491\/703|[from] Stealth Rock
|move|p2a: Clefable|Moonblast|p1a: Chansey
|-damage|p1a: Chansey|412\/703
|-unboost|p1a: Chansey|spa|1
|
|turn|16
|
|switch|p2a: Azumarill|Azumarill, M|404\/404
|-damage|p2a: Azumarill|354\/404|[from] Stealth Rock
|move|p1a: Chansey|Soft-Boiled|p1a: Chansey
|-heal|p1a: Chansey|703\/703
|
|turn|17
|
|switch|p1a: Scizor|Scizor-Mega, F|286\/343
|-damage|p1a: Scizor|244\/343|[from] Stealth Rock
|move|p2a: Azumarill|Knock Off|p1a: Scizor
|-damage|p1a: Scizor|190\/343
|
|turn|18
|
|switch|p2a: Skarmory|Skarmory, M|186\/334
|-damage|p2a: Skarmory|145\/334|[from] Stealth Rock
|move|p1a: Scizor|Roost|p1a: Scizor
|-heal|p1a: Scizor|343\/343
|
|turn|19
|
|switch|p1a: Slowbro|Slowbro, F|393\/393
|-damage|p1a: Slowbro|344\/393|[from] Stealth Rock
|move|p2a: Skarmory|Roost|p2a: Skarmory
|-heal|p2a: Skarmory|312\/334
|
|-heal|p1a: Slowbro|368\/393|[from] item: Leftovers
|turn|20
|
|switch|p2a: Clefable|Clefable, M|298\/394
|move|p1a: Slowbro|Scald|p2a: Clefable
|-damage|p2a: Clefable|219\/394
|
|-heal|p1a: Slowbro|392\/393|[from] item: Leftovers
|turn|21
|
|move|p2a: Clefable|Moonblast|p1a: Slowbro
|-damage|p1a: Slowbro|227\/393
|move|p1a: Slowbro|Scald|p2a: Clefable
|-damage|p2a: Clefable|146\/394
|
|-heal|p1a: Slowbro|251\/393|[from] item: Leftovers
|turn|22
|
|switch|p1a: Clefable|Clefable, M|393\/393
|-damage|p1a: Clefable|344\/393|[from] Stealth Rock
|move|p2a: Clefable|Soft-Boiled|p2a: Clefable
|-heal|p2a: Clefable|343\/394
|
|-heal|p1a: Clefable|368\/393|[from] item: Leftovers
|turn|23
|
|switch|p2a: Excadrill|Excadrill, F|362\/362
|-damage|p2a: Excadrill|351\/362|[from] Stealth Rock
|-ability|p2a: Excadrill|Mold Breaker
|move|p1a: Clefable|Wish|p1a: Clefable
|
|-heal|p1a: Clefable|392\/393|[from] item: Leftovers
|turn|24
|
|switch|p1a: Scizor|Scizor-Mega, F|343\/343
|-damage|p1a: Scizor|301\/343|[from] Stealth Rock
|move|p2a: Excadrill|Earthquake|p1a: Scizor
|-damage|p1a: Scizor|190\/343
|
|-heal|p1a: Scizor|343\/343|[from] move: Wish|[wisher] Clefable
|turn|25
|
|switch|p2a: Skarmory|Skarmory, M|312\/334
|-damage|p2a: Skarmory|271\/334|[from] Stealth Rock
|switch|p1a: Slowbro|Slowbro, F|382\/393
|-damage|p1a: Slowbro|333\/393|[from] Stealth Rock
|
|-heal|p1a: Slowbro|357\/393|[from] item: Leftovers
|turn|26
|
|switch|p2a: Clefable|Clefable, M|343\/394
|move|p1a: Slowbro|Scald|p2a: Clefable
|-damage|p2a: Clefable|265\/394
|
|-heal|p1a: Slowbro|381\/393|[from] item: Leftovers
|turn|27
|
|switch|p1a: Chansey|Chansey, F|703\/703
|-damage|p1a: Chansey|616\/703|[from] Stealth Rock
|move|p2a: Clefable|Moonblast|p1a: Chansey
|-damage|p1a: Chansey|541\/703
|
|turn|28
|
|move|p2a: Clefable|Soft-Boiled|p2a: Clefable
|-heal|p2a: Clefable|394\/394
|move|p1a: Chansey|Soft-Boiled|p1a: Chansey
|-heal|p1a: Chansey|703\/703
|
|turn|29
|
|move|p2a: Clefable|Flamethrower|p1a: Chansey
|-damage|p1a: Chansey|648\/703
|move|p1a: Chansey|Seismic Toss|p2a: Clefable
|-damage|p2a: Clefable|294\/394
|
|turn|30
|
|switch|p1a: Slowbro|Slowbro, F|393\/393
|-damage|p1a: Slowbro|344\/393|[from] Stealth Rock
|move|p2a: Clefable|Flamethrower|p1a: Slowbro
|-resisted|p1a: Slowbro
|-damage|p1a: Slowbro|292\/393
|
|-heal|p1a: Slowbro|316\/393|[from] item: Leftovers
|turn|31
|
|switch|p1a: Chansey|Chansey, F|648\/703
|-damage|p1a: Chansey|561\/703|[from] Stealth Rock
|move|p2a: Clefable|Moonblast|p1a: Chansey
|-damage|p1a: Chansey|483\/703
|
|turn|32
|
|switch|p2a: Excadrill|Excadrill, F|351\/362
|-damage|p2a: Excadrill|340\/362|[from] Stealth Rock
|-ability|p2a: Excadrill|Mold Breaker
|move|p1a: Chansey|Soft-Boiled|p1a: Chansey
|-heal|p1a: Chansey|703\/703
|
|turn|33
|
|switch|p1a: Slowbro|Slowbro, F|393\/393
|-damage|p1a: Slowbro|344\/393|[from] Stealth Rock
|move|p2a: Excadrill|Rapid Spin|p1a: Slowbro
|-damage|p1a: Slowbro|324\/393
|-sideend|p2: PokemonIsHomo|Stealth Rock|[from] move: Rapid Spin|[of] p2a: Excadrill
|
|-heal|p1a: Slowbro|348\/393|[from] item: Leftovers
|turn|34
|
|switch|p2a: Charizard|Charizard, M|359\/359
|move|p1a: Slowbro|Scald|p2a: Charizard
|-supereffective|p2a: Charizard
|-damage|p2a: Charizard|131\/359
|
|-heal|p1a: Slowbro|372\/393|[from] item: Leftovers
|turn|35
|
|switch|p1a: Chansey|Chansey, F|703\/703
|-damage|p1a: Chansey|616\/703|[from] Stealth Rock
|detailschange|p2a: Charizard|Charizard-Mega-X, M
|message|Charizard has Mega Evolved into Mega Charizard!
|move|p2a: Charizard|Roost|p2a: Charizard
|-heal|p2a: Charizard|311\/359
|
|turn|36
|
|switch|p2a: Skarmory|Skarmory, M|271\/334
|move|p1a: Chansey|Toxic|p2a: Skarmory|[miss]
|-miss|p1a: Chansey|p2a: Skarmory
|
|turn|37
|
|switch|p1a: Scizor|Scizor-Mega, F|343\/343
|-damage|p1a: Scizor|301\/343|[from] Stealth Rock
|move|p2a: Skarmory|Taunt|p1a: Scizor
|-start|p1a: Scizor|move: Taunt
|
|turn|38
|
|switch|p1a: Slowbro|Slowbro, F|393\/393
|-damage|p1a: Slowbro|344\/393|[from] Stealth Rock
|move|p2a: Skarmory|Brave Bird|p1a: Slowbro
|-damage|p1a: Slowbro|259\/393
|-damage|p2a: Skarmory|243\/334|[from] recoil|[of] p1a: Slowbro
|
|-heal|p1a: Slowbro|283\/393|[from] item: Leftovers
|turn|39
|
|switch|p2a: Clefable|Clefable, M|294\/394
|move|p1a: Slowbro|Scald|p2a: Clefable
|-damage|p2a: Clefable|224\/394
|-status|p2a: Clefable|brn
|
|-heal|p1a: Slowbro|307\/393|[from] item: Leftovers
|turn|40
|
|switch|p2a: Skarmory|Skarmory, M|243\/334
|switch|p1a: Chansey|Chansey, F|616\/703
|-damage|p1a: Chansey|529\/703|[from] Stealth Rock
|
|turn|41
|
|switch|p1a: Slowbro|Slowbro, F|393\/393
|-damage|p1a: Slowbro|344\/393|[from] Stealth Rock
|move|p2a: Skarmory|Taunt|p1a: Slowbro
|-start|p1a: Slowbro|move: Taunt
|
|-heal|p1a: Slowbro|368\/393|[from] item: Leftovers
|turn|42
|
|switch|p2a: Charizard|Charizard-Mega-X, M|311\/359
|switch|p1a: Chansey|Chansey, F|529\/703
|-damage|p1a: Chansey|442\/703|[from] Stealth Rock
|
|turn|43
|
|move|p2a: Charizard|Flare Blitz|p1a: Chansey
|-damage|p1a: Chansey|63\/703
|-damage|p2a: Charizard|186\/359|[from] recoil|[of] p1a: Chansey
|move|p1a: Chansey|Soft-Boiled|p1a: Chansey
|-heal|p1a: Chansey|415\/703
|
|turn|44
|
|switch|p2a: Skarmory|Skarmory, M|243\/334
|move|p1a: Chansey|Soft-Boiled|p1a: Chansey
|-heal|p1a: Chansey|703\/703
|
|turn|45
|
|move|p2a: Skarmory|Taunt|p1a: Chansey
|-start|p1a: Chansey|move: Taunt
|cant|p1a: Chansey|move: Taunt|Stealth Rock
|
|turn|46
|
|switch|p2a: Azumarill|Azumarill, M|354\/404
|switch|p1a: Slowbro|Slowbro, F|393\/393
|-damage|p1a: Slowbro|344\/393|[from] Stealth Rock
|
|-heal|p1a: Slowbro|368\/393|[from] item: Leftovers
|turn|47
|
|switch|p2a: Charizard|Charizard-Mega-X, M|186\/359
|switch|p1a: Scizor|Scizor-Mega, F|301\/343
|-damage|p1a: Scizor|259\/343|[from] Stealth Rock
|
|turn|48
|
|switch|p1a: Slowbro|Slowbro, F|393\/393
|-damage|p1a: Slowbro|344\/393|[from] Stealth Rock
|move|p2a: Charizard|Dragon Dance|p2a: Charizard
|-boost|p2a: Charizard|atk|1
|-boost|p2a: Charizard|spe|1
|
|-heal|p1a: Slowbro|368\/393|[from] item: Leftovers
|turn|49
|
|move|p2a: Charizard|Dragon Claw|p1a: Slowbro
|-damage|p1a: Slowbro|208\/393
|move|p1a: Slowbro|Scald|p2a: Charizard
|-damage|p2a: Charizard|75\/359
|
|-heal|p1a: Slowbro|232\/393|[from] item: Leftovers
|turn|50
|
|move|p2a: Charizard|Roost|p2a: Charizard
|-heal|p2a: Charizard|255\/359
|move|p1a: Slowbro|Scald|p2a: Charizard
|-damage|p2a: Charizard|140\/359
|
|-heal|p1a: Slowbro|256\/393|[from] item: Leftovers
|turn|51
|
|move|p2a: Charizard|Roost|p2a: Charizard
|-heal|p2a: Charizard|320\/359
|move|p1a: Slowbro|Scald|p2a: Charizard
|-damage|p2a: Charizard|221\/359
|
|-heal|p1a: Slowbro|280\/393|[from] item: Leftovers
|turn|52
|
|move|p2a: Charizard|Dragon Claw|p1a: Slowbro
|-damage|p1a: Slowbro|102\/393
|move|p1a: Slowbro|Scald|p2a: Charizard
|-damage|p2a: Charizard|107\/359
|
|-heal|p1a: Slowbro|126\/393|[from] item: Leftovers
|turn|53
|
|switch|p1a: Clefable|Clefable, M|392\/393
|-damage|p1a: Clefable|343\/393|[from] Stealth Rock
|move|p2a: Charizard|Roost|p2a: Charizard
|-heal|p2a: Charizard|287\/359
|
|-heal|p1a: Clefable|367\/393|[from] item: Leftovers
|turn|54
|
|move|p1a: Clefable|Protect|p1a: Clefable
|-singleturn|p1a: Clefable|Protect
|move|p2a: Charizard|Flare Blitz|p1a: Clefable
|-activate|p1a: Clefable|Protect
|
|-heal|p1a: Clefable|391\/393|[from] item: Leftovers
|turn|55
|
|move|p2a: Charizard|Flare Blitz|p1a: Clefable
|-damage|p1a: Clefable|157\/393
|-damage|p2a: Charizard|210\/359|[from] recoil|[of] p1a: Clefable
|move|p1a: Clefable|Wish|p1a: Clefable
|
|-heal|p1a: Clefable|181\/393|[from] item: Leftovers
|turn|56
|
|move|p1a: Clefable|Protect|p1a: Clefable
|-singleturn|p1a: Clefable|Protect
|move|p2a: Charizard|Roost|p2a: Charizard
|-heal|p2a: Charizard|359\/359
|
|-heal|p1a: Clefable|377\/393|[from] move: Wish|[wisher] Clefable
|-heal|p1a: Clefable|393\/393|[from] item: Leftovers
|turn|57
|
|switch|p2a: Excadrill|Excadrill, F|340\/362
|-ability|p2a: Excadrill|Mold Breaker
|move|p1a: Clefable|Wish|p1a: Clefable
|
|turn|58
|
|switch|p1a: Scizor|Scizor-Mega, F|259\/343
|-damage|p1a: Scizor|217\/343|[from] Stealth Rock
|move|p2a: Excadrill|Iron Head|p1a: Scizor
|-resisted|p1a: Scizor
|-damage|p1a: Scizor|169\/343
|
|-heal|p1a: Scizor|343\/343|[from] move: Wish|[wisher] Clefable
|turn|59
|
|switch|p2a: Skarmory|Skarmory, M|243\/334
|move|p1a: Scizor|Defog|p2a: Skarmory
|-unboost|p2a: Skarmory|evasion|1
|-sideend|p1: RSMessiii|Stealth Rock|[from] move: Defog|[of] p1a: Scizor
|
|turn|60
|
|switch|p1a: Slowbro|Slowbro, F|257\/393
|move|p2a: Skarmory|Stealth Rock|p1a: Slowbro
|-sidestart|p1: RSMessiii|move: Stealth Rock
|
|-heal|p1a: Slowbro|281\/393|[from] item: Leftovers
|turn|61
|
|switch|p2a: Clefable|Clefable, M|224\/394 brn
|move|p1a: Slowbro|Scald|p2a: Clefable
|-damage|p2a: Clefable|154\/394 brn
|
|-heal|p1a: Slowbro|305\/393|[from] item: Leftovers
|turn|62
|
|switch|p1a: Chansey|Chansey, F|703\/703
|-damage|p1a: Chansey|616\/703|[from] Stealth Rock
|move|p2a: Clefable|Soft-Boiled|p2a: Clefable
|-heal|p2a: Clefable|351\/394 brn
|
|turn|63
|
|switch|p2a: Excadrill|Excadrill, F|340\/362
|-ability|p2a: Excadrill|Mold Breaker
|move|p1a: Chansey|Stealth Rock|p2a: Excadrill
|-sidestart|p2: PokemonIsHomo|move: Stealth Rock
|
|turn|64
|
|move|p2a: Excadrill|Earthquake|p1a: Chansey
|-crit|p1a: Chansey
|-damage|p1a: Chansey|178\/703
|move|p1a: Chansey|Soft-Boiled|p1a: Chansey
|-heal|p1a: Chansey|530\/703
|
|turn|65
|
|move|p2a: Excadrill|Earthquake|p1a: Chansey
|-damage|p1a: Chansey|260\/703
|move|p1a: Chansey|Soft-Boiled|p1a: Chansey
|-heal|p1a: Chansey|612\/703
|
|turn|66
|
|move|p2a: Excadrill|Earthquake|p1a: Chansey
|-damage|p1a: Chansey|329\/703
|move|p1a: Chansey|Toxic|p2a: Excadrill
|-fail|p2a: Excadrill
|
|turn|67
|
|move|p2a: Excadrill|Earthquake|p1a: Chansey
|-damage|p1a: Chansey|25\/703
|move|p1a: Chansey|Soft-Boiled|p1a: Chansey
|-heal|p1a: Chansey|377\/703
|
|turn|68
|
|move|p2a: Excadrill|Earthquake|p1a: Chansey
|-damage|p1a: Chansey|88\/703
|move|p1a: Chansey|Soft-Boiled|p1a: Chansey
|-heal|p1a: Chansey|440\/703
|
|turn|69
|
|move|p2a: Excadrill|Earthquake|p1a: Chansey
|-damage|p1a: Chansey|142\/703
|move|p1a: Chansey|Soft-Boiled|p1a: Chansey
|-heal|p1a: Chansey|494\/703
|
|turn|70
|c|âPokemonIsHomo|!dt softboiled
|c|~|\/data-move Soft-Boiled
|raw|<font size="1"><font color=#585858>Priority:<\/font> 0&nbsp;|&ThickSpace;<font color=#585858>Target:<\/font> Self<\/font>
|
|move|p2a: Excadrill|Earthquake|p1a: Chansey
|-damage|p1a: Chansey|184\/703
|move|p1a: Chansey|Soft-Boiled|p1a: Chansey
|-heal|p1a: Chansey|536\/703
|
|turn|71
|
|switch|p2a: Clefable|Clefable, M|351\/394 brn
|switch|p1a: Slowbro|Slowbro, F|393\/393
|-damage|p1a: Slowbro|344\/393|[from] Stealth Rock
|
|-heal|p1a: Slowbro|368\/393|[from] item: Leftovers
|turn|72
|
|move|p2a: Clefable|Moonblast|p1a: Slowbro
|-damage|p1a: Slowbro|196\/393
|move|p1a: Slowbro|Scald|p2a: Clefable
|-damage|p2a: Clefable|278\/394 brn
|
|-heal|p1a: Slowbro|220\/393|[from] item: Leftovers
|turn|73
|
|move|p2a: Clefable|Moonblast|p1a: Slowbro
|-damage|p1a: Slowbro|52\/393
|move|p1a: Slowbro|Slack Off|p1a: Slowbro
|-heal|p1a: Slowbro|249\/393
|
|-heal|p1a: Slowbro|273\/393|[from] item: Leftovers
|turn|74
|
|switch|p1a: Celebi|Celebi|404\/404
|-damage|p1a: Celebi|354\/404|[from] Stealth Rock
|move|p2a: Clefable|Moonblast|p1a: Celebi
|-damage|p1a: Celebi|244\/404
|
|-heal|p1a: Celebi|269\/404|[from] item: Leftovers
|turn|75
|
|move|p1a: Celebi|Giga Drain|p2a: Clefable
|-damage|p2a: Clefable|214\/394 brn
|-heal|p1a: Celebi|301\/404|[from] drain|[of] p2a: Clefable
|move|p2a: Clefable|Flamethrower|p1a: Celebi
|-supereffective|p1a: Celebi
|-damage|p1a: Celebi|179\/404
|-status|p1a: Celebi|brn
|
|-heal|p1a: Celebi|204\/404 brn|[from] item: Leftovers
|-damage|p1a: Celebi|154\/404 brn|[from] brn
|turn|76
|
|move|p1a: Celebi|Recover|p1a: Celebi
|-heal|p1a: Celebi|356\/404 brn
|move|p2a: Clefable|Soft-Boiled|p2a: Clefable
|-heal|p2a: Clefable|394\/394 brn
|
|-heal|p1a: Celebi|381\/404 brn|[from] item: Leftovers
|-damage|p1a: Celebi|331\/404 brn|[from] brn
|turn|77
|
|move|p1a: Celebi|U-turn|p2a: Clefable
|-resisted|p2a: Clefable
|-damage|p2a: Clefable|376\/394 brn
|
|switch|p1a: Chansey|Chansey, F|536\/703
|-damage|p1a: Chansey|449\/703|[from] Stealth Rock
|move|p2a: Clefable|Flamethrower|p1a: Chansey
|-damage|p1a: Chansey|398\/703
|
|turn|78
|
|switch|p2a: Excadrill|Excadrill, F|340\/362
|-damage|p2a: Excadrill|329\/362|[from] Stealth Rock
|-ability|p2a: Excadrill|Mold Breaker
|move|p1a: Chansey|Soft-Boiled|p1a: Chansey
|-heal|p1a: Chansey|703\/703
|
|turn|79
|
|move|p2a: Excadrill|Rapid Spin|p1a: Chansey
|-damage|p1a: Chansey|662\/703
|-sideend|p2: PokemonIsHomo|Stealth Rock|[from] move: Rapid Spin|[of] p2a: Excadrill
|move|p1a: Chansey|Seismic Toss|p2a: Excadrill
|-damage|p2a: Excadrill|229\/362
|
|turn|80
|
|switch|p2a: Charizard|Charizard-Mega-X, M|359\/359
|move|p1a: Chansey|Stealth Rock|p2a: Charizard
|-sidestart|p2: PokemonIsHomo|move: Stealth Rock
|
|turn|81
|
|switch|p2a: Excadrill|Excadrill, F|229\/362
|-damage|p2a: Excadrill|218\/362|[from] Stealth Rock
|-ability|p2a: Excadrill|Mold Breaker
|move|p1a: Chansey|Toxic|p2a: Excadrill
|-fail|p2a: Excadrill
|
|turn|82
|
|switch|p1a: Slowbro|Slowbro, F|393\/393
|-damage|p1a: Slowbro|344\/393|[from] Stealth Rock
|move|p2a: Excadrill|Earthquake|p1a: Slowbro
|-damage|p1a: Slowbro|212\/393
|
|-heal|p1a: Slowbro|236\/393|[from] item: Leftovers
|turn|83
|
|switch|p2a: Clefable|Clefable, M|376\/394 brn
|move|p1a: Slowbro|Scald|p2a: Clefable
|-crit|p2a: Clefable
|-damage|p2a: Clefable|262\/394 brn
|
|-heal|p1a: Slowbro|260\/393|[from] item: Leftovers
|turn|84
|
|switch|p1a: Clefable|Clefable, M|393\/393
|-damage|p1a: Clefable|344\/393|[from] Stealth Rock
|move|p2a: Clefable|Moonblast|p1a: Clefable
|-damage|p1a: Clefable|188\/393
|
|-heal|p1a: Clefable|212\/393|[from] item: Leftovers
|turn|85
|
|move|p1a: Clefable|Wish|p1a: Clefable
|move|p2a: Clefable|Moonblast|p1a: Clefable
|-damage|p1a: Clefable|59\/393
|
|-heal|p1a: Clefable|83\/393|[from] item: Leftovers
|turn|86
|
|switch|p2a: Excadrill|Excadrill, F|218\/362
|-damage|p2a: Excadrill|207\/362|[from] Stealth Rock
|-ability|p2a: Excadrill|Mold Breaker
|move|p1a: Clefable|Protect|p1a: Clefable
|-fail|p1a: Clefable
|
|-heal|p1a: Clefable|279\/393|[from] move: Wish|[wisher] Clefable
|-heal|p1a: Clefable|303\/393|[from] item: Leftovers
|turn|87
|
|move|p1a: Clefable|Protect|p1a: Clefable
|-singleturn|p1a: Clefable|Protect
|move|p2a: Excadrill|Iron Head|p1a: Clefable
|-activate|p1a: Clefable|Protect
|
|-heal|p1a: Clefable|327\/393|[from] item: Leftovers
|turn|88
|
|switch|p2a: Azumarill|Azumarill, M|354\/404
|-damage|p2a: Azumarill|304\/404|[from] Stealth Rock
|switch|p1a: Slowbro|Slowbro, F|391\/393
|-damage|p1a: Slowbro|342\/393|[from] Stealth Rock
|
|-heal|p1a: Slowbro|366\/393|[from] item: Leftovers
|turn|89
|
|switch|p2a: Charizard|Charizard-Mega-X, M|359\/359
|-damage|p2a: Charizard|270\/359|[from] Stealth Rock
|move|p1a: Slowbro|Scald|p2a: Charizard
|-damage|p2a: Charizard|156\/359
|
|-heal|p1a: Slowbro|390\/393|[from] item: Leftovers
|turn|90
|
|move|p2a: Charizard|Roost|p2a: Charizard
|-heal|p2a: Charizard|336\/359
|move|p1a: Slowbro|Scald|p2a: Charizard
|-damage|p2a: Charizard|228\/359
|
|-heal|p1a: Slowbro|393\/393|[from] item: Leftovers
|turn|91
|
|move|p2a: Charizard|Dragon Dance|p2a: Charizard
|-boost|p2a: Charizard|atk|1
|-boost|p2a: Charizard|spe|1
|move|p1a: Slowbro|Ice Beam|p2a: Charizard
|-damage|p2a: Charizard|143\/359
|-status|p2a: Charizard|frz
|
|turn|92
|
|-curestatus|p2a: Charizard|frz
|move|p2a: Charizard|Flare Blitz|p1a: Slowbro
|-resisted|p1a: Slowbro
|-damage|p1a: Slowbro|267\/393
|-status|p1a: Slowbro|brn
|-damage|p2a: Charizard|101\/359|[from] recoil|[of] p1a: Slowbro
|move|p1a: Slowbro|Scald|p2a: Charizard
|-damage|p2a: Charizard|0 fnt
|faint|p2a: Charizard
|
|-heal|p1a: Slowbro|291\/393 brn|[from] item: Leftovers
|-damage|p1a: Slowbro|242\/393 brn|[from] brn
|c|âPokemonIsHomo|first turn freeze wins you the game
|-message|PokemonIsHomo forfeited.
|
|win|RSMessiii
|raw|Ladder updating...
|leave|PokemonIsHomo
|player|p2
|raw|RSMessiii's rating: 1421 &rarr; <strong>1439<\/strong><br \/>(+18 for winning)
|raw|PokemonIsHomo's rating: 1388 &rarr; <strong>1370<\/strong><br \/>(-18 for losing)