|join|the tangy family
|join|RSMessiii
|player|p1|the tangy family|101
|player|p2|RSMessiii|2
|gametype|singles
|gen|6
|tier|OU
|rated
|clearpoke
|poke|p1|Gengar, F
|poke|p1|Klefki, F
|poke|p1|Heatran, F
|poke|p1|Breloom, M
|poke|p1|Manectric, F
|poke|p1|Slowbro, M
|poke|p2|Gliscor, M
|poke|p2|Clefable, M
|poke|p2|Chansey, F
|poke|p2|Slowbro, F
|poke|p2|Skarmory, M
|poke|p2|Celebi
|rule|Swagger Clause: Swagger is banned
|rule|Baton Pass Clause: Limit one PokÃ©mon knowing Baton Pass
|rule|Sleep Clause Mod: Limit one foe put to sleep
|rule|Species Clause: Limit one of each PokÃ©mon
|rule|OHKO Clause: OHKO moves are banned
|rule|Moody Clause: Moody is banned
|rule|Evasion Moves Clause: Evasion moves are banned
|rule|Endless Battle Clause: Forcing endless battles is banned
|rule|HP Percentage Mod: HP is shown in percentages
|teampreview
|
|start
|switch|p1a: Breloom|Breloom, M|297\/297
|switch|p2a: Daario Nahaaris|Gliscor, M|353\/353
|turn|1
|
|switch|p2a: Arianne Martell|Celebi|404\/404
|move|p1a: Breloom|Spore|p2a: Arianne Martell
|-fail|p2a: Arianne Martell
|
|-status|p1a: Breloom|tox|[from] item: Toxic Orb
|turn|2
|
|move|p2a: Arianne Martell|Baton Pass|p2a: Arianne Martell
|
|switch|p2a: Daario Nahaaris|Gliscor, M|353\/353
|move|p1a: Breloom|Substitute|p1a: Breloom
|-start|p1a: Breloom|Substitute
|-damage|p1a: Breloom|223\/297 tox
|
|-heal|p1a: Breloom|260\/297 tox|[from] ability: Poison Heal
|-status|p2a: Daario Nahaaris|tox|[from] item: Toxic Orb
|turn|3
|
|move|p2a: Daario Nahaaris|Taunt|p1a: Breloom
|-start|p1a: Breloom|move: Taunt
|cant|p1a: Breloom|move: Taunt|Leech Seed
|
|-heal|p1a: Breloom|297\/297 tox|[from] ability: Poison Heal
|turn|4
|
|-singleturn|p1a: Breloom|move: Focus Punch
|switch|p2a: Daenerys Targayren|Clefable, M|393\/393
|move|p1a: Breloom|Focus Punch|p2a: Daenerys Targayren
|-resisted|p2a: Daenerys Targayren
|-damage|p2a: Daenerys Targayren|258\/393
|
|-heal|p2a: Daenerys Targayren|282\/393|[from] item: Leftovers
|turn|5
|
|switch|p1a: Gengar|Gengar, F|262\/262
|move|p2a: Daenerys Targayren|Moonblast|p1a: Gengar
|-resisted|p1a: Gengar
|-damage|p1a: Gengar|193\/262
|
|-heal|p1a: Gengar|209\/262|[from] item: Leftovers
|-heal|p2a: Daenerys Targayren|306\/393|[from] item: Leftovers
|turn|6
|
|switch|p1a: Breloom|Breloom, M|297\/297 tox
|switch|p2a: Daario Nahaaris|Gliscor, M|353\/353 tox
|
|turn|7
|
|move|p2a: Daario Nahaaris|Knock Off|p1a: Breloom
|-resisted|p1a: Breloom
|-damage|p1a: Breloom|253\/297 tox
|-enditem|p1a: Breloom|Toxic Orb|[from] move: Knock Off|[of] p2a: Daario Nahaaris
|move|p1a: Breloom|Leech Seed|p2a: Daario Nahaaris
|-start|p2a: Daario Nahaaris|move: Leech Seed
|
|-damage|p2a: Daario Nahaaris|309\/353 tox|[from] Leech Seed|[of] p1a: Breloom
|-heal|p1a: Breloom|297\/297 tox|[silent]
|-heal|p2a: Daario Nahaaris|353\/353 tox|[from] ability: Poison Heal
|turn|8
|
|switch|p2a: Arianne Martell|Celebi|404\/404
|switch|p1a: Gengar|Gengar, F|209\/262
|
|-heal|p1a: Gengar|225\/262|[from] item: Leftovers
|turn|9
|
|switch|p2a: Daario Nahaaris|Gliscor, M|353\/353 tox
|move|p1a: Gengar|Shadow Ball|p2a: Daario Nahaaris
|-damage|p2a: Daario Nahaaris|218\/353 tox
|
|-heal|p1a: Gengar|241\/262|[from] item: Leftovers
|-heal|p2a: Daario Nahaaris|262\/353 tox|[from] ability: Poison Heal
|turn|10
|
|switch|p1a: Breloom|Breloom, M|297\/297 tox
|move|p2a: Daario Nahaaris|Knock Off|p1a: Breloom
|-resisted|p1a: Breloom
|-damage|p1a: Breloom|269\/297 tox
|
|-heal|p2a: Daario Nahaaris|306\/353 tox|[from] ability: Poison Heal
|-heal|p1a: Breloom|297\/297 tox|[from] ability: Poison Heal
|turn|11
|
|-singleturn|p1a: Breloom|move: Focus Punch
|move|p2a: Daario Nahaaris|Taunt|p1a: Breloom
|-start|p1a: Breloom|move: Taunt
|move|p1a: Breloom|Focus Punch|p2a: Daario Nahaaris
|-resisted|p2a: Daario Nahaaris
|-damage|p2a: Daario Nahaaris|189\/353 tox
|
|-heal|p2a: Daario Nahaaris|233\/353 tox|[from] ability: Poison Heal
|turn|12
|
|switch|p1a: Slowbro|Slowbro, M|394\/394
|move|p2a: Daario Nahaaris|Knock Off|p1a: Slowbro
|-crit|p1a: Slowbro
|-supereffective|p1a: Slowbro
|-damage|p1a: Slowbro|242\/394
|-enditem|p1a: Slowbro|Leftovers|[from] move: Knock Off|[of] p2a: Daario Nahaaris
|
|-heal|p2a: Daario Nahaaris|277\/353 tox|[from] ability: Poison Heal
|turn|13
|
|switch|p2a: Missandei|Chansey, F|703\/703
|move|p1a: Slowbro|Scald|p2a: Missandei
|-damage|p2a: Missandei|643\/703
|
|turn|14
|
|switch|p1a: Breloom|Breloom, M|297\/297 tox
|move|p2a: Missandei|Stealth Rock|p1a: Breloom
|-sidestart|p1: the tangy family|move: Stealth Rock
|
|turn|15
|
|switch|p2a: Arianne Martell|Celebi|404\/404
|move|p1a: Breloom|Leech Seed|p2a: Arianne Martell
|-immune|p2a: Arianne Martell|[msg]
|
|turn|16
|
|move|p2a: Arianne Martell|Baton Pass|p2a: Arianne Martell
|
|switch|p2a: Daario Nahaaris|Gliscor, M|277\/353 tox
|move|p1a: Breloom|Substitute|p1a: Breloom
|-start|p1a: Breloom|Substitute
|-damage|p1a: Breloom|223\/297 tox
|
|-heal|p2a: Daario Nahaaris|321\/353 tox|[from] ability: Poison Heal
|-heal|p1a: Breloom|260\/297 tox|[from] ability: Poison Heal
|turn|17
|
|-singleturn|p1a: Breloom|move: Focus Punch
|switch|p2a: Arianne Martell|Celebi|404\/404
|move|p1a: Breloom|Focus Punch|p2a: Arianne Martell
|-resisted|p2a: Arianne Martell
|-damage|p2a: Arianne Martell|254\/404
|
|-heal|p2a: Arianne Martell|279\/404|[from] item: Leftovers
|-heal|p1a: Breloom|297\/297 tox|[from] ability: Poison Heal
|turn|18
|
|-singleturn|p1a: Breloom|move: Focus Punch
|move|p2a: Arianne Martell|Giga Drain|p1a: Breloom
|-resisted|p1a: Breloom
|-activate|p1a: Breloom|Substitute|[damage]
|-heal|p2a: Arianne Martell|314\/404|[from] drain|[of] p1a: Breloom
|move|p1a: Breloom|Focus Punch|p2a: Arianne Martell
|-resisted|p2a: Arianne Martell
|-damage|p2a: Arianne Martell|179\/404
|
|-heal|p2a: Arianne Martell|204\/404|[from] item: Leftovers
|turn|19
|
|switch|p1a: Heatran|Heatran, F|323\/323
|-damage|p1a: Heatran|283\/323|[from] Stealth Rock
|move|p2a: Arianne Martell|Recover|p2a: Arianne Martell
|-heal|p2a: Arianne Martell|404\/404
|
|-heal|p1a: Heatran|303\/323|[from] item: Leftovers
|turn|20
|
|move|p1a: Heatran|Stealth Rock|p2a: Arianne Martell
|-sidestart|p2: RSMessiii|move: Stealth Rock
|move|p2a: Arianne Martell|Baton Pass|p2a: Arianne Martell
|
|switch|p2a: Daario Nahaaris|Gliscor, M|321\/353 tox
|-damage|p2a: Daario Nahaaris|277\/353 tox|[from] Stealth Rock
|
|-heal|p1a: Heatran|323\/323|[from] item: Leftovers
|-heal|p2a: Daario Nahaaris|321\/353 tox|[from] ability: Poison Heal
|turn|21
|
|move|p1a: Heatran|Hidden Power|p2a: Daario Nahaaris
|-supereffective|p2a: Daario Nahaaris
|-damage|p2a: Daario Nahaaris|53\/353 tox
|move|p2a: Daario Nahaaris|Knock Off|p1a: Heatran
|-damage|p1a: Heatran|254\/323
|-enditem|p1a: Heatran|Leftovers|[from] move: Knock Off|[of] p2a: Daario Nahaaris
|
|-heal|p2a: Daario Nahaaris|97\/353 tox|[from] ability: Poison Heal
|turn|22
|
|switch|p1a: Breloom|Breloom, M|297\/297 tox
|-damage|p1a: Breloom|279\/297 tox|[from] Stealth Rock
|switch|p2a: Missandei|Chansey, F|643\/703
|-damage|p2a: Missandei|556\/703|[from] Stealth Rock
|
|-heal|p1a: Breloom|297\/297 tox|[from] ability: Poison Heal
|turn|23
|
|-singleturn|p1a: Breloom|move: Focus Punch
|switch|p2a: Arianne Martell|Celebi|404\/404
|-damage|p2a: Arianne Martell|354\/404|[from] Stealth Rock
|move|p1a: Breloom|Focus Punch|p2a: Arianne Martell
|-resisted|p2a: Arianne Martell
|-damage|p2a: Arianne Martell|207\/404
|
|-heal|p2a: Arianne Martell|232\/404|[from] item: Leftovers
|turn|24
|
|move|p2a: Arianne Martell|Giga Drain|p1a: Breloom
|-resisted|p1a: Breloom
|-damage|p1a: Breloom|235\/297 tox
|-heal|p2a: Arianne Martell|263\/404|[from] drain|[of] p1a: Breloom
|move|p1a: Breloom|Substitute|p1a: Breloom
|-start|p1a: Breloom|Substitute
|-damage|p1a: Breloom|161\/297 tox
|
|-heal|p2a: Arianne Martell|288\/404|[from] item: Leftovers
|-heal|p1a: Breloom|198\/297 tox|[from] ability: Poison Heal
|turn|25
|
|-singleturn|p1a: Breloom|move: Focus Punch
|move|p2a: Arianne Martell|Giga Drain|p1a: Breloom
|-resisted|p1a: Breloom
|-activate|p1a: Breloom|Substitute|[damage]
|-heal|p2a: Arianne Martell|322\/404|[from] drain|[of] p1a: Breloom
|move|p1a: Breloom|Focus Punch|p2a: Arianne Martell
|-resisted|p2a: Arianne Martell
|-damage|p2a: Arianne Martell|176\/404
|
|-heal|p2a: Arianne Martell|201\/404|[from] item: Leftovers
|-heal|p1a: Breloom|235\/297 tox|[from] ability: Poison Heal
|turn|26
|
|-singleturn|p1a: Breloom|move: Focus Punch
|move|p2a: Arianne Martell|Recover|p2a: Arianne Martell
|-heal|p2a: Arianne Martell|403\/404
|move|p1a: Breloom|Focus Punch|p2a: Arianne Martell
|-resisted|p2a: Arianne Martell
|-damage|p2a: Arianne Martell|254\/404
|
|-heal|p2a: Arianne Martell|279\/404|[from] item: Leftovers
|-heal|p1a: Breloom|272\/297 tox|[from] ability: Poison Heal
|turn|27
|
|-singleturn|p1a: Breloom|move: Focus Punch
|move|p2a: Arianne Martell|Giga Drain|p1a: Breloom
|-resisted|p1a: Breloom
|-end|p1a: Breloom|Substitute
|-heal|p2a: Arianne Martell|282\/404|[from] drain|[of] p1a: Breloom
|move|p1a: Breloom|Focus Punch|p2a: Arianne Martell
|-resisted|p2a: Arianne Martell
|-damage|p2a: Arianne Martell|130\/404
|
|-heal|p2a: Arianne Martell|155\/404|[from] item: Leftovers
|-heal|p1a: Breloom|297\/297 tox|[from] ability: Poison Heal
|turn|28
|
|switch|p1a: Gengar|Gengar, F|241\/262
|-damage|p1a: Gengar|209\/262|[from] Stealth Rock
|move|p2a: Arianne Martell|Recover|p2a: Arianne Martell
|-heal|p2a: Arianne Martell|357\/404
|
|-heal|p1a: Gengar|225\/262|[from] item: Leftovers
|-heal|p2a: Arianne Martell|382\/404|[from] item: Leftovers
|turn|29
|
|switch|p1a: Breloom|Breloom, M|297\/297 tox
|-damage|p1a: Breloom|279\/297 tox|[from] Stealth Rock
|move|p2a: Arianne Martell|Baton Pass|p2a: Arianne Martell
|
|switch|p2a: Daario Nahaaris|Gliscor, M|97\/353 tox
|-damage|p2a: Daario Nahaaris|53\/353 tox|[from] Stealth Rock
|
|-heal|p2a: Daario Nahaaris|97\/353 tox|[from] ability: Poison Heal
|-heal|p1a: Breloom|297\/297 tox|[from] ability: Poison Heal
|turn|30
|
|-singleturn|p1a: Breloom|move: Focus Punch
|move|p2a: Daario Nahaaris|Roost|p2a: Daario Nahaaris
|-heal|p2a: Daario Nahaaris|274\/353 tox
|move|p1a: Breloom|Focus Punch|p2a: Daario Nahaaris
|-damage|p2a: Daario Nahaaris|16\/353 tox
|
|-heal|p2a: Daario Nahaaris|60\/353 tox|[from] ability: Poison Heal
|turn|31
|
|move|p2a: Daario Nahaaris|Earthquake|p1a: Breloom
|-resisted|p1a: Breloom
|-damage|p1a: Breloom|225\/297 tox
|move|p1a: Breloom|Substitute|p1a: Breloom
|-start|p1a: Breloom|Substitute
|-damage|p1a: Breloom|151\/297 tox
|
|-heal|p2a: Daario Nahaaris|104\/353 tox|[from] ability: Poison Heal
|-heal|p1a: Breloom|188\/297 tox|[from] ability: Poison Heal
|turn|32
|
|-singleturn|p1a: Breloom|move: Focus Punch
|switch|p2a: Arianne Martell|Celebi|382\/404
|-damage|p2a: Arianne Martell|332\/404|[from] Stealth Rock
|move|p1a: Breloom|Focus Punch|p2a: Arianne Martell
|-resisted|p2a: Arianne Martell
|-damage|p2a: Arianne Martell|179\/404
|
|-heal|p2a: Arianne Martell|204\/404|[from] item: Leftovers
|-heal|p1a: Breloom|225\/297 tox|[from] ability: Poison Heal
|turn|33
|
|switch|p1a: Gengar|Gengar, F|225\/262
|-damage|p1a: Gengar|193\/262|[from] Stealth Rock
|move|p2a: Arianne Martell|Recover|p2a: Arianne Martell
|-heal|p2a: Arianne Martell|404\/404
|
|-heal|p1a: Gengar|209\/262|[from] item: Leftovers
|turn|34
|
|move|p1a: Gengar|Sludge Wave|p2a: Arianne Martell
|-supereffective|p2a: Arianne Martell
|-damage|p2a: Arianne Martell|138\/404
|move|p2a: Arianne Martell|Baton Pass|p2a: Arianne Martell
|
|switch|p2a: Berristan Selmy|Slowbro, F|393\/393
|-damage|p2a: Berristan Selmy|344\/393|[from] Stealth Rock
|
|-heal|p1a: Gengar|225\/262|[from] item: Leftovers
|turn|35
|
|switch|p1a: Manectric|Manectric, F|281\/281
|-damage|p1a: Manectric|246\/281|[from] Stealth Rock
|move|p2a: Berristan Selmy|Scald|p1a: Manectric
|-damage|p1a: Manectric|96\/281
|
|turn|36
|
|switch|p2a: Daario Nahaaris|Gliscor, M|104\/353 tox
|-damage|p2a: Daario Nahaaris|60\/353 tox|[from] Stealth Rock
|detailschange|p1a: Manectric|Manectric-Mega, F
|message|Manectric has Mega Evolved into Mega Manectric!
|-ability|p1a: Manectric|Intimidate|[of] p2a: Daario Nahaaris
|-unboost|p2a: Daario Nahaaris|atk|1
|move|p1a: Manectric|Volt Switch|p2a: Daario Nahaaris
|-immune|p2a: Daario Nahaaris|[msg]
|
|-heal|p2a: Daario Nahaaris|104\/353 tox|[from] ability: Poison Heal
|turn|37
|
|switch|p1a: Breloom|Breloom, M|225\/297 tox
|-damage|p1a: Breloom|207\/297 tox|[from] Stealth Rock
|switch|p2a: Missandei|Chansey, F|556\/703
|-damage|p2a: Missandei|469\/703|[from] Stealth Rock
|
|-heal|p1a: Breloom|244\/297 tox|[from] ability: Poison Heal
|turn|38
|
|-singleturn|p1a: Breloom|move: Focus Punch
|move|p2a: Missandei|Seismic Toss|p1a: Breloom
|-damage|p1a: Breloom|144\/297 tox
|cant|p1a: Breloom|Focus Punch|Focus Punch
|
|-heal|p1a: Breloom|181\/297 tox|[from] ability: Poison Heal
|turn|39
|
|-singleturn|p1a: Breloom|move: Focus Punch
|move|p2a: Missandei|Seismic Toss|p1a: Breloom
|-damage|p1a: Breloom|81\/297 tox
|cant|p1a: Breloom|Focus Punch|Focus Punch
|
|-heal|p1a: Breloom|118\/297 tox|[from] ability: Poison Heal
|turn|40
|
|-singleturn|p1a: Breloom|move: Focus Punch
|move|p2a: Missandei|Soft-Boiled|p2a: Missandei
|-heal|p2a: Missandei|703\/703
|move|p1a: Breloom|Focus Punch|p2a: Missandei
|-supereffective|p2a: Missandei
|-damage|p2a: Missandei|0 fnt
|faint|p2a: Missandei
|
|-heal|p1a: Breloom|155\/297 tox|[from] ability: Poison Heal
|
|switch|p2a: Arianne Martell|Celebi|138\/404
|-damage|p2a: Arianne Martell|88\/404|[from] Stealth Rock
|turn|41
|
|switch|p1a: Gengar|Gengar, F|225\/262
|-damage|p1a: Gengar|193\/262|[from] Stealth Rock
|move|p2a: Arianne Martell|Recover|p2a: Arianne Martell
|-heal|p2a: Arianne Martell|290\/404
|
|-heal|p1a: Gengar|209\/262|[from] item: Leftovers
|-heal|p2a: Arianne Martell|315\/404|[from] item: Leftovers
|turn|42
|
|switch|p2a: Jorah Mormont|Skarmory, M|333\/333
|-damage|p2a: Jorah Mormont|292\/333|[from] Stealth Rock
|move|p1a: Gengar|Shadow Ball|p2a: Jorah Mormont
|-damage|p2a: Jorah Mormont|100\/333
|
|-heal|p1a: Gengar|225\/262|[from] item: Leftovers
|turn|43
|-message|RSMessiii forfeited.
|
|win|the tangy family
|raw|Ladder updating...
|leave|RSMessiii
|player|p2
|raw|the tangy family's rating: 1661 &rarr; <strong>1685<\/strong><br \/>(+24 for winning)
|raw|RSMessiii's rating: 1734 &rarr; <strong>1710<\/strong><br \/>(-24 for losing)