|join|RSMessiii
|join|MegaMogwai
|player|p1|RSMessiii|1
|player|p2|MegaMogwai|101
|gametype|singles
|gen|6
|tier|OU
|rated
|clearpoke
|poke|p1|Gliscor, M
|poke|p1|Clefable, M
|poke|p1|Chansey, F
|poke|p1|Slowbro, F
|poke|p1|Skarmory, F
|poke|p1|Celebi
|poke|p2|Heracross, F
|poke|p2|Gliscor, F
|poke|p2|Empoleon, F
|poke|p2|Thundurus, M
|poke|p2|Victini
|poke|p2|Rotom-Wash
|rule|Swagger Clause: Swagger is banned
|rule|Baton Pass Clause: Limit one PokÃ©mon knowing Baton Pass
|rule|Sleep Clause Mod: Limit one foe put to sleep
|rule|Species Clause: Limit one of each PokÃ©mon
|rule|OHKO Clause: OHKO moves are banned
|rule|Moody Clause: Moody is banned
|rule|Evasion Moves Clause: Evasion moves are banned
|rule|Endless Battle Clause: Forcing endless battles is banned
|rule|HP Percentage Mod: HP is shown in percentages
|teampreview
|
|start
|switch|p1a: Berristan Selmy|Slowbro, F|393\/393
|switch|p2a: Rotom-Wash|Rotom-Wash|304\/304
|turn|1
|
|move|p2a: Rotom-Wash|Volt Switch|p1a: Berristan Selmy
|-supereffective|p1a: Berristan Selmy
|-damage|p1a: Berristan Selmy|177\/393
|
|switch|p2a: Empoleon|Empoleon, F|372\/372
|move|p1a: Berristan Selmy|Scald|p2a: Empoleon
|-resisted|p2a: Empoleon
|-damage|p2a: Empoleon|335\/372
|
|-heal|p2a: Empoleon|358\/372|[from] item: Leftovers
|turn|2
|
|switch|p1a: Missandei|Chansey, F|703\/703
|move|p2a: Empoleon|Stealth Rock|p1a: Missandei
|-sidestart|p1: RSMessiii|move: Stealth Rock
|
|-heal|p2a: Empoleon|372\/372|[from] item: Leftovers
|turn|3
|
|switch|p2a: Gliscor|Gliscor, F|354\/354
|move|p1a: Missandei|Toxic|p2a: Gliscor
|-status|p2a: Gliscor|tox
|
|turn|4
|
|move|p2a: Gliscor|Swords Dance|p2a: Gliscor
|-boost|p2a: Gliscor|atk|2
|move|p1a: Missandei|Stealth Rock|p2a: Gliscor
|-sidestart|p2: MegaMogwai|move: Stealth Rock
|
|turn|5
|
|switch|p1a: Jorah Mormont|Skarmory, F|333\/333
|-damage|p1a: Jorah Mormont|292\/333|[from] Stealth Rock
|move|p2a: Gliscor|Baton Pass|p2a: Gliscor
|
|switch|p2a: Heracross|Heracross, F|301\/301
|-damage|p2a: Heracross|264\/301|[from] Stealth Rock
|
|turn|6
|
|detailschange|p2a: Heracross|Heracross-Mega, F
|message|Heracross has Mega Evolved into Mega Heracross!
|move|p2a: Heracross|Close Combat|p1a: Jorah Mormont
|-damage|p1a: Jorah Mormont|0 fnt
|-unboost|p2a: Heracross|def|1
|-unboost|p2a: Heracross|spd|1
|faint|p1a: Jorah Mormont
|
|
|switch|p1a: Daenerys Targayren|Clefable, M|393\/393
|-damage|p1a: Daenerys Targayren|344\/393|[from] Stealth Rock
|turn|7
|
|switch|p2a: Empoleon|Empoleon, F|372\/372
|-damage|p2a: Empoleon|349\/372|[from] Stealth Rock
|move|p1a: Daenerys Targayren|Moonblast|p2a: Empoleon
|-resisted|p2a: Empoleon
|-damage|p2a: Empoleon|310\/372
|-unboost|p2a: Empoleon|spa|1
|
|-heal|p2a: Empoleon|333\/372|[from] item: Leftovers
|-heal|p1a: Daenerys Targayren|368\/393|[from] item: Leftovers
|turn|8
|
|switch|p1a: Berristan Selmy|Slowbro, F|308\/393
|-damage|p1a: Berristan Selmy|259\/393|[from] Stealth Rock
|move|p2a: Empoleon|Defog|p1a: Berristan Selmy
|-unboost|p1a: Berristan Selmy|evasion|1
|-sideend|p1: RSMessiii|Stealth Rock|[from] move: Defog|[of] p1a: Berristan Selmy
|-sideend|p2: MegaMogwai|Stealth Rock|[from] move: Defog|[of] p2a: Empoleon
|
|-heal|p2a: Empoleon|356\/372|[from] item: Leftovers
|turn|9
|
|move|p2a: Empoleon|Stealth Rock|p1a: Berristan Selmy
|-sidestart|p1: RSMessiii|move: Stealth Rock
|move|p1a: Berristan Selmy|Scald|p2a: Empoleon
|-resisted|p2a: Empoleon
|-damage|p2a: Empoleon|324\/372
|-status|p2a: Empoleon|brn
|
|-heal|p2a: Empoleon|347\/372 brn|[from] item: Leftovers
|-damage|p2a: Empoleon|301\/372 brn|[from] brn
|turn|10
|
|switch|p2a: Rotom-Wash|Rotom-Wash|304\/304
|switch|p1a: Missandei|Chansey, F|703\/703
|-damage|p1a: Missandei|616\/703|[from] Stealth Rock
|
|turn|11
|
|move|p2a: Rotom-Wash|Volt Switch|p1a: Missandei
|-damage|p1a: Missandei|564\/703
|
|switch|p2a: Heracross|Heracross-Mega, F|264\/301
|move|p1a: Missandei|Stealth Rock|p2a: Heracross
|-sidestart|p2: MegaMogwai|move: Stealth Rock
|
|turn|12
|
|switch|p1a: Daenerys Targayren|Clefable, M|368\/393
|-damage|p1a: Daenerys Targayren|319\/393|[from] Stealth Rock
|move|p2a: Heracross|Close Combat|p1a: Daenerys Targayren
|-resisted|p1a: Daenerys Targayren
|-damage|p1a: Daenerys Targayren|183\/393
|-unboost|p2a: Heracross|def|1
|-unboost|p2a: Heracross|spd|1
|
|-heal|p1a: Daenerys Targayren|207\/393|[from] item: Leftovers
|turn|13
|
|move|p2a: Heracross|Bullet Seed|p1a: Daenerys Targayren
|-damage|p1a: Daenerys Targayren|171\/393
|-damage|p1a: Daenerys Targayren|135\/393
|-damage|p1a: Daenerys Targayren|94\/393
|-damage|p1a: Daenerys Targayren|53\/393
|-damage|p1a: Daenerys Targayren|18\/393
|-hitcount|p1a: Daenerys Targayren|5
|move|p1a: Daenerys Targayren|Wish|p1a: Daenerys Targayren
|
|-heal|p1a: Daenerys Targayren|42\/393|[from] item: Leftovers
|turn|14
|
|move|p1a: Daenerys Targayren|Protect|p1a: Daenerys Targayren
|-singleturn|p1a: Daenerys Targayren|Protect
|move|p2a: Heracross|Bullet Seed|p1a: Daenerys Targayren
|-activate|p1a: Daenerys Targayren|Protect
|
|-heal|p1a: Daenerys Targayren|238\/393|[from] move: Wish|[wisher] Daenerys Targayren
|-heal|p1a: Daenerys Targayren|262\/393|[from] item: Leftovers
|turn|15
|
|switch|p2a: Empoleon|Empoleon, F|301\/372 brn
|-damage|p2a: Empoleon|278\/372 brn|[from] Stealth Rock
|move|p1a: Daenerys Targayren|Wish|p1a: Daenerys Targayren
|
|-heal|p2a: Empoleon|301\/372 brn|[from] item: Leftovers
|-heal|p1a: Daenerys Targayren|286\/393|[from] item: Leftovers
|-damage|p2a: Empoleon|255\/372 brn|[from] brn
|turn|16
|
|move|p1a: Daenerys Targayren|Protect|p1a: Daenerys Targayren
|-singleturn|p1a: Daenerys Targayren|Protect
|move|p2a: Empoleon|Defog|p1a: Daenerys Targayren
|-activate|p1a: Daenerys Targayren|Protect
|
|-heal|p1a: Daenerys Targayren|393\/393|[from] move: Wish|[wisher] Daenerys Targayren
|-heal|p2a: Empoleon|278\/372 brn|[from] item: Leftovers
|-damage|p2a: Empoleon|232\/372 brn|[from] brn
|turn|17
|
|switch|p1a: Missandei|Chansey, F|564\/703
|-damage|p1a: Missandei|477\/703|[from] Stealth Rock
|move|p2a: Empoleon|Defog|p1a: Missandei
|-unboost|p1a: Missandei|evasion|1
|-sideend|p1: RSMessiii|Stealth Rock|[from] move: Defog|[of] p1a: Missandei
|-sideend|p2: MegaMogwai|Stealth Rock|[from] move: Defog|[of] p2a: Empoleon
|
|-heal|p2a: Empoleon|255\/372 brn|[from] item: Leftovers
|-damage|p2a: Empoleon|209\/372 brn|[from] brn
|turn|18
|
|switch|p2a: Victini|Victini|341\/341
|move|p1a: Missandei|Stealth Rock|p2a: Victini
|-sidestart|p2: MegaMogwai|move: Stealth Rock
|
|turn|19
|
|move|p2a: Victini|V-create|p1a: Missandei
|-damage|p1a: Missandei|0 fnt
|-unboost|p2a: Victini|def|1
|-unboost|p2a: Victini|spd|1
|-unboost|p2a: Victini|spe|1
|faint|p1a: Missandei
|
|
|switch|p1a: Berristan Selmy|Slowbro, F|390\/393
|turn|20
|
|switch|p2a: Empoleon|Empoleon, F|209\/372 brn
|-damage|p2a: Empoleon|186\/372 brn|[from] Stealth Rock
|move|p1a: Berristan Selmy|Calm Mind|p1a: Berristan Selmy
|-boost|p1a: Berristan Selmy|spa|1
|-boost|p1a: Berristan Selmy|spd|1
|
|-heal|p2a: Empoleon|209\/372 brn|[from] item: Leftovers
|-damage|p2a: Empoleon|163\/372 brn|[from] brn
|turn|21
|
|move|p2a: Empoleon|Defog|p1a: Berristan Selmy
|-unboost|p1a: Berristan Selmy|evasion|1
|-sideend|p2: MegaMogwai|Stealth Rock|[from] move: Defog|[of] p2a: Empoleon
|move|p1a: Berristan Selmy|Calm Mind|p1a: Berristan Selmy
|-boost|p1a: Berristan Selmy|spa|1
|-boost|p1a: Berristan Selmy|spd|1
|
|-heal|p2a: Empoleon|186\/372 brn|[from] item: Leftovers
|-damage|p2a: Empoleon|140\/372 brn|[from] brn
|turn|22
|
|move|p2a: Empoleon|Stealth Rock|p1a: Berristan Selmy
|-sidestart|p1: RSMessiii|move: Stealth Rock
|move|p1a: Berristan Selmy|Calm Mind|p1a: Berristan Selmy
|-boost|p1a: Berristan Selmy|spa|1
|-boost|p1a: Berristan Selmy|spd|1
|
|-heal|p2a: Empoleon|163\/372 brn|[from] item: Leftovers
|-damage|p2a: Empoleon|117\/372 brn|[from] brn
|turn|23
|
|move|p2a: Empoleon|Scald|p1a: Berristan Selmy
|-resisted|p1a: Berristan Selmy
|-damage|p1a: Berristan Selmy|352\/393
|-status|p1a: Berristan Selmy|brn
|move|p1a: Berristan Selmy|Scald|p2a: Empoleon
|-resisted|p2a: Empoleon
|-damage|p2a: Empoleon|36\/372 brn
|
|-heal|p2a: Empoleon|59\/372 brn|[from] item: Leftovers
|-damage|p2a: Empoleon|13\/372 brn|[from] brn
|-damage|p1a: Berristan Selmy|303\/393 brn|[from] brn
|turn|24
|
|move|p2a: Empoleon|Scald|p1a: Berristan Selmy
|-resisted|p1a: Berristan Selmy
|-damage|p1a: Berristan Selmy|265\/393 brn
|move|p1a: Berristan Selmy|Slack Off|p1a: Berristan Selmy
|-heal|p1a: Berristan Selmy|393\/393 brn
|
|-heal|p2a: Empoleon|36\/372 brn|[from] item: Leftovers
|-damage|p2a: Empoleon|0 fnt|[from] brn
|-damage|p1a: Berristan Selmy|344\/393 brn|[from] brn
|faint|p2a: Empoleon
|
|switch|p2a: Heracross|Heracross-Mega, F|264\/301
|turn|25
|
|detailschange|p1a: Berristan Selmy|Slowbro-Mega, F
|message|Slowbro has Mega Evolved into Mega Slowbro!
|move|p2a: Heracross|Pin Missile|p1a: Berristan Selmy
|-supereffective|p1a: Berristan Selmy
|-damage|p1a: Berristan Selmy|282\/393 brn
|-supereffective|p1a: Berristan Selmy
|-damage|p1a: Berristan Selmy|216\/393 brn
|-supereffective|p1a: Berristan Selmy
|-damage|p1a: Berristan Selmy|148\/393 brn
|-supereffective|p1a: Berristan Selmy
|-damage|p1a: Berristan Selmy|82\/393 brn
|-supereffective|p1a: Berristan Selmy
|-damage|p1a: Berristan Selmy|20\/393 brn
|-hitcount|p1a: Berristan Selmy|5
|move|p1a: Berristan Selmy|Scald|p2a: Heracross
|-damage|p2a: Heracross|0 fnt
|faint|p2a: Heracross
|
|-damage|p1a: Berristan Selmy|0 fnt|[from] brn
|faint|p1a: Berristan Selmy
|
|switch|p2a: Thundurus|Thundurus, M|299\/299
|switch|p1a: Daario Nahaaris|Gliscor, M|353\/353
|-damage|p1a: Daario Nahaaris|309\/353|[from] Stealth Rock
|turn|26
|
|switch|p1a: Arianne Martell|Celebi|404\/404
|-damage|p1a: Arianne Martell|354\/404|[from] Stealth Rock
|move|p2a: Thundurus|Knock Off|p1a: Arianne Martell
|-supereffective|p1a: Arianne Martell
|-damage|p1a: Arianne Martell|125\/404
|-enditem|p1a: Arianne Martell|Leftovers|[from] move: Knock Off|[of] p2a: Thundurus
|-damage|p2a: Thundurus|270\/299|[from] item: Life Orb
|
|turn|27
|
|move|p2a: Thundurus|Hidden Power|p1a: Arianne Martell
|-supereffective|p1a: Arianne Martell
|-damage|p1a: Arianne Martell|0 fnt
|-damage|p2a: Thundurus|241\/299|[from] item: Life Orb
|faint|p1a: Arianne Martell
|
|
|switch|p1a: Daenerys Targayren|Clefable, M|393\/393
|-damage|p1a: Daenerys Targayren|344\/393|[from] Stealth Rock
|turn|28
|
|switch|p2a: Victini|Victini|341\/341
|move|p1a: Daenerys Targayren|Moonblast|p2a: Victini
|-resisted|p2a: Victini
|-damage|p2a: Victini|289\/341
|
|-heal|p1a: Daenerys Targayren|368\/393|[from] item: Leftovers
|turn|29
|
|move|p1a: Daenerys Targayren|Protect|p1a: Daenerys Targayren
|-singleturn|p1a: Daenerys Targayren|Protect
|move|p2a: Victini|V-create|p1a: Daenerys Targayren
|-activate|p1a: Daenerys Targayren|Protect
|
|-heal|p1a: Daenerys Targayren|392\/393|[from] item: Leftovers
|turn|30
|
|move|p2a: Victini|V-create|p1a: Daenerys Targayren
|-damage|p1a: Daenerys Targayren|14\/393
|-unboost|p2a: Victini|def|1
|-unboost|p2a: Victini|spd|1
|-unboost|p2a: Victini|spe|1
|move|p1a: Daenerys Targayren|Wish|p1a: Daenerys Targayren
|
|-heal|p1a: Daenerys Targayren|38\/393|[from] item: Leftovers
|turn|31
|
|move|p1a: Daenerys Targayren|Protect|p1a: Daenerys Targayren
|-singleturn|p1a: Daenerys Targayren|Protect
|move|p2a: Victini|V-create|p1a: Daenerys Targayren
|-activate|p1a: Daenerys Targayren|Protect
|
|-heal|p1a: Daenerys Targayren|234\/393|[from] move: Wish|[wisher] Daenerys Targayren
|-heal|p1a: Daenerys Targayren|258\/393|[from] item: Leftovers
|turn|32
|
|move|p2a: Victini|V-create|p1a: Daenerys Targayren
|-damage|p1a: Daenerys Targayren|0 fnt
|-unboost|p2a: Victini|def|1
|-unboost|p2a: Victini|spd|1
|-unboost|p2a: Victini|spe|1
|faint|p1a: Daenerys Targayren
|
|
|switch|p1a: Daario Nahaaris|Gliscor, M|309\/353
|-damage|p1a: Daario Nahaaris|265\/353|[from] Stealth Rock
|turn|33
|
|switch|p2a: Thundurus|Thundurus, M|241\/299
|move|p1a: Daario Nahaaris|Knock Off|p2a: Thundurus
|-damage|p2a: Thundurus|144\/299
|-enditem|p2a: Thundurus|Life Orb|[from] move: Knock Off|[of] p1a: Daario Nahaaris
|
|-status|p1a: Daario Nahaaris|tox|[from] item: Toxic Orb
|turn|34
|
|move|p2a: Thundurus|Hidden Power|p1a: Daario Nahaaris
|-supereffective|p1a: Daario Nahaaris
|-damage|p1a: Daario Nahaaris|37\/353 tox
|move|p1a: Daario Nahaaris|Roost|p1a: Daario Nahaaris
|-heal|p1a: Daario Nahaaris|214\/353 tox
|
|-heal|p1a: Daario Nahaaris|258\/353 tox|[from] ability: Poison Heal
|turn|35
|
|move|p2a: Thundurus|Hidden Power|p1a: Daario Nahaaris
|-supereffective|p1a: Daario Nahaaris
|-damage|p1a: Daario Nahaaris|26\/353 tox
|move|p1a: Daario Nahaaris|Roost|p1a: Daario Nahaaris
|-heal|p1a: Daario Nahaaris|203\/353 tox
|
|-heal|p1a: Daario Nahaaris|247\/353 tox|[from] ability: Poison Heal
|turn|36
|
|move|p2a: Thundurus|Hidden Power|p1a: Daario Nahaaris
|-supereffective|p1a: Daario Nahaaris
|-damage|p1a: Daario Nahaaris|7\/353 tox
|move|p1a: Daario Nahaaris|Knock Off|p2a: Thundurus
|-damage|p2a: Thundurus|80\/299
|
|-heal|p1a: Daario Nahaaris|51\/353 tox|[from] ability: Poison Heal
|turn|37
|
|move|p2a: Thundurus|Hidden Power|p1a: Daario Nahaaris
|-supereffective|p1a: Daario Nahaaris
|-damage|p1a: Daario Nahaaris|0 fnt
|faint|p1a: Daario Nahaaris
|
|win|MegaMogwai
|raw|Ladder updating...
|raw|RSMessiii's rating: 1770 &rarr; <strong>1743<\/strong><br \/>(-27 for losing)
|raw|MegaMogwai's rating: 1645 &rarr; <strong>1672<\/strong><br \/>(+27 for winning)
|c|âMegaMogwai|gg