|join|sourpuffboys
|join|RSMessiii
|player|p1|sourpuffboys|1
|player|p2|RSMessiii|2
|gametype|singles
|gen|6
|tier|OU
|clearpoke
|poke|p1|Staraptor, M
|poke|p1|Garchomp, M
|poke|p1|Magnezone
|poke|p1|Scizor, F
|poke|p1|Greninja, F, shiny
|poke|p1|Clefable, M
|poke|p2|Sylveon, F
|poke|p2|Bisharp, M
|poke|p2|Landorus-Therian, M
|poke|p2|Manaphy
|poke|p2|Medicham, F
|poke|p2|Excadrill, M
|rule|Swagger Clause: Swagger is banned
|rule|Baton Pass Clause: Limit one PokÃ©mon knowing Baton Pass
|rule|Sleep Clause Mod: Limit one foe put to sleep
|rule|Species Clause: Limit one of each PokÃ©mon
|rule|OHKO Clause: OHKO moves are banned
|rule|Moody Clause: Moody is banned
|rule|Evasion Moves Clause: Evasion moves are banned
|rule|Endless Battle Clause: Forcing endless battles is banned
|rule|HP Percentage Mod: HP is shown in percentages
|teampreview
|c|âRSMessiii|gl
|c|âRSMessiii|not that u need it :D
|c|âsourpuffboys|hf
|c|âRSMessiii|u2
|c|âsourpuffboys|i wish you the wost
|c|âsourpuffboys|no ofense
|c|âRSMessiii|same to you hahaha
|join|CidZero~Zero
|c|âRSMessiii|hey man
|
|start
|switch|p1a: Garchomp|Garchomp, M|357\/357
|switch|p2a: Landorus-Therian|Landorus-Therian, M|381\/381
|-ability|p2a: Landorus-Therian|Intimidate|[of] p1a: Garchomp
|-unboost|p1a: Garchomp|atk|1
|turn|1
|c| CidZero~Zero|hey jonas 
|
|move|p1a: Garchomp|Stealth Rock|p2a: Landorus-Therian
|-sidestart|p2: RSMessiii|move: Stealth Rock
|move|p2a: Landorus-Therian|Stealth Rock|p1a: Garchomp
|-sidestart|p1: sourpuffboys|move: Stealth Rock
|
|turn|2
|
|move|p1a: Garchomp|Swords Dance|p1a: Garchomp
|-boost|p1a: Garchomp|atk|2
|move|p2a: Landorus-Therian|Earthquake|p1a: Garchomp
|-damage|p1a: Garchomp|173\/357
|
|turn|3
|
|move|p1a: Garchomp|Dragon Claw|p2a: Landorus-Therian
|-damage|p2a: Landorus-Therian|216\/381
|move|p2a: Landorus-Therian|Earthquake|p1a: Garchomp
|-damage|p1a: Garchomp|0 fnt
|faint|p1a: Garchomp
|
|-heal|p2a: Landorus-Therian|239\/381|[from] item: Leftovers
|
|switch|p1a: Greninja|Greninja, F, shiny|285\/285
|-damage|p1a: Greninja|250\/285|[from] Stealth Rock
|turn|4
|
|switch|p2a: Sylveon|Sylveon, F|393\/393
|-damage|p2a: Sylveon|344\/393|[from] Stealth Rock
|move|p1a: Greninja|U-turn|p2a: Sylveon
|-start|p1a: Greninja|typechange|Bug|[from] Protean
|-resisted|p2a: Sylveon
|-damage|p2a: Sylveon|308\/393
|
|switch|p1a: Magnezone|Magnezone|344\/344
|-damage|p1a: Magnezone|323\/344|[from] Stealth Rock
|
|-heal|p2a: Sylveon|332\/393|[from] item: Leftovers
|turn|5
|
|move|p2a: Sylveon|Protect|p2a: Sylveon
|-singleturn|p2a: Sylveon|Protect
|move|p1a: Magnezone|Flash Cannon|p2a: Sylveon
|-activate|p2a: Sylveon|Protect
|
|-heal|p2a: Sylveon|356\/393|[from] item: Leftovers
|turn|6
|
|switch|p2a: Excadrill|Excadrill, M|371\/371
|-damage|p2a: Excadrill|360\/371|[from] Stealth Rock
|-ability|p2a: Excadrill|Mold Breaker
|move|p1a: Magnezone|Flash Cannon|p2a: Excadrill
|-resisted|p2a: Excadrill
|-damage|p2a: Excadrill|179\/371
|
|turn|7
|
|move|p2a: Excadrill|Rapid Spin|p1a: Magnezone
|-resisted|p1a: Magnezone
|-damage|p1a: Magnezone|312\/344
|-sideend|p2: RSMessiii|Stealth Rock|[from] move: Rapid Spin|[of] p2a: Excadrill
|move|p1a: Magnezone|Flash Cannon|p2a: Excadrill
|-resisted|p2a: Excadrill
|-damage|p2a: Excadrill|0 fnt
|faint|p2a: Excadrill
|
|
|switch|p2a: Manaphy|Manaphy|353\/353
|turn|8
|
|switch|p1a: Staraptor|Staraptor, M|311\/311
|-damage|p1a: Staraptor|234\/311|[from] Stealth Rock
|move|p2a: Manaphy|Tail Glow|p2a: Manaphy
|-boost|p2a: Manaphy|spa|3
|
|turn|9
|
|move|p1a: Staraptor|Brave Bird|p2a: Manaphy
|-damage|p2a: Manaphy|131\/353
|-damage|p1a: Staraptor|161\/311|[from] recoil|[of] p2a: Manaphy
|move|p2a: Manaphy|Scald|p1a: Staraptor
|-damage|p1a: Staraptor|0 fnt
|faint|p1a: Staraptor
|
|-heal|p2a: Manaphy|153\/353|[from] item: Leftovers
|
|switch|p1a: Magnezone|Magnezone|312\/344
|-damage|p1a: Magnezone|291\/344|[from] Stealth Rock
|turn|10
|
|move|p2a: Manaphy|Scald|p1a: Magnezone
|-damage|p1a: Magnezone|0 fnt
|faint|p1a: Magnezone
|
|-heal|p2a: Manaphy|175\/353|[from] item: Leftovers
|
|switch|p1a: Greninja|Greninja, F, shiny|250\/285
|-damage|p1a: Greninja|215\/285|[from] Stealth Rock
|turn|11
|
|move|p1a: Greninja|Extrasensory|p2a: Manaphy
|-start|p1a: Greninja|typechange|Psychic|[from] Protean
|-damage|p2a: Manaphy|51\/353
|move|p2a: Manaphy|Scald|p1a: Greninja
|-damage|p1a: Greninja|0 fnt
|faint|p1a: Greninja
|
|-heal|p2a: Manaphy|73\/353|[from] item: Leftovers
|
|switch|p1a: Clefable|Clefable, M|394\/394
|turn|12
|
|move|p2a: Manaphy|Scald|p1a: Clefable
|-damage|p1a: Clefable|157\/394
|-status|p1a: Clefable|brn
|move|p1a: Clefable|Calm Mind|p1a: Clefable
|-boost|p1a: Clefable|spa|1
|-boost|p1a: Clefable|spd|1
|
|-heal|p2a: Manaphy|95\/353|[from] item: Leftovers
|-heal|p1a: Clefable|181\/394 brn|[from] item: Leftovers
|turn|13
|
|move|p2a: Manaphy|Scald|p1a: Clefable
|-damage|p1a: Clefable|25\/394 brn
|move|p1a: Clefable|Moonblast|p2a: Manaphy
|-damage|p2a: Manaphy|0 fnt
|faint|p2a: Manaphy
|
|-heal|p1a: Clefable|49\/394 brn|[from] item: Leftovers
|
|switch|p2a: Medicham|Medicham, F|261\/261
|turn|14
|
|detailschange|p2a: Medicham|Medicham-Mega, F
|message|Medicham has Mega Evolved into Mega Medicham!
|move|p2a: Medicham|Fake Out|p1a: Clefable
|-damage|p1a: Clefable|0 fnt
|faint|p1a: Clefable
|
|
|switch|p1a: Scizor|Scizor, F|343\/343
|-damage|p1a: Scizor|301\/343|[from] Stealth Rock
|turn|15
|
|detailschange|p1a: Scizor|Scizor-Mega, F
|message|Scizor has Mega Evolved into Mega Scizor!
|move|p2a: Medicham|High Jump Kick|p1a: Scizor
|-damage|p1a: Scizor|12\/343
|move|p1a: Scizor|Roost|p1a: Scizor
|-heal|p1a: Scizor|184\/343
|
|turn|16
|c|âsourpuffboys|gg
|c|âRSMessiii|gg
|
|move|p1a: Scizor|Bullet Punch|p2a: Medicham
|-crit|p2a: Medicham
|-damage|p2a: Medicham|72\/261
|move|p2a: Medicham|High Jump Kick|p1a: Scizor
|-damage|p1a: Scizor|0 fnt
|faint|p1a: Scizor
|
|win|RSMessiii
|leave|sourpuffboys
|player|p1