|join|RSMessiii
|join|HottyRobo
|player|p1|RSMessiii|1
|player|p2|HottyRobo|226
|gametype|singles
|gen|6
|tier|OU
|clearpoke
|poke|p1|Gardevoir, M
|poke|p1|Scizor, F
|poke|p1|Latias, F
|poke|p1|Heatran, M
|poke|p1|Kyurem-Black
|poke|p1|Landorus-Therian, M
|poke|p2|Medicham, M
|poke|p2|Clefable, M
|poke|p2|Scizor, M
|poke|p2|Tyranitar, M
|poke|p2|Rotom-Wash
|poke|p2|Latias, F
|rule|Swagger Clause: Swagger is banned
|rule|Baton Pass Clause: Limit one PokÃ©mon knowing Baton Pass
|rule|Sleep Clause Mod: Limit one foe put to sleep
|rule|Species Clause: Limit one of each PokÃ©mon
|rule|OHKO Clause: OHKO moves are banned
|rule|Moody Clause: Moody is banned
|rule|Evasion Moves Clause: Evasion moves are banned
|rule|Endless Battle Clause: Forcing endless battles is banned
|rule|HP Percentage Mod: HP is shown in percentages
|teampreview
|
|start
|switch|p1a: Landorus-Therian|Landorus-Therian, M|323\/323
|switch|p2a: Medicham|Medicham, M|261\/261
|-ability|p1a: Landorus-Therian|Intimidate|[of] p2a: Medicham
|-unboost|p2a: Medicham|atk|1
|turn|1
|join|yoloosweegg
|
|switch|p2a: Rotom-Wash|Rotom-Wash|304\/304
|move|p1a: Landorus-Therian|U-turn|p2a: Rotom-Wash
|-damage|p2a: Rotom-Wash|232\/304
|
|switch|p1a: Gardevoir|Gardevoir, M|277\/277
|-ability|p1a: Gardevoir|Levitate|[from] ability: Trace|[of] p2a: Rotom-Wash
|
|turn|2
|
|detailschange|p1a: Gardevoir|Gardevoir-Mega, M
|message|Gardevoir has Mega Evolved into Mega Gardevoir!
|move|p1a: Gardevoir|Hyper Voice|p2a: Rotom-Wash
|-damage|p2a: Rotom-Wash|0 fnt
|faint|p2a: Rotom-Wash
|
|c|âHottyRobo|gg already
|c|âHottyRobo|fuck
|c| yoloosweegg|lel
|
|switch|p2a: Clefable|Clefable, M|394\/394
|turn|3
|c|âRSMessiii|nah
|c|âHottyRobo|yeah
|c| yoloosweegg|ooh kill em
|c|âHottyRobo|it's over
|
|switch|p1a: Heatran|Heatran, M|385\/385
|move|p2a: Clefable|Thunder Wave|p1a: Heatran
|-status|p1a: Heatran|par
|
|turn|4
|c| yoloosweegg|don't be a wuss
|c| yoloosweegg|try to beat him
|
|switch|p2a: Dinosaucer|Tyranitar, M|404\/404
|-weather|Sandstorm
|cant|p1a: Heatran|par
|
|-weather|Sandstorm|[upkeep]
|turn|5
|c|âHottyRobo|no I'll play it out
|c|âHottyRobo|I always do
|c|âHottyRobo|but I'm fucked
|
|move|p2a: Dinosaucer|Stealth Rock|p1a: Heatran
|-sidestart|p1: RSMessiii|move: Stealth Rock
|move|p1a: Heatran|Stealth Rock|p2a: Dinosaucer
|-sidestart|p2: HottyRobo|move: Stealth Rock
|
|-weather|Sandstorm|[upkeep]
|turn|6
|c| yoloosweegg|I can't connect to servers
|c| yoloosweegg|I should be trolling someone right now
|
|switch|p2a: Medicham|Medicham, M|261\/261
|-damage|p2a: Medicham|245\/261|[from] Stealth Rock
|switch|p1a: Landorus-Therian|Landorus-Therian, M|323\/323
|-damage|p1a: Landorus-Therian|283\/323|[from] Stealth Rock
|-ability|p1a: Landorus-Therian|Intimidate|[of] p2a: Medicham
|-unboost|p2a: Medicham|atk|1
|
|-weather|Sandstorm|[upkeep]
|-damage|p2a: Medicham|229\/261|[from] sandstorm
|turn|7
|
|detailschange|p2a: Medicham|Medicham-Mega, M
|message|Medicham has Mega Evolved into Mega Medicham!
|move|p1a: Landorus-Therian|U-turn|p2a: Medicham
|-damage|p2a: Medicham|125\/261
|
|switch|p1a: Scizor|Scizor, F|343\/343
|-damage|p1a: Scizor|301\/343|[from] Stealth Rock
|move|p2a: Medicham|Drain Punch|p1a: Scizor
|-damage|p1a: Scizor|154\/343
|-heal|p2a: Medicham|199\/261|[from] drain|[of] p1a: Scizor
|
|-weather|Sandstorm|[upkeep]
|-damage|p2a: Medicham|183\/261|[from] sandstorm
|turn|8
|
|switch|p1a: Landorus-Therian|Landorus-Therian, M|283\/323
|-damage|p1a: Landorus-Therian|243\/323|[from] Stealth Rock
|-ability|p1a: Landorus-Therian|Intimidate|[of] p2a: Medicham
|-unboost|p2a: Medicham|atk|1
|move|p2a: Medicham|Drain Punch|p1a: Landorus-Therian
|-resisted|p1a: Landorus-Therian
|-damage|p1a: Landorus-Therian|181\/323
|-heal|p2a: Medicham|214\/261|[from] drain|[of] p1a: Landorus-Therian
|
|-weather|none
|turn|9
|c|âRSMessiii|shit i hate drain punch medicham
|c|âHottyRobo|it's a good thing it doesn't matter
|
|switch|p2a: Latias|Latias, F|319\/319
|-damage|p2a: Latias|280\/319|[from] Stealth Rock
|move|p1a: Landorus-Therian|U-turn|p2a: Latias
|-supereffective|p2a: Latias
|-damage|p2a: Latias|70\/319
|c|âHottyRobo|yep fuck me
|
|switch|p1a: Scizor|Scizor, F|154\/343
|-damage|p1a: Scizor|112\/343|[from] Stealth Rock
|
|turn|10
|
|switch|p2a: Scizor|Scizor, M|343\/343
|-damage|p2a: Scizor|301\/343|[from] Stealth Rock
|move|p1a: Scizor|Bullet Punch|p2a: Scizor
|-resisted|p2a: Scizor
|-damage|p2a: Scizor|217\/343
|
|turn|11
|c|âHottyRobo|lando t is too good
|c|âRSMessiii|true
|
|move|p1a: Scizor|Bullet Punch|p2a: Scizor
|-resisted|p2a: Scizor
|-damage|p2a: Scizor|124\/343
|move|p2a: Scizor|U-turn|p1a: Scizor
|-resisted|p1a: Scizor
|-damage|p1a: Scizor|9\/343
|leave|yoloosweegg
|c|âHottyRobo|with no investment u turn does like 30%
|
|switch|p2a: Medicham|Medicham-Mega, M|214\/261
|-damage|p2a: Medicham|198\/261|[from] Stealth Rock
|
|turn|12
|
|switch|p1a: Latias|Latias, F|319\/319
|-damage|p1a: Latias|280\/319|[from] Stealth Rock
|move|p2a: Medicham|Ice Punch|p1a: Latias
|-supereffective|p1a: Latias
|-damage|p1a: Latias|0 fnt
|faint|p1a: Latias
|
|c|âRSMessiii|jesus christ
|
|switch|p1a: Landorus-Therian|Landorus-Therian, M|181\/323
|-damage|p1a: Landorus-Therian|141\/323|[from] Stealth Rock
|-ability|p1a: Landorus-Therian|Intimidate|[of] p2a: Medicham
|-unboost|p2a: Medicham|atk|1
|turn|13
|
|move|p1a: Landorus-Therian|U-turn|p2a: Medicham
|-damage|p2a: Medicham|87\/261
|
|switch|p1a: Scizor|Scizor, F|9\/343
|-damage|p1a: Scizor|0 fnt|[from] Stealth Rock
|faint|p1a: Scizor
|move|p2a: Medicham|Drain Punch|p1: Scizor|[notarget]
|-notarget
|
|c|âHottyRobo|fuck this lando shit
|
|switch|p1a: Landorus-Therian|Landorus-Therian, M|141\/323
|-damage|p1a: Landorus-Therian|101\/323|[from] Stealth Rock
|-ability|p1a: Landorus-Therian|Intimidate|[of] p2a: Medicham
|-unboost|p2a: Medicham|atk|1
|turn|14
|
|switch|p2a: Latias|Latias, F|70\/319
|-damage|p2a: Latias|31\/319|[from] Stealth Rock
|move|p1a: Landorus-Therian|U-turn|p2a: Latias
|-supereffective|p2a: Latias
|-damage|p2a: Latias|0 fnt
|faint|p2a: Latias
|
|switch|p1a: Gardevoir|Gardevoir-Mega, M|277\/277
|-damage|p1a: Gardevoir|243\/277|[from] Stealth Rock
|
|
|switch|p2a: Dinosaucer|Tyranitar, M|404\/404
|-damage|p2a: Dinosaucer|354\/404|[from] Stealth Rock
|-weather|Sandstorm
|turn|15
|
|move|p1a: Gardevoir|Will-O-Wisp|p2a: Dinosaucer
|-status|p2a: Dinosaucer|brn
|move|p2a: Dinosaucer|Pursuit|p1a: Gardevoir
|-damage|p1a: Gardevoir|203\/277
|
|-weather|Sandstorm|[upkeep]
|-damage|p1a: Gardevoir|186\/277|[from] sandstorm
|-heal|p2a: Dinosaucer|379\/404 brn|[from] item: Leftovers
|-damage|p2a: Dinosaucer|329\/404 brn|[from] brn
|turn|16
|c|âHottyRobo|wow 
|
|move|p1a: Gardevoir|Hyper Voice|p2a: Dinosaucer
|-supereffective|p2a: Dinosaucer
|-damage|p2a: Dinosaucer|33\/404 brn
|move|p2a: Dinosaucer|Pursuit|p1a: Gardevoir
|-damage|p1a: Gardevoir|141\/277
|
|-weather|Sandstorm|[upkeep]
|-damage|p1a: Gardevoir|124\/277|[from] sandstorm
|-heal|p2a: Dinosaucer|58\/404 brn|[from] item: Leftovers
|-damage|p2a: Dinosaucer|8\/404 brn|[from] brn
|turn|17
|
|move|p1a: Gardevoir|Hyper Voice|p2a: Dinosaucer
|-supereffective|p2a: Dinosaucer
|-damage|p2a: Dinosaucer|0 fnt
|faint|p2a: Dinosaucer
|
|-weather|Sandstorm|[upkeep]
|-damage|p1a: Gardevoir|107\/277|[from] sandstorm
|
|switch|p2a: Clefable|Clefable, M|394\/394
|-damage|p2a: Clefable|345\/394|[from] Stealth Rock
|turn|18
|
|switch|p1a: Heatran|Heatran, M|385\/385 par
|-damage|p1a: Heatran|337\/385 par|[from] Stealth Rock
|move|p2a: Clefable|Moonblast|p1a: Heatran
|-resisted|p1a: Heatran
|-damage|p1a: Heatran|317\/385 par
|
|-weather|Sandstorm|[upkeep]
|-damage|p2a: Clefable|321\/394|[from] sandstorm
|-heal|p2a: Clefable|345\/394|[from] item: Leftovers
|-heal|p1a: Heatran|341\/385 par|[from] item: Leftovers
|turn|19
|
|move|p2a: Clefable|Wish|p2a: Clefable
|move|p1a: Heatran|Lava Plume|p2a: Clefable
|-damage|p2a: Clefable|215\/394
|
|-weather|none
|-heal|p2a: Clefable|239\/394|[from] item: Leftovers
|-heal|p1a: Heatran|365\/385 par|[from] item: Leftovers
|turn|20
|
|move|p2a: Clefable|Moonblast|p1a: Heatran
|-resisted|p1a: Heatran
|-damage|p1a: Heatran|346\/385 par
|move|p1a: Heatran|Lava Plume|p2a: Clefable
|-damage|p2a: Clefable|103\/394
|
|-heal|p2a: Clefable|300\/394|[from] move: Wish|[wisher] Clefable
|-heal|p2a: Clefable|324\/394|[from] item: Leftovers
|-heal|p1a: Heatran|370\/385 par|[from] item: Leftovers
|turn|21
|
|move|p2a: Clefable|Moonblast|p1a: Heatran
|-resisted|p1a: Heatran
|-damage|p1a: Heatran|351\/385 par
|move|p1a: Heatran|Lava Plume|p2a: Clefable
|-damage|p2a: Clefable|198\/394
|
|-heal|p2a: Clefable|222\/394|[from] item: Leftovers
|-heal|p1a: Heatran|375\/385 par|[from] item: Leftovers
|turn|22
|
|move|p2a: Clefable|Moonblast|p1a: Heatran
|-crit|p1a: Heatran
|-resisted|p1a: Heatran
|-damage|p1a: Heatran|344\/385 par
|-unboost|p1a: Heatran|spa|1
|cant|p1a: Heatran|par
|
|-heal|p2a: Clefable|246\/394|[from] item: Leftovers
|-heal|p1a: Heatran|368\/385 par|[from] item: Leftovers
|turn|23
|
|move|p2a: Clefable|Protect|p2a: Clefable
|-singleturn|p2a: Clefable|Protect
|move|p1a: Heatran|Lava Plume|p2a: Clefable
|-activate|p2a: Clefable|Protect
|
|-heal|p2a: Clefable|270\/394|[from] item: Leftovers
|-heal|p1a: Heatran|385\/385 par|[from] item: Leftovers
|turn|24
|
|move|p2a: Clefable|Wish|p2a: Clefable
|move|p1a: Heatran|Lava Plume|p2a: Clefable
|-damage|p2a: Clefable|141\/394
|
|-heal|p2a: Clefable|165\/394|[from] item: Leftovers
|turn|25
|
|move|p2a: Clefable|Protect|p2a: Clefable
|-singleturn|p2a: Clefable|Protect
|cant|p1a: Heatran|par
|
|-heal|p2a: Clefable|362\/394|[from] move: Wish|[wisher] Clefable
|-heal|p2a: Clefable|386\/394|[from] item: Leftovers
|turn|26
|
|move|p2a: Clefable|Wish|p2a: Clefable
|move|p1a: Heatran|Lava Plume|p2a: Clefable
|-damage|p2a: Clefable|250\/394
|
|-heal|p2a: Clefable|274\/394|[from] item: Leftovers
|turn|27
|
|switch|p2a: Scizor|Scizor, M|124\/343
|-damage|p2a: Scizor|82\/343|[from] Stealth Rock
|move|p1a: Heatran|Lava Plume|p2a: Scizor
|-supereffective|p2a: Scizor
|-damage|p2a: Scizor|0 fnt
|faint|p2a: Scizor
|
|
|switch|p2a: Medicham|Medicham-Mega, M|87\/261
|-damage|p2a: Medicham|71\/261|[from] Stealth Rock
|turn|28
|c|âRSMessiii|hmm
|c|âHottyRobo|and gg
|c|âHottyRobo|as I said turn 1 it's fucking over
|c|âRSMessiii|u can still win if u win speed tie 
|c|âRSMessiii|against gardevoir
|c|âHottyRobo|sure
|c|âRSMessiii|and i need to ac sth
|c|âRSMessiii|sac*
|c|âRSMessiii|well shit
|c|âHottyRobo|watch as I fail to kill with medicham
|c|âHottyRobo|because that will happen
|
|move|p2a: Medicham|Drain Punch|p1a: Heatran
|-supereffective|p1a: Heatran
|-damage|p1a: Heatran|0 fnt
|-heal|p2a: Medicham|261\/261|[from] drain|[of] p1a: Heatran
|faint|p1a: Heatran
|
|
|switch|p1a: Gardevoir|Gardevoir-Mega, M|107\/277
|-damage|p1a: Gardevoir|73\/277|[from] Stealth Rock
|turn|29
|
|move|p1a: Gardevoir|Hyper Voice|p2a: Medicham
|-supereffective|p2a: Medicham
|-damage|p2a: Medicham|0 fnt
|faint|p2a: Medicham
|
|
|switch|p2a: Clefable|Clefable, M|274\/394
|-damage|p2a: Clefable|225\/394|[from] Stealth Rock
|turn|30
|c|âRSMessiii|well that was luck
|
|move|p1a: Gardevoir|Hyper Voice|p2a: Clefable
|-damage|p2a: Clefable|0 fnt
|faint|p2a: Clefable
|
|win|RSMessiii
|c|âHottyRobo|pointless game
|c|âRSMessiii|gg anyway tho
|c|âRSMessiii|it could have ended either way
|c|âHottyRobo|except I was beaten turn 1
|c|âHottyRobo|have fun with that zekrom you can't have 
|c|âRSMessiii|lol thanks
|c|âRSMessiii|iw ill keep it in honour
|c|âRSMessiii|see u in one of the next finals maybe ;)
|c|âHottyRobo|probably not, I suck
|c|âRSMessiii|ur talkin trash rn ad u are well aware of that :P