|join|RSMessiii
|join|benjamin4321
|player|p1|RSMessiii|2
|player|p2|benjamin4321|153
|gametype|singles
|gen|6
|tier|OU
|rated
|clearpoke
|poke|p1|Gliscor, M
|poke|p1|Clefable, M
|poke|p1|Chansey, F
|poke|p1|Slowbro, F
|poke|p1|Skarmory, M
|poke|p1|Chesnaught, F
|poke|p2|Slowbro, M
|poke|p2|Heatran, F
|poke|p2|Keldeo
|poke|p2|Clefable, F
|poke|p2|Landorus-Therian, M
|poke|p2|Zapdos
|rule|Swagger Clause: Swagger is banned
|rule|Baton Pass Clause: Limit one PokÃ©mon knowing Baton Pass
|rule|Sleep Clause Mod: Limit one foe put to sleep
|rule|Species Clause: Limit one of each PokÃ©mon
|rule|OHKO Clause: OHKO moves are banned
|rule|Moody Clause: Moody is banned
|rule|Evasion Moves Clause: Evasion moves are banned
|rule|Endless Battle Clause: Forcing endless battles is banned
|rule|HP Percentage Mod: HP is shown in percentages
|teampreview
|
|start
|switch|p1a: Berristan Selmy|Slowbro, F|393\/393
|switch|p2a: Slowbro|Slowbro, M|394\/394
|turn|1
|
|switch|p2a: Zapdos|Zapdos|384\/384
|-ability|p2a: Zapdos|Pressure
|move|p1a: Berristan Selmy|Scald|p2a: Zapdos
|-damage|p2a: Zapdos|282\/384
|
|-heal|p2a: Zapdos|306\/384|[from] item: Leftovers
|turn|2
|
|switch|p1a: Daario Nahaaris|Gliscor, M|353\/353
|move|p2a: Zapdos|Volt Switch|p1a: Daario Nahaaris
|-immune|p1a: Daario Nahaaris|[msg]
|
|-heal|p2a: Zapdos|330\/384|[from] item: Leftovers
|-status|p1a: Daario Nahaaris|tox|[from] item: Toxic Orb
|turn|3
|
|switch|p1a: Missandei|Chansey, F|703\/703
|move|p2a: Zapdos|Hidden Power|p1a: Missandei
|-damage|p1a: Missandei|667\/703
|
|-heal|p2a: Zapdos|354\/384|[from] item: Leftovers
|turn|4
|
|move|p2a: Zapdos|Volt Switch|p1a: Missandei
|-damage|p1a: Missandei|612\/703
|
|switch|p2a: Keldeo|Keldeo|323\/323
|move|p1a: Missandei|Stealth Rock|p2a: Keldeo
|-sidestart|p2: benjamin4321|move: Stealth Rock
|
|turn|5
|
|switch|p1a: Chesnaught|Chesnaught, F|379\/379
|move|p2a: Keldeo|Substitute|p2a: Keldeo
|-start|p2a: Keldeo|Substitute
|-damage|p2a: Keldeo|243\/323
|
|-heal|p2a: Keldeo|263\/323|[from] item: Leftovers
|turn|6
|
|move|p2a: Keldeo|Scald|p1a: Chesnaught
|-resisted|p1a: Chesnaught
|-damage|p1a: Chesnaught|284\/379
|-status|p1a: Chesnaught|brn
|move|p1a: Chesnaught|Drain Punch|p2a: Keldeo
|-activate|p2a: Keldeo|Substitute|[damage]
|-heal|p1a: Chesnaught|310\/379 brn|[from] drain|[of] p2a: Keldeo
|
|-heal|p2a: Keldeo|283\/323|[from] item: Leftovers
|-heal|p1a: Chesnaught|333\/379 brn|[from] item: Leftovers
|-damage|p1a: Chesnaught|286\/379 brn|[from] brn
|turn|7
|
|switch|p1a: Daenerys Targayren|Clefable, M|393\/393
|move|p2a: Keldeo|Calm Mind|p2a: Keldeo
|-boost|p2a: Keldeo|spa|1
|-boost|p2a: Keldeo|spd|1
|
|-heal|p2a: Keldeo|303\/323|[from] item: Leftovers
|turn|8
|
|move|p2a: Keldeo|Scald|p1a: Daenerys Targayren
|-damage|p1a: Daenerys Targayren|251\/393
|move|p1a: Daenerys Targayren|Moonblast|p2a: Keldeo
|-supereffective|p2a: Keldeo
|-end|p2a: Keldeo|Substitute
|
|-heal|p2a: Keldeo|323\/323|[from] item: Leftovers
|-heal|p1a: Daenerys Targayren|275\/393|[from] item: Leftovers
|turn|9
|
|switch|p2a: Heatran|Heatran, F|385\/385
|-damage|p2a: Heatran|337\/385|[from] Stealth Rock
|move|p1a: Daenerys Targayren|Wish|p1a: Daenerys Targayren
|
|-heal|p2a: Heatran|361\/385|[from] item: Leftovers
|-heal|p1a: Daenerys Targayren|299\/393|[from] item: Leftovers
|turn|10
|
|move|p2a: Heatran|Lava Plume|p1a: Daenerys Targayren
|-damage|p1a: Daenerys Targayren|163\/393
|move|p1a: Daenerys Targayren|Heal Bell|p1a: Daenerys Targayren
|-cureteam|p1a: Daenerys Targayren|[from] move: HealBell
|
|-heal|p1a: Daenerys Targayren|359\/393|[from] move: Wish|[wisher] Daenerys Targayren
|-heal|p2a: Heatran|385\/385|[from] item: Leftovers
|-heal|p1a: Daenerys Targayren|383\/393|[from] item: Leftovers
|turn|11
|
|switch|p1a: Berristan Selmy|Slowbro, F|393\/393
|move|p2a: Heatran|Toxic|p1a: Berristan Selmy
|-status|p1a: Berristan Selmy|tox
|
|-damage|p1a: Berristan Selmy|369\/393 tox|[from] psn
|turn|12
|
|move|p2a: Heatran|Taunt|p1a: Berristan Selmy
|-start|p1a: Berristan Selmy|move: Taunt
|cant|p1a: Berristan Selmy|move: Taunt|Calm Mind
|
|-damage|p1a: Berristan Selmy|321\/393 tox|[from] psn
|turn|13
|
|move|p2a: Heatran|Toxic|p1a: Berristan Selmy|[miss]
|-miss|p2a: Heatran|p1a: Berristan Selmy
|move|p1a: Berristan Selmy|Scald|p2a: Heatran
|-supereffective|p2a: Heatran
|-damage|p2a: Heatran|245\/385
|
|-heal|p2a: Heatran|269\/385|[from] item: Leftovers
|-damage|p1a: Berristan Selmy|249\/393 tox|[from] psn
|turn|14
|
|switch|p1a: Daario Nahaaris|Gliscor, M|353\/353
|move|p2a: Heatran|Lava Plume|p1a: Daario Nahaaris
|-damage|p1a: Daario Nahaaris|250\/353
|
|-heal|p2a: Heatran|293\/385|[from] item: Leftovers
|-status|p1a: Daario Nahaaris|tox|[from] item: Toxic Orb
|turn|15
|c|âbenjamin4321|aww
|c|âbenjamin4321|no burn
|
|switch|p2a: Zapdos|Zapdos|354\/384
|-damage|p2a: Zapdos|258\/384|[from] Stealth Rock
|-ability|p2a: Zapdos|Pressure
|move|p1a: Daario Nahaaris|Knock Off|p2a: Zapdos
|-damage|p2a: Zapdos|195\/384
|-enditem|p2a: Zapdos|Leftovers|[from] move: Knock Off|[of] p1a: Daario Nahaaris
|
|-heal|p1a: Daario Nahaaris|294\/353 tox|[from] ability: Poison Heal
|turn|16
|
|move|p1a: Daario Nahaaris|Taunt|p2a: Zapdos
|-start|p2a: Zapdos|move: Taunt
|cant|p2a: Zapdos|move: Taunt|Defog
|
|-heal|p1a: Daario Nahaaris|338\/353 tox|[from] ability: Poison Heal
|turn|17
|
|switch|p1a: Missandei|Chansey, F|612\/703
|move|p2a: Zapdos|Hidden Power|p1a: Missandei
|-damage|p1a: Missandei|578\/703
|
|turn|18
|
|move|p2a: Zapdos|Hidden Power|p1a: Missandei
|-damage|p1a: Missandei|543\/703
|move|p1a: Missandei|Seismic Toss|p2a: Zapdos
|-damage|p2a: Zapdos|95\/384
|
|-end|p2a: Zapdos|move: Taunt
|turn|19
|
|move|p2a: Zapdos|Roost|p2a: Zapdos
|-heal|p2a: Zapdos|287\/384
|move|p1a: Missandei|Toxic|p2a: Zapdos
|-status|p2a: Zapdos|tox
|
|-damage|p2a: Zapdos|263\/384 tox|[from] psn
|turn|20
|
|move|p2a: Zapdos|Defog|p1a: Missandei
|-unboost|p1a: Missandei|evasion|1
|-sideend|p2: benjamin4321|Stealth Rock|[from] move: Defog|[of] p2a: Zapdos
|move|p1a: Missandei|Seismic Toss|p2a: Zapdos
|-damage|p2a: Zapdos|163\/384 tox
|
|-damage|p2a: Zapdos|115\/384 tox|[from] psn
|turn|21
|
|move|p2a: Zapdos|Roost|p2a: Zapdos
|-heal|p2a: Zapdos|307\/384 tox
|move|p1a: Missandei|Stealth Rock|p2a: Zapdos
|-sidestart|p2: benjamin4321|move: Stealth Rock
|
|-damage|p2a: Zapdos|235\/384 tox|[from] psn
|turn|22
|
|switch|p2a: Heatran|Heatran, F|293\/385
|-damage|p2a: Heatran|245\/385|[from] Stealth Rock
|move|p1a: Missandei|Seismic Toss|p2a: Heatran
|-damage|p2a: Heatran|145\/385
|
|-heal|p2a: Heatran|169\/385|[from] item: Leftovers
|turn|23
|
|switch|p2a: Keldeo|Keldeo|323\/323
|-damage|p2a: Keldeo|303\/323|[from] Stealth Rock
|switch|p1a: Daario Nahaaris|Gliscor, M|338\/353 tox
|
|-heal|p2a: Keldeo|323\/323|[from] item: Leftovers
|-heal|p1a: Daario Nahaaris|353\/353 tox|[from] ability: Poison Heal
|turn|24
|
|switch|p1a: Daenerys Targayren|Clefable, M|383\/393
|move|p2a: Keldeo|Substitute|p2a: Keldeo
|-start|p2a: Keldeo|Substitute
|-damage|p2a: Keldeo|243\/323
|
|-heal|p2a: Keldeo|263\/323|[from] item: Leftovers
|-heal|p1a: Daenerys Targayren|393\/393|[from] item: Leftovers
|turn|25
|
|move|p1a: Daenerys Targayren|Protect|p1a: Daenerys Targayren
|-singleturn|p1a: Daenerys Targayren|Protect
|move|p2a: Keldeo|Scald|p1a: Daenerys Targayren
|-activate|p1a: Daenerys Targayren|Protect
|
|-heal|p2a: Keldeo|283\/323|[from] item: Leftovers
|turn|26
|
|move|p2a: Keldeo|Scald|p1a: Daenerys Targayren
|-damage|p1a: Daenerys Targayren|228\/393
|move|p1a: Daenerys Targayren|Wish|p1a: Daenerys Targayren
|
|-heal|p2a: Keldeo|303\/323|[from] item: Leftovers
|-heal|p1a: Daenerys Targayren|252\/393|[from] item: Leftovers
|turn|27
|
|move|p2a: Keldeo|Calm Mind|p2a: Keldeo
|-boost|p2a: Keldeo|spa|1
|-boost|p2a: Keldeo|spd|1
|move|p1a: Daenerys Targayren|Moonblast|p2a: Keldeo
|-crit|p2a: Keldeo
|-supereffective|p2a: Keldeo
|-end|p2a: Keldeo|Substitute
|
|-heal|p1a: Daenerys Targayren|393\/393|[from] move: Wish|[wisher] Daenerys Targayren
|-heal|p2a: Keldeo|323\/323|[from] item: Leftovers
|turn|28
|
|switch|p2a: Zapdos|Zapdos|235\/384 tox
|-damage|p2a: Zapdos|139\/384 tox|[from] Stealth Rock
|-ability|p2a: Zapdos|Pressure
|move|p1a: Daenerys Targayren|Heal Bell|p1a: Daenerys Targayren
|-cureteam|p1a: Daenerys Targayren|[from] move: HealBell
|
|-damage|p2a: Zapdos|115\/384 tox|[from] psn
|turn|29
|
|move|p2a: Zapdos|Defog|p1a: Daenerys Targayren
|-unboost|p1a: Daenerys Targayren|evasion|1
|-sideend|p2: benjamin4321|Stealth Rock|[from] move: Defog|[of] p2a: Zapdos
|move|p1a: Daenerys Targayren|Moonblast|p2a: Zapdos
|-crit|p2a: Zapdos
|-damage|p2a: Zapdos|0 fnt
|faint|p2a: Zapdos
|
|
|switch|p2a: Clefable|Clefable, F|394\/394
|turn|30
|
|switch|p1a: Missandei|Chansey, F|543\/703
|move|p2a: Clefable|Stealth Rock|p1a: Missandei
|-sidestart|p1: RSMessiii|move: Stealth Rock
|
|turn|31
|
|switch|p2a: Landorus-Therian|Landorus-Therian, M|319\/319
|-ability|p2a: Landorus-Therian|Intimidate|[of] p1a: Missandei
|-unboost|p1a: Missandei|atk|1
|move|p1a: Missandei|Stealth Rock|p2a: Landorus-Therian
|-sidestart|p2: benjamin4321|move: Stealth Rock
|
|turn|32
|
|switch|p1a: Berristan Selmy|Slowbro, F|380\/393
|-damage|p1a: Berristan Selmy|331\/393|[from] Stealth Rock
|move|p2a: Landorus-Therian|U-turn|p1a: Berristan Selmy
|-supereffective|p1a: Berristan Selmy
|-damage|p1a: Berristan Selmy|201\/393
|
|switch|p2a: Keldeo|Keldeo|323\/323
|-damage|p2a: Keldeo|303\/323|[from] Stealth Rock
|
|-heal|p2a: Keldeo|323\/323|[from] item: Leftovers
|turn|33
|
|move|p2a: Keldeo|Calm Mind|p2a: Keldeo
|-boost|p2a: Keldeo|spa|1
|-boost|p2a: Keldeo|spd|1
|move|p1a: Berristan Selmy|Rest|p1a: Berristan Selmy
|-status|p1a: Berristan Selmy|slp
|-heal|p1a: Berristan Selmy|393\/393 slp|[silent]
|-status|p1a: Berristan Selmy|slp|[from] move: Rest
|
|turn|34
|
|switch|p1a: Daenerys Targayren|Clefable, M|393\/393
|-damage|p1a: Daenerys Targayren|344\/393|[from] Stealth Rock
|move|p2a: Keldeo|Scald|p1a: Daenerys Targayren
|-damage|p1a: Daenerys Targayren|176\/393
|
|-heal|p1a: Daenerys Targayren|200\/393|[from] item: Leftovers
|turn|35
|
|move|p1a: Daenerys Targayren|Protect|p1a: Daenerys Targayren
|-singleturn|p1a: Daenerys Targayren|Protect
|move|p2a: Keldeo|Scald|p1a: Daenerys Targayren
|-activate|p1a: Daenerys Targayren|Protect
|
|-heal|p1a: Daenerys Targayren|224\/393|[from] item: Leftovers
|turn|36
|
|move|p2a: Keldeo|Scald|p1a: Daenerys Targayren
|-damage|p1a: Daenerys Targayren|74\/393
|-status|p1a: Daenerys Targayren|brn
|move|p1a: Daenerys Targayren|Wish|p1a: Daenerys Targayren
|
|-heal|p1a: Daenerys Targayren|98\/393 brn|[from] item: Leftovers
|-damage|p1a: Daenerys Targayren|49\/393 brn|[from] brn
|turn|37
|
|move|p1a: Daenerys Targayren|Protect|p1a: Daenerys Targayren
|-singleturn|p1a: Daenerys Targayren|Protect
|move|p2a: Keldeo|Substitute|p2a: Keldeo
|-start|p2a: Keldeo|Substitute
|-damage|p2a: Keldeo|243\/323
|
|-heal|p1a: Daenerys Targayren|245\/393 brn|[from] move: Wish|[wisher] Daenerys Targayren
|-heal|p2a: Keldeo|263\/323|[from] item: Leftovers
|-heal|p1a: Daenerys Targayren|269\/393 brn|[from] item: Leftovers
|-damage|p1a: Daenerys Targayren|220\/393 brn|[from] brn
|turn|38
|
|move|p2a: Keldeo|Scald|p1a: Daenerys Targayren
|-damage|p1a: Daenerys Targayren|69\/393 brn
|move|p1a: Daenerys Targayren|Wish|p1a: Daenerys Targayren
|
|-heal|p2a: Keldeo|283\/323|[from] item: Leftovers
|-heal|p1a: Daenerys Targayren|93\/393 brn|[from] item: Leftovers
|-damage|p1a: Daenerys Targayren|44\/393 brn|[from] brn
|turn|39
|
|switch|p1a: Chesnaught|Chesnaught, F|286\/379
|-damage|p1a: Chesnaught|263\/379|[from] Stealth Rock
|move|p2a: Keldeo|Scald|p1a: Chesnaught
|-resisted|p1a: Chesnaught
|-damage|p1a: Chesnaught|138\/379
|
|-heal|p1a: Chesnaught|334\/379|[from] move: Wish|[wisher] Daenerys Targayren
|-heal|p2a: Keldeo|303\/323|[from] item: Leftovers
|-heal|p1a: Chesnaught|357\/379|[from] item: Leftovers
|turn|40
|
|move|p2a: Keldeo|Scald|p1a: Chesnaught
|-resisted|p1a: Chesnaught
|-damage|p1a: Chesnaught|213\/379
|move|p1a: Chesnaught|Drain Punch|p2a: Keldeo
|-end|p2a: Keldeo|Substitute
|-heal|p1a: Chesnaught|253\/379|[from] drain|[of] p2a: Keldeo
|
|-heal|p2a: Keldeo|323\/323|[from] item: Leftovers
|-heal|p1a: Chesnaught|276\/379|[from] item: Leftovers
|turn|41
|
|move|p2a: Keldeo|Substitute|p2a: Keldeo
|-start|p2a: Keldeo|Substitute
|-damage|p2a: Keldeo|243\/323
|move|p1a: Chesnaught|Leech Seed|p2a: Keldeo|[miss]
|-miss|p1a: Chesnaught|p2a: Keldeo
|
|-heal|p2a: Keldeo|263\/323|[from] item: Leftovers
|-heal|p1a: Chesnaught|299\/379|[from] item: Leftovers
|turn|42
|
|move|p2a: Keldeo|Scald|p1a: Chesnaught
|-resisted|p1a: Chesnaught
|-damage|p1a: Chesnaught|171\/379
|-status|p1a: Chesnaught|brn
|move|p1a: Chesnaught|Drain Punch|p2a: Keldeo
|-activate|p2a: Keldeo|Substitute|[damage]
|-heal|p1a: Chesnaught|197\/379 brn|[from] drain|[of] p2a: Keldeo
|
|-heal|p2a: Keldeo|283\/323|[from] item: Leftovers
|-heal|p1a: Chesnaught|220\/379 brn|[from] item: Leftovers
|-damage|p1a: Chesnaught|173\/379 brn|[from] brn
|turn|43
|c|âRSMessiii|ur burn ahx is fucking annoying
|c|âbenjamin4321|its a 30 percent chance
|c|âbenjamin4321|-_-
|c|âRSMessiii|yes exactly
|c|âbenjamin4321|3 scalds
|c|âbenjamin4321|1 burn
|c|âRSMessiii|no ?
|c|âbenjamin4321|33%
|c|âRSMessiii|that d be 33.3%
|c|âbenjamin4321|same fucking thing
|
|switch|p1a: Jorah Mormont|Skarmory, M|333\/333
|-damage|p1a: Jorah Mormont|292\/333|[from] Stealth Rock
|move|p2a: Keldeo|Calm Mind|p2a: Keldeo
|-boost|p2a: Keldeo|spa|1
|-boost|p2a: Keldeo|spd|1
|
|-heal|p2a: Keldeo|303\/323|[from] item: Leftovers
|turn|44
|
|move|p2a: Keldeo|Scald|p1a: Jorah Mormont
|-damage|p1a: Jorah Mormont|30\/333
|move|p1a: Jorah Mormont|Whirlwind|p2a: Keldeo
|drag|p2a: Clefable|Clefable, F|394\/394
|
|turn|45
|
|move|p1a: Jorah Mormont|Roost|p1a: Jorah Mormont
|-heal|p1a: Jorah Mormont|197\/333
|move|p2a: Clefable|Fire Blast|p1a: Jorah Mormont
|-supereffective|p1a: Jorah Mormont
|-damage|p1a: Jorah Mormont|47\/333
|
|turn|46
|
|move|p1a: Jorah Mormont|Roost|p1a: Jorah Mormont
|-heal|p1a: Jorah Mormont|214\/333
|move|p2a: Clefable|Fire Blast|p1a: Jorah Mormont
|-supereffective|p1a: Jorah Mormont
|-damage|p1a: Jorah Mormont|76\/333
|
|turn|47
|
|switch|p2a: Slowbro|Slowbro, M|394\/394
|-damage|p2a: Slowbro|345\/394|[from] Stealth Rock
|move|p1a: Jorah Mormont|Roost|p1a: Jorah Mormont
|-heal|p1a: Jorah Mormont|243\/333
|
|turn|48
|
|switch|p1a: Berristan Selmy|Slowbro, F|393\/393 slp
|-damage|p1a: Berristan Selmy|344\/393 slp|[from] Stealth Rock
|move|p2a: Slowbro|Scald|p1a: Berristan Selmy
|-resisted|p1a: Berristan Selmy
|-damage|p1a: Berristan Selmy|263\/393 slp
|
|turn|49
|
|switch|p2a: Heatran|Heatran, F|169\/385
|-damage|p2a: Heatran|121\/385|[from] Stealth Rock
|cant|p1a: Berristan Selmy|slp
|move|p1a: Berristan Selmy|Sleep Talk|p1a: Berristan Selmy
|move|p1a: Berristan Selmy|Calm Mind|p1a: Berristan Selmy|[from]Sleep Talk
|-boost|p1a: Berristan Selmy|spa|1
|-boost|p1a: Berristan Selmy|spd|1
|
|-heal|p2a: Heatran|145\/385|[from] item: Leftovers
|turn|50
|
|move|p2a: Heatran|Taunt|p1a: Berristan Selmy
|-start|p1a: Berristan Selmy|move: Taunt
|cant|p1a: Berristan Selmy|slp
|cant|p1a: Berristan Selmy|move: Taunt|Sleep Talk
|
|-heal|p2a: Heatran|169\/385|[from] item: Leftovers
|turn|51
|
|move|p2a: Heatran|Protect|p2a: Heatran
|-singleturn|p2a: Heatran|Protect
|-curestatus|p1a: Berristan Selmy|slp
|move|p1a: Berristan Selmy|Scald|p2a: Heatran
|-activate|p2a: Heatran|Protect
|
|-heal|p2a: Heatran|193\/385|[from] item: Leftovers
|turn|52
|
|move|p2a: Heatran|Toxic|p1a: Berristan Selmy
|-status|p1a: Berristan Selmy|tox
|move|p1a: Berristan Selmy|Scald|p2a: Heatran
|-supereffective|p2a: Heatran
|-damage|p2a: Heatran|1\/385
|
|-heal|p2a: Heatran|25\/385|[from] item: Leftovers
|-damage|p1a: Berristan Selmy|239\/393 tox|[from] psn
|-end|p1a: Berristan Selmy|move: Taunt
|turn|53
|
|move|p2a: Heatran|Taunt|p1a: Berristan Selmy
|-start|p1a: Berristan Selmy|move: Taunt
|move|p1a: Berristan Selmy|Scald|p2a: Heatran
|-supereffective|p2a: Heatran
|-damage|p2a: Heatran|0 fnt
|faint|p2a: Heatran
|
|-damage|p1a: Berristan Selmy|191\/393 tox|[from] psn
|
|switch|p2a: Keldeo|Keldeo|303\/323
|-damage|p2a: Keldeo|283\/323|[from] Stealth Rock
|turn|54
|
|switch|p1a: Jorah Mormont|Skarmory, M|243\/333
|-damage|p1a: Jorah Mormont|202\/333|[from] Stealth Rock
|move|p2a: Keldeo|Substitute|p2a: Keldeo
|-start|p2a: Keldeo|Substitute
|-damage|p2a: Keldeo|203\/323
|
|-heal|p2a: Keldeo|223\/323|[from] item: Leftovers
|turn|55
|
|move|p2a: Keldeo|Scald|p1a: Jorah Mormont
|-damage|p1a: Jorah Mormont|64\/333
|-status|p1a: Jorah Mormont|brn
|move|p1a: Jorah Mormont|Roost|p1a: Jorah Mormont
|-heal|p1a: Jorah Mormont|231\/333 brn
|
|-heal|p2a: Keldeo|243\/323|[from] item: Leftovers
|-damage|p1a: Jorah Mormont|190\/333 brn|[from] brn
|turn|56
|c|âRSMessiii|loool
|
|move|p2a: Keldeo|Calm Mind|p2a: Keldeo
|-boost|p2a: Keldeo|spa|1
|-boost|p2a: Keldeo|spd|1
|move|p1a: Jorah Mormont|Roost|p1a: Jorah Mormont
|-heal|p1a: Jorah Mormont|333\/333 brn
|
|-heal|p2a: Keldeo|263\/323|[from] item: Leftovers
|-damage|p1a: Jorah Mormont|292\/333 brn|[from] brn
|turn|57
|
|move|p2a: Keldeo|Scald|p1a: Jorah Mormont
|-damage|p1a: Jorah Mormont|88\/333 brn
|move|p1a: Jorah Mormont|Whirlwind|p2a: Keldeo
|drag|p2a: Slowbro|Slowbro, M|394\/394
|-damage|p2a: Slowbro|345\/394|[from] Stealth Rock
|
|-damage|p1a: Jorah Mormont|47\/333 brn|[from] brn
|turn|58
|
|move|p1a: Jorah Mormont|Roost|p1a: Jorah Mormont
|-heal|p1a: Jorah Mormont|214\/333 brn
|move|p2a: Slowbro|Scald|p1a: Jorah Mormont
|-damage|p1a: Jorah Mormont|91\/333 brn
|
|-damage|p1a: Jorah Mormont|50\/333 brn|[from] brn
|turn|59
|
|detailschange|p2a: Slowbro|Slowbro-Mega, M
|message|Slowbro has Mega Evolved into Mega Slowbro!
|move|p1a: Jorah Mormont|Defog|p2a: Slowbro
|-unboost|p2a: Slowbro|evasion|1
|-sideend|p2: benjamin4321|Stealth Rock|[from] move: Defog|[of] p2a: Slowbro
|-sideend|p1: RSMessiii|Stealth Rock|[from] move: Defog|[of] p1a: Jorah Mormont
|move|p2a: Slowbro|Fire Blast|p1a: Jorah Mormont
|-crit|p1a: Jorah Mormont
|-supereffective|p1a: Jorah Mormont
|-damage|p1a: Jorah Mormont|0 fnt
|faint|p1a: Jorah Mormont
|
|
|switch|p1a: Missandei|Chansey, F|543\/703
|turn|60
|
|switch|p2a: Landorus-Therian|Landorus-Therian, M|319\/319
|-ability|p2a: Landorus-Therian|Intimidate|[of] p1a: Missandei
|-unboost|p1a: Missandei|atk|1
|move|p1a: Missandei|Stealth Rock|p2a: Landorus-Therian
|-sidestart|p2: benjamin4321|move: Stealth Rock
|
|turn|61
|
|switch|p1a: Daario Nahaaris|Gliscor, M|353\/353
|move|p2a: Landorus-Therian|Explosion|p1a: Daario Nahaaris
|-damage|p1a: Daario Nahaaris|98\/353
|faint|p2a: Landorus-Therian
|
|-status|p1a: Daario Nahaaris|tox|[from] item: Toxic Orb
|
|switch|p2a: Keldeo|Keldeo|263\/323
|-damage|p2a: Keldeo|243\/323|[from] Stealth Rock
|turn|62
|
|switch|p1a: Missandei|Chansey, F|543\/703
|move|p2a: Keldeo|Substitute|p2a: Keldeo
|-start|p2a: Keldeo|Substitute
|-damage|p2a: Keldeo|163\/323
|
|-heal|p2a: Keldeo|183\/323|[from] item: Leftovers
|turn|63
|
|move|p2a: Keldeo|Secret Sword|p1a: Missandei
|-supereffective|p1a: Missandei
|-damage|p1a: Missandei|139\/703
|move|p1a: Missandei|Seismic Toss|p2a: Keldeo
|-end|p2a: Keldeo|Substitute
|
|-heal|p2a: Keldeo|203\/323|[from] item: Leftovers
|turn|64
|
|move|p2a: Keldeo|Secret Sword|p1a: Missandei
|-supereffective|p1a: Missandei
|-damage|p1a: Missandei|0 fnt
|faint|p1a: Missandei
|
|-heal|p2a: Keldeo|223\/323|[from] item: Leftovers
|
|switch|p1a: Berristan Selmy|Slowbro, F|322\/393 tox
|turn|65
|
|detailschange|p1a: Berristan Selmy|Slowbro-Mega, F
|message|Slowbro has Mega Evolved into Mega Slowbro!
|move|p2a: Keldeo|Substitute|p2a: Keldeo
|-start|p2a: Keldeo|Substitute
|-damage|p2a: Keldeo|143\/323
|move|p1a: Berristan Selmy|Calm Mind|p1a: Berristan Selmy
|-boost|p1a: Berristan Selmy|spa|1
|-boost|p1a: Berristan Selmy|spd|1
|
|-heal|p2a: Keldeo|163\/323|[from] item: Leftovers
|-damage|p1a: Berristan Selmy|298\/393 tox|[from] psn
|turn|66
|
|move|p2a: Keldeo|Calm Mind|p2a: Keldeo
|-boost|p2a: Keldeo|spa|1
|-boost|p2a: Keldeo|spd|1
|move|p1a: Berristan Selmy|Rest|p1a: Berristan Selmy
|-status|p1a: Berristan Selmy|slp
|-heal|p1a: Berristan Selmy|393\/393 slp|[silent]
|-status|p1a: Berristan Selmy|slp|[from] move: Rest
|
|-heal|p2a: Keldeo|183\/323|[from] item: Leftovers
|turn|67
|
|move|p2a: Keldeo|Calm Mind|p2a: Keldeo
|-boost|p2a: Keldeo|spa|1
|-boost|p2a: Keldeo|spd|1
|cant|p1a: Berristan Selmy|slp
|move|p1a: Berristan Selmy|Sleep Talk|p1a: Berristan Selmy
|move|p1a: Berristan Selmy|Rest|p1a: Berristan Selmy|[from]Sleep Talk
|-fail|p1a: Berristan Selmy
|
|-heal|p2a: Keldeo|203\/323|[from] item: Leftovers
|turn|68
|
|move|p2a: Keldeo|Calm Mind|p2a: Keldeo
|-boost|p2a: Keldeo|spa|1
|-boost|p2a: Keldeo|spd|1
|cant|p1a: Berristan Selmy|slp
|move|p1a: Berristan Selmy|Sleep Talk|p1a: Berristan Selmy
|move|p1a: Berristan Selmy|Calm Mind|p1a: Berristan Selmy|[from]Sleep Talk
|-boost|p1a: Berristan Selmy|spa|1
|-boost|p1a: Berristan Selmy|spd|1
|
|-heal|p2a: Keldeo|223\/323|[from] item: Leftovers
|turn|69
|
|move|p2a: Keldeo|Calm Mind|p2a: Keldeo
|-boost|p2a: Keldeo|spa|1
|-boost|p2a: Keldeo|spd|1
|-curestatus|p1a: Berristan Selmy|slp
|move|p1a: Berristan Selmy|Calm Mind|p1a: Berristan Selmy
|-boost|p1a: Berristan Selmy|spa|1
|-boost|p1a: Berristan Selmy|spd|1
|
|-heal|p2a: Keldeo|243\/323|[from] item: Leftovers
|turn|70
|
|move|p2a: Keldeo|Calm Mind|p2a: Keldeo
|-boost|p2a: Keldeo|spa|1
|-boost|p2a: Keldeo|spd|1
|move|p1a: Berristan Selmy|Calm Mind|p1a: Berristan Selmy
|-boost|p1a: Berristan Selmy|spa|1
|-boost|p1a: Berristan Selmy|spd|1
|
|-heal|p2a: Keldeo|263\/323|[from] item: Leftovers
|turn|71
|
|move|p2a: Keldeo|Calm Mind|p2a: Keldeo
|-boost|p2a: Keldeo|spa|1
|-boost|p2a: Keldeo|spd|1
|move|p1a: Berristan Selmy|Calm Mind|p1a: Berristan Selmy
|-boost|p1a: Berristan Selmy|spa|1
|-boost|p1a: Berristan Selmy|spd|1
|
|-heal|p2a: Keldeo|283\/323|[from] item: Leftovers
|turn|72
|
|move|p2a: Keldeo|Secret Sword|p1a: Berristan Selmy
|-resisted|p1a: Berristan Selmy
|-damage|p1a: Berristan Selmy|261\/393
|move|p1a: Berristan Selmy|Calm Mind|p1a: Berristan Selmy
|-boost|p1a: Berristan Selmy|spa|1
|-boost|p1a: Berristan Selmy|spd|1
|
|-heal|p2a: Keldeo|303\/323|[from] item: Leftovers
|turn|73
|
|move|p2a: Keldeo|Scald|p1a: Berristan Selmy
|-resisted|p1a: Berristan Selmy
|-damage|p1a: Berristan Selmy|179\/393
|move|p1a: Berristan Selmy|Rest|p1a: Berristan Selmy
|-status|p1a: Berristan Selmy|slp
|-heal|p1a: Berristan Selmy|393\/393 slp|[silent]
|-status|p1a: Berristan Selmy|slp|[from] move: Rest
|
|-heal|p2a: Keldeo|323\/323|[from] item: Leftovers
|turn|74
|
|move|p2a: Keldeo|Secret Sword|p1a: Berristan Selmy
|-resisted|p1a: Berristan Selmy
|-damage|p1a: Berristan Selmy|250\/393 slp
|cant|p1a: Berristan Selmy|slp
|move|p1a: Berristan Selmy|Sleep Talk|p1a: Berristan Selmy
|move|p1a: Berristan Selmy|Calm Mind|p1a: Berristan Selmy|[from]Sleep Talk
|-fail|p1a: Berristan Selmy
|
|turn|75
|
|move|p2a: Keldeo|Secret Sword|p1a: Berristan Selmy
|-resisted|p1a: Berristan Selmy
|-damage|p1a: Berristan Selmy|113\/393 slp
|cant|p1a: Berristan Selmy|slp
|move|p1a: Berristan Selmy|Sleep Talk|p1a: Berristan Selmy
|move|p1a: Berristan Selmy|Calm Mind|p1a: Berristan Selmy|[from]Sleep Talk
|-fail|p1a: Berristan Selmy
|
|turn|76
|c|âRSMessiii|yup luck won u this
|c|âbenjamin4321|gg
|c|âbenjamin4321|no it didnt
|c|âbenjamin4321|fuck off
|c|âbenjamin4321|just admit you have a solid team but your weakness is calm mind keldeo
|c|âbenjamin4321|fucking jesus
|c|âRSMessiii|u burned chesnaught and clefable twice and so was skarmory
|c|âbenjamin4321|30 percent
|
|move|p2a: Keldeo|Secret Sword|p1a: Berristan Selmy
|-resisted|p1a: Berristan Selmy
|-damage|p1a: Berristan Selmy|0 fnt
|faint|p1a: Berristan Selmy
|
|c|âRSMessiii|yes and u used like 8 on them
|
|switch|p1a: Chesnaught|Chesnaught, F|173\/379 brn
|turn|77
|
|move|p2a: Keldeo|Secret Sword|p1a: Chesnaught
|-damage|p1a: Chesnaught|0 fnt
|faint|p1a: Chesnaught
|
|
|switch|p1a: Daario Nahaaris|Gliscor, M|98\/353 tox
|turn|78
|c|âbenjamin4321|nothing worse than a sore loser
|c|âbenjamin4321|i swear
|
|move|p2a: Keldeo|Scald|p1a: Daario Nahaaris
|-supereffective|p1a: Daario Nahaaris
|-damage|p1a: Daario Nahaaris|0 fnt
|faint|p1a: Daario Nahaaris
|
|
|switch|p1a: Daenerys Targayren|Clefable, M|44\/393 brn
|turn|79
|
|move|p2a: Keldeo|Secret Sword|p1a: Daenerys Targayren
|-resisted|p1a: Daenerys Targayren
|-damage|p1a: Daenerys Targayren|0 fnt
|faint|p1a: Daenerys Targayren
|
|win|benjamin4321
|raw|Ladder updating...
|raw|RSMessiii's rating: 1766 &rarr; <strong>1737<\/strong><br \/>(-29 for losing)
|raw|benjamin4321's rating: 1607 &rarr; <strong>1636<\/strong><br \/>(+29 for winning)
|leave|benjamin4321
|player|p2
|join|benjamin4321