|join|RSMessiii
|join|TaleOfTwoTitties
|player|p1|RSMessiii|101
|player|p2|TaleOfTwoTitties|266
|gametype|singles
|gen|6
|tier|OU
|rated
|clearpoke
|poke|p1|Gliscor, M
|poke|p1|Clefable, M
|poke|p1|Chansey, F
|poke|p1|Slowbro, F
|poke|p1|Scizor, F
|poke|p1|Celebi
|poke|p2|Metagross
|poke|p2|Azumarill, F
|poke|p2|Latios, M
|poke|p2|Weavile, F
|poke|p2|Heatran, F
|poke|p2|Landorus-Therian, M
|rule|Swagger Clause: Swagger is banned
|rule|Baton Pass Clause: Limit one PokÃ©mon knowing Baton Pass
|rule|Sleep Clause Mod: Limit one foe put to sleep
|rule|Species Clause: Limit one of each PokÃ©mon
|rule|OHKO Clause: OHKO moves are banned
|rule|Moody Clause: Moody is banned
|rule|Evasion Moves Clause: Evasion moves are banned
|rule|Endless Battle Clause: Forcing endless battles is banned
|rule|HP Percentage Mod: HP is shown in percentages
|teampreview
|c|âTaleOfTwoTitties|gl hf
|c|âRSMessiii|u2
|
|start
|switch|p1a: Scizor|Scizor, F|343\/343
|switch|p2a: Landorus-Therian|Landorus-Therian, M|320\/320
|-ability|p2a: Landorus-Therian|Intimidate|[of] p1a: Scizor
|-unboost|p1a: Scizor|atk|1
|turn|1
|
|detailschange|p1a: Scizor|Scizor-Mega, F
|message|Scizor has Mega Evolved into Mega Scizor!
|move|p2a: Landorus-Therian|U-turn|p1a: Scizor
|-resisted|p1a: Scizor
|-damage|p1a: Scizor|315\/343
|
|switch|p2a: Heatran|Heatran, F|386\/386
|move|p1a: Scizor|U-turn|p2a: Heatran
|-resisted|p2a: Heatran
|-damage|p2a: Heatran|370\/386
|
|switch|p1a: Gliscor|Gliscor, M|353\/353
|
|-heal|p2a: Heatran|386\/386|[from] item: Leftovers
|-status|p1a: Gliscor|tox|[from] item: Toxic Orb
|turn|2
|
|switch|p2a: Landorus-Therian|Landorus-Therian, M|320\/320
|-ability|p2a: Landorus-Therian|Intimidate|[of] p1a: Gliscor
|-unboost|p1a: Gliscor|atk|1
|move|p1a: Gliscor|Knock Off|p2a: Landorus-Therian
|-damage|p2a: Landorus-Therian|267\/320
|-enditem|p2a: Landorus-Therian|Choice Scarf|[from] move: Knock Off|[of] p1a: Gliscor
|
|turn|3
|
|move|p2a: Landorus-Therian|Explosion|p1a: Gliscor
|-damage|p1a: Gliscor|110\/353 tox
|faint|p2a: Landorus-Therian
|move|p1a: Gliscor|Knock Off|p2: Landorus-Therian|[notarget]
|-notarget
|
|-heal|p1a: Gliscor|154\/353 tox|[from] ability: Poison Heal
|
|switch|p2a: Weavile|Weavile, F|282\/282
|-ability|p2a: Weavile|Pressure
|turn|4
|
|switch|p2a: Heatran|Heatran, F|386\/386
|switch|p1a: Scizor|Scizor-Mega, F|315\/343
|
|turn|5
|
|switch|p1a: Gliscor|Gliscor, M|154\/353 tox
|move|p2a: Heatran|Stealth Rock|p1a: Gliscor
|-sidestart|p1: RSMessiii|move: Stealth Rock
|
|-heal|p1a: Gliscor|198\/353 tox|[from] ability: Poison Heal
|turn|6
|
|switch|p2a: Latios|Latios, M|302\/302
|move|p1a: Gliscor|Knock Off|p2a: Latios
|-supereffective|p2a: Latios
|-damage|p2a: Latios|122\/302
|-enditem|p2a: Latios|Life Orb|[from] move: Knock Off|[of] p1a: Gliscor
|
|-heal|p1a: Gliscor|242\/353 tox|[from] ability: Poison Heal
|turn|7
|
|switch|p2a: Heatran|Heatran, F|386\/386
|switch|p1a: Celebi|Celebi|404\/404
|-damage|p1a: Celebi|354\/404|[from] Stealth Rock
|
|-heal|p1a: Celebi|379\/404|[from] item: Leftovers
|turn|8
|
|move|p1a: Celebi|U-turn|p2a: Heatran
|-resisted|p2a: Heatran
|-damage|p2a: Heatran|376\/386
|
|switch|p1a: Gliscor|Gliscor, M|242\/353 tox
|-damage|p1a: Gliscor|198\/353 tox|[from] Stealth Rock
|move|p2a: Heatran|Lava Plume|p1a: Gliscor
|-damage|p1a: Gliscor|81\/353 tox
|
|-heal|p2a: Heatran|386\/386|[from] item: Leftovers
|-heal|p1a: Gliscor|125\/353 tox|[from] ability: Poison Heal
|turn|9
|
|switch|p2a: Latios|Latios, M|122\/302
|move|p1a: Gliscor|Roost|p1a: Gliscor
|-heal|p1a: Gliscor|302\/353 tox
|
|-heal|p1a: Gliscor|346\/353 tox|[from] ability: Poison Heal
|turn|10
|
|switch|p1a: Celebi|Celebi|379\/404
|-damage|p1a: Celebi|329\/404|[from] Stealth Rock
|move|p2a: Latios|Draco Meteor|p1a: Celebi
|-damage|p1a: Celebi|161\/404
|-unboost|p2a: Latios|spa|2
|
|-heal|p1a: Celebi|186\/404|[from] item: Leftovers
|turn|11
|
|switch|p2a: XBox|Metagross|307\/307
|move|p1a: Celebi|U-turn|p2a: XBox
|-damage|p2a: XBox|263\/307
|
|switch|p1a: Slowbro|Slowbro, F|393\/393
|-damage|p1a: Slowbro|344\/393|[from] Stealth Rock
|
|-heal|p1a: Slowbro|368\/393|[from] item: Leftovers
|turn|12
|
|switch|p2a: Latios|Latios, M|122\/302
|move|p1a: Slowbro|Scald|p2a: Latios
|-resisted|p2a: Latios
|-damage|p2a: Latios|78\/302
|
|-heal|p1a: Slowbro|392\/393|[from] item: Leftovers
|turn|13
|
|switch|p1a: Clefable|Clefable, M|393\/393
|-damage|p1a: Clefable|344\/393|[from] Stealth Rock
|move|p2a: Latios|Roost|p2a: Latios
|-heal|p2a: Latios|229\/302
|
|-heal|p1a: Clefable|368\/393|[from] item: Leftovers
|turn|14
|
|switch|p2a: Heatran|Heatran, F|386\/386
|move|p1a: Clefable|Wish|p1a: Clefable
|
|-heal|p1a: Clefable|392\/393|[from] item: Leftovers
|turn|15
|
|switch|p1a: Chansey|Chansey, F|703\/703
|-damage|p1a: Chansey|616\/703|[from] Stealth Rock
|move|p2a: Heatran|Roar|p1a: Chansey
|drag|p1a: Clefable|Clefable, M|392\/393
|-damage|p1a: Clefable|343\/393|[from] Stealth Rock
|
|-heal|p1a: Clefable|393\/393|[from] move: Wish|[wisher] Clefable
|turn|16
|
|move|p1a: Clefable|Protect|p1a: Clefable
|-singleturn|p1a: Clefable|Protect
|move|p2a: Heatran|Toxic|p1a: Clefable
|-activate|p1a: Clefable|Protect
|
|turn|17
|
|switch|p1a: Gliscor|Gliscor, M|346\/353 tox
|-damage|p1a: Gliscor|302\/353 tox|[from] Stealth Rock
|move|p2a: Heatran|Roar|p1a: Gliscor
|drag|p1a: Slowbro|Slowbro, F|393\/393
|-damage|p1a: Slowbro|344\/393|[from] Stealth Rock
|
|-heal|p1a: Slowbro|368\/393|[from] item: Leftovers
|turn|18
|
|switch|p2a: Latios|Latios, M|229\/302
|move|p1a: Slowbro|Scald|p2a: Latios
|-resisted|p2a: Latios
|-damage|p2a: Latios|182\/302
|-status|p2a: Latios|brn
|
|-heal|p1a: Slowbro|392\/393|[from] item: Leftovers
|-damage|p2a: Latios|145\/302 brn|[from] brn
|turn|19
|
|switch|p2a: XBox|Metagross|263\/307
|switch|p1a: Clefable|Clefable, M|393\/393
|-damage|p1a: Clefable|344\/393|[from] Stealth Rock
|
|-heal|p1a: Clefable|368\/393|[from] item: Leftovers
|turn|20
|
|switch|p2a: Weavile|Weavile, F|282\/282
|-ability|p2a: Weavile|Pressure
|move|p1a: Clefable|Protect|p1a: Clefable
|-fail|p1a: Clefable
|
|-heal|p1a: Clefable|392\/393|[from] item: Leftovers
|turn|21
|c|âTaleOfTwoTitties|my team sucks against stall
|c|âTaleOfTwoTitties|gg
|-message|TaleOfTwoTitties forfeited.
|
|win|RSMessiii
|raw|Ladder updating...
|leave|TaleOfTwoTitties
|player|p2
|raw|RSMessiii's rating: 1580 &rarr; <strong>1591<\/strong><br \/>(+11 for winning)
|raw|TaleOfTwoTitties's rating: 1416 &rarr; <strong>1404<\/strong><br \/>(-12 for losing)