|join|RSMessiii
|join|Masterghiru
|player|p1|RSMessiii|169
|player|p2|Masterghiru|52
|gametype|singles
|gen|6
|tier|OU
|rated
|clearpoke
|poke|p1|Gliscor, M
|poke|p1|Clefable, M
|poke|p1|Chansey, F
|poke|p1|Slowbro, F
|poke|p1|Skarmory, M
|poke|p1|Chesnaught, F
|poke|p2|Ferrothorn, F
|poke|p2|Landorus, M
|poke|p2|Latios, M
|poke|p2|Metagross
|poke|p2|Terrakion
|poke|p2|Rotom-Wash
|rule|Swagger Clause: Swagger is banned
|rule|Baton Pass Clause: Limit one PokÃ©mon knowing Baton Pass
|rule|Sleep Clause Mod: Limit one foe put to sleep
|rule|Species Clause: Limit one of each PokÃ©mon
|rule|OHKO Clause: OHKO moves are banned
|rule|Moody Clause: Moody is banned
|rule|Evasion Moves Clause: Evasion moves are banned
|rule|Endless Battle Clause: Forcing endless battles is banned
|rule|HP Percentage Mod: HP is shown in percentages
|teampreview
|join|DDarkdevil
|
|start
|switch|p1a: Daenerys Targayren|Clefable, M|393\/393
|switch|p2a: Landorus|Landorus, M|319\/319
|turn|1
|
|switch|p1a: Missandei|Chansey, F|703\/703
|move|p2a: Landorus|Earth Power|p1a: Missandei
|-damage|p1a: Missandei|555\/703
|
|turn|2
|
|move|p2a: Landorus|Knock Off|p1a: Missandei
|-damage|p1a: Missandei|403\/703
|-enditem|p1a: Missandei|Eviolite|[from] move: Knock Off|[of] p2a: Landorus
|-damage|p2a: Landorus|288\/319|[from] item: Life Orb
|move|p1a: Missandei|Stealth Rock|p2a: Landorus
|-sidestart|p2: Masterghiru|move: Stealth Rock
|
|turn|3
|
|switch|p1a: Daario Nahaaris|Gliscor, M|353\/353
|move|p2a: Landorus|Focus Blast|p1a: Daario Nahaaris
|-resisted|p1a: Daario Nahaaris
|-damage|p1a: Daario Nahaaris|254\/353
|
|-status|p1a: Daario Nahaaris|tox|[from] item: Toxic Orb
|turn|4
|
|move|p2a: Landorus|Psychic|p1a: Daario Nahaaris
|-damage|p1a: Daario Nahaaris|111\/353 tox
|move|p1a: Daario Nahaaris|Knock Off|p2a: Landorus
|-damage|p2a: Landorus|209\/319
|-enditem|p2a: Landorus|Life Orb|[from] move: Knock Off|[of] p1a: Daario Nahaaris
|
|-heal|p1a: Daario Nahaaris|155\/353 tox|[from] ability: Poison Heal
|turn|5
|
|move|p2a: Landorus|Psychic|p1a: Daario Nahaaris
|-damage|p1a: Daario Nahaaris|31\/353 tox
|move|p1a: Daario Nahaaris|Roost|p1a: Daario Nahaaris
|-heal|p1a: Daario Nahaaris|208\/353 tox
|
|-heal|p1a: Daario Nahaaris|252\/353 tox|[from] ability: Poison Heal
|turn|6
|
|move|p2a: Landorus|Psychic|p1a: Daario Nahaaris
|-damage|p1a: Daario Nahaaris|130\/353 tox
|move|p1a: Daario Nahaaris|Knock Off|p2a: Landorus
|-damage|p2a: Landorus|154\/319
|
|-heal|p1a: Daario Nahaaris|174\/353 tox|[from] ability: Poison Heal
|turn|7
|
|switch|p2a: Rotom-Wash|Rotom-Wash|303\/303
|-damage|p2a: Rotom-Wash|266\/303|[from] Stealth Rock
|move|p1a: Daario Nahaaris|Roost|p1a: Daario Nahaaris
|-heal|p1a: Daario Nahaaris|351\/353 tox
|
|-heal|p1a: Daario Nahaaris|353\/353 tox|[from] ability: Poison Heal
|turn|8
|
|switch|p1a: Chesnaught|Chesnaught, F|379\/379
|move|p2a: Rotom-Wash|Hydro Pump|p1a: Chesnaught
|-crit|p1a: Chesnaught
|-resisted|p1a: Chesnaught
|-damage|p1a: Chesnaught|241\/379
|
|-heal|p1a: Chesnaught|264\/379|[from] item: Leftovers
|turn|9
|
|move|p2a: Rotom-Wash|Will-O-Wisp|p1a: Chesnaught
|-status|p1a: Chesnaught|brn
|move|p1a: Chesnaught|Leech Seed|p2a: Rotom-Wash|[miss]
|-miss|p1a: Chesnaught|p2a: Rotom-Wash
|
|-heal|p1a: Chesnaught|287\/379 brn|[from] item: Leftovers
|-damage|p1a: Chesnaught|240\/379 brn|[from] brn
|turn|10
|
|move|p2a: Rotom-Wash|Volt Switch|p1a: Chesnaught
|-resisted|p1a: Chesnaught
|-damage|p1a: Chesnaught|188\/379 brn
|
|switch|p2a: Latios|Latios, M|301\/301
|-damage|p2a: Latios|264\/301|[from] Stealth Rock
|move|p1a: Chesnaught|Spikes|p2a: Latios
|-sidestart|p2: Masterghiru|Spikes
|
|-heal|p1a: Chesnaught|211\/379 brn|[from] item: Leftovers
|-damage|p1a: Chesnaught|164\/379 brn|[from] brn
|turn|11
|
|switch|p1a: Daenerys Targayren|Clefable, M|393\/393
|move|p2a: Latios|Defog|p1a: Daenerys Targayren
|-unboost|p1a: Daenerys Targayren|evasion|1
|-sideend|p2: Masterghiru|Spikes|[from] move: Defog|[of] p2a: Latios
|-sideend|p2: Masterghiru|Stealth Rock|[from] move: Defog|[of] p2a: Latios
|
|turn|12
|
|switch|p2a: Metagross|Metagross|301\/301
|move|p1a: Daenerys Targayren|Heal Bell|p1a: Daenerys Targayren
|-cureteam|p1a: Daenerys Targayren|[from] move: HealBell
|
|turn|13
|
|switch|p1a: Jorah Mormont|Skarmory, M|333\/333
|detailschange|p2a: Metagross|Metagross-Mega
|-mega|p2a: Metagross|Metagross|Metagrossite
|move|p2a: Metagross|Meteor Mash|p1a: Jorah Mormont
|-resisted|p1a: Jorah Mormont
|-damage|p1a: Jorah Mormont|249\/333
|
|turn|14
|
|move|p2a: Metagross|Hammer Arm|p1a: Jorah Mormont
|-damage|p1a: Jorah Mormont|111\/333
|-unboost|p2a: Metagross|spe|1
|move|p1a: Jorah Mormont|Roost|p1a: Jorah Mormont
|-heal|p1a: Jorah Mormont|278\/333
|
|turn|15
|
|switch|p1a: Berristan Selmy|Slowbro, F|393\/393
|move|p2a: Metagross|Hammer Arm|p1a: Berristan Selmy
|-resisted|p1a: Berristan Selmy
|-damage|p1a: Berristan Selmy|332\/393
|-unboost|p2a: Metagross|spe|1
|
|turn|16
|
|switch|p2a: Ferrothorn|Ferrothorn, F|352\/352
|move|p1a: Berristan Selmy|Scald|p2a: Ferrothorn
|-resisted|p2a: Ferrothorn
|-damage|p2a: Ferrothorn|316\/352
|
|-heal|p2a: Ferrothorn|338\/352|[from] item: Leftovers
|turn|17
|
|move|p1a: Berristan Selmy|Scald|p2a: Ferrothorn
|-resisted|p2a: Ferrothorn
|-damage|p2a: Ferrothorn|305\/352
|move|p2a: Ferrothorn|Leech Seed|p1a: Berristan Selmy
|-start|p1a: Berristan Selmy|move: Leech Seed
|
|-heal|p2a: Ferrothorn|327\/352|[from] item: Leftovers
|-damage|p1a: Berristan Selmy|283\/393|[from] Leech Seed|[of] p2a: Ferrothorn
|-heal|p2a: Ferrothorn|352\/352|[silent]
|turn|18
|
|switch|p1a: Chesnaught|Chesnaught, F|164\/379
|move|p2a: Ferrothorn|Stealth Rock|p1a: Chesnaught
|-sidestart|p1: RSMessiii|move: Stealth Rock
|
|-heal|p1a: Chesnaught|187\/379|[from] item: Leftovers
|turn|19
|
|switch|p2a: Latios|Latios, M|264\/301
|move|p1a: Chesnaught|Spikes|p2a: Latios
|-sidestart|p2: Masterghiru|Spikes
|
|-heal|p1a: Chesnaught|210\/379|[from] item: Leftovers
|turn|20
|
|move|p1a: Chesnaught|Spiky Shield|p1a: Chesnaught
|-singleturn|p1a: Chesnaught|move: Protect
|move|p2a: Latios|Psyshock|p1a: Chesnaught
|-activate|p1a: Chesnaught|move: Protect
|
|-heal|p1a: Chesnaught|233\/379|[from] item: Leftovers
|turn|21
|
|switch|p1a: Daenerys Targayren|Clefable, M|393\/393
|-damage|p1a: Daenerys Targayren|344\/393|[from] Stealth Rock
|move|p2a: Latios|Psyshock|p1a: Daenerys Targayren
|-damage|p1a: Daenerys Targayren|175\/393
|-damage|p2a: Latios|234\/301|[from] item: Life Orb
|
|-heal|p1a: Daenerys Targayren|199\/393|[from] item: Leftovers
|turn|22
|
|switch|p2a: Metagross|Metagross-Mega|301\/301
|-damage|p2a: Metagross|264\/301|[from] Spikes
|move|p1a: Daenerys Targayren|Wish|p1a: Daenerys Targayren
|
|-heal|p1a: Daenerys Targayren|223\/393|[from] item: Leftovers
|turn|23
|
|move|p1a: Daenerys Targayren|Protect|p1a: Daenerys Targayren
|-singleturn|p1a: Daenerys Targayren|Protect
|move|p2a: Metagross|Meteor Mash|p1a: Daenerys Targayren
|-activate|p1a: Daenerys Targayren|Protect
|
|-heal|p1a: Daenerys Targayren|393\/393|[from] move: Wish|[wisher] Daenerys Targayren
|turn|24
|
|switch|p1a: Berristan Selmy|Slowbro, F|393\/393
|-damage|p1a: Berristan Selmy|344\/393|[from] Stealth Rock
|move|p2a: Metagross|Meteor Mash|p1a: Berristan Selmy
|-resisted|p1a: Berristan Selmy
|-damage|p1a: Berristan Selmy|263\/393
|
|turn|25
|
|switch|p2a: Rotom-Wash|Rotom-Wash|266\/303
|move|p1a: Berristan Selmy|Scald|p2a: Rotom-Wash
|-resisted|p2a: Rotom-Wash
|-damage|p2a: Rotom-Wash|224\/303
|
|turn|26
|
|switch|p1a: Chesnaught|Chesnaught, F|233\/379
|-damage|p1a: Chesnaught|210\/379|[from] Stealth Rock
|move|p2a: Rotom-Wash|Will-O-Wisp|p1a: Chesnaught
|-status|p1a: Chesnaught|brn
|
|-heal|p1a: Chesnaught|233\/379 brn|[from] item: Leftovers
|-damage|p1a: Chesnaught|186\/379 brn|[from] brn
|turn|27
|
|move|p2a: Rotom-Wash|Volt Switch|p1a: Chesnaught
|-resisted|p1a: Chesnaught
|-damage|p1a: Chesnaught|135\/379 brn
|
|switch|p2a: Latios|Latios, M|234\/301
|move|p1a: Chesnaught|Leech Seed|p2a: Latios
|-start|p2a: Latios|move: Leech Seed
|
|-heal|p1a: Chesnaught|158\/379 brn|[from] item: Leftovers
|-damage|p2a: Latios|197\/301|[from] Leech Seed|[of] p1a: Chesnaught
|-heal|p1a: Chesnaught|195\/379 brn|[silent]
|-damage|p1a: Chesnaught|148\/379 brn|[from] brn
|turn|28
|
|switch|p1a: Daenerys Targayren|Clefable, M|393\/393
|-damage|p1a: Daenerys Targayren|344\/393|[from] Stealth Rock
|move|p2a: Latios|Recover|p2a: Latios
|-heal|p2a: Latios|301\/301
|
|-heal|p1a: Daenerys Targayren|368\/393|[from] item: Leftovers
|-damage|p2a: Latios|264\/301|[from] Leech Seed|[of] p1a: Daenerys Targayren
|-heal|p1a: Daenerys Targayren|393\/393|[silent]
|turn|29
|
|switch|p2a: Metagross|Metagross-Mega|264\/301
|-damage|p2a: Metagross|227\/301|[from] Spikes
|move|p1a: Daenerys Targayren|Heal Bell|p1a: Daenerys Targayren
|-cureteam|p1a: Daenerys Targayren|[from] move: HealBell
|
|turn|30
|
|switch|p2a: Rotom-Wash|Rotom-Wash|224\/303
|move|p1a: Daenerys Targayren|Protect|p1a: Daenerys Targayren
|-fail|p1a: Daenerys Targayren
|
|turn|31
|
|move|p2a: Rotom-Wash|Volt Switch|p1a: Daenerys Targayren
|-damage|p1a: Daenerys Targayren|296\/393
|
|switch|p2a: Metagross|Metagross-Mega|227\/301
|-damage|p2a: Metagross|190\/301|[from] Spikes
|move|p1a: Daenerys Targayren|Moonblast|p2a: Metagross
|-resisted|p2a: Metagross
|-damage|p2a: Metagross|137\/301
|
|-heal|p1a: Daenerys Targayren|320\/393|[from] item: Leftovers
|turn|32
|
|move|p1a: Daenerys Targayren|Protect|p1a: Daenerys Targayren
|-singleturn|p1a: Daenerys Targayren|Protect
|move|p2a: Metagross|Meteor Mash|p1a: Daenerys Targayren
|-activate|p1a: Daenerys Targayren|Protect
|
|-heal|p1a: Daenerys Targayren|344\/393|[from] item: Leftovers
|turn|33
|
|switch|p1a: Berristan Selmy|Slowbro, F|393\/393
|-damage|p1a: Berristan Selmy|344\/393|[from] Stealth Rock
|move|p2a: Metagross|Meteor Mash|p1a: Berristan Selmy
|-resisted|p1a: Berristan Selmy
|-damage|p1a: Berristan Selmy|266\/393
|
|turn|34
|
|switch|p2a: Rotom-Wash|Rotom-Wash|224\/303
|move|p1a: Berristan Selmy|Scald|p2a: Rotom-Wash
|-resisted|p2a: Rotom-Wash
|-damage|p2a: Rotom-Wash|177\/303
|
|turn|35
|
|switch|p1a: Chesnaught|Chesnaught, F|148\/379
|-damage|p1a: Chesnaught|125\/379|[from] Stealth Rock
|move|p2a: Rotom-Wash|Volt Switch|p1a: Chesnaught
|-resisted|p1a: Chesnaught
|-damage|p1a: Chesnaught|72\/379
|
|switch|p2a: Latios|Latios, M|264\/301
|
|-heal|p1a: Chesnaught|95\/379|[from] item: Leftovers
|turn|36
|
|move|p1a: Chesnaught|Spiky Shield|p1a: Chesnaught
|-singleturn|p1a: Chesnaught|move: Protect
|move|p2a: Latios|Psyshock|p1a: Chesnaught
|-activate|p1a: Chesnaught|move: Protect
|
|-heal|p1a: Chesnaught|118\/379|[from] item: Leftovers
|turn|37
|
|switch|p1a: Daario Nahaaris|Gliscor, M|353\/353
|-damage|p1a: Daario Nahaaris|309\/353|[from] Stealth Rock
|move|p2a: Latios|Psyshock|p1a: Daario Nahaaris
|-crit|p1a: Daario Nahaaris
|-damage|p1a: Daario Nahaaris|87\/353
|-damage|p2a: Latios|234\/301|[from] item: Life Orb
|
|-status|p1a: Daario Nahaaris|tox|[from] item: Toxic Orb
|turn|38
|
|switch|p1a: Berristan Selmy|Slowbro, F|393\/393
|-damage|p1a: Berristan Selmy|344\/393|[from] Stealth Rock
|move|p2a: Latios|Psyshock|p1a: Berristan Selmy
|-crit|p1a: Berristan Selmy
|-resisted|p1a: Berristan Selmy
|-damage|p1a: Berristan Selmy|247\/393
|-damage|p2a: Latios|204\/301|[from] item: Life Orb
|
|turn|39
|join|Barge7799
|c|âRSMessiii|crit me t death
|
|switch|p1a: Daenerys Targayren|Clefable, M|344\/393
|-damage|p1a: Daenerys Targayren|295\/393|[from] Stealth Rock
|move|p2a: Latios|Draco Meteor|p1a: Daenerys Targayren
|-immune|p1a: Daenerys Targayren|[msg]
|
|-heal|p1a: Daenerys Targayren|319\/393|[from] item: Leftovers
|turn|40
|
|switch|p2a: Ferrothorn|Ferrothorn, F|352\/352
|-damage|p2a: Ferrothorn|308\/352|[from] Spikes
|move|p1a: Daenerys Targayren|Wish|p1a: Daenerys Targayren
|
|-heal|p1a: Daenerys Targayren|343\/393|[from] item: Leftovers
|-heal|p2a: Ferrothorn|330\/352|[from] item: Leftovers
|turn|41
|
|switch|p1a: Chesnaught|Chesnaught, F|118\/379
|-damage|p1a: Chesnaught|95\/379|[from] Stealth Rock
|move|p2a: Ferrothorn|Gyro Ball|p1a: Chesnaught
|-immune|p1a: Chesnaught|[msg]|[from] Bulletproof
|
|-heal|p1a: Chesnaught|291\/379|[from] move: Wish|[wisher] Daenerys Targayren
|-heal|p1a: Chesnaught|314\/379|[from] item: Leftovers
|-heal|p2a: Ferrothorn|352\/352|[from] item: Leftovers
|turn|42
|
|switch|p2a: Landorus|Landorus, M|154\/319
|move|p1a: Chesnaught|Leech Seed|p2a: Landorus
|-start|p2a: Landorus|move: Leech Seed
|
|-heal|p1a: Chesnaught|337\/379|[from] item: Leftovers
|-damage|p2a: Landorus|115\/319|[from] Leech Seed|[of] p1a: Chesnaught
|-heal|p1a: Chesnaught|376\/379|[silent]
|turn|43
|
|switch|p2a: Latios|Latios, M|204\/301
|switch|p1a: Berristan Selmy|Slowbro, F|378\/393
|-damage|p1a: Berristan Selmy|329\/393|[from] Stealth Rock
|
|turn|44
|
|move|p2a: Latios|Draco Meteor|p1a: Berristan Selmy|[miss]
|-miss|p2a: Latios|p1a: Berristan Selmy
|move|p1a: Berristan Selmy|Scald|p2a: Latios
|-resisted|p2a: Latios
|-damage|p2a: Latios|164\/301
|
|turn|45
|
|move|p2a: Latios|Recover|p2a: Latios
|-heal|p2a: Latios|301\/301
|move|p1a: Berristan Selmy|Scald|p2a: Latios
|-resisted|p2a: Latios
|-damage|p2a: Latios|257\/301
|-status|p2a: Latios|brn
|
|-damage|p2a: Latios|220\/301 brn|[from] brn
|turn|46
|
|switch|p1a: Jorah Mormont|Skarmory, M|278\/333
|-damage|p1a: Jorah Mormont|237\/333|[from] Stealth Rock
|move|p2a: Latios|Psyshock|p1a: Jorah Mormont
|-resisted|p1a: Jorah Mormont
|-damage|p1a: Jorah Mormont|171\/333
|-damage|p2a: Latios|190\/301 brn|[from] item: Life Orb
|
|-damage|p2a: Latios|153\/301 brn|[from] brn
|turn|47
|
|switch|p2a: Rotom-Wash|Rotom-Wash|177\/303
|move|p1a: Jorah Mormont|Roost|p1a: Jorah Mormont
|-heal|p1a: Jorah Mormont|333\/333
|
|turn|48
|
|switch|p1a: Chesnaught|Chesnaught, F|376\/379
|-damage|p1a: Chesnaught|353\/379|[from] Stealth Rock
|move|p2a: Rotom-Wash|Volt Switch|p1a: Chesnaught
|-resisted|p1a: Chesnaught
|-damage|p1a: Chesnaught|296\/379
|
|switch|p2a: Landorus|Landorus, M|115\/319
|
|-heal|p1a: Chesnaught|319\/379|[from] item: Leftovers
|turn|49
|
|move|p1a: Chesnaught|Spiky Shield|p1a: Chesnaught
|-singleturn|p1a: Chesnaught|move: Protect
|move|p2a: Landorus|Psychic|p1a: Chesnaught
|-activate|p1a: Chesnaught|move: Protect
|
|-heal|p1a: Chesnaught|342\/379|[from] item: Leftovers
|turn|50
|
|switch|p1a: Missandei|Chansey, F|403\/703
|-damage|p1a: Missandei|316\/703|[from] Stealth Rock
|move|p2a: Landorus|Earth Power|p1a: Missandei
|-damage|p1a: Missandei|142\/703
|
|turn|51
|
|switch|p1a: Jorah Mormont|Skarmory, M|333\/333
|-damage|p1a: Jorah Mormont|292\/333|[from] Stealth Rock
|move|p2a: Landorus|Earth Power|p1a: Jorah Mormont
|-immune|p1a: Jorah Mormont|[msg]
|
|turn|52
|
|switch|p2a: Rotom-Wash|Rotom-Wash|177\/303
|move|p1a: Jorah Mormont|Brave Bird|p2a: Rotom-Wash
|-resisted|p2a: Rotom-Wash
|-damage|p2a: Rotom-Wash|135\/303
|-damage|p1a: Jorah Mormont|278\/333|[from] recoil|[of] p2a: Rotom-Wash
|
|turn|53
|
|switch|p1a: Missandei|Chansey, F|142\/703
|-damage|p1a: Missandei|55\/703|[from] Stealth Rock
|move|p2a: Rotom-Wash|Volt Switch|p1a: Missandei
|-damage|p1a: Missandei|0 fnt
|faint|p1a: Missandei
|
|switch|p2a: Terrakion|Terrakion|323\/323
|-damage|p2a: Terrakion|283\/323|[from] Spikes
|
|leave|Barge7799
|
|switch|p1a: Chesnaught|Chesnaught, F|342\/379
|-damage|p1a: Chesnaught|319\/379|[from] Stealth Rock
|turn|54
|join|agraS
|leave|agraS
|
|switch|p2a: Rotom-Wash|Rotom-Wash|135\/303
|move|p1a: Chesnaught|Leech Seed|p2a: Rotom-Wash
|-start|p2a: Rotom-Wash|move: Leech Seed
|
|-heal|p1a: Chesnaught|342\/379|[from] item: Leftovers
|-damage|p2a: Rotom-Wash|98\/303|[from] Leech Seed|[of] p1a: Chesnaught
|-heal|p1a: Chesnaught|379\/379|[silent]
|turn|55
|
|move|p2a: Rotom-Wash|Rest|p2a: Rotom-Wash
|-status|p2a: Rotom-Wash|slp
|-heal|p2a: Rotom-Wash|303\/303 slp|[silent]
|-status|p2a: Rotom-Wash|slp|[from] move: Rest
|-enditem|p2a: Rotom-Wash|Chesto Berry|[eat]
|-curestatus|p2a: Rotom-Wash|slp
|move|p1a: Chesnaught|Spikes|p2a: Rotom-Wash
|-sidestart|p2: Masterghiru|Spikes
|
|-damage|p2a: Rotom-Wash|266\/303|[from] Leech Seed|[of] p1a: Chesnaught
|turn|56
|
|switch|p2a: Landorus|Landorus, M|115\/319
|switch|p1a: Daario Nahaaris|Gliscor, M|87\/353 tox
|-damage|p1a: Daario Nahaaris|43\/353 tox|[from] Stealth Rock
|
|-heal|p1a: Daario Nahaaris|87\/353 tox|[from] ability: Poison Heal
|turn|57
|
|switch|p1a: Jorah Mormont|Skarmory, M|278\/333
|-damage|p1a: Jorah Mormont|237\/333|[from] Stealth Rock
|move|p2a: Landorus|Psychic|p1a: Jorah Mormont
|-resisted|p1a: Jorah Mormont
|-damage|p1a: Jorah Mormont|177\/333
|
|turn|58
|
|switch|p2a: Rotom-Wash|Rotom-Wash|266\/303
|move|p1a: Jorah Mormont|Roost|p1a: Jorah Mormont
|-heal|p1a: Jorah Mormont|333\/333
|
|turn|59
|
|switch|p1a: Chesnaught|Chesnaught, F|379\/379
|-damage|p1a: Chesnaught|356\/379|[from] Stealth Rock
|move|p2a: Rotom-Wash|Will-O-Wisp|p1a: Chesnaught
|-status|p1a: Chesnaught|brn
|
|-heal|p1a: Chesnaught|379\/379 brn|[from] item: Leftovers
|-damage|p1a: Chesnaught|332\/379 brn|[from] brn
|turn|60
|join|Barge7799
|
|move|p2a: Rotom-Wash|Volt Switch|p1a: Chesnaught
|-resisted|p1a: Chesnaught
|-damage|p1a: Chesnaught|280\/379 brn
|leave|Barge7799
|join|notjakob
|
|switch|p2a: Latios|Latios, M|153\/301 brn
|move|p1a: Chesnaught|Leech Seed|p2a: Latios
|-start|p2a: Latios|move: Leech Seed
|
|-heal|p1a: Chesnaught|303\/379 brn|[from] item: Leftovers
|-damage|p2a: Latios|116\/301 brn|[from] Leech Seed|[of] p1a: Chesnaught
|-heal|p1a: Chesnaught|340\/379 brn|[silent]
|-damage|p2a: Latios|79\/301 brn|[from] brn
|-damage|p1a: Chesnaught|293\/379 brn|[from] brn
|turn|61
|
|switch|p1a: Daenerys Targayren|Clefable, M|343\/393
|-damage|p1a: Daenerys Targayren|294\/393|[from] Stealth Rock
|move|p2a: Latios|Recover|p2a: Latios
|-heal|p2a: Latios|230\/301 brn
|
|-heal|p1a: Daenerys Targayren|318\/393|[from] item: Leftovers
|-damage|p2a: Latios|193\/301 brn|[from] Leech Seed|[of] p1a: Daenerys Targayren
|-heal|p1a: Daenerys Targayren|355\/393|[silent]
|-damage|p2a: Latios|156\/301 brn|[from] brn
|turn|62
|
|switch|p2a: Ferrothorn|Ferrothorn, F|352\/352
|-damage|p2a: Ferrothorn|294\/352|[from] Spikes
|move|p1a: Daenerys Targayren|Moonblast|p2a: Ferrothorn
|-resisted|p2a: Ferrothorn
|-damage|p2a: Ferrothorn|256\/352
|
|-heal|p1a: Daenerys Targayren|379\/393|[from] item: Leftovers
|-heal|p2a: Ferrothorn|278\/352|[from] item: Leftovers
|turn|63
|
|move|p1a: Daenerys Targayren|Heal Bell|p1a: Daenerys Targayren
|-cureteam|p1a: Daenerys Targayren|[from] move: HealBell
|move|p2a: Ferrothorn|Gyro Ball|p1a: Daenerys Targayren
|-supereffective|p1a: Daenerys Targayren
|-damage|p1a: Daenerys Targayren|179\/393
|
|-heal|p1a: Daenerys Targayren|203\/393|[from] item: Leftovers
|-heal|p2a: Ferrothorn|300\/352|[from] item: Leftovers
|turn|64
|
|move|p1a: Daenerys Targayren|Protect|p1a: Daenerys Targayren
|-singleturn|p1a: Daenerys Targayren|Protect
|move|p2a: Ferrothorn|Gyro Ball|p1a: Daenerys Targayren
|-activate|p1a: Daenerys Targayren|Protect
|
|-heal|p1a: Daenerys Targayren|227\/393|[from] item: Leftovers
|-heal|p2a: Ferrothorn|322\/352|[from] item: Leftovers
|turn|65
|
|move|p1a: Daenerys Targayren|Wish|p1a: Daenerys Targayren
|move|p2a: Ferrothorn|Gyro Ball|p1a: Daenerys Targayren
|-supereffective|p1a: Daenerys Targayren
|-damage|p1a: Daenerys Targayren|45\/393
|
|-heal|p1a: Daenerys Targayren|69\/393|[from] item: Leftovers
|-heal|p2a: Ferrothorn|344\/352|[from] item: Leftovers
|turn|66
|
|move|p1a: Daenerys Targayren|Protect|p1a: Daenerys Targayren
|-singleturn|p1a: Daenerys Targayren|Protect
|move|p2a: Ferrothorn|Leech Seed|p1a: Daenerys Targayren
|-activate|p1a: Daenerys Targayren|Protect
|
|-heal|p1a: Daenerys Targayren|265\/393|[from] move: Wish|[wisher] Daenerys Targayren
|-heal|p1a: Daenerys Targayren|289\/393|[from] item: Leftovers
|-heal|p2a: Ferrothorn|352\/352|[from] item: Leftovers
|turn|67
|
|switch|p1a: Chesnaught|Chesnaught, F|293\/379
|-damage|p1a: Chesnaught|270\/379|[from] Stealth Rock
|move|p2a: Ferrothorn|Gyro Ball|p1a: Chesnaught
|-immune|p1a: Chesnaught|[msg]|[from] Bulletproof
|
|-heal|p1a: Chesnaught|293\/379|[from] item: Leftovers
|turn|68
|
|switch|p2a: Latios|Latios, M|156\/301 brn
|move|p1a: Chesnaught|Leech Seed|p2a: Latios
|-start|p2a: Latios|move: Leech Seed
|
|-heal|p1a: Chesnaught|316\/379|[from] item: Leftovers
|-damage|p2a: Latios|119\/301 brn|[from] Leech Seed|[of] p1a: Chesnaught
|-heal|p1a: Chesnaught|353\/379|[silent]
|-damage|p2a: Latios|82\/301 brn|[from] brn
|turn|69
|
|switch|p1a: Daenerys Targayren|Clefable, M|289\/393
|-damage|p1a: Daenerys Targayren|240\/393|[from] Stealth Rock
|move|p2a: Latios|Defog|p1a: Daenerys Targayren
|-unboost|p1a: Daenerys Targayren|evasion|1
|-sideend|p1: RSMessiii|Stealth Rock|[from] move: Defog|[of] p1a: Daenerys Targayren
|-sideend|p2: Masterghiru|Spikes|[from] move: Defog|[of] p2a: Latios
|
|-heal|p1a: Daenerys Targayren|264\/393|[from] item: Leftovers
|-damage|p2a: Latios|45\/301 brn|[from] Leech Seed|[of] p1a: Daenerys Targayren
|-heal|p1a: Daenerys Targayren|301\/393|[silent]
|-damage|p2a: Latios|8\/301 brn|[from] brn
|turn|70
|
|move|p2a: Latios|Recover|p2a: Latios
|-heal|p2a: Latios|159\/301 brn
|move|p1a: Daenerys Targayren|Wish|p1a: Daenerys Targayren
|
|-heal|p1a: Daenerys Targayren|325\/393|[from] item: Leftovers
|-damage|p2a: Latios|122\/301 brn|[from] Leech Seed|[of] p1a: Daenerys Targayren
|-heal|p1a: Daenerys Targayren|362\/393|[silent]
|-damage|p2a: Latios|85\/301 brn|[from] brn
|turn|71
|
|switch|p2a: Rotom-Wash|Rotom-Wash|266\/303
|move|p1a: Daenerys Targayren|Moonblast|p2a: Rotom-Wash
|-damage|p2a: Rotom-Wash|169\/303
|-unboost|p2a: Rotom-Wash|spa|1
|
|-heal|p1a: Daenerys Targayren|393\/393|[from] move: Wish|[wisher] Daenerys Targayren
|turn|72
|
|move|p2a: Rotom-Wash|Volt Switch|p1a: Daenerys Targayren
|-damage|p1a: Daenerys Targayren|302\/393
|
|switch|p2a: Ferrothorn|Ferrothorn, F|352\/352
|move|p1a: Daenerys Targayren|Moonblast|p2a: Ferrothorn
|-resisted|p2a: Ferrothorn
|-damage|p2a: Ferrothorn|314\/352
|
|-heal|p1a: Daenerys Targayren|326\/393|[from] item: Leftovers
|-heal|p2a: Ferrothorn|336\/352|[from] item: Leftovers
|turn|73
|
|switch|p1a: Chesnaught|Chesnaught, F|353\/379
|move|p2a: Ferrothorn|Stealth Rock|p1a: Chesnaught
|-sidestart|p1: RSMessiii|move: Stealth Rock
|
|-heal|p1a: Chesnaught|376\/379|[from] item: Leftovers
|-heal|p2a: Ferrothorn|352\/352|[from] item: Leftovers
|turn|74
|
|switch|p2a: Landorus|Landorus, M|115\/319
|move|p1a: Chesnaught|Drain Punch|p2a: Landorus
|-resisted|p2a: Landorus
|-damage|p2a: Landorus|68\/319
|-heal|p1a: Chesnaught|379\/379|[from] drain|[of] p2a: Landorus
|
|turn|75
|
|switch|p1a: Jorah Mormont|Skarmory, M|333\/333
|-damage|p1a: Jorah Mormont|292\/333|[from] Stealth Rock
|move|p2a: Landorus|Psychic|p1a: Jorah Mormont
|-resisted|p1a: Jorah Mormont
|-damage|p1a: Jorah Mormont|239\/333
|
|turn|76
|
|switch|p2a: Rotom-Wash|Rotom-Wash|169\/303
|move|p1a: Jorah Mormont|Defog|p2a: Rotom-Wash
|-unboost|p2a: Rotom-Wash|evasion|1
|-sideend|p1: RSMessiii|Stealth Rock|[from] move: Defog|[of] p1a: Jorah Mormont
|
|turn|77
|
|switch|p1a: Chesnaught|Chesnaught, F|379\/379
|move|p2a: Rotom-Wash|Volt Switch|p1a: Chesnaught
|-resisted|p1a: Chesnaught
|-damage|p1a: Chesnaught|326\/379
|
|switch|p2a: Landorus|Landorus, M|68\/319
|
|-heal|p1a: Chesnaught|349\/379|[from] item: Leftovers
|turn|78
|
|move|p1a: Chesnaught|Spiky Shield|p1a: Chesnaught
|-singleturn|p1a: Chesnaught|move: Protect
|move|p2a: Landorus|Psychic|p1a: Chesnaught
|-activate|p1a: Chesnaught|move: Protect
|
|-heal|p1a: Chesnaught|372\/379|[from] item: Leftovers
|turn|79
|
|move|p2a: Landorus|Psychic|p1a: Chesnaught
|-supereffective|p1a: Chesnaught
|-damage|p1a: Chesnaught|30\/379
|move|p1a: Chesnaught|Leech Seed|p2a: Landorus
|-start|p2a: Landorus|move: Leech Seed
|
|-heal|p1a: Chesnaught|53\/379|[from] item: Leftovers
|-damage|p2a: Landorus|29\/319|[from] Leech Seed|[of] p1a: Chesnaught
|-heal|p1a: Chesnaught|92\/379|[silent]
|turn|80
|
|switch|p2a: Metagross|Metagross-Mega|137\/301
|move|p1a: Chesnaught|Leech Seed|p2a: Metagross
|-start|p2a: Metagross|move: Leech Seed
|
|-heal|p1a: Chesnaught|115\/379|[from] item: Leftovers
|-damage|p2a: Metagross|100\/301|[from] Leech Seed|[of] p1a: Chesnaught
|-heal|p1a: Chesnaught|152\/379|[silent]
|turn|81
|
|move|p1a: Chesnaught|Spiky Shield|p1a: Chesnaught
|-singleturn|p1a: Chesnaught|move: Protect
|move|p2a: Metagross|Zen Headbutt|p1a: Chesnaught
|-activate|p1a: Chesnaught|move: Protect
|-damage|p2a: Metagross|63\/301|[from] Spiky Shield|[of] p1a: Chesnaught
|
|-heal|p1a: Chesnaught|175\/379|[from] item: Leftovers
|-damage|p2a: Metagross|26\/301|[from] Leech Seed|[of] p1a: Chesnaught
|-heal|p1a: Chesnaught|212\/379|[silent]
|turn|82
|
|switch|p1a: Berristan Selmy|Slowbro, F|393\/393
|move|p2a: Metagross|Zen Headbutt|p1a: Berristan Selmy
|-resisted|p1a: Berristan Selmy
|-damage|p1a: Berristan Selmy|323\/393
|
|-damage|p2a: Metagross|0 fnt|[from] Leech Seed|[of] p1a: Berristan Selmy
|-heal|p1a: Berristan Selmy|349\/393|[silent]
|faint|p2a: Metagross
|
|switch|p2a: Rotom-Wash|Rotom-Wash|169\/303
|turn|83
|
|switch|p1a: Chesnaught|Chesnaught, F|212\/379
|move|p2a: Rotom-Wash|Will-O-Wisp|p1a: Chesnaught|[miss]
|-miss|p2a: Rotom-Wash|p1a: Chesnaught
|
|-heal|p1a: Chesnaught|235\/379|[from] item: Leftovers
|turn|84
|
|move|p2a: Rotom-Wash|Will-O-Wisp|p1a: Chesnaught
|-status|p1a: Chesnaught|brn
|move|p1a: Chesnaught|Leech Seed|p2a: Rotom-Wash
|-start|p2a: Rotom-Wash|move: Leech Seed
|
|-heal|p1a: Chesnaught|258\/379 brn|[from] item: Leftovers
|-damage|p2a: Rotom-Wash|132\/303|[from] Leech Seed|[of] p1a: Chesnaught
|-heal|p1a: Chesnaught|295\/379 brn|[silent]
|-damage|p1a: Chesnaught|248\/379 brn|[from] brn
|turn|85
|
|switch|p2a: Landorus|Landorus, M|29\/319
|move|p1a: Chesnaught|Spikes|p2a: Landorus
|-sidestart|p2: Masterghiru|Spikes
|
|-heal|p1a: Chesnaught|271\/379 brn|[from] item: Leftovers
|-damage|p1a: Chesnaught|224\/379 brn|[from] brn
|turn|86
|join|Barge7799
|
|switch|p1a: Jorah Mormont|Skarmory, M|239\/333
|move|p2a: Landorus|Focus Blast|p1a: Jorah Mormont
|-crit|p1a: Jorah Mormont
|-damage|p1a: Jorah Mormont|0 fnt
|faint|p1a: Jorah Mormont
|
|
|switch|p1a: Berristan Selmy|Slowbro, F|393\/393
|turn|87
|
|switch|p2a: Ferrothorn|Ferrothorn, F|352\/352
|-damage|p2a: Ferrothorn|308\/352|[from] Spikes
|move|p1a: Berristan Selmy|Scald|p2a: Ferrothorn
|-resisted|p2a: Ferrothorn
|-damage|p2a: Ferrothorn|271\/352
|
|-heal|p2a: Ferrothorn|293\/352|[from] item: Leftovers
|turn|88
|
|move|p1a: Berristan Selmy|Calm Mind|p1a: Berristan Selmy
|-boost|p1a: Berristan Selmy|spa|1
|-boost|p1a: Berristan Selmy|spd|1
|move|p2a: Ferrothorn|Stealth Rock|p1a: Berristan Selmy
|-sidestart|p1: RSMessiii|move: Stealth Rock
|
|-heal|p2a: Ferrothorn|315\/352|[from] item: Leftovers
|turn|89
|
|move|p1a: Berristan Selmy|Scald|p2a: Ferrothorn
|-resisted|p2a: Ferrothorn
|-damage|p2a: Ferrothorn|260\/352
|move|p2a: Ferrothorn|Leech Seed|p1a: Berristan Selmy
|-start|p1a: Berristan Selmy|move: Leech Seed
|
|-heal|p2a: Ferrothorn|282\/352|[from] item: Leftovers
|-damage|p1a: Berristan Selmy|344\/393|[from] Leech Seed|[of] p2a: Ferrothorn
|-heal|p2a: Ferrothorn|331\/352|[silent]
|turn|90
|
|switch|p2a: Rotom-Wash|Rotom-Wash|132\/303
|move|p1a: Berristan Selmy|Scald|p2a: Rotom-Wash
|-resisted|p2a: Rotom-Wash
|-damage|p2a: Rotom-Wash|65\/303
|
|-damage|p1a: Berristan Selmy|295\/393|[from] Leech Seed|[of] p2a: Rotom-Wash
|-heal|p2a: Rotom-Wash|114\/303|[silent]
|turn|91
|
|move|p2a: Rotom-Wash|Will-O-Wisp|p1a: Berristan Selmy|[miss]
|-miss|p2a: Rotom-Wash|p1a: Berristan Selmy
|move|p1a: Berristan Selmy|Scald|p2a: Rotom-Wash
|-resisted|p2a: Rotom-Wash
|-damage|p2a: Rotom-Wash|48\/303
|
|-damage|p1a: Berristan Selmy|246\/393|[from] Leech Seed|[of] p2a: Rotom-Wash
|-heal|p2a: Rotom-Wash|97\/303|[silent]
|turn|92
|
|move|p2a: Rotom-Wash|Will-O-Wisp|p1a: Berristan Selmy
|-status|p1a: Berristan Selmy|brn
|move|p1a: Berristan Selmy|Scald|p2a: Rotom-Wash
|-resisted|p2a: Rotom-Wash
|-damage|p2a: Rotom-Wash|31\/303
|-status|p2a: Rotom-Wash|brn
|
|-damage|p1a: Berristan Selmy|197\/393 brn|[from] Leech Seed|[of] p2a: Rotom-Wash
|-heal|p2a: Rotom-Wash|80\/303 brn|[silent]
|-damage|p2a: Rotom-Wash|43\/303 brn|[from] brn
|-damage|p1a: Berristan Selmy|148\/393 brn|[from] brn
|turn|93
|
|move|p2a: Rotom-Wash|Volt Switch|p1a: Berristan Selmy
|-crit|p1a: Berristan Selmy
|-supereffective|p1a: Berristan Selmy
|-damage|p1a: Berristan Selmy|0 fnt
|faint|p1a: Berristan Selmy
|c|âRSMessiii|fuck u
|c|âRSMessiii|just fuck this
|c|âMasterghiru|no fuck you, for stall 100 turn
|c|âRSMessiii|fukc u for crtting me 4 times
|
|switch|p2a: Terrakion|Terrakion|283\/323
|-damage|p2a: Terrakion|243\/323|[from] Spikes
|
|c|âRSMessiii|not like u didnt stall urself lol
|c|âMasterghiru|crit 1\/16
|
|switch|p1a: Chesnaught|Chesnaught, F|224\/379 brn
|-damage|p1a: Chesnaught|201\/379 brn|[from] Stealth Rock
|turn|94
|
|move|p2a: Terrakion|Close Combat|p1a: Chesnaught
|-damage|p1a: Chesnaught|51\/379 brn
|-unboost|p2a: Terrakion|def|1
|-unboost|p2a: Terrakion|spd|1
|move|p1a: Chesnaught|Leech Seed|p2a: Terrakion
|-start|p2a: Terrakion|move: Leech Seed
|
|-heal|p1a: Chesnaught|74\/379 brn|[from] item: Leftovers
|-damage|p2a: Terrakion|203\/323|[from] Leech Seed|[of] p1a: Chesnaught
|-heal|p1a: Chesnaught|114\/379 brn|[silent]
|-damage|p1a: Chesnaught|67\/379 brn|[from] brn
|turn|95
|
|switch|p2a: Rotom-Wash|Rotom-Wash|43\/303 brn
|move|p1a: Chesnaught|Spiky Shield|p1a: Chesnaught
|-fail|p1a: Chesnaught
|
|-heal|p1a: Chesnaught|90\/379 brn|[from] item: Leftovers
|-damage|p2a: Rotom-Wash|6\/303 brn|[from] brn
|-damage|p1a: Chesnaught|43\/379 brn|[from] brn
|turn|96
|
|move|p2a: Rotom-Wash|Hydro Pump|p1a: Chesnaught
|-resisted|p1a: Chesnaught
|-damage|p1a: Chesnaught|0 fnt
|faint|p1a: Chesnaught
|
|-damage|p2a: Rotom-Wash|0 fnt|[from] brn
|faint|p2a: Rotom-Wash
|
|switch|p2a: Landorus|Landorus, M|29\/319
|switch|p1a: Daenerys Targayren|Clefable, M|326\/393
|-damage|p1a: Daenerys Targayren|277\/393|[from] Stealth Rock
|turn|97
|c| Barge7799|stall is the cancer of this game
|
|move|p1a: Daenerys Targayren|Protect|p1a: Daenerys Targayren
|-singleturn|p1a: Daenerys Targayren|Protect
|move|p2a: Landorus|Earth Power|p1a: Daenerys Targayren
|-activate|p1a: Daenerys Targayren|Protect
|
|-heal|p1a: Daenerys Targayren|301\/393|[from] item: Leftovers
|turn|98
|c|âRSMessiii|no player relying on hax are
|
|move|p2a: Landorus|Earth Power|p1a: Daenerys Targayren
|-damage|p1a: Daenerys Targayren|97\/393
|move|p1a: Daenerys Targayren|Wish|p1a: Daenerys Targayren
|
|-heal|p1a: Daenerys Targayren|121\/393|[from] item: Leftovers
|turn|99
|c|âMasterghiru|no hax here
|c|âRSMessiii|not at all lol
|c|âMasterghiru|only statistic
|c|âMasterghiru|in 100 turns 4 crits is normal
|c| DDarkdevil|1x1
|c|âRSMessiii|stats in ur favour
|c| DDarkdevil|=11
|c| DDarkdevil|^2
|c| DDarkdevil|-4
|
|move|p1a: Daenerys Targayren|Protect|p1a: Daenerys Targayren
|-singleturn|p1a: Daenerys Targayren|Protect
|move|p2a: Landorus|Earth Power|p1a: Daenerys Targayren
|-activate|p1a: Daenerys Targayren|Protect
|
|-heal|p1a: Daenerys Targayren|317\/393|[from] move: Wish|[wisher] Daenerys Targayren
|-heal|p1a: Daenerys Targayren|341\/393|[from] item: Leftovers
|turn|100
|c| Barge7799|4 crit are absolutely normal
|c| Barge7799|in over 100 turns
|c|âRSMessiii|not like u used an attack move every turn, ur calcs ar einvalid. and even so, u got the crit when u asked for the
|c|âRSMessiii|plus, i didnt get any
|c|âMasterghiru|porco dio
|c|âRSMessiii|learn maths, fools
|c| Barge7799|^
|
|move|p2a: Landorus|Earth Power|p1a: Daenerys Targayren
|-crit|p1a: Daenerys Targayren
|-damage|p1a: Daenerys Targayren|55\/393
|move|p1a: Daenerys Targayren|Wish|p1a: Daenerys Targayren
|
|-heal|p1a: Daenerys Targayren|79\/393|[from] item: Leftovers
|turn|101
|c| Barge7799|oh yeah
|
|move|p1a: Daenerys Targayren|Protect|p1a: Daenerys Targayren
|-singleturn|p1a: Daenerys Targayren|Protect
|move|p2a: Landorus|Earth Power|p1a: Daenerys Targayren
|-activate|p1a: Daenerys Targayren|Protect
|
|-heal|p1a: Daenerys Targayren|275\/393|[from] move: Wish|[wisher] Daenerys Targayren
|-heal|p1a: Daenerys Targayren|299\/393|[from] item: Leftovers
|turn|102
|c|âRSMessiii|this is just ridiculous
|
|move|p2a: Landorus|Earth Power|p1a: Daenerys Targayren
|-damage|p1a: Daenerys Targayren|79\/393
|move|p1a: Daenerys Targayren|Wish|p1a: Daenerys Targayren
|
|-heal|p1a: Daenerys Targayren|103\/393|[from] item: Leftovers
|turn|103
|c| Barge7799|mi immaginavo un damage maggiore
|c| Barge7799|dall'ep
|
|move|p1a: Daenerys Targayren|Protect|p1a: Daenerys Targayren
|-singleturn|p1a: Daenerys Targayren|Protect
|move|p2a: Landorus|Earth Power|p1a: Daenerys Targayren
|-activate|p1a: Daenerys Targayren|Protect
|
|-heal|p1a: Daenerys Targayren|299\/393|[from] move: Wish|[wisher] Daenerys Targayren
|-heal|p1a: Daenerys Targayren|323\/393|[from] item: Leftovers
|turn|104
|c|âRSMessiii|no lo creo, stronzito
|c| Barge7799|oh cazzo vuoi
|
|move|p2a: Landorus|Earth Power|p1a: Daenerys Targayren
|-damage|p1a: Daenerys Targayren|128\/393
|move|p1a: Daenerys Targayren|Wish|p1a: Daenerys Targayren
|
|-heal|p1a: Daenerys Targayren|152\/393|[from] item: Leftovers
|turn|105
|c| Barge7799|and now the spdef drop
|
|move|p1a: Daenerys Targayren|Protect|p1a: Daenerys Targayren
|-singleturn|p1a: Daenerys Targayren|Protect
|move|p2a: Landorus|Earth Power|p1a: Daenerys Targayren
|-activate|p1a: Daenerys Targayren|Protect
|
|-heal|p1a: Daenerys Targayren|348\/393|[from] move: Wish|[wisher] Daenerys Targayren
|-heal|p1a: Daenerys Targayren|372\/393|[from] item: Leftovers
|turn|106
|c| Barge7799|w\/ sheer force
|c|âMasterghiru|non ho piÃ¹ la orb
|
|move|p2a: Landorus|Earth Power|p1a: Daenerys Targayren
|-damage|p1a: Daenerys Targayren|165\/393
|move|p1a: Daenerys Targayren|Wish|p1a: Daenerys Targayren
|
|-heal|p1a: Daenerys Targayren|189\/393|[from] item: Leftovers
|turn|107
|c|âMasterghiru|me l'ha tolta con knock off tipo 700 turni fa
|c| Barge7799|a ecco
|c| Barge7799|ah*
|
|move|p1a: Daenerys Targayren|Protect|p1a: Daenerys Targayren
|-singleturn|p1a: Daenerys Targayren|Protect
|move|p2a: Landorus|Knock Off|p1a: Daenerys Targayren
|-activate|p1a: Daenerys Targayren|Protect
|
|-heal|p1a: Daenerys Targayren|385\/393|[from] move: Wish|[wisher] Daenerys Targayren
|-heal|p1a: Daenerys Targayren|393\/393|[from] item: Leftovers
|turn|108
|
|move|p2a: Landorus|Earth Power|p1a: Daenerys Targayren
|-damage|p1a: Daenerys Targayren|168\/393
|move|p1a: Daenerys Targayren|Moonblast|p2a: Landorus
|-damage|p2a: Landorus|0 fnt
|faint|p2a: Landorus
|
|-heal|p1a: Daenerys Targayren|192\/393|[from] item: Leftovers
|
|switch|p2a: Terrakion|Terrakion|203\/323
|-damage|p2a: Terrakion|163\/323|[from] Spikes
|turn|109
|c| Barge7799|con terra sei orb?
|
|move|p1a: Daenerys Targayren|Protect|p1a: Daenerys Targayren
|-singleturn|p1a: Daenerys Targayren|Protect
|move|p2a: Terrakion|Iron Head|p1a: Daenerys Targayren
|-activate|p1a: Daenerys Targayren|Protect
|
|-heal|p1a: Daenerys Targayren|216\/393|[from] item: Leftovers
|turn|110
|c|âRSMessiii|cb onbviamente
|c| DDarkdevil|1+1 non fa 6
|c| Barge7799|entro nella stanza
|c|âMasterghiru|1+1 fa dio maiale
|c|âMasterghiru|lo sanno tutti
|c| Barge7799|sei scarf jolly?
|c|âRSMessiii|count the amount of moves u did and then apply ur false statistics
|c|âMasterghiru|scarf adamant
|
|move|p2a: Terrakion|Iron Head|p1a: Daenerys Targayren
|-supereffective|p1a: Daenerys Targayren
|-damage|p1a: Daenerys Targayren|34\/393
|move|p1a: Daenerys Targayren|Moonblast|p2a: Terrakion
|-supereffective|p2a: Terrakion
|-damage|p2a: Terrakion|0 fnt
|faint|p2a: Terrakion
|
|-heal|p1a: Daenerys Targayren|58\/393|[from] item: Leftovers
|
|switch|p2a: Ferrothorn|Ferrothorn, F|331\/352
|-damage|p2a: Ferrothorn|287\/352|[from] Spikes
|turn|111
|
|move|p1a: Daenerys Targayren|Protect|p1a: Daenerys Targayren
|-singleturn|p1a: Daenerys Targayren|Protect
|move|p2a: Ferrothorn|Gyro Ball|p1a: Daenerys Targayren
|-activate|p1a: Daenerys Targayren|Protect
|
|-heal|p1a: Daenerys Targayren|82\/393|[from] item: Leftovers
|-heal|p2a: Ferrothorn|309\/352|[from] item: Leftovers
|turn|112
|
|move|p1a: Daenerys Targayren|Wish|p1a: Daenerys Targayren
|move|p2a: Ferrothorn|Gyro Ball|p1a: Daenerys Targayren
|-supereffective|p1a: Daenerys Targayren
|-damage|p1a: Daenerys Targayren|0 fnt
|faint|p1a: Daenerys Targayren
|
|-heal|p2a: Ferrothorn|331\/352|[from] item: Leftovers
|
|switch|p1a: Daario Nahaaris|Gliscor, M|87\/353
|-damage|p1a: Daario Nahaaris|43\/353|[from] Stealth Rock
|turn|113
|
|move|p1a: Daario Nahaaris|Taunt|p2a: Ferrothorn
|-start|p2a: Ferrothorn|move: Taunt
|cant|p2a: Ferrothorn|move: Taunt|Leech Seed
|
|-heal|p1a: Daario Nahaaris|239\/353|[from] move: Wish|[wisher] Daenerys Targayren
|-heal|p2a: Ferrothorn|352\/352|[from] item: Leftovers
|-status|p1a: Daario Nahaaris|tox|[from] item: Toxic Orb
|turn|114
|c| Barge7799|non ci credo
|c| Barge7799|PORCO DIO
|
|move|p1a: Daario Nahaaris|Knock Off|p2a: Ferrothorn
|-damage|p2a: Ferrothorn|305\/352
|-damage|p1a: Daario Nahaaris|195\/353 tox|[from] ability: Iron Barbs|[of] p2a: Ferrothorn
|-enditem|p2a: Ferrothorn|Leftovers|[from] move: Knock Off|[of] p1a: Daario Nahaaris
|move|p2a: Ferrothorn|Gyro Ball|p1a: Daario Nahaaris
|-damage|p1a: Daario Nahaaris|63\/353 tox
|
|-heal|p1a: Daario Nahaaris|107\/353 tox|[from] ability: Poison Heal
|turn|115
|c|âRSMessiii|haha
|c| Barge7799|boh ciao
|
|switch|p2a: Latios|Latios, M|85\/301 brn
|move|p1a: Daario Nahaaris|Roost|p1a: Daario Nahaaris
|-heal|p1a: Daario Nahaaris|284\/353 tox
|
|-damage|p2a: Latios|48\/301 brn|[from] brn
|-heal|p1a: Daario Nahaaris|328\/353 tox|[from] ability: Poison Heal
|turn|116
|c|âRSMessiii|crit
|
|move|p2a: Latios|Draco Meteor|p1a: Daario Nahaaris
|-damage|p1a: Daario Nahaaris|62\/353 tox
|-unboost|p2a: Latios|spa|2
|-damage|p2a: Latios|18\/301 brn|[from] item: Life Orb
|move|p1a: Daario Nahaaris|Roost|p1a: Daario Nahaaris
|-heal|p1a: Daario Nahaaris|239\/353 tox
|
|-damage|p2a: Latios|0 fnt|[from] brn
|-heal|p1a: Daario Nahaaris|283\/353 tox|[from] ability: Poison Heal
|faint|p2a: Latios
|c|âRSMessiii|hahahahaha
|c|âRSMessiii|not even hax saved u, man
|c|âRSMessiii|time to forfeit :)
|
|switch|p2a: Ferrothorn|Ferrothorn, F|305\/352
|-damage|p2a: Ferrothorn|261\/352|[from] Spikes
|turn|117
|c| Barge7799|252 SpA Life Orb Latios Draco Meteor vs. 244 HP \/ 192+ SpD Gliscor: 253-300 (71.8 - 85.2%) -- guaranteed 2HKO after Poison Heal
|
|move|p1a: Daario Nahaaris|Taunt|p2a: Ferrothorn
|-start|p2a: Ferrothorn|move: Taunt
|cant|p2a: Ferrothorn|move: Taunt|Leech Seed
|
|-heal|p1a: Daario Nahaaris|327\/353 tox|[from] ability: Poison Heal
|turn|118
|c|âMasterghiru|no hax, I repeat
|c|âRSMessiii|deserved win, I dare say
|
|move|p1a: Daario Nahaaris|Earthquake|p2a: Ferrothorn
|-damage|p2a: Ferrothorn|191\/352
|move|p2a: Ferrothorn|Struggle|p1a: Daario Nahaaris
|-damage|p1a: Daario Nahaaris|296\/353 tox
|-damage|p2a: Ferrothorn|103\/352
|
|-heal|p1a: Daario Nahaaris|340\/353 tox|[from] ability: Poison Heal
|turn|119
|
|move|p1a: Daario Nahaaris|Earthquake|p2a: Ferrothorn
|-damage|p2a: Ferrothorn|27\/352
|move|p2a: Ferrothorn|Struggle|p1a: Daario Nahaaris
|-damage|p1a: Daario Nahaaris|310\/353 tox
|-damage|p2a: Ferrothorn|0 fnt
|faint|p2a: Ferrothorn
|
|win|RSMessiii
|raw|Ladder updating...
|raw|RSMessiii's rating: 1656 &rarr; <strong>1676<\/strong><br \/>(+20 for winning)
|raw|Masterghiru's rating: 1664 &rarr; <strong>1644<\/strong><br \/>(-20 for losing)