|join|ULT Lapraz
|join|AVSwagger
|player|p1|ULT Lapraz|157
|player|p2|AVSwagger|2
|gametype|singles
|gen|6
|tier|UU
|rated
|rule|Sleep Clause Mod: Limit one foe put to sleep
|rule|Species Clause: Limit one of each PokÃ©mon
|rule|OHKO Clause: OHKO moves are banned
|rule|Moody Clause: Moody is banned
|rule|Evasion Moves Clause: Evasion moves are banned
|rule|Endless Battle Clause: Forcing endless battles is banned
|rule|HP Percentage Mod: HP is shown in percentages
|clearpoke
|poke|p1|Dragalge, M
|poke|p1|Suicune
|poke|p1|Spiritomb, M
|poke|p1|Forretress, F
|poke|p1|Blissey, F
|poke|p1|Celebi
|poke|p2|Entei, shiny
|poke|p2|Blastoise, F
|poke|p2|Aggron, M
|poke|p2|Trevenant, M
|poke|p2|Porygon-Z
|poke|p2|Mienshao, M
|rule|Swagger Clause: Swagger is banned
|rule|Baton Pass Clause: Limit one PokÃ©mon knowing Baton Pass
|teampreview
|
|start
|switch|p1a: Celebi|Celebi|404\/404
|switch|p2a: Porygon-Z|Porygon-Z|331\/331
|turn|1
|
|switch|p2a: Aggron|Aggron, M|344\/344
|move|p1a: Celebi|Stealth Rock|p2a: Aggron
|-sidestart|p2: AVSwagger|move: Stealth Rock
|
|turn|2
|
|switch|p1a: Forretress|Forretress, F|354\/354
|detailschange|p2a: Aggron|Aggron-Mega, M
|-mega|p2a: Aggron|Aggron|Aggronite
|move|p2a: Aggron|Stealth Rock|p1a: Forretress
|-sidestart|p1: ULT Lapraz|move: Stealth Rock
|
|turn|3
|
|switch|p2a: Trevenant|Trevenant, M|374\/374
|-damage|p2a: Trevenant|328\/374|[from] Stealth Rock
|move|p1a: Forretress|Rapid Spin|p2a: Trevenant
|-immune|p2a: Trevenant|[msg]
|
|turn|4
|
|switch|p1a: Spiritomb|Spiritomb, M|304\/304
|-damage|p1a: Spiritomb|266\/304|[from] Stealth Rock
|-ability|p1a: Spiritomb|Pressure
|move|p2a: Trevenant|Will-O-Wisp|p1a: Spiritomb|[miss]
|-miss|p2a: Trevenant|p1a: Spiritomb
|
|-heal|p1a: Spiritomb|285\/304|[from] item: Leftovers
|turn|5
|
|move|p2a: Trevenant|Substitute|p2a: Trevenant
|-start|p2a: Trevenant|Substitute
|-damage|p2a: Trevenant|235\/374
|move|p1a: Spiritomb|Will-O-Wisp|p2a: Trevenant
|
|-heal|p1a: Spiritomb|304\/304|[from] item: Leftovers
|turn|6
|
|move|p2a: Trevenant|Leech Seed|p1a: Spiritomb
|-start|p1a: Spiritomb|move: Leech Seed
|move|p1a: Spiritomb|Foul Play|p2a: Trevenant
|-supereffective|p2a: Trevenant
|-end|p2a: Trevenant|Substitute
|
|-damage|p1a: Spiritomb|266\/304|[from] Leech Seed|[of] p2a: Trevenant
|-heal|p2a: Trevenant|273\/374|[silent]
|turn|7
|
|switch|p1a: Celebi|Celebi|404\/404
|-damage|p1a: Celebi|354\/404|[from] Stealth Rock
|move|p2a: Trevenant|Substitute|p2a: Trevenant
|-start|p2a: Trevenant|Substitute
|-damage|p2a: Trevenant|180\/374
|-enditem|p2a: Trevenant|Sitrus Berry|[eat]
|-heal|p2a: Trevenant|273\/374|[from] item: Sitrus Berry
|
|-heal|p1a: Celebi|379\/404|[from] item: Leftovers
|-item|p2a: Trevenant|Sitrus Berry|[from] ability: Harvest
|turn|8
|
|switch|p1a: Spiritomb|Spiritomb, M|266\/304
|-damage|p1a: Spiritomb|228\/304|[from] Stealth Rock
|-ability|p1a: Spiritomb|Pressure
|move|p2a: Trevenant|Will-O-Wisp|p1a: Spiritomb
|-status|p1a: Spiritomb|brn
|
|-heal|p1a: Spiritomb|247\/304 brn|[from] item: Leftovers
|-damage|p1a: Spiritomb|209\/304 brn|[from] brn
|turn|9
|
|move|p2a: Trevenant|Leech Seed|p1a: Spiritomb
|-start|p1a: Spiritomb|move: Leech Seed
|move|p1a: Spiritomb|Rest|p1a: Spiritomb
|-status|p1a: Spiritomb|slp
|-heal|p1a: Spiritomb|304\/304 slp|[silent]
|-status|p1a: Spiritomb|slp|[from] move: Rest
|
|-damage|p1a: Spiritomb|266\/304 slp|[from] Leech Seed|[of] p2a: Trevenant
|-heal|p2a: Trevenant|311\/374|[silent]
|turn|10
|join|FUQ GLISCORE
|
|switch|p1a: Celebi|Celebi|379\/404
|-damage|p1a: Celebi|329\/404|[from] Stealth Rock
|move|p2a: Trevenant|Horn Leech|p1a: Celebi
|-resisted|p1a: Celebi
|-damage|p1a: Celebi|284\/404
|-heal|p2a: Trevenant|334\/374|[from] drain|[of] p1a: Celebi
|
|-heal|p1a: Celebi|309\/404|[from] item: Leftovers
|turn|11
|
|switch|p1a: Spiritomb|Spiritomb, M|266\/304 slp
|-damage|p1a: Spiritomb|228\/304 slp|[from] Stealth Rock
|-ability|p1a: Spiritomb|Pressure
|move|p2a: Trevenant|Will-O-Wisp|p1a: Spiritomb
|-fail|p1a: Spiritomb
|
|-heal|p1a: Spiritomb|247\/304 slp|[from] item: Leftovers
|turn|12
|
|move|p2a: Trevenant|Horn Leech|p1a: Spiritomb
|-damage|p1a: Spiritomb|175\/304 slp
|-heal|p2a: Trevenant|370\/374|[from] drain|[of] p1a: Spiritomb
|cant|p1a: Spiritomb|slp
|move|p1a: Spiritomb|Sleep Talk|p1a: Spiritomb
|move|p1a: Spiritomb|Rest|p1a: Spiritomb|[from]Sleep Talk
|-fail|p1a: Spiritomb
|
|-heal|p1a: Spiritomb|194\/304 slp|[from] item: Leftovers
|turn|13
|
|move|p2a: Trevenant|Leech Seed|p1a: Spiritomb
|-start|p1a: Spiritomb|move: Leech Seed
|cant|p1a: Spiritomb|slp
|move|p1a: Spiritomb|Sleep Talk|p1a: Spiritomb
|move|p1a: Spiritomb|Rest|p1a: Spiritomb|[from]Sleep Talk
|-fail|p1a: Spiritomb
|
|-heal|p1a: Spiritomb|213\/304 slp|[from] item: Leftovers
|-damage|p1a: Spiritomb|175\/304 slp|[from] Leech Seed|[of] p2a: Trevenant
|-heal|p2a: Trevenant|374\/374|[silent]
|turn|14
|
|switch|p1a: Dragalge|Dragalge, M|334\/334
|-damage|p1a: Dragalge|293\/334|[from] Stealth Rock
|move|p2a: Trevenant|Horn Leech|p1a: Dragalge
|-resisted|p1a: Dragalge
|-damage|p1a: Dragalge|269\/334
|
|-heal|p1a: Dragalge|289\/334|[from] item: Leftovers
|turn|15
|
|move|p2a: Trevenant|Leech Seed|p1a: Dragalge
|-start|p1a: Dragalge|move: Leech Seed
|move|p1a: Dragalge|Toxic Spikes|p2a: Trevenant
|-sidestart|p2: AVSwagger|move: Toxic Spikes
|
|-heal|p1a: Dragalge|309\/334|[from] item: Leftovers
|-damage|p1a: Dragalge|268\/334|[from] Leech Seed|[of] p2a: Trevenant
|turn|16
|
|move|p2a: Trevenant|Will-O-Wisp|p1a: Dragalge
|-status|p1a: Dragalge|brn
|move|p1a: Dragalge|Toxic Spikes|p2a: Trevenant
|-sidestart|p2: AVSwagger|move: Toxic Spikes
|
|-heal|p1a: Dragalge|288\/334 brn|[from] item: Leftovers
|-damage|p1a: Dragalge|247\/334 brn|[from] Leech Seed|[of] p2a: Trevenant
|-damage|p1a: Dragalge|206\/334 brn|[from] brn
|turn|17
|
|switch|p1a: Forretress|Forretress, F|354\/354
|-damage|p1a: Forretress|310\/354|[from] Stealth Rock
|move|p2a: Trevenant|Leech Seed|p1a: Forretress
|-start|p1a: Forretress|move: Leech Seed
|
|-heal|p1a: Forretress|332\/354|[from] item: Leftovers
|-damage|p1a: Forretress|288\/354|[from] Leech Seed|[of] p2a: Trevenant
|turn|18
|
|move|p2a: Trevenant|Will-O-Wisp|p1a: Forretress|[miss]
|-miss|p2a: Trevenant|p1a: Forretress
|move|p1a: Forretress|Spikes|p2a: Trevenant
|-sidestart|p2: AVSwagger|Spikes
|
|-heal|p1a: Forretress|310\/354|[from] item: Leftovers
|-damage|p1a: Forretress|266\/354|[from] Leech Seed|[of] p2a: Trevenant
|turn|19
|
|move|p2a: Trevenant|Will-O-Wisp|p1a: Forretress
|-status|p1a: Forretress|brn
|move|p1a: Forretress|Spikes|p2a: Trevenant
|-sidestart|p2: AVSwagger|Spikes
|
|-heal|p1a: Forretress|288\/354 brn|[from] item: Leftovers
|-damage|p1a: Forretress|244\/354 brn|[from] Leech Seed|[of] p2a: Trevenant
|-damage|p1a: Forretress|200\/354 brn|[from] brn
|turn|20
|
|move|p2a: Trevenant|Horn Leech|p1a: Forretress
|-resisted|p1a: Forretress
|-damage|p1a: Forretress|187\/354 brn
|move|p1a: Forretress|Spikes|p2a: Trevenant
|-sidestart|p2: AVSwagger|Spikes
|
|-heal|p1a: Forretress|209\/354 brn|[from] item: Leftovers
|-damage|p1a: Forretress|165\/354 brn|[from] Leech Seed|[of] p2a: Trevenant
|-damage|p1a: Forretress|121\/354 brn|[from] brn
|turn|21
|
|switch|p1a: Blissey|Blissey, F|657\/657
|-damage|p1a: Blissey|575\/657|[from] Stealth Rock
|move|p2a: Trevenant|Leech Seed|p1a: Blissey
|-start|p1a: Blissey|move: Leech Seed
|
|-heal|p1a: Blissey|616\/657|[from] item: Leftovers
|-damage|p1a: Blissey|534\/657|[from] Leech Seed|[of] p2a: Trevenant
|turn|22
|
|move|p2a: Trevenant|Will-O-Wisp|p1a: Blissey
|-status|p1a: Blissey|brn
|move|p1a: Blissey|Heal Bell|p1a: Blissey
|-cureteam|p1a: Blissey|[from] move: HealBell
|
|-heal|p1a: Blissey|575\/657|[from] item: Leftovers
|-damage|p1a: Blissey|493\/657|[from] Leech Seed|[of] p2a: Trevenant
|turn|23
|
|move|p2a: Trevenant|Horn Leech|p1a: Blissey
|-damage|p1a: Blissey|316\/657
|move|p1a: Blissey|Wish|p1a: Blissey
|
|-heal|p1a: Blissey|357\/657|[from] item: Leftovers
|-damage|p1a: Blissey|275\/657|[from] Leech Seed|[of] p2a: Trevenant
|turn|24
|
|move|p1a: Blissey|Protect|p1a: Blissey
|-singleturn|p1a: Blissey|Protect
|move|p2a: Trevenant|Will-O-Wisp|p1a: Blissey
|-activate|p1a: Blissey|Protect
|
|-heal|p1a: Blissey|603\/657|[from] move: Wish|[wisher] Blissey
|-heal|p1a: Blissey|644\/657|[from] item: Leftovers
|-damage|p1a: Blissey|562\/657|[from] Leech Seed|[of] p2a: Trevenant
|turn|25
|
|move|p2a: Trevenant|Will-O-Wisp|p1a: Blissey
|-status|p1a: Blissey|brn
|move|p1a: Blissey|Wish|p1a: Blissey
|
|-heal|p1a: Blissey|603\/657 brn|[from] item: Leftovers
|-damage|p1a: Blissey|521\/657 brn|[from] Leech Seed|[of] p2a: Trevenant
|-damage|p1a: Blissey|439\/657 brn|[from] brn
|turn|26
|
|switch|p1a: Forretress|Forretress, F|121\/354
|-damage|p1a: Forretress|77\/354|[from] Stealth Rock
|move|p2a: Trevenant|Horn Leech|p1a: Forretress
|-resisted|p1a: Forretress
|-damage|p1a: Forretress|64\/354
|
|-heal|p1a: Forretress|354\/354|[from] move: Wish|[wisher] Blissey
|turn|27
|
|switch|p1a: Blissey|Blissey, F|439\/657
|-damage|p1a: Blissey|357\/657|[from] Stealth Rock
|move|p2a: Trevenant|Leech Seed|p1a: Blissey
|-start|p1a: Blissey|move: Leech Seed
|
|-heal|p1a: Blissey|398\/657|[from] item: Leftovers
|-damage|p1a: Blissey|316\/657|[from] Leech Seed|[of] p2a: Trevenant
|turn|28
|
|move|p2a: Trevenant|Horn Leech|p1a: Blissey
|-damage|p1a: Blissey|138\/657
|move|p1a: Blissey|Wish|p1a: Blissey
|
|-heal|p1a: Blissey|179\/657|[from] item: Leftovers
|-damage|p1a: Blissey|97\/657|[from] Leech Seed|[of] p2a: Trevenant
|turn|29
|
|move|p1a: Blissey|Protect|p1a: Blissey
|-singleturn|p1a: Blissey|Protect
|move|p2a: Trevenant|Will-O-Wisp|p1a: Blissey
|-activate|p1a: Blissey|Protect
|
|-heal|p1a: Blissey|425\/657|[from] move: Wish|[wisher] Blissey
|-heal|p1a: Blissey|466\/657|[from] item: Leftovers
|-damage|p1a: Blissey|384\/657|[from] Leech Seed|[of] p2a: Trevenant
|turn|30
|c|âAVSwagger|So are you gonna do anything or just stall lol
|c|âULT Lapraz|nah
|
|move|p2a: Trevenant|Will-O-Wisp|p1a: Blissey
|-status|p1a: Blissey|brn
|move|p1a: Blissey|Wish|p1a: Blissey
|
|-heal|p1a: Blissey|425\/657 brn|[from] item: Leftovers
|-damage|p1a: Blissey|343\/657 brn|[from] Leech Seed|[of] p2a: Trevenant
|-damage|p1a: Blissey|261\/657 brn|[from] brn
|turn|31
|
|move|p1a: Blissey|Protect|p1a: Blissey
|-singleturn|p1a: Blissey|Protect
|move|p2a: Trevenant|Horn Leech|p1a: Blissey
|-activate|p1a: Blissey|Protect
|
|-heal|p1a: Blissey|589\/657 brn|[from] move: Wish|[wisher] Blissey
|-heal|p1a: Blissey|630\/657 brn|[from] item: Leftovers
|-damage|p1a: Blissey|548\/657 brn|[from] Leech Seed|[of] p2a: Trevenant
|-damage|p1a: Blissey|466\/657 brn|[from] brn
|turn|32
|
|switch|p1a: Celebi|Celebi|309\/404
|-damage|p1a: Celebi|259\/404|[from] Stealth Rock
|move|p2a: Trevenant|Horn Leech|p1a: Celebi
|-resisted|p1a: Celebi
|-damage|p1a: Celebi|209\/404
|
|-heal|p1a: Celebi|234\/404|[from] item: Leftovers
|turn|33
|
|move|p1a: Celebi|Recover|p1a: Celebi
|-heal|p1a: Celebi|404\/404
|move|p2a: Trevenant|Will-O-Wisp|p1a: Celebi
|-status|p1a: Celebi|brn
|
|-damage|p1a: Celebi|354\/404 brn|[from] brn
|turn|34
|
|switch|p1a: Forretress|Forretress, F|354\/354
|-damage|p1a: Forretress|310\/354|[from] Stealth Rock
|move|p2a: Trevenant|Horn Leech|p1a: Forretress
|-resisted|p1a: Forretress
|-damage|p1a: Forretress|296\/354
|
|-heal|p1a: Forretress|318\/354|[from] item: Leftovers
|turn|35
|
|switch|p1a: Spiritomb|Spiritomb, M|175\/304
|-damage|p1a: Spiritomb|137\/304|[from] Stealth Rock
|-ability|p1a: Spiritomb|Pressure
|move|p2a: Trevenant|Will-O-Wisp|p1a: Spiritomb
|-status|p1a: Spiritomb|brn
|
|-heal|p1a: Spiritomb|156\/304 brn|[from] item: Leftovers
|-damage|p1a: Spiritomb|118\/304 brn|[from] brn
|turn|36
|
|move|p2a: Trevenant|Leech Seed|p1a: Spiritomb
|-start|p1a: Spiritomb|move: Leech Seed
|move|p1a: Spiritomb|Rest|p1a: Spiritomb
|-status|p1a: Spiritomb|slp
|-heal|p1a: Spiritomb|304\/304 slp|[silent]
|-status|p1a: Spiritomb|slp|[from] move: Rest
|
|-damage|p1a: Spiritomb|266\/304 slp|[from] Leech Seed|[of] p2a: Trevenant
|turn|37
|
|switch|p1a: Celebi|Celebi|354\/404
|-damage|p1a: Celebi|304\/404|[from] Stealth Rock
|move|p2a: Trevenant|Horn Leech|p1a: Celebi
|-resisted|p1a: Celebi
|-damage|p1a: Celebi|253\/404
|
|-heal|p1a: Celebi|278\/404|[from] item: Leftovers
|turn|38
|c|âAVSwagger|So what exactly have you accomplished by using this tactic? Just curious
|c|âULT Lapraz|i'm stalling you out of pp
|c|âAVSwagger|Wow lol
|c|âULT Lapraz|it's the only way to beat trevenant on stall but it works 100% of the time
|c|âULT Lapraz|because trevenant is such an ineffectual pokemon
|c|âAVSwagger|Lol I guess if you enjoy playing like a bitch but eh that's none of my business
|c| FUQ GLISCORE|ur using trev hello
|c|âULT Lapraz|): that's mean
|
|switch|p1a: Spiritomb|Spiritomb, M|266\/304 slp
|-damage|p1a: Spiritomb|228\/304 slp|[from] Stealth Rock
|-ability|p1a: Spiritomb|Pressure
|move|p2a: Trevenant|Will-O-Wisp|p1a: Spiritomb
|-fail|p1a: Spiritomb
|
|-heal|p1a: Spiritomb|247\/304 slp|[from] item: Leftovers
|turn|39
|c|âAVSwagger|Check the stall team ^ and sorry didn't mean to be lol
|
|move|p2a: Trevenant|Leech Seed|p1a: Spiritomb
|-start|p1a: Spiritomb|move: Leech Seed
|cant|p1a: Spiritomb|slp
|move|p1a: Spiritomb|Sleep Talk|p1a: Spiritomb
|move|p1a: Spiritomb|Rest|p1a: Spiritomb|[from]Sleep Talk
|-fail|p1a: Spiritomb
|
|-heal|p1a: Spiritomb|266\/304 slp|[from] item: Leftovers
|-damage|p1a: Spiritomb|228\/304 slp|[from] Leech Seed|[of] p2a: Trevenant
|turn|40
|
|switch|p2a: Blastoise|Blastoise, F|361\/361
|-damage|p2a: Blastoise|316\/361|[from] Stealth Rock
|-status|p2a: Blastoise|tox
|-damage|p2a: Blastoise|226\/361 tox|[from] Spikes
|switch|p1a: Celebi|Celebi|278\/404
|-damage|p1a: Celebi|228\/404|[from] Stealth Rock
|
|-heal|p1a: Celebi|253\/404|[from] item: Leftovers
|-damage|p2a: Blastoise|204\/361 tox|[from] psn
|turn|41
|
|move|p1a: Celebi|Psychic|p2a: Blastoise
|-damage|p2a: Blastoise|140\/361 tox
|move|p2a: Blastoise|Scald|p1a: Celebi
|-resisted|p1a: Celebi
|-damage|p1a: Celebi|211\/404
|
|-heal|p1a: Celebi|236\/404|[from] item: Leftovers
|-damage|p2a: Blastoise|96\/361 tox|[from] psn
|turn|42
|
|move|p1a: Celebi|Psychic|p2a: Blastoise
|-damage|p2a: Blastoise|30\/361 tox
|move|p2a: Blastoise|Rapid Spin|p1a: Celebi
|-damage|p1a: Celebi|223\/404
|-sideend|p2: AVSwagger|Spikes|[from] move: Rapid Spin|[of] p2a: Blastoise
|-sideend|p2: AVSwagger|Toxic Spikes|[from] move: Rapid Spin|[of] p2a: Blastoise
|-sideend|p2: AVSwagger|Stealth Rock|[from] move: Rapid Spin|[of] p2a: Blastoise
|
|-heal|p1a: Celebi|248\/404|[from] item: Leftovers
|-damage|p2a: Blastoise|0 fnt|[from] psn
|faint|p2a: Blastoise
|
|switch|p2a: Porygon-Z|Porygon-Z|331\/331
|turn|43
|
|switch|p1a: Blissey|Blissey, F|466\/657
|-damage|p1a: Blissey|384\/657|[from] Stealth Rock
|move|p2a: Porygon-Z|Nasty Plot|p2a: Porygon-Z
|-boost|p2a: Porygon-Z|spa|2
|
|-heal|p1a: Blissey|425\/657|[from] item: Leftovers
|turn|44
|
|move|p2a: Porygon-Z|Tri Attack|p1a: Blissey
|-damage|p1a: Blissey|119\/657
|move|p1a: Blissey|Seismic Toss|p2a: Porygon-Z
|-damage|p2a: Porygon-Z|231\/331
|
|-heal|p1a: Blissey|160\/657|[from] item: Leftovers
|turn|45
|
|move|p2a: Porygon-Z|Nasty Plot|p2a: Porygon-Z
|-boost|p2a: Porygon-Z|spa|2
|move|p1a: Blissey|Seismic Toss|p2a: Porygon-Z
|-damage|p2a: Porygon-Z|131\/331
|
|-heal|p1a: Blissey|201\/657|[from] item: Leftovers
|turn|46
|
|move|p2a: Porygon-Z|Tri Attack|p1a: Blissey
|-damage|p1a: Blissey|0 fnt
|faint|p1a: Blissey
|
|
|switch|p1a: Dragalge|Dragalge, M|206\/334
|-damage|p1a: Dragalge|165\/334|[from] Stealth Rock
|turn|47
|
|move|p2a: Porygon-Z|Tri Attack|p1a: Dragalge
|-damage|p1a: Dragalge|0 fnt
|faint|p1a: Dragalge
|
|
|switch|p1a: Spiritomb|Spiritomb, M|228\/304 slp
|-damage|p1a: Spiritomb|190\/304 slp|[from] Stealth Rock
|-ability|p1a: Spiritomb|Pressure
|turn|48
|
|move|p2a: Porygon-Z|Dark Pulse|p1a: Spiritomb
|-damage|p1a: Spiritomb|0 fnt
|faint|p1a: Spiritomb
|
|
|switch|p1a: Suicune|Suicune|404\/404
|-damage|p1a: Suicune|354\/404|[from] Stealth Rock
|-ability|p1a: Suicune|Pressure
|turn|49
|
|move|p2a: Porygon-Z|Tri Attack|p1a: Suicune
|-damage|p1a: Suicune|0 fnt
|faint|p1a: Suicune
|
|c|âULT Lapraz|well
|c|âAVSwagger|GG :]
|c|âULT Lapraz|guess i'm weak to np pz
|c| FUQ GLISCORE|gg
|c|âULT Lapraz|gg
|-message|ULT Lapraz forfeited.
|leave|ULT Lapraz
|
|win|AVSwagger
|raw|Ladder updating...
|player|p1