|join|killerASCII
|join|ULT Lapraz
|player|p1|killerASCII|163
|player|p2|ULT Lapraz|157
|gametype|singles
|gen|6
|tier|UU
|rated
|rule|Sleep Clause Mod: Limit one foe put to sleep
|rule|Species Clause: Limit one of each PokÃ©mon
|rule|OHKO Clause: OHKO moves are banned
|rule|Moody Clause: Moody is banned
|rule|Evasion Moves Clause: Evasion moves are banned
|rule|Endless Battle Clause: Forcing endless battles is banned
|rule|HP Percentage Mod: HP is shown in percentages
|clearpoke
|poke|p1|Steelix, M
|poke|p1|Hippowdon, M
|poke|p1|Jellicent, M
|poke|p1|Reuniclus, M
|poke|p1|Hydreigon, F
|poke|p1|Gigalith, F
|poke|p2|Dragalge, F
|poke|p2|Suicune
|poke|p2|Spiritomb, M
|poke|p2|Forretress, F
|poke|p2|Blissey, F
|poke|p2|Celebi
|rule|Swagger Clause: Swagger is banned
|rule|Baton Pass Clause: Limit one PokÃ©mon knowing Baton Pass
|teampreview
|
|start
|switch|p1a: King Hippo|Hippowdon, M|420\/420
|switch|p2a: Forretress|Forretress, F|354\/354
|-weather|Sandstorm
|turn|1
|join|Sir Alcain
|join|ULT Bob
|c| Sir Alcain|ewwwww stall
|c|âULT Lapraz|(:
|
|switch|p1a: Indubitably|Jellicent, M|404\/404
|move|p2a: Forretress|Toxic|p1a: Indubitably|[miss]
|-miss|p2a: Forretress|p1a: Indubitably
|
|-weather|Sandstorm|[upkeep]
|-damage|p1a: Indubitably|379\/404|[from] sandstorm
|-heal|p1a: Indubitably|404\/404|[from] item: Leftovers
|turn|2
|
|switch|p1a: Giygas|Reuniclus, M|424\/424
|switch|p2a: Celebi|Celebi|404\/404
|
|-weather|Sandstorm|[upkeep]
|-damage|p2a: Celebi|379\/404|[from] sandstorm
|-heal|p2a: Celebi|404\/404|[from] item: Leftovers
|turn|3
|c|âkillerASCII|should have seen toxic coming the first time
|
|move|p2a: Celebi|Stealth Rock|p1a: Giygas
|-sidestart|p1: killerASCII|move: Stealth Rock
|move|p1a: Giygas|Trick Room|p1a: Giygas
|-fieldstart|move: Trick Room|[of] p1a: Giygas
|
|-weather|Sandstorm|[upkeep]
|-damage|p2a: Celebi|379\/404|[from] sandstorm
|-heal|p2a: Celebi|404\/404|[from] item: Leftovers
|turn|4
|c|âkillerASCII|celebi gets rocks? interesting
|c| Sir Alcain|hope uhave hp bug Kappa
|c|âkillerASCII|maybe I do
|join|pokeblade101
|c| Sir Alcain|then that celebi better switch
|
|switch|p1a: Metallo|Steelix, M|354\/354
|-damage|p1a: Metallo|343\/354|[from] Stealth Rock
|switch|p2a: Blissey|Blissey, F|657\/657
|
|-weather|Sandstorm|[upkeep]
|-damage|p2a: Blissey|616\/657|[from] sandstorm
|-heal|p2a: Blissey|657\/657|[from] item: Leftovers
|turn|5
|c|âkillerASCII|Nice and predicted
|
|switch|p2a: Forretress|Forretress, F|354\/354
|detailschange|p1a: Metallo|Steelix-Mega, M
|-mega|p1a: Metallo|Steelix|Steelixite
|move|p1a: Metallo|Earthquake|p2a: Forretress
|-damage|p2a: Forretress|218\/354
|
|-weather|Sandstorm|[upkeep]
|-heal|p2a: Forretress|240\/354|[from] item: Leftovers
|turn|6
|join|Christo m8
|leave|Christo m8
|c|âkillerASCII|wait
|c| Sir Alcain|ur spossed to pretend u mispredicted Kappa
|c|âkillerASCII|Is that thing supposed to scare me?
|
|switch|p2a: Suicune|Suicune|404\/404
|-ability|p2a: Suicune|Pressure
|move|p1a: Metallo|Fire Fang|p2a: Suicune
|-resisted|p2a: Suicune
|-damage|p2a: Suicune|376\/404
|
|-weather|Sandstorm|[upkeep]
|-damage|p2a: Suicune|351\/404|[from] sandstorm
|-heal|p2a: Suicune|376\/404|[from] item: Leftovers
|turn|7
|c|âkillerASCII|he has a fully functional crocune
|c|âkillerASCII|why is forretress his goto?
|
|switch|p1a: Indubitably|Jellicent, M|404\/404
|-damage|p1a: Indubitably|354\/404|[from] Stealth Rock
|move|p2a: Suicune|Scald|p1a: Indubitably
|-heal|p1a: Indubitably|404\/404|[from] ability: Water Absorb|[of] p2a: Suicune
|
|-weather|Sandstorm|[upkeep]
|-damage|p1a: Indubitably|379\/404|[from] sandstorm
|-damage|p2a: Suicune|351\/404|[from] sandstorm
|-heal|p1a: Indubitably|404\/404|[from] item: Leftovers
|-heal|p2a: Suicune|376\/404|[from] item: Leftovers
|-fieldend|move: Trick Room
|turn|8
|
|switch|p2a: Dragalge|Dragalge, F|334\/334
|move|p1a: Indubitably|Will-O-Wisp|p2a: Dragalge
|-status|p2a: Dragalge|brn
|
|-weather|none
|-damage|p2a: Dragalge|293\/334 brn|[from] brn
|turn|9
|
|move|p2a: Dragalge|Toxic Spikes|p1a: Indubitably
|-sidestart|p1: killerASCII|move: Toxic Spikes
|move|p1a: Indubitably|Trick Room|p1a: Indubitably
|-fieldstart|move: Trick Room|[of] p1a: Indubitably
|
|-heal|p2a: Dragalge|313\/334 brn|[from] item: Black Sludge
|-damage|p2a: Dragalge|272\/334 brn|[from] brn
|turn|10
|
|switch|p1a: Metamorphic|Gigalith, F|374\/374
|-damage|p1a: Metamorphic|328\/374|[from] Stealth Rock
|-status|p1a: Metamorphic|psn
|move|p2a: Dragalge|Toxic Spikes|p1a: Metamorphic
|-sidestart|p1: killerASCII|move: Toxic Spikes
|
|-heal|p2a: Dragalge|292\/334 brn|[from] item: Black Sludge
|-damage|p1a: Metamorphic|282\/374 psn|[from] psn
|-damage|p2a: Dragalge|251\/334 brn|[from] brn
|turn|11
|c|âkillerASCII|nice and hazard stacking
|c|âkillerASCII|It's a good thing my team doesn't care too much
|join|Christo m8
|leave|Christo m8
|
|switch|p2a: Suicune|Suicune|376\/404
|-ability|p2a: Suicune|Pressure
|move|p1a: Metamorphic|Stone Edge|p2a: Suicune
|-damage|p2a: Suicune|169\/404
|
|-heal|p2a: Suicune|194\/404|[from] item: Leftovers
|-damage|p1a: Metamorphic|236\/374 psn|[from] psn
|turn|12
|
|move|p1a: Metamorphic|Stone Edge|p2a: Suicune
|-damage|p2a: Suicune|0 fnt
|faint|p2a: Suicune
|
|-damage|p1a: Metamorphic|190\/374 psn|[from] psn
|c|âkillerASCII|wait
|c|âkillerASCII|Was that thing supposed to wall me?
|c|âkillerASCII|oops
|
|switch|p2a: Spiritomb|Spiritomb, M|304\/304
|-ability|p2a: Spiritomb|Pressure
|turn|13
|
|switch|p1a: Not a Tank|Hydreigon, F|326\/326
|-damage|p1a: Not a Tank|286\/326|[from] Stealth Rock
|move|p2a: Spiritomb|Foul Play|p1a: Not a Tank
|-resisted|p1a: Not a Tank
|-damage|p1a: Not a Tank|228\/326
|
|-fieldend|move: Trick Room
|turn|14
|
|switch|p2a: Blissey|Blissey, F|657\/657
|move|p1a: Not a Tank|Dark Pulse|p2a: Blissey
|-damage|p2a: Blissey|564\/657
|
|-heal|p2a: Blissey|605\/657|[from] item: Leftovers
|turn|15
|c|âkillerASCII|was gonna uturn
|
|switch|p1a: King Hippo|Hippowdon, M|420\/420
|-damage|p1a: King Hippo|394\/420|[from] Stealth Rock
|-status|p1a: King Hippo|tox
|-weather|Sandstorm
|move|p2a: Blissey|Wish|p2a: Blissey
|
|-weather|Sandstorm|[upkeep]
|-damage|p2a: Blissey|564\/657|[from] sandstorm
|-heal|p2a: Blissey|605\/657|[from] item: Leftovers
|-damage|p1a: King Hippo|368\/420 tox|[from] psn
|turn|16
|c|âkillerASCII|But I thought you were smart enough to stay in
|c| Sir Alcain|lol ascii keep talkin shit ur gunna get ur ass handed to u
|c|âkillerASCII|nah, it's fine
|c|âkillerASCII|Crocune was the only threat to my team
|c|âkillerASCII|And I took it down without a hitch
|c|âULT Lapraz|I still don't know why i was slower
|c|âULT Lapraz|i must have misclicked roar
|c|âkillerASCII|Usually that thing stalls me to death
|c|âkillerASCII|Trick room was up
|c|âULT Lapraz|o
|
|switch|p2a: Forretress|Forretress, F|240\/354
|move|p1a: King Hippo|Stealth Rock|p2a: Forretress
|-sidestart|p2: ULT Lapraz|move: Stealth Rock
|
|-weather|Sandstorm|[upkeep]
|-heal|p2a: Forretress|354\/354|[from] move: Wish|[wisher] Blissey
|-damage|p1a: King Hippo|316\/420 tox|[from] psn
|turn|17
|
|switch|p1a: Giygas|Reuniclus, M|424\/424
|-status|p1a: Giygas|tox
|move|p2a: Forretress|Spikes|p1a: Giygas
|-sidestart|p1: killerASCII|Spikes
|
|-weather|Sandstorm|[upkeep]
|turn|18
|
|move|p2a: Forretress|Rapid Spin|p1a: Giygas
|-damage|p1a: Giygas|407\/424 tox
|-sideend|p2: ULT Lapraz|Stealth Rock|[from] move: Rapid Spin|[of] p2a: Forretress
|move|p1a: Giygas|Trick Room|p1a: Giygas
|-fieldstart|move: Trick Room|[of] p1a: Giygas
|
|-weather|Sandstorm|[upkeep]
|turn|19
|
|switch|p1a: Metallo|Steelix-Mega, M|343\/354
|-damage|p1a: Metallo|299\/354|[from] Spikes
|-damage|p1a: Metallo|288\/354|[from] Stealth Rock
|switch|p2a: Spiritomb|Spiritomb, M|304\/304
|-ability|p2a: Spiritomb|Pressure
|
|-weather|Sandstorm|[upkeep]
|-damage|p2a: Spiritomb|285\/304|[from] sandstorm
|-heal|p2a: Spiritomb|304\/304|[from] item: Leftovers
|turn|20
|
|move|p1a: Metallo|Earthquake|p2a: Spiritomb
|-damage|p2a: Spiritomb|144\/304
|move|p2a: Spiritomb|Will-O-Wisp|p1a: Metallo
|-status|p1a: Metallo|brn
|
|-weather|Sandstorm|[upkeep]
|-damage|p2a: Spiritomb|125\/304|[from] sandstorm
|-heal|p2a: Spiritomb|144\/304|[from] item: Leftovers
|-damage|p1a: Metallo|244\/354 brn|[from] brn
|turn|21
|
|move|p1a: Metallo|Earthquake|p2a: Spiritomb
|-damage|p2a: Spiritomb|60\/304
|move|p2a: Spiritomb|Rest|p2a: Spiritomb
|-status|p2a: Spiritomb|slp
|-heal|p2a: Spiritomb|304\/304 slp|[silent]
|-status|p2a: Spiritomb|slp|[from] move: Rest
|
|-weather|Sandstorm|[upkeep]
|-damage|p2a: Spiritomb|285\/304 slp|[from] sandstorm
|-heal|p2a: Spiritomb|304\/304 slp|[from] item: Leftovers
|-damage|p1a: Metallo|200\/354 brn|[from] brn
|turn|22
|c|âkillerASCII|rest spiritomb
|c|âkillerASCII|What?
|c| Sir Alcain|yup
|c|âkillerASCII|this is actually stupid
|c| Sir Alcain|fully defensive spiritomb runs that
|c|âULT Lapraz|it's the only viable set in uu
|
|switch|p1a: Indubitably|Jellicent, M|404\/404
|-status|p1a: Indubitably|tox
|-damage|p1a: Indubitably|354\/404 tox|[from] Stealth Rock
|-damage|p1a: Indubitably|304\/404 tox|[from] Spikes
|cant|p2a: Spiritomb|slp
|move|p2a: Spiritomb|Sleep Talk|p2a: Spiritomb
|move|p2a: Spiritomb|Will-O-Wisp|p1a: Indubitably|[from]Sleep Talk|[miss]
|-miss|p2a: Spiritomb|p1a: Indubitably
|
|-weather|none
|-heal|p1a: Indubitably|329\/404 tox|[from] item: Leftovers
|-damage|p1a: Indubitably|304\/404 tox|[from] psn
|-fieldend|move: Trick Room
|turn|23
|c|âkillerASCII|but so many things do it better
|c|âULT Lapraz|like what
|c|âkillerASCII|trevenant
|c|âULT Lapraz|ok
|
|switch|p2a: Dragalge|Dragalge, F|251\/334 brn
|move|p1a: Indubitably|Trick Room|p1a: Indubitably
|-fieldstart|move: Trick Room|[of] p1a: Indubitably
|
|-heal|p2a: Dragalge|271\/334 brn|[from] item: Black Sludge
|-heal|p1a: Indubitably|329\/404 tox|[from] item: Leftovers
|-damage|p2a: Dragalge|230\/334 brn|[from] brn
|-damage|p1a: Indubitably|279\/404 tox|[from] psn
|turn|24
|
|switch|p1a: King Hippo|Hippowdon, M|316\/420 tox
|-damage|p1a: King Hippo|264\/420 tox|[from] Spikes
|-damage|p1a: King Hippo|238\/420 tox|[from] Stealth Rock
|-weather|Sandstorm
|move|p2a: Dragalge|Dragon Tail|p1a: King Hippo
|-damage|p1a: King Hippo|214\/420 tox
|drag|p1a: Metamorphic|Gigalith, F|190\/374 psn
|-damage|p1a: Metamorphic|144\/374 psn|[from] Spikes
|-damage|p1a: Metamorphic|98\/374 psn|[from] Stealth Rock
|
|-weather|Sandstorm|[upkeep]
|-damage|p2a: Dragalge|210\/334 brn|[from] sandstorm
|-heal|p2a: Dragalge|230\/334 brn|[from] item: Black Sludge
|-damage|p1a: Metamorphic|52\/374 psn|[from] psn
|-damage|p2a: Dragalge|189\/334 brn|[from] brn
|turn|25
|
|move|p1a: Metamorphic|Stone Edge|p2a: Dragalge
|-damage|p2a: Dragalge|0 fnt
|faint|p2a: Dragalge
|
|-weather|Sandstorm|[upkeep]
|-damage|p1a: Metamorphic|6\/374 psn|[from] psn
|
|switch|p2a: Blissey|Blissey, F|605\/657
|turn|26
|
|move|p2a: Blissey|Protect|p2a: Blissey
|-singleturn|p2a: Blissey|Protect
|move|p1a: Metamorphic|Stone Edge|p2a: Blissey
|-activate|p2a: Blissey|Protect
|
|-weather|Sandstorm|[upkeep]
|-damage|p2a: Blissey|564\/657|[from] sandstorm
|-heal|p2a: Blissey|605\/657|[from] item: Leftovers
|-damage|p1a: Metamorphic|0 fnt|[from] psn
|faint|p1a: Metamorphic
|c|âkillerASCII|protect Blissey?
|c|âkillerASCII|This guy can't defend his sets
|
|switch|p1a: Giygas|Reuniclus, M|407\/424 tox
|turn|27
|
|switch|p1a: King Hippo|Hippowdon, M|214\/420 tox
|-damage|p1a: King Hippo|162\/420 tox|[from] Spikes
|-damage|p1a: King Hippo|136\/420 tox|[from] Stealth Rock
|move|p2a: Blissey|Seismic Toss|p1a: King Hippo
|-damage|p1a: King Hippo|36\/420 tox
|
|-weather|Sandstorm|[upkeep]
|-damage|p2a: Blissey|564\/657|[from] sandstorm
|-heal|p2a: Blissey|605\/657|[from] item: Leftovers
|-damage|p1a: King Hippo|10\/420 tox|[from] psn
|-fieldend|move: Trick Room
|turn|28
|
|move|p2a: Blissey|Seismic Toss|p1a: King Hippo
|-damage|p1a: King Hippo|0 fnt
|faint|p1a: King Hippo
|
|-weather|Sandstorm|[upkeep]
|-damage|p2a: Blissey|564\/657|[from] sandstorm
|-heal|p2a: Blissey|605\/657|[from] item: Leftovers
|
|switch|p1a: Indubitably|Jellicent, M|279\/404 tox
|-damage|p1a: Indubitably|229\/404 tox|[from] Stealth Rock
|-damage|p1a: Indubitably|179\/404 tox|[from] Spikes
|turn|29
|join|Christo m8
|
|move|p2a: Blissey|Heal Bell|p2a: Blissey
|-cureteam|p2a: Blissey|[from] move: HealBell
|move|p1a: Indubitably|Will-O-Wisp|p2a: Blissey
|-status|p2a: Blissey|brn
|
|-weather|Sandstorm|[upkeep]
|-damage|p2a: Blissey|564\/657 brn|[from] sandstorm
|-damage|p1a: Indubitably|154\/404 tox|[from] sandstorm
|-heal|p2a: Blissey|605\/657 brn|[from] item: Leftovers
|-heal|p1a: Indubitably|179\/404 tox|[from] item: Leftovers
|-damage|p2a: Blissey|523\/657 brn|[from] brn
|-damage|p1a: Indubitably|154\/404 tox|[from] psn
|turn|30
|leave|Christo m8
|
|switch|p2a: Celebi|Celebi|404\/404
|move|p1a: Indubitably|Trick Room|p1a: Indubitably
|-fieldstart|move: Trick Room|[of] p1a: Indubitably
|
|-weather|Sandstorm|[upkeep]
|-damage|p1a: Indubitably|129\/404 tox|[from] sandstorm
|-damage|p2a: Celebi|379\/404|[from] sandstorm
|-heal|p1a: Indubitably|154\/404 tox|[from] item: Leftovers
|-heal|p2a: Celebi|404\/404|[from] item: Leftovers
|-damage|p1a: Indubitably|104\/404 tox|[from] psn
|turn|31
|
|switch|p2a: Blissey|Blissey, F|523\/657
|move|p1a: Indubitably|Will-O-Wisp|p2a: Blissey
|-status|p2a: Blissey|brn
|
|-weather|none
|-heal|p1a: Indubitably|129\/404 tox|[from] item: Leftovers
|-heal|p2a: Blissey|564\/657 brn|[from] item: Leftovers
|-damage|p1a: Indubitably|54\/404 tox|[from] psn
|-damage|p2a: Blissey|482\/657 brn|[from] brn
|turn|32
|
|switch|p2a: Celebi|Celebi|404\/404
|move|p1a: Indubitably|Scald|p2a: Celebi
|-resisted|p2a: Celebi
|-damage|p2a: Celebi|376\/404
|
|-heal|p1a: Indubitably|79\/404 tox|[from] item: Leftovers
|-heal|p2a: Celebi|401\/404|[from] item: Leftovers
|-damage|p1a: Indubitably|0 fnt|[from] psn
|faint|p1a: Indubitably
|
|switch|p1a: Giygas|Reuniclus, M|407\/424 tox
|turn|33
|
|move|p1a: Giygas|Shadow Ball|p2a: Celebi
|-supereffective|p2a: Celebi
|-damage|p2a: Celebi|224\/404
|move|p2a: Celebi|Perish Song|p2a: Celebi
|-fieldactivate|move: Perish Song
|
|-start|p1a: Giygas|perish3
|-start|p2a: Celebi|perish3
|-heal|p2a: Celebi|249\/404|[from] item: Leftovers
|turn|34
|
|switch|p1a: Not a Tank|Hydreigon, F|228\/326
|-damage|p1a: Not a Tank|188\/326|[from] Stealth Rock
|switch|p2a: Blissey|Blissey, F|482\/657
|
|-heal|p2a: Blissey|523\/657|[from] item: Leftovers
|-fieldend|move: Trick Room
|turn|35
|
|move|p2a: Blissey|Protect|p2a: Blissey
|-singleturn|p2a: Blissey|Protect
|move|p1a: Not a Tank|U-turn|p2a: Blissey
|-activate|p2a: Blissey|Protect
|
|-heal|p2a: Blissey|564\/657|[from] item: Leftovers
|turn|36
|leave|ULT Bob
|
|move|p1a: Not a Tank|U-turn|p2a: Blissey
|-damage|p2a: Blissey|466\/657
|
|switch|p1a: Metallo|Steelix-Mega, M|200\/354 brn
|-damage|p1a: Metallo|189\/354 brn|[from] Stealth Rock
|-damage|p1a: Metallo|145\/354 brn|[from] Spikes
|move|p2a: Blissey|Wish|p2a: Blissey
|
|-heal|p2a: Blissey|507\/657|[from] item: Leftovers
|-damage|p1a: Metallo|101\/354 brn|[from] brn
|turn|37
|join|RowDog
|c|âkillerASCII|stall can actually burn in hell
|
|switch|p2a: Forretress|Forretress, F|354\/354
|move|p1a: Metallo|Gyro Ball|p2a: Forretress
|-resisted|p2a: Forretress
|-damage|p2a: Forretress|345\/354
|
|-heal|p2a: Forretress|354\/354|[from] move: Wish|[wisher] Blissey
|-damage|p1a: Metallo|57\/354 brn|[from] brn
|turn|38
|c|âkillerASCII|If I wasn't running a gimmick team I'd have defog, taunt, or both
|c| Sir Alcain|uggh soooooo bored
|c|âkillerASCII|And you'd have lost a while ago
|c| RowDog|lol
|c|âULT Lapraz|k
|c|âkillerASCII|well?
|
|move|p2a: Forretress|Spikes|p1a: Metallo
|-sidestart|p1: killerASCII|Spikes
|move|p1a: Metallo|Gyro Ball|p2a: Forretress
|-resisted|p2a: Forretress
|-damage|p2a: Forretress|345\/354
|
|-heal|p2a: Forretress|354\/354|[from] item: Leftovers
|-damage|p1a: Metallo|13\/354 brn|[from] brn
|turn|39
|c|âkillerASCII|I mean, you weren't even smart
|join|Technosis
|c|âkillerASCII|Like sacking your best poke to wall my team
|c|âULT Lapraz|i made one mistake lol
|c| Sir Alcain|wait asciii
|
|switch|p2a: Spiritomb|Spiritomb, M|304\/304
|-ability|p2a: Spiritomb|Pressure
|move|p1a: Metallo|Fire Fang|p2a: Spiritomb
|-damage|p2a: Spiritomb|278\/304
|
|-heal|p2a: Spiritomb|297\/304|[from] item: Leftovers
|-damage|p1a: Metallo|0 fnt|[from] brn
|faint|p1a: Metallo
|c| RowDog|then how come he is beating you?
|c|âkillerASCII|cause *** Stall
|c|âkillerASCII|I'm running a gimmick team
|c|âkillerASCII|So I don't have the usual counters
|c| Sir Alcain|cuz ascii thought hazard stacking didnt hurt him that much Kappa
|
|switch|p1a: Not a Tank|Hydreigon, F|188\/326
|-damage|p1a: Not a Tank|148\/326|[from] Stealth Rock
|turn|40
|c| RowDog|You have like Reun lol
|c|âULT Lapraz|yeah i was gonna say
|c| Sir Alcain|hows the hazards treatin u now? Kappa
|c| RowDog|that is CM Reun y\/n?
|c| Sir Alcain|lol still on ur side tho ascii :]
|c| RowDog|Reun, who is considered one of the hardest counters to the stall playstyle
|c|âkillerASCII|I like how he set up spikes on my side when Steelix already died on return
|c|âkillerASCII|And my last two pokes are immune to spikes
|c|âkillerASCII|That's kind of my point
|c|âkillerASCII|Like, anything would have been more productive
|c| Technosis|niggas
|c| Technosis|play
|c|âkillerASCII|It's not CM Reuniclus, no
|c|âkillerASCII|It's TR setter
|c|âkillerASCII|UU TR
|c| Technosis|niggas
|c| RowDog|Righto
|
|switch|p2a: Blissey|Blissey, F|507\/657
|move|p1a: Not a Tank|Dark Pulse|p2a: Blissey
|-damage|p2a: Blissey|420\/657
|
|-heal|p2a: Blissey|461\/657|[from] item: Leftovers
|turn|41
|c| Technosis|play
|c| Technosis|thnx
|
|move|p1a: Not a Tank|Dark Pulse|p2a: Blissey
|-damage|p2a: Blissey|371\/657
|move|p2a: Blissey|Seismic Toss|p1a: Not a Tank
|-damage|p1a: Not a Tank|48\/326
|
|-heal|p2a: Blissey|412\/657|[from] item: Leftovers
|turn|42
|c|âkillerASCII|I actually have to freaking flinch him to death now
|
|move|p1a: Not a Tank|Dark Pulse|p2a: Blissey
|-damage|p2a: Blissey|315\/657
|move|p2a: Blissey|Wish|p2a: Blissey
|
|-heal|p2a: Blissey|356\/657|[from] item: Leftovers
|turn|43
|leave|Technosis
|
|move|p1a: Not a Tank|Dark Pulse|p2a: Blissey
|-damage|p2a: Blissey|269\/657
|move|p2a: Blissey|Seismic Toss|p1a: Not a Tank
|-damage|p1a: Not a Tank|0 fnt
|faint|p1a: Not a Tank
|
|-heal|p2a: Blissey|597\/657|[from] move: Wish|[wisher] Blissey
|-heal|p2a: Blissey|638\/657|[from] item: Leftovers
|
|switch|p1a: Giygas|Reuniclus, M|407\/424 tox
|turn|44
|c|âkillerASCII|The thing is
|c|âkillerASCII|Stall is not a strategy
|c| RowDog|yes it is
|c| RowDog|wow
|
|move|p2a: Blissey|Seismic Toss|p1a: Giygas
|-damage|p1a: Giygas|307\/424 tox
|move|p1a: Giygas|Psyshock|p2a: Blissey
|-damage|p2a: Blissey|278\/657
|
|-heal|p2a: Blissey|319\/657|[from] item: Leftovers
|turn|45
|c|âkillerASCII|No
|c| Sir Alcain|and THATS why my hydreigons run superpower Kappa
|c| RowDog|all the people so butthurt because of stall
|c|âkillerASCII|Playstyle=\/= strategy
|
|move|p2a: Blissey|Protect|p2a: Blissey
|-singleturn|p2a: Blissey|Protect
|move|p1a: Giygas|Psyshock|p2a: Blissey
|-activate|p2a: Blissey|Protect
|
|-heal|p2a: Blissey|360\/657|[from] item: Leftovers
|turn|46
|c| RowDog|then the same can be said about offence
|c|âkillerASCII|No
|
|switch|p2a: Forretress|Forretress, F|354\/354
|move|p1a: Giygas|Psyshock|p2a: Forretress
|-resisted|p2a: Forretress
|-damage|p2a: Forretress|294\/354
|
|-heal|p2a: Forretress|316\/354|[from] item: Leftovers
|turn|47
|c| RowDog|Yes it can lol
|c|âkillerASCII|But I can't argue with someone who uses stall
|c|âkillerASCII|They can't possibly see the wrong, they use it
|c|âULT Lapraz|you could say offence is just luck and 50\/50s
|
|move|p2a: Forretress|Gyro Ball|p1a: Giygas
|-damage|p1a: Giygas|279\/424 tox
|move|p1a: Giygas|Shadow Ball|p2a: Forretress
|-damage|p2a: Forretress|122\/354
|
|-heal|p2a: Forretress|144\/354|[from] item: Leftovers
|turn|48
|c|âkillerASCII|But it's not
|c| RowDog|It can be at times
|c| RowDog|moreso than stall generally too
|c|âkillerASCII|But stall isn't even 5050s
|
|move|p2a: Forretress|Gyro Ball|p1a: Giygas
|-damage|p1a: Giygas|254\/424 tox
|move|p1a: Giygas|Shadow Ball|p2a: Forretress
|-damage|p2a: Forretress|0 fnt
|faint|p2a: Forretress
|
|
|switch|p2a: Celebi|Celebi|249\/404
|turn|49
|c|âkillerASCII|It's just switch enough that they take more residual damage than they do to get past your healing
|
|move|p2a: Celebi|Perish Song|p2a: Celebi
|-fieldactivate|move: Perish Song
|move|p1a: Giygas|Shadow Ball|p2a: Celebi
|-supereffective|p2a: Celebi
|-damage|p2a: Celebi|51\/404
|
|-start|p2a: Celebi|perish3
|-start|p1a: Giygas|perish3
|-heal|p2a: Celebi|76\/404|[from] item: Leftovers
|turn|50
|c| RowDog|exactly
|c| RowDog|and that is a strategy
|
|move|p2a: Celebi|Recover|p2a: Celebi
|-heal|p2a: Celebi|278\/404
|move|p1a: Giygas|Shadow Ball|p2a: Celebi
|-supereffective|p2a: Celebi
|-damage|p2a: Celebi|75\/404
|
|-start|p2a: Celebi|perish2
|-start|p1a: Giygas|perish2
|-heal|p2a: Celebi|100\/404|[from] item: Leftovers
|turn|51
|c|âkillerASCII|That's not a strategy
|c|âkillerASCII|You're missing my point
|c| RowDog|just because it can be a frustrating strategy
|c| RowDog|doesnât mean it isnât oen
|c|âkillerASCII|It's not a strategy
|c| RowDog|are you saying they just win by luck then?
|c|âkillerASCII|Just because it's frustrating doesn't mean it's a strategy
|c|âULT Lapraz|that doesn't make any sense
|c|âkillerASCII|No strategy =\/= luck
|c|âkillerASCII|But it's a no skill playstyle
|c|âULT Lapraz|try playing it
|c|âkillerASCII|Anyone could play stall well if they had the patience
|c|âULT Lapraz|i bet you will lose straight away, since you obvs have no patience
|c| RowDog|The majority of the skill in stall is at the teambuilding stage
|
|move|p2a: Celebi|Recover|p2a: Celebi
|-heal|p2a: Celebi|302\/404
|move|p1a: Giygas|Shadow Ball|p2a: Celebi
|-supereffective|p2a: Celebi
|-damage|p2a: Celebi|125\/404
|
|-start|p2a: Celebi|perish1
|-start|p1a: Giygas|perish1
|-heal|p2a: Celebi|150\/404|[from] item: Leftovers
|turn|52
|c|âULT Lapraz|yeah
|c| RowDog|that is where you can fck up
|c|âkillerASCII|I'm not a disgusting enough person to use it
|c| RowDog|itâs much much harder to build effective stall than offence
|c|âkillerASCII|I will never sink low enough to try
|
|switch|p2a: Spiritomb|Spiritomb, M|297\/304
|-ability|p2a: Spiritomb|Pressure
|move|p1a: Giygas|Shadow Ball|p2a: Spiritomb
|-damage|p2a: Spiritomb|167\/304
|-unboost|p2a: Spiritomb|spd|1
|
|-start|p1a: Giygas|perish0
|-heal|p2a: Spiritomb|186\/304|[from] item: Leftovers
|faint|p1a: Giygas
|
|win|ULT Lapraz
|raw|Ladder updating...
|c| Sir Alcain|can he kill 3 pokes in 1 turn? lets fibd out Kappa
|raw|killerASCII's rating: 1432 &rarr; <strong>1417<\/strong><br \/>(-15 for losing)
|raw|ULT Lapraz's rating: 1532 &rarr; <strong>1547<\/strong><br \/>(+15 for winning)
|c|âULT Lapraz|gg
|leave|ULT Lapraz
|player|p2
|c|âkillerASCII|Nope. No ggs for pure stall
|leave|Sir Alcain