|join|ULT Lapraz
|join|ult kingt9722
|player|p1|ULT Lapraz|157
|player|p2|ult kingt9722|29
|gametype|singles
|gen|6
|tier|UU
|rated
|rule|Sleep Clause Mod: Limit one foe put to sleep
|rule|Species Clause: Limit one of each PokÃ©mon
|rule|OHKO Clause: OHKO moves are banned
|rule|Moody Clause: Moody is banned
|rule|Evasion Moves Clause: Evasion moves are banned
|rule|Endless Battle Clause: Forcing endless battles is banned
|rule|HP Percentage Mod: HP is shown in percentages
|clearpoke
|poke|p1|Blissey, F
|poke|p1|Suicune
|poke|p1|Krookodile, F
|poke|p1|Granbull, F
|poke|p1|Forretress, M
|poke|p1|Moltres
|poke|p2|Medicham, M
|poke|p2|Yanmega, F
|poke|p2|Celebi
|poke|p2|Milotic, M
|poke|p2|Infernape, M
|poke|p2|Forretress, M
|rule|Swagger Clause: Swagger is banned
|rule|Baton Pass Clause: Limit one PokÃ©mon knowing Baton Pass
|teampreview
|
|start
|switch|p1a: Moltres|Moltres|383\/383
|switch|p2a: Infernape|Infernape, M|337\/337
|-ability|p1a: Moltres|Pressure
|turn|1
|
|switch|p2a: Milotic|Milotic, M|393\/393
|move|p1a: Moltres|Air Slash|p2a: Milotic
|-damage|p2a: Milotic|303\/393
|
|-heal|p2a: Milotic|327\/393|[from] item: Leftovers
|turn|2
|join|ULT Bob
|
|switch|p1a: Blissey|Blissey, F|657\/657
|switch|p2a: Medicham|Medicham, M|261\/261
|
|turn|3
|
|switch|p1a: Granbull|Granbull, F|384\/384
|-ability|p1a: Granbull|Intimidate|[of] p2a: Medicham
|-unboost|p2a: Medicham|atk|1
|detailschange|p2a: Medicham|Medicham-Mega, M
|-mega|p2a: Medicham|Medicham|Medichamite
|move|p2a: Medicham|Zen Headbutt|p1a: Granbull
|-damage|p1a: Granbull|252\/384
|
|-heal|p1a: Granbull|276\/384|[from] item: Leftovers
|turn|4
|c| ULT Bob|crit flinch
|c| ULT Bob|ez
|c|âult kingt9722|yup
|
|switch|p2a: Forretress|Forretress, M|354\/354
|move|p1a: Granbull|Play Rough|p2a: Forretress
|-resisted|p2a: Forretress
|-damage|p2a: Forretress|320\/354
|
|-heal|p1a: Granbull|300\/384|[from] item: Leftovers
|-heal|p2a: Forretress|342\/354|[from] item: Leftovers
|turn|5
|
|switch|p1a: Moltres|Moltres|383\/383
|-ability|p1a: Moltres|Pressure
|move|p2a: Forretress|Volt Switch|p1a: Moltres
|-supereffective|p1a: Moltres
|-damage|p1a: Moltres|317\/383
|
|switch|p2a: Milotic|Milotic, M|327\/393
|
|-heal|p1a: Moltres|340\/383|[from] item: Leftovers
|-heal|p2a: Milotic|351\/393|[from] item: Leftovers
|turn|6
|c| ULT Bob|does moltres get lava plume
|c|âULT Lapraz|i don't think so
|c|âult kingt9722|don't think so
|c| ULT Bob|oh
|c| ULT Bob|weak
|
|move|p1a: Moltres|Will-O-Wisp|p2a: Milotic
|-status|p2a: Milotic|brn
|move|p2a: Milotic|Scald|p1a: Moltres
|-supereffective|p1a: Moltres
|-damage|p1a: Moltres|184\/383
|
|-heal|p1a: Moltres|207\/383|[from] item: Leftovers
|-heal|p2a: Milotic|375\/393 brn|[from] item: Leftovers
|-damage|p2a: Milotic|326\/393 brn|[from] brn
|turn|7
|c|âULT Lapraz|i do not fear scald
|
|move|p1a: Moltres|Roost|p1a: Moltres
|-heal|p1a: Moltres|383\/383
|move|p2a: Milotic|Toxic|p1a: Moltres
|-status|p1a: Moltres|tox
|
|-heal|p2a: Milotic|350\/393 brn|[from] item: Leftovers
|-damage|p1a: Moltres|360\/383 tox|[from] psn
|-damage|p2a: Milotic|301\/393 brn|[from] brn
|turn|8
|c|âULT Lapraz|oh
|
|switch|p1a: Blissey|Blissey, F|657\/657
|switch|p2a: Infernape|Infernape, M|337\/337
|
|turn|9
|
|switch|p1a: Suicune|Suicune|404\/404
|-ability|p1a: Suicune|Pressure
|move|p2a: Infernape|Stealth Rock|p1a: Suicune
|-sidestart|p1: ULT Lapraz|move: Stealth Rock
|
|turn|10
|
|switch|p2a: Celebi|Celebi|403\/403
|move|p1a: Suicune|Scald|p2a: Celebi
|-resisted|p2a: Celebi
|-damage|p2a: Celebi|366\/403
|-status|p2a: Celebi|brn
|
|-heal|p2a: Celebi|391\/403 brn|[from] item: Leftovers
|-damage|p2a: Celebi|341\/403 brn|[from] brn
|turn|11
|
|switch|p1a: Forretress|Forretress, M|354\/354
|-damage|p1a: Forretress|310\/354|[from] Stealth Rock
|move|p2a: Celebi|Baton Pass|p2a: Celebi
|
|switch|p2a: Infernape|Infernape, M|337\/337
|
|-heal|p1a: Forretress|332\/354|[from] item: Leftovers
|turn|12
|
|switch|p1a: Suicune|Suicune|404\/404
|-damage|p1a: Suicune|354\/404|[from] Stealth Rock
|-ability|p1a: Suicune|Pressure
|move|p2a: Infernape|Flare Blitz|p1a: Suicune
|-resisted|p1a: Suicune
|-damage|p1a: Suicune|304\/404
|-damage|p2a: Infernape|320\/337|[from] recoil|[of] p1a: Suicune
|
|-heal|p2a: Infernape|337\/337|[from] item: Leftovers
|-heal|p1a: Suicune|329\/404|[from] item: Leftovers
|turn|13
|c| ULT Bob|oh not even nasty plot
|
|switch|p2a: Celebi|Celebi|341\/403
|switch|p1a: Forretress|Forretress, M|332\/354
|-damage|p1a: Forretress|288\/354|[from] Stealth Rock
|
|-heal|p2a: Celebi|366\/403|[from] item: Leftovers
|-heal|p1a: Forretress|310\/354|[from] item: Leftovers
|turn|14
|
|move|p2a: Celebi|Baton Pass|p2a: Celebi
|
|switch|p2a: Infernape|Infernape, M|337\/337
|move|p1a: Forretress|Rapid Spin|p2a: Infernape
|-damage|p2a: Infernape|321\/337
|-sideend|p1: ULT Lapraz|Stealth Rock|[from] move: Rapid Spin|[of] p1a: Forretress
|
|-heal|p2a: Infernape|337\/337|[from] item: Leftovers
|-heal|p1a: Forretress|332\/354|[from] item: Leftovers
|turn|15
|
|switch|p1a: Granbull|Granbull, F|300\/384
|-ability|p1a: Granbull|Intimidate|[of] p2a: Infernape
|-unboost|p2a: Infernape|atk|1
|move|p2a: Infernape|Will-O-Wisp|p1a: Granbull
|-status|p1a: Granbull|brn
|
|-heal|p1a: Granbull|324\/384 brn|[from] item: Leftovers
|-damage|p1a: Granbull|276\/384 brn|[from] brn
|turn|16
|
|move|p2a: Infernape|Stealth Rock|p1a: Granbull
|-sidestart|p1: ULT Lapraz|move: Stealth Rock
|move|p1a: Granbull|Heal Bell|p1a: Granbull
|-cureteam|p1a: Granbull|[from] move: HealBell
|
|-heal|p1a: Granbull|300\/384|[from] item: Leftovers
|turn|17
|
|move|p2a: Infernape|Will-O-Wisp|p1a: Granbull|[miss]
|-miss|p2a: Infernape|p1a: Granbull
|move|p1a: Granbull|Play Rough|p2a: Infernape
|-damage|p2a: Infernape|193\/337
|
|-heal|p2a: Infernape|214\/337|[from] item: Leftovers
|-heal|p1a: Granbull|324\/384|[from] item: Leftovers
|turn|18
|c|âult kingt9722|playing stall at 2:45 am
|c|âULT Lapraz|the bulk....
|c|âult kingt9722|rip me
|
|move|p2a: Infernape|Will-O-Wisp|p1a: Granbull
|-status|p1a: Granbull|brn
|move|p1a: Granbull|Play Rough|p2a: Infernape
|-damage|p2a: Infernape|142\/337
|
|-heal|p2a: Infernape|163\/337|[from] item: Leftovers
|-heal|p1a: Granbull|348\/384 brn|[from] item: Leftovers
|-damage|p1a: Granbull|300\/384 brn|[from] brn
|turn|19
|
|move|p2a: Infernape|Slack Off|p2a: Infernape
|-heal|p2a: Infernape|332\/337
|move|p1a: Granbull|Rest|p1a: Granbull
|-status|p1a: Granbull|slp
|-heal|p1a: Granbull|384\/384 slp|[silent]
|-status|p1a: Granbull|slp|[from] move: Rest
|
|-heal|p2a: Infernape|337\/337|[from] item: Leftovers
|turn|20
|c| ULT Bob|is this slack off ape
|c| ULT Bob|oh
|c| ULT Bob|nb
|
|switch|p2a: Celebi|Celebi|366\/403
|cant|p1a: Granbull|slp
|move|p1a: Granbull|Sleep Talk|p1a: Granbull
|move|p1a: Granbull|Play Rough|p2a: Celebi|[from]Sleep Talk
|-damage|p2a: Celebi|270\/403
|
|-heal|p2a: Celebi|295\/403|[from] item: Leftovers
|turn|21
|
|switch|p2a: Infernape|Infernape, M|337\/337
|switch|p1a: Forretress|Forretress, M|332\/354
|-damage|p1a: Forretress|288\/354|[from] Stealth Rock
|
|-heal|p1a: Forretress|310\/354|[from] item: Leftovers
|turn|22
|
|switch|p1a: Moltres|Moltres|360\/383
|-damage|p1a: Moltres|169\/383|[from] Stealth Rock
|-ability|p1a: Moltres|Pressure
|move|p2a: Infernape|Flare Blitz|p1a: Moltres
|-resisted|p1a: Moltres
|-damage|p1a: Moltres|86\/383
|-damage|p2a: Infernape|310\/337|[from] recoil|[of] p1a: Moltres
|
|-heal|p2a: Infernape|331\/337|[from] item: Leftovers
|-heal|p1a: Moltres|109\/383|[from] item: Leftovers
|turn|23
|
|switch|p2a: Medicham|Medicham-Mega, M|261\/261
|move|p1a: Moltres|Roost|p1a: Moltres
|-heal|p1a: Moltres|301\/383
|
|-heal|p1a: Moltres|324\/383|[from] item: Leftovers
|turn|24
|
|move|p2a: Medicham|Zen Headbutt|p1a: Moltres
|-damage|p1a: Moltres|80\/383
|move|p1a: Moltres|Will-O-Wisp|p2a: Medicham
|-status|p2a: Medicham|brn
|
|-heal|p1a: Moltres|103\/383|[from] item: Leftovers
|-damage|p2a: Medicham|229\/261 brn|[from] brn
|turn|25
|
|switch|p1a: Forretress|Forretress, M|310\/354
|-damage|p1a: Forretress|266\/354|[from] Stealth Rock
|move|p2a: Medicham|Zen Headbutt|p1a: Forretress
|-resisted|p1a: Forretress
|-damage|p1a: Forretress|233\/354
|
|-heal|p1a: Forretress|255\/354|[from] item: Leftovers
|-damage|p2a: Medicham|197\/261 brn|[from] brn
|turn|26
|
|switch|p2a: Celebi|Celebi|295\/403
|move|p1a: Forretress|Spikes|p2a: Celebi
|-sidestart|p2: ult kingt9722|Spikes
|
|-heal|p2a: Celebi|320\/403|[from] item: Leftovers
|-heal|p1a: Forretress|277\/354|[from] item: Leftovers
|turn|27
|
|move|p2a: Celebi|Nasty Plot|p2a: Celebi
|-boost|p2a: Celebi|spa|2
|move|p1a: Forretress|Spikes|p2a: Celebi
|-sidestart|p2: ult kingt9722|Spikes
|
|-heal|p2a: Celebi|345\/403|[from] item: Leftovers
|-heal|p1a: Forretress|299\/354|[from] item: Leftovers
|turn|28
|c|âULT Lapraz|!!!!!!!!
|
|switch|p1a: Blissey|Blissey, F|657\/657
|-damage|p1a: Blissey|575\/657|[from] Stealth Rock
|move|p2a: Celebi|Nasty Plot|p2a: Celebi
|-boost|p2a: Celebi|spa|2
|
|-heal|p2a: Celebi|370\/403|[from] item: Leftovers
|-heal|p1a: Blissey|616\/657|[from] item: Leftovers
|turn|29
|
|move|p2a: Celebi|Giga Drain|p1a: Blissey
|-damage|p1a: Blissey|438\/657
|-heal|p2a: Celebi|403\/403|[from] drain|[of] p1a: Blissey
|move|p1a: Blissey|Seismic Toss|p2a: Celebi
|-damage|p2a: Celebi|303\/403
|
|-heal|p2a: Celebi|328\/403|[from] item: Leftovers
|-heal|p1a: Blissey|479\/657|[from] item: Leftovers
|turn|30
|c| ULT Bob|is it ogre
|c|âult kingt9722|doubt it
|
|move|p2a: Celebi|Nasty Plot|p2a: Celebi
|-boost|p2a: Celebi|spa|2
|move|p1a: Blissey|Toxic|p2a: Celebi
|-status|p2a: Celebi|tox
|
|-heal|p2a: Celebi|353\/403 tox|[from] item: Leftovers
|-heal|p1a: Blissey|520\/657|[from] item: Leftovers
|-damage|p2a: Celebi|328\/403 tox|[from] psn
|turn|31
|
|move|p2a: Celebi|Giga Drain|p1a: Blissey
|-damage|p1a: Blissey|273\/657
|-heal|p2a: Celebi|403\/403 tox|[from] drain|[of] p1a: Blissey
|move|p1a: Blissey|Toxic|p2a: Celebi
|-fail|p2a: Celebi|tox
|
|-heal|p1a: Blissey|314\/657|[from] item: Leftovers
|-damage|p2a: Celebi|353\/403 tox|[from] psn
|turn|32
|c| ULT Bob|you got bp...
|c|âult kingt9722|psychic
|
|move|p2a: Celebi|Baton Pass|p2a: Celebi
|
|switch|p2a: Yanmega|Yanmega, F|313\/313
|move|p1a: Blissey|Wish|p1a: Blissey
|
|-heal|p1a: Blissey|355\/657|[from] item: Leftovers
|turn|33
|
|move|p1a: Blissey|Protect|p1a: Blissey
|-singleturn|p1a: Blissey|Protect
|move|p2a: Yanmega|Bug Buzz|p1a: Blissey
|-activate|p1a: Blissey|Protect
|
|-heal|p1a: Blissey|657\/657|[from] move: Wish|[wisher] Blissey
|-boost|p2a: Yanmega|spe|1|[from] ability: Speed Boost
|turn|34
|
|move|p2a: Yanmega|Bug Buzz|p1a: Blissey
|-damage|p1a: Blissey|84\/657
|-damage|p2a: Yanmega|282\/313|[from] item: Life Orb
|move|p1a: Blissey|Toxic|p2a: Yanmega
|-status|p2a: Yanmega|tox
|
|-heal|p1a: Blissey|125\/657|[from] item: Leftovers
|-damage|p2a: Yanmega|263\/313 tox|[from] psn
|-boost|p2a: Yanmega|spe|1|[from] ability: Speed Boost
|turn|35
|
|move|p1a: Blissey|Protect|p1a: Blissey
|-singleturn|p1a: Blissey|Protect
|move|p2a: Yanmega|Bug Buzz|p1a: Blissey
|-activate|p1a: Blissey|Protect
|
|-heal|p1a: Blissey|166\/657|[from] item: Leftovers
|-damage|p2a: Yanmega|225\/313 tox|[from] psn
|-boost|p2a: Yanmega|spe|1|[from] ability: Speed Boost
|turn|36
|
|switch|p1a: Moltres|Moltres|103\/383
|-damage|p1a: Moltres|0 fnt|[from] Stealth Rock
|faint|p1a: Moltres
|move|p2a: Yanmega|Bug Buzz|p1: Moltres|[notarget]
|-notarget
|
|-damage|p2a: Yanmega|168\/313 tox|[from] psn
|-boost|p2a: Yanmega|spe|1|[from] ability: Speed Boost
|
|switch|p1a: Blissey|Blissey, F|166\/657
|-damage|p1a: Blissey|84\/657|[from] Stealth Rock
|turn|37
|
|move|p1a: Blissey|Protect|p1a: Blissey
|-singleturn|p1a: Blissey|Protect
|move|p2a: Yanmega|Bug Buzz|p1a: Blissey
|-activate|p1a: Blissey|Protect
|
|-heal|p1a: Blissey|125\/657|[from] item: Leftovers
|-damage|p2a: Yanmega|92\/313 tox|[from] psn
|-boost|p2a: Yanmega|spe|1|[from] ability: Speed Boost
|turn|38
|c|âULT Lapraz|ok double protect let's do this
|
|move|p1a: Blissey|Protect|p1a: Blissey
|-fail|p1a: Blissey
|move|p2a: Yanmega|Giga Drain|p1a: Blissey
|-damage|p1a: Blissey|0 fnt
|-heal|p2a: Yanmega|155\/313 tox|[from] drain|[of] p1a: Blissey
|-damage|p2a: Yanmega|124\/313 tox|[from] item: Life Orb
|faint|p1a: Blissey
|
|-damage|p2a: Yanmega|29\/313 tox|[from] psn
|-boost|p2a: Yanmega|spe|1|[from] ability: Speed Boost
|c|âult kingt9722|rofl
|c|âULT Lapraz|!!!
|c|âult kingt9722|are you oh no oh no?
|c|âULT Lapraz|yeah
|
|switch|p1a: Forretress|Forretress, M|299\/354
|-damage|p1a: Forretress|255\/354|[from] Stealth Rock
|turn|39
|
|move|p2a: Yanmega|Air Slash|p1a: Forretress
|-damage|p1a: Forretress|0 fnt
|-damage|p2a: Yanmega|0 fnt|[from] item: Life Orb
|faint|p1a: Forretress
|faint|p2a: Yanmega
|
|
|switch|p1a: Krookodile|Krookodile, F|393\/393
|switch|p2a: Forretress|Forretress, M|342\/354
|-damage|p1a: Krookodile|369\/393|[from] Stealth Rock
|-ability|p1a: Krookodile|Intimidate|[of] p2a: Forretress
|-unboost|p2a: Forretress|atk|1
|-damage|p2a: Forretress|283\/354|[from] Spikes
|turn|40
|
|move|p1a: Krookodile|Taunt|p2a: Forretress
|-start|p2a: Forretress|move: Taunt
|move|p2a: Forretress|Rapid Spin|p1a: Krookodile
|-damage|p1a: Krookodile|361\/393
|-sideend|p2: ult kingt9722|Spikes|[from] move: Rapid Spin|[of] p2a: Forretress
|
|-heal|p1a: Krookodile|385\/393|[from] item: Leftovers
|-heal|p2a: Forretress|305\/354|[from] item: Leftovers
|turn|41
|
|switch|p2a: Milotic|Milotic, M|301\/393 brn
|move|p1a: Krookodile|Knock Off|p2a: Milotic
|-damage|p2a: Milotic|226\/393 brn
|-enditem|p2a: Milotic|Leftovers|[from] move: Knock Off|[of] p1a: Krookodile
|
|-heal|p1a: Krookodile|393\/393|[from] item: Leftovers
|-damage|p2a: Milotic|177\/393 brn|[from] brn
|turn|42
|
|switch|p1a: Suicune|Suicune|329\/404
|-damage|p1a: Suicune|279\/404|[from] Stealth Rock
|-ability|p1a: Suicune|Pressure
|move|p2a: Milotic|Scald|p1a: Suicune
|-resisted|p1a: Suicune
|-damage|p1a: Suicune|237\/404
|
|-heal|p1a: Suicune|262\/404|[from] item: Leftovers
|-damage|p2a: Milotic|128\/393 brn|[from] brn
|turn|43
|
|switch|p2a: Celebi|Celebi|353\/403
|move|p1a: Suicune|Calm Mind|p1a: Suicune
|-boost|p1a: Suicune|spa|1
|-boost|p1a: Suicune|spd|1
|
|-heal|p2a: Celebi|378\/403|[from] item: Leftovers
|-heal|p1a: Suicune|287\/404|[from] item: Leftovers
|turn|44
|
|move|p2a: Celebi|Nasty Plot|p2a: Celebi
|-boost|p2a: Celebi|spa|2
|move|p1a: Suicune|Roar|p2a: Celebi
|drag|p2a: Milotic|Milotic, M|128\/393 brn
|
|-heal|p1a: Suicune|312\/404|[from] item: Leftovers
|-damage|p2a: Milotic|79\/393 brn|[from] brn
|turn|45
|
|move|p2a: Milotic|Toxic|p1a: Suicune
|-status|p1a: Suicune|tox
|move|p1a: Suicune|Calm Mind|p1a: Suicune
|-boost|p1a: Suicune|spa|1
|-boost|p1a: Suicune|spd|1
|
|-heal|p1a: Suicune|337\/404 tox|[from] item: Leftovers
|-damage|p2a: Milotic|30\/393 brn|[from] brn
|-damage|p1a: Suicune|312\/404 tox|[from] psn
|turn|46
|
|switch|p2a: Celebi|Celebi|378\/403
|move|p1a: Suicune|Scald|p2a: Celebi
|-resisted|p2a: Celebi
|-damage|p2a: Celebi|297\/403
|
|-heal|p2a: Celebi|322\/403|[from] item: Leftovers
|-heal|p1a: Suicune|337\/404 tox|[from] item: Leftovers
|-damage|p1a: Suicune|287\/404 tox|[from] psn
|turn|47
|
|move|p2a: Celebi|Giga Drain|p1a: Suicune
|-supereffective|p1a: Suicune
|-damage|p1a: Suicune|203\/404 tox
|-heal|p2a: Celebi|364\/403|[from] drain|[of] p1a: Suicune
|move|p1a: Suicune|Roar|p2a: Celebi
|drag|p2a: Forretress|Forretress, M|305\/354
|
|-heal|p1a: Suicune|228\/404 tox|[from] item: Leftovers
|-heal|p2a: Forretress|327\/354|[from] item: Leftovers
|-damage|p1a: Suicune|153\/404 tox|[from] psn
|turn|48
|
|move|p1a: Suicune|Rest|p1a: Suicune
|-status|p1a: Suicune|slp
|-heal|p1a: Suicune|404\/404 slp|[silent]
|-status|p1a: Suicune|slp|[from] move: Rest
|move|p2a: Forretress|Volt Switch|p1a: Suicune
|-supereffective|p1a: Suicune
|-damage|p1a: Suicune|368\/404 slp
|
|switch|p2a: Celebi|Celebi|364\/403
|
|-heal|p2a: Celebi|389\/403|[from] item: Leftovers
|-heal|p1a: Suicune|393\/404 slp|[from] item: Leftovers
|turn|49
|
|move|p2a: Celebi|Nasty Plot|p2a: Celebi
|-boost|p2a: Celebi|spa|2
|cant|p1a: Suicune|slp
|
|-heal|p2a: Celebi|403\/403|[from] item: Leftovers
|-heal|p1a: Suicune|404\/404 slp|[from] item: Leftovers
|turn|50
|
|move|p2a: Celebi|Nasty Plot|p2a: Celebi
|-boost|p2a: Celebi|spa|2
|cant|p1a: Suicune|slp
|
|turn|51
|
|move|p2a: Celebi|Giga Drain|p1a: Suicune
|-supereffective|p1a: Suicune
|-damage|p1a: Suicune|174\/404 slp
|-curestatus|p1a: Suicune|slp
|move|p1a: Suicune|Roar|p2a: Celebi
|drag|p2a: Milotic|Milotic, M|30\/393 brn
|
|-heal|p1a: Suicune|199\/404|[from] item: Leftovers
|-damage|p2a: Milotic|0 fnt|[from] brn
|faint|p2a: Milotic
|
|switch|p2a: Celebi|Celebi|403\/403
|turn|52
|
|move|p2a: Celebi|Giga Drain|p1a: Suicune
|-supereffective|p1a: Suicune
|-damage|p1a: Suicune|121\/404
|move|p1a: Suicune|Calm Mind|p1a: Suicune
|-boost|p1a: Suicune|spa|1
|-boost|p1a: Suicune|spd|1
|
|-heal|p1a: Suicune|146\/404|[from] item: Leftovers
|turn|53
|
|move|p2a: Celebi|Nasty Plot|p2a: Celebi
|-boost|p2a: Celebi|spa|2
|move|p1a: Suicune|Roar|p2a: Celebi
|drag|p2a: Forretress|Forretress, M|327\/354
|
|-heal|p1a: Suicune|171\/404|[from] item: Leftovers
|-heal|p2a: Forretress|349\/354|[from] item: Leftovers
|turn|54
|
|move|p1a: Suicune|Calm Mind|p1a: Suicune
|-boost|p1a: Suicune|spa|1
|-boost|p1a: Suicune|spd|1
|move|p2a: Forretress|Volt Switch|p1a: Suicune
|-supereffective|p1a: Suicune
|-damage|p1a: Suicune|147\/404
|
|switch|p2a: Celebi|Celebi|403\/403
|
|-heal|p1a: Suicune|172\/404|[from] item: Leftovers
|turn|55
|
|move|p2a: Celebi|Giga Drain|p1a: Suicune
|-supereffective|p1a: Suicune
|-damage|p1a: Suicune|122\/404
|move|p1a: Suicune|Roar|p2a: Celebi
|drag|p2a: Forretress|Forretress, M|349\/354
|
|-heal|p1a: Suicune|147\/404|[from] item: Leftovers
|-heal|p2a: Forretress|354\/354|[from] item: Leftovers
|turn|56
|c|âult kingt9722|why can i not go to cham
|
|move|p1a: Suicune|Calm Mind|p1a: Suicune
|-boost|p1a: Suicune|spa|1
|-boost|p1a: Suicune|spd|1
|move|p2a: Forretress|Volt Switch|p1a: Suicune
|-supereffective|p1a: Suicune
|-damage|p1a: Suicune|127\/404
|
|switch|p2a: Medicham|Medicham-Mega, M|197\/261 brn
|
|-heal|p1a: Suicune|152\/404|[from] item: Leftovers
|-damage|p2a: Medicham|165\/261 brn|[from] brn
|turn|57
|
|move|p2a: Medicham|High Jump Kick|p1a: Suicune
|-damage|p1a: Suicune|14\/404
|move|p1a: Suicune|Rest|p1a: Suicune
|-status|p1a: Suicune|slp
|-heal|p1a: Suicune|404\/404 slp|[silent]
|-status|p1a: Suicune|slp|[from] move: Rest
|
|-damage|p2a: Medicham|133\/261 brn|[from] brn
|turn|58
|
|switch|p2a: Infernape|Infernape, M|331\/337
|cant|p1a: Suicune|slp
|
|-heal|p2a: Infernape|337\/337|[from] item: Leftovers
|turn|59
|
|move|p2a: Infernape|Flare Blitz|p1a: Suicune
|-resisted|p1a: Suicune
|-damage|p1a: Suicune|359\/404 slp
|-damage|p2a: Infernape|322\/337|[from] recoil|[of] p1a: Suicune
|cant|p1a: Suicune|slp
|
|-heal|p2a: Infernape|337\/337|[from] item: Leftovers
|-heal|p1a: Suicune|384\/404 slp|[from] item: Leftovers
|turn|60
|
|move|p2a: Infernape|Flare Blitz|p1a: Suicune
|-resisted|p1a: Suicune
|-damage|p1a: Suicune|336\/404 slp
|-damage|p2a: Infernape|321\/337|[from] recoil|[of] p1a: Suicune
|-curestatus|p1a: Suicune|slp
|move|p1a: Suicune|Calm Mind|p1a: Suicune
|-boost|p1a: Suicune|spa|1
|-boost|p1a: Suicune|spd|1
|
|-heal|p2a: Infernape|337\/337|[from] item: Leftovers
|-heal|p1a: Suicune|361\/404|[from] item: Leftovers
|turn|61
|
|move|p2a: Infernape|Will-O-Wisp|p1a: Suicune
|-status|p1a: Suicune|brn
|move|p1a: Suicune|Scald|p2a: Infernape
|-supereffective|p2a: Infernape
|-damage|p2a: Infernape|0 fnt
|faint|p2a: Infernape
|
|-heal|p1a: Suicune|386\/404 brn|[from] item: Leftovers
|-damage|p1a: Suicune|336\/404 brn|[from] brn
|
|switch|p2a: Medicham|Medicham-Mega, M|133\/261 brn
|turn|62
|
|move|p2a: Medicham|High Jump Kick|p1a: Suicune
|-damage|p1a: Suicune|206\/404 brn
|move|p1a: Suicune|Rest|p1a: Suicune
|-status|p1a: Suicune|slp
|-heal|p1a: Suicune|404\/404 slp|[silent]
|-status|p1a: Suicune|slp|[from] move: Rest
|
|-damage|p2a: Medicham|101\/261 brn|[from] brn
|turn|63
|
|move|p2a: Medicham|High Jump Kick|p1a: Suicune
|-damage|p1a: Suicune|269\/404 slp
|cant|p1a: Suicune|slp
|
|-heal|p1a: Suicune|294\/404 slp|[from] item: Leftovers
|-damage|p2a: Medicham|69\/261 brn|[from] brn
|turn|64
|c| ULT Bob|celebi has to pull a crit
|c|âult kingt9722|yea
|c| ULT Bob|at like +2 at least
|c| ULT Bob|or cham can pull a crit
|c| ULT Bob|tbh
|c|âULT Lapraz|i want cham to miss tbh
|c|âult kingt9722|or i can hope for no burns
|
|move|p2a: Medicham|High Jump Kick|p1a: Suicune
|-damage|p1a: Suicune|174\/404 slp
|cant|p1a: Suicune|slp
|
|-heal|p1a: Suicune|199\/404 slp|[from] item: Leftovers
|-damage|p2a: Medicham|37\/261 brn|[from] brn
|turn|65
|c|âult kingt9722|ok flinch twice
|c| ULT Bob|high roll crit
|c| ULT Bob|imo
|
|move|p2a: Medicham|Zen Headbutt|p1a: Suicune
|-damage|p1a: Suicune|126\/404 slp
|-curestatus|p1a: Suicune|slp
|cant|p1a: Suicune|flinch
|
|-heal|p1a: Suicune|151\/404|[from] item: Leftovers
|-damage|p2a: Medicham|5\/261 brn|[from] brn
|turn|66
|c|âult kingt9722|one more
|
|move|p2a: Medicham|Zen Headbutt|p1a: Suicune
|-damage|p1a: Suicune|70\/404
|move|p1a: Suicune|Rest|p1a: Suicune
|-status|p1a: Suicune|slp
|-heal|p1a: Suicune|404\/404 slp|[silent]
|-status|p1a: Suicune|slp|[from] move: Rest
|
|-damage|p2a: Medicham|0 fnt|[from] brn
|faint|p2a: Medicham
|
|switch|p2a: Celebi|Celebi|403\/403
|turn|67
|c| ULT Bob|rip
|
|move|p2a: Celebi|Nasty Plot|p2a: Celebi
|-boost|p2a: Celebi|spa|2
|cant|p1a: Suicune|slp
|
|turn|68
|
|move|p2a: Celebi|Nasty Plot|p2a: Celebi
|-boost|p2a: Celebi|spa|2
|cant|p1a: Suicune|slp
|
|turn|69
|
|move|p2a: Celebi|Giga Drain|p1a: Suicune
|-crit|p1a: Suicune
|-supereffective|p1a: Suicune
|-damage|p1a: Suicune|0 fnt
|faint|p1a: Suicune
|
|c| ULT Bob|lmoa
|c|âULT Lapraz|.........................................
|c|âULT Lapraz|............................
|c|âULT Lapraz|ffffffffffffffff
|c|âult kingt9722|deserved imo
|c|âULT Lapraz|!!!
|
|switch|p1a: Krookodile|Krookodile, F|393\/393
|-damage|p1a: Krookodile|369\/393|[from] Stealth Rock
|-ability|p1a: Krookodile|Intimidate|[of] p2a: Celebi
|-unboost|p2a: Celebi|atk|1
|turn|70
|
|move|p2a: Celebi|Giga Drain|p1a: Krookodile
|-supereffective|p1a: Krookodile
|-damage|p1a: Krookodile|0 fnt
|faint|p1a: Krookodile
|
|
|switch|p1a: Granbull|Granbull, F|384\/384 slp
|-damage|p1a: Granbull|336\/384 slp|[from] Stealth Rock
|-ability|p1a: Granbull|Intimidate|[of] p2a: Celebi
|-unboost|p2a: Celebi|atk|1
|turn|71
|
|move|p2a: Celebi|Giga Drain|p1a: Granbull
|-damage|p1a: Granbull|0 fnt
|faint|p1a: Granbull
|
|win|ult kingt9722
|raw|Ladder updating...
|raw|ULT Lapraz's rating: 1342 &rarr; <strong>1318<\/strong><br \/>(-24 for losing)
|raw|ult kingt9722's rating: 1281 &rarr; <strong>1310<\/strong><br \/>(+29 for winning)
|c|âult kingt9722|gg
|c|âULT Lapraz|gg
|leave|ULT Bob
|leave|ULT Lapraz
|player|p1