|join|ULT Lapraz
|join|mini117
|player|p1|ULT Lapraz|157
|player|p2|mini117|169
|gametype|singles
|gen|6
|tier|UU
|rated
|rule|Sleep Clause Mod: Limit one foe put to sleep
|rule|Species Clause: Limit one of each PokÃ©mon
|rule|OHKO Clause: OHKO moves are banned
|rule|Moody Clause: Moody is banned
|rule|Evasion Moves Clause: Evasion moves are banned
|rule|Endless Battle Clause: Forcing endless battles is banned
|rule|HP Percentage Mod: HP is shown in percentages
|clearpoke
|poke|p1|Crobat, F
|poke|p1|Suicune
|poke|p1|Granbull, M
|poke|p1|Forretress, M
|poke|p1|Blissey, F
|poke|p1|Celebi
|poke|p2|Doublade, M
|poke|p2|Donphan, F
|poke|p2|Hydreigon, F
|poke|p2|Empoleon, F
|poke|p2|Entei, shiny
|poke|p2|Medicham, F
|rule|Swagger Clause: Swagger is banned
|rule|Baton Pass Clause: Limit one PokÃ©mon knowing Baton Pass
|teampreview
|
|start
|switch|p1a: Suicune|Suicune|404\/404
|switch|p2a: Entei|Entei, shiny|371\/371
|-ability|p2a: Entei|Pressure
|-ability|p1a: Suicune|Pressure
|turn|1
|
|switch|p2a: Empoleon|Empoleon, F|371\/371
|move|p1a: Suicune|Scald|p2a: Empoleon
|-resisted|p2a: Empoleon
|-damage|p2a: Empoleon|342\/371
|
|-heal|p2a: Empoleon|365\/371|[from] item: Leftovers
|turn|2
|
|move|p1a: Suicune|Scald|p2a: Empoleon
|-resisted|p2a: Empoleon
|-damage|p2a: Empoleon|335\/371
|move|p2a: Empoleon|Knock Off|p1a: Suicune
|-damage|p1a: Suicune|362\/404
|-enditem|p1a: Suicune|Leftovers|[from] move: Knock Off|[of] p2a: Empoleon
|
|-heal|p2a: Empoleon|358\/371|[from] item: Leftovers
|turn|3
|
|move|p1a: Suicune|Scald|p2a: Empoleon
|-resisted|p2a: Empoleon
|-damage|p2a: Empoleon|328\/371
|move|p2a: Empoleon|Stealth Rock|p1a: Suicune
|-sidestart|p1: ULT Lapraz|move: Stealth Rock
|
|-heal|p2a: Empoleon|351\/371|[from] item: Leftovers
|turn|4
|
|move|p1a: Suicune|Scald|p2a: Empoleon
|-resisted|p2a: Empoleon
|-damage|p2a: Empoleon|323\/371
|move|p2a: Empoleon|Roar|p1a: Suicune
|drag|p1a: Crobat|Crobat, F|373\/373
|-damage|p1a: Crobat|280\/373|[from] Stealth Rock
|
|-heal|p1a: Crobat|303\/373|[from] item: Black Sludge
|-heal|p2a: Empoleon|346\/371|[from] item: Leftovers
|turn|5
|
|switch|p1a: Suicune|Suicune|362\/404
|-damage|p1a: Suicune|312\/404|[from] Stealth Rock
|-ability|p1a: Suicune|Pressure
|move|p2a: Empoleon|Knock Off|p1a: Suicune
|-damage|p1a: Suicune|286\/404
|
|-heal|p2a: Empoleon|369\/371|[from] item: Leftovers
|turn|6
|
|move|p1a: Suicune|Scald|p2a: Empoleon
|-resisted|p2a: Empoleon
|-damage|p2a: Empoleon|337\/371
|-status|p2a: Empoleon|brn
|move|p2a: Empoleon|Scald|p1a: Suicune
|-resisted|p1a: Suicune
|-damage|p1a: Suicune|241\/404
|
|-heal|p2a: Empoleon|360\/371 brn|[from] item: Leftovers
|-damage|p2a: Empoleon|314\/371 brn|[from] brn
|turn|7
|
|move|p1a: Suicune|Rest|p1a: Suicune
|-status|p1a: Suicune|slp
|-heal|p1a: Suicune|404\/404 slp|[silent]
|-status|p1a: Suicune|slp|[from] move: Rest
|move|p2a: Empoleon|Scald|p1a: Suicune
|-resisted|p1a: Suicune
|-damage|p1a: Suicune|362\/404 slp
|
|-heal|p2a: Empoleon|337\/371 brn|[from] item: Leftovers
|-damage|p2a: Empoleon|291\/371 brn|[from] brn
|turn|8
|
|cant|p1a: Suicune|slp
|move|p1a: Suicune|Sleep Talk|p1a: Suicune
|move|p1a: Suicune|Scald|p2a: Empoleon|[from]Sleep Talk
|-resisted|p2a: Empoleon
|-damage|p2a: Empoleon|261\/371 brn
|move|p2a: Empoleon|Roar|p1a: Suicune
|drag|p1a: Crobat|Crobat, F|303\/373
|-damage|p1a: Crobat|210\/373|[from] Stealth Rock
|
|-heal|p1a: Crobat|233\/373|[from] item: Black Sludge
|-heal|p2a: Empoleon|284\/371 brn|[from] item: Leftovers
|-damage|p2a: Empoleon|238\/371 brn|[from] brn
|turn|9
|
|move|p1a: Crobat|Brave Bird|p2a: Empoleon
|-resisted|p2a: Empoleon
|-damage|p2a: Empoleon|166\/371 brn
|-damage|p1a: Crobat|209\/373|[from] recoil|[of] p2a: Empoleon
|move|p2a: Empoleon|Scald|p1a: Crobat
|-damage|p1a: Crobat|89\/373
|-status|p1a: Crobat|brn
|
|-heal|p1a: Crobat|112\/373 brn|[from] item: Black Sludge
|-heal|p2a: Empoleon|189\/371 brn|[from] item: Leftovers
|-damage|p1a: Crobat|66\/373 brn|[from] brn
|-damage|p2a: Empoleon|143\/371 brn|[from] brn
|turn|10
|
|move|p1a: Crobat|Roost|p1a: Crobat
|-heal|p1a: Crobat|253\/373 brn
|move|p2a: Empoleon|Roar|p1a: Crobat
|drag|p1a: Suicune|Suicune|362\/404 slp
|-damage|p1a: Suicune|312\/404 slp|[from] Stealth Rock
|-ability|p1a: Suicune|Pressure
|
|-heal|p2a: Empoleon|166\/371 brn|[from] item: Leftovers
|-damage|p2a: Empoleon|120\/371 brn|[from] brn
|turn|11
|
|switch|p1a: Celebi|Celebi|404\/404
|-damage|p1a: Celebi|354\/404|[from] Stealth Rock
|move|p2a: Empoleon|Scald|p1a: Celebi
|-resisted|p1a: Celebi
|-damage|p1a: Celebi|298\/404
|
|-heal|p1a: Celebi|323\/404|[from] item: Leftovers
|-heal|p2a: Empoleon|143\/371 brn|[from] item: Leftovers
|-damage|p2a: Empoleon|97\/371 brn|[from] brn
|turn|12
|join|King UU
|
|move|p1a: Celebi|Stealth Rock|p2a: Empoleon
|-sidestart|p2: mini117|move: Stealth Rock
|move|p2a: Empoleon|Knock Off|p1a: Celebi
|-supereffective|p1a: Celebi
|-damage|p1a: Celebi|263\/404
|-enditem|p1a: Celebi|Leftovers|[from] move: Knock Off|[of] p2a: Empoleon
|
|-heal|p2a: Empoleon|120\/371 brn|[from] item: Leftovers
|-damage|p2a: Empoleon|74\/371 brn|[from] brn
|turn|13
|
|move|p1a: Celebi|Psychic|p2a: Empoleon
|-resisted|p2a: Empoleon
|-damage|p2a: Empoleon|38\/371 brn
|-unboost|p2a: Empoleon|spd|1
|move|p2a: Empoleon|Roar|p1a: Celebi
|drag|p1a: Granbull|Granbull, M|384\/384
|-damage|p1a: Granbull|336\/384|[from] Stealth Rock
|-ability|p1a: Granbull|Intimidate|[of] p2a: Empoleon
|-unboost|p2a: Empoleon|atk|1
|
|-heal|p2a: Empoleon|61\/371 brn|[from] item: Leftovers
|-heal|p1a: Granbull|360\/384|[from] item: Leftovers
|-damage|p2a: Empoleon|15\/371 brn|[from] brn
|turn|14
|
|switch|p1a: Suicune|Suicune|312\/404 slp
|-damage|p1a: Suicune|262\/404 slp|[from] Stealth Rock
|-ability|p1a: Suicune|Pressure
|move|p2a: Empoleon|Scald|p1a: Suicune
|-resisted|p1a: Suicune
|-damage|p1a: Suicune|196\/404 slp
|
|-heal|p2a: Empoleon|38\/371 brn|[from] item: Leftovers
|-damage|p2a: Empoleon|0 fnt|[from] brn
|faint|p2a: Empoleon
|
|switch|p2a: Medicham|Medicham, F|261\/261
|-damage|p2a: Medicham|245\/261|[from] Stealth Rock
|turn|15
|
|switch|p1a: Granbull|Granbull, M|360\/384
|-damage|p1a: Granbull|312\/384|[from] Stealth Rock
|-ability|p1a: Granbull|Intimidate|[of] p2a: Medicham
|-unboost|p2a: Medicham|atk|1
|detailschange|p2a: Medicham|Medicham-Mega, F
|-mega|p2a: Medicham|Medicham|Medichamite
|move|p2a: Medicham|Fake Out|p1a: Granbull
|-damage|p1a: Granbull|264\/384
|
|-heal|p1a: Granbull|288\/384|[from] item: Leftovers
|turn|16
|c|+King UU|fake out
|c|+King UU|wat
|c|+King UU|it was asleep
|c|âULT Lapraz|meh
|
|switch|p2a: Donphan|Donphan, F|383\/383
|-damage|p2a: Donphan|360\/383|[from] Stealth Rock
|move|p1a: Granbull|Heal Bell|p1a: Granbull
|-cureteam|p1a: Granbull|[from] move: HealBell
|
|-heal|p1a: Granbull|312\/384|[from] item: Leftovers
|turn|17
|
|switch|p1a: Forretress|Forretress, M|354\/354
|-damage|p1a: Forretress|310\/354|[from] Stealth Rock
|move|p2a: Donphan|Knock Off|p1a: Forretress
|-damage|p1a: Forretress|248\/354
|-enditem|p1a: Forretress|Leftovers|[from] move: Knock Off|[of] p2a: Donphan
|
|turn|18
|join|Piexplode
|
|move|p2a: Donphan|Rapid Spin|p1a: Forretress
|-resisted|p1a: Forretress
|-damage|p1a: Forretress|241\/354
|-sideend|p2: mini117|Stealth Rock|[from] move: Rapid Spin|[of] p2a: Donphan
|move|p1a: Forretress|Rapid Spin|p2a: Donphan
|-crit|p2a: Donphan
|-damage|p2a: Donphan|341\/383
|-sideend|p1: ULT Lapraz|Stealth Rock|[from] move: Rapid Spin|[of] p1a: Forretress
|
|turn|19
|
|move|p2a: Donphan|Earthquake|p1a: Forretress
|-damage|p1a: Forretress|132\/354
|move|p1a: Forretress|Toxic|p2a: Donphan
|-status|p2a: Donphan|tox
|
|-damage|p2a: Donphan|318\/383 tox|[from] psn
|turn|20
|
|switch|p1a: Suicune|Suicune|196\/404
|-ability|p1a: Suicune|Pressure
|move|p2a: Donphan|Earthquake|p1a: Suicune
|-damage|p1a: Suicune|69\/404
|
|-damage|p2a: Donphan|272\/383 tox|[from] psn
|turn|21
|
|move|p1a: Suicune|Rest|p1a: Suicune
|-status|p1a: Suicune|slp
|-heal|p1a: Suicune|404\/404 slp|[silent]
|-status|p1a: Suicune|slp|[from] move: Rest
|move|p2a: Donphan|Earthquake|p1a: Suicune
|-damage|p1a: Suicune|287\/404 slp
|
|-damage|p2a: Donphan|203\/383 tox|[from] psn
|turn|22
|
|switch|p1a: Crobat|Crobat, F|253\/373
|switch|p2a: Hydreigon|Hydreigon, F|325\/325
|
|-heal|p1a: Crobat|276\/373|[from] item: Black Sludge
|turn|23
|
|switch|p1a: Blissey|Blissey, F|657\/657
|move|p2a: Hydreigon|U-turn|p1a: Blissey
|-damage|p1a: Blissey|546\/657
|
|switch|p2a: Entei|Entei, shiny|371\/371
|-ability|p2a: Entei|Pressure
|
|-heal|p1a: Blissey|587\/657|[from] item: Leftovers
|turn|24
|
|switch|p2a: Doublade|Doublade, M|321\/321
|move|p1a: Blissey|Protect|p1a: Blissey
|-fail|p1a: Blissey
|
|-heal|p1a: Blissey|628\/657|[from] item: Leftovers
|turn|25
|
|switch|p1a: Suicune|Suicune|287\/404 slp
|-ability|p1a: Suicune|Pressure
|move|p2a: Doublade|Swords Dance|p2a: Doublade
|-boost|p2a: Doublade|atk|2
|
|turn|26
|
|cant|p1a: Suicune|slp
|move|p1a: Suicune|Sleep Talk|p1a: Suicune
|move|p1a: Suicune|Rest|p1a: Suicune|[from]Sleep Talk
|-fail|p1a: Suicune
|move|p2a: Doublade|Swords Dance|p2a: Doublade
|-boost|p2a: Doublade|atk|2
|
|turn|27
|
|cant|p1a: Suicune|slp
|move|p1a: Suicune|Sleep Talk|p1a: Suicune
|move|p1a: Suicune|Scald|p2a: Doublade|[from]Sleep Talk
|-damage|p2a: Doublade|216\/321
|move|p2a: Doublade|Sacred Sword|p1a: Suicune
|-damage|p1a: Suicune|97\/404 slp
|
|turn|28
|join|Acemanassasin
|
|move|p2a: Doublade|Shadow Sneak|p1a: Suicune
|-damage|p1a: Suicune|0 fnt
|faint|p1a: Suicune
|
|
|switch|p1a: Granbull|Granbull, M|312\/384
|-ability|p1a: Granbull|Intimidate|[of] p2a: Doublade
|-unboost|p2a: Doublade|atk|1
|turn|29
|
|move|p1a: Granbull|Play Rough|p2a: Doublade
|-resisted|p2a: Doublade
|-damage|p2a: Doublade|186\/321
|move|p2a: Doublade|Swords Dance|p2a: Doublade
|-boost|p2a: Doublade|atk|2
|
|-heal|p1a: Granbull|336\/384|[from] item: Leftovers
|turn|30
|
|switch|p1a: Forretress|Forretress, M|132\/354
|move|p2a: Doublade|Iron Head|p1a: Forretress
|-resisted|p1a: Forretress
|-damage|p1a: Forretress|0 fnt
|faint|p1a: Forretress
|
|join|Fire Lord Mako
|
|switch|p1a: Granbull|Granbull, M|336\/384
|-ability|p1a: Granbull|Intimidate|[of] p2a: Doublade
|-unboost|p2a: Doublade|atk|1
|turn|31
|
|move|p1a: Granbull|Play Rough|p2a: Doublade
|-resisted|p2a: Doublade
|-damage|p2a: Doublade|159\/321
|move|p2a: Doublade|Iron Head|p1a: Granbull
|-supereffective|p1a: Granbull
|-damage|p1a: Granbull|0 fnt
|faint|p1a: Granbull
|
|c|âULT Lapraz|w\/e you win
|-message|ULT Lapraz forfeited.
|
|win|mini117
|raw|Ladder updating...
|leave|ULT Lapraz
|player|p1
|raw|ULT Lapraz's rating: 1709 &rarr; <strong>1677<\/strong><br \/>(-32 for losing)
|raw|mini117's rating: 1471 &rarr; <strong>1503<\/strong><br \/>(+32 for winning)
|leave|Piexplode
|leave|King UU
|leave|Acemanassasin