|join|destinyhero96
|join|ULT Lapraz
|player|p1|destinyhero96|169
|player|p2|ULT Lapraz|157
|gametype|singles
|gen|6
|tier|UU
|rated
|rule|Sleep Clause Mod: Limit one foe put to sleep
|rule|Species Clause: Limit one of each PokÃ©mon
|rule|OHKO Clause: OHKO moves are banned
|rule|Moody Clause: Moody is banned
|rule|Evasion Moves Clause: Evasion moves are banned
|rule|Endless Battle Clause: Forcing endless battles is banned
|rule|HP Percentage Mod: HP is shown in percentages
|clearpoke
|poke|p1|Donphan, F
|poke|p1|Medicham, M
|poke|p1|Vaporeon, F
|poke|p1|Umbreon, F
|poke|p1|Porygon-Z
|poke|p1|Crobat, M
|poke|p2|Crobat, M
|poke|p2|Suicune
|poke|p2|Granbull, M
|poke|p2|Forretress, F
|poke|p2|Blissey, F
|poke|p2|Celebi
|rule|Swagger Clause: Swagger is banned
|rule|Baton Pass Clause: Limit one PokÃ©mon knowing Baton Pass
|teampreview
|join|DrReuniclus3
|c|âdestinyhero96|sigh
|join|MrAldoPls
|
|start
|switch|p1a: Donphan|Donphan, F|321\/321
|switch|p2a: Suicune|Suicune|404\/404
|-ability|p2a: Suicune|Pressure
|turn|1
|
|move|p2a: Suicune|Scald|p1a: Donphan
|-supereffective|p1a: Donphan
|-damage|p1a: Donphan|187\/321
|move|p1a: Donphan|Knock Off|p2a: Suicune
|-crit|p2a: Suicune
|-damage|p2a: Suicune|277\/404
|-enditem|p2a: Suicune|Leftovers|[from] move: Knock Off|[of] p1a: Donphan
|
|turn|2
|
|move|p2a: Suicune|Scald|p1a: Donphan
|-supereffective|p1a: Donphan
|-damage|p1a: Donphan|61\/321
|-status|p1a: Donphan|brn
|move|p1a: Donphan|Earthquake|p2a: Suicune
|-damage|p2a: Suicune|217\/404
|
|-damage|p1a: Donphan|21\/321 brn|[from] brn
|turn|3
|join|Punkroxalot
|join|King UU
|
|switch|p1a: Vaporeon|Vaporeon, F|463\/463
|move|p2a: Suicune|Rest|p2a: Suicune
|-status|p2a: Suicune|slp
|-heal|p2a: Suicune|404\/404 slp|[silent]
|-status|p2a: Suicune|slp|[from] move: Rest
|
|turn|4
|
|switch|p2a: Blissey|Blissey, F|657\/657
|switch|p1a: Porygon-Z|Porygon-Z|311\/311
|
|turn|5
|
|switch|p1a: Crobat|Crobat, M|331\/331
|move|p2a: Blissey|Protect|p2a: Blissey
|-fail|p2a: Blissey
|
|turn|6
|join|plus
|c|+King UU|hey plus
|leave|plus
|
|switch|p1a: Medicham|Medicham, M|261\/261
|move|p2a: Blissey|Seismic Toss|p1a: Medicham
|-damage|p1a: Medicham|161\/261
|
|turn|7
|
|switch|p1a: Porygon-Z|Porygon-Z|311\/311
|switch|p2a: Granbull|Granbull, M|384\/384
|-ability|p2a: Granbull|Intimidate|[of] p1a: Porygon-Z
|-unboost|p1a: Porygon-Z|atk|1
|
|turn|8
|
|switch|p2a: Celebi|Celebi|404\/404
|move|p1a: Porygon-Z|Trick|p2a: Celebi
|-activate|p1a: Porygon-Z|move: Trick|[of] p2a: Celebi
|-item|p2a: Celebi|Choice Specs|[from] move: Trick
|-item|p1a: Porygon-Z|Leftovers|[from] move: Trick
|
|turn|9
|c|âULT Lapraz|thank god
|c|âULT Lapraz|that didn't go to bliss
|
|switch|p2a: Blissey|Blissey, F|657\/657
|move|p1a: Porygon-Z|Nasty Plot|p1a: Porygon-Z
|-boost|p1a: Porygon-Z|spa|2
|
|turn|10
|c|+King UU|bi is pretty bad too though
|c|+King UU|LOL
|c| DrReuniclus3|o
|c| DrReuniclus3|m
|c|âULT Lapraz|!!!!!!!!!
|c| DrReuniclus3|l
|c|+King UU|destiny
|c|+King UU|you're awesome
|c|âdestinyhero96|?
|c|+King UU|fucking hero
|c|âdestinyhero96|i just dont want this to take tooo long
|c|+King UU|LOL
|c|âULT Lapraz|omg you should have used this on him!!
|
|move|p1a: Porygon-Z|Tri Attack|p2a: Blissey
|-damage|p2a: Blissey|383\/657
|-status|p2a: Blissey|brn
|move|p2a: Blissey|Toxic|p1a: Porygon-Z
|-status|p1a: Porygon-Z|tox
|
|-heal|p2a: Blissey|424\/657 brn|[from] item: Leftovers
|-damage|p1a: Porygon-Z|292\/311 tox|[from] psn
|-damage|p2a: Blissey|342\/657 brn|[from] brn
|turn|11
|c|+King UU|you hear that lapraz?
|c|+King UU|such power
|c| DrReuniclus3|âdestinyhero96: i just dont want this to take tooo long
|c|+King UU|^
|c|+King UU|hero
|c|+King UU|nasty plot again, win the game
|
|move|p1a: Porygon-Z|Tri Attack|p2a: Blissey
|-damage|p2a: Blissey|74\/657 brn
|move|p2a: Blissey|Wish|p2a: Blissey
|
|-heal|p1a: Porygon-Z|311\/311 tox|[from] item: Leftovers
|-heal|p2a: Blissey|115\/657 brn|[from] item: Leftovers
|-damage|p1a: Porygon-Z|273\/311 tox|[from] psn
|-damage|p2a: Blissey|33\/657 brn|[from] brn
|turn|12
|
|move|p1a: Porygon-Z|Tri Attack|p2a: Blissey
|-crit|p2a: Blissey
|-damage|p2a: Blissey|0 fnt
|faint|p2a: Blissey
|
|-heal|p1a: Porygon-Z|292\/311 tox|[from] item: Leftovers
|-damage|p1a: Porygon-Z|235\/311 tox|[from] psn
|c|âdestinyhero96|i guess i didnt have ot trick it
|
|switch|p2a: Crobat|Crobat, M|373\/373
|turn|13
|
|switch|p1a: Vaporeon|Vaporeon, F|463\/463
|move|p2a: Crobat|Brave Bird|p1a: Vaporeon
|-crit|p1a: Vaporeon
|-damage|p1a: Vaporeon|256\/463
|-damage|p2a: Crobat|305\/373|[from] recoil|[of] p1a: Vaporeon
|
|-heal|p2a: Crobat|328\/373|[from] item: Black Sludge
|-heal|p1a: Vaporeon|284\/463|[from] item: Leftovers
|turn|14
|c|âULT Lapraz|NO
|
|move|p1a: Vaporeon|Protect|p1a: Vaporeon
|-singleturn|p1a: Vaporeon|Protect
|move|p2a: Crobat|Taunt|p1a: Vaporeon
|-activate|p1a: Vaporeon|Protect
|
|-heal|p2a: Crobat|351\/373|[from] item: Black Sludge
|-heal|p1a: Vaporeon|312\/463|[from] item: Leftovers
|turn|15
|
|move|p2a: Crobat|Taunt|p1a: Vaporeon
|-start|p1a: Vaporeon|move: Taunt
|move|p1a: Vaporeon|Scald|p2a: Crobat
|-damage|p2a: Crobat|239\/373
|
|-heal|p2a: Crobat|262\/373|[from] item: Black Sludge
|-heal|p1a: Vaporeon|340\/463|[from] item: Leftovers
|turn|16
|c|âdestinyhero96|past stall games ive been hiding my nasty plot
|c|+King UU|so long, second place
|c|âdestinyhero96|this isnt even a stall team of mine
|c|âdestinyhero96|its just wall-breaking support
|
|move|p2a: Crobat|Toxic|p1a: Vaporeon
|-status|p1a: Vaporeon|tox
|move|p1a: Vaporeon|Scald|p2a: Crobat
|-damage|p2a: Crobat|147\/373
|
|-heal|p2a: Crobat|170\/373|[from] item: Black Sludge
|-heal|p1a: Vaporeon|368\/463 tox|[from] item: Leftovers
|-damage|p1a: Vaporeon|340\/463 tox|[from] psn
|turn|17
|c|âdestinyhero96|yeah i never get burns
|c|âdestinyhero96|granbulll probs has heal bell
|
|move|p2a: Crobat|Roost|p2a: Crobat
|-heal|p2a: Crobat|357\/373
|move|p1a: Vaporeon|Scald|p2a: Crobat
|-damage|p2a: Crobat|242\/373
|-status|p2a: Crobat|brn
|
|-heal|p2a: Crobat|265\/373 brn|[from] item: Black Sludge
|-heal|p1a: Vaporeon|368\/463 tox|[from] item: Leftovers
|-damage|p2a: Crobat|219\/373 brn|[from] brn
|-damage|p1a: Vaporeon|312\/463 tox|[from] psn
|-end|p1a: Vaporeon|move: Taunt
|turn|18
|join|plus
|
|switch|p1a: Porygon-Z|Porygon-Z|235\/311 tox
|move|p2a: Crobat|Taunt|p1a: Porygon-Z
|-start|p1a: Porygon-Z|move: Taunt
|
|-heal|p2a: Crobat|242\/373 brn|[from] item: Black Sludge
|-heal|p1a: Porygon-Z|254\/311 tox|[from] item: Leftovers
|-damage|p2a: Crobat|196\/373 brn|[from] brn
|-damage|p1a: Porygon-Z|235\/311 tox|[from] psn
|turn|19
|c|âdestinyhero96|i think im winning :x
|c|âdestinyhero96|dumb stall teams piss me off
|c|+King UU|if you don't fuck up
|c|+King UU|you have this won
|c|+King UU|make smart place like you've been making
|c|+King UU|plays*
|c|âdestinyhero96|#porygonz for wallbreaking
|c|âULT Lapraz|fk
|c|âdestinyhero96|whats gonna take a tri attack
|c|+King UU|celebi if he wants but
|c|+King UU|that's about it
|c|+King UU|risking the tri on suicune is risky but
|c|+King UU|it won't 2hko
|
|switch|p2a: Celebi|Celebi|404\/404
|move|p1a: Porygon-Z|Tri Attack|p2a: Celebi
|-damage|p2a: Celebi|258\/404
|-status|p2a: Celebi|frz
|
|-heal|p1a: Porygon-Z|254\/311 tox|[from] item: Leftovers
|-damage|p1a: Porygon-Z|216\/311 tox|[from] psn
|turn|20
|c|âdestinyhero96|sometimes i wish i had hyper beam on this
|c| DrReuniclus3|KEK
|c|âULT Lapraz|oh god
|c|âULT Lapraz|that was literally the worst
|c|+King UU|:c
|
|move|p1a: Porygon-Z|Tri Attack|p2a: Celebi
|-damage|p2a: Celebi|110\/404 frz
|cant|p2a: Celebi|frz
|
|-heal|p1a: Porygon-Z|235\/311 tox|[from] item: Leftovers
|-damage|p1a: Porygon-Z|178\/311 tox|[from] psn
|turn|21
|leave|plus
|
|switch|p2a: Suicune|Suicune|404\/404 slp
|-ability|p2a: Suicune|Pressure
|move|p1a: Porygon-Z|Tri Attack|p2a: Suicune
|-damage|p2a: Suicune|220\/404 slp
|
|-heal|p1a: Porygon-Z|197\/311 tox|[from] item: Leftovers
|-damage|p1a: Porygon-Z|121\/311 tox|[from] psn
|-end|p1a: Porygon-Z|move: Taunt
|turn|22
|c| DrReuniclus3|pour lapaz
|
|switch|p1a: Umbreon|Umbreon, F|394\/394
|switch|p2a: Crobat|Crobat, M|196\/373 brn
|
|-heal|p2a: Crobat|219\/373 brn|[from] item: Black Sludge
|-damage|p2a: Crobat|173\/373 brn|[from] brn
|turn|23
|
|move|p2a: Crobat|Taunt|p1a: Umbreon
|-start|p1a: Umbreon|move: Taunt
|move|p1a: Umbreon|Foul Play|p2a: Crobat
|-damage|p2a: Crobat|65\/373 brn
|
|-heal|p2a: Crobat|88\/373 brn|[from] item: Black Sludge
|-damage|p2a: Crobat|42\/373 brn|[from] brn
|turn|24
|c|âULT Lapraz|);
|
|move|p2a: Crobat|Roost|p2a: Crobat
|-heal|p2a: Crobat|229\/373 brn
|move|p1a: Umbreon|Foul Play|p2a: Crobat
|-damage|p2a: Crobat|114\/373 brn
|
|-heal|p2a: Crobat|137\/373 brn|[from] item: Black Sludge
|-damage|p2a: Crobat|91\/373 brn|[from] brn
|turn|25
|
|move|p2a: Crobat|Roost|p2a: Crobat
|-heal|p2a: Crobat|278\/373 brn
|move|p1a: Umbreon|Foul Play|p2a: Crobat
|-damage|p2a: Crobat|154\/373 brn
|
|-heal|p2a: Crobat|177\/373 brn|[from] item: Black Sludge
|-damage|p2a: Crobat|131\/373 brn|[from] brn
|-end|p1a: Umbreon|move: Taunt
|turn|26
|
|move|p2a: Crobat|Roost|p2a: Crobat
|-heal|p2a: Crobat|318\/373 brn
|move|p1a: Umbreon|Heal Bell|p1a: Umbreon
|-cureteam|p1a: Umbreon|[from] move: HealBell
|
|-heal|p2a: Crobat|341\/373 brn|[from] item: Black Sludge
|-damage|p2a: Crobat|295\/373 brn|[from] brn
|turn|27
|
|move|p2a: Crobat|Toxic|p1a: Umbreon
|-status|p1a: Umbreon|tox
|move|p1a: Umbreon|Foul Play|p2a: Crobat
|-damage|p2a: Crobat|171\/373 brn
|
|-heal|p2a: Crobat|194\/373 brn|[from] item: Black Sludge
|-damage|p2a: Crobat|148\/373 brn|[from] brn
|-damage|p1a: Umbreon|370\/394 tox|[from] psn
|turn|28
|
|switch|p2a: Granbull|Granbull, M|384\/384
|-ability|p2a: Granbull|Intimidate|[of] p1a: Umbreon
|-unboost|p1a: Umbreon|atk|1
|move|p1a: Umbreon|Wish|p1a: Umbreon
|
|-heal|p1a: Umbreon|394\/394 tox|[from] item: Leftovers
|-damage|p1a: Umbreon|346\/394 tox|[from] psn
|turn|29
|
|switch|p1a: Vaporeon|Vaporeon, F|312\/463
|move|p2a: Granbull|Play Rough|p1a: Vaporeon
|-damage|p1a: Vaporeon|185\/463
|
|-heal|p1a: Vaporeon|382\/463|[from] move: Wish|[wisher] Umbreon
|-heal|p1a: Vaporeon|410\/463|[from] item: Leftovers
|turn|30
|join|DatGuyChuck
|
|switch|p1a: Porygon-Z|Porygon-Z|121\/311
|move|p2a: Granbull|Heal Bell|p2a: Granbull
|-cureteam|p2a: Granbull|[from] move: HealBell
|
|-heal|p1a: Porygon-Z|140\/311|[from] item: Leftovers
|turn|31
|
|switch|p2a: Celebi|Celebi|110\/404
|move|p1a: Porygon-Z|Tri Attack|p2a: Celebi
|-damage|p2a: Celebi|0 fnt
|faint|p2a: Celebi
|
|-heal|p1a: Porygon-Z|159\/311|[from] item: Leftovers
|
|switch|p2a: Crobat|Crobat, M|148\/373
|turn|32
|
|switch|p1a: Crobat|Crobat, M|331\/331
|move|p2a: Crobat|Roost|p2a: Crobat
|-heal|p2a: Crobat|335\/373
|
|-heal|p2a: Crobat|358\/373|[from] item: Black Sludge
|turn|33
|
|switch|p2a: Suicune|Suicune|220\/404
|-ability|p2a: Suicune|Pressure
|switch|p1a: Vaporeon|Vaporeon, F|410\/463
|
|-heal|p1a: Vaporeon|438\/463|[from] item: Leftovers
|turn|34
|
|switch|p2a: Crobat|Crobat, M|358\/373
|move|p1a: Vaporeon|Wish|p1a: Vaporeon
|
|-heal|p2a: Crobat|373\/373|[from] item: Black Sludge
|-heal|p1a: Vaporeon|463\/463|[from] item: Leftovers
|turn|35
|
|move|p2a: Crobat|Brave Bird|p1a: Vaporeon
|-damage|p1a: Vaporeon|343\/463
|-damage|p2a: Crobat|333\/373|[from] recoil|[of] p1a: Vaporeon
|move|p1a: Vaporeon|Baton Pass|p1a: Vaporeon
|
|switch|p1a: Porygon-Z|Porygon-Z|159\/311
|
|-heal|p1a: Porygon-Z|311\/311|[from] move: Wish|[wisher] Vaporeon
|-heal|p2a: Crobat|356\/373|[from] item: Black Sludge
|turn|36
|
|move|p2a: Crobat|Toxic|p1a: Porygon-Z
|-status|p1a: Porygon-Z|tox
|move|p1a: Porygon-Z|Tri Attack|p2a: Crobat
|-damage|p2a: Crobat|118\/373
|
|-heal|p2a: Crobat|141\/373|[from] item: Black Sludge
|-damage|p1a: Porygon-Z|292\/311 tox|[from] psn
|turn|37
|
|move|p2a: Crobat|Roost|p2a: Crobat
|-heal|p2a: Crobat|328\/373
|move|p1a: Porygon-Z|Tri Attack|p2a: Crobat
|-damage|p2a: Crobat|72\/373
|
|-heal|p2a: Crobat|95\/373|[from] item: Black Sludge
|-heal|p1a: Porygon-Z|311\/311 tox|[from] item: Leftovers
|-damage|p1a: Porygon-Z|273\/311 tox|[from] psn
|turn|38
|
|move|p2a: Crobat|Brave Bird|p1a: Porygon-Z
|-damage|p1a: Porygon-Z|104\/311 tox
|-damage|p2a: Crobat|39\/373|[from] recoil|[of] p1a: Porygon-Z
|move|p1a: Porygon-Z|Tri Attack|p2a: Crobat
|-damage|p2a: Crobat|0 fnt
|faint|p2a: Crobat
|
|-heal|p1a: Porygon-Z|123\/311 tox|[from] item: Leftovers
|-damage|p1a: Porygon-Z|66\/311 tox|[from] psn
|c|âdestinyhero96|do i win
|
|switch|p2a: Forretress|Forretress, F|354\/354
|turn|39
|c|âULT Lapraz|probably
|c|âULT Lapraz|but i still want to play it out
|c|âdestinyhero96|risky switch into granbull but i thought u were gonna heal bell
|c|âdestinyhero96|with porygon
|
|switch|p1a: Vaporeon|Vaporeon, F|343\/463
|move|p2a: Forretress|Toxic|p1a: Vaporeon
|-status|p1a: Vaporeon|tox
|
|-heal|p1a: Vaporeon|371\/463 tox|[from] item: Leftovers
|-damage|p1a: Vaporeon|343\/463 tox|[from] psn
|turn|40
|
|switch|p2a: Suicune|Suicune|220\/404
|-ability|p2a: Suicune|Pressure
|move|p1a: Vaporeon|Wish|p1a: Vaporeon
|
|-heal|p1a: Vaporeon|371\/463 tox|[from] item: Leftovers
|-damage|p1a: Vaporeon|315\/463 tox|[from] psn
|turn|41
|
|move|p2a: Suicune|Scald|p1a: Vaporeon
|-heal|p1a: Vaporeon|430\/463 tox|[from] ability: Water Absorb|[of] p2a: Suicune
|move|p1a: Vaporeon|Baton Pass|p1a: Vaporeon
|
|switch|p1a: Porygon-Z|Porygon-Z|66\/311 tox
|
|-heal|p1a: Porygon-Z|297\/311 tox|[from] move: Wish|[wisher] Vaporeon
|-heal|p1a: Porygon-Z|311\/311 tox|[from] item: Leftovers
|-damage|p1a: Porygon-Z|292\/311 tox|[from] psn
|turn|42
|
|move|p1a: Porygon-Z|Nasty Plot|p1a: Porygon-Z
|-boost|p1a: Porygon-Z|spa|2
|move|p2a: Suicune|Rest|p2a: Suicune
|-status|p2a: Suicune|slp
|-heal|p2a: Suicune|404\/404 slp|[silent]
|-status|p2a: Suicune|slp|[from] move: Rest
|
|-heal|p1a: Porygon-Z|311\/311 tox|[from] item: Leftovers
|-damage|p1a: Porygon-Z|273\/311 tox|[from] psn
|turn|43
|
|move|p1a: Porygon-Z|Tri Attack|p2a: Suicune
|-damage|p2a: Suicune|48\/404 slp
|cant|p2a: Suicune|slp
|move|p2a: Suicune|Sleep Talk|p2a: Suicune
|move|p2a: Suicune|Roar|p1a: Porygon-Z|[from]Sleep Talk
|drag|p1a: Vaporeon|Vaporeon, F|430\/463 tox
|
|-heal|p1a: Vaporeon|458\/463 tox|[from] item: Leftovers
|-damage|p1a: Vaporeon|430\/463 tox|[from] psn
|turn|44
|
|cant|p2a: Suicune|slp
|move|p2a: Suicune|Sleep Talk|p2a: Suicune
|move|p2a: Suicune|Rest|p2a: Suicune|[from]Sleep Talk
|-fail|p2a: Suicune
|move|p1a: Vaporeon|Baton Pass|p1a: Vaporeon
|
|switch|p1a: Porygon-Z|Porygon-Z|273\/311 tox
|
|-heal|p1a: Porygon-Z|292\/311 tox|[from] item: Leftovers
|-damage|p1a: Porygon-Z|273\/311 tox|[from] psn
|turn|45
|
|move|p1a: Porygon-Z|Tri Attack|p2a: Suicune
|-damage|p2a: Suicune|0 fnt
|faint|p2a: Suicune
|
|-heal|p1a: Porygon-Z|292\/311 tox|[from] item: Leftovers
|-damage|p1a: Porygon-Z|254\/311 tox|[from] psn
|
|switch|p2a: Forretress|Forretress, F|354\/354
|turn|46
|c|âULT Lapraz|gg
|-message|ULT Lapraz forfeited.
|
|win|destinyhero96
|raw|Ladder updating...
|leave|ULT Lapraz
|player|p2
|raw|destinyhero96's rating: 1615 &rarr; <strong>1642<\/strong><br \/>(+27 for winning)
|raw|ULT Lapraz's rating: 1736 &rarr; <strong>1709<\/strong><br \/>(-27 for losing)
|leave|DatGuyChuck
|leave|Punkroxalot
|leave|MrAldoPls
|leave|DrReuniclus3
|leave|King UU