|join|ULT Lapraz
|join|qq biblethump
|player|p1|ULT Lapraz|157
|player|p2|qq biblethump|288
|gametype|singles
|gen|6
|tier|UU
|rated
|rule|Sleep Clause Mod: Limit one foe put to sleep
|rule|Species Clause: Limit one of each PokÃ©mon
|rule|OHKO Clause: OHKO moves are banned
|rule|Moody Clause: Moody is banned
|rule|Evasion Moves Clause: Evasion moves are banned
|rule|Endless Battle Clause: Forcing endless battles is banned
|rule|HP Percentage Mod: HP is shown in percentages
|clearpoke
|poke|p1|Moltres
|poke|p1|Granbull, M
|poke|p1|Celebi
|poke|p1|Forretress, M
|poke|p1|Blissey, F
|poke|p1|Tentacruel, F
|poke|p2|Medicham, M
|poke|p2|Raikou, shiny
|poke|p2|Crobat, F
|poke|p2|Nidoqueen, F
|poke|p2|Alomomola, F
|poke|p2|Jirachi
|rule|Swagger Clause: Swagger is banned
|rule|Baton Pass Clause: Limit one PokÃ©mon knowing Baton Pass
|teampreview
|
|start
|switch|p1a: Moltres|Moltres|383\/383
|switch|p2a: Medicham|Medicham, M|261\/261
|-ability|p1a: Moltres|Pressure
|turn|1
|
|detailschange|p2a: Medicham|Medicham-Mega, M
|-mega|p2a: Medicham|Medicham|Medichamite
|move|p2a: Medicham|Fake Out|p1a: Moltres
|-damage|p1a: Moltres|298\/383
|cant|p1a: Moltres|flinch
|
|-heal|p1a: Moltres|321\/383|[from] item: Leftovers
|turn|2
|
|switch|p2a: Raikou|Raikou, shiny|321\/321
|-ability|p2a: Raikou|Pressure
|move|p1a: Moltres|Will-O-Wisp|p2a: Raikou|[miss]
|-miss|p1a: Moltres|p2a: Raikou
|
|-heal|p1a: Moltres|344\/383|[from] item: Leftovers
|turn|3
|
|switch|p1a: Celebi|Celebi|404\/404
|move|p2a: Raikou|Volt Switch|p1a: Celebi
|-resisted|p1a: Celebi
|-damage|p1a: Celebi|365\/404
|
|switch|p2a: Crobat|Crobat, F|373\/373
|
|-heal|p1a: Celebi|390\/404|[from] item: Leftovers
|turn|4
|
|switch|p1a: Moltres|Moltres|344\/383
|-ability|p1a: Moltres|Pressure
|move|p2a: Crobat|U-turn|p1a: Moltres
|-resisted|p1a: Moltres
|-damage|p1a: Moltres|330\/383
|
|switch|p2a: Raikou|Raikou, shiny|321\/321
|-ability|p2a: Raikou|Pressure
|
|-heal|p1a: Moltres|353\/383|[from] item: Leftovers
|turn|5
|
|switch|p1a: Celebi|Celebi|390\/404
|move|p2a: Raikou|Thunderbolt|p1a: Celebi
|-resisted|p1a: Celebi
|-damage|p1a: Celebi|334\/404
|
|-heal|p1a: Celebi|359\/404|[from] item: Leftovers
|turn|6
|
|move|p2a: Raikou|Volt Switch|p1a: Celebi
|-resisted|p1a: Celebi
|-damage|p1a: Celebi|320\/404
|
|switch|p2a: Crobat|Crobat, F|373\/373
|move|p1a: Celebi|Stealth Rock|p2a: Crobat
|-sidestart|p2: qq biblethump|move: Stealth Rock
|
|-heal|p1a: Celebi|345\/404|[from] item: Leftovers
|turn|7
|
|switch|p1a: Moltres|Moltres|353\/383
|-ability|p1a: Moltres|Pressure
|move|p2a: Crobat|Defog|p1a: Moltres
|-unboost|p1a: Moltres|evasion|1
|-sideend|p2: qq biblethump|Stealth Rock|[from] move: Defog|[of] p2a: Crobat
|
|-heal|p1a: Moltres|376\/383|[from] item: Leftovers
|turn|8
|
|move|p2a: Crobat|U-turn|p1a: Moltres
|-resisted|p1a: Moltres
|-damage|p1a: Moltres|362\/383
|
|switch|p2a: Alomomola|Alomomola, F|497\/497
|move|p1a: Moltres|Will-O-Wisp|p2a: Alomomola
|-status|p2a: Alomomola|brn
|
|-heal|p1a: Moltres|383\/383|[from] item: Leftovers
|-damage|p2a: Alomomola|435\/497 brn|[from] brn
|turn|9
|
|switch|p2a: Crobat|Crobat, F|373\/373
|move|p1a: Moltres|Air Slash|p2a: Crobat
|-damage|p2a: Crobat|244\/373
|
|turn|10
|
|move|p2a: Crobat|U-turn|p1a: Moltres
|-resisted|p1a: Moltres
|-damage|p1a: Moltres|370\/383
|
|switch|p2a: Alomomola|Alomomola, F|497\/497 brn
|move|p1a: Moltres|Will-O-Wisp|p2a: Alomomola
|-fail|p2a: Alomomola|brn
|
|-heal|p1a: Moltres|383\/383|[from] item: Leftovers
|-damage|p2a: Alomomola|435\/497 brn|[from] brn
|turn|11
|
|switch|p1a: Celebi|Celebi|345\/404
|move|p2a: Alomomola|Toxic|p1a: Celebi
|-status|p1a: Celebi|tox
|
|-heal|p1a: Celebi|370\/404 tox|[from] item: Leftovers
|-heal|p2a: Alomomola|466\/497 brn|[from] item: Leftovers
|-damage|p1a: Celebi|345\/404 tox|[from] psn
|-damage|p2a: Alomomola|404\/497 brn|[from] brn
|turn|12
|
|switch|p2a: Crobat|Crobat, F|244\/373
|move|p1a: Celebi|Stealth Rock|p2a: Crobat
|-sidestart|p2: qq biblethump|move: Stealth Rock
|
|-heal|p1a: Celebi|370\/404 tox|[from] item: Leftovers
|-damage|p1a: Celebi|320\/404 tox|[from] psn
|turn|13
|
|switch|p1a: Moltres|Moltres|383\/383
|-ability|p1a: Moltres|Pressure
|move|p2a: Crobat|Defog|p1a: Moltres
|-unboost|p1a: Moltres|evasion|1
|-sideend|p2: qq biblethump|Stealth Rock|[from] move: Defog|[of] p2a: Crobat
|
|turn|14
|
|move|p2a: Crobat|U-turn|p1a: Moltres
|-resisted|p1a: Moltres
|-damage|p1a: Moltres|369\/383
|
|switch|p2a: Raikou|Raikou, shiny|321\/321
|-ability|p2a: Raikou|Pressure
|move|p1a: Moltres|Will-O-Wisp|p2a: Raikou
|-status|p2a: Raikou|brn
|
|-heal|p1a: Moltres|383\/383|[from] item: Leftovers
|-damage|p2a: Raikou|281\/321 brn|[from] brn
|turn|15
|
|switch|p1a: Blissey|Blissey, F|657\/657
|move|p2a: Raikou|Volt Switch|p1a: Blissey
|-damage|p1a: Blissey|579\/657
|
|switch|p2a: Medicham|Medicham-Mega, M|261\/261
|
|-heal|p1a: Blissey|620\/657|[from] item: Leftovers
|turn|16
|
|switch|p2a: Nidoqueen|Nidoqueen, F|384\/384
|move|p1a: Blissey|Protect|p1a: Blissey
|-fail|p1a: Blissey
|
|-heal|p1a: Blissey|657\/657|[from] item: Leftovers
|turn|17
|
|move|p2a: Nidoqueen|Stealth Rock|p1a: Blissey
|-sidestart|p1: ULT Lapraz|move: Stealth Rock
|move|p1a: Blissey|Seismic Toss|p2a: Nidoqueen
|-damage|p2a: Nidoqueen|284\/384
|
|-heal|p2a: Nidoqueen|308\/384|[from] item: Black Sludge
|turn|18
|
|switch|p2a: Crobat|Crobat, F|244\/373
|move|p1a: Blissey|Seismic Toss|p2a: Crobat
|-damage|p2a: Crobat|144\/373
|
|turn|19
|
|switch|p1a: Forretress|Forretress, M|354\/354
|-damage|p1a: Forretress|310\/354|[from] Stealth Rock
|move|p2a: Crobat|Roost|p2a: Crobat
|-heal|p2a: Crobat|331\/373
|
|-heal|p1a: Forretress|332\/354|[from] item: Leftovers
|turn|20
|
|move|p2a: Crobat|U-turn|p1a: Forretress
|-resisted|p1a: Forretress
|-damage|p1a: Forretress|318\/354
|
|switch|p2a: Nidoqueen|Nidoqueen, F|308\/384
|move|p1a: Forretress|Rapid Spin|p2a: Nidoqueen
|-damage|p2a: Nidoqueen|290\/384
|-sideend|p1: ULT Lapraz|Stealth Rock|[from] move: Rapid Spin|[of] p1a: Forretress
|
|-heal|p2a: Nidoqueen|314\/384|[from] item: Black Sludge
|-heal|p1a: Forretress|340\/354|[from] item: Leftovers
|turn|21
|
|switch|p1a: Moltres|Moltres|383\/383
|-ability|p1a: Moltres|Pressure
|move|p2a: Nidoqueen|Stealth Rock|p1a: Moltres
|-sidestart|p1: ULT Lapraz|move: Stealth Rock
|
|-heal|p2a: Nidoqueen|338\/384|[from] item: Black Sludge
|turn|22
|
|switch|p2a: Alomomola|Alomomola, F|497\/497 brn
|move|p1a: Moltres|Air Slash|p2a: Alomomola|[miss]
|-miss|p1a: Moltres|p2a: Alomomola
|
|-damage|p2a: Alomomola|435\/497 brn|[from] brn
|turn|23
|
|switch|p1a: Tentacruel|Tentacruel, F|364\/364
|-damage|p1a: Tentacruel|319\/364|[from] Stealth Rock
|switch|p2a: Nidoqueen|Nidoqueen, F|338\/384
|
|-heal|p1a: Tentacruel|341\/364|[from] item: Black Sludge
|-heal|p2a: Nidoqueen|362\/384|[from] item: Black Sludge
|turn|24
|
|move|p1a: Tentacruel|Scald|p2a: Nidoqueen
|-supereffective|p2a: Nidoqueen
|-damage|p2a: Nidoqueen|174\/384
|-status|p2a: Nidoqueen|brn
|move|p2a: Nidoqueen|Earth Power|p1a: Tentacruel
|-crit|p1a: Tentacruel
|-supereffective|p1a: Tentacruel
|-damage|p1a: Tentacruel|0 fnt
|faint|p1a: Tentacruel
|
|-heal|p2a: Nidoqueen|198\/384 brn|[from] item: Black Sludge
|-damage|p2a: Nidoqueen|150\/384 brn|[from] brn
|
|switch|p1a: Blissey|Blissey, F|657\/657
|-damage|p1a: Blissey|575\/657|[from] Stealth Rock
|turn|25
|
|switch|p2a: Medicham|Medicham-Mega, M|261\/261
|move|p1a: Blissey|Seismic Toss|p2a: Medicham
|-damage|p2a: Medicham|161\/261
|
|-heal|p1a: Blissey|616\/657|[from] item: Leftovers
|turn|26
|
|move|p1a: Blissey|Protect|p1a: Blissey
|-singleturn|p1a: Blissey|Protect
|move|p2a: Medicham|Drain Punch|p1a: Blissey
|-activate|p1a: Blissey|Protect
|
|-heal|p1a: Blissey|657\/657|[from] item: Leftovers
|turn|27
|
|switch|p2a: Nidoqueen|Nidoqueen, F|150\/384 brn
|switch|p1a: Granbull|Granbull, M|384\/384
|-damage|p1a: Granbull|336\/384|[from] Stealth Rock
|-ability|p1a: Granbull|Intimidate|[of] p2a: Nidoqueen
|-unboost|p2a: Nidoqueen|atk|1
|
|-heal|p2a: Nidoqueen|174\/384 brn|[from] item: Black Sludge
|-heal|p1a: Granbull|360\/384|[from] item: Leftovers
|-damage|p2a: Nidoqueen|126\/384 brn|[from] brn
|turn|28
|
|switch|p1a: Blissey|Blissey, F|657\/657
|-damage|p1a: Blissey|575\/657|[from] Stealth Rock
|move|p2a: Nidoqueen|Toxic Spikes|p1a: Blissey
|-sidestart|p1: ULT Lapraz|move: Toxic Spikes
|
|-heal|p2a: Nidoqueen|150\/384 brn|[from] item: Black Sludge
|-heal|p1a: Blissey|616\/657|[from] item: Leftovers
|-damage|p2a: Nidoqueen|102\/384 brn|[from] brn
|turn|29
|
|switch|p2a: Crobat|Crobat, F|331\/373
|move|p1a: Blissey|Seismic Toss|p2a: Crobat
|-damage|p2a: Crobat|231\/373
|
|-heal|p1a: Blissey|657\/657|[from] item: Leftovers
|turn|30
|
|move|p2a: Crobat|U-turn|p1a: Blissey
|-damage|p1a: Blissey|563\/657
|
|switch|p2a: Medicham|Medicham-Mega, M|161\/261
|move|p1a: Blissey|Wish|p1a: Blissey
|
|-heal|p1a: Blissey|604\/657|[from] item: Leftovers
|turn|31
|
|switch|p2a: Nidoqueen|Nidoqueen, F|102\/384 brn
|switch|p1a: Forretress|Forretress, M|340\/354
|-damage|p1a: Forretress|296\/354|[from] Stealth Rock
|
|-heal|p1a: Forretress|354\/354|[from] move: Wish|[wisher] Blissey
|-heal|p2a: Nidoqueen|126\/384 brn|[from] item: Black Sludge
|-damage|p2a: Nidoqueen|78\/384 brn|[from] brn
|turn|32
|
|switch|p1a: Blissey|Blissey, F|604\/657
|-status|p1a: Blissey|psn
|-damage|p1a: Blissey|522\/657 psn|[from] Stealth Rock
|move|p2a: Nidoqueen|Earth Power|p1a: Blissey
|-damage|p1a: Blissey|420\/657 psn
|
|-heal|p2a: Nidoqueen|102\/384 brn|[from] item: Black Sludge
|-heal|p1a: Blissey|461\/657 psn|[from] item: Leftovers
|-damage|p2a: Nidoqueen|54\/384 brn|[from] brn
|-damage|p1a: Blissey|379\/657 psn|[from] psn
|turn|33
|
|switch|p2a: Crobat|Crobat, F|231\/373
|move|p1a: Blissey|Wish|p1a: Blissey
|
|-heal|p1a: Blissey|420\/657 psn|[from] item: Leftovers
|-damage|p1a: Blissey|338\/657 psn|[from] psn
|turn|34
|
|move|p1a: Blissey|Protect|p1a: Blissey
|-singleturn|p1a: Blissey|Protect
|move|p2a: Crobat|U-turn|p1a: Blissey
|-activate|p1a: Blissey|Protect
|
|-heal|p1a: Blissey|657\/657 psn|[from] move: Wish|[wisher] Blissey
|-damage|p1a: Blissey|575\/657 psn|[from] psn
|turn|35
|
|move|p2a: Crobat|Roost|p2a: Crobat
|-heal|p2a: Crobat|373\/373
|move|p1a: Blissey|Seismic Toss|p2a: Crobat
|-damage|p2a: Crobat|273\/373
|
|-heal|p1a: Blissey|616\/657 psn|[from] item: Leftovers
|-damage|p1a: Blissey|534\/657 psn|[from] psn
|turn|36
|
|move|p2a: Crobat|U-turn|p1a: Blissey
|-crit|p1a: Blissey
|-damage|p1a: Blissey|394\/657 psn
|
|switch|p2a: Raikou|Raikou, shiny|281\/321 brn
|-ability|p2a: Raikou|Pressure
|move|p1a: Blissey|Seismic Toss|p2a: Raikou
|-damage|p2a: Raikou|181\/321 brn
|
|-heal|p2a: Raikou|201\/321 brn|[from] item: Leftovers
|-heal|p1a: Blissey|435\/657 psn|[from] item: Leftovers
|-damage|p2a: Raikou|161\/321 brn|[from] brn
|-damage|p1a: Blissey|353\/657 psn|[from] psn
|turn|37
|
|move|p2a: Raikou|Volt Switch|p1a: Blissey
|-damage|p1a: Blissey|281\/657 psn
|
|switch|p2a: Medicham|Medicham-Mega, M|161\/261
|move|p1a: Blissey|Wish|p1a: Blissey
|
|-heal|p1a: Blissey|322\/657 psn|[from] item: Leftovers
|-damage|p1a: Blissey|240\/657 psn|[from] psn
|turn|38
|
|move|p1a: Blissey|Protect|p1a: Blissey
|-singleturn|p1a: Blissey|Protect
|move|p2a: Medicham|Drain Punch|p1a: Blissey
|-activate|p1a: Blissey|Protect
|
|-heal|p1a: Blissey|568\/657 psn|[from] move: Wish|[wisher] Blissey
|-heal|p1a: Blissey|609\/657 psn|[from] item: Leftovers
|-damage|p1a: Blissey|527\/657 psn|[from] psn
|turn|39
|
|switch|p1a: Granbull|Granbull, M|360\/384
|-status|p1a: Granbull|psn
|-damage|p1a: Granbull|312\/384 psn|[from] Stealth Rock
|-ability|p1a: Granbull|Intimidate|[of] p2a: Medicham
|-unboost|p2a: Medicham|atk|1
|move|p2a: Medicham|High Jump Kick|p1a: Granbull
|-resisted|p1a: Granbull
|-damage|p1a: Granbull|201\/384 psn
|
|-heal|p1a: Granbull|225\/384 psn|[from] item: Leftovers
|-damage|p1a: Granbull|177\/384 psn|[from] psn
|turn|40
|
|switch|p2a: Jirachi|Jirachi|404\/404
|move|p1a: Granbull|Rest|p1a: Granbull
|-status|p1a: Granbull|slp
|-heal|p1a: Granbull|384\/384 slp|[silent]
|-status|p1a: Granbull|slp|[from] move: Rest
|
|turn|41
|
|switch|p2a: Nidoqueen|Nidoqueen, F|54\/384 brn
|switch|p1a: Forretress|Forretress, M|354\/354
|-damage|p1a: Forretress|310\/354|[from] Stealth Rock
|
|-heal|p2a: Nidoqueen|78\/384 brn|[from] item: Black Sludge
|-heal|p1a: Forretress|332\/354|[from] item: Leftovers
|-damage|p2a: Nidoqueen|30\/384 brn|[from] brn
|turn|42
|
|move|p2a: Nidoqueen|Earth Power|p1a: Forretress
|-crit|p1a: Forretress
|-damage|p1a: Forretress|0 fnt
|faint|p1a: Forretress
|
|-heal|p2a: Nidoqueen|54\/384 brn|[from] item: Black Sludge
|-damage|p2a: Nidoqueen|6\/384 brn|[from] brn
|
|switch|p1a: Blissey|Blissey, F|527\/657
|-status|p1a: Blissey|psn
|-damage|p1a: Blissey|445\/657 psn|[from] Stealth Rock
|turn|43
|
|move|p2a: Nidoqueen|Toxic Spikes|p1a: Blissey
|-sidestart|p1: ULT Lapraz|move: Toxic Spikes
|move|p1a: Blissey|Wish|p1a: Blissey
|
|-heal|p2a: Nidoqueen|30\/384 brn|[from] item: Black Sludge
|-heal|p1a: Blissey|486\/657 psn|[from] item: Leftovers
|-damage|p2a: Nidoqueen|0 fnt|[from] brn
|-damage|p1a: Blissey|404\/657 psn|[from] psn
|faint|p2a: Nidoqueen
|
|switch|p2a: Jirachi|Jirachi|404\/404
|turn|44
|
|switch|p1a: Moltres|Moltres|383\/383
|-damage|p1a: Moltres|192\/383|[from] Stealth Rock
|-ability|p1a: Moltres|Pressure
|move|p2a: Jirachi|Substitute|p2a: Jirachi
|-start|p2a: Jirachi|Substitute
|-damage|p2a: Jirachi|303\/404
|
|-heal|p1a: Moltres|383\/383|[from] move: Wish|[wisher] Blissey
|-heal|p2a: Jirachi|328\/404|[from] item: Leftovers
|turn|45
|
|move|p2a: Jirachi|Toxic|p1a: Moltres
|-status|p1a: Moltres|tox
|move|p1a: Moltres|Roar|p2a: Jirachi
|drag|p2a: Alomomola|Alomomola, F|497\/497 brn
|
|-damage|p1a: Moltres|360\/383 tox|[from] psn
|-damage|p2a: Alomomola|435\/497 brn|[from] brn
|turn|46
|
|switch|p1a: Celebi|Celebi|320\/404
|-damage|p1a: Celebi|270\/404|[from] Stealth Rock
|-status|p1a: Celebi|tox
|move|p2a: Alomomola|Wish|p2a: Alomomola
|
|-heal|p1a: Celebi|295\/404 tox|[from] item: Leftovers
|-heal|p2a: Alomomola|466\/497 brn|[from] item: Leftovers
|-damage|p1a: Celebi|270\/404 tox|[from] psn
|-damage|p2a: Alomomola|404\/497 brn|[from] brn
|turn|47
|
|switch|p2a: Jirachi|Jirachi|328\/404
|move|p1a: Celebi|Psychic|p2a: Jirachi
|-resisted|p2a: Jirachi
|-damage|p2a: Jirachi|300\/404
|
|-heal|p2a: Jirachi|404\/404|[from] move: Wish|[wisher] Alomomola
|-heal|p1a: Celebi|295\/404 tox|[from] item: Leftovers
|-damage|p1a: Celebi|245\/404 tox|[from] psn
|turn|48
|-message|ULT Lapraz forfeited.
|
|win|qq biblethump
|raw|Ladder updating...
|leave|ULT Lapraz
|player|p1
|raw|ULT Lapraz's rating: 1492 &rarr; <strong>1470<\/strong><br \/>(-22 for losing)
|raw|qq biblethump's rating: 1453 &rarr; <strong>1475<\/strong><br \/>(+22 for winning)
|player|p2|dirty haxer qq|288