|join|ULT Lapraz
|join|KingBowser
|player|p1|ULT Lapraz|157
|player|p2|KingBowser|169
|gametype|singles
|gen|6
|tier|UU
|rated
|rule|Sleep Clause Mod: Limit one foe put to sleep
|rule|Species Clause: Limit one of each PokÃ©mon
|rule|OHKO Clause: OHKO moves are banned
|rule|Moody Clause: Moody is banned
|rule|Evasion Moves Clause: Evasion moves are banned
|rule|Endless Battle Clause: Forcing endless battles is banned
|rule|HP Percentage Mod: HP is shown in percentages
|clearpoke
|poke|p1|Moltres
|poke|p1|Tentacruel, F
|poke|p1|Celebi
|poke|p1|Blissey, F
|poke|p1|Granbull, M
|poke|p1|Gligar, F
|poke|p2|Forretress, M
|poke|p2|Jirachi, shiny
|poke|p2|Darmanitan, F, shiny
|poke|p2|Nidoking, M
|poke|p2|Vaporeon, M, shiny
|poke|p2|Florges, F
|rule|Swagger Clause: Swagger is banned
|rule|Baton Pass Clause: Limit one PokÃ©mon knowing Baton Pass
|teampreview
|
|start
|switch|p1a: loltres|Moltres|384\/384
|switch|p2a: Darmanitan|Darmanitan, F, shiny|351\/351
|-ability|p1a: loltres|Pressure
|turn|1
|
|switch|p1a: Granbull|Granbull, M|384\/384
|-ability|p1a: Granbull|Intimidate|[of] p2a: Darmanitan
|-unboost|p2a: Darmanitan|atk|1
|move|p2a: Darmanitan|Rock Slide|p1a: Granbull
|-damage|p1a: Granbull|289\/384
|
|-heal|p1a: Granbull|313\/384|[from] item: Leftovers
|turn|2
|
|switch|p1a: Tentacruel|Tentacruel, F|364\/364
|move|p2a: Darmanitan|U-turn|p1a: Tentacruel
|-resisted|p1a: Tentacruel
|-damage|p1a: Tentacruel|329\/364
|-damage|p2a: Darmanitan|316\/351|[from] item: Life Orb
|
|switch|p2a: Nidoking|Nidoking, M|303\/303
|
|-heal|p1a: Tentacruel|351\/364|[from] item: Black Sludge
|turn|3
|
|switch|p1a: Blissey|Blissey, F|657\/657
|move|p2a: Nidoking|Earth Power|p1a: Blissey
|-damage|p1a: Blissey|519\/657
|
|-heal|p1a: Blissey|560\/657|[from] item: Leftovers
|turn|4
|
|move|p2a: Nidoking|Stealth Rock|p1a: Blissey
|-sidestart|p1: ULT Lapraz|move: Stealth Rock
|move|p1a: Blissey|Seismic Toss|p2a: Nidoking
|-damage|p2a: Nidoking|203\/303
|
|-heal|p1a: Blissey|601\/657|[from] item: Leftovers
|turn|5
|
|switch|p2a: Jirachi|Jirachi, shiny|341\/341
|move|p1a: Blissey|Seismic Toss|p2a: Jirachi
|-damage|p2a: Jirachi|241\/341
|
|-heal|p1a: Blissey|642\/657|[from] item: Leftovers
|turn|6
|
|move|p1a: Blissey|Protect|p1a: Blissey
|-singleturn|p1a: Blissey|Protect
|move|p2a: Jirachi|Trick|p1a: Blissey
|-activate|p1a: Blissey|Protect
|
|-heal|p1a: Blissey|657\/657|[from] item: Leftovers
|turn|7
|
|switch|p1a: Tentacruel|Tentacruel, F|351\/364
|-damage|p1a: Tentacruel|306\/364|[from] Stealth Rock
|move|p2a: Jirachi|Trick|p1a: Tentacruel
|-activate|p2a: Jirachi|move: Trick|[of] p1a: Tentacruel
|-item|p1a: Tentacruel|Choice Scarf|[from] move: Trick
|-item|p2a: Jirachi|Black Sludge|[from] move: Trick
|
|-damage|p2a: Jirachi|199\/341|[from] item: Black Sludge
|turn|8
|
|switch|p2a: Forretress|Forretress, M|354\/354
|move|p1a: Tentacruel|Rapid Spin|p2a: Forretress
|-resisted|p2a: Forretress
|-damage|p2a: Forretress|351\/354
|-sideend|p1: ULT Lapraz|Stealth Rock|[from] move: Rapid Spin|[of] p1a: Tentacruel
|
|-heal|p2a: Forretress|354\/354|[from] item: Leftovers
|turn|9
|
|switch|p1a: loltres|Moltres|384\/384
|-ability|p1a: loltres|Pressure
|move|p2a: Forretress|Stealth Rock|p1a: loltres
|-sidestart|p1: ULT Lapraz|move: Stealth Rock
|
|turn|10
|
|switch|p2a: Vaporeon|Vaporeon, M, shiny|464\/464
|move|p1a: loltres|Substitute|p1a: loltres
|-start|p1a: loltres|Substitute
|-damage|p1a: loltres|288\/384
|
|-heal|p1a: loltres|312\/384|[from] item: Leftovers
|turn|11
|
|move|p1a: loltres|Will-O-Wisp|p2a: Vaporeon
|-status|p2a: Vaporeon|brn
|move|p2a: Vaporeon|Wish|p2a: Vaporeon
|
|-heal|p1a: loltres|336\/384|[from] item: Leftovers
|-damage|p2a: Vaporeon|406\/464 brn|[from] brn
|turn|12
|
|move|p1a: loltres|Will-O-Wisp|p2a: Vaporeon
|-fail|p2a: Vaporeon|brn
|move|p2a: Vaporeon|Scald|p1a: loltres
|-supereffective|p1a: loltres
|-end|p1a: loltres|Substitute
|
|-heal|p2a: Vaporeon|464\/464 brn|[from] move: Wish|[wisher] Vaporeon
|-heal|p1a: loltres|360\/384|[from] item: Leftovers
|-damage|p2a: Vaporeon|406\/464 brn|[from] brn
|turn|13
|
|move|p1a: loltres|Substitute|p1a: loltres
|-start|p1a: loltres|Substitute
|-damage|p1a: loltres|264\/384
|move|p2a: Vaporeon|Heal Bell|p2a: Vaporeon
|-cureteam|p2a: Vaporeon|[from] move: HealBell
|
|-heal|p1a: loltres|288\/384|[from] item: Leftovers
|-heal|p2a: Vaporeon|435\/464|[from] item: Leftovers
|turn|14
|
|move|p1a: loltres|Will-O-Wisp|p2a: Vaporeon
|-status|p2a: Vaporeon|brn
|move|p2a: Vaporeon|Scald|p1a: loltres
|-supereffective|p1a: loltres
|-end|p1a: loltres|Substitute
|
|-heal|p1a: loltres|312\/384|[from] item: Leftovers
|-heal|p2a: Vaporeon|464\/464 brn|[from] item: Leftovers
|-damage|p2a: Vaporeon|406\/464 brn|[from] brn
|turn|15
|
|move|p1a: loltres|Substitute|p1a: loltres
|-start|p1a: loltres|Substitute
|-damage|p1a: loltres|216\/384
|move|p2a: Vaporeon|Scald|p1a: loltres
|-supereffective|p1a: loltres
|-end|p1a: loltres|Substitute
|
|-heal|p1a: loltres|240\/384|[from] item: Leftovers
|-heal|p2a: Vaporeon|435\/464 brn|[from] item: Leftovers
|-damage|p2a: Vaporeon|377\/464 brn|[from] brn
|turn|16
|
|move|p1a: loltres|Substitute|p1a: loltres
|-start|p1a: loltres|Substitute
|-damage|p1a: loltres|144\/384
|move|p2a: Vaporeon|Heal Bell|p2a: Vaporeon
|-cureteam|p2a: Vaporeon|[from] move: HealBell
|
|-heal|p1a: loltres|168\/384|[from] item: Leftovers
|-heal|p2a: Vaporeon|406\/464|[from] item: Leftovers
|turn|17
|
|move|p1a: loltres|Roost|p1a: loltres
|-heal|p1a: loltres|360\/384
|move|p2a: Vaporeon|Scald|p1a: loltres
|-supereffective|p1a: loltres
|-end|p1a: loltres|Substitute
|
|-heal|p1a: loltres|384\/384|[from] item: Leftovers
|-heal|p2a: Vaporeon|435\/464|[from] item: Leftovers
|turn|18
|
|switch|p2a: Nidoking|Nidoking, M|203\/303
|move|p1a: loltres|Substitute|p1a: loltres
|-start|p1a: loltres|Substitute
|-damage|p1a: loltres|288\/384
|
|-heal|p1a: loltres|312\/384|[from] item: Leftovers
|turn|19
|
|switch|p2a: Vaporeon|Vaporeon, M, shiny|435\/464
|move|p1a: loltres|Air Slash|p2a: Vaporeon
|-damage|p2a: Vaporeon|318\/464
|
|-heal|p1a: loltres|336\/384|[from] item: Leftovers
|-heal|p2a: Vaporeon|347\/464|[from] item: Leftovers
|turn|20
|
|move|p1a: loltres|Will-O-Wisp|p2a: Vaporeon
|-status|p2a: Vaporeon|brn
|move|p2a: Vaporeon|Wish|p2a: Vaporeon
|
|-heal|p1a: loltres|360\/384|[from] item: Leftovers
|-heal|p2a: Vaporeon|376\/464 brn|[from] item: Leftovers
|-damage|p2a: Vaporeon|318\/464 brn|[from] brn
|turn|21
|
|switch|p2a: Jirachi|Jirachi, shiny|199\/341
|move|p1a: loltres|Will-O-Wisp|p2a: Jirachi
|-status|p2a: Jirachi|brn
|
|-heal|p2a: Jirachi|341\/341 brn|[from] move: Wish|[wisher] Vaporeon
|-damage|p2a: Jirachi|299\/341 brn|[from] item: Black Sludge
|-heal|p1a: loltres|384\/384|[from] item: Leftovers
|-damage|p2a: Jirachi|257\/341 brn|[from] brn
|turn|22
|
|switch|p2a: Florges|Florges, F|360\/360
|move|p1a: loltres|Air Slash|p2a: Florges
|-damage|p2a: Florges|293\/360
|
|-heal|p2a: Florges|315\/360|[from] item: Leftovers
|turn|23
|
|move|p1a: loltres|Will-O-Wisp|p2a: Florges
|-status|p2a: Florges|brn
|move|p2a: Florges|Aromatherapy|p2a: Florges
|-cureteam|p2a: Florges|[from] move: Aromatherapy
|
|-heal|p2a: Florges|337\/360|[from] item: Leftovers
|turn|24
|
|switch|p2a: Vaporeon|Vaporeon, M, shiny|318\/464
|move|p1a: loltres|Will-O-Wisp|p2a: Vaporeon
|-status|p2a: Vaporeon|brn
|
|-heal|p2a: Vaporeon|347\/464 brn|[from] item: Leftovers
|-damage|p2a: Vaporeon|289\/464 brn|[from] brn
|turn|25
|
|move|p1a: loltres|Air Slash|p2a: Vaporeon
|-damage|p2a: Vaporeon|177\/464 brn
|move|p2a: Vaporeon|Wish|p2a: Vaporeon
|
|-heal|p2a: Vaporeon|206\/464 brn|[from] item: Leftovers
|-damage|p2a: Vaporeon|148\/464 brn|[from] brn
|turn|26
|
|move|p2a: Vaporeon|Protect|p2a: Vaporeon
|-singleturn|p2a: Vaporeon|Protect
|move|p1a: loltres|Air Slash|p2a: Vaporeon
|-activate|p2a: Vaporeon|Protect
|
|-heal|p2a: Vaporeon|380\/464 brn|[from] move: Wish|[wisher] Vaporeon
|-heal|p2a: Vaporeon|409\/464 brn|[from] item: Leftovers
|-damage|p2a: Vaporeon|351\/464 brn|[from] brn
|turn|27
|
|move|p1a: loltres|Air Slash|p2a: Vaporeon
|-damage|p2a: Vaporeon|243\/464 brn
|move|p2a: Vaporeon|Heal Bell|p2a: Vaporeon
|-cureteam|p2a: Vaporeon|[from] move: HealBell
|
|-heal|p2a: Vaporeon|272\/464|[from] item: Leftovers
|turn|28
|
|move|p1a: loltres|Will-O-Wisp|p2a: Vaporeon
|-status|p2a: Vaporeon|brn
|move|p2a: Vaporeon|Wish|p2a: Vaporeon
|
|-heal|p2a: Vaporeon|301\/464 brn|[from] item: Leftovers
|-damage|p2a: Vaporeon|243\/464 brn|[from] brn
|turn|29
|
|move|p1a: loltres|Air Slash|p2a: Vaporeon
|-crit|p2a: Vaporeon
|-damage|p2a: Vaporeon|69\/464 brn
|cant|p2a: Vaporeon|flinch
|
|-heal|p2a: Vaporeon|301\/464 brn|[from] move: Wish|[wisher] Vaporeon
|-heal|p2a: Vaporeon|330\/464 brn|[from] item: Leftovers
|-damage|p2a: Vaporeon|272\/464 brn|[from] brn
|turn|30
|
|switch|p2a: Florges|Florges, F|337\/360
|move|p1a: loltres|Air Slash|p2a: Florges
|-damage|p2a: Florges|264\/360
|
|-heal|p2a: Florges|286\/360|[from] item: Leftovers
|turn|31
|
|move|p1a: loltres|Will-O-Wisp|p2a: Florges
|-status|p2a: Florges|brn
|move|p2a: Florges|Wish|p2a: Florges
|
|-heal|p2a: Florges|308\/360 brn|[from] item: Leftovers
|-damage|p2a: Florges|263\/360 brn|[from] brn
|turn|32
|
|switch|p2a: Vaporeon|Vaporeon, M, shiny|272\/464 brn
|move|p1a: loltres|Will-O-Wisp|p2a: Vaporeon
|-fail|p2a: Vaporeon|brn
|
|-heal|p2a: Vaporeon|452\/464 brn|[from] move: Wish|[wisher] Florges
|-heal|p2a: Vaporeon|464\/464 brn|[from] item: Leftovers
|-damage|p2a: Vaporeon|406\/464 brn|[from] brn
|turn|33
|
|move|p1a: loltres|Air Slash|p2a: Vaporeon
|-damage|p2a: Vaporeon|297\/464 brn
|move|p2a: Vaporeon|Heal Bell|p2a: Vaporeon
|-cureteam|p2a: Vaporeon|[from] move: HealBell
|
|-heal|p2a: Vaporeon|326\/464|[from] item: Leftovers
|turn|34
|
|move|p1a: loltres|Will-O-Wisp|p2a: Vaporeon
|-status|p2a: Vaporeon|brn
|move|p2a: Vaporeon|Wish|p2a: Vaporeon
|
|-heal|p2a: Vaporeon|355\/464 brn|[from] item: Leftovers
|-damage|p2a: Vaporeon|297\/464 brn|[from] brn
|turn|35
|
|move|p1a: loltres|Air Slash|p2a: Vaporeon
|-damage|p2a: Vaporeon|194\/464 brn
|move|p2a: Vaporeon|Heal Bell|p2a: Vaporeon
|-cureteam|p2a: Vaporeon|[from] move: HealBell
|
|-heal|p2a: Vaporeon|426\/464|[from] move: Wish|[wisher] Vaporeon
|-heal|p2a: Vaporeon|455\/464|[from] item: Leftovers
|turn|36
|c|âKingBowser|is thi some op strat?
|c|âKingBowser|to pp yourself out?
|
|move|p1a: loltres|Will-O-Wisp|p2a: Vaporeon
|-status|p2a: Vaporeon|brn
|move|p2a: Vaporeon|Scald|p1a: loltres
|-supereffective|p1a: loltres
|-end|p1a: loltres|Substitute
|
|-heal|p2a: Vaporeon|464\/464 brn|[from] item: Leftovers
|-damage|p2a: Vaporeon|406\/464 brn|[from] brn
|turn|37
|c|âULT Lapraz|yeah
|c|âKingBowser|just 10 more left
|
|switch|p1a: Tentacruel|Tentacruel, F|306\/364
|-damage|p1a: Tentacruel|261\/364|[from] Stealth Rock
|switch|p2a: Darmanitan|Darmanitan, F, shiny|316\/351
|
|turn|38
|
|switch|p1a: Granbull|Granbull, M|313\/384
|-damage|p1a: Granbull|265\/384|[from] Stealth Rock
|-ability|p1a: Granbull|Intimidate|[of] p2a: Darmanitan
|-unboost|p2a: Darmanitan|atk|1
|move|p2a: Darmanitan|Earthquake|p1a: Granbull
|-damage|p1a: Granbull|162\/384
|-damage|p2a: Darmanitan|281\/351|[from] item: Life Orb
|
|-heal|p1a: Granbull|186\/384|[from] item: Leftovers
|turn|39
|
|switch|p2a: Florges|Florges, F|263\/360
|move|p1a: Granbull|Rest|p1a: Granbull
|-status|p1a: Granbull|slp
|-heal|p1a: Granbull|384\/384 slp|[silent]
|-status|p1a: Granbull|slp|[from] move: Rest
|
|-heal|p2a: Florges|285\/360|[from] item: Leftovers
|turn|40
|
|switch|p2a: Darmanitan|Darmanitan, F, shiny|281\/351
|switch|p1a: Tentacruel|Tentacruel, F|261\/364
|-damage|p1a: Tentacruel|216\/364|[from] Stealth Rock
|
|turn|41
|c|âKingBowser|you guys and your wall teams
|c|âKingBowser|such hipsters
|
|switch|p1a: Granbull|Granbull, M|384\/384 slp
|-damage|p1a: Granbull|336\/384 slp|[from] Stealth Rock
|-ability|p1a: Granbull|Intimidate|[of] p2a: Darmanitan
|-unboost|p2a: Darmanitan|atk|1
|move|p2a: Darmanitan|Flare Blitz|p1a: Granbull
|-crit|p1a: Granbull
|-damage|p1a: Granbull|0 fnt
|-damage|p2a: Darmanitan|170\/351|[from] recoil|[of] p1a: Granbull
|faint|p1a: Granbull
|
|c|âULT Lapraz|ye
|
|switch|p1a: nyaaaa|Gligar, F|334\/334
|-damage|p1a: nyaaaa|293\/334|[from] Stealth Rock
|turn|42
|c|âKingBowser|got a small whole in it now
|
|switch|p2a: Forretress|Forretress, M|354\/354
|move|p1a: nyaaaa|Defog|p2a: Forretress
|-unboost|p2a: Forretress|evasion|1
|-sideend|p1: ULT Lapraz|Stealth Rock|[from] move: Defog|[of] p1a: nyaaaa
|
|turn|43
|
|switch|p1a: Blissey|Blissey, F|657\/657
|move|p2a: Forretress|Toxic|p1a: Blissey|[miss]
|-miss|p2a: Forretress|p1a: Blissey
|
|turn|44
|
|switch|p2a: Florges|Florges, F|285\/360
|move|p1a: Blissey|Wish|p1a: Blissey
|
|-heal|p2a: Florges|307\/360|[from] item: Leftovers
|turn|45
|
|switch|p1a: Tentacruel|Tentacruel, F|216\/364
|move|p2a: Florges|Aromatherapy|p2a: Florges
|-cureteam|p2a: Florges|[from] move: Aromatherapy
|
|-heal|p1a: Tentacruel|364\/364|[from] move: Wish|[wisher] Blissey
|-heal|p2a: Florges|329\/360|[from] item: Leftovers
|turn|46
|
|switch|p2a: Forretress|Forretress, M|354\/354
|move|p1a: Tentacruel|Knock Off|p2a: Forretress
|-damage|p2a: Forretress|320\/354
|-enditem|p2a: Forretress|Leftovers|[from] move: Knock Off|[of] p1a: Tentacruel
|
|turn|47
|
|switch|p1a: Blissey|Blissey, F|657\/657
|move|p2a: Forretress|Stealth Rock|p1a: Blissey
|-sidestart|p1: ULT Lapraz|move: Stealth Rock
|
|turn|48
|
|move|p1a: Blissey|Wish|p1a: Blissey
|move|p2a: Forretress|Toxic|p1a: Blissey
|-status|p1a: Blissey|tox
|
|-damage|p1a: Blissey|616\/657 tox|[from] psn
|turn|49
|
|switch|p1a: Tentacruel|Tentacruel, F|364\/364
|-damage|p1a: Tentacruel|319\/364|[from] Stealth Rock
|switch|p2a: Florges|Florges, F|329\/360
|
|-heal|p1a: Tentacruel|364\/364|[from] move: Wish|[wisher] Blissey
|-heal|p2a: Florges|351\/360|[from] item: Leftovers
|turn|50
|
|move|p1a: Tentacruel|Rapid Spin|p2a: Florges
|-damage|p2a: Florges|340\/360
|-sideend|p1: ULT Lapraz|Stealth Rock|[from] move: Rapid Spin|[of] p1a: Tentacruel
|move|p2a: Florges|Wish|p2a: Florges
|
|-heal|p2a: Florges|360\/360|[from] item: Leftovers
|turn|51
|
|switch|p1a: nyaaaa|Gligar, F|293\/334
|switch|p2a: Darmanitan|Darmanitan, F, shiny|170\/351
|
|-heal|p2a: Darmanitan|350\/351|[from] move: Wish|[wisher] Florges
|turn|52
|
|switch|p2a: Vaporeon|Vaporeon, M, shiny|406\/464
|move|p1a: nyaaaa|Earthquake|p2a: Vaporeon
|-damage|p2a: Vaporeon|313\/464
|
|-heal|p2a: Vaporeon|342\/464|[from] item: Leftovers
|turn|53
|
|switch|p1a: Tentacruel|Tentacruel, F|364\/364
|move|p2a: Vaporeon|Scald|p1a: Tentacruel
|-resisted|p1a: Tentacruel
|-damage|p1a: Tentacruel|318\/364
|
|-heal|p2a: Vaporeon|371\/464|[from] item: Leftovers
|turn|54
|
|switch|p2a: Forretress|Forretress, M|320\/354
|move|p1a: Tentacruel|Scald|p2a: Forretress
|-damage|p2a: Forretress|232\/354
|
|turn|55
|
|switch|p2a: Vaporeon|Vaporeon, M, shiny|371\/464
|move|p1a: Tentacruel|Scald|p2a: Vaporeon
|-heal|p2a: Vaporeon|464\/464|[from] ability: Water Absorb|[of] p1a: Tentacruel
|
|turn|56
|
|move|p1a: Tentacruel|Scald|p2a: Vaporeon
|-immune|p2a: Vaporeon|[msg]
|move|p2a: Vaporeon|Wish|p2a: Vaporeon
|
|turn|57
|
|switch|p2a: Forretress|Forretress, M|232\/354
|move|p1a: Tentacruel|Scald|p2a: Forretress
|-damage|p2a: Forretress|142\/354
|-status|p2a: Forretress|brn
|
|-heal|p2a: Forretress|354\/354 brn|[from] move: Wish|[wisher] Vaporeon
|-damage|p2a: Forretress|310\/354 brn|[from] brn
|turn|58
|
|switch|p2a: Vaporeon|Vaporeon, M, shiny|464\/464
|move|p1a: Tentacruel|Scald|p2a: Vaporeon
|-immune|p2a: Vaporeon|[msg]
|
|turn|59
|
|switch|p1a: Blissey|Blissey, F|616\/657
|move|p2a: Vaporeon|Wish|p2a: Vaporeon
|
|-heal|p1a: Blissey|657\/657|[from] item: Leftovers
|turn|60
|
|switch|p2a: Nidoking|Nidoking, M|203\/303
|move|p1a: Blissey|Seismic Toss|p2a: Nidoking
|-damage|p2a: Nidoking|103\/303
|
|-heal|p2a: Nidoking|303\/303|[from] move: Wish|[wisher] Vaporeon
|turn|61
|
|move|p2a: Nidoking|Stealth Rock|p1a: Blissey
|-sidestart|p1: ULT Lapraz|move: Stealth Rock
|move|p1a: Blissey|Seismic Toss|p2a: Nidoking
|-damage|p2a: Nidoking|203\/303
|
|turn|62
|
|switch|p2a: Darmanitan|Darmanitan, F, shiny|350\/351
|move|p1a: Blissey|Seismic Toss|p2a: Darmanitan
|-damage|p2a: Darmanitan|250\/351
|
|turn|63
|
|move|p1a: Blissey|Protect|p1a: Blissey
|-singleturn|p1a: Blissey|Protect
|move|p2a: Darmanitan|U-turn|p1a: Blissey
|-activate|p1a: Blissey|Protect
|
|turn|64
|
|switch|p1a: nyaaaa|Gligar, F|293\/334
|-damage|p1a: nyaaaa|252\/334|[from] Stealth Rock
|move|p2a: Darmanitan|U-turn|p1a: nyaaaa
|-crit|p1a: nyaaaa
|-resisted|p1a: nyaaaa
|-damage|p1a: nyaaaa|209\/334
|-damage|p2a: Darmanitan|215\/351|[from] item: Life Orb
|
|switch|p2a: Nidoking|Nidoking, M|203\/303
|
|turn|65
|
|switch|p1a: Blissey|Blissey, F|657\/657
|-damage|p1a: Blissey|575\/657|[from] Stealth Rock
|move|p2a: Nidoking|Ice Beam|p1a: Blissey
|-damage|p1a: Blissey|483\/657
|
|-heal|p1a: Blissey|524\/657|[from] item: Leftovers
|turn|66
|
|switch|p2a: Darmanitan|Darmanitan, F, shiny|215\/351
|move|p1a: Blissey|Seismic Toss|p2a: Darmanitan
|-damage|p2a: Darmanitan|115\/351
|
|-heal|p1a: Blissey|565\/657|[from] item: Leftovers
|turn|67
|
|switch|p1a: nyaaaa|Gligar, F|209\/334
|-damage|p1a: nyaaaa|168\/334|[from] Stealth Rock
|move|p2a: Darmanitan|U-turn|p1a: nyaaaa
|-resisted|p1a: nyaaaa
|-damage|p1a: nyaaaa|142\/334
|-damage|p2a: Darmanitan|80\/351|[from] item: Life Orb
|
|switch|p2a: Vaporeon|Vaporeon, M, shiny|464\/464
|
|turn|68
|
|switch|p2a: Darmanitan|Darmanitan, F, shiny|80\/351
|move|p1a: nyaaaa|Roost|p1a: nyaaaa
|-heal|p1a: nyaaaa|309\/334
|
|turn|69
|
|move|p2a: Darmanitan|Flare Blitz|p1a: nyaaaa
|-damage|p1a: nyaaaa|140\/334
|-damage|p2a: Darmanitan|24\/351|[from] recoil|[of] p1a: nyaaaa
|move|p1a: nyaaaa|Defog|p2a: Darmanitan
|-unboost|p2a: Darmanitan|evasion|1
|-sideend|p1: ULT Lapraz|Stealth Rock|[from] move: Defog|[of] p1a: nyaaaa
|
|turn|70
|
|switch|p2a: Vaporeon|Vaporeon, M, shiny|464\/464
|switch|p1a: loltres|Moltres|384\/384
|-ability|p1a: loltres|Pressure
|
|turn|71
|
|switch|p1a: Celebi|Celebi|403\/403
|move|p2a: Vaporeon|Wish|p2a: Vaporeon
|
|turn|72
|
|switch|p2a: Jirachi|Jirachi, shiny|257\/341
|move|p1a: Celebi|Psychic|p2a: Jirachi
|-resisted|p2a: Jirachi
|-damage|p2a: Jirachi|230\/341
|
|-heal|p2a: Jirachi|341\/341|[from] move: Wish|[wisher] Vaporeon
|-damage|p2a: Jirachi|299\/341|[from] item: Black Sludge
|turn|73
|
|switch|p1a: Tentacruel|Tentacruel, F|318\/364
|move|p2a: Jirachi|U-turn|p1a: Tentacruel
|-resisted|p1a: Tentacruel
|-damage|p1a: Tentacruel|288\/364
|
|switch|p2a: Nidoking|Nidoking, M|203\/303
|
|turn|74
|
|move|p1a: Tentacruel|Scald|p2a: Nidoking
|-supereffective|p2a: Nidoking
|-damage|p2a: Nidoking|5\/303
|move|p2a: Nidoking|Stealth Rock|p1a: Tentacruel
|-sidestart|p1: ULT Lapraz|move: Stealth Rock
|
|turn|75
|
|switch|p2a: Vaporeon|Vaporeon, M, shiny|464\/464
|move|p1a: Tentacruel|Scald|p2a: Vaporeon
|-immune|p2a: Vaporeon|[msg]
|
|turn|76
|
|switch|p1a: Blissey|Blissey, F|565\/657
|-damage|p1a: Blissey|483\/657|[from] Stealth Rock
|move|p2a: Vaporeon|Wish|p2a: Vaporeon
|
|-heal|p1a: Blissey|524\/657|[from] item: Leftovers
|turn|77
|
|switch|p2a: Jirachi|Jirachi, shiny|299\/341
|move|p1a: Blissey|Seismic Toss|p2a: Jirachi
|-damage|p2a: Jirachi|199\/341
|
|-heal|p2a: Jirachi|341\/341|[from] move: Wish|[wisher] Vaporeon
|-damage|p2a: Jirachi|299\/341|[from] item: Black Sludge
|-heal|p1a: Blissey|565\/657|[from] item: Leftovers
|turn|78
|
|switch|p1a: Tentacruel|Tentacruel, F|288\/364
|-damage|p1a: Tentacruel|243\/364|[from] Stealth Rock
|move|p2a: Jirachi|U-turn|p1a: Tentacruel
|-crit|p1a: Tentacruel
|-resisted|p1a: Tentacruel
|-damage|p1a: Tentacruel|193\/364
|
|switch|p2a: Vaporeon|Vaporeon, M, shiny|464\/464
|
|turn|79
|
|move|p1a: Tentacruel|Knock Off|p2a: Vaporeon
|-damage|p2a: Vaporeon|412\/464
|-enditem|p2a: Vaporeon|Leftovers|[from] move: Knock Off|[of] p1a: Tentacruel
|move|p2a: Vaporeon|Wish|p2a: Vaporeon
|
|turn|80
|
|move|p1a: Tentacruel|Knock Off|p2a: Vaporeon
|-damage|p2a: Vaporeon|380\/464
|move|p2a: Vaporeon|Scald|p1a: Tentacruel
|-crit|p1a: Tentacruel
|-resisted|p1a: Tentacruel
|-damage|p1a: Tentacruel|127\/364
|-status|p1a: Tentacruel|brn
|
|-heal|p2a: Vaporeon|464\/464|[from] move: Wish|[wisher] Vaporeon
|-damage|p1a: Tentacruel|82\/364 brn|[from] brn
|turn|81
|
|switch|p1a: Blissey|Blissey, F|565\/657
|-damage|p1a: Blissey|483\/657|[from] Stealth Rock
|switch|p2a: Jirachi|Jirachi, shiny|299\/341
|
|-damage|p2a: Jirachi|257\/341|[from] item: Black Sludge
|-heal|p1a: Blissey|524\/657|[from] item: Leftovers
|turn|82
|
|move|p2a: Jirachi|Trick|p1a: Blissey
|-activate|p2a: Jirachi|move: Trick|[of] p1a: Blissey
|-item|p1a: Blissey|Black Sludge|[from] move: Trick
|-item|p2a: Jirachi|Leftovers|[from] move: Trick
|move|p1a: Blissey|Wish|p1a: Blissey
|
|-heal|p2a: Jirachi|278\/341|[from] item: Leftovers
|-damage|p1a: Blissey|442\/657|[from] item: Black Sludge
|turn|83
|
|switch|p1a: Tentacruel|Tentacruel, F|82\/364 brn
|-damage|p1a: Tentacruel|37\/364 brn|[from] Stealth Rock
|move|p2a: Jirachi|U-turn|p1a: Tentacruel
|-resisted|p1a: Tentacruel
|-damage|p1a: Tentacruel|3\/364 brn
|
|switch|p2a: Vaporeon|Vaporeon, M, shiny|464\/464
|
|-heal|p1a: Tentacruel|331\/364 brn|[from] move: Wish|[wisher] Blissey
|-damage|p1a: Tentacruel|286\/364 brn|[from] brn
|turn|84
|
|switch|p1a: Celebi|Celebi|403\/403
|-damage|p1a: Celebi|353\/403|[from] Stealth Rock
|move|p2a: Vaporeon|Wish|p2a: Vaporeon
|
|-heal|p1a: Celebi|378\/403|[from] item: Leftovers
|turn|85
|
|switch|p2a: Florges|Florges, F|360\/360
|move|p1a: Celebi|Psychic|p2a: Florges
|-damage|p2a: Florges|293\/360
|
|-heal|p2a: Florges|360\/360|[from] move: Wish|[wisher] Vaporeon
|-heal|p1a: Celebi|403\/403|[from] item: Leftovers
|turn|86
|
|move|p1a: Celebi|Heal Bell|p1a: Celebi
|-cureteam|p1a: Celebi|[from] move: HealBell
|move|p2a: Florges|Moonblast|p1a: Celebi
|-damage|p1a: Celebi|312\/403
|
|-heal|p1a: Celebi|337\/403|[from] item: Leftovers
|turn|87
|
|switch|p1a: Tentacruel|Tentacruel, F|286\/364
|-damage|p1a: Tentacruel|241\/364|[from] Stealth Rock
|switch|p2a: Jirachi|Jirachi, shiny|278\/341
|
|-heal|p2a: Jirachi|299\/341|[from] item: Leftovers
|turn|88
|
|move|p1a: Tentacruel|Rapid Spin|p2a: Jirachi
|-resisted|p2a: Jirachi
|-damage|p2a: Jirachi|293\/341
|-sideend|p1: ULT Lapraz|Stealth Rock|[from] move: Rapid Spin|[of] p1a: Tentacruel
|move|p2a: Jirachi|U-turn|p1a: Tentacruel
|-resisted|p1a: Tentacruel
|-damage|p1a: Tentacruel|206\/364
|
|switch|p2a: Forretress|Forretress, M|310\/354 brn
|
|-damage|p2a: Forretress|266\/354 brn|[from] brn
|turn|89
|
|switch|p1a: nyaaaa|Gligar, F|140\/334
|move|p2a: Forretress|Stealth Rock|p1a: nyaaaa
|-sidestart|p1: ULT Lapraz|move: Stealth Rock
|
|-damage|p2a: Forretress|222\/354 brn|[from] brn
|turn|90
|
|move|p1a: nyaaaa|Roost|p1a: nyaaaa
|-heal|p1a: nyaaaa|307\/334
|move|p2a: Forretress|Toxic|p1a: nyaaaa
|-status|p1a: nyaaaa|tox
|
|-damage|p1a: nyaaaa|287\/334 tox|[from] psn
|-damage|p2a: Forretress|178\/354 brn|[from] brn
|turn|91
|
|switch|p2a: Vaporeon|Vaporeon, M, shiny|464\/464
|move|p1a: nyaaaa|Defog|p2a: Vaporeon
|-unboost|p2a: Vaporeon|evasion|1
|-sideend|p1: ULT Lapraz|Stealth Rock|[from] move: Defog|[of] p1a: nyaaaa
|
|-damage|p1a: nyaaaa|247\/334 tox|[from] psn
|turn|92
|
|switch|p1a: loltres|Moltres|384\/384
|-ability|p1a: loltres|Pressure
|switch|p2a: Jirachi|Jirachi, shiny|293\/341
|
|-heal|p2a: Jirachi|314\/341|[from] item: Leftovers
|turn|93
|
|switch|p2a: Vaporeon|Vaporeon, M, shiny|464\/464
|move|p1a: loltres|Will-O-Wisp|p2a: Vaporeon
|-status|p2a: Vaporeon|brn
|
|-damage|p2a: Vaporeon|406\/464 brn|[from] brn
|turn|94
|
|move|p1a: loltres|Substitute|p1a: loltres
|-start|p1a: loltres|Substitute
|-damage|p1a: loltres|288\/384
|move|p2a: Vaporeon|Heal Bell|p2a: Vaporeon
|-cureteam|p2a: Vaporeon|[from] move: HealBell
|
|-heal|p1a: loltres|312\/384|[from] item: Leftovers
|turn|95
|
|move|p1a: loltres|Air Slash|p2a: Vaporeon
|-damage|p2a: Vaporeon|294\/464
|move|p2a: Vaporeon|Scald|p1a: loltres
|-supereffective|p1a: loltres
|-end|p1a: loltres|Substitute
|
|-heal|p1a: loltres|336\/384|[from] item: Leftovers
|turn|96
|join|Prof Verick
|
|move|p1a: loltres|Substitute|p1a: loltres
|-start|p1a: loltres|Substitute
|-damage|p1a: loltres|240\/384
|move|p2a: Vaporeon|Wish|p2a: Vaporeon
|
|-heal|p1a: loltres|264\/384|[from] item: Leftovers
|turn|97
|
|move|p1a: loltres|Air Slash|p2a: Vaporeon
|-damage|p2a: Vaporeon|179\/464
|move|p2a: Vaporeon|Scald|p1a: loltres
|-supereffective|p1a: loltres
|-end|p1a: loltres|Substitute
|
|-heal|p2a: Vaporeon|411\/464|[from] move: Wish|[wisher] Vaporeon
|-heal|p1a: loltres|288\/384|[from] item: Leftovers
|turn|98
|
|move|p1a: loltres|Will-O-Wisp|p2a: Vaporeon
|-status|p2a: Vaporeon|brn
|move|p2a: Vaporeon|Scald|p1a: loltres
|-crit|p1a: loltres
|-supereffective|p1a: loltres
|-damage|p1a: loltres|30\/384
|
|-heal|p1a: loltres|54\/384|[from] item: Leftovers
|-damage|p2a: Vaporeon|353\/464 brn|[from] brn
|turn|99
|
|move|p1a: loltres|Roost|p1a: loltres
|-heal|p1a: loltres|246\/384
|move|p2a: Vaporeon|Scald|p1a: loltres
|-supereffective|p1a: loltres
|-damage|p1a: loltres|90\/384
|
|-heal|p1a: loltres|114\/384|[from] item: Leftovers
|-damage|p2a: Vaporeon|295\/464 brn|[from] brn
|turn|100
|
|move|p1a: loltres|Roost|p1a: loltres
|-heal|p1a: loltres|306\/384
|move|p2a: Vaporeon|Heal Bell|p2a: Vaporeon
|-cureteam|p2a: Vaporeon|[from] move: HealBell
|
|-heal|p1a: loltres|330\/384|[from] item: Leftovers
|turn|101
|
|move|p1a: loltres|Substitute|p1a: loltres
|-start|p1a: loltres|Substitute
|-damage|p1a: loltres|234\/384
|move|p2a: Vaporeon|Wish|p2a: Vaporeon
|
|-heal|p1a: loltres|258\/384|[from] item: Leftovers
|turn|102
|
|move|p1a: loltres|Air Slash|p2a: Vaporeon
|-damage|p2a: Vaporeon|180\/464
|move|p2a: Vaporeon|Wish|p2a: Vaporeon
|-fail|p2a: Vaporeon
|
|-heal|p2a: Vaporeon|412\/464|[from] move: Wish|[wisher] Vaporeon
|-heal|p1a: loltres|282\/384|[from] item: Leftovers
|turn|103
|leave|Prof Verick
|
|switch|p2a: Florges|Florges, F|360\/360
|move|p1a: loltres|Will-O-Wisp|p2a: Florges
|-status|p2a: Florges|brn
|
|-heal|p1a: loltres|306\/384|[from] item: Leftovers
|-damage|p2a: Florges|315\/360 brn|[from] brn
|turn|104
|
|switch|p1a: Tentacruel|Tentacruel, F|206\/364
|move|p2a: Florges|Aromatherapy|p2a: Florges
|-cureteam|p2a: Florges|[from] move: Aromatherapy
|
|-heal|p2a: Florges|337\/360|[from] item: Leftovers
|turn|105
|
|move|p1a: Tentacruel|Knock Off|p2a: Florges
|-resisted|p2a: Florges
|-damage|p2a: Florges|314\/360
|-enditem|p2a: Florges|Leftovers|[from] move: Knock Off|[of] p1a: Tentacruel
|move|p2a: Florges|Moonblast|p1a: Tentacruel
|-resisted|p1a: Tentacruel
|-damage|p1a: Tentacruel|155\/364
|-unboost|p1a: Tentacruel|spa|1
|
|turn|106
|
|switch|p1a: loltres|Moltres|306\/384
|-ability|p1a: loltres|Pressure
|move|p2a: Florges|Wish|p2a: Florges
|
|-heal|p1a: loltres|330\/384|[from] item: Leftovers
|turn|107
|
|switch|p2a: Forretress|Forretress, M|178\/354
|move|p1a: loltres|Air Slash|p2a: Forretress
|-damage|p2a: Forretress|46\/354
|
|-heal|p2a: Forretress|226\/354|[from] move: Wish|[wisher] Florges
|-heal|p1a: loltres|354\/384|[from] item: Leftovers
|turn|108
|
|move|p1a: loltres|Will-O-Wisp|p2a: Forretress
|-status|p2a: Forretress|brn
|move|p2a: Forretress|Stealth Rock|p1a: loltres
|-sidestart|p1: ULT Lapraz|move: Stealth Rock
|
|-heal|p1a: loltres|378\/384|[from] item: Leftovers
|-damage|p2a: Forretress|182\/354 brn|[from] brn
|turn|109
|
|switch|p1a: nyaaaa|Gligar, F|247\/334 tox
|-damage|p1a: nyaaaa|206\/334 tox|[from] Stealth Rock
|switch|p2a: Florges|Florges, F|314\/360
|
|-damage|p1a: nyaaaa|186\/334 tox|[from] psn
|turn|110
|
|move|p1a: nyaaaa|Defog|p2a: Florges
|-unboost|p2a: Florges|evasion|1
|-sideend|p1: ULT Lapraz|Stealth Rock|[from] move: Defog|[of] p1a: nyaaaa
|move|p2a: Florges|Moonblast|p1a: nyaaaa
|-damage|p1a: nyaaaa|71\/334 tox
|
|-damage|p1a: nyaaaa|31\/334 tox|[from] psn
|turn|111
|
|move|p1a: nyaaaa|Roost|p1a: nyaaaa
|-heal|p1a: nyaaaa|198\/334 tox
|move|p2a: Florges|Moonblast|p1a: nyaaaa
|-damage|p1a: nyaaaa|84\/334 tox
|
|-damage|p1a: nyaaaa|24\/334 tox|[from] psn
|turn|112
|
|switch|p1a: Celebi|Celebi|337\/403
|move|p2a: Florges|Moonblast|p1a: Celebi
|-damage|p1a: Celebi|249\/403
|-unboost|p1a: Celebi|spa|1
|
|-heal|p1a: Celebi|274\/403|[from] item: Leftovers
|turn|113
|
|switch|p2a: Jirachi|Jirachi, shiny|314\/341
|move|p1a: Celebi|Heal Bell|p1a: Celebi
|-cureteam|p1a: Celebi|[from] move: HealBell
|
|-heal|p2a: Jirachi|335\/341|[from] item: Leftovers
|-heal|p1a: Celebi|299\/403|[from] item: Leftovers
|turn|114
|
|switch|p1a: loltres|Moltres|378\/384
|-ability|p1a: loltres|Pressure
|move|p2a: Jirachi|U-turn|p1a: loltres
|-resisted|p1a: loltres
|-damage|p1a: loltres|360\/384
|
|switch|p2a: Florges|Florges, F|314\/360
|
|-heal|p1a: loltres|384\/384|[from] item: Leftovers
|turn|115
|c|âULT Lapraz|this double wish support
|c|âULT Lapraz|is killing me
|
|switch|p1a: Blissey|Blissey, F|442\/657
|move|p2a: Florges|Aromatherapy|p2a: Florges
|-cureteam|p2a: Florges|[from] move: Aromatherapy
|
|-damage|p1a: Blissey|360\/657|[from] item: Black Sludge
|turn|116
|
|move|p2a: Florges|Wish|p2a: Florges
|move|p1a: Blissey|Wish|p1a: Blissey
|
|-damage|p1a: Blissey|278\/657|[from] item: Black Sludge
|turn|117
|
|switch|p2a: Forretress|Forretress, M|182\/354
|move|p1a: Blissey|Seismic Toss|p2a: Forretress
|-damage|p2a: Forretress|82\/354
|
|-heal|p1a: Blissey|606\/657|[from] move: Wish|[wisher] Blissey
|-heal|p2a: Forretress|262\/354|[from] move: Wish|[wisher] Florges
|-damage|p1a: Blissey|524\/657|[from] item: Black Sludge
|turn|118
|
|switch|p1a: nyaaaa|Gligar, F|24\/334
|move|p2a: Forretress|Stealth Rock|p1a: nyaaaa
|-sidestart|p1: ULT Lapraz|move: Stealth Rock
|
|turn|119
|
|move|p1a: nyaaaa|Roost|p1a: nyaaaa
|-heal|p1a: nyaaaa|191\/334
|move|p2a: Forretress|Toxic|p1a: nyaaaa
|-status|p1a: nyaaaa|tox
|
|-damage|p1a: nyaaaa|171\/334 tox|[from] psn
|turn|120
|
|switch|p2a: Nidoking|Nidoking, M|5\/303
|move|p1a: nyaaaa|Roost|p1a: nyaaaa
|-heal|p1a: nyaaaa|334\/334 tox
|
|-damage|p1a: nyaaaa|294\/334 tox|[from] psn
|turn|121
|
|switch|p2a: Jirachi|Jirachi, shiny|335\/341
|switch|p1a: Blissey|Blissey, F|524\/657
|-damage|p1a: Blissey|442\/657|[from] Stealth Rock
|
|-heal|p2a: Jirachi|341\/341|[from] item: Leftovers
|-damage|p1a: Blissey|360\/657|[from] item: Black Sludge
|turn|122
|
|move|p2a: Jirachi|Iron Head|p1a: Blissey
|-damage|p1a: Blissey|132\/657
|cant|p1a: Blissey|flinch
|
|-damage|p1a: Blissey|50\/657|[from] item: Black Sludge
|turn|123
|
|switch|p1a: loltres|Moltres|384\/384
|-damage|p1a: loltres|192\/384|[from] Stealth Rock
|-ability|p1a: loltres|Pressure
|move|p2a: Jirachi|U-turn|p1a: loltres
|-resisted|p1a: loltres
|-damage|p1a: loltres|173\/384
|
|switch|p2a: Nidoking|Nidoking, M|5\/303
|
|-heal|p1a: loltres|197\/384|[from] item: Leftovers
|turn|124
|
|move|p2a: Nidoking|Sludge Wave|p1a: loltres
|-damage|p1a: loltres|25\/384
|move|p1a: loltres|Air Slash|p2a: Nidoking
|-damage|p2a: Nidoking|0 fnt
|faint|p2a: Nidoking
|
|-heal|p1a: loltres|49\/384|[from] item: Leftovers
|
|switch|p2a: Jirachi|Jirachi, shiny|341\/341
|turn|125
|
|move|p2a: Jirachi|Iron Head|p1a: loltres
|-resisted|p1a: loltres
|-damage|p1a: loltres|0 fnt
|faint|p1a: loltres
|
|
|switch|p1a: Tentacruel|Tentacruel, F|155\/364
|-damage|p1a: Tentacruel|110\/364|[from] Stealth Rock
|turn|126
|
|switch|p2a: Vaporeon|Vaporeon, M, shiny|412\/464
|move|p1a: Tentacruel|Rapid Spin|p2a: Vaporeon
|-damage|p2a: Vaporeon|400\/464
|-sideend|p1: ULT Lapraz|Stealth Rock|[from] move: Rapid Spin|[of] p1a: Tentacruel
|
|turn|127
|
|switch|p1a: Celebi|Celebi|299\/403
|move|p2a: Vaporeon|Wish|p2a: Vaporeon
|
|-heal|p1a: Celebi|324\/403|[from] item: Leftovers
|turn|128
|
|switch|p2a: Jirachi|Jirachi, shiny|341\/341
|move|p1a: Celebi|Psychic|p2a: Jirachi
|-resisted|p2a: Jirachi
|-damage|p2a: Jirachi|314\/341
|
|-heal|p2a: Jirachi|341\/341|[from] move: Wish|[wisher] Vaporeon
|-heal|p1a: Celebi|349\/403|[from] item: Leftovers
|turn|129
|
|switch|p1a: Blissey|Blissey, F|50\/657
|move|p2a: Jirachi|U-turn|p1a: Blissey
|-damage|p1a: Blissey|0 fnt
|faint|p1a: Blissey
|
|switch|p2a: Forretress|Forretress, M|262\/354
|
|
|switch|p1a: Tentacruel|Tentacruel, F|110\/364
|turn|130
|
|move|p1a: Tentacruel|Scald|p2a: Forretress
|-damage|p2a: Forretress|178\/354
|move|p2a: Forretress|Earthquake|p1a: Tentacruel
|-supereffective|p1a: Tentacruel
|-damage|p1a: Tentacruel|0 fnt
|faint|p1a: Tentacruel
|
|
|switch|p1a: nyaaaa|Gligar, F|294\/334 tox
|turn|131
|
|move|p1a: nyaaaa|Earthquake|p2a: Forretress
|-damage|p2a: Forretress|118\/354
|move|p2a: Forretress|Stealth Rock|p1a: nyaaaa
|-sidestart|p1: ULT Lapraz|move: Stealth Rock
|
|-damage|p1a: nyaaaa|274\/334 tox|[from] psn
|turn|132
|
|switch|p2a: Vaporeon|Vaporeon, M, shiny|400\/464
|move|p1a: nyaaaa|Defog|p2a: Vaporeon
|-unboost|p2a: Vaporeon|evasion|1
|-sideend|p1: ULT Lapraz|Stealth Rock|[from] move: Defog|[of] p1a: nyaaaa
|
|-damage|p1a: nyaaaa|234\/334 tox|[from] psn
|turn|133
|
|switch|p1a: Celebi|Celebi|349\/403
|move|p2a: Vaporeon|Scald|p1a: Celebi
|-resisted|p1a: Celebi
|-damage|p1a: Celebi|313\/403
|
|-heal|p1a: Celebi|338\/403|[from] item: Leftovers
|turn|134
|
|switch|p2a: Jirachi|Jirachi, shiny|341\/341
|move|p1a: Celebi|Heal Bell|p1a: Celebi
|-cureteam|p1a: Celebi|[from] move: HealBell
|
|-heal|p1a: Celebi|363\/403|[from] item: Leftovers
|turn|135
|
|switch|p1a: nyaaaa|Gligar, F|234\/334
|move|p2a: Jirachi|Trick|p1a: nyaaaa
|-activate|p2a: Jirachi|move: Trick|[of] p1a: nyaaaa
|-item|p1a: nyaaaa|Leftovers|[from] move: Trick
|-item|p2a: Jirachi|Eviolite|[from] move: Trick
|
|-heal|p1a: nyaaaa|254\/334|[from] item: Leftovers
|turn|136
|
|switch|p2a: Vaporeon|Vaporeon, M, shiny|400\/464
|move|p1a: nyaaaa|Stealth Rock|p2a: Vaporeon
|-sidestart|p2: KingBowser|move: Stealth Rock
|
|-heal|p1a: nyaaaa|274\/334|[from] item: Leftovers
|turn|137
|
|switch|p1a: Celebi|Celebi|363\/403
|move|p2a: Vaporeon|Wish|p2a: Vaporeon
|
|-heal|p1a: Celebi|388\/403|[from] item: Leftovers
|turn|138
|
|switch|p2a: Jirachi|Jirachi, shiny|341\/341
|-damage|p2a: Jirachi|320\/341|[from] Stealth Rock
|move|p1a: Celebi|Psychic|p2a: Jirachi
|-resisted|p2a: Jirachi
|-damage|p2a: Jirachi|292\/341
|
|-heal|p2a: Jirachi|341\/341|[from] move: Wish|[wisher] Vaporeon
|-heal|p1a: Celebi|403\/403|[from] item: Leftovers
|turn|139
|
|switch|p1a: nyaaaa|Gligar, F|274\/334
|move|p2a: Jirachi|Iron Head|p1a: nyaaaa
|-damage|p1a: nyaaaa|192\/334
|
|-heal|p1a: nyaaaa|212\/334|[from] item: Leftovers
|turn|140
|
|move|p2a: Jirachi|Healing Wish|p2a: Jirachi
|faint|p2a: Jirachi
|move|p1a: nyaaaa|Earthquake|p2: Jirachi|[notarget]
|-notarget
|
|-heal|p1a: nyaaaa|232\/334|[from] item: Leftovers
|
|switch|p2a: Darmanitan|Darmanitan, F, shiny|24\/351
|-heal|p2a: Darmanitan|351\/351|[from] move: Healing Wish
|-damage|p2a: Darmanitan|264\/351|[from] Stealth Rock
|turn|141
|
|move|p2a: Darmanitan|Flare Blitz|p1a: nyaaaa
|-damage|p1a: nyaaaa|0 fnt
|-damage|p2a: Darmanitan|187\/351|[from] recoil|[of] p1a: nyaaaa
|faint|p1a: nyaaaa
|
|
|switch|p1a: Celebi|Celebi|403\/403
|turn|142
|
|move|p2a: Darmanitan|Flare Blitz|p1a: Celebi
|-supereffective|p1a: Celebi
|-damage|p1a: Celebi|0 fnt
|-damage|p2a: Darmanitan|54\/351|[from] recoil|[of] p1a: Celebi
|faint|p1a: Celebi
|
|win|KingBowser
|raw|Ladder updating...
|raw|ULT Lapraz's rating: 1447 &rarr; <strong>1425<\/strong><br \/>(-22 for losing)
|raw|KingBowser's rating: 1421 &rarr; <strong>1442<\/strong><br \/>(+21 for winning)
|c|âULT Lapraz|gg
|c|âKingBowser|gg