|join|FlashyJoey
|join|SwagOrion
|player|p1|FlashyJoey|33
|player|p2|SwagOrion|170
|gametype|singles
|gen|6
|tier|OU
|rated
|clearpoke
|poke|p1|Starmie
|poke|p1|Chesnaught, F
|poke|p1|Talonflame, M
|poke|p1|Excadrill, F
|poke|p1|Tyranitar, M
|poke|p1|Gardevoir, F
|poke|p2|Cobalion
|poke|p2|Amoonguss, M
|poke|p2|Alomomola, M
|poke|p2|Mandibuzz, F
|poke|p2|Medicham, F
|poke|p2|Chansey, F
|rule|Swagger Clause: Swagger is banned
|rule|Baton Pass Clause: Limit one PokÃ©mon knowing Baton Pass
|rule|Sleep Clause Mod: Limit one foe put to sleep
|rule|Species Clause: Limit one of each PokÃ©mon
|rule|OHKO Clause: OHKO moves are banned
|rule|Moody Clause: Moody is banned
|rule|Evasion Moves Clause: Evasion moves are banned
|rule|Endless Battle Clause: Forcing endless battles is banned
|rule|HP Percentage Mod: HP is shown in percentages
|teampreview
|
|start
|switch|p1a: Starmie|Starmie|323\/323
|switch|p2a: Cobalion|Cobalion|385\/385
|turn|1
|
|move|p1a: Starmie|Scald|p2a: Cobalion
|-damage|p2a: Cobalion|247\/385
|move|p2a: Cobalion|Volt Switch|p1a: Starmie
|-supereffective|p1a: Starmie
|-damage|p1a: Starmie|225\/323
|
|switch|p2a: Mandibuzz|Mandibuzz, F|424\/424
|
|-heal|p1a: Starmie|245\/323|[from] item: Leftovers
|turn|2
|
|move|p1a: Starmie|Scald|p2a: Mandibuzz
|-damage|p2a: Mandibuzz|319\/424
|-status|p2a: Mandibuzz|brn
|move|p2a: Mandibuzz|Toxic|p1a: Starmie
|-status|p1a: Starmie|tox
|
|-heal|p1a: Starmie|265\/323 tox|[from] item: Leftovers
|-heal|p2a: Mandibuzz|345\/424 brn|[from] item: Leftovers
|-damage|p1a: Starmie|245\/323 tox|[from] psn
|-damage|p2a: Mandibuzz|292\/424 brn|[from] brn
|turn|3
|
|switch|p1a: Gardevoir|Gardevoir, F|277\/277
|-ability|p1a: Gardevoir|Overcoat|[from] ability: Trace|[of] p2a: Mandibuzz
|switch|p2a: Chansey|Chansey, F|703\/703
|
|turn|4
|
|switch|p1a: Tyranitar|Tyranitar, M|341\/341
|-weather|Sandstorm
|move|p2a: Chansey|Heal Bell|p2a: Chansey
|-cureteam|p2a: Chansey|[from] move: HealBell
|
|-weather|Sandstorm|[upkeep]
|-damage|p2a: Chansey|660\/703|[from] sandstorm
|turn|5
|
|switch|p2a: Alomomola|Alomomola, M|534\/534
|move|p1a: Tyranitar|Stealth Rock|p2a: Alomomola
|-sidestart|p2: SwagOrion|move: Stealth Rock
|
|-weather|Sandstorm|[upkeep]
|-damage|p2a: Alomomola|501\/534|[from] sandstorm
|-heal|p2a: Alomomola|534\/534|[from] item: Leftovers
|turn|6
|
|switch|p1a: Starmie|Starmie|245\/323
|move|p2a: Alomomola|Toxic|p1a: Starmie
|-status|p1a: Starmie|tox
|
|-weather|Sandstorm|[upkeep]
|-damage|p1a: Starmie|225\/323 tox|[from] sandstorm
|-damage|p2a: Alomomola|501\/534|[from] sandstorm
|-heal|p1a: Starmie|245\/323 tox|[from] item: Leftovers
|-heal|p2a: Alomomola|534\/534|[from] item: Leftovers
|-damage|p1a: Starmie|225\/323 tox|[from] psn
|turn|7
|
|switch|p1a: Chesnaught|Chesnaught, F|379\/379
|switch|p2a: Chansey|Chansey, F|660\/703
|-damage|p2a: Chansey|573\/703|[from] Stealth Rock
|
|-weather|Sandstorm|[upkeep]
|-damage|p1a: Chesnaught|356\/379|[from] sandstorm
|-damage|p2a: Chansey|530\/703|[from] sandstorm
|-heal|p1a: Chesnaught|379\/379|[from] item: Leftovers
|turn|8
|
|switch|p1a: Tyranitar|Tyranitar, M|341\/341
|switch|p2a: Mandibuzz|Mandibuzz, F|292\/424
|-damage|p2a: Mandibuzz|186\/424|[from] Stealth Rock
|
|-weather|Sandstorm|[upkeep]
|-heal|p2a: Mandibuzz|212\/424|[from] item: Leftovers
|turn|9
|
|switch|p2a: Cobalion|Cobalion|247\/385
|-damage|p2a: Cobalion|235\/385|[from] Stealth Rock
|move|p1a: Tyranitar|Stone Edge|p2a: Cobalion
|-resisted|p2a: Cobalion
|-damage|p2a: Cobalion|207\/385
|
|-weather|Sandstorm|[upkeep]
|-heal|p2a: Cobalion|231\/385|[from] item: Leftovers
|turn|10
|
|move|p2a: Cobalion|Stealth Rock|p1a: Tyranitar
|-sidestart|p1: FlashyJoey|move: Stealth Rock
|move|p1a: Tyranitar|Stone Edge|p2a: Cobalion
|-resisted|p2a: Cobalion
|-damage|p2a: Cobalion|201\/385
|
|-weather|Sandstorm|[upkeep]
|-heal|p2a: Cobalion|225\/385|[from] item: Leftovers
|turn|11
|
|switch|p1a: Starmie|Starmie|225\/323
|-damage|p1a: Starmie|185\/323|[from] Stealth Rock
|move|p2a: Cobalion|Volt Switch|p1a: Starmie
|-supereffective|p1a: Starmie
|-damage|p1a: Starmie|85\/323
|
|switch|p2a: Medicham|Medicham, F|262\/262
|-damage|p2a: Medicham|246\/262|[from] Stealth Rock
|
|-weather|none
|-heal|p1a: Starmie|105\/323|[from] item: Leftovers
|turn|12
|
|switch|p1a: Tyranitar|Tyranitar, M|341\/341
|-damage|p1a: Tyranitar|299\/341|[from] Stealth Rock
|-weather|Sandstorm
|detailschange|p2a: Medicham|Medicham-Mega, F
|-mega|p2a: Medicham|Medicham|Medichamite
|move|p2a: Medicham|Fake Out|p1a: Tyranitar
|-resisted|p1a: Tyranitar
|-damage|p1a: Tyranitar|263\/341
|
|-weather|Sandstorm|[upkeep]
|-damage|p2a: Medicham|230\/262|[from] sandstorm
|turn|13
|
|switch|p2a: Cobalion|Cobalion|225\/385
|-damage|p2a: Cobalion|213\/385|[from] Stealth Rock
|switch|p1a: Chesnaught|Chesnaught, F|379\/379
|-damage|p1a: Chesnaught|356\/379|[from] Stealth Rock
|
|-weather|Sandstorm|[upkeep]
|-damage|p1a: Chesnaught|333\/379|[from] sandstorm
|-heal|p2a: Cobalion|237\/385|[from] item: Leftovers
|-heal|p1a: Chesnaught|356\/379|[from] item: Leftovers
|turn|14
|
|switch|p1a: Excadrill|Excadrill, F|361\/361
|-damage|p1a: Excadrill|350\/361|[from] Stealth Rock
|move|p2a: Cobalion|Taunt|p1a: Excadrill
|-start|p1a: Excadrill|move: Taunt
|
|-weather|Sandstorm|[upkeep]
|-heal|p2a: Cobalion|261\/385|[from] item: Leftovers
|turn|15
|
|switch|p2a: Alomomola|Alomomola, M|534\/534
|-damage|p2a: Alomomola|468\/534|[from] Stealth Rock
|move|p1a: Excadrill|Earthquake|p2a: Alomomola
|-damage|p2a: Alomomola|233\/534
|-damage|p1a: Excadrill|314\/361|[from] item: Life Orb
|
|-weather|Sandstorm|[upkeep]
|-damage|p2a: Alomomola|200\/534|[from] sandstorm
|-heal|p2a: Alomomola|233\/534|[from] item: Leftovers
|turn|16
|
|switch|p1a: Chesnaught|Chesnaught, F|356\/379
|-damage|p1a: Chesnaught|333\/379|[from] Stealth Rock
|move|p2a: Alomomola|Scald|p1a: Chesnaught
|-resisted|p1a: Chesnaught
|-damage|p1a: Chesnaught|304\/379
|
|-weather|Sandstorm|[upkeep]
|-damage|p1a: Chesnaught|281\/379|[from] sandstorm
|-damage|p2a: Alomomola|200\/534|[from] sandstorm
|-heal|p1a: Chesnaught|304\/379|[from] item: Leftovers
|-heal|p2a: Alomomola|233\/534|[from] item: Leftovers
|turn|17
|
|switch|p2a: Amoonguss|Amoonguss, M|432\/432
|-damage|p2a: Amoonguss|378\/432|[from] Stealth Rock
|move|p1a: Chesnaught|Spikes|p2a: Amoonguss
|-sidestart|p2: SwagOrion|Spikes
|
|-weather|Sandstorm|[upkeep]
|-damage|p1a: Chesnaught|281\/379|[from] sandstorm
|-damage|p2a: Amoonguss|351\/432|[from] sandstorm
|-heal|p1a: Chesnaught|304\/379|[from] item: Leftovers
|-heal|p2a: Amoonguss|378\/432|[from] item: Black Sludge
|turn|18
|
|switch|p1a: Gardevoir|Gardevoir, F|277\/277
|-damage|p1a: Gardevoir|243\/277|[from] Stealth Rock
|-ability|p1a: Gardevoir|Regenerator|[from] ability: Trace|[of] p2a: Amoonguss
|move|p2a: Amoonguss|Giga Drain|p1a: Gardevoir
|-damage|p1a: Gardevoir|162\/277
|-heal|p2a: Amoonguss|419\/432|[from] drain|[of] p1a: Gardevoir
|
|-weather|Sandstorm|[upkeep]
|-damage|p1a: Gardevoir|145\/277|[from] sandstorm
|-damage|p2a: Amoonguss|392\/432|[from] sandstorm
|-heal|p2a: Amoonguss|419\/432|[from] item: Black Sludge
|turn|19
|
|move|p1a: Gardevoir|Psyshock|p2a: Amoonguss
|-supereffective|p2a: Amoonguss
|-damage|p2a: Amoonguss|35\/432
|move|p2a: Amoonguss|Sludge Bomb|p1a: Gardevoir
|-supereffective|p1a: Gardevoir
|-damage|p1a: Gardevoir|0 fnt
|faint|p1a: Gardevoir
|
|-weather|none
|-heal|p2a: Amoonguss|62\/432|[from] item: Black Sludge
|
|switch|p1a: Tyranitar|Tyranitar, M|263\/341
|-damage|p1a: Tyranitar|221\/341|[from] Stealth Rock
|-weather|Sandstorm
|turn|20
|
|move|p1a: Tyranitar|Pursuit|p2a: Amoonguss|[from]Pursuit
|-damage|p2a: Amoonguss|0 fnt
|faint|p2a: Amoonguss
|
|-weather|Sandstorm|[upkeep]
|
|switch|p2a: Mandibuzz|Mandibuzz, F|212\/424
|-damage|p2a: Mandibuzz|106\/424|[from] Stealth Rock
|turn|21
|
|move|p1a: Tyranitar|Superpower|p2a: Mandibuzz
|-damage|p2a: Mandibuzz|0 fnt
|-unboost|p1a: Tyranitar|atk|1
|-unboost|p1a: Tyranitar|def|1
|faint|p2a: Mandibuzz
|
|-weather|Sandstorm|[upkeep]
|
|switch|p2a: Medicham|Medicham-Mega, F|230\/262
|-damage|p2a: Medicham|214\/262|[from] Stealth Rock
|-damage|p2a: Medicham|182\/262|[from] Spikes
|turn|22
|
|switch|p1a: Starmie|Starmie|105\/323
|-damage|p1a: Starmie|65\/323|[from] Stealth Rock
|move|p2a: Medicham|Drain Punch|p1a: Starmie
|-resisted|p1a: Starmie
|-damage|p1a: Starmie|0 fnt
|-heal|p2a: Medicham|215\/262|[from] drain|[of] p1a: Starmie
|faint|p1a: Starmie
|
|-weather|Sandstorm|[upkeep]
|-damage|p2a: Medicham|199\/262|[from] sandstorm
|
|switch|p1a: Excadrill|Excadrill, F|314\/361
|-damage|p1a: Excadrill|303\/361|[from] Stealth Rock
|turn|23
|
|switch|p2a: Chansey|Chansey, F|530\/703
|-damage|p2a: Chansey|443\/703|[from] Stealth Rock
|-damage|p2a: Chansey|356\/703|[from] Spikes
|move|p1a: Excadrill|Earthquake|p2a: Chansey
|-damage|p2a: Chansey|19\/703
|-damage|p1a: Excadrill|267\/361|[from] item: Life Orb
|
|-weather|Sandstorm|[upkeep]
|-damage|p2a: Chansey|0 fnt|[from] sandstorm
|faint|p2a: Chansey
|
|switch|p2a: Alomomola|Alomomola, M|411\/534
|-damage|p2a: Alomomola|345\/534|[from] Stealth Rock
|-damage|p2a: Alomomola|279\/534|[from] Spikes
|turn|24
|
|switch|p1a: Chesnaught|Chesnaught, F|304\/379
|-damage|p1a: Chesnaught|281\/379|[from] Stealth Rock
|switch|p2a: Medicham|Medicham-Mega, F|199\/262
|-damage|p2a: Medicham|167\/262|[from] Spikes
|-damage|p2a: Medicham|151\/262|[from] Stealth Rock
|
|-weather|Sandstorm|[upkeep]
|-damage|p2a: Medicham|135\/262|[from] sandstorm
|-damage|p1a: Chesnaught|258\/379|[from] sandstorm
|-heal|p1a: Chesnaught|281\/379|[from] item: Leftovers
|turn|25
|
|move|p2a: Medicham|Psycho Cut|p1a: Chesnaught
|-supereffective|p1a: Chesnaught
|-damage|p1a: Chesnaught|23\/379
|move|p1a: Chesnaught|Spikes|p2a: Medicham
|-sidestart|p2: SwagOrion|Spikes
|
|-weather|Sandstorm|[upkeep]
|-damage|p2a: Medicham|119\/262|[from] sandstorm
|-damage|p1a: Chesnaught|0 fnt|[from] sandstorm
|faint|p1a: Chesnaught
|
|switch|p1a: Excadrill|Excadrill, F|267\/361
|-damage|p1a: Excadrill|256\/361|[from] Stealth Rock
|turn|26
|
|switch|p2a: Cobalion|Cobalion|261\/385
|-damage|p2a: Cobalion|249\/385|[from] Stealth Rock
|-damage|p2a: Cobalion|185\/385|[from] Spikes
|move|p1a: Excadrill|Earthquake|p2a: Cobalion
|-supereffective|p2a: Cobalion
|-damage|p2a: Cobalion|0 fnt
|-damage|p1a: Excadrill|220\/361|[from] item: Life Orb
|faint|p2a: Cobalion
|
|-weather|Sandstorm|[upkeep]
|
|switch|p2a: Medicham|Medicham-Mega, F|119\/262
|-damage|p2a: Medicham|76\/262|[from] Spikes
|-damage|p2a: Medicham|60\/262|[from] Stealth Rock
|turn|27
|
|switch|p1a: Talonflame|Talonflame, M|351\/351
|-damage|p1a: Talonflame|176\/351|[from] Stealth Rock
|move|p2a: Medicham|Fake Out|p1a: Talonflame
|-crit|p1a: Talonflame
|-damage|p1a: Talonflame|31\/351
|
|-weather|none
|-heal|p1a: Talonflame|52\/351|[from] item: Leftovers
|turn|28
|
|move|p1a: Talonflame|Brave Bird|p2a: Medicham
|-supereffective|p2a: Medicham
|-damage|p2a: Medicham|0 fnt
|-damage|p1a: Talonflame|32\/351|[from] recoil|[of] p2a: Medicham
|faint|p2a: Medicham
|
|-heal|p1a: Talonflame|53\/351|[from] item: Leftovers
|
|switch|p2a: Alomomola|Alomomola, M|457\/534
|-damage|p2a: Alomomola|368\/534|[from] Spikes
|-damage|p2a: Alomomola|302\/534|[from] Stealth Rock
|turn|29
|
|move|p1a: Talonflame|Roost|p1a: Talonflame
|-heal|p1a: Talonflame|229\/351
|move|p2a: Alomomola|Wish|p2a: Alomomola
|
|-heal|p1a: Talonflame|250\/351|[from] item: Leftovers
|-heal|p2a: Alomomola|335\/534|[from] item: Leftovers
|turn|30
|
|move|p1a: Talonflame|Taunt|p2a: Alomomola
|-start|p2a: Alomomola|move: Taunt
|cant|p2a: Alomomola|move: Taunt|Toxic
|
|-heal|p2a: Alomomola|534\/534|[from] move: Wish|[wisher] Alomomola
|-heal|p1a: Talonflame|271\/351|[from] item: Leftovers
|turn|31
|
|move|p1a: Talonflame|Will-O-Wisp|p2a: Alomomola
|-status|p2a: Alomomola|brn
|move|p2a: Alomomola|Scald|p1a: Talonflame
|-supereffective|p1a: Talonflame
|-damage|p1a: Talonflame|181\/351
|
|-heal|p1a: Talonflame|202\/351|[from] item: Leftovers
|-damage|p2a: Alomomola|468\/534 brn|[from] brn
|turn|32
|
|move|p1a: Talonflame|Roost|p1a: Talonflame
|-heal|p1a: Talonflame|351\/351
|move|p2a: Alomomola|Scald|p1a: Talonflame
|-supereffective|p1a: Talonflame
|-damage|p1a: Talonflame|267\/351
|
|-heal|p1a: Talonflame|288\/351|[from] item: Leftovers
|-heal|p2a: Alomomola|501\/534 brn|[from] item: Leftovers
|-damage|p2a: Alomomola|435\/534 brn|[from] brn
|-end|p2a: Alomomola|move: Taunt
|turn|33
|c|âFlashyJoey|gg
|
|move|p1a: Talonflame|Taunt|p2a: Alomomola
|-start|p2a: Alomomola|move: Taunt
|move|p2a: Alomomola|Scald|p1a: Talonflame
|-supereffective|p1a: Talonflame
|-damage|p1a: Talonflame|196\/351
|
|-heal|p1a: Talonflame|217\/351|[from] item: Leftovers
|-heal|p2a: Alomomola|468\/534 brn|[from] item: Leftovers
|-damage|p2a: Alomomola|402\/534 brn|[from] brn
|turn|34
|
|move|p1a: Talonflame|Brave Bird|p2a: Alomomola
|-crit|p2a: Alomomola
|-damage|p2a: Alomomola|245\/534 brn
|-damage|p1a: Talonflame|165\/351|[from] recoil|[of] p2a: Alomomola
|move|p2a: Alomomola|Scald|p1a: Talonflame
|-supereffective|p1a: Talonflame
|-damage|p1a: Talonflame|73\/351
|
|-heal|p1a: Talonflame|94\/351|[from] item: Leftovers
|-heal|p2a: Alomomola|278\/534 brn|[from] item: Leftovers
|-damage|p2a: Alomomola|212\/534 brn|[from] brn
|turn|35
|
|move|p1a: Talonflame|Roost|p1a: Talonflame
|-heal|p1a: Talonflame|270\/351
|move|p2a: Alomomola|Scald|p1a: Talonflame
|-supereffective|p1a: Talonflame
|-damage|p1a: Talonflame|190\/351
|
|-heal|p1a: Talonflame|211\/351|[from] item: Leftovers
|-heal|p2a: Alomomola|245\/534 brn|[from] item: Leftovers
|-damage|p2a: Alomomola|179\/534 brn|[from] brn
|-end|p2a: Alomomola|move: Taunt
|turn|36
|
|move|p1a: Talonflame|Taunt|p2a: Alomomola
|-start|p2a: Alomomola|move: Taunt
|move|p2a: Alomomola|Scald|p1a: Talonflame
|-supereffective|p1a: Talonflame
|-damage|p1a: Talonflame|133\/351
|
|-heal|p1a: Talonflame|154\/351|[from] item: Leftovers
|-heal|p2a: Alomomola|212\/534 brn|[from] item: Leftovers
|-damage|p2a: Alomomola|146\/534 brn|[from] brn
|turn|37
|
|move|p1a: Talonflame|Brave Bird|p2a: Alomomola
|-damage|p2a: Alomomola|37\/534 brn
|-damage|p1a: Talonflame|118\/351|[from] recoil|[of] p2a: Alomomola
|move|p2a: Alomomola|Scald|p1a: Talonflame
|-supereffective|p1a: Talonflame
|-damage|p1a: Talonflame|38\/351
|
|-heal|p1a: Talonflame|59\/351|[from] item: Leftovers
|-heal|p2a: Alomomola|70\/534 brn|[from] item: Leftovers
|-damage|p2a: Alomomola|4\/534 brn|[from] brn
|turn|38
|
|move|p1a: Talonflame|Brave Bird|p2a: Alomomola
|-damage|p2a: Alomomola|0 fnt
|-damage|p1a: Talonflame|58\/351|[from] recoil|[of] p2a: Alomomola
|faint|p2a: Alomomola
|
|win|FlashyJoey
|raw|Ladder updating...
|raw|FlashyJoey's rating: 1632 &rarr; <strong>1648<\/strong><br \/>(+16 for winning)
|raw|SwagOrion's rating: 1560 &rarr; <strong>1544<\/strong><br \/>(-16 for losing)