|join|bidoofswar
|join|FlashyJoey
|player|p1|bidoofswar|10
|player|p2|FlashyJoey|33
|gametype|singles
|gen|6
|tier|OU
|rated
|clearpoke
|poke|p1|Wobbuffet, M
|poke|p1|Heatran, F
|poke|p1|Thundurus, M
|poke|p1|Landorus, M
|poke|p1|Azumarill, F
|poke|p1|Pinsir, F
|poke|p2|Starmie
|poke|p2|Chesnaught, M
|poke|p2|Talonflame, F
|poke|p2|Excadrill, M
|poke|p2|Tyranitar, F
|poke|p2|Gardevoir, M
|rule|Swagger Clause: Swagger is banned
|rule|Baton Pass Clause: Limit one PokÃ©mon knowing Baton Pass
|rule|Sleep Clause Mod: Limit one foe put to sleep
|rule|Species Clause: Limit one of each PokÃ©mon
|rule|OHKO Clause: OHKO moves are banned
|rule|Moody Clause: Moody is banned
|rule|Evasion Moves Clause: Evasion moves are banned
|rule|Endless Battle Clause: Forcing endless battles is banned
|rule|HP Percentage Mod: HP is shown in percentages
|teampreview
|
|start
|switch|p1a: Azumarill|Azumarill, F|404\/404
|switch|p2a: Gardevoir|Gardevoir, M|284\/284
|-ability|p2a: Gardevoir|Huge Power|[from] ability: Trace|[of] p1a: Azumarill
|turn|1
|
|detailschange|p2a: Gardevoir|Gardevoir-Mega, M
|-mega|p2a: Gardevoir|Gardevoir|Gardevoirite
|move|p2a: Gardevoir|Hyper Voice|p1a: Azumarill
|-damage|p1a: Azumarill|107\/404
|-enditem|p1a: Azumarill|Sitrus Berry|[eat]
|-heal|p1a: Azumarill|208\/404|[from] item: Sitrus Berry
|move|p1a: Azumarill|Play Rough|p2a: Gardevoir|[miss]
|-miss|p1a: Azumarill|p2a: Gardevoir
|
|turn|2
|c|âFlashyJoey|sorry :\/
|c|âbidoofswar|I should've just used waterfall
|
|move|p1a: Azumarill|Aqua Jet|p2a: Gardevoir
|-damage|p2a: Gardevoir|160\/284
|move|p2a: Gardevoir|Hyper Voice|p1a: Azumarill
|-crit|p1a: Azumarill
|-damage|p1a: Azumarill|0 fnt
|faint|p1a: Azumarill
|
|
|switch|p1a: Landorus|Landorus, M|319\/319
|turn|3
|
|move|p1a: Landorus|Sludge Wave|p2a: Gardevoir
|-supereffective|p2a: Gardevoir
|-damage|p2a: Gardevoir|0 fnt
|faint|p2a: Gardevoir
|
|
|switch|p2a: Starmie|Starmie|323\/323
|turn|4
|
|switch|p2a: Tyranitar|Tyranitar, F|341\/341
|-weather|Sandstorm
|switch|p1a: Wobbuffet|Wobbuffet, M|521\/521
|
|-weather|Sandstorm|[upkeep]
|-damage|p1a: Wobbuffet|489\/521|[from] sandstorm
|-heal|p1a: Wobbuffet|521\/521|[from] item: Leftovers
|turn|5
|
|move|p2a: Tyranitar|Stealth Rock|p1a: Wobbuffet
|-sidestart|p1: bidoofswar|move: Stealth Rock
|move|p1a: Wobbuffet|Encore|p2a: Tyranitar
|-start|p2a: Tyranitar|Encore
|
|-weather|Sandstorm|[upkeep]
|-damage|p1a: Wobbuffet|489\/521|[from] sandstorm
|-heal|p1a: Wobbuffet|521\/521|[from] item: Leftovers
|turn|6
|
|switch|p1a: Landorus|Landorus, M|319\/319
|-damage|p1a: Landorus|280\/319|[from] Stealth Rock
|move|p2a: Tyranitar|Stealth Rock|p1a: Landorus
|-fail|p1a: Landorus
|
|-weather|Sandstorm|[upkeep]
|turn|7
|
|switch|p2a: Talonflame|Talonflame, F|351\/351
|move|p1a: Landorus|Earth Power|p2a: Talonflame
|-immune|p2a: Talonflame|[msg]
|
|-weather|Sandstorm|[upkeep]
|-damage|p2a: Talonflame|330\/351|[from] sandstorm
|-heal|p2a: Talonflame|351\/351|[from] item: Leftovers
|turn|8
|
|move|p2a: Talonflame|Brave Bird|p1a: Landorus
|-damage|p1a: Landorus|147\/319
|-damage|p2a: Talonflame|307\/351|[from] recoil|[of] p1a: Landorus
|move|p1a: Landorus|Sludge Wave|p2a: Talonflame
|-damage|p2a: Talonflame|147\/351
|
|-weather|Sandstorm|[upkeep]
|-damage|p2a: Talonflame|126\/351|[from] sandstorm
|-heal|p2a: Talonflame|147\/351|[from] item: Leftovers
|turn|9
|
|switch|p2a: Starmie|Starmie|323\/323
|move|p1a: Landorus|Psychic|p2a: Starmie
|-resisted|p2a: Starmie
|-damage|p2a: Starmie|228\/323
|
|-weather|Sandstorm|[upkeep]
|-damage|p2a: Starmie|208\/323|[from] sandstorm
|-heal|p2a: Starmie|228\/323|[from] item: Leftovers
|turn|10
|
|move|p2a: Starmie|Scald|p1a: Landorus
|-supereffective|p1a: Landorus
|-damage|p1a: Landorus|0 fnt
|faint|p1a: Landorus
|
|-weather|Sandstorm|[upkeep]
|-damage|p2a: Starmie|208\/323|[from] sandstorm
|-heal|p2a: Starmie|228\/323|[from] item: Leftovers
|
|switch|p1a: Thundurus|Thundurus, M|299\/299
|-damage|p1a: Thundurus|225\/299|[from] Stealth Rock
|turn|11
|
|switch|p2a: Chesnaught|Chesnaught, M|379\/379
|move|p1a: Thundurus|Thunderbolt|p2a: Chesnaught
|-resisted|p2a: Chesnaught
|-damage|p2a: Chesnaught|258\/379
|-damage|p1a: Thundurus|196\/299|[from] item: Life Orb
|
|-weather|none
|-heal|p2a: Chesnaught|281\/379|[from] item: Leftovers
|turn|12
|
|move|p1a: Thundurus|Taunt|p2a: Chesnaught
|-start|p2a: Chesnaught|move: Taunt
|cant|p2a: Chesnaught|move: Taunt|Spikes
|
|-heal|p2a: Chesnaught|304\/379|[from] item: Leftovers
|turn|13
|
|move|p1a: Thundurus|Hidden Power|p2a: Chesnaught
|-supereffective|p2a: Chesnaught
|-damage|p2a: Chesnaught|54\/379
|-damage|p1a: Thundurus|167\/299|[from] item: Life Orb
|move|p2a: Chesnaught|Drain Punch|p1a: Thundurus
|-resisted|p1a: Thundurus
|-damage|p1a: Thundurus|107\/299
|-heal|p2a: Chesnaught|84\/379|[from] drain|[of] p1a: Thundurus
|
|-heal|p2a: Chesnaught|107\/379|[from] item: Leftovers
|turn|14
|
|move|p1a: Thundurus|Hidden Power|p2a: Chesnaught
|-supereffective|p2a: Chesnaught
|-damage|p2a: Chesnaught|0 fnt
|-damage|p1a: Thundurus|78\/299|[from] item: Life Orb
|faint|p2a: Chesnaught
|
|
|switch|p2a: Tyranitar|Tyranitar, F|341\/341
|-weather|Sandstorm
|turn|15
|
|switch|p2a: Starmie|Starmie|228\/323
|move|p1a: Thundurus|Taunt|p2a: Starmie
|-start|p2a: Starmie|move: Taunt
|
|-weather|Sandstorm|[upkeep]
|-damage|p2a: Starmie|208\/323|[from] sandstorm
|-damage|p1a: Thundurus|60\/299|[from] sandstorm
|-heal|p2a: Starmie|228\/323|[from] item: Leftovers
|turn|16
|
|move|p2a: Starmie|Scald|p1a: Thundurus
|-damage|p1a: Thundurus|0 fnt
|faint|p1a: Thundurus
|
|-weather|Sandstorm|[upkeep]
|-damage|p2a: Starmie|208\/323|[from] sandstorm
|-heal|p2a: Starmie|228\/323|[from] item: Leftovers
|
|switch|p1a: Wobbuffet|Wobbuffet, M|521\/521
|-damage|p1a: Wobbuffet|456\/521|[from] Stealth Rock
|turn|17
|
|move|p2a: Starmie|Rapid Spin|p1a: Wobbuffet
|-damage|p1a: Wobbuffet|445\/521
|move|p1a: Wobbuffet|Mirror Coat|p2a: Starmie
|-fail|p2a: Starmie
|
|-weather|Sandstorm|[upkeep]
|-damage|p2a: Starmie|208\/323|[from] sandstorm
|-damage|p1a: Wobbuffet|413\/521|[from] sandstorm
|-heal|p2a: Starmie|228\/323|[from] item: Leftovers
|-heal|p1a: Wobbuffet|445\/521|[from] item: Leftovers
|turn|18
|
|move|p2a: Starmie|Rapid Spin|p1a: Wobbuffet
|-damage|p1a: Wobbuffet|434\/521
|move|p1a: Wobbuffet|Encore|p2a: Starmie
|-start|p2a: Starmie|Encore
|
|-weather|Sandstorm|[upkeep]
|-damage|p2a: Starmie|208\/323|[from] sandstorm
|-damage|p1a: Wobbuffet|402\/521|[from] sandstorm
|-heal|p2a: Starmie|228\/323|[from] item: Leftovers
|-heal|p1a: Wobbuffet|434\/521|[from] item: Leftovers
|-end|p2a: Starmie|move: Taunt
|turn|19
|
|move|p2a: Starmie|Rapid Spin|p1a: Wobbuffet
|-damage|p1a: Wobbuffet|424\/521
|move|p1a: Wobbuffet|Counter|p2a: Starmie
|-damage|p2a: Starmie|208\/323
|
|-weather|Sandstorm|[upkeep]
|-damage|p2a: Starmie|188\/323|[from] sandstorm
|-damage|p1a: Wobbuffet|392\/521|[from] sandstorm
|-heal|p2a: Starmie|208\/323|[from] item: Leftovers
|-heal|p1a: Wobbuffet|424\/521|[from] item: Leftovers
|turn|20
|
|move|p2a: Starmie|Rapid Spin|p1a: Wobbuffet
|-damage|p1a: Wobbuffet|413\/521
|move|p1a: Wobbuffet|Counter|p2a: Starmie
|-damage|p2a: Starmie|186\/323
|
|-weather|Sandstorm|[upkeep]
|-damage|p2a: Starmie|166\/323|[from] sandstorm
|-damage|p1a: Wobbuffet|381\/521|[from] sandstorm
|-heal|p2a: Starmie|186\/323|[from] item: Leftovers
|-heal|p1a: Wobbuffet|413\/521|[from] item: Leftovers
|turn|21
|
|move|p2a: Starmie|Rapid Spin|p1a: Wobbuffet
|-crit|p1a: Wobbuffet
|-damage|p1a: Wobbuffet|397\/521
|move|p1a: Wobbuffet|Counter|p2a: Starmie
|-damage|p2a: Starmie|154\/323
|
|-weather|Sandstorm|[upkeep]
|-damage|p2a: Starmie|134\/323|[from] sandstorm
|-damage|p1a: Wobbuffet|365\/521|[from] sandstorm
|-heal|p2a: Starmie|154\/323|[from] item: Leftovers
|-heal|p1a: Wobbuffet|397\/521|[from] item: Leftovers
|-end|p2a: Starmie|Encore
|turn|22
|
|move|p2a: Starmie|Recover|p2a: Starmie
|-heal|p2a: Starmie|316\/323
|move|p1a: Wobbuffet|Mirror Coat|p2a: Starmie
|-fail|p2a: Starmie
|
|-weather|none
|-heal|p2a: Starmie|323\/323|[from] item: Leftovers
|-heal|p1a: Wobbuffet|429\/521|[from] item: Leftovers
|turn|23
|c|âFlashyJoey|this is so stupid @.@
|c|âbidoofswar|ik lol
|
|move|p2a: Starmie|Scald|p1a: Wobbuffet
|-damage|p1a: Wobbuffet|338\/521
|move|p1a: Wobbuffet|Encore|p2a: Starmie
|-start|p2a: Starmie|Encore
|
|-heal|p1a: Wobbuffet|370\/521|[from] item: Leftovers
|turn|24
|c|âbidoofswar|but like there's nothing i can switch into
|
|move|p2a: Starmie|Scald|p1a: Wobbuffet
|-damage|p1a: Wobbuffet|277\/521
|move|p1a: Wobbuffet|Mirror Coat|p2a: Starmie
|-damage|p2a: Starmie|137\/323
|
|-heal|p2a: Starmie|157\/323|[from] item: Leftovers
|-heal|p1a: Wobbuffet|309\/521|[from] item: Leftovers
|turn|25
|
|move|p2a: Starmie|Scald|p1a: Wobbuffet
|-damage|p1a: Wobbuffet|203\/521
|move|p1a: Wobbuffet|Mirror Coat|p2a: Starmie
|-damage|p2a: Starmie|0 fnt
|faint|p2a: Starmie
|
|-heal|p1a: Wobbuffet|235\/521|[from] item: Leftovers
|
|switch|p2a: Tyranitar|Tyranitar, F|341\/341
|-weather|Sandstorm
|turn|26
|
|move|p2a: Tyranitar|Pursuit|p1a: Wobbuffet
|-supereffective|p1a: Wobbuffet
|-damage|p1a: Wobbuffet|65\/521
|move|p1a: Wobbuffet|Counter|p2a: Tyranitar
|-damage|p2a: Tyranitar|1\/341
|
|-weather|Sandstorm|[upkeep]
|-damage|p1a: Wobbuffet|33\/521|[from] sandstorm
|-heal|p1a: Wobbuffet|65\/521|[from] item: Leftovers
|turn|27
|
|move|p2a: Tyranitar|Pursuit|p1a: Wobbuffet
|-supereffective|p1a: Wobbuffet
|-damage|p1a: Wobbuffet|0 fnt
|faint|p1a: Wobbuffet
|
|-weather|Sandstorm|[upkeep]
|
|switch|p1a: Heatran|Heatran, F|385\/385
|-damage|p1a: Heatran|337\/385|[from] Stealth Rock
|-item|p1a: Heatran|Air Balloon
|turn|28
|
|move|p2a: Tyranitar|Superpower|p1a: Heatran
|-supereffective|p1a: Heatran
|-damage|p1a: Heatran|49\/385
|-enditem|p1a: Heatran|Air Balloon
|-unboost|p2a: Tyranitar|atk|1
|-unboost|p2a: Tyranitar|def|1
|move|p1a: Heatran|Stealth Rock|p2a: Tyranitar
|-sidestart|p2: FlashyJoey|move: Stealth Rock
|
|-weather|Sandstorm|[upkeep]
|turn|29
|
|switch|p2a: Talonflame|Talonflame, F|147\/351
|-damage|p2a: Talonflame|0 fnt|[from] Stealth Rock
|faint|p2a: Talonflame
|move|p1a: Heatran|Fire Blast|p2: Talonflame|[notarget]
|-notarget
|
|-weather|Sandstorm|[upkeep]
|
|switch|p2a: Excadrill|Excadrill, M|361\/361
|-damage|p2a: Excadrill|350\/361|[from] Stealth Rock
|turn|30
|
|move|p2a: Excadrill|Earthquake|p1a: Heatran
|-supereffective|p1a: Heatran
|-damage|p1a: Heatran|0 fnt
|-damage|p2a: Excadrill|314\/361|[from] item: Life Orb
|faint|p1a: Heatran
|
|-weather|Sandstorm|[upkeep]
|
|switch|p1a: Pinsir|Pinsir, F|271\/271
|-damage|p1a: Pinsir|204\/271|[from] Stealth Rock
|turn|31
|c|âFlashyJoey|unless i miss
|c|âFlashyJoey|otherwise gg
|
|move|p2a: Excadrill|Rock Slide|p1a: Pinsir
|-supereffective|p1a: Pinsir
|-damage|p1a: Pinsir|0 fnt
|-damage|p2a: Excadrill|278\/361|[from] item: Life Orb
|faint|p1a: Pinsir
|
|win|FlashyJoey
|raw|Ladder updating...
|c|âbidoofswar|gg
|raw|bidoofswar's rating: 1690 &rarr; <strong>1667<\/strong><br \/>(-23 for losing)
|raw|FlashyJoey's rating: 1640 &rarr; <strong>1663<\/strong><br \/>(+23 for winning)
|leave|bidoofswar
|player|p1