|join|gauchoninja
|join|FlashyJoey
|player|p1|gauchoninja|99
|player|p2|FlashyJoey|33
|gametype|singles
|gen|6
|tier|OU
|rated
|clearpoke
|poke|p1|Swampert, F
|poke|p1|Politoed, F
|poke|p1|Goodra, M
|poke|p1|Scizor, M, shiny
|poke|p1|Tornadus-Therian, M
|poke|p1|Greninja, M
|poke|p2|Manaphy
|poke|p2|Talonflame, M
|poke|p2|Manectric, M
|poke|p2|Excadrill, M
|poke|p2|Celebi
|poke|p2|Tyranitar, M
|rule|Swagger Clause: Swagger is banned
|rule|Baton Pass Clause: Limit one PokÃ©mon knowing Baton Pass
|rule|Sleep Clause Mod: Limit one foe put to sleep
|rule|Species Clause: Limit one of each PokÃ©mon
|rule|OHKO Clause: OHKO moves are banned
|rule|Moody Clause: Moody is banned
|rule|Evasion Moves Clause: Evasion moves are banned
|rule|Endless Battle Clause: Forcing endless battles is banned
|rule|HP Percentage Mod: HP is shown in percentages
|teampreview
|join|PoopsAndDoops
|
|start
|switch|p1a: Leaky|Politoed, F|336\/336
|switch|p2a: Tyranitar|Tyranitar, M|341\/341
|-weather|Sandstorm
|-weather|RainDance
|turn|1
|
|switch|p2a: Celebi|Celebi|404\/404
|move|p1a: Leaky|Toxic|p2a: Celebi
|-status|p2a: Celebi|tox
|
|-weather|RainDance|[upkeep]
|-damage|p2a: Celebi|379\/404 tox|[from] psn
|turn|2
|
|switch|p1a: Kazama|Tornadus-Therian, M|299\/299
|move|p2a: Celebi|Baton Pass|p2a: Celebi
|
|switch|p2a: Manaphy|Manaphy|400\/400
|
|-weather|RainDance|[upkeep]
|turn|3
|
|move|p1a: Kazama|Hurricane|p2a: Manaphy
|-damage|p2a: Manaphy|217\/400
|move|p2a: Manaphy|Scald|p1a: Kazama
|-crit|p1a: Kazama
|-damage|p1a: Kazama|80\/299
|
|-weather|RainDance|[upkeep]
|-heal|p2a: Manaphy|242\/400|[from] item: Leftovers
|turn|4
|
|move|p1a: Kazama|U-turn|p2a: Manaphy
|-damage|p2a: Manaphy|203\/400
|
|switch|p1a: Goober|Goodra, M|384\/384
|move|p2a: Manaphy|Scald|p1a: Goober
|-resisted|p1a: Goober
|-damage|p1a: Goober|331\/384
|
|-weather|RainDance|[upkeep]
|-heal|p2a: Manaphy|228\/400|[from] item: Leftovers
|-heal|p1a: Goober|355\/384|[from] item: Leftovers
|turn|5
|
|switch|p2a: Tyranitar|Tyranitar, M|341\/341
|-weather|Sandstorm
|move|p1a: Goober|Draco Meteor|p2a: Tyranitar
|-damage|p2a: Tyranitar|200\/341
|-unboost|p1a: Goober|spa|2
|
|-weather|Sandstorm|[upkeep]
|-damage|p1a: Goober|331\/384|[from] sandstorm
|-heal|p1a: Goober|355\/384|[from] item: Leftovers
|turn|6
|
|switch|p1a: Leaky|Politoed, F|336\/336
|-weather|RainDance
|move|p2a: Tyranitar|Stealth Rock|p1a: Leaky
|-sidestart|p1: gauchoninja|move: Stealth Rock
|
|-weather|RainDance|[upkeep]
|turn|7
|
|switch|p2a: Manaphy|Manaphy|228\/400
|move|p1a: Leaky|Scald|p2a: Manaphy
|-resisted|p2a: Manaphy
|-damage|p2a: Manaphy|167\/400
|
|-weather|RainDance|[upkeep]
|-heal|p2a: Manaphy|192\/400|[from] item: Leftovers
|turn|8
|
|switch|p1a: Kazama|Tornadus-Therian, M|179\/299
|-damage|p1a: Kazama|105\/299|[from] Stealth Rock
|move|p2a: Manaphy|Rest|p2a: Manaphy
|-status|p2a: Manaphy|slp
|-heal|p2a: Manaphy|400\/400 slp|[silent]
|-status|p2a: Manaphy|slp|[from] move: Rest
|
|-weather|RainDance|[upkeep]
|-curestatus|p2a: Manaphy|slp
|turn|9
|
|move|p1a: Kazama|Hurricane|p2a: Manaphy
|-damage|p2a: Manaphy|237\/400
|move|p2a: Manaphy|Tail Glow|p2a: Manaphy
|-boost|p2a: Manaphy|spa|3
|
|-weather|RainDance|[upkeep]
|-heal|p2a: Manaphy|262\/400|[from] item: Leftovers
|turn|10
|
|switch|p2a: Tyranitar|Tyranitar, M|200\/341
|-weather|Sandstorm
|move|p1a: Kazama|Hurricane|p2a: Tyranitar
|-resisted|p2a: Tyranitar
|-damage|p2a: Tyranitar|143\/341
|
|-weather|Sandstorm|[upkeep]
|-damage|p1a: Kazama|87\/299|[from] sandstorm
|turn|11
|
|switch|p2a: Talonflame|Talonflame, M|351\/351
|move|p1a: Kazama|U-turn|p2a: Talonflame
|-resisted|p2a: Talonflame
|-damage|p2a: Talonflame|335\/351
|
|switch|p1a: Hulkbuster|Swampert, F|342\/342
|-damage|p1a: Hulkbuster|321\/342|[from] Stealth Rock
|
|-weather|Sandstorm|[upkeep]
|-damage|p2a: Talonflame|314\/351|[from] sandstorm
|-heal|p2a: Talonflame|335\/351|[from] item: Leftovers
|turn|12
|
|detailschange|p1a: Hulkbuster|Swampert-Mega, F
|-mega|p1a: Hulkbuster|Swampert|Swampertite
|move|p2a: Talonflame|Will-O-Wisp|p1a: Hulkbuster
|-status|p1a: Hulkbuster|brn
|move|p1a: Hulkbuster|Waterfall|p2a: Talonflame
|-supereffective|p2a: Talonflame
|-damage|p2a: Talonflame|95\/351
|
|-weather|Sandstorm|[upkeep]
|-damage|p2a: Talonflame|74\/351|[from] sandstorm
|-heal|p2a: Talonflame|95\/351|[from] item: Leftovers
|-damage|p1a: Hulkbuster|279\/342 brn|[from] brn
|turn|13
|
|switch|p2a: Celebi|Celebi|379\/404
|move|p1a: Hulkbuster|Waterfall|p2a: Celebi
|-resisted|p2a: Celebi
|-damage|p2a: Celebi|331\/404
|
|-weather|Sandstorm|[upkeep]
|-damage|p2a: Celebi|306\/404|[from] sandstorm
|-heal|p2a: Celebi|331\/404|[from] item: Leftovers
|-damage|p1a: Hulkbuster|237\/342 brn|[from] brn
|turn|14
|
|move|p2a: Celebi|Baton Pass|p2a: Celebi
|
|switch|p2a: Manaphy|Manaphy|262\/400
|move|p1a: Hulkbuster|Power-Up Punch|p2a: Manaphy
|-crit|p2a: Manaphy
|-damage|p2a: Manaphy|228\/400
|-boost|p1a: Hulkbuster|atk|1
|
|-weather|none
|-heal|p2a: Manaphy|253\/400|[from] item: Leftovers
|-damage|p1a: Hulkbuster|195\/342 brn|[from] brn
|turn|15
|
|switch|p1a: Kazama|Tornadus-Therian, M|186\/299
|-damage|p1a: Kazama|112\/299|[from] Stealth Rock
|move|p2a: Manaphy|Rain Dance|p2a: Manaphy
|-weather|RainDance
|
|-weather|RainDance|[upkeep]
|-heal|p2a: Manaphy|278\/400|[from] item: Leftovers
|turn|16
|
|move|p1a: Kazama|Hurricane|p2a: Manaphy
|-damage|p2a: Manaphy|98\/400
|move|p2a: Manaphy|Rest|p2a: Manaphy
|-status|p2a: Manaphy|slp
|-heal|p2a: Manaphy|400\/400 slp|[silent]
|-status|p2a: Manaphy|slp|[from] move: Rest
|
|-weather|RainDance|[upkeep]
|-curestatus|p2a: Manaphy|slp
|turn|17
|
|move|p1a: Kazama|Hurricane|p2a: Manaphy
|-damage|p2a: Manaphy|211\/400
|move|p2a: Manaphy|Scald|p1a: Kazama
|-damage|p1a: Kazama|0 fnt
|faint|p1a: Kazama
|
|-weather|RainDance|[upkeep]
|-heal|p2a: Manaphy|236\/400|[from] item: Leftovers
|
|switch|p1a: Goober|Goodra, M|355\/384
|-damage|p1a: Goober|307\/384|[from] Stealth Rock
|turn|18
|
|move|p2a: Manaphy|Rest|p2a: Manaphy
|-status|p2a: Manaphy|slp
|-heal|p2a: Manaphy|400\/400 slp|[silent]
|-status|p2a: Manaphy|slp|[from] move: Rest
|move|p1a: Goober|Thunder|p2a: Manaphy
|-supereffective|p2a: Manaphy
|-damage|p2a: Manaphy|126\/400 slp
|
|-weather|RainDance|[upkeep]
|-curestatus|p2a: Manaphy|slp
|-heal|p2a: Manaphy|151\/400|[from] item: Leftovers
|-heal|p1a: Goober|331\/384|[from] item: Leftovers
|turn|19
|
|switch|p2a: Celebi|Celebi|331\/404
|move|p1a: Goober|Draco Meteor|p2a: Celebi
|-damage|p2a: Celebi|168\/404
|-unboost|p1a: Goober|spa|2
|
|-weather|none
|-heal|p2a: Celebi|193\/404|[from] item: Leftovers
|-heal|p1a: Goober|355\/384|[from] item: Leftovers
|turn|20
|
|switch|p1a: Meruem|Scizor, M, shiny|343\/343
|-damage|p1a: Meruem|301\/343|[from] Stealth Rock
|move|p2a: Celebi|Baton Pass|p2a: Celebi
|
|switch|p2a: Talonflame|Talonflame, M|95\/351
|
|-heal|p2a: Talonflame|116\/351|[from] item: Leftovers
|turn|21
|
|move|p2a: Talonflame|Will-O-Wisp|p1a: Meruem
|-status|p1a: Meruem|brn
|move|p1a: Meruem|Knock Off|p2a: Talonflame
|-damage|p2a: Talonflame|49\/351
|-enditem|p2a: Talonflame|Leftovers|[from] move: Knock Off|[of] p1a: Meruem
|
|-damage|p1a: Meruem|259\/343 brn|[from] brn
|turn|22
|
|move|p2a: Talonflame|Roost|p2a: Talonflame
|-heal|p2a: Talonflame|225\/351
|move|p1a: Meruem|U-turn|p2a: Talonflame
|-resisted|p2a: Talonflame
|-damage|p2a: Talonflame|194\/351
|
|switch|p1a: Leaky|Politoed, F|336\/336
|-damage|p1a: Leaky|294\/336|[from] Stealth Rock
|-weather|RainDance
|
|-weather|RainDance|[upkeep]
|turn|23
|
|switch|p2a: Celebi|Celebi|193\/404
|switch|p1a: Hulkbuster|Swampert-Mega, F|195\/342 brn
|-damage|p1a: Hulkbuster|174\/342 brn|[from] Stealth Rock
|
|-weather|RainDance|[upkeep]
|-heal|p2a: Celebi|218\/404|[from] item: Leftovers
|-damage|p1a: Hulkbuster|132\/342 brn|[from] brn
|turn|24
|
|move|p1a: Hulkbuster|Ice Punch|p2a: Celebi
|-supereffective|p2a: Celebi
|-damage|p2a: Celebi|106\/404
|move|p2a: Celebi|Recover|p2a: Celebi
|-heal|p2a: Celebi|308\/404
|
|-weather|RainDance|[upkeep]
|-heal|p2a: Celebi|333\/404|[from] item: Leftovers
|-damage|p1a: Hulkbuster|90\/342 brn|[from] brn
|turn|25
|
|move|p1a: Hulkbuster|Ice Punch|p2a: Celebi
|-supereffective|p2a: Celebi
|-damage|p2a: Celebi|221\/404
|move|p2a: Celebi|Giga Drain|p1a: Hulkbuster
|-supereffective|p1a: Hulkbuster
|-damage|p1a: Hulkbuster|0 fnt
|-heal|p2a: Celebi|266\/404|[from] drain|[of] p1a: Hulkbuster
|faint|p1a: Hulkbuster
|
|-weather|RainDance|[upkeep]
|-heal|p2a: Celebi|291\/404|[from] item: Leftovers
|
|switch|p1a: Mega Man|Greninja, M|285\/285
|-damage|p1a: Mega Man|250\/285|[from] Stealth Rock
|turn|26
|
|move|p1a: Mega Man|Ice Beam|p2a: Celebi
|-start|p1a: Mega Man|typechange|Ice|[from] Protean
|-supereffective|p2a: Celebi
|-damage|p2a: Celebi|15\/404
|move|p2a: Celebi|Recover|p2a: Celebi
|-heal|p2a: Celebi|217\/404
|
|-weather|RainDance|[upkeep]
|-heal|p2a: Celebi|242\/404|[from] item: Leftovers
|turn|27
|
|switch|p2a: Manaphy|Manaphy|151\/400
|move|p1a: Mega Man|Ice Beam|p2a: Manaphy
|-resisted|p2a: Manaphy
|-damage|p2a: Manaphy|80\/400
|
|-weather|RainDance|[upkeep]
|-heal|p2a: Manaphy|105\/400|[from] item: Leftovers
|turn|28
|
|move|p1a: Mega Man|Hydro Pump|p2a: Manaphy
|-start|p1a: Mega Man|typechange|Water|[from] Protean
|-crit|p2a: Manaphy
|-resisted|p2a: Manaphy
|-damage|p2a: Manaphy|0 fnt
|faint|p2a: Manaphy
|
|-weather|RainDance|[upkeep]
|
|switch|p2a: Tyranitar|Tyranitar, M|143\/341
|-weather|Sandstorm
|turn|29
|
|switch|p2a: Celebi|Celebi|242\/404
|move|p1a: Mega Man|Low Kick|p2a: Celebi
|-start|p1a: Mega Man|typechange|Fighting|[from] Protean
|-resisted|p2a: Celebi
|-damage|p2a: Celebi|229\/404
|
|-weather|Sandstorm|[upkeep]
|-damage|p1a: Mega Man|233\/285|[from] sandstorm
|-damage|p2a: Celebi|204\/404|[from] sandstorm
|-heal|p2a: Celebi|229\/404|[from] item: Leftovers
|turn|30
|
|move|p1a: Mega Man|Ice Beam|p2a: Celebi
|-start|p1a: Mega Man|typechange|Ice|[from] Protean
|-supereffective|p2a: Celebi
|-damage|p2a: Celebi|0 fnt
|faint|p2a: Celebi
|
|-weather|Sandstorm|[upkeep]
|-damage|p1a: Mega Man|216\/285|[from] sandstorm
|
|switch|p2a: Excadrill|Excadrill, M|362\/362
|-item|p2a: Excadrill|Air Balloon
|turn|31
|
|switch|p1a: Leaky|Politoed, F|294\/336
|-damage|p1a: Leaky|252\/336|[from] Stealth Rock
|-weather|RainDance
|move|p2a: Excadrill|Earthquake|p1a: Leaky
|-damage|p1a: Leaky|77\/336
|
|-weather|RainDance|[upkeep]
|turn|32
|
|switch|p1a: Meruem|Scizor, M, shiny|259\/343 brn
|-damage|p1a: Meruem|217\/343 brn|[from] Stealth Rock
|move|p2a: Excadrill|Earthquake|p1a: Meruem
|-damage|p1a: Meruem|72\/343 brn
|
|-weather|RainDance|[upkeep]
|-damage|p1a: Meruem|30\/343 brn|[from] brn
|turn|33
|
|move|p2a: Excadrill|Earthquake|p1a: Meruem
|-damage|p1a: Meruem|0 fnt
|faint|p1a: Meruem
|
|-weather|RainDance|[upkeep]
|
|switch|p1a: Mega Man|Greninja, M|216\/285
|-damage|p1a: Mega Man|181\/285|[from] Stealth Rock
|turn|34
|
|switch|p2a: Tyranitar|Tyranitar, M|143\/341
|-weather|Sandstorm
|move|p1a: Mega Man|Hydro Pump|p2a: Tyranitar
|-start|p1a: Mega Man|typechange|Water|[from] Protean
|-supereffective|p2a: Tyranitar
|-damage|p2a: Tyranitar|0 fnt
|faint|p2a: Tyranitar
|
|-weather|Sandstorm|[upkeep]
|-damage|p1a: Mega Man|164\/285|[from] sandstorm
|
|switch|p2a: Excadrill|Excadrill, M|362\/362
|-item|p2a: Excadrill|Air Balloon
|turn|35
|
|switch|p2a: Manectric|Manectric, M|281\/281
|switch|p1a: Leaky|Politoed, F|77\/336
|-damage|p1a: Leaky|35\/336|[from] Stealth Rock
|-weather|RainDance
|
|-weather|RainDance|[upkeep]
|turn|36
|
|detailschange|p2a: Manectric|Manectric-Mega, M
|-mega|p2a: Manectric|Manectric|Manectite
|-ability|p2a: Manectric|Intimidate|[of] p1a: Leaky
|-unboost|p1a: Leaky|atk|1
|move|p2a: Manectric|Volt Switch|p1a: Leaky
|-supereffective|p1a: Leaky
|-damage|p1a: Leaky|0 fnt
|faint|p1a: Leaky
|
|switch|p2a: Talonflame|Talonflame, M|194\/351
|
|-weather|RainDance|[upkeep]
|
|switch|p1a: Mega Man|Greninja, M|164\/285
|-damage|p1a: Mega Man|129\/285|[from] Stealth Rock
|turn|37
|
|move|p1a: Mega Man|Water Shuriken|p2a: Talonflame
|-start|p1a: Mega Man|typechange|Water|[from] Protean
|-supereffective|p2a: Talonflame
|-damage|p2a: Talonflame|115\/351
|-supereffective|p2a: Talonflame
|-damage|p2a: Talonflame|36\/351
|-supereffective|p2a: Talonflame
|-damage|p2a: Talonflame|0 fnt
|-hitcount|p2a: Talonflame|3
|faint|p2a: Talonflame
|
|-weather|RainDance|[upkeep]
|c|âFlashyJoey|what
|c|âFlashyJoey|wow
|c|âFlashyJoey|okay
|c|âFlashyJoey|gg
|
|switch|p2a: Excadrill|Excadrill, M|362\/362
|-item|p2a: Excadrill|Air Balloon
|turn|38
|c|âFlashyJoey|didnt expect that
|c|âFlashyJoey|why u use Water suriken on Ninja?
|c|âgauchoninja|pretty much specifically for talonflame
|c|âgauchoninja|also it's lack of power is made up for by the rain boost
|c| PoopsAndDoops|also it's cool
|c|âFlashyJoey|but max speed Talon outspeed anw
|c|âgauchoninja|yeah but most people run adamant
|c|âFlashyJoey|my Talon is SpD set
|c|âFlashyJoey|gg man
|
|move|p1a: Mega Man|Hydro Pump|p2a: Excadrill
|-supereffective|p2a: Excadrill
|-damage|p2a: Excadrill|0 fnt
|-enditem|p2a: Excadrill|Air Balloon
|faint|p2a: Excadrill
|
|-weather|RainDance|[upkeep]
|
|switch|p2a: Manectric|Manectric-Mega, M|281\/281
|-ability|p2a: Manectric|Intimidate|[of] p1a: Mega Man
|-unboost|p1a: Mega Man|atk|1
|turn|39
|
|move|p1a: Mega Man|Water Shuriken|p2a: Manectric
|-damage|p2a: Manectric|262\/281
|-damage|p2a: Manectric|241\/281
|-damage|p2a: Manectric|220\/281
|-hitcount|p2a: Manectric|3
|move|p2a: Manectric|Thunderbolt|p1a: Mega Man
|-supereffective|p1a: Mega Man
|-damage|p1a: Mega Man|0 fnt
|faint|p1a: Mega Man
|
|-weather|RainDance|[upkeep]
|
|switch|p1a: Goober|Goodra, M|355\/384
|-damage|p1a: Goober|307\/384|[from] Stealth Rock
|turn|40
|
|move|p2a: Manectric|Hidden Power|p1a: Goober
|-supereffective|p1a: Goober
|-damage|p1a: Goober|193\/384
|move|p1a: Goober|Draco Meteor|p2a: Manectric
|-damage|p2a: Manectric|0 fnt
|-unboost|p1a: Goober|spa|2
|faint|p2a: Manectric
|
|win|gauchoninja
|raw|Ladder updating...
|raw|gauchoninja's rating: 1458 &rarr; <strong>1481<\/strong><br \/>(+23 for winning)
|raw|FlashyJoey's rating: 1515 &rarr; <strong>1492<\/strong><br \/>(-23 for losing)
|c|âgauchoninja|gg
|leave|FlashyJoey
|player|p2
|c|âgauchoninja|Note: I can see why Greninja is banned. Too OP. 2. O. P.
|c|âgauchoninja|:D
|leave|PoopsAndDoops
|join|PoopsAndDoops
|c|âgauchoninja|Note 2: This was my final OU Greninja match. May he live the life of honor in Ubers.
|c|âgauchoninja|Not that he stands a chance in Ubers.
|c| PoopsAndDoops|I'll miss you Koga
|c|âgauchoninja|But he will be missed.
|c|âgauchoninja|Greninja... Mega Man... I love you.
|c|âgauchoninja|<3
|c|âgauchoninja|Sayonara Gekkouga... Rockman.
|c|âgauchoninja|:]