|join|Divine Rose
|join|FlashyJoey
|player|p1|Divine Rose|33
|player|p2|FlashyJoey|33
|gametype|singles
|gen|6
|tier|OU
|rated
|clearpoke
|poke|p1|Slowbro, F
|poke|p1|Ferrothorn, M
|poke|p1|Gliscor, F
|poke|p1|Raikou
|poke|p1|Charizard, M
|poke|p1|Latios, M
|poke|p2|Starmie
|poke|p2|Chesnaught, F
|poke|p2|Talonflame, F
|poke|p2|Excadrill, F
|poke|p2|Tyranitar, F
|poke|p2|Gardevoir, M
|rule|Swagger Clause: Swagger is banned
|rule|Baton Pass Clause: Limit one PokÃ©mon knowing Baton Pass
|rule|Sleep Clause Mod: Limit one foe put to sleep
|rule|Species Clause: Limit one of each PokÃ©mon
|rule|OHKO Clause: OHKO moves are banned
|rule|Moody Clause: Moody is banned
|rule|Evasion Moves Clause: Evasion moves are banned
|rule|Endless Battle Clause: Forcing endless battles is banned
|rule|HP Percentage Mod: HP is shown in percentages
|teampreview
|
|start
|switch|p1a: Raikou|Raikou|321\/321
|switch|p2a: Tyranitar|Tyranitar, F|341\/341
|-ability|p1a: Raikou|Pressure
|-weather|Sandstorm
|turn|1
|
|move|p1a: Raikou|Volt Switch|p2a: Tyranitar
|-damage|p2a: Tyranitar|233\/341
|
|switch|p1a: Ferrothorn|Ferrothorn, M|351\/351
|move|p2a: Tyranitar|Stealth Rock|p1a: Ferrothorn
|-sidestart|p1: Divine Rose|move: Stealth Rock
|
|-weather|Sandstorm|[upkeep]
|turn|2
|
|switch|p2a: Chesnaught|Chesnaught, F|379\/379
|move|p1a: Ferrothorn|Stealth Rock|p2a: Chesnaught
|-sidestart|p2: FlashyJoey|move: Stealth Rock
|
|-weather|Sandstorm|[upkeep]
|-damage|p2a: Chesnaught|356\/379|[from] sandstorm
|-heal|p2a: Chesnaught|379\/379|[from] item: Leftovers
|turn|3
|
|switch|p2a: Gardevoir|Gardevoir, M|289\/289
|-damage|p2a: Gardevoir|253\/289|[from] Stealth Rock
|-ability|p2a: Gardevoir|Iron Barbs|[from] ability: Trace|[of] p1a: Ferrothorn
|switch|p1a: Gliscor|Gliscor, F|353\/353
|-damage|p1a: Gliscor|309\/353|[from] Stealth Rock
|
|-weather|Sandstorm|[upkeep]
|-damage|p2a: Gardevoir|235\/289|[from] sandstorm
|-status|p1a: Gliscor|tox|[from] item: Toxic Orb
|turn|4
|
|switch|p1a: Ferrothorn|Ferrothorn, M|351\/351
|-damage|p1a: Ferrothorn|330\/351|[from] Stealth Rock
|detailschange|p2a: Gardevoir|Gardevoir-Mega, M
|-mega|p2a: Gardevoir|Gardevoir|Gardevoirite
|move|p2a: Gardevoir|Hyper Voice|p1a: Ferrothorn
|-resisted|p1a: Ferrothorn
|-damage|p1a: Ferrothorn|237\/351
|
|-weather|Sandstorm|[upkeep]
|-damage|p2a: Gardevoir|217\/289|[from] sandstorm
|-heal|p1a: Ferrothorn|258\/351|[from] item: Leftovers
|turn|5
|
|move|p2a: Gardevoir|Focus Blast|p1a: Ferrothorn
|-supereffective|p1a: Ferrothorn
|-damage|p1a: Ferrothorn|0 fnt
|faint|p1a: Ferrothorn
|
|-weather|Sandstorm|[upkeep]
|-damage|p2a: Gardevoir|199\/289|[from] sandstorm
|
|switch|p1a: Raikou|Raikou|321\/321
|-damage|p1a: Raikou|281\/321|[from] Stealth Rock
|-ability|p1a: Raikou|Pressure
|turn|6
|
|switch|p2a: Chesnaught|Chesnaught, F|379\/379
|-damage|p2a: Chesnaught|356\/379|[from] Stealth Rock
|move|p1a: Raikou|Shadow Ball|p2a: Chesnaught
|-immune|p2a: Chesnaught|[msg]|[from] Bulletproof
|
|-weather|Sandstorm|[upkeep]
|-damage|p1a: Raikou|261\/321|[from] sandstorm
|-damage|p2a: Chesnaught|333\/379|[from] sandstorm
|-heal|p2a: Chesnaught|356\/379|[from] item: Leftovers
|turn|7
|
|switch|p1a: Gliscor|Gliscor, F|309\/353 tox
|-damage|p1a: Gliscor|265\/353 tox|[from] Stealth Rock
|switch|p2a: Gardevoir|Gardevoir-Mega, M|199\/289
|-damage|p2a: Gardevoir|163\/289|[from] Stealth Rock
|
|-weather|Sandstorm|[upkeep]
|-damage|p2a: Gardevoir|145\/289|[from] sandstorm
|-heal|p1a: Gliscor|309\/353 tox|[from] ability: Poison Heal
|turn|8
|
|move|p2a: Gardevoir|Hyper Voice|p1a: Gliscor
|-damage|p1a: Gliscor|0 fnt
|faint|p1a: Gliscor
|
|-weather|none
|
|switch|p1a: Latios|Latios, M|301\/301
|-damage|p1a: Latios|264\/301|[from] Stealth Rock
|turn|9
|
|switch|p2a: Tyranitar|Tyranitar, F|233\/341
|-damage|p2a: Tyranitar|191\/341|[from] Stealth Rock
|-weather|Sandstorm
|move|p1a: Latios|Defog|p2a: Tyranitar
|-unboost|p2a: Tyranitar|evasion|1
|-sideend|p2: FlashyJoey|Stealth Rock|[from] move: Defog|[of] p2a: Tyranitar
|-sideend|p1: Divine Rose|Stealth Rock|[from] move: Defog|[of] p1a: Latios
|
|-weather|Sandstorm|[upkeep]
|-damage|p1a: Latios|246\/301|[from] sandstorm
|turn|10
|
|switch|p2a: Talonflame|Talonflame, F|347\/347
|move|p1a: Latios|Draco Meteor|p2a: Talonflame
|-damage|p2a: Talonflame|84\/347
|-unboost|p1a: Latios|spa|2
|-damage|p1a: Latios|216\/301|[from] item: Life Orb
|
|-weather|Sandstorm|[upkeep]
|-damage|p1a: Latios|198\/301|[from] sandstorm
|-damage|p2a: Talonflame|63\/347|[from] sandstorm
|-heal|p2a: Talonflame|84\/347|[from] item: Leftovers
|turn|11
|
|move|p2a: Talonflame|Roost|p2a: Talonflame
|-heal|p2a: Talonflame|258\/347
|move|p1a: Latios|Psyshock|p2a: Talonflame
|-damage|p2a: Talonflame|148\/347
|-damage|p1a: Latios|168\/301|[from] item: Life Orb
|
|-weather|Sandstorm|[upkeep]
|-damage|p1a: Latios|150\/301|[from] sandstorm
|-damage|p2a: Talonflame|127\/347|[from] sandstorm
|-heal|p2a: Talonflame|148\/347|[from] item: Leftovers
|turn|12
|
|switch|p2a: Gardevoir|Gardevoir-Mega, M|145\/289
|move|p1a: Latios|Roost|p1a: Latios
|-heal|p1a: Latios|301\/301
|
|-weather|Sandstorm|[upkeep]
|-damage|p1a: Latios|283\/301|[from] sandstorm
|-damage|p2a: Gardevoir|127\/289|[from] sandstorm
|turn|13
|
|switch|p1a: Raikou|Raikou|261\/321
|-ability|p1a: Raikou|Pressure
|move|p2a: Gardevoir|Hyper Voice|p1a: Raikou
|-damage|p1a: Raikou|8\/321
|
|-weather|Sandstorm|[upkeep]
|-damage|p1a: Raikou|0 fnt|[from] sandstorm
|-damage|p2a: Gardevoir|109\/289|[from] sandstorm
|faint|p1a: Raikou
|
|switch|p1a: Latios|Latios, M|283\/301
|turn|14
|
|switch|p2a: Talonflame|Talonflame, F|148\/347
|move|p1a: Latios|Psyshock|p2a: Talonflame
|-crit|p2a: Talonflame
|-damage|p2a: Talonflame|0 fnt
|-damage|p1a: Latios|253\/301|[from] item: Life Orb
|faint|p2a: Talonflame
|
|-weather|Sandstorm|[upkeep]
|-damage|p1a: Latios|235\/301|[from] sandstorm
|
|switch|p2a: Tyranitar|Tyranitar, F|191\/341
|turn|15
|
|switch|p2a: Excadrill|Excadrill, F|361\/361
|move|p1a: Latios|Draco Meteor|p2a: Excadrill
|-resisted|p2a: Excadrill
|-damage|p2a: Excadrill|149\/361
|-unboost|p1a: Latios|spa|2
|-damage|p1a: Latios|205\/301|[from] item: Life Orb
|
|-weather|Sandstorm|[upkeep]
|-damage|p1a: Latios|187\/301|[from] sandstorm
|turn|16
|
|switch|p2a: Gardevoir|Gardevoir-Mega, M|109\/289
|switch|p1a: Slowbro|Slowbro, F|393\/393
|
|-weather|none
|turn|17
|
|move|p2a: Gardevoir|Hyper Voice|p1a: Slowbro
|-damage|p1a: Slowbro|80\/393
|move|p1a: Slowbro|Scald|p2a: Gardevoir
|-damage|p2a: Gardevoir|37\/289
|
|-heal|p1a: Slowbro|104\/393|[from] item: Leftovers
|turn|18
|
|switch|p1a: Charizard|Charizard, M|315\/315
|move|p2a: Gardevoir|Psyshock|p1a: Charizard
|-damage|p1a: Charizard|89\/315
|
|turn|19
|
|switch|p2a: Tyranitar|Tyranitar, F|191\/341
|-weather|Sandstorm
|detailschange|p1a: Charizard|Charizard-Mega-X, M
|-mega|p1a: Charizard|Charizard|Charizardite X
|move|p1a: Charizard|Flare Blitz|p2a: Tyranitar
|-resisted|p2a: Tyranitar
|-damage|p2a: Tyranitar|71\/341
|-damage|p1a: Charizard|49\/315|[from] recoil|[of] p2a: Tyranitar
|
|-weather|Sandstorm|[upkeep]
|-damage|p1a: Charizard|30\/315|[from] sandstorm
|turn|20
|
|move|p1a: Charizard|Dragon Claw|p2a: Tyranitar
|-damage|p2a: Tyranitar|0 fnt
|faint|p2a: Tyranitar
|
|-weather|Sandstorm|[upkeep]
|-damage|p1a: Charizard|11\/315|[from] sandstorm
|
|switch|p2a: Excadrill|Excadrill, F|149\/361
|turn|21
|
|move|p2a: Excadrill|Iron Head|p1a: Charizard
|-resisted|p1a: Charizard
|-damage|p1a: Charizard|0 fnt
|-damage|p2a: Excadrill|113\/361|[from] item: Life Orb
|faint|p1a: Charizard
|
|-weather|Sandstorm|[upkeep]
|
|switch|p1a: Slowbro|Slowbro, F|235\/393
|turn|22
|
|switch|p2a: Chesnaught|Chesnaught, F|356\/379
|move|p1a: Slowbro|Slack Off|p1a: Slowbro
|-heal|p1a: Slowbro|393\/393
|
|-weather|Sandstorm|[upkeep]
|-damage|p2a: Chesnaught|333\/379|[from] sandstorm
|-damage|p1a: Slowbro|369\/393|[from] sandstorm
|-heal|p2a: Chesnaught|356\/379|[from] item: Leftovers
|-heal|p1a: Slowbro|393\/393|[from] item: Leftovers
|turn|23
|
|move|p2a: Chesnaught|Wood Hammer|p1a: Slowbro
|-supereffective|p1a: Slowbro
|-damage|p1a: Slowbro|199\/393
|-damage|p2a: Chesnaught|292\/379|[from] recoil|[of] p1a: Slowbro
|move|p1a: Slowbro|Calm Mind|p1a: Slowbro
|-boost|p1a: Slowbro|spa|1
|-boost|p1a: Slowbro|spd|1
|
|-weather|Sandstorm|[upkeep]
|-damage|p2a: Chesnaught|269\/379|[from] sandstorm
|-damage|p1a: Slowbro|175\/393|[from] sandstorm
|-heal|p2a: Chesnaught|292\/379|[from] item: Leftovers
|-heal|p1a: Slowbro|199\/393|[from] item: Leftovers
|turn|24
|
|move|p2a: Chesnaught|Wood Hammer|p1a: Slowbro
|-supereffective|p1a: Slowbro
|-damage|p1a: Slowbro|0 fnt
|-damage|p2a: Chesnaught|226\/379|[from] recoil|[of] p1a: Slowbro
|faint|p1a: Slowbro
|
|-weather|Sandstorm|[upkeep]
|-damage|p2a: Chesnaught|203\/379|[from] sandstorm
|-heal|p2a: Chesnaught|226\/379|[from] item: Leftovers
|
|switch|p1a: Latios|Latios, M|187\/301
|turn|25
|
|switch|p2a: Gardevoir|Gardevoir-Mega, M|37\/289
|move|p1a: Latios|Roost|p1a: Latios
|-heal|p1a: Latios|301\/301
|
|-weather|Sandstorm|[upkeep]
|-damage|p1a: Latios|283\/301|[from] sandstorm
|-damage|p2a: Gardevoir|19\/289|[from] sandstorm
|turn|26
|
|move|p1a: Latios|Psyshock|p2a: Gardevoir
|-resisted|p2a: Gardevoir
|-damage|p2a: Gardevoir|0 fnt
|-damage|p1a: Latios|253\/301|[from] item: Life Orb
|faint|p2a: Gardevoir
|
|-weather|none
|
|switch|p2a: Starmie|Starmie|323\/323
|turn|27
|
|switch|p2a: Chesnaught|Chesnaught, F|226\/379
|move|p1a: Latios|Roost|p1a: Latios
|-heal|p1a: Latios|301\/301
|
|-heal|p2a: Chesnaught|249\/379|[from] item: Leftovers
|turn|28
|
|switch|p2a: Starmie|Starmie|323\/323
|move|p1a: Latios|Psyshock|p2a: Starmie
|-resisted|p2a: Starmie
|-damage|p2a: Starmie|218\/323
|-damage|p1a: Latios|271\/301|[from] item: Life Orb
|
|-heal|p2a: Starmie|238\/323|[from] item: Leftovers
|turn|29
|
|switch|p2a: Chesnaught|Chesnaught, F|249\/379
|move|p1a: Latios|Psyshock|p2a: Chesnaught
|-supereffective|p2a: Chesnaught
|-damage|p2a: Chesnaught|0 fnt
|-damage|p1a: Latios|241\/301|[from] item: Life Orb
|faint|p2a: Chesnaught
|
|
|switch|p2a: Starmie|Starmie|238\/323
|turn|30
|
|move|p2a: Starmie|Scald|p1a: Latios
|-resisted|p1a: Latios
|-damage|p1a: Latios|196\/301
|move|p1a: Latios|Roost|p1a: Latios
|-heal|p1a: Latios|301\/301
|
|-heal|p2a: Starmie|258\/323|[from] item: Leftovers
|turn|31
|
|switch|p2a: Excadrill|Excadrill, F|113\/361
|move|p1a: Latios|Draco Meteor|p2a: Excadrill
|-resisted|p2a: Excadrill
|-damage|p2a: Excadrill|0 fnt
|-unboost|p1a: Latios|spa|2
|-damage|p1a: Latios|271\/301|[from] item: Life Orb
|faint|p2a: Excadrill
|
|
|switch|p2a: Starmie|Starmie|258\/323
|turn|32
|
|move|p2a: Starmie|Scald|p1a: Latios
|-resisted|p1a: Latios
|-damage|p1a: Latios|229\/301
|move|p1a: Latios|Psyshock|p2a: Starmie
|-resisted|p2a: Starmie
|-damage|p2a: Starmie|207\/323
|-damage|p1a: Latios|199\/301|[from] item: Life Orb
|
|-heal|p2a: Starmie|227\/323|[from] item: Leftovers
|turn|33
|
|move|p2a: Starmie|Scald|p1a: Latios
|-crit|p1a: Latios
|-resisted|p1a: Latios
|-damage|p1a: Latios|127\/301
|move|p1a: Latios|Psyshock|p2a: Starmie
|-resisted|p2a: Starmie
|-damage|p2a: Starmie|171\/323
|-damage|p1a: Latios|97\/301|[from] item: Life Orb
|
|-heal|p2a: Starmie|191\/323|[from] item: Leftovers
|turn|34
|
|move|p2a: Starmie|Recover|p2a: Starmie
|-heal|p2a: Starmie|323\/323
|move|p1a: Latios|Draco Meteor|p2a: Starmie
|-damage|p2a: Starmie|146\/323
|-unboost|p1a: Latios|spa|2
|-damage|p1a: Latios|67\/301|[from] item: Life Orb
|
|-heal|p2a: Starmie|166\/323|[from] item: Leftovers
|turn|35
|
|move|p2a: Starmie|Recover|p2a: Starmie
|-heal|p2a: Starmie|323\/323
|move|p1a: Latios|Roost|p1a: Latios
|-heal|p1a: Latios|218\/301
|
|turn|36
|c|âFlashyJoey|unless u crit with Draco
|c|âFlashyJoey|i think i win
|
|move|p2a: Starmie|Scald|p1a: Latios
|-resisted|p1a: Latios
|-damage|p1a: Latios|171\/301
|move|p1a: Latios|Psyshock|p2a: Starmie
|-resisted|p2a: Starmie
|-damage|p2a: Starmie|288\/323
|-damage|p1a: Latios|141\/301|[from] item: Life Orb
|
|-heal|p2a: Starmie|308\/323|[from] item: Leftovers
|turn|37
|c|âDivine Rose|i could of easily won this but it's hard to focus playing 3 games at once
|c|âDivine Rose|gg
|-message|Divine Rose forfeited.
|
|win|FlashyJoey
|raw|Ladder updating...
|c|âFlashyJoey|gg mate
|raw|Divine Rose's rating: 1644 &rarr; <strong>1626<\/strong><br \/>(-18 for losing)
|raw|FlashyJoey's rating: 1671 &rarr; <strong>1690<\/strong><br \/>(+19 for winning)
|leave|Divine Rose
|player|p1