|join|LordRay
|join|flashyjoey
|player|p1|LordRay|288
|player|p2|flashyjoey|33
|gametype|singles
|gen|6
|tier|OU
|rated
|clearpoke
|poke|p1|Mamoswine, M
|poke|p1|Latios, M
|poke|p1|Bisharp, M
|poke|p1|Charizard, F
|poke|p1|Thundurus, M
|poke|p1|Keldeo
|poke|p2|Starmie
|poke|p2|Chesnaught, F
|poke|p2|Talonflame, F
|poke|p2|Excadrill, F
|poke|p2|Tyranitar, F
|poke|p2|Gardevoir, F
|rule|Swagger Clause: Swagger is banned
|rule|Baton Pass Clause: Limit one PokÃ©mon knowing Baton Pass
|rule|Sleep Clause Mod: Limit one foe put to sleep
|rule|Species Clause: Limit one of each PokÃ©mon
|rule|OHKO Clause: OHKO moves are banned
|rule|Moody Clause: Moody is banned
|rule|Evasion Moves Clause: Evasion moves are banned
|rule|Endless Battle Clause: Forcing endless battles is banned
|rule|HP Percentage Mod: HP is shown in percentages
|teampreview
|join|Qwazz
|
|start
|switch|p1a: Latios|Latios, M|301\/301
|switch|p2a: Gardevoir|Gardevoir, F|293\/293
|turn|1
|
|detailschange|p2a: Gardevoir|Gardevoir-Mega, F
|-mega|p2a: Gardevoir|Gardevoir|Gardevoirite
|move|p1a: Latios|Psyshock|p2a: Gardevoir
|-resisted|p2a: Gardevoir
|-damage|p2a: Gardevoir|172\/293
|-damage|p1a: Latios|271\/301|[from] item: Life Orb
|move|p2a: Gardevoir|Hyper Voice|p1a: Latios
|-supereffective|p1a: Latios
|-damage|p1a: Latios|0 fnt
|faint|p1a: Latios
|
|
|switch|p1a: Bisharp|Bisharp, M|271\/271
|turn|2
|join|ArkarianUK
|join|Redsox100
|
|move|p2a: Gardevoir|Substitute|p2a: Gardevoir
|-start|p2a: Gardevoir|Substitute
|-damage|p2a: Gardevoir|99\/293
|move|p1a: Bisharp|Iron Head|p2a: Gardevoir
|-supereffective|p2a: Gardevoir
|-end|p2a: Gardevoir|Substitute
|
|turn|3
|
|switch|p2a: Chesnaught|Chesnaught, F|379\/379
|move|p1a: Bisharp|Iron Head|p2a: Chesnaught
|-damage|p2a: Chesnaught|286\/379
|
|-heal|p2a: Chesnaught|309\/379|[from] item: Leftovers
|turn|4
|
|switch|p1a: Charizard|Charizard, F|325\/325
|switch|p2a: Tyranitar|Tyranitar, F|341\/341
|-weather|Sandstorm
|
|-weather|Sandstorm|[upkeep]
|-damage|p1a: Charizard|305\/325|[from] sandstorm
|turn|5
|
|switch|p1a: Keldeo|Keldeo|323\/323
|move|p2a: Tyranitar|Stealth Rock|p1a: Keldeo
|-sidestart|p1: LordRay|move: Stealth Rock
|
|-weather|Sandstorm|[upkeep]
|-damage|p1a: Keldeo|303\/323|[from] sandstorm
|turn|6
|
|switch|p2a: Starmie|Starmie|323\/323
|move|p1a: Keldeo|Hydro Pump|p2a: Starmie|[miss]
|-miss|p1a: Keldeo|p2a: Starmie
|
|-weather|Sandstorm|[upkeep]
|-damage|p1a: Keldeo|283\/323|[from] sandstorm
|-damage|p2a: Starmie|303\/323|[from] sandstorm
|-heal|p2a: Starmie|323\/323|[from] item: Leftovers
|turn|7
|leave|Redsox100
|
|switch|p1a: Bisharp|Bisharp, M|271\/271
|-damage|p1a: Bisharp|255\/271|[from] Stealth Rock
|switch|p2a: Chesnaught|Chesnaught, F|309\/379
|
|-weather|Sandstorm|[upkeep]
|-damage|p2a: Chesnaught|286\/379|[from] sandstorm
|-heal|p2a: Chesnaught|309\/379|[from] item: Leftovers
|turn|8
|
|switch|p1a: Mamoswine|Mamoswine, M|361\/361
|-damage|p1a: Mamoswine|316\/361|[from] Stealth Rock
|move|p2a: Chesnaught|Drain Punch|p1a: Mamoswine
|-supereffective|p1a: Mamoswine
|-damage|p1a: Mamoswine|106\/361
|-heal|p2a: Chesnaught|379\/379|[from] drain|[of] p1a: Mamoswine
|
|-weather|Sandstorm|[upkeep]
|-damage|p2a: Chesnaught|356\/379|[from] sandstorm
|-heal|p2a: Chesnaught|379\/379|[from] item: Leftovers
|turn|9
|
|switch|p2a: Starmie|Starmie|323\/323
|move|p1a: Mamoswine|Endeavor|p2a: Starmie
|-damage|p2a: Starmie|106\/323
|
|-weather|Sandstorm|[upkeep]
|-damage|p2a: Starmie|86\/323|[from] sandstorm
|-heal|p2a: Starmie|106\/323|[from] item: Leftovers
|turn|10
|
|move|p2a: Starmie|Recover|p2a: Starmie
|-heal|p2a: Starmie|268\/323
|move|p1a: Mamoswine|Earthquake|p2a: Starmie
|-damage|p2a: Starmie|66\/323
|
|-weather|Sandstorm|[upkeep]
|-damage|p2a: Starmie|46\/323|[from] sandstorm
|-heal|p2a: Starmie|66\/323|[from] item: Leftovers
|turn|11
|
|move|p1a: Mamoswine|Ice Shard|p2a: Starmie
|-resisted|p2a: Starmie
|-damage|p2a: Starmie|29\/323
|move|p2a: Starmie|Recover|p2a: Starmie
|-heal|p2a: Starmie|191\/323
|
|-weather|none
|-heal|p2a: Starmie|211\/323|[from] item: Leftovers
|turn|12
|
|switch|p1a: Keldeo|Keldeo|283\/323
|-damage|p1a: Keldeo|263\/323|[from] Stealth Rock
|move|p2a: Starmie|Scald|p1a: Keldeo
|-resisted|p1a: Keldeo
|-damage|p1a: Keldeo|212\/323
|
|-heal|p2a: Starmie|231\/323|[from] item: Leftovers
|turn|13
|leave|ArkarianUK
|
|move|p1a: Keldeo|Icy Wind|p2a: Starmie
|-resisted|p2a: Starmie
|-damage|p2a: Starmie|191\/323
|-unboost|p2a: Starmie|spe|1
|move|p2a: Starmie|Recover|p2a: Starmie
|-heal|p2a: Starmie|323\/323
|
|turn|14
|
|switch|p1a: Bisharp|Bisharp, M|255\/271
|-damage|p1a: Bisharp|239\/271|[from] Stealth Rock
|move|p2a: Starmie|Scald|p1a: Bisharp
|-damage|p1a: Bisharp|107\/271
|
|turn|15
|
|switch|p2a: Chesnaught|Chesnaught, F|379\/379
|move|p1a: Bisharp|Swords Dance|p1a: Bisharp
|-boost|p1a: Bisharp|atk|2
|
|turn|16
|
|move|p1a: Bisharp|Iron Head|p2a: Chesnaught
|-crit|p2a: Chesnaught
|-damage|p2a: Chesnaught|55\/379
|move|p2a: Chesnaught|Drain Punch|p1a: Bisharp
|-supereffective|p1a: Bisharp
|-damage|p1a: Bisharp|0 fnt
|-heal|p2a: Chesnaught|109\/379|[from] drain|[of] p1a: Bisharp
|faint|p1a: Bisharp
|
|-heal|p2a: Chesnaught|132\/379|[from] item: Leftovers
|
|switch|p1a: Mamoswine|Mamoswine, M|106\/361
|-damage|p1a: Mamoswine|61\/361|[from] Stealth Rock
|turn|17
|
|move|p1a: Mamoswine|Stealth Rock|p2a: Chesnaught
|-sidestart|p2: flashyjoey|move: Stealth Rock
|move|p2a: Chesnaught|Drain Punch|p1a: Mamoswine
|-supereffective|p1a: Mamoswine
|-damage|p1a: Mamoswine|0 fnt
|-heal|p2a: Chesnaught|163\/379|[from] drain|[of] p1a: Mamoswine
|faint|p1a: Mamoswine
|
|-heal|p2a: Chesnaught|186\/379|[from] item: Leftovers
|
|switch|p1a: Thundurus|Thundurus, M|299\/299
|-damage|p1a: Thundurus|225\/299|[from] Stealth Rock
|turn|18
|
|switch|p2a: Tyranitar|Tyranitar, F|341\/341
|-damage|p2a: Tyranitar|299\/341|[from] Stealth Rock
|-weather|Sandstorm
|move|p1a: Thundurus|Thunderbolt|p2a: Tyranitar
|-damage|p2a: Tyranitar|157\/341
|-damage|p1a: Thundurus|196\/299|[from] item: Life Orb
|
|-weather|Sandstorm|[upkeep]
|-damage|p1a: Thundurus|178\/299|[from] sandstorm
|turn|19
|
|switch|p2a: Gardevoir|Gardevoir-Mega, F|99\/293
|-damage|p2a: Gardevoir|63\/293|[from] Stealth Rock
|move|p1a: Thundurus|Focus Blast|p2a: Gardevoir
|-resisted|p2a: Gardevoir
|-damage|p2a: Gardevoir|27\/293
|-damage|p1a: Thundurus|149\/299|[from] item: Life Orb
|
|-weather|Sandstorm|[upkeep]
|-damage|p1a: Thundurus|131\/299|[from] sandstorm
|-damage|p2a: Gardevoir|9\/293|[from] sandstorm
|turn|20
|
|move|p1a: Thundurus|Dark Pulse|p2a: Gardevoir
|-damage|p2a: Gardevoir|0 fnt
|-damage|p1a: Thundurus|102\/299|[from] item: Life Orb
|faint|p2a: Gardevoir
|
|-weather|Sandstorm|[upkeep]
|-damage|p1a: Thundurus|84\/299|[from] sandstorm
|
|switch|p2a: Excadrill|Excadrill, F|361\/361
|-damage|p2a: Excadrill|350\/361|[from] Stealth Rock
|turn|21
|
|move|p2a: Excadrill|Iron Head|p1a: Thundurus
|-resisted|p1a: Thundurus
|-damage|p1a: Thundurus|0 fnt
|-damage|p2a: Excadrill|314\/361|[from] item: Life Orb
|faint|p1a: Thundurus
|
|-weather|Sandstorm|[upkeep]
|
|switch|p1a: Charizard|Charizard, F|305\/325
|-damage|p1a: Charizard|143\/325|[from] Stealth Rock
|turn|22
|
|move|p2a: Excadrill|Rock Slide|p1a: Charizard
|-supereffective|p1a: Charizard
|-damage|p1a: Charizard|0 fnt
|-damage|p2a: Excadrill|278\/361|[from] item: Life Orb
|faint|p1a: Charizard
|
|-weather|Sandstorm|[upkeep]
|
|switch|p1a: Keldeo|Keldeo|212\/323
|-damage|p1a: Keldeo|192\/323|[from] Stealth Rock
|turn|23
|
|move|p2a: Excadrill|Earthquake|p1a: Keldeo
|-damage|p1a: Keldeo|0 fnt
|-damage|p2a: Excadrill|242\/361|[from] item: Life Orb
|faint|p1a: Keldeo
|
|win|flashyjoey
|raw|Ladder updating...
|raw|LordRay's rating: 1605 &rarr; <strong>1582<\/strong><br \/>(-23 for losing)
|raw|flashyjoey's rating: 1560 &rarr; <strong>1583<\/strong><br \/>(+23 for winning)
|c|âflashyjoey|gg
|leave|Qwazz