|join|Prof.Celsius
|join|testintime
|player|p1|Prof.Celsius|285
|player|p2|testintime|162
|gametype|singles
|gen|6
|tier|UU
|rated
|rule|Sleep Clause Mod: Limit one foe put to sleep
|rule|Species Clause: Limit one of each PokÃ©mon
|rule|OHKO Clause: OHKO moves are banned
|rule|Moody Clause: Moody is banned
|rule|Evasion Moves Clause: Evasion moves are banned
|rule|Endless Battle Clause: Forcing endless battles is banned
|rule|HP Percentage Mod: HP is shown in percentages
|clearpoke
|poke|p1|Camerupt, M
|poke|p1|Diancie
|poke|p1|Chesnaught, M
|poke|p1|Honchkrow, F
|poke|p1|Snorlax, M
|poke|p1|Slowking, F
|poke|p2|Kyurem
|poke|p2|Haxorus, F
|poke|p2|Vaporeon, F
|poke|p2|Machamp, F
|poke|p2|Celebi
|poke|p2|Camerupt, F
|rule|Swagger Clause: Swagger is banned
|rule|Baton Pass Clause: Limit one PokÃ©mon knowing Baton Pass
|teampreview
|c|âtestintime|gl hf
|c|âProf.Celsius|u2
|
|start
|switch|p1a: Honchkrow|Honchkrow, F|341\/341
|switch|p2a: Vaporeon|Vaporeon, F|464\/464
|turn|1
|
|switch|p1a: Snorlax|Snorlax, M|497\/497
|move|p2a: Vaporeon|Toxic|p1a: Snorlax
|-status|p1a: Snorlax|tox
|
|-damage|p1a: Snorlax|466\/497 tox|[from] psn
|turn|2
|
|switch|p2a: Machamp|Machamp, F|361\/361
|switch|p1a: Chesnaught|Chesnaught, M|380\/380
|
|turn|3
|
|switch|p2a: Celebi|Celebi|404\/404
|move|p1a: Chesnaught|Substitute|p1a: Chesnaught
|-start|p1a: Chesnaught|Substitute
|-damage|p1a: Chesnaught|285\/380
|
|-heal|p1a: Chesnaught|308\/380|[from] item: Leftovers
|turn|4
|
|switch|p1a: Honchkrow|Honchkrow, F|341\/341
|move|p2a: Celebi|Giga Drain|p1a: Honchkrow
|-resisted|p1a: Honchkrow
|-damage|p1a: Honchkrow|266\/341
|
|turn|5
|
|move|p1a: Honchkrow|Pursuit|p2a: Celebi|[from]Pursuit
|-supereffective|p2a: Celebi
|-damage|p2a: Celebi|30\/404
|-damage|p1a: Honchkrow|232\/341|[from] item: Life Orb
|switch|p2a: Vaporeon|Vaporeon, F|464\/464
|
|turn|6
|
|move|p1a: Honchkrow|Brave Bird|p2a: Vaporeon
|-damage|p2a: Vaporeon|156\/464
|-damage|p1a: Honchkrow|130\/341|[from] recoil|[of] p2a: Vaporeon
|-damage|p1a: Honchkrow|96\/341|[from] item: Life Orb
|move|p2a: Vaporeon|Baton Pass|p2a: Vaporeon
|
|switch|p2a: Kyurem|Kyurem|391\/391
|-ability|p2a: Kyurem|Pressure
|
|turn|7
|
|switch|p1a: Snorlax|Snorlax, M|466\/497 tox
|move|p2a: Kyurem|Ice Beam|p1a: Snorlax
|-damage|p1a: Snorlax|388\/497 tox
|-damage|p2a: Kyurem|352\/391|[from] item: Life Orb
|
|-heal|p1a: Snorlax|419\/497 tox|[from] item: Leftovers
|-damage|p1a: Snorlax|388\/497 tox|[from] psn
|turn|8
|
|switch|p2a: Machamp|Machamp, F|361\/361
|switch|p1a: Diancie|Diancie|304\/304
|
|turn|9
|
|switch|p1a: Chesnaught|Chesnaught, M|308\/380
|move|p2a: Machamp|Heavy Slam|p1a: Chesnaught
|-crit|p1a: Chesnaught
|-damage|p1a: Chesnaught|246\/380
|
|-heal|p1a: Chesnaught|269\/380|[from] item: Leftovers
|turn|10
|
|-singleturn|p1a: Chesnaught|move: Focus Punch
|switch|p2a: Celebi|Celebi|30\/404
|move|p1a: Chesnaught|Focus Punch|p2a: Celebi
|-resisted|p2a: Celebi
|-damage|p2a: Celebi|0 fnt
|faint|p2a: Celebi
|
|-heal|p1a: Chesnaught|292\/380|[from] item: Leftovers
|
|switch|p2a: Kyurem|Kyurem|352\/391
|-ability|p2a: Kyurem|Pressure
|turn|11
|
|switch|p2a: Machamp|Machamp, F|361\/361
|switch|p1a: Diancie|Diancie|304\/304
|
|turn|12
|
|switch|p1a: Slowking|Slowking, F|393\/393
|move|p2a: Machamp|Knock Off|p1a: Slowking
|-supereffective|p1a: Slowking
|-damage|p1a: Slowking|73\/393
|-enditem|p1a: Slowking|Leftovers|[from] move: Knock Off|[of] p2a: Machamp
|
|turn|13
|
|switch|p1a: Chesnaught|Chesnaught, M|292\/380
|move|p2a: Machamp|Knock Off|p1a: Chesnaught
|-resisted|p1a: Chesnaught
|-damage|p1a: Chesnaught|246\/380
|-enditem|p1a: Chesnaught|Leftovers|[from] move: Knock Off|[of] p2a: Machamp
|
|turn|14
|
|switch|p2a: Kyurem|Kyurem|352\/391
|-ability|p2a: Kyurem|Pressure
|move|p1a: Chesnaught|Substitute|p1a: Chesnaught
|-start|p1a: Chesnaught|Substitute
|-damage|p1a: Chesnaught|151\/380
|
|turn|15
|
|-singleturn|p1a: Chesnaught|move: Focus Punch
|move|p2a: Kyurem|Ice Beam|p1a: Chesnaught
|-supereffective|p1a: Chesnaught
|-end|p1a: Chesnaught|Substitute
|-damage|p2a: Kyurem|313\/391|[from] item: Life Orb
|move|p1a: Chesnaught|Focus Punch|p2a: Kyurem
|-supereffective|p2a: Kyurem
|-damage|p2a: Kyurem|0 fnt
|faint|p2a: Kyurem
|
|-message|testintime forfeited.
|leave|testintime
|
|win|Prof.Celsius
|raw|Ladder updating...
|player|p2
|raw|Prof.Celsius's rating: 1395 &rarr; <strong>1412<\/strong><br \/>(+17 for winning)
|raw|testintime's rating: 1329 &rarr; <strong>1313<\/strong><br \/>(-16 for losing)