|join|PsyZen
|join|sean1993
|player|p1|PsyZen|101
|player|p2|sean1993|1
|gametype|singles
|gen|6
|tier|OU
|rated
|clearpoke
|poke|p1|Terrakion
|poke|p1|Bisharp, F
|poke|p1|Charizard, F
|poke|p1|Landorus-Therian, M
|poke|p1|Azumarill, F
|poke|p1|Latios, M
|poke|p2|Suicune
|poke|p2|Victini
|poke|p2|Medicham, F
|poke|p2|Excadrill, F
|poke|p2|Landorus-Therian, M
|poke|p2|Clefable, F
|rule|Swagger Clause: Swagger is banned
|rule|Baton Pass Clause: Limit one PokÃ©mon knowing Baton Pass
|rule|Sleep Clause Mod: Limit one foe put to sleep
|rule|Species Clause: Limit one of each PokÃ©mon
|rule|OHKO Clause: OHKO moves are banned
|rule|Moody Clause: Moody is banned
|rule|Evasion Moves Clause: Evasion moves are banned
|rule|Endless Battle Clause: Forcing endless battles is banned
|rule|HP Percentage Mod: HP is shown in percentages
|teampreview
|
|start
|switch|p1a: Terrakion|Terrakion|323\/323
|switch|p2a: Medicham|Medicham, F|261\/261
|turn|1
|
|detailschange|p2a: Medicham|Medicham-Mega, F
|message|Medicham has Mega Evolved into Mega Medicham!
|move|p2a: Medicham|Fake Out|p1a: Terrakion
|-resisted|p1a: Terrakion
|-damage|p1a: Terrakion|276\/323
|cant|p1a: Terrakion|flinch
|
|turn|2
|
|move|p1a: Terrakion|Stealth Rock|p2a: Medicham
|-sidestart|p2: sean1993|move: Stealth Rock
|move|p2a: Medicham|High Jump Kick|p1a: Terrakion
|-supereffective|p1a: Terrakion
|-damage|p1a: Terrakion|0 fnt
|faint|p1a: Terrakion
|
|
|switch|p1a: Landorus-Therian|Landorus-Therian, M|320\/320
|-ability|p1a: Landorus-Therian|Intimidate|[of] p2a: Medicham
|-unboost|p2a: Medicham|atk|1
|turn|3
|
|move|p1a: Landorus-Therian|U-turn|p2a: Medicham
|-damage|p2a: Medicham|156\/261
|
|switch|p1a: Azumarill|Azumarill, F|404\/404
|move|p2a: Medicham|Ice Punch|p1a: Azumarill
|-resisted|p1a: Azumarill
|-damage|p1a: Azumarill|348\/404
|
|turn|4
|
|switch|p2a: Clefable|Clefable, F|394\/394
|move|p1a: Azumarill|Play Rough|p2a: Clefable
|-damage|p2a: Clefable|174\/394
|
|-heal|p2a: Clefable|198\/394|[from] item: Leftovers
|turn|5
|
|switch|p2a: Landorus-Therian|Landorus-Therian, M|382\/382
|-damage|p2a: Landorus-Therian|335\/382|[from] Stealth Rock
|-ability|p2a: Landorus-Therian|Intimidate|[of] p1a: Azumarill
|-unboost|p1a: Azumarill|atk|1
|move|p1a: Azumarill|Play Rough|p2a: Landorus-Therian
|-damage|p2a: Landorus-Therian|221\/382
|
|-heal|p2a: Landorus-Therian|244\/382|[from] item: Leftovers
|turn|6
|
|move|p2a: Landorus-Therian|U-turn|p1a: Azumarill
|-resisted|p1a: Azumarill
|-damage|p1a: Azumarill|298\/404
|
|switch|p2a: Excadrill|Excadrill, F|361\/361
|-damage|p2a: Excadrill|350\/361|[from] Stealth Rock
|-ability|p2a: Excadrill|Mold Breaker
|move|p1a: Azumarill|Waterfall|p2a: Excadrill
|-supereffective|p2a: Excadrill
|-damage|p2a: Excadrill|8\/361
|
|turn|7
|
|move|p1a: Azumarill|Aqua Jet|p2a: Excadrill
|-supereffective|p2a: Excadrill
|-damage|p2a: Excadrill|0 fnt
|faint|p2a: Excadrill
|
|
|switch|p2a: Landorus-Therian|Landorus-Therian, M|244\/382
|-damage|p2a: Landorus-Therian|197\/382|[from] Stealth Rock
|-ability|p2a: Landorus-Therian|Intimidate|[of] p1a: Azumarill
|-unboost|p1a: Azumarill|atk|1
|turn|8
|
|switch|p2a: Suicune|Suicune|403\/403
|-damage|p2a: Suicune|353\/403|[from] Stealth Rock
|-ability|p2a: Suicune|Pressure
|move|p1a: Azumarill|Play Rough|p2a: Suicune
|-damage|p2a: Suicune|287\/403
|
|-heal|p2a: Suicune|312\/403|[from] item: Leftovers
|turn|9
|
|switch|p1a: Latios|Latios, M|302\/302
|move|p2a: Suicune|Calm Mind|p2a: Suicune
|-boost|p2a: Suicune|spa|1
|-boost|p2a: Suicune|spd|1
|
|-heal|p2a: Suicune|337\/403|[from] item: Leftovers
|turn|10
|
|move|p1a: Latios|Thunderbolt|p2a: Suicune
|-supereffective|p2a: Suicune
|-damage|p2a: Suicune|165\/403
|-damage|p1a: Latios|272\/302|[from] item: Life Orb
|move|p2a: Suicune|Calm Mind|p2a: Suicune
|-boost|p2a: Suicune|spa|1
|-boost|p2a: Suicune|spd|1
|
|-heal|p2a: Suicune|190\/403|[from] item: Leftovers
|turn|11
|
|move|p1a: Latios|Thunderbolt|p2a: Suicune
|-supereffective|p2a: Suicune
|-damage|p2a: Suicune|68\/403
|-damage|p1a: Latios|242\/302|[from] item: Life Orb
|move|p2a: Suicune|Rest|p2a: Suicune
|-status|p2a: Suicune|slp
|-heal|p2a: Suicune|403\/403 slp|[silent]
|-status|p2a: Suicune|slp|[from] move: Rest
|
|turn|12
|
|switch|p1a: Charizard|Charizard, F|298\/298
|cant|p2a: Suicune|slp
|move|p2a: Suicune|Sleep Talk|p2a: Suicune
|move|p2a: Suicune|Calm Mind|p2a: Suicune|[from]Sleep Talk
|-boost|p2a: Suicune|spa|1
|-boost|p2a: Suicune|spd|1
|
|turn|13
|
|detailschange|p1a: Charizard|Charizard-Mega-X, F
|message|Charizard has Mega Evolved into Mega Charizard!
|move|p1a: Charizard|Dragon Dance|p1a: Charizard
|-boost|p1a: Charizard|atk|1
|-boost|p1a: Charizard|spe|1
|cant|p2a: Suicune|slp
|move|p2a: Suicune|Sleep Talk|p2a: Suicune
|move|p2a: Suicune|Calm Mind|p2a: Suicune|[from]Sleep Talk
|-boost|p2a: Suicune|spa|1
|-boost|p2a: Suicune|spd|1
|
|turn|14
|
|move|p1a: Charizard|Dragon Claw|p2a: Suicune
|-crit|p2a: Suicune
|-damage|p2a: Suicune|144\/403 slp
|-curestatus|p2a: Suicune|slp
|move|p2a: Suicune|Scald|p1a: Charizard
|-damage|p1a: Charizard|0 fnt
|faint|p1a: Charizard
|
|-heal|p2a: Suicune|169\/403|[from] item: Leftovers
|
|switch|p1a: Landorus-Therian|Landorus-Therian, M|320\/320
|-ability|p1a: Landorus-Therian|Intimidate|[of] p2a: Suicune
|-unboost|p2a: Suicune|atk|1
|turn|15
|
|move|p1a: Landorus-Therian|Earthquake|p2a: Suicune
|-crit|p2a: Suicune
|-damage|p2a: Suicune|0 fnt
|faint|p2a: Suicune
|
|
|switch|p2a: Landorus-Therian|Landorus-Therian, M|197\/382
|-damage|p2a: Landorus-Therian|150\/382|[from] Stealth Rock
|-ability|p2a: Landorus-Therian|Intimidate|[of] p1a: Landorus-Therian
|-unboost|p1a: Landorus-Therian|atk|1
|turn|16
|
|switch|p1a: Azumarill|Azumarill, F|298\/404
|move|p2a: Landorus-Therian|U-turn|p1a: Azumarill
|-crit|p1a: Azumarill
|-resisted|p1a: Azumarill
|-damage|p1a: Azumarill|226\/404
|
|switch|p2a: Clefable|Clefable, F|198\/394
|
|-heal|p2a: Clefable|222\/394|[from] item: Leftovers
|turn|17
|
|move|p2a: Clefable|Moonblast|p1a: Azumarill
|-damage|p1a: Azumarill|144\/404
|-unboost|p1a: Azumarill|spa|1
|move|p1a: Azumarill|Play Rough|p2a: Clefable
|-damage|p2a: Clefable|20\/394
|
|-heal|p2a: Clefable|44\/394|[from] item: Leftovers
|turn|18
|
|move|p1a: Azumarill|Aqua Jet|p2a: Clefable
|-damage|p2a: Clefable|0 fnt
|faint|p2a: Clefable
|
|
|switch|p2a: Medicham|Medicham-Mega, F|156\/261
|-damage|p2a: Medicham|140\/261|[from] Stealth Rock
|turn|19
|
|move|p2a: Medicham|Fake Out|p1a: Azumarill
|-damage|p1a: Azumarill|51\/404
|cant|p1a: Azumarill|flinch
|
|turn|20
|
|move|p1a: Azumarill|Aqua Jet|p2a: Medicham
|-damage|p2a: Medicham|34\/261
|move|p2a: Medicham|Zen Headbutt|p1a: Azumarill
|-damage|p1a: Azumarill|0 fnt
|faint|p1a: Azumarill
|
|
|switch|p1a: Landorus-Therian|Landorus-Therian, M|320\/320
|-ability|p1a: Landorus-Therian|Intimidate|[of] p2a: Medicham
|-unboost|p2a: Medicham|atk|1
|turn|21
|
|switch|p2a: Landorus-Therian|Landorus-Therian, M|150\/382
|-damage|p2a: Landorus-Therian|103\/382|[from] Stealth Rock
|-ability|p2a: Landorus-Therian|Intimidate|[of] p1a: Landorus-Therian
|-unboost|p1a: Landorus-Therian|atk|1
|move|p1a: Landorus-Therian|U-turn|p2a: Landorus-Therian
|-resisted|p2a: Landorus-Therian
|-damage|p2a: Landorus-Therian|79\/382
|
|switch|p1a: Bisharp|Bisharp, F|272\/272
|
|-heal|p2a: Landorus-Therian|102\/382|[from] item: Leftovers
|turn|22
|
|switch|p2a: Victini|Victini|341\/341
|-damage|p2a: Victini|256\/341|[from] Stealth Rock
|move|p1a: Bisharp|Sucker Punch|p2a: Victini
|-fail|p2a: Victini
|
|turn|23
|
|switch|p1a: Landorus-Therian|Landorus-Therian, M|320\/320
|-ability|p1a: Landorus-Therian|Intimidate|[of] p2a: Victini
|-unboost|p2a: Victini|atk|1
|move|p2a: Victini|V-create|p1a: Landorus-Therian
|-damage|p1a: Landorus-Therian|113\/320
|-unboost|p2a: Victini|def|1
|-unboost|p2a: Victini|spd|1
|-unboost|p2a: Victini|spe|1
|
|turn|24
|
|move|p1a: Landorus-Therian|Earthquake|p2a: Victini
|-supereffective|p2a: Victini
|-damage|p2a: Victini|0 fnt
|faint|p2a: Victini
|
|
|switch|p2a: Landorus-Therian|Landorus-Therian, M|102\/382
|-damage|p2a: Landorus-Therian|55\/382|[from] Stealth Rock
|-ability|p2a: Landorus-Therian|Intimidate|[of] p1a: Landorus-Therian
|-unboost|p1a: Landorus-Therian|atk|1
|turn|25
|
|move|p1a: Landorus-Therian|Earthquake|p2a: Landorus-Therian
|-immune|p2a: Landorus-Therian|[msg]
|move|p2a: Landorus-Therian|Earthquake|p1a: Landorus-Therian
|-immune|p1a: Landorus-Therian|[msg]
|
|-heal|p2a: Landorus-Therian|78\/382|[from] item: Leftovers
|turn|26
|
|move|p1a: Landorus-Therian|Earthquake|p2a: Landorus-Therian
|-immune|p2a: Landorus-Therian|[msg]
|move|p2a: Landorus-Therian|Stone Edge|p1a: Landorus-Therian|[miss]
|-miss|p2a: Landorus-Therian|p1a: Landorus-Therian
|
|-heal|p2a: Landorus-Therian|101\/382|[from] item: Leftovers
|turn|27
|
|switch|p1a: Latios|Latios, M|242\/302
|move|p2a: Landorus-Therian|Stone Edge|p1a: Latios
|-damage|p1a: Latios|96\/302
|
|-heal|p2a: Landorus-Therian|124\/382|[from] item: Leftovers
|turn|28
|
|move|p1a: Latios|Psyshock|p2a: Landorus-Therian
|-damage|p2a: Landorus-Therian|0 fnt
|-damage|p1a: Latios|66\/302|[from] item: Life Orb
|faint|p2a: Landorus-Therian
|
|
|switch|p2a: Medicham|Medicham-Mega, F|34\/261
|-damage|p2a: Medicham|18\/261|[from] Stealth Rock
|turn|29
|
|move|p2a: Medicham|Fake Out|p1a: Latios
|-damage|p1a: Latios|0 fnt
|faint|p1a: Latios
|
|
|switch|p1a: Landorus-Therian|Landorus-Therian, M|113\/320
|-ability|p1a: Landorus-Therian|Intimidate|[of] p2a: Medicham
|-unboost|p2a: Medicham|atk|1
|turn|30
|
|move|p1a: Landorus-Therian|U-turn|p2a: Medicham
|-damage|p2a: Medicham|0 fnt
|faint|p2a: Medicham
|
|win|PsyZen
|raw|Ladder updating...
|raw|PsyZen's rating: 1693 &rarr; <strong>1718<\/strong><br \/>(+25 for winning)
|raw|sean1993's rating: 1769 &rarr; <strong>1744<\/strong><br \/>(-25 for losing)
|leave|sean1993
|player|p2