|join|sean1993
|join|imo tbh
|player|p1|sean1993|266
|player|p2|imo tbh|134
|gametype|singles
|gen|6
|tier|OU
|rated
|clearpoke
|poke|p1|Greninja, F
|poke|p1|Thundurus, M
|poke|p1|Victini
|poke|p1|Conkeldurr, M
|poke|p1|Landorus-Therian, M
|poke|p1|Gardevoir, M
|poke|p2|Greninja, F, shiny
|poke|p2|Gengar, F, shiny
|poke|p2|Aegislash, F, shiny
|poke|p2|Clefable, F
|poke|p2|Garchomp, M
|poke|p2|Scizor, M
|rule|Sleep Clause Mod: Limit one foe put to sleep
|rule|Species Clause: Limit one of each Pokemon
|rule|OHKO Clause: OHKO moves are banned
|rule|Moody Clause: Moody is banned
|rule|Evasion Moves Clause: Evasion moves are banned
|rule|Endless Battle Clause: Forcing endless battles is banned.
|rule|HP Percentage Mod: HP is reported as percentages
|teampreview
|
|start
|switch|p1a: Thundurus|Thundurus, M|299\/299
|switch|p2a: Garchomp|Garchomp, M|358\/358
|turn|1
|
|move|p1a: Thundurus|Hidden Power|p2a: Garchomp
|-supereffective|p2a: Garchomp
|-enditem|p2a: Garchomp|Focus Sash
|-damage|p2a: Garchomp|1\/358
|-damage|p1a: Thundurus|270\/299|[from] item: Life Orb
|move|p2a: Garchomp|Rock Slide|p1a: Thundurus
|-miss|p2a: Garchomp|p1a: Thundurus
|
|turn|2
|
|switch|p2a: Scizor|Scizor, M|324\/324
|move|p1a: Thundurus|Sludge Wave|p2a: Scizor
|-immune|p2a: Scizor|[msg]
|
|turn|3
|
|move|p1a: Thundurus|Thunderbolt|p2a: Scizor
|-damage|p2a: Scizor|143\/324
|-damage|p1a: Thundurus|241\/299|[from] item: Life Orb
|move|p2a: Scizor|Knock Off|p1a: Thundurus
|-damage|p1a: Thundurus|100\/299
|-enditem|p1a: Thundurus|Life Orb|[from] move: Knock Off|[of] p2a: Scizor
|
|-heal|p2a: Scizor|163\/324|[from] item: Leftovers
|turn|4
|
|move|p1a: Thundurus|Thunderbolt|p2a: Scizor
|-damage|p2a: Scizor|36\/324
|move|p2a: Scizor|Roost|p2a: Scizor
|-heal|p2a: Scizor|198\/324
|
|-heal|p2a: Scizor|218\/324|[from] item: Leftovers
|turn|5
|
|switch|p1a: Victini|Victini|341\/341
|move|p2a: Scizor|Knock Off|p1a: Victini
|-supereffective|p1a: Victini
|-damage|p1a: Victini|135\/341
|-enditem|p1a: Victini|Choice Scarf|[from] move: Knock Off|[of] p2a: Scizor
|
|-heal|p2a: Scizor|238\/324|[from] item: Leftovers
|turn|6
|
|switch|p2a: Clefable|Clefable, F|394\/394
|move|p1a: Victini|V-create|p2a: Clefable
|-damage|p2a: Clefable|145\/394
|-unboost|p1a: Victini|def|1
|-unboost|p1a: Victini|spd|1
|-unboost|p1a: Victini|spe|1
|
|-heal|p2a: Clefable|169\/394|[from] item: Leftovers
|turn|7
|
|move|p1a: Victini|V-create|p2a: Clefable
|-damage|p2a: Clefable|0 fnt
|-unboost|p1a: Victini|def|1
|-unboost|p1a: Victini|spd|1
|-unboost|p1a: Victini|spe|1
|faint|p2a: Clefable
|
|
|switch|p2a: Garchomp|Garchomp, M|1\/358
|turn|8
|
|switch|p1a: Landorus-Therian|Landorus-Therian, M|319\/319
|-ability|p1a: Landorus-Therian|Intimidate|[of] p2a: Garchomp
|-unboost|p2a: Garchomp|atk|1
|move|p2a: Garchomp|Rock Slide|p1a: Landorus-Therian
|-damage|p1a: Landorus-Therian|249\/319
|
|turn|9
|
|move|p2a: Garchomp|Stealth Rock|p1a: Landorus-Therian
|-sidestart|p1: sean1993|move: Stealth Rock
|move|p1a: Landorus-Therian|Earthquake|p2a: Garchomp
|-damage|p2a: Garchomp|0 fnt
|faint|p2a: Garchomp
|
|
|switch|p2a: Greninja|Greninja, F, shiny|286\/286
|turn|10
|
|switch|p1a: Conkeldurr|Conkeldurr, M|352\/352
|-damage|p1a: Conkeldurr|330\/352|[from] Stealth Rock
|-start|p2a: Greninja|typechange|Bug|[from] Protean
|move|p2a: Greninja|U-turn|p1a: Conkeldurr
|-resisted|p1a: Conkeldurr
|-damage|p1a: Conkeldurr|275\/352
|-damage|p2a: Greninja|258\/286|[from] item: Life Orb
|
|switch|p2a: Scizor|Scizor, M|238\/324
|
|-heal|p2a: Scizor|258\/324|[from] item: Leftovers
|turn|11
|
|move|p2a: Scizor|Knock Off|p1a: Conkeldurr
|-resisted|p1a: Conkeldurr
|-damage|p1a: Conkeldurr|218\/352
|-enditem|p1a: Conkeldurr|Assault Vest|[from] move: Knock Off|[of] p2a: Scizor
|move|p1a: Conkeldurr|Fire Punch|p2a: Scizor
|-supereffective|p2a: Scizor
|-damage|p2a: Scizor|0 fnt
|faint|p2a: Scizor
|
|
|switch|p2a: Greninja|Greninja, F, shiny|258\/286
|turn|12
|
|move|p1a: Conkeldurr|Mach Punch|p2a: Greninja
|-supereffective|p2a: Greninja
|-damage|p2a: Greninja|0 fnt
|faint|p2a: Greninja
|
|
|switch|p2a: Gengar|Gengar, F, shiny|262\/262
|turn|13
|
|move|p2a: Gengar|Sludge Wave|p1a: Conkeldurr
|-crit|p1a: Conkeldurr
|-damage|p1a: Conkeldurr|0 fnt
|faint|p1a: Conkeldurr
|
|
|switch|p1a: Landorus-Therian|Landorus-Therian, M|249\/319
|-damage|p1a: Landorus-Therian|210\/319|[from] Stealth Rock
|-ability|p1a: Landorus-Therian|Intimidate|[of] p2a: Gengar
|-unboost|p2a: Gengar|atk|1
|turn|14
|
|move|p2a: Gengar|Shadow Ball|p1a: Landorus-Therian
|-damage|p1a: Landorus-Therian|123\/319
|move|p1a: Landorus-Therian|Earthquake|p2a: Gengar
|-immune|p2a: Gengar|[msg]
|
|turn|15
|
|move|p2a: Gengar|Substitute|p2a: Gengar
|-start|p2a: Gengar|Substitute
|-damage|p2a: Gengar|197\/262
|move|p1a: Landorus-Therian|Payback|p2a: Gengar
|-supereffective|p2a: Gengar
|-end|p2a: Gengar|Substitute
|
|-heal|p2a: Gengar|213\/262|[from] item: Black Sludge
|turn|16
|
|move|p2a: Gengar|Will-O-Wisp|p1a: Landorus-Therian
|-status|p1a: Landorus-Therian|brn
|move|p1a: Landorus-Therian|Payback|p2a: Gengar
|-supereffective|p2a: Gengar
|-damage|p2a: Gengar|1\/262
|
|-heal|p2a: Gengar|17\/262|[from] item: Black Sludge
|-damage|p1a: Landorus-Therian|84\/319 brn|[from] brn
|turn|17
|
|move|p2a: Gengar|Shadow Ball|p1a: Landorus-Therian
|-damage|p1a: Landorus-Therian|0 fnt
|faint|p1a: Landorus-Therian
|
|-heal|p2a: Gengar|33\/262|[from] item: Black Sludge
|
|switch|p1a: Greninja|Greninja, F|285\/285
|-damage|p1a: Greninja|250\/285|[from] Stealth Rock
|turn|18
|
|move|p2a: Gengar|Sludge Wave|p1a: Greninja
|-damage|p1a: Greninja|45\/285
|-start|p1a: Greninja|typechange|Fire|[from] Protean
|move|p1a: Greninja|Hidden Power|p2a: Gengar
|-damage|p2a: Gengar|0 fnt
|faint|p2a: Gengar
|
|
|switch|p2a: Aegislash|Aegislash, F, shiny|272\/272
|-item|p2a: Aegislash|Air Balloon
|turn|19
|
|-formechange|p2a: Aegislash|Aegislash-Blade
|move|p2a: Aegislash|Shadow Sneak|p1a: Greninja
|-damage|p1a: Greninja|0 fnt
|faint|p1a: Greninja
|
|
|switch|p1a: Gardevoir|Gardevoir, M|296\/296
|-damage|p1a: Gardevoir|259\/296|[from] Stealth Rock
|turn|20
|
|-formechange|p1a: Gardevoir|Gardevoir-Mega
|message|Gardevoir has Mega Evolved into Mega Gardevoir!
|move|p1a: Gardevoir|Moonblast|p2a: Aegislash
|-resisted|p2a: Aegislash
|-damage|p2a: Aegislash|91\/272
|-enditem|p2a: Aegislash|Air Balloon
|move|p2a: Aegislash|Shadow Ball|p1a: Gardevoir
|-supereffective|p1a: Gardevoir
|-damage|p1a: Gardevoir|0 fnt
|faint|p1a: Gardevoir
|
|
|switch|p1a: Thundurus|Thundurus, M|100\/299
|-damage|p1a: Thundurus|26\/299|[from] Stealth Rock
|turn|21
|
|move|p2a: Aegislash|Shadow Sneak|p1a: Thundurus
|-damage|p1a: Thundurus|0 fnt
|faint|p1a: Thundurus
|
|
|switch|p1a: Victini|Victini|135\/341
|-damage|p1a: Victini|50\/341|[from] Stealth Rock
|turn|22
|
|move|p2a: Aegislash|Shadow Sneak|p1a: Victini
|-supereffective|p1a: Victini
|-damage|p1a: Victini|0 fnt
|faint|p1a: Victini
|
|win|imo tbh
|raw|Ladder updating...
|raw|sean1993's rating: 1484 &rarr; <strong>1461<\/strong><br \/>(-23 for losing)
|raw|imo tbh's rating: 1435 &rarr; <strong>1458<\/strong><br \/>(+23 for winning)
|chat|imo tbh|gg
|leave|sean1993
|player|p1