|join|sean1993
|join|purpz35
|player|p1|sean1993|1
|player|p2|purpz35|170
|gametype|singles
|gen|6
|tier|OU
|rated
|clearpoke
|poke|p1|Landorus, M
|poke|p1|Talonflame, M
|poke|p1|Excadrill, F
|poke|p1|Thundurus, M
|poke|p1|Suicune
|poke|p1|Heracross, F
|poke|p2|Slowbro, M
|poke|p2|Amoonguss, F
|poke|p2|Heatran, F
|poke|p2|Heracross, F
|poke|p2|Mandibuzz, F
|poke|p2|Chansey, F
|rule|Swagger Clause: Swagger is banned
|rule|Baton Pass Clause: Limit three PokÃ©mon knowing Baton Pass
|rule|Sleep Clause Mod: Limit one foe put to sleep
|rule|Species Clause: Limit one of each PokÃ©mon
|rule|OHKO Clause: OHKO moves are banned
|rule|Moody Clause: Moody is banned
|rule|Evasion Moves Clause: Evasion moves are banned
|rule|Endless Battle Clause: Forcing endless battles is banned
|rule|HP Percentage Mod: HP is reported as percentages
|teampreview
|
|start
|switch|p1a: Thundurus|Thundurus, M|300\/300
|switch|p2a: Amoonguss|Amoonguss, F|432\/432
|turn|1
|
|move|p1a: Thundurus|Taunt|p2a: Amoonguss
|-start|p2a: Amoonguss|move: Taunt
|cant|p2a: Amoonguss|move: Taunt|Spore
|
|turn|2
|
|switch|p2a: Chansey|Chansey, F|704\/704
|move|p1a: Thundurus|Knock Off|p2a: Chansey
|-damage|p2a: Chansey|253\/704
|-enditem|p2a: Chansey|Eviolite|[from] move: Knock Off|[of] p1a: Thundurus
|-damage|p1a: Thundurus|270\/300|[from] item: Life Orb
|
|turn|3
|
|move|p1a: Thundurus|Superpower|p2a: Chansey
|-supereffective|p2a: Chansey
|-damage|p2a: Chansey|0 fnt
|-unboost|p1a: Thundurus|atk|1
|-unboost|p1a: Thundurus|def|1
|-damage|p1a: Thundurus|240\/300|[from] item: Life Orb
|faint|p2a: Chansey
|
|
|switch|p2a: Slowbro|Slowbro, M|394\/394
|turn|4
|
|switch|p2a: Amoonguss|Amoonguss, F|432\/432
|move|p1a: Thundurus|Knock Off|p2a: Amoonguss
|-damage|p2a: Amoonguss|331\/432
|-enditem|p2a: Amoonguss|Black Sludge|[from] move: Knock Off|[of] p1a: Thundurus
|-damage|p1a: Thundurus|210\/300|[from] item: Life Orb
|
|turn|5
|
|switch|p1a: Heracross|Heracross, F|351\/351
|move|p2a: Amoonguss|Giga Drain|p1a: Heracross
|-resisted|p1a: Heracross
|-damage|p1a: Heracross|314\/351
|-heal|p2a: Amoonguss|350\/432|[from] drain|[of] p1a: Heracross
|
|turn|6
|
|detailschange|p1a: Heracross|Heracross-Mega, F
|message|Heracross has Mega Evolved into Mega Heracross!
|move|p1a: Heracross|Rock Blast|p2a: Amoonguss
|-damage|p2a: Amoonguss|309\/432
|-damage|p2a: Amoonguss|266\/432
|-damage|p2a: Amoonguss|226\/432
|-damage|p2a: Amoonguss|183\/432
|-damage|p2a: Amoonguss|136\/432
|-hitcount|p2a: Amoonguss|5
|move|p2a: Amoonguss|Spore|p1a: Heracross
|-status|p1a: Heracross|slp
|
|turn|7
|
|switch|p1a: Talonflame|Talonflame, M|297\/297
|switch|p2a: Heatran|Heatran, F|386\/386
|
|turn|8
|
|move|p1a: Talonflame|U-turn|p2a: Heatran
|-resisted|p2a: Heatran
|-damage|p2a: Heatran|365\/386
|
|switch|p1a: Landorus|Landorus, M|320\/320
|move|p2a: Heatran|Stealth Rock|p1a: Landorus
|-sidestart|p1: sean1993|move: Stealth Rock
|
|-heal|p2a: Heatran|386\/386|[from] item: Leftovers
|turn|9
|
|switch|p2a: Mandibuzz|Mandibuzz, F|424\/424
|move|p1a: Landorus|Hidden Power|p2a: Mandibuzz
|-supereffective|p2a: Mandibuzz
|-damage|p2a: Mandibuzz|250\/424
|-damage|p1a: Landorus|288\/320|[from] item: Life Orb
|
|turn|10
|
|move|p1a: Landorus|Hidden Power|p2a: Mandibuzz
|-supereffective|p2a: Mandibuzz
|-damage|p2a: Mandibuzz|68\/424
|-damage|p1a: Landorus|256\/320|[from] item: Life Orb
|move|p2a: Mandibuzz|Roost|p2a: Mandibuzz
|-heal|p2a: Mandibuzz|280\/424
|
|turn|11
|
|switch|p1a: Suicune|Suicune|403\/403
|-damage|p1a: Suicune|353\/403|[from] Stealth Rock
|-ability|p1a: Suicune|Pressure
|move|p2a: Mandibuzz|Roost|p2a: Mandibuzz
|-heal|p2a: Mandibuzz|424\/424
|
|-heal|p1a: Suicune|378\/403|[from] item: Leftovers
|turn|12
|
|switch|p2a: Amoonguss|Amoonguss, F|280\/432
|move|p1a: Suicune|Calm Mind|p1a: Suicune
|-boost|p1a: Suicune|spa|1
|-boost|p1a: Suicune|spd|1
|
|-heal|p1a: Suicune|403\/403|[from] item: Leftovers
|turn|13
|
|move|p1a: Suicune|Calm Mind|p1a: Suicune
|-boost|p1a: Suicune|spa|1
|-boost|p1a: Suicune|spd|1
|move|p2a: Amoonguss|Clear Smog|p1a: Suicune
|-damage|p1a: Suicune|378\/403
|-clearboost|p1a: Suicune
|
|-heal|p1a: Suicune|403\/403|[from] item: Leftovers
|turn|14
|
|switch|p1a: Heracross|Heracross-Mega, F|314\/351 slp
|-damage|p1a: Heracross|271\/351 slp|[from] Stealth Rock
|move|p2a: Amoonguss|Giga Drain|p1a: Heracross
|-resisted|p1a: Heracross
|-damage|p1a: Heracross|235\/351 slp
|-heal|p2a: Amoonguss|298\/432|[from] drain|[of] p1a: Heracross
|
|turn|15
|
|switch|p2a: Heatran|Heatran, F|386\/386
|cant|p1a: Heracross|slp
|
|turn|16
|
|cant|p1a: Heracross|slp
|move|p2a: Heatran|Lava Plume|p1a: Heracross
|-supereffective|p1a: Heracross
|-damage|p1a: Heracross|0 fnt
|faint|p1a: Heracross
|
|
|switch|p1a: Suicune|Suicune|403\/403
|-damage|p1a: Suicune|353\/403|[from] Stealth Rock
|-ability|p1a: Suicune|Pressure
|turn|17
|
|switch|p2a: Amoonguss|Amoonguss, F|432\/432
|move|p1a: Suicune|Scald|p2a: Amoonguss
|-crit|p2a: Amoonguss
|-resisted|p2a: Amoonguss
|-damage|p2a: Amoonguss|366\/432
|
|-heal|p1a: Suicune|378\/403|[from] item: Leftovers
|turn|18
|
|move|p1a: Suicune|Calm Mind|p1a: Suicune
|-boost|p1a: Suicune|spa|1
|-boost|p1a: Suicune|spd|1
|move|p2a: Amoonguss|Spore|p1a: Suicune
|-status|p1a: Suicune|slp
|
|-heal|p1a: Suicune|403\/403 slp|[from] item: Leftovers
|turn|19
|
|cant|p1a: Suicune|slp
|move|p1a: Suicune|Sleep Talk|p1a: Suicune
|move|p1a: Suicune|Rest|p1a: Suicune|[from]Sleep Talk
|-fail|p1a: Suicune
|move|p2a: Amoonguss|Clear Smog|p1a: Suicune
|-damage|p1a: Suicune|375\/403 slp
|-clearboost|p1a: Suicune
|
|-heal|p1a: Suicune|400\/403 slp|[from] item: Leftovers
|turn|20
|
|-curestatus|p1a: Suicune|slp
|move|p1a: Suicune|Sleep Talk|p1a: Suicune
|-fail|p1a: Suicune
|move|p2a: Amoonguss|Giga Drain|p1a: Suicune
|-supereffective|p1a: Suicune
|-damage|p1a: Suicune|256\/403
|-heal|p2a: Amoonguss|432\/432|[from] drain|[of] p1a: Suicune
|
|-heal|p1a: Suicune|281\/403|[from] item: Leftovers
|turn|21
|
|move|p1a: Suicune|Calm Mind|p1a: Suicune
|-boost|p1a: Suicune|spa|1
|-boost|p1a: Suicune|spd|1
|move|p2a: Amoonguss|Spore|p1a: Suicune
|-status|p1a: Suicune|slp
|
|-heal|p1a: Suicune|306\/403 slp|[from] item: Leftovers
|turn|22
|
|switch|p1a: Excadrill|Excadrill, F|361\/361
|-damage|p1a: Excadrill|350\/361|[from] Stealth Rock
|-ability|p1a: Excadrill|Mold Breaker
|move|p2a: Amoonguss|Clear Smog|p1a: Excadrill
|-immune|p1a: Excadrill|[msg]
|
|turn|23
|
|switch|p2a: Mandibuzz|Mandibuzz, F|424\/424
|move|p1a: Excadrill|Rock Slide|p2a: Mandibuzz
|-supereffective|p2a: Mandibuzz
|-damage|p2a: Mandibuzz|256\/424
|
|turn|24
|
|move|p1a: Excadrill|Rock Slide|p2a: Mandibuzz
|-supereffective|p2a: Mandibuzz
|-damage|p2a: Mandibuzz|92\/424
|move|p2a: Mandibuzz|Foul Play|p1a: Excadrill
|-damage|p1a: Excadrill|41\/361
|
|turn|25
|
|move|p1a: Excadrill|Rock Slide|p2a: Mandibuzz
|-miss|p1a: Excadrill|p2a: Mandibuzz
|move|p2a: Mandibuzz|Roost|p2a: Mandibuzz
|-heal|p2a: Mandibuzz|304\/424
|
|turn|26
|
|move|p1a: Excadrill|Rock Slide|p2a: Mandibuzz
|-supereffective|p2a: Mandibuzz
|-damage|p2a: Mandibuzz|152\/424
|cant|p2a: Mandibuzz|flinch
|
|turn|27
|
|move|p1a: Excadrill|Rock Slide|p2a: Mandibuzz
|-supereffective|p2a: Mandibuzz
|-damage|p2a: Mandibuzz|0 fnt
|faint|p2a: Mandibuzz
|
|
|switch|p2a: Slowbro|Slowbro, M|394\/394
|turn|28
|
|switch|p1a: Suicune|Suicune|306\/403 slp
|-damage|p1a: Suicune|256\/403 slp|[from] Stealth Rock
|-ability|p1a: Suicune|Pressure
|move|p2a: Slowbro|Ice Beam|p1a: Suicune
|-resisted|p1a: Suicune
|-damage|p1a: Suicune|222\/403 slp
|
|-heal|p1a: Suicune|247\/403 slp|[from] item: Leftovers
|turn|29
|
|switch|p2a: Heracross|Heracross, F|311\/311
|cant|p1a: Suicune|slp
|move|p1a: Suicune|Sleep Talk|p1a: Suicune
|move|p1a: Suicune|Rest|p1a: Suicune|[from]Sleep Talk
|-fail|p1a: Suicune
|
|-heal|p1a: Suicune|272\/403 slp|[from] item: Leftovers
|turn|30
|
|detailschange|p2a: Heracross|Heracross-Mega, F
|message|Heracross has Mega Evolved into Mega Heracross!
|move|p2a: Heracross|Bullet Seed|p1a: Suicune
|-supereffective|p1a: Suicune
|-damage|p1a: Suicune|214\/403 slp
|-supereffective|p1a: Suicune
|-damage|p1a: Suicune|158\/403 slp
|-supereffective|p1a: Suicune
|-damage|p1a: Suicune|102\/403 slp
|-supereffective|p1a: Suicune
|-damage|p1a: Suicune|40\/403 slp
|-supereffective|p1a: Suicune
|-damage|p1a: Suicune|0 fnt
|-hitcount|p1a: Suicune|5
|faint|p1a: Suicune
|
|
|switch|p1a: Excadrill|Excadrill, F|41\/361
|-damage|p1a: Excadrill|30\/361|[from] Stealth Rock
|-ability|p1a: Excadrill|Mold Breaker
|turn|31
|
|move|p1a: Excadrill|Rapid Spin|p2a: Heracross
|-damage|p2a: Heracross|287\/311
|-sideend|p1: sean1993|Stealth Rock|[from] move: Rapid Spin|[of] p1a: Excadrill
|move|p2a: Heracross|Bullet Seed|p1a: Excadrill
|-damage|p1a: Excadrill|0 fnt
|-hitcount|p1a: Excadrill|1
|faint|p1a: Excadrill
|
|
|switch|p1a: Landorus|Landorus, M|256\/320
|turn|32
|
|move|p1a: Landorus|Psychic|p2a: Heracross
|-supereffective|p2a: Heracross
|-damage|p2a: Heracross|0 fnt
|faint|p2a: Heracross
|
|
|switch|p2a: Slowbro|Slowbro, M|394\/394
|turn|33
|
|switch|p1a: Thundurus|Thundurus, M|210\/300
|move|p2a: Slowbro|Ice Beam|p1a: Thundurus
|-supereffective|p1a: Thundurus
|-damage|p1a: Thundurus|42\/300
|
|turn|34
|
|switch|p2a: Amoonguss|Amoonguss, F|432\/432
|move|p1a: Thundurus|Superpower|p2a: Amoonguss
|-resisted|p2a: Amoonguss
|-damage|p2a: Amoonguss|342\/432
|-unboost|p1a: Thundurus|atk|1
|-unboost|p1a: Thundurus|def|1
|-damage|p1a: Thundurus|12\/300|[from] item: Life Orb
|
|turn|35
|
|move|p1a: Thundurus|Taunt|p2a: Amoonguss
|-start|p2a: Amoonguss|move: Taunt
|cant|p2a: Amoonguss|move: Taunt|Spore
|
|turn|36
|
|switch|p1a: Landorus|Landorus, M|256\/320
|move|p2a: Amoonguss|Foul Play|p1a: Landorus
|-damage|p1a: Landorus|163\/320
|
|turn|37
|
|switch|p2a: Slowbro|Slowbro, M|394\/394
|move|p1a: Landorus|Earth Power|p2a: Slowbro
|-damage|p2a: Slowbro|194\/394
|
|turn|38
|
|switch|p2a: Amoonguss|Amoonguss, F|432\/432
|move|p1a: Landorus|Earth Power|p2a: Amoonguss
|-damage|p2a: Amoonguss|155\/432
|
|turn|39
|
|move|p1a: Landorus|Earth Power|p2a: Amoonguss
|-damage|p2a: Amoonguss|0 fnt
|faint|p2a: Amoonguss
|
|
|switch|p2a: Slowbro|Slowbro, M|325\/394
|turn|40
|chat|sean1993|fuck your copied team
|
|move|p1a: Landorus|Earth Power|p2a: Slowbro
|-damage|p2a: Slowbro|137\/394
|move|p2a: Slowbro|Scald|p1a: Landorus
|-supereffective|p1a: Landorus
|-damage|p1a: Landorus|0 fnt
|faint|p1a: Landorus
|
|
|switch|p1a: Talonflame|Talonflame, M|297\/297
|turn|41
|
|move|p1a: Talonflame|U-turn|p2a: Slowbro
|-supereffective|p2a: Slowbro
|-damage|p2a: Slowbro|0 fnt
|faint|p2a: Slowbro
|
|switch|p1a: Thundurus|Thundurus, M|12\/300
|
|
|switch|p2a: Heatran|Heatran, F|386\/386
|turn|42
|
|move|p1a: Thundurus|Superpower|p2a: Heatran
|-supereffective|p2a: Heatran
|-damage|p2a: Heatran|82\/386
|-unboost|p1a: Thundurus|atk|1
|-unboost|p1a: Thundurus|def|1
|-damage|p1a: Thundurus|0 fnt|[from] item: Life Orb
|faint|p1a: Thundurus
|move|p2a: Heatran|Stealth Rock|p1: Thundurus
|-sidestart|p1: sean1993|move: Stealth Rock
|
|-heal|p2a: Heatran|106\/386|[from] item: Leftovers
|
|switch|p1a: Talonflame|Talonflame, M|297\/297
|-damage|p1a: Talonflame|149\/297|[from] Stealth Rock
|turn|43
|
|move|p2a: Heatran|Protect|p2a: Heatran
|-singleturn|p2a: Heatran|Protect
|move|p1a: Talonflame|Brave Bird|p2a: Heatran
|-activate|p2a: Heatran|Protect
|
|-heal|p2a: Heatran|130\/386|[from] item: Leftovers
|turn|44
|
|move|p1a: Talonflame|Brave Bird|p2a: Heatran
|-resisted|p2a: Heatran
|-damage|p2a: Heatran|10\/386
|-damage|p1a: Talonflame|109\/297|[from] recoil|[of] p2a: Heatran
|move|p2a: Heatran|Lava Plume|p1a: Talonflame
|-resisted|p1a: Talonflame
|-damage|p1a: Talonflame|26\/297
|
|-heal|p2a: Heatran|34\/386|[from] item: Leftovers
|turn|45
|
|move|p2a: Heatran|Protect|p2a: Heatran
|-singleturn|p2a: Heatran|Protect
|move|p1a: Talonflame|Brave Bird|p2a: Heatran
|-activate|p2a: Heatran|Protect
|
|-heal|p2a: Heatran|58\/386|[from] item: Leftovers
|turn|46
|
|move|p1a: Talonflame|Brave Bird|p2a: Heatran
|-resisted|p2a: Heatran
|-damage|p2a: Heatran|0 fnt
|-damage|p1a: Talonflame|7\/297|[from] recoil|[of] p2a: Heatran
|faint|p2a: Heatran
|
|win|sean1993
|raw|Ladder updating...
|raw|sean1993's rating: 1631 &rarr; <strong>1648<\/strong><br \/>(+17 for winning)
|raw|purpz35's rating: 1590 &rarr; <strong>1573<\/strong><br \/>(-17 for losing)