|join|sean1993
|join|Eon19
|player|p1|sean1993|92
|player|p2|Eon19|289
|gametype|singles
|gen|6
|tier|OU
|rated
|clearpoke
|poke|p1|Charizard, M
|poke|p1|Rotom-Wash
|poke|p1|Tyranitar, F
|poke|p1|Keldeo
|poke|p1|Clefable, F
|poke|p1|Excadrill, M
|poke|p2|Mienshao, M
|poke|p2|Heatran, F
|poke|p2|Thundurus-Therian, M
|poke|p2|Jellicent, M
|poke|p2|Sableye, F
|poke|p2|Skarmory, M
|rule|Sleep Clause Mod: Limit one foe put to sleep
|rule|Species Clause: Limit one of each Pokemon
|rule|OHKO Clause: OHKO moves are banned
|rule|Moody Clause: Moody is banned
|rule|Evasion Moves Clause: Evasion moves are banned
|rule|Endless Battle Clause: Forcing endless battles is banned.
|rule|HP Percentage Mod: HP is reported as percentages
|teampreview
|
|start
|switch|p1a: Clefable|Clefable, F|394\/394
|switch|p2a: Thundurus-Therian|Thundurus-Therian, M|300\/300
|turn|1
|
|switch|p2a: Heatran|Heatran, F|385\/385
|move|p1a: Clefable|Calm Mind|p1a: Clefable
|-boost|p1a: Clefable|spa|1
|-boost|p1a: Clefable|spd|1
|
|turn|2
|
|move|p1a: Clefable|Calm Mind|p1a: Clefable
|-boost|p1a: Clefable|spa|1
|-boost|p1a: Clefable|spd|1
|move|p2a: Heatran|Roar|p1a: Clefable
|drag|p1a: Keldeo|Keldeo|323\/323
|
|turn|3
|
|switch|p2a: Jellicent|Jellicent, M|403\/403
|move|p1a: Keldeo|Secret Sword|p2a: Jellicent
|-immune|p2a: Jellicent|[msg]
|
|turn|4
|
|switch|p1a: Rotom-Wash|Rotom-Wash|299\/299
|move|p2a: Jellicent|Toxic|p1a: Rotom-Wash
|-status|p1a: Rotom-Wash|tox
|
|-damage|p1a: Rotom-Wash|281\/299 tox|[from] psn
|turn|5
|
|switch|p2a: Thundurus-Therian|Thundurus-Therian, M|300\/300
|move|p1a: Rotom-Wash|Volt Switch|p2a: Thundurus-Therian
|-immune|p2a: Thundurus-Therian|[msg]
|
|-heal|p1a: Rotom-Wash|299\/299 tox|[from] item: Leftovers
|-damage|p1a: Rotom-Wash|263\/299 tox|[from] psn
|turn|6
|
|switch|p2a: Jellicent|Jellicent, M|403\/403
|move|p1a: Rotom-Wash|Will-O-Wisp|p2a: Jellicent
|-status|p2a: Jellicent|brn
|
|-heal|p1a: Rotom-Wash|281\/299 tox|[from] item: Leftovers
|-damage|p1a: Rotom-Wash|227\/299 tox|[from] psn
|-damage|p2a: Jellicent|353\/403 brn|[from] brn
|turn|7
|
|move|p1a: Rotom-Wash|Volt Switch|p2a: Jellicent
|-supereffective|p2a: Jellicent
|-damage|p2a: Jellicent|155\/403 brn
|
|switch|p1a: Clefable|Clefable, F|394\/394
|move|p2a: Jellicent|Scald|p1a: Clefable
|-damage|p1a: Clefable|310\/394
|
|-heal|p2a: Jellicent|180\/403 brn|[from] item: Leftovers
|-heal|p1a: Clefable|334\/394|[from] item: Leftovers
|-damage|p2a: Jellicent|130\/403 brn|[from] brn
|turn|8
|
|move|p2a: Jellicent|Taunt|p1a: Clefable
|-start|p1a: Clefable|move: Taunt
|cant|p1a: Clefable|move: Taunt|Calm Mind
|
|-heal|p2a: Jellicent|155\/403 brn|[from] item: Leftovers
|-heal|p1a: Clefable|358\/394|[from] item: Leftovers
|-damage|p2a: Jellicent|105\/403 brn|[from] brn
|turn|9
|
|move|p2a: Jellicent|Recover|p2a: Jellicent
|-heal|p2a: Jellicent|307\/403 brn
|move|p1a: Clefable|Moonblast|p2a: Jellicent
|-damage|p2a: Jellicent|208\/403 brn
|
|-heal|p2a: Jellicent|233\/403 brn|[from] item: Leftovers
|-heal|p1a: Clefable|382\/394|[from] item: Leftovers
|-damage|p2a: Jellicent|183\/403 brn|[from] brn
|turn|10
|
|move|p2a: Jellicent|Recover|p2a: Jellicent
|-heal|p2a: Jellicent|385\/403 brn
|move|p1a: Clefable|Moonblast|p2a: Jellicent
|-damage|p2a: Jellicent|289\/403 brn
|
|-heal|p2a: Jellicent|314\/403 brn|[from] item: Leftovers
|-heal|p1a: Clefable|394\/394|[from] item: Leftovers
|-damage|p2a: Jellicent|264\/403 brn|[from] brn
|-end|p1a: Clefable|move: Taunt
|turn|11
|
|switch|p2a: Heatran|Heatran, F|385\/385
|switch|p1a: Excadrill|Excadrill, M|361\/361
|-ability|p1a: Excadrill|Mold Breaker
|-item|p1a: Excadrill|Air Balloon
|
|turn|12
|
|switch|p2a: Skarmory|Skarmory, M|333\/333
|move|p1a: Excadrill|Earthquake|p2a: Skarmory
|-immune|p2a: Skarmory|[msg]
|
|turn|13
|
|switch|p1a: Tyranitar|Tyranitar, F|404\/404
|-weather|Sandstorm
|move|p2a: Skarmory|Brave Bird|p1a: Tyranitar
|-resisted|p1a: Tyranitar
|-damage|p1a: Tyranitar|349\/404
|-damage|p2a: Skarmory|315\/333|[from] recoil|[of] p1a: Tyranitar
|
|-weather|Sandstorm|[upkeep]
|-heal|p1a: Tyranitar|374\/404|[from] item: Leftovers
|turn|14
|
|move|p2a: Skarmory|Brave Bird|p1a: Tyranitar
|-resisted|p1a: Tyranitar
|-damage|p1a: Tyranitar|315\/404
|-damage|p2a: Skarmory|296\/333|[from] recoil|[of] p1a: Tyranitar
|move|p1a: Tyranitar|Fire Blast|p2a: Skarmory
|-supereffective|p2a: Skarmory
|-damage|p2a: Skarmory|74\/333
|
|-weather|Sandstorm|[upkeep]
|-heal|p1a: Tyranitar|340\/404|[from] item: Leftovers
|turn|15
|
|move|p1a: Tyranitar|Stealth Rock|p2a: Skarmory
|-sidestart|p2: Eon19|move: Stealth Rock
|move|p2a: Skarmory|Whirlwind|p1a: Tyranitar
|drag|p1a: Excadrill|Excadrill, M|361\/361
|-ability|p1a: Excadrill|Mold Breaker
|-item|p1a: Excadrill|Air Balloon
|
|-weather|Sandstorm|[upkeep]
|turn|16
|
|move|p1a: Excadrill|Rock Slide|p2a: Skarmory
|-damage|p2a: Skarmory|23\/333
|cant|p2a: Skarmory|flinch
|
|-weather|Sandstorm|[upkeep]
|turn|17
|
|move|p1a: Excadrill|Rock Slide|p2a: Skarmory
|-damage|p2a: Skarmory|0 fnt
|faint|p2a: Skarmory
|
|-weather|none
|
|switch|p2a: Mienshao|Mienshao, M|271\/271
|-damage|p2a: Mienshao|255\/271|[from] Stealth Rock
|turn|18
|
|switch|p1a: Clefable|Clefable, F|394\/394
|move|p2a: Mienshao|Fake Out|p1a: Clefable
|-damage|p1a: Clefable|356\/394
|
|-heal|p1a: Clefable|380\/394|[from] item: Leftovers
|turn|19
|
|move|p2a: Mienshao|U-turn|p1a: Clefable
|-resisted|p1a: Clefable
|-damage|p1a: Clefable|345\/394
|
|switch|p2a: Heatran|Heatran, F|385\/385
|-damage|p2a: Heatran|337\/385|[from] Stealth Rock
|move|p1a: Clefable|Moonblast|p2a: Heatran
|-resisted|p2a: Heatran
|-damage|p2a: Heatran|319\/385
|
|-heal|p2a: Heatran|343\/385|[from] item: Leftovers
|-heal|p1a: Clefable|369\/394|[from] item: Leftovers
|turn|20
|
|move|p2a: Heatran|Stealth Rock|p1a: Clefable
|-sidestart|p1: sean1993|move: Stealth Rock
|move|p1a: Clefable|Calm Mind|p1a: Clefable
|-boost|p1a: Clefable|spa|1
|-boost|p1a: Clefable|spd|1
|
|-heal|p2a: Heatran|367\/385|[from] item: Leftovers
|-heal|p1a: Clefable|393\/394|[from] item: Leftovers
|turn|21
|
|move|p1a: Clefable|Moonblast|p2a: Heatran
|-resisted|p2a: Heatran
|-damage|p2a: Heatran|341\/385
|-unboost|p2a: Heatran|spa|1
|move|p2a: Heatran|Roar|p1a: Clefable
|drag|p1a: Keldeo|Keldeo|323\/323
|-damage|p1a: Keldeo|303\/323|[from] Stealth Rock
|
|-heal|p2a: Heatran|365\/385|[from] item: Leftovers
|turn|22
|
|switch|p2a: Jellicent|Jellicent, M|264\/403 brn
|-damage|p2a: Jellicent|214\/403 brn|[from] Stealth Rock
|move|p1a: Keldeo|Secret Sword|p2a: Jellicent
|-immune|p2a: Jellicent|[msg]
|
|-heal|p2a: Jellicent|239\/403 brn|[from] item: Leftovers
|-damage|p2a: Jellicent|189\/403 brn|[from] brn
|turn|23
|
|move|p1a: Keldeo|Hidden Power|p2a: Jellicent
|-supereffective|p2a: Jellicent
|-damage|p2a: Jellicent|23\/403 brn
|move|p2a: Jellicent|Recover|p2a: Jellicent
|-heal|p2a: Jellicent|225\/403 brn
|
|-heal|p2a: Jellicent|250\/403 brn|[from] item: Leftovers
|-damage|p2a: Jellicent|200\/403 brn|[from] brn
|turn|24
|
|move|p1a: Keldeo|Hidden Power|p2a: Jellicent
|-supereffective|p2a: Jellicent
|-damage|p2a: Jellicent|30\/403 brn
|move|p2a: Jellicent|Toxic|p1a: Keldeo
|-status|p1a: Keldeo|tox
|
|-heal|p2a: Jellicent|55\/403 brn|[from] item: Leftovers
|-damage|p1a: Keldeo|283\/323 tox|[from] psn
|-damage|p2a: Jellicent|5\/403 brn|[from] brn
|turn|25
|
|switch|p1a: Rotom-Wash|Rotom-Wash|227\/299 tox
|-damage|p1a: Rotom-Wash|190\/299 tox|[from] Stealth Rock
|move|p2a: Jellicent|Recover|p2a: Jellicent
|-heal|p2a: Jellicent|207\/403 brn
|
|-heal|p1a: Rotom-Wash|208\/299 tox|[from] item: Leftovers
|-heal|p2a: Jellicent|232\/403 brn|[from] item: Leftovers
|-damage|p1a: Rotom-Wash|190\/299 tox|[from] psn
|-damage|p2a: Jellicent|182\/403 brn|[from] brn
|turn|26
|
|move|p1a: Rotom-Wash|Hydro Pump|p2a: Jellicent
|-heal|p2a: Jellicent|282\/403 brn|[from] ability: Water Absorb|[of] p1a: Rotom-Wash
|move|p2a: Jellicent|Recover|p2a: Jellicent
|-heal|p2a: Jellicent|403\/403 brn
|
|-heal|p1a: Rotom-Wash|208\/299 tox|[from] item: Leftovers
|-damage|p1a: Rotom-Wash|172\/299 tox|[from] psn
|-damage|p2a: Jellicent|353\/403 brn|[from] brn
|turn|27
|
|switch|p2a: Thundurus-Therian|Thundurus-Therian, M|300\/300
|-damage|p2a: Thundurus-Therian|225\/300|[from] Stealth Rock
|move|p1a: Rotom-Wash|Hydro Pump|p2a: Thundurus-Therian
|-damage|p2a: Thundurus-Therian|23\/300
|
|-heal|p1a: Rotom-Wash|190\/299 tox|[from] item: Leftovers
|-damage|p1a: Rotom-Wash|136\/299 tox|[from] psn
|turn|28
|
|switch|p1a: Tyranitar|Tyranitar, F|340\/404
|-damage|p1a: Tyranitar|290\/404|[from] Stealth Rock
|-weather|Sandstorm
|move|p2a: Thundurus-Therian|Hidden Power|p1a: Tyranitar
|-damage|p1a: Tyranitar|252\/404
|
|-weather|Sandstorm|[upkeep]
|-damage|p2a: Thundurus-Therian|5\/300|[from] sandstorm
|-heal|p1a: Tyranitar|277\/404|[from] item: Leftovers
|turn|29
|
|move|p2a: Thundurus-Therian|Focus Blast|p1a: Tyranitar
|-supereffective|p1a: Tyranitar
|-damage|p1a: Tyranitar|0 fnt
|faint|p1a: Tyranitar
|
|-weather|Sandstorm|[upkeep]
|-damage|p2a: Thundurus-Therian|0 fnt|[from] sandstorm
|faint|p2a: Thundurus-Therian
|
|switch|p2a: Mienshao|Mienshao, M|271\/271
|-damage|p2a: Mienshao|255\/271|[from] Stealth Rock
|switch|p1a: Rotom-Wash|Rotom-Wash|136\/299 tox
|-damage|p1a: Rotom-Wash|99\/299 tox|[from] Stealth Rock
|turn|30
|
|switch|p1a: Clefable|Clefable, F|393\/394
|move|p2a: Mienshao|Drain Punch|p1a: Clefable
|-resisted|p1a: Clefable
|-damage|p1a: Clefable|335\/394
|-heal|p2a: Mienshao|271\/271|[from] drain|[of] p1a: Clefable
|
|-weather|Sandstorm|[upkeep]
|-damage|p2a: Mienshao|255\/271|[from] sandstorm
|-heal|p1a: Clefable|359\/394|[from] item: Leftovers
|turn|31
|
|move|p2a: Mienshao|U-turn|p1a: Clefable
|-resisted|p1a: Clefable
|-damage|p1a: Clefable|324\/394
|
|switch|p2a: Heatran|Heatran, F|365\/385
|-damage|p2a: Heatran|317\/385|[from] Stealth Rock
|move|p1a: Clefable|Calm Mind|p1a: Clefable
|-boost|p1a: Clefable|spa|1
|-boost|p1a: Clefable|spd|1
|
|-weather|Sandstorm|[upkeep]
|-heal|p2a: Heatran|341\/385|[from] item: Leftovers
|-heal|p1a: Clefable|348\/394|[from] item: Leftovers
|turn|32
|
|move|p1a: Clefable|Moonblast|p2a: Heatran
|-resisted|p2a: Heatran
|-damage|p2a: Heatran|312\/385
|move|p2a: Heatran|Roar|p1a: Clefable
|drag|p1a: Excadrill|Excadrill, M|361\/361
|-damage|p1a: Excadrill|350\/361|[from] Stealth Rock
|-ability|p1a: Excadrill|Mold Breaker
|-item|p1a: Excadrill|Air Balloon
|
|-weather|none
|-heal|p2a: Heatran|336\/385|[from] item: Leftovers
|turn|33
|
|move|p2a: Heatran|Protect|p2a: Heatran
|-singleturn|p2a: Heatran|Protect
|move|p1a: Excadrill|Earthquake|p2a: Heatran
|-activate|p2a: Heatran|Protect
|
|-heal|p2a: Heatran|360\/385|[from] item: Leftovers
|turn|34
|
|switch|p2a: Jellicent|Jellicent, M|353\/403 brn
|-damage|p2a: Jellicent|303\/403 brn|[from] Stealth Rock
|move|p1a: Excadrill|Earthquake|p2a: Jellicent
|-damage|p2a: Jellicent|116\/403 brn
|
|-heal|p2a: Jellicent|141\/403 brn|[from] item: Leftovers
|-damage|p2a: Jellicent|91\/403 brn|[from] brn
|turn|35
|
|move|p1a: Excadrill|Earthquake|p2a: Jellicent
|-damage|p2a: Jellicent|0 fnt
|faint|p2a: Jellicent
|
|
|switch|p2a: Mienshao|Mienshao, M|271\/271
|-damage|p2a: Mienshao|255\/271|[from] Stealth Rock
|turn|36
|
|switch|p1a: Clefable|Clefable, F|348\/394
|move|p2a: Mienshao|Drain Punch|p1a: Clefable
|-crit|p1a: Clefable
|-resisted|p1a: Clefable
|-damage|p1a: Clefable|263\/394
|-heal|p2a: Mienshao|271\/271|[from] drain|[of] p1a: Clefable
|
|-heal|p1a: Clefable|287\/394|[from] item: Leftovers
|turn|37
|
|move|p2a: Mienshao|Knock Off|p1a: Clefable
|-resisted|p1a: Clefable
|-damage|p1a: Clefable|235\/394
|-enditem|p1a: Clefable|Leftovers|[from] move: Knock Off|[of] p2a: Mienshao
|move|p1a: Clefable|Moonblast|p2a: Mienshao
|-supereffective|p2a: Mienshao
|-damage|p2a: Mienshao|0 fnt
|faint|p2a: Mienshao
|
|-message|Eon19 forfeited.
|
|win|sean1993
|raw|Ladder updating...
|leave|Eon19
|raw|sean1993's rating: 1363 &rarr; <strong>1383<\/strong><br \/>(+20 for winning)
|raw|Eon19's rating: 1362 &rarr; <strong>1342<\/strong><br \/>(-20 for losing)
|player|p2