|join|Dk38
|join|sean1993
|player|p1|Dk38|241
|player|p2|sean1993|169
|gametype|singles
|gen|6
|tier|OU
|rated
|clearpoke
|poke|p1|Charizard, M
|poke|p1|Tropius, M
|poke|p1|Excadrill, F
|poke|p1|Rotom-Wash
|poke|p1|Metagross
|poke|p1|Togekiss, M
|poke|p2|Greninja, F
|poke|p2|Thundurus, M
|poke|p2|Charizard, M
|poke|p2|Conkeldurr, F
|poke|p2|Landorus-Therian, M
|poke|p2|Deoxys-Defense
|rule|Sleep Clause Mod: Limit one foe put to sleep
|rule|Species Clause: Limit one of each Pokemon
|rule|OHKO Clause: OHKO moves are banned
|rule|Moody Clause: Moody is banned
|rule|Evasion Moves Clause: Evasion moves are banned
|rule|Endless Battle Clause: Forcing endless battles is banned.
|rule|HP Percentage Mod: HP is reported as percentages
|teampreview
|
|start
|switch|p1a: Metagross|Metagross|364\/364
|switch|p2a: Thundurus|Thundurus, M|299\/299
|turn|1
|
|move|p2a: Thundurus|Thunderbolt|p1a: Metagross
|-damage|p1a: Metagross|195\/364
|-damage|p2a: Thundurus|270\/299|[from] item: Life Orb
|move|p1a: Metagross|Stealth Rock|p2a: Thundurus
|-sidestart|p2: sean1993|move: Stealth Rock
|
|-heal|p1a: Metagross|217\/364|[from] item: Leftovers
|turn|2
|
|move|p2a: Thundurus|Nasty Plot|p2a: Thundurus
|-boost|p2a: Thundurus|spa|2
|move|p1a: Metagross|Meteor Mash|p2a: Thundurus
|-resisted|p2a: Thundurus
|-damage|p2a: Thundurus|178\/299
|
|-heal|p1a: Metagross|239\/364|[from] item: Leftovers
|turn|3
|
|move|p2a: Thundurus|Focus Blast|p1a: Metagross
|-damage|p1a: Metagross|0 fnt
|-damage|p2a: Thundurus|149\/299|[from] item: Life Orb
|faint|p1a: Metagross
|
|
|switch|p1a: Excadrill|Excadrill, F|424\/424
|-ability|p1a: Excadrill|Mold Breaker
|-item|p1a: Excadrill|Air Balloon
|turn|4
|
|move|p2a: Thundurus|Focus Blast|p1a: Excadrill
|-supereffective|p1a: Excadrill
|-damage|p1a: Excadrill|0 fnt
|-enditem|p1a: Excadrill|Air Balloon
|-damage|p2a: Thundurus|120\/299|[from] item: Life Orb
|faint|p1a: Excadrill
|
|
|switch|p1a: Rotom-Wash|Rotom-Wash|304\/304
|turn|5
|
|move|p2a: Thundurus|Thunderbolt|p1a: Rotom-Wash
|-damage|p1a: Rotom-Wash|10\/304
|-damage|p2a: Thundurus|91\/299|[from] item: Life Orb
|move|p1a: Rotom-Wash|Volt Switch|p2a: Thundurus
|-damage|p2a: Thundurus|0 fnt
|faint|p2a: Thundurus
|
|switch|p1a: Charizard|Charizard, M|298\/298
|
|
|switch|p2a: Greninja|Greninja, F|285\/285
|-damage|p2a: Greninja|250\/285|[from] Stealth Rock
|turn|6
|
|-formechange|p1a: Charizard|Charizard-Mega-Y
|message|Charizard has Mega Evolved into Mega Charizard!
|-weather|SunnyDay
|-start|p2a: Greninja|typechange|Dark|[from] Protean
|move|p2a: Greninja|Dark Pulse|p1a: Charizard
|-damage|p1a: Charizard|181\/298
|move|p1a: Charizard|Solar Beam|p2a: Greninja|[still]
|-prepare|p1a: Charizard|Solar Beam|p2a: Greninja
|-anim|p1a: Charizard|Solar Beam|p2a: Greninja
|-damage|p2a: Greninja|23\/285
|
|-weather|SunnyDay|[upkeep]
|turn|7
|
|move|p2a: Greninja|Dark Pulse|p1a: Charizard
|-damage|p1a: Charizard|66\/298
|move|p1a: Charizard|Flamethrower|p2a: Greninja
|-damage|p2a: Greninja|0 fnt
|faint|p2a: Greninja
|
|-weather|SunnyDay|[upkeep]
|
|switch|p2a: Conkeldurr|Conkeldurr, F|353\/353
|-damage|p2a: Conkeldurr|331\/353|[from] Stealth Rock
|turn|8
|
|move|p2a: Conkeldurr|Mach Punch|p1a: Charizard
|-resisted|p1a: Charizard
|-damage|p1a: Charizard|19\/298
|move|p1a: Charizard|Air Slash|p2a: Conkeldurr
|-supereffective|p2a: Conkeldurr
|-damage|p2a: Conkeldurr|119\/353
|
|-weather|SunnyDay|[upkeep]
|turn|9
|
|move|p2a: Conkeldurr|Mach Punch|p1a: Charizard
|-resisted|p1a: Charizard
|-damage|p1a: Charizard|0 fnt
|faint|p1a: Charizard
|
|-weather|SunnyDay|[upkeep]
|
|switch|p1a: Togekiss|Togekiss, M|374\/374
|turn|10
|
|move|p1a: Togekiss|Air Slash|p2a: Conkeldurr
|-supereffective|p2a: Conkeldurr
|-damage|p2a: Conkeldurr|0 fnt
|faint|p2a: Conkeldurr
|
|-weather|none
|
|switch|p2a: Deoxys-Defense|Deoxys-Defense|304\/304
|-damage|p2a: Deoxys-Defense|266\/304|[from] Stealth Rock
|-ability|p2a: Deoxys-Defense|Pressure
|turn|11
|
|move|p2a: Deoxys-Defense|Taunt|p1a: Togekiss
|-start|p1a: Togekiss|move: Taunt
|cant|p1a: Togekiss|move: Taunt|Nasty Plot
|
|-heal|p2a: Deoxys-Defense|285\/304|[from] item: Leftovers
|turn|12
|
|move|p2a: Deoxys-Defense|Toxic|p1a: Togekiss|[miss]
|-miss|p2a: Deoxys-Defense|p1a: Togekiss
|move|p1a: Togekiss|Air Slash|p2a: Deoxys-Defense
|-damage|p2a: Deoxys-Defense|195\/304
|
|-heal|p2a: Deoxys-Defense|214\/304|[from] item: Leftovers
|turn|13
|
|move|p2a: Deoxys-Defense|Toxic|p1a: Togekiss
|-status|p1a: Togekiss|tox
|move|p1a: Togekiss|Air Slash|p2a: Deoxys-Defense
|-damage|p2a: Deoxys-Defense|118\/304
|
|-heal|p2a: Deoxys-Defense|137\/304|[from] item: Leftovers
|-damage|p1a: Togekiss|351\/374 tox|[from] psn
|-end|p1a: Togekiss|move: Taunt
|turn|14
|
|move|p2a: Deoxys-Defense|Taunt|p1a: Togekiss
|-start|p1a: Togekiss|move: Taunt
|move|p1a: Togekiss|Dazzling Gleam|p2a: Deoxys-Defense
|-damage|p2a: Deoxys-Defense|35\/304
|
|-heal|p2a: Deoxys-Defense|54\/304|[from] item: Leftovers
|-heal|p1a: Togekiss|374\/374 tox|[from] item: Leftovers
|-damage|p1a: Togekiss|328\/374 tox|[from] psn
|turn|15
|
|move|p2a: Deoxys-Defense|Stealth Rock|p1a: Togekiss
|-sidestart|p1: Dk38|move: Stealth Rock
|move|p1a: Togekiss|Dazzling Gleam|p2a: Deoxys-Defense
|-damage|p2a: Deoxys-Defense|0 fnt
|faint|p2a: Deoxys-Defense
|
|-heal|p1a: Togekiss|351\/374 tox|[from] item: Leftovers
|-damage|p1a: Togekiss|282\/374 tox|[from] psn
|
|switch|p2a: Landorus-Therian|Landorus-Therian, M|319\/319
|-damage|p2a: Landorus-Therian|280\/319|[from] Stealth Rock
|-ability|p2a: Landorus-Therian|Intimidate|[of] p1a: Togekiss
|-unboost|p1a: Togekiss|atk|1
|turn|16
|
|move|p2a: Landorus-Therian|Payback|p1a: Togekiss
|-resisted|p1a: Togekiss
|-damage|p1a: Togekiss|247\/374 tox
|move|p1a: Togekiss|Dazzling Gleam|p2a: Landorus-Therian
|-damage|p2a: Landorus-Therian|202\/319
|
|-heal|p1a: Togekiss|270\/374 tox|[from] item: Leftovers
|-damage|p1a: Togekiss|178\/374 tox|[from] psn
|-end|p1a: Togekiss|move: Taunt
|turn|17
|
|switch|p1a: Rotom-Wash|Rotom-Wash|10\/304
|-damage|p1a: Rotom-Wash|0 fnt|[from] Stealth Rock
|faint|p1a: Rotom-Wash
|move|p2a: Landorus-Therian|Payback|p1: Rotom-Wash|[notarget]
|-notarget
|
|
|switch|p1a: Tropius|Tropius, M|340\/340
|-damage|p1a: Tropius|255\/340|[from] Stealth Rock
|turn|18
|
|move|p2a: Landorus-Therian|Explosion|p1a: Tropius
|-damage|p1a: Tropius|0 fnt
|faint|p1a: Tropius
|faint|p2a: Landorus-Therian
|
|
|switch|p2a: Charizard|Charizard, M|297\/297
|-damage|p2a: Charizard|149\/297|[from] Stealth Rock
|switch|p1a: Togekiss|Togekiss, M|178\/374 tox
|-damage|p1a: Togekiss|85\/374 tox|[from] Stealth Rock
|turn|19
|
|move|p2a: Charizard|Flare Blitz|p1a: Togekiss
|-damage|p1a: Togekiss|0 fnt
|-damage|p2a: Charizard|121\/297|[from] recoil|[of] p1a: Togekiss
|faint|p1a: Togekiss
|
|win|sean1993
|raw|Ladder updating...
|raw|Dk38's rating: 1283 &rarr; <strong>1263<\/strong><br \/>(-20 for losing)
|raw|sean1993's rating: 1346 &rarr; <strong>1363<\/strong><br \/>(+17 for winning)
|leave|Dk38
|player|p1