|join|Azelfma
|join|sean1993
|player|p1|Azelfma|1
|player|p2|sean1993|1
|gametype|singles
|gen|6
|tier|OU
|rated
|clearpoke
|poke|p1|Blastoise, M
|poke|p1|Dragonite, F
|poke|p1|Ferrothorn, F
|poke|p1|Latias, F
|poke|p1|Talonflame, F
|poke|p1|Terrakion
|poke|p2|Breloom, M
|poke|p2|Talonflame, F
|poke|p2|Excadrill, M
|poke|p2|Thundurus, M
|poke|p2|Suicune
|poke|p2|Charizard, M
|rule|Swagger Clause: Swagger is banned
|rule|Baton Pass Clause: Limit one PokÃ©mon knowing Baton Pass
|rule|Sleep Clause Mod: Limit one foe put to sleep
|rule|Species Clause: Limit one of each PokÃ©mon
|rule|OHKO Clause: OHKO moves are banned
|rule|Moody Clause: Moody is banned
|rule|Evasion Moves Clause: Evasion moves are banned
|rule|Endless Battle Clause: Forcing endless battles is banned
|rule|HP Percentage Mod: HP is reported as percentages
|teampreview
|chat|Azelfma|gl
|chat|sean1993|yt
|
|start
|switch|p1a: Kira|Talonflame, F|298\/298
|switch|p2a: Breloom|Breloom, M|324\/324
|turn|1
|
|move|p1a: Kira|U-turn|p2a: Breloom
|-damage|p2a: Breloom|211\/324
|
|switch|p1a: Cars|Ferrothorn, F|352\/352
|move|p2a: Breloom|Rock Tomb|p1a: Cars
|-resisted|p1a: Cars
|-damage|p1a: Cars|314\/352
|-unboost|p1a: Cars|spe|1
|
|-heal|p1a: Cars|336\/352|[from] item: Leftovers
|turn|2
|
|move|p2a: Breloom|Mach Punch|p1a: Cars
|-supereffective|p1a: Cars
|-damage|p1a: Cars|190\/352
|-damage|p2a: Breloom|171\/324|[from] ability: Iron Barbs|[of] p1a: Cars
|move|p1a: Cars|Gyro Ball|p2a: Breloom
|-damage|p2a: Breloom|0 fnt
|faint|p2a: Breloom
|
|-heal|p1a: Cars|212\/352|[from] item: Leftovers
|
|switch|p2a: Talonflame|Talonflame, F|297\/297
|turn|3
|
|move|p2a: Talonflame|U-turn|p1a: Cars
|-damage|p1a: Cars|155\/352
|-damage|p2a: Talonflame|260\/297|[from] ability: Iron Barbs|[of] p1a: Cars
|
|switch|p2a: Excadrill|Excadrill, M|361\/361
|-ability|p2a: Excadrill|Mold Breaker
|move|p1a: Cars|Stealth Rock|p2a: Excadrill
|-sidestart|p2: sean1993|move: Stealth Rock
|
|-heal|p1a: Cars|177\/352|[from] item: Leftovers
|turn|4
|
|move|p2a: Excadrill|Earthquake|p1a: Cars
|-damage|p1a: Cars|65\/352
|move|p1a: Cars|Leech Seed|p2a: Excadrill
|-start|p2a: Excadrill|move: Leech Seed
|
|-heal|p1a: Cars|87\/352|[from] item: Leftovers
|-damage|p2a: Excadrill|316\/361|[from] Leech Seed|[of] p1a: Cars
|-heal|p1a: Cars|132\/352|[silent]
|turn|5
|
|switch|p2a: Thundurus|Thundurus, M|300\/300
|-damage|p2a: Thundurus|225\/300|[from] Stealth Rock
|move|p1a: Cars|Stealth Rock|p2a: Thundurus
|-fail|p2a: Thundurus
|
|-heal|p1a: Cars|154\/352|[from] item: Leftovers
|turn|6
|
|move|p2a: Thundurus|Superpower|p1a: Cars
|-supereffective|p1a: Cars
|-damage|p1a: Cars|0 fnt
|-damage|p2a: Thundurus|188\/300|[from] ability: Iron Barbs|[of] p1a: Cars
|-unboost|p2a: Thundurus|atk|1
|-unboost|p2a: Thundurus|def|1
|-damage|p2a: Thundurus|158\/300|[from] item: Life Orb
|faint|p1a: Cars
|
|
|switch|p1a: Kira|Talonflame, F|298\/298
|turn|7
|
|move|p1a: Kira|Brave Bird|p2a: Thundurus
|-crit|p2a: Thundurus
|-resisted|p2a: Thundurus
|-damage|p2a: Thundurus|0 fnt
|-damage|p1a: Kira|246\/298|[from] recoil|[of] p2a: Thundurus
|faint|p2a: Thundurus
|
|
|switch|p2a: Excadrill|Excadrill, M|316\/361
|-damage|p2a: Excadrill|305\/361|[from] Stealth Rock
|-ability|p2a: Excadrill|Mold Breaker
|turn|8
|
|switch|p1a: Pucci|Terrakion|324\/324
|move|p2a: Excadrill|Rapid Spin|p1a: Pucci
|-crit|p1a: Pucci
|-resisted|p1a: Pucci
|-damage|p1a: Pucci|299\/324
|-sideend|p2: sean1993|Stealth Rock|[from] move: Rapid Spin|[of] p2a: Excadrill
|
|turn|9
|
|switch|p2a: Suicune|Suicune|403\/403
|-ability|p2a: Suicune|Pressure
|move|p1a: Pucci|Close Combat|p2a: Suicune
|-damage|p2a: Suicune|226\/403
|-unboost|p1a: Pucci|def|1
|-unboost|p1a: Pucci|spd|1
|-damage|p1a: Pucci|267\/324|[from] item: Life Orb
|
|-heal|p2a: Suicune|251\/403|[from] item: Leftovers
|turn|10
|
|move|p1a: Pucci|Close Combat|p2a: Suicune
|-damage|p2a: Suicune|63\/403
|-unboost|p1a: Pucci|def|1
|-unboost|p1a: Pucci|spd|1
|-damage|p1a: Pucci|235\/324|[from] item: Life Orb
|move|p2a: Suicune|Scald|p1a: Pucci
|-supereffective|p1a: Pucci
|-damage|p1a: Pucci|0 fnt
|faint|p1a: Pucci
|
|-heal|p2a: Suicune|88\/403|[from] item: Leftovers
|
|switch|p1a: Kira|Talonflame, F|246\/298
|turn|11
|
|switch|p2a: Excadrill|Excadrill, M|305\/361
|-ability|p2a: Excadrill|Mold Breaker
|move|p1a: Kira|Brave Bird|p2a: Excadrill
|-resisted|p2a: Excadrill
|-damage|p2a: Excadrill|96\/361
|-damage|p1a: Kira|177\/298|[from] recoil|[of] p2a: Excadrill
|
|turn|12
|
|move|p1a: Kira|Brave Bird|p2a: Excadrill
|-resisted|p2a: Excadrill
|-damage|p2a: Excadrill|0 fnt
|-damage|p1a: Kira|145\/298|[from] recoil|[of] p2a: Excadrill
|faint|p2a: Excadrill
|
|
|switch|p2a: Talonflame|Talonflame, F|260\/297
|turn|13
|
|move|p2a: Talonflame|Brave Bird|p1a: Kira
|-damage|p1a: Kira|0 fnt
|-damage|p2a: Talonflame|212\/297|[from] recoil|[of] p1a: Kira
|faint|p1a: Kira
|
|
|switch|p1a: DIO|Dragonite, F|324\/324
|turn|14
|
|move|p2a: Talonflame|Brave Bird|p1a: DIO
|-damage|p1a: DIO|190\/324
|-damage|p2a: Talonflame|168\/297|[from] recoil|[of] p1a: DIO
|move|p1a: DIO|Dragon Dance|p1a: DIO
|-boost|p1a: DIO|atk|1
|-boost|p1a: DIO|spe|1
|
|turn|15
|
|move|p1a: DIO|Extreme Speed|p2a: Talonflame
|-damage|p2a: Talonflame|0 fnt
|faint|p2a: Talonflame
|
|
|switch|p2a: Charizard|Charizard, M|318\/318
|turn|16
|
|move|p1a: DIO|Dragon Claw|p2a: Charizard
|-damage|p2a: Charizard|68\/318
|move|p2a: Charizard|Dragon Claw|p1a: DIO
|-supereffective|p1a: DIO
|-damage|p1a: DIO|70\/324
|
|turn|17
|-message|sean1993 forfeited.
|
|win|Azelfma
|raw|Ladder updating...
|raw|Azelfma's rating: 1687 &rarr; <strong>1703<\/strong><br \/>(+16 for winning)
|raw|sean1993's rating: 1607 &rarr; <strong>1592<\/strong><br \/>(-15 for losing)
|chat|Azelfma|gg
|leave|sean1993
|player|p2