|join|sean1993
|join|AndreX1
|player|p1|sean1993|2
|player|p2|AndreX1|291
|gametype|singles
|gen|6
|tier|OU
|rated
|clearpoke
|poke|p1|Deoxys-Defense
|poke|p1|Bisharp, F
|poke|p1|Latias, F
|poke|p1|Thundurus, M
|poke|p1|Azumarill, F
|poke|p1|Garchomp, M
|poke|p2|Crawdaunt, M, shiny
|poke|p2|Milotic, M, shiny
|poke|p2|Volcarona, M, shiny
|poke|p2|Alakazam, M, shiny
|poke|p2|Sableye, F, shiny
|poke|p2|Salamence, M
|rule|Sleep Clause Mod: Limit one foe put to sleep
|rule|Species Clause: Limit one of each Pokemon
|rule|OHKO Clause: OHKO moves are banned
|rule|Moody Clause: Moody is banned
|rule|Evasion Moves Clause: Evasion moves are banned
|rule|Endless Battle Clause: Forcing endless battles is banned.
|rule|HP Percentage Mod: HP is reported as percentages
|teampreview
|
|start
|switch|p1a: Thundurus|Thundurus, M|299\/299
|switch|p2a: Voldecarona|Volcarona, M, shiny|312\/312
|turn|1
|
|move|p1a: Thundurus|Nasty Plot|p1a: Thundurus
|-boost|p1a: Thundurus|spa|2
|move|p2a: Voldecarona|Quiver Dance|p2a: Voldecarona
|-boost|p2a: Voldecarona|spa|1
|-boost|p2a: Voldecarona|spd|1
|-boost|p2a: Voldecarona|spe|1
|
|turn|2
|
|move|p2a: Voldecarona|Quiver Dance|p2a: Voldecarona
|-boost|p2a: Voldecarona|spa|1
|-boost|p2a: Voldecarona|spd|1
|-boost|p2a: Voldecarona|spe|1
|move|p1a: Thundurus|Thunderbolt|p2a: Voldecarona
|-damage|p2a: Voldecarona|159\/312
|
|turn|3
|
|move|p2a: Voldecarona|Fiery Dance|p1a: Thundurus
|-damage|p1a: Thundurus|0 fnt
|-boost|p2a: Voldecarona|spa|1
|faint|p1a: Thundurus
|
|
|switch|p1a: Azumarill|Azumarill, F|342\/342
|turn|4
|
|move|p1a: Azumarill|Aqua Jet|p2a: Voldecarona
|-supereffective|p2a: Voldecarona
|-damage|p2a: Voldecarona|0 fnt
|faint|p2a: Voldecarona
|
|
|switch|p2a: Me odeie|Sableye, F, shiny|242\/242
|turn|5
|
|move|p2a: Me odeie|Will-O-Wisp|p1a: Azumarill
|-status|p1a: Azumarill|brn
|move|p1a: Azumarill|Belly Drum|p1a: Azumarill
|-damage|p1a: Azumarill|171\/342 brn
|-setboost|p1a: Azumarill|atk|6|[from] move: Belly Drum
|-enditem|p1a: Azumarill|Sitrus Berry|[eat]
|-heal|p1a: Azumarill|256\/342 brn|[from] item: Sitrus Berry
|
|-damage|p1a: Azumarill|214\/342 brn|[from] brn
|turn|6
|
|switch|p2a: Abra Kadabra|Alakazam, M, shiny|252\/252
|move|p1a: Azumarill|Play Rough|p2a: Abra Kadabra
|-enditem|p2a: Abra Kadabra|Focus Sash
|-damage|p2a: Abra Kadabra|1\/252
|
|-damage|p1a: Azumarill|172\/342 brn|[from] brn
|turn|7
|
|move|p1a: Azumarill|Aqua Jet|p2a: Abra Kadabra
|-damage|p2a: Abra Kadabra|0 fnt
|faint|p2a: Abra Kadabra
|
|-damage|p1a: Azumarill|130\/342 brn|[from] brn
|
|switch|p2a: Prince|Milotic, M, shiny|332\/332
|turn|8
|
|move|p1a: Azumarill|Play Rough|p2a: Prince
|-damage|p2a: Prince|22\/332
|move|p2a: Prince|Confuse Ray|p1a: Azumarill
|-start|p1a: Azumarill|confusion
|
|-heal|p2a: Prince|42\/332|[from] item: Leftovers
|-damage|p1a: Azumarill|88\/342 brn|[from] brn
|turn|9
|
|-activate|p1a: Azumarill|confusion
|-damage|p1a: Azumarill|0 fnt|[from] confusion
|faint|p1a: Azumarill
|move|p2a: Prince|Recover|p2a: Prince
|-heal|p2a: Prince|208\/332
|
|-heal|p2a: Prince|228\/332|[from] item: Leftovers
|
|switch|p1a: Deoxys-Defense|Deoxys-Defense|304\/304
|-ability|p1a: Deoxys-Defense|Pressure
|turn|10
|
|move|p1a: Deoxys-Defense|Stealth Rock|p2a: Prince
|-sidestart|p2: AndreX1|move: Stealth Rock
|move|p2a: Prince|Scald|p1a: Deoxys-Defense
|-damage|p1a: Deoxys-Defense|238\/304
|-enditem|p1a: Deoxys-Defense|Red Card|[of] p2a: Prince
|drag|p2a: SrLaMence|Salamence, M|332\/332
|-damage|p2a: SrLaMence|249\/332|[from] Stealth Rock
|
|-heal|p2a: SrLaMence|269\/332|[from] item: Leftovers
|turn|11
|
|move|p1a: Deoxys-Defense|Spikes|p2a: SrLaMence
|-sidestart|p2: AndreX1|Spikes
|move|p2a: SrLaMence|Dragon Dance|p2a: SrLaMence
|-boost|p2a: SrLaMence|atk|1
|-boost|p2a: SrLaMence|spe|1
|
|-heal|p2a: SrLaMence|289\/332|[from] item: Leftovers
|turn|12
|
|move|p2a: SrLaMence|Outrage|p1a: Deoxys-Defense
|-crit|p1a: Deoxys-Defense
|-damage|p1a: Deoxys-Defense|0 fnt
|faint|p1a: Deoxys-Defense
|-boost|p2a: SrLaMence|atk|1|[from] ability: Moxie
|
|-heal|p2a: SrLaMence|309\/332|[from] item: Leftovers
|
|switch|p1a: Garchomp|Garchomp, M|358\/358
|turn|13
|
|move|p1a: Garchomp|Dragon Claw|p2a: SrLaMence
|-supereffective|p2a: SrLaMence
|-damage|p2a: SrLaMence|0 fnt
|faint|p2a: SrLaMence
|
|
|switch|p2a: Me odeie|Sableye, F, shiny|242\/242
|-damage|p2a: Me odeie|212\/242|[from] Stealth Rock
|-damage|p2a: Me odeie|182\/242|[from] Spikes
|turn|14
|
|switch|p1a: Latias|Latias, F|302\/302
|move|p2a: Me odeie|Will-O-Wisp|p1a: Latias
|-status|p1a: Latias|brn
|
|-heal|p2a: Me odeie|197\/242|[from] item: Leftovers
|-damage|p1a: Latias|265\/302 brn|[from] brn
|turn|15
|
|switch|p2a: Prince|Milotic, M, shiny|228\/332
|-damage|p2a: Prince|187\/332|[from] Spikes
|-damage|p2a: Prince|146\/332|[from] Stealth Rock
|move|p1a: Latias|Draco Meteor|p2a: Prince
|-damage|p2a: Prince|10\/332
|-unboost|p1a: Latias|spa|2
|
|-heal|p1a: Latias|283\/302 brn|[from] item: Leftovers
|-heal|p2a: Prince|30\/332|[from] item: Leftovers
|-damage|p1a: Latias|246\/302 brn|[from] brn
|turn|16
|
|move|p1a: Latias|Psyshock|p2a: Prince
|-damage|p2a: Prince|0 fnt
|faint|p2a: Prince
|
|-heal|p1a: Latias|264\/302 brn|[from] item: Leftovers
|-damage|p1a: Latias|227\/302 brn|[from] brn
|
|switch|p2a: Crawdaumtaunt|Crawdaunt, M, shiny|268\/268
|-damage|p2a: Crawdaumtaunt|235\/268|[from] Spikes
|-damage|p2a: Crawdaumtaunt|202\/268|[from] Stealth Rock
|turn|17
|
|switch|p1a: Bisharp|Bisharp, F|271\/271
|move|p2a: Crawdaumtaunt|Knock Off|p1a: Bisharp
|-resisted|p1a: Bisharp
|-damage|p1a: Bisharp|124\/271
|-enditem|p1a: Bisharp|Life Orb|[from] move: Knock Off|[of] p2a: Crawdaumtaunt
|-damage|p2a: Crawdaumtaunt|176\/268|[from] item: Life Orb
|
|turn|18
|
|move|p1a: Bisharp|Knock Off|p2a: Crawdaumtaunt
|-resisted|p2a: Crawdaumtaunt
|-damage|p2a: Crawdaumtaunt|79\/268
|-enditem|p2a: Crawdaumtaunt|Life Orb|[from] move: Knock Off|[of] p1a: Bisharp
|move|p2a: Crawdaumtaunt|Crabhammer|p1a: Bisharp|[miss]
|-miss|p2a: Crawdaumtaunt|p1a: Bisharp
|
|turn|19
|
|move|p1a: Bisharp|Knock Off|p2a: Crawdaumtaunt
|-resisted|p2a: Crawdaumtaunt
|-damage|p2a: Crawdaumtaunt|10\/268
|move|p2a: Crawdaumtaunt|Crabhammer|p1a: Bisharp
|-damage|p1a: Bisharp|0 fnt
|faint|p1a: Bisharp
|
|
|switch|p1a: Latias|Latias, F|227\/302 brn
|turn|20
|
|move|p1a: Latias|Surf|p2a: Crawdaumtaunt
|-crit|p2a: Crawdaumtaunt
|-resisted|p2a: Crawdaumtaunt
|-damage|p2a: Crawdaumtaunt|0 fnt
|faint|p2a: Crawdaumtaunt
|
|-heal|p1a: Latias|245\/302 brn|[from] item: Leftovers
|-damage|p1a: Latias|208\/302 brn|[from] brn
|
|switch|p2a: Me odeie|Sableye, F, shiny|197\/242
|-damage|p2a: Me odeie|167\/242|[from] Spikes
|-damage|p2a: Me odeie|137\/242|[from] Stealth Rock
|turn|21
|
|move|p2a: Me odeie|Recover|p2a: Me odeie
|-heal|p2a: Me odeie|242\/242
|move|p1a: Latias|Draco Meteor|p2a: Me odeie
|-damage|p2a: Me odeie|31\/242
|-unboost|p1a: Latias|spa|2
|
|-heal|p1a: Latias|226\/302 brn|[from] item: Leftovers
|-heal|p2a: Me odeie|46\/242|[from] item: Leftovers
|-damage|p1a: Latias|189\/302 brn|[from] brn
|turn|22
|
|switch|p1a: Garchomp|Garchomp, M|358\/358
|move|p2a: Me odeie|Recover|p2a: Me odeie
|-heal|p2a: Me odeie|167\/242
|
|-heal|p2a: Me odeie|182\/242|[from] item: Leftovers
|turn|23
|
|move|p2a: Me odeie|Will-O-Wisp|p1a: Garchomp
|-status|p1a: Garchomp|brn
|move|p1a: Garchomp|Earthquake|p2a: Me odeie
|-damage|p2a: Me odeie|85\/242
|
|-heal|p2a: Me odeie|100\/242|[from] item: Leftovers
|-damage|p1a: Garchomp|314\/358 brn|[from] brn
|turn|24
|
|move|p2a: Me odeie|Recover|p2a: Me odeie
|-heal|p2a: Me odeie|221\/242
|move|p1a: Garchomp|Earthquake|p2a: Me odeie
|-crit|p2a: Me odeie
|-damage|p2a: Me odeie|77\/242
|
|-heal|p2a: Me odeie|92\/242|[from] item: Leftovers
|-damage|p1a: Garchomp|270\/358 brn|[from] brn
|turn|25
|
|move|p2a: Me odeie|Recover|p2a: Me odeie
|-heal|p2a: Me odeie|213\/242
|move|p1a: Garchomp|Earthquake|p2a: Me odeie
|-damage|p2a: Me odeie|128\/242
|
|-heal|p2a: Me odeie|143\/242|[from] item: Leftovers
|-damage|p1a: Garchomp|226\/358 brn|[from] brn
|turn|26
|
|move|p2a: Me odeie|Recover|p2a: Me odeie
|-heal|p2a: Me odeie|242\/242
|move|p1a: Garchomp|Earthquake|p2a: Me odeie
|-damage|p2a: Me odeie|149\/242
|
|-heal|p2a: Me odeie|164\/242|[from] item: Leftovers
|-damage|p1a: Garchomp|182\/358 brn|[from] brn
|turn|27
|
|switch|p1a: Latias|Latias, F|189\/302 brn
|move|p2a: Me odeie|Recover|p2a: Me odeie
|-heal|p2a: Me odeie|242\/242
|
|-heal|p1a: Latias|207\/302 brn|[from] item: Leftovers
|-damage|p1a: Latias|170\/302 brn|[from] brn
|turn|28
|
|move|p1a: Latias|Roost|p1a: Latias
|-heal|p1a: Latias|302\/302 brn
|move|p2a: Me odeie|Knock Off|p1a: Latias
|-supereffective|p1a: Latias
|-damage|p1a: Latias|74\/302 brn
|-enditem|p1a: Latias|Leftovers|[from] move: Knock Off|[of] p2a: Me odeie
|
|-damage|p1a: Latias|37\/302 brn|[from] brn
|turn|29
|
|move|p2a: Me odeie|Taunt|p1a: Latias
|-start|p1a: Latias|move: Taunt
|move|p1a: Latias|Draco Meteor|p2a: Me odeie
|-damage|p2a: Me odeie|47\/242
|-unboost|p1a: Latias|spa|2
|
|-heal|p2a: Me odeie|62\/242|[from] item: Leftovers
|-damage|p1a: Latias|0 fnt|[from] brn
|faint|p1a: Latias
|
|switch|p1a: Garchomp|Garchomp, M|182\/358 brn
|turn|30
|
|move|p2a: Me odeie|Recover|p2a: Me odeie
|-heal|p2a: Me odeie|183\/242
|move|p1a: Garchomp|Earthquake|p2a: Me odeie
|-damage|p2a: Me odeie|95\/242
|
|-heal|p2a: Me odeie|110\/242|[from] item: Leftovers
|-damage|p1a: Garchomp|138\/358 brn|[from] brn
|turn|31
|
|move|p2a: Me odeie|Recover|p2a: Me odeie
|-heal|p2a: Me odeie|231\/242
|move|p1a: Garchomp|Earthquake|p2a: Me odeie
|-crit|p2a: Me odeie
|-damage|p2a: Me odeie|96\/242
|
|-heal|p2a: Me odeie|111\/242|[from] item: Leftovers
|-damage|p1a: Garchomp|94\/358 brn|[from] brn
|turn|32
|
|move|p2a: Me odeie|Recover|p2a: Me odeie
|-heal|p2a: Me odeie|232\/242
|move|p1a: Garchomp|Earthquake|p2a: Me odeie
|-damage|p2a: Me odeie|142\/242
|
|-heal|p2a: Me odeie|157\/242|[from] item: Leftovers
|-damage|p1a: Garchomp|50\/358 brn|[from] brn
|turn|33
|
|move|p2a: Me odeie|Recover|p2a: Me odeie
|-heal|p2a: Me odeie|242\/242
|move|p1a: Garchomp|Earthquake|p2a: Me odeie
|-damage|p2a: Me odeie|152\/242
|
|-heal|p2a: Me odeie|167\/242|[from] item: Leftovers
|-damage|p1a: Garchomp|6\/358 brn|[from] brn
|turn|34
|
|move|p2a: Me odeie|Recover|p2a: Me odeie
|-heal|p2a: Me odeie|242\/242
|move|p1a: Garchomp|Earthquake|p2a: Me odeie
|-damage|p2a: Me odeie|151\/242
|
|-heal|p2a: Me odeie|166\/242|[from] item: Leftovers
|-damage|p1a: Garchomp|0 fnt|[from] brn
|faint|p1a: Garchomp
|
|win|AndreX1
|raw|Ladder updating...
|raw|sean1993's rating: 1413 &rarr; <strong>1391<\/strong><br \/>(-22 for losing)
|raw|AndreX1's rating: 1368 &rarr; <strong>1391<\/strong><br \/>(+23 for winning)
|leave|AndreX1
|player|p2
|join|AndreX1
|leave|AndreX1
|join|Hibikin