|join|sean1993
|join|dtw
|player|p1|sean1993|1
|player|p2|dtw|101
|gametype|singles
|gen|6
|tier|OU
|rated
|clearpoke
|poke|p1|Landorus, M
|poke|p1|Talonflame, M
|poke|p1|Excadrill, M
|poke|p1|Thundurus, M
|poke|p1|Suicune
|poke|p1|Heracross, M
|poke|p2|Clefable, M
|poke|p2|Gyarados, F
|poke|p2|Ferrothorn, F
|poke|p2|Landorus, M
|poke|p2|Charizard, F
|poke|p2|Skarmory, F
|rule|Swagger Clause: Swagger is banned
|rule|Baton Pass Clause: Limit one PokÃ©mon knowing Baton Pass
|rule|Sleep Clause Mod: Limit one foe put to sleep
|rule|Species Clause: Limit one of each PokÃ©mon
|rule|OHKO Clause: OHKO moves are banned
|rule|Moody Clause: Moody is banned
|rule|Evasion Moves Clause: Evasion moves are banned
|rule|Endless Battle Clause: Forcing endless battles is banned
|rule|HP Percentage Mod: HP is reported as percentages
|teampreview
|
|start
|switch|p1a: Thundurus|Thundurus, M|300\/300
|switch|p2a: Ferrothorn|Ferrothorn, F|352\/352
|turn|1
|
|move|p1a: Thundurus|Taunt|p2a: Ferrothorn
|-start|p2a: Ferrothorn|move: Taunt
|move|p2a: Ferrothorn|Gyro Ball|p1a: Thundurus
|-resisted|p1a: Thundurus
|-damage|p1a: Thundurus|180\/300
|
|turn|2
|
|switch|p1a: Heracross|Heracross, M|351\/351
|switch|p2a: Clefable|Clefable, M|394\/394
|
|turn|3
|
|detailschange|p1a: Heracross|Heracross-Mega, M
|message|Heracross has Mega Evolved into Mega Heracross!
|move|p1a: Heracross|Swords Dance|p1a: Heracross
|-boost|p1a: Heracross|atk|2
|move|p2a: Clefable|Moonblast|p1a: Heracross
|-supereffective|p1a: Heracross
|-damage|p1a: Heracross|0 fnt
|faint|p1a: Heracross
|
|
|switch|p1a: Excadrill|Excadrill, M|361\/361
|-ability|p1a: Excadrill|Mold Breaker
|turn|4
|
|switch|p2a: Ferrothorn|Ferrothorn, F|352\/352
|move|p1a: Excadrill|Iron Head|p2a: Ferrothorn
|-resisted|p2a: Ferrothorn
|-damage|p2a: Ferrothorn|307\/352
|-damage|p1a: Excadrill|316\/361|[from] ability: Iron Barbs|[of] p2a: Ferrothorn
|-damage|p1a: Excadrill|256\/361|[from] item: Rocky Helmet|[of] p2a: Ferrothorn
|
|turn|5
|
|switch|p1a: Landorus|Landorus, M|320\/320
|move|p2a: Ferrothorn|Stealth Rock|p1a: Landorus
|-sidestart|p1: sean1993|move: Stealth Rock
|
|turn|6
|
|move|p1a: Landorus|Earth Power|p2a: Ferrothorn
|-damage|p2a: Ferrothorn|83\/352
|move|p2a: Ferrothorn|Gyro Ball|p1a: Landorus
|-damage|p1a: Landorus|148\/320
|
|turn|7
|
|move|p1a: Landorus|Earth Power|p2a: Ferrothorn
|-damage|p2a: Ferrothorn|0 fnt
|faint|p2a: Ferrothorn
|
|
|switch|p2a: Skarmory|Skarmory, F|329\/329
|turn|8
|
|move|p1a: Landorus|Hidden Power|p2a: Skarmory
|-damage|p2a: Skarmory|206\/329
|-damage|p1a: Landorus|116\/320|[from] item: Life Orb
|move|p2a: Skarmory|Brave Bird|p1a: Landorus
|-damage|p1a: Landorus|0 fnt
|-damage|p2a: Skarmory|168\/329|[from] recoil|[of] p1a: Landorus
|faint|p1a: Landorus
|
|-heal|p2a: Skarmory|188\/329|[from] item: Leftovers
|
|switch|p1a: Suicune|Suicune|403\/403
|-damage|p1a: Suicune|353\/403|[from] Stealth Rock
|-ability|p1a: Suicune|Pressure
|turn|9
|
|move|p1a: Suicune|Calm Mind|p1a: Suicune
|-boost|p1a: Suicune|spa|1
|-boost|p1a: Suicune|spd|1
|move|p2a: Skarmory|Whirlwind|p1a: Suicune
|drag|p1a: Excadrill|Excadrill, M|256\/361
|-damage|p1a: Excadrill|245\/361|[from] Stealth Rock
|-ability|p1a: Excadrill|Mold Breaker
|
|-heal|p2a: Skarmory|208\/329|[from] item: Leftovers
|turn|10
|
|move|p1a: Excadrill|Rock Slide|p2a: Skarmory
|-damage|p2a: Skarmory|155\/329
|cant|p2a: Skarmory|flinch
|
|-heal|p2a: Skarmory|175\/329|[from] item: Leftovers
|turn|11
|
|move|p1a: Excadrill|Rock Slide|p2a: Skarmory
|-damage|p2a: Skarmory|119\/329
|move|p2a: Skarmory|Roost|p2a: Skarmory
|-heal|p2a: Skarmory|284\/329
|
|-heal|p2a: Skarmory|304\/329|[from] item: Leftovers
|turn|12
|
|move|p1a: Excadrill|Rock Slide|p2a: Skarmory
|-damage|p2a: Skarmory|249\/329
|move|p2a: Skarmory|Brave Bird|p1a: Excadrill
|-resisted|p1a: Excadrill
|-damage|p1a: Excadrill|158\/361
|-damage|p2a: Skarmory|220\/329|[from] recoil|[of] p1a: Excadrill
|
|-heal|p2a: Skarmory|240\/329|[from] item: Leftovers
|turn|13
|
|switch|p1a: Thundurus|Thundurus, M|180\/300
|-damage|p1a: Thundurus|105\/300|[from] Stealth Rock
|move|p2a: Skarmory|Brave Bird|p1a: Thundurus
|-crit|p1a: Thundurus
|-resisted|p1a: Thundurus
|-damage|p1a: Thundurus|0 fnt
|-damage|p2a: Skarmory|205\/329|[from] recoil|[of] p1a: Thundurus
|faint|p1a: Thundurus
|
|-heal|p2a: Skarmory|225\/329|[from] item: Leftovers
|
|switch|p1a: Suicune|Suicune|353\/403
|-damage|p1a: Suicune|303\/403|[from] Stealth Rock
|-ability|p1a: Suicune|Pressure
|turn|14
|
|move|p1a: Suicune|Scald|p2a: Skarmory
|-damage|p2a: Skarmory|119\/329
|move|p2a: Skarmory|Whirlwind|p1a: Suicune
|drag|p1a: Excadrill|Excadrill, M|158\/361
|-damage|p1a: Excadrill|147\/361|[from] Stealth Rock
|-ability|p1a: Excadrill|Mold Breaker
|
|-heal|p2a: Skarmory|139\/329|[from] item: Leftovers
|turn|15
|
|move|p1a: Excadrill|Rapid Spin|p2a: Skarmory
|-crit|p2a: Skarmory
|-resisted|p2a: Skarmory
|-damage|p2a: Skarmory|128\/329
|-sideend|p1: sean1993|Stealth Rock|[from] move: Rapid Spin|[of] p1a: Excadrill
|move|p2a: Skarmory|Brave Bird|p1a: Excadrill
|-resisted|p1a: Excadrill
|-damage|p1a: Excadrill|63\/361
|-damage|p2a: Skarmory|100\/329|[from] recoil|[of] p1a: Excadrill
|
|-heal|p2a: Skarmory|120\/329|[from] item: Leftovers
|turn|16
|
|switch|p1a: Suicune|Suicune|303\/403
|-ability|p1a: Suicune|Pressure
|switch|p2a: Gyarados|Gyarados, F|353\/353
|-ability|p2a: Gyarados|Intimidate|[of] p1a: Suicune
|-unboost|p1a: Suicune|atk|1
|
|-heal|p1a: Suicune|328\/403|[from] item: Leftovers
|turn|17
|
|move|p2a: Gyarados|Taunt|p1a: Suicune
|-start|p1a: Suicune|move: Taunt
|move|p1a: Suicune|Scald|p2a: Gyarados
|-resisted|p2a: Gyarados
|-damage|p2a: Gyarados|309\/353
|-status|p2a: Gyarados|brn
|
|-heal|p2a: Gyarados|331\/353 brn|[from] item: Leftovers
|-heal|p1a: Suicune|353\/403|[from] item: Leftovers
|-damage|p2a: Gyarados|287\/353 brn|[from] brn
|turn|18
|
|switch|p2a: Clefable|Clefable, M|394\/394
|move|p1a: Suicune|Scald|p2a: Clefable
|-damage|p2a: Clefable|306\/394
|
|-heal|p1a: Suicune|378\/403|[from] item: Leftovers
|turn|19
|
|move|p1a: Suicune|Scald|p2a: Clefable
|-damage|p2a: Clefable|206\/394
|-status|p2a: Clefable|brn
|move|p2a: Clefable|Moonblast|p1a: Suicune
|-damage|p1a: Suicune|209\/403
|
|-heal|p1a: Suicune|234\/403|[from] item: Leftovers
|-end|p1a: Suicune|move: Taunt
|turn|20
|
|move|p1a: Suicune|Calm Mind|p1a: Suicune
|-boost|p1a: Suicune|spa|1
|-boost|p1a: Suicune|spd|1
|move|p2a: Clefable|Moonblast|p1a: Suicune
|-damage|p1a: Suicune|121\/403
|
|-heal|p1a: Suicune|146\/403|[from] item: Leftovers
|turn|21
|
|move|p1a: Suicune|Calm Mind|p1a: Suicune
|-boost|p1a: Suicune|spa|1
|-boost|p1a: Suicune|spd|1
|move|p2a: Clefable|Psyshock|p1a: Suicune
|-damage|p1a: Suicune|76\/403
|
|-heal|p1a: Suicune|101\/403|[from] item: Leftovers
|turn|22
|
|move|p1a: Suicune|Rest|p1a: Suicune
|-status|p1a: Suicune|slp
|-heal|p1a: Suicune|403\/403 slp|[silent]
|-status|p1a: Suicune|slp|[from] move: Rest
|move|p2a: Clefable|Moonblast|p1a: Suicune
|-damage|p1a: Suicune|312\/403 slp
|-unboost|p1a: Suicune|spa|1
|
|-heal|p1a: Suicune|337\/403 slp|[from] item: Leftovers
|turn|23
|
|switch|p2a: Gyarados|Gyarados, F|287\/353 brn
|-ability|p2a: Gyarados|Intimidate|[of] p1a: Suicune
|-unboost|p1a: Suicune|atk|1
|cant|p1a: Suicune|slp
|move|p1a: Suicune|Sleep Talk|p1a: Suicune
|move|p1a: Suicune|Scald|p2a: Gyarados|[from]Sleep Talk
|-resisted|p2a: Gyarados
|-damage|p2a: Gyarados|224\/353 brn
|
|-heal|p2a: Gyarados|246\/353 brn|[from] item: Leftovers
|-heal|p1a: Suicune|362\/403 slp|[from] item: Leftovers
|-damage|p2a: Gyarados|202\/353 brn|[from] brn
|turn|24
|
|move|p2a: Gyarados|Taunt|p1a: Suicune
|-start|p1a: Suicune|move: Taunt
|cant|p1a: Suicune|slp
|cant|p1a: Suicune|move: Taunt|Sleep Talk
|
|-heal|p2a: Gyarados|224\/353 brn|[from] item: Leftovers
|-heal|p1a: Suicune|387\/403 slp|[from] item: Leftovers
|-damage|p2a: Gyarados|180\/353 brn|[from] brn
|turn|25
|
|move|p2a: Gyarados|Waterfall|p1a: Suicune
|-resisted|p1a: Suicune
|-damage|p1a: Suicune|363\/403 slp
|-curestatus|p1a: Suicune|slp
|move|p1a: Suicune|Scald|p2a: Gyarados
|-resisted|p2a: Gyarados
|-damage|p2a: Gyarados|120\/353 brn
|
|-heal|p2a: Gyarados|142\/353 brn|[from] item: Leftovers
|-heal|p1a: Suicune|388\/403|[from] item: Leftovers
|-damage|p2a: Gyarados|98\/353 brn|[from] brn
|turn|26
|
|move|p2a: Gyarados|Waterfall|p1a: Suicune
|-resisted|p1a: Suicune
|-damage|p1a: Suicune|364\/403
|move|p1a: Suicune|Scald|p2a: Gyarados
|-resisted|p2a: Gyarados
|-damage|p2a: Gyarados|33\/353 brn
|
|-heal|p2a: Gyarados|55\/353 brn|[from] item: Leftovers
|-heal|p1a: Suicune|389\/403|[from] item: Leftovers
|-damage|p2a: Gyarados|11\/353 brn|[from] brn
|-end|p1a: Suicune|move: Taunt
|turn|27
|
|move|p2a: Gyarados|Taunt|p1a: Suicune
|-start|p1a: Suicune|move: Taunt
|cant|p1a: Suicune|move: Taunt|Calm Mind
|
|-heal|p2a: Gyarados|33\/353 brn|[from] item: Leftovers
|-heal|p1a: Suicune|403\/403|[from] item: Leftovers
|-damage|p2a: Gyarados|0 fnt|[from] brn
|faint|p2a: Gyarados
|
|switch|p2a: Charizard|Charizard, F|333\/333
|turn|28
|
|detailschange|p2a: Charizard|Charizard-Mega-X, F
|message|Charizard has Mega Evolved into Mega Charizard!
|move|p2a: Charizard|Dragon Dance|p2a: Charizard
|-boost|p2a: Charizard|atk|1
|-boost|p2a: Charizard|spe|1
|move|p1a: Suicune|Scald|p2a: Charizard
|-damage|p2a: Charizard|180\/333
|
|turn|29
|
|move|p2a: Charizard|Dragon Dance|p2a: Charizard
|-boost|p2a: Charizard|atk|1
|-boost|p2a: Charizard|spe|1
|move|p1a: Suicune|Scald|p2a: Charizard
|-damage|p2a: Charizard|33\/333
|
|-end|p1a: Suicune|move: Taunt
|turn|30
|
|move|p2a: Charizard|Dragon Claw|p1a: Suicune
|-damage|p1a: Suicune|148\/403
|move|p1a: Suicune|Calm Mind|p1a: Suicune
|-boost|p1a: Suicune|spa|1
|-boost|p1a: Suicune|spd|1
|
|-heal|p1a: Suicune|173\/403|[from] item: Leftovers
|turn|31
|
|move|p2a: Charizard|Dragon Claw|p1a: Suicune
|-damage|p1a: Suicune|0 fnt
|faint|p1a: Suicune
|
|
|switch|p1a: Talonflame|Talonflame, M|297\/297
|turn|32
|
|move|p1a: Talonflame|Brave Bird|p2a: Charizard
|-damage|p2a: Charizard|0 fnt
|-damage|p1a: Talonflame|286\/297|[from] recoil|[of] p2a: Charizard
|faint|p2a: Charizard
|
|
|switch|p2a: Skarmory|Skarmory, F|120\/329
|turn|33
|
|move|p1a: Talonflame|Brave Bird|p2a: Skarmory
|-resisted|p2a: Skarmory
|-damage|p2a: Skarmory|42\/329
|-damage|p1a: Talonflame|260\/297|[from] recoil|[of] p2a: Skarmory
|move|p2a: Skarmory|Roost|p2a: Skarmory
|-heal|p2a: Skarmory|207\/329
|
|-heal|p2a: Skarmory|227\/329|[from] item: Leftovers
|turn|34
|
|switch|p1a: Excadrill|Excadrill, M|63\/361
|-ability|p1a: Excadrill|Mold Breaker
|move|p2a: Skarmory|Roost|p2a: Skarmory
|-heal|p2a: Skarmory|329\/329
|
|turn|35
|
|move|p1a: Excadrill|Rock Slide|p2a: Skarmory
|-damage|p2a: Skarmory|276\/329
|move|p2a: Skarmory|Brave Bird|p1a: Excadrill
|-resisted|p1a: Excadrill
|-damage|p1a: Excadrill|0 fnt
|-damage|p2a: Skarmory|255\/329|[from] recoil|[of] p1a: Excadrill
|faint|p1a: Excadrill
|
|-heal|p2a: Skarmory|275\/329|[from] item: Leftovers
|
|switch|p1a: Talonflame|Talonflame, M|260\/297
|turn|36
|
|move|p1a: Talonflame|Flare Blitz|p2a: Skarmory
|-supereffective|p2a: Skarmory
|-damage|p2a: Skarmory|0 fnt
|-damage|p1a: Talonflame|169\/297|[from] recoil|[of] p2a: Skarmory
|faint|p2a: Skarmory
|
|
|switch|p2a: Clefable|Clefable, M|206\/394 brn
|turn|37
|
|move|p1a: Talonflame|Flare Blitz|p2a: Clefable
|-damage|p2a: Clefable|0 fnt
|-damage|p1a: Talonflame|101\/297|[from] recoil|[of] p2a: Clefable
|faint|p2a: Clefable
|
|
|switch|p2a: Landorus|Landorus, M|319\/319
|turn|38
|
|move|p1a: Talonflame|Flare Blitz|p2a: Landorus
|-crit|p2a: Landorus
|-damage|p2a: Landorus|0 fnt
|-damage|p1a: Talonflame|0 fnt|[from] recoil|[of] p2a: Landorus
|faint|p2a: Landorus
|faint|p1a: Talonflame
|
|win|sean1993
|raw|Ladder updating...
|raw|sean1993's rating: 1698 &rarr; <strong>1712<\/strong><br \/>(+14 for winning)
|raw|dtw's rating: 1601 &rarr; <strong>1586<\/strong><br \/>(-15 for losing)
|chat|dtw|gg lol