|join|sean1993
|join|CM10
|player|p1|sean1993|266
|player|p2|CM10|163
|gametype|singles
|gen|6
|tier|OU
|rated
|clearpoke
|poke|p1|Greninja, F
|poke|p1|Thundurus, M
|poke|p1|Victini
|poke|p1|Conkeldurr, F
|poke|p1|Landorus-Therian, M
|poke|p1|Gardevoir, F
|poke|p2|Kyurem-Black, shiny
|poke|p2|Garchomp, F
|poke|p2|Charizard, M
|poke|p2|Dragonite, F
|poke|p2|Goodra, F
|poke|p2|Latios, M
|rule|Sleep Clause Mod: Limit one foe put to sleep
|rule|Species Clause: Limit one of each Pokemon
|rule|OHKO Clause: OHKO moves are banned
|rule|Moody Clause: Moody is banned
|rule|Evasion Moves Clause: Evasion moves are banned
|rule|Endless Battle Clause: Forcing endless battles is banned.
|rule|HP Percentage Mod: HP is reported as percentages
|teampreview
|
|start
|switch|p1a: Thundurus|Thundurus, M|299\/299
|switch|p2a: Garchomp|Garchomp, F|358\/358
|turn|1
|
|move|p2a: Garchomp|Outrage|p1a: Thundurus
|-damage|p1a: Thundurus|0 fnt
|faint|p1a: Thundurus
|
|
|switch|p1a: Gardevoir|Gardevoir, F|296\/296
|turn|2
|
|-formechange|p1a: Gardevoir|Gardevoir-Mega
|message|Gardevoir has Mega Evolved into Mega Gardevoir!
|move|p2a: Garchomp|Outrage|p1a: Gardevoir
|-immune|p1a: Gardevoir|[msg]
|move|p1a: Gardevoir|Calm Mind|p1a: Gardevoir
|-boost|p1a: Gardevoir|spa|1
|-boost|p1a: Gardevoir|spd|1
|
|turn|3
|
|switch|p2a: Goodra|Goodra, F|384\/384
|move|p1a: Gardevoir|Calm Mind|p1a: Gardevoir
|-boost|p1a: Gardevoir|spa|1
|-boost|p1a: Gardevoir|spd|1
|
|turn|4
|
|move|p1a: Gardevoir|Moonblast|p2a: Goodra
|-supereffective|p2a: Goodra
|-damage|p2a: Goodra|0 fnt
|faint|p2a: Goodra
|
|
|switch|p2a: Garchomp|Garchomp, F|358\/358
|turn|5
|
|move|p2a: Garchomp|Poison Jab|p1a: Gardevoir
|-supereffective|p1a: Gardevoir
|-damage|p1a: Gardevoir|0 fnt
|faint|p1a: Gardevoir
|
|
|switch|p1a: Conkeldurr|Conkeldurr, F|352\/352
|turn|6
|
|switch|p2a: Charizard|Charizard, M|298\/298
|move|p1a: Conkeldurr|Mach Punch|p2a: Charizard
|-resisted|p2a: Charizard
|-damage|p2a: Charizard|244\/298
|
|turn|7
|
|-formechange|p2a: Charizard|Charizard-Mega-Y
|message|Charizard has Mega Evolved into Mega Charizard!
|-weather|SunnyDay
|move|p2a: Charizard|Flamethrower|p1a: Conkeldurr
|-damage|p1a: Conkeldurr|168\/352
|move|p1a: Conkeldurr|Knock Off|p2a: Charizard
|-damage|p2a: Charizard|130\/298
|
|-weather|SunnyDay|[upkeep]
|turn|8
|
|move|p2a: Charizard|Roost|p2a: Charizard
|-heal|p2a: Charizard|279\/298
|move|p1a: Conkeldurr|Drain Punch|p2a: Charizard
|-damage|p2a: Charizard|98\/298
|-heal|p1a: Conkeldurr|259\/352|[from] drain|[of] p2a: Charizard
|
|-weather|SunnyDay|[upkeep]
|turn|9
|
|move|p2a: Charizard|Flamethrower|p1a: Conkeldurr
|-damage|p1a: Conkeldurr|78\/352
|move|p1a: Conkeldurr|Drain Punch|p2a: Charizard
|-resisted|p2a: Charizard
|-damage|p2a: Charizard|2\/298
|-heal|p1a: Conkeldurr|126\/352|[from] drain|[of] p2a: Charizard
|
|-weather|SunnyDay|[upkeep]
|turn|10
|
|switch|p2a: Latios|Latios, M|364\/364
|move|p1a: Conkeldurr|Mach Punch|p2a: Latios
|-resisted|p2a: Latios
|-damage|p2a: Latios|313\/364
|
|-weather|SunnyDay|[upkeep]
|-heal|p2a: Latios|335\/364|[from] item: Leftovers
|turn|11
|
|switch|p1a: Greninja|Greninja, F|285\/285
|move|p2a: Latios|Psyshock|p1a: Greninja
|-immune|p1a: Greninja|[msg]
|
|-weather|none
|-heal|p2a: Latios|357\/364|[from] item: Leftovers
|turn|12
|
|switch|p2a: Charizard|Charizard, M|2\/298
|-formechange|p2a: Charizard|Charizard-Mega-Y
|-weather|SunnyDay
|-start|p1a: Greninja|typechange|Dark|[from] Protean
|move|p1a: Greninja|Dark Pulse|p2a: Charizard
|-damage|p2a: Charizard|0 fnt
|faint|p2a: Charizard
|
|-weather|SunnyDay|[upkeep]
|
|switch|p2a: Garchomp|Garchomp, F|358\/358
|turn|13
|
|move|p2a: Garchomp|Outrage|p1a: Greninja
|-enditem|p1a: Greninja|Focus Sash
|-damage|p1a: Greninja|1\/285
|-start|p1a: Greninja|typechange|Ice|[from] Protean
|move|p1a: Greninja|Ice Beam|p2a: Garchomp
|-supereffective|p2a: Garchomp
|-damage|p2a: Garchomp|0 fnt
|faint|p2a: Garchomp
|
|-weather|SunnyDay|[upkeep]
|
|switch|p2a: Dragonite|Dragonite, F|324\/324
|turn|14
|
|switch|p1a: Landorus-Therian|Landorus-Therian, M|319\/319
|-ability|p1a: Landorus-Therian|Intimidate|[of] p2a: Dragonite
|-unboost|p2a: Dragonite|atk|1
|move|p2a: Dragonite|Extreme Speed|p1a: Landorus-Therian
|-damage|p1a: Landorus-Therian|240\/319
|
|-weather|SunnyDay|[upkeep]
|turn|15
|
|switch|p2a: Latios|Latios, M|357\/364
|move|p1a: Landorus-Therian|Payback|p2a: Latios
|-supereffective|p2a: Latios
|-damage|p2a: Latios|177\/364
|
|-weather|SunnyDay|[upkeep]
|-heal|p2a: Latios|199\/364|[from] item: Leftovers
|turn|16
|
|move|p2a: Latios|Surf|p1a: Landorus-Therian
|-supereffective|p1a: Landorus-Therian
|-damage|p1a: Landorus-Therian|168\/319
|move|p1a: Landorus-Therian|Payback|p2a: Latios
|-supereffective|p2a: Latios
|-damage|p2a: Latios|0 fnt
|faint|p2a: Latios
|
|-weather|none
|
|switch|p2a: Dragonite|Dragonite, F|324\/324
|turn|17
|
|move|p2a: Dragonite|Dragon Dance|p2a: Dragonite
|-boost|p2a: Dragonite|atk|1
|-boost|p2a: Dragonite|spe|1
|move|p1a: Landorus-Therian|Explosion|p2a: Dragonite
|-damage|p2a: Dragonite|133\/324
|faint|p1a: Landorus-Therian
|
|
|switch|p1a: Victini|Victini|341\/341
|turn|18
|
|move|p1a: Victini|Bolt Strike|p2a: Dragonite
|-damage|p2a: Dragonite|0 fnt
|faint|p2a: Dragonite
|
|
|switch|p2a: Kyurem-Black|Kyurem-Black, shiny|454\/454
|-ability|p2a: Kyurem-Black|Teravolt
|turn|19
|
|switch|p1a: Greninja|Greninja, F|1\/285
|move|p2a: Kyurem-Black|Outrage|p1a: Greninja
|-damage|p1a: Greninja|0 fnt
|-damage|p2a: Kyurem-Black|409\/454|[from] item: Life Orb
|faint|p1a: Greninja
|
|
|switch|p1a: Conkeldurr|Conkeldurr, F|126\/352
|turn|20
|
|move|p1a: Conkeldurr|Mach Punch|p2a: Kyurem-Black
|-supereffective|p2a: Kyurem-Black
|-damage|p2a: Kyurem-Black|251\/454
|move|p2a: Kyurem-Black|Outrage|p1a: Conkeldurr
|-crit|p1a: Conkeldurr
|-damage|p1a: Conkeldurr|0 fnt
|-damage|p2a: Kyurem-Black|206\/454|[from] item: Life Orb
|faint|p1a: Conkeldurr
|
|
|switch|p1a: Victini|Victini|341\/341
|turn|21
|
|move|p1a: Victini|V-create|p2a: Kyurem-Black
|-damage|p2a: Kyurem-Black|0 fnt
|-unboost|p1a: Victini|def|1
|-unboost|p1a: Victini|spd|1
|-unboost|p1a: Victini|spe|1
|faint|p2a: Kyurem-Black
|
|win|sean1993
|raw|Ladder updating...
|raw|sean1993's rating: 1516 &rarr; <strong>1535<\/strong><br \/>(+19 for winning)
|raw|CM10's rating: 1494 &rarr; <strong>1476<\/strong><br \/>(-18 for losing)
|leave|CM10
|player|p2