|join|sean1993
|join|I'm Bi...sharp
|player|p1|sean1993|169
|player|p2|I'm Bi...sharp|268
|gametype|singles
|gen|6
|tier|OU
|rated
|clearpoke
|poke|p1|Infernape, M
|poke|p1|Azumarill, F
|poke|p1|Lucario, M
|poke|p1|Landorus, M
|poke|p1|Metagross
|poke|p1|Thundurus, M
|poke|p2|Venusaur, M
|poke|p2|Keldeo
|poke|p2|Heatran, F
|poke|p2|Clefable, M
|poke|p2|Landorus-Therian, M
|poke|p2|Bisharp, M
|rule|Swagger Clause: Swagger is banned
|rule|Baton Pass Clause: Limit one PokÃ©mon knowing Baton Pass
|rule|Sleep Clause Mod: Limit one foe put to sleep
|rule|Species Clause: Limit one of each PokÃ©mon
|rule|OHKO Clause: OHKO moves are banned
|rule|Moody Clause: Moody is banned
|rule|Evasion Moves Clause: Evasion moves are banned
|rule|Endless Battle Clause: Forcing endless battles is banned
|rule|HP Percentage Mod: HP is shown in percentages
|teampreview
|
|start
|switch|p1a: Infernape|Infernape, M|293\/293
|switch|p2a: Landorus-Therian|Landorus-Therian, M|319\/319
|-ability|p2a: Landorus-Therian|Intimidate|[of] p1a: Infernape
|-unboost|p1a: Infernape|atk|1
|turn|1
|
|move|p2a: Landorus-Therian|U-turn|p1a: Infernape
|-resisted|p1a: Infernape
|-damage|p1a: Infernape|260\/293
|
|switch|p2a: Keldeo|Keldeo|323\/323
|move|p1a: Infernape|Stealth Rock|p2a: Keldeo
|-sidestart|p2: I'm Bi...sharp|move: Stealth Rock
|
|turn|2
|
|switch|p1a: Azumarill|Azumarill, F|404\/404
|move|p2a: Keldeo|Scald|p1a: Azumarill
|-resisted|p1a: Azumarill
|-damage|p1a: Azumarill|284\/404
|
|turn|3
|
|switch|p2a: Venusaur|Venusaur, M|363\/363
|-damage|p2a: Venusaur|318\/363|[from] Stealth Rock
|move|p1a: Azumarill|Frustration|p2a: Venusaur
|-damage|p2a: Venusaur|195\/363
|
|turn|4
|
|switch|p1a: Infernape|Infernape, M|260\/293
|detailschange|p2a: Venusaur|Venusaur-Mega, M
|-mega|p2a: Venusaur|Venusaur|Venusaurite
|move|p2a: Venusaur|Earthquake|p1a: Infernape
|-supereffective|p1a: Infernape
|-damage|p1a: Infernape|36\/293
|
|turn|5
|
|move|p1a: Infernape|Endeavor|p2a: Venusaur
|-damage|p2a: Venusaur|36\/363
|move|p2a: Venusaur|Synthesis|p2a: Venusaur
|-heal|p2a: Venusaur|217\/363
|
|turn|6
|
|move|p1a: Infernape|Endeavor|p2a: Venusaur
|-damage|p2a: Venusaur|36\/363
|move|p2a: Venusaur|Sludge Bomb|p1a: Infernape
|-damage|p1a: Infernape|0 fnt
|faint|p1a: Infernape
|
|
|switch|p1a: Metagross|Metagross|301\/301
|turn|7
|
|detailschange|p1a: Metagross|Metagross-Mega
|-mega|p1a: Metagross|Metagross|Metagrossite
|move|p1a: Metagross|Zen Headbutt|p2a: Venusaur
|-supereffective|p2a: Venusaur
|-damage|p2a: Venusaur|0 fnt
|faint|p2a: Venusaur
|
|
|switch|p2a: Landorus-Therian|Landorus-Therian, M|319\/319
|-damage|p2a: Landorus-Therian|280\/319|[from] Stealth Rock
|-ability|p2a: Landorus-Therian|Intimidate|[of] p1a: Metagross
|-unboost|p1a: Metagross|atk|1
|turn|8
|
|switch|p1a: Thundurus|Thundurus, M|299\/299
|move|p2a: Landorus-Therian|U-turn|p1a: Thundurus
|-resisted|p1a: Thundurus
|-damage|p1a: Thundurus|236\/299
|
|switch|p2a: Heatran|Heatran, F|385\/385
|-damage|p2a: Heatran|337\/385|[from] Stealth Rock
|
|-heal|p2a: Heatran|361\/385|[from] item: Leftovers
|turn|9
|
|move|p1a: Thundurus|Thunder Wave|p2a: Heatran
|-status|p2a: Heatran|par
|move|p2a: Heatran|Lava Plume|p1a: Thundurus
|-damage|p1a: Thundurus|103\/299
|
|-heal|p2a: Heatran|385\/385 par|[from] item: Leftovers
|turn|10
|
|switch|p1a: Azumarill|Azumarill, F|284\/404
|move|p2a: Heatran|Lava Plume|p1a: Azumarill
|-resisted|p1a: Azumarill
|-damage|p1a: Azumarill|208\/404
|
|turn|11
|
|move|p1a: Azumarill|Belly Drum|p1a: Azumarill
|-damage|p1a: Azumarill|6\/404
|-setboost|p1a: Azumarill|atk|6|[from] move: Belly Drum
|-enditem|p1a: Azumarill|Sitrus Berry|[eat]
|-heal|p1a: Azumarill|107\/404|[from] item: Sitrus Berry
|move|p2a: Heatran|Lava Plume|p1a: Azumarill
|-resisted|p1a: Azumarill
|-damage|p1a: Azumarill|43\/404
|-status|p1a: Azumarill|brn
|
|-damage|p1a: Azumarill|0 fnt|[from] brn
|faint|p1a: Azumarill
|
|switch|p1a: Landorus|Landorus, M|320\/320
|turn|12
|
|move|p1a: Landorus|Earth Power|p2a: Heatran
|-supereffective|p2a: Heatran
|-damage|p2a: Heatran|0 fnt
|faint|p2a: Heatran
|
|
|switch|p2a: Keldeo|Keldeo|323\/323
|-damage|p2a: Keldeo|303\/323|[from] Stealth Rock
|turn|13
|
|move|p2a: Keldeo|Scald|p1a: Landorus
|-supereffective|p1a: Landorus
|-damage|p1a: Landorus|0 fnt
|faint|p1a: Landorus
|
|
|switch|p1a: Thundurus|Thundurus, M|103\/299
|turn|14
|
|switch|p2a: Clefable|Clefable, M|393\/393
|move|p1a: Thundurus|Thunderbolt|p2a: Clefable
|-damage|p2a: Clefable|169\/393
|-damage|p1a: Thundurus|74\/299|[from] item: Life Orb
|
|-heal|p2a: Clefable|193\/393|[from] item: Leftovers
|turn|15
|
|move|p1a: Thundurus|Thunderbolt|p2a: Clefable
|-damage|p2a: Clefable|0 fnt
|-damage|p1a: Thundurus|45\/299|[from] item: Life Orb
|faint|p2a: Clefable
|
|
|switch|p2a: Landorus-Therian|Landorus-Therian, M|280\/319
|-damage|p2a: Landorus-Therian|241\/319|[from] Stealth Rock
|-ability|p2a: Landorus-Therian|Intimidate|[of] p1a: Thundurus
|-unboost|p1a: Thundurus|atk|1
|turn|16
|
|move|p2a: Landorus-Therian|U-turn|p1a: Thundurus
|-resisted|p1a: Thundurus
|-damage|p1a: Thundurus|0 fnt
|faint|p1a: Thundurus
|
|switch|p2a: Keldeo|Keldeo|303\/323
|-damage|p2a: Keldeo|283\/323|[from] Stealth Rock
|
|
|switch|p1a: Metagross|Metagross-Mega|301\/301
|turn|17
|
|move|p2a: Keldeo|Scald|p1a: Metagross
|-damage|p1a: Metagross|91\/301
|move|p1a: Metagross|Thunder Punch|p2a: Keldeo
|-supereffective|p2a: Keldeo
|-damage|p2a: Keldeo|0 fnt
|faint|p2a: Keldeo
|
|
|switch|p2a: Landorus-Therian|Landorus-Therian, M|241\/319
|-damage|p2a: Landorus-Therian|202\/319|[from] Stealth Rock
|-ability|p2a: Landorus-Therian|Intimidate|[of] p1a: Metagross
|-unboost|p1a: Metagross|atk|1
|turn|18
|
|move|p1a: Metagross|Bullet Punch|p2a: Landorus-Therian
|-damage|p2a: Landorus-Therian|115\/319
|move|p2a: Landorus-Therian|Earthquake|p1a: Metagross
|-supereffective|p1a: Metagross
|-damage|p1a: Metagross|0 fnt
|faint|p1a: Metagross
|
|
|switch|p1a: Lucario|Lucario, M|281\/281
|turn|19
|
|move|p1a: Lucario|Extreme Speed|p2a: Landorus-Therian
|-damage|p2a: Landorus-Therian|0 fnt
|-damage|p1a: Lucario|253\/281|[from] item: Life Orb
|faint|p2a: Landorus-Therian
|
|
|switch|p2a: Bisharp|Bisharp, M|271\/271
|-damage|p2a: Bisharp|255\/271|[from] Stealth Rock
|turn|20
|c|âI'm Bi...sharp|gg ;[
|
|move|p1a: Lucario|Close Combat|p2a: Bisharp
|-supereffective|p2a: Bisharp
|-damage|p2a: Bisharp|0 fnt
|-unboost|p1a: Lucario|def|1
|-unboost|p1a: Lucario|spd|1
|-damage|p1a: Lucario|225\/281|[from] item: Life Orb
|faint|p2a: Bisharp
|
|win|sean1993
|raw|Ladder updating...
|raw|sean1993's rating: 1583 &rarr; <strong>1601<\/strong><br \/>(+18 for winning)
|raw|I&apos;m Bi...sharp's rating: 1534 &rarr; <strong>1517<\/strong><br \/>(-17 for losing)
|leave|I'm Bi...sharp
|player|p2