|join|G0tagofast
|join|sean1993
|player|p1|G0tagofast|169
|player|p2|sean1993|266
|gametype|singles
|gen|6
|tier|OU
|rated
|clearpoke
|poke|p1|Houndoom, F
|poke|p1|Toxicroak, M
|poke|p1|Latias, F
|poke|p1|Gliscor, F
|poke|p1|Jirachi
|poke|p1|Rotom-Wash
|poke|p2|Infernape, F
|poke|p2|Azumarill, F
|poke|p2|Lucario, M
|poke|p2|Landorus, M
|poke|p2|Metagross
|poke|p2|Thundurus, M
|rule|Swagger Clause: Swagger is banned
|rule|Baton Pass Clause: Limit one PokÃ©mon knowing Baton Pass
|rule|Sleep Clause Mod: Limit one foe put to sleep
|rule|Species Clause: Limit one of each PokÃ©mon
|rule|OHKO Clause: OHKO moves are banned
|rule|Moody Clause: Moody is banned
|rule|Evasion Moves Clause: Evasion moves are banned
|rule|Endless Battle Clause: Forcing endless battles is banned
|rule|HP Percentage Mod: HP is shown in percentages
|teampreview
|
|start
|switch|p1a: Latias|Latias, F|319\/319
|switch|p2a: Infernape|Infernape, F|293\/293
|turn|1
|
|move|p1a: Latias|Psyshock|p2a: Infernape
|-supereffective|p2a: Infernape
|-enditem|p2a: Infernape|Focus Sash
|-damage|p2a: Infernape|1\/293
|-damage|p1a: Latias|288\/319|[from] item: Life Orb
|move|p2a: Infernape|Stealth Rock|p1a: Latias
|-sidestart|p1: G0tagofast|move: Stealth Rock
|
|turn|2
|
|move|p1a: Latias|Psyshock|p2a: Infernape
|-supereffective|p2a: Infernape
|-damage|p2a: Infernape|0 fnt
|-damage|p1a: Latias|257\/319|[from] item: Life Orb
|faint|p2a: Infernape
|
|
|switch|p2a: Azumarill|Azumarill, F|404\/404
|turn|3
|
|move|p1a: Latias|Defog|p2a: Azumarill
|-unboost|p2a: Azumarill|evasion|1
|-sideend|p1: G0tagofast|Stealth Rock|[from] move: Defog|[of] p1a: Latias
|move|p2a: Azumarill|Belly Drum|p2a: Azumarill
|-damage|p2a: Azumarill|202\/404
|-setboost|p2a: Azumarill|atk|6|[from] move: Belly Drum
|-enditem|p2a: Azumarill|Sitrus Berry|[eat]
|-heal|p2a: Azumarill|303\/404|[from] item: Sitrus Berry
|
|turn|4
|
|move|p1a: Latias|Psyshock|p2a: Azumarill
|-damage|p2a: Azumarill|116\/404
|-damage|p1a: Latias|226\/319|[from] item: Life Orb
|move|p2a: Azumarill|Knock Off|p1a: Latias
|-supereffective|p1a: Latias
|-damage|p1a: Latias|0 fnt
|-enditem|p1a: Latias|Life Orb|[from] move: Knock Off|[of] p2a: Azumarill
|faint|p1a: Latias
|
|
|switch|p1a: Toxicroak|Toxicroak, M|307\/307
|turn|5
|
|move|p1a: Toxicroak|Gunk Shot|p2a: Azumarill
|-supereffective|p2a: Azumarill
|-damage|p2a: Azumarill|0 fnt
|-damage|p1a: Toxicroak|277\/307|[from] item: Life Orb
|faint|p2a: Azumarill
|
|
|switch|p2a: Landorus|Landorus, M|320\/320
|turn|6
|
|switch|p1a: Gliscor|Gliscor, F|352\/352
|move|p2a: Landorus|Psychic|p1a: Gliscor
|-damage|p1a: Gliscor|127\/352
|
|-status|p1a: Gliscor|tox|[from] item: Toxic Orb
|turn|7
|
|switch|p1a: Jirachi|Jirachi|404\/404
|move|p2a: Landorus|Psychic|p1a: Jirachi
|-resisted|p1a: Jirachi
|-damage|p1a: Jirachi|374\/404
|
|-heal|p1a: Jirachi|399\/404|[from] item: Leftovers
|turn|8
|
|switch|p1a: Gliscor|Gliscor, F|127\/352 tox
|move|p2a: Landorus|Earth Power|p1a: Gliscor
|-immune|p1a: Gliscor|[msg]
|
|-heal|p1a: Gliscor|171\/352 tox|[from] ability: Poison Heal
|turn|9
|
|move|p2a: Landorus|Psychic|p1a: Gliscor
|-damage|p1a: Gliscor|0 fnt
|faint|p1a: Gliscor
|
|
|switch|p1a: Rotom-Wash|Rotom-Wash|304\/304
|turn|10
|
|switch|p2a: Thundurus|Thundurus, M|299\/299
|move|p1a: Rotom-Wash|Hydro Pump|p2a: Thundurus
|-crit|p2a: Thundurus
|-damage|p2a: Thundurus|67\/299
|
|turn|11
|
|switch|p1a: Jirachi|Jirachi|399\/404
|move|p2a: Thundurus|Thunderbolt|p1a: Jirachi
|-damage|p1a: Jirachi|265\/404
|-damage|p2a: Thundurus|38\/299|[from] item: Life Orb
|
|-heal|p1a: Jirachi|290\/404|[from] item: Leftovers
|turn|12
|
|move|p2a: Thundurus|Knock Off|p1a: Jirachi
|-supereffective|p1a: Jirachi
|-damage|p1a: Jirachi|64\/404
|-enditem|p1a: Jirachi|Leftovers|[from] move: Knock Off|[of] p2a: Thundurus
|-damage|p2a: Thundurus|9\/299|[from] item: Life Orb
|move|p1a: Jirachi|Stealth Rock|p2a: Thundurus
|-sidestart|p2: sean1993|move: Stealth Rock
|
|turn|13
|
|move|p2a: Thundurus|Thunderbolt|p1a: Jirachi
|-damage|p1a: Jirachi|0 fnt
|-damage|p2a: Thundurus|0 fnt|[from] item: Life Orb
|faint|p1a: Jirachi
|faint|p2a: Thundurus
|
|
|switch|p2a: Metagross|Metagross|301\/301
|switch|p1a: Rotom-Wash|Rotom-Wash|304\/304
|-damage|p2a: Metagross|283\/301|[from] Stealth Rock
|turn|14
|
|detailschange|p2a: Metagross|Metagross-Mega
|-mega|p2a: Metagross|Metagross|Metagrossite
|move|p2a: Metagross|Thunder Punch|p1a: Rotom-Wash
|-damage|p1a: Rotom-Wash|201\/304
|move|p1a: Rotom-Wash|Will-O-Wisp|p2a: Metagross
|-status|p2a: Metagross|brn
|
|-heal|p1a: Rotom-Wash|220\/304|[from] item: Leftovers
|-damage|p2a: Metagross|246\/301 brn|[from] brn
|turn|15
|
|move|p2a: Metagross|Zen Headbutt|p1a: Rotom-Wash
|-damage|p1a: Rotom-Wash|133\/304
|move|p1a: Rotom-Wash|Volt Switch|p2a: Metagross
|-damage|p2a: Metagross|164\/301 brn
|c|âG0tagofast|gg
|
|switch|p1a: Houndoom|Houndoom, F|301\/301
|
|-damage|p2a: Metagross|127\/301 brn|[from] brn
|turn|16
|
|detailschange|p1a: Houndoom|Houndoom-Mega, F
|-mega|p1a: Houndoom|Houndoom|Houndoominite
|move|p2a: Metagross|Meteor Mash|p1a: Houndoom
|-resisted|p1a: Houndoom
|-damage|p1a: Houndoom|231\/301
|move|p1a: Houndoom|Nasty Plot|p1a: Houndoom
|-boost|p1a: Houndoom|spa|2
|
|-damage|p2a: Metagross|90\/301 brn|[from] brn
|turn|17
|
|switch|p2a: Lucario|Lucario, M|281\/281
|-damage|p2a: Lucario|273\/281|[from] Stealth Rock
|move|p1a: Houndoom|Nasty Plot|p1a: Houndoom
|-boost|p1a: Houndoom|spa|2
|
|turn|18
|
|move|p2a: Lucario|Extreme Speed|p1a: Houndoom
|-crit|p1a: Houndoom
|-damage|p1a: Houndoom|36\/301
|-damage|p2a: Lucario|245\/281|[from] item: Life Orb
|move|p1a: Houndoom|Fire Blast|p2a: Lucario
|-supereffective|p2a: Lucario
|-damage|p2a: Lucario|0 fnt
|faint|p2a: Lucario
|
|
|switch|p2a: Metagross|Metagross-Mega|90\/301 brn
|-damage|p2a: Metagross|72\/301 brn|[from] Stealth Rock
|turn|19
|
|move|p2a: Metagross|Bullet Punch|p1a: Houndoom
|-resisted|p1a: Houndoom
|-damage|p1a: Houndoom|7\/301
|move|p1a: Houndoom|Dark Pulse|p2a: Metagross
|-supereffective|p2a: Metagross
|-damage|p2a: Metagross|0 fnt
|faint|p2a: Metagross
|
|
|switch|p2a: Landorus|Landorus, M|320\/320
|-damage|p2a: Landorus|280\/320|[from] Stealth Rock
|turn|20
|
|move|p1a: Houndoom|Dark Pulse|p2a: Landorus
|-damage|p2a: Landorus|0 fnt
|faint|p2a: Landorus
|
|win|G0tagofast
|raw|Ladder updating...
|raw|G0tagofast's rating: 1605 &rarr; <strong>1628<\/strong><br \/>(+23 for winning)
|raw|sean1993's rating: 1648 &rarr; <strong>1625<\/strong><br \/>(-23 for losing)