|join|gabwab
|join|sean1993
|player|p1|gabwab|265
|player|p2|sean1993|170
|gametype|singles
|tier|OU
|rated
|rule|Evasion Abilities Clause: Evasion abilities are banned
|clearpoke
|poke|p1|Hariyama, M
|poke|p1|Gengar, M
|poke|p1|Ferrothorn, M
|poke|p1|Amoonguss, F
|poke|p1|Salamence, M, shiny
|poke|p1|Durant, F
|poke|p2|Keldeo
|poke|p2|Gengar, M
|poke|p2|Weavile, M
|poke|p2|Breloom, F
|poke|p2|Garchomp, M
|poke|p2|Scizor, M
|rule|Sleep Clause Mod: Limit one foe put to sleep
|rule|Species Clause: Limit one of each Pokemon
|rule|OHKO Clause: OHKO moves are banned
|rule|Moody Clause: Moody is banned
|rule|Evasion Moves Clause: Evasion moves are banned
|rule|HP Percentage Mod: HP is reported as percentages
|teampreview
|callback|decision
|
|start
|switch|p1a: Durant|Durant, F|257\/257
|switch|p2a: Scizor|Scizor, M|331\/331
|turn|1
|callback|decision
|
|switch|p1a: Amoonguss|Amoonguss, F|432\/432
|move|p2a: Scizor|Superpower|p1a: Amoonguss
|-resisted|p1a: Amoonguss
|-damage|p1a: Amoonguss|339\/432
|-unboost|p2a: Scizor|atk|1
|-unboost|p2a: Scizor|def|1
|
|-heal|p1a: Amoonguss|366\/432|[from] item: Leftovers
|turn|2
|callback|decision
|
|move|p2a: Scizor|Swords Dance|p2a: Scizor
|-boost|p2a: Scizor|atk|2
|move|p1a: Amoonguss|Spore|p2a: Scizor
|-status|p2a: Scizor|slp
|-enditem|p2a: Scizor|Lum Berry|[eat]
|-curestatus|p2a: Scizor|slp
|
|-heal|p1a: Amoonguss|393\/432|[from] item: Leftovers
|turn|3
|callback|decision
|
|move|p2a: Scizor|Bug Bite|p1a: Amoonguss
|-damage|p1a: Amoonguss|105\/432
|move|p1a: Amoonguss|Spore|p2a: Scizor
|-status|p2a: Scizor|slp
|
|-heal|p1a: Amoonguss|132\/432|[from] item: Leftovers
|turn|4
|callback|decision
|
|switch|p2a: Breloom|Breloom, F|289\/289
|move|p1a: Amoonguss|Hidden Power|p2a: Breloom
|-supereffective|p2a: Breloom
|-damage|p2a: Breloom|143\/289
|
|-heal|p1a: Amoonguss|159\/432|[from] item: Leftovers
|turn|5
|callback|decision
|
|move|p2a: Breloom|Spore|p1a: Amoonguss
|-status|p1a: Amoonguss|slp
|cant|p1a: Amoonguss|slp
|
|-heal|p1a: Amoonguss|186\/432 slp|[from] item: Leftovers
|turn|6
|callback|decision
|
|-singleturn|p2a: Breloom|move: Focus Punch
|switch|p1a: Politoed|Gengar, M|261\/261
|move|p2a: Breloom|Focus Punch|p1a: Politoed
|-immune|p1a: Politoed|[msg]
|
|turn|7
|callback|decision
|
|switch|p1a: èæ®ºæ|Hariyama, M|492\/492
|switch|p2a: Garchomp|Garchomp, M|358\/358
|
|-activate|p1a: èæ®ºæ|item: Toxic Orb
|-status|p1a: èæ®ºæ|tox
|turn|8
|callback|decision
|
|move|p2a: Garchomp|Stealth Rock|p1a: èæ®ºæ
|-sidestart|p1: gabwab|move: Stealth Rock
|move|p1a: èæ®ºæ|Ice Punch|p2a: Garchomp
|-supereffective|p2a: Garchomp
|-enditem|p2a: Garchomp|Focus Sash
|-damage|p2a: Garchomp|1\/358
|-damage|p1a: èæ®ºæ|431\/492 tox|[from] ability: Rough Skin|[of] p2a: Garchomp
|
|-damage|p1a: èæ®ºæ|401\/492 tox|[from] psn
|turn|9
|callback|decision
|
|move|p1a: èæ®ºæ|Bullet Punch|p2a: Garchomp
|-damage|p2a: Garchomp|0 fnt
|-damage|p1a: èæ®ºæ|340\/492 tox|[from] ability: Rough Skin|[of] p2a: Garchomp
|faint|p2a: Garchomp
|
|-damage|p1a: èæ®ºæ|280\/492 tox|[from] psn
|callback|decision
|
|switch|p2a: Keldeo|Keldeo|323\/323
|turn|10
|callback|decision
|
|switch|p1a: Amoonguss|Amoonguss, F|330\/432 slp
|-damage|p1a: Amoonguss|276\/432 slp|[from] Stealth Rock
|move|p2a: Keldeo|Secret Sword|p1a: Amoonguss
|-resisted|p1a: Amoonguss
|-damage|p1a: Amoonguss|189\/432 slp
|
|-heal|p1a: Amoonguss|216\/432 slp|[from] item: Leftovers
|turn|11
|callback|decision
|
|switch|p1a: Durant|Durant, F|257\/257
|-damage|p1a: Durant|225\/257|[from] Stealth Rock
|move|p2a: Keldeo|Secret Sword|p1a: Durant
|-damage|p1a: Durant|81\/257
|
|turn|12
|callback|decision
|
|switch|p1a: Amoonguss|Amoonguss, F|360\/432 slp
|-damage|p1a: Amoonguss|306\/432 slp|[from] Stealth Rock
|move|p2a: Keldeo|Secret Sword|p1a: Amoonguss
|-resisted|p1a: Amoonguss
|-damage|p1a: Amoonguss|221\/432 slp
|
|-heal|p1a: Amoonguss|248\/432 slp|[from] item: Leftovers
|turn|13
|callback|decision
|
|move|p2a: Keldeo|Secret Sword|p1a: Amoonguss
|-crit|p1a: Amoonguss
|-resisted|p1a: Amoonguss
|-damage|p1a: Amoonguss|73\/432 slp
|cant|p1a: Amoonguss|slp
|
|-heal|p1a: Amoonguss|100\/432 slp|[from] item: Leftovers
|turn|14
|callback|decision
|
|switch|p1a: Durant|Durant, F|81\/257
|-damage|p1a: Durant|49\/257|[from] Stealth Rock
|move|p2a: Keldeo|Secret Sword|p1a: Durant
|-damage|p1a: Durant|0 fnt
|faint|p1a: Durant
|
|callback|decision
|
|switch|p1a: Salamence|Salamence, M, shiny|331\/331
|-damage|p1a: Salamence|249\/331|[from] Stealth Rock
|turn|15
|callback|decision
|
|switch|p2a: Breloom|Breloom, F|143\/289
|move|p1a: Salamence|Draco Meteor|p2a: Breloom|[miss]
|-miss|p1a: Salamence|p2a: Breloom
|
|turn|16
|callback|decision
|
|move|p2a: Breloom|Mach Punch|p1a: Salamence
|-enditem|p2a: Breloom|Fighting Gem|[from] gem|[move] Mach Punch
|-resisted|p1a: Salamence
|-damage|p1a: Salamence|144\/331
|move|p1a: Salamence|Fire Blast|p2a: Breloom
|-supereffective|p2a: Breloom
|-damage|p2a: Breloom|0 fnt
|-damage|p1a: Salamence|111\/331|[from] item: Life Orb
|faint|p2a: Breloom
|-boost|p1a: Salamence|atk|1|[from] ability: Moxie
|
|callback|decision
|
|switch|p2a: Weavile|Weavile, M|289\/289
|-ability|p2a: Weavile|Pressure
|turn|17
|callback|decision
|
|move|p2a: Weavile|Ice Shard|p1a: Salamence
|-supereffective|p1a: Salamence
|-damage|p1a: Salamence|0 fnt
|-damage|p2a: Weavile|261\/289|[from] item: Life Orb
|faint|p1a: Salamence
|
|callback|decision
|
|switch|p1a: èæ®ºæ|Hariyama, M|280\/492 tox
|-damage|p1a: èæ®ºæ|250\/492 tox|[from] Stealth Rock
|turn|18
|callback|decision
|
|switch|p2a: Gengar|Gengar, M|261\/261
|move|p1a: èæ®ºæ|Fake Out|p2a: Gengar
|-immune|p2a: Gengar|[msg]
|
|-damage|p1a: èæ®ºæ|220\/492 tox|[from] psn
|turn|19
|callback|decision
|
|switch|p1a: Ferrothorn|Ferrothorn, M|352\/352
|-damage|p1a: Ferrothorn|330\/352|[from] Stealth Rock
|move|p2a: Gengar|Sludge Bomb|p1a: Ferrothorn
|-immune|p1a: Ferrothorn|[msg]
|
|turn|20
|callback|decision
|
|switch|p2a: Scizor|Scizor, M|331\/331 slp
|move|p1a: Ferrothorn|Gyro Ball|p2a: Scizor
|-resisted|p2a: Scizor
|-damage|p2a: Scizor|272\/331 slp
|
|turn|21
|callback|decision
|
|cant|p2a: Scizor|slp
|move|p1a: Ferrothorn|Leech Seed|p2a: Scizor
|-start|p2a: Scizor|move: Leech Seed
|
|-damage|p2a: Scizor|231\/331 slp|[from] Leech Seed|[of] p1a: Ferrothorn
|-heal|p1a: Ferrothorn|352\/352|[silent]
|turn|22
|callback|decision
|
|switch|p1a: Amoonguss|Amoonguss, F|244\/432 slp
|-damage|p1a: Amoonguss|190\/432 slp|[from] Stealth Rock
|cant|p2a: Scizor|slp
|
|-heal|p1a: Amoonguss|217\/432 slp|[from] item: Leftovers
|-damage|p2a: Scizor|190\/331 slp|[from] Leech Seed|[of] p1a: Amoonguss
|-heal|p1a: Amoonguss|258\/432 slp|[silent]
|turn|23
|callback|decision
|
|cant|p2a: Scizor|slp
|cant|p1a: Amoonguss|slp
|
|-heal|p1a: Amoonguss|285\/432 slp|[from] item: Leftovers
|-damage|p2a: Scizor|149\/331 slp|[from] Leech Seed|[of] p1a: Amoonguss
|-heal|p1a: Amoonguss|326\/432 slp|[silent]
|turn|24
|callback|decision
|
|-curestatus|p2a: Scizor|slp
|move|p2a: Scizor|Swords Dance|p2a: Scizor
|-boost|p2a: Scizor|atk|2
|-curestatus|p1a: Amoonguss|slp
|move|p1a: Amoonguss|Hidden Power|p2a: Scizor
|-supereffective|p2a: Scizor
|-damage|p2a: Scizor|0 fnt
|faint|p2a: Scizor
|
|-heal|p1a: Amoonguss|353\/432|[from] item: Leftovers
|callback|decision
|
|switch|p2a: Gengar|Gengar, M|261\/261
|turn|25
|callback|decision
|
|move|p2a: Gengar|Sludge Bomb|p1a: Amoonguss
|-damage|p1a: Amoonguss|187\/432
|move|p1a: Amoonguss|Spore|p2a: Gengar
|-status|p2a: Gengar|slp
|
|-heal|p1a: Amoonguss|214\/432|[from] item: Leftovers
|turn|26
|callback|decision
|
|switch|p2a: Keldeo|Keldeo|323\/323
|switch|p1a: Ferrothorn|Ferrothorn, M|352\/352
|-damage|p1a: Ferrothorn|330\/352|[from] Stealth Rock
|
|turn|27
|callback|decision
|
|switch|p1a: Amoonguss|Amoonguss, F|358\/432
|-damage|p1a: Amoonguss|304\/432|[from] Stealth Rock
|move|p2a: Keldeo|Hydro Pump|p1a: Amoonguss
|-resisted|p1a: Amoonguss
|-damage|p1a: Amoonguss|211\/432
|
|-heal|p1a: Amoonguss|238\/432|[from] item: Leftovers
|turn|28
|callback|decision
|
|switch|p2a: Weavile|Weavile, M|261\/289
|-ability|p2a: Weavile|Pressure
|switch|p1a: Ferrothorn|Ferrothorn, M|330\/352
|-damage|p1a: Ferrothorn|308\/352|[from] Stealth Rock
|
|turn|29
|callback|decision
|
|move|p2a: Weavile|Low Kick|p1a: Ferrothorn
|-supereffective|p1a: Ferrothorn
|-damage|p1a: Ferrothorn|134\/352
|-damage|p2a: Weavile|225\/289|[from] ability: Iron Barbs|[of] p1a: Ferrothorn
|-damage|p2a: Weavile|177\/289|[from] item: Rocky Helmet|[of] p1a: Ferrothorn
|-damage|p2a: Weavile|149\/289|[from] item: Life Orb
|move|p1a: Ferrothorn|Gyro Ball|p2a: Weavile
|-supereffective|p2a: Weavile
|-damage|p2a: Weavile|0 fnt
|faint|p2a: Weavile
|
|callback|decision
|
|switch|p2a: Keldeo|Keldeo|323\/323
|turn|30
|callback|decision
|
|move|p2a: Keldeo|Hydro Pump|p1a: Ferrothorn
|-resisted|p1a: Ferrothorn
|-damage|p1a: Ferrothorn|43\/352
|move|p1a: Ferrothorn|Leech Seed|p2a: Keldeo
|-start|p2a: Keldeo|move: Leech Seed
|
|-damage|p2a: Keldeo|283\/323|[from] Leech Seed|[of] p1a: Ferrothorn
|-heal|p1a: Ferrothorn|83\/352|[silent]
|turn|31
|callback|decision
|
|move|p2a: Keldeo|Hydro Pump|p1a: Ferrothorn|[miss]
|-miss|p2a: Keldeo|p1a: Ferrothorn
|move|p1a: Ferrothorn|Stealth Rock|p2a: Keldeo
|-sidestart|p2: sean1993|move: Stealth Rock
|
|-damage|p2a: Keldeo|243\/323|[from] Leech Seed|[of] p1a: Ferrothorn
|-heal|p1a: Ferrothorn|123\/352|[silent]
|turn|32
|callback|decision
|leave|sean1993
|player|p2
|-message|sean1993 lost due to inactivity.
|
|win|gabwab
|raw|Ladder updating...
|raw|gabwab's rating: 1857 &rarr; <strong>1861<\/strong><br \/>(+4 for winning)
|raw|sean1993's rating: 1759 &rarr; <strong>1757<\/strong><br \/>(-2 for losing)