|join|sean1993
|join|Canuckassassin
|player|p1|sean1993|266
|player|p2|Canuckassassin|1
|gametype|singles
|gen|6
|tier|OU
|rated
|clearpoke
|poke|p1|Greninja, M
|poke|p1|Garchomp, M
|poke|p1|Charizard, F
|poke|p1|Klefki, F
|poke|p1|Landorus-Therian, M
|poke|p1|Skarmory, F
|poke|p2|Landorus-Therian, M
|poke|p2|Rotom-Wash
|poke|p2|Venusaur, F
|poke|p2|Kyurem-Black
|poke|p2|Heatran, M
|poke|p2|Aegislash, M
|rule|Sleep Clause Mod: Limit one foe put to sleep
|rule|Species Clause: Limit one of each Pokemon
|rule|OHKO Clause: OHKO moves are banned
|rule|Moody Clause: Moody is banned
|rule|Evasion Moves Clause: Evasion moves are banned
|rule|Endless Battle Clause: Forcing endless battles is banned.
|rule|HP Percentage Mod: HP is reported as percentages
|teampreview
|
|start
|switch|p1a: Greninja|Greninja, M|285\/285
|switch|p2a: Major Tom|Landorus-Therian, M|320\/320
|-ability|p2a: Major Tom|Intimidate|[of] p1a: Greninja
|-unboost|p1a: Greninja|atk|1
|turn|1
|
|move|p2a: Major Tom|U-turn|p1a: Greninja
|-supereffective|p1a: Greninja
|-damage|p1a: Greninja|43\/285
|
|switch|p2a: Ringo|Rotom-Wash|304\/304
|-start|p1a: Greninja|typechange|Ice|[from] Protean
|move|p1a: Greninja|Ice Beam|p2a: Ringo
|-resisted|p2a: Ringo
|-damage|p2a: Ringo|229\/304
|
|-heal|p2a: Ringo|248\/304|[from] item: Leftovers
|turn|2
|
|switch|p1a: Landorus-Therian|Landorus-Therian, M|319\/319
|-ability|p1a: Landorus-Therian|Intimidate|[of] p2a: Ringo
|-unboost|p2a: Ringo|atk|1
|move|p2a: Ringo|Volt Switch|p1a: Landorus-Therian
|-immune|p1a: Landorus-Therian|[msg]
|
|-heal|p2a: Ringo|267\/304|[from] item: Leftovers
|turn|3
|
|switch|p1a: Klefki|Klefki, F|287\/287
|move|p2a: Ringo|Will-O-Wisp|p1a: Klefki
|-status|p1a: Klefki|brn
|
|-heal|p2a: Ringo|286\/304|[from] item: Leftovers
|-damage|p1a: Klefki|252\/287 brn|[from] brn
|turn|4
|
|move|p1a: Klefki|Swagger|p2a: Ringo
|-boost|p2a: Ringo|atk|2
|-start|p2a: Ringo|confusion
|-activate|p2a: Ringo|confusion
|-damage|p2a: Ringo|261\/304|[from] confusion
|
|-heal|p2a: Ringo|280\/304|[from] item: Leftovers
|-damage|p1a: Klefki|217\/287 brn|[from] brn
|turn|5
|
|move|p1a: Klefki|Swagger|p2a: Ringo
|-boost|p2a: Ringo|atk|2
|-activate|p2a: Ringo|confusion
|-damage|p2a: Ringo|239\/304|[from] confusion
|
|-heal|p2a: Ringo|258\/304|[from] item: Leftovers
|-damage|p1a: Klefki|182\/287 brn|[from] brn
|turn|6
|
|-end|p2a: Ringo|confusion
|move|p2a: Ringo|Volt Switch|p1a: Klefki
|-crit|p1a: Klefki
|-damage|p1a: Klefki|64\/287 brn
|
|switch|p2a: Major Tom|Landorus-Therian, M|320\/320
|-ability|p2a: Major Tom|Intimidate|[of] p1a: Klefki
|-unboost|p1a: Klefki|atk|1
|move|p1a: Klefki|Foul Play|p2a: Major Tom
|-damage|p2a: Major Tom|258\/320
|
|-damage|p1a: Klefki|29\/287 brn|[from] brn
|turn|7
|
|switch|p1a: Skarmory|Skarmory, F|271\/271
|move|p2a: Major Tom|U-turn|p1a: Skarmory
|-resisted|p1a: Skarmory
|-damage|p1a: Skarmory|257\/271
|
|switch|p2a: Sgt. Pepper|Heatran, M|386\/386
|
|turn|8
|
|switch|p1a: Klefki|Klefki, F|29\/287 brn
|move|p2a: Sgt. Pepper|Stealth Rock|p1a: Klefki
|-sidestart|p1: sean1993|move: Stealth Rock
|
|-damage|p1a: Klefki|0 fnt|[from] brn
|faint|p1a: Klefki
|
|switch|p1a: Landorus-Therian|Landorus-Therian, M|319\/319
|-damage|p1a: Landorus-Therian|280\/319|[from] Stealth Rock
|-ability|p1a: Landorus-Therian|Intimidate|[of] p2a: Sgt. Pepper
|-unboost|p2a: Sgt. Pepper|atk|1
|turn|9
|
|switch|p2a: Ringo|Rotom-Wash|258\/304
|move|p1a: Landorus-Therian|Stone Edge|p2a: Ringo
|-damage|p2a: Ringo|158\/304
|
|-heal|p2a: Ringo|177\/304|[from] item: Leftovers
|turn|10
|
|move|p1a: Landorus-Therian|Payback|p2a: Ringo
|-damage|p2a: Ringo|131\/304
|move|p2a: Ringo|Hydro Pump|p1a: Landorus-Therian|[miss]
|-miss|p2a: Ringo|p1a: Landorus-Therian
|
|-heal|p2a: Ringo|150\/304|[from] item: Leftovers
|turn|11
|
|move|p1a: Landorus-Therian|Payback|p2a: Ringo
|-damage|p2a: Ringo|96\/304
|move|p2a: Ringo|Will-O-Wisp|p1a: Landorus-Therian
|-status|p1a: Landorus-Therian|brn
|
|-heal|p2a: Ringo|115\/304|[from] item: Leftovers
|-damage|p1a: Landorus-Therian|241\/319 brn|[from] brn
|turn|12
|
|move|p1a: Landorus-Therian|Stone Edge|p2a: Ringo
|-damage|p2a: Ringo|63\/304
|move|p2a: Ringo|Pain Split|p1a: Landorus-Therian
|-sethp|p1a: Landorus-Therian|152\/319 brn|p2a: Ringo|152\/304|[from] move: Pain Split
|
|-heal|p2a: Ringo|171\/304|[from] item: Leftovers
|-damage|p1a: Landorus-Therian|113\/319 brn|[from] brn
|turn|13
|
|switch|p1a: Skarmory|Skarmory, F|257\/271
|-damage|p1a: Skarmory|224\/271|[from] Stealth Rock
|move|p2a: Ringo|Hydro Pump|p1a: Skarmory
|-damage|p1a: Skarmory|40\/271
|
|-heal|p2a: Ringo|190\/304|[from] item: Leftovers
|turn|14
|
|move|p2a: Ringo|Volt Switch|p1a: Skarmory
|-supereffective|p1a: Skarmory
|-damage|p1a: Skarmory|0 fnt
|faint|p1a: Skarmory
|
|switch|p2a: Major Tom|Landorus-Therian, M|258\/320
|
|
|switch|p1a: Garchomp|Garchomp, M|357\/357
|-damage|p1a: Garchomp|335\/357|[from] Stealth Rock
|turn|15
|
|move|p2a: Major Tom|U-turn|p1a: Garchomp
|-damage|p1a: Garchomp|242\/357
|-damage|p2a: Major Tom|218\/320|[from] ability: Rough Skin|[of] p1a: Garchomp
|
|switch|p2a: Ringo|Rotom-Wash|190\/304
|move|p1a: Garchomp|Swords Dance|p1a: Garchomp
|-boost|p1a: Garchomp|atk|2
|
|-heal|p2a: Ringo|209\/304|[from] item: Leftovers
|turn|16
|
|move|p1a: Garchomp|Dragon Claw|p2a: Ringo
|-damage|p2a: Ringo|31\/304
|move|p2a: Ringo|Will-O-Wisp|p1a: Garchomp
|-status|p1a: Garchomp|brn
|
|-heal|p2a: Ringo|50\/304|[from] item: Leftovers
|-damage|p1a: Garchomp|198\/357 brn|[from] brn
|turn|17
|
|move|p1a: Garchomp|Dragon Claw|p2a: Ringo
|-damage|p2a: Ringo|0 fnt
|faint|p2a: Ringo
|
|-damage|p1a: Garchomp|154\/357 brn|[from] brn
|
|switch|p2a: Major Tom|Landorus-Therian, M|218\/320
|-ability|p2a: Major Tom|Intimidate|[of] p1a: Garchomp
|-unboost|p1a: Garchomp|atk|1
|turn|18
|
|move|p2a: Major Tom|U-turn|p1a: Garchomp
|-damage|p1a: Garchomp|67\/357 brn
|-damage|p2a: Major Tom|178\/320|[from] ability: Rough Skin|[of] p1a: Garchomp
|
|switch|p2a: Sgt. Pepper|Heatran, M|386\/386
|move|p1a: Garchomp|Swords Dance|p1a: Garchomp
|-boost|p1a: Garchomp|atk|2
|
|-damage|p1a: Garchomp|23\/357 brn|[from] brn
|turn|19
|
|switch|p2a: Major Tom|Landorus-Therian, M|178\/320
|-ability|p2a: Major Tom|Intimidate|[of] p1a: Garchomp
|-unboost|p1a: Garchomp|atk|1
|move|p1a: Garchomp|Earthquake|p2a: Major Tom
|-immune|p2a: Major Tom|[msg]
|
|-damage|p1a: Garchomp|0 fnt|[from] brn
|faint|p1a: Garchomp
|
|switch|p1a: Charizard|Charizard, F|297\/297
|-damage|p1a: Charizard|149\/297|[from] Stealth Rock
|turn|20
|
|-formechange|p1a: Charizard|Charizard-Mega-Y
|message|Charizard has Mega Evolved into Mega Charizard!
|-weather|SunnyDay
|move|p2a: Major Tom|Stone Edge|p1a: Charizard
|-supereffective|p1a: Charizard
|-damage|p1a: Charizard|0 fnt
|faint|p1a: Charizard
|
|-weather|SunnyDay|[upkeep]
|
|switch|p1a: Landorus-Therian|Landorus-Therian, M|113\/319 brn
|-damage|p1a: Landorus-Therian|74\/319 brn|[from] Stealth Rock
|-ability|p1a: Landorus-Therian|Intimidate|[of] p2a: Major Tom
|-unboost|p2a: Major Tom|atk|1
|turn|21
|
|move|p2a: Major Tom|Stone Edge|p1a: Landorus-Therian
|-damage|p1a: Landorus-Therian|0 fnt
|faint|p1a: Landorus-Therian
|
|-weather|SunnyDay|[upkeep]
|
|switch|p1a: Greninja|Greninja, M|43\/285
|-damage|p1a: Greninja|8\/285|[from] Stealth Rock
|turn|22
|
|move|p2a: Major Tom|Stone Edge|p1a: Greninja
|-damage|p1a: Greninja|0 fnt
|faint|p1a: Greninja
|
|win|Canuckassassin
|raw|Ladder updating...
|raw|sean1993's rating: 1416 &rarr; <strong>1398<\/strong><br \/>(-18 for losing)
|raw|Canuckassassin's rating: 1455 &rarr; <strong>1473<\/strong><br \/>(+18 for winning)
|chat|Canuckassassin|gg
|leave|sean1993
|player|p1