|join|sean1993
|join|Centzonhuitznahua
|player|p1|sean1993|28
|player|p2|Centzonhuitznahua|226
|gametype|singles
|tier|Pokebank OU (beta)
|rated
|clearpoke
|poke|p1|Scizor, M
|poke|p1|Heatran, M
|poke|p1|Rotom-Wash
|poke|p1|Tyranitar, F
|poke|p1|Excadrill, M
|poke|p1|Keldeo
|poke|p2|Chesnaught, F
|poke|p2|Chansey, F
|poke|p2|Gyarados, F
|poke|p2|Greninja, M
|poke|p2|Gliscor, F
|poke|p2|Jellicent, M
|rule|Sleep Clause Mod: Limit one foe put to sleep
|rule|Species Clause: Limit one of each Pokemon
|rule|Moody Clause: Moody is banned
|rule|OHKO Clause: OHKO moves are banned
|rule|Evasion Moves Clause: Evasion moves are banned
|rule|HP Percentage Mod: HP is reported as percentages
|teampreview
|callback|decision
|
|start
|switch|p1a: Scizor|Scizor, M|344\/344
|switch|p2a: Chesnaught|Chesnaught, F|380\/380
|turn|1
|callback|decision
|
|-formechange|p1a: Scizor|Scizor-Mega
|message|Scizor has Mega Evolved into Mega Scizor!
|move|p1a: Scizor|U-turn|p2a: Chesnaught
|-damage|p2a: Chesnaught|284\/380
|callback|decision
|
|switch|p1a: Heatran|Heatran, M|323\/323
|-item|p1a: Heatran|Air Balloon
|move|p2a: Chesnaught|Spikes|p1a: Heatran
|-sidestart|p1: sean1993|Spikes
|
|-heal|p2a: Chesnaught|307\/380|[from] item: Leftovers
|turn|2
|callback|decision
|
|switch|p2a: Chansey|Chansey, F|704\/704
|move|p1a: Heatran|Fire Blast|p2a: Chansey|[miss]
|-miss|p1a: Heatran|p2a: Chansey
|
|turn|3
|callback|decision
|
|switch|p1a: Scizor|Scizor, M|344\/344
|-formechange|p1a: Scizor|Scizor-Mega
|-damage|p1a: Scizor|301\/344|[from] Spikes
|move|p2a: Chansey|Thunder Wave|p1a: Scizor
|-status|p1a: Scizor|par
|
|turn|4
|callback|decision
|
|move|p2a: Chansey|Seismic Toss|p1a: Scizor
|-damage|p1a: Scizor|201\/344 par
|move|p1a: Scizor|Swords Dance|p1a: Scizor
|-boost|p1a: Scizor|atk|2
|
|turn|5
|callback|decision
|
|switch|p2a: Gyarados|Gyarados, F|353\/353
|-ability|p2a: Gyarados|Intimidate|[of] p1a: Scizor
|-unboost|p1a: Scizor|atk|1
|cant|p1a: Scizor|par
|
|turn|6
|callback|decision
|
|move|p2a: Gyarados|Substitute|p2a: Gyarados
|-start|p2a: Gyarados|Substitute
|-damage|p2a: Gyarados|265\/353
|move|p1a: Scizor|U-turn|p2a: Gyarados
|-resisted|p2a: Gyarados
|-end|p2a: Gyarados|Substitute
|callback|decision
|
|switch|p1a: Rotom-Wash|Rotom-Wash|299\/299
|
|turn|7
|callback|decision
|chat|Centzonhuitznahua|oh wow
|chat|Centzonhuitznahua|did not think that would do it
|
|switch|p2a: Gliscor|Gliscor, F|352\/352
|move|p1a: Rotom-Wash|Volt Switch|p2a: Gliscor
|-immune|p2a: Gliscor|[msg]
|
|-activate|p2a: Gliscor|item: Toxic Orb
|-status|p2a: Gliscor|tox
|turn|8
|callback|decision
|
|switch|p1a: Heatran|Heatran, M|323\/323
|-item|p1a: Heatran|Air Balloon
|move|p2a: Gliscor|Substitute|p2a: Gliscor
|-start|p2a: Gliscor|Substitute
|-damage|p2a: Gliscor|264\/352 tox
|
|-heal|p2a: Gliscor|308\/352 tox|[from] ability: Poison Heal
|turn|9
|callback|decision
|
|switch|p2a: Chansey|Chansey, F|704\/704
|move|p1a: Heatran|Hidden Power|p2a: Chansey
|-damage|p2a: Chansey|654\/704
|
|turn|10
|callback|decision
|
|switch|p1a: Tyranitar|Tyranitar, F|342\/342
|-damage|p1a: Tyranitar|300\/342|[from] Spikes
|-weather|Sandstorm
|move|p2a: Chansey|Seismic Toss|p1a: Tyranitar
|-damage|p1a: Tyranitar|200\/342
|
|-weather|Sandstorm|[upkeep]
|-damage|p2a: Chansey|610\/704|[from] sandstorm
|turn|11
|callback|decision
|
|move|p1a: Tyranitar|Pursuit|p2a: Chansey|[from]Pursuit
|-damage|p2a: Chansey|409\/704
|switch|p2a: Chesnaught|Chesnaught, F|307\/380
|
|-weather|Sandstorm|[upkeep]
|-damage|p2a: Chesnaught|284\/380|[from] sandstorm
|-heal|p2a: Chesnaught|307\/380|[from] item: Leftovers
|turn|12
|callback|decision
|
|switch|p1a: Keldeo|Keldeo|324\/324
|-damage|p1a: Keldeo|284\/324|[from] Spikes
|move|p2a: Chesnaught|Spikes|p1a: Keldeo
|-sidestart|p1: sean1993|Spikes
|
|-weather|Sandstorm|[upkeep]
|-damage|p1a: Keldeo|264\/324|[from] sandstorm
|-damage|p2a: Chesnaught|284\/380|[from] sandstorm
|-heal|p2a: Chesnaught|307\/380|[from] item: Leftovers
|turn|13
|callback|decision
|
|move|p2a: Chesnaught|Spiky Shield|p2a: Chesnaught
|-singleturn|p2a: Chesnaught|Spiky Shield
|move|p1a: Keldeo|Icy Wind|p2a: Chesnaught
|-activate|p2a: Chesnaught|Spiky Shield
|
|-weather|Sandstorm|[upkeep]
|-damage|p1a: Keldeo|244\/324|[from] sandstorm
|-damage|p2a: Chesnaught|284\/380|[from] sandstorm
|-heal|p2a: Chesnaught|307\/380|[from] item: Leftovers
|turn|14
|callback|decision
|
|move|p1a: Keldeo|Icy Wind|p2a: Chesnaught
|-supereffective|p2a: Chesnaught
|-damage|p2a: Chesnaught|73\/380
|-unboost|p2a: Chesnaught|spe|1
|move|p2a: Chesnaught|Roar|p1a: Keldeo
|drag|p1a: Excadrill|Excadrill, M|362\/362
|-damage|p1a: Excadrill|302\/362|[from] Spikes
|
|-weather|none
|-heal|p2a: Chesnaught|96\/380|[from] item: Leftovers
|turn|15
|callback|decision
|
|move|p1a: Excadrill|Earthquake|p2a: Chesnaught
|-resisted|p2a: Chesnaught
|-damage|p2a: Chesnaught|14\/380
|-damage|p1a: Excadrill|266\/362|[from] item: Life Orb
|move|p2a: Chesnaught|Synthesis|p2a: Chesnaught
|-heal|p2a: Chesnaught|204\/380
|
|-heal|p2a: Chesnaught|227\/380|[from] item: Leftovers
|turn|16
|callback|decision
|
|move|p1a: Excadrill|Iron Head|p2a: Chesnaught
|-damage|p2a: Chesnaught|101\/380
|-damage|p1a: Excadrill|230\/362|[from] item: Life Orb
|cant|p2a: Chesnaught|flinch
|
|-heal|p2a: Chesnaught|124\/380|[from] item: Leftovers
|turn|17
|callback|decision
|
|move|p2a: Chesnaught|Spiky Shield|p2a: Chesnaught
|-singleturn|p2a: Chesnaught|Spiky Shield
|move|p1a: Excadrill|Iron Head|p2a: Chesnaught
|-activate|p2a: Chesnaught|Spiky Shield
|-damage|p1a: Excadrill|185\/362|[from] Spiky Shield|[of] p2a: Chesnaught
|
|-heal|p2a: Chesnaught|147\/380|[from] item: Leftovers
|turn|18
|callback|decision
|
|move|p1a: Excadrill|Swords Dance|p1a: Excadrill
|-boost|p1a: Excadrill|atk|2
|move|p2a: Chesnaught|Synthesis|p2a: Chesnaught
|-heal|p2a: Chesnaught|337\/380
|
|-heal|p2a: Chesnaught|360\/380|[from] item: Leftovers
|turn|19
|callback|decision
|
|move|p1a: Excadrill|Iron Head|p2a: Chesnaught
|-damage|p2a: Chesnaught|110\/380
|-damage|p1a: Excadrill|149\/362|[from] item: Life Orb
|cant|p2a: Chesnaught|flinch
|
|-heal|p2a: Chesnaught|133\/380|[from] item: Leftovers
|turn|20
|callback|decision
|
|move|p2a: Chesnaught|Spiky Shield|p2a: Chesnaught
|-singleturn|p2a: Chesnaught|Spiky Shield
|move|p1a: Excadrill|Swords Dance|p1a: Excadrill
|-boost|p1a: Excadrill|atk|2
|
|-heal|p2a: Chesnaught|156\/380|[from] item: Leftovers
|turn|21
|callback|decision
|
|switch|p2a: Jellicent|Jellicent, M|403\/403
|move|p1a: Excadrill|Iron Head|p2a: Jellicent
|-resisted|p2a: Jellicent
|-damage|p2a: Jellicent|96\/403
|-damage|p1a: Excadrill|113\/362|[from] item: Life Orb
|
|-heal|p2a: Jellicent|121\/403|[from] item: Leftovers
|turn|22
|callback|decision
|
|move|p1a: Excadrill|Earthquake|p2a: Jellicent
|-damage|p2a: Jellicent|0 fnt
|-damage|p1a: Excadrill|77\/362|[from] item: Life Orb
|faint|p2a: Jellicent
|
|callback|decision
|
|switch|p2a: Gyarados|Gyarados, F|265\/353
|-ability|p2a: Gyarados|Intimidate|[of] p1a: Excadrill
|-unboost|p1a: Excadrill|atk|1
|turn|23
|callback|decision
|
|switch|p2a: Gliscor|Gliscor, F|308\/352 tox
|move|p1a: Excadrill|Rapid Spin|p2a: Gliscor
|-damage|p2a: Gliscor|248\/352 tox
|-sideend|p1: sean1993|Spikes|[from] move: Rapid Spin|[of] p1a: Excadrill
|-damage|p1a: Excadrill|41\/362|[from] item: Life Orb
|
|-heal|p2a: Gliscor|292\/352 tox|[from] ability: Poison Heal
|turn|24
|callback|decision
|
|switch|p2a: Gyarados|Gyarados, F|265\/353
|-ability|p2a: Gyarados|Intimidate|[of] p1a: Excadrill
|-unboost|p1a: Excadrill|atk|1
|move|p1a: Excadrill|Iron Head|p2a: Gyarados
|-resisted|p2a: Gyarados
|-damage|p2a: Gyarados|17\/353
|-damage|p1a: Excadrill|5\/362|[from] item: Life Orb
|
|turn|25
|callback|decision
|
|move|p1a: Excadrill|Iron Head|p2a: Gyarados
|-resisted|p2a: Gyarados
|-damage|p2a: Gyarados|0 fnt
|-damage|p1a: Excadrill|0 fnt|[from] item: Life Orb
|faint|p2a: Gyarados
|faint|p1a: Excadrill
|
|callback|decision
|
|switch|p1a: Rotom-Wash|Rotom-Wash|299\/299
|switch|p2a: Chesnaught|Chesnaught, F|156\/380
|turn|26
|callback|decision
|
|move|p2a: Chesnaught|Spiky Shield|p2a: Chesnaught
|-singleturn|p2a: Chesnaught|Spiky Shield
|move|p1a: Rotom-Wash|Will-O-Wisp|p2a: Chesnaught
|-activate|p2a: Chesnaught|Spiky Shield
|
|-heal|p2a: Chesnaught|179\/380|[from] item: Leftovers
|turn|27
|callback|decision
|
|move|p1a: Rotom-Wash|Will-O-Wisp|p2a: Chesnaught
|-status|p2a: Chesnaught|brn
|move|p2a: Chesnaught|Spikes|p1a: Rotom-Wash
|-sidestart|p1: sean1993|Spikes
|
|-heal|p2a: Chesnaught|202\/380 brn|[from] item: Leftovers
|-damage|p2a: Chesnaught|155\/380 brn|[from] brn
|turn|28
|callback|decision
|
|move|p1a: Rotom-Wash|Volt Switch|p2a: Chesnaught
|-resisted|p2a: Chesnaught
|-damage|p2a: Chesnaught|95\/380 brn
|callback|decision
|
|switch|p1a: Heatran|Heatran, M|323\/323
|-item|p1a: Heatran|Air Balloon
|move|p2a: Chesnaught|Synthesis|p2a: Chesnaught
|-heal|p2a: Chesnaught|285\/380 brn
|
|-heal|p2a: Chesnaught|308\/380 brn|[from] item: Leftovers
|-damage|p2a: Chesnaught|261\/380 brn|[from] brn
|turn|29
|callback|decision
|
|switch|p2a: Chansey|Chansey, F|409\/704
|move|p1a: Heatran|Stealth Rock|p2a: Chansey
|-sidestart|p2: Centzonhuitznahua|move: Stealth Rock
|
|turn|30
|callback|decision
|
|move|p1a: Heatran|Earth Power|p2a: Chansey
|-damage|p2a: Chansey|342\/704
|-unboost|p2a: Chansey|spd|1
|move|p2a: Chansey|Soft-Boiled|p2a: Chansey
|-heal|p2a: Chansey|694\/704
|
|turn|31
|callback|decision
|
|switch|p1a: Keldeo|Keldeo|244\/324
|-damage|p1a: Keldeo|204\/324|[from] Spikes
|move|p2a: Chansey|Seismic Toss|p1a: Keldeo
|-damage|p1a: Keldeo|104\/324
|
|turn|32
|callback|decision
|
|switch|p2a: Greninja|Greninja, M|286\/286
|-damage|p2a: Greninja|251\/286|[from] Stealth Rock
|move|p1a: Keldeo|Secret Sword|p2a: Greninja
|-supereffective|p2a: Greninja
|-damage|p2a: Greninja|0 fnt
|faint|p2a: Greninja
|
|callback|decision
|chat|Centzonhuitznahua|welp
|
|switch|p2a: Chansey|Chansey, F|694\/704
|-damage|p2a: Chansey|606\/704|[from] Stealth Rock
|turn|33
|callback|decision
|
|move|p1a: Keldeo|Secret Sword|p2a: Chansey
|-supereffective|p2a: Chansey
|-damage|p2a: Chansey|0 fnt
|faint|p2a: Chansey
|
|callback|decision
|
|switch|p2a: Chesnaught|Chesnaught, F|261\/380 brn
|-damage|p2a: Chesnaught|238\/380 brn|[from] Stealth Rock
|turn|34
|callback|decision
|chat|Centzonhuitznahua|gg i'm pretty sure
|
|switch|p1a: Heatran|Heatran, M|323\/323
|-item|p1a: Heatran|Air Balloon
|move|p2a: Chesnaught|Spiky Shield|p2a: Chesnaught
|-fail|p2a: Chesnaught
|
|-heal|p2a: Chesnaught|261\/380 brn|[from] item: Leftovers
|-damage|p2a: Chesnaught|214\/380 brn|[from] brn
|turn|35
|callback|decision
|
|move|p1a: Heatran|Hidden Power|p2a: Chesnaught
|-supereffective|p2a: Chesnaught
|-damage|p2a: Chesnaught|20\/380 brn
|move|p2a: Chesnaught|Roar|p1a: Heatran
|drag|p1a: Scizor|Scizor, M|201\/344 par
|-formechange|p1a: Scizor|Scizor-Mega
|-damage|p1a: Scizor|158\/344 par|[from] Spikes
|
|-heal|p2a: Chesnaught|43\/380 brn|[from] item: Leftovers
|-damage|p2a: Chesnaught|0 fnt|[from] brn
|faint|p2a: Chesnaught
|callback|decision
|
|switch|p2a: Gliscor|Gliscor, F|292\/352 tox
|-damage|p2a: Gliscor|248\/352 tox|[from] Stealth Rock
|turn|36
|callback|decision
|
|move|p2a: Gliscor|Earthquake|p1a: Scizor
|-damage|p1a: Scizor|70\/344 par
|cant|p1a: Scizor|par
|
|-heal|p2a: Gliscor|292\/352 tox|[from] ability: Poison Heal
|turn|37
|callback|decision
|
|move|p1a: Scizor|Bullet Punch|p2a: Gliscor
|-damage|p2a: Gliscor|202\/352 tox
|move|p2a: Gliscor|Earthquake|p1a: Scizor
|-damage|p1a: Scizor|0 fnt
|faint|p1a: Scizor
|
|-heal|p2a: Gliscor|246\/352 tox|[from] ability: Poison Heal
|callback|decision
|
|switch|p1a: Keldeo|Keldeo|104\/324
|-damage|p1a: Keldeo|64\/324|[from] Spikes
|turn|38
|callback|decision
|
|move|p2a: Gliscor|Protect|p2a: Gliscor
|-singleturn|p2a: Gliscor|Protect
|move|p1a: Keldeo|Icy Wind|p2a: Gliscor
|-activate|p2a: Gliscor|Protect
|
|-heal|p2a: Gliscor|290\/352 tox|[from] ability: Poison Heal
|turn|39
|callback|decision
|
|move|p1a: Keldeo|Icy Wind|p2a: Gliscor
|-supereffective|p2a: Gliscor
|-damage|p2a: Gliscor|0 fnt
|faint|p2a: Gliscor
|
|win|sean1993
|raw|Ladder updating...
|chat|Centzonhuitznahua|gg
|raw|sean1993's rating: 1498 &rarr; <strong>1524<\/strong><br \/>(+26 for winning)
|raw|Centzonhuitznahua's rating: 1469 &rarr; <strong>1464<\/strong><br \/>(-5 for losing)
|leave|Centzonhuitznahua
|player|p2