|join|CleanerThanRotom-W
|join|alwayssleepy
|player|p1|CleanerThanRotom-W|226
|player|p2|alwayssleepy|265
|gametype|singles
|gen|6
|tier|OU
|rated
|clearpoke
|poke|p1|Sableye, F
|poke|p1|Chansey, F
|poke|p1|Cresselia, F
|poke|p1|Gothitelle, M
|poke|p1|Skarmory, M
|poke|p1|Quagsire, F
|poke|p2|Slowbro, M
|poke|p2|Tyranitar, M
|poke|p2|Clefable, F
|poke|p2|Keldeo
|poke|p2|Jirachi
|poke|p2|Landorus-Therian, M
|rule|Swagger Clause: Swagger is banned
|rule|Baton Pass Clause: Limit one PokÃ©mon knowing Baton Pass
|rule|Sleep Clause Mod: Limit one foe put to sleep
|rule|Species Clause: Limit one of each PokÃ©mon
|rule|OHKO Clause: OHKO moves are banned
|rule|Moody Clause: Moody is banned
|rule|Evasion Moves Clause: Evasion moves are banned
|rule|Endless Battle Clause: Forcing endless battles is banned
|rule|HP Percentage Mod: HP is shown in percentages
|teampreview
|join|Diamanten Drache
|
|start
|switch|p1a: Gothitelle|Gothitelle, M|301\/301
|switch|p2a: Jirachi|Jirachi|403\/403
|turn|1
|
|move|p1a: Gothitelle|Trick|p2a: Jirachi
|-activate|p1a: Gothitelle|move: Trick|[of] p2a: Jirachi
|-item|p2a: Jirachi|Choice Scarf|[from] move: Trick
|-item|p1a: Gothitelle|Leftovers|[from] move: Trick
|move|p2a: Jirachi|Body Slam|p1a: Gothitelle
|-damage|p1a: Gothitelle|224\/301
|
|-heal|p1a: Gothitelle|242\/301|[from] item: Leftovers
|turn|2
|
|move|p2a: Jirachi|Body Slam|p1a: Gothitelle
|-damage|p1a: Gothitelle|169\/301
|move|p1a: Gothitelle|Calm Mind|p1a: Gothitelle
|-boost|p1a: Gothitelle|spa|1
|-boost|p1a: Gothitelle|spd|1
|
|-heal|p1a: Gothitelle|187\/301|[from] item: Leftovers
|turn|3
|
|move|p2a: Jirachi|Body Slam|p1a: Gothitelle
|-damage|p1a: Gothitelle|114\/301
|-status|p1a: Gothitelle|par
|move|p1a: Gothitelle|Rest|p1a: Gothitelle
|-status|p1a: Gothitelle|slp
|-heal|p1a: Gothitelle|301\/301 slp|[silent]
|-status|p1a: Gothitelle|slp|[from] move: Rest
|
|turn|4
|
|move|p2a: Jirachi|Body Slam|p1a: Gothitelle
|-damage|p1a: Gothitelle|224\/301 slp
|cant|p1a: Gothitelle|slp
|
|-heal|p1a: Gothitelle|242\/301 slp|[from] item: Leftovers
|turn|5
|
|move|p2a: Jirachi|Body Slam|p1a: Gothitelle
|-damage|p1a: Gothitelle|170\/301 slp
|cant|p1a: Gothitelle|slp
|
|-heal|p1a: Gothitelle|188\/301 slp|[from] item: Leftovers
|turn|6
|
|move|p2a: Jirachi|Body Slam|p1a: Gothitelle
|-damage|p1a: Gothitelle|118\/301 slp
|-curestatus|p1a: Gothitelle|slp
|move|p1a: Gothitelle|Rest|p1a: Gothitelle
|-status|p1a: Gothitelle|slp
|-heal|p1a: Gothitelle|301\/301 slp|[silent]
|-status|p1a: Gothitelle|slp|[from] move: Rest
|
|turn|7
|
|move|p2a: Jirachi|Body Slam|p1a: Gothitelle
|-damage|p1a: Gothitelle|230\/301 slp
|cant|p1a: Gothitelle|slp
|
|-heal|p1a: Gothitelle|248\/301 slp|[from] item: Leftovers
|turn|8
|
|move|p2a: Jirachi|Body Slam|p1a: Gothitelle
|-damage|p1a: Gothitelle|183\/301 slp
|cant|p1a: Gothitelle|slp
|
|-heal|p1a: Gothitelle|201\/301 slp|[from] item: Leftovers
|turn|9
|leave|Diamanten Drache
|
|move|p2a: Jirachi|Body Slam|p1a: Gothitelle
|-damage|p1a: Gothitelle|131\/301 slp
|-curestatus|p1a: Gothitelle|slp
|move|p1a: Gothitelle|Calm Mind|p1a: Gothitelle
|-boost|p1a: Gothitelle|spa|1
|-boost|p1a: Gothitelle|spd|1
|
|-heal|p1a: Gothitelle|149\/301|[from] item: Leftovers
|turn|10
|join|Hashtag Hungryâ¥
|
|move|p2a: Jirachi|Body Slam|p1a: Gothitelle
|-damage|p1a: Gothitelle|79\/301
|-status|p1a: Gothitelle|par
|cant|p1a: Gothitelle|par
|
|-heal|p1a: Gothitelle|97\/301 par|[from] item: Leftovers
|turn|11
|
|move|p2a: Jirachi|Body Slam|p1a: Gothitelle
|-damage|p1a: Gothitelle|21\/301 par
|cant|p1a: Gothitelle|par
|
|-heal|p1a: Gothitelle|39\/301 par|[from] item: Leftovers
|turn|12
|
|switch|p1a: Sableye|Sableye, F|303\/303
|move|p2a: Jirachi|Body Slam|p1a: Sableye
|-immune|p1a: Sableye|[msg]
|
|turn|13
|join|av Kakuna
|
|switch|p2a: Keldeo|Keldeo|323\/323
|detailschange|p1a: Sableye|Sableye-Mega, F
|-mega|p1a: Sableye|Sableye|Sablenite
|move|p1a: Sableye|Snarl|p2a: Keldeo
|-resisted|p2a: Keldeo
|-damage|p2a: Keldeo|293\/323
|-boost|p2a: Keldeo|atk|1|[from] ability: Justified
|-unboost|p2a: Keldeo|spa|1
|
|-heal|p2a: Keldeo|313\/323|[from] item: Leftovers
|turn|14
|
|switch|p1a: Cresselia|Cresselia, F|444\/444
|move|p2a: Keldeo|Substitute|p2a: Keldeo
|-start|p2a: Keldeo|Substitute
|-damage|p2a: Keldeo|233\/323
|
|-heal|p2a: Keldeo|253\/323|[from] item: Leftovers
|turn|15
|
|move|p2a: Keldeo|Scald|p1a: Cresselia
|-damage|p1a: Cresselia|384\/444
|move|p1a: Cresselia|Psyshock|p2a: Keldeo
|-supereffective|p2a: Keldeo
|-end|p2a: Keldeo|Substitute
|
|-heal|p2a: Keldeo|273\/323|[from] item: Leftovers
|-heal|p1a: Cresselia|411\/444|[from] item: Leftovers
|turn|16
|
|switch|p2a: Jirachi|Jirachi|403\/403
|switch|p1a: Skarmory|Skarmory, M|334\/334
|
|turn|17
|
|switch|p1a: Sableye|Sableye-Mega, F|303\/303
|move|p2a: Jirachi|Stealth Rock|p1a: Sableye
|move|p1a: Sableye|Stealth Rock|p2a: Jirachi|[from]Magic Bounce
|-sidestart|p2: alwayssleepy|move: Stealth Rock
|
|turn|18
|
|switch|p2a: Keldeo|Keldeo|273\/323
|-damage|p2a: Keldeo|253\/323|[from] Stealth Rock
|move|p1a: Sableye|Will-O-Wisp|p2a: Keldeo
|-status|p2a: Keldeo|brn
|
|-heal|p2a: Keldeo|273\/323 brn|[from] item: Leftovers
|-damage|p2a: Keldeo|233\/323 brn|[from] brn
|turn|19
|join|Cosine180
|
|switch|p1a: Cresselia|Cresselia, F|411\/444
|move|p2a: Keldeo|Scald|p1a: Cresselia
|-damage|p1a: Cresselia|312\/444
|
|-heal|p2a: Keldeo|253\/323 brn|[from] item: Leftovers
|-heal|p1a: Cresselia|339\/444|[from] item: Leftovers
|-damage|p2a: Keldeo|213\/323 brn|[from] brn
|turn|20
|
|switch|p2a: Jirachi|Jirachi|403\/403
|-damage|p2a: Jirachi|378\/403|[from] Stealth Rock
|move|p1a: Cresselia|Toxic|p2a: Jirachi
|-fail|p2a: Jirachi
|
|-heal|p1a: Cresselia|366\/444|[from] item: Leftovers
|turn|21
|
|switch|p1a: Sableye|Sableye-Mega, F|303\/303
|move|p2a: Jirachi|Fire Punch|p1a: Sableye
|-damage|p1a: Sableye|257\/303
|-status|p1a: Sableye|brn
|
|-damage|p1a: Sableye|220\/303 brn|[from] brn
|turn|22
|
|switch|p2a: Keldeo|Keldeo|213\/323 brn
|-damage|p2a: Keldeo|193\/323 brn|[from] Stealth Rock
|switch|p1a: Chansey|Chansey, F|703\/703
|
|-heal|p2a: Keldeo|213\/323 brn|[from] item: Leftovers
|-damage|p2a: Keldeo|173\/323 brn|[from] brn
|turn|23
|
|move|p2a: Keldeo|Secret Sword|p1a: Chansey
|-supereffective|p1a: Chansey
|-damage|p1a: Chansey|295\/703
|move|p1a: Chansey|Heal Bell|p1a: Chansey
|-cureteam|p1a: Chansey|[from] move: HealBell
|
|-heal|p2a: Keldeo|193\/323 brn|[from] item: Leftovers
|-damage|p2a: Keldeo|153\/323 brn|[from] brn
|turn|24
|
|switch|p2a: Clefable|Clefable, F|394\/394
|-damage|p2a: Clefable|345\/394|[from] Stealth Rock
|switch|p1a: Cresselia|Cresselia, F|366\/444
|
|-heal|p1a: Cresselia|393\/444|[from] item: Leftovers
|-heal|p2a: Clefable|369\/394|[from] item: Leftovers
|turn|25
|
|switch|p1a: Gothitelle|Gothitelle, M|39\/301
|move|p2a: Clefable|Heal Bell|p2a: Clefable
|-cureteam|p2a: Clefable|[from] move: HealBell
|
|-heal|p1a: Gothitelle|57\/301|[from] item: Leftovers
|-heal|p2a: Clefable|393\/394|[from] item: Leftovers
|turn|26
|
|move|p1a: Gothitelle|Rest|p1a: Gothitelle
|-status|p1a: Gothitelle|slp
|-heal|p1a: Gothitelle|301\/301 slp|[silent]
|-status|p1a: Gothitelle|slp|[from] move: Rest
|move|p2a: Clefable|Moonblast|p1a: Gothitelle
|-damage|p1a: Gothitelle|198\/301 slp
|-unboost|p1a: Gothitelle|spa|1
|
|-heal|p1a: Gothitelle|216\/301 slp|[from] item: Leftovers
|-heal|p2a: Clefable|394\/394|[from] item: Leftovers
|turn|27
|
|cant|p1a: Gothitelle|slp
|move|p2a: Clefable|Moonblast|p1a: Gothitelle
|-damage|p1a: Gothitelle|117\/301 slp
|-unboost|p1a: Gothitelle|spa|1
|
|-heal|p1a: Gothitelle|135\/301 slp|[from] item: Leftovers
|turn|28
|join|nathaaan
|
|cant|p1a: Gothitelle|slp
|move|p2a: Clefable|Moonblast|p1a: Gothitelle
|-damage|p1a: Gothitelle|32\/301 slp
|
|-heal|p1a: Gothitelle|50\/301 slp|[from] item: Leftovers
|turn|29
|
|-curestatus|p1a: Gothitelle|slp
|move|p1a: Gothitelle|Rest|p1a: Gothitelle
|-status|p1a: Gothitelle|slp
|-heal|p1a: Gothitelle|301\/301 slp|[silent]
|-status|p1a: Gothitelle|slp|[from] move: Rest
|move|p2a: Clefable|Moonblast|p1a: Gothitelle
|-damage|p1a: Gothitelle|196\/301 slp
|-unboost|p1a: Gothitelle|spa|1
|
|-heal|p1a: Gothitelle|214\/301 slp|[from] item: Leftovers
|turn|30
|
|cant|p1a: Gothitelle|slp
|move|p2a: Clefable|Moonblast|p1a: Gothitelle
|-damage|p1a: Gothitelle|117\/301 slp
|
|-heal|p1a: Gothitelle|135\/301 slp|[from] item: Leftovers
|turn|31
|join|Lycon
|
|cant|p1a: Gothitelle|slp
|move|p2a: Clefable|Moonblast|p1a: Gothitelle
|-crit|p1a: Gothitelle
|-damage|p1a: Gothitelle|0 fnt
|faint|p1a: Gothitelle
|
|c|âCleanerThanRotom-W|because it wasn enough
|
|switch|p1a: Chansey|Chansey, F|295\/703
|turn|32
|c|âalwayssleepy|going to happen sooner or later when you use stall
|
|move|p2a: Clefable|Wish|p2a: Clefable
|move|p1a: Chansey|Soft-Boiled|p1a: Chansey
|-heal|p1a: Chansey|647\/703
|
|turn|33
|
|switch|p2a: Keldeo|Keldeo|153\/323
|-damage|p2a: Keldeo|133\/323|[from] Stealth Rock
|move|p1a: Chansey|Seismic Toss|p2a: Keldeo
|-damage|p2a: Keldeo|33\/323
|
|-heal|p2a: Keldeo|230\/323|[from] move: Wish|[wisher] Clefable
|-heal|p2a: Keldeo|250\/323|[from] item: Leftovers
|turn|34
|
|switch|p1a: Cresselia|Cresselia, F|393\/444
|move|p2a: Keldeo|Secret Sword|p1a: Cresselia
|-resisted|p1a: Cresselia
|-damage|p1a: Cresselia|333\/444
|
|-heal|p2a: Keldeo|270\/323|[from] item: Leftovers
|-heal|p1a: Cresselia|360\/444|[from] item: Leftovers
|turn|35
|
|switch|p2a: Jirachi|Jirachi|378\/403
|-damage|p2a: Jirachi|353\/403|[from] Stealth Rock
|move|p1a: Cresselia|Toxic|p2a: Jirachi
|-fail|p2a: Jirachi
|
|-heal|p1a: Cresselia|387\/444|[from] item: Leftovers
|turn|36
|
|switch|p1a: Sableye|Sableye-Mega, F|220\/303
|move|p2a: Jirachi|Fire Punch|p1a: Sableye
|-damage|p1a: Sableye|172\/303
|
|turn|37
|
|switch|p2a: Keldeo|Keldeo|270\/323
|-damage|p2a: Keldeo|250\/323|[from] Stealth Rock
|switch|p1a: Chansey|Chansey, F|647\/703
|
|-heal|p2a: Keldeo|270\/323|[from] item: Leftovers
|turn|38
|
|switch|p1a: Cresselia|Cresselia, F|387\/444
|move|p2a: Keldeo|Scald|p1a: Cresselia
|-damage|p1a: Cresselia|300\/444
|
|-heal|p2a: Keldeo|290\/323|[from] item: Leftovers
|-heal|p1a: Cresselia|327\/444|[from] item: Leftovers
|turn|39
|
|switch|p2a: Jirachi|Jirachi|353\/403
|-damage|p2a: Jirachi|328\/403|[from] Stealth Rock
|switch|p1a: Sableye|Sableye-Mega, F|172\/303
|
|turn|40
|
|switch|p2a: Keldeo|Keldeo|290\/323
|-damage|p2a: Keldeo|270\/323|[from] Stealth Rock
|move|p1a: Sableye|Recover|p1a: Sableye
|-heal|p1a: Sableye|303\/303
|
|-heal|p2a: Keldeo|290\/323|[from] item: Leftovers
|turn|41
|
|switch|p1a: Cresselia|Cresselia, F|327\/444
|move|p2a: Keldeo|Scald|p1a: Cresselia
|-damage|p1a: Cresselia|233\/444
|-status|p1a: Cresselia|brn
|
|-heal|p2a: Keldeo|310\/323|[from] item: Leftovers
|-heal|p1a: Cresselia|260\/444 brn|[from] item: Leftovers
|-damage|p1a: Cresselia|205\/444 brn|[from] brn
|turn|42
|
|move|p2a: Keldeo|Substitute|p2a: Keldeo
|-start|p2a: Keldeo|Substitute
|-damage|p2a: Keldeo|230\/323
|move|p1a: Cresselia|Moonlight|p1a: Cresselia
|-heal|p1a: Cresselia|427\/444 brn
|
|-heal|p2a: Keldeo|250\/323|[from] item: Leftovers
|-heal|p1a: Cresselia|444\/444 brn|[from] item: Leftovers
|-damage|p1a: Cresselia|389\/444 brn|[from] brn
|turn|43
|c|âCleanerThanRotom-W|what you wanted isnt it
|
|move|p2a: Keldeo|Scald|p1a: Cresselia
|-damage|p1a: Cresselia|298\/444 brn
|move|p1a: Cresselia|Psyshock|p2a: Keldeo
|-supereffective|p2a: Keldeo
|-end|p2a: Keldeo|Substitute
|
|-heal|p2a: Keldeo|270\/323|[from] item: Leftovers
|-heal|p1a: Cresselia|325\/444 brn|[from] item: Leftovers
|-damage|p1a: Cresselia|270\/444 brn|[from] brn
|turn|44
|c|âalwayssleepy|yep
|
|switch|p2a: Tyranitar|Tyranitar, M|341\/341
|-damage|p2a: Tyranitar|299\/341|[from] Stealth Rock
|-weather|Sandstorm
|move|p1a: Cresselia|Psyshock|p2a: Tyranitar
|-immune|p2a: Tyranitar|[msg]
|
|-weather|Sandstorm|[upkeep]
|-damage|p1a: Cresselia|243\/444 brn|[from] sandstorm
|-heal|p1a: Cresselia|270\/444 brn|[from] item: Leftovers
|-damage|p1a: Cresselia|215\/444 brn|[from] brn
|turn|45
|
|move|p2a: Tyranitar|Pursuit|p1a: Cresselia
|-supereffective|p1a: Cresselia
|-damage|p1a: Cresselia|99\/444 brn
|move|p1a: Cresselia|Moonlight|p1a: Cresselia
|-heal|p1a: Cresselia|210\/444 brn
|
|-weather|Sandstorm|[upkeep]
|-damage|p1a: Cresselia|183\/444 brn|[from] sandstorm
|-heal|p1a: Cresselia|210\/444 brn|[from] item: Leftovers
|-damage|p1a: Cresselia|155\/444 brn|[from] brn
|turn|46
|
|move|p2a: Tyranitar|Pursuit|p1a: Cresselia
|-supereffective|p1a: Cresselia
|-damage|p1a: Cresselia|41\/444 brn
|move|p1a: Cresselia|Toxic|p2a: Tyranitar
|-status|p2a: Tyranitar|tox
|
|-weather|Sandstorm|[upkeep]
|-damage|p1a: Cresselia|14\/444 brn|[from] sandstorm
|-heal|p1a: Cresselia|41\/444 brn|[from] item: Leftovers
|-damage|p2a: Tyranitar|278\/341 tox|[from] psn
|-damage|p1a: Cresselia|0 fnt|[from] brn
|faint|p1a: Cresselia
|
|switch|p1a: Skarmory|Skarmory, M|334\/334
|turn|47
|
|switch|p2a: Jirachi|Jirachi|328\/403
|-damage|p2a: Jirachi|303\/403|[from] Stealth Rock
|move|p1a: Skarmory|Spikes|p2a: Jirachi
|-sidestart|p2: alwayssleepy|Spikes
|
|-weather|Sandstorm|[upkeep]
|turn|48
|
|move|p2a: Jirachi|Fire Punch|p1a: Skarmory
|-supereffective|p1a: Skarmory
|-damage|p1a: Skarmory|262\/334
|move|p1a: Skarmory|Spikes|p2a: Jirachi
|-sidestart|p2: alwayssleepy|Spikes
|
|-weather|none
|turn|49
|
|switch|p1a: Chansey|Chansey, F|647\/703
|move|p2a: Jirachi|Fire Punch|p1a: Chansey
|-damage|p1a: Chansey|574\/703
|
|turn|50
|
|switch|p2a: Slowbro|Slowbro, M|394\/394
|-damage|p2a: Slowbro|329\/394|[from] Spikes
|-damage|p2a: Slowbro|280\/394|[from] Stealth Rock
|move|p1a: Chansey|Seismic Toss|p2a: Slowbro
|-damage|p2a: Slowbro|180\/394
|
|turn|51
|
|switch|p1a: Quagsire|Quagsire, F|393\/393
|move|p2a: Slowbro|Slack Off|p2a: Slowbro
|-heal|p2a: Slowbro|377\/394
|
|turn|52
|
|move|p2a: Slowbro|Scald|p1a: Quagsire
|-damage|p1a: Quagsire|255\/393
|move|p1a: Quagsire|Toxic|p2a: Slowbro
|-status|p2a: Slowbro|tox
|
|-heal|p1a: Quagsire|279\/393|[from] item: Leftovers
|-damage|p2a: Slowbro|353\/394 tox|[from] psn
|turn|53
|join|Reverb
|
|move|p2a: Slowbro|Scald|p1a: Quagsire
|-damage|p1a: Quagsire|152\/393
|-status|p1a: Quagsire|brn
|move|p1a: Quagsire|Recover|p1a: Quagsire
|-heal|p1a: Quagsire|349\/393 brn
|
|-heal|p1a: Quagsire|373\/393 brn|[from] item: Leftovers
|-damage|p2a: Slowbro|305\/394 tox|[from] psn
|-damage|p1a: Quagsire|324\/393 brn|[from] brn
|turn|54
|
|switch|p2a: Clefable|Clefable, F|394\/394
|-damage|p2a: Clefable|329\/394|[from] Spikes
|-damage|p2a: Clefable|280\/394|[from] Stealth Rock
|switch|p1a: Chansey|Chansey, F|574\/703
|
|-heal|p2a: Clefable|304\/394|[from] item: Leftovers
|turn|55
|join|Dark380
|
|move|p2a: Clefable|Heal Bell|p2a: Clefable
|-cureteam|p2a: Clefable|[from] move: HealBell
|move|p1a: Chansey|Heal Bell|p1a: Chansey
|-cureteam|p1a: Chansey|[from] move: HealBell
|
|-heal|p2a: Clefable|328\/394|[from] item: Leftovers
|turn|56
|join|Appreciation
|
|switch|p1a: Skarmory|Skarmory, M|262\/334
|move|p2a: Clefable|Wish|p2a: Clefable
|
|-heal|p2a: Clefable|352\/394|[from] item: Leftovers
|turn|57
|
|switch|p2a: Slowbro|Slowbro, M|394\/394
|-damage|p2a: Slowbro|345\/394|[from] Stealth Rock
|-damage|p2a: Slowbro|280\/394|[from] Spikes
|move|p1a: Skarmory|Spikes|p2a: Slowbro
|-sidestart|p2: alwayssleepy|Spikes
|
|-heal|p2a: Slowbro|394\/394|[from] move: Wish|[wisher] Clefable
|turn|58
|
|switch|p1a: Quagsire|Quagsire, F|324\/393
|move|p2a: Slowbro|Scald|p1a: Quagsire
|-damage|p1a: Quagsire|194\/393
|-status|p1a: Quagsire|brn
|
|-heal|p1a: Quagsire|218\/393 brn|[from] item: Leftovers
|-damage|p1a: Quagsire|169\/393 brn|[from] brn
|turn|59
|
|move|p2a: Slowbro|Scald|p1a: Quagsire
|-damage|p1a: Quagsire|43\/393 brn
|move|p1a: Quagsire|Recover|p1a: Quagsire
|-heal|p1a: Quagsire|240\/393 brn
|
|-heal|p1a: Quagsire|264\/393 brn|[from] item: Leftovers
|-damage|p1a: Quagsire|215\/393 brn|[from] brn
|turn|60
|
|switch|p1a: Sableye|Sableye-Mega, F|303\/303
|move|p2a: Slowbro|Scald|p1a: Sableye
|-damage|p1a: Sableye|245\/303
|
|turn|61
|
|switch|p2a: Keldeo|Keldeo|270\/323
|-damage|p2a: Keldeo|190\/323|[from] Spikes
|-damage|p2a: Keldeo|170\/323|[from] Stealth Rock
|move|p1a: Sableye|Calm Mind|p1a: Sableye
|-boost|p1a: Sableye|spa|1
|-boost|p1a: Sableye|spd|1
|
|-heal|p2a: Keldeo|190\/323|[from] item: Leftovers
|turn|62
|
|switch|p2a: Clefable|Clefable, F|352\/394
|-damage|p2a: Clefable|254\/394|[from] Spikes
|-damage|p2a: Clefable|205\/394|[from] Stealth Rock
|move|p1a: Sableye|Snarl|p2a: Clefable
|-resisted|p2a: Clefable
|-damage|p2a: Clefable|176\/394
|-unboost|p2a: Clefable|spa|1
|
|-heal|p2a: Clefable|200\/394|[from] item: Leftovers
|turn|63
|
|switch|p1a: Chansey|Chansey, F|574\/703
|move|p2a: Clefable|Wish|p2a: Clefable
|
|-heal|p2a: Clefable|224\/394|[from] item: Leftovers
|turn|64
|
|move|p2a: Clefable|Protect|p2a: Clefable
|-singleturn|p2a: Clefable|Protect
|move|p1a: Chansey|Seismic Toss|p2a: Clefable
|-activate|p2a: Clefable|Protect
|
|-heal|p2a: Clefable|394\/394|[from] move: Wish|[wisher] Clefable
|turn|65
|leave|Appreciation
|
|move|p2a: Clefable|Wish|p2a: Clefable
|move|p1a: Chansey|Heal Bell|p1a: Chansey
|-cureteam|p1a: Chansey|[from] move: HealBell
|
|turn|66
|
|switch|p2a: Slowbro|Slowbro, M|394\/394
|-damage|p2a: Slowbro|296\/394|[from] Spikes
|-damage|p2a: Slowbro|247\/394|[from] Stealth Rock
|move|p1a: Chansey|Seismic Toss|p2a: Slowbro
|-damage|p2a: Slowbro|147\/394
|
|-heal|p2a: Slowbro|344\/394|[from] move: Wish|[wisher] Clefable
|turn|67
|
|switch|p1a: Sableye|Sableye-Mega, F|245\/303
|move|p2a: Slowbro|Scald|p1a: Sableye
|-damage|p1a: Sableye|178\/303
|
|turn|68
|
|move|p2a: Slowbro|Scald|p1a: Sableye
|-damage|p1a: Sableye|112\/303
|-status|p1a: Sableye|brn
|move|p1a: Sableye|Recover|p1a: Sableye
|-heal|p1a: Sableye|264\/303 brn
|
|-damage|p1a: Sableye|227\/303 brn|[from] brn
|turn|69
|
|switch|p2a: Clefable|Clefable, F|394\/394
|-damage|p2a: Clefable|296\/394|[from] Spikes
|-damage|p2a: Clefable|247\/394|[from] Stealth Rock
|move|p1a: Sableye|Calm Mind|p1a: Sableye
|-boost|p1a: Sableye|spa|1
|-boost|p1a: Sableye|spd|1
|
|-heal|p2a: Clefable|271\/394|[from] item: Leftovers
|-damage|p1a: Sableye|190\/303 brn|[from] brn
|turn|70
|
|switch|p1a: Chansey|Chansey, F|574\/703
|move|p2a: Clefable|Moonblast|p1a: Chansey
|-damage|p1a: Chansey|507\/703
|
|-heal|p2a: Clefable|295\/394|[from] item: Leftovers
|turn|71
|
|move|p2a: Clefable|Wish|p2a: Clefable
|move|p1a: Chansey|Heal Bell|p1a: Chansey
|-cureteam|p1a: Chansey|[from] move: HealBell
|
|-heal|p2a: Clefable|319\/394|[from] item: Leftovers
|turn|72
|c|âCleanerThanRotom-W|this thing should e dead...
|c|âCleanerThanRotom-W|*be
|leave|Reverb
|
|switch|p2a: Keldeo|Keldeo|190\/323
|-damage|p2a: Keldeo|110\/323|[from] Spikes
|-damage|p2a: Keldeo|90\/323|[from] Stealth Rock
|move|p1a: Chansey|Seismic Toss|p2a: Keldeo
|-damage|p2a: Keldeo|0 fnt
|faint|p2a: Keldeo
|
|
|switch|p2a: Landorus-Therian|Landorus-Therian, M|319\/319
|-damage|p2a: Landorus-Therian|280\/319|[from] Stealth Rock
|-ability|p2a: Landorus-Therian|Intimidate|[of] p1a: Chansey
|-unboost|p1a: Chansey|atk|1
|turn|73
|
|switch|p1a: Skarmory|Skarmory, M|262\/334
|move|p2a: Landorus-Therian|Knock Off|p1a: Skarmory
|-damage|p1a: Skarmory|192\/334
|-enditem|p1a: Skarmory|Shed Shell|[from] move: Knock Off|[of] p2a: Landorus-Therian
|
|turn|74
|leave|Cosine180
|
|move|p2a: Landorus-Therian|Knock Off|p1a: Skarmory
|-damage|p1a: Skarmory|146\/334
|move|p1a: Skarmory|Roost|p1a: Skarmory
|-heal|p1a: Skarmory|313\/334
|
|turn|75
|
|switch|p1a: Sableye|Sableye-Mega, F|190\/303
|move|p2a: Landorus-Therian|Knock Off|p1a: Sableye
|-damage|p1a: Sableye|125\/303
|
|turn|76
|
|switch|p2a: Clefable|Clefable, F|319\/394
|-damage|p2a: Clefable|270\/394|[from] Stealth Rock
|-damage|p2a: Clefable|172\/394|[from] Spikes
|move|p1a: Sableye|Recover|p1a: Sableye
|-heal|p1a: Sableye|277\/303
|
|-heal|p2a: Clefable|196\/394|[from] item: Leftovers
|turn|77
|
|move|p2a: Clefable|Wish|p2a: Clefable
|move|p1a: Sableye|Will-O-Wisp|p2a: Clefable
|-status|p2a: Clefable|brn
|
|-heal|p2a: Clefable|220\/394 brn|[from] item: Leftovers
|-damage|p2a: Clefable|171\/394 brn|[from] brn
|turn|78
|
|switch|p1a: Chansey|Chansey, F|507\/703
|move|p2a: Clefable|Heal Bell|p2a: Clefable
|-cureteam|p2a: Clefable|[from] move: HealBell
|
|-heal|p2a: Clefable|368\/394|[from] move: Wish|[wisher] Clefable
|-heal|p2a: Clefable|392\/394|[from] item: Leftovers
|turn|79
|
|move|p2a: Clefable|Protect|p2a: Clefable
|-singleturn|p2a: Clefable|Protect
|move|p1a: Chansey|Seismic Toss|p2a: Clefable
|-activate|p2a: Clefable|Protect
|
|-heal|p2a: Clefable|394\/394|[from] item: Leftovers
|turn|80
|
|move|p2a: Clefable|Wish|p2a: Clefable
|move|p1a: Chansey|Seismic Toss|p2a: Clefable
|-damage|p2a: Clefable|294\/394
|
|-heal|p2a: Clefable|318\/394|[from] item: Leftovers
|turn|81
|
|switch|p2a: Slowbro|Slowbro, M|394\/394
|-damage|p2a: Slowbro|345\/394|[from] Stealth Rock
|-damage|p2a: Slowbro|247\/394|[from] Spikes
|switch|p1a: Sableye|Sableye-Mega, F|277\/303
|
|-heal|p2a: Slowbro|394\/394|[from] move: Wish|[wisher] Clefable
|turn|82
|
|switch|p2a: Clefable|Clefable, F|318\/394
|-damage|p2a: Clefable|220\/394|[from] Spikes
|-damage|p2a: Clefable|171\/394|[from] Stealth Rock
|move|p1a: Sableye|Will-O-Wisp|p2a: Clefable
|-status|p2a: Clefable|brn
|
|-heal|p2a: Clefable|195\/394 brn|[from] item: Leftovers
|-damage|p2a: Clefable|146\/394 brn|[from] brn
|turn|83
|
|move|p2a: Clefable|Wish|p2a: Clefable
|move|p1a: Sableye|Snarl|p2a: Clefable
|-miss|p1a: Sableye|p2a: Clefable
|
|-heal|p2a: Clefable|170\/394 brn|[from] item: Leftovers
|-damage|p2a: Clefable|121\/394 brn|[from] brn
|turn|84
|
|switch|p1a: Chansey|Chansey, F|507\/703
|move|p2a: Clefable|Protect|p2a: Clefable
|-fail|p2a: Clefable
|
|-heal|p2a: Clefable|318\/394 brn|[from] move: Wish|[wisher] Clefable
|-heal|p2a: Clefable|342\/394 brn|[from] item: Leftovers
|-damage|p2a: Clefable|293\/394 brn|[from] brn
|turn|85
|
|switch|p1a: Quagsire|Quagsire, F|215\/393
|move|p2a: Clefable|Wish|p2a: Clefable
|
|-heal|p2a: Clefable|317\/394 brn|[from] item: Leftovers
|-heal|p1a: Quagsire|239\/393|[from] item: Leftovers
|-damage|p2a: Clefable|268\/394 brn|[from] brn
|turn|86
|
|move|p2a: Clefable|Moonblast|p1a: Quagsire
|-damage|p1a: Quagsire|94\/393
|move|p1a: Quagsire|Recover|p1a: Quagsire
|-heal|p1a: Quagsire|291\/393
|
|-heal|p2a: Clefable|394\/394 brn|[from] move: Wish|[wisher] Clefable
|-heal|p1a: Quagsire|315\/393|[from] item: Leftovers
|-damage|p2a: Clefable|345\/394 brn|[from] brn
|turn|87
|
|move|p2a: Clefable|Moonblast|p1a: Quagsire
|-crit|p1a: Quagsire
|-damage|p1a: Quagsire|101\/393
|move|p1a: Quagsire|Recover|p1a: Quagsire
|-heal|p1a: Quagsire|298\/393
|
|-heal|p2a: Clefable|369\/394 brn|[from] item: Leftovers
|-heal|p1a: Quagsire|322\/393|[from] item: Leftovers
|-damage|p2a: Clefable|320\/394 brn|[from] brn
|turn|88
|
|move|p2a: Clefable|Moonblast|p1a: Quagsire
|-damage|p1a: Quagsire|162\/393
|-unboost|p1a: Quagsire|spa|1
|move|p1a: Quagsire|Recover|p1a: Quagsire
|-heal|p1a: Quagsire|359\/393
|
|-heal|p2a: Clefable|344\/394 brn|[from] item: Leftovers
|-heal|p1a: Quagsire|383\/393|[from] item: Leftovers
|-damage|p2a: Clefable|295\/394 brn|[from] brn
|turn|89
|
|move|p2a: Clefable|Moonblast|p1a: Quagsire
|-damage|p1a: Quagsire|230\/393
|move|p1a: Quagsire|Earthquake|p2a: Clefable
|-crit|p2a: Clefable
|-damage|p2a: Clefable|151\/394 brn
|
|-heal|p2a: Clefable|175\/394 brn|[from] item: Leftovers
|-heal|p1a: Quagsire|254\/393|[from] item: Leftovers
|-damage|p2a: Clefable|126\/394 brn|[from] brn
|turn|90
|
|move|p2a: Clefable|Wish|p2a: Clefable
|move|p1a: Quagsire|Earthquake|p2a: Clefable
|-damage|p2a: Clefable|42\/394 brn
|
|-heal|p2a: Clefable|66\/394 brn|[from] item: Leftovers
|-heal|p1a: Quagsire|278\/393|[from] item: Leftovers
|-damage|p2a: Clefable|17\/394 brn|[from] brn
|turn|91
|
|move|p2a: Clefable|Protect|p2a: Clefable
|-singleturn|p2a: Clefable|Protect
|move|p1a: Quagsire|Recover|p1a: Quagsire
|-heal|p1a: Quagsire|393\/393
|
|-heal|p2a: Clefable|214\/394 brn|[from] move: Wish|[wisher] Clefable
|-heal|p2a: Clefable|238\/394 brn|[from] item: Leftovers
|-damage|p2a: Clefable|189\/394 brn|[from] brn
|turn|92
|
|move|p2a: Clefable|Wish|p2a: Clefable
|move|p1a: Quagsire|Earthquake|p2a: Clefable
|-damage|p2a: Clefable|99\/394 brn
|
|-heal|p2a: Clefable|123\/394 brn|[from] item: Leftovers
|-damage|p2a: Clefable|74\/394 brn|[from] brn
|turn|93
|
|move|p2a: Clefable|Protect|p2a: Clefable
|-singleturn|p2a: Clefable|Protect
|move|p1a: Quagsire|Earthquake|p2a: Clefable
|-activate|p2a: Clefable|Protect
|
|-heal|p2a: Clefable|271\/394 brn|[from] move: Wish|[wisher] Clefable
|-heal|p2a: Clefable|295\/394 brn|[from] item: Leftovers
|-damage|p2a: Clefable|246\/394 brn|[from] brn
|turn|94
|
|move|p2a: Clefable|Wish|p2a: Clefable
|move|p1a: Quagsire|Earthquake|p2a: Clefable
|-damage|p2a: Clefable|153\/394 brn
|
|-heal|p2a: Clefable|177\/394 brn|[from] item: Leftovers
|-damage|p2a: Clefable|128\/394 brn|[from] brn
|turn|95
|
|move|p2a: Clefable|Protect|p2a: Clefable
|-singleturn|p2a: Clefable|Protect
|move|p1a: Quagsire|Earthquake|p2a: Clefable
|-activate|p2a: Clefable|Protect
|
|-heal|p2a: Clefable|325\/394 brn|[from] move: Wish|[wisher] Clefable
|-heal|p2a: Clefable|349\/394 brn|[from] item: Leftovers
|-damage|p2a: Clefable|300\/394 brn|[from] brn
|turn|96
|
|switch|p2a: Landorus-Therian|Landorus-Therian, M|280\/319
|-damage|p2a: Landorus-Therian|241\/319|[from] Stealth Rock
|-ability|p2a: Landorus-Therian|Intimidate|[of] p1a: Quagsire
|-unboost|p1a: Quagsire|atk|1
|move|p1a: Quagsire|Toxic|p2a: Landorus-Therian
|-status|p2a: Landorus-Therian|tox
|
|-damage|p2a: Landorus-Therian|222\/319 tox|[from] psn
|turn|97
|
|move|p2a: Landorus-Therian|U-turn|p1a: Quagsire
|-damage|p1a: Quagsire|324\/393
|
|switch|p2a: Clefable|Clefable, F|300\/394 brn
|-damage|p2a: Clefable|202\/394 brn|[from] Spikes
|-damage|p2a: Clefable|153\/394 brn|[from] Stealth Rock
|move|p1a: Quagsire|Scald|p2a: Clefable
|-damage|p2a: Clefable|84\/394 brn
|
|-heal|p2a: Clefable|108\/394 brn|[from] item: Leftovers
|-heal|p1a: Quagsire|348\/393|[from] item: Leftovers
|-damage|p2a: Clefable|59\/394 brn|[from] brn
|turn|98
|c|âalwayssleepy|annoying cunt
|-message|alwayssleepy forfeited.
|leave|alwayssleepy
|
|win|CleanerThanRotom-W
|raw|Ladder updating...
|player|p2
|raw|CleanerThanRotom-W's rating: 1867 &rarr; <strong>1874<\/strong><br \/>(+7 for winning)
|raw|alwayssleepy's rating: 1595 &rarr; <strong>1588<\/strong><br \/>(-7 for losing)
|leave|av Kakuna
|c|âCleanerThanRotom-W|lmao even after hax
|c| Hashtag Hungryâ¥|lol
|c| Hashtag Hungryâ¥|gg
|c| Hashtag Hungryâ¥|you were 1st for a while weren't you? why did you fall?