|join|CleanerThanRotom-W
|join|OTRTVC
|player|p1|CleanerThanRotom-W|226
|player|p2|OTRTVC|290
|gametype|singles
|gen|6
|tier|OU
|rated
|clearpoke
|poke|p1|Sableye, F
|poke|p1|Chansey, F
|poke|p1|Cresselia, F
|poke|p1|Gothitelle, F
|poke|p1|Skarmory, F
|poke|p1|Quagsire, F
|poke|p2|Keldeo-Resolute, shiny
|poke|p2|Bisharp, M, shiny
|poke|p2|Charizard, F, shiny
|poke|p2|Landorus, M, shiny
|poke|p2|Starmie, shiny
|poke|p2|Thundurus, M, shiny
|rule|Swagger Clause: Swagger is banned
|rule|Baton Pass Clause: Limit one PokÃ©mon knowing Baton Pass
|rule|Sleep Clause Mod: Limit one foe put to sleep
|rule|Species Clause: Limit one of each PokÃ©mon
|rule|OHKO Clause: OHKO moves are banned
|rule|Moody Clause: Moody is banned
|rule|Evasion Moves Clause: Evasion moves are banned
|rule|Endless Battle Clause: Forcing endless battles is banned
|rule|HP Percentage Mod: HP is shown in percentages
|teampreview
|
|start
|switch|p1a: Sableye|Sableye, F|303\/303
|switch|p2a: Charizard|Charizard, F, shiny|297\/297
|turn|1
|
|switch|p2a: Bisharp|Bisharp, M, shiny|271\/271
|switch|p1a: Chansey|Chansey, F|703\/703
|
|turn|2
|
|move|p2a: Bisharp|Pursuit|p1a: Chansey|[from]Pursuit
|-damage|p1a: Chansey|507\/703
|switch|p1a: Quagsire|Quagsire, F|393\/393
|
|turn|3
|
|switch|p2a: Charizard|Charizard, F, shiny|297\/297
|switch|p1a: Chansey|Chansey, F|507\/703
|
|turn|4
|
|switch|p2a: Bisharp|Bisharp, M, shiny|271\/271
|move|p1a: Chansey|Stealth Rock|p2a: Bisharp
|-sidestart|p2: OTRTVC|move: Stealth Rock
|
|turn|5
|
|switch|p1a: Quagsire|Quagsire, F|393\/393
|move|p2a: Bisharp|Knock Off|p1a: Quagsire
|-damage|p1a: Quagsire|240\/393
|-enditem|p1a: Quagsire|Leftovers|[from] move: Knock Off|[of] p2a: Bisharp
|
|turn|6
|
|switch|p2a: Starmie|Starmie, shiny|261\/261
|-damage|p2a: Starmie|229\/261|[from] Stealth Rock
|move|p1a: Quagsire|Recover|p1a: Quagsire
|-heal|p1a: Quagsire|393\/393
|
|turn|7
|
|switch|p1a: Sableye|Sableye, F|303\/303
|move|p2a: Starmie|Hydro Pump|p1a: Sableye
|-damage|p1a: Sableye|42\/303
|-damage|p2a: Starmie|203\/261|[from] item: Life Orb
|
|turn|8
|
|detailschange|p1a: Sableye|Sableye-Mega, F
|-mega|p1a: Sableye|Sableye|Sablenite
|move|p1a: Sableye|Recover|p1a: Sableye
|-heal|p1a: Sableye|194\/303
|move|p2a: Starmie|Hydro Pump|p1a: Sableye
|-damage|p1a: Sableye|22\/303
|-damage|p2a: Starmie|177\/261|[from] item: Life Orb
|
|turn|9
|
|switch|p1a: Chansey|Chansey, F|507\/703
|move|p2a: Starmie|Ice Beam|p1a: Chansey
|-damage|p1a: Chansey|413\/703
|-damage|p2a: Starmie|151\/261|[from] item: Life Orb
|
|turn|10
|
|switch|p1a: Sableye|Sableye-Mega, F|22\/303
|move|p2a: Starmie|Psyshock|p1a: Sableye
|-immune|p1a: Sableye|[msg]
|
|turn|11
|
|switch|p1a: Cresselia|Cresselia, F|444\/444
|move|p2a: Starmie|Ice Beam|p1a: Cresselia
|-damage|p1a: Cresselia|341\/444
|-damage|p2a: Starmie|125\/261|[from] item: Life Orb
|
|-heal|p1a: Cresselia|368\/444|[from] item: Leftovers
|turn|12
|
|switch|p1a: Sableye|Sableye-Mega, F|22\/303
|move|p2a: Starmie|Rapid Spin|p1a: Sableye
|-immune|p1a: Sableye|[msg]
|
|turn|13
|
|move|p2a: Starmie|Rapid Spin|p1a: Sableye
|-immune|p1a: Sableye|[msg]
|move|p1a: Sableye|Snarl|p2a: Starmie
|-supereffective|p2a: Starmie
|-damage|p2a: Starmie|0 fnt
|faint|p2a: Starmie
|
|
|switch|p2a: Bisharp|Bisharp, M, shiny|271\/271
|-damage|p2a: Bisharp|255\/271|[from] Stealth Rock
|turn|14
|
|move|p2a: Bisharp|Pursuit|p1a: Sableye
|-damage|p1a: Sableye|0 fnt
|faint|p1a: Sableye
|
|
|switch|p1a: Quagsire|Quagsire, F|393\/393
|turn|15
|
|switch|p2a: Keldeo-Resolute|Keldeo-Resolute, shiny|329\/329
|-damage|p2a: Keldeo-Resolute|309\/329|[from] Stealth Rock
|move|p1a: Quagsire|Toxic|p2a: Keldeo-Resolute
|-status|p2a: Keldeo-Resolute|tox
|
|-damage|p2a: Keldeo-Resolute|289\/329 tox|[from] psn
|turn|16
|
|switch|p2a: Bisharp|Bisharp, M, shiny|255\/271
|-damage|p2a: Bisharp|239\/271|[from] Stealth Rock
|switch|p1a: Gothitelle|Gothitelle, F|301\/301
|
|turn|17
|
|move|p1a: Gothitelle|Trick|p2a: Bisharp
|-activate|p1a: Gothitelle|move: Trick|[of] p2a: Bisharp
|-item|p2a: Bisharp|Choice Scarf|[from] move: Trick
|-item|p1a: Gothitelle|Assault Vest|[from] move: Trick
|move|p2a: Bisharp|Pursuit|p1a: Gothitelle
|-supereffective|p1a: Gothitelle
|-damage|p1a: Gothitelle|131\/301
|
|turn|18
|
|move|p2a: Bisharp|Pursuit|p1a: Gothitelle
|-supereffective|p1a: Gothitelle
|-damage|p1a: Gothitelle|0 fnt
|faint|p1a: Gothitelle
|
|
|switch|p1a: Chansey|Chansey, F|413\/703
|turn|19
|
|switch|p2a: Keldeo-Resolute|Keldeo-Resolute, shiny|289\/329 tox
|-damage|p2a: Keldeo-Resolute|269\/329 tox|[from] Stealth Rock
|move|p1a: Chansey|Soft-Boiled|p1a: Chansey
|-heal|p1a: Chansey|703\/703
|
|-damage|p2a: Keldeo-Resolute|249\/329 tox|[from] psn
|turn|20
|
|switch|p2a: Bisharp|Bisharp, M, shiny|239\/271
|-damage|p2a: Bisharp|223\/271|[from] Stealth Rock
|switch|p1a: Cresselia|Cresselia, F|368\/444
|
|-heal|p1a: Cresselia|395\/444|[from] item: Leftovers
|turn|21
|
|move|p2a: Bisharp|Pursuit|p1a: Cresselia
|-supereffective|p1a: Cresselia
|-damage|p1a: Cresselia|273\/444
|move|p1a: Cresselia|Moonlight|p1a: Cresselia
|-heal|p1a: Cresselia|444\/444
|
|turn|22
|
|move|p2a: Bisharp|Pursuit|p1a: Cresselia|[from]Pursuit
|-supereffective|p1a: Cresselia
|-damage|p1a: Cresselia|192\/444
|switch|p1a: Quagsire|Quagsire, F|393\/393
|
|turn|23
|
|switch|p2a: Landorus|Landorus, M, shiny|319\/319
|-damage|p2a: Landorus|280\/319|[from] Stealth Rock
|move|p1a: Quagsire|Scald|p2a: Landorus
|-supereffective|p2a: Landorus
|-damage|p2a: Landorus|118\/319
|
|turn|24
|
|move|p2a: Landorus|Earth Power|p1a: Quagsire
|-damage|p1a: Quagsire|29\/393
|move|p1a: Quagsire|Scald|p2a: Landorus
|-supereffective|p2a: Landorus
|-damage|p2a: Landorus|0 fnt
|faint|p2a: Landorus
|
|
|switch|p2a: Bisharp|Bisharp, M, shiny|223\/271
|-damage|p2a: Bisharp|207\/271|[from] Stealth Rock
|turn|25
|
|move|p2a: Bisharp|Pursuit|p1a: Quagsire
|-damage|p1a: Quagsire|0 fnt
|faint|p1a: Quagsire
|
|
|switch|p1a: Skarmory|Skarmory, F|334\/334
|turn|26
|
|switch|p2a: Charizard|Charizard, F, shiny|297\/297
|-damage|p2a: Charizard|149\/297|[from] Stealth Rock
|move|p1a: Skarmory|Spikes|p2a: Charizard
|-sidestart|p2: OTRTVC|Spikes
|
|turn|27
|
|switch|p1a: Chansey|Chansey, F|703\/703
|detailschange|p2a: Charizard|Charizard-Mega-Y, F, shiny
|-mega|p2a: Charizard|Charizard|Charizardite Y
|-weather|SunnyDay
|move|p2a: Charizard|Fire Blast|p1a: Chansey
|-crit|p1a: Chansey
|-damage|p1a: Chansey|372\/703
|
|-weather|SunnyDay|[upkeep]
|turn|28
|
|move|p2a: Charizard|Roost|p2a: Charizard
|-heal|p2a: Charizard|297\/297
|move|p1a: Chansey|Soft-Boiled|p1a: Chansey
|-heal|p1a: Chansey|703\/703
|
|-weather|SunnyDay|[upkeep]
|turn|29
|
|switch|p2a: Keldeo-Resolute|Keldeo-Resolute, shiny|249\/329 tox
|-damage|p2a: Keldeo-Resolute|229\/329 tox|[from] Stealth Rock
|-damage|p2a: Keldeo-Resolute|188\/329 tox|[from] Spikes
|move|p1a: Chansey|Seismic Toss|p2a: Keldeo-Resolute
|-damage|p2a: Keldeo-Resolute|88\/329 tox
|
|-weather|SunnyDay|[upkeep]
|-damage|p2a: Keldeo-Resolute|68\/329 tox|[from] psn
|turn|30
|
|switch|p1a: Skarmory|Skarmory, F|334\/334
|move|p2a: Keldeo-Resolute|Secret Sword|p1a: Skarmory
|-damage|p1a: Skarmory|234\/334
|
|-weather|SunnyDay|[upkeep]
|-damage|p2a: Keldeo-Resolute|28\/329 tox|[from] psn
|turn|31
|
|move|p2a: Keldeo-Resolute|Secret Sword|p1a: Skarmory
|-damage|p1a: Skarmory|135\/334
|move|p1a: Skarmory|Roost|p1a: Skarmory
|-heal|p1a: Skarmory|302\/334
|
|-weather|none
|-damage|p2a: Keldeo-Resolute|0 fnt|[from] psn
|faint|p2a: Keldeo-Resolute
|
|switch|p2a: Charizard|Charizard-Mega-Y, F, shiny|297\/297
|-damage|p2a: Charizard|149\/297|[from] Stealth Rock
|-weather|SunnyDay
|turn|32
|
|switch|p1a: Chansey|Chansey, F|703\/703
|move|p2a: Charizard|Fire Blast|p1a: Chansey|[miss]
|-miss|p2a: Charizard|p1a: Chansey
|
|-weather|SunnyDay|[upkeep]
|turn|33
|
|move|p2a: Charizard|Fire Blast|p1a: Chansey
|-damage|p1a: Chansey|474\/703
|move|p1a: Chansey|Seismic Toss|p2a: Charizard
|-damage|p2a: Charizard|49\/297
|
|-weather|SunnyDay|[upkeep]
|turn|34
|
|move|p2a: Charizard|Fire Blast|p1a: Chansey
|-crit|p1a: Chansey
|-damage|p1a: Chansey|83\/703
|move|p1a: Chansey|Soft-Boiled|p1a: Chansey
|-heal|p1a: Chansey|435\/703
|
|-weather|SunnyDay|[upkeep]
|turn|35
|
|move|p2a: Charizard|Fire Blast|p1a: Chansey|[miss]
|-miss|p2a: Charizard|p1a: Chansey
|move|p1a: Chansey|Soft-Boiled|p1a: Chansey
|-heal|p1a: Chansey|703\/703
|
|-weather|SunnyDay|[upkeep]
|turn|36
|
|move|p2a: Charizard|Fire Blast|p1a: Chansey
|-damage|p1a: Chansey|442\/703
|move|p1a: Chansey|Stealth Rock|p2a: Charizard
|-fail|p2a: Charizard
|
|-weather|none
|turn|37
|
|move|p2a: Charizard|Roost|p2a: Charizard
|-heal|p2a: Charizard|198\/297
|move|p1a: Chansey|Soft-Boiled|p1a: Chansey
|-heal|p1a: Chansey|703\/703
|
|turn|38
|
|move|p2a: Charizard|Focus Blast|p1a: Chansey
|-supereffective|p1a: Chansey
|-damage|p1a: Chansey|481\/703
|move|p1a: Chansey|Seismic Toss|p2a: Charizard
|-damage|p2a: Charizard|98\/297
|
|turn|39
|join|Cienight
|
|move|p2a: Charizard|Focus Blast|p1a: Chansey
|-supereffective|p1a: Chansey
|-damage|p1a: Chansey|241\/703
|move|p1a: Chansey|Soft-Boiled|p1a: Chansey
|-heal|p1a: Chansey|593\/703
|
|turn|40
|
|move|p2a: Charizard|Roost|p2a: Charizard
|-heal|p2a: Charizard|247\/297
|move|p1a: Chansey|Soft-Boiled|p1a: Chansey
|-heal|p1a: Chansey|703\/703
|
|turn|41
|
|switch|p2a: Bisharp|Bisharp, M, shiny|207\/271
|-damage|p2a: Bisharp|191\/271|[from] Stealth Rock
|-damage|p2a: Bisharp|158\/271|[from] Spikes
|move|p1a: Chansey|Seismic Toss|p2a: Bisharp
|-damage|p2a: Bisharp|58\/271
|
|turn|42
|
|switch|p1a: Skarmory|Skarmory, F|302\/334
|move|p2a: Bisharp|Knock Off|p1a: Skarmory
|-damage|p1a: Skarmory|197\/334
|-enditem|p1a: Skarmory|Shed Shell|[from] move: Knock Off|[of] p2a: Bisharp
|
|turn|43
|
|move|p2a: Bisharp|Knock Off|p1a: Skarmory
|-damage|p1a: Skarmory|130\/334
|move|p1a: Skarmory|Spikes|p2a: Bisharp
|-sidestart|p2: OTRTVC|Spikes
|
|turn|44
|
|switch|p2a: Thundurus|Thundurus, M, shiny|299\/299
|-damage|p2a: Thundurus|225\/299|[from] Stealth Rock
|move|p1a: Skarmory|Counter|p2a: Thundurus
|-fail|p2a: Thundurus
|
|turn|45
|
|switch|p1a: Chansey|Chansey, F|703\/703
|move|p2a: Thundurus|Thunderbolt|p1a: Chansey
|-damage|p1a: Chansey|574\/703
|-damage|p2a: Thundurus|196\/299|[from] item: Life Orb
|
|turn|46
|
|move|p2a: Thundurus|Superpower|p1a: Chansey
|-supereffective|p1a: Chansey
|-damage|p1a: Chansey|207\/703
|-unboost|p2a: Thundurus|atk|1
|-unboost|p2a: Thundurus|def|1
|-damage|p2a: Thundurus|167\/299|[from] item: Life Orb
|move|p1a: Chansey|Seismic Toss|p2a: Thundurus
|-damage|p2a: Thundurus|67\/299
|
|turn|47
|
|switch|p1a: Skarmory|Skarmory, F|130\/334
|move|p2a: Thundurus|Superpower|p1a: Skarmory
|-damage|p1a: Skarmory|78\/334
|-unboost|p2a: Thundurus|atk|1
|-unboost|p2a: Thundurus|def|1
|-damage|p2a: Thundurus|38\/299|[from] item: Life Orb
|
|turn|48
|
|switch|p2a: Charizard|Charizard-Mega-Y, F, shiny|247\/297
|-damage|p2a: Charizard|99\/297|[from] Stealth Rock
|-weather|SunnyDay
|move|p1a: Skarmory|Roost|p1a: Skarmory
|-heal|p1a: Skarmory|245\/334
|
|-weather|SunnyDay|[upkeep]
|turn|49
|
|move|p2a: Charizard|Fire Blast|p1a: Skarmory
|-supereffective|p1a: Skarmory
|-damage|p1a: Skarmory|0 fnt
|faint|p1a: Skarmory
|
|-weather|SunnyDay|[upkeep]
|
|switch|p1a: Chansey|Chansey, F|207\/703
|turn|50
|
|move|p2a: Charizard|Fire Blast|p1a: Chansey
|-damage|p1a: Chansey|0 fnt
|faint|p1a: Chansey
|
|-weather|SunnyDay|[upkeep]
|
|switch|p1a: Cresselia|Cresselia, F|192\/444
|turn|51
|
|move|p2a: Charizard|Solar Beam|p1a: Cresselia|[still]
|-prepare|p2a: Charizard|Solar Beam|p1a: Cresselia
|-anim|p2a: Charizard|Solar Beam|p1a: Cresselia
|-damage|p1a: Cresselia|70\/444
|move|p1a: Cresselia|Moonlight|p1a: Cresselia
|-heal|p1a: Cresselia|366\/444
|
|-weather|SunnyDay|[upkeep]
|-heal|p1a: Cresselia|393\/444|[from] item: Leftovers
|turn|52
|
|move|p2a: Charizard|Roost|p2a: Charizard
|-heal|p2a: Charizard|248\/297
|move|p1a: Cresselia|Toxic|p2a: Charizard
|-status|p2a: Charizard|tox
|
|-weather|none
|-heal|p1a: Cresselia|420\/444|[from] item: Leftovers
|-damage|p2a: Charizard|230\/297 tox|[from] psn
|turn|53
|-message|OTRTVC forfeited.
|
|win|CleanerThanRotom-W
|raw|Ladder updating...
|leave|OTRTVC
|player|p2
|raw|CleanerThanRotom-W's rating: 1854 &rarr; <strong>1869<\/strong><br \/>(+15 for winning)
|raw|OTRTVC's rating: 1750 &rarr; <strong>1736<\/strong><br \/>(-14 for losing)