|join|CleanerThanRotom-W
|join|22dula
|player|p1|CleanerThanRotom-W|226
|player|p2|22dula|266
|gametype|singles
|gen|6
|tier|OU
|rated
|clearpoke
|poke|p1|Sableye, M
|poke|p1|Chansey, F
|poke|p1|Cresselia, F
|poke|p1|Gothitelle, F
|poke|p1|Skarmory, F
|poke|p1|Quagsire, M
|poke|p2|Scizor, F
|poke|p2|Heatran, F
|poke|p2|Dragonite, F
|poke|p2|Landorus-Therian, M
|poke|p2|Rotom-Wash
|poke|p2|Latias, F
|rule|Swagger Clause: Swagger is banned
|rule|Baton Pass Clause: Limit one PokÃ©mon knowing Baton Pass
|rule|Sleep Clause Mod: Limit one foe put to sleep
|rule|Species Clause: Limit one of each PokÃ©mon
|rule|OHKO Clause: OHKO moves are banned
|rule|Moody Clause: Moody is banned
|rule|Evasion Moves Clause: Evasion moves are banned
|rule|Endless Battle Clause: Forcing endless battles is banned
|rule|HP Percentage Mod: HP is shown in percentages
|teampreview
|
|start
|switch|p1a: Sableye|Sableye, M|303\/303
|switch|p2a: Heatran|Heatran, F|386\/386
|turn|1
|
|detailschange|p1a: Sableye|Sableye-Mega, M
|-mega|p1a: Sableye|Sableye|Sablenite
|move|p2a: Heatran|Lava Plume|p1a: Sableye
|-damage|p1a: Sableye|218\/303
|move|p1a: Sableye|Snarl|p2a: Heatran
|-damage|p2a: Heatran|344\/386
|-unboost|p2a: Heatran|spa|1
|
|-heal|p2a: Heatran|368\/386|[from] item: Leftovers
|turn|2
|
|switch|p1a: Gothitelle|Gothitelle, F|301\/301
|move|p2a: Heatran|Lava Plume|p1a: Gothitelle
|-damage|p1a: Gothitelle|226\/301
|
|-heal|p2a: Heatran|386\/386|[from] item: Leftovers
|turn|3
|
|move|p1a: Gothitelle|Trick|p2a: Heatran
|-activate|p1a: Gothitelle|move: Trick|[of] p2a: Heatran
|-item|p2a: Heatran|Choice Scarf|[from] move: Trick
|-item|p1a: Gothitelle|Leftovers|[from] move: Trick
|move|p2a: Heatran|Roar|p1a: Gothitelle
|drag|p1a: Sableye|Sableye-Mega, M|218\/303
|
|turn|4
|
|move|p1a: Sableye|Will-O-Wisp|p2a: Heatran
|-start|p2a: Heatran|ability: Flash Fire
|move|p2a: Heatran|Roar|p1a: Sableye
|move|p1a: Sableye|Roar|p2a: Heatran|[from]Magic Bounce
|drag|p2a: Latias|Latias, F|301\/301
|
|turn|5
|
|switch|p2a: Heatran|Heatran, F|386\/386
|move|p1a: Sableye|Recover|p1a: Sableye
|-heal|p1a: Sableye|303\/303
|
|turn|6
|
|switch|p1a: Gothitelle|Gothitelle, F|226\/301
|move|p2a: Heatran|Lava Plume|p1a: Gothitelle
|-damage|p1a: Gothitelle|108\/301
|-status|p1a: Gothitelle|brn
|
|-heal|p1a: Gothitelle|126\/301 brn|[from] item: Leftovers
|-damage|p1a: Gothitelle|89\/301 brn|[from] brn
|turn|7
|
|switch|p1a: Chansey|Chansey, F|703\/703
|move|p2a: Heatran|Lava Plume|p1a: Chansey
|-damage|p1a: Chansey|625\/703
|-status|p1a: Chansey|brn
|
|-damage|p1a: Chansey|538\/703 brn|[from] brn
|turn|8
|
|switch|p2a: Rotom-Wash|Rotom-Wash|304\/304
|move|p1a: Chansey|Heal Bell|p1a: Chansey
|-cureteam|p1a: Chansey|[from] move: HealBell
|
|turn|9
|
|move|p2a: Rotom-Wash|Volt Switch|p1a: Chansey
|-damage|p1a: Chansey|477\/703
|
|switch|p2a: Scizor|Scizor, F|339\/339
|move|p1a: Chansey|Stealth Rock|p2a: Scizor
|-sidestart|p2: 22dula|move: Stealth Rock
|
|turn|10
|
|switch|p2a: Latias|Latias, F|301\/301
|-damage|p2a: Latias|264\/301|[from] Stealth Rock
|switch|p1a: Skarmory|Skarmory, F|334\/334
|
|turn|11
|join|TeenyNostalgia
|
|switch|p1a: Chansey|Chansey, F|477\/703
|move|p2a: Latias|Defog|p1a: Chansey
|-unboost|p1a: Chansey|evasion|1
|-sideend|p2: 22dula|Stealth Rock|[from] move: Defog|[of] p2a: Latias
|
|turn|12
|
|switch|p2a: Rotom-Wash|Rotom-Wash|304\/304
|move|p1a: Chansey|Soft-Boiled|p1a: Chansey
|-heal|p1a: Chansey|703\/703
|
|turn|13
|
|move|p2a: Rotom-Wash|Will-O-Wisp|p1a: Chansey
|-status|p1a: Chansey|brn
|move|p1a: Chansey|Stealth Rock|p2a: Rotom-Wash
|-sidestart|p2: 22dula|move: Stealth Rock
|
|-damage|p1a: Chansey|616\/703 brn|[from] brn
|turn|14
|
|switch|p1a: Quagsire|Quagsire, M|393\/393
|move|p2a: Rotom-Wash|Hydro Pump|p1a: Quagsire
|-damage|p1a: Quagsire|197\/393
|
|-heal|p1a: Quagsire|221\/393|[from] item: Leftovers
|turn|15
|
|move|p2a: Rotom-Wash|Hydro Pump|p1a: Quagsire
|-damage|p1a: Quagsire|43\/393
|move|p1a: Quagsire|Recover|p1a: Quagsire
|-heal|p1a: Quagsire|240\/393
|
|-heal|p1a: Quagsire|264\/393|[from] item: Leftovers
|turn|16
|
|move|p2a: Rotom-Wash|Will-O-Wisp|p1a: Quagsire
|-status|p1a: Quagsire|brn
|move|p1a: Quagsire|Toxic|p2a: Rotom-Wash
|-status|p2a: Rotom-Wash|tox
|
|-heal|p1a: Quagsire|288\/393 brn|[from] item: Leftovers
|-damage|p2a: Rotom-Wash|285\/304 tox|[from] psn
|-damage|p1a: Quagsire|239\/393 brn|[from] brn
|turn|17
|
|switch|p2a: Latias|Latias, F|264\/301
|-damage|p2a: Latias|227\/301|[from] Stealth Rock
|switch|p1a: Chansey|Chansey, F|616\/703
|
|turn|18
|
|move|p2a: Latias|Defog|p1a: Chansey
|-unboost|p1a: Chansey|evasion|1
|-sideend|p2: 22dula|Stealth Rock|[from] move: Defog|[of] p2a: Latias
|move|p1a: Chansey|Heal Bell|p1a: Chansey
|-cureteam|p1a: Chansey|[from] move: HealBell
|
|turn|19
|
|switch|p2a: Rotom-Wash|Rotom-Wash|285\/304 tox
|move|p1a: Chansey|Stealth Rock|p2a: Rotom-Wash
|-sidestart|p2: 22dula|move: Stealth Rock
|
|-heal|p2a: Rotom-Wash|304\/304 tox|[from] item: Leftovers
|-damage|p2a: Rotom-Wash|285\/304 tox|[from] psn
|turn|20
|
|move|p2a: Rotom-Wash|Will-O-Wisp|p1a: Chansey
|-status|p1a: Chansey|brn
|move|p1a: Chansey|Seismic Toss|p2a: Rotom-Wash
|-damage|p2a: Rotom-Wash|185\/304 tox
|
|-heal|p2a: Rotom-Wash|204\/304 tox|[from] item: Leftovers
|-damage|p2a: Rotom-Wash|166\/304 tox|[from] psn
|-damage|p1a: Chansey|529\/703 brn|[from] brn
|turn|21
|
|switch|p1a: Gothitelle|Gothitelle, F|89\/301
|move|p2a: Rotom-Wash|Hydro Pump|p1a: Gothitelle
|-damage|p1a: Gothitelle|0 fnt
|faint|p1a: Gothitelle
|
|-heal|p2a: Rotom-Wash|185\/304 tox|[from] item: Leftovers
|-damage|p2a: Rotom-Wash|128\/304 tox|[from] psn
|
|switch|p1a: Sableye|Sableye-Mega, M|303\/303
|turn|22
|
|move|p2a: Rotom-Wash|Volt Switch|p1a: Sableye
|-damage|p1a: Sableye|249\/303
|
|switch|p2a: Heatran|Heatran, F|386\/386
|-damage|p2a: Heatran|338\/386|[from] Stealth Rock
|move|p1a: Sableye|Snarl|p2a: Heatran
|-damage|p2a: Heatran|295\/386
|-unboost|p2a: Heatran|spa|1
|
|turn|23
|
|move|p2a: Heatran|Lava Plume|p1a: Sableye
|-damage|p1a: Sableye|197\/303
|move|p1a: Sableye|Recover|p1a: Sableye
|-heal|p1a: Sableye|303\/303
|
|turn|24
|
|switch|p1a: Chansey|Chansey, F|529\/703
|move|p2a: Heatran|Lava Plume|p1a: Chansey
|-damage|p1a: Chansey|477\/703
|-status|p1a: Chansey|brn
|
|-damage|p1a: Chansey|390\/703 brn|[from] brn
|turn|25
|
|switch|p2a: Latias|Latias, F|227\/301
|-damage|p2a: Latias|190\/301|[from] Stealth Rock
|move|p1a: Chansey|Soft-Boiled|p1a: Chansey
|-heal|p1a: Chansey|703\/703 brn
|
|-damage|p1a: Chansey|616\/703 brn|[from] brn
|turn|26
|
|move|p2a: Latias|Defog|p1a: Chansey
|-unboost|p1a: Chansey|evasion|1
|-sideend|p2: 22dula|Stealth Rock|[from] move: Defog|[of] p2a: Latias
|move|p1a: Chansey|Seismic Toss|p2a: Latias
|-damage|p2a: Latias|90\/301
|
|-damage|p1a: Chansey|529\/703 brn|[from] brn
|turn|27
|
|switch|p2a: Rotom-Wash|Rotom-Wash|128\/304 tox
|move|p1a: Chansey|Stealth Rock|p2a: Rotom-Wash
|-sidestart|p2: 22dula|move: Stealth Rock
|
|-heal|p2a: Rotom-Wash|147\/304 tox|[from] item: Leftovers
|-damage|p2a: Rotom-Wash|128\/304 tox|[from] psn
|-damage|p1a: Chansey|442\/703 brn|[from] brn
|turn|28
|
|switch|p1a: Sableye|Sableye-Mega, M|303\/303
|move|p2a: Rotom-Wash|Hydro Pump|p1a: Sableye
|-damage|p1a: Sableye|216\/303
|
|-heal|p2a: Rotom-Wash|147\/304 tox|[from] item: Leftovers
|-damage|p2a: Rotom-Wash|109\/304 tox|[from] psn
|turn|29
|
|move|p2a: Rotom-Wash|Volt Switch|p1a: Sableye
|-damage|p1a: Sableye|155\/303
|
|switch|p2a: Heatran|Heatran, F|295\/386
|-damage|p2a: Heatran|247\/386|[from] Stealth Rock
|move|p1a: Sableye|Snarl|p2a: Heatran
|-damage|p2a: Heatran|208\/386
|-unboost|p2a: Heatran|spa|1
|
|turn|30
|
|move|p2a: Heatran|Lava Plume|p1a: Sableye
|-damage|p1a: Sableye|101\/303
|move|p1a: Sableye|Recover|p1a: Sableye
|-heal|p1a: Sableye|253\/303
|
|turn|31
|join|Appreciation
|
|move|p2a: Heatran|Lava Plume|p1a: Sableye
|-crit|p1a: Sableye
|-damage|p1a: Sableye|133\/303
|move|p1a: Sableye|Snarl|p2a: Heatran
|-damage|p2a: Heatran|165\/386
|-unboost|p2a: Heatran|spa|1
|
|turn|32
|
|move|p2a: Heatran|Lava Plume|p1a: Sableye
|-damage|p1a: Sableye|94\/303
|move|p1a: Sableye|Recover|p1a: Sableye
|-heal|p1a: Sableye|246\/303
|
|turn|33
|
|move|p2a: Heatran|Lava Plume|p1a: Sableye
|-damage|p1a: Sableye|206\/303
|move|p1a: Sableye|Snarl|p2a: Heatran
|-damage|p2a: Heatran|126\/386
|-unboost|p2a: Heatran|spa|1
|
|turn|34
|
|move|p2a: Heatran|Lava Plume|p1a: Sableye
|-damage|p1a: Sableye|173\/303
|-status|p1a: Sableye|brn
|move|p1a: Sableye|Recover|p1a: Sableye
|-heal|p1a: Sableye|303\/303 brn
|
|-damage|p1a: Sableye|266\/303 brn|[from] brn
|turn|35
|
|switch|p2a: Scizor|Scizor, F|339\/339
|-damage|p2a: Scizor|297\/339|[from] Stealth Rock
|move|p1a: Sableye|Will-O-Wisp|p2a: Scizor
|-status|p2a: Scizor|brn
|
|-damage|p2a: Scizor|255\/339 brn|[from] brn
|-damage|p1a: Sableye|229\/303 brn|[from] brn
|turn|36
|
|switch|p2a: Heatran|Heatran, F|126\/386
|-damage|p2a: Heatran|78\/386|[from] Stealth Rock
|switch|p1a: Skarmory|Skarmory, F|334\/334
|
|turn|37
|join|Void
|
|switch|p1a: Chansey|Chansey, F|442\/703
|move|p2a: Heatran|Stealth Rock|p1a: Chansey
|-sidestart|p1: CleanerThanRotom-W|move: Stealth Rock
|
|turn|38
|
|switch|p2a: Landorus-Therian|Landorus-Therian, M|319\/319
|-damage|p2a: Landorus-Therian|280\/319|[from] Stealth Rock
|-ability|p2a: Landorus-Therian|Intimidate|[of] p1a: Chansey
|-unboost|p1a: Chansey|atk|1
|move|p1a: Chansey|Heal Bell|p1a: Chansey
|-cureteam|p1a: Chansey|[from] move: HealBell
|
|turn|39
|
|move|p2a: Landorus-Therian|Knock Off|p1a: Chansey
|-damage|p1a: Chansey|271\/703
|-enditem|p1a: Chansey|Eviolite|[from] move: Knock Off|[of] p2a: Landorus-Therian
|move|p1a: Chansey|Soft-Boiled|p1a: Chansey
|-heal|p1a: Chansey|623\/703
|
|turn|40
|
|move|p2a: Landorus-Therian|Knock Off|p1a: Chansey
|-damage|p1a: Chansey|465\/703
|move|p1a: Chansey|Seismic Toss|p2a: Landorus-Therian
|-damage|p2a: Landorus-Therian|180\/319
|
|turn|41
|
|switch|p2a: Heatran|Heatran, F|78\/386
|-damage|p2a: Heatran|30\/386|[from] Stealth Rock
|move|p1a: Chansey|Seismic Toss|p2a: Heatran
|-damage|p2a: Heatran|0 fnt
|faint|p2a: Heatran
|
|
|switch|p2a: Latias|Latias, F|90\/301
|-damage|p2a: Latias|53\/301|[from] Stealth Rock
|turn|42
|join|davidTHEMASTER
|
|switch|p1a: Skarmory|Skarmory, F|334\/334
|-damage|p1a: Skarmory|293\/334|[from] Stealth Rock
|move|p2a: Latias|Healing Wish|p2a: Latias
|faint|p2a: Latias
|
|
|switch|p2a: Scizor|Scizor, F|255\/339 brn
|-heal|p2a: Scizor|339\/339|[from] move: Healing Wish
|-damage|p2a: Scizor|297\/339|[from] Stealth Rock
|turn|43
|
|detailschange|p2a: Scizor|Scizor-Mega, F
|-mega|p2a: Scizor|Scizor|Scizorite
|move|p2a: Scizor|Swords Dance|p2a: Scizor
|-boost|p2a: Scizor|atk|2
|move|p1a: Skarmory|Defog|p2a: Scizor
|-unboost|p2a: Scizor|evasion|1
|-sideend|p2: 22dula|Stealth Rock|[from] move: Defog|[of] p2a: Scizor
|-sideend|p1: CleanerThanRotom-W|Stealth Rock|[from] move: Defog|[of] p1a: Skarmory
|
|turn|44
|
|move|p2a: Scizor|Superpower|p1a: Skarmory
|-damage|p1a: Skarmory|113\/334
|-unboost|p2a: Scizor|atk|1
|-unboost|p2a: Scizor|def|1
|move|p1a: Skarmory|Counter|p2a: Scizor
|-damage|p2a: Scizor|0 fnt
|faint|p2a: Scizor
|
|
|switch|p2a: Rotom-Wash|Rotom-Wash|109\/304 tox
|turn|45
|
|switch|p1a: Chansey|Chansey, F|465\/703
|move|p2a: Rotom-Wash|Hydro Pump|p1a: Chansey
|-damage|p1a: Chansey|344\/703
|
|-heal|p2a: Rotom-Wash|128\/304 tox|[from] item: Leftovers
|-damage|p2a: Rotom-Wash|109\/304 tox|[from] psn
|turn|46
|
|move|p2a: Rotom-Wash|Pain Split|p1a: Chansey
|-sethp|p1a: Chansey|226\/703|p2a: Rotom-Wash|226\/304 tox|[from] move: Pain Split
|move|p1a: Chansey|Stealth Rock|p2a: Rotom-Wash
|-sidestart|p2: 22dula|move: Stealth Rock
|
|-heal|p2a: Rotom-Wash|245\/304 tox|[from] item: Leftovers
|-damage|p2a: Rotom-Wash|207\/304 tox|[from] psn
|turn|47
|
|move|p2a: Rotom-Wash|Will-O-Wisp|p1a: Chansey
|-status|p1a: Chansey|brn
|move|p1a: Chansey|Soft-Boiled|p1a: Chansey
|-heal|p1a: Chansey|578\/703 brn
|
|-heal|p2a: Rotom-Wash|226\/304 tox|[from] item: Leftovers
|-damage|p2a: Rotom-Wash|169\/304 tox|[from] psn
|-damage|p1a: Chansey|491\/703 brn|[from] brn
|turn|48
|
|move|p2a: Rotom-Wash|Pain Split|p1a: Chansey
|-sethp|p1a: Chansey|330\/703 brn|p2a: Rotom-Wash|304\/304 tox|[from] move: Pain Split
|move|p1a: Chansey|Seismic Toss|p2a: Rotom-Wash
|-damage|p2a: Rotom-Wash|204\/304 tox
|
|-heal|p2a: Rotom-Wash|223\/304 tox|[from] item: Leftovers
|-damage|p2a: Rotom-Wash|147\/304 tox|[from] psn
|-damage|p1a: Chansey|243\/703 brn|[from] brn
|turn|49
|
|move|p2a: Rotom-Wash|Volt Switch|p1a: Chansey
|-damage|p1a: Chansey|156\/703 brn
|
|switch|p2a: Landorus-Therian|Landorus-Therian, M|180\/319
|-damage|p2a: Landorus-Therian|141\/319|[from] Stealth Rock
|-ability|p2a: Landorus-Therian|Intimidate|[of] p1a: Chansey
|-unboost|p1a: Chansey|atk|1
|move|p1a: Chansey|Soft-Boiled|p1a: Chansey
|-heal|p1a: Chansey|508\/703 brn
|
|-damage|p1a: Chansey|421\/703 brn|[from] brn
|turn|50
|
|move|p2a: Landorus-Therian|Knock Off|p1a: Chansey
|-damage|p1a: Chansey|265\/703 brn
|move|p1a: Chansey|Soft-Boiled|p1a: Chansey
|-heal|p1a: Chansey|617\/703 brn
|
|-damage|p1a: Chansey|530\/703 brn|[from] brn
|turn|51
|-message|22dula forfeited.
|
|win|CleanerThanRotom-W
|raw|Ladder updating...
|leave|22dula
|player|p2
|raw|CleanerThanRotom-W's rating: 1810 &rarr; <strong>1820<\/strong><br \/>(+10 for winning)
|raw|22dula's rating: 1611 &rarr; <strong>1602<\/strong><br \/>(-9 for losing)