|join|CleanerThanRotom-W
|join|OTRTVC
|player|p1|CleanerThanRotom-W|226
|player|p2|OTRTVC|290
|gametype|singles
|gen|6
|tier|OU
|rated
|clearpoke
|poke|p1|Sableye, F
|poke|p1|Chansey, F
|poke|p1|Cresselia, F
|poke|p1|Gothitelle, F
|poke|p1|Skarmory, M
|poke|p1|Quagsire, F
|poke|p2|Keldeo-Resolute, shiny
|poke|p2|Bisharp, F, shiny
|poke|p2|Charizard, M, shiny
|poke|p2|Landorus, M, shiny
|poke|p2|Starmie, shiny
|poke|p2|Thundurus, M, shiny
|rule|Swagger Clause: Swagger is banned
|rule|Baton Pass Clause: Limit one PokÃ©mon knowing Baton Pass
|rule|Sleep Clause Mod: Limit one foe put to sleep
|rule|Species Clause: Limit one of each PokÃ©mon
|rule|OHKO Clause: OHKO moves are banned
|rule|Moody Clause: Moody is banned
|rule|Evasion Moves Clause: Evasion moves are banned
|rule|Endless Battle Clause: Forcing endless battles is banned
|rule|HP Percentage Mod: HP is shown in percentages
|teampreview
|
|start
|switch|p1a: Sableye|Sableye, F|303\/303
|switch|p2a: Charizard|Charizard, M, shiny|297\/297
|turn|1
|
|switch|p1a: Chansey|Chansey, F|703\/703
|detailschange|p2a: Charizard|Charizard-Mega-Y, M, shiny
|-mega|p2a: Charizard|Charizard|Charizardite Y
|-weather|SunnyDay
|move|p2a: Charizard|Fire Blast|p1a: Chansey
|-damage|p1a: Chansey|472\/703
|
|-weather|SunnyDay|[upkeep]
|turn|2
|
|switch|p2a: Bisharp|Bisharp, F, shiny|271\/271
|move|p1a: Chansey|Soft-Boiled|p1a: Chansey
|-heal|p1a: Chansey|703\/703
|
|-weather|SunnyDay|[upkeep]
|turn|3
|
|move|p2a: Bisharp|Knock Off|p1a: Chansey
|-damage|p1a: Chansey|465\/703
|-enditem|p1a: Chansey|Eviolite|[from] move: Knock Off|[of] p2a: Bisharp
|move|p1a: Chansey|Seismic Toss|p2a: Bisharp
|-damage|p2a: Bisharp|171\/271
|
|-weather|SunnyDay|[upkeep]
|turn|4
|
|switch|p1a: Quagsire|Quagsire, F|393\/393
|move|p2a: Bisharp|Iron Head|p1a: Quagsire
|-resisted|p1a: Quagsire
|-damage|p1a: Quagsire|332\/393
|
|-weather|SunnyDay|[upkeep]
|-heal|p1a: Quagsire|356\/393|[from] item: Leftovers
|turn|5
|
|switch|p1a: Gothitelle|Gothitelle, F|301\/301
|move|p2a: Bisharp|Knock Off|p1a: Gothitelle
|-supereffective|p1a: Gothitelle
|-damage|p1a: Gothitelle|0 fnt
|-enditem|p1a: Gothitelle|Choice Scarf|[from] move: Knock Off|[of] p2a: Bisharp
|faint|p1a: Gothitelle
|
|-weather|none
|
|switch|p1a: Sableye|Sableye, F|303\/303
|turn|6
|join|andrewmon
|
|switch|p2a: Charizard|Charizard-Mega-Y, M, shiny|297\/297
|-weather|SunnyDay
|detailschange|p1a: Sableye|Sableye-Mega, F
|-mega|p1a: Sableye|Sableye|Sablenite
|move|p1a: Sableye|Snarl|p2a: Charizard
|-miss|p1a: Sableye|p2a: Charizard
|
|-weather|SunnyDay|[upkeep]
|turn|7
|
|switch|p1a: Cresselia|Cresselia, F|444\/444
|move|p2a: Charizard|Fire Blast|p1a: Cresselia
|-damage|p1a: Cresselia|197\/444
|
|-weather|SunnyDay|[upkeep]
|-heal|p1a: Cresselia|224\/444|[from] item: Leftovers
|turn|8
|
|move|p2a: Charizard|Fire Blast|p1a: Cresselia
|-damage|p1a: Cresselia|0 fnt
|faint|p1a: Cresselia
|
|-weather|SunnyDay|[upkeep]
|
|switch|p1a: Chansey|Chansey, F|465\/703
|turn|9
|join|Exiline
|join|Meoshia
|
|switch|p2a: Landorus|Landorus, M, shiny|319\/319
|move|p1a: Chansey|Stealth Rock|p2a: Landorus
|-sidestart|p2: OTRTVC|move: Stealth Rock
|
|-weather|SunnyDay|[upkeep]
|turn|10
|
|switch|p1a: Sableye|Sableye-Mega, F|303\/303
|move|p2a: Landorus|Stealth Rock|p1a: Sableye
|move|p1a: Sableye|Stealth Rock|p2a: Landorus|[from]Magic Bounce
|-fail|p2a: Landorus
|
|-weather|none
|turn|11
|
|move|p2a: Landorus|Earth Power|p1a: Sableye
|-damage|p1a: Sableye|134\/303
|move|p1a: Sableye|Calm Mind|p1a: Sableye
|-boost|p1a: Sableye|spa|1
|-boost|p1a: Sableye|spd|1
|
|turn|12
|
|move|p2a: Landorus|Earth Power|p1a: Sableye
|-damage|p1a: Sableye|5\/303
|move|p1a: Sableye|Recover|p1a: Sableye
|-heal|p1a: Sableye|157\/303
|
|turn|13
|
|move|p2a: Landorus|Earth Power|p1a: Sableye
|-damage|p1a: Sableye|39\/303
|move|p1a: Sableye|Recover|p1a: Sableye
|-heal|p1a: Sableye|191\/303
|
|turn|14
|
|switch|p2a: Keldeo-Resolute|Keldeo-Resolute, shiny|329\/329
|-damage|p2a: Keldeo-Resolute|309\/329|[from] Stealth Rock
|move|p1a: Sableye|Recover|p1a: Sableye
|-heal|p1a: Sableye|303\/303
|
|turn|15
|
|move|p2a: Keldeo-Resolute|Scald|p1a: Sableye
|-damage|p1a: Sableye|230\/303
|-status|p1a: Sableye|brn
|move|p1a: Sableye|Will-O-Wisp|p2a: Keldeo-Resolute
|-status|p2a: Keldeo-Resolute|brn
|
|-damage|p2a: Keldeo-Resolute|268\/329 brn|[from] brn
|-damage|p1a: Sableye|193\/303 brn|[from] brn
|turn|16
|leave|Meoshia
|
|switch|p2a: Charizard|Charizard-Mega-Y, M, shiny|297\/297
|-damage|p2a: Charizard|149\/297|[from] Stealth Rock
|-weather|SunnyDay
|move|p1a: Sableye|Recover|p1a: Sableye
|-heal|p1a: Sableye|303\/303 brn
|
|-weather|SunnyDay|[upkeep]
|-damage|p1a: Sableye|266\/303 brn|[from] brn
|turn|17
|join|Erzkrieger
|
|move|p2a: Charizard|Fire Blast|p1a: Sableye
|-damage|p1a: Sableye|112\/303 brn
|move|p1a: Sableye|Recover|p1a: Sableye
|-heal|p1a: Sableye|264\/303 brn
|
|-weather|SunnyDay|[upkeep]
|-damage|p1a: Sableye|227\/303 brn|[from] brn
|turn|18
|join|Azuzu
|leave|Erzkrieger
|
|switch|p2a: Landorus|Landorus, M, shiny|319\/319
|-damage|p2a: Landorus|280\/319|[from] Stealth Rock
|move|p1a: Sableye|Recover|p1a: Sableye
|-heal|p1a: Sableye|303\/303 brn
|
|-weather|SunnyDay|[upkeep]
|-damage|p1a: Sableye|266\/303 brn|[from] brn
|turn|19
|
|move|p2a: Landorus|Earth Power|p1a: Sableye
|-damage|p1a: Sableye|145\/303 brn
|move|p1a: Sableye|Calm Mind|p1a: Sableye
|-boost|p1a: Sableye|spa|1
|-boost|p1a: Sableye|spd|1
|
|-weather|SunnyDay|[upkeep]
|-damage|p1a: Sableye|108\/303 brn|[from] brn
|turn|20
|
|move|p2a: Landorus|Earth Power|p1a: Sableye
|-damage|p1a: Sableye|17\/303 brn
|move|p1a: Sableye|Recover|p1a: Sableye
|-heal|p1a: Sableye|169\/303 brn
|
|-weather|none
|-damage|p1a: Sableye|132\/303 brn|[from] brn
|turn|21
|
|move|p2a: Landorus|Earth Power|p1a: Sableye
|-damage|p1a: Sableye|45\/303 brn
|move|p1a: Sableye|Recover|p1a: Sableye
|-heal|p1a: Sableye|197\/303 brn
|
|-damage|p1a: Sableye|160\/303 brn|[from] brn
|turn|22
|
|move|p2a: Landorus|Earth Power|p1a: Sableye
|-damage|p1a: Sableye|69\/303 brn
|move|p1a: Sableye|Recover|p1a: Sableye
|-heal|p1a: Sableye|221\/303 brn
|
|-damage|p1a: Sableye|184\/303 brn|[from] brn
|turn|23
|
|move|p2a: Landorus|Earth Power|p1a: Sableye
|-damage|p1a: Sableye|94\/303 brn
|move|p1a: Sableye|Recover|p1a: Sableye
|-heal|p1a: Sableye|246\/303 brn
|
|-damage|p1a: Sableye|209\/303 brn|[from] brn
|turn|24
|
|move|p2a: Landorus|Earth Power|p1a: Sableye
|-damage|p1a: Sableye|115\/303 brn
|move|p1a: Sableye|Snarl|p2a: Landorus
|-damage|p2a: Landorus|133\/319
|-unboost|p2a: Landorus|spa|1
|
|-damage|p1a: Sableye|78\/303 brn|[from] brn
|turn|25
|
|move|p2a: Landorus|Earth Power|p1a: Sableye
|-damage|p1a: Sableye|22\/303 brn
|move|p1a: Sableye|Recover|p1a: Sableye
|-heal|p1a: Sableye|174\/303 brn
|
|-damage|p1a: Sableye|137\/303 brn|[from] brn
|turn|26
|
|move|p2a: Landorus|Earth Power|p1a: Sableye
|-damage|p1a: Sableye|79\/303 brn
|move|p1a: Sableye|Recover|p1a: Sableye
|-heal|p1a: Sableye|231\/303 brn
|
|-damage|p1a: Sableye|194\/303 brn|[from] brn
|turn|27
|
|move|p2a: Landorus|Earth Power|p1a: Sableye
|-damage|p1a: Sableye|134\/303 brn
|move|p1a: Sableye|Recover|p1a: Sableye
|-heal|p1a: Sableye|286\/303 brn
|
|-damage|p1a: Sableye|249\/303 brn|[from] brn
|turn|28
|
|move|p2a: Landorus|Earth Power|p1a: Sableye
|-damage|p1a: Sableye|189\/303 brn
|move|p1a: Sableye|Snarl|p2a: Landorus
|-damage|p2a: Landorus|7\/319
|-unboost|p2a: Landorus|spa|1
|
|-damage|p1a: Sableye|152\/303 brn|[from] brn
|turn|29
|
|move|p2a: Landorus|Earth Power|p1a: Sableye
|-damage|p1a: Sableye|108\/303 brn
|move|p1a: Sableye|Recover|p1a: Sableye
|-heal|p1a: Sableye|260\/303 brn
|
|-damage|p1a: Sableye|223\/303 brn|[from] brn
|turn|30
|
|move|p2a: Landorus|Earth Power|p1a: Sableye
|-damage|p1a: Sableye|180\/303 brn
|move|p1a: Sableye|Recover|p1a: Sableye
|-heal|p1a: Sableye|303\/303 brn
|
|-damage|p1a: Sableye|266\/303 brn|[from] brn
|turn|31
|c| Exiline|crit now ?
|
|move|p2a: Landorus|Earth Power|p1a: Sableye
|-damage|p1a: Sableye|223\/303 brn
|move|p1a: Sableye|Will-O-Wisp|p2a: Landorus|[miss]
|-miss|p1a: Sableye|p2a: Landorus
|
|-damage|p1a: Sableye|186\/303 brn|[from] brn
|turn|32
|
|move|p2a: Landorus|Psychic|p1a: Sableye
|-immune|p1a: Sableye|[msg]
|move|p1a: Sableye|Recover|p1a: Sableye
|-heal|p1a: Sableye|303\/303 brn
|
|-damage|p1a: Sableye|266\/303 brn|[from] brn
|turn|33
|
|switch|p2a: Bisharp|Bisharp, F, shiny|171\/271
|-damage|p2a: Bisharp|155\/271|[from] Stealth Rock
|move|p1a: Sableye|Snarl|p2a: Bisharp
|-resisted|p2a: Bisharp
|-damage|p2a: Bisharp|103\/271
|-unboost|p2a: Bisharp|spa|1
|-boost|p2a: Bisharp|atk|2|[from] ability: Defiant
|
|-damage|p1a: Sableye|229\/303 brn|[from] brn
|turn|34
|
|switch|p1a: Quagsire|Quagsire, F|356\/393
|move|p2a: Bisharp|Iron Head|p1a: Quagsire
|-resisted|p1a: Quagsire
|-damage|p1a: Quagsire|296\/393
|
|-heal|p1a: Quagsire|320\/393|[from] item: Leftovers
|turn|35
|
|switch|p2a: Landorus|Landorus, M, shiny|7\/319
|-damage|p2a: Landorus|0 fnt|[from] Stealth Rock
|faint|p2a: Landorus
|move|p1a: Quagsire|Earthquake|p2: Landorus|[notarget]
|-notarget
|
|-heal|p1a: Quagsire|344\/393|[from] item: Leftovers
|
|switch|p2a: Starmie|Starmie, shiny|261\/261
|-damage|p2a: Starmie|229\/261|[from] Stealth Rock
|turn|36
|leave|andrewmon
|join|andrewmon
|
|switch|p1a: Sableye|Sableye-Mega, F|229\/303 brn
|move|p2a: Starmie|Hydro Pump|p1a: Sableye
|-damage|p1a: Sableye|50\/303 brn
|-damage|p2a: Starmie|203\/261|[from] item: Life Orb
|
|-damage|p1a: Sableye|13\/303 brn|[from] brn
|turn|37
|
|move|p2a: Starmie|Ice Beam|p1a: Sableye
|-damage|p1a: Sableye|0 fnt
|-damage|p2a: Starmie|177\/261|[from] item: Life Orb
|faint|p1a: Sableye
|
|
|switch|p1a: Chansey|Chansey, F|465\/703
|turn|38
|
|move|p2a: Starmie|Rapid Spin|p1a: Chansey
|-damage|p1a: Chansey|440\/703
|-sideend|p2: OTRTVC|Stealth Rock|[from] move: Rapid Spin|[of] p2a: Starmie
|-damage|p2a: Starmie|151\/261|[from] item: Life Orb
|move|p1a: Chansey|Soft-Boiled|p1a: Chansey
|-heal|p1a: Chansey|703\/703
|
|turn|39
|
|move|p2a: Starmie|Psyshock|p1a: Chansey
|-damage|p1a: Chansey|394\/703
|-damage|p2a: Starmie|125\/261|[from] item: Life Orb
|move|p1a: Chansey|Stealth Rock|p2a: Starmie
|-sidestart|p2: OTRTVC|move: Stealth Rock
|
|turn|40
|
|move|p2a: Starmie|Rapid Spin|p1a: Chansey
|-damage|p1a: Chansey|371\/703
|-sideend|p2: OTRTVC|Stealth Rock|[from] move: Rapid Spin|[of] p2a: Starmie
|-damage|p2a: Starmie|99\/261|[from] item: Life Orb
|move|p1a: Chansey|Soft-Boiled|p1a: Chansey
|-heal|p1a: Chansey|703\/703
|
|turn|41
|
|switch|p2a: Keldeo-Resolute|Keldeo-Resolute, shiny|268\/329 brn
|move|p1a: Chansey|Stealth Rock|p2a: Keldeo-Resolute
|-sidestart|p2: OTRTVC|move: Stealth Rock
|
|-damage|p2a: Keldeo-Resolute|227\/329 brn|[from] brn
|turn|42
|
|switch|p1a: Skarmory|Skarmory, M|334\/334
|move|p2a: Keldeo-Resolute|Scald|p1a: Skarmory
|-damage|p1a: Skarmory|142\/334
|-status|p1a: Skarmory|brn
|
|-damage|p2a: Keldeo-Resolute|186\/329 brn|[from] brn
|-damage|p1a: Skarmory|101\/334 brn|[from] brn
|turn|43
|
|switch|p2a: Bisharp|Bisharp, F, shiny|103\/271
|-damage|p2a: Bisharp|87\/271|[from] Stealth Rock
|switch|p1a: Chansey|Chansey, F|703\/703
|
|turn|44
|
|move|p2a: Bisharp|Pursuit|p1a: Chansey|[from]Pursuit
|-damage|p1a: Chansey|406\/703
|switch|p1a: Quagsire|Quagsire, F|344\/393
|
|-heal|p1a: Quagsire|368\/393|[from] item: Leftovers
|turn|45
|
|switch|p2a: Starmie|Starmie, shiny|99\/261
|-damage|p2a: Starmie|67\/261|[from] Stealth Rock
|move|p1a: Quagsire|Earthquake|p2a: Starmie
|-damage|p2a: Starmie|0 fnt
|faint|p2a: Starmie
|
|-heal|p1a: Quagsire|392\/393|[from] item: Leftovers
|
|switch|p2a: Charizard|Charizard-Mega-Y, M, shiny|149\/297
|-damage|p2a: Charizard|1\/297|[from] Stealth Rock
|-weather|SunnyDay
|turn|46
|
|move|p2a: Charizard|Roost|p2a: Charizard
|-heal|p2a: Charizard|150\/297
|move|p1a: Quagsire|Earthquake|p2a: Charizard
|-supereffective|p2a: Charizard
|-damage|p2a: Charizard|0 fnt
|faint|p2a: Charizard
|
|-weather|SunnyDay|[upkeep]
|-heal|p1a: Quagsire|393\/393|[from] item: Leftovers
|
|switch|p2a: Bisharp|Bisharp, F, shiny|87\/271
|-damage|p2a: Bisharp|71\/271|[from] Stealth Rock
|turn|47
|
|move|p2a: Bisharp|Knock Off|p1a: Quagsire
|-damage|p1a: Quagsire|233\/393
|-enditem|p1a: Quagsire|Leftovers|[from] move: Knock Off|[of] p2a: Bisharp
|move|p1a: Quagsire|Recover|p1a: Quagsire
|-heal|p1a: Quagsire|393\/393
|
|-weather|SunnyDay|[upkeep]
|turn|48
|c| Exiline|flincj to the death imo
|
|move|p2a: Bisharp|Knock Off|p1a: Quagsire
|-damage|p1a: Quagsire|288\/393
|move|p1a: Quagsire|Earthquake|p2a: Bisharp
|-crit|p2a: Bisharp
|-supereffective|p2a: Bisharp
|-damage|p2a: Bisharp|0 fnt
|faint|p2a: Bisharp
|
|-weather|SunnyDay|[upkeep]
|
|switch|p2a: Keldeo-Resolute|Keldeo-Resolute, shiny|186\/329 brn
|-damage|p2a: Keldeo-Resolute|166\/329 brn|[from] Stealth Rock
|turn|49
|
|switch|p1a: Skarmory|Skarmory, M|101\/334 brn
|move|p2a: Keldeo-Resolute|Hydro Pump|p1a: Skarmory|[miss]
|-miss|p2a: Keldeo-Resolute|p1a: Skarmory
|
|-weather|SunnyDay|[upkeep]
|-damage|p2a: Keldeo-Resolute|125\/329 brn|[from] brn
|-damage|p1a: Skarmory|60\/334 brn|[from] brn
|turn|50
|
|switch|p2a: Thundurus|Thundurus, M, shiny|299\/299
|-damage|p2a: Thundurus|225\/299|[from] Stealth Rock
|move|p1a: Skarmory|Spikes|p2a: Thundurus
|-sidestart|p2: OTRTVC|Spikes
|
|-weather|none
|-damage|p1a: Skarmory|19\/334 brn|[from] brn
|turn|51
|
|move|p2a: Thundurus|Hidden Power|p1a: Skarmory
|-damage|p1a: Skarmory|0 fnt
|-damage|p2a: Thundurus|196\/299|[from] item: Life Orb
|faint|p1a: Skarmory
|
|
|switch|p1a: Quagsire|Quagsire, F|288\/393
|turn|52
|
|switch|p2a: Keldeo-Resolute|Keldeo-Resolute, shiny|125\/329 brn
|-damage|p2a: Keldeo-Resolute|84\/329 brn|[from] Spikes
|-damage|p2a: Keldeo-Resolute|64\/329 brn|[from] Stealth Rock
|move|p1a: Quagsire|Recover|p1a: Quagsire
|-heal|p1a: Quagsire|393\/393
|
|-damage|p2a: Keldeo-Resolute|23\/329 brn|[from] brn
|turn|53
|c| Exiline|reveal grass kno
|c| Exiline|t
|
|switch|p1a: Chansey|Chansey, F|406\/703
|move|p2a: Keldeo-Resolute|Secret Sword|p1a: Chansey
|-supereffective|p1a: Chansey
|-damage|p1a: Chansey|0 fnt
|faint|p1a: Chansey
|
|-damage|p2a: Keldeo-Resolute|0 fnt|[from] brn
|faint|p2a: Keldeo-Resolute
|
|switch|p2a: Thundurus|Thundurus, M, shiny|196\/299
|switch|p1a: Quagsire|Quagsire, F|393\/393
|-damage|p2a: Thundurus|122\/299|[from] Stealth Rock
|turn|54
|
|move|p2a: Thundurus|Hidden Power|p1a: Quagsire
|-crit|p1a: Quagsire
|-damage|p1a: Quagsire|207\/393
|-damage|p2a: Thundurus|93\/299|[from] item: Life Orb
|move|p1a: Quagsire|Recover|p1a: Quagsire
|-heal|p1a: Quagsire|393\/393
|
|turn|55
|-message|OTRTVC forfeited.
|leave|OTRTVC
|leave|Exiline
|
|win|CleanerThanRotom-W
|raw|Ladder updating...
|raw|CleanerThanRotom-W's rating: 1793 &rarr; <strong>1813<\/strong><br \/>(+20 for winning)
|raw|OTRTVC's rating: 1793 &rarr; <strong>1773<\/strong><br \/>(-20 for losing)
|player|p2