|join|CleanerThanRotom-W
|join|Cointreau
|player|p1|CleanerThanRotom-W|226
|player|p2|Cointreau|65
|gametype|singles
|gen|6
|tier|OU
|rated
|clearpoke
|poke|p1|Sableye, M
|poke|p1|Chansey, F
|poke|p1|Cresselia, F
|poke|p1|Gothitelle, M
|poke|p1|Skarmory, M
|poke|p1|Quagsire, M
|poke|p2|Keldeo-Resolute
|poke|p2|Ferrothorn, M
|poke|p2|Latias, F
|poke|p2|Hippowdon, M
|poke|p2|Gengar, M
|poke|p2|Tyranitar, F
|rule|Swagger Clause: Swagger is banned
|rule|Baton Pass Clause: Limit one PokÃ©mon knowing Baton Pass
|rule|Sleep Clause Mod: Limit one foe put to sleep
|rule|Species Clause: Limit one of each PokÃ©mon
|rule|OHKO Clause: OHKO moves are banned
|rule|Moody Clause: Moody is banned
|rule|Evasion Moves Clause: Evasion moves are banned
|rule|Endless Battle Clause: Forcing endless battles is banned
|rule|HP Percentage Mod: HP is shown in percentages
|teampreview
|c|âCointreau|wait lemme get an album playing
|c|âCointreau|this is gonna take long
|
|start
|switch|p1a: Sableye|Sableye, M|303\/303
|switch|p2a: Keldeo-Resolute|Keldeo-Resolute|323\/323
|turn|1
|
|detailschange|p1a: Sableye|Sableye-Mega, M
|-mega|p1a: Sableye|Sableye|Sablenite
|move|p1a: Sableye|Will-O-Wisp|p2a: Keldeo-Resolute
|-status|p2a: Keldeo-Resolute|brn
|move|p2a: Keldeo-Resolute|Substitute|p2a: Keldeo-Resolute
|-start|p2a: Keldeo-Resolute|Substitute
|-damage|p2a: Keldeo-Resolute|243\/323 brn
|
|-heal|p2a: Keldeo-Resolute|263\/323 brn|[from] item: Leftovers
|-damage|p2a: Keldeo-Resolute|223\/323 brn|[from] brn
|turn|2
|
|switch|p1a: Cresselia|Cresselia, F|444\/444
|move|p2a: Keldeo-Resolute|Calm Mind|p2a: Keldeo-Resolute
|-boost|p2a: Keldeo-Resolute|spa|1
|-boost|p2a: Keldeo-Resolute|spd|1
|
|-heal|p2a: Keldeo-Resolute|243\/323 brn|[from] item: Leftovers
|-damage|p2a: Keldeo-Resolute|203\/323 brn|[from] brn
|turn|3
|
|move|p2a: Keldeo-Resolute|Scald|p1a: Cresselia
|-damage|p1a: Cresselia|315\/444
|move|p1a: Cresselia|Psyshock|p2a: Keldeo-Resolute
|-crit|p2a: Keldeo-Resolute
|-supereffective|p2a: Keldeo-Resolute
|-end|p2a: Keldeo-Resolute|Substitute
|
|-heal|p2a: Keldeo-Resolute|223\/323 brn|[from] item: Leftovers
|-heal|p1a: Cresselia|342\/444|[from] item: Leftovers
|-damage|p2a: Keldeo-Resolute|183\/323 brn|[from] brn
|turn|4
|
|move|p2a: Keldeo-Resolute|Scald|p1a: Cresselia
|-damage|p1a: Cresselia|216\/444
|move|p1a: Cresselia|Moonlight|p1a: Cresselia
|-heal|p1a: Cresselia|438\/444
|
|-heal|p2a: Keldeo-Resolute|203\/323 brn|[from] item: Leftovers
|-heal|p1a: Cresselia|444\/444|[from] item: Leftovers
|-damage|p2a: Keldeo-Resolute|163\/323 brn|[from] brn
|turn|5
|
|switch|p2a: Tyranitar|Tyranitar, F|343\/343
|-weather|Sandstorm
|move|p1a: Cresselia|Psyshock|p2a: Tyranitar
|-immune|p2a: Tyranitar|[msg]
|
|-weather|Sandstorm|[upkeep]
|-damage|p1a: Cresselia|417\/444|[from] sandstorm
|-heal|p1a: Cresselia|444\/444|[from] item: Leftovers
|turn|6
|
|move|p2a: Tyranitar|Pursuit|p1a: Cresselia
|-supereffective|p1a: Cresselia
|-damage|p1a: Cresselia|330\/444
|move|p1a: Cresselia|Toxic|p2a: Tyranitar
|-status|p2a: Tyranitar|tox
|
|-weather|Sandstorm|[upkeep]
|-damage|p1a: Cresselia|303\/444|[from] sandstorm
|-heal|p1a: Cresselia|330\/444|[from] item: Leftovers
|-damage|p2a: Tyranitar|322\/343 tox|[from] psn
|turn|7
|
|switch|p2a: Gengar|Gengar, M|269\/269
|move|p1a: Cresselia|Moonlight|p1a: Cresselia
|-heal|p1a: Cresselia|441\/444
|
|-weather|Sandstorm|[upkeep]
|-damage|p2a: Gengar|253\/269|[from] sandstorm
|-damage|p1a: Cresselia|414\/444|[from] sandstorm
|-heal|p2a: Gengar|269\/269|[from] item: Black Sludge
|-heal|p1a: Cresselia|441\/444|[from] item: Leftovers
|turn|8
|
|move|p2a: Gengar|Will-O-Wisp|p1a: Cresselia
|-status|p1a: Cresselia|brn
|move|p1a: Cresselia|Psyshock|p2a: Gengar
|-supereffective|p2a: Gengar
|-damage|p2a: Gengar|29\/269
|
|-weather|Sandstorm|[upkeep]
|-damage|p2a: Gengar|13\/269|[from] sandstorm
|-damage|p1a: Cresselia|414\/444 brn|[from] sandstorm
|-heal|p2a: Gengar|29\/269|[from] item: Black Sludge
|-heal|p1a: Cresselia|441\/444 brn|[from] item: Leftovers
|-damage|p1a: Cresselia|386\/444 brn|[from] brn
|turn|9
|
|switch|p1a: Chansey|Chansey, F|703\/703
|move|p2a: Gengar|Hex|p1a: Chansey
|-immune|p1a: Chansey|[msg]
|
|-weather|none
|-heal|p2a: Gengar|45\/269|[from] item: Black Sludge
|turn|10
|
|move|p2a: Gengar|Taunt|p1a: Chansey
|-start|p1a: Chansey|move: Taunt
|cant|p1a: Chansey|move: Taunt|Stealth Rock
|
|-heal|p2a: Gengar|61\/269|[from] item: Black Sludge
|turn|11
|
|switch|p1a: Sableye|Sableye-Mega, M|303\/303
|move|p2a: Gengar|Hex|p1a: Sableye
|-damage|p1a: Sableye|231\/303
|
|-heal|p2a: Gengar|77\/269|[from] item: Black Sludge
|turn|12
|
|move|p2a: Gengar|Sludge Wave|p1a: Sableye
|-resisted|p1a: Sableye
|-damage|p1a: Sableye|180\/303
|move|p1a: Sableye|Recover|p1a: Sableye
|-heal|p1a: Sableye|303\/303
|
|-heal|p2a: Gengar|93\/269|[from] item: Black Sludge
|turn|13
|c|âCointreau|choked so hard on turn 1 ]:
|c|âCointreau|didnt even know that worked like that
|
|move|p2a: Gengar|Sludge Wave|p1a: Sableye
|-resisted|p1a: Sableye
|-damage|p1a: Sableye|252\/303
|move|p1a: Sableye|Snarl|p2a: Gengar
|-supereffective|p2a: Gengar
|-damage|p2a: Gengar|0 fnt
|faint|p2a: Gengar
|
|
|switch|p2a: Latias|Latias, F|363\/363
|turn|14
|
|switch|p1a: Chansey|Chansey, F|703\/703
|detailschange|p2a: Latias|Latias-Mega, F
|-mega|p2a: Latias|Latias|Latiasite
|move|p2a: Latias|Substitute|p2a: Latias
|-start|p2a: Latias|Substitute
|-damage|p2a: Latias|273\/363
|
|turn|15
|
|move|p2a: Latias|Calm Mind|p2a: Latias
|-boost|p2a: Latias|spa|1
|-boost|p2a: Latias|spd|1
|move|p1a: Chansey|Seismic Toss|p2a: Latias
|-end|p2a: Latias|Substitute
|
|turn|16
|
|move|p2a: Latias|Calm Mind|p2a: Latias
|-boost|p2a: Latias|spa|1
|-boost|p2a: Latias|spd|1
|move|p1a: Chansey|Seismic Toss|p2a: Latias
|-damage|p2a: Latias|173\/363
|
|turn|17
|
|move|p2a: Latias|Substitute|p2a: Latias
|-start|p2a: Latias|Substitute
|-damage|p2a: Latias|83\/363
|move|p1a: Chansey|Seismic Toss|p2a: Latias
|-end|p2a: Latias|Substitute
|
|turn|18
|
|move|p2a: Latias|Roost|p2a: Latias
|-heal|p2a: Latias|265\/363
|move|p1a: Chansey|Seismic Toss|p2a: Latias
|-damage|p2a: Latias|165\/363
|
|turn|19
|
|move|p2a: Latias|Roost|p2a: Latias
|-heal|p2a: Latias|347\/363
|move|p1a: Chansey|Seismic Toss|p2a: Latias
|-damage|p2a: Latias|247\/363
|
|turn|20
|
|switch|p1a: Sableye|Sableye-Mega, M|252\/303
|move|p2a: Latias|Roost|p2a: Latias
|-heal|p2a: Latias|363\/363
|
|turn|21
|
|move|p2a: Latias|Calm Mind|p2a: Latias
|-boost|p2a: Latias|spa|1
|-boost|p2a: Latias|spd|1
|move|p1a: Sableye|Calm Mind|p1a: Sableye
|-boost|p1a: Sableye|spa|1
|-boost|p1a: Sableye|spd|1
|
|turn|22
|
|move|p2a: Latias|Substitute|p2a: Latias
|-start|p2a: Latias|Substitute
|-damage|p2a: Latias|273\/363
|move|p1a: Sableye|Calm Mind|p1a: Sableye
|-boost|p1a: Sableye|spa|1
|-boost|p1a: Sableye|spd|1
|
|turn|23
|
|move|p2a: Latias|Calm Mind|p2a: Latias
|-boost|p2a: Latias|spa|1
|-boost|p2a: Latias|spd|1
|move|p1a: Sableye|Calm Mind|p1a: Sableye
|-boost|p1a: Sableye|spa|1
|-boost|p1a: Sableye|spd|1
|
|turn|24
|
|move|p2a: Latias|Calm Mind|p2a: Latias
|-boost|p2a: Latias|spa|1
|-boost|p2a: Latias|spd|1
|move|p1a: Sableye|Calm Mind|p1a: Sableye
|-boost|p1a: Sableye|spa|1
|-boost|p1a: Sableye|spd|1
|
|turn|25
|
|move|p2a: Latias|Calm Mind|p2a: Latias
|-boost|p2a: Latias|spa|1
|-boost|p2a: Latias|spd|1
|move|p1a: Sableye|Calm Mind|p1a: Sableye
|-boost|p1a: Sableye|spa|1
|-boost|p1a: Sableye|spd|1
|
|turn|26
|
|move|p2a: Latias|Roost|p2a: Latias
|-heal|p2a: Latias|363\/363
|move|p1a: Sableye|Calm Mind|p1a: Sableye
|-boost|p1a: Sableye|spa|1
|-boost|p1a: Sableye|spd|1
|
|turn|27
|
|move|p2a: Latias|Calm Mind|p2a: Latias
|-fail|p2a: Latias
|move|p1a: Sableye|Recover|p1a: Sableye
|-heal|p1a: Sableye|303\/303
|
|turn|28
|
|move|p2a: Latias|Stored Power|p1a: Sableye
|-immune|p1a: Sableye|[msg]
|move|p1a: Sableye|Snarl|p2a: Latias
|-supereffective|p2a: Latias
|-damage|p2a: Latias|283\/363
|-unboost|p2a: Latias|spa|1
|
|turn|29
|
|move|p2a: Latias|Calm Mind|p2a: Latias
|-boost|p2a: Latias|spa|1
|move|p1a: Sableye|Snarl|p2a: Latias
|-supereffective|p2a: Latias
|-damage|p2a: Latias|199\/363
|-unboost|p2a: Latias|spa|1
|
|turn|30
|
|move|p2a: Latias|Roost|p2a: Latias
|-heal|p2a: Latias|363\/363
|move|p1a: Sableye|Snarl|p2a: Latias
|-supereffective|p2a: Latias
|-damage|p2a: Latias|283\/363
|-unboost|p2a: Latias|spa|1
|
|turn|31
|
|move|p2a: Latias|Calm Mind|p2a: Latias
|-boost|p2a: Latias|spa|1
|move|p1a: Sableye|Snarl|p2a: Latias
|-supereffective|p2a: Latias
|-damage|p2a: Latias|199\/363
|-unboost|p2a: Latias|spa|1
|
|turn|32
|
|move|p2a: Latias|Calm Mind|p2a: Latias
|-boost|p2a: Latias|spa|1
|move|p1a: Sableye|Snarl|p2a: Latias
|-supereffective|p2a: Latias
|-damage|p2a: Latias|113\/363
|-unboost|p2a: Latias|spa|1
|
|turn|33
|
|move|p2a: Latias|Roost|p2a: Latias
|-heal|p2a: Latias|295\/363
|move|p1a: Sableye|Snarl|p2a: Latias
|-supereffective|p2a: Latias
|-damage|p2a: Latias|221\/363
|-unboost|p2a: Latias|spa|1
|
|turn|34
|
|move|p2a: Latias|Roost|p2a: Latias
|-heal|p2a: Latias|363\/363
|move|p1a: Sableye|Snarl|p2a: Latias
|-supereffective|p2a: Latias
|-damage|p2a: Latias|283\/363
|-unboost|p2a: Latias|spa|1
|
|turn|35
|
|move|p2a: Latias|Calm Mind|p2a: Latias
|-boost|p2a: Latias|spa|1
|move|p1a: Sableye|Snarl|p2a: Latias
|-supereffective|p2a: Latias
|-damage|p2a: Latias|205\/363
|-unboost|p2a: Latias|spa|1
|
|turn|36
|
|move|p2a: Latias|Calm Mind|p2a: Latias
|-boost|p2a: Latias|spa|1
|move|p1a: Sableye|Snarl|p2a: Latias
|-supereffective|p2a: Latias
|-damage|p2a: Latias|125\/363
|-unboost|p2a: Latias|spa|1
|
|turn|37
|
|move|p2a: Latias|Calm Mind|p2a: Latias
|-boost|p2a: Latias|spa|1
|move|p1a: Sableye|Snarl|p2a: Latias
|-supereffective|p2a: Latias
|-damage|p2a: Latias|47\/363
|-unboost|p2a: Latias|spa|1
|
|turn|38
|
|move|p2a: Latias|Roost|p2a: Latias
|-heal|p2a: Latias|229\/363
|move|p1a: Sableye|Snarl|p2a: Latias
|-supereffective|p2a: Latias
|-damage|p2a: Latias|143\/363
|-unboost|p2a: Latias|spa|1
|
|turn|39
|
|move|p2a: Latias|Roost|p2a: Latias
|-heal|p2a: Latias|325\/363
|move|p1a: Sableye|Snarl|p2a: Latias
|-crit|p2a: Latias
|-supereffective|p2a: Latias
|-damage|p2a: Latias|0 fnt
|faint|p2a: Latias
|
|-message|Cointreau forfeited.
|
|win|CleanerThanRotom-W
|raw|Ladder updating...
|leave|Cointreau
|player|p2
|raw|CleanerThanRotom-W's rating: 1781 &rarr; <strong>1788<\/strong><br \/>(+7 for winning)
|raw|Cointreau's rating: 1495 &rarr; <strong>1489<\/strong><br \/>(-6 for losing)