|join|CleanerThanRotom-W
|join|ShinMarko
|player|p1|CleanerThanRotom-W|226
|player|p2|ShinMarko|290
|gametype|singles
|gen|6
|tier|OU
|rated
|clearpoke
|poke|p1|Sableye, F
|poke|p1|Chansey, F
|poke|p1|Cresselia, F
|poke|p1|Gothitelle, F
|poke|p1|Skarmory, M
|poke|p1|Quagsire, M
|poke|p2|Ferrothorn, M
|poke|p2|Mew, shiny
|poke|p2|Landorus-Therian, M
|poke|p2|Talonflame, M
|poke|p2|Latios, M
|poke|p2|Gyarados, F
|rule|Swagger Clause: Swagger is banned
|rule|Baton Pass Clause: Limit one PokÃ©mon knowing Baton Pass
|rule|Sleep Clause Mod: Limit one foe put to sleep
|rule|Species Clause: Limit one of each PokÃ©mon
|rule|OHKO Clause: OHKO moves are banned
|rule|Moody Clause: Moody is banned
|rule|Evasion Moves Clause: Evasion moves are banned
|rule|Endless Battle Clause: Forcing endless battles is banned
|rule|HP Percentage Mod: HP is shown in percentages
|teampreview
|
|start
|switch|p1a: Sableye|Sableye, F|303\/303
|switch|p2a: Landorus-Therian|Landorus-Therian, M|319\/319
|-ability|p2a: Landorus-Therian|Intimidate|[of] p1a: Sableye
|-unboost|p1a: Sableye|atk|1
|turn|1
|
|switch|p2a: Talonflame|Talonflame, M|297\/297
|detailschange|p1a: Sableye|Sableye-Mega, F
|-mega|p1a: Sableye|Sableye|Sablenite
|move|p1a: Sableye|Will-O-Wisp|p2a: Talonflame
|-fail|p2a: Talonflame
|
|turn|2
|join|Alvok
|c| Alvok|ah ctrw to reclaim his #1
|
|move|p2a: Talonflame|Brave Bird|p1a: Sableye
|-damage|p1a: Sableye|134\/303
|-damage|p2a: Talonflame|241\/297|[from] recoil|[of] p1a: Sableye
|move|p1a: Sableye|Recover|p1a: Sableye
|-heal|p1a: Sableye|286\/303
|
|turn|3
|
|switch|p1a: Chansey|Chansey, F|703\/703
|move|p2a: Talonflame|Swords Dance|p2a: Talonflame
|-boost|p2a: Talonflame|atk|2
|
|turn|4
|
|switch|p1a: Quagsire|Quagsire, M|393\/393
|move|p2a: Talonflame|Swords Dance|p2a: Talonflame
|-boost|p2a: Talonflame|atk|2
|
|turn|5
|
|switch|p2a: Mew|Mew, shiny|404\/404
|move|p1a: Quagsire|Toxic|p2a: Mew
|-status|p2a: Mew|tox
|-status|p1a: Quagsire|tox
|
|-damage|p2a: Mew|379\/404 tox|[from] psn
|-damage|p1a: Quagsire|369\/393 tox|[from] psn
|turn|6
|
|switch|p1a: Sableye|Sableye-Mega, F|286\/303
|move|p2a: Mew|Knock Off|p1a: Sableye
|-damage|p1a: Sableye|247\/303
|
|-heal|p2a: Mew|404\/404 tox|[from] item: Leftovers
|-damage|p2a: Mew|354\/404 tox|[from] psn
|turn|7
|
|switch|p2a: Talonflame|Talonflame, M|241\/297
|move|p1a: Sableye|Snarl|p2a: Talonflame
|-damage|p2a: Talonflame|163\/297
|-unboost|p2a: Talonflame|spa|1
|
|turn|8
|
|switch|p1a: Chansey|Chansey, F|703\/703
|move|p2a: Talonflame|Roost|p2a: Talonflame
|-heal|p2a: Talonflame|297\/297
|
|turn|9
|
|switch|p2a: Mew|Mew, shiny|354\/404 tox
|move|p1a: Chansey|Heal Bell|p1a: Chansey
|-cureteam|p1a: Chansey|[from] move: HealBell
|
|-heal|p2a: Mew|379\/404 tox|[from] item: Leftovers
|-damage|p2a: Mew|354\/404 tox|[from] psn
|turn|10
|
|switch|p2a: Talonflame|Talonflame, M|297\/297
|switch|p1a: Sableye|Sableye-Mega, F|247\/303
|
|turn|11
|
|switch|p1a: Chansey|Chansey, F|703\/703
|move|p2a: Talonflame|Swords Dance|p2a: Talonflame
|-boost|p2a: Talonflame|atk|2
|
|turn|12
|join|JohnxYiu
|
|move|p2a: Talonflame|Brave Bird|p1a: Chansey
|-damage|p1a: Chansey|151\/703
|-damage|p2a: Talonflame|115\/297|[from] recoil|[of] p1a: Chansey
|move|p1a: Chansey|Stealth Rock|p2a: Talonflame
|-sidestart|p2: ShinMarko|move: Stealth Rock
|
|turn|13
|
|switch|p1a: Quagsire|Quagsire, M|369\/393
|move|p2a: Talonflame|Roost|p2a: Talonflame
|-heal|p2a: Talonflame|264\/297
|
|-heal|p1a: Quagsire|393\/393|[from] item: Leftovers
|turn|14
|
|switch|p2a: Latios|Latios, M|301\/301
|-damage|p2a: Latios|264\/301|[from] Stealth Rock
|move|p1a: Quagsire|Toxic|p2a: Latios|[miss]
|-miss|p1a: Quagsire|p2a: Latios
|
|turn|15
|
|switch|p1a: Cresselia|Cresselia, F|444\/444
|move|p2a: Latios|Defog|p1a: Cresselia
|-unboost|p1a: Cresselia|evasion|1
|-sideend|p2: ShinMarko|Stealth Rock|[from] move: Defog|[of] p2a: Latios
|
|turn|16
|
|switch|p2a: Ferrothorn|Ferrothorn, M|352\/352
|move|p1a: Cresselia|Toxic|p2a: Ferrothorn
|-fail|p2a: Ferrothorn
|
|turn|17
|
|switch|p1a: Sableye|Sableye-Mega, F|247\/303
|move|p2a: Ferrothorn|Stealth Rock|p1a: Sableye
|move|p1a: Sableye|Stealth Rock|p2a: Ferrothorn|[from]Magic Bounce
|-sidestart|p2: ShinMarko|move: Stealth Rock
|
|turn|18
|
|move|p1a: Sableye|Snarl|p2a: Ferrothorn
|-damage|p2a: Ferrothorn|309\/352
|-unboost|p2a: Ferrothorn|spa|1
|move|p2a: Ferrothorn|Gyro Ball|p1a: Sableye
|-damage|p1a: Sableye|205\/303
|
|-heal|p2a: Ferrothorn|331\/352|[from] item: Leftovers
|turn|19
|
|switch|p2a: Latios|Latios, M|264\/301
|-damage|p2a: Latios|227\/301|[from] Stealth Rock
|move|p1a: Sableye|Recover|p1a: Sableye
|-heal|p1a: Sableye|303\/303
|
|turn|20
|
|move|p2a: Latios|Defog|p1a: Sableye
|move|p1a: Sableye|Defog|p2a: Latios|[from]Magic Bounce
|-unboost|p2a: Latios|evasion|1
|-sideend|p2: ShinMarko|Stealth Rock|[from] move: Defog|[of] p2a: Latios
|move|p1a: Sableye|Snarl|p2a: Latios
|-supereffective|p2a: Latios
|-damage|p2a: Latios|117\/301
|-unboost|p2a: Latios|spa|1
|
|turn|21
|
|switch|p2a: Talonflame|Talonflame, M|264\/297
|move|p1a: Sableye|Snarl|p2a: Talonflame
|-damage|p2a: Talonflame|186\/297
|-unboost|p2a: Talonflame|spa|1
|
|turn|22
|
|switch|p1a: Quagsire|Quagsire, M|393\/393
|move|p2a: Talonflame|Swords Dance|p2a: Talonflame
|-boost|p2a: Talonflame|atk|2
|
|turn|23
|join|fuck fake friends
|
|switch|p2a: Ferrothorn|Ferrothorn, M|331\/352
|move|p1a: Quagsire|Scald|p2a: Ferrothorn
|-resisted|p2a: Ferrothorn
|-damage|p2a: Ferrothorn|304\/352
|
|-heal|p2a: Ferrothorn|326\/352|[from] item: Leftovers
|turn|24
|
|switch|p1a: Sableye|Sableye-Mega, F|303\/303
|move|p2a: Ferrothorn|Leech Seed|p1a: Sableye
|move|p1a: Sableye|Leech Seed|p2a: Ferrothorn|[from]Magic Bounce
|-immune|p2a: Ferrothorn|[msg]
|
|-heal|p2a: Ferrothorn|348\/352|[from] item: Leftovers
|turn|25
|
|move|p2a: Ferrothorn|Protect|p2a: Ferrothorn
|-singleturn|p2a: Ferrothorn|Protect
|move|p1a: Sableye|Will-O-Wisp|p2a: Ferrothorn
|-activate|p2a: Ferrothorn|Protect
|
|-heal|p2a: Ferrothorn|352\/352|[from] item: Leftovers
|turn|26
|c| fuck fake friends|why is this subzero guy above u
|c| fuck fake friends|cmon dude
|c| fuck fake friends|that depresses me
|
|switch|p2a: Talonflame|Talonflame, M|186\/297
|move|p1a: Sableye|Will-O-Wisp|p2a: Talonflame
|-fail|p2a: Talonflame
|
|turn|27
|
|switch|p1a: Quagsire|Quagsire, M|393\/393
|move|p2a: Talonflame|Roost|p2a: Talonflame
|-heal|p2a: Talonflame|297\/297
|
|turn|28
|
|switch|p2a: Ferrothorn|Ferrothorn, M|352\/352
|move|p1a: Quagsire|Scald|p2a: Ferrothorn
|-resisted|p2a: Ferrothorn
|-damage|p2a: Ferrothorn|327\/352
|
|-heal|p2a: Ferrothorn|349\/352|[from] item: Leftovers
|turn|29
|
|switch|p1a: Sableye|Sableye-Mega, F|303\/303
|switch|p2a: Gyarados|Gyarados, F|331\/331
|-ability|p2a: Gyarados|Intimidate|[of] p1a: Sableye
|-unboost|p1a: Sableye|atk|1
|
|turn|30
|
|detailschange|p2a: Gyarados|Gyarados-Mega, F
|-mega|p2a: Gyarados|Gyarados|Gyaradosite
|-ability|p2a: Gyarados|Mold Breaker
|move|p2a: Gyarados|Substitute|p2a: Gyarados
|-start|p2a: Gyarados|Substitute
|-damage|p2a: Gyarados|249\/331
|move|p1a: Sableye|Will-O-Wisp|p2a: Gyarados
|
|turn|31
|
|switch|p1a: Cresselia|Cresselia, F|444\/444
|move|p2a: Gyarados|Dragon Dance|p2a: Gyarados
|-boost|p2a: Gyarados|atk|1
|-boost|p2a: Gyarados|spe|1
|
|turn|32
|
|move|p2a: Gyarados|Waterfall|p1a: Cresselia
|-damage|p1a: Cresselia|228\/444
|move|p1a: Cresselia|Skill Swap|p2a: Gyarados
|-activate|p1a: Cresselia|move: Skill Swap|Mold Breaker|Levitate|[of] p2a: Gyarados
|-ability|p1a: Cresselia|Mold Breaker
|
|-heal|p1a: Cresselia|255\/444|[from] item: Leftovers
|turn|33
|
|move|p2a: Gyarados|Dragon Dance|p2a: Gyarados
|-boost|p2a: Gyarados|atk|1
|-boost|p2a: Gyarados|spe|1
|move|p1a: Cresselia|Moonlight|p1a: Cresselia
|-heal|p1a: Cresselia|444\/444
|
|turn|34
|c| Alvok|where was the crunch mang
|c| JohnxYiu|zzz
|
|switch|p1a: Quagsire|Quagsire, M|393\/393
|move|p2a: Gyarados|Waterfall|p1a: Quagsire
|-damage|p1a: Quagsire|255\/393
|
|-heal|p1a: Quagsire|279\/393|[from] item: Leftovers
|turn|35
|c| JohnxYiu|dont tell me u got no crunch
|c| fuck fake friends|why should he crunch rn
|
|move|p2a: Gyarados|Waterfall|p1a: Quagsire
|-damage|p1a: Quagsire|134\/393
|move|p1a: Quagsire|Recover|p1a: Quagsire
|-heal|p1a: Quagsire|331\/393
|
|-heal|p1a: Quagsire|355\/393|[from] item: Leftovers
|turn|36
|c| Alvok|a sub dd gyara with crunch waterfall 6-0's that team
|c| Alvok|he should had crunched on cres
|c| fuck fake friends|ah
|
|move|p2a: Gyarados|Waterfall|p1a: Quagsire
|-damage|p1a: Quagsire|199\/393
|cant|p1a: Quagsire|flinch
|
|-heal|p1a: Quagsire|223\/393|[from] item: Leftovers
|turn|37
|c| Alvok|once he loses that skillswap duck, the next time he gets to set up, he wins immediately
|c| fuck fake friends|one more
|join|ZanbakuuReqs
|
|move|p2a: Gyarados|Waterfall|p1a: Quagsire
|-damage|p1a: Quagsire|75\/393
|move|p1a: Quagsire|Recover|p1a: Quagsire
|-heal|p1a: Quagsire|272\/393
|
|-heal|p1a: Quagsire|296\/393|[from] item: Leftovers
|turn|38
|
|move|p2a: Gyarados|Waterfall|p1a: Quagsire
|-damage|p1a: Quagsire|157\/393
|move|p1a: Quagsire|Recover|p1a: Quagsire
|-heal|p1a: Quagsire|354\/393
|
|-heal|p1a: Quagsire|378\/393|[from] item: Leftovers
|turn|39
|c| fuck fake friends|2more
|c| fuck fake friends|500 more
|c| JohnxYiu|ah
|
|move|p2a: Gyarados|Waterfall|p1a: Quagsire
|-damage|p1a: Quagsire|239\/393
|move|p1a: Quagsire|Scald|p2a: Gyarados
|-resisted|p2a: Gyarados
|-activate|p2a: Gyarados|Substitute|[damage]
|
|-heal|p1a: Quagsire|263\/393|[from] item: Leftovers
|turn|40
|c| JohnxYiu|actually
|c| JohnxYiu|he can still stall out the recover ;_;
|join|bluri
|
|move|p2a: Gyarados|Waterfall|p1a: Quagsire
|-damage|p1a: Quagsire|125\/393
|cant|p1a: Quagsire|flinch
|
|-heal|p1a: Quagsire|149\/393|[from] item: Leftovers
|turn|41
|c| Alvok|or do that
|
|move|p2a: Gyarados|Waterfall|p1a: Quagsire
|-damage|p1a: Quagsire|4\/393
|move|p1a: Quagsire|Recover|p1a: Quagsire
|-heal|p1a: Quagsire|201\/393
|
|-heal|p1a: Quagsire|225\/393|[from] item: Leftovers
|turn|42
|
|move|p2a: Gyarados|Waterfall|p1a: Quagsire
|-damage|p1a: Quagsire|87\/393
|move|p1a: Quagsire|Recover|p1a: Quagsire
|-heal|p1a: Quagsire|284\/393
|
|-heal|p1a: Quagsire|308\/393|[from] item: Leftovers
|turn|43
|leave|ZanbakuuReqs
|
|move|p2a: Gyarados|Waterfall|p1a: Quagsire
|-damage|p1a: Quagsire|167\/393
|move|p1a: Quagsire|Recover|p1a: Quagsire
|-heal|p1a: Quagsire|364\/393
|
|-heal|p1a: Quagsire|388\/393|[from] item: Leftovers
|turn|44
|c|âCleanerThanRotom-W|dt waterfall
|
|move|p2a: Gyarados|Earthquake|p1a: Quagsire
|-damage|p1a: Quagsire|270\/393
|move|p1a: Quagsire|Scald|p2a: Gyarados
|-resisted|p2a: Gyarados
|-activate|p2a: Gyarados|Substitute|[damage]
|
|-heal|p1a: Quagsire|294\/393|[from] item: Leftovers
|turn|45
|c| JohnxYiu|24pp
|c| JohnxYiu|why eq
|c| JohnxYiu|:(
|
|move|p2a: Gyarados|Earthquake|p1a: Quagsire
|-damage|p1a: Quagsire|182\/393
|move|p1a: Quagsire|Recover|p1a: Quagsire
|-heal|p1a: Quagsire|379\/393
|
|-heal|p1a: Quagsire|393\/393|[from] item: Leftovers
|turn|46
|c| JohnxYiu|bad move
|
|move|p2a: Gyarados|Earthquake|p1a: Quagsire
|-damage|p1a: Quagsire|267\/393
|move|p1a: Quagsire|Scald|p2a: Gyarados
|-crit|p2a: Gyarados
|-resisted|p2a: Gyarados
|-end|p2a: Gyarados|Substitute
|
|-heal|p1a: Quagsire|291\/393|[from] item: Leftovers
|turn|47
|
|move|p2a: Gyarados|Substitute|p2a: Gyarados
|-start|p2a: Gyarados|Substitute
|-damage|p2a: Gyarados|167\/331
|move|p1a: Quagsire|Recover|p1a: Quagsire
|-heal|p1a: Quagsire|393\/393
|
|turn|48
|c| JohnxYiu|crunch can still KO rotomW
|
|move|p2a: Gyarados|Earthquake|p1a: Quagsire
|-crit|p1a: Quagsire
|-damage|p1a: Quagsire|216\/393
|move|p1a: Quagsire|Scald|p2a: Gyarados
|-resisted|p2a: Gyarados
|-activate|p2a: Gyarados|Substitute|[damage]
|
|-heal|p1a: Quagsire|240\/393|[from] item: Leftovers
|turn|49
|c| JohnxYiu|dont understand the eq
|
|move|p2a: Gyarados|Waterfall|p1a: Quagsire
|-damage|p1a: Quagsire|107\/393
|move|p1a: Quagsire|Recover|p1a: Quagsire
|-heal|p1a: Quagsire|304\/393
|
|-heal|p1a: Quagsire|328\/393|[from] item: Leftovers
|turn|50
|c| bluri|Was scared 2 face Heatran lol
|c| JohnxYiu|lol
|c| Alvok|errr
|
|move|p2a: Gyarados|Earthquake|p1a: Quagsire
|-damage|p1a: Quagsire|219\/393
|move|p1a: Quagsire|Recover|p1a: Quagsire
|-heal|p1a: Quagsire|393\/393
|
|turn|51
|join|NagariNewMeta
|c| Alvok|waterfall is a thing
|c| Alvok|whats heatran lol
|c| NagariNewMeta|oml
|c| JohnxYiu|shhh
|c| JohnxYiu|he doesnt know that!
|c| NagariNewMeta|btw
|c| JohnxYiu|just shh
|c| NagariNewMeta|if you beat rotom
|c| NagariNewMeta|run taunt serperior
|
|move|p2a: Gyarados|Earthquake|p1a: Quagsire
|-damage|p1a: Quagsire|270\/393
|move|p1a: Quagsire|Scald|p2a: Gyarados
|-resisted|p2a: Gyarados
|-activate|p2a: Gyarados|Substitute|[damage]
|
|-heal|p1a: Quagsire|294\/393|[from] item: Leftovers
|turn|52
|join|kloshitt
|
|move|p2a: Gyarados|Waterfall|p1a: Quagsire
|-damage|p1a: Quagsire|143\/393
|move|p1a: Quagsire|Recover|p1a: Quagsire
|-heal|p1a: Quagsire|340\/393
|
|-heal|p1a: Quagsire|364\/393|[from] item: Leftovers
|turn|53
|c| bluri|Tzzz did some1 said rotom-w and beat in one sentence?!
|c| bluri|Rotom
|c| bluri|is unstopable
|
|move|p2a: Gyarados|Earthquake|p1a: Quagsire
|-damage|p1a: Quagsire|248\/393
|move|p1a: Quagsire|Scald|p2a: Gyarados
|-resisted|p2a: Gyarados
|-activate|p2a: Gyarados|Substitute|[damage]
|
|-heal|p1a: Quagsire|272\/393|[from] item: Leftovers
|turn|54
|c| bluri|untouchable
|c| bluri|unbeatable
|c| kloshitt|blurii der boaz
|
|move|p2a: Gyarados|Waterfall|p1a: Quagsire
|-damage|p1a: Quagsire|122\/393
|move|p1a: Quagsire|Recover|p1a: Quagsire
|-heal|p1a: Quagsire|319\/393
|
|-heal|p1a: Quagsire|343\/393|[from] item: Leftovers
|turn|55
|c| Alvok|tell that to celebi
|c| JohnxYiu|lol
|
|move|p2a: Gyarados|Earthquake|p1a: Quagsire
|-damage|p1a: Quagsire|214\/393
|move|p1a: Quagsire|Scald|p2a: Gyarados
|-resisted|p2a: Gyarados
|-end|p2a: Gyarados|Substitute
|
|-heal|p1a: Quagsire|238\/393|[from] item: Leftovers
|turn|56
|
|move|p2a: Gyarados|Substitute|p2a: Gyarados
|-start|p2a: Gyarados|Substitute
|-damage|p2a: Gyarados|85\/331
|move|p1a: Quagsire|Recover|p1a: Quagsire
|-heal|p1a: Quagsire|393\/393
|
|turn|57
|c| Alvok|why does this gyara
|c| bluri|dont run crunch?
|c| JohnxYiu|he threw this game away
|c| Alvok|not just switch out, get in again freely with 76% hp and kill that duck
|c| JohnxYiu|pls just forfeit
|
|move|p2a: Gyarados|Waterfall|p1a: Quagsire
|-damage|p1a: Quagsire|248\/393
|move|p1a: Quagsire|Scald|p2a: Gyarados
|-resisted|p2a: Gyarados
|-activate|p2a: Gyarados|Substitute|[damage]
|
|-heal|p1a: Quagsire|272\/393|[from] item: Leftovers
|turn|58
|
|move|p2a: Gyarados|Waterfall|p1a: Quagsire
|-damage|p1a: Quagsire|119\/393
|move|p1a: Quagsire|Recover|p1a: Quagsire
|-heal|p1a: Quagsire|316\/393
|
|-heal|p1a: Quagsire|340\/393|[from] item: Leftovers
|turn|59
|c| NagariNewMeta|crunch wud've beat quag and swept here
|c| bluri|**HAIL CLEANERTHAN-ROTOM-W**
|c| NagariNewMeta|actually
|c| NagariNewMeta|depends on the skarm set
|c| JohnxYiu|we all know
|
|move|p2a: Gyarados|Earthquake|p1a: Quagsire
|-damage|p1a: Quagsire|222\/393
|move|p1a: Quagsire|Scald|p2a: Gyarados
|-resisted|p2a: Gyarados
|-activate|p2a: Gyarados|Substitute|[damage]
|
|-heal|p1a: Quagsire|246\/393|[from] item: Leftovers
|turn|60
|c| Alvok|he would had won if he had crunch and killed the cress without getting skill swapped
|c| bluri|Y
|
|move|p2a: Gyarados|Waterfall|p1a: Quagsire
|-damage|p1a: Quagsire|96\/393
|move|p1a: Quagsire|Recover|p1a: Quagsire
|-heal|p1a: Quagsire|293\/393
|
|-heal|p1a: Quagsire|317\/393|[from] item: Leftovers
|turn|61
|c| bluri|Y
|c| bluri|y
|c| JohnxYiu|true
|join|Erzkrieger
|
|move|p2a: Gyarados|Waterfall|p1a: Quagsire
|-damage|p1a: Quagsire|182\/393
|move|p1a: Quagsire|Scald|p2a: Gyarados
|-resisted|p2a: Gyarados
|-activate|p2a: Gyarados|Substitute|[damage]
|
|-heal|p1a: Quagsire|206\/393|[from] item: Leftovers
|turn|62
|c| JohnxYiu|ultimate threat to sableye stall
|c| bluri|CleanerThanRotom-w iÂ´m a big fan
|c| bluri|pls teach me
|c|âCleanerThanRotom-W|thx
|c| JohnxYiu|but thats how u ruin this
|c| Erzkrieger|me 2 xD
|c| NagariNewMeta|can he get flinched?!
|
|move|p2a: Gyarados|Waterfall|p1a: Quagsire
|-damage|p1a: Quagsire|71\/393
|cant|p1a: Quagsire|flinch
|
|-heal|p1a: Quagsire|95\/393|[from] item: Leftovers
|turn|63
|c| Erzkrieger|hey bluri ;)
|c| JohnxYiu|lol
|c| bluri|Cosine told me
|c| bluri|uÂ´ll ghost me
|c| NagariNewMeta|finally
|c| bluri|for OST
|c| bluri|yn
|c| JohnxYiu|finally but
|c| bluri|hey erzkrieger :D
|
|move|p2a: Gyarados|Waterfall|p1a: Quagsire
|-damage|p1a: Quagsire|0 fnt
|faint|p1a: Quagsire
|
|c| JohnxYiu|how many waterfall left
|c| NagariNewMeta|lol
|
|switch|p1a: Skarmory|Skarmory, M|334\/334
|turn|64
|c| JohnxYiu|zz
|c| Alvok|he doesnt need gyara anymore
|c| NagariNewMeta|just seeing quag die makes me feel good anyways
|c| Alvok|stallbreaking tflame
|
|move|p2a: Gyarados|Waterfall|p1a: Skarmory
|-damage|p1a: Skarmory|139\/334
|move|p1a: Skarmory|Counter|p2a: Gyarados
|-end|p2a: Gyarados|Substitute
|
|turn|65
|c| JohnxYiu|ez whirwind
|c| bluri|Active the flinch button again
|c| Alvok|SD roost tflame is here
|
|switch|p1a: Sableye|Sableye-Mega, F|303\/303
|move|p2a: Gyarados|Waterfall|p1a: Sableye
|-damage|p1a: Sableye|18\/303
|
|turn|66
|c| NagariNewMeta|broken stall beautiful
|
|move|p2a: Gyarados|Earthquake|p1a: Sableye
|-damage|p1a: Sableye|0 fnt
|faint|p1a: Sableye
|
|
|switch|p1a: Cresselia|Cresselia, F|444\/444
|turn|67
|
|move|p2a: Gyarados|Waterfall|p1a: Cresselia
|-damage|p1a: Cresselia|137\/444
|move|p1a: Cresselia|Toxic|p2a: Gyarados|[miss]
|-miss|p1a: Cresselia|p2a: Gyarados
|
|-heal|p1a: Cresselia|164\/444|[from] item: Leftovers
|turn|68
|-message|CleanerThanRotom-W forfeited.
|c| bluri|Oml
|leave|CleanerThanRotom-W
|c| bluri|Skillplayer
|
|win|ShinMarko
|raw|Ladder updating...
|player|p1
|leave|loverss gotta love
|raw|CleanerThanRotom-W's rating: 1871 &rarr; <strong>1839<\/strong><br \/>(-32 for losing)
|raw|ShinMarko's rating: 1634 &rarr; <strong>1666<\/strong><br \/>(+32 for winning)
|c| NagariNewMeta|lol
|c| Alvok|-32
|c| Alvok|rip
|c| NagariNewMeta|wow
|c| JohnxYiu|rip
|c| NagariNewMeta|YES
|leave|Erzkrieger
|c| NagariNewMeta|stall is not #1
|c| bluri|Noobs gets undeserved Points
|c| bluri|RIP