|join|CleanerThanRotom-W
|join|aj14
|player|p1|CleanerThanRotom-W|226
|player|p2|aj14|70
|gametype|singles
|gen|6
|tier|OU
|rated
|clearpoke
|poke|p1|Sableye, F
|poke|p1|Chansey, F
|poke|p1|Cresselia, F
|poke|p1|Gothitelle, F
|poke|p1|Skarmory, F
|poke|p1|Quagsire, M
|poke|p2|Manaphy
|poke|p2|Slowbro, M
|poke|p2|Landorus-Therian, M
|poke|p2|Raikou
|poke|p2|Ferrothorn, F
|poke|p2|Breloom, F
|rule|Swagger Clause: Swagger is banned
|rule|Baton Pass Clause: Limit one PokÃ©mon knowing Baton Pass
|rule|Sleep Clause Mod: Limit one foe put to sleep
|rule|Species Clause: Limit one of each PokÃ©mon
|rule|OHKO Clause: OHKO moves are banned
|rule|Moody Clause: Moody is banned
|rule|Evasion Moves Clause: Evasion moves are banned
|rule|Endless Battle Clause: Forcing endless battles is banned
|rule|HP Percentage Mod: HP is shown in percentages
|teampreview
|
|start
|switch|p1a: Sableye|Sableye, F|303\/303
|switch|p2a: Manaphy|Manaphy|401\/401
|turn|1
|
|switch|p1a: Gothitelle|Gothitelle, F|301\/301
|move|p2a: Manaphy|Tail Glow|p2a: Manaphy
|-boost|p2a: Manaphy|spa|3
|
|turn|2
|
|move|p1a: Gothitelle|Trick|p2a: Manaphy
|-activate|p1a: Gothitelle|move: Trick|[of] p2a: Manaphy
|-item|p2a: Manaphy|Choice Scarf|[from] move: Trick
|-item|p1a: Gothitelle|Leftovers|[from] move: Trick
|move|p2a: Manaphy|Scald|p1a: Gothitelle
|-damage|p1a: Gothitelle|21\/301
|-status|p1a: Gothitelle|brn
|
|-heal|p1a: Gothitelle|39\/301 brn|[from] item: Leftovers
|-damage|p1a: Gothitelle|2\/301 brn|[from] brn
|turn|3
|
|move|p2a: Manaphy|Scald|p1a: Gothitelle
|-damage|p1a: Gothitelle|0 fnt
|faint|p1a: Gothitelle
|
|
|switch|p1a: Quagsire|Quagsire, M|393\/393
|turn|4
|
|move|p2a: Manaphy|Scald|p1a: Quagsire
|-damage|p1a: Quagsire|225\/393
|-status|p1a: Quagsire|brn
|move|p1a: Quagsire|Toxic|p2a: Manaphy
|-status|p2a: Manaphy|tox
|
|-heal|p1a: Quagsire|249\/393 brn|[from] item: Leftovers
|-damage|p2a: Manaphy|376\/401 tox|[from] psn
|-damage|p1a: Quagsire|200\/393 brn|[from] brn
|turn|5
|
|switch|p2a: Ferrothorn|Ferrothorn, F|352\/352
|switch|p1a: Chansey|Chansey, F|703\/703
|
|turn|6
|
|switch|p1a: Sableye|Sableye, F|303\/303
|move|p2a: Ferrothorn|Stealth Rock|p1a: Sableye
|-sidestart|p1: CleanerThanRotom-W|move: Stealth Rock
|
|turn|7
|
|switch|p2a: Slowbro|Slowbro, M|394\/394
|detailschange|p1a: Sableye|Sableye-Mega, F
|-mega|p1a: Sableye|Sableye|Sablenite
|move|p1a: Sableye|Snarl|p2a: Slowbro
|-supereffective|p2a: Slowbro
|-damage|p2a: Slowbro|256\/394
|-unboost|p2a: Slowbro|spa|1
|
|turn|8
|
|switch|p2a: Manaphy|Manaphy|376\/401 tox
|switch|p1a: Skarmory|Skarmory, F|334\/334
|-damage|p1a: Skarmory|293\/334|[from] Stealth Rock
|
|-damage|p2a: Manaphy|351\/401 tox|[from] psn
|turn|9
|
|move|p2a: Manaphy|Scald|p1a: Skarmory
|-damage|p1a: Skarmory|140\/334
|move|p1a: Skarmory|Defog|p2a: Manaphy
|-unboost|p2a: Manaphy|evasion|1
|-sideend|p1: CleanerThanRotom-W|Stealth Rock|[from] move: Defog|[of] p1a: Skarmory
|
|-damage|p2a: Manaphy|301\/401 tox|[from] psn
|turn|10
|
|switch|p2a: Breloom|Breloom, F|261\/261
|switch|p1a: Chansey|Chansey, F|703\/703
|
|turn|11
|
|move|p2a: Breloom|Swords Dance|p2a: Breloom
|-boost|p2a: Breloom|atk|2
|move|p1a: Chansey|Seismic Toss|p2a: Breloom
|-damage|p2a: Breloom|161\/261
|
|turn|12
|
|switch|p1a: Quagsire|Quagsire, M|200\/393 brn
|move|p2a: Breloom|Force Palm|p1a: Quagsire
|-damage|p1a: Quagsire|47\/393 brn
|-damage|p2a: Breloom|135\/261|[from] item: Life Orb
|
|-heal|p1a: Quagsire|71\/393 brn|[from] item: Leftovers
|-damage|p1a: Quagsire|22\/393 brn|[from] brn
|turn|13
|
|move|p2a: Breloom|Force Palm|p1a: Quagsire
|-damage|p1a: Quagsire|0 fnt
|-damage|p2a: Breloom|109\/261|[from] item: Life Orb
|faint|p1a: Quagsire
|
|
|switch|p1a: Cresselia|Cresselia, F|444\/444
|turn|14
|
|move|p2a: Breloom|Bullet Seed|p1a: Cresselia
|-crit|p1a: Cresselia
|-damage|p1a: Cresselia|237\/444
|-damage|p1a: Cresselia|108\/444
|-damage|p1a: Cresselia|0 fnt
|-hitcount|p1a: Cresselia|3
|-damage|p2a: Breloom|83\/261|[from] item: Life Orb
|faint|p1a: Cresselia
|
|c|âCleanerThanRotom-W|kkk
|
|switch|p1a: Skarmory|Skarmory, F|140\/334
|turn|15
|
|move|p2a: Breloom|Force Palm|p1a: Skarmory
|-damage|p1a: Skarmory|0 fnt
|-damage|p2a: Breloom|57\/261|[from] item: Life Orb
|faint|p1a: Skarmory
|
|
|switch|p1a: Sableye|Sableye-Mega, F|303\/303
|turn|16
|
|move|p2a: Breloom|Bullet Seed|p1a: Sableye
|-damage|p1a: Sableye|155\/303
|-damage|p1a: Sableye|22\/303
|-hitcount|p1a: Sableye|2
|-damage|p2a: Breloom|31\/261|[from] item: Life Orb
|move|p1a: Sableye|Snarl|p2a: Breloom
|-resisted|p2a: Breloom
|-damage|p2a: Breloom|0 fnt
|faint|p2a: Breloom
|
|c|âCleanerThanRotom-W|amazing hax, win earned for sure
|
|switch|p2a: zzzzzz|Landorus-Therian, M|319\/319
|-ability|p2a: zzzzzz|Intimidate|[of] p1a: Sableye
|-unboost|p1a: Sableye|atk|1
|turn|17
|
|switch|p1a: Chansey|Chansey, F|703\/703
|move|p2a: zzzzzz|Knock Off|p1a: Chansey
|-damage|p1a: Chansey|523\/703
|-enditem|p1a: Chansey|Eviolite|[from] move: Knock Off|[of] p2a: zzzzzz
|
|turn|18
|
|switch|p2a: Ferrothorn|Ferrothorn, F|352\/352
|switch|p1a: Sableye|Sableye-Mega, F|22\/303
|
|turn|19
|
|switch|p2a: Manaphy|Manaphy|301\/401 tox
|move|p1a: Sableye|Recover|p1a: Sableye
|-heal|p1a: Sableye|174\/303
|
|-damage|p2a: Manaphy|276\/401 tox|[from] psn
|turn|20
|
|move|p2a: Manaphy|Scald|p1a: Sableye
|-damage|p1a: Sableye|99\/303
|move|p1a: Sableye|Recover|p1a: Sableye
|-heal|p1a: Sableye|251\/303
|
|-damage|p2a: Manaphy|226\/401 tox|[from] psn
|turn|21
|
|switch|p1a: Chansey|Chansey, F|523\/703
|move|p2a: Manaphy|Scald|p1a: Chansey
|-damage|p1a: Chansey|414\/703
|
|-damage|p2a: Manaphy|151\/401 tox|[from] psn
|turn|22
|
|switch|p2a: zzzzzz|Landorus-Therian, M|319\/319
|-ability|p2a: zzzzzz|Intimidate|[of] p1a: Chansey
|-unboost|p1a: Chansey|atk|1
|move|p1a: Chansey|Soft-Boiled|p1a: Chansey
|-heal|p1a: Chansey|703\/703
|
|turn|23
|
|move|p2a: zzzzzz|Earthquake|p1a: Chansey
|-damage|p1a: Chansey|310\/703
|move|p1a: Chansey|Seismic Toss|p2a: zzzzzz
|-damage|p2a: zzzzzz|219\/319
|
|turn|24
|
|move|p2a: zzzzzz|Earthquake|p1a: Chansey
|-damage|p1a: Chansey|0 fnt
|faint|p1a: Chansey
|
|
|switch|p1a: Sableye|Sableye-Mega, F|251\/303
|turn|25
|
|switch|p2a: Manaphy|Manaphy|151\/401 tox
|move|p1a: Sableye|Will-O-Wisp|p2a: Manaphy
|-fail|p2a: Manaphy
|
|-damage|p2a: Manaphy|126\/401 tox|[from] psn
|turn|26
|
|move|p2a: Manaphy|Scald|p1a: Sableye
|-damage|p1a: Sableye|178\/303
|-status|p1a: Sableye|brn
|move|p1a: Sableye|Calm Mind|p1a: Sableye
|-boost|p1a: Sableye|spa|1
|-boost|p1a: Sableye|spd|1
|
|-damage|p2a: Manaphy|76\/401 tox|[from] psn
|-damage|p1a: Sableye|141\/303 brn|[from] brn
|turn|27
|
|move|p2a: Manaphy|Scald|p1a: Sableye
|-damage|p1a: Sableye|83\/303 brn
|move|p1a: Sableye|Recover|p1a: Sableye
|-heal|p1a: Sableye|235\/303 brn
|
|-damage|p2a: Manaphy|1\/401 tox|[from] psn
|-damage|p1a: Sableye|198\/303 brn|[from] brn
|turn|28
|
|move|p2a: Manaphy|Scald|p1a: Sableye
|-damage|p1a: Sableye|144\/303 brn
|move|p1a: Sableye|Recover|p1a: Sableye
|-heal|p1a: Sableye|296\/303 brn
|
|-damage|p2a: Manaphy|0 fnt|[from] psn
|-damage|p1a: Sableye|259\/303 brn|[from] brn
|faint|p2a: Manaphy
|
|switch|p2a: zzzzzz|Landorus-Therian, M|219\/319
|-ability|p2a: zzzzzz|Intimidate|[of] p1a: Sableye
|-unboost|p1a: Sableye|atk|1
|turn|29
|
|move|p2a: zzzzzz|Earthquake|p1a: Sableye
|-damage|p1a: Sableye|91\/303 brn
|move|p1a: Sableye|Will-O-Wisp|p2a: zzzzzz
|-status|p2a: zzzzzz|brn
|
|-damage|p2a: zzzzzz|180\/319 brn|[from] brn
|-damage|p1a: Sableye|54\/303 brn|[from] brn
|turn|30
|
|move|p2a: zzzzzz|Earthquake|p1a: Sableye
|-damage|p1a: Sableye|0 fnt
|faint|p1a: Sableye
|
|win|aj14
|raw|Ladder updating...
|raw|CleanerThanRotom-W's rating: 1836 &rarr; <strong>1803<\/strong><br \/>(-33 for losing)
|raw|aj14's rating: 1590 &rarr; <strong>1622<\/strong><br \/>(+32 for winning)
|leave|CleanerThanRotom-W
|player|p1