|join|CleanerThanRotom-W
|join|req'd by crobro
|player|p1|CleanerThanRotom-W|226
|player|p2|req'd by crobro|144
|gametype|singles
|gen|6
|tier|OU
|rated
|clearpoke
|poke|p1|Sableye, F
|poke|p1|Chansey, F
|poke|p1|Cresselia, F
|poke|p1|Gothitelle, M
|poke|p1|Skarmory, F
|poke|p1|Quagsire, M
|poke|p2|Metagross
|poke|p2|Magnezone
|poke|p2|Slowbro, F
|poke|p2|Clefable, F
|poke|p2|Gliscor, F, shiny
|poke|p2|Zapdos
|rule|Swagger Clause: Swagger is banned
|rule|Baton Pass Clause: Limit one PokÃ©mon knowing Baton Pass
|rule|Sleep Clause Mod: Limit one foe put to sleep
|rule|Species Clause: Limit one of each PokÃ©mon
|rule|OHKO Clause: OHKO moves are banned
|rule|Moody Clause: Moody is banned
|rule|Evasion Moves Clause: Evasion moves are banned
|rule|Endless Battle Clause: Forcing endless battles is banned
|rule|HP Percentage Mod: HP is shown in percentages
|teampreview
|join|SwaggBoi
|
|start
|switch|p1a: Sableye|Sableye, F|303\/303
|switch|p2a: Clefable|Clefable, F|394\/394
|turn|1
|
|switch|p2a: Fat Bat|Gliscor, F, shiny|354\/354
|switch|p1a: Gothitelle|Gothitelle, M|301\/301
|
|-status|p2a: Fat Bat|tox|[from] item: Toxic Orb
|turn|2
|
|move|p1a: Gothitelle|Trick|p2a: Fat Bat
|-activate|p1a: Gothitelle|move: Trick|[of] p2a: Fat Bat
|-item|p2a: Fat Bat|Choice Scarf|[from] move: Trick
|-item|p1a: Gothitelle|Toxic Orb|[from] move: Trick
|move|p2a: Fat Bat|Knock Off|p1a: Gothitelle
|-supereffective|p1a: Gothitelle
|-damage|p1a: Gothitelle|137\/301
|-enditem|p1a: Gothitelle|Toxic Orb|[from] move: Knock Off|[of] p2a: Fat Bat
|
|turn|3
|join|Forums Testing
|
|switch|p1a: Sableye|Sableye, F|303\/303
|move|p2a: Fat Bat|Knock Off|p1a: Sableye
|-damage|p1a: Sableye|241\/303
|
|turn|4
|
|switch|p2a: Clefable|Clefable, F|394\/394
|detailschange|p1a: Sableye|Sableye-Mega, F
|-mega|p1a: Sableye|Sableye|Sablenite
|move|p1a: Sableye|Snarl|p2a: Clefable
|-resisted|p2a: Clefable
|-damage|p2a: Clefable|364\/394
|-unboost|p2a: Clefable|spa|1
|
|-heal|p2a: Clefable|388\/394|[from] item: Leftovers
|turn|5
|
|switch|p1a: Chansey|Chansey, F|703\/703
|move|p2a: Clefable|Calm Mind|p2a: Clefable
|-boost|p2a: Clefable|spa|1
|-boost|p2a: Clefable|spd|1
|
|-heal|p2a: Clefable|394\/394|[from] item: Leftovers
|turn|6
|
|move|p2a: Clefable|Calm Mind|p2a: Clefable
|-boost|p2a: Clefable|spa|1
|-boost|p2a: Clefable|spd|1
|move|p1a: Chansey|Stealth Rock|p2a: Clefable
|-sidestart|p2: req'd by crobro|move: Stealth Rock
|
|turn|7
|
|switch|p1a: Cresselia|Cresselia, F|444\/444
|move|p2a: Clefable|Calm Mind|p2a: Clefable
|-boost|p2a: Clefable|spa|1
|-boost|p2a: Clefable|spd|1
|
|turn|8
|
|switch|p2a: Metagross|Metagross|301\/301
|-damage|p2a: Metagross|283\/301|[from] Stealth Rock
|move|p1a: Cresselia|Toxic|p2a: Metagross
|-fail|p2a: Metagross
|
|turn|9
|
|switch|p2a: Magnezone|Magnezone|281\/281
|-damage|p2a: Magnezone|264\/281|[from] Stealth Rock
|switch|p1a: Skarmory|Skarmory, F|334\/334
|
|turn|10
|join|RayDalio
|
|switch|p1a: Quagsire|Quagsire, M|393\/393
|move|p2a: Magnezone|Volt Switch|p1a: Quagsire
|-immune|p1a: Quagsire|[msg]
|
|turn|11
|-message|req'd by crobro forfeited.
|leave|req'd by crobro
|
|win|CleanerThanRotom-W
|raw|Ladder updating...
|raw|CleanerThanRotom-W's rating: 1886 &rarr; <strong>1892<\/strong><br \/>(+6 for winning)
|raw|req&apos;d by crobro's rating: 1604 &rarr; <strong>1598<\/strong><br \/>(-6 for losing)
|player|p2
|c| SwaggBoi|almost 1900
|leave|SwaggBoi