|join|CleanerThanRotom-W
|join|Truhax
|player|p1|CleanerThanRotom-W|226
|player|p2|Truhax|2
|gametype|singles
|gen|6
|tier|OU
|rated
|clearpoke
|poke|p1|Sableye, F
|poke|p1|Chansey, F
|poke|p1|Cresselia, F
|poke|p1|Gothitelle, M
|poke|p1|Skarmory, F
|poke|p1|Quagsire, F
|poke|p2|Landorus-Therian, M
|poke|p2|Metagross
|poke|p2|Magnezone
|poke|p2|Conkeldurr, M
|poke|p2|Serperior, F
|poke|p2|Keldeo
|rule|Swagger Clause: Swagger is banned
|rule|Baton Pass Clause: Limit one PokÃ©mon knowing Baton Pass
|rule|Sleep Clause Mod: Limit one foe put to sleep
|rule|Species Clause: Limit one of each PokÃ©mon
|rule|OHKO Clause: OHKO moves are banned
|rule|Moody Clause: Moody is banned
|rule|Evasion Moves Clause: Evasion moves are banned
|rule|Endless Battle Clause: Forcing endless battles is banned
|rule|HP Percentage Mod: HP is shown in percentages
|teampreview
|
|start
|switch|p1a: Sableye|Sableye, F|303\/303
|switch|p2a: Keldeo|Keldeo|323\/323
|turn|1
|
|detailschange|p1a: Sableye|Sableye-Mega, F
|-mega|p1a: Sableye|Sableye|Sablenite
|move|p1a: Sableye|Will-O-Wisp|p2a: Keldeo
|-status|p2a: Keldeo|brn
|move|p2a: Keldeo|Calm Mind|p2a: Keldeo
|-boost|p2a: Keldeo|spa|1
|-boost|p2a: Keldeo|spd|1
|
|-damage|p2a: Keldeo|283\/323 brn|[from] brn
|turn|2
|
|switch|p1a: Gothitelle|Gothitelle, M|301\/301
|move|p2a: Keldeo|Hydro Pump|p1a: Gothitelle
|-damage|p1a: Gothitelle|0 fnt
|-damage|p2a: Keldeo|251\/323 brn|[from] item: Life Orb
|faint|p1a: Gothitelle
|
|-damage|p2a: Keldeo|211\/323 brn|[from] brn
|
|switch|p1a: Cresselia|Cresselia, F|444\/444
|turn|3
|
|move|p2a: Keldeo|Hydro Pump|p1a: Cresselia
|-damage|p1a: Cresselia|194\/444
|-damage|p2a: Keldeo|179\/323 brn|[from] item: Life Orb
|move|p1a: Cresselia|Psyshock|p2a: Keldeo
|-supereffective|p2a: Keldeo
|-damage|p2a: Keldeo|29\/323 brn
|
|-heal|p1a: Cresselia|221\/444|[from] item: Leftovers
|-damage|p2a: Keldeo|0 fnt|[from] brn
|faint|p2a: Keldeo
|
|switch|p2a: Serperior|Serperior, F|291\/291
|turn|4
|
|switch|p2a: Magnezone|Magnezone|324\/324
|move|p1a: Cresselia|Toxic|p2a: Magnezone
|-fail|p2a: Magnezone
|
|-heal|p1a: Cresselia|248\/444|[from] item: Leftovers
|turn|5
|join|bauer
|
|move|p1a: Cresselia|Moonlight|p1a: Cresselia
|-heal|p1a: Cresselia|444\/444
|move|p2a: Magnezone|Volt Switch|p1a: Cresselia
|-damage|p1a: Cresselia|324\/444
|c| bauer|>instant laddering to get #1 back
|c| bauer|y\/n
|
|switch|p2a: Serperior|Serperior, F|291\/291
|
|-heal|p1a: Cresselia|351\/444|[from] item: Leftovers
|turn|6
|
|move|p2a: Serperior|Leaf Storm|p1a: Cresselia
|-damage|p1a: Cresselia|230\/444
|-boost|p2a: Serperior|spa|2
|move|p1a: Cresselia|Toxic|p2a: Serperior
|-status|p2a: Serperior|tox
|
|-heal|p1a: Cresselia|257\/444|[from] item: Leftovers
|-damage|p2a: Serperior|273\/291 tox|[from] psn
|turn|7
|
|move|p2a: Serperior|Leaf Storm|p1a: Cresselia
|-damage|p1a: Cresselia|38\/444
|-boost|p2a: Serperior|spa|2
|move|p1a: Cresselia|Skill Swap|p2a: Serperior
|-activate|p1a: Cresselia|move: Skill Swap|Contrary|Levitate|[of] p2a: Serperior
|
|-heal|p1a: Cresselia|65\/444|[from] item: Leftovers
|-damage|p2a: Serperior|237\/291 tox|[from] psn
|turn|8
|join|Appreciation
|c| bauer|lol
|c| bauer|dat skill swap
|
|switch|p1a: Chansey|Chansey, F|703\/703
|move|p2a: Serperior|Leaf Storm|p1a: Chansey
|-damage|p1a: Chansey|346\/703
|-unboost|p2a: Serperior|spa|2
|
|-damage|p2a: Serperior|183\/291 tox|[from] psn
|turn|9
|
|switch|p2a: Conkeldurr|Conkeldurr, M|351\/351
|move|p1a: Chansey|Soft-Boiled|p1a: Chansey
|-heal|p1a: Chansey|698\/703
|
|turn|10
|c|âTruhax|wow that fucks up everything
|c| bauer|if cleaner loses this
|c| bauer|-3875784823
|
|switch|p1a: Sableye|Sableye-Mega, F|303\/303
|switch|p2a: Serperior|Serperior, F|183\/291 tox
|
|-damage|p2a: Serperior|165\/291 tox|[from] psn
|turn|11
|c|âTruhax|there's no way I can win with this team
|
|switch|p1a: Chansey|Chansey, F|698\/703
|move|p2a: Serperior|Leaf Storm|p1a: Chansey
|-damage|p1a: Chansey|586\/703
|-boost|p2a: Serperior|spa|2
|
|-damage|p2a: Serperior|129\/291 tox|[from] psn
|turn|12
|
|move|p2a: Serperior|Leaf Storm|p1a: Chansey
|-damage|p1a: Chansey|351\/703
|-boost|p2a: Serperior|spa|2
|move|p1a: Chansey|Seismic Toss|p2a: Serperior
|-damage|p2a: Serperior|29\/291 tox
|
|-damage|p2a: Serperior|0 fnt|[from] psn
|faint|p2a: Serperior
|
|switch|p2a: Metagross|Metagross|301\/301
|turn|13
|
|switch|p1a: Skarmory|Skarmory, F|334\/334
|detailschange|p2a: Metagross|Metagross-Mega
|-mega|p2a: Metagross|Metagross|Metagrossite
|move|p2a: Metagross|Meteor Mash|p1a: Skarmory
|-resisted|p1a: Skarmory
|-damage|p1a: Skarmory|267\/334
|
|turn|14
|
|switch|p2a: Magnezone|Magnezone|324\/324
|move|p1a: Skarmory|Spikes|p2a: Magnezone
|-sidestart|p2: Truhax|Spikes
|
|turn|15
|
|switch|p1a: Quagsire|Quagsire, F|393\/393
|move|p2a: Magnezone|Volt Switch|p1a: Quagsire
|-immune|p1a: Quagsire|[msg]
|
|turn|16
|c| bauer|dat shell bell
|c|âTruhax|figured
|
|switch|p2a: Landorus-Therian|Landorus-Therian, M|381\/381
|-ability|p2a: Landorus-Therian|Intimidate|[of] p1a: Quagsire
|-unboost|p1a: Quagsire|atk|1
|switch|p1a: Cresselia|Cresselia, F|65\/444
|
|-heal|p1a: Cresselia|92\/444|[from] item: Leftovers
|turn|17
|join|LUSTY LEDDIT
|c| LUSTY LEDDIT|__**GO CLEANER!!**__
|c|âCleanerThanRotom-W|n_n
|c| bauer|lel
|
|switch|p1a: Skarmory|Skarmory, F|267\/334
|move|p2a: Landorus-Therian|U-turn|p1a: Skarmory
|-resisted|p1a: Skarmory
|-damage|p1a: Skarmory|256\/334
|
|switch|p2a: Conkeldurr|Conkeldurr, M|351\/351
|-damage|p2a: Conkeldurr|308\/351|[from] Spikes
|
|turn|18
|c| bauer|why conk
|
|switch|p1a: Sableye|Sableye-Mega, F|303\/303
|move|p2a: Conkeldurr|Knock Off|p1a: Sableye
|-damage|p1a: Sableye|224\/303
|
|turn|19
|c|âTruhax|there's no one for this
|c| bauer|\/\/forfeit imo
|
|move|p2a: Conkeldurr|Poison Jab|p1a: Sableye
|-resisted|p1a: Sableye
|-damage|p1a: Sableye|177\/303
|-status|p1a: Sableye|psn
|move|p1a: Sableye|Recover|p1a: Sableye
|-heal|p1a: Sableye|303\/303 psn
|
|-damage|p1a: Sableye|266\/303 psn|[from] psn
|turn|20
|c|âTruhax|I will soon
|c| LUSTY LEDDIT|of fucking course
|c|âTruhax|holding out for stupid luck
|c| LUSTY LEDDIT|lucky poopyhead
|c| bauer|since when do whey play poison jab on conk
|c| bauer|lel
|
|switch|p2a: Magnezone|Magnezone|324\/324
|-damage|p2a: Magnezone|284\/324|[from] Spikes
|move|p1a: Sableye|Will-O-Wisp|p2a: Magnezone|[miss]
|-miss|p1a: Sableye|p2a: Magnezone
|
|-damage|p1a: Sableye|229\/303 psn|[from] psn
|turn|21
|c|âTruhax|clef switchins
|c| bauer|ah
|c| LUSTY LEDDIT|whats the next
|c| LUSTY LEDDIT|...
|c| bauer|#bold
|c| bauer|#skarm
|
|switch|p2a: Metagross|Metagross-Mega|301\/301
|-damage|p2a: Metagross|264\/301|[from] Spikes
|switch|p1a: Chansey|Chansey, F|351\/703
|
|turn|22
|c|âTruhax|didn't realize how important keld would be
|c| bauer|ur gonna lose switch-wars
|c|âTruhax|duh
|c| bauer|cuz of spikey
|c| bauer|.-.
|c| LUSTY LEDDIT|>didn't realize how important keld would be
|c| LUSTY LEDDIT|>gxe: 73
|c| LUSTY LEDDIT|pretty self explanatory
|c|âTruhax|gg
|c|âCleanerThanRotom-W|gg
|c| bauer|gg
|-message|Truhax forfeited.
|leave|Truhax
|c| LUSTY LEDDIT|rekt
|
|win|CleanerThanRotom-W
|raw|Ladder updating...
|player|p2
|c| LUSTY LEDDIT|ez #1
|raw|CleanerThanRotom-W's rating: 1874 &rarr; <strong>1880<\/strong><br \/>(+6 for winning)
|raw|Truhax's rating: 1564 &rarr; <strong>1558<\/strong><br \/>(-6 for losing)