|join|Aka DH
|join|CleanerThanRotom-W
|player|p1|Aka DH|68
|player|p2|CleanerThanRotom-W|226
|gametype|singles
|gen|6
|tier|OU
|rated
|clearpoke
|poke|p1|Bisharp, M
|poke|p1|Venusaur, M
|poke|p1|Heatran, M
|poke|p1|Keldeo
|poke|p1|Chansey, F
|poke|p1|Skarmory, F
|poke|p2|Sableye, M
|poke|p2|Chansey, F
|poke|p2|Cresselia, F
|poke|p2|Gothitelle, M
|poke|p2|Skarmory, F
|poke|p2|Quagsire, M
|rule|Swagger Clause: Swagger is banned
|rule|Baton Pass Clause: Limit one PokÃ©mon knowing Baton Pass
|rule|Sleep Clause Mod: Limit one foe put to sleep
|rule|Species Clause: Limit one of each PokÃ©mon
|rule|OHKO Clause: OHKO moves are banned
|rule|Moody Clause: Moody is banned
|rule|Evasion Moves Clause: Evasion moves are banned
|rule|Endless Battle Clause: Forcing endless battles is banned
|rule|HP Percentage Mod: HP is shown in percentages
|teampreview
|join|LUSTY LEDDIT
|c| LUSTY LEDDIT|go bloody!
|c| LUSTY LEDDIT|nice ct cleaner...
|c|âAka DH|wait me please
|c|âCleanerThanRotom-W|ok
|c|âAka DH|i need 5 minutes
|c|âCleanerThanRotom-W|is dis the real 1
|c| LUSTY LEDDIT|y
|c|âAka DH|yes
|c|âAka DH|i'm back
|c|âAka DH|thanks
|c|âCleanerThanRotom-W|np
|
|start
|switch|p1a: Keldeo|Keldeo|323\/323
|switch|p2a: Sableye|Sableye, M|303\/303
|turn|1
|
|detailschange|p2a: Sableye|Sableye-Mega, M
|-mega|p2a: Sableye|Sableye|Sablenite
|move|p2a: Sableye|Will-O-Wisp|p1a: Keldeo
|-status|p1a: Keldeo|brn
|move|p1a: Keldeo|Substitute|p1a: Keldeo
|-start|p1a: Keldeo|Substitute
|-damage|p1a: Keldeo|243\/323 brn
|
|-heal|p1a: Keldeo|263\/323 brn|[from] item: Leftovers
|-damage|p1a: Keldeo|223\/323 brn|[from] brn
|turn|2
|c|âCleanerThanRotom-W|since when do u use substitute
|c|âAka DH|im testing sub today
|c|âCleanerThanRotom-W|i thought u dont like sub
|c|âAka DH|yes
|join|Korby
|
|move|p1a: Keldeo|Scald|p2a: Sableye
|-damage|p2a: Sableye|215\/303
|-status|p2a: Sableye|brn
|move|p2a: Sableye|Snarl|p1a: Keldeo
|-resisted|p1a: Keldeo
|-damage|p1a: Keldeo|193\/323 brn
|-boost|p1a: Keldeo|atk|1|[from] ability: Justified
|-unboost|p1a: Keldeo|spa|1
|
|-heal|p1a: Keldeo|213\/323 brn|[from] item: Leftovers
|-damage|p1a: Keldeo|173\/323 brn|[from] brn
|-damage|p2a: Sableye|178\/303 brn|[from] brn
|turn|3
|
|switch|p1a: Chansey|Chansey, F|684\/684
|switch|p2a: Gothitelle|Gothitelle, M|301\/301
|
|turn|4
|
|move|p2a: Gothitelle|Trick|p1a: Chansey
|-activate|p2a: Gothitelle|move: Trick|[of] p1a: Chansey
|-item|p1a: Chansey|Choice Scarf|[from] move: Trick
|-item|p2a: Gothitelle|Eviolite|[from] move: Trick
|move|p1a: Chansey|Aromatherapy|p1a: Chansey
|-cureteam|p1a: Chansey|[from] move: Aromatherapy
|
|turn|5
|join|wts this
|join|Dragongroudon9
|
|move|p2a: Gothitelle|Psychic|p1a: Chansey
|-damage|p1a: Chansey|575\/684
|move|p1a: Chansey|Aromatherapy|p1a: Chansey
|-cureteam|p1a: Chansey|[from] move: Aromatherapy
|
|turn|6
|
|move|p2a: Gothitelle|Psychic|p1a: Chansey
|-damage|p1a: Chansey|463\/684
|move|p1a: Chansey|Aromatherapy|p1a: Chansey
|-cureteam|p1a: Chansey|[from] move: Aromatherapy
|
|turn|7
|leave|wts this
|
|move|p2a: Gothitelle|Psychic|p1a: Chansey
|-damage|p1a: Chansey|358\/684
|move|p1a: Chansey|Aromatherapy|p1a: Chansey
|-cureteam|p1a: Chansey|[from] move: Aromatherapy
|
|turn|8
|
|move|p2a: Gothitelle|Psychic|p1a: Chansey
|-damage|p1a: Chansey|252\/684
|move|p1a: Chansey|Aromatherapy|p1a: Chansey
|-cureteam|p1a: Chansey|[from] move: Aromatherapy
|
|turn|9
|
|move|p2a: Gothitelle|Psychic|p1a: Chansey
|-damage|p1a: Chansey|132\/684
|move|p1a: Chansey|Aromatherapy|p1a: Chansey
|-cureteam|p1a: Chansey|[from] move: Aromatherapy
|
|turn|10
|
|move|p2a: Gothitelle|Psychic|p1a: Chansey
|-damage|p1a: Chansey|24\/684
|move|p1a: Chansey|Aromatherapy|p1a: Chansey
|-cureteam|p1a: Chansey|[from] move: Aromatherapy
|
|turn|11
|join|Korby(
|
|move|p2a: Gothitelle|Trick|p1a: Chansey
|-activate|p2a: Gothitelle|move: Trick|[of] p1a: Chansey
|-item|p1a: Chansey|Eviolite|[from] move: Trick
|-item|p2a: Gothitelle|Choice Scarf|[from] move: Trick
|move|p1a: Chansey|Aromatherapy|p1a: Chansey
|-cureteam|p1a: Chansey|[from] move: Aromatherapy
|
|turn|12
|
|move|p2a: Gothitelle|Psychic|p1a: Chansey
|-crit|p1a: Chansey
|-damage|p1a: Chansey|0 fnt
|faint|p1a: Chansey
|
|
|switch|p1a: Heatran|Heatran, M|340\/340
|-item|p1a: Heatran|Air Balloon
|turn|13
|c|âAka DH|crit
|c|âAka DH|haxer
|c|âCleanerThanRotom-W|sorry
|c|âAka DH|costa made this team
|c|âCleanerThanRotom-W|ok
|
|switch|p2a: Chansey|Chansey, F|703\/703
|move|p1a: Heatran|Stealth Rock|p2a: Chansey
|-sidestart|p2: CleanerThanRotom-W|move: Stealth Rock
|
|turn|14
|c|âCleanerThanRotom-W|cleaner made ur team
|c|âAka DH|wish killer
|
|move|p1a: Heatran|Taunt|p2a: Chansey
|-start|p2a: Chansey|move: Taunt
|move|p2a: Chansey|Seismic Toss|p1a: Heatran
|-damage|p1a: Heatran|240\/340
|-enditem|p1a: Heatran|Air Balloon
|
|turn|15
|join|Akldk
|
|switch|p1a: Skarmory|Skarmory, F|334\/334
|switch|p2a: Gothitelle|Gothitelle, M|301\/301
|-damage|p2a: Gothitelle|264\/301|[from] Stealth Rock
|
|turn|16
|
|move|p2a: Gothitelle|Trick|p1a: Skarmory
|-activate|p2a: Gothitelle|move: Trick|[of] p1a: Skarmory
|-item|p1a: Skarmory|Choice Scarf|[from] move: Trick
|-item|p2a: Gothitelle|Rocky Helmet|[from] move: Trick
|move|p1a: Skarmory|Whirlwind|p2a: Gothitelle
|drag|p2a: Quagsire|Quagsire, M|393\/393
|-damage|p2a: Quagsire|369\/393|[from] Stealth Rock
|
|-heal|p2a: Quagsire|393\/393|[from] item: Leftovers
|turn|17
|
|switch|p2a: Chansey|Chansey, F|703\/703
|-damage|p2a: Chansey|616\/703|[from] Stealth Rock
|move|p1a: Skarmory|Whirlwind|p2a: Chansey
|drag|p2a: Sableye|Sableye-Mega, M|178\/303 brn
|-damage|p2a: Sableye|141\/303 brn|[from] Stealth Rock
|
|-damage|p2a: Sableye|104\/303 brn|[from] brn
|turn|18
|
|switch|p1a: Keldeo|Keldeo|173\/323
|move|p2a: Sableye|Recover|p2a: Sableye
|-heal|p2a: Sableye|256\/303 brn
|
|-heal|p1a: Keldeo|193\/323|[from] item: Leftovers
|-damage|p2a: Sableye|219\/303 brn|[from] brn
|turn|19
|
|switch|p2a: Gothitelle|Gothitelle, M|264\/301
|-damage|p2a: Gothitelle|227\/301|[from] Stealth Rock
|move|p1a: Keldeo|Scald|p2a: Gothitelle
|-damage|p2a: Gothitelle|103\/301
|
|-heal|p1a: Keldeo|213\/323|[from] item: Leftovers
|turn|20
|leave|Akldk
|
|switch|p2a: Cresselia|Cresselia, F|444\/444
|-damage|p2a: Cresselia|389\/444|[from] Stealth Rock
|move|p1a: Keldeo|Scald|p2a: Cresselia
|-damage|p2a: Cresselia|304\/444
|
|-heal|p1a: Keldeo|233\/323|[from] item: Leftovers
|-heal|p2a: Cresselia|331\/444|[from] item: Leftovers
|turn|21
|c| LUSTY LEDDIT|>no burn
|
|switch|p1a: Bisharp|Bisharp, M|334\/334
|switch|p2a: Skarmory|Skarmory, F|334\/334
|-damage|p2a: Skarmory|293\/334|[from] Stealth Rock
|
|turn|22
|
|move|p1a: Bisharp|Swords Dance|p1a: Bisharp
|-boost|p1a: Bisharp|atk|2
|move|p2a: Skarmory|Defog|p1a: Bisharp
|-unboost|p1a: Bisharp|evasion|1
|-boost|p1a: Bisharp|atk|2|[from] ability: Defiant
|-sideend|p2: CleanerThanRotom-W|Stealth Rock|[from] move: Defog|[of] p2a: Skarmory
|
|turn|23
|
|switch|p2a: Quagsire|Quagsire, M|393\/393
|move|p1a: Bisharp|Knock Off|p2a: Quagsire
|-damage|p2a: Quagsire|239\/393
|-enditem|p2a: Quagsire|Leftovers|[from] move: Knock Off|[of] p1a: Bisharp
|
|turn|24
|join|Appreciation
|
|switch|p1a: Keldeo|Keldeo|233\/323
|move|p2a: Quagsire|Recover|p2a: Quagsire
|-heal|p2a: Quagsire|393\/393
|
|-heal|p1a: Keldeo|253\/323|[from] item: Leftovers
|turn|25
|c| Appreciation|LOL
|c| Appreciation|THIS IS LADDER
|c| Appreciation|WHY
|c| Appreciation|DIDNT
|c| Appreciation|U
|c| Appreciation|TELL
|c| Appreciation|ME
|c|âAka DH|welcome trice
|
|move|p1a: Keldeo|Scald|p2a: Quagsire
|-damage|p2a: Quagsire|210\/393
|move|p2a: Quagsire|Toxic|p1a: Keldeo
|-status|p1a: Keldeo|tox
|
|-heal|p1a: Keldeo|273\/323 tox|[from] item: Leftovers
|-damage|p1a: Keldeo|253\/323 tox|[from] psn
|turn|26
|c| Appreciation|welcome aka dh
|
|switch|p1a: Bisharp|Bisharp, M|334\/334
|switch|p2a: Cresselia|Cresselia, F|331\/444
|
|-heal|p2a: Cresselia|358\/444|[from] item: Leftovers
|turn|27
|c| Appreciation|did you steal your team from haterss gonna hate?
|c| Appreciation|or dont you hate? XD
|c| LUSTY LEDDIT|who is aka dh?
|c|âAka DH|wish killer
|
|switch|p2a: Gothitelle|Gothitelle, M|103\/301
|move|p1a: Bisharp|Swords Dance|p1a: Bisharp
|-boost|p1a: Bisharp|atk|2
|
|turn|28
|c| Appreciation|aka dh is watch cats
|c| Appreciation|that
|c| Appreciation|PLAy
|
|move|p2a: Gothitelle|Trick|p1a: Bisharp
|-activate|p2a: Gothitelle|move: Trick|[of] p1a: Bisharp
|-item|p1a: Bisharp|Rocky Helmet|[from] move: Trick
|-item|p2a: Gothitelle|Leftovers|[from] move: Trick
|move|p1a: Bisharp|Knock Off|p2a: Gothitelle
|-supereffective|p2a: Gothitelle
|-damage|p2a: Gothitelle|0 fnt
|-enditem|p2a: Gothitelle|Leftovers|[from] move: Knock Off|[of] p1a: Bisharp
|faint|p2a: Gothitelle
|
|c| Appreciation|was beast..
|
|switch|p2a: Quagsire|Quagsire, M|210\/393
|turn|29
|c| Appreciation|flinch it bloody
|
|move|p1a: Bisharp|Iron Head|p2a: Quagsire
|-resisted|p2a: Quagsire
|-damage|p2a: Quagsire|147\/393
|move|p2a: Quagsire|Recover|p2a: Quagsire
|-heal|p2a: Quagsire|344\/393
|
|turn|30
|c| Appreciation|hax
|join|nathaaan
|
|switch|p1a: Venusaur|Venusaur, M|364\/364
|switch|p2a: Chansey|Chansey, F|616\/703
|
|turn|31
|c| Appreciation|lol wtf
|c| Appreciation|cleaner how come u tilted so much
|c| Appreciation|,-,
|
|detailschange|p1a: Venusaur|Venusaur-Mega, M
|-mega|p1a: Venusaur|Venusaur|Venusaurite
|move|p1a: Venusaur|Leech Seed|p2a: Chansey
|-start|p2a: Chansey|move: Leech Seed
|move|p2a: Chansey|Heal Bell|p2a: Chansey
|-cureteam|p2a: Chansey|[from] move: HealBell
|
|-damage|p2a: Chansey|529\/703|[from] Leech Seed|[of] p1a: Venusaur
|turn|32
|c|âCleanerThanRotom-W|biggest hax of my life
|c|âCleanerThanRotom-W|thats how
|c| Appreciation|lel
|c| LUSTY LEDDIT|lucky popyheads
|c|âCleanerThanRotom-W|flinch rock cloyster
|c|âCleanerThanRotom-W|flinching mega gyara
|c| LUSTY LEDDIT|.....
|c| LUSTY LEDDIT|>king's rock cloyster
|
|switch|p1a: Heatran|Heatran, M|240\/340
|switch|p2a: Sableye|Sableye-Mega, M|219\/303
|
|turn|33
|
|move|p1a: Heatran|Fire Blast|p2a: Sableye
|-damage|p2a: Sableye|111\/303
|move|p2a: Sableye|Recover|p2a: Sableye
|-heal|p2a: Sableye|263\/303
|
|turn|34
|c|âCleanerThanRotom-W|i can nickname my pokemon too
|c|âCleanerThanRotom-W|which pokemon do u want to be
|c|âCleanerThanRotom-W|bloody
|c|âAka DH|chansey
|
|move|p1a: Heatran|Fire Blast|p2a: Sableye|[miss]
|-miss|p1a: Heatran|p2a: Sableye
|move|p2a: Sableye|Recover|p2a: Sableye
|-heal|p2a: Sableye|303\/303
|
|turn|35
|c| Appreciation|lel
|c|âCleanerThanRotom-W|ok
|
|move|p1a: Heatran|Fire Blast|p2a: Sableye
|-crit|p2a: Sableye
|-damage|p2a: Sableye|150\/303
|-status|p2a: Sableye|brn
|move|p2a: Sableye|Calm Mind|p2a: Sableye
|-boost|p2a: Sableye|spa|1
|-boost|p2a: Sableye|spd|1
|
|-damage|p2a: Sableye|113\/303 brn|[from] brn
|turn|36
|c| LUSTY LEDDIT|tfw im quagsire
|c| Appreciation|LOL
|c| Appreciation|crit again#
|c| LUSTY LEDDIT|crit
|
|move|p1a: Heatran|Fire Blast|p2a: Sableye
|-damage|p2a: Sableye|46\/303 brn
|move|p2a: Sableye|Recover|p2a: Sableye
|-heal|p2a: Sableye|198\/303 brn
|
|-damage|p2a: Sableye|161\/303 brn|[from] brn
|turn|37
|c| Appreciation|go bloody
|c| Appreciation|fak
|c| Appreciation|hax
|
|move|p1a: Heatran|Fire Blast|p2a: Sableye
|-damage|p2a: Sableye|94\/303 brn
|move|p2a: Sableye|Recover|p2a: Sableye
|-heal|p2a: Sableye|246\/303 brn
|
|-damage|p2a: Sableye|209\/303 brn|[from] brn
|turn|38
|
|move|p1a: Heatran|Toxic|p2a: Sableye
|move|p2a: Sableye|Toxic|p1a: Heatran|[from]Magic Bounce
|-fail|p1a: Heatran
|move|p2a: Sableye|Recover|p2a: Sableye
|-heal|p2a: Sableye|303\/303 brn
|
|-damage|p2a: Sableye|266\/303 brn|[from] brn
|turn|39
|c| Appreciation|lel
|
|move|p1a: Heatran|Toxic|p2a: Sableye
|move|p2a: Sableye|Toxic|p1a: Heatran|[from]Magic Bounce
|-fail|p1a: Heatran
|move|p2a: Sableye|Snarl|p1a: Heatran
|-damage|p1a: Heatran|164\/340
|-unboost|p1a: Heatran|spa|1
|
|-damage|p2a: Sableye|229\/303 brn|[from] brn
|turn|40
|
|switch|p1a: Bisharp|Bisharp, M|334\/334
|move|p2a: Sableye|Will-O-Wisp|p1a: Bisharp
|-status|p1a: Bisharp|brn
|
|-damage|p1a: Bisharp|293\/334 brn|[from] brn
|-damage|p2a: Sableye|192\/303 brn|[from] brn
|turn|41
|c| Appreciation|hax
|
|switch|p2a: Quagsire|Quagsire, M|344\/393
|move|p1a: Bisharp|Iron Head|p2a: Quagsire
|-crit|p2a: Quagsire
|-resisted|p2a: Quagsire
|-damage|p2a: Quagsire|296\/393
|
|-damage|p1a: Bisharp|252\/334 brn|[from] brn
|turn|42
|c| Appreciation|bloody can u still win?
|c|âAka DH|no
|c| Appreciation|rip..
|
|switch|p1a: Skarmory|Skarmory, F|334\/334
|switch|p2a: Chansey|Chansey, F|529\/703
|
|turn|43
|
|move|p1a: Skarmory|Spikes|p2a: Chansey
|-sidestart|p2: CleanerThanRotom-W|Spikes
|move|p2a: Chansey|Heal Bell|p2a: Chansey
|-cureteam|p2a: Chansey|[from] move: HealBell
|
|turn|44
|
|switch|p1a: Venusaur|Venusaur-Mega, M|364\/364
|switch|p2a: Sableye|Sableye-Mega, M|192\/303
|-damage|p2a: Sableye|155\/303|[from] Spikes
|
|turn|45
|c| Appreciation|my venu
|
|move|p1a: Venusaur|Giga Drain|p2a: Sableye
|-damage|p2a: Sableye|89\/303
|move|p2a: Sableye|Recover|p2a: Sableye
|-heal|p2a: Sableye|241\/303
|
|turn|46
|
|switch|p1a: Heatran|Heatran, M|164\/340
|move|p2a: Sableye|Recover|p2a: Sableye
|-heal|p2a: Sableye|303\/303
|
|turn|47
|
|move|p1a: Heatran|Fire Blast|p2a: Sableye
|-damage|p2a: Sableye|198\/303
|move|p2a: Sableye|Snarl|p1a: Heatran
|-damage|p1a: Heatran|112\/340
|-unboost|p1a: Heatran|spa|1
|
|turn|48
|
|switch|p1a: Keldeo|Keldeo|253\/323 tox
|move|p2a: Sableye|Recover|p2a: Sableye
|-heal|p2a: Sableye|303\/303
|
|-heal|p1a: Keldeo|273\/323 tox|[from] item: Leftovers
|-damage|p1a: Keldeo|253\/323 tox|[from] psn
|turn|49
|join|Here To GG
|
|switch|p2a: Cresselia|Cresselia, F|358\/444
|move|p1a: Keldeo|Scald|p2a: Cresselia
|-damage|p2a: Cresselia|274\/444
|
|-heal|p1a: Keldeo|273\/323 tox|[from] item: Leftovers
|-heal|p2a: Cresselia|301\/444|[from] item: Leftovers
|-damage|p1a: Keldeo|233\/323 tox|[from] psn
|turn|50
|
|switch|p1a: Heatran|Heatran, M|112\/340
|move|p2a: Cresselia|Moonlight|p2a: Cresselia
|-heal|p2a: Cresselia|444\/444
|
|turn|51
|c| Appreciation|bloody even if u  lose
|c| Appreciation|i love u
|c| Appreciation|ull always be #1
|
|switch|p2a: Sableye|Sableye-Mega, M|303\/303
|-damage|p2a: Sableye|266\/303|[from] Spikes
|move|p1a: Heatran|Toxic|p2a: Sableye
|move|p2a: Sableye|Toxic|p1a: Heatran|[from]Magic Bounce
|-fail|p1a: Heatran
|
|turn|52
|
|move|p1a: Heatran|Fire Blast|p2a: Sableye
|-damage|p2a: Sableye|166\/303
|move|p2a: Sableye|Snarl|p1a: Heatran
|-damage|p1a: Heatran|61\/340
|-unboost|p1a: Heatran|spa|1
|
|turn|53
|
|move|p1a: Heatran|Fire Blast|p2a: Sableye|[miss]
|-miss|p1a: Heatran|p2a: Sableye
|move|p2a: Sableye|Recover|p2a: Sableye
|-heal|p2a: Sableye|303\/303
|
|turn|54
|c| Appreciation|bloody u play in the tour
|
|switch|p1a: Keldeo|Keldeo|233\/323 tox
|move|p2a: Sableye|Snarl|p1a: Keldeo
|-resisted|p1a: Keldeo
|-damage|p1a: Keldeo|201\/323 tox
|-boost|p1a: Keldeo|atk|1|[from] ability: Justified
|-unboost|p1a: Keldeo|spa|1
|
|-heal|p1a: Keldeo|221\/323 tox|[from] item: Leftovers
|-damage|p1a: Keldeo|201\/323 tox|[from] psn
|turn|55
|c|âAka DH|yes
|c| Appreciation|ok
|c| Appreciation|cleaner you too?
|join|IIID
|c|âCleanerThanRotom-W|idk
|c|âCleanerThanRotom-W|should i
|c|âAka DH|cleaner is afraid
|c| Appreciation|yees
|
|switch|p1a: Skarmory|Skarmory, F|334\/334
|switch|p2a: Cresselia|Cresselia, F|444\/444
|
|turn|56
|c| LUSTY LEDDIT|cleaner is afraid of losing to me
|c| Appreciation|it will be bloody vs cleaner finals
|c| Appreciation|LOL leddit
|c| Appreciation|nice joke.
|
|switch|p2a: Sableye|Sableye-Mega, M|303\/303
|-damage|p2a: Sableye|266\/303|[from] Spikes
|move|p1a: Skarmory|Brave Bird|p2a: Sableye
|-damage|p2a: Sableye|175\/303
|-damage|p1a: Skarmory|304\/334|[from] recoil|[of] p2a: Sableye
|
|turn|57
|c| LUSTY LEDDIT|i'm the best i always beat good players like cosine
|
|switch|p1a: Bisharp|Bisharp, M|252\/334 brn
|move|p2a: Sableye|Recover|p2a: Sableye
|-heal|p2a: Sableye|303\/303
|
|-damage|p1a: Bisharp|211\/334 brn|[from] brn
|turn|58
|c| Appreciation|lel
|
|switch|p1a: Heatran|Heatran, M|61\/340
|switch|p2a: Skarmory|Skarmory, F|293\/334
|
|turn|59
|c| Appreciation|cleaners team counters bloody team y\/n
|c| LUSTY LEDDIT|y
|c| LUSTY LEDDIT|...
|
|switch|p1a: Keldeo|Keldeo|201\/323 tox
|move|p2a: Skarmory|Defog|p1a: Keldeo
|-unboost|p1a: Keldeo|evasion|1
|-sideend|p2: CleanerThanRotom-W|Spikes|[from] move: Defog|[of] p2a: Skarmory
|
|-heal|p1a: Keldeo|221\/323 tox|[from] item: Leftovers
|-damage|p1a: Keldeo|201\/323 tox|[from] psn
|turn|60
|c| Appreciation|imo cleaner only created this to counter bloody
|c| LUSTY LEDDIT|imo
|
|switch|p2a: Cresselia|Cresselia, F|444\/444
|move|p1a: Keldeo|Scald|p2a: Cresselia
|-crit|p2a: Cresselia
|-damage|p2a: Cresselia|296\/444
|
|-heal|p1a: Keldeo|221\/323 tox|[from] item: Leftovers
|-heal|p2a: Cresselia|323\/444|[from] item: Leftovers
|-damage|p1a: Keldeo|181\/323 tox|[from] psn
|turn|61
|c| LUSTY LEDDIT|l2p cleaner
|c| LUSTY LEDDIT|i build real teams
|c|âAka DH|0% burns
|
|switch|p1a: Skarmory|Skarmory, F|304\/334
|move|p2a: Cresselia|Moonlight|p2a: Cresselia
|-heal|p2a: Cresselia|444\/444
|
|turn|62
|
|switch|p2a: Sableye|Sableye-Mega, M|303\/303
|move|p1a: Skarmory|Brave Bird|p2a: Sableye
|-damage|p2a: Sableye|204\/303
|-damage|p1a: Skarmory|271\/334|[from] recoil|[of] p2a: Sableye
|
|turn|63
|
|move|p1a: Skarmory|Brave Bird|p2a: Sableye
|-damage|p2a: Sableye|110\/303
|-damage|p1a: Skarmory|240\/334|[from] recoil|[of] p2a: Sableye
|move|p2a: Sableye|Snarl|p1a: Skarmory
|-miss|p2a: Sableye|p1a: Skarmory
|
|turn|64
|
|switch|p1a: Keldeo|Keldeo|181\/323 tox
|move|p2a: Sableye|Recover|p2a: Sableye
|-heal|p2a: Sableye|262\/303
|
|-heal|p1a: Keldeo|201\/323 tox|[from] item: Leftovers
|-damage|p1a: Keldeo|181\/323 tox|[from] psn
|turn|65
|
|switch|p2a: Chansey|Chansey, F|529\/703
|move|p1a: Keldeo|Scald|p2a: Chansey
|-damage|p2a: Chansey|435\/703
|-status|p2a: Chansey|brn
|
|-heal|p1a: Keldeo|201\/323 tox|[from] item: Leftovers
|-damage|p1a: Keldeo|161\/323 tox|[from] psn
|-damage|p2a: Chansey|348\/703 brn|[from] brn
|turn|66
|
|switch|p2a: Cresselia|Cresselia, F|444\/444
|move|p1a: Keldeo|Scald|p2a: Cresselia
|-damage|p2a: Cresselia|354\/444
|-status|p2a: Cresselia|brn
|
|-heal|p1a: Keldeo|181\/323 tox|[from] item: Leftovers
|-heal|p2a: Cresselia|381\/444 brn|[from] item: Leftovers
|-damage|p1a: Keldeo|121\/323 tox|[from] psn
|-damage|p2a: Cresselia|326\/444 brn|[from] brn
|turn|67
|
|switch|p2a: Quagsire|Quagsire, M|296\/393
|move|p1a: Keldeo|Secret Sword|p2a: Quagsire
|-damage|p2a: Quagsire|181\/393
|
|-heal|p1a: Keldeo|141\/323 tox|[from] item: Leftovers
|-damage|p1a: Keldeo|61\/323 tox|[from] psn
|turn|68
|
|switch|p2a: Cresselia|Cresselia, F|326\/444 brn
|move|p1a: Keldeo|Scald|p2a: Cresselia
|-damage|p2a: Cresselia|230\/444 brn
|
|-heal|p1a: Keldeo|81\/323 tox|[from] item: Leftovers
|-heal|p2a: Cresselia|257\/444 brn|[from] item: Leftovers
|-damage|p1a: Keldeo|0 fnt|[from] psn
|-damage|p2a: Cresselia|202\/444 brn|[from] brn
|faint|p1a: Keldeo
|
|switch|p1a: Heatran|Heatran, M|61\/340
|turn|69
|
|switch|p1a: Skarmory|Skarmory, F|240\/334
|switch|p2a: Sableye|Sableye-Mega, M|262\/303
|
|turn|70
|
|move|p1a: Skarmory|Brave Bird|p2a: Sableye
|-damage|p2a: Sableye|169\/303
|-damage|p1a: Skarmory|209\/334|[from] recoil|[of] p2a: Sableye
|move|p2a: Sableye|Will-O-Wisp|p1a: Skarmory
|-status|p1a: Skarmory|brn
|
|-damage|p1a: Skarmory|168\/334 brn|[from] brn
|turn|71
|c|âAka DH|gg nerd
|-message|Aka DH forfeited.
|leave|Aka DH
|c|âCleanerThanRotom-W|gg nerd
|c| LUSTY LEDDIT|âAka DH: gg nerd
|
|win|CleanerThanRotom-W
|raw|Ladder updating...
|player|p1
|raw|Aka DH's rating: 1741 &rarr; <strong>1723<\/strong><br \/>(-18 for losing)
|raw|CleanerThanRotom-W's rating: 1788 &rarr; <strong>1805<\/strong><br \/>(+17 for winning)
|leave|Appreciation