|join|CleanerThanRotom-W
|join|Dr. Marti
|player|p1|CleanerThanRotom-W|226
|player|p2|Dr. Marti|147
|gametype|singles
|gen|6
|tier|OU
|rated
|clearpoke
|poke|p1|Sableye, M
|poke|p1|Chansey, F
|poke|p1|Cresselia, F
|poke|p1|Gothitelle, F
|poke|p1|Skarmory, F
|poke|p1|Quagsire, F
|poke|p2|Espeon, F
|poke|p2|Smeargle, F
|poke|p2|Whimsicott, F
|poke|p2|Azelf
|poke|p2|Infernape, F
|poke|p2|Pineco, L1, M, shiny
|rule|Swagger Clause: Swagger is banned
|rule|Baton Pass Clause: Limit one PokÃ©mon knowing Baton Pass
|rule|Sleep Clause Mod: Limit one foe put to sleep
|rule|Species Clause: Limit one of each PokÃ©mon
|rule|OHKO Clause: OHKO moves are banned
|rule|Moody Clause: Moody is banned
|rule|Evasion Moves Clause: Evasion moves are banned
|rule|Endless Battle Clause: Forcing endless battles is banned
|rule|HP Percentage Mod: HP is shown in percentages
|teampreview
|c|âDr. Marti|nice team
|c|âCleanerThanRotom-W|thx
|
|start
|switch|p1a: Sableye|Sableye, M|303\/303
|switch|p2a: Azelf|Azelf|353\/353
|turn|1
|c|âDr. Marti|omg you are a legend*
|c|âCleanerThanRotom-W|lol
|c|âDr. Marti|its honor to play you
|
|detailschange|p1a: Sableye|Sableye-Mega, M
|-mega|p1a: Sableye|Sableye|Sablenite
|move|p2a: Azelf|Light Screen|p2a: Azelf
|-sidestart|p2: Dr. Marti|move: Light Screen
|move|p1a: Sableye|Snarl|p2a: Azelf
|-supereffective|p2a: Azelf
|-damage|p2a: Azelf|275\/353
|-unboost|p2a: Azelf|spa|1
|
|turn|2
|
|move|p2a: Azelf|Reflect|p2a: Azelf
|-sidestart|p2: Dr. Marti|Reflect
|move|p1a: Sableye|Calm Mind|p1a: Sableye
|-boost|p1a: Sableye|spa|1
|-boost|p1a: Sableye|spd|1
|
|turn|3
|
|move|p2a: Azelf|Explosion|p1a: Sableye
|-immune|p1a: Sableye|[msg]
|faint|p2a: Azelf
|move|p1a: Sableye|Calm Mind|p1a: Sableye
|-boost|p1a: Sableye|spa|1
|-boost|p1a: Sableye|spd|1
|
|
|switch|p2a: Whimsicott|Whimsicott, F|323\/323
|turn|4
|
|move|p2a: Whimsicott|Substitute|p2a: Whimsicott
|-start|p2a: Whimsicott|Substitute
|-damage|p2a: Whimsicott|243\/323
|move|p1a: Sableye|Calm Mind|p1a: Sableye
|-boost|p1a: Sableye|spa|1
|-boost|p1a: Sableye|spd|1
|
|-heal|p2a: Whimsicott|263\/323|[from] item: Leftovers
|turn|5
|
|move|p2a: Whimsicott|Leech Seed|p1a: Sableye
|move|p1a: Sableye|Leech Seed|p2a: Whimsicott|[from]Magic Bounce
|-immune|p2a: Whimsicott|[msg]
|move|p1a: Sableye|Snarl|p2a: Whimsicott
|-resisted|p2a: Whimsicott
|-damage|p2a: Whimsicott|217\/323
|-unboost|p2a: Whimsicott|spa|1
|
|-heal|p2a: Whimsicott|237\/323|[from] item: Leftovers
|turn|6
|join|Africans
|
|move|p2a: Whimsicott|Memento|p1a: Sableye
|-unboost|p1a: Sableye|atk|2
|-unboost|p1a: Sableye|spa|2
|faint|p2a: Whimsicott
|move|p1a: Sableye|Calm Mind|p1a: Sableye
|-boost|p1a: Sableye|spa|1
|-boost|p1a: Sableye|spd|1
|
|
|switch|p2a: Smeargle|Smeargle, F|314\/314
|turn|7
|
|switch|p1a: Gothitelle|Gothitelle, F|301\/301
|move|p2a: Smeargle|Geomancy|p2a: Smeargle|[still]
|-prepare|p2a: Smeargle|Geomancy|p2a: Smeargle
|-enditem|p2a: Smeargle|Power Herb
|-anim|p2a: Smeargle|Geomancy|p2a: Smeargle
|-boost|p2a: Smeargle|spa|2
|-boost|p2a: Smeargle|spd|2
|-boost|p2a: Smeargle|spe|2
|
|turn|8
|c|âDr. Marti|hehe and now spoore
|
|move|p2a: Smeargle|Baton Pass|p2a: Smeargle
|
|switch|p2a: Espeon|Espeon, F|334\/334
|move|p1a: Gothitelle|Trick|p2a: Espeon
|-activate|p1a: Gothitelle|move: Trick|[of] p2a: Espeon
|-item|p2a: Espeon|Choice Scarf|[from] move: Trick
|-item|p1a: Gothitelle|Leftovers|[from] move: Trick
|
|-sideend|p2: Dr. Marti|move: Light Screen
|turn|9
|join|Stoned Zard
|
|switch|p1a: Cresselia|Cresselia, F|444\/444
|move|p2a: Espeon|Stored Power|p1a: Cresselia
|-resisted|p1a: Cresselia
|-damage|p1a: Cresselia|312\/444
|
|-heal|p1a: Cresselia|339\/444|[from] item: Leftovers
|-sideend|p2: Dr. Marti|Reflect
|turn|10
|
|move|p2a: Espeon|Stored Power|p1a: Cresselia
|-resisted|p1a: Cresselia
|-damage|p1a: Cresselia|190\/444
|move|p1a: Cresselia|Moonlight|p1a: Cresselia
|-heal|p1a: Cresselia|412\/444
|
|-heal|p1a: Cresselia|439\/444|[from] item: Leftovers
|turn|11
|leave|Stoned Zard
|
|move|p2a: Espeon|Stored Power|p1a: Cresselia
|-resisted|p1a: Cresselia
|-damage|p1a: Cresselia|290\/444
|move|p1a: Cresselia|Skill Swap|p2a: Espeon
|-activate|p1a: Cresselia|move: Skill Swap|Magic Bounce|Levitate|[of] p2a: Espeon
|
|-heal|p1a: Cresselia|317\/444|[from] item: Leftovers
|turn|12
|
|move|p2a: Espeon|Stored Power|p1a: Cresselia
|-resisted|p1a: Cresselia
|-damage|p1a: Cresselia|174\/444
|move|p1a: Cresselia|Moonlight|p1a: Cresselia
|-heal|p1a: Cresselia|396\/444
|
|-heal|p1a: Cresselia|423\/444|[from] item: Leftovers
|turn|13
|join|Stoned Zard
|c|âDr. Marti|this team has no weakness
|
|move|p2a: Espeon|Stored Power|p1a: Cresselia
|-crit|p1a: Cresselia
|-resisted|p1a: Cresselia
|-damage|p1a: Cresselia|189\/444
|move|p1a: Cresselia|Toxic|p2a: Espeon
|-status|p2a: Espeon|tox
|
|-heal|p1a: Cresselia|216\/444|[from] item: Leftovers
|-damage|p2a: Espeon|314\/334 tox|[from] psn
|turn|14
|c|âDr. Marti|have you lost one single game?
|c|âCleanerThanRotom-W|ofc
|
|move|p2a: Espeon|Stored Power|p1a: Cresselia
|-resisted|p1a: Cresselia
|-damage|p1a: Cresselia|67\/444
|move|p1a: Cresselia|Moonlight|p1a: Cresselia
|-heal|p1a: Cresselia|289\/444
|
|-heal|p1a: Cresselia|316\/444|[from] item: Leftovers
|-damage|p2a: Espeon|274\/334 tox|[from] psn
|turn|15
|
|move|p2a: Espeon|Stored Power|p1a: Cresselia
|-resisted|p1a: Cresselia
|-damage|p1a: Cresselia|167\/444
|move|p1a: Cresselia|Moonlight|p1a: Cresselia
|-heal|p1a: Cresselia|389\/444
|
|-heal|p1a: Cresselia|416\/444|[from] item: Leftovers
|-damage|p2a: Espeon|214\/334 tox|[from] psn
|turn|16
|
|switch|p2a: Pineco|Pineco, L1, M, shiny|12\/12
|switch|p1a: Sableye|Sableye-Mega, M|303\/303
|
|turn|17
|c| Stoned Zard|?
|
|switch|p2a: Infernape|Infernape, F|293\/293
|move|p1a: Sableye|Will-O-Wisp|p2a: Infernape
|-fail|p2a: Infernape
|
|turn|18
|
|switch|p1a: Cresselia|Cresselia, F|416\/444
|move|p2a: Infernape|U-turn|p1a: Cresselia
|-supereffective|p1a: Cresselia
|-damage|p1a: Cresselia|268\/444
|-damage|p2a: Infernape|264\/293|[from] item: Life Orb
|
|switch|p2a: Smeargle|Smeargle, F|314\/314
|
|-heal|p1a: Cresselia|295\/444|[from] item: Leftovers
|turn|19
|-message|Dr. Marti forfeited.
|leave|Dr. Marti
|
|win|CleanerThanRotom-W
|raw|Ladder updating...
|player|p2
|raw|CleanerThanRotom-W's rating: 1881 &rarr; <strong>1887<\/strong><br \/>(+6 for winning)
|raw|Dr. Marti's rating: 1585 &rarr; <strong>1579<\/strong><br \/>(-6 for losing)