|join|CleanerThanRotom-W
|join|Tegawende
|player|p1|CleanerThanRotom-W|226
|player|p2|Tegawende|68
|gametype|singles
|gen|6
|tier|OU
|rated
|clearpoke
|poke|p1|Sableye, M
|poke|p1|Chansey, F
|poke|p1|Cresselia, F
|poke|p1|Gothitelle, F
|poke|p1|Skarmory, F
|poke|p1|Quagsire, F
|poke|p2|Latios, M
|poke|p2|Weavile, F
|poke|p2|Raikou
|poke|p2|Keldeo
|poke|p2|Slowbro, M
|poke|p2|Ferrothorn, F
|rule|Swagger Clause: Swagger is banned
|rule|Baton Pass Clause: Limit one PokÃ©mon knowing Baton Pass
|rule|Sleep Clause Mod: Limit one foe put to sleep
|rule|Species Clause: Limit one of each PokÃ©mon
|rule|OHKO Clause: OHKO moves are banned
|rule|Moody Clause: Moody is banned
|rule|Evasion Moves Clause: Evasion moves are banned
|rule|Endless Battle Clause: Forcing endless battles is banned
|rule|HP Percentage Mod: HP is shown in percentages
|teampreview
|
|start
|switch|p1a: Sableye|Sableye, M|303\/303
|switch|p2a: Weavile|Weavile, F|281\/281
|-ability|p2a: Weavile|Pressure
|turn|1
|
|detailschange|p1a: Sableye|Sableye-Mega, M
|-mega|p1a: Sableye|Sableye|Sablenite
|move|p1a: Sableye|Will-O-Wisp|p2a: Weavile|[miss]
|-miss|p1a: Sableye|p2a: Weavile
|move|p2a: Weavile|Swords Dance|p2a: Weavile
|-boost|p2a: Weavile|atk|2
|
|turn|2
|
|move|p2a: Weavile|Knock Off|p1a: Sableye
|-crit|p1a: Sableye
|-damage|p1a: Sableye|0 fnt
|-damage|p2a: Weavile|253\/281|[from] item: Life Orb
|faint|p1a: Sableye
|
|
|switch|p1a: Skarmory|Skarmory, F|334\/334
|turn|3
|
|move|p2a: Weavile|Knock Off|p1a: Skarmory
|-damage|p1a: Skarmory|108\/334
|-enditem|p1a: Skarmory|Shed Shell|[from] move: Knock Off|[of] p2a: Weavile
|-damage|p2a: Weavile|225\/281|[from] item: Life Orb
|move|p1a: Skarmory|Counter|p2a: Weavile
|-damage|p2a: Weavile|0 fnt
|faint|p2a: Weavile
|
|
|switch|p2a: Keldeo|Keldeo|324\/324
|turn|4
|
|switch|p1a: Cresselia|Cresselia, F|444\/444
|move|p2a: Keldeo|Scald|p1a: Cresselia
|-damage|p1a: Cresselia|360\/444
|
|-heal|p1a: Cresselia|387\/444|[from] item: Leftovers
|turn|5
|
|switch|p2a: Ferrothorn|Ferrothorn, F|290\/290
|switch|p1a: Gothitelle|Gothitelle, F|301\/301
|
|turn|6
|
|move|p1a: Gothitelle|Trick|p2a: Ferrothorn
|-activate|p1a: Gothitelle|move: Trick|[of] p2a: Ferrothorn
|-item|p2a: Ferrothorn|Choice Scarf|[from] move: Trick
|-item|p1a: Gothitelle|Rocky Helmet|[from] move: Trick
|move|p2a: Ferrothorn|Power Whip|p1a: Gothitelle
|-damage|p1a: Gothitelle|169\/301
|-damage|p2a: Ferrothorn|242\/290|[from] item: Rocky Helmet|[of] p1a: Gothitelle
|
|turn|7
|
|switch|p1a: Skarmory|Skarmory, F|108\/334
|move|p2a: Ferrothorn|Power Whip|p1a: Skarmory
|-resisted|p1a: Skarmory
|-damage|p1a: Skarmory|88\/334
|
|turn|8
|
|switch|p2a: Keldeo|Keldeo|324\/324
|move|p1a: Skarmory|Roost|p1a: Skarmory
|-heal|p1a: Skarmory|255\/334
|
|turn|9
|
|switch|p1a: Cresselia|Cresselia, F|387\/444
|move|p2a: Keldeo|Substitute|p2a: Keldeo
|-start|p2a: Keldeo|Substitute
|-damage|p2a: Keldeo|243\/324
|
|-heal|p2a: Keldeo|263\/324|[from] item: Leftovers
|-heal|p1a: Cresselia|414\/444|[from] item: Leftovers
|turn|10
|
|move|p2a: Keldeo|Scald|p1a: Cresselia
|-damage|p1a: Cresselia|327\/444
|move|p1a: Cresselia|Psyshock|p2a: Keldeo
|-supereffective|p2a: Keldeo
|-end|p2a: Keldeo|Substitute
|
|-heal|p2a: Keldeo|283\/324|[from] item: Leftovers
|-heal|p1a: Cresselia|354\/444|[from] item: Leftovers
|turn|11
|
|switch|p2a: Slowbro|Slowbro, M|379\/379
|move|p1a: Cresselia|Psyshock|p2a: Slowbro
|-resisted|p2a: Slowbro
|-damage|p2a: Slowbro|352\/379
|
|-heal|p1a: Cresselia|381\/444|[from] item: Leftovers
|turn|12
|
|detailschange|p2a: Slowbro|Slowbro-Mega, M
|-mega|p2a: Slowbro|Slowbro|Slowbronite
|move|p1a: Cresselia|Toxic|p2a: Slowbro
|-status|p2a: Slowbro|tox
|move|p2a: Slowbro|Scald|p1a: Cresselia
|-damage|p1a: Cresselia|302\/444
|-status|p1a: Cresselia|brn
|
|-heal|p1a: Cresselia|329\/444 brn|[from] item: Leftovers
|-damage|p1a: Cresselia|274\/444 brn|[from] brn
|-damage|p2a: Slowbro|329\/379 tox|[from] psn
|turn|13
|
|switch|p1a: Chansey|Chansey, F|703\/703
|switch|p2a: Ferrothorn|Ferrothorn, F|242\/290
|
|turn|14
|
|switch|p1a: Gothitelle|Gothitelle, F|169\/301
|move|p2a: Ferrothorn|Stealth Rock|p1a: Gothitelle
|-sidestart|p1: CleanerThanRotom-W|move: Stealth Rock
|
|turn|15
|
|move|p1a: Gothitelle|Rest|p1a: Gothitelle
|-status|p1a: Gothitelle|slp
|-heal|p1a: Gothitelle|301\/301 slp|[silent]
|-status|p1a: Gothitelle|slp|[from] move: Rest
|move|p2a: Ferrothorn|Stealth Rock|p1a: Gothitelle
|-fail|p1a: Gothitelle
|
|turn|16
|
|cant|p1a: Gothitelle|slp
|move|p2a: Ferrothorn|Stealth Rock|p1a: Gothitelle
|-fail|p1a: Gothitelle
|
|turn|17
|
|cant|p1a: Gothitelle|slp
|move|p2a: Ferrothorn|Stealth Rock|p1a: Gothitelle
|-fail|p1a: Gothitelle
|
|turn|18
|
|-curestatus|p1a: Gothitelle|slp
|move|p1a: Gothitelle|Calm Mind|p1a: Gothitelle
|-boost|p1a: Gothitelle|spa|1
|-boost|p1a: Gothitelle|spd|1
|move|p2a: Ferrothorn|Stealth Rock|p1a: Gothitelle
|-fail|p1a: Gothitelle
|
|turn|19
|
|move|p1a: Gothitelle|Psychic|p2a: Ferrothorn
|-resisted|p2a: Ferrothorn
|-damage|p2a: Ferrothorn|184\/290
|move|p2a: Ferrothorn|Stealth Rock|p1a: Gothitelle
|-fail|p1a: Gothitelle
|
|turn|20
|
|move|p1a: Gothitelle|Psychic|p2a: Ferrothorn
|-resisted|p2a: Ferrothorn
|-damage|p2a: Ferrothorn|121\/290
|move|p2a: Ferrothorn|Stealth Rock|p1a: Gothitelle
|-fail|p1a: Gothitelle
|
|turn|21
|
|move|p1a: Gothitelle|Psychic|p2a: Ferrothorn
|-resisted|p2a: Ferrothorn
|-damage|p2a: Ferrothorn|60\/290
|-unboost|p2a: Ferrothorn|spd|1
|move|p2a: Ferrothorn|Stealth Rock|p1a: Gothitelle
|-fail|p1a: Gothitelle
|
|turn|22
|
|move|p1a: Gothitelle|Calm Mind|p1a: Gothitelle
|-boost|p1a: Gothitelle|spa|1
|-boost|p1a: Gothitelle|spd|1
|move|p2a: Ferrothorn|Stealth Rock|p1a: Gothitelle
|-fail|p1a: Gothitelle
|
|turn|23
|
|move|p1a: Gothitelle|Calm Mind|p1a: Gothitelle
|-boost|p1a: Gothitelle|spa|1
|-boost|p1a: Gothitelle|spd|1
|move|p2a: Ferrothorn|Stealth Rock|p1a: Gothitelle
|-fail|p1a: Gothitelle
|
|turn|24
|
|move|p1a: Gothitelle|Calm Mind|p1a: Gothitelle
|-boost|p1a: Gothitelle|spa|1
|-boost|p1a: Gothitelle|spd|1
|move|p2a: Ferrothorn|Stealth Rock|p1a: Gothitelle
|-fail|p1a: Gothitelle
|
|turn|25
|
|move|p1a: Gothitelle|Calm Mind|p1a: Gothitelle
|-boost|p1a: Gothitelle|spa|1
|-boost|p1a: Gothitelle|spd|1
|move|p2a: Ferrothorn|Stealth Rock|p1a: Gothitelle
|-fail|p1a: Gothitelle
|
|turn|26
|
|move|p1a: Gothitelle|Calm Mind|p1a: Gothitelle
|-boost|p1a: Gothitelle|spa|1
|-boost|p1a: Gothitelle|spd|1
|move|p2a: Ferrothorn|Stealth Rock|p1a: Gothitelle
|-fail|p1a: Gothitelle
|
|turn|27
|
|move|p1a: Gothitelle|Trick|p2a: Ferrothorn
|-activate|p1a: Gothitelle|move: Trick|[of] p2a: Ferrothorn
|-item|p2a: Ferrothorn|Rocky Helmet|[from] move: Trick
|-item|p1a: Gothitelle|Choice Scarf|[from] move: Trick
|move|p2a: Ferrothorn|Stealth Rock|p1a: Gothitelle
|-fail|p1a: Gothitelle
|
|turn|28
|
|move|p1a: Gothitelle|Psychic|p2a: Ferrothorn
|-resisted|p2a: Ferrothorn
|-damage|p2a: Ferrothorn|0 fnt
|faint|p2a: Ferrothorn
|
|
|switch|p2a: Slowbro|Slowbro-Mega, M|329\/379 tox
|turn|29
|
|move|p1a: Gothitelle|Psychic|p2a: Slowbro
|-resisted|p2a: Slowbro
|-damage|p2a: Slowbro|89\/379 tox
|move|p2a: Slowbro|Scald|p1a: Gothitelle
|-damage|p1a: Gothitelle|271\/301
|-status|p1a: Gothitelle|brn
|
|-damage|p1a: Gothitelle|234\/301 brn|[from] brn
|-damage|p2a: Slowbro|66\/379 tox|[from] psn
|turn|30
|
|move|p1a: Gothitelle|Psychic|p2a: Slowbro
|-resisted|p2a: Slowbro
|-damage|p2a: Slowbro|0 fnt
|faint|p2a: Slowbro
|
|-damage|p1a: Gothitelle|197\/301 brn|[from] brn
|
|switch|p2a: Raikou|Raikou|322\/322
|-ability|p2a: Raikou|Pressure
|turn|31
|
|move|p2a: Raikou|Shadow Ball|p1a: Gothitelle
|-supereffective|p1a: Gothitelle
|-damage|p1a: Gothitelle|155\/301 brn
|move|p1a: Gothitelle|Psychic|p2a: Raikou
|-damage|p2a: Raikou|4\/322
|
|-damage|p1a: Gothitelle|118\/301 brn|[from] brn
|turn|32
|
|move|p2a: Raikou|Shadow Ball|p1a: Gothitelle
|-supereffective|p1a: Gothitelle
|-damage|p1a: Gothitelle|78\/301 brn
|move|p1a: Gothitelle|Psychic|p2a: Raikou
|-damage|p2a: Raikou|0 fnt
|faint|p2a: Raikou
|
|-damage|p1a: Gothitelle|41\/301 brn|[from] brn
|
|switch|p2a: Latios|Latios, M|301\/301
|turn|33
|
|move|p2a: Latios|Draco Meteor|p1a: Gothitelle
|-damage|p1a: Gothitelle|0 fnt
|-unboost|p2a: Latios|spa|2
|faint|p1a: Gothitelle
|
|
|switch|p1a: Chansey|Chansey, F|703\/703
|-damage|p1a: Chansey|616\/703|[from] Stealth Rock
|turn|34
|
|switch|p2a: Keldeo|Keldeo|283\/324
|move|p1a: Chansey|Heal Bell|p1a: Chansey
|-cureteam|p1a: Chansey|[from] move: HealBell
|
|-heal|p2a: Keldeo|303\/324|[from] item: Leftovers
|turn|35
|
|switch|p1a: Cresselia|Cresselia, F|274\/444
|-damage|p1a: Cresselia|219\/444|[from] Stealth Rock
|move|p2a: Keldeo|Scald|p1a: Cresselia
|-damage|p1a: Cresselia|123\/444
|
|-heal|p2a: Keldeo|323\/324|[from] item: Leftovers
|-heal|p1a: Cresselia|150\/444|[from] item: Leftovers
|turn|36
|
|move|p2a: Keldeo|Scald|p1a: Cresselia
|-damage|p1a: Cresselia|62\/444
|-status|p1a: Cresselia|brn
|move|p1a: Cresselia|Moonlight|p1a: Cresselia
|-heal|p1a: Cresselia|284\/444 brn
|
|-heal|p2a: Keldeo|324\/324|[from] item: Leftovers
|-heal|p1a: Cresselia|311\/444 brn|[from] item: Leftovers
|-damage|p1a: Cresselia|256\/444 brn|[from] brn
|turn|37
|
|switch|p2a: Latios|Latios, M|301\/301
|move|p1a: Cresselia|Moonlight|p1a: Cresselia
|-heal|p1a: Cresselia|444\/444 brn
|
|-damage|p1a: Cresselia|389\/444 brn|[from] brn
|turn|38
|
|switch|p1a: Chansey|Chansey, F|616\/703
|-damage|p1a: Chansey|529\/703|[from] Stealth Rock
|move|p2a: Latios|Draco Meteor|p1a: Chansey
|-crit|p1a: Chansey
|-damage|p1a: Chansey|291\/703
|-unboost|p2a: Latios|spa|2
|
|turn|39
|
|switch|p2a: Keldeo|Keldeo|324\/324
|move|p1a: Chansey|Heal Bell|p1a: Chansey
|-cureteam|p1a: Chansey|[from] move: HealBell
|
|turn|40
|
|switch|p1a: Quagsire|Quagsire, F|393\/393
|-damage|p1a: Quagsire|369\/393|[from] Stealth Rock
|move|p2a: Keldeo|Secret Sword|p1a: Quagsire
|-damage|p1a: Quagsire|246\/393
|
|-heal|p1a: Quagsire|270\/393|[from] item: Leftovers
|turn|41
|
|move|p2a: Keldeo|Substitute|p2a: Keldeo
|-start|p2a: Keldeo|Substitute
|-damage|p2a: Keldeo|243\/324
|move|p1a: Quagsire|Toxic|p2a: Keldeo
|
|-heal|p2a: Keldeo|263\/324|[from] item: Leftovers
|-heal|p1a: Quagsire|294\/393|[from] item: Leftovers
|turn|42
|
|move|p2a: Keldeo|Scald|p1a: Quagsire
|-damage|p1a: Quagsire|90\/393
|-status|p1a: Quagsire|brn
|move|p1a: Quagsire|Earthquake|p2a: Keldeo
|-activate|p2a: Keldeo|Substitute|[damage]
|
|-heal|p2a: Keldeo|283\/324|[from] item: Leftovers
|-heal|p1a: Quagsire|114\/393 brn|[from] item: Leftovers
|-damage|p1a: Quagsire|65\/393 brn|[from] brn
|turn|43
|
|move|p2a: Keldeo|Scald|p1a: Quagsire
|-damage|p1a: Quagsire|0 fnt
|faint|p1a: Quagsire
|
|-heal|p2a: Keldeo|303\/324|[from] item: Leftovers
|
|switch|p1a: Cresselia|Cresselia, F|389\/444
|-damage|p1a: Cresselia|334\/444|[from] Stealth Rock
|turn|44
|
|move|p2a: Keldeo|Scald|p1a: Cresselia
|-damage|p1a: Cresselia|235\/444
|move|p1a: Cresselia|Psyshock|p2a: Keldeo
|-crit|p2a: Keldeo
|-supereffective|p2a: Keldeo
|-end|p2a: Keldeo|Substitute
|
|-heal|p2a: Keldeo|323\/324|[from] item: Leftovers
|-heal|p1a: Cresselia|262\/444|[from] item: Leftovers
|turn|45
|
|switch|p2a: Latios|Latios, M|301\/301
|move|p1a: Cresselia|Moonlight|p1a: Cresselia
|-heal|p1a: Cresselia|444\/444
|
|turn|46
|
|move|p2a: Latios|Ice Beam|p1a: Cresselia
|-damage|p1a: Cresselia|367\/444
|move|p1a: Cresselia|Toxic|p2a: Latios
|-status|p2a: Latios|tox
|
|-heal|p1a: Cresselia|394\/444|[from] item: Leftovers
|-damage|p2a: Latios|283\/301 tox|[from] psn
|turn|47
|
|switch|p2a: Keldeo|Keldeo|323\/324
|move|p1a: Cresselia|Toxic|p2a: Keldeo
|-status|p2a: Keldeo|tox
|
|-heal|p2a: Keldeo|324\/324 tox|[from] item: Leftovers
|-heal|p1a: Cresselia|421\/444|[from] item: Leftovers
|-damage|p2a: Keldeo|304\/324 tox|[from] psn
|turn|48
|
|move|p2a: Keldeo|Scald|p1a: Cresselia
|-damage|p1a: Cresselia|325\/444
|move|p1a: Cresselia|Psyshock|p2a: Keldeo
|-supereffective|p2a: Keldeo
|-damage|p2a: Keldeo|142\/324 tox
|
|-heal|p2a: Keldeo|162\/324 tox|[from] item: Leftovers
|-heal|p1a: Cresselia|352\/444|[from] item: Leftovers
|-damage|p2a: Keldeo|122\/324 tox|[from] psn
|turn|49
|
|move|p2a: Keldeo|Scald|p1a: Cresselia
|-damage|p1a: Cresselia|255\/444
|-status|p1a: Cresselia|brn
|move|p1a: Cresselia|Psyshock|p2a: Keldeo
|-supereffective|p2a: Keldeo
|-damage|p2a: Keldeo|0 fnt
|faint|p2a: Keldeo
|
|-heal|p1a: Cresselia|282\/444 brn|[from] item: Leftovers
|-damage|p1a: Cresselia|227\/444 brn|[from] brn
|
|switch|p2a: Latios|Latios, M|283\/301 tox
|turn|50
|
|move|p2a: Latios|Psychic|p1a: Cresselia
|-resisted|p1a: Cresselia
|-damage|p1a: Cresselia|171\/444 brn
|move|p1a: Cresselia|Moonlight|p1a: Cresselia
|-heal|p1a: Cresselia|393\/444 brn
|
|-heal|p1a: Cresselia|420\/444 brn|[from] item: Leftovers
|-damage|p2a: Latios|265\/301 tox|[from] psn
|-damage|p1a: Cresselia|365\/444 brn|[from] brn
|turn|51
|-message|Tegawende forfeited.
|
|win|CleanerThanRotom-W
|raw|Ladder updating...
|raw|CleanerThanRotom-W's rating: 1872 &rarr; <strong>1878<\/strong><br \/>(+6 for winning)
|raw|Tegawende's rating: 1576 &rarr; <strong>1570<\/strong><br \/>(-6 for losing)