|join|CleanerThanRotom-W
|join|Exiline
|join|nathaaan
|player|p1|CleanerThanRotom-W|226
|player|p2|Exiline|131
|gametype|singles
|gen|6
|tier|OU
|rated
|clearpoke
|poke|p1|Sableye, F
|poke|p1|Chansey, F
|poke|p1|Cresselia, F
|poke|p1|Gothitelle, F
|poke|p1|Skarmory, F
|poke|p1|Quagsire, M
|poke|p2|Tyranitar, M
|poke|p2|Altaria, F
|poke|p2|Excadrill, M
|poke|p2|Kyurem-Black
|poke|p2|Ferrothorn, M
|poke|p2|Talonflame, F
|rule|Swagger Clause: Swagger is banned
|rule|Baton Pass Clause: Limit one PokÃ©mon knowing Baton Pass
|rule|Sleep Clause Mod: Limit one foe put to sleep
|rule|Species Clause: Limit one of each PokÃ©mon
|rule|OHKO Clause: OHKO moves are banned
|rule|Moody Clause: Moody is banned
|rule|Evasion Moves Clause: Evasion moves are banned
|rule|Endless Battle Clause: Forcing endless battles is banned
|rule|HP Percentage Mod: HP is shown in percentages
|teampreview
|
|start
|switch|p1a: Sableye|Sableye, F|303\/303
|switch|p2a: Kyurem-Black|Kyurem-Black|403\/403
|-ability|p2a: Kyurem-Black|Teravolt
|turn|1
|
|detailschange|p1a: Sableye|Sableye-Mega, F
|-mega|p1a: Sableye|Sableye|Sablenite
|move|p1a: Sableye|Will-O-Wisp|p2a: Kyurem-Black
|-status|p2a: Kyurem-Black|brn
|move|p2a: Kyurem-Black|Ice Beam|p1a: Sableye
|-damage|p1a: Sableye|173\/303
|-damage|p2a: Kyurem-Black|363\/403 brn|[from] item: Life Orb
|
|-damage|p2a: Kyurem-Black|313\/403 brn|[from] brn
|turn|2
|
|switch|p2a: Altaria|Altaria, F|317\/317
|move|p1a: Sableye|Recover|p1a: Sableye
|-heal|p1a: Sableye|303\/303
|
|turn|3
|c|âExiline|humm
|c|âExiline|I can't win this battle
|
|switch|p2a: Talonflame|Talonflame, F|319\/319
|switch|p1a: Cresselia|Cresselia, F|444\/444
|
|turn|4
|
|switch|p1a: Quagsire|Quagsire, M|393\/393
|move|p2a: Talonflame|Taunt|p1a: Quagsire
|-start|p1a: Quagsire|move: Taunt
|
|turn|5
|
|move|p2a: Talonflame|Brave Bird|p1a: Quagsire
|-damage|p1a: Quagsire|245\/393
|-damage|p2a: Talonflame|270\/319|[from] recoil|[of] p1a: Quagsire
|move|p1a: Quagsire|Scald|p2a: Talonflame
|-supereffective|p2a: Talonflame
|-damage|p2a: Talonflame|102\/319
|
|-heal|p1a: Quagsire|269\/393|[from] item: Leftovers
|turn|6
|c|âExiline|x(
|-message|Exiline forfeited.
|
|win|CleanerThanRotom-W
|raw|Ladder updating...