|join|CleanerThanRotom-W
|join|Cienight
|player|p1|CleanerThanRotom-W|226
|player|p2|Cienight|84
|gametype|singles
|gen|6
|tier|OU
|rated
|clearpoke
|poke|p1|Sableye, F
|poke|p1|Chansey, F
|poke|p1|Cresselia, F
|poke|p1|Gothitelle, F
|poke|p1|Skarmory, F
|poke|p1|Quagsire, F
|poke|p2|Azumarill, F
|poke|p2|Ferrothorn, F
|poke|p2|Landorus-Therian, M, shiny
|poke|p2|Latias, F
|poke|p2|Charizard, M
|poke|p2|Mew
|rule|Swagger Clause: Swagger is banned
|rule|Baton Pass Clause: Limit one PokÃ©mon knowing Baton Pass
|rule|Sleep Clause Mod: Limit one foe put to sleep
|rule|Species Clause: Limit one of each PokÃ©mon
|rule|OHKO Clause: OHKO moves are banned
|rule|Moody Clause: Moody is banned
|rule|Evasion Moves Clause: Evasion moves are banned
|rule|Endless Battle Clause: Forcing endless battles is banned
|rule|HP Percentage Mod: HP is shown in percentages
|teampreview
|join|Tom Bus
|c|âCienight|zzzzzzzzzzzzzzzzzzzz
|
|start
|switch|p1a: Quagsire|Quagsire, F|393\/393
|switch|p2a: Charizard|Charizard, M|315\/315
|turn|1
|c|âCienight|why cant I ladder in peace
|c|âCienight|zzzzzz
|
|switch|p2a: Ferrothorn|Ferrothorn, F|349\/349
|switch|p1a: Sableye|Sableye, F|303\/303
|
|turn|2
|join|Alkov
|
|switch|p2a: Charizard|Charizard, M|315\/315
|detailschange|p1a: Sableye|Sableye-Mega, F
|-mega|p1a: Sableye|Sableye|Sablenite
|move|p1a: Sableye|Snarl|p2a: Charizard
|-damage|p2a: Charizard|254\/315
|-unboost|p2a: Charizard|spa|1
|
|turn|3
|join|KenusSwe
|
|switch|p1a: Quagsire|Quagsire, F|393\/393
|detailschange|p2a: Charizard|Charizard-Mega-X, M
|-mega|p2a: Charizard|Charizard|Charizardite X
|move|p2a: Charizard|Flare Blitz|p1a: Quagsire
|-resisted|p1a: Quagsire
|-damage|p1a: Quagsire|273\/393
|-damage|p2a: Charizard|214\/315|[from] recoil|[of] p1a: Quagsire
|
|-heal|p1a: Quagsire|297\/393|[from] item: Leftovers
|turn|4
|
|switch|p2a: Ferrothorn|Ferrothorn, F|349\/349
|move|p1a: Quagsire|Recover|p1a: Quagsire
|-heal|p1a: Quagsire|393\/393
|
|turn|5
|
|switch|p1a: Sableye|Sableye-Mega, F|303\/303
|switch|p2a: Charizard|Charizard-Mega-X, M|214\/315
|
|turn|6
|
|switch|p1a: Quagsire|Quagsire, F|393\/393
|move|p2a: Charizard|Dragon Claw|p1a: Quagsire
|-damage|p1a: Quagsire|248\/393
|
|-heal|p1a: Quagsire|272\/393|[from] item: Leftovers
|turn|7
|
|move|p2a: Charizard|Dragon Claw|p1a: Quagsire
|-damage|p1a: Quagsire|107\/393
|move|p1a: Quagsire|Recover|p1a: Quagsire
|-heal|p1a: Quagsire|304\/393
|
|-heal|p1a: Quagsire|328\/393|[from] item: Leftovers
|turn|8
|
|move|p2a: Charizard|Roost|p2a: Charizard
|-heal|p2a: Charizard|315\/315
|move|p1a: Quagsire|Recover|p1a: Quagsire
|-heal|p1a: Quagsire|393\/393
|
|turn|9
|
|switch|p2a: Mew|Mew|400\/400
|move|p1a: Quagsire|Scald|p2a: Mew
|-damage|p2a: Mew|343\/400
|
|-heal|p2a: Mew|368\/400|[from] item: Leftovers
|turn|10
|
|switch|p2a: Charizard|Charizard-Mega-X, M|315\/315
|switch|p1a: Sableye|Sableye-Mega, F|303\/303
|
|turn|11
|
|switch|p1a: Quagsire|Quagsire, F|393\/393
|move|p2a: Charizard|Flare Blitz|p1a: Quagsire
|-resisted|p1a: Quagsire
|-damage|p1a: Quagsire|275\/393
|-damage|p2a: Charizard|276\/315|[from] recoil|[of] p1a: Quagsire
|
|-heal|p1a: Quagsire|299\/393|[from] item: Leftovers
|turn|12
|
|move|p2a: Charizard|Dragon Claw|p1a: Quagsire
|-damage|p1a: Quagsire|142\/393
|move|p1a: Quagsire|Recover|p1a: Quagsire
|-heal|p1a: Quagsire|339\/393
|
|-heal|p1a: Quagsire|363\/393|[from] item: Leftovers
|turn|13
|
|switch|p2a: Mew|Mew|368\/400
|move|p1a: Quagsire|Earthquake|p2a: Mew
|-damage|p2a: Mew|259\/400
|
|-heal|p2a: Mew|284\/400|[from] item: Leftovers
|-heal|p1a: Quagsire|387\/393|[from] item: Leftovers
|turn|14
|
|switch|p1a: Sableye|Sableye-Mega, F|303\/303
|move|p2a: Mew|Roost|p2a: Mew
|-heal|p2a: Mew|400\/400
|
|turn|15
|
|switch|p2a: Charizard|Charizard-Mega-X, M|276\/315
|switch|p1a: Quagsire|Quagsire, F|387\/393
|
|-heal|p1a: Quagsire|393\/393|[from] item: Leftovers
|turn|16
|
|switch|p2a: Mew|Mew|400\/400
|switch|p1a: Gothitelle|Gothitelle, F|301\/301
|
|turn|17
|
|move|p1a: Gothitelle|Trick|p2a: Mew
|-activate|p1a: Gothitelle|move: Trick|[of] p2a: Mew
|-item|p2a: Mew|Choice Scarf|[from] move: Trick
|-item|p1a: Gothitelle|Leftovers|[from] move: Trick
|move|p2a: Mew|Knock Off|p1a: Gothitelle
|-supereffective|p1a: Gothitelle
|-damage|p1a: Gothitelle|135\/301
|-enditem|p1a: Gothitelle|Leftovers|[from] move: Knock Off|[of] p2a: Mew
|
|turn|18
|
|switch|p1a: Sableye|Sableye-Mega, F|303\/303
|move|p2a: Mew|Knock Off|p1a: Sableye
|-damage|p1a: Sableye|259\/303
|
|turn|19
|
|switch|p2a: Charizard|Charizard-Mega-X, M|276\/315
|switch|p1a: Quagsire|Quagsire, F|393\/393
|
|turn|20
|
|switch|p2a: Mew|Mew|400\/400
|move|p1a: Quagsire|Toxic|p2a: Mew|[miss]
|-miss|p1a: Quagsire|p2a: Mew
|
|turn|21
|
|switch|p2a: Charizard|Charizard-Mega-X, M|276\/315
|move|p1a: Quagsire|Toxic|p2a: Charizard|[miss]
|-miss|p1a: Quagsire|p2a: Charizard
|
|turn|22
|c| KenusSwe|ohhh
|c| KenusSwe|lucky
|raw|<div class="broadcast-red"><b>Moderated chat was set to +!<\/b><br \/>Only users of rank + and higher can talk.<\/div>
|
|switch|p2a: Ferrothorn|Ferrothorn, F|349\/349
|move|p1a: Quagsire|Toxic|p2a: Ferrothorn
|-fail|p2a: Ferrothorn
|
|turn|23
|
|move|p1a: Quagsire|Toxic|p2a: Ferrothorn
|-fail|p2a: Ferrothorn
|move|p2a: Ferrothorn|Power Whip|p1a: Quagsire
|-supereffective|p1a: Quagsire
|-damage|p1a: Quagsire|0 fnt
|faint|p1a: Quagsire
|
|
|switch|p1a: Sableye|Sableye-Mega, F|259\/303
|turn|24
|
|switch|p1a: Skarmory|Skarmory, F|334\/334
|switch|p2a: Charizard|Charizard-Mega-X, M|276\/315
|
|turn|25
|
|switch|p2a: Latias|Latias, F|301\/301
|move|p1a: Skarmory|Counter|p2a: Latias
|-fail|p2a: Latias
|
|turn|26
|
|switch|p2a: Azumarill|Azumarill, F|381\/381
|switch|p1a: Sableye|Sableye-Mega, F|259\/303
|
|turn|27
|
|switch|p1a: Cresselia|Cresselia, F|444\/444
|move|p2a: Azumarill|Waterfall|p1a: Cresselia
|-damage|p1a: Cresselia|246\/444
|
|-heal|p1a: Cresselia|273\/444|[from] item: Leftovers
|turn|28
|
|switch|p1a: Chansey|Chansey, F|703\/703
|move|p2a: Azumarill|Waterfall|p1a: Chansey
|-damage|p1a: Chansey|354\/703
|
|turn|29
|
|switch|p2a: Charizard|Charizard-Mega-X, M|276\/315
|move|p1a: Chansey|Stealth Rock|p2a: Charizard
|-sidestart|p2: Cienight|move: Stealth Rock
|
|turn|30
|
|switch|p1a: Gothitelle|Gothitelle, F|135\/301
|move|p2a: Charizard|Flare Blitz|p1a: Gothitelle
|-damage|p1a: Gothitelle|0 fnt
|-damage|p2a: Charizard|231\/315|[from] recoil|[of] p1a: Gothitelle
|faint|p1a: Gothitelle
|
|
|switch|p1a: Skarmory|Skarmory, F|334\/334
|turn|31
|
|switch|p2a: Latias|Latias, F|301\/301
|-damage|p2a: Latias|264\/301|[from] Stealth Rock
|move|p1a: Skarmory|Spikes|p2a: Latias
|-sidestart|p2: Cienight|Spikes
|
|turn|32
|
|switch|p1a: Chansey|Chansey, F|354\/703
|move|p2a: Latias|Defog|p1a: Chansey
|-unboost|p1a: Chansey|evasion|1
|-sideend|p2: Cienight|Spikes|[from] move: Defog|[of] p2a: Latias
|-sideend|p2: Cienight|Stealth Rock|[from] move: Defog|[of] p2a: Latias
|
|turn|33
|
|switch|p2a: Charizard|Charizard-Mega-X, M|231\/315
|move|p1a: Chansey|Soft-Boiled|p1a: Chansey
|-heal|p1a: Chansey|703\/703
|
|turn|34
|
|move|p2a: Charizard|Flare Blitz|p1a: Chansey
|-damage|p1a: Chansey|348\/703
|-damage|p2a: Charizard|114\/315|[from] recoil|[of] p1a: Chansey
|move|p1a: Chansey|Stealth Rock|p2a: Charizard
|-sidestart|p2: Cienight|move: Stealth Rock
|
|turn|35
|
|move|p2a: Charizard|Roost|p2a: Charizard
|-heal|p2a: Charizard|272\/315
|move|p1a: Chansey|Soft-Boiled|p1a: Chansey
|-heal|p1a: Chansey|700\/703
|
|turn|36
|
|switch|p2a: Ferrothorn|Ferrothorn, F|349\/349
|-damage|p2a: Ferrothorn|328\/349|[from] Stealth Rock
|move|p1a: Chansey|Seismic Toss|p2a: Ferrothorn
|-damage|p2a: Ferrothorn|228\/349
|-damage|p1a: Chansey|613\/703|[from] ability: Iron Barbs|[of] p2a: Ferrothorn
|
|-heal|p2a: Ferrothorn|249\/349|[from] item: Leftovers
|turn|37
|
|switch|p2a: Azumarill|Azumarill, F|381\/381
|-damage|p2a: Azumarill|334\/381|[from] Stealth Rock
|move|p1a: Chansey|Seismic Toss|p2a: Azumarill
|-damage|p2a: Azumarill|234\/381
|
|turn|38
|join|PomMan
|
|switch|p1a: Cresselia|Cresselia, F|273\/444
|move|p2a: Azumarill|Waterfall|p1a: Cresselia
|-damage|p1a: Cresselia|57\/444
|
|-heal|p1a: Cresselia|84\/444|[from] item: Leftovers
|turn|39
|leave|PomMan
|
|move|p1a: Cresselia|Moonlight|p1a: Cresselia
|-heal|p1a: Cresselia|306\/444
|move|p2a: Azumarill|Waterfall|p1a: Cresselia
|-damage|p1a: Cresselia|90\/444
|
|-heal|p1a: Cresselia|117\/444|[from] item: Leftovers
|turn|40
|
|move|p1a: Cresselia|Moonlight|p1a: Cresselia
|-heal|p1a: Cresselia|339\/444
|move|p2a: Azumarill|Waterfall|p1a: Cresselia
|-damage|p1a: Cresselia|134\/444
|
|-heal|p1a: Cresselia|161\/444|[from] item: Leftovers
|turn|41
|
|move|p1a: Cresselia|Skill Swap|p2a: Azumarill
|-activate|p1a: Cresselia|move: Skill Swap|Huge Power|Levitate|[of] p2a: Azumarill
|move|p2a: Azumarill|Waterfall|p1a: Cresselia
|-damage|p1a: Cresselia|62\/444
|
|-heal|p1a: Cresselia|89\/444|[from] item: Leftovers
|turn|42
|
|switch|p2a: Landorus-Therian|Landorus-Therian, M, shiny|325\/325
|-damage|p2a: Landorus-Therian|285\/325|[from] Stealth Rock
|-ability|p2a: Landorus-Therian|Intimidate|[of] p1a: Cresselia
|-unboost|p1a: Cresselia|atk|1
|move|p1a: Cresselia|Moonlight|p1a: Cresselia
|-heal|p1a: Cresselia|311\/444
|
|-heal|p1a: Cresselia|338\/444|[from] item: Leftovers
|turn|43
|
|move|p2a: Landorus-Therian|U-turn|p1a: Cresselia
|-supereffective|p1a: Cresselia
|-damage|p1a: Cresselia|192\/444
|
|switch|p2a: Mew|Mew|400\/400
|-damage|p2a: Mew|350\/400|[from] Stealth Rock
|move|p1a: Cresselia|Moonlight|p1a: Cresselia
|-heal|p1a: Cresselia|414\/444
|
|-heal|p1a: Cresselia|441\/444|[from] item: Leftovers
|turn|44
|
|switch|p2a: Azumarill|Azumarill, F|234\/381
|-damage|p2a: Azumarill|187\/381|[from] Stealth Rock
|switch|p1a: Sableye|Sableye-Mega, F|259\/303
|
|turn|45
|
|switch|p1a: Cresselia|Cresselia, F|441\/444
|move|p2a: Azumarill|Play Rough|p1a: Cresselia
|-damage|p1a: Cresselia|195\/444
|
|-heal|p1a: Cresselia|222\/444|[from] item: Leftovers
|turn|46
|
|move|p1a: Cresselia|Skill Swap|p2a: Azumarill
|-activate|p1a: Cresselia|move: Skill Swap|Huge Power|Levitate|[of] p2a: Azumarill
|move|p2a: Azumarill|Play Rough|p1a: Cresselia
|-damage|p1a: Cresselia|104\/444
|
|-heal|p1a: Cresselia|131\/444|[from] item: Leftovers
|turn|47
|
|switch|p2a: Mew|Mew|350\/400
|-damage|p2a: Mew|300\/400|[from] Stealth Rock
|move|p1a: Cresselia|Moonlight|p1a: Cresselia
|-heal|p1a: Cresselia|353\/444
|
|-heal|p1a: Cresselia|380\/444|[from] item: Leftovers
|turn|48
|
|switch|p1a: Sableye|Sableye-Mega, F|259\/303
|move|p2a: Mew|Will-O-Wisp|p1a: Sableye
|move|p1a: Sableye|Will-O-Wisp|p2a: Mew|[from]Magic Bounce
|-status|p2a: Mew|brn
|-status|p1a: Sableye|brn
|
|-damage|p2a: Mew|250\/400 brn|[from] brn
|-damage|p1a: Sableye|222\/303 brn|[from] brn
|turn|49
|
|switch|p2a: Charizard|Charizard-Mega-X, M|272\/315
|-damage|p2a: Charizard|194\/315|[from] Stealth Rock
|switch|p1a: Chansey|Chansey, F|613\/703
|
|turn|50
|
|move|p2a: Charizard|Roost|p2a: Charizard
|-heal|p2a: Charizard|315\/315
|move|p1a: Chansey|Seismic Toss|p2a: Charizard
|-damage|p2a: Charizard|215\/315
|
|turn|51
|
|move|p2a: Charizard|Dragon Claw|p1a: Chansey
|-damage|p1a: Chansey|367\/703
|move|p1a: Chansey|Soft-Boiled|p1a: Chansey
|-heal|p1a: Chansey|703\/703
|
|turn|52
|
|move|p2a: Charizard|Roost|p2a: Charizard
|-heal|p2a: Charizard|315\/315
|move|p1a: Chansey|Heal Bell|p1a: Chansey
|-cureteam|p1a: Chansey|[from] move: HealBell
|
|turn|53
|
|move|p2a: Charizard|Dragon Dance|p2a: Charizard
|-boost|p2a: Charizard|atk|1
|-boost|p2a: Charizard|spe|1
|move|p1a: Chansey|Seismic Toss|p2a: Charizard
|-damage|p2a: Charizard|215\/315
|
|turn|54
|
|move|p2a: Charizard|Dragon Claw|p1a: Chansey
|-damage|p1a: Chansey|306\/703
|move|p1a: Chansey|Seismic Toss|p2a: Charizard
|-damage|p2a: Charizard|115\/315
|
|turn|55
|
|move|p2a: Charizard|Roost|p2a: Charizard
|-heal|p2a: Charizard|273\/315
|move|p1a: Chansey|Seismic Toss|p2a: Charizard
|-damage|p2a: Charizard|173\/315
|
|turn|56
|
|move|p2a: Charizard|Dragon Claw|p1a: Chansey
|-damage|p1a: Chansey|0 fnt
|faint|p1a: Chansey
|
|
|switch|p1a: Skarmory|Skarmory, F|334\/334
|turn|57
|
|switch|p1a: Cresselia|Cresselia, F|380\/444
|move|p2a: Charizard|Roost|p2a: Charizard
|-heal|p2a: Charizard|315\/315
|
|-heal|p1a: Cresselia|407\/444|[from] item: Leftovers
|turn|58
|
|move|p2a: Charizard|Flare Blitz|p1a: Cresselia
|-damage|p1a: Cresselia|59\/444
|-damage|p2a: Charizard|200\/315|[from] recoil|[of] p1a: Cresselia
|move|p1a: Cresselia|Toxic|p2a: Charizard
|-status|p2a: Charizard|tox
|
|-heal|p1a: Cresselia|86\/444|[from] item: Leftovers
|-damage|p2a: Charizard|181\/315 tox|[from] psn
|turn|59
|leave|Tom Bus
|
|move|p2a: Charizard|Dragon Claw|p1a: Cresselia
|-damage|p1a: Cresselia|0 fnt
|faint|p1a: Cresselia
|
|-damage|p2a: Charizard|143\/315 tox|[from] psn
|
|switch|p1a: Skarmory|Skarmory, F|334\/334
|turn|60
|
|switch|p2a: Latias|Latias, F|264\/301
|-damage|p2a: Latias|227\/301|[from] Stealth Rock
|move|p1a: Skarmory|Roost|p1a: Skarmory
|-fail|p1a: Skarmory
|
|turn|61
|
|switch|p1a: Sableye|Sableye-Mega, F|222\/303
|move|p2a: Latias|Defog|p1a: Sableye
|move|p1a: Sableye|Defog|p2a: Latias|[from]Magic Bounce
|-unboost|p2a: Latias|evasion|1
|-sideend|p2: Cienight|Stealth Rock|[from] move: Defog|[of] p2a: Latias
|
|turn|62
|
|switch|p1a: Skarmory|Skarmory, F|334\/334
|move|p2a: Latias|Healing Wish|p2a: Latias
|faint|p2a: Latias
|
|
|switch|p2a: Charizard|Charizard-Mega-X, M|143\/315 tox
|-heal|p2a: Charizard|315\/315|[from] move: Healing Wish
|turn|63
|
|switch|p2a: Ferrothorn|Ferrothorn, F|249\/349
|move|p1a: Skarmory|Counter|p2a: Ferrothorn
|-fail|p2a: Ferrothorn
|
|-heal|p2a: Ferrothorn|270\/349|[from] item: Leftovers
|turn|64
|
|switch|p2a: Charizard|Charizard-Mega-X, M|315\/315
|move|p1a: Skarmory|Spikes|p2a: Charizard
|-sidestart|p2: Cienight|Spikes
|
|turn|65
|
|switch|p2a: Ferrothorn|Ferrothorn, F|270\/349
|-damage|p2a: Ferrothorn|227\/349|[from] Spikes
|move|p1a: Skarmory|Counter|p2a: Ferrothorn
|-fail|p2a: Ferrothorn
|
|-heal|p2a: Ferrothorn|248\/349|[from] item: Leftovers
|turn|66
|
|move|p1a: Skarmory|Spikes|p2a: Ferrothorn
|-sidestart|p2: Cienight|Spikes
|move|p2a: Ferrothorn|Power Whip|p1a: Skarmory|[miss]
|-miss|p2a: Ferrothorn|p1a: Skarmory
|
|-heal|p2a: Ferrothorn|269\/349|[from] item: Leftovers
|turn|67
|
|switch|p1a: Sableye|Sableye-Mega, F|222\/303
|move|p2a: Ferrothorn|Power Whip|p1a: Sableye
|-damage|p1a: Sableye|114\/303
|
|-heal|p2a: Ferrothorn|290\/349|[from] item: Leftovers
|turn|68
|
|switch|p1a: Skarmory|Skarmory, F|334\/334
|switch|p2a: Charizard|Charizard-Mega-X, M|315\/315
|-damage|p2a: Charizard|263\/315|[from] Spikes
|
|turn|69
|
|switch|p2a: Landorus-Therian|Landorus-Therian, M, shiny|285\/325
|-ability|p2a: Landorus-Therian|Intimidate|[of] p1a: Skarmory
|-unboost|p1a: Skarmory|atk|1
|move|p1a: Skarmory|Spikes|p2a: Landorus-Therian
|-sidestart|p2: Cienight|Spikes
|
|turn|70
|
|move|p2a: Landorus-Therian|U-turn|p1a: Skarmory
|-resisted|p1a: Skarmory
|-damage|p1a: Skarmory|321\/334
|
|switch|p2a: Ferrothorn|Ferrothorn, F|290\/349
|-damage|p2a: Ferrothorn|203\/349|[from] Spikes
|move|p1a: Skarmory|Roost|p1a: Skarmory
|-heal|p1a: Skarmory|334\/334
|
|-heal|p2a: Ferrothorn|224\/349|[from] item: Leftovers
|turn|71
|
|switch|p1a: Sableye|Sableye-Mega, F|114\/303
|switch|p2a: Charizard|Charizard-Mega-X, M|263\/315
|-damage|p2a: Charizard|185\/315|[from] Spikes
|
|turn|72
|
|switch|p1a: Skarmory|Skarmory, F|334\/334
|move|p2a: Charizard|Flare Blitz|p1a: Skarmory
|-supereffective|p1a: Skarmory
|-damage|p1a: Skarmory|14\/334
|-damage|p2a: Charizard|79\/315|[from] recoil|[of] p1a: Skarmory
|
|turn|73
|-message|CleanerThanRotom-W forfeited.
|
|win|Cienight
|raw|Ladder updating...
|leave|CleanerThanRotom-W
|player|p1
|raw|CleanerThanRotom-W's rating: 1805 &rarr; <strong>1779<\/strong><br \/>(-26 for losing)
|raw|Cienight's rating: 1698 &rarr; <strong>1724<\/strong><br \/>(+26 for winning)
|leave|Alkov
|join|CleanerThanRotom-W
|leave|CleanerThanRotom-W
|leave|Cienight
|player|p2