|join|CleanerThanRotom-W
|join|Mounts
|player|p1|CleanerThanRotom-W|226
|player|p2|Mounts|101
|gametype|singles
|gen|6
|tier|OU
|rated
|clearpoke
|poke|p1|Sableye, M
|poke|p1|Chansey, F
|poke|p1|Cresselia, F
|poke|p1|Gothitelle, F
|poke|p1|Skarmory, F
|poke|p1|Quagsire, F
|poke|p2|Altaria, M
|poke|p2|Bisharp, F
|poke|p2|Garchomp, F
|poke|p2|Thundurus, M
|poke|p2|Klefki, M
|poke|p2|Azelf
|rule|Swagger Clause: Swagger is banned
|rule|Baton Pass Clause: Limit one PokÃ©mon knowing Baton Pass
|rule|Sleep Clause Mod: Limit one foe put to sleep
|rule|Species Clause: Limit one of each PokÃ©mon
|rule|OHKO Clause: OHKO moves are banned
|rule|Moody Clause: Moody is banned
|rule|Evasion Moves Clause: Evasion moves are banned
|rule|Endless Battle Clause: Forcing endless battles is banned
|rule|HP Percentage Mod: HP is shown in percentages
|teampreview
|join|A2tehBR
|join|leremyju
|
|start
|switch|p1a: Cosine180|Sableye, M|303\/303
|switch|p2a: Altaria|Altaria, M|307\/307
|turn|1
|join|Kugawattan
|
|switch|p1a: Moon Duck|Cresselia, F|444\/444
|detailschange|p2a: Altaria|Altaria-Mega, M
|-mega|p2a: Altaria|Altaria|Altarianite
|move|p2a: Altaria|Return|p1a: Moon Duck
|-damage|p1a: Moon Duck|266\/444
|
|-heal|p1a: Moon Duck|293\/444|[from] item: Leftovers
|turn|2
|join|LUSTY LEDDIT
|c| LUSTY LEDDIT|amazing team mounts!
|
|switch|p2a: Garchomp|Garchomp, F|357\/357
|switch|p1a: Cosine180|Sableye, M|303\/303
|
|turn|3
|
|switch|p2a: Altaria|Altaria-Mega, M|307\/307
|detailschange|p1a: Cosine180|Sableye-Mega, M
|-mega|p1a: Cosine180|Sableye|Sablenite
|move|p1a: Cosine180|Will-O-Wisp|p2a: Altaria
|-status|p2a: Altaria|brn
|
|-damage|p2a: Altaria|269\/307 brn|[from] brn
|turn|4
|
|switch|p1a: Moon Duck|Cresselia, F|293\/444
|move|p2a: Altaria|Heal Bell|p2a: Altaria
|-cureteam|p2a: Altaria|[from] move: HealBell
|
|-heal|p1a: Moon Duck|320\/444|[from] item: Leftovers
|turn|5
|join|Cienight
|join|DennisEG
|
|move|p2a: Altaria|Dragon Dance|p2a: Altaria
|-boost|p2a: Altaria|atk|1
|-boost|p2a: Altaria|spe|1
|move|p1a: Moon Duck|Moonlight|p1a: Moon Duck
|-heal|p1a: Moon Duck|444\/444
|
|turn|6
|
|move|p2a: Altaria|Return|p1a: Moon Duck
|-damage|p1a: Moon Duck|183\/444
|move|p1a: Moon Duck|Skill Swap|p2a: Altaria
|-activate|p1a: Moon Duck|move: Skill Swap|Pixilate|Levitate|[of] p2a: Altaria
|
|-heal|p1a: Moon Duck|210\/444|[from] item: Leftovers
|turn|7
|
|switch|p2a: Bisharp|Bisharp, F|271\/271
|move|p1a: Moon Duck|Moonlight|p1a: Moon Duck
|-heal|p1a: Moon Duck|432\/444
|
|-heal|p1a: Moon Duck|444\/444|[from] item: Leftovers
|turn|8
|
|switch|p2a: Garchomp|Garchomp, F|357\/357
|switch|p1a: Aka Zenzo|Quagsire, F|393\/393
|
|turn|9
|c| A2tehBR|i think zap amoong over cress skarm may work
|
|move|p2a: Garchomp|Swords Dance|p2a: Garchomp
|-boost|p2a: Garchomp|atk|2
|move|p1a: Aka Zenzo|Toxic|p2a: Garchomp
|-status|p2a: Garchomp|tox
|-enditem|p2a: Garchomp|Lum Berry|[eat]
|-curestatus|p2a: Garchomp|tox
|
|turn|10
|
|move|p2a: Garchomp|Stealth Rock|p1a: Aka Zenzo
|-sidestart|p1: CleanerThanRotom-W|move: Stealth Rock
|move|p1a: Aka Zenzo|Toxic|p2a: Garchomp|[miss]
|-miss|p1a: Aka Zenzo|p2a: Garchomp
|
|turn|11
|join|InToDaPussi
|c| LUSTY LEDDIT|.....
|c| LUSTY LEDDIT|u fucking srs popyhead?
|leave|A2tehBR
|
|move|p2a: Garchomp|Outrage|p1a: Aka Zenzo
|-damage|p1a: Aka Zenzo|236\/393
|move|p1a: Aka Zenzo|Scald|p2a: Garchomp
|-damage|p2a: Garchomp|284\/357
|
|-heal|p1a: Aka Zenzo|260\/393|[from] item: Leftovers
|turn|12
|
|move|p2a: Garchomp|Outrage|p1a: Aka Zenzo
|-damage|p1a: Aka Zenzo|86\/393
|move|p1a: Aka Zenzo|Recover|p1a: Aka Zenzo
|-heal|p1a: Aka Zenzo|283\/393
|
|-end|p2a: Garchomp|rampage
|-start|p2a: Garchomp|confusion
|-heal|p1a: Aka Zenzo|307\/393|[from] item: Leftovers
|turn|13
|
|switch|p2a: Altaria|Altaria-Mega, M|269\/307
|move|p1a: Aka Zenzo|Recover|p1a: Aka Zenzo
|-heal|p1a: Aka Zenzo|393\/393
|
|turn|14
|
|move|p2a: Altaria|Return|p1a: Aka Zenzo
|-damage|p1a: Aka Zenzo|204\/393
|move|p1a: Aka Zenzo|Toxic|p2a: Altaria
|-status|p2a: Altaria|tox
|
|-heal|p1a: Aka Zenzo|228\/393|[from] item: Leftovers
|-damage|p2a: Altaria|250\/307 tox|[from] psn
|turn|15
|
|move|p2a: Altaria|Return|p1a: Aka Zenzo
|-damage|p1a: Aka Zenzo|56\/393
|move|p1a: Aka Zenzo|Recover|p1a: Aka Zenzo
|-heal|p1a: Aka Zenzo|253\/393
|
|-heal|p1a: Aka Zenzo|277\/393|[from] item: Leftovers
|-damage|p2a: Altaria|212\/307 tox|[from] psn
|turn|16
|leave|DennisEG
|
|move|p2a: Altaria|Return|p1a: Aka Zenzo
|-damage|p1a: Aka Zenzo|109\/393
|move|p1a: Aka Zenzo|Recover|p1a: Aka Zenzo
|-heal|p1a: Aka Zenzo|306\/393
|
|-heal|p1a: Aka Zenzo|330\/393|[from] item: Leftovers
|-damage|p2a: Altaria|155\/307 tox|[from] psn
|turn|17
|join|DennisEG
|leave|DennisEG
|
|move|p2a: Altaria|Heal Bell|p2a: Altaria
|-cureteam|p2a: Altaria|[from] move: HealBell
|move|p1a: Aka Zenzo|Earthquake|p2a: Altaria
|-damage|p2a: Altaria|59\/307
|
|-heal|p1a: Aka Zenzo|354\/393|[from] item: Leftovers
|turn|18
|
|move|p2a: Altaria|Roost|p2a: Altaria
|-heal|p2a: Altaria|213\/307
|move|p1a: Aka Zenzo|Toxic|p2a: Altaria
|-status|p2a: Altaria|tox
|
|-heal|p1a: Aka Zenzo|378\/393|[from] item: Leftovers
|-damage|p2a: Altaria|194\/307 tox|[from] psn
|turn|19
|
|switch|p2a: Azelf|Azelf|291\/291
|move|p1a: Aka Zenzo|Scald|p2a: Azelf
|-damage|p2a: Azelf|209\/291
|-status|p2a: Azelf|brn
|
|-heal|p1a: Aka Zenzo|393\/393|[from] item: Leftovers
|-damage|p2a: Azelf|173\/291 brn|[from] brn
|turn|20
|
|switch|p2a: Altaria|Altaria-Mega, M|194\/307 tox
|switch|p1a: Cosine180|Sableye-Mega, M|303\/303
|-damage|p1a: Cosine180|266\/303|[from] Stealth Rock
|
|-damage|p2a: Altaria|175\/307 tox|[from] psn
|turn|21
|
|switch|p1a: Aka Trice|Skarmory, F|334\/334
|-damage|p1a: Aka Trice|293\/334|[from] Stealth Rock
|move|p2a: Altaria|Return|p1a: Aka Trice
|-resisted|p1a: Aka Trice
|-damage|p1a: Aka Trice|233\/334
|-damage|p2a: Altaria|124\/307 tox|[from] item: Rocky Helmet|[of] p1a: Aka Trice
|
|-damage|p2a: Altaria|86\/307 tox|[from] psn
|turn|22
|leave|leremyju
|
|move|p2a: Altaria|Roost|p2a: Altaria
|-heal|p2a: Altaria|240\/307 tox
|move|p1a: Aka Trice|Defog|p2a: Altaria
|-unboost|p2a: Altaria|evasion|1
|-sideend|p1: CleanerThanRotom-W|Stealth Rock|[from] move: Defog|[of] p1a: Aka Trice
|
|-damage|p2a: Altaria|183\/307 tox|[from] psn
|turn|23
|
|switch|p2a: Thundurus|Thundurus, M|299\/299
|move|p1a: Aka Trice|Roost|p1a: Aka Trice
|-heal|p1a: Aka Trice|334\/334
|
|turn|24
|
|switch|p1a: Aka Zenzo|Quagsire, F|393\/393
|move|p2a: Thundurus|Nasty Plot|p2a: Thundurus
|-boost|p2a: Thundurus|spa|2
|
|turn|25
|
|move|p2a: Thundurus|Focus Blast|p1a: Aka Zenzo|[miss]
|-miss|p2a: Thundurus|p1a: Aka Zenzo
|move|p1a: Aka Zenzo|Toxic|p2a: Thundurus|[miss]
|-miss|p1a: Aka Zenzo|p2a: Thundurus
|
|turn|26
|
|move|p2a: Thundurus|Hidden Power|p1a: Aka Zenzo
|-damage|p1a: Aka Zenzo|272\/393
|-damage|p2a: Thundurus|270\/299|[from] item: Life Orb
|move|p1a: Aka Zenzo|Toxic|p2a: Thundurus
|-status|p2a: Thundurus|tox
|
|-heal|p1a: Aka Zenzo|296\/393|[from] item: Leftovers
|-damage|p2a: Thundurus|252\/299 tox|[from] psn
|turn|27
|join|endlessstruggle
|
|move|p2a: Thundurus|Focus Blast|p1a: Aka Zenzo
|-damage|p1a: Aka Zenzo|53\/393
|-unboost|p1a: Aka Zenzo|spd|1
|-damage|p2a: Thundurus|223\/299 tox|[from] item: Life Orb
|move|p1a: Aka Zenzo|Recover|p1a: Aka Zenzo
|-heal|p1a: Aka Zenzo|250\/393
|
|-heal|p1a: Aka Zenzo|274\/393|[from] item: Leftovers
|-damage|p2a: Thundurus|187\/299 tox|[from] psn
|turn|28
|join|cosine180
|join|Wiz BITG
|c| LUSTY LEDDIT|how did you get to 1715
|
|switch|p1a: Moon Duck|Cresselia, F|444\/444
|move|p2a: Thundurus|Thunderbolt|p1a: Moon Duck
|-damage|p1a: Moon Duck|175\/444
|-damage|p2a: Thundurus|158\/299 tox|[from] item: Life Orb
|
|-heal|p1a: Moon Duck|202\/444|[from] item: Leftovers
|-damage|p2a: Thundurus|104\/299 tox|[from] psn
|turn|29
|c| LUSTY LEDDIT|you play like you're a 1200 elo'er
|
|switch|p1a: wish killer|Chansey, F|703\/703
|move|p2a: Thundurus|Focus Blast|p1a: wish killer
|-supereffective|p1a: wish killer
|-damage|p1a: wish killer|225\/703
|-damage|p2a: Thundurus|75\/299 tox|[from] item: Life Orb
|
|-damage|p2a: Thundurus|3\/299 tox|[from] psn
|turn|30
|c| InToDaPussi|omg get fucked
|leave|cosine180
|
|move|p2a: Thundurus|Thunderbolt|p1a: wish killer
|-damage|p1a: wish killer|0 fnt
|-damage|p2a: Thundurus|0 fnt|[from] item: Life Orb
|faint|p1a: wish killer
|faint|p2a: Thundurus
|
|join|DragonTamer99
|c| DragonTamer99|oh
|c| Cienight|nigga you got
|c| Cienight|read
|c| DragonTamer99|it's that top of th eladder guy
|
|switch|p2a: Altaria|Altaria-Mega, M|183\/307 tox
|switch|p1a: Aka Zenzo|Quagsire, F|274\/393
|turn|31
|
|move|p2a: Altaria|Roost|p2a: Altaria
|-heal|p2a: Altaria|307\/307 tox
|move|p1a: Aka Zenzo|Recover|p1a: Aka Zenzo
|-heal|p1a: Aka Zenzo|393\/393
|
|-damage|p2a: Altaria|288\/307 tox|[from] psn
|turn|32
|join|Omegasization
|c| LUSTY LEDDIT|welcome cosine
|
|move|p2a: Altaria|Heal Bell|p2a: Altaria
|-cureteam|p2a: Altaria|[from] move: HealBell
|move|p1a: Aka Zenzo|Earthquake|p2a: Altaria
|-damage|p2a: Altaria|198\/307
|
|turn|33
|
|move|p2a: Altaria|Return|p1a: Aka Zenzo
|-damage|p1a: Aka Zenzo|206\/393
|move|p1a: Aka Zenzo|Toxic|p2a: Altaria
|-status|p2a: Altaria|tox
|
|-heal|p1a: Aka Zenzo|230\/393|[from] item: Leftovers
|-damage|p2a: Altaria|179\/307 tox|[from] psn
|turn|34
|
|move|p2a: Altaria|Return|p1a: Aka Zenzo
|-crit|p1a: Aka Zenzo
|-damage|p1a: Aka Zenzo|0 fnt
|faint|p1a: Aka Zenzo
|
|-damage|p2a: Altaria|141\/307 tox|[from] psn
|leave|Wiz BITG
|c| InToDaPussi|HAHAHAHASHA
|
|switch|p1a: Lusty Leddit|Gothitelle, F|301\/301
|turn|35
|raw|<div class="broadcast-red"><b>Moderated chat was set to +!<\/b><br \/>Only users of rank + and higher can talk.<\/div>
|
|move|p1a: Lusty Leddit|Psychic|p2a: Altaria
|-damage|p2a: Altaria|14\/307 tox
|move|p2a: Altaria|Roost|p2a: Altaria
|-heal|p2a: Altaria|168\/307 tox
|
|-damage|p2a: Altaria|111\/307 tox|[from] psn
|turn|36
|
|move|p1a: Lusty Leddit|Psychic|p2a: Altaria
|-crit|p2a: Altaria
|-damage|p2a: Altaria|0 fnt
|faint|p2a: Altaria
|
|
|switch|p2a: Bisharp|Bisharp, F|271\/271
|turn|37
|join|idiotmounts
|join|Avarice87
|join|whynoreturn
|
|switch|p1a: Cosine180|Sableye-Mega, M|266\/303
|move|p2a: Bisharp|Swords Dance|p2a: Bisharp
|-boost|p2a: Bisharp|atk|2
|
|turn|38
|
|switch|p1a: Moon Duck|Cresselia, F|202\/444
|move|p2a: Bisharp|Iron Head|p1a: Moon Duck
|-damage|p1a: Moon Duck|0 fnt
|-damage|p2a: Bisharp|244\/271|[from] item: Life Orb
|faint|p1a: Moon Duck
|
|join|scrotumisfag
|
|switch|p1a: Lusty Leddit|Gothitelle, F|301\/301
|turn|39
|
|move|p1a: Lusty Leddit|Trick|p2a: Bisharp
|-activate|p1a: Lusty Leddit|move: Trick|[of] p2a: Bisharp
|-item|p2a: Bisharp|Choice Scarf|[from] move: Trick
|-item|p1a: Lusty Leddit|Life Orb|[from] move: Trick
|move|p2a: Bisharp|Knock Off|p1a: Lusty Leddit
|-supereffective|p1a: Lusty Leddit
|-damage|p1a: Lusty Leddit|0 fnt
|-enditem|p1a: Lusty Leddit|Life Orb|[from] move: Knock Off|[of] p2a: Bisharp
|faint|p1a: Lusty Leddit
|
|
|switch|p1a: Aka Trice|Skarmory, F|334\/334
|turn|40
|
|move|p2a: Bisharp|Knock Off|p1a: Aka Trice
|-damage|p1a: Aka Trice|109\/334
|-damage|p2a: Bisharp|199\/271|[from] item: Rocky Helmet|[of] p1a: Aka Trice
|-enditem|p1a: Aka Trice|Rocky Helmet|[from] move: Knock Off|[of] p2a: Bisharp
|move|p1a: Aka Trice|Spikes|p2a: Bisharp
|-sidestart|p2: Mounts|Spikes
|
|turn|41
|
|move|p2a: Bisharp|Knock Off|p1a: Aka Trice
|-damage|p1a: Aka Trice|0 fnt
|faint|p1a: Aka Trice
|
|-message|CleanerThanRotom-W forfeited.
|leave|CleanerThanRotom-W
|
|win|Mounts
|raw|Ladder updating...
|player|p1
|raw|CleanerThanRotom-W's rating: 1815 &rarr; <strong>1790<\/strong><br \/>(-25 for losing)
|raw|Mounts's rating: 1715 &rarr; <strong>1741<\/strong><br \/>(+26 for winning)
|join|GAGAGAGAGAG
|leave|LUSTY LEDDIT
|leave|DragonTamer99
|leave|Mounts
|player|p2