|join|Angina Management
|join|Count Bleck
|player|p1|Angina Management|243
|player|p2|Count Bleck|238
|gametype|singles
|gen|6
|tier|UU
|rated
|rule|Sleep Clause Mod: Limit one foe put to sleep
|rule|Species Clause: Limit one of each PokÃ©mon
|rule|OHKO Clause: OHKO moves are banned
|rule|Moody Clause: Moody is banned
|rule|Evasion Moves Clause: Evasion moves are banned
|rule|Endless Battle Clause: Forcing endless battles is banned
|rule|HP Percentage Mod: HP is shown in percentages
|clearpoke
|poke|p1|Suicune
|poke|p1|Zygarde
|poke|p1|Florges, F
|poke|p1|Forretress, F
|poke|p1|Infernape, F
|poke|p1|Pidgeot, F
|poke|p2|Forretress, M
|poke|p2|Glalie, F
|poke|p2|Dragalge, M
|poke|p2|Darmanitan, F
|poke|p2|Alakazam, M
|poke|p2|Milotic, M, shiny
|rule|Swagger Clause: Swagger is banned
|rule|Baton Pass Clause: Limit one PokÃ©mon knowing Baton Pass
|teampreview
|
|start
|switch|p1a: Infernape|Infernape, F|293\/293
|switch|p2a: Sentry Buster|Glalie, F|301\/301
|turn|1
|
|switch|p2a: MAGICKU|Alakazam, M|252\/252
|move|p1a: Infernape|Close Combat|p2a: MAGICKU
|-crit|p2a: MAGICKU
|-resisted|p2a: MAGICKU
|-damage|p2a: MAGICKU|0 fnt
|-unboost|p1a: Infernape|def|1
|-unboost|p1a: Infernape|spd|1
|faint|p2a: MAGICKU
|
|
|switch|p2a: Undine|Milotic, M, shiny|394\/394
|turn|2
|
|switch|p1a: low ladder farm|Suicune|401\/401
|-ability|p1a: low ladder farm|Pressure
|move|p2a: Undine|Scald|p1a: low ladder farm
|-resisted|p1a: low ladder farm
|-damage|p1a: low ladder farm|355\/401
|-status|p1a: low ladder farm|brn
|
|-heal|p1a: low ladder farm|380\/401 brn|[from] item: Leftovers
|-damage|p1a: low ladder farm|330\/401 brn|[from] brn
|turn|3
|
|switch|p1a: Forretress|Forretress, F|354\/354
|move|p2a: Undine|Dragon Tail|p1a: Forretress
|-crit|p1a: Forretress
|-resisted|p1a: Forretress
|-damage|p1a: Forretress|336\/354
|drag|p1a: low ladder farm|Suicune|330\/401 brn
|-ability|p1a: low ladder farm|Pressure
|
|-heal|p1a: low ladder farm|355\/401 brn|[from] item: Leftovers
|-damage|p1a: low ladder farm|305\/401 brn|[from] brn
|turn|4
|
|switch|p2a: Wither|Dragalge, M|321\/321
|move|p1a: low ladder farm|Scald|p2a: Wither
|-resisted|p2a: Wither
|-damage|p2a: Wither|297\/321
|
|-heal|p1a: low ladder farm|330\/401 brn|[from] item: Leftovers
|-damage|p1a: low ladder farm|280\/401 brn|[from] brn
|turn|5
|
|switch|p1a: Forretress|Forretress, F|336\/354
|move|p2a: Wither|Sludge Wave|p1a: Forretress
|-immune|p1a: Forretress|[msg]
|
|-heal|p1a: Forretress|354\/354|[from] item: Leftovers
|turn|6
|
|move|p2a: Wither|Hidden Power|p1a: Forretress
|-supereffective|p1a: Forretress
|-damage|p1a: Forretress|90\/354
|move|p1a: Forretress|Stealth Rock|p2a: Wither
|-sidestart|p2: Count Bleck|move: Stealth Rock
|
|-heal|p1a: Forretress|112\/354|[from] item: Leftovers
|turn|7
|
|move|p2a: Wither|Scald|p1a: Forretress
|-damage|p1a: Forretress|15\/354
|-status|p1a: Forretress|brn
|move|p1a: Forretress|Volt Switch|p2a: Wither
|-resisted|p2a: Wither
|-damage|p2a: Wither|288\/321
|
|switch|p1a: stall me u fag|Pidgeot, F|317\/317
|
|turn|8
|
|detailschange|p1a: stall me u fag|Pidgeot-Mega, F
|message|Pidgeot has Mega Evolved into Mega Pidgeot!
|move|p1a: stall me u fag|Hurricane|p2a: Wither
|-damage|p2a: Wither|179\/321
|-start|p2a: Wither|confusion
|-activate|p2a: Wither|confusion
|move|p2a: Wither|Draco Meteor|p1a: stall me u fag
|-damage|p1a: stall me u fag|0 fnt
|-unboost|p2a: Wither|spa|2
|faint|p1a: stall me u fag
|
|
|switch|p1a: low ladder farm|Zygarde|417\/417
|-ability|p1a: low ladder farm|Aura Break
|turn|9
|
|switch|p2a: Undine|Milotic, M, shiny|394\/394
|-damage|p2a: Undine|345\/394|[from] Stealth Rock
|move|p1a: low ladder farm|Substitute|p1a: low ladder farm
|-start|p1a: low ladder farm|Substitute
|-damage|p1a: low ladder farm|313\/417
|
|-heal|p1a: low ladder farm|339\/417|[from] item: Leftovers
|-heal|p2a: Undine|369\/394|[from] item: Leftovers
|turn|10
|
|move|p2a: Undine|Ice Beam|p1a: low ladder farm
|-supereffective|p1a: low ladder farm
|-end|p1a: low ladder farm|Substitute
|move|p1a: low ladder farm|Dragon Tail|p2a: Undine
|-damage|p2a: Undine|305\/394
|drag|p2a: Sentry Buster|Glalie, F|301\/301
|-damage|p2a: Sentry Buster|226\/301|[from] Stealth Rock
|
|-heal|p1a: low ladder farm|365\/417|[from] item: Leftovers
|turn|11
|
|switch|p1a: Forretress|Forretress, F|15\/354 brn
|detailschange|p2a: Sentry Buster|Glalie-Mega, F
|message|Glalie has Mega Evolved into Mega Glalie!
|move|p2a: Sentry Buster|Freeze-Dry|p1a: Forretress
|-crit|p1a: Forretress
|-resisted|p1a: Forretress
|-damage|p1a: Forretress|0 fnt
|faint|p1a: Forretress
|
|
|switch|p1a: Infernape|Infernape, F|293\/293
|turn|12
|
|switch|p2a: Undine|Milotic, M, shiny|305\/394
|-damage|p2a: Undine|256\/394|[from] Stealth Rock
|move|p1a: Infernape|Flare Blitz|p2a: Undine
|-resisted|p2a: Undine
|-damage|p2a: Undine|172\/394
|-damage|p1a: Infernape|265\/293|[from] recoil|[of] p2a: Undine
|
|-heal|p2a: Undine|196\/394|[from] item: Leftovers
|turn|13
|
|move|p1a: Infernape|Flare Blitz|p2a: Undine
|-resisted|p2a: Undine
|-damage|p2a: Undine|119\/394
|-damage|p1a: Infernape|240\/293|[from] recoil|[of] p2a: Undine
|move|p2a: Undine|Recover|p2a: Undine
|-heal|p2a: Undine|316\/394
|
|-heal|p2a: Undine|340\/394|[from] item: Leftovers
|turn|14
|
|switch|p1a: Florges|Florges, F|360\/360
|move|p2a: Undine|Scald|p1a: Florges
|-damage|p1a: Florges|293\/360
|
|-heal|p1a: Florges|315\/360|[from] item: Leftovers
|-heal|p2a: Undine|364\/394|[from] item: Leftovers
|turn|15
|
|switch|p2a: Flammable|Forretress, M|354\/354
|-damage|p2a: Flammable|310\/354|[from] Stealth Rock
|move|p1a: Florges|Aromatherapy|p1a: Florges
|-cureteam|p1a: Florges|[from] move: Aromatherapy
|
|-heal|p1a: Florges|337\/360|[from] item: Leftovers
|-heal|p2a: Flammable|332\/354|[from] item: Leftovers
|turn|16
|
|switch|p1a: Infernape|Infernape, F|240\/293
|move|p2a: Flammable|Rapid Spin|p1a: Infernape
|-damage|p1a: Infernape|221\/293
|-sideend|p2: Count Bleck|Stealth Rock|[from] move: Rapid Spin|[of] p2a: Flammable
|
|-heal|p2a: Flammable|354\/354|[from] item: Leftovers
|turn|17
|
|switch|p2a: Show Foo|Darmanitan, F|351\/351
|move|p1a: Infernape|Flare Blitz|p2a: Show Foo
|-resisted|p2a: Show Foo
|-damage|p2a: Show Foo|205\/351
|-damage|p1a: Infernape|173\/293|[from] recoil|[of] p2a: Show Foo
|
|turn|18
|
|switch|p1a: low ladder farm|Zygarde|365\/417
|-ability|p1a: low ladder farm|Aura Break
|move|p2a: Show Foo|U-turn|p1a: low ladder farm
|-damage|p1a: low ladder farm|288\/417
|
|switch|p2a: Sentry Buster|Glalie-Mega, F|226\/301
|
|-heal|p1a: low ladder farm|314\/417|[from] item: Leftovers
|turn|19
|
|switch|p1a: Florges|Florges, F|337\/360
|move|p2a: Sentry Buster|Earthquake|p1a: Florges
|-damage|p1a: Florges|202\/360
|
|-heal|p1a: Florges|224\/360|[from] item: Leftovers
|turn|20
|
|move|p1a: Florges|Protect|p1a: Florges
|-singleturn|p1a: Florges|Protect
|move|p2a: Sentry Buster|Double-Edge|p1a: Florges
|-activate|p1a: Florges|Protect
|
|-heal|p1a: Florges|246\/360|[from] item: Leftovers
|turn|21
|
|move|p2a: Sentry Buster|Double-Edge|p1a: Florges
|-damage|p1a: Florges|0 fnt
|-damage|p2a: Sentry Buster|145\/301|[from] recoil|[of] p1a: Florges
|faint|p1a: Florges
|
|
|switch|p1a: Infernape|Infernape, F|173\/293
|turn|22
|
|switch|p2a: Undine|Milotic, M, shiny|364\/394
|move|p1a: Infernape|Close Combat|p2a: Undine
|-damage|p2a: Undine|208\/394
|-unboost|p1a: Infernape|def|1
|-unboost|p1a: Infernape|spd|1
|
|-heal|p2a: Undine|232\/394|[from] item: Leftovers
|turn|23
|
|move|p1a: Infernape|Close Combat|p2a: Undine
|-damage|p2a: Undine|67\/394
|-unboost|p1a: Infernape|def|1
|-unboost|p1a: Infernape|spd|1
|move|p2a: Undine|Scald|p1a: Infernape
|-supereffective|p1a: Infernape
|-damage|p1a: Infernape|0 fnt
|faint|p1a: Infernape
|
|-heal|p2a: Undine|91\/394|[from] item: Leftovers
|
|switch|p1a: low ladder farm|Zygarde|314\/417
|-ability|p1a: low ladder farm|Aura Break
|turn|24
|
|move|p1a: low ladder farm|Earthquake|p2a: Undine
|-damage|p2a: Undine|0 fnt
|faint|p2a: Undine
|
|-heal|p1a: low ladder farm|340\/417|[from] item: Leftovers
|
|switch|p2a: Sentry Buster|Glalie-Mega, F|145\/301
|turn|25
|
|move|p1a: low ladder farm|Earthquake|p2a: Sentry Buster
|-damage|p2a: Sentry Buster|0 fnt
|faint|p2a: Sentry Buster
|
|-heal|p1a: low ladder farm|366\/417|[from] item: Leftovers
|
|switch|p2a: Show Foo|Darmanitan, F|205\/351
|turn|26
|
|move|p2a: Show Foo|Superpower|p1a: low ladder farm
|-damage|p1a: low ladder farm|246\/417
|-unboost|p2a: Show Foo|atk|1
|-unboost|p2a: Show Foo|def|1
|move|p1a: low ladder farm|Earthquake|p2a: Show Foo
|-supereffective|p2a: Show Foo
|-damage|p2a: Show Foo|0 fnt
|faint|p2a: Show Foo
|
|-heal|p1a: low ladder farm|272\/417|[from] item: Leftovers
|
|switch|p2a: Wither|Dragalge, M|179\/321
|turn|27
|c|âCount Bleck|gg
|c|âAngina Management|gg
|
|move|p1a: low ladder farm|Earthquake|p2a: Wither
|-supereffective|p2a: Wither
|-damage|p2a: Wither|0 fnt
|faint|p2a: Wither
|
|-heal|p1a: low ladder farm|298\/417|[from] item: Leftovers
|c|âCount Bleck|what speed is Zygarde?
|
|switch|p2a: Flammable|Forretress, M|354\/354
|turn|28
|c|âAngina Management|300
|c|âAngina Management|just beats entei
|c|âCount Bleck|FFFFFFFFFFFFFFFFFF
|c|âCount Bleck|I'm upset
|c|âCount Bleck|Mega Glalie is 299
|c|âAngina Management|lol
|
|move|p1a: low ladder farm|Substitute|p1a: low ladder farm
|-start|p1a: low ladder farm|Substitute
|-damage|p1a: low ladder farm|194\/417
|move|p2a: Flammable|Stealth Rock|p1a: low ladder farm
|-sidestart|p1: Angina Management|move: Stealth Rock
|
|-heal|p1a: low ladder farm|220\/417|[from] item: Leftovers
|turn|29
|c|âAngina Management|I guess it just beats glalie too
|
|move|p1a: low ladder farm|Coil|p1a: low ladder farm
|-boost|p1a: low ladder farm|atk|1
|-boost|p1a: low ladder farm|def|1
|-boost|p1a: low ladder farm|accuracy|1
|move|p2a: Flammable|Spikes|p1a: low ladder farm
|-sidestart|p1: Angina Management|Spikes
|
|-heal|p1a: low ladder farm|246\/417|[from] item: Leftovers
|turn|30
|c|âCount Bleck|Oh well
|c|âCount Bleck|GG
|c|âAngina Management|geeg
|-message|Count Bleck forfeited.
|
|win|Angina Management
|raw|Ladder updating...
|raw|Angina Management's rating: 1309 &rarr; <strong>1330<\/strong><br \/>(+21 for winning)
|raw|Count Bleck's rating: 1331 &rarr; <strong>1310<\/strong><br \/>(-21 for losing)
|leave|Angina Management
|player|p1