|join|Angina Management
|join|oh no oh no
|player|p1|Angina Management|243
|player|p2|oh no oh no|169
|gametype|singles
|gen|6
|tier|UU
|rated
|rule|Sleep Clause Mod: Limit one foe put to sleep
|rule|Species Clause: Limit one of each PokÃ©mon
|rule|OHKO Clause: OHKO moves are banned
|rule|Moody Clause: Moody is banned
|rule|Evasion Moves Clause: Evasion moves are banned
|rule|Endless Battle Clause: Forcing endless battles is banned
|rule|HP Percentage Mod: HP is shown in percentages
|clearpoke
|poke|p1|Suicune
|poke|p1|Zygarde
|poke|p1|Florges, F
|poke|p1|Forretress, F
|poke|p1|Infernape, M
|poke|p1|Cresselia, F
|poke|p2|Weezing, M
|poke|p2|Donphan, F
|poke|p2|Froslass, F
|poke|p2|Vaporeon, M
|poke|p2|Blissey, F
|poke|p2|Sharpedo, F
|rule|Swagger Clause: Swagger is banned
|rule|Baton Pass Clause: Limit one PokÃ©mon knowing Baton Pass
|teampreview
|
|start
|switch|p1a: Infernape|Infernape, M|293\/293
|switch|p2a: Froslass|Froslass, F|344\/344
|turn|1
|
|move|p1a: Infernape|Flare Blitz|p2a: Froslass
|-supereffective|p2a: Froslass
|-enditem|p2a: Froslass|Focus Sash
|-damage|p2a: Froslass|1\/344
|-start|p1a: Infernape|Disable|Flare Blitz
|-damage|p1a: Infernape|180\/293|[from] recoil|[of] p2a: Froslass
|move|p2a: Froslass|Spikes|p1a: Infernape
|-sidestart|p1: Angina Management|Spikes
|
|turn|2
|
|switch|p2a: Donphan|Donphan, F|381\/381
|move|p1a: Infernape|Struggle|p2a: Donphan
|-damage|p2a: Donphan|336\/381
|-damage|p1a: Infernape|107\/293
|
|-heal|p2a: Donphan|359\/381|[from] item: Leftovers
|turn|3
|
|switch|p1a: Forretress|Forretress, F|354\/354
|-damage|p1a: Forretress|310\/354|[from] Spikes
|move|p2a: Donphan|Stealth Rock|p1a: Forretress
|-sidestart|p1: Angina Management|move: Stealth Rock
|
|-heal|p2a: Donphan|381\/381|[from] item: Leftovers
|-heal|p1a: Forretress|332\/354|[from] item: Leftovers
|turn|4
|
|switch|p2a: Froslass|Froslass, F|1\/344
|move|p1a: Forretress|Gyro Ball|p2a: Froslass
|-supereffective|p2a: Froslass
|-damage|p2a: Froslass|0 fnt
|-start|p1a: Forretress|Disable|Gyro Ball
|faint|p2a: Froslass
|
|-heal|p1a: Forretress|354\/354|[from] item: Leftovers
|
|switch|p2a: Weezing|Weezing, M|333\/333
|turn|5
|
|move|p2a: Weezing|Fire Blast|p1a: Forretress
|-supereffective|p1a: Forretress
|-damage|p1a: Forretress|30\/354
|move|p1a: Forretress|Rapid Spin|p2a: Weezing
|-damage|p2a: Weezing|324\/333
|-sideend|p1: Angina Management|Spikes|[from] move: Rapid Spin|[of] p1a: Forretress
|-sideend|p1: Angina Management|Stealth Rock|[from] move: Rapid Spin|[of] p1a: Forretress
|
|-heal|p2a: Weezing|333\/333|[from] item: Leftovers
|-heal|p1a: Forretress|52\/354|[from] item: Leftovers
|turn|6
|
|switch|p1a: low ladder farm|Suicune|401\/401
|-ability|p1a: low ladder farm|Pressure
|move|p2a: Weezing|Will-O-Wisp|p1a: low ladder farm
|-status|p1a: low ladder farm|brn
|
|-damage|p1a: low ladder farm|351\/401 brn|[from] brn
|turn|7
|
|switch|p1a: low ladder farm|Cresselia, F|433\/433
|move|p2a: Weezing|Toxic Spikes|p1a: low ladder farm
|-sidestart|p1: Angina Management|move: Toxic Spikes
|
|turn|8
|
|switch|p2a: Blissey|Blissey, F|657\/657
|move|p1a: low ladder farm|Substitute|p1a: low ladder farm
|-start|p1a: low ladder farm|Substitute
|-damage|p1a: low ladder farm|325\/433
|
|-heal|p1a: low ladder farm|352\/433|[from] item: Leftovers
|turn|9
|
|switch|p2a: Donphan|Donphan, F|381\/381
|move|p1a: low ladder farm|Calm Mind|p1a: low ladder farm
|-boost|p1a: low ladder farm|spa|1
|-boost|p1a: low ladder farm|spd|1
|
|-heal|p1a: low ladder farm|379\/433|[from] item: Leftovers
|turn|10
|
|move|p1a: low ladder farm|Moonblast|p2a: Donphan
|-damage|p2a: Donphan|276\/381
|-unboost|p2a: Donphan|spa|1
|move|p2a: Donphan|Stealth Rock|p1a: low ladder farm
|-sidestart|p1: Angina Management|move: Stealth Rock
|
|-heal|p1a: low ladder farm|406\/433|[from] item: Leftovers
|-heal|p2a: Donphan|299\/381|[from] item: Leftovers
|turn|11
|
|switch|p2a: Vaporeon|Vaporeon, M|451\/451
|move|p1a: low ladder farm|Moonblast|p2a: Vaporeon
|-damage|p2a: Vaporeon|360\/451
|
|-heal|p1a: low ladder farm|433\/433|[from] item: Leftovers
|-heal|p2a: Vaporeon|388\/451|[from] item: Leftovers
|turn|12
|
|move|p1a: low ladder farm|Psyshock|p2a: Vaporeon
|-damage|p2a: Vaporeon|244\/451
|move|p2a: Vaporeon|Roar|p1a: low ladder farm
|drag|p1a: Forretress|Forretress, F|52\/354
|-damage|p1a: Forretress|8\/354|[from] Stealth Rock
|
|-heal|p2a: Vaporeon|272\/451|[from] item: Leftovers
|-heal|p1a: Forretress|30\/354|[from] item: Leftovers
|turn|13
|
|move|p2a: Vaporeon|Scald|p1a: Forretress
|-damage|p1a: Forretress|0 fnt
|faint|p1a: Forretress
|
|-heal|p2a: Vaporeon|300\/451|[from] item: Leftovers
|
|switch|p1a: Florges|Florges, F|360\/360
|-status|p1a: Florges|psn
|-damage|p1a: Florges|315\/360 psn|[from] Stealth Rock
|turn|14
|
|switch|p2a: Weezing|Weezing, M|333\/333
|move|p1a: Florges|Wish|p1a: Florges
|
|-heal|p1a: Florges|337\/360 psn|[from] item: Leftovers
|-damage|p1a: Florges|292\/360 psn|[from] psn
|turn|15
|
|move|p1a: Florges|Moonblast|p2a: Weezing
|-resisted|p2a: Weezing
|-damage|p2a: Weezing|247\/333
|-unboost|p2a: Weezing|spa|1
|move|p2a: Weezing|Toxic Spikes|p1a: Florges
|-sidestart|p1: Angina Management|move: Toxic Spikes
|
|-heal|p1a: Florges|360\/360 psn|[from] move: Wish|[wisher] Florges
|-heal|p2a: Weezing|267\/333|[from] item: Leftovers
|-damage|p1a: Florges|315\/360 psn|[from] psn
|turn|16
|
|switch|p2a: Blissey|Blissey, F|657\/657
|move|p1a: Florges|Moonblast|p2a: Blissey
|-damage|p2a: Blissey|570\/657
|
|-heal|p1a: Florges|337\/360 psn|[from] item: Leftovers
|-heal|p2a: Blissey|611\/657|[from] item: Leftovers
|-damage|p1a: Florges|292\/360 psn|[from] psn
|turn|17
|
|move|p1a: Florges|Aromatherapy|p1a: Florges
|-cureteam|p1a: Florges|[from] move: Aromatherapy
|move|p2a: Blissey|Seismic Toss|p1a: Florges
|-damage|p1a: Florges|192\/360
|
|-heal|p1a: Florges|214\/360|[from] item: Leftovers
|-heal|p2a: Blissey|652\/657|[from] item: Leftovers
|turn|18
|
|switch|p1a: low ladder farm|Zygarde|417\/417
|-status|p1a: low ladder farm|tox
|-damage|p1a: low ladder farm|391\/417 tox|[from] Stealth Rock
|-ability|p1a: low ladder farm|Aura Break
|move|p2a: Blissey|Toxic|p1a: low ladder farm
|-fail|p1a: low ladder farm|tox
|
|-heal|p1a: low ladder farm|417\/417 tox|[from] item: Leftovers
|-heal|p2a: Blissey|657\/657|[from] item: Leftovers
|-damage|p1a: low ladder farm|391\/417 tox|[from] psn
|turn|19
|
|switch|p2a: Vaporeon|Vaporeon, M|300\/451
|move|p1a: low ladder farm|Dragon Tail|p2a: Vaporeon
|-damage|p2a: Vaporeon|227\/451
|drag|p2a: Blissey|Blissey, F|657\/657
|
|-heal|p1a: low ladder farm|417\/417 tox|[from] item: Leftovers
|-damage|p1a: low ladder farm|365\/417 tox|[from] psn
|turn|20
|join|Donphantastic
|
|switch|p2a: Donphan|Donphan, F|299\/381
|move|p1a: low ladder farm|Dragon Tail|p2a: Donphan
|-damage|p2a: Donphan|232\/381
|drag|p2a: Blissey|Blissey, F|657\/657
|
|-heal|p1a: low ladder farm|391\/417 tox|[from] item: Leftovers
|-damage|p1a: low ladder farm|313\/417 tox|[from] psn
|turn|21
|
|move|p1a: low ladder farm|Earthquake|p2a: Blissey
|-damage|p2a: Blissey|432\/657
|move|p2a: Blissey|Seismic Toss|p1a: low ladder farm
|-damage|p1a: low ladder farm|213\/417 tox
|
|-heal|p1a: low ladder farm|239\/417 tox|[from] item: Leftovers
|-heal|p2a: Blissey|473\/657|[from] item: Leftovers
|-damage|p1a: low ladder farm|135\/417 tox|[from] psn
|turn|22
|
|switch|p1a: low ladder farm|Suicune|351\/401
|-damage|p1a: low ladder farm|301\/401|[from] Stealth Rock
|-status|p1a: low ladder farm|tox
|-ability|p1a: low ladder farm|Pressure
|move|p2a: Blissey|Soft-Boiled|p2a: Blissey
|-heal|p2a: Blissey|657\/657
|
|-heal|p1a: low ladder farm|326\/401 tox|[from] item: Leftovers
|-damage|p1a: low ladder farm|301\/401 tox|[from] psn
|turn|23
|leave|Donphantastic
|
|switch|p1a: low ladder farm|Zygarde|135\/417 tox
|-damage|p1a: low ladder farm|109\/417 tox|[from] Stealth Rock
|-ability|p1a: low ladder farm|Aura Break
|switch|p2a: Vaporeon|Vaporeon, M|227\/451
|
|-heal|p1a: low ladder farm|135\/417 tox|[from] item: Leftovers
|-heal|p2a: Vaporeon|255\/451|[from] item: Leftovers
|-damage|p1a: low ladder farm|109\/417 tox|[from] psn
|turn|24
|
|move|p2a: Vaporeon|Protect|p2a: Vaporeon
|-singleturn|p2a: Vaporeon|Protect
|move|p1a: low ladder farm|Dragon Tail|p2a: Vaporeon
|-activate|p2a: Vaporeon|Protect
|
|-heal|p1a: low ladder farm|135\/417 tox|[from] item: Leftovers
|-heal|p2a: Vaporeon|283\/451|[from] item: Leftovers
|-damage|p1a: low ladder farm|83\/417 tox|[from] psn
|turn|25
|
|move|p1a: low ladder farm|Earthquake|p2a: Vaporeon
|-damage|p2a: Vaporeon|151\/451
|move|p2a: Vaporeon|Wish|p2a: Vaporeon
|
|-heal|p1a: low ladder farm|109\/417 tox|[from] item: Leftovers
|-heal|p2a: Vaporeon|179\/451|[from] item: Leftovers
|-damage|p1a: low ladder farm|31\/417 tox|[from] psn
|turn|26
|
|move|p2a: Vaporeon|Protect|p2a: Vaporeon
|-singleturn|p2a: Vaporeon|Protect
|move|p1a: low ladder farm|Dragon Tail|p2a: Vaporeon
|-activate|p2a: Vaporeon|Protect
|
|-heal|p2a: Vaporeon|404\/451|[from] move: Wish|[wisher] Vaporeon
|-heal|p1a: low ladder farm|57\/417 tox|[from] item: Leftovers
|-heal|p2a: Vaporeon|432\/451|[from] item: Leftovers
|-damage|p1a: low ladder farm|0 fnt|[from] psn
|faint|p1a: low ladder farm
|
|switch|p1a: Infernape|Infernape, M|107\/293
|-damage|p1a: Infernape|71\/293|[from] Stealth Rock
|-status|p1a: Infernape|tox
|turn|27
|
|switch|p2a: Weezing|Weezing, M|267\/333
|move|p1a: Infernape|Close Combat|p2a: Weezing
|-resisted|p2a: Weezing
|-damage|p2a: Weezing|206\/333
|-unboost|p1a: Infernape|def|1
|-unboost|p1a: Infernape|spd|1
|
|-heal|p2a: Weezing|226\/333|[from] item: Leftovers
|-damage|p1a: Infernape|53\/293 tox|[from] psn
|turn|28
|
|switch|p1a: low ladder farm|Suicune|301\/401 tox
|-damage|p1a: low ladder farm|251\/401 tox|[from] Stealth Rock
|-ability|p1a: low ladder farm|Pressure
|move|p2a: Weezing|Fire Blast|p1a: low ladder farm|[miss]
|-miss|p2a: Weezing|p1a: low ladder farm
|
|-heal|p1a: low ladder farm|276\/401 tox|[from] item: Leftovers
|-heal|p2a: Weezing|246\/333|[from] item: Leftovers
|-damage|p1a: low ladder farm|251\/401 tox|[from] psn
|turn|29
|
|switch|p1a: Infernape|Infernape, M|53\/293 tox
|-damage|p1a: Infernape|17\/293 tox|[from] Stealth Rock
|switch|p2a: Sharpedo|Sharpedo, F|282\/282
|
|-damage|p1a: Infernape|0 fnt|[from] psn
|faint|p1a: Infernape
|
|switch|p1a: low ladder farm|Suicune|251\/401 tox
|-damage|p1a: low ladder farm|201\/401 tox|[from] Stealth Rock
|-ability|p1a: low ladder farm|Pressure
|turn|30
|
|move|p2a: Sharpedo|Crunch|p1a: low ladder farm
|-damage|p1a: low ladder farm|105\/401 tox
|-unboost|p1a: low ladder farm|def|1
|move|p1a: low ladder farm|Scald|p2a: Sharpedo
|-resisted|p2a: Sharpedo
|-damage|p2a: Sharpedo|189\/282
|
|-heal|p1a: low ladder farm|130\/401 tox|[from] item: Leftovers
|-damage|p1a: low ladder farm|105\/401 tox|[from] psn
|-boost|p2a: Sharpedo|spe|1|[from] ability: Speed Boost
|turn|31
|
|move|p2a: Sharpedo|Crunch|p1a: low ladder farm
|-damage|p1a: low ladder farm|0 fnt
|faint|p1a: low ladder farm
|
|-boost|p2a: Sharpedo|spe|1|[from] ability: Speed Boost
|
|switch|p1a: Florges|Florges, F|214\/360
|-status|p1a: Florges|tox
|-damage|p1a: Florges|169\/360 tox|[from] Stealth Rock
|turn|32
|
|detailschange|p2a: Sharpedo|Sharpedo-Mega, F
|message|Sharpedo has Mega Evolved into Mega Sharpedo!
|move|p2a: Sharpedo|Waterfall|p1a: Florges
|-damage|p1a: Florges|6\/360 tox
|move|p1a: Florges|Moonblast|p2a: Sharpedo
|-supereffective|p2a: Sharpedo
|-damage|p2a: Sharpedo|0 fnt
|faint|p2a: Sharpedo
|
|-heal|p1a: Florges|28\/360 tox|[from] item: Leftovers
|-damage|p1a: Florges|6\/360 tox|[from] psn
|
|switch|p2a: Vaporeon|Vaporeon, M|432\/451
|turn|33
|
|move|p1a: Florges|Wish|p1a: Florges
|move|p2a: Vaporeon|Roar|p1a: Florges
|drag|p1a: low ladder farm|Cresselia, F|433\/433
|-damage|p1a: low ladder farm|379\/433|[from] Stealth Rock
|
|-heal|p1a: low ladder farm|406\/433|[from] item: Leftovers
|-heal|p2a: Vaporeon|451\/451|[from] item: Leftovers
|turn|34
|
|switch|p2a: Blissey|Blissey, F|657\/657
|move|p1a: low ladder farm|Moonblast|p2a: Blissey
|-damage|p2a: Blissey|611\/657
|-unboost|p2a: Blissey|spa|1
|
|-heal|p1a: low ladder farm|433\/433|[from] move: Wish|[wisher] Florges
|-heal|p2a: Blissey|652\/657|[from] item: Leftovers
|turn|35
|
|move|p1a: low ladder farm|Substitute|p1a: low ladder farm
|-start|p1a: low ladder farm|Substitute
|-damage|p1a: low ladder farm|325\/433
|move|p2a: Blissey|Toxic|p1a: low ladder farm
|
|-heal|p1a: low ladder farm|352\/433|[from] item: Leftovers
|-heal|p2a: Blissey|657\/657|[from] item: Leftovers
|turn|36
|
|move|p1a: low ladder farm|Calm Mind|p1a: low ladder farm
|-boost|p1a: low ladder farm|spa|1
|-boost|p1a: low ladder farm|spd|1
|move|p2a: Blissey|Seismic Toss|p1a: low ladder farm
|-activate|p1a: low ladder farm|Substitute|[damage]
|
|-heal|p1a: low ladder farm|379\/433|[from] item: Leftovers
|turn|37
|
|switch|p2a: Donphan|Donphan, F|232\/381
|move|p1a: low ladder farm|Calm Mind|p1a: low ladder farm
|-boost|p1a: low ladder farm|spa|1
|-boost|p1a: low ladder farm|spd|1
|
|-heal|p1a: low ladder farm|406\/433|[from] item: Leftovers
|-heal|p2a: Donphan|255\/381|[from] item: Leftovers
|turn|38
|
|move|p1a: low ladder farm|Moonblast|p2a: Donphan
|-damage|p2a: Donphan|119\/381
|move|p2a: Donphan|Knock Off|p1a: low ladder farm
|-supereffective|p1a: low ladder farm
|-end|p1a: low ladder farm|Substitute
|
|-heal|p1a: low ladder farm|433\/433|[from] item: Leftovers
|-heal|p2a: Donphan|142\/381|[from] item: Leftovers
|turn|39
|
|move|p1a: low ladder farm|Moonblast|p2a: Donphan
|-damage|p2a: Donphan|0 fnt
|faint|p2a: Donphan
|
|
|switch|p2a: Blissey|Blissey, F|657\/657
|turn|40
|
|move|p1a: low ladder farm|Substitute|p1a: low ladder farm
|-start|p1a: low ladder farm|Substitute
|-damage|p1a: low ladder farm|325\/433
|move|p2a: Blissey|Seismic Toss|p1a: low ladder farm
|-activate|p1a: low ladder farm|Substitute|[damage]
|
|-heal|p1a: low ladder farm|352\/433|[from] item: Leftovers
|turn|41
|
|move|p1a: low ladder farm|Calm Mind|p1a: low ladder farm
|-boost|p1a: low ladder farm|spa|1
|-boost|p1a: low ladder farm|spd|1
|move|p2a: Blissey|Seismic Toss|p1a: low ladder farm
|-end|p1a: low ladder farm|Substitute
|
|-heal|p1a: low ladder farm|379\/433|[from] item: Leftovers
|turn|42
|
|move|p1a: low ladder farm|Substitute|p1a: low ladder farm
|-start|p1a: low ladder farm|Substitute
|-damage|p1a: low ladder farm|271\/433
|move|p2a: Blissey|Seismic Toss|p1a: low ladder farm
|-activate|p1a: low ladder farm|Substitute|[damage]
|
|-heal|p1a: low ladder farm|298\/433|[from] item: Leftovers
|turn|43
|
|move|p1a: low ladder farm|Psyshock|p2a: Blissey
|-damage|p2a: Blissey|275\/657
|move|p2a: Blissey|Seismic Toss|p1a: low ladder farm
|-end|p1a: low ladder farm|Substitute
|
|-heal|p1a: low ladder farm|325\/433|[from] item: Leftovers
|-heal|p2a: Blissey|316\/657|[from] item: Leftovers
|turn|44
|-message|oh no oh no forfeited.
|
|win|Angina Management
|raw|Ladder updating...
|leave|oh no oh no
|player|p2
|raw|Angina Management's rating: 1372 &rarr; <strong>1396<\/strong><br \/>(+24 for winning)
|raw|oh no oh no's rating: 1446 &rarr; <strong>1422<\/strong><br \/>(-24 for losing)