|join|yzreal
|join|Angina Management
|player|p1|yzreal|274
|player|p2|Angina Management|243
|gametype|singles
|gen|6
|tier|UU
|rated
|rule|Sleep Clause Mod: Limit one foe put to sleep
|rule|Species Clause: Limit one of each PokÃ©mon
|rule|OHKO Clause: OHKO moves are banned
|rule|Moody Clause: Moody is banned
|rule|Evasion Moves Clause: Evasion moves are banned
|rule|Endless Battle Clause: Forcing endless battles is banned
|rule|HP Percentage Mod: HP is shown in percentages
|clearpoke
|poke|p1|Electrode
|poke|p1|Tornadus, M
|poke|p1|Jolteon, M
|poke|p1|Swampert, M
|poke|p1|Goodra, F
|poke|p1|Floatzel, M
|poke|p2|Slowking, M
|poke|p2|Mawile, F
|poke|p2|Zygarde
|poke|p2|Tornadus, M, shiny
|poke|p2|Azelf, shiny
|poke|p2|Fletchinder, F
|rule|Swagger Clause: Swagger is banned
|rule|Baton Pass Clause: Limit one PokÃ©mon knowing Baton Pass
|teampreview
|
|start
|switch|p1a: Electrode|Electrode|261\/261
|switch|p2a: Dudeman130498|Azelf, shiny|291\/291
|turn|1
|
|move|p1a: Electrode|Rain Dance|p1a: Electrode
|-weather|RainDance
|move|p2a: Dudeman130498|Stealth Rock|p1a: Electrode
|-sidestart|p1: yzreal|move: Stealth Rock
|
|-weather|RainDance|[upkeep]
|turn|2
|
|switch|p2a: xMarth|Zygarde|359\/359
|-ability|p2a: xMarth|Aura Break
|move|p1a: Electrode|Thunder|p2a: xMarth
|-immune|p2a: xMarth|[msg]
|
|-weather|RainDance|[upkeep]
|turn|3
|
|switch|p2a: King UU|Slowking, M|394\/394
|move|p1a: Electrode|Explosion|p2a: King UU
|-crit|p2a: King UU
|-damage|p2a: King UU|222\/394
|faint|p1a: Electrode
|
|-weather|RainDance|[upkeep]
|-heal|p2a: King UU|246\/394|[from] item: Leftovers
|
|switch|p1a: Tornadus|Tornadus, M|300\/300
|-damage|p1a: Tornadus|225\/300|[from] Stealth Rock
|turn|4
|
|switch|p2a: Bob the Boob|Mawile, F|249\/249
|move|p1a: Tornadus|Hurricane|p2a: Bob the Boob
|-resisted|p2a: Bob the Boob
|-damage|p2a: Bob the Boob|98\/249
|
|-weather|RainDance|[upkeep]
|turn|5
|
|move|p2a: Bob the Boob|Sucker Punch|p1a: Tornadus
|-damage|p1a: Tornadus|96\/300
|-damage|p2a: Bob the Boob|74\/249|[from] item: Life Orb
|move|p1a: Tornadus|Hurricane|p2a: Bob the Boob
|-resisted|p2a: Bob the Boob
|-damage|p2a: Bob the Boob|0 fnt
|faint|p2a: Bob the Boob
|
|-weather|RainDance|[upkeep]
|
|switch|p2a: Dudeman130498|Azelf, shiny|291\/291
|turn|6
|
|move|p1a: Tornadus|Hurricane|p2a: Dudeman130498
|-crit|p2a: Dudeman130498
|-enditem|p2a: Dudeman130498|Focus Sash
|-damage|p2a: Dudeman130498|1\/291
|move|p2a: Dudeman130498|Knock Off|p1a: Tornadus
|-damage|p1a: Tornadus|0 fnt
|-enditem|p1a: Tornadus|Choice Scarf|[from] move: Knock Off|[of] p2a: Dudeman130498
|faint|p1a: Tornadus
|
|-weather|RainDance|[upkeep]
|
|switch|p1a: Jolteon|Jolteon, M|272\/272
|-damage|p1a: Jolteon|238\/272|[from] Stealth Rock
|turn|7
|
|move|p1a: Jolteon|Hidden Power|p2a: Dudeman130498
|-damage|p2a: Dudeman130498|0 fnt
|faint|p2a: Dudeman130498
|
|-weather|RainDance|[upkeep]
|
|switch|p2a: King UU|Slowking, M|377\/394
|turn|8
|
|switch|p1a: Swampert|Swampert, M|342\/342
|-damage|p1a: Swampert|321\/342|[from] Stealth Rock
|move|p2a: King UU|Scald|p1a: Swampert
|-damage|p1a: Swampert|120\/342
|
|-weather|none
|-heal|p2a: King UU|394\/394|[from] item: Leftovers
|turn|9
|
|detailschange|p1a: Swampert|Swampert-Mega, M
|message|Swampert has Mega Evolved into Mega Swampert!
|move|p1a: Swampert|Earthquake|p2a: King UU
|-damage|p2a: King UU|144\/394
|move|p2a: King UU|Trick Room|p2a: King UU
|-fieldstart|move: Trick Room|[of] p2a: King UU
|
|-heal|p2a: King UU|168\/394|[from] item: Leftovers
|turn|10
|join|BrianTheluvah886
|
|move|p2a: King UU|Scald|p1a: Swampert
|-damage|p1a: Swampert|0 fnt
|faint|p1a: Swampert
|
|-heal|p2a: King UU|192\/394|[from] item: Leftovers
|join|Bob the Bro
|
|switch|p1a: Floatzel|Floatzel, M|312\/312
|-damage|p1a: Floatzel|273\/312|[from] Stealth Rock
|turn|11
|join|DatGuyChuck
|
|switch|p2a: Technosis|Tornadus, M, shiny|299\/299
|move|p1a: Floatzel|Waterfall|p2a: Technosis
|-damage|p2a: Technosis|52\/299
|-damage|p1a: Floatzel|242\/312|[from] item: Life Orb
|
|turn|12
|
|move|p1a: Floatzel|Aqua Jet|p2a: Technosis
|-damage|p2a: Technosis|0 fnt
|-damage|p1a: Floatzel|211\/312|[from] item: Life Orb
|faint|p2a: Technosis
|
|
|switch|p2a: King UU|Slowking, M|323\/394
|turn|13
|
|move|p2a: King UU|Nasty Plot|p2a: King UU
|-boost|p2a: King UU|spa|2
|move|p1a: Floatzel|Rain Dance|p1a: Floatzel
|-weather|RainDance
|
|-weather|RainDance|[upkeep]
|-heal|p2a: King UU|347\/394|[from] item: Leftovers
|-fieldend|move: Trick Room
|turn|14
|
|move|p1a: Floatzel|Waterfall|p2a: King UU
|-resisted|p2a: King UU
|-damage|p2a: King UU|179\/394
|-damage|p1a: Floatzel|180\/312|[from] item: Life Orb
|cant|p2a: King UU|flinch
|
|-weather|RainDance|[upkeep]
|-heal|p2a: King UU|203\/394|[from] item: Leftovers
|turn|15
|leave|DatGuyChuck
|
|switch|p2a: xMarth|Zygarde|359\/359
|-ability|p2a: xMarth|Aura Break
|move|p1a: Floatzel|Waterfall|p2a: xMarth
|-damage|p2a: xMarth|135\/359
|-damage|p1a: Floatzel|149\/312|[from] item: Life Orb
|
|-weather|RainDance|[upkeep]
|turn|16
|
|switch|p2a: King UU|Slowking, M|334\/394
|move|p1a: Floatzel|Waterfall|p2a: King UU
|-resisted|p2a: King UU
|-damage|p2a: King UU|179\/394
|-damage|p1a: Floatzel|118\/312|[from] item: Life Orb
|
|-weather|RainDance|[upkeep]
|-heal|p2a: King UU|203\/394|[from] item: Leftovers
|turn|17
|
|move|p1a: Floatzel|Waterfall|p2a: King UU
|-resisted|p2a: King UU
|-damage|p2a: King UU|43\/394
|-damage|p1a: Floatzel|87\/312|[from] item: Life Orb
|move|p2a: King UU|Trick Room|p2a: King UU
|-fieldstart|move: Trick Room|[of] p2a: King UU
|
|-weather|none
|-heal|p2a: King UU|67\/394|[from] item: Leftovers
|turn|18
|
|switch|p2a: sniperaim|Fletchinder, F|291\/291
|move|p1a: Floatzel|Aqua Jet|p2a: sniperaim
|-supereffective|p2a: sniperaim
|-damage|p2a: sniperaim|0 fnt
|-damage|p1a: Floatzel|56\/312|[from] item: Life Orb
|faint|p2a: sniperaim
|
|c|âyzreal|loll
|
|switch|p2a: King UU|Slowking, M|198\/394
|turn|19
|
|move|p1a: Floatzel|Aqua Jet|p2a: King UU
|-resisted|p2a: King UU
|-damage|p2a: King UU|146\/394
|-damage|p1a: Floatzel|25\/312|[from] item: Life Orb
|move|p2a: King UU|Psyshock|p1a: Floatzel
|-damage|p1a: Floatzel|0 fnt
|faint|p1a: Floatzel
|
|-heal|p2a: King UU|170\/394|[from] item: Leftovers
|
|switch|p1a: Goodra|Goodra, F|322\/322
|-damage|p1a: Goodra|282\/322|[from] Stealth Rock
|turn|20
|
|move|p2a: King UU|Psyshock|p1a: Goodra
|-damage|p1a: Goodra|104\/322
|move|p1a: Goodra|Dragon Pulse|p2a: King UU
|-crit|p2a: King UU
|-damage|p2a: King UU|0 fnt
|-damage|p1a: Goodra|72\/322|[from] item: Life Orb
|faint|p2a: King UU
|
|
|switch|p2a: xMarth|Zygarde|135\/359
|-ability|p2a: xMarth|Aura Break
|turn|21
|
|move|p2a: xMarth|Extreme Speed|p1a: Goodra
|-damage|p1a: Goodra|0 fnt
|-damage|p2a: xMarth|100\/359|[from] item: Life Orb
|faint|p1a: Goodra
|
|-fieldend|move: Trick Room
|
|switch|p1a: Jolteon|Jolteon, M|238\/272
|-damage|p1a: Jolteon|204\/272|[from] Stealth Rock
|turn|22
|
|move|p2a: xMarth|Extreme Speed|p1a: Jolteon
|-damage|p1a: Jolteon|38\/272
|-damage|p2a: xMarth|65\/359|[from] item: Life Orb
|move|p1a: Jolteon|Hidden Power|p2a: xMarth
|-damage|p2a: xMarth|0 fnt
|faint|p2a: xMarth
|
|win|yzreal
|raw|Ladder updating...
|raw|yzreal's rating: 1096 &rarr; <strong>1118<\/strong><br \/>(+22 for winning)
|raw|Angina Management's rating: 1053 &rarr; <strong>1038<\/strong><br \/>(-15 for losing)
|leave|Angina Management
|player|p2
|leave|Bob the Bro