|join|Tom Bus
|join|gobosox
|player|p1|Tom Bus|142
|player|p2|gobosox|156
|gametype|singles
|gen|6
|tier|UU
|rule|Sleep Clause Mod: Limit one foe put to sleep
|rule|Species Clause: Limit one of each PokÃ©mon
|rule|OHKO Clause: OHKO moves are banned
|rule|Moody Clause: Moody is banned
|rule|Evasion Moves Clause: Evasion moves are banned
|rule|Endless Battle Clause: Forcing endless battles is banned
|rule|HP Percentage Mod: HP is shown in percentages
|clearpoke
|poke|p1|Altaria, F
|poke|p1|Suicune
|poke|p1|Entei, shiny
|poke|p1|Bronzong
|poke|p1|Cresselia, F
|poke|p1|Togekiss, M
|poke|p2|Klefki, M
|poke|p2|Swampert, F
|poke|p2|Forretress, F
|poke|p2|Kabutops, M
|poke|p2|Gorebyss, F
|poke|p2|Sableye, F
|rule|Swagger Clause: Swagger is banned
|rule|Baton Pass Clause: Limit one PokÃ©mon knowing Baton Pass
|teampreview
|join|So Dynamic
|join|Akkie
|c|âTom Bus|Sorry for the gross team :[
|join|Doge Ebinest
|join|All aboard the bus
|join|thunderkid blitz
|join|Bellicose
|c| Akkie|needs more sacred dog trio
|c| Akkie|imo
|leave|thunderkid blitz
|c| All aboard the bus|Team bus tbh
|
|start
|switch|p1a: Dawg'd|Suicune|404\/404
|switch|p2a: Whispering Eye|Sableye, F|304\/304
|-ability|p1a: Dawg'd|Pressure
|turn|1
|join|Henry
|join|TOTEMO
|
|move|p2a: Whispering Eye|Taunt|p1a: Dawg'd
|-start|p1a: Dawg'd|move: Taunt
|move|p1a: Dawg'd|Scald|p2a: Whispering Eye
|-damage|p2a: Whispering Eye|219\/304
|
|turn|2
|
|move|p2a: Whispering Eye|Rain Dance|p2a: Whispering Eye
|-weather|RainDance
|move|p1a: Dawg'd|Scald|p2a: Whispering Eye
|-damage|p2a: Whispering Eye|105\/304
|
|-weather|RainDance|[upkeep]
|turn|3
|join|LarryBusJr
|c| Akkie|...
|join|yuy
|c| LarryBusJr|wootwoot
|
|switch|p2a: Where's My Car Key|Klefki, M|318\/318
|move|p1a: Dawg'd|Scald|p2a: Where's My Car Key
|-damage|p2a: Where's My Car Key|180\/318
|
|-weather|RainDance|[upkeep]
|-end|p1a: Dawg'd|move: Taunt
|turn|4
|c| LarryBusJr|BEEP
|c| Bellicose|Go bud!
|c| Bellicose|bus = legend!
|join|YeLLoW SKaRMoRY
|
|move|p2a: Where's My Car Key|Light Screen|p2a: Where's My Car Key
|-sidestart|p2: gobosox|move: Light Screen
|move|p1a: Dawg'd|Calm Mind|p1a: Dawg'd
|-boost|p1a: Dawg'd|spa|1
|-boost|p1a: Dawg'd|spd|1
|
|-weather|RainDance|[upkeep]
|turn|5
|c| LarryBusJr|KEYS
|c| LarryBusJr|TO
|
|switch|p2a: Gorepiss|Gorebyss, F|253\/253
|move|p1a: Dawg'd|Calm Mind|p1a: Dawg'd
|-boost|p1a: Dawg'd|spa|1
|-boost|p1a: Dawg'd|spd|1
|
|-weather|RainDance|[upkeep]
|turn|6
|c| LarryBusJr|THE
|c| LarryBusJr|JEEP
|
|move|p2a: Gorepiss|Shell Smash|p2a: Gorepiss
|-boost|p2a: Gorepiss|atk|2
|-boost|p2a: Gorepiss|spa|2
|-boost|p2a: Gorepiss|spe|2
|-unboost|p2a: Gorepiss|def|1
|-unboost|p2a: Gorepiss|spd|1
|-enditem|p2a: Gorepiss|White Herb
|-restoreboost|p2a: Gorepiss|[silent]
|move|p1a: Dawg'd|Calm Mind|p1a: Dawg'd
|-boost|p1a: Dawg'd|spa|1
|-boost|p1a: Dawg'd|spd|1
|
|-weather|RainDance|[upkeep]
|turn|7
|join|Updated Kanto
|
|move|p2a: Gorepiss|Baton Pass|p2a: Gorepiss
|
|switch|p2a: Swampert|Swampert, F|341\/341
|move|p1a: Dawg'd|Scald|p2a: Swampert
|-damage|p2a: Swampert|164\/341
|-status|p2a: Swampert|brn
|
|-weather|RainDance|[upkeep]
|-damage|p2a: Swampert|122\/341 brn|[from] brn
|turn|8
|c|âTom Bus|ah
|c|âgobosox|fuck
|c| LarryBusJr|BEEEEEP
|join|thunderkid blitz
|
|detailschange|p2a: Swampert|Swampert-Mega, F
|message|Swampert has Mega Evolved into Mega Swampert!
|move|p2a: Swampert|Earthquake|p1a: Dawg'd
|-damage|p1a: Dawg'd|268\/404
|move|p1a: Dawg'd|Scald|p2a: Swampert
|-damage|p2a: Swampert|0 fnt
|faint|p2a: Swampert
|
|-weather|RainDance|[upkeep]
|-heal|p1a: Dawg'd|293\/404|[from] item: Leftovers
|-sideend|p2: gobosox|move: Light Screen
|
|switch|p2a: Whispering Eye|Sableye, F|105\/304
|turn|9
|c|âTom Bus|voice if I win yn
|c|âgobosox|no
|
|move|p2a: Whispering Eye|Taunt|p1a: Dawg'd
|-start|p1a: Dawg'd|move: Taunt
|move|p1a: Dawg'd|Scald|p2a: Whispering Eye
|-damage|p2a: Whispering Eye|0 fnt
|faint|p2a: Whispering Eye
|
|-weather|none
|-heal|p1a: Dawg'd|318\/404|[from] item: Leftovers
|c|âTom Bus|:[
|leave|Updated Kanto
|c| Akkie|you already won
|c|âgobosox|scald burns dont get voice kek
|
|switch|p2a: Where's My Car Key|Klefki, M|180\/318
|turn|10
|c|âTom Bus|fair
|c| LarryBusJr|LUL
|
|move|p2a: Where's My Car Key|Rain Dance|p2a: Where's My Car Key
|-weather|RainDance
|move|p1a: Dawg'd|Scald|p2a: Where's My Car Key
|-damage|p2a: Where's My Car Key|0 fnt
|faint|p2a: Where's My Car Key
|
|-weather|RainDance|[upkeep]
|-heal|p1a: Dawg'd|343\/404|[from] item: Leftovers
|c| Akkie|switching in on scald and getting burnt
|
|switch|p2a: Gorepiss|Gorebyss, F|253\/253
|turn|11
|
|move|p2a: Gorepiss|Hydro Pump|p1a: Dawg'd
|-resisted|p1a: Dawg'd
|-damage|p1a: Dawg'd|292\/404
|move|p1a: Dawg'd|Scald|p2a: Gorepiss
|-resisted|p2a: Gorepiss
|-damage|p2a: Gorepiss|53\/253
|-status|p2a: Gorepiss|brn
|
|-weather|RainDance|[upkeep]
|-heal|p1a: Dawg'd|317\/404|[from] item: Leftovers
|-damage|p2a: Gorepiss|22\/253 brn|[from] brn
|-end|p1a: Dawg'd|move: Taunt
|turn|12
|leave|thunderkid blitz
|c| Akkie|deserves some sort of punishment
|c| Akkie|imo
|c| LarryBusJr|dang
|join|Philz
|
|move|p2a: Gorepiss|Hydro Pump|p1a: Dawg'd
|-resisted|p1a: Dawg'd
|-damage|p1a: Dawg'd|269\/404
|move|p1a: Dawg'd|Calm Mind|p1a: Dawg'd
|-boost|p1a: Dawg'd|spa|1
|-boost|p1a: Dawg'd|spd|1
|
|-weather|RainDance|[upkeep]
|-heal|p1a: Dawg'd|294\/404|[from] item: Leftovers
|-damage|p2a: Gorepiss|0 fnt|[from] brn
|faint|p2a: Gorepiss
|join|YMASTEST
|
|switch|p2a: Satan Dome|Kabutops, M|261\/261
|turn|13
|
|move|p2a: Satan Dome|Stone Edge|p1a: Dawg'd
|-damage|p1a: Dawg'd|129\/404
|-damage|p2a: Satan Dome|235\/261|[from] item: Life Orb
|move|p1a: Dawg'd|Scald|p2a: Satan Dome
|-damage|p2a: Satan Dome|0 fnt
|faint|p2a: Satan Dome
|
|-weather|RainDance|[upkeep]
|-heal|p1a: Dawg'd|154\/404|[from] item: Leftovers
|c| LarryBusJr|GbusG
|leave|Philz
|
|switch|p2a: 1776|Forretress, F|354\/354
|turn|14
|
|move|p1a: Dawg'd|Scald|p2a: 1776
|-activate|p2a: 1776|Sturdy
|-damage|p2a: 1776|1\/354
|move|p2a: 1776|Volt Switch|p1a: Dawg'd
|-supereffective|p1a: Dawg'd
|-damage|p1a: Dawg'd|130\/404
|
|-weather|RainDance|[upkeep]
|-heal|p1a: Dawg'd|155\/404|[from] item: Leftovers
|-heal|p2a: 1776|23\/354|[from] item: Leftovers
|turn|15
|join|Friendshit
|
|move|p1a: Dawg'd|Scald|p2a: 1776
|-crit|p2a: 1776
|-damage|p2a: 1776|0 fnt
|faint|p2a: 1776
|
|win|Tom Bus
|c|âTom Bus|gg
|c| Friendshit|dayum
|leave|gobosox
|player|p2
|c| Friendshit|rekt