|join|Childish_Gavino
|join|gobosox
|player|p1|Childish_Gavino|214
|player|p2|gobosox|156
|gametype|singles
|gen|6
|tier|UU
|rule|Sleep Clause Mod: Limit one foe put to sleep
|rule|Species Clause: Limit one of each PokÃ©mon
|rule|OHKO Clause: OHKO moves are banned
|rule|Moody Clause: Moody is banned
|rule|Evasion Moves Clause: Evasion moves are banned
|rule|Endless Battle Clause: Forcing endless battles is banned
|rule|HP Percentage Mod: HP is shown in percentages
|clearpoke
|poke|p1|Alakazam, F
|poke|p1|Darmanitan, F
|poke|p1|Blastoise, M
|poke|p1|Zoroark, M
|poke|p1|Leafeon, F
|poke|p1|Roserade, F
|poke|p2|Espeon, M
|poke|p2|Swampert, F
|poke|p2|Ludicolo, F
|poke|p2|Kabutops, M
|poke|p2|Poliwrath, F
|poke|p2|Tornadus, M
|rule|Swagger Clause: Swagger is banned
|rule|Baton Pass Clause: Limit one PokÃ©mon knowing Baton Pass
|teampreview
|join|AnglesEverywhere
|join|Buuskeri
|
|start
|switch|p1a: Turtle Powah|Blastoise, M|362\/362
|switch|p2a: Twistah|Tornadus, M|362\/362
|turn|1
|c| Buuskeri|Gobo he has a weird team
|c|âgobosox|ik
|c| Buuskeri|liek much weird
|c|âChildish_Gavino|I take offense to that.
|c|âgobosox|it's gonna be a weird match
|c|âgobosox|you should
|c| Buuskeri|:D
|
|move|p2a: Twistah|Rain Dance|p2a: Twistah
|-weather|RainDance
|move|p1a: Turtle Powah|Scald|p2a: Twistah
|-damage|p2a: Twistah|220\/362
|
|-weather|RainDance|[upkeep]
|turn|2
|
|move|p2a: Twistah|Grass Knot|p1a: Turtle Powah
|-supereffective|p1a: Turtle Powah
|-damage|p1a: Turtle Powah|204\/362
|move|p1a: Turtle Powah|Scald|p2a: Twistah
|-damage|p2a: Twistah|64\/362
|
|-weather|RainDance|[upkeep]
|-heal|p1a: Turtle Powah|226\/362|[from] item: Leftovers
|turn|3
|c| Buuskeri|but hey if it works then it is allowed t be weird
|c| Buuskeri|*to
|
|switch|p2a: Turn Up|Ludicolo, F|301\/301
|switch|p1a: Sponge Flower|Roserade, F|324\/324
|
|-weather|RainDance|[upkeep]
|turn|4
|
|move|p2a: Turn Up|Ice Beam|p1a: Sponge Flower
|-supereffective|p1a: Sponge Flower
|-damage|p1a: Sponge Flower|176\/324
|-damage|p2a: Turn Up|271\/301|[from] item: Life Orb
|move|p1a: Sponge Flower|Sludge Bomb|p2a: Turn Up
|-supereffective|p2a: Turn Up
|-damage|p2a: Turn Up|0 fnt
|faint|p2a: Turn Up
|
|-weather|RainDance|[upkeep]
|
|switch|p2a: Swampert|Swampert, F|341\/341
|turn|5
|c|âgobosox|fuck
|c|âgobosox|wrong poke
|c|âgobosox|misclicked the shit out of that
|
|switch|p2a: Espeon|Espeon, M|334\/334
|move|p1a: Sponge Flower|Giga Drain|p2a: Espeon
|-damage|p2a: Espeon|189\/334
|-heal|p1a: Sponge Flower|249\/324|[from] drain|[of] p2a: Espeon
|
|-weather|RainDance|[upkeep]
|turn|6
|
|switch|p1a: Turtle Powah|Blastoise, M|226\/362
|move|p2a: Espeon|Psyshock|p1a: Turtle Powah
|-damage|p1a: Turtle Powah|139\/362
|
|-weather|RainDance|[upkeep]
|-heal|p1a: Turtle Powah|161\/362|[from] item: Leftovers
|turn|7
|
|switch|p2a: Swampert|Swampert, F|341\/341
|switch|p1a: Sponge Flower|Roserade, F|261\/261
|
|-weather|RainDance|[upkeep]
|turn|8
|
|detailschange|p2a: Swampert|Swampert-Mega, F
|message|Swampert has Mega Evolved into Mega Swampert!
|move|p1a: Sponge Flower|Nasty Plot|p1a: Sponge Flower
|-boost|p1a: Sponge Flower|spa|2
|move|p2a: Swampert|Ice Punch|p1a: Sponge Flower
|replace|p1a: Peekaboo|Zoroark, M|261\/261
|-damage|p1a: Peekaboo|107\/261
|
|-weather|none
|turn|9
|c|âChildish_Gavino|Wow. That rain stopped right on fucking time.
|
|move|p1a: Peekaboo|Night Daze|p2a: Swampert
|-damage|p2a: Swampert|0 fnt
|-damage|p1a: Peekaboo|81\/261|[from] item: Life Orb
|faint|p2a: Swampert
|
|
|switch|p2a: Twistah|Tornadus, M|64\/362
|turn|10
|join|Wok Oban
|
|move|p2a: Twistah|Rain Dance|p2a: Twistah
|-weather|RainDance
|move|p1a: Peekaboo|Night Daze|p2a: Twistah
|-damage|p2a: Twistah|0 fnt
|-damage|p1a: Peekaboo|55\/261|[from] item: Life Orb
|faint|p2a: Twistah
|
|-weather|RainDance|[upkeep]
|
|switch|p2a: Satan Dome|Kabutops, M|261\/261
|turn|11
|
|move|p2a: Satan Dome|Waterfall|p1a: Peekaboo
|-damage|p1a: Peekaboo|0 fnt
|-damage|p2a: Satan Dome|235\/261|[from] item: Life Orb
|faint|p1a: Peekaboo
|
|-weather|RainDance|[upkeep]
|
|switch|p1a: Vengeance|Alakazam, F|252\/252
|turn|12
|
|detailschange|p1a: Vengeance|Alakazam-Mega, F
|message|Alakazam has Mega Evolved into Mega Alakazam!
|-ability|p1a: Vengeance|Swift Swim|[from] ability: Trace|[of] p2a: Satan Dome
|move|p1a: Vengeance|Protect|p1a: Vengeance
|-singleturn|p1a: Vengeance|Protect
|move|p2a: Satan Dome|Waterfall|p1a: Vengeance
|-activate|p1a: Vengeance|Protect
|
|-weather|RainDance|[upkeep]
|turn|13
|leave|Wok Oban
|
|move|p2a: Satan Dome|Aqua Jet|p1a: Vengeance
|-damage|p1a: Vengeance|61\/252
|-damage|p2a: Satan Dome|209\/261|[from] item: Life Orb
|move|p1a: Vengeance|Psychic|p2a: Satan Dome
|-damage|p2a: Satan Dome|0 fnt
|faint|p2a: Satan Dome
|
|-weather|RainDance|[upkeep]
|
|switch|p2a: Espeon|Espeon, M|189\/334
|turn|14
|
|move|p1a: Vengeance|Shadow Ball|p2a: Espeon
|-supereffective|p2a: Espeon
|-damage|p2a: Espeon|0 fnt
|faint|p2a: Espeon
|
|-weather|RainDance|[upkeep]
|join|Fairy Peak
|
|switch|p2a: Second Amendment|Poliwrath, F|322\/322
|turn|15
|c|âgobosox|gg
|c|âChildish_Gavino|gg
|c|âgobosox|rip hopes nad dreams
|
|move|p1a: Vengeance|Psychic|p2a: Second Amendment
|-supereffective|p2a: Second Amendment
|-damage|p2a: Second Amendment|0 fnt
|faint|p2a: Second Amendment
|
|win|Childish_Gavino
|leave|gobosox
|player|p2
|leave|Fairy Peak