|join|gobosox
|join|Stanford Univ.
|player|p1|gobosox|#cpgtan
|player|p2|Stanford Univ.|235
|gametype|singles
|gen|6
|tier|UU
|rule|Sleep Clause Mod: Limit one foe put to sleep
|rule|Species Clause: Limit one of each PokÃ©mon
|rule|OHKO Clause: OHKO moves are banned
|rule|Moody Clause: Moody is banned
|rule|Evasion Moves Clause: Evasion moves are banned
|rule|Endless Battle Clause: Forcing endless battles is banned
|rule|HP Percentage Mod: HP is shown in percentages
|clearpoke
|poke|p1|Pikachu, F
|poke|p2|Klefki, M
|poke|p2|Cloyster, M
|poke|p2|Haxorus, F
|poke|p2|Beedrill, M
|poke|p2|Celebi
|poke|p2|Combusken, M
|rule|Swagger Clause: Swagger is banned
|rule|Baton Pass Clause: Limit one PokÃ©mon knowing Baton Pass
|teampreview
|
|start
|switch|p1a: Pikachu|Pikachu, F|211\/211
|switch|p2a: Klefki|Klefki, M|318\/318
|turn|1
|
|move|p2a: Klefki|Reflect|p2a: Klefki
|-sidestart|p2: Stanford Univ.|Reflect
|move|p1a: Pikachu|Thunder|p2a: Klefki
|-damage|p2a: Klefki|176\/318
|
|turn|2
|
|move|p2a: Klefki|Light Screen|p2a: Klefki
|-sidestart|p2: Stanford Univ.|move: Light Screen
|move|p1a: Pikachu|Thunder|p2a: Klefki
|-damage|p2a: Klefki|101\/318
|
|turn|3
|
|move|p2a: Klefki|Torment|p1a: Pikachu
|-start|p1a: Pikachu|Torment
|move|p1a: Pikachu|Thunder|p2a: Klefki
|-damage|p2a: Klefki|30\/318
|-status|p2a: Klefki|par
|
|turn|4
|
|move|p2a: Klefki|Torment|p1a: Pikachu
|-fail|p1a: Pikachu
|move|p1a: Pikachu|Thunderbolt|p2a: Klefki
|-damage|p2a: Klefki|0 fnt
|faint|p2a: Klefki
|
|
|switch|p2a: Beedrill|Beedrill, M|272\/272
|turn|5
|
|detailschange|p2a: Beedrill|Beedrill-Mega, M
|message|Beedrill has Mega Evolved into Mega Beedrill!
|move|p1a: Pikachu|Thunder|p2a: Beedrill
|-damage|p2a: Beedrill|188\/272
|move|p2a: Beedrill|Swords Dance|p2a: Beedrill
|-boost|p2a: Beedrill|atk|2
|
|turn|6
|
|move|p2a: Beedrill|X-Scissor|p1a: Pikachu
|-damage|p1a: Pikachu|0 fnt
|faint|p1a: Pikachu
|
|win|Stanford Univ.
|join|Ununhexium