|join|gobosox
|join|SpartanT1993
|player|p1|gobosox|#cpgtan
|player|p2|SpartanT1993|161
|gametype|singles
|gen|6
|tier|UU
|rated
|rule|Sleep Clause Mod: Limit one foe put to sleep
|rule|Species Clause: Limit one of each PokÃ©mon
|rule|OHKO Clause: OHKO moves are banned
|rule|Moody Clause: Moody is banned
|rule|Evasion Moves Clause: Evasion moves are banned
|rule|Endless Battle Clause: Forcing endless battles is banned
|rule|HP Percentage Mod: HP is shown in percentages
|clearpoke
|poke|p1|Cloyster, F
|poke|p1|Nidoqueen, F
|poke|p1|Whimsicott, F
|poke|p1|Alomomola, M
|poke|p1|Jirachi
|poke|p1|Donphan, F
|poke|p2|Houndoom, M
|poke|p2|Toxicroak, M
|poke|p2|Florges, F
|poke|p2|Weezing, M
|poke|p2|Flygon, M
|poke|p2|Raikou
|rule|Swagger Clause: Swagger is banned
|rule|Baton Pass Clause: Limit one PokÃ©mon knowing Baton Pass
|teampreview
|
|start
|switch|p1a: Jirachi|Jirachi|341\/341
|switch|p2a: Flygon|Flygon, M|301\/301
|turn|1
|
|move|p2a: Flygon|Fire Punch|p1a: Jirachi
|-supereffective|p1a: Jirachi
|-damage|p1a: Jirachi|185\/341
|move|p1a: Jirachi|Iron Head|p2a: Flygon
|-crit|p2a: Flygon
|-damage|p2a: Flygon|78\/301
|
|turn|2
|c|âgobosox|s-speed tie
|c|âSpartanT1993|yup
|
|switch|p1a: Cloyster|Cloyster, F|241\/241
|move|p2a: Flygon|Fire Punch|p1a: Cloyster
|-damage|p1a: Cloyster|196\/241
|
|turn|3
|c|âgobosox|ez plays
|
|switch|p2a: Toxicroak|Toxicroak, M|307\/307
|move|p1a: Cloyster|Shell Smash|p1a: Cloyster
|-boost|p1a: Cloyster|atk|2
|-boost|p1a: Cloyster|spa|2
|-boost|p1a: Cloyster|spe|2
|-unboost|p1a: Cloyster|def|1
|-unboost|p1a: Cloyster|spd|1
|
|turn|4
|
|move|p2a: Toxicroak|Sucker Punch|p1a: Cloyster
|-damage|p1a: Cloyster|99\/241
|-damage|p2a: Toxicroak|277\/307|[from] item: Life Orb
|move|p1a: Cloyster|Icicle Spear|p2a: Toxicroak
|-damage|p2a: Toxicroak|135\/307
|-damage|p2a: Toxicroak|9\/307
|-damage|p2a: Toxicroak|0 fnt
|-hitcount|p2a: Toxicroak|3
|-damage|p1a: Cloyster|75\/241|[from] item: Life Orb
|faint|p2a: Toxicroak
|
|
|switch|p2a: Weezing|Weezing, M|333\/333
|turn|5
|
|move|p1a: Cloyster|Surf|p2a: Weezing
|-damage|p2a: Weezing|20\/333
|-damage|p1a: Cloyster|51\/241|[from] item: Life Orb
|move|p2a: Weezing|Will-O-Wisp|p1a: Cloyster
|-status|p1a: Cloyster|brn
|
|-heal|p2a: Weezing|40\/333|[from] item: Black Sludge
|-damage|p1a: Cloyster|21\/241 brn|[from] brn
|turn|6
|
|switch|p1a: Nidoqueen|Nidoqueen, F|352\/352
|move|p2a: Weezing|Explosion|p1a: Nidoqueen
|-damage|p1a: Nidoqueen|145\/352
|faint|p2a: Weezing
|
|
|switch|p2a: Flygon|Flygon, M|78\/301
|turn|7
|
|switch|p1a: Alomomola|Alomomola, M|533\/533
|move|p2a: Flygon|U-turn|p1a: Alomomola
|-damage|p1a: Alomomola|470\/533
|-damage|p2a: Flygon|28\/301|[from] item: Rocky Helmet|[of] p1a: Alomomola
|
|switch|p2a: Raikou|Raikou|321\/321
|-ability|p2a: Raikou|Pressure
|
|turn|8
|
|switch|p1a: Donphan|Donphan, F|352\/352
|move|p2a: Raikou|Hidden Power|p1a: Donphan
|-supereffective|p1a: Donphan
|-damage|p1a: Donphan|119\/352
|
|-heal|p1a: Donphan|141\/352|[from] item: Leftovers
|turn|9
|
|switch|p1a: Whimsicott|Whimsicott, F|323\/323
|move|p2a: Raikou|Hidden Power|p1a: Whimsicott
|-resisted|p1a: Whimsicott
|-damage|p1a: Whimsicott|278\/323
|
|-heal|p1a: Whimsicott|298\/323|[from] item: Leftovers
|turn|10
|
|move|p1a: Whimsicott|Moonblast|p2a: Raikou
|-damage|p2a: Raikou|234\/321
|-unboost|p2a: Raikou|spa|1
|move|p2a: Raikou|Shadow Ball|p1a: Whimsicott
|-damage|p1a: Whimsicott|227\/323
|
|-heal|p1a: Whimsicott|247\/323|[from] item: Leftovers
|turn|11
|
|move|p1a: Whimsicott|Moonblast|p2a: Raikou
|-damage|p2a: Raikou|141\/321
|move|p2a: Raikou|Volt Switch|p1a: Whimsicott
|-resisted|p1a: Whimsicott
|-damage|p1a: Whimsicott|202\/323
|
|switch|p2a: Flygon|Flygon, M|28\/301
|
|-heal|p1a: Whimsicott|222\/323|[from] item: Leftovers
|turn|12
|
|switch|p1a: Alomomola|Alomomola, M|533\/533
|move|p2a: Flygon|Fire Punch|p1a: Alomomola
|-resisted|p1a: Alomomola
|-damage|p1a: Alomomola|503\/533
|-damage|p2a: Flygon|0 fnt|[from] item: Rocky Helmet|[of] p1a: Alomomola
|faint|p2a: Flygon
|
|
|switch|p2a: Raikou|Raikou|141\/321
|-ability|p2a: Raikou|Pressure
|turn|13
|
|move|p1a: Alomomola|Protect|p1a: Alomomola
|-singleturn|p1a: Alomomola|Protect
|move|p2a: Raikou|Thunderbolt|p1a: Alomomola
|-activate|p1a: Alomomola|Protect
|
|turn|14
|
|switch|p1a: Whimsicott|Whimsicott, F|222\/323
|move|p2a: Raikou|Thunderbolt|p1a: Whimsicott
|-resisted|p1a: Whimsicott
|-damage|p1a: Whimsicott|126\/323
|-status|p1a: Whimsicott|par
|
|-heal|p1a: Whimsicott|146\/323 par|[from] item: Leftovers
|turn|15
|
|move|p2a: Raikou|Shadow Ball|p1a: Whimsicott
|-damage|p1a: Whimsicott|36\/323 par
|move|p1a: Whimsicott|Moonblast|p2a: Raikou
|-damage|p2a: Raikou|54\/321
|
|-heal|p1a: Whimsicott|56\/323 par|[from] item: Leftovers
|turn|16
|
|move|p2a: Raikou|Shadow Ball|p1a: Whimsicott
|-damage|p1a: Whimsicott|0 fnt
|faint|p1a: Whimsicott
|
|
|switch|p1a: Jirachi|Jirachi|185\/341
|turn|17
|
|move|p1a: Jirachi|Iron Head|p2a: Raikou
|-resisted|p2a: Raikou
|-damage|p2a: Raikou|0 fnt
|faint|p2a: Raikou
|
|
|switch|p2a: Houndoom|Houndoom, M|291\/291
|turn|18
|
|switch|p1a: Donphan|Donphan, F|141\/352
|detailschange|p2a: Houndoom|Houndoom-Mega, M
|-mega|p2a: Houndoom|Houndoom|Houndoominite
|move|p2a: Houndoom|Dark Pulse|p1a: Donphan
|-damage|p1a: Donphan|0 fnt
|faint|p1a: Donphan
|
|
|switch|p1a: Alomomola|Alomomola, M|533\/533
|turn|19
|
|move|p2a: Houndoom|Nasty Plot|p2a: Houndoom
|-boost|p2a: Houndoom|spa|2
|move|p1a: Alomomola|Healing Wish|p1a: Alomomola
|faint|p1a: Alomomola
|
|
|switch|p1a: Nidoqueen|Nidoqueen, F|145\/352
|-heal|p1a: Nidoqueen|352\/352|[from] move: Healing Wish
|turn|20
|
|move|p2a: Houndoom|Dark Pulse|p1a: Nidoqueen
|-damage|p1a: Nidoqueen|0 fnt
|faint|p1a: Nidoqueen
|
|
|switch|p1a: Jirachi|Jirachi|185\/341
|turn|21
|
|move|p1a: Jirachi|Iron Head|p2a: Houndoom
|-resisted|p2a: Houndoom
|-damage|p2a: Houndoom|221\/291
|move|p2a: Houndoom|Flamethrower|p1a: Jirachi
|-supereffective|p1a: Jirachi
|-damage|p1a: Jirachi|0 fnt
|faint|p1a: Jirachi
|
|-message|gobosox forfeited.
|
|win|SpartanT1993
|raw|Ladder updating...
|raw|gobosox's rating: 1422 &rarr; <strong>1394<\/strong><br \/>(-28 for losing)
|raw|SpartanT1993's rating: 1259 &rarr; <strong>1295<\/strong><br \/>(+36 for winning)