|join|jefo
|join|gobosox
|player|p1|jefo|#cpgtan
|player|p2|gobosox|#cpgtan
|gametype|singles
|gen|6
|tier|UU
|rule|Sleep Clause Mod: Limit one foe put to sleep
|rule|Species Clause: Limit one of each PokÃ©mon
|rule|OHKO Clause: OHKO moves are banned
|rule|Moody Clause: Moody is banned
|rule|Evasion Moves Clause: Evasion moves are banned
|rule|Endless Battle Clause: Forcing endless battles is banned
|rule|HP Percentage Mod: HP is shown in percentages
|clearpoke
|poke|p1|Serperior, M
|poke|p1|Absol, F
|poke|p1|Donphan, M
|poke|p1|Lucario, M
|poke|p1|Celebi
|poke|p1|Flygon, M
|poke|p2|Gorebyss, M
|poke|p2|Swampert, M
|poke|p2|Cloyster, M
|poke|p2|Accelgor, M
|poke|p2|Poliwrath, M
|poke|p2|Tornadus, M
|rule|Swagger Clause: Swagger is banned
|rule|Baton Pass Clause: Limit one PokÃ©mon knowing Baton Pass
|teampreview
|join|Meowiekins
|c|âgobosox|here she is
|c| Meowiekins|%gobosox: jefo if you beat me
|c| Meowiekins|%gobosox: im gonna quit mons%gobosox: jefo if you beat me
|c| Meowiekins|%gobosox: im gonna quit mons
|join|Jolteon AYE
|c| Meowiekins|rip, gobo
|
|start
|switch|p1a: Flygon|Flygon, M|301\/301
|switch|p2a: Shelley|Cloyster, M|241\/241
|turn|1
|
|move|p1a: Flygon|Fire Blast|p2a: Shelley
|-damage|p2a: Shelley|83\/241
|move|p2a: Shelley|Shell Smash|p2a: Shelley
|-boost|p2a: Shelley|atk|2
|-boost|p2a: Shelley|spa|2
|-boost|p2a: Shelley|spe|2
|-unboost|p2a: Shelley|def|1
|-unboost|p2a: Shelley|spd|1
|
|turn|2
|c| Meowiekins|gobo youre jolly right
|
|move|p1a: Flygon|Fire Blast|p2a: Shelley
|-damage|p2a: Shelley|0 fnt
|faint|p2a: Shelley
|
|c| Meowiekins|lmao
|c|âjefo|:^)
|c| Meowiekins|thats
|c|âgobosox|i was jolly
|c| Meowiekins|why run jolly
|c|âgobosox|holy lords
|
|switch|p2a: NASCAR|Accelgor, M|364\/364
|turn|3
|c| Meowiekins|no
|
|move|p1a: Flygon|Fire Blast|p2a: NASCAR
|-supereffective|p2a: NASCAR
|-damage|p2a: NASCAR|158\/364
|move|p2a: NASCAR|Rain Dance|p2a: NASCAR
|-weather|RainDance
|
|-weather|RainDance|[upkeep]
|turn|4
|c| Meowiekins|jolly beats base 100s
|
|move|p1a: Flygon|Fire Blast|p2a: NASCAR
|-supereffective|p2a: NASCAR
|-damage|p2a: NASCAR|42\/364
|move|p2a: NASCAR|Final Gambit|p1a: Flygon
|-damage|p1a: Flygon|259\/301
|faint|p2a: NASCAR
|
|-weather|RainDance|[upkeep]
|
|switch|p2a: Gorepiss|Gorebyss, M|251\/251
|turn|5
|
|switch|p1a: Serperior|Serperior, M|291\/291
|move|p2a: Gorepiss|Shell Smash|p2a: Gorepiss
|-boost|p2a: Gorepiss|atk|2
|-boost|p2a: Gorepiss|spa|2
|-boost|p2a: Gorepiss|spe|2
|-unboost|p2a: Gorepiss|def|1
|-unboost|p2a: Gorepiss|spd|1
|-enditem|p2a: Gorepiss|White Herb
|-restoreboost|p2a: Gorepiss|[silent]
|
|-weather|RainDance|[upkeep]
|turn|6
|
|move|p2a: Gorepiss|Ice Beam|p1a: Serperior
|-supereffective|p1a: Serperior
|-damage|p1a: Serperior|0 fnt
|faint|p1a: Serperior
|
|-weather|RainDance|[upkeep]
|c|âgobosox|ez
|
|switch|p1a: Donphan|Donphan, M|384\/384
|turn|7
|
|move|p2a: Gorepiss|Surf|p1a: Donphan
|-supereffective|p1a: Donphan
|-activate|p1a: Donphan|Sturdy
|-damage|p1a: Donphan|1\/384
|move|p1a: Donphan|Earthquake|p2a: Gorepiss
|-damage|p2a: Gorepiss|113\/251
|
|-weather|RainDance|[upkeep]
|-heal|p1a: Donphan|25\/384|[from] item: Leftovers
|turn|8
|
|move|p2a: Gorepiss|Baton Pass|p2a: Gorepiss
|
|switch|p2a: Get Wet|Swampert, M|341\/341
|move|p1a: Donphan|Knock Off|p2a: Get Wet
|-damage|p2a: Get Wet|272\/341
|
|-weather|RainDance|[upkeep]
|-heal|p1a: Donphan|49\/384|[from] item: Leftovers
|turn|9
|
|switch|p1a: Celebi|Celebi|396\/396
|detailschange|p2a: Get Wet|Swampert-Mega, M
|-mega|p2a: Get Wet|Swampert|Swampertite
|move|p2a: Get Wet|Waterfall|p1a: Celebi
|-resisted|p1a: Celebi
|-damage|p1a: Celebi|151\/396
|
|-weather|RainDance|[upkeep]
|-heal|p1a: Celebi|175\/396|[from] item: Leftovers
|turn|10
|
|switch|p1a: Donphan|Donphan, M|49\/384
|move|p2a: Get Wet|Waterfall|p1a: Donphan
|-supereffective|p1a: Donphan
|-damage|p1a: Donphan|0 fnt
|faint|p1a: Donphan
|
|-weather|none
|c| Jolteon AYE|god
|c| Meowiekins|flygon outspeeds this too
|c|âgobosox|ayyyy lmao!
|
|switch|p1a: Flygon|Flygon, M|259\/301
|turn|11
|
|move|p1a: Flygon|Outrage|p2a: Get Wet
|-damage|p2a: Get Wet|101\/341
|move|p2a: Get Wet|Rain Dance|p2a: Get Wet
|-weather|RainDance
|
|-weather|RainDance|[upkeep]
|turn|12
|
|move|p2a: Get Wet|Waterfall|p1a: Flygon
|-damage|p1a: Flygon|0 fnt
|faint|p1a: Flygon
|
|-weather|RainDance|[upkeep]
|join|ULT King UU
|c| Jolteon AYE|i thot giga
|
|switch|p1a: Lucario|Lucario, M|281\/281
|turn|13
|c| Meowiekins|>ult
|c| Meowiekins|is there a ladder tour?
|c| ULT King UU|http:\/\/www.smogon.com\/forums\/threads\/oras-underused-ladder-tournament.3527810\/#post-6001669
|
|move|p1a: Lucario|Extreme Speed|p2a: Get Wet
|-damage|p2a: Get Wet|0 fnt
|-damage|p1a: Lucario|253\/281|[from] item: Life Orb
|faint|p2a: Get Wet
|
|-weather|RainDance|[upkeep]
|
|switch|p2a: Second Amendment|Poliwrath, M|322\/322
|turn|14
|
|switch|p1a: Absol|Absol, F|271\/271
|move|p2a: Second Amendment|Brick Break|p1a: Absol
|-supereffective|p1a: Absol
|-damage|p1a: Absol|0 fnt
|faint|p1a: Absol
|
|-weather|RainDance|[upkeep]
|
|switch|p1a: Celebi|Celebi|175\/396
|turn|15
|
|switch|p2a: Gorepiss|Gorebyss, M|113\/251
|move|p1a: Celebi|Baton Pass|p1a: Celebi
|
|switch|p1a: Lucario|Lucario, M|253\/281
|
|-weather|none
|turn|16
|c|âgobosox|the trashcan is callin your name
|
|switch|p2a: Twistah|Tornadus, M|361\/361
|move|p1a: Lucario|Swords Dance|p1a: Lucario
|-boost|p1a: Lucario|atk|2
|
|turn|17
|
|move|p1a: Lucario|Extreme Speed|p2a: Twistah
|-damage|p2a: Twistah|57\/361
|-damage|p1a: Lucario|225\/281|[from] item: Life Orb
|move|p2a: Twistah|Rain Dance|p2a: Twistah
|-weather|RainDance
|
|-weather|RainDance|[upkeep]
|turn|18
|c| Meowiekins|G_G
|c| Meowiekins|rip
|c|âjefo|what if i sded again
|
|move|p1a: Lucario|Extreme Speed|p2a: Twistah
|-damage|p2a: Twistah|0 fnt
|-damage|p1a: Lucario|197\/281|[from] item: Life Orb
|faint|p2a: Twistah
|
|-weather|RainDance|[upkeep]
|c| Meowiekins|just
|c| Meowiekins|crite
|
|switch|p2a: Second Amendment|Poliwrath, M|322\/322
|turn|19
|c| Meowiekins|the poli
|
|move|p1a: Lucario|Extreme Speed|p2a: Second Amendment
|-damage|p2a: Second Amendment|113\/322
|-damage|p1a: Lucario|169\/281|[from] item: Life Orb
|-enditem|p2a: Second Amendment|Sitrus Berry|[eat]
|-heal|p2a: Second Amendment|193\/322|[from] item: Sitrus Berry
|move|p2a: Second Amendment|Brick Break|p1a: Lucario
|-supereffective|p1a: Lucario
|-damage|p1a: Lucario|0 fnt
|faint|p1a: Lucario
|
|-weather|RainDance|[upkeep]
|
|switch|p1a: Celebi|Celebi|175\/396
|turn|20
|c| Meowiekins|no crit
|c| Meowiekins|:\/
|
|move|p2a: Second Amendment|Ice Punch|p1a: Celebi
|-supereffective|p1a: Celebi
|-damage|p1a: Celebi|41\/396
|move|p1a: Celebi|Recover|p1a: Celebi
|-heal|p1a: Celebi|239\/396
|
|-weather|RainDance|[upkeep]
|-heal|p1a: Celebi|263\/396|[from] item: Leftovers
|turn|21
|c| Meowiekins|wait....
|c| Meowiekins|can
|
|move|p2a: Second Amendment|Belly Drum|p2a: Second Amendment
|-damage|p2a: Second Amendment|32\/322
|-setboost|p2a: Second Amendment|atk|6|[from] move: Belly Drum
|move|p1a: Celebi|Recover|p1a: Celebi
|-heal|p1a: Celebi|396\/396
|
|-weather|RainDance|[upkeep]
|turn|22
|c| Meowiekins|celebi bring it back
|join|Lucipurrr
|c|âjefo|YOU
|c|âjefo|FUCKING
|
|move|p2a: Second Amendment|Ice Punch|p1a: Celebi
|-supereffective|p1a: Celebi
|-damage|p1a: Celebi|0 fnt
|faint|p1a: Celebi
|
|win|gobosox
|c| Meowiekins|nop
|c|âjefo|FAG
|c|âgobosox|GET REKT
|c| Meowiekins|lmao
|c| Jolteon AYE|yes
|c| Meowiekins|G_G
|leave|Lucipurrr
|join|Lucipurrr
|leave|Lucipurrr
|c|âgobosox|HAHAHAHAHAHAHAHAHAHAHAHAHA
|c|âgobosox|TRASHCAN HOMIE
|c| Meowiekins|%gobosox: jefo if you beat me
|c| Meowiekins|%gobosox: im gonna quit mons
|c| Meowiekins|n_n
|c|âjefo|you got luckEE
|join|mouse de frank
|join|doge ebinest
|c| Jolteon AYE|this was the best