|join|DaWeezingDuckDH
|join|gobosox
|player|p1|DaWeezingDuckDH|1
|player|p2|gobosox|#cpgtan
|gametype|singles
|gen|6
|tier|UU
|rated
|rule|Sleep Clause Mod: Limit one foe put to sleep
|rule|Species Clause: Limit one of each PokÃ©mon
|rule|OHKO Clause: OHKO moves are banned
|rule|Moody Clause: Moody is banned
|rule|Evasion Moves Clause: Evasion moves are banned
|rule|Endless Battle Clause: Forcing endless battles is banned
|rule|HP Percentage Mod: HP is shown in percentages
|clearpoke
|poke|p1|Cresselia, F
|poke|p1|Weezing, F
|poke|p1|Absol, F
|poke|p1|Vaporeon, F
|poke|p1|Serperior, F
|poke|p1|Crobat, M
|poke|p2|Eelektross, M
|poke|p2|Jirachi
|poke|p2|Aerodactyl, F
|poke|p2|Krookodile, M
|poke|p2|Alomomola, M
|poke|p2|Whimsicott, F
|rule|Swagger Clause: Swagger is banned
|rule|Baton Pass Clause: Limit one PokÃ©mon knowing Baton Pass
|teampreview
|join|Dad's Dad
|
|start
|switch|p1a: Weezing 1.07|Weezing, F|334\/334
|switch|p2a: Aerodactyl|Aerodactyl, F|301\/301
|turn|1
|
|switch|p2a: Eelektross|Eelektross, M|373\/373
|move|p1a: Weezing 1.07|Will-O-Wisp|p2a: Eelektross
|-status|p2a: Eelektross|brn
|
|-damage|p2a: Eelektross|327\/373 brn|[from] brn
|turn|2
|
|switch|p1a: Cresselia 2.19|Cresselia, F|443\/443
|move|p2a: Eelektross|Thunderbolt|p1a: Cresselia 2.19
|-damage|p1a: Cresselia 2.19|328\/443
|
|-heal|p1a: Cresselia 2.19|355\/443|[from] item: Leftovers
|-damage|p2a: Eelektross|281\/373 brn|[from] brn
|turn|3
|
|move|p1a: Cresselia 2.19|Substitute|p1a: Cresselia 2.19
|-start|p1a: Cresselia 2.19|Substitute
|-damage|p1a: Cresselia 2.19|245\/443
|move|p2a: Eelektross|U-turn|p1a: Cresselia 2.19
|-supereffective|p1a: Cresselia 2.19
|-activate|p1a: Cresselia 2.19|Substitute|[damage]
|
|switch|p2a: Whimsicott|Whimsicott, F|261\/261
|
|-heal|p1a: Cresselia 2.19|272\/443|[from] item: Leftovers
|turn|4
|
|switch|p1a: Weezing 1.07|Weezing, F|334\/334
|move|p2a: Whimsicott|Encore|p1a: Weezing 1.07
|-fail|p1a: Weezing 1.07
|
|turn|5
|
|move|p2a: Whimsicott|U-turn|p1a: Weezing 1.07
|-resisted|p1a: Weezing 1.07
|-damage|p1a: Weezing 1.07|322\/334
|
|switch|p2a: Eelektross|Eelektross, M|281\/373 brn
|move|p1a: Weezing 1.07|Sludge Bomb|p2a: Eelektross
|-damage|p2a: Eelektross|212\/373 brn
|
|-heal|p1a: Weezing 1.07|334\/334|[from] item: Black Sludge
|-damage|p2a: Eelektross|166\/373 brn|[from] brn
|turn|6
|
|move|p1a: Weezing 1.07|Toxic Spikes|p2a: Eelektross
|-sidestart|p2: gobosox|move: Toxic Spikes
|move|p2a: Eelektross|U-turn|p1a: Weezing 1.07
|-resisted|p1a: Weezing 1.07
|-damage|p1a: Weezing 1.07|325\/334
|
|switch|p2a: Jirachi|Jirachi|403\/403
|
|-heal|p1a: Weezing 1.07|334\/334|[from] item: Black Sludge
|turn|7
|
|move|p2a: Jirachi|Substitute|p2a: Jirachi
|-start|p2a: Jirachi|Substitute
|-damage|p2a: Jirachi|303\/403
|move|p1a: Weezing 1.07|Will-O-Wisp|p2a: Jirachi
|
|-heal|p2a: Jirachi|328\/403|[from] item: Leftovers
|turn|8
|
|move|p2a: Jirachi|Fire Punch|p1a: Weezing 1.07
|-damage|p1a: Weezing 1.07|296\/334
|move|p1a: Weezing 1.07|Flamethrower|p2a: Jirachi
|-supereffective|p2a: Jirachi
|-end|p2a: Jirachi|Substitute
|
|-heal|p2a: Jirachi|353\/403|[from] item: Leftovers
|-heal|p1a: Weezing 1.07|316\/334|[from] item: Black Sludge
|turn|9
|
|move|p2a: Jirachi|Substitute|p2a: Jirachi
|-start|p2a: Jirachi|Substitute
|-damage|p2a: Jirachi|253\/403
|move|p1a: Weezing 1.07|Flamethrower|p2a: Jirachi
|-supereffective|p2a: Jirachi
|-end|p2a: Jirachi|Substitute
|
|-heal|p2a: Jirachi|278\/403|[from] item: Leftovers
|-heal|p1a: Weezing 1.07|334\/334|[from] item: Black Sludge
|turn|10
|
|move|p2a: Jirachi|Iron Head|p1a: Weezing 1.07
|-damage|p1a: Weezing 1.07|273\/334
|move|p1a: Weezing 1.07|Flamethrower|p2a: Jirachi
|-supereffective|p2a: Jirachi
|-damage|p2a: Jirachi|152\/403
|
|-heal|p2a: Jirachi|177\/403|[from] item: Leftovers
|-heal|p1a: Weezing 1.07|293\/334|[from] item: Black Sludge
|turn|11
|
|switch|p2a: Aerodactyl|Aerodactyl, F|301\/301
|move|p1a: Weezing 1.07|Will-O-Wisp|p2a: Aerodactyl|[miss]
|-miss|p1a: Weezing 1.07|p2a: Aerodactyl
|
|-heal|p1a: Weezing 1.07|313\/334|[from] item: Black Sludge
|turn|12
|join|BOUFF
|
|detailschange|p2a: Aerodactyl|Aerodactyl-Mega, F
|-mega|p2a: Aerodactyl|Aerodactyl|Aerodactylite
|move|p2a: Aerodactyl|Stone Edge|p1a: Weezing 1.07
|-damage|p1a: Weezing 1.07|195\/334
|move|p1a: Weezing 1.07|Will-O-Wisp|p2a: Aerodactyl
|-status|p2a: Aerodactyl|brn
|
|-heal|p1a: Weezing 1.07|215\/334|[from] item: Black Sludge
|-damage|p2a: Aerodactyl|264\/301 brn|[from] brn
|turn|13
|join|ahyueah
|leave|ahyueah
|
|move|p2a: Aerodactyl|Defog|p1a: Weezing 1.07
|-unboost|p1a: Weezing 1.07|evasion|1
|-sideend|p2: gobosox|Toxic Spikes|[from] move: Defog|[of] p2a: Aerodactyl
|move|p1a: Weezing 1.07|Toxic Spikes|p2a: Aerodactyl
|-sidestart|p2: gobosox|move: Toxic Spikes
|
|-heal|p1a: Weezing 1.07|235\/334|[from] item: Black Sludge
|-damage|p2a: Aerodactyl|227\/301 brn|[from] brn
|turn|14
|
|switch|p2a: Eelektross|Eelektross, M|166\/373 brn
|move|p1a: Weezing 1.07|Toxic Spikes|p2a: Eelektross
|-sidestart|p2: gobosox|move: Toxic Spikes
|
|-heal|p1a: Weezing 1.07|255\/334|[from] item: Black Sludge
|-damage|p2a: Eelektross|120\/373 brn|[from] brn
|turn|15
|join|chumped
|
|switch|p1a: Serperior 0.04|Serperior, F|291\/291
|move|p2a: Eelektross|Thunderbolt|p1a: Serperior 0.04
|-resisted|p1a: Serperior 0.04
|-damage|p1a: Serperior 0.04|207\/291
|
|-heal|p1a: Serperior 0.04|225\/291|[from] item: Leftovers
|-damage|p2a: Eelektross|74\/373 brn|[from] brn
|turn|16
|join|Shit User
|
|move|p1a: Serperior 0.04|Leaf Storm|p2a: Eelektross
|-damage|p2a: Eelektross|0 fnt
|-boost|p1a: Serperior 0.04|spa|2
|faint|p2a: Eelektross
|
|-heal|p1a: Serperior 0.04|243\/291|[from] item: Leftovers
|join|baenail
|
|switch|p2a: Aerodactyl|Aerodactyl-Mega, F|227\/301 brn
|turn|17
|
|move|p2a: Aerodactyl|Defog|p1a: Serperior 0.04
|-boost|p1a: Serperior 0.04|evasion|1
|-sideend|p2: gobosox|Toxic Spikes|[from] move: Defog|[of] p2a: Aerodactyl
|move|p1a: Serperior 0.04|Leaf Storm|p2a: Aerodactyl
|-damage|p2a: Aerodactyl|0 fnt
|-boost|p1a: Serperior 0.04|spa|2
|faint|p2a: Aerodactyl
|
|-heal|p1a: Serperior 0.04|261\/291|[from] item: Leftovers
|
|switch|p2a: Jirachi|Jirachi|177\/403
|turn|18
|
|move|p1a: Serperior 0.04|Hidden Power|p2a: Jirachi
|-supereffective|p2a: Jirachi
|-damage|p2a: Jirachi|0 fnt
|faint|p2a: Jirachi
|
|-heal|p1a: Serperior 0.04|279\/291|[from] item: Leftovers
|join|Antenna Management
|
|switch|p2a: Whimsicott|Whimsicott, F|261\/261
|turn|19
|
|move|p2a: Whimsicott|Moonblast|p1a: Serperior 0.04
|-damage|p1a: Serperior 0.04|164\/291
|move|p1a: Serperior 0.04|Hidden Power|p2a: Whimsicott
|-supereffective|p2a: Whimsicott
|-damage|p2a: Whimsicott|0 fnt
|faint|p2a: Whimsicott
|
|-heal|p1a: Serperior 0.04|182\/291|[from] item: Leftovers
|c| Shit User|mfw
|join|ahyueah
|c| Shit User|why
|c| Shit User|did u defog
|leave|ahyueah
|c| Shit User|instead of killing the threat
|
|switch|p2a: Krookodile|Krookodile, M|332\/332
|turn|20
|c|âgobosox|r i p
|c| Shit User|hes missing
|c| Shit User|anyway
|c| Shit User|so like
|
|move|p1a: Serperior 0.04|Glare|p2a: Krookodile
|-status|p2a: Krookodile|par
|move|p2a: Krookodile|Knock Off|p1a: Serperior 0.04
|-damage|p1a: Serperior 0.04|0 fnt
|-enditem|p1a: Serperior 0.04|Leftovers|[from] move: Knock Off|[of] p2a: Krookodile
|-damage|p2a: Krookodile|299\/332 par|[from] item: Life Orb
|faint|p1a: Serperior 0.04
|-boost|p2a: Krookodile|atk|1|[from] ability: Moxie
|
|c| Shit User|but yeah gobo change your team up
|
|switch|p1a: Vaporeon 8.99|Vaporeon, F|463\/463
|turn|21
|
|move|p1a: Vaporeon 8.99|Scald|p2a: Krookodile
|-supereffective|p2a: Krookodile
|-damage|p2a: Krookodile|45\/332 par
|move|p2a: Krookodile|Knock Off|p1a: Vaporeon 8.99
|-damage|p1a: Vaporeon 8.99|154\/463
|-enditem|p1a: Vaporeon 8.99|Leftovers|[from] move: Knock Off|[of] p2a: Krookodile
|-damage|p2a: Krookodile|12\/332 par|[from] item: Life Orb
|
|turn|22
|
|move|p1a: Vaporeon 8.99|Scald|p2a: Krookodile
|-supereffective|p2a: Krookodile
|-damage|p2a: Krookodile|0 fnt
|faint|p2a: Krookodile
|
|c|âgobosox|gg
|
|switch|p2a: Alomomola|Alomomola, M|533\/533
|turn|23
|-message|gobosox forfeited.
|
|win|DaWeezingDuckDH
|raw|Ladder updating...
|leave|baenail
|raw|DaWeezingDuckDH's rating: 1455 &rarr; <strong>1472<\/strong><br \/>(+17 for winning)
|raw|gobosox's rating: 1409 &rarr; <strong>1392<\/strong><br \/>(-17 for losing)