|join|gobosox
|join|Aggron
|player|p1|gobosox|#cpgtan
|player|p2|Aggron|17
|gametype|singles
|gen|6
|tier|UU
|rated
|rule|Sleep Clause Mod: Limit one foe put to sleep
|rule|Species Clause: Limit one of each PokÃ©mon
|rule|OHKO Clause: OHKO moves are banned
|rule|Moody Clause: Moody is banned
|rule|Evasion Moves Clause: Evasion moves are banned
|rule|Endless Battle Clause: Forcing endless battles is banned
|rule|HP Percentage Mod: HP is shown in percentages
|clearpoke
|poke|p1|Cloyster, F
|poke|p1|Nidoqueen, F
|poke|p1|Whimsicott, F
|poke|p1|Alomomola, M
|poke|p1|Jirachi
|poke|p1|Donphan, F
|poke|p2|Darmanitan, M
|poke|p2|Roserade, F
|poke|p2|Blastoise, M
|poke|p2|Rhyperior, M
|poke|p2|Scrafty, M
|poke|p2|Crobat, M
|rule|Swagger Clause: Swagger is banned
|rule|Baton Pass Clause: Limit one PokÃ©mon knowing Baton Pass
|teampreview
|c|âAggron|hf
|c|âgobosox|same
|c|âAggron|dude we battle alor
|c|âAggron|a lot*
|
|start
|switch|p1a: Donphan|Donphan, F|352\/352
|switch|p2a: Rhyperior|Rhyperior, M|432\/432
|turn|1
|c|âgobosox|it's been like 2 times lol
|c|âAggron|in different tiers too
|c|âgobosox|i thing the names are just recognizanle
|c|âgobosox|oh yeah
|c|âAggron|unless someone else has that sprite
|c|âgobosox|we battle nu a lot too
|
|switch|p2a: Blastoise|Blastoise, M|361\/361
|move|p1a: Donphan|Earthquake|p2a: Blastoise
|-damage|p2a: Blastoise|165\/361
|
|turn|2
|c|âAggron|i haven't played nu a while
|c|âAggron|waiting for serp to leave
|c|âAggron|also that hit very hard
|
|detailschange|p2a: Blastoise|Blastoise-Mega, M
|-mega|p2a: Blastoise|Blastoise|Blastoisinite
|move|p2a: Blastoise|Ice Beam|p1a: Donphan
|-supereffective|p1a: Donphan
|-damage|p1a: Donphan|6\/352
|move|p1a: Donphan|Earthquake|p2a: Blastoise
|-damage|p2a: Blastoise|0 fnt
|faint|p2a: Blastoise
|
|-heal|p1a: Donphan|28\/352|[from] item: Leftovers
|
|switch|p2a: Darmanitan|Darmanitan, M|351\/351
|turn|3
|
|switch|p1a: Alomomola|Alomomola, M|533\/533
|move|p2a: Darmanitan|U-turn|p1a: Alomomola
|-damage|p1a: Alomomola|459\/533
|-damage|p2a: Darmanitan|293\/351|[from] item: Rocky Helmet|[of] p1a: Alomomola
|
|switch|p2a: Roserade|Roserade, F|261\/261
|
|turn|4
|
|move|p1a: Alomomola|Protect|p1a: Alomomola
|-singleturn|p1a: Alomomola|Protect
|move|p2a: Roserade|Spikes|p1a: Alomomola
|-sidestart|p1: gobosox|Spikes
|
|turn|5
|
|move|p2a: Roserade|Sleep Powder|p1a: Alomomola
|-status|p1a: Alomomola|slp
|cant|p1a: Alomomola|slp
|
|turn|6
|
|switch|p1a: Nidoqueen|Nidoqueen, F|352\/352
|-damage|p1a: Nidoqueen|308\/352|[from] Spikes
|move|p2a: Roserade|Spikes|p1a: Nidoqueen
|-sidestart|p1: gobosox|Spikes
|
|turn|7
|
|switch|p2a: Crobat|Crobat, M|353\/353
|move|p1a: Nidoqueen|Earth Power|p2a: Crobat
|-immune|p2a: Crobat|[msg]
|
|turn|8
|
|move|p2a: Crobat|Brave Bird|p1a: Nidoqueen
|-damage|p1a: Nidoqueen|146\/352
|-damage|p2a: Crobat|300\/353|[from] recoil|[of] p1a: Nidoqueen
|move|p1a: Nidoqueen|Thunderbolt|p2a: Crobat
|-supereffective|p2a: Crobat
|-damage|p2a: Crobat|0 fnt
|faint|p2a: Crobat
|
|
|switch|p2a: Roserade|Roserade, F|261\/261
|turn|9
|c|âAggron|i like fighting you
|
|move|p2a: Roserade|Giga Drain|p1a: Nidoqueen
|-damage|p1a: Nidoqueen|0 fnt
|-damage|p2a: Roserade|235\/261|[from] item: Life Orb
|faint|p1a: Nidoqueen
|
|c|âAggron|you are consistently good in every tier ive played you
|
|switch|p1a: Jirachi|Jirachi|341\/341
|-damage|p1a: Jirachi|285\/341|[from] Spikes
|turn|10
|c|âgobosox|lol i try man
|c|âgobosox|and you too
|c|âAggron|thanks
|c|âgobosox|im not doin to hot rn in uu cause im team testing
|c|âAggron|ah
|c|âAggron|i actually was recently doing that
|c|âAggron|this team has been my best result so far
|
|switch|p2a: Scrafty|Scrafty, M|320\/320
|move|p1a: Jirachi|U-turn|p2a: Scrafty
|-damage|p2a: Scrafty|257\/320
|c|âAggron|which is funny because this is my updated 5th gen team
|
|switch|p1a: Whimsicott|Whimsicott, F|323\/323
|-damage|p1a: Whimsicott|270\/323|[from] Spikes
|
|-heal|p1a: Whimsicott|290\/323|[from] item: Leftovers
|-heal|p2a: Scrafty|277\/320|[from] item: Leftovers
|turn|11
|
|switch|p2a: Roserade|Roserade, F|235\/261
|move|p1a: Whimsicott|Moonblast|p2a: Roserade
|-crit|p2a: Roserade
|-resisted|p2a: Roserade
|-damage|p2a: Roserade|170\/261
|
|-heal|p1a: Whimsicott|310\/323|[from] item: Leftovers
|turn|12
|
|move|p1a: Whimsicott|U-turn|p2a: Roserade
|-damage|p2a: Roserade|113\/261
|
|switch|p1a: Donphan|Donphan, F|28\/352
|-damage|p1a: Donphan|0 fnt|[from] Spikes
|faint|p1a: Donphan
|move|p2a: Roserade|Spikes|p1: Donphan
|-sidestart|p1: gobosox|Spikes
|
|
|switch|p1a: Jirachi|Jirachi|285\/341
|-damage|p1a: Jirachi|200\/341|[from] Spikes
|turn|13
|
|move|p1a: Jirachi|Iron Head|p2a: Roserade
|-damage|p2a: Roserade|0 fnt
|faint|p2a: Roserade
|
|
|switch|p2a: Scrafty|Scrafty, M|277\/320
|turn|14
|
|move|p1a: Jirachi|Iron Head|p2a: Scrafty
|-damage|p2a: Scrafty|175\/320
|cant|p2a: Scrafty|flinch
|
|-heal|p2a: Scrafty|195\/320|[from] item: Leftovers
|turn|15
|join|z0mOG
|c|âAggron|14 turns in and weve almost killed each other
|c|âgobosox|lol
|c|âgobosox|yeah
|
|switch|p1a: Whimsicott|Whimsicott, F|310\/323
|-damage|p1a: Whimsicott|230\/323|[from] Spikes
|move|p2a: Scrafty|Knock Off|p1a: Whimsicott
|-resisted|p1a: Whimsicott
|-damage|p1a: Whimsicott|163\/323
|-enditem|p1a: Whimsicott|Leftovers|[from] move: Knock Off|[of] p2a: Scrafty
|
|-heal|p2a: Scrafty|215\/320|[from] item: Leftovers
|turn|16
|c| z0mOG|aggron
|c|âgobosox|thse spikes
|c|âAggron|sup
|
|switch|p2a: Darmanitan|Darmanitan, M|293\/351
|move|p1a: Whimsicott|Moonblast|p2a: Darmanitan
|-resisted|p2a: Darmanitan
|-damage|p2a: Darmanitan|224\/351
|
|turn|17
|c| z0mOG|whats the point in scrafty>pangoro
|join|Shit User
|c|âAggron|they are very different pokemon
|c| z0mOG|Is it some bulk up scrafty shit
|c|âAggron|scrafty works as my special wall\/knock off spammer
|c|âAggron|till i drop the threats
|c|âgobosox|scrafty is d rank though
|c| z0mOG|assvest pangoro
|c| z0mOG|>>
|c|âAggron|then hes my sweeper
|
|switch|p1a: Alomomola|Alomomola, M|533\/533 slp
|-damage|p1a: Alomomola|400\/533 slp|[from] Spikes
|move|p2a: Darmanitan|U-turn|p1a: Alomomola
|-damage|p1a: Alomomola|324\/533 slp
|-damage|p2a: Darmanitan|166\/351|[from] item: Rocky Helmet|[of] p1a: Alomomola
|c|âAggron|scrafty is a lot better then people give it credit for
|c|âgobosox|it needs a lot of spport though
|c|âAggron|not to much
|c|âAggron|just fairy support
|
|switch|p2a: Scrafty|Scrafty, M|215\/320
|
|-heal|p2a: Scrafty|235\/320|[from] item: Leftovers
|turn|18
|c| z0mOG|and steel
|c|âAggron|which i have plenty of
|c| z0mOG|or poison
|c| z0mOG|to switch in on florges\/whimsi
|c|âAggron|got darm rose and crobat
|
|switch|p1a: Whimsicott|Whimsicott, F|163\/323
|-damage|p1a: Whimsicott|83\/323|[from] Spikes
|move|p2a: Scrafty|Bulk Up|p2a: Scrafty
|-boost|p2a: Scrafty|atk|1
|-boost|p2a: Scrafty|def|1
|
|-heal|p2a: Scrafty|255\/320|[from] item: Leftovers
|turn|19
|
|switch|p2a: Darmanitan|Darmanitan, M|166\/351
|move|p1a: Whimsicott|Moonblast|p2a: Darmanitan
|-resisted|p2a: Darmanitan
|-damage|p2a: Darmanitan|91\/351
|-unboost|p2a: Darmanitan|spa|1
|
|turn|20
|
|switch|p1a: Alomomola|Alomomola, M|501\/533 slp
|-damage|p1a: Alomomola|368\/533 slp|[from] Spikes
|move|p2a: Darmanitan|Flare Blitz|p1a: Alomomola
|-resisted|p1a: Alomomola
|-damage|p1a: Alomomola|246\/533 slp
|-damage|p2a: Darmanitan|33\/351|[from] item: Rocky Helmet|[of] p1a: Alomomola
|-damage|p2a: Darmanitan|0 fnt|[from] recoil|[of] p1a: Alomomola
|faint|p2a: Darmanitan
|
|
|switch|p2a: Rhyperior|Rhyperior, M|432\/432
|turn|21
|
|-curestatus|p1a: Alomomola|slp
|move|p1a: Alomomola|Healing Wish|p1a: Alomomola
|faint|p1a: Alomomola
|move|p2a: Rhyperior|Stealth Rock|p1: Alomomola
|-sidestart|p1: gobosox|move: Stealth Rock
|
|
|switch|p1a: Whimsicott|Whimsicott, F|83\/323
|-heal|p1a: Whimsicott|323\/323|[from] move: Healing Wish
|-damage|p1a: Whimsicott|243\/323|[from] Spikes
|-damage|p1a: Whimsicott|203\/323|[from] Stealth Rock
|turn|22
|c|âAggron|fuark
|c|âgobosox|yessss
|
|move|p1a: Whimsicott|Giga Drain|p2a: Rhyperior
|-supereffective|p2a: Rhyperior
|-damage|p2a: Rhyperior|198\/432
|-heal|p1a: Whimsicott|320\/323|[from] drain|[of] p2a: Rhyperior
|move|p2a: Rhyperior|Fire Punch|p1a: Whimsicott
|-supereffective|p1a: Whimsicott
|-damage|p1a: Whimsicott|98\/323
|
|-heal|p2a: Rhyperior|225\/432|[from] item: Leftovers
|turn|23
|c|âAggron|close game man
|
|move|p1a: Whimsicott|Giga Drain|p2a: Rhyperior
|-supereffective|p2a: Rhyperior
|-damage|p2a: Rhyperior|0 fnt
|-heal|p1a: Whimsicott|211\/323|[from] drain|[of] p2a: Rhyperior
|faint|p2a: Rhyperior
|
|c|âgobosox|always is
|c|âAggron|really good game
|
|switch|p2a: Scrafty|Scrafty, M|255\/320
|turn|24
|c|âAggron|man mola was just waiting for that
|c|âgobosox|ikr
|c|âAggron|resting in the back throughout the fight
|c|âgobosox|thank god regenerator
|
|move|p1a: Whimsicott|Moonblast|p2a: Scrafty
|-supereffective|p2a: Scrafty
|-damage|p2a: Scrafty|3\/320
|move|p2a: Scrafty|Drain Punch|p1a: Whimsicott
|-resisted|p1a: Whimsicott
|-damage|p1a: Whimsicott|159\/323
|-heal|p2a: Scrafty|29\/320|[from] drain|[of] p1a: Whimsicott
|
|-heal|p2a: Scrafty|49\/320|[from] item: Leftovers
|turn|25
|
|move|p1a: Whimsicott|Moonblast|p2a: Scrafty
|-supereffective|p2a: Scrafty
|-damage|p2a: Scrafty|0 fnt
|faint|p2a: Scrafty
|
|win|gobosox
|raw|Ladder updating...
|c|âgobosox|gg man
|c|âAggron|saving this