|join|MXFT
|join|gobosox
|player|p1|MXFT|103
|player|p2|gobosox|#cpgtan
|gametype|singles
|gen|6
|tier|UU
|rated
|rule|Sleep Clause Mod: Limit one foe put to sleep
|rule|Species Clause: Limit one of each PokÃ©mon
|rule|OHKO Clause: OHKO moves are banned
|rule|Moody Clause: Moody is banned
|rule|Evasion Moves Clause: Evasion moves are banned
|rule|Endless Battle Clause: Forcing endless battles is banned
|rule|HP Percentage Mod: HP is shown in percentages
|clearpoke
|poke|p1|Porygon2
|poke|p1|Crobat, M
|poke|p1|Alomomola, M
|poke|p1|Krookodile, F
|poke|p1|Jirachi
|poke|p1|Alakazam, F
|poke|p2|Noivern, M
|poke|p2|Heliolisk, F
|poke|p2|Donphan, M
|poke|p2|Kabutops, M
|poke|p2|Swampert, M
|poke|p2|Tornadus, M
|rule|Swagger Clause: Swagger is banned
|rule|Baton Pass Clause: Limit one PokÃ©mon knowing Baton Pass
|teampreview
|join|Serperior Test
|
|start
|switch|p1a: Alakazam|Alakazam, F|251\/251
|switch|p2a: Donphan|Donphan, M|334\/334
|turn|1
|
|move|p1a: Alakazam|Energy Ball|p2a: Donphan
|-supereffective|p2a: Donphan
|-activate|p2a: Donphan|Sturdy
|-damage|p2a: Donphan|1\/334
|move|p2a: Donphan|Stealth Rock|p1a: Alakazam
|-sidestart|p1: MXFT|move: Stealth Rock
|
|-heal|p2a: Donphan|21\/334|[from] item: Leftovers
|turn|2
|
|move|p2a: Donphan|Ice Shard|p1a: Alakazam
|-damage|p1a: Alakazam|155\/251
|move|p1a: Alakazam|Psychic|p2a: Donphan
|-damage|p2a: Donphan|0 fnt
|faint|p2a: Donphan
|
|
|switch|p2a: Noivern|Noivern, M|323\/323
|turn|3
|
|switch|p1a: Porygon2|Porygon2|374\/374
|-damage|p1a: Porygon2|328\/374|[from] Stealth Rock
|move|p2a: Noivern|U-turn|p1a: Porygon2
|-damage|p1a: Porygon2|299\/374
|join|Fulfilling Destiny
|
|switch|p2a: Tornadus|Tornadus, M|361\/361
|
|turn|4
|
|switch|p1a: Krookodile|Krookodile, F|331\/331
|-damage|p1a: Krookodile|311\/331|[from] Stealth Rock
|move|p2a: Tornadus|Taunt|p1a: Krookodile
|-start|p1a: Krookodile|move: Taunt
|
|turn|5
|
|move|p2a: Tornadus|Rain Dance|p2a: Tornadus
|-weather|RainDance
|move|p1a: Krookodile|Knock Off|p2a: Tornadus
|-damage|p2a: Tornadus|105\/361
|-enditem|p2a: Tornadus|Damp Rock|[from] move: Knock Off|[of] p1a: Krookodile
|
|-weather|RainDance|[upkeep]
|turn|6
|
|move|p1a: Krookodile|Knock Off|p2a: Tornadus
|-damage|p2a: Tornadus|0 fnt
|faint|p2a: Tornadus
|-boost|p1a: Krookodile|atk|1|[from] ability: Moxie
|
|-weather|RainDance|[upkeep]
|
|switch|p2a: Swampert|Swampert, M|342\/342
|turn|7
|
|switch|p1a: Alomomola|Alomomola, M|534\/534
|-damage|p1a: Alomomola|468\/534|[from] Stealth Rock
|detailschange|p2a: Swampert|Swampert-Mega, M
|-mega|p2a: Swampert|Swampert|Swampertite
|move|p2a: Swampert|Waterfall|p1a: Alomomola
|-resisted|p1a: Alomomola
|-damage|p1a: Alomomola|364\/534
|
|-weather|RainDance|[upkeep]
|-heal|p1a: Alomomola|397\/534|[from] item: Leftovers
|turn|8
|
|switch|p2a: Noivern|Noivern, M|323\/323
|move|p1a: Alomomola|Toxic|p2a: Noivern
|-status|p2a: Noivern|tox
|
|-weather|RainDance|[upkeep]
|-heal|p1a: Alomomola|430\/534|[from] item: Leftovers
|-damage|p2a: Noivern|303\/323 tox|[from] psn
|turn|9
|
|move|p1a: Alomomola|Protect|p1a: Alomomola
|-singleturn|p1a: Alomomola|Protect
|move|p2a: Noivern|Hurricane|p1a: Alomomola
|-activate|p1a: Alomomola|Protect
|
|-weather|RainDance|[upkeep]
|-heal|p1a: Alomomola|463\/534|[from] item: Leftovers
|-damage|p2a: Noivern|263\/323 tox|[from] psn
|turn|10
|
|switch|p1a: Porygon2|Porygon2|299\/374
|-damage|p1a: Porygon2|253\/374|[from] Stealth Rock
|move|p2a: Noivern|Hurricane|p1a: Porygon2
|-damage|p1a: Porygon2|133\/374
|-start|p1a: Porygon2|confusion
|
|-weather|RainDance|[upkeep]
|-damage|p2a: Noivern|203\/323 tox|[from] psn
|turn|11
|
|switch|p2a: Swampert|Swampert-Mega, M|342\/342
|-activate|p1a: Porygon2|confusion
|move|p1a: Porygon2|Recover|p1a: Porygon2
|-heal|p1a: Porygon2|320\/374
|
|-weather|RainDance|[upkeep]
|turn|12
|
|switch|p1a: Alomomola|Alomomola, M|534\/534
|-damage|p1a: Alomomola|468\/534|[from] Stealth Rock
|move|p2a: Swampert|Waterfall|p1a: Alomomola
|-resisted|p1a: Alomomola
|-damage|p1a: Alomomola|357\/534
|
|-weather|none
|-heal|p1a: Alomomola|390\/534|[from] item: Leftovers
|turn|13
|
|move|p2a: Swampert|Earthquake|p1a: Alomomola
|-damage|p1a: Alomomola|215\/534
|move|p1a: Alomomola|Scald|p2a: Swampert
|-crit|p2a: Swampert
|-damage|p2a: Swampert|270\/342
|-status|p2a: Swampert|brn
|
|-heal|p1a: Alomomola|248\/534|[from] item: Leftovers
|-damage|p2a: Swampert|228\/342 brn|[from] brn
|turn|14
|leave|Fulfilling Destiny
|c|âgobosox|fuckkk
|c|âgobosox|i misplayed
|
|switch|p2a: Heliolisk|Heliolisk, F|266\/266
|move|p1a: Alomomola|Wish|p1a: Alomomola
|
|-heal|p1a: Alomomola|281\/534|[from] item: Leftovers
|turn|15
|
|switch|p1a: Porygon2|Porygon2|320\/374
|-damage|p1a: Porygon2|274\/374|[from] Stealth Rock
|move|p2a: Heliolisk|Rain Dance|p2a: Heliolisk
|-weather|RainDance
|
|-weather|RainDance|[upkeep]
|-heal|p1a: Porygon2|374\/374|[from] move: Wish|[wisher] Alomomola
|turn|16
|
|move|p2a: Heliolisk|Thunder|p1a: Porygon2
|-damage|p1a: Porygon2|252\/374
|-damage|p2a: Heliolisk|240\/266|[from] item: Life Orb
|move|p1a: Porygon2|Tri Attack|p2a: Heliolisk
|-damage|p2a: Heliolisk|113\/266
|
|-weather|RainDance|[upkeep]
|-heal|p2a: Heliolisk|146\/266|[from] ability: Dry Skin
|turn|17
|c|âgobosox|and cancel doesnt work
|c|âgobosox|rip
|leave|Serperior Test
|
|switch|p2a: Noivern|Noivern, M|203\/323 tox
|move|p1a: Porygon2|Tri Attack|p2a: Noivern
|-damage|p2a: Noivern|61\/323 tox
|
|-weather|RainDance|[upkeep]
|-damage|p2a: Noivern|41\/323 tox|[from] psn
|turn|18
|
|move|p2a: Noivern|Switcheroo|p1a: Porygon2
|-activate|p2a: Noivern|move: Trick|[of] p1a: Porygon2
|-item|p1a: Porygon2|Choice Specs|[from] Trick
|-item|p2a: Noivern|Eviolite|[from] Trick
|move|p1a: Porygon2|Recover|p1a: Porygon2
|-heal|p1a: Porygon2|374\/374
|
|-weather|RainDance|[upkeep]
|-damage|p2a: Noivern|1\/323 tox|[from] psn
|turn|19
|
|move|p2a: Noivern|Hurricane|p1a: Porygon2
|-damage|p1a: Porygon2|259\/374
|move|p1a: Porygon2|Recover|p1a: Porygon2
|-heal|p1a: Porygon2|374\/374
|
|-weather|none
|-damage|p2a: Noivern|0 fnt|[from] psn
|faint|p2a: Noivern
|
|switch|p2a: Kabutops|Kabutops, M|262\/262
|turn|20
|
|switch|p1a: Alomomola|Alomomola, M|459\/534
|-damage|p1a: Alomomola|393\/534|[from] Stealth Rock
|move|p2a: Kabutops|Swords Dance|p2a: Kabutops
|-boost|p2a: Kabutops|atk|2
|
|-heal|p1a: Alomomola|426\/534|[from] item: Leftovers
|turn|21
|
|move|p2a: Kabutops|Stone Edge|p1a: Alomomola|[miss]
|-miss|p2a: Kabutops|p1a: Alomomola
|move|p1a: Alomomola|Toxic|p2a: Kabutops|[miss]
|-miss|p1a: Alomomola|p2a: Kabutops
|
|-heal|p1a: Alomomola|459\/534|[from] item: Leftovers
|turn|22
|c|âgobosox|ouch
|
|move|p2a: Kabutops|Stone Edge|p1a: Alomomola|[miss]
|-miss|p2a: Kabutops|p1a: Alomomola
|move|p1a: Alomomola|Scald|p2a: Kabutops
|-damage|p2a: Kabutops|196\/262
|
|-heal|p1a: Alomomola|492\/534|[from] item: Leftovers
|turn|23
|
|move|p2a: Kabutops|Stone Edge|p1a: Alomomola
|-damage|p1a: Alomomola|73\/534
|-damage|p2a: Kabutops|170\/262|[from] item: Life Orb
|move|p1a: Alomomola|Toxic|p2a: Kabutops
|-status|p2a: Kabutops|tox
|
|-heal|p1a: Alomomola|106\/534|[from] item: Leftovers
|-damage|p2a: Kabutops|154\/262 tox|[from] psn
|turn|24
|
|move|p1a: Alomomola|Protect|p1a: Alomomola
|-singleturn|p1a: Alomomola|Protect
|move|p2a: Kabutops|Waterfall|p1a: Alomomola
|-activate|p1a: Alomomola|Protect
|
|-heal|p1a: Alomomola|139\/534|[from] item: Leftovers
|-damage|p2a: Kabutops|122\/262 tox|[from] psn
|turn|25
|c|âgobosox|this blows
|
|switch|p1a: Alakazam|Alakazam, F|155\/251
|move|p2a: Kabutops|Stone Edge|p1a: Alakazam
|-damage|p1a: Alakazam|0 fnt
|-damage|p2a: Kabutops|96\/262 tox|[from] item: Life Orb
|faint|p1a: Alakazam
|
|-damage|p2a: Kabutops|48\/262 tox|[from] psn
|join|ablert enistein
|
|switch|p1a: Alomomola|Alomomola, M|317\/534
|-damage|p1a: Alomomola|251\/534|[from] Stealth Rock
|turn|26
|
|switch|p2a: Heliolisk|Heliolisk, F|146\/266
|move|p1a: Alomomola|Toxic|p2a: Heliolisk
|-status|p2a: Heliolisk|tox
|
|-heal|p1a: Alomomola|284\/534|[from] item: Leftovers
|-damage|p2a: Heliolisk|130\/266 tox|[from] psn
|turn|27
|
|switch|p1a: Krookodile|Krookodile, F|311\/331
|-damage|p1a: Krookodile|291\/331|[from] Stealth Rock
|move|p2a: Heliolisk|Surf|p1a: Krookodile
|-supereffective|p1a: Krookodile
|-damage|p1a: Krookodile|0 fnt
|-damage|p2a: Heliolisk|104\/266 tox|[from] item: Life Orb
|faint|p1a: Krookodile
|
|-damage|p2a: Heliolisk|72\/266 tox|[from] psn
|
|switch|p1a: Crobat|Crobat, M|373\/373
|-damage|p1a: Crobat|280\/373|[from] Stealth Rock
|turn|28
|
|move|p1a: Crobat|Brave Bird|p2a: Heliolisk
|-resisted|p2a: Heliolisk
|-damage|p2a: Heliolisk|0 fnt
|-damage|p1a: Crobat|256\/373|[from] recoil|[of] p2a: Heliolisk
|faint|p2a: Heliolisk
|
|-heal|p1a: Crobat|279\/373|[from] item: Black Sludge
|c|âgobosox|gg
|-message|gobosox forfeited.
|
|win|MXFT
|raw|Ladder updating...