|join|gobosox
|join|ForeignDeath
|player|p1|gobosox|#cpgtan
|player|p2|ForeignDeath|290
|gametype|singles
|gen|6
|tier|UU
|rated
|rule|Sleep Clause Mod: Limit one foe put to sleep
|rule|Species Clause: Limit one of each PokÃ©mon
|rule|OHKO Clause: OHKO moves are banned
|rule|Moody Clause: Moody is banned
|rule|Evasion Moves Clause: Evasion moves are banned
|rule|Endless Battle Clause: Forcing endless battles is banned
|rule|HP Percentage Mod: HP is shown in percentages
|clearpoke
|poke|p1|Raikou
|poke|p1|Alomomola, F
|poke|p1|Aerodactyl, F
|poke|p1|Whimsicott, M
|poke|p1|Jirachi
|poke|p1|Donphan, F
|poke|p2|Porygon-Z
|poke|p2|Machamp, F
|poke|p2|Arcanine, M
|poke|p2|Swampert, M
|poke|p2|Trevenant, M
|poke|p2|Forretress, F
|rule|Swagger Clause: Swagger is banned
|rule|Baton Pass Clause: Limit one PokÃ©mon knowing Baton Pass
|teampreview
|
|start
|switch|p1a: Raikou|Raikou|321\/321
|switch|p2a: Forretress|Forretress, F|354\/354
|-ability|p1a: Raikou|Pressure
|turn|1
|
|switch|p2a: Swampert|Swampert, M|341\/341
|move|p1a: Raikou|Hidden Power|p2a: Swampert
|-supereffective|p2a: Swampert
|-damage|p2a: Swampert|53\/341
|
|turn|2
|
|detailschange|p2a: Swampert|Swampert-Mega, M
|-mega|p2a: Swampert|Swampert|Swampertite
|move|p1a: Raikou|Shadow Ball|p2a: Swampert
|-damage|p2a: Swampert|0 fnt
|faint|p2a: Swampert
|
|
|switch|p2a: Machamp|Machamp, F|374\/374
|turn|3
|
|move|p1a: Raikou|Volt Switch|p2a: Machamp
|-damage|p2a: Machamp|287\/374
|join|Zhaf
|
|switch|p1a: Alomomola|Alomomola, F|533\/533
|move|p2a: Machamp|Dynamic Punch|p1a: Alomomola
|-damage|p1a: Alomomola|364\/533
|-damage|p2a: Machamp|225\/374|[from] item: Rocky Helmet|[of] p1a: Alomomola
|-start|p1a: Alomomola|confusion
|
|turn|4
|
|switch|p2a: Trevenant|Trevenant, M|364\/364
|-activate|p1a: Alomomola|confusion
|-damage|p1a: Alomomola|345\/533|[from] confusion
|
|turn|5
|
|switch|p1a: Whimsicott|Whimsicott, M|261\/261
|move|p2a: Trevenant|Substitute|p2a: Trevenant
|-start|p2a: Trevenant|Substitute
|-damage|p2a: Trevenant|273\/364
|
|turn|6
|
|move|p1a: Whimsicott|Encore|p2a: Trevenant
|-start|p2a: Trevenant|Encore
|move|p2a: Trevenant|Substitute|p2a: Trevenant
|-fail|p2a: Trevenant|move: Substitute
|
|turn|7
|
|switch|p1a: Raikou|Raikou|321\/321
|-ability|p1a: Raikou|Pressure
|move|p2a: Trevenant|Substitute|p2a: Trevenant
|-fail|p2a: Trevenant|move: Substitute
|
|turn|8
|
|move|p1a: Raikou|Shadow Ball|p2a: Trevenant
|-supereffective|p2a: Trevenant
|-end|p2a: Trevenant|Substitute
|move|p2a: Trevenant|Substitute|p2a: Trevenant
|-start|p2a: Trevenant|Substitute
|-damage|p2a: Trevenant|182\/364
|-enditem|p2a: Trevenant|Sitrus Berry|[eat]
|-heal|p2a: Trevenant|273\/364|[from] item: Sitrus Berry
|
|-end|p2a: Trevenant|Encore
|turn|9
|
|move|p1a: Raikou|Shadow Ball|p2a: Trevenant
|-crit|p2a: Trevenant
|-supereffective|p2a: Trevenant
|-end|p2a: Trevenant|Substitute
|move|p2a: Trevenant|Will-O-Wisp|p1a: Raikou
|-status|p1a: Raikou|brn
|
|-damage|p1a: Raikou|281\/321 brn|[from] brn
|turn|10
|
|move|p1a: Raikou|Thunderbolt|p2a: Trevenant
|-resisted|p2a: Trevenant
|-damage|p2a: Trevenant|213\/364
|move|p2a: Trevenant|Shadow Claw|p1a: Raikou
|-damage|p1a: Raikou|172\/321 brn
|
|-damage|p1a: Raikou|132\/321 brn|[from] brn
|turn|11
|
|move|p1a: Raikou|Shadow Ball|p2a: Trevenant
|-supereffective|p2a: Trevenant
|-damage|p2a: Trevenant|65\/364
|move|p2a: Trevenant|Shadow Claw|p1a: Raikou
|-damage|p1a: Raikou|21\/321 brn
|
|-damage|p1a: Raikou|0 fnt|[from] brn
|faint|p1a: Raikou
|
|switch|p1a: Aerodactyl|Aerodactyl, F|301\/301
|turn|12
|
|switch|p2a: Forretress|Forretress, F|354\/354
|detailschange|p1a: Aerodactyl|Aerodactyl-Mega, F
|-mega|p1a: Aerodactyl|Aerodactyl|Aerodactylite
|move|p1a: Aerodactyl|Aerial Ace|p2a: Forretress
|-damage|p2a: Forretress|245\/354
|-damage|p1a: Aerodactyl|251\/301|[from] item: Rocky Helmet|[of] p2a: Forretress
|
|turn|13
|c|âgobosox|that mon is f rank btw
|c|âgobosox|like one of the worst
|
|switch|p1a: Jirachi|Jirachi|341\/341
|move|p2a: Forretress|Volt Switch|p1a: Jirachi
|-damage|p1a: Jirachi|303\/341
|
|switch|p2a: Arcanine|Arcanine, M|384\/384
|-ability|p2a: Arcanine|Intimidate|[of] p1a: Jirachi
|-unboost|p1a: Jirachi|atk|1
|
|turn|14
|
|switch|p1a: Alomomola|Alomomola, F|522\/533
|switch|p2a: Porygon-Z|Porygon-Z|311\/311
|
|turn|15
|
|switch|p1a: Whimsicott|Whimsicott, M|261\/261
|move|p2a: Porygon-Z|Tri Attack|p1a: Whimsicott
|-damage|p1a: Whimsicott|0 fnt
|faint|p1a: Whimsicott
|
|
|switch|p1a: Aerodactyl|Aerodactyl-Mega, F|251\/301
|turn|16
|join|mr toenail
|
|switch|p2a: Trevenant|Trevenant, M|65\/364
|move|p1a: Aerodactyl|Aerial Ace|p2a: Trevenant
|-supereffective|p2a: Trevenant
|-damage|p2a: Trevenant|0 fnt
|faint|p2a: Trevenant
|
|
|switch|p2a: Forretress|Forretress, F|245\/354
|turn|17
|
|switch|p1a: Jirachi|Jirachi|303\/341
|move|p2a: Forretress|Stealth Rock|p1a: Jirachi
|-sidestart|p1: gobosox|move: Stealth Rock
|
|turn|18
|
|move|p1a: Jirachi|Trick|p2a: Forretress
|-activate|p1a: Jirachi|move: Trick|[of] p2a: Forretress
|-item|p2a: Forretress|Choice Scarf|[from] move: Trick
|-item|p1a: Jirachi|Rocky Helmet|[from] move: Trick
|move|p2a: Forretress|Volt Switch|p1a: Jirachi
|-damage|p1a: Jirachi|264\/341
|
|switch|p2a: Porygon-Z|Porygon-Z|311\/311
|
|turn|19
|
|move|p2a: Porygon-Z|Dark Pulse|p1a: Jirachi
|-supereffective|p1a: Jirachi
|-damage|p1a: Jirachi|36\/341
|move|p1a: Jirachi|Iron Head|p2a: Porygon-Z
|-damage|p2a: Porygon-Z|145\/311
|
|turn|20
|
|move|p2a: Porygon-Z|Dark Pulse|p1a: Jirachi
|-supereffective|p1a: Jirachi
|-damage|p1a: Jirachi|0 fnt
|faint|p1a: Jirachi
|
|
|switch|p1a: Donphan|Donphan, F|360\/360
|-damage|p1a: Donphan|338\/360|[from] Stealth Rock
|turn|21
|
|switch|p2a: Forretress|Forretress, F|245\/354
|move|p1a: Donphan|Earthquake|p2a: Forretress
|-damage|p2a: Forretress|112\/354
|
|-heal|p1a: Donphan|360\/360|[from] item: Leftovers
|turn|22
|
|move|p1a: Donphan|Rapid Spin|p2a: Forretress
|-resisted|p2a: Forretress
|-damage|p2a: Forretress|104\/354
|-sideend|p1: gobosox|Stealth Rock|[from] move: Rapid Spin|[of] p1a: Donphan
|move|p2a: Forretress|Gyro Ball|p1a: Donphan
|-damage|p1a: Donphan|326\/360
|
|-heal|p1a: Donphan|348\/360|[from] item: Leftovers
|turn|23
|
|move|p1a: Donphan|Stealth Rock|p2a: Forretress
|-sidestart|p2: ForeignDeath|move: Stealth Rock
|move|p2a: Forretress|Gyro Ball|p1a: Donphan
|-damage|p1a: Donphan|312\/360
|
|-heal|p1a: Donphan|334\/360|[from] item: Leftovers
|turn|24
|
|move|p1a: Donphan|Earthquake|p2a: Forretress
|-damage|p2a: Forretress|0 fnt
|faint|p2a: Forretress
|
|-heal|p1a: Donphan|356\/360|[from] item: Leftovers
|
|switch|p2a: Machamp|Machamp, F|225\/374
|-damage|p2a: Machamp|202\/374|[from] Stealth Rock
|turn|25
|
|switch|p1a: Alomomola|Alomomola, F|533\/533
|move|p2a: Machamp|Dynamic Punch|p1a: Alomomola
|-damage|p1a: Alomomola|362\/533
|-damage|p2a: Machamp|140\/374|[from] item: Rocky Helmet|[of] p1a: Alomomola
|-start|p1a: Alomomola|confusion
|
|turn|26
|
|switch|p2a: Porygon-Z|Porygon-Z|145\/311
|-damage|p2a: Porygon-Z|107\/311|[from] Stealth Rock
|-activate|p1a: Alomomola|confusion
|move|p1a: Alomomola|Healing Wish|p1a: Alomomola
|faint|p1a: Alomomola
|
|
|switch|p1a: Aerodactyl|Aerodactyl-Mega, F|251\/301
|-heal|p1a: Aerodactyl|301\/301|[from] move: Healing Wish
|turn|27
|
|move|p2a: Porygon-Z|Dark Pulse|p1a: Aerodactyl
|-damage|p1a: Aerodactyl|193\/301
|cant|p1a: Aerodactyl|flinch
|
|turn|28
|c|âgobosox|oml
|
|move|p2a: Porygon-Z|Dark Pulse|p1a: Aerodactyl
|-damage|p1a: Aerodactyl|71\/301
|move|p1a: Aerodactyl|Earthquake|p2a: Porygon-Z
|-damage|p2a: Porygon-Z|0 fnt
|faint|p2a: Porygon-Z
|
|
|switch|p2a: Machamp|Machamp, F|140\/374
|-damage|p2a: Machamp|117\/374|[from] Stealth Rock
|turn|29
|
|move|p2a: Machamp|Bullet Punch|p1a: Aerodactyl
|-supereffective|p1a: Aerodactyl
|-damage|p1a: Aerodactyl|0 fnt
|faint|p1a: Aerodactyl
|
|
|switch|p1a: Donphan|Donphan, F|356\/360
|turn|30
|
|move|p1a: Donphan|Earthquake|p2a: Machamp
|-damage|p2a: Machamp|0 fnt
|faint|p2a: Machamp
|
|-heal|p1a: Donphan|360\/360|[from] item: Leftovers
|
|switch|p2a: Arcanine|Arcanine, M|384\/384
|-damage|p2a: Arcanine|288\/384|[from] Stealth Rock
|-ability|p2a: Arcanine|Intimidate|[of] p1a: Donphan
|-unboost|p1a: Donphan|atk|1
|turn|31
|
|move|p2a: Arcanine|Will-O-Wisp|p1a: Donphan
|-status|p1a: Donphan|brn
|move|p1a: Donphan|Earthquake|p2a: Arcanine
|-supereffective|p2a: Arcanine
|-damage|p2a: Arcanine|192\/384
|
|-heal|p2a: Arcanine|216\/384|[from] item: Leftovers
|-damage|p1a: Donphan|315\/360 brn|[from] brn
|turn|32
|
|move|p2a: Arcanine|Morning Sun|p2a: Arcanine
|-heal|p2a: Arcanine|384\/384
|move|p1a: Donphan|Earthquake|p2a: Arcanine
|-supereffective|p2a: Arcanine
|-damage|p2a: Arcanine|288\/384
|
|-heal|p2a: Arcanine|312\/384|[from] item: Leftovers
|-heal|p1a: Donphan|337\/360 brn|[from] item: Leftovers
|-damage|p1a: Donphan|292\/360 brn|[from] brn
|turn|33
|
|move|p2a: Arcanine|Flare Blitz|p1a: Donphan
|-damage|p1a: Donphan|165\/360 brn
|-damage|p2a: Arcanine|270\/384|[from] recoil|[of] p1a: Donphan
|move|p1a: Donphan|Earthquake|p2a: Arcanine
|-supereffective|p2a: Arcanine
|-damage|p2a: Arcanine|168\/384
|
|-heal|p2a: Arcanine|192\/384|[from] item: Leftovers
|-heal|p1a: Donphan|187\/360 brn|[from] item: Leftovers
|-damage|p1a: Donphan|142\/360 brn|[from] brn
|turn|34
|
|move|p2a: Arcanine|Morning Sun|p2a: Arcanine
|-heal|p2a: Arcanine|384\/384
|move|p1a: Donphan|Earthquake|p2a: Arcanine
|-supereffective|p2a: Arcanine
|-damage|p2a: Arcanine|270\/384
|
|-heal|p2a: Arcanine|294\/384|[from] item: Leftovers
|-heal|p1a: Donphan|164\/360 brn|[from] item: Leftovers
|-damage|p1a: Donphan|119\/360 brn|[from] brn
|turn|35
|c|âgobosox|smh
|c|âgobosox|hax won this for you
|
|move|p2a: Arcanine|Flare Blitz|p1a: Donphan
|-damage|p1a: Donphan|0 fnt
|-damage|p2a: Arcanine|255\/384|[from] recoil|[of] p1a: Donphan
|faint|p1a: Donphan
|
|win|ForeignDeath
|raw|Ladder updating...
|raw|gobosox's rating: 1453 &rarr; <strong>1423<\/strong><br \/>(-30 for losing)
|raw|ForeignDeath's rating: 1274 &rarr; <strong>1311<\/strong><br \/>(+37 for winning)