|join|gobosox
|join|Road Captain
|player|p1|gobosox|#cpgtan
|player|p2|Road Captain|240
|gametype|singles
|gen|6
|tier|UU
|rated
|rule|Sleep Clause Mod: Limit one foe put to sleep
|rule|Species Clause: Limit one of each PokÃ©mon
|rule|OHKO Clause: OHKO moves are banned
|rule|Moody Clause: Moody is banned
|rule|Evasion Moves Clause: Evasion moves are banned
|rule|Endless Battle Clause: Forcing endless battles is banned
|rule|HP Percentage Mod: HP is shown in percentages
|clearpoke
|poke|p1|Eelektross, F
|poke|p1|Jirachi
|poke|p1|Aerodactyl, F
|poke|p1|Lucario, M
|poke|p1|Alomomola, F
|poke|p1|Whimsicott, F
|poke|p2|Toxicroak, F
|poke|p2|Hydreigon, M
|poke|p2|Raikou
|poke|p2|Roserade, M
|poke|p2|Swampert, M
|poke|p2|Alakazam, F
|rule|Swagger Clause: Swagger is banned
|rule|Baton Pass Clause: Limit one PokÃ©mon knowing Baton Pass
|teampreview
|
|start
|switch|p1a: Eelektross|Eelektross, F|374\/374
|switch|p2a: Raikou|Raikou|321\/321
|-ability|p2a: Raikou|Pressure
|turn|1
|
|move|p2a: Raikou|Volt Switch|p1a: Eelektross
|-resisted|p1a: Eelektross
|-damage|p1a: Eelektross|326\/374
|
|switch|p2a: Roserade|Roserade, M|324\/324
|move|p1a: Eelektross|Flamethrower|p2a: Roserade
|-supereffective|p2a: Roserade
|-damage|p2a: Roserade|168\/324
|-status|p2a: Roserade|brn
|
|-heal|p2a: Roserade|188\/324 brn|[from] item: Black Sludge
|-damage|p2a: Roserade|148\/324 brn|[from] brn
|turn|2
|
|move|p2a: Roserade|Sleep Powder|p1a: Eelektross
|-status|p1a: Eelektross|slp
|cant|p1a: Eelektross|slp
|
|-heal|p2a: Roserade|168\/324 brn|[from] item: Black Sludge
|-damage|p2a: Roserade|128\/324 brn|[from] brn
|turn|3
|join|undeniably
|leave|undeniably
|
|switch|p1a: Jirachi|Jirachi|403\/403
|move|p2a: Roserade|Giga Drain|p1a: Jirachi
|-resisted|p1a: Jirachi
|-damage|p1a: Jirachi|352\/403
|-heal|p2a: Roserade|154\/324 brn|[from] drain|[of] p1a: Jirachi
|
|-heal|p1a: Jirachi|377\/403|[from] item: Leftovers
|-heal|p2a: Roserade|174\/324 brn|[from] item: Black Sludge
|-damage|p2a: Roserade|134\/324 brn|[from] brn
|turn|4
|c|âgobosox|gl btw
|c|âRoad Captain|u2 :]
|
|switch|p2a: Hydreigon|Hydreigon, M|325\/325
|move|p1a: Jirachi|Substitute|p1a: Jirachi
|-start|p1a: Jirachi|Substitute
|-damage|p1a: Jirachi|277\/403
|
|-heal|p1a: Jirachi|302\/403|[from] item: Leftovers
|turn|5
|
|move|p2a: Hydreigon|Dark Pulse|p1a: Jirachi
|-supereffective|p1a: Jirachi
|-end|p1a: Jirachi|Substitute
|-damage|p2a: Hydreigon|293\/325|[from] item: Life Orb
|move|p1a: Jirachi|Toxic|p2a: Hydreigon
|-status|p2a: Hydreigon|tox
|
|-heal|p1a: Jirachi|327\/403|[from] item: Leftovers
|-damage|p2a: Hydreigon|273\/325 tox|[from] psn
|turn|6
|join|skysoki
|
|switch|p1a: Eelektross|Eelektross, F|326\/374 slp
|move|p2a: Hydreigon|Dark Pulse|p1a: Eelektross
|-damage|p1a: Eelektross|186\/374 slp
|-damage|p2a: Hydreigon|241\/325 tox|[from] item: Life Orb
|
|-damage|p2a: Hydreigon|201\/325 tox|[from] psn
|turn|7
|
|switch|p2a: Toxicroak|Toxicroak, F|307\/307
|cant|p1a: Eelektross|slp
|
|turn|8
|
|move|p2a: Toxicroak|Swords Dance|p2a: Toxicroak
|-boost|p2a: Toxicroak|atk|2
|-curestatus|p1a: Eelektross|slp
|move|p1a: Eelektross|Thunderbolt|p2a: Toxicroak
|-damage|p2a: Toxicroak|87\/307
|-status|p2a: Toxicroak|par
|
|turn|9
|
|move|p2a: Toxicroak|Sucker Punch|p1a: Eelektross
|-damage|p1a: Eelektross|0 fnt
|-damage|p2a: Toxicroak|57\/307 par|[from] item: Life Orb
|faint|p1a: Eelektross
|
|c|âgobosox|cancel why dont you workkkk
|
|switch|p1a: Whimsicott|Whimsicott, F|261\/261
|turn|10
|c|âRoad Captain|fancy animations = shitty lag
|
|move|p1a: Whimsicott|Moonblast|p2a: Toxicroak
|-damage|p2a: Toxicroak|0 fnt
|faint|p2a: Toxicroak
|
|
|switch|p2a: Roserade|Roserade, M|134\/324
|turn|11
|
|switch|p1a: Jirachi|Jirachi|327\/403
|move|p2a: Roserade|Spikes|p1a: Jirachi
|-sidestart|p1: gobosox|Spikes
|
|-heal|p1a: Jirachi|352\/403|[from] item: Leftovers
|-heal|p2a: Roserade|154\/324|[from] item: Black Sludge
|turn|12
|
|switch|p2a: Swampert|Swampert, M|404\/404
|move|p1a: Jirachi|Iron Head|p2a: Swampert
|-resisted|p2a: Swampert
|-damage|p2a: Swampert|367\/404
|
|-heal|p1a: Jirachi|377\/403|[from] item: Leftovers
|-heal|p2a: Swampert|392\/404|[from] item: Leftovers
|turn|13
|
|switch|p1a: Whimsicott|Whimsicott, F|261\/261
|-damage|p1a: Whimsicott|229\/261|[from] Spikes
|move|p2a: Swampert|Earthquake|p1a: Whimsicott
|-resisted|p1a: Whimsicott
|-damage|p1a: Whimsicott|152\/261
|
|-heal|p2a: Swampert|404\/404|[from] item: Leftovers
|turn|14
|
|switch|p2a: Raikou|Raikou|321\/321
|-ability|p2a: Raikou|Pressure
|move|p1a: Whimsicott|Moonblast|p2a: Raikou
|-damage|p2a: Raikou|143\/321
|
|turn|15
|leave|skysoki
|
|move|p2a: Raikou|Volt Switch|p1a: Whimsicott
|-resisted|p1a: Whimsicott
|-damage|p1a: Whimsicott|76\/261
|
|switch|p2a: Roserade|Roserade, M|154\/324
|move|p1a: Whimsicott|Moonblast|p2a: Roserade
|-resisted|p2a: Roserade
|-damage|p2a: Roserade|88\/324
|-unboost|p2a: Roserade|spa|1
|
|-heal|p2a: Roserade|108\/324|[from] item: Black Sludge
|turn|16
|
|switch|p1a: Aerodactyl|Aerodactyl, F|309\/309
|move|p2a: Roserade|Sleep Powder|p1a: Aerodactyl
|-status|p1a: Aerodactyl|slp
|
|-heal|p2a: Roserade|128\/324|[from] item: Black Sludge
|turn|17
|
|switch|p1a: Jirachi|Jirachi|377\/403
|-damage|p1a: Jirachi|327\/403|[from] Spikes
|move|p2a: Roserade|Giga Drain|p1a: Jirachi
|-resisted|p1a: Jirachi
|-damage|p1a: Jirachi|294\/403
|-heal|p2a: Roserade|145\/324|[from] drain|[of] p1a: Jirachi
|
|-heal|p1a: Jirachi|319\/403|[from] item: Leftovers
|-heal|p2a: Roserade|165\/324|[from] item: Black Sludge
|turn|18
|
|switch|p2a: Swampert|Swampert, M|404\/404
|move|p1a: Jirachi|Substitute|p1a: Jirachi
|-start|p1a: Jirachi|Substitute
|-damage|p1a: Jirachi|219\/403
|
|-heal|p1a: Jirachi|244\/403|[from] item: Leftovers
|turn|19
|
|move|p1a: Jirachi|Toxic|p2a: Swampert
|-status|p2a: Swampert|tox
|move|p2a: Swampert|Roar|p1a: Jirachi
|drag|p1a: Whimsicott|Whimsicott, F|76\/261
|-damage|p1a: Whimsicott|44\/261|[from] Spikes
|
|-damage|p2a: Swampert|379\/404 tox|[from] psn
|turn|20
|join|ahyueah
|
|switch|p2a: Roserade|Roserade, M|165\/324
|move|p1a: Whimsicott|U-turn|p2a: Roserade
|-damage|p2a: Roserade|117\/324
|
|switch|p1a: Lucario|Lucario, M|281\/281
|-damage|p1a: Lucario|246\/281|[from] Spikes
|
|-heal|p2a: Roserade|137\/324|[from] item: Black Sludge
|turn|21
|
|move|p1a: Lucario|Close Combat|p2a: Roserade
|-resisted|p2a: Roserade
|-damage|p2a: Roserade|0 fnt
|-unboost|p1a: Lucario|def|1
|-unboost|p1a: Lucario|spd|1
|-damage|p1a: Lucario|218\/281|[from] item: Life Orb
|faint|p2a: Roserade
|
|
|switch|p2a: Raikou|Raikou|143\/321
|-ability|p2a: Raikou|Pressure
|turn|22
|join|blue blitzfiend
|
|move|p1a: Lucario|Extreme Speed|p2a: Raikou
|-damage|p2a: Raikou|0 fnt
|-damage|p1a: Lucario|190\/281|[from] item: Life Orb
|faint|p2a: Raikou
|
|
|switch|p2a: Swampert|Swampert, M|379\/404 tox
|turn|23
|
|switch|p1a: Alomomola|Alomomola, F|533\/533
|-damage|p1a: Alomomola|467\/533|[from] Spikes
|move|p2a: Swampert|Scald|p1a: Alomomola
|-resisted|p1a: Alomomola
|-damage|p1a: Alomomola|395\/533
|-status|p1a: Alomomola|brn
|
|-heal|p2a: Swampert|404\/404 tox|[from] item: Leftovers
|-damage|p1a: Alomomola|329\/533 brn|[from] brn
|-damage|p2a: Swampert|379\/404 tox|[from] psn
|turn|24
|
|move|p1a: Alomomola|Wish|p1a: Alomomola
|move|p2a: Swampert|Stealth Rock|p1a: Alomomola
|-sidestart|p1: gobosox|move: Stealth Rock
|
|-heal|p2a: Swampert|404\/404 tox|[from] item: Leftovers
|-damage|p1a: Alomomola|263\/533 brn|[from] brn
|-damage|p2a: Swampert|354\/404 tox|[from] psn
|turn|25
|join|Shit User
|
|switch|p1a: Jirachi|Jirachi|244\/403
|-damage|p1a: Jirachi|219\/403|[from] Stealth Rock
|-damage|p1a: Jirachi|169\/403|[from] Spikes
|move|p2a: Swampert|Earthquake|p1a: Jirachi
|-supereffective|p1a: Jirachi
|-damage|p1a: Jirachi|0 fnt
|faint|p1a: Jirachi
|
|-heal|p2a: Swampert|379\/404 tox|[from] item: Leftovers
|-damage|p2a: Swampert|304\/404 tox|[from] psn
|c|âgobosox|dang roserade's a bitch
|
|switch|p1a: Aerodactyl|Aerodactyl, F|309\/309 slp
|-damage|p1a: Aerodactyl|232\/309 slp|[from] Stealth Rock
|turn|26
|c|âRoad Captain|Jirachi is
|c| Shit User|the
|c| Shit User|counter
|
|detailschange|p1a: Aerodactyl|Aerodactyl-Mega, F
|-mega|p1a: Aerodactyl|Aerodactyl|Aerodactylite
|cant|p1a: Aerodactyl|slp
|move|p2a: Swampert|Scald|p1a: Aerodactyl
|-supereffective|p1a: Aerodactyl
|-damage|p1a: Aerodactyl|64\/309 slp
|
|-heal|p2a: Swampert|329\/404 tox|[from] item: Leftovers
|-damage|p2a: Swampert|229\/404 tox|[from] psn
|turn|27
|c|âgobosox|pls wakeup
|c| Shit User|why didnt you go to alom then double out to sack whimsi
|c| Shit User|and wish tect from there
|
|-curestatus|p1a: Aerodactyl|slp
|move|p1a: Aerodactyl|Defog|p2a: Swampert
|-unboost|p2a: Swampert|evasion|1
|-sideend|p1: gobosox|Spikes|[from] move: Defog|[of] p1a: Aerodactyl
|-sideend|p1: gobosox|Stealth Rock|[from] move: Defog|[of] p1a: Aerodactyl
|move|p2a: Swampert|Roar|p1a: Aerodactyl
|drag|p1a: Whimsicott|Whimsicott, F|44\/261
|
|-heal|p2a: Swampert|254\/404 tox|[from] item: Leftovers
|-damage|p2a: Swampert|129\/404 tox|[from] psn
|turn|28
|c|âgobosox|because i need
|c|âgobosox|YES
|c| Shit User|lucky
|c| Shit User|as
|c| Shit User|fuck
|c| Shit User|lol
|c|âRoad Captain|I just have no luck this battle
|c|âgobosox|that was the only way to win haha
|
|move|p1a: Whimsicott|Moonblast|p2a: Swampert
|-damage|p2a: Swampert|0 fnt
|faint|p2a: Swampert
|
|c|âgobosox|you hit both sleep powders though
|c|âgobosox|that's good luck
|
|switch|p2a: Alakazam|Alakazam, F|251\/251
|turn|29
|c|âRoad Captain|c'mon
|c|âRoad Captain|first turn burn + tbolt para? I dont mind, it's just a game
|
|switch|p1a: Aerodactyl|Aerodactyl-Mega, F|64\/309
|move|p2a: Alakazam|Psychic|p1a: Aerodactyl
|-damage|p1a: Aerodactyl|0 fnt
|faint|p1a: Aerodactyl
|
|c|âgobosox|i mean you had a little luck but yeah
|c|âgobosox|that sucked
|c|âgobosox|sorry man
|
|switch|p1a: Lucario|Lucario, M|190\/281
|turn|30
|c|âRoad Captain|nvm
|
|move|p1a: Lucario|Extreme Speed|p2a: Alakazam
|-damage|p2a: Alakazam|37\/251
|-damage|p1a: Lucario|162\/281|[from] item: Life Orb
|move|p2a: Alakazam|Psychic|p1a: Lucario
|-damage|p1a: Lucario|0 fnt
|faint|p1a: Lucario
|
|c|âgobosox|yous till might win
|c|âRoad Captain|I dont get mad because of some rng
|
|switch|p1a: Alomomola|Alomomola, F|440\/533 brn
|turn|31
|
|switch|p2a: Hydreigon|Hydreigon, M|201\/325 tox
|move|p1a: Alomomola|Knock Off|p2a: Hydreigon
|-resisted|p2a: Hydreigon
|-damage|p2a: Hydreigon|185\/325 tox
|-enditem|p2a: Hydreigon|Life Orb|[from] move: Knock Off|[of] p1a: Alomomola
|
|-damage|p2a: Hydreigon|165\/325 tox|[from] psn
|-damage|p1a: Alomomola|374\/533 brn|[from] brn
|turn|32
|c|âgobosox|pls take this
|c| Shit User|oh
|c| Shit User|hes not
|
|move|p1a: Alomomola|Protect|p1a: Alomomola
|-singleturn|p1a: Alomomola|Protect
|move|p2a: Hydreigon|Dark Pulse|p1a: Alomomola
|-activate|p1a: Alomomola|Protect
|
|-damage|p2a: Hydreigon|125\/325 tox|[from] psn
|-damage|p1a: Alomomola|308\/533 brn|[from] brn
|turn|33
|join|Dad's Dad
|
|move|p2a: Hydreigon|Roost|p2a: Hydreigon
|-heal|p2a: Hydreigon|288\/325 tox
|move|p1a: Alomomola|Wish|p1a: Alomomola
|
|-damage|p2a: Hydreigon|228\/325 tox|[from] psn
|-damage|p1a: Alomomola|242\/533 brn|[from] brn
|turn|34
|
|move|p2a: Hydreigon|Dark Pulse|p1a: Alomomola
|-damage|p1a: Alomomola|0 fnt
|faint|p1a: Alomomola
|
|-damage|p2a: Hydreigon|148\/325 tox|[from] psn
|leave|Dad's Dad
|
|switch|p1a: Whimsicott|Whimsicott, F|44\/261
|turn|35
|
|move|p1a: Whimsicott|Moonblast|p2a: Hydreigon
|-supereffective|p2a: Hydreigon
|-damage|p2a: Hydreigon|0 fnt
|faint|p2a: Hydreigon
|
|c|âRoad Captain|This battle is closer then I thought
|
|switch|p2a: Alakazam|Alakazam, F|37\/251
|turn|36
|c|âgobosox|yeah your team is good of mine
|join|Snowballin
|c|âgobosox|*against
|c|âgobosox|im weak to special attacking teams
|c|âRoad Captain|Are you kidding? Sub Toxic Rachi is my bane xD
|c| Shit User|use a special wall
|c|âgobosox|wish is so gay for that
|join|foeawhfoaw
|c|âgobosox|if you wish and faint that turn
|c|âgobosox|it should transfer
|c|âgobosox|to the next mon
|c|âRoad Captain|This team was build half an hour ago, it's a beta
|c|âgobosox|yeah this team is testing too
|c|âRoad Captain|thanks, I need something for rachi
|c| Shit User|gobosox
|c|âgobosox|i have to do a lot
|c|âgobosox|shit user
|c| Shit User|it does transfer
|
|move|p2a: Alakazam|Psychic|p1a: Whimsicott
|-damage|p1a: Whimsicott|0 fnt
|faint|p1a: Whimsicott
|
|win|Road Captain
|raw|Ladder updating...
|c| Shit User|to the next mon
|c| Shit User|lol
|raw|gobosox's rating: 1419 &rarr; <strong>1393<\/strong><br \/>(-26 for losing)
|raw|Road Captain's rating: 1307 &rarr; <strong>1333<\/strong><br \/>(+26 for winning)
|c|âgobosox|why didnt it
|c| Shit User|at the end of the turn
|c| Shit User|obviously
|leave|ahyueah
|c|âRoad Captain|gg fren :]
|c| Shit User|how it works normally
|leave|Snowballin
|leave|gobosox
|leave|blue blitzfiend
|leave|Shit User
|player|p1