|join|gobosox
|join|testjg
|player|p1|gobosox|#cpgtan
|player|p2|testjg|52
|gametype|singles
|gen|6
|tier|UU
|rated
|rule|Sleep Clause Mod: Limit one foe put to sleep
|rule|Species Clause: Limit one of each PokÃ©mon
|rule|OHKO Clause: OHKO moves are banned
|rule|Moody Clause: Moody is banned
|rule|Evasion Moves Clause: Evasion moves are banned
|rule|Endless Battle Clause: Forcing endless battles is banned
|rule|HP Percentage Mod: HP is shown in percentages
|clearpoke
|poke|p1|Cloyster, M
|poke|p1|Nidoqueen, F
|poke|p1|Shaymin
|poke|p1|Alomomola, M
|poke|p1|Sharpedo, M
|poke|p1|Donphan, F
|poke|p2|Nidoqueen, F
|poke|p2|Rotom-Mow
|poke|p2|Cobalion
|poke|p2|Chandelure, M
|poke|p2|Krookodile, F
|poke|p2|Milotic, F
|rule|Swagger Clause: Swagger is banned
|rule|Baton Pass Clause: Limit one PokÃ©mon knowing Baton Pass
|teampreview
|join|iplaytennislol
|c| iplaytennislol|gobo
|c| iplaytennislol|cool team, i like cloyster :)
|c|âgobosox|thanks
|
|start
|switch|p1a: Nidoqueen|Nidoqueen, F|352\/352
|switch|p2a: Rotom-Mow|Rotom-Mow|241\/241
|turn|1
|c|âgobosox|im still working on it
|
|move|p2a: Rotom-Mow|Leaf Storm|p1a: Nidoqueen
|-damage|p1a: Nidoqueen|36\/352
|-unboost|p2a: Rotom-Mow|spa|2
|move|p1a: Nidoqueen|Ice Beam|p2a: Rotom-Mow
|-supereffective|p2a: Rotom-Mow
|-damage|p2a: Rotom-Mow|0 fnt
|faint|p2a: Rotom-Mow
|
|
|switch|p2a: Krookodile|Krookodile, F|332\/332
|turn|2
|leave|iplaytennislol
|
|move|p2a: Krookodile|Pursuit|p1a: Nidoqueen|[from]Pursuit
|-damage|p1a: Nidoqueen|0 fnt
|faint|p1a: Nidoqueen
|-boost|p2a: Krookodile|atk|1|[from] ability: Moxie
|
|
|switch|p1a: Alomomola|Alomomola, M|533\/533
|turn|3
|
|switch|p2a: Milotic|Milotic, F|394\/394
|move|p1a: Alomomola|Scald|p2a: Milotic
|-resisted|p2a: Milotic
|-damage|p2a: Milotic|379\/394
|-status|p2a: Milotic|brn
|
|-heal|p2a: Milotic|394\/394 brn|[from] item: Leftovers
|-damage|p2a: Milotic|345\/394 brn|[from] brn
|turn|4
|
|switch|p1a: Shaymin|Shaymin|403\/403
|move|p2a: Milotic|Scald|p1a: Shaymin
|-resisted|p1a: Shaymin
|-damage|p1a: Shaymin|358\/403
|
|-heal|p1a: Shaymin|383\/403|[from] item: Leftovers
|-heal|p2a: Milotic|369\/394 brn|[from] item: Leftovers
|-damage|p2a: Milotic|320\/394 brn|[from] brn
|turn|5
|
|switch|p2a: Krookodile|Krookodile, F|332\/332
|move|p1a: Shaymin|Seed Flare|p2a: Krookodile
|-supereffective|p2a: Krookodile
|-damage|p2a: Krookodile|0 fnt
|faint|p2a: Krookodile
|
|-heal|p1a: Shaymin|403\/403|[from] item: Leftovers
|
|switch|p2a: Nidoqueen|Nidoqueen, F|370\/370
|turn|6
|join|Austin
|leave|Austin
|join|Not CanEhDian
|
|move|p1a: Shaymin|Earth Power|p2a: Nidoqueen
|-supereffective|p2a: Nidoqueen
|-damage|p2a: Nidoqueen|220\/370
|move|p2a: Nidoqueen|Sludge Wave|p1a: Shaymin
|-supereffective|p1a: Shaymin
|-damage|p1a: Shaymin|0 fnt
|faint|p1a: Shaymin
|
|join|QueenOfLuvdiscs
|leave|Not CanEhDian
|
|switch|p1a: Donphan|Donphan, F|384\/384
|turn|7
|
|move|p2a: Nidoqueen|Ice Beam|p1a: Donphan
|-supereffective|p1a: Donphan
|-activate|p1a: Donphan|Sturdy
|-damage|p1a: Donphan|1\/384
|move|p1a: Donphan|Earthquake|p2a: Nidoqueen
|-supereffective|p2a: Nidoqueen
|-damage|p2a: Nidoqueen|0 fnt
|faint|p2a: Nidoqueen
|
|-heal|p1a: Donphan|25\/384|[from] item: Leftovers
|
|switch|p2a: Chandelure|Chandelure, M|261\/261
|turn|8
|
|move|p2a: Chandelure|Energy Ball|p1a: Donphan
|-supereffective|p1a: Donphan
|-damage|p1a: Donphan|0 fnt
|faint|p1a: Donphan
|
|
|switch|p1a: Sharpedo|Sharpedo, M|281\/281
|turn|9
|
|switch|p2a: Cobalion|Cobalion|324\/324
|move|p1a: Sharpedo|Protect|p1a: Sharpedo
|-fail|p1a: Sharpedo
|
|-boost|p1a: Sharpedo|spe|1|[from] ability: Speed Boost
|turn|10
|join|blave
|
|switch|p1a: Alomomola|Alomomola, M|533\/533
|move|p2a: Cobalion|Sacred Sword|p1a: Alomomola
|-damage|p1a: Alomomola|430\/533
|-damage|p2a: Cobalion|270\/324|[from] item: Rocky Helmet|[of] p1a: Alomomola
|
|-heal|p2a: Cobalion|290\/324|[from] item: Leftovers
|turn|11
|
|switch|p2a: Milotic|Milotic, F|320\/394 brn
|move|p1a: Alomomola|Scald|p2a: Milotic
|-resisted|p2a: Milotic
|-damage|p2a: Milotic|305\/394 brn
|
|-heal|p2a: Milotic|329\/394 brn|[from] item: Leftovers
|-damage|p2a: Milotic|280\/394 brn|[from] brn
|turn|12
|
|switch|p2a: Chandelure|Chandelure, M|261\/261
|switch|p1a: Cloyster|Cloyster, M|241\/241
|
|turn|13
|
|move|p2a: Chandelure|Energy Ball|p1a: Cloyster
|-supereffective|p1a: Cloyster
|-damage|p1a: Cloyster|0 fnt
|faint|p1a: Cloyster
|
|
|switch|p1a: Sharpedo|Sharpedo, M|281\/281
|turn|14
|
|move|p2a: Chandelure|Energy Ball|p1a: Sharpedo
|-supereffective|p1a: Sharpedo
|-damage|p1a: Sharpedo|0 fnt
|faint|p1a: Sharpedo
|
|-message|gobosox forfeited.
|
|win|testjg
|raw|Ladder updating...
|leave|gobosox
|raw|gobosox's rating: 1385 &rarr; <strong>1371<\/strong><br \/>(-14 for losing)
|raw|testjg's rating: 1484 &rarr; <strong>1498<\/strong><br \/>(+14 for winning)
|player|p1
|leave|QueenOfLuvdiscs