|join|Slurpuffite
|join|Cell in a Hell
|player|p1|Slurpuffite|265
|player|p2|Cell in a Hell|125
|gametype|singles
|gen|6
|tier|UU
|rated
|rule|Sleep Clause Mod: Limit one foe put to sleep
|rule|Species Clause: Limit one of each PokÃ©mon
|rule|OHKO Clause: OHKO moves are banned
|rule|Moody Clause: Moody is banned
|rule|Evasion Moves Clause: Evasion moves are banned
|rule|Endless Battle Clause: Forcing endless battles is banned
|rule|HP Percentage Mod: HP is shown in percentages
|clearpoke
|poke|p1|Sharpedo, M
|poke|p1|Shaymin
|poke|p1|Rotom-Heat
|poke|p1|Krookodile, F
|poke|p1|Nidoking, M
|poke|p1|Jirachi
|poke|p2|Blastoise, M
|poke|p2|Nidoqueen, F
|poke|p2|Hydreigon, F
|poke|p2|Jirachi
|poke|p2|Entei, shiny
|poke|p2|Machamp, M
|rule|Swagger Clause: Swagger is banned
|rule|Baton Pass Clause: Limit one PokÃ©mon knowing Baton Pass
|teampreview
|
|start
|switch|p1a: Nidoking|Nidoking, M|304\/304
|switch|p2a: Machamp|Machamp, M|343\/343
|turn|1
|
|move|p1a: Nidoking|Sludge Wave|p2a: Machamp
|-damage|p2a: Machamp|109\/343
|move|p2a: Machamp|Earthquake|p1a: Nidoking
|-supereffective|p1a: Nidoking
|-damage|p1a: Nidoking|0 fnt
|faint|p1a: Nidoking
|
|
|switch|p1a: Sharpedo|Sharpedo, M|281\/281
|turn|2
|
|move|p1a: Sharpedo|Waterfall|p2a: Machamp
|-damage|p2a: Machamp|0 fnt
|faint|p2a: Machamp
|
|-boost|p1a: Sharpedo|spe|1|[from] ability: Speed Boost
|
|switch|p2a: Blastoise|Blastoise, M|333\/333
|turn|3
|
|switch|p1a: Rotom-Heat|Rotom-Heat|303\/303
|detailschange|p2a: Blastoise|Blastoise-Mega, M
|-mega|p2a: Blastoise|Blastoise|Blastoisinite
|move|p2a: Blastoise|Dragon Pulse|p1a: Rotom-Heat
|-damage|p1a: Rotom-Heat|129\/303
|
|-heal|p1a: Rotom-Heat|147\/303|[from] item: Leftovers
|turn|4
|
|switch|p2a: Hydreigon|Hydreigon, F|325\/325
|switch|p1a: Shaymin|Shaymin|403\/403
|
|turn|5
|
|switch|p2a: Entei|Entei, shiny|371\/371
|-ability|p2a: Entei|Pressure
|move|p1a: Shaymin|Dazzling Gleam|p2a: Entei
|-resisted|p2a: Entei
|-damage|p2a: Entei|340\/371
|
|turn|6
|
|switch|p1a: Krookodile|Krookodile, F|394\/394
|-ability|p1a: Krookodile|Intimidate|[of] p2a: Entei
|-unboost|p2a: Entei|atk|1
|move|p2a: Entei|Sacred Fire|p1a: Krookodile
|-damage|p1a: Krookodile|289\/394
|
|-heal|p1a: Krookodile|313\/394|[from] item: Leftovers
|turn|7
|
|move|p2a: Entei|Sacred Fire|p1a: Krookodile
|-damage|p1a: Krookodile|222\/394
|move|p1a: Krookodile|Stealth Rock|p2a: Entei
|-sidestart|p2: Cell in a Hell|move: Stealth Rock
|
|-heal|p1a: Krookodile|246\/394|[from] item: Leftovers
|turn|8
|
|move|p1a: Krookodile|Protect|p1a: Krookodile
|-singleturn|p1a: Krookodile|Protect
|move|p2a: Entei|Sacred Fire|p1a: Krookodile
|-activate|p1a: Krookodile|Protect
|
|-heal|p1a: Krookodile|270\/394|[from] item: Leftovers
|turn|9
|
|move|p2a: Entei|Sacred Fire|p1a: Krookodile
|-damage|p1a: Krookodile|171\/394
|-status|p1a: Krookodile|brn
|move|p1a: Krookodile|Roar|p2a: Entei
|drag|p2a: Hydreigon|Hydreigon, F|325\/325
|-damage|p2a: Hydreigon|285\/325|[from] Stealth Rock
|
|-heal|p1a: Krookodile|195\/394 brn|[from] item: Leftovers
|-damage|p1a: Krookodile|146\/394 brn|[from] brn
|turn|10
|
|move|p2a: Hydreigon|Draco Meteor|p1a: Krookodile|[miss]
|-miss|p2a: Hydreigon|p1a: Krookodile
|move|p1a: Krookodile|Roar|p2a: Hydreigon
|drag|p2a: Blastoise|Blastoise-Mega, M|333\/333
|-damage|p2a: Blastoise|292\/333|[from] Stealth Rock
|
|-heal|p1a: Krookodile|170\/394 brn|[from] item: Leftovers
|-damage|p1a: Krookodile|121\/394 brn|[from] brn
|turn|11
|
|move|p1a: Krookodile|Protect|p1a: Krookodile
|-singleturn|p1a: Krookodile|Protect
|move|p2a: Blastoise|Rapid Spin|p1a: Krookodile
|-activate|p1a: Krookodile|Protect
|
|-heal|p1a: Krookodile|145\/394 brn|[from] item: Leftovers
|-damage|p1a: Krookodile|96\/394 brn|[from] brn
|turn|12
|
|move|p1a: Krookodile|Stealth Rock|p2a: Blastoise
|-fail|p2a: Blastoise
|move|p2a: Blastoise|Rapid Spin|p1a: Krookodile
|-damage|p1a: Krookodile|84\/394 brn
|-sideend|p2: Cell in a Hell|Stealth Rock|[from] move: Rapid Spin|[of] p2a: Blastoise
|
|-heal|p1a: Krookodile|108\/394 brn|[from] item: Leftovers
|-damage|p1a: Krookodile|59\/394 brn|[from] brn
|turn|13
|
|move|p1a: Krookodile|Stealth Rock|p2a: Blastoise
|-sidestart|p2: Cell in a Hell|move: Stealth Rock
|move|p2a: Blastoise|Rapid Spin|p1a: Krookodile
|-damage|p1a: Krookodile|47\/394 brn
|-sideend|p2: Cell in a Hell|Stealth Rock|[from] move: Rapid Spin|[of] p2a: Blastoise
|
|-heal|p1a: Krookodile|71\/394 brn|[from] item: Leftovers
|-damage|p1a: Krookodile|22\/394 brn|[from] brn
|turn|14
|
|move|p1a: Krookodile|Stealth Rock|p2a: Blastoise
|-sidestart|p2: Cell in a Hell|move: Stealth Rock
|move|p2a: Blastoise|Rapid Spin|p1a: Krookodile
|-damage|p1a: Krookodile|9\/394 brn
|-sideend|p2: Cell in a Hell|Stealth Rock|[from] move: Rapid Spin|[of] p2a: Blastoise
|
|-heal|p1a: Krookodile|33\/394 brn|[from] item: Leftovers
|-damage|p1a: Krookodile|0 fnt|[from] brn
|faint|p1a: Krookodile
|
|switch|p1a: Shaymin|Shaymin|403\/403
|turn|15
|
|move|p1a: Shaymin|Seed Flare|p2a: Blastoise
|-supereffective|p2a: Blastoise
|-damage|p2a: Blastoise|0 fnt
|faint|p2a: Blastoise
|
|
|switch|p2a: Nidoqueen|Nidoqueen, F|349\/349
|turn|16
|
|switch|p1a: Jirachi|Jirachi|341\/341
|move|p2a: Nidoqueen|Sludge Wave|p1a: Jirachi
|-immune|p1a: Jirachi|[msg]
|
|turn|17
|
|move|p1a: Jirachi|U-turn|p2a: Nidoqueen
|-crit|p2a: Nidoqueen
|-resisted|p2a: Nidoqueen
|-damage|p2a: Nidoqueen|289\/349
|
|switch|p1a: Rotom-Heat|Rotom-Heat|147\/303
|move|p2a: Nidoqueen|Earth Power|p1a: Rotom-Heat
|-immune|p1a: Rotom-Heat|[msg]
|
|-heal|p1a: Rotom-Heat|165\/303|[from] item: Leftovers
|turn|18
|
|switch|p1a: Jirachi|Jirachi|341\/341
|move|p2a: Nidoqueen|Stealth Rock|p1a: Jirachi
|-sidestart|p1: Slurpuffite|move: Stealth Rock
|
|turn|19
|
|move|p1a: Jirachi|Zen Headbutt|p2a: Nidoqueen
|-supereffective|p2a: Nidoqueen
|-damage|p2a: Nidoqueen|29\/349
|cant|p2a: Nidoqueen|flinch
|
|turn|20
|
|switch|p1a: Rotom-Heat|Rotom-Heat|165\/303
|-damage|p1a: Rotom-Heat|90\/303|[from] Stealth Rock
|move|p2a: Nidoqueen|Sludge Wave|p1a: Rotom-Heat
|-damage|p1a: Rotom-Heat|0 fnt
|faint|p1a: Rotom-Heat
|
|
|switch|p1a: Sharpedo|Sharpedo, M|281\/281
|-damage|p1a: Sharpedo|246\/281|[from] Stealth Rock
|turn|21
|
|move|p1a: Sharpedo|Protect|p1a: Sharpedo
|-singleturn|p1a: Sharpedo|Protect
|move|p2a: Nidoqueen|Sludge Wave|p1a: Sharpedo
|-activate|p1a: Sharpedo|Protect
|
|-boost|p1a: Sharpedo|spe|1|[from] ability: Speed Boost
|turn|22
|
|move|p1a: Sharpedo|Waterfall|p2a: Nidoqueen
|-crit|p2a: Nidoqueen
|-supereffective|p2a: Nidoqueen
|-damage|p2a: Nidoqueen|0 fnt
|faint|p2a: Nidoqueen
|
|-boost|p1a: Sharpedo|spe|1|[from] ability: Speed Boost
|
|switch|p2a: Hydreigon|Hydreigon, F|285\/325
|turn|23
|
|detailschange|p1a: Sharpedo|Sharpedo-Mega, M
|-mega|p1a: Sharpedo|Sharpedo|Sharpedonite
|move|p1a: Sharpedo|Ice Fang|p2a: Hydreigon
|-supereffective|p2a: Hydreigon
|-damage|p2a: Hydreigon|7\/325
|move|p2a: Hydreigon|Draco Meteor|p1a: Sharpedo
|-damage|p1a: Sharpedo|0 fnt
|-unboost|p2a: Hydreigon|spa|2
|faint|p1a: Sharpedo
|
|
|switch|p1a: Jirachi|Jirachi|341\/341
|-damage|p1a: Jirachi|320\/341|[from] Stealth Rock
|turn|24
|
|move|p1a: Jirachi|U-turn|p2a: Hydreigon
|-supereffective|p2a: Hydreigon
|-damage|p2a: Hydreigon|0 fnt
|faint|p2a: Hydreigon
|
|switch|p1a: Shaymin|Shaymin|403\/403
|-damage|p1a: Shaymin|353\/403|[from] Stealth Rock
|
|-heal|p1a: Shaymin|378\/403|[from] item: Leftovers
|
|switch|p2a: Entei|Entei, shiny|340\/371
|-ability|p2a: Entei|Pressure
|turn|25
|
|move|p2a: Entei|Sacred Fire|p1a: Shaymin
|-supereffective|p1a: Shaymin
|-damage|p1a: Shaymin|46\/403
|move|p1a: Shaymin|Psychic|p2a: Entei
|-damage|p2a: Entei|280\/371
|
|-heal|p1a: Shaymin|71\/403|[from] item: Leftovers
|turn|26
|
|move|p2a: Entei|Sacred Fire|p1a: Shaymin|[miss]
|-miss|p2a: Entei|p1a: Shaymin
|move|p1a: Shaymin|Psychic|p2a: Entei
|-damage|p2a: Entei|215\/371
|
|-heal|p1a: Shaymin|96\/403|[from] item: Leftovers
|turn|27
|
|move|p2a: Entei|Extreme Speed|p1a: Shaymin
|-damage|p1a: Shaymin|5\/403
|move|p1a: Shaymin|Psychic|p2a: Entei
|-damage|p2a: Entei|155\/371
|
|-heal|p1a: Shaymin|30\/403|[from] item: Leftovers
|turn|28
|
|switch|p2a: Jirachi|Jirachi|341\/341
|move|p1a: Shaymin|Psychic|p2a: Jirachi
|-resisted|p2a: Jirachi
|-damage|p2a: Jirachi|319\/341
|
|-heal|p1a: Shaymin|55\/403|[from] item: Leftovers
|turn|29
|
|move|p2a: Jirachi|U-turn|p1a: Shaymin
|-supereffective|p1a: Shaymin
|-damage|p1a: Shaymin|0 fnt
|faint|p1a: Shaymin
|
|switch|p2a: Entei|Entei, shiny|155\/371
|-ability|p2a: Entei|Pressure
|
|
|switch|p1a: Jirachi|Jirachi|320\/341
|-damage|p1a: Jirachi|299\/341|[from] Stealth Rock
|turn|30
|
|move|p1a: Jirachi|Iron Head|p2a: Entei
|-resisted|p2a: Entei
|-damage|p2a: Entei|84\/371
|cant|p2a: Entei|flinch
|
|turn|31
|
|switch|p2a: Jirachi|Jirachi|319\/341
|move|p1a: Jirachi|Iron Head|p2a: Jirachi
|-resisted|p2a: Jirachi
|-damage|p2a: Jirachi|258\/341
|
|turn|32
|
|move|p2a: Jirachi|Healing Wish|p2a: Jirachi
|faint|p2a: Jirachi
|move|p1a: Jirachi|Iron Head|p2: Jirachi|[notarget]
|-notarget
|
|
|switch|p2a: Entei|Entei, shiny|84\/371
|-heal|p2a: Entei|371\/371|[from] move: Healing Wish
|-ability|p2a: Entei|Pressure
|turn|33
|
|move|p1a: Jirachi|Iron Head|p2a: Entei
|-resisted|p2a: Entei
|-damage|p2a: Entei|300\/371
|move|p2a: Entei|Flare Blitz|p1a: Jirachi
|-supereffective|p1a: Jirachi
|-damage|p1a: Jirachi|0 fnt
|-damage|p2a: Entei|201\/371|[from] recoil|[of] p1a: Jirachi
|faint|p1a: Jirachi
|
|win|Cell in a Hell
|raw|Ladder updating...
|raw|Slurpuffite's rating: 1531 &rarr; <strong>1497<\/strong><br \/>(-34 for losing)
|raw|Cell in a Hell's rating: 1243 &rarr; <strong>1285<\/strong><br \/>(+42 for winning)
|c|âCell in a Hell|gg
|leave|Slurpuffite
|player|p1