|join|Slurpuffite
|join|QuasarLord
|player|p1|Slurpuffite|1
|player|p2|QuasarLord|290
|gametype|singles
|gen|6
|tier|UU
|rated
|rule|Sleep Clause Mod: Limit one foe put to sleep
|rule|Species Clause: Limit one of each PokÃ©mon
|rule|OHKO Clause: OHKO moves are banned
|rule|Moody Clause: Moody is banned
|rule|Evasion Moves Clause: Evasion moves are banned
|rule|Endless Battle Clause: Forcing endless battles is banned
|rule|HP Percentage Mod: HP is shown in percentages
|clearpoke
|poke|p1|Beedrill, M
|poke|p1|Slurpuff, F
|poke|p1|Bronzong
|poke|p1|Uxie
|poke|p1|Infernape, M
|poke|p1|Heliolisk, M
|poke|p2|Honchkrow, F
|poke|p2|Shuckle, F
|poke|p2|Darmanitan, M
|poke|p2|Exploud, F
|poke|p2|Donphan, M
|poke|p2|Abomasnow, F
|rule|Swagger Clause: Swagger is banned
|rule|Baton Pass Clause: Limit one PokÃ©mon knowing Baton Pass
|teampreview
|
|start
|switch|p1a: Beedrill|Beedrill, M|272\/272
|switch|p2a: Shuckle|Shuckle, F|244\/244
|turn|1
|
|detailschange|p1a: Beedrill|Beedrill-Mega, M
|message|Beedrill has Mega Evolved into Mega Beedrill!
|move|p1a: Beedrill|Knock Off|p2a: Shuckle
|-damage|p2a: Shuckle|188\/244
|-enditem|p2a: Shuckle|Red Card|[from] move: Knock Off|[of] p1a: Beedrill
|move|p2a: Shuckle|Sticky Web|p1a: Beedrill
|-sidestart|p1: Slurpuffite|move: Sticky Web
|
|turn|2
|
|move|p1a: Beedrill|U-turn|p2a: Shuckle
|-damage|p2a: Shuckle|96\/244
|
|switch|p1a: Infernape|Infernape, M|293\/293
|-activate|p1a: Infernape|move: Sticky Web
|-unboost|p1a: Infernape|spe|1
|move|p2a: Shuckle|Stealth Rock|p1a: Infernape
|-sidestart|p1: Slurpuffite|move: Stealth Rock
|
|turn|3
|
|move|p1a: Infernape|Close Combat|p2a: Shuckle
|-damage|p2a: Shuckle|12\/244
|-unboost|p1a: Infernape|def|1
|-unboost|p1a: Infernape|spd|1
|move|p2a: Shuckle|Encore|p1a: Infernape
|-start|p1a: Infernape|Encore
|
|turn|4
|
|switch|p1a: Bronzong|Bronzong|338\/338
|-damage|p1a: Bronzong|317\/338|[from] Stealth Rock
|move|p2a: Shuckle|Toxic|p1a: Bronzong
|-fail|p1a: Bronzong
|
|turn|5
|
|switch|p2a: Darmanitan|Darmanitan, M|384\/384
|move|p1a: Bronzong|Earthquake|p2a: Darmanitan
|-supereffective|p2a: Darmanitan
|-damage|p2a: Darmanitan|148\/384
|
|turn|6
|
|switch|p1a: Infernape|Infernape, M|293\/293
|-activate|p1a: Infernape|move: Sticky Web
|-unboost|p1a: Infernape|spe|1
|-damage|p1a: Infernape|257\/293|[from] Stealth Rock
|move|p2a: Darmanitan|Flare Blitz|p1a: Infernape
|-resisted|p1a: Infernape
|-damage|p1a: Infernape|11\/293
|-damage|p2a: Darmanitan|67\/384|[from] recoil|[of] p1a: Infernape
|
|turn|7
|
|move|p1a: Infernape|Close Combat|p2a: Darmanitan
|-damage|p2a: Darmanitan|0 fnt
|-unboost|p1a: Infernape|def|1
|-unboost|p1a: Infernape|spd|1
|faint|p2a: Darmanitan
|
|
|switch|p2a: Honchkrow|Honchkrow, F|404\/404
|turn|8
|
|move|p1a: Infernape|Close Combat|p2a: Honchkrow
|-damage|p2a: Honchkrow|91\/404
|-unboost|p1a: Infernape|def|1
|-unboost|p1a: Infernape|spd|1
|move|p2a: Honchkrow|Brave Bird|p1a: Infernape
|-supereffective|p1a: Infernape
|-damage|p1a: Infernape|0 fnt
|-damage|p2a: Honchkrow|87\/404|[from] recoil|[of] p1a: Infernape
|-damage|p2a: Honchkrow|47\/404|[from] item: Life Orb
|faint|p1a: Infernape
|-boost|p2a: Honchkrow|atk|1|[from] ability: Moxie
|
|
|switch|p1a: Heliolisk|Heliolisk, M|266\/266
|-activate|p1a: Heliolisk|move: Sticky Web
|-unboost|p1a: Heliolisk|spe|1
|-damage|p1a: Heliolisk|233\/266|[from] Stealth Rock
|turn|9
|
|move|p2a: Honchkrow|Sucker Punch|p1a: Heliolisk
|-damage|p1a: Heliolisk|0 fnt
|-damage|p2a: Honchkrow|7\/404|[from] item: Life Orb
|faint|p1a: Heliolisk
|-boost|p2a: Honchkrow|atk|1|[from] ability: Moxie
|
|
|switch|p1a: Uxie|Uxie|354\/354
|-damage|p1a: Uxie|310\/354|[from] Stealth Rock
|turn|10
|
|move|p1a: Uxie|Reflect|p1a: Uxie
|-sidestart|p1: Slurpuffite|Reflect
|move|p2a: Honchkrow|Roost|p2a: Honchkrow
|-heal|p2a: Honchkrow|209\/404
|
|turn|11
|
|move|p1a: Uxie|Memento|p2a: Honchkrow
|-unboost|p2a: Honchkrow|atk|2
|-unboost|p2a: Honchkrow|spa|2
|faint|p1a: Uxie
|move|p2a: Honchkrow|Roost|p2a: Honchkrow
|-heal|p2a: Honchkrow|404\/404
|
|
|switch|p1a: Slurpuff|Slurpuff, F|304\/304
|-damage|p1a: Slurpuff|266\/304|[from] Stealth Rock
|-activate|p1a: Slurpuff|move: Sticky Web
|-unboost|p1a: Slurpuff|spe|1
|turn|12
|
|switch|p2a: Shuckle|Shuckle, F|12\/244
|move|p1a: Slurpuff|Belly Drum|p1a: Slurpuff
|-damage|p1a: Slurpuff|114\/304
|-setboost|p1a: Slurpuff|atk|6|[from] move: Belly Drum
|-enditem|p1a: Slurpuff|Sitrus Berry|[eat]
|-heal|p1a: Slurpuff|190\/304|[from] item: Sitrus Berry
|
|turn|13
|
|move|p1a: Slurpuff|Drain Punch|p2a: Shuckle
|-damage|p2a: Shuckle|0 fnt
|-heal|p1a: Slurpuff|196\/304|[from] drain|[of] p2a: Shuckle
|faint|p2a: Shuckle
|
|
|switch|p2a: Abomasnow|Abomasnow, F|322\/322
|-weather|Hail
|turn|14
|
|detailschange|p2a: Abomasnow|Abomasnow-Mega, F
|message|Abomasnow has Mega Evolved into Mega Abomasnow!
|move|p1a: Slurpuff|Drain Punch|p2a: Abomasnow
|-supereffective|p2a: Abomasnow
|-damage|p2a: Abomasnow|0 fnt
|-heal|p1a: Slurpuff|304\/304|[from] drain|[of] p2a: Abomasnow
|faint|p2a: Abomasnow
|
|-weather|Hail|[upkeep]
|-damage|p1a: Slurpuff|285\/304|[from] hail
|
|switch|p2a: Donphan|Donphan, M|384\/384
|turn|15
|
|move|p1a: Slurpuff|Play Rough|p2a: Donphan
|-activate|p2a: Donphan|Sturdy
|-damage|p2a: Donphan|1\/384
|move|p2a: Donphan|Earthquake|p1a: Slurpuff
|-damage|p1a: Slurpuff|176\/304
|
|-weather|Hail|[upkeep]
|-damage|p1a: Slurpuff|157\/304|[from] hail
|-damage|p2a: Donphan|0 fnt|[from] hail
|faint|p2a: Donphan
|
|switch|p2a: Exploud|Exploud, F|412\/412
|turn|16
|
|move|p1a: Slurpuff|Drain Punch|p2a: Exploud
|-supereffective|p2a: Exploud
|-damage|p2a: Exploud|0 fnt
|-heal|p1a: Slurpuff|304\/304|[from] drain|[of] p2a: Exploud
|faint|p2a: Exploud
|
|-weather|Hail|[upkeep]
|-damage|p1a: Slurpuff|285\/304|[from] hail
|-message|QuasarLord forfeited.
|
|win|Slurpuffite
|raw|Ladder updating...
|leave|QuasarLord
|player|p2
|raw|Slurpuffite's rating: 1040 &rarr; <strong>1083<\/strong><br \/>(+43 for winning)
|raw|QuasarLord's rating: 1130 &rarr; <strong>1098<\/strong><br \/>(-32 for losing)