|join|On A Kanye Quest
|join|Slurpuffite
|player|p1|On A Kanye Quest|154
|player|p2|Slurpuffite|1
|gametype|singles
|gen|6
|tier|UU
|rated
|rule|Sleep Clause Mod: Limit one foe put to sleep
|rule|Species Clause: Limit one of each PokÃ©mon
|rule|OHKO Clause: OHKO moves are banned
|rule|Moody Clause: Moody is banned
|rule|Evasion Moves Clause: Evasion moves are banned
|rule|Endless Battle Clause: Forcing endless battles is banned
|rule|HP Percentage Mod: HP is shown in percentages
|clearpoke
|poke|p1|Sceptile, F
|poke|p1|Tentacruel, F
|poke|p1|Bronzong, shiny
|poke|p1|Infernape, F, shiny
|poke|p1|Empoleon, M, shiny
|poke|p1|Flygon, M
|poke|p2|Beedrill, M
|poke|p2|Slurpuff, F
|poke|p2|Bronzong
|poke|p2|Uxie
|poke|p2|Infernape, F
|poke|p2|Heliolisk, F
|rule|Swagger Clause: Swagger is banned
|rule|Baton Pass Clause: Limit one PokÃ©mon knowing Baton Pass
|teampreview
|
|start
|switch|p1a: Flygon|Flygon, M|301\/301
|switch|p2a: Beedrill|Beedrill, M|271\/271
|turn|1
|
|detailschange|p2a: Beedrill|Beedrill-Mega, M
|message|Beedrill has Mega Evolved into Mega Beedrill!
|move|p2a: Beedrill|Protect|p2a: Beedrill
|-singleturn|p2a: Beedrill|Protect
|move|p1a: Flygon|Fire Blast|p2a: Beedrill
|-activate|p2a: Beedrill|Protect
|
|turn|2
|
|switch|p2a: Infernape|Infernape, F|293\/293
|move|p1a: Flygon|Fire Blast|p2a: Infernape
|-resisted|p2a: Infernape
|-damage|p2a: Infernape|245\/293
|
|turn|3
|
|switch|p1a: Bronzong|Bronzong, shiny|338\/338
|move|p2a: Infernape|U-turn|p1a: Bronzong
|-crit|p1a: Bronzong
|-damage|p1a: Bronzong|258\/338
|
|switch|p2a: Beedrill|Beedrill-Mega, M|271\/271
|
|-heal|p1a: Bronzong|279\/338|[from] item: Leftovers
|turn|4
|
|move|p2a: Beedrill|Knock Off|p1a: Bronzong
|-supereffective|p1a: Bronzong
|-damage|p1a: Bronzong|101\/338
|-enditem|p1a: Bronzong|Leftovers|[from] move: Knock Off|[of] p2a: Beedrill
|move|p1a: Bronzong|Hypnosis|p2a: Beedrill
|-status|p2a: Beedrill|slp
|
|turn|5
|
|cant|p2a: Beedrill|slp
|move|p1a: Bronzong|Stealth Rock|p2a: Beedrill
|-sidestart|p2: Slurpuffite|move: Stealth Rock
|
|turn|6
|
|cant|p2a: Beedrill|slp
|move|p1a: Bronzong|Gyro Ball|p2a: Beedrill
|-damage|p2a: Beedrill|0 fnt
|faint|p2a: Beedrill
|
|
|switch|p2a: Infernape|Infernape, F|245\/293
|-damage|p2a: Infernape|209\/293|[from] Stealth Rock
|turn|7
|
|move|p1a: Bronzong|Protect|p1a: Bronzong
|-singleturn|p1a: Bronzong|Protect
|move|p2a: Infernape|Close Combat|p1a: Bronzong
|-activate|p1a: Bronzong|Protect
|
|turn|8
|
|move|p2a: Infernape|Close Combat|p1a: Bronzong
|-damage|p1a: Bronzong|0 fnt
|-unboost|p2a: Infernape|def|1
|-unboost|p2a: Infernape|spd|1
|faint|p1a: Bronzong
|
|
|switch|p1a: Flygon|Flygon, M|301\/301
|turn|9
|
|move|p2a: Infernape|Close Combat|p1a: Flygon
|-damage|p1a: Flygon|45\/301
|-unboost|p2a: Infernape|def|1
|-unboost|p2a: Infernape|spd|1
|move|p1a: Flygon|U-turn|p2a: Infernape
|-resisted|p2a: Infernape
|-damage|p2a: Infernape|156\/293
|
|switch|p1a: Infernape|Infernape, F, shiny|293\/293
|
|turn|10
|
|switch|p2a: Bronzong|Bronzong|338\/338
|-damage|p2a: Bronzong|317\/338|[from] Stealth Rock
|move|p1a: Infernape|Fake Out|p2a: Bronzong
|-resisted|p2a: Bronzong
|-damage|p2a: Bronzong|295\/338
|-damage|p1a: Infernape|264\/293|[from] item: Life Orb
|
|turn|11
|
|move|p1a: Infernape|Flare Blitz|p2a: Bronzong
|-supereffective|p2a: Bronzong
|-damage|p2a: Bronzong|0 fnt
|-damage|p1a: Infernape|167\/293|[from] recoil|[of] p2a: Bronzong
|-damage|p1a: Infernape|138\/293|[from] item: Life Orb
|faint|p2a: Bronzong
|
|
|switch|p2a: Uxie|Uxie|353\/353
|-damage|p2a: Uxie|309\/353|[from] Stealth Rock
|turn|12
|
|switch|p1a: Flygon|Flygon, M|45\/301
|move|p2a: Uxie|Reflect|p2a: Uxie
|-sidestart|p2: Slurpuffite|Reflect
|
|turn|13
|
|move|p1a: Flygon|U-turn|p2a: Uxie
|-supereffective|p2a: Uxie
|-damage|p2a: Uxie|244\/353
|
|switch|p1a: Empoleon|Empoleon, M, shiny|372\/372
|move|p2a: Uxie|Light Screen|p2a: Uxie
|-sidestart|p2: Slurpuffite|move: Light Screen
|
|turn|14
|
|move|p2a: Uxie|Knock Off|p1a: Empoleon
|-crit|p1a: Empoleon
|-damage|p1a: Empoleon|305\/372
|-enditem|p1a: Empoleon|Leftovers|[from] move: Knock Off|[of] p2a: Uxie
|move|p1a: Empoleon|Yawn|p2a: Uxie
|-start|p2a: Uxie|move: Yawn|[of] p1a: Empoleon
|
|turn|15
|
|switch|p1a: Infernape|Infernape, F, shiny|138\/293
|move|p2a: Uxie|Memento|p1a: Infernape
|-unboost|p1a: Infernape|atk|2
|-unboost|p1a: Infernape|spa|2
|faint|p2a: Uxie
|
|
|switch|p2a: Slurpuff|Slurpuff, F|304\/304
|-damage|p2a: Slurpuff|266\/304|[from] Stealth Rock
|turn|16
|
|switch|p1a: Tentacruel|Tentacruel, F|364\/364
|move|p2a: Slurpuff|Belly Drum|p2a: Slurpuff
|-damage|p2a: Slurpuff|114\/304
|-setboost|p2a: Slurpuff|atk|6|[from] move: Belly Drum
|-enditem|p2a: Slurpuff|Sitrus Berry|[eat]
|-heal|p2a: Slurpuff|190\/304|[from] item: Sitrus Berry
|
|turn|17
|
|move|p2a: Slurpuff|Frustration|p1a: Tentacruel
|-damage|p1a: Tentacruel|0 fnt
|faint|p1a: Tentacruel
|
|c|âOn A Kanye Quest|WHAT
|c|âSlurpuffite|?
|
|switch|p1a: Infernape|Infernape, F, shiny|138\/293
|turn|18
|
|move|p1a: Infernape|Fake Out|p2a: Slurpuff
|-damage|p2a: Slurpuff|162\/304
|-damage|p1a: Infernape|109\/293|[from] item: Life Orb
|cant|p2a: Slurpuff|flinch
|
|turn|19
|c|âOn A Kanye Quest|ive never seen this
|c|âOn A Kanye Quest|before.
|
|move|p2a: Slurpuff|Frustration|p1a: Infernape
|-damage|p1a: Infernape|0 fnt
|faint|p1a: Infernape
|
|-sideend|p2: Slurpuffite|Reflect
|c|âSlurpuffite|:v
|c|âOn A Kanye Quest|WHAT
|c|âOn A Kanye Quest|HOW R U SO FAST.
|c|âSlurpuffite|unburden
|c|âOn A Kanye Quest|oh my god.
|c|âOn A Kanye Quest|LOLLLL
|
|switch|p1a: Empoleon|Empoleon, M, shiny|305\/372
|turn|20
|c|âSlurpuffite|thanks to recover my hp
|
|move|p2a: Slurpuff|Drain Punch|p1a: Empoleon
|-supereffective|p1a: Empoleon
|-damage|p1a: Empoleon|0 fnt
|-heal|p2a: Slurpuff|304\/304|[from] drain|[of] p1a: Empoleon
|faint|p1a: Empoleon
|
|-sideend|p2: Slurpuffite|move: Light Screen
|c|âOn A Kanye Quest|LOLLL
|
|switch|p1a: Flygon|Flygon, M|45\/301
|turn|21
|
|move|p2a: Slurpuff|Frustration|p1a: Flygon
|-damage|p1a: Flygon|0 fnt
|faint|p1a: Flygon
|
|
|switch|p1a: Sceptile|Sceptile, F|282\/282
|turn|22
|c|âOn A Kanye Quest|well fucking done.
|c|âOn A Kanye Quest|holy shit
|c|âOn A Kanye Quest|ive never seen this before.
|c|âSlurpuffite|gg :)
|
|move|p2a: Slurpuff|Frustration|p1a: Sceptile
|-damage|p1a: Sceptile|0 fnt
|faint|p1a: Sceptile
|
|win|Slurpuffite
|raw|Ladder updating...
|raw|On A Kanye Quest's rating: 1111 &rarr; <strong>1091<\/strong><br \/>(-20 for losing)
|raw|Slurpuffite's rating: 1171 &rarr; <strong>1192<\/strong><br \/>(+21 for winning)