|join|Slurpuffite
|join|Beefcake Emperor
|player|p1|Slurpuffite|266
|player|p2|Beefcake Emperor|127
|gametype|singles
|gen|6
|tier|UU
|rated
|rule|Sleep Clause Mod: Limit one foe put to sleep
|rule|Species Clause: Limit one of each PokÃ©mon
|rule|OHKO Clause: OHKO moves are banned
|rule|Moody Clause: Moody is banned
|rule|Evasion Moves Clause: Evasion moves are banned
|rule|Endless Battle Clause: Forcing endless battles is banned
|rule|HP Percentage Mod: HP is shown in percentages
|clearpoke
|poke|p1|Sharpedo, M
|poke|p1|Shaymin
|poke|p1|Rotom-Heat
|poke|p1|Krookodile, F
|poke|p1|Nidoking, M
|poke|p1|Jirachi
|poke|p2|Hippowdon, F
|poke|p2|Steelix, F
|poke|p2|Slowking, F
|poke|p2|Reuniclus, F
|poke|p2|Escavalier, F
|poke|p2|Pangoro, F
|rule|Swagger Clause: Swagger is banned
|rule|Baton Pass Clause: Limit one PokÃ©mon knowing Baton Pass
|teampreview
|c|âBeefcake Emperor|...
|c|âBeefcake Emperor|oh my
|c|âBeefcake Emperor|that is a Shaymin
|c|âSlurpuffite|yeah ^^
|c|âBeefcake Emperor|DIE
|
|start
|switch|p1a: Rotom-Heat|Rotom-Heat|303\/303
|switch|p2a: All In|Escavalier, F|327\/327
|turn|1
|
|switch|p2a: Gumbo|Hippowdon, F|420\/420
|-weather|Sandstorm
|move|p1a: Rotom-Heat|Will-O-Wisp|p2a: Gumbo
|-status|p2a: Gumbo|brn
|
|-weather|Sandstorm|[upkeep]
|-damage|p1a: Rotom-Heat|285\/303|[from] sandstorm
|-heal|p1a: Rotom-Heat|303\/303|[from] item: Leftovers
|-damage|p2a: Gumbo|368\/420 brn|[from] brn
|turn|2
|
|move|p1a: Rotom-Heat|Overheat|p2a: Gumbo|[miss]
|-miss|p1a: Rotom-Heat|p2a: Gumbo
|move|p2a: Gumbo|Stealth Rock|p1a: Rotom-Heat
|-sidestart|p1: Slurpuffite|move: Stealth Rock
|
|-weather|Sandstorm|[upkeep]
|-damage|p1a: Rotom-Heat|285\/303|[from] sandstorm
|-heal|p1a: Rotom-Heat|303\/303|[from] item: Leftovers
|-damage|p2a: Gumbo|316\/420 brn|[from] brn
|turn|3
|
|move|p1a: Rotom-Heat|Will-O-Wisp|p2a: Gumbo
|-fail|p2a: Gumbo|brn
|move|p2a: Gumbo|Toxic|p1a: Rotom-Heat
|-status|p1a: Rotom-Heat|tox
|
|-weather|Sandstorm|[upkeep]
|-damage|p1a: Rotom-Heat|285\/303 tox|[from] sandstorm
|-heal|p1a: Rotom-Heat|303\/303 tox|[from] item: Leftovers
|-damage|p1a: Rotom-Heat|285\/303 tox|[from] psn
|-damage|p2a: Gumbo|264\/420 brn|[from] brn
|turn|4
|
|move|p1a: Rotom-Heat|Overheat|p2a: Gumbo
|-damage|p2a: Gumbo|66\/420 brn
|-unboost|p1a: Rotom-Heat|spa|2
|move|p2a: Gumbo|Slack Off|p2a: Gumbo
|-heal|p2a: Gumbo|276\/420 brn
|
|-weather|Sandstorm|[upkeep]
|-damage|p1a: Rotom-Heat|267\/303 tox|[from] sandstorm
|-heal|p1a: Rotom-Heat|285\/303 tox|[from] item: Leftovers
|-damage|p1a: Rotom-Heat|249\/303 tox|[from] psn
|-damage|p2a: Gumbo|224\/420 brn|[from] brn
|turn|5
|
|switch|p1a: Shaymin|Shaymin|403\/403
|-damage|p1a: Shaymin|353\/403|[from] Stealth Rock
|switch|p2a: Shadow Mitsuo|Reuniclus, F|424\/424
|
|-weather|Sandstorm|[upkeep]
|-damage|p1a: Shaymin|328\/403|[from] sandstorm
|-heal|p1a: Shaymin|353\/403|[from] item: Leftovers
|turn|6
|
|switch|p2a: All In|Escavalier, F|327\/327
|move|p1a: Shaymin|Seed Flare|p2a: All In|[miss]
|-miss|p1a: Shaymin|p2a: All In
|
|-weather|Sandstorm|[upkeep]
|-damage|p1a: Shaymin|328\/403|[from] sandstorm
|-heal|p1a: Shaymin|353\/403|[from] item: Leftovers
|turn|7
|
|switch|p1a: Nidoking|Nidoking, M|304\/304
|-damage|p1a: Nidoking|285\/304|[from] Stealth Rock
|move|p2a: All In|Knock Off|p1a: Nidoking
|-damage|p1a: Nidoking|131\/304
|-enditem|p1a: Nidoking|Life Orb|[from] move: Knock Off|[of] p2a: All In
|
|-weather|Sandstorm|[upkeep]
|turn|8
|
|switch|p2a: Pro. Thomas|Slowking, F|393\/393
|move|p1a: Nidoking|Flamethrower|p2a: Pro. Thomas
|-resisted|p2a: Pro. Thomas
|-damage|p2a: Pro. Thomas|347\/393
|
|-weather|none
|turn|9
|
|switch|p1a: Shaymin|Shaymin|353\/403
|-damage|p1a: Shaymin|303\/403|[from] Stealth Rock
|move|p2a: Pro. Thomas|Trick Room|p2a: Pro. Thomas
|-fieldstart|move: Trick Room|[of] p2a: Pro. Thomas
|
|-heal|p1a: Shaymin|328\/403|[from] item: Leftovers
|turn|10
|
|switch|p2a: All In|Escavalier, F|327\/327
|switch|p1a: Krookodile|Krookodile, F|394\/394
|-damage|p1a: Krookodile|370\/394|[from] Stealth Rock
|-ability|p1a: Krookodile|Intimidate|[of] p2a: All In
|-unboost|p2a: All In|atk|1
|
|-heal|p1a: Krookodile|394\/394|[from] item: Leftovers
|turn|11
|
|move|p1a: Krookodile|Protect|p1a: Krookodile
|-singleturn|p1a: Krookodile|Protect
|move|p2a: All In|Megahorn|p1a: Krookodile
|-activate|p1a: Krookodile|Protect
|
|turn|12
|
|switch|p1a: Nidoking|Nidoking, M|131\/304
|-damage|p1a: Nidoking|112\/304|[from] Stealth Rock
|move|p2a: All In|Megahorn|p1a: Nidoking
|-resisted|p1a: Nidoking
|-damage|p1a: Nidoking|15\/304
|
|turn|13
|
|move|p2a: All In|Iron Head|p1a: Nidoking
|-damage|p1a: Nidoking|0 fnt
|faint|p1a: Nidoking
|
|-fieldend|move: Trick Room
|
|switch|p1a: Rotom-Heat|Rotom-Heat|249\/303 tox
|-damage|p1a: Rotom-Heat|174\/303 tox|[from] Stealth Rock
|turn|14
|
|switch|p2a: Gumbo|Hippowdon, F|224\/420 brn
|-weather|Sandstorm
|move|p1a: Rotom-Heat|Volt Switch|p2a: Gumbo
|-immune|p2a: Gumbo|[msg]
|
|-weather|Sandstorm|[upkeep]
|-damage|p1a: Rotom-Heat|156\/303 tox|[from] sandstorm
|-heal|p1a: Rotom-Heat|174\/303 tox|[from] item: Leftovers
|-damage|p1a: Rotom-Heat|156\/303 tox|[from] psn
|-damage|p2a: Gumbo|172\/420 brn|[from] brn
|turn|15
|
|move|p1a: Rotom-Heat|Overheat|p2a: Gumbo
|-damage|p2a: Gumbo|0 fnt
|-unboost|p1a: Rotom-Heat|spa|2
|faint|p2a: Gumbo
|
|-weather|Sandstorm|[upkeep]
|-damage|p1a: Rotom-Heat|138\/303 tox|[from] sandstorm
|-heal|p1a: Rotom-Heat|156\/303 tox|[from] item: Leftovers
|-damage|p1a: Rotom-Heat|120\/303 tox|[from] psn
|
|switch|p2a: Pro. Thomas|Slowking, F|393\/393
|turn|16
|
|move|p1a: Rotom-Heat|Pain Split|p2a: Pro. Thomas
|-sethp|p2a: Pro. Thomas|256\/393|p1a: Rotom-Heat|256\/303 tox|[from] move: Pain Split
|move|p2a: Pro. Thomas|Trick Room|p2a: Pro. Thomas
|-fieldstart|move: Trick Room|[of] p2a: Pro. Thomas
|
|-weather|Sandstorm|[upkeep]
|-damage|p2a: Pro. Thomas|232\/393|[from] sandstorm
|-damage|p1a: Rotom-Heat|238\/303 tox|[from] sandstorm
|-heal|p1a: Rotom-Heat|256\/303 tox|[from] item: Leftovers
|-damage|p1a: Rotom-Heat|202\/303 tox|[from] psn
|turn|17
|
|move|p2a: Pro. Thomas|Scald|p1a: Rotom-Heat
|-supereffective|p1a: Rotom-Heat
|-damage|p1a: Rotom-Heat|8\/303 tox
|move|p1a: Rotom-Heat|Will-O-Wisp|p2a: Pro. Thomas
|-status|p2a: Pro. Thomas|brn
|
|-weather|Sandstorm|[upkeep]
|-damage|p2a: Pro. Thomas|208\/393 brn|[from] sandstorm
|-damage|p1a: Rotom-Heat|0 fnt|[from] sandstorm
|-damage|p2a: Pro. Thomas|159\/393 brn|[from] brn
|faint|p1a: Rotom-Heat
|
|switch|p1a: Krookodile|Krookodile, F|394\/394
|-damage|p1a: Krookodile|370\/394|[from] Stealth Rock
|-ability|p1a: Krookodile|Intimidate|[of] p2a: Pro. Thomas
|-unboost|p2a: Pro. Thomas|atk|1
|turn|18
|
|switch|p2a: All In|Escavalier, F|327\/327
|move|p1a: Krookodile|Protect|p1a: Krookodile
|-fail|p1a: Krookodile
|
|-weather|Sandstorm|[upkeep]
|-heal|p1a: Krookodile|394\/394|[from] item: Leftovers
|turn|19
|
|move|p2a: All In|Megahorn|p1a: Krookodile
|-supereffective|p1a: Krookodile
|-damage|p1a: Krookodile|0 fnt
|faint|p1a: Krookodile
|
|-weather|Sandstorm|[upkeep]
|
|switch|p1a: Jirachi|Jirachi|341\/341
|-damage|p1a: Jirachi|320\/341|[from] Stealth Rock
|turn|20
|
|move|p2a: All In|Knock Off|p1a: Jirachi
|-supereffective|p1a: Jirachi
|-damage|p1a: Jirachi|62\/341
|-enditem|p1a: Jirachi|Choice Scarf|[from] move: Knock Off|[of] p2a: All In
|move|p1a: Jirachi|Trick|p2a: All In
|-activate|p1a: Jirachi|move: Trick|[of] p2a: All In
|-item|p1a: Jirachi|Assault Vest|[from] move: Trick
|
|-weather|Sandstorm|[upkeep]
|-fieldend|move: Trick Room
|turn|21
|
|move|p1a: Jirachi|Iron Head|p2a: All In
|-crit|p2a: All In
|-resisted|p2a: All In
|-damage|p2a: All In|246\/327
|cant|p2a: All In|flinch
|
|-weather|none
|turn|22
|
|move|p1a: Jirachi|Iron Head|p2a: All In
|-crit|p2a: All In
|-resisted|p2a: All In
|-damage|p2a: All In|171\/327
|cant|p2a: All In|flinch
|
|turn|23
|
|move|p1a: Jirachi|Iron Head|p2a: All In
|-resisted|p2a: All In
|-damage|p2a: All In|120\/327
|cant|p2a: All In|flinch
|
|turn|24
|
|move|p1a: Jirachi|Iron Head|p2a: All In
|-resisted|p2a: All In
|-damage|p2a: All In|71\/327
|move|p2a: All In|Knock Off|p1a: Jirachi
|-supereffective|p1a: Jirachi
|-damage|p1a: Jirachi|0 fnt
|-enditem|p1a: Jirachi|Assault Vest|[from] move: Knock Off|[of] p2a: All In
|faint|p1a: Jirachi
|
|
|switch|p1a: Sharpedo|Sharpedo, M|281\/281
|-damage|p1a: Sharpedo|246\/281|[from] Stealth Rock
|turn|25
|
|switch|p2a: TAKIN U PUNKS DWN|Pangoro, F|394\/394
|detailschange|p1a: Sharpedo|Sharpedo-Mega, M
|message|Sharpedo has Mega Evolved into Mega Sharpedo!
|move|p1a: Sharpedo|Crunch|p2a: TAKIN U PUNKS DWN
|-resisted|p2a: TAKIN U PUNKS DWN
|-damage|p2a: TAKIN U PUNKS DWN|312\/394
|-unboost|p2a: TAKIN U PUNKS DWN|def|1
|
|turn|26
|
|move|p1a: Sharpedo|Protect|p1a: Sharpedo
|-singleturn|p1a: Sharpedo|Protect
|move|p2a: TAKIN U PUNKS DWN|Hammer Arm|p1a: Sharpedo
|-activate|p1a: Sharpedo|Protect
|
|turn|27
|
|switch|p2a: All In|Escavalier, F|71\/327
|move|p1a: Sharpedo|Waterfall|p2a: All In
|-damage|p2a: All In|0 fnt
|faint|p2a: All In
|
|
|switch|p2a: Pro. Thomas|Slowking, F|290\/393 brn
|turn|28
|
|move|p1a: Sharpedo|Crunch|p2a: Pro. Thomas
|-supereffective|p2a: Pro. Thomas
|-enditem|p2a: Pro. Thomas|Colbur Berry|[eat]
|-damage|p2a: Pro. Thomas|4\/393 brn
|move|p2a: Pro. Thomas|Trick Room|p2a: Pro. Thomas
|-fieldstart|move: Trick Room|[of] p2a: Pro. Thomas
|
|-damage|p2a: Pro. Thomas|0 fnt|[from] brn
|faint|p2a: Pro. Thomas
|
|switch|p2a: TAKIN U PUNKS DWN|Pangoro, F|312\/394
|turn|29
|
|move|p1a: Sharpedo|Protect|p1a: Sharpedo
|-singleturn|p1a: Sharpedo|Protect
|move|p2a: TAKIN U PUNKS DWN|Hammer Arm|p1a: Sharpedo
|-activate|p1a: Sharpedo|Protect
|
|turn|30
|
|switch|p1a: Shaymin|Shaymin|328\/403
|-damage|p1a: Shaymin|278\/403|[from] Stealth Rock
|move|p2a: TAKIN U PUNKS DWN|Hammer Arm|p1a: Shaymin
|-damage|p1a: Shaymin|0 fnt
|-unboost|p2a: TAKIN U PUNKS DWN|spe|1
|faint|p1a: Shaymin
|
|
|switch|p1a: Sharpedo|Sharpedo-Mega, M|246\/281
|-damage|p1a: Sharpedo|211\/281|[from] Stealth Rock
|turn|31
|
|switch|p2a: IX Dirge|Steelix, F|291\/291
|move|p1a: Sharpedo|Protect|p1a: Sharpedo
|-fail|p1a: Sharpedo
|
|turn|32
|
|detailschange|p2a: IX Dirge|Steelix-Mega, F
|message|Steelix has Mega Evolved into Mega Steelix!
|move|p1a: Sharpedo|Protect|p1a: Sharpedo
|-singleturn|p1a: Sharpedo|Protect
|move|p2a: IX Dirge|Earthquake|p1a: Sharpedo
|-activate|p1a: Sharpedo|Protect
|
|-fieldend|move: Trick Room
|turn|33
|c|âSlurpuffite|c'mon, a flinch
|
|move|p1a: Sharpedo|Waterfall|p2a: IX Dirge
|-supereffective|p2a: IX Dirge
|-damage|p2a: IX Dirge|133\/291
|move|p2a: IX Dirge|Earthquake|p1a: Sharpedo
|-damage|p1a: Sharpedo|0 fnt
|faint|p1a: Sharpedo
|
|win|Beefcake Emperor
|raw|Ladder updating...
|raw|Slurpuffite's rating: 1609 &rarr; <strong>1580<\/strong><br \/>(-29 for losing)
|raw|Beefcake Emperor's rating: 1446 &rarr; <strong>1475<\/strong><br \/>(+29 for winning)
|leave|Slurpuffite
|player|p1