|join|Slurpuffite
|join|raglbeez
|player|p1|Slurpuffite|101
|player|p2|raglbeez|1
|gametype|singles
|gen|6
|tier|UU
|rated
|rule|Sleep Clause Mod: Limit one foe put to sleep
|rule|Species Clause: Limit one of each PokÃ©mon
|rule|OHKO Clause: OHKO moves are banned
|rule|Moody Clause: Moody is banned
|rule|Evasion Moves Clause: Evasion moves are banned
|rule|Endless Battle Clause: Forcing endless battles is banned
|rule|HP Percentage Mod: HP is shown in percentages
|clearpoke
|poke|p1|Lopunny, F
|poke|p1|Uxie
|poke|p1|Slurpuff, M
|poke|p1|Krookodile, M
|poke|p1|Nidoking, M
|poke|p1|Jirachi
|poke|p2|Azelf
|poke|p2|Roserade, F
|poke|p2|Suicune
|poke|p2|Lucario, F
|poke|p2|Arcanine, M
|poke|p2|Flygon, F
|rule|Swagger Clause: Swagger is banned
|rule|Baton Pass Clause: Limit one PokÃ©mon knowing Baton Pass
|teampreview
|
|start
|switch|p1a: Krookodile|Krookodile, M|394\/394
|switch|p2a: Azelf|Azelf|291\/291
|-ability|p1a: Krookodile|Intimidate|[of] p2a: Azelf
|-unboost|p2a: Azelf|atk|1
|turn|1
|
|move|p2a: Azelf|Stealth Rock|p1a: Krookodile
|-sidestart|p1: Slurpuffite|move: Stealth Rock
|move|p1a: Krookodile|Stealth Rock|p2a: Azelf
|-sidestart|p2: raglbeez|move: Stealth Rock
|
|turn|2
|
|move|p2a: Azelf|Knock Off|p1a: Krookodile
|-resisted|p1a: Krookodile
|-damage|p1a: Krookodile|363\/394
|-enditem|p1a: Krookodile|Leftovers|[from] move: Knock Off|[of] p2a: Azelf
|move|p1a: Krookodile|Knock Off|p2a: Azelf
|-supereffective|p2a: Azelf
|-enditem|p2a: Azelf|Focus Sash
|-damage|p2a: Azelf|1\/291
|
|turn|3
|join|VoD Lochie
|
|move|p1a: Krookodile|Protect|p1a: Krookodile
|-singleturn|p1a: Krookodile|Protect
|move|p2a: Azelf|Explosion|p1a: Krookodile
|-activate|p1a: Krookodile|Protect
|faint|p2a: Azelf
|
|join|chimpact
|
|switch|p2a: Roserade|Roserade, F|261\/261
|-damage|p2a: Roserade|229\/261|[from] Stealth Rock
|turn|4
|join|Lord Emvee
|
|move|p2a: Roserade|Spikes|p1a: Krookodile
|-sidestart|p1: Slurpuffite|Spikes
|move|p1a: Krookodile|Knock Off|p2a: Roserade
|-damage|p2a: Roserade|51\/261
|-enditem|p2a: Roserade|Life Orb|[from] move: Knock Off|[of] p1a: Krookodile
|
|turn|5
|join|Valentine
|
|switch|p1a: Jirachi|Jirachi|341\/341
|-damage|p1a: Jirachi|320\/341|[from] Stealth Rock
|-damage|p1a: Jirachi|278\/341|[from] Spikes
|move|p2a: Roserade|Giga Drain|p1a: Jirachi
|-resisted|p1a: Jirachi
|-damage|p1a: Jirachi|212\/341
|-heal|p2a: Roserade|84\/261|[from] drain|[of] p1a: Jirachi
|
|turn|6
|leave|chimpact
|join|THROWBACK
|
|move|p1a: Jirachi|Zen Headbutt|p2a: Roserade
|-supereffective|p2a: Roserade
|-damage|p2a: Roserade|0 fnt
|faint|p2a: Roserade
|
|leave|Lord Emvee
|
|switch|p2a: Arcanine|Arcanine, M|383\/383
|-damage|p2a: Arcanine|288\/383|[from] Stealth Rock
|-ability|p2a: Arcanine|Intimidate|[of] p1a: Jirachi
|-unboost|p1a: Jirachi|atk|1
|turn|7
|leave|Valentine
|
|move|p1a: Jirachi|Zen Headbutt|p2a: Arcanine
|-damage|p2a: Arcanine|221\/383
|move|p2a: Arcanine|Will-O-Wisp|p1a: Jirachi
|-status|p1a: Jirachi|brn
|
|-heal|p2a: Arcanine|244\/383|[from] item: Leftovers
|-damage|p1a: Jirachi|170\/341 brn|[from] brn
|turn|8
|
|switch|p1a: Krookodile|Krookodile, M|363\/394
|-damage|p1a: Krookodile|314\/394|[from] Spikes
|-damage|p1a: Krookodile|290\/394|[from] Stealth Rock
|-ability|p1a: Krookodile|Intimidate|[of] p2a: Arcanine
|-unboost|p2a: Arcanine|atk|1
|move|p2a: Arcanine|Morning Sun|p2a: Arcanine
|-heal|p2a: Arcanine|383\/383
|
|turn|9
|
|switch|p2a: Suicune|Suicune|404\/404
|-damage|p2a: Suicune|354\/404|[from] Stealth Rock
|-ability|p2a: Suicune|Pressure
|switch|p1a: Jirachi|Jirachi|170\/341 brn
|-damage|p1a: Jirachi|128\/341 brn|[from] Spikes
|-damage|p1a: Jirachi|107\/341 brn|[from] Stealth Rock
|
|-heal|p2a: Suicune|379\/404|[from] item: Leftovers
|-damage|p1a: Jirachi|65\/341 brn|[from] brn
|turn|10
|
|move|p1a: Jirachi|Trick|p2a: Suicune
|-activate|p1a: Jirachi|move: Trick|[of] p2a: Suicune
|-item|p2a: Suicune|Choice Scarf|[from] move: Trick
|-item|p1a: Jirachi|Leftovers|[from] move: Trick
|move|p2a: Suicune|Calm Mind|p2a: Suicune
|-boost|p2a: Suicune|spa|1
|-boost|p2a: Suicune|spd|1
|
|-heal|p1a: Jirachi|86\/341 brn|[from] item: Leftovers
|-damage|p1a: Jirachi|44\/341 brn|[from] brn
|turn|11
|
|switch|p2a: Lucario|Lucario, F|281\/281
|-damage|p2a: Lucario|273\/281|[from] Stealth Rock
|move|p1a: Jirachi|U-turn|p2a: Lucario
|-resisted|p2a: Lucario
|-damage|p2a: Lucario|262\/281
|
|switch|p1a: Krookodile|Krookodile, M|290\/394
|-damage|p1a: Krookodile|266\/394|[from] Stealth Rock
|-damage|p1a: Krookodile|217\/394|[from] Spikes
|-ability|p1a: Krookodile|Intimidate|[of] p2a: Lucario
|-unboost|p2a: Lucario|atk|1
|
|turn|12
|
|switch|p2a: Suicune|Suicune|379\/404
|-damage|p2a: Suicune|329\/404|[from] Stealth Rock
|-ability|p2a: Suicune|Pressure
|move|p1a: Krookodile|Earthquake|p2a: Suicune
|-damage|p2a: Suicune|232\/404
|
|turn|13
|
|move|p1a: Krookodile|Protect|p1a: Krookodile
|-singleturn|p1a: Krookodile|Protect
|move|p2a: Suicune|Scald|p1a: Krookodile
|-activate|p1a: Krookodile|Protect
|
|turn|14
|
|switch|p2a: Lucario|Lucario, F|262\/281
|-damage|p2a: Lucario|254\/281|[from] Stealth Rock
|switch|p1a: Jirachi|Jirachi|44\/341 brn
|-damage|p1a: Jirachi|23\/341 brn|[from] Stealth Rock
|-damage|p1a: Jirachi|0 fnt|[from] Spikes
|faint|p1a: Jirachi
|
|
|switch|p1a: Lopunny|Lopunny, F|271\/271
|-damage|p1a: Lopunny|238\/271|[from] Spikes
|-damage|p1a: Lopunny|205\/271|[from] Stealth Rock
|turn|15
|
|switch|p2a: Arcanine|Arcanine, M|383\/383
|-damage|p2a: Arcanine|288\/383|[from] Stealth Rock
|-ability|p2a: Arcanine|Intimidate|[of] p1a: Lopunny
|-unboost|p1a: Lopunny|atk|1
|detailschange|p1a: Lopunny|Lopunny-Mega, F
|message|Lopunny has Mega Evolved into Mega Lopunny!
|move|p1a: Lopunny|High Jump Kick|p2a: Arcanine
|-damage|p2a: Arcanine|150\/383
|
|-heal|p2a: Arcanine|173\/383|[from] item: Leftovers
|turn|16
|
|move|p1a: Lopunny|High Jump Kick|p2a: Arcanine
|-damage|p2a: Arcanine|34\/383
|move|p2a: Arcanine|Morning Sun|p2a: Arcanine
|-heal|p2a: Arcanine|225\/383
|
|-heal|p2a: Arcanine|248\/383|[from] item: Leftovers
|turn|17
|
|move|p1a: Lopunny|Encore|p2a: Arcanine
|-start|p2a: Arcanine|Encore
|move|p2a: Arcanine|Morning Sun|p2a: Arcanine
|-heal|p2a: Arcanine|383\/383
|
|turn|18
|
|switch|p2a: Suicune|Suicune|232\/404
|-damage|p2a: Suicune|182\/404|[from] Stealth Rock
|-ability|p2a: Suicune|Pressure
|move|p1a: Lopunny|High Jump Kick|p2a: Suicune
|-damage|p2a: Suicune|68\/404
|
|turn|19
|
|move|p1a: Lopunny|Return|p2a: Suicune
|-damage|p2a: Suicune|0 fnt
|faint|p2a: Suicune
|
|
|switch|p2a: Arcanine|Arcanine, M|383\/383
|-damage|p2a: Arcanine|288\/383|[from] Stealth Rock
|-ability|p2a: Arcanine|Intimidate|[of] p1a: Lopunny
|-unboost|p1a: Lopunny|atk|1
|turn|20
|
|switch|p1a: Nidoking|Nidoking, M|304\/304
|-damage|p1a: Nidoking|266\/304|[from] Spikes
|-damage|p1a: Nidoking|247\/304|[from] Stealth Rock
|move|p2a: Arcanine|Will-O-Wisp|p1a: Nidoking
|-status|p1a: Nidoking|brn
|
|-heal|p2a: Arcanine|311\/383|[from] item: Leftovers
|-damage|p1a: Nidoking|209\/304 brn|[from] brn
|turn|21
|
|switch|p2a: Flygon|Flygon, F|301\/301
|-damage|p2a: Flygon|283\/301|[from] Stealth Rock
|move|p1a: Nidoking|Sludge Wave|p2a: Flygon
|-resisted|p2a: Flygon
|-damage|p2a: Flygon|158\/301
|
|-damage|p1a: Nidoking|171\/304 brn|[from] brn
|turn|22
|
|switch|p1a: Krookodile|Krookodile, M|217\/394
|-damage|p1a: Krookodile|193\/394|[from] Stealth Rock
|-damage|p1a: Krookodile|144\/394|[from] Spikes
|-ability|p1a: Krookodile|Intimidate|[of] p2a: Flygon
|-unboost|p2a: Flygon|atk|1
|move|p2a: Flygon|U-turn|p1a: Krookodile
|-crit|p1a: Krookodile
|-supereffective|p1a: Krookodile
|-damage|p1a: Krookodile|0 fnt
|faint|p1a: Krookodile
|
|switch|p2a: Lucario|Lucario, F|254\/281
|-damage|p2a: Lucario|246\/281|[from] Stealth Rock
|
|leave|THROWBACK
|leave|VoD Lochie
|
|switch|p1a: Lopunny|Lopunny-Mega, F|205\/271
|-damage|p1a: Lopunny|189\/271|[from] Stealth Rock
|-damage|p1a: Lopunny|156\/271|[from] Spikes
|turn|23
|
|switch|p2a: Arcanine|Arcanine, M|311\/383
|-damage|p2a: Arcanine|216\/383|[from] Stealth Rock
|-ability|p2a: Arcanine|Intimidate|[of] p1a: Lopunny
|-unboost|p1a: Lopunny|atk|1
|move|p1a: Lopunny|Fire Punch|p2a: Arcanine
|-resisted|p2a: Arcanine
|-damage|p2a: Arcanine|192\/383
|
|-heal|p2a: Arcanine|215\/383|[from] item: Leftovers
|turn|24
|
|move|p1a: Lopunny|High Jump Kick|p2a: Arcanine
|-damage|p2a: Arcanine|86\/383
|move|p2a: Arcanine|Morning Sun|p2a: Arcanine
|-heal|p2a: Arcanine|277\/383
|
|-heal|p2a: Arcanine|300\/383|[from] item: Leftovers
|turn|25
|
|switch|p2a: Lucario|Lucario, F|246\/281
|-damage|p2a: Lucario|238\/281|[from] Stealth Rock
|move|p1a: Lopunny|Return|p2a: Lucario
|-resisted|p2a: Lucario
|-damage|p2a: Lucario|152\/281
|
|turn|26
|
|switch|p2a: Arcanine|Arcanine, M|300\/383
|-damage|p2a: Arcanine|205\/383|[from] Stealth Rock
|-ability|p2a: Arcanine|Intimidate|[of] p1a: Lopunny
|-unboost|p1a: Lopunny|atk|1
|move|p1a: Lopunny|High Jump Kick|p2a: Arcanine
|-damage|p2a: Arcanine|99\/383
|
|-heal|p2a: Arcanine|122\/383|[from] item: Leftovers
|turn|27
|
|move|p1a: Lopunny|High Jump Kick|p2a: Arcanine
|-damage|p2a: Arcanine|20\/383
|move|p2a: Arcanine|Will-O-Wisp|p1a: Lopunny
|-status|p1a: Lopunny|brn
|
|-heal|p2a: Arcanine|43\/383|[from] item: Leftovers
|-damage|p1a: Lopunny|123\/271 brn|[from] brn
|turn|28
|
|move|p1a: Lopunny|High Jump Kick|p2a: Arcanine
|-damage|p2a: Arcanine|0 fnt
|faint|p2a: Arcanine
|
|-damage|p1a: Lopunny|90\/271 brn|[from] brn
|
|switch|p2a: Lucario|Lucario, F|152\/281
|-damage|p2a: Lucario|144\/281|[from] Stealth Rock
|turn|29
|
|move|p1a: Lopunny|High Jump Kick|p2a: Lucario
|-supereffective|p2a: Lucario
|-damage|p2a: Lucario|0 fnt
|faint|p2a: Lucario
|
|-damage|p1a: Lopunny|57\/271 brn|[from] brn
|
|switch|p2a: Flygon|Flygon, F|158\/301
|-damage|p2a: Flygon|140\/301|[from] Stealth Rock
|turn|30
|
|move|p2a: Flygon|Outrage|p1a: Lopunny
|-damage|p1a: Lopunny|0 fnt
|faint|p1a: Lopunny
|
|c|âSlurpuffite|gg
|
|switch|p1a: Nidoking|Nidoking, M|171\/304 brn
|-damage|p1a: Nidoking|133\/304 brn|[from] Spikes
|-damage|p1a: Nidoking|114\/304 brn|[from] Stealth Rock
|turn|31
|c|âraglbeez|gg
|
|move|p2a: Flygon|Outrage|p1a: Nidoking
|-damage|p1a: Nidoking|0 fnt
|faint|p1a: Nidoking
|
|
|switch|p1a: Slurpuff|Slurpuff, M|306\/306
|-damage|p1a: Slurpuff|268\/306|[from] Stealth Rock
|-damage|p1a: Slurpuff|230\/306|[from] Spikes
|turn|32
|
|move|p2a: Flygon|Outrage|p1a: Slurpuff
|-immune|p1a: Slurpuff|[msg]
|move|p1a: Slurpuff|Play Rough|p2a: Flygon
|-supereffective|p2a: Flygon
|-damage|p2a: Flygon|0 fnt
|faint|p2a: Flygon
|
|win|Slurpuffite
|raw|Ladder updating...
|raw|Slurpuffite's rating: 1409 &rarr; <strong>1425<\/strong><br \/>(+16 for winning)
|raw|raglbeez's rating: 1324 &rarr; <strong>1309<\/strong><br \/>(-15 for losing)