|join|Slurpuffite
|join|exenderile
|player|p1|Slurpuffite|265
|player|p2|exenderile|2
|gametype|singles
|gen|6
|tier|UU
|rated
|rule|Sleep Clause Mod: Limit one foe put to sleep
|rule|Species Clause: Limit one of each PokÃ©mon
|rule|OHKO Clause: OHKO moves are banned
|rule|Moody Clause: Moody is banned
|rule|Evasion Moves Clause: Evasion moves are banned
|rule|Endless Battle Clause: Forcing endless battles is banned
|rule|HP Percentage Mod: HP is shown in percentages
|clearpoke
|poke|p1|Sharpedo, F
|poke|p1|Shaymin
|poke|p1|Meloetta
|poke|p1|Krookodile, F
|poke|p1|Nidoking, M
|poke|p1|Jirachi
|poke|p2|Chandelure, F
|poke|p2|Krookodile, F
|poke|p2|Forretress, F
|poke|p2|Beedrill, F
|poke|p2|Raikou
|poke|p2|Suicune
|rule|Swagger Clause: Swagger is banned
|rule|Baton Pass Clause: Limit one PokÃ©mon knowing Baton Pass
|teampreview
|
|start
|switch|p1a: Krookodile|Krookodile, F|394\/394
|switch|p2a: Krookodile|Krookodile, F|332\/332
|-ability|p1a: Krookodile|Intimidate|[of] p2a: Krookodile
|-unboost|p2a: Krookodile|atk|1
|turn|1
|
|switch|p2a: Suicune|Suicune|404\/404
|-ability|p2a: Suicune|Pressure
|move|p1a: Krookodile|Knock Off|p2a: Suicune
|-damage|p2a: Suicune|313\/404
|-enditem|p2a: Suicune|Leftovers|[from] move: Knock Off|[of] p1a: Krookodile
|
|turn|2
|
|switch|p1a: Shaymin|Shaymin|404\/404
|move|p2a: Suicune|Calm Mind|p2a: Suicune
|-boost|p2a: Suicune|spa|1
|-boost|p2a: Suicune|spd|1
|
|turn|3
|
|switch|p2a: Beedrill|Beedrill, F|272\/272
|move|p1a: Shaymin|Seed Flare|p2a: Beedrill
|-resisted|p2a: Beedrill
|-damage|p2a: Beedrill|215\/272
|-unboost|p2a: Beedrill|spd|2
|
|turn|4
|
|switch|p1a: Jirachi|Jirachi|341\/341
|detailschange|p2a: Beedrill|Beedrill-Mega, F
|message|Beedrill has Mega Evolved into Mega Beedrill!
|move|p2a: Beedrill|U-turn|p1a: Jirachi
|-damage|p1a: Jirachi|165\/341
|
|switch|p2a: Krookodile|Krookodile, F|332\/332
|
|turn|5
|
|move|p1a: Jirachi|U-turn|p2a: Krookodile
|-supereffective|p2a: Krookodile
|-damage|p2a: Krookodile|176\/332
|
|switch|p1a: Krookodile|Krookodile, F|394\/394
|-ability|p1a: Krookodile|Intimidate|[of] p2a: Krookodile
|-unboost|p2a: Krookodile|atk|1
|move|p2a: Krookodile|Earthquake|p1a: Krookodile
|-damage|p1a: Krookodile|298\/394
|
|-heal|p1a: Krookodile|322\/394|[from] item: Leftovers
|turn|6
|
|switch|p2a: Suicune|Suicune|313\/404
|-ability|p2a: Suicune|Pressure
|move|p1a: Krookodile|Stealth Rock|p2a: Suicune
|-sidestart|p2: exenderile|move: Stealth Rock
|
|-heal|p1a: Krookodile|346\/394|[from] item: Leftovers
|turn|7
|
|switch|p1a: Shaymin|Shaymin|404\/404
|move|p2a: Suicune|Scald|p1a: Shaymin
|-resisted|p1a: Shaymin
|-damage|p1a: Shaymin|359\/404
|
|-heal|p1a: Shaymin|384\/404|[from] item: Leftovers
|turn|8
|
|switch|p2a: Raikou|Raikou|321\/321
|-damage|p2a: Raikou|281\/321|[from] Stealth Rock
|-ability|p2a: Raikou|Pressure
|move|p1a: Shaymin|Earth Power|p2a: Raikou
|-supereffective|p2a: Raikou
|-damage|p2a: Raikou|181\/321
|-unboost|p2a: Raikou|spd|1
|
|-heal|p1a: Shaymin|404\/404|[from] item: Leftovers
|turn|9
|
|switch|p2a: Chandelure|Chandelure, F|324\/324
|-damage|p2a: Chandelure|243\/324|[from] Stealth Rock
|-item|p2a: Chandelure|Air Balloon
|move|p1a: Shaymin|Earth Power|p2a: Chandelure
|-immune|p2a: Chandelure|[msg]
|
|turn|10
|
|switch|p1a: Sharpedo|Sharpedo, F|281\/281
|move|p2a: Chandelure|Flamethrower|p1a: Sharpedo
|-resisted|p1a: Sharpedo
|-damage|p1a: Sharpedo|91\/281
|
|turn|11
|
|switch|p2a: Suicune|Suicune|313\/404
|-damage|p2a: Suicune|263\/404|[from] Stealth Rock
|-ability|p2a: Suicune|Pressure
|move|p1a: Sharpedo|Crunch|p2a: Suicune
|-crit|p2a: Suicune
|-damage|p2a: Suicune|109\/404
|
|-boost|p1a: Sharpedo|spe|1|[from] ability: Speed Boost
|turn|12
|
|switch|p2a: Forretress|Forretress, F|354\/354
|-damage|p2a: Forretress|310\/354|[from] Stealth Rock
|move|p1a: Sharpedo|Crunch|p2a: Forretress
|-damage|p2a: Forretress|231\/354
|-enditem|p2a: Forretress|Red Card|[of] p1a: Sharpedo
|drag|p1a: Krookodile|Krookodile, F|346\/394
|-ability|p1a: Krookodile|Intimidate|[of] p2a: Forretress
|-unboost|p2a: Forretress|atk|1
|
|-heal|p1a: Krookodile|370\/394|[from] item: Leftovers
|turn|13
|
|switch|p1a: Nidoking|Nidoking, M|304\/304
|move|p2a: Forretress|Stealth Rock|p1a: Nidoking
|-sidestart|p1: Slurpuffite|move: Stealth Rock
|
|turn|14
|
|move|p1a: Nidoking|Sludge Wave|p2a: Forretress
|-immune|p2a: Forretress|[msg]
|move|p2a: Forretress|Rapid Spin|p1a: Nidoking
|-damage|p1a: Nidoking|292\/304
|-sideend|p2: exenderile|Stealth Rock|[from] move: Rapid Spin|[of] p2a: Forretress
|
|turn|15
|
|move|p1a: Nidoking|Earth Power|p2a: Forretress
|-damage|p2a: Forretress|0 fnt
|faint|p2a: Forretress
|
|
|switch|p2a: Krookodile|Krookodile, F|176\/332
|turn|16
|
|switch|p1a: Krookodile|Krookodile, F|370\/394
|-damage|p1a: Krookodile|346\/394|[from] Stealth Rock
|-ability|p1a: Krookodile|Intimidate|[of] p2a: Krookodile
|-unboost|p2a: Krookodile|atk|1
|move|p2a: Krookodile|Earthquake|p1a: Krookodile
|-damage|p1a: Krookodile|252\/394
|
|-heal|p1a: Krookodile|276\/394|[from] item: Leftovers
|turn|17
|
|switch|p2a: Beedrill|Beedrill-Mega, F|215\/272
|move|p1a: Krookodile|Stealth Rock|p2a: Beedrill
|-sidestart|p2: exenderile|move: Stealth Rock
|
|-heal|p1a: Krookodile|300\/394|[from] item: Leftovers
|turn|18
|
|move|p1a: Krookodile|Protect|p1a: Krookodile
|-singleturn|p1a: Krookodile|Protect
|move|p2a: Beedrill|U-turn|p1a: Krookodile
|-activate|p1a: Krookodile|Protect
|
|-heal|p1a: Krookodile|324\/394|[from] item: Leftovers
|turn|19
|
|switch|p1a: Nidoking|Nidoking, M|292\/304
|-damage|p1a: Nidoking|273\/304|[from] Stealth Rock
|move|p2a: Beedrill|U-turn|p1a: Nidoking
|-resisted|p1a: Nidoking
|-damage|p1a: Nidoking|160\/304
|
|switch|p2a: Raikou|Raikou|181\/321
|-damage|p2a: Raikou|141\/321|[from] Stealth Rock
|-ability|p2a: Raikou|Pressure
|
|turn|20
|
|move|p1a: Nidoking|Sludge Wave|p2a: Raikou
|-damage|p2a: Raikou|16\/321
|move|p2a: Raikou|Extrasensory|p1a: Nidoking
|-supereffective|p1a: Nidoking
|-damage|p1a: Nidoking|0 fnt
|faint|p1a: Nidoking
|
|
|switch|p1a: Jirachi|Jirachi|165\/341
|-damage|p1a: Jirachi|144\/341|[from] Stealth Rock
|turn|21
|
|move|p1a: Jirachi|U-turn|p2a: Raikou
|-damage|p2a: Raikou|0 fnt
|faint|p2a: Raikou
|
|switch|p1a: Meloetta|Meloetta|341\/341
|-damage|p1a: Meloetta|299\/341|[from] Stealth Rock
|
|-heal|p1a: Meloetta|320\/341|[from] item: Leftovers
|
|switch|p2a: Krookodile|Krookodile, F|176\/332
|-damage|p2a: Krookodile|156\/332|[from] Stealth Rock
|turn|22
|
|move|p2a: Krookodile|Knock Off|p1a: Meloetta
|-supereffective|p1a: Meloetta
|-damage|p1a: Meloetta|0 fnt
|-enditem|p1a: Meloetta|Leftovers|[from] move: Knock Off|[of] p2a: Krookodile
|faint|p1a: Meloetta
|-boost|p2a: Krookodile|atk|1|[from] ability: Moxie
|
|
|switch|p1a: Jirachi|Jirachi|144\/341
|-damage|p1a: Jirachi|123\/341|[from] Stealth Rock
|turn|23
|
|move|p1a: Jirachi|U-turn|p2a: Krookodile
|-supereffective|p2a: Krookodile
|-damage|p2a: Krookodile|0 fnt
|faint|p2a: Krookodile
|
|switch|p1a: Sharpedo|Sharpedo, F|91\/281
|-damage|p1a: Sharpedo|56\/281|[from] Stealth Rock
|
|
|switch|p2a: Beedrill|Beedrill-Mega, F|215\/272
|-damage|p2a: Beedrill|147\/272|[from] Stealth Rock
|turn|24
|
|move|p1a: Sharpedo|Protect|p1a: Sharpedo
|-singleturn|p1a: Sharpedo|Protect
|move|p2a: Beedrill|U-turn|p1a: Sharpedo
|-activate|p1a: Sharpedo|Protect
|
|-boost|p1a: Sharpedo|spe|1|[from] ability: Speed Boost
|turn|25
|
|detailschange|p1a: Sharpedo|Sharpedo-Mega, F
|message|Sharpedo has Mega Evolved into Mega Sharpedo!
|move|p1a: Sharpedo|Waterfall|p2a: Beedrill
|-damage|p2a: Beedrill|0 fnt
|faint|p2a: Beedrill
|
|
|switch|p2a: Suicune|Suicune|109\/404
|-damage|p2a: Suicune|59\/404|[from] Stealth Rock
|-ability|p2a: Suicune|Pressure
|turn|26
|
|move|p1a: Sharpedo|Crunch|p2a: Suicune
|-damage|p2a: Suicune|0 fnt
|faint|p2a: Suicune
|
|c|âSlurpuffite|good game :)
|
|switch|p2a: Chandelure|Chandelure, F|243\/324
|-damage|p2a: Chandelure|162\/324|[from] Stealth Rock
|-item|p2a: Chandelure|Air Balloon
|turn|27
|
|move|p1a: Sharpedo|Crunch|p2a: Chandelure
|-supereffective|p2a: Chandelure
|-damage|p2a: Chandelure|0 fnt
|-enditem|p2a: Chandelure|Air Balloon
|faint|p2a: Chandelure
|
|win|Slurpuffite
|raw|Ladder updating...
|raw|Slurpuffite's rating: 1521 &rarr; <strong>1535<\/strong><br \/>(+14 for winning)
|raw|exenderile's rating: 1410 &rarr; <strong>1396<\/strong><br \/>(-14 for losing)