|join|Slurpuffite
|join|VwVwV
|player|p1|Slurpuffite|1
|player|p2|VwVwV|130
|gametype|singles
|gen|6
|tier|UU
|rated
|rule|Sleep Clause Mod: Limit one foe put to sleep
|rule|Species Clause: Limit one of each PokÃ©mon
|rule|OHKO Clause: OHKO moves are banned
|rule|Moody Clause: Moody is banned
|rule|Evasion Moves Clause: Evasion moves are banned
|rule|Endless Battle Clause: Forcing endless battles is banned
|rule|HP Percentage Mod: HP is shown in percentages
|clearpoke
|poke|p1|Camerupt, M
|poke|p1|Slurpuff, F
|poke|p1|Bronzong
|poke|p1|Uxie
|poke|p1|Crobat, F
|poke|p1|Dragalge, F
|poke|p2|Forretress, M
|poke|p2|Umbreon, F
|poke|p2|Arcanine, F
|poke|p2|Lopunny, F
|poke|p2|Quagsire, F
|poke|p2|Noivern, M
|rule|Swagger Clause: Swagger is banned
|rule|Baton Pass Clause: Limit one PokÃ©mon knowing Baton Pass
|teampreview
|
|start
|switch|p1a: Dragalge|Dragalge, F|334\/334
|switch|p2a: Noivern|Noivern, M|311\/311
|turn|1
|
|switch|p1a: Bronzong|Bronzong|338\/338
|move|p2a: Noivern|U-turn|p1a: Bronzong
|-damage|p1a: Bronzong|298\/338
|
|switch|p2a: Arcanine|Arcanine, F|321\/321
|
|turn|2
|
|switch|p1a: Dragalge|Dragalge, F|334\/334
|move|p2a: Arcanine|Flare Blitz|p1a: Dragalge
|-resisted|p1a: Dragalge
|-damage|p1a: Dragalge|168\/334
|-damage|p2a: Arcanine|266\/321|[from] recoil|[of] p1a: Dragalge
|
|turn|3
|
|move|p2a: Arcanine|Flare Blitz|p1a: Dragalge
|-resisted|p1a: Dragalge
|-damage|p1a: Dragalge|20\/334
|-status|p1a: Dragalge|brn
|-damage|p2a: Arcanine|217\/321|[from] recoil|[of] p1a: Dragalge
|move|p1a: Dragalge|Draco Meteor|p2a: Arcanine
|-damage|p2a: Arcanine|0 fnt
|-unboost|p1a: Dragalge|spa|2
|-damage|p1a: Dragalge|0 fnt|[from] item: Life Orb
|faint|p2a: Arcanine
|faint|p1a: Dragalge
|
|
|switch|p2a: Noivern|Noivern, M|311\/311
|switch|p1a: Camerupt|Camerupt, M|344\/344
|turn|4
|
|switch|p1a: Bronzong|Bronzong|298\/338
|move|p2a: Noivern|U-turn|p1a: Bronzong
|-damage|p1a: Bronzong|258\/338
|
|switch|p2a: Quagsire|Quagsire, F|394\/394
|
|turn|5
|
|move|p2a: Quagsire|Scald|p1a: Bronzong
|-damage|p1a: Bronzong|212\/338
|move|p1a: Bronzong|Stealth Rock|p2a: Quagsire
|-sidestart|p2: VwVwV|move: Stealth Rock
|
|turn|6
|
|switch|p1a: Crobat|Crobat, F|373\/373
|move|p2a: Quagsire|Scald|p1a: Crobat
|-damage|p1a: Crobat|294\/373
|
|-heal|p1a: Crobat|317\/373|[from] item: Black Sludge
|turn|7
|
|switch|p2a: Forretress|Forretress, M|353\/353
|-damage|p2a: Forretress|309\/353|[from] Stealth Rock
|move|p1a: Crobat|Brave Bird|p2a: Forretress
|-damage|p2a: Forretress|210\/353
|-damage|p1a: Crobat|284\/373|[from] recoil|[of] p2a: Forretress
|
|-heal|p1a: Crobat|307\/373|[from] item: Black Sludge
|-heal|p2a: Forretress|232\/353|[from] item: Leftovers
|turn|8
|
|move|p1a: Crobat|Taunt|p2a: Forretress
|-start|p2a: Forretress|move: Taunt
|cant|p2a: Forretress|move: Taunt|Stealth Rock
|
|-heal|p1a: Crobat|330\/373|[from] item: Black Sludge
|-heal|p2a: Forretress|254\/353|[from] item: Leftovers
|turn|9
|
|switch|p1a: Camerupt|Camerupt, M|344\/344
|move|p2a: Forretress|Rapid Spin|p1a: Camerupt
|-damage|p1a: Camerupt|326\/344
|-sideend|p2: VwVwV|Stealth Rock|[from] move: Rapid Spin|[of] p2a: Forretress
|
|-heal|p2a: Forretress|276\/353|[from] item: Leftovers
|turn|10
|
|switch|p2a: Umbreon|Umbreon, F|394\/394
|detailschange|p1a: Camerupt|Camerupt-Mega, M
|message|Camerupt has Mega Evolved into Mega Camerupt!
|move|p1a: Camerupt|Will-O-Wisp|p2a: Umbreon
|-status|p2a: Umbreon|brn
|
|-damage|p2a: Umbreon|345\/394 brn|[from] brn
|turn|11
|
|move|p2a: Umbreon|Heal Bell|p2a: Umbreon
|-cureteam|p2a: Umbreon|[from] move: HealBell
|move|p1a: Camerupt|Earth Power|p2a: Umbreon
|-damage|p2a: Umbreon|207\/394
|
|-heal|p2a: Umbreon|231\/394|[from] item: Leftovers
|turn|12
|
|move|p2a: Umbreon|Wish|p2a: Umbreon
|move|p1a: Camerupt|Will-O-Wisp|p2a: Umbreon
|-status|p2a: Umbreon|brn
|
|-heal|p2a: Umbreon|255\/394 brn|[from] item: Leftovers
|-damage|p2a: Umbreon|206\/394 brn|[from] brn
|turn|13
|
|move|p2a: Umbreon|Heal Bell|p2a: Umbreon
|-cureteam|p2a: Umbreon|[from] move: HealBell
|move|p1a: Camerupt|Will-O-Wisp|p2a: Umbreon
|-status|p2a: Umbreon|brn
|
|-heal|p2a: Umbreon|394\/394 brn|[from] move: Wish|[wisher] Umbreon
|-damage|p2a: Umbreon|345\/394 brn|[from] brn
|turn|14
|
|move|p2a: Umbreon|Wish|p2a: Umbreon
|move|p1a: Camerupt|Will-O-Wisp|p2a: Umbreon
|-fail|p2a: Umbreon|brn
|
|-heal|p2a: Umbreon|369\/394 brn|[from] item: Leftovers
|-damage|p2a: Umbreon|320\/394 brn|[from] brn
|turn|15
|
|move|p2a: Umbreon|Foul Play|p1a: Camerupt
|-damage|p1a: Camerupt|272\/344
|move|p1a: Camerupt|Will-O-Wisp|p2a: Umbreon
|-fail|p2a: Umbreon|brn
|
|-heal|p2a: Umbreon|394\/394 brn|[from] move: Wish|[wisher] Umbreon
|-damage|p2a: Umbreon|345\/394 brn|[from] brn
|turn|16
|
|move|p2a: Umbreon|Wish|p2a: Umbreon
|move|p1a: Camerupt|Flamethrower|p2a: Umbreon
|-damage|p2a: Umbreon|188\/394 brn
|
|-heal|p2a: Umbreon|212\/394 brn|[from] item: Leftovers
|-damage|p2a: Umbreon|163\/394 brn|[from] brn
|turn|17
|
|move|p2a: Umbreon|Heal Bell|p2a: Umbreon
|-cureteam|p2a: Umbreon|[from] move: HealBell
|move|p1a: Camerupt|Flamethrower|p2a: Umbreon
|-damage|p2a: Umbreon|18\/394
|
|-heal|p2a: Umbreon|215\/394|[from] move: Wish|[wisher] Umbreon
|-heal|p2a: Umbreon|239\/394|[from] item: Leftovers
|turn|18
|
|move|p2a: Umbreon|Protect|p2a: Umbreon
|-singleturn|p2a: Umbreon|Protect
|move|p1a: Camerupt|Flamethrower|p2a: Umbreon
|-activate|p2a: Umbreon|Protect
|
|-heal|p2a: Umbreon|263\/394|[from] item: Leftovers
|turn|19
|
|move|p2a: Umbreon|Wish|p2a: Umbreon
|move|p1a: Camerupt|Will-O-Wisp|p2a: Umbreon
|-status|p2a: Umbreon|brn
|
|-heal|p2a: Umbreon|287\/394 brn|[from] item: Leftovers
|-damage|p2a: Umbreon|238\/394 brn|[from] brn
|turn|20
|
|move|p2a: Umbreon|Foul Play|p1a: Camerupt
|-damage|p1a: Camerupt|209\/344
|move|p1a: Camerupt|Flamethrower|p2a: Umbreon
|-damage|p2a: Umbreon|99\/394 brn
|
|-heal|p2a: Umbreon|296\/394 brn|[from] move: Wish|[wisher] Umbreon
|-heal|p2a: Umbreon|320\/394 brn|[from] item: Leftovers
|-damage|p2a: Umbreon|271\/394 brn|[from] brn
|turn|21
|
|move|p2a: Umbreon|Protect|p2a: Umbreon
|-singleturn|p2a: Umbreon|Protect
|move|p1a: Camerupt|Flamethrower|p2a: Umbreon
|-activate|p2a: Umbreon|Protect
|
|-heal|p2a: Umbreon|295\/394 brn|[from] item: Leftovers
|-damage|p2a: Umbreon|246\/394 brn|[from] brn
|turn|22
|
|move|p2a: Umbreon|Wish|p2a: Umbreon
|move|p1a: Camerupt|Flamethrower|p2a: Umbreon
|-damage|p2a: Umbreon|90\/394 brn
|
|-heal|p2a: Umbreon|114\/394 brn|[from] item: Leftovers
|-damage|p2a: Umbreon|65\/394 brn|[from] brn
|turn|23
|
|move|p2a: Umbreon|Protect|p2a: Umbreon
|-singleturn|p2a: Umbreon|Protect
|move|p1a: Camerupt|Earth Power|p2a: Umbreon
|-activate|p2a: Umbreon|Protect
|
|-heal|p2a: Umbreon|262\/394 brn|[from] move: Wish|[wisher] Umbreon
|-heal|p2a: Umbreon|286\/394 brn|[from] item: Leftovers
|-damage|p2a: Umbreon|237\/394 brn|[from] brn
|turn|24
|
|move|p2a: Umbreon|Wish|p2a: Umbreon
|move|p1a: Camerupt|Flamethrower|p2a: Umbreon
|-damage|p2a: Umbreon|90\/394 brn
|
|-heal|p2a: Umbreon|114\/394 brn|[from] item: Leftovers
|-damage|p2a: Umbreon|65\/394 brn|[from] brn
|turn|25
|
|move|p2a: Umbreon|Protect|p2a: Umbreon
|-singleturn|p2a: Umbreon|Protect
|move|p1a: Camerupt|Earth Power|p2a: Umbreon
|-activate|p2a: Umbreon|Protect
|
|-heal|p2a: Umbreon|262\/394 brn|[from] move: Wish|[wisher] Umbreon
|-heal|p2a: Umbreon|286\/394 brn|[from] item: Leftovers
|-damage|p2a: Umbreon|237\/394 brn|[from] brn
|turn|26
|
|switch|p2a: Noivern|Noivern, M|311\/311
|move|p1a: Camerupt|Flamethrower|p2a: Noivern
|-resisted|p2a: Noivern
|-damage|p2a: Noivern|163\/311
|
|turn|27
|
|switch|p1a: Bronzong|Bronzong|212\/338
|move|p2a: Noivern|Draco Meteor|p1a: Bronzong
|-resisted|p1a: Bronzong
|-damage|p1a: Bronzong|118\/338
|-unboost|p2a: Noivern|spa|2
|
|turn|28
|
|switch|p2a: Forretress|Forretress, M|276\/353
|move|p1a: Bronzong|Trick Room|p1a: Bronzong
|-fieldstart|move: Trick Room|[of] p1a: Bronzong
|
|-heal|p2a: Forretress|298\/353|[from] item: Leftovers
|turn|29
|
|move|p1a: Bronzong|Explosion|p2a: Forretress
|-enditem|p1a: Bronzong|Normal Gem|[from] gem|[move] Explosion
|-resisted|p2a: Forretress
|-damage|p2a: Forretress|212\/353
|faint|p1a: Bronzong
|move|p2a: Forretress|Stealth Rock|p1: Bronzong
|-sidestart|p1: Slurpuffite|move: Stealth Rock
|
|-heal|p2a: Forretress|234\/353|[from] item: Leftovers
|
|switch|p1a: Camerupt|Camerupt-Mega, M|209\/344
|-damage|p1a: Camerupt|166\/344|[from] Stealth Rock
|turn|30
|
|move|p1a: Camerupt|Flamethrower|p2a: Forretress
|-supereffective|p2a: Forretress
|-damage|p2a: Forretress|0 fnt
|faint|p2a: Forretress
|
|
|switch|p2a: Quagsire|Quagsire, F|394\/394
|turn|31
|
|move|p1a: Camerupt|Will-O-Wisp|p2a: Quagsire
|-status|p2a: Quagsire|brn
|move|p2a: Quagsire|Scald|p1a: Camerupt
|-supereffective|p1a: Camerupt
|-damage|p1a: Camerupt|0 fnt
|faint|p1a: Camerupt
|
|-damage|p2a: Quagsire|345\/394 brn|[from] brn
|
|switch|p1a: Crobat|Crobat, F|330\/373
|-damage|p1a: Crobat|237\/373|[from] Stealth Rock
|turn|32
|
|move|p2a: Quagsire|Scald|p1a: Crobat
|-damage|p1a: Crobat|156\/373
|move|p1a: Crobat|Defog|p2a: Quagsire
|-unboost|p2a: Quagsire|evasion|1
|-sideend|p1: Slurpuffite|Stealth Rock|[from] move: Defog|[of] p1a: Crobat
|
|-heal|p2a: Quagsire|369\/394 brn|[from] item: Leftovers
|-heal|p1a: Crobat|179\/373|[from] item: Black Sludge
|-damage|p2a: Quagsire|320\/394 brn|[from] brn
|-fieldend|move: Trick Room
|turn|33
|
|move|p1a: Crobat|Roost|p1a: Crobat
|-heal|p1a: Crobat|366\/373
|move|p2a: Quagsire|Scald|p1a: Crobat
|-damage|p1a: Crobat|290\/373
|-status|p1a: Crobat|brn
|
|-heal|p1a: Crobat|313\/373 brn|[from] item: Black Sludge
|-heal|p2a: Quagsire|344\/394 brn|[from] item: Leftovers
|-damage|p1a: Crobat|267\/373 brn|[from] brn
|-damage|p2a: Quagsire|295\/394 brn|[from] brn
|turn|34
|
|move|p1a: Crobat|Taunt|p2a: Quagsire
|-start|p2a: Quagsire|move: Taunt
|move|p2a: Quagsire|Scald|p1a: Crobat
|-damage|p1a: Crobat|186\/373 brn
|
|-heal|p1a: Crobat|209\/373 brn|[from] item: Black Sludge
|-heal|p2a: Quagsire|319\/394 brn|[from] item: Leftovers
|-damage|p1a: Crobat|163\/373 brn|[from] brn
|-damage|p2a: Quagsire|270\/394 brn|[from] brn
|turn|35
|
|switch|p2a: Lopunny|Lopunny, F|272\/272
|move|p1a: Crobat|Roost|p1a: Crobat
|-heal|p1a: Crobat|350\/373 brn
|
|-heal|p1a: Crobat|373\/373 brn|[from] item: Black Sludge
|-damage|p1a: Crobat|327\/373 brn|[from] brn
|turn|36
|
|detailschange|p2a: Lopunny|Lopunny-Mega, F
|message|Lopunny has Mega Evolved into Mega Lopunny!
|move|p2a: Lopunny|Fake Out|p1a: Crobat
|-damage|p1a: Crobat|236\/373 brn
|cant|p1a: Crobat|flinch
|
|-heal|p1a: Crobat|259\/373 brn|[from] item: Black Sludge
|-damage|p1a: Crobat|213\/373 brn|[from] brn
|turn|37
|
|move|p1a: Crobat|Roost|p1a: Crobat
|-heal|p1a: Crobat|373\/373 brn
|move|p2a: Lopunny|Last Resort|p1a: Crobat
|-damage|p1a: Crobat|57\/373 brn
|
|-heal|p1a: Crobat|80\/373 brn|[from] item: Black Sludge
|-damage|p1a: Crobat|34\/373 brn|[from] brn
|turn|38
|
|move|p1a: Crobat|Brave Bird|p2a: Lopunny
|-supereffective|p2a: Lopunny
|-damage|p2a: Lopunny|126\/272
|-damage|p1a: Crobat|0 fnt|[from] recoil|[of] p2a: Lopunny
|faint|p1a: Crobat
|move|p2a: Lopunny|Last Resort|p1: Crobat|[notarget]
|-notarget
|
|
|switch|p1a: Uxie|Uxie|354\/354
|turn|39
|
|switch|p2a: Umbreon|Umbreon, F|237\/394 brn
|move|p1a: Uxie|Reflect|p1a: Uxie
|-sidestart|p1: Slurpuffite|Reflect
|
|-heal|p2a: Umbreon|261\/394 brn|[from] item: Leftovers
|-damage|p2a: Umbreon|212\/394 brn|[from] brn
|turn|40
|
|move|p1a: Uxie|Safeguard|p1a: Uxie
|-sidestart|p1: Slurpuffite|Safeguard
|move|p2a: Umbreon|Heal Bell|p2a: Umbreon
|-cureteam|p2a: Umbreon|[from] move: HealBell
|
|-heal|p2a: Umbreon|236\/394|[from] item: Leftovers
|turn|41
|
|move|p1a: Uxie|Memento|p2a: Umbreon
|-unboost|p2a: Umbreon|atk|2
|-unboost|p2a: Umbreon|spa|2
|faint|p1a: Uxie
|move|p2a: Umbreon|Wish|p2a: Umbreon
|
|-heal|p2a: Umbreon|260\/394|[from] item: Leftovers
|
|switch|p1a: Slurpuff|Slurpuff, F|304\/304
|turn|42
|
|switch|p2a: Noivern|Noivern, M|163\/311
|move|p1a: Slurpuff|Belly Drum|p1a: Slurpuff
|-damage|p1a: Slurpuff|152\/304
|-setboost|p1a: Slurpuff|atk|6|[from] move: Belly Drum
|-enditem|p1a: Slurpuff|Sitrus Berry|[eat]
|-heal|p1a: Slurpuff|228\/304|[from] item: Sitrus Berry
|
|-heal|p2a: Noivern|311\/311|[from] move: Wish|[wisher] Umbreon
|turn|43
|
|move|p1a: Slurpuff|Play Rough|p2a: Noivern
|-supereffective|p2a: Noivern
|-damage|p2a: Noivern|0 fnt
|faint|p2a: Noivern
|
|
|switch|p2a: Quagsire|Quagsire, F|270\/394
|turn|44
|
|move|p1a: Slurpuff|Play Rough|p2a: Quagsire
|-crit|p2a: Quagsire
|-damage|p2a: Quagsire|122\/394
|move|p2a: Quagsire|Toxic|p1a: Slurpuff
|-fail|p1a: Slurpuff
|
|-heal|p2a: Quagsire|146\/394|[from] item: Leftovers
|-sideend|p1: Slurpuffite|Safeguard
|turn|45
|
|move|p1a: Slurpuff|Play Rough|p2a: Quagsire
|-damage|p2a: Quagsire|43\/394
|move|p2a: Quagsire|Recover|p2a: Quagsire
|-heal|p2a: Quagsire|240\/394
|
|-heal|p2a: Quagsire|264\/394|[from] item: Leftovers
|turn|46
|
|move|p1a: Slurpuff|Play Rough|p2a: Quagsire
|-damage|p2a: Quagsire|159\/394
|move|p2a: Quagsire|Recover|p2a: Quagsire
|-heal|p2a: Quagsire|356\/394
|
|-heal|p2a: Quagsire|380\/394|[from] item: Leftovers
|-sideend|p1: Slurpuffite|Reflect
|turn|47
|
|move|p1a: Slurpuff|Play Rough|p2a: Quagsire
|-damage|p2a: Quagsire|277\/394
|move|p2a: Quagsire|Toxic|p1a: Slurpuff
|-status|p1a: Slurpuff|tox
|
|-heal|p2a: Quagsire|301\/394|[from] item: Leftovers
|-damage|p1a: Slurpuff|209\/304 tox|[from] psn
|turn|48
|-message|Slurpuffite forfeited.
|
|win|VwVwV
|raw|Ladder updating...
|raw|Slurpuffite's rating: 1310 &rarr; <strong>1281<\/strong><br \/>(-29 for losing)
|raw|VwVwV's rating: 1147 &rarr; <strong>1183<\/strong><br \/>(+36 for winning)
|leave|Slurpuffite
|player|p1