|join|Coolyo350
|join|Slurpuffite
|player|p1|Coolyo350|283
|player|p2|Slurpuffite|265
|gametype|singles
|gen|6
|tier|UU
|rated
|rule|Sleep Clause Mod: Limit one foe put to sleep
|rule|Species Clause: Limit one of each PokÃ©mon
|rule|OHKO Clause: OHKO moves are banned
|rule|Moody Clause: Moody is banned
|rule|Evasion Moves Clause: Evasion moves are banned
|rule|Endless Battle Clause: Forcing endless battles is banned
|rule|HP Percentage Mod: HP is shown in percentages
|clearpoke
|poke|p1|Aerodactyl, F
|poke|p1|Gastrodon, M
|poke|p1|Arcanine, F
|poke|p1|Forretress, F
|poke|p1|Celebi
|poke|p1|Hydreigon, M
|poke|p2|Pidgeot, F
|poke|p2|Uxie
|poke|p2|Slurpuff, M
|poke|p2|Krookodile, M
|poke|p2|Nidoking, M
|poke|p2|Jirachi
|rule|Swagger Clause: Swagger is banned
|rule|Baton Pass Clause: Limit one PokÃ©mon knowing Baton Pass
|teampreview
|
|start
|switch|p1a: Fidel Gastrodon|Gastrodon, M|426\/426
|switch|p2a: Pidgeot|Pidgeot, F|307\/307
|turn|1
|
|detailschange|p2a: Pidgeot|Pidgeot-Mega, F
|message|Pidgeot has Mega Evolved into Mega Pidgeot!
|move|p2a: Pidgeot|Hurricane|p1a: Fidel Gastrodon
|-damage|p1a: Fidel Gastrodon|261\/426
|move|p1a: Fidel Gastrodon|Scald|p2a: Pidgeot
|-damage|p2a: Pidgeot|189\/307
|
|-heal|p1a: Fidel Gastrodon|287\/426|[from] item: Leftovers
|turn|2
|
|move|p2a: Pidgeot|Hurricane|p1a: Fidel Gastrodon
|-damage|p1a: Fidel Gastrodon|118\/426
|-start|p1a: Fidel Gastrodon|confusion
|-activate|p1a: Fidel Gastrodon|confusion
|-damage|p1a: Fidel Gastrodon|87\/426|[from] confusion
|
|-heal|p1a: Fidel Gastrodon|113\/426|[from] item: Leftovers
|turn|3
|
|switch|p1a: Cleric|Celebi|341\/341
|move|p2a: Pidgeot|U-turn|p1a: Cleric
|-supereffective|p1a: Cleric
|-damage|p1a: Cleric|141\/341
|
|switch|p2a: Jirachi|Jirachi|341\/341
|
|turn|4
|
|move|p2a: Jirachi|U-turn|p1a: Cleric
|-supereffective|p1a: Cleric
|-damage|p1a: Cleric|0 fnt
|faint|p1a: Cleric
|
|switch|p2a: Krookodile|Krookodile, M|394\/394
|
|
|switch|p1a: Lucifer|Aerodactyl, F|302\/302
|-ability|p1a: Lucifer|Unnerve|p2: Slurpuffite
|turn|5
|
|detailschange|p1a: Lucifer|Aerodactyl-Mega, F
|message|Aerodactyl has Mega Evolved into Mega Aerodactyl!
|move|p1a: Lucifer|Hone Claws|p1a: Lucifer
|-boost|p1a: Lucifer|atk|1
|-boost|p1a: Lucifer|accuracy|1
|move|p2a: Krookodile|Stealth Rock|p1a: Lucifer
|-sidestart|p1: Coolyo350|move: Stealth Rock
|
|turn|6
|
|move|p1a: Lucifer|Aqua Tail|p2a: Krookodile
|-supereffective|p2a: Krookodile
|-damage|p2a: Krookodile|30\/394
|move|p2a: Krookodile|Knock Off|p1a: Lucifer
|-damage|p1a: Lucifer|202\/302
|
|-heal|p2a: Krookodile|54\/394|[from] item: Leftovers
|turn|7
|
|move|p2a: Krookodile|Protect|p2a: Krookodile
|-singleturn|p2a: Krookodile|Protect
|move|p1a: Lucifer|Aqua Tail|p2a: Krookodile
|-activate|p2a: Krookodile|Protect
|
|-heal|p2a: Krookodile|78\/394|[from] item: Leftovers
|turn|8
|
|move|p1a: Lucifer|Aqua Tail|p2a: Krookodile
|-supereffective|p2a: Krookodile
|-damage|p2a: Krookodile|0 fnt
|faint|p2a: Krookodile
|
|
|switch|p2a: Jirachi|Jirachi|341\/341
|turn|9
|
|switch|p1a: Bag-Pipes|Forretress, F|354\/354
|-damage|p1a: Bag-Pipes|310\/354|[from] Stealth Rock
|move|p2a: Jirachi|Iron Head|p1a: Bag-Pipes
|-resisted|p1a: Bag-Pipes
|-damage|p1a: Bag-Pipes|274\/354
|
|-heal|p1a: Bag-Pipes|296\/354|[from] item: Leftovers
|turn|10
|
|switch|p2a: Pidgeot|Pidgeot-Mega, F|189\/307
|move|p1a: Bag-Pipes|Rapid Spin|p2a: Pidgeot
|-damage|p2a: Pidgeot|172\/307
|-sideend|p1: Coolyo350|Stealth Rock|[from] move: Rapid Spin|[of] p1a: Bag-Pipes
|
|-heal|p1a: Bag-Pipes|318\/354|[from] item: Leftovers
|turn|11
|
|switch|p1a: Lucifer|Aerodactyl-Mega, F|202\/302
|move|p2a: Pidgeot|Roost|p2a: Pidgeot
|-heal|p2a: Pidgeot|307\/307
|
|turn|12
|
|switch|p2a: Jirachi|Jirachi|341\/341
|move|p1a: Lucifer|Stone Edge|p2a: Jirachi|[miss]
|-miss|p1a: Lucifer|p2a: Jirachi
|
|turn|13
|
|switch|p1a: Ruh Roh Raggy|Arcanine, F|384\/384
|-ability|p1a: Ruh Roh Raggy|Intimidate|[of] p2a: Jirachi
|-unboost|p2a: Jirachi|atk|1
|move|p2a: Jirachi|U-turn|p1a: Ruh Roh Raggy
|-resisted|p1a: Ruh Roh Raggy
|-damage|p1a: Ruh Roh Raggy|363\/384
|-damage|p2a: Jirachi|285\/341|[from] item: Rocky Helmet|[of] p1a: Ruh Roh Raggy
|
|switch|p2a: Nidoking|Nidoking, M|303\/303
|
|turn|14
|
|move|p2a: Nidoking|Ice Beam|p1a: Ruh Roh Raggy
|-resisted|p1a: Ruh Roh Raggy
|-damage|p1a: Ruh Roh Raggy|284\/384
|move|p1a: Ruh Roh Raggy|Flare Blitz|p2a: Nidoking
|-damage|p2a: Nidoking|114\/303
|-status|p2a: Nidoking|brn
|-damage|p1a: Ruh Roh Raggy|222\/384|[from] recoil|[of] p2a: Nidoking
|
|-damage|p2a: Nidoking|77\/303 brn|[from] brn
|turn|15
|
|move|p1a: Ruh Roh Raggy|Extreme Speed|p2a: Nidoking
|-damage|p2a: Nidoking|0 fnt
|faint|p2a: Nidoking
|
|
|switch|p2a: Pidgeot|Pidgeot-Mega, F|307\/307
|turn|16
|
|switch|p1a: Lucifer|Aerodactyl-Mega, F|202\/302
|move|p2a: Pidgeot|Hurricane|p1a: Lucifer
|-resisted|p1a: Lucifer
|-damage|p1a: Lucifer|92\/302
|-start|p1a: Lucifer|confusion
|
|turn|17
|
|-activate|p1a: Lucifer|confusion
|-damage|p1a: Lucifer|36\/302|[from] confusion
|move|p2a: Pidgeot|Hurricane|p1a: Lucifer
|-resisted|p1a: Lucifer
|-damage|p1a: Lucifer|0 fnt
|faint|p1a: Lucifer
|
|
|switch|p1a: Serious Head|Hydreigon, M|325\/325
|turn|18
|
|move|p2a: Pidgeot|Hurricane|p1a: Serious Head
|-damage|p1a: Serious Head|93\/325
|-start|p1a: Serious Head|confusion
|-activate|p1a: Serious Head|confusion
|-damage|p1a: Serious Head|54\/325|[from] confusion
|
|turn|19
|-message|Coolyo350 forfeited.
|
|win|Slurpuffite
|raw|Ladder updating...
|leave|Coolyo350
|player|p1
|raw|Coolyo350's rating: 1407 &rarr; <strong>1389<\/strong><br \/>(-18 for losing)
|raw|Slurpuffite's rating: 1440 &rarr; <strong>1458<\/strong><br \/>(+18 for winning)