|join|Slurpuffite
|join|DK75
|player|p1|Slurpuffite|101
|player|p2|DK75|156
|gametype|singles
|gen|6
|tier|UU
|rated
|rule|Sleep Clause Mod: Limit one foe put to sleep
|rule|Species Clause: Limit one of each PokÃ©mon
|rule|OHKO Clause: OHKO moves are banned
|rule|Moody Clause: Moody is banned
|rule|Evasion Moves Clause: Evasion moves are banned
|rule|Endless Battle Clause: Forcing endless battles is banned
|rule|HP Percentage Mod: HP is shown in percentages
|clearpoke
|poke|p1|Lopunny, M
|poke|p1|Uxie
|poke|p1|Slurpuff, M
|poke|p1|Krookodile, F
|poke|p1|Nidoking, M
|poke|p1|Jirachi
|poke|p2|Crobat, M
|poke|p2|Beedrill, M
|poke|p2|Pangoro, F
|poke|p2|Raikou
|poke|p2|Hydreigon, M
|poke|p2|Swampert, F
|rule|Swagger Clause: Swagger is banned
|rule|Baton Pass Clause: Limit one PokÃ©mon knowing Baton Pass
|teampreview
|
|start
|switch|p1a: Jirachi|Jirachi|341\/341
|switch|p2a: Swampert|Swampert, F|401\/401
|turn|1
|
|move|p1a: Jirachi|Trick|p2a: Swampert
|-activate|p1a: Jirachi|move: Trick|[of] p2a: Swampert
|-item|p2a: Swampert|Choice Scarf|[from] move: Trick
|-item|p1a: Jirachi|Leftovers|[from] move: Trick
|move|p2a: Swampert|Earthquake|p1a: Jirachi
|-supereffective|p1a: Jirachi
|-damage|p1a: Jirachi|77\/341
|
|-heal|p1a: Jirachi|98\/341|[from] item: Leftovers
|turn|2
|
|switch|p2a: Pangoro|Pangoro, F|359\/359
|-ability|p2a: Pangoro|Mold Breaker
|move|p1a: Jirachi|U-turn|p2a: Pangoro
|-damage|p2a: Pangoro|276\/359
|
|switch|p1a: Lopunny|Lopunny, M|271\/271
|
|turn|3
|
|switch|p2a: Crobat|Crobat, M|373\/373
|detailschange|p1a: Lopunny|Lopunny-Mega, M
|message|Lopunny has Mega Evolved into Mega Lopunny!
|move|p1a: Lopunny|High Jump Kick|p2a: Crobat
|-resisted|p2a: Crobat
|-damage|p2a: Crobat|307\/373
|
|-heal|p2a: Crobat|330\/373|[from] item: Black Sludge
|turn|4
|
|switch|p1a: Krookodile|Krookodile, F|394\/394
|-ability|p1a: Krookodile|Intimidate|[of] p2a: Crobat
|-unboost|p2a: Crobat|atk|1
|move|p2a: Crobat|Brave Bird|p1a: Krookodile
|-damage|p1a: Krookodile|313\/394
|-damage|p2a: Crobat|303\/373|[from] recoil|[of] p1a: Krookodile
|
|-heal|p2a: Crobat|326\/373|[from] item: Black Sludge
|-heal|p1a: Krookodile|337\/394|[from] item: Leftovers
|turn|5
|
|switch|p2a: Swampert|Swampert, F|401\/401
|move|p1a: Krookodile|Stealth Rock|p2a: Swampert
|-sidestart|p2: DK75|move: Stealth Rock
|
|-heal|p1a: Krookodile|361\/394|[from] item: Leftovers
|turn|6
|
|move|p1a: Krookodile|Protect|p1a: Krookodile
|-singleturn|p1a: Krookodile|Protect
|move|p2a: Swampert|Stealth Rock|p1a: Krookodile
|-sidestart|p1: Slurpuffite|move: Stealth Rock
|
|-heal|p1a: Krookodile|385\/394|[from] item: Leftovers
|turn|7
|
|switch|p2a: Crobat|Crobat, M|326\/373
|-damage|p2a: Crobat|233\/373|[from] Stealth Rock
|move|p1a: Krookodile|Knock Off|p2a: Crobat
|-damage|p2a: Crobat|68\/373
|-enditem|p2a: Crobat|Black Sludge|[from] move: Knock Off|[of] p1a: Krookodile
|
|-heal|p1a: Krookodile|394\/394|[from] item: Leftovers
|turn|8
|
|move|p2a: Crobat|Roost|p2a: Crobat
|-heal|p2a: Crobat|255\/373
|move|p1a: Krookodile|Earthquake|p2a: Crobat
|-supereffective|p2a: Crobat
|-damage|p2a: Crobat|0 fnt
|faint|p2a: Crobat
|
|
|switch|p2a: Hydreigon|Hydreigon, M|325\/325
|-damage|p2a: Hydreigon|285\/325|[from] Stealth Rock
|turn|9
|
|move|p1a: Krookodile|Protect|p1a: Krookodile
|-singleturn|p1a: Krookodile|Protect
|move|p2a: Hydreigon|Fire Blast|p1a: Krookodile
|-activate|p1a: Krookodile|Protect
|
|turn|10
|
|move|p2a: Hydreigon|Dark Pulse|p1a: Krookodile
|-resisted|p1a: Krookodile
|-damage|p1a: Krookodile|281\/394
|-damage|p2a: Hydreigon|253\/325|[from] item: Life Orb
|move|p1a: Krookodile|Knock Off|p2a: Hydreigon
|-resisted|p2a: Hydreigon
|-damage|p2a: Hydreigon|187\/325
|-enditem|p2a: Hydreigon|Life Orb|[from] move: Knock Off|[of] p1a: Krookodile
|
|-heal|p1a: Krookodile|305\/394|[from] item: Leftovers
|turn|11
|
|move|p1a: Krookodile|Protect|p1a: Krookodile
|-singleturn|p1a: Krookodile|Protect
|move|p2a: Hydreigon|Draco Meteor|p1a: Krookodile
|-activate|p1a: Krookodile|Protect
|
|-heal|p1a: Krookodile|329\/394|[from] item: Leftovers
|turn|12
|
|move|p2a: Hydreigon|Fire Blast|p1a: Krookodile
|-damage|p1a: Krookodile|157\/394
|move|p1a: Krookodile|Knock Off|p2a: Hydreigon
|-resisted|p2a: Hydreigon
|-damage|p2a: Hydreigon|140\/325
|
|-heal|p1a: Krookodile|181\/394|[from] item: Leftovers
|turn|13
|
|move|p2a: Hydreigon|Roost|p2a: Hydreigon
|-heal|p2a: Hydreigon|303\/325
|move|p1a: Krookodile|Knock Off|p2a: Hydreigon
|-resisted|p2a: Hydreigon
|-damage|p2a: Hydreigon|255\/325
|
|-heal|p1a: Krookodile|205\/394|[from] item: Leftovers
|turn|14
|
|move|p1a: Krookodile|Protect|p1a: Krookodile
|-singleturn|p1a: Krookodile|Protect
|move|p2a: Hydreigon|Fire Blast|p1a: Krookodile
|-activate|p1a: Krookodile|Protect
|
|-heal|p1a: Krookodile|229\/394|[from] item: Leftovers
|turn|15
|
|switch|p2a: Swampert|Swampert, F|401\/401
|-damage|p2a: Swampert|376\/401|[from] Stealth Rock
|move|p1a: Krookodile|Knock Off|p2a: Swampert
|-damage|p2a: Swampert|283\/401
|-enditem|p2a: Swampert|Choice Scarf|[from] move: Knock Off|[of] p1a: Krookodile
|
|-heal|p1a: Krookodile|253\/394|[from] item: Leftovers
|turn|16
|
|move|p1a: Krookodile|Protect|p1a: Krookodile
|-singleturn|p1a: Krookodile|Protect
|move|p2a: Swampert|Scald|p1a: Krookodile
|-activate|p1a: Krookodile|Protect
|
|-heal|p1a: Krookodile|277\/394|[from] item: Leftovers
|turn|17
|
|move|p1a: Krookodile|Earthquake|p2a: Swampert
|-damage|p2a: Swampert|172\/401
|move|p2a: Swampert|Scald|p1a: Krookodile
|-supereffective|p1a: Krookodile
|-damage|p1a: Krookodile|65\/394
|
|-heal|p1a: Krookodile|89\/394|[from] item: Leftovers
|turn|18
|
|switch|p1a: Uxie|Uxie|354\/354
|-damage|p1a: Uxie|310\/354|[from] Stealth Rock
|move|p2a: Swampert|Scald|p1a: Uxie
|-damage|p1a: Uxie|244\/354
|
|turn|19
|
|move|p1a: Uxie|Reflect|p1a: Uxie
|-sidestart|p1: Slurpuffite|Reflect
|move|p2a: Swampert|Scald|p1a: Uxie
|-damage|p1a: Uxie|174\/354
|-status|p1a: Uxie|brn
|
|-damage|p1a: Uxie|130\/354 brn|[from] brn
|turn|20
|
|move|p1a: Uxie|Light Screen|p1a: Uxie
|-sidestart|p1: Slurpuffite|move: Light Screen
|move|p2a: Swampert|Roar|p1a: Uxie
|drag|p1a: Krookodile|Krookodile, F|89\/394
|-damage|p1a: Krookodile|65\/394|[from] Stealth Rock
|-ability|p1a: Krookodile|Intimidate|[of] p2a: Swampert
|-unboost|p2a: Swampert|atk|1
|
|-heal|p1a: Krookodile|89\/394|[from] item: Leftovers
|turn|21
|
|move|p1a: Krookodile|Earthquake|p2a: Swampert
|-damage|p2a: Swampert|61\/401
|move|p2a: Swampert|Scald|p1a: Krookodile
|-supereffective|p1a: Krookodile
|-damage|p1a: Krookodile|0 fnt
|faint|p1a: Krookodile
|
|
|switch|p1a: Lopunny|Lopunny-Mega, M|271\/271
|-damage|p1a: Lopunny|255\/271|[from] Stealth Rock
|turn|22
|
|move|p1a: Lopunny|Return|p2a: Swampert
|-damage|p2a: Swampert|0 fnt
|faint|p2a: Swampert
|
|
|switch|p2a: Raikou|Raikou|322\/322
|-damage|p2a: Raikou|282\/322|[from] Stealth Rock
|-ability|p2a: Raikou|Pressure
|turn|23
|
|move|p1a: Lopunny|High Jump Kick|p2a: Raikou
|-damage|p2a: Raikou|0 fnt
|faint|p2a: Raikou
|
|
|switch|p2a: Beedrill|Beedrill, M|271\/271
|-damage|p2a: Beedrill|204\/271|[from] Stealth Rock
|turn|24
|
|detailschange|p2a: Beedrill|Beedrill-Mega, M
|message|Beedrill has Mega Evolved into Mega Beedrill!
|move|p2a: Beedrill|Protect|p2a: Beedrill
|-singleturn|p2a: Beedrill|Protect
|move|p1a: Lopunny|Return|p2a: Beedrill
|-activate|p2a: Beedrill|Protect
|
|turn|25
|
|switch|p2a: Pangoro|Pangoro, F|276\/359
|-damage|p2a: Pangoro|254\/359|[from] Stealth Rock
|-ability|p2a: Pangoro|Mold Breaker
|move|p1a: Lopunny|Return|p2a: Pangoro
|-damage|p2a: Pangoro|13\/359
|
|turn|26
|
|move|p1a: Lopunny|Return|p2a: Pangoro
|-damage|p2a: Pangoro|0 fnt
|faint|p2a: Pangoro
|
|-sideend|p1: Slurpuffite|Reflect
|
|switch|p2a: Beedrill|Beedrill-Mega, M|204\/271
|-damage|p2a: Beedrill|137\/271|[from] Stealth Rock
|turn|27
|
|move|p2a: Beedrill|Poison Jab|p1a: Lopunny
|-damage|p1a: Lopunny|33\/271
|move|p1a: Lopunny|Return|p2a: Beedrill
|-damage|p2a: Beedrill|0 fnt
|faint|p2a: Beedrill
|
|-sideend|p1: Slurpuffite|move: Light Screen
|
|switch|p2a: Hydreigon|Hydreigon, M|255\/325
|-damage|p2a: Hydreigon|215\/325|[from] Stealth Rock
|turn|28
|
|move|p1a: Lopunny|Return|p2a: Hydreigon
|-crit|p2a: Hydreigon
|-damage|p2a: Hydreigon|0 fnt
|faint|p2a: Hydreigon
|
|win|Slurpuffite
|raw|Ladder updating...
|raw|Slurpuffite's rating: 1418 &rarr; <strong>1437<\/strong><br \/>(+19 for winning)
|raw|DK75's rating: 1393 &rarr; <strong>1375<\/strong><br \/>(-18 for losing)
|leave|DK75
|player|p2