|join|Slurpuffite
|join|GreenBuildZiggs
|player|p1|Slurpuffite|266
|player|p2|GreenBuildZiggs|169
|gametype|singles
|gen|6
|tier|UU
|rated
|rule|Sleep Clause Mod: Limit one foe put to sleep
|rule|Species Clause: Limit one of each PokÃ©mon
|rule|OHKO Clause: OHKO moves are banned
|rule|Moody Clause: Moody is banned
|rule|Evasion Moves Clause: Evasion moves are banned
|rule|Endless Battle Clause: Forcing endless battles is banned
|rule|HP Percentage Mod: HP is shown in percentages
|clearpoke
|poke|p1|Sharpedo, F
|poke|p1|Shaymin
|poke|p1|Rotom-Heat
|poke|p1|Krookodile, M
|poke|p1|Nidoking, M
|poke|p1|Jirachi
|poke|p2|Lucario, M
|poke|p2|Shaymin
|poke|p2|Flygon, F
|poke|p2|Tentacruel, M
|poke|p2|Aerodactyl, M
|poke|p2|Rotom-Heat
|rule|Swagger Clause: Swagger is banned
|rule|Baton Pass Clause: Limit one PokÃ©mon knowing Baton Pass
|teampreview
|
|start
|switch|p1a: Krookodile|Krookodile, M|394\/394
|switch|p2a: Tentacruel|Tentacruel, M|364\/364
|-ability|p1a: Krookodile|Intimidate|[of] p2a: Tentacruel
|-unboost|p2a: Tentacruel|atk|1
|turn|1
|
|switch|p2a: Shaymin|Shaymin|404\/404
|move|p1a: Krookodile|Knock Off|p2a: Shaymin
|-damage|p2a: Shaymin|307\/404
|-enditem|p2a: Shaymin|Leftovers|[from] move: Knock Off|[of] p1a: Krookodile
|
|turn|2
|
|switch|p1a: Jirachi|Jirachi|341\/341
|move|p2a: Shaymin|Seed Flare|p1a: Jirachi
|-resisted|p1a: Jirachi
|-damage|p1a: Jirachi|263\/341
|
|turn|3
|
|switch|p2a: Rotom-Heat|Rotom-Heat|241\/241
|move|p1a: Jirachi|U-turn|p2a: Rotom-Heat
|-crit|p2a: Rotom-Heat
|-resisted|p2a: Rotom-Heat
|-damage|p2a: Rotom-Heat|193\/241
|join|beancount
|
|switch|p1a: Sharpedo|Sharpedo, F|281\/281
|
|turn|4
|
|switch|p2a: Shaymin|Shaymin|307\/404
|move|p1a: Sharpedo|Protect|p1a: Sharpedo
|-fail|p1a: Sharpedo
|
|-boost|p1a: Sharpedo|spe|1|[from] ability: Speed Boost
|turn|5
|c|âSlurpuffite|scarf or specs?
|c|âSlurpuffite|hehehe
|
|switch|p1a: Rotom-Heat|Rotom-Heat|303\/303
|move|p2a: Shaymin|Seed Flare|p1a: Rotom-Heat
|-resisted|p1a: Rotom-Heat
|-damage|p1a: Rotom-Heat|245\/303
|
|-heal|p1a: Rotom-Heat|263\/303|[from] item: Leftovers
|turn|6
|
|switch|p2a: Tentacruel|Tentacruel, M|364\/364
|move|p1a: Rotom-Heat|Volt Switch|p2a: Tentacruel
|-supereffective|p2a: Tentacruel
|-damage|p2a: Tentacruel|250\/364
|
|switch|p1a: Nidoking|Nidoking, M|304\/304
|
|-heal|p2a: Tentacruel|272\/364|[from] item: Black Sludge
|turn|7
|
|switch|p2a: Flygon|Flygon, F|301\/301
|move|p1a: Nidoking|Ice Beam|p2a: Flygon
|-supereffective|p2a: Flygon
|-damage|p2a: Flygon|0 fnt
|faint|p2a: Flygon
|
|
|switch|p2a: Aerodactyl|Aerodactyl, M|322\/322
|turn|8
|
|switch|p1a: Krookodile|Krookodile, M|394\/394
|-ability|p1a: Krookodile|Intimidate|[of] p2a: Aerodactyl
|-unboost|p2a: Aerodactyl|atk|1
|detailschange|p2a: Aerodactyl|Aerodactyl-Mega, M
|message|Aerodactyl has Mega Evolved into Mega Aerodactyl!
|move|p2a: Aerodactyl|Stealth Rock|p1a: Krookodile
|-sidestart|p1: Slurpuffite|move: Stealth Rock
|
|turn|9
|
|switch|p2a: Shaymin|Shaymin|307\/404
|move|p1a: Krookodile|Stealth Rock|p2a: Shaymin
|-sidestart|p2: GreenBuildZiggs|move: Stealth Rock
|
|turn|10
|
|move|p1a: Krookodile|Protect|p1a: Krookodile
|-singleturn|p1a: Krookodile|Protect
|move|p2a: Shaymin|Leech Seed|p1a: Krookodile
|-activate|p1a: Krookodile|Protect
|
|turn|11
|
|switch|p1a: Jirachi|Jirachi|263\/341
|-damage|p1a: Jirachi|242\/341|[from] Stealth Rock
|move|p2a: Shaymin|Air Slash|p1a: Jirachi
|-resisted|p1a: Jirachi
|-damage|p1a: Jirachi|211\/341
|
|turn|12
|
|switch|p2a: Lucario|Lucario, M|281\/281
|-damage|p2a: Lucario|273\/281|[from] Stealth Rock
|move|p1a: Jirachi|U-turn|p2a: Lucario
|-resisted|p2a: Lucario
|-damage|p2a: Lucario|251\/281
|
|switch|p1a: Shaymin|Shaymin|403\/403
|-damage|p1a: Shaymin|353\/403|[from] Stealth Rock
|
|-heal|p1a: Shaymin|378\/403|[from] item: Leftovers
|turn|13
|
|move|p2a: Lucario|Close Combat|p1a: Shaymin
|-damage|p1a: Shaymin|116\/403
|-unboost|p2a: Lucario|def|1
|-unboost|p2a: Lucario|spd|1
|move|p1a: Shaymin|Earth Power|p2a: Lucario
|-supereffective|p2a: Lucario
|-damage|p2a: Lucario|0 fnt
|faint|p2a: Lucario
|
|-heal|p1a: Shaymin|141\/403|[from] item: Leftovers
|
|switch|p2a: Aerodactyl|Aerodactyl-Mega, M|322\/322
|-damage|p2a: Aerodactyl|242\/322|[from] Stealth Rock
|turn|14
|
|switch|p1a: Jirachi|Jirachi|211\/341
|-damage|p1a: Jirachi|190\/341|[from] Stealth Rock
|move|p2a: Aerodactyl|Aerial Ace|p1a: Jirachi
|-resisted|p1a: Jirachi
|-damage|p1a: Jirachi|121\/341
|
|turn|15
|
|move|p1a: Jirachi|U-turn|p2a: Aerodactyl
|-resisted|p2a: Aerodactyl
|-damage|p2a: Aerodactyl|205\/322
|
|switch|p1a: Krookodile|Krookodile, M|394\/394
|-damage|p1a: Krookodile|370\/394|[from] Stealth Rock
|-ability|p1a: Krookodile|Intimidate|[of] p2a: Aerodactyl
|-unboost|p2a: Aerodactyl|atk|1
|move|p2a: Aerodactyl|Earthquake|p1a: Krookodile
|-damage|p1a: Krookodile|306\/394
|
|-heal|p1a: Krookodile|330\/394|[from] item: Leftovers
|turn|16
|
|switch|p2a: Shaymin|Shaymin|307\/404
|-damage|p2a: Shaymin|257\/404|[from] Stealth Rock
|move|p1a: Krookodile|Knock Off|p2a: Shaymin
|-damage|p2a: Shaymin|193\/404
|
|-heal|p1a: Krookodile|354\/394|[from] item: Leftovers
|turn|17
|
|move|p1a: Krookodile|Protect|p1a: Krookodile
|-singleturn|p1a: Krookodile|Protect
|move|p2a: Shaymin|Rest|p2a: Shaymin
|-status|p2a: Shaymin|slp
|-heal|p2a: Shaymin|404\/404 slp|[silent]
|-status|p2a: Shaymin|slp|[from] move: Rest
|
|-heal|p1a: Krookodile|378\/394|[from] item: Leftovers
|turn|18
|
|switch|p2a: Rotom-Heat|Rotom-Heat|193\/241
|-damage|p2a: Rotom-Heat|133\/241|[from] Stealth Rock
|switch|p1a: Nidoking|Nidoking, M|304\/304
|-damage|p1a: Nidoking|285\/304|[from] Stealth Rock
|
|turn|19
|
|move|p2a: Rotom-Heat|Overheat|p1a: Nidoking
|-damage|p1a: Nidoking|53\/304
|-unboost|p2a: Rotom-Heat|spa|2
|move|p1a: Nidoking|Sludge Wave|p2a: Rotom-Heat
|-damage|p2a: Rotom-Heat|0 fnt
|faint|p2a: Rotom-Heat
|
|
|switch|p2a: Aerodactyl|Aerodactyl-Mega, M|205\/322
|-damage|p2a: Aerodactyl|125\/322|[from] Stealth Rock
|turn|20
|
|switch|p1a: Krookodile|Krookodile, M|378\/394
|-damage|p1a: Krookodile|354\/394|[from] Stealth Rock
|-ability|p1a: Krookodile|Intimidate|[of] p2a: Aerodactyl
|-unboost|p2a: Aerodactyl|atk|1
|move|p2a: Aerodactyl|Stone Edge|p1a: Krookodile
|-crit|p1a: Krookodile
|-resisted|p1a: Krookodile
|-damage|p1a: Krookodile|261\/394
|
|-heal|p1a: Krookodile|285\/394|[from] item: Leftovers
|turn|21
|-message|GreenBuildZiggs forfeited.
|
|win|Slurpuffite
|raw|Ladder updating...
|leave|GreenBuildZiggs
|player|p2