|join|Slurpuffite
|join|Beach Gal
|player|p1|Slurpuffite|265
|player|p2|Beach Gal|44
|gametype|singles
|gen|6
|tier|UU
|rated
|rule|Sleep Clause Mod: Limit one foe put to sleep
|rule|Species Clause: Limit one of each PokÃ©mon
|rule|OHKO Clause: OHKO moves are banned
|rule|Moody Clause: Moody is banned
|rule|Evasion Moves Clause: Evasion moves are banned
|rule|Endless Battle Clause: Forcing endless battles is banned
|rule|HP Percentage Mod: HP is shown in percentages
|clearpoke
|poke|p1|Pidgeot, M
|poke|p1|Uxie
|poke|p1|Slurpuff, M
|poke|p1|Krookodile, M
|poke|p1|Nidoking, M
|poke|p1|Jirachi
|poke|p2|Beedrill, F
|poke|p2|Hippowdon, M
|poke|p2|Snorlax, F
|poke|p2|Porygon-Z
|poke|p2|Infernape, M
|poke|p2|Starmie
|rule|Swagger Clause: Swagger is banned
|rule|Baton Pass Clause: Limit one PokÃ©mon knowing Baton Pass
|teampreview
|
|start
|switch|p1a: Krookodile|Krookodile, M|394\/394
|switch|p2a: Porygon-Z|Porygon-Z|312\/312
|-ability|p1a: Krookodile|Intimidate|[of] p2a: Porygon-Z
|-unboost|p2a: Porygon-Z|atk|1
|turn|1
|
|switch|p1a: Jirachi|Jirachi|341\/341
|move|p2a: Porygon-Z|Ice Beam|p1a: Jirachi
|-resisted|p1a: Jirachi
|-damage|p1a: Jirachi|291\/341
|
|turn|2
|
|switch|p2a: Hippowdon|Hippowdon, M|420\/420
|-weather|Sandstorm
|move|p1a: Jirachi|U-turn|p2a: Hippowdon
|-damage|p2a: Hippowdon|362\/420
|
|switch|p1a: Nidoking|Nidoking, M|303\/303
|
|-weather|Sandstorm|[upkeep]
|-heal|p2a: Hippowdon|388\/420|[from] item: Leftovers
|turn|3
|
|switch|p2a: Starmie|Starmie|261\/261
|move|p1a: Nidoking|Earth Power|p2a: Starmie
|-damage|p2a: Starmie|49\/261
|
|-weather|Sandstorm|[upkeep]
|-damage|p2a: Starmie|33\/261|[from] sandstorm
|turn|4
|
|switch|p1a: Jirachi|Jirachi|291\/341
|move|p2a: Starmie|Scald|p1a: Jirachi
|-damage|p1a: Jirachi|99\/341
|-damage|p2a: Starmie|7\/261|[from] item: Life Orb
|
|-weather|Sandstorm|[upkeep]
|-damage|p2a: Starmie|0 fnt|[from] sandstorm
|faint|p2a: Starmie
|
|switch|p2a: Hippowdon|Hippowdon, M|388\/420
|turn|5
|
|move|p1a: Jirachi|Trick|p2a: Hippowdon
|-activate|p1a: Jirachi|move: Trick|[of] p2a: Hippowdon
|-item|p2a: Hippowdon|Choice Scarf|[from] move: Trick
|-item|p1a: Jirachi|Leftovers|[from] move: Trick
|move|p2a: Hippowdon|Stealth Rock|p1a: Jirachi
|-sidestart|p1: Slurpuffite|move: Stealth Rock
|
|-weather|Sandstorm|[upkeep]
|-heal|p1a: Jirachi|120\/341|[from] item: Leftovers
|turn|6
|
|switch|p2a: Infernape|Infernape, M|293\/293
|move|p1a: Jirachi|Zen Headbutt|p2a: Infernape
|-supereffective|p2a: Infernape
|-damage|p2a: Infernape|0 fnt
|faint|p2a: Infernape
|
|-weather|none
|-heal|p1a: Jirachi|141\/341|[from] item: Leftovers
|
|switch|p2a: Beedrill|Beedrill, F|272\/272
|turn|7
|
|switch|p1a: Krookodile|Krookodile, M|394\/394
|-damage|p1a: Krookodile|370\/394|[from] Stealth Rock
|-ability|p1a: Krookodile|Intimidate|[of] p2a: Beedrill
|-unboost|p2a: Beedrill|atk|1
|detailschange|p2a: Beedrill|Beedrill-Mega, F
|message|Beedrill has Mega Evolved into Mega Beedrill!
|move|p2a: Beedrill|Protect|p2a: Beedrill
|-fail|p2a: Beedrill
|
|-heal|p1a: Krookodile|394\/394|[from] item: Leftovers
|turn|8
|
|move|p2a: Beedrill|U-turn|p1a: Krookodile
|-supereffective|p1a: Krookodile
|-damage|p1a: Krookodile|194\/394
|
|switch|p2a: Hippowdon|Hippowdon, M|388\/420
|-weather|Sandstorm
|move|p1a: Krookodile|Stealth Rock|p2a: Hippowdon
|-sidestart|p2: Beach Gal|move: Stealth Rock
|
|-weather|Sandstorm|[upkeep]
|-heal|p1a: Krookodile|218\/394|[from] item: Leftovers
|turn|9
|
|move|p1a: Krookodile|Protect|p1a: Krookodile
|-singleturn|p1a: Krookodile|Protect
|move|p2a: Hippowdon|Earthquake|p1a: Krookodile
|-activate|p1a: Krookodile|Protect
|
|-weather|Sandstorm|[upkeep]
|-heal|p1a: Krookodile|242\/394|[from] item: Leftovers
|turn|10
|
|switch|p1a: Pidgeot|Pidgeot, M|307\/307
|-damage|p1a: Pidgeot|231\/307|[from] Stealth Rock
|switch|p2a: Beedrill|Beedrill-Mega, F|272\/272
|-damage|p2a: Beedrill|204\/272|[from] Stealth Rock
|
|-weather|Sandstorm|[upkeep]
|-damage|p2a: Beedrill|187\/272|[from] sandstorm
|-damage|p1a: Pidgeot|212\/307|[from] sandstorm
|turn|11
|
|detailschange|p1a: Pidgeot|Pidgeot-Mega, M
|message|Pidgeot has Mega Evolved into Mega Pidgeot!
|move|p2a: Beedrill|Poison Jab|p1a: Pidgeot
|-damage|p1a: Pidgeot|0 fnt
|faint|p1a: Pidgeot
|
|-weather|Sandstorm|[upkeep]
|-damage|p2a: Beedrill|170\/272|[from] sandstorm
|
|switch|p1a: Krookodile|Krookodile, M|242\/394
|-damage|p1a: Krookodile|218\/394|[from] Stealth Rock
|-ability|p1a: Krookodile|Intimidate|[of] p2a: Beedrill
|-unboost|p2a: Beedrill|atk|1
|turn|12
|
|move|p2a: Beedrill|U-turn|p1a: Krookodile
|-supereffective|p1a: Krookodile
|-damage|p1a: Krookodile|18\/394
|
|switch|p2a: Hippowdon|Hippowdon, M|388\/420
|-damage|p2a: Hippowdon|362\/420|[from] Stealth Rock
|move|p1a: Krookodile|Earthquake|p2a: Hippowdon
|-damage|p2a: Hippowdon|263\/420
|
|-weather|none
|-heal|p1a: Krookodile|42\/394|[from] item: Leftovers
|turn|13
|
|move|p1a: Krookodile|Earthquake|p2a: Hippowdon
|-damage|p2a: Hippowdon|152\/420
|move|p2a: Hippowdon|Earthquake|p1a: Krookodile
|-damage|p1a: Krookodile|0 fnt
|faint|p1a: Krookodile
|
|
|switch|p1a: Uxie|Uxie|354\/354
|-damage|p1a: Uxie|310\/354|[from] Stealth Rock
|turn|14
|
|switch|p2a: Snorlax|Snorlax, F|524\/524
|-damage|p2a: Snorlax|459\/524|[from] Stealth Rock
|move|p1a: Uxie|Reflect|p1a: Uxie
|-sidestart|p1: Slurpuffite|Reflect
|
|turn|15
|
|move|p1a: Uxie|Safeguard|p1a: Uxie
|-sidestart|p1: Slurpuffite|Safeguard
|move|p2a: Snorlax|Body Slam|p1a: Uxie
|-damage|p1a: Uxie|249\/354
|
|turn|16
|
|move|p1a: Uxie|Memento|p2a: Snorlax
|-unboost|p2a: Snorlax|atk|2
|-unboost|p2a: Snorlax|spa|2
|faint|p1a: Uxie
|move|p2a: Snorlax|Body Slam|p1: Uxie|[notarget]
|-notarget
|
|
|switch|p1a: Slurpuff|Slurpuff, M|306\/306
|-damage|p1a: Slurpuff|268\/306|[from] Stealth Rock
|turn|17
|
|move|p1a: Slurpuff|Belly Drum|p1a: Slurpuff
|-damage|p1a: Slurpuff|115\/306
|-setboost|p1a: Slurpuff|atk|6|[from] move: Belly Drum
|-enditem|p1a: Slurpuff|Sitrus Berry|[eat]
|-heal|p1a: Slurpuff|191\/306|[from] item: Sitrus Berry
|move|p2a: Snorlax|Body Slam|p1a: Slurpuff
|-damage|p1a: Slurpuff|149\/306
|
|turn|18
|
|move|p1a: Slurpuff|Drain Punch|p2a: Snorlax
|-supereffective|p2a: Snorlax
|-damage|p2a: Snorlax|0 fnt
|-heal|p1a: Slurpuff|306\/306|[from] drain|[of] p2a: Snorlax
|faint|p2a: Snorlax
|
|
|switch|p2a: Porygon-Z|Porygon-Z|312\/312
|-damage|p2a: Porygon-Z|273\/312|[from] Stealth Rock
|turn|19
|
|move|p1a: Slurpuff|Drain Punch|p2a: Porygon-Z
|-supereffective|p2a: Porygon-Z
|-damage|p2a: Porygon-Z|0 fnt
|faint|p2a: Porygon-Z
|
|-sideend|p1: Slurpuffite|Safeguard
|
|switch|p2a: Beedrill|Beedrill-Mega, F|170\/272
|-damage|p2a: Beedrill|102\/272|[from] Stealth Rock
|turn|20
|
|move|p1a: Slurpuff|Frustration|p2a: Beedrill
|-damage|p2a: Beedrill|0 fnt
|faint|p2a: Beedrill
|
|leave|Beach Gal
|player|p2
|-message|beachgal lost due to inactivity.
|
|win|Slurpuffite
|raw|Ladder updating...
|raw|Slurpuffite's rating: 1458 &rarr; <strong>1472<\/strong><br \/>(+14 for winning)
|raw|Beach Gal's rating: 1347 &rarr; <strong>1333<\/strong><br \/>(-14 for losing)