|join|Slurpuffite
|join|wolffram
|player|p1|Slurpuffite|101
|player|p2|wolffram|101
|gametype|singles
|gen|6
|tier|UU
|rated
|rule|Sleep Clause Mod: Limit one foe put to sleep
|rule|Species Clause: Limit one of each PokÃ©mon
|rule|OHKO Clause: OHKO moves are banned
|rule|Moody Clause: Moody is banned
|rule|Evasion Moves Clause: Evasion moves are banned
|rule|Endless Battle Clause: Forcing endless battles is banned
|rule|HP Percentage Mod: HP is shown in percentages
|clearpoke
|poke|p1|Lopunny, F
|poke|p1|Uxie
|poke|p1|Slurpuff, M
|poke|p1|Krookodile, M
|poke|p1|Nidoking, M
|poke|p1|Jirachi
|poke|p2|Serperior, F
|poke|p2|Chandelure, M
|poke|p2|Machamp, M
|poke|p2|Aggron, F
|poke|p2|Pineco, L1, F
|poke|p2|Eelektross, F
|rule|Swagger Clause: Swagger is banned
|rule|Baton Pass Clause: Limit one PokÃ©mon knowing Baton Pass
|teampreview
|
|start
|switch|p1a: Krookodile|Krookodile, M|394\/394
|switch|p2a: Pineco|Pineco, L1, F|12\/12
|-ability|p1a: Krookodile|Intimidate|[of] p2a: Pineco
|-unboost|p2a: Pineco|atk|1
|turn|1
|
|move|p1a: Krookodile|Knock Off|p2a: Pineco
|-activate|p2a: Pineco|Sturdy
|-damage|p2a: Pineco|1\/12
|-enditem|p2a: Pineco|Berry Juice|[from] move: Knock Off|[of] p1a: Krookodile
|move|p2a: Pineco|Spikes|p1a: Krookodile
|-sidestart|p1: Slurpuffite|Spikes
|
|turn|2
|
|move|p1a: Krookodile|Stealth Rock|p2a: Pineco
|-sidestart|p2: wolffram|move: Stealth Rock
|move|p2a: Pineco|Spikes|p1a: Krookodile
|-sidestart|p1: Slurpuffite|Spikes
|
|turn|3
|
|move|p1a: Krookodile|Knock Off|p2a: Pineco
|-damage|p2a: Pineco|0 fnt
|faint|p2a: Pineco
|
|
|switch|p2a: Serperior|Serperior, F|354\/354
|-damage|p2a: Serperior|310\/354|[from] Stealth Rock
|turn|4
|
|move|p2a: Serperior|Glare|p1a: Krookodile
|-status|p1a: Krookodile|par
|move|p1a: Krookodile|Knock Off|p2a: Serperior
|-damage|p2a: Serperior|219\/354
|-enditem|p2a: Serperior|Red Card|[from] move: Knock Off|[of] p1a: Krookodile
|
|turn|5
|
|move|p2a: Serperior|Coil|p2a: Serperior
|-boost|p2a: Serperior|atk|1
|-boost|p2a: Serperior|def|1
|-boost|p2a: Serperior|accuracy|1
|move|p1a: Krookodile|Earthquake|p2a: Serperior
|-resisted|p2a: Serperior
|-damage|p2a: Serperior|187\/354
|
|turn|6
|
|switch|p1a: Jirachi|Jirachi|341\/341
|-damage|p1a: Jirachi|285\/341|[from] Spikes
|move|p2a: Serperior|Coil|p2a: Serperior
|-boost|p2a: Serperior|atk|1
|-boost|p2a: Serperior|def|1
|-boost|p2a: Serperior|accuracy|1
|
|turn|7
|
|move|p1a: Jirachi|Trick|p2a: Serperior
|-activate|p1a: Jirachi|move: Trick|[of] p2a: Serperior
|-item|p2a: Serperior|Choice Scarf|[from] move: Trick
|move|p2a: Serperior|Glare|p1a: Jirachi
|-status|p1a: Jirachi|par
|
|turn|8
|
|switch|p2a: Aggron|Aggron, F|344\/344
|-damage|p2a: Aggron|323\/344|[from] Stealth Rock
|move|p1a: Jirachi|U-turn|p2a: Aggron
|-resisted|p2a: Aggron
|-damage|p2a: Aggron|303\/344
|
|switch|p1a: Nidoking|Nidoking, M|304\/304
|-damage|p1a: Nidoking|254\/304|[from] Spikes
|
|turn|9
|
|detailschange|p2a: Aggron|Aggron-Mega, F
|message|Aggron has Mega Evolved into Mega Aggron!
|move|p1a: Nidoking|Sludge Wave|p2a: Aggron
|-immune|p2a: Aggron|[msg]
|move|p2a: Aggron|Stealth Rock|p1a: Nidoking
|-sidestart|p1: Slurpuffite|move: Stealth Rock
|
|turn|10
|c|âSlurpuffite|'-'
|
|move|p1a: Nidoking|Earth Power|p2a: Aggron
|-supereffective|p2a: Aggron
|-damage|p2a: Aggron|57\/344
|move|p2a: Aggron|Roar|p1a: Nidoking
|drag|p1a: Jirachi|Jirachi|285\/341 par
|-damage|p1a: Jirachi|264\/341 par|[from] Stealth Rock
|-damage|p1a: Jirachi|208\/341 par|[from] Spikes
|
|turn|11
|
|move|p1a: Jirachi|Iron Head|p2a: Aggron
|-resisted|p2a: Aggron
|-damage|p2a: Aggron|27\/344
|cant|p2a: Aggron|flinch
|
|turn|12
|
|move|p1a: Jirachi|Iron Head|p2a: Aggron
|-resisted|p2a: Aggron
|-damage|p2a: Aggron|0 fnt
|faint|p2a: Aggron
|
|
|switch|p2a: Eelektross|Eelektross, F|333\/333
|-damage|p2a: Eelektross|292\/333|[from] Stealth Rock
|turn|13
|
|move|p2a: Eelektross|Coil|p2a: Eelektross
|-boost|p2a: Eelektross|atk|1
|-boost|p2a: Eelektross|def|1
|-boost|p2a: Eelektross|accuracy|1
|move|p1a: Jirachi|Trick|p2a: Eelektross
|-activate|p1a: Jirachi|move: Trick|[of] p2a: Eelektross
|-item|p1a: Jirachi|Red Card|[from] move: Trick
|
|turn|14
|
|move|p2a: Eelektross|Thunder Wave|p1a: Jirachi
|-fail|p1a: Jirachi|par
|move|p1a: Jirachi|U-turn|p2a: Eelektross
|-damage|p2a: Eelektross|247\/333
|
|switch|p1a: Lopunny|Lopunny, F|271\/271
|-damage|p1a: Lopunny|226\/271|[from] Spikes
|-damage|p1a: Lopunny|193\/271|[from] Stealth Rock
|
|turn|15
|
|move|p1a: Lopunny|Encore|p2a: Eelektross
|-start|p2a: Eelektross|Encore
|move|p2a: Eelektross|Thunder Wave|p1a: Lopunny
|-fail|p1a: Lopunny
|
|turn|16
|
|switch|p2a: Serperior|Serperior, F|187\/354
|-damage|p2a: Serperior|143\/354|[from] Stealth Rock
|move|p1a: Lopunny|Return|p2a: Serperior
|-damage|p2a: Serperior|56\/354
|
|turn|17
|
|detailschange|p1a: Lopunny|Lopunny-Mega, F
|message|Lopunny has Mega Evolved into Mega Lopunny!
|move|p1a: Lopunny|Return|p2a: Serperior
|-damage|p2a: Serperior|0 fnt
|faint|p2a: Serperior
|
|
|switch|p2a: Eelektross|Eelektross, F|247\/333
|-damage|p2a: Eelektross|206\/333|[from] Stealth Rock
|turn|18
|
|move|p1a: Lopunny|Return|p2a: Eelektross
|-damage|p2a: Eelektross|37\/333
|move|p2a: Eelektross|Dragon Tail|p1a: Lopunny
|-damage|p1a: Lopunny|134\/271
|drag|p1a: Jirachi|Jirachi|208\/341 par
|-damage|p1a: Jirachi|187\/341 par|[from] Stealth Rock
|-damage|p1a: Jirachi|131\/341 par|[from] Spikes
|
|turn|19
|
|cant|p1a: Jirachi|par
|move|p2a: Eelektross|Dragon Tail|p1a: Jirachi|[miss]
|-miss|p2a: Eelektross|p1a: Jirachi
|
|turn|20
|
|move|p2a: Eelektross|Drain Punch|p1a: Jirachi
|-damage|p1a: Jirachi|61\/341 par
|-heal|p2a: Eelektross|72\/333|[from] drain|[of] p1a: Jirachi
|-enditem|p1a: Jirachi|Red Card|[of] p2a: Eelektross
|drag|p2a: Machamp|Machamp, M|321\/321
|-damage|p2a: Machamp|301\/321|[from] Stealth Rock
|move|p1a: Jirachi|U-turn|p2a: Machamp
|-resisted|p2a: Machamp
|-damage|p2a: Machamp|258\/321
|
|switch|p1a: Uxie|Uxie|354\/354
|-damage|p1a: Uxie|310\/354|[from] Stealth Rock
|
|turn|21
|
|move|p1a: Uxie|Reflect|p1a: Uxie
|-sidestart|p1: Slurpuffite|Reflect
|move|p2a: Machamp|Knock Off|p1a: Uxie
|-supereffective|p1a: Uxie
|-damage|p1a: Uxie|205\/354
|-enditem|p1a: Uxie|Light Clay|[from] move: Knock Off|[of] p2a: Machamp
|
|turn|22
|
|switch|p2a: Eelektross|Eelektross, F|72\/333
|-damage|p2a: Eelektross|31\/333|[from] Stealth Rock
|move|p1a: Uxie|Light Screen|p1a: Uxie
|-sidestart|p1: Slurpuffite|move: Light Screen
|
|turn|23
|
|move|p1a: Uxie|Safeguard|p1a: Uxie
|-sidestart|p1: Slurpuffite|Safeguard
|move|p2a: Eelektross|Drain Punch|p1a: Uxie
|-resisted|p1a: Uxie
|-damage|p1a: Uxie|193\/354
|-heal|p2a: Eelektross|37\/333|[from] drain|[of] p1a: Uxie
|
|turn|24
|
|move|p1a: Uxie|Memento|p2a: Eelektross
|-unboost|p2a: Eelektross|atk|2
|-unboost|p2a: Eelektross|spa|2
|faint|p1a: Uxie
|move|p2a: Eelektross|Coil|p2a: Eelektross
|-boost|p2a: Eelektross|atk|1
|-boost|p2a: Eelektross|def|1
|-boost|p2a: Eelektross|accuracy|1
|
|
|switch|p1a: Slurpuff|Slurpuff, M|306\/306
|-damage|p1a: Slurpuff|255\/306|[from] Spikes
|-damage|p1a: Slurpuff|217\/306|[from] Stealth Rock
|turn|25
|
|move|p1a: Slurpuff|Belly Drum|p1a: Slurpuff
|-damage|p1a: Slurpuff|64\/306
|-setboost|p1a: Slurpuff|atk|6|[from] move: Belly Drum
|-enditem|p1a: Slurpuff|Sitrus Berry|[eat]
|-heal|p1a: Slurpuff|140\/306|[from] item: Sitrus Berry
|move|p2a: Eelektross|Drain Punch|p1a: Slurpuff
|-resisted|p1a: Slurpuff
|-damage|p1a: Slurpuff|128\/306
|-heal|p2a: Eelektross|43\/333|[from] drain|[of] p1a: Slurpuff
|
|turn|26
|
|move|p1a: Slurpuff|Frustration|p2a: Eelektross
|-damage|p2a: Eelektross|0 fnt
|faint|p2a: Eelektross
|
|-sideend|p1: Slurpuffite|move: Light Screen
|
|switch|p2a: Machamp|Machamp, M|258\/321
|-damage|p2a: Machamp|238\/321|[from] Stealth Rock
|turn|27
|
|move|p1a: Slurpuff|Play Rough|p2a: Machamp
|-supereffective|p2a: Machamp
|-damage|p2a: Machamp|0 fnt
|faint|p2a: Machamp
|
|-sideend|p1: Slurpuffite|Safeguard
|
|switch|p2a: Chandelure|Chandelure, M|261\/261
|-damage|p2a: Chandelure|196\/261|[from] Stealth Rock
|turn|28
|
|move|p1a: Slurpuff|Play Rough|p2a: Chandelure
|-resisted|p2a: Chandelure
|-damage|p2a: Chandelure|0 fnt
|faint|p2a: Chandelure
|
|win|Slurpuffite
|raw|Ladder updating...