|join|Slurpuffite
|join|captain swerg
|player|p1|Slurpuffite|1
|player|p2|captain swerg|253
|gametype|singles
|gen|6
|tier|UU
|rated
|rule|Sleep Clause Mod: Limit one foe put to sleep
|rule|Species Clause: Limit one of each PokÃ©mon
|rule|OHKO Clause: OHKO moves are banned
|rule|Moody Clause: Moody is banned
|rule|Evasion Moves Clause: Evasion moves are banned
|rule|Endless Battle Clause: Forcing endless battles is banned
|rule|HP Percentage Mod: HP is shown in percentages
|clearpoke
|poke|p1|Beedrill, M
|poke|p1|Slurpuff, F
|poke|p1|Bronzong
|poke|p1|Uxie
|poke|p1|Infernape, M
|poke|p1|Heliolisk, F
|poke|p2|Darmanitan, F
|poke|p2|Machamp, M, shiny
|poke|p2|Rhyperior, M, shiny
|poke|p2|Blastoise, F
|poke|p2|Roserade, F
|poke|p2|Porygon2, shiny
|rule|Swagger Clause: Swagger is banned
|rule|Baton Pass Clause: Limit one PokÃ©mon knowing Baton Pass
|teampreview
|
|start
|switch|p1a: Beedrill|Beedrill, M|271\/271
|switch|p2a: Porygon2|Porygon2, shiny|374\/374
|-ability|p2a: Porygon2|Swarm|[from] ability: Trace|[of] p1a: Beedrill
|turn|1
|
|detailschange|p1a: Beedrill|Beedrill-Mega, M
|message|Beedrill has Mega Evolved into Mega Beedrill!
|move|p1a: Beedrill|U-turn|p2a: Porygon2
|-damage|p2a: Porygon2|242\/374
|
|switch|p1a: Uxie|Uxie|353\/353
|move|p2a: Porygon2|Hidden Power|p1a: Uxie
|-damage|p1a: Uxie|316\/353
|
|turn|2
|
|switch|p2a: raphael|Machamp, M, shiny|384\/384
|move|p1a: Uxie|Knock Off|p2a: raphael
|-resisted|p2a: raphael
|-damage|p2a: raphael|349\/384
|-enditem|p2a: raphael|Choice Band|[from] move: Knock Off|[of] p1a: Uxie
|
|turn|3
|
|move|p1a: Uxie|Reflect|p1a: Uxie
|-sidestart|p1: Slurpuffite|Reflect
|move|p2a: raphael|Dynamic Punch|p1a: Uxie
|-resisted|p1a: Uxie
|-damage|p1a: Uxie|279\/353
|-start|p1a: Uxie|confusion
|
|turn|4
|
|switch|p1a: Slurpuff|Slurpuff, F|304\/304
|move|p2a: raphael|Stone Edge|p1a: Slurpuff
|-damage|p1a: Slurpuff|231\/304
|
|turn|5
|
|switch|p2a: Roserade|Roserade, F|261\/261
|move|p1a: Slurpuff|Belly Drum|p1a: Slurpuff
|-damage|p1a: Slurpuff|79\/304
|-setboost|p1a: Slurpuff|atk|6|[from] move: Belly Drum
|-enditem|p1a: Slurpuff|Sitrus Berry|[eat]
|-heal|p1a: Slurpuff|155\/304|[from] item: Sitrus Berry
|
|turn|6
|
|move|p1a: Slurpuff|Frustration|p2a: Roserade
|-damage|p2a: Roserade|0 fnt
|faint|p2a: Roserade
|
|
|switch|p2a: Darmanitan|Darmanitan, F|351\/351
|turn|7
|
|move|p1a: Slurpuff|Drain Punch|p2a: Darmanitan
|-damage|p2a: Darmanitan|0 fnt
|-heal|p1a: Slurpuff|304\/304|[from] drain|[of] p2a: Darmanitan
|faint|p2a: Darmanitan
|
|c|âcaptain swerg|gg
|-message|captain swerg forfeited.
|
|win|Slurpuffite
|raw|Ladder updating...
|leave|captain swerg
|player|p2