|join|Slurpuffite
|join|T3RR0R_BL1TZ
|player|p1|Slurpuffite|101
|player|p2|T3RR0R_BL1TZ|265
|gametype|singles
|gen|6
|tier|UU
|rated
|rule|Sleep Clause Mod: Limit one foe put to sleep
|rule|Species Clause: Limit one of each PokÃ©mon
|rule|OHKO Clause: OHKO moves are banned
|rule|Moody Clause: Moody is banned
|rule|Evasion Moves Clause: Evasion moves are banned
|rule|Endless Battle Clause: Forcing endless battles is banned
|rule|HP Percentage Mod: HP is shown in percentages
|clearpoke
|poke|p1|Lopunny, M
|poke|p1|Uxie
|poke|p1|Slurpuff, M
|poke|p1|Krookodile, F
|poke|p1|Nidoking, M
|poke|p1|Jirachi
|poke|p2|Beedrill, F
|poke|p2|Rotom-Heat
|poke|p2|Celebi
|poke|p2|Forretress, F
|poke|p2|Suicune
|poke|p2|Mienshao, F
|rule|Swagger Clause: Swagger is banned
|rule|Baton Pass Clause: Limit one PokÃ©mon knowing Baton Pass
|teampreview
|
|start
|switch|p1a: Krookodile|Krookodile, F|394\/394
|switch|p2a: Rotom-Heat|Rotom-Heat|241\/241
|-ability|p1a: Krookodile|Intimidate|[of] p2a: Rotom-Heat
|-unboost|p2a: Rotom-Heat|atk|1
|turn|1
|
|move|p1a: Krookodile|Protect|p1a: Krookodile
|-singleturn|p1a: Krookodile|Protect
|move|p2a: Rotom-Heat|Overheat|p1a: Krookodile
|-activate|p1a: Krookodile|Protect
|
|turn|2
|
|move|p2a: Rotom-Heat|Overheat|p1a: Krookodile
|-damage|p1a: Krookodile|0 fnt
|-unboost|p2a: Rotom-Heat|spa|2
|faint|p1a: Krookodile
|
|
|switch|p1a: Nidoking|Nidoking, M|304\/304
|turn|3
|
|switch|p2a: Forretress|Forretress, F|353\/353
|move|p1a: Nidoking|Sludge Wave|p2a: Forretress
|-immune|p2a: Forretress|[msg]
|
|turn|4
|
|move|p1a: Nidoking|Earth Power|p2a: Forretress
|-damage|p2a: Forretress|150\/353
|move|p2a: Forretress|Stealth Rock|p1a: Nidoking
|-sidestart|p1: Slurpuffite|move: Stealth Rock
|
|-heal|p2a: Forretress|172\/353|[from] item: Leftovers
|turn|5
|
|switch|p2a: Celebi|Celebi|403\/403
|move|p1a: Nidoking|Sludge Wave|p2a: Celebi
|-supereffective|p2a: Celebi
|-damage|p2a: Celebi|81\/403
|
|-heal|p2a: Celebi|106\/403|[from] item: Leftovers
|turn|6
|
|move|p1a: Nidoking|Flamethrower|p2a: Celebi
|-supereffective|p2a: Celebi
|-damage|p2a: Celebi|0 fnt
|faint|p2a: Celebi
|
|
|switch|p2a: Suicune|Suicune|404\/404
|-ability|p2a: Suicune|Pressure
|turn|7
|
|move|p1a: Nidoking|Sludge Wave|p2a: Suicune
|-damage|p2a: Suicune|200\/404
|move|p2a: Suicune|Scald|p1a: Nidoking
|-supereffective|p1a: Nidoking
|-damage|p1a: Nidoking|76\/304
|-status|p1a: Nidoking|brn
|
|-heal|p2a: Suicune|225\/404|[from] item: Leftovers
|-damage|p1a: Nidoking|38\/304 brn|[from] brn
|turn|8
|
|switch|p2a: Forretress|Forretress, F|172\/353
|move|p1a: Nidoking|Earth Power|p2a: Forretress
|-damage|p2a: Forretress|0 fnt
|faint|p2a: Forretress
|
|-damage|p1a: Nidoking|0 fnt|[from] brn
|faint|p1a: Nidoking
|
|switch|p1a: Jirachi|Jirachi|341\/341
|switch|p2a: Beedrill|Beedrill, F|271\/271
|-damage|p1a: Jirachi|320\/341|[from] Stealth Rock
|turn|9
|
|detailschange|p2a: Beedrill|Beedrill-Mega, F
|message|Beedrill has Mega Evolved into Mega Beedrill!
|move|p2a: Beedrill|Protect|p2a: Beedrill
|-singleturn|p2a: Beedrill|Protect
|move|p1a: Jirachi|Zen Headbutt|p2a: Beedrill
|-activate|p2a: Beedrill|Protect
|
|turn|10
|
|switch|p2a: Suicune|Suicune|225\/404
|-ability|p2a: Suicune|Pressure
|move|p1a: Jirachi|Zen Headbutt|p2a: Suicune
|-damage|p2a: Suicune|143\/404
|
|-heal|p2a: Suicune|168\/404|[from] item: Leftovers
|turn|11
|
|move|p1a: Jirachi|Zen Headbutt|p2a: Suicune
|-damage|p2a: Suicune|95\/404
|cant|p2a: Suicune|flinch
|
|-heal|p2a: Suicune|120\/404|[from] item: Leftovers
|turn|12
|
|move|p1a: Jirachi|Zen Headbutt|p2a: Suicune
|-damage|p2a: Suicune|42\/404
|move|p2a: Suicune|Rest|p2a: Suicune
|-status|p2a: Suicune|slp
|-heal|p2a: Suicune|404\/404 slp|[silent]
|-status|p2a: Suicune|slp|[from] move: Rest
|
|turn|13
|
|switch|p1a: Lopunny|Lopunny, M|271\/271
|-damage|p1a: Lopunny|238\/271|[from] Stealth Rock
|cant|p2a: Suicune|slp
|move|p2a: Suicune|Sleep Talk|p2a: Suicune
|move|p2a: Suicune|Rest|p2a: Suicune|[from]Sleep Talk
|-fail|p2a: Suicune
|
|turn|14
|
|detailschange|p1a: Lopunny|Lopunny-Mega, M
|message|Lopunny has Mega Evolved into Mega Lopunny!
|move|p1a: Lopunny|Return|p2a: Suicune
|-damage|p2a: Suicune|283\/404 slp
|cant|p2a: Suicune|slp
|move|p2a: Suicune|Sleep Talk|p2a: Suicune
|move|p2a: Suicune|Calm Mind|p2a: Suicune|[from]Sleep Talk
|-boost|p2a: Suicune|spa|1
|-boost|p2a: Suicune|spd|1
|
|-heal|p2a: Suicune|308\/404 slp|[from] item: Leftovers
|turn|15
|
|move|p1a: Lopunny|Encore|p2a: Suicune
|-start|p2a: Suicune|Encore
|-curestatus|p2a: Suicune|slp
|move|p2a: Suicune|Sleep Talk|p2a: Suicune
|-fail|p2a: Suicune
|
|-heal|p2a: Suicune|333\/404|[from] item: Leftovers
|turn|16
|
|switch|p2a: Rotom-Heat|Rotom-Heat|241\/241
|move|p1a: Lopunny|Return|p2a: Rotom-Heat
|-damage|p2a: Rotom-Heat|48\/241
|
|turn|17
|
|switch|p2a: Suicune|Suicune|333\/404
|-ability|p2a: Suicune|Pressure
|move|p1a: Lopunny|Return|p2a: Suicune
|-damage|p2a: Suicune|200\/404
|
|-heal|p2a: Suicune|225\/404|[from] item: Leftovers
|turn|18
|
|move|p1a: Lopunny|Return|p2a: Suicune
|-damage|p2a: Suicune|101\/404
|move|p2a: Suicune|Scald|p1a: Lopunny
|-damage|p1a: Lopunny|142\/271
|
|-heal|p2a: Suicune|126\/404|[from] item: Leftovers
|turn|19
|
|move|p1a: Lopunny|High Jump Kick|p2a: Suicune
|-damage|p2a: Suicune|0 fnt
|faint|p2a: Suicune
|
|
|switch|p2a: Beedrill|Beedrill-Mega, F|271\/271
|turn|20
|
|move|p2a: Beedrill|Poison Jab|p1a: Lopunny
|-damage|p1a: Lopunny|0 fnt
|faint|p1a: Lopunny
|
|
|switch|p1a: Jirachi|Jirachi|320\/341
|-damage|p1a: Jirachi|299\/341|[from] Stealth Rock
|turn|21
|
|move|p2a: Beedrill|Protect|p2a: Beedrill
|-singleturn|p2a: Beedrill|Protect
|move|p1a: Jirachi|Zen Headbutt|p2a: Beedrill
|-activate|p2a: Beedrill|Protect
|
|turn|22
|
|switch|p2a: Rotom-Heat|Rotom-Heat|48\/241
|move|p1a: Jirachi|Zen Headbutt|p2a: Rotom-Heat
|-crit|p2a: Rotom-Heat
|-damage|p2a: Rotom-Heat|0 fnt
|faint|p2a: Rotom-Heat
|
|
|switch|p2a: Mienshao|Mienshao, F|271\/271
|turn|23
|
|move|p2a: Mienshao|Knock Off|p1a: Jirachi
|-supereffective|p1a: Jirachi
|-damage|p1a: Jirachi|77\/341
|-enditem|p1a: Jirachi|Choice Scarf|[from] move: Knock Off|[of] p2a: Mienshao
|move|p1a: Jirachi|Zen Headbutt|p2a: Mienshao
|-supereffective|p2a: Mienshao
|-damage|p2a: Mienshao|0 fnt
|faint|p2a: Mienshao
|
|
|switch|p2a: Beedrill|Beedrill-Mega, F|271\/271
|turn|24
|
|move|p2a: Beedrill|U-turn|p1a: Jirachi
|-damage|p1a: Jirachi|0 fnt
|faint|p1a: Jirachi
|
|
|switch|p1a: Uxie|Uxie|354\/354
|-damage|p1a: Uxie|310\/354|[from] Stealth Rock
|turn|25
|
|move|p2a: Beedrill|Knock Off|p1a: Uxie
|-supereffective|p1a: Uxie
|-damage|p1a: Uxie|98\/354
|-enditem|p1a: Uxie|Light Clay|[from] move: Knock Off|[of] p2a: Beedrill
|move|p1a: Uxie|Reflect|p1a: Uxie
|-sidestart|p1: Slurpuffite|Reflect
|
|turn|26
|
|move|p2a: Beedrill|U-turn|p1a: Uxie
|-supereffective|p1a: Uxie
|-damage|p1a: Uxie|0 fnt
|faint|p1a: Uxie
|
|
|switch|p1a: Slurpuff|Slurpuff, M|306\/306
|-damage|p1a: Slurpuff|268\/306|[from] Stealth Rock
|turn|27
|
|move|p2a: Beedrill|Poison Jab|p1a: Slurpuff
|-supereffective|p1a: Slurpuff
|-damage|p1a: Slurpuff|48\/306
|-enditem|p1a: Slurpuff|Sitrus Berry|[eat]
|-heal|p1a: Slurpuff|124\/306|[from] item: Sitrus Berry
|move|p1a: Slurpuff|Frustration|p2a: Beedrill
|-damage|p2a: Beedrill|86\/271
|
|turn|28
|
|move|p1a: Slurpuff|Frustration|p2a: Beedrill
|-damage|p2a: Beedrill|0 fnt
|faint|p2a: Beedrill
|
|win|Slurpuffite
|raw|Ladder updating...
|raw|Slurpuffite's rating: 1481 &rarr; <strong>1488<\/strong><br \/>(+7 for winning)
|raw|T3RR0R_BL1TZ's rating: 1203 &rarr; <strong>1194<\/strong><br \/>(-9 for losing)
|c|âSlurpuffite|gg
|leave|T3RR0R_BL1TZ
|player|p2