|join|Slurpuffite
|join|blakay17
|player|p1|Slurpuffite|1
|player|p2|blakay17|49
|gametype|singles
|gen|6
|tier|UU
|rated
|rule|Sleep Clause Mod: Limit one foe put to sleep
|rule|Species Clause: Limit one of each PokÃ©mon
|rule|OHKO Clause: OHKO moves are banned
|rule|Moody Clause: Moody is banned
|rule|Evasion Moves Clause: Evasion moves are banned
|rule|Endless Battle Clause: Forcing endless battles is banned
|rule|HP Percentage Mod: HP is shown in percentages
|clearpoke
|poke|p1|Sharpedo, M
|poke|p1|Serperior, F, shiny
|poke|p1|Granbull, F
|poke|p1|Krookodile, M
|poke|p1|Nidoqueen, F, shiny
|poke|p1|Jirachi
|poke|p2|Beedrill, F
|poke|p2|Machamp, M
|poke|p2|Donphan, M
|poke|p2|Dragalge, M
|poke|p2|Honchkrow, M
|poke|p2|Rotom-Heat
|rule|Swagger Clause: Swagger is banned
|rule|Baton Pass Clause: Limit one PokÃ©mon knowing Baton Pass
|teampreview
|
|start
|switch|p1a: Krookodile|Krookodile, M|394\/394
|switch|p2a: Machamp|Machamp, M|383\/383
|-ability|p1a: Krookodile|Intimidate|[of] p2a: Machamp
|-unboost|p2a: Machamp|atk|1
|turn|1
|
|switch|p1a: Granbull|Granbull, F|383\/383
|-ability|p1a: Granbull|Intimidate|[of] p2a: Machamp
|-unboost|p2a: Machamp|atk|1
|move|p2a: Machamp|Knock Off|p1a: Granbull
|-crit|p1a: Granbull
|-resisted|p1a: Granbull
|-damage|p1a: Granbull|302\/383
|-enditem|p1a: Granbull|Leftovers|[from] move: Knock Off|[of] p2a: Machamp
|
|turn|2
|
|switch|p2a: Dragalge|Dragalge, M|333\/333
|switch|p1a: Nidoqueen|Nidoqueen, F, shiny|353\/353
|
|turn|3
|
|switch|p2a: Honchkrow|Honchkrow, M|404\/404
|move|p1a: Nidoqueen|Ice Beam|p2a: Honchkrow
|-supereffective|p2a: Honchkrow
|-damage|p2a: Honchkrow|0 fnt
|faint|p2a: Honchkrow
|
|c|âblakay17|very good
|c|âSlurpuffite|thanks ^^
|
|switch|p2a: Rotom-Heat|Rotom-Heat|241\/241
|turn|4
|
|move|p2a: Rotom-Heat|Overheat|p1a: Nidoqueen
|-damage|p1a: Nidoqueen|103\/353
|-unboost|p2a: Rotom-Heat|spa|2
|move|p1a: Nidoqueen|Sludge Wave|p2a: Rotom-Heat
|-damage|p2a: Rotom-Heat|25\/241
|
|turn|5
|
|switch|p1a: Krookodile|Krookodile, M|394\/394
|-ability|p1a: Krookodile|Intimidate|[of] p2a: Rotom-Heat
|-unboost|p2a: Rotom-Heat|atk|1
|move|p2a: Rotom-Heat|Overheat|p1a: Krookodile
|-damage|p1a: Krookodile|249\/394
|-unboost|p2a: Rotom-Heat|spa|2
|
|-heal|p1a: Krookodile|273\/394|[from] item: Leftovers
|turn|6
|
|switch|p2a: Donphan|Donphan, M|384\/384
|move|p1a: Krookodile|Stealth Rock|p2a: Donphan
|-sidestart|p2: blakay17|move: Stealth Rock
|
|-heal|p1a: Krookodile|297\/394|[from] item: Leftovers
|turn|7
|
|move|p1a: Krookodile|Knock Off|p2a: Donphan
|-damage|p2a: Donphan|269\/384
|-enditem|p2a: Donphan|Leftovers|[from] move: Knock Off|[of] p1a: Krookodile
|move|p2a: Donphan|Earthquake|p1a: Krookodile
|-damage|p1a: Krookodile|149\/394
|
|-heal|p1a: Krookodile|173\/394|[from] item: Leftovers
|turn|8
|
|switch|p1a: Serperior|Serperior, F, shiny|299\/299
|move|p2a: Donphan|Stealth Rock|p1a: Serperior
|-sidestart|p1: Slurpuffite|move: Stealth Rock
|
|turn|9
|
|switch|p2a: Dragalge|Dragalge, M|333\/333
|-damage|p2a: Dragalge|292\/333|[from] Stealth Rock
|move|p1a: Serperior|Leaf Storm|p2a: Dragalge
|-resisted|p2a: Dragalge
|-damage|p2a: Dragalge|258\/333
|-boost|p1a: Serperior|spa|2
|
|turn|10
|
|move|p1a: Serperior|Knock Off|p2a: Dragalge
|-damage|p2a: Dragalge|190\/333
|-enditem|p2a: Dragalge|Choice Specs|[from] move: Knock Off|[of] p1a: Serperior
|move|p2a: Dragalge|Sludge Bomb|p1a: Serperior
|-supereffective|p1a: Serperior
|-damage|p1a: Serperior|0 fnt
|faint|p1a: Serperior
|
|
|switch|p1a: Nidoqueen|Nidoqueen, F, shiny|103\/353
|-damage|p1a: Nidoqueen|81\/353|[from] Stealth Rock
|turn|11
|
|switch|p2a: Donphan|Donphan, M|269\/384
|-damage|p2a: Donphan|245\/384|[from] Stealth Rock
|move|p1a: Nidoqueen|Earth Power|p2a: Donphan
|-damage|p2a: Donphan|0 fnt
|faint|p2a: Donphan
|
|
|switch|p2a: Machamp|Machamp, M|383\/383
|-damage|p2a: Machamp|360\/383|[from] Stealth Rock
|turn|12
|join|LeoDamin
|
|move|p1a: Nidoqueen|Sludge Wave|p2a: Machamp
|-damage|p2a: Machamp|179\/383
|move|p2a: Machamp|Dynamic Punch|p1a: Nidoqueen
|-resisted|p1a: Nidoqueen
|-damage|p1a: Nidoqueen|0 fnt
|faint|p1a: Nidoqueen
|
|c| LeoDamin|some day I'll grow up
|
|switch|p1a: Sharpedo|Sharpedo, M|281\/281
|-damage|p1a: Sharpedo|246\/281|[from] Stealth Rock
|turn|13
|c| LeoDamin|and then I'll be like slurpuffite
|c| LeoDamin|:']
|c|âSlurpuffite|;)
|
|move|p1a: Sharpedo|Protect|p1a: Sharpedo
|-singleturn|p1a: Sharpedo|Protect
|move|p2a: Machamp|Dynamic Punch|p1a: Sharpedo
|-activate|p1a: Sharpedo|Protect
|
|-boost|p1a: Sharpedo|spe|1|[from] ability: Speed Boost
|turn|14
|
|detailschange|p1a: Sharpedo|Sharpedo-Mega, M
|-mega|p1a: Sharpedo|Sharpedo|Sharpedonite
|move|p1a: Sharpedo|Waterfall|p2a: Machamp
|-damage|p2a: Machamp|0 fnt
|faint|p2a: Machamp
|
|c|âSlurpuffite|gg
|c|âblakay17|gg
|
|switch|p2a: Rotom-Heat|Rotom-Heat|25\/241
|-damage|p2a: Rotom-Heat|0 fnt|[from] Stealth Rock
|faint|p2a: Rotom-Heat
|
|switch|p2a: Dragalge|Dragalge, M|190\/333
|-damage|p2a: Dragalge|149\/333|[from] Stealth Rock
|turn|15
|
|move|p1a: Sharpedo|Crunch|p2a: Dragalge
|-damage|p2a: Dragalge|0 fnt
|faint|p2a: Dragalge
|
|
|switch|p2a: Beedrill|Beedrill, F|271\/271
|-damage|p2a: Beedrill|204\/271|[from] Stealth Rock
|turn|16
|
|detailschange|p2a: Beedrill|Beedrill-Mega, F
|-mega|p2a: Beedrill|Beedrill|Beedrillite
|move|p2a: Beedrill|Protect|p2a: Beedrill
|-singleturn|p2a: Beedrill|Protect
|move|p1a: Sharpedo|Crunch|p2a: Beedrill
|-activate|p2a: Beedrill|Protect
|
|turn|17
|
|move|p1a: Sharpedo|Crunch|p2a: Beedrill
|-damage|p2a: Beedrill|0 fnt
|faint|p2a: Beedrill
|
|win|Slurpuffite
|raw|Ladder updating...
|raw|Slurpuffite's rating: 1556 &rarr; <strong>1565<\/strong><br \/>(+9 for winning)
|raw|blakay17's rating: 1342 &rarr; <strong>1333<\/strong><br \/>(-9 for losing)
|leave|blakay17
|player|p2
|leave|Slurpuffite
|player|p1
|join|Slurpuffite