|join|anchor management
|join|Slurpuffite
|player|p1|anchor management|271
|player|p2|Slurpuffite|1
|gametype|singles
|gen|6
|tier|UU
|rated
|rule|Sleep Clause Mod: Limit one foe put to sleep
|rule|Species Clause: Limit one of each PokÃ©mon
|rule|OHKO Clause: OHKO moves are banned
|rule|Moody Clause: Moody is banned
|rule|Evasion Moves Clause: Evasion moves are banned
|rule|Endless Battle Clause: Forcing endless battles is banned
|rule|HP Percentage Mod: HP is shown in percentages
|clearpoke
|poke|p1|Lucario, F
|poke|p1|Florges, F
|poke|p1|Crobat, M
|poke|p1|Aerodactyl, M
|poke|p1|Swampert, F
|poke|p1|Slowking, F
|poke|p2|Sharpedo, M
|poke|p2|Serperior, F, shiny
|poke|p2|Cresselia, F
|poke|p2|Krookodile, F
|poke|p2|Nidoqueen, F, shiny
|poke|p2|Jirachi
|rule|Swagger Clause: Swagger is banned
|rule|Baton Pass Clause: Limit one PokÃ©mon knowing Baton Pass
|teampreview
|join|dadsdad
|
|start
|switch|p1a: Swampert|Swampert, F|401\/401
|switch|p2a: Jirachi|Jirachi|341\/341
|turn|1
|
|move|p2a: Jirachi|U-turn|p1a: Swampert
|-damage|p1a: Swampert|344\/401
|join|GoaoTwo
|
|switch|p2a: Serperior|Serperior, F, shiny|297\/297
|move|p1a: Swampert|Earthquake|p2a: Serperior
|-crit|p2a: Serperior
|-resisted|p2a: Serperior
|-damage|p2a: Serperior|201\/297
|
|-heal|p2a: Serperior|219\/297|[from] item: Leftovers
|-heal|p1a: Swampert|369\/401|[from] item: Leftovers
|turn|2
|
|switch|p1a: Crobat|Crobat, M|373\/373
|move|p2a: Serperior|Glare|p1a: Crobat
|-status|p1a: Crobat|par
|
|-heal|p2a: Serperior|237\/297|[from] item: Leftovers
|turn|3
|
|switch|p2a: Krookodile|Krookodile, F|394\/394
|-ability|p2a: Krookodile|Intimidate|[of] p1a: Crobat
|-unboost|p1a: Crobat|atk|1
|switch|p1a: Swampert|Swampert, F|369\/401
|
|-heal|p1a: Swampert|394\/401|[from] item: Leftovers
|turn|4
|
|move|p2a: Krookodile|Stealth Rock|p1a: Swampert
|-sidestart|p1: anchor management|move: Stealth Rock
|move|p1a: Swampert|Scald|p2a: Krookodile
|-supereffective|p2a: Krookodile
|-damage|p2a: Krookodile|176\/394
|
|-heal|p2a: Krookodile|200\/394|[from] item: Leftovers
|-heal|p1a: Swampert|401\/401|[from] item: Leftovers
|turn|5
|
|move|p2a: Krookodile|Protect|p2a: Krookodile
|-singleturn|p2a: Krookodile|Protect
|move|p1a: Swampert|Stealth Rock|p2a: Krookodile
|-sidestart|p2: Slurpuffite|move: Stealth Rock
|
|-heal|p2a: Krookodile|224\/394|[from] item: Leftovers
|turn|6
|
|switch|p2a: Serperior|Serperior, F, shiny|237\/297
|-damage|p2a: Serperior|200\/297|[from] Stealth Rock
|move|p1a: Swampert|Roar|p2a: Serperior
|drag|p2a: Sharpedo|Sharpedo, M|281\/281
|-damage|p2a: Sharpedo|246\/281|[from] Stealth Rock
|
|turn|7
|
|switch|p2a: Krookodile|Krookodile, F|224\/394
|-damage|p2a: Krookodile|200\/394|[from] Stealth Rock
|-ability|p2a: Krookodile|Intimidate|[of] p1a: Swampert
|-unboost|p1a: Swampert|atk|1
|move|p1a: Swampert|Scald|p2a: Krookodile
|-supereffective|p2a: Krookodile
|-damage|p2a: Krookodile|0 fnt
|faint|p2a: Krookodile
|
|
|switch|p2a: Serperior|Serperior, F, shiny|200\/297
|-damage|p2a: Serperior|163\/297|[from] Stealth Rock
|turn|8
|
|switch|p1a: Crobat|Crobat, M|373\/373 par
|-damage|p1a: Crobat|280\/373 par|[from] Stealth Rock
|move|p2a: Serperior|Knock Off|p1a: Crobat
|-damage|p1a: Crobat|213\/373 par
|-enditem|p1a: Crobat|Black Sludge|[from] move: Knock Off|[of] p2a: Serperior
|
|-heal|p2a: Serperior|181\/297|[from] item: Leftovers
|turn|9
|
|switch|p2a: Cresselia|Cresselia, F|443\/443
|-damage|p2a: Cresselia|388\/443|[from] Stealth Rock
|move|p1a: Crobat|Defog|p2a: Cresselia
|-unboost|p2a: Cresselia|evasion|1
|-sideend|p2: Slurpuffite|Stealth Rock|[from] move: Defog|[of] p2a: Cresselia
|-sideend|p1: anchor management|Stealth Rock|[from] move: Defog|[of] p1a: Crobat
|
|-heal|p2a: Cresselia|415\/443|[from] item: Leftovers
|turn|10
|
|switch|p1a: Swampert|Swampert, F|401\/401
|move|p2a: Cresselia|Substitute|p2a: Cresselia
|-start|p2a: Cresselia|Substitute
|-damage|p2a: Cresselia|305\/443
|
|-heal|p2a: Cresselia|332\/443|[from] item: Leftovers
|turn|11
|
|move|p2a: Cresselia|Psychic|p1a: Swampert
|-damage|p1a: Swampert|314\/401
|move|p1a: Swampert|Stealth Rock|p2a: Cresselia
|-sidestart|p2: Slurpuffite|move: Stealth Rock
|
|-heal|p2a: Cresselia|359\/443|[from] item: Leftovers
|-heal|p1a: Swampert|339\/401|[from] item: Leftovers
|turn|12
|
|move|p2a: Cresselia|Psychic|p1a: Swampert
|-crit|p1a: Swampert
|-damage|p1a: Swampert|185\/401
|move|p1a: Swampert|Roar|p2a: Cresselia
|drag|p2a: Nidoqueen|Nidoqueen, F, shiny|351\/351
|-damage|p2a: Nidoqueen|330\/351|[from] Stealth Rock
|
|-heal|p1a: Swampert|210\/401|[from] item: Leftovers
|turn|13
|c|âSlurpuffite|joguei mal essa
|leave|dadsdad
|
|switch|p1a: Aerodactyl|Aerodactyl, M|311\/311
|move|p2a: Nidoqueen|Poison Jab|p1a: Aerodactyl
|-resisted|p1a: Aerodactyl
|-damage|p1a: Aerodactyl|167\/311
|
|turn|14
|
|switch|p2a: Cresselia|Cresselia, F|359\/443
|-damage|p2a: Cresselia|304\/443|[from] Stealth Rock
|detailschange|p1a: Aerodactyl|Aerodactyl-Mega, M
|-mega|p1a: Aerodactyl|Aerodactyl|Aerodactylite
|move|p1a: Aerodactyl|Aqua Tail|p2a: Cresselia
|-damage|p2a: Cresselia|201\/443
|
|-heal|p2a: Cresselia|228\/443|[from] item: Leftovers
|turn|15
|
|switch|p1a: Florges|Florges, F|360\/360
|move|p2a: Cresselia|Moonlight|p2a: Cresselia
|-heal|p2a: Cresselia|443\/443
|
|turn|16
|
|switch|p2a: Nidoqueen|Nidoqueen, F, shiny|330\/351
|-damage|p2a: Nidoqueen|309\/351|[from] Stealth Rock
|move|p1a: Florges|Aromatherapy|p1a: Florges
|-cureteam|p1a: Florges|[from] move: Aromatherapy
|
|turn|17
|join|Irkalla
|
|move|p2a: Nidoqueen|Earthquake|p1a: Florges
|-damage|p1a: Florges|153\/360
|-damage|p2a: Nidoqueen|274\/351|[from] item: Life Orb
|move|p1a: Florges|Moonblast|p2a: Nidoqueen
|-resisted|p2a: Nidoqueen
|-damage|p2a: Nidoqueen|209\/351
|
|-heal|p1a: Florges|175\/360|[from] item: Leftovers
|turn|18
|c| Irkalla|Oy <3
|c|âSlurpuffite|oi ^^
|
|move|p2a: Nidoqueen|Ice Punch|p1a: Florges
|-damage|p1a: Florges|28\/360
|move|p1a: Florges|Moonblast|p2a: Nidoqueen
|-crit|p2a: Nidoqueen
|-resisted|p2a: Nidoqueen
|-damage|p2a: Nidoqueen|107\/351
|
|-heal|p1a: Florges|50\/360|[from] item: Leftovers
|turn|19
|c|âSlurpuffite|lol
|
|move|p2a: Nidoqueen|Poison Jab|p1a: Florges
|-supereffective|p1a: Florges
|-damage|p1a: Florges|0 fnt
|faint|p1a: Florges
|
|
|switch|p1a: Aerodactyl|Aerodactyl-Mega, M|167\/311
|turn|20
|
|move|p1a: Aerodactyl|Earthquake|p2a: Nidoqueen
|-supereffective|p2a: Nidoqueen
|-damage|p2a: Nidoqueen|0 fnt
|faint|p2a: Nidoqueen
|
|
|switch|p2a: Sharpedo|Sharpedo, M|246\/281
|-damage|p2a: Sharpedo|211\/281|[from] Stealth Rock
|turn|21
|
|switch|p1a: Swampert|Swampert, F|210\/401
|move|p2a: Sharpedo|Waterfall|p1a: Swampert
|-damage|p1a: Swampert|87\/401
|
|-heal|p1a: Swampert|112\/401|[from] item: Leftovers
|-boost|p2a: Sharpedo|spe|1|[from] ability: Speed Boost
|turn|22
|
|move|p2a: Sharpedo|Crunch|p1a: Swampert
|-damage|p1a: Swampert|4\/401
|move|p1a: Swampert|Earthquake|p2a: Sharpedo
|-damage|p2a: Sharpedo|0 fnt
|faint|p2a: Sharpedo
|
|-heal|p1a: Swampert|29\/401|[from] item: Leftovers
|c|âSlurpuffite|rofl
|
|switch|p2a: Jirachi|Jirachi|341\/341
|-damage|p2a: Jirachi|320\/341|[from] Stealth Rock
|turn|23
|
|move|p2a: Jirachi|U-turn|p1a: Swampert
|-damage|p1a: Swampert|0 fnt
|faint|p1a: Swampert
|
|switch|p2a: Cresselia|Cresselia, F|443\/443
|-damage|p2a: Cresselia|388\/443|[from] Stealth Rock
|
|-heal|p2a: Cresselia|415\/443|[from] item: Leftovers
|
|switch|p1a: Slowking|Slowking, F|394\/394
|turn|24
|
|move|p2a: Cresselia|Substitute|p2a: Cresselia
|-start|p2a: Cresselia|Substitute
|-damage|p2a: Cresselia|305\/443
|move|p1a: Slowking|Nasty Plot|p1a: Slowking
|-boost|p1a: Slowking|spa|2
|
|-heal|p2a: Cresselia|332\/443|[from] item: Leftovers
|turn|25
|
|move|p2a: Cresselia|Moonblast|p1a: Slowking
|-damage|p1a: Slowking|339\/394
|-unboost|p1a: Slowking|spa|1
|move|p1a: Slowking|Nasty Plot|p1a: Slowking
|-boost|p1a: Slowking|spa|2
|
|-heal|p2a: Cresselia|359\/443|[from] item: Leftovers
|-heal|p1a: Slowking|363\/394|[from] item: Leftovers
|turn|26
|
|move|p2a: Cresselia|Moonblast|p1a: Slowking
|-damage|p1a: Slowking|303\/394
|move|p1a: Slowking|Trick Room|p1a: Slowking
|-fieldstart|move: Trick Room|[of] p1a: Slowking
|
|-heal|p1a: Slowking|327\/394|[from] item: Leftovers
|-heal|p2a: Cresselia|386\/443|[from] item: Leftovers
|turn|27
|
|move|p1a: Slowking|Scald|p2a: Cresselia
|-end|p2a: Cresselia|Substitute
|move|p2a: Cresselia|Substitute|p2a: Cresselia
|-start|p2a: Cresselia|Substitute
|-damage|p2a: Cresselia|276\/443
|
|-heal|p1a: Slowking|351\/394|[from] item: Leftovers
|-heal|p2a: Cresselia|303\/443|[from] item: Leftovers
|turn|28
|
|move|p1a: Slowking|Scald|p2a: Cresselia
|-end|p2a: Cresselia|Substitute
|move|p2a: Cresselia|Substitute|p2a: Cresselia
|-start|p2a: Cresselia|Substitute
|-damage|p2a: Cresselia|193\/443
|
|-heal|p1a: Slowking|375\/394|[from] item: Leftovers
|-heal|p2a: Cresselia|220\/443|[from] item: Leftovers
|turn|29
|
|move|p1a: Slowking|Scald|p2a: Cresselia
|-end|p2a: Cresselia|Substitute
|move|p2a: Cresselia|Substitute|p2a: Cresselia
|-start|p2a: Cresselia|Substitute
|-damage|p2a: Cresselia|110\/443
|
|-heal|p1a: Slowking|394\/394|[from] item: Leftovers
|-heal|p2a: Cresselia|137\/443|[from] item: Leftovers
|turn|30
|
|move|p1a: Slowking|Scald|p2a: Cresselia
|-end|p2a: Cresselia|Substitute
|move|p2a: Cresselia|Moonlight|p2a: Cresselia
|-heal|p2a: Cresselia|358\/443
|
|-heal|p2a: Cresselia|385\/443|[from] item: Leftovers
|-fieldend|move: Trick Room
|turn|31
|
|move|p2a: Cresselia|Moonblast|p1a: Slowking
|-damage|p1a: Slowking|341\/394
|move|p1a: Slowking|Scald|p2a: Cresselia
|-crit|p2a: Cresselia
|-damage|p2a: Cresselia|0 fnt
|faint|p2a: Cresselia
|
|-heal|p1a: Slowking|365\/394|[from] item: Leftovers
|
|switch|p2a: Serperior|Serperior, F, shiny|181\/297
|-damage|p2a: Serperior|144\/297|[from] Stealth Rock
|turn|32
|
|move|p2a: Serperior|Leaf Storm|p1a: Slowking
|-supereffective|p1a: Slowking
|-damage|p1a: Slowking|77\/394
|-boost|p2a: Serperior|spa|2
|move|p1a: Slowking|Psyshock|p2a: Serperior
|-damage|p2a: Serperior|0 fnt
|faint|p2a: Serperior
|
|-heal|p1a: Slowking|101\/394|[from] item: Leftovers
|
|switch|p2a: Jirachi|Jirachi|320\/341
|-damage|p2a: Jirachi|299\/341|[from] Stealth Rock
|turn|33
|
|switch|p1a: Aerodactyl|Aerodactyl-Mega, M|167\/311
|move|p2a: Jirachi|Zen Headbutt|p1a: Aerodactyl
|-damage|p1a: Aerodactyl|35\/311
|
|turn|34
|
|move|p2a: Jirachi|Zen Headbutt|p1a: Aerodactyl
|-damage|p1a: Aerodactyl|0 fnt
|faint|p1a: Aerodactyl
|
|
|switch|p1a: Slowking|Slowking, F|232\/394
|turn|35
|
|switch|p1a: Crobat|Crobat, M|213\/373
|move|p2a: Jirachi|Zen Headbutt|p1a: Crobat|[miss]
|-miss|p2a: Jirachi|p1a: Crobat
|
|turn|36
|
|switch|p1a: Slowking|Slowking, F|363\/394
|move|p2a: Jirachi|Zen Headbutt|p1a: Slowking
|-resisted|p1a: Slowking
|-damage|p1a: Slowking|296\/394
|
|-heal|p1a: Slowking|320\/394|[from] item: Leftovers
|turn|37
|
|move|p2a: Jirachi|Zen Headbutt|p1a: Slowking
|-resisted|p1a: Slowking
|-damage|p1a: Slowking|247\/394
|move|p1a: Slowking|Scald|p2a: Jirachi
|-damage|p2a: Jirachi|179\/341
|
|-heal|p1a: Slowking|271\/394|[from] item: Leftovers
|turn|38
|
|move|p2a: Jirachi|Zen Headbutt|p1a: Slowking
|-resisted|p1a: Slowking
|-damage|p1a: Slowking|204\/394
|move|p1a: Slowking|Scald|p2a: Jirachi
|-damage|p2a: Jirachi|43\/341
|-status|p2a: Jirachi|brn
|
|-heal|p1a: Slowking|228\/394|[from] item: Leftovers
|-damage|p2a: Jirachi|1\/341 brn|[from] brn
|turn|39
|leave|Slurpuffite
|player|p2
|-message|slurpuffite lost due to inactivity.
|
|win|anchor management
|raw|Ladder updating...
|raw|anchor management's rating: 1450 &rarr; <strong>1475<\/strong><br \/>(+25 for winning)
|raw|Slurpuffite's rating: 1540 &rarr; <strong>1515<\/strong><br \/>(-25 for losing)