|join|lack of fear
|join|AlwaysWright
|player|p1|lack of fear|56
|player|p2|AlwaysWright|250
|gametype|singles
|gen|6
|tier|OU
|rated
|clearpoke
|poke|p1|Diggersby, M
|poke|p1|Magnezone
|poke|p1|Metagross
|poke|p1|Garchomp, F
|poke|p1|Alakazam, F
|poke|p1|Azumarill, F
|poke|p2|Altaria, M
|poke|p2|Scizor, M
|poke|p2|Magnezone
|poke|p2|Rotom-Wash
|poke|p2|Latios, M
|poke|p2|Landorus, M
|rule|Swagger Clause: Swagger is banned
|rule|Baton Pass Clause: Limit one PokÃ©mon knowing Baton Pass
|rule|Sleep Clause Mod: Limit one foe put to sleep
|rule|Species Clause: Limit one of each PokÃ©mon
|rule|OHKO Clause: OHKO moves are banned
|rule|Moody Clause: Moody is banned
|rule|Evasion Moves Clause: Evasion moves are banned
|rule|Endless Battle Clause: Forcing endless battles is banned
|rule|HP Percentage Mod: HP is shown in percentages
|teampreview
|
|start
|switch|p1a: Diggersby|Diggersby, M|311\/311
|switch|p2a: Rotom-Wash|Rotom-Wash|303\/303
|turn|1
|
|move|p1a: Diggersby|Return|p2a: Rotom-Wash
|-damage|p2a: Rotom-Wash|129\/303
|move|p2a: Rotom-Wash|Will-O-Wisp|p1a: Diggersby
|-status|p1a: Diggersby|brn
|
|-heal|p2a: Rotom-Wash|147\/303|[from] item: Leftovers
|-damage|p1a: Diggersby|273\/311 brn|[from] brn
|turn|2
|
|move|p1a: Diggersby|Knock Off|p2a: Rotom-Wash
|-damage|p2a: Rotom-Wash|88\/303
|-enditem|p2a: Rotom-Wash|Leftovers|[from] move: Knock Off|[of] p1a: Diggersby
|move|p2a: Rotom-Wash|Pain Split|p1a: Diggersby
|-sethp|p1a: Diggersby|180\/311 brn|p2a: Rotom-Wash|180\/303|[from] move: Pain Split
|
|-damage|p1a: Diggersby|142\/311 brn|[from] brn
|turn|3
|
|move|p1a: Diggersby|Return|p2a: Rotom-Wash
|-damage|p2a: Rotom-Wash|89\/303
|move|p2a: Rotom-Wash|Hydro Pump|p1a: Diggersby
|-supereffective|p1a: Diggersby
|-damage|p1a: Diggersby|0 fnt
|faint|p1a: Diggersby
|
|
|switch|p1a: Alakazam|Alakazam, F|251\/251
|turn|4
|
|switch|p1a: Magnezone|Magnezone|281\/281
|switch|p2a: Scizor|Scizor, M|343\/343
|
|turn|5
|
|move|p1a: Magnezone|Hidden Power|p2a: Scizor
|-supereffective|p2a: Scizor
|-damage|p2a: Scizor|0 fnt
|faint|p2a: Scizor
|
|
|switch|p2a: Altaria|Altaria, M|325\/325
|turn|6
|
|switch|p1a: Metagross|Metagross|301\/301
|detailschange|p2a: Altaria|Altaria-Mega, M
|-mega|p2a: Altaria|Altaria|Altarianite
|move|p2a: Altaria|Dragon Dance|p2a: Altaria
|-boost|p2a: Altaria|atk|1
|-boost|p2a: Altaria|spe|1
|
|turn|7
|
|detailschange|p1a: Metagross|Metagross-Mega
|-mega|p1a: Metagross|Metagross|Metagrossite
|move|p2a: Altaria|Earthquake|p1a: Metagross
|-supereffective|p1a: Metagross
|-damage|p1a: Metagross|47\/301
|move|p1a: Metagross|Meteor Mash|p2a: Altaria
|-supereffective|p2a: Altaria
|-damage|p2a: Altaria|0 fnt
|faint|p2a: Altaria
|
|
|switch|p2a: Rotom-Wash|Rotom-Wash|89\/303
|turn|8
|
|move|p1a: Metagross|Zen Headbutt|p2a: Rotom-Wash
|-damage|p2a: Rotom-Wash|0 fnt
|faint|p2a: Rotom-Wash
|
|-message|AlwaysWright forfeited.
|
|win|lack of fear
|raw|Ladder updating...
|leave|AlwaysWright
|player|p2
|raw|lack of fear's rating: 1495 &rarr; <strong>1513<\/strong><br \/>(+18 for winning)
|raw|AlwaysWright's rating: 1464 &rarr; <strong>1445<\/strong><br \/>(-19 for losing)