|join|lack of fear
|join|d3adalive
|player|p1|lack of fear|56
|player|p2|d3adalive|161
|gametype|singles
|gen|6
|tier|OU
|rated
|clearpoke
|poke|p1|Tyranitar, F
|poke|p1|Excadrill, F
|poke|p1|Scizor, M
|poke|p1|Latias, F
|poke|p1|Gyarados, F
|poke|p1|Tornadus-Therian, M
|poke|p2|Suicune
|poke|p2|Talonflame, F
|poke|p2|Kyurem-Black, shiny
|poke|p2|Landorus-Therian, M
|poke|p2|Smeargle, F
|poke|p2|Metagross
|rule|Swagger Clause: Swagger is banned
|rule|Baton Pass Clause: Limit one PokÃ©mon knowing Baton Pass
|rule|Sleep Clause Mod: Limit one foe put to sleep
|rule|Species Clause: Limit one of each PokÃ©mon
|rule|OHKO Clause: OHKO moves are banned
|rule|Moody Clause: Moody is banned
|rule|Evasion Moves Clause: Evasion moves are banned
|rule|Endless Battle Clause: Forcing endless battles is banned
|rule|HP Percentage Mod: HP is shown in percentages
|teampreview
|
|start
|switch|p1a: Excadrill|Excadrill, F|361\/361
|switch|p2a: Smeargle|Smeargle, F|275\/275
|-item|p1a: Excadrill|Air Balloon
|turn|1
|
|switch|p1a: Latias|Latias, F|301\/301
|move|p2a: Smeargle|Spore|p1a: Latias
|-status|p1a: Latias|slp
|
|turn|2
|
|switch|p1a: Tyranitar|Tyranitar, F|403\/403
|-weather|Sandstorm
|move|p2a: Smeargle|Belly Drum|p2a: Smeargle
|-damage|p2a: Smeargle|138\/275
|-setboost|p2a: Smeargle|atk|6|[from] move: Belly Drum
|
|-weather|Sandstorm|[upkeep]
|-damage|p2a: Smeargle|121\/275|[from] sandstorm
|turn|3
|
|move|p2a: Smeargle|Mach Punch|p1a: Tyranitar
|-supereffective|p1a: Tyranitar
|-damage|p1a: Tyranitar|0 fnt
|faint|p1a: Tyranitar
|
|-weather|Sandstorm|[upkeep]
|-damage|p2a: Smeargle|104\/275|[from] sandstorm
|
|switch|p1a: Tornadus-Therian|Tornadus-Therian, M|299\/299
|turn|4
|
|move|p2a: Smeargle|Extreme Speed|p1a: Tornadus-Therian
|-damage|p1a: Tornadus-Therian|0 fnt
|faint|p1a: Tornadus-Therian
|
|-weather|Sandstorm|[upkeep]
|-damage|p2a: Smeargle|87\/275|[from] sandstorm
|
|switch|p1a: Scizor|Scizor, M|343\/343
|turn|5
|c|âlack of fear|cute
|
|move|p2a: Smeargle|Mach Punch|p1a: Scizor
|-damage|p1a: Scizor|252\/343
|move|p1a: Scizor|Bullet Punch|p2a: Smeargle
|-damage|p2a: Smeargle|0 fnt
|faint|p2a: Smeargle
|
|-weather|Sandstorm|[upkeep]
|-heal|p1a: Scizor|273\/343|[from] item: Leftovers
|
|switch|p2a: Talonflame|Talonflame, F|360\/360
|turn|6
|
|move|p2a: Talonflame|Brave Bird|p1a: Scizor
|-damage|p1a: Scizor|153\/343
|-damage|p2a: Talonflame|320\/360|[from] recoil|[of] p1a: Scizor
|move|p1a: Scizor|Baton Pass|p1a: Scizor
|
|switch|p1a: Excadrill|Excadrill, F|361\/361
|-item|p1a: Excadrill|Air Balloon
|
|-weather|Sandstorm|[upkeep]
|-damage|p2a: Talonflame|298\/360|[from] sandstorm
|-heal|p2a: Talonflame|320\/360|[from] item: Leftovers
|turn|7
|
|move|p1a: Excadrill|Iron Head|p2a: Talonflame
|-resisted|p2a: Talonflame
|-damage|p2a: Talonflame|213\/360
|move|p2a: Talonflame|Flare Blitz|p1a: Excadrill
|-supereffective|p1a: Excadrill
|-damage|p1a: Excadrill|0 fnt
|-enditem|p1a: Excadrill|Air Balloon
|-damage|p2a: Talonflame|94\/360|[from] recoil|[of] p1a: Excadrill
|faint|p1a: Excadrill
|
|-weather|Sandstorm|[upkeep]
|-damage|p2a: Talonflame|72\/360|[from] sandstorm
|-heal|p2a: Talonflame|94\/360|[from] item: Leftovers
|
|switch|p1a: Gyarados|Gyarados, F|331\/331
|-ability|p1a: Gyarados|Intimidate|[of] p2a: Talonflame
|-unboost|p2a: Talonflame|atk|1
|turn|8
|
|detailschange|p1a: Gyarados|Gyarados-Mega, F
|-mega|p1a: Gyarados|Gyarados|Gyaradosite
|-ability|p1a: Gyarados|Mold Breaker
|move|p2a: Talonflame|Tailwind|p2a: Talonflame
|-sidestart|p2: d3adalive|move: Tailwind
|move|p1a: Gyarados|Dragon Dance|p1a: Gyarados
|-boost|p1a: Gyarados|atk|1
|-boost|p1a: Gyarados|spe|1
|
|-weather|Sandstorm|[upkeep]
|-damage|p2a: Talonflame|72\/360|[from] sandstorm
|-damage|p1a: Gyarados|311\/331|[from] sandstorm
|-heal|p2a: Talonflame|94\/360|[from] item: Leftovers
|turn|9
|
|switch|p2a: Kyurem-Black|Kyurem-Black, shiny|397\/397
|-ability|p2a: Kyurem-Black|Teravolt
|move|p1a: Gyarados|Dragon Dance|p1a: Gyarados
|-boost|p1a: Gyarados|atk|1
|-boost|p1a: Gyarados|spe|1
|
|-weather|none
|turn|10
|
|move|p2a: Kyurem-Black|Fusion Bolt|p1a: Gyarados
|-supereffective|p1a: Gyarados
|-damage|p1a: Gyarados|33\/331
|move|p1a: Gyarados|Crunch|p2a: Kyurem-Black
|-damage|p2a: Kyurem-Black|16\/397
|
|turn|11
|
|switch|p1a: Latias|Latias, F|301\/301 slp
|move|p2a: Kyurem-Black|Fusion Bolt|p1a: Latias
|-resisted|p1a: Latias
|-damage|p1a: Latias|220\/301 slp
|
|-sideend|p2: d3adalive|move: Tailwind
|turn|12
|
|cant|p1a: Latias|slp
|move|p2a: Kyurem-Black|Dragon Claw|p1a: Latias
|-supereffective|p1a: Latias
|-damage|p1a: Latias|0 fnt
|faint|p1a: Latias
|
|
|switch|p1a: Scizor|Scizor, M|153\/343
|turn|13
|
|switch|p2a: Landorus-Therian|Landorus-Therian, M|369\/369
|-ability|p2a: Landorus-Therian|Intimidate|[of] p1a: Scizor
|-unboost|p1a: Scizor|atk|1
|move|p1a: Scizor|Roost|p1a: Scizor
|-heal|p1a: Scizor|325\/343
|
|-heal|p1a: Scizor|343\/343|[from] item: Leftovers
|turn|14
|
|move|p2a: Landorus-Therian|Earthquake|p1a: Scizor
|-damage|p1a: Scizor|111\/343
|move|p1a: Scizor|Swords Dance|p1a: Scizor
|-boost|p1a: Scizor|atk|2
|
|-heal|p1a: Scizor|132\/343|[from] item: Leftovers
|turn|15
|
|move|p2a: Landorus-Therian|Earthquake|p1a: Scizor
|-damage|p1a: Scizor|0 fnt
|faint|p1a: Scizor
|
|c|âlack of fear|gg
|
|switch|p1a: Gyarados|Gyarados-Mega, F|33\/331
|-ability|p1a: Gyarados|Mold Breaker
|turn|16
|c|âd3adalive|gg
|
|move|p1a: Gyarados|Waterfall|p2a: Landorus-Therian
|-supereffective|p2a: Landorus-Therian
|-damage|p2a: Landorus-Therian|3\/369
|move|p2a: Landorus-Therian|Earthquake|p1a: Gyarados
|-damage|p1a: Gyarados|0 fnt
|faint|p1a: Gyarados
|
|win|d3adalive
|raw|Ladder updating...
|leave|lack of fear
|raw|lack of fear's rating: 1416 &rarr; <strong>1392<\/strong><br \/>(-24 for losing)
|raw|d3adalive's rating: 1347 &rarr; <strong>1371<\/strong><br \/>(+24 for winning)
|player|p1