|join|CoolStoryBrobat
|join|Malissiah
|player|p1|CoolStoryBrobat|#coolstorybrobat
|player|p2|Malissiah|202
|gametype|singles
|gen|6
|tier|UU
|rated
|rule|Sleep Clause Mod: Limit one foe put to sleep
|rule|Species Clause: Limit one of each PokÃ©mon
|rule|OHKO Clause: OHKO moves are banned
|rule|Moody Clause: Moody is banned
|rule|Evasion Moves Clause: Evasion moves are banned
|rule|Endless Battle Clause: Forcing endless battles is banned
|rule|HP Percentage Mod: HP is shown in percentages
|clearpoke
|poke|p1|Abomasnow, M
|poke|p1|Alakazam, F
|poke|p1|Suicune
|poke|p1|Crobat, F
|poke|p1|Umbreon, F
|poke|p1|Hippowdon, M
|poke|p2|Shedinja
|poke|p2|Absol, F
|poke|p2|Xatu, M
|poke|p2|Cobalion
|poke|p2|Archeops, F
|poke|p2|Tentacruel, F
|rule|Swagger Clause: Swagger is banned
|rule|Baton Pass Clause: Limit one PokÃ©mon knowing Baton Pass
|teampreview
|join|BenzMafia
|
|start
|switch|p1a: Suicune|Suicune|404\/404
|switch|p2a: Redneck|Archeops, F|354\/354
|-ability|p1a: Suicune|Pressure
|turn|1
|
|switch|p1a: Alakazam|Alakazam, F|251\/251
|move|p2a: Redneck|U-turn|p1a: Alakazam
|-supereffective|p1a: Alakazam
|-damage|p1a: Alakazam|0 fnt
|faint|p1a: Alakazam
|join|Nice Joke LMOA
|join|Latias tho
|
|switch|p2a: Ten Tickles|Tentacruel, F|364\/364
|
|
|switch|p1a: Abomasnow|Abomasnow, M|321\/321
|-weather|Hail
|turn|2
|join|Cyndequil
|join|oat meal slayer
|c| Latias tho|.-.
|
|switch|p2a: Combat Clothes|Cobalion|386\/386
|move|p1a: Abomasnow|Wood Hammer|p2a: Combat Clothes
|-resisted|p2a: Combat Clothes
|-damage|p2a: Combat Clothes|300\/386
|-damage|p1a: Abomasnow|293\/321|[from] recoil|[of] p2a: Combat Clothes
|-damage|p1a: Abomasnow|261\/321|[from] item: Life Orb
|
|-weather|Hail|[upkeep]
|-damage|p2a: Combat Clothes|276\/386|[from] hail
|turn|3
|join|4FS
|
|switch|p1a: Suicune|Suicune|404\/404
|-ability|p1a: Suicune|Pressure
|move|p2a: Combat Clothes|Iron Head|p1a: Suicune
|-resisted|p1a: Suicune
|-damage|p1a: Suicune|372\/404
|
|-weather|Hail|[upkeep]
|-damage|p2a: Combat Clothes|252\/386|[from] hail
|-damage|p1a: Suicune|347\/404|[from] hail
|-heal|p1a: Suicune|372\/404|[from] item: Leftovers
|turn|4
|join|ancient power ttar
|
|move|p2a: Combat Clothes|Volt Switch|p1a: Suicune
|-supereffective|p1a: Suicune
|-damage|p1a: Suicune|290\/404
|join|Nyke Elite
|
|switch|p2a: Shedshell|Shedinja|1\/1
|move|p1a: Suicune|Scald|p2a: Shedshell
|-activate|p2a: Shedshell|ability: Wonder Guard
|
|-weather|Hail|[upkeep]
|-damage|p1a: Suicune|265\/404|[from] hail
|-damage|p2a: Shedshell|0 fnt|[from] hail
|-heal|p1a: Suicune|290\/404|[from] item: Leftovers
|faint|p2a: Shedshell
|c| Latias tho|smh
|c| Nyke Elite|bruh.
|c| Cyndequil|sacking win con
|c| oat meal slayer|did dmt have archeops on it
|c| Cyndequil|10\/10
|c|âCoolStoryBrobat|yes
|c| Cyndequil|yes
|
|switch|p2a: Redneck|Archeops, F|354\/354
|turn|5
|join|sniperaim
|
|move|p2a: Redneck|U-turn|p1a: Suicune
|-damage|p1a: Suicune|240\/404
|
|switch|p2a: Ten Tickles|Tentacruel, F|364\/364
|move|p1a: Suicune|Scald|p2a: Ten Tickles
|-resisted|p2a: Ten Tickles
|-damage|p2a: Ten Tickles|331\/364
|
|-weather|Hail|[upkeep]
|-damage|p1a: Suicune|215\/404|[from] hail
|-damage|p2a: Ten Tickles|309\/364|[from] hail
|-heal|p1a: Suicune|240\/404|[from] item: Leftovers
|-heal|p2a: Ten Tickles|331\/364|[from] item: Black Sludge
|turn|6
|join|bloody zelda
|join|Luna is AIDS
|c| bloody zelda|wait
|join|Starmeiâ¥
|
|switch|p1a: Abomasnow|Abomasnow, M|261\/321
|move|p2a: Ten Tickles|Toxic Spikes|p1a: Abomasnow
|-sidestart|p1: CoolStoryBrobat|move: Toxic Spikes
|
|-weather|none
|-heal|p2a: Ten Tickles|353\/364|[from] item: Black Sludge
|turn|7
|c| bloody zelda|CoolStoryBrobat
|c| bloody zelda|arent u our owner?
|c|âCoolStoryBrobat|Yeah
|join|BurstStream
|
|switch|p2a: Combat Clothes|Cobalion|252\/386
|move|p1a: Abomasnow|Focus Blast|p2a: Combat Clothes
|-supereffective|p2a: Combat Clothes
|-damage|p2a: Combat Clothes|0 fnt
|-damage|p1a: Abomasnow|229\/321|[from] item: Life Orb
|faint|p2a: Combat Clothes
|
|c|âCoolStoryBrobat|Go make me a sandwich, slave
|c| Cyndequil|>our owner
|c| oat meal slayer|>our
|
|switch|p2a: Redneck|Archeops, F|354\/354
|turn|8
|leave|BurstStream
|
|move|p1a: Abomasnow|Ice Shard|p2a: Redneck
|-supereffective|p2a: Redneck
|-damage|p2a: Redneck|167\/354
|-damage|p1a: Abomasnow|197\/321|[from] item: Life Orb
|move|p2a: Redneck|Switcheroo|p1a: Abomasnow
|-activate|p2a: Redneck|move: Trick|[of] p1a: Abomasnow
|-item|p1a: Abomasnow|Choice Scarf|[from] Trick
|-item|p2a: Redneck|Life Orb|[from] Trick
|
|turn|9
|c| Luna is AIDS|kek
|c| sniperaim|um ok
|c| oat meal slayer|did dmt just turn creative
|
|move|p2a: Redneck|U-turn|p1a: Abomasnow
|-supereffective|p1a: Abomasnow
|-damage|p1a: Abomasnow|85\/321
|-damage|p2a: Redneck|132\/354|[from] item: Life Orb
|c| bloody zelda|NO
|c| bloody zelda|IM NOT A SLAVE
|
|switch|p2a: Ten Tickles|Tentacruel, F|353\/364
|move|p1a: Abomasnow|Wood Hammer|p2a: Ten Tickles
|-damage|p2a: Ten Tickles|124\/364
|-damage|p1a: Abomasnow|9\/321|[from] recoil|[of] p2a: Ten Tickles
|
|-heal|p2a: Ten Tickles|146\/364|[from] item: Black Sludge
|turn|10
|c|âCoolStoryBrobat|Predicting that Switcheroo is what got me screwed on that 1st turn
|c| oat meal slayer|o so switcheroo arch is like standard stuff
|
|switch|p2a: DOOT DOOT|Xatu, M|271\/271
|move|p1a: Abomasnow|Wood Hammer|p2a: DOOT DOOT
|-resisted|p2a: DOOT DOOT
|-damage|p2a: DOOT DOOT|204\/271
|-damage|p1a: Abomasnow|0 fnt|[from] item: Rocky Helmet|[of] p2a: DOOT DOOT
|faint|p1a: Abomasnow
|
|c|âCoolStoryBrobat|No
|c|âCoolStoryBrobat|I just know DMT's team
|c|âCoolStoryBrobat|I read the RMT and whatnot
|
|switch|p1a: Brobat|Crobat, F|335\/335
|turn|11
|
|move|p1a: Brobat|Defog|p2a: DOOT DOOT
|move|p2a: DOOT DOOT|Defog|p1a: Brobat|[from]Magic Bounce
|-unboost|p1a: Brobat|evasion|1
|-sideend|p1: CoolStoryBrobat|Toxic Spikes|[from] move: Defog|[of] p1a: Brobat
|move|p2a: DOOT DOOT|Roost|p2a: DOOT DOOT
|-heal|p2a: DOOT DOOT|271\/271
|
|turn|12
|
|move|p1a: Brobat|U-turn|p2a: DOOT DOOT
|-crit|p2a: DOOT DOOT
|-damage|p2a: DOOT DOOT|184\/271
|-damage|p1a: Brobat|280\/335|[from] item: Rocky Helmet|[of] p2a: DOOT DOOT
|
|switch|p1a: Umbreon|Umbreon, F|394\/394
|move|p2a: DOOT DOOT|Night Shade|p1a: Umbreon
|-damage|p1a: Umbreon|294\/394
|
|-heal|p1a: Umbreon|318\/394|[from] item: Leftovers
|turn|13
|
|move|p2a: DOOT DOOT|U-turn|p1a: Umbreon
|-supereffective|p1a: Umbreon
|-damage|p1a: Umbreon|252\/394
|
|switch|p2a: Ten Tickles|Tentacruel, F|146\/364
|move|p1a: Umbreon|Foul Play|p2a: Ten Tickles
|-damage|p2a: Ten Tickles|56\/364
|
|-heal|p2a: Ten Tickles|78\/364|[from] item: Black Sludge
|-heal|p1a: Umbreon|276\/394|[from] item: Leftovers
|turn|14
|leave|Nice Joke LMOA
|c| sniperaim|i just noticed the win condition is dead
|
|move|p2a: Ten Tickles|Toxic Spikes|p1a: Umbreon
|-sidestart|p1: CoolStoryBrobat|move: Toxic Spikes
|move|p1a: Umbreon|Foul Play|p2a: Ten Tickles
|-damage|p2a: Ten Tickles|0 fnt
|faint|p2a: Ten Tickles
|
|-heal|p1a: Umbreon|300\/394|[from] item: Leftovers
|c| sniperaim|whats the even the point of playing now
|c|âCoolStoryBrobat|Respekt
|
|switch|p2a: Catwutman|Absol, F|271\/271
|turn|15
|c| sniperaim|lol
|
|detailschange|p2a: Catwutman|Absol-Mega, F
|message|Absol has Mega Evolved into Mega Absol!
|move|p2a: Catwutman|Swords Dance|p2a: Catwutman
|-boost|p2a: Catwutman|atk|2
|move|p1a: Umbreon|Foul Play|p2a: Catwutman
|-resisted|p2a: Catwutman
|-damage|p2a: Catwutman|0 fnt
|faint|p2a: Catwutman
|
|-heal|p1a: Umbreon|324\/394|[from] item: Leftovers
|c| Latias tho|kek
|c| bloody zelda|sniper aim - pokeaim?
|c|âCoolStoryBrobat|yeah
|c| sniperaim|yes
|c| Cyndequil|.
|c| Latias tho|oooo
|c| Cyndequil|..
|c| Latias tho|revealed
|c| bloody zelda|lol
|c|âCoolStoryBrobat|Can't believe you saw thru that
|join|MegaShuckle2015
|
|switch|p2a: Redneck|Archeops, F|132\/354
|turn|16
|c| oat meal slayer|sniperaim are u this famous snapper ive heard everyone talking about
|
|move|p2a: Redneck|U-turn|p1a: Umbreon
|-supereffective|p1a: Umbreon
|-damage|p1a: Umbreon|241\/394
|-damage|p2a: Redneck|97\/354|[from] item: Life Orb
|
|switch|p2a: DOOT DOOT|Xatu, M|184\/271
|move|p1a: Umbreon|Foul Play|p2a: DOOT DOOT
|-supereffective|p2a: DOOT DOOT
|-damage|p2a: DOOT DOOT|64\/271
|-damage|p1a: Umbreon|176\/394|[from] item: Rocky Helmet|[of] p2a: DOOT DOOT
|
|-heal|p1a: Umbreon|200\/394|[from] item: Leftovers
|turn|17
|c| sniperaim|yes
|join|PLOF
|
|move|p2a: DOOT DOOT|Roost|p2a: DOOT DOOT
|-heal|p2a: DOOT DOOT|200\/271
|move|p1a: Umbreon|Wish|p1a: Umbreon
|
|-heal|p1a: Umbreon|224\/394|[from] item: Leftovers
|turn|18
|c| Latias tho|go for toxic and then get bounced back
|c| Latias tho|n_n
|
|move|p2a: DOOT DOOT|Night Shade|p1a: Umbreon
|-damage|p1a: Umbreon|124\/394
|move|p1a: Umbreon|Foul Play|p2a: DOOT DOOT
|-supereffective|p2a: DOOT DOOT
|-damage|p2a: DOOT DOOT|80\/271
|-damage|p1a: Umbreon|59\/394|[from] item: Rocky Helmet|[of] p2a: DOOT DOOT
|
|-heal|p1a: Umbreon|256\/394|[from] move: Wish|[wisher] Umbreon
|-heal|p1a: Umbreon|280\/394|[from] item: Leftovers
|turn|19
|join|YeLlOw...SkArMoRy
|c|âCoolStoryBrobat|Wish I had it
|c| Latias tho|and then synchonise n_n
|
|switch|p1a: Brobat|Crobat, F|280\/335
|move|p2a: DOOT DOOT|Night Shade|p1a: Brobat
|-damage|p1a: Brobat|180\/335
|
|-heal|p1a: Brobat|200\/335|[from] item: Black Sludge
|turn|20
|leave|YeLlOw...SkArMoRy
|c| oat meal slayer|wot no sky pl8
|
|move|p1a: Brobat|Brave Bird|p2a: DOOT DOOT
|-damage|p2a: DOOT DOOT|0 fnt
|-damage|p1a: Brobat|145\/335|[from] item: Rocky Helmet|[of] p2a: DOOT DOOT
|-damage|p1a: Brobat|119\/335|[from] recoil|[of] p2a: DOOT DOOT
|faint|p2a: DOOT DOOT
|
|-heal|p1a: Brobat|139\/335|[from] item: Black Sludge
|c|âCoolStoryBrobat|That's for women
|c| BenzMafia|nah it's inner focus umbreon for jirachi
|c| oat meal slayer|ur a woman
|c|âCoolStoryBrobat|Real men drink Sludge
|c| bloody zelda|1 bet my roomowner gonna win
|
|switch|p2a: Redneck|Archeops, F|97\/354
|turn|21
|join|YeLlOw...SkArMoRy
|
|move|p1a: Brobat|Brave Bird|p2a: Redneck
|-crit|p2a: Redneck
|-resisted|p2a: Redneck
|-damage|p2a: Redneck|0 fnt
|-damage|p1a: Brobat|107\/335|[from] recoil|[of] p2a: Redneck
|faint|p2a: Redneck
|
|win|CoolStoryBrobat
|raw|Ladder updating...
|raw|CoolStoryBrobat's rating: 1456 &rarr; <strong>1469<\/strong><br \/>(+13 for winning)
|raw|Malissiah's rating: 1338 &rarr; <strong>1324<\/strong><br \/>(-14 for losing)
|c| bloody zelda|that crit tho
|leave|CoolStoryBrobat
|player|p1
|leave|Latias tho
|leave|Cyndequil
|leave|Luna is AIDS
|leave|YeLlOw...SkArMoRy
|leave|BenzMafia
|leave|oat meal slayer
|leave|sniperaim