|join|CoolStoryBrobat
|join|DerpToTheMax
|join|Kyla's Nightmare
|join|Spuun
|player|p1|CoolStoryBrobat|212
|player|p2|DerpToTheMax|3
|gametype|singles
|gen|6
|tier|UU
|rule|Sleep Clause Mod: Limit one foe put to sleep
|rule|Species Clause: Limit one of each PokÃ©mon
|rule|OHKO Clause: OHKO moves are banned
|rule|Moody Clause: Moody is banned
|rule|Evasion Moves Clause: Evasion moves are banned
|rule|Endless Battle Clause: Forcing endless battles is banned
|rule|HP Percentage Mod: HP is shown in percentages
|clearpoke
|poke|p1|Ampharos, M
|poke|p1|Mienshao, F
|poke|p1|Whimsicott, F
|poke|p1|Vaporeon, F
|poke|p1|Gligar, F
|poke|p1|Jirachi
|poke|p2|Azelf
|poke|p2|Ditto, shiny
|poke|p2|Blissey, F, shiny
|poke|p2|Volbeat, M, shiny
|poke|p2|Alakazam, F
|poke|p2|Scrafty, F, shiny
|rule|Swagger Clause: Swagger is banned
|rule|Baton Pass Clause: Limit one PokÃ©mon knowing Baton Pass
|teampreview
|
|start
|switch|p1a: Jirachi|Jirachi|341\/341
|switch|p2a: Beat yo up|Volbeat, M, shiny|333\/333
|turn|1
|join|xMarth
|
|switch|p1a: Ampharos|Ampharos, M|329\/329
|move|p2a: Beat yo up|Thunder Wave|p1a: Ampharos
|-fail|p1a: Ampharos
|
|turn|2
|join|aim's student
|
|detailschange|p1a: Ampharos|Ampharos-Mega, M
|-mega|p1a: Ampharos|Ampharos|Ampharosite
|-ability|p1a: Ampharos|Mold Breaker
|move|p2a: Beat yo up|Substitute|p2a: Beat yo up
|-start|p2a: Beat yo up|Substitute
|-damage|p2a: Beat yo up|250\/333
|move|p1a: Ampharos|Thunderbolt|p2a: Beat yo up
|-end|p2a: Beat yo up|Substitute
|
|-heal|p2a: Beat yo up|270\/333|[from] item: Leftovers
|turn|3
|leave|aim's student
|join|Orei
|
|move|p2a: Beat yo up|Tail Glow|p2a: Beat yo up
|-boost|p2a: Beat yo up|spa|3
|move|p1a: Ampharos|Thunderbolt|p2a: Beat yo up
|-damage|p2a: Beat yo up|104\/333
|
|-heal|p2a: Beat yo up|124\/333|[from] item: Leftovers
|turn|4
|
|move|p2a: Beat yo up|Baton Pass|p2a: Beat yo up
|
|switch|p2a: Kazam|Alakazam, F|251\/251
|move|p1a: Ampharos|Thunderbolt|p2a: Kazam
|-crit|p2a: Kazam
|-damage|p2a: Kazam|0 fnt
|faint|p2a: Kazam
|
|c|âDerpToTheMax|nooooo
|c|âCoolStoryBrobat|Not like the crit would've made any type of difference or anything
|
|switch|p2a: Punk|Scrafty, F, shiny|271\/271
|turn|5
|c|âDerpToTheMax|rUde
|
|move|p2a: Punk|Dragon Dance|p2a: Punk
|-boost|p2a: Punk|atk|1
|-boost|p2a: Punk|spe|1
|move|p1a: Ampharos|Focus Blast|p2a: Punk
|-supereffective|p2a: Punk
|-damage|p2a: Punk|0 fnt
|faint|p2a: Punk
|
|
|switch|p2a: 2.0|Ditto, shiny|299\/299
|-transform|p2a: 2.0|p1a: Ampharos
|-ability|p2a: 2.0|Mold Breaker
|turn|6
|
|switch|p1a: Gligar|Gligar, F|333\/333
|move|p2a: 2.0|Dragon Pulse|p1a: Gligar
|-damage|p1a: Gligar|221\/333
|
|turn|7
|
|switch|p2a: Beat yo up|Volbeat, M, shiny|124\/333
|switch|p1a: Whimsicott|Whimsicott, F|261\/261
|
|-heal|p2a: Beat yo up|144\/333|[from] item: Leftovers
|turn|8
|leave|Spuun
|
|move|p2a: Beat yo up|Tail Glow|p2a: Beat yo up
|-boost|p2a: Beat yo up|spa|3
|move|p1a: Whimsicott|Moonblast|p2a: Beat yo up
|-damage|p2a: Beat yo up|38\/333
|
|-heal|p2a: Beat yo up|58\/333|[from] item: Leftovers
|turn|9
|
|move|p2a: Beat yo up|Baton Pass|p2a: Beat yo up
|
|switch|p2a: Myzelf|Azelf|291\/291
|move|p1a: Whimsicott|Moonblast|p2a: Myzelf
|-damage|p2a: Myzelf|138\/291
|
|turn|10
|c|âDerpToTheMax|now for pain
|
|move|p1a: Whimsicott|Moonblast|p2a: Myzelf
|-damage|p2a: Myzelf|0 fnt
|faint|p2a: Myzelf
|
|c|âCoolStoryBrobat|indeed
|c|âDerpToTheMax|so fast
|c|âDerpToTheMax|;-;
|
|switch|p2a: Beat yo up|Volbeat, M, shiny|58\/333
|turn|11
|c|âDerpToTheMax|should have t waved
|
|move|p2a: Beat yo up|Thunder Wave|p1a: Whimsicott
|-status|p1a: Whimsicott|par
|move|p1a: Whimsicott|Moonblast|p2a: Beat yo up
|-damage|p2a: Beat yo up|0 fnt
|faint|p2a: Beat yo up
|
|
|switch|p2a: Monster 5|Blissey, F, shiny|714\/714
|turn|12
|c|âDerpToTheMax|gg
|
|move|p2a: Monster 5|Seismic Toss|p1a: Whimsicott
|-damage|p1a: Whimsicott|161\/261 par
|move|p1a: Whimsicott|U-turn|p2a: Monster 5
|-damage|p2a: Monster 5|658\/714
|
|switch|p1a: Mienshao|Mienshao, F|271\/271
|
|-heal|p2a: Monster 5|702\/714|[from] item: Leftovers
|turn|13
|
|move|p1a: Mienshao|Knock Off|p2a: Monster 5
|-damage|p2a: Monster 5|456\/714
|-enditem|p2a: Monster 5|Leftovers|[from] move: Knock Off|[of] p1a: Mienshao
|-damage|p1a: Mienshao|244\/271|[from] item: Life Orb
|move|p2a: Monster 5|Counter|p1a: Mienshao
|-damage|p1a: Mienshao|0 fnt
|faint|p1a: Mienshao
|
|c|âDerpToTheMax|yay
|c|âDerpToTheMax|not 6-0
|
|switch|p1a: Jirachi|Jirachi|341\/341
|turn|14
|
|move|p1a: Jirachi|Iron Head|p2a: Monster 5
|-damage|p2a: Monster 5|239\/714
|cant|p2a: Monster 5|flinch
|
|turn|15
|
|move|p1a: Jirachi|Iron Head|p2a: Monster 5
|-damage|p2a: Monster 5|38\/714
|cant|p2a: Monster 5|flinch
|
|turn|16
|
|move|p1a: Jirachi|Iron Head|p2a: Monster 5
|-damage|p2a: Monster 5|0 fnt
|faint|p2a: Monster 5
|
|leave|xMarth
|
|switch|p2a: 2.0|Ditto, shiny|299\/299
|-transform|p2a: 2.0|p1a: Jirachi
|turn|17
|c|âDerpToTheMax|welp
|c|âDerpToTheMax|gg
|c|âCoolStoryBrobat|gg
|
|switch|p1a: Ampharos|Ampharos-Mega, M|329\/329
|-ability|p1a: Ampharos|Mold Breaker
|move|p2a: 2.0|Iron Head|p1a: Ampharos
|-resisted|p1a: Ampharos
|-damage|p1a: Ampharos|269\/329
|
|turn|18
|
|move|p2a: 2.0|Iron Head|p1a: Ampharos
|-resisted|p1a: Ampharos
|-damage|p1a: Ampharos|211\/329
|move|p1a: Ampharos|Thunderbolt|p2a: 2.0
|-damage|p2a: 2.0|106\/299
|
|turn|19
|c|âDerpToTheMax|4 more turns
|c|âDerpToTheMax|or not
|
|move|p2a: 2.0|Iron Head|p1a: Ampharos
|-resisted|p1a: Ampharos
|-damage|p1a: Ampharos|158\/329
|cant|p1a: Ampharos|flinch
|
|turn|20
|
|move|p2a: 2.0|Iron Head|p1a: Ampharos
|-crit|p1a: Ampharos
|-resisted|p1a: Ampharos
|-damage|p1a: Ampharos|74\/329
|move|p1a: Ampharos|Thunderbolt|p2a: 2.0
|-damage|p2a: 2.0|0 fnt
|faint|p2a: 2.0
|
|win|CoolStoryBrobat
|c|âDerpToTheMax|gg
|c|âCoolStoryBrobat|gg
|leave|DerpToTheMax
|leave|CoolStoryBrobat
|player|p2
|player|p1