|join|Typhozzz
|join|CoolStoryBrobat
|player|p1|Typhozzz|143
|player|p2|CoolStoryBrobat|#coolstorybrobat
|gametype|singles
|gen|6
|tier|UU
|rule|Sleep Clause Mod: Limit one foe put to sleep
|rule|Species Clause: Limit one of each PokÃ©mon
|rule|OHKO Clause: OHKO moves are banned
|rule|Moody Clause: Moody is banned
|rule|Evasion Moves Clause: Evasion moves are banned
|rule|Endless Battle Clause: Forcing endless battles is banned
|rule|HP Percentage Mod: HP is shown in percentages
|clearpoke
|poke|p1|Zygarde
|poke|p1|Gallade, M
|poke|p1|Galvantula, M
|poke|p1|Blissey, F
|poke|p1|Empoleon, M
|poke|p1|Darmanitan, M
|poke|p2|Gallade, M
|poke|p2|Rhyperior, M
|poke|p2|Rotom-Mow
|poke|p2|Tentacruel, M
|poke|p2|Umbreon, M
|poke|p2|Doublade, M
|rule|Swagger Clause: Swagger is banned
|rule|Baton Pass Clause: Limit one PokÃ©mon knowing Baton Pass
|teampreview
|c|âTyphozzz|oh lord
|c|âTyphozzz|lol gl hf
|c|âCoolStoryBrobat|Have fun
|
|start
|switch|p1a: Darmanitan|Darmanitan, M|351\/351
|switch|p2a: Rocksteady|Rhyperior, M|433\/433
|turn|1
|join|BenzMafia
|c|âTyphozzz|ur team is pretty scary
|join|Moniker
|
|move|p1a: Darmanitan|U-turn|p2a: Rocksteady
|-damage|p2a: Rocksteady|366\/433
|
|switch|p1a: Zygarde|Zygarde|407\/407
|-ability|p1a: Zygarde|Aura Break
|move|p2a: Rocksteady|Earthquake|p1a: Zygarde
|-damage|p1a: Zygarde|260\/407
|
|-heal|p1a: Zygarde|285\/407|[from] item: Leftovers
|-heal|p2a: Rocksteady|393\/433|[from] item: Leftovers
|turn|2
|
|switch|p2a: Dem Chores|Rotom-Mow|271\/271
|move|p1a: Zygarde|Dragon Tail|p2a: Dem Chores
|-damage|p2a: Dem Chores|202\/271
|drag|p2a: Hombreon|Umbreon, M|394\/394
|
|-heal|p1a: Zygarde|310\/407|[from] item: Leftovers
|turn|3
|
|switch|p1a: Gallade|Gallade, M|277\/277
|move|p2a: Hombreon|Foul Play|p1a: Gallade
|-damage|p1a: Gallade|60\/277
|-boost|p1a: Gallade|atk|1|[from] ability: Justified
|
|turn|4
|c|âTyphozzz|bad play lol
|
|switch|p2a: 2 Bladez|Doublade, M|322\/322
|detailschange|p1a: Gallade|Gallade-Mega, M
|message|Gallade has Mega Evolved into Mega Gallade!
|move|p1a: Gallade|Knock Off|p2a: 2 Bladez
|-supereffective|p2a: 2 Bladez
|-damage|p2a: 2 Bladez|144\/322
|-enditem|p2a: 2 Bladez|Eviolite|[from] move: Knock Off|[of] p1a: Gallade
|
|turn|5
|
|switch|p1a: Blissey|Blissey, F|714\/714
|move|p2a: 2 Bladez|Shadow Sneak|p1a: Blissey
|-immune|p1a: Blissey|[msg]
|
|turn|6
|
|switch|p1a: Darmanitan|Darmanitan, M|351\/351
|move|p2a: 2 Bladez|Swords Dance|p2a: 2 Bladez
|-boost|p2a: 2 Bladez|atk|2
|
|turn|7
|
|switch|p2a: Rocksteady|Rhyperior, M|393\/433
|move|p1a: Darmanitan|Flare Blitz|p2a: Rocksteady
|-resisted|p2a: Rocksteady
|-damage|p2a: Rocksteady|270\/433
|-damage|p1a: Darmanitan|310\/351|[from] recoil|[of] p2a: Rocksteady
|
|-heal|p2a: Rocksteady|297\/433|[from] item: Leftovers
|turn|8
|
|switch|p1a: Blissey|Blissey, F|714\/714
|move|p2a: Rocksteady|Earthquake|p1a: Blissey
|-damage|p1a: Blissey|386\/714
|
|-heal|p1a: Blissey|430\/714|[from] item: Leftovers
|-heal|p2a: Rocksteady|324\/433|[from] item: Leftovers
|turn|9
|
|move|p1a: Blissey|Soft-Boiled|p1a: Blissey
|-heal|p1a: Blissey|714\/714
|move|p2a: Rocksteady|Stealth Rock|p1a: Blissey
|-sidestart|p1: Typhozzz|move: Stealth Rock
|
|-heal|p2a: Rocksteady|351\/433|[from] item: Leftovers
|turn|10
|
|move|p1a: Blissey|Seismic Toss|p2a: Rocksteady
|-damage|p2a: Rocksteady|251\/433
|move|p2a: Rocksteady|Earthquake|p1a: Blissey
|-damage|p1a: Blissey|399\/714
|
|-heal|p1a: Blissey|443\/714|[from] item: Leftovers
|-heal|p2a: Rocksteady|278\/433|[from] item: Leftovers
|turn|11
|
|switch|p2a: Seto Kaiba|Gallade, M|277\/277
|move|p1a: Blissey|Seismic Toss|p2a: Seto Kaiba
|-damage|p2a: Seto Kaiba|177\/277
|
|-heal|p1a: Blissey|487\/714|[from] item: Leftovers
|turn|12
|
|switch|p1a: Zygarde|Zygarde|310\/407
|-damage|p1a: Zygarde|285\/407|[from] Stealth Rock
|-ability|p1a: Zygarde|Aura Break
|detailschange|p2a: Seto Kaiba|Gallade-Mega, M
|message|Gallade has Mega Evolved into Mega Gallade!
|move|p2a: Seto Kaiba|Swords Dance|p2a: Seto Kaiba
|-boost|p2a: Seto Kaiba|atk|2
|
|-heal|p1a: Zygarde|310\/407|[from] item: Leftovers
|turn|13
|c|âTyphozzz|i think i lose now lol
|join|Tom Bus
|c|âTyphozzz|yup
|c|âCoolStoryBrobat|Bout to get sent to that shadow realm
|
|move|p2a: Seto Kaiba|Close Combat|p1a: Zygarde
|-damage|p1a: Zygarde|0 fnt
|-unboost|p2a: Seto Kaiba|def|1
|-unboost|p2a: Seto Kaiba|spd|1
|faint|p1a: Zygarde
|
|c|âTyphozzz|lol
|c|âTyphozzz|gawn
|
|switch|p1a: Darmanitan|Darmanitan, M|310\/351
|-damage|p1a: Darmanitan|223\/351|[from] Stealth Rock
|turn|14
|c|âTyphozzz|if u have sneak its gg
|
|switch|p2a: Rocksteady|Rhyperior, M|278\/433
|move|p1a: Darmanitan|Flare Blitz|p2a: Rocksteady
|-resisted|p2a: Rocksteady
|-damage|p2a: Rocksteady|164\/433
|-damage|p1a: Darmanitan|185\/351|[from] recoil|[of] p2a: Rocksteady
|
|-heal|p2a: Rocksteady|191\/433|[from] item: Leftovers
|turn|15
|
|switch|p1a: Blissey|Blissey, F|487\/714
|-damage|p1a: Blissey|398\/714|[from] Stealth Rock
|move|p2a: Rocksteady|Earthquake|p1a: Blissey
|-damage|p1a: Blissey|76\/714
|
|-heal|p1a: Blissey|120\/714|[from] item: Leftovers
|-heal|p2a: Rocksteady|218\/433|[from] item: Leftovers
|turn|16
|c| Tom Bus|would sneak KO from there?
|c|âCoolStoryBrobat|No
|c|âTyphozzz|plus 2?
|c|âCoolStoryBrobat|Trust me I did the research
|
|switch|p2a: 2 Bladez|Doublade, M|144\/322
|move|p1a: Blissey|Toxic|p2a: 2 Bladez
|-fail|p2a: 2 Bladez
|
|-heal|p1a: Blissey|164\/714|[from] item: Leftovers
|turn|17
|
|move|p1a: Blissey|Soft-Boiled|p1a: Blissey
|-heal|p1a: Blissey|521\/714
|move|p2a: 2 Bladez|Swords Dance|p2a: 2 Bladez
|-boost|p2a: 2 Bladez|atk|2
|
|-heal|p1a: Blissey|565\/714|[from] item: Leftovers
|turn|18
|c| BenzMafia|non stab 40 bp move
|
|switch|p1a: Galvantula|Galvantula, M|281\/281
|-damage|p1a: Galvantula|211\/281|[from] Stealth Rock
|move|p2a: 2 Bladez|Sacred Sword|p1a: Galvantula
|-resisted|p1a: Galvantula
|-damage|p1a: Galvantula|56\/281
|
|turn|19
|c|âTyphozzz|ahhh
|
|switch|p1a: Blissey|Blissey, F|565\/714
|-damage|p1a: Blissey|476\/714|[from] Stealth Rock
|move|p2a: 2 Bladez|Shadow Sneak|p1a: Blissey
|-immune|p1a: Blissey|[msg]
|
|-heal|p1a: Blissey|520\/714|[from] item: Leftovers
|turn|20
|join|Moonblasted
|c|âTyphozzz|idk what to do lolol
|c| Moonblasted|coolstorybrobat
|c| Moonblasted|is the king
|
|move|p1a: Blissey|Soft-Boiled|p1a: Blissey
|-heal|p1a: Blissey|714\/714
|move|p2a: 2 Bladez|Sacred Sword|p1a: Blissey
|-supereffective|p1a: Blissey
|-damage|p1a: Blissey|12\/714
|
|-heal|p1a: Blissey|56\/714|[from] item: Leftovers
|turn|21
|
|move|p1a: Blissey|Seismic Toss|p2a: 2 Bladez
|-immune|p2a: 2 Bladez|[msg]
|move|p2a: 2 Bladez|Sacred Sword|p1a: Blissey
|-supereffective|p1a: Blissey
|-damage|p1a: Blissey|0 fnt
|faint|p1a: Blissey
|
|
|switch|p1a: Empoleon|Empoleon, M|372\/372
|-damage|p1a: Empoleon|349\/372|[from] Stealth Rock
|turn|22
|join|rockerLC
|
|switch|p2a: Dem Chores|Rotom-Mow|202\/271
|move|p1a: Empoleon|Scald|p2a: Dem Chores
|-resisted|p2a: Dem Chores
|-damage|p2a: Dem Chores|157\/271
|
|-heal|p1a: Empoleon|372\/372|[from] item: Leftovers
|turn|23
|
|move|p2a: Dem Chores|Volt Switch|p1a: Empoleon
|-supereffective|p1a: Empoleon
|-damage|p1a: Empoleon|132\/372
|
|switch|p2a: Hombreon|Umbreon, M|394\/394
|move|p1a: Empoleon|Defog|p2a: Hombreon
|-unboost|p2a: Hombreon|evasion|1
|-sideend|p1: Typhozzz|Stealth Rock|[from] move: Defog|[of] p1a: Empoleon
|
|-heal|p1a: Empoleon|155\/372|[from] item: Leftovers
|turn|24
|
|move|p2a: Hombreon|Foul Play|p1a: Empoleon
|-damage|p1a: Empoleon|64\/372
|move|p1a: Empoleon|Stealth Rock|p2a: Hombreon
|-sidestart|p2: CoolStoryBrobat|move: Stealth Rock
|
|-heal|p1a: Empoleon|87\/372|[from] item: Leftovers
|turn|25
|
|move|p2a: Hombreon|Foul Play|p1a: Empoleon
|-damage|p1a: Empoleon|0 fnt
|faint|p1a: Empoleon
|
|c| Tom Bus|gallade countersweep imo
|
|switch|p1a: Gallade|Gallade-Mega, M|60\/277
|turn|26
|c| Tom Bus|oh
|c| Tom Bus|22%
|c|âTyphozzz|lol yea
|c|âTyphozzz|...
|
|move|p1a: Gallade|Knock Off|p2a: Hombreon
|-crit|p2a: Hombreon
|-resisted|p2a: Hombreon
|-damage|p2a: Hombreon|294\/394
|-enditem|p2a: Hombreon|Leftovers|[from] move: Knock Off|[of] p1a: Gallade
|move|p2a: Hombreon|Foul Play|p1a: Gallade
|-damage|p1a: Gallade|0 fnt
|faint|p1a: Gallade
|
|c|âTyphozzz|fak
|
|switch|p1a: Darmanitan|Darmanitan, M|185\/351
|turn|27
|c|âTyphozzz|dam i suck lol
|
|move|p1a: Darmanitan|Superpower|p2a: Hombreon
|-supereffective|p2a: Hombreon
|-damage|p2a: Hombreon|0 fnt
|-unboost|p1a: Darmanitan|atk|1
|-unboost|p1a: Darmanitan|def|1
|faint|p2a: Hombreon
|
|
|switch|p2a: Seto Kaiba|Gallade-Mega, M|177\/277
|-damage|p2a: Seto Kaiba|160\/277|[from] Stealth Rock
|turn|28
|
|switch|p1a: Galvantula|Galvantula, M|56\/281
|move|p2a: Seto Kaiba|Swords Dance|p2a: Seto Kaiba
|-boost|p2a: Seto Kaiba|atk|2
|
|turn|29
|
|move|p2a: Seto Kaiba|Shadow Sneak|p1a: Galvantula
|-damage|p1a: Galvantula|0 fnt
|faint|p1a: Galvantula
|
|
|switch|p1a: Darmanitan|Darmanitan, M|185\/351
|turn|30
|
|move|p2a: Seto Kaiba|Shadow Sneak|p1a: Darmanitan
|-damage|p1a: Darmanitan|14\/351
|move|p1a: Darmanitan|Flare Blitz|p2a: Seto Kaiba
|-crit|p2a: Seto Kaiba
|-damage|p2a: Seto Kaiba|0 fnt
|-damage|p1a: Darmanitan|0 fnt|[from] recoil|[of] p2a: Seto Kaiba
|faint|p2a: Seto Kaiba
|faint|p1a: Darmanitan
|
|win|CoolStoryBrobat
|c|âTyphozzz|suuurvival
|c|âTyphozzz|gg
|c|âCoolStoryBrobat|gg
|leave|BenzMafia
|c| Moonblasted|ah
|c| Moonblasted|he has the sneak
|leave|CoolStoryBrobat
|player|p2
|leave|Typhozzz
|player|p1
|leave|rockerLC
|leave|Tom Bus
|leave|Moonblasted
|leave|Moniker