|join|CoolStoryBrobat
|join|Good Time $5
|player|p1|CoolStoryBrobat|212
|player|p2|Good Time $5|154
|gametype|singles
|gen|6
|tier|UU
|rule|Sleep Clause Mod: Limit one foe put to sleep
|rule|Species Clause: Limit one of each PokÃ©mon
|rule|OHKO Clause: OHKO moves are banned
|rule|Moody Clause: Moody is banned
|rule|Evasion Moves Clause: Evasion moves are banned
|rule|Endless Battle Clause: Forcing endless battles is banned
|rule|HP Percentage Mod: HP is shown in percentages
|clearpoke
|poke|p1|Ampharos, F
|poke|p1|Mienshao, F
|poke|p1|Whimsicott, M
|poke|p1|Vaporeon, M
|poke|p1|Gligar, F
|poke|p1|Jirachi
|poke|p2|Sceptile, F
|poke|p2|Machamp, F
|poke|p2|Hydreigon, F
|poke|p2|Snorlax, M
|poke|p2|Tentacruel, M
|poke|p2|Jirachi
|rule|Swagger Clause: Swagger is banned
|rule|Baton Pass Clause: Limit one PokÃ©mon knowing Baton Pass
|teampreview
|join|Orei
|join|xMarth
|c|âGood Time $5|glhf
|join|DrReunitickles
|join|BIG SEAN'S ADLIBS
|
|start
|switch|p1a: Vaporeon|Vaporeon, M|452\/452
|switch|p2a: Future Dad|Jirachi|397\/397
|turn|1
|c|âCoolStoryBrobat|have fun
|
|move|p1a: Vaporeon|Protect|p1a: Vaporeon
|-singleturn|p1a: Vaporeon|Protect
|move|p2a: Future Dad|U-turn|p1a: Vaporeon
|-activate|p1a: Vaporeon|Protect
|
|turn|2
|
|move|p2a: Future Dad|U-turn|p1a: Vaporeon
|-damage|p1a: Vaporeon|379\/452
|
|switch|p2a: Kisses & Thugs|Machamp, F|321\/321
|move|p1a: Vaporeon|Baton Pass|p1a: Vaporeon
|
|switch|p1a: Whimsicott|Whimsicott, M|261\/261
|
|turn|3
|
|switch|p2a: Future Dad|Jirachi|397\/397
|move|p1a: Whimsicott|Moonblast|p2a: Future Dad
|-resisted|p2a: Future Dad
|-damage|p2a: Future Dad|334\/397
|-unboost|p2a: Future Dad|spa|1
|
|-heal|p2a: Future Dad|358\/397|[from] item: Leftovers
|turn|4
|
|switch|p1a: Ampharos|Ampharos, F|329\/329
|move|p2a: Future Dad|U-turn|p1a: Ampharos
|-damage|p1a: Ampharos|234\/329
|
|switch|p2a: Kisses & Thugs|Machamp, F|321\/321
|
|turn|5
|
|switch|p1a: Vaporeon|Vaporeon, M|379\/452
|move|p2a: Kisses & Thugs|Earthquake|p1a: Vaporeon
|-crit|p1a: Vaporeon
|-damage|p1a: Vaporeon|85\/452
|
|-heal|p1a: Vaporeon|113\/452|[from] item: Leftovers
|turn|6
|c|âGood Time $5|battery dying
|c|âGood Time $5|on the search for my charger
|c|âGood Time $5|10\/10 got it
|
|move|p2a: Kisses & Thugs|Earthquake|p1a: Vaporeon
|-damage|p1a: Vaporeon|0 fnt
|faint|p1a: Vaporeon
|
|join|Seriously Cereal
|
|switch|p1a: Whimsicott|Whimsicott, M|261\/261
|turn|7
|
|switch|p2a: Future Dad|Jirachi|358\/397
|move|p1a: Whimsicott|U-turn|p2a: Future Dad
|-damage|p2a: Future Dad|330\/397
|
|switch|p1a: Ampharos|Ampharos, F|234\/329
|
|-heal|p2a: Future Dad|354\/397|[from] item: Leftovers
|turn|8
|join|ampd302
|
|detailschange|p1a: Ampharos|Ampharos-Mega, F
|-mega|p1a: Ampharos|Ampharos|Ampharosite
|-ability|p1a: Ampharos|Mold Breaker
|move|p2a: Future Dad|Stealth Rock|p1a: Ampharos
|-sidestart|p1: CoolStoryBrobat|move: Stealth Rock
|move|p1a: Ampharos|Thunderbolt|p2a: Future Dad
|-damage|p2a: Future Dad|161\/397
|
|-heal|p2a: Future Dad|185\/397|[from] item: Leftovers
|turn|9
|join|Gay Bear Sex
|
|move|p2a: Future Dad|U-turn|p1a: Ampharos
|-damage|p1a: Ampharos|166\/329
|
|switch|p2a: Pure Fix Mix|Snorlax, M|523\/523
|move|p1a: Ampharos|Focus Blast|p2a: Pure Fix Mix
|-supereffective|p2a: Pure Fix Mix
|-damage|p2a: Pure Fix Mix|289\/523
|
|-heal|p2a: Pure Fix Mix|321\/523|[from] item: Leftovers
|turn|10
|
|move|p1a: Ampharos|Focus Blast|p2a: Pure Fix Mix|[miss]
|-miss|p1a: Ampharos|p2a: Pure Fix Mix
|move|p2a: Pure Fix Mix|Body Slam|p1a: Ampharos
|-damage|p1a: Ampharos|66\/329
|
|-heal|p2a: Pure Fix Mix|353\/523|[from] item: Leftovers
|turn|11
|
|move|p1a: Ampharos|Focus Blast|p2a: Pure Fix Mix
|-supereffective|p2a: Pure Fix Mix
|-damage|p2a: Pure Fix Mix|141\/523
|move|p2a: Pure Fix Mix|Body Slam|p1a: Ampharos
|-damage|p1a: Ampharos|0 fnt
|faint|p1a: Ampharos
|
|-heal|p2a: Pure Fix Mix|173\/523|[from] item: Leftovers
|
|switch|p1a: Mienshao|Mienshao, F|271\/271
|-damage|p1a: Mienshao|255\/271|[from] Stealth Rock
|turn|12
|
|move|p1a: Mienshao|High Jump Kick|p2a: Pure Fix Mix
|-supereffective|p2a: Pure Fix Mix
|-damage|p2a: Pure Fix Mix|0 fnt
|-damage|p1a: Mienshao|228\/271|[from] item: Life Orb
|faint|p2a: Pure Fix Mix
|
|
|switch|p2a: Not the 405|Hydreigon, F|325\/325
|turn|13
|
|switch|p1a: Whimsicott|Whimsicott, M|261\/261
|-damage|p1a: Whimsicott|229\/261|[from] Stealth Rock
|move|p2a: Not the 405|Fire Blast|p1a: Whimsicott
|-supereffective|p1a: Whimsicott
|-damage|p1a: Whimsicott|0 fnt
|faint|p1a: Whimsicott
|
|
|switch|p1a: Mienshao|Mienshao, F|271\/271
|-damage|p1a: Mienshao|255\/271|[from] Stealth Rock
|turn|14
|join|Emma Bae
|
|move|p2a: Not the 405|Fire Blast|p1a: Mienshao
|-damage|p1a: Mienshao|51\/271
|-status|p1a: Mienshao|brn
|move|p1a: Mienshao|Knock Off|p2a: Not the 405
|-resisted|p2a: Not the 405
|-damage|p2a: Not the 405|282\/325
|-enditem|p2a: Not the 405|Choice Scarf|[from] move: Knock Off|[of] p1a: Mienshao
|-damage|p1a: Mienshao|24\/271 brn|[from] item: Life Orb
|
|-damage|p1a: Mienshao|0 fnt|[from] brn
|faint|p1a: Mienshao
|-message|CoolStoryBrobat forfeited.
|
|win|Good Time $5
|leave|CoolStoryBrobat
|c|âGood Time $5|seriously unlucky there
|player|p1
|leave|Gay Bear Sex
|leave|Good Time $5
|join|Good Time $5
|player|p2
|leave|Emma Bae