|join|CoolStoryBrobat
|join|Lol1z da Fuccboi
|player|p1|CoolStoryBrobat|212
|player|p2|Lol1z da Fuccboi|170
|gametype|singles
|gen|6
|tier|UU
|rule|Sleep Clause Mod: Limit one foe put to sleep
|rule|Species Clause: Limit one of each PokÃ©mon
|rule|OHKO Clause: OHKO moves are banned
|rule|Moody Clause: Moody is banned
|rule|Evasion Moves Clause: Evasion moves are banned
|rule|Endless Battle Clause: Forcing endless battles is banned
|rule|HP Percentage Mod: HP is shown in percentages
|clearpoke
|poke|p1|Infernape, F
|poke|p1|Aerodactyl, F
|poke|p1|Chesnaught, M
|poke|p1|Vaporeon, M
|poke|p1|Forretress, F
|poke|p1|Hydreigon, M
|poke|p2|Swampert, M
|poke|p2|Celebi
|poke|p2|Entei, shiny
|poke|p2|Forretress, F
|poke|p2|Mienshao, M
|poke|p2|Hydreigon, F
|rule|Swagger Clause: Swagger is banned
|rule|Baton Pass Clause: Limit one PokÃ©mon knowing Baton Pass
|teampreview
|join|MVRCUS
|c|âLol1z da Fuccboi|it's an honor sir
|join|Oregon Ducks
|join|DrReuniclus3
|join|secret kekleon
|c|âCoolStoryBrobat|If I can't succeed here I have to go back to the mountains for more training
|join|BIG SEAN'S ADLIBS
|
|start
|switch|p1a: Vaporeon|Vaporeon, M|452\/452
|switch|p2a: Swampert|Swampert, M|404\/404
|turn|1
|
|move|p1a: Vaporeon|Scald|p2a: Swampert
|-damage|p2a: Swampert|326\/404
|move|p2a: Swampert|Stealth Rock|p1a: Vaporeon
|-sidestart|p1: CoolStoryBrobat|move: Stealth Rock
|
|-heal|p2a: Swampert|351\/404|[from] item: Leftovers
|turn|2
|
|switch|p2a: Celebi|Celebi|404\/404
|move|p1a: Vaporeon|Baton Pass|p1a: Vaporeon
|
|switch|p1a: Aerodactyl|Aerodactyl, F|311\/311
|-damage|p1a: Aerodactyl|234\/311|[from] Stealth Rock
|-ability|p1a: Aerodactyl|Pressure
|
|turn|3
|
|detailschange|p1a: Aerodactyl|Aerodactyl-Mega, F
|-mega|p1a: Aerodactyl|Aerodactyl|Aerodactylite
|move|p1a: Aerodactyl|Pursuit|p2a: Celebi|[from]Pursuit
|-supereffective|p2a: Celebi
|-damage|p2a: Celebi|100\/404
|switch|p2a: Forretress|Forretress, F|354\/354
|
|turn|4
|join|Calloflochie
|join|off dick
|c|âLol1z da Fuccboi|not bad
|join|xShiba
|c| secret kekleon|csb
|join|janitors closet
|join|Ariana Granbull
|
|switch|p1a: Hydreigon|Hydreigon, M|325\/325
|-damage|p1a: Hydreigon|285\/325|[from] Stealth Rock
|move|p2a: Forretress|Volt Switch|p1a: Hydreigon
|-resisted|p1a: Hydreigon
|-damage|p1a: Hydreigon|265\/325
|
|switch|p2a: Mienshao|Mienshao, M|271\/271
|
|turn|5
|c| janitors closet|in4 reckless mien
|
|switch|p1a: Forretress|Forretress, F|354\/354
|-damage|p1a: Forretress|310\/354|[from] Stealth Rock
|move|p2a: Mienshao|Fake Out|p1a: Forretress
|-resisted|p1a: Forretress
|-damage|p1a: Forretress|294\/354
|-damage|p2a: Mienshao|244\/271|[from] item: Life Orb
|
|-heal|p1a: Forretress|316\/354|[from] item: Leftovers
|turn|6
|c| janitors closet|inb4*
|c| janitors closet|lulz
|
|move|p2a: Mienshao|U-turn|p1a: Forretress
|-crit|p1a: Forretress
|-resisted|p1a: Forretress
|-damage|p1a: Forretress|269\/354
|-damage|p2a: Mienshao|217\/271|[from] item: Life Orb
|
|switch|p2a: Entei|Entei, shiny|373\/373
|-ability|p2a: Entei|Pressure
|move|p1a: Forretress|Rapid Spin|p2a: Entei
|-damage|p2a: Entei|357\/373
|-sideend|p1: CoolStoryBrobat|Stealth Rock|[from] move: Rapid Spin|[of] p1a: Forretress
|
|-heal|p1a: Forretress|291\/354|[from] item: Leftovers
|turn|7
|
|switch|p1a: Vaporeon|Vaporeon, M|452\/452
|move|p2a: Entei|Sacred Fire|p1a: Vaporeon
|-crit|p1a: Vaporeon
|-resisted|p1a: Vaporeon
|-damage|p1a: Vaporeon|262\/452
|
|-heal|p1a: Vaporeon|290\/452|[from] item: Leftovers
|turn|8
|c| secret kekleon|wtf
|c| secret kekleon|no burn
|c|âCoolStoryBrobat|burn game on 300
|
|move|p2a: Entei|Sacred Fire|p1a: Vaporeon
|-resisted|p1a: Vaporeon
|-damage|p1a: Vaporeon|166\/452
|move|p1a: Vaporeon|Scald|p2a: Entei
|-supereffective|p2a: Entei
|-damage|p2a: Entei|99\/373
|
|-heal|p1a: Vaporeon|194\/452|[from] item: Leftovers
|turn|9
|leave|DrReuniclus3
|c|âLol1z da Fuccboi|burn game weak
|join|BusyJay
|c| janitors closet|mfw 50% burn rate and no burns
|
|switch|p2a: Swampert|Swampert, M|351\/404
|move|p1a: Vaporeon|Wish|p1a: Vaporeon
|
|-heal|p1a: Vaporeon|222\/452|[from] item: Leftovers
|-heal|p2a: Swampert|376\/404|[from] item: Leftovers
|turn|10
|c| janitors closet|ratio*
|
|move|p1a: Vaporeon|Scald|p2a: Swampert
|-crit|p2a: Swampert
|-damage|p2a: Swampert|246\/404
|move|p2a: Swampert|Stealth Rock|p1a: Vaporeon
|-sidestart|p1: CoolStoryBrobat|move: Stealth Rock
|
|-heal|p1a: Vaporeon|448\/452|[from] move: Wish|[wisher] Vaporeon
|-heal|p1a: Vaporeon|452\/452|[from] item: Leftovers
|-heal|p2a: Swampert|271\/404|[from] item: Leftovers
|turn|11
|c| secret kekleon|mfw scald burns more
|c| janitors closet|yup
|c| janitors closet|bn scald
|c| janitors closet|ban*
|c|âCoolStoryBrobat|Nah my scald burn game is equally weak
|c|âCoolStoryBrobat|Unless it's against Guts Champ
|c|âCoolStoryBrobat|Then it's 300
|c|+Calloflochie|tree
|c|+Calloflochie|HUNNIT
|
|switch|p2a: Hydreigon|Hydreigon, F|325\/325
|move|p1a: Vaporeon|Baton Pass|p1a: Vaporeon
|
|switch|p1a: Chesnaught|Chesnaught, M|380\/380
|-damage|p1a: Chesnaught|357\/380|[from] Stealth Rock
|
|-heal|p1a: Chesnaught|380\/380|[from] item: Leftovers
|turn|12
|
|switch|p2a: Forretress|Forretress, F|354\/354
|move|p1a: Chesnaught|Drain Punch|p2a: Forretress
|-damage|p2a: Forretress|297\/354
|
|-heal|p2a: Forretress|319\/354|[from] item: Leftovers
|turn|13
|join|E3OP
|
|move|p1a: Chesnaught|Spikes|p2a: Forretress
|-sidestart|p2: Lol1z da Fuccboi|Spikes
|move|p2a: Forretress|Volt Switch|p1a: Chesnaught
|-resisted|p1a: Chesnaught
|-damage|p1a: Chesnaught|365\/380
|c| janitors closet|slurpuff gets drain punch, it has tiny arms, machamp have four bulky arms, it doesnt get it, GF logic
|c| E3OP|Just started?
|c|âCoolStoryBrobat|Togekiss gets Drain Punch too
|
|switch|p2a: Celebi|Celebi|100\/404
|-damage|p2a: Celebi|50\/404|[from] Spikes
|
|-heal|p2a: Celebi|75\/404|[from] item: Leftovers
|-heal|p1a: Chesnaught|380\/380|[from] item: Leftovers
|turn|14
|c| secret kekleon|togekiss has arms
|c| janitors closet|bulky wings
|c| E3OP|Gastly gets fire punch
|c| janitors closet|i guess
|
|switch|p1a: Aerodactyl|Aerodactyl-Mega, F|234\/311
|-damage|p1a: Aerodactyl|157\/311|[from] Stealth Rock
|move|p2a: Celebi|Psychic|p1a: Aerodactyl
|-damage|p1a: Aerodactyl|39\/311
|
|-heal|p2a: Celebi|100\/404|[from] item: Leftovers
|turn|15
|
|move|p1a: Aerodactyl|Pursuit|p2a: Celebi|[from]Pursuit
|-supereffective|p2a: Celebi
|-damage|p2a: Celebi|0 fnt
|faint|p2a: Celebi
|
|
|switch|p2a: Hydreigon|Hydreigon, F|325\/325
|turn|16
|c| janitors closet|i thiugh that drain punch would raise chest usage to OU
|
|switch|p1a: Chesnaught|Chesnaught, M|380\/380
|-damage|p1a: Chesnaught|357\/380|[from] Stealth Rock
|move|p2a: Hydreigon|Dark Pulse|p1a: Chesnaught
|-resisted|p1a: Chesnaught
|-damage|p1a: Chesnaught|299\/380
|
|-heal|p1a: Chesnaught|322\/380|[from] item: Leftovers
|turn|17
|c| janitors closet|glad he is still i the tier
|
|switch|p2a: Forretress|Forretress, F|319\/354
|-damage|p2a: Forretress|275\/354|[from] Spikes
|move|p1a: Chesnaught|Drain Punch|p2a: Forretress
|-damage|p2a: Forretress|220\/354
|-heal|p1a: Chesnaught|350\/380|[from] drain|[of] p2a: Forretress
|
|-heal|p1a: Chesnaught|373\/380|[from] item: Leftovers
|-heal|p2a: Forretress|242\/354|[from] item: Leftovers
|turn|18
|join|Latios pls
|c| E3OP|Wait, slurpuff in UU?
|c| janitors closet|i cant get used to my new keyboard...
|join|Emma Bae
|
|switch|p1a: Forretress|Forretress, F|291\/354
|-damage|p1a: Forretress|247\/354|[from] Stealth Rock
|move|p2a: Forretress|Volt Switch|p1a: Forretress
|-damage|p1a: Forretress|188\/354
|c| janitors closet|first world problems
|
|switch|p2a: Entei|Entei, shiny|99\/373
|-damage|p2a: Entei|53\/373|[from] Spikes
|-ability|p2a: Entei|Pressure
|
|-heal|p1a: Forretress|210\/354|[from] item: Leftovers
|turn|19
|c|âLol1z da Fuccboi|aight burn game
|c|âLol1z da Fuccboi|come through
|c| janitors closet|slurpuff bl3
|c| janitors closet|btw
|
|switch|p1a: Vaporeon|Vaporeon, M|452\/452
|-damage|p1a: Vaporeon|396\/452|[from] Stealth Rock
|move|p2a: Entei|Sacred Fire|p1a: Vaporeon
|-resisted|p1a: Vaporeon
|-damage|p1a: Vaporeon|275\/452
|-status|p1a: Vaporeon|brn
|
|-heal|p1a: Vaporeon|303\/452 brn|[from] item: Leftovers
|-damage|p1a: Vaporeon|247\/452 brn|[from] brn
|turn|20
|c| E3OP|What if infernape had flash fire for It's hidden ability?
|c| Emma Bae|damn csb is getting good at pokemon ;) ;)
|
|switch|p2a: Swampert|Swampert, M|271\/404
|-damage|p2a: Swampert|221\/404|[from] Spikes
|move|p1a: Vaporeon|Wish|p1a: Vaporeon
|
|-heal|p1a: Vaporeon|275\/452 brn|[from] item: Leftovers
|-heal|p2a: Swampert|246\/404|[from] item: Leftovers
|-damage|p1a: Vaporeon|219\/452 brn|[from] brn
|turn|21
|c| janitors closet|#shotsfired
|
|move|p1a: Vaporeon|Scald|p2a: Swampert
|-damage|p2a: Swampert|161\/404
|move|p2a: Swampert|Roar|p1a: Vaporeon
|drag|p1a: Chesnaught|Chesnaught, M|373\/380
|-damage|p1a: Chesnaught|350\/380|[from] Stealth Rock
|
|-heal|p1a: Chesnaught|380\/380|[from] move: Wish|[wisher] Vaporeon
|-heal|p2a: Swampert|186\/404|[from] item: Leftovers
|turn|22
|c|âCoolStoryBrobat|I'm trying to not go back to the mountains
|c| Emma Bae|the mountains do suck :\/
|
|switch|p1a: Forretress|Forretress, F|210\/354
|-damage|p1a: Forretress|166\/354|[from] Stealth Rock
|switch|p2a: Forretress|Forretress, F|242\/354
|-damage|p2a: Forretress|198\/354|[from] Spikes
|
|-heal|p1a: Forretress|188\/354|[from] item: Leftovers
|-heal|p2a: Forretress|220\/354|[from] item: Leftovers
|turn|23
|c| E3OP|I'm so confused here...
|c| janitors closet|bruno trained in the mountains
|c| Emma Bae|^clearly hasn't been to the mounains
|
|move|p1a: Forretress|Rapid Spin|p2a: Forretress
|-resisted|p2a: Forretress
|-damage|p2a: Forretress|217\/354
|-sideend|p1: CoolStoryBrobat|Stealth Rock|[from] move: Rapid Spin|[of] p1a: Forretress
|move|p2a: Forretress|Rapid Spin|p1a: Forretress
|-resisted|p1a: Forretress
|-damage|p1a: Forretress|183\/354
|-sideend|p2: Lol1z da Fuccboi|Spikes|[from] move: Rapid Spin|[of] p2a: Forretress
|
|-heal|p1a: Forretress|205\/354|[from] item: Leftovers
|-heal|p2a: Forretress|239\/354|[from] item: Leftovers
|turn|24
|c| janitors closet|and he is a e4
|c| janitors closet|sooo
|c|âCoolStoryBrobat|Yeah but I keep going back there every time I fail
|c|âCoolStoryBrobat|Every time I lose on PS I quit for the night
|c| E3OP|Neva went to the mountains :P
|
|move|p1a: Forretress|Stealth Rock|p2a: Forretress
|-sidestart|p2: Lol1z da Fuccboi|move: Stealth Rock
|move|p2a: Forretress|Spikes|p1a: Forretress
|-sidestart|p1: CoolStoryBrobat|Spikes
|
|-heal|p1a: Forretress|227\/354|[from] item: Leftovers
|-heal|p2a: Forretress|261\/354|[from] item: Leftovers
|turn|25
|c| Emma Bae|lol1z just forfeit
|
|move|p1a: Forretress|Volt Switch|p2a: Forretress
|-damage|p2a: Forretress|201\/354
|c| Emma Bae|unless u want him to go back to the mountains
|c|âLol1z da Fuccboi|highly considered it
|
|switch|p1a: Infernape|Infernape, F|293\/293
|-damage|p1a: Infernape|257\/293|[from] Spikes
|move|p2a: Forretress|Rapid Spin|p1a: Infernape
|-damage|p1a: Infernape|238\/293
|-sideend|p2: Lol1z da Fuccboi|Stealth Rock|[from] move: Rapid Spin|[of] p2a: Forretress
|
|-heal|p2a: Forretress|223\/354|[from] item: Leftovers
|turn|26
|c| Emma Bae|hahah
|c| janitors closet|if real go to spiral mountain
|c| Emma Bae|<this convo
|c|âCoolStoryBrobat|Leggo munky
|c|âCoolStoryBrobat|Leggo
|c| janitors closet|and play arceus flute
|
|switch|p2a: Swampert|Swampert, M|186\/404
|move|p1a: Infernape|Swords Dance|p1a: Infernape
|-boost|p1a: Infernape|atk|2
|
|-heal|p2a: Swampert|211\/404|[from] item: Leftovers
|turn|27
|c| Emma Bae|oooh
|c| janitors closet|so god himself can train you
|c| Emma Bae|damn
|c|âLol1z da Fuccboi|oh shit
|c|âLol1z da Fuccboi|there it is
|c| Emma Bae|welp
|c|âLol1z da Fuccboi|g to the g
|c| janitors closet|mfw megapert
|c| E3OP|And here comes a sweep...
|c| Emma Bae|not necessarily
|c| Emma Bae|i mean
|c| Emma Bae|is shao scarfeD?
|
|move|p1a: Infernape|Flare Blitz|p2a: Swampert
|-resisted|p2a: Swampert
|-damage|p2a: Swampert|0 fnt
|-damage|p1a: Infernape|168\/293|[from] recoil|[of] p2a: Swampert
|-damage|p1a: Infernape|139\/293|[from] item: Life Orb
|faint|p2a: Swampert
|
|c|âLol1z da Fuccboi|yeah he has mach punch
|c| Emma Bae|omg
|c|âCoolStoryBrobat|It was SpD Pert
|
|switch|p2a: Mienshao|Mienshao, M|271\/271
|turn|28
|c| janitors closet|lol
|c| Emma Bae|mach punch kils?
|
|switch|p1a: Forretress|Forretress, F|227\/354
|-damage|p1a: Forretress|183\/354|[from] Spikes
|move|p2a: Mienshao|Fake Out|p1a: Forretress
|-resisted|p1a: Forretress
|-damage|p1a: Forretress|165\/354
|-damage|p2a: Mienshao|244\/271|[from] item: Life Orb
|
|-heal|p1a: Forretress|187\/354|[from] item: Leftovers
|turn|29
|c| janitors closet|prob
|
|move|p2a: Mienshao|High Jump Kick|p1a: Forretress
|-damage|p1a: Forretress|26\/354
|-damage|p2a: Mienshao|217\/271|[from] item: Life Orb
|move|p1a: Forretress|Volt Switch|p2a: Mienshao
|-damage|p2a: Mienshao|164\/271
|c| E3OP|if it's banded
|c| janitors closet|i never get LO fake out mien
|c| janitors closet|is that trade worth?
|c|âCoolStoryBrobat|that smarts
|c| janitors closet|i mean 10% of your hp for some kinda priority
|
|switch|p1a: Aerodactyl|Aerodactyl-Mega, F|39\/311
|
|turn|30
|c|âLol1z da Fuccboi|yeah i like LO mienshao a lot
|c| E3OP|WHy does forretress deserve volt switch?
|
|switch|p2a: Forretress|Forretress, F|223\/354
|move|p1a: Aerodactyl|Aerial Ace|p2a: Forretress
|-damage|p2a: Forretress|138\/354
|
|-heal|p2a: Forretress|160\/354|[from] item: Leftovers
|turn|31
|c| janitors closet|i like it too, but i think fake out is kinda meh
|c| Emma Bae|cause hes a burd
|c| secret kekleon|its steel typr
|c|âLol1z da Fuccboi|i mean like right there
|c|âLol1z da Fuccboi|if i didn't have it
|c|âLol1z da Fuccboi|it would have been gg
|c|âLol1z da Fuccboi|i would say worth
|c|âLol1z da Fuccboi|plus mienshao has regen
|
|switch|p1a: Forretress|Forretress, F|26\/354
|-damage|p1a: Forretress|0 fnt|[from] Spikes
|faint|p1a: Forretress
|move|p2a: Forretress|Volt Switch|p1: Forretress|[notarget]
|-notarget
|
|-heal|p2a: Forretress|182\/354|[from] item: Leftovers
|c|âLol1z da Fuccboi|so you are ocmpletely free to take lo damage
|
|switch|p1a: Infernape|Infernape, F|139\/293
|-damage|p1a: Infernape|103\/293|[from] Spikes
|turn|32
|c| janitors closet|maybe
|c| janitors closet|at least is not AV croak
|
|switch|p2a: Hydreigon|Hydreigon, F|325\/325
|move|p1a: Infernape|Flare Blitz|p2a: Hydreigon
|-resisted|p2a: Hydreigon
|-damage|p2a: Hydreigon|192\/325
|-damage|p1a: Infernape|59\/293|[from] recoil|[of] p2a: Hydreigon
|-damage|p1a: Infernape|30\/293|[from] item: Life Orb
|
|turn|33
|c| janitors closet|which is public enemy #1
|join|StarmeiJR
|c| Emma Bae|welp
|
|switch|p2a: Mienshao|Mienshao, M|254\/271
|move|p1a: Infernape|Mach Punch|p2a: Mienshao
|-damage|p2a: Mienshao|120\/271
|-damage|p1a: Infernape|1\/293|[from] item: Life Orb
|
|turn|34
|c| E3OP|RIP Infernape
|c| Emma Bae|why dont u predict csb
|c| janitors closet|was that a bulky hydr?
|c| Emma Bae|go back to the mountains
|c| Emma Bae|where u belong
|c|âCoolStoryBrobat|Sometimes when I predict I get jerked
|c|âCoolStoryBrobat|Plus I have a backup plan anyway
|c| Emma Bae|h ok
|
|move|p1a: Infernape|Flare Blitz|p2a: Mienshao
|-damage|p2a: Mienshao|0 fnt
|-damage|p1a: Infernape|0 fnt|[from] recoil|[of] p2a: Mienshao
|faint|p2a: Mienshao
|faint|p1a: Infernape
|
|c| Emma Bae|..
|c|âCoolStoryBrobat|...like that
|c|âLol1z da Fuccboi|oh shit
|c|âCoolStoryBrobat|lol
|c|+Calloflochie|not quite sure
|c|+Calloflochie|why he sacked that
|c| Emma Bae|what just happened.. why didnt u fake out
|
|switch|p2a: Hydreigon|Hydreigon, F|192\/325
|switch|p1a: Vaporeon|Vaporeon, M|219\/452 brn
|-damage|p1a: Vaporeon|163\/452 brn|[from] Spikes
|turn|35
|c|âLol1z da Fuccboi|fake out too obvious
|c|âCoolStoryBrobat|I think he misclicked honestly
|c|âLol1z da Fuccboi|was the prediction
|c| Emma Bae|he cant switch back in his infernape
|c|+Calloflochie|what were u predicting...
|c| Emma Bae|^
|c| E3OP|XD
|c| secret kekleon|y no fake out
|c|âLol1z da Fuccboi|good point
|c|âLol1z da Fuccboi|i blame tired
|c| janitors closet|hey csb, would you let mandi in the tier? i think is not that op, not as a fat pink blob i know and bow to never ever use
|
|move|p2a: Hydreigon|Draco Meteor|p1a: Vaporeon
|-damage|p1a: Vaporeon|0 fnt
|-unboost|p2a: Hydreigon|spa|2
|faint|p1a: Vaporeon
|
|
|switch|p1a: Chesnaught|Chesnaught, M|380\/380
|-damage|p1a: Chesnaught|333\/380|[from] Spikes
|turn|36
|c|âCoolStoryBrobat|I'd let Mandibuzz in this tier, for sure
|c| Ariana Granbull|if csb losses ill cry
|c| E3OP|mandibuzz? why?!
|c| Emma Bae|Ew
|c|âLol1z da Fuccboi|nah he's boutta win
|join|Cyndequil
|c| janitors closet|cuz its dropping
|leave|Cyndequil
|c| janitors closet|since aegis was banned
|
|switch|p2a: Forretress|Forretress, F|182\/354
|switch|p1a: Hydreigon|Hydreigon, M|265\/325
|
|-heal|p2a: Forretress|204\/354|[from] item: Leftovers
|turn|37
|c| Emma Bae|ugh mandi is annoying af
|c| Ariana Granbull|Revenge me pls and murder shiba
|c| Ariana Granbull|ty fren
|c| E3OP|If anything, put it in BL!
|
|move|p1a: Hydreigon|Dark Pulse|p2a: Forretress
|-damage|p2a: Forretress|0 fnt
|faint|p2a: Forretress
|
|c| janitors closet|is not op
|
|switch|p2a: Hydreigon|Hydreigon, F|192\/325
|turn|38
|c| janitors closet|not at the point of blissey
|
|switch|p1a: Chesnaught|Chesnaught, M|333\/380
|-damage|p1a: Chesnaught|286\/380|[from] Spikes
|move|p2a: Hydreigon|Fire Blast|p1a: Chesnaught
|-supereffective|p1a: Chesnaught
|-damage|p1a: Chesnaught|78\/380
|
|-heal|p1a: Chesnaught|101\/380|[from] item: Leftovers
|turn|39
|c| janitors closet|which is kinda a pain to play around
|c| E3OP|By the way
|c| janitors closet|sometimes
|c| xShiba|Ill most likely get murdered by either Ariana
|c| E3OP|Why is chansey eveni OU?
|c| Emma Bae|ayy  lmao
|c| janitors closet|eviolite son
|c| E3OP|*in
|
|move|p2a: Hydreigon|Fire Blast|p1a: Chesnaught
|-supereffective|p1a: Chesnaught
|-damage|p1a: Chesnaught|0 fnt
|faint|p1a: Chesnaught
|
|c| Emma Bae|lol csb choked
|c| Emma Bae|gud 1 csb
|
|switch|p1a: Hydreigon|Hydreigon, M|265\/325
|turn|40
|c| janitors closet|welp
|
|switch|p2a: Entei|Entei, shiny|53\/373
|-ability|p2a: Entei|Pressure
|move|p1a: Hydreigon|Draco Meteor|p2a: Entei
|-damage|p2a: Entei|0 fnt
|-unboost|p1a: Hydreigon|spa|2
|faint|p2a: Entei
|
|c| E3OP|Hmm. makes sense
|
|switch|p2a: Hydreigon|Hydreigon, F|192\/325
|turn|41
|c|âCoolStoryBrobat|What you don't know is my superpower
|c|âCoolStoryBrobat|To win coin flips
|c|âCoolStoryBrobat|Lemme school you yungin
|
|switch|p1a: Aerodactyl|Aerodactyl-Mega, F|39\/311
|move|p2a: Hydreigon|Draco Meteor|p1a: Aerodactyl
|-damage|p1a: Aerodactyl|0 fnt
|-unboost|p2a: Hydreigon|spa|2
|faint|p1a: Aerodactyl
|
|c| secret kekleon|draco miss
|
|switch|p1a: Hydreigon|Hydreigon, M|265\/325
|turn|42
|c|âLol1z da Fuccboi|hmm
|c|âLol1z da Fuccboi|even if i win
|c| Ariana Granbull|nb
|c|âLol1z da Fuccboi|i think you live
|c| Ariana Granbull|crit pls
|join|Meowiekins
|c| Emma Bae|l0lx
|c| E3OP|Well
|c| janitors closet|mfw AV hydr
|c|âCoolStoryBrobat|If you had Dragon Pulse Hydreigon it'd be on the Tails side of the nearest airborne quarter
|
|move|p1a: Hydreigon|Draco Meteor|p2a: Hydreigon
|-supereffective|p2a: Hydreigon
|-damage|p2a: Hydreigon|0 fnt
|-unboost|p1a: Hydreigon|spa|2
|faint|p2a: Hydreigon
|
|win|CoolStoryBrobat
|c|âLol1z da Fuccboi|hahaha
|c|âCoolStoryBrobat|gg broham
|c| E3OP|Here is the ant-climactic part
|c|âLol1z da Fuccboi|gg sir
|c| secret kekleon|csb miss
|c| janitors closet|gg
|leave|Ariana Granbull