|join|CoolStoryBrobat
|join|DMT
|player|p1|CoolStoryBrobat|212
|player|p2|DMT|184
|gametype|singles
|gen|6
|tier|UU
|rated
|rule|Sleep Clause Mod: Limit one foe put to sleep
|rule|Species Clause: Limit one of each PokÃ©mon
|rule|OHKO Clause: OHKO moves are banned
|rule|Moody Clause: Moody is banned
|rule|Evasion Moves Clause: Evasion moves are banned
|rule|Endless Battle Clause: Forcing endless battles is banned
|rule|HP Percentage Mod: HP is shown in percentages
|clearpoke
|poke|p1|Swampert, M
|poke|p1|Tornadus, M
|poke|p1|Goodra, M
|poke|p1|Jirachi
|poke|p1|Tentacruel, M
|poke|p1|Whimsicott, F
|poke|p2|Yanmega, F, shiny
|poke|p2|Jirachi
|poke|p2|Raikou
|poke|p2|Vaporeon, M
|poke|p2|Sceptile, F, shiny
|poke|p2|Gligar, F, shiny
|rule|Swagger Clause: Swagger is banned
|rule|Baton Pass Clause: Limit one PokÃ©mon knowing Baton Pass
|teampreview
|join|Bob the Bro
|c|âCoolStoryBrobat|Is this a commentary session?
|join|VividLatias
|join|captain fuccboi420
|c| Bob the Bro|sick
|c| VividLatias|ALRIGHT
|c| captain fuccboi420|YUS
|c|âCoolStoryBrobat|Are you here to get vengeance on me for a vid I have not yet uploaded?
|c| VividLatias|IN THE BLUE CORNER
|c|âDMT|if you
|c| VividLatias|WE HAVE DMT
|c|âDMT|give me a sec
|c| captain fuccboi420|I LIKE THIS GAME
|join|monk dopelgang
|c|âDMT|I'll gom it quick
|c| VividLatias|THE ROOM OWNER OF UU
|join|Pandaman OP
|c|âDMT|com
|c|âCoolStoryBrobat|I'll wait
|c|âDMT|setup mic
|c|âDMT|k 1 sec
|c| Pandaman OP|o
|c|âCoolStoryBrobat|I gotta pee anyway
|c| Pandaman OP|shit!
|c|âCoolStoryBrobat|brb
|c|âDMT|tryin my own tricks
|c|âDMT|on me
|c|âDMT|smh
|c| VividLatias|AND IN THE RED CORNER
|c| VividLatias|WE HAVE THE MAN HE CALLS HIMSELF
|join|Deeeto
|c| VividLatias|C-S-B
|join|sniperaim
|c| Deeeto|Notice me dmt
|c| VividLatias|I'm really excited for this match-up. How about you Deeeto?
|join|Gay Bear Sex
|c| Deeeto|I am , but i love dmt
|c| VividLatias|So you are rooting for DMT?
|c|âCoolStoryBrobat|back
|c| Deeeto|Yes mange
|c|âCoolStoryBrobat|Dude this looks exactly like my SD Sceptile team
|c|âCoolStoryBrobat|Except I use Tornadus > Yanmega
|c|âDMT|eqq sd sceptile
|c|âCoolStoryBrobat|Literally 5\/6 of the team
|join|Technosis
|c|âDMT|eww*
|join|warertruty
|c|âCoolStoryBrobat|Don't try to ruse me
|c|âDMT|alright well
|c|âDMT|bl dhf
|c| captain fuccboi420|^
|c| captain fuccboi420|werd
|leave|Technosis
|join|Technosis
|c| Gay Bear Sex|I wish sceptile got like dry skin instead of lightning rod
|
|start
|switch|p1a: Liberachi|Jirachi|341\/341
|switch|p2a: scarfkou is weak|Raikou|321\/321
|-ability|p2a: scarfkou is weak|Pressure
|turn|1
|c|âCoolStoryBrobat|Being immune to T-Wave can be useful
|c| VividLatias|sceptile is a really good doubles pokemon.
|
|switch|p2a: Speed Buge|Yanmega, F, shiny|313\/313
|move|p1a: Liberachi|Wish|p1a: Liberachi
|
|turn|2
|
|switch|p2a: Lil bub|Gligar, F, shiny|334\/334
|move|p1a: Liberachi|Iron Head|p2a: Lil bub
|-damage|p2a: Lil bub|276\/334
|
|turn|3
|
|move|p1a: Liberachi|U-turn|p2a: Lil bub
|-resisted|p2a: Lil bub
|-damage|p2a: Lil bub|257\/334
|
|switch|p1a: Twista|Tornadus, M|299\/299
|move|p2a: Lil bub|Stealth Rock|p1a: Twista
|-sidestart|p1: CoolStoryBrobat|move: Stealth Rock
|
|turn|4
|
|move|p1a: Twista|Hurricane|p2a: Lil bub
|-damage|p2a: Lil bub|105\/334
|-damage|p1a: Twista|270\/299|[from] item: Life Orb
|move|p2a: Lil bub|U-turn|p1a: Twista
|-resisted|p1a: Twista
|-damage|p1a: Twista|239\/299
|c| Deeeto|Dmt when u gon notice me
|c| warertruty|NOTICE ME SENPAI
|
|switch|p2a: scarfkou is weak|Raikou|321\/321
|-ability|p2a: scarfkou is weak|Pressure
|
|turn|5
|
|switch|p1a: Barney|Goodra, M|374\/374
|-damage|p1a: Barney|328\/374|[from] Stealth Rock
|move|p2a: scarfkou is weak|Volt Switch|p1a: Barney
|-resisted|p1a: Barney
|-damage|p1a: Barney|290\/374
|
|switch|p2a: Elit pecs|Sceptile, F, shiny|281\/281
|
|turn|6
|
|switch|p2a: Post-it notes|Jirachi|341\/341
|move|p1a: Barney|Outrage|p2a: Post-it notes
|-resisted|p2a: Post-it notes
|-damage|p2a: Post-it notes|185\/341
|
|turn|7
|c|âCoolStoryBrobat|Nice resist
|
|move|p2a: Post-it notes|Iron Head|p1a: Barney
|-damage|p1a: Barney|133\/374
|move|p1a: Barney|Outrage|p2a: Post-it notes
|-resisted|p2a: Post-it notes
|-damage|p2a: Post-it notes|38\/341
|
|-end|p1a: Barney|rampage
|-start|p1a: Barney|confusion
|turn|8
|c|âCoolStoryBrobat|I love you barney
|c|âCoolStoryBrobat|You love me
|c|âCoolStoryBrobat|etc.
|
|switch|p1a: Liberachi|Jirachi|341\/341
|-damage|p1a: Liberachi|320\/341|[from] Stealth Rock
|move|p2a: Post-it notes|Iron Head|p1a: Liberachi
|-resisted|p1a: Liberachi
|-damage|p1a: Liberachi|263\/341
|
|-heal|p1a: Liberachi|284\/341|[from] item: Leftovers
|turn|9
|
|switch|p2a: Elit pecs|Sceptile, F, shiny|281\/281
|move|p1a: Liberachi|Stealth Rock|p2a: Elit pecs
|-sidestart|p2: DMT|move: Stealth Rock
|
|-heal|p1a: Liberachi|305\/341|[from] item: Leftovers
|turn|10
|leave|Deeeto
|join|Deeeto
|join|spuun
|
|detailschange|p2a: Elit pecs|Sceptile-Mega, F, shiny
|-mega|p2a: Elit pecs|Sceptile|Sceptilite
|move|p2a: Elit pecs|Leaf Blade|p1a: Liberachi
|-resisted|p1a: Liberachi
|-damage|p1a: Liberachi|230\/341
|move|p1a: Liberachi|Wish|p1a: Liberachi
|
|-heal|p1a: Liberachi|251\/341|[from] item: Leftovers
|turn|11
|join|tellmebby
|c| spuun|brob. if you lose to dmt.
|c| spuun|ill unsub tbh
|c|âCoolStoryBrobat|âDMT: eqq sd sceptile
|c|âCoolStoryBrobat|âDMT: eww*
|join|Langoski
|c|âDMT|huehuehue
|
|move|p2a: Elit pecs|Swords Dance|p2a: Elit pecs
|-boost|p2a: Elit pecs|atk|2
|move|p1a: Liberachi|U-turn|p2a: Elit pecs
|-supereffective|p2a: Elit pecs
|-damage|p2a: Elit pecs|147\/281
|leave|VividLatias
|
|switch|p1a: Cottonelle|Whimsicott, F|261\/261
|-damage|p1a: Cottonelle|229\/261|[from] Stealth Rock
|
|-heal|p1a: Cottonelle|261\/261|[from] move: Wish|[wisher] Liberachi
|turn|12
|
|switch|p2a: scarfkou is weak|Raikou|321\/321
|-damage|p2a: scarfkou is weak|281\/321|[from] Stealth Rock
|-ability|p2a: scarfkou is weak|Pressure
|move|p1a: Cottonelle|Moonblast|p2a: scarfkou is weak
|-damage|p2a: scarfkou is weak|161\/321
|
|turn|13
|
|move|p1a: Cottonelle|U-turn|p2a: scarfkou is weak
|-damage|p2a: scarfkou is weak|115\/321
|
|switch|p1a: Liberachi|Jirachi|251\/341
|-damage|p1a: Liberachi|230\/341|[from] Stealth Rock
|move|p2a: scarfkou is weak|Hidden Power|p1a: Liberachi
|-resisted|p1a: Liberachi
|-damage|p1a: Liberachi|206\/341
|
|-heal|p1a: Liberachi|227\/341|[from] item: Leftovers
|turn|14
|
|switch|p2a: water umbreon|Vaporeon, M|464\/464
|-damage|p2a: water umbreon|406\/464|[from] Stealth Rock
|move|p1a: Liberachi|Wish|p1a: Liberachi
|
|-heal|p1a: Liberachi|248\/341|[from] item: Leftovers
|-heal|p2a: water umbreon|435\/464|[from] item: Leftovers
|turn|15
|join|LessThanThreeMan
|c|âDMT|burn
|c|âDMT|called so not hax
|c| LessThanThreeMan|freeze with ice punch
|
|move|p1a: Liberachi|U-turn|p2a: water umbreon
|-damage|p2a: water umbreon|382\/464
|c| LessThanThreeMan|imo
|
|switch|p1a: Barney|Goodra, M|133\/374
|-damage|p1a: Barney|87\/374|[from] Stealth Rock
|move|p2a: water umbreon|Scald|p1a: Barney
|-resisted|p1a: Barney
|-damage|p1a: Barney|48\/374
|-status|p1a: Barney|brn
|
|-heal|p1a: Barney|218\/374 brn|[from] move: Wish|[wisher] Liberachi
|-heal|p2a: water umbreon|411\/464|[from] item: Leftovers
|-damage|p1a: Barney|172\/374 brn|[from] brn
|turn|16
|c| LessThanThreeMan|:^
|c|âDMT|not hax cuz called
|c|âCoolStoryBrobat|all gud
|c| Langoski|not hax confirmed.
|c|âDMT|I'm waiting for facade
|
|move|p1a: Barney|Power Whip|p2a: water umbreon
|-supereffective|p2a: water umbreon
|-damage|p2a: water umbreon|219\/464
|move|p2a: water umbreon|Wish|p2a: water umbreon
|
|-heal|p2a: water umbreon|248\/464|[from] item: Leftovers
|-damage|p1a: Barney|126\/374 brn|[from] brn
|turn|17
|
|move|p1a: Barney|Power Whip|p2a: water umbreon
|-supereffective|p2a: water umbreon
|-damage|p2a: water umbreon|46\/464
|move|p2a: water umbreon|Scald|p1a: Barney
|-resisted|p1a: Barney
|-damage|p1a: Barney|91\/374 brn
|
|-heal|p2a: water umbreon|278\/464|[from] move: Wish|[wisher] water umbreon
|-heal|p2a: water umbreon|307\/464|[from] item: Leftovers
|-damage|p1a: Barney|45\/374 brn|[from] brn
|turn|18
|c|âCoolStoryBrobat|And den da crit
|
|move|p1a: Barney|Power Whip|p2a: water umbreon
|-supereffective|p2a: water umbreon
|-damage|p2a: water umbreon|105\/464
|move|p2a: water umbreon|Wish|p2a: water umbreon
|
|-heal|p2a: water umbreon|134\/464|[from] item: Leftovers
|-damage|p1a: Barney|0 fnt|[from] brn
|faint|p1a: Barney
|c|âCoolStoryBrobat|#ornah
|
|switch|p1a: Cottonelle|Whimsicott, F|261\/261
|-damage|p1a: Cottonelle|229\/261|[from] Stealth Rock
|turn|19
|
|move|p2a: water umbreon|Protect|p2a: water umbreon
|-singleturn|p2a: water umbreon|Protect
|move|p1a: Cottonelle|Giga Drain|p2a: water umbreon
|-activate|p2a: water umbreon|Protect
|
|-heal|p2a: water umbreon|366\/464|[from] move: Wish|[wisher] water umbreon
|-heal|p2a: water umbreon|395\/464|[from] item: Leftovers
|turn|20
|leave|tellmebby
|join|AngrilyDrinkingPee
|
|switch|p2a: Lil bub|Gligar, F, shiny|105\/334
|-damage|p2a: Lil bub|64\/334|[from] Stealth Rock
|move|p1a: Cottonelle|Toxic|p2a: Lil bub
|-status|p2a: Lil bub|tox
|
|-damage|p2a: Lil bub|44\/334 tox|[from] psn
|turn|21
|c|âCoolStoryBrobat|Dem rocks are stayin
|
|move|p1a: Cottonelle|Giga Drain|p2a: Lil bub
|-damage|p2a: Lil bub|0 fnt
|-heal|p1a: Cottonelle|251\/261|[from] drain|[of] p2a: Lil bub
|faint|p2a: Lil bub
|
|join|DMT is Love
|c| DMT is Love|\/me DMT is Life
|c| THE iTodd|dmt
|c| THE iTodd|use my
|c| THE iTodd|pandama feat linda
|c| THE iTodd|team
|c| THE iTodd|imo
|c| THE iTodd|cause i'm bad at pokemon
|
|switch|p2a: Post-it notes|Jirachi|38\/341
|-damage|p2a: Post-it notes|17\/341|[from] Stealth Rock
|turn|22
|
|switch|p1a: Liberachi|Jirachi|248\/341
|-damage|p1a: Liberachi|227\/341|[from] Stealth Rock
|move|p2a: Post-it notes|Trick|p1a: Liberachi
|-activate|p2a: Post-it notes|move: Trick|[of] p1a: Liberachi
|-item|p1a: Liberachi|Choice Scarf|[from] move: Trick
|-item|p2a: Post-it notes|Leftovers|[from] move: Trick
|
|-heal|p2a: Post-it notes|38\/341|[from] item: Leftovers
|turn|23
|
|move|p1a: Liberachi|U-turn|p2a: Post-it notes
|-damage|p2a: Post-it notes|0 fnt
|faint|p2a: Post-it notes
|c|âCoolStoryBrobat|#ScarfRachi #Enabled
|join|SweetDelight
|c| DMT is Love|that's not DMT's normal rachi nickname
|c| DMT is Love|what is this?
|
|switch|p1a: Cottonelle|Whimsicott, F|251\/261
|-damage|p1a: Cottonelle|219\/261|[from] Stealth Rock
|
|c| THE iTodd|dmt brought that evil
|c| THE iTodd|on himself
|
|switch|p2a: Speed Buge|Yanmega, F, shiny|313\/313
|-damage|p2a: Speed Buge|157\/313|[from] Stealth Rock
|turn|24
|
|switch|p1a: Liberachi|Jirachi|227\/341
|-damage|p1a: Liberachi|206\/341|[from] Stealth Rock
|move|p2a: Speed Buge|Bug Buzz|p1a: Liberachi
|-damage|p1a: Liberachi|41\/341
|-damage|p2a: Speed Buge|126\/313|[from] item: Life Orb
|
|-boost|p2a: Speed Buge|spe|1|[from] ability: Speed Boost
|turn|25
|
|move|p2a: Speed Buge|Giga Drain|p1a: Liberachi
|-resisted|p1a: Liberachi
|-damage|p1a: Liberachi|0 fnt
|-heal|p2a: Speed Buge|147\/313|[from] drain|[of] p1a: Liberachi
|-damage|p2a: Speed Buge|116\/313|[from] item: Life Orb
|faint|p1a: Liberachi
|
|-boost|p2a: Speed Buge|spe|1|[from] ability: Speed Boost
|
|switch|p1a: T-Pain|Tentacruel, M|363\/363
|-damage|p1a: T-Pain|318\/363|[from] Stealth Rock
|turn|26
|c| SweetDelight|Is Yanmega actually that big
|c|âCoolStoryBrobat|yeah it's like 3 feet or something
|c|âCoolStoryBrobat|!dt Yanmega
|c|~|\/data-pokemon Yanmega
|raw|<font size="1"><font color=#585858>Dex#:<\/font> 469&nbsp;|&ThickSpace;<font color=#585858>Height:<\/font> 1.9 m&nbsp;|&ThickSpace;<font color=#585858>Weight:<\/font> 51.5 kg <em>(80 BP)<\/em>&nbsp;|&ThickSpace;<font color=#585858>Dex Colour:<\/font> Green&nbsp;|&ThickSpace;<font color=#585858>Egg Group(s):<\/font> Bug&nbsp;|&ThickSpace;<font color=#585858><font color=#585858>Does Not Evolve<\/font><\/font><\/font>
|c| THE iTodd|1.9 m
|c| DMT is Love|Height: 1.9m
|c| SweetDelight|Fucking christ
|c| warertruty|crobat is fooking huge aswell
|
|move|p2a: Speed Buge|Air Slash|p1a: T-Pain
|-damage|p1a: T-Pain|157\/363
|-damage|p2a: Speed Buge|85\/313|[from] item: Life Orb
|move|p1a: T-Pain|Scald|p2a: Speed Buge
|-damage|p2a: Speed Buge|0 fnt
|faint|p2a: Speed Buge
|
|-heal|p1a: T-Pain|179\/363|[from] item: Black Sludge
|c| THE iTodd|you know whats actually terrifying
|join|rtmix
|c| THE iTodd|how big scolipede is
|c| DMT is Love|jeez, 1.8m
|c| THE iTodd|2.5m
|c| THE iTodd|and 200kg
|c| spuun|better upload this tho
|c|âCoolStoryBrobat|Imagine Scolipede crawling on your ceiling staring you in the eyes
|c| THE iTodd|thats like 8 feet
|c| THE iTodd|or something
|c| SweetDelight|sbfnkm,\/.
|c| THE iTodd|and like
|c| SweetDelight|DONT EVEN
|c| THE iTodd|420 pounds
|
|switch|p2a: scarfkou is weak|Raikou|115\/321
|-damage|p2a: scarfkou is weak|75\/321|[from] Stealth Rock
|-ability|p2a: scarfkou is weak|Pressure
|turn|27
|c|âCoolStoryBrobat|Scolipede at least has a sick design
|c| SweetDelight|I WILL GO TO YOUR HOUSE AND STRANGLE YOU
|c|âCoolStoryBrobat|It's not as morbidly horrifying as an actual centipede
|
|move|p2a: scarfkou is weak|Extrasensory|p1a: T-Pain
|-supereffective|p1a: T-Pain
|-damage|p1a: T-Pain|0 fnt
|faint|p1a: T-Pain
|
|c| THE iTodd|yeah everyone talks about how sick it'd be to live in a world with pokemon
|c| THE iTodd|and its like
|c| DMT is Love|it's crazy how ridiculously gigantic half this stuff is
|c| THE iTodd|fukn tentacruels everywhere
|
|switch|p1a: Cottonelle|Whimsicott, F|219\/261
|-damage|p1a: Cottonelle|187\/261|[from] Stealth Rock
|turn|28
|c|âCoolStoryBrobat|But
|c| LessThanThreeMan|all aboard the nope train
|
|move|p1a: Cottonelle|Moonblast|p2a: scarfkou is weak
|-damage|p2a: scarfkou is weak|0 fnt
|faint|p2a: scarfkou is weak
|
|c| LessThanThreeMan|lol
|c|âCoolStoryBrobat|!dt Machamp
|c|~|\/data-pokemon Machamp
|raw|<font size="1"><font color=#585858>Dex#:<\/font> 68&nbsp;|&ThickSpace;<font color=#585858>Height:<\/font> 1.6 m&nbsp;|&ThickSpace;<font color=#585858>Weight:<\/font> 130 kg <em>(100 BP)<\/em>&nbsp;|&ThickSpace;<font color=#585858>Dex Colour:<\/font> Gray&nbsp;|&ThickSpace;<font color=#585858>Egg Group(s):<\/font> Human-Like&nbsp;|&ThickSpace;<font color=#585858><font color=#585858>Does Not Evolve<\/font><\/font><\/font>
|c| THE iTodd|and scolipede
|c| warertruty|ANY fire pokemon would be terrifying
|
|switch|p2a: water umbreon|Vaporeon, M|395\/464
|-damage|p2a: water umbreon|337\/464|[from] Stealth Rock
|turn|29
|
|move|p1a: Cottonelle|Toxic|p2a: water umbreon
|-status|p2a: water umbreon|tox
|move|p2a: water umbreon|Scald|p1a: Cottonelle
|-resisted|p1a: Cottonelle
|-damage|p1a: Cottonelle|118\/261
|
|-heal|p2a: water umbreon|366\/464 tox|[from] item: Leftovers
|-damage|p2a: water umbreon|337\/464 tox|[from] psn
|turn|30
|c| DMT is Love|crobat is bigger than machamp
|c| THE iTodd|imagine driving to work
|c| warertruty|and water would be a total no go zone
|c| THE iTodd|and its just like
|c| DMT is Love|I repeat, crobat is bigger than machamp
|c| THE iTodd|oh shit
|
|move|p1a: Cottonelle|Giga Drain|p2a: water umbreon
|-supereffective|p2a: water umbreon
|-damage|p2a: water umbreon|92\/464 tox
|-heal|p1a: Cottonelle|241\/261|[from] drain|[of] p2a: water umbreon
|move|p2a: water umbreon|Scald|p1a: Cottonelle
|-crit|p1a: Cottonelle
|-resisted|p1a: Cottonelle
|-damage|p1a: Cottonelle|142\/261
|-status|p1a: Cottonelle|brn
|
|-heal|p2a: water umbreon|121\/464 tox|[from] item: Leftovers
|-damage|p1a: Cottonelle|110\/261 brn|[from] brn
|-damage|p2a: water umbreon|63\/464 tox|[from] psn
|turn|31
|c|âCoolStoryBrobat|Machamp's actually short
|c| warertruty|yeh crobat uge
|c|âCoolStoryBrobat|Like I think it's shorter than me
|c| SweetDelight|Whats the biggest Pokemon?
|c| DMT is Love|the biggest however
|c| THE iTodd|i'm about to get butt fucked by
|c| DMT is Love|is DMT
|c| THE iTodd|a fucking aggron
|c| DMT is Love|\/me DMT is Life
|c| THE iTodd|or something
|c| warertruty|warlord is huge
|c| THE iTodd|you couldn't go outside
|c| THE iTodd|you'd have to hide
|c| THE iTodd|and pray
|
|move|p2a: water umbreon|Protect|p2a: water umbreon
|-singleturn|p2a: water umbreon|Protect
|move|p1a: Cottonelle|Giga Drain|p2a: water umbreon
|-activate|p2a: water umbreon|Protect
|
|-heal|p2a: water umbreon|92\/464 tox|[from] item: Leftovers
|-damage|p1a: Cottonelle|78\/261 brn|[from] brn
|-damage|p2a: water umbreon|5\/464 tox|[from] psn
|turn|32
|c| SweetDelight|Besides Wailord
|c| THE iTodd|i think its groudon
|
|move|p2a: water umbreon|Protect|p2a: water umbreon
|-fail|p2a: water umbreon
|move|p1a: Cottonelle|Giga Drain|p2a: water umbreon
|-supereffective|p2a: water umbreon
|-damage|p2a: water umbreon|0 fnt
|-heal|p1a: Cottonelle|81\/261 brn|[from] drain|[of] p2a: water umbreon
|faint|p2a: water umbreon
|
|-damage|p1a: Cottonelle|49\/261 brn|[from] brn
|c| DMT is Love|Aggron is 2.1m
|c| DMT is Love|Scolipede is 2.5m
|
|switch|p2a: Elit pecs|Sceptile-Mega, F, shiny|147\/281
|-damage|p2a: Elit pecs|112\/281|[from] Stealth Rock
|turn|33
|c|âCoolStoryBrobat|Groudon is the heaviest mon
|
|move|p2a: Elit pecs|Leaf Blade|p1a: Cottonelle
|-resisted|p1a: Cottonelle
|-damage|p1a: Cottonelle|0 fnt
|faint|p1a: Cottonelle
|
|c| THE iTodd|wailord is 47 feet
|c| THE iTodd|lmao
|
|switch|p1a: Twista|Tornadus, M|239\/299
|-damage|p1a: Twista|165\/299|[from] Stealth Rock
|turn|34
|c| THE iTodd|mega rayquaza is next biggest at like
|c| THE iTodd|37
|c|âCoolStoryBrobat|Fail me not
|c| Langoski|Crobat is bigger than Regirock too..Regirock is like 5'7"
|
|move|p2a: Elit pecs|Dragon Claw|p1a: Twista
|-crit|p1a: Twista
|-damage|p1a: Twista|0 fnt
|faint|p1a: Twista
|
|c| THE iTodd|http:\/\/bulbapedia.bulbagarden.net\/wiki\/List_of_Pok%C3%A9mon_by_height#47.2707.22_.2814.5_m.29
|c| LessThanThreeMan|oof
|c|âCoolStoryBrobat|GOD DANGIT SERIOUSLY
|c| SweetDelight|HOLD ON I PUULLED U-
|c| SweetDelight|damnit
|c|âDMT|didn't
|c| LessThanThreeMan|did that
|c| spuun|brob
|c|âDMT|I don't think
|c| THE iTodd|steelix is 30 ft
|c| spuun|pls
|c|âDMT|lelelel
|c| LessThanThreeMan|matter?
|c| spuun|unsubscribed.
|c| SweetDelight|I was jut about to link that Todd
|c| DMT is Love|wow, quaza goes from 7m to 10.8m
|c|âDMT|252 Atk Sceptile Dragon Claw vs. 0 HP \/ 0 Def Tornadus: 156-184 (52.1 - 61.5%) -- guaranteed 2HKO
|leave|Technosis
|c| spuun|mattered
|c| warertruty|well gryados is 6m
|c| warertruty|seeya going in water
|c| warertruty|ever
|join|Dolph The Showoff
|c|âCoolStoryBrobat|I had a thin chance of living tbh
|c|âCoolStoryBrobat|I woulda took it
|c|âDMT|tbfair
|c| Dolph The Showoff|DMT
|c| LessThanThreeMan|yeah it was
|c|âDMT|yes you did
|c| LessThanThreeMan|roll
|c|âDMT|but we all know
|leave|Deeeto
|c| DMT is Love|but also like
|c|âDMT|I was getting absolute max anyway
|c| DMT is Love|Jellicent
|c|âCoolStoryBrobat|I guess my biggest mistake is not going to Swampert ont hat Vape Protect
|c| LessThanThreeMan|that kind of decided the game
|c|âCoolStoryBrobat|And mega evolving
|c|âDMT|ya
|c| DMT is Love|(which is 0.1m bigger than Aggron by the way)
|c|âDMT|and rain
|
|switch|p1a: Wheaties|Swampert, M|344\/344
|-damage|p1a: Wheaties|323\/344|[from] Stealth Rock
|turn|35
|c| SweetDelight|sooo lagy
|c| Langoski|But the fact that Crobat is bigger than a bunch of this stuff creeps me out.
|c|âCoolStoryBrobat|oh well
|c| spuun|live leaf blade lel
|c| THE iTodd|holy shit
|c| THE iTodd|can you imagine
|c| THE iTodd|chillin at the beach
|
|detailschange|p1a: Wheaties|Swampert-Mega, M
|-mega|p1a: Wheaties|Swampert|Swampertite
|move|p2a: Elit pecs|Leaf Blade|p1a: Wheaties
|-supereffective|p1a: Wheaties
|-damage|p1a: Wheaties|0 fnt
|faint|p1a: Wheaties
|
|win|DMT
|raw|Ladder updating...
|c| DMT is Love|lives to drag you into the deep dark depths of the sea
|c| THE iTodd|fukn gyarados shows up
|raw|CoolStoryBrobat's rating: 1461 &rarr; <strong>1445<\/strong><br \/>(-16 for losing)
|raw|DMT's rating: 1541 &rarr; <strong>1556<\/strong><br \/>(+15 for winning)
|join|Repeater1947
|c|âDMT|gg
|c| warertruty|lol
|c|âCoolStoryBrobat|Argh
|c| DMT is Love|I'm sure DMT could survive though
|c|âCoolStoryBrobat|gg
|c| THE iTodd|just eats you whole
|c| THE iTodd|doesn't chew
|c| DMT is Love|\/me DMT is Life
|c| THE iTodd|you now live in a gyarados
|leave|rtmix
|leave|CoolStoryBrobat
|player|p1
|leave|sniperaim
|c| THE iTodd|assume control take over the world
|leave|SweetDelight
|leave|THE iTodd
|c| DMT is Love|I hope there's a Pokemon episode where they just
|leave|LessThanThreeMan
|c| DMT is Love|find a community within a Gyarados
|c| DMT is Love|and there are children who don't know what the outside world is like
|leave|Langoski
|leave|spuun
|join|THE iTodd
|leave|THE iTodd
|join|sniperaim
|leave|sniperaim
|join|THE iTodd
|leave|THE iTodd