|join|LiberalLucario
|join|CoolStoryBrobat
|player|p1|LiberalLucario|290
|player|p2|CoolStoryBrobat|212
|gametype|singles
|gen|6
|tier|UU
|rule|Sleep Clause Mod: Limit one foe put to sleep
|rule|Species Clause: Limit one of each PokÃ©mon
|rule|OHKO Clause: OHKO moves are banned
|rule|Moody Clause: Moody is banned
|rule|Evasion Moves Clause: Evasion moves are banned
|rule|Endless Battle Clause: Forcing endless battles is banned
|rule|HP Percentage Mod: HP is shown in percentages
|clearpoke
|poke|p1|Rotom-Mow
|poke|p1|Machamp, F
|poke|p1|Suicune
|poke|p1|Entei, shiny
|poke|p1|Aggron, F
|poke|p1|Gligar, M
|poke|p2|Glalie, F
|poke|p2|Infernape, M
|poke|p2|Roserade, F
|poke|p2|Hippowdon, F
|poke|p2|Vaporeon, F
|poke|p2|Forretress, M
|rule|Swagger Clause: Swagger is banned
|rule|Baton Pass Clause: Limit one PokÃ©mon knowing Baton Pass
|teampreview
|join|Thisbemyalt
|join|Orbital Pacman
|c| Orbital Pacman|glalie
|c| Orbital Pacman|nb
|join|Donkii
|join|baenail
|c| Thisbemyalt|.\/modchat
|raw|<div class="broadcast-red"><b>Moderated chat was set to +!<\/b><br \/>Only users of rank + and higher can talk.<\/div>
|
|start
|switch|p1a: mfw sniperaim|Rotom-Mow|241\/241
|switch|p2a: Roserade|Roserade, F|261\/261
|turn|1
|
|switch|p1a: Gligar|Gligar, M|334\/334
|move|p2a: Roserade|Hidden Power|p1a: Gligar
|-immune|p1a: Gligar|[msg]
|
|turn|2
|join|0rbital
|
|switch|p2a: Glalie|Glalie, F|301\/301
|move|p1a: Gligar|U-turn|p2a: Glalie
|-damage|p2a: Glalie|251\/301
|
|switch|p1a: Aggron|Aggron, F|344\/344
|
|turn|3
|
|detailschange|p2a: Glalie|Glalie-Mega, F
|-mega|p2a: Glalie|Glalie|Glalitite
|detailschange|p1a: Aggron|Aggron-Mega, F
|-mega|p1a: Aggron|Aggron|Aggronite
|move|p2a: Glalie|Super Fang|p1a: Aggron
|-damage|p1a: Aggron|172\/344
|move|p1a: Aggron|Stealth Rock|p2a: Glalie
|-sidestart|p2: CoolStoryBrobat|move: Stealth Rock
|
|turn|4
|
|move|p2a: Glalie|Super Fang|p1a: Aggron
|-damage|p1a: Aggron|86\/344
|move|p1a: Aggron|Heavy Slam|p2a: Glalie
|-supereffective|p2a: Glalie
|-damage|p2a: Glalie|105\/301
|
|turn|5
|
|move|p2a: Glalie|Earthquake|p1a: Aggron
|-supereffective|p1a: Aggron
|-damage|p1a: Aggron|17\/344
|move|p1a: Aggron|Heavy Slam|p2a: Glalie
|-supereffective|p2a: Glalie
|-damage|p2a: Glalie|0 fnt
|faint|p2a: Glalie
|
|
|switch|p2a: Vaporeon|Vaporeon, F|452\/452
|-damage|p2a: Vaporeon|396\/452|[from] Stealth Rock
|turn|6
|join|ooh keil em
|
|switch|p1a: Machamp|Machamp, F|344\/344
|move|p2a: Vaporeon|Scald|p1a: Machamp
|-damage|p1a: Machamp|265\/344
|
|-heal|p2a: Vaporeon|424\/452|[from] item: Leftovers
|turn|7
|join|LessThanThreeMan
|join|Tokemon Master
|join|Yellow Skarmory
|
|move|p1a: Machamp|Knock Off|p2a: Vaporeon
|-damage|p2a: Vaporeon|295\/452
|-enditem|p2a: Vaporeon|Leftovers|[from] move: Knock Off|[of] p1a: Machamp
|move|p2a: Vaporeon|Wish|p2a: Vaporeon
|
|turn|8
|leave|Tokemon Master
|join|THEiTodd
|join|YMASTEST
|
|move|p1a: Machamp|Close Combat|p2a: Vaporeon
|-damage|p2a: Vaporeon|67\/452
|-unboost|p1a: Machamp|def|1
|-unboost|p1a: Machamp|spd|1
|move|p2a: Vaporeon|Scald|p1a: Machamp
|-damage|p1a: Machamp|156\/344
|
|-heal|p2a: Vaporeon|293\/452|[from] move: Wish|[wisher] Vaporeon
|turn|9
|
|switch|p1a: mfw sniperaim|Rotom-Mow|241\/241
|move|p2a: Vaporeon|Wish|p2a: Vaporeon
|
|turn|10
|
|move|p2a: Vaporeon|Protect|p2a: Vaporeon
|-singleturn|p2a: Vaporeon|Protect
|move|p1a: mfw sniperaim|Leaf Storm|p2a: Vaporeon
|-activate|p2a: Vaporeon|Protect
|
|-heal|p2a: Vaporeon|452\/452|[from] move: Wish|[wisher] Vaporeon
|turn|11
|join|DrReuniclus3
|
|switch|p1a: Entei|Entei, shiny|371\/371
|-ability|p1a: Entei|Pressure
|switch|p2a: Infernape|Infernape, M|293\/293
|-damage|p2a: Infernape|257\/293|[from] Stealth Rock
|
|turn|12
|
|switch|p1a: Suicune|Suicune|404\/404
|-ability|p1a: Suicune|Pressure
|move|p2a: Infernape|Earthquake|p1a: Suicune
|-damage|p1a: Suicune|294\/404
|-damage|p2a: Infernape|228\/293|[from] item: Life Orb
|
|-heal|p1a: Suicune|319\/404|[from] item: Leftovers
|turn|13
|
|switch|p2a: Roserade|Roserade, F|261\/261
|-damage|p2a: Roserade|229\/261|[from] Stealth Rock
|move|p1a: Suicune|Scald|p2a: Roserade
|-resisted|p2a: Roserade
|-damage|p2a: Roserade|171\/261
|
|-heal|p1a: Suicune|344\/404|[from] item: Leftovers
|turn|14
|
|switch|p1a: Gligar|Gligar, M|334\/334
|move|p2a: Roserade|Leaf Storm|p1a: Gligar
|-damage|p1a: Gligar|162\/334
|-unboost|p2a: Roserade|spa|2
|-damage|p2a: Roserade|145\/261|[from] item: Life Orb
|
|turn|15
|
|move|p2a: Roserade|Toxic Spikes|p1a: Gligar
|-sidestart|p1: LiberalLucario|move: Toxic Spikes
|move|p1a: Gligar|Roost|p1a: Gligar
|-heal|p1a: Gligar|329\/334
|
|turn|16
|join|r0ady
|
|switch|p2a: Vaporeon|Vaporeon, F|452\/452
|-damage|p2a: Vaporeon|396\/452|[from] Stealth Rock
|move|p1a: Gligar|Defog|p2a: Vaporeon
|-unboost|p2a: Vaporeon|evasion|1
|-sideend|p2: CoolStoryBrobat|Stealth Rock|[from] move: Defog|[of] p2a: Vaporeon
|-sideend|p1: LiberalLucario|Toxic Spikes|[from] move: Defog|[of] p1a: Gligar
|
|turn|17
|
|move|p1a: Gligar|U-turn|p2a: Vaporeon
|-damage|p2a: Vaporeon|349\/452
|
|switch|p1a: Suicune|Suicune|344\/404
|-ability|p1a: Suicune|Pressure
|move|p2a: Vaporeon|Scald|p1a: Suicune
|-resisted|p1a: Suicune
|-damage|p1a: Suicune|299\/404
|-status|p1a: Suicune|brn
|
|-heal|p1a: Suicune|324\/404 brn|[from] item: Leftovers
|-damage|p1a: Suicune|274\/404 brn|[from] brn
|turn|18
|
|switch|p1a: mfw sniperaim|Rotom-Mow|241\/241
|move|p2a: Vaporeon|Wish|p2a: Vaporeon
|
|turn|19
|
|switch|p2a: Roserade|Roserade, F|145\/261
|move|p1a: mfw sniperaim|Leaf Storm|p2a: Roserade
|-resisted|p2a: Roserade
|-damage|p2a: Roserade|78\/261
|-unboost|p1a: mfw sniperaim|spa|2
|
|-heal|p2a: Roserade|261\/261|[from] move: Wish|[wisher] Vaporeon
|turn|20
|
|switch|p1a: Gligar|Gligar, M|329\/334
|move|p2a: Roserade|Toxic Spikes|p1a: Gligar
|-sidestart|p1: LiberalLucario|move: Toxic Spikes
|
|turn|21
|
|switch|p2a: Vaporeon|Vaporeon, F|349\/452
|move|p1a: Gligar|Defog|p2a: Vaporeon
|-unboost|p2a: Vaporeon|evasion|1
|-sideend|p1: LiberalLucario|Toxic Spikes|[from] move: Defog|[of] p1a: Gligar
|
|turn|22
|
|move|p1a: Gligar|U-turn|p2a: Vaporeon
|-damage|p2a: Vaporeon|304\/452
|
|switch|p1a: mfw sniperaim|Rotom-Mow|241\/241
|move|p2a: Vaporeon|Ice Beam|p1a: mfw sniperaim
|-supereffective|p1a: mfw sniperaim
|-damage|p1a: mfw sniperaim|99\/241
|
|turn|23
|
|move|p2a: Vaporeon|Protect|p2a: Vaporeon
|-singleturn|p2a: Vaporeon|Protect
|move|p1a: mfw sniperaim|Leaf Storm|p2a: Vaporeon
|-activate|p2a: Vaporeon|Protect
|
|turn|24
|
|switch|p1a: Entei|Entei, shiny|371\/371
|-ability|p1a: Entei|Pressure
|switch|p2a: Forretress|Forretress, M|354\/354
|
|turn|25
|
|switch|p2a: Hippowdon|Hippowdon, F|420\/420
|move|p1a: Entei|Sacred Fire|p2a: Hippowdon
|-damage|p2a: Hippowdon|177\/420
|-status|p2a: Hippowdon|brn
|
|-heal|p2a: Hippowdon|203\/420 brn|[from] item: Leftovers
|-damage|p2a: Hippowdon|151\/420 brn|[from] brn
|turn|26
|
|move|p1a: Entei|Sacred Fire|p2a: Hippowdon
|-damage|p2a: Hippowdon|0 fnt
|faint|p2a: Hippowdon
|
|
|switch|p2a: Infernape|Infernape, M|228\/293
|turn|27
|
|switch|p1a: Gligar|Gligar, M|329\/334
|move|p2a: Infernape|Fire Blast|p1a: Gligar
|-crit|p1a: Gligar
|-damage|p1a: Gligar|160\/334
|-damage|p2a: Infernape|199\/293|[from] item: Life Orb
|
|turn|28
|
|switch|p2a: Roserade|Roserade, F|261\/261
|move|p1a: Gligar|Roost|p1a: Gligar
|-heal|p1a: Gligar|327\/334
|
|turn|29
|join|Alpha Yodo77
|
|move|p2a: Roserade|Toxic Spikes|p1a: Gligar
|-sidestart|p1: LiberalLucario|move: Toxic Spikes
|move|p1a: Gligar|Earthquake|p2a: Roserade
|-damage|p2a: Roserade|128\/261
|
|turn|30
|
|move|p2a: Roserade|Leaf Storm|p1a: Gligar
|-damage|p1a: Gligar|127\/334
|-unboost|p2a: Roserade|spa|2
|-damage|p2a: Roserade|102\/261|[from] item: Life Orb
|move|p1a: Gligar|Defog|p2a: Roserade
|-unboost|p2a: Roserade|evasion|1
|-sideend|p1: LiberalLucario|Toxic Spikes|[from] move: Defog|[of] p1a: Gligar
|
|turn|31
|join|Volbeatdown
|
|switch|p2a: Vaporeon|Vaporeon, F|304\/452
|move|p1a: Gligar|U-turn|p2a: Vaporeon
|-damage|p2a: Vaporeon|259\/452
|
|switch|p1a: mfw sniperaim|Rotom-Mow|99\/241
|
|turn|32
|
|move|p2a: Vaporeon|Protect|p2a: Vaporeon
|-singleturn|p2a: Vaporeon|Protect
|move|p1a: mfw sniperaim|Volt Switch|p2a: Vaporeon
|-activate|p2a: Vaporeon|Protect
|
|turn|33
|join|gobosox
|leave|gobosox
|
|switch|p2a: Forretress|Forretress, M|354\/354
|move|p1a: mfw sniperaim|Volt Switch|p2a: Forretress
|-damage|p2a: Forretress|114\/354
|
|switch|p1a: Entei|Entei, shiny|371\/371
|-ability|p1a: Entei|Pressure
|
|-heal|p2a: Forretress|136\/354|[from] item: Leftovers
|turn|34
|
|move|p1a: Entei|Sacred Fire|p2a: Forretress
|-supereffective|p2a: Forretress
|-damage|p2a: Forretress|0 fnt
|faint|p2a: Forretress
|
|join|Gay Bear Sex
|join|Specs Cranidos
|join|Duskt70
|
|switch|p2a: Infernape|Infernape, M|199\/293
|turn|35
|
|switch|p1a: Aggron|Aggron-Mega, F|17\/344
|move|p2a: Infernape|Earthquake|p1a: Aggron
|-supereffective|p1a: Aggron
|-damage|p1a: Aggron|0 fnt
|-damage|p2a: Infernape|170\/293|[from] item: Life Orb
|faint|p1a: Aggron
|
|
|switch|p1a: Entei|Entei, shiny|371\/371
|-ability|p1a: Entei|Pressure
|turn|36
|
|move|p1a: Entei|Extreme Speed|p2a: Infernape
|-damage|p2a: Infernape|0 fnt
|faint|p2a: Infernape
|
|leave|Duskt70
|
|switch|p2a: Vaporeon|Vaporeon, F|259\/452
|turn|37
|
|switch|p1a: mfw sniperaim|Rotom-Mow|99\/241
|move|p2a: Vaporeon|Wish|p2a: Vaporeon
|
|turn|38
|
|switch|p2a: Roserade|Roserade, F|102\/261
|move|p1a: mfw sniperaim|Thunderbolt|p2a: Roserade
|-resisted|p2a: Roserade
|-damage|p2a: Roserade|0 fnt
|faint|p2a: Roserade
|
|c|âLiberalLucario|alright
|c|âLiberalLucario|gg
|leave|0rbital
|
|switch|p2a: Vaporeon|Vaporeon, F|259\/452
|turn|39
|c|âCoolStoryBrobat|This sucked
|c|âCoolStoryBrobat|gg
|
|move|p1a: mfw sniperaim|Thunderbolt|p2a: Vaporeon
|-supereffective|p2a: Vaporeon
|-damage|p2a: Vaporeon|0 fnt
|faint|p2a: Vaporeon
|
|win|LiberalLucario
|leave|Specs Cranidos