|join|CoolStoryBrobat
|join|Raymomo5
|player|p1|CoolStoryBrobat|#coolstorybrobat
|player|p2|Raymomo5|266
|gametype|singles
|gen|6
|tier|UU
|rated
|rule|Sleep Clause Mod: Limit one foe put to sleep
|rule|Species Clause: Limit one of each PokÃ©mon
|rule|OHKO Clause: OHKO moves are banned
|rule|Moody Clause: Moody is banned
|rule|Evasion Moves Clause: Evasion moves are banned
|rule|Endless Battle Clause: Forcing endless battles is banned
|rule|HP Percentage Mod: HP is shown in percentages
|clearpoke
|poke|p1|Swampert, F
|poke|p1|Crobat, M
|poke|p1|Raikou
|poke|p1|Forretress, F
|poke|p1|Vaporeon, M
|poke|p1|Florges, F
|poke|p2|Whimsicott, F
|poke|p2|Slurpuff, F
|poke|p2|Rhyperior, F
|poke|p2|Lopunny, F
|poke|p2|Reuniclus, F
|poke|p2|Ambipom, M
|rule|Swagger Clause: Swagger is banned
|rule|Baton Pass Clause: Limit one PokÃ©mon knowing Baton Pass
|teampreview
|c|âRaymomo5|oh
|c|âRaymomo5|cool story brobat?
|join|Riktigtbra
|c|âCoolStoryBrobat|Si si
|c| Riktigtbra|World most famous man
|join|sniperaim
|join|namehtmas
|c|âRaymomo5|ure the guy that's actually good at this game right?
|
|start
|switch|p1a: Forretress|Forretress, F|354\/354
|switch|p2a: Whimsicott|Whimsicott, F|262\/262
|turn|1
|c| Riktigtbra|Everyone has seen his Youtube-vids
|c|âCoolStoryBrobat|Well I think there's more guys than just me out there who are good at this
|c| Riktigtbra|Obama gave him a medal
|c|âCoolStoryBrobat|but sure, I give myself a B-
|join|Childish_Gavino
|c|âRaymomo5|not many are good
|
|move|p2a: Whimsicott|Leech Seed|p1a: Forretress
|-start|p1a: Forretress|move: Leech Seed
|move|p1a: Forretress|Gyro Ball|p2a: Whimsicott
|-supereffective|p2a: Whimsicott
|-damage|p2a: Whimsicott|82\/262
|
|-heal|p2a: Whimsicott|98\/262|[from] item: Leftovers
|-damage|p1a: Forretress|310\/354|[from] Leech Seed|[of] p2a: Whimsicott
|-heal|p2a: Whimsicott|142\/262|[silent]
|turn|2
|c|âCoolStoryBrobat|Are you....running a 0 HP IV on Whimsicott
|c|âCoolStoryBrobat|to "recover more health"
|c|âRaymomo5|not sure
|
|move|p2a: Whimsicott|Substitute|p2a: Whimsicott
|-start|p2a: Whimsicott|Substitute
|-damage|p2a: Whimsicott|77\/262
|move|p1a: Forretress|Toxic Spikes|p2a: Whimsicott
|-sidestart|p2: Raymomo5|move: Toxic Spikes
|
|-heal|p2a: Whimsicott|93\/262|[from] item: Leftovers
|-heal|p1a: Forretress|332\/354|[from] item: Leftovers
|-damage|p1a: Forretress|288\/354|[from] Leech Seed|[of] p2a: Whimsicott
|-heal|p2a: Whimsicott|137\/262|[silent]
|turn|3
|c|âRaymomo5|no ev's definitely
|
|move|p2a: Whimsicott|Stun Spore|p1a: Forretress
|-status|p1a: Forretress|par
|cant|p1a: Forretress|par
|
|-heal|p2a: Whimsicott|153\/262|[from] item: Leftovers
|-heal|p1a: Forretress|310\/354 par|[from] item: Leftovers
|-damage|p1a: Forretress|266\/354 par|[from] Leech Seed|[of] p2a: Whimsicott
|-heal|p2a: Whimsicott|197\/262|[silent]
|turn|4
|c| sniperaim|no hp evs
|
|switch|p2a: Reuniclus|Reuniclus, F|424\/424
|-status|p2a: Reuniclus|psn
|move|p1a: Forretress|Volt Switch|p2a: Reuniclus
|-damage|p2a: Reuniclus|382\/424 psn
|c| sniperaim|plus 0 iv
|c| sniperaim|imo
|
|switch|p1a: Raikou|Raikou|322\/322
|-ability|p1a: Raikou|Pressure
|
|-heal|p2a: Reuniclus|408\/424 psn|[from] item: Leftovers
|turn|5
|c|âRaymomo5|actually
|c|âRaymomo5|4 on the ev
|
|move|p1a: Raikou|Thunderbolt|p2a: Reuniclus
|-damage|p2a: Reuniclus|196\/424 psn
|-damage|p1a: Raikou|290\/322|[from] item: Life Orb
|move|p2a: Reuniclus|Calm Mind|p2a: Reuniclus
|-boost|p2a: Reuniclus|spa|1
|-boost|p2a: Reuniclus|spd|1
|
|-heal|p2a: Reuniclus|222\/424 psn|[from] item: Leftovers
|turn|6
|
|move|p1a: Raikou|Volt Switch|p2a: Reuniclus
|-damage|p2a: Reuniclus|115\/424 psn
|-damage|p1a: Raikou|258\/322|[from] item: Life Orb
|
|switch|p1a: Swampert|Swampert, F|344\/344
|move|p2a: Reuniclus|Recover|p2a: Reuniclus
|-heal|p2a: Reuniclus|327\/424 psn
|
|-heal|p2a: Reuniclus|353\/424 psn|[from] item: Leftovers
|turn|7
|
|detailschange|p1a: Swampert|Swampert-Mega, F
|message|Swampert has Mega Evolved into Mega Swampert!
|move|p1a: Swampert|Rain Dance|p1a: Swampert
|-weather|RainDance
|move|p2a: Reuniclus|Energy Ball|p1a: Swampert
|-supereffective|p1a: Swampert
|-damage|p1a: Swampert|0 fnt
|faint|p1a: Swampert
|
|-weather|RainDance|[upkeep]
|-heal|p2a: Reuniclus|379\/424 psn|[from] item: Leftovers
|c|âCoolStoryBrobat|God dammit
|c|âCoolStoryBrobat|seriously
|c|âRaymomo5|yes
|c|âRaymomo5|cus shadow ball
|c|âRaymomo5|there's stuff that resists both
|c|âCoolStoryBrobat|Bruh you're running a Reuniclus that loses to Celebi
|
|switch|p1a: Florges|Florges, F|360\/360
|turn|8
|c|âRaymomo5|but i lost to any team with celebi :)
|
|move|p1a: Florges|Calm Mind|p1a: Florges
|-boost|p1a: Florges|spa|1
|-boost|p1a: Florges|spd|1
|move|p2a: Reuniclus|Calm Mind|p2a: Reuniclus
|-boost|p2a: Reuniclus|spa|1
|-boost|p2a: Reuniclus|spd|1
|
|-weather|RainDance|[upkeep]
|-heal|p2a: Reuniclus|405\/424 psn|[from] item: Leftovers
|turn|9
|
|move|p1a: Florges|Calm Mind|p1a: Florges
|-boost|p1a: Florges|spa|1
|-boost|p1a: Florges|spd|1
|move|p2a: Reuniclus|Calm Mind|p2a: Reuniclus
|-boost|p2a: Reuniclus|spa|1
|-boost|p2a: Reuniclus|spd|1
|
|-weather|RainDance|[upkeep]
|-heal|p2a: Reuniclus|424\/424 psn|[from] item: Leftovers
|turn|10
|
|move|p1a: Florges|Calm Mind|p1a: Florges
|-boost|p1a: Florges|spa|1
|-boost|p1a: Florges|spd|1
|move|p2a: Reuniclus|Calm Mind|p2a: Reuniclus
|-boost|p2a: Reuniclus|spa|1
|-boost|p2a: Reuniclus|spd|1
|
|-weather|RainDance|[upkeep]
|turn|11
|
|move|p1a: Florges|Moonblast|p2a: Reuniclus
|-damage|p2a: Reuniclus|301\/424 psn
|-unboost|p2a: Reuniclus|spa|1
|move|p2a: Reuniclus|Calm Mind|p2a: Reuniclus
|-boost|p2a: Reuniclus|spa|1
|-boost|p2a: Reuniclus|spd|1
|
|-weather|none
|-heal|p2a: Reuniclus|327\/424 psn|[from] item: Leftovers
|turn|12
|
|move|p1a: Florges|Moonblast|p2a: Reuniclus
|-damage|p2a: Reuniclus|222\/424 psn
|move|p2a: Reuniclus|Psyshock|p1a: Florges
|-damage|p1a: Florges|0 fnt
|faint|p1a: Florges
|
|-heal|p2a: Reuniclus|248\/424 psn|[from] item: Leftovers
|
|switch|p1a: Brobat|Crobat, M|373\/373
|turn|13
|c|âRaymomo5|unlucky
|
|move|p1a: Brobat|Brave Bird|p2a: Reuniclus
|-damage|p2a: Reuniclus|131\/424 psn
|-damage|p1a: Brobat|334\/373|[from] recoil|[of] p2a: Reuniclus
|move|p2a: Reuniclus|Recover|p2a: Reuniclus
|-heal|p2a: Reuniclus|343\/424 psn
|
|-heal|p1a: Brobat|357\/373|[from] item: Black Sludge
|-heal|p2a: Reuniclus|369\/424 psn|[from] item: Leftovers
|turn|14
|c|âRaymomo5|its been so long since crobat ran taunt
|
|move|p1a: Brobat|Brave Bird|p2a: Reuniclus
|-damage|p2a: Reuniclus|252\/424 psn
|-damage|p1a: Brobat|318\/373|[from] recoil|[of] p2a: Reuniclus
|move|p2a: Reuniclus|Recover|p2a: Reuniclus
|-heal|p2a: Reuniclus|424\/424 psn
|
|-heal|p1a: Brobat|341\/373|[from] item: Black Sludge
|turn|15
|join|DMT
|
|move|p1a: Brobat|Brave Bird|p2a: Reuniclus
|-damage|p2a: Reuniclus|315\/424 psn
|-damage|p1a: Brobat|305\/373|[from] recoil|[of] p2a: Reuniclus
|move|p2a: Reuniclus|Calm Mind|p2a: Reuniclus
|-boost|p2a: Reuniclus|spa|1
|-boost|p2a: Reuniclus|spd|1
|
|-heal|p1a: Brobat|328\/373|[from] item: Black Sludge
|-heal|p2a: Reuniclus|341\/424 psn|[from] item: Leftovers
|turn|16
|c| Riktigtbra|No superfang?
|join|Lady Ciaran
|c|âCoolStoryBrobat|No one runs that in UU...
|c|âRaymomo5|no-one runs superfang
|
|move|p1a: Brobat|Brave Bird|p2a: Reuniclus
|-damage|p2a: Reuniclus|236\/424 psn
|-damage|p1a: Brobat|293\/373|[from] recoil|[of] p2a: Reuniclus
|move|p2a: Reuniclus|Calm Mind|p2a: Reuniclus
|-boost|p2a: Reuniclus|spa|1
|
|-heal|p1a: Brobat|316\/373|[from] item: Black Sludge
|-heal|p2a: Reuniclus|262\/424 psn|[from] item: Leftovers
|turn|17
|c| Riktigtbra|Ahh, ok
|
|move|p1a: Brobat|Brave Bird|p2a: Reuniclus
|-damage|p2a: Reuniclus|139\/424 psn
|-damage|p1a: Brobat|275\/373|[from] recoil|[of] p2a: Reuniclus
|move|p2a: Reuniclus|Recover|p2a: Reuniclus
|-heal|p2a: Reuniclus|351\/424 psn
|
|-heal|p1a: Brobat|298\/373|[from] item: Black Sludge
|-heal|p2a: Reuniclus|377\/424 psn|[from] item: Leftovers
|turn|18
|c| sniperaim|why brobat
|c| sniperaim|WHY
|c| Lady Ciaran|Why does your Forrtress sprite have brobats sprite...
|
|move|p1a: Brobat|U-turn|p2a: Reuniclus
|-supereffective|p2a: Reuniclus
|-damage|p2a: Reuniclus|291\/424 psn
|
|switch|p1a: Forretress|Forretress, F|266\/354 par
|move|p2a: Reuniclus|Recover|p2a: Reuniclus
|-heal|p2a: Reuniclus|424\/424 psn
|
|-heal|p1a: Forretress|288\/354 par|[from] item: Leftovers
|turn|19
|
|move|p2a: Reuniclus|Psyshock|p1a: Forretress
|-resisted|p1a: Forretress
|-damage|p1a: Forretress|170\/354 par
|move|p1a: Forretress|Gyro Ball|p2a: Reuniclus
|-damage|p2a: Reuniclus|309\/424 psn
|
|-heal|p2a: Reuniclus|335\/424 psn|[from] item: Leftovers
|-heal|p1a: Forretress|192\/354 par|[from] item: Leftovers
|turn|20
|
|move|p2a: Reuniclus|Psyshock|p1a: Forretress
|-resisted|p1a: Forretress
|-damage|p1a: Forretress|58\/354 par
|move|p1a: Forretress|Gyro Ball|p2a: Reuniclus
|-damage|p2a: Reuniclus|211\/424 psn
|
|-heal|p2a: Reuniclus|237\/424 psn|[from] item: Leftovers
|-heal|p1a: Forretress|80\/354 par|[from] item: Leftovers
|turn|21
|
|move|p2a: Reuniclus|Recover|p2a: Reuniclus
|-heal|p2a: Reuniclus|424\/424 psn
|move|p1a: Forretress|Gyro Ball|p2a: Reuniclus
|-damage|p2a: Reuniclus|307\/424 psn
|
|-heal|p2a: Reuniclus|333\/424 psn|[from] item: Leftovers
|-heal|p1a: Forretress|102\/354 par|[from] item: Leftovers
|turn|22
|
|move|p2a: Reuniclus|Psyshock|p1a: Forretress
|-resisted|p1a: Forretress
|-damage|p1a: Forretress|0 fnt
|faint|p1a: Forretress
|
|-heal|p2a: Reuniclus|359\/424 psn|[from] item: Leftovers
|
|switch|p1a: Vaporeon|Vaporeon, M|452\/452
|turn|23
|join|Colbrushie
|
|move|p2a: Reuniclus|Energy Ball|p1a: Vaporeon
|-supereffective|p1a: Vaporeon
|-damage|p1a: Vaporeon|0 fnt
|faint|p1a: Vaporeon
|
|-heal|p2a: Reuniclus|385\/424 psn|[from] item: Leftovers
|c|âCoolStoryBrobat|Man I forgot I had Roar Vaporeon so I let this dumb thing set up
|c|âCoolStoryBrobat|Because I assumed you were using a good set
|
|switch|p1a: Raikou|Raikou|258\/322
|-ability|p1a: Raikou|Pressure
|turn|24
|c|âRaymomo5|you assumed i was godo
|c| Riktigtbra|Yep, you should sleep instead
|c|âRaymomo5|good*
|c|âRaymomo5|therefore you lost
|c|âCoolStoryBrobat|And now I'm sitting here drinking the saltiest flavor of tea imagineable
|
|move|p1a: Raikou|Thunderbolt|p2a: Reuniclus
|-damage|p2a: Reuniclus|327\/424 psn
|-damage|p1a: Raikou|226\/322|[from] item: Life Orb
|move|p2a: Reuniclus|Energy Ball|p1a: Raikou
|-damage|p1a: Raikou|0 fnt
|faint|p1a: Raikou
|
|-heal|p2a: Reuniclus|353\/424 psn|[from] item: Leftovers
|c|âRaymomo5|gg
|
|switch|p1a: Brobat|Crobat, M|298\/373
|turn|25
|
|move|p1a: Brobat|Brave Bird|p2a: Reuniclus
|-damage|p2a: Reuniclus|242\/424 psn
|-damage|p1a: Brobat|261\/373|[from] recoil|[of] p2a: Reuniclus
|move|p2a: Reuniclus|Psyshock|p1a: Brobat
|-supereffective|p1a: Brobat
|-damage|p1a: Brobat|0 fnt
|faint|p1a: Brobat
|
|win|Raymomo5
|raw|Ladder updating...
|raw|CoolStoryBrobat's rating: 1479 &rarr; <strong>1456<\/strong><br \/>(-23 for losing)
|raw|Raymomo5's rating: 1426 &rarr; <strong>1449<\/strong><br \/>(+23 for winning)
|leave|CoolStoryBrobat
|player|p1
|leave|Lady Ciaran
|leave|Colbrushie
|leave|Childish_Gavino