|join|CoolStoryBrobat
|join|Truth In Lies
|player|p1|CoolStoryBrobat|212
|player|p2|Truth In Lies|265
|gametype|singles
|gen|6
|tier|UU
|rule|Sleep Clause Mod: Limit one foe put to sleep
|rule|Species Clause: Limit one of each PokÃ©mon
|rule|OHKO Clause: OHKO moves are banned
|rule|Moody Clause: Moody is banned
|rule|Evasion Moves Clause: Evasion moves are banned
|rule|Endless Battle Clause: Forcing endless battles is banned
|rule|HP Percentage Mod: HP is shown in percentages
|clearpoke
|poke|p1|Swampert, M
|poke|p1|Tornadus, M
|poke|p1|Goodra, M
|poke|p1|Jirachi
|poke|p1|Tentacruel, M
|poke|p1|Whimsicott, F
|poke|p2|Donphan, M
|poke|p2|Vaporeon, M
|poke|p2|Aggron, F
|poke|p2|Crobat, F
|poke|p2|Lucario, F
|poke|p2|Hydreigon, M
|rule|Swagger Clause: Swagger is banned
|rule|Baton Pass Clause: Limit one PokÃ©mon knowing Baton Pass
|teampreview
|c|âTruth In Lies|glhf
|c|âCoolStoryBrobat|Have fun
|join|rockfuckers anon.
|join|Bassy To
|join|hairy toenail
|join|finnigans wake
|join|lessthanthreenazi
|join|the fun in this
|join|mr.cwkj
|join|LessThanThreeMan
|c| lessthanthreenazi|nice rain team
|join|ZvZ
|
|start
|switch|p1a: Cottonelle|Whimsicott, F|261\/261
|switch|p2a: Hydreigon|Hydreigon, M|325\/325
|turn|1
|c| Bassy To|The crowd is here.
|c| ZvZ|protip
|c| ZvZ|im the best one in this battle chatroom
|leave|ZvZ
|c| lessthanthreenazi|n
|c| the fun in this|truth in lies why is sd skarmory banned in ur room?
|join|sddasdasdasda
|join|smileforthacamra
|c| Bassy To|Said the guy with 1101 rating.
|join|trevor ellis
|join|rockfuckerino
|raw|<div class="broadcast-red"><b>Moderated chat was set to +!<\/b><br \/>Only users of rank + and higher can talk.<\/div>
|join|Latios pls
|leave|sddasdasdasda
|join|r0ady
|leave|smileforthacamra
|join|brokenwings
|join|Cyndequil
|
|switch|p1a: T-Pain|Tentacruel, M|363\/363
|switch|p2a: Crobat|Crobat, F|323\/323
|
|turn|2
|
|move|p2a: Crobat|U-turn|p1a: T-Pain
|-resisted|p1a: T-Pain
|-damage|p1a: T-Pain|330\/363
|leave|brokenwings
|join|ZvZ
|join|namehtmas
|leave|ZvZ
|
|switch|p2a: Hydreigon|Hydreigon, M|325\/325
|move|p1a: T-Pain|Scald|p2a: Hydreigon
|-resisted|p2a: Hydreigon
|-damage|p2a: Hydreigon|280\/325
|-status|p2a: Hydreigon|brn
|
|-heal|p1a: T-Pain|352\/363|[from] item: Black Sludge
|-damage|p2a: Hydreigon|240\/325 brn|[from] brn
|turn|3
|
|move|p2a: Hydreigon|Taunt|p1a: T-Pain
|-start|p1a: T-Pain|move: Taunt
|cant|p1a: T-Pain|move: Taunt|Toxic Spikes
|
|-heal|p1a: T-Pain|363\/363|[from] item: Black Sludge
|-damage|p2a: Hydreigon|200\/325 brn|[from] brn
|turn|4
|join|epic4eternity
|
|switch|p2a: Crobat|Crobat, F|323\/323
|switch|p1a: Cottonelle|Whimsicott, F|261\/261
|
|turn|5
|join|brokenwings
|
|switch|p1a: Liberachi|Jirachi|404\/404
|move|p2a: Crobat|Brave Bird|p1a: Liberachi
|-resisted|p1a: Liberachi
|-damage|p1a: Liberachi|314\/404
|-damage|p2a: Crobat|293\/323|[from] recoil|[of] p1a: Liberachi
|
|-heal|p1a: Liberachi|339\/404|[from] item: Leftovers
|turn|6
|join|IheartMagikarp
|
|switch|p2a: Aggron|Aggron, F|344\/344
|move|p1a: Liberachi|U-turn|p2a: Aggron
|-resisted|p2a: Aggron
|-damage|p2a: Aggron|330\/344
|join|watfor
|
|switch|p1a: Wheaties|Swampert, M|344\/344
|
|turn|7
|
|detailschange|p1a: Wheaties|Swampert-Mega, M
|-mega|p1a: Wheaties|Swampert|Swampertite
|detailschange|p2a: Aggron|Aggron-Mega, F
|-mega|p2a: Aggron|Aggron|Aggronite
|move|p1a: Wheaties|Earthquake|p2a: Aggron
|-supereffective|p2a: Aggron
|-damage|p2a: Aggron|216\/344
|move|p2a: Aggron|Toxic|p1a: Wheaties
|-status|p1a: Wheaties|tox
|
|-damage|p1a: Wheaties|323\/344 tox|[from] psn
|turn|8
|
|switch|p1a: T-Pain|Tentacruel, M|363\/363
|move|p2a: Aggron|Stealth Rock|p1a: T-Pain
|-sidestart|p1: CoolStoryBrobat|move: Stealth Rock
|
|turn|9
|
|switch|p2a: Vaporeon|Vaporeon, M|451\/451
|move|p1a: T-Pain|Rapid Spin|p2a: Vaporeon
|-crit|p2a: Vaporeon
|-damage|p2a: Vaporeon|436\/451
|-sideend|p1: CoolStoryBrobat|Stealth Rock|[from] move: Rapid Spin|[of] p1a: T-Pain
|
|-heal|p2a: Vaporeon|451\/451|[from] item: Leftovers
|turn|10
|join|gorex
|
|move|p1a: T-Pain|Toxic Spikes|p2a: Vaporeon
|-sidestart|p2: Truth In Lies|move: Toxic Spikes
|move|p2a: Vaporeon|Scald|p1a: T-Pain
|-resisted|p1a: T-Pain
|-damage|p1a: T-Pain|315\/363
|
|-heal|p1a: T-Pain|337\/363|[from] item: Black Sludge
|turn|11
|join|Latios imo
|
|switch|p1a: Barney|Goodra, M|374\/374
|move|p2a: Vaporeon|Scald|p1a: Barney
|-resisted|p1a: Barney
|-damage|p1a: Barney|339\/374
|
|turn|12
|join|Latias imo
|
|move|p1a: Barney|Outrage|p2a: Vaporeon
|-damage|p2a: Vaporeon|141\/451
|move|p2a: Vaporeon|Baton Pass|p2a: Vaporeon
|join|Latios pls
|leave|Cyndequil
|
|switch|p2a: Aggron|Aggron-Mega, F|216\/344
|
|turn|13
|join|Saucy Raichu
|
|move|p1a: Barney|Outrage|p2a: Aggron
|-resisted|p2a: Aggron
|-damage|p2a: Aggron|158\/344
|move|p2a: Aggron|Stealth Rock|p1a: Barney
|-sidestart|p1: CoolStoryBrobat|move: Stealth Rock
|
|turn|14
|
|move|p1a: Barney|Outrage|p2a: Aggron
|-resisted|p2a: Aggron
|-damage|p2a: Aggron|94\/344
|move|p2a: Aggron|Heavy Slam|p1a: Barney
|-damage|p1a: Barney|206\/374
|
|-end|p1a: Barney|rampage
|-start|p1a: Barney|confusion
|turn|15
|join|Bob the Bro
|
|switch|p1a: T-Pain|Tentacruel, M|337\/363
|-damage|p1a: T-Pain|292\/363|[from] Stealth Rock
|move|p2a: Aggron|Heavy Slam|p1a: T-Pain
|-resisted|p1a: T-Pain
|-damage|p1a: T-Pain|199\/363
|
|-heal|p1a: T-Pain|221\/363|[from] item: Black Sludge
|turn|16
|join|DerpaniteX
|
|switch|p2a: Hydreigon|Hydreigon, M|200\/325 brn
|move|p1a: T-Pain|Rapid Spin|p2a: Hydreigon
|-crit|p2a: Hydreigon
|-damage|p2a: Hydreigon|184\/325 brn
|-sideend|p1: CoolStoryBrobat|Stealth Rock|[from] move: Rapid Spin|[of] p1a: T-Pain
|
|-heal|p1a: T-Pain|243\/363|[from] item: Black Sludge
|-damage|p2a: Hydreigon|144\/325 brn|[from] brn
|turn|17
|leave|DerpaniteX
|
|switch|p1a: Cottonelle|Whimsicott, F|261\/261
|move|p2a: Hydreigon|Roost|p2a: Hydreigon
|-heal|p2a: Hydreigon|307\/325 brn
|
|-damage|p2a: Hydreigon|267\/325 brn|[from] brn
|turn|18
|join|TakinLife
|
|switch|p2a: Crobat|Crobat, F|293\/323
|move|p1a: Cottonelle|Moonblast|p2a: Crobat
|-resisted|p2a: Crobat
|-damage|p2a: Crobat|218\/323
|
|turn|19
|
|switch|p1a: Liberachi|Jirachi|339\/404
|move|p2a: Crobat|U-turn|p1a: Liberachi
|-crit|p1a: Liberachi
|-damage|p1a: Liberachi|224\/404
|leave|lessthanthreenazi
|
|switch|p2a: Donphan|Donphan, M|328\/328
|-status|p2a: Donphan|psn
|
|-heal|p1a: Liberachi|249\/404|[from] item: Leftovers
|-damage|p2a: Donphan|287\/328 psn|[from] psn
|turn|20
|
|move|p1a: Liberachi|U-turn|p2a: Donphan
|-damage|p2a: Donphan|236\/328 psn
|join|JustinInTheCUT
|
|switch|p1a: Twista|Tornadus, M|299\/299
|move|p2a: Donphan|Earthquake|p1a: Twista
|-immune|p1a: Twista|[msg]
|
|-damage|p2a: Donphan|195\/328 psn|[from] psn
|turn|21
|
|switch|p2a: Aggron|Aggron-Mega, F|94\/344
|move|p1a: Twista|Grass Knot|p2a: Aggron
|-resisted|p2a: Aggron
|-damage|p2a: Aggron|3\/344
|-damage|p1a: Twista|270\/299|[from] item: Life Orb
|
|turn|22
|join|Cyndequil
|
|move|p1a: Twista|Grass Knot|p2a: Aggron
|-resisted|p2a: Aggron
|-damage|p2a: Aggron|0 fnt
|-damage|p1a: Twista|241\/299|[from] item: Life Orb
|faint|p2a: Aggron
|
|
|switch|p2a: Crobat|Crobat, F|218\/323
|turn|23
|
|switch|p1a: Liberachi|Jirachi|249\/404
|move|p2a: Crobat|Brave Bird|p1a: Liberachi
|-resisted|p1a: Liberachi
|-damage|p1a: Liberachi|153\/404
|-damage|p2a: Crobat|186\/323|[from] recoil|[of] p1a: Liberachi
|
|-heal|p1a: Liberachi|178\/404|[from] item: Leftovers
|turn|24
|join|JustinInTheCUT
|
|move|p2a: Crobat|Brave Bird|p1a: Liberachi
|-resisted|p1a: Liberachi
|-damage|p1a: Liberachi|85\/404
|-damage|p2a: Crobat|155\/323|[from] recoil|[of] p1a: Liberachi
|move|p1a: Liberachi|Wish|p1a: Liberachi
|
|-heal|p1a: Liberachi|110\/404|[from] item: Leftovers
|turn|25
|join|Wonto
|
|switch|p2a: Donphan|Donphan, M|195\/328 psn
|move|p1a: Liberachi|Stealth Rock|p2a: Donphan
|-sidestart|p2: Truth In Lies|move: Stealth Rock
|
|-heal|p1a: Liberachi|312\/404|[from] move: Wish|[wisher] Liberachi
|-heal|p1a: Liberachi|337\/404|[from] item: Leftovers
|-damage|p2a: Donphan|154\/328 psn|[from] psn
|turn|26
|leave|watfor
|
|move|p1a: Liberachi|Iron Head|p2a: Donphan
|-damage|p2a: Donphan|66\/328 psn
|move|p2a: Donphan|Gunk Shot|p1a: Liberachi
|-immune|p1a: Liberachi|[msg]
|
|-heal|p1a: Liberachi|362\/404|[from] item: Leftovers
|-damage|p2a: Donphan|25\/328 psn|[from] psn
|turn|27
|c|âTruth In Lies|rip
|leave|Latios pls
|c|âCoolStoryBrobat|Dang that's too real
|join|Latios pls
|
|move|p1a: Liberachi|Iron Head|p2a: Donphan
|-damage|p2a: Donphan|0 fnt
|faint|p2a: Donphan
|
|-heal|p1a: Liberachi|387\/404|[from] item: Leftovers
|leave|Latios pls
|
|switch|p2a: Lucario|Lucario, F|281\/281
|-damage|p2a: Lucario|273\/281|[from] Stealth Rock
|turn|28
|join|gobosox
|
|move|p2a: Lucario|Swords Dance|p2a: Lucario
|-boost|p2a: Lucario|atk|2
|move|p1a: Liberachi|U-turn|p2a: Lucario
|-resisted|p2a: Lucario
|-damage|p2a: Lucario|255\/281
|
|switch|p1a: T-Pain|Tentacruel, M|243\/363
|
|-heal|p1a: T-Pain|265\/363|[from] item: Black Sludge
|turn|29
|
|move|p2a: Lucario|Swords Dance|p2a: Lucario
|-boost|p2a: Lucario|atk|2
|move|p1a: T-Pain|Haze|p1a: T-Pain
|-clearallboost
|
|-heal|p1a: T-Pain|287\/363|[from] item: Black Sludge
|turn|30
|c|âTruth In Lies|rip
|
|switch|p2a: Hydreigon|Hydreigon, M|267\/325 brn
|-damage|p2a: Hydreigon|227\/325 brn|[from] Stealth Rock
|move|p1a: T-Pain|Scald|p2a: Hydreigon
|-resisted|p2a: Hydreigon
|-damage|p2a: Hydreigon|188\/325 brn
|
|-heal|p1a: T-Pain|309\/363|[from] item: Black Sludge
|-damage|p2a: Hydreigon|148\/325 brn|[from] brn
|turn|31
|
|switch|p1a: Cottonelle|Whimsicott, F|261\/261
|move|p2a: Hydreigon|Roost|p2a: Hydreigon
|-heal|p2a: Hydreigon|311\/325 brn
|
|-damage|p2a: Hydreigon|271\/325 brn|[from] brn
|turn|32
|join|ZvZ
|
|switch|p2a: Crobat|Crobat, F|155\/323
|-damage|p2a: Crobat|75\/323|[from] Stealth Rock
|move|p1a: Cottonelle|Moonblast|p2a: Crobat
|-resisted|p2a: Crobat
|-damage|p2a: Crobat|9\/323
|
|turn|33
|leave|gobosox
|leave|trevor ellis
|
|switch|p1a: T-Pain|Tentacruel, M|309\/363
|move|p2a: Crobat|Defog|p1a: T-Pain
|-fail|p1a: T-Pain|unboost|[from] ability: Clear Body|[of] p1a: T-Pain
|-sideend|p2: Truth In Lies|Toxic Spikes|[from] move: Defog|[of] p2a: Crobat
|-sideend|p2: Truth In Lies|Stealth Rock|[from] move: Defog|[of] p2a: Crobat
|
|-heal|p1a: T-Pain|331\/363|[from] item: Black Sludge
|turn|34
|
|switch|p2a: Vaporeon|Vaporeon, M|141\/451
|move|p1a: T-Pain|Toxic Spikes|p2a: Vaporeon
|-sidestart|p2: Truth In Lies|move: Toxic Spikes
|
|-heal|p1a: T-Pain|353\/363|[from] item: Black Sludge
|-heal|p2a: Vaporeon|169\/451|[from] item: Leftovers
|turn|35
|
|switch|p1a: Barney|Goodra, M|206\/374
|move|p2a: Vaporeon|Baton Pass|p2a: Vaporeon
|leave|Cyndequil
|
|switch|p2a: Lucario|Lucario, F|255\/281
|
|turn|36
|
|move|p2a: Lucario|Close Combat|p1a: Barney
|-damage|p1a: Barney|0 fnt
|-unboost|p2a: Lucario|def|1
|-unboost|p2a: Lucario|spd|1
|-damage|p2a: Lucario|227\/281|[from] item: Life Orb
|faint|p1a: Barney
|
|join|Latios pls
|
|switch|p1a: Twista|Tornadus, M|241\/299
|turn|37
|join|Cyndequil
|
|switch|p2a: Crobat|Crobat, F|9\/323
|move|p1a: Twista|Superpower|p2a: Crobat
|-resisted|p2a: Crobat
|-damage|p2a: Crobat|0 fnt
|-unboost|p1a: Twista|atk|1
|-unboost|p1a: Twista|def|1
|-damage|p1a: Twista|212\/299|[from] item: Life Orb
|faint|p2a: Crobat
|
|join|Pa's Pa
|join|AM Vicious
|
|switch|p2a: Lucario|Lucario, F|227\/281
|turn|38
|
|move|p2a: Lucario|Extreme Speed|p1a: Twista
|-damage|p1a: Twista|4\/299
|-damage|p2a: Lucario|199\/281|[from] item: Life Orb
|move|p1a: Twista|Hurricane|p2a: Lucario
|-damage|p2a: Lucario|0 fnt
|-damage|p1a: Twista|0 fnt|[from] item: Life Orb
|faint|p2a: Lucario
|faint|p1a: Twista
|
|
|switch|p1a: Cottonelle|Whimsicott, F|261\/261
|switch|p2a: Vaporeon|Vaporeon, M|169\/451
|-status|p2a: Vaporeon|psn
|turn|39
|
|move|p1a: Cottonelle|Giga Drain|p2a: Vaporeon
|-supereffective|p2a: Vaporeon
|-damage|p2a: Vaporeon|0 fnt
|faint|p2a: Vaporeon
|
|leave|brokenwings
|
|switch|p2a: Hydreigon|Hydreigon, M|271\/325 brn
|turn|40
|c|âTruth In Lies|gg
|c|âCoolStoryBrobat|gg bruv
|
|move|p1a: Cottonelle|Moonblast|p2a: Hydreigon
|-supereffective|p2a: Hydreigon
|-damage|p2a: Hydreigon|0 fnt
|faint|p2a: Hydreigon
|
|win|CoolStoryBrobat
|leave|hairy toenail
|leave|Truth In Lies