|join|CoolStoryBrobat
|join|typhoosion
|player|p1|CoolStoryBrobat|212
|player|p2|typhoosion|256
|gametype|singles
|gen|6
|tier|UU
|rated
|rule|Sleep Clause Mod: Limit one foe put to sleep
|rule|Species Clause: Limit one of each PokÃ©mon
|rule|OHKO Clause: OHKO moves are banned
|rule|Moody Clause: Moody is banned
|rule|Evasion Moves Clause: Evasion moves are banned
|rule|Endless Battle Clause: Forcing endless battles is banned
|rule|HP Percentage Mod: HP is shown in percentages
|clearpoke
|poke|p1|Sceptile, F
|poke|p1|Dragalge, F
|poke|p1|Bronzong
|poke|p1|Vaporeon, F
|poke|p1|Gligar, M
|poke|p1|Darmanitan, M
|poke|p2|Armaldo, M
|poke|p2|Feraligatr, M
|poke|p2|Muk, M, shiny
|poke|p2|Sceptile, M, shiny
|poke|p2|Golurk, shiny
|poke|p2|Typhlosion, M
|rule|Swagger Clause: Swagger is banned
|rule|Baton Pass Clause: Limit one PokÃ©mon knowing Baton Pass
|teampreview
|c|âCoolStoryBrobat|Nice uh
|c|âCoolStoryBrobat|"UU" team
|c|âtyphoosion|it aint
|c|âCoolStoryBrobat|I know hence da quote marks
|
|start
|switch|p1a: Dragalge|Dragalge, F|292\/292
|switch|p2a: Typhoon|Typhlosion, M|297\/297
|turn|1
|c|âtyphoosion|i put the wrong tier...sigh
|c|âtyphoosion|yhe, i noticed
|
|switch|p2a: Muk|Muk, M, shiny|403\/403
|move|p1a: Dragalge|Draco Meteor|p2a: Muk|[miss]
|-miss|p1a: Dragalge|p2a: Muk
|
|turn|2
|
|move|p1a: Dragalge|Draco Meteor|p2a: Muk
|-damage|p2a: Muk|137\/403
|-unboost|p1a: Dragalge|spa|2
|move|p2a: Muk|Ice Punch|p1a: Dragalge
|-supereffective|p1a: Dragalge
|-damage|p1a: Dragalge|168\/292
|
|-heal|p2a: Muk|162\/403|[from] item: Black Sludge
|turn|3
|
|switch|p1a: Bronzong|Bronzong|338\/338
|move|p2a: Muk|Ice Punch|p1a: Bronzong
|-resisted|p1a: Bronzong
|-damage|p1a: Bronzong|318\/338
|
|-heal|p2a: Muk|187\/403|[from] item: Black Sludge
|-heal|p1a: Bronzong|338\/338|[from] item: Leftovers
|turn|4
|
|switch|p2a: Golurk|Golurk, shiny|382\/382
|move|p1a: Bronzong|Stealth Rock|p2a: Golurk
|-sidestart|p2: typhoosion|move: Stealth Rock
|
|turn|5
|
|switch|p1a: Vaporeon|Vaporeon, F|452\/452
|move|p2a: Golurk|Shadow Punch|p1a: Vaporeon
|-crit|p1a: Vaporeon
|-damage|p1a: Vaporeon|259\/452
|
|-heal|p1a: Vaporeon|287\/452|[from] item: Leftovers
|turn|6
|
|move|p1a: Vaporeon|Scald|p2a: Golurk
|-supereffective|p2a: Golurk
|-damage|p2a: Golurk|212\/382
|move|p2a: Golurk|Dynamic Punch|p1a: Vaporeon
|-damage|p1a: Vaporeon|146\/452
|-start|p1a: Vaporeon|confusion
|
|-heal|p1a: Vaporeon|174\/452|[from] item: Leftovers
|turn|7
|
|-activate|p1a: Vaporeon|confusion
|-damage|p1a: Vaporeon|157\/452|[from] confusion
|move|p2a: Golurk|Earthquake|p1a: Vaporeon
|-damage|p1a: Vaporeon|0 fnt
|faint|p1a: Vaporeon
|
|
|switch|p1a: Sceptile|Sceptile, F|281\/281
|turn|8
|
|switch|p2a: Typhoon|Typhlosion, M|297\/297
|-damage|p2a: Typhoon|223\/297|[from] Stealth Rock
|detailschange|p1a: Sceptile|Sceptile-Mega, F
|message|Sceptile has Mega Evolved into Mega Sceptile!
|move|p1a: Sceptile|Leaf Blade|p2a: Typhoon
|-resisted|p2a: Typhoon
|-damage|p2a: Typhoon|134\/297
|
|turn|9
|join|Emma Bae
|c|âtyphoosion|oh... i see now
|c|âtyphoosion|i see how it is
|join|Gerald Eugene III
|
|move|p1a: Sceptile|Dragon Claw|p2a: Typhoon
|-damage|p2a: Typhoon|0 fnt
|faint|p2a: Typhoon
|
|c|âCoolStoryBrobat|Dang and it wasn't even scarf
|c|âCoolStoryBrobat|Sick bluff
|
|switch|p2a: Feraligatr|Feraligatr, M|312\/312
|-damage|p2a: Feraligatr|273\/312|[from] Stealth Rock
|turn|10
|c|âtyphoosion|all i had was the bluff
|c| Emma Bae|NU vs UU?
|
|switch|p2a: Muk|Muk, M, shiny|187\/403
|-damage|p2a: Muk|137\/403|[from] Stealth Rock
|move|p1a: Sceptile|Leaf Blade|p2a: Muk
|-resisted|p2a: Muk
|-damage|p2a: Muk|45\/403
|
|-heal|p2a: Muk|70\/403|[from] item: Black Sludge
|turn|11
|join|Sowwy
|c|âtyphoosion|it was my fault
|join|KingT9722
|c|âtyphoosion|i messed up the tiers
|c| Emma Bae|lol
|
|move|p2a: Muk|Shadow Sneak|p1a: Sceptile
|-damage|p1a: Sceptile|238\/281
|move|p1a: Sceptile|Dragon Claw|p2a: Muk
|-damage|p2a: Muk|0 fnt
|faint|p2a: Muk
|
|c| Gerald Eugene III|lol
|c| Emma Bae|is this how broken sceptile is in NU? lol
|
|switch|p2a: Armaldo|Armaldo, M|354\/354
|-damage|p2a: Armaldo|266\/354|[from] Stealth Rock
|turn|12
|c|âtyphoosion|yup
|c| Gerald Eugene III|You guys have audino though
|
|move|p1a: Sceptile|Dragon Claw|p2a: Armaldo
|-damage|p2a: Armaldo|128\/354
|move|p2a: Armaldo|X-Scissor|p1a: Sceptile
|-supereffective|p1a: Sceptile
|-damage|p1a: Sceptile|0 fnt
|faint|p1a: Sceptile
|
|-heal|p2a: Armaldo|150\/354|[from] item: Leftovers
|c| Gerald Eugene III|The mega audino counter
|c| Gerald Eugene III|Kinda
|c| Gerald Eugene III|ish
|c| Emma Bae|the STAB brobat, go for the stab lol
|c| Gerald Eugene III|not really
|join|gorex
|c| Emma Bae|nvm nvm
|
|switch|p1a: Bronzong|Bronzong|338\/338
|turn|13
|
|move|p2a: Armaldo|Knock Off|p1a: Bronzong
|-crit|p1a: Bronzong
|-supereffective|p1a: Bronzong
|-damage|p1a: Bronzong|92\/338
|-enditem|p1a: Bronzong|Leftovers|[from] move: Knock Off|[of] p2a: Armaldo
|move|p1a: Bronzong|Iron Head|p2a: Armaldo
|-supereffective|p2a: Armaldo
|-damage|p2a: Armaldo|0 fnt
|faint|p2a: Armaldo
|
|c|âtyphoosion|damn
|
|switch|p2a: Feraligatr|Feraligatr, M|273\/312
|-damage|p2a: Feraligatr|234\/312|[from] Stealth Rock
|turn|14
|
|switch|p1a: Dragalge|Dragalge, F|168\/292
|move|p2a: Feraligatr|Dragon Dance|p2a: Feraligatr
|-boost|p2a: Feraligatr|atk|1
|-boost|p2a: Feraligatr|spe|1
|
|turn|15
|
|move|p2a: Feraligatr|Ice Punch|p1a: Dragalge
|-supereffective|p1a: Dragalge
|-damage|p1a: Dragalge|0 fnt
|faint|p1a: Dragalge
|
|c| Gerald Eugene III|Is feraligatr still broken in NU?
|
|switch|p1a: Gligar|Gligar, M|333\/333
|turn|16
|c|âtyphoosion|a little
|
|move|p2a: Feraligatr|Ice Punch|p1a: Gligar
|-supereffective|p1a: Gligar
|-damage|p1a: Gligar|0 fnt
|faint|p1a: Gligar
|
|
|switch|p1a: Darmanitan|Darmanitan, M|351\/351
|turn|17
|
|move|p2a: Feraligatr|Aqua Jet|p1a: Darmanitan
|-supereffective|p1a: Darmanitan
|-damage|p1a: Darmanitan|9\/351
|move|p1a: Darmanitan|Flare Blitz|p2a: Feraligatr
|-crit|p2a: Feraligatr
|-resisted|p2a: Feraligatr
|-damage|p2a: Feraligatr|15\/312
|-damage|p1a: Darmanitan|0 fnt|[from] recoil|[of] p2a: Feraligatr
|faint|p1a: Darmanitan
|-enditem|p2a: Feraligatr|Sitrus Berry|[eat]
|-heal|p2a: Feraligatr|93\/312|[from] item: Sitrus Berry
|
|c|âCoolStoryBrobat|Does DD really run Aqua Jet
|c| Gerald Eugene III|Survival
|c|âCoolStoryBrobat|da fuq is dis
|c| Gerald Eugene III|he lived anyways lol
|c|âtyphoosion|gotcha bro
|c|âCoolStoryBrobat|I know, but that's not the point I'm aiming at
|c| gorex|it shouldn't be lol
|
|switch|p1a: Bronzong|Bronzong|92\/338
|turn|18
|c|âCoolStoryBrobat|If the ladder records this loss
|c| Gerald Eugene III|lol
|c|âCoolStoryBrobat|but continues to ignore those wins I got
|c| gorex|it can run it lol
|c|âtyphoosion|thtas why i ru it in the 1st place, its unexpected
|c|âCoolStoryBrobat|several days ago
|join|2Pac's Son
|c| Sowwy|the ladder
|
|move|p2a: Feraligatr|Aqua Tail|p1a: Bronzong
|-damage|p1a: Bronzong|0 fnt
|faint|p1a: Bronzong
|
|win|typhoosion
|raw|Ladder updating...
|raw|CoolStoryBrobat's rating: 1000 &rarr; <strong>1000<\/strong><br \/>(+0 for losing)
|raw|typhoosion's rating: 1053 &rarr; <strong>1080<\/strong><br \/>(+27 for winning)
|c| Sowwy|is fixed
|c| Sowwy|now
|c| Sowwy|lol
|c| Gerald Eugene III|I know i hate the ladder corrupting
|c|âCoolStoryBrobat|It recorded this L
|c| Emma Bae|1000-1000
|c|âCoolStoryBrobat|That's it everybody dies now