|join|CoolStoryBrobat
|join|pokemonisfun
|player|p1|CoolStoryBrobat|#coolstorybrobat
|player|p2|pokemonisfun|184
|gametype|singles
|gen|6
|tier|UU
|rule|Sleep Clause Mod: Limit one foe put to sleep
|rule|Species Clause: Limit one of each PokÃ©mon
|rule|OHKO Clause: OHKO moves are banned
|rule|Moody Clause: Moody is banned
|rule|Evasion Moves Clause: Evasion moves are banned
|rule|Endless Battle Clause: Forcing endless battles is banned
|rule|HP Percentage Mod: HP is shown in percentages
|clearpoke
|poke|p1|Swampert, M
|poke|p1|Tornadus, M
|poke|p1|Goodra, M
|poke|p1|Jirachi
|poke|p1|Tentacruel, M
|poke|p1|Whimsicott, F
|poke|p2|Blissey, F
|poke|p2|Swampert, F
|poke|p2|Granbull, F
|poke|p2|Alomomola, M
|poke|p2|Crobat, M
|poke|p2|Celebi
|rule|Swagger Clause: Swagger is banned
|rule|Baton Pass Clause: Limit one PokÃ©mon knowing Baton Pass
|teampreview
|join|watfor
|c|âCoolStoryBrobat|Seems you do too
|join|LiberalLucario
|join|SweetDelight
|c| LiberalLucario|tbh pif i fought this team on ladder earlier today
|join|dodmen
|
|start
|switch|p1a: Cottonelle|Whimsicott, F|261\/261
|switch|p2a: bubblsy bubbles|Swampert, F|404\/404
|turn|1
|c| LiberalLucario|dude sacked 2 mons for no reason and refused to mega evolve swampert
|c|âpokemonisfun|which team
|
|switch|p2a: batsy watzy|Crobat, M|373\/373
|move|p1a: Cottonelle|Giga Drain|p2a: batsy watzy
|-crit|p2a: batsy watzy
|-resisted|p2a: batsy watzy
|-damage|p2a: batsy watzy|330\/373
|
|-heal|p2a: batsy watzy|353\/373|[from] item: Black Sludge
|turn|2
|c|+dodmen|for le bluff
|c|âpokemonisfun|my team or his
|c| LiberalLucario|your team
|c|âpokemonisfun|thats not cool
|c| LiberalLucario|lol
|c|âCoolStoryBrobat|My Wheaties is better than yours
|
|switch|p1a: Liberachi|Jirachi|404\/404
|move|p2a: batsy watzy|Brave Bird|p1a: Liberachi
|-resisted|p1a: Liberachi
|-damage|p1a: Liberachi|343\/404
|-damage|p2a: batsy watzy|333\/373|[from] recoil|[of] p1a: Liberachi
|
|-heal|p2a: batsy watzy|356\/373|[from] item: Black Sludge
|-heal|p1a: Liberachi|368\/404|[from] item: Leftovers
|turn|3
|c| SweetDelight|Applejacks are better
|c|âCoolStoryBrobat|Pif how do you handle SubToxic Jirachi + Swampert lure
|c| LiberalLucario|cm here
|
|switch|p2a: bubblsy bubbles|Swampert, F|404\/404
|move|p1a: Liberachi|Stealth Rock|p2a: bubblsy bubbles
|-sidestart|p2: pokemonisfun|move: Stealth Rock
|
|-heal|p1a: Liberachi|393\/404|[from] item: Leftovers
|turn|4
|join|RowDog
|
|detailschange|p2a: bubblsy bubbles|Swampert-Mega, F
|-mega|p2a: bubblsy bubbles|Swampert|Swampertite
|move|p1a: Liberachi|U-turn|p2a: bubblsy bubbles
|-damage|p2a: bubblsy bubbles|351\/404
|c|âpokemonisfun|toxic misses
|c|âpokemonisfun|duh
|c| LiberalLucario|^
|c|+dodmen|except against florges
|c|âCoolStoryBrobat|toxic doesn't miss when you use it :[
|c|+dodmen|:(
|
|switch|p1a: Cottonelle|Whimsicott, F|261\/261
|move|p2a: bubblsy bubbles|Earthquake|p1a: Cottonelle
|-resisted|p1a: Cottonelle
|-damage|p1a: Cottonelle|167\/261
|
|turn|5
|c|âpokemonisfun|toxic doesnt miss for poison mons
|join|Frostykewl
|c| LiberalLucario|lefties where
|c| Frostykewl|hiiiiiiii
|c|âCoolStoryBrobat|Blissey isn't Poison type doe
|c|âpokemonisfun|!data blissey
|c|~|\/data-pokemon Blissey

|c| watfor|Blissey has enough fat to be poisonous imo
|c| RowDog|There are those whoâd argue its a toxic mon
|
|switch|p2a: Mega Chansey|Blissey, F|656\/656
|-damage|p2a: Mega Chansey|574\/656|[from] Stealth Rock
|move|p1a: Cottonelle|U-turn|p2a: Mega Chansey
|-damage|p2a: Mega Chansey|497\/656
|c|âCoolStoryBrobat|I def argue in favor of it getting tf out
|c| SweetDelight|You have a personal grudge
|c| RowDog|Still donât think it deserves B rank :\/
|
|switch|p1a: Barney|Goodra, M|374\/374
|
|-heal|p2a: Mega Chansey|538\/656|[from] item: Leftovers
|turn|6
|c| RowDog|should be at least A-
|c| RowDog|Curse here
|c|+dodmen|sludge wave tbf
|
|switch|p1a: T-Pain|Tentacruel, M|363\/363
|move|p2a: Mega Chansey|Soft-Boiled|p2a: Mega Chansey
|-heal|p2a: Mega Chansey|656\/656
|
|turn|7
|c|+dodmen|eyy
|
|switch|p2a: bubblsy bubbles|Swampert-Mega, F|351\/404
|-damage|p2a: bubblsy bubbles|326\/404|[from] Stealth Rock
|move|p1a: T-Pain|Toxic Spikes|p2a: bubblsy bubbles
|-sidestart|p2: pokemonisfun|move: Toxic Spikes
|
|turn|8
|join|RowHog
|
|switch|p1a: Twista|Tornadus, M|299\/299
|move|p2a: bubblsy bubbles|Scald|p1a: Twista
|-damage|p1a: Twista|181\/299
|-status|p1a: Twista|brn
|
|-damage|p1a: Twista|144\/299 brn|[from] brn
|turn|9
|c|âCoolStoryBrobat|adwguheargkol;
|
|switch|p2a: Mega Chansey|Blissey, F|656\/656
|-status|p2a: Mega Chansey|psn
|-damage|p2a: Mega Chansey|574\/656 psn|[from] Stealth Rock
|move|p1a: Twista|Grass Knot|p2a: Mega Chansey
|-damage|p2a: Mega Chansey|518\/656 psn
|-damage|p1a: Twista|115\/299 brn|[from] item: Life Orb
|
|-heal|p2a: Mega Chansey|559\/656 psn|[from] item: Leftovers
|-damage|p1a: Twista|78\/299 brn|[from] brn
|-damage|p2a: Mega Chansey|477\/656 psn|[from] psn
|turn|10
|leave|RowHog
|
|move|p1a: Twista|Superpower|p2a: Mega Chansey
|-supereffective|p2a: Mega Chansey
|-damage|p2a: Mega Chansey|207\/656 psn
|-unboost|p1a: Twista|atk|1
|-unboost|p1a: Twista|def|1
|-damage|p1a: Twista|49\/299 brn|[from] item: Life Orb
|move|p2a: Mega Chansey|Soft-Boiled|p2a: Mega Chansey
|-heal|p2a: Mega Chansey|535\/656 psn
|
|-heal|p2a: Mega Chansey|576\/656 psn|[from] item: Leftovers
|-damage|p1a: Twista|12\/299 brn|[from] brn
|-damage|p2a: Mega Chansey|494\/656 psn|[from] psn
|turn|11
|c|+dodmen|dang..
|
|move|p1a: Twista|Hurricane|p2a: Mega Chansey
|-damage|p2a: Mega Chansey|345\/656 psn
|-damage|p1a: Twista|0 fnt|[from] item: Life Orb
|faint|p1a: Twista
|move|p2a: Mega Chansey|Soft-Boiled|p2a: Mega Chansey
|-heal|p2a: Mega Chansey|656\/656 psn
|
|-damage|p2a: Mega Chansey|574\/656 psn|[from] psn
|c|âCoolStoryBrobat|Confuse here, spare me some pain
|c|âCoolStoryBrobat|or nah
|c|âCoolStoryBrobat|ok
|join|Snowballin
|c| Frostykewl|is the mega chansey destroying all
|
|switch|p1a: Liberachi|Jirachi|393\/404
|turn|12
|
|switch|p2a: swimmy swim|Alomomola, M|471\/471
|-status|p2a: swimmy swim|psn
|-damage|p2a: swimmy swim|413\/471 psn|[from] Stealth Rock
|move|p1a: Liberachi|Iron Head|p2a: swimmy swim
|-resisted|p2a: swimmy swim
|-damage|p2a: swimmy swim|372\/471 psn
|
|-heal|p1a: Liberachi|404\/404|[from] item: Leftovers
|-heal|p2a: swimmy swim|401\/471 psn|[from] item: Leftovers
|-damage|p2a: swimmy swim|343\/471 psn|[from] psn
|turn|13
|c|âCoolStoryBrobat|Every time I played this team it's always been the Blissey that did me in now that I think about it
|
|move|p1a: Liberachi|U-turn|p2a: swimmy swim
|-damage|p2a: swimmy swim|296\/471 psn
|c|+dodmen|not lfinching :(
|
|switch|p1a: Cottonelle|Whimsicott, F|167\/261
|move|p2a: swimmy swim|Wish|p2a: swimmy swim
|
|-heal|p2a: swimmy swim|325\/471 psn|[from] item: Leftovers
|-damage|p2a: swimmy swim|267\/471 psn|[from] psn
|turn|14
|join|RowHog
|
|move|p2a: swimmy swim|Protect|p2a: swimmy swim
|-singleturn|p2a: swimmy swim|Protect
|move|p1a: Cottonelle|U-turn|p2a: swimmy swim
|-activate|p2a: swimmy swim|Protect
|
|-heal|p2a: swimmy swim|471\/471 psn|[from] move: Wish|[wisher] swimmy swim
|-damage|p2a: swimmy swim|413\/471 psn|[from] psn
|turn|15
|
|move|p1a: Cottonelle|Giga Drain|p2a: swimmy swim
|-supereffective|p2a: swimmy swim
|-damage|p2a: swimmy swim|125\/471 psn
|-heal|p1a: Cottonelle|261\/261|[from] drain|[of] p2a: swimmy swim
|move|p2a: swimmy swim|Wish|p2a: swimmy swim
|
|-heal|p2a: swimmy swim|154\/471 psn|[from] item: Leftovers
|-damage|p2a: swimmy swim|96\/471 psn|[from] psn
|turn|16
|c|âpokemonisfun|expert belt
|c|âCoolStoryBrobat|Duh
|c|âCoolStoryBrobat|You know my steeze
|c|âCoolStoryBrobat|steez*
|
|move|p2a: swimmy swim|Protect|p2a: swimmy swim
|-singleturn|p2a: swimmy swim|Protect
|move|p1a: Cottonelle|U-turn|p2a: swimmy swim
|-activate|p2a: swimmy swim|Protect
|
|-heal|p2a: swimmy swim|331\/471 psn|[from] move: Wish|[wisher] swimmy swim
|-heal|p2a: swimmy swim|360\/471 psn|[from] item: Leftovers
|-damage|p2a: swimmy swim|302\/471 psn|[from] psn
|turn|17
|c|âpokemonisfun|what a gay boy
|c|âCoolStoryBrobat|You're one to talk
|
|switch|p2a: batsy watzy|Crobat, M|356\/373
|-damage|p2a: batsy watzy|263\/373|[from] Stealth Rock
|move|p1a: Cottonelle|U-turn|p2a: batsy watzy
|-resisted|p2a: batsy watzy
|-damage|p2a: batsy watzy|254\/373
|c|âpokemonisfun|:]
|c| LiberalLucario|lol.
|
|switch|p1a: Barney|Goodra, M|374\/374
|
|-heal|p2a: batsy watzy|277\/373|[from] item: Black Sludge
|turn|18
|c|âpokemonisfun|wait
|c|âpokemonisfun|do u actually think im homo
|c|âCoolStoryBrobat|yes
|c|âpokemonisfun|O_o
|c|âpokemonisfun|wpw
|c|âpokemonisfun|wow
|
|switch|p2a: woofy woof woof|Granbull, F|384\/384
|-damage|p2a: woofy woof woof|336\/384|[from] Stealth Rock
|-status|p2a: woofy woof woof|psn
|-ability|p2a: woofy woof woof|Intimidate|[of] p1a: Barney
|-unboost|p1a: Barney|atk|1
|move|p1a: Barney|Outrage|p2a: woofy woof woof
|-immune|p2a: woofy woof woof|[msg]
|
|-heal|p2a: woofy woof woof|360\/384 psn|[from] item: Leftovers
|-damage|p2a: woofy woof woof|312\/384 psn|[from] psn
|turn|19
|c| SweetDelight|lol
|
|switch|p1a: T-Pain|Tentacruel, M|363\/363
|switch|p2a: onion fairy god|Celebi|396\/396
|-damage|p2a: onion fairy god|347\/396|[from] Stealth Rock
|-status|p2a: onion fairy god|psn
|
|-heal|p2a: onion fairy god|371\/396 psn|[from] item: Leftovers
|-damage|p2a: onion fairy god|322\/396 psn|[from] psn
|turn|20
|c|+dodmen|i was
|c|+dodmen|about to say you should go for it again
|c|+dodmen|rip
|c|âCoolStoryBrobat|I hate how 5\/6 of your team doesn't really care about T-Spikes
|c|âpokemonisfun|i really hate how everyone thinks men who like men are gay
|
|switch|p1a: Liberachi|Jirachi|404\/404
|move|p2a: onion fairy god|Stealth Rock|p1a: Liberachi
|-sidestart|p1: CoolStoryBrobat|move: Stealth Rock
|
|-heal|p2a: onion fairy god|346\/396 psn|[from] item: Leftovers
|-damage|p2a: onion fairy god|297\/396 psn|[from] psn
|turn|21
|c|+dodmen|i feel like most of his team actually does care about tspikes
|
|switch|p2a: swimmy swim|Alomomola, M|459\/471 psn
|-damage|p2a: swimmy swim|401\/471 psn|[from] Stealth Rock
|move|p1a: Liberachi|U-turn|p2a: swimmy swim
|-damage|p2a: swimmy swim|356\/471 psn
|c|âCoolStoryBrobat|Nah like
|c|âCoolStoryBrobat|Celebi and Blissey got Natural Cure
|c|âCoolStoryBrobat|Pert is some gay RestTalk set
|c|âCoolStoryBrobat|As is Granbull
|c|âCoolStoryBrobat|And Bat ..well the rest is unsaid
|c|+dodmen|natural cure doesn't matter though
|c|âpokemonisfun|gay RestTalk
|
|switch|p1a: Barney|Goodra, M|374\/374
|-damage|p1a: Barney|328\/374|[from] Stealth Rock
|
|-heal|p2a: swimmy swim|385\/471 psn|[from] item: Leftovers
|-damage|p2a: swimmy swim|327\/471 psn|[from] psn
|turn|22
|c|âpokemonisfun|gay RestTalk
|c|âpokemonisfun|gay RestTalk
|c|âpokemonisfun|gay RestTalk
|c|+dodmen|like they still get toxiced on the way in
|c|âCoolStoryBrobat|Well Blissey and Celebi also have Softboiled and Recover so it's like
|c|âCoolStoryBrobat|Heal up swap out come back
|c|âpokemonisfun|dodmen is right
|c|âCoolStoryBrobat|It might have amde a bigger difference if I had it in that last battle doe
|c|âCoolStoryBrobat|To secure 2HKO on Blissey
|
|switch|p2a: woofy woof woof|Granbull, F|312\/384 psn
|-damage|p2a: woofy woof woof|264\/384 psn|[from] Stealth Rock
|-ability|p2a: woofy woof woof|Intimidate|[of] p1a: Barney
|-unboost|p1a: Barney|atk|1
|move|p1a: Barney|Outrage|p2a: woofy woof woof
|-immune|p2a: woofy woof woof|[msg]
|
|-heal|p2a: woofy woof woof|288\/384 psn|[from] item: Leftovers
|-damage|p2a: woofy woof woof|240\/384 psn|[from] psn
|turn|23
|
|switch|p1a: Liberachi|Jirachi|404\/404
|-damage|p1a: Liberachi|379\/404|[from] Stealth Rock
|move|p2a: woofy woof woof|Rest|p2a: woofy woof woof
|-status|p2a: woofy woof woof|slp
|-heal|p2a: woofy woof woof|384\/384 slp|[silent]
|-status|p2a: woofy woof woof|slp|[from] move: Rest
|
|-heal|p1a: Liberachi|404\/404|[from] item: Leftovers
|turn|24
|c| watfor|not overheating :x
|c|âpokemonisfun|got to keep my cool in stall
|
|switch|p2a: swimmy swim|Alomomola, M|471\/471 psn
|-damage|p2a: swimmy swim|413\/471 psn|[from] Stealth Rock
|move|p1a: Liberachi|U-turn|p2a: swimmy swim
|-damage|p2a: swimmy swim|368\/471 psn
|c| watfor|true :P
|
|switch|p1a: T-Pain|Tentacruel, M|363\/363
|-damage|p1a: T-Pain|318\/363|[from] Stealth Rock
|
|-heal|p1a: T-Pain|340\/363|[from] item: Black Sludge
|-heal|p2a: swimmy swim|397\/471 psn|[from] item: Leftovers
|-damage|p2a: swimmy swim|339\/471 psn|[from] psn
|turn|25
|
|move|p1a: T-Pain|Rapid Spin|p2a: swimmy swim
|-damage|p2a: swimmy swim|331\/471 psn
|-sideend|p1: CoolStoryBrobat|Stealth Rock|[from] move: Rapid Spin|[of] p1a: T-Pain
|move|p2a: swimmy swim|Scald|p1a: T-Pain
|-resisted|p1a: T-Pain
|-damage|p1a: T-Pain|320\/363
|-status|p1a: T-Pain|brn
|
|-heal|p1a: T-Pain|342\/363 brn|[from] item: Black Sludge
|-heal|p2a: swimmy swim|360\/471 psn|[from] item: Leftovers
|-damage|p1a: T-Pain|297\/363 brn|[from] brn
|-damage|p2a: swimmy swim|302\/471 psn|[from] psn
|turn|26
|c|âCoolStoryBrobat|He has like a 300% scald burn chance
|c| watfor|when he scalds he burns 3 of your mons at the same time
|c| watfor|:^]
|
|switch|p1a: Cottonelle|Whimsicott, F|261\/261
|move|p2a: swimmy swim|Wish|p2a: swimmy swim
|
|-heal|p2a: swimmy swim|331\/471 psn|[from] item: Leftovers
|-damage|p2a: swimmy swim|273\/471 psn|[from] psn
|turn|27
|c|âpokemonisfun|did i tell u the time i was special defense heatran gen4 shoddy battle vs cm latias and i needed a burn so blissey could beat it and i used lava plume 17 times and got 0 burns
|
|switch|p2a: batsy watzy|Crobat, M|277\/373
|-damage|p2a: batsy watzy|184\/373|[from] Stealth Rock
|move|p1a: Cottonelle|U-turn|p2a: batsy watzy
|-resisted|p2a: batsy watzy
|-damage|p2a: batsy watzy|175\/373
|c|âpokemonisfun|it may beem like i have it ez
|c|âpokemonisfun|seem
|c|âCoolStoryBrobat|Bruh I once lost a battle because Shaymin missed 2 Seed Flares on a +1 Suicune
|c| RowHog|Lava Plume has a lower burn chance than Scald though
|c|âCoolStoryBrobat|And by the time it hit the other 2 it boosted enough to not die
|c|âpokemonisfun|!data lava plume
|c|~|\/data-move Lava Plume

|c|âCoolStoryBrobat|And only one got a SpD fall
|c|âpokemonisfun|!data scald
|c|~|\/data-move Scald

|c| RowHog|thatâs what is says
|c|+dodmen|don't you have psychic
|c| RowHog|but not in practice
|c|âCoolStoryBrobat|Nah
|
|switch|p1a: Barney|Goodra, M|328\/374
|
|-heal|p2a: batsy watzy|373\/373|[from] move: Wish|[wisher] swimmy swim
|turn|28
|c|âCoolStoryBrobat|It's a worthwhile slash
|
|move|p2a: batsy watzy|Defog|p1a: Barney
|-unboost|p1a: Barney|evasion|1
|-sideend|p2: pokemonisfun|Toxic Spikes|[from] move: Defog|[of] p2a: batsy watzy
|-sideend|p2: pokemonisfun|Stealth Rock|[from] move: Defog|[of] p2a: batsy watzy
|move|p1a: Barney|Outrage|p2a: batsy watzy
|-damage|p2a: batsy watzy|42\/373
|
|-heal|p2a: batsy watzy|65\/373|[from] item: Black Sludge
|turn|29
|c|âCoolStoryBrobat|Stay in and use Defog
|c|âCoolStoryBrobat|Good
|c|âCoolStoryBrobat|Why tf didn't you die
|c|âCoolStoryBrobat|Stay in and use Roost
|c|âCoolStoryBrobat|Keep everyone healthy
|c|âCoolStoryBrobat|yes yes
|
|switch|p2a: woofy woof woof|Granbull, F|384\/384 slp
|-ability|p2a: woofy woof woof|Intimidate|[of] p1a: Barney
|-unboost|p1a: Barney|atk|1
|move|p1a: Barney|Outrage|p2a: woofy woof woof
|-immune|p2a: woofy woof woof|[msg]
|
|-end|p1a: Barney|rampage
|-start|p1a: Barney|confusion
|turn|30
|
|switch|p1a: Wheaties|Swampert, M|344\/344
|switch|p2a: batsy watzy|Crobat, M|65\/373
|
|-heal|p2a: batsy watzy|88\/373|[from] item: Black Sludge
|turn|31
|
|switch|p2a: onion fairy god|Celebi|297\/396
|detailschange|p1a: Wheaties|Swampert-Mega, M
|-mega|p1a: Wheaties|Swampert|Swampertite
|move|p1a: Wheaties|Ice Punch|p2a: onion fairy god
|-supereffective|p2a: onion fairy god
|-damage|p2a: onion fairy god|151\/396
|
|-heal|p2a: onion fairy god|175\/396|[from] item: Leftovers
|turn|32
|c|âpokemonisfun|big dmg
|c| watfor|that is pathetic
|c|âCoolStoryBrobat|ikr
|c| watfor|lol
|
|switch|p1a: Barney|Goodra, M|328\/374
|move|p2a: onion fairy god|Recover|p2a: onion fairy god
|-heal|p2a: onion fairy god|373\/396
|
|-heal|p2a: onion fairy god|396\/396|[from] item: Leftovers
|turn|33
|
|move|p2a: onion fairy god|Stealth Rock|p1a: Barney
|-sidestart|p1: CoolStoryBrobat|move: Stealth Rock
|move|p1a: Barney|Outrage|p2a: onion fairy god
|-damage|p2a: onion fairy god|182\/396
|
|-heal|p2a: onion fairy god|206\/396|[from] item: Leftovers
|turn|34
|c|+dodmen|fucking
|c|+dodmen|zero
|
|move|p2a: onion fairy god|Recover|p2a: onion fairy god
|-heal|p2a: onion fairy god|396\/396
|move|p1a: Barney|Outrage|p2a: onion fairy god
|-damage|p2a: onion fairy god|197\/396
|
|-heal|p2a: onion fairy god|221\/396|[from] item: Leftovers
|turn|35
|leave|Frostykewl
|c| watfor|yumE
|c|âpokemonisfun|speed tie crit
|c|âCoolStoryBrobat|This max HP\/Def Celebi is a whore
|c|âCoolStoryBrobat|use Seed Bomb
|
|move|p2a: onion fairy god|Recover|p2a: onion fairy god
|-heal|p2a: onion fairy god|396\/396
|move|p1a: Barney|Outrage|p2a: onion fairy god
|-damage|p2a: onion fairy god|192\/396
|
|-end|p1a: Barney|rampage
|-start|p1a: Barney|confusion
|-heal|p2a: onion fairy god|216\/396|[from] item: Leftovers
|turn|36
|
|switch|p1a: Liberachi|Jirachi|404\/404
|-damage|p1a: Liberachi|379\/404|[from] Stealth Rock
|move|p2a: onion fairy god|Recover|p2a: onion fairy god
|-heal|p2a: onion fairy god|396\/396
|
|-heal|p1a: Liberachi|404\/404|[from] item: Leftovers
|turn|37
|
|switch|p2a: bubblsy bubbles|Swampert-Mega, F|326\/404
|move|p1a: Liberachi|Stealth Rock|p2a: bubblsy bubbles
|-sidestart|p2: pokemonisfun|move: Stealth Rock
|
|turn|38
|
|move|p1a: Liberachi|U-turn|p2a: bubblsy bubbles
|-damage|p2a: bubblsy bubbles|277\/404
|
|switch|p1a: Cottonelle|Whimsicott, F|261\/261
|-damage|p1a: Cottonelle|229\/261|[from] Stealth Rock
|move|p2a: bubblsy bubbles|Earthquake|p1a: Cottonelle
|-crit|p1a: Cottonelle
|-resisted|p1a: Cottonelle
|-damage|p1a: Cottonelle|84\/261
|
|turn|39
|c|âCoolStoryBrobat|Stop
|c|âCoolStoryBrobat|Least bat's out the pic
|
|switch|p2a: Mega Chansey|Blissey, F|574\/656
|-damage|p2a: Mega Chansey|492\/656|[from] Stealth Rock
|move|p1a: Cottonelle|Giga Drain|p2a: Mega Chansey
|-damage|p2a: Mega Chansey|441\/656
|-heal|p1a: Cottonelle|110\/261|[from] drain|[of] p2a: Mega Chansey
|
|-heal|p2a: Mega Chansey|482\/656|[from] item: Leftovers
|turn|40
|c| watfor|you are still not breaking blissey anytime soon
|c| watfor|lel
|c|âCoolStoryBrobat|Hey
|c|âCoolStoryBrobat|Hey you
|
|move|p1a: Cottonelle|U-turn|p2a: Mega Chansey
|-damage|p2a: Mega Chansey|409\/656
|c|âCoolStoryBrobat|shut up pls
|c| watfor|:x
|
|switch|p1a: Liberachi|Jirachi|404\/404
|-damage|p1a: Liberachi|379\/404|[from] Stealth Rock
|move|p2a: Mega Chansey|Seismic Toss|p1a: Liberachi
|-damage|p1a: Liberachi|279\/404
|
|-heal|p1a: Liberachi|304\/404|[from] item: Leftovers
|-heal|p2a: Mega Chansey|450\/656|[from] item: Leftovers
|turn|41
|
|move|p1a: Liberachi|Iron Head|p2a: Mega Chansey
|-damage|p2a: Mega Chansey|270\/656
|move|p2a: Mega Chansey|Soft-Boiled|p2a: Mega Chansey
|-heal|p2a: Mega Chansey|598\/656
|
|-heal|p1a: Liberachi|329\/404|[from] item: Leftovers
|-heal|p2a: Mega Chansey|639\/656|[from] item: Leftovers
|turn|42
|c|âCoolStoryBrobat|That's just immoral
|
|switch|p2a: batsy watzy|Crobat, M|88\/373
|-damage|p2a: batsy watzy|0 fnt|[from] Stealth Rock
|faint|p2a: batsy watzy
|move|p1a: Liberachi|Wish|p1a: Liberachi
|
|-heal|p1a: Liberachi|354\/404|[from] item: Leftovers
|
|switch|p2a: bubblsy bubbles|Swampert-Mega, F|277\/404
|-damage|p2a: bubblsy bubbles|252\/404|[from] Stealth Rock
|turn|43
|
|move|p1a: Liberachi|U-turn|p2a: bubblsy bubbles
|-damage|p2a: bubblsy bubbles|199\/404
|c|+dodmen|goodra
|c|+dodmen|you can beat him
|raw|<div class="broadcast-red"><b>Moderated chat was set to +!<\/b><br \/>Only users of rank + and higher can talk.<\/div>
|c|+dodmen|,
|c|âpokemonisfun|damn
watfor was promoted to Room Voice by pokemonisfun.
|c|+watfor|ty pif
|c|+watfor|<3
|c|âpokemonisfun|hi buddy
|c|âpokemonisfun|<3
|
|switch|p1a: Barney|Goodra, M|328\/374
|-damage|p1a: Barney|282\/374|[from] Stealth Rock
|move|p2a: bubblsy bubbles|Earthquake|p1a: Barney
|-damage|p1a: Barney|50\/374
|
|-heal|p1a: Barney|252\/374|[from] move: Wish|[wisher] Liberachi
|turn|44
|
|switch|p2a: onion fairy god|Celebi|396\/396
|-damage|p2a: onion fairy god|347\/396|[from] Stealth Rock
|move|p1a: Barney|Power Whip|p2a: onion fairy god
|-resisted|p2a: onion fairy god
|-damage|p2a: onion fairy god|279\/396
|
|-heal|p2a: onion fairy god|303\/396|[from] item: Leftovers
|turn|45
|c|+watfor|n_n
|c|+dodmen|all u gotta do is tspike and flinch
|
|switch|p2a: swimmy swim|Alomomola, M|430\/471 psn
|-damage|p2a: swimmy swim|372\/471 psn|[from] Stealth Rock
|switch|p1a: Liberachi|Jirachi|354\/404
|-damage|p1a: Liberachi|329\/404|[from] Stealth Rock
|
|-heal|p1a: Liberachi|354\/404|[from] item: Leftovers
|-heal|p2a: swimmy swim|401\/471 psn|[from] item: Leftovers
|-damage|p2a: swimmy swim|343\/471 psn|[from] psn
|turn|46
|c|âCoolStoryBrobat|I was like saving all our battles together
|c|âCoolStoryBrobat|Trying to get a compendium of our Bo7 for the youtube
|c|âCoolStoryBrobat|But I lost #3
|c|âCoolStoryBrobat|That and I think it might be my longest video
|c|âpokemonisfun|i have saved all of them
|c|âCoolStoryBrobat|Good man
|c|+dodmen|just make it a b05 and don't show one of his wins
|c|âCoolStoryBrobat|lol
|
|move|p1a: Liberachi|Wish|p1a: Liberachi
|move|p2a: swimmy swim|Wish|p2a: swimmy swim
|
|-heal|p1a: Liberachi|379\/404|[from] item: Leftovers
|-heal|p2a: swimmy swim|372\/471 psn|[from] item: Leftovers
|-damage|p2a: swimmy swim|314\/471 psn|[from] psn
|turn|47
|
|move|p1a: Liberachi|U-turn|p2a: swimmy swim
|-damage|p2a: swimmy swim|267\/471 psn
|
|switch|p1a: Cottonelle|Whimsicott, F|110\/261
|-damage|p1a: Cottonelle|78\/261|[from] Stealth Rock
|move|p2a: swimmy swim|Toxic|p1a: Cottonelle
|-status|p1a: Cottonelle|tox
|
|-heal|p1a: Cottonelle|261\/261 tox|[from] move: Wish|[wisher] Liberachi
|-heal|p2a: swimmy swim|471\/471 psn|[from] move: Wish|[wisher] swimmy swim
|-damage|p1a: Cottonelle|245\/261 tox|[from] psn
|-damage|p2a: swimmy swim|413\/471 psn|[from] psn
|turn|48
|
|move|p2a: swimmy swim|Protect|p2a: swimmy swim
|-singleturn|p2a: swimmy swim|Protect
|move|p1a: Cottonelle|U-turn|p2a: swimmy swim
|-activate|p2a: swimmy swim|Protect
|
|-heal|p2a: swimmy swim|442\/471 psn|[from] item: Leftovers
|-damage|p1a: Cottonelle|213\/261 tox|[from] psn
|-damage|p2a: swimmy swim|384\/471 psn|[from] psn
|turn|49
|
|switch|p2a: Mega Chansey|Blissey, F|639\/656
|-damage|p2a: Mega Chansey|557\/656|[from] Stealth Rock
|move|p1a: Cottonelle|U-turn|p2a: Mega Chansey
|-damage|p2a: Mega Chansey|491\/656
|
|switch|p1a: T-Pain|Tentacruel, M|297\/363 brn
|-damage|p1a: T-Pain|252\/363 brn|[from] Stealth Rock
|
|-heal|p1a: T-Pain|274\/363 brn|[from] item: Black Sludge
|-heal|p2a: Mega Chansey|532\/656|[from] item: Leftovers
|-damage|p1a: T-Pain|229\/363 brn|[from] brn
|turn|50
|
|switch|p2a: onion fairy god|Celebi|303\/396
|-damage|p2a: onion fairy god|254\/396|[from] Stealth Rock
|move|p1a: T-Pain|Toxic Spikes|p2a: onion fairy god
|-sidestart|p2: pokemonisfun|move: Toxic Spikes
|
|-heal|p2a: onion fairy god|278\/396|[from] item: Leftovers
|-heal|p1a: T-Pain|251\/363 brn|[from] item: Black Sludge
|-damage|p1a: T-Pain|206\/363 brn|[from] brn
|turn|51
|
|move|p2a: onion fairy god|Giga Drain|p1a: T-Pain
|-damage|p1a: T-Pain|125\/363 brn
|-heal|p2a: onion fairy god|319\/396|[from] drain|[of] p1a: T-Pain
|move|p1a: T-Pain|Rapid Spin|p2a: onion fairy god
|-damage|p2a: onion fairy god|315\/396
|-sideend|p1: CoolStoryBrobat|Stealth Rock|[from] move: Rapid Spin|[of] p1a: T-Pain
|
|-heal|p2a: onion fairy god|339\/396|[from] item: Leftovers
|-heal|p1a: T-Pain|147\/363 brn|[from] item: Black Sludge
|-damage|p1a: T-Pain|102\/363 brn|[from] brn
|turn|52
|c|+dodmen|gotta get 1 more
|c|âpokemonisfun|nice
|c|âpokemonisfun|liquid
|c|âpokemonisfun|ooze
|c|âCoolStoryBrobat|I run Clear Body because it lets me ignore Sticky Web to spin against slower things
|c|âpokemonisfun|alo is already reg poisoned
|c|âCoolStoryBrobat|Like Blastoise
|
|move|p2a: onion fairy god|Stealth Rock|p1a: T-Pain
|-sidestart|p1: CoolStoryBrobat|move: Stealth Rock
|move|p1a: T-Pain|Toxic Spikes|p2a: onion fairy god
|-sidestart|p2: pokemonisfun|move: Toxic Spikes
|
|-heal|p2a: onion fairy god|363\/396|[from] item: Leftovers
|-heal|p1a: T-Pain|124\/363 brn|[from] item: Black Sludge
|-damage|p1a: T-Pain|79\/363 brn|[from] brn
|turn|53
|
|switch|p1a: Barney|Goodra, M|252\/374
|-damage|p1a: Barney|206\/374|[from] Stealth Rock
|move|p2a: onion fairy god|Giga Drain|p1a: Barney
|-boost|p1a: Barney|atk|1|[from] ability: Sap Sipper
|
|-heal|p2a: onion fairy god|387\/396|[from] item: Leftovers
|turn|54
|
|switch|p2a: woofy woof woof|Granbull, F|384\/384 slp
|-damage|p2a: woofy woof woof|336\/384 slp|[from] Stealth Rock
|-ability|p2a: woofy woof woof|Intimidate|[of] p1a: Barney
|-unboost|p1a: Barney|atk|1
|move|p1a: Barney|Fire Punch|p2a: woofy woof woof
|-damage|p2a: woofy woof woof|225\/384 slp
|
|-heal|p2a: woofy woof woof|249\/384 slp|[from] item: Leftovers
|turn|55
|
|switch|p1a: Liberachi|Jirachi|379\/404
|-damage|p1a: Liberachi|354\/404|[from] Stealth Rock
|cant|p2a: woofy woof woof|slp
|
|-heal|p1a: Liberachi|379\/404|[from] item: Leftovers
|-heal|p2a: woofy woof woof|273\/384 slp|[from] item: Leftovers
|turn|56
|c|+dodmen|in
|
|switch|p2a: swimmy swim|Alomomola, M|471\/471 psn
|-damage|p2a: swimmy swim|413\/471 psn|[from] Stealth Rock
|move|p1a: Liberachi|Iron Head|p2a: swimmy swim
|-resisted|p2a: swimmy swim
|-damage|p2a: swimmy swim|373\/471 psn
|
|-heal|p1a: Liberachi|404\/404|[from] item: Leftovers
|-heal|p2a: swimmy swim|402\/471 psn|[from] item: Leftovers
|-damage|p2a: swimmy swim|344\/471 psn|[from] psn
|turn|57
|
|move|p1a: Liberachi|Iron Head|p2a: swimmy swim
|-resisted|p2a: swimmy swim
|-damage|p2a: swimmy swim|303\/471 psn
|cant|p2a: swimmy swim|flinch
|
|-heal|p2a: swimmy swim|332\/471 psn|[from] item: Leftovers
|-damage|p2a: swimmy swim|274\/471 psn|[from] psn
|turn|58
|c|âCoolStoryBrobat|idk if it's worth it man
|c|âCoolStoryBrobat|His burn rate is tremendously higher than my flinch r8
|c|+dodmen|it's gonna come down to this eventually
|c|âCoolStoryBrobat|Somehow 30% > 60%
|c|+dodmen|woulda been nice to get 2 layers before this got in
|
|move|p1a: Liberachi|Iron Head|p2a: swimmy swim
|-resisted|p2a: swimmy swim
|-damage|p2a: swimmy swim|232\/471 psn
|cant|p2a: swimmy swim|flinch
|
|-heal|p2a: swimmy swim|261\/471 psn|[from] item: Leftovers
|-damage|p2a: swimmy swim|203\/471 psn|[from] psn
|turn|59
|c|âCoolStoryBrobat|Yeah
|c|âCoolStoryBrobat|Beggars can't be choosers I guess
|
|move|p1a: Liberachi|Iron Head|p2a: swimmy swim
|-resisted|p2a: swimmy swim
|-damage|p2a: swimmy swim|162\/471 psn
|cant|p2a: swimmy swim|flinch
|
|-heal|p2a: swimmy swim|191\/471 psn|[from] item: Leftovers
|-damage|p2a: swimmy swim|133\/471 psn|[from] psn
|turn|60
|
|move|p1a: Liberachi|Iron Head|p2a: swimmy swim
|-resisted|p2a: swimmy swim
|-damage|p2a: swimmy swim|97\/471 psn
|cant|p2a: swimmy swim|flinch
|
|-heal|p2a: swimmy swim|126\/471 psn|[from] item: Leftovers
|-damage|p2a: swimmy swim|68\/471 psn|[from] psn
|turn|61
|
|switch|p2a: bubblsy bubbles|Swampert-Mega, F|199\/404
|-status|p2a: bubblsy bubbles|tox
|-damage|p2a: bubblsy bubbles|174\/404 tox|[from] Stealth Rock
|move|p1a: Liberachi|Iron Head|p2a: bubblsy bubbles
|-resisted|p2a: bubblsy bubbles
|-damage|p2a: bubblsy bubbles|130\/404 tox
|
|-damage|p2a: bubblsy bubbles|105\/404 tox|[from] psn
|turn|62
|c|âCoolStoryBrobat|EQ won't OHKO
|
|move|p1a: Liberachi|Iron Head|p2a: bubblsy bubbles
|-resisted|p2a: bubblsy bubbles
|-damage|p2a: bubblsy bubbles|64\/404 tox
|cant|p2a: bubblsy bubbles|flinch
|
|-damage|p2a: bubblsy bubbles|14\/404 tox|[from] psn
|turn|63
|c|âCoolStoryBrobat|you ain't gon rest
|c|âCoolStoryBrobat|bwoi
|
|move|p1a: Liberachi|Iron Head|p2a: bubblsy bubbles
|-resisted|p2a: bubblsy bubbles
|-damage|p2a: bubblsy bubbles|0 fnt
|faint|p2a: bubblsy bubbles
|
|
|switch|p2a: swimmy swim|Alomomola, M|225\/471 psn
|-damage|p2a: swimmy swim|167\/471 psn|[from] Stealth Rock
|turn|64
|
|switch|p2a: onion fairy god|Celebi|387\/396
|-status|p2a: onion fairy god|tox
|-damage|p2a: onion fairy god|338\/396 tox|[from] Stealth Rock
|move|p1a: Liberachi|Wish|p1a: Liberachi
|
|-heal|p2a: onion fairy god|362\/396 tox|[from] item: Leftovers
|-damage|p2a: onion fairy god|338\/396 tox|[from] psn
|turn|65
|
|switch|p2a: swimmy swim|Alomomola, M|324\/471 psn
|-damage|p2a: swimmy swim|266\/471 psn|[from] Stealth Rock
|move|p1a: Liberachi|U-turn|p2a: swimmy swim
|-damage|p2a: swimmy swim|216\/471 psn
|
|switch|p1a: T-Pain|Tentacruel, M|79\/363 brn
|-damage|p1a: T-Pain|34\/363 brn|[from] Stealth Rock
|
|-heal|p1a: T-Pain|236\/363 brn|[from] move: Wish|[wisher] Liberachi
|-heal|p1a: T-Pain|258\/363 brn|[from] item: Black Sludge
|-heal|p2a: swimmy swim|245\/471 psn|[from] item: Leftovers
|-damage|p1a: T-Pain|213\/363 brn|[from] brn
|-damage|p2a: swimmy swim|187\/471 psn|[from] psn
|turn|66
|
|switch|p2a: onion fairy god|Celebi|338\/396
|-damage|p2a: onion fairy god|289\/396|[from] Stealth Rock
|-status|p2a: onion fairy god|tox
|move|p1a: T-Pain|Rapid Spin|p2a: onion fairy god
|-damage|p2a: onion fairy god|285\/396 tox
|-sideend|p1: CoolStoryBrobat|Stealth Rock|[from] move: Rapid Spin|[of] p1a: T-Pain
|
|-heal|p2a: onion fairy god|309\/396 tox|[from] item: Leftovers
|-heal|p1a: T-Pain|235\/363 brn|[from] item: Black Sludge
|-damage|p2a: onion fairy god|285\/396 tox|[from] psn
|-damage|p1a: T-Pain|190\/363 brn|[from] brn
|turn|67
|
|switch|p1a: Liberachi|Jirachi|404\/404
|move|p2a: onion fairy god|Stealth Rock|p1a: Liberachi
|-sidestart|p1: CoolStoryBrobat|move: Stealth Rock
|
|-heal|p2a: onion fairy god|309\/396 tox|[from] item: Leftovers
|-damage|p2a: onion fairy god|261\/396 tox|[from] psn
|turn|68
|
|switch|p2a: swimmy swim|Alomomola, M|344\/471 psn
|-damage|p2a: swimmy swim|286\/471 psn|[from] Stealth Rock
|move|p1a: Liberachi|Wish|p1a: Liberachi
|
|-heal|p2a: swimmy swim|315\/471 psn|[from] item: Leftovers
|-damage|p2a: swimmy swim|257\/471 psn|[from] psn
|turn|69
|
|move|p1a: Liberachi|U-turn|p2a: swimmy swim
|-damage|p2a: swimmy swim|212\/471 psn
|
|switch|p1a: T-Pain|Tentacruel, M|190\/363 brn
|-damage|p1a: T-Pain|145\/363 brn|[from] Stealth Rock
|move|p2a: swimmy swim|Wish|p2a: swimmy swim
|
|-heal|p1a: T-Pain|347\/363 brn|[from] move: Wish|[wisher] Liberachi
|-heal|p1a: T-Pain|363\/363 brn|[from] item: Black Sludge
|-heal|p2a: swimmy swim|241\/471 psn|[from] item: Leftovers
|-damage|p1a: T-Pain|318\/363 brn|[from] brn
|-damage|p2a: swimmy swim|183\/471 psn|[from] psn
|turn|70
|
|switch|p2a: onion fairy god|Celebi|261\/396
|-status|p2a: onion fairy god|tox
|-damage|p2a: onion fairy god|212\/396 tox|[from] Stealth Rock
|move|p1a: T-Pain|Scald|p2a: onion fairy god
|-resisted|p2a: onion fairy god
|-damage|p2a: onion fairy god|171\/396 tox
|
|-heal|p2a: onion fairy god|396\/396 tox|[from] move: Wish|[wisher] swimmy swim
|-heal|p1a: T-Pain|340\/363 brn|[from] item: Black Sludge
|-damage|p2a: onion fairy god|372\/396 tox|[from] psn
|-damage|p1a: T-Pain|295\/363 brn|[from] brn
|turn|71
|leave|watfor
|join|watfor
|
|move|p2a: onion fairy god|Giga Drain|p1a: T-Pain
|-damage|p1a: T-Pain|225\/363 brn
|-heal|p2a: onion fairy god|396\/396 tox|[from] drain|[of] p1a: T-Pain
|move|p1a: T-Pain|Rapid Spin|p2a: onion fairy god
|-damage|p2a: onion fairy god|392\/396 tox
|-sideend|p1: CoolStoryBrobat|Stealth Rock|[from] move: Rapid Spin|[of] p1a: T-Pain
|
|-heal|p2a: onion fairy god|396\/396 tox|[from] item: Leftovers
|-heal|p1a: T-Pain|247\/363 brn|[from] item: Black Sludge
|-damage|p2a: onion fairy god|348\/396 tox|[from] psn
|-damage|p1a: T-Pain|202\/363 brn|[from] brn
|turn|72
|
|switch|p1a: Barney|Goodra, M|206\/374
|move|p2a: onion fairy god|Stealth Rock|p1a: Barney
|-sidestart|p1: CoolStoryBrobat|move: Stealth Rock
|
|-heal|p2a: onion fairy god|372\/396 tox|[from] item: Leftovers
|-damage|p2a: onion fairy god|300\/396 tox|[from] psn
|turn|73
|
|switch|p2a: woofy woof woof|Granbull, F|273\/384 slp
|-damage|p2a: woofy woof woof|225\/384 slp|[from] Stealth Rock
|-ability|p2a: woofy woof woof|Intimidate|[of] p1a: Barney
|-unboost|p1a: Barney|atk|1
|move|p1a: Barney|Fire Punch|p2a: woofy woof woof
|-damage|p2a: woofy woof woof|153\/384 slp
|
|-heal|p2a: woofy woof woof|177\/384 slp|[from] item: Leftovers
|turn|74
|join|Lucipurrr
|
|switch|p1a: Liberachi|Jirachi|404\/404
|-damage|p1a: Liberachi|379\/404|[from] Stealth Rock
|cant|p2a: woofy woof woof|slp
|
|-heal|p1a: Liberachi|404\/404|[from] item: Leftovers
|-heal|p2a: woofy woof woof|201\/384 slp|[from] item: Leftovers
|turn|75
|
|switch|p2a: swimmy swim|Alomomola, M|340\/471 psn
|-damage|p2a: swimmy swim|282\/471 psn|[from] Stealth Rock
|move|p1a: Liberachi|Iron Head|p2a: swimmy swim
|-resisted|p2a: swimmy swim
|-damage|p2a: swimmy swim|242\/471 psn
|
|-heal|p2a: swimmy swim|271\/471 psn|[from] item: Leftovers
|-damage|p2a: swimmy swim|213\/471 psn|[from] psn
|turn|76
|
|move|p1a: Liberachi|U-turn|p2a: swimmy swim
|-crit|p2a: swimmy swim
|-damage|p2a: swimmy swim|140\/471 psn
|c|+dodmen|!
|
|switch|p1a: Cottonelle|Whimsicott, F|213\/261 tox
|-damage|p1a: Cottonelle|181\/261 tox|[from] Stealth Rock
|move|p2a: swimmy swim|Wish|p2a: swimmy swim
|
|-heal|p2a: swimmy swim|169\/471 psn|[from] item: Leftovers
|-damage|p1a: Cottonelle|165\/261 tox|[from] psn
|-damage|p2a: swimmy swim|111\/471 psn|[from] psn
|turn|77
|join|klos
|
|move|p2a: swimmy swim|Protect|p2a: swimmy swim
|-singleturn|p2a: swimmy swim|Protect
|move|p1a: Cottonelle|U-turn|p2a: swimmy swim
|-activate|p2a: swimmy swim|Protect
|
|-heal|p2a: swimmy swim|346\/471 psn|[from] move: Wish|[wisher] swimmy swim
|-heal|p2a: swimmy swim|375\/471 psn|[from] item: Leftovers
|-damage|p1a: Cottonelle|133\/261 tox|[from] psn
|-damage|p2a: swimmy swim|317\/471 psn|[from] psn
|turn|78
|c|âCoolStoryBrobat|You know what'd be sick
|c|âCoolStoryBrobat|if Infiltrator broke Protect
|
|switch|p2a: Mega Chansey|Blissey, F|532\/656
|-damage|p2a: Mega Chansey|450\/656|[from] Stealth Rock
|-status|p2a: Mega Chansey|tox
|move|p1a: Cottonelle|U-turn|p2a: Mega Chansey
|-damage|p2a: Mega Chansey|377\/656 tox
|c|+dodmen|pert?
|
|switch|p1a: Wheaties|Swampert-Mega, M|344\/344
|-damage|p1a: Wheaties|323\/344|[from] Stealth Rock
|
|-heal|p2a: Mega Chansey|418\/656 tox|[from] item: Leftovers
|-damage|p2a: Mega Chansey|377\/656 tox|[from] psn
|turn|79
|
|switch|p2a: swimmy swim|Alomomola, M|471\/471 psn
|-damage|p2a: swimmy swim|413\/471 psn|[from] Stealth Rock
|move|p1a: Wheaties|Earthquake|p2a: swimmy swim
|-damage|p2a: swimmy swim|256\/471 psn
|
|-heal|p2a: swimmy swim|285\/471 psn|[from] item: Leftovers
|-damage|p2a: swimmy swim|227\/471 psn|[from] psn
|turn|80
|
|move|p1a: Wheaties|Earthquake|p2a: swimmy swim
|-damage|p2a: swimmy swim|65\/471 psn
|move|p2a: swimmy swim|Wish|p2a: swimmy swim
|
|-heal|p2a: swimmy swim|94\/471 psn|[from] item: Leftovers
|-damage|p2a: swimmy swim|36\/471 psn|[from] psn
|turn|81
|
|move|p2a: swimmy swim|Protect|p2a: swimmy swim
|-singleturn|p2a: swimmy swim|Protect
|move|p1a: Wheaties|Ice Punch|p2a: swimmy swim
|-activate|p2a: swimmy swim|Protect
|
|-heal|p2a: swimmy swim|271\/471 psn|[from] move: Wish|[wisher] swimmy swim
|-heal|p2a: swimmy swim|300\/471 psn|[from] item: Leftovers
|-damage|p2a: swimmy swim|242\/471 psn|[from] psn
|turn|82
|
|move|p1a: Wheaties|Earthquake|p2a: swimmy swim
|-damage|p2a: swimmy swim|79\/471 psn
|move|p2a: swimmy swim|Wish|p2a: swimmy swim
|
|-heal|p2a: swimmy swim|108\/471 psn|[from] item: Leftovers
|-damage|p2a: swimmy swim|50\/471 psn|[from] psn
|turn|83
|
|move|p2a: swimmy swim|Protect|p2a: swimmy swim
|-singleturn|p2a: swimmy swim|Protect
|move|p1a: Wheaties|Ice Punch|p2a: swimmy swim
|-activate|p2a: swimmy swim|Protect
|
|-heal|p2a: swimmy swim|285\/471 psn|[from] move: Wish|[wisher] swimmy swim
|-heal|p2a: swimmy swim|314\/471 psn|[from] item: Leftovers
|-damage|p2a: swimmy swim|256\/471 psn|[from] psn
|turn|84
|c|âCoolStoryBrobat|Is this actually gaining HP?
|
|switch|p1a: T-Pain|Tentacruel, M|202\/363 brn
|-damage|p1a: T-Pain|157\/363 brn|[from] Stealth Rock
|switch|p2a: onion fairy god|Celebi|300\/396
|-status|p2a: onion fairy god|tox
|-damage|p2a: onion fairy god|251\/396 tox|[from] Stealth Rock
|
|-heal|p2a: onion fairy god|275\/396 tox|[from] item: Leftovers
|-heal|p1a: T-Pain|179\/363 brn|[from] item: Black Sludge
|-damage|p2a: onion fairy god|251\/396 tox|[from] psn
|-damage|p1a: T-Pain|134\/363 brn|[from] brn
|turn|85
|
|move|p2a: onion fairy god|Recover|p2a: onion fairy god
|-heal|p2a: onion fairy god|396\/396 tox
|move|p1a: T-Pain|Rapid Spin|p2a: onion fairy god
|-damage|p2a: onion fairy god|392\/396 tox
|-sideend|p1: CoolStoryBrobat|Stealth Rock|[from] move: Rapid Spin|[of] p1a: T-Pain
|
|-heal|p2a: onion fairy god|396\/396 tox|[from] item: Leftovers
|-heal|p1a: T-Pain|156\/363 brn|[from] item: Black Sludge
|-damage|p2a: onion fairy god|348\/396 tox|[from] psn
|-damage|p1a: T-Pain|111\/363 brn|[from] brn
|turn|86
|join|lapraz
|
|switch|p1a: Liberachi|Jirachi|404\/404
|move|p2a: onion fairy god|Stealth Rock|p1a: Liberachi
|-sidestart|p1: CoolStoryBrobat|move: Stealth Rock
|
|-heal|p2a: onion fairy god|372\/396 tox|[from] item: Leftovers
|-damage|p2a: onion fairy god|300\/396 tox|[from] psn
|turn|87
|join|Colbrushie
|
|switch|p2a: swimmy swim|Alomomola, M|413\/471 psn
|-damage|p2a: swimmy swim|355\/471 psn|[from] Stealth Rock
|move|p1a: Liberachi|Wish|p1a: Liberachi
|
|-heal|p2a: swimmy swim|384\/471 psn|[from] item: Leftovers
|-damage|p2a: swimmy swim|326\/471 psn|[from] psn
|turn|88
|
|move|p1a: Liberachi|U-turn|p2a: swimmy swim
|-damage|p2a: swimmy swim|278\/471 psn
|
|switch|p1a: T-Pain|Tentacruel, M|111\/363 brn
|-damage|p1a: T-Pain|66\/363 brn|[from] Stealth Rock
|move|p2a: swimmy swim|Wish|p2a: swimmy swim
|
|-heal|p1a: T-Pain|268\/363 brn|[from] move: Wish|[wisher] Liberachi
|-heal|p1a: T-Pain|290\/363 brn|[from] item: Black Sludge
|-heal|p2a: swimmy swim|307\/471 psn|[from] item: Leftovers
|-damage|p1a: T-Pain|245\/363 brn|[from] brn
|-damage|p2a: swimmy swim|249\/471 psn|[from] psn
|turn|89
|
|switch|p2a: onion fairy god|Celebi|300\/396
|-damage|p2a: onion fairy god|251\/396|[from] Stealth Rock
|-status|p2a: onion fairy god|tox
|move|p1a: T-Pain|Rapid Spin|p2a: onion fairy god
|-damage|p2a: onion fairy god|247\/396 tox
|-sideend|p1: CoolStoryBrobat|Stealth Rock|[from] move: Rapid Spin|[of] p1a: T-Pain
|
|-heal|p2a: onion fairy god|396\/396 tox|[from] move: Wish|[wisher] swimmy swim
|-heal|p1a: T-Pain|267\/363 brn|[from] item: Black Sludge
|-damage|p2a: onion fairy god|372\/396 tox|[from] psn
|-damage|p1a: T-Pain|222\/363 brn|[from] brn
|turn|90
|c|âCoolStoryBrobat|This that stuff that makes you wish you had something cancerous like Infestation tenta
|
|switch|p1a: Liberachi|Jirachi|404\/404
|move|p2a: onion fairy god|Stealth Rock|p1a: Liberachi
|-sidestart|p1: CoolStoryBrobat|move: Stealth Rock
|
|-heal|p2a: onion fairy god|396\/396 tox|[from] item: Leftovers
|-damage|p2a: onion fairy god|348\/396 tox|[from] psn
|turn|91
|
|switch|p2a: swimmy swim|Alomomola, M|406\/471 psn
|-damage|p2a: swimmy swim|348\/471 psn|[from] Stealth Rock
|move|p1a: Liberachi|Wish|p1a: Liberachi
|
|-heal|p2a: swimmy swim|377\/471 psn|[from] item: Leftovers
|-damage|p2a: swimmy swim|319\/471 psn|[from] psn
|turn|92
|
|move|p1a: Liberachi|U-turn|p2a: swimmy swim
|-damage|p2a: swimmy swim|273\/471 psn
|
|switch|p1a: Cottonelle|Whimsicott, F|133\/261 tox
|-damage|p1a: Cottonelle|101\/261 tox|[from] Stealth Rock
|move|p2a: swimmy swim|Wish|p2a: swimmy swim
|
|-heal|p1a: Cottonelle|261\/261 tox|[from] move: Wish|[wisher] Liberachi
|-heal|p2a: swimmy swim|302\/471 psn|[from] item: Leftovers
|-damage|p1a: Cottonelle|245\/261 tox|[from] psn
|-damage|p2a: swimmy swim|244\/471 psn|[from] psn
|turn|93
|
|switch|p2a: Mega Chansey|Blissey, F|377\/656
|-status|p2a: Mega Chansey|tox
|-damage|p2a: Mega Chansey|295\/656 tox|[from] Stealth Rock
|move|p1a: Cottonelle|Moonblast|p2a: Mega Chansey
|-crit|p2a: Mega Chansey
|-damage|p2a: Mega Chansey|180\/656 tox
|-unboost|p2a: Mega Chansey|spa|1
|
|-heal|p2a: Mega Chansey|415\/656 tox|[from] move: Wish|[wisher] swimmy swim
|-heal|p2a: Mega Chansey|456\/656 tox|[from] item: Leftovers
|-damage|p1a: Cottonelle|213\/261 tox|[from] psn
|-damage|p2a: Mega Chansey|415\/656 tox|[from] psn
|turn|94
|
|move|p1a: Cottonelle|U-turn|p2a: Mega Chansey
|-damage|p2a: Mega Chansey|339\/656 tox
|
|switch|p1a: Liberachi|Jirachi|404\/404
|-damage|p1a: Liberachi|379\/404|[from] Stealth Rock
|move|p2a: Mega Chansey|Soft-Boiled|p2a: Mega Chansey
|-heal|p2a: Mega Chansey|656\/656 tox
|
|-heal|p1a: Liberachi|404\/404|[from] item: Leftovers
|-damage|p2a: Mega Chansey|574\/656 tox|[from] psn
|turn|95
|
|switch|p2a: swimmy swim|Alomomola, M|401\/471 psn
|-damage|p2a: swimmy swim|343\/471 psn|[from] Stealth Rock
|move|p1a: Liberachi|Wish|p1a: Liberachi
|
|-heal|p2a: swimmy swim|372\/471 psn|[from] item: Leftovers
|-damage|p2a: swimmy swim|314\/471 psn|[from] psn
|turn|96
|
|move|p1a: Liberachi|U-turn|p2a: swimmy swim
|-damage|p2a: swimmy swim|266\/471 psn
|
|switch|p1a: Barney|Goodra, M|206\/374
|-damage|p1a: Barney|160\/374|[from] Stealth Rock
|move|p2a: swimmy swim|Wish|p2a: swimmy swim
|
|-heal|p1a: Barney|362\/374|[from] move: Wish|[wisher] Liberachi
|-heal|p2a: swimmy swim|295\/471 psn|[from] item: Leftovers
|-damage|p2a: swimmy swim|237\/471 psn|[from] psn
|turn|97
|
|switch|p2a: woofy woof woof|Granbull, F|201\/384 slp
|-damage|p2a: woofy woof woof|153\/384 slp|[from] Stealth Rock
|-ability|p2a: woofy woof woof|Intimidate|[of] p1a: Barney
|-unboost|p1a: Barney|atk|1
|move|p1a: Barney|Outrage|p2a: woofy woof woof
|-immune|p2a: woofy woof woof|[msg]
|
|-heal|p2a: woofy woof woof|384\/384 slp|[from] move: Wish|[wisher] swimmy swim
|turn|98
|join|xShiba
|
|switch|p1a: Liberachi|Jirachi|404\/404
|-damage|p1a: Liberachi|379\/404|[from] Stealth Rock
|switch|p2a: swimmy swim|Alomomola, M|394\/471 psn
|-damage|p2a: swimmy swim|336\/471 psn|[from] Stealth Rock
|
|-heal|p1a: Liberachi|404\/404|[from] item: Leftovers
|-heal|p2a: swimmy swim|365\/471 psn|[from] item: Leftovers
|-damage|p2a: swimmy swim|307\/471 psn|[from] psn
|turn|99
|
|move|p1a: Liberachi|U-turn|p2a: swimmy swim
|-damage|p2a: swimmy swim|261\/471 psn
|
|switch|p1a: Cottonelle|Whimsicott, F|213\/261 tox
|-damage|p1a: Cottonelle|181\/261 tox|[from] Stealth Rock
|move|p2a: swimmy swim|Scald|p1a: Cottonelle
|-resisted|p1a: Cottonelle
|-damage|p1a: Cottonelle|153\/261 tox
|
|-heal|p2a: swimmy swim|290\/471 psn|[from] item: Leftovers
|-damage|p1a: Cottonelle|137\/261 tox|[from] psn
|-damage|p2a: swimmy swim|232\/471 psn|[from] psn
|turn|100
|join|DominatingLuxray
|
|switch|p2a: Mega Chansey|Blissey, F|574\/656
|-damage|p2a: Mega Chansey|492\/656|[from] Stealth Rock
|-status|p2a: Mega Chansey|tox
|move|p1a: Cottonelle|U-turn|p2a: Mega Chansey
|-crit|p2a: Mega Chansey
|-damage|p2a: Mega Chansey|381\/656 tox
|
|switch|p1a: Wheaties|Swampert-Mega, M|323\/344
|-damage|p1a: Wheaties|302\/344|[from] Stealth Rock
|
|-heal|p2a: Mega Chansey|422\/656 tox|[from] item: Leftovers
|-damage|p2a: Mega Chansey|381\/656 tox|[from] psn
|turn|101
|
|switch|p2a: onion fairy god|Celebi|348\/396
|-damage|p2a: onion fairy god|299\/396|[from] Stealth Rock
|-status|p2a: onion fairy god|tox
|move|p1a: Wheaties|Earthquake|p2a: onion fairy god
|-resisted|p2a: onion fairy god
|-damage|p2a: onion fairy god|221\/396 tox
|
|-heal|p2a: onion fairy god|245\/396 tox|[from] item: Leftovers
|-damage|p2a: onion fairy god|221\/396 tox|[from] psn
|turn|102
|
|switch|p1a: Liberachi|Jirachi|404\/404
|-damage|p1a: Liberachi|379\/404|[from] Stealth Rock
|move|p2a: onion fairy god|Recover|p2a: onion fairy god
|-heal|p2a: onion fairy god|396\/396 tox
|
|-heal|p1a: Liberachi|404\/404|[from] item: Leftovers
|-damage|p2a: onion fairy god|348\/396 tox|[from] psn
|turn|103
|
|switch|p2a: swimmy swim|Alomomola, M|389\/471 psn
|-damage|p2a: swimmy swim|331\/471 psn|[from] Stealth Rock
|move|p1a: Liberachi|U-turn|p2a: swimmy swim
|-damage|p2a: swimmy swim|287\/471 psn
|
|switch|p1a: Wheaties|Swampert-Mega, M|302\/344
|-damage|p1a: Wheaties|281\/344|[from] Stealth Rock
|
|-heal|p2a: swimmy swim|316\/471 psn|[from] item: Leftovers
|-damage|p2a: swimmy swim|258\/471 psn|[from] psn
|turn|104
|join|Yellow Skarmory
|c|âCoolStoryBrobat|C'mon Wheaties
|
|move|p1a: Wheaties|Earthquake|p2a: swimmy swim
|-damage|p2a: swimmy swim|92\/471 psn
|move|p2a: swimmy swim|Toxic|p1a: Wheaties
|-status|p1a: Wheaties|tox
|
|-heal|p2a: swimmy swim|121\/471 psn|[from] item: Leftovers
|-damage|p1a: Wheaties|260\/344 tox|[from] psn
|-damage|p2a: swimmy swim|63\/471 psn|[from] psn
|turn|105
|c|âCoolStoryBrobat|BREAKFAST OF CHAMPS
|c|âCoolStoryBrobat|you ol phucc boi
|c|âCoolStoryBrobat|how dare you
|
|switch|p2a: onion fairy god|Celebi|348\/396
|-damage|p2a: onion fairy god|299\/396|[from] Stealth Rock
|-status|p2a: onion fairy god|tox
|move|p1a: Wheaties|Earthquake|p2a: onion fairy god
|-resisted|p2a: onion fairy god
|-damage|p2a: onion fairy god|233\/396 tox
|
|-heal|p2a: onion fairy god|257\/396 tox|[from] item: Leftovers
|-damage|p1a: Wheaties|218\/344 tox|[from] psn
|-damage|p2a: onion fairy god|233\/396 tox|[from] psn
|turn|106
|
|switch|p1a: Liberachi|Jirachi|404\/404
|-damage|p1a: Liberachi|379\/404|[from] Stealth Rock
|move|p2a: onion fairy god|Recover|p2a: onion fairy god
|-heal|p2a: onion fairy god|396\/396 tox
|
|-heal|p1a: Liberachi|404\/404|[from] item: Leftovers
|-damage|p2a: onion fairy god|348\/396 tox|[from] psn
|turn|107
|
|switch|p2a: woofy woof woof|Granbull, F|384\/384 slp
|-damage|p2a: woofy woof woof|336\/384 slp|[from] Stealth Rock
|-ability|p2a: woofy woof woof|Intimidate|[of] p1a: Liberachi
|-unboost|p1a: Liberachi|atk|1
|move|p1a: Liberachi|U-turn|p2a: woofy woof woof
|-resisted|p2a: woofy woof woof
|-damage|p2a: woofy woof woof|319\/384 slp
|leave|watfor
|join|watfor
|
|switch|p1a: Cottonelle|Whimsicott, F|137\/261 tox
|-damage|p1a: Cottonelle|105\/261 tox|[from] Stealth Rock
|
|-heal|p2a: woofy woof woof|343\/384 slp|[from] item: Leftovers
|-damage|p1a: Cottonelle|89\/261 tox|[from] psn
|turn|108
|
|move|p1a: Cottonelle|U-turn|p2a: woofy woof woof
|-resisted|p2a: woofy woof woof
|-damage|p2a: woofy woof woof|328\/384 slp
|
|switch|p1a: Liberachi|Jirachi|404\/404
|-damage|p1a: Liberachi|379\/404|[from] Stealth Rock
|-curestatus|p2a: woofy woof woof|slp
|move|p2a: woofy woof woof|Overheat|p1a: Liberachi
|-supereffective|p1a: Liberachi
|-damage|p1a: Liberachi|271\/404
|-unboost|p2a: woofy woof woof|spa|2
|
|-heal|p1a: Liberachi|296\/404|[from] item: Leftovers
|-heal|p2a: woofy woof woof|352\/384|[from] item: Leftovers
|turn|109
|c|+dodmen|dmg
|c|âpokemonisfun|big
|c|âpokemonisfun|dmg
|
|switch|p2a: swimmy swim|Alomomola, M|220\/471 psn
|-damage|p2a: swimmy swim|162\/471 psn|[from] Stealth Rock
|move|p1a: Liberachi|Wish|p1a: Liberachi
|
|-heal|p1a: Liberachi|321\/404|[from] item: Leftovers
|-heal|p2a: swimmy swim|191\/471 psn|[from] item: Leftovers
|-damage|p2a: swimmy swim|133\/471 psn|[from] psn
|turn|110
|c|+dodmen|this pokemon is now in
|c|+dodmen|pls flinch
|
|switch|p2a: woofy woof woof|Granbull, F|352\/384
|-damage|p2a: woofy woof woof|304\/384|[from] Stealth Rock
|-status|p2a: woofy woof woof|tox
|-ability|p2a: woofy woof woof|Intimidate|[of] p1a: Liberachi
|-unboost|p1a: Liberachi|atk|1
|move|p1a: Liberachi|Iron Head|p2a: woofy woof woof
|-supereffective|p2a: woofy woof woof
|-damage|p2a: woofy woof woof|202\/384 tox
|
|-heal|p1a: Liberachi|404\/404|[from] move: Wish|[wisher] Liberachi
|-heal|p2a: woofy woof woof|226\/384 tox|[from] item: Leftovers
|-damage|p2a: woofy woof woof|202\/384 tox|[from] psn
|turn|111
|c|âCoolStoryBrobat|And now it's back out
|c|âCoolStoryBrobat|:[
|c|+dodmen|nah man
|
|switch|p2a: swimmy swim|Alomomola, M|290\/471 psn
|-damage|p2a: swimmy swim|232\/471 psn|[from] Stealth Rock
|move|p1a: Liberachi|Iron Head|p2a: swimmy swim
|-resisted|p2a: swimmy swim
|-damage|p2a: swimmy swim|206\/471 psn
|
|-heal|p2a: swimmy swim|235\/471 psn|[from] item: Leftovers
|-damage|p2a: swimmy swim|177\/471 psn|[from] psn
|turn|112
|
|move|p1a: Liberachi|U-turn|p2a: swimmy swim
|-damage|p2a: swimmy swim|149\/471 psn
|
|switch|p1a: Wheaties|Swampert-Mega, M|218\/344 tox
|-damage|p1a: Wheaties|197\/344 tox|[from] Stealth Rock
|move|p2a: swimmy swim|Wish|p2a: swimmy swim
|
|-heal|p2a: swimmy swim|178\/471 psn|[from] item: Leftovers
|-damage|p1a: Wheaties|176\/344 tox|[from] psn
|-damage|p2a: swimmy swim|120\/471 psn|[from] psn
|turn|113
|
|move|p2a: swimmy swim|Protect|p2a: swimmy swim
|-singleturn|p2a: swimmy swim|Protect
|move|p1a: Wheaties|Earthquake|p2a: swimmy swim
|-activate|p2a: swimmy swim|Protect
|
|-heal|p2a: swimmy swim|355\/471 psn|[from] move: Wish|[wisher] swimmy swim
|-heal|p2a: swimmy swim|384\/471 psn|[from] item: Leftovers
|-damage|p1a: Wheaties|134\/344 tox|[from] psn
|-damage|p2a: swimmy swim|326\/471 psn|[from] psn
|turn|114
|
|move|p1a: Wheaties|Earthquake|p2a: swimmy swim
|-damage|p2a: swimmy swim|164\/471 psn
|move|p2a: swimmy swim|Wish|p2a: swimmy swim
|
|-heal|p2a: swimmy swim|193\/471 psn|[from] item: Leftovers
|-damage|p1a: Wheaties|71\/344 tox|[from] psn
|-damage|p2a: swimmy swim|135\/471 psn|[from] psn
|turn|115
|
|move|p2a: swimmy swim|Protect|p2a: swimmy swim
|-singleturn|p2a: swimmy swim|Protect
|move|p1a: Wheaties|Ice Punch|p2a: swimmy swim
|-activate|p2a: swimmy swim|Protect
|
|-heal|p2a: swimmy swim|370\/471 psn|[from] move: Wish|[wisher] swimmy swim
|-heal|p2a: swimmy swim|399\/471 psn|[from] item: Leftovers
|-damage|p1a: Wheaties|0 fnt|[from] psn
|-damage|p2a: swimmy swim|341\/471 psn|[from] psn
|faint|p1a: Wheaties
|
|switch|p1a: Cottonelle|Whimsicott, F|89\/261 tox
|-damage|p1a: Cottonelle|57\/261 tox|[from] Stealth Rock
|turn|116
|c|+dodmen|i think knock off tenta would've won it
|
|switch|p2a: Mega Chansey|Blissey, F|381\/656
|-status|p2a: Mega Chansey|tox
|-damage|p2a: Mega Chansey|299\/656 tox|[from] Stealth Rock
|move|p1a: Cottonelle|Giga Drain|p2a: Mega Chansey
|-damage|p2a: Mega Chansey|245\/656 tox
|-heal|p1a: Cottonelle|84\/261 tox|[from] drain|[of] p2a: Mega Chansey
|
|-heal|p2a: Mega Chansey|286\/656 tox|[from] item: Leftovers
|-damage|p1a: Cottonelle|68\/261 tox|[from] psn
|-damage|p2a: Mega Chansey|245\/656 tox|[from] psn
|turn|117
|
|move|p1a: Cottonelle|U-turn|p2a: Mega Chansey
|-damage|p2a: Mega Chansey|172\/656 tox
|
|switch|p1a: Barney|Goodra, M|362\/374
|-damage|p1a: Barney|316\/374|[from] Stealth Rock
|move|p2a: Mega Chansey|Soft-Boiled|p2a: Mega Chansey
|-heal|p2a: Mega Chansey|500\/656 tox
|
|-heal|p2a: Mega Chansey|541\/656 tox|[from] item: Leftovers
|-damage|p2a: Mega Chansey|459\/656 tox|[from] psn
|turn|118
|
|switch|p2a: woofy woof woof|Granbull, F|202\/384 tox
|-damage|p2a: woofy woof woof|154\/384 tox|[from] Stealth Rock
|-ability|p2a: woofy woof woof|Intimidate|[of] p1a: Barney
|-unboost|p1a: Barney|atk|1
|move|p1a: Barney|Power Whip|p2a: woofy woof woof|[miss]
|-miss|p1a: Barney|p2a: woofy woof woof
|
|-heal|p2a: woofy woof woof|178\/384 tox|[from] item: Leftovers
|-damage|p2a: woofy woof woof|154\/384 tox|[from] psn
|turn|119
|c|âCoolStoryBrobat|Gdi
|c|âCoolStoryBrobat|That might have been finna 2HK
|
|move|p1a: Barney|Power Whip|p2a: woofy woof woof
|-damage|p2a: woofy woof woof|47\/384 tox
|move|p2a: woofy woof woof|Rest|p2a: woofy woof woof
|-status|p2a: woofy woof woof|slp
|-heal|p2a: woofy woof woof|384\/384 slp|[silent]
|-status|p2a: woofy woof woof|slp|[from] move: Rest
|
|turn|120
|c|âCoolStoryBrobat|It would have!
|c|âpokemonisfun|woofy woof woof avoided the attack!
|c|âCoolStoryBrobat|Even in 120+ turn battles pif's luck is prevailing
|c|âpokemonisfun|woofy woof woof avoided the attack!
|c|âpokemonisfun|woofy woof woof avoided the attack!
|c|+dodmen|ebin
|
|switch|p1a: Liberachi|Jirachi|404\/404
|-damage|p1a: Liberachi|379\/404|[from] Stealth Rock
|switch|p2a: swimmy swim|Alomomola, M|471\/471 psn
|-damage|p2a: swimmy swim|413\/471 psn|[from] Stealth Rock
|
|-heal|p1a: Liberachi|404\/404|[from] item: Leftovers
|-heal|p2a: swimmy swim|442\/471 psn|[from] item: Leftovers
|-damage|p2a: swimmy swim|384\/471 psn|[from] psn
|turn|121
|c|+dodmen|yeah it's over rip
|c|+dodmen|not enough iron head pp
|
|move|p1a: Liberachi|Wish|p1a: Liberachi
|move|p2a: swimmy swim|Scald|p1a: Liberachi
|-damage|p1a: Liberachi|370\/404
|-status|p1a: Liberachi|brn
|
|-heal|p1a: Liberachi|395\/404 brn|[from] item: Leftovers
|-heal|p2a: swimmy swim|413\/471 psn|[from] item: Leftovers
|-damage|p1a: Liberachi|345\/404 brn|[from] brn
|-damage|p2a: swimmy swim|355\/471 psn|[from] psn
|turn|122
|c|+dodmen|and that
|c|âCoolStoryBrobat|I could have killed Granbull right there
|c|+dodmen|yeah
|c|âCoolStoryBrobat|And then Goodra could break everything
|c|âCoolStoryBrobat|But no
|c|âCoolStoryBrobat|Yeah bro you got this I'm done
|-message|CoolStoryBrobat forfeited.
|
|win|pokemonisfun
|c|âpokemonisfun|uh
|c|âCoolStoryBrobat|I forgot what battle number this even was
|c|âpokemonisfun|i had
|c|âpokemonisfun|3 more wishes
|leave|DominatingLuxray
|c|âpokemonisfun|on alo
|c|âpokemonisfun|its 3-3
|c|âCoolStoryBrobat|I couldn't outstall
|leave|RowHog
|c|âCoolStoryBrobat|At least be patient enough to
|c|+dodmen|especially with burn
|c|+dodmen|there's no way