|join|Der Dreckige Dan
|join|CoolStoryBrobat
|c|âDer Dreckige Dan|gl hf
|player|p1|Der Dreckige Dan|2
|player|p2|CoolStoryBrobat|#coolstorybrobat
|gametype|singles
|gen|6
|tier|UU
|rule|Sleep Clause Mod: Limit one foe put to sleep
|rule|Species Clause: Limit one of each PokÃ©mon
|rule|OHKO Clause: OHKO moves are banned
|rule|Moody Clause: Moody is banned
|rule|Evasion Moves Clause: Evasion moves are banned
|rule|Endless Battle Clause: Forcing endless battles is banned
|rule|HP Percentage Mod: HP is shown in percentages
|clearpoke
|poke|p1|Slurpuff, F
|poke|p1|Kingdra, F
|poke|p1|Aerodactyl, F
|poke|p1|Nidoqueen, F
|poke|p1|Cobalion
|poke|p1|Honchkrow, F
|poke|p2|Swampert, M
|poke|p2|Tornadus, M
|poke|p2|Goodra, M
|poke|p2|Jirachi
|poke|p2|Tentacruel, M
|poke|p2|Whimsicott, F
|rule|Swagger Clause: Swagger is banned
|rule|Baton Pass Clause: Limit one PokÃ©mon knowing Baton Pass
|teampreview
|c|âCoolStoryBrobat|you too
|join|6 agility
|
|start
|switch|p1a: Nidoqueen|Nidoqueen, F|345\/345
|switch|p2a: Barney|Goodra, M|374\/374
|turn|1
|join|BenzMafia
|join|hxhxhxhxhxhxhx
|
|switch|p1a: Cobalion|Cobalion|323\/323
|move|p2a: Barney|Outrage|p1a: Cobalion
|-resisted|p1a: Cobalion
|-damage|p1a: Cobalion|203\/323
|
|-heal|p1a: Cobalion|223\/323|[from] item: Leftovers
|turn|2
|
|switch|p1a: Slurpuff|Slurpuff, F|316\/316
|move|p2a: Barney|Outrage|p1a: Slurpuff
|-immune|p1a: Slurpuff|[msg]
|
|turn|3
|join|Emma Bae â¥
|
|switch|p2a: T-Pain|Tentacruel, M|363\/363
|move|p1a: Slurpuff|Play Rough|p2a: T-Pain
|-resisted|p2a: T-Pain
|-damage|p2a: T-Pain|308\/363
|
|-heal|p2a: T-Pain|330\/363|[from] item: Black Sludge
|turn|4
|
|switch|p1a: Kingdra|Kingdra, F|301\/301
|move|p2a: T-Pain|Scald|p1a: Kingdra
|-resisted|p1a: Kingdra
|-damage|p1a: Kingdra|281\/301
|-status|p1a: Kingdra|brn
|-enditem|p1a: Kingdra|Lum Berry|[eat]
|-curestatus|p1a: Kingdra|brn
|
|-heal|p2a: T-Pain|352\/363|[from] item: Black Sludge
|turn|5
|leave|jason dank
|
|switch|p2a: Cottonelle|Whimsicott, F|261\/261
|move|p1a: Kingdra|Substitute|p1a: Kingdra
|-start|p1a: Kingdra|Substitute
|-damage|p1a: Kingdra|206\/301
|
|turn|6
|join|thunderkid blitz
|
|move|p2a: Cottonelle|Moonblast|p1a: Kingdra
|-supereffective|p1a: Kingdra
|-damage|p1a: Kingdra|0 fnt
|faint|p1a: Kingdra
|
|c| Emma Bae â¥|O.O
|c| Emma Bae â¥|Didnt even know it got infiltrator lol
|
|switch|p1a: Nidoqueen|Nidoqueen, F|345\/345
|turn|7
|
|switch|p2a: Barney|Goodra, M|374\/374
|move|p1a: Nidoqueen|Sludge Wave|p2a: Barney
|-damage|p2a: Barney|214\/374
|
|turn|8
|
|switch|p1a: Cobalion|Cobalion|223\/323
|move|p2a: Barney|Earthquake|p1a: Cobalion
|-supereffective|p1a: Cobalion
|-damage|p1a: Cobalion|0 fnt
|faint|p1a: Cobalion
|
|c| Emma Bae â¥|So confused..
|
|switch|p1a: Honchkrow|Honchkrow, F|342\/342
|turn|9
|
|move|p1a: Honchkrow|Pursuit|p2a: Barney|[from]Pursuit
|-damage|p2a: Barney|0 fnt
|-damage|p1a: Honchkrow|308\/342|[from] item: Life Orb
|faint|p2a: Barney
|-boost|p1a: Honchkrow|atk|1|[from] ability: Moxie
|
|
|switch|p2a: Cottonelle|Whimsicott, F|261\/261
|turn|10
|
|switch|p1a: Nidoqueen|Nidoqueen, F|345\/345
|move|p2a: Cottonelle|Moonblast|p1a: Nidoqueen
|-resisted|p1a: Nidoqueen
|-damage|p1a: Nidoqueen|275\/345
|
|turn|11
|
|move|p2a: Cottonelle|U-turn|p1a: Nidoqueen
|-resisted|p1a: Nidoqueen
|-damage|p1a: Nidoqueen|257\/345
|
|switch|p2a: Wheaties|Swampert, M|344\/344
|move|p1a: Nidoqueen|Earth Power|p2a: Wheaties
|-damage|p2a: Wheaties|126\/344
|
|turn|12
|
|detailschange|p2a: Wheaties|Swampert-Mega, M
|-mega|p2a: Wheaties|Swampert|Swampertite
|move|p2a: Wheaties|Waterfall|p1a: Nidoqueen
|-crit|p1a: Nidoqueen
|-supereffective|p1a: Nidoqueen
|-damage|p1a: Nidoqueen|0 fnt
|faint|p1a: Nidoqueen
|
|
|switch|p1a: Honchkrow|Honchkrow, F|308\/342
|turn|13
|
|move|p1a: Honchkrow|Brave Bird|p2a: Wheaties
|-damage|p2a: Wheaties|0 fnt
|-damage|p1a: Honchkrow|266\/342|[from] recoil|[of] p2a: Wheaties
|-damage|p1a: Honchkrow|232\/342|[from] item: Life Orb
|faint|p2a: Wheaties
|-boost|p1a: Honchkrow|atk|1|[from] ability: Moxie
|
|
|switch|p2a: Cottonelle|Whimsicott, F|261\/261
|turn|14
|
|switch|p1a: Slurpuff|Slurpuff, F|316\/316
|move|p2a: Cottonelle|Moonblast|p1a: Slurpuff
|-crit|p1a: Slurpuff
|-damage|p1a: Slurpuff|97\/316
|-enditem|p1a: Slurpuff|Sitrus Berry|[eat]
|-heal|p1a: Slurpuff|176\/316|[from] item: Sitrus Berry
|
|turn|15
|
|switch|p2a: T-Pain|Tentacruel, M|352\/363
|move|p1a: Slurpuff|Return|p2a: T-Pain
|-damage|p2a: T-Pain|272\/363
|
|-heal|p2a: T-Pain|294\/363|[from] item: Black Sludge
|turn|16
|
|move|p1a: Slurpuff|Return|p2a: T-Pain
|-damage|p2a: T-Pain|205\/363
|move|p2a: T-Pain|Scald|p1a: Slurpuff
|-damage|p1a: Slurpuff|79\/316
|-status|p1a: Slurpuff|brn
|
|-heal|p2a: T-Pain|227\/363|[from] item: Black Sludge
|-damage|p1a: Slurpuff|40\/316 brn|[from] brn
|turn|17
|
|switch|p2a: Liberachi|Jirachi|404\/404
|move|p1a: Slurpuff|Return|p2a: Liberachi
|-resisted|p2a: Liberachi
|-damage|p2a: Liberachi|380\/404
|
|-heal|p2a: Liberachi|404\/404|[from] item: Leftovers
|-damage|p1a: Slurpuff|1\/316 brn|[from] brn
|turn|18
|
|move|p1a: Slurpuff|Drain Punch|p2a: Liberachi
|-damage|p2a: Liberachi|372\/404
|-heal|p1a: Slurpuff|17\/316 brn|[from] drain|[of] p2a: Liberachi
|move|p2a: Liberachi|Stealth Rock|p1a: Slurpuff
|-sidestart|p1: Der Dreckige Dan|move: Stealth Rock
|
|-heal|p2a: Liberachi|397\/404|[from] item: Leftovers
|-damage|p1a: Slurpuff|0 fnt|[from] brn
|faint|p1a: Slurpuff
|
|switch|p1a: Honchkrow|Honchkrow, F|232\/342
|-damage|p1a: Honchkrow|147\/342|[from] Stealth Rock
|turn|19
|
|move|p1a: Honchkrow|Pursuit|p2a: Liberachi
|-supereffective|p2a: Liberachi
|-damage|p2a: Liberachi|218\/404
|-damage|p1a: Honchkrow|113\/342|[from] item: Life Orb
|move|p2a: Liberachi|Iron Head|p1a: Honchkrow
|-damage|p1a: Honchkrow|0 fnt
|faint|p1a: Honchkrow
|
|-heal|p2a: Liberachi|243\/404|[from] item: Leftovers
|
|switch|p1a: Aerodactyl|Aerodactyl, F|301\/301
|-damage|p1a: Aerodactyl|226\/301|[from] Stealth Rock
|turn|20
|
|detailschange|p1a: Aerodactyl|Aerodactyl-Mega, F
|-mega|p1a: Aerodactyl|Aerodactyl|Aerodactylite
|move|p1a: Aerodactyl|Aqua Tail|p2a: Liberachi
|-damage|p2a: Liberachi|92\/404
|move|p2a: Liberachi|Iron Head|p1a: Aerodactyl
|-crit|p1a: Aerodactyl
|-supereffective|p1a: Aerodactyl
|-damage|p1a: Aerodactyl|0 fnt
|faint|p1a: Aerodactyl
|
|win|CoolStoryBrobat
|c|âDer Dreckige Dan|gg
|c|âCoolStoryBrobat|gg
|leave|thunderkid blitz
|leave|Emma Bae â¥
|leave|BenzMafia
|leave|CoolStoryBrobat
|player|p2
|leave|Der Dreckige Dan
|join|jason dank
|player|p1