|join|CoolStoryBrobat
|join|pokemonisfun
|join|Lucipurrr
|player|p1|CoolStoryBrobat|#coolstorybrobat
|player|p2|pokemonisfun|184
|gametype|singles
|gen|6
|tier|UU
|rule|Sleep Clause Mod: Limit one foe put to sleep
|rule|Species Clause: Limit one of each PokÃ©mon
|rule|OHKO Clause: OHKO moves are banned
|rule|Moody Clause: Moody is banned
|rule|Evasion Moves Clause: Evasion moves are banned
|rule|Endless Battle Clause: Forcing endless battles is banned
|rule|HP Percentage Mod: HP is shown in percentages
|clearpoke
|poke|p1|Azelf
|poke|p1|Florges, F
|poke|p1|Swampert, M
|poke|p1|Forretress, M
|poke|p1|Mienshao, M
|poke|p1|Ampharos, M
|poke|p2|Blissey, F
|poke|p2|Swampert, F
|poke|p2|Granbull, F
|poke|p2|Alomomola, F
|poke|p2|Crobat, F
|poke|p2|Celebi
|rule|Swagger Clause: Swagger is banned
|rule|Baton Pass Clause: Limit one PokÃ©mon knowing Baton Pass
|teampreview
|join|r0ady
|join|Snowballin
|c| Lucipurrr|o.o
|c|âCoolStoryBrobat|This is the team that made me retire for 7 days
|join|RowDog
|c|âCoolStoryBrobat|And then I just made this new one
|c|âpokemonisfun|rest talk curse swampert
|c|âpokemonisfun|=6-0
|join|SweetDelight
|c|âCoolStoryBrobat|bruh
|c|âCoolStoryBrobat|You don't believe in wincons
|c|âpokemonisfun|fuck you buddy
|c|âCoolStoryBrobat|Those are social constructs
|c| SweetDelight|Thats a cute color scheme, pokemonisfun
|c| r0ady|energy ball forges obviosly
|c|âCoolStoryBrobat|formed by elitists who circlejerk on children's game sites
|
|start
|switch|p1a: Mienshao|Mienshao, M|271\/271
|switch|p2a: bubblsy bubbles|Swampert, F|404\/404
|turn|1
|c|âpokemonisfun|stop copying my tumblr
|c| r0ady|i cant fuigure out how to pronounce thast name pif
|c| r0ady|and i cant type
|c|âpokemonisfun|tum-blur
|join|Alldaalts
|c| r0ady|no you fuck
|c| r0ady|your swamppy
|join|HENRY
|c|âpokemonisfun|oh
|c|âpokemonisfun|bubble-z-bubbles
|c| r0ady|ahh
|c| r0ady|cute
|c| RowDog|better know bubblebeam
|c|âpokemonisfun|thx ^_^
|c|âpokemonisfun|!learn swampert, bubbles
Move 'bubbles' not found.
|c| SweetDelight|So is this best 5 our o 7?
|c| SweetDelight|out of*
|c|âpokemonisfun|!learn swampert, bubble beam
|raw|<div class="infobox">Swampert <span class="message-learn-cannotlearn">can't<\/span> learn Bubble Beam<\/div>
|c| r0ady|does it learn
|c| r0ady|bubble
|c|âpokemonisfun|best of 7 but winner needs to win by two games
|c|âpokemonisfun|or more
|c|âCoolStoryBrobat|Sorry had to get my headphones
|c| SweetDelight|In other words, best 5 out of 7
|join|SmogonGayRarely
|c|âpokemonisfun|no
|
|detailschange|p2a: bubblsy bubbles|Swampert-Mega, F
|-mega|p2a: bubblsy bubbles|Swampert|Swampertite
|move|p1a: Mienshao|High Jump Kick|p2a: bubblsy bubbles
|-damage|p2a: bubblsy bubbles|160\/404
|move|p2a: bubblsy bubbles|Earthquake|p1a: Mienshao
|-damage|p1a: Mienshao|18\/271
|
|turn|2
|c|âpokemonisfun|we can keep going after 7
|c| RowDog|doesnât even learn bubblebeam wtf?
|c| r0ady|ima gonna run
|c| r0ady|specs bubble azu in ou
|c| SweetDelight|So who is winning
|
|switch|p1a: Ampharos|Ampharos, M|354\/354
|switch|p2a: onion fairy god|Celebi|396\/396
|
|turn|3
|c|âCoolStoryBrobat|I'm winning, score's 2-1
|c| SmogonGayRarely|pif's "shit stall"
|c| r0ady|and wont stop playing till i get a iill
|
|detailschange|p1a: Ampharos|Ampharos-Mega, M
|-mega|p1a: Ampharos|Ampharos|Ampharosite
|-ability|p1a: Ampharos|Mold Breaker
|move|p2a: onion fairy god|Stealth Rock|p1a: Ampharos
|-sidestart|p1: CoolStoryBrobat|move: Stealth Rock
|move|p1a: Ampharos|Volt Switch|p2a: onion fairy god
|-resisted|p2a: onion fairy god
|-damage|p2a: onion fairy god|318\/396
|
|switch|p1a: Forretress|Forretress, M|354\/354
|-damage|p1a: Forretress|310\/354|[from] Stealth Rock
|
|-heal|p2a: onion fairy god|342\/396|[from] item: Leftovers
|-heal|p1a: Forretress|332\/354|[from] item: Leftovers
|turn|4
|c|âCoolStoryBrobat|None of that Fire Blast Granbull noise doe plz
|c| RowDog|Fire Fang
|c|âpokemonisfun|i promoted it
|c|âpokemonisfun|!learn granbull, overheat
|raw|<div class="infobox">Granbull <span class="message-learn-canlearn">can<\/span> learn Overheat<\/ul><\/div>
|c| r0ady|granbull used to be normal, they learned everything
|
|switch|p2a: bubblsy bubbles|Swampert-Mega, F|160\/404
|move|p1a: Forretress|Rapid Spin|p2a: bubblsy bubbles
|-damage|p2a: bubblsy bubbles|146\/404
|-sideend|p1: CoolStoryBrobat|Stealth Rock|[from] move: Rapid Spin|[of] p1a: Forretress
|
|-heal|p1a: Forretress|354\/354|[from] item: Leftovers
|turn|5
|c| RowDog|that nasty base 60 spatk
|c| r0ady|well
|c| r0ady|forreys not exactly specially bulkky
|
|switch|p1a: Swampert|Swampert, M|401\/401
|move|p2a: bubblsy bubbles|Rest|p2a: bubblsy bubbles
|-status|p2a: bubblsy bubbles|slp
|-heal|p2a: bubblsy bubbles|404\/404 slp|[silent]
|-status|p2a: bubblsy bubbles|slp|[from] move: Rest
|
|turn|6
|join|IheartMagikarp
|
|cant|p2a: bubblsy bubbles|slp
|move|p2a: bubblsy bubbles|Sleep Talk|p2a: bubblsy bubbles
|move|p2a: bubblsy bubbles|Scald|p1a: Swampert|[from]Sleep Talk
|-damage|p1a: Swampert|310\/401
|-status|p1a: Swampert|brn
|move|p1a: Swampert|Stealth Rock|p2a: bubblsy bubbles
|-sidestart|p2: pokemonisfun|move: Stealth Rock
|
|-heal|p1a: Swampert|335\/401 brn|[from] item: Leftovers
|-damage|p1a: Swampert|285\/401 brn|[from] brn
|turn|7
|join|LarryBusJr
|c| RowDog|pro plays
|
|cant|p2a: bubblsy bubbles|slp
|move|p2a: bubblsy bubbles|Sleep Talk|p2a: bubblsy bubbles
|move|p2a: bubblsy bubbles|Scald|p1a: Swampert|[from]Sleep Talk
|-crit|p1a: Swampert
|-damage|p1a: Swampert|146\/401 brn
|move|p1a: Swampert|Roar|p2a: bubblsy bubbles
|drag|p2a: woofy woof woof|Granbull, F|384\/384
|-damage|p2a: woofy woof woof|336\/384|[from] Stealth Rock
|-ability|p2a: woofy woof woof|Intimidate|[of] p1a: Swampert
|-unboost|p1a: Swampert|atk|1
|
|-heal|p1a: Swampert|171\/401 brn|[from] item: Leftovers
|-heal|p2a: woofy woof woof|360\/384|[from] item: Leftovers
|-damage|p1a: Swampert|121\/401 brn|[from] brn
|turn|8
|c| RowDog|woof woof woof
|c|âCoolStoryBrobat|bark
|
|switch|p2a: bubblsy bubbles|Swampert-Mega, F|404\/404 slp
|-damage|p2a: bubblsy bubbles|379\/404 slp|[from] Stealth Rock
|move|p1a: Swampert|Scald|p2a: bubblsy bubbles
|-damage|p2a: bubblsy bubbles|298\/404 slp
|
|-heal|p1a: Swampert|146\/401 brn|[from] item: Leftovers
|-damage|p1a: Swampert|96\/401 brn|[from] brn
|turn|9
|join|Austin
|c|+Austin|this is bo7 right?
|
|-curestatus|p2a: bubblsy bubbles|slp
|move|p2a: bubblsy bubbles|Scald|p1a: Swampert
|-damage|p1a: Swampert|0 fnt
|faint|p1a: Swampert
|
|c|âCoolStoryBrobat|yup
|c| SmogonGayRarely|smh
|c| SmogonGayRarely|csb has no wallbreakers
|c|âCoolStoryBrobat|Don
|c|âpokemonisfun|best of 7 needs to win by two
|c|âCoolStoryBrobat|Don't shake your head at me boy
|c| RowDog|SD Mien
|c| SmogonGayRarely|CM Mien
|
|switch|p1a: Azelf|Azelf|291\/291
|turn|10
|c| SmogonGayRarely|Mixed Mien
|c| IheartMagikarp|Work Up Mien
|c| RowDog|NP Azelf
|c| r0ady|miens special attacksint that bad
|c| r0ady|actually
|c| r0ady|95
|c| SmogonGayRarely|252 HP \/ 252 Def Azelf
|c| IheartMagikarp|it's aight
|c| RowDog|Charge Beam\/HP grass Amph
|
|move|p1a: Azelf|Nasty Plot|p1a: Azelf
|-boost|p1a: Azelf|spa|2
|move|p2a: bubblsy bubbles|Scald|p1a: Azelf
|-damage|p1a: Azelf|171\/291
|-status|p1a: Azelf|brn
|
|-damage|p1a: Azelf|135\/291 brn|[from] brn
|turn|11
|c| r0ady|or that
|c| SmogonGayRarely|Rekt
|c|âpokemonisfun|no crit
|c|âpokemonisfun|hax
|c|âCoolStoryBrobat|I'mma need you to stop haxing my life up
|c| r0ady|there goes that lan
|c| SmogonGayRarely|Reveal Grass Knot
|
|switch|p2a: swimmy swim|Alomomola, F|471\/471
|-damage|p2a: swimmy swim|413\/471|[from] Stealth Rock
|move|p1a: Azelf|Psyshock|p2a: swimmy swim
|-damage|p2a: swimmy swim|131\/471
|-damage|p1a: Azelf|106\/291 brn|[from] item: Life Orb
|
|-heal|p2a: swimmy swim|160\/471|[from] item: Leftovers
|-damage|p1a: Azelf|70\/291 brn|[from] brn
|turn|12
|
|move|p2a: swimmy swim|Protect|p2a: swimmy swim
|-singleturn|p2a: swimmy swim|Protect
|move|p1a: Azelf|Psyshock|p2a: swimmy swim
|-activate|p2a: swimmy swim|Protect
|
|-heal|p2a: swimmy swim|189\/471|[from] item: Leftovers
|-damage|p1a: Azelf|34\/291 brn|[from] brn
|turn|13
|c| RowDog|rip
|c| r0ady|reveak
|c| r0ady|rest azekf
|
|move|p2a: swimmy swim|Protect|p2a: swimmy swim
|-singleturn|p2a: swimmy swim|Protect
|move|p1a: Azelf|Fire Blast|p2a: swimmy swim
|-activate|p2a: swimmy swim|Protect
|
|-heal|p2a: swimmy swim|218\/471|[from] item: Leftovers
|-damage|p1a: Azelf|0 fnt|[from] brn
|faint|p1a: Azelf
|c| r0ady|azelf*
|c|âCoolStoryBrobat|if it got Recover I'd honestly run--
|c|âCoolStoryBrobat|bruh
|join|OGWanka
|c| SmogonGayRarely|How many mons can Azelf actually set up on
|c| RowDog|hax
|
|switch|p1a: Ampharos|Ampharos-Mega, M|354\/354
|-ability|p1a: Ampharos|Mold Breaker
|turn|14
|c|âCoolStoryBrobat|Just made this team, too
|c|âCoolStoryBrobat|Guess I'll have to erase it
|c|âpokemonisfun|can soup be plural
|c| IheartMagikarp|soups
|c| IheartMagikarp|yea
|
|switch|p2a: Mega Chansey|Blissey, F|656\/656
|-damage|p2a: Mega Chansey|574\/656|[from] Stealth Rock
|move|p1a: Ampharos|Volt Switch|p2a: Mega Chansey
|-damage|p2a: Mega Chansey|480\/656
|leave|LarryBusJr
|c|âpokemonisfun|3 soups
|c|âpokemonisfun|3 cups of soup
|c|âpokemonisfun|i dont think it can be plural
|c| IheartMagikarp|3 soup doesn't sound good
|c| IheartMagikarp|tbh
|c| r0ady|3 soup
|c| RowDog|Lets be real here, Chansey is Mega Blissey
|c| r0ady|doesnt sound right
|
|switch|p1a: Mienshao|Mienshao, M|18\/271
|
|-heal|p2a: Mega Chansey|521\/656|[from] item: Leftovers
|turn|15
|c| r0ady|now the word soup
|c|âpokemonisfun|poison jab
|c| r0ady|looks funny to me
|c| IheartMagikarp|lmao
|c| r0ady|heavy slam mien imo
|
|switch|p2a: woofy woof woof|Granbull, F|360\/384
|-damage|p2a: woofy woof woof|312\/384|[from] Stealth Rock
|-ability|p2a: woofy woof woof|Intimidate|[of] p1a: Mienshao
|-unboost|p1a: Mienshao|atk|1
|move|p1a: Mienshao|Knock Off|p2a: woofy woof woof
|-resisted|p2a: woofy woof woof
|-damage|p2a: woofy woof woof|279\/384
|-enditem|p2a: woofy woof woof|Leftovers|[from] move: Knock Off|[of] p1a: Mienshao
|
|turn|16
|
|switch|p1a: Ampharos|Ampharos-Mega, M|354\/354
|-ability|p1a: Ampharos|Mold Breaker
|switch|p2a: batsy watzy|Crobat, F|373\/373
|-damage|p2a: batsy watzy|280\/373|[from] Stealth Rock
|
|-heal|p2a: batsy watzy|303\/373|[from] item: Black Sludge
|turn|17
|c| SweetDelight|Batzy Watzy
|
|switch|p2a: bubblsy bubbles|Swampert-Mega, F|298\/404
|-damage|p2a: bubblsy bubbles|273\/404|[from] Stealth Rock
|move|p1a: Ampharos|Dragon Pulse|p2a: bubblsy bubbles
|-damage|p2a: bubblsy bubbles|144\/404
|
|turn|18
|c| SweetDelight|I'm gonna cal you that from now on, Brobat
|c| r0ady|that ate that
|c| r0ady|jesus
|c|âCoolStoryBrobat|Please don't
|
|move|p2a: bubblsy bubbles|Earthquake|p1a: Ampharos
|-supereffective|p1a: Ampharos
|-damage|p1a: Ampharos|16\/354
|move|p1a: Ampharos|Dragon Pulse|p2a: bubblsy bubbles
|-damage|p2a: bubblsy bubbles|0 fnt
|faint|p2a: bubblsy bubbles
|
|c|âpokemonisfun|hey batsy ^_^
|c| r0ady|ah nice high roll
|c|âCoolStoryBrobat|That Swampert was a massive phuccboi
|c|âCoolStoryBrobat|And so is pif's crit ratio
|
|switch|p2a: onion fairy god|Celebi|342\/396
|-damage|p2a: onion fairy god|293\/396|[from] Stealth Rock
|turn|19
|c| r0ady|not 6-0d csb
|c| r0ady|:)
|
|move|p2a: onion fairy god|Giga Drain|p1a: Ampharos
|-resisted|p1a: Ampharos
|-damage|p1a: Ampharos|0 fnt
|-heal|p2a: onion fairy god|301\/396|[from] drain|[of] p1a: Ampharos
|faint|p1a: Ampharos
|
|-heal|p2a: onion fairy god|325\/396|[from] item: Leftovers
|
|switch|p1a: Mienshao|Mienshao, M|18\/271
|turn|20
|c| RowDog|CM Florges y\/n?
|c| r0ady|CM florges
|c| r0ady|is real af
|c|âCoolStoryBrobat|Well you might be uh
|c|âCoolStoryBrobat|Disappointed
|
|move|p1a: Mienshao|U-turn|p2a: onion fairy god
|-supereffective|p2a: onion fairy god
|-damage|p2a: onion fairy god|73\/396
|c|âCoolStoryBrobat|I know I am
|c| RowDog|weak
|
|switch|p1a: Forretress|Forretress, M|354\/354
|move|p2a: onion fairy god|Giga Drain|p1a: Forretress
|-resisted|p1a: Forretress
|-damage|p1a: Forretress|319\/354
|-heal|p2a: onion fairy god|91\/396|[from] drain|[of] p1a: Forretress
|
|-heal|p2a: onion fairy god|115\/396|[from] item: Leftovers
|-heal|p1a: Forretress|341\/354|[from] item: Leftovers
|turn|21
|leave|OGWanka
|
|move|p2a: onion fairy god|Recover|p2a: onion fairy god
|-heal|p2a: onion fairy god|313\/396
|move|p1a: Forretress|Gyro Ball|p2a: onion fairy god
|-damage|p2a: onion fairy god|247\/396
|
|-heal|p2a: onion fairy god|271\/396|[from] item: Leftovers
|-heal|p1a: Forretress|354\/354|[from] item: Leftovers
|turn|22
|
|move|p2a: onion fairy god|Stealth Rock|p1a: Forretress
|-sidestart|p1: CoolStoryBrobat|move: Stealth Rock
|move|p1a: Forretress|Spikes|p2a: onion fairy god
|-sidestart|p2: pokemonisfun|Spikes
|
|-heal|p2a: onion fairy god|295\/396|[from] item: Leftovers
|turn|23
|c| r0ady|struggle bug
|c| r0ady|go
|c|âCoolStoryBrobat|lol
|c| r0ady|i run that
|c|âCoolStoryBrobat|I forgot about that move
|c| r0ady|on pinco in lc
|join|watfor
|
|move|p2a: onion fairy god|Recover|p2a: onion fairy god
|-heal|p2a: onion fairy god|396\/396
|move|p1a: Forretress|Spikes|p2a: onion fairy god
|-sidestart|p2: pokemonisfun|Spikes
|
|turn|24
|c|âpokemonisfun|!dt struggle bug
|c|~|\/data-move Struggle Bug
|raw|<font size="1"><font color=#585858>Priority:<\/font> 0&nbsp;|&ThickSpace;<font color=#585858><font color=black>&#10003; Secondary effect<\/font><\/font>&nbsp;|&ThickSpace;<font color=#585858><font color=black>&#10003; Blocked by Protect<\/font><\/font>&nbsp;|&ThickSpace;<font color=#585858>Target:<\/font> All Adjacent Opponents<\/font>
|
|switch|p2a: batsy watzy|Crobat, F|303\/373
|-damage|p2a: batsy watzy|210\/373|[from] Stealth Rock
|move|p1a: Forretress|Volt Switch|p2a: batsy watzy
|-supereffective|p2a: batsy watzy
|-damage|p2a: batsy watzy|130\/373
|c|âCoolStoryBrobat|half of 12.5...6.25
|
|switch|p1a: Mienshao|Mienshao, M|18\/271
|-damage|p1a: Mienshao|2\/271|[from] Stealth Rock
|
|-heal|p2a: batsy watzy|153\/373|[from] item: Black Sludge
|turn|25
|c|âpokemonisfun|quick attack
|c|âCoolStoryBrobat|Quick Attack and I'll forf
|
|switch|p2a: woofy woof woof|Granbull, F|279\/384
|-damage|p2a: woofy woof woof|215\/384|[from] Spikes
|-damage|p2a: woofy woof woof|167\/384|[from] Stealth Rock
|-ability|p2a: woofy woof woof|Intimidate|[of] p1a: Mienshao
|-unboost|p1a: Mienshao|atk|1
|move|p1a: Mienshao|Stone Edge|p2a: woofy woof woof
|-damage|p2a: woofy woof woof|94\/384
|
|turn|26
|c| RowDog|crit
|c| r0ady|crit here
|
|switch|p1a: Florges|Florges, F|360\/360
|-damage|p1a: Florges|315\/360|[from] Stealth Rock
|move|p2a: woofy woof woof|Rest|p2a: woofy woof woof
|-status|p2a: woofy woof woof|slp
|-heal|p2a: woofy woof woof|384\/384 slp|[silent]
|-status|p2a: woofy woof woof|slp|[from] move: Rest
|
|-heal|p1a: Florges|337\/360|[from] item: Leftovers
|turn|27
|c| RowDog|bayleef in the crit
|c| RowDog|NOOOO
|c| r0ady|rest talk all the things imo
|
|switch|p2a: Mega Chansey|Blissey, F|521\/656
|-damage|p2a: Mega Chansey|412\/656|[from] Spikes
|-damage|p2a: Mega Chansey|330\/656|[from] Stealth Rock
|move|p1a: Florges|Calm Mind|p1a: Florges
|-boost|p1a: Florges|spa|1
|-boost|p1a: Florges|spd|1
|
|-heal|p1a: Florges|359\/360|[from] item: Leftovers
|-heal|p2a: Mega Chansey|371\/656|[from] item: Leftovers
|turn|28
|c| r0ady|YES
|c| RowDog|YES
|c| r0ady|<3
|c|âCoolStoryBrobat|*Starts playing Papa Roach music*
|c| RowDog|ooooh baby
|c| r0ady|you still lose to blissey tho
|c|âpokemonisfun|+6 252+ SpA Florges Moonblast vs. 0 HP \/ 252 SpD Blissey: 393-463 (60.3 - 71.1%) -- guaranteed 2HKO after Stealth Rock
|c| SweetDelight|I havent heard a Papa Roach song in ages
|
|move|p1a: Florges|Calm Mind|p1a: Florges
|-boost|p1a: Florges|spa|1
|-boost|p1a: Florges|spd|1
|move|p2a: Mega Chansey|Toxic|p1a: Florges
|-status|p1a: Florges|tox
|
|-heal|p1a: Florges|360\/360 tox|[from] item: Leftovers
|-heal|p2a: Mega Chansey|412\/656|[from] item: Leftovers
|-damage|p1a: Florges|338\/360 tox|[from] psn
|turn|29
|c| RowDog|we can 2HKO it
|c| r0ady|reveal
|c| r0ady|aroma
|join|dodmen
|c|âpokemonisfun|+6 0 SpA Florges Moonblast vs. 0 HP \/ 252 SpD Blissey: 288-339 (44.2 - 52%) -- guaranteed 2HKO after Stealth Rock
|
|move|p1a: Florges|Calm Mind|p1a: Florges
|-boost|p1a: Florges|spa|1
|-boost|p1a: Florges|spd|1
|move|p2a: Mega Chansey|Seismic Toss|p1a: Florges
|-damage|p1a: Florges|238\/360 tox
|
|-heal|p1a: Florges|260\/360 tox|[from] item: Leftovers
|-heal|p2a: Mega Chansey|453\/656|[from] item: Leftovers
|-damage|p1a: Florges|216\/360 tox|[from] psn
|turn|30
|c|âpokemonisfun|!dt toxic
|c|~|\/data-move Toxic
|raw|<font size="1"><font color=#585858>Priority:<\/font> 0&nbsp;|&ThickSpace;<font color=#585858><font color=black>&#10003; Blocked by Protect<\/font><\/font>&nbsp;|&ThickSpace;<font color=#585858><font color=black>&#10003; Bounceable<\/font><\/font>&nbsp;|&ThickSpace;<font color=#585858>Target:<\/font> One Adjacent Pokemon<\/font>
|c|âpokemonisfun|!dt aromatherapy
|c|~|\/data-move Aromatherapy
|raw|<font size="1"><font color=#585858>Priority:<\/font> 0&nbsp;|&ThickSpace;<font color=#585858>Target:<\/font> User's Side<\/font>
|c| r0ady|aroma sythy calm mind moonblast?
|
|move|p1a: Florges|Aromatherapy|p1a: Florges
|-cureteam|p1a: Florges|[from] move: Aromatherapy
|move|p2a: Mega Chansey|Seismic Toss|p1a: Florges
|-damage|p1a: Florges|116\/360
|
|-heal|p1a: Florges|138\/360|[from] item: Leftovers
|-heal|p2a: Mega Chansey|494\/656|[from] item: Leftovers
|turn|31
|c|+Austin|probably
|
|move|p1a: Florges|Calm Mind|p1a: Florges
|-boost|p1a: Florges|spa|1
|-boost|p1a: Florges|spd|1
|move|p2a: Mega Chansey|Toxic|p1a: Florges
|-status|p1a: Florges|tox
|
|-heal|p1a: Florges|160\/360 tox|[from] item: Leftovers
|-heal|p2a: Mega Chansey|535\/656|[from] item: Leftovers
|-damage|p1a: Florges|138\/360 tox|[from] psn
|turn|32
|c| Lucipurrr|That's the hype set
|c| r0ady|crit siesmic toss
|c| r0ady|go
|c| Lucipurrr|Csb
|c|âpokemonisfun|!dt lucky punch
|c|~|\/data-item Lucky Punch
|raw|<font size="1"><font color=#585858>Fling Base Power:<\/font> 40<\/font>
|c|âpokemonisfun|shit
|
|move|p1a: Florges|Aromatherapy|p1a: Florges
|-cureteam|p1a: Florges|[from] move: Aromatherapy
|move|p2a: Mega Chansey|Seismic Toss|p1a: Florges
|-damage|p1a: Florges|38\/360
|
|-heal|p1a: Florges|60\/360|[from] item: Leftovers
|-heal|p2a: Mega Chansey|576\/656|[from] item: Leftovers
|turn|33
|c|âCoolStoryBrobat|BUT YOU CAN'T CRIT A STOSS
|
|move|p1a: Florges|Synthesis|p1a: Florges
|-heal|p1a: Florges|240\/360
|move|p2a: Mega Chansey|Toxic|p1a: Florges
|-status|p1a: Florges|tox
|
|-heal|p1a: Florges|262\/360 tox|[from] item: Leftovers
|-heal|p2a: Mega Chansey|617\/656|[from] item: Leftovers
|-damage|p1a: Florges|240\/360 tox|[from] psn
|turn|34
|c|âCoolStoryBrobat|*late*
|c| SweetDelight|lol
|
|move|p1a: Florges|Calm Mind|p1a: Florges
|-boost|p1a: Florges|spa|1
|-boost|p1a: Florges|spd|1
|move|p2a: Mega Chansey|Seismic Toss|p1a: Florges
|-damage|p1a: Florges|140\/360 tox
|
|-heal|p1a: Florges|162\/360 tox|[from] item: Leftovers
|-heal|p2a: Mega Chansey|656\/656|[from] item: Leftovers
|-damage|p1a: Florges|118\/360 tox|[from] psn
|turn|35
|c| SmogonGayRarely|My god.
|c| SweetDelight|The non-moving sprites look so creepy
|c| SmogonGayRarely|Is this still going.
|
|move|p1a: Florges|Aromatherapy|p1a: Florges
|-cureteam|p1a: Florges|[from] move: Aromatherapy
|move|p2a: Mega Chansey|Seismic Toss|p1a: Florges
|-damage|p1a: Florges|18\/360
|
|-heal|p1a: Florges|40\/360|[from] item: Leftovers
|turn|36
|c|âCoolStoryBrobat|Well it's only 35 turns
|c|âCoolStoryBrobat|Geez
|c|âCoolStoryBrobat|You act like it was 70
|
|move|p1a: Florges|Synthesis|p1a: Florges
|-heal|p1a: Florges|220\/360
|move|p2a: Mega Chansey|Toxic|p1a: Florges
|-status|p1a: Florges|tox
|
|-heal|p1a: Florges|242\/360 tox|[from] item: Leftovers
|-damage|p1a: Florges|220\/360 tox|[from] psn
|turn|37
|c|+dodmen|miss toxic when
|c| RowDog|Miss toxic goddammit pif hax
|c| SweetDelight|Only 34 turns left
|leave|watfor
|c| r0ady|pif hasnt missed a toxic yet
|c| r0ady|hax
|c| SweetDelight|33
|join|watfor
|
|move|p1a: Florges|Aromatherapy|p1a: Florges
|-cureteam|p1a: Florges|[from] move: Aromatherapy
|move|p2a: Mega Chansey|Seismic Toss|p1a: Florges
|-damage|p1a: Florges|120\/360
|
|-heal|p1a: Florges|142\/360|[from] item: Leftovers
|turn|38
|c|âpokemonisfun|!dt shut up
No Pokemon, item, move, ability or nature named 'shut up' was found. Showing the data of 'Spit Up' instead.
|c|~|\/data-move Spit Up
|raw|<font size="1"><font color=#585858>Priority:<\/font> 0&nbsp;|&ThickSpace;<font color=#585858><font color=black>&#10003; Blocked by Protect<\/font><\/font>&nbsp;|&ThickSpace;<font color=#585858>Target:<\/font> One Adjacent Pokemon<\/font>
|c|+dodmen|xD
|c|âCoolStoryBrobat|It's most likely gonna hit 45 before something big happens
|
|move|p1a: Florges|Calm Mind|p1a: Florges
|-boost|p1a: Florges|spa|1
|-boost|p1a: Florges|spd|1
|move|p2a: Mega Chansey|Toxic|p1a: Florges
|-status|p1a: Florges|tox
|
|-heal|p1a: Florges|164\/360 tox|[from] item: Leftovers
|-damage|p1a: Florges|142\/360 tox|[from] psn
|turn|39
|c| SweetDelight|Why are ya'll doing 7 games anyway?
|
|move|p1a: Florges|Synthesis|p1a: Florges
|-heal|p1a: Florges|322\/360 tox
|move|p2a: Mega Chansey|Seismic Toss|p1a: Florges
|-damage|p1a: Florges|222\/360 tox
|
|-heal|p1a: Florges|244\/360 tox|[from] item: Leftovers
|-damage|p1a: Florges|200\/360 tox|[from] psn
|turn|40
|c|âCoolStoryBrobat|Because we're real
|c| SweetDelight|Riiight
|
|move|p1a: Florges|Aromatherapy|p1a: Florges
|-cureteam|p1a: Florges|[from] move: Aromatherapy
|move|p2a: Mega Chansey|Seismic Toss|p1a: Florges
|-damage|p1a: Florges|100\/360
|
|-heal|p1a: Florges|122\/360|[from] item: Leftovers
|turn|41
|c| r0ady|this florges is really fucking powerful rn
|c|+dodmen|miss toxic
|join|gobosox
|c| RowDog|2HKO this biatch
|join|xShiba
|c|âCoolStoryBrobat|blat blat
|
|move|p1a: Florges|Moonblast|p2a: Mega Chansey
|-damage|p2a: Mega Chansey|355\/656
|-unboost|p2a: Mega Chansey|spa|1
|move|p2a: Mega Chansey|Toxic|p1a: Florges
|-status|p1a: Florges|tox
|
|-heal|p1a: Florges|144\/360 tox|[from] item: Leftovers
|-heal|p2a: Mega Chansey|396\/656|[from] item: Leftovers
|-damage|p1a: Florges|122\/360 tox|[from] psn
|turn|42
|c| RowDog|and get the SpAtk drop
|join|BattleXV
|c| RowDog|woot
|leave|BattleXV
|c| watfor|not even
|c| watfor|2hko
|c| watfor|lol
|
|move|p1a: Florges|Aromatherapy|p1a: Florges
|-cureteam|p1a: Florges|[from] move: Aromatherapy
|move|p2a: Mega Chansey|Soft-Boiled|p2a: Mega Chansey
|-heal|p2a: Mega Chansey|656\/656
|
|-heal|p1a: Florges|144\/360|[from] item: Leftovers
|turn|43
|c|+dodmen|+6 0 SpA Florges Moonblast vs. 0 HP \/ 252 SpD Blissey: 288-339 (44.2 - 52%) -- guaranteed 3HKO after Leftovers recovery
|c| r0ady|its a roll
|c| RowDog|watfor
|c| SweetDelight|I was thinking "A flower against an Egg Carrier" then immediately went  to Sonic
|c|âCoolStoryBrobat|That must be max HP\/SpD Blissey
|c|+dodmen|it's not
|c|+dodmen|a roll
|c| RowDog|w\/ crit
|c|+dodmen|crit
|c|+dodmen|miss toxic
|c|âCoolStoryBrobat|or max SPD
|c|+dodmen|please
|
|move|p1a: Florges|Moonblast|p2a: Mega Chansey
|-damage|p2a: Mega Chansey|364\/656
|-unboost|p2a: Mega Chansey|spa|1
|move|p2a: Mega Chansey|Toxic|p1a: Florges
|-status|p1a: Florges|tox
|
|-heal|p1a: Florges|166\/360 tox|[from] item: Leftovers
|-heal|p2a: Mega Chansey|405\/656|[from] item: Leftovers
|-damage|p1a: Florges|144\/360 tox|[from] psn
|turn|44
|c|âpokemonisfun|av blissey
|c|âpokemonisfun|spa drops
|c|âpokemonisfun|is hax
|
|move|p1a: Florges|Synthesis|p1a: Florges
|-heal|p1a: Florges|324\/360 tox
|move|p2a: Mega Chansey|Soft-Boiled|p2a: Mega Chansey
|-heal|p2a: Mega Chansey|656\/656
|
|-heal|p1a: Florges|346\/360 tox|[from] item: Leftovers
|-damage|p1a: Florges|302\/360 tox|[from] psn
|turn|45
|c| r0ady|run max special attack next time
|join|NCAA
|c| SweetDelight|Is something big gonna happen on turn 45
|c| RowDog|nope
|
|move|p1a: Florges|Aromatherapy|p1a: Florges
|-cureteam|p1a: Florges|[from] move: Aromatherapy
|move|p2a: Mega Chansey|Seismic Toss|p1a: Florges
|-damage|p1a: Florges|202\/360
|
|-heal|p1a: Florges|224\/360|[from] item: Leftovers
|turn|46
|c|+Austin|no
|c|âCoolStoryBrobat|I don't exactly build Florges with the intent of getting into a stall war of setting ujp on Blissey
|c|+dodmen|crit
|join|The â¥ Goomy
|c|+dodmen|crit
|c|+dodmen|crit
|c|+dodmen|crit
|c|+dodmen|crit
|c|+dodmen|crit
|
|move|p1a: Florges|Moonblast|p2a: Mega Chansey
|-damage|p2a: Mega Chansey|380\/656
|-unboost|p2a: Mega Chansey|spa|1
|move|p2a: Mega Chansey|Toxic|p1a: Florges
|-status|p1a: Florges|tox
|
|-heal|p1a: Florges|246\/360 tox|[from] item: Leftovers
|-heal|p2a: Mega Chansey|421\/656|[from] item: Leftovers
|-damage|p1a: Florges|224\/360 tox|[from] psn
|turn|47
|c|âCoolStoryBrobat|miss Toxic
|join|Breeloom
|c|âCoolStoryBrobat|crit
|c| RowDog|report pif for hax
|
|move|p1a: Florges|Moonblast|p2a: Mega Chansey
|-damage|p2a: Mega Chansey|135\/656
|-unboost|p2a: Mega Chansey|spa|1
|move|p2a: Mega Chansey|Soft-Boiled|p2a: Mega Chansey
|-heal|p2a: Mega Chansey|463\/656
|
|-heal|p1a: Florges|246\/360 tox|[from] item: Leftovers
|-heal|p2a: Mega Chansey|504\/656|[from] item: Leftovers
|-damage|p1a: Florges|202\/360 tox|[from] psn
|turn|48
|c|âCoolStoryBrobat|Blah this team's going in the trash
|c|+dodmen|:(
|c|+Austin|:[
|c| SweetDelight|You're holding your own
|c|+dodmen|the burn on azelf
|
|move|p1a: Florges|Aromatherapy|p1a: Florges
|-cureteam|p1a: Florges|[from] move: Aromatherapy
|move|p2a: Mega Chansey|Soft-Boiled|p2a: Mega Chansey
|-heal|p2a: Mega Chansey|656\/656
|
|-heal|p1a: Florges|224\/360|[from] item: Leftovers
|turn|49
|c|âCoolStoryBrobat|Nah I'm about to fall down
|c|+dodmen|imo
|leave|Breeloom
|c|âCoolStoryBrobat|That Azelf burn + double protect hit me
|c|+dodmen|crit + miss toxic
|
|move|p1a: Florges|Moonblast|p2a: Mega Chansey
|-damage|p2a: Mega Chansey|380\/656
|move|p2a: Mega Chansey|Toxic|p1a: Florges
|-status|p1a: Florges|tox
|
|-heal|p1a: Florges|246\/360 tox|[from] item: Leftovers
|-heal|p2a: Mega Chansey|421\/656|[from] item: Leftovers
|-damage|p1a: Florges|224\/360 tox|[from] psn
|turn|50
|join|innovamania
|c|âCoolStoryBrobat|crit
|
|move|p1a: Florges|Moonblast|p2a: Mega Chansey
|-damage|p2a: Mega Chansey|117\/656
|move|p2a: Mega Chansey|Soft-Boiled|p2a: Mega Chansey
|-heal|p2a: Mega Chansey|445\/656
|
|-heal|p1a: Florges|246\/360 tox|[from] item: Leftovers
|-heal|p2a: Mega Chansey|486\/656|[from] item: Leftovers
|-damage|p1a: Florges|202\/360 tox|[from] psn
|turn|51
|c|âCoolStoryBrobat|Crit man god
|c|+dodmen|mfw
|
|move|p1a: Florges|Moonblast|p2a: Mega Chansey
|-damage|p2a: Mega Chansey|197\/656
|-unboost|p2a: Mega Chansey|spa|1
|move|p2a: Mega Chansey|Soft-Boiled|p2a: Mega Chansey
|-heal|p2a: Mega Chansey|525\/656
|
|-heal|p1a: Florges|224\/360 tox|[from] item: Leftovers
|-heal|p2a: Mega Chansey|566\/656|[from] item: Leftovers
|-damage|p1a: Florges|158\/360 tox|[from] psn
|turn|52
|c|+dodmen|they're still going
|c|+dodmen|in that room
|join|tomi â¥ bello
|c| r0ady|why are nu players with a heart in there name joining
|c| r0ady|go away
|
|move|p1a: Florges|Moonblast|p2a: Mega Chansey
|-damage|p2a: Mega Chansey|262\/656
|move|p2a: Mega Chansey|Heal Bell|p2a: Mega Chansey
|-cureteam|p2a: Mega Chansey|[from] move: HealBell
|
|-heal|p1a: Florges|180\/360 tox|[from] item: Leftovers
|-heal|p2a: Mega Chansey|303\/656|[from] item: Leftovers
|-damage|p1a: Florges|92\/360 tox|[from] psn
|turn|53
|c| SweetDelight|Lol
|
|move|p1a: Florges|Moonblast|p2a: Mega Chansey
|-damage|p2a: Mega Chansey|0 fnt
|faint|p2a: Mega Chansey
|
|-heal|p1a: Florges|114\/360 tox|[from] item: Leftovers
|-damage|p1a: Florges|4\/360 tox|[from] psn
|c| SweetDelight|Are hearts the new xXx?
|c|+dodmen|HEALING WISH
|c|âCoolStoryBrobat|I can't really come back
|c|+dodmen|FORRETRESS
|c| tomi â¥ bello|dont hate â¥
|join|LiberalLucario
|
|switch|p2a: batsy watzy|Crobat, F|153\/373
|-damage|p2a: batsy watzy|60\/373|[from] Stealth Rock
|turn|54
|c| r0ady|QUICK CLAW
|c| SweetDelight|xXxr0adyxXx
|c| r0ady|QUICK CLAW
|c| r0ady|QUICK CLAW
|
|move|p2a: batsy watzy|Brave Bird|p1a: Florges
|-damage|p1a: Florges|0 fnt
|-damage|p2a: batsy watzy|59\/373|[from] recoil|[of] p1a: Florges
|faint|p1a: Florges
|
|-heal|p2a: batsy watzy|82\/373|[from] item: Black Sludge
|c| LiberalLucario|rip
|c| r0ady|not real enough
|
|switch|p1a: Forretress|Forretress, M|354\/354
|-damage|p1a: Forretress|310\/354|[from] Stealth Rock
|turn|55
|c| RowDog|Heat Wave
|c| r0ady|quick claw calm mind
|c| LiberalLucario|its ok just win with curse forretress
|c| RowDog|here
|c| r0ady|is o nly set
|
|move|p2a: batsy watzy|Roost|p2a: batsy watzy
|-heal|p2a: batsy watzy|269\/373
|move|p1a: Forretress|Gyro Ball|p2a: batsy watzy
|-damage|p2a: batsy watzy|115\/373
|
|-heal|p2a: batsy watzy|138\/373|[from] item: Black Sludge
|-heal|p1a: Forretress|332\/354|[from] item: Leftovers
|turn|56
|c| SweetDelight|xXxCoolâ¥Storyâ¥BrobatxXx
|
|move|p2a: batsy watzy|Roost|p2a: batsy watzy
|-heal|p2a: batsy watzy|325\/373
|move|p1a: Forretress|Gyro Ball|p2a: batsy watzy
|-crit|p2a: batsy watzy
|-damage|p2a: batsy watzy|78\/373
|
|-heal|p2a: batsy watzy|101\/373|[from] item: Black Sludge
|-heal|p1a: Forretress|354\/354|[from] item: Leftovers
|turn|57
|c| LiberalLucario|why the hearts
|c| RowDog|needs to spin so he can get mien in
|c|âCoolStoryBrobat|Unleash the critical
|c| LiberalLucario|lol
|c|âCoolStoryBrobat|Dang I did
|
|move|p2a: batsy watzy|Roost|p2a: batsy watzy
|-heal|p2a: batsy watzy|288\/373
|move|p1a: Forretress|Rapid Spin|p2a: batsy watzy
|-damage|p2a: batsy watzy|269\/373
|-sideend|p1: CoolStoryBrobat|Stealth Rock|[from] move: Rapid Spin|[of] p1a: Forretress
|
|-heal|p2a: batsy watzy|292\/373|[from] item: Black Sludge
|turn|58
|c| SweetDelight|Cause
|
|move|p2a: batsy watzy|Defog|p1a: Forretress
|-unboost|p1a: Forretress|evasion|1
|-sideend|p2: pokemonisfun|Spikes|[from] move: Defog|[of] p2a: batsy watzy
|-sideend|p2: pokemonisfun|Stealth Rock|[from] move: Defog|[of] p2a: batsy watzy
|move|p1a: Forretress|Volt Switch|p2a: batsy watzy
|-supereffective|p2a: batsy watzy
|-damage|p2a: batsy watzy|198\/373
|join|unity chuggarules
|leave|unity chuggarules
|
|switch|p1a: Mienshao|Mienshao, M|2\/271
|
|-heal|p2a: batsy watzy|221\/373|[from] item: Black Sludge
|turn|59
|c| LiberalLucario|lol sunfish just wins anyway
|
|switch|p2a: woofy woof woof|Granbull, F|384\/384
|-ability|p2a: woofy woof woof|Intimidate|[of] p1a: Mienshao
|-unboost|p1a: Mienshao|atk|1
|move|p1a: Mienshao|Stone Edge|p2a: woofy woof woof
|-damage|p2a: woofy woof woof|322\/384
|
|turn|60
|c|âCoolStoryBrobat|gg
|c|âpokemonisfun|GG
|c|âpokemonisfun|2-2
|c| RowDog|how is he going to break Rest Forry though?
|
|switch|p1a: Forretress|Forretress, M|354\/354
|move|p2a: woofy woof woof|Play Rough|p1a: Forretress
|-resisted|p1a: Forretress
|-damage|p1a: Forretress|319\/354
|
|-heal|p1a: Forretress|341\/354|[from] item: Leftovers
|turn|61
|c| SweetDelight|This is going to take all night
|c|âCoolStoryBrobat|He has Fire Blast...
|
|move|p2a: woofy woof woof|Overheat|p1a: Forretress
|-supereffective|p1a: Forretress
|-damage|p1a: Forretress|0 fnt
|-unboost|p2a: woofy woof woof|spa|2
|faint|p1a: Forretress
|
|c| SweetDelight|Make the next game the tiebreaker
|c|âCoolStoryBrobat|or Overheat
|
|switch|p1a: Mienshao|Mienshao, M|2\/271
|turn|62
|c| NCAA|this thing gets overheat?
|leave|xShiba
|leave|r0ady
|
|move|p1a: Mienshao|High Jump Kick|p2a: woofy woof woof|[miss]
|-miss|p1a: Mienshao|p2a: woofy woof woof
|-damage|p1a: Mienshao|0 fnt|[from] highjumpkick
|faint|p1a: Mienshao
|
|win|pokemonisfun
|c| RowDog|didnât believe enough in the miss
|c| RowDog|lol
|c|âCoolStoryBrobat|It's cool
|leave|watfor
|c|âCoolStoryBrobat|At least pif didn't beat me
|c|âCoolStoryBrobat|Mienshao's accuracy beat me
|leave|pokemonisfun
|leave|RowDog
|c| SweetDelight|Tiebreaker, last game
|leave|innovamania
|player|p2
|leave|dodmen
|leave|IheartMagikarp
|leave|SweetDelight
|join|SweetDelight
|leave|SweetDelight
|leave|tomi â¥ bello
|leave|Alldaalts
|join|dodmen
|leave|LiberalLucario
|join|LiberalLucario
|leave|LiberalLucario
|join|watfor
|leave|NCAA
|join|SweetDelight