|join|CoolStoryBrobat
|join|pokemonisfun
|player|p1|CoolStoryBrobat|#coolstorybrobat
|player|p2|pokemonisfun|184
|gametype|singles
|gen|6
|tier|UU
|rule|Sleep Clause Mod: Limit one foe put to sleep
|rule|Species Clause: Limit one of each PokÃ©mon
|rule|OHKO Clause: OHKO moves are banned
|rule|Moody Clause: Moody is banned
|rule|Evasion Moves Clause: Evasion moves are banned
|rule|Endless Battle Clause: Forcing endless battles is banned
|rule|HP Percentage Mod: HP is shown in percentages
|clearpoke
|poke|p1|Infernape, F
|poke|p1|Aerodactyl, M
|poke|p1|Chesnaught, M
|poke|p1|Vaporeon, F
|poke|p1|Forretress, M
|poke|p1|Hydreigon, F
|poke|p2|Blissey, F
|poke|p2|Swampert, F
|poke|p2|Granbull, M
|poke|p2|Alomomola, F
|poke|p2|Crobat, F
|poke|p2|Celebi
|rule|Swagger Clause: Swagger is banned
|rule|Baton Pass Clause: Limit one PokÃ©mon knowing Baton Pass
|teampreview
|c|âCoolStoryBrobat|The OG matchup
|c|âCoolStoryBrobat|The "Will I go back to the Mountains for a week again"
|join|SweetDelight
|join|Yellow Skarmory
|join|dodmen
|c|+dodmen|noooo
|
|start
|switch|p1a: TF2|Forretress, M|354\/354
|switch|p2a: bubblsy bubbles|Swampert, F|404\/404
|turn|1
|c| Yellow Skarmory|*music intensifies*
|c|âpokemonisfun|shut up dodmen
|c|+dodmen|ok
|c|âCoolStoryBrobat|It's like Kevin Gates says
|c|âCoolStoryBrobat|I Don't Get Tired #IDGT
|raw|<div class="broadcast-red"><b>Moderated chat was set to +!<\/b><br \/>Only users of rank + and higher can talk.<\/div>
|c|âpokemonisfun|haha
|c|âpokemonisfun|now u cant talk
|c|âpokemonisfun|:]
|
|detailschange|p2a: bubblsy bubbles|Swampert-Mega, F
|-mega|p2a: bubblsy bubbles|Swampert|Swampertite
|move|p2a: bubblsy bubbles|Scald|p1a: TF2
|-damage|p1a: TF2|225\/354
|move|p1a: TF2|Stealth Rock|p2a: bubblsy bubbles
|-sidestart|p2: pokemonisfun|move: Stealth Rock
|
|-heal|p1a: TF2|247\/354|[from] item: Leftovers
|turn|2
|
|switch|p1a: Vapid|Vaporeon, F|452\/452
|move|p2a: bubblsy bubbles|Scald|p1a: Vapid
|-immune|p1a: Vapid|[msg]
|
|turn|3
|
|move|p1a: Vapid|Baton Pass|p1a: Vapid
|join|Snowballin
|
|switch|p1a: 50 Cent|Chesnaught, M|380\/380
|move|p2a: bubblsy bubbles|Earthquake|p1a: 50 Cent
|-resisted|p1a: 50 Cent
|-damage|p1a: 50 Cent|304\/380
|
|-heal|p1a: 50 Cent|327\/380|[from] item: Leftovers
|turn|4
|
|move|p2a: bubblsy bubbles|Scald|p1a: 50 Cent
|-resisted|p1a: 50 Cent
|-damage|p1a: 50 Cent|287\/380
|move|p1a: 50 Cent|Roar|p2a: bubblsy bubbles
|drag|p2a: swimmy swim|Alomomola, F|471\/471
|-damage|p2a: swimmy swim|413\/471|[from] Stealth Rock
|
|-heal|p2a: swimmy swim|442\/471|[from] item: Leftovers
|-heal|p1a: 50 Cent|310\/380|[from] item: Leftovers
|turn|5
|
|move|p2a: swimmy swim|Toxic|p1a: 50 Cent
|-status|p1a: 50 Cent|tox
|move|p1a: 50 Cent|Wood Hammer|p2a: swimmy swim
|-supereffective|p2a: swimmy swim
|-damage|p2a: swimmy swim|196\/471
|-damage|p1a: 50 Cent|229\/380 tox|[from] recoil|[of] p2a: swimmy swim
|
|-heal|p2a: swimmy swim|225\/471|[from] item: Leftovers
|-heal|p1a: 50 Cent|252\/380 tox|[from] item: Leftovers
|-damage|p1a: 50 Cent|229\/380 tox|[from] psn
|turn|6
|c|âCoolStoryBrobat|Why does that outpace me .-.
|
|switch|p2a: onion fairy god|Celebi|396\/396
|-damage|p2a: onion fairy god|347\/396|[from] Stealth Rock
|move|p1a: 50 Cent|Roar|p2a: onion fairy god
|drag|p2a: Mega Chansey|Blissey, F|656\/656
|-damage|p2a: Mega Chansey|574\/656|[from] Stealth Rock
|
|-heal|p1a: 50 Cent|252\/380 tox|[from] item: Leftovers
|-heal|p2a: Mega Chansey|615\/656|[from] item: Leftovers
|-damage|p1a: 50 Cent|206\/380 tox|[from] psn
|turn|7
|
|switch|p2a: batsy watzy|Crobat, F|373\/373
|-damage|p2a: batsy watzy|280\/373|[from] Stealth Rock
|move|p1a: 50 Cent|Spikes|p2a: batsy watzy
|-sidestart|p2: pokemonisfun|Spikes
|
|-heal|p2a: batsy watzy|303\/373|[from] item: Black Sludge
|-heal|p1a: 50 Cent|229\/380 tox|[from] item: Leftovers
|-damage|p1a: 50 Cent|160\/380 tox|[from] psn
|turn|8
|
|switch|p1a: Aerosmactyl|Aerodactyl, M|311\/311
|-ability|p1a: Aerosmactyl|Pressure
|move|p2a: batsy watzy|Defog|p1a: Aerosmactyl
|-unboost|p1a: Aerosmactyl|evasion|1
|-sideend|p2: pokemonisfun|Spikes|[from] move: Defog|[of] p2a: batsy watzy
|-sideend|p2: pokemonisfun|Stealth Rock|[from] move: Defog|[of] p2a: batsy watzy
|
|-heal|p2a: batsy watzy|326\/373|[from] item: Black Sludge
|turn|9
|
|detailschange|p1a: Aerosmactyl|Aerodactyl-Mega, M
|-mega|p1a: Aerosmactyl|Aerodactyl|Aerodactylite
|move|p1a: Aerosmactyl|Pursuit|p2a: batsy watzy|[from]Pursuit
|-damage|p2a: batsy watzy|162\/373
|switch|p2a: bubblsy bubbles|Swampert-Mega, F|404\/404
|
|turn|10
|
|switch|p1a: 50 Cent|Chesnaught, M|160\/380 tox
|move|p2a: bubblsy bubbles|Earthquake|p1a: 50 Cent
|-resisted|p1a: 50 Cent
|-damage|p1a: 50 Cent|88\/380 tox
|
|-heal|p1a: 50 Cent|111\/380 tox|[from] item: Leftovers
|-damage|p1a: 50 Cent|88\/380 tox|[from] psn
|turn|11
|
|switch|p2a: batsy watzy|Crobat, F|162\/373
|move|p1a: 50 Cent|Synthesis|p1a: 50 Cent
|-heal|p1a: 50 Cent|278\/380 tox
|
|-heal|p2a: batsy watzy|185\/373|[from] item: Black Sludge
|-heal|p1a: 50 Cent|301\/380 tox|[from] item: Leftovers
|-damage|p1a: 50 Cent|255\/380 tox|[from] psn
|turn|12
|
|switch|p1a: Aerosmactyl|Aerodactyl-Mega, M|311\/311
|move|p2a: batsy watzy|Roost|p2a: batsy watzy
|-heal|p2a: batsy watzy|372\/373
|
|-heal|p2a: batsy watzy|373\/373|[from] item: Black Sludge
|turn|13
|
|switch|p2a: swimmy swim|Alomomola, F|382\/471
|move|p1a: Aerosmactyl|Stone Edge|p2a: swimmy swim|[miss]
|-miss|p1a: Aerosmactyl|p2a: swimmy swim
|
|-heal|p2a: swimmy swim|411\/471|[from] item: Leftovers
|turn|14
|
|switch|p1a: 50 Cent|Chesnaught, M|255\/380 tox
|move|p2a: swimmy swim|Scald|p1a: 50 Cent
|-resisted|p1a: 50 Cent
|-damage|p1a: 50 Cent|234\/380 tox
|
|-heal|p2a: swimmy swim|440\/471|[from] item: Leftovers
|-heal|p1a: 50 Cent|257\/380 tox|[from] item: Leftovers
|-damage|p1a: 50 Cent|234\/380 tox|[from] psn
|turn|15
|join|blue blitzfiend
|
|switch|p2a: batsy watzy|Crobat, F|373\/373
|move|p1a: 50 Cent|Spikes|p2a: batsy watzy
|-sidestart|p2: pokemonisfun|Spikes
|
|-heal|p1a: 50 Cent|257\/380 tox|[from] item: Leftovers
|-damage|p1a: 50 Cent|211\/380 tox|[from] psn
|turn|16
|
|switch|p1a: Aerosmactyl|Aerodactyl-Mega, M|311\/311
|move|p2a: batsy watzy|Defog|p1a: Aerosmactyl
|-unboost|p1a: Aerosmactyl|evasion|1
|-sideend|p2: pokemonisfun|Spikes|[from] move: Defog|[of] p2a: batsy watzy
|
|turn|17
|
|move|p1a: Aerosmactyl|Pursuit|p2a: batsy watzy|[from]Pursuit
|-damage|p2a: batsy watzy|211\/373
|switch|p2a: bubblsy bubbles|Swampert-Mega, F|404\/404
|
|turn|18
|
|switch|p1a: Vapid|Vaporeon, F|452\/452
|move|p2a: bubblsy bubbles|Scald|p1a: Vapid
|-immune|p1a: Vapid|[msg]
|
|turn|19
|
|switch|p2a: onion fairy god|Celebi|347\/396
|move|p1a: Vapid|Wish|p1a: Vapid
|
|-heal|p2a: onion fairy god|371\/396|[from] item: Leftovers
|turn|20
|join|Lucipurrr
|
|switch|p1a: TF2|Forretress, M|247\/354
|move|p2a: onion fairy god|Stealth Rock|p1a: TF2
|-sidestart|p1: CoolStoryBrobat|move: Stealth Rock
|
|-heal|p1a: TF2|354\/354|[from] move: Wish|[wisher] Vapid
|-heal|p2a: onion fairy god|395\/396|[from] item: Leftovers
|turn|21
|
|switch|p2a: bubblsy bubbles|Swampert-Mega, F|404\/404
|move|p1a: TF2|Stealth Rock|p2a: bubblsy bubbles
|-sidestart|p2: pokemonisfun|move: Stealth Rock
|
|turn|22
|
|move|p2a: bubblsy bubbles|Scald|p1a: TF2
|-damage|p1a: TF2|215\/354
|move|p1a: TF2|Rapid Spin|p2a: bubblsy bubbles
|-damage|p2a: bubblsy bubbles|391\/404
|-sideend|p1: CoolStoryBrobat|Stealth Rock|[from] move: Rapid Spin|[of] p1a: TF2
|
|-heal|p1a: TF2|237\/354|[from] item: Leftovers
|turn|23
|leave|dodmen
|
|switch|p2a: onion fairy god|Celebi|395\/396
|-damage|p2a: onion fairy god|346\/396|[from] Stealth Rock
|switch|p1a: Vapid|Vaporeon, F|452\/452
|
|-heal|p2a: onion fairy god|370\/396|[from] item: Leftovers
|turn|24
|
|move|p2a: onion fairy god|Stealth Rock|p1a: Vapid
|-sidestart|p1: CoolStoryBrobat|move: Stealth Rock
|move|p1a: Vapid|Baton Pass|p1a: Vapid
|
|switch|p1a: TF2|Forretress, M|237\/354
|-damage|p1a: TF2|193\/354|[from] Stealth Rock
|
|-heal|p2a: onion fairy god|394\/396|[from] item: Leftovers
|-heal|p1a: TF2|215\/354|[from] item: Leftovers
|turn|25
|
|move|p2a: onion fairy god|Giga Drain|p1a: TF2
|-resisted|p1a: TF2
|-damage|p1a: TF2|183\/354
|-heal|p2a: onion fairy god|396\/396|[from] drain|[of] p1a: TF2
|move|p1a: TF2|Volt Switch|p2a: onion fairy god
|-resisted|p2a: onion fairy god
|-damage|p2a: onion fairy god|377\/396
|
|switch|p1a: Aerosmactyl|Aerodactyl-Mega, M|311\/311
|-damage|p1a: Aerosmactyl|234\/311|[from] Stealth Rock
|
|-heal|p2a: onion fairy god|396\/396|[from] item: Leftovers
|turn|26
|
|move|p1a: Aerosmactyl|Aerial Ace|p2a: onion fairy god
|-supereffective|p2a: onion fairy god
|-damage|p2a: onion fairy god|198\/396
|move|p2a: onion fairy god|Giga Drain|p1a: Aerosmactyl
|-damage|p1a: Aerosmactyl|144\/311
|-heal|p2a: onion fairy god|243\/396|[from] drain|[of] p1a: Aerosmactyl
|
|-heal|p2a: onion fairy god|267\/396|[from] item: Leftovers
|turn|27
|
|move|p1a: Aerosmactyl|Aerial Ace|p2a: onion fairy god
|-supereffective|p2a: onion fairy god
|-damage|p2a: onion fairy god|57\/396
|move|p2a: onion fairy god|Recover|p2a: onion fairy god
|-heal|p2a: onion fairy god|255\/396
|
|-heal|p2a: onion fairy god|279\/396|[from] item: Leftovers
|turn|28
|
|switch|p1a: TF2|Forretress, M|183\/354
|-damage|p1a: TF2|139\/354|[from] Stealth Rock
|move|p2a: onion fairy god|Recover|p2a: onion fairy god
|-heal|p2a: onion fairy god|396\/396
|
|-heal|p1a: TF2|161\/354|[from] item: Leftovers
|turn|29
|
|move|p2a: onion fairy god|Giga Drain|p1a: TF2
|-resisted|p1a: TF2
|-damage|p1a: TF2|127\/354
|move|p1a: TF2|Rapid Spin|p2a: onion fairy god
|-damage|p2a: onion fairy god|386\/396
|-sideend|p1: CoolStoryBrobat|Stealth Rock|[from] move: Rapid Spin|[of] p1a: TF2
|
|-heal|p2a: onion fairy god|396\/396|[from] item: Leftovers
|-heal|p1a: TF2|149\/354|[from] item: Leftovers
|turn|30
|
|switch|p1a: Hades|Infernape, F|293\/293
|move|p2a: onion fairy god|Stealth Rock|p1a: Hades
|-sidestart|p1: CoolStoryBrobat|move: Stealth Rock
|
|turn|31
|
|switch|p2a: woofy woof woof|Granbull, M|384\/384
|-damage|p2a: woofy woof woof|336\/384|[from] Stealth Rock
|-ability|p2a: woofy woof woof|Intimidate|[of] p1a: Hades
|-unboost|p1a: Hades|atk|1
|move|p1a: Hades|Swords Dance|p1a: Hades
|-boost|p1a: Hades|atk|2
|
|-heal|p2a: woofy woof woof|360\/384|[from] item: Leftovers
|turn|32
|c|âpokemonisfun|switch in forry
|c|âpokemonisfun|i dont have overheat
|c|âpokemonisfun|:]
|
|switch|p1a: Vapid|Vaporeon, F|452\/452
|-damage|p1a: Vapid|396\/452|[from] Stealth Rock
|move|p2a: woofy woof woof|Play Rough|p1a: Vapid|[miss]
|-miss|p2a: woofy woof woof|p1a: Vapid
|
|-heal|p1a: Vapid|424\/452|[from] item: Leftovers
|-heal|p2a: woofy woof woof|384\/384|[from] item: Leftovers
|turn|33
|c|âpokemonisfun|missed ur chance
|c|âCoolStoryBrobat|I don't get tired
|
|switch|p2a: bubblsy bubbles|Swampert-Mega, F|391\/404
|-damage|p2a: bubblsy bubbles|366\/404|[from] Stealth Rock
|move|p1a: Vapid|Wish|p1a: Vapid
|
|-heal|p1a: Vapid|452\/452|[from] item: Leftovers
|turn|34
|
|move|p1a: Vapid|Baton Pass|p1a: Vapid
|
|switch|p1a: TF2|Forretress, M|149\/354
|-damage|p1a: TF2|105\/354|[from] Stealth Rock
|move|p2a: bubblsy bubbles|Scald|p1a: TF2
|-damage|p1a: TF2|0 fnt
|faint|p1a: TF2
|
|
|switch|p1a: 50 Cent|Chesnaught, M|211\/380 tox
|-damage|p1a: 50 Cent|188\/380 tox|[from] Stealth Rock
|turn|35
|
|switch|p1a: Aerosmactyl|Aerodactyl-Mega, M|144\/311
|-damage|p1a: Aerosmactyl|67\/311|[from] Stealth Rock
|switch|p2a: woofy woof woof|Granbull, M|384\/384
|-damage|p2a: woofy woof woof|336\/384|[from] Stealth Rock
|-ability|p2a: woofy woof woof|Intimidate|[of] p1a: Aerosmactyl
|-unboost|p1a: Aerosmactyl|atk|1
|
|-heal|p2a: woofy woof woof|360\/384|[from] item: Leftovers
|turn|36
|
|move|p1a: Aerosmactyl|Stone Edge|p2a: woofy woof woof|[miss]
|-miss|p1a: Aerosmactyl|p2a: woofy woof woof
|move|p2a: woofy woof woof|Play Rough|p1a: Aerosmactyl
|-damage|p1a: Aerosmactyl|0 fnt
|faint|p1a: Aerosmactyl
|
|-heal|p2a: woofy woof woof|384\/384|[from] item: Leftovers
|c|âCoolStoryBrobat|bruh
|
|switch|p1a: Hades|Infernape, F|293\/293
|-damage|p1a: Hades|257\/293|[from] Stealth Rock
|turn|37
|
|move|p1a: Hades|Swords Dance|p1a: Hades
|-boost|p1a: Hades|atk|2
|move|p2a: woofy woof woof|Play Rough|p1a: Hades
|-damage|p1a: Hades|91\/293
|
|turn|38
|
|move|p1a: Hades|Flare Blitz|p2a: woofy woof woof
|-damage|p2a: woofy woof woof|0 fnt
|-damage|p1a: Hades|0 fnt|[from] recoil|[of] p2a: woofy woof woof
|faint|p2a: woofy woof woof
|faint|p1a: Hades
|
|
|switch|p1a: Wither|Hydreigon, F|325\/325
|switch|p2a: swimmy swim|Alomomola, F|471\/471
|-damage|p1a: Wither|285\/325|[from] Stealth Rock
|-damage|p2a: swimmy swim|413\/471|[from] Stealth Rock
|turn|39
|
|move|p2a: swimmy swim|Protect|p2a: swimmy swim
|-singleturn|p2a: swimmy swim|Protect
|move|p1a: Wither|Draco Meteor|p2a: swimmy swim
|-activate|p2a: swimmy swim|Protect
|
|-heal|p2a: swimmy swim|442\/471|[from] item: Leftovers
|turn|40
|
|move|p1a: Wither|Draco Meteor|p2a: swimmy swim
|-crit|p2a: swimmy swim
|-damage|p2a: swimmy swim|28\/471
|-unboost|p1a: Wither|spa|2
|move|p2a: swimmy swim|Wish|p2a: swimmy swim
|
|-heal|p2a: swimmy swim|57\/471|[from] item: Leftovers
|turn|41
|c|âCoolStoryBrobat|bruh...
|c|âCoolStoryBrobat|Yeah I forf
|-message|CoolStoryBrobat forfeited.
|c|âCoolStoryBrobat|ggs
|
|win|pokemonisfun
|c|âCoolStoryBrobat|Too impatient to ride this out any further
|leave|Snowballin
|leave|blue blitzfiend
|leave|CoolStoryBrobat
|player|p1