|join|CoolStoryBrobat
|join|Lucipurrr
|player|p1|CoolStoryBrobat|#coolstorybrobat
|player|p2|Lucipurrr|59
|gametype|singles
|gen|6
|tier|UU
|rule|Sleep Clause Mod: Limit one foe put to sleep
|rule|Species Clause: Limit one of each PokÃ©mon
|rule|OHKO Clause: OHKO moves are banned
|rule|Moody Clause: Moody is banned
|rule|Evasion Moves Clause: Evasion moves are banned
|rule|Endless Battle Clause: Forcing endless battles is banned
|rule|HP Percentage Mod: HP is shown in percentages
|clearpoke
|poke|p1|Infernape, F
|poke|p1|Aerodactyl, F
|poke|p1|Chesnaught, F
|poke|p1|Vaporeon, M
|poke|p1|Forretress, M
|poke|p1|Hydreigon, F
|poke|p2|Serperior, M, shiny
|poke|p2|Vaporeon, M
|poke|p2|Mawile, F, shiny
|poke|p2|Machamp, F
|poke|p2|Crobat, F
|poke|p2|Swampert, F
|rule|Swagger Clause: Swagger is banned
|rule|Baton Pass Clause: Limit one PokÃ©mon knowing Baton Pass
|teampreview
|c|âLucipurrr|This is what I'm running for RS
|c|âCoolStoryBrobat|What's RS?
|c|âLucipurrr|Ironically, I had Mawile and Swerp on a team already lo
|c|âLucipurrr|lResearch week
|
|start
|switch|p1a: TF2|Forretress, M|354\/354
|switch|p2a: Machamp|Machamp, F|363\/363
|turn|1
|join|IheartMagikarp
|
|move|p2a: Machamp|Dynamic Punch|p1a: TF2
|-damage|p1a: TF2|180\/354
|-start|p1a: TF2|confusion
|-activate|p1a: TF2|confusion
|move|p1a: TF2|Volt Switch|p2a: Machamp
|-damage|p2a: Machamp|324\/363
|
|switch|p1a: Aerosmactyl|Aerodactyl, F|311\/311
|-ability|p1a: Aerosmactyl|Pressure
|
|turn|2
|
|switch|p2a: Swampert|Swampert, F|367\/367
|detailschange|p1a: Aerosmactyl|Aerodactyl-Mega, F
|-mega|p1a: Aerosmactyl|Aerodactyl|Aerodactylite
|move|p1a: Aerosmactyl|Aerial Ace|p2a: Swampert
|-damage|p2a: Swampert|204\/367
|
|turn|3
|join|ahyueah
|
|switch|p1a: 50 Cent|Chesnaught, F|380\/380
|detailschange|p2a: Swampert|Swampert-Mega, F
|-mega|p2a: Swampert|Swampert|Swampertite
|move|p2a: Swampert|Rain Dance|p2a: Swampert
|-weather|RainDance
|
|-weather|RainDance|[upkeep]
|turn|4
|join|BattleXV
|
|switch|p2a: Crobat|Crobat, F|325\/325
|move|p1a: 50 Cent|Wood Hammer|p2a: Crobat
|-resisted|p2a: Crobat
|-damage|p2a: Crobat|281\/325
|-damage|p1a: 50 Cent|365\/380|[from] recoil|[of] p2a: Crobat
|
|-weather|RainDance|[upkeep]
|-heal|p2a: Crobat|301\/325|[from] item: Black Sludge
|-heal|p1a: 50 Cent|380\/380|[from] item: Leftovers
|turn|5
|join|trevor ellis
|
|switch|p1a: Aerosmactyl|Aerodactyl-Mega, F|311\/311
|move|p2a: Crobat|U-turn|p1a: Aerosmactyl
|-resisted|p1a: Aerosmactyl
|-damage|p1a: Aerosmactyl|276\/311
|
|switch|p2a: Swampert|Swampert-Mega, F|204\/367
|
|-weather|RainDance|[upkeep]
|turn|6
|
|switch|p1a: 50 Cent|Chesnaught, F|380\/380
|move|p2a: Swampert|Ice Punch|p1a: 50 Cent
|-supereffective|p1a: 50 Cent
|-damage|p1a: 50 Cent|190\/380
|
|-weather|RainDance|[upkeep]
|-heal|p1a: 50 Cent|213\/380|[from] item: Leftovers
|turn|7
|
|switch|p2a: Crobat|Crobat, F|301\/325
|move|p1a: 50 Cent|Spikes|p2a: Crobat
|-sidestart|p2: Lucipurrr|Spikes
|
|-weather|none
|-heal|p2a: Crobat|321\/325|[from] item: Black Sludge
|-heal|p1a: 50 Cent|236\/380|[from] item: Leftovers
|turn|8
|
|switch|p1a: Aerosmactyl|Aerodactyl-Mega, F|276\/311
|move|p2a: Crobat|Brave Bird|p1a: Aerosmactyl
|-resisted|p1a: Aerosmactyl
|-damage|p1a: Aerosmactyl|186\/311
|-damage|p2a: Crobat|291\/325|[from] recoil|[of] p1a: Aerosmactyl
|
|-heal|p2a: Crobat|311\/325|[from] item: Black Sludge
|turn|9
|
|move|p1a: Aerosmactyl|Pursuit|p2a: Crobat|[from]Pursuit
|-damage|p2a: Crobat|149\/325
|switch|p2a: Vaporeon|Vaporeon, M|464\/464
|-damage|p2a: Vaporeon|406\/464|[from] Spikes
|
|-heal|p2a: Vaporeon|435\/464|[from] item: Leftovers
|turn|10
|c|âLucipurrr|Should have U-turned
|c|âCoolStoryBrobat|You wouldn't have predicted that
|c|âCoolStoryBrobat|So I predicted you not to
|
|move|p1a: Aerosmactyl|Stone Edge|p2a: Vaporeon
|-damage|p2a: Vaporeon|240\/464
|move|p2a: Vaporeon|Ice Beam|p1a: Aerosmactyl
|-crit|p1a: Aerosmactyl
|-supereffective|p1a: Aerosmactyl
|-damage|p1a: Aerosmactyl|0 fnt
|faint|p1a: Aerosmactyl
|
|-heal|p2a: Vaporeon|269\/464|[from] item: Leftovers
|join|Dark Void IV
|c|âLucipurrr|Nah
|c|âLucipurrr|I know All you Scrubs run Pursuit
|
|switch|p1a: TF2|Forretress, M|180\/354
|turn|11
|join|pokemonisfun
|c|âLucipurrr|I just wasn't thinking good enough
|c|âLucipurrr|Not on my best game right now tbh
|
|move|p2a: Vaporeon|Scald|p1a: TF2
|-damage|p1a: TF2|17\/354
|-status|p1a: TF2|brn
|move|p1a: TF2|Stealth Rock|p2a: Vaporeon
|-sidestart|p2: Lucipurrr|move: Stealth Rock
|
|-heal|p2a: Vaporeon|298\/464|[from] item: Leftovers
|-heal|p1a: TF2|39\/354 brn|[from] item: Leftovers
|-damage|p1a: TF2|0 fnt|[from] brn
|faint|p1a: TF2
|c|âCoolStoryBrobat|pokemonisfun I want justice for that last game
|c|âCoolStoryBrobat|I got pissed off and trained in the mountains for a week
|c|âLucipurrr|o.o
|c| pokemonisfun|do u want to play a best of 7
|
|switch|p1a: 50 Cent|Chesnaught, F|236\/380
|turn|12
|join|SmogonGayRarely
|c|âCoolStoryBrobat|You're talking to a guy who plays Smash for 3 hours straight against the same dude nonstop
|c|âCoolStoryBrobat|I'm down
|c| SmogonGayRarely|nice
|c|âCoolStoryBrobat|even tho I only have 2 teams
|c| pokemonisfun|gr8
|c| pokemonisfun|oh
|
|move|p2a: Vaporeon|Protect|p2a: Vaporeon
|-singleturn|p2a: Vaporeon|Protect
|move|p1a: 50 Cent|Roar|p2a: Vaporeon
|drag|p2a: Serperior|Serperior, M, shiny|291\/291
|-damage|p2a: Serperior|255\/291|[from] Spikes
|-damage|p2a: Serperior|219\/291|[from] Stealth Rock
|
|-heal|p1a: 50 Cent|259\/380|[from] item: Leftovers
|turn|13
|c| SmogonGayRarely|lucipurrr's doing surprisingly well
|c| pokemonisfun|will you be on in an hour
|c|âCoolStoryBrobat|Most likely
|c|âLucipurrr|Hm
|c| pokemonisfun|okay bye i got to go to the bathroom
|leave|pokemonisfun
|c|âLucipurrr|This is going to be a very dumb or very rewarding play
|c|âLucipurrr|brb
|c| SmogonGayRarely|pif needs to go to the bathroom for an hour
|join|Tipsy Russian
|c|âCoolStoryBrobat|Chinese food does that to ya
|c|âCoolStoryBrobat|Rice is loaded with fiber
|c| SmogonGayRarely|true
|c| SmogonGayRarely|though let's be honest
|c| SmogonGayRarely|Indian food makes you shit molten lave
|c| SmogonGayRarely|*lava
|c| Tipsy Russian|taco bell does aswell
|c|âCoolStoryBrobat|But dat curry chicken be fire
|c|âLucipurrr|252+ SpA Serperior Hidden Power Ice vs. 252 HP \/ 0 SpD Chesnaught: 126-150 (33.1 - 39.4%) -- 19.3% chance to 3HKO after Leftovers recovery
|c|âCoolStoryBrobat|Well
|c| Tipsy Russian|modest
|c| Tipsy Russian|wot
|c|âCoolStoryBrobat|If you believe in yourself, go for it
|c|âLucipurrr|Do I believe in the 3HKO will magically super crit?
|c| Tipsy Russian|are you modest
|c| Tipsy Russian|why are you modest
|c| SmogonGayRarely|chicken curry is made with actual molten lava.
|
|switch|p2a: Crobat|Crobat, F|149\/325
|-damage|p2a: Crobat|68\/325|[from] Stealth Rock
|move|p1a: 50 Cent|Roar|p2a: Crobat
|drag|p2a: Serperior|Serperior, M, shiny|219\/291
|-damage|p2a: Serperior|183\/291|[from] Stealth Rock
|-damage|p2a: Serperior|147\/291|[from] Spikes
|
|-heal|p1a: 50 Cent|282\/380|[from] item: Leftovers
|turn|14
|c| Tipsy Russian|rip defog
|c|âLucipurrr|Russian, I'm Timid
|c| Tipsy Russian|your calc is modest
|c| Tipsy Russian|you would not ave 3hkod
|
|move|p2a: Serperior|Synthesis|p2a: Serperior
|-heal|p2a: Serperior|291\/291
|move|p1a: 50 Cent|Spikes|p2a: Serperior
|-sidestart|p2: Lucipurrr|Spikes
|
|-heal|p1a: 50 Cent|305\/380|[from] item: Leftovers
|turn|15
|c| ahyueah|go CSB *-*
|c| SmogonGayRarely|OHHHHH
|c| SmogonGayRarely|SHIT
|c| SmogonGayRarely|THE PLAYS
|c| SmogonGayRarely|though seriously
|c|âLucipurrr|I was seeing how it'd be with modest over timid
|c| SmogonGayRarely|That's fucking amazing.
|
|move|p2a: Serperior|Leaf Storm|p1a: 50 Cent
|-resisted|p1a: 50 Cent
|-damage|p1a: 50 Cent|211\/380
|-boost|p2a: Serperior|spa|2
|-damage|p2a: Serperior|262\/291|[from] item: Life Orb
|move|p1a: 50 Cent|Roar|p2a: Serperior
|drag|p2a: Crobat|Crobat, F|68\/325
|-damage|p2a: Crobat|0 fnt|[from] Stealth Rock
|faint|p2a: Crobat
|
|-heal|p1a: 50 Cent|234\/380|[from] item: Leftovers
|c|âLucipurrr|gg
|
|switch|p2a: Mawile|Mawile, F, shiny|303\/303
|-damage|p2a: Mawile|253\/303|[from] Spikes
|-damage|p2a: Mawile|235\/303|[from] Stealth Rock
|turn|16
|c|âLucipurrr|that's not who I picked.
|c| SmogonGayRarely|mawile does nothing here
|c|âLucipurrr|I misclicked I guess
|
|switch|p1a: Vapid|Vaporeon, M|452\/452
|move|p2a: Mawile|Play Rough|p1a: Vapid
|-damage|p1a: Vapid|244\/452
|
|-heal|p1a: Vapid|272\/452|[from] item: Leftovers
|turn|17
|c|âCoolStoryBrobat|Good lord
|c|âLucipurrr|cause I picked Champ
|c| SmogonGayRarely|That Sheer Force swagger
|
|move|p1a: Vapid|Wish|p1a: Vapid
|move|p2a: Mawile|Iron Head|p1a: Vapid
|-resisted|p1a: Vapid
|-damage|p1a: Vapid|169\/452
|
|-heal|p1a: Vapid|197\/452|[from] item: Leftovers
|turn|18
|
|move|p1a: Vapid|Baton Pass|p1a: Vapid
|c| SmogonGayRarely|nice predonk
|
|switch|p1a: Hades|Infernape, F|293\/293
|move|p2a: Mawile|Play Rough|p1a: Hades
|-damage|p1a: Hades|0 fnt
|faint|p1a: Hades
|
|join|dodmen
|c|âCoolStoryBrobat|.-.
|c|âLucipurrr|zzzzzzzzzzz
|c| SmogonGayRarely|misclick i assume.
|c|âCoolStoryBrobat|Ok you give me no choice
|c|âCoolStoryBrobat|I wanted to take the fun way out
|c|âLucipurrr|lmfao
|
|switch|p1a: Vapid|Vaporeon, M|197\/452
|turn|19
|c| SmogonGayRarely|scald stall
|c|âLucipurrr|You taught me everything I kow about UU
|c|âLucipurrr|which isn't nearly enough as anyone who just joined UU would know
|
|move|p1a: Vapid|Protect|p1a: Vapid
|-singleturn|p1a: Vapid|Protect
|move|p2a: Mawile|Play Rough|p1a: Vapid
|-activate|p1a: Vapid|Protect
|
|-heal|p1a: Vapid|225\/452|[from] item: Leftovers
|turn|20
|c|âLucipurrr|Let's make a Deal
|
|move|p1a: Vapid|Scald|p2a: Mawile
|-damage|p2a: Mawile|66\/303
|move|p2a: Mawile|Play Rough|p1a: Vapid
|-crit|p1a: Vapid
|-damage|p1a: Vapid|0 fnt
|faint|p1a: Vapid
|
|
|switch|p1a: Wither|Hydreigon, F|325\/325
|turn|21
|join|BIGGSTEELIX
|
|move|p1a: Wither|Fire Blast|p2a: Mawile
|-supereffective|p2a: Mawile
|-damage|p2a: Mawile|0 fnt
|faint|p2a: Mawile
|
|c| SmogonGayRarely|**AIRHORN**
|c|âLucipurrr|If I win, All your kingdoms become mine
|c| SmogonGayRarely|This was how the west was lost.
|c|âCoolStoryBrobat|what kingdoms .-.
|c|âLucipurrr|If You win, then You have to have this Replay as you Forum Sig
|
|switch|p2a: Vaporeon|Vaporeon, M|298\/464
|-damage|p2a: Vaporeon|240\/464|[from] Stealth Rock
|-damage|p2a: Vaporeon|163\/464|[from] Spikes
|turn|22
|c|âCoolStoryBrobat|I feel like this is a lose-lose
|c|âCoolStoryBrobat|I like my sig as is
|c|âLucipurrr|lmao
|
|switch|p1a: 50 Cent|Chesnaught, F|234\/380
|move|p2a: Vaporeon|Protect|p2a: Vaporeon
|-fail|p2a: Vaporeon
|
|-heal|p2a: Vaporeon|192\/464|[from] item: Leftovers
|-heal|p1a: 50 Cent|257\/380|[from] item: Leftovers
|turn|23
|c| SmogonGayRarely|You might as well give her your RO rn
|leave|Dark Void IV
|join|THEiTodd
|c|âLucipurrr|^
|join|Shit User
|c|âCoolStoryBrobat|Nah I owe that to pif
|
|move|p2a: Vaporeon|Protect|p2a: Vaporeon
|-singleturn|p2a: Vaporeon|Protect
|move|p1a: 50 Cent|Wood Hammer|p2a: Vaporeon
|-activate|p2a: Vaporeon|Protect
|
|-heal|p2a: Vaporeon|221\/464|[from] item: Leftovers
|-heal|p1a: 50 Cent|280\/380|[from] item: Leftovers
|turn|24
|c|âCoolStoryBrobat|He can have it after I go renegade and ban the entire server
|c| SmogonGayRarely|Switch to Mega-Pert
|c|âLucipurrr|lmao
|
|switch|p2a: Serperior|Serperior, M, shiny|262\/291
|-damage|p2a: Serperior|226\/291|[from] Stealth Rock
|-damage|p2a: Serperior|178\/291|[from] Spikes
|move|p1a: 50 Cent|Wood Hammer|p2a: Serperior
|-crit|p2a: Serperior
|-resisted|p2a: Serperior
|-damage|p2a: Serperior|55\/291
|-damage|p1a: 50 Cent|239\/380|[from] recoil|[of] p2a: Serperior
|
|-heal|p1a: 50 Cent|262\/380|[from] item: Leftovers
|turn|25
|c|âLucipurrr|I'm not switching to mega pert
|c| SmogonGayRarely|safest play in the book
|
|move|p2a: Serperior|Synthesis|p2a: Serperior
|-heal|p2a: Serperior|200\/291
|move|p1a: 50 Cent|Roar|p2a: Serperior
|drag|p2a: Swampert|Swampert-Mega, F|204\/367
|-damage|p2a: Swampert|143\/367|[from] Spikes
|-damage|p2a: Swampert|121\/367|[from] Stealth Rock
|
|-heal|p1a: 50 Cent|285\/380|[from] item: Leftovers
|turn|26
|c| SmogonGayRarely|sack him
|
|move|p2a: Swampert|Ice Punch|p1a: 50 Cent
|-supereffective|p1a: 50 Cent
|-damage|p1a: 50 Cent|107\/380
|move|p1a: 50 Cent|Synthesis|p1a: 50 Cent
|-heal|p1a: 50 Cent|297\/380
|
|-heal|p1a: 50 Cent|320\/380|[from] item: Leftovers
|turn|27
|c|âLucipurrr|Hm
|c|âLucipurrr|That was an interesting tur
|
|move|p2a: Swampert|Ice Punch|p1a: 50 Cent
|-supereffective|p1a: 50 Cent
|-damage|p1a: 50 Cent|126\/380
|move|p1a: 50 Cent|Wood Hammer|p2a: Swampert
|-supereffective|p2a: Swampert
|-damage|p2a: Swampert|0 fnt
|-damage|p1a: 50 Cent|86\/380|[from] recoil|[of] p2a: Swampert
|faint|p2a: Swampert
|
|-heal|p1a: 50 Cent|109\/380|[from] item: Leftovers
|
|switch|p2a: Machamp|Machamp, F|324\/363
|-damage|p2a: Machamp|302\/363|[from] Stealth Rock
|-damage|p2a: Machamp|242\/363|[from] Spikes
|turn|28
|join|Mighty Dagon
|c| SmogonGayRarely|n
|
|move|p2a: Machamp|Bullet Punch|p1a: 50 Cent
|-damage|p1a: 50 Cent|48\/380
|move|p1a: 50 Cent|Wood Hammer|p2a: Machamp
|-damage|p2a: Machamp|50\/363
|-damage|p1a: 50 Cent|0 fnt|[from] recoil|[of] p2a: Machamp
|faint|p1a: 50 Cent
|
|c| SmogonGayRarely|save machamp
|c| SmogonGayRarely|bad play
|c|âLucipurrr|uggggh
|c|âLucipurrr|Yeah
|c|âLucipurrr|fucking
|c|âCoolStoryBrobat|Shouldn't have BP'd
|c|âLucipurrr|gg from here
|c| Tipsy Russian|d pulse wins now
|
|switch|p1a: Wither|Hydreigon, F|325\/325
|turn|29
|c|âLucipurrr|so gg
|
|move|p2a: Machamp|Bullet Punch|p1a: Wither
|-damage|p1a: Wither|235\/325
|move|p1a: Wither|Dark Pulse|p2a: Machamp
|-crit|p2a: Machamp
|-resisted|p2a: Machamp
|-damage|p2a: Machamp|0 fnt
|faint|p2a: Machamp
|
|c|âCoolStoryBrobat|gg doe
|
|switch|p2a: Vaporeon|Vaporeon, M|221\/464
|-damage|p2a: Vaporeon|144\/464|[from] Spikes
|-damage|p2a: Vaporeon|86\/464|[from] Stealth Rock
|turn|30
|c|âLucipurrr|Also not sure if your banded or scarf'd
|
|move|p2a: Vaporeon|Protect|p2a: Vaporeon
|-singleturn|p2a: Vaporeon|Protect
|move|p1a: Wither|Dark Pulse|p2a: Vaporeon
|-activate|p2a: Vaporeon|Protect
|
|-heal|p2a: Vaporeon|115\/464|[from] item: Leftovers
|turn|31
|
|move|p1a: Wither|Dark Pulse|p2a: Vaporeon
|-damage|p2a: Vaporeon|1\/464
|move|p2a: Vaporeon|Ice Beam|p1a: Wither
|-supereffective|p1a: Wither
|-damage|p1a: Wither|65\/325
|
|-heal|p2a: Vaporeon|30\/464|[from] item: Leftovers
|turn|32
|c|+dodmen|LOL
|c| Tipsy Russian|o
|c|âCoolStoryBrobat|Dang bruh
|c|+dodmen|LOOL
|c| ahyueah|is brobat
|c| ahyueah|winning
|c| Tipsy Russian|is thay max spdef
|c|+dodmen|Fucking
|c|+dodmen|max spdef vaporeon
|c| ahyueah|brobat
|c|âCoolStoryBrobat|That Vape ate its breakfast
|c| ahyueah|I believe in you
|c|+dodmen|the thing
|
|move|p1a: Wither|Dark Pulse|p2a: Vaporeon
|-damage|p2a: Vaporeon|0 fnt
|faint|p2a: Vaporeon
|
|c|+dodmen|that is checked by scarf darm
|
|switch|p2a: Serperior|Serperior, M, shiny|200\/291
|-damage|p2a: Serperior|164\/291|[from] Stealth Rock
|-damage|p2a: Serperior|116\/291|[from] Spikes
|turn|33
|c|âLucipurrr|Long live the king
|
|move|p1a: Wither|Dark Pulse|p2a: Serperior
|-damage|p2a: Serperior|0 fnt
|faint|p2a: Serperior
|
|win|CoolStoryBrobat
|c|+dodmen|av serperior or nah
|c|âCoolStoryBrobat|gg doe
|c|âLucipurrr|Fucking Scarf
|leave|Mighty Dagon
|c|âLucipurrr|you fucking nerd
|c| ahyueah|ofc scarf LOL
|leave|Tipsy Russian
|leave|ahyueah
|join|Mighty Dagon
|leave|CoolStoryBrobat
|leave|dodmen