|join|pokemonisfun
|join|CoolStoryBrobat
|player|p1|pokemonisfun|184
|player|p2|CoolStoryBrobat|212
|gametype|singles
|gen|6
|tier|UU
|rated
|rule|Sleep Clause Mod: Limit one foe put to sleep
|rule|Species Clause: Limit one of each PokÃ©mon
|rule|OHKO Clause: OHKO moves are banned
|rule|Moody Clause: Moody is banned
|rule|Evasion Moves Clause: Evasion moves are banned
|rule|Endless Battle Clause: Forcing endless battles is banned
|rule|HP Percentage Mod: HP is shown in percentages
|clearpoke
|poke|p1|Blissey, F
|poke|p1|Swampert, M
|poke|p1|Granbull, M
|poke|p1|Alomomola, M
|poke|p1|Crobat, M
|poke|p1|Celebi
|poke|p2|Infernape, M
|poke|p2|Aerodactyl, F
|poke|p2|Chesnaught, F
|poke|p2|Vaporeon, F
|poke|p2|Forretress, F
|poke|p2|Hydreigon, F
|rule|Swagger Clause: Swagger is banned
|rule|Baton Pass Clause: Limit one PokÃ©mon knowing Baton Pass
|teampreview
|c|âpokemonisfun|the legend o_o
|c|âCoolStoryBrobat|This is just what I need to face when I'm pissed off
|c|âpokemonisfun|im sorry :(
|join|Emma Bae
|c|âpokemonisfun|whats wrong :(
|c|âCoolStoryBrobat|everything in this poopyhead tier
|c|âpokemonisfun|whoa
|c|âpokemonisfun|you dont cuss man
|c|âCoolStoryBrobat|Yeah I know
|join|SadPierrot
|c|âpokemonisfun|thats what makes you a tier above the plebs
|
|start
|switch|p1a: bubblsy bubbles|Swampert, M|404\/404
|switch|p2a: 50 Cent|Chesnaught, F|380\/380
|turn|1
|leave|SadPierrot
|
|switch|p1a: batsy watzy|Crobat, M|373\/373
|move|p2a: 50 Cent|Spikes|p1a: batsy watzy
|-sidestart|p1: pokemonisfun|Spikes
|
|turn|2
|
|switch|p2a: Aerosmactyl|Aerodactyl, F|311\/311
|-ability|p2a: Aerosmactyl|Pressure
|move|p1a: batsy watzy|Defog|p2a: Aerosmactyl
|-unboost|p2a: Aerosmactyl|evasion|1
|-sideend|p1: pokemonisfun|Spikes|[from] move: Defog|[of] p1a: batsy watzy
|
|turn|3
|join|catchy tune
|c| catchy tune|that stall
|
|detailschange|p2a: Aerosmactyl|Aerodactyl-Mega, F
|-mega|p2a: Aerosmactyl|Aerodactyl|Aerodactylite
|move|p2a: Aerosmactyl|Pursuit|p1a: batsy watzy|[from]Pursuit
|-damage|p1a: batsy watzy|221\/373
|switch|p1a: swimmy swim|Alomomola, M|471\/471
|
|turn|4
|c| catchy tune|that doesnt looks fun
|c| catchy tune|i officially hate you
|c| catchy tune|and i hope you step on legos
|c| catchy tune|repeatedly
|
|switch|p2a: TF2|Forretress, F|354\/354
|move|p1a: swimmy swim|Scald|p2a: TF2
|-damage|p2a: TF2|288\/354
|
|-heal|p2a: TF2|310\/354|[from] item: Leftovers
|turn|5
|c|âpokemonisfun|i hope you fall on a lego and get anally penetrated
|c|âpokemonisfun|by the lego
|join|Shit user
|c| catchy tune|that scalated quickly
|c| Shit user|hi pokemonisfun
|c| Shit user|hi
|c|âpokemonisfun|dont talk to me pleb
|
|move|p1a: swimmy swim|Scald|p2a: TF2
|-damage|p2a: TF2|237\/354
|move|p2a: TF2|Toxic|p1a: swimmy swim
|-status|p1a: swimmy swim|tox
|
|-heal|p2a: TF2|259\/354|[from] item: Leftovers
|-damage|p1a: swimmy swim|442\/471 tox|[from] psn
|turn|6
|c| Shit user|i-i-i thought...
|
|switch|p1a: woofy woof woof|Granbull, M|384\/384
|-ability|p1a: woofy woof woof|Intimidate|[of] p2a: TF2
|-unboost|p2a: TF2|atk|1
|move|p2a: TF2|Stealth Rock|p1a: woofy woof woof
|-sidestart|p1: pokemonisfun|move: Stealth Rock
|
|-heal|p2a: TF2|281\/354|[from] item: Leftovers
|turn|7
|join|catsarenice
|
|move|p1a: woofy woof woof|Play Rough|p2a: TF2
|-resisted|p2a: TF2
|-damage|p2a: TF2|246\/354
|-unboost|p2a: TF2|atk|1
|move|p2a: TF2|Volt Switch|p1a: woofy woof woof
|-damage|p1a: woofy woof woof|325\/384
|c| catsarenice|pif, hi :)
|c| Shit user|pif what happened to fire punch lure
|c|âpokemonisfun|shut up pleb
|c|âpokemonisfun|im not that retarded
|
|switch|p2a: Vapid|Vaporeon, F|452\/452
|
|-heal|p1a: woofy woof woof|349\/384|[from] item: Leftovers
|turn|8
|c| Shit user|lol no gxes over 90 ur bad now
|
|switch|p1a: onion fairy god|Celebi|396\/396
|-damage|p1a: onion fairy god|347\/396|[from] Stealth Rock
|move|p2a: Vapid|Baton Pass|p2a: Vapid
|
|switch|p2a: Aerosmactyl|Aerodactyl-Mega, F|311\/311
|
|-heal|p1a: onion fairy god|371\/396|[from] item: Leftovers
|turn|9
|
|move|p2a: Aerosmactyl|Aerial Ace|p1a: onion fairy god
|-supereffective|p1a: onion fairy god
|-damage|p1a: onion fairy god|177\/396
|move|p1a: onion fairy god|Recover|p1a: onion fairy god
|-heal|p1a: onion fairy god|375\/396
|
|-heal|p1a: onion fairy god|396\/396|[from] item: Leftovers
|turn|10
|c| Shit user|o
|c|âpokemonisfun|nice
|c|âpokemonisfun|celebi counters mega aero
|c| catchy tune|onion or garlic
|
|switch|p2a: TF2|Forretress, F|246\/354
|move|p1a: onion fairy god|Stealth Rock|p2a: TF2
|-sidestart|p2: CoolStoryBrobat|move: Stealth Rock
|
|-heal|p2a: TF2|268\/354|[from] item: Leftovers
|turn|11
|c| catchy tune|cant tell
|c| Shit user|pif dont you get 6-0d by cm reuniclus
|
|move|p1a: onion fairy god|Giga Drain|p2a: TF2
|-resisted|p2a: TF2
|-damage|p2a: TF2|235\/354
|move|p2a: TF2|Rapid Spin|p1a: onion fairy god
|-damage|p1a: onion fairy god|387\/396
|-sideend|p2: CoolStoryBrobat|Stealth Rock|[from] move: Rapid Spin|[of] p2a: TF2
|
|-heal|p1a: onion fairy god|396\/396|[from] item: Leftovers
|-heal|p2a: TF2|257\/354|[from] item: Leftovers
|turn|12
|c|âpokemonisfun|cb eq mega swampert
|c| Shit user|youre fucking stall pert
|
|move|p1a: onion fairy god|Stealth Rock|p2a: TF2
|-sidestart|p2: CoolStoryBrobat|move: Stealth Rock
|move|p2a: TF2|Toxic|p1a: onion fairy god
|-status|p1a: onion fairy god|tox
|
|-heal|p2a: TF2|279\/354|[from] item: Leftovers
|-damage|p1a: onion fairy god|372\/396 tox|[from] psn
|turn|13
|c| Shit user|i saw u use scald
|c| catchy tune|cuz scald is OP
|c| Emma Bae|he said cb mega swamp
|
|switch|p1a: woofy woof woof|Granbull, M|349\/384
|-damage|p1a: woofy woof woof|301\/384|[from] Stealth Rock
|-ability|p1a: woofy woof woof|Intimidate|[of] p2a: TF2
|-unboost|p2a: TF2|atk|1
|move|p2a: TF2|Rapid Spin|p1a: woofy woof woof
|-damage|p1a: woofy woof woof|294\/384
|-sideend|p2: CoolStoryBrobat|Stealth Rock|[from] move: Rapid Spin|[of] p2a: TF2
|
|-heal|p1a: woofy woof woof|318\/384|[from] item: Leftovers
|-heal|p2a: TF2|301\/354|[from] item: Leftovers
|turn|14
|c| Shit user|but there that just prove you build bad stall
|
|move|p1a: woofy woof woof|Fire Blast|p2a: TF2
|-supereffective|p2a: TF2
|-damage|p2a: TF2|0 fnt
|faint|p2a: TF2
|
|-heal|p1a: woofy woof woof|342\/384|[from] item: Leftovers
|c| Shit user|OH
|c| Shit user|BABY
|c| catchy tune|mfw fire blast granbull
|c| Shit user|Told you
|c| Shit user|csb
|c|âpokemonisfun|what just happened
|
|switch|p2a: Vapid|Vaporeon, F|452\/452
|turn|15
|c| catchy tune|5 leftovers and 1 black sludge
|c| catchy tune|damn meta
|c|âpokemonisfun|holy fuck im such a fagggot im sorry csb :(
|
|switch|p1a: onion fairy god|Celebi|372\/396
|-damage|p1a: onion fairy god|323\/396|[from] Stealth Rock
|move|p2a: Vapid|Baton Pass|p2a: Vapid
|join|7th January 2015
|
|switch|p2a: Hades|Infernape, M|293\/293
|
|-heal|p1a: onion fairy god|347\/396|[from] item: Leftovers
|turn|16
|
|switch|p1a: swimmy swim|Alomomola, M|471\/471 tox
|-damage|p1a: swimmy swim|413\/471 tox|[from] Stealth Rock
|move|p2a: Hades|Flare Blitz|p1a: swimmy swim
|-resisted|p1a: swimmy swim
|-damage|p1a: swimmy swim|317\/471 tox
|-damage|p2a: Hades|261\/293|[from] recoil|[of] p1a: swimmy swim
|-damage|p2a: Hades|232\/293|[from] item: Life Orb
|
|-heal|p1a: swimmy swim|346\/471 tox|[from] item: Leftovers
|-damage|p1a: swimmy swim|317\/471 tox|[from] psn
|turn|17
|
|switch|p2a: 50 Cent|Chesnaught, F|380\/380
|move|p1a: swimmy swim|Wish|p1a: swimmy swim
|
|-heal|p1a: swimmy swim|346\/471 tox|[from] item: Leftovers
|-damage|p1a: swimmy swim|288\/471 tox|[from] psn
|turn|18
|
|switch|p1a: batsy watzy|Crobat, M|221\/373
|-damage|p1a: batsy watzy|128\/373|[from] Stealth Rock
|move|p2a: 50 Cent|Roar|p1a: batsy watzy
|drag|p1a: Mega Chansey|Blissey, F|656\/656
|-damage|p1a: Mega Chansey|574\/656|[from] Stealth Rock
|
|-heal|p1a: Mega Chansey|656\/656|[from] move: Wish|[wisher] swimmy swim
|turn|19
|c| catchy tune|its like slamming your head against a wall
|
|move|p2a: 50 Cent|Spikes|p1a: Mega Chansey
|-sidestart|p1: pokemonisfun|Spikes
|move|p1a: Mega Chansey|Toxic|p2a: 50 Cent
|-status|p2a: 50 Cent|tox
|
|-damage|p2a: 50 Cent|357\/380 tox|[from] psn
|turn|20
|
|switch|p1a: onion fairy god|Celebi|347\/396
|-damage|p1a: onion fairy god|298\/396|[from] Stealth Rock
|-damage|p1a: onion fairy god|249\/396|[from] Spikes
|move|p2a: 50 Cent|Spikes|p1a: onion fairy god
|-sidestart|p1: pokemonisfun|Spikes
|
|-heal|p1a: onion fairy god|273\/396|[from] item: Leftovers
|-heal|p2a: 50 Cent|380\/380 tox|[from] item: Leftovers
|-damage|p2a: 50 Cent|334\/380 tox|[from] psn
|turn|21
|
|switch|p2a: Hades|Infernape, M|232\/293
|move|p1a: onion fairy god|Stealth Rock|p2a: Hades
|-sidestart|p2: CoolStoryBrobat|move: Stealth Rock
|
|-heal|p1a: onion fairy god|297\/396|[from] item: Leftovers
|turn|22
|
|switch|p1a: swimmy swim|Alomomola, M|445\/471 tox
|-damage|p1a: swimmy swim|367\/471 tox|[from] Spikes
|-damage|p1a: swimmy swim|309\/471 tox|[from] Stealth Rock
|move|p2a: Hades|Swords Dance|p2a: Hades
|-boost|p2a: Hades|atk|2
|
|-heal|p1a: swimmy swim|338\/471 tox|[from] item: Leftovers
|-damage|p1a: swimmy swim|309\/471 tox|[from] psn
|turn|23
|join|MOTHER MARY
|
|move|p2a: Hades|Close Combat|p1a: swimmy swim
|-damage|p1a: swimmy swim|0 fnt
|-unboost|p2a: Hades|def|1
|-unboost|p2a: Hades|spd|1
|-damage|p2a: Hades|203\/293|[from] item: Life Orb
|faint|p1a: swimmy swim
|
|
|switch|p1a: woofy woof woof|Granbull, M|342\/384
|-damage|p1a: woofy woof woof|278\/384|[from] Spikes
|-damage|p1a: woofy woof woof|230\/384|[from] Stealth Rock
|-ability|p1a: woofy woof woof|Intimidate|[of] p2a: Hades
|-unboost|p2a: Hades|atk|1
|turn|24
|
|move|p2a: Hades|Flare Blitz|p1a: woofy woof woof
|-damage|p1a: woofy woof woof|0 fnt
|-damage|p2a: Hades|127\/293|[from] recoil|[of] p1a: woofy woof woof
|-damage|p2a: Hades|98\/293|[from] item: Life Orb
|faint|p1a: woofy woof woof
|
|
|switch|p1a: onion fairy god|Celebi|297\/396
|-damage|p1a: onion fairy god|231\/396|[from] Spikes
|-damage|p1a: onion fairy god|182\/396|[from] Stealth Rock
|turn|25
|
|move|p2a: Hades|Flare Blitz|p1a: onion fairy god
|-supereffective|p1a: onion fairy god
|-damage|p1a: onion fairy god|0 fnt
|-damage|p2a: Hades|38\/293|[from] recoil|[of] p1a: onion fairy god
|-damage|p2a: Hades|9\/293|[from] item: Life Orb
|faint|p1a: onion fairy god
|
|
|switch|p1a: batsy watzy|Crobat, M|128\/373
|-damage|p1a: batsy watzy|35\/373|[from] Stealth Rock
|turn|26
|c| catsarenice|Crobat?
|c| catsarenice|Why not earlier
|
|move|p2a: Hades|Mach Punch|p1a: batsy watzy
|-resisted|p1a: batsy watzy
|-damage|p1a: batsy watzy|0 fnt
|-damage|p2a: Hades|0 fnt|[from] item: Life Orb
|faint|p1a: batsy watzy
|faint|p2a: Hades
|
|c|âCoolStoryBrobat|It dies to that
|c| catchy tune|cuz no ev speed
|c| catsarenice|Ahh, didnt knew mach killed
|c| catchy tune|defensive crobat
|
|switch|p2a: 50 Cent|Chesnaught, F|334\/380 tox
|switch|p1a: bubblsy bubbles|Swampert, M|404\/404
|-damage|p2a: 50 Cent|311\/380 tox|[from] Stealth Rock
|-damage|p1a: bubblsy bubbles|379\/404|[from] Stealth Rock
|-damage|p1a: bubblsy bubbles|312\/404|[from] Spikes
|turn|27
|
|detailschange|p1a: bubblsy bubbles|Swampert-Mega, M
|-mega|p1a: bubblsy bubbles|Swampert|Swampertite
|move|p2a: 50 Cent|Wood Hammer|p1a: bubblsy bubbles
|-crit|p1a: bubblsy bubbles
|-supereffective|p1a: bubblsy bubbles
|-damage|p1a: bubblsy bubbles|0 fnt
|-damage|p2a: 50 Cent|208\/380 tox|[from] recoil|[of] p1a: bubblsy bubbles
|faint|p1a: bubblsy bubbles
|
|-heal|p2a: 50 Cent|231\/380 tox|[from] item: Leftovers
|-damage|p2a: 50 Cent|208\/380 tox|[from] psn
|
|switch|p1a: Mega Chansey|Blissey, F|656\/656
|-damage|p1a: Mega Chansey|547\/656|[from] Spikes
|-damage|p1a: Mega Chansey|465\/656|[from] Stealth Rock
|turn|28
|
|move|p2a: 50 Cent|Wood Hammer|p1a: Mega Chansey
|-damage|p1a: Mega Chansey|191\/656
|-damage|p2a: 50 Cent|118\/380 tox|[from] recoil|[of] p1a: Mega Chansey
|move|p1a: Mega Chansey|Soft-Boiled|p1a: Mega Chansey
|-heal|p1a: Mega Chansey|519\/656
|
|-heal|p2a: 50 Cent|141\/380 tox|[from] item: Leftovers
|-heal|p1a: Mega Chansey|560\/656|[from] item: Leftovers
|-damage|p2a: 50 Cent|95\/380 tox|[from] psn
|turn|29
|c| catsarenice|Nice csb :)
|
|move|p2a: 50 Cent|Synthesis|p2a: 50 Cent
|-heal|p2a: 50 Cent|285\/380 tox
|move|p1a: Mega Chansey|Soft-Boiled|p1a: Mega Chansey
|-heal|p1a: Mega Chansey|656\/656
|
|-heal|p2a: 50 Cent|308\/380 tox|[from] item: Leftovers
|-damage|p2a: 50 Cent|239\/380 tox|[from] psn
|turn|30
|c| catchy tune|i h8 blissey with a passion
|
|switch|p2a: Vapid|Vaporeon, F|452\/452
|-damage|p2a: Vapid|396\/452|[from] Stealth Rock
|move|p1a: Mega Chansey|Soft-Boiled|p1a: Mega Chansey
|-fail|p1a: Mega Chansey
|
|-heal|p2a: Vapid|424\/452|[from] item: Leftovers
|turn|31
|
|move|p2a: Vapid|Scald|p1a: Mega Chansey
|-damage|p1a: Mega Chansey|595\/656
|move|p1a: Mega Chansey|Toxic|p2a: Vapid
|-status|p2a: Vapid|tox
|
|-heal|p2a: Vapid|452\/452 tox|[from] item: Leftovers
|-heal|p1a: Mega Chansey|636\/656|[from] item: Leftovers
|-damage|p2a: Vapid|424\/452 tox|[from] psn
|turn|32
|
|move|p2a: Vapid|Scald|p1a: Mega Chansey
|-damage|p1a: Mega Chansey|575\/656
|-status|p1a: Mega Chansey|brn
|move|p1a: Mega Chansey|Seismic Toss|p2a: Vapid
|-damage|p2a: Vapid|324\/452 tox
|
|-heal|p2a: Vapid|352\/452 tox|[from] item: Leftovers
|-heal|p1a: Mega Chansey|616\/656 brn|[from] item: Leftovers
|-damage|p2a: Vapid|296\/452 tox|[from] psn
|-damage|p1a: Mega Chansey|534\/656 brn|[from] brn
|turn|33
|
|move|p2a: Vapid|Wish|p2a: Vapid
|move|p1a: Mega Chansey|Heal Bell|p1a: Mega Chansey
|-cureteam|p1a: Mega Chansey|[from] move: HealBell
|
|-heal|p2a: Vapid|324\/452 tox|[from] item: Leftovers
|-heal|p1a: Mega Chansey|575\/656|[from] item: Leftovers
|-damage|p2a: Vapid|240\/452 tox|[from] psn
|turn|34
|
|move|p2a: Vapid|Baton Pass|p2a: Vapid
|c| Shit user|:[
|
|switch|p2a: 50 Cent|Chesnaught, F|239\/380 tox
|-damage|p2a: 50 Cent|216\/380 tox|[from] Stealth Rock
|move|p1a: Mega Chansey|Toxic|p2a: 50 Cent
|-fail|p2a: 50 Cent|tox
|
|-heal|p2a: 50 Cent|380\/380 tox|[from] move: Wish|[wisher] Vapid
|-heal|p1a: Mega Chansey|616\/656|[from] item: Leftovers
|-damage|p2a: 50 Cent|357\/380 tox|[from] psn
|turn|35
|
|move|p2a: 50 Cent|Wood Hammer|p1a: Mega Chansey
|-damage|p1a: Mega Chansey|319\/656
|-damage|p2a: 50 Cent|259\/380 tox|[from] recoil|[of] p1a: Mega Chansey
|move|p1a: Mega Chansey|Soft-Boiled|p1a: Mega Chansey
|-heal|p1a: Mega Chansey|647\/656
|
|-heal|p2a: 50 Cent|282\/380 tox|[from] item: Leftovers
|-heal|p1a: Mega Chansey|656\/656|[from] item: Leftovers
|-damage|p2a: 50 Cent|236\/380 tox|[from] psn
|turn|36
|c| Shit user|csb
|c| catchy tune|why did the council let this fat blob stayed?
|c| Shit user|dont
|c| Shit user|silly
|c| Shit user|xd
|
|move|p2a: 50 Cent|Wood Hammer|p1a: Mega Chansey
|-damage|p1a: Mega Chansey|337\/656
|-damage|p2a: 50 Cent|131\/380 tox|[from] recoil|[of] p1a: Mega Chansey
|move|p1a: Mega Chansey|Soft-Boiled|p1a: Mega Chansey
|-heal|p1a: Mega Chansey|656\/656
|
|-heal|p2a: 50 Cent|154\/380 tox|[from] item: Leftovers
|-damage|p2a: 50 Cent|85\/380 tox|[from] psn
|turn|37
|c| Shit user|ebic
|c| Emma Bae|its not gunna work
|
|move|p2a: 50 Cent|Synthesis|p2a: 50 Cent
|-heal|p2a: 50 Cent|275\/380 tox
|move|p1a: Mega Chansey|Soft-Boiled|p1a: Mega Chansey
|-fail|p1a: Mega Chansey
|
|-heal|p2a: 50 Cent|298\/380 tox|[from] item: Leftovers
|-damage|p2a: 50 Cent|206\/380 tox|[from] psn
|turn|38
|c| Emma Bae|why dont u have leech seed
|c| Emma Bae|are u kidding
|c| Shit user|he has synthesis
|
|move|p2a: 50 Cent|Wood Hammer|p1a: Mega Chansey
|-damage|p1a: Mega Chansey|364\/656
|-damage|p2a: 50 Cent|110\/380 tox|[from] recoil|[of] p1a: Mega Chansey
|move|p1a: Mega Chansey|Soft-Boiled|p1a: Mega Chansey
|-heal|p1a: Mega Chansey|656\/656
|
|-heal|p2a: 50 Cent|133\/380 tox|[from] item: Leftovers
|-damage|p2a: 50 Cent|18\/380 tox|[from] psn
|turn|39
|c| Shit user|wtf
|c| Shit user|hes choking
|c| catchy tune|synthesis is more consistent recovery
|c| Shit user|...
|
|move|p2a: 50 Cent|Synthesis|p2a: 50 Cent
|-heal|p2a: 50 Cent|208\/380 tox
|move|p1a: Mega Chansey|Soft-Boiled|p1a: Mega Chansey
|-fail|p1a: Mega Chansey
|
|-heal|p2a: 50 Cent|231\/380 tox|[from] item: Leftovers
|-damage|p2a: 50 Cent|93\/380 tox|[from] psn
|turn|40
|
|switch|p2a: Aerosmactyl|Aerodactyl-Mega, F|311\/311
|-damage|p2a: Aerosmactyl|234\/311|[from] Stealth Rock
|move|p1a: Mega Chansey|Soft-Boiled|p1a: Mega Chansey
|-fail|p1a: Mega Chansey
|
|turn|41
|c| catchy tune|and this is why i hate blissey so much
|
|switch|p2a: 50 Cent|Chesnaught, F|93\/380 tox
|-damage|p2a: 50 Cent|70\/380 tox|[from] Stealth Rock
|move|p1a: Mega Chansey|Toxic|p2a: 50 Cent
|-fail|p2a: 50 Cent|tox
|
|-heal|p2a: 50 Cent|93\/380 tox|[from] item: Leftovers
|-damage|p2a: 50 Cent|70\/380 tox|[from] psn
|turn|42
|
|move|p2a: 50 Cent|Synthesis|p2a: 50 Cent
|-heal|p2a: 50 Cent|260\/380 tox
|move|p1a: Mega Chansey|Seismic Toss|p2a: 50 Cent
|-damage|p2a: 50 Cent|160\/380 tox
|
|-heal|p2a: 50 Cent|183\/380 tox|[from] item: Leftovers
|-damage|p2a: 50 Cent|137\/380 tox|[from] psn
|turn|43
|c| Shit user|i mean he wins
|c| Shit user|if he doesnt play badly around it
|
|move|p2a: 50 Cent|Synthesis|p2a: 50 Cent
|-heal|p2a: 50 Cent|327\/380 tox
|move|p1a: Mega Chansey|Seismic Toss|p2a: 50 Cent
|-damage|p2a: 50 Cent|227\/380 tox
|
|-heal|p2a: 50 Cent|250\/380 tox|[from] item: Leftovers
|-damage|p2a: 50 Cent|181\/380 tox|[from] psn
|turn|44
|c| catchy tune|but still
|
|switch|p2a: Vapid|Vaporeon, F|240\/452 tox
|-damage|p2a: Vapid|184\/452 tox|[from] Stealth Rock
|move|p1a: Mega Chansey|Seismic Toss|p2a: Vapid
|-damage|p2a: Vapid|84\/452 tox
|
|-heal|p2a: Vapid|112\/452 tox|[from] item: Leftovers
|-damage|p2a: Vapid|84\/452 tox|[from] psn
|turn|45
|join|Gay Bear Sex
|c| Shit user|if he keeps his shit healthy
|c| Shit user|oh
|c| Shit user|ok
|c| catchy tune|is frustrating to play this long just cuz one mon
|c| MOTHER MARY|arr
|c| MOTHER MARY|eye
|c| MOTHER MARY|pee
|
|move|p2a: Vapid|Wish|p2a: Vapid
|move|p1a: Mega Chansey|Seismic Toss|p2a: Vapid
|-damage|p2a: Vapid|0 fnt
|faint|p2a: Vapid
|
|
|switch|p2a: Aerosmactyl|Aerodactyl-Mega, F|234\/311
|-damage|p2a: Aerosmactyl|157\/311|[from] Stealth Rock
|turn|46
|
|move|p2a: Aerosmactyl|Stone Edge|p1a: Mega Chansey
|-damage|p1a: Mega Chansey|299\/656
|move|p1a: Mega Chansey|Toxic|p2a: Aerosmactyl|[miss]
|-miss|p1a: Mega Chansey|p2a: Aerosmactyl
|
|-heal|p2a: Aerosmactyl|311\/311|[from] move: Wish|[wisher] Vapid
|-heal|p1a: Mega Chansey|340\/656|[from] item: Leftovers
|turn|47
|
|move|p2a: Aerosmactyl|Stone Edge|p1a: Mega Chansey|[miss]
|-miss|p2a: Aerosmactyl|p1a: Mega Chansey
|move|p1a: Mega Chansey|Soft-Boiled|p1a: Mega Chansey
|-heal|p1a: Mega Chansey|656\/656
|
|turn|48
|c| catchy tune|lol
|c| Emma Bae|ooh
|c| Shit user|ebic
|c| Emma Bae|ooh
|c| Shit user|E
|c| Shit user|B
|c| Shit user|I
|c| Shit user|C
|
|move|p2a: Aerosmactyl|Stone Edge|p1a: Mega Chansey
|-damage|p1a: Mega Chansey|316\/656
|move|p1a: Mega Chansey|Toxic|p2a: Aerosmactyl
|-status|p2a: Aerosmactyl|tox
|
|-heal|p1a: Mega Chansey|357\/656|[from] item: Leftovers
|-damage|p2a: Aerosmactyl|292\/311 tox|[from] psn
|turn|49
|c| catchy tune|what are the odd s of that
|
|move|p2a: Aerosmactyl|Stone Edge|p1a: Mega Chansey
|-damage|p1a: Mega Chansey|24\/656
|move|p1a: Mega Chansey|Soft-Boiled|p1a: Mega Chansey
|-heal|p1a: Mega Chansey|352\/656
|
|-heal|p1a: Mega Chansey|393\/656|[from] item: Leftovers
|-damage|p2a: Aerosmactyl|254\/311 tox|[from] psn
|turn|50
|
|move|p2a: Aerosmactyl|Stone Edge|p1a: Mega Chansey
|-damage|p1a: Mega Chansey|32\/656
|move|p1a: Mega Chansey|Soft-Boiled|p1a: Mega Chansey
|-heal|p1a: Mega Chansey|360\/656
|
|-heal|p1a: Mega Chansey|401\/656|[from] item: Leftovers
|-damage|p2a: Aerosmactyl|197\/311 tox|[from] psn
|turn|51
|c| Emma Bae|omfg
|
|move|p2a: Aerosmactyl|Stone Edge|p1a: Mega Chansey
|-damage|p1a: Mega Chansey|56\/656
|move|p1a: Mega Chansey|Soft-Boiled|p1a: Mega Chansey
|-heal|p1a: Mega Chansey|384\/656
|
|-heal|p1a: Mega Chansey|425\/656|[from] item: Leftovers
|-damage|p2a: Aerosmactyl|121\/311 tox|[from] psn
|turn|52
|c| Emma Bae|crit
|c| Emma Bae|please
|c| catchy tune|fishing for a crit
|
|move|p2a: Aerosmactyl|Stone Edge|p1a: Mega Chansey|[miss]
|-miss|p2a: Aerosmactyl|p1a: Mega Chansey
|move|p1a: Mega Chansey|Soft-Boiled|p1a: Mega Chansey
|-heal|p1a: Mega Chansey|656\/656
|
|-damage|p2a: Aerosmactyl|26\/311 tox|[from] psn
|turn|53
|
|move|p2a: Aerosmactyl|Stone Edge|p1a: Mega Chansey
|-damage|p1a: Mega Chansey|299\/656
|move|p1a: Mega Chansey|Soft-Boiled|p1a: Mega Chansey
|-heal|p1a: Mega Chansey|627\/656
|
|-heal|p1a: Mega Chansey|656\/656|[from] item: Leftovers
|-damage|p2a: Aerosmactyl|0 fnt|[from] psn
|faint|p2a: Aerosmactyl
|c| Shit user|he has 3 left
|c| catchy tune|welp
|c| Shit user|2
|c|âpokemonisfun|he has cb superpower
|c|âpokemonisfun|he was just playing with me
|
|switch|p2a: Wither|Hydreigon, F|325\/325
|-damage|p2a: Wither|285\/325|[from] Stealth Rock
|turn|54
|
|move|p2a: Wither|Dark Pulse|p1a: Mega Chansey
|-damage|p1a: Mega Chansey|580\/656
|move|p1a: Mega Chansey|Toxic|p2a: Wither
|-status|p2a: Wither|tox
|
|-heal|p1a: Mega Chansey|621\/656|[from] item: Leftovers
|-damage|p2a: Wither|265\/325 tox|[from] psn
|turn|55
|c| catchy tune|SP dreigon?
|c| catchy tune|maybe
|c| Shit user|got
|
|move|p2a: Wither|Dark Pulse|p1a: Mega Chansey
|-damage|p1a: Mega Chansey|540\/656
|move|p1a: Mega Chansey|Seismic Toss|p2a: Wither
|-damage|p2a: Wither|165\/325 tox
|
|-heal|p1a: Mega Chansey|581\/656|[from] item: Leftovers
|-damage|p2a: Wither|125\/325 tox|[from] psn
|turn|56
|c| Shit user|em
|
|move|p2a: Wither|Dark Pulse|p1a: Mega Chansey
|-damage|p1a: Mega Chansey|503\/656
|move|p1a: Mega Chansey|Seismic Toss|p2a: Wither
|-damage|p2a: Wither|25\/325 tox
|
|-heal|p1a: Mega Chansey|544\/656|[from] item: Leftovers
|-damage|p2a: Wither|0 fnt|[from] psn
|faint|p2a: Wither
|c| Shit user|wait he probably wont have
|c|âCoolStoryBrobat|Yeah know what
|c| Shit user|that good ability
|c| Shit user|rip
|c|âCoolStoryBrobat|I think I'm gonna just leave this stupid thing for a while
|
|switch|p2a: 50 Cent|Chesnaught, F|181\/380 tox
|-damage|p2a: 50 Cent|158\/380 tox|[from] Stealth Rock
|turn|57
|c| catchy tune|seriously ban this pink blob
|c| Shit user|i mean you should have won this
|c|âpokemonisfun|im sorry fire blast granbull was lame brother
|c| Shit user|lol
|c| catchy tune|its too ridicoulous
|
|move|p2a: 50 Cent|Synthesis|p2a: 50 Cent
|-heal|p2a: 50 Cent|348\/380 tox
|move|p1a: Mega Chansey|Soft-Boiled|p1a: Mega Chansey
|-heal|p1a: Mega Chansey|656\/656
|
|-heal|p2a: 50 Cent|371\/380 tox|[from] item: Leftovers
|-damage|p2a: 50 Cent|348\/380 tox|[from] psn
|turn|58
|c| catsarenice|#PrayForCSB
|c| Shit user|last boiled
|c|âCoolStoryBrobat|Nigga don't condescend upon me
|c| Shit user|ebic
|
|move|p2a: 50 Cent|Wood Hammer|p1a: Mega Chansey
|-damage|p1a: Mega Chansey|370\/656
|-damage|p2a: 50 Cent|254\/380 tox|[from] recoil|[of] p1a: Mega Chansey
|move|p1a: Mega Chansey|Seismic Toss|p2a: 50 Cent
|-damage|p2a: 50 Cent|154\/380 tox
|
|-heal|p2a: 50 Cent|177\/380 tox|[from] item: Leftovers
|-heal|p1a: Mega Chansey|411\/656|[from] item: Leftovers
|-damage|p2a: 50 Cent|131\/380 tox|[from] psn
|turn|59
|join|chechote
|c| Gay Bear Sex|crit
|
|move|p2a: 50 Cent|Synthesis|p2a: 50 Cent
|-heal|p2a: 50 Cent|321\/380 tox
|move|p1a: Mega Chansey|Seismic Toss|p2a: 50 Cent
|-damage|p2a: 50 Cent|221\/380 tox
|
|-heal|p2a: 50 Cent|244\/380 tox|[from] item: Leftovers
|-heal|p1a: Mega Chansey|452\/656|[from] item: Leftovers
|-damage|p2a: 50 Cent|175\/380 tox|[from] psn
|turn|60
|c| Gay Bear Sex|pls
|
|move|p2a: 50 Cent|Wood Hammer|p1a: Mega Chansey
|-damage|p1a: Mega Chansey|155\/656
|-damage|p2a: 50 Cent|77\/380 tox|[from] recoil|[of] p1a: Mega Chansey
|move|p1a: Mega Chansey|Seismic Toss|p2a: 50 Cent
|-damage|p2a: 50 Cent|0 fnt
|faint|p2a: 50 Cent
|
|win|pokemonisfun
|raw|Ladder updating...
|raw|pokemonisfun's rating: 1663 &rarr; <strong>1673<\/strong><br \/>(+10 for winning)
|raw|CoolStoryBrobat's rating: 1463 &rarr; <strong>1454<\/strong><br \/>(-9 for losing)
|c| Shit user|:[
|c| catchy tune|bg
|c| catsarenice|gg
|c| Emma Bae|he has no more soft boiled
|c| Emma Bae|CSB can win
|leave|catsarenice
|leave|pokemonisfun
|player|p1
|c| Shit user|nice emma bae
|c| Shit user|xD
|c| Emma Bae|lmfao
|c| Emma Bae|i was
|leave|CoolStoryBrobat
|player|p2
|c| Emma Bae|like 3 turns
|leave|catchy tune
|c| Emma Bae|behind
|c| Shit user|ik
|c| Emma Bae|ffs
|leave|Gay Bear Sex
|leave|Shit user
|join|catsarenice
|leave|Emma Bae
|leave|catsarenice
|leave|7th January 2015