|join|CoolStoryBrobat
|join|Emma Bae â¥
|c|âEmma Bae â¥|Wow why
|player|p1|CoolStoryBrobat|#coolstorybrobat
|player|p2|Emma Bae â¥|70
|gametype|singles
|gen|6
|tier|UU
|rated
|rule|Sleep Clause Mod: Limit one foe put to sleep
|rule|Species Clause: Limit one of each PokÃ©mon
|rule|OHKO Clause: OHKO moves are banned
|rule|Moody Clause: Moody is banned
|rule|Evasion Moves Clause: Evasion moves are banned
|rule|Endless Battle Clause: Forcing endless battles is banned
|rule|HP Percentage Mod: HP is shown in percentages
|clearpoke
|poke|p1|Porygon-Z
|poke|p1|Nidoqueen, F
|poke|p1|Aerodactyl, M
|poke|p1|Florges, F
|poke|p1|Suicune
|poke|p1|Cobalion
|poke|p2|Medicham, F
|poke|p2|Krookodile, F
|poke|p2|Jirachi
|poke|p2|Starmie
|poke|p2|Florges, F
|poke|p2|Mienshao, F
|rule|Swagger Clause: Swagger is banned
|rule|Baton Pass Clause: Limit one PokÃ©mon knowing Baton Pass
|teampreview
|c|âCoolStoryBrobat|Because
|c|âEmma Bae â¥|You need to learn to finish your sentences because
|c|âCoolStoryBrobat|I refuse to finish my sentences
|c|âCoolStoryBrobat|That's why you'll never
|c|âEmma Bae â¥|okay i was just giving
|c|âEmma Bae â¥|Hahahha this is so lame
|
|start
|switch|p1a: Aerodactyl|Aerodactyl, M|311\/311
|switch|p2a: Medicham|Medicham, F|261\/261
|turn|1
|
|detailschange|p1a: Aerodactyl|Aerodactyl-Mega, M
|-mega|p1a: Aerodactyl|Aerodactyl|Aerodactylite
|detailschange|p2a: Medicham|Medicham-Mega, F
|-mega|p2a: Medicham|Medicham|Medichamite
|move|p2a: Medicham|Fake Out|p1a: Aerodactyl
|-resisted|p1a: Aerodactyl
|-damage|p1a: Aerodactyl|269\/311
|cant|p1a: Aerodactyl|flinch
|
|turn|2
|c|âEmma Bae â¥|oh btw
|c|âEmma Bae â¥|HI UTUB
|c|âCoolStoryBrobat|Nah this isn't being recorded
|
|switch|p2a: Starmie|Starmie|324\/324
|move|p1a: Aerodactyl|Earthquake|p2a: Starmie
|-damage|p2a: Starmie|226\/324
|
|-heal|p2a: Starmie|246\/324|[from] item: Leftovers
|turn|3
|c|âCoolStoryBrobat|I am on early and all but...
|c|âCoolStoryBrobat|bulkmie
|c|âCoolStoryBrobat|You disgust me
|c|âEmma Bae â¥|Way to break my dreams..
|c|âEmma Bae â¥|:[
|
|switch|p1a: Cobalion|Cobalion|323\/323
|move|p2a: Starmie|Toxic|p1a: Cobalion|[miss]
|-miss|p2a: Starmie|p1a: Cobalion
|
|-heal|p2a: Starmie|266\/324|[from] item: Leftovers
|turn|4
|c|âEmma Bae â¥|wtf just happened
|
|move|p1a: Cobalion|Stealth Rock|p2a: Starmie
|-sidestart|p2: Emma Bae â¥|move: Stealth Rock
|move|p2a: Starmie|Scald|p1a: Cobalion
|-damage|p1a: Cobalion|202\/323
|
|-heal|p1a: Cobalion|222\/323|[from] item: Leftovers
|-heal|p2a: Starmie|286\/324|[from] item: Leftovers
|turn|5
|join|BenzMafia
|c|âCoolStoryBrobat|Good ol bulkmie
|
|move|p1a: Cobalion|Volt Switch|p2a: Starmie
|-supereffective|p2a: Starmie
|-damage|p2a: Starmie|180\/324
|c|âEmma Bae â¥|why did u switch a colbaelion onto a starmie
|c|âEmma Bae â¥|Starmie used Toxic!
|c|âEmma Bae â¥|The opposing Cobalion avoided the attack!
|c|âEmma Bae â¥|wow hax
|
|switch|p1a: Porygon-Z|Porygon-Z|331\/331
|move|p2a: Starmie|Scald|p1a: Porygon-Z
|-damage|p1a: Porygon-Z|220\/331
|
|-heal|p2a: Starmie|200\/324|[from] item: Leftovers
|turn|6
|c|âCoolStoryBrobat|becuase I know it's bulky Starmie
|c|âCoolStoryBrobat|duh
|c|âEmma Bae â¥|scald burn
|
|switch|p2a: Jirachi|Jirachi|404\/404
|-damage|p2a: Jirachi|379\/404|[from] Stealth Rock
|move|p1a: Porygon-Z|Agility|p1a: Porygon-Z
|-boost|p1a: Porygon-Z|spe|2
|
|-heal|p2a: Jirachi|404\/404|[from] item: Leftovers
|turn|7
|
|move|p1a: Porygon-Z|Shadow Ball|p2a: Jirachi
|-supereffective|p2a: Jirachi
|-damage|p2a: Jirachi|156\/404
|move|p2a: Jirachi|Iron Head|p1a: Porygon-Z
|-damage|p1a: Porygon-Z|93\/331
|
|-heal|p2a: Jirachi|181\/404|[from] item: Leftovers
|turn|8
|c|âEmma Bae â¥|why did that do 0?
|
|switch|p2a: Florges|Florges, F|330\/330
|-damage|p2a: Florges|289\/330|[from] Stealth Rock
|move|p1a: Porygon-Z|Shadow Ball|p2a: Florges
|-damage|p2a: Florges|219\/330
|
|-heal|p2a: Florges|239\/330|[from] item: Leftovers
|turn|9
|c|âEmma Bae â¥|wait
|c|âEmma Bae â¥|bulky PZ
|
|move|p1a: Porygon-Z|Tri Attack|p2a: Florges
|-damage|p2a: Florges|87\/330
|move|p2a: Florges|Psychic|p1a: Porygon-Z
|-damage|p1a: Porygon-Z|0 fnt
|faint|p1a: Porygon-Z
|
|-heal|p2a: Florges|107\/330|[from] item: Leftovers
|
|switch|p1a: Cobalion|Cobalion|222\/323
|turn|10
|
|move|p1a: Cobalion|Iron Head|p2a: Florges
|-supereffective|p2a: Florges
|-damage|p2a: Florges|0 fnt
|faint|p2a: Florges
|
|-heal|p1a: Cobalion|242\/323|[from] item: Leftovers
|c|âEmma Bae â¥|nooo you didnt over predict
|c|âEmma Bae â¥|:p
|
|switch|p2a: Starmie|Starmie|200\/324
|-damage|p2a: Starmie|160\/324|[from] Stealth Rock
|turn|11
|c|âCoolStoryBrobat|I'm tired of being referred to as a 'choke artist'
|
|move|p1a: Cobalion|Volt Switch|p2a: Starmie
|-supereffective|p2a: Starmie
|-damage|p2a: Starmie|58\/324
|c|âCoolStoryBrobat|That stuff burns me up
|c|âCoolStoryBrobat|Nowadays I'm just hungry
|c|âEmma Bae â¥|Hahah who says that
|
|switch|p1a: Aerodactyl|Aerodactyl-Mega, M|269\/311
|move|p2a: Starmie|Scald|p1a: Aerodactyl
|-supereffective|p1a: Aerodactyl
|-damage|p1a: Aerodactyl|87\/311
|-status|p1a: Aerodactyl|brn
|
|-heal|p2a: Starmie|78\/324|[from] item: Leftovers
|-damage|p1a: Aerodactyl|49\/311 brn|[from] brn
|turn|12
|c|âEmma Bae â¥|yay
|c|âEmma Bae â¥|choke artist
|
|move|p1a: Aerodactyl|Aerial Ace|p2a: Starmie
|-damage|p2a: Starmie|21\/324
|move|p2a: Starmie|Recover|p2a: Starmie
|-heal|p2a: Starmie|183\/324
|
|-heal|p2a: Starmie|203\/324|[from] item: Leftovers
|-damage|p1a: Aerodactyl|11\/311 brn|[from] brn
|turn|13
|c|âCoolStoryBrobat|bulky starmie is so gay
|
|move|p1a: Aerodactyl|Stone Edge|p2a: Starmie|[miss]
|-miss|p1a: Aerodactyl|p2a: Starmie
|move|p2a: Starmie|Recover|p2a: Starmie
|-heal|p2a: Starmie|324\/324
|
|-damage|p1a: Aerodactyl|0 fnt|[from] brn
|faint|p1a: Aerodactyl
|c|âEmma Bae â¥|hahaha sorry :[
|c|âEmma Bae â¥|but i still dont see the problem with it
|c|âEmma Bae â¥|Isn't like blissey.. more stupid?
|c|âCoolStoryBrobat|I can crumble Blissey to pieces and setup on it with almost everything I have
|c|âEmma Bae â¥|setup florges?
|c|âCoolStoryBrobat|almost
|c|âEmma Bae â¥|O.o how can there be an almost?
|c|âCoolStoryBrobat|because it's more than 1 Pokemon but less than 6
|c|âEmma Bae â¥|Hahahah
|join|Alldaalts
|
|switch|p1a: Cobalion|Cobalion|242\/323
|turn|14
|c|âEmma Bae â¥|thanks sherlock
|c|âEmma Bae â¥|going for burn y\/n
|
|move|p1a: Cobalion|Volt Switch|p2a: Starmie
|-supereffective|p2a: Starmie
|-damage|p2a: Starmie|222\/324
|
|switch|p1a: Suicune|Suicune|403\/403
|-ability|p1a: Suicune|Pressure
|move|p2a: Starmie|Scald|p1a: Suicune
|-resisted|p1a: Suicune
|-damage|p1a: Suicune|361\/403
|-status|p1a: Suicune|brn
|
|-heal|p2a: Starmie|242\/324|[from] item: Leftovers
|-heal|p1a: Suicune|386\/403 brn|[from] item: Leftovers
|-damage|p1a: Suicune|336\/403 brn|[from] brn
|turn|15
|c|âEmma Bae â¥|do you run sp atk or is cobaelion just a god?
|c|âCoolStoryBrobat|it's just that good
|
|move|p2a: Starmie|Rapid Spin|p1a: Suicune
|-damage|p1a: Suicune|328\/403 brn
|-sideend|p2: Emma Bae â¥|Stealth Rock|[from] move: Rapid Spin|[of] p2a: Starmie
|move|p1a: Suicune|Calm Mind|p1a: Suicune
|-boost|p1a: Suicune|spa|1
|-boost|p1a: Suicune|spd|1
|
|-heal|p2a: Starmie|262\/324|[from] item: Leftovers
|-heal|p1a: Suicune|353\/403 brn|[from] item: Leftovers
|-damage|p1a: Suicune|303\/403 brn|[from] brn
|turn|16
|c|âEmma Bae â¥|damn
|join|dodmen
|c|+dodmen|âCoolStoryBrobat: I refuse to finish my sentences
|c|+dodmen|âCoolStoryBrobat: That's why you'll never
|
|switch|p2a: Jirachi|Jirachi|181\/404
|move|p1a: Suicune|Calm Mind|p1a: Suicune
|-boost|p1a: Suicune|spa|1
|-boost|p1a: Suicune|spd|1
|
|-heal|p2a: Jirachi|206\/404|[from] item: Leftovers
|-heal|p1a: Suicune|328\/403 brn|[from] item: Leftovers
|-damage|p1a: Suicune|278\/403 brn|[from] brn
|turn|17
|c|âCoolStoryBrobat|U-turn to Medicham
|c|âEmma Bae â¥|nah
|c|âEmma Bae â¥|para flinch you
|c|âEmma Bae â¥|while burnt
|c|âEmma Bae â¥|;]
|
|move|p2a: Jirachi|Iron Head|p1a: Suicune
|-resisted|p1a: Suicune
|-damage|p1a: Suicune|245\/403 brn
|move|p1a: Suicune|Scald|p2a: Jirachi
|-damage|p2a: Jirachi|7\/404
|-status|p2a: Jirachi|brn
|
|-heal|p2a: Jirachi|32\/404 brn|[from] item: Leftovers
|-heal|p1a: Suicune|270\/403 brn|[from] item: Leftovers
|-damage|p2a: Jirachi|0 fnt|[from] brn
|-damage|p1a: Suicune|220\/403 brn|[from] brn
|faint|p2a: Jirachi
|c|âEmma Bae â¥|that went well
|
|switch|p2a: Medicham|Medicham-Mega, F|261\/261
|turn|18
|c|âCoolStoryBrobat|dinnit doe?
|c|âEmma Bae â¥|Mhm
|c|+dodmen|this dies right now
|c|+dodmen|it's just losing 56% of its health
|c|âCoolStoryBrobat|I had the game plan all set
|c|âCoolStoryBrobat|Thanks for the heads up though
|
|switch|p1a: Florges|Florges, F|360\/360
|move|p2a: Medicham|High Jump Kick|p1a: Florges
|-resisted|p1a: Florges
|-damage|p1a: Florges|160\/360
|
|-heal|p1a: Florges|182\/360|[from] item: Leftovers
|turn|19
|c|+dodmen|ah.
|c|âCoolStoryBrobat|Man fk this thing
|c|âEmma Bae â¥|that did a bit of damage
|c|âCoolStoryBrobat|Why are they taking so long to ban it
|c|âEmma Bae â¥|:[ trust me i want it banned aswell
|
|move|p1a: Florges|Protect|p1a: Florges
|-singleturn|p1a: Florges|Protect
|move|p2a: Medicham|Psycho Cut|p1a: Florges
|-activate|p1a: Florges|Protect
|
|-heal|p1a: Florges|204\/360|[from] item: Leftovers
|turn|20
|c|+dodmen|koko just put the vote up yesterday
|c|âCoolStoryBrobat|okay it's not Zen Headbutt
|c|+dodmen|6\/6 have voted ban so far
|c|âCoolStoryBrobat|I might live...
|join|6 agility
|
|move|p2a: Medicham|Psycho Cut|p1a: Florges
|-damage|p1a: Florges|9\/360
|move|p1a: Florges|Moonblast|p2a: Medicham
|-supereffective|p2a: Medicham
|-damage|p2a: Medicham|0 fnt
|faint|p2a: Medicham
|
|-heal|p1a: Florges|31\/360|[from] item: Leftovers
|c|âCoolStoryBrobat|Praise Jesus
|c|âEmma Bae â¥|fuck off thats stupid
|c|âEmma Bae â¥|:[
|c|+dodmen|high jump kick
|
|switch|p2a: Krookodile|Krookodile, F|331\/331
|-ability|p2a: Krookodile|Intimidate|[of] p1a: Florges
|-unboost|p1a: Florges|atk|1
|turn|21
|c|+dodmen|did more damage.
|c|âEmma Bae â¥|ikr
|
|move|p1a: Florges|Protect|p1a: Florges
|-singleturn|p1a: Florges|Protect
|move|p2a: Krookodile|Earthquake|p1a: Florges
|-activate|p1a: Florges|Protect
|
|-heal|p1a: Florges|53\/360|[from] item: Leftovers
|turn|22
|join|MyLittleDick
|join|hxhxhxhxhxhxhx
|
|move|p2a: Krookodile|Earthquake|p1a: Florges
|-damage|p1a: Florges|0 fnt
|faint|p1a: Florges
|
|
|switch|p1a: Suicune|Suicune|220\/403 brn
|-ability|p1a: Suicune|Pressure
|turn|23
|
|move|p2a: Krookodile|Knock Off|p1a: Suicune
|-damage|p1a: Suicune|103\/403 brn
|-enditem|p1a: Suicune|Leftovers|[from] move: Knock Off|[of] p2a: Krookodile
|move|p1a: Suicune|Scald|p2a: Krookodile
|-supereffective|p2a: Krookodile
|-damage|p2a: Krookodile|79\/331
|
|-damage|p1a: Suicune|53\/403 brn|[from] brn
|turn|24
|
|move|p2a: Krookodile|Earthquake|p1a: Suicune
|-damage|p1a: Suicune|0 fnt
|faint|p1a: Suicune
|
|
|switch|p1a: Cobalion|Cobalion|242\/323
|turn|25
|
|move|p1a: Cobalion|Close Combat|p2a: Krookodile
|-supereffective|p2a: Krookodile
|-damage|p2a: Krookodile|0 fnt
|-unboost|p1a: Cobalion|def|1
|-unboost|p1a: Cobalion|spd|1
|faint|p2a: Krookodile
|
|-heal|p1a: Cobalion|262\/323|[from] item: Leftovers
|
|switch|p2a: Starmie|Starmie|262\/324
|turn|26
|
|move|p1a: Cobalion|Iron Head|p2a: Starmie
|-resisted|p2a: Starmie
|-damage|p2a: Starmie|220\/324
|move|p2a: Starmie|Scald|p1a: Cobalion
|-damage|p1a: Cobalion|61\/323
|
|-heal|p1a: Cobalion|81\/323|[from] item: Leftovers
|-heal|p2a: Starmie|240\/324|[from] item: Leftovers
|turn|27
|c| 6 agility|BibleThump
|
|move|p1a: Cobalion|Iron Head|p2a: Starmie
|-crit|p2a: Starmie
|-resisted|p2a: Starmie
|-damage|p2a: Starmie|168\/324
|cant|p2a: Starmie|flinch
|
|-heal|p1a: Cobalion|101\/323|[from] item: Leftovers
|-heal|p2a: Starmie|188\/324|[from] item: Leftovers
|turn|28
|c|âEmma Bae â¥|ah nice
|c| 6 agility|channel your inner jirachi
|c|âEmma Bae â¥|hahah
|c|âEmma Bae â¥|6 agility: channel your inner jirachi
|c|âCoolStoryBrobat|May as well
|c|âEmma Bae â¥|that's great :]
|
|move|p1a: Cobalion|Iron Head|p2a: Starmie
|-resisted|p2a: Starmie
|-damage|p2a: Starmie|146\/324
|cant|p2a: Starmie|flinch
|
|-heal|p1a: Cobalion|121\/323|[from] item: Leftovers
|-heal|p2a: Starmie|166\/324|[from] item: Leftovers
|turn|29
|c|âEmma Bae â¥|omfg
|c|âCoolStoryBrobat|Unleash
|
|move|p1a: Cobalion|Iron Head|p2a: Starmie
|-resisted|p2a: Starmie
|-damage|p2a: Starmie|125\/324
|cant|p2a: Starmie|flinch
|
|-heal|p1a: Cobalion|141\/323|[from] item: Leftovers
|-heal|p2a: Starmie|145\/324|[from] item: Leftovers
|turn|30
|c|+dodmen|!
|c|âEmma Bae â¥|is this a joke
|c|âCoolStoryBrobat|Starmie just a phuccboi
|c|âCoolStoryBrobat|Brobalion the truth
|
|move|p1a: Cobalion|Iron Head|p2a: Starmie
|-resisted|p2a: Starmie
|-damage|p2a: Starmie|100\/324
|move|p2a: Starmie|Recover|p2a: Starmie
|-heal|p2a: Starmie|262\/324
|
|-heal|p1a: Cobalion|161\/323|[from] item: Leftovers
|-heal|p2a: Starmie|282\/324|[from] item: Leftovers
|turn|31
|leave|dodmen
|c|âEmma Bae â¥|that took a while..
|
|move|p1a: Cobalion|Iron Head|p2a: Starmie
|-resisted|p2a: Starmie
|-damage|p2a: Starmie|234\/324
|move|p2a: Starmie|Scald|p1a: Cobalion
|-damage|p1a: Cobalion|0 fnt
|faint|p1a: Cobalion
|
|-heal|p2a: Starmie|254\/324|[from] item: Leftovers
|join|YoungLegend
|
|switch|p1a: Nidoqueen|Nidoqueen, F|331\/331
|turn|32
|c|âCoolStoryBrobat|just miss
|
|move|p2a: Starmie|Scald|p1a: Nidoqueen
|-crit|p1a: Nidoqueen
|-supereffective|p1a: Nidoqueen
|-damage|p1a: Nidoqueen|0 fnt
|faint|p1a: Nidoqueen
|
|win|Emma Bae â¥
|raw|Ladder updating...
|c|âCoolStoryBrobat|Man
|raw|CoolStoryBrobat's rating: 1519 &rarr; <strong>1496<\/strong><br \/>(-23 for losing)
|raw|Emma Bae â¥'s rating: 1456 &rarr; <strong>1480<\/strong><br \/>(+24 for winning)
|c|âEmma Bae â¥|um
|c|âCoolStoryBrobat|That stupid Aero lay
|leave|YoungLegend
|c|âEmma Bae â¥|:\/
|leave|Alldaalts
|c|âEmma Bae â¥|gg
|c|âCoolStoryBrobat|all good
|c|âCoolStoryBrobat|gg
|c|âEmma Bae â¥|:]
|leave|CoolStoryBrobat
|leave|Emma Bae â¥
|player|p1
|player|p2
|leave|BenzMafia
|join|Emma Bae â¥
|leave|MyLittleDick
|leave|hxhxhxhxhxhxhx
|join|Alldaalts