|join|ULT Lapraz
|join|CoolStoryBrobat
|player|p1|ULT Lapraz|157
|player|p2|CoolStoryBrobat|#coolstorybrobat
|gametype|singles
|gen|6
|tier|UU
|rated
|rule|Sleep Clause Mod: Limit one foe put to sleep
|rule|Species Clause: Limit one of each PokÃ©mon
|rule|OHKO Clause: OHKO moves are banned
|rule|Moody Clause: Moody is banned
|rule|Evasion Moves Clause: Evasion moves are banned
|rule|Endless Battle Clause: Forcing endless battles is banned
|rule|HP Percentage Mod: HP is shown in percentages
|clearpoke
|poke|p1|Crobat, F
|poke|p1|Suicune
|poke|p1|Granbull, M
|poke|p1|Forretress, M
|poke|p1|Blissey, F
|poke|p1|Celebi
|poke|p2|Suicune
|poke|p2|Nidoqueen, F
|poke|p2|Entei, shiny
|poke|p2|Crobat, M
|poke|p2|Sceptile, F
|poke|p2|Florges, F
|rule|Swagger Clause: Swagger is banned
|rule|Baton Pass Clause: Limit one PokÃ©mon knowing Baton Pass
|teampreview
|join|Snowballin
|c|âCoolStoryBrobat|The pif team
|c|âCoolStoryBrobat|With an actual wincon instead of a RestTalk Swampert
|c|âULT Lapraz|lol
|c| Snowballin|lel
|c| Snowballin|but
|c|âULT Lapraz|shhh
|
|start
|switch|p1a: Suicune|Suicune|404\/404
|switch|p2a: Nidoqueen|Nidoqueen, F|331\/331
|-ability|p1a: Suicune|Pressure
|turn|1
|c| Snowballin|That means volt switch puts lots of offensive pressure
|c| Snowballin|sadlife
|c|âULT Lapraz|o
|c|âULT Lapraz|yeah
|join|xMarth
|
|switch|p2a: Sceptile|Sceptile, F|281\/281
|move|p1a: Suicune|Scald|p2a: Sceptile
|-resisted|p2a: Sceptile
|-damage|p2a: Sceptile|233\/281
|
|turn|2
|
|switch|p1a: Celebi|Celebi|404\/404
|detailschange|p2a: Sceptile|Sceptile-Mega, F
|-mega|p2a: Sceptile|Sceptile|Sceptilite
|move|p2a: Sceptile|Focus Blast|p1a: Celebi
|-resisted|p1a: Celebi
|-damage|p1a: Celebi|349\/404
|
|-heal|p1a: Celebi|374\/404|[from] item: Leftovers
|turn|3
|
|switch|p2a: Brobat|Crobat, M|347\/347
|move|p1a: Celebi|Stealth Rock|p2a: Brobat
|-sidestart|p2: CoolStoryBrobat|move: Stealth Rock
|
|-heal|p1a: Celebi|399\/404|[from] item: Leftovers
|turn|4
|
|switch|p1a: Suicune|Suicune|404\/404
|-ability|p1a: Suicune|Pressure
|move|p2a: Brobat|Brave Bird|p1a: Suicune
|-damage|p1a: Suicune|284\/404
|-damage|p2a: Brobat|307\/347|[from] recoil|[of] p1a: Suicune
|
|-heal|p1a: Suicune|309\/404|[from] item: Leftovers
|turn|5
|
|move|p2a: Brobat|Defog|p1a: Suicune
|-unboost|p1a: Suicune|evasion|1
|-sideend|p2: CoolStoryBrobat|Stealth Rock|[from] move: Defog|[of] p2a: Brobat
|move|p1a: Suicune|Scald|p2a: Brobat
|-crit|p2a: Brobat
|-damage|p2a: Brobat|142\/347
|-status|p2a: Brobat|brn
|
|-heal|p1a: Suicune|334\/404|[from] item: Leftovers
|-damage|p2a: Brobat|99\/347 brn|[from] brn
|turn|6
|
|switch|p1a: Celebi|Celebi|399\/404
|move|p2a: Brobat|U-turn|p1a: Celebi
|-supereffective|p1a: Celebi
|-damage|p1a: Celebi|263\/404
|
|switch|p2a: Entei|Entei, shiny|371\/371
|-ability|p2a: Entei|Pressure
|
|-heal|p1a: Celebi|288\/404|[from] item: Leftovers
|turn|7
|
|switch|p1a: Suicune|Suicune|334\/404
|-ability|p1a: Suicune|Pressure
|move|p2a: Entei|Sacred Fire|p1a: Suicune
|-resisted|p1a: Suicune
|-damage|p1a: Suicune|245\/404
|-status|p1a: Suicune|brn
|
|-heal|p1a: Suicune|270\/404 brn|[from] item: Leftovers
|-damage|p1a: Suicune|220\/404 brn|[from] brn
|turn|8
|
|switch|p2a: Sceptile|Sceptile-Mega, F|233\/281
|move|p1a: Suicune|Rest|p1a: Suicune
|-status|p1a: Suicune|slp
|-heal|p1a: Suicune|404\/404 slp|[silent]
|-status|p1a: Suicune|slp|[from] move: Rest
|
|turn|9
|
|switch|p1a: Blissey|Blissey, F|657\/657
|move|p2a: Sceptile|Dragon Pulse|p1a: Blissey
|-damage|p1a: Blissey|554\/657
|
|-heal|p1a: Blissey|595\/657|[from] item: Leftovers
|turn|10
|
|switch|p2a: Nidoqueen|Nidoqueen, F|331\/331
|move|p1a: Blissey|Seismic Toss|p2a: Nidoqueen
|-damage|p2a: Nidoqueen|231\/331
|
|-heal|p1a: Blissey|636\/657|[from] item: Leftovers
|turn|11
|
|move|p2a: Nidoqueen|Stealth Rock|p1a: Blissey
|-sidestart|p1: ULT Lapraz|move: Stealth Rock
|move|p1a: Blissey|Seismic Toss|p2a: Nidoqueen
|-damage|p2a: Nidoqueen|131\/331
|
|-heal|p1a: Blissey|657\/657|[from] item: Leftovers
|turn|12
|
|switch|p2a: Florges|Florges, F|360\/360
|move|p1a: Blissey|Toxic|p2a: Florges
|-status|p2a: Florges|tox
|
|-damage|p2a: Florges|338\/360 tox|[from] psn
|turn|13
|
|switch|p1a: Celebi|Celebi|288\/404
|-damage|p1a: Celebi|238\/404|[from] Stealth Rock
|move|p2a: Florges|Aromatherapy|p2a: Florges
|-cureteam|p2a: Florges|[from] move: Aromatherapy
|
|-heal|p1a: Celebi|263\/404|[from] item: Leftovers
|-heal|p2a: Florges|360\/360|[from] item: Leftovers
|turn|14
|
|switch|p2a: Brobat|Crobat, M|99\/347
|move|p1a: Celebi|Stealth Rock|p2a: Brobat
|-sidestart|p2: CoolStoryBrobat|move: Stealth Rock
|
|-heal|p1a: Celebi|288\/404|[from] item: Leftovers
|turn|15
|
|switch|p1a: Suicune|Suicune|404\/404 slp
|-damage|p1a: Suicune|354\/404 slp|[from] Stealth Rock
|-ability|p1a: Suicune|Pressure
|move|p2a: Brobat|Roost|p2a: Brobat
|-heal|p2a: Brobat|273\/347
|
|-heal|p1a: Suicune|379\/404 slp|[from] item: Leftovers
|turn|16
|
|move|p2a: Brobat|U-turn|p1a: Suicune
|-damage|p1a: Suicune|341\/404 slp
|
|switch|p2a: Suicune|Suicune|404\/404
|-damage|p2a: Suicune|354\/404|[from] Stealth Rock
|-ability|p2a: Suicune|Pressure
|cant|p1a: Suicune|slp
|move|p1a: Suicune|Sleep Talk|p1a: Suicune
|move|p1a: Suicune|Scald|p2a: Suicune|[from]Sleep Talk
|-resisted|p2a: Suicune
|-damage|p2a: Suicune|315\/404
|
|-heal|p2a: Suicune|340\/404|[from] item: Leftovers
|-heal|p1a: Suicune|366\/404 slp|[from] item: Leftovers
|turn|17
|
|move|p2a: Suicune|Substitute|p2a: Suicune
|-start|p2a: Suicune|Substitute
|-damage|p2a: Suicune|239\/404
|cant|p1a: Suicune|slp
|move|p1a: Suicune|Sleep Talk|p1a: Suicune
|move|p1a: Suicune|Scald|p2a: Suicune|[from]Sleep Talk
|-resisted|p2a: Suicune
|-activate|p2a: Suicune|Substitute|[damage]
|
|-heal|p2a: Suicune|264\/404|[from] item: Leftovers
|-heal|p1a: Suicune|391\/404 slp|[from] item: Leftovers
|turn|18
|c|âULT Lapraz|o
|
|move|p2a: Suicune|Calm Mind|p2a: Suicune
|-boost|p2a: Suicune|spa|1
|-boost|p2a: Suicune|spd|1
|-curestatus|p1a: Suicune|slp
|move|p1a: Suicune|Roar|p2a: Suicune
|drag|p2a: Brobat|Crobat, M|273\/347
|-damage|p2a: Brobat|187\/347|[from] Stealth Rock
|
|-heal|p1a: Suicune|404\/404|[from] item: Leftovers
|turn|19
|c|âCoolStoryBrobat|That is gay
|c|âCoolStoryBrobat|You can't have more than one RoarCune in the game
|
|move|p2a: Brobat|U-turn|p1a: Suicune
|-damage|p1a: Suicune|365\/404
|
|switch|p2a: Sceptile|Sceptile-Mega, F|233\/281
|-damage|p2a: Sceptile|198\/281|[from] Stealth Rock
|move|p1a: Suicune|Scald|p2a: Sceptile
|-resisted|p2a: Sceptile
|-damage|p2a: Sceptile|174\/281
|
|-heal|p1a: Suicune|390\/404|[from] item: Leftovers
|turn|20
|
|switch|p1a: Blissey|Blissey, F|657\/657
|-damage|p1a: Blissey|575\/657|[from] Stealth Rock
|move|p2a: Sceptile|Leaf Storm|p1a: Blissey
|-damage|p1a: Blissey|404\/657
|-unboost|p2a: Sceptile|spa|2
|
|-heal|p1a: Blissey|445\/657|[from] item: Leftovers
|turn|21
|
|switch|p2a: Florges|Florges, F|360\/360
|-damage|p2a: Florges|315\/360|[from] Stealth Rock
|move|p1a: Blissey|Seismic Toss|p2a: Florges
|-damage|p2a: Florges|215\/360
|
|-heal|p2a: Florges|237\/360|[from] item: Leftovers
|-heal|p1a: Blissey|486\/657|[from] item: Leftovers
|turn|22
|
|switch|p1a: Celebi|Celebi|288\/404
|-damage|p1a: Celebi|238\/404|[from] Stealth Rock
|move|p2a: Florges|Wish|p2a: Florges
|
|-heal|p1a: Celebi|263\/404|[from] item: Leftovers
|-heal|p2a: Florges|259\/360|[from] item: Leftovers
|turn|23
|
|switch|p2a: Nidoqueen|Nidoqueen, F|131\/331
|-damage|p2a: Nidoqueen|111\/331|[from] Stealth Rock
|move|p1a: Celebi|Psychic|p2a: Nidoqueen
|-supereffective|p2a: Nidoqueen
|-damage|p2a: Nidoqueen|0 fnt
|faint|p2a: Nidoqueen
|
|-heal|p1a: Celebi|288\/404|[from] item: Leftovers
|
|switch|p2a: Brobat|Crobat, M|187\/347
|-damage|p2a: Brobat|101\/347|[from] Stealth Rock
|turn|24
|
|switch|p1a: Suicune|Suicune|390\/404
|-damage|p1a: Suicune|340\/404|[from] Stealth Rock
|-ability|p1a: Suicune|Pressure
|move|p2a: Brobat|U-turn|p1a: Suicune
|-damage|p1a: Suicune|298\/404
|
|switch|p2a: Sceptile|Sceptile-Mega, F|174\/281
|-damage|p2a: Sceptile|139\/281|[from] Stealth Rock
|
|-heal|p1a: Suicune|323\/404|[from] item: Leftovers
|turn|25
|
|switch|p1a: Blissey|Blissey, F|486\/657
|-damage|p1a: Blissey|404\/657|[from] Stealth Rock
|move|p2a: Sceptile|Leaf Storm|p1a: Blissey
|-damage|p1a: Blissey|242\/657
|-unboost|p2a: Sceptile|spa|2
|
|-heal|p1a: Blissey|283\/657|[from] item: Leftovers
|turn|26
|
|switch|p2a: Entei|Entei, shiny|371\/371
|-damage|p2a: Entei|279\/371|[from] Stealth Rock
|-ability|p2a: Entei|Pressure
|move|p1a: Blissey|Wish|p1a: Blissey
|
|-heal|p1a: Blissey|324\/657|[from] item: Leftovers
|turn|27
|join|Technosis
|
|move|p1a: Blissey|Protect|p1a: Blissey
|-singleturn|p1a: Blissey|Protect
|move|p2a: Entei|Sacred Fire|p1a: Blissey
|-activate|p1a: Blissey|Protect
|
|-heal|p1a: Blissey|652\/657|[from] move: Wish|[wisher] Blissey
|-heal|p1a: Blissey|657\/657|[from] item: Leftovers
|turn|28
|
|switch|p1a: Suicune|Suicune|323\/404
|-damage|p1a: Suicune|273\/404|[from] Stealth Rock
|-ability|p1a: Suicune|Pressure
|move|p2a: Entei|Sacred Fire|p1a: Suicune
|-resisted|p1a: Suicune
|-damage|p1a: Suicune|184\/404
|
|-heal|p1a: Suicune|209\/404|[from] item: Leftovers
|turn|29
|
|move|p2a: Entei|Sacred Fire|p1a: Suicune
|-resisted|p1a: Suicune
|-damage|p1a: Suicune|114\/404
|-status|p1a: Suicune|brn
|move|p1a: Suicune|Rest|p1a: Suicune
|-status|p1a: Suicune|slp
|-heal|p1a: Suicune|404\/404 slp|[silent]
|-status|p1a: Suicune|slp|[from] move: Rest
|
|turn|30
|
|switch|p2a: Suicune|Suicune|264\/404
|-damage|p2a: Suicune|214\/404|[from] Stealth Rock
|-ability|p2a: Suicune|Pressure
|cant|p1a: Suicune|slp
|move|p1a: Suicune|Sleep Talk|p1a: Suicune
|move|p1a: Suicune|Roar|p2a: Suicune|[from]Sleep Talk
|drag|p2a: Entei|Entei, shiny|279\/371
|-damage|p2a: Entei|187\/371|[from] Stealth Rock
|-ability|p2a: Entei|Pressure
|
|turn|31
|
|move|p2a: Entei|Stone Edge|p1a: Suicune
|-damage|p1a: Suicune|281\/404 slp
|cant|p1a: Suicune|slp
|move|p1a: Suicune|Sleep Talk|p1a: Suicune
|move|p1a: Suicune|Roar|p2a: Entei|[from]Sleep Talk
|drag|p2a: Brobat|Crobat, M|101\/347
|-damage|p2a: Brobat|15\/347|[from] Stealth Rock
|
|-heal|p1a: Suicune|306\/404 slp|[from] item: Leftovers
|turn|32
|
|move|p2a: Brobat|Defog|p1a: Suicune
|-unboost|p1a: Suicune|evasion|1
|-sideend|p1: ULT Lapraz|Stealth Rock|[from] move: Defog|[of] p1a: Suicune
|-sideend|p2: CoolStoryBrobat|Stealth Rock|[from] move: Defog|[of] p2a: Brobat
|-curestatus|p1a: Suicune|slp
|move|p1a: Suicune|Scald|p2a: Brobat
|-damage|p2a: Brobat|0 fnt
|faint|p2a: Brobat
|
|-heal|p1a: Suicune|331\/404|[from] item: Leftovers
|
|switch|p2a: Sceptile|Sceptile-Mega, F|139\/281
|turn|33
|
|switch|p2a: Suicune|Suicune|214\/404
|-ability|p2a: Suicune|Pressure
|switch|p1a: Blissey|Blissey, F|657\/657
|
|-heal|p2a: Suicune|239\/404|[from] item: Leftovers
|turn|34
|
|switch|p1a: Celebi|Celebi|288\/404
|move|p2a: Suicune|Substitute|p2a: Suicune
|-start|p2a: Suicune|Substitute
|-damage|p2a: Suicune|138\/404
|
|-heal|p1a: Celebi|313\/404|[from] item: Leftovers
|-heal|p2a: Suicune|163\/404|[from] item: Leftovers
|turn|35
|
|move|p1a: Celebi|Stealth Rock|p2a: Suicune
|-sidestart|p2: CoolStoryBrobat|move: Stealth Rock
|move|p2a: Suicune|Calm Mind|p2a: Suicune
|-boost|p2a: Suicune|spa|1
|-boost|p2a: Suicune|spd|1
|
|-heal|p1a: Celebi|338\/404|[from] item: Leftovers
|-heal|p2a: Suicune|188\/404|[from] item: Leftovers
|turn|36
|
|switch|p1a: Suicune|Suicune|331\/404
|-ability|p1a: Suicune|Pressure
|move|p2a: Suicune|Calm Mind|p2a: Suicune
|-boost|p2a: Suicune|spa|1
|-boost|p2a: Suicune|spd|1
|
|-heal|p2a: Suicune|213\/404|[from] item: Leftovers
|-heal|p1a: Suicune|356\/404|[from] item: Leftovers
|turn|37
|join|MyLittleDick
|
|move|p2a: Suicune|Roar|p1a: Suicune
|drag|p1a: Forretress|Forretress, M|354\/354
|
|-heal|p2a: Suicune|238\/404|[from] item: Leftovers
|turn|38
|c|âULT Lapraz|o
|
|switch|p1a: Celebi|Celebi|338\/404
|move|p2a: Suicune|Calm Mind|p2a: Suicune
|-boost|p2a: Suicune|spa|1
|-boost|p2a: Suicune|spd|1
|
|-heal|p1a: Celebi|363\/404|[from] item: Leftovers
|-heal|p2a: Suicune|263\/404|[from] item: Leftovers
|turn|39
|
|move|p1a: Celebi|Perish Song|p1a: Celebi
|-fieldactivate|move: Perish Song
|move|p2a: Suicune|Calm Mind|p2a: Suicune
|-boost|p2a: Suicune|spa|1
|-boost|p2a: Suicune|spd|1
|
|-start|p1a: Celebi|perish3
|-start|p2a: Suicune|perish3
|-heal|p1a: Celebi|388\/404|[from] item: Leftovers
|-heal|p2a: Suicune|288\/404|[from] item: Leftovers
|turn|40
|c|âCoolStoryBrobat|Hang yourself plz
|c|âULT Lapraz|(:
|
|switch|p1a: Suicune|Suicune|356\/404
|-ability|p1a: Suicune|Pressure
|move|p2a: Suicune|Scald|p1a: Suicune
|-resisted|p1a: Suicune
|-damage|p1a: Suicune|247\/404
|
|-start|p2a: Suicune|perish2
|-heal|p2a: Suicune|313\/404|[from] item: Leftovers
|-heal|p1a: Suicune|272\/404|[from] item: Leftovers
|turn|41
|
|move|p2a: Suicune|Roar|p1a: Suicune
|drag|p1a: Forretress|Forretress, M|354\/354
|
|-start|p2a: Suicune|perish1
|-heal|p2a: Suicune|338\/404|[from] item: Leftovers
|turn|42
|
|switch|p2a: Entei|Entei, shiny|187\/371
|-damage|p2a: Entei|95\/371|[from] Stealth Rock
|-ability|p2a: Entei|Pressure
|move|p1a: Forretress|Spikes|p2a: Entei
|-sidestart|p2: CoolStoryBrobat|Spikes
|
|turn|43
|join|SweetDelight
|
|switch|p1a: Suicune|Suicune|272\/404
|-ability|p1a: Suicune|Pressure
|move|p2a: Entei|Flare Blitz|p1a: Suicune
|-resisted|p1a: Suicune
|-damage|p1a: Suicune|163\/404
|-damage|p2a: Entei|59\/371|[from] recoil|[of] p1a: Suicune
|
|-heal|p1a: Suicune|188\/404|[from] item: Leftovers
|turn|44
|
|move|p2a: Entei|Flare Blitz|p1a: Suicune
|-resisted|p1a: Suicune
|-damage|p1a: Suicune|77\/404
|-damage|p2a: Entei|22\/371|[from] recoil|[of] p1a: Suicune
|move|p1a: Suicune|Rest|p1a: Suicune
|-status|p1a: Suicune|slp
|-heal|p1a: Suicune|404\/404 slp|[silent]
|-status|p1a: Suicune|slp|[from] move: Rest
|
|turn|45
|-message|CoolStoryBrobat forfeited.
|
|win|ULT Lapraz
|raw|Ladder updating...
|raw|ULT Lapraz's rating: 1664 &rarr; <strong>1674<\/strong><br \/>(+10 for winning)
|raw|CoolStoryBrobat's rating: 1473 &rarr; <strong>1463<\/strong><br \/>(-10 for losing)
|c| SweetDelight|Jesus, turn 45 and ony two kills?
|leave|CoolStoryBrobat
|player|p2
|c| SweetDelight|oh
|c| SweetDelight|;u