|join|CoolStoryBrobat
|join|Bob the Bro
|player|p1|CoolStoryBrobat|#coolstorybrobat
|player|p2|Bob the Bro|23
|gametype|singles
|gen|6
|tier|UU
|rule|Sleep Clause Mod: Limit one foe put to sleep
|rule|Species Clause: Limit one of each PokÃ©mon
|rule|OHKO Clause: OHKO moves are banned
|rule|Moody Clause: Moody is banned
|rule|Evasion Moves Clause: Evasion moves are banned
|rule|Endless Battle Clause: Forcing endless battles is banned
|rule|HP Percentage Mod: HP is shown in percentages
|clearpoke
|poke|p1|Sceptile, M
|poke|p1|Escavalier, F
|poke|p1|Swampert, F
|poke|p1|Snorlax, M
|poke|p1|Starmie
|poke|p1|Chandelure, F
|poke|p2|Cobalion
|poke|p2|Serperior, F
|poke|p2|Florges, F
|poke|p2|Reuniclus, F
|poke|p2|Empoleon, F
|poke|p2|Vaporeon, M
|rule|Swagger Clause: Swagger is banned
|rule|Baton Pass Clause: Limit one PokÃ©mon knowing Baton Pass
|teampreview
|join|DatGuyChuck
|c| DatGuyChuck|nice and no bats on either side of the field
|join|Starmie Sweep
|c| DatGuyChuck|and 12 different pokemon
|c|âBob the Bro|yolo
|
|start
|switch|p1a: Swampert|Swampert, F|401\/401
|switch|p2a: Serperior|Serperior, F|291\/291
|turn|1
|
|switch|p1a: Chandelure|Chandelure, F|289\/289
|move|p2a: Serperior|Leaf Storm|p1a: Chandelure
|-resisted|p1a: Chandelure
|-damage|p1a: Chandelure|181\/289
|-boost|p2a: Serperior|spa|2
|
|-heal|p1a: Chandelure|199\/289|[from] item: Leftovers
|turn|2
|
|move|p2a: Serperior|Leaf Storm|p1a: Chandelure
|-resisted|p1a: Chandelure
|-damage|p1a: Chandelure|5\/289
|-boost|p2a: Serperior|spa|2
|move|p1a: Chandelure|Flamethrower|p2a: Serperior
|-supereffective|p2a: Serperior
|-damage|p2a: Serperior|0 fnt
|faint|p2a: Serperior
|
|-heal|p1a: Chandelure|23\/289|[from] item: Leftovers
|c|âBob the Bro|fuk
|c| DatGuyChuck|where is your answer to this
|c| DatGuyChuck|o
|c| Starmie Sweep|not today Serperior.
|c|âBob the Bro|what kind of roll was that
|c|âBob the Bro|isnt 37x2 74???
|join|namehtmas
|c| DatGuyChuck|yes it is
|
|switch|p2a: cat mermaid|Vaporeon, M|464\/464
|turn|3
|join|SPEBSQSA
|c| DatGuyChuck|first was a max
|c| DatGuyChuck|second was a min
|c|âBob the Bro|rip
|
|move|p1a: Chandelure|Shadow Ball|p2a: cat mermaid
|-damage|p2a: cat mermaid|305\/464
|move|p2a: cat mermaid|Scald|p1a: Chandelure
|-supereffective|p1a: Chandelure
|-damage|p1a: Chandelure|0 fnt
|faint|p1a: Chandelure
|
|-heal|p2a: cat mermaid|334\/464|[from] item: Leftovers
|
|switch|p1a: Sceptile|Sceptile, M|281\/281
|turn|4
|c| Starmie Sweep|HE'S IN NOW!
|
|switch|p2a: Florges|Florges, F|360\/360
|detailschange|p1a: Sceptile|Sceptile-Mega, M
|-mega|p1a: Sceptile|Sceptile|Sceptilite
|move|p1a: Sceptile|Swords Dance|p1a: Sceptile
|-boost|p1a: Sceptile|atk|2
|
|turn|5
|c| namehtmas|ooooooooooooooo
|c| Starmie Sweep|It's all ogre.
|
|switch|p1a: Escavalier|Escavalier, F|324\/324
|move|p2a: Florges|Moonblast|p1a: Escavalier
|-resisted|p1a: Escavalier
|-damage|p1a: Escavalier|261\/324
|
|turn|6
|c|âBob the Bro|sub sd esca
|
|move|p2a: Florges|Protect|p2a: Florges
|-singleturn|p2a: Florges|Protect
|move|p1a: Escavalier|Megahorn|p2a: Florges
|-activate|p2a: Florges|Protect
|
|turn|7
|
|switch|p2a: bae|Cobalion|323\/323
|move|p1a: Escavalier|Megahorn|p2a: bae
|-resisted|p2a: bae
|-damage|p2a: bae|250\/323
|
|turn|8
|
|switch|p2a: cat mermaid|Vaporeon, M|334\/464
|switch|p1a: Starmie|Starmie|261\/261
|
|-heal|p2a: cat mermaid|363\/464|[from] item: Leftovers
|turn|9
|
|move|p1a: Starmie|Psyshock|p2a: cat mermaid
|-damage|p2a: cat mermaid|221\/464
|-damage|p1a: Starmie|235\/261|[from] item: Life Orb
|move|p2a: cat mermaid|Wish|p2a: cat mermaid
|
|-heal|p2a: cat mermaid|250\/464|[from] item: Leftovers
|turn|10
|
|move|p1a: Starmie|Psyshock|p2a: cat mermaid
|-damage|p2a: cat mermaid|97\/464
|-damage|p1a: Starmie|209\/261|[from] item: Life Orb
|move|p2a: cat mermaid|Scald|p1a: Starmie
|-resisted|p1a: Starmie
|-damage|p1a: Starmie|150\/261
|
|-heal|p2a: cat mermaid|329\/464|[from] move: Wish|[wisher] cat mermaid
|-heal|p2a: cat mermaid|358\/464|[from] item: Leftovers
|turn|11
|c| Starmie Sweep|Starmie confirmed weak as fuck
|
|move|p1a: Starmie|Psyshock|p2a: cat mermaid
|-damage|p2a: cat mermaid|201\/464
|-damage|p1a: Starmie|124\/261|[from] item: Life Orb
|move|p2a: cat mermaid|Wish|p2a: cat mermaid
|
|-heal|p2a: cat mermaid|230\/464|[from] item: Leftovers
|turn|12
|join|InnovativeUsername
|
|move|p1a: Starmie|Psyshock|p2a: cat mermaid
|-crit|p2a: cat mermaid
|-damage|p2a: cat mermaid|0 fnt
|-damage|p1a: Starmie|98\/261|[from] item: Life Orb
|faint|p2a: cat mermaid
|
|c|âBob the Bro|rip
|c| Starmie Sweep|Starmie confirmed Crit as fuck
|
|switch|p2a: sad feet|Empoleon, F|372\/372
|turn|13
|c| DatGuyChuck|i see that reference
|
|switch|p1a: Swampert|Swampert, F|401\/401
|move|p2a: sad feet|Stealth Rock|p1a: Swampert
|-sidestart|p1: CoolStoryBrobat|move: Stealth Rock
|
|turn|14
|c| DatGuyChuck|sad feet
|
|move|p2a: sad feet|Scald|p1a: Swampert
|-damage|p1a: Swampert|280\/401
|move|p1a: Swampert|Earthquake|p2a: sad feet
|-supereffective|p2a: sad feet
|-damage|p2a: sad feet|70\/372
|
|-heal|p2a: sad feet|93\/372|[from] item: Leftovers
|-heal|p1a: Swampert|305\/401|[from] item: Leftovers
|turn|15
|c| Starmie Sweep|Sick nickname game.
|
|move|p2a: sad feet|Scald|p1a: Swampert
|-crit|p1a: Swampert
|-damage|p1a: Swampert|64\/401
|-status|p1a: Swampert|brn
|move|p1a: Swampert|Earthquake|p2a: sad feet
|-supereffective|p2a: sad feet
|-damage|p2a: sad feet|0 fnt
|faint|p2a: sad feet
|
|-heal|p1a: Swampert|89\/401 brn|[from] item: Leftovers
|-damage|p1a: Swampert|39\/401 brn|[from] brn
|c| DatGuyChuck|i hope everyone here gets it
|c| namehtmas|ah
|
|switch|p2a: bae|Cobalion|250\/323
|turn|16
|c| namehtmas|the scald burn crit
|
|move|p2a: bae|Iron Head|p1a: Swampert
|-resisted|p1a: Swampert
|-damage|p1a: Swampert|0 fnt
|faint|p1a: Swampert
|
|
|switch|p1a: Starmie|Starmie|98\/261
|-damage|p1a: Starmie|66\/261|[from] Stealth Rock
|turn|17
|
|move|p1a: Starmie|Scald|p2a: bae
|-damage|p2a: bae|46\/323
|-damage|p1a: Starmie|40\/261|[from] item: Life Orb
|move|p2a: bae|Close Combat|p1a: Starmie
|-resisted|p1a: Starmie
|-damage|p1a: Starmie|0 fnt
|-unboost|p2a: bae|def|1
|-unboost|p2a: bae|spd|1
|faint|p1a: Starmie
|
|
|switch|p1a: Sceptile|Sceptile-Mega, M|281\/281
|-damage|p1a: Sceptile|246\/281|[from] Stealth Rock
|turn|18
|
|switch|p2a: Florges|Florges, F|360\/360
|move|p1a: Sceptile|Earthquake|p2a: Florges
|-damage|p2a: Florges|258\/360
|
|-heal|p2a: Florges|280\/360|[from] item: Leftovers
|turn|19
|join|Snowballin
|
|move|p1a: Sceptile|Swords Dance|p1a: Sceptile
|-boost|p1a: Sceptile|atk|2
|move|p2a: Florges|Wish|p2a: Florges
|
|-heal|p2a: Florges|302\/360|[from] item: Leftovers
|turn|20
|
|move|p1a: Sceptile|Leaf Blade|p2a: Florges
|-damage|p2a: Florges|44\/360
|move|p2a: Florges|Moonblast|p1a: Sceptile
|-supereffective|p1a: Sceptile
|-damage|p1a: Sceptile|0 fnt
|faint|p1a: Sceptile
|
|-heal|p2a: Florges|224\/360|[from] move: Wish|[wisher] Florges
|-heal|p2a: Florges|246\/360|[from] item: Leftovers
|join|CasualGameFreak
|
|switch|p1a: Escavalier|Escavalier, F|261\/324
|-damage|p1a: Escavalier|221\/324|[from] Stealth Rock
|turn|21
|
|move|p2a: Florges|Protect|p2a: Florges
|-singleturn|p2a: Florges|Protect
|move|p1a: Escavalier|Iron Head|p2a: Florges
|-activate|p2a: Florges|Protect
|
|-heal|p2a: Florges|268\/360|[from] item: Leftovers
|turn|22
|
|move|p2a: Florges|Moonblast|p1a: Escavalier
|-resisted|p1a: Escavalier
|-damage|p1a: Escavalier|158\/324
|-unboost|p1a: Escavalier|spa|1
|move|p1a: Escavalier|Iron Head|p2a: Florges
|-supereffective|p2a: Florges
|-damage|p2a: Florges|0 fnt
|faint|p2a: Florges
|
|c| DatGuyChuck|skillful drop
|c| DatGuyChuck|tbh
|
|switch|p2a: bae|Cobalion|46\/323
|turn|23
|c|âBob the Bro|oh i cancelled
|c| DatGuyChuck|how is escavalier in RU
|c| DatGuyChuck|with that amazing 20 speed
|
|move|p2a: bae|Close Combat|p1a: Escavalier
|-crit|p1a: Escavalier
|-damage|p1a: Escavalier|0 fnt
|-unboost|p2a: bae|def|1
|-unboost|p2a: bae|spd|1
|faint|p1a: Escavalier
|
|
|switch|p1a: Snorlax|Snorlax, M|497\/497
|-damage|p1a: Snorlax|435\/497|[from] Stealth Rock
|turn|24
|c|âBob the Bro|another crit pls
|
|move|p2a: bae|Close Combat|p1a: Snorlax
|-supereffective|p1a: Snorlax
|-damage|p1a: Snorlax|75\/497
|-unboost|p2a: bae|def|1
|-unboost|p2a: bae|spd|1
|move|p1a: Snorlax|Earthquake|p2a: bae
|-crit|p2a: bae
|-supereffective|p2a: bae
|-damage|p2a: bae|0 fnt
|faint|p2a: bae
|
|-heal|p1a: Snorlax|106\/497|[from] item: Leftovers
|
|switch|p2a: kawaiiiiiiiiiiiiii|Reuniclus, F|423\/423
|turn|25
|c| DatGuyChuck|speed tie
|c|âBob the Bro|i have 4 speed ev's
|c| DatGuyChuck|unless you have creep
|c|âBob the Bro|just sayin
|c| DatGuyChuck|i swear
|c| DatGuyChuck|if you actually do
|c|âCoolStoryBrobat|I can't OHKO this anyway
|c|âBob the Bro|i do
|
|move|p2a: kawaiiiiiiiiiiiiii|Psyshock|p1a: Snorlax
|-damage|p1a: Snorlax|0 fnt
|faint|p1a: Snorlax
|
|win|Bob the Bro