|join|Gabrielllito
|join|CoolStoryBrobat
|player|p1|Gabrielllito|122
|player|p2|CoolStoryBrobat|#coolstorybrobat
|gametype|singles
|gen|6
|tier|UU
|rated
|rule|Sleep Clause Mod: Limit one foe put to sleep
|rule|Species Clause: Limit one of each PokÃ©mon
|rule|OHKO Clause: OHKO moves are banned
|rule|Moody Clause: Moody is banned
|rule|Evasion Moves Clause: Evasion moves are banned
|rule|Endless Battle Clause: Forcing endless battles is banned
|rule|HP Percentage Mod: HP is shown in percentages
|clearpoke
|poke|p1|Quagsire, F
|poke|p1|Blissey, F
|poke|p1|Chandelure, F
|poke|p1|Aerodactyl, M
|poke|p1|Raikou
|poke|p1|Hitmonlee, M
|poke|p2|Lucario, F
|poke|p2|Krookodile, F
|poke|p2|Crobat, F
|poke|p2|Jirachi
|poke|p2|Sceptile, F
|poke|p2|Vaporeon, F
|rule|Swagger Clause: Swagger is banned
|rule|Baton Pass Clause: Limit one PokÃ©mon knowing Baton Pass
|teampreview
|join|Numera
|leave|Numera
|
|start
|switch|p1a: Chandelure|Chandelure, F|262\/262
|switch|p2a: Krookodile|Krookodile, F|345\/345
|-ability|p2a: Krookodile|Intimidate|[of] p1a: Chandelure
|-unboost|p1a: Chandelure|atk|1
|turn|1
|
|move|p1a: Chandelure|Fire Blast|p2a: Krookodile
|-damage|p2a: Krookodile|77\/345
|move|p2a: Krookodile|Knock Off|p1a: Chandelure
|-supereffective|p1a: Chandelure
|-damage|p1a: Chandelure|0 fnt
|-enditem|p1a: Chandelure|Choice Scarf|[from] move: Knock Off|[of] p2a: Krookodile
|faint|p1a: Chandelure
|
|
|switch|p1a: Aerodactyl|Aerodactyl, M|302\/302
|turn|2
|
|switch|p2a: Vaporeon|Vaporeon, F|452\/452
|detailschange|p1a: Aerodactyl|Aerodactyl-Mega, M
|-mega|p1a: Aerodactyl|Aerodactyl|Aerodactylite
|move|p1a: Aerodactyl|Aerial Ace|p2a: Vaporeon
|-damage|p2a: Vaporeon|311\/452
|
|-heal|p2a: Vaporeon|339\/452|[from] item: Leftovers
|turn|3
|
|move|p1a: Aerodactyl|Hone Claws|p1a: Aerodactyl
|-boost|p1a: Aerodactyl|atk|1
|-boost|p1a: Aerodactyl|accuracy|1
|move|p2a: Vaporeon|Baton Pass|p2a: Vaporeon
|
|switch|p2a: Jirachi|Jirachi|341\/341
|
|turn|4
|
|switch|p1a: Quagsire|Quagsire, F|394\/394
|move|p2a: Jirachi|Iron Head|p1a: Quagsire
|-resisted|p1a: Quagsire
|-damage|p1a: Quagsire|349\/394
|
|-heal|p1a: Quagsire|373\/394|[from] item: Leftovers
|turn|5
|
|move|p2a: Jirachi|Energy Ball|p1a: Quagsire
|-supereffective|p1a: Quagsire
|-damage|p1a: Quagsire|0 fnt
|faint|p1a: Quagsire
|
|
|switch|p1a: Hitmonlee|Hitmonlee, M|242\/242
|turn|6
|
|move|p2a: Jirachi|Iron Head|p1a: Hitmonlee
|-damage|p1a: Hitmonlee|86\/242
|move|p1a: Hitmonlee|Knock Off|p2a: Jirachi
|-supereffective|p2a: Jirachi
|-damage|p2a: Jirachi|73\/341
|-enditem|p2a: Jirachi|Leftovers|[from] move: Knock Off|[of] p1a: Hitmonlee
|-damage|p1a: Hitmonlee|62\/242|[from] item: Life Orb
|
|turn|7
|
|move|p1a: Hitmonlee|Mach Punch|p2a: Jirachi
|-damage|p2a: Jirachi|0 fnt
|-damage|p1a: Hitmonlee|38\/242|[from] item: Life Orb
|faint|p2a: Jirachi
|
|
|switch|p2a: Crobat|Crobat, F|347\/347
|turn|8
|
|move|p1a: Hitmonlee|Mach Punch|p2a: Crobat
|-crit|p2a: Crobat
|-resisted|p2a: Crobat
|-damage|p2a: Crobat|307\/347
|-damage|p1a: Hitmonlee|14\/242|[from] item: Life Orb
|move|p2a: Crobat|U-turn|p1a: Hitmonlee
|-resisted|p1a: Hitmonlee
|-damage|p1a: Hitmonlee|0 fnt
|faint|p1a: Hitmonlee
|
|switch|p2a: Sceptile|Sceptile, F|281\/281
|
|
|switch|p1a: Aerodactyl|Aerodactyl-Mega, M|302\/302
|turn|9
|
|switch|p2a: Vaporeon|Vaporeon, F|339\/452
|move|p1a: Aerodactyl|Aerial Ace|p2a: Vaporeon
|-damage|p2a: Vaporeon|206\/452
|
|-heal|p2a: Vaporeon|234\/452|[from] item: Leftovers
|turn|10
|
|move|p1a: Aerodactyl|Stone Edge|p2a: Vaporeon
|-damage|p2a: Vaporeon|38\/452
|move|p2a: Vaporeon|Scald|p1a: Aerodactyl
|-supereffective|p1a: Aerodactyl
|-damage|p1a: Aerodactyl|102\/302
|-status|p1a: Aerodactyl|brn
|
|-heal|p2a: Vaporeon|66\/452|[from] item: Leftovers
|-damage|p1a: Aerodactyl|65\/302 brn|[from] brn
|turn|11
|
|switch|p1a: Blissey|Blissey, F|652\/652
|move|p2a: Vaporeon|Protect|p2a: Vaporeon
|-fail|p2a: Vaporeon
|
|-heal|p2a: Vaporeon|94\/452|[from] item: Leftovers
|turn|12
|
|move|p2a: Vaporeon|Baton Pass|p2a: Vaporeon
|
|switch|p2a: Krookodile|Krookodile, F|77\/345
|-ability|p2a: Krookodile|Intimidate|[of] p1a: Blissey
|-unboost|p1a: Blissey|atk|1
|move|p1a: Blissey|Stealth Rock|p2a: Krookodile
|-sidestart|p2: CoolStoryBrobat|move: Stealth Rock
|
|turn|13
|
|move|p2a: Krookodile|Knock Off|p1a: Blissey
|-damage|p1a: Blissey|297\/652
|-enditem|p1a: Blissey|Leftovers|[from] move: Knock Off|[of] p2a: Krookodile
|move|p1a: Blissey|Seismic Toss|p2a: Krookodile
|-damage|p2a: Krookodile|0 fnt
|faint|p2a: Krookodile
|
|
|switch|p2a: Crobat|Crobat, F|307\/347
|-damage|p2a: Crobat|221\/347|[from] Stealth Rock
|turn|14
|join|watfor
|
|move|p2a: Crobat|Brave Bird|p1a: Blissey
|-damage|p1a: Blissey|0 fnt
|-damage|p2a: Crobat|123\/347|[from] recoil|[of] p1a: Blissey
|faint|p1a: Blissey
|
|
|switch|p1a: Raikou|Raikou|322\/322
|-ability|p1a: Raikou|Pressure
|turn|15
|
|move|p2a: Crobat|U-turn|p1a: Raikou
|-damage|p1a: Raikou|249\/322
|
|switch|p2a: Vaporeon|Vaporeon, F|94\/452
|-damage|p2a: Vaporeon|38\/452|[from] Stealth Rock
|move|p1a: Raikou|Volt Switch|p2a: Vaporeon
|-supereffective|p2a: Vaporeon
|-damage|p2a: Vaporeon|0 fnt
|faint|p2a: Vaporeon
|
|switch|p1a: Aerodactyl|Aerodactyl-Mega, M|65\/302 brn
|
|-damage|p1a: Aerodactyl|28\/302 brn|[from] brn
|
|switch|p2a: Lucario|Lucario, F|281\/281
|-damage|p2a: Lucario|273\/281|[from] Stealth Rock
|turn|16
|
|switch|p1a: Raikou|Raikou|249\/322
|-ability|p1a: Raikou|Pressure
|move|p2a: Lucario|Vacuum Wave|p1a: Raikou
|-damage|p1a: Raikou|150\/322
|-damage|p2a: Lucario|245\/281|[from] item: Life Orb
|
|turn|17
|
|switch|p2a: Crobat|Crobat, F|123\/347
|-damage|p2a: Crobat|37\/347|[from] Stealth Rock
|move|p1a: Raikou|Thunderbolt|p2a: Crobat
|-supereffective|p2a: Crobat
|-damage|p2a: Crobat|0 fnt
|faint|p2a: Crobat
|
|
|switch|p2a: Sceptile|Sceptile, F|281\/281
|-damage|p2a: Sceptile|246\/281|[from] Stealth Rock
|turn|18
|
|switch|p1a: Aerodactyl|Aerodactyl-Mega, M|28\/302 brn
|detailschange|p2a: Sceptile|Sceptile-Mega, F
|-mega|p2a: Sceptile|Sceptile|Sceptilite
|move|p2a: Sceptile|Dragon Pulse|p1a: Aerodactyl
|-damage|p1a: Aerodactyl|0 fnt
|faint|p1a: Aerodactyl
|
|c|âGabrielllito|gg
|
|switch|p1a: Raikou|Raikou|150\/322
|-ability|p1a: Raikou|Pressure
|turn|19
|c|âCoolStoryBrobat|gg
|
|move|p2a: Sceptile|Leaf Storm|p1a: Raikou
|-damage|p1a: Raikou|0 fnt
|-unboost|p2a: Sceptile|spa|2
|faint|p1a: Raikou
|
|win|CoolStoryBrobat
|raw|Ladder updating...
|raw|Gabrielllito's rating: 1374 &rarr; <strong>1356<\/strong><br \/>(-18 for losing)
|raw|CoolStoryBrobat's rating: 1420 &rarr; <strong>1437<\/strong><br \/>(+17 for winning)
|leave|watfor
|leave|CoolStoryBrobat
|player|p2