|join|gimped
|join|CoolStoryBrobat
|player|p1|gimped|225
|player|p2|CoolStoryBrobat|#coolstorybrobat
|gametype|singles
|gen|6
|tier|UU
|rated
|rule|Sleep Clause Mod: Limit one foe put to sleep
|rule|Species Clause: Limit one of each PokÃ©mon
|rule|OHKO Clause: OHKO moves are banned
|rule|Moody Clause: Moody is banned
|rule|Evasion Moves Clause: Evasion moves are banned
|rule|Endless Battle Clause: Forcing endless battles is banned
|rule|HP Percentage Mod: HP is shown in percentages
|clearpoke
|poke|p1|Raikou
|poke|p1|Suicune
|poke|p1|Forretress, M
|poke|p1|Zoroark, F
|poke|p1|Medicham, M
|poke|p1|Umbreon, M
|poke|p2|Porygon-Z
|poke|p2|Nidoqueen, F
|poke|p2|Aerodactyl, F
|poke|p2|Florges, F
|poke|p2|Suicune
|poke|p2|Cobalion
|rule|Swagger Clause: Swagger is banned
|rule|Baton Pass Clause: Limit one PokÃ©mon knowing Baton Pass
|teampreview
|join|FUQ GLISCORE
|join|BenzMafia
|
|start
|switch|p1a: Medicham|Medicham, M|261\/261
|switch|p2a: Cobalion|Cobalion|323\/323
|turn|1
|
|move|p1a: Medicham|Knock Off|p2a: Cobalion
|-resisted|p2a: Cobalion
|-damage|p2a: Cobalion|261\/323
|-boost|p2a: Cobalion|atk|1|[from] ability: Justified
|-enditem|p2a: Cobalion|Leftovers|[from] move: Knock Off|[of] p1a: Medicham
|move|p2a: Cobalion|Volt Switch|p1a: Medicham
|replace|p1a: Zoroark|Zoroark, F|261\/261
|-damage|p1a: Zoroark|188\/261
|
|switch|p2a: Aerodactyl|Aerodactyl, F|311\/311
|
|turn|2
|
|switch|p1a: Suicune|Suicune|404\/404
|-ability|p1a: Suicune|Pressure
|detailschange|p2a: Aerodactyl|Aerodactyl-Mega, F
|-mega|p2a: Aerodactyl|Aerodactyl|Aerodactylite
|move|p2a: Aerodactyl|Stone Edge|p1a: Suicune
|-damage|p1a: Suicune|277\/404
|
|-heal|p1a: Suicune|302\/404|[from] item: Leftovers
|turn|3
|
|switch|p2a: Suicune|Suicune|403\/403
|-ability|p2a: Suicune|Pressure
|switch|p1a: Forretress|Forretress, M|354\/354
|
|turn|4
|join|dodmen
|
|move|p2a: Suicune|Scald|p1a: Forretress
|-damage|p1a: Forretress|233\/354
|move|p1a: Forretress|Volt Switch|p2a: Suicune
|-supereffective|p2a: Suicune
|-damage|p2a: Suicune|339\/403
|
|switch|p1a: Raikou|Raikou|322\/322
|-ability|p1a: Raikou|Pressure
|
|-heal|p2a: Suicune|364\/403|[from] item: Leftovers
|turn|5
|join|Professional 01
|
|switch|p2a: Nidoqueen|Nidoqueen, F|331\/331
|move|p1a: Raikou|Volt Switch|p2a: Nidoqueen
|-immune|p2a: Nidoqueen|[msg]
|
|turn|6
|join|LiberalLucario
|leave|Professional 01
|
|switch|p1a: Umbreon|Umbreon, M|394\/394
|move|p2a: Nidoqueen|Earth Power|p1a: Umbreon
|-damage|p1a: Umbreon|277\/394
|
|-heal|p1a: Umbreon|301\/394|[from] item: Leftovers
|turn|7
|join|Tf2Hunter
|
|switch|p1a: Medicham|Medicham, M|262\/262
|move|p2a: Nidoqueen|Taunt|p1a: Medicham
|-start|p1a: Medicham|move: Taunt
|
|turn|8
|
|switch|p2a: Florges|Florges, F|360\/360
|detailschange|p1a: Medicham|Medicham-Mega, M
|-mega|p1a: Medicham|Medicham|Medichamite
|move|p1a: Medicham|Zen Headbutt|p2a: Florges
|-damage|p2a: Florges|131\/360
|
|-heal|p2a: Florges|153\/360|[from] item: Leftovers
|turn|9
|join|allahu
|join|SweetDelight
|
|move|p1a: Medicham|Zen Headbutt|p2a: Florges
|-damage|p2a: Florges|0 fnt
|faint|p2a: Florges
|
|join|Giltia
|
|switch|p2a: Aerodactyl|Aerodactyl-Mega, F|311\/311
|turn|10
|
|switch|p1a: Suicune|Suicune|302\/404
|-ability|p1a: Suicune|Pressure
|move|p2a: Aerodactyl|Aerial Ace|p1a: Suicune
|-damage|p1a: Suicune|203\/404
|
|-heal|p1a: Suicune|228\/404|[from] item: Leftovers
|turn|11
|join|Emma Bae â¥
|
|switch|p2a: Porygon-Z|Porygon-Z|331\/331
|move|p1a: Suicune|Scald|p2a: Porygon-Z
|-damage|p2a: Porygon-Z|220\/331
|
|-heal|p1a: Suicune|253\/404|[from] item: Leftovers
|turn|12
|
|switch|p1a: Umbreon|Umbreon, M|301\/394
|move|p2a: Porygon-Z|Nasty Plot|p2a: Porygon-Z
|-boost|p2a: Porygon-Z|spa|2
|
|-heal|p1a: Umbreon|325\/394|[from] item: Leftovers
|turn|13
|
|move|p2a: Porygon-Z|Tri Attack|p1a: Umbreon
|-damage|p1a: Umbreon|87\/394
|move|p1a: Umbreon|Foul Play|p2a: Porygon-Z
|-damage|p2a: Porygon-Z|130\/331
|
|-heal|p1a: Umbreon|111\/394|[from] item: Leftovers
|turn|14
|c| Emma Bae â¥|damn still survives easily
|
|move|p2a: Porygon-Z|Tri Attack|p1a: Umbreon
|-damage|p1a: Umbreon|0 fnt
|faint|p1a: Umbreon
|
|
|switch|p1a: Medicham|Medicham-Mega, M|262\/262
|turn|15
|
|move|p1a: Medicham|Drain Punch|p2a: Porygon-Z
|-supereffective|p2a: Porygon-Z
|-damage|p2a: Porygon-Z|0 fnt
|faint|p2a: Porygon-Z
|
|
|switch|p2a: Aerodactyl|Aerodactyl-Mega, F|311\/311
|turn|16
|
|switch|p1a: Suicune|Suicune|253\/404
|-ability|p1a: Suicune|Pressure
|move|p2a: Aerodactyl|Aerial Ace|p1a: Suicune
|-damage|p1a: Suicune|162\/404
|
|-heal|p1a: Suicune|187\/404|[from] item: Leftovers
|turn|17
|
|switch|p2a: Suicune|Suicune|364\/403
|-ability|p2a: Suicune|Pressure
|move|p1a: Suicune|Scald|p2a: Suicune
|-resisted|p2a: Suicune
|-damage|p2a: Suicune|324\/403
|-status|p2a: Suicune|brn
|
|-heal|p2a: Suicune|349\/403 brn|[from] item: Leftovers
|-heal|p1a: Suicune|212\/404|[from] item: Leftovers
|-damage|p2a: Suicune|299\/403 brn|[from] brn
|turn|18
|join|Acrokid098
|
|switch|p1a: Raikou|Raikou|322\/322
|-ability|p1a: Raikou|Pressure
|move|p2a: Suicune|Calm Mind|p2a: Suicune
|-boost|p2a: Suicune|spa|1
|-boost|p2a: Suicune|spd|1
|
|-heal|p2a: Suicune|324\/403 brn|[from] item: Leftovers
|-damage|p2a: Suicune|274\/403 brn|[from] brn
|turn|19
|
|move|p1a: Raikou|Thunderbolt|p2a: Suicune
|-crit|p2a: Suicune
|-supereffective|p2a: Suicune
|-damage|p2a: Suicune|0 fnt
|faint|p2a: Suicune
|
|
|switch|p2a: Nidoqueen|Nidoqueen, F|331\/331
|turn|20
|
|switch|p1a: Forretress|Forretress, M|233\/354
|move|p2a: Nidoqueen|Earth Power|p1a: Forretress
|-damage|p1a: Forretress|0 fnt
|faint|p1a: Forretress
|
|
|switch|p1a: Medicham|Medicham-Mega, M|262\/262
|turn|21
|
|move|p1a: Medicham|Zen Headbutt|p2a: Nidoqueen
|-supereffective|p2a: Nidoqueen
|-damage|p2a: Nidoqueen|0 fnt
|faint|p2a: Nidoqueen
|
|
|switch|p2a: Aerodactyl|Aerodactyl-Mega, F|311\/311
|turn|22
|
|switch|p1a: Raikou|Raikou|322\/322
|-ability|p1a: Raikou|Pressure
|move|p2a: Aerodactyl|Stone Edge|p1a: Raikou
|-damage|p1a: Raikou|94\/322
|
|turn|23
|
|move|p2a: Aerodactyl|Earthquake|p1a: Raikou
|-supereffective|p1a: Raikou
|-damage|p1a: Raikou|0 fnt
|faint|p1a: Raikou
|
|
|switch|p1a: Suicune|Suicune|212\/404
|-ability|p1a: Suicune|Pressure
|turn|24
|
|move|p2a: Aerodactyl|Stone Edge|p1a: Suicune
|-damage|p1a: Suicune|82\/404
|move|p1a: Suicune|Scald|p2a: Aerodactyl
|-supereffective|p2a: Aerodactyl
|-damage|p2a: Aerodactyl|117\/311
|
|-heal|p1a: Suicune|107\/404|[from] item: Leftovers
|turn|25
|
|move|p2a: Aerodactyl|Stone Edge|p1a: Suicune
|-damage|p1a: Suicune|0 fnt
|faint|p1a: Suicune
|
|leave|LiberalLucario
|
|switch|p1a: Medicham|Medicham-Mega, M|262\/262
|turn|26
|
|move|p1a: Medicham|Fake Out|p2a: Aerodactyl
|-resisted|p2a: Aerodactyl
|-damage|p2a: Aerodactyl|68\/311
|cant|p2a: Aerodactyl|flinch
|
|turn|27
|
|move|p1a: Medicham|Bullet Punch|p2a: Aerodactyl
|-supereffective|p2a: Aerodactyl
|-damage|p2a: Aerodactyl|0 fnt
|faint|p2a: Aerodactyl
|
|join|Dad's Dad
|
|switch|p2a: Cobalion|Cobalion|261\/323
|turn|28
|join|Thisbemyalt
|
|move|p2a: Cobalion|Iron Head|p1a: Medicham
|-damage|p1a: Medicham|136\/262
|move|p1a: Medicham|Drain Punch|p2a: Cobalion
|-supereffective|p2a: Cobalion
|-damage|p2a: Cobalion|0 fnt
|-heal|p1a: Medicham|262\/262|[from] drain|[of] p2a: Cobalion
|faint|p2a: Cobalion
|
|win|gimped
|raw|Ladder updating...
|raw|gimped's rating: 1435 &rarr; <strong>1460<\/strong><br \/>(+25 for winning)
|raw|CoolStoryBrobat's rating: 1526 &rarr; <strong>1501<\/strong><br \/>(-25 for losing)
|leave|CoolStoryBrobat
|leave|Thisbemyalt
|leave|Tf2Hunter