|join|subzeromkx
|join|wish killer
|player|p1|subzeromkx|20
|player|p2|wish killer|1
|gametype|singles
|gen|6
|tier|OU
|rated
|clearpoke
|poke|p1|Breloom, F
|poke|p1|Metagross
|poke|p1|Thundurus, M
|poke|p1|Bisharp, F
|poke|p1|Sylveon, M
|poke|p1|Garchomp, F
|poke|p2|Bisharp, F
|poke|p2|Venusaur, M
|poke|p2|Heatran, F
|poke|p2|Keldeo
|poke|p2|Chansey, F
|poke|p2|Skarmory, F
|rule|Swagger Clause: Swagger is banned
|rule|Baton Pass Clause: Limit one PokÃ©mon knowing Baton Pass
|rule|Sleep Clause Mod: Limit one foe put to sleep
|rule|Species Clause: Limit one of each PokÃ©mon
|rule|OHKO Clause: OHKO moves are banned
|rule|Moody Clause: Moody is banned
|rule|Evasion Moves Clause: Evasion moves are banned
|rule|Endless Battle Clause: Forcing endless battles is banned
|rule|HP Percentage Mod: HP is shown in percentages
|teampreview
|join|Dragonite VII
|
|start
|switch|p1a: Thundurus|Thundurus, M|298\/298
|switch|p2a: Heatran|Heatran, F|340\/340
|-item|p2a: Heatran|Air Balloon
|turn|1
|join|Bin Suna
|join|Squirrelll
|
|move|p1a: Thundurus|Thunderbolt|p2a: Heatran
|-damage|p2a: Heatran|129\/340
|-enditem|p2a: Heatran|Air Balloon
|-damage|p1a: Thundurus|269\/298|[from] item: Life Orb
|move|p2a: Heatran|Stealth Rock|p1a: Thundurus
|-sidestart|p1: subzeromkx|move: Stealth Rock
|
|turn|2
|
|switch|p2a: Chansey|Chansey, F|684\/684
|move|p1a: Thundurus|Thunderbolt|p2a: Chansey
|-damage|p2a: Chansey|563\/684
|-damage|p1a: Thundurus|240\/298|[from] item: Life Orb
|
|turn|3
|
|move|p1a: Thundurus|Superpower|p2a: Chansey
|-supereffective|p2a: Chansey
|-damage|p2a: Chansey|181\/684
|-unboost|p1a: Thundurus|atk|1
|-unboost|p1a: Thundurus|def|1
|-damage|p1a: Thundurus|211\/298|[from] item: Life Orb
|move|p2a: Chansey|Seismic Toss|p1a: Thundurus
|-damage|p1a: Thundurus|111\/298
|
|turn|4
|join|Dayanne
|
|switch|p2a: Venusaur|Venusaur, M|364\/364
|move|p1a: Thundurus|Superpower|p2a: Venusaur
|-resisted|p2a: Venusaur
|-damage|p2a: Venusaur|329\/364
|-unboost|p1a: Thundurus|atk|1
|-unboost|p1a: Thundurus|def|1
|-damage|p1a: Thundurus|82\/298|[from] item: Life Orb
|
|turn|5
|
|detailschange|p2a: Venusaur|Venusaur-Mega, M
|-mega|p2a: Venusaur|Venusaur|Venusaurite
|move|p1a: Thundurus|Thunder Wave|p2a: Venusaur
|-status|p2a: Venusaur|par
|move|p2a: Venusaur|Giga Drain|p1a: Thundurus
|-resisted|p1a: Thundurus
|-damage|p1a: Thundurus|13\/298
|-heal|p2a: Venusaur|364\/364 par|[from] drain|[of] p1a: Thundurus
|
|turn|6
|
|move|p1a: Thundurus|Thunderbolt|p2a: Venusaur
|-resisted|p2a: Venusaur
|-damage|p2a: Venusaur|280\/364 par
|-damage|p1a: Thundurus|0 fnt|[from] item: Life Orb
|faint|p1a: Thundurus
|move|p2a: Venusaur|Synthesis|p2a: Venusaur
|-heal|p2a: Venusaur|364\/364 par
|
|
|switch|p1a: Kisame|Garchomp, F|420\/420
|-damage|p1a: Kisame|394\/420|[from] Stealth Rock
|turn|7
|
|move|p1a: Kisame|Stealth Rock|p2a: Venusaur
|-sidestart|p2: wish killer|move: Stealth Rock
|move|p2a: Venusaur|Leech Seed|p1a: Kisame
|-start|p1a: Kisame|move: Leech Seed
|
|-damage|p1a: Kisame|342\/420|[from] Leech Seed|[of] p2a: Venusaur
|turn|8
|
|switch|p1a: Metagross|Metagross|302\/302
|-damage|p1a: Metagross|284\/302|[from] Stealth Rock
|move|p2a: Venusaur|Giga Drain|p1a: Metagross
|-resisted|p1a: Metagross
|-damage|p1a: Metagross|225\/302
|
|turn|9
|
|switch|p1a: Bisharp|Bisharp, F|272\/272
|-damage|p1a: Bisharp|255\/272|[from] Stealth Rock
|switch|p2a: Skarmory|Skarmory, F|334\/334
|-damage|p2a: Skarmory|293\/334|[from] Stealth Rock
|
|turn|10
|
|switch|p2a: Heatran|Heatran, F|129\/340
|-damage|p2a: Heatran|87\/340|[from] Stealth Rock
|move|p1a: Bisharp|Swords Dance|p1a: Bisharp
|-boost|p1a: Bisharp|atk|2
|
|turn|11
|join|Mistaken
|
|move|p1a: Bisharp|Sucker Punch|p2a: Heatran
|-fail|p2a: Heatran
|move|p2a: Heatran|Taunt|p1a: Bisharp
|-start|p1a: Bisharp|move: Taunt
|
|turn|12
|
|move|p1a: Bisharp|Sucker Punch|p2a: Heatran
|-fail|p2a: Heatran
|move|p2a: Heatran|Taunt|p1a: Bisharp
|-fail|p1a: Bisharp
|
|turn|13
|
|move|p1a: Bisharp|Sucker Punch|p2a: Heatran
|-damage|p2a: Heatran|0 fnt
|-damage|p1a: Bisharp|228\/272|[from] item: Life Orb
|faint|p2a: Heatran
|
|join|i came from leddit
|
|switch|p2a: Keldeo|Keldeo|323\/323
|-damage|p2a: Keldeo|303\/323|[from] Stealth Rock
|turn|14
|c| i came from leddit|go bloody!
|
|switch|p1a: Sylveon|Sylveon, M|332\/332
|-damage|p1a: Sylveon|291\/332|[from] Stealth Rock
|move|p2a: Keldeo|Secret Sword|p1a: Sylveon
|-resisted|p1a: Sylveon
|-damage|p1a: Sylveon|179\/332
|
|-heal|p2a: Keldeo|323\/323|[from] item: Leftovers
|turn|15
|
|switch|p2a: Chansey|Chansey, F|181\/684
|-damage|p2a: Chansey|96\/684|[from] Stealth Rock
|move|p1a: Sylveon|Psyshock|p2a: Chansey
|-damage|p2a: Chansey|0 fnt
|faint|p2a: Chansey
|
|
|switch|p2a: Bisharp|Bisharp, F|334\/334
|-damage|p2a: Bisharp|314\/334|[from] Stealth Rock
|turn|16
|
|switch|p1a: Kisame|Garchomp, F|342\/420
|-damage|p1a: Kisame|316\/420|[from] Stealth Rock
|move|p2a: Bisharp|Knock Off|p1a: Kisame
|-damage|p1a: Kisame|187\/420
|-damage|p2a: Bisharp|273\/334|[from] ability: Rough Skin|[of] p1a: Kisame
|-damage|p2a: Bisharp|218\/334|[from] item: Rocky Helmet|[of] p1a: Kisame
|-enditem|p1a: Kisame|Rocky Helmet|[from] move: Knock Off|[of] p2a: Bisharp
|
|-heal|p2a: Bisharp|238\/334|[from] item: Leftovers
|turn|17
|
|switch|p2a: Keldeo|Keldeo|323\/323
|-damage|p2a: Keldeo|303\/323|[from] Stealth Rock
|move|p1a: Kisame|Earthquake|p2a: Keldeo
|-damage|p2a: Keldeo|152\/323
|
|-heal|p2a: Keldeo|172\/323|[from] item: Leftovers
|turn|18
|join|AlbertDaEinstein
|
|move|p2a: Keldeo|Scald|p1a: Kisame
|-damage|p1a: Kisame|3\/420
|move|p1a: Kisame|Earthquake|p2a: Keldeo
|-crit|p2a: Keldeo
|-damage|p2a: Keldeo|0 fnt
|faint|p2a: Keldeo
|
|
|switch|p2a: Bisharp|Bisharp, F|238\/334
|-damage|p2a: Bisharp|218\/334|[from] Stealth Rock
|turn|19
|
|move|p2a: Bisharp|Sucker Punch|p1a: Kisame
|-damage|p1a: Kisame|0 fnt
|-damage|p2a: Bisharp|177\/334|[from] ability: Rough Skin|[of] p1a: Kisame
|faint|p1a: Kisame
|
|-heal|p2a: Bisharp|197\/334|[from] item: Leftovers
|
|switch|p1a: Sylveon|Sylveon, M|179\/332
|-damage|p1a: Sylveon|138\/332|[from] Stealth Rock
|turn|20
|
|move|p2a: Bisharp|Sucker Punch|p1a: Sylveon
|-crit|p1a: Sylveon
|-resisted|p1a: Sylveon
|-damage|p1a: Sylveon|0 fnt
|faint|p1a: Sylveon
|
|-heal|p2a: Bisharp|217\/334|[from] item: Leftovers
|
|switch|p1a: Breloom|Breloom, F|262\/262
|-damage|p1a: Breloom|246\/262|[from] Stealth Rock
|turn|21
|
|move|p1a: Breloom|Swords Dance|p1a: Breloom
|-boost|p1a: Breloom|atk|2
|move|p2a: Bisharp|Knock Off|p1a: Breloom
|-resisted|p1a: Breloom
|-damage|p1a: Breloom|143\/262
|-enditem|p1a: Breloom|Life Orb|[from] move: Knock Off|[of] p2a: Bisharp
|
|-heal|p2a: Bisharp|237\/334|[from] item: Leftovers
|turn|22
|
|switch|p2a: Venusaur|Venusaur-Mega, M|364\/364 par
|-damage|p2a: Venusaur|319\/364 par|[from] Stealth Rock
|move|p1a: Breloom|Spore|p2a: Venusaur
|-fail|p2a: Venusaur
|
|turn|23
|
|move|p1a: Breloom|Mach Punch|p2a: Venusaur
|-resisted|p2a: Venusaur
|-damage|p2a: Venusaur|251\/364 par
|move|p2a: Venusaur|Hidden Power|p1a: Breloom
|-supereffective|p1a: Breloom
|-damage|p1a: Breloom|0 fnt
|faint|p1a: Breloom
|
|
|switch|p1a: Bisharp|Bisharp, F|228\/272
|-damage|p1a: Bisharp|211\/272|[from] Stealth Rock
|turn|24
|
|move|p1a: Bisharp|Swords Dance|p1a: Bisharp
|-boost|p1a: Bisharp|atk|2
|move|p2a: Venusaur|Leech Seed|p1a: Bisharp
|-start|p1a: Bisharp|move: Leech Seed
|
|-damage|p1a: Bisharp|177\/272|[from] Leech Seed|[of] p2a: Venusaur
|-heal|p2a: Venusaur|285\/364 par|[silent]
|turn|25
|
|move|p1a: Bisharp|Iron Head|p2a: Venusaur
|-damage|p2a: Venusaur|22\/364 par
|-damage|p1a: Bisharp|150\/272|[from] item: Life Orb
|cant|p2a: Venusaur|par
|
|-damage|p1a: Bisharp|116\/272|[from] Leech Seed|[of] p2a: Venusaur
|-heal|p2a: Venusaur|56\/364 par|[silent]
|turn|26
|
|move|p1a: Bisharp|Knock Off|p2a: Venusaur
|-damage|p2a: Venusaur|0 fnt
|-damage|p1a: Bisharp|89\/272|[from] item: Life Orb
|faint|p2a: Venusaur
|
|
|switch|p2a: Bisharp|Bisharp, F|237\/334
|-damage|p2a: Bisharp|217\/334|[from] Stealth Rock
|turn|27
|join|Jupiter Ascending
|
|move|p2a: Bisharp|Sucker Punch|p1a: Bisharp
|-resisted|p1a: Bisharp
|-damage|p1a: Bisharp|9\/272
|move|p1a: Bisharp|Knock Off|p2a: Bisharp
|-resisted|p2a: Bisharp
|-damage|p2a: Bisharp|0 fnt
|-enditem|p2a: Bisharp|Leftovers|[from] move: Knock Off|[of] p1a: Bisharp
|-damage|p1a: Bisharp|0 fnt|[from] item: Life Orb
|faint|p2a: Bisharp
|faint|p1a: Bisharp
|
|
|switch|p1a: Metagross|Metagross|225\/302
|switch|p2a: Skarmory|Skarmory, F|293\/334
|-damage|p1a: Metagross|207\/302|[from] Stealth Rock
|-damage|p2a: Skarmory|252\/334|[from] Stealth Rock
|turn|28
|
|detailschange|p1a: Metagross|Metagross-Mega
|-mega|p1a: Metagross|Metagross|Metagrossite
|move|p1a: Metagross|Ice Punch|p2a: Skarmory
|-damage|p2a: Skarmory|175\/334
|-damage|p1a: Metagross|157\/302|[from] item: Rocky Helmet|[of] p2a: Skarmory
|move|p2a: Skarmory|Roost|p2a: Skarmory
|-heal|p2a: Skarmory|334\/334
|
|turn|29
|
|move|p1a: Metagross|Ice Punch|p2a: Skarmory
|-damage|p2a: Skarmory|256\/334
|-damage|p1a: Metagross|107\/302|[from] item: Rocky Helmet|[of] p2a: Skarmory
|move|p2a: Skarmory|Roost|p2a: Skarmory
|-heal|p2a: Skarmory|334\/334
|
|turn|30
|-message|subzeromkx forfeited.
|
|win|wish killer
|raw|Ladder updating...
|leave|subzeromkx
|player|p1
|raw|subzeromkx's rating: 1827 &rarr; <strong>1804<\/strong><br \/>(-23 for losing)
|raw|wish killer's rating: 1768 &rarr; <strong>1791<\/strong><br \/>(+23 for winning)
|c| i came from leddit|rekt