|join|subzeromkx
|join|Domivat18
|player|p1|subzeromkx|20
|player|p2|Domivat18|151
|gametype|singles
|gen|6
|tier|OU
|clearpoke
|poke|p1|Garchomp, F
|poke|p1|Landorus, M
|poke|p1|Gardevoir, F, shiny
|poke|p1|Breloom, M
|poke|p1|Bisharp, M
|poke|p1|Latias, F
|poke|p2|Dragonite, M
|poke|p2|Gliscor, F
|poke|p2|Thundurus, M
|poke|p2|Latios, M
|poke|p2|Sableye, F
|poke|p2|Azumarill, F
|rule|Swagger Clause: Swagger is banned
|rule|Baton Pass Clause: Limit one PokÃ©mon knowing Baton Pass
|rule|Sleep Clause Mod: Limit one foe put to sleep
|rule|Species Clause: Limit one of each PokÃ©mon
|rule|OHKO Clause: OHKO moves are banned
|rule|Moody Clause: Moody is banned
|rule|Evasion Moves Clause: Evasion moves are banned
|rule|Endless Battle Clause: Forcing endless battles is banned
|rule|HP Percentage Mod: HP is shown in percentages
|teampreview
|c|âDomivat18|gl hf
|c|âsubzeromkx|you too
|
|start
|switch|p1a: Hilda|Gardevoir, F, shiny|314\/314
|switch|p2a: Thundurus|Thundurus, M|349\/349
|-ability|p1a: Hilda|Prankster|[from] ability: Trace|[of] p2a: Thundurus
|turn|1
|
|detailschange|p1a: Hilda|Gardevoir-Mega, F, shiny
|-mega|p1a: Hilda|Gardevoir|Gardevoirite
|move|p2a: Thundurus|Thunder Wave|p1a: Hilda
|-status|p1a: Hilda|par
|move|p1a: Hilda|Hyper Voice|p2a: Thundurus
|-damage|p2a: Thundurus|81\/349
|
|-heal|p2a: Thundurus|102\/349|[from] item: Leftovers
|turn|2
|
|switch|p2a: Dragonite|Dragonite, M|349\/349
|cant|p1a: Hilda|par
|
|turn|3
|
|move|p2a: Dragonite|Iron Head|p1a: Hilda
|-supereffective|p1a: Hilda
|-damage|p1a: Hilda|12\/314 par
|cant|p1a: Hilda|flinch
|
|turn|4
|join|Fabio96
|c|âDomivat18|srry
|
|switch|p1a: Kisame|Garchomp, F|419\/419
|move|p2a: Dragonite|Extreme Speed|p1a: Kisame
|-damage|p1a: Kisame|351\/419
|-damage|p2a: Dragonite|306\/349|[from] ability: Rough Skin|[of] p1a: Kisame
|-damage|p2a: Dragonite|248\/349|[from] item: Rocky Helmet|[of] p1a: Kisame
|
|turn|5
|
|switch|p2a: Azumarill|Azumarill, F|342\/342
|move|p1a: Kisame|Stealth Rock|p2a: Azumarill
|-sidestart|p2: Domivat18|move: Stealth Rock
|
|turn|6
|
|move|p1a: Kisame|Earthquake|p2a: Azumarill
|-crit|p2a: Azumarill
|-damage|p2a: Azumarill|57\/342
|move|p2a: Azumarill|Play Rough|p1a: Kisame|[miss]
|-miss|p2a: Azumarill|p1a: Kisame
|
|turn|7
|c|âsubzeromkx|.-.
|
|move|p2a: Azumarill|Aqua Jet|p1a: Kisame
|-damage|p1a: Kisame|285\/419
|-damage|p2a: Azumarill|15\/342|[from] ability: Rough Skin|[of] p1a: Kisame
|-damage|p2a: Azumarill|0 fnt|[from] item: Rocky Helmet|[of] p1a: Kisame
|faint|p2a: Azumarill
|move|p1a: Kisame|Earthquake|p2: Azumarill|[notarget]
|-notarget
|
|
|switch|p2a: Sableye|Sableye, F|242\/242
|-damage|p2a: Sableye|212\/242|[from] Stealth Rock
|turn|8
|
|move|p2a: Sableye|Will-O-Wisp|p1a: Kisame
|-status|p1a: Kisame|brn
|move|p1a: Kisame|Earthquake|p2a: Sableye
|-damage|p2a: Sableye|142\/242
|
|-damage|p1a: Kisame|233\/419 brn|[from] brn
|turn|9
|
|switch|p1a: Ugo|Landorus, M|319\/319
|move|p2a: Sableye|Calm Mind|p2a: Sableye
|-boost|p2a: Sableye|spa|1
|-boost|p2a: Sableye|spd|1
|
|turn|10
|
|move|p2a: Sableye|Taunt|p1a: Ugo
|-start|p1a: Ugo|move: Taunt
|move|p1a: Ugo|Earth Power|p2a: Sableye
|-damage|p2a: Sableye|0 fnt
|faint|p2a: Sableye
|
|
|switch|p2a: Latios|Latios, M|350\/350
|-damage|p2a: Latios|307\/350|[from] Stealth Rock
|turn|11
|
|switch|p1a: Madara|Bisharp, M|334\/334
|move|p2a: Latios|Defog|p1a: Madara
|-unboost|p1a: Madara|evasion|1
|-boost|p1a: Madara|atk|2|[from] ability: Defiant
|-sideend|p2: Domivat18|Stealth Rock|[from] move: Defog|[of] p2a: Latios
|
|turn|12
|
|move|p2a: Latios|Draco Meteor|p1a: Madara
|-resisted|p1a: Madara
|-damage|p1a: Madara|195\/334
|-unboost|p2a: Latios|spa|2
|move|p1a: Madara|Pursuit|p2a: Latios
|-supereffective|p2a: Latios
|-damage|p2a: Latios|0 fnt
|faint|p2a: Latios
|
|
|switch|p2a: Thundurus|Thundurus, M|102\/349
|turn|13
|
|move|p2a: Thundurus|Thunder Wave|p1a: Madara
|-status|p1a: Madara|par
|move|p1a: Madara|Sucker Punch|p2a: Thundurus
|-fail|p2a: Thundurus
|
|-heal|p2a: Thundurus|123\/349|[from] item: Leftovers
|turn|14
|
|move|p1a: Madara|Sucker Punch|p2a: Thundurus
|-damage|p2a: Thundurus|0 fnt
|faint|p2a: Thundurus
|
|
|switch|p2a: Gliscor|Gliscor, F|349\/349
|turn|15
|
|switch|p1a: Latias|Latias, F|301\/301
|move|p2a: Gliscor|Earthquake|p1a: Latias
|-immune|p1a: Latias|[msg]
|
|-status|p2a: Gliscor|tox|[from] item: Toxic Orb
|turn|16
|
|move|p1a: Latias|Healing Wish|p1a: Latias
|faint|p1a: Latias
|move|p2a: Gliscor|Toxic|p1: Latias|[notarget]
|-notarget
|
|
|switch|p1a: Hilda|Gardevoir-Mega, F, shiny|12\/314 par
|-heal|p1a: Hilda|314\/314|[from] move: Healing Wish
|turn|17
|
|move|p1a: Hilda|Hyper Voice|p2a: Gliscor
|-damage|p2a: Gliscor|36\/349 tox
|move|p2a: Gliscor|Toxic|p1a: Hilda|[miss]
|-miss|p2a: Gliscor|p1a: Hilda
|
|-heal|p2a: Gliscor|79\/349 tox|[from] ability: Poison Heal
|turn|18
|c|âDomivat18|:"(
|
|move|p2a: Gliscor|Protect|p2a: Gliscor
|-singleturn|p2a: Gliscor|Protect
|move|p1a: Hilda|Hyper Voice|p2a: Gliscor
|-activate|p2a: Gliscor|Protect
|
|-heal|p2a: Gliscor|122\/349 tox|[from] ability: Poison Heal
|turn|19
|c|âDomivat18|gg
|
|move|p1a: Hilda|Hyper Voice|p2a: Gliscor
|-damage|p2a: Gliscor|0 fnt
|faint|p2a: Gliscor
|
|
|switch|p2a: Dragonite|Dragonite, M|248\/349
|turn|20
|c|âsubzeromkx|sorry dude..you couldnt have won this with or without .-.
|
|move|p1a: Hilda|Hyper Voice|p2a: Dragonite
|-crit|p2a: Dragonite
|-supereffective|p2a: Dragonite
|-damage|p2a: Dragonite|0 fnt
|faint|p2a: Dragonite
|
|win|subzeromkx
|c|âDomivat18|yes i know ir
|c|âDomivat18|it
|c|âDomivat18|u r the best for some reasons xDDD