|join|subzeromkx
|join|Stallion
|player|p1|subzeromkx|20
|player|p2|Stallion|1
|gametype|singles
|gen|6
|tier|OU
|rated
|clearpoke
|poke|p1|Breloom, M
|poke|p1|Gardevoir, M
|poke|p1|Thundurus, M
|poke|p1|Bisharp, F
|poke|p1|Latias, F
|poke|p1|Garchomp, F
|poke|p2|Gengar, M
|poke|p2|Garchomp, M
|poke|p2|Manectric, F
|poke|p2|Clefable, M
|poke|p2|Meloetta
|poke|p2|Dragonite, F
|rule|Swagger Clause: Swagger is banned
|rule|Baton Pass Clause: Limit one PokÃ©mon knowing Baton Pass
|rule|Sleep Clause Mod: Limit one foe put to sleep
|rule|Species Clause: Limit one of each PokÃ©mon
|rule|OHKO Clause: OHKO moves are banned
|rule|Moody Clause: Moody is banned
|rule|Evasion Moves Clause: Evasion moves are banned
|rule|Endless Battle Clause: Forcing endless battles is banned
|rule|HP Percentage Mod: HP is shown in percentages
|teampreview
|
|start
|switch|p1a: Gardevoir|Gardevoir, M|314\/314
|switch|p2a: Gengar|Gengar, M|261\/261
|turn|1
|
|detailschange|p1a: Gardevoir|Gardevoir-Mega, M
|-mega|p1a: Gardevoir|Gardevoir|Gardevoirite
|move|p2a: Gengar|Shadow Ball|p1a: Gardevoir
|-supereffective|p1a: Gardevoir
|-damage|p1a: Gardevoir|33\/314
|-unboost|p1a: Gardevoir|spd|1
|-damage|p2a: Gengar|235\/261|[from] item: Life Orb
|move|p1a: Gardevoir|Psyshock|p2a: Gengar
|-supereffective|p2a: Gengar
|-damage|p2a: Gengar|0 fnt
|faint|p2a: Gengar
|
|c|âStallion|ugh
|c|âStallion|i didnt bother sludge bombing for fear of bisharp
|c|âStallion|didnt even stop and think gard would survive lol
|
|switch|p2a: Manectric|Manectric, F|281\/281
|turn|2
|
|detailschange|p2a: Manectric|Manectric-Mega, F
|-mega|p2a: Manectric|Manectric|Manectite
|-ability|p2a: Manectric|Intimidate|[of] p1a: Gardevoir
|-unboost|p1a: Gardevoir|atk|1
|move|p2a: Manectric|Hidden Power|p1a: Gardevoir
|-damage|p1a: Gardevoir|0 fnt
|faint|p1a: Gardevoir
|
|
|switch|p1a: Latias|Latias, F|301\/301
|turn|3
|
|move|p2a: Manectric|Thunderbolt|p1a: Latias
|-resisted|p1a: Latias
|-damage|p1a: Latias|236\/301
|move|p1a: Latias|Draco Meteor|p2a: Manectric
|-damage|p2a: Manectric|0 fnt
|-unboost|p1a: Latias|spa|2
|-damage|p1a: Latias|206\/301|[from] item: Life Orb
|faint|p2a: Manectric
|
|c|âStallion|whoops
|c|âStallion|clearly a misclick
|c|âStallion|FUCK
|c|âStallion|that was meant to be
|c|âStallion|volt switch
|c|âStallion|ugh
|
|switch|p2a: Meloetta|Meloetta|341\/341
|turn|4
|c|âsubzeromkx|yeah..
|
|switch|p1a: Breloom|Breloom, M|262\/262
|move|p2a: Meloetta|Relic Song|p1a: Breloom
|-damage|p1a: Breloom|106\/262
|-formechange|p2a: Meloetta|Meloetta-Pirouette|[msg]
|
|turn|5
|
|switch|p2a: Garchomp|Garchomp, M|420\/420
|move|p1a: Breloom|Mach Punch|p2a: Garchomp
|-crit|p2a: Garchomp
|-damage|p2a: Garchomp|259\/420
|-damage|p1a: Breloom|74\/262|[from] ability: Rough Skin|[of] p2a: Garchomp
|-damage|p1a: Breloom|31\/262|[from] item: Rocky Helmet|[of] p2a: Garchomp
|-damage|p1a: Breloom|5\/262|[from] item: Life Orb
|
|turn|6
|c|âStallion|thats so annoying
|c|âStallion|manectric did work
|c|âStallion|now im gonna lose
|c|âStallion|lol
|
|move|p1a: Breloom|Spore|p2a: Garchomp
|-status|p2a: Garchomp|slp
|cant|p2a: Garchomp|slp
|
|turn|7
|
|move|p1a: Breloom|Bullet Seed|p2a: Garchomp
|-crit|p2a: Garchomp
|-damage|p2a: Garchomp|168\/420 slp
|-damage|p2a: Garchomp|104\/420 slp
|-hitcount|p2a: Garchomp|2
|-damage|p1a: Breloom|0 fnt|[from] item: Life Orb
|faint|p1a: Breloom
|cant|p2a: Garchomp|slp
|
|
|switch|p1a: Latias|Latias, F|206\/301
|turn|8
|
|switch|p2a: Meloetta|Meloetta|341\/341
|move|p1a: Latias|Psyshock|p2a: Meloetta
|-crit|p2a: Meloetta
|-resisted|p2a: Meloetta
|-damage|p2a: Meloetta|169\/341
|-damage|p1a: Latias|176\/301|[from] item: Life Orb
|
|turn|9
|
|move|p1a: Latias|Psyshock|p2a: Meloetta
|-resisted|p2a: Meloetta
|-damage|p2a: Meloetta|53\/341
|-damage|p1a: Latias|146\/301|[from] item: Life Orb
|move|p2a: Meloetta|Relic Song|p1a: Latias
|-damage|p1a: Latias|55\/301
|-formechange|p2a: Meloetta|Meloetta-Pirouette|[msg]
|
|turn|10
|
|switch|p1a: Kisame|Garchomp, F|420\/420
|move|p2a: Meloetta|Close Combat|p1a: Kisame
|-damage|p1a: Kisame|261\/420
|-damage|p2a: Meloetta|11\/341|[from] ability: Rough Skin|[of] p1a: Kisame
|-damage|p2a: Meloetta|0 fnt|[from] item: Rocky Helmet|[of] p1a: Kisame
|faint|p2a: Meloetta
|
|
|switch|p2a: Clefable|Clefable, M|393\/393
|turn|11
|
|move|p1a: Kisame|Stealth Rock|p2a: Clefable
|-sidestart|p2: Stallion|move: Stealth Rock
|move|p2a: Clefable|Moonblast|p1a: Kisame
|-supereffective|p1a: Kisame
|-damage|p1a: Kisame|0 fnt
|faint|p1a: Kisame
|
|
|switch|p1a: Bisharp|Bisharp, F|272\/272
|turn|12
|
|switch|p2a: Garchomp|Garchomp, M|104\/420 slp
|-damage|p2a: Garchomp|78\/420 slp|[from] Stealth Rock
|move|p1a: Bisharp|Iron Head|p2a: Garchomp
|-damage|p2a: Garchomp|0 fnt
|-damage|p1a: Bisharp|238\/272|[from] ability: Rough Skin|[of] p2a: Garchomp
|-damage|p1a: Bisharp|193\/272|[from] item: Rocky Helmet|[of] p2a: Garchomp
|-damage|p1a: Bisharp|166\/272|[from] item: Life Orb
|faint|p2a: Garchomp
|
|
|switch|p2a: Dragonite|Dragonite, F|323\/323
|-damage|p2a: Dragonite|243\/323|[from] Stealth Rock
|turn|13
|
|move|p2a: Dragonite|Fire Punch|p1a: Bisharp
|-supereffective|p1a: Bisharp
|-damage|p1a: Bisharp|0 fnt
|-damage|p2a: Dragonite|211\/323|[from] item: Life Orb
|faint|p1a: Bisharp
|
|
|switch|p1a: Thundurus|Thundurus, M|298\/298
|turn|14
|
|move|p2a: Dragonite|Extreme Speed|p1a: Thundurus
|-crit|p1a: Thundurus
|-damage|p1a: Thundurus|16\/298
|-damage|p2a: Dragonite|179\/323|[from] item: Life Orb
|move|p1a: Thundurus|Thunderbolt|p2a: Dragonite
|-crit|p2a: Dragonite
|-damage|p2a: Dragonite|0 fnt
|-damage|p1a: Thundurus|0 fnt|[from] item: Life Orb
|faint|p2a: Dragonite
|faint|p1a: Thundurus
|
|c|âsubzeromkx|sigh
|c|âsubzeromkx|at least for you it was your own mistake
|-message|subzeromkx forfeited.
|
|win|Stallion
|raw|Ladder updating...
|leave|subzeromkx
|player|p1
|raw|subzeromkx's rating: 1766 &rarr; <strong>1736<\/strong><br \/>(-30 for losing)
|raw|Stallion's rating: 1561 &rarr; <strong>1592<\/strong><br \/>(+31 for winning)
|leave|Stallion
|player|p2