|join|subzeromkx
|join|Dream Eater Gengar
|player|p1|subzeromkx|20
|player|p2|Dream Eater Gengar|4
|gametype|singles
|gen|6
|tier|OU
|clearpoke
|poke|p1|Celebi
|poke|p1|Gardevoir, M
|poke|p1|Bisharp, F
|poke|p1|Azumarill, M
|poke|p1|Latias, F
|poke|p1|Garchomp, M
|poke|p2|Gardevoir, F
|poke|p2|Bisharp, F
|poke|p2|Landorus-Therian, M
|poke|p2|Gengar, M
|poke|p2|Latias, F
|poke|p2|Keldeo
|rule|Swagger Clause: Swagger is banned
|rule|Baton Pass Clause: Limit one PokÃ©mon knowing Baton Pass
|rule|Sleep Clause Mod: Limit one foe put to sleep
|rule|Species Clause: Limit one of each PokÃ©mon
|rule|OHKO Clause: OHKO moves are banned
|rule|Moody Clause: Moody is banned
|rule|Evasion Moves Clause: Evasion moves are banned
|rule|Endless Battle Clause: Forcing endless battles is banned
|rule|HP Percentage Mod: HP is shown in percentages
|teampreview
|c|âsubzeromkx|omg stop challenging me lol
|c|âDream Eater Gengar|lel
|c|âDream Eater Gengar|hf
|
|start
|switch|p1a: Azumarill|Azumarill, M|363\/363
|switch|p2a: Landorus-Therian|Landorus-Therian, M|382\/382
|-ability|p2a: Landorus-Therian|Intimidate|[of] p1a: Azumarill
|-unboost|p1a: Azumarill|atk|1
|turn|1
|
|switch|p1a: Kisame|Garchomp, M|420\/420
|move|p2a: Landorus-Therian|Stealth Rock|p1a: Kisame
|-sidestart|p1: subzeromkx|move: Stealth Rock
|
|turn|2
|
|move|p1a: Kisame|Stealth Rock|p2a: Landorus-Therian
|-sidestart|p2: Dream Eater Gengar|move: Stealth Rock
|move|p2a: Landorus-Therian|U-turn|p1a: Kisame
|-damage|p1a: Kisame|367\/420
|-damage|p2a: Landorus-Therian|335\/382|[from] ability: Rough Skin|[of] p1a: Kisame
|-damage|p2a: Landorus-Therian|272\/382|[from] item: Rocky Helmet|[of] p1a: Kisame
|
|switch|p2a: Gengar|Gengar, M|261\/261
|-damage|p2a: Gengar|229\/261|[from] Stealth Rock
|
|turn|3
|
|move|p2a: Gengar|Hidden Power|p1a: Kisame
|-supereffective|p1a: Kisame
|-damage|p1a: Kisame|0 fnt
|-damage|p2a: Gengar|203\/261|[from] item: Life Orb
|faint|p1a: Kisame
|
|
|switch|p1a: Bisharp|Bisharp, F|272\/272
|-damage|p1a: Bisharp|255\/272|[from] Stealth Rock
|turn|4
|
|switch|p2a: Keldeo|Keldeo|323\/323
|-damage|p2a: Keldeo|303\/323|[from] Stealth Rock
|switch|p1a: Azumarill|Azumarill, M|363\/363
|-damage|p1a: Azumarill|318\/363|[from] Stealth Rock
|
|turn|5
|
|switch|p2a: Landorus-Therian|Landorus-Therian, M|272\/382
|-damage|p2a: Landorus-Therian|225\/382|[from] Stealth Rock
|-ability|p2a: Landorus-Therian|Intimidate|[of] p1a: Azumarill
|-unboost|p1a: Azumarill|atk|1
|move|p1a: Azumarill|Play Rough|p2a: Landorus-Therian
|-damage|p2a: Landorus-Therian|69\/382
|
|-heal|p2a: Landorus-Therian|92\/382|[from] item: Leftovers
|turn|6
|
|move|p2a: Landorus-Therian|Earthquake|p1a: Azumarill
|-damage|p1a: Azumarill|140\/363
|move|p1a: Azumarill|Play Rough|p2a: Landorus-Therian
|-damage|p2a: Landorus-Therian|0 fnt
|faint|p2a: Landorus-Therian
|
|
|switch|p2a: Gardevoir|Gardevoir, F|277\/277
|-damage|p2a: Gardevoir|243\/277|[from] Stealth Rock
|-ability|p2a: Gardevoir|Huge Power|[from] ability: Trace|[of] p1a: Azumarill
|turn|7
|
|switch|p1a: Celebi|Celebi|403\/403
|-damage|p1a: Celebi|353\/403|[from] Stealth Rock
|detailschange|p2a: Gardevoir|Gardevoir-Mega, F
|-mega|p2a: Gardevoir|Gardevoir|Gardevoirite
|move|p2a: Gardevoir|Hyper Voice|p1a: Celebi
|-damage|p1a: Celebi|121\/403
|
|-heal|p1a: Celebi|146\/403|[from] item: Leftovers
|turn|8
|
|switch|p2a: Latias|Latias, F|301\/301
|-damage|p2a: Latias|264\/301|[from] Stealth Rock
|move|p1a: Celebi|Thunder Wave|p2a: Latias
|-status|p2a: Latias|par
|
|-heal|p1a: Celebi|171\/403|[from] item: Leftovers
|turn|9
|
|move|p1a: Celebi|Recover|p1a: Celebi
|-heal|p1a: Celebi|373\/403
|move|p2a: Latias|Draco Meteor|p1a: Celebi
|-damage|p1a: Celebi|146\/403
|-unboost|p2a: Latias|spa|2
|-damage|p2a: Latias|234\/301 par|[from] item: Life Orb
|
|-heal|p1a: Celebi|171\/403|[from] item: Leftovers
|turn|10
|
|switch|p2a: Bisharp|Bisharp, F|271\/271
|-damage|p2a: Bisharp|255\/271|[from] Stealth Rock
|move|p1a: Celebi|Recover|p1a: Celebi
|-heal|p1a: Celebi|373\/403
|
|-heal|p1a: Celebi|398\/403|[from] item: Leftovers
|turn|11
|
|move|p1a: Celebi|Thunder Wave|p2a: Bisharp
|-status|p2a: Bisharp|par
|cant|p2a: Bisharp|par
|
|-heal|p1a: Celebi|403\/403|[from] item: Leftovers
|turn|12
|c|âDream Eater Gengar|;-;
|join|Quasarwiss
|
|move|p1a: Celebi|Giga Drain|p2a: Bisharp
|-resisted|p2a: Bisharp
|-damage|p2a: Bisharp|198\/271 par
|move|p2a: Bisharp|Knock Off|p1a: Celebi
|-supereffective|p1a: Celebi
|-damage|p1a: Celebi|0 fnt
|-enditem|p1a: Celebi|Leftovers|[from] move: Knock Off|[of] p2a: Bisharp
|-damage|p2a: Bisharp|171\/271 par|[from] item: Life Orb
|faint|p1a: Celebi
|
|
|switch|p1a: Latias|Latias, F|319\/319
|-damage|p1a: Latias|280\/319|[from] Stealth Rock
|turn|13
|join|Bondie
|c|âsubzeromkx|hello
|c|âDream Eater Gengar|sorry
|c|âDream Eater Gengar|lagged out
|c|âDream Eater Gengar|again
|join|Bidoof Gets High
|
|move|p1a: Latias|Healing Wish|p1a: Latias
|faint|p1a: Latias
|move|p2a: Bisharp|Knock Off|p1: Latias|[notarget]
|-notarget
|
|
|switch|p1a: Azumarill|Azumarill, M|140\/363
|-heal|p1a: Azumarill|363\/363|[from] move: Healing Wish
|-damage|p1a: Azumarill|318\/363|[from] Stealth Rock
|turn|14
|
|move|p2a: Bisharp|Sucker Punch|p1a: Azumarill
|-resisted|p1a: Azumarill
|-damage|p1a: Azumarill|214\/363
|-damage|p2a: Bisharp|144\/271 par|[from] item: Life Orb
|move|p1a: Azumarill|Waterfall|p2a: Bisharp
|-crit|p2a: Bisharp
|-damage|p2a: Bisharp|0 fnt
|faint|p2a: Bisharp
|
|
|switch|p2a: Gardevoir|Gardevoir-Mega, F|243\/277
|-damage|p2a: Gardevoir|209\/277|[from] Stealth Rock
|turn|15
|
|move|p2a: Gardevoir|Hyper Voice|p1a: Azumarill
|-damage|p1a: Azumarill|0 fnt
|faint|p1a: Azumarill
|
|
|switch|p1a: Gardevoir|Gardevoir, M|314\/314
|-damage|p1a: Gardevoir|275\/314|[from] Stealth Rock
|-ability|p1a: Gardevoir|Pixilate|[from] ability: Trace|[of] p2a: Gardevoir
|turn|16
|c| Bondie|Fite me DEG >:I
|c|âDream Eater Gengar|ok
|
|detailschange|p1a: Gardevoir|Gardevoir-Mega, M
|-mega|p1a: Gardevoir|Gardevoir|Gardevoirite
|move|p2a: Gardevoir|Hyper Voice|p1a: Gardevoir
|-damage|p1a: Gardevoir|62\/314
|move|p1a: Gardevoir|Hyper Voice|p2a: Gardevoir
|-damage|p2a: Gardevoir|0 fnt
|faint|p2a: Gardevoir
|
|c|âsubzeromkx|I forgot you had gardevoir
|c|âsubzeromkx|it doesnt show
|c|âsubzeromkx|idk why
|c|âDream Eater Gengar|oh
|c|âsubzeromkx|the mega icon
|c| Bondie|Although, I don't think I can get past bisharp with my team DEG
|c| Bondie|It does for me subzero
|
|switch|p2a: Gengar|Gengar, M|203\/261
|-damage|p2a: Gengar|171\/261|[from] Stealth Rock
|turn|17
|
|switch|p1a: Bisharp|Bisharp, F|255\/272
|-damage|p1a: Bisharp|238\/272|[from] Stealth Rock
|move|p2a: Gengar|Shadow Ball|p1a: Bisharp
|-resisted|p1a: Bisharp
|-damage|p1a: Bisharp|108\/272
|-unboost|p1a: Bisharp|spd|1
|-boost|p1a: Bisharp|atk|2|[from] ability: Defiant
|-damage|p2a: Gengar|145\/261|[from] item: Life Orb
|
|turn|18
|c|âDream Eater Gengar|ok
|
|move|p1a: Bisharp|Sucker Punch|p2a: Gengar
|-supereffective|p2a: Gengar
|-damage|p2a: Gengar|0 fnt
|-damage|p1a: Bisharp|81\/272|[from] item: Life Orb
|faint|p2a: Gengar
|
|
|switch|p2a: Keldeo|Keldeo|303\/323
|-damage|p2a: Keldeo|283\/323|[from] Stealth Rock
|turn|19
|c|âsubzeromkx|dw its too late for me lol
|
|move|p1a: Bisharp|Sucker Punch|p2a: Keldeo
|-resisted|p2a: Keldeo
|-damage|p2a: Keldeo|65\/323
|-boost|p2a: Keldeo|atk|1|[from] ability: Justified
|-damage|p1a: Bisharp|54\/272|[from] item: Life Orb
|move|p2a: Keldeo|Surf|p1a: Bisharp
|-damage|p1a: Bisharp|0 fnt
|faint|p1a: Bisharp
|
|c|âsubzeromkx|also
|
|switch|p1a: Gardevoir|Gardevoir-Mega, M|62\/314
|-damage|p1a: Gardevoir|23\/314|[from] Stealth Rock
|turn|20
|c|âDream Eater Gengar|gg
|c|âsubzeromkx|dont surf
|c|âDream Eater Gengar|I have
|c|âsubzeromkx|scald
|c|âDream Eater Gengar|hydro and surf
|c|âDream Eater Gengar|oh
|c|âsubzeromkx|is mucb etter
|c|âsubzeromkx|yes
|leave|Bidoof Gets High
|c|âsubzeromkx|scald > surf
|c|âsubzeromkx|same power
|c|âDream Eater Gengar|aight
|
|move|p2a: Keldeo|Surf|p1a: Gardevoir
|-damage|p1a: Gardevoir|0 fnt
|faint|p1a: Gardevoir
|
|win|Dream Eater Gengar
|c|âDream Eater Gengar|ty
|c|âDream Eater Gengar|gg
|c|âsubzeromkx|k gg
|leave|subzeromkx
|leave|Bondie
|player|p1