|join|subzeromkx
|join|bernkastar
|player|p1|subzeromkx|20
|player|p2|bernkastar|290
|gametype|singles
|gen|6
|tier|OU
|rated
|clearpoke
|poke|p1|Garchomp, M
|poke|p1|Landorus, M
|poke|p1|Gardevoir, F, shiny
|poke|p1|Breloom, M
|poke|p1|Bisharp, M
|poke|p1|Latias, F
|poke|p2|Metagross, shiny
|poke|p2|Talonflame, F
|poke|p2|Greninja, M
|poke|p2|Landorus-Therian, M, shiny
|poke|p2|Latias, F, shiny
|poke|p2|Breloom, M
|rule|Swagger Clause: Swagger is banned
|rule|Baton Pass Clause: Limit one PokÃ©mon knowing Baton Pass
|rule|Sleep Clause Mod: Limit one foe put to sleep
|rule|Species Clause: Limit one of each PokÃ©mon
|rule|OHKO Clause: OHKO moves are banned
|rule|Moody Clause: Moody is banned
|rule|Evasion Moves Clause: Evasion moves are banned
|rule|Endless Battle Clause: Forcing endless battles is banned
|rule|HP Percentage Mod: HP is shown in percentages
|teampreview
|join|poopy pants McGee
|
|start
|switch|p1a: Hilda|Gardevoir, F, shiny|314\/314
|switch|p2a: Greninja|Greninja, M|285\/285
|-ability|p1a: Hilda|Protean|[from] ability: Trace|[of] p2a: Greninja
|turn|1
|c| poopy pants McGee|u have been getting really unlucky
|c|âbernkastar|HI AGAIN
|c| poopy pants McGee|hi:-)
|c|âbernkastar|I KNOCKED YOU OUT OF #1 SPOT ON THE LADDER
|c|âbernkastar|ARE YOU HERE TO GET IT BACK?
|
|switch|p1a: Madara|Bisharp, M|334\/334
|move|p2a: Greninja|Gunk Shot|p1a: Madara
|-start|p2a: Greninja|typechange|Poison|[from] Protean
|-immune|p1a: Madara|[msg]
|
|turn|2
|
|switch|p2a: Breloom|Breloom, M|280\/280
|move|p1a: Madara|Sucker Punch|p2a: Breloom
|-fail|p2a: Breloom
|
|-status|p2a: Breloom|tox|[from] item: Toxic Orb
|turn|3
|
|switch|p1a: Kisame|Garchomp, M|419\/419
|move|p2a: Breloom|Spore|p1a: Kisame
|-status|p1a: Kisame|slp
|
|turn|4
|join|RedBlueYellow12
|
|move|p2a: Breloom|Facade|p1a: Kisame
|-damage|p1a: Kisame|289\/419 slp
|-damage|p2a: Breloom|245\/280 tox|[from] ability: Rough Skin|[of] p1a: Kisame
|-damage|p2a: Breloom|199\/280 tox|[from] item: Rocky Helmet|[of] p1a: Kisame
|cant|p1a: Kisame|slp
|
|-heal|p2a: Breloom|234\/280 tox|[from] ability: Poison Heal
|turn|5
|join|Arceus Himself
|join|GawainStark
|c|âbernkastar|that thing hurts
|
|move|p2a: Breloom|Bullet Seed|p1a: Kisame
|-damage|p1a: Kisame|256\/419 slp
|-damage|p1a: Kisame|222\/419 slp
|-damage|p1a: Kisame|186\/419 slp
|-damage|p1a: Kisame|150\/419 slp
|-damage|p1a: Kisame|114\/419 slp
|-hitcount|p1a: Kisame|5
|-curestatus|p1a: Kisame|slp
|move|p1a: Kisame|Stealth Rock|p2a: Breloom
|-sidestart|p2: bernkastar|move: Stealth Rock
|
|-heal|p2a: Breloom|269\/280 tox|[from] ability: Poison Heal
|turn|6
|
|move|p2a: Breloom|Spore|p1a: Kisame
|-status|p1a: Kisame|slp
|cant|p1a: Kisame|slp
|
|-heal|p2a: Breloom|280\/280 tox|[from] ability: Poison Heal
|turn|7
|join|BjBlaze
|join|spencerho
|c| RedBlueYellow12|I hate toxic heal breloom
|join|Markastan
|
|switch|p1a: Latias|Latias, F|301\/301
|move|p2a: Breloom|Bullet Seed|p1a: Latias
|-resisted|p1a: Latias
|-damage|p1a: Latias|277\/301
|-resisted|p1a: Latias
|-damage|p1a: Latias|253\/301
|-resisted|p1a: Latias
|-damage|p1a: Latias|229\/301
|-hitcount|p1a: Latias|3
|
|turn|8
|join|lil manaphy
|c| GawainStark|Alright I got the sad violin in case you lose.
|join|gamergeneration
|join|nskrk
|
|switch|p2a: Metagross|Metagross, shiny|301\/301
|-damage|p2a: Metagross|283\/301|[from] Stealth Rock
|move|p1a: Latias|Draco Meteor|p2a: Metagross
|-resisted|p2a: Metagross
|-damage|p2a: Metagross|148\/301
|-unboost|p1a: Latias|spa|2
|-damage|p1a: Latias|199\/301|[from] item: Life Orb
|
|turn|9
|join|dachboden
|
|detailschange|p2a: Metagross|Metagross-Mega, shiny
|-mega|p2a: Metagross|Metagross|Metagrossite
|move|p1a: Latias|Healing Wish|p1a: Latias
|faint|p1a: Latias
|move|p2a: Metagross|Meteor Mash|p1: Latias|[notarget]
|-notarget
|
|
|switch|p1a: Kisame|Garchomp, M|114\/419 slp
|-heal|p1a: Kisame|419\/419|[from] move: Healing Wish
|turn|10
|
|switch|p2a: Landorus-Therian|Landorus-Therian, M, shiny|381\/381
|-damage|p2a: Landorus-Therian|334\/381|[from] Stealth Rock
|-ability|p2a: Landorus-Therian|Intimidate|[of] p1a: Kisame
|-unboost|p1a: Kisame|atk|1
|move|p1a: Kisame|Earthquake|p2a: Landorus-Therian
|-immune|p2a: Landorus-Therian|[msg]
|
|-heal|p2a: Landorus-Therian|357\/381|[from] item: Leftovers
|turn|11
|leave|RedBlueYellow12
|
|move|p1a: Kisame|Hidden Power|p2a: Landorus-Therian
|-supereffective|p2a: Landorus-Therian
|-damage|p2a: Landorus-Therian|173\/381
|move|p2a: Landorus-Therian|Stealth Rock|p1a: Kisame
|-sidestart|p1: subzeromkx|move: Stealth Rock
|
|-heal|p2a: Landorus-Therian|196\/381|[from] item: Leftovers
|turn|12
|c|âbernkastar|HP ICE GARCHOMP
|c|âbernkastar|WHAT IS THIS
|c| nskrk|sex and beach
|c| Markastan|legit
|
|move|p1a: Kisame|Earthquake|p2a: Landorus-Therian
|-immune|p2a: Landorus-Therian|[msg]
|move|p2a: Landorus-Therian|Earthquake|p1a: Kisame
|-damage|p1a: Kisame|298\/419
|
|-heal|p2a: Landorus-Therian|219\/381|[from] item: Leftovers
|turn|13
|join|TheEnder
|c| BjBlaze|**surprise**
|
|switch|p2a: Greninja|Greninja, M|285\/285
|-damage|p2a: Greninja|250\/285|[from] Stealth Rock
|move|p1a: Kisame|Hidden Power|p2a: Greninja
|-resisted|p2a: Greninja
|-damage|p2a: Greninja|224\/285
|
|turn|14
|c| Arceus Himself|HP Ice Terrakion remembers...
|
|switch|p1a: Madara|Bisharp, M|334\/334
|-damage|p1a: Madara|314\/334|[from] Stealth Rock
|move|p2a: Greninja|Hydro Pump|p1a: Madara
|-start|p2a: Greninja|typechange|Water|[from] Protean
|-damage|p1a: Madara|48\/334
|-damage|p2a: Greninja|196\/285|[from] item: Life Orb
|
|turn|15
|
|move|p1a: Madara|Sucker Punch|p2a: Greninja
|-damage|p2a: Greninja|0 fnt
|faint|p2a: Greninja
|
|c| BjBlaze|HP Ice... Terrakion?
|
|switch|p2a: Breloom|Breloom, M|280\/280 tox
|-damage|p2a: Breloom|263\/280 tox|[from] Stealth Rock
|turn|16
|
|switch|p1a: Kensei|Breloom, M|262\/262
|-damage|p1a: Kensei|246\/262|[from] Stealth Rock
|move|p2a: Breloom|Mach Punch|p1a: Kensei
|-damage|p1a: Kensei|165\/262
|
|-heal|p2a: Breloom|280\/280 tox|[from] ability: Poison Heal
|turn|17
|c| Arceus Himself|LO HP Ice Terrakion used to be a thing. Not so much anymore
|
|move|p2a: Breloom|Facade|p1a: Kensei
|-damage|p1a: Kensei|0 fnt
|faint|p1a: Kensei
|
|
|switch|p1a: Hilda|Gardevoir, F, shiny|314\/314
|-damage|p1a: Hilda|275\/314|[from] Stealth Rock
|-ability|p1a: Hilda|Poison Heal|[from] ability: Trace|[of] p2a: Breloom
|turn|18
|c| poopy pants McGee|subzeromkx are you japanese
|c|âsubzeromkx|no
|c|âbernkastar|wats mega gardevoir's base speed?
|c| Arceus Himself|100
|c| BjBlaze|Base 100
|c| nskrk|no
|leave|TheEnder
|c| poopy pants McGee|base 90
|c| nskrk|700000
|
|detailschange|p1a: Hilda|Gardevoir-Mega, F, shiny
|-mega|p1a: Hilda|Gardevoir|Gardevoirite
|move|p2a: Breloom|Facade|p1a: Hilda
|-damage|p1a: Hilda|43\/314
|move|p1a: Hilda|Hyper Voice|p2a: Breloom
|-crit|p2a: Breloom
|-supereffective|p2a: Breloom
|-damage|p2a: Breloom|0 fnt
|faint|p2a: Breloom
|
|c| poopy pants McGee|(its a ruse)
|
|switch|p2a: Metagross|Metagross-Mega, shiny|148\/301
|-damage|p2a: Metagross|130\/301|[from] Stealth Rock
|turn|19
|
|switch|p1a: Kisame|Garchomp, M|298\/419
|-damage|p1a: Kisame|272\/419|[from] Stealth Rock
|move|p2a: Metagross|Meteor Mash|p1a: Kisame
|-damage|p1a: Kisame|86\/419
|-damage|p2a: Metagross|93\/301|[from] ability: Rough Skin|[of] p1a: Kisame
|-damage|p2a: Metagross|43\/301|[from] item: Rocky Helmet|[of] p1a: Kisame
|
|turn|20
|c| nskrk|210
|
|switch|p2a: Landorus-Therian|Landorus-Therian, M, shiny|219\/381
|-damage|p2a: Landorus-Therian|172\/381|[from] Stealth Rock
|-ability|p2a: Landorus-Therian|Intimidate|[of] p1a: Kisame
|-unboost|p1a: Kisame|atk|1
|move|p1a: Kisame|Hidden Power|p2a: Landorus-Therian
|-crit|p2a: Landorus-Therian
|-supereffective|p2a: Landorus-Therian
|-damage|p2a: Landorus-Therian|0 fnt
|faint|p2a: Landorus-Therian
|
|c| dachboden|bold garchomp?
|c| poopy pants McGee|the fell when no attack raise
|c| Markastan|niche
|
|switch|p2a: Latias|Latias, F, shiny|303\/303
|-damage|p2a: Latias|266\/303|[from] Stealth Rock
|turn|21
|
|switch|p1a: Madara|Bisharp, M|48\/334
|-damage|p1a: Madara|28\/334|[from] Stealth Rock
|move|p2a: Latias|Defog|p1a: Madara
|-unboost|p1a: Madara|evasion|1
|-boost|p1a: Madara|atk|2|[from] ability: Defiant
|-sideend|p1: subzeromkx|Stealth Rock|[from] move: Defog|[of] p1a: Madara
|-sideend|p2: bernkastar|Stealth Rock|[from] move: Defog|[of] p2a: Latias
|
|turn|22
|c| poopy pants McGee|oh shit
|
|move|p1a: Madara|Sucker Punch|p2a: Latias
|-fail|p2a: Latias
|move|p2a: Latias|Healing Wish|p2a: Latias
|faint|p2a: Latias
|
|
|switch|p2a: Metagross|Metagross-Mega, shiny|43\/301
|-heal|p2a: Metagross|301\/301|[from] move: Healing Wish
|turn|23
|
|switch|p2a: Talonflame|Talonflame, F|297\/297
|move|p1a: Madara|Sucker Punch|p2a: Talonflame
|-fail|p2a: Talonflame
|
|turn|24
|c| poopy pants McGee|hey man stop sucker punching lol
|
|switch|p1a: Kisame|Garchomp, M|86\/419
|move|p2a: Talonflame|Brave Bird|p1a: Kisame
|-damage|p1a: Kisame|0 fnt
|-damage|p2a: Talonflame|260\/297|[from] ability: Rough Skin|[of] p1a: Kisame
|-damage|p2a: Talonflame|211\/297|[from] item: Rocky Helmet|[of] p1a: Kisame
|-damage|p2a: Talonflame|183\/297|[from] recoil|[of] p1a: Kisame
|faint|p1a: Kisame
|
|c| nskrk|sub won
|
|switch|p1a: Ugo|Landorus, M|319\/319
|turn|25
|
|move|p2a: Talonflame|Brave Bird|p1a: Ugo
|-damage|p1a: Ugo|78\/319
|-damage|p2a: Talonflame|103\/297|[from] recoil|[of] p1a: Ugo
|move|p1a: Ugo|Sludge Wave|p2a: Talonflame
|-damage|p2a: Talonflame|0 fnt
|faint|p2a: Talonflame
|
|c|âsubzeromkx|No I did not
|join|Praj.pran
|
|switch|p2a: Metagross|Metagross-Mega, shiny|301\/301
|turn|26
|c|âbernkastar|unless
|c| Arceus Himself|D:
|c|âbernkastar|MMash misses
|c|âsubzeromkx|fucking gren too broken
|c| Markastan|inb4 ice punch
|c| nskrk|u win
|c|âsubzeromkx|it needs to be gone
|c| Arceus Himself|\/me is nervous
|
|move|p2a: Metagross|Meteor Mash|p1a: Ugo
|-damage|p1a: Ugo|0 fnt
|faint|p1a: Ugo
|
|c| Markastan|yeah!
|c|âbernkastar|jk
|c|âbernkastar|did not
|c|âsubzeromkx|messed up my whole plan
|c|âbernkastar|rip
|
|switch|p1a: Madara|Bisharp, M|28\/334
|turn|27
|c| Arceus Himself|\/me is still nervous
|
|move|p1a: Madara|Sucker Punch|p2a: Metagross
|-supereffective|p2a: Metagross
|-damage|p2a: Metagross|47\/301
|move|p2a: Metagross|Thunder Punch|p1a: Madara
|-damage|p1a: Madara|0 fnt
|faint|p1a: Madara
|
|c| nskrk|suc punch
|-message|subzeromkx forfeited.
|
|win|bernkastar
|raw|Ladder updating...
|leave|subzeromkx
|player|p1
|raw|subzeromkx's rating: 1817 &rarr; <strong>1786<\/strong><br \/>(-31 for losing)
|raw|bernkastar's rating: 1591 &rarr; <strong>1622<\/strong><br \/>(+31 for winning)
|c|âbernkastar|w00t
|c| Arceus Himself|WOW
|c|âbernkastar|beat the #1 guy again
|c| Arceus Himself|GJ
|c| poopy pants McGee|we did it reddit!!
|leave|Markastan
|c|âbernkastar|2nd time in a row
|c| GawainStark|Not bad
|c| poopy pants McGee|not even a gg
|c| poopy pants McGee|he salty af
|c| lil manaphy|well
|leave|BjBlaze
|c| GawainStark|Greninja confirmed banned now lol
|c| lil manaphy|not #1 anymore
|c|âbernkastar|i've knocked him out of #1
|c|âbernkastar|about 20 mins ago
|c| poopy pants McGee|he was so mad lol
|c| poopy pants McGee|on a gremeanie rant
|leave|nskrk
|leave|spencerho