|join|subzeromkx
|join|back in my life
|player|p1|subzeromkx|20
|player|p2|back in my life|137
|gametype|singles
|gen|6
|tier|OU
|rated
|clearpoke
|poke|p1|Landorus, M
|poke|p1|Gardevoir, F, shiny
|poke|p1|Breloom, M
|poke|p1|Scizor, M
|poke|p1|Latias, F
|poke|p1|Garchomp, F
|poke|p2|Garchomp, M
|poke|p2|Breloom, F
|poke|p2|Landorus, M
|poke|p2|Gardevoir, F
|poke|p2|Bisharp, M
|poke|p2|Latias, F
|rule|Swagger Clause: Swagger is banned
|rule|Baton Pass Clause: Limit one PokÃ©mon knowing Baton Pass
|rule|Sleep Clause Mod: Limit one foe put to sleep
|rule|Species Clause: Limit one of each PokÃ©mon
|rule|OHKO Clause: OHKO moves are banned
|rule|Moody Clause: Moody is banned
|rule|Evasion Moves Clause: Evasion moves are banned
|rule|Endless Battle Clause: Forcing endless battles is banned
|rule|HP Percentage Mod: HP is shown in percentages
|teampreview
|c|âsubzeromkx|really now
|c|âsubzeromkx|fucking noobs
|c|âback in my life|:(
|
|start
|switch|p1a: Ugo|Landorus, M|319\/319
|switch|p2a: Garchomp|Garchomp, M|357\/357
|turn|1
|
|move|p2a: Garchomp|Stealth Rock|p1a: Ugo
|-sidestart|p1: subzeromkx|move: Stealth Rock
|move|p1a: Ugo|Hidden Power|p2a: Garchomp
|-supereffective|p2a: Garchomp
|-enditem|p2a: Garchomp|Focus Sash
|-damage|p2a: Garchomp|1\/357
|-damage|p1a: Ugo|288\/319|[from] item: Life Orb
|
|turn|2
|
|switch|p1a: Kisame|Garchomp, F|419\/419
|-damage|p1a: Kisame|393\/419|[from] Stealth Rock
|move|p2a: Garchomp|Outrage|p1a: Kisame
|-supereffective|p1a: Kisame
|-damage|p1a: Kisame|57\/419
|-damage|p2a: Garchomp|0 fnt|[from] ability: Rough Skin|[of] p1a: Kisame
|faint|p2a: Garchomp
|
|
|switch|p2a: Latias|Latias, F|301\/301
|turn|3
|
|switch|p1a: Scizor|Scizor, M|289\/289
|-damage|p1a: Scizor|253\/289|[from] Stealth Rock
|move|p2a: Latias|Psyshock|p1a: Scizor
|-resisted|p1a: Scizor
|-damage|p1a: Scizor|175\/289
|-damage|p2a: Latias|271\/301|[from] item: Life Orb
|
|turn|4
|
|switch|p2a: Landorus|Landorus, M|319\/319
|move|p1a: Scizor|U-turn|p2a: Landorus
|-resisted|p2a: Landorus
|-damage|p2a: Landorus|202\/319
|
|switch|p1a: Latias|Latias, F|301\/301
|-damage|p1a: Latias|264\/301|[from] Stealth Rock
|
|turn|5
|
|switch|p2a: Gardevoir|Gardevoir, F|277\/277
|-ability|p2a: Gardevoir|Levitate|[from] ability: Trace|[of] p1a: Latias
|move|p1a: Latias|Draco Meteor|p2a: Gardevoir
|-immune|p2a: Gardevoir|[msg]
|
|turn|6
|
|detailschange|p2a: Gardevoir|Gardevoir-Mega, F
|-mega|p2a: Gardevoir|Gardevoir|Gardevoirite
|move|p1a: Latias|Healing Wish|p1a: Latias
|faint|p1a: Latias
|move|p2a: Gardevoir|Hyper Voice|p1: Latias|[notarget]
|-notarget
|
|
|switch|p1a: Scizor|Scizor, M|175\/289
|-heal|p1a: Scizor|289\/289|[from] move: Healing Wish
|-damage|p1a: Scizor|253\/289|[from] Stealth Rock
|turn|7
|
|switch|p2a: Bisharp|Bisharp, M|271\/271
|move|p1a: Scizor|Bullet Punch|p2a: Bisharp
|-resisted|p2a: Bisharp
|-damage|p2a: Bisharp|181\/271
|
|turn|8
|
|switch|p1a: Kisame|Garchomp, F|57\/419
|-damage|p1a: Kisame|31\/419|[from] Stealth Rock
|move|p2a: Bisharp|Iron Head|p1a: Kisame
|-damage|p1a: Kisame|0 fnt
|-damage|p2a: Bisharp|148\/271|[from] ability: Rough Skin|[of] p1a: Kisame
|-damage|p2a: Bisharp|103\/271|[from] item: Rocky Helmet|[of] p1a: Kisame
|-damage|p2a: Bisharp|76\/271|[from] item: Life Orb
|faint|p1a: Kisame
|
|
|switch|p1a: Kensei|Breloom, M|262\/262
|-damage|p1a: Kensei|246\/262|[from] Stealth Rock
|turn|9
|
|move|p2a: Bisharp|Iron Head|p1a: Kensei
|-damage|p1a: Kensei|0 fnt
|-damage|p2a: Bisharp|49\/271|[from] item: Life Orb
|faint|p1a: Kensei
|
|
|switch|p1a: Scizor|Scizor, M|253\/289
|-damage|p1a: Scizor|217\/289|[from] Stealth Rock
|turn|10
|
|move|p2a: Bisharp|Sucker Punch|p1a: Scizor
|-damage|p1a: Scizor|21\/289
|-damage|p2a: Bisharp|22\/271|[from] item: Life Orb
|move|p1a: Scizor|Bullet Punch|p2a: Bisharp
|-resisted|p2a: Bisharp
|-damage|p2a: Bisharp|0 fnt
|faint|p2a: Bisharp
|
|-message|subzeromkx forfeited.
|
|win|back in my life
|raw|Ladder updating...
|leave|subzeromkx
|player|p1
|raw|subzeromkx's rating: 1779 &rarr; <strong>1751<\/strong><br \/>(-28 for losing)
|raw|back in my life's rating: 1635 &rarr; <strong>1663<\/strong><br \/>(+28 for winning)