|join|subzeromkx
|join|Reverb
|player|p1|subzeromkx|20
|player|p2|Reverb|#reverb
|gametype|singles
|gen|6
|tier|OU
|rated
|clearpoke
|poke|p1|Breloom, M
|poke|p1|Gardevoir, F, shiny
|poke|p1|Thundurus, M
|poke|p1|Bisharp, M
|poke|p1|Landorus-Therian, M
|poke|p1|Garchomp, F
|poke|p2|Infernape, F
|poke|p2|Azumarill, F
|poke|p2|Gastrodon, M
|poke|p2|Landorus, M
|poke|p2|Thundurus, M
|poke|p2|Metagross
|rule|Swagger Clause: Swagger is banned
|rule|Baton Pass Clause: Limit one PokÃ©mon knowing Baton Pass
|rule|Sleep Clause Mod: Limit one foe put to sleep
|rule|Species Clause: Limit one of each PokÃ©mon
|rule|OHKO Clause: OHKO moves are banned
|rule|Moody Clause: Moody is banned
|rule|Evasion Moves Clause: Evasion moves are banned
|rule|Endless Battle Clause: Forcing endless battles is banned
|rule|HP Percentage Mod: HP is shown in percentages
|teampreview
|
|start
|switch|p1a: Landorus-Therian|Landorus-Therian, M|330\/330
|switch|p2a: Infernape|Infernape, F|294\/294
|-ability|p1a: Landorus-Therian|Intimidate|[of] p2a: Infernape
|-unboost|p2a: Infernape|atk|1
|turn|1
|
|move|p1a: Landorus-Therian|U-turn|p2a: Infernape
|-resisted|p2a: Infernape
|-damage|p2a: Infernape|263\/294
|
|switch|p1a: Kisame|Garchomp, F|420\/420
|move|p2a: Infernape|Stealth Rock|p1a: Kisame
|-sidestart|p1: subzeromkx|move: Stealth Rock
|
|turn|2
|
|switch|p2a: Azumarill|Azumarill, F|360\/360
|move|p1a: Kisame|Stealth Rock|p2a: Azumarill
|-sidestart|p2: Reverb|move: Stealth Rock
|
|turn|3
|join|haunter
|
|move|p1a: Kisame|Earthquake|p2a: Azumarill
|-crit|p2a: Azumarill
|-damage|p2a: Azumarill|99\/360
|-enditem|p2a: Azumarill|Sitrus Berry|[eat]
|-heal|p2a: Azumarill|189\/360|[from] item: Sitrus Berry
|move|p2a: Azumarill|Play Rough|p1a: Kisame
|-supereffective|p1a: Kisame
|-damage|p1a: Kisame|112\/420
|-damage|p2a: Azumarill|144\/360|[from] ability: Rough Skin|[of] p1a: Kisame
|-damage|p2a: Azumarill|84\/360|[from] item: Rocky Helmet|[of] p1a: Kisame
|
|turn|4
|
|move|p2a: Azumarill|Aqua Jet|p1a: Kisame
|-damage|p1a: Kisame|46\/420
|-damage|p2a: Azumarill|39\/360|[from] ability: Rough Skin|[of] p1a: Kisame
|-damage|p2a: Azumarill|0 fnt|[from] item: Rocky Helmet|[of] p1a: Kisame
|faint|p2a: Azumarill
|move|p1a: Kisame|Earthquake|p2: Azumarill|[notarget]
|-notarget
|
|
|switch|p2a: Landorus|Landorus, M|319\/319
|-damage|p2a: Landorus|280\/319|[from] Stealth Rock
|turn|5
|
|move|p2a: Landorus|Psychic|p1a: Kisame
|-damage|p1a: Kisame|0 fnt
|faint|p1a: Kisame
|
|
|switch|p1a: Thundurus|Thundurus, M|299\/299
|-damage|p1a: Thundurus|225\/299|[from] Stealth Rock
|turn|6
|join|Alldaalts
|
|switch|p1a: Breloom|Breloom, M|262\/262
|-damage|p1a: Breloom|246\/262|[from] Stealth Rock
|switch|p2a: Infernape|Infernape, F|263\/294
|-damage|p2a: Infernape|227\/294|[from] Stealth Rock
|
|turn|7
|
|switch|p1a: Landorus-Therian|Landorus-Therian, M|330\/330
|-damage|p1a: Landorus-Therian|289\/330|[from] Stealth Rock
|-ability|p1a: Landorus-Therian|Intimidate|[of] p2a: Infernape
|-unboost|p2a: Infernape|atk|1
|move|p2a: Infernape|Fire Blast|p1a: Landorus-Therian
|-damage|p1a: Landorus-Therian|79\/330
|
|turn|8
|
|switch|p2a: Landorus|Landorus, M|280\/319
|-damage|p2a: Landorus|241\/319|[from] Stealth Rock
|move|p1a: Landorus-Therian|U-turn|p2a: Landorus
|-resisted|p2a: Landorus
|-damage|p2a: Landorus|184\/319
|
|switch|p1a: Bisharp|Bisharp, M|290\/290
|-damage|p1a: Bisharp|272\/290|[from] Stealth Rock
|
|turn|9
|
|move|p2a: Landorus|Earth Power|p1a: Bisharp
|-supereffective|p1a: Bisharp
|-damage|p1a: Bisharp|0 fnt
|faint|p1a: Bisharp
|
|
|switch|p1a: Thundurus|Thundurus, M|225\/299
|-damage|p1a: Thundurus|151\/299|[from] Stealth Rock
|turn|10
|
|switch|p2a: Gastrodon|Gastrodon, M|426\/426
|-damage|p2a: Gastrodon|400\/426|[from] Stealth Rock
|move|p1a: Thundurus|Hidden Power|p2a: Gastrodon
|-damage|p2a: Gastrodon|284\/426
|-damage|p1a: Thundurus|122\/299|[from] item: Life Orb
|
|-heal|p2a: Gastrodon|310\/426|[from] item: Leftovers
|turn|11
|
|switch|p1a: Landorus-Therian|Landorus-Therian, M|79\/330
|-damage|p1a: Landorus-Therian|38\/330|[from] Stealth Rock
|-ability|p1a: Landorus-Therian|Intimidate|[of] p2a: Gastrodon
|-unboost|p2a: Gastrodon|atk|1
|move|p2a: Gastrodon|Toxic|p1a: Landorus-Therian|[miss]
|-miss|p2a: Gastrodon|p1a: Landorus-Therian
|
|-heal|p2a: Gastrodon|336\/426|[from] item: Leftovers
|turn|12
|
|move|p1a: Landorus-Therian|Knock Off|p2a: Gastrodon
|-damage|p2a: Gastrodon|213\/426
|-enditem|p2a: Gastrodon|Leftovers|[from] move: Knock Off|[of] p1a: Landorus-Therian
|move|p2a: Gastrodon|Recover|p2a: Gastrodon
|-heal|p2a: Gastrodon|426\/426
|
|turn|13
|
|move|p1a: Landorus-Therian|Knock Off|p2a: Gastrodon
|-damage|p2a: Gastrodon|346\/426
|move|p2a: Gastrodon|Toxic|p1a: Landorus-Therian
|-status|p1a: Landorus-Therian|tox
|
|-damage|p1a: Landorus-Therian|18\/330 tox|[from] psn
|turn|14
|
|move|p1a: Landorus-Therian|Knock Off|p2a: Gastrodon
|-damage|p2a: Gastrodon|255\/426
|move|p2a: Gastrodon|Recover|p2a: Gastrodon
|-heal|p2a: Gastrodon|426\/426
|
|-damage|p1a: Landorus-Therian|0 fnt|[from] psn
|faint|p1a: Landorus-Therian
|
|switch|p1a: Breloom|Breloom, M|246\/262
|-damage|p1a: Breloom|230\/262|[from] Stealth Rock
|turn|15
|join|Cienight
|
|move|p1a: Breloom|Spore|p2a: Gastrodon
|-status|p2a: Gastrodon|slp
|cant|p2a: Gastrodon|slp
|
|turn|16
|
|switch|p2a: Landorus|Landorus, M|184\/319
|-damage|p2a: Landorus|145\/319|[from] Stealth Rock
|move|p1a: Breloom|Swords Dance|p1a: Breloom
|-boost|p1a: Breloom|atk|2
|
|turn|17
|
|move|p1a: Breloom|Mach Punch|p2a: Landorus
|-resisted|p2a: Landorus
|-damage|p2a: Landorus|0 fnt
|-damage|p1a: Breloom|204\/262|[from] item: Life Orb
|faint|p2a: Landorus
|
|
|switch|p2a: Thundurus|Thundurus, M|299\/299
|-damage|p2a: Thundurus|225\/299|[from] Stealth Rock
|turn|18
|
|switch|p1a: Hilda|Gardevoir, F, shiny|314\/314
|-damage|p1a: Hilda|275\/314|[from] Stealth Rock
|-ability|p1a: Hilda|Prankster|[from] ability: Trace|[of] p2a: Thundurus
|move|p2a: Thundurus|Hidden Power|p1a: Hilda
|-damage|p1a: Hilda|192\/314
|-damage|p2a: Thundurus|196\/299|[from] item: Life Orb
|
|turn|19
|
|detailschange|p1a: Hilda|Gardevoir-Mega, F, shiny
|-mega|p1a: Hilda|Gardevoir|Gardevoirite
|move|p2a: Thundurus|Thunder Wave|p1a: Hilda
|-status|p1a: Hilda|par
|move|p1a: Hilda|Hyper Voice|p2a: Thundurus
|-damage|p2a: Thundurus|0 fnt
|faint|p2a: Thundurus
|
|
|switch|p2a: Metagross|Metagross|301\/301
|-damage|p2a: Metagross|283\/301|[from] Stealth Rock
|turn|20
|join|Kimio
|
|detailschange|p2a: Metagross|Metagross-Mega
|-mega|p2a: Metagross|Metagross|Metagrossite
|move|p2a: Metagross|Meteor Mash|p1a: Hilda
|-supereffective|p1a: Hilda
|-damage|p1a: Hilda|0 fnt
|faint|p1a: Hilda
|
|
|switch|p1a: Thundurus|Thundurus, M|122\/299
|-damage|p1a: Thundurus|48\/299|[from] Stealth Rock
|turn|21
|
|switch|p2a: Infernape|Infernape, F|227\/294
|-damage|p2a: Infernape|191\/294|[from] Stealth Rock
|move|p1a: Thundurus|Thunder Wave|p2a: Infernape
|-status|p2a: Infernape|par
|
|turn|22
|join|el capitan grande
|
|move|p2a: Infernape|Vacuum Wave|p1a: Thundurus
|-resisted|p1a: Thundurus
|-damage|p1a: Thundurus|3\/299
|move|p1a: Thundurus|Hidden Power|p2a: Infernape
|-resisted|p2a: Infernape
|-damage|p2a: Infernape|131\/294 par
|-damage|p1a: Thundurus|0 fnt|[from] item: Life Orb
|faint|p1a: Thundurus
|
|
|switch|p1a: Breloom|Breloom, M|204\/262
|-damage|p1a: Breloom|188\/262|[from] Stealth Rock
|turn|23
|join|1800Rekt
|
|switch|p2a: Metagross|Metagross-Mega|283\/301
|-damage|p2a: Metagross|265\/301|[from] Stealth Rock
|move|p1a: Breloom|Swords Dance|p1a: Breloom
|-boost|p1a: Breloom|atk|2
|
|turn|24
|
|move|p1a: Breloom|Mach Punch|p2a: Metagross
|-damage|p2a: Metagross|65\/301
|-damage|p1a: Breloom|162\/262|[from] item: Life Orb
|move|p2a: Metagross|Ice Punch|p1a: Breloom
|-supereffective|p1a: Breloom
|-damage|p1a: Breloom|0 fnt
|faint|p1a: Breloom
|
|win|Reverb
|raw|Ladder updating...
|raw|subzeromkx's rating: 1680 &rarr; <strong>1661<\/strong><br \/>(-19 for losing)
|raw|Reverb's rating: 1700 &rarr; <strong>1719<\/strong><br \/>(+19 for winning)
|c|âReverb|gg
|c|âsubzeromkx|gg
|leave|subzeromkx
|player|p1