|join|subzeromkx
|join|Dicksorcery
|player|p1|subzeromkx|20
|player|p2|Dicksorcery|208
|gametype|singles
|gen|6
|tier|OU
|rated
|clearpoke
|poke|p1|Celebi
|poke|p1|Gardevoir, M
|poke|p1|Bisharp, M
|poke|p1|Azumarill, M
|poke|p1|Latias, F
|poke|p1|Garchomp, M
|poke|p2|Charizard, M
|poke|p2|Venusaur, F
|poke|p2|Dugtrio, M
|poke|p2|Bisharp, M
|poke|p2|Latias, F
|poke|p2|Azumarill, M
|rule|Swagger Clause: Swagger is banned
|rule|Baton Pass Clause: Limit one PokÃ©mon knowing Baton Pass
|rule|Sleep Clause Mod: Limit one foe put to sleep
|rule|Species Clause: Limit one of each PokÃ©mon
|rule|OHKO Clause: OHKO moves are banned
|rule|Moody Clause: Moody is banned
|rule|Evasion Moves Clause: Evasion moves are banned
|rule|Endless Battle Clause: Forcing endless battles is banned
|rule|HP Percentage Mod: HP is shown in percentages
|teampreview
|c|âDicksorcery|same 3
|
|start
|switch|p1a: Azumarill|Azumarill, M|363\/363
|switch|p2a: Azumarill|Azumarill, M|403\/403
|turn|1
|
|move|p1a: Azumarill|Play Rough|p2a: Azumarill
|-damage|p2a: Azumarill|73\/403
|move|p2a: Azumarill|Play Rough|p1a: Azumarill
|-damage|p1a: Azumarill|108\/363
|
|turn|2
|
|move|p2a: Azumarill|Aqua Jet|p1a: Azumarill
|-crit|p1a: Azumarill
|-resisted|p1a: Azumarill
|-damage|p1a: Azumarill|34\/363
|move|p1a: Azumarill|Play Rough|p2a: Azumarill
|-damage|p2a: Azumarill|0 fnt
|faint|p2a: Azumarill
|
|
|switch|p2a: Venusaur|Venusaur, F|301\/301
|turn|3
|
|move|p2a: Venusaur|Sludge Bomb|p1a: Azumarill
|-supereffective|p1a: Azumarill
|-damage|p1a: Azumarill|0 fnt
|-damage|p2a: Venusaur|271\/301|[from] item: Life Orb
|faint|p1a: Azumarill
|
|
|switch|p1a: Gardevoir|Gardevoir, M|314\/314
|-ability|p1a: Gardevoir|Chlorophyll|[from] ability: Trace|[of] p2a: Venusaur
|turn|4
|join|Maeckes
|leave|Maeckes
|
|switch|p2a: Charizard|Charizard, M|305\/305
|switch|p1a: Kisame|Garchomp, M|420\/420
|
|turn|5
|
|switch|p2a: Venusaur|Venusaur, F|271\/301
|move|p1a: Kisame|Stealth Rock|p2a: Venusaur
|-sidestart|p2: Dicksorcery|move: Stealth Rock
|
|turn|6
|
|move|p2a: Venusaur|Giga Drain|p1a: Kisame
|-damage|p1a: Kisame|233\/420
|-heal|p2a: Venusaur|301\/301|[from] drain|[of] p1a: Kisame
|-damage|p2a: Venusaur|271\/301|[from] item: Life Orb
|move|p1a: Kisame|Fire Blast|p2a: Venusaur
|-supereffective|p2a: Venusaur
|-damage|p2a: Venusaur|137\/301
|
|turn|7
|
|switch|p2a: Latias|Latias, F|301\/301
|-damage|p2a: Latias|264\/301|[from] Stealth Rock
|switch|p1a: Latias|Latias, F|319\/319
|
|-heal|p2a: Latias|282\/301|[from] item: Leftovers
|turn|8
|
|move|p2a: Latias|Draco Meteor|p1a: Latias
|-supereffective|p1a: Latias
|-damage|p1a: Latias|0 fnt
|-unboost|p2a: Latias|spa|2
|faint|p1a: Latias
|
|-heal|p2a: Latias|300\/301|[from] item: Leftovers
|
|switch|p1a: Gardevoir|Gardevoir, M|314\/314
|-ability|p1a: Gardevoir|Levitate|[from] ability: Trace|[of] p2a: Latias
|turn|9
|
|switch|p2a: Bisharp|Bisharp, M|326\/326
|-damage|p2a: Bisharp|306\/326|[from] Stealth Rock
|-item|p2a: Bisharp|Air Balloon
|detailschange|p1a: Gardevoir|Gardevoir-Mega, M
|-mega|p1a: Gardevoir|Gardevoir|Gardevoirite
|move|p1a: Gardevoir|Hyper Voice|p2a: Bisharp
|-damage|p2a: Bisharp|0 fnt
|-enditem|p2a: Bisharp|Air Balloon
|faint|p2a: Bisharp
|
|
|switch|p2a: Dugtrio|Dugtrio, M|211\/211
|-damage|p2a: Dugtrio|198\/211|[from] Stealth Rock
|turn|10
|
|move|p2a: Dugtrio|Earthquake|p1a: Gardevoir
|-damage|p1a: Gardevoir|143\/314
|move|p1a: Gardevoir|Hyper Voice|p2a: Dugtrio
|-damage|p2a: Dugtrio|0 fnt
|faint|p2a: Dugtrio
|
|
|switch|p2a: Latias|Latias, F|300\/301
|-damage|p2a: Latias|263\/301|[from] Stealth Rock
|turn|11
|
|move|p2a: Latias|Psyshock|p1a: Gardevoir
|-resisted|p1a: Gardevoir
|-damage|p1a: Gardevoir|48\/314
|move|p1a: Gardevoir|Hyper Voice|p2a: Latias
|-supereffective|p2a: Latias
|-damage|p2a: Latias|0 fnt
|faint|p2a: Latias
|
|
|switch|p2a: Charizard|Charizard, M|305\/305
|-damage|p2a: Charizard|153\/305|[from] Stealth Rock
|turn|12
|
|detailschange|p2a: Charizard|Charizard-Mega-Y, M
|-mega|p2a: Charizard|Charizard|Charizardite Y
|-weather|SunnyDay
|move|p2a: Charizard|Hidden Power|p1a: Gardevoir
|-crit|p1a: Gardevoir
|-damage|p1a: Gardevoir|0 fnt
|faint|p1a: Gardevoir
|
|-weather|SunnyDay|[upkeep]
|
|switch|p1a: Bisharp|Bisharp, M|272\/272
|turn|13
|
|move|p1a: Bisharp|Sucker Punch|p2a: Charizard
|-fail|p2a: Charizard
|move|p2a: Charizard|Roost|p2a: Charizard
|-heal|p2a: Charizard|305\/305
|
|-weather|SunnyDay|[upkeep]
|turn|14
|
|switch|p1a: Kisame|Garchomp, M|233\/420
|move|p2a: Charizard|Roost|p2a: Charizard
|-fail|p2a: Charizard
|
|-weather|SunnyDay|[upkeep]
|turn|15
|
|move|p2a: Charizard|Hidden Power|p1a: Kisame
|-supereffective|p1a: Kisame
|-damage|p1a: Kisame|0 fnt
|faint|p1a: Kisame
|
|-weather|SunnyDay|[upkeep]
|
|switch|p1a: Celebi|Celebi|403\/403
|turn|16
|
|move|p2a: Charizard|Fire Blast|p1a: Celebi
|-crit|p1a: Celebi
|-supereffective|p1a: Celebi
|-damage|p1a: Celebi|0 fnt
|faint|p1a: Celebi
|
|-weather|none
|
|switch|p1a: Bisharp|Bisharp, M|272\/272
|turn|17
|
|move|p1a: Bisharp|Sucker Punch|p2a: Charizard
|-damage|p2a: Charizard|74\/305
|-damage|p1a: Bisharp|245\/272|[from] item: Life Orb
|move|p2a: Charizard|Fire Blast|p1a: Bisharp
|-supereffective|p1a: Bisharp
|-damage|p1a: Bisharp|0 fnt
|faint|p1a: Bisharp
|
|win|Dicksorcery
|raw|Ladder updating...
|leave|subzeromkx
|player|p1
|raw|subzeromkx's rating: 1648 &rarr; <strong>1616<\/strong><br \/>(-32 for losing)
|raw|Dicksorcery's rating: 1406 &rarr; <strong>1438<\/strong><br \/>(+32 for winning)
|c|âDicksorcery|you were much better than me