|join|subzeromkx
|join|Patodragon.v2
|player|p1|subzeromkx|20
|player|p2|Patodragon.v2|266
|gametype|singles
|gen|6
|tier|OU
|rated
|clearpoke
|poke|p1|Breloom, F
|poke|p1|Gardevoir, F, shiny
|poke|p1|Thundurus, M
|poke|p1|Bisharp, F
|poke|p1|Mamoswine, F
|poke|p1|Garchomp, M
|poke|p2|Lopunny, M
|poke|p2|Skarmory, M
|poke|p2|Breloom, F
|poke|p2|Azumarill, M
|poke|p2|Bisharp, M
|poke|p2|Gengar, M
|rule|Swagger Clause: Swagger is banned
|rule|Baton Pass Clause: Limit one PokÃ©mon knowing Baton Pass
|rule|Sleep Clause Mod: Limit one foe put to sleep
|rule|Species Clause: Limit one of each PokÃ©mon
|rule|OHKO Clause: OHKO moves are banned
|rule|Moody Clause: Moody is banned
|rule|Evasion Moves Clause: Evasion moves are banned
|rule|Endless Battle Clause: Forcing endless battles is banned
|rule|HP Percentage Mod: HP is shown in percentages
|teampreview
|
|start
|switch|p1a: Hilda|Gardevoir, F, shiny|314\/314
|switch|p2a: Skarmory|Skarmory, M|271\/271
|-ability|p1a: Hilda|Sturdy|[from] ability: Trace|[of] p2a: Skarmory
|turn|1
|
|detailschange|p1a: Hilda|Gardevoir-Mega, F, shiny
|-mega|p1a: Hilda|Gardevoir|Gardevoirite
|move|p2a: Skarmory|Stealth Rock|p1a: Hilda
|-sidestart|p1: subzeromkx|move: Stealth Rock
|move|p1a: Hilda|Hyper Voice|p2a: Skarmory
|-resisted|p2a: Skarmory
|-damage|p2a: Skarmory|91\/271
|
|turn|2
|
|move|p1a: Hilda|Hyper Voice|p2a: Skarmory
|-resisted|p2a: Skarmory
|-damage|p2a: Skarmory|0 fnt
|faint|p2a: Skarmory
|
|
|switch|p2a: Lopunny|Lopunny, M|271\/271
|turn|3
|
|switch|p1a: Kisame|Garchomp, M|420\/420
|-damage|p1a: Kisame|394\/420|[from] Stealth Rock
|detailschange|p2a: Lopunny|Lopunny-Mega, M
|-mega|p2a: Lopunny|Lopunny|Lopunnite
|move|p2a: Lopunny|Ice Punch|p1a: Kisame
|-supereffective|p1a: Kisame
|-damage|p1a: Kisame|98\/420
|-damage|p2a: Lopunny|238\/271|[from] ability: Rough Skin|[of] p1a: Kisame
|-damage|p2a: Lopunny|193\/271|[from] item: Rocky Helmet|[of] p1a: Kisame
|
|turn|4
|
|move|p2a: Lopunny|Return|p1a: Kisame
|-damage|p1a: Kisame|0 fnt
|-damage|p2a: Lopunny|160\/271|[from] ability: Rough Skin|[of] p1a: Kisame
|-damage|p2a: Lopunny|115\/271|[from] item: Rocky Helmet|[of] p1a: Kisame
|faint|p1a: Kisame
|
|
|switch|p1a: Breloom|Breloom, F|262\/262
|-damage|p1a: Breloom|246\/262|[from] Stealth Rock
|turn|5
|
|switch|p2a: Gengar|Gengar, M|261\/261
|move|p1a: Breloom|Spore|p2a: Gengar
|-status|p2a: Gengar|slp
|
|turn|6
|
|cant|p2a: Gengar|slp
|move|p1a: Breloom|Bullet Seed|p2a: Gengar
|-resisted|p2a: Gengar
|-damage|p2a: Gengar|200\/261 slp
|-resisted|p2a: Gengar
|-damage|p2a: Gengar|135\/261 slp
|-hitcount|p2a: Gengar|2
|-damage|p1a: Breloom|220\/262|[from] item: Life Orb
|
|turn|7
|
|-curestatus|p2a: Gengar|slp
|move|p2a: Gengar|Sludge Bomb|p1a: Breloom
|-supereffective|p1a: Breloom
|-damage|p1a: Breloom|0 fnt
|-damage|p2a: Gengar|109\/261|[from] item: Life Orb
|faint|p1a: Breloom
|
|
|switch|p1a: Bisharp|Bisharp, F|290\/290
|-damage|p1a: Bisharp|272\/290|[from] Stealth Rock
|turn|8
|
|move|p2a: Gengar|Focus Blast|p1a: Bisharp
|-supereffective|p1a: Bisharp
|-damage|p1a: Bisharp|0 fnt
|-damage|p2a: Gengar|83\/261|[from] item: Life Orb
|faint|p1a: Bisharp
|
|-message|subzeromkx forfeited.
|leave|subzeromkx
|
|win|Patodragon.v2
|raw|Ladder updating...
|player|p1
|raw|subzeromkx's rating: 1728 &rarr; <strong>1707<\/strong><br \/>(-21 for losing)
|raw|Patodragon.v2's rating: 1716 &rarr; <strong>1737<\/strong><br \/>(+21 for winning)