|join|TheEnder â¥
|join|subzeromkx
|player|p1|TheEnder â¥|249
|player|p2|subzeromkx|20
|gametype|singles
|gen|6
|tier|OU
|rated
|clearpoke
|poke|p1|Clefable, M
|poke|p1|Ferrothorn, M
|poke|p1|Alakazam, M
|poke|p1|Starmie
|poke|p1|Heatran, F
|poke|p1|Mamoswine, M
|poke|p2|Landorus, M
|poke|p2|Gardevoir, F, shiny
|poke|p2|Breloom, M
|poke|p2|Bisharp, M
|poke|p2|Latias, F
|poke|p2|Garchomp, M
|rule|Swagger Clause: Swagger is banned
|rule|Baton Pass Clause: Limit one PokÃ©mon knowing Baton Pass
|rule|Sleep Clause Mod: Limit one foe put to sleep
|rule|Species Clause: Limit one of each PokÃ©mon
|rule|OHKO Clause: OHKO moves are banned
|rule|Moody Clause: Moody is banned
|rule|Evasion Moves Clause: Evasion moves are banned
|rule|Endless Battle Clause: Forcing endless battles is banned
|rule|HP Percentage Mod: HP is shown in percentages
|teampreview
|c|âTheEnder â¥|gl
|join|Omegasization
|
|start
|switch|p1a: Mamoswine|Mamoswine, M|361\/361
|switch|p2a: Hilda|Gardevoir, F, shiny|314\/314
|-ability|p2a: Hilda|Thick Fat|[from] ability: Trace|[of] p1a: Mamoswine
|turn|1
|c| Omegasization|oh rip something
|c|âTheEnder â¥|im gonna lose the spped tie
|c|âTheEnder â¥|np
|
|detailschange|p2a: Hilda|Gardevoir-Mega, F, shiny
|-mega|p2a: Hilda|Gardevoir|Gardevoirite
|move|p1a: Mamoswine|Earthquake|p2a: Hilda
|-damage|p2a: Hilda|0 fnt
|-damage|p1a: Mamoswine|325\/361|[from] item: Life Orb
|faint|p2a: Hilda
|
|c| Omegasization|hes modest
|c|âTheEnder â¥|ah
|c| Omegasization|he has no reason not to run it
|
|switch|p2a: Latias|Latias, F|301\/301
|turn|2
|
|switch|p2a: Ugo|Landorus, M|319\/319
|switch|p1a: Clefable|Clefable, M|394\/394
|
|turn|3
|
|move|p2a: Ugo|Sludge Wave|p1a: Clefable
|-supereffective|p1a: Clefable
|-damage|p1a: Clefable|12\/394
|move|p1a: Clefable|Moonblast|p2a: Ugo
|-damage|p2a: Ugo|198\/319
|
|-heal|p1a: Clefable|36\/394|[from] item: Leftovers
|turn|4
|
|move|p2a: Ugo|Sludge Wave|p1a: Clefable
|-supereffective|p1a: Clefable
|-damage|p1a: Clefable|0 fnt
|faint|p1a: Clefable
|
|
|switch|p1a: Alakazam|Alakazam, M|259\/259
|turn|5
|
|switch|p2a: Madara|Bisharp, M|334\/334
|detailschange|p1a: Alakazam|Alakazam-Mega, M
|-mega|p1a: Alakazam|Alakazam|Alakazite
|-ability|p1a: Alakazam|Defiant|[from] ability: Trace|[of] p2a: Madara
|move|p1a: Alakazam|Focus Blast|p2a: Madara|[miss]
|-miss|p1a: Alakazam|p2a: Madara
|
|turn|6
|c| Omegasization|aw
|
|move|p1a: Alakazam|Focus Blast|p2a: Madara|[miss]
|-miss|p1a: Alakazam|p2a: Madara
|move|p2a: Madara|Knock Off|p1a: Alakazam
|-supereffective|p1a: Alakazam
|-damage|p1a: Alakazam|0 fnt
|faint|p1a: Alakazam
|
|c|âTheEnder â¥|-
|c| Omegasization|bs
|
|switch|p1a: Heatran|Heatran, F|385\/385
|turn|7
|join|I'm Virus (~'o')~
|
|switch|p2a: Kisame|Garchomp, M|419\/419
|move|p1a: Heatran|Lava Plume|p2a: Kisame
|-resisted|p2a: Kisame
|-damage|p2a: Kisame|347\/419
|
|turn|8
|c| I'm Virus (~'o')~|hi ender n_n
|c|âTheEnder â¥|hi
|c|âTheEnder â¥|im losing
|c|âTheEnder â¥|to bs hax
|c|âTheEnder â¥|thoughts
|c|âTheEnder â¥|?
|c| I'm Virus (~'o')~|.cri
|
|switch|p1a: Starmie|Starmie|323\/323
|move|p2a: Kisame|Stealth Rock|p1a: Starmie
|-sidestart|p1: TheEnder â¥|move: Stealth Rock
|
|turn|9
|c| I'm Virus (~'o')~|^
|
|switch|p2a: Madara|Bisharp, M|334\/334
|move|p1a: Starmie|Scald|p2a: Madara
|-damage|p2a: Madara|249\/334
|
|turn|10
|
|move|p1a: Starmie|Scald|p2a: Madara
|-damage|p2a: Madara|159\/334
|-status|p2a: Madara|brn
|move|p2a: Madara|Knock Off|p1a: Starmie
|-supereffective|p1a: Starmie
|-damage|p1a: Starmie|123\/323
|-enditem|p1a: Starmie|Leftovers|[from] move: Knock Off|[of] p2a: Madara
|
|-damage|p2a: Madara|118\/334 brn|[from] brn
|turn|11
|
|move|p1a: Starmie|Recover|p1a: Starmie
|-heal|p1a: Starmie|285\/323
|move|p2a: Madara|Knock Off|p1a: Starmie
|-supereffective|p1a: Starmie
|-damage|p1a: Starmie|151\/323
|
|-damage|p2a: Madara|77\/334 brn|[from] brn
|turn|12
|c| I'm Virus (~'o')~|needed more reflect type imo.
|
|switch|p2a: Latias|Latias, F|301\/301
|move|p1a: Starmie|Recover|p1a: Starmie
|-heal|p1a: Starmie|313\/323
|
|turn|13
|
|move|p1a: Starmie|Rapid Spin|p2a: Latias
|-damage|p2a: Latias|290\/301
|-sideend|p1: TheEnder â¥|Stealth Rock|[from] move: Rapid Spin|[of] p1a: Starmie
|move|p2a: Latias|Draco Meteor|p1a: Starmie
|-damage|p1a: Starmie|35\/323
|-unboost|p2a: Latias|spa|2
|-damage|p2a: Latias|260\/301|[from] item: Life Orb
|
|turn|14
|join|Thompson129
|
|move|p1a: Starmie|Recover|p1a: Starmie
|-heal|p1a: Starmie|197\/323
|move|p2a: Latias|Draco Meteor|p1a: Starmie
|-damage|p1a: Starmie|40\/323
|-unboost|p2a: Latias|spa|2
|-damage|p2a: Latias|230\/301|[from] item: Life Orb
|
|turn|15
|leave|Thompson129
|join|Alldaalts
|
|switch|p2a: Kisame|Garchomp, M|347\/419
|move|p1a: Starmie|Recover|p1a: Starmie
|-heal|p1a: Starmie|202\/323
|
|turn|16
|
|move|p1a: Starmie|Scald|p2a: Kisame
|-damage|p2a: Kisame|218\/419
|move|p2a: Kisame|Stealth Rock|p1a: Starmie
|-sidestart|p1: TheEnder â¥|move: Stealth Rock
|
|turn|17
|
|move|p1a: Starmie|Scald|p2a: Kisame
|-damage|p2a: Kisame|88\/419
|move|p2a: Kisame|Earthquake|p1a: Starmie
|-damage|p1a: Starmie|36\/323
|
|turn|18
|c| I'm Virus (~'o')~|starmie rekting
|c| I'm Virus (~'o')~|.-.
|
|move|p1a: Starmie|Scald|p2a: Kisame
|-damage|p2a: Kisame|0 fnt
|faint|p2a: Kisame
|
|
|switch|p2a: Kensei|Breloom, M|262\/262
|turn|19
|
|move|p2a: Kensei|Mach Punch|p1a: Starmie
|-resisted|p1a: Starmie
|-damage|p1a: Starmie|0 fnt
|-damage|p2a: Kensei|236\/262|[from] item: Life Orb
|faint|p1a: Starmie
|
|
|switch|p1a: Ferrothorn|Ferrothorn, M|352\/352
|-damage|p1a: Ferrothorn|330\/352|[from] Stealth Rock
|turn|20
|
|switch|p2a: Madara|Bisharp, M|77\/334 brn
|move|p1a: Ferrothorn|Gyro Ball|p2a: Madara
|-resisted|p2a: Madara
|-damage|p2a: Madara|13\/334 brn
|
|-heal|p1a: Ferrothorn|352\/352|[from] item: Leftovers
|-damage|p2a: Madara|0 fnt|[from] brn
|faint|p2a: Madara
|
|switch|p2a: Ugo|Landorus, M|198\/319
|turn|21
|c| I'm Virus (~'o')~|mamo sweeps imo.
|c| I'm Virus (~'o')~|:]
|
|switch|p1a: Heatran|Heatran, F|385\/385
|-damage|p1a: Heatran|337\/385|[from] Stealth Rock
|move|p2a: Ugo|Focus Blast|p1a: Heatran
|-supereffective|p1a: Heatran
|-damage|p1a: Heatran|0 fnt
|faint|p1a: Heatran
|
|
|switch|p1a: Mamoswine|Mamoswine, M|325\/361
|-damage|p1a: Mamoswine|280\/361|[from] Stealth Rock
|turn|22
|c| Omegasization|ferro wins JS
|c| Omegasization|if not mamo doe
|c| Omegasization|s
|
|switch|p2a: Kensei|Breloom, M|236\/262
|move|p1a: Mamoswine|Ice Shard|p2a: Kensei
|-supereffective|p2a: Kensei
|-damage|p2a: Kensei|23\/262
|-damage|p1a: Mamoswine|244\/361|[from] item: Life Orb
|
|turn|23
|c| I'm Virus (~'o')~|inb4 hp fire lati.
|
|move|p1a: Mamoswine|Ice Shard|p2a: Kensei
|-supereffective|p2a: Kensei
|-damage|p2a: Kensei|0 fnt
|-damage|p1a: Mamoswine|208\/361|[from] item: Life Orb
|faint|p2a: Kensei
|
|
|switch|p2a: Latias|Latias, F|230\/301
|turn|24
|c| I'm Virus (~'o')~|let it live
|c| I'm Virus (~'o')~|and ill cry
|c| I'm Virus (~'o')~|.-.
|
|switch|p2a: Ugo|Landorus, M|198\/319
|switch|p1a: Ferrothorn|Ferrothorn, M|352\/352
|-damage|p1a: Ferrothorn|330\/352|[from] Stealth Rock
|
|-heal|p1a: Ferrothorn|352\/352|[from] item: Leftovers
|turn|25
|join|IamLadderingChow
|c| I'm Virus (~'o')~|nb.
|c| Omegasization|hue
|
|move|p2a: Ugo|Focus Blast|p1a: Ferrothorn
|-supereffective|p1a: Ferrothorn
|-damage|p1a: Ferrothorn|17\/352
|move|p1a: Ferrothorn|Gyro Ball|p2a: Ugo
|-damage|p2a: Ugo|27\/319
|
|-heal|p1a: Ferrothorn|39\/352|[from] item: Leftovers
|turn|26
|c| I'm Virus (~'o')~|rocks here
|c| I'm Virus (~'o')~|gdi
|c|âTheEnder â¥|i have spikes
|c|âTheEnder â¥|on this
|c| I'm Virus (~'o')~|ik
|
|move|p2a: Ugo|Earth Power|p1a: Ferrothorn
|-damage|p1a: Ferrothorn|0 fnt
|faint|p1a: Ferrothorn
|
|c| I'm Virus (~'o')~|:l
|join|Cumown
|
|switch|p1a: Mamoswine|Mamoswine, M|208\/361
|-damage|p1a: Mamoswine|163\/361|[from] Stealth Rock
|turn|27
|
|move|p1a: Mamoswine|Ice Shard|p2a: Ugo
|-supereffective|p2a: Ugo
|-damage|p2a: Ugo|0 fnt
|-damage|p1a: Mamoswine|127\/361|[from] item: Life Orb
|faint|p2a: Ugo
|
|
|switch|p2a: Latias|Latias, F|230\/301
|turn|28
|
|move|p1a: Mamoswine|Ice Shard|p2a: Latias
|-supereffective|p2a: Latias
|-damage|p2a: Latias|12\/301
|-damage|p1a: Mamoswine|91\/361|[from] item: Life Orb
|move|p2a: Latias|Psyshock|p1a: Mamoswine
|-damage|p1a: Mamoswine|0 fnt
|-damage|p2a: Latias|0 fnt|[from] item: Life Orb
|faint|p1a: Mamoswine
|faint|p2a: Latias
|
|win|subzeromkx
|raw|Ladder updating...
|raw|TheEnder â¥'s rating: 1789 &rarr; <strong>1764<\/strong><br \/>(-25 for losing)
|raw|subzeromkx's rating: 1713 &rarr; <strong>1737<\/strong><br \/>(+24 for winning)
|c| I'm Virus (~'o')~|LOL
|c|âTheEnder â¥|gg
|leave|subzeromkx
|player|p2
|c| I'm Virus (~'o')~|nb
|leave|TheEnder â¥
|player|p1
|join|Tng
|leave|I'm Virus (~'o')~
|leave|Omegasization
|leave|IamLadderingChow
|leave|Tng