|join|subzeromkx
|join|iplaytennislol
|player|p1|subzeromkx|20
|player|p2|iplaytennislol|175
|gametype|singles
|gen|6
|tier|OU (suspect test)
|rated
|clearpoke
|poke|p1|Garchomp, M
|poke|p1|Landorus, M
|poke|p1|Gardevoir, F
|poke|p1|Breloom, M
|poke|p1|Bisharp, M
|poke|p1|Latios, M
|poke|p2|Infernape, F
|poke|p2|Azumarill, F
|poke|p2|Lucario, M
|poke|p2|Landorus, M
|poke|p2|Metagross
|poke|p2|Thundurus, M
|rule|Swagger Clause: Swagger is banned
|rule|Baton Pass Clause: Limit one PokÃ©mon knowing Baton Pass
|rule|Sleep Clause Mod: Limit one foe put to sleep
|rule|Species Clause: Limit one of each PokÃ©mon
|rule|OHKO Clause: OHKO moves are banned
|rule|Moody Clause: Moody is banned
|rule|Evasion Moves Clause: Evasion moves are banned
|rule|Endless Battle Clause: Forcing endless battles is banned
|rule|HP Percentage Mod: HP is shown in percentages
|teampreview
|join|HxH Hisoka
|c| HxH Hisoka|i love tennis
|c| HxH Hisoka|its a great sport
|c|âiplaytennislol|:]
|c| HxH Hisoka|do you really play?
|c| HxH Hisoka|irl
|c|âiplaytennislol|ye
|c| HxH Hisoka|nicee
|
|start
|switch|p1a: Uryu|Latios, M|301\/301
|switch|p2a: Infernape|Infernape, F|294\/294
|turn|1
|
|move|p1a: Uryu|Psyshock|p2a: Infernape
|-supereffective|p2a: Infernape
|-enditem|p2a: Infernape|Focus Sash
|-damage|p2a: Infernape|1\/294
|-damage|p1a: Uryu|271\/301|[from] item: Life Orb
|move|p2a: Infernape|Stealth Rock|p1a: Uryu
|-sidestart|p1: subzeromkx|move: Stealth Rock
|
|turn|2
|
|move|p1a: Uryu|Psyshock|p2a: Infernape
|-crit|p2a: Infernape
|-supereffective|p2a: Infernape
|-damage|p2a: Infernape|0 fnt
|-damage|p1a: Uryu|241\/301|[from] item: Life Orb
|faint|p2a: Infernape
|
|
|switch|p2a: Thundurus|Thundurus, M|299\/299
|turn|3
|
|switch|p1a: Hilda|Gardevoir, F|314\/314
|-damage|p1a: Hilda|275\/314|[from] Stealth Rock
|-ability|p1a: Hilda|Prankster|[from] ability: Trace|[of] p2a: Thundurus
|move|p2a: Thundurus|Knock Off|p1a: Hilda
|-damage|p1a: Hilda|165\/314
|-damage|p2a: Thundurus|270\/299|[from] item: Life Orb
|
|turn|4
|
|switch|p2a: Metagross|Metagross|301\/301
|detailschange|p1a: Hilda|Gardevoir-Mega, F
|-mega|p1a: Hilda|Gardevoir|Gardevoirite
|move|p1a: Hilda|Hyper Voice|p2a: Metagross
|-resisted|p2a: Metagross
|-damage|p2a: Metagross|163\/301
|
|turn|5
|join|JohnxYiu
|
|switch|p1a: Kisame|Garchomp, M|419\/419
|-damage|p1a: Kisame|393\/419|[from] Stealth Rock
|switch|p2a: Thundurus|Thundurus, M|270\/299
|
|turn|6
|
|switch|p1a: Madara|Bisharp, M|290\/290
|-damage|p1a: Madara|272\/290|[from] Stealth Rock
|move|p2a: Thundurus|Hidden Power|p1a: Madara
|-resisted|p1a: Madara
|-damage|p1a: Madara|211\/290
|-damage|p2a: Thundurus|241\/299|[from] item: Life Orb
|
|turn|7
|
|move|p1a: Madara|Pursuit|p2a: Thundurus|[from]Pursuit
|-damage|p2a: Thundurus|0 fnt
|-damage|p1a: Madara|182\/290|[from] item: Life Orb
|faint|p2a: Thundurus
|
|
|switch|p2a: Lucario|Lucario, M|281\/281
|turn|8
|
|switch|p1a: Kisame|Garchomp, M|393\/419
|-damage|p1a: Kisame|367\/419|[from] Stealth Rock
|move|p2a: Lucario|Close Combat|p1a: Kisame
|-damage|p1a: Kisame|167\/419
|-damage|p2a: Lucario|246\/281|[from] ability: Rough Skin|[of] p1a: Kisame
|-damage|p2a: Lucario|200\/281|[from] item: Rocky Helmet|[of] p1a: Kisame
|-unboost|p2a: Lucario|def|1
|-unboost|p2a: Lucario|spd|1
|-damage|p2a: Lucario|172\/281|[from] item: Life Orb
|
|turn|9
|
|move|p2a: Lucario|Close Combat|p1a: Kisame
|-crit|p1a: Kisame
|-damage|p1a: Kisame|0 fnt
|-damage|p2a: Lucario|137\/281|[from] ability: Rough Skin|[of] p1a: Kisame
|-damage|p2a: Lucario|91\/281|[from] item: Rocky Helmet|[of] p1a: Kisame
|-unboost|p2a: Lucario|def|1
|-unboost|p2a: Lucario|spd|1
|-damage|p2a: Lucario|63\/281|[from] item: Life Orb
|faint|p1a: Kisame
|
|
|switch|p1a: Uryu|Latios, M|241\/301
|-damage|p1a: Uryu|204\/301|[from] Stealth Rock
|turn|10
|
|move|p1a: Uryu|Earthquake|p2a: Lucario
|-supereffective|p2a: Lucario
|-damage|p2a: Lucario|0 fnt
|-damage|p1a: Uryu|174\/301|[from] item: Life Orb
|faint|p2a: Lucario
|
|
|switch|p2a: Metagross|Metagross|163\/301
|turn|11
|
|detailschange|p2a: Metagross|Metagross-Mega
|-mega|p2a: Metagross|Metagross|Metagrossite
|move|p1a: Uryu|Earthquake|p2a: Metagross
|-supereffective|p2a: Metagross
|-damage|p2a: Metagross|25\/301
|-damage|p1a: Uryu|144\/301|[from] item: Life Orb
|move|p2a: Metagross|Meteor Mash|p1a: Uryu
|-damage|p1a: Uryu|0 fnt
|faint|p1a: Uryu
|
|
|switch|p1a: Kensei|Breloom, M|262\/262
|-damage|p1a: Kensei|246\/262|[from] Stealth Rock
|turn|12
|
|switch|p2a: Landorus|Landorus, M|319\/319
|move|p1a: Kensei|Mach Punch|p2a: Landorus
|-resisted|p2a: Landorus
|-damage|p2a: Landorus|238\/319
|-damage|p1a: Kensei|220\/262|[from] item: Life Orb
|
|turn|13
|
|switch|p1a: Hilda|Gardevoir-Mega, F|165\/314
|-damage|p1a: Hilda|126\/314|[from] Stealth Rock
|move|p2a: Landorus|Focus Blast|p1a: Hilda|[miss]
|-miss|p2a: Landorus|p1a: Hilda
|
|turn|14
|
|switch|p2a: Azumarill|Azumarill, F|364\/364
|move|p1a: Hilda|Hyper Voice|p2a: Azumarill
|-damage|p2a: Azumarill|27\/364
|-enditem|p2a: Azumarill|Sitrus Berry|[eat]
|-heal|p2a: Azumarill|118\/364|[from] item: Sitrus Berry
|
|turn|15
|
|move|p2a: Azumarill|Aqua Jet|p1a: Hilda
|-damage|p1a: Hilda|0 fnt
|faint|p1a: Hilda
|
|
|switch|p1a: Madara|Bisharp, M|182\/290
|-damage|p1a: Madara|164\/290|[from] Stealth Rock
|turn|16
|
|move|p2a: Azumarill|Aqua Jet|p1a: Madara
|-damage|p1a: Madara|70\/290
|move|p1a: Madara|Iron Head|p2a: Azumarill
|-damage|p2a: Azumarill|0 fnt
|-damage|p1a: Madara|41\/290|[from] item: Life Orb
|faint|p2a: Azumarill
|
|
|switch|p2a: Metagross|Metagross-Mega|25\/301
|turn|17
|
|move|p2a: Metagross|Bullet Punch|p1a: Madara
|-resisted|p1a: Madara
|-damage|p1a: Madara|0 fnt
|faint|p1a: Madara
|
|
|switch|p1a: Kensei|Breloom, M|220\/262
|-damage|p1a: Kensei|204\/262|[from] Stealth Rock
|turn|18
|
|move|p2a: Metagross|Bullet Punch|p1a: Kensei
|-damage|p1a: Kensei|84\/262
|move|p1a: Kensei|Mach Punch|p2a: Metagross
|-damage|p2a: Metagross|0 fnt
|-damage|p1a: Kensei|58\/262|[from] item: Life Orb
|faint|p2a: Metagross
|
|
|switch|p2a: Landorus|Landorus, M|238\/319
|turn|19
|
|move|p2a: Landorus|Earth Power|p1a: Kensei
|-resisted|p1a: Kensei
|-damage|p1a: Kensei|0 fnt
|faint|p1a: Kensei
|
|
|switch|p1a: Ugo|Landorus, M|319\/319
|-damage|p1a: Ugo|280\/319|[from] Stealth Rock
|turn|20
|
|move|p1a: Ugo|Hidden Power|p2a: Landorus
|-supereffective|p2a: Landorus
|-damage|p2a: Landorus|0 fnt
|-damage|p1a: Ugo|249\/319|[from] item: Life Orb
|faint|p2a: Landorus
|
|win|subzeromkx
|raw|Ladder updating...
|raw|subzeromkx's rating: 1675 &rarr; <strong>1685<\/strong><br \/>(+10 for winning)
|raw|iplaytennislol's rating: 1480 &rarr; <strong>1470<\/strong><br \/>(-10 for losing)
|c|âiplaytennislol|gg
|leave|iplaytennislol
|player|p2
|c| HxH Hisoka|nicee
|c|âsubzeromkx|yay