|join|zoid's warhorse
|join|Brawnyboy24
|player|p1|zoid's warhorse|188
|player|p2|Brawnyboy24|101
|gametype|singles
|gen|6
|tier|UU
|rated
|rule|Sleep Clause Mod: Limit one foe put to sleep
|rule|Species Clause: Limit one of each PokÃ©mon
|rule|OHKO Clause: OHKO moves are banned
|rule|Moody Clause: Moody is banned
|rule|Evasion Moves Clause: Evasion moves are banned
|rule|Endless Battle Clause: Forcing endless battles is banned
|rule|HP Percentage Mod: HP is shown in percentages
|clearpoke
|poke|p1|Aerodactyl, M
|poke|p1|Azelf
|poke|p1|Dragalge, F
|poke|p1|Lucario, M
|poke|p1|Magneton
|poke|p1|Serperior, M
|poke|p2|Darmanitan, M, shiny
|poke|p2|Suicune
|poke|p2|Lucario, F
|poke|p2|Empoleon, F
|poke|p2|Banette, F
|poke|p2|Celebi
|rule|Swagger Clause: Swagger is banned
|rule|Baton Pass Clause: Limit one PokÃ©mon knowing Baton Pass
|teampreview
|
|start
|switch|p1a: Azelf|Azelf|291\/291
|switch|p2a: Empoleon|Empoleon, F|372\/372
|turn|1
|
|move|p1a: Azelf|Taunt|p2a: Empoleon
|-start|p2a: Empoleon|move: Taunt
|move|p2a: Empoleon|Scald|p1a: Azelf
|-damage|p1a: Azelf|150\/291
|
|turn|2
|
|switch|p2a: Banette|Banette, F|331\/331
|-item|p1a: Azelf|Focus Sash|[from] ability: Frisk|[of] p2a: Banette|[identify]
|move|p1a: Azelf|Stealth Rock|p2a: Banette
|-sidestart|p2: Brawnyboy24|move: Stealth Rock
|
|turn|3
|
|switch|p1a: Magneton|Magneton|303\/303
|detailschange|p2a: Banette|Banette-Mega, F
|-mega|p2a: Banette|Banette|Banettite
|move|p2a: Banette|Shadow Sneak|p1a: Magneton
|-damage|p1a: Magneton|242\/303
|
|turn|4
|
|move|p1a: Magneton|Volt Switch|p2a: Banette
|-damage|p2a: Banette|184\/331
|
|switch|p1a: Lucario|Lucario, M|279\/279
|move|p2a: Banette|Knock Off|p1a: Lucario
|-crit|p1a: Lucario
|-resisted|p1a: Lucario
|-damage|p1a: Lucario|133\/279
|-boost|p1a: Lucario|atk|1|[from] ability: Justified
|-enditem|p1a: Lucario|Life Orb|[from] move: Knock Off|[of] p2a: Banette
|
|turn|5
|
|switch|p2a: Celebi|Celebi|404\/404
|-damage|p2a: Celebi|354\/404|[from] Stealth Rock
|move|p1a: Lucario|Bullet Punch|p2a: Celebi
|-damage|p2a: Celebi|249\/404
|
|-heal|p2a: Celebi|274\/404|[from] item: Leftovers
|turn|6
|
|switch|p1a: Magneton|Magneton|242\/303
|move|p2a: Celebi|Psychic|p1a: Magneton
|-resisted|p1a: Magneton
|-damage|p1a: Magneton|178\/303
|
|-heal|p2a: Celebi|299\/404|[from] item: Leftovers
|turn|7
|
|move|p2a: Celebi|U-turn|p1a: Magneton
|-resisted|p1a: Magneton
|-damage|p1a: Magneton|160\/303
|
|switch|p2a: Empoleon|Empoleon, F|372\/372
|-damage|p2a: Empoleon|349\/372|[from] Stealth Rock
|move|p1a: Magneton|Volt Switch|p2a: Empoleon
|-supereffective|p2a: Empoleon
|-damage|p2a: Empoleon|163\/372
|
|switch|p1a: Lucario|Lucario, M|133\/279
|
|-heal|p2a: Empoleon|186\/372|[from] item: Leftovers
|turn|8
|
|switch|p2a: Suicune|Suicune|391\/391
|-damage|p2a: Suicune|343\/391|[from] Stealth Rock
|-ability|p2a: Suicune|Pressure
|move|p1a: Lucario|Close Combat|p2a: Suicune
|-damage|p2a: Suicune|183\/391
|-unboost|p1a: Lucario|def|1
|-unboost|p1a: Lucario|spd|1
|
|-heal|p2a: Suicune|207\/391|[from] item: Leftovers
|turn|9
|
|switch|p1a: Serperior|Serperior, M|303\/303
|move|p2a: Suicune|Tailwind|p2a: Suicune
|-sidestart|p2: Brawnyboy24|move: Tailwind
|
|-heal|p2a: Suicune|231\/391|[from] item: Leftovers
|turn|10
|
|move|p2a: Suicune|Ice Beam|p1a: Serperior
|-supereffective|p1a: Serperior
|-damage|p1a: Serperior|103\/303
|move|p1a: Serperior|Leaf Storm|p2a: Suicune
|-supereffective|p2a: Suicune
|-damage|p2a: Suicune|0 fnt
|-boost|p1a: Serperior|spa|2
|faint|p2a: Suicune
|
|
|switch|p2a: Darmanitan|Darmanitan, M, shiny|351\/351
|-damage|p2a: Darmanitan|264\/351|[from] Stealth Rock
|turn|11
|
|move|p2a: Darmanitan|Flare Blitz|p1a: Serperior
|-supereffective|p1a: Serperior
|-damage|p1a: Serperior|0 fnt
|-damage|p2a: Darmanitan|230\/351|[from] recoil|[of] p1a: Serperior
|faint|p1a: Serperior
|
|
|switch|p1a: Dragalge|Dragalge, F|283\/283
|turn|12
|
|move|p2a: Darmanitan|Flare Blitz|p1a: Dragalge
|-crit|p1a: Dragalge
|-resisted|p1a: Dragalge
|-damage|p1a: Dragalge|0 fnt
|-damage|p2a: Darmanitan|137\/351|[from] recoil|[of] p1a: Dragalge
|faint|p1a: Dragalge
|
|-sideend|p2: Brawnyboy24|move: Tailwind
|
|switch|p1a: Aerodactyl|Aerodactyl, M|302\/302
|-ability|p1a: Aerodactyl|Unnerve|p2: Brawnyboy24
|turn|13
|
|detailschange|p1a: Aerodactyl|Aerodactyl-Mega, M
|-mega|p1a: Aerodactyl|Aerodactyl|Aerodactylite
|move|p1a: Aerodactyl|Aerial Ace|p2a: Darmanitan
|-damage|p2a: Darmanitan|0 fnt
|faint|p2a: Darmanitan
|
|
|switch|p2a: Lucario|Lucario, F|281\/281
|-damage|p2a: Lucario|273\/281|[from] Stealth Rock
|turn|14
|c|âBrawnyboy24|dangit
|c|âBrawnyboy24|wrong play
|
|switch|p1a: Azelf|Azelf|150\/291
|switch|p2a: Empoleon|Empoleon, F|186\/372
|-damage|p2a: Empoleon|163\/372|[from] Stealth Rock
|
|-heal|p2a: Empoleon|186\/372|[from] item: Leftovers
|turn|15
|
|move|p1a: Azelf|Knock Off|p2a: Empoleon
|-damage|p2a: Empoleon|63\/372
|-enditem|p2a: Empoleon|Leftovers|[from] move: Knock Off|[of] p1a: Azelf
|move|p2a: Empoleon|Scald|p1a: Azelf
|-damage|p1a: Azelf|0 fnt
|faint|p1a: Azelf
|
|
|switch|p1a: Magneton|Magneton|160\/303
|turn|16
|
|move|p1a: Magneton|Thunderbolt|p2a: Empoleon
|-supereffective|p2a: Empoleon
|-damage|p2a: Empoleon|0 fnt
|faint|p2a: Empoleon
|
|
|switch|p2a: Celebi|Celebi|299\/404
|-damage|p2a: Celebi|249\/404|[from] Stealth Rock
|turn|17
|
|move|p2a: Celebi|Psychic|p1a: Magneton
|-resisted|p1a: Magneton
|-damage|p1a: Magneton|92\/303
|move|p1a: Magneton|Volt Switch|p2a: Celebi
|-crit|p2a: Celebi
|-resisted|p2a: Celebi
|-damage|p2a: Celebi|150\/404
|
|switch|p1a: Aerodactyl|Aerodactyl-Mega, M|302\/302
|
|-heal|p2a: Celebi|175\/404|[from] item: Leftovers
|turn|18
|
|move|p1a: Aerodactyl|Aerial Ace|p2a: Celebi
|-crit|p2a: Celebi
|-supereffective|p2a: Celebi
|-damage|p2a: Celebi|0 fnt
|faint|p2a: Celebi
|
|
|switch|p2a: Banette|Banette-Mega, F|184\/331
|-damage|p2a: Banette|143\/331|[from] Stealth Rock
|turn|19
|
|switch|p1a: Magneton|Magneton|92\/303
|move|p2a: Banette|Destiny Bond|p2a: Banette
|-singlemove|p2a: Banette|Destiny Bond
|
|turn|20
|c|âBrawnyboy24|damn
|c|âBrawnyboy24|nice work
|
|move|p2a: Banette|Shadow Sneak|p1a: Magneton
|-damage|p1a: Magneton|29\/303
|move|p1a: Magneton|Volt Switch|p2a: Banette
|-damage|p2a: Banette|0 fnt
|faint|p2a: Banette
|
|switch|p1a: Lucario|Lucario, M|133\/279
|
|
|switch|p2a: Lucario|Lucario, F|273\/281
|-damage|p2a: Lucario|265\/281|[from] Stealth Rock
|turn|21
|
|move|p1a: Lucario|Close Combat|p2a: Lucario
|-supereffective|p2a: Lucario
|-damage|p2a: Lucario|0 fnt
|-unboost|p1a: Lucario|def|1
|-unboost|p1a: Lucario|spd|1
|faint|p2a: Lucario
|
|win|zoid's warhorse
|raw|Ladder updating...
|raw|zoid&apos;s warhorse's rating: 1433 &rarr; <strong>1456<\/strong><br \/>(+23 for winning)
|raw|Brawnyboy24's rating: 1480 &rarr; <strong>1457<\/strong><br \/>(-23 for losing)
|c|âzoid's warhorse|gg
|leave|Brawnyboy24
|player|p2
|leave|zoid's warhorse
|player|p1
|join|zoid's warhorse