|join|FIREEEE
|join|abzdein2icn
|player|p1|FIREEEE|23
|player|p2|abzdein2icn|101
|gametype|singles
|gen|5
|tier|[Gen 5] OU
|rated
|rule|Evasion Abilities Clause: Evasion abilities are banned
|clearpoke
|poke|p1|Dragonite, F, shiny
|poke|p1|Politoed, M
|poke|p1|Scizor, F, shiny
|poke|p1|Breloom, M
|poke|p1|Ferrothorn, F
|poke|p1|Celebi
|poke|p2|Conkeldurr, M
|poke|p2|Bronzong
|poke|p2|Latios, M
|poke|p2|Magnezone
|poke|p2|Salamence, F
|poke|p2|Hydreigon, F
|rule|Sleep Clause Mod: Limit one foe put to sleep
|rule|Species Clause: Limit one of each PokÃ©mon
|rule|OHKO Clause: OHKO moves are banned
|rule|Moody Clause: Moody is banned
|rule|Evasion Moves Clause: Evasion moves are banned
|rule|Endless Battle Clause: Forcing endless battles is banned
|rule|HP Percentage Mod: HP is shown in percentages
|teampreview
|c|âFIREEEE| hi markid
|c|âFIREEEE|whoops
|c|âFIREEEE|Wrong box
|
|start
|switch|p1a: Umbrella shroom|Breloom, M|262\/262
|switch|p2a: Latios|Latios, M|301\/301
|turn|1
|
|switch|p1a: Doesn't it float?|Ferrothorn, F|352\/352
|move|p2a: Latios|Psyshock|p1a: Doesn't it float?
|-resisted|p1a: Doesn't it float?
|-damage|p1a: Doesn't it float?|300\/352
|
|-heal|p1a: Doesn't it float?|322\/352|[from] item: Leftovers
|turn|2
|
|switch|p2a: Magnezone|Magnezone|313\/313
|switch|p1a: Umbrella shroom|Breloom, M|262\/262
|
|turn|3
|
|switch|p2a: Latios|Latios, M|301\/301
|move|p1a: Umbrella shroom|Spore|p2a: Latios
|-status|p2a: Latios|slp
|
|turn|4
|join|Eevee in Hanada
|
|switch|p2a: Conkeldurr|Conkeldurr, M|381\/381
|move|p1a: Umbrella shroom|Swords Dance|p1a: Umbrella shroom
|-boost|p1a: Umbrella shroom|atk|2
|
|turn|5
|
|move|p1a: Umbrella shroom|Bullet Seed|p2a: Conkeldurr
|-damage|p2a: Conkeldurr|237\/381
|-damage|p2a: Conkeldurr|78\/381
|-hitcount|p2a: Conkeldurr|2
|move|p2a: Conkeldurr|Ice Punch|p1a: Umbrella shroom
|-supereffective|p1a: Umbrella shroom
|-enditem|p1a: Umbrella shroom|Focus Sash
|-damage|p1a: Umbrella shroom|1\/262
|
|-heal|p2a: Conkeldurr|101\/381|[from] item: Leftovers
|turn|6
|
|move|p1a: Umbrella shroom|Mach Punch|p2a: Conkeldurr
|-damage|p2a: Conkeldurr|0 fnt
|faint|p2a: Conkeldurr
|
|
|switch|p2a: Salamence|Salamence, F|331\/331
|turn|7
|
|switch|p1a: Green bean|Politoed, M|384\/384
|-weather|RainDance|[from] ability: Drizzle|[of] p1a: Green bean
|move|p2a: Salamence|Earthquake|p1a: Green bean
|-damage|p1a: Green bean|276\/384
|
|-weather|RainDance|[upkeep]
|-heal|p1a: Green bean|300\/384|[from] item: Leftovers
|turn|8
|
|switch|p2a: Bronzong|Bronzong|334\/334
|move|p1a: Green bean|Scald|p2a: Bronzong
|-damage|p2a: Bronzong|238\/334
|
|-weather|RainDance|[upkeep]
|-heal|p1a: Green bean|324\/384|[from] item: Leftovers
|turn|9
|
|switch|p1a: Umbrella shroom|Breloom, M|1\/262
|move|p2a: Bronzong|Light Screen|p2a: Bronzong
|-sidestart|p2: abzdein2icn|move: Light Screen
|
|-weather|RainDance|[upkeep]
|turn|10
|
|move|p1a: Umbrella shroom|Mach Punch|p2a: Bronzong
|-damage|p2a: Bronzong|145\/334
|move|p2a: Bronzong|Gyro Ball|p1a: Umbrella shroom
|-damage|p1a: Umbrella shroom|0 fnt
|faint|p1a: Umbrella shroom
|
|-weather|RainDance|[upkeep]
|
|switch|p1a: Dog|Scizor, F, shiny|282\/282
|turn|11
|
|move|p1a: Dog|U-turn|p2a: Bronzong
|-damage|p2a: Bronzong|0 fnt
|faint|p2a: Bronzong
|
|switch|p1a: Celery|Celebi|342\/342
|
|-weather|RainDance|[upkeep]
|
|switch|p2a: Hydreigon|Hydreigon, F|325\/325
|turn|12
|
|move|p1a: Celery|U-turn|p2a: Hydreigon
|-supereffective|p2a: Hydreigon
|-damage|p2a: Hydreigon|219\/325
|
|switch|p1a: Doesn't it float?|Ferrothorn, F|322\/352
|move|p2a: Hydreigon|Substitute|p2a: Hydreigon
|-start|p2a: Hydreigon|Substitute
|-damage|p2a: Hydreigon|138\/325
|
|-weather|RainDance|[upkeep]
|-heal|p2a: Hydreigon|158\/325|[from] item: Leftovers
|-heal|p1a: Doesn't it float?|344\/352|[from] item: Leftovers
|turn|13
|
|switch|p2a: Magnezone|Magnezone|313\/313
|switch|p1a: Celery|Celebi|342\/342
|
|-weather|RainDance|[upkeep]
|turn|14
|
|move|p1a: Celery|U-turn|p2a: Magnezone
|-resisted|p2a: Magnezone
|-damage|p2a: Magnezone|289\/313
|
|switch|p1a: Green bean|Politoed, M|324\/384
|move|p2a: Magnezone|Substitute|p2a: Magnezone
|-start|p2a: Magnezone|Substitute
|-damage|p2a: Magnezone|211\/313
|
|-weather|RainDance|[upkeep]
|-heal|p2a: Magnezone|230\/313|[from] item: Leftovers
|-heal|p1a: Green bean|348\/384|[from] item: Leftovers
|turn|15
|
|move|p2a: Magnezone|Thunderbolt|p1a: Green bean
|-supereffective|p1a: Green bean
|-damage|p1a: Green bean|4\/384
|move|p1a: Green bean|Scald|p2a: Magnezone
|-activate|p2a: Magnezone|Substitute|[damage]
|
|-weather|RainDance|[upkeep]
|-heal|p2a: Magnezone|249\/313|[from] item: Leftovers
|-heal|p1a: Green bean|28\/384|[from] item: Leftovers
|turn|16
|
|switch|p1a: Celery|Celebi|342\/342
|move|p2a: Magnezone|Thunderbolt|p1a: Celery
|-resisted|p1a: Celery
|-damage|p1a: Celery|246\/342
|
|-weather|RainDance|[upkeep]
|-heal|p2a: Magnezone|268\/313|[from] item: Leftovers
|-sideend|p2: abzdein2icn|move: Light Screen
|turn|17
|
|move|p1a: Celery|U-turn|p2a: Magnezone
|-resisted|p2a: Magnezone
|-end|p2a: Magnezone|Substitute
|
|switch|p1a: Swag drag|Dragonite, F, shiny|324\/324
|move|p2a: Magnezone|Flash Cannon|p1a: Swag drag
|-damage|p1a: Swag drag|241\/324
|
|-weather|RainDance|[upkeep]
|-heal|p2a: Magnezone|287\/313|[from] item: Leftovers
|turn|18
|
|switch|p2a: Hydreigon|Hydreigon, F|158\/325
|move|p1a: Swag drag|Hurricane|p2a: Hydreigon
|-damage|p2a: Hydreigon|0 fnt
|faint|p2a: Hydreigon
|
|-weather|RainDance|[upkeep]
|
|switch|p2a: Salamence|Salamence, F|331\/331
|turn|19
|
|switch|p1a: Green bean|Politoed, M|28\/384
|move|p2a: Salamence|Stone Edge|p1a: Green bean
|-crit|p1a: Green bean
|-damage|p1a: Green bean|0 fnt
|faint|p1a: Green bean
|-boost|p2a: Salamence|atk|1|[from] ability: Moxie
|
|-weather|RainDance|[upkeep]
|
|switch|p1a: Celery|Celebi|246\/342
|turn|20
|
|switch|p2a: Magnezone|Magnezone|287\/313
|move|p1a: Celery|Hidden Power|p2a: Magnezone
|-resisted|p2a: Magnezone
|-damage|p2a: Magnezone|248\/313
|
|-weather|RainDance|[upkeep]
|-heal|p2a: Magnezone|267\/313|[from] item: Leftovers
|turn|21
|
|switch|p1a: Swag drag|Dragonite, F, shiny|241\/324
|move|p2a: Magnezone|Substitute|p2a: Magnezone
|-start|p2a: Magnezone|Substitute
|-damage|p2a: Magnezone|189\/313
|
|-weather|RainDance|[upkeep]
|-heal|p2a: Magnezone|208\/313|[from] item: Leftovers
|turn|22
|
|move|p1a: Swag drag|Surf|p2a: Magnezone
|-end|p2a: Magnezone|Substitute
|move|p2a: Magnezone|Flash Cannon|p1a: Swag drag
|-damage|p1a: Swag drag|76\/324
|
|-weather|RainDance|[upkeep]
|-heal|p2a: Magnezone|227\/313|[from] item: Leftovers
|turn|23
|
|switch|p2a: Salamence|Salamence, F|331\/331
|move|p1a: Swag drag|Surf|p2a: Salamence
|-resisted|p2a: Salamence
|-damage|p2a: Salamence|193\/331
|
|-weather|RainDance|[upkeep]
|-heal|p2a: Salamence|213\/331|[from] item: Leftovers
|turn|24
|
|switch|p1a: Dog|Scizor, F, shiny|282\/282
|move|p2a: Salamence|Stone Edge|p1a: Dog
|-damage|p1a: Dog|155\/282
|
|-weather|RainDance|[upkeep]
|-heal|p2a: Salamence|233\/331|[from] item: Leftovers
|turn|25
|
|move|p2a: Salamence|Earthquake|p1a: Dog
|-damage|p1a: Dog|34\/282
|move|p1a: Dog|Superpower|p2a: Salamence
|-resisted|p2a: Salamence
|-damage|p2a: Salamence|86\/331
|-unboost|p1a: Dog|atk|1
|-unboost|p1a: Dog|def|1
|
|-weather|RainDance|[upkeep]
|-heal|p2a: Salamence|106\/331|[from] item: Leftovers
|turn|26
|
|switch|p1a: Doesn't it float?|Ferrothorn, F|344\/352
|move|p2a: Salamence|Earthquake|p1a: Doesn't it float?
|-damage|p1a: Doesn't it float?|243\/352
|
|-weather|RainDance|[upkeep]
|-heal|p2a: Salamence|126\/331|[from] item: Leftovers
|-heal|p1a: Doesn't it float?|265\/352|[from] item: Leftovers
|turn|27
|
|switch|p1a: Celery|Celebi|246\/342
|move|p2a: Salamence|Earthquake|p1a: Celery
|-resisted|p1a: Celery
|-damage|p1a: Celery|182\/342
|
|-weather|RainDance|[upkeep]
|-heal|p2a: Salamence|146\/331|[from] item: Leftovers
|turn|28
|
|move|p1a: Celery|Hidden Power|p2a: Salamence
|-supereffective|p2a: Salamence
|-damage|p2a: Salamence|0 fnt
|faint|p2a: Salamence
|
|-weather|RainDance|[upkeep]
|
|switch|p2a: Magnezone|Magnezone|227\/313
|turn|29
|
|switch|p1a: Dog|Scizor, F, shiny|34\/282
|move|p2a: Magnezone|Substitute|p2a: Magnezone
|-start|p2a: Magnezone|Substitute
|-damage|p2a: Magnezone|149\/313
|
|-weather|RainDance|[upkeep]
|-heal|p2a: Magnezone|168\/313|[from] item: Leftovers
|turn|30
|
|move|p1a: Dog|Bullet Punch|p2a: Magnezone
|-resisted|p2a: Magnezone
|-activate|p2a: Magnezone|Substitute|[damage]
|move|p2a: Magnezone|Hidden Power|p1a: Dog
|-supereffective|p1a: Dog
|-damage|p1a: Dog|0 fnt
|faint|p1a: Dog
|
|-weather|RainDance|[upkeep]
|-heal|p2a: Magnezone|187\/313|[from] item: Leftovers
|
|switch|p1a: Celery|Celebi|182\/342
|turn|31
|
|move|p1a: Celery|Psychic|p2a: Magnezone
|-resisted|p2a: Magnezone
|-end|p2a: Magnezone|Substitute
|move|p2a: Magnezone|Flash Cannon|p1a: Celery
|-damage|p1a: Celery|28\/342
|
|-weather|RainDance|[upkeep]
|-heal|p2a: Magnezone|206\/313|[from] item: Leftovers
|turn|32
|
|move|p1a: Celery|Psychic|p2a: Magnezone
|-resisted|p2a: Magnezone
|-damage|p2a: Magnezone|134\/313
|move|p2a: Magnezone|Substitute|p2a: Magnezone
|-start|p2a: Magnezone|Substitute
|-damage|p2a: Magnezone|56\/313
|
|-weather|RainDance|[upkeep]
|-heal|p2a: Magnezone|75\/313|[from] item: Leftovers
|turn|33
|
|move|p1a: Celery|Psychic|p2a: Magnezone
|-resisted|p2a: Magnezone
|-activate|p2a: Magnezone|Substitute|[damage]
|move|p2a: Magnezone|Hidden Power|p1a: Celery
|-supereffective|p1a: Celery
|-damage|p1a: Celery|0 fnt
|faint|p1a: Celery
|
|-weather|RainDance|[upkeep]
|-heal|p2a: Magnezone|94\/313|[from] item: Leftovers
|
|switch|p1a: Doesn't it float?|Ferrothorn, F|265\/352
|turn|34
|c|âFIREEEE|well done
|c|âabzdein2icn|lol i was down like 4-2 and 5-3. i thought it was over
|leave|Eevee in Hanada
|
|move|p2a: Magnezone|Hidden Power|p1a: Doesn't it float?
|-supereffective|p1a: Doesn't it float?
|-damage|p1a: Doesn't it float?|145\/352
|move|p1a: Doesn't it float?|Power Whip|p2a: Magnezone|[miss]
|-miss|p1a: Doesn't it float?|p2a: Magnezone
|
|-weather|RainDance|[upkeep]
|-heal|p2a: Magnezone|113\/313|[from] item: Leftovers
|-heal|p1a: Doesn't it float?|167\/352|[from] item: Leftovers
|turn|35
|c|âFIREEEE|Yeah
|c|âFIREEEE|I should've played better around magnezone
|c|âFIREEEE|oh and thant miss seals it
|
|move|p2a: Magnezone|Hidden Power|p1a: Doesn't it float?
|-supereffective|p1a: Doesn't it float?
|-damage|p1a: Doesn't it float?|51\/352
|move|p1a: Doesn't it float?|Power Whip|p2a: Magnezone
|-resisted|p2a: Magnezone
|-end|p2a: Magnezone|Substitute
|
|-weather|RainDance|[upkeep]
|-heal|p2a: Magnezone|132\/313|[from] item: Leftovers
|-heal|p1a: Doesn't it float?|73\/352|[from] item: Leftovers
|turn|36
|c|âFIREEEE|lol
|c|âabzdein2icn|i put mag on almost all my teams
|
|move|p2a: Magnezone|Substitute|p2a: Magnezone
|-start|p2a: Magnezone|Substitute
|-damage|p2a: Magnezone|54\/313
|move|p1a: Doesn't it float?|Power Whip|p2a: Magnezone
|-crit|p2a: Magnezone
|-resisted|p2a: Magnezone
|-end|p2a: Magnezone|Substitute
|
|-weather|RainDance|[upkeep]
|-heal|p2a: Magnezone|73\/313|[from] item: Leftovers
|-heal|p1a: Doesn't it float?|95\/352|[from] item: Leftovers
|turn|37
|
|move|p2a: Magnezone|Hidden Power|p1a: Doesn't it float?
|-supereffective|p1a: Doesn't it float?
|-damage|p1a: Doesn't it float?|0 fnt
|faint|p1a: Doesn't it float?
|
|-weather|RainDance|[upkeep]
|-heal|p2a: Magnezone|92\/313|[from] item: Leftovers
|c|âFIREEEE|Wow now I actually might win
|c|âabzdein2icn|ik that crit broke my sub
|
|switch|p1a: Swag drag|Dragonite, F, shiny|76\/324
|turn|38
|c|âFIREEEE|Sorry had to calc something
|c|âabzdein2icn|k
|c|âabzdein2icn|i did something stupid
|
|switch|p2a: Latios|Latios, M|301\/301 slp
|move|p1a: Swag drag|Draco Meteor|p2a: Latios
|-supereffective|p2a: Latios
|-damage|p2a: Latios|0 fnt
|-unboost|p1a: Swag drag|spa|2
|faint|p2a: Latios
|
|-weather|RainDance|[upkeep]
|c|âFIREEEE|no you didn't
|c|âFIREEEE|that was a good switch
|c|âFIREEEE|nice
|c|âabzdein2icn|conkelldurr is my least useful player but i used latios as sleep fodder
|c|âFIREEEE|gg
|c|âabzdein2icn|that was an accident
|c|âabzdein2icn|i was gonna try to wake up
|c|âabzdein2icn|lolol
|
|switch|p2a: Magnezone|Magnezone|92\/313
|turn|39
|c|âFIREEEE|I should've already killed conk lol
|
|move|p1a: Swag drag|Draco Meteor|p2a: Magnezone
|-resisted|p2a: Magnezone
|-damage|p2a: Magnezone|11\/313
|-unboost|p1a: Swag drag|spa|2
|move|p2a: Magnezone|Flash Cannon|p1a: Swag drag
|-damage|p1a: Swag drag|0 fnt
|faint|p1a: Swag drag
|
|win|abzdein2icn
|raw|Ladder updating...
|c|âFIREEEE|crit dnite
|raw|FIREEEE's rating: 1412 &rarr; <strong>1386<\/strong><br \/>(-26 for losing)
|raw|abzdein2icn's rating: 1315 &rarr; <strong>1341<\/strong><br \/>(+26 for winning)
|c|âFIREEEE|I trust you
|c|âabzdein2icn|great game
|c|âFIREEEE|ohok
|c|âFIREEEE|gg
|c|âFIREEEE|yes
|leave|FIREEEE
|player|p1