|join|FIREEEE
|join|deoxysrevenge
|player|p1|FIREEEE|23
|player|p2|deoxysrevenge|1
|gametype|singles
|gen|5
|tier|[Gen 5] OU
|rated
|rule|Evasion Abilities Clause: Evasion abilities are banned
|clearpoke
|poke|p1|Kyurem-Black
|poke|p1|Politoed, M
|poke|p1|Scizor, M, shiny
|poke|p1|Breloom, M
|poke|p1|Ferrothorn, M
|poke|p1|Keldeo-Resolute
|poke|p2|Tyranitar, M
|poke|p2|Reuniclus, F
|poke|p2|Conkeldurr, F
|poke|p2|Gliscor, M
|poke|p2|Empoleon, M
|poke|p2|Thundurus-Therian, M
|rule|Sleep Clause Mod: Limit one foe put to sleep
|rule|Species Clause: Limit one of each PokÃ©mon
|rule|OHKO Clause: OHKO moves are banned
|rule|Moody Clause: Moody is banned
|rule|Evasion Moves Clause: Evasion moves are banned
|rule|Endless Battle Clause: Forcing endless battles is banned
|rule|HP Percentage Mod: HP is shown in percentages
|teampreview
|c|âFIREEEE|oh hello again
|
|start
|switch|p1a: Such majestic wow|Keldeo-Resolute|323\/323
|switch|p2a: Gliscor|Gliscor, M|352\/352
|turn|1
|c|âdeoxysrevenge|hi- oh we had a stall war earlier
|c|âFIREEEE|yep
|
|switch|p2a: Empoleon|Empoleon, M|371\/371
|move|p1a: Such majestic wow|Surf|p2a: Empoleon
|-resisted|p2a: Empoleon
|-damage|p2a: Empoleon|274\/371
|
|-heal|p2a: Empoleon|297\/371|[from] item: Leftovers
|turn|2
|c|âFIREEEE|yep we did
|
|switch|p1a: Doesn't it float?|Ferrothorn, M|352\/352
|switch|p2a: Thundurus-Therian|Thundurus-Therian, M|299\/299
|
|turn|3
|
|switch|p2a: Gliscor|Gliscor, M|352\/352
|switch|p1a: Green bean|Politoed, M|384\/384
|-weather|RainDance|[from] ability: Drizzle|[of] p1a: Green bean
|
|-weather|RainDance|[upkeep]
|-status|p2a: Gliscor|tox|[from] item: Toxic Orb
|turn|4
|c|âFIREEEE|Nice switches lol
|
|switch|p2a: Empoleon|Empoleon, M|297\/371
|move|p1a: Green bean|Scald|p2a: Empoleon
|-crit|p2a: Empoleon
|-resisted|p2a: Empoleon
|-damage|p2a: Empoleon|199\/371
|
|-weather|RainDance|[upkeep]
|-heal|p2a: Empoleon|222\/371|[from] item: Leftovers
|turn|5
|
|switch|p1a: Doesn't it float?|Ferrothorn, M|352\/352
|move|p2a: Empoleon|Stealth Rock|p1a: Doesn't it float?
|-sidestart|p1: FIREEEE|move: Stealth Rock
|
|-weather|RainDance|[upkeep]
|-heal|p2a: Empoleon|245\/371|[from] item: Leftovers
|turn|6
|
|switch|p2a: Gliscor|Gliscor, M|352\/352 tox
|move|p1a: Doesn't it float?|Stealth Rock|p2a: Gliscor
|-sidestart|p2: deoxysrevenge|move: Stealth Rock
|
|-weather|RainDance|[upkeep]
|turn|7
|
|move|p2a: Gliscor|Taunt|p1a: Doesn't it float?
|-start|p1a: Doesn't it float?|move: Taunt
|move|p1a: Doesn't it float?|Power Whip|p2a: Gliscor
|-damage|p2a: Gliscor|265\/352 tox
|
|-weather|RainDance|[upkeep]
|-heal|p2a: Gliscor|309\/352 tox|[from] ability: Poison Heal
|turn|8
|
|switch|p1a: Such majestic wow|Keldeo-Resolute|323\/323
|-damage|p1a: Such majestic wow|303\/323|[from] Stealth Rock
|move|p2a: Gliscor|Earthquake|p1a: Such majestic wow
|-damage|p1a: Such majestic wow|162\/323
|
|-weather|RainDance|[upkeep]
|-heal|p2a: Gliscor|352\/352 tox|[from] ability: Poison Heal
|turn|9
|
|switch|p2a: Empoleon|Empoleon, M|245\/371
|-damage|p2a: Empoleon|222\/371|[from] Stealth Rock
|move|p1a: Such majestic wow|Hydro Pump|p2a: Empoleon
|-resisted|p2a: Empoleon
|-damage|p2a: Empoleon|51\/371
|
|-weather|RainDance|[upkeep]
|-heal|p2a: Empoleon|74\/371|[from] item: Leftovers
|turn|10
|
|move|p1a: Such majestic wow|Hydro Pump|p2a: Empoleon|[miss]
|-miss|p1a: Such majestic wow|p2a: Empoleon
|move|p2a: Empoleon|Scald|p1a: Such majestic wow
|-resisted|p1a: Such majestic wow
|-damage|p1a: Such majestic wow|27\/323
|
|-weather|RainDance|[upkeep]
|-heal|p2a: Empoleon|97\/371|[from] item: Leftovers
|turn|11
|
|move|p1a: Such majestic wow|Hydro Pump|p2a: Empoleon
|-resisted|p2a: Empoleon
|-damage|p2a: Empoleon|0 fnt
|faint|p2a: Empoleon
|
|-weather|RainDance|[upkeep]
|
|switch|p2a: Conkeldurr|Conkeldurr, F|381\/381
|-damage|p2a: Conkeldurr|358\/381|[from] Stealth Rock
|turn|12
|
|switch|p1a: Green bean|Politoed, M|384\/384
|-damage|p1a: Green bean|336\/384|[from] Stealth Rock
|move|p2a: Conkeldurr|Mach Punch|p1a: Green bean
|-damage|p1a: Green bean|266\/384
|
|-weather|RainDance|[upkeep]
|-heal|p1a: Green bean|290\/384|[from] item: Leftovers
|-heal|p2a: Conkeldurr|381\/381|[from] item: Leftovers
|turn|13
|
|move|p1a: Green bean|Scald|p2a: Conkeldurr
|-damage|p2a: Conkeldurr|216\/381
|move|p2a: Conkeldurr|Thunder Punch|p1a: Green bean
|-supereffective|p1a: Green bean
|-damage|p1a: Green bean|100\/384
|
|-weather|RainDance|[upkeep]
|-heal|p1a: Green bean|124\/384|[from] item: Leftovers
|-heal|p2a: Conkeldurr|239\/381|[from] item: Leftovers
|turn|14
|
|move|p1a: Green bean|Scald|p2a: Conkeldurr
|-damage|p2a: Conkeldurr|73\/381
|move|p2a: Conkeldurr|Drain Punch|p1a: Green bean
|-damage|p1a: Green bean|0 fnt
|-heal|p2a: Conkeldurr|135\/381|[from] drain|[of] p1a: Green bean
|faint|p1a: Green bean
|
|-weather|RainDance|[upkeep]
|-heal|p2a: Conkeldurr|158\/381|[from] item: Leftovers
|
|switch|p1a: Umbrella shroom|Breloom, M|262\/262
|-damage|p1a: Umbrella shroom|246\/262|[from] Stealth Rock
|turn|15
|
|move|p2a: Conkeldurr|Mach Punch|p1a: Umbrella shroom
|-damage|p1a: Umbrella shroom|141\/262
|move|p1a: Umbrella shroom|Spore|p2a: Conkeldurr
|-status|p2a: Conkeldurr|slp
|
|-weather|RainDance|[upkeep]
|-heal|p2a: Conkeldurr|181\/381 slp|[from] item: Leftovers
|turn|16
|
|switch|p2a: Gliscor|Gliscor, M|352\/352 tox
|-damage|p2a: Gliscor|308\/352 tox|[from] Stealth Rock
|move|p1a: Umbrella shroom|Swords Dance|p1a: Umbrella shroom
|-boost|p1a: Umbrella shroom|atk|2
|
|-weather|RainDance|[upkeep]
|-heal|p2a: Gliscor|352\/352 tox|[from] ability: Poison Heal
|turn|17
|
|move|p1a: Umbrella shroom|Bullet Seed|p2a: Gliscor
|-damage|p2a: Gliscor|255\/352 tox
|-damage|p2a: Gliscor|162\/352 tox
|-damage|p2a: Gliscor|74\/352 tox
|-hitcount|p2a: Gliscor|3
|move|p2a: Gliscor|Earthquake|p1a: Umbrella shroom
|-resisted|p1a: Umbrella shroom
|-damage|p1a: Umbrella shroom|66\/262
|
|-weather|RainDance|[upkeep]
|-heal|p2a: Gliscor|118\/352 tox|[from] ability: Poison Heal
|turn|18
|
|move|p1a: Umbrella shroom|Bullet Seed|p2a: Gliscor
|-damage|p2a: Gliscor|16\/352 tox
|-damage|p2a: Gliscor|0 fnt
|-hitcount|p2a: Gliscor|2
|faint|p2a: Gliscor
|
|-weather|RainDance|[upkeep]
|
|switch|p2a: Thundurus-Therian|Thundurus-Therian, M|299\/299
|-damage|p2a: Thundurus-Therian|225\/299|[from] Stealth Rock
|turn|19
|
|move|p1a: Umbrella shroom|Mach Punch|p2a: Thundurus-Therian
|-resisted|p2a: Thundurus-Therian
|-damage|p2a: Thundurus-Therian|64\/299
|move|p2a: Thundurus-Therian|Hidden Power|p1a: Umbrella shroom
|-supereffective|p1a: Umbrella shroom
|-damage|p1a: Umbrella shroom|0 fnt
|faint|p1a: Umbrella shroom
|
|-weather|RainDance|[upkeep]
|-heal|p2a: Thundurus-Therian|82\/299|[from] item: Leftovers
|
|switch|p1a: Doesn't it float?|Ferrothorn, M|352\/352
|-damage|p1a: Doesn't it float?|330\/352|[from] Stealth Rock
|turn|20
|
|move|p2a: Thundurus-Therian|Hidden Power|p1a: Doesn't it float?
|-damage|p1a: Doesn't it float?|265\/352
|move|p1a: Doesn't it float?|Power Whip|p2a: Thundurus-Therian
|-resisted|p2a: Thundurus-Therian
|-damage|p2a: Thundurus-Therian|0 fnt
|faint|p2a: Thundurus-Therian
|
|-weather|RainDance|[upkeep]
|-heal|p1a: Doesn't it float?|287\/352|[from] item: Leftovers
|
|switch|p2a: Tyranitar|Tyranitar, M|404\/404
|-damage|p2a: Tyranitar|354\/404|[from] Stealth Rock
|-weather|Sandstorm|[from] ability: Sand Stream|[of] p2a: Tyranitar
|turn|21
|
|switch|p2a: Conkeldurr|Conkeldurr, F|181\/381 slp
|-damage|p2a: Conkeldurr|158\/381 slp|[from] Stealth Rock
|move|p1a: Doesn't it float?|Power Whip|p2a: Conkeldurr
|-crit|p2a: Conkeldurr
|-damage|p2a: Conkeldurr|0 fnt
|faint|p2a: Conkeldurr
|
|-weather|Sandstorm|[upkeep]
|-heal|p1a: Doesn't it float?|309\/352|[from] item: Leftovers
|
|switch|p2a: Reuniclus|Reuniclus, F|409\/409
|turn|22
|
|switch|p1a: Dog|Scizor, M, shiny|282\/282
|-damage|p1a: Dog|247\/282|[from] Stealth Rock
|move|p2a: Reuniclus|Hidden Power|p1a: Dog
|-supereffective|p1a: Dog
|-damage|p1a: Dog|0 fnt
|faint|p1a: Dog
|
|-weather|Sandstorm|[upkeep]
|
|switch|p1a: Swag drag|Kyurem-Black|440\/440
|-damage|p1a: Swag drag|330\/440|[from] Stealth Rock
|-ability|p1a: Swag drag|Teravolt
|turn|23
|
|move|p1a: Swag drag|Dragon Claw|p2a: Reuniclus
|-damage|p2a: Reuniclus|193\/409
|move|p2a: Reuniclus|Trick Room|p2a: Reuniclus
|-fieldstart|move: Trick Room|[of] p2a: Reuniclus
|
|-weather|Sandstorm|[upkeep]
|-damage|p1a: Swag drag|303\/440|[from] sandstorm
|turn|24
|
|move|p2a: Reuniclus|Focus Blast|p1a: Swag drag
|-supereffective|p1a: Swag drag
|-damage|p1a: Swag drag|0 fnt
|faint|p1a: Swag drag
|
|-weather|Sandstorm|[upkeep]
|
|switch|p1a: Doesn't it float?|Ferrothorn, M|309\/352
|-damage|p1a: Doesn't it float?|287\/352|[from] Stealth Rock
|turn|25
|c|âFIREEEE|hmm well done
|
|move|p2a: Reuniclus|Hidden Power|p1a: Doesn't it float?
|-supereffective|p1a: Doesn't it float?
|-damage|p1a: Doesn't it float?|0 fnt
|faint|p1a: Doesn't it float?
|
|-weather|Sandstorm|[upkeep]
|
|switch|p1a: Such majestic wow|Keldeo-Resolute|27\/323
|-damage|p1a: Such majestic wow|7\/323|[from] Stealth Rock
|turn|26
|c|âdeoxysrevenge|thanks- i thought i was done
|c|âdeoxysrevenge|it was 4-2
|
|move|p2a: Reuniclus|Psychic|p1a: Such majestic wow
|-supereffective|p1a: Such majestic wow
|-damage|p1a: Such majestic wow|0 fnt
|faint|p1a: Such majestic wow
|
|win|deoxysrevenge
|raw|Ladder updating...
|raw|FIREEEE's rating: 1431 &rarr; <strong>1403<\/strong><br \/>(-28 for losing)
|raw|deoxysrevenge's rating: 1296 &rarr; <strong>1330<\/strong><br \/>(+34 for winning)
|c|âFIREEEE|Yep
|c|âdeoxysrevenge|gg
|leave|FIREEEE
|player|p1