|join|lil manaphy
|join|FIREEEE
|player|p1|lil manaphy|37
|player|p2|FIREEEE|23
|gametype|singles
|gen|6
|tier|OU
|rated
|clearpoke
|poke|p1|Gardevoir, F, shiny
|poke|p1|Mandibuzz, F
|poke|p1|Amoonguss, M
|poke|p1|Chansey, F
|poke|p1|Keldeo
|poke|p1|Landorus-Therian, M
|poke|p2|Pinsir, M
|poke|p2|Excadrill, F
|poke|p2|Tyranitar, M
|poke|p2|Rotom-Wash
|poke|p2|Thundurus, M
|poke|p2|Landorus-Therian, M
|rule|Swagger Clause: Swagger is banned
|rule|Baton Pass Clause: Limit one PokÃ©mon knowing Baton Pass
|rule|Sleep Clause Mod: Limit one foe put to sleep
|rule|Species Clause: Limit one of each PokÃ©mon
|rule|OHKO Clause: OHKO moves are banned
|rule|Moody Clause: Moody is banned
|rule|Evasion Moves Clause: Evasion moves are banned
|rule|Endless Battle Clause: Forcing endless battles is banned
|rule|HP Percentage Mod: HP is shown in percentages
|teampreview
|
|start
|switch|p1a: whatever|Landorus-Therian, M|382\/382
|switch|p2a: I chip and rip|Thundurus, M|299\/299
|-ability|p1a: whatever|Intimidate|[of] p2a: I chip and rip
|-unboost|p2a: I chip and rip|atk|1
|turn|1
|
|switch|p1a: still cool|Amoonguss, M|432\/432
|move|p2a: I chip and rip|Hidden Power|p1a: still cool
|-supereffective|p1a: still cool
|-damage|p1a: still cool|201\/432
|-damage|p2a: I chip and rip|270\/299|[from] item: Life Orb
|
|-heal|p1a: still cool|228\/432|[from] item: Black Sludge
|turn|2
|
|switch|p1a: outdated kinda|Chansey, F|704\/704
|move|p2a: I chip and rip|Hidden Power|p1a: outdated kinda
|-damage|p1a: outdated kinda|647\/704
|-damage|p2a: I chip and rip|241\/299|[from] item: Life Orb
|
|turn|3
|
|switch|p2a: I vex and hax|Landorus-Therian, M|344\/344
|-ability|p2a: I vex and hax|Intimidate|[of] p1a: outdated kinda
|-unboost|p1a: outdated kinda|atk|1
|switch|p1a: whatever|Landorus-Therian, M|382\/382
|-ability|p1a: whatever|Intimidate|[of] p2a: I vex and hax
|-unboost|p2a: I vex and hax|atk|1
|
|turn|4
|
|move|p2a: I vex and hax|Knock Off|p1a: whatever
|-damage|p1a: whatever|315\/382
|-enditem|p1a: whatever|Leftovers|[from] move: Knock Off|[of] p2a: I vex and hax
|move|p1a: whatever|Stealth Rock|p2a: I vex and hax
|-sidestart|p2: FIREEEE|move: Stealth Rock
|
|turn|5
|join|churos1.5
|join|testy times
|
|switch|p2a: I stall and wall|Rotom-Wash|242\/242
|-damage|p2a: I stall and wall|212\/242|[from] Stealth Rock
|move|p1a: whatever|U-turn|p2a: I stall and wall
|-damage|p2a: I stall and wall|140\/242
|
|switch|p1a: where lopunny|Gardevoir, F, shiny|277\/277
|-ability|p1a: where lopunny|Levitate|[from] ability: Trace|[of] p2a: I stall and wall
|
|turn|6
|
|switch|p2a: I vex and hax|Landorus-Therian, M|344\/344
|-damage|p2a: I vex and hax|301\/344|[from] Stealth Rock
|-ability|p2a: I vex and hax|Intimidate|[of] p1a: where lopunny
|-unboost|p1a: where lopunny|atk|1
|detailschange|p1a: where lopunny|Gardevoir-Mega, F, shiny
|message|Gardevoir has Mega Evolved into Mega Gardevoir!
|move|p1a: where lopunny|Hyper Voice|p2a: I vex and hax
|-damage|p2a: I vex and hax|0 fnt
|faint|p2a: I vex and hax
|
|
|switch|p2a: Darude|Tyranitar, M|341\/341
|-damage|p2a: Darude|299\/341|[from] Stealth Rock
|-weather|Sandstorm
|turn|7
|
|move|p2a: Darude|Ice Punch|p1a: where lopunny
|-crit|p1a: where lopunny
|-damage|p1a: where lopunny|75\/277
|move|p1a: where lopunny|Hyper Voice|p2a: Darude
|-supereffective|p2a: Darude
|-damage|p2a: Darude|0 fnt
|faint|p2a: Darude
|
|-weather|Sandstorm|[upkeep]
|-damage|p1a: where lopunny|58\/277|[from] sandstorm
|
|switch|p2a: I spin and win|Excadrill, F|361\/361
|-damage|p2a: I spin and win|350\/361|[from] Stealth Rock
|turn|8
|
|move|p2a: I spin and win|Iron Head|p1a: where lopunny
|-supereffective|p1a: where lopunny
|-damage|p1a: where lopunny|0 fnt
|-damage|p2a: I spin and win|314\/361|[from] item: Life Orb
|faint|p1a: where lopunny
|
|-weather|Sandstorm|[upkeep]
|
|switch|p1a: whatever|Landorus-Therian, M|315\/382
|-ability|p1a: whatever|Intimidate|[of] p2a: I spin and win
|-unboost|p2a: I spin and win|atk|1
|turn|9
|
|move|p2a: I spin and win|Iron Head|p1a: whatever
|-damage|p1a: whatever|205\/382
|-damage|p2a: I spin and win|278\/361|[from] item: Life Orb
|cant|p1a: whatever|flinch
|
|-weather|Sandstorm|[upkeep]
|turn|10
|
|switch|p2a: I stall and wall|Rotom-Wash|140\/242
|-damage|p2a: I stall and wall|110\/242|[from] Stealth Rock
|move|p1a: whatever|Earthquake|p2a: I stall and wall
|-immune|p2a: I stall and wall|[msg]
|
|-weather|Sandstorm|[upkeep]
|-damage|p2a: I stall and wall|95\/242|[from] sandstorm
|turn|11
|
|switch|p1a: still cool|Amoonguss, M|372\/432
|move|p2a: I stall and wall|Trick|p1a: still cool
|-activate|p2a: I stall and wall|move: Trick|[of] p1a: still cool
|-item|p1a: still cool|Choice Specs|[from] move: Trick
|-item|p2a: I stall and wall|Black Sludge|[from] move: Trick
|
|-weather|none
|-damage|p2a: I stall and wall|65\/242|[from] item: Black Sludge
|turn|12
|
|move|p2a: I stall and wall|Hydro Pump|p1a: still cool
|-resisted|p1a: still cool
|-damage|p1a: still cool|255\/432
|move|p1a: still cool|Spore|p2a: I stall and wall
|-status|p2a: I stall and wall|slp
|
|-damage|p2a: I stall and wall|35\/242 slp|[from] item: Black Sludge
|turn|13
|
|switch|p2a: I spin and win|Excadrill, F|278\/361
|-damage|p2a: I spin and win|267\/361|[from] Stealth Rock
|switch|p1a: boring|Keldeo|323\/323
|
|turn|14
|
|switch|p2a: I chip and rip|Thundurus, M|241\/299
|-damage|p2a: I chip and rip|167\/299|[from] Stealth Rock
|move|p1a: boring|Substitute|p1a: boring
|-start|p1a: boring|Substitute
|-damage|p1a: boring|243\/323
|
|-heal|p1a: boring|263\/323|[from] item: Leftovers
|turn|15
|
|move|p2a: I chip and rip|Thunderbolt|p1a: boring
|-supereffective|p1a: boring
|-end|p1a: boring|Substitute
|-damage|p2a: I chip and rip|138\/299|[from] item: Life Orb
|move|p1a: boring|Scald|p2a: I chip and rip
|-damage|p2a: I chip and rip|0 fnt
|faint|p2a: I chip and rip
|
|-heal|p1a: boring|283\/323|[from] item: Leftovers
|
|switch|p2a: I bite and fight|Pinsir, M|271\/271
|-damage|p2a: I bite and fight|204\/271|[from] Stealth Rock
|-ability|p2a: I bite and fight|Mold Breaker
|turn|16
|
|detailschange|p2a: I bite and fight|Pinsir-Mega, M
|message|Pinsir has Mega Evolved into Mega Pinsir!
|move|p1a: boring|Scald|p2a: I bite and fight
|-damage|p2a: I bite and fight|41\/271
|move|p2a: I bite and fight|Swords Dance|p2a: I bite and fight
|-boost|p2a: I bite and fight|atk|2
|
|-heal|p1a: boring|303\/323|[from] item: Leftovers
|turn|17
|
|move|p2a: I bite and fight|Quick Attack|p1a: boring
|-supereffective|p1a: boring
|-damage|p1a: boring|0 fnt
|faint|p1a: boring
|
|
|switch|p1a: outdated|Mandibuzz, F|424\/424
|turn|18
|
|move|p2a: I bite and fight|Frustration|p1a: outdated
|-damage|p1a: outdated|36\/424
|move|p1a: outdated|Foul Play|p2a: I bite and fight
|-damage|p2a: I bite and fight|0 fnt
|faint|p2a: I bite and fight
|
|-heal|p1a: outdated|62\/424|[from] item: Leftovers
|chat|FIREEEE|nice bulk
|chat|FIREEEE|gg
|
|switch|p2a: I spin and win|Excadrill, F|267\/361
|-damage|p2a: I spin and win|256\/361|[from] Stealth Rock
|turn|19
|chat|churos1.5|that woulda been game over4
|
|move|p2a: I spin and win|Iron Head|p1a: outdated
|-damage|p1a: outdated|0 fnt
|-damage|p2a: I spin and win|220\/361|[from] item: Life Orb
|faint|p1a: outdated
|
|
|switch|p1a: whatever|Landorus-Therian, M|205\/382
|-ability|p1a: whatever|Intimidate|[of] p2a: I spin and win
|-unboost|p2a: I spin and win|atk|1
|turn|20
|leave|churos1.5
|
|move|p2a: I spin and win|Iron Head|p1a: whatever
|-damage|p1a: whatever|92\/382
|-damage|p2a: I spin and win|184\/361|[from] item: Life Orb
|move|p1a: whatever|Earthquake|p2a: I spin and win
|-supereffective|p2a: I spin and win
|-damage|p2a: I spin and win|0 fnt
|faint|p2a: I spin and win
|
|
|switch|p2a: I stall and wall|Rotom-Wash|35\/242 slp
|-damage|p2a: I stall and wall|5\/242 slp|[from] Stealth Rock
|turn|21
|
|cant|p2a: I stall and wall|slp
|move|p1a: whatever|U-turn|p2a: I stall and wall
|-damage|p2a: I stall and wall|0 fnt
|faint|p2a: I stall and wall
|
|win|lil manaphy
|raw|Ladder updating...
|raw|lil manaphy's rating: 1876 &rarr; <strong>1886<\/strong><br \/>(+10 for winning)
|raw|FIREEEE's rating: 1684 &rarr; <strong>1674<\/strong><br \/>(-10 for losing)