|join|FIREEEE
|join|BreederGangBoss
|player|p1|FIREEEE|23
|player|p2|BreederGangBoss|186
|gametype|singles
|gen|6
|tier|OU
|rated
|clearpoke
|poke|p1|Charizard, M
|poke|p1|Smeargle, M
|poke|p1|Greninja, F
|poke|p1|Azumarill, F
|poke|p1|Keldeo
|poke|p1|Landorus-Therian, M
|poke|p2|Victini, shiny
|poke|p2|Azumarill, M, shiny
|poke|p2|Manectric, F, shiny
|poke|p2|Excadrill, F
|poke|p2|Breloom, F, shiny
|poke|p2|Landorus, M
|rule|Swagger Clause: Swagger is banned
|rule|Baton Pass Clause: Limit one PokÃ©mon knowing Baton Pass
|rule|Sleep Clause Mod: Limit one foe put to sleep
|rule|Species Clause: Limit one of each PokÃ©mon
|rule|OHKO Clause: OHKO moves are banned
|rule|Moody Clause: Moody is banned
|rule|Evasion Moves Clause: Evasion moves are banned
|rule|Endless Battle Clause: Forcing endless battles is banned
|rule|HP Percentage Mod: HP is shown in percentages
|teampreview
|
|start
|switch|p1a: I bite and fight|Landorus-Therian, M|344\/344
|switch|p2a: Voltron|Manectric, F, shiny|281\/281
|-ability|p1a: I bite and fight|Intimidate|[of] p2a: Voltron
|-unboost|p2a: Voltron|atk|1
|turn|1
|
|detailschange|p2a: Voltron|Manectric-Mega, F, shiny
|message|Manectric has Mega Evolved into Mega Manectric!
|-ability|p2a: Voltron|Intimidate|[of] p1a: I bite and fight
|-unboost|p1a: I bite and fight|atk|1
|move|p1a: I bite and fight|Earthquake|p2a: Voltron
|-supereffective|p2a: Voltron
|-damage|p2a: Voltron|0 fnt
|faint|p2a: Voltron
|
|
|switch|p2a: Randorusu|Landorus, M|319\/319
|turn|2
|
|switch|p1a: I stall and waterf|Azumarill, F|403\/403
|move|p2a: Randorusu|Stealth Rock|p1a: I stall and waterf
|-sidestart|p1: FIREEEE|move: Stealth Rock
|
|turn|3
|
|move|p2a: Randorusu|Earth Power|p1a: I stall and waterf
|-damage|p1a: I stall and waterf|216\/403
|move|p1a: I stall and waterf|Knock Off|p2a: Randorusu
|-damage|p2a: Randorusu|166\/319
|-enditem|p2a: Randorusu|Life Orb|[from] move: Knock Off|[of] p1a: I stall and waterf
|
|turn|4
|
|move|p1a: I stall and waterf|Aqua Jet|p2a: Randorusu
|-supereffective|p2a: Randorusu
|-damage|p2a: Randorusu|0 fnt
|faint|p2a: Randorusu
|
|
|switch|p2a: Gotenks|Azumarill, M, shiny|342\/342
|turn|5
|
|move|p2a: Gotenks|Belly Drum|p2a: Gotenks
|-damage|p2a: Gotenks|171\/342
|-setboost|p2a: Gotenks|atk|6|[from] move: Belly Drum
|-enditem|p2a: Gotenks|Sitrus Berry|[eat]
|-heal|p2a: Gotenks|256\/342|[from] item: Sitrus Berry
|move|p1a: I stall and waterf|Knock Off|p2a: Gotenks
|-resisted|p2a: Gotenks
|-damage|p2a: Gotenks|199\/342
|
|turn|6
|
|move|p2a: Gotenks|Play Rough|p1a: I stall and waterf
|-damage|p1a: I stall and waterf|0 fnt
|faint|p1a: I stall and waterf
|
|
|switch|p1a: I vex and hax|Keldeo|324\/324
|-damage|p1a: I vex and hax|304\/324|[from] Stealth Rock
|turn|7
|
|move|p1a: I vex and hax|Surf|p2a: Gotenks
|-resisted|p2a: Gotenks
|-damage|p2a: Gotenks|56\/342
|move|p2a: Gotenks|Play Rough|p1a: I vex and hax
|-supereffective|p1a: I vex and hax
|-damage|p1a: I vex and hax|0 fnt
|faint|p1a: I vex and hax
|
|
|switch|p1a: I beam 4 the team|Greninja, F|285\/285
|-damage|p1a: I beam 4 the team|250\/285|[from] Stealth Rock
|turn|8
|
|move|p2a: Gotenks|Aqua Jet|p1a: I beam 4 the team
|-resisted|p1a: I beam 4 the team
|-damage|p1a: I beam 4 the team|39\/285
|move|p1a: I beam 4 the team|Hidden Power|p2a: Gotenks
|-start|p1a: I beam 4 the team|typechange|Grass|[from] Protean
|-supereffective|p2a: Gotenks
|-damage|p2a: Gotenks|0 fnt
|faint|p2a: Gotenks
|
|
|switch|p2a: Foremole|Excadrill, F|361\/361
|-ability|p2a: Foremole|Mold Breaker
|turn|9
|
|move|p2a: Foremole|Rock Slide|p1a: I beam 4 the team
|-damage|p1a: I beam 4 the team|0 fnt
|faint|p1a: I beam 4 the team
|
|
|switch|p1a: I bite and fight|Landorus-Therian, M|344\/344
|-damage|p1a: I bite and fight|301\/344|[from] Stealth Rock
|-ability|p1a: I bite and fight|Intimidate|[of] p2a: Foremole
|-unboost|p2a: Foremole|atk|1
|turn|10
|
|switch|p2a: Dope~Man|Breloom, F, shiny|305\/305
|move|p1a: I bite and fight|Earthquake|p2a: Dope~Man
|-resisted|p2a: Dope~Man
|-damage|p2a: Dope~Man|180\/305
|
|-status|p2a: Dope~Man|tox|[from] item: Toxic Orb
|turn|11
|
|switch|p1a: I chip and rip|Charizard, M|360\/360
|-damage|p1a: I chip and rip|180\/360|[from] Stealth Rock
|move|p2a: Dope~Man|Spore|p1a: I chip and rip
|-status|p1a: I chip and rip|slp
|
|-heal|p2a: Dope~Man|218\/305 tox|[from] ability: Poison Heal
|turn|12
|c|âFIREEEE|ah gg
|c|âFIREEEE|well done
|
|switch|p1a: I bite and fight|Landorus-Therian, M|301\/344
|-damage|p1a: I bite and fight|258\/344|[from] Stealth Rock
|-ability|p1a: I bite and fight|Intimidate|[of] p2a: Dope~Man
|-unboost|p2a: Dope~Man|atk|1
|move|p2a: Dope~Man|Bulk Up|p2a: Dope~Man
|-boost|p2a: Dope~Man|atk|1
|-boost|p2a: Dope~Man|def|1
|
|-heal|p2a: Dope~Man|256\/305 tox|[from] ability: Poison Heal
|turn|13
|
|move|p1a: I bite and fight|U-turn|p2a: Dope~Man
|-damage|p2a: Dope~Man|179\/305 tox
|
|switch|p1a: I haunt and taunt|Smeargle, M|251\/251
|-damage|p1a: I haunt and taunt|220\/251|[from] Stealth Rock
|move|p2a: Dope~Man|Drain Punch|p1a: I haunt and taunt
|-supereffective|p1a: I haunt and taunt
|-damage|p1a: I haunt and taunt|0 fnt
|-heal|p2a: Dope~Man|289\/305 tox|[from] drain|[of] p1a: I haunt and taunt
|faint|p1a: I haunt and taunt
|
|-heal|p2a: Dope~Man|305\/305 tox|[from] ability: Poison Heal
|-message|FIREEEE forfeited.
|
|win|BreederGangBoss
|raw|Ladder updating...
|leave|FIREEEE
|player|p1
|raw|FIREEEE's rating: 1545 &rarr; <strong>1520<\/strong><br \/>(-25 for losing)
|raw|BreederGangBoss's rating: 1462 &rarr; <strong>1487<\/strong><br \/>(+25 for winning)