|join|FIREEEE
|join|FoxyNixon
|player|p1|FIREEEE|23
|player|p2|FoxyNixon|54
|gametype|singles
|gen|6
|tier|OU
|rated
|clearpoke
|poke|p1|Pinsir, M
|poke|p1|Excadrill, M
|poke|p1|Tyranitar, F
|poke|p1|Rotom-Wash
|poke|p1|Thundurus, M
|poke|p1|Landorus-Therian, M
|poke|p2|Garchomp, M
|poke|p2|Alakazam, M
|poke|p2|Ferrothorn, F
|poke|p2|Mamoswine, M
|poke|p2|Azumarill, F
|poke|p2|Terrakion
|rule|Swagger Clause: Swagger is banned
|rule|Baton Pass Clause: Limit one PokÃ©mon knowing Baton Pass
|rule|Sleep Clause Mod: Limit one foe put to sleep
|rule|Species Clause: Limit one of each PokÃ©mon
|rule|OHKO Clause: OHKO moves are banned
|rule|Moody Clause: Moody is banned
|rule|Evasion Moves Clause: Evasion moves are banned
|rule|Endless Battle Clause: Forcing endless battles is banned
|rule|HP Percentage Mod: HP is shown in percentages
|teampreview
|
|start
|switch|p1a: I vex and hax|Landorus-Therian, M|344\/344
|switch|p2a: Ferrothorn|Ferrothorn, F|352\/352
|-ability|p1a: I vex and hax|Intimidate|[of] p2a: Ferrothorn
|-unboost|p2a: Ferrothorn|atk|1
|turn|1
|
|move|p1a: I vex and hax|Knock Off|p2a: Ferrothorn
|-damage|p2a: Ferrothorn|279\/352
|-damage|p1a: I vex and hax|301\/344|[from] ability: Iron Barbs|[of] p2a: Ferrothorn
|-enditem|p2a: Ferrothorn|Leftovers|[from] move: Knock Off|[of] p1a: I vex and hax
|move|p2a: Ferrothorn|Stealth Rock|p1a: I vex and hax
|-sidestart|p1: FIREEEE|move: Stealth Rock
|
|turn|2
|
|switch|p1a: I spin and win|Excadrill, M|361\/361
|-damage|p1a: I spin and win|350\/361|[from] Stealth Rock
|move|p2a: Ferrothorn|Leech Seed|p1a: I spin and win
|-start|p1a: I spin and win|move: Leech Seed
|
|-damage|p1a: I spin and win|305\/361|[from] Leech Seed|[of] p2a: Ferrothorn
|-heal|p2a: Ferrothorn|324\/352|[silent]
|turn|3
|
|move|p2a: Ferrothorn|Protect|p2a: Ferrothorn
|-singleturn|p2a: Ferrothorn|Protect
|move|p1a: I spin and win|Rapid Spin|p2a: Ferrothorn
|-activate|p2a: Ferrothorn|Protect
|
|-damage|p1a: I spin and win|260\/361|[from] Leech Seed|[of] p2a: Ferrothorn
|-heal|p2a: Ferrothorn|352\/352|[silent]
|turn|4
|chat|FoxyNixon|Spin2win
|
|move|p1a: I spin and win|Rapid Spin|p2a: Ferrothorn
|-resisted|p2a: Ferrothorn
|-damage|p2a: Ferrothorn|342\/352
|-damage|p1a: I spin and win|215\/361|[from] ability: Iron Barbs|[of] p2a: Ferrothorn
|-end|p1a: I spin and win|Leech Seed|[from] move: Rapid Spin|[of] p1a: I spin and win
|-sideend|p1: FIREEEE|Stealth Rock|[from] move: Rapid Spin|[of] p1a: I spin and win
|-damage|p1a: I spin and win|179\/361|[from] item: Life Orb
|move|p2a: Ferrothorn|Stealth Rock|p1a: I spin and win
|-sidestart|p1: FIREEEE|move: Stealth Rock
|
|turn|5
|
|switch|p1a: I stall and wall|Rotom-Wash|242\/242
|-damage|p1a: I stall and wall|212\/242|[from] Stealth Rock
|move|p2a: Ferrothorn|Leech Seed|p1a: I stall and wall|[miss]
|-miss|p2a: Ferrothorn|p1a: I stall and wall
|
|turn|6
|
|move|p2a: Ferrothorn|Protect|p2a: Ferrothorn
|-singleturn|p2a: Ferrothorn|Protect
|move|p1a: I stall and wall|Trick|p2a: Ferrothorn
|-activate|p2a: Ferrothorn|Protect
|
|turn|7
|
|switch|p2a: Mamoswine|Mamoswine, M|362\/362
|move|p1a: I stall and wall|Trick|p2a: Mamoswine
|-activate|p1a: I stall and wall|move: Trick|[of] p2a: Mamoswine
|-item|p2a: Mamoswine|Choice Specs|[from] move: Trick
|-item|p1a: I stall and wall|Choice Scarf|[from] move: Trick
|
|turn|8
|
|move|p1a: I stall and wall|Hydro Pump|p2a: Mamoswine
|-supereffective|p2a: Mamoswine
|-damage|p2a: Mamoswine|0 fnt
|faint|p2a: Mamoswine
|
|
|switch|p2a: Azumarill|Azumarill, F|404\/404
|turn|9
|
|move|p1a: I stall and wall|Hydro Pump|p2a: Azumarill|[miss]
|-miss|p1a: I stall and wall|p2a: Azumarill
|move|p2a: Azumarill|Play Rough|p1a: I stall and wall
|-damage|p1a: I stall and wall|25\/242
|-unboost|p1a: I stall and wall|atk|1
|
|turn|10
|
|move|p1a: I stall and wall|Hydro Pump|p2a: Azumarill|[miss]
|-miss|p1a: I stall and wall|p2a: Azumarill
|move|p2a: Azumarill|Belly Drum|p2a: Azumarill
|-damage|p2a: Azumarill|202\/404
|-setboost|p2a: Azumarill|atk|6|[from] move: Belly Drum
|-enditem|p2a: Azumarill|Sitrus Berry|[eat]
|-heal|p2a: Azumarill|303\/404|[from] item: Sitrus Berry
|
|turn|11
|
|move|p2a: Azumarill|Aqua Jet|p1a: I stall and wall
|-resisted|p1a: I stall and wall
|-damage|p1a: I stall and wall|0 fnt
|faint|p1a: I stall and wall
|
|chat|FIREEEE|lol fml
|
|switch|p1a: I chip and rip|Thundurus, M|299\/299
|-damage|p1a: I chip and rip|225\/299|[from] Stealth Rock
|turn|12
|chat|FoxyNixon|You wouldn't have done enough to stop the drum I don't think.
|
|move|p1a: I chip and rip|Thunder Wave|p2a: Azumarill
|-status|p2a: Azumarill|par
|move|p2a: Azumarill|Aqua Jet|p1a: I chip and rip
|-damage|p1a: I chip and rip|0 fnt
|faint|p1a: I chip and rip
|
|chat|FIREEEE|that's true
|
|switch|p1a: I bite and fight|Pinsir, M|271\/271
|-damage|p1a: I bite and fight|204\/271|[from] Stealth Rock
|-ability|p1a: I bite and fight|Mold Breaker
|turn|13
|
|detailschange|p1a: I bite and fight|Pinsir-Mega, M
|message|Pinsir has Mega Evolved into Mega Pinsir!
|cant|p2a: Azumarill|par
|move|p1a: I bite and fight|Frustration|p2a: Azumarill
|-damage|p2a: Azumarill|0 fnt
|faint|p2a: Azumarill
|
|
|switch|p2a: Terrakion|Terrakion|323\/323
|turn|14
|
|switch|p1a: I vex and hax|Landorus-Therian, M|301\/344
|-damage|p1a: I vex and hax|258\/344|[from] Stealth Rock
|-ability|p1a: I vex and hax|Intimidate|[of] p2a: Terrakion
|-unboost|p2a: Terrakion|atk|1
|move|p2a: Terrakion|Stone Edge|p1a: I vex and hax
|-damage|p1a: I vex and hax|140\/344
|
|turn|15
|
|switch|p2a: Ferrothorn|Ferrothorn, F|342\/352
|move|p1a: I vex and hax|Earthquake|p2a: Ferrothorn
|-damage|p2a: Ferrothorn|227\/352
|
|turn|16
|
|move|p1a: I vex and hax|Earthquake|p2a: Ferrothorn
|-damage|p2a: Ferrothorn|112\/352
|move|p2a: Ferrothorn|Leech Seed|p1a: I vex and hax|[miss]
|-miss|p2a: Ferrothorn|p1a: I vex and hax
|
|turn|17
|chat|FIREEEE|ouch
|
|move|p1a: I vex and hax|Earthquake|p2a: Ferrothorn
|-damage|p2a: Ferrothorn|0 fnt
|faint|p2a: Ferrothorn
|
|chat|FoxyNixon|shiet
|
|switch|p2a: Garchomp|Garchomp, M|357\/357
|turn|18
|
|detailschange|p2a: Garchomp|Garchomp-Mega, M
|message|Garchomp has Mega Evolved into Mega Garchomp!
|move|p1a: I vex and hax|Earthquake|p2a: Garchomp
|-damage|p2a: Garchomp|183\/357
|move|p2a: Garchomp|Draco Meteor|p1a: I vex and hax
|-damage|p1a: I vex and hax|0 fnt
|-unboost|p2a: Garchomp|spa|2
|faint|p1a: I vex and hax
|
|
|switch|p1a: Darude|Tyranitar, F|341\/341
|-damage|p1a: Darude|299\/341|[from] Stealth Rock
|-weather|Sandstorm
|turn|19
|
|move|p1a: Darude|Ice Punch|p2a: Garchomp
|-supereffective|p2a: Garchomp
|-damage|p2a: Garchomp|0 fnt
|faint|p2a: Garchomp
|
|-weather|Sandstorm|[upkeep]
|
|switch|p2a: Terrakion|Terrakion|323\/323
|turn|20
|
|move|p1a: Darude|Ice Punch|p2a: Terrakion
|-damage|p2a: Terrakion|230\/323
|-status|p2a: Terrakion|frz
|cant|p2a: Terrakion|frz
|
|-weather|Sandstorm|[upkeep]
|turn|21
|chat|FoxyNixon|okay
|chat|FIREEEE|lol wow
|chat|FIREEEE|It didn't matter though
|chat|FIREEEE|I won with exca
|
|move|p1a: Darude|Ice Punch|p2a: Terrakion
|-damage|p2a: Terrakion|136\/323 frz
|cant|p2a: Terrakion|frz
|
|-weather|Sandstorm|[upkeep]
|turn|22
|
|move|p1a: Darude|Ice Punch|p2a: Terrakion
|-crit|p2a: Terrakion
|-damage|p2a: Terrakion|0 fnt
|faint|p2a: Terrakion
|
|-weather|Sandstorm|[upkeep]
|chat|FoxyNixon|Okay then
|chat|FoxyNixon|well
|chat|FIREEEE|this spike though
|chat|FIREEEE|wow
|chat|FoxyNixon|I guess Salac Berry didn't come through for me
|
|switch|p2a: Alakazam|Alakazam, M|252\/252
|turn|23
|
|move|p2a: Alakazam|Focus Blast|p1a: Darude|[miss]
|-miss|p2a: Alakazam|p1a: Darude
|move|p1a: Darude|Ice Punch|p2a: Alakazam
|-damage|p2a: Alakazam|90\/252
|
|-weather|none
|turn|24
|chat|FIREEEE|O_O
|chat|FoxyNixon|PFFFFFFFFT
|
|move|p2a: Alakazam|Focus Blast|p1a: Darude
|-crit|p1a: Darude
|-supereffective|p1a: Darude
|-damage|p1a: Darude|0 fnt
|faint|p1a: Darude
|
|
|switch|p1a: I bite and fight|Pinsir-Mega, M|204\/271
|-damage|p1a: I bite and fight|69\/271|[from] Stealth Rock
|turn|25
|
|move|p1a: I bite and fight|Quick Attack|p2a: Alakazam
|-crit|p2a: Alakazam
|-damage|p2a: Alakazam|0 fnt
|faint|p2a: Alakazam
|
|win|FIREEEE
|raw|Ladder updating...
|raw|FIREEEE's rating: 1660 &rarr; <strong>1679<\/strong><br \/>(+19 for winning)
|raw|FoxyNixon's rating: 1642 &rarr; <strong>1623<\/strong><br \/>(-19 for losing)
|chat|FIREEEE|Nice haxless battle
|chat|FoxyNixon|False and homosexual
|chat|FoxyNixon|GG :P