|join|lt2b rh156
|join|FIREEEE
|player|p1|lt2b rh156|80
|player|p2|FIREEEE|23
|gametype|singles
|gen|6
|tier|OU
|rated
|clearpoke
|poke|p1|Greninja, F
|poke|p1|Bisharp, F
|poke|p1|Landorus-Therian, M
|poke|p1|Garchomp, M
|poke|p1|Latios, M
|poke|p1|Scizor, F
|poke|p2|Charizard, M
|poke|p2|Excadrill, F
|poke|p2|Tyranitar, F
|poke|p2|Rotom-Wash
|poke|p2|Mew
|poke|p2|Landorus-Therian, M
|rule|Swagger Clause: Swagger is banned
|rule|Baton Pass Clause: Limit one PokÃ©mon knowing Baton Pass
|rule|Sleep Clause Mod: Limit one foe put to sleep
|rule|Species Clause: Limit one of each PokÃ©mon
|rule|OHKO Clause: OHKO moves are banned
|rule|Moody Clause: Moody is banned
|rule|Evasion Moves Clause: Evasion moves are banned
|rule|Endless Battle Clause: Forcing endless battles is banned
|rule|HP Percentage Mod: HP is shown in percentages
|teampreview
|join|jake5
|join|nastydom
|join|iris
|
|start
|switch|p1a: Greninja|Greninja, F|285\/285
|switch|p2a: I stall and wall|Rotom-Wash|242\/242
|turn|1
|c|âFIREEEE|Do you have a fandom
|join|L2TA Lolprinze
|c|âlt2b rh156|idk
|
|move|p1a: Greninja|Spikes|p2a: I stall and wall
|-start|p1a: Greninja|typechange|Ground|[from] Protean
|-sidestart|p2: FIREEEE|Spikes
|move|p2a: I stall and wall|Volt Switch|p1a: Greninja
|-immune|p1a: Greninja|[msg]
|
|turn|2
|c|âFIREEEE|sure looks like it anyway
|
|switch|p2a: I bite and fight|Landorus-Therian, M|344\/344
|-ability|p2a: I bite and fight|Intimidate|[of] p1a: Greninja
|-unboost|p1a: Greninja|atk|1
|move|p1a: Greninja|Hidden Power|p2a: I bite and fight
|-start|p1a: Greninja|typechange|Grass|[from] Protean
|-damage|p2a: I bite and fight|196\/344
|-damage|p1a: Greninja|257\/285|[from] item: Life Orb
|
|turn|3
|
|switch|p1a: Landorus-Therian|Landorus-Therian, M|319\/319
|-ability|p1a: Landorus-Therian|Intimidate|[of] p2a: I bite and fight
|-unboost|p2a: I bite and fight|atk|1
|move|p2a: I bite and fight|U-turn|p1a: Landorus-Therian
|-resisted|p1a: Landorus-Therian
|-damage|p1a: Landorus-Therian|283\/319
|join|Gee Mick
|c| L2TA Lolprinze|we all saw that :3
|c|âFIREEEE|nice anti-rotom greninja though
|
|switch|p2a: I punch and crunch|Tyranitar, F|341\/341
|-damage|p2a: I punch and crunch|299\/341|[from] Spikes
|-weather|Sandstorm
|
|-weather|Sandstorm|[upkeep]
|turn|4
|join|LT2A Frexa
|c|âlt2b rh156|thank user: CrashinBroBang
|
|move|p1a: Landorus-Therian|Superpower|p2a: I punch and crunch
|-supereffective|p2a: I punch and crunch
|-damage|p2a: I punch and crunch|0 fnt
|-unboost|p1a: Landorus-Therian|atk|1
|-unboost|p1a: Landorus-Therian|def|1
|faint|p2a: I punch and crunch
|
|-weather|Sandstorm|[upkeep]
|
|switch|p2a: I chip and rip|Charizard, M|297\/297
|turn|5
|
|switch|p1a: Garchomp|Garchomp, M|357\/357
|detailschange|p2a: I chip and rip|Charizard-Mega-X, M
|message|Charizard has Mega Evolved into Mega Charizard!
|move|p2a: I chip and rip|Dragon Claw|p1a: Garchomp
|-supereffective|p1a: Garchomp
|-damage|p1a: Garchomp|49\/357
|-damage|p2a: I chip and rip|260\/297|[from] ability: Rough Skin|[of] p1a: Garchomp
|
|-weather|Sandstorm|[upkeep]
|-damage|p2a: I chip and rip|242\/297|[from] sandstorm
|turn|6
|c|âFIREEEE|holy hell that thing is bulky
|c| Gee Mick|omg the buuuulk
|c|âlt2b rh156|chomper.
|c| Gee Mick|that is amazing
|
|switch|p2a: I bite and fight|Landorus-Therian, M|196\/344
|-ability|p2a: I bite and fight|Intimidate|[of] p1a: Garchomp
|-unboost|p1a: Garchomp|atk|1
|move|p1a: Garchomp|Stealth Rock|p2a: I bite and fight
|-sidestart|p2: FIREEEE|move: Stealth Rock
|
|-weather|Sandstorm|[upkeep]
|turn|7
|
|move|p2a: I bite and fight|U-turn|p1a: Garchomp
|-damage|p1a: Garchomp|0 fnt
|-damage|p2a: I bite and fight|153\/344|[from] ability: Rough Skin|[of] p1a: Garchomp
|faint|p1a: Garchomp
|join|LT2B Cosine180
|
|switch|p2a: I spin and win|Excadrill, F|361\/361
|-damage|p2a: I spin and win|350\/361|[from] Stealth Rock
|-item|p2a: I spin and win|Air Balloon
|
|-weather|none
|c| Gee Mick|and then dies to a simple u turn
|join|Mien Fist
|join|KwiickFan
|
|switch|p1a: Greninja|Greninja, F|257\/285
|turn|8
|join|Becks
|
|switch|p2a: I stall and wall|Rotom-Wash|242\/242
|-damage|p2a: I stall and wall|212\/242|[from] Stealth Rock
|move|p1a: Greninja|Hydro Pump|p2a: I stall and wall|[miss]
|-start|p1a: Greninja|typechange|Water|[from] Protean
|-miss|p1a: Greninja|p2a: I stall and wall
|
|turn|9
|
|move|p1a: Greninja|Hidden Power|p2a: I stall and wall
|-start|p1a: Greninja|typechange|Grass|[from] Protean
|-supereffective|p2a: I stall and wall
|-damage|p2a: I stall and wall|0 fnt
|-damage|p1a: Greninja|229\/285|[from] item: Life Orb
|faint|p2a: I stall and wall
|
|join|LT2B Navy
|leave|LT2B Navy
|
|switch|p2a: I bite and fight|Landorus-Therian, M|153\/344
|-damage|p2a: I bite and fight|110\/344|[from] Stealth Rock
|-ability|p2a: I bite and fight|Intimidate|[of] p1a: Greninja
|-unboost|p1a: Greninja|atk|1
|turn|10
|c| LT2A Frexa|wheres the hp fair
|c|âFIREEEE|well that did more than I expected
|
|move|p2a: I bite and fight|U-turn|p1a: Greninja
|-supereffective|p1a: Greninja
|-damage|p1a: Greninja|0 fnt
|faint|p1a: Greninja
|
|switch|p2a: I vex and hax|Mew|404\/404
|-damage|p2a: I vex and hax|354\/404|[from] Spikes
|-damage|p2a: I vex and hax|304\/404|[from] Stealth Rock
|
|-heal|p2a: I vex and hax|329\/404|[from] item: Leftovers
|
|switch|p1a: Bisharp|Bisharp, F|272\/272
|turn|11
|
|move|p2a: I vex and hax|Will-O-Wisp|p1a: Bisharp
|-status|p1a: Bisharp|brn
|move|p1a: Bisharp|Swords Dance|p1a: Bisharp
|-boost|p1a: Bisharp|atk|2
|
|-heal|p2a: I vex and hax|354\/404|[from] item: Leftovers
|-damage|p1a: Bisharp|238\/272 brn|[from] brn
|turn|12
|join|LT2B killar45
|
|move|p2a: I vex and hax|Taunt|p1a: Bisharp
|-start|p1a: Bisharp|move: Taunt
|move|p1a: Bisharp|Knock Off|p2a: I vex and hax
|-supereffective|p2a: I vex and hax
|-damage|p2a: I vex and hax|0 fnt
|-enditem|p2a: I vex and hax|Leftovers|[from] move: Knock Off|[of] p1a: Bisharp
|-damage|p1a: Bisharp|211\/272 brn|[from] item: Life Orb
|faint|p2a: I vex and hax
|
|-damage|p1a: Bisharp|177\/272 brn|[from] brn
|leave|LT2B killar45
|
|switch|p2a: I spin and win|Excadrill, F|350\/361
|-damage|p2a: I spin and win|339\/361|[from] Stealth Rock
|-item|p2a: I spin and win|Air Balloon
|turn|13
|
|move|p2a: I spin and win|Rapid Spin|p1a: Bisharp
|-resisted|p1a: Bisharp
|-damage|p1a: Bisharp|163\/272 brn
|-sideend|p2: FIREEEE|Spikes|[from] move: Rapid Spin|[of] p2a: I spin and win
|-sideend|p2: FIREEEE|Stealth Rock|[from] move: Rapid Spin|[of] p2a: I spin and win
|move|p1a: Bisharp|Knock Off|p2a: I spin and win
|-damage|p2a: I spin and win|0 fnt
|-enditem|p2a: I spin and win|Air Balloon
|-enditem|p2a: I spin and win|Air Balloon|[from] move: Knock Off|[of] p1a: Bisharp
|-damage|p1a: Bisharp|136\/272 brn|[from] item: Life Orb
|faint|p2a: I spin and win
|
|-damage|p1a: Bisharp|102\/272 brn|[from] brn
|c| Gee Mick|so poetic
|
|switch|p2a: I chip and rip|Charizard-Mega-X, M|242\/297
|turn|14
|join|Sinclair
|
|switch|p1a: Landorus-Therian|Landorus-Therian, M|283\/319
|-ability|p1a: Landorus-Therian|Intimidate|[of] p2a: I chip and rip
|-unboost|p2a: I chip and rip|atk|1
|move|p2a: I chip and rip|Roost|p2a: I chip and rip
|-heal|p2a: I chip and rip|297\/297
|
|turn|15
|
|move|p1a: Landorus-Therian|Earthquake|p2a: I chip and rip
|-supereffective|p2a: I chip and rip
|-damage|p2a: I chip and rip|0 fnt
|faint|p2a: I chip and rip
|
|join|CleanerThanRotom-W
|c|âFIREEEE|aww gg
|c|âFIREEEE|well done
|
|switch|p2a: I bite and fight|Landorus-Therian, M|110\/344
|-ability|p2a: I bite and fight|Intimidate|[of] p1a: Landorus-Therian
|-unboost|p1a: Landorus-Therian|atk|1
|turn|16
|c|âlt2b rh156|GG
|c| CleanerThanRotom-W|hey fire
|
|switch|p1a: Bisharp|Bisharp, F|102\/272 brn
|move|p2a: I bite and fight|Stone Edge|p1a: Bisharp
|-resisted|p1a: Bisharp
|-damage|p1a: Bisharp|33\/272 brn
|
|-damage|p1a: Bisharp|0 fnt|[from] brn
|faint|p1a: Bisharp
|join|LT2A Bisharp
|c| CleanerThanRotom-W|are u supa hot
|
|switch|p1a: Scizor|Scizor, F|281\/281
|turn|17
|c| CleanerThanRotom-W|:J
|c|âFIREEEE|hiya
|c|âFIREEEE|ty
|join|LT2I CBB
|
|detailschange|p1a: Scizor|Scizor-Mega, F
|message|Scizor has Mega Evolved into Mega Scizor!
|move|p1a: Scizor|Bullet Punch|p2a: I bite and fight
|-damage|p2a: I bite and fight|0 fnt
|faint|p2a: I bite and fight
|
|win|lt2b rh156
|raw|Ladder updating...
|c| CleanerThanRotom-W|i asked u lol
|raw|lt2b rh156's rating: 1935 &rarr; <strong>1942<\/strong><br \/>(+7 for winning)
|raw|FIREEEE's rating: 1674 &rarr; <strong>1667<\/strong><br \/>(-7 for losing)
|join|uCan'tSeeMe
|leave|lt2b rh156
|player|p1
|leave|LT2I CBB
|leave|Sinclair
|leave|LT2A Frexa
|leave|LT2B Cosine180
|leave|CleanerThanRotom-W
|leave|Gee Mick
|c|âFIREEEE|yes I am
|leave|jake5
|leave|FIREEEE
|player|p2
|leave|Becks
|leave|iris
|leave|uCan'tSeeMe