|join|FIREEEE
|join|CH SJMistery
|player|p1|FIREEEE|23
|player|p2|CH SJMistery|224
|gametype|singles
|gen|6
|tier|OU
|rated
|clearpoke
|poke|p1|Aegislash, M
|poke|p1|Excadrill, F
|poke|p1|Tyranitar, F
|poke|p1|Rotom-Wash
|poke|p1|Thundurus, M
|poke|p1|Pinsir, F
|poke|p2|Gardevoir, M
|poke|p2|Gorebyss, M
|poke|p2|Gyarados, F
|poke|p2|Nidoking, M
|poke|p2|Rotom-Wash
|poke|p2|Empoleon, M
|rule|Swagger Clause: Swagger is banned
|rule|Baton Pass Clause: Limit one PokÃ©mon knowing Baton Pass
|rule|Sleep Clause Mod: Limit one foe put to sleep
|rule|Species Clause: Limit one of each PokÃ©mon
|rule|OHKO Clause: OHKO moves are banned
|rule|Moody Clause: Moody is banned
|rule|Evasion Moves Clause: Evasion moves are banned
|rule|Endless Battle Clause: Forcing endless battles is banned
|rule|HP Percentage Mod: HP is reported as percentages
|teampreview
|join|Dark Equinox
|
|start
|switch|p1a: Darude|Tyranitar, F|341\/341
|switch|p2a: Empoleon|Empoleon, M|371\/371
|-weather|Sandstorm
|turn|1
|
|switch|p1a: I stall and wall|Rotom-Wash|242\/242
|move|p2a: Empoleon|Stealth Rock|p1a: I stall and wall
|-sidestart|p1: FIREEEE|move: Stealth Rock
|
|-weather|Sandstorm|[upkeep]
|-damage|p1a: I stall and wall|227\/242|[from] sandstorm
|turn|2
|
|move|p2a: Empoleon|Protect|p2a: Empoleon
|-singleturn|p2a: Empoleon|Protect
|move|p1a: I stall and wall|Volt Switch|p2a: Empoleon
|-activate|p2a: Empoleon|Protect
|
|-weather|Sandstorm|[upkeep]
|-damage|p1a: I stall and wall|212\/242|[from] sandstorm
|turn|3
|
|switch|p1a: I spin and win|Excadrill, F|361\/361
|-damage|p1a: I spin and win|350\/361|[from] Stealth Rock
|move|p2a: Empoleon|Scald|p1a: I spin and win
|-supereffective|p1a: I spin and win
|-damage|p1a: I spin and win|50\/361
|
|-weather|Sandstorm|[upkeep]
|turn|4
|
|move|p2a: Empoleon|Protect|p2a: Empoleon
|-singleturn|p2a: Empoleon|Protect
|move|p1a: I spin and win|Earthquake|p2a: Empoleon
|-activate|p2a: Empoleon|Protect
|
|-weather|Sandstorm|[upkeep]
|turn|5
|
|switch|p2a: Gyarados|Gyarados, F|331\/331
|-ability|p2a: Gyarados|Intimidate|[of] p1a: I spin and win
|-unboost|p1a: I spin and win|atk|1
|move|p1a: I spin and win|Rapid Spin|p2a: Gyarados
|-damage|p2a: Gyarados|299\/331
|-sideend|p1: FIREEEE|Stealth Rock|[from] move: Rapid Spin|[of] p1a: I spin and win
|-damage|p1a: I spin and win|14\/361|[from] item: Life Orb
|
|-weather|none
|turn|6
|
|switch|p1a: I stall and wall|Rotom-Wash|212\/242
|move|p2a: Gyarados|Dragon Dance|p2a: Gyarados
|-boost|p2a: Gyarados|atk|1
|-boost|p2a: Gyarados|spe|1
|
|turn|7
|
|switch|p1a: I chip and rip|Thundurus, M|299\/299
|detailschange|p2a: Gyarados|Gyarados-Mega, F
|message|Gyarados has Mega Evolved into Mega Gyarados!
|-ability|p2a: Gyarados|Mold Breaker
|move|p2a: Gyarados|Earthquake|p1a: I chip and rip
|-immune|p1a: I chip and rip|[msg]
|
|turn|8
|
|switch|p2a: Rotom-Wash|Rotom-Wash|303\/303
|move|p1a: I chip and rip|Thunder Wave|p2a: Rotom-Wash
|-fail|p2a: Rotom-Wash
|
|turn|9
|
|move|p1a: I chip and rip|Thunderbolt|p2a: Rotom-Wash
|-damage|p2a: Rotom-Wash|122\/303
|-damage|p1a: I chip and rip|270\/299|[from] item: Life Orb
|move|p2a: Rotom-Wash|Will-O-Wisp|p1a: I chip and rip
|-status|p1a: I chip and rip|brn
|
|-heal|p2a: Rotom-Wash|140\/303|[from] item: Leftovers
|-damage|p1a: I chip and rip|233\/299 brn|[from] brn
|turn|10
|
|switch|p2a: Nidoking|Nidoking, M|303\/303
|move|p1a: I chip and rip|Thunderbolt|p2a: Nidoking
|-immune|p2a: Nidoking|[msg]
|
|-damage|p1a: I chip and rip|196\/299 brn|[from] brn
|turn|11
|
|switch|p2a: Empoleon|Empoleon, M|371\/371
|move|p1a: I chip and rip|Hidden Power|p2a: Empoleon
|-resisted|p2a: Empoleon
|-damage|p2a: Empoleon|357\/371
|-damage|p1a: I chip and rip|167\/299 brn|[from] item: Life Orb
|
|-heal|p2a: Empoleon|371\/371|[from] item: Leftovers
|-damage|p1a: I chip and rip|130\/299 brn|[from] brn
|turn|12
|
|move|p1a: I chip and rip|Thunderbolt|p2a: Empoleon
|-supereffective|p2a: Empoleon
|-damage|p2a: Empoleon|59\/371
|-damage|p1a: I chip and rip|101\/299 brn|[from] item: Life Orb
|move|p2a: Empoleon|Stealth Rock|p1a: I chip and rip
|-sidestart|p1: FIREEEE|move: Stealth Rock
|
|-heal|p2a: Empoleon|82\/371|[from] item: Leftovers
|-damage|p1a: I chip and rip|64\/299 brn|[from] brn
|turn|13
|
|move|p2a: Empoleon|Protect|p2a: Empoleon
|-singleturn|p2a: Empoleon|Protect
|move|p1a: I chip and rip|Thunderbolt|p2a: Empoleon
|-activate|p2a: Empoleon|Protect
|
|-heal|p2a: Empoleon|105\/371|[from] item: Leftovers
|-damage|p1a: I chip and rip|27\/299 brn|[from] brn
|turn|14
|
|switch|p2a: Rotom-Wash|Rotom-Wash|140\/303
|move|p1a: I chip and rip|Hidden Power|p2a: Rotom-Wash
|-resisted|p2a: Rotom-Wash
|-damage|p2a: Rotom-Wash|97\/303
|-damage|p1a: I chip and rip|0 fnt|[from] item: Life Orb
|faint|p1a: I chip and rip
|
|-heal|p2a: Rotom-Wash|115\/303|[from] item: Leftovers
|
|switch|p1a: I spin and win|Excadrill, F|14\/361
|-damage|p1a: I spin and win|3\/361|[from] Stealth Rock
|turn|15
|
|move|p1a: I spin and win|Rapid Spin|p2a: Rotom-Wash
|-crit|p2a: Rotom-Wash
|-damage|p2a: Rotom-Wash|79\/303
|-sideend|p1: FIREEEE|Stealth Rock|[from] move: Rapid Spin|[of] p1a: I spin and win
|-damage|p1a: I spin and win|0 fnt|[from] item: Life Orb
|faint|p1a: I spin and win
|move|p2a: Rotom-Wash|Will-O-Wisp|p1: I spin and win|[notarget]
|-notarget
|
|-heal|p2a: Rotom-Wash|97\/303|[from] item: Leftovers
|
|switch|p1a: I stall and wall|Rotom-Wash|212\/242
|turn|16
|
|move|p1a: I stall and wall|Dark Pulse|p2a: Rotom-Wash
|-damage|p2a: Rotom-Wash|0 fnt
|faint|p2a: Rotom-Wash
|
|
|switch|p2a: Gardevoir|Gardevoir, M|334\/334
|turn|17
|
|switch|p1a: I block and rock|Aegislash, M|324\/324
|move|p2a: Gardevoir|Reflect|p2a: Gardevoir
|-sidestart|p2: CH SJMistery|Reflect
|
|turn|18
|
|move|p2a: Gardevoir|Light Screen|p2a: Gardevoir
|-sidestart|p2: CH SJMistery|move: Light Screen
|move|p1a: I block and rock|Substitute|p1a: I block and rock
|-start|p1a: I block and rock|Substitute
|-damage|p1a: I block and rock|243\/324
|
|-heal|p1a: I block and rock|263\/324|[from] item: Leftovers
|turn|19
|
|switch|p2a: Empoleon|Empoleon, M|105\/371
|-formechange|p1a: I block and rock|Aegislash-Blade
|move|p1a: I block and rock|Shadow Ball|p2a: Empoleon
|-damage|p2a: Empoleon|56\/371
|
|-heal|p2a: Empoleon|79\/371|[from] item: Leftovers
|-heal|p1a: I block and rock|283\/324|[from] item: Leftovers
|turn|20
|
|move|p2a: Empoleon|Stealth Rock|p1a: I block and rock
|-sidestart|p1: FIREEEE|move: Stealth Rock
|move|p1a: I block and rock|Shadow Ball|p2a: Empoleon
|-crit|p2a: Empoleon
|-damage|p2a: Empoleon|0 fnt
|faint|p2a: Empoleon
|
|-heal|p1a: I block and rock|303\/324|[from] item: Leftovers
|
|switch|p2a: Gorebyss|Gorebyss, M|251\/251
|turn|21
|
|move|p2a: Gorebyss|Shell Smash|p2a: Gorebyss
|-boost|p2a: Gorebyss|atk|2
|-boost|p2a: Gorebyss|spa|2
|-boost|p2a: Gorebyss|spe|2
|-unboost|p2a: Gorebyss|def|1
|-unboost|p2a: Gorebyss|spd|1
|-enditem|p2a: Gorebyss|White Herb
|-restoreboost|p2a: Gorebyss|[silent]
|move|p1a: I block and rock|Shadow Ball|p2a: Gorebyss
|-damage|p2a: Gorebyss|170\/251
|
|-heal|p1a: I block and rock|323\/324|[from] item: Leftovers
|turn|22
|
|move|p2a: Gorebyss|Surf|p1a: I block and rock
|-end|p1a: I block and rock|Substitute
|move|p1a: I block and rock|Shadow Ball|p2a: Gorebyss
|-damage|p2a: Gorebyss|87\/251
|
|-heal|p1a: I block and rock|324\/324|[from] item: Leftovers
|turn|23
|
|-formechange|p1a: I block and rock|Aegislash
|move|p1a: I block and rock|King's Shield|p1a: I block and rock
|-singleturn|p1a: I block and rock|Protect
|move|p2a: Gorebyss|Baton Pass|p2a: Gorebyss
|
|switch|p2a: Gyarados|Gyarados-Mega, F|299\/331
|-ability|p2a: Gyarados|Mold Breaker
|
|turn|24
|chat|CH SJMistery|gg
|
|move|p2a: Gyarados|Earthquake|p1a: I block and rock
|-supereffective|p1a: I block and rock
|-damage|p1a: I block and rock|0 fnt
|faint|p1a: I block and rock
|
|-sideend|p2: CH SJMistery|Reflect
|chat|FIREEEE|yup well done
|
|switch|p1a: I stall and wall|Rotom-Wash|212\/242
|-damage|p1a: I stall and wall|182\/242|[from] Stealth Rock
|turn|25
|
|move|p2a: Gyarados|Earthquake|p1a: I stall and wall
|-supereffective|p1a: I stall and wall
|-damage|p1a: I stall and wall|0 fnt
|faint|p1a: I stall and wall
|
|-sideend|p2: CH SJMistery|move: Light Screen
|
|switch|p1a: Darude|Tyranitar, F|341\/341
|-damage|p1a: Darude|299\/341|[from] Stealth Rock
|-weather|Sandstorm
|turn|26
|chat|CH SJMistery|im testing a team for a forum
|chat|FIREEEE|I see
|chat|CH SJMistery|you have to create one with gyarados and a nido
|
|move|p2a: Gyarados|Waterfall|p1a: Darude
|-supereffective|p1a: Darude
|-damage|p1a: Darude|0 fnt
|faint|p1a: Darude
|
|-weather|Sandstorm|[upkeep]
|-damage|p2a: Gyarados|279\/331|[from] sandstorm
|
|switch|p1a: I crunch + punch|Pinsir, F|271\/271
|-damage|p1a: I crunch + punch|204\/271|[from] Stealth Rock
|turn|27
|
|detailschange|p1a: I crunch + punch|Pinsir-Mega, F
|message|Pinsir has Mega Evolved into Mega Pinsir!
|move|p2a: Gyarados|Waterfall|p1a: I crunch + punch
|-damage|p1a: I crunch + punch|0 fnt
|faint|p1a: I crunch + punch
|
|win|CH SJMistery
|raw|Ladder updating...
|raw|FIREEEE's rating: 1636 &rarr; <strong>1615<\/strong><br \/>(-21 for losing)
|raw|CH SJMistery's rating: 1620 &rarr; <strong>1641<\/strong><br \/>(+21 for winning)
|leave|FIREEEE
|player|p1