|join|FIREEEE
|join|Miller of Cow
|player|p1|FIREEEE|23
|player|p2|Miller of Cow|92
|gametype|singles
|gen|6
|tier|OU
|rated
|clearpoke
|poke|p1|Charizard, M
|poke|p1|Smeargle, F
|poke|p1|Greninja, F
|poke|p1|Azumarill, M
|poke|p1|Keldeo
|poke|p1|Landorus-Therian, M
|poke|p2|Volcarona, F
|poke|p2|Skarmory, M
|poke|p2|Tornadus-Therian, M
|poke|p2|Ampharos, M
|poke|p2|Gengar, F
|poke|p2|Azumarill, M
|rule|Swagger Clause: Swagger is banned
|rule|Baton Pass Clause: Limit one PokÃ©mon knowing Baton Pass
|rule|Sleep Clause Mod: Limit one foe put to sleep
|rule|Species Clause: Limit one of each PokÃ©mon
|rule|OHKO Clause: OHKO moves are banned
|rule|Moody Clause: Moody is banned
|rule|Evasion Moves Clause: Evasion moves are banned
|rule|Endless Battle Clause: Forcing endless battles is banned
|rule|HP Percentage Mod: HP is shown in percentages
|teampreview
|
|start
|switch|p1a: I chip and rip|Charizard, M|360\/360
|switch|p2a: Ampharos|Ampharos, M|384\/384
|turn|1
|
|detailschange|p1a: I chip and rip|Charizard-Mega-X, M
|message|Charizard has Mega Evolved into Mega Charizard!
|detailschange|p2a: Ampharos|Ampharos-Mega, M
|message|Ampharos has Mega Evolved into Mega Ampharos!
|-ability|p2a: Ampharos|Mold Breaker
|move|p1a: I chip and rip|Dragon Claw|p2a: Ampharos
|-supereffective|p2a: Ampharos
|-damage|p2a: Ampharos|58\/384
|move|p2a: Ampharos|Dragon Pulse|p1a: I chip and rip
|-supereffective|p1a: I chip and rip
|-damage|p1a: I chip and rip|0 fnt
|faint|p1a: I chip and rip
|
|
|switch|p1a: I bite and fight|Landorus-Therian, M|344\/344
|-ability|p1a: I bite and fight|Intimidate|[of] p2a: Ampharos
|-unboost|p2a: Ampharos|atk|1
|turn|2
|
|switch|p2a: Tornadus-Therian|Tornadus-Therian, M|317\/317
|move|p1a: I bite and fight|U-turn|p2a: Tornadus-Therian
|-resisted|p2a: Tornadus-Therian
|-damage|p2a: Tornadus-Therian|252\/317
|
|switch|p1a: I beam 4 the team|Greninja, F|285\/285
|
|turn|3
|
|move|p1a: I beam 4 the team|Ice Beam|p2a: Tornadus-Therian
|-start|p1a: I beam 4 the team|typechange|Ice|[from] Protean
|-supereffective|p2a: Tornadus-Therian
|-damage|p2a: Tornadus-Therian|40\/317
|move|p2a: Tornadus-Therian|U-turn|p1a: I beam 4 the team
|-damage|p1a: I beam 4 the team|212\/285
|
|switch|p2a: Skarmory|Skarmory, M|334\/334
|
|turn|4
|
|move|p1a: I beam 4 the team|Surf|p2a: Skarmory
|-start|p1a: I beam 4 the team|typechange|Water|[from] Protean
|-damage|p2a: Skarmory|139\/334
|move|p2a: Skarmory|Stealth Rock|p1a: I beam 4 the team
|-sidestart|p1: FIREEEE|move: Stealth Rock
|
|turn|5
|
|switch|p2a: Azumarill|Azumarill, M|350\/350
|move|p1a: I beam 4 the team|Ice Beam|p2a: Azumarill
|-start|p1a: I beam 4 the team|typechange|Ice|[from] Protean
|-resisted|p2a: Azumarill
|-damage|p2a: Azumarill|266\/350
|
|turn|6
|c|âMiller of Cow|hmm..
|
|move|p1a: I beam 4 the team|Hidden Power|p2a: Azumarill
|-start|p1a: I beam 4 the team|typechange|Grass|[from] Protean
|-supereffective|p2a: Azumarill
|-damage|p2a: Azumarill|48\/350
|-enditem|p2a: Azumarill|Sitrus Berry|[eat]
|-heal|p2a: Azumarill|135\/350|[from] item: Sitrus Berry
|move|p2a: Azumarill|Play Rough|p1a: I beam 4 the team
|-damage|p1a: I beam 4 the team|0 fnt
|faint|p1a: I beam 4 the team
|
|
|switch|p1a: I haunt and taunt|Smeargle, F|251\/251
|-damage|p1a: I haunt and taunt|220\/251|[from] Stealth Rock
|turn|7
|
|switch|p2a: Ampharos|Ampharos-Mega, M|58\/384
|-ability|p2a: Ampharos|Mold Breaker
|move|p1a: I haunt and taunt|Spore|p2a: Ampharos
|-status|p2a: Ampharos|slp
|
|turn|8
|
|move|p1a: I haunt and taunt|Geomancy|p1a: I haunt and taunt|[still]
|-prepare|p1a: I haunt and taunt|Geomancy|p1a: I haunt and taunt
|-enditem|p1a: I haunt and taunt|Power Herb
|-anim|p1a: I haunt and taunt|Geomancy|p1a: I haunt and taunt
|-boost|p1a: I haunt and taunt|spa|2
|-boost|p1a: I haunt and taunt|spd|2
|-boost|p1a: I haunt and taunt|spe|2
|cant|p2a: Ampharos|slp
|move|p2a: Ampharos|Sleep Talk|p2a: Ampharos
|move|p2a: Ampharos|Thunderbolt|p1a: I haunt and taunt|[from]Sleep Talk
|-damage|p1a: I haunt and taunt|15\/251
|-status|p1a: I haunt and taunt|par
|
|turn|9
|c|âFIREEEE|noooooooooo
|c|âMiller of Cow|sorry bud
|
|move|p1a: I haunt and taunt|Baton Pass|p1a: I haunt and taunt
|c|âFIREEEE|lol
|c|âFIREEEE|oh I outspeed
|
|switch|p1a: I vex and hax|Keldeo|324\/324
|-damage|p1a: I vex and hax|304\/324|[from] Stealth Rock
|cant|p2a: Ampharos|slp
|move|p2a: Ampharos|Sleep Talk|p2a: Ampharos
|move|p2a: Ampharos|Rest|p2a: Ampharos|[from]Sleep Talk
|-fail|p2a: Ampharos
|
|turn|10
|c|âMiller of Cow|that might be game
|c|âFIREEEE|yes
|
|move|p1a: I vex and hax|Surf|p2a: Ampharos
|-resisted|p2a: Ampharos
|-damage|p2a: Ampharos|0 fnt
|faint|p2a: Ampharos
|
|c|âFIREEEE|yes it might
|
|switch|p2a: Tornadus-Therian|Tornadus-Therian, M|145\/317
|turn|11
|
|move|p1a: I vex and hax|Surf|p2a: Tornadus-Therian
|-damage|p2a: Tornadus-Therian|0 fnt
|faint|p2a: Tornadus-Therian
|
|
|switch|p2a: Azumarill|Azumarill, M|135\/350
|turn|12
|
|move|p1a: I vex and hax|Surf|p2a: Azumarill
|-resisted|p2a: Azumarill
|-damage|p2a: Azumarill|0 fnt
|faint|p2a: Azumarill
|
|c|âMiller of Cow|gg
|c|âFIREEEE|gg
|-message|Miller of Cow forfeited.
|
|win|FIREEEE
|raw|Ladder updating...
|leave|Miller of Cow
|player|p2
|raw|FIREEEE's rating: 1520 &rarr; <strong>1537<\/strong><br \/>(+17 for winning)
|raw|Miller of Cow's rating: 1469 &rarr; <strong>1452<\/strong><br \/>(-17 for losing)