|join|nteli2201
|join|FIREEEE
|player|p1|nteli2201|281
|player|p2|FIREEEE|23
|gametype|singles
|gen|6
|tier|OU
|rated
|clearpoke
|poke|p1|Bisharp, M, shiny
|poke|p1|Smeargle, M, shiny
|poke|p1|Blastoise, M, shiny
|poke|p1|Mamoswine, M, shiny
|poke|p1|Zapdos, shiny
|poke|p1|Alakazam, M, shiny
|poke|p2|Aegislash, M
|poke|p2|Excadrill, F
|poke|p2|Tyranitar, F
|poke|p2|Rotom-Wash
|poke|p2|Thundurus, M
|poke|p2|Mawile, M
|rule|Swagger Clause: Swagger is banned
|rule|Baton Pass Clause: Limit one PokÃ©mon knowing Baton Pass
|rule|Sleep Clause Mod: Limit one foe put to sleep
|rule|Species Clause: Limit one of each PokÃ©mon
|rule|OHKO Clause: OHKO moves are banned
|rule|Moody Clause: Moody is banned
|rule|Evasion Moves Clause: Evasion moves are banned
|rule|Endless Battle Clause: Forcing endless battles is banned
|rule|HP Percentage Mod: HP is reported as percentages
|teampreview
|
|start
|switch|p1a: Brocasso|Smeargle, M, shiny|314\/314
|switch|p2a: I chip and rip|Thundurus, M|299\/299
|turn|1
|
|switch|p1a: Woolheise|Mamoswine, M, shiny|362\/362
|move|p2a: I chip and rip|Thunderbolt|p1a: Woolheise
|-immune|p1a: Woolheise|[msg]
|
|turn|2
|
|switch|p2a: I stall and wall|Rotom-Wash|242\/242
|move|p1a: Woolheise|Ice Shard|p2a: I stall and wall
|-resisted|p2a: I stall and wall
|-damage|p2a: I stall and wall|213\/242
|
|turn|3
|
|move|p2a: I stall and wall|Trick|p1a: Woolheise
|-activate|p2a: I stall and wall|move: Trick|[of] p1a: Woolheise
|-item|p1a: Woolheise|Choice Specs|[from] move: Trick
|-item|p2a: I stall and wall|Assault Vest|[from] move: Trick
|move|p1a: Woolheise|Avalanche|p2a: I stall and wall
|-resisted|p2a: I stall and wall
|-damage|p2a: I stall and wall|165\/242
|
|turn|4
|
|switch|p1a: Zelmam|Alakazam, M, shiny|252\/252
|move|p2a: I stall and wall|Volt Switch|p1a: Zelmam
|-damage|p1a: Zelmam|117\/252
|
|switch|p2a: I block and rock|Aegislash, M|324\/324
|
|turn|5
|
|switch|p1a: Bishop|Bisharp, M, shiny|321\/321
|-item|p1a: Bishop|Air Balloon
|move|p2a: I block and rock|Substitute|p2a: I block and rock
|-start|p2a: I block and rock|Substitute
|-damage|p2a: I block and rock|243\/324
|
|-heal|p2a: I block and rock|263\/324|[from] item: Leftovers
|turn|6
|
|move|p2a: I block and rock|King's Shield|p2a: I block and rock
|-singleturn|p2a: I block and rock|Protect
|move|p1a: Bishop|Sucker Punch|p2a: I block and rock
|-fail|p2a: I block and rock
|
|-heal|p2a: I block and rock|283\/324|[from] item: Leftovers
|turn|7
|
|move|p1a: Bishop|Knock Off|p2a: I block and rock
|-supereffective|p2a: I block and rock
|-end|p2a: I block and rock|Substitute
|-formechange|p2a: I block and rock|Aegislash-Blade
|move|p2a: I block and rock|Shadow Ball|p1a: Bishop
|-resisted|p1a: Bishop
|-damage|p1a: Bishop|226\/321
|-enditem|p1a: Bishop|Air Balloon
|-unboost|p1a: Bishop|spd|1
|-boost|p1a: Bishop|atk|2|[from] ability: Defiant
|
|-heal|p2a: I block and rock|303\/324|[from] item: Leftovers
|turn|8
|chat|FIREEEE|lolsrs
|
|-formechange|p2a: I block and rock|Aegislash
|move|p2a: I block and rock|King's Shield|p2a: I block and rock
|-singleturn|p2a: I block and rock|Protect
|move|p1a: Bishop|Knock Off|p2a: I block and rock
|-activate|p2a: I block and rock|Protect
|-unboost|p1a: Bishop|atk|2
|-boost|p1a: Bishop|atk|2|[from] ability: Defiant
|
|-heal|p2a: I block and rock|323\/324|[from] item: Leftovers
|turn|9
|
|switch|p2a: I vex and hax|Mawile, M|241\/241
|-ability|p2a: I vex and hax|Intimidate|[of] p1a: Bishop
|-unboost|p1a: Bishop|atk|1
|-boost|p1a: Bishop|atk|2|[from] ability: Defiant
|move|p1a: Bishop|Sucker Punch|p2a: I vex and hax
|-fail|p2a: I vex and hax
|
|turn|10
|
|detailschange|p2a: I vex and hax|Mawile-Mega, M
|message|Mawile has Mega Evolved into Mega Mawile!
|move|p1a: Bishop|Iron Head|p2a: I vex and hax
|-damage|p2a: I vex and hax|0 fnt
|faint|p2a: I vex and hax
|
|
|switch|p2a: I crunch + punch|Tyranitar, F|341\/341
|-weather|Sandstorm
|turn|11
|
|move|p1a: Bishop|Iron Head|p2a: I crunch + punch
|-supereffective|p2a: I crunch + punch
|-damage|p2a: I crunch + punch|0 fnt
|faint|p2a: I crunch + punch
|
|-weather|Sandstorm|[upkeep]
|
|switch|p2a: I spin and win|Excadrill, F|361\/361
|turn|12
|
|move|p1a: Bishop|Sucker Punch|p2a: I spin and win
|-fail|p2a: I spin and win
|move|p2a: I spin and win|Swords Dance|p2a: I spin and win
|-boost|p2a: I spin and win|atk|2
|
|-weather|Sandstorm|[upkeep]
|turn|13
|
|move|p1a: Bishop|Sucker Punch|p2a: I spin and win
|-fail|p2a: I spin and win
|move|p2a: I spin and win|Swords Dance|p2a: I spin and win
|-boost|p2a: I spin and win|atk|2
|
|-weather|Sandstorm|[upkeep]
|turn|14
|
|move|p1a: Bishop|Sucker Punch|p2a: I spin and win
|-damage|p2a: I spin and win|0 fnt
|faint|p2a: I spin and win
|
|-weather|Sandstorm|[upkeep]
|chat|FIREEEE|lol well done
|-message|FIREEEE forfeited.
|
|win|nteli2201
|raw|Ladder updating...
|leave|FIREEEE
|player|p2
|chat|nteli2201|You brought this upon yourself
|raw|nteli2201's rating: 1389 &rarr; <strong>1410<\/strong><br \/>(+21 for winning)
|raw|FIREEEE's rating: 1402 &rarr; <strong>1381<\/strong><br \/>(-21 for losing)