|join|FIREEEE
|join|BelmontGabriel
|player|p1|FIREEEE|23
|player|p2|BelmontGabriel|80
|gametype|singles
|gen|6
|tier|OU
|rated
|clearpoke
|poke|p1|Aegislash, F
|poke|p1|Excadrill, M
|poke|p1|Tyranitar, M
|poke|p1|Rotom-Wash
|poke|p1|Thundurus, M
|poke|p1|Mawile, M
|poke|p2|Thundurus-Therian, M
|poke|p2|Salamence, F
|poke|p2|Smeargle, F, shiny
|poke|p2|Klefki, F
|poke|p2|Crawdaunt, F, shiny
|poke|p2|Mawile, F
|rule|Swagger Clause: Swagger is banned
|rule|Baton Pass Clause: Limit one PokÃ©mon knowing Baton Pass
|rule|Sleep Clause Mod: Limit one foe put to sleep
|rule|Species Clause: Limit one of each PokÃ©mon
|rule|OHKO Clause: OHKO moves are banned
|rule|Moody Clause: Moody is banned
|rule|Evasion Moves Clause: Evasion moves are banned
|rule|Endless Battle Clause: Forcing endless battles is banned
|rule|HP Percentage Mod: HP is reported as percentages
|teampreview
|
|start
|switch|p1a: I crunch + punch|Tyranitar, M|341\/341
|switch|p2a: Copycat|Smeargle, F, shiny|314\/314
|-weather|Sandstorm
|turn|1
|
|switch|p2a: key ring|Klefki, F|255\/255
|move|p1a: I crunch + punch|Crunch|p2a: key ring
|-resisted|p2a: key ring
|-damage|p2a: key ring|187\/255
|
|-weather|Sandstorm|[upkeep]
|turn|2
|
|switch|p1a: I spin and win|Excadrill, M|361\/361
|move|p2a: key ring|Switcheroo|p1a: I spin and win
|-activate|p2a: key ring|move: Trick|[of] p1a: I spin and win
|-item|p1a: I spin and win|Choice Scarf|[from] Trick
|-item|p2a: key ring|Life Orb|[from] Trick
|
|-weather|Sandstorm|[upkeep]
|turn|3
|
|move|p2a: key ring|Spikes|p1a: I spin and win
|-sidestart|p1: FIREEEE|Spikes
|move|p1a: I spin and win|Iron Head|p2a: key ring
|-damage|p2a: key ring|34\/255
|
|-weather|Sandstorm|[upkeep]
|turn|4
|
|move|p2a: key ring|Spikes|p1a: I spin and win
|-sidestart|p1: FIREEEE|Spikes
|move|p1a: I spin and win|Iron Head|p2a: key ring
|-damage|p2a: key ring|0 fnt
|faint|p2a: key ring
|
|-weather|Sandstorm|[upkeep]
|
|switch|p2a: Bad Makeup|Crawdaunt, F, shiny|268\/268
|turn|5
|
|switch|p1a: I stall and wall|Rotom-Wash|242\/242
|move|p2a: Bad Makeup|Knock Off|p1a: I stall and wall
|-damage|p1a: I stall and wall|26\/242
|-enditem|p1a: I stall and wall|Choice Specs|[from] move: Knock Off|[of] p2a: Bad Makeup
|
|-weather|none
|turn|6
|
|move|p2a: Bad Makeup|Aqua Jet|p1a: I stall and wall
|-resisted|p1a: I stall and wall
|-damage|p1a: I stall and wall|0 fnt
|faint|p1a: I stall and wall
|
|
|switch|p1a: I crunch + punch|Tyranitar, M|341\/341
|-damage|p1a: I crunch + punch|285\/341|[from] Spikes
|-weather|Sandstorm
|turn|7
|
|move|p1a: I crunch + punch|Superpower|p2a: Bad Makeup
|-supereffective|p2a: Bad Makeup
|-damage|p2a: Bad Makeup|0 fnt
|-unboost|p1a: I crunch + punch|atk|1
|-unboost|p1a: I crunch + punch|def|1
|faint|p2a: Bad Makeup
|
|-weather|Sandstorm|[upkeep]
|
|switch|p2a: Samurai Pants|Mawile, F|303\/303
|-ability|p2a: Samurai Pants|Intimidate|[of] p1a: I crunch + punch
|-unboost|p1a: I crunch + punch|atk|1
|turn|8
|
|switch|p1a: I block and rock|Aegislash, F|324\/324
|-damage|p1a: I block and rock|270\/324|[from] Spikes
|detailschange|p2a: Samurai Pants|Mawile-Mega, F
|message|Mawile has Mega Evolved into Mega Mawile!
|move|p2a: Samurai Pants|Substitute|p2a: Samurai Pants
|-start|p2a: Samurai Pants|Substitute
|-damage|p2a: Samurai Pants|228\/303
|
|-weather|Sandstorm|[upkeep]
|-heal|p1a: I block and rock|290\/324|[from] item: Leftovers
|turn|9
|
|move|p2a: Samurai Pants|Sucker Punch|p1a: I block and rock
|-fail|p1a: I block and rock
|move|p1a: I block and rock|Substitute|p1a: I block and rock
|-start|p1a: I block and rock|Substitute
|-damage|p1a: I block and rock|209\/324
|
|-weather|Sandstorm|[upkeep]
|-heal|p1a: I block and rock|229\/324|[from] item: Leftovers
|turn|10
|
|move|p2a: Samurai Pants|Sucker Punch|p1a: I block and rock
|-supereffective|p1a: I block and rock
|-end|p1a: I block and rock|Substitute
|-formechange|p1a: I block and rock|Aegislash-Blade
|move|p1a: I block and rock|Shadow Ball|p2a: Samurai Pants
|-end|p2a: Samurai Pants|Substitute
|
|-weather|Sandstorm|[upkeep]
|-heal|p1a: I block and rock|249\/324|[from] item: Leftovers
|turn|11
|
|switch|p2a: Original Dragon|Salamence, F|331\/331
|move|p1a: I block and rock|Shadow Ball|p2a: Original Dragon
|-damage|p2a: Original Dragon|168\/331
|-unboost|p2a: Original Dragon|spd|1
|
|-weather|none
|-heal|p1a: I block and rock|269\/324|[from] item: Leftovers
|turn|12
|
|-formechange|p1a: I block and rock|Aegislash
|move|p1a: I block and rock|King's Shield|p1a: I block and rock
|-singleturn|p1a: I block and rock|Protect
|move|p2a: Original Dragon|Hydro Pump|p1a: I block and rock
|-activate|p1a: I block and rock|Protect
|
|-heal|p1a: I block and rock|289\/324|[from] item: Leftovers
|turn|13
|
|move|p2a: Original Dragon|Fire Blast|p1a: I block and rock
|-supereffective|p1a: I block and rock
|-damage|p1a: I block and rock|128\/324
|-damage|p2a: Original Dragon|135\/331|[from] item: Life Orb
|-formechange|p1a: I block and rock|Aegislash-Blade
|move|p1a: I block and rock|Shadow Ball|p2a: Original Dragon
|-damage|p2a: Original Dragon|0 fnt
|faint|p2a: Original Dragon
|
|-heal|p1a: I block and rock|148\/324|[from] item: Leftovers
|
|switch|p2a: Kami-sama|Thundurus-Therian, M|300\/300
|turn|14
|
|-formechange|p1a: I block and rock|Aegislash
|move|p1a: I block and rock|King's Shield|p1a: I block and rock
|-singleturn|p1a: I block and rock|Protect
|move|p2a: Kami-sama|Agility|p2a: Kami-sama
|-boost|p2a: Kami-sama|spe|2
|
|-heal|p1a: I block and rock|168\/324|[from] item: Leftovers
|turn|15
|
|move|p2a: Kami-sama|Thunderbolt|p1a: I block and rock
|-damage|p1a: I block and rock|34\/324
|-damage|p2a: Kami-sama|270\/300|[from] item: Life Orb
|-formechange|p1a: I block and rock|Aegislash-Blade
|move|p1a: I block and rock|Shadow Ball|p2a: Kami-sama
|-damage|p2a: Kami-sama|99\/300
|
|-heal|p1a: I block and rock|54\/324|[from] item: Leftovers
|turn|16
|
|move|p2a: Kami-sama|Thunderbolt|p1a: I block and rock
|-damage|p1a: I block and rock|0 fnt
|-damage|p2a: Kami-sama|69\/300|[from] item: Life Orb
|faint|p1a: I block and rock
|
|
|switch|p1a: I vex and hax|Mawile, M|241\/241
|-damage|p1a: I vex and hax|201\/241|[from] Spikes
|-ability|p1a: I vex and hax|Intimidate|[of] p2a: Kami-sama
|-unboost|p2a: Kami-sama|atk|1
|turn|17
|
|switch|p2a: Copycat|Smeargle, F, shiny|314\/314
|detailschange|p1a: I vex and hax|Mawile-Mega, M
|message|Mawile has Mega Evolved into Mega Mawile!
|move|p1a: I vex and hax|Sucker Punch|p2a: Copycat
|-fail|p2a: Copycat
|
|turn|18
|
|switch|p1a: I crunch + punch|Tyranitar, M|285\/341
|-damage|p1a: I crunch + punch|229\/341|[from] Spikes
|-weather|Sandstorm
|move|p2a: Copycat|Dark Void|p1a: I crunch + punch
|-status|p1a: I crunch + punch|slp
|
|-weather|Sandstorm|[upkeep]
|-damage|p2a: Copycat|295\/314|[from] sandstorm
|turn|19
|
|switch|p1a: I spin and win|Excadrill, M|361\/361
|-damage|p1a: I spin and win|301\/361|[from] Spikes
|switch|p2a: Samurai Pants|Mawile-Mega, F|228\/303
|
|-weather|Sandstorm|[upkeep]
|turn|20
|
|switch|p2a: Kami-sama|Thundurus-Therian, M|69\/300
|move|p1a: I spin and win|Iron Head|p2a: Kami-sama
|-resisted|p2a: Kami-sama
|-damage|p2a: Kami-sama|0 fnt
|faint|p2a: Kami-sama
|
|-weather|Sandstorm|[upkeep]
|
|switch|p2a: Samurai Pants|Mawile-Mega, F|228\/303
|turn|21
|
|switch|p1a: I vex and hax|Mawile-Mega, M|201\/241
|-damage|p1a: I vex and hax|161\/241|[from] Spikes
|move|p2a: Samurai Pants|Play Rough|p1a: I vex and hax
|-resisted|p1a: I vex and hax
|-damage|p1a: I vex and hax|44\/241
|
|-weather|Sandstorm|[upkeep]
|turn|22
|
|move|p2a: Samurai Pants|Sucker Punch|p1a: I vex and hax
|-resisted|p1a: I vex and hax
|-damage|p1a: I vex and hax|0 fnt
|faint|p1a: I vex and hax
|
|-weather|none
|
|switch|p1a: I chip and rip|Thundurus, M|299\/299
|turn|23
|
|move|p1a: I chip and rip|Thunderbolt|p2a: Samurai Pants
|-damage|p2a: Samurai Pants|12\/303
|-damage|p1a: I chip and rip|270\/299|[from] item: Life Orb
|move|p2a: Samurai Pants|Play Rough|p1a: I chip and rip
|-damage|p1a: I chip and rip|0 fnt
|faint|p1a: I chip and rip
|
|
|switch|p1a: I spin and win|Excadrill, M|301\/361
|-damage|p1a: I spin and win|241\/361|[from] Spikes
|turn|24
|chat|FIREEEE|oh damn you 4%
|chat|FIREEEE|well done
|
|move|p2a: Samurai Pants|Sucker Punch|p1a: I spin and win
|-damage|p1a: I spin and win|0 fnt
|faint|p1a: I spin and win
|
|
|switch|p1a: I crunch + punch|Tyranitar, M|229\/341 slp
|-damage|p1a: I crunch + punch|173\/341 slp|[from] Spikes
|-weather|Sandstorm
|turn|25
|chat|BelmontGabriel|wow gg so damn close xD
|
|cant|p1a: I crunch + punch|slp
|move|p2a: Samurai Pants|Play Rough|p1a: I crunch + punch
|-supereffective|p1a: I crunch + punch
|-damage|p1a: I crunch + punch|0 fnt
|faint|p1a: I crunch + punch
|
|win|BelmontGabriel
|raw|Ladder updating...
|raw|FIREEEE's rating: 1586 &rarr; <strong>1561<\/strong><br \/>(-25 for losing)
|raw|BelmontGabriel's rating: 1494 &rarr; <strong>1519<\/strong><br \/>(+25 for winning)
|leave|FIREEEE
|player|p1