|join|FIREEEE
|join|Tweetie
|player|p1|FIREEEE|23
|player|p2|Tweetie|220
|gametype|singles
|gen|6
|tier|OU
|rated
|clearpoke
|poke|p1|Skarmory, M
|poke|p1|Mew
|poke|p1|Mamoswine, M
|poke|p1|Medicham, F
|poke|p1|Heatran, F
|poke|p1|Gliscor, M
|poke|p2|Azelf
|poke|p2|Gengar, F
|poke|p2|Banette, M
|poke|p2|Mismagius, F
|poke|p2|Froslass, F
|poke|p2|Lickilicky, M
|rule|Swagger Clause: Swagger is banned
|rule|Baton Pass Clause: Limit one PokÃ©mon knowing Baton Pass
|rule|Sleep Clause Mod: Limit one foe put to sleep
|rule|Species Clause: Limit one of each PokÃ©mon
|rule|OHKO Clause: OHKO moves are banned
|rule|Moody Clause: Moody is banned
|rule|Evasion Moves Clause: Evasion moves are banned
|rule|Endless Battle Clause: Forcing endless battles is banned
|rule|HP Percentage Mod: HP is shown in percentages
|teampreview
|
|start
|switch|p1a: Mamoswine|Mamoswine, M|424\/424
|switch|p2a: Monroe|Azelf|292\/292
|turn|1
|
|move|p1a: Mamoswine|Ice Shard|p2a: Monroe
|-damage|p2a: Monroe|211\/292
|move|p2a: Monroe|Taunt|p1a: Mamoswine
|-immune|p1a: Mamoswine|[msg]|[from] Oblivious
|
|turn|2
|
|move|p1a: Mamoswine|Ice Shard|p2a: Monroe
|-damage|p2a: Monroe|136\/292
|move|p2a: Monroe|Stealth Rock|p1a: Mamoswine
|-sidestart|p1: FIREEEE|move: Stealth Rock
|
|turn|3
|
|move|p1a: Mamoswine|Ice Shard|p2a: Monroe
|-damage|p2a: Monroe|57\/292
|move|p2a: Monroe|U-turn|p1a: Mamoswine
|-damage|p1a: Mamoswine|324\/424
|
|switch|p2a: Hemmingway|Lickilicky, M|424\/424
|-message|The effects of weather disappeared. (placeholder)
|
|turn|4
|
|move|p1a: Mamoswine|Earthquake|p2a: Hemmingway
|-damage|p2a: Hemmingway|279\/424
|move|p2a: Hemmingway|Hammer Arm|p1a: Mamoswine
|-supereffective|p1a: Mamoswine
|-damage|p1a: Mamoswine|68\/424
|-unboost|p2a: Hemmingway|spe|1
|
|turn|5
|
|move|p1a: Mamoswine|Endeavor|p2a: Hemmingway
|-damage|p2a: Hemmingway|68\/424
|-enditem|p2a: Hemmingway|Sitrus Berry|[eat]
|-heal|p2a: Hemmingway|174\/424|[from] item: Sitrus Berry
|move|p2a: Hemmingway|Knock Off|p1a: Mamoswine
|-damage|p1a: Mamoswine|0 fnt
|-enditem|p1a: Mamoswine|Focus Sash|[from] move: Knock Off|[of] p2a: Hemmingway
|faint|p1a: Mamoswine
|
|
|switch|p1a: Starmory|Skarmory, M|334\/334
|-damage|p1a: Starmory|293\/334|[from] Stealth Rock
|turn|6
|
|move|p1a: Starmory|Brave Bird|p2a: Hemmingway
|-damage|p2a: Hemmingway|48\/424
|-damage|p1a: Starmory|251\/334|[from] recoil|[of] p2a: Hemmingway
|move|p2a: Hemmingway|Knock Off|p1a: Starmory
|-damage|p1a: Starmory|200\/334
|-enditem|p1a: Starmory|Leftovers|[from] move: Knock Off|[of] p2a: Hemmingway
|
|turn|7
|
|move|p1a: Starmory|Defog|p2a: Hemmingway
|-unboost|p2a: Hemmingway|evasion|1
|-sideend|p1: FIREEEE|Stealth Rock|[from] move: Defog|[of] p1a: Starmory
|move|p2a: Hemmingway|Explosion|p1a: Starmory
|-resisted|p1a: Starmory
|-damage|p1a: Starmory|101\/334
|faint|p2a: Hemmingway
|
|
|switch|p2a: Benoit|Mismagius, F|231\/231
|turn|8
|
|move|p2a: Benoit|Shadow Ball|p1a: Starmory
|-damage|p1a: Starmory|0 fnt
|faint|p1a: Starmory
|
|
|switch|p1a: Heatran|Heatran, F|386\/386
|turn|9
|
|move|p2a: Benoit|Taunt|p1a: Heatran
|-start|p1a: Heatran|move: Taunt
|cant|p1a: Heatran|move: Taunt|Stealth Rock
|
|turn|10
|
|move|p2a: Benoit|Shadow Ball|p1a: Heatran
|-damage|p1a: Heatran|307\/386
|move|p1a: Heatran|Lava Plume|p2a: Benoit
|-damage|p2a: Benoit|95\/231
|
|-heal|p1a: Heatran|331\/386|[from] item: Leftovers
|turn|11
|
|switch|p1a: Gliscor|Gliscor, M|354\/354
|move|p2a: Benoit|Destiny Bond|p2a: Benoit
|-singlemove|p2a: Benoit|Destiny Bond
|
|-status|p1a: Gliscor|tox|[from] item: Toxic Orb
|turn|12
|
|switch|p1a: Heatran|Heatran, F|331\/386
|move|p2a: Benoit|Destiny Bond|p2a: Benoit
|-singlemove|p2a: Benoit|Destiny Bond
|
|-heal|p1a: Heatran|355\/386|[from] item: Leftovers
|turn|13
|
|move|p2a: Benoit|Taunt|p1a: Heatran
|-start|p1a: Heatran|move: Taunt
|move|p1a: Heatran|Lava Plume|p2a: Benoit
|-damage|p2a: Benoit|0 fnt
|faint|p2a: Benoit
|
|-heal|p1a: Heatran|379\/386|[from] item: Leftovers
|
|switch|p2a: Cobain|Gengar, F|230\/230
|turn|14
|
|move|p2a: Cobain|Shadow Ball|p1a: Heatran
|-damage|p1a: Heatran|274\/386
|move|p1a: Heatran|Lava Plume|p2a: Cobain
|-damage|p2a: Cobain|52\/230
|
|-heal|p1a: Heatran|298\/386|[from] item: Leftovers
|turn|15
|
|move|p2a: Cobain|Destiny Bond|p2a: Cobain
|-singlemove|p2a: Cobain|Destiny Bond
|move|p1a: Heatran|Lava Plume|p2a: Cobain
|-crit|p2a: Cobain
|-damage|p2a: Cobain|0 fnt
|faint|p2a: Cobain
|-activate|p2a: Cobain|Destiny Bond
|faint|p1a: Heatran
|
|
|switch|p2a: Monroe|Azelf|57\/292
|switch|p1a: Medicham|Medicham, F|261\/261
|turn|16
|
|detailschange|p1a: Medicham|Medicham-Mega, F
|message|Medicham has Mega Evolved into Mega Medicham!
|move|p1a: Medicham|Fake Out|p2a: Monroe
|-damage|p2a: Monroe|0 fnt
|faint|p2a: Monroe
|
|
|switch|p2a: Mcqueen|Froslass, F|250\/250
|turn|17
|
|switch|p1a: Gliscor|Gliscor, M|354\/354 tox
|move|p2a: Mcqueen|Shadow Ball|p1a: Gliscor
|-damage|p1a: Gliscor|216\/354 tox
|
|-heal|p1a: Gliscor|260\/354 tox|[from] ability: Poison Heal
|turn|18
|
|move|p1a: Gliscor|Protect|p1a: Gliscor
|-singleturn|p1a: Gliscor|Protect
|move|p2a: Mcqueen|Ice Beam|p1a: Gliscor
|-activate|p1a: Gliscor|Protect
|
|-heal|p1a: Gliscor|304\/354 tox|[from] ability: Poison Heal
|turn|19
|
|move|p2a: Mcqueen|Ice Beam|p1a: Gliscor
|-supereffective|p1a: Gliscor
|-damage|p1a: Gliscor|0 fnt
|faint|p1a: Gliscor
|
|
|switch|p1a: Meow|Mew|403\/403
|turn|20
|
|switch|p2a: Freud|Banette, M|238\/238
|move|p1a: Meow|Rock Polish|p1a: Meow
|-boost|p1a: Meow|spe|2
|
|turn|21
|
|detailschange|p2a: Freud|Banette-Mega, M
|message|Banette has Mega Evolved into Mega Banette!
|move|p1a: Meow|Baton Pass|p1a: Meow
|
|switch|p1a: Medicham|Medicham-Mega, F|261\/261
|move|p2a: Freud|Taunt|p1a: Medicham
|-start|p1a: Medicham|move: Taunt
|
|turn|22
|
|move|p2a: Freud|Destiny Bond|p2a: Freud
|-singlemove|p2a: Freud|Destiny Bond
|move|p1a: Medicham|Zen Headbutt|p2a: Freud
|-damage|p2a: Freud|0 fnt
|faint|p2a: Freud
|-activate|p2a: Freud|Destiny Bond
|faint|p1a: Medicham
|
|c|âFIREEEE|ah nice
|c|âFIREEEE|gg
|
|switch|p2a: Mcqueen|Froslass, F|250\/250
|switch|p1a: Meow|Mew|403\/403
|turn|23
|c|âTweetie|gg
|
|move|p2a: Mcqueen|Shadow Ball|p1a: Meow
|-supereffective|p1a: Meow
|-damage|p1a: Meow|233\/403
|move|p1a: Meow|Soft-Boiled|p1a: Meow
|-heal|p1a: Meow|403\/403
|
|turn|24
|
|move|p2a: Mcqueen|Taunt|p1a: Meow
|-start|p1a: Meow|move: Taunt
|cant|p1a: Meow|move: Taunt|Rock Polish
|
|turn|25
|-message|FIREEEE forfeited.
|
|win|Tweetie
|raw|Ladder updating...
|leave|FIREEEE
|player|p1
|raw|FIREEEE's rating: 1548 &rarr; <strong>1527<\/strong><br \/>(-21 for losing)
|raw|Tweetie's rating: 1527 &rarr; <strong>1549<\/strong><br \/>(+22 for winning)