|join|LT4Q Darkterror
|join|FIREEEE
|player|p1|LT4Q Darkterror|223
|player|p2|FIREEEE|23
|gametype|singles
|gen|6
|tier|OU
|rated
|clearpoke
|poke|p1|Greninja, F
|poke|p1|Medicham, M
|poke|p1|Clefable, M
|poke|p1|Latios, M
|poke|p1|Heatran, F
|poke|p1|Rotom-Wash
|poke|p2|Charizard, F
|poke|p2|Excadrill, F
|poke|p2|Tyranitar, F
|poke|p2|Rotom-Wash
|poke|p2|Mew
|poke|p2|Landorus-Therian, M
|rule|Swagger Clause: Swagger is banned
|rule|Baton Pass Clause: Limit one PokÃ©mon knowing Baton Pass
|rule|Sleep Clause Mod: Limit one foe put to sleep
|rule|Species Clause: Limit one of each PokÃ©mon
|rule|OHKO Clause: OHKO moves are banned
|rule|Moody Clause: Moody is banned
|rule|Evasion Moves Clause: Evasion moves are banned
|rule|Endless Battle Clause: Forcing endless battles is banned
|rule|HP Percentage Mod: HP is shown in percentages
|teampreview
|
|start
|switch|p1a: Clefable|Clefable, M|394\/394
|switch|p2a: I bite and fight|Landorus-Therian, M|344\/344
|-ability|p2a: I bite and fight|Intimidate|[of] p1a: Clefable
|-unboost|p1a: Clefable|atk|1
|turn|1
|
|move|p2a: I bite and fight|U-turn|p1a: Clefable
|-crit|p1a: Clefable
|-resisted|p1a: Clefable
|-damage|p1a: Clefable|331\/394
|
|switch|p2a: I spin and win|Excadrill, F|361\/361
|-item|p2a: I spin and win|Air Balloon
|move|p1a: Clefable|Stealth Rock|p2a: I spin and win
|-sidestart|p2: FIREEEE|move: Stealth Rock
|
|-heal|p1a: Clefable|355\/394|[from] item: Leftovers
|turn|2
|
|switch|p1a: NANANANA Rotom!|Rotom-Wash|303\/303
|move|p2a: I spin and win|Rapid Spin|p1a: NANANANA Rotom!
|-damage|p1a: NANANANA Rotom!|283\/303
|-sideend|p2: FIREEEE|Stealth Rock|[from] move: Rapid Spin|[of] p2a: I spin and win
|
|-heal|p1a: NANANANA Rotom!|301\/303|[from] item: Leftovers
|turn|3
|
|switch|p2a: I stall and wall|Rotom-Wash|242\/242
|move|p1a: NANANANA Rotom!|Volt Switch|p2a: I stall and wall
|-damage|p2a: I stall and wall|155\/242
|
|switch|p1a: Latios|Latios, M|302\/302
|
|turn|4
|join|CHOSEN ONE RETURNS
|
|switch|p1a: Medicham|Medicham, M|261\/261
|switch|p2a: I punch and crunch|Tyranitar, F|341\/341
|-weather|Sandstorm
|
|-weather|Sandstorm|[upkeep]
|-damage|p1a: Medicham|245\/261|[from] sandstorm
|turn|5
|
|switch|p2a: I vex and hax|Mew|404\/404
|detailschange|p1a: Medicham|Medicham-Mega, M
|message|Medicham has Mega Evolved into Mega Medicham!
|move|p1a: Medicham|High Jump Kick|p2a: I vex and hax
|-resisted|p2a: I vex and hax
|-damage|p2a: I vex and hax|183\/404
|
|-weather|Sandstorm|[upkeep]
|-damage|p2a: I vex and hax|158\/404|[from] sandstorm
|-damage|p1a: Medicham|229\/261|[from] sandstorm
|-heal|p2a: I vex and hax|183\/404|[from] item: Leftovers
|turn|6
|
|move|p2a: I vex and hax|Will-O-Wisp|p1a: Medicham
|-status|p1a: Medicham|brn
|move|p1a: Medicham|High Jump Kick|p2a: I vex and hax
|-resisted|p2a: I vex and hax
|-damage|p2a: I vex and hax|72\/404
|
|-weather|Sandstorm|[upkeep]
|-damage|p2a: I vex and hax|47\/404|[from] sandstorm
|-damage|p1a: Medicham|213\/261 brn|[from] sandstorm
|-heal|p2a: I vex and hax|72\/404|[from] item: Leftovers
|-damage|p1a: Medicham|181\/261 brn|[from] brn
|turn|7
|c|âLT4Q Darkterror|wow shit..
|c|âLT4Q Darkterror|max speed?
|
|move|p2a: I vex and hax|Stealth Rock|p1a: Medicham
|-sidestart|p1: LT4Q Darkterror|move: Stealth Rock
|move|p1a: Medicham|High Jump Kick|p2a: I vex and hax
|-resisted|p2a: I vex and hax
|-damage|p2a: I vex and hax|0 fnt
|faint|p2a: I vex and hax
|
|-weather|Sandstorm|[upkeep]
|-damage|p1a: Medicham|165\/261 brn|[from] sandstorm
|-damage|p1a: Medicham|133\/261 brn|[from] brn
|c|âFIREEEE|yep
|
|switch|p2a: I bite and fight|Landorus-Therian, M|344\/344
|-ability|p2a: I bite and fight|Intimidate|[of] p1a: Medicham
|-unboost|p1a: Medicham|atk|1
|turn|8
|
|move|p2a: I bite and fight|U-turn|p1a: Medicham
|-damage|p1a: Medicham|21\/261 brn
|
|switch|p2a: I stall and wall|Rotom-Wash|155\/242
|move|p1a: Medicham|High Jump Kick|p2a: I stall and wall
|-damage|p2a: I stall and wall|20\/242
|
|-weather|none
|-damage|p1a: Medicham|0 fnt|[from] brn
|faint|p1a: Medicham
|
|switch|p1a: Who am i Oceanman?|Greninja, F|286\/286
|-damage|p1a: Who am i Oceanman?|251\/286|[from] Stealth Rock
|turn|9
|
|move|p1a: Who am i Oceanman?|Hidden Power|p2a: I stall and wall
|-start|p1a: Who am i Oceanman?|typechange|Fire|[from] Protean
|-resisted|p2a: I stall and wall
|-damage|p2a: I stall and wall|0 fnt
|-damage|p1a: Who am i Oceanman?|223\/286|[from] item: Life Orb
|faint|p2a: I stall and wall
|
|
|switch|p2a: I bite and fight|Landorus-Therian, M|344\/344
|-ability|p2a: I bite and fight|Intimidate|[of] p1a: Who am i Oceanman?
|-unboost|p1a: Who am i Oceanman?|atk|1
|turn|10
|
|move|p2a: I bite and fight|Stone Edge|p1a: Who am i Oceanman?
|-supereffective|p1a: Who am i Oceanman?
|-damage|p1a: Who am i Oceanman?|0 fnt
|faint|p1a: Who am i Oceanman?
|
|
|switch|p1a: Clefable|Clefable, M|355\/394
|-damage|p1a: Clefable|306\/394|[from] Stealth Rock
|turn|11
|
|switch|p2a: I chip and rip|Charizard, F|360\/360
|move|p1a: Clefable|Stealth Rock|p2a: I chip and rip
|-sidestart|p2: FIREEEE|move: Stealth Rock
|
|-heal|p1a: Clefable|330\/394|[from] item: Leftovers
|turn|12
|
|detailschange|p2a: I chip and rip|Charizard-Mega-X, F
|message|Charizard has Mega Evolved into Mega Charizard!
|move|p2a: I chip and rip|Dragon Dance|p2a: I chip and rip
|-boost|p2a: I chip and rip|atk|1
|-boost|p2a: I chip and rip|spe|1
|move|p1a: Clefable|Thunder Wave|p2a: I chip and rip
|-status|p2a: I chip and rip|par
|
|-heal|p1a: Clefable|354\/394|[from] item: Leftovers
|turn|13
|
|move|p1a: Clefable|Moonblast|p2a: I chip and rip
|-damage|p2a: I chip and rip|233\/360 par
|move|p2a: I chip and rip|Earthquake|p1a: Clefable
|-damage|p1a: Clefable|264\/394
|
|-heal|p1a: Clefable|288\/394|[from] item: Leftovers
|turn|14
|
|switch|p2a: I spin and win|Excadrill, F|361\/361
|-damage|p2a: I spin and win|350\/361|[from] Stealth Rock
|-item|p2a: I spin and win|Air Balloon
|move|p1a: Clefable|Moonblast|p2a: I spin and win
|-resisted|p2a: I spin and win
|-damage|p2a: I spin and win|279\/361
|-enditem|p2a: I spin and win|Air Balloon
|-unboost|p2a: I spin and win|spa|1
|
|-heal|p1a: Clefable|312\/394|[from] item: Leftovers
|turn|15
|
|switch|p2a: I punch and crunch|Tyranitar, F|341\/341
|-damage|p2a: I punch and crunch|299\/341|[from] Stealth Rock
|-weather|Sandstorm
|switch|p1a: NANANANA Rotom!|Rotom-Wash|301\/303
|-damage|p1a: NANANANA Rotom!|264\/303|[from] Stealth Rock
|
|-weather|Sandstorm|[upkeep]
|-damage|p1a: NANANANA Rotom!|246\/303|[from] sandstorm
|-heal|p1a: NANANANA Rotom!|264\/303|[from] item: Leftovers
|turn|16
|
|move|p2a: I punch and crunch|Stone Edge|p1a: NANANANA Rotom!
|-damage|p1a: NANANANA Rotom!|132\/303
|move|p1a: NANANANA Rotom!|Will-O-Wisp|p2a: I punch and crunch
|-status|p2a: I punch and crunch|brn
|
|-weather|Sandstorm|[upkeep]
|-damage|p1a: NANANANA Rotom!|114\/303|[from] sandstorm
|-heal|p1a: NANANANA Rotom!|132\/303|[from] item: Leftovers
|-damage|p2a: I punch and crunch|257\/341 brn|[from] brn
|turn|17
|
|move|p2a: I punch and crunch|Stone Edge|p1a: NANANANA Rotom!
|-damage|p1a: NANANANA Rotom!|65\/303
|move|p1a: NANANANA Rotom!|Pain Split|p2a: I punch and crunch
|-sethp|p2a: I punch and crunch|161\/341 brn|p1a: NANANANA Rotom!|161\/303|[from] move: Pain Split
|
|-weather|Sandstorm|[upkeep]
|-damage|p1a: NANANANA Rotom!|143\/303|[from] sandstorm
|-heal|p1a: NANANANA Rotom!|161\/303|[from] item: Leftovers
|-damage|p2a: I punch and crunch|119\/341 brn|[from] brn
|turn|18
|c|âFIREEEE|well done
|
|switch|p1a: Clefable|Clefable, M|312\/394
|-damage|p1a: Clefable|263\/394|[from] Stealth Rock
|move|p2a: I punch and crunch|Stone Edge|p1a: Clefable
|-damage|p1a: Clefable|179\/394
|
|-weather|Sandstorm|[upkeep]
|-damage|p1a: Clefable|155\/394|[from] sandstorm
|-heal|p1a: Clefable|179\/394|[from] item: Leftovers
|-damage|p2a: I punch and crunch|77\/341 brn|[from] brn
|turn|19
|
|switch|p2a: I spin and win|Excadrill, F|279\/361
|-damage|p2a: I spin and win|268\/361|[from] Stealth Rock
|move|p1a: Clefable|Moonlight|p1a: Clefable
|-heal|p1a: Clefable|277\/394
|
|-weather|none
|-heal|p1a: Clefable|301\/394|[from] item: Leftovers
|turn|20
|
|switch|p1a: Latios|Latios, M|302\/302
|-damage|p1a: Latios|265\/302|[from] Stealth Rock
|move|p2a: I spin and win|Rapid Spin|p1a: Latios
|-damage|p1a: Latios|230\/302
|-sideend|p2: FIREEEE|Stealth Rock|[from] move: Rapid Spin|[of] p2a: I spin and win
|
|turn|21
|
|switch|p1a: Clefable|Clefable, M|301\/394
|-damage|p1a: Clefable|252\/394|[from] Stealth Rock
|switch|p2a: I punch and crunch|Tyranitar, F|77\/341 brn
|-weather|Sandstorm
|
|-weather|Sandstorm|[upkeep]
|-damage|p1a: Clefable|228\/394|[from] sandstorm
|-heal|p1a: Clefable|252\/394|[from] item: Leftovers
|-damage|p2a: I punch and crunch|35\/341 brn|[from] brn
|turn|22
|
|switch|p2a: I spin and win|Excadrill, F|268\/361
|move|p1a: Clefable|Stealth Rock|p2a: I spin and win
|-sidestart|p2: FIREEEE|move: Stealth Rock
|
|-weather|Sandstorm|[upkeep]
|-damage|p1a: Clefable|228\/394|[from] sandstorm
|-heal|p1a: Clefable|252\/394|[from] item: Leftovers
|turn|23
|
|move|p2a: I spin and win|Iron Head|p1a: Clefable
|-supereffective|p1a: Clefable
|-damage|p1a: Clefable|0 fnt
|faint|p1a: Clefable
|
|-weather|Sandstorm|[upkeep]
|
|switch|p1a: NANANANA Rotom!|Rotom-Wash|161\/303
|-damage|p1a: NANANANA Rotom!|124\/303|[from] Stealth Rock
|turn|24
|
|switch|p2a: I chip and rip|Charizard-Mega-X, F|233\/360 par
|-damage|p2a: I chip and rip|143\/360 par|[from] Stealth Rock
|move|p1a: NANANANA Rotom!|Hydro Pump|p2a: I chip and rip
|-crit|p2a: I chip and rip
|-damage|p2a: I chip and rip|0 fnt
|faint|p2a: I chip and rip
|
|-weather|Sandstorm|[upkeep]
|-damage|p1a: NANANANA Rotom!|106\/303|[from] sandstorm
|-heal|p1a: NANANANA Rotom!|124\/303|[from] item: Leftovers
|
|switch|p2a: I bite and fight|Landorus-Therian, M|344\/344
|-damage|p2a: I bite and fight|301\/344|[from] Stealth Rock
|-ability|p2a: I bite and fight|Intimidate|[of] p1a: NANANANA Rotom!
|-unboost|p1a: NANANANA Rotom!|atk|1
|turn|25
|
|move|p2a: I bite and fight|Knock Off|p1a: NANANANA Rotom!
|-damage|p1a: NANANANA Rotom!|33\/303
|-enditem|p1a: NANANANA Rotom!|Leftovers|[from] move: Knock Off|[of] p2a: I bite and fight
|move|p1a: NANANANA Rotom!|Hydro Pump|p2a: I bite and fight|[miss]
|-miss|p1a: NANANANA Rotom!|p2a: I bite and fight
|
|-weather|none
|turn|26
|c|âLT4Q Darkterror|omg..
|c|âLT4Q Darkterror|that gave the game away
|c|âFIREEEE|yep
|
|move|p2a: I bite and fight|Knock Off|p1a: NANANANA Rotom!
|-damage|p1a: NANANANA Rotom!|0 fnt
|faint|p1a: NANANANA Rotom!
|
|c|âLT4Q Darkterror|i would have won..
|
|switch|p1a: Heatran|Heatran, F|323\/323
|-damage|p1a: Heatran|283\/323|[from] Stealth Rock
|turn|27
|c|âFIREEEE|I only had a chance if you would sack clef and miss hp
|c|âFIREEEE|Anyway  I probably won't win still
|c|âFIREEEE|I'll have to get a 50\/50 right
|c|âLT4Q Darkterror|its 50\/50
|
|switch|p2a: I punch and crunch|Tyranitar, F|35\/341 brn
|-damage|p2a: I punch and crunch|0 fnt|[from] Stealth Rock
|faint|p2a: I punch and crunch
|move|p1a: Heatran|Overheat|p2: I punch and crunch|[notarget]
|-notarget
|
|
|switch|p2a: I bite and fight|Landorus-Therian, M|301\/344
|-damage|p2a: I bite and fight|258\/344|[from] Stealth Rock
|-ability|p2a: I bite and fight|Intimidate|[of] p1a: Heatran
|-unboost|p1a: Heatran|atk|1
|turn|28
|c|âFIREEEE|Switch + knock off I win
|c|âFIREEEE|swithc + eq you win
|c|âFIREEEE|pretty much
|c|âLT4Q Darkterror|yeah
|
|move|p2a: I bite and fight|Earthquake|p1a: Heatran
|-supereffective|p1a: Heatran
|-damage|p1a: Heatran|0 fnt
|faint|p1a: Heatran
|
|
|switch|p1a: Latios|Latios, M|230\/302
|-damage|p1a: Latios|193\/302|[from] Stealth Rock
|turn|29
|
|switch|p2a: I spin and win|Excadrill, F|268\/361
|-damage|p2a: I spin and win|257\/361|[from] Stealth Rock
|move|p1a: Latios|Surf|p2a: I spin and win
|-supereffective|p2a: I spin and win
|-damage|p2a: I spin and win|0 fnt
|-damage|p1a: Latios|163\/302|[from] item: Life Orb
|faint|p2a: I spin and win
|
|c|âLT4Q Darkterror|..
|c|âLT4Q Darkterror|gg
|c|âFIREEEE|unless that is scarfed though
|c|âFIREEEE|gee gee
|
|switch|p2a: I bite and fight|Landorus-Therian, M|258\/344
|-damage|p2a: I bite and fight|215\/344|[from] Stealth Rock
|-ability|p2a: I bite and fight|Intimidate|[of] p1a: Latios
|-unboost|p1a: Latios|atk|1
|turn|30
|
|move|p2a: I bite and fight|Knock Off|p1a: Latios
|-supereffective|p1a: Latios
|-damage|p1a: Latios|0 fnt
|-enditem|p1a: Latios|Life Orb|[from] move: Knock Off|[of] p2a: I bite and fight
|faint|p1a: Latios
|
|win|FIREEEE
|raw|Ladder updating...
|raw|LT4Q Darkterror's rating: 1775 &rarr; <strong>1746<\/strong><br \/>(-29 for losing)
|raw|FIREEEE's rating: 1611 &rarr; <strong>1639<\/strong><br \/>(+28 for winning)
|leave|LT4Q Darkterror
|player|p1