|join|jake5alt2
|join|FIREEEE
|player|p1|jake5alt2|101
|player|p2|FIREEEE|23
|gametype|singles
|gen|6
|tier|OU (suspect test)
|rated
|clearpoke
|poke|p1|Azelf, shiny
|poke|p1|Latias, F, shiny
|poke|p1|Wobbuffet, M, shiny
|poke|p1|Crawdaunt, M, shiny
|poke|p1|Charizard, M, shiny
|poke|p1|Zygarde, shiny
|poke|p2|Skarmory, F
|poke|p2|Mew
|poke|p2|Amoonguss, M
|poke|p2|Medicham, F
|poke|p2|Chansey, F
|poke|p2|Clefable, F
|rule|Swagger Clause: Swagger is banned
|rule|Baton Pass Clause: Limit one PokÃ©mon knowing Baton Pass
|rule|Sleep Clause Mod: Limit one foe put to sleep
|rule|Species Clause: Limit one of each PokÃ©mon
|rule|OHKO Clause: OHKO moves are banned
|rule|Moody Clause: Moody is banned
|rule|Evasion Moves Clause: Evasion moves are banned
|rule|Endless Battle Clause: Forcing endless battles is banned
|rule|HP Percentage Mod: HP is reported as percentages
|teampreview
|chat|jake5alt2|stalllllll
|join|callumcomingthur
|chat|FIREEEE|yuss
|
|start
|switch|p1a: Azelf|Azelf, shiny|292\/292
|switch|p2a: Meow|Mew|404\/404
|turn|1
|chat|jake5alt2|well semi except megacham
|
|move|p1a: Azelf|Taunt|p2a: Meow
|-start|p2a: Meow|move: Taunt
|cant|p2a: Meow|move: Taunt|Will-O-Wisp
|
|turn|2
|
|move|p1a: Azelf|Stealth Rock|p2a: Meow
|-sidestart|p2: FIREEEE|move: Stealth Rock
|move|p2a: Meow|Knock Off|p1a: Azelf
|-supereffective|p1a: Azelf
|-damage|p1a: Azelf|82\/292
|-enditem|p1a: Azelf|Focus Sash|[from] move: Knock Off|[of] p2a: Meow
|
|turn|3
|
|switch|p2a: Starmory|Skarmory, F|334\/334
|-damage|p2a: Starmory|293\/334|[from] Stealth Rock
|move|p1a: Azelf|Reflect|p1a: Azelf
|-sidestart|p1: jake5alt2|Reflect
|
|turn|4
|join|nashville
|join|Paul Gilbert
|
|switch|p2a: Chansey|Chansey, F|641\/641
|-damage|p2a: Chansey|561\/641|[from] Stealth Rock
|move|p1a: Azelf|Taunt|p2a: Chansey
|-start|p2a: Chansey|move: Taunt
|
|turn|5
|chat|jake5alt2|hmm ok whateva
|
|move|p1a: Azelf|Explosion|p2a: Chansey
|-damage|p2a: Chansey|151\/641
|faint|p1a: Azelf
|move|p2a: Chansey|Seismic Toss|p1: Azelf|[notarget]
|-notarget
|
|chat|jake5alt2|that was fuckin brilliant damage
|
|switch|p1a: 37\/531|Charizard, M, shiny|326\/326
|turn|6
|chat|jake5alt2|don't wantya to t-wave me 
|chat|jake5alt2|so inb4 zard sweep
|chat|jake5alt2|maybe
|chat|FIREEEE|pls no x
|chat|jake5alt2|zard completely walls mew
|chat|Paul Gilbert|It will be X haha
|chat|FIREEEE|what am I even talking about ofc it's x
|chat|jake5alt2|knock off sr defog willow
|chat|jake5alt2|yeah lel
|chat|Paul Gilbert|Why else would there be a screen
|
|detailschange|p1a: 37\/531|Charizard-Mega-X, M, shiny
|message|Charizard has Mega Evolved into Mega Charizard!
|move|p1a: 37\/531|Dragon Claw|p2a: Chansey
|-damage|p2a: Chansey|0 fnt
|faint|p2a: Chansey
|
|join|mrfilmmkr
|
|switch|p2a: Medicham|Medicham, F|261\/261
|-damage|p2a: Medicham|245\/261|[from] Stealth Rock
|turn|7
|chat|Paul Gilbert|Why no setup?
|
|switch|p1a: Latias|Latias, F, shiny|302\/302
|detailschange|p2a: Medicham|Medicham-Mega, F
|message|Medicham has Mega Evolved into Mega Medicham!
|move|p2a: Medicham|Fake Out|p1a: Latias
|-damage|p1a: Latias|251\/302
|
|-sideend|p1: jake5alt2|Reflect
|turn|8
|chat|jake5alt2|didn't want him to t-wave
|leave|mrfilmmkr
|
|switch|p2a: Meow|Mew|404\/404
|-damage|p2a: Meow|354\/404|[from] Stealth Rock
|move|p1a: Latias|Psyshock|p2a: Meow
|-resisted|p2a: Meow
|-damage|p2a: Meow|279\/404
|-damage|p1a: Latias|221\/302|[from] item: Life Orb
|
|-heal|p2a: Meow|304\/404|[from] item: Leftovers
|turn|9
|chat|Paul Gilbert|He was taunted
|chat|jake5alt2|uh ok lol
|chat|Paul Gilbert|Lololol
|
|switch|p1a: 37\/531|Charizard-Mega-X, M, shiny|326\/326
|switch|p2a: Medicham|Medicham-Mega, F|245\/261
|-damage|p2a: Medicham|229\/261|[from] Stealth Rock
|
|turn|10
|join|LadderSoTall
|chat|jake5alt2|yeah could've set up and swept
|
|switch|p1a: Wobbuffet|Wobbuffet, M, shiny|584\/584
|move|p2a: Medicham|High Jump Kick|p1a: Wobbuffet|[miss]
|-miss|p2a: Medicham|p1a: Wobbuffet
|-damage|p2a: Medicham|99\/261|[from] highjumpkick
|
|turn|11
|chat|Paul Gilbert|Yeah that didn't make sense
|chat|jake5alt2|that was technically a miscilick
|chat|FIREEEE|<3
|chat|jake5alt2|wanted to go into wobba
|chat|Paul Gilbert|skillfully dodged!
|chat|jake5alt2|lol sorry but ti wouldnt' do tooo much to wabba
|chat|jake5alt2|maybe 30
|chat|jake5alt2|40
|
|move|p2a: Medicham|High Jump Kick|p1a: Wobbuffet
|-resisted|p1a: Wobbuffet
|-damage|p1a: Wobbuffet|343\/584
|move|p1a: Wobbuffet|Counter|p2a: Medicham
|-damage|p2a: Medicham|0 fnt
|faint|p2a: Medicham
|
|-heal|p1a: Wobbuffet|379\/584|[from] item: Leftovers
|chat|FIREEEE|I know
|chat|jake5alt2|toldjer
|chat|FIREEEE|But you would've been at 20 now
|chat|jake5alt2|ik
|chat|FIREEEE|Meaning mew can kill
|
|switch|p2a: Amoonguss|Amoonguss, M|432\/432
|-damage|p2a: Amoonguss|378\/432|[from] Stealth Rock
|turn|12
|chat|jake5alt2|yeah
|chat|jake5alt2|hmm
|
|switch|p1a: 37\/531|Zygarde, shiny|376\/376
|-ability|p1a: 37\/531|Aura Break
|move|p2a: Amoonguss|Toxic|p1a: 37\/531
|-status|p1a: 37\/531|tox
|
|-heal|p2a: Amoonguss|405\/432|[from] item: Leftovers
|-damage|p1a: 37\/531|353\/376 tox|[from] psn
|turn|13
|chat|jake5alt2|ah no spore interesting
|
|switch|p1a: 54\/19\/531|Crawdaunt, M, shiny|268\/268
|move|p2a: Amoonguss|Giga Drain|p1a: 54\/19\/531
|-supereffective|p1a: 54\/19\/531
|-damage|p1a: 54\/19\/531|38\/268
|-heal|p2a: Amoonguss|432\/432|[from] drain|[of] p1a: 54\/19\/531
|
|turn|14
|chat|Paul Gilbert|he would have both
|chat|jake5alt2|crap
|chat|Paul Gilbert|so when you sleep out for clause
|chat|jake5alt2|was looking to sweep -.-
|chat|FIREEEE|I'm guessing that was a misclick too
|chat|Paul Gilbert|he poisons switchin
|chat|Paul Gilbert|that would make sense to me
|
|move|p1a: 54\/19\/531|Knock Off|p2a: Amoonguss
|-damage|p2a: Amoonguss|169\/432
|-enditem|p2a: Amoonguss|Leftovers|[from] move: Knock Off|[of] p1a: 54\/19\/531
|-damage|p1a: 54\/19\/531|12\/268|[from] item: Life Orb
|move|p2a: Amoonguss|Giga Drain|p1a: 54\/19\/531
|-supereffective|p1a: 54\/19\/531
|-damage|p1a: 54\/19\/531|0 fnt
|-heal|p2a: Amoonguss|175\/432|[from] drain|[of] p1a: 54\/19\/531
|faint|p1a: 54\/19\/531
|
|chat|jake5alt2|nah i expected a switch
|chat|jake5alt2|hmm i don't see many with both tbh
|chat|Paul Gilbert|Do you have both fire?
|
|switch|p1a: Latias|Latias, F, shiny|221\/302
|turn|15
|chat|jake5alt2|usually clear smog foul play hp fire
|chat|jake5alt2|and spore
|
|switch|p1a: 37\/531|Charizard-Mega-X, M, shiny|326\/326
|switch|p2a: Meow|Mew|304\/404
|-damage|p2a: Meow|254\/404|[from] Stealth Rock
|
|-heal|p2a: Meow|279\/404|[from] item: Leftovers
|turn|16
|chat|FIREEEE|ohok
|
|switch|p2a: Clefable|Clefable, F|394\/394
|move|p1a: 37\/531|Dragon Dance|p1a: 37\/531
|-boost|p1a: 37\/531|atk|1
|-boost|p1a: 37\/531|spe|1
|
|turn|17
|chat|Paul Gilbert|thats game over
|join|mark moron
|chat|FIREEEE|damn I misclicked too
|chat|jake5alt2|good thing your magic guard
|chat|FIREEEE|Meant to taunt
|chat|jake5alt2|lag
|chat|FIREEEE|Well this is second best I guess
|chat|jake5alt2|maybe unless i die to recoil lol
|
|move|p1a: 37\/531|Dragon Dance|p1a: 37\/531
|-boost|p1a: 37\/531|atk|1
|-boost|p1a: 37\/531|spe|1
|move|p2a: Clefable|Moonblast|p1a: 37\/531
|-damage|p1a: 37\/531|214\/326
|-unboost|p1a: 37\/531|spa|1
|
|turn|18
|chat|jake5alt2|well unless u run max speed uwouldn't outspeed
|chat|FIREEEE|nice drop
|
|move|p1a: 37\/531|Flare Blitz|p2a: Clefable
|-damage|p2a: Clefable|0 fnt
|-damage|p1a: 37\/531|84\/326|[from] recoil|[of] p2a: Clefable
|faint|p2a: Clefable
|
|chat|jake5alt2|lel
|
|switch|p2a: Meow|Mew|279\/404
|-damage|p2a: Meow|229\/404|[from] Stealth Rock
|turn|19
|
|move|p1a: 37\/531|Flare Blitz|p2a: Meow
|-damage|p2a: Meow|0 fnt
|-damage|p1a: 37\/531|8\/326|[from] recoil|[of] p2a: Meow
|faint|p2a: Meow
|
|chat|jake5alt2|wohoo one more kill
|chat|FIREEEE|oh meh
|chat|FIREEEE|I thought that'd kill
|chat|FIREEEE|ah well well done
|chat|FIREEEE|First loss ;_;
|
|switch|p2a: Starmory|Skarmory, F|293\/334
|-damage|p2a: Starmory|252\/334|[from] Stealth Rock
|turn|20
|chat|jake5alt2|i was honestly gonna go for dclaw
|chat|jake5alt2|but then i thought you'd switch into skarm
|
|move|p1a: 37\/531|Flare Blitz|p2a: Starmory
|-supereffective|p2a: Starmory
|-damage|p2a: Starmory|0 fnt
|-damage|p1a: 37\/531|0 fnt|[from] item: Rocky Helmet|[of] p2a: Starmory
|faint|p1a: 37\/531
|faint|p2a: Starmory
|
|join|Sporeles
|join|Omegasization
|chat|jake5alt2|well at least you can't spore my zygarde
|leave|Sporeles
|
|switch|p1a: 37\/531|Zygarde, shiny|353\/376 tox
|switch|p2a: Amoonguss|Amoonguss, M|319\/432
|-damage|p2a: Amoonguss|265\/432|[from] Stealth Rock
|-ability|p1a: 37\/531|Aura Break
|turn|21
|chat|Paul Gilbert|damn
|chat|FIREEEE|Do you have a fanbase
|chat|jake5alt2|nah not really
|chat|jake5alt2|paul does LOL
|
|move|p1a: 37\/531|Dragon Dance|p1a: 37\/531
|-boost|p1a: 37\/531|atk|1
|-boost|p1a: 37\/531|spe|1
|move|p2a: Amoonguss|Synthesis|p2a: Amoonguss
|-heal|p2a: Amoonguss|432\/432
|
|-damage|p1a: 37\/531|330\/376 tox|[from] psn
|turn|22
|chat|LadderSoTall|choice banded thousand arrows will break the meta lol
|chat|jake5alt2|ooh interesting moongus set
|
|move|p1a: 37\/531|Outrage|p2a: Amoonguss
|-damage|p2a: Amoonguss|80\/432
|-damage|p1a: 37\/531|293\/376 tox|[from] item: Life Orb
|move|p2a: Amoonguss|Giga Drain|p1a: 37\/531
|-damage|p1a: 37\/531|209\/376 tox
|-heal|p2a: Amoonguss|122\/432|[from] drain|[of] p1a: 37\/531
|
|-damage|p1a: 37\/531|163\/376 tox|[from] psn
|turn|23
|chat|jake5alt2|gg
|chat|LadderSoTall|hits every poke
|chat|FIREEEE|hmm not enough
|chat|LadderSoTall|and nothing 4x resist it
|chat|FIREEEE|gg
|chat|Omegasization|lol
|chat|jake5alt2|yeah
|
|move|p1a: 37\/531|Outrage|p2a: Amoonguss
|-damage|p2a: Amoonguss|0 fnt
|-damage|p1a: 37\/531|126\/376 tox|[from] item: Life Orb
|faint|p2a: Amoonguss
|
|win|jake5alt2
|raw|Ladder updating...
|chat|jake5alt2|the movemight be banned
|chat|jake5alt2|or zygarde will go to ubers
|raw|jake5alt2's rating: 1372 &rarr; <strong>1384<\/strong><br \/>(+12 for winning)
|raw|FIREEEE's rating: 1222 &rarr; <strong>1207<\/strong><br \/>(-15 for losing)
|chat|Paul Gilbert|gg