|inactive|Battle timer is ON: inactive players will automatically lose when time's up.
|J|Christoo
|J|Sae
|player|p1|Christoo|142
|player|p2|Sae|99
|gametype|singles
|gen|6
|tier|UU
|rule|Sleep Clause Mod: Limit one foe put to sleep
|rule|Species Clause: Limit one of each PokÃ©mon
|rule|OHKO Clause: OHKO moves are banned
|rule|Moody Clause: Moody is banned
|rule|Evasion Moves Clause: Evasion moves are banned
|rule|Endless Battle Clause: Forcing endless battles is banned
|rule|HP Percentage Mod: HP is shown in percentages
|clearpoke
|poke|p1|Hydreigon, F
|poke|p1|Pidgeot, F
|poke|p1|Jirachi
|poke|p1|Raikou
|poke|p1|Machamp, M
|poke|p1|Zygarde
|poke|p2|Jirachi
|poke|p2|Crobat, F
|poke|p2|Swampert, F
|poke|p2|Entei, shiny
|poke|p2|Shaymin
|poke|p2|Hydreigon, F
|rule|Swagger Clause: Swagger is banned
|rule|Baton Pass Clause: Limit one PokÃ©mon knowing Baton Pass
|teampreview
|
|start
|switch|p1a: Pidgeot|Pidgeot, F|307\/307
|switch|p2a: Jirachi|Jirachi|341\/341
|turn|1
|
|detailschange|p1a: Pidgeot|Pidgeot-Mega, F
|-mega|p1a: Pidgeot|Pidgeot|Pidgeotite
|move|p1a: Pidgeot|Protect|p1a: Pidgeot
|-singleturn|p1a: Pidgeot|Protect
|move|p2a: Jirachi|Iron Head|p1a: Pidgeot
|-activate|p1a: Pidgeot|Protect
|
|turn|2
|J|asedVictory
|J|SuperSmoke
|
|move|p2a: Jirachi|Iron Head|p1a: Pidgeot
|-damage|p1a: Pidgeot|174\/307
|cant|p1a: Pidgeot|flinch
|
|turn|3
|J|lanueba
|
|switch|p2a: Entei|Entei, shiny|371\/371
|-ability|p2a: Entei|Pressure
|switch|p1a: Raikou|Raikou|321\/321
|-ability|p1a: Raikou|Pressure
|
|turn|4
|
|move|p1a: Raikou|Thunderbolt|p2a: Entei
|-damage|p2a: Entei|185\/371
|move|p2a: Entei|Sacred Fire|p1a: Raikou
|-damage|p1a: Raikou|0 fnt
|faint|p1a: Raikou
|
|J|Red&Black Swan
|
|switch|p1a: Zygarde|Zygarde|358\/358
|-ability|p1a: Zygarde|Aura Break
|turn|5
|L|lanueba
|
|move|p2a: Entei|Sacred Fire|p1a: Zygarde
|-resisted|p1a: Zygarde
|-damage|p1a: Zygarde|246\/358
|-status|p1a: Zygarde|brn
|-enditem|p1a: Zygarde|Lum Berry|[eat]
|-curestatus|p1a: Zygarde|brn
|move|p1a: Zygarde|Dragon Dance|p1a: Zygarde
|-boost|p1a: Zygarde|atk|1
|-boost|p1a: Zygarde|spe|1
|
|turn|6
|
|move|p1a: Zygarde|Earthquake|p2a: Entei
|-supereffective|p2a: Entei
|-damage|p2a: Entei|0 fnt
|faint|p2a: Entei
|
|
|switch|p2a: Hydreigon|Hydreigon, F|325\/325
|turn|7
|J|innovamania
|
|move|p2a: Hydreigon|Draco Meteor|p1a: Zygarde
|-supereffective|p1a: Zygarde
|-damage|p1a: Zygarde|0 fnt
|-unboost|p2a: Hydreigon|spa|2
|faint|p1a: Zygarde
|
|
|switch|p1a: Machamp|Machamp, M|383\/383
|turn|8
|L|innovamania
|
|switch|p2a: Crobat|Crobat, F|373\/373
|move|p1a: Machamp|Dynamic Punch|p2a: Crobat
|-resisted|p2a: Crobat
|-damage|p2a: Crobat|315\/373
|-start|p2a: Crobat|confusion
|
|-heal|p2a: Crobat|338\/373|[from] item: Black Sludge
|turn|9
|
|-activate|p2a: Crobat|confusion
|-damage|p2a: Crobat|298\/373|[from] confusion
|move|p1a: Machamp|Stone Edge|p2a: Crobat
|-supereffective|p2a: Crobat
|-damage|p2a: Crobat|0 fnt
|faint|p2a: Crobat
|
|c|âSae|rip crobat
|
|switch|p2a: Jirachi|Jirachi|341\/341
|turn|10
|
|move|p2a: Jirachi|Zen Headbutt|p1a: Machamp
|-supereffective|p1a: Machamp
|-damage|p1a: Machamp|113\/383
|move|p1a: Machamp|Knock Off|p2a: Jirachi
|-crit|p2a: Jirachi
|-supereffective|p2a: Jirachi
|-damage|p2a: Jirachi|0 fnt
|-enditem|p2a: Jirachi|Choice Scarf|[from] move: Knock Off|[of] p1a: Machamp
|faint|p2a: Jirachi
|
|c|âChristoo|oooh sorry
|
|switch|p2a: Shaymin|Shaymin|341\/341
|turn|11
|c|âSae|i think i just lost because of that 
|L|asedVictory
|c|âChristoo|nah
|
|move|p2a: Shaymin|Dazzling Gleam|p1a: Machamp
|-supereffective|p1a: Machamp
|-damage|p1a: Machamp|0 fnt
|-damage|p2a: Shaymin|307\/341|[from] item: Life Orb
|faint|p1a: Machamp
|
|
|switch|p1a: Pidgeot|Pidgeot-Mega, F|174\/307
|turn|12
|c|âSae|yeah mega pidge means gg I think
|
|move|p1a: Pidgeot|Hurricane|p2a: Shaymin
|-supereffective|p2a: Shaymin
|-damage|p2a: Shaymin|0 fnt
|faint|p2a: Shaymin
|
|
|switch|p2a: Hydreigon|Hydreigon, F|325\/325
|turn|13
|
|move|p1a: Pidgeot|Protect|p1a: Pidgeot
|-singleturn|p1a: Pidgeot|Protect
|move|p2a: Hydreigon|Dark Pulse|p1a: Pidgeot
|-activate|p1a: Pidgeot|Protect
|
|turn|14
|
|switch|p2a: Swampert|Swampert, F|401\/401
|switch|p1a: Hydreigon|Hydreigon, F|325\/325
|
|turn|15
|
|move|p1a: Hydreigon|Draco Meteor|p2a: Swampert
|-damage|p2a: Swampert|2\/401
|-unboost|p1a: Hydreigon|spa|2
|move|p2a: Swampert|Ice Beam|p1a: Hydreigon
|-supereffective|p1a: Hydreigon
|-damage|p1a: Hydreigon|195\/325
|
|-heal|p2a: Swampert|27\/401|[from] item: Leftovers
|turn|16
|J|lanueba
|
|move|p1a: Hydreigon|Draco Meteor|p2a: Swampert
|-damage|p2a: Swampert|0 fnt
|-unboost|p1a: Hydreigon|spa|2
|faint|p2a: Swampert
|
|
|switch|p2a: Hydreigon|Hydreigon, F|325\/325
|turn|17
|
|switch|p1a: Pidgeot|Pidgeot-Mega, F|174\/307
|move|p2a: Hydreigon|Dark Pulse|p1a: Pidgeot
|-damage|p1a: Pidgeot|0 fnt
|faint|p1a: Pidgeot
|
|
|switch|p1a: Hydreigon|Hydreigon, F|195\/325
|turn|18
|
|move|p2a: Hydreigon|Dark Pulse|p1a: Hydreigon
|-resisted|p1a: Hydreigon
|-damage|p1a: Hydreigon|120\/325
|move|p1a: Hydreigon|Draco Meteor|p2a: Hydreigon
|-supereffective|p2a: Hydreigon
|-damage|p2a: Hydreigon|0 fnt
|-unboost|p1a: Hydreigon|spa|2
|faint|p2a: Hydreigon
|
|win|Christoo
|c|âChristoo|sorry for hax
|L|Red&Black Swan
|c|âChristoo|really
|c|âChristoo|that
|c|âSae|yeah
|c|âChristoo|was awful
|L|lanueba
|c|âSae|gg i guess
|c|âChristoo|"gg"
|c|âChristoo|gl
|L|Sae
|player|p2
|L|Christoo
|player|p1
|J|Sae