|join|bsuuuu
|join|QueenOfLuvdiscs
|player|p1|bsuuuu|43
|player|p2|QueenOfLuvdiscs|249
|gametype|singles
|gen|6
|tier|ORAS OU
|rated
|rule|Sleep Clause Mod: Limit one foe put to sleep
|rule|Species Clause: Limit one of each PokÃ©mon
|rule|OHKO Clause: OHKO moves are banned
|rule|Moody Clause: Moody is banned
|rule|Evasion Moves Clause: Evasion moves are banned
|rule|Endless Battle Clause: Forcing endless battles is banned
|rule|HP Percentage Mod: HP is shown in percentages
|clearpoke
|poke|p1|Beedrill, M
|poke|p1|Rotom-Wash
|poke|p1|Excadrill, M
|poke|p1|Tyranitar, M
|poke|p1|Landorus-Therian, M
|poke|p1|Greninja, F
|poke|p2|Diancie
|poke|p2|Greninja, F
|poke|p2|Skarmory, M
|poke|p2|Garchomp, M
|poke|p2|Rotom-Wash
|poke|p2|Jirachi
|rule|Swagger Clause: Swagger is banned
|rule|Baton Pass Clause: Limit one PokÃ©mon knowing Baton Pass
|teampreview
|join|iplaytennislol
|join|Funnelby
|
|start
|switch|p1a: Beedrill|Beedrill, M|271\/271
|switch|p2a: Rotom-Wash|Rotom-Wash|303\/303
|turn|1
|
|detailschange|p1a: Beedrill|Beedrill-Mega, M
|message|Beedrill has Mega Evolved into Mega Beedrill!
|move|p1a: Beedrill|U-turn|p2a: Rotom-Wash
|-damage|p2a: Rotom-Wash|145\/303
|join|The Goomy
|
|switch|p1a: Tyranitar|Tyranitar, M|403\/403
|-weather|Sandstorm
|move|p2a: Rotom-Wash|Will-O-Wisp|p1a: Tyranitar
|-status|p1a: Tyranitar|brn
|
|-weather|Sandstorm|[upkeep]
|-damage|p2a: Rotom-Wash|127\/303|[from] sandstorm
|-heal|p2a: Rotom-Wash|145\/303|[from] item: Leftovers
|-damage|p1a: Tyranitar|353\/403 brn|[from] brn
|turn|2
|
|switch|p2a: Garchomp|Garchomp, M|417\/417
|move|p1a: Tyranitar|Stealth Rock|p2a: Garchomp
|-sidestart|p2: QueenOfLuvdiscs|move: Stealth Rock
|
|-weather|Sandstorm|[upkeep]
|-damage|p1a: Tyranitar|303\/403 brn|[from] brn
|turn|3
|
|move|p1a: Tyranitar|Ice Beam|p2a: Garchomp
|-supereffective|p2a: Garchomp
|-damage|p2a: Garchomp|105\/417
|move|p2a: Garchomp|Dragon Tail|p1a: Tyranitar
|-damage|p1a: Tyranitar|227\/403 brn
|drag|p1a: Rotom-Wash|Rotom-Wash|303\/303
|
|-weather|Sandstorm|[upkeep]
|-damage|p1a: Rotom-Wash|285\/303|[from] sandstorm
|-heal|p1a: Rotom-Wash|303\/303|[from] item: Leftovers
|turn|4
|join|TheCanadianWifier
|
|move|p2a: Garchomp|Rest|p2a: Garchomp
|-status|p2a: Garchomp|slp
|-heal|p2a: Garchomp|417\/417 slp|[silent]
|-status|p2a: Garchomp|slp|[from] move: Rest
|move|p1a: Rotom-Wash|Hydro Pump|p2a: Garchomp
|-damage|p2a: Garchomp|236\/417 slp
|
|-weather|Sandstorm|[upkeep]
|-damage|p1a: Rotom-Wash|285\/303|[from] sandstorm
|-heal|p1a: Rotom-Wash|303\/303|[from] item: Leftovers
|turn|5
|
|switch|p2a: Jirachi|Jirachi|401\/401
|-damage|p2a: Jirachi|376\/401|[from] Stealth Rock
|move|p1a: Rotom-Wash|Volt Switch|p2a: Jirachi
|-damage|p2a: Jirachi|300\/401
|c| iplaytennislol|GO AHEAD
|c| iplaytennislol|AND
|c| iplaytennislol|GET
|c| iplaytennislol|PERDICKTED
|
|switch|p1a: Beedrill|Beedrill-Mega, M|271\/271
|
|-weather|Sandstorm|[upkeep]
|-damage|p1a: Beedrill|255\/271|[from] sandstorm
|-heal|p2a: Jirachi|325\/401|[from] item: Leftovers
|turn|6
|
|move|p1a: Beedrill|U-turn|p2a: Jirachi
|-damage|p2a: Jirachi|135\/401
|
|switch|p1a: Excadrill|Excadrill, M|361\/361
|move|p2a: Jirachi|Toxic|p1a: Excadrill
|-fail|p1a: Excadrill
|
|-weather|Sandstorm|[upkeep]
|-heal|p2a: Jirachi|160\/401|[from] item: Leftovers
|turn|7
|
|switch|p1a: Rotom-Wash|Rotom-Wash|303\/303
|switch|p2a: Skarmory|Skarmory, M|333\/333
|-damage|p2a: Skarmory|292\/333|[from] Stealth Rock
|
|-weather|Sandstorm|[upkeep]
|-damage|p1a: Rotom-Wash|285\/303|[from] sandstorm
|-heal|p1a: Rotom-Wash|303\/303|[from] item: Leftovers
|turn|8
|
|move|p1a: Rotom-Wash|Volt Switch|p2a: Skarmory
|-supereffective|p2a: Skarmory
|-damage|p2a: Skarmory|8\/333
|
|switch|p1a: Greninja|Greninja, F|285\/285
|move|p2a: Skarmory|Defog|p1a: Greninja
|-unboost|p1a: Greninja|evasion|1
|-sideend|p2: QueenOfLuvdiscs|Stealth Rock|[from] move: Defog|[of] p2a: Skarmory
|
|-weather|none
|turn|9
|
|move|p1a: Greninja|Scald|p2a: Skarmory
|-start|p1a: Greninja|typechange|Water|[from] Protean
|-damage|p2a: Skarmory|0 fnt
|-damage|p1a: Greninja|257\/285|[from] item: Life Orb
|faint|p2a: Skarmory
|
|
|switch|p2a: Rotom-Wash|Rotom-Wash|145\/303
|turn|10
|
|move|p1a: Greninja|U-turn|p2a: Rotom-Wash
|-start|p1a: Greninja|typechange|Bug|[from] Protean
|-damage|p2a: Rotom-Wash|58\/303
|-damage|p1a: Greninja|229\/285|[from] item: Life Orb
|
|switch|p1a: Tyranitar|Tyranitar, M|227\/403 brn
|-weather|Sandstorm
|move|p2a: Rotom-Wash|Volt Switch|p1a: Tyranitar
|-damage|p1a: Tyranitar|182\/403 brn
|
|switch|p2a: Greninja|Greninja, F|285\/285
|
|-weather|Sandstorm|[upkeep]
|-damage|p2a: Greninja|268\/285|[from] sandstorm
|-damage|p1a: Tyranitar|132\/403 brn|[from] brn
|turn|11
|
|move|p2a: Greninja|Hidden Power|p1a: Tyranitar
|-start|p2a: Greninja|typechange|Grass|[from] Protean
|-supereffective|p1a: Tyranitar
|-damage|p1a: Tyranitar|0 fnt
|-damage|p2a: Greninja|240\/285|[from] item: Life Orb
|faint|p1a: Tyranitar
|
|-weather|Sandstorm|[upkeep]
|-damage|p2a: Greninja|223\/285|[from] sandstorm
|
|switch|p1a: Landorus-Therian|Landorus-Therian, M|319\/319
|-ability|p1a: Landorus-Therian|Intimidate|[of] p2a: Greninja
|-unboost|p2a: Greninja|atk|1
|turn|12
|
|switch|p2a: Garchomp|Garchomp, M|236\/417 slp
|move|p1a: Landorus-Therian|U-turn|p2a: Garchomp
|-damage|p2a: Garchomp|164\/417 slp
|-damage|p1a: Landorus-Therian|280\/319|[from] ability: Rough Skin|[of] p2a: Garchomp
|-damage|p1a: Landorus-Therian|227\/319|[from] item: Rocky Helmet|[of] p2a: Garchomp
|
|switch|p1a: Greninja|Greninja, F|229\/285
|
|-weather|Sandstorm|[upkeep]
|-damage|p1a: Greninja|212\/285|[from] sandstorm
|turn|13
|
|move|p1a: Greninja|Ice Beam|p2a: Garchomp
|-start|p1a: Greninja|typechange|Ice|[from] Protean
|-supereffective|p2a: Garchomp
|-damage|p2a: Garchomp|0 fnt
|-damage|p1a: Greninja|184\/285|[from] item: Life Orb
|faint|p2a: Garchomp
|
|-weather|Sandstorm|[upkeep]
|-damage|p1a: Greninja|167\/285|[from] sandstorm
|
|switch|p2a: Greninja|Greninja, F|223\/285
|turn|14
|
|move|p2a: Greninja|Dark Pulse|p1a: Greninja
|-start|p2a: Greninja|typechange|Dark|[from] Protean
|-damage|p1a: Greninja|0 fnt
|-damage|p2a: Greninja|195\/285|[from] item: Life Orb
|faint|p1a: Greninja
|
|-weather|Sandstorm|[upkeep]
|-damage|p2a: Greninja|178\/285|[from] sandstorm
|
|switch|p1a: Landorus-Therian|Landorus-Therian, M|227\/319
|-ability|p1a: Landorus-Therian|Intimidate|[of] p2a: Greninja
|-unboost|p2a: Greninja|atk|1
|turn|15
|
|move|p1a: Landorus-Therian|U-turn|p2a: Greninja
|-supereffective|p2a: Greninja
|-damage|p2a: Greninja|0 fnt
|faint|p2a: Greninja
|
|switch|p1a: Beedrill|Beedrill-Mega, M|255\/271
|
|-weather|Sandstorm|[upkeep]
|-damage|p1a: Beedrill|239\/271|[from] sandstorm
|
|switch|p2a: Diancie|Diancie|257\/257
|turn|16
|leave|iplaytennislol
|
|move|p1a: Beedrill|U-turn|p2a: Diancie
|-resisted|p2a: Diancie
|-damage|p2a: Diancie|190\/257
|
|switch|p1a: Excadrill|Excadrill, M|361\/361
|move|p2a: Diancie|Earth Power|p1a: Excadrill
|-crit|p1a: Excadrill
|-supereffective|p1a: Excadrill
|-damage|p1a: Excadrill|91\/361
|
|-weather|Sandstorm|[upkeep]
|turn|17
|join|fate gilgamesh
|c| fate gilgamesh|hey queen
|join|irl cat
|
|detailschange|p2a: Diancie|Diancie-Mega
|message|Diancie has Mega Evolved into Mega Diancie!
|move|p1a: Excadrill|Iron Head|p2a: Diancie
|-supereffective|p2a: Diancie
|-damage|p2a: Diancie|0 fnt
|faint|p2a: Diancie
|
|-weather|none
|
|switch|p2a: Rotom-Wash|Rotom-Wash|58\/303
|turn|18
|join|Blittz
|
|move|p1a: Excadrill|Rock Slide|p2a: Rotom-Wash
|-damage|p2a: Rotom-Wash|0 fnt
|faint|p2a: Rotom-Wash
|
|
|switch|p2a: Jirachi|Jirachi|160\/401
|turn|19
|
|move|p1a: Excadrill|Earthquake|p2a: Jirachi
|-supereffective|p2a: Jirachi
|-damage|p2a: Jirachi|0 fnt
|faint|p2a: Jirachi
|
|win|bsuuuu
|raw|Ladder updating...
|raw|bsuuuu's rating: 1582 &rarr; <strong>1595<\/strong><br \/>(+13 for winning)
|raw|QueenOfLuvdiscs's rating: 1448 &rarr; <strong>1435<\/strong><br \/>(-13 for losing)
|c|âbsuuuu|gg
|leave|QueenOfLuvdiscs
|player|p2
|c| fate gilgamesh|aww