|join|bsuuuu
|join|R%5JdQsâ~
|player|p1|bsuuuu|43
|player|p2|R%5JdQsâ~|169
|gametype|singles
|gen|6
|tier|ORAS OU
|rated
|rule|Sleep Clause Mod: Limit one foe put to sleep
|rule|Species Clause: Limit one of each PokÃ©mon
|rule|OHKO Clause: OHKO moves are banned
|rule|Moody Clause: Moody is banned
|rule|Evasion Moves Clause: Evasion moves are banned
|rule|Endless Battle Clause: Forcing endless battles is banned
|rule|HP Percentage Mod: HP is shown in percentages
|clearpoke
|poke|p1|Salamence, M
|poke|p1|Klefki, F
|poke|p1|Latias, F
|poke|p1|Garchomp, F
|poke|p1|Magneton
|poke|p1|Azumarill, F
|poke|p2|Scizor, F
|poke|p2|Victini
|poke|p2|Thundurus, M
|poke|p2|Breloom, F
|poke|p2|Mew, shiny
|poke|p2|Kyurem-Black, shiny
|rule|Swagger Clause: Swagger is banned
|rule|Baton Pass Clause: Limit one PokÃ©mon knowing Baton Pass
|teampreview
|
|start
|switch|p1a: Garchomp|Garchomp, F|357\/357
|switch|p2a: Kyurem-Black|Kyurem-Black, shiny|391\/391
|-ability|p2a: Kyurem-Black|Teravolt
|turn|1
|join|stalkly3
|
|switch|p1a: Klefki|Klefki, F|317\/317
|move|p2a: Kyurem-Black|Ice Beam|p1a: Klefki
|-resisted|p1a: Klefki
|-damage|p1a: Klefki|221\/317
|
|turn|2
|
|switch|p2a: Mew|Mew, shiny|404\/404
|move|p1a: Klefki|Spikes|p2a: Mew
|-sidestart|p2: R%5JdQsâ~|Spikes
|
|turn|3
|
|move|p1a: Klefki|Thunder Wave|p2a: Mew
|-status|p2a: Mew|par
|-status|p1a: Klefki|par
|move|p2a: Mew|Stealth Rock|p1a: Klefki
|-sidestart|p1: bsuuuu|move: Stealth Rock
|
|turn|4
|
|cant|p1a: Klefki|par
|move|p2a: Mew|U-turn|p1a: Klefki
|-resisted|p1a: Klefki
|-damage|p1a: Klefki|207\/317 par
|
|switch|p2a: Thundurus|Thundurus, M|299\/299
|
|turn|5
|
|cant|p1a: Klefki|par
|move|p2a: Thundurus|Volt Switch|p1a: Klefki
|-damage|p1a: Klefki|107\/317 par
|
|switch|p2a: Mew|Mew, shiny|404\/404 par
|-damage|p2a: Mew|354\/404 par|[from] Spikes
|
|-heal|p2a: Mew|379\/404 par|[from] item: Leftovers
|turn|6
|
|move|p1a: Klefki|Spikes|p2a: Mew
|-sidestart|p2: R%5JdQsâ~|Spikes
|move|p2a: Mew|U-turn|p1a: Klefki
|-resisted|p1a: Klefki
|-damage|p1a: Klefki|93\/317 par
|
|switch|p2a: Thundurus|Thundurus, M|299\/299
|
|turn|7
|
|move|p1a: Klefki|Light Screen|p1a: Klefki
|-sidestart|p1: bsuuuu|move: Light Screen
|move|p2a: Thundurus|Volt Switch|p1a: Klefki
|-damage|p1a: Klefki|46\/317 par
|
|switch|p2a: Scizor|Scizor, F|343\/343
|-damage|p2a: Scizor|286\/343|[from] Spikes
|
|turn|8
|
|detailschange|p2a: Scizor|Scizor-Mega, F
|message|Scizor has Mega Evolved into Mega Scizor!
|cant|p1a: Klefki|par
|move|p2a: Scizor|Defog|p1a: Klefki
|-unboost|p1a: Klefki|evasion|1
|-sideend|p1: bsuuuu|move: Light Screen
|-sideend|p1: bsuuuu|Light Screen|[from] move: Defog|[of] p1a: Klefki
|-sideend|p1: bsuuuu|Stealth Rock|[from] move: Defog|[of] p1a: Klefki
|-sideend|p2: R%5JdQsâ~|Spikes|[from] move: Defog|[of] p2a: Scizor
|
|turn|9
|
|switch|p1a: Garchomp|Garchomp, F|357\/357
|move|p2a: Scizor|Bullet Punch|p1a: Garchomp
|-damage|p1a: Garchomp|258\/357
|-damage|p2a: Scizor|244\/343|[from] ability: Rough Skin|[of] p1a: Garchomp
|
|turn|10
|
|move|p1a: Garchomp|Stealth Rock|p2a: Scizor
|-sidestart|p2: R%5JdQsâ~|move: Stealth Rock
|move|p2a: Scizor|U-turn|p1a: Garchomp
|-damage|p1a: Garchomp|137\/357
|-damage|p2a: Scizor|202\/343|[from] ability: Rough Skin|[of] p1a: Garchomp
|
|switch|p2a: Mew|Mew, shiny|379\/404 par
|-damage|p2a: Mew|329\/404 par|[from] Stealth Rock
|
|-heal|p2a: Mew|354\/404 par|[from] item: Leftovers
|turn|11
|
|move|p1a: Garchomp|Swords Dance|p1a: Garchomp
|-boost|p1a: Garchomp|atk|2
|cant|p2a: Mew|par
|
|-heal|p2a: Mew|379\/404 par|[from] item: Leftovers
|turn|12
|
|move|p1a: Garchomp|Outrage|p2a: Mew
|-damage|p2a: Mew|21\/404 par
|move|p2a: Mew|Stealth Rock|p1a: Garchomp
|-sidestart|p1: bsuuuu|move: Stealth Rock
|
|-heal|p2a: Mew|46\/404 par|[from] item: Leftovers
|turn|13
|
|move|p1a: Garchomp|Outrage|p2a: Mew
|-damage|p2a: Mew|0 fnt
|faint|p2a: Mew
|
|-end|p1a: Garchomp|rampage
|-start|p1a: Garchomp|confusion
|
|switch|p2a: Thundurus|Thundurus, M|299\/299
|-damage|p2a: Thundurus|225\/299|[from] Stealth Rock
|-enditem|p1a: Garchomp|Lum Berry|[eat]
|-end|p1a: Garchomp|confusion
|turn|14
|
|switch|p1a: Magneton|Magneton|241\/241
|-damage|p1a: Magneton|226\/241|[from] Stealth Rock
|move|p2a: Thundurus|Hidden Power|p1a: Magneton
|-resisted|p1a: Magneton
|-damage|p1a: Magneton|184\/241
|
|-heal|p2a: Thundurus|243\/299|[from] item: Leftovers
|turn|15
|
|switch|p2a: Kyurem-Black|Kyurem-Black, shiny|391\/391
|-damage|p2a: Kyurem-Black|294\/391|[from] Stealth Rock
|-ability|p2a: Kyurem-Black|Teravolt
|move|p1a: Magneton|Volt Switch|p2a: Kyurem-Black
|-resisted|p2a: Kyurem-Black
|-damage|p2a: Kyurem-Black|235\/391
|
|switch|p1a: Garchomp|Garchomp, F|137\/357
|-damage|p1a: Garchomp|115\/357|[from] Stealth Rock
|
|turn|16
|
|move|p1a: Garchomp|Outrage|p2a: Kyurem-Black
|-supereffective|p2a: Kyurem-Black
|-damage|p2a: Kyurem-Black|0 fnt
|faint|p2a: Kyurem-Black
|
|
|switch|p2a: Thundurus|Thundurus, M|243\/299
|-damage|p2a: Thundurus|169\/299|[from] Stealth Rock
|turn|17
|
|move|p2a: Thundurus|Hidden Power|p1a: Garchomp
|-supereffective|p1a: Garchomp
|-damage|p1a: Garchomp|0 fnt
|faint|p1a: Garchomp
|
|-heal|p2a: Thundurus|187\/299|[from] item: Leftovers
|
|switch|p1a: Magneton|Magneton|184\/241
|-damage|p1a: Magneton|169\/241|[from] Stealth Rock
|turn|18
|
|move|p1a: Magneton|Thunderbolt|p2a: Thundurus
|-damage|p2a: Thundurus|4\/299
|move|p2a: Thundurus|Volt Switch|p1a: Magneton
|-resisted|p1a: Magneton
|-damage|p1a: Magneton|88\/241
|c|âbsuuuu|\/\/
|
|switch|p2a: Victini|Victini|341\/341
|-damage|p2a: Victini|256\/341|[from] Stealth Rock
|
|turn|19
|
|switch|p1a: Klefki|Klefki, F|46\/317 par
|-damage|p1a: Klefki|27\/317 par|[from] Stealth Rock
|move|p2a: Victini|V-create|p1a: Klefki
|-supereffective|p1a: Klefki
|-damage|p1a: Klefki|0 fnt
|-unboost|p2a: Victini|def|1
|-unboost|p2a: Victini|spd|1
|-unboost|p2a: Victini|spe|1
|faint|p1a: Klefki
|
|
|switch|p1a: Salamence|Salamence, M|331\/331
|-damage|p1a: Salamence|249\/331|[from] Stealth Rock
|-ability|p1a: Salamence|Intimidate|[of] p2a: Victini
|-unboost|p2a: Victini|atk|1
|turn|20
|
|detailschange|p1a: Salamence|Salamence-Mega, M
|message|Salamence has Mega Evolved into Mega Salamence!
|move|p1a: Salamence|Dragon Dance|p1a: Salamence
|-boost|p1a: Salamence|atk|1
|-boost|p1a: Salamence|spe|1
|move|p2a: Victini|V-create|p1a: Salamence
|-resisted|p1a: Salamence
|-damage|p1a: Salamence|132\/331
|-unboost|p2a: Victini|def|1
|-unboost|p2a: Victini|spd|1
|-unboost|p2a: Victini|spe|1
|
|turn|21
|
|move|p1a: Salamence|Frustration|p2a: Victini
|-damage|p2a: Victini|0 fnt
|faint|p2a: Victini
|
|
|switch|p2a: Scizor|Scizor-Mega, F|202\/343
|-damage|p2a: Scizor|160\/343|[from] Stealth Rock
|turn|22
|
|move|p2a: Scizor|Bullet Punch|p1a: Salamence
|-damage|p1a: Salamence|51\/331
|move|p1a: Salamence|Frustration|p2a: Scizor
|-damage|p2a: Scizor|0 fnt
|faint|p2a: Scizor
|
|-message|R%5JdQsâ~ forfeited.
|
|win|bsuuuu
|raw|Ladder updating...
|leave|R%5JdQsâ~
|player|p2