|join|bsuuuu
|join|swag116
|player|p1|bsuuuu|43
|player|p2|swag116|76
|gametype|singles
|gen|6
|tier|ORAS OU
|rated
|rule|Sleep Clause Mod: Limit one foe put to sleep
|rule|Species Clause: Limit one of each PokÃ©mon
|rule|OHKO Clause: OHKO moves are banned
|rule|Moody Clause: Moody is banned
|rule|Evasion Moves Clause: Evasion moves are banned
|rule|Endless Battle Clause: Forcing endless battles is banned
|rule|HP Percentage Mod: HP is shown in percentages
|clearpoke
|poke|p1|Beedrill, M
|poke|p1|Rotom-Wash
|poke|p1|Excadrill, F
|poke|p1|Tyranitar, M
|poke|p1|Landorus-Therian, M
|poke|p1|Greninja, M
|poke|p2|Sceptile, M
|poke|p2|Skarmory, F
|poke|p2|Tyranitar, F
|poke|p2|Rotom-Wash
|poke|p2|Talonflame, M
|poke|p2|Sylveon, M
|rule|Swagger Clause: Swagger is banned
|rule|Baton Pass Clause: Limit one PokÃ©mon knowing Baton Pass
|teampreview
|c|âbsuuuu|i lost
|
|start
|switch|p1a: Beedrill|Beedrill, M|271\/271
|switch|p2a: Sceptile|Sceptile, M|282\/282
|turn|1
|
|detailschange|p2a: Sceptile|Sceptile-Mega, M
|message|Sceptile has Mega Evolved into Mega Sceptile!
|detailschange|p1a: Beedrill|Beedrill-Mega, M
|message|Beedrill has Mega Evolved into Mega Beedrill!
|move|p1a: Beedrill|Protect|p1a: Beedrill
|-singleturn|p1a: Beedrill|Protect
|move|p2a: Sceptile|Substitute|p2a: Sceptile
|-start|p2a: Sceptile|Substitute
|-damage|p2a: Sceptile|212\/282
|
|turn|2
|
|move|p2a: Sceptile|Dragon Pulse|p1a: Beedrill
|-damage|p1a: Beedrill|70\/271
|move|p1a: Beedrill|U-turn|p2a: Sceptile
|-supereffective|p2a: Sceptile
|-end|p2a: Sceptile|Substitute
|
|switch|p1a: Landorus-Therian|Landorus-Therian, M|319\/319
|-ability|p1a: Landorus-Therian|Intimidate|[of] p2a: Sceptile
|-unboost|p2a: Sceptile|atk|1
|
|turn|3
|
|switch|p2a: Skarmory|Skarmory, F|328\/328
|move|p1a: Landorus-Therian|U-turn|p2a: Skarmory
|-resisted|p2a: Skarmory
|-damage|p2a: Skarmory|314\/328
|-damage|p1a: Landorus-Therian|266\/319|[from] item: Rocky Helmet|[of] p2a: Skarmory
|
|switch|p1a: Tyranitar|Tyranitar, M|403\/403
|-weather|Sandstorm
|
|-weather|Sandstorm|[upkeep]
|turn|4
|
|switch|p2a: Tyranitar|Tyranitar, F|388\/388
|move|p1a: Tyranitar|Fire Blast|p2a: Tyranitar
|-resisted|p2a: Tyranitar
|-damage|p2a: Tyranitar|368\/388
|
|-weather|Sandstorm|[upkeep]
|-heal|p2a: Tyranitar|388\/388|[from] item: Leftovers
|turn|5
|
|move|p2a: Tyranitar|Stealth Rock|p1a: Tyranitar
|-sidestart|p1: bsuuuu|move: Stealth Rock
|move|p1a: Tyranitar|Stealth Rock|p2a: Tyranitar
|-sidestart|p2: swag116|move: Stealth Rock
|
|-weather|Sandstorm|[upkeep]
|turn|6
|
|switch|p1a: Excadrill|Excadrill, F|361\/361
|-damage|p1a: Excadrill|350\/361|[from] Stealth Rock
|move|p2a: Tyranitar|Earthquake|p1a: Excadrill
|-supereffective|p1a: Excadrill
|-damage|p1a: Excadrill|48\/361
|
|-weather|Sandstorm|[upkeep]
|turn|7
|
|switch|p2a: Skarmory|Skarmory, F|314\/328
|-damage|p2a: Skarmory|273\/328|[from] Stealth Rock
|move|p1a: Excadrill|Rapid Spin|p2a: Skarmory
|-resisted|p2a: Skarmory
|-damage|p2a: Skarmory|265\/328
|-damage|p1a: Excadrill|0 fnt|[from] item: Rocky Helmet|[of] p2a: Skarmory
|faint|p1a: Excadrill
|
|-weather|Sandstorm|[upkeep]
|
|switch|p1a: Greninja|Greninja, M|285\/285
|-damage|p1a: Greninja|250\/285|[from] Stealth Rock
|turn|8
|
|switch|p2a: Rotom-Wash|Rotom-Wash|288\/288
|-damage|p2a: Rotom-Wash|252\/288|[from] Stealth Rock
|move|p1a: Greninja|Ice Beam|p2a: Rotom-Wash
|-start|p1a: Greninja|typechange|Ice|[from] Protean
|-resisted|p2a: Rotom-Wash
|-damage|p2a: Rotom-Wash|174\/288
|-status|p2a: Rotom-Wash|frz
|-damage|p1a: Greninja|222\/285|[from] item: Life Orb
|
|-weather|Sandstorm|[upkeep]
|-damage|p1a: Greninja|205\/285|[from] sandstorm
|-damage|p2a: Rotom-Wash|156\/288 frz|[from] sandstorm
|turn|9
|
|switch|p2a: Sylveon|Sylveon, M|386\/386
|-damage|p2a: Sylveon|338\/386|[from] Stealth Rock
|move|p1a: Greninja|U-turn|p2a: Sylveon
|-start|p1a: Greninja|typechange|Bug|[from] Protean
|-resisted|p2a: Sylveon
|-damage|p2a: Sylveon|267\/386
|-damage|p1a: Greninja|177\/285|[from] item: Life Orb
|
|switch|p1a: Landorus-Therian|Landorus-Therian, M|266\/319
|-damage|p1a: Landorus-Therian|227\/319|[from] Stealth Rock
|-ability|p1a: Landorus-Therian|Intimidate|[of] p2a: Sylveon
|-unboost|p2a: Sylveon|atk|1
|
|-weather|Sandstorm|[upkeep]
|-damage|p2a: Sylveon|243\/386|[from] sandstorm
|-heal|p2a: Sylveon|267\/386|[from] item: Leftovers
|turn|10
|
|move|p2a: Sylveon|Protect|p2a: Sylveon
|-singleturn|p2a: Sylveon|Protect
|move|p1a: Landorus-Therian|Knock Off|p2a: Sylveon
|-activate|p2a: Sylveon|Protect
|
|-weather|none
|-heal|p2a: Sylveon|291\/386|[from] item: Leftovers
|turn|11
|
|move|p1a: Landorus-Therian|Knock Off|p2a: Sylveon
|-resisted|p2a: Sylveon
|-damage|p2a: Sylveon|190\/386
|-enditem|p2a: Sylveon|Leftovers|[from] move: Knock Off|[of] p1a: Landorus-Therian
|move|p2a: Sylveon|Wish|p2a: Sylveon
|
|turn|12
|
|switch|p1a: Beedrill|Beedrill-Mega, M|70\/271
|-damage|p1a: Beedrill|3\/271|[from] Stealth Rock
|switch|p2a: Sceptile|Sceptile-Mega, M|212\/282
|-damage|p2a: Sceptile|177\/282|[from] Stealth Rock
|
|-heal|p2a: Sceptile|282\/282|[from] move: Wish|[wisher] Sylveon
|turn|13
|
|move|p1a: Beedrill|Poison Jab|p2a: Sceptile
|-supereffective|p2a: Sceptile
|-damage|p2a: Sceptile|0 fnt
|faint|p2a: Sceptile
|
|
|switch|p2a: Skarmory|Skarmory, F|265\/328
|-damage|p2a: Skarmory|224\/328|[from] Stealth Rock
|turn|14
|
|move|p1a: Beedrill|Knock Off|p2a: Skarmory
|-damage|p2a: Skarmory|148\/328
|-damage|p1a: Beedrill|0 fnt|[from] item: Rocky Helmet|[of] p2a: Skarmory
|faint|p1a: Beedrill
|move|p2a: Skarmory|Defog|p1: Beedrill|[notarget]
|-notarget
|
|
|switch|p1a: Greninja|Greninja, M|177\/285
|-damage|p1a: Greninja|142\/285|[from] Stealth Rock
|turn|15
|
|move|p1a: Greninja|Scald|p2a: Skarmory
|-start|p1a: Greninja|typechange|Water|[from] Protean
|-damage|p2a: Skarmory|0 fnt
|-damage|p1a: Greninja|114\/285|[from] item: Life Orb
|faint|p2a: Skarmory
|
|
|switch|p2a: Sylveon|Sylveon, M|190\/386
|-damage|p2a: Sylveon|142\/386|[from] Stealth Rock
|turn|16
|
|move|p1a: Greninja|Gunk Shot|p2a: Sylveon
|-start|p1a: Greninja|typechange|Poison|[from] Protean
|-supereffective|p2a: Sylveon
|-damage|p2a: Sylveon|0 fnt
|-damage|p1a: Greninja|86\/285|[from] item: Life Orb
|faint|p2a: Sylveon
|
|-message|swag116 forfeited.
|
|win|bsuuuu
|raw|Ladder updating...
|leave|swag116
|player|p2
|raw|bsuuuu's rating: 1535 &rarr; <strong>1547<\/strong><br \/>(+12 for winning)
|raw|swag116's rating: 1385 &rarr; <strong>1373<\/strong><br \/>(-12 for losing)