|join|Reverb
|join|bsuuuu
|player|p1|Reverb|#reverb
|player|p2|bsuuuu|43
|gametype|singles
|gen|6
|tier|ORAS OU
|rated
|rule|Sleep Clause Mod: Limit one foe put to sleep
|rule|Species Clause: Limit one of each PokÃ©mon
|rule|OHKO Clause: OHKO moves are banned
|rule|Moody Clause: Moody is banned
|rule|Evasion Moves Clause: Evasion moves are banned
|rule|Endless Battle Clause: Forcing endless battles is banned
|rule|HP Percentage Mod: HP is shown in percentages
|clearpoke
|poke|p1|Landorus-Therian, M
|poke|p1|Conkeldurr, M
|poke|p1|Magnezone
|poke|p1|Azumarill, F
|poke|p1|Salamence, F
|poke|p1|Empoleon, F
|poke|p2|Salamence, F
|poke|p2|Klefki, F
|poke|p2|Latias, F
|poke|p2|Garchomp, M
|poke|p2|Magneton
|poke|p2|Azumarill, M
|rule|Swagger Clause: Swagger is banned
|rule|Baton Pass Clause: Limit one PokÃ©mon knowing Baton Pass
|teampreview
|join|jacksoras
|join|Zamrock
|
|start
|switch|p1a: Azumarill|Azumarill, F|349\/349
|switch|p2a: Garchomp|Garchomp, M|357\/357
|turn|1
|join|Dallaren
|join|gilbert1
|join|Calloflochie
|c| Zamrock|that team almost looks like bengays
|c| Dallaren|yea and same avvatar too
|c| Dallaren|but it isnt :x
|c| Zamrock|rip
|c|âReverb|it isnt him
|c|âReverb|but i can tell you
|c| Calloflochie|at least
|c| Calloflochie|it's a fair battle
|c|âReverb|he goes to a good college
|c| Calloflochie|both players using mega mence
|c|âReverb|based on his ip
|c| Dallaren|wtf
|c| Dallaren|lool
|c|âbsuuuu|o hey u played joey 
|c| Calloflochie|when is mega mence getting banned
|c|âReverb|me?
|c| Zamrock|reverb ur a creep
|c| Zamrock|lmao
|join|noobs4life
|
|switch|p2a: Magneton|Magneton|241\/241
|move|p1a: Azumarill|Play Rough|p2a: Magneton
|-resisted|p2a: Magneton
|-damage|p2a: Magneton|99\/241
|
|turn|2
|join|Prankster
|c|âReverb|bsuuuu, i was in a clan with joey liek 5 years ago
|c|âReverb|called MD
|join|Rewer
|c|âReverb|hence pokeaimMD
|c| noobs4life|send mega salamence pls lel
|join|watfor
|c| Prankster|i was there too
|c| Prankster|!
|c|âReverb|prankster was there too
|c|âReverb|yes
|c| Prankster|i was co-leader
|
|switch|p1a: Landorus-Therian|Landorus-Therian, M|327\/327
|-ability|p1a: Landorus-Therian|Intimidate|[of] p2a: Magneton
|-unboost|p2a: Magneton|atk|1
|move|p2a: Magneton|Flash Cannon|p1a: Landorus-Therian
|-damage|p1a: Landorus-Therian|158\/327
|-unboost|p1a: Landorus-Therian|spd|1
|
|turn|3
|c| Zamrock|<----
|c| Zamrock|I was in it too...
|c|âReverb|and so was zamrock
|c| Zamrock|u fuck
|c| Zamrock|oml
|
|move|p1a: Landorus-Therian|U-turn|p2a: Magneton
|-resisted|p2a: Magneton
|-damage|p2a: Magneton|53\/241
|
|switch|p1a: Magnezone|Magnezone|282\/282
|move|p2a: Magneton|Flash Cannon|p1a: Magnezone
|-resisted|p1a: Magnezone
|-damage|p1a: Magnezone|246\/282
|
|turn|4
|c| Zamrock|i get no respect
|c| Zamrock|anymore
|
|move|p2a: Magneton|Flash Cannon|p1a: Magnezone
|-resisted|p1a: Magnezone
|-damage|p1a: Magnezone|209\/282
|move|p1a: Magnezone|Volt Switch|p2a: Magneton
|-resisted|p2a: Magneton
|-damage|p2a: Magneton|0 fnt
|faint|p2a: Magneton
|
|switch|p1a: Azumarill|Azumarill, F|349\/349
|
|c| Zamrock|Dice just called me a usless tutor
|c| Dallaren|wait, youve played this game for 5 yrs zzam?
|c| Zamrock|!
|c| Dallaren|wtf
|leave|Rewer
|c| Zamrock|i like
|
|switch|p2a: Garchomp|Garchomp, M|357\/357
|turn|5
|c| Calloflochie|u r
|c| Zamrock|played DPP when it came up
|c|âReverb|since 2008 hoe
|
|move|p2a: Garchomp|Earthquake|p1a: Azumarill
|-damage|p1a: Azumarill|145\/349
|move|p1a: Azumarill|Play Rough|p2a: Garchomp
|-supereffective|p2a: Garchomp
|-damage|p2a: Garchomp|0 fnt
|-damage|p1a: Azumarill|102\/349|[from] ability: Rough Skin|[of] p2a: Garchomp
|faint|p2a: Garchomp
|
|c| Zamrock|quit for 2-3 years
|c| Zamrock|and came back
|c| Calloflochie|useless Zam
|
|switch|p2a: Salamence|Salamence, F|331\/331
|-ability|p2a: Salamence|Intimidate|[of] p1a: Azumarill
|-unboost|p1a: Azumarill|atk|1
|turn|6
|
|detailschange|p2a: Salamence|Salamence-Mega, F
|message|Salamence has Mega Evolved into Mega Salamence!
|move|p2a: Salamence|Frustration|p1a: Azumarill
|-damage|p1a: Azumarill|0 fnt
|faint|p1a: Azumarill
|
|c| Zamrock|i can always count
|
|switch|p1a: Salamence|Salamence, F|331\/331
|-ability|p1a: Salamence|Intimidate|[of] p2a: Salamence
|-unboost|p2a: Salamence|atk|1
|turn|7
|c| Prankster|im an og meanie
|c| Zamrock|on Cam
|c| noobs4life|oh yes
|c| Prankster|6 years strong
|c| Zamrock|to cheer me up
|
|detailschange|p1a: Salamence|Salamence-Mega, F
|message|Salamence has Mega Evolved into Mega Salamence!
|move|p2a: Salamence|Dragon Claw|p1a: Salamence
|-supereffective|p1a: Salamence
|-damage|p1a: Salamence|169\/331
|move|p1a: Salamence|Frustration|p2a: Salamence
|-damage|p2a: Salamence|127\/331
|
|turn|8
|c|âReverb|who is cam?
|c| Zamrock|tbh, i joined L2K when MD was dying...
|c|âbsuuuu|so little
|c| gilbert1|How damn bulk is that
|
|switch|p2a: Klefki|Klefki, F|317\/317
|move|p1a: Salamence|Frustration|p2a: Klefki
|-resisted|p2a: Klefki
|-damage|p2a: Klefki|180\/317
|
|turn|9
|c| Prankster|Fuck you Zam
|
|switch|p1a: Empoleon|Empoleon, F|371\/371
|switch|p2a: Salamence|Salamence-Mega, F|127\/331
|
|turn|10
|c| Zamrock|hello? lol
|c| gilbert1|DD flail mence would be funy
|c| noobs4life|oooh
|c| gilbert1|funny
|c| Prankster|Metabeast and I were rivals
|
|move|p2a: Salamence|Earthquake|p1a: Empoleon
|-supereffective|p1a: Empoleon
|-damage|p1a: Empoleon|153\/371
|move|p1a: Empoleon|Roar|p2a: Salamence
|drag|p2a: Azumarill|Azumarill, M|403\/403
|
|-heal|p1a: Empoleon|176\/371|[from] item: Leftovers
|turn|11
|c|âReverb|cant learn flail
|c| Dallaren|wasnt that shakes clan
|c| Zamrock|Metabeast was an asshole to me
|c| Dallaren|or something
|c| Zamrock|but then
|c| Zamrock|liked me
|c| Prankster|He never beat me though
|c| Zamrock|idk why
|c| Zamrock|LOL
|
|move|p1a: Empoleon|Stealth Rock|p2a: Azumarill
|-sidestart|p2: bsuuuu|move: Stealth Rock
|move|p2a: Azumarill|Knock Off|p1a: Empoleon
|-damage|p1a: Empoleon|51\/371
|-enditem|p1a: Empoleon|Leftovers|[from] move: Knock Off|[of] p2a: Azumarill
|
|turn|12
|c| gilbert1|would be funny if it could though
|c| Prankster|It's on youtube!
|c| Dallaren|was shake in i?
|c| Dallaren|cause his PO name is metabeast
|c| Prankster|in like 240p because i didnt know how to record back then
|
|move|p1a: Empoleon|Scald|p2a: Azumarill
|-resisted|p2a: Azumarill
|-damage|p2a: Azumarill|347\/403
|-status|p2a: Azumarill|brn
|move|p2a: Azumarill|Waterfall|p1a: Empoleon
|-resisted|p1a: Empoleon
|-damage|p1a: Empoleon|18\/371
|
|-damage|p2a: Azumarill|297\/403 brn|[from] brn
|turn|13
|c| Zamrock|n
|c|âbsuuuu|cri
|c| Zamrock|this was
|c|âReverb|sry
|
|move|p1a: Empoleon|Scald|p2a: Azumarill
|-resisted|p2a: Azumarill
|-damage|p2a: Azumarill|232\/403 brn
|move|p2a: Azumarill|Waterfall|p1a: Empoleon
|-resisted|p1a: Empoleon
|-damage|p1a: Empoleon|0 fnt
|faint|p1a: Empoleon
|
|-damage|p2a: Azumarill|182\/403 brn|[from] brn
|c| Zamrock|be4 shake was even noticed
|c| noobs4life|ga
|c| Prankster|dallaren shake didnt exist back then
|join|MoldyLunchbox
|c| Dallaren|then why is shakes PO name [vod]metabeast?
|
|switch|p1a: Magnezone|Magnezone|209\/282
|turn|14
|c| Prankster|idk
|
|move|p1a: Magnezone|Volt Switch|p2a: Azumarill
|-supereffective|p2a: Azumarill
|-damage|p2a: Azumarill|0 fnt
|faint|p2a: Azumarill
|c| Zamrock|it's shake, who gives a fuck
|c| Prankster|metabeast is black tho
|
|switch|p1a: Landorus-Therian|Landorus-Therian, M|158\/327
|
|c| Zamrock|yh
|c| Prankster|ive heard his voice and shit
|
|switch|p2a: Klefki|Klefki, F|180\/317
|-damage|p2a: Klefki|161\/317|[from] Stealth Rock
|turn|15
|c| Prankster|it aint shake
|
|move|p2a: Klefki|Reflect|p2a: Klefki
|-sidestart|p2: bsuuuu|Reflect
|move|p1a: Landorus-Therian|U-turn|p2a: Klefki
|-resisted|p2a: Klefki
|-damage|p2a: Klefki|149\/317
|
|switch|p1a: Magnezone|Magnezone|209\/282
|
|turn|16
|c| Zamrock|Metabeast was leader of L2K when purplesurge was good back then
|
|move|p2a: Klefki|Light Screen|p2a: Klefki
|-sidestart|p2: bsuuuu|move: Light Screen
|move|p1a: Magnezone|Volt Switch|p2a: Klefki
|-damage|p2a: Klefki|101\/317
|
|switch|p1a: Landorus-Therian|Landorus-Therian, M|158\/327
|-ability|p1a: Landorus-Therian|Intimidate|[of] p2a: Klefki
|-unboost|p2a: Klefki|atk|1
|
|turn|17
|c| Zamrock|i think MD n L2K were the best clans
|c| Zamrock|back then
|leave|noobs4life
|c| Prankster|UA was pretty good
|
|move|p2a: Klefki|Spikes|p1a: Landorus-Therian
|-sidestart|p1: Reverb|Spikes
|move|p1a: Landorus-Therian|U-turn|p2a: Klefki
|-resisted|p2a: Klefki
|-damage|p2a: Klefki|89\/317
|c| Zamrock|oh yh UA
|c| Prankster|but dtm was only good battler
|
|switch|p1a: Salamence|Salamence-Mega, F|169\/331
|
|turn|18
|c| gilbert1|keep switching back and forth to mag
|c| Zamrock|forgot about them
|join|Aloha
|c| gilbert1|haha
|c| Prankster|with alex
|
|move|p2a: Klefki|Thunder Wave|p1a: Salamence
|-status|p1a: Salamence|par
|cant|p1a: Salamence|par
|
|turn|19
|
|move|p2a: Klefki|Spikes|p1a: Salamence
|-sidestart|p1: Reverb|Spikes
|move|p1a: Salamence|Substitute|p1a: Salamence
|-start|p1a: Salamence|Substitute
|-damage|p1a: Salamence|87\/331 par
|
|turn|20
|c|âbsuuuu|cri
|
|switch|p2a: Latias|Latias, F|301\/301
|-damage|p2a: Latias|264\/301|[from] Stealth Rock
|cant|p1a: Salamence|par
|
|turn|21
|c| Zamrock|1 of my frens lost a war fight and
|c| Zamrock|his opponent had
|c| Zamrock|Tarous
|
|move|p2a: Latias|Draco Meteor|p1a: Salamence
|-supereffective|p1a: Salamence
|-end|p1a: Salamence|Substitute
|-unboost|p2a: Latias|spa|2
|-damage|p2a: Latias|234\/301|[from] item: Life Orb
|move|p1a: Salamence|Frustration|p2a: Latias
|-damage|p2a: Latias|87\/301
|
|turn|22
|c| Zamrock|and a noctowl
|c| Zamrock|and curshed him
|c| Zamrock|-
|
|move|p2a: Latias|Defog|p1a: Salamence
|-unboost|p1a: Salamence|evasion|1
|-sideend|p1: Reverb|Spikes|[from] move: Defog|[of] p1a: Salamence
|-sideend|p2: bsuuuu|Stealth Rock|[from] move: Defog|[of] p2a: Latias
|move|p1a: Salamence|Frustration|p2a: Latias
|-damage|p2a: Latias|0 fnt
|faint|p2a: Latias
|
|-sideend|p2: bsuuuu|Reflect
|c| Zamrock|this was like MD v some random new clan
|c| Prankster|im the only md member to not lose a war back then
|c| Zamrock|was p embarassing
|
|switch|p2a: Salamence|Salamence-Mega, F|127\/331
|turn|23
|c| Prankster|i have video proof of every match
|
|move|p2a: Salamence|Frustration|p1a: Salamence
|-damage|p1a: Salamence|0 fnt
|faint|p1a: Salamence
|
|-sideend|p2: bsuuuu|move: Light Screen
|c| Prankster|*war match
|c|âbsuuuu|hm
|c| Zamrock|Max, do you remeber Hades?
|
|switch|p1a: Landorus-Therian|Landorus-Therian, M|158\/327
|-ability|p1a: Landorus-Therian|Intimidate|[of] p2a: Salamence
|-unboost|p2a: Salamence|atk|1
|turn|24
|c| Prankster|yeah
|c| Zamrock|he was such a poopyhead
|c| Zamrock|LMAO
|join|Studying
|c| Zamrock|fagg0t*
|
|switch|p2a: Klefki|Klefki, F|89\/317
|move|p1a: Landorus-Therian|Stone Edge|p2a: Klefki
|-resisted|p2a: Klefki
|-damage|p2a: Klefki|16\/317
|
|turn|25
|c| Prankster|my greatest was when dragez had to go
|c| Prankster|and i had to play both champ and meta
|
|switch|p1a: Magnezone|Magnezone|209\/282
|move|p2a: Klefki|Reflect|p2a: Klefki
|-sidestart|p2: bsuuuu|Reflect
|
|turn|26
|join|lil manaphy
|join|haxbat
|c| Prankster|beat them both same team while streaming
|join|illestt
|c| Zamrock|I miss Jasmine
|c| Zamrock|i had
|c| Prankster|jasmine was a boy
|c| Zamrock|a crush on her
|c| Zamrock|-
|c| Prankster|and we proved it
|c| Zamrock|WAIT
|c| Zamrock|WHAT
|c| Zamrock|-
|join|Emma Bae
|c| Dallaren|LOL
|c| Zamrock|fuck this shit
|c| Zamrock|im done
|c| illestt|volt switch
|c| Prankster|remember when youtube
|c| gilbert1|Rekt
|c| Prankster|changed it
|c| Zamrock|no
|join|daftmau5
|c| Prankster|and revealed first names and shit
|
|move|p2a: Klefki|Light Screen|p2a: Klefki
|-sidestart|p2: bsuuuu|move: Light Screen
|move|p1a: Magnezone|Volt Switch|p2a: Klefki
|-damage|p2a: Klefki|0 fnt
|faint|p2a: Klefki
|c| Zamrock|i just got an asian pic of a girl
|
|switch|p1a: Landorus-Therian|Landorus-Therian, M|158\/327
|
|c| Zamrock|and niggas said
|c| MoldyLunchbox|â rekt â not rekt â Tyrannosaurus rekt
|c| Zamrock|that was jasmine
|
|switch|p2a: Salamence|Salamence-Mega, F|127\/331
|turn|27
|c| illestt|explosion
|
|move|p1a: Landorus-Therian|Explosion|p2a: Salamence
|-damage|p2a: Salamence|4\/331
|faint|p1a: Landorus-Therian
|move|p2a: Salamence|Dragon Dance|p2a: Salamence
|-boost|p2a: Salamence|atk|1
|-boost|p2a: Salamence|spe|1
|
|c| illestt|boom
|join|fingerscrossed
|c|âReverb|lol
|c| haxbat|LOOOOOOOOOOOOOOOL
|c|âReverb|doesnt die
|
|switch|p1a: Conkeldurr|Conkeldurr, M|365\/365
|turn|28
|c|âbsuuuu|mach punch plz
|leave|fingerscrossed
|c|âReverb|gg
|
|move|p1a: Conkeldurr|Mach Punch|p2a: Salamence
|-resisted|p2a: Salamence
|-damage|p2a: Salamence|0 fnt
|faint|p2a: Salamence
|
|win|Reverb
|raw|Ladder updating...
|c| haxbat|inb4machpunchdoesntkill
|raw|Reverb's rating: 1510 &rarr; <strong>1521<\/strong><br \/>(+11 for winning)
|raw|bsuuuu's rating: 1353 &rarr; <strong>1342<\/strong><br \/>(-11 for losing)
|c| MoldyLunchbox|1%
|c| Prankster|jasmine's name on yt was harry and someone found out it was an asian fashion star
|c|âbsuuuu|:[[[[
|c| Prankster|with the pics
|leave|Studying
|c| gilbert1|funny if it did 1%
|leave|illestt
|c| Zamrock|how gay
|leave|haxbat
|c| Zamrock|and unfortunate
|join|haxbat
|leave|Zamrock
|leave|Aloha
|leave|bsuuuu
|player|p2
|leave|Prankster
|leave|haxbat