|join|bsuuuu
|join|WECAMEASROMANS
|player|p1|bsuuuu|43
|player|p2|WECAMEASROMANS|257
|gametype|singles
|gen|6
|tier|ORAS OU
|rated
|rule|Sleep Clause Mod: Limit one foe put to sleep
|rule|Species Clause: Limit one of each PokÃ©mon
|rule|OHKO Clause: OHKO moves are banned
|rule|Moody Clause: Moody is banned
|rule|Evasion Moves Clause: Evasion moves are banned
|rule|Endless Battle Clause: Forcing endless battles is banned
|rule|HP Percentage Mod: HP is shown in percentages
|clearpoke
|poke|p1|Celebi
|poke|p1|Salamence, M
|poke|p1|Dugtrio, M
|poke|p1|Greninja, F
|poke|p1|Thundurus, M
|poke|p1|Skarmory, F
|poke|p2|Thundurus, M
|poke|p2|Magnezone
|poke|p2|Terrakion
|poke|p2|Latias, F
|poke|p2|Gyarados, M
|poke|p2|Kyurem-Black
|rule|Swagger Clause: Swagger is banned
|rule|Baton Pass Clause: Limit one PokÃ©mon knowing Baton Pass
|teampreview
|
|start
|switch|p1a: Salamence|Salamence, M|351\/351
|switch|p2a: Terrakion|Terrakion|323\/323
|-ability|p1a: Salamence|Intimidate|[of] p2a: Terrakion
|-unboost|p2a: Terrakion|atk|1
|turn|1
|
|detailschange|p1a: Salamence|Salamence-Mega, M
|message|Salamence has Mega Evolved into Mega Salamence!
|move|p2a: Terrakion|Stealth Rock|p1a: Salamence
|-sidestart|p1: bsuuuu|move: Stealth Rock
|move|p1a: Salamence|Frustration|p2a: Terrakion
|-crit|p2a: Terrakion
|-enditem|p2a: Terrakion|Focus Sash
|-damage|p2a: Terrakion|1\/323
|
|turn|2
|
|move|p1a: Salamence|Dragon Dance|p1a: Salamence
|-boost|p1a: Salamence|atk|1
|-boost|p1a: Salamence|spe|1
|move|p2a: Terrakion|Stone Edge|p1a: Salamence
|-supereffective|p1a: Salamence
|-damage|p1a: Salamence|151\/351
|
|turn|3
|
|move|p1a: Salamence|Roost|p1a: Salamence
|-heal|p1a: Salamence|327\/351
|move|p2a: Terrakion|Stone Edge|p1a: Salamence|[miss]
|-miss|p2a: Terrakion|p1a: Salamence
|
|turn|4
|
|move|p1a: Salamence|Frustration|p2a: Terrakion
|-damage|p2a: Terrakion|0 fnt
|faint|p2a: Terrakion
|
|
|switch|p2a: Thundurus|Thundurus, M|299\/299
|turn|5
|
|switch|p1a: Dugtrio|Dugtrio, M|211\/211
|-damage|p1a: Dugtrio|198\/211|[from] Stealth Rock
|move|p2a: Thundurus|Thunder Wave|p1a: Dugtrio
|-immune|p1a: Dugtrio|[msg]
|
|turn|6
|
|move|p1a: Dugtrio|Stealth Rock|p2a: Thundurus
|-sidestart|p2: WECAMEASROMANS|move: Stealth Rock
|move|p2a: Thundurus|Hidden Power|p1a: Dugtrio
|-supereffective|p1a: Dugtrio
|-damage|p1a: Dugtrio|0 fnt
|-damage|p2a: Thundurus|270\/299|[from] item: Life Orb
|faint|p1a: Dugtrio
|
|
|switch|p1a: Greninja|Greninja, F|285\/285
|-damage|p1a: Greninja|250\/285|[from] Stealth Rock
|turn|7
|
|move|p2a: Thundurus|Thunder Wave|p1a: Greninja
|-status|p1a: Greninja|par
|move|p1a: Greninja|Ice Beam|p2a: Thundurus
|-start|p1a: Greninja|typechange|Ice|[from] Protean
|-supereffective|p2a: Thundurus
|-damage|p2a: Thundurus|0 fnt
|-damage|p1a: Greninja|222\/285 par|[from] item: Life Orb
|faint|p2a: Thundurus
|
|
|switch|p2a: Magnezone|Magnezone|281\/281
|-damage|p2a: Magnezone|264\/281|[from] Stealth Rock
|turn|8
|
|move|p2a: Magnezone|Thunderbolt|p1a: Greninja
|-damage|p1a: Greninja|0 fnt
|faint|p1a: Greninja
|
|
|switch|p1a: Celebi|Celebi|403\/403
|-damage|p1a: Celebi|353\/403|[from] Stealth Rock
|turn|9
|
|switch|p2a: Latias|Latias, F|302\/302
|-damage|p2a: Latias|265\/302|[from] Stealth Rock
|move|p1a: Celebi|Thunder Wave|p2a: Latias
|-status|p2a: Latias|par
|
|-heal|p1a: Celebi|378\/403|[from] item: Leftovers
|turn|10
|
|switch|p1a: Skarmory|Skarmory, F|333\/333
|-damage|p1a: Skarmory|292\/333|[from] Stealth Rock
|move|p2a: Latias|Defog|p1a: Skarmory
|-unboost|p1a: Skarmory|evasion|1
|-sideend|p1: bsuuuu|Stealth Rock|[from] move: Defog|[of] p1a: Skarmory
|-sideend|p2: WECAMEASROMANS|Stealth Rock|[from] move: Defog|[of] p2a: Latias
|
|turn|11
|
|move|p1a: Skarmory|Roost|p1a: Skarmory
|-heal|p1a: Skarmory|333\/333
|move|p2a: Latias|Psyshock|p1a: Skarmory
|-resisted|p1a: Skarmory
|-damage|p1a: Skarmory|286\/333
|-damage|p2a: Latias|235\/302 par|[from] item: Life Orb
|
|turn|12
|
|switch|p2a: Kyurem-Black|Kyurem-Black|391\/391
|-ability|p2a: Kyurem-Black|Teravolt
|move|p1a: Skarmory|Roost|p1a: Skarmory
|-heal|p1a: Skarmory|333\/333
|
|turn|13
|
|move|p2a: Kyurem-Black|Ice Beam|p1a: Skarmory
|-damage|p1a: Skarmory|52\/333
|-damage|p2a: Kyurem-Black|352\/391|[from] item: Life Orb
|move|p1a: Skarmory|Toxic|p2a: Kyurem-Black
|-status|p2a: Kyurem-Black|tox
|
|-damage|p2a: Kyurem-Black|328\/391 tox|[from] psn
|turn|14
|
|move|p2a: Kyurem-Black|Ice Beam|p1a: Skarmory
|-damage|p1a: Skarmory|0 fnt
|-damage|p2a: Kyurem-Black|289\/391 tox|[from] item: Life Orb
|faint|p1a: Skarmory
|
|-damage|p2a: Kyurem-Black|241\/391 tox|[from] psn
|
|switch|p1a: Thundurus|Thundurus, M|299\/299
|turn|15
|
|move|p1a: Thundurus|U-turn|p2a: Kyurem-Black
|-damage|p2a: Kyurem-Black|169\/391 tox
|
|switch|p1a: Celebi|Celebi|378\/403
|move|p2a: Kyurem-Black|Ice Beam|p1a: Celebi
|-supereffective|p1a: Celebi
|-damage|p1a: Celebi|0 fnt
|-damage|p2a: Kyurem-Black|130\/391 tox|[from] item: Life Orb
|faint|p1a: Celebi
|
|-damage|p2a: Kyurem-Black|58\/391 tox|[from] psn
|
|switch|p1a: Salamence|Salamence-Mega, M|327\/351
|turn|16
|
|move|p1a: Salamence|Frustration|p2a: Kyurem-Black
|-damage|p2a: Kyurem-Black|0 fnt
|faint|p2a: Kyurem-Black
|
|
|switch|p2a: Magnezone|Magnezone|264\/281
|turn|17
|
|move|p1a: Salamence|Frustration|p2a: Magnezone
|-resisted|p2a: Magnezone
|-damage|p2a: Magnezone|211\/281
|move|p2a: Magnezone|Thunderbolt|p1a: Salamence
|-damage|p1a: Salamence|60\/351
|
|turn|18
|
|move|p1a: Salamence|Roost|p1a: Salamence
|-heal|p1a: Salamence|236\/351
|move|p2a: Magnezone|Thunderbolt|p1a: Salamence
|-resisted|p1a: Salamence
|-damage|p1a: Salamence|103\/351
|
|turn|19
|
|move|p1a: Salamence|Roost|p1a: Salamence
|-heal|p1a: Salamence|279\/351
|move|p2a: Magnezone|Thunderbolt|p1a: Salamence
|-resisted|p1a: Salamence
|-damage|p1a: Salamence|142\/351
|
|turn|20
|
|move|p1a: Salamence|Roost|p1a: Salamence
|-heal|p1a: Salamence|318\/351
|move|p2a: Magnezone|Thunderbolt|p1a: Salamence
|-resisted|p1a: Salamence
|-damage|p1a: Salamence|175\/351
|
|turn|21
|
|move|p1a: Salamence|Substitute|p1a: Salamence
|-start|p1a: Salamence|Substitute
|-damage|p1a: Salamence|88\/351
|move|p2a: Magnezone|Thunderbolt|p1a: Salamence
|-end|p1a: Salamence|Substitute
|
|turn|22
|
|move|p1a: Salamence|Roost|p1a: Salamence
|-heal|p1a: Salamence|264\/351
|move|p2a: Magnezone|Thunderbolt|p1a: Salamence
|-resisted|p1a: Salamence
|-damage|p1a: Salamence|131\/351
|
|turn|23
|
|move|p1a: Salamence|Roost|p1a: Salamence
|-heal|p1a: Salamence|307\/351
|move|p2a: Magnezone|Thunderbolt|p1a: Salamence
|-resisted|p1a: Salamence
|-damage|p1a: Salamence|161\/351
|
|turn|24
|
|move|p1a: Salamence|Roost|p1a: Salamence
|-heal|p1a: Salamence|337\/351
|move|p2a: Magnezone|Thunderbolt|p1a: Salamence
|-resisted|p1a: Salamence
|-damage|p1a: Salamence|199\/351
|
|turn|25
|
|move|p1a: Salamence|Substitute|p1a: Salamence
|-start|p1a: Salamence|Substitute
|-damage|p1a: Salamence|112\/351
|move|p2a: Magnezone|Thunderbolt|p1a: Salamence
|-end|p1a: Salamence|Substitute
|
|turn|26
|
|move|p1a: Salamence|Roost|p1a: Salamence
|-heal|p1a: Salamence|288\/351
|move|p2a: Magnezone|Thunderbolt|p1a: Salamence
|-resisted|p1a: Salamence
|-damage|p1a: Salamence|135\/351
|
|turn|27
|
|move|p1a: Salamence|Roost|p1a: Salamence
|-heal|p1a: Salamence|311\/351
|move|p2a: Magnezone|Thunderbolt|p1a: Salamence
|-resisted|p1a: Salamence
|-damage|p1a: Salamence|167\/351
|
|turn|28
|
|move|p1a: Salamence|Roost|p1a: Salamence
|-heal|p1a: Salamence|343\/351
|move|p2a: Magnezone|Thunderbolt|p1a: Salamence
|-resisted|p1a: Salamence
|-damage|p1a: Salamence|202\/351
|
|turn|29
|
|move|p1a: Salamence|Substitute|p1a: Salamence
|-start|p1a: Salamence|Substitute
|-damage|p1a: Salamence|115\/351
|move|p2a: Magnezone|Thunderbolt|p1a: Salamence
|-end|p1a: Salamence|Substitute
|
|turn|30
|
|move|p1a: Salamence|Roost|p1a: Salamence
|-heal|p1a: Salamence|291\/351
|move|p2a: Magnezone|Thunderbolt|p1a: Salamence
|-resisted|p1a: Salamence
|-damage|p1a: Salamence|135\/351
|
|turn|31
|
|move|p1a: Salamence|Roost|p1a: Salamence
|-heal|p1a: Salamence|311\/351
|move|p2a: Magnezone|Thunderbolt|p1a: Salamence
|-resisted|p1a: Salamence
|-damage|p1a: Salamence|170\/351
|-status|p1a: Salamence|par
|
|turn|32
|
|move|p2a: Magnezone|Thunderbolt|p1a: Salamence
|-damage|p1a: Salamence|0 fnt
|faint|p1a: Salamence
|
|
|switch|p1a: Thundurus|Thundurus, M|299\/299
|turn|33
|
|move|p1a: Thundurus|Thunderbolt|p2a: Magnezone
|-resisted|p2a: Magnezone
|-damage|p2a: Magnezone|133\/281
|move|p2a: Magnezone|Thunderbolt|p1a: Thundurus
|-crit|p1a: Thundurus
|-damage|p1a: Thundurus|0 fnt
|faint|p1a: Thundurus
|
|win|WECAMEASROMANS
|raw|Ladder updating...
|raw|bsuuuu's rating: 1572 &rarr; <strong>1546<\/strong><br \/>(-26 for losing)
|raw|WECAMEASROMANS's rating: 1457 &rarr; <strong>1483<\/strong><br \/>(+26 for winning)
|leave|WECAMEASROMANS
|player|p2
|leave|bsuuuu
|player|p1