|join|bsuuuu
|join|spillingtheseraps
|player|p1|bsuuuu|43
|player|p2|spillingtheseraps|146
|gametype|singles
|gen|6
|tier|ORAS OU
|rated
|rule|Sleep Clause Mod: Limit one foe put to sleep
|rule|Species Clause: Limit one of each PokÃ©mon
|rule|OHKO Clause: OHKO moves are banned
|rule|Moody Clause: Moody is banned
|rule|Evasion Moves Clause: Evasion moves are banned
|rule|Endless Battle Clause: Forcing endless battles is banned
|rule|HP Percentage Mod: HP is shown in percentages
|clearpoke
|poke|p1|Celebi
|poke|p1|Salamence, F
|poke|p1|Dugtrio, M
|poke|p1|Greninja, M
|poke|p1|Thundurus, M
|poke|p1|Skarmory, F
|poke|p2|Rotom-Wash
|poke|p2|Weavile, M
|poke|p2|Salamence, M
|poke|p2|Excadrill, F
|poke|p2|Sylveon, F
|poke|p2|Heatran, M
|rule|Swagger Clause: Swagger is banned
|rule|Baton Pass Clause: Limit one PokÃ©mon knowing Baton Pass
|teampreview
|
|start
|switch|p1a: Greninja|Greninja, M|285\/285
|switch|p2a: Rotom-Wash|Rotom-Wash|304\/304
|turn|1
|
|move|p1a: Greninja|U-turn|p2a: Rotom-Wash
|-start|p1a: Greninja|typechange|Bug|[from] Protean
|-damage|p2a: Rotom-Wash|234\/304
|-damage|p1a: Greninja|257\/285|[from] item: Life Orb
|
|switch|p1a: Celebi|Celebi|403\/403
|move|p2a: Rotom-Wash|Volt Switch|p1a: Celebi
|-resisted|p1a: Celebi
|-damage|p1a: Celebi|361\/403
|
|switch|p2a: Weavile|Weavile, M|282\/282
|-ability|p2a: Weavile|Pressure
|
|-heal|p1a: Celebi|386\/403|[from] item: Leftovers
|turn|2
|
|switch|p1a: Skarmory|Skarmory, F|333\/333
|move|p2a: Weavile|Knock Off|p1a: Skarmory
|-crit|p1a: Skarmory
|-damage|p1a: Skarmory|122\/333
|-enditem|p1a: Skarmory|Shed Shell|[from] move: Knock Off|[of] p2a: Weavile
|
|turn|3
|
|switch|p2a: Rotom-Wash|Rotom-Wash|234\/304
|move|p1a: Skarmory|Roost|p1a: Skarmory
|-heal|p1a: Skarmory|289\/333
|
|-heal|p2a: Rotom-Wash|253\/304|[from] item: Leftovers
|turn|4
|
|switch|p1a: Celebi|Celebi|386\/403
|move|p2a: Rotom-Wash|Thunderbolt|p1a: Celebi
|-resisted|p1a: Celebi
|-damage|p1a: Celebi|335\/403
|
|-heal|p1a: Celebi|360\/403|[from] item: Leftovers
|-heal|p2a: Rotom-Wash|272\/304|[from] item: Leftovers
|turn|5
|
|switch|p2a: Salamence|Salamence, M|359\/359
|-ability|p2a: Salamence|Intimidate|[of] p1a: Celebi
|-unboost|p1a: Celebi|atk|1
|move|p1a: Celebi|Thunder Wave|p2a: Salamence
|-status|p2a: Salamence|par
|
|-heal|p1a: Celebi|385\/403|[from] item: Leftovers
|turn|6
|
|detailschange|p2a: Salamence|Salamence-Mega, M
|message|Salamence has Mega Evolved into Mega Salamence!
|move|p1a: Celebi|U-turn|p2a: Salamence
|-resisted|p2a: Salamence
|-damage|p2a: Salamence|348\/359 par
|
|switch|p1a: Salamence|Salamence, F|331\/331
|-ability|p1a: Salamence|Intimidate|[of] p2a: Salamence
|-unboost|p2a: Salamence|atk|1
|move|p2a: Salamence|Hyper Voice|p1a: Salamence
|-damage|p1a: Salamence|109\/331
|
|turn|7
|
|switch|p2a: Sylveon|Sylveon, F|369\/369
|detailschange|p1a: Salamence|Salamence-Mega, F
|message|Salamence has Mega Evolved into Mega Salamence!
|move|p1a: Salamence|Frustration|p2a: Sylveon
|-damage|p2a: Sylveon|0 fnt
|faint|p2a: Sylveon
|
|
|switch|p2a: Rotom-Wash|Rotom-Wash|272\/304
|turn|8
|
|switch|p1a: Celebi|Celebi|385\/403
|move|p2a: Rotom-Wash|Volt Switch|p1a: Celebi
|-resisted|p1a: Celebi
|-damage|p1a: Celebi|345\/403
|
|switch|p2a: Salamence|Salamence-Mega, M|348\/359 par
|
|-heal|p1a: Celebi|370\/403|[from] item: Leftovers
|turn|9
|
|move|p1a: Celebi|U-turn|p2a: Salamence
|-resisted|p2a: Salamence
|-damage|p2a: Salamence|331\/359 par
|
|switch|p1a: Thundurus|Thundurus, M|299\/299
|move|p2a: Salamence|Hyper Voice|p1a: Thundurus
|-resisted|p1a: Thundurus
|-damage|p1a: Thundurus|183\/299
|
|-heal|p1a: Thundurus|201\/299|[from] item: Leftovers
|turn|10
|
|switch|p2a: Excadrill|Excadrill, F|391\/391
|-ability|p2a: Excadrill|Mold Breaker
|move|p1a: Thundurus|Hidden Power|p2a: Excadrill
|-damage|p2a: Excadrill|340\/391
|
|-heal|p1a: Thundurus|219\/299|[from] item: Leftovers
|turn|11
|
|switch|p2a: Rotom-Wash|Rotom-Wash|272\/304
|move|p1a: Thundurus|U-turn|p2a: Rotom-Wash
|-damage|p2a: Rotom-Wash|225\/304
|
|switch|p1a: Celebi|Celebi|370\/403
|
|-heal|p1a: Celebi|395\/403|[from] item: Leftovers
|-heal|p2a: Rotom-Wash|244\/304|[from] item: Leftovers
|turn|12
|
|move|p1a: Celebi|Giga Drain|p2a: Rotom-Wash
|-supereffective|p2a: Rotom-Wash
|-damage|p2a: Rotom-Wash|74\/304
|-heal|p1a: Celebi|403\/403|[from] drain|[of] p2a: Rotom-Wash
|move|p2a: Rotom-Wash|Hydro Pump|p1a: Celebi
|-resisted|p1a: Celebi
|-damage|p1a: Celebi|335\/403
|
|-heal|p1a: Celebi|360\/403|[from] item: Leftovers
|-heal|p2a: Rotom-Wash|93\/304|[from] item: Leftovers
|turn|13
|
|switch|p2a: Salamence|Salamence-Mega, M|331\/359 par
|move|p1a: Celebi|Giga Drain|p2a: Salamence
|-crit|p2a: Salamence
|-resisted|p2a: Salamence
|-damage|p2a: Salamence|289\/359 par
|-heal|p1a: Celebi|381\/403|[from] drain|[of] p2a: Salamence
|
|-heal|p1a: Celebi|403\/403|[from] item: Leftovers
|turn|14
|
|move|p1a: Celebi|U-turn|p2a: Salamence
|-resisted|p2a: Salamence
|-damage|p2a: Salamence|272\/359 par
|
|switch|p1a: Salamence|Salamence-Mega, F|109\/331
|move|p2a: Salamence|Fire Blast|p1a: Salamence
|-resisted|p1a: Salamence
|-damage|p1a: Salamence|42\/331
|-status|p1a: Salamence|brn
|
|-damage|p1a: Salamence|1\/331 brn|[from] brn
|turn|15
|
|switch|p2a: Excadrill|Excadrill, F|340\/391
|-ability|p2a: Excadrill|Mold Breaker
|move|p1a: Salamence|Frustration|p2a: Excadrill
|-crit|p2a: Excadrill
|-resisted|p2a: Excadrill
|-damage|p2a: Excadrill|191\/391
|
|-damage|p1a: Salamence|0 fnt|[from] brn
|faint|p1a: Salamence
|
|switch|p1a: Dugtrio|Dugtrio, M|211\/211
|turn|16
|
|move|p1a: Dugtrio|Stealth Rock|p2a: Excadrill
|-sidestart|p2: spillingtheseraps|move: Stealth Rock
|move|p2a: Excadrill|Earthquake|p1a: Dugtrio
|-enditem|p1a: Dugtrio|Focus Sash
|-damage|p1a: Dugtrio|1\/211
|
|turn|17
|
|move|p1a: Dugtrio|Earthquake|p2a: Excadrill
|-supereffective|p2a: Excadrill
|-damage|p2a: Excadrill|0 fnt
|faint|p2a: Excadrill
|
|
|switch|p2a: Weavile|Weavile, M|282\/282
|-damage|p2a: Weavile|212\/282|[from] Stealth Rock
|-ability|p2a: Weavile|Pressure
|turn|18
|
|switch|p1a: Skarmory|Skarmory, F|289\/333
|move|p2a: Weavile|Ice Punch|p1a: Skarmory
|-damage|p1a: Skarmory|177\/333
|-status|p1a: Skarmory|frz
|
|turn|19
|c|âbsuuuu|cri
|
|move|p2a: Weavile|Ice Punch|p1a: Skarmory
|-damage|p1a: Skarmory|77\/333 frz
|cant|p1a: Skarmory|frz
|
|turn|20
|
|move|p2a: Weavile|Ice Punch|p1a: Skarmory
|-damage|p1a: Skarmory|0 fnt
|faint|p1a: Skarmory
|
|
|switch|p1a: Thundurus|Thundurus, M|219\/299
|turn|21
|
|switch|p2a: Salamence|Salamence-Mega, M|272\/359 par
|-damage|p2a: Salamence|183\/359 par|[from] Stealth Rock
|move|p1a: Thundurus|Thunder Wave|p2a: Salamence
|-fail|p2a: Salamence|par
|
|-heal|p1a: Thundurus|237\/299|[from] item: Leftovers
|turn|22
|
|move|p1a: Thundurus|Hidden Power|p2a: Salamence
|-supereffective|p2a: Salamence
|-damage|p2a: Salamence|0 fnt
|faint|p2a: Salamence
|
|-heal|p1a: Thundurus|255\/299|[from] item: Leftovers
|
|switch|p2a: Heatran|Heatran, M|348\/348
|-damage|p2a: Heatran|305\/348|[from] Stealth Rock
|turn|23
|
|move|p1a: Thundurus|U-turn|p2a: Heatran
|-resisted|p2a: Heatran
|-damage|p2a: Heatran|291\/348
|
|switch|p1a: Celebi|Celebi|403\/403
|move|p2a: Heatran|Stealth Rock|p1a: Celebi
|-sidestart|p1: bsuuuu|move: Stealth Rock
|
|-heal|p2a: Heatran|312\/348|[from] item: Leftovers
|turn|24
|
|move|p1a: Celebi|Thunder Wave|p2a: Heatran
|-status|p2a: Heatran|par
|move|p2a: Heatran|Fire Blast|p1a: Celebi
|-supereffective|p1a: Celebi
|-damage|p1a: Celebi|31\/403
|
|-heal|p1a: Celebi|56\/403|[from] item: Leftovers
|-heal|p2a: Heatran|333\/348 par|[from] item: Leftovers
|turn|25
|
|move|p1a: Celebi|U-turn|p2a: Heatran
|-resisted|p2a: Heatran
|-damage|p2a: Heatran|323\/348 par
|
|switch|p1a: Dugtrio|Dugtrio, M|1\/211
|-damage|p1a: Dugtrio|0 fnt|[from] Stealth Rock
|faint|p1a: Dugtrio
|move|p2a: Heatran|Fire Blast|p1: Dugtrio|[notarget]
|-notarget
|
|-heal|p2a: Heatran|344\/348 par|[from] item: Leftovers
|
|switch|p1a: Thundurus|Thundurus, M|255\/299
|-damage|p1a: Thundurus|181\/299|[from] Stealth Rock
|turn|26
|
|move|p1a: Thundurus|Thunderbolt|p2a: Heatran
|-damage|p2a: Heatran|185\/348 par
|cant|p2a: Heatran|par
|
|-heal|p1a: Thundurus|199\/299|[from] item: Leftovers
|-heal|p2a: Heatran|206\/348 par|[from] item: Leftovers
|turn|27
|
|move|p1a: Thundurus|Thunderbolt|p2a: Heatran
|-damage|p2a: Heatran|61\/348 par
|move|p2a: Heatran|Fire Blast|p1a: Thundurus
|-damage|p1a: Thundurus|0 fnt
|faint|p1a: Thundurus
|
|-heal|p2a: Heatran|82\/348 par|[from] item: Leftovers
|
|switch|p1a: Greninja|Greninja, M|257\/285
|-damage|p1a: Greninja|222\/285|[from] Stealth Rock
|turn|28
|
|move|p1a: Greninja|Ice Beam|p2a: Heatran
|-start|p1a: Greninja|typechange|Ice|[from] Protean
|-resisted|p2a: Heatran
|-damage|p2a: Heatran|40\/348 par
|-damage|p1a: Greninja|194\/285|[from] item: Life Orb
|move|p2a: Heatran|Fire Blast|p1a: Greninja
|-supereffective|p1a: Greninja
|-damage|p1a: Greninja|0 fnt
|faint|p1a: Greninja
|
|-heal|p2a: Heatran|61\/348 par|[from] item: Leftovers
|-message|bsuuuu forfeited.
|
|win|spillingtheseraps
|raw|Ladder updating...
|leave|bsuuuu
|player|p1
|raw|bsuuuu's rating: 1522 &rarr; <strong>1504<\/strong><br \/>(-18 for losing)
|raw|spillingtheseraps's rating: 1544 &rarr; <strong>1563<\/strong><br \/>(+19 for winning)
|c|âspillingtheseraps|gg