|join|bsuuuu
|join|yrcxtubon
|player|p1|bsuuuu|43
|player|p2|yrcxtubon|22
|gametype|singles
|gen|6
|tier|ORAS OU
|rated
|rule|Sleep Clause Mod: Limit one foe put to sleep
|rule|Species Clause: Limit one of each PokÃ©mon
|rule|OHKO Clause: OHKO moves are banned
|rule|Moody Clause: Moody is banned
|rule|Evasion Moves Clause: Evasion moves are banned
|rule|Endless Battle Clause: Forcing endless battles is banned
|rule|HP Percentage Mod: HP is shown in percentages
|clearpoke
|poke|p1|Beedrill, F
|poke|p1|Rotom-Wash
|poke|p1|Excadrill, M
|poke|p1|Tyranitar, F
|poke|p1|Landorus-Therian, M
|poke|p1|Greninja, F
|poke|p2|Sableye, M
|poke|p2|Chansey, F
|poke|p2|Slowbro, M
|poke|p2|Clefable, M
|poke|p2|Skarmory, F
|poke|p2|Hippowdon, F
|rule|Swagger Clause: Swagger is banned
|rule|Baton Pass Clause: Limit one PokÃ©mon knowing Baton Pass
|teampreview
|
|start
|switch|p1a: Beedrill|Beedrill, F|271\/271
|switch|p2a: Sableye|Sableye, M|304\/304
|turn|1
|c|âbsuuuu|love getting stall
|
|detailschange|p1a: Beedrill|Beedrill-Mega, F
|message|Beedrill has Mega Evolved into Mega Beedrill!
|detailschange|p2a: Sableye|Sableye-Mega, M
|message|Sableye has Mega Evolved into Mega Sableye!
|move|p1a: Beedrill|Protect|p1a: Beedrill
|-singleturn|p1a: Beedrill|Protect
|move|p2a: Sableye|Will-O-Wisp|p1a: Beedrill
|-activate|p1a: Beedrill|Protect
|
|turn|2
|
|move|p1a: Beedrill|U-turn|p2a: Sableye
|-damage|p2a: Sableye|184\/304
|
|switch|p1a: Greninja|Greninja, F|285\/285
|move|p2a: Sableye|Will-O-Wisp|p1a: Greninja|[miss]
|-miss|p2a: Sableye|p1a: Greninja
|
|turn|3
|
|switch|p2a: Chansey|Chansey, F|657\/657
|move|p1a: Greninja|U-turn|p2a: Chansey
|-start|p1a: Greninja|typechange|Bug|[from] Protean
|-damage|p2a: Chansey|513\/657
|-damage|p1a: Greninja|257\/285|[from] item: Life Orb
|
|switch|p1a: Beedrill|Beedrill-Mega, F|271\/271
|
|turn|4
|
|switch|p2a: Skarmory|Skarmory, F|334\/334
|move|p1a: Beedrill|Knock Off|p2a: Skarmory
|-damage|p2a: Skarmory|260\/334
|-enditem|p2a: Skarmory|Shed Shell|[from] move: Knock Off|[of] p1a: Beedrill
|
|turn|5
|
|move|p1a: Beedrill|U-turn|p2a: Skarmory
|-resisted|p2a: Skarmory
|-damage|p2a: Skarmory|233\/334
|
|switch|p1a: Rotom-Wash|Rotom-Wash|303\/303
|move|p2a: Skarmory|Spikes|p1a: Rotom-Wash
|-sidestart|p1: bsuuuu|Spikes
|
|turn|6
|
|switch|p2a: Hippowdon|Hippowdon, F|420\/420
|move|p1a: Rotom-Wash|Volt Switch|p2a: Hippowdon
|-immune|p2a: Hippowdon|[msg]
|
|turn|7
|
|move|p1a: Rotom-Wash|Hydro Pump|p2a: Hippowdon
|-supereffective|p2a: Hippowdon
|-damage|p2a: Hippowdon|150\/420
|move|p2a: Hippowdon|Stealth Rock|p1a: Rotom-Wash
|-sidestart|p1: bsuuuu|move: Stealth Rock
|
|-heal|p2a: Hippowdon|176\/420|[from] item: Leftovers
|turn|8
|
|switch|p2a: Chansey|Chansey, F|513\/657
|move|p1a: Rotom-Wash|Volt Switch|p2a: Chansey
|-damage|p2a: Chansey|455\/657
|
|switch|p1a: Excadrill|Excadrill, M|361\/361
|-damage|p1a: Excadrill|316\/361|[from] Spikes
|-damage|p1a: Excadrill|305\/361|[from] Stealth Rock
|
|turn|9
|
|switch|p2a: Skarmory|Skarmory, F|233\/334
|move|p1a: Excadrill|Rapid Spin|p2a: Skarmory
|-resisted|p2a: Skarmory
|-damage|p2a: Skarmory|225\/334
|-sideend|p1: bsuuuu|Spikes|[from] move: Rapid Spin|[of] p1a: Excadrill
|-sideend|p1: bsuuuu|Stealth Rock|[from] move: Rapid Spin|[of] p1a: Excadrill
|
|turn|10
|
|switch|p1a: Rotom-Wash|Rotom-Wash|303\/303
|move|p2a: Skarmory|Spikes|p1a: Rotom-Wash
|-sidestart|p1: bsuuuu|Spikes
|
|turn|11
|
|switch|p2a: Chansey|Chansey, F|455\/657
|move|p1a: Rotom-Wash|Volt Switch|p2a: Chansey
|-damage|p2a: Chansey|397\/657
|
|switch|p1a: Beedrill|Beedrill-Mega, F|271\/271
|-damage|p1a: Beedrill|238\/271|[from] Spikes
|
|turn|12
|
|switch|p2a: Skarmory|Skarmory, F|225\/334
|move|p1a: Beedrill|U-turn|p2a: Skarmory
|-resisted|p2a: Skarmory
|-damage|p2a: Skarmory|200\/334
|
|switch|p1a: Rotom-Wash|Rotom-Wash|303\/303
|
|turn|13
|
|switch|p2a: Hippowdon|Hippowdon, F|176\/420
|move|p1a: Rotom-Wash|Volt Switch|p2a: Hippowdon
|-immune|p2a: Hippowdon|[msg]
|
|-heal|p2a: Hippowdon|202\/420|[from] item: Leftovers
|turn|14
|
|move|p1a: Rotom-Wash|Will-O-Wisp|p2a: Hippowdon
|-status|p2a: Hippowdon|brn
|move|p2a: Hippowdon|Stealth Rock|p1a: Rotom-Wash
|-sidestart|p1: bsuuuu|move: Stealth Rock
|
|-heal|p2a: Hippowdon|228\/420 brn|[from] item: Leftovers
|-damage|p2a: Hippowdon|176\/420 brn|[from] brn
|turn|15
|
|switch|p2a: Chansey|Chansey, F|397\/657
|move|p1a: Rotom-Wash|Volt Switch|p2a: Chansey
|-damage|p2a: Chansey|345\/657
|
|switch|p1a: Excadrill|Excadrill, M|305\/361
|-damage|p1a: Excadrill|294\/361|[from] Stealth Rock
|-damage|p1a: Excadrill|249\/361|[from] Spikes
|
|turn|16
|
|switch|p2a: Skarmory|Skarmory, F|200\/334
|move|p1a: Excadrill|Rapid Spin|p2a: Skarmory
|-resisted|p2a: Skarmory
|-damage|p2a: Skarmory|192\/334
|-sideend|p1: bsuuuu|Spikes|[from] move: Rapid Spin|[of] p1a: Excadrill
|-sideend|p1: bsuuuu|Stealth Rock|[from] move: Rapid Spin|[of] p1a: Excadrill
|
|turn|17
|
|switch|p1a: Rotom-Wash|Rotom-Wash|303\/303
|move|p2a: Skarmory|Roost|p2a: Skarmory
|-heal|p2a: Skarmory|334\/334
|
|turn|18
|
|switch|p2a: Hippowdon|Hippowdon, F|176\/420 brn
|move|p1a: Rotom-Wash|Will-O-Wisp|p2a: Hippowdon
|-fail|p2a: Hippowdon|brn
|
|-heal|p2a: Hippowdon|202\/420 brn|[from] item: Leftovers
|-damage|p2a: Hippowdon|150\/420 brn|[from] brn
|turn|19
|
|switch|p2a: Chansey|Chansey, F|345\/657
|move|p1a: Rotom-Wash|Volt Switch|p2a: Chansey
|-damage|p2a: Chansey|290\/657
|
|switch|p1a: Beedrill|Beedrill-Mega, F|238\/271
|
|turn|20
|
|switch|p2a: Hippowdon|Hippowdon, F|150\/420 brn
|move|p1a: Beedrill|U-turn|p2a: Hippowdon
|-damage|p2a: Hippowdon|0 fnt
|faint|p2a: Hippowdon
|
|switch|p1a: Rotom-Wash|Rotom-Wash|303\/303
|
|
|switch|p2a: Sableye|Sableye-Mega, M|184\/304
|turn|21
|
|move|p1a: Rotom-Wash|Hydro Pump|p2a: Sableye
|-damage|p2a: Sableye|30\/304
|move|p2a: Sableye|Recover|p2a: Sableye
|-heal|p2a: Sableye|182\/304
|
|turn|22
|
|move|p1a: Rotom-Wash|Volt Switch|p2a: Sableye
|-damage|p2a: Sableye|95\/304
|
|switch|p1a: Greninja|Greninja, F|257\/285
|move|p2a: Sableye|Recover|p2a: Sableye
|-heal|p2a: Sableye|247\/304
|
|turn|23
|
|switch|p2a: Slowbro|Slowbro, M|394\/394
|move|p1a: Greninja|Scald|p2a: Slowbro
|-start|p1a: Greninja|typechange|Water|[from] Protean
|-resisted|p2a: Slowbro
|-damage|p2a: Slowbro|298\/394
|-status|p2a: Slowbro|brn
|-damage|p1a: Greninja|229\/285|[from] item: Life Orb
|
|-damage|p2a: Slowbro|249\/394 brn|[from] brn
|turn|24
|
|switch|p2a: Clefable|Clefable, M|392\/392
|move|p1a: Greninja|U-turn|p2a: Clefable
|-start|p1a: Greninja|typechange|Bug|[from] Protean
|-resisted|p2a: Clefable
|-damage|p2a: Clefable|341\/392
|-damage|p1a: Greninja|201\/285|[from] item: Life Orb
|
|switch|p1a: Beedrill|Beedrill-Mega, F|238\/271
|
|-heal|p2a: Clefable|365\/392|[from] item: Leftovers
|turn|25
|
|move|p1a: Beedrill|Poison Jab|p2a: Clefable
|-crit|p2a: Clefable
|-supereffective|p2a: Clefable
|-damage|p2a: Clefable|0 fnt
|faint|p2a: Clefable
|
|
|switch|p2a: Skarmory|Skarmory, F|334\/334
|turn|26
|
|move|p1a: Beedrill|U-turn|p2a: Skarmory
|-resisted|p2a: Skarmory
|-damage|p2a: Skarmory|309\/334
|
|switch|p1a: Rotom-Wash|Rotom-Wash|303\/303
|move|p2a: Skarmory|Spikes|p1a: Rotom-Wash
|-sidestart|p1: bsuuuu|Spikes
|
|turn|27
|
|switch|p2a: Chansey|Chansey, F|290\/657
|move|p1a: Rotom-Wash|Volt Switch|p2a: Chansey
|-damage|p2a: Chansey|230\/657
|
|switch|p1a: Beedrill|Beedrill-Mega, F|238\/271
|-damage|p1a: Beedrill|205\/271|[from] Spikes
|
|turn|28
|
|switch|p2a: Skarmory|Skarmory, F|309\/334
|move|p1a: Beedrill|U-turn|p2a: Skarmory
|-resisted|p2a: Skarmory
|-damage|p2a: Skarmory|280\/334
|
|switch|p1a: Rotom-Wash|Rotom-Wash|303\/303
|
|turn|29
|
|switch|p2a: Chansey|Chansey, F|230\/657
|move|p1a: Rotom-Wash|Volt Switch|p2a: Chansey
|-damage|p2a: Chansey|175\/657
|
|switch|p1a: Beedrill|Beedrill-Mega, F|205\/271
|-damage|p1a: Beedrill|172\/271|[from] Spikes
|
|turn|30
|
|switch|p2a: Skarmory|Skarmory, F|280\/334
|move|p1a: Beedrill|U-turn|p2a: Skarmory
|-resisted|p2a: Skarmory
|-damage|p2a: Skarmory|251\/334
|
|switch|p1a: Rotom-Wash|Rotom-Wash|303\/303
|
|turn|31
|
|switch|p2a: Slowbro|Slowbro, M|380\/394 brn
|move|p1a: Rotom-Wash|Volt Switch|p2a: Slowbro
|-supereffective|p2a: Slowbro
|-damage|p2a: Slowbro|126\/394 brn
|
|switch|p1a: Landorus-Therian|Landorus-Therian, M|319\/319
|-ability|p1a: Landorus-Therian|Intimidate|[of] p2a: Slowbro
|-unboost|p2a: Slowbro|atk|1
|
|-damage|p2a: Slowbro|77\/394 brn|[from] brn
|turn|32
|
|move|p1a: Landorus-Therian|U-turn|p2a: Slowbro
|-supereffective|p2a: Slowbro
|-damage|p2a: Slowbro|0 fnt
|-damage|p1a: Landorus-Therian|266\/319|[from] item: Rocky Helmet|[of] p2a: Slowbro
|faint|p2a: Slowbro
|
|switch|p1a: Rotom-Wash|Rotom-Wash|303\/303
|
|
|switch|p2a: Chansey|Chansey, F|175\/657
|turn|33
|
|move|p1a: Rotom-Wash|Will-O-Wisp|p2a: Chansey
|-status|p2a: Chansey|brn
|move|p2a: Chansey|Soft-Boiled|p2a: Chansey
|-heal|p2a: Chansey|504\/657 brn
|
|-damage|p2a: Chansey|422\/657 brn|[from] brn
|turn|34
|
|move|p1a: Rotom-Wash|Pain Split|p2a: Chansey
|-sethp|p2a: Chansey|362\/657 brn|p1a: Rotom-Wash|303\/303|[from] move: Pain Split
|move|p2a: Chansey|Soft-Boiled|p2a: Chansey
|-heal|p2a: Chansey|657\/657 brn
|
|-damage|p2a: Chansey|575\/657 brn|[from] brn
|turn|35
|
|move|p1a: Rotom-Wash|Pain Split|p2a: Chansey
|-sethp|p2a: Chansey|439\/657 brn|p1a: Rotom-Wash|303\/303|[from] move: Pain Split
|move|p2a: Chansey|Seismic Toss|p1a: Rotom-Wash
|-damage|p1a: Rotom-Wash|203\/303
|
|-heal|p1a: Rotom-Wash|221\/303|[from] item: Leftovers
|-damage|p2a: Chansey|357\/657 brn|[from] brn
|turn|36
|
|move|p1a: Rotom-Wash|Volt Switch|p2a: Chansey
|-damage|p2a: Chansey|303\/657 brn
|
|switch|p1a: Beedrill|Beedrill-Mega, F|172\/271
|-damage|p1a: Beedrill|139\/271|[from] Spikes
|move|p2a: Chansey|Soft-Boiled|p2a: Chansey
|-heal|p2a: Chansey|632\/657 brn
|
|-damage|p2a: Chansey|550\/657 brn|[from] brn
|turn|37
|
|switch|p2a: Skarmory|Skarmory, F|251\/334
|move|p1a: Beedrill|U-turn|p2a: Skarmory
|-resisted|p2a: Skarmory
|-damage|p2a: Skarmory|226\/334
|
|switch|p1a: Rotom-Wash|Rotom-Wash|221\/303
|
|-heal|p1a: Rotom-Wash|239\/303|[from] item: Leftovers
|turn|38
|
|switch|p2a: Chansey|Chansey, F|550\/657
|move|p1a: Rotom-Wash|Volt Switch|p2a: Chansey
|-damage|p2a: Chansey|496\/657
|
|switch|p1a: Excadrill|Excadrill, M|249\/361
|-damage|p1a: Excadrill|204\/361|[from] Spikes
|
|turn|39
|
|switch|p2a: Sableye|Sableye-Mega, M|247\/304
|move|p1a: Excadrill|Iron Head|p2a: Sableye
|-damage|p2a: Sableye|151\/304
|
|turn|40
|
|move|p1a: Excadrill|Iron Head|p2a: Sableye
|-damage|p2a: Sableye|46\/304
|move|p2a: Sableye|Recover|p2a: Sableye
|-heal|p2a: Sableye|198\/304
|
|turn|41
|
|move|p1a: Excadrill|Iron Head|p2a: Sableye
|-damage|p2a: Sableye|92\/304
|cant|p2a: Sableye|flinch
|
|turn|42
|
|switch|p2a: Skarmory|Skarmory, F|226\/334
|move|p1a: Excadrill|Rapid Spin|p2a: Skarmory
|-resisted|p2a: Skarmory
|-damage|p2a: Skarmory|218\/334
|-sideend|p1: bsuuuu|Spikes|[from] move: Rapid Spin|[of] p1a: Excadrill
|
|turn|43
|
|switch|p1a: Rotom-Wash|Rotom-Wash|239\/303
|move|p2a: Skarmory|Spikes|p1a: Rotom-Wash
|-sidestart|p1: bsuuuu|Spikes
|
|-heal|p1a: Rotom-Wash|257\/303|[from] item: Leftovers
|turn|44
|
|switch|p2a: Chansey|Chansey, F|496\/657
|move|p1a: Rotom-Wash|Volt Switch|p2a: Chansey
|-damage|p2a: Chansey|442\/657
|
|switch|p1a: Tyranitar|Tyranitar, F|403\/403
|-damage|p1a: Tyranitar|353\/403|[from] Spikes
|-weather|Sandstorm
|
|-weather|Sandstorm|[upkeep]
|-damage|p2a: Chansey|401\/657|[from] sandstorm
|turn|45
|
|move|p1a: Tyranitar|Ice Beam|p2a: Chansey
|-damage|p2a: Chansey|365\/657
|move|p2a: Chansey|Soft-Boiled|p2a: Chansey
|-heal|p2a: Chansey|657\/657
|
|-weather|Sandstorm|[upkeep]
|-damage|p2a: Chansey|616\/657|[from] sandstorm
|turn|46
|
|switch|p2a: Sableye|Sableye-Mega, M|92\/304
|move|p1a: Tyranitar|Stealth Rock|p2a: Sableye
|move|p2a: Sableye|Stealth Rock|p1a: Tyranitar|[from]Magic Bounce
|-sidestart|p1: bsuuuu|move: Stealth Rock
|
|-weather|Sandstorm|[upkeep]
|-damage|p2a: Sableye|73\/304|[from] sandstorm
|turn|47
|
|move|p1a: Tyranitar|Fire Blast|p2a: Sableye
|-damage|p2a: Sableye|0 fnt
|faint|p2a: Sableye
|
|-weather|Sandstorm|[upkeep]
|
|switch|p2a: Chansey|Chansey, F|616\/657
|turn|48
|
|move|p1a: Tyranitar|Stealth Rock|p2a: Chansey
|-sidestart|p2: yrcxtubon|move: Stealth Rock
|move|p2a: Chansey|Wish|p2a: Chansey
|
|-weather|Sandstorm|[upkeep]
|-damage|p2a: Chansey|575\/657|[from] sandstorm
|turn|49
|
|switch|p1a: Excadrill|Excadrill, M|204\/361
|-damage|p1a: Excadrill|193\/361|[from] Stealth Rock
|-damage|p1a: Excadrill|148\/361|[from] Spikes
|move|p2a: Chansey|Seismic Toss|p1a: Excadrill
|-damage|p1a: Excadrill|48\/361
|
|-weather|Sandstorm|[upkeep]
|-damage|p2a: Chansey|534\/657|[from] sandstorm
|-heal|p2a: Chansey|657\/657|[from] move: Wish|[wisher] Chansey
|turn|50
|
|move|p1a: Excadrill|Rapid Spin|p2a: Chansey
|-damage|p2a: Chansey|621\/657
|-sideend|p1: bsuuuu|Spikes|[from] move: Rapid Spin|[of] p1a: Excadrill
|-sideend|p1: bsuuuu|Stealth Rock|[from] move: Rapid Spin|[of] p1a: Excadrill
|move|p2a: Chansey|Seismic Toss|p1a: Excadrill
|-damage|p1a: Excadrill|0 fnt
|faint|p1a: Excadrill
|
|-weather|Sandstorm|[upkeep]
|-damage|p2a: Chansey|580\/657|[from] sandstorm
|
|switch|p1a: Beedrill|Beedrill-Mega, F|139\/271
|turn|51
|
|move|p1a: Beedrill|U-turn|p2a: Chansey
|-damage|p2a: Chansey|320\/657
|
|switch|p1a: Landorus-Therian|Landorus-Therian, M|266\/319
|-ability|p1a: Landorus-Therian|Intimidate|[of] p2a: Chansey
|-unboost|p2a: Chansey|atk|1
|move|p2a: Chansey|Soft-Boiled|p2a: Chansey
|-heal|p2a: Chansey|649\/657
|
|-weather|none
|turn|52
|
|switch|p2a: Skarmory|Skarmory, F|218\/334
|-damage|p2a: Skarmory|177\/334|[from] Stealth Rock
|move|p1a: Landorus-Therian|U-turn|p2a: Skarmory
|-resisted|p2a: Skarmory
|-damage|p2a: Skarmory|162\/334
|
|switch|p1a: Rotom-Wash|Rotom-Wash|257\/303
|
|-heal|p1a: Rotom-Wash|275\/303|[from] item: Leftovers
|turn|53
|
|switch|p2a: Chansey|Chansey, F|649\/657
|-damage|p2a: Chansey|567\/657|[from] Stealth Rock
|move|p1a: Rotom-Wash|Volt Switch|p2a: Chansey
|-damage|p2a: Chansey|510\/657
|
|switch|p1a: Beedrill|Beedrill-Mega, F|139\/271
|
|turn|54
|
|move|p1a: Beedrill|Knock Off|p2a: Chansey
|-damage|p2a: Chansey|332\/657
|-enditem|p2a: Chansey|Eviolite|[from] move: Knock Off|[of] p1a: Beedrill
|move|p2a: Chansey|Soft-Boiled|p2a: Chansey
|-heal|p2a: Chansey|657\/657
|
|turn|55
|
|move|p1a: Beedrill|U-turn|p2a: Chansey
|-damage|p2a: Chansey|275\/657
|
|switch|p1a: Tyranitar|Tyranitar, F|353\/403
|-weather|Sandstorm
|move|p2a: Chansey|Seismic Toss|p1a: Tyranitar
|-damage|p1a: Tyranitar|253\/403
|
|-weather|Sandstorm|[upkeep]
|-damage|p2a: Chansey|234\/657|[from] sandstorm
|turn|56
|-message|yrcxtubon forfeited.
|
|win|bsuuuu
|raw|Ladder updating...
|leave|yrcxtubon
|player|p2
|raw|bsuuuu's rating: 1647 &rarr; <strong>1662<\/strong><br \/>(+15 for winning)
|raw|yrcxtubon's rating: 1552 &rarr; <strong>1537<\/strong><br \/>(-15 for losing)