|join|bsuuuu
|join|Kaponidlo
|player|p1|bsuuuu|43
|player|p2|Kaponidlo|154
|gametype|singles
|gen|6
|tier|OU
|rated
|clearpoke
|poke|p1|Beedrill, F
|poke|p1|Rotom-Wash
|poke|p1|Excadrill, F
|poke|p1|Tyranitar, F
|poke|p1|Landorus-Therian, M
|poke|p1|Greninja, M
|poke|p2|Heracross, F
|poke|p2|Jolteon, F
|poke|p2|Slowbro, M
|poke|p2|Heatran, M
|poke|p2|Mamoswine, M
|poke|p2|Gardevoir, F
|rule|Swagger Clause: Swagger is banned
|rule|Baton Pass Clause: Limit one PokÃ©mon knowing Baton Pass
|rule|Sleep Clause Mod: Limit one foe put to sleep
|rule|Species Clause: Limit one of each PokÃ©mon
|rule|OHKO Clause: OHKO moves are banned
|rule|Moody Clause: Moody is banned
|rule|Evasion Moves Clause: Evasion moves are banned
|rule|Endless Battle Clause: Forcing endless battles is banned
|rule|HP Percentage Mod: HP is shown in percentages
|teampreview
|
|start
|switch|p1a: Beedrill|Beedrill, F|271\/271
|switch|p2a: Mamoswine|Mamoswine, M|424\/424
|turn|1
|
|detailschange|p1a: Beedrill|Beedrill-Mega, F
|message|Beedrill has Mega Evolved into Mega Beedrill!
|move|p1a: Beedrill|U-turn|p2a: Mamoswine
|-damage|p2a: Mamoswine|188\/424
|
|switch|p1a: Excadrill|Excadrill, F|361\/361
|move|p2a: Mamoswine|Earthquake|p1a: Excadrill
|-supereffective|p1a: Excadrill
|-damage|p1a: Excadrill|0 fnt
|-damage|p2a: Mamoswine|146\/424|[from] item: Life Orb
|faint|p1a: Excadrill
|
|
|switch|p1a: Greninja|Greninja, M|285\/285
|turn|2
|
|switch|p2a: Wazuuuup|Slowbro, M|394\/394
|move|p1a: Greninja|Scald|p2a: Wazuuuup
|-start|p1a: Greninja|typechange|Water|[from] Protean
|-resisted|p2a: Wazuuuup
|-damage|p2a: Wazuuuup|306\/394
|-status|p2a: Wazuuuup|brn
|-damage|p1a: Greninja|257\/285|[from] item: Life Orb
|
|-damage|p2a: Wazuuuup|257\/394 brn|[from] brn
|turn|3
|
|switch|p2a: 5 hits|Heracross, F|302\/302
|move|p1a: Greninja|Hidden Power|p2a: 5 hits
|-start|p1a: Greninja|typechange|Grass|[from] Protean
|-resisted|p2a: 5 hits
|-damage|p2a: 5 hits|244\/302
|-damage|p1a: Greninja|229\/285|[from] item: Life Orb
|
|turn|4
|
|switch|p1a: Landorus-Therian|Landorus-Therian, M|319\/319
|-ability|p1a: Landorus-Therian|Intimidate|[of] p2a: 5 hits
|-unboost|p2a: 5 hits|atk|1
|move|p2a: 5 hits|Close Combat|p1a: Landorus-Therian
|-resisted|p1a: Landorus-Therian
|-damage|p1a: Landorus-Therian|249\/319
|-unboost|p2a: 5 hits|def|1
|-unboost|p2a: 5 hits|spd|1
|
|turn|5
|
|switch|p2a: Wazuuuup|Slowbro, M|388\/394 brn
|move|p1a: Landorus-Therian|U-turn|p2a: Wazuuuup
|-supereffective|p2a: Wazuuuup
|-damage|p2a: Wazuuuup|244\/394 brn
|-damage|p1a: Landorus-Therian|196\/319|[from] item: Rocky Helmet|[of] p2a: Wazuuuup
|
|switch|p1a: Tyranitar|Tyranitar, F|403\/403
|-weather|Sandstorm
|
|-weather|Sandstorm|[upkeep]
|-damage|p2a: Wazuuuup|220\/394 brn|[from] sandstorm
|-damage|p2a: Wazuuuup|171\/394 brn|[from] brn
|turn|6
|
|move|p1a: Tyranitar|Stealth Rock|p2a: Wazuuuup
|-sidestart|p2: Kaponidlo|move: Stealth Rock
|move|p2a: Wazuuuup|Slack Off|p2a: Wazuuuup
|-heal|p2a: Wazuuuup|368\/394 brn
|
|-weather|Sandstorm|[upkeep]
|-damage|p2a: Wazuuuup|344\/394 brn|[from] sandstorm
|-damage|p2a: Wazuuuup|295\/394 brn|[from] brn
|turn|7
|
|move|p1a: Tyranitar|Rock Slide|p2a: Wazuuuup
|-damage|p2a: Wazuuuup|214\/394 brn
|move|p2a: Wazuuuup|Toxic|p1a: Tyranitar
|-status|p1a: Tyranitar|tox
|
|-weather|Sandstorm|[upkeep]
|-damage|p2a: Wazuuuup|190\/394 brn|[from] sandstorm
|-damage|p1a: Tyranitar|378\/403 tox|[from] psn
|-damage|p2a: Wazuuuup|141\/394 brn|[from] brn
|turn|8
|
|switch|p1a: Beedrill|Beedrill-Mega, F|271\/271
|move|p2a: Wazuuuup|Slack Off|p2a: Wazuuuup
|-heal|p2a: Wazuuuup|338\/394 brn
|
|-weather|Sandstorm|[upkeep]
|-damage|p1a: Beedrill|255\/271|[from] sandstorm
|-damage|p2a: Wazuuuup|314\/394 brn|[from] sandstorm
|-damage|p2a: Wazuuuup|265\/394 brn|[from] brn
|turn|9
|
|move|p1a: Beedrill|U-turn|p2a: Wazuuuup
|-supereffective|p2a: Wazuuuup
|-damage|p2a: Wazuuuup|0 fnt
|-damage|p1a: Beedrill|210\/271|[from] item: Rocky Helmet|[of] p2a: Wazuuuup
|faint|p2a: Wazuuuup
|
|switch|p1a: Rotom-Wash|Rotom-Wash|303\/303
|
|-weather|Sandstorm|[upkeep]
|-damage|p1a: Rotom-Wash|285\/303|[from] sandstorm
|-heal|p1a: Rotom-Wash|303\/303|[from] item: Leftovers
|
|switch|p2a: Gardevoir|Gardevoir, F|340\/340
|-damage|p2a: Gardevoir|298\/340|[from] Stealth Rock
|-ability|p2a: Gardevoir|Levitate|[from] ability: Trace|[of] p1a: Rotom-Wash
|turn|10
|
|move|p1a: Rotom-Wash|Volt Switch|p2a: Gardevoir
|-damage|p2a: Gardevoir|214\/340
|
|switch|p1a: Beedrill|Beedrill-Mega, F|210\/271
|move|p2a: Gardevoir|Calm Mind|p2a: Gardevoir
|-boost|p2a: Gardevoir|spa|1
|-boost|p2a: Gardevoir|spd|1
|
|-weather|Sandstorm|[upkeep]
|-damage|p1a: Beedrill|194\/271|[from] sandstorm
|-damage|p2a: Gardevoir|193\/340|[from] sandstorm
|turn|11
|
|move|p1a: Beedrill|U-turn|p2a: Gardevoir
|-damage|p2a: Gardevoir|0 fnt
|faint|p2a: Gardevoir
|
|switch|p1a: Greninja|Greninja, M|229\/285
|
|-weather|Sandstorm|[upkeep]
|-damage|p1a: Greninja|212\/285|[from] sandstorm
|
|switch|p2a: Sparky|Jolteon, F|272\/272
|-damage|p2a: Sparky|238\/272|[from] Stealth Rock
|turn|12
|
|switch|p1a: Tyranitar|Tyranitar, F|378\/403 tox
|move|p2a: Sparky|Hidden Power|p1a: Tyranitar
|-damage|p1a: Tyranitar|326\/403 tox
|
|-weather|none
|-damage|p1a: Tyranitar|301\/403 tox|[from] psn
|turn|13
|
|move|p1a: Tyranitar|Pursuit|p2a: Sparky|[from]Pursuit
|-damage|p2a: Sparky|42\/272
|switch|p2a: Mamoswine|Mamoswine, M|146\/424
|-damage|p2a: Mamoswine|93\/424|[from] Stealth Rock
|
|-damage|p1a: Tyranitar|251\/403 tox|[from] psn
|turn|14
|
|move|p2a: Mamoswine|Earthquake|p1a: Tyranitar
|-supereffective|p1a: Tyranitar
|-damage|p1a: Tyranitar|0 fnt
|-damage|p2a: Mamoswine|51\/424|[from] item: Life Orb
|faint|p1a: Tyranitar
|
|
|switch|p1a: Greninja|Greninja, M|212\/285
|turn|15
|
|move|p2a: Mamoswine|Ice Shard|p1a: Greninja
|-resisted|p1a: Greninja
|-damage|p1a: Greninja|146\/285
|-damage|p2a: Mamoswine|9\/424|[from] item: Life Orb
|move|p1a: Greninja|Scald|p2a: Mamoswine
|-start|p1a: Greninja|typechange|Water|[from] Protean
|-supereffective|p2a: Mamoswine
|-damage|p2a: Mamoswine|0 fnt
|-damage|p1a: Greninja|118\/285|[from] item: Life Orb
|faint|p2a: Mamoswine
|
|
|switch|p2a: Sparky|Jolteon, F|42\/272
|-damage|p2a: Sparky|8\/272|[from] Stealth Rock
|turn|16
|
|move|p2a: Sparky|Shadow Ball|p1a: Greninja
|-damage|p1a: Greninja|0 fnt
|faint|p1a: Greninja
|
|
|switch|p1a: Beedrill|Beedrill-Mega, F|194\/271
|turn|17
|
|move|p1a: Beedrill|Poison Jab|p2a: Sparky
|-damage|p2a: Sparky|0 fnt
|faint|p2a: Sparky
|
|
|switch|p2a: 5 hits|Heracross, F|244\/302
|-damage|p2a: 5 hits|207\/302|[from] Stealth Rock
|turn|18
|
|move|p1a: Beedrill|Protect|p1a: Beedrill
|-singleturn|p1a: Beedrill|Protect
|move|p2a: 5 hits|Rock Slide|p1a: Beedrill
|-activate|p1a: Beedrill|Protect
|
|turn|19
|
|move|p2a: 5 hits|Rock Slide|p1a: Beedrill
|-supereffective|p1a: Beedrill
|-damage|p1a: Beedrill|0 fnt
|faint|p1a: Beedrill
|-boost|p2a: 5 hits|atk|1|[from] ability: Moxie
|
|
|switch|p1a: Rotom-Wash|Rotom-Wash|303\/303
|turn|20
|
|switch|p2a: Garden grill|Heatran, M|386\/386
|-damage|p2a: Garden grill|338\/386|[from] Stealth Rock
|move|p1a: Rotom-Wash|Will-O-Wisp|p2a: Garden grill
|-start|p2a: Garden grill|ability: Flash Fire
|
|-heal|p2a: Garden grill|362\/386|[from] item: Leftovers
|turn|21
|
|move|p1a: Rotom-Wash|Hydro Pump|p2a: Garden grill
|-supereffective|p2a: Garden grill
|-damage|p2a: Garden grill|86\/386
|move|p2a: Garden grill|Stealth Rock|p1a: Rotom-Wash
|-sidestart|p1: bsuuuu|move: Stealth Rock
|
|-heal|p2a: Garden grill|110\/386|[from] item: Leftovers
|turn|22
|
|move|p1a: Rotom-Wash|Hydro Pump|p2a: Garden grill
|-supereffective|p2a: Garden grill
|-damage|p2a: Garden grill|0 fnt
|faint|p2a: Garden grill
|
|
|switch|p2a: 5 hits|Heracross, F|207\/302
|-damage|p2a: 5 hits|170\/302|[from] Stealth Rock
|turn|23
|
|move|p2a: 5 hits|Close Combat|p1a: Rotom-Wash
|-crit|p1a: Rotom-Wash
|-damage|p1a: Rotom-Wash|89\/303
|-unboost|p2a: 5 hits|def|1
|-unboost|p2a: 5 hits|spd|1
|move|p1a: Rotom-Wash|Will-O-Wisp|p2a: 5 hits|[miss]
|-miss|p1a: Rotom-Wash|p2a: 5 hits
|
|-heal|p1a: Rotom-Wash|107\/303|[from] item: Leftovers
|turn|24
|
|move|p2a: 5 hits|Close Combat|p1a: Rotom-Wash
|-damage|p1a: Rotom-Wash|0 fnt
|-unboost|p2a: 5 hits|def|1
|-unboost|p2a: 5 hits|spd|1
|faint|p1a: Rotom-Wash
|-boost|p2a: 5 hits|atk|1|[from] ability: Moxie
|
|
|switch|p1a: Landorus-Therian|Landorus-Therian, M|196\/319
|-damage|p1a: Landorus-Therian|157\/319|[from] Stealth Rock
|-ability|p1a: Landorus-Therian|Intimidate|[of] p2a: 5 hits
|-unboost|p2a: 5 hits|atk|1
|turn|25
|
|move|p2a: 5 hits|Close Combat|p1a: Landorus-Therian
|-crit|p1a: Landorus-Therian
|-resisted|p1a: Landorus-Therian
|-damage|p1a: Landorus-Therian|1\/319
|-unboost|p2a: 5 hits|def|1
|-unboost|p2a: 5 hits|spd|1
|move|p1a: Landorus-Therian|Earthquake|p2a: 5 hits
|-resisted|p2a: 5 hits
|-damage|p2a: 5 hits|0 fnt
|faint|p2a: 5 hits
|
|win|bsuuuu
|raw|Ladder updating...
|raw|bsuuuu's rating: 1302 &rarr; <strong>1321<\/strong><br \/>(+19 for winning)
|raw|Kaponidlo's rating: 1285 &rarr; <strong>1262<\/strong><br \/>(-23 for losing)
|c|âbsuuuu|dat 1 h
|c|âbsuuuu|p