|join|xxxtest
|join|bsuuuu
|player|p1|xxxtest|52
|player|p2|bsuuuu|43
|gametype|singles
|gen|6
|tier|OU
|rated
|clearpoke
|poke|p1|Sableye, F
|poke|p1|Talonflame, M
|poke|p1|Tentacruel, M
|poke|p1|Clefable, M
|poke|p1|Gliscor, F
|poke|p1|Bronzong
|poke|p2|Beedrill, M
|poke|p2|Rotom-Wash
|poke|p2|Excadrill, M
|poke|p2|Tyranitar, M
|poke|p2|Landorus-Therian, M
|poke|p2|Greninja, F
|rule|Swagger Clause: Swagger is banned
|rule|Baton Pass Clause: Limit one PokÃ©mon knowing Baton Pass
|rule|Sleep Clause Mod: Limit one foe put to sleep
|rule|Species Clause: Limit one of each PokÃ©mon
|rule|OHKO Clause: OHKO moves are banned
|rule|Moody Clause: Moody is banned
|rule|Evasion Moves Clause: Evasion moves are banned
|rule|Endless Battle Clause: Forcing endless battles is banned
|rule|HP Percentage Mod: HP is shown in percentages
|teampreview
|
|start
|switch|p1a: Sableye|Sableye, F|304\/304
|switch|p2a: Beedrill|Beedrill, M|271\/271
|turn|1
|
|detailschange|p2a: Beedrill|Beedrill-Mega, M
|message|Beedrill has Mega Evolved into Mega Beedrill!
|move|p2a: Beedrill|Protect|p2a: Beedrill
|-singleturn|p2a: Beedrill|Protect
|move|p1a: Sableye|Will-O-Wisp|p2a: Beedrill
|-activate|p2a: Beedrill|Protect
|
|turn|2
|
|switch|p2a: Tyranitar|Tyranitar, M|403\/403
|-weather|Sandstorm
|move|p1a: Sableye|Will-O-Wisp|p2a: Tyranitar
|-status|p2a: Tyranitar|brn
|
|-weather|Sandstorm|[upkeep]
|-damage|p1a: Sableye|285\/304|[from] sandstorm
|-damage|p2a: Tyranitar|353\/403 brn|[from] brn
|turn|3
|
|detailschange|p1a: Sableye|Sableye-Mega, F
|message|Sableye has Mega Evolved into Mega Sableye!
|move|p1a: Sableye|Calm Mind|p1a: Sableye
|-boost|p1a: Sableye|spa|1
|-boost|p1a: Sableye|spd|1
|move|p2a: Tyranitar|Fire Blast|p1a: Sableye
|-damage|p1a: Sableye|237\/304
|-status|p1a: Sableye|brn
|
|-weather|Sandstorm|[upkeep]
|-damage|p1a: Sableye|218\/304 brn|[from] sandstorm
|-damage|p2a: Tyranitar|303\/403 brn|[from] brn
|-damage|p1a: Sableye|180\/304 brn|[from] brn
|turn|4
|c|âxxxtest|....
|
|switch|p2a: Beedrill|Beedrill-Mega, M|271\/271
|switch|p1a: Clefable|Clefable, M|394\/394
|
|-weather|Sandstorm|[upkeep]
|-damage|p2a: Beedrill|255\/271|[from] sandstorm
|-damage|p1a: Clefable|370\/394|[from] sandstorm
|-heal|p1a: Clefable|394\/394|[from] item: Leftovers
|turn|5
|
|switch|p1a: Bronzong|Bronzong|296\/296
|move|p2a: Beedrill|U-turn|p1a: Bronzong
|-damage|p1a: Bronzong|136\/296
|
|switch|p2a: Landorus-Therian|Landorus-Therian, M|319\/319
|-ability|p2a: Landorus-Therian|Intimidate|[of] p1a: Bronzong
|-unboost|p1a: Bronzong|atk|1
|
|-weather|Sandstorm|[upkeep]
|-heal|p1a: Bronzong|154\/296|[from] item: Leftovers
|turn|6
|
|switch|p1a: Sableye|Sableye-Mega, F|180\/304 brn
|move|p2a: Landorus-Therian|Knock Off|p1a: Sableye
|-damage|p1a: Sableye|125\/304 brn
|
|-weather|Sandstorm|[upkeep]
|-damage|p1a: Sableye|106\/304 brn|[from] sandstorm
|-damage|p1a: Sableye|68\/304 brn|[from] brn
|turn|7
|
|switch|p2a: Greninja|Greninja, F|285\/285
|move|p1a: Sableye|Recover|p1a: Sableye
|-heal|p1a: Sableye|220\/304 brn
|
|-weather|Sandstorm|[upkeep]
|-damage|p2a: Greninja|268\/285|[from] sandstorm
|-damage|p1a: Sableye|201\/304 brn|[from] sandstorm
|-damage|p1a: Sableye|163\/304 brn|[from] brn
|turn|8
|
|switch|p1a: Tentacruel|Tentacruel, M|363\/363
|move|p2a: Greninja|Scald|p1a: Tentacruel
|-start|p2a: Greninja|typechange|Water|[from] Protean
|-resisted|p1a: Tentacruel
|-damage|p1a: Tentacruel|308\/363
|-damage|p2a: Greninja|240\/285|[from] item: Life Orb
|
|-weather|Sandstorm|[upkeep]
|-damage|p2a: Greninja|223\/285|[from] sandstorm
|-damage|p1a: Tentacruel|286\/363|[from] sandstorm
|-heal|p1a: Tentacruel|308\/363|[from] item: Black Sludge
|turn|9
|
|switch|p2a: Rotom-Wash|Rotom-Wash|303\/303
|move|p1a: Tentacruel|Knock Off|p2a: Rotom-Wash
|-damage|p2a: Rotom-Wash|266\/303
|-enditem|p2a: Rotom-Wash|Leftovers|[from] move: Knock Off|[of] p1a: Tentacruel
|
|-weather|none
|-heal|p1a: Tentacruel|330\/363|[from] item: Black Sludge
|turn|10
|
|switch|p1a: Gliscor|Gliscor, F|352\/352
|move|p2a: Rotom-Wash|Volt Switch|p1a: Gliscor
|-immune|p1a: Gliscor|[msg]
|
|-status|p1a: Gliscor|tox|[from] item: Toxic Orb
|turn|11
|
|move|p1a: Gliscor|Toxic|p2a: Rotom-Wash
|-status|p2a: Rotom-Wash|tox
|move|p2a: Rotom-Wash|Hydro Pump|p1a: Gliscor
|-supereffective|p1a: Gliscor
|-damage|p1a: Gliscor|74\/352 tox
|
|-heal|p1a: Gliscor|118\/352 tox|[from] ability: Poison Heal
|-damage|p2a: Rotom-Wash|248\/303 tox|[from] psn
|turn|12
|
|switch|p1a: Tentacruel|Tentacruel, M|330\/363
|move|p2a: Rotom-Wash|Hydro Pump|p1a: Tentacruel
|-resisted|p1a: Tentacruel
|-damage|p1a: Tentacruel|282\/363
|
|-heal|p1a: Tentacruel|304\/363|[from] item: Black Sludge
|-damage|p2a: Rotom-Wash|212\/303 tox|[from] psn
|turn|13
|
|switch|p1a: Gliscor|Gliscor, F|118\/352 tox
|move|p2a: Rotom-Wash|Volt Switch|p1a: Gliscor
|-immune|p1a: Gliscor|[msg]
|
|-heal|p1a: Gliscor|162\/352 tox|[from] ability: Poison Heal
|-damage|p2a: Rotom-Wash|158\/303 tox|[from] psn
|turn|14
|
|move|p1a: Gliscor|Roost|p1a: Gliscor
|-heal|p1a: Gliscor|338\/352 tox
|move|p2a: Rotom-Wash|Hydro Pump|p1a: Gliscor
|-supereffective|p1a: Gliscor
|-damage|p1a: Gliscor|60\/352 tox
|
|-heal|p1a: Gliscor|104\/352 tox|[from] ability: Poison Heal
|-damage|p2a: Rotom-Wash|86\/303 tox|[from] psn
|turn|15
|
|switch|p1a: Clefable|Clefable, M|394\/394
|move|p2a: Rotom-Wash|Pain Split|p1a: Clefable
|-sethp|p1a: Clefable|240\/394|p2a: Rotom-Wash|240\/303 tox|[from] move: Pain Split
|
|-heal|p1a: Clefable|264\/394|[from] item: Leftovers
|-damage|p2a: Rotom-Wash|150\/303 tox|[from] psn
|turn|16
|
|move|p1a: Clefable|Protect|p1a: Clefable
|-singleturn|p1a: Clefable|Protect
|move|p2a: Rotom-Wash|Volt Switch|p1a: Clefable
|-activate|p1a: Clefable|Protect
|
|-heal|p1a: Clefable|288\/394|[from] item: Leftovers
|-damage|p2a: Rotom-Wash|42\/303 tox|[from] psn
|turn|17
|
|switch|p1a: Gliscor|Gliscor, F|104\/352 tox
|move|p2a: Rotom-Wash|Pain Split|p1a: Gliscor
|-sethp|p1a: Gliscor|73\/352 tox|p2a: Rotom-Wash|73\/303 tox|[from] move: Pain Split
|
|-heal|p1a: Gliscor|117\/352 tox|[from] ability: Poison Heal
|-damage|p2a: Rotom-Wash|0 fnt|[from] psn
|faint|p2a: Rotom-Wash
|
|switch|p2a: Greninja|Greninja, F|223\/285
|turn|18
|
|switch|p1a: Tentacruel|Tentacruel, M|304\/363
|move|p2a: Greninja|Scald|p1a: Tentacruel
|-start|p2a: Greninja|typechange|Water|[from] Protean
|-resisted|p1a: Tentacruel
|-damage|p1a: Tentacruel|251\/363
|-damage|p2a: Greninja|195\/285|[from] item: Life Orb
|
|-heal|p1a: Tentacruel|273\/363|[from] item: Black Sludge
|turn|19
|
|move|p2a: Greninja|Scald|p1a: Tentacruel
|-crit|p1a: Tentacruel
|-resisted|p1a: Tentacruel
|-damage|p1a: Tentacruel|203\/363
|-damage|p2a: Greninja|167\/285|[from] item: Life Orb
|move|p1a: Tentacruel|Scald|p2a: Greninja
|-resisted|p2a: Greninja
|-damage|p2a: Greninja|113\/285
|-status|p2a: Greninja|brn
|
|-heal|p1a: Tentacruel|225\/363|[from] item: Black Sludge
|-damage|p2a: Greninja|78\/285 brn|[from] brn
|turn|20
|c|âbsuuuu|garbage
|c|âxxxtest|ur brun with fire blast is garbage
|c|âxxxtest|*burn
|
|move|p2a: Greninja|Scald|p1a: Tentacruel
|-resisted|p1a: Tentacruel
|-damage|p1a: Tentacruel|170\/363
|-status|p1a: Tentacruel|brn
|-damage|p2a: Greninja|50\/285 brn|[from] item: Life Orb
|move|p1a: Tentacruel|Knock Off|p2a: Greninja
|-damage|p2a: Greninja|14\/285 brn
|-enditem|p2a: Greninja|Life Orb|[from] move: Knock Off|[of] p1a: Tentacruel
|
|-heal|p1a: Tentacruel|192\/363 brn|[from] item: Black Sludge
|-damage|p2a: Greninja|0 fnt|[from] brn
|-damage|p1a: Tentacruel|147\/363 brn|[from] brn
|faint|p2a: Greninja
|
|switch|p2a: Beedrill|Beedrill-Mega, M|255\/271
|turn|21
|
|switch|p1a: Gliscor|Gliscor, F|117\/352 tox
|move|p2a: Beedrill|U-turn|p1a: Gliscor
|-resisted|p1a: Gliscor
|-damage|p1a: Gliscor|35\/352 tox
|
|switch|p2a: Landorus-Therian|Landorus-Therian, M|319\/319
|-ability|p2a: Landorus-Therian|Intimidate|[of] p1a: Gliscor
|-unboost|p1a: Gliscor|atk|1
|
|-heal|p1a: Gliscor|79\/352 tox|[from] ability: Poison Heal
|turn|22
|
|switch|p1a: Bronzong|Bronzong|154\/296
|move|p2a: Landorus-Therian|Knock Off|p1a: Bronzong
|-supereffective|p1a: Bronzong
|-damage|p1a: Bronzong|0 fnt
|-enditem|p1a: Bronzong|Leftovers|[from] move: Knock Off|[of] p2a: Landorus-Therian
|faint|p1a: Bronzong
|
|
|switch|p1a: Clefable|Clefable, M|288\/394
|turn|23
|
|move|p2a: Landorus-Therian|Knock Off|p1a: Clefable
|-resisted|p1a: Clefable
|-damage|p1a: Clefable|230\/394
|-enditem|p1a: Clefable|Leftovers|[from] move: Knock Off|[of] p2a: Landorus-Therian
|move|p1a: Clefable|Heal Bell|p1a: Clefable
|-cureteam|p1a: Clefable|[from] move: HealBell
|
|turn|24
|
|switch|p2a: Beedrill|Beedrill-Mega, M|255\/271
|move|p1a: Clefable|Wish|p1a: Clefable
|
|turn|25
|
|switch|p1a: Gliscor|Gliscor, F|79\/352
|move|p2a: Beedrill|U-turn|p1a: Gliscor
|-resisted|p1a: Gliscor
|-damage|p1a: Gliscor|4\/352
|
|switch|p2a: Landorus-Therian|Landorus-Therian, M|319\/319
|-ability|p2a: Landorus-Therian|Intimidate|[of] p1a: Gliscor
|-unboost|p1a: Gliscor|atk|1
|
|-heal|p1a: Gliscor|201\/352|[from] move: Wish|[wisher] Clefable
|-status|p1a: Gliscor|tox|[from] item: Toxic Orb
|turn|26
|
|switch|p1a: Sableye|Sableye-Mega, F|163\/304
|move|p2a: Landorus-Therian|Knock Off|p1a: Sableye
|-damage|p1a: Sableye|101\/304
|
|turn|27
|c|âbsuuuu|garbage
|-message|bsuuuu forfeited.
|
|win|xxxtest
|raw|Ladder updating...
|leave|bsuuuu
|player|p2
|raw|xxxtest's rating: 1502 &rarr; <strong>1527<\/strong><br \/>(+25 for winning)
|raw|bsuuuu's rating: 1590 &rarr; <strong>1565<\/strong><br \/>(-25 for losing)