|join|bsuuuu
|join|fireblaze23444
|player|p1|bsuuuu|43
|player|p2|fireblaze23444|283
|gametype|singles
|gen|6
|tier|OU
|rated
|clearpoke
|poke|p1|Beedrill, M
|poke|p1|Rotom-Wash
|poke|p1|Excadrill, F
|poke|p1|Tyranitar, F
|poke|p1|Landorus-Therian, M
|poke|p1|Greninja, M
|poke|p2|Beedrill, M, shiny
|poke|p2|Chandelure, F, shiny
|poke|p2|Sableye, F, shiny
|poke|p2|Nidoking, M, shiny
|poke|p2|Scolipede, F, shiny
|poke|p2|Empoleon, F, shiny
|rule|Swagger Clause: Swagger is banned
|rule|Baton Pass Clause: Limit one PokÃ©mon knowing Baton Pass
|rule|Sleep Clause Mod: Limit one foe put to sleep
|rule|Species Clause: Limit one of each PokÃ©mon
|rule|OHKO Clause: OHKO moves are banned
|rule|Moody Clause: Moody is banned
|rule|Evasion Moves Clause: Evasion moves are banned
|rule|Endless Battle Clause: Forcing endless battles is banned
|rule|HP Percentage Mod: HP is shown in percentages
|teampreview
|
|start
|switch|p1a: Beedrill|Beedrill, M|271\/271
|switch|p2a: Jewels|Sableye, F, shiny|304\/304
|turn|1
|
|detailschange|p1a: Beedrill|Beedrill-Mega, M
|message|Beedrill has Mega Evolved into Mega Beedrill!
|move|p1a: Beedrill|Protect|p1a: Beedrill
|-singleturn|p1a: Beedrill|Protect
|move|p2a: Jewels|Will-O-Wisp|p1a: Beedrill
|-activate|p1a: Beedrill|Protect
|
|turn|2
|
|switch|p1a: Greninja|Greninja, M|285\/285
|move|p2a: Jewels|Will-O-Wisp|p1a: Greninja
|-status|p1a: Greninja|brn
|
|-damage|p1a: Greninja|250\/285 brn|[from] brn
|turn|3
|
|move|p2a: Jewels|Calm Mind|p2a: Jewels
|-boost|p2a: Jewels|spa|1
|-boost|p2a: Jewels|spd|1
|move|p1a: Greninja|U-turn|p2a: Jewels
|-start|p1a: Greninja|typechange|Bug|[from] Protean
|-damage|p2a: Jewels|253\/304
|-damage|p1a: Greninja|222\/285 brn|[from] item: Life Orb
|c|âfireblaze23444|glhf
|
|switch|p1a: Rotom-Wash|Rotom-Wash|303\/303
|
|-heal|p2a: Jewels|272\/304|[from] item: Leftovers
|turn|4
|
|move|p2a: Jewels|Calm Mind|p2a: Jewels
|-boost|p2a: Jewels|spa|1
|-boost|p2a: Jewels|spd|1
|move|p1a: Rotom-Wash|Will-O-Wisp|p2a: Jewels
|-status|p2a: Jewels|brn
|
|-heal|p2a: Jewels|291\/304 brn|[from] item: Leftovers
|-damage|p2a: Jewels|253\/304 brn|[from] brn
|turn|5
|
|move|p1a: Rotom-Wash|Volt Switch|p2a: Jewels
|-damage|p2a: Jewels|195\/304 brn
|
|switch|p1a: Tyranitar|Tyranitar, F|403\/403
|-weather|Sandstorm
|move|p2a: Jewels|Dark Pulse|p1a: Tyranitar
|-resisted|p1a: Tyranitar
|-damage|p1a: Tyranitar|368\/403
|
|-weather|Sandstorm|[upkeep]
|-damage|p2a: Jewels|176\/304 brn|[from] sandstorm
|-heal|p2a: Jewels|195\/304 brn|[from] item: Leftovers
|-damage|p2a: Jewels|157\/304 brn|[from] brn
|turn|6
|c|âfireblaze23444|that 1.5 sp def boost
|
|move|p2a: Jewels|Will-O-Wisp|p1a: Tyranitar
|-status|p1a: Tyranitar|brn
|move|p1a: Tyranitar|Stealth Rock|p2a: Jewels
|-sidestart|p2: fireblaze23444|move: Stealth Rock
|
|-weather|Sandstorm|[upkeep]
|-damage|p2a: Jewels|138\/304 brn|[from] sandstorm
|-heal|p2a: Jewels|157\/304 brn|[from] item: Leftovers
|-damage|p1a: Tyranitar|318\/403 brn|[from] brn
|-damage|p2a: Jewels|119\/304 brn|[from] brn
|turn|7
|
|switch|p1a: Greninja|Greninja, M|222\/285 brn
|move|p2a: Jewels|Recover|p2a: Jewels
|-heal|p2a: Jewels|271\/304 brn
|
|-weather|Sandstorm|[upkeep]
|-damage|p1a: Greninja|205\/285 brn|[from] sandstorm
|-damage|p2a: Jewels|252\/304 brn|[from] sandstorm
|-heal|p2a: Jewels|271\/304 brn|[from] item: Leftovers
|-damage|p1a: Greninja|170\/285 brn|[from] brn
|-damage|p2a: Jewels|233\/304 brn|[from] brn
|turn|8
|
|move|p2a: Jewels|Calm Mind|p2a: Jewels
|-boost|p2a: Jewels|spa|1
|-boost|p2a: Jewels|spd|1
|move|p1a: Greninja|Ice Beam|p2a: Jewels
|-start|p1a: Greninja|typechange|Ice|[from] Protean
|-damage|p2a: Jewels|128\/304 brn
|-damage|p1a: Greninja|142\/285 brn|[from] item: Life Orb
|
|-weather|Sandstorm|[upkeep]
|-damage|p1a: Greninja|125\/285 brn|[from] sandstorm
|-damage|p2a: Jewels|109\/304 brn|[from] sandstorm
|-heal|p2a: Jewels|128\/304 brn|[from] item: Leftovers
|-damage|p1a: Greninja|90\/285 brn|[from] brn
|-damage|p2a: Jewels|90\/304 brn|[from] brn
|turn|9
|
|move|p2a: Jewels|Recover|p2a: Jewels
|-heal|p2a: Jewels|242\/304 brn
|move|p1a: Greninja|Ice Beam|p2a: Jewels
|-damage|p2a: Jewels|132\/304 brn
|-damage|p1a: Greninja|62\/285 brn|[from] item: Life Orb
|
|-weather|Sandstorm|[upkeep]
|-damage|p1a: Greninja|45\/285 brn|[from] sandstorm
|-damage|p2a: Jewels|113\/304 brn|[from] sandstorm
|-heal|p2a: Jewels|132\/304 brn|[from] item: Leftovers
|-damage|p1a: Greninja|10\/285 brn|[from] brn
|-damage|p2a: Jewels|94\/304 brn|[from] brn
|turn|10
|
|move|p2a: Jewels|Recover|p2a: Jewels
|-heal|p2a: Jewels|246\/304 brn
|move|p1a: Greninja|Ice Beam|p2a: Jewels
|-damage|p2a: Jewels|141\/304 brn
|-damage|p1a: Greninja|0 fnt|[from] item: Life Orb
|faint|p1a: Greninja
|
|-weather|Sandstorm|[upkeep]
|-damage|p2a: Jewels|122\/304 brn|[from] sandstorm
|-heal|p2a: Jewels|141\/304 brn|[from] item: Leftovers
|-damage|p2a: Jewels|103\/304 brn|[from] brn
|
|switch|p1a: Excadrill|Excadrill, F|361\/361
|turn|11
|
|move|p2a: Jewels|Will-O-Wisp|p1a: Excadrill
|-status|p1a: Excadrill|brn
|move|p1a: Excadrill|Earthquake|p2a: Jewels
|-damage|p2a: Jewels|16\/304 brn
|
|-weather|Sandstorm|[upkeep]
|-damage|p2a: Jewels|0 fnt|[from] sandstorm
|-damage|p1a: Excadrill|316\/361 brn|[from] brn
|faint|p2a: Jewels
|c|âfireblaze23444|you did great little buddy
|
|switch|p2a: Imperial|Empoleon, F, shiny|372\/372
|-damage|p2a: Imperial|349\/372|[from] Stealth Rock
|turn|12
|
|move|p1a: Excadrill|Earthquake|p2a: Imperial
|-supereffective|p2a: Imperial
|-damage|p2a: Imperial|191\/372
|move|p2a: Imperial|Defog|p1a: Excadrill
|-unboost|p1a: Excadrill|evasion|1
|-sideend|p2: fireblaze23444|Stealth Rock|[from] move: Defog|[of] p2a: Imperial
|
|-weather|none
|-heal|p2a: Imperial|214\/372|[from] item: Leftovers
|-damage|p1a: Excadrill|271\/361 brn|[from] brn
|turn|13
|
|move|p1a: Excadrill|Earthquake|p2a: Imperial
|-supereffective|p2a: Imperial
|-damage|p2a: Imperial|56\/372
|move|p2a: Imperial|Stealth Rock|p1a: Excadrill
|-sidestart|p1: bsuuuu|move: Stealth Rock
|
|-heal|p2a: Imperial|79\/372|[from] item: Leftovers
|-damage|p1a: Excadrill|226\/361 brn|[from] brn
|turn|14
|
|switch|p2a: Spooksie|Chandelure, F, shiny|323\/323
|move|p1a: Excadrill|Rapid Spin|p2a: Spooksie
|-immune|p2a: Spooksie|[msg]
|
|-damage|p1a: Excadrill|181\/361 brn|[from] brn
|turn|15
|c|âbsuuuu|really
|c|âfireblaze23444|OMG that worked
|c|âfireblaze23444|i was so worried that would not work
|c|âbsuuuu|so bad
|
|switch|p1a: Tyranitar|Tyranitar, F|318\/403 brn
|-damage|p1a: Tyranitar|268\/403 brn|[from] Stealth Rock
|-weather|Sandstorm
|move|p2a: Spooksie|Flamethrower|p1a: Tyranitar
|-resisted|p1a: Tyranitar
|-damage|p1a: Tyranitar|227\/403 brn
|
|-weather|Sandstorm|[upkeep]
|-damage|p2a: Spooksie|303\/323|[from] sandstorm
|-heal|p2a: Spooksie|323\/323|[from] item: Leftovers
|-damage|p1a: Tyranitar|177\/403 brn|[from] brn
|turn|16
|
|switch|p2a: Imperial|Empoleon, F, shiny|79\/372
|move|p1a: Tyranitar|Stealth Rock|p2a: Imperial
|-sidestart|p2: fireblaze23444|move: Stealth Rock
|
|-weather|Sandstorm|[upkeep]
|-heal|p2a: Imperial|102\/372|[from] item: Leftovers
|-damage|p1a: Tyranitar|127\/403 brn|[from] brn
|turn|17
|
|switch|p1a: Rotom-Wash|Rotom-Wash|303\/303
|-damage|p1a: Rotom-Wash|266\/303|[from] Stealth Rock
|move|p2a: Imperial|Scald|p1a: Rotom-Wash
|-resisted|p1a: Rotom-Wash
|-damage|p1a: Rotom-Wash|192\/303
|-status|p1a: Rotom-Wash|brn
|
|-weather|Sandstorm|[upkeep]
|-damage|p1a: Rotom-Wash|174\/303 brn|[from] sandstorm
|-heal|p1a: Rotom-Wash|192\/303 brn|[from] item: Leftovers
|-heal|p2a: Imperial|125\/372|[from] item: Leftovers
|-damage|p1a: Rotom-Wash|155\/303 brn|[from] brn
|turn|18
|
|switch|p2a: Hi I'm Blue|Nidoking, M, shiny|304\/304
|-damage|p2a: Hi I'm Blue|285\/304|[from] Stealth Rock
|move|p1a: Rotom-Wash|Volt Switch|p2a: Hi I'm Blue
|-immune|p2a: Hi I'm Blue|[msg]
|
|-weather|Sandstorm|[upkeep]
|-damage|p1a: Rotom-Wash|137\/303 brn|[from] sandstorm
|-heal|p1a: Rotom-Wash|155\/303 brn|[from] item: Leftovers
|-damage|p1a: Rotom-Wash|118\/303 brn|[from] brn
|turn|19
|
|switch|p1a: Excadrill|Excadrill, F|181\/361 brn
|-damage|p1a: Excadrill|170\/361 brn|[from] Stealth Rock
|move|p2a: Hi I'm Blue|Ice Beam|p1a: Excadrill
|-damage|p1a: Excadrill|35\/361 brn
|
|-weather|Sandstorm|[upkeep]
|-damage|p1a: Excadrill|0 fnt|[from] brn
|faint|p1a: Excadrill
|
|switch|p1a: Landorus-Therian|Landorus-Therian, M|319\/319
|-damage|p1a: Landorus-Therian|280\/319|[from] Stealth Rock
|-ability|p1a: Landorus-Therian|Intimidate|[of] p2a: Hi I'm Blue
|-unboost|p2a: Hi I'm Blue|atk|1
|turn|20
|
|move|p1a: Landorus-Therian|Earthquake|p2a: Hi I'm Blue
|-supereffective|p2a: Hi I'm Blue
|-damage|p2a: Hi I'm Blue|0 fnt
|faint|p2a: Hi I'm Blue
|
|-weather|Sandstorm|[upkeep]
|
|switch|p2a: Spooksie|Chandelure, F, shiny|323\/323
|-damage|p2a: Spooksie|243\/323|[from] Stealth Rock
|turn|21
|
|move|p1a: Landorus-Therian|Earthquake|p2a: Spooksie
|-supereffective|p2a: Spooksie
|-damage|p2a: Spooksie|0 fnt
|faint|p2a: Spooksie
|
|-weather|Sandstorm|[upkeep]
|c|âfireblaze23444|xD and here i go skrewing things up
|
|switch|p2a: Toxic|Scolipede, F, shiny|323\/323
|-damage|p2a: Toxic|243\/323|[from] Stealth Rock
|turn|22
|
|move|p2a: Toxic|Protect|p2a: Toxic
|-singleturn|p2a: Toxic|Protect
|move|p1a: Landorus-Therian|Earthquake|p2a: Toxic
|-activate|p2a: Toxic|Protect
|
|-weather|none
|-heal|p2a: Toxic|263\/323|[from] item: Black Sludge
|-boost|p2a: Toxic|spe|1|[from] ability: Speed Boost
|turn|23
|
|move|p2a: Toxic|Iron Defense|p2a: Toxic
|-boost|p2a: Toxic|def|2
|move|p1a: Landorus-Therian|Earthquake|p2a: Toxic
|-damage|p2a: Toxic|139\/323
|
|-heal|p2a: Toxic|159\/323|[from] item: Black Sludge
|-boost|p2a: Toxic|spe|1|[from] ability: Speed Boost
|turn|24
|
|move|p2a: Toxic|Protect|p2a: Toxic
|-singleturn|p2a: Toxic|Protect
|move|p1a: Landorus-Therian|Earthquake|p2a: Toxic
|-activate|p2a: Toxic|Protect
|
|-heal|p2a: Toxic|179\/323|[from] item: Black Sludge
|-boost|p2a: Toxic|spe|1|[from] ability: Speed Boost
|turn|25
|
|move|p2a: Toxic|Iron Defense|p2a: Toxic
|-boost|p2a: Toxic|def|2
|move|p1a: Landorus-Therian|Earthquake|p2a: Toxic
|-damage|p2a: Toxic|98\/323
|
|-heal|p2a: Toxic|118\/323|[from] item: Black Sludge
|-boost|p2a: Toxic|spe|1|[from] ability: Speed Boost
|turn|26
|
|move|p2a: Toxic|Protect|p2a: Toxic
|-singleturn|p2a: Toxic|Protect
|move|p1a: Landorus-Therian|Earthquake|p2a: Toxic
|-activate|p2a: Toxic|Protect
|
|-heal|p2a: Toxic|138\/323|[from] item: Black Sludge
|-boost|p2a: Toxic|spe|1|[from] ability: Speed Boost
|turn|27
|
|move|p2a: Toxic|Iron Defense|p2a: Toxic
|-boost|p2a: Toxic|def|2
|move|p1a: Landorus-Therian|Earthquake|p2a: Toxic
|-damage|p2a: Toxic|75\/323
|
|-heal|p2a: Toxic|95\/323|[from] item: Black Sludge
|-boost|p2a: Toxic|spe|1|[from] ability: Speed Boost
|turn|28
|
|move|p2a: Toxic|Protect|p2a: Toxic
|-singleturn|p2a: Toxic|Protect
|move|p1a: Landorus-Therian|Earthquake|p2a: Toxic
|-activate|p2a: Toxic|Protect
|
|-heal|p2a: Toxic|115\/323|[from] item: Black Sludge
|turn|29
|
|move|p2a: Toxic|Swords Dance|p2a: Toxic
|-boost|p2a: Toxic|atk|2
|move|p1a: Landorus-Therian|Earthquake|p2a: Toxic
|-damage|p2a: Toxic|55\/323
|
|-heal|p2a: Toxic|75\/323|[from] item: Black Sludge
|turn|30
|
|move|p2a: Toxic|Protect|p2a: Toxic
|-singleturn|p2a: Toxic|Protect
|move|p1a: Landorus-Therian|Earthquake|p2a: Toxic
|-activate|p2a: Toxic|Protect
|
|-heal|p2a: Toxic|95\/323|[from] item: Black Sludge
|turn|31
|
|move|p2a: Toxic|Swords Dance|p2a: Toxic
|-boost|p2a: Toxic|atk|2
|move|p1a: Landorus-Therian|Earthquake|p2a: Toxic
|-damage|p2a: Toxic|38\/323
|
|-heal|p2a: Toxic|58\/323|[from] item: Black Sludge
|turn|32
|
|switch|p1a: Tyranitar|Tyranitar, F|127\/403 brn
|-damage|p1a: Tyranitar|77\/403 brn|[from] Stealth Rock
|-weather|Sandstorm
|move|p2a: Toxic|Protect|p2a: Toxic
|-fail|p2a: Toxic
|
|-weather|Sandstorm|[upkeep]
|-damage|p2a: Toxic|38\/323|[from] sandstorm
|-heal|p2a: Toxic|58\/323|[from] item: Black Sludge
|-damage|p1a: Tyranitar|27\/403 brn|[from] brn
|turn|33
|
|move|p2a: Toxic|Protect|p2a: Toxic
|-singleturn|p2a: Toxic|Protect
|move|p1a: Tyranitar|Fire Blast|p2a: Toxic
|-activate|p2a: Toxic|Protect
|
|-weather|Sandstorm|[upkeep]
|-damage|p2a: Toxic|38\/323|[from] sandstorm
|-heal|p2a: Toxic|58\/323|[from] item: Black Sludge
|-damage|p1a: Tyranitar|0 fnt|[from] brn
|faint|p1a: Tyranitar
|
|switch|p1a: Landorus-Therian|Landorus-Therian, M|280\/319
|-damage|p1a: Landorus-Therian|241\/319|[from] Stealth Rock
|-ability|p1a: Landorus-Therian|Intimidate|[of] p2a: Toxic
|-unboost|p2a: Toxic|atk|1
|turn|34
|
|move|p2a: Toxic|Baton Pass|p2a: Toxic
|
|switch|p2a: Hachimitsu|Beedrill, M, shiny|271\/271
|-damage|p2a: Hachimitsu|204\/271|[from] Stealth Rock
|move|p1a: Landorus-Therian|Earthquake|p2a: Hachimitsu
|-damage|p2a: Hachimitsu|90\/271
|
|-weather|Sandstorm|[upkeep]
|-damage|p2a: Hachimitsu|74\/271|[from] sandstorm
|turn|35
|c|âfireblaze23444|gg i cant win
|c|âfireblaze23444|i should have tried to get rid of rocks
|
|switch|p1a: Rotom-Wash|Rotom-Wash|118\/303 brn
|-damage|p1a: Rotom-Wash|81\/303 brn|[from] Stealth Rock
|detailschange|p2a: Hachimitsu|Beedrill-Mega, M, shiny
|message|Beedrill has Mega Evolved into Mega Beedrill!
|move|p2a: Hachimitsu|Protect|p2a: Hachimitsu
|-fail|p2a: Hachimitsu
|
|-weather|Sandstorm|[upkeep]
|-damage|p2a: Hachimitsu|58\/271|[from] sandstorm
|-damage|p1a: Rotom-Wash|63\/303 brn|[from] sandstorm
|-heal|p1a: Rotom-Wash|81\/303 brn|[from] item: Leftovers
|-damage|p1a: Rotom-Wash|44\/303 brn|[from] brn
|turn|36
|
|move|p2a: Hachimitsu|Poison Jab|p1a: Rotom-Wash
|-damage|p1a: Rotom-Wash|0 fnt
|faint|p1a: Rotom-Wash
|
|-weather|Sandstorm|[upkeep]
|-damage|p2a: Hachimitsu|42\/271|[from] sandstorm
|
|switch|p1a: Beedrill|Beedrill-Mega, M|271\/271
|-damage|p1a: Beedrill|204\/271|[from] Stealth Rock
|turn|37
|
|move|p1a: Beedrill|Protect|p1a: Beedrill
|-singleturn|p1a: Beedrill|Protect
|move|p2a: Hachimitsu|X-Scissor|p1a: Beedrill
|-activate|p1a: Beedrill|Protect
|
|-weather|Sandstorm|[upkeep]
|-damage|p2a: Hachimitsu|26\/271|[from] sandstorm
|-damage|p1a: Beedrill|188\/271|[from] sandstorm
|turn|38
|
|switch|p1a: Landorus-Therian|Landorus-Therian, M|241\/319
|-damage|p1a: Landorus-Therian|202\/319|[from] Stealth Rock
|-ability|p1a: Landorus-Therian|Intimidate|[of] p2a: Hachimitsu
|-unboost|p2a: Hachimitsu|atk|1
|move|p2a: Hachimitsu|X-Scissor|p1a: Landorus-Therian
|-resisted|p1a: Landorus-Therian
|-damage|p1a: Landorus-Therian|0 fnt
|faint|p1a: Landorus-Therian
|
|-weather|Sandstorm|[upkeep]
|-damage|p2a: Hachimitsu|10\/271|[from] sandstorm
|
|switch|p1a: Beedrill|Beedrill-Mega, M|188\/271
|-damage|p1a: Beedrill|121\/271|[from] Stealth Rock
|turn|39
|
|move|p1a: Beedrill|Protect|p1a: Beedrill
|-singleturn|p1a: Beedrill|Protect
|move|p2a: Hachimitsu|X-Scissor|p1a: Beedrill
|-activate|p1a: Beedrill|Protect
|
|-weather|none
|turn|40
|c|âfireblaze23444|nice and no risk made
|c|âfireblaze23444|gg
|c|âbsuuuu|garbage
|-message|bsuuuu forfeited.
|
|win|fireblaze23444
|raw|Ladder updating...
|leave|bsuuuu
|player|p1
|raw|bsuuuu's rating: 1286 &rarr; <strong>1255<\/strong><br \/>(-31 for losing)
|raw|fireblaze23444's rating: 1207 &rarr; <strong>1237<\/strong><br \/>(+30 for winning)