|join|fuckyoo im asian
|join|bsuuuu
|player|p1|fuckyoo im asian|169
|player|p2|bsuuuu|43
|gametype|singles
|gen|6
|tier|OU
|rated
|clearpoke
|poke|p1|Staraptor, M
|poke|p1|Pidgeot, M
|poke|p1|Latias, F
|poke|p1|Excadrill, M
|poke|p1|Landorus-Therian, M
|poke|p1|Rotom-Wash
|poke|p2|Metagross
|poke|p2|Talonflame, F
|poke|p2|Magneton
|poke|p2|Latias, F
|poke|p2|Mew
|poke|p2|Slowbro, F
|rule|Swagger Clause: Swagger is banned
|rule|Baton Pass Clause: Limit one PokÃ©mon knowing Baton Pass
|rule|Sleep Clause Mod: Limit one foe put to sleep
|rule|Species Clause: Limit one of each PokÃ©mon
|rule|OHKO Clause: OHKO moves are banned
|rule|Moody Clause: Moody is banned
|rule|Evasion Moves Clause: Evasion moves are banned
|rule|Endless Battle Clause: Forcing endless battles is banned
|rule|HP Percentage Mod: HP is shown in percentages
|teampreview
|
|start
|switch|p1a: Pidgeot|Pidgeot, M|307\/307
|switch|p2a: Mew|Mew|403\/403
|turn|1
|
|switch|p2a: Magneton|Magneton|241\/241
|detailschange|p1a: Pidgeot|Pidgeot-Mega, M
|-mega|p1a: Pidgeot|Pidgeot|Pidgeotite
|move|p1a: Pidgeot|Hurricane|p2a: Magneton
|-resisted|p2a: Magneton
|-damage|p2a: Magneton|175\/241
|
|turn|2
|
|switch|p2a: Mew|Mew|403\/403
|move|p1a: Pidgeot|Heat Wave|p2a: Mew
|-damage|p2a: Mew|303\/403
|-status|p2a: Mew|brn
|-status|p1a: Pidgeot|brn
|
|-heal|p2a: Mew|328\/403 brn|[from] item: Leftovers
|-damage|p1a: Pidgeot|269\/307 brn|[from] brn
|-damage|p2a: Mew|278\/403 brn|[from] brn
|turn|3
|
|switch|p2a: Magneton|Magneton|175\/241
|move|p1a: Pidgeot|Hurricane|p2a: Magneton
|-resisted|p2a: Magneton
|-damage|p2a: Magneton|112\/241
|
|-damage|p1a: Pidgeot|231\/307 brn|[from] brn
|turn|4
|
|switch|p2a: Mew|Mew|278\/403 brn
|switch|p1a: Excadrill|Excadrill, M|377\/377
|-ability|p1a: Excadrill|Mold Breaker
|
|-heal|p2a: Mew|303\/403 brn|[from] item: Leftovers
|-damage|p2a: Mew|253\/403 brn|[from] brn
|turn|5
|
|move|p1a: Excadrill|Iron Head|p2a: Mew
|-damage|p2a: Mew|91\/403 brn
|move|p2a: Mew|Soft-Boiled|p2a: Mew
|-heal|p2a: Mew|293\/403 brn
|
|-heal|p2a: Mew|318\/403 brn|[from] item: Leftovers
|-damage|p2a: Mew|268\/403 brn|[from] brn
|turn|6
|
|switch|p2a: Slowbro|Slowbro, F|393\/393
|move|p1a: Excadrill|Iron Head|p2a: Slowbro
|-crit|p2a: Slowbro
|-resisted|p2a: Slowbro
|-damage|p2a: Slowbro|306\/393
|
|-heal|p2a: Slowbro|330\/393|[from] item: Leftovers
|turn|7
|join|tmmh
|
|switch|p1a: Rotom-Wash|Rotom-Wash|304\/304
|move|p2a: Slowbro|Scald|p1a: Rotom-Wash
|-resisted|p1a: Rotom-Wash
|-damage|p1a: Rotom-Wash|257\/304
|
|-heal|p1a: Rotom-Wash|276\/304|[from] item: Leftovers
|-heal|p2a: Slowbro|354\/393|[from] item: Leftovers
|turn|8
|
|move|p1a: Rotom-Wash|Volt Switch|p2a: Slowbro
|-supereffective|p2a: Slowbro
|-damage|p2a: Slowbro|166\/393
|
|switch|p1a: Latias|Latias, F|319\/319
|move|p2a: Slowbro|Scald|p1a: Latias
|-resisted|p1a: Latias
|-damage|p1a: Latias|284\/319
|-status|p1a: Latias|brn
|
|-heal|p2a: Slowbro|190\/393|[from] item: Leftovers
|-damage|p1a: Latias|245\/319 brn|[from] brn
|turn|9
|
|switch|p2a: Metagross|Metagross|302\/302
|move|p1a: Latias|Draco Meteor|p2a: Metagross|[miss]
|-miss|p1a: Latias|p2a: Metagross
|
|-damage|p1a: Latias|206\/319 brn|[from] brn
|turn|10
|
|switch|p1a: Rotom-Wash|Rotom-Wash|276\/304
|detailschange|p2a: Metagross|Metagross-Mega
|-mega|p2a: Metagross|Metagross|Metagrossite
|move|p2a: Metagross|Zen Headbutt|p1a: Rotom-Wash
|-crit|p1a: Rotom-Wash
|-damage|p1a: Rotom-Wash|53\/304
|
|-heal|p1a: Rotom-Wash|72\/304|[from] item: Leftovers
|turn|11
|
|switch|p1a: Excadrill|Excadrill, M|377\/377
|-ability|p1a: Excadrill|Mold Breaker
|move|p2a: Metagross|Zen Headbutt|p1a: Excadrill
|-resisted|p1a: Excadrill
|-damage|p1a: Excadrill|235\/377
|
|turn|12
|
|switch|p1a: Rotom-Wash|Rotom-Wash|72\/304
|switch|p2a: Slowbro|Slowbro, F|321\/393
|
|-heal|p1a: Rotom-Wash|91\/304|[from] item: Leftovers
|-heal|p2a: Slowbro|345\/393|[from] item: Leftovers
|turn|13
|
|switch|p2a: Mew|Mew|268\/403 brn
|move|p1a: Rotom-Wash|Pain Split|p2a: Mew
|-sethp|p2a: Mew|179\/403 brn|p1a: Rotom-Wash|179\/304|[from] move: Pain Split
|
|-heal|p2a: Mew|204\/403 brn|[from] item: Leftovers
|-heal|p1a: Rotom-Wash|198\/304|[from] item: Leftovers
|-damage|p2a: Mew|154\/403 brn|[from] brn
|turn|14
|
|move|p2a: Mew|Soft-Boiled|p2a: Mew
|-heal|p2a: Mew|356\/403 brn
|move|p1a: Rotom-Wash|Volt Switch|p2a: Mew
|-damage|p2a: Mew|283\/403 brn
|
|switch|p1a: Landorus-Therian|Landorus-Therian, M|341\/341
|-ability|p1a: Landorus-Therian|Intimidate|[of] p2a: Mew
|-unboost|p2a: Mew|atk|1
|
|-heal|p2a: Mew|308\/403 brn|[from] item: Leftovers
|-damage|p2a: Mew|258\/403 brn|[from] brn
|turn|15
|
|move|p2a: Mew|Will-O-Wisp|p1a: Landorus-Therian
|-status|p1a: Landorus-Therian|brn
|move|p1a: Landorus-Therian|Knock Off|p2a: Mew
|-supereffective|p2a: Mew
|-damage|p2a: Mew|120\/403 brn
|-enditem|p2a: Mew|Leftovers|[from] move: Knock Off|[of] p1a: Landorus-Therian
|
|-damage|p2a: Mew|70\/403 brn|[from] brn
|-damage|p1a: Landorus-Therian|299\/341 brn|[from] brn
|turn|16
|
|move|p2a: Mew|Soft-Boiled|p2a: Mew
|-heal|p2a: Mew|272\/403 brn
|move|p1a: Landorus-Therian|Stealth Rock|p2a: Mew
|-sidestart|p2: bsuuuu|move: Stealth Rock
|
|-damage|p2a: Mew|222\/403 brn|[from] brn
|-damage|p1a: Landorus-Therian|257\/341 brn|[from] brn
|turn|17
|
|move|p2a: Mew|Heal Bell|p2a: Mew
|-cureteam|p2a: Mew|[from] move: HealBell
|move|p1a: Landorus-Therian|U-turn|p2a: Mew
|-supereffective|p2a: Mew
|-damage|p2a: Mew|122\/403
|
|switch|p1a: Staraptor|Staraptor, M|311\/311
|
|turn|18
|
|switch|p2a: Magneton|Magneton|112\/241
|-damage|p2a: Magneton|97\/241|[from] Stealth Rock
|move|p1a: Staraptor|U-turn|p2a: Magneton
|-resisted|p2a: Magneton
|-damage|p2a: Magneton|39\/241
|
|switch|p1a: Excadrill|Excadrill, M|235\/377
|-ability|p1a: Excadrill|Mold Breaker
|
|turn|19
|
|switch|p2a: Latias|Latias, F|305\/305
|-damage|p2a: Latias|267\/305|[from] Stealth Rock
|move|p1a: Excadrill|Earthquake|p2a: Latias
|-damage|p2a: Latias|62\/305
|
|turn|20
|c|âbsuuuu|derp
|c|âfuckyoo im asian|lol
|c|âfuckyoo im asian|even i forgot
|
|move|p1a: Excadrill|Earthquake|p2a: Latias
|-damage|p2a: Latias|0 fnt
|faint|p2a: Latias
|
|c|âfuckyoo im asian|this is a new team
|c|âbsuuuu|nuuuu
|
|switch|p2a: Slowbro|Slowbro, F|393\/393
|-damage|p2a: Slowbro|344\/393|[from] Stealth Rock
|turn|21
|
|switch|p1a: Rotom-Wash|Rotom-Wash|198\/304
|switch|p2a: Mew|Mew|122\/403
|-damage|p2a: Mew|72\/403|[from] Stealth Rock
|
|-heal|p1a: Rotom-Wash|217\/304|[from] item: Leftovers
|turn|22
|join|Professional 01
|
|move|p2a: Mew|Soft-Boiled|p2a: Mew
|-heal|p2a: Mew|274\/403
|move|p1a: Rotom-Wash|Volt Switch|p2a: Mew
|-damage|p2a: Mew|205\/403
|
|switch|p1a: Staraptor|Staraptor, M|311\/311
|
|turn|23
|
|switch|p2a: Magneton|Magneton|39\/241
|-damage|p2a: Magneton|24\/241|[from] Stealth Rock
|move|p1a: Staraptor|U-turn|p2a: Magneton
|-resisted|p2a: Magneton
|-damage|p2a: Magneton|0 fnt
|faint|p2a: Magneton
|
|switch|p1a: Rotom-Wash|Rotom-Wash|217\/304
|
|-heal|p1a: Rotom-Wash|236\/304|[from] item: Leftovers
|
|switch|p2a: Mew|Mew|205\/403
|-damage|p2a: Mew|155\/403|[from] Stealth Rock
|turn|24
|
|move|p2a: Mew|Will-O-Wisp|p1a: Rotom-Wash
|-status|p1a: Rotom-Wash|brn
|move|p1a: Rotom-Wash|Volt Switch|p2a: Mew
|-damage|p2a: Mew|88\/403
|
|switch|p1a: Staraptor|Staraptor, M|311\/311
|
|turn|25
|
|move|p1a: Staraptor|U-turn|p2a: Mew
|-supereffective|p2a: Mew
|-damage|p2a: Mew|0 fnt
|faint|p2a: Mew
|
|switch|p1a: Rotom-Wash|Rotom-Wash|236\/304 brn
|
|-heal|p1a: Rotom-Wash|255\/304 brn|[from] item: Leftovers
|-damage|p1a: Rotom-Wash|217\/304 brn|[from] brn
|
|switch|p2a: Slowbro|Slowbro, F|393\/393
|-damage|p2a: Slowbro|344\/393|[from] Stealth Rock
|turn|26
|
|move|p1a: Rotom-Wash|Will-O-Wisp|p2a: Slowbro
|-status|p2a: Slowbro|brn
|move|p2a: Slowbro|Scald|p1a: Rotom-Wash
|-resisted|p1a: Rotom-Wash
|-damage|p1a: Rotom-Wash|175\/304 brn
|
|-heal|p1a: Rotom-Wash|194\/304 brn|[from] item: Leftovers
|-heal|p2a: Slowbro|368\/393 brn|[from] item: Leftovers
|-damage|p1a: Rotom-Wash|156\/304 brn|[from] brn
|-damage|p2a: Slowbro|319\/393 brn|[from] brn
|turn|27
|leave|tmmh
|
|move|p1a: Rotom-Wash|Hydro Pump|p2a: Slowbro
|-resisted|p2a: Slowbro
|-damage|p2a: Slowbro|244\/393 brn
|move|p2a: Slowbro|Slack Off|p2a: Slowbro
|-heal|p2a: Slowbro|393\/393 brn
|
|-heal|p1a: Rotom-Wash|175\/304 brn|[from] item: Leftovers
|-damage|p1a: Rotom-Wash|137\/304 brn|[from] brn
|-damage|p2a: Slowbro|344\/393 brn|[from] brn
|turn|28
|join|tmmh
|leave|tmmh
|
|move|p1a: Rotom-Wash|Volt Switch|p2a: Slowbro
|-supereffective|p2a: Slowbro
|-damage|p2a: Slowbro|162\/393 brn
|
|switch|p1a: Latias|Latias, F|206\/319 brn
|move|p2a: Slowbro|Scald|p1a: Latias
|-crit|p1a: Latias
|-resisted|p1a: Latias
|-damage|p1a: Latias|152\/319 brn
|
|-heal|p2a: Slowbro|186\/393 brn|[from] item: Leftovers
|-damage|p1a: Latias|113\/319 brn|[from] brn
|-damage|p2a: Slowbro|137\/393 brn|[from] brn
|turn|29
|
|switch|p2a: Metagross|Metagross-Mega|302\/302
|-damage|p2a: Metagross|284\/302|[from] Stealth Rock
|move|p1a: Latias|Draco Meteor|p2a: Metagross
|-resisted|p2a: Metagross
|-damage|p2a: Metagross|168\/302
|-unboost|p1a: Latias|spa|2
|-damage|p1a: Latias|82\/319 brn|[from] item: Life Orb
|
|-damage|p1a: Latias|43\/319 brn|[from] brn
|turn|30
|
|switch|p1a: Rotom-Wash|Rotom-Wash|137\/304 brn
|move|p2a: Metagross|Bullet Punch|p1a: Rotom-Wash
|-resisted|p1a: Rotom-Wash
|-damage|p1a: Rotom-Wash|119\/304 brn
|
|-heal|p1a: Rotom-Wash|138\/304 brn|[from] item: Leftovers
|-damage|p1a: Rotom-Wash|100\/304 brn|[from] brn
|turn|31
|
|move|p2a: Metagross|Zen Headbutt|p1a: Rotom-Wash
|-damage|p1a: Rotom-Wash|0 fnt
|faint|p1a: Rotom-Wash
|
|
|switch|p1a: Excadrill|Excadrill, M|235\/377
|-ability|p1a: Excadrill|Mold Breaker
|turn|32
|
|switch|p1a: Pidgeot|Pidgeot-Mega, M|231\/307 brn
|switch|p2a: Talonflame|Talonflame, F|319\/319
|-damage|p2a: Talonflame|160\/319|[from] Stealth Rock
|
|-damage|p1a: Pidgeot|193\/307 brn|[from] brn
|turn|33
|
|move|p2a: Talonflame|Brave Bird|p1a: Pidgeot
|-damage|p1a: Pidgeot|0 fnt
|-damage|p2a: Talonflame|96\/319|[from] recoil|[of] p1a: Pidgeot
|faint|p1a: Pidgeot
|
|
|switch|p1a: Landorus-Therian|Landorus-Therian, M|257\/341 brn
|-ability|p1a: Landorus-Therian|Intimidate|[of] p2a: Talonflame
|-unboost|p2a: Talonflame|atk|1
|turn|34
|
|move|p2a: Talonflame|Roost|p2a: Talonflame
|-heal|p2a: Talonflame|256\/319
|move|p1a: Landorus-Therian|Knock Off|p2a: Talonflame
|-damage|p2a: Talonflame|171\/319
|-enditem|p2a: Talonflame|Sharp Beak|[from] move: Knock Off|[of] p1a: Landorus-Therian
|
|-damage|p1a: Landorus-Therian|215\/341 brn|[from] brn
|turn|35
|
|move|p2a: Talonflame|Roost|p2a: Talonflame
|-heal|p2a: Talonflame|319\/319
|move|p1a: Landorus-Therian|U-turn|p2a: Talonflame
|-resisted|p2a: Talonflame
|-damage|p2a: Talonflame|284\/319
|
|switch|p1a: Staraptor|Staraptor, M|311\/311
|
|turn|36
|
|move|p2a: Talonflame|Brave Bird|p1a: Staraptor
|-damage|p1a: Staraptor|163\/311
|-damage|p2a: Talonflame|235\/319|[from] recoil|[of] p1a: Staraptor
|move|p1a: Staraptor|Double-Edge|p2a: Talonflame
|-damage|p2a: Talonflame|0 fnt
|-damage|p1a: Staraptor|85\/311|[from] recoil|[of] p2a: Talonflame
|faint|p2a: Talonflame
|
|
|switch|p2a: Metagross|Metagross-Mega|168\/302
|-damage|p2a: Metagross|150\/302|[from] Stealth Rock
|turn|37
|
|move|p2a: Metagross|Meteor Mash|p1a: Staraptor
|-damage|p1a: Staraptor|0 fnt
|faint|p1a: Staraptor
|
|
|switch|p1a: Excadrill|Excadrill, M|235\/377
|-ability|p1a: Excadrill|Mold Breaker
|turn|38
|c|âfuckyoo im asian|i think it's gg
|
|move|p2a: Metagross|Bullet Punch|p1a: Excadrill
|-resisted|p1a: Excadrill
|-damage|p1a: Excadrill|152\/377
|move|p1a: Excadrill|Earthquake|p2a: Metagross
|-supereffective|p2a: Metagross
|-damage|p2a: Metagross|0 fnt
|faint|p2a: Metagross
|
|c|âbsuuuu|probs
|c|âfuckyoo im asian|scarf excadrill OP
|
|switch|p2a: Slowbro|Slowbro, F|268\/393 brn
|-damage|p2a: Slowbro|219\/393 brn|[from] Stealth Rock
|turn|39
|
|switch|p1a: Landorus-Therian|Landorus-Therian, M|215\/341 brn
|-ability|p1a: Landorus-Therian|Intimidate|[of] p2a: Slowbro
|-unboost|p2a: Slowbro|atk|1
|move|p2a: Slowbro|Slack Off|p2a: Slowbro
|-heal|p2a: Slowbro|393\/393 brn
|
|-damage|p1a: Landorus-Therian|173\/341 brn|[from] brn
|-damage|p2a: Slowbro|344\/393 brn|[from] brn
|turn|40
|c|âbsuuuu|i derped
|c|âfuckyoo im asian|yeah
|
|move|p1a: Landorus-Therian|Knock Off|p2a: Slowbro
|-supereffective|p2a: Slowbro
|-damage|p2a: Slowbro|250\/393 brn
|-enditem|p2a: Slowbro|Leftovers|[from] move: Knock Off|[of] p1a: Landorus-Therian
|move|p2a: Slowbro|Slack Off|p2a: Slowbro
|-heal|p2a: Slowbro|393\/393 brn
|
|-damage|p1a: Landorus-Therian|131\/341 brn|[from] brn
|-damage|p2a: Slowbro|344\/393 brn|[from] brn
|turn|41
|c|âfuckyoo im asian|you had a good lead
|
|move|p1a: Landorus-Therian|Earthquake|p2a: Slowbro
|-damage|p2a: Slowbro|259\/393 brn
|move|p2a: Slowbro|Slack Off|p2a: Slowbro
|-heal|p2a: Slowbro|393\/393 brn
|
|-damage|p1a: Landorus-Therian|89\/341 brn|[from] brn
|-damage|p2a: Slowbro|344\/393 brn|[from] brn
|turn|42
|c| Professional 01|if that slowro was cm
|c| Professional 01|you woulda won
|c|âbsuuuu|also u played kinda weird at the beginning imo
|c|âfuckyoo im asian|lol
|
|move|p1a: Landorus-Therian|Earthquake|p2a: Slowbro
|-damage|p2a: Slowbro|262\/393 brn
|move|p2a: Slowbro|Slack Off|p2a: Slowbro
|-heal|p2a: Slowbro|393\/393 brn
|
|-damage|p1a: Landorus-Therian|47\/341 brn|[from] brn
|-damage|p2a: Slowbro|344\/393 brn|[from] brn
|turn|43
|c|âfuckyoo im asian|weird?
|c|âfuckyoo im asian|why weird?
|c|âbsuuuu|or i guess i just predicted wrong lol
|c|âbsuuuu|nvm
|
|move|p1a: Landorus-Therian|Earthquake|p2a: Slowbro
|-damage|p2a: Slowbro|250\/393 brn
|move|p2a: Slowbro|Slack Off|p2a: Slowbro
|-heal|p2a: Slowbro|393\/393 brn
|
|-damage|p1a: Landorus-Therian|5\/341 brn|[from] brn
|-damage|p2a: Slowbro|344\/393 brn|[from] brn
|turn|44
|
|switch|p1a: Latias|Latias, F|43\/319 brn
|move|p2a: Slowbro|Slack Off|p2a: Slowbro
|-heal|p2a: Slowbro|393\/393 brn
|
|-damage|p1a: Latias|4\/319 brn|[from] brn
|-damage|p2a: Slowbro|344\/393 brn|[from] brn
|turn|45
|c| Professional 01|bsuuu, i honestly think u should run slack off \/ cm \/ scald \/ psyshock
|c|âfuckyoo im asian|now
|c|âfuckyoo im asian|do i draco
|c|âfuckyoo im asian|or healing wish
|c|âfuckyoo im asian|any insight on this, professional?
|c| Professional 01|i have no idea
|
|move|p1a: Latias|Draco Meteor|p2a: Slowbro
|-damage|p2a: Slowbro|52\/393 brn
|-unboost|p1a: Latias|spa|2
|-damage|p1a: Latias|0 fnt|[from] item: Life Orb
|faint|p1a: Latias
|move|p2a: Slowbro|Slack Off|p2a: Slowbro
|-heal|p2a: Slowbro|249\/393 brn
|
|-damage|p2a: Slowbro|200\/393 brn|[from] brn
|
|switch|p1a: Excadrill|Excadrill, M|152\/377
|-ability|p1a: Excadrill|Mold Breaker
|turn|46
|
|move|p1a: Excadrill|Earthquake|p2a: Slowbro
|-damage|p2a: Slowbro|61\/393 brn
|move|p2a: Slowbro|Slack Off|p2a: Slowbro
|-heal|p2a: Slowbro|258\/393 brn
|
|-damage|p2a: Slowbro|209\/393 brn|[from] brn
|turn|47
|
|move|p1a: Excadrill|Earthquake|p2a: Slowbro
|-damage|p2a: Slowbro|73\/393 brn
|move|p2a: Slowbro|Slack Off|p2a: Slowbro
|-heal|p2a: Slowbro|270\/393 brn
|
|-damage|p2a: Slowbro|221\/393 brn|[from] brn
|turn|48
|c|âfuckyoo im asian|crit please
|
|move|p1a: Excadrill|Earthquake|p2a: Slowbro
|-damage|p2a: Slowbro|92\/393 brn
|move|p2a: Slowbro|Slack Off|p2a: Slowbro
|-heal|p2a: Slowbro|289\/393 brn
|
|-damage|p2a: Slowbro|240\/393 brn|[from] brn
|turn|49
|c| Professional 01|what you should've done imo
|
|move|p1a: Excadrill|Earthquake|p2a: Slowbro
|-damage|p2a: Slowbro|93\/393 brn
|move|p2a: Slowbro|Slack Off|p2a: Slowbro
|-heal|p2a: Slowbro|290\/393 brn
|
|-damage|p2a: Slowbro|241\/393 brn|[from] brn
|turn|50
|c| Professional 01|is stayed with exca in the first place
|
|move|p1a: Excadrill|Earthquake|p2a: Slowbro
|-damage|p2a: Slowbro|112\/393 brn
|move|p2a: Slowbro|Slack Off|p2a: Slowbro
|-heal|p2a: Slowbro|309\/393 brn
|
|-damage|p2a: Slowbro|260\/393 brn|[from] brn
|turn|51
|c|âbsuuuu|plz no crit
|
|move|p1a: Excadrill|Earthquake|p2a: Slowbro
|-damage|p2a: Slowbro|125\/393 brn
|move|p2a: Slowbro|Slack Off|p2a: Slowbro
|-heal|p2a: Slowbro|322\/393 brn
|
|-damage|p2a: Slowbro|273\/393 brn|[from] brn
|turn|52
|c| Professional 01|and then kept it until it died, and fired a draco
|
|move|p1a: Excadrill|Earthquake|p2a: Slowbro
|-damage|p2a: Slowbro|128\/393 brn
|move|p2a: Slowbro|Slack Off|p2a: Slowbro
|-heal|p2a: Slowbro|325\/393 brn
|
|-damage|p2a: Slowbro|276\/393 brn|[from] brn
|turn|53
|
|move|p1a: Excadrill|Earthquake|p2a: Slowbro
|-damage|p2a: Slowbro|138\/393 brn
|move|p2a: Slowbro|Slack Off|p2a: Slowbro
|-heal|p2a: Slowbro|335\/393 brn
|
|-damage|p2a: Slowbro|286\/393 brn|[from] brn
|turn|54
|
|move|p1a: Excadrill|Earthquake|p2a: Slowbro
|-damage|p2a: Slowbro|141\/393 brn
|move|p2a: Slowbro|Scald|p1a: Excadrill
|-supereffective|p1a: Excadrill
|-damage|p1a: Excadrill|0 fnt
|faint|p1a: Excadrill
|
|-damage|p2a: Slowbro|92\/393 brn|[from] brn
|c|âbsuuuu|yolo time
|c|âbsuuuu|plzzzzzzz
|c|âbsuuuu|low roll
|
|switch|p1a: Landorus-Therian|Landorus-Therian, M|5\/341 brn
|-ability|p1a: Landorus-Therian|Intimidate|[of] p2a: Slowbro
|-unboost|p2a: Slowbro|atk|1
|turn|55
|c|âbsuuuu|cinnamon roll
|c|âfuckyoo im asian|LOL
|c|âbsuuuu|cinnabun
|c| Professional 01|he's out of slack off so
|c|âbsuuuu|plz
|c|âfuckyoo im asian|well then
|c|âfuckyoo im asian|it all comes down to this
|c|âfuckyoo im asian|bsuuu sir? i just want to say, whatever happens here
|c|âbsuuuu|either way gg haha
|c|âfuckyoo im asian|gg, you played well lol
|c|âbsuuuu|u2
|c|âfuckyoo im asian|ok let's go
|c|âfuckyoo im asian|stab, earth plate powered earthquake
|c|âfuckyoo im asian|kill that pink bastard
|c| Professional 01|let's do this
|c|âbsuuuu|fat slowbro
|c|âbsuuuu|livvvvvvvve
|
|move|p1a: Landorus-Therian|Earthquake|p2a: Slowbro
|-damage|p2a: Slowbro|10\/393 brn
|move|p2a: Slowbro|Scald|p1a: Landorus-Therian
|-supereffective|p1a: Landorus-Therian
|-damage|p1a: Landorus-Therian|0 fnt
|faint|p1a: Landorus-Therian
|
|win|bsuuuu
|raw|Ladder updating...
|raw|fuckyoo im asian's rating: 1660 &rarr; <strong>1638<\/strong><br \/>(-22 for losing)
|raw|bsuuuu's rating: 1624 &rarr; <strong>1646<\/strong><br \/>(+22 for winning)
|c|âbsuuuu|EYYYYY
|c|âfuckyoo im asian|nuuu
|c|âbsuuuu|not bad
|c|âbsuuuu|lol
|c| Professional 01|ggs
|c|âbsuuuu|gg doe
|c|âfuckyoo im asian|hahaha
|c|âfuckyoo im asian|gg
|c|âbsuuuu|very well played