|join|bsuuuu
|join|tmmh
|player|p1|bsuuuu|43
|player|p2|tmmh|290
|gametype|singles
|gen|6
|tier|OU
|rated
|clearpoke
|poke|p1|Metagross
|poke|p1|Talonflame, F
|poke|p1|Magneton
|poke|p1|Latias, F
|poke|p1|Mew
|poke|p1|Slowbro, F
|poke|p2|Alakazam, F, shiny
|poke|p2|Excadrill, M
|poke|p2|Tyranitar, M
|poke|p2|Clefable, F, shiny
|poke|p2|Charizard, M
|poke|p2|Ferrothorn, F
|rule|Swagger Clause: Swagger is banned
|rule|Baton Pass Clause: Limit one PokÃ©mon knowing Baton Pass
|rule|Sleep Clause Mod: Limit one foe put to sleep
|rule|Species Clause: Limit one of each PokÃ©mon
|rule|OHKO Clause: OHKO moves are banned
|rule|Moody Clause: Moody is banned
|rule|Evasion Moves Clause: Evasion moves are banned
|rule|Endless Battle Clause: Forcing endless battles is banned
|rule|HP Percentage Mod: HP is shown in percentages
|teampreview
|
|start
|switch|p1a: Slowbro|Slowbro, F|393\/393
|switch|p2a: Zary|Charizard, M|297\/297
|turn|1
|
|detailschange|p2a: Zary|Charizard-Mega-Y, M
|-mega|p2a: Zary|Charizard|Charizardite Y
|-weather|SunnyDay
|move|p2a: Zary|Solar Beam|p1a: Slowbro|[still]
|-prepare|p2a: Zary|Solar Beam|p1a: Slowbro
|-anim|p2a: Zary|Solar Beam|p1a: Slowbro
|-supereffective|p1a: Slowbro
|-damage|p1a: Slowbro|11\/393
|move|p1a: Slowbro|Thunder Wave|p2a: Zary
|-status|p2a: Zary|par
|
|-weather|SunnyDay|[upkeep]
|-heal|p1a: Slowbro|35\/393|[from] item: Leftovers
|turn|2
|c|âbsuuuu|ty based yezus
|
|switch|p1a: Latias|Latias, F|305\/305
|move|p2a: Zary|Fire Blast|p1a: Latias
|-resisted|p1a: Latias
|-damage|p1a: Latias|176\/305
|
|-weather|SunnyDay|[upkeep]
|turn|3
|
|switch|p2a: CleFabulous|Clefable, F, shiny|393\/393
|move|p1a: Latias|Hidden Power|p2a: CleFabulous
|-resisted|p2a: CleFabulous
|-damage|p2a: CleFabulous|351\/393
|-damage|p1a: Latias|146\/305|[from] item: Life Orb
|
|-weather|SunnyDay|[upkeep]
|-heal|p2a: CleFabulous|375\/393|[from] item: Leftovers
|turn|4
|
|switch|p1a: Slowbro|Slowbro, F|166\/393
|move|p2a: CleFabulous|Heal Bell|p2a: CleFabulous
|-cureteam|p2a: CleFabulous|[from] move: HealBell
|
|-weather|SunnyDay|[upkeep]
|-heal|p2a: CleFabulous|393\/393|[from] item: Leftovers
|-heal|p1a: Slowbro|190\/393|[from] item: Leftovers
|turn|5
|c|âbsuuuu|ew
|
|move|p2a: CleFabulous|Moonblast|p1a: Slowbro
|-damage|p1a: Slowbro|63\/393
|move|p1a: Slowbro|Thunder Wave|p2a: CleFabulous
|-status|p2a: CleFabulous|par
|
|-weather|none
|-heal|p1a: Slowbro|87\/393|[from] item: Leftovers
|turn|6
|
|switch|p2a: Zary|Charizard-Mega-Y, M|297\/297
|-weather|SunnyDay
|move|p1a: Slowbro|Slack Off|p1a: Slowbro
|-heal|p1a: Slowbro|284\/393
|
|-weather|SunnyDay|[upkeep]
|-heal|p1a: Slowbro|308\/393|[from] item: Leftovers
|turn|7
|
|switch|p1a: Latias|Latias, F|146\/305
|move|p2a: Zary|Fire Blast|p1a: Latias
|-resisted|p1a: Latias
|-damage|p1a: Latias|9\/305
|
|-weather|SunnyDay|[upkeep]
|turn|8
|
|switch|p1a: Metagross|Metagross|302\/302
|switch|p2a: CleFabulous|Clefable, F, shiny|393\/393 par
|
|-weather|SunnyDay|[upkeep]
|turn|9
|
|switch|p2a: Cactusssssssss|Ferrothorn, F|351\/351
|detailschange|p1a: Metagross|Metagross-Mega
|-mega|p1a: Metagross|Metagross|Metagrossite
|move|p1a: Metagross|Hammer Arm|p2a: Cactusssssssss
|-supereffective|p2a: Cactusssssssss
|-damage|p2a: Cactusssssssss|97\/351
|-damage|p1a: Metagross|265\/302|[from] ability: Iron Barbs|[of] p2a: Cactusssssssss
|-damage|p1a: Metagross|215\/302|[from] item: Rocky Helmet|[of] p2a: Cactusssssssss
|-unboost|p1a: Metagross|spe|1
|
|-weather|SunnyDay|[upkeep]
|turn|10
|
|move|p1a: Metagross|Zen Headbutt|p2a: Cactusssssssss
|-resisted|p2a: Cactusssssssss
|-damage|p2a: Cactusssssssss|24\/351
|-damage|p1a: Metagross|178\/302|[from] ability: Iron Barbs|[of] p2a: Cactusssssssss
|-damage|p1a: Metagross|128\/302|[from] item: Rocky Helmet|[of] p2a: Cactusssssssss
|move|p2a: Cactusssssssss|Leech Seed|p1a: Metagross
|-start|p1a: Metagross|move: Leech Seed
|
|-weather|none
|-damage|p1a: Metagross|91\/302|[from] Leech Seed|[of] p2a: Cactusssssssss
|-heal|p2a: Cactusssssssss|61\/351|[silent]
|turn|11
|
|switch|p1a: Talonflame|Talonflame, F|319\/319
|move|p2a: Cactusssssssss|Knock Off|p1a: Talonflame
|-damage|p1a: Talonflame|215\/319
|-enditem|p1a: Talonflame|Sharp Beak|[from] move: Knock Off|[of] p2a: Cactusssssssss
|
|turn|12
|
|switch|p2a: Tyrannosaurus|Tyranitar, M|401\/401
|-weather|Sandstorm
|move|p1a: Talonflame|Flare Blitz|p2a: Tyrannosaurus
|-resisted|p2a: Tyrannosaurus
|-damage|p2a: Tyrannosaurus|347\/401
|-damage|p1a: Talonflame|197\/319|[from] recoil|[of] p2a: Tyrannosaurus
|
|-weather|Sandstorm|[upkeep]
|-damage|p1a: Talonflame|178\/319|[from] sandstorm
|turn|13
|
|move|p1a: Talonflame|U-turn|p2a: Tyrannosaurus
|-supereffective|p2a: Tyrannosaurus
|-damage|p2a: Tyrannosaurus|267\/401
|
|switch|p1a: Metagross|Metagross-Mega|91\/302
|move|p2a: Tyrannosaurus|Stealth Rock|p1a: Metagross
|-sidestart|p1: bsuuuu|move: Stealth Rock
|
|-weather|Sandstorm|[upkeep]
|turn|14
|
|switch|p2a: Cactusssssssss|Ferrothorn, F|61\/351
|move|p1a: Metagross|Hammer Arm|p2a: Cactusssssssss
|-supereffective|p2a: Cactusssssssss
|-damage|p2a: Cactusssssssss|0 fnt
|-damage|p1a: Metagross|54\/302|[from] ability: Iron Barbs|[of] p2a: Cactusssssssss
|-damage|p1a: Metagross|4\/302|[from] item: Rocky Helmet|[of] p2a: Cactusssssssss
|-unboost|p1a: Metagross|spe|1
|faint|p2a: Cactusssssssss
|
|-weather|Sandstorm|[upkeep]
|c|âbsuuuu|complete counter team smhhhhhhhhhhhhhhhhh
|-message|bsuuuu forfeited.
|
|win|tmmh
|raw|Ladder updating...
|leave|bsuuuu
|player|p1
|raw|bsuuuu's rating: 1633 &rarr; <strong>1610<\/strong><br \/>(-23 for losing)
|raw|tmmh's rating: 1580 &rarr; <strong>1604<\/strong><br \/>(+24 for winning)