|join|bsuuuu
|join|SunnyORAS
|player|p1|bsuuuu|43
|player|p2|SunnyORAS|101
|gametype|singles
|gen|6
|tier|OU (suspect test)
|rated
|clearpoke
|poke|p1|Gengar, M
|poke|p1|Ferrothorn, M
|poke|p1|Clefable, M
|poke|p1|Latias, F
|poke|p1|Gliscor, F
|poke|p1|Charizard, F
|poke|p2|Mew
|poke|p2|Landorus-Therian, M
|poke|p2|Gardevoir, F
|poke|p2|Raikou
|poke|p2|Ferrothorn, F
|poke|p2|Azumarill, F
|rule|Swagger Clause: Swagger is banned
|rule|Baton Pass Clause: Limit one PokÃ©mon knowing Baton Pass
|rule|Sleep Clause Mod: Limit one foe put to sleep
|rule|Species Clause: Limit one of each PokÃ©mon
|rule|OHKO Clause: OHKO moves are banned
|rule|Moody Clause: Moody is banned
|rule|Evasion Moves Clause: Evasion moves are banned
|rule|Endless Battle Clause: Forcing endless battles is banned
|rule|HP Percentage Mod: HP is shown in percentages
|teampreview
|
|start
|switch|p1a: Gliscor|Gliscor, F|352\/352
|switch|p2a: Azumarill|Azumarill, F|369\/369
|turn|1
|
|move|p1a: Gliscor|Protect|p1a: Gliscor
|-singleturn|p1a: Gliscor|Protect
|move|p2a: Azumarill|Superpower|p1a: Gliscor
|-activate|p1a: Gliscor|Protect
|
|-status|p1a: Gliscor|tox|[from] item: Toxic Orb
|turn|2
|
|switch|p2a: Ferrothorn|Ferrothorn, F|351\/351
|move|p1a: Gliscor|Toxic|p2a: Ferrothorn
|-fail|p2a: Ferrothorn
|
|turn|3
|
|switch|p1a: Ferrothorn|Ferrothorn, M|352\/352
|switch|p2a: Azumarill|Azumarill, F|369\/369
|
|turn|4
|
|switch|p2a: Gardevoir|Gardevoir, F|277\/277
|-ability|p2a: Gardevoir|Iron Barbs|[from] ability: Trace|[of] p1a: Ferrothorn
|move|p1a: Ferrothorn|Protect|p1a: Ferrothorn
|-fail|p1a: Ferrothorn
|
|turn|5
|
|switch|p2a: Mew|Mew|369\/369
|move|p1a: Ferrothorn|Gyro Ball|p2a: Mew
|-damage|p2a: Mew|239\/369
|
|-heal|p2a: Mew|262\/369|[from] item: Leftovers
|turn|6
|
|switch|p2a: Gardevoir|Gardevoir, F|277\/277
|-ability|p2a: Gardevoir|Iron Barbs|[from] ability: Trace|[of] p1a: Ferrothorn
|switch|p1a: Charizard|Charizard, F|339\/339
|
|turn|7
|
|switch|p2a: Landorus-Therian|Landorus-Therian, M|319\/319
|-ability|p2a: Landorus-Therian|Intimidate|[of] p1a: Charizard
|-unboost|p1a: Charizard|atk|1
|detailschange|p1a: Charizard|Charizard-Mega-X, F
|-mega|p1a: Charizard|Charizard|Charizardite X
|move|p1a: Charizard|Flare Blitz|p2a: Landorus-Therian
|-damage|p2a: Landorus-Therian|81\/319
|-damage|p1a: Charizard|260\/339|[from] recoil|[of] p2a: Landorus-Therian
|
|turn|8
|
|switch|p1a: Gliscor|Gliscor, F|352\/352 tox
|move|p2a: Landorus-Therian|U-turn|p1a: Gliscor
|-resisted|p1a: Gliscor
|-damage|p1a: Gliscor|319\/352 tox
|
|switch|p2a: Gardevoir|Gardevoir, F|277\/277
|-ability|p2a: Gardevoir|Poison Heal|[from] ability: Trace|[of] p1a: Gliscor
|
|-heal|p1a: Gliscor|352\/352 tox|[from] ability: Poison Heal
|turn|9
|
|switch|p1a: Ferrothorn|Ferrothorn, M|352\/352
|detailschange|p2a: Gardevoir|Gardevoir-Mega, F
|-mega|p2a: Gardevoir|Gardevoir|Gardevoirite
|move|p2a: Gardevoir|Focus Blast|p1a: Ferrothorn
|-supereffective|p1a: Ferrothorn
|-damage|p1a: Ferrothorn|76\/352
|
|-heal|p1a: Ferrothorn|98\/352|[from] item: Leftovers
|turn|10
|
|move|p1a: Ferrothorn|Protect|p1a: Ferrothorn
|-singleturn|p1a: Ferrothorn|Protect
|move|p2a: Gardevoir|Focus Blast|p1a: Ferrothorn
|-activate|p1a: Ferrothorn|Protect
|
|-heal|p1a: Ferrothorn|120\/352|[from] item: Leftovers
|turn|11
|
|switch|p2a: Mew|Mew|262\/369
|move|p1a: Ferrothorn|Gyro Ball|p2a: Mew
|-damage|p2a: Mew|142\/369
|
|-heal|p2a: Mew|165\/369|[from] item: Leftovers
|-heal|p1a: Ferrothorn|142\/352|[from] item: Leftovers
|turn|12
|
|move|p2a: Mew|Roost|p2a: Mew
|-heal|p2a: Mew|350\/369
|move|p1a: Ferrothorn|Leech Seed|p2a: Mew|[miss]
|-miss|p1a: Ferrothorn|p2a: Mew
|
|-heal|p2a: Mew|369\/369|[from] item: Leftovers
|-heal|p1a: Ferrothorn|164\/352|[from] item: Leftovers
|turn|13
|
|move|p1a: Ferrothorn|Protect|p1a: Ferrothorn
|-singleturn|p1a: Ferrothorn|Protect
|move|p2a: Mew|Will-O-Wisp|p1a: Ferrothorn
|-activate|p1a: Ferrothorn|Protect
|
|-heal|p1a: Ferrothorn|186\/352|[from] item: Leftovers
|turn|14
|
|switch|p2a: Gardevoir|Gardevoir-Mega, F|277\/277
|switch|p1a: Charizard|Charizard-Mega-X, F|260\/339
|
|turn|15
|
|switch|p1a: Gengar|Gengar, M|261\/261
|move|p2a: Gardevoir|Hyper Voice|p1a: Gengar
|-resisted|p1a: Gengar
|-damage|p1a: Gengar|81\/261
|
|-heal|p1a: Gengar|97\/261|[from] item: Black Sludge
|turn|16
|
|switch|p2a: Raikou|Raikou|321\/321
|-ability|p2a: Raikou|Pressure
|move|p1a: Gengar|Will-O-Wisp|p2a: Raikou|[miss]
|-miss|p1a: Gengar|p2a: Raikou
|
|-heal|p1a: Gengar|113\/261|[from] item: Black Sludge
|turn|17
|
|switch|p1a: Gliscor|Gliscor, F|352\/352 tox
|move|p2a: Raikou|Volt Switch|p1a: Gliscor
|-immune|p1a: Gliscor|[msg]
|
|turn|18
|
|switch|p2a: Ferrothorn|Ferrothorn, F|351\/351
|move|p1a: Gliscor|Earthquake|p2a: Ferrothorn
|-damage|p2a: Ferrothorn|272\/351
|
|turn|19
|
|switch|p1a: Charizard|Charizard-Mega-X, F|260\/339
|switch|p2a: Gardevoir|Gardevoir-Mega, F|277\/277
|
|turn|20
|
|switch|p1a: Latias|Latias, F|319\/319
|move|p2a: Gardevoir|Hyper Voice|p1a: Latias
|-supereffective|p1a: Latias
|-damage|p1a: Latias|0 fnt
|faint|p1a: Latias
|
|
|switch|p1a: Gengar|Gengar, M|113\/261
|turn|21
|
|switch|p1a: Charizard|Charizard-Mega-X, F|260\/339
|switch|p2a: Raikou|Raikou|321\/321
|-ability|p2a: Raikou|Pressure
|
|turn|22
|
|move|p2a: Raikou|Volt Switch|p1a: Charizard
|-resisted|p1a: Charizard
|-damage|p1a: Charizard|191\/339
|
|switch|p2a: Azumarill|Azumarill, F|369\/369
|move|p1a: Charizard|Dragon Dance|p1a: Charizard
|-boost|p1a: Charizard|atk|1
|-boost|p1a: Charizard|spe|1
|
|turn|23
|
|move|p1a: Charizard|Flare Blitz|p2a: Azumarill
|-resisted|p2a: Azumarill
|-damage|p2a: Azumarill|102\/369
|-damage|p1a: Charizard|103\/339|[from] recoil|[of] p2a: Azumarill
|move|p2a: Azumarill|Superpower|p1a: Charizard
|-damage|p1a: Charizard|0 fnt
|-unboost|p2a: Azumarill|atk|1
|-unboost|p2a: Azumarill|def|1
|faint|p1a: Charizard
|
|
|switch|p1a: Gengar|Gengar, M|113\/261
|turn|24
|
|switch|p2a: Raikou|Raikou|321\/321
|-ability|p2a: Raikou|Pressure
|move|p1a: Gengar|Substitute|p1a: Gengar
|-start|p1a: Gengar|Substitute
|-damage|p1a: Gengar|48\/261
|
|-heal|p1a: Gengar|64\/261|[from] item: Black Sludge
|turn|25
|
|move|p2a: Raikou|Hidden Power|p1a: Gengar
|-end|p1a: Gengar|Substitute
|move|p1a: Gengar|Shadow Ball|p2a: Raikou
|-damage|p2a: Raikou|228\/321
|
|-heal|p1a: Gengar|80\/261|[from] item: Black Sludge
|turn|26
|
|switch|p1a: Clefable|Clefable, M|394\/394
|move|p2a: Raikou|Volt Switch|p1a: Clefable
|-damage|p1a: Clefable|300\/394
|
|switch|p2a: Gardevoir|Gardevoir-Mega, F|277\/277
|
|-heal|p1a: Clefable|324\/394|[from] item: Leftovers
|turn|27
|
|move|p2a: Gardevoir|Hyper Voice|p1a: Clefable
|-damage|p1a: Clefable|62\/394
|move|p1a: Clefable|Thunder Wave|p2a: Gardevoir
|-status|p2a: Gardevoir|par
|
|-heal|p1a: Clefable|86\/394|[from] item: Leftovers
|turn|28
|
|move|p1a: Clefable|Moonblast|p2a: Gardevoir
|-damage|p2a: Gardevoir|196\/277 par
|move|p2a: Gardevoir|Hyper Voice|p1a: Clefable
|-damage|p1a: Clefable|0 fnt
|faint|p1a: Clefable
|
|
|switch|p1a: Gengar|Gengar, M|80\/261
|turn|29
|
|switch|p2a: Raikou|Raikou|228\/321
|-ability|p2a: Raikou|Pressure
|move|p1a: Gengar|Shadow Ball|p2a: Raikou
|-damage|p2a: Raikou|131\/321
|
|-heal|p1a: Gengar|96\/261|[from] item: Black Sludge
|turn|30
|
|switch|p1a: Ferrothorn|Ferrothorn, M|186\/352
|move|p2a: Raikou|Hidden Power|p1a: Ferrothorn
|-damage|p1a: Ferrothorn|144\/352
|
|-heal|p1a: Ferrothorn|166\/352|[from] item: Leftovers
|turn|31
|
|move|p2a: Raikou|Volt Switch|p1a: Ferrothorn
|-resisted|p1a: Ferrothorn
|-damage|p1a: Ferrothorn|126\/352
|
|switch|p2a: Mew|Mew|369\/369
|move|p1a: Ferrothorn|Stealth Rock|p2a: Mew
|-sidestart|p2: SunnyORAS|move: Stealth Rock
|
|-heal|p1a: Ferrothorn|148\/352|[from] item: Leftovers
|turn|32
|
|move|p2a: Mew|Defog|p1a: Ferrothorn
|-unboost|p1a: Ferrothorn|evasion|1
|-sideend|p2: SunnyORAS|Stealth Rock|[from] move: Defog|[of] p2a: Mew
|move|p1a: Ferrothorn|Leech Seed|p2a: Mew
|-start|p2a: Mew|move: Leech Seed
|
|-heal|p1a: Ferrothorn|170\/352|[from] item: Leftovers
|-damage|p2a: Mew|323\/369|[from] Leech Seed|[of] p1a: Ferrothorn
|-heal|p1a: Ferrothorn|216\/352|[silent]
|turn|33
|
|switch|p2a: Landorus-Therian|Landorus-Therian, M|81\/319
|-ability|p2a: Landorus-Therian|Intimidate|[of] p1a: Ferrothorn
|-unboost|p1a: Ferrothorn|atk|1
|move|p1a: Ferrothorn|Protect|p1a: Ferrothorn
|-fail|p1a: Ferrothorn
|
|-heal|p1a: Ferrothorn|238\/352|[from] item: Leftovers
|turn|34
|
|move|p1a: Ferrothorn|Protect|p1a: Ferrothorn
|-singleturn|p1a: Ferrothorn|Protect
|move|p2a: Landorus-Therian|Knock Off|p1a: Ferrothorn
|-activate|p1a: Ferrothorn|Protect
|
|-heal|p1a: Ferrothorn|260\/352|[from] item: Leftovers
|turn|35
|
|switch|p1a: Gliscor|Gliscor, F|352\/352 tox
|move|p2a: Landorus-Therian|Knock Off|p1a: Gliscor
|-damage|p1a: Gliscor|268\/352 tox
|-enditem|p1a: Gliscor|Toxic Orb|[from] move: Knock Off|[of] p2a: Landorus-Therian
|
|-heal|p1a: Gliscor|312\/352 tox|[from] ability: Poison Heal
|turn|36
|
|switch|p2a: Ferrothorn|Ferrothorn, F|272\/351
|move|p1a: Gliscor|Earthquake|p2a: Ferrothorn
|-damage|p2a: Ferrothorn|185\/351
|
|-heal|p1a: Gliscor|352\/352 tox|[from] ability: Poison Heal
|turn|37
|
|switch|p2a: Azumarill|Azumarill, F|102\/369
|move|p1a: Gliscor|Substitute|p1a: Gliscor
|-start|p1a: Gliscor|Substitute
|-damage|p1a: Gliscor|264\/352 tox
|
|-heal|p1a: Gliscor|308\/352 tox|[from] ability: Poison Heal
|turn|38
|
|move|p2a: Azumarill|Aqua Jet|p1a: Gliscor
|-supereffective|p1a: Gliscor
|-end|p1a: Gliscor|Substitute
|move|p1a: Gliscor|Earthquake|p2a: Azumarill
|-damage|p2a: Azumarill|0 fnt
|faint|p2a: Azumarill
|
|-heal|p1a: Gliscor|352\/352 tox|[from] ability: Poison Heal
|
|switch|p2a: Gardevoir|Gardevoir-Mega, F|196\/277 par
|turn|39
|
|move|p1a: Gliscor|Earthquake|p2a: Gardevoir
|-damage|p2a: Gardevoir|33\/277 par
|cant|p2a: Gardevoir|par
|
|turn|40
|
|switch|p2a: Landorus-Therian|Landorus-Therian, M|81\/319
|-ability|p2a: Landorus-Therian|Intimidate|[of] p1a: Gliscor
|-unboost|p1a: Gliscor|atk|1
|move|p1a: Gliscor|Earthquake|p2a: Landorus-Therian
|-immune|p2a: Landorus-Therian|[msg]
|
|turn|41
|
|move|p2a: Landorus-Therian|U-turn|p1a: Gliscor
|-resisted|p1a: Gliscor
|-damage|p1a: Gliscor|322\/352 tox
|
|switch|p2a: Ferrothorn|Ferrothorn, F|185\/351
|move|p1a: Gliscor|Earthquake|p2a: Ferrothorn
|-damage|p2a: Ferrothorn|133\/351
|
|-heal|p1a: Gliscor|352\/352 tox|[from] ability: Poison Heal
|turn|42
|
|move|p1a: Gliscor|Substitute|p1a: Gliscor
|-start|p1a: Gliscor|Substitute
|-damage|p1a: Gliscor|264\/352 tox
|move|p2a: Ferrothorn|Stealth Rock|p1a: Gliscor
|-sidestart|p1: bsuuuu|move: Stealth Rock
|
|-heal|p1a: Gliscor|308\/352 tox|[from] ability: Poison Heal
|turn|43
|
|move|p1a: Gliscor|Earthquake|p2a: Ferrothorn
|-damage|p2a: Ferrothorn|78\/351
|move|p2a: Ferrothorn|Gyro Ball|p1a: Gliscor
|-end|p1a: Gliscor|Substitute
|
|-heal|p1a: Gliscor|352\/352 tox|[from] ability: Poison Heal
|turn|44
|
|move|p1a: Gliscor|Earthquake|p2a: Ferrothorn
|-damage|p2a: Ferrothorn|29\/351
|move|p2a: Ferrothorn|Gyro Ball|p1a: Gliscor
|-damage|p1a: Gliscor|232\/352 tox
|
|-heal|p1a: Gliscor|276\/352 tox|[from] ability: Poison Heal
|turn|45
|
|move|p1a: Gliscor|Protect|p1a: Gliscor
|-singleturn|p1a: Gliscor|Protect
|move|p2a: Ferrothorn|Leech Seed|p1a: Gliscor
|-activate|p1a: Gliscor|Protect
|
|-heal|p1a: Gliscor|320\/352 tox|[from] ability: Poison Heal
|turn|46
|
|move|p1a: Gliscor|Earthquake|p2a: Ferrothorn
|-damage|p2a: Ferrothorn|0 fnt
|faint|p2a: Ferrothorn
|
|-heal|p1a: Gliscor|352\/352 tox|[from] ability: Poison Heal
|
|switch|p2a: Raikou|Raikou|131\/321
|-ability|p2a: Raikou|Pressure
|turn|47
|
|switch|p1a: Ferrothorn|Ferrothorn, M|260\/352
|-damage|p1a: Ferrothorn|238\/352|[from] Stealth Rock
|move|p2a: Raikou|Hidden Power|p1a: Ferrothorn
|-damage|p1a: Ferrothorn|195\/352
|
|-heal|p1a: Ferrothorn|217\/352|[from] item: Leftovers
|turn|48
|
|move|p2a: Raikou|Volt Switch|p1a: Ferrothorn
|-resisted|p1a: Ferrothorn
|-damage|p1a: Ferrothorn|181\/352
|
|switch|p2a: Mew|Mew|323\/369
|move|p1a: Ferrothorn|Leech Seed|p2a: Mew
|-start|p2a: Mew|move: Leech Seed
|
|-heal|p2a: Mew|346\/369|[from] item: Leftovers
|-heal|p1a: Ferrothorn|203\/352|[from] item: Leftovers
|-damage|p2a: Mew|300\/369|[from] Leech Seed|[of] p1a: Ferrothorn
|-heal|p1a: Ferrothorn|249\/352|[silent]
|turn|49
|
|switch|p2a: Gardevoir|Gardevoir-Mega, F|33\/277 par
|move|p1a: Ferrothorn|Protect|p1a: Ferrothorn
|-fail|p1a: Ferrothorn
|
|-heal|p1a: Ferrothorn|271\/352|[from] item: Leftovers
|turn|50
|
|move|p2a: Gardevoir|Focus Blast|p1a: Ferrothorn
|-supereffective|p1a: Ferrothorn
|-damage|p1a: Ferrothorn|13\/352
|move|p1a: Ferrothorn|Gyro Ball|p2a: Gardevoir
|-supereffective|p2a: Gardevoir
|-damage|p2a: Gardevoir|0 fnt
|faint|p2a: Gardevoir
|
|-heal|p1a: Ferrothorn|35\/352|[from] item: Leftovers
|
|switch|p2a: Raikou|Raikou|131\/321
|-ability|p2a: Raikou|Pressure
|turn|51
|
|move|p1a: Ferrothorn|Protect|p1a: Ferrothorn
|-singleturn|p1a: Ferrothorn|Protect
|move|p2a: Raikou|Hidden Power|p1a: Ferrothorn
|-activate|p1a: Ferrothorn|Protect
|
|-heal|p1a: Ferrothorn|57\/352|[from] item: Leftovers
|turn|52
|
|move|p2a: Raikou|Hidden Power|p1a: Ferrothorn
|-damage|p1a: Ferrothorn|13\/352
|move|p1a: Ferrothorn|Leech Seed|p2a: Raikou
|-start|p2a: Raikou|move: Leech Seed
|
|-heal|p1a: Ferrothorn|35\/352|[from] item: Leftovers
|-damage|p2a: Raikou|91\/321|[from] Leech Seed|[of] p1a: Ferrothorn
|-heal|p1a: Ferrothorn|75\/352|[silent]
|turn|53
|
|switch|p2a: Landorus-Therian|Landorus-Therian, M|81\/319
|-ability|p2a: Landorus-Therian|Intimidate|[of] p1a: Ferrothorn
|-unboost|p1a: Ferrothorn|atk|1
|move|p1a: Ferrothorn|Leech Seed|p2a: Landorus-Therian
|-start|p2a: Landorus-Therian|move: Leech Seed
|
|-heal|p1a: Ferrothorn|97\/352|[from] item: Leftovers
|-damage|p2a: Landorus-Therian|42\/319|[from] Leech Seed|[of] p1a: Ferrothorn
|-heal|p1a: Ferrothorn|136\/352|[silent]
|turn|54
|
|move|p1a: Ferrothorn|Protect|p1a: Ferrothorn
|-singleturn|p1a: Ferrothorn|Protect
|move|p2a: Landorus-Therian|Earthquake|p1a: Ferrothorn
|-activate|p1a: Ferrothorn|Protect
|
|-heal|p1a: Ferrothorn|158\/352|[from] item: Leftovers
|-damage|p2a: Landorus-Therian|3\/319|[from] Leech Seed|[of] p1a: Ferrothorn
|-heal|p1a: Ferrothorn|197\/352|[silent]
|turn|55
|
|switch|p1a: Gliscor|Gliscor, F|352\/352 tox
|-damage|p1a: Gliscor|308\/352 tox|[from] Stealth Rock
|move|p2a: Landorus-Therian|Earthquake|p1a: Gliscor
|-immune|p1a: Gliscor|[msg]
|
|-damage|p2a: Landorus-Therian|0 fnt|[from] Leech Seed|[of] p1a: Gliscor
|-heal|p1a: Gliscor|311\/352 tox|[silent]
|-heal|p1a: Gliscor|352\/352 tox|[from] ability: Poison Heal
|faint|p2a: Landorus-Therian
|
|switch|p2a: Raikou|Raikou|91\/321
|-ability|p2a: Raikou|Pressure
|turn|56
|c|âSunnyORAS|nice rolls mate
|
|switch|p1a: Ferrothorn|Ferrothorn, M|197\/352
|-damage|p1a: Ferrothorn|175\/352|[from] Stealth Rock
|move|p2a: Raikou|Hidden Power|p1a: Ferrothorn
|-damage|p1a: Ferrothorn|127\/352
|
|-heal|p1a: Ferrothorn|149\/352|[from] item: Leftovers
|turn|57
|c|âSunnyORAS|;-;
|
|move|p2a: Raikou|Volt Switch|p1a: Ferrothorn
|-resisted|p1a: Ferrothorn
|-damage|p1a: Ferrothorn|113\/352
|
|switch|p2a: Mew|Mew|300\/369
|move|p1a: Ferrothorn|Leech Seed|p2a: Mew
|-start|p2a: Mew|move: Leech Seed
|
|-heal|p2a: Mew|323\/369|[from] item: Leftovers
|-heal|p1a: Ferrothorn|135\/352|[from] item: Leftovers
|-damage|p2a: Mew|277\/369|[from] Leech Seed|[of] p1a: Ferrothorn
|-heal|p1a: Ferrothorn|181\/352|[silent]
|turn|58
|
|move|p1a: Ferrothorn|Protect|p1a: Ferrothorn
|-singleturn|p1a: Ferrothorn|Protect
|move|p2a: Mew|Will-O-Wisp|p1a: Ferrothorn
|-activate|p1a: Ferrothorn|Protect
|
|-heal|p2a: Mew|300\/369|[from] item: Leftovers
|-heal|p1a: Ferrothorn|203\/352|[from] item: Leftovers
|-damage|p2a: Mew|254\/369|[from] Leech Seed|[of] p1a: Ferrothorn
|-heal|p1a: Ferrothorn|249\/352|[silent]
|turn|59
|
|switch|p2a: Raikou|Raikou|91\/321
|-ability|p2a: Raikou|Pressure
|switch|p1a: Gliscor|Gliscor, F|352\/352 tox
|-damage|p1a: Gliscor|308\/352 tox|[from] Stealth Rock
|
|-heal|p1a: Gliscor|352\/352 tox|[from] ability: Poison Heal
|turn|60
|
|switch|p1a: Ferrothorn|Ferrothorn, M|249\/352
|-damage|p1a: Ferrothorn|227\/352|[from] Stealth Rock
|move|p2a: Raikou|Hidden Power|p1a: Ferrothorn
|-damage|p1a: Ferrothorn|184\/352
|
|-heal|p1a: Ferrothorn|206\/352|[from] item: Leftovers
|turn|61
|
|move|p2a: Raikou|Volt Switch|p1a: Ferrothorn
|-crit|p1a: Ferrothorn
|-resisted|p1a: Ferrothorn
|-damage|p1a: Ferrothorn|143\/352
|
|switch|p2a: Mew|Mew|254\/369
|move|p1a: Ferrothorn|Leech Seed|p2a: Mew
|-start|p2a: Mew|move: Leech Seed
|
|-heal|p2a: Mew|277\/369|[from] item: Leftovers
|-heal|p1a: Ferrothorn|165\/352|[from] item: Leftovers
|-damage|p2a: Mew|231\/369|[from] Leech Seed|[of] p1a: Ferrothorn
|-heal|p1a: Ferrothorn|211\/352|[silent]
|turn|62
|
|move|p1a: Ferrothorn|Protect|p1a: Ferrothorn
|-singleturn|p1a: Ferrothorn|Protect
|move|p2a: Mew|Will-O-Wisp|p1a: Ferrothorn
|-activate|p1a: Ferrothorn|Protect
|
|-heal|p2a: Mew|254\/369|[from] item: Leftovers
|-heal|p1a: Ferrothorn|233\/352|[from] item: Leftovers
|-damage|p2a: Mew|208\/369|[from] Leech Seed|[of] p1a: Ferrothorn
|-heal|p1a: Ferrothorn|279\/352|[silent]
|turn|63
|
|switch|p2a: Raikou|Raikou|91\/321
|-ability|p2a: Raikou|Pressure
|switch|p1a: Gengar|Gengar, M|96\/261
|-damage|p1a: Gengar|64\/261|[from] Stealth Rock
|
|-heal|p1a: Gengar|80\/261|[from] item: Black Sludge
|turn|64
|
|switch|p1a: Ferrothorn|Ferrothorn, M|279\/352
|-damage|p1a: Ferrothorn|257\/352|[from] Stealth Rock
|move|p2a: Raikou|Hidden Power|p1a: Ferrothorn
|-damage|p1a: Ferrothorn|208\/352
|
|-heal|p1a: Ferrothorn|230\/352|[from] item: Leftovers
|turn|65
|
|move|p2a: Raikou|Volt Switch|p1a: Ferrothorn
|-resisted|p1a: Ferrothorn
|-damage|p1a: Ferrothorn|188\/352
|
|switch|p2a: Mew|Mew|208\/369
|move|p1a: Ferrothorn|Stealth Rock|p2a: Mew
|-sidestart|p2: SunnyORAS|move: Stealth Rock
|
|-heal|p2a: Mew|231\/369|[from] item: Leftovers
|-heal|p1a: Ferrothorn|210\/352|[from] item: Leftovers
|turn|66
|
|switch|p1a: Gliscor|Gliscor, F|352\/352 tox
|-damage|p1a: Gliscor|308\/352 tox|[from] Stealth Rock
|move|p2a: Mew|Will-O-Wisp|p1a: Gliscor
|-fail|p1a: Gliscor
|
|-heal|p2a: Mew|254\/369|[from] item: Leftovers
|-heal|p1a: Gliscor|352\/352 tox|[from] ability: Poison Heal
|turn|67
|
|move|p2a: Mew|Defog|p1a: Gliscor
|-unboost|p1a: Gliscor|evasion|1
|-sideend|p1: bsuuuu|Stealth Rock|[from] move: Defog|[of] p1a: Gliscor
|-sideend|p2: SunnyORAS|Stealth Rock|[from] move: Defog|[of] p2a: Mew
|move|p1a: Gliscor|Toxic|p2a: Mew
|-status|p2a: Mew|tox
|
|-heal|p2a: Mew|277\/369 tox|[from] item: Leftovers
|-damage|p2a: Mew|254\/369 tox|[from] psn
|turn|68
|
|move|p2a: Mew|Roost|p2a: Mew
|-heal|p2a: Mew|369\/369 tox
|move|p1a: Gliscor|Substitute|p1a: Gliscor
|-start|p1a: Gliscor|Substitute
|-damage|p1a: Gliscor|264\/352 tox
|
|-damage|p2a: Mew|323\/369 tox|[from] psn
|-heal|p1a: Gliscor|308\/352 tox|[from] ability: Poison Heal
|turn|69
|
|switch|p2a: Raikou|Raikou|91\/321
|-ability|p2a: Raikou|Pressure
|move|p1a: Gliscor|Earthquake|p2a: Raikou
|-crit|p2a: Raikou
|-supereffective|p2a: Raikou
|-damage|p2a: Raikou|0 fnt
|faint|p2a: Raikou
|
|-heal|p1a: Gliscor|352\/352 tox|[from] ability: Poison Heal
|c|âSunnyORAS|the moent you got that para off my goose was cooked
|
|switch|p2a: Mew|Mew|323\/369 tox
|turn|70
|c|âbsuuuu|lol
|c|âbsuuuu|what para
|c|âSunnyORAS|onGardevoir
|c|âSunnyORAS|the T-Wave
|c|âSunnyORAS|lol
|
|move|p2a: Mew|Will-O-Wisp|p1a: Gliscor
|move|p1a: Gliscor|Earthquake|p2a: Mew
|-damage|p2a: Mew|233\/369 tox
|
|-heal|p2a: Mew|256\/369 tox|[from] item: Leftovers
|-damage|p2a: Mew|233\/369 tox|[from] psn
|turn|71
|c|âSunnyORAS|wp
|
|move|p2a: Mew|Earthquake|p1a: Gliscor
|-immune|p1a: Gliscor|[msg]
|move|p1a: Gliscor|Earthquake|p2a: Mew
|-damage|p2a: Mew|149\/369 tox
|
|-heal|p2a: Mew|172\/369 tox|[from] item: Leftovers
|-damage|p2a: Mew|126\/369 tox|[from] psn
|turn|72
|c|âSunnyORAS|I dunno y I didn't taunt
|
|move|p2a: Mew|Earthquake|p1a: Gliscor
|-immune|p1a: Gliscor|[msg]
|move|p1a: Gliscor|Earthquake|p2a: Mew
|-damage|p2a: Mew|45\/369 tox
|
|-heal|p2a: Mew|68\/369 tox|[from] item: Leftovers
|-damage|p2a: Mew|0 fnt|[from] psn
|faint|p2a: Mew
|
|win|bsuuuu
|raw|Ladder updating...
|raw|bsuuuu's rating: 1459 &rarr; <strong>1480<\/strong><br \/>(+21 for winning)
|raw|SunnyORAS's rating: 1483 &rarr; <strong>1461<\/strong><br \/>(-22 for losing)
|c|âSunnyORAS|meh
|c|âSunnyORAS|G_G
|leave|bsuuuu
|player|p1