|join|bsuuuu
|join|IneedAcid
|player|p1|bsuuuu|43
|player|p2|IneedAcid|11
|gametype|singles
|gen|6
|tier|OU (suspect test)
|rated
|clearpoke
|poke|p1|Latias, F
|poke|p1|Dugtrio, F
|poke|p1|Chesnaught, M
|poke|p1|Skarmory, M
|poke|p1|Heatran, F
|poke|p1|Clefable, F
|poke|p2|Skarmory, F
|poke|p2|Quagsire, M
|poke|p2|Chansey, F
|poke|p2|Heatran, M
|poke|p2|Mew
|poke|p2|Venusaur, M
|rule|Swagger Clause: Swagger is banned
|rule|Baton Pass Clause: Limit one PokÃ©mon knowing Baton Pass
|rule|Sleep Clause Mod: Limit one foe put to sleep
|rule|Species Clause: Limit one of each PokÃ©mon
|rule|OHKO Clause: OHKO moves are banned
|rule|Moody Clause: Moody is banned
|rule|Evasion Moves Clause: Evasion moves are banned
|rule|Endless Battle Clause: Forcing endless battles is banned
|rule|HP Percentage Mod: HP is shown in percentages
|teampreview
|
|start
|switch|p1a: Latias|Latias, F|363\/363
|switch|p2a: Quagsire|Quagsire, M|394\/394
|turn|1
|
|switch|p2a: Chansey|Chansey, F|704\/704
|detailschange|p1a: Latias|Latias-Mega, F
|-mega|p1a: Latias|Latias|Latiasite
|move|p1a: Latias|Substitute|p1a: Latias
|-start|p1a: Latias|Substitute
|-damage|p1a: Latias|273\/363
|
|turn|2
|
|move|p1a: Latias|Calm Mind|p1a: Latias
|-boost|p1a: Latias|spa|1
|-boost|p1a: Latias|spd|1
|move|p2a: Chansey|Seismic Toss|p1a: Latias
|-end|p1a: Latias|Substitute
|
|turn|3
|
|move|p1a: Latias|Calm Mind|p1a: Latias
|-boost|p1a: Latias|spa|1
|-boost|p1a: Latias|spd|1
|move|p2a: Chansey|Seismic Toss|p1a: Latias
|-damage|p1a: Latias|173\/363
|
|turn|4
|
|move|p1a: Latias|Roost|p1a: Latias
|-heal|p1a: Latias|355\/363
|move|p2a: Chansey|Seismic Toss|p1a: Latias
|-damage|p1a: Latias|255\/363
|
|turn|5
|
|move|p1a: Latias|Calm Mind|p1a: Latias
|-boost|p1a: Latias|spa|1
|-boost|p1a: Latias|spd|1
|move|p2a: Chansey|Seismic Toss|p1a: Latias
|-damage|p1a: Latias|155\/363
|
|turn|6
|
|move|p1a: Latias|Roost|p1a: Latias
|-heal|p1a: Latias|337\/363
|move|p2a: Chansey|Toxic|p1a: Latias
|-status|p1a: Latias|tox
|
|-damage|p1a: Latias|315\/363 tox|[from] psn
|turn|7
|
|move|p1a: Latias|Stored Power|p2a: Chansey
|-damage|p2a: Chansey|388\/704
|move|p2a: Chansey|Seismic Toss|p1a: Latias
|-damage|p1a: Latias|215\/363 tox
|
|-damage|p1a: Latias|171\/363 tox|[from] psn
|turn|8
|
|switch|p1a: Clefable|Clefable, F|393\/393
|move|p2a: Chansey|Soft-Boiled|p2a: Chansey
|-heal|p2a: Chansey|704\/704
|
|turn|9
|
|switch|p2a: Skarmory|Skarmory, F|334\/334
|move|p1a: Clefable|Heal Bell|p1a: Clefable
|-cureteam|p1a: Clefable|[from] move: HealBell
|
|turn|10
|
|move|p2a: Skarmory|Spikes|p1a: Clefable
|-sidestart|p1: bsuuuu|Spikes
|move|p1a: Clefable|Thunder Wave|p2a: Skarmory
|-status|p2a: Skarmory|par
|
|turn|11
|
|switch|p1a: Latias|Latias-Mega, F|171\/363
|move|p2a: Skarmory|Spikes|p1a: Latias
|-sidestart|p1: bsuuuu|Spikes
|
|turn|12
|
|move|p1a: Latias|Roost|p1a: Latias
|-heal|p1a: Latias|353\/363
|move|p2a: Skarmory|Brave Bird|p1a: Latias
|-damage|p1a: Latias|275\/363
|-damage|p2a: Skarmory|308\/334 par|[from] recoil|[of] p1a: Latias
|
|turn|13
|
|switch|p2a: Chansey|Chansey, F|704\/704
|move|p1a: Latias|Calm Mind|p1a: Latias
|-boost|p1a: Latias|spa|1
|-boost|p1a: Latias|spd|1
|
|turn|14
|
|switch|p1a: Clefable|Clefable, F|393\/393
|move|p2a: Chansey|Seismic Toss|p1a: Clefable
|-damage|p1a: Clefable|293\/393
|
|-heal|p1a: Clefable|317\/393|[from] item: Leftovers
|turn|15
|
|move|p1a: Clefable|Moonblast|p2a: Chansey
|-damage|p2a: Chansey|638\/704
|-unboost|p2a: Chansey|spa|1
|move|p2a: Chansey|Aromatherapy|p2a: Chansey
|-cureteam|p2a: Chansey|[from] move: Aromatherapy
|
|-heal|p1a: Clefable|341\/393|[from] item: Leftovers
|turn|16
|
|move|p1a: Clefable|Thunder Wave|p2a: Chansey
|-status|p2a: Chansey|par
|cant|p2a: Chansey|par
|
|-heal|p1a: Clefable|365\/393|[from] item: Leftovers
|turn|17
|
|switch|p2a: Heatran|Heatran, M|386\/386
|move|p1a: Clefable|Thunder Wave|p2a: Heatran
|-status|p2a: Heatran|par
|
|-heal|p1a: Clefable|389\/393|[from] item: Leftovers
|turn|18
|
|switch|p1a: Dugtrio|Dugtrio, F|211\/211
|-damage|p1a: Dugtrio|176\/211|[from] Spikes
|switch|p2a: Chansey|Chansey, F|638\/704
|
|turn|19
|
|move|p1a: Dugtrio|Stealth Rock|p2a: Chansey
|-sidestart|p2: IneedAcid|move: Stealth Rock
|move|p2a: Chansey|Seismic Toss|p1a: Dugtrio
|-damage|p1a: Dugtrio|76\/211
|
|turn|20
|
|switch|p1a: Clefable|Clefable, F|389\/393
|move|p2a: Chansey|Seismic Toss|p1a: Clefable
|-damage|p1a: Clefable|289\/393
|
|-heal|p1a: Clefable|313\/393|[from] item: Leftovers
|turn|21
|
|move|p1a: Clefable|Moonblast|p2a: Chansey
|-damage|p2a: Chansey|572\/704
|-unboost|p2a: Chansey|spa|1
|move|p2a: Chansey|Aromatherapy|p2a: Chansey
|-cureteam|p2a: Chansey|[from] move: Aromatherapy
|
|-heal|p1a: Clefable|337\/393|[from] item: Leftovers
|turn|22
|
|switch|p2a: Skarmory|Skarmory, F|308\/334
|-damage|p2a: Skarmory|267\/334|[from] Stealth Rock
|move|p1a: Clefable|Thunder Wave|p2a: Skarmory
|-status|p2a: Skarmory|par
|
|-heal|p1a: Clefable|361\/393|[from] item: Leftovers
|turn|23
|
|switch|p1a: Latias|Latias-Mega, F|275\/363
|move|p2a: Skarmory|Spikes|p1a: Latias
|-sidestart|p1: bsuuuu|Spikes
|
|turn|24
|
|switch|p2a: Chansey|Chansey, F|572\/704
|-damage|p2a: Chansey|484\/704|[from] Stealth Rock
|move|p1a: Latias|Substitute|p1a: Latias
|-start|p1a: Latias|Substitute
|-damage|p1a: Latias|185\/363
|
|turn|25
|
|move|p1a: Latias|Roost|p1a: Latias
|-heal|p1a: Latias|363\/363
|move|p2a: Chansey|Soft-Boiled|p2a: Chansey
|-heal|p2a: Chansey|704\/704
|
|turn|26
|
|move|p1a: Latias|Calm Mind|p1a: Latias
|-boost|p1a: Latias|spa|1
|-boost|p1a: Latias|spd|1
|move|p2a: Chansey|Seismic Toss|p1a: Latias
|-end|p1a: Latias|Substitute
|
|turn|27
|
|switch|p1a: Clefable|Clefable, F|361\/393
|move|p2a: Chansey|Seismic Toss|p1a: Clefable
|-damage|p1a: Clefable|261\/393
|
|-heal|p1a: Clefable|285\/393|[from] item: Leftovers
|turn|28
|
|switch|p1a: Skarmory|Skarmory, M|333\/333
|switch|p2a: Quagsire|Quagsire, M|394\/394
|-damage|p2a: Quagsire|370\/394|[from] Stealth Rock
|
|-heal|p2a: Quagsire|394\/394|[from] item: Leftovers
|turn|29
|
|switch|p2a: Heatran|Heatran, M|386\/386
|-damage|p2a: Heatran|338\/386|[from] Stealth Rock
|move|p1a: Skarmory|Toxic|p2a: Heatran
|-fail|p2a: Heatran
|
|-heal|p2a: Heatran|362\/386|[from] item: Leftovers
|turn|30
|
|switch|p1a: Clefable|Clefable, F|285\/393
|move|p2a: Heatran|Lava Plume|p1a: Clefable
|-damage|p1a: Clefable|188\/393
|
|-heal|p2a: Heatran|386\/386|[from] item: Leftovers
|-heal|p1a: Clefable|212\/393|[from] item: Leftovers
|turn|31
|
|switch|p1a: Dugtrio|Dugtrio, F|76\/211
|-damage|p1a: Dugtrio|24\/211|[from] Spikes
|move|p2a: Heatran|Flash Cannon|p1a: Dugtrio
|-damage|p1a: Dugtrio|0 fnt
|faint|p1a: Dugtrio
|
|
|switch|p1a: Clefable|Clefable, F|212\/393
|turn|32
|
|move|p2a: Heatran|Flash Cannon|p1a: Clefable
|-supereffective|p1a: Clefable
|-damage|p1a: Clefable|2\/393
|move|p1a: Clefable|Thunder Wave|p2a: Heatran
|-status|p2a: Heatran|par
|
|-heal|p1a: Clefable|26\/393|[from] item: Leftovers
|turn|33
|
|move|p1a: Clefable|Soft-Boiled|p1a: Clefable
|-heal|p1a: Clefable|223\/393
|move|p2a: Heatran|Flash Cannon|p1a: Clefable
|-supereffective|p1a: Clefable
|-damage|p1a: Clefable|23\/393
|
|-heal|p1a: Clefable|47\/393|[from] item: Leftovers
|turn|34
|
|move|p1a: Clefable|Soft-Boiled|p1a: Clefable
|-heal|p1a: Clefable|244\/393
|move|p2a: Heatran|Stealth Rock|p1a: Clefable
|-sidestart|p1: bsuuuu|move: Stealth Rock
|
|-heal|p1a: Clefable|268\/393|[from] item: Leftovers
|turn|35
|
|switch|p1a: Latias|Latias-Mega, F|363\/363
|-damage|p1a: Latias|318\/363|[from] Stealth Rock
|switch|p2a: Chansey|Chansey, F|704\/704
|-damage|p2a: Chansey|616\/704|[from] Stealth Rock
|
|turn|36
|
|switch|p1a: Chesnaught|Chesnaught, M|379\/379
|-damage|p1a: Chesnaught|356\/379|[from] Stealth Rock
|-damage|p1a: Chesnaught|262\/379|[from] Spikes
|move|p2a: Chansey|Seismic Toss|p1a: Chesnaught
|-damage|p1a: Chesnaught|162\/379
|
|-heal|p1a: Chesnaught|185\/379|[from] item: Leftovers
|turn|37
|
|switch|p2a: Mew|Mew|397\/397
|-damage|p2a: Mew|348\/397|[from] Stealth Rock
|move|p1a: Chesnaught|Spikes|p2a: Mew
|-sidestart|p2: IneedAcid|Spikes
|
|-heal|p2a: Mew|372\/397|[from] item: Leftovers
|-heal|p1a: Chesnaught|208\/379|[from] item: Leftovers
|turn|38
|
|switch|p1a: Clefable|Clefable, F|268\/393
|move|p2a: Mew|Taunt|p1a: Clefable
|-start|p1a: Clefable|move: Taunt
|
|-heal|p2a: Mew|396\/397|[from] item: Leftovers
|-heal|p1a: Clefable|292\/393|[from] item: Leftovers
|turn|39
|
|switch|p1a: Latias|Latias-Mega, F|318\/363
|-damage|p1a: Latias|273\/363|[from] Stealth Rock
|move|p2a: Mew|Knock Off|p1a: Latias
|-supereffective|p1a: Latias
|-damage|p1a: Latias|197\/363
|
|-heal|p2a: Mew|397\/397|[from] item: Leftovers
|turn|40
|
|move|p1a: Latias|Roost|p1a: Latias
|-heal|p1a: Latias|363\/363
|move|p2a: Mew|Taunt|p1a: Latias
|-start|p1a: Latias|move: Taunt
|
|turn|41
|
|switch|p1a: Clefable|Clefable, F|292\/393
|switch|p2a: Chansey|Chansey, F|616\/704
|-damage|p2a: Chansey|528\/704|[from] Spikes
|-damage|p2a: Chansey|440\/704|[from] Stealth Rock
|
|-heal|p1a: Clefable|316\/393|[from] item: Leftovers
|turn|42
|
|move|p1a: Clefable|Thunder Wave|p2a: Chansey
|-status|p2a: Chansey|par
|move|p2a: Chansey|Aromatherapy|p2a: Chansey
|-cureteam|p2a: Chansey|[from] move: Aromatherapy
|
|-heal|p1a: Clefable|340\/393|[from] item: Leftovers
|turn|43
|
|switch|p1a: Chesnaught|Chesnaught, M|208\/379
|-damage|p1a: Chesnaught|185\/379|[from] Stealth Rock
|-damage|p1a: Chesnaught|91\/379|[from] Spikes
|move|p2a: Chansey|Soft-Boiled|p2a: Chansey
|-heal|p2a: Chansey|704\/704
|
|-heal|p1a: Chesnaught|114\/379|[from] item: Leftovers
|turn|44
|
|switch|p2a: Skarmory|Skarmory, F|267\/334
|-damage|p2a: Skarmory|226\/334|[from] Stealth Rock
|move|p1a: Chesnaught|Leech Seed|p2a: Skarmory
|-start|p2a: Skarmory|move: Leech Seed
|
|-heal|p1a: Chesnaught|137\/379|[from] item: Leftovers
|-damage|p2a: Skarmory|185\/334|[from] Leech Seed|[of] p1a: Chesnaught
|-heal|p1a: Chesnaught|178\/379|[silent]
|turn|45
|
|move|p1a: Chesnaught|Spiky Shield|p1a: Chesnaught
|-singleturn|p1a: Chesnaught|move: Protect
|move|p2a: Skarmory|Roost|p2a: Skarmory
|-heal|p2a: Skarmory|334\/334
|
|-heal|p1a: Chesnaught|201\/379|[from] item: Leftovers
|-damage|p2a: Skarmory|293\/334|[from] Leech Seed|[of] p1a: Chesnaught
|-heal|p1a: Chesnaught|242\/379|[silent]
|turn|46
|
|switch|p1a: Skarmory|Skarmory, M|333\/333
|-damage|p1a: Skarmory|292\/333|[from] Stealth Rock
|move|p2a: Skarmory|Defog|p1a: Skarmory
|-unboost|p1a: Skarmory|evasion|1
|-sideend|p1: bsuuuu|Spikes|[from] move: Defog|[of] p1a: Skarmory
|-sideend|p1: bsuuuu|Stealth Rock|[from] move: Defog|[of] p1a: Skarmory
|-sideend|p2: IneedAcid|Spikes|[from] move: Defog|[of] p2a: Skarmory
|-sideend|p2: IneedAcid|Stealth Rock|[from] move: Defog|[of] p2a: Skarmory
|
|-damage|p2a: Skarmory|252\/334|[from] Leech Seed|[of] p1a: Skarmory
|-heal|p1a: Skarmory|333\/333|[silent]
|turn|47
|
|switch|p1a: Chesnaught|Chesnaught, M|242\/379
|switch|p2a: Heatran|Heatran, M|386\/386
|
|-heal|p1a: Chesnaught|265\/379|[from] item: Leftovers
|turn|48
|
|move|p2a: Heatran|Lava Plume|p1a: Chesnaught
|-supereffective|p1a: Chesnaught
|-damage|p1a: Chesnaught|0 fnt
|faint|p1a: Chesnaught
|
|c|âbsuuuu|fucking garbage ass stall piece of shit fuck piss
|leave|bsuuuu
|player|p1
|-message|bsuuuu lost due to inactivity.
|
|win|IneedAcid
|raw|Ladder updating...
|raw|bsuuuu's rating: 1317 &rarr; <strong>1297<\/strong><br \/>(-20 for losing)
|raw|IneedAcid's rating: 1323 &rarr; <strong>1343<\/strong><br \/>(+20 for winning)