|join|bsuuuu
|join|lhan
|player|p1|bsuuuu|43
|player|p2|lhan|1
|gametype|singles
|gen|6
|tier|OU (suspect test)
|rated
|clearpoke
|poke|p1|Latias, F
|poke|p1|Dugtrio, F
|poke|p1|Chesnaught, F
|poke|p1|Skarmory, M
|poke|p1|Heatran, F
|poke|p1|Clefable, M
|poke|p2|Gallade, M
|poke|p2|Clefable, M
|poke|p2|Heatran, M
|poke|p2|Scolipede, M
|poke|p2|Keldeo
|poke|p2|Slowbro, F
|rule|Swagger Clause: Swagger is banned
|rule|Baton Pass Clause: Limit one PokÃ©mon knowing Baton Pass
|rule|Sleep Clause Mod: Limit one foe put to sleep
|rule|Species Clause: Limit one of each PokÃ©mon
|rule|OHKO Clause: OHKO moves are banned
|rule|Moody Clause: Moody is banned
|rule|Evasion Moves Clause: Evasion moves are banned
|rule|Endless Battle Clause: Forcing endless battles is banned
|rule|HP Percentage Mod: HP is shown in percentages
|teampreview
|join|y4
|join|Friend of Dalla
|join|LADDERY THE KID
|c| y4|hey its ben
|c| Friend of Dalla|is tha tbengay
|c| y4|no
|c|âlhan|hi ben jay
|c| Friend of Dalla|im snipuing
|c| LADDERY THE KID|el ben jay
|c| Friend of Dalla|na not gen gay
|c| Friend of Dalla|noo much ubersa
|
|start
|switch|p1a: Skarmory|Skarmory, M|333\/333
|switch|p2a: Slowbro|Slowbro, F|394\/394
|turn|1
|
|move|p1a: Skarmory|Toxic|p2a: Slowbro
|-status|p2a: Slowbro|tox
|move|p2a: Slowbro|Flamethrower|p1a: Skarmory
|-supereffective|p1a: Skarmory
|-damage|p1a: Skarmory|133\/333
|
|-damage|p2a: Slowbro|370\/394 tox|[from] psn
|turn|2
|c| LADDERY THE KID|el ben
|
|switch|p1a: Latias|Latias, F|363\/363
|move|p2a: Slowbro|Scald|p1a: Latias
|-resisted|p1a: Latias
|-damage|p1a: Latias|329\/363
|-status|p1a: Latias|brn
|
|-heal|p2a: Slowbro|394\/394 tox|[from] item: Leftovers
|-damage|p1a: Latias|284\/363 brn|[from] brn
|-damage|p2a: Slowbro|346\/394 tox|[from] psn
|turn|3
|
|switch|p2a: Clefable|Clefable, M|394\/394
|detailschange|p1a: Latias|Latias-Mega, F
|-mega|p1a: Latias|Latias|Latiasite
|move|p1a: Latias|Roost|p1a: Latias
|-heal|p1a: Latias|363\/363 brn
|
|-damage|p1a: Latias|318\/363 brn|[from] brn
|turn|4
|
|switch|p1a: Clefable|Clefable, M|393\/393
|move|p2a: Clefable|Calm Mind|p2a: Clefable
|-boost|p2a: Clefable|spa|1
|-boost|p2a: Clefable|spd|1
|
|turn|5
|
|move|p2a: Clefable|Calm Mind|p2a: Clefable
|-boost|p2a: Clefable|spa|1
|-boost|p2a: Clefable|spd|1
|move|p1a: Clefable|Thunder Wave|p2a: Clefable
|-status|p2a: Clefable|par
|
|turn|6
|c|âlhan|EL TWAVE
|
|move|p1a: Clefable|Heal Bell|p1a: Clefable
|-cureteam|p1a: Clefable|[from] move: HealBell
|cant|p2a: Clefable|par
|
|turn|7
|c| y4|twave clef the epic epic set
|
|switch|p1a: Heatran|Heatran, F|385\/385
|move|p2a: Clefable|Calm Mind|p2a: Clefable
|-boost|p2a: Clefable|spa|1
|-boost|p2a: Clefable|spd|1
|
|turn|8
|
|cant|p2a: Clefable|par
|move|p1a: Heatran|Roar|p2a: Clefable
|drag|p2a: Slowbro|Slowbro, F|394\/394 tox
|
|-damage|p2a: Slowbro|370\/394 tox|[from] psn
|turn|9
|c|âlhan|l u ck
|c| LADDERY THE KID|l;lucky
|c| LADDERY THE KID|hidden power ground
|c| LADDERY THE KID|lucky
|
|switch|p1a: Clefable|Clefable, M|393\/393
|move|p2a: Slowbro|Thunder Wave|p1a: Clefable
|-status|p1a: Clefable|par
|
|-heal|p2a: Slowbro|394\/394 tox|[from] item: Leftovers
|-damage|p2a: Slowbro|346\/394 tox|[from] psn
|turn|10
|c| y4|just sack everyone and win with clef
|
|switch|p2a: Clefable|Clefable, M|394\/394 par
|move|p1a: Clefable|Heal Bell|p1a: Clefable
|-cureteam|p1a: Clefable|[from] move: HealBell
|
|turn|11
|c|âbsuuuu|that yellow
|
|switch|p1a: Skarmory|Skarmory, M|133\/333
|move|p2a: Clefable|Moonblast|p1a: Skarmory
|-resisted|p1a: Skarmory
|-damage|p1a: Skarmory|61\/333
|
|turn|12
|
|move|p1a: Skarmory|Roost|p1a: Skarmory
|-heal|p1a: Skarmory|228\/333
|cant|p2a: Clefable|par
|
|turn|13
|c|âlhan|ELL LL HAXX
|join|kektus
|
|switch|p2a: Slowbro|Slowbro, F|394\/394 tox
|move|p1a: Skarmory|Whirlwind|p2a: Slowbro
|drag|p2a: Scolipede|Scolipede, M|261\/261
|
|turn|14
|
|switch|p2a: Heatran|Heatran, M|385\/385
|move|p1a: Skarmory|Brave Bird|p2a: Heatran
|-resisted|p2a: Heatran
|-damage|p2a: Heatran|331\/385
|-damage|p1a: Skarmory|210\/333|[from] recoil|[of] p2a: Heatran
|
|-heal|p2a: Heatran|355\/385|[from] item: Leftovers
|turn|15
|
|switch|p2a: Keldeo|Keldeo|323\/323
|switch|p1a: Dugtrio|Dugtrio, F|211\/211
|
|turn|16
|
|move|p1a: Dugtrio|Stealth Rock|p2a: Keldeo
|-sidestart|p2: lhan|move: Stealth Rock
|move|p2a: Keldeo|Scald|p1a: Dugtrio
|-supereffective|p1a: Dugtrio
|-enditem|p1a: Dugtrio|Focus Sash
|-damage|p1a: Dugtrio|1\/211
|
|turn|17
|
|switch|p1a: Clefable|Clefable, M|393\/393
|move|p2a: Keldeo|Scald|p1a: Clefable
|-damage|p1a: Clefable|198\/393
|
|-heal|p1a: Clefable|222\/393|[from] item: Leftovers
|turn|18
|
|move|p2a: Keldeo|Scald|p1a: Clefable
|-damage|p1a: Clefable|42\/393
|-status|p1a: Clefable|brn
|move|p1a: Clefable|Soft-Boiled|p1a: Clefable
|-heal|p1a: Clefable|239\/393 brn
|
|-heal|p1a: Clefable|263\/393 brn|[from] item: Leftovers
|turn|19
|
|switch|p2a: Clefable|Clefable, M|394\/394 par
|move|p1a: Clefable|Moonblast|p2a: Clefable
|-damage|p2a: Clefable|268\/394 par
|-unboost|p2a: Clefable|spa|1
|
|-heal|p1a: Clefable|287\/393 brn|[from] item: Leftovers
|-heal|p2a: Clefable|292\/394 par|[from] item: Leftovers
|turn|20
|
|switch|p1a: Latias|Latias-Mega, F|318\/363
|cant|p2a: Clefable|par
|
|-heal|p2a: Clefable|316\/394 par|[from] item: Leftovers
|turn|21
|
|move|p1a: Latias|Calm Mind|p1a: Latias
|-boost|p1a: Latias|spa|1
|-boost|p1a: Latias|spd|1
|cant|p2a: Clefable|par
|
|-heal|p2a: Clefable|340\/394 par|[from] item: Leftovers
|turn|22
|c|âlhan|LUCKK
|
|switch|p2a: Scolipede|Scolipede, M|261\/261
|-damage|p2a: Scolipede|196\/261|[from] Stealth Rock
|move|p1a: Latias|Calm Mind|p1a: Latias
|-boost|p1a: Latias|spa|1
|-boost|p1a: Latias|spd|1
|
|turn|23
|join|hand relief
|c| hand relief|mind=calm
|
|switch|p1a: Skarmory|Skarmory, M|210\/333
|move|p2a: Scolipede|Protect|p2a: Scolipede
|-fail|p2a: Scolipede
|
|-boost|p2a: Scolipede|spe|1|[from] ability: Speed Boost
|turn|24
|c|âbsuuuu|o
|
|switch|p2a: Heatran|Heatran, M|355\/385
|-damage|p2a: Heatran|307\/385|[from] Stealth Rock
|move|p1a: Skarmory|Roost|p1a: Skarmory
|-heal|p1a: Skarmory|333\/333
|
|-heal|p2a: Heatran|331\/385|[from] item: Leftovers
|turn|25
|
|switch|p1a: Heatran|Heatran, F|385\/385
|move|p2a: Heatran|Stealth Rock|p1a: Heatran
|-sidestart|p1: bsuuuu|move: Stealth Rock
|
|-heal|p2a: Heatran|355\/385|[from] item: Leftovers
|turn|26
|
|move|p2a: Heatran|Flash Cannon|p1a: Heatran
|-resisted|p1a: Heatran
|-damage|p1a: Heatran|363\/385
|move|p1a: Heatran|Roar|p2a: Heatran
|drag|p2a: Clefable|Clefable, M|340\/394 par
|
|-heal|p1a: Heatran|385\/385|[from] item: Leftovers
|-heal|p2a: Clefable|364\/394 par|[from] item: Leftovers
|turn|27
|
|move|p1a: Heatran|Lava Plume|p2a: Clefable
|-damage|p2a: Clefable|225\/394 par
|move|p2a: Clefable|Calm Mind|p2a: Clefable
|-boost|p2a: Clefable|spa|1
|-boost|p2a: Clefable|spd|1
|
|-heal|p2a: Clefable|249\/394 par|[from] item: Leftovers
|turn|28
|
|switch|p1a: Skarmory|Skarmory, M|333\/333
|-damage|p1a: Skarmory|292\/333|[from] Stealth Rock
|move|p2a: Clefable|Soft-Boiled|p2a: Clefable
|-heal|p2a: Clefable|394\/394 par
|
|turn|29
|
|move|p2a: Clefable|Moonblast|p1a: Skarmory
|-resisted|p1a: Skarmory
|-damage|p1a: Skarmory|186\/333
|-unboost|p1a: Skarmory|spa|1
|move|p1a: Skarmory|Whirlwind|p2a: Clefable
|drag|p2a: Gallade|Gallade, M|277\/277
|-damage|p2a: Gallade|260\/277|[from] Stealth Rock
|
|turn|30
|c| y4|two phazers
|
|switch|p2a: Clefable|Clefable, M|394\/394 par
|move|p1a: Skarmory|Brave Bird|p2a: Clefable
|-damage|p2a: Clefable|298\/394 par
|-damage|p1a: Skarmory|154\/333|[from] recoil|[of] p2a: Clefable
|
|-heal|p2a: Clefable|322\/394 par|[from] item: Leftovers
|turn|31
|
|move|p1a: Skarmory|Roost|p1a: Skarmory
|-heal|p1a: Skarmory|321\/333
|move|p2a: Clefable|Calm Mind|p2a: Clefable
|-boost|p2a: Clefable|spa|1
|-boost|p2a: Clefable|spd|1
|
|-heal|p2a: Clefable|346\/394 par|[from] item: Leftovers
|turn|32
|
|move|p2a: Clefable|Moonblast|p1a: Skarmory
|-resisted|p1a: Skarmory
|-damage|p1a: Skarmory|210\/333
|move|p1a: Skarmory|Whirlwind|p2a: Clefable
|drag|p2a: Keldeo|Keldeo|323\/323
|-damage|p2a: Keldeo|303\/323|[from] Stealth Rock
|
|turn|33
|
|switch|p1a: Latias|Latias-Mega, F|318\/363
|-damage|p1a: Latias|273\/363|[from] Stealth Rock
|move|p2a: Keldeo|Scald|p1a: Latias
|-resisted|p1a: Latias
|-damage|p1a: Latias|202\/363
|-status|p1a: Latias|brn
|
|-damage|p1a: Latias|157\/363 brn|[from] brn
|turn|34
|
|switch|p2a: Gallade|Gallade, M|260\/277
|-damage|p2a: Gallade|243\/277|[from] Stealth Rock
|move|p1a: Latias|Roost|p1a: Latias
|-heal|p1a: Latias|339\/363 brn
|
|-damage|p1a: Latias|294\/363 brn|[from] brn
|turn|35
|c| hand relief|phaze proof
|
|switch|p1a: Dugtrio|Dugtrio, F|1\/211
|-damage|p1a: Dugtrio|0 fnt|[from] Stealth Rock
|faint|p1a: Dugtrio
|detailschange|p2a: Gallade|Gallade-Mega, M
|-mega|p2a: Gallade|Gallade|Galladite
|move|p2a: Gallade|Swords Dance|p2a: Gallade
|-boost|p2a: Gallade|atk|2
|
|c| LADDERY THE KID|bam
|-message|bsuuuu forfeited.
|
|win|lhan
|raw|Ladder updating...
|leave|bsuuuu
|player|p1
|c| LADDERY THE KID|taken out
|raw|bsuuuu's rating: 1328 &rarr; <strong>1305<\/strong><br \/>(-23 for losing)
|raw|lhan's rating: 1263 &rarr; <strong>1293<\/strong><br \/>(+30 for winning)
|join|mouse de frank