|join|bsuuuu
|join|RNGzus
|player|p1|bsuuuu|43
|player|p2|RNGzus|153
|gametype|singles
|gen|6
|tier|OU (suspect test)
|rated
|clearpoke
|poke|p1|Gengar, M
|poke|p1|Ferrothorn, M
|poke|p1|Clefable, M
|poke|p1|Latias, F
|poke|p1|Gliscor, F
|poke|p1|Charizard, F
|poke|p2|Metagross
|poke|p2|Keldeo
|poke|p2|Dragonite, F
|poke|p2|Bisharp, M
|poke|p2|Thundurus, M
|poke|p2|Infernape, F
|rule|Swagger Clause: Swagger is banned
|rule|Baton Pass Clause: Limit one PokÃ©mon knowing Baton Pass
|rule|Sleep Clause Mod: Limit one foe put to sleep
|rule|Species Clause: Limit one of each PokÃ©mon
|rule|OHKO Clause: OHKO moves are banned
|rule|Moody Clause: Moody is banned
|rule|Evasion Moves Clause: Evasion moves are banned
|rule|Endless Battle Clause: Forcing endless battles is banned
|rule|HP Percentage Mod: HP is shown in percentages
|teampreview
|
|start
|switch|p1a: Charizard|Charizard, F|339\/339
|switch|p2a: Infernape|Infernape, F|293\/293
|turn|1
|
|move|p2a: Infernape|Stealth Rock|p1a: Charizard
|-sidestart|p1: bsuuuu|move: Stealth Rock
|move|p1a: Charizard|Dragon Dance|p1a: Charizard
|-boost|p1a: Charizard|atk|1
|-boost|p1a: Charizard|spe|1
|
|turn|2
|
|move|p1a: Charizard|Dragon Claw|p2a: Infernape
|-damage|p2a: Infernape|113\/293
|move|p2a: Infernape|Endeavor|p1a: Charizard
|-damage|p1a: Charizard|113\/339
|
|turn|3
|
|detailschange|p1a: Charizard|Charizard-Mega-X, F
|-mega|p1a: Charizard|Charizard|Charizardite X
|move|p2a: Infernape|Vacuum Wave|p1a: Charizard
|-damage|p1a: Charizard|44\/339
|move|p1a: Charizard|Dragon Claw|p2a: Infernape
|-damage|p2a: Infernape|0 fnt
|faint|p2a: Infernape
|
|
|switch|p2a: Metagross|Metagross|301\/301
|turn|4
|
|detailschange|p2a: Metagross|Metagross-Mega
|-mega|p2a: Metagross|Metagross|Metagrossite
|move|p2a: Metagross|Bullet Punch|p1a: Charizard
|-resisted|p1a: Charizard
|-damage|p1a: Charizard|0 fnt
|faint|p1a: Charizard
|
|
|switch|p1a: Ferrothorn|Ferrothorn, M|352\/352
|-damage|p1a: Ferrothorn|330\/352|[from] Stealth Rock
|turn|5
|
|move|p2a: Metagross|Hammer Arm|p1a: Ferrothorn
|-supereffective|p1a: Ferrothorn
|-damage|p1a: Ferrothorn|98\/352
|-damage|p2a: Metagross|264\/301|[from] ability: Iron Barbs|[of] p1a: Ferrothorn
|-unboost|p2a: Metagross|spe|1
|move|p1a: Ferrothorn|Leech Seed|p2a: Metagross
|-start|p2a: Metagross|move: Leech Seed
|
|-heal|p1a: Ferrothorn|120\/352|[from] item: Leftovers
|-damage|p2a: Metagross|227\/301|[from] Leech Seed|[of] p1a: Ferrothorn
|-heal|p1a: Ferrothorn|157\/352|[silent]
|turn|6
|
|switch|p2a: Bisharp|Bisharp, M|271\/271
|move|p1a: Ferrothorn|Stealth Rock|p2a: Bisharp
|-sidestart|p2: RNGzus|move: Stealth Rock
|
|-heal|p1a: Ferrothorn|179\/352|[from] item: Leftovers
|turn|7
|
|switch|p1a: Clefable|Clefable, M|394\/394
|move|p2a: Bisharp|Knock Off|p1a: Clefable
|-resisted|p1a: Clefable
|-damage|p1a: Clefable|277\/394
|-enditem|p1a: Clefable|Leftovers|[from] move: Knock Off|[of] p2a: Bisharp
|-damage|p2a: Bisharp|244\/271|[from] item: Life Orb
|
|turn|8
|
|switch|p1a: Gliscor|Gliscor, F|352\/352
|-damage|p1a: Gliscor|308\/352|[from] Stealth Rock
|move|p2a: Bisharp|Iron Head|p1a: Gliscor
|-damage|p1a: Gliscor|174\/352
|-damage|p2a: Bisharp|217\/271|[from] item: Life Orb
|
|-status|p1a: Gliscor|tox|[from] item: Toxic Orb
|turn|9
|
|switch|p2a: Thundurus|Thundurus, M|299\/299
|-damage|p2a: Thundurus|225\/299|[from] Stealth Rock
|move|p1a: Gliscor|Substitute|p1a: Gliscor
|-start|p1a: Gliscor|Substitute
|-damage|p1a: Gliscor|86\/352 tox
|
|-heal|p1a: Gliscor|130\/352 tox|[from] ability: Poison Heal
|turn|10
|
|move|p1a: Gliscor|Protect|p1a: Gliscor
|-singleturn|p1a: Gliscor|Protect
|move|p2a: Thundurus|Hidden Power|p1a: Gliscor
|-activate|p1a: Gliscor|Protect
|
|-heal|p1a: Gliscor|174\/352 tox|[from] ability: Poison Heal
|turn|11
|
|move|p2a: Thundurus|Hidden Power|p1a: Gliscor
|-supereffective|p1a: Gliscor
|-end|p1a: Gliscor|Substitute
|-damage|p2a: Thundurus|196\/299|[from] item: Life Orb
|move|p1a: Gliscor|Substitute|p1a: Gliscor
|-start|p1a: Gliscor|Substitute
|-damage|p1a: Gliscor|86\/352 tox
|
|-heal|p1a: Gliscor|130\/352 tox|[from] ability: Poison Heal
|turn|12
|
|move|p1a: Gliscor|Protect|p1a: Gliscor
|-singleturn|p1a: Gliscor|Protect
|move|p2a: Thundurus|Hidden Power|p1a: Gliscor
|-activate|p1a: Gliscor|Protect
|
|-heal|p1a: Gliscor|174\/352 tox|[from] ability: Poison Heal
|turn|13
|
|switch|p2a: Keldeo|Keldeo|323\/323
|-damage|p2a: Keldeo|303\/323|[from] Stealth Rock
|move|p1a: Gliscor|Substitute|p1a: Gliscor
|-fail|p1a: Gliscor|move: Substitute
|
|-heal|p1a: Gliscor|218\/352 tox|[from] ability: Poison Heal
|turn|14
|
|move|p1a: Gliscor|Protect|p1a: Gliscor
|-singleturn|p1a: Gliscor|Protect
|move|p2a: Keldeo|Scald|p1a: Gliscor
|-activate|p1a: Gliscor|Protect
|
|-heal|p1a: Gliscor|262\/352 tox|[from] ability: Poison Heal
|turn|15
|
|move|p2a: Keldeo|Scald|p1a: Gliscor
|-supereffective|p1a: Gliscor
|-end|p1a: Gliscor|Substitute
|move|p1a: Gliscor|Toxic|p2a: Keldeo
|-status|p2a: Keldeo|tox
|
|-damage|p2a: Keldeo|283\/323 tox|[from] psn
|-heal|p1a: Gliscor|306\/352 tox|[from] ability: Poison Heal
|turn|16
|
|move|p1a: Gliscor|Protect|p1a: Gliscor
|-singleturn|p1a: Gliscor|Protect
|move|p2a: Keldeo|Scald|p1a: Gliscor
|-activate|p1a: Gliscor|Protect
|
|-damage|p2a: Keldeo|243\/323 tox|[from] psn
|-heal|p1a: Gliscor|350\/352 tox|[from] ability: Poison Heal
|turn|17
|
|switch|p2a: Metagross|Metagross-Mega|227\/301
|-damage|p2a: Metagross|209\/301|[from] Stealth Rock
|switch|p1a: Clefable|Clefable, M|277\/394
|
|turn|18
|
|switch|p1a: Ferrothorn|Ferrothorn, M|179\/352
|-damage|p1a: Ferrothorn|157\/352|[from] Stealth Rock
|move|p2a: Metagross|Meteor Mash|p1a: Ferrothorn
|-resisted|p1a: Ferrothorn
|-damage|p1a: Ferrothorn|71\/352
|-damage|p2a: Metagross|172\/301|[from] ability: Iron Barbs|[of] p1a: Ferrothorn
|-boost|p2a: Metagross|atk|1
|
|-heal|p1a: Ferrothorn|93\/352|[from] item: Leftovers
|turn|19
|
|move|p2a: Metagross|Meteor Mash|p1a: Ferrothorn
|-resisted|p1a: Ferrothorn
|-damage|p1a: Ferrothorn|0 fnt
|-damage|p2a: Metagross|135\/301|[from] ability: Iron Barbs|[of] p1a: Ferrothorn
|faint|p1a: Ferrothorn
|
|
|switch|p1a: Gengar|Gengar, M|261\/261
|-damage|p1a: Gengar|229\/261|[from] Stealth Rock
|turn|20
|c|âbsuuuu|plz
|
|move|p2a: Metagross|Bullet Punch|p1a: Gengar
|-damage|p1a: Gengar|0 fnt
|faint|p1a: Gengar
|
|-message|bsuuuu forfeited.
|leave|bsuuuu
|
|win|RNGzus
|raw|Ladder updating...
|player|p1