|join|bsuuuu
|join|LadyKyish
|player|p1|bsuuuu|43
|player|p2|LadyKyish|37
|gametype|singles
|gen|6
|tier|OU (suspect test)
|rated
|clearpoke
|poke|p1|Gengar, M
|poke|p1|Ferrothorn, M
|poke|p1|Clefable, M
|poke|p1|Latias, F
|poke|p1|Gliscor, F
|poke|p1|Charizard, F
|poke|p2|Ferrothorn, F
|poke|p2|Altaria, F, shiny
|poke|p2|Heatran, F, shiny
|poke|p2|Latias, F, shiny
|poke|p2|Suicune
|poke|p2|Tyranitar, F
|rule|Swagger Clause: Swagger is banned
|rule|Baton Pass Clause: Limit one PokÃ©mon knowing Baton Pass
|rule|Sleep Clause Mod: Limit one foe put to sleep
|rule|Species Clause: Limit one of each PokÃ©mon
|rule|OHKO Clause: OHKO moves are banned
|rule|Moody Clause: Moody is banned
|rule|Evasion Moves Clause: Evasion moves are banned
|rule|Endless Battle Clause: Forcing endless battles is banned
|rule|HP Percentage Mod: HP is shown in percentages
|teampreview
|
|start
|switch|p1a: Charizard|Charizard, F|339\/339
|switch|p2a: Selis|Heatran, F, shiny|323\/323
|-item|p2a: Selis|Air Balloon
|turn|1
|
|detailschange|p1a: Charizard|Charizard-Mega-X, F
|-mega|p1a: Charizard|Charizard|Charizardite X
|move|p2a: Selis|Stealth Rock|p1a: Charizard
|-sidestart|p1: bsuuuu|move: Stealth Rock
|move|p1a: Charizard|Dragon Claw|p2a: Selis
|-crit|p2a: Selis
|-resisted|p2a: Selis
|-damage|p2a: Selis|180\/323
|-enditem|p2a: Selis|Air Balloon
|
|turn|2
|
|switch|p1a: Latias|Latias, F|319\/319
|-damage|p1a: Latias|280\/319|[from] Stealth Rock
|move|p2a: Selis|Earth Power|p1a: Latias
|-immune|p1a: Latias|[msg]
|
|turn|3
|
|switch|p2a: Penelope|Suicune|403\/403
|-ability|p2a: Penelope|Pressure
|move|p1a: Latias|Defog|p2a: Penelope
|-unboost|p2a: Penelope|evasion|1
|-sideend|p1: bsuuuu|Stealth Rock|[from] move: Defog|[of] p1a: Latias
|
|turn|4
|
|move|p1a: Latias|Draco Meteor|p2a: Penelope
|-damage|p2a: Penelope|181\/403
|-unboost|p1a: Latias|spa|2
|-damage|p1a: Latias|249\/319|[from] item: Life Orb
|move|p2a: Penelope|Scald|p1a: Latias
|-resisted|p1a: Latias
|-damage|p1a: Latias|216\/319
|
|-heal|p2a: Penelope|206\/403|[from] item: Leftovers
|turn|5
|
|switch|p1a: Charizard|Charizard-Mega-X, F|339\/339
|switch|p2a: Isabeaux|Tyranitar, F|341\/341
|-weather|Sandstorm
|
|-weather|Sandstorm|[upkeep]
|-damage|p1a: Charizard|318\/339|[from] sandstorm
|turn|6
|
|switch|p1a: Gliscor|Gliscor, F|352\/352
|move|p2a: Isabeaux|Stone Edge|p1a: Gliscor
|-damage|p1a: Gliscor|222\/352
|
|-weather|Sandstorm|[upkeep]
|-status|p1a: Gliscor|tox|[from] item: Toxic Orb
|turn|7
|
|switch|p2a: Reil|Latias, F, shiny|301\/301
|move|p1a: Gliscor|Earthquake|p2a: Reil
|-immune|p2a: Reil|[msg]
|
|-weather|Sandstorm|[upkeep]
|-damage|p2a: Reil|283\/301|[from] sandstorm
|-heal|p1a: Gliscor|266\/352 tox|[from] ability: Poison Heal
|turn|8
|
|move|p1a: Gliscor|Protect|p1a: Gliscor
|-singleturn|p1a: Gliscor|Protect
|move|p2a: Reil|Psyshock|p1a: Gliscor
|-activate|p1a: Gliscor|Protect
|
|-weather|Sandstorm|[upkeep]
|-damage|p2a: Reil|265\/301|[from] sandstorm
|-heal|p1a: Gliscor|310\/352 tox|[from] ability: Poison Heal
|turn|9
|
|move|p2a: Reil|Psyshock|p1a: Gliscor
|-crit|p1a: Gliscor
|-damage|p1a: Gliscor|142\/352 tox
|-damage|p2a: Reil|235\/301|[from] item: Life Orb
|move|p1a: Gliscor|Toxic|p2a: Reil
|-status|p2a: Reil|tox
|
|-weather|none
|-damage|p2a: Reil|217\/301 tox|[from] psn
|-heal|p1a: Gliscor|186\/352 tox|[from] ability: Poison Heal
|turn|10
|
|move|p1a: Gliscor|Protect|p1a: Gliscor
|-singleturn|p1a: Gliscor|Protect
|move|p2a: Reil|Defog|p1a: Gliscor
|-activate|p1a: Gliscor|Protect
|
|-damage|p2a: Reil|181\/301 tox|[from] psn
|-heal|p1a: Gliscor|230\/352 tox|[from] ability: Poison Heal
|turn|11
|
|move|p2a: Reil|Psyshock|p1a: Gliscor
|-damage|p1a: Gliscor|123\/352 tox
|-damage|p2a: Reil|151\/301 tox|[from] item: Life Orb
|move|p1a: Gliscor|Substitute|p1a: Gliscor
|-start|p1a: Gliscor|Substitute
|-damage|p1a: Gliscor|35\/352 tox
|
|-damage|p2a: Reil|97\/301 tox|[from] psn
|-heal|p1a: Gliscor|79\/352 tox|[from] ability: Poison Heal
|turn|12
|
|move|p1a: Gliscor|Protect|p1a: Gliscor
|-singleturn|p1a: Gliscor|Protect
|move|p2a: Reil|Healing Wish|p2a: Reil
|faint|p2a: Reil
|
|-heal|p1a: Gliscor|123\/352 tox|[from] ability: Poison Heal
|
|switch|p2a: Selis|Heatran, F, shiny|180\/323
|-heal|p2a: Selis|323\/323|[from] move: Healing Wish
|turn|13
|
|switch|p2a: Penelope|Suicune|206\/403
|-ability|p2a: Penelope|Pressure
|move|p1a: Gliscor|Earthquake|p2a: Penelope
|-damage|p2a: Penelope|137\/403
|
|-heal|p2a: Penelope|162\/403|[from] item: Leftovers
|-heal|p1a: Gliscor|167\/352 tox|[from] ability: Poison Heal
|turn|14
|
|move|p1a: Gliscor|Toxic|p2a: Penelope
|-status|p2a: Penelope|tox
|move|p2a: Penelope|Roar|p1a: Gliscor
|drag|p1a: Charizard|Charizard-Mega-X, F|318\/339
|
|-heal|p2a: Penelope|187\/403 tox|[from] item: Leftovers
|-damage|p2a: Penelope|162\/403 tox|[from] psn
|turn|15
|
|move|p1a: Charizard|Dragon Claw|p2a: Penelope
|-damage|p2a: Penelope|24\/403 tox
|move|p2a: Penelope|Scald|p1a: Charizard
|-damage|p1a: Charizard|225\/339
|
|-heal|p2a: Penelope|49\/403 tox|[from] item: Leftovers
|-damage|p2a: Penelope|0 fnt|[from] psn
|faint|p2a: Penelope
|
|switch|p2a: Mana|Altaria, F, shiny|292\/292
|turn|16
|
|switch|p1a: Ferrothorn|Ferrothorn, M|352\/352
|detailschange|p2a: Mana|Altaria-Mega, F, shiny
|-mega|p2a: Mana|Altaria|Altarianite
|move|p2a: Mana|Hyper Voice|p1a: Ferrothorn
|-crit|p1a: Ferrothorn
|-resisted|p1a: Ferrothorn
|-damage|p1a: Ferrothorn|247\/352
|
|-heal|p1a: Ferrothorn|269\/352|[from] item: Leftovers
|turn|17
|
|switch|p1a: Clefable|Clefable, M|394\/394
|move|p2a: Mana|Fire Blast|p1a: Clefable
|-damage|p1a: Clefable|277\/394
|
|-heal|p1a: Clefable|301\/394|[from] item: Leftovers
|turn|18
|
|switch|p2a: Selis|Heatran, F, shiny|323\/323
|move|p1a: Clefable|Thunder Wave|p2a: Selis
|-status|p2a: Selis|par
|
|-heal|p1a: Clefable|325\/394|[from] item: Leftovers
|turn|19
|
|switch|p1a: Gliscor|Gliscor, F|167\/352 tox
|move|p2a: Selis|Flash Cannon|p1a: Gliscor
|-damage|p1a: Gliscor|0 fnt
|faint|p1a: Gliscor
|
|
|switch|p1a: Charizard|Charizard-Mega-X, F|225\/339
|turn|20
|
|switch|p2a: Mana|Altaria-Mega, F, shiny|292\/292
|move|p1a: Charizard|Dragon Claw|p2a: Mana
|-immune|p2a: Mana|[msg]
|
|turn|21
|
|move|p1a: Charizard|Flare Blitz|p2a: Mana
|-resisted|p2a: Mana
|-damage|p2a: Mana|154\/292
|-damage|p1a: Charizard|179\/339|[from] recoil|[of] p2a: Mana
|move|p2a: Mana|Hyper Voice|p1a: Charizard
|-damage|p1a: Charizard|0 fnt
|faint|p1a: Charizard
|
|
|switch|p1a: Gengar|Gengar, M|261\/261
|turn|22
|
|switch|p2a: Isabeaux|Tyranitar, F|341\/341
|-weather|Sandstorm
|move|p1a: Gengar|Will-O-Wisp|p2a: Isabeaux
|-status|p2a: Isabeaux|brn
|
|-weather|Sandstorm|[upkeep]
|-damage|p1a: Gengar|245\/261|[from] sandstorm
|-heal|p1a: Gengar|261\/261|[from] item: Black Sludge
|-damage|p2a: Isabeaux|299\/341 brn|[from] brn
|turn|23
|
|move|p2a: Isabeaux|Pursuit|p1a: Gengar|[from]Pursuit
|-supereffective|p1a: Gengar
|-damage|p1a: Gengar|49\/261
|switch|p1a: Clefable|Clefable, M|325\/394
|
|-weather|Sandstorm|[upkeep]
|-heal|p1a: Clefable|349\/394|[from] item: Leftovers
|-damage|p2a: Isabeaux|257\/341 brn|[from] brn
|turn|24
|
|switch|p2a: Selis|Heatran, F, shiny|323\/323 par
|switch|p1a: Latias|Latias, F|216\/319
|
|-weather|Sandstorm|[upkeep]
|-damage|p1a: Latias|197\/319|[from] sandstorm
|turn|25
|
|move|p1a: Latias|Draco Meteor|p2a: Selis
|-resisted|p2a: Selis
|-damage|p2a: Selis|193\/323 par
|-unboost|p1a: Latias|spa|2
|-damage|p1a: Latias|166\/319|[from] item: Life Orb
|cant|p2a: Selis|par
|
|-weather|Sandstorm|[upkeep]
|-damage|p1a: Latias|147\/319|[from] sandstorm
|turn|26
|
|switch|p2a: Liu|Ferrothorn, F|352\/352
|move|p1a: Latias|Roost|p1a: Latias
|-heal|p1a: Latias|307\/319
|
|-weather|none
|turn|27
|
|switch|p1a: Gengar|Gengar, M|49\/261
|move|p2a: Liu|Power Whip|p1a: Gengar
|-resisted|p1a: Gengar
|-damage|p1a: Gengar|0 fnt
|faint|p1a: Gengar
|
|
|switch|p1a: Ferrothorn|Ferrothorn, M|269\/352
|turn|28
|
|switch|p2a: Selis|Heatran, F, shiny|193\/323 par
|move|p1a: Ferrothorn|Stealth Rock|p2a: Selis
|-sidestart|p2: LadyKyish|move: Stealth Rock
|
|-heal|p1a: Ferrothorn|291\/352|[from] item: Leftovers
|turn|29
|
|switch|p1a: Latias|Latias, F|307\/319
|move|p2a: Selis|Fire Blast|p1a: Latias
|-resisted|p1a: Latias
|-damage|p1a: Latias|227\/319
|
|turn|30
|
|switch|p2a: Isabeaux|Tyranitar, F|257\/341 brn
|-damage|p2a: Isabeaux|215\/341 brn|[from] Stealth Rock
|-weather|Sandstorm
|move|p1a: Latias|Draco Meteor|p2a: Isabeaux
|-damage|p2a: Isabeaux|55\/341 brn
|-unboost|p1a: Latias|spa|2
|-damage|p1a: Latias|196\/319|[from] item: Life Orb
|
|-weather|Sandstorm|[upkeep]
|-damage|p1a: Latias|177\/319|[from] sandstorm
|-damage|p2a: Isabeaux|13\/341 brn|[from] brn
|turn|31
|
|move|p2a: Isabeaux|Pursuit|p1a: Latias
|-supereffective|p1a: Latias
|-damage|p1a: Latias|97\/319
|move|p1a: Latias|Roost|p1a: Latias
|-heal|p1a: Latias|257\/319
|
|-weather|Sandstorm|[upkeep]
|-damage|p1a: Latias|238\/319|[from] sandstorm
|-damage|p2a: Isabeaux|0 fnt|[from] brn
|faint|p2a: Isabeaux
|
|switch|p2a: Mana|Altaria-Mega, F, shiny|154\/292
|-damage|p2a: Mana|118\/292|[from] Stealth Rock
|turn|32
|
|switch|p1a: Ferrothorn|Ferrothorn, M|291\/352
|move|p2a: Mana|Hyper Voice|p1a: Ferrothorn
|-resisted|p1a: Ferrothorn
|-damage|p1a: Ferrothorn|220\/352
|
|-weather|Sandstorm|[upkeep]
|-damage|p2a: Mana|100\/292|[from] sandstorm
|-heal|p1a: Ferrothorn|242\/352|[from] item: Leftovers
|turn|33
|
|move|p2a: Mana|Fire Blast|p1a: Ferrothorn
|-supereffective|p1a: Ferrothorn
|-damage|p1a: Ferrothorn|0 fnt
|faint|p1a: Ferrothorn
|
|-weather|Sandstorm|[upkeep]
|-damage|p2a: Mana|82\/292|[from] sandstorm
|
|switch|p1a: Clefable|Clefable, M|349\/394
|turn|34
|
|move|p2a: Mana|Earthquake|p1a: Clefable
|-damage|p1a: Clefable|272\/394
|move|p1a: Clefable|Moonblast|p2a: Mana
|-supereffective|p2a: Mana
|-damage|p2a: Mana|0 fnt
|faint|p2a: Mana
|
|-weather|none
|-heal|p1a: Clefable|296\/394|[from] item: Leftovers
|
|switch|p2a: Selis|Heatran, F, shiny|193\/323 par
|-damage|p2a: Selis|153\/323 par|[from] Stealth Rock
|turn|35
|
|switch|p1a: Latias|Latias, F|238\/319
|move|p2a: Selis|Flash Cannon|p1a: Latias
|-damage|p1a: Latias|133\/319
|-unboost|p1a: Latias|spd|1
|
|turn|36
|
|move|p1a: Latias|Roost|p1a: Latias
|-heal|p1a: Latias|293\/319
|move|p2a: Selis|Flash Cannon|p1a: Latias
|-damage|p1a: Latias|122\/319
|
|turn|37
|
|move|p1a: Latias|Roost|p1a: Latias
|-heal|p1a: Latias|282\/319
|move|p2a: Selis|Flash Cannon|p1a: Latias
|-damage|p1a: Latias|119\/319
|
|turn|38
|
|move|p1a: Latias|Roost|p1a: Latias
|-heal|p1a: Latias|279\/319
|cant|p2a: Selis|par
|
|turn|39
|
|move|p1a: Latias|Draco Meteor|p2a: Selis
|-resisted|p2a: Selis
|-damage|p2a: Selis|40\/323 par
|-unboost|p1a: Latias|spa|2
|-damage|p1a: Latias|248\/319|[from] item: Life Orb
|move|p2a: Selis|Flash Cannon|p1a: Latias
|-damage|p1a: Latias|67\/319
|
|turn|40
|
|move|p1a: Latias|Draco Meteor|p2a: Selis
|-resisted|p2a: Selis
|-damage|p2a: Selis|0 fnt
|-unboost|p1a: Latias|spa|2
|-damage|p1a: Latias|36\/319|[from] item: Life Orb
|faint|p2a: Selis
|
|
|switch|p2a: Liu|Ferrothorn, F|352\/352
|-damage|p2a: Liu|330\/352|[from] Stealth Rock
|turn|41
|
|move|p1a: Latias|Roost|p1a: Latias
|-heal|p1a: Latias|196\/319
|move|p2a: Liu|Leech Seed|p1a: Latias
|-start|p1a: Latias|move: Leech Seed
|
|-heal|p2a: Liu|352\/352|[from] item: Leftovers
|-damage|p1a: Latias|157\/319|[from] Leech Seed|[of] p2a: Liu
|turn|42
|
|switch|p1a: Clefable|Clefable, M|296\/394
|move|p2a: Liu|Gyro Ball|p1a: Clefable
|-supereffective|p1a: Clefable
|-damage|p1a: Clefable|50\/394
|
|-heal|p1a: Clefable|74\/394|[from] item: Leftovers
|turn|43
|
|move|p1a: Clefable|Soft-Boiled|p1a: Clefable
|-heal|p1a: Clefable|271\/394
|move|p2a: Liu|Gyro Ball|p1a: Clefable
|-supereffective|p1a: Clefable
|-damage|p1a: Clefable|31\/394
|
|-heal|p1a: Clefable|55\/394|[from] item: Leftovers
|turn|44
|
|move|p1a: Clefable|Soft-Boiled|p1a: Clefable
|-heal|p1a: Clefable|252\/394
|move|p2a: Liu|Gyro Ball|p1a: Clefable
|-supereffective|p1a: Clefable
|-damage|p1a: Clefable|4\/394
|
|-heal|p1a: Clefable|28\/394|[from] item: Leftovers
|turn|45
|
|move|p1a: Clefable|Soft-Boiled|p1a: Clefable
|-heal|p1a: Clefable|225\/394
|move|p2a: Liu|Leech Seed|p1a: Clefable
|-start|p1a: Clefable|move: Leech Seed
|
|-heal|p1a: Clefable|249\/394|[from] item: Leftovers
|turn|46
|
|switch|p1a: Latias|Latias, F|157\/319
|move|p2a: Liu|Gyro Ball|p1a: Latias
|-damage|p1a: Latias|0 fnt
|faint|p1a: Latias
|
|
|switch|p1a: Clefable|Clefable, M|249\/394
|turn|47
|
|move|p1a: Clefable|Soft-Boiled|p1a: Clefable
|-heal|p1a: Clefable|394\/394
|move|p2a: Liu|Gyro Ball|p1a: Clefable
|-supereffective|p1a: Clefable
|-damage|p1a: Clefable|166\/394
|
|-heal|p1a: Clefable|190\/394|[from] item: Leftovers
|turn|48
|
|move|p1a: Clefable|Soft-Boiled|p1a: Clefable
|-heal|p1a: Clefable|387\/394
|move|p2a: Liu|Leech Seed|p1a: Clefable
|-start|p1a: Clefable|move: Leech Seed
|
|-heal|p1a: Clefable|394\/394|[from] item: Leftovers
|turn|49
|
|move|p1a: Clefable|Moonblast|p2a: Liu
|-resisted|p2a: Liu
|-damage|p2a: Liu|318\/352
|-unboost|p2a: Liu|spa|1
|move|p2a: Liu|Power Whip|p1a: Clefable|[miss]
|-miss|p2a: Liu|p1a: Clefable
|
|-heal|p2a: Liu|340\/352|[from] item: Leftovers
|turn|50
|
|move|p1a: Clefable|Moonblast|p2a: Liu
|-resisted|p2a: Liu
|-damage|p2a: Liu|305\/352
|move|p2a: Liu|Gyro Ball|p1a: Clefable
|-supereffective|p1a: Clefable
|-damage|p1a: Clefable|178\/394
|
|-heal|p1a: Clefable|202\/394|[from] item: Leftovers
|-heal|p2a: Liu|327\/352|[from] item: Leftovers
|turn|51
|
|move|p1a: Clefable|Soft-Boiled|p1a: Clefable
|-heal|p1a: Clefable|394\/394
|move|p2a: Liu|Gyro Ball|p1a: Clefable
|-supereffective|p1a: Clefable
|-damage|p1a: Clefable|152\/394
|
|-heal|p1a: Clefable|176\/394|[from] item: Leftovers
|-heal|p2a: Liu|349\/352|[from] item: Leftovers
|turn|52
|
|move|p1a: Clefable|Soft-Boiled|p1a: Clefable
|-heal|p1a: Clefable|373\/394
|move|p2a: Liu|Power Whip|p1a: Clefable
|-damage|p1a: Clefable|229\/394
|
|-heal|p1a: Clefable|253\/394|[from] item: Leftovers
|-heal|p2a: Liu|352\/352|[from] item: Leftovers
|turn|53
|
|move|p1a: Clefable|Moonblast|p2a: Liu
|-resisted|p2a: Liu
|-damage|p2a: Liu|319\/352
|move|p2a: Liu|Power Whip|p1a: Clefable
|-damage|p1a: Clefable|121\/394
|
|-heal|p1a: Clefable|145\/394|[from] item: Leftovers
|-heal|p2a: Liu|341\/352|[from] item: Leftovers
|turn|54
|
|move|p1a: Clefable|Soft-Boiled|p1a: Clefable
|-heal|p1a: Clefable|342\/394
|move|p2a: Liu|Power Whip|p1a: Clefable
|-damage|p1a: Clefable|197\/394
|
|-heal|p1a: Clefable|221\/394|[from] item: Leftovers
|-heal|p2a: Liu|352\/352|[from] item: Leftovers
|turn|55
|
|move|p1a: Clefable|Moonblast|p2a: Liu
|-resisted|p2a: Liu
|-damage|p2a: Liu|316\/352
|-unboost|p2a: Liu|spa|1
|move|p2a: Liu|Power Whip|p1a: Clefable
|-damage|p1a: Clefable|88\/394
|
|-heal|p1a: Clefable|112\/394|[from] item: Leftovers
|-heal|p2a: Liu|338\/352|[from] item: Leftovers
|turn|56
|
|move|p1a: Clefable|Soft-Boiled|p1a: Clefable
|-heal|p1a: Clefable|309\/394
|move|p2a: Liu|Power Whip|p1a: Clefable
|-damage|p1a: Clefable|174\/394
|
|-heal|p1a: Clefable|198\/394|[from] item: Leftovers
|-heal|p2a: Liu|352\/352|[from] item: Leftovers
|turn|57
|
|move|p1a: Clefable|Soft-Boiled|p1a: Clefable
|-heal|p1a: Clefable|394\/394
|move|p2a: Liu|Power Whip|p1a: Clefable
|-damage|p1a: Clefable|256\/394
|
|-heal|p1a: Clefable|280\/394|[from] item: Leftovers
|turn|58
|c|âLadyKyish|lol how much more pp
|
|move|p1a: Clefable|Moonblast|p2a: Liu
|-resisted|p2a: Liu
|-damage|p2a: Liu|316\/352
|move|p2a: Liu|Power Whip|p1a: Clefable
|-damage|p1a: Clefable|126\/394
|
|-heal|p1a: Clefable|150\/394|[from] item: Leftovers
|-heal|p2a: Liu|338\/352|[from] item: Leftovers
|turn|59
|
|move|p1a: Clefable|Soft-Boiled|p1a: Clefable
|-heal|p1a: Clefable|347\/394
|move|p2a: Liu|Power Whip|p1a: Clefable
|-damage|p1a: Clefable|197\/394
|
|-heal|p1a: Clefable|221\/394|[from] item: Leftovers
|-heal|p2a: Liu|352\/352|[from] item: Leftovers
|turn|60
|
|move|p1a: Clefable|Moonblast|p2a: Liu
|-crit|p2a: Liu
|-resisted|p2a: Liu
|-damage|p2a: Liu|298\/352
|move|p2a: Liu|Power Whip|p1a: Clefable
|-crit|p1a: Clefable
|-damage|p1a: Clefable|11\/394
|
|-heal|p1a: Clefable|35\/394|[from] item: Leftovers
|-heal|p2a: Liu|320\/352|[from] item: Leftovers
|turn|61
|
|move|p1a: Clefable|Soft-Boiled|p1a: Clefable
|-heal|p1a: Clefable|232\/394
|move|p2a: Liu|Power Whip|p1a: Clefable
|-crit|p1a: Clefable
|-damage|p1a: Clefable|21\/394
|
|-heal|p1a: Clefable|45\/394|[from] item: Leftovers
|-heal|p2a: Liu|342\/352|[from] item: Leftovers
|turn|62
|
|move|p1a: Clefable|Soft-Boiled|p1a: Clefable
|-heal|p1a: Clefable|242\/394
|move|p2a: Liu|Power Whip|p1a: Clefable
|-damage|p1a: Clefable|97\/394
|
|-heal|p1a: Clefable|121\/394|[from] item: Leftovers
|-heal|p2a: Liu|352\/352|[from] item: Leftovers
|turn|63
|
|move|p1a: Clefable|Soft-Boiled|p1a: Clefable
|-heal|p1a: Clefable|318\/394
|move|p2a: Liu|Power Whip|p1a: Clefable
|-damage|p1a: Clefable|173\/394
|
|-heal|p1a: Clefable|197\/394|[from] item: Leftovers
|turn|64
|
|move|p1a: Clefable|Moonblast|p2a: Liu
|-resisted|p2a: Liu
|-damage|p2a: Liu|319\/352
|move|p2a: Liu|Spikes|p1a: Clefable
|-sidestart|p1: bsuuuu|Spikes
|
|-heal|p1a: Clefable|221\/394|[from] item: Leftovers
|-heal|p2a: Liu|341\/352|[from] item: Leftovers
|turn|65
|
|move|p1a: Clefable|Moonblast|p2a: Liu
|-resisted|p2a: Liu
|-damage|p2a: Liu|309\/352
|-unboost|p2a: Liu|spa|1
|move|p2a: Liu|Spikes|p1a: Clefable
|-sidestart|p1: bsuuuu|Spikes
|
|-heal|p1a: Clefable|245\/394|[from] item: Leftovers
|-heal|p2a: Liu|331\/352|[from] item: Leftovers
|turn|66
|
|move|p1a: Clefable|Moonblast|p2a: Liu
|-resisted|p2a: Liu
|-damage|p2a: Liu|298\/352
|-unboost|p2a: Liu|spa|1
|move|p2a: Liu|Power Whip|p1a: Clefable
|-damage|p1a: Clefable|112\/394
|
|-heal|p1a: Clefable|136\/394|[from] item: Leftovers
|-heal|p2a: Liu|320\/352|[from] item: Leftovers
|turn|67
|
|move|p1a: Clefable|Soft-Boiled|p1a: Clefable
|-heal|p1a: Clefable|333\/394
|move|p2a: Liu|Power Whip|p1a: Clefable
|-crit|p1a: Clefable
|-damage|p1a: Clefable|135\/394
|
|-heal|p1a: Clefable|159\/394|[from] item: Leftovers
|-heal|p2a: Liu|342\/352|[from] item: Leftovers
|turn|68
|
|move|p1a: Clefable|Moonblast|p2a: Liu
|-resisted|p2a: Liu
|-damage|p2a: Liu|306\/352
|move|p2a: Liu|Spikes|p1a: Clefable
|-sidestart|p1: bsuuuu|Spikes
|
|-heal|p1a: Clefable|183\/394|[from] item: Leftovers
|-heal|p2a: Liu|328\/352|[from] item: Leftovers
|turn|69
|
|move|p1a: Clefable|Moonblast|p2a: Liu
|-resisted|p2a: Liu
|-damage|p2a: Liu|294\/352
|move|p2a: Liu|Gyro Ball|p1a: Clefable
|-supereffective|p1a: Clefable
|-damage|p1a: Clefable|0 fnt
|faint|p1a: Clefable
|
|win|LadyKyish
|raw|Ladder updating...
|raw|bsuuuu's rating: 1425 &rarr; <strong>1400<\/strong><br \/>(-25 for losing)
|raw|LadyKyish's rating: 1327 &rarr; <strong>1353<\/strong><br \/>(+26 for winning)
|leave|bsuuuu
|player|p1
|c|âLadyKyish|lol