|join|DreamScream
|join|SPIK0
|player|p1|DreamScream|169
|player|p2|SPIK0|161
|gametype|singles
|gen|6
|tier|OU
|rated
|clearpoke
|poke|p1|Charizard, M
|poke|p1|Azumarill, M
|poke|p1|Kyurem-Black
|poke|p1|Alakazam, M
|poke|p1|Ferrothorn, M
|poke|p1|Sylveon, M
|poke|p2|Scizor, M
|poke|p2|Heatran, M
|poke|p2|Gliscor, M
|poke|p2|Chansey, F
|poke|p2|Gastrodon, M
|poke|p2|Tornadus-Therian, M
|rule|Swagger Clause: Swagger is banned
|rule|Baton Pass Clause: Limit one PokÃ©mon knowing Baton Pass
|rule|Sleep Clause Mod: Limit one foe put to sleep
|rule|Species Clause: Limit one of each PokÃ©mon
|rule|OHKO Clause: OHKO moves are banned
|rule|Moody Clause: Moody is banned
|rule|Evasion Moves Clause: Evasion moves are banned
|rule|Endless Battle Clause: Forcing endless battles is banned
|rule|HP Percentage Mod: HP is shown in percentages
|teampreview
|chat|DreamScream|gl hf
|
|start
|switch|p1a: Kobe|Kyurem-Black|392\/392
|switch|p2a: Tornadus-Therian|Tornadus-Therian, M|299\/299
|-ability|p1a: Kobe|Teravolt
|turn|1
|
|switch|p1a: Frisbee|Ferrothorn, M|352\/352
|move|p2a: Tornadus-Therian|U-turn|p1a: Frisbee
|-damage|p1a: Frisbee|307\/352
|-damage|p2a: Tornadus-Therian|262\/299|[from] ability: Iron Barbs|[of] p1a: Frisbee
|-damage|p2a: Tornadus-Therian|213\/299|[from] item: Rocky Helmet|[of] p1a: Frisbee
|
|switch|p2a: Gliscor|Gliscor, M|354\/354
|
|-status|p2a: Gliscor|tox|[from] item: Toxic Orb
|turn|2
|
|move|p2a: Gliscor|Taunt|p1a: Frisbee
|-start|p1a: Frisbee|move: Taunt
|cant|p1a: Frisbee|move: Taunt|Stealth Rock
|
|turn|3
|
|move|p2a: Gliscor|Knock Off|p1a: Frisbee
|-damage|p1a: Frisbee|267\/352
|-damage|p2a: Gliscor|310\/354 tox|[from] ability: Iron Barbs|[of] p1a: Frisbee
|-damage|p2a: Gliscor|251\/354 tox|[from] item: Rocky Helmet|[of] p1a: Frisbee
|-enditem|p1a: Frisbee|Rocky Helmet|[from] move: Knock Off|[of] p2a: Gliscor
|move|p1a: Frisbee|Gyro Ball|p2a: Gliscor
|-damage|p2a: Gliscor|152\/354 tox
|
|-heal|p2a: Gliscor|196\/354 tox|[from] ability: Poison Heal
|turn|4
|
|switch|p1a: Kobe|Kyurem-Black|392\/392
|-ability|p1a: Kobe|Teravolt
|move|p2a: Gliscor|Protect|p2a: Gliscor
|-fail|p2a: Gliscor
|
|-heal|p2a: Gliscor|240\/354 tox|[from] ability: Poison Heal
|turn|5
|
|move|p1a: Kobe|Earth Power|p2a: Gliscor
|-immune|p2a: Gliscor|[msg]
|move|p2a: Gliscor|Knock Off|p1a: Kobe
|-damage|p1a: Kobe|324\/392
|-enditem|p1a: Kobe|Choice Scarf|[from] move: Knock Off|[of] p2a: Gliscor
|
|-heal|p2a: Gliscor|284\/354 tox|[from] ability: Poison Heal
|turn|6
|chat|DreamScream|why did you not bring in heatran
|chat|DreamScream|the ice beam was so clear
|
|move|p2a: Gliscor|Protect|p2a: Gliscor
|-singleturn|p2a: Gliscor|Protect
|move|p1a: Kobe|Ice Beam|p2a: Gliscor
|-activate|p2a: Gliscor|Protect
|
|-heal|p2a: Gliscor|328\/354 tox|[from] ability: Poison Heal
|turn|7
|chat|SPIK0|Because I knew you had earth power
|chat|DreamScream|or at least chansey
|
|switch|p2a: Chansey|Chansey, F|704\/704
|move|p1a: Kobe|Ice Beam|p2a: Chansey
|-damage|p2a: Chansey|613\/704
|
|turn|8
|
|switch|p1a: Frisbee|Ferrothorn, M|267\/352
|move|p2a: Chansey|Stealth Rock|p1a: Frisbee
|-sidestart|p1: DreamScream|move: Stealth Rock
|
|turn|9
|chat|SPIK0|simple yo
|
|switch|p2a: Heatran|Heatran, M|386\/386
|move|p1a: Frisbee|Stealth Rock|p2a: Heatran
|-sidestart|p2: SPIK0|move: Stealth Rock
|
|turn|10
|
|switch|p1a: Samuel|Charizard, M|297\/297
|-damage|p1a: Samuel|149\/297|[from] Stealth Rock
|move|p2a: Heatran|Roar|p1a: Samuel
|drag|p1a: Marshawn|Azumarill, M|404\/404
|-damage|p1a: Marshawn|354\/404|[from] Stealth Rock
|
|turn|11
|
|switch|p2a: Gastrodon|Gastrodon, M|426\/426
|-damage|p2a: Gastrodon|400\/426|[from] Stealth Rock
|move|p1a: Marshawn|Play Rough|p2a: Gastrodon
|-crit|p2a: Gastrodon
|-damage|p2a: Gastrodon|144\/426
|
|-heal|p2a: Gastrodon|170\/426|[from] item: Leftovers
|turn|12
|
|move|p1a: Marshawn|Play Rough|p2a: Gastrodon
|-damage|p2a: Gastrodon|0 fnt
|faint|p2a: Gastrodon
|
|
|switch|p2a: Scizor|Scizor, M|282\/282
|-damage|p2a: Scizor|247\/282|[from] Stealth Rock
|turn|13
|
|detailschange|p2a: Scizor|Scizor-Mega, M
|message|Scizor has Mega Evolved into Mega Scizor!
|move|p2a: Scizor|Knock Off|p1a: Marshawn
|-resisted|p1a: Marshawn
|-damage|p1a: Marshawn|274\/404
|-enditem|p1a: Marshawn|Assault Vest|[from] move: Knock Off|[of] p2a: Scizor
|move|p1a: Marshawn|Waterfall|p2a: Scizor
|-damage|p2a: Scizor|132\/282
|
|turn|14
|
|move|p2a: Scizor|Roost|p2a: Scizor
|-heal|p2a: Scizor|273\/282
|move|p1a: Marshawn|Waterfall|p2a: Scizor
|-damage|p2a: Scizor|171\/282
|
|turn|15
|
|switch|p1a: Frisbee|Ferrothorn, M|267\/352
|-damage|p1a: Frisbee|245\/352|[from] Stealth Rock
|move|p2a: Scizor|Bullet Punch|p1a: Frisbee
|-resisted|p1a: Frisbee
|-damage|p1a: Frisbee|205\/352
|-damage|p2a: Scizor|136\/282|[from] ability: Iron Barbs|[of] p1a: Frisbee
|
|turn|16
|
|move|p2a: Scizor|Roost|p2a: Scizor
|-heal|p2a: Scizor|277\/282
|move|p1a: Frisbee|Leech Seed|p2a: Scizor
|-start|p2a: Scizor|move: Leech Seed
|
|-damage|p2a: Scizor|242\/282|[from] Leech Seed|[of] p1a: Frisbee
|-heal|p1a: Frisbee|240\/352|[silent]
|turn|17
|
|switch|p2a: Heatran|Heatran, M|386\/386
|-damage|p2a: Heatran|338\/386|[from] Stealth Rock
|move|p1a: Frisbee|Spikes|p2a: Heatran
|-sidestart|p2: SPIK0|Spikes
|
|-heal|p2a: Heatran|362\/386|[from] item: Leftovers
|turn|18
|
|switch|p1a: Marshawn|Azumarill, M|274\/404
|-damage|p1a: Marshawn|224\/404|[from] Stealth Rock
|move|p2a: Heatran|Lava Plume|p1a: Marshawn
|-resisted|p1a: Marshawn
|-damage|p1a: Marshawn|149\/404
|
|-heal|p2a: Heatran|386\/386|[from] item: Leftovers
|turn|19
|
|switch|p2a: Scizor|Scizor-Mega, M|242\/282
|-damage|p2a: Scizor|207\/282|[from] Stealth Rock
|-damage|p2a: Scizor|172\/282|[from] Spikes
|move|p1a: Marshawn|Waterfall|p2a: Scizor
|-damage|p2a: Scizor|57\/282
|
|turn|20
|
|move|p2a: Scizor|Roost|p2a: Scizor
|-heal|p2a: Scizor|198\/282
|move|p1a: Marshawn|Waterfall|p2a: Scizor
|-damage|p2a: Scizor|93\/282
|
|turn|21
|
|switch|p1a: Frisbee|Ferrothorn, M|240\/352
|-damage|p1a: Frisbee|218\/352|[from] Stealth Rock
|move|p2a: Scizor|Roost|p2a: Scizor
|-heal|p2a: Scizor|234\/282
|
|turn|22
|
|move|p2a: Scizor|Defog|p1a: Frisbee
|-unboost|p1a: Frisbee|evasion|1
|-sideend|p1: DreamScream|Stealth Rock|[from] move: Defog|[of] p1a: Frisbee
|-sideend|p2: SPIK0|Spikes|[from] move: Defog|[of] p2a: Scizor
|-sideend|p2: SPIK0|Stealth Rock|[from] move: Defog|[of] p2a: Scizor
|move|p1a: Frisbee|Spikes|p2a: Scizor
|-sidestart|p2: SPIK0|Spikes
|
|turn|23
|
|switch|p2a: Heatran|Heatran, M|386\/386
|-damage|p2a: Heatran|338\/386|[from] Spikes
|switch|p1a: Samuel|Charizard, M|149\/297
|
|-heal|p2a: Heatran|362\/386|[from] item: Leftovers
|turn|24
|
|detailschange|p1a: Samuel|Charizard-Mega-X, M
|message|Charizard has Mega Evolved into Mega Charizard!
|move|p1a: Samuel|Earthquake|p2a: Heatran
|-crit|p2a: Heatran
|-supereffective|p2a: Heatran
|-damage|p2a: Heatran|0 fnt
|faint|p2a: Heatran
|
|
|switch|p2a: Gliscor|Gliscor, M|328\/354 tox
|turn|25
|
|move|p1a: Samuel|Dragon Dance|p1a: Samuel
|-boost|p1a: Samuel|atk|1
|-boost|p1a: Samuel|spe|1
|move|p2a: Gliscor|Earthquake|p1a: Samuel
|-crit|p1a: Samuel
|-supereffective|p1a: Samuel
|-damage|p1a: Samuel|0 fnt
|faint|p1a: Samuel
|
|-heal|p2a: Gliscor|354\/354 tox|[from] ability: Poison Heal
|chat|SPIK0|That Pokemon is so fucking overpowered
|
|switch|p1a: Marshawn|Azumarill, M|149\/404
|turn|26
|
|move|p2a: Gliscor|Earthquake|p1a: Marshawn
|-damage|p1a: Marshawn|10\/404
|move|p1a: Marshawn|Waterfall|p2a: Gliscor
|-supereffective|p2a: Gliscor
|-damage|p2a: Gliscor|144\/354 tox
|
|-heal|p2a: Gliscor|188\/354 tox|[from] ability: Poison Heal
|turn|27
|
|move|p2a: Gliscor|Protect|p2a: Gliscor
|-singleturn|p2a: Gliscor|Protect
|move|p1a: Marshawn|Aqua Jet|p2a: Gliscor
|-activate|p2a: Gliscor|Protect
|
|-heal|p2a: Gliscor|232\/354 tox|[from] ability: Poison Heal
|turn|28
|
|move|p1a: Marshawn|Aqua Jet|p2a: Gliscor
|-supereffective|p2a: Gliscor
|-damage|p2a: Gliscor|128\/354 tox
|move|p2a: Gliscor|Knock Off|p1a: Marshawn
|-resisted|p1a: Marshawn
|-damage|p1a: Marshawn|0 fnt
|faint|p1a: Marshawn
|
|-heal|p2a: Gliscor|172\/354 tox|[from] ability: Poison Heal
|
|switch|p1a: Kobe|Kyurem-Black|324\/392
|-ability|p1a: Kobe|Teravolt
|turn|29
|
|move|p2a: Gliscor|Protect|p2a: Gliscor
|-singleturn|p2a: Gliscor|Protect
|move|p1a: Kobe|Ice Beam|p2a: Gliscor
|-activate|p2a: Gliscor|Protect
|
|-heal|p2a: Gliscor|216\/354 tox|[from] ability: Poison Heal
|turn|30
|
|switch|p1a: Frisbee|Ferrothorn, M|218\/352
|switch|p2a: Chansey|Chansey, F|613\/704
|-damage|p2a: Chansey|525\/704|[from] Spikes
|
|turn|31
|
|switch|p2a: Tornadus-Therian|Tornadus-Therian, M|299\/299
|move|p1a: Frisbee|Leech Seed|p2a: Tornadus-Therian
|-start|p2a: Tornadus-Therian|move: Leech Seed
|
|-damage|p2a: Tornadus-Therian|262\/299|[from] Leech Seed|[of] p1a: Frisbee
|-heal|p1a: Frisbee|255\/352|[silent]
|turn|32
|
|move|p2a: Tornadus-Therian|Superpower|p1a: Frisbee
|-supereffective|p1a: Frisbee
|-damage|p1a: Frisbee|111\/352
|-damage|p2a: Tornadus-Therian|225\/299|[from] ability: Iron Barbs|[of] p1a: Frisbee
|-unboost|p2a: Tornadus-Therian|atk|1
|-unboost|p2a: Tornadus-Therian|def|1
|move|p1a: Frisbee|Stealth Rock|p2a: Tornadus-Therian
|-sidestart|p2: SPIK0|move: Stealth Rock
|
|-damage|p2a: Tornadus-Therian|188\/299|[from] Leech Seed|[of] p1a: Frisbee
|-heal|p1a: Frisbee|148\/352|[silent]
|turn|33
|
|move|p2a: Tornadus-Therian|U-turn|p1a: Frisbee
|-damage|p1a: Frisbee|121\/352
|-damage|p2a: Tornadus-Therian|151\/299|[from] ability: Iron Barbs|[of] p1a: Frisbee
|
|switch|p2a: Scizor|Scizor-Mega, M|234\/282
|-damage|p2a: Scizor|199\/282|[from] Spikes
|-damage|p2a: Scizor|164\/282|[from] Stealth Rock
|move|p1a: Frisbee|Gyro Ball|p2a: Scizor
|-crit|p2a: Scizor
|-resisted|p2a: Scizor
|-damage|p2a: Scizor|102\/282
|
|turn|34
|
|move|p2a: Scizor|Roost|p2a: Scizor
|-heal|p2a: Scizor|243\/282
|move|p1a: Frisbee|Stealth Rock|p2a: Scizor
|-fail|p2a: Scizor
|
|turn|35
|
|move|p2a: Scizor|Defog|p1a: Frisbee
|-unboost|p1a: Frisbee|evasion|1
|-sideend|p2: SPIK0|Spikes|[from] move: Defog|[of] p2a: Scizor
|-sideend|p2: SPIK0|Stealth Rock|[from] move: Defog|[of] p2a: Scizor
|move|p1a: Frisbee|Leech Seed|p2a: Scizor
|-start|p2a: Scizor|move: Leech Seed
|
|-damage|p2a: Scizor|208\/282|[from] Leech Seed|[of] p1a: Frisbee
|-heal|p1a: Frisbee|156\/352|[silent]
|turn|36
|
|switch|p2a: Tornadus-Therian|Tornadus-Therian, M|250\/299
|move|p1a: Frisbee|Stealth Rock|p2a: Tornadus-Therian
|-sidestart|p2: SPIK0|move: Stealth Rock
|
|turn|37
|
|switch|p1a: Bowties|Sylveon, M|394\/394
|move|p2a: Tornadus-Therian|U-turn|p1a: Bowties
|-crit|p1a: Bowties
|-resisted|p1a: Bowties
|-damage|p1a: Bowties|317\/394
|
|switch|p2a: Scizor|Scizor-Mega, M|208\/282
|-damage|p2a: Scizor|173\/282|[from] Stealth Rock
|
|-heal|p1a: Bowties|341\/394|[from] item: Leftovers
|turn|38
|
|switch|p1a: Kobe|Kyurem-Black|324\/392
|-ability|p1a: Kobe|Teravolt
|move|p2a: Scizor|Defog|p1a: Kobe
|-unboost|p1a: Kobe|evasion|1
|-sideend|p2: SPIK0|Stealth Rock|[from] move: Defog|[of] p2a: Scizor
|
|turn|39
|
|switch|p1a: Frisbee|Ferrothorn, M|156\/352
|move|p2a: Scizor|Bullet Punch|p1a: Frisbee
|-resisted|p1a: Frisbee
|-damage|p1a: Frisbee|120\/352
|-damage|p2a: Scizor|138\/282|[from] ability: Iron Barbs|[of] p1a: Frisbee
|
|turn|40
|
|switch|p2a: Tornadus-Therian|Tornadus-Therian, M|299\/299
|move|p1a: Frisbee|Leech Seed|p2a: Tornadus-Therian
|-start|p2a: Tornadus-Therian|move: Leech Seed
|
|-damage|p2a: Tornadus-Therian|262\/299|[from] Leech Seed|[of] p1a: Frisbee
|-heal|p1a: Frisbee|157\/352|[silent]
|turn|41
|
|switch|p1a: Bowties|Sylveon, M|341\/394
|move|p2a: Tornadus-Therian|U-turn|p1a: Bowties
|-resisted|p1a: Bowties
|-damage|p1a: Bowties|289\/394
|
|switch|p2a: Scizor|Scizor-Mega, M|138\/282
|
|-heal|p1a: Bowties|313\/394|[from] item: Leftovers
|turn|42
|
|move|p2a: Scizor|Roost|p2a: Scizor
|-heal|p2a: Scizor|279\/282
|move|p1a: Bowties|Hyper Voice|p2a: Scizor
|-resisted|p2a: Scizor
|-damage|p2a: Scizor|204\/282
|
|-heal|p1a: Bowties|337\/394|[from] item: Leftovers
|turn|43
|
|switch|p1a: Frisbee|Ferrothorn, M|157\/352
|move|p2a: Scizor|Knock Off|p1a: Frisbee
|-crit|p1a: Frisbee
|-damage|p1a: Frisbee|69\/352
|-damage|p2a: Scizor|169\/282|[from] ability: Iron Barbs|[of] p1a: Frisbee
|
|turn|44
|
|switch|p2a: Gliscor|Gliscor, M|216\/354 tox
|move|p1a: Frisbee|Gyro Ball|p2a: Gliscor
|-damage|p2a: Gliscor|114\/354 tox
|
|-heal|p2a: Gliscor|158\/354 tox|[from] ability: Poison Heal
|turn|45
|
|move|p2a: Gliscor|Earthquake|p1a: Frisbee
|-damage|p1a: Frisbee|5\/352
|move|p1a: Frisbee|Stealth Rock|p2a: Gliscor
|-sidestart|p2: SPIK0|move: Stealth Rock
|
|-heal|p2a: Gliscor|202\/354 tox|[from] ability: Poison Heal
|turn|46
|
|move|p2a: Gliscor|Earthquake|p1a: Frisbee
|-damage|p1a: Frisbee|0 fnt
|faint|p1a: Frisbee
|
|-heal|p2a: Gliscor|246\/354 tox|[from] ability: Poison Heal
|
|switch|p1a: Bowties|Sylveon, M|337\/394
|turn|47
|
|switch|p2a: Scizor|Scizor-Mega, M|169\/282
|-damage|p2a: Scizor|134\/282|[from] Stealth Rock
|switch|p1a: Kobe|Kyurem-Black|324\/392
|-ability|p1a: Kobe|Teravolt
|
|turn|48
|
|move|p2a: Scizor|Bullet Punch|p1a: Kobe
|-supereffective|p1a: Kobe
|-damage|p1a: Kobe|66\/392
|move|p1a: Kobe|Ice Beam|p2a: Scizor
|-resisted|p2a: Scizor
|-damage|p2a: Scizor|56\/282
|
|turn|49
|
|switch|p1a: Bowties|Sylveon, M|337\/394
|move|p2a: Scizor|Bullet Punch|p1a: Bowties
|-crit|p1a: Bowties
|-supereffective|p1a: Bowties
|-damage|p1a: Bowties|0 fnt
|faint|p1a: Bowties
|
|
|switch|p1a: Mustachio|Alakazam, M|252\/252
|turn|50
|
|move|p2a: Scizor|Bullet Punch|p1a: Mustachio
|-damage|p1a: Mustachio|24\/252
|move|p1a: Mustachio|Shadow Ball|p2a: Scizor
|-damage|p2a: Scizor|0 fnt
|faint|p2a: Scizor
|
|
|switch|p2a: Tornadus-Therian|Tornadus-Therian, M|299\/299
|-damage|p2a: Tornadus-Therian|225\/299|[from] Stealth Rock
|turn|51
|
|move|p2a: Tornadus-Therian|Knock Off|p1a: Mustachio
|-supereffective|p1a: Mustachio
|-damage|p1a: Mustachio|0 fnt
|-enditem|p1a: Mustachio|Focus Sash|[from] move: Knock Off|[of] p2a: Tornadus-Therian
|faint|p1a: Mustachio
|
|
|switch|p1a: Kobe|Kyurem-Black|66\/392
|-ability|p1a: Kobe|Teravolt
|turn|52
|
|move|p2a: Tornadus-Therian|Superpower|p1a: Kobe
|-supereffective|p1a: Kobe
|-damage|p1a: Kobe|0 fnt
|-unboost|p2a: Tornadus-Therian|atk|1
|-unboost|p2a: Tornadus-Therian|def|1
|faint|p1a: Kobe
|
|win|SPIK0
|raw|Ladder updating...
|raw|DreamScream's rating: 1544 &rarr; <strong>1526<\/strong><br \/>(-18 for losing)
|raw|SPIK0's rating: 1585 &rarr; <strong>1603<\/strong><br \/>(+18 for winning)
|chat|DreamScream|gg
|leave|DreamScream
|player|p1