|join|DreamScream
|join|Cobb
|player|p1|DreamScream|265
|player|p2|Cobb|1
|gametype|singles
|gen|6
|tier|OU
|rated
|clearpoke
|poke|p1|Landorus, M
|poke|p1|Azumarill, M
|poke|p1|Victini
|poke|p1|Manectric, F
|poke|p1|Latios, M
|poke|p1|Breloom, M
|poke|p2|Azumarill, F
|poke|p2|Thundurus, M
|poke|p2|Heatran, M
|poke|p2|Mew
|poke|p2|Medicham, F
|poke|p2|Mamoswine, M
|rule|Swagger Clause: Swagger is banned
|rule|Baton Pass Clause: Limit one PokÃ©mon knowing Baton Pass
|rule|Sleep Clause Mod: Limit one foe put to sleep
|rule|Species Clause: Limit one of each PokÃ©mon
|rule|OHKO Clause: OHKO moves are banned
|rule|Moody Clause: Moody is banned
|rule|Evasion Moves Clause: Evasion moves are banned
|rule|Endless Battle Clause: Forcing endless battles is banned
|rule|HP Percentage Mod: HP is shown in percentages
|teampreview
|c|âDreamScream|gl hf
|
|start
|switch|p1a: Azumarill|Azumarill, M|404\/404
|switch|p2a: Mew|Mew|404\/404
|turn|1
|
|move|p2a: Mew|Will-O-Wisp|p1a: Azumarill
|-status|p1a: Azumarill|brn
|move|p1a: Azumarill|Knock Off|p2a: Mew
|-supereffective|p2a: Mew
|-damage|p2a: Mew|282\/404
|-enditem|p2a: Mew|Leftovers|[from] move: Knock Off|[of] p1a: Azumarill
|
|-damage|p1a: Azumarill|354\/404 brn|[from] brn
|turn|2
|join|DrizzleFizzle
|
|switch|p1a: Victini|Victini|341\/341
|move|p2a: Mew|Knock Off|p1a: Victini
|-supereffective|p1a: Victini
|-damage|p1a: Victini|201\/341
|-enditem|p1a: Victini|Choice Scarf|[from] move: Knock Off|[of] p2a: Mew
|
|turn|3
|
|move|p1a: Victini|U-turn|p2a: Mew
|-supereffective|p2a: Mew
|-damage|p2a: Mew|156\/404
|
|switch|p1a: Manectric|Manectric, F|281\/281
|move|p2a: Mew|Knock Off|p1a: Manectric
|-damage|p1a: Manectric|196\/281
|
|turn|4
|
|detailschange|p1a: Manectric|Manectric-Mega, F
|message|Manectric has Mega Evolved into Mega Manectric!
|-ability|p1a: Manectric|Intimidate|[of] p2a: Mew
|-unboost|p2a: Mew|atk|1
|move|p1a: Manectric|Thunderbolt|p2a: Mew
|-damage|p2a: Mew|2\/404
|move|p2a: Mew|Will-O-Wisp|p1a: Manectric|[miss]
|-miss|p2a: Mew|p1a: Manectric
|
|turn|5
|
|move|p1a: Manectric|Volt Switch|p2a: Mew
|-damage|p2a: Mew|0 fnt
|faint|p2a: Mew
|
|switch|p1a: Breloom|Breloom, M|262\/262
|
|
|switch|p2a: Medicham|Medicham, F|262\/262
|turn|6
|
|switch|p1a: Azumarill|Azumarill, M|354\/404 brn
|detailschange|p2a: Medicham|Medicham-Mega, F
|message|Medicham has Mega Evolved into Mega Medicham!
|move|p2a: Medicham|Fake Out|p1a: Azumarill
|-damage|p1a: Azumarill|252\/404 brn
|
|-damage|p1a: Azumarill|202\/404 brn|[from] brn
|turn|7
|
|move|p2a: Medicham|Psycho Cut|p1a: Azumarill
|-damage|p1a: Azumarill|0 fnt
|faint|p1a: Azumarill
|
|
|switch|p1a: Landorus|Landorus, M|320\/320
|turn|8
|
|switch|p2a: Mamoswine|Mamoswine, M|424\/424
|move|p1a: Landorus|Earth Power|p2a: Mamoswine
|-damage|p2a: Mamoswine|42\/424
|
|turn|9
|
|switch|p1a: Victini|Victini|201\/341
|move|p2a: Mamoswine|Ice Shard|p1a: Victini
|-resisted|p1a: Victini
|-damage|p1a: Victini|141\/341
|
|turn|10
|
|switch|p2a: Heatran|Heatran, M|386\/386
|move|p1a: Victini|U-turn|p2a: Heatran
|-resisted|p2a: Heatran
|-damage|p2a: Heatran|371\/386
|
|switch|p1a: Landorus|Landorus, M|320\/320
|
|-heal|p2a: Heatran|386\/386|[from] item: Leftovers
|turn|11
|
|switch|p2a: Thundurus|Thundurus, M|300\/300
|move|p1a: Landorus|Sludge Wave|p2a: Thundurus
|-damage|p2a: Thundurus|74\/300
|
|turn|12
|
|switch|p1a: Victini|Victini|141\/341
|move|p2a: Thundurus|Hidden Power|p1a: Victini
|-resisted|p1a: Victini
|-damage|p1a: Victini|98\/341
|-damage|p2a: Thundurus|44\/300|[from] item: Life Orb
|
|turn|13
|
|move|p2a: Thundurus|Thunderbolt|p1a: Victini
|-damage|p1a: Victini|0 fnt
|-damage|p2a: Thundurus|14\/300|[from] item: Life Orb
|faint|p1a: Victini
|
|
|switch|p1a: Manectric|Manectric-Mega, F|196\/281
|-ability|p1a: Manectric|Intimidate|[of] p2a: Thundurus
|-unboost|p2a: Thundurus|atk|1
|turn|14
|
|move|p1a: Manectric|Hidden Power|p2a: Thundurus
|-supereffective|p2a: Thundurus
|-damage|p2a: Thundurus|0 fnt
|faint|p2a: Thundurus
|
|
|switch|p2a: Heatran|Heatran, M|386\/386
|turn|15
|
|move|p1a: Manectric|Volt Switch|p2a: Heatran
|-damage|p2a: Heatran|263\/386
|
|switch|p1a: Latios|Latios, M|302\/302
|move|p2a: Heatran|Lava Plume|p1a: Latios
|-resisted|p1a: Latios
|-damage|p1a: Latios|233\/302
|-status|p1a: Latios|brn
|
|-heal|p2a: Heatran|287\/386|[from] item: Leftovers
|-damage|p1a: Latios|196\/302 brn|[from] brn
|turn|16
|
|move|p1a: Latios|Psyshock|p2a: Heatran
|-resisted|p2a: Heatran
|-damage|p2a: Heatran|193\/386
|-damage|p1a: Latios|166\/302 brn|[from] item: Life Orb
|move|p2a: Heatran|Stealth Rock|p1a: Latios
|-sidestart|p1: DreamScream|move: Stealth Rock
|
|-heal|p2a: Heatran|217\/386|[from] item: Leftovers
|-damage|p1a: Latios|129\/302 brn|[from] brn
|turn|17
|
|move|p1a: Latios|Defog|p2a: Heatran
|-unboost|p2a: Heatran|evasion|1
|-sideend|p1: DreamScream|Stealth Rock|[from] move: Defog|[of] p1a: Latios
|move|p2a: Heatran|Lava Plume|p1a: Latios
|-resisted|p1a: Latios
|-damage|p1a: Latios|56\/302 brn
|
|-heal|p2a: Heatran|241\/386|[from] item: Leftovers
|-damage|p1a: Latios|19\/302 brn|[from] brn
|turn|18
|
|move|p1a: Latios|Recover|p1a: Latios
|-heal|p1a: Latios|170\/302 brn
|move|p2a: Heatran|Stealth Rock|p1a: Latios
|-sidestart|p1: DreamScream|move: Stealth Rock
|
|-heal|p2a: Heatran|265\/386|[from] item: Leftovers
|-damage|p1a: Latios|133\/302 brn|[from] brn
|turn|19
|
|move|p1a: Latios|Defog|p2a: Heatran
|-unboost|p2a: Heatran|evasion|1
|-sideend|p1: DreamScream|Stealth Rock|[from] move: Defog|[of] p1a: Latios
|move|p2a: Heatran|Flash Cannon|p1a: Latios
|-damage|p1a: Latios|0 fnt
|faint|p1a: Latios
|
|-heal|p2a: Heatran|289\/386|[from] item: Leftovers
|
|switch|p1a: Landorus|Landorus, M|320\/320
|turn|20
|
|move|p1a: Landorus|Earth Power|p2a: Heatran
|-supereffective|p2a: Heatran
|-damage|p2a: Heatran|0 fnt
|faint|p2a: Heatran
|
|
|switch|p2a: Mamoswine|Mamoswine, M|42\/424
|turn|21
|
|switch|p1a: Manectric|Manectric-Mega, F|196\/281
|-ability|p1a: Manectric|Intimidate|[of] p2a: Mamoswine
|-unboost|p2a: Mamoswine|atk|1
|move|p2a: Mamoswine|Ice Shard|p1a: Manectric
|-damage|p1a: Manectric|93\/281
|
|turn|22
|
|move|p2a: Mamoswine|Ice Shard|p1a: Manectric
|-damage|p1a: Manectric|0 fnt
|faint|p1a: Manectric
|
|
|switch|p1a: Breloom|Breloom, M|262\/262
|turn|23
|
|switch|p2a: Azumarill|Azumarill, F|364\/364
|move|p1a: Breloom|Mach Punch|p2a: Azumarill
|-resisted|p2a: Azumarill
|-damage|p2a: Azumarill|295\/364
|
|turn|24
|
|move|p2a: Azumarill|Aqua Jet|p1a: Breloom
|-resisted|p1a: Breloom
|-damage|p1a: Breloom|211\/262
|move|p1a: Breloom|Spore|p2a: Azumarill
|-status|p2a: Azumarill|slp
|
|turn|25
|
|move|p1a: Breloom|Bullet Seed|p2a: Azumarill
|-supereffective|p2a: Azumarill
|-damage|p2a: Azumarill|131\/364 slp
|-enditem|p2a: Azumarill|Sitrus Berry|[eat]
|-heal|p2a: Azumarill|222\/364 slp|[from] item: Sitrus Berry
|-supereffective|p2a: Azumarill
|-damage|p2a: Azumarill|54\/364 slp
|-hitcount|p2a: Azumarill|2
|cant|p2a: Azumarill|slp
|
|turn|26
|
|cant|p2a: Azumarill|slp
|move|p1a: Breloom|Bullet Seed|p2a: Azumarill
|-supereffective|p2a: Azumarill
|-damage|p2a: Azumarill|0 fnt
|-hitcount|p2a: Azumarill|1
|faint|p2a: Azumarill
|
|
|switch|p2a: Medicham|Medicham-Mega, F|262\/262
|turn|27
|
|move|p2a: Medicham|Ice Punch|p1a: Breloom
|-supereffective|p1a: Breloom
|-damage|p1a: Breloom|0 fnt
|faint|p1a: Breloom
|
|
|switch|p1a: Landorus|Landorus, M|320\/320
|turn|28
|
|move|p1a: Landorus|Earth Power|p2a: Medicham
|-damage|p2a: Medicham|0 fnt
|faint|p2a: Medicham
|
|
|switch|p2a: Mamoswine|Mamoswine, M|42\/424
|turn|29
|c|âDreamScream|gg
|
|move|p2a: Mamoswine|Ice Shard|p1a: Landorus
|-crit|p1a: Landorus
|-supereffective|p1a: Landorus
|-damage|p1a: Landorus|0 fnt
|faint|p1a: Landorus
|
|win|Cobb
|raw|Ladder updating...
|c|âCobb|gg
|raw|DreamScream's rating: 1480 &rarr; <strong>1460<\/strong><br \/>(-20 for losing)
|raw|Cobb's rating: 1475 &rarr; <strong>1495<\/strong><br \/>(+20 for winning)
|leave|DreamScream
|player|p1