|join|Kaydge
|join|DreamScream
|player|p1|Kaydge|254
|player|p2|DreamScream|266
|gametype|singles
|gen|6
|tier|OU
|rated
|clearpoke
|poke|p1|Amoonguss, F
|poke|p1|Rotom-Wash
|poke|p1|Excadrill, M
|poke|p1|Alakazam, F
|poke|p1|Talonflame, M
|poke|p1|Sableye, M
|poke|p2|Chesnaught, F
|poke|p2|Starmie
|poke|p2|Togekiss, M
|poke|p2|Bastiodon, M
|poke|p2|Absol, F
|poke|p2|Volcarona, M
|rule|Sleep Clause Mod: Limit one foe put to sleep
|rule|Species Clause: Limit one of each Pokemon
|rule|OHKO Clause: OHKO moves are banned
|rule|Moody Clause: Moody is banned
|rule|Evasion Moves Clause: Evasion moves are banned
|rule|Endless Battle Clause: Forcing endless battles is banned.
|rule|HP Percentage Mod: HP is reported as percentages
|teampreview
|chat|DreamScream|gl hf
|
|start
|switch|p1a: CaptainFalcon|Talonflame, M|298\/298
|switch|p2a: Absolutely|Absol, F|272\/272
|turn|1
|
|switch|p2a: OU of NU|Bastiodon, M|324\/324
|move|p1a: CaptainFalcon|U-turn|p2a: OU of NU
|-resisted|p2a: OU of NU
|-damage|p2a: OU of NU|298\/324
|
|switch|p1a: Miele|Rotom-Wash|304\/304
|
|-heal|p2a: OU of NU|318\/324|[from] item: Leftovers
|turn|2
|chat|Kaydge|.
|
|switch|p2a: Kiss Me|Togekiss, M|373\/373
|move|p1a: Miele|Will-O-Wisp|p2a: Kiss Me
|-status|p2a: Kiss Me|brn
|
|-damage|p2a: Kiss Me|327\/373 brn|[from] brn
|turn|3
|
|move|p1a: Miele|Hydro Pump|p2a: Kiss Me
|-damage|p2a: Kiss Me|243\/373 brn
|move|p2a: Kiss Me|Roost|p2a: Kiss Me
|-heal|p2a: Kiss Me|373\/373 brn
|
|-damage|p2a: Kiss Me|327\/373 brn|[from] brn
|turn|4
|
|move|p1a: Miele|Hydro Pump|p2a: Kiss Me
|-damage|p2a: Kiss Me|239\/373 brn
|move|p2a: Kiss Me|Toxic|p1a: Miele
|-status|p1a: Miele|tox
|
|-heal|p2a: Kiss Me|262\/373 brn|[from] item: Leftovers
|-damage|p1a: Miele|285\/304 tox|[from] psn
|-damage|p2a: Kiss Me|216\/373 brn|[from] brn
|turn|5
|
|move|p1a: Miele|Hydro Pump|p2a: Kiss Me
|-damage|p2a: Kiss Me|134\/373 brn
|move|p2a: Kiss Me|Roost|p2a: Kiss Me
|-heal|p2a: Kiss Me|321\/373 brn
|
|-heal|p2a: Kiss Me|344\/373 brn|[from] item: Leftovers
|-damage|p1a: Miele|247\/304 tox|[from] psn
|-damage|p2a: Kiss Me|298\/373 brn|[from] brn
|turn|6
|
|move|p1a: Miele|Volt Switch|p2a: Kiss Me
|-supereffective|p2a: Kiss Me
|-damage|p2a: Kiss Me|182\/373 brn
|
|switch|p1a: Mr.Resetti|Excadrill, M|362\/362
|-ability|p1a: Mr.Resetti|Mold Breaker
|-item|p1a: Mr.Resetti|Air Balloon
|move|p2a: Kiss Me|Air Slash|p1a: Mr.Resetti
|-resisted|p1a: Mr.Resetti
|-damage|p1a: Mr.Resetti|287\/362
|-enditem|p1a: Mr.Resetti|Air Balloon
|
|-heal|p2a: Kiss Me|205\/373 brn|[from] item: Leftovers
|-damage|p2a: Kiss Me|159\/373 brn|[from] brn
|turn|7
|
|switch|p2a: Ray Lewis|Chesnaught, F|380\/380
|move|p1a: Mr.Resetti|Iron Head|p2a: Ray Lewis
|-damage|p2a: Ray Lewis|262\/380
|
|turn|8
|
|move|p1a: Mr.Resetti|Iron Head|p2a: Ray Lewis
|-damage|p2a: Ray Lewis|147\/380
|move|p2a: Ray Lewis|Earthquake|p1a: Mr.Resetti
|-supereffective|p1a: Mr.Resetti
|-damage|p1a: Mr.Resetti|0 fnt
|faint|p1a: Mr.Resetti
|
|
|switch|p1a: Stich|Sableye, M|304\/304
|turn|9
|
|switch|p2a: Kiss Me|Togekiss, M|159\/373 brn
|move|p1a: Stich|Will-O-Wisp|p2a: Kiss Me
|-fail|p2a: Kiss Me|brn
|
|-heal|p2a: Kiss Me|182\/373 brn|[from] item: Leftovers
|-damage|p2a: Kiss Me|136\/373 brn|[from] brn
|turn|10
|
|move|p1a: Stich|Taunt|p2a: Kiss Me
|-start|p2a: Kiss Me|move: Taunt
|move|p2a: Kiss Me|Air Slash|p1a: Stich
|-damage|p1a: Stich|211\/304
|
|-heal|p2a: Kiss Me|159\/373 brn|[from] item: Leftovers
|-heal|p1a: Stich|230\/304|[from] item: Leftovers
|-damage|p2a: Kiss Me|113\/373 brn|[from] brn
|turn|11
|
|switch|p2a: Absolutely|Absol, F|272\/272
|move|p1a: Stich|Recover|p1a: Stich
|-heal|p1a: Stich|304\/304
|
|turn|12
|
|switch|p1a: CaptainFalcon|Talonflame, M|298\/298
|-formechange|p2a: Absolutely|Absol-Mega
|message|Absol has Mega Evolved into Mega Absol!
|move|p2a: Absolutely|Megahorn|p1a: CaptainFalcon
|-resisted|p1a: CaptainFalcon
|-damage|p1a: CaptainFalcon|245\/298
|
|turn|13
|
|switch|p2a: Kiss Me|Togekiss, M|113\/373 brn
|move|p1a: CaptainFalcon|U-turn|p2a: Kiss Me
|-resisted|p2a: Kiss Me
|-damage|p2a: Kiss Me|87\/373 brn
|
|switch|p1a: Miele|Rotom-Wash|247\/304 tox
|
|-heal|p2a: Kiss Me|110\/373 brn|[from] item: Leftovers
|-damage|p1a: Miele|228\/304 tox|[from] psn
|-damage|p2a: Kiss Me|64\/373 brn|[from] brn
|turn|14
|
|move|p1a: Miele|Volt Switch|p2a: Kiss Me
|-supereffective|p2a: Kiss Me
|-damage|p2a: Kiss Me|0 fnt
|faint|p2a: Kiss Me
|
|switch|p1a: CaptainFalcon|Talonflame, M|245\/298
|
|
|switch|p2a: OU of NU|Bastiodon, M|318\/324
|turn|15
|
|switch|p1a: Stich|Sableye, M|304\/304
|move|p2a: OU of NU|Stealth Rock|p1a: Stich
|-sidestart|p1: Kaydge|move: Stealth Rock
|
|-heal|p2a: OU of NU|324\/324|[from] item: Leftovers
|turn|16
|
|switch|p2a: Absolutely|Absol, F|272\/272
|-formechange|p2a: Absolutely|Absol-Mega
|move|p1a: Stich|Foul Play|p2a: Absolutely
|-resisted|p2a: Absolutely
|-damage|p2a: Absolutely|122\/272
|
|turn|17
|
|move|p2a: Absolutely|Megahorn|p1a: Stich
|-damage|p1a: Stich|94\/304
|move|p1a: Stich|Foul Play|p2a: Absolutely
|-resisted|p2a: Absolutely
|-damage|p2a: Absolutely|0 fnt
|faint|p2a: Absolutely
|
|-heal|p1a: Stich|113\/304|[from] item: Leftovers
|
|switch|p2a: My Beach|Volcarona, M|311\/311
|turn|18
|
|move|p1a: Stich|Taunt|p2a: My Beach
|-start|p2a: My Beach|move: Taunt
|move|p2a: My Beach|Fiery Dance|p1a: Stich
|-damage|p1a: Stich|0 fnt
|-boost|p2a: My Beach|spa|1
|faint|p1a: Stich
|
|
|switch|p1a: Miele|Rotom-Wash|228\/304 tox
|-damage|p1a: Miele|190\/304 tox|[from] Stealth Rock
|turn|19
|
|move|p2a: My Beach|Giga Drain|p1a: Miele
|-supereffective|p1a: Miele
|-damage|p1a: Miele|0 fnt
|faint|p1a: Miele
|
|
|switch|p1a: KindOfMagic|Alakazam, F|252\/252
|turn|20
|
|move|p1a: KindOfMagic|Psychic|p2a: My Beach
|-damage|p2a: My Beach|143\/311
|move|p2a: My Beach|Bug Buzz|p1a: KindOfMagic
|-supereffective|p1a: KindOfMagic
|-enditem|p1a: KindOfMagic|Focus Sash
|-damage|p1a: KindOfMagic|1\/252
|
|-heal|p2a: My Beach|162\/311|[from] item: Leftovers
|-end|p2a: My Beach|move: Taunt
|turn|21
|
|switch|p2a: OU of NU|Bastiodon, M|324\/324
|move|p1a: KindOfMagic|Psychic|p2a: OU of NU
|-resisted|p2a: OU of NU
|-damage|p2a: OU of NU|263\/324
|
|-heal|p2a: OU of NU|283\/324|[from] item: Leftovers
|turn|22
|
|move|p1a: KindOfMagic|Focus Blast|p2a: OU of NU
|-supereffective|p2a: OU of NU
|-damage|p2a: OU of NU|0 fnt
|faint|p2a: OU of NU
|
|
|switch|p2a: Mie Myself I|Starmie|261\/261
|turn|23
|
|move|p1a: KindOfMagic|Dazzling Gleam|p2a: Mie Myself I
|-damage|p2a: Mie Myself I|143\/261
|move|p2a: Mie Myself I|Thunderbolt|p1a: KindOfMagic
|-damage|p1a: KindOfMagic|0 fnt
|-damage|p2a: Mie Myself I|117\/261|[from] item: Life Orb
|faint|p1a: KindOfMagic
|
|
|switch|p1a: 1-UP|Amoonguss, F|432\/432
|-damage|p1a: 1-UP|378\/432|[from] Stealth Rock
|turn|24
|
|move|p2a: Mie Myself I|Psyshock|p1a: 1-UP
|-supereffective|p1a: 1-UP
|-damage|p1a: 1-UP|0 fnt
|-damage|p2a: Mie Myself I|91\/261|[from] item: Life Orb
|faint|p1a: 1-UP
|
|
|switch|p1a: CaptainFalcon|Talonflame, M|245\/298
|-damage|p1a: CaptainFalcon|96\/298|[from] Stealth Rock
|turn|25
|
|move|p1a: CaptainFalcon|Brave Bird|p2a: Mie Myself I
|-damage|p2a: Mie Myself I|0 fnt
|-damage|p1a: CaptainFalcon|66\/298|[from] recoil|[of] p2a: Mie Myself I
|faint|p2a: Mie Myself I
|
|
|switch|p2a: Ray Lewis|Chesnaught, F|147\/380
|turn|26
|
|move|p1a: CaptainFalcon|Brave Bird|p2a: Ray Lewis
|-supereffective|p2a: Ray Lewis
|-damage|p2a: Ray Lewis|0 fnt
|-damage|p1a: CaptainFalcon|17\/298|[from] recoil|[of] p2a: Ray Lewis
|faint|p2a: Ray Lewis
|
|
|switch|p2a: My Beach|Volcarona, M|162\/311
|turn|27
|
|move|p1a: CaptainFalcon|Brave Bird|p2a: My Beach
|-supereffective|p2a: My Beach
|-damage|p2a: My Beach|0 fnt
|-damage|p1a: CaptainFalcon|0 fnt|[from] recoil|[of] p2a: My Beach
|faint|p2a: My Beach
|faint|p1a: CaptainFalcon
|
|tie
|raw|Ladder updating...
|raw|Kaydge's rating: 1396 &rarr; <strong>1398<\/strong><br \/>(+2 for tying)
|raw|DreamScream's rating: 1428 &rarr; <strong>1426<\/strong><br \/>(-2 for tying)
|chat|DreamScream|gg
|chat|Kaydge|gg
|leave|DreamScream
|player|p2