|join|Kusse
|join|DreamScream
|player|p1|Kusse|264
|player|p2|DreamScream|101
|gametype|singles
|tier|Pokebank OU (beta)
|rated
|clearpoke
|poke|p1|Haxorus, F, shiny
|poke|p1|Volcarona, F, shiny
|poke|p1|Toxicroak, M
|poke|p1|Mawile, F
|poke|p1|Heracross, F
|poke|p1|Swampert, F
|poke|p2|Rhyperior, M
|poke|p2|Mienshao, F
|poke|p2|Absol, F
|poke|p2|Electivire, M
|poke|p2|Doublade, M
|poke|p2|Mr. Mime, F
|rule|Sleep Clause Mod: Limit one foe put to sleep
|rule|Species Clause: Limit one of each Pokemon
|rule|Moody Clause: Moody is banned
|rule|OHKO Clause: OHKO moves are banned
|rule|Evasion Moves Clause: Evasion moves are banned
|rule|HP Percentage Mod: HP is reported as percentages
|teampreview
|callback|decision
|chat|DreamScream|gl hf
|
|start
|switch|p1a: Swampert|Swampert, F|404\/404
|switch|p2a: #ScarfedPerior|Rhyperior, M|371\/371
|turn|1
|callback|decision
|
|switch|p2a: #SpecialMienshao|Mienshao, F|271\/271
|move|p1a: Swampert|Waterfall|p2a: #SpecialMienshao
|-damage|p2a: #SpecialMienshao|55\/271
|
|turn|2
|callback|decision
|
|move|p2a: #SpecialMienshao|Grass Knot|p1a: Swampert
|-supereffective|p1a: Swampert
|-damage|p1a: Swampert|0 fnt
|-damage|p2a: #SpecialMienshao|28\/271|[from] item: Life Orb
|faint|p1a: Swampert
|
|callback|decision
|
|switch|p1a: Blaze|Volcarona, F, shiny|312\/312
|turn|3
|callback|decision
|
|move|p2a: #SpecialMienshao|U-turn|p1a: Blaze
|-resisted|p1a: Blaze
|-damage|p1a: Blaze|255\/312
|-status|p2a: #SpecialMienshao|brn
|-damage|p2a: #SpecialMienshao|1\/271 brn|[from] item: Life Orb
|callback|decision
|
|switch|p2a: #AlwaysCrit|Absol, F|271\/271
|move|p1a: Blaze|Quiver Dance|p1a: Blaze
|-boost|p1a: Blaze|spa|1
|-boost|p1a: Blaze|spd|1
|-boost|p1a: Blaze|spe|1
|
|-heal|p1a: Blaze|274\/312|[from] item: Leftovers
|turn|4
|callback|decision
|
|move|p1a: Blaze|Bug Buzz|p2a: #AlwaysCrit
|-supereffective|p2a: #AlwaysCrit
|-damage|p2a: #AlwaysCrit|0 fnt
|faint|p2a: #AlwaysCrit
|
|-heal|p1a: Blaze|293\/312|[from] item: Leftovers
|callback|decision
|
|switch|p2a: #SpecialScizor|Mr. Mime, F|221\/221
|turn|5
|callback|decision
|
|move|p1a: Blaze|Bug Buzz|p2a: #SpecialScizor
|-damage|p2a: #SpecialScizor|0 fnt
|faint|p2a: #SpecialScizor
|
|-heal|p1a: Blaze|312\/312|[from] item: Leftovers
|callback|decision
|
|switch|p2a: #ScarfedPerior|Rhyperior, M|371\/371
|turn|6
|callback|decision
|
|move|p1a: Blaze|Giga Drain|p2a: #ScarfedPerior
|-supereffective|p2a: #ScarfedPerior
|-damage|p2a: #ScarfedPerior|0 fnt
|faint|p2a: #ScarfedPerior
|
|callback|decision
|
|switch|p2a: #SpecialMienshao|Mienshao, F|91\/271 brn
|turn|7
|callback|decision
|
|move|p1a: Blaze|Fiery Dance|p2a: #SpecialMienshao
|-damage|p2a: #SpecialMienshao|0 fnt
|faint|p2a: #SpecialMienshao
|
|callback|decision
|
|switch|p2a: #BetterAegislash|Doublade, M|322\/322
|turn|8
|callback|decision
|
|move|p2a: #BetterAegislash|Shadow Sneak|p1a: Blaze
|-damage|p1a: Blaze|216\/312
|move|p1a: Blaze|Fiery Dance|p2a: #BetterAegislash
|-crit|p2a: #BetterAegislash
|-supereffective|p2a: #BetterAegislash
|-damage|p2a: #BetterAegislash|0 fnt
|faint|p2a: #BetterAegislash
|
|-heal|p1a: Blaze|235\/312|[from] item: Leftovers
|callback|decision
|
|switch|p2a: #ShouldBeUU|Electivire, M|292\/292
|turn|9
|callback|decision
|
|move|p1a: Blaze|Bug Buzz|p2a: #ShouldBeUU
|-damage|p2a: #ShouldBeUU|0 fnt
|faint|p2a: #ShouldBeUU
|
|win|Kusse
|raw|Ladder updating...
|chat|Kusse|gg
|raw|Kusse's rating: 1353 &rarr; <strong>1358<\/strong><br \/>(+5 for winning)
|raw|DreamScream's rating: 1339 &rarr; <strong>1336<\/strong><br \/>(-3 for losing)
|chat|DreamScream|gg