|join|DreamScream
|join|ShiryuWarrior
|player|p1|DreamScream|102
|player|p2|ShiryuWarrior|101
|gametype|singles
|tier|Pokebank OU (beta)
|rated
|clearpoke
|poke|p1|Gardevoir, M
|poke|p1|Donphan, F
|poke|p1|Rotom-Wash
|poke|p1|Scizor, F
|poke|p1|Mamoswine, M
|poke|p1|Thundurus-Therian, M
|poke|p2|Lilligant, F
|poke|p2|Ninetales, M
|poke|p2|Charizard, F
|poke|p2|Shiftry, M
|poke|p2|Latias, F
|poke|p2|Aegislash, F
|rule|Sleep Clause Mod: Limit one foe put to sleep
|rule|Species Clause: Limit one of each Pokemon
|rule|Moody Clause: Moody is banned
|rule|OHKO Clause: OHKO moves are banned
|rule|Evasion Moves Clause: Evasion moves are banned
|rule|HP Percentage Mod: HP is reported as percentages
|teampreview
|callback|decision
|chat|DreamScream|gl hf
|
|start
|switch|p1a: Donphan|Donphan, F|384\/384
|switch|p2a: Ninetales|Ninetales, M|350\/350
|-weather|SunnyDay
|turn|1
|callback|decision
|
|move|p2a: Ninetales|Will-O-Wisp|p1a: Donphan
|-status|p1a: Donphan|brn
|move|p1a: Donphan|Stealth Rock|p2a: Ninetales
|-sidestart|p2: ShiryuWarrior|move: Stealth Rock
|
|-weather|SunnyDay|[upkeep]
|-damage|p1a: Donphan|336\/384 brn|[from] brn
|turn|2
|callback|decision
|
|switch|p2a: Latias|Latias, F|364\/364
|-damage|p2a: Latias|319\/364|[from] Stealth Rock
|switch|p1a: Rotom-Wash|Rotom-Wash|304\/304
|
|-weather|SunnyDay|[upkeep]
|-heal|p2a: Latias|341\/364|[from] item: Leftovers
|turn|3
|callback|decision
|
|move|p2a: Latias|Defog|p1a: Rotom-Wash
|-unboost|p1a: Rotom-Wash|evasion|1
|-sideend|p2: ShiryuWarrior|Stealth Rock|[from] move: Defog|[of] p2a: Latias
|move|p1a: Rotom-Wash|Charge Beam|p2a: Latias
|-resisted|p2a: Latias
|-damage|p2a: Latias|320\/364
|
|-weather|SunnyDay|[upkeep]
|-heal|p2a: Latias|342\/364|[from] item: Leftovers
|turn|4
|callback|decision
|
|switch|p1a: Scizor|Scizor, F|344\/344
|move|p2a: Latias|Dragon Pulse|p1a: Scizor
|-resisted|p1a: Scizor
|-damage|p1a: Scizor|278\/344
|
|-weather|SunnyDay|[upkeep]
|-heal|p2a: Latias|364\/364|[from] item: Leftovers
|turn|5
|callback|decision
|
|move|p1a: Scizor|Pursuit|p2a: Latias|[from]Pursuit
|-supereffective|p2a: Latias
|-damage|p2a: Latias|88\/364
|-damage|p1a: Scizor|244\/344|[from] item: Life Orb
|switch|p2a: Ninetales|Ninetales, M|350\/350
|
|-weather|SunnyDay|[upkeep]
|turn|6
|callback|decision
|
|switch|p1a: Rotom-Wash|Rotom-Wash|304\/304
|move|p2a: Ninetales|Will-O-Wisp|p1a: Rotom-Wash
|-status|p1a: Rotom-Wash|brn
|
|-weather|SunnyDay|[upkeep]
|-damage|p1a: Rotom-Wash|266\/304 brn|[from] brn
|turn|7
|callback|decision
|
|switch|p2a: Latias|Latias, F|88\/364
|move|p1a: Rotom-Wash|Charge Beam|p2a: Latias
|-resisted|p2a: Latias
|-damage|p2a: Latias|68\/364
|
|-weather|SunnyDay|[upkeep]
|-heal|p2a: Latias|90\/364|[from] item: Leftovers
|-heal|p1a: Rotom-Wash|285\/304 brn|[from] item: Leftovers
|-damage|p1a: Rotom-Wash|247\/304 brn|[from] brn
|turn|8
|callback|decision
|
|move|p2a: Latias|Roost|p2a: Latias
|-heal|p2a: Latias|272\/364
|move|p1a: Rotom-Wash|Hydro Pump|p2a: Latias
|-resisted|p2a: Latias
|-damage|p2a: Latias|249\/364
|
|-weather|none
|-heal|p2a: Latias|271\/364|[from] item: Leftovers
|-heal|p1a: Rotom-Wash|266\/304 brn|[from] item: Leftovers
|-damage|p1a: Rotom-Wash|228\/304 brn|[from] brn
|turn|9
|callback|decision
|
|switch|p1a: Gardevoir|Gardevoir, M|278\/278
|-ability|p1a: Gardevoir|Levitate|[from] ability: Trace|[of] p2a: Latias
|move|p2a: Latias|Psyshock|p1a: Gardevoir
|-resisted|p1a: Gardevoir
|-damage|p1a: Gardevoir|207\/278
|
|-heal|p2a: Latias|293\/364|[from] item: Leftovers
|turn|10
|callback|decision
|
|switch|p2a: Ninetales|Ninetales, M|350\/350
|-weather|SunnyDay
|-formechange|p1a: Gardevoir|Gardevoir-Mega
|message|Gardevoir has Mega Evolved into Mega Gardevoir!
|move|p1a: Gardevoir|Hyper Voice|p2a: Ninetales
|-resisted|p2a: Ninetales
|-damage|p2a: Ninetales|217\/350
|
|-weather|SunnyDay|[upkeep]
|turn|11
|callback|decision
|
|move|p1a: Gardevoir|Hyper Voice|p2a: Ninetales
|-resisted|p2a: Ninetales
|-damage|p2a: Ninetales|102\/350
|move|p2a: Ninetales|Flamethrower|p1a: Gardevoir
|-damage|p1a: Gardevoir|99\/278
|
|-weather|SunnyDay|[upkeep]
|turn|12
|callback|decision
|
|switch|p2a: Latias|Latias, F|293\/364
|move|p1a: Gardevoir|Psychic|p2a: Latias
|-resisted|p2a: Latias
|-damage|p2a: Latias|235\/364
|
|-weather|SunnyDay|[upkeep]
|-heal|p2a: Latias|257\/364|[from] item: Leftovers
|turn|13
|callback|decision
|
|move|p1a: Gardevoir|Hyper Voice|p2a: Latias
|-supereffective|p2a: Latias
|-damage|p2a: Latias|0 fnt
|faint|p2a: Latias
|
|-weather|SunnyDay|[upkeep]
|callback|decision
|
|switch|p2a: Shiftry|Shiftry, M|321\/321
|turn|14
|callback|decision
|
|switch|p1a: Mamoswine|Mamoswine, M|362\/362
|move|p2a: Shiftry|Swords Dance|p2a: Shiftry
|-boost|p2a: Shiftry|atk|2
|
|-weather|SunnyDay|[upkeep]
|turn|15
|callback|decision
|
|move|p2a: Shiftry|Seed Bomb|p1a: Mamoswine
|-supereffective|p1a: Mamoswine
|-damage|p1a: Mamoswine|0 fnt
|faint|p1a: Mamoswine
|
|-weather|SunnyDay|[upkeep]
|callback|decision
|
|switch|p1a: Scizor|Scizor, F|244\/344
|turn|16
|callback|decision
|
|move|p2a: Shiftry|Brick Break|p1a: Scizor
|-damage|p1a: Scizor|85\/344
|move|p1a: Scizor|Bug Bite|p2a: Shiftry
|-crit|p2a: Shiftry
|-supereffective|p2a: Shiftry
|-enditem|p2a: Shiftry|Focus Sash
|-damage|p2a: Shiftry|1\/321
|-damage|p1a: Scizor|51\/344|[from] item: Life Orb
|
|-weather|SunnyDay|[upkeep]
|turn|17
|callback|decision
|
|move|p2a: Shiftry|Sucker Punch|p1a: Scizor
|-damage|p1a: Scizor|0 fnt
|faint|p1a: Scizor
|
|-weather|none
|callback|decision
|
|switch|p1a: Donphan|Donphan, F|336\/384 brn
|turn|18
|callback|decision
|
|move|p1a: Donphan|Ice Shard|p2a: Shiftry
|-supereffective|p2a: Shiftry
|-damage|p2a: Shiftry|0 fnt
|faint|p2a: Shiftry
|
|-heal|p1a: Donphan|360\/384 brn|[from] item: Leftovers
|-damage|p1a: Donphan|312\/384 brn|[from] brn
|callback|decision
|
|switch|p2a: Ninetales|Ninetales, M|102\/350
|-weather|SunnyDay
|turn|19
|callback|decision
|
|move|p2a: Ninetales|Pain Split|p1a: Donphan
|-sethp|p1a: Donphan|207\/384 brn|p2a: Ninetales|207\/350|[from] move: Pain Split
|move|p1a: Donphan|Stealth Rock|p2a: Ninetales
|-sidestart|p2: ShiryuWarrior|move: Stealth Rock
|
|-weather|SunnyDay|[upkeep]
|-heal|p1a: Donphan|231\/384 brn|[from] item: Leftovers
|-damage|p1a: Donphan|183\/384 brn|[from] brn
|turn|20
|callback|decision
|
|move|p2a: Ninetales|Solar Beam|p1a: Donphan|[still]
|-prepare|p2a: Ninetales|Solar Beam|p1a: Donphan
|-anim|p2a: Ninetales|Solar Beam|p1a: Donphan
|-supereffective|p1a: Donphan
|-damage|p1a: Donphan|0 fnt
|faint|p1a: Donphan
|
|-weather|SunnyDay|[upkeep]
|callback|decision
|
|switch|p1a: Thundurus-Therian|Thundurus-Therian, M|300\/300
|turn|21
|callback|decision
|
|move|p1a: Thundurus-Therian|Thunderbolt|p2a: Ninetales
|-damage|p2a: Ninetales|3\/350
|move|p2a: Ninetales|Flamethrower|p1a: Thundurus-Therian
|-damage|p1a: Thundurus-Therian|152\/300
|
|-weather|SunnyDay|[upkeep]
|-heal|p1a: Thundurus-Therian|170\/300|[from] item: Leftovers
|turn|22
|callback|decision
|
|move|p1a: Thundurus-Therian|Thunderbolt|p2a: Ninetales
|-damage|p2a: Ninetales|0 fnt
|faint|p2a: Ninetales
|
|-weather|SunnyDay|[upkeep]
|-heal|p1a: Thundurus-Therian|188\/300|[from] item: Leftovers
|callback|decision
|
|switch|p2a: Lilligant|Lilligant, F|320\/320
|-damage|p2a: Lilligant|280\/320|[from] Stealth Rock
|turn|23
|callback|decision
|
|move|p2a: Lilligant|Sleep Powder|p1a: Thundurus-Therian
|-status|p1a: Thundurus-Therian|slp
|cant|p1a: Thundurus-Therian|slp
|
|-weather|SunnyDay|[upkeep]
|-heal|p1a: Thundurus-Therian|206\/300 slp|[from] item: Leftovers
|turn|24
|callback|decision
|
|switch|p1a: Rotom-Wash|Rotom-Wash|228\/304 brn
|move|p2a: Lilligant|Quiver Dance|p2a: Lilligant
|-boost|p2a: Lilligant|spa|1
|-boost|p2a: Lilligant|spd|1
|-boost|p2a: Lilligant|spe|1
|
|-weather|SunnyDay|[upkeep]
|-heal|p1a: Rotom-Wash|247\/304 brn|[from] item: Leftovers
|-damage|p1a: Rotom-Wash|209\/304 brn|[from] brn
|turn|25
|callback|decision
|
|move|p2a: Lilligant|Giga Drain|p1a: Rotom-Wash
|-supereffective|p1a: Rotom-Wash
|-damage|p1a: Rotom-Wash|0 fnt
|-heal|p2a: Lilligant|320\/320|[from] drain|[of] p1a: Rotom-Wash
|faint|p1a: Rotom-Wash
|
|-weather|SunnyDay|[upkeep]
|callback|decision
|
|switch|p1a: Gardevoir|Gardevoir, M|99\/278
|-formechange|p1a: Gardevoir|Gardevoir-Mega
|turn|26
|callback|decision
|
|switch|p1a: Thundurus-Therian|Thundurus-Therian, M|206\/300 slp
|move|p2a: Lilligant|Giga Drain|p1a: Thundurus-Therian
|-resisted|p1a: Thundurus-Therian
|-damage|p1a: Thundurus-Therian|103\/300 slp
|
|-weather|none
|-heal|p1a: Thundurus-Therian|121\/300 slp|[from] item: Leftovers
|turn|27
|callback|decision
|
|move|p2a: Lilligant|Quiver Dance|p2a: Lilligant
|-boost|p2a: Lilligant|spa|1
|-boost|p2a: Lilligant|spd|1
|-boost|p2a: Lilligant|spe|1
|-curestatus|p1a: Thundurus-Therian|slp
|move|p1a: Thundurus-Therian|Focus Blast|p2a: Lilligant
|-damage|p2a: Lilligant|209\/320
|
|-heal|p1a: Thundurus-Therian|139\/300|[from] item: Leftovers
|turn|28
|callback|decision
|
|move|p2a: Lilligant|Hidden Power|p1a: Thundurus-Therian
|-damage|p1a: Thundurus-Therian|3\/300
|move|p1a: Thundurus-Therian|Thunderbolt|p2a: Lilligant
|-resisted|p2a: Lilligant
|-damage|p2a: Lilligant|146\/320
|-status|p2a: Lilligant|par
|
|-heal|p1a: Thundurus-Therian|21\/300|[from] item: Leftovers
|turn|29
|callback|decision
|
|move|p1a: Thundurus-Therian|Thunderbolt|p2a: Lilligant
|-resisted|p2a: Lilligant
|-damage|p2a: Lilligant|84\/320 par
|move|p2a: Lilligant|Giga Drain|p1a: Thundurus-Therian
|-resisted|p1a: Thundurus-Therian
|-damage|p1a: Thundurus-Therian|0 fnt
|-heal|p2a: Lilligant|95\/320 par|[from] drain|[of] p1a: Thundurus-Therian
|faint|p1a: Thundurus-Therian
|
|callback|decision
|
|switch|p1a: Gardevoir|Gardevoir, M|99\/278
|-formechange|p1a: Gardevoir|Gardevoir-Mega
|turn|30
|callback|decision
|
|move|p1a: Gardevoir|Hyper Voice|p2a: Lilligant
|-damage|p2a: Lilligant|0 fnt
|faint|p2a: Lilligant
|
|callback|decision
|
|switch|p2a: Charizard|Charizard, F|297\/297
|-damage|p2a: Charizard|149\/297|[from] Stealth Rock
|turn|31
|callback|decision
|
|-formechange|p2a: Charizard|Charizard-Mega-Y
|message|Charizard has Mega Evolved into Mega Charizard!
|-weather|SunnyDay
|move|p1a: Gardevoir|Psychic|p2a: Charizard
|-damage|p2a: Charizard|0 fnt
|faint|p2a: Charizard
|
|-weather|SunnyDay|[upkeep]
|callback|decision
|
|switch|p2a: Aegislash|Aegislash, F|324\/324
|-damage|p2a: Aegislash|304\/324|[from] Stealth Rock
|turn|32
|callback|decision
|
|-formechange|p2a: Aegislash|Aegislash-Blade
|move|p2a: Aegislash|Shadow Sneak|p1a: Gardevoir
|-supereffective|p1a: Gardevoir
|-damage|p1a: Gardevoir|0 fnt
|faint|p1a: Gardevoir
|
|win|ShiryuWarrior
|raw|Ladder updating...
|raw|DreamScream's rating: 1303 &rarr; <strong>1300<\/strong><br \/>(-3 for losing)
|raw|ShiryuWarrior's rating: 1007 &rarr; <strong>1258<\/strong><br \/>(+251 for winning)
|chat|DreamScream|gg
|chat|ShiryuWarrior|gg
|leave|DreamScream
|player|p1