|join|CocaineDonutz
|join|DreamScream
|player|p1|CocaineDonutz|162
|player|p2|DreamScream|169
|gametype|singles
|tier|Pokebank OU (beta)
|rated
|clearpoke
|poke|p1|Heatran, M, shiny
|poke|p1|Cresselia, F, shiny
|poke|p1|Scrafty, M, shiny
|poke|p1|Togekiss, F, shiny
|poke|p1|Aegislash, F
|poke|p1|Clawitzer, F
|poke|p2|Liepard, F
|poke|p2|Charizard, M
|poke|p2|Espeon, F
|poke|p2|Bronzong
|poke|p2|Mienshao, M
|poke|p2|Spiritomb, M
|rule|Sleep Clause Mod: Limit one foe put to sleep
|rule|Species Clause: Limit one of each Pokemon
|rule|Moody Clause: Moody is banned
|rule|OHKO Clause: OHKO moves are banned
|rule|Evasion Moves Clause: Evasion moves are banned
|rule|HP Percentage Mod: HP is reported as percentages
|teampreview
|callback|decision
|chat|DreamScream|gl hf
|chat|CocaineDonutz|same
|
|start
|switch|p1a: Heatran|Heatran, M, shiny|323\/323
|switch|p2a: Espeon|Espeon, F|271\/271
|turn|1
|callback|decision
|
|switch|p2a: Charizard|Charizard, M|298\/298
|move|p1a: Heatran|Dark Pulse|p2a: Charizard
|-damage|p2a: Charizard|178\/298
|
|turn|2
|callback|decision
|
|switch|p1a: Cresselia|Cresselia, F, shiny|444\/444
|-formechange|p2a: Charizard|Charizard-Mega-X
|message|Charizard has Mega Evolved into Mega Charizard!
|move|p2a: Charizard|Earthquake|p1a: Cresselia
|-immune|p1a: Cresselia|[msg]
|
|turn|3
|callback|decision
|
|switch|p2a: Spiritomb|Spiritomb, M|304\/304
|move|p1a: Cresselia|Thunder Wave|p2a: Spiritomb
|-status|p2a: Spiritomb|par
|
|turn|4
|callback|decision
|
|move|p1a: Cresselia|Calm Mind|p1a: Cresselia
|-boost|p1a: Cresselia|spa|1
|-boost|p1a: Cresselia|spd|1
|cant|p2a: Spiritomb|par
|
|turn|5
|callback|decision
|
|move|p1a: Cresselia|Calm Mind|p1a: Cresselia
|-boost|p1a: Cresselia|spa|1
|-boost|p1a: Cresselia|spd|1
|cant|p2a: Spiritomb|par
|
|turn|6
|callback|decision
|
|move|p1a: Cresselia|Calm Mind|p1a: Cresselia
|-boost|p1a: Cresselia|spa|1
|-boost|p1a: Cresselia|spd|1
|move|p2a: Spiritomb|Will-O-Wisp|p1a: Cresselia
|-status|p1a: Cresselia|brn
|
|-damage|p1a: Cresselia|389\/444 brn|[from] brn
|turn|7
|callback|decision
|
|move|p2a: Spiritomb|Shadow Sneak|p1a: Cresselia
|-supereffective|p1a: Cresselia
|-damage|p1a: Cresselia|329\/444 brn
|move|p1a: Cresselia|Ice Beam|p2a: Spiritomb
|-damage|p2a: Spiritomb|178\/304 par
|
|-heal|p2a: Spiritomb|197\/304 par|[from] item: Leftovers
|-damage|p1a: Cresselia|274\/444 brn|[from] brn
|turn|8
|callback|decision
|
|cant|p2a: Spiritomb|par
|move|p1a: Cresselia|Ice Beam|p2a: Spiritomb
|-damage|p2a: Spiritomb|75\/304 par
|
|-heal|p2a: Spiritomb|94\/304 par|[from] item: Leftovers
|-damage|p1a: Cresselia|219\/444 brn|[from] brn
|-enditem|p1a: Cresselia|Sitrus Berry|[eat]
|-heal|p1a: Cresselia|330\/444 brn|[from] item: Sitrus Berry
|turn|9
|callback|decision
|
|move|p2a: Spiritomb|Sucker Punch|p1a: Cresselia
|-supereffective|p1a: Cresselia
|-damage|p1a: Cresselia|210\/444 brn
|move|p1a: Cresselia|Ice Beam|p2a: Spiritomb
|-damage|p2a: Spiritomb|0 fnt
|faint|p2a: Spiritomb
|
|-damage|p1a: Cresselia|155\/444 brn|[from] brn
|callback|decision
|chat|CocaineDonutz|ouch
|
|switch|p2a: Mienshao|Mienshao, M|272\/272
|turn|10
|callback|decision
|
|move|p2a: Mienshao|U-turn|p1a: Cresselia
|-supereffective|p1a: Cresselia
|-damage|p1a: Cresselia|9\/444 brn
|-damage|p2a: Mienshao|245\/272|[from] item: Life Orb
|callback|decision
|chat|CocaineDonutz|omg
|
|switch|p2a: Bronzong|Bronzong|338\/338
|move|p1a: Cresselia|Psychic|p2a: Bronzong
|-resisted|p2a: Bronzong
|-damage|p2a: Bronzong|306\/338
|
|-heal|p2a: Bronzong|327\/338|[from] item: Leftovers
|-damage|p1a: Cresselia|0 fnt|[from] brn
|faint|p1a: Cresselia
|callback|decision
|
|switch|p1a: Heatran|Heatran, M, shiny|323\/323
|turn|11
|callback|decision
|
|move|p1a: Heatran|Earth Power|p2a: Bronzong
|-immune|p2a: Bronzong|[msg]
|move|p2a: Bronzong|Earthquake|p1a: Heatran
|-supereffective|p1a: Heatran
|-damage|p1a: Heatran|67\/323
|
|-heal|p2a: Bronzong|338\/338|[from] item: Leftovers
|turn|12
|callback|decision
|
|move|p1a: Heatran|Lava Plume|p2a: Bronzong
|-supereffective|p2a: Bronzong
|-damage|p2a: Bronzong|122\/338
|move|p2a: Bronzong|Earthquake|p1a: Heatran
|-supereffective|p1a: Heatran
|-damage|p1a: Heatran|0 fnt
|faint|p1a: Heatran
|
|-heal|p2a: Bronzong|143\/338|[from] item: Leftovers
|callback|decision
|
|switch|p1a: Clawitzer|Clawitzer, F|283\/283
|turn|13
|callback|decision
|
|move|p1a: Clawitzer|Dark Pulse|p2a: Bronzong
|-crit|p2a: Bronzong
|-supereffective|p2a: Bronzong
|-damage|p2a: Bronzong|0 fnt
|faint|p2a: Bronzong
|
|callback|decision
|
|switch|p2a: Mienshao|Mienshao, M|272\/272
|turn|14
|callback|decision
|
|move|p2a: Mienshao|Fake Out|p1a: Clawitzer
|-damage|p1a: Clawitzer|223\/283
|-damage|p2a: Mienshao|245\/272|[from] item: Life Orb
|cant|p1a: Clawitzer|flinch
|
|turn|15
|callback|decision
|
|move|p2a: Mienshao|U-turn|p1a: Clawitzer
|-crit|p1a: Clawitzer
|-damage|p1a: Clawitzer|71\/283
|-damage|p2a: Mienshao|218\/272|[from] item: Life Orb
|callback|decision
|
|switch|p2a: Espeon|Espeon, F|271\/271
|move|p1a: Clawitzer|Water Pulse|p2a: Espeon
|-damage|p2a: Espeon|114\/271
|
|turn|16
|callback|decision
|
|switch|p1a: Scrafty|Scrafty, M, shiny|271\/271
|-ability|p1a: Scrafty|Intimidate|[of] p2a: Espeon
|-unboost|p2a: Espeon|atk|1
|move|p2a: Espeon|Dazzling Gleam|p1a: Scrafty
|-supereffective|p1a: Scrafty
|-enditem|p1a: Scrafty|Roseli Berry|[eat]
|-damage|p1a: Scrafty|107\/271
|
|turn|17
|callback|decision
|
|move|p2a: Espeon|Dazzling Gleam|p1a: Scrafty
|-supereffective|p1a: Scrafty
|-damage|p1a: Scrafty|0 fnt
|faint|p1a: Scrafty
|
|callback|decision
|
|switch|p1a: Togekiss|Togekiss, F, shiny|374\/374
|turn|18
|callback|decision
|
|switch|p2a: Mienshao|Mienshao, M|272\/272
|move|p1a: Togekiss|Shadow Ball|p2a: Mienshao
|-damage|p2a: Mienshao|130\/272
|-unboost|p2a: Mienshao|spd|1
|
|turn|19
|callback|decision
|
|move|p2a: Mienshao|Fake Out|p1a: Togekiss
|-damage|p1a: Togekiss|316\/374
|-damage|p2a: Mienshao|103\/272|[from] item: Life Orb
|cant|p1a: Togekiss|flinch
|
|turn|20
|callback|decision
|chat|CocaineDonutz|dazzling gleam
|
|move|p2a: Mienshao|Stone Edge|p1a: Togekiss|[miss]
|-miss|p2a: Mienshao|p1a: Togekiss
|move|p1a: Togekiss|Dazzling Gleam|p2a: Mienshao
|-supereffective|p2a: Mienshao
|-damage|p2a: Mienshao|0 fnt
|faint|p2a: Mienshao
|
|callback|decision
|
|switch|p2a: Charizard|Charizard, M|178\/298
|-formechange|p2a: Charizard|Charizard-Mega-X
|turn|21
|callback|decision
|
|move|p2a: Charizard|Fire Punch|p1a: Togekiss
|-damage|p1a: Togekiss|126\/374
|-status|p1a: Togekiss|brn
|move|p1a: Togekiss|Dazzling Gleam|p2a: Charizard
|-damage|p2a: Charizard|7\/298
|
|-damage|p1a: Togekiss|80\/374 brn|[from] brn
|turn|22
|callback|decision
|
|move|p2a: Charizard|Fire Punch|p1a: Togekiss
|-damage|p1a: Togekiss|0 fnt
|faint|p1a: Togekiss
|
|callback|decision
|
|switch|p1a: Aegislash|Aegislash, F|324\/324
|turn|23
|callback|decision
|
|switch|p2a: Liepard|Liepard, F|270\/270
|-formechange|p1a: Aegislash|Aegislash-Blade
|move|p1a: Aegislash|Shadow Sneak|p2a: Liepard
|-crit|p2a: Liepard
|-resisted|p2a: Liepard
|-damage|p2a: Liepard|184\/270
|
|turn|24
|callback|decision
|chat|CocaineDonutz|ga hu
|
|-formechange|p1a: Aegislash|Aegislash
|move|p1a: Aegislash|King's Shield|p1a: Aegislash
|-singleturn|p1a: Aegislash|Protect
|move|p2a: Liepard|Sucker Punch|p1a: Aegislash
|-fail|p1a: Aegislash
|
|turn|25
|callback|decision
|
|move|p2a: Liepard|Encore|p1a: Aegislash
|-start|p1a: Aegislash|Encore
|move|p1a: Aegislash|King's Shield|p1a: Aegislash
|-fail|p1a: Aegislash
|
|turn|26
|callback|decision
|
|switch|p2a: Charizard|Charizard, M|7\/298
|-formechange|p2a: Charizard|Charizard-Mega-X
|switch|p1a: Clawitzer|Clawitzer, F|71\/283
|
|turn|27
|callback|decision
|chat|CocaineDonutz|gj
|
|move|p2a: Charizard|Dragon Claw|p1a: Clawitzer
|-crit|p1a: Clawitzer
|-damage|p1a: Clawitzer|0 fnt
|faint|p1a: Clawitzer
|
|callback|decision
|
|switch|p1a: Aegislash|Aegislash, F|324\/324
|turn|28
|callback|decision
|
|switch|p2a: Liepard|Liepard, F|184\/270
|move|p1a: Aegislash|King's Shield|p1a: Aegislash
|-fail|p1a: Aegislash
|
|turn|29
|callback|decision
|chat|CocaineDonutz|gg
|
|move|p2a: Liepard|Encore|p1a: Aegislash
|-start|p1a: Aegislash|Encore
|move|p1a: Aegislash|King's Shield|p1a: Aegislash
|-fail|p1a: Aegislash
|
|turn|30
|callback|decision
|chat|CocaineDonutz|encore op
|chat|CocaineDonutz|ban encore
|
|switch|p2a: Charizard|Charizard, M|7\/298
|-formechange|p2a: Charizard|Charizard-Mega-X
|move|p1a: Aegislash|King's Shield|p1a: Aegislash
|-fail|p1a: Aegislash
|
|turn|31
|callback|decision
|
|move|p1a: Aegislash|King's Shield|p1a: Aegislash
|-singleturn|p1a: Aegislash|Protect
|move|p2a: Charizard|Earthquake|p1a: Aegislash
|-activate|p1a: Aegislash|Protect
|
|-end|p1a: Aegislash|Encore
|turn|32
|callback|decision
|
|move|p2a: Charizard|Fire Punch|p1a: Aegislash
|-supereffective|p1a: Aegislash
|-damage|p1a: Aegislash|84\/324
|move|p1a: Aegislash|Swords Dance|p1a: Aegislash
|-boost|p1a: Aegislash|atk|2
|
|-heal|p1a: Aegislash|104\/324|[from] item: Leftovers
|turn|33
|callback|decision
|
|-formechange|p1a: Aegislash|Aegislash-Blade
|move|p1a: Aegislash|Shadow Sneak|p2a: Charizard
|-damage|p2a: Charizard|0 fnt
|faint|p2a: Charizard
|
|-heal|p1a: Aegislash|124\/324|[from] item: Leftovers
|callback|decision
|
|switch|p2a: Liepard|Liepard, F|184\/270
|turn|34
|callback|decision
|
|-formechange|p1a: Aegislash|Aegislash
|move|p1a: Aegislash|King's Shield|p1a: Aegislash
|-singleturn|p1a: Aegislash|Protect
|move|p2a: Liepard|Sucker Punch|p1a: Aegislash
|-fail|p1a: Aegislash
|
|-heal|p1a: Aegislash|144\/324|[from] item: Leftovers
|turn|35
|callback|decision
|
|move|p2a: Liepard|Sucker Punch|p1a: Aegislash
|-fail|p1a: Aegislash
|move|p1a: Aegislash|Swords Dance|p1a: Aegislash
|-boost|p1a: Aegislash|atk|2
|
|-heal|p1a: Aegislash|164\/324|[from] item: Leftovers
|turn|36
|callback|decision
|
|move|p1a: Aegislash|King's Shield|p1a: Aegislash
|-singleturn|p1a: Aegislash|Protect
|move|p2a: Liepard|Encore|p1a: Aegislash
|-start|p1a: Aegislash|Encore
|
|-heal|p1a: Aegislash|184\/324|[from] item: Leftovers
|turn|37
|callback|decision
|
|switch|p2a: Espeon|Espeon, F|114\/271
|move|p1a: Aegislash|King's Shield|p1a: Aegislash
|-fail|p1a: Aegislash
|
|-heal|p1a: Aegislash|204\/324|[from] item: Leftovers
|turn|38
|callback|decision
|
|move|p1a: Aegislash|King's Shield|p1a: Aegislash
|-singleturn|p1a: Aegislash|Protect
|move|p2a: Espeon|Shadow Ball|p1a: Aegislash
|-activate|p1a: Aegislash|Protect
|
|-heal|p1a: Aegislash|224\/324|[from] item: Leftovers
|turn|39
|callback|decision
|
|move|p1a: Aegislash|King's Shield|p1a: Aegislash
|-singleturn|p1a: Aegislash|Protect
|move|p2a: Espeon|Shadow Ball|p1a: Aegislash
|-activate|p1a: Aegislash|Protect
|
|-heal|p1a: Aegislash|244\/324|[from] item: Leftovers
|-end|p1a: Aegislash|Encore
|turn|40
|callback|decision
|
|-formechange|p1a: Aegislash|Aegislash-Blade
|move|p1a: Aegislash|Shadow Sneak|p2a: Espeon
|-supereffective|p2a: Espeon
|-damage|p2a: Espeon|0 fnt
|faint|p2a: Espeon
|
|-heal|p1a: Aegislash|264\/324|[from] item: Leftovers
|callback|decision
|
|switch|p2a: Liepard|Liepard, F|184\/270
|turn|41
|callback|decision
|
|-formechange|p1a: Aegislash|Aegislash
|move|p1a: Aegislash|King's Shield|p1a: Aegislash
|-singleturn|p1a: Aegislash|Protect
|move|p2a: Liepard|Sucker Punch|p1a: Aegislash
|-fail|p1a: Aegislash
|
|-heal|p1a: Aegislash|284\/324|[from] item: Leftovers
|turn|42
|callback|decision
|chat|CocaineDonutz|gj bro
|
|move|p2a: Liepard|Copycat|p2a: Liepard
|move|p2a: Liepard|Sucker Punch|p1a: Aegislash|[from]Copycat
|-fail|p1a: Aegislash
|move|p1a: Aegislash|Swords Dance|p1a: Aegislash
|-boost|p1a: Aegislash|atk|2
|
|-heal|p1a: Aegislash|304\/324|[from] item: Leftovers
|turn|43
|callback|decision
|
|move|p1a: Aegislash|King's Shield|p1a: Aegislash
|-singleturn|p1a: Aegislash|Protect
|move|p2a: Liepard|Encore|p1a: Aegislash
|-start|p1a: Aegislash|Encore
|
|-heal|p1a: Aegislash|324\/324|[from] item: Leftovers
|turn|44
|callback|decision
|
|move|p1a: Aegislash|King's Shield|p1a: Aegislash
|-fail|p1a: Aegislash
|move|p2a: Liepard|Play Rough|p1a: Aegislash
|-resisted|p1a: Aegislash
|-damage|p1a: Aegislash|284\/324
|-unboost|p1a: Aegislash|atk|1
|-damage|p2a: Liepard|157\/270|[from] item: Life Orb
|
|-heal|p1a: Aegislash|304\/324|[from] item: Leftovers
|turn|45
|callback|decision
|chat|CocaineDonutz|again?
|chat|CocaineDonutz|omg
|chat|CocaineDonutz|encore op
|
|move|p1a: Aegislash|King's Shield|p1a: Aegislash
|-singleturn|p1a: Aegislash|Protect
|move|p2a: Liepard|Encore|p1a: Aegislash
|-fail|p1a: Aegislash
|
|-heal|p1a: Aegislash|324\/324|[from] item: Leftovers
|turn|46
|callback|decision
|
|move|p1a: Aegislash|King's Shield|p1a: Aegislash
|-singleturn|p1a: Aegislash|Protect
|move|p2a: Liepard|Play Rough|p1a: Aegislash
|-activate|p1a: Aegislash|Protect
|-unboost|p2a: Liepard|atk|2
|
|-end|p1a: Aegislash|Encore
|turn|47
|callback|decision
|chat|CocaineDonutz|encore too op must ban
|
|move|p2a: Liepard|Sucker Punch|p1a: Aegislash
|-supereffective|p1a: Aegislash
|-damage|p1a: Aegislash|215\/324
|-damage|p2a: Liepard|130\/270|[from] item: Life Orb
|-formechange|p1a: Aegislash|Aegislash-Blade
|move|p1a: Aegislash|Iron Head|p2a: Liepard
|-damage|p2a: Liepard|0 fnt
|faint|p2a: Liepard
|
|win|CocaineDonutz
|raw|Ladder updating...
|chat|CocaineDonutz|well, gg
|chat|DreamScream|gg
|leave|DreamScream
|player|p2
|raw|CocaineDonutz's rating: 1376 &rarr; <strong>1441<\/strong><br \/>(+65 for winning)
|raw|DreamScream's rating: 1332 &rarr; <strong>1331<\/strong><br \/>(-1 for losing)