|join|Wolfhead69
|join|ramp
|player|p1|Wolfhead69|102
|player|p2|ramp|101
|gametype|singles
|gen|6
|tier|UU
|rated
|rule|Sleep Clause Mod: Limit one foe put to sleep
|rule|Species Clause: Limit one of each PokÃ©mon
|rule|OHKO Clause: OHKO moves are banned
|rule|Moody Clause: Moody is banned
|rule|Evasion Moves Clause: Evasion moves are banned
|rule|Endless Battle Clause: Forcing endless battles is banned
|rule|HP Percentage Mod: HP is shown in percentages
|clearpoke
|poke|p1|Galvantula, F
|poke|p1|Empoleon, M
|poke|p1|Lucario, M
|poke|p1|Aerodactyl, F
|poke|p1|Donphan, F
|poke|p1|Chandelure, F
|poke|p2|Swampert, F
|poke|p2|Lucario, F
|poke|p2|Mienshao, F
|poke|p2|Hippowdon, M
|poke|p2|Tentacruel, M
|poke|p2|Goodra, M
|rule|Swagger Clause: Swagger is banned
|rule|Baton Pass Clause: Limit one PokÃ©mon knowing Baton Pass
|teampreview
|
|start
|switch|p1a: Galvantula|Galvantula, F|282\/282
|switch|p2a: Mienshao|Mienshao, F|271\/271
|turn|1
|
|move|p2a: Mienshao|U-turn|p1a: Galvantula
|-damage|p1a: Galvantula|149\/282
|
|switch|p2a: Goodra|Goodra, M|384\/384
|move|p1a: Galvantula|Sticky Web|p2a: Goodra
|-sidestart|p2: ramp|move: Sticky Web
|
|turn|2
|
|switch|p1a: Empoleon|Empoleon, M|372\/372
|move|p2a: Goodra|Dragon Pulse|p1a: Empoleon
|-resisted|p1a: Empoleon
|-damage|p1a: Empoleon|296\/372
|
|-heal|p1a: Empoleon|319\/372|[from] item: Leftovers
|turn|3
|
|move|p2a: Goodra|Thunderbolt|p1a: Empoleon
|-supereffective|p1a: Empoleon
|-damage|p1a: Empoleon|129\/372
|move|p1a: Empoleon|Stealth Rock|p2a: Goodra
|-sidestart|p2: ramp|move: Stealth Rock
|
|-heal|p1a: Empoleon|152\/372|[from] item: Leftovers
|turn|4
|
|switch|p1a: Donphan|Donphan, F|384\/384
|move|p2a: Goodra|Thunderbolt|p1a: Donphan
|-immune|p1a: Donphan|[msg]
|
|turn|5
|
|switch|p2a: Hippowdon|Hippowdon, M|420\/420
|-activate|p2a: Hippowdon|move: Sticky Web
|-unboost|p2a: Hippowdon|spe|1
|-damage|p2a: Hippowdon|394\/420|[from] Stealth Rock
|-weather|Sandstorm
|move|p1a: Donphan|Earthquake|p2a: Hippowdon
|-damage|p2a: Hippowdon|223\/420
|
|-weather|Sandstorm|[upkeep]
|-heal|p2a: Hippowdon|249\/420|[from] item: Leftovers
|turn|6
|
|move|p1a: Donphan|Knock Off|p2a: Hippowdon
|-damage|p2a: Hippowdon|149\/420
|-enditem|p2a: Hippowdon|Leftovers|[from] move: Knock Off|[of] p1a: Donphan
|move|p2a: Hippowdon|Slack Off|p2a: Hippowdon
|-heal|p2a: Hippowdon|359\/420
|
|-weather|Sandstorm|[upkeep]
|turn|7
|
|switch|p1a: Empoleon|Empoleon, M|152\/372
|move|p2a: Hippowdon|Earthquake|p1a: Empoleon
|-supereffective|p1a: Empoleon
|-damage|p1a: Empoleon|0 fnt
|faint|p1a: Empoleon
|
|-weather|Sandstorm|[upkeep]
|
|switch|p1a: Galvantula|Galvantula, F|149\/282
|turn|8
|
|move|p1a: Galvantula|Giga Drain|p2a: Hippowdon
|-crit|p2a: Hippowdon
|-supereffective|p2a: Hippowdon
|-damage|p2a: Hippowdon|153\/420
|-heal|p1a: Galvantula|252\/282|[from] drain|[of] p2a: Hippowdon
|move|p2a: Hippowdon|Stealth Rock|p1a: Galvantula
|-sidestart|p1: Wolfhead69|move: Stealth Rock
|
|-weather|Sandstorm|[upkeep]
|-damage|p1a: Galvantula|235\/282|[from] sandstorm
|turn|9
|
|switch|p2a: Goodra|Goodra, M|384\/384
|-damage|p2a: Goodra|336\/384|[from] Stealth Rock
|-activate|p2a: Goodra|move: Sticky Web
|-unboost|p2a: Goodra|spe|1
|move|p1a: Galvantula|Bug Buzz|p2a: Goodra
|-damage|p2a: Goodra|273\/384
|
|-weather|none
|turn|10
|
|switch|p1a: Lucario|Lucario, M|282\/282
|-damage|p1a: Lucario|274\/282|[from] Stealth Rock
|move|p2a: Goodra|Dragon Pulse|p1a: Lucario
|-resisted|p1a: Lucario
|-damage|p1a: Lucario|169\/282
|
|turn|11
|leave|Wolfhead69
|join|Wolfhead69
|player|p1
|player|p1|Wolfhead69|102
|
|move|p1a: Lucario|Close Combat|p2a: Goodra
|-damage|p2a: Goodra|0 fnt
|-unboost|p1a: Lucario|def|1
|-unboost|p1a: Lucario|spd|1
|-damage|p1a: Lucario|141\/282|[from] item: Life Orb
|faint|p2a: Goodra
|
|
|switch|p2a: Tentacruel|Tentacruel, M|364\/364
|-activate|p2a: Tentacruel|move: Sticky Web
|-unboost|p2a: Tentacruel|spe|1
|-damage|p2a: Tentacruel|319\/364|[from] Stealth Rock
|turn|12
|
|switch|p1a: Chandelure|Chandelure, F|262\/262
|-damage|p1a: Chandelure|197\/262|[from] Stealth Rock
|move|p2a: Tentacruel|Scald|p1a: Chandelure
|-supereffective|p1a: Chandelure
|-damage|p1a: Chandelure|27\/262
|
|-heal|p2a: Tentacruel|341\/364|[from] item: Black Sludge
|turn|13
|
|move|p1a: Chandelure|Shadow Ball|p2a: Tentacruel
|-damage|p2a: Tentacruel|217\/364
|move|p2a: Tentacruel|Scald|p1a: Chandelure
|-supereffective|p1a: Chandelure
|-damage|p1a: Chandelure|0 fnt
|faint|p1a: Chandelure
|
|-heal|p2a: Tentacruel|239\/364|[from] item: Black Sludge
|
|switch|p1a: Galvantula|Galvantula, F|235\/282
|-damage|p1a: Galvantula|165\/282|[from] Stealth Rock
|turn|14
|
|switch|p2a: Hippowdon|Hippowdon, M|153\/420
|-damage|p2a: Hippowdon|127\/420|[from] Stealth Rock
|-activate|p2a: Hippowdon|move: Sticky Web
|-unboost|p2a: Hippowdon|spe|1
|-weather|Sandstorm
|move|p1a: Galvantula|Thunder|p2a: Hippowdon
|-immune|p2a: Hippowdon|[msg]
|
|-weather|Sandstorm|[upkeep]
|-damage|p1a: Galvantula|148\/282|[from] sandstorm
|turn|15
|
|move|p1a: Galvantula|Giga Drain|p2a: Hippowdon
|-supereffective|p2a: Hippowdon
|-damage|p2a: Hippowdon|5\/420
|-heal|p1a: Galvantula|209\/282|[from] drain|[of] p2a: Hippowdon
|move|p2a: Hippowdon|Earthquake|p1a: Galvantula
|-damage|p1a: Galvantula|20\/282
|
|-weather|Sandstorm|[upkeep]
|-damage|p1a: Galvantula|3\/282|[from] sandstorm
|turn|16
|
|move|p1a: Galvantula|Giga Drain|p2a: Hippowdon
|-supereffective|p2a: Hippowdon
|-damage|p2a: Hippowdon|0 fnt
|-heal|p1a: Galvantula|6\/282|[from] drain|[of] p2a: Hippowdon
|faint|p2a: Hippowdon
|
|-weather|Sandstorm|[upkeep]
|-damage|p1a: Galvantula|0 fnt|[from] sandstorm
|faint|p1a: Galvantula
|
|switch|p2a: Swampert|Swampert, F|342\/342
|switch|p1a: Donphan|Donphan, F|384\/384
|-activate|p2a: Swampert|move: Sticky Web
|-unboost|p2a: Swampert|spe|1
|-damage|p2a: Swampert|321\/342|[from] Stealth Rock
|-damage|p1a: Donphan|360\/384|[from] Stealth Rock
|turn|17
|
|detailschange|p2a: Swampert|Swampert-Mega, F
|-mega|p2a: Swampert|Swampert|Swampertite
|move|p2a: Swampert|Rain Dance|p2a: Swampert
|-weather|RainDance
|move|p1a: Donphan|Rapid Spin|p2a: Swampert
|-damage|p2a: Swampert|298\/342
|-sideend|p1: Wolfhead69|Stealth Rock|[from] move: Rapid Spin|[of] p1a: Donphan
|
|-weather|RainDance|[upkeep]
|-heal|p1a: Donphan|384\/384|[from] item: Leftovers
|turn|18
|
|move|p2a: Swampert|Waterfall|p1a: Donphan
|-supereffective|p1a: Donphan
|-activate|p1a: Donphan|Sturdy
|-damage|p1a: Donphan|1\/384
|move|p1a: Donphan|Earthquake|p2a: Swampert
|-damage|p2a: Swampert|132\/342
|
|-weather|RainDance|[upkeep]
|-heal|p1a: Donphan|25\/384|[from] item: Leftovers
|turn|19
|
|switch|p2a: Lucario|Lucario, F|281\/281
|-activate|p2a: Lucario|move: Sticky Web
|-unboost|p2a: Lucario|spe|1
|-damage|p2a: Lucario|273\/281|[from] Stealth Rock
|move|p1a: Donphan|Ice Shard|p2a: Lucario
|-resisted|p2a: Lucario
|-damage|p2a: Lucario|240\/281
|
|-weather|RainDance|[upkeep]
|-heal|p1a: Donphan|49\/384|[from] item: Leftovers
|turn|20
|
|move|p2a: Lucario|Swords Dance|p2a: Lucario
|-boost|p2a: Lucario|atk|2
|move|p1a: Donphan|Earthquake|p2a: Lucario
|-supereffective|p2a: Lucario
|-damage|p2a: Lucario|0 fnt
|faint|p2a: Lucario
|
|-weather|RainDance|[upkeep]
|-heal|p1a: Donphan|73\/384|[from] item: Leftovers
|
|switch|p2a: Tentacruel|Tentacruel, M|239\/364
|-activate|p2a: Tentacruel|move: Sticky Web
|-unboost|p2a: Tentacruel|spe|1
|-damage|p2a: Tentacruel|194\/364|[from] Stealth Rock
|turn|21
|
|move|p2a: Tentacruel|Rapid Spin|p1a: Donphan
|-damage|p1a: Donphan|64\/384
|-sideend|p2: ramp|Stealth Rock|[from] move: Rapid Spin|[of] p2a: Tentacruel
|-sideend|p2: ramp|Sticky Web|[from] move: Rapid Spin|[of] p2a: Tentacruel
|move|p1a: Donphan|Earthquake|p2a: Tentacruel
|-supereffective|p2a: Tentacruel
|-damage|p2a: Tentacruel|0 fnt
|faint|p2a: Tentacruel
|
|-weather|none
|-heal|p1a: Donphan|88\/384|[from] item: Leftovers
|
|switch|p2a: Mienshao|Mienshao, F|271\/271
|turn|22
|
|move|p1a: Donphan|Ice Shard|p2a: Mienshao
|-damage|p2a: Mienshao|190\/271
|move|p2a: Mienshao|High Jump Kick|p1a: Donphan
|-damage|p1a: Donphan|0 fnt
|faint|p1a: Donphan
|
|
|switch|p1a: Lucario|Lucario, M|141\/282
|turn|23
|
|move|p1a: Lucario|Extreme Speed|p2a: Mienshao
|-damage|p2a: Mienshao|15\/271
|-damage|p1a: Lucario|113\/282|[from] item: Life Orb
|move|p2a: Mienshao|High Jump Kick|p1a: Lucario
|-supereffective|p1a: Lucario
|-damage|p1a: Lucario|0 fnt
|faint|p1a: Lucario
|
|
|switch|p1a: Aerodactyl|Aerodactyl, F|302\/302
|-ability|p1a: Aerodactyl|Unnerve|p2: ramp
|turn|24
|
|detailschange|p1a: Aerodactyl|Aerodactyl-Mega, F
|-mega|p1a: Aerodactyl|Aerodactyl|Aerodactylite
|move|p2a: Mienshao|High Jump Kick|p1a: Aerodactyl
|-damage|p1a: Aerodactyl|0 fnt
|faint|p1a: Aerodactyl
|
|win|ramp
|raw|Ladder updating...
|raw|Wolfhead69's rating: 1709 &rarr; <strong>1677<\/strong><br \/>(-32 for losing)
|raw|ramp's rating: 1476 &rarr; <strong>1507<\/strong><br \/>(+31 for winning)
|leave|Wolfhead69