|join|MrSquillykins
|join|ramp
|player|p1|MrSquillykins|16
|player|p2|ramp|101
|gametype|singles
|tier|UU
|rated
|rule|Sleep Clause Mod: Limit one foe put to sleep
|rule|Species Clause: Limit one of each Pokemon
|rule|OHKO Clause: OHKO moves are banned
|rule|Moody Clause: Moody is banned
|rule|Evasion Moves Clause: Evasion moves are banned
|rule|HP Percentage Mod: HP is reported as percentages
|rule|Evasion Abilities Clause: Evasion abilities are banned
|clearpoke
|poke|p1|Abomasnow, M
|poke|p1|Cofagrigus, F
|poke|p1|Gligar, F
|poke|p1|Rotom-Frost
|poke|p1|Milotic, M
|poke|p1|Honchkrow, M
|poke|p2|Nidoqueen, F
|poke|p2|Honchkrow, F
|poke|p2|Mienshao, M
|poke|p2|Raikou, shiny
|poke|p2|Snorlax, M
|poke|p2|Slowbro, F
|teampreview
|callback|decision
|chat|MrSquillykins|good luck
|
|start
|switch|p1a: Gligar|Gligar, F|334\/334
|switch|p2a: Mienshao|Mienshao, M|271\/271
|turn|1
|callback|decision
|
|move|p2a: Mienshao|U-turn|p1a: Gligar
|-resisted|p1a: Gligar
|-damage|p1a: Gligar|313\/334
|callback|decision
|
|switch|p2a: Nidoqueen|Nidoqueen, F|368\/368
|move|p1a: Gligar|Stealth Rock|p2a: Nidoqueen
|-sidestart|p2: ramp|move: Stealth Rock
|
|turn|2
|callback|decision
|
|move|p2a: Nidoqueen|Stealth Rock|p1a: Gligar
|-sidestart|p1: MrSquillykins|move: Stealth Rock
|move|p1a: Gligar|Earthquake|p2a: Nidoqueen
|-supereffective|p2a: Nidoqueen
|-damage|p2a: Nidoqueen|164\/368
|
|-heal|p2a: Nidoqueen|187\/368|[from] item: Black Sludge
|turn|3
|callback|decision
|
|move|p2a: Nidoqueen|Ice Beam|p1a: Gligar
|-crit|p1a: Gligar
|-supereffective|p1a: Gligar
|-damage|p1a: Gligar|0 fnt
|faint|p1a: Gligar
|
|-heal|p2a: Nidoqueen|210\/368|[from] item: Black Sludge
|callback|decision
|
|switch|p1a: Cofagrigus|Cofagrigus, F|320\/320
|-damage|p1a: Cofagrigus|280\/320|[from] Stealth Rock
|turn|4
|callback|decision
|
|move|p2a: Nidoqueen|Earth Power|p1a: Cofagrigus
|-damage|p1a: Cofagrigus|120\/320
|move|p1a: Cofagrigus|Trick Room|p1a: Cofagrigus
|-fieldstart|move: Trick Room|[of] p1a: Cofagrigus
|
|-heal|p1a: Cofagrigus|140\/320|[from] item: Leftovers
|-heal|p2a: Nidoqueen|233\/368|[from] item: Black Sludge
|turn|5
|callback|decision
|
|move|p1a: Cofagrigus|Psychic|p2a: Nidoqueen
|-supereffective|p2a: Nidoqueen
|-damage|p2a: Nidoqueen|31\/368
|move|p2a: Nidoqueen|Earth Power|p1a: Cofagrigus
|-damage|p1a: Cofagrigus|0 fnt
|faint|p1a: Cofagrigus
|
|-heal|p2a: Nidoqueen|54\/368|[from] item: Black Sludge
|callback|decision
|
|switch|p1a: Abomasnow|Abomasnow, M|384\/384
|-damage|p1a: Abomasnow|288\/384|[from] Stealth Rock
|-weather|Hail|[from] ability: Snow Warning|[of] p1a: Abomasnow
|turn|6
|callback|decision
|
|move|p1a: Abomasnow|Ice Shard|p2a: Nidoqueen
|-supereffective|p2a: Nidoqueen
|-damage|p2a: Nidoqueen|0 fnt
|faint|p2a: Nidoqueen
|
|-weather|Hail|[upkeep]
|-heal|p1a: Abomasnow|312\/384|[from] item: Leftovers
|callback|decision
|
|switch|p2a: Snorlax|Snorlax, M|504\/504
|-damage|p2a: Snorlax|441\/504|[from] Stealth Rock
|turn|7
|callback|decision
|
|move|p2a: Snorlax|Body Slam|p1a: Abomasnow
|-damage|p1a: Abomasnow|198\/384
|move|p1a: Abomasnow|Leech Seed|p2a: Snorlax
|-start|p2a: Snorlax|move: Leech Seed
|
|-weather|Hail|[upkeep]
|-damage|p2a: Snorlax|410\/504|[from] hail
|-heal|p2a: Snorlax|441\/504|[from] item: Leftovers
|-heal|p1a: Abomasnow|222\/384|[from] item: Leftovers
|-damage|p2a: Snorlax|378\/504|[from] Leech Seed|[of] p1a: Abomasnow
|-heal|p1a: Abomasnow|285\/384|[silent]
|turn|8
|callback|decision
|
|switch|p2a: Slowbro|Slowbro, F|394\/394
|-damage|p2a: Slowbro|345\/394|[from] Stealth Rock
|move|p1a: Abomasnow|Substitute|p1a: Abomasnow
|-start|p1a: Abomasnow|Substitute
|-damage|p1a: Abomasnow|189\/384
|
|-weather|Hail|[upkeep]
|-damage|p2a: Slowbro|321\/394|[from] hail
|-heal|p2a: Slowbro|345\/394|[from] item: Leftovers
|-heal|p1a: Abomasnow|213\/384|[from] item: Leftovers
|-fieldend|move: Trick Room
|turn|9
|callback|decision
|
|switch|p2a: Snorlax|Snorlax, M|378\/504
|-damage|p2a: Snorlax|315\/504|[from] Stealth Rock
|move|p1a: Abomasnow|Leech Seed|p2a: Snorlax
|-start|p2a: Snorlax|move: Leech Seed
|
|-weather|Hail|[upkeep]
|-damage|p2a: Snorlax|284\/504|[from] hail
|-heal|p1a: Abomasnow|237\/384|[from] item: Leftovers
|-heal|p2a: Snorlax|315\/504|[from] item: Leftovers
|-damage|p2a: Snorlax|252\/504|[from] Leech Seed|[of] p1a: Abomasnow
|-heal|p1a: Abomasnow|300\/384|[silent]
|turn|10
|callback|decision
|
|move|p1a: Abomasnow|Wood Hammer|p2a: Snorlax
|-damage|p2a: Snorlax|45\/504
|-damage|p1a: Abomasnow|232\/384|[from] recoil|[of] p2a: Snorlax
|move|p2a: Snorlax|Rest|p2a: Snorlax
|-status|p2a: Snorlax|slp
|-heal|p2a: Snorlax|504\/504 slp|[silent]
|-status|p2a: Snorlax|slp|[from] move: Rest
|
|-weather|Hail|[upkeep]
|-damage|p2a: Snorlax|473\/504 slp|[from] hail
|-heal|p1a: Abomasnow|256\/384|[from] item: Leftovers
|-heal|p2a: Snorlax|504\/504 slp|[from] item: Leftovers
|-damage|p2a: Snorlax|441\/504 slp|[from] Leech Seed|[of] p1a: Abomasnow
|-heal|p1a: Abomasnow|319\/384|[silent]
|turn|11
|callback|decision
|
|move|p1a: Abomasnow|Wood Hammer|p2a: Snorlax
|-damage|p2a: Snorlax|221\/504 slp
|-damage|p1a: Abomasnow|246\/384|[from] recoil|[of] p2a: Snorlax
|cant|p2a: Snorlax|slp
|
|-weather|Hail|[upkeep]
|-damage|p2a: Snorlax|190\/504 slp|[from] hail
|-heal|p1a: Abomasnow|270\/384|[from] item: Leftovers
|-heal|p2a: Snorlax|221\/504 slp|[from] item: Leftovers
|-damage|p2a: Snorlax|158\/504 slp|[from] Leech Seed|[of] p1a: Abomasnow
|-heal|p1a: Abomasnow|333\/384|[silent]
|turn|12
|callback|decision
|
|move|p1a: Abomasnow|Wood Hammer|p2a: Snorlax
|-damage|p2a: Snorlax|0 fnt
|-damage|p1a: Abomasnow|281\/384|[from] recoil|[of] p2a: Snorlax
|faint|p2a: Snorlax
|
|-weather|Hail|[upkeep]
|-heal|p1a: Abomasnow|305\/384|[from] item: Leftovers
|callback|decision
|
|switch|p2a: Mienshao|Mienshao, M|271\/271
|-damage|p2a: Mienshao|255\/271|[from] Stealth Rock
|turn|13
|callback|decision
|
|move|p2a: Mienshao|U-turn|p1a: Abomasnow
|-supereffective|p1a: Abomasnow
|-end|p1a: Abomasnow|Substitute
|callback|decision
|
|switch|p2a: Raikou|Raikou, shiny|322\/322
|-damage|p2a: Raikou|282\/322|[from] Stealth Rock
|-ability|p2a: Raikou|Pressure
|move|p1a: Abomasnow|Wood Hammer|p2a: Raikou
|-damage|p2a: Raikou|27\/322
|-damage|p1a: Abomasnow|221\/384|[from] recoil|[of] p2a: Raikou
|
|-weather|Hail|[upkeep]
|-damage|p2a: Raikou|7\/322|[from] hail
|-heal|p1a: Abomasnow|245\/384|[from] item: Leftovers
|turn|14
|callback|decision
|
|move|p1a: Abomasnow|Ice Shard|p2a: Raikou
|-damage|p2a: Raikou|0 fnt
|faint|p2a: Raikou
|
|-weather|Hail|[upkeep]
|-heal|p1a: Abomasnow|269\/384|[from] item: Leftovers
|callback|decision
|
|switch|p2a: Mienshao|Mienshao, M|255\/271
|-damage|p2a: Mienshao|239\/271|[from] Stealth Rock
|turn|15
|callback|decision
|
|switch|p1a: Milotic|Milotic, M|394\/394
|-damage|p1a: Milotic|345\/394|[from] Stealth Rock
|move|p2a: Mienshao|Hi Jump Kick|p1a: Milotic
|-damage|p1a: Milotic|0 fnt
|faint|p1a: Milotic
|
|-weather|Hail|[upkeep]
|-damage|p2a: Mienshao|223\/271|[from] hail
|callback|decision
|
|switch|p1a: Rotom-Frost|Rotom-Frost|241\/241
|-damage|p1a: Rotom-Frost|181\/241|[from] Stealth Rock
|turn|16
|callback|decision
|
|move|p2a: Mienshao|Hi Jump Kick|p1a: Rotom-Frost
|-supereffective|p1a: Rotom-Frost
|-damage|p1a: Rotom-Frost|0 fnt
|faint|p1a: Rotom-Frost
|
|-weather|Hail|[upkeep]
|-damage|p2a: Mienshao|207\/271|[from] hail
|callback|decision
|
|switch|p1a: Honchkrow|Honchkrow, M|341\/341
|-damage|p1a: Honchkrow|256\/341|[from] Stealth Rock
|turn|17
|callback|decision
|
|move|p1a: Honchkrow|Sucker Punch|p2a: Mienshao
|-crit|p2a: Mienshao
|-resisted|p2a: Mienshao
|-damage|p2a: Mienshao|0 fnt
|-damage|p1a: Honchkrow|222\/341|[from] item: Life Orb
|faint|p2a: Mienshao
|-boost|p1a: Honchkrow|atk|1|[from] ability: Moxie
|
|-weather|Hail|[upkeep]
|-damage|p1a: Honchkrow|201\/341|[from] hail
|callback|decision
|
|switch|p2a: Slowbro|Slowbro, F|394\/394
|-damage|p2a: Slowbro|345\/394|[from] Stealth Rock
|turn|18
|callback|decision
|
|move|p1a: Honchkrow|Brave Bird|p2a: Slowbro
|-damage|p2a: Slowbro|64\/394
|-damage|p1a: Honchkrow|108\/341|[from] recoil|[of] p2a: Slowbro
|-damage|p1a: Honchkrow|74\/341|[from] item: Life Orb
|move|p2a: Slowbro|Thunder Wave|p1a: Honchkrow
|-status|p1a: Honchkrow|par
|
|-weather|Hail|[upkeep]
|-damage|p2a: Slowbro|40\/394|[from] hail
|-damage|p1a: Honchkrow|53\/341 par|[from] hail
|-heal|p2a: Slowbro|64\/394|[from] item: Leftovers
|turn|19
|callback|decision
|
|move|p2a: Slowbro|Slack Off|p2a: Slowbro
|-heal|p2a: Slowbro|261\/394
|move|p1a: Honchkrow|Pursuit|p2a: Slowbro
|-supereffective|p2a: Slowbro
|-damage|p2a: Slowbro|66\/394
|-damage|p1a: Honchkrow|19\/341 par|[from] item: Life Orb
|
|-weather|Hail|[upkeep]
|-damage|p2a: Slowbro|42\/394|[from] hail
|-damage|p1a: Honchkrow|0 fnt|[from] hail
|-heal|p2a: Slowbro|66\/394|[from] item: Leftovers
|faint|p1a: Honchkrow
|callback|decision
|
|switch|p1a: Abomasnow|Abomasnow, M|269\/384
|-damage|p1a: Abomasnow|173\/384|[from] Stealth Rock
|turn|20
|callback|decision
|
|move|p1a: Abomasnow|Substitute|p1a: Abomasnow
|-start|p1a: Abomasnow|Substitute
|-damage|p1a: Abomasnow|77\/384
|move|p2a: Slowbro|Psyshock|p1a: Abomasnow
|-end|p1a: Abomasnow|Substitute
|
|-weather|Hail|[upkeep]
|-damage|p2a: Slowbro|42\/394|[from] hail
|-heal|p1a: Abomasnow|101\/384|[from] item: Leftovers
|-heal|p2a: Slowbro|66\/394|[from] item: Leftovers
|turn|21
|callback|decision
|
|move|p1a: Abomasnow|Wood Hammer|p2a: Slowbro
|-supereffective|p2a: Slowbro
|-damage|p2a: Slowbro|0 fnt
|-damage|p1a: Abomasnow|79\/384|[from] recoil|[of] p2a: Slowbro
|faint|p2a: Slowbro
|
|-weather|Hail|[upkeep]
|-heal|p1a: Abomasnow|103\/384|[from] item: Leftovers
|callback|decision
|
|switch|p2a: Honchkrow|Honchkrow, F|341\/341
|-damage|p2a: Honchkrow|256\/341|[from] Stealth Rock
|turn|22
|callback|decision
|
|move|p2a: Honchkrow|Brave Bird|p1a: Abomasnow
|-supereffective|p1a: Abomasnow
|-damage|p1a: Abomasnow|0 fnt
|-damage|p2a: Honchkrow|222\/341|[from] recoil|[of] p1a: Abomasnow
|-damage|p2a: Honchkrow|188\/341|[from] item: Life Orb
|faint|p1a: Abomasnow
|-boost|p2a: Honchkrow|atk|1|[from] ability: Moxie
|
|win|ramp
|raw|Ladder updating...
|raw|MrSquillykins's rating: 1736 &rarr; <strong>1731<\/strong><br \/>(-5 for losing)
|raw|ramp's rating: 1593 &rarr; <strong>1690<\/strong><br \/>(+97 for winning)
|chat|MrSquillykins|shit
|chat|MrSquillykins|I was thinking you'd sucker punchj
|chat|MrSquillykins|gg
|chat|ramp|gg
|chat|ramp|i was going to
|chat|ramp|but i calced ice shard
|chat|ramp|and it wouldnt kill
|chat|ramp|so i figiured bb was safe
|chat|MrSquillykins|aww, bummer
|chat|MrSquillykins|well, gg
|leave|MrSquillykins
|player|p1