|join|ramp
|join|lloydy334
|player|p1|ramp|101
|player|p2|lloydy334|102
|gametype|singles
|tier|UU
|rated
|rule|Sleep Clause Mod: Limit one foe put to sleep
|rule|Species Clause: Limit one of each Pokemon
|rule|OHKO Clause: OHKO moves are banned
|rule|Moody Clause: Moody is banned
|rule|Evasion Moves Clause: Evasion moves are banned
|rule|HP Percentage Mod: HP is reported as percentages
|rule|Evasion Abilities Clause: Evasion abilities are banned
|clearpoke
|poke|p1|Nidoqueen, F
|poke|p1|Honchkrow, F
|poke|p1|Mienshao, F
|poke|p1|Raikou, shiny
|poke|p1|Snorlax, M
|poke|p1|Slowbro, F
|poke|p2|Togekiss, F
|poke|p2|Mew
|poke|p2|Heracross, F
|poke|p2|Milotic, M
|poke|p2|Ambipom, F
|poke|p2|Weavile, M
|teampreview
|callback|decision
|
|start
|switch|p1a: Mienshao|Mienshao, F|271\/271
|switch|p2a: Ambipom|Ambipom, F|292\/292
|turn|1
|callback|decision
|
|switch|p1a: Slowbro|Slowbro, F|394\/394
|move|p2a: Ambipom|Fake Out|p1a: Slowbro
|-damage|p1a: Slowbro|303\/394
|-damage|p2a: Ambipom|263\/292|[from] item: Life Orb
|
|-heal|p1a: Slowbro|327\/394|[from] item: Leftovers
|turn|2
|callback|decision
|
|move|p2a: Ambipom|U-turn|p1a: Slowbro
|-supereffective|p1a: Slowbro
|-damage|p1a: Slowbro|184\/394
|-damage|p2a: Ambipom|234\/292|[from] item: Life Orb
|callback|decision
|
|switch|p2a: Mew|Mew|342\/342
|move|p1a: Slowbro|Thunder Wave|p2a: Mew
|-status|p2a: Mew|par
|-status|p1a: Slowbro|par
|
|-heal|p1a: Slowbro|208\/394 par|[from] item: Leftovers
|turn|3
|callback|decision
|
|switch|p1a: Nidoqueen|Nidoqueen, F|368\/368
|move|p2a: Mew|Nasty Plot|p2a: Mew
|-boost|p2a: Mew|spa|2
|
|turn|4
|callback|decision
|
|move|p1a: Nidoqueen|Stealth Rock|p2a: Mew
|-sidestart|p2: lloydy334|move: Stealth Rock
|move|p2a: Mew|Thunderbolt|p1a: Nidoqueen
|-immune|p1a: Nidoqueen|[msg]
|
|turn|5
|callback|decision
|
|switch|p1a: Snorlax|Snorlax, M|504\/504
|move|p2a: Mew|Psychic|p1a: Snorlax
|-crit|p1a: Snorlax
|-damage|p1a: Snorlax|0 fnt
|-damage|p2a: Mew|308\/342 par|[from] item: Life Orb
|faint|p1a: Snorlax
|
|callback|decision
|
|switch|p1a: Honchkrow|Honchkrow, F|341\/341
|turn|6
|callback|decision
|
|move|p1a: Honchkrow|Brave Bird|p2a: Mew
|-damage|p2a: Mew|14\/342 par
|-damage|p1a: Honchkrow|244\/341|[from] recoil|[of] p2a: Mew
|-damage|p1a: Honchkrow|210\/341|[from] item: Life Orb
|move|p2a: Mew|Thunderbolt|p1a: Honchkrow
|-supereffective|p1a: Honchkrow
|-damage|p1a: Honchkrow|0 fnt
|-damage|p2a: Mew|0 fnt|[from] item: Life Orb
|faint|p1a: Honchkrow
|faint|p2a: Mew
|
|callback|decision
|
|switch|p2a: Ambipom|Ambipom, F|234\/292
|-damage|p2a: Ambipom|198\/292|[from] Stealth Rock
|switch|p1a: Slowbro|Slowbro, F|339\/394 par
|turn|7
|callback|decision
|
|move|p2a: Ambipom|Fake Out|p1a: Slowbro
|-damage|p1a: Slowbro|252\/394 par
|-damage|p2a: Ambipom|169\/292|[from] item: Life Orb
|cant|p1a: Slowbro|flinch
|
|-heal|p1a: Slowbro|276\/394 par|[from] item: Leftovers
|turn|8
|callback|decision
|
|move|p2a: Ambipom|Return|p1a: Slowbro
|-damage|p1a: Slowbro|140\/394 par
|-damage|p2a: Ambipom|140\/292|[from] item: Life Orb
|cant|p1a: Slowbro|par
|
|-heal|p1a: Slowbro|164\/394 par|[from] item: Leftovers
|turn|9
|callback|decision
|
|move|p2a: Ambipom|U-turn|p1a: Slowbro
|-supereffective|p1a: Slowbro
|-damage|p1a: Slowbro|24\/394 par
|-damage|p2a: Ambipom|111\/292|[from] item: Life Orb
|callback|decision
|
|switch|p2a: Milotic|Milotic, M|394\/394
|-damage|p2a: Milotic|345\/394|[from] Stealth Rock
|move|p1a: Slowbro|Thunder Wave|p2a: Milotic
|-status|p2a: Milotic|par
|
|-heal|p2a: Milotic|369\/394 par|[from] item: Leftovers
|-heal|p1a: Slowbro|48\/394 par|[from] item: Leftovers
|turn|10
|callback|decision
|
|switch|p1a: Raikou|Raikou, shiny|322\/322
|-ability|p1a: Raikou|Pressure
|move|p2a: Milotic|Scald|p1a: Raikou
|-damage|p1a: Raikou|217\/322
|
|-heal|p2a: Milotic|393\/394 par|[from] item: Leftovers
|turn|11
|callback|decision
|
|move|p1a: Raikou|Thunderbolt|p2a: Milotic
|-supereffective|p2a: Milotic
|-damage|p2a: Milotic|65\/394 par
|-damage|p1a: Raikou|185\/322|[from] item: Life Orb
|move|p2a: Milotic|Scald|p1a: Raikou
|-damage|p1a: Raikou|80\/322
|
|-heal|p2a: Milotic|89\/394 par|[from] item: Leftovers
|turn|12
|callback|decision
|
|move|p1a: Raikou|Thunderbolt|p2a: Milotic
|-supereffective|p2a: Milotic
|-damage|p2a: Milotic|0 fnt
|-damage|p1a: Raikou|48\/322|[from] item: Life Orb
|faint|p2a: Milotic
|
|callback|decision
|
|switch|p2a: Ambipom|Ambipom, F|111\/292
|-damage|p2a: Ambipom|75\/292|[from] Stealth Rock
|turn|13
|callback|decision
|
|switch|p1a: Slowbro|Slowbro, F|179\/394 par
|move|p2a: Ambipom|Fake Out|p1a: Slowbro
|-damage|p1a: Slowbro|88\/394 par
|-damage|p2a: Ambipom|46\/292|[from] item: Life Orb
|
|-heal|p1a: Slowbro|112\/394 par|[from] item: Leftovers
|turn|14
|callback|decision
|
|move|p2a: Ambipom|Return|p1a: Slowbro
|-crit|p1a: Slowbro
|-damage|p1a: Slowbro|0 fnt
|-damage|p2a: Ambipom|17\/292|[from] item: Life Orb
|faint|p1a: Slowbro
|
|callback|decision
|
|switch|p1a: Mienshao|Mienshao, F|271\/271
|turn|15
|callback|decision
|
|switch|p2a: Togekiss|Togekiss, F|348\/348
|-damage|p2a: Togekiss|261\/348|[from] Stealth Rock
|move|p1a: Mienshao|U-turn|p2a: Togekiss
|-resisted|p2a: Togekiss
|-damage|p2a: Togekiss|224\/348
|callback|decision
|
|switch|p1a: Raikou|Raikou, shiny|48\/322
|-ability|p1a: Raikou|Pressure
|
|-heal|p2a: Togekiss|245\/348|[from] item: Leftovers
|turn|16
|callback|decision
|
|move|p1a: Raikou|Thunderbolt|p2a: Togekiss
|-supereffective|p2a: Togekiss
|-damage|p2a: Togekiss|0 fnt
|-damage|p1a: Raikou|16\/322|[from] item: Life Orb
|faint|p2a: Togekiss
|
|callback|decision
|
|switch|p2a: Weavile|Weavile, M|282\/282
|-damage|p2a: Weavile|212\/282|[from] Stealth Rock
|turn|17
|callback|decision
|
|move|p2a: Weavile|Ice Shard|p1a: Raikou
|-damage|p1a: Raikou|0 fnt
|faint|p1a: Raikou
|
|callback|decision
|
|switch|p1a: Mienshao|Mienshao, F|271\/271
|turn|18
|callback|decision
|
|switch|p2a: Heracross|Heracross, F|302\/302
|-damage|p2a: Heracross|265\/302|[from] Stealth Rock
|move|p1a: Mienshao|U-turn|p2a: Heracross
|-resisted|p2a: Heracross
|-damage|p2a: Heracross|216\/302
|callback|decision
|
|switch|p1a: Nidoqueen|Nidoqueen, F|368\/368
|
|-activate|p2a: Heracross|item: Flame Orb
|-status|p2a: Heracross|brn
|turn|19
|callback|decision
|
|move|p2a: Heracross|Facade|p1a: Nidoqueen
|-damage|p1a: Nidoqueen|75\/368
|move|p1a: Nidoqueen|Fire Blast|p2a: Heracross
|-supereffective|p2a: Heracross
|-damage|p2a: Heracross|0 fnt
|faint|p2a: Heracross
|
|-heal|p1a: Nidoqueen|98\/368|[from] item: Black Sludge
|callback|decision
|
|switch|p2a: Weavile|Weavile, M|212\/282
|-damage|p2a: Weavile|142\/282|[from] Stealth Rock
|turn|20
|callback|decision
|
|move|p2a: Weavile|Ice Shard|p1a: Nidoqueen
|-supereffective|p1a: Nidoqueen
|-damage|p1a: Nidoqueen|0 fnt
|faint|p1a: Nidoqueen
|
|callback|decision
|
|switch|p1a: Mienshao|Mienshao, F|271\/271
|turn|21
|callback|decision
|
|move|p2a: Weavile|Ice Shard|p1a: Mienshao
|-damage|p1a: Mienshao|157\/271
|move|p1a: Mienshao|U-turn|p2a: Weavile
|-supereffective|p2a: Weavile
|-damage|p2a: Weavile|0 fnt
|faint|p2a: Weavile
|
|callback|decision
|
|switch|p2a: Ambipom|Ambipom, F|17\/292
|-damage|p2a: Ambipom|0 fnt|[from] Stealth Rock
|faint|p2a: Ambipom
|
|win|ramp
|raw|Ladder updating...
|raw|ramp's rating: 1525 &rarr; <strong>1593<\/strong><br \/>(+68 for winning)
|raw|lloydy334's rating: 1525 &rarr; <strong>1522<\/strong><br \/>(-3 for losing)
|chat|lloydy334|gg
|chat|ramp|gg
|leave|lloydy334
|player|p2