|join|passingthetime
|join|Alvadora
|player|p1|passingthetime|169
|player|p2|Alvadora|256
|gametype|singles
|gen|6
|tier|OU
|rated
|clearpoke
|poke|p1|Charizard, M
|poke|p1|Tyranitar, M
|poke|p1|Empoleon, M
|poke|p1|Garchomp, M
|poke|p1|Keldeo-Resolute
|poke|p1|Thundurus, M
|poke|p2|Charizard, M
|poke|p2|Tyranitar, F
|poke|p2|Excadrill, M
|poke|p2|Rotom-Wash
|poke|p2|Greninja, M, shiny
|poke|p2|Breloom, M
|rule|Swagger Clause: Swagger is banned
|rule|Baton Pass Clause: Limit one PokÃ©mon knowing Baton Pass
|rule|Sleep Clause Mod: Limit one foe put to sleep
|rule|Species Clause: Limit one of each PokÃ©mon
|rule|OHKO Clause: OHKO moves are banned
|rule|Moody Clause: Moody is banned
|rule|Evasion Moves Clause: Evasion moves are banned
|rule|Endless Battle Clause: Forcing endless battles is banned
|rule|HP Percentage Mod: HP is shown in percentages
|teampreview
|
|start
|switch|p1a: Keldeo-Resolute|Keldeo-Resolute|324\/324
|switch|p2a: Rotom-Wash|Rotom-Wash|304\/304
|turn|1
|
|move|p1a: Keldeo-Resolute|Secret Sword|p2a: Rotom-Wash
|-damage|p2a: Rotom-Wash|150\/304
|move|p2a: Rotom-Wash|Volt Switch|p1a: Keldeo-Resolute
|-supereffective|p1a: Keldeo-Resolute
|-damage|p1a: Keldeo-Resolute|154\/324
|
|switch|p2a: Charizard|Charizard, M|297\/297
|
|turn|2
|
|switch|p1a: Charizard|Charizard, M|297\/297
|detailschange|p2a: Charizard|Charizard-Mega-Y, M
|message|Charizard has Mega Evolved into Mega Charizard!
|-weather|SunnyDay
|move|p2a: Charizard|Fire Blast|p1a: Charizard
|-resisted|p1a: Charizard
|-damage|p1a: Charizard|119\/297
|
|-weather|SunnyDay|[upkeep]
|turn|3
|
|switch|p2a: Tyranitar|Tyranitar, F|404\/404
|-weather|Sandstorm
|detailschange|p1a: Charizard|Charizard-Mega-Y, M
|message|Charizard has Mega Evolved into Mega Charizard!
|-weather|SunnyDay
|move|p1a: Charizard|Fire Blast|p2a: Tyranitar
|-resisted|p2a: Tyranitar
|-damage|p2a: Tyranitar|266\/404
|
|-weather|SunnyDay|[upkeep]
|turn|4
|
|switch|p1a: Garchomp|Garchomp, M|358\/358
|switch|p2a: Charizard|Charizard-Mega-Y, M|297\/297
|
|-weather|SunnyDay|[upkeep]
|turn|5
|
|move|p1a: Garchomp|Stone Edge|p2a: Charizard
|-supereffective|p2a: Charizard
|-damage|p2a: Charizard|0 fnt
|faint|p2a: Charizard
|
|-weather|SunnyDay|[upkeep]
|
|switch|p2a: Tyranitar|Tyranitar, F|266\/404
|-weather|Sandstorm
|turn|6
|
|switch|p1a: Keldeo-Resolute|Keldeo-Resolute|154\/324
|move|p2a: Tyranitar|Stealth Rock|p1a: Keldeo-Resolute
|-sidestart|p1: passingthetime|move: Stealth Rock
|
|-weather|Sandstorm|[upkeep]
|-damage|p1a: Keldeo-Resolute|134\/324|[from] sandstorm
|turn|7
|
|switch|p2a: Rotom-Wash|Rotom-Wash|150\/304
|move|p1a: Keldeo-Resolute|Secret Sword|p2a: Rotom-Wash
|-damage|p2a: Rotom-Wash|0 fnt
|faint|p2a: Rotom-Wash
|
|-weather|Sandstorm|[upkeep]
|-damage|p1a: Keldeo-Resolute|114\/324|[from] sandstorm
|
|switch|p2a: Excadrill|Excadrill, M|359\/359
|turn|8
|
|switch|p1a: Thundurus|Thundurus, M|302\/302
|-damage|p1a: Thundurus|227\/302|[from] Stealth Rock
|move|p2a: Excadrill|Earthquake|p1a: Thundurus
|-immune|p1a: Thundurus|[msg]
|
|-weather|Sandstorm|[upkeep]
|-damage|p1a: Thundurus|209\/302|[from] sandstorm
|-heal|p1a: Thundurus|227\/302|[from] item: Leftovers
|turn|9
|
|switch|p1a: Garchomp|Garchomp, M|358\/358
|-damage|p1a: Garchomp|336\/358|[from] Stealth Rock
|move|p2a: Excadrill|Rock Slide|p1a: Garchomp
|-resisted|p1a: Garchomp
|-damage|p1a: Garchomp|274\/358
|-damage|p2a: Excadrill|324\/359|[from] item: Life Orb
|
|-weather|Sandstorm|[upkeep]
|turn|10
|
|move|p2a: Excadrill|Earthquake|p1a: Garchomp
|-damage|p1a: Garchomp|23\/358
|-damage|p2a: Excadrill|289\/359|[from] item: Life Orb
|move|p1a: Garchomp|Earthquake|p2a: Excadrill
|-crit|p2a: Excadrill
|-supereffective|p2a: Excadrill
|-damage|p2a: Excadrill|0 fnt
|faint|p2a: Excadrill
|
|-weather|Sandstorm|[upkeep]
|c|âAlvadora|wow 70% was the lowest possible roll -.-
|c|âAlvadora|wtf
|
|switch|p2a: Greninja|Greninja, M, shiny|285\/285
|turn|11
|
|move|p1a: Garchomp|Earthquake|p2a: Greninja
|-damage|p2a: Greninja|50\/285
|move|p2a: Greninja|Low Kick|p1a: Garchomp
|-start|p2a: Greninja|typechange|Fighting|[from] Protean
|-damage|p1a: Garchomp|0 fnt
|-damage|p2a: Greninja|15\/285|[from] ability: Rough Skin|[of] p1a: Garchomp
|-damage|p2a: Greninja|0 fnt|[from] item: Life Orb
|faint|p1a: Garchomp
|faint|p2a: Greninja
|
|-weather|Sandstorm|[upkeep]
|c|âAlvadora|gg
|c|âpassingthetime|gg
|c|âAlvadora|252+ Atk Life Orb Excadrill Earthquake vs. 0 HP \/ 0 Def Garchomp: 251-296 (70.3 - 82.9%) -- guaranteed 2HKO
|c|âAlvadora|stupid ass roll -.-
|c|âpassingthetime|ha, yeah
|
|switch|p2a: Breloom|Breloom, M|262\/262
|switch|p1a: Tyranitar|Tyranitar, M|386\/386
|-damage|p1a: Tyranitar|338\/386|[from] Stealth Rock
|turn|12
|
|move|p2a: Breloom|Bullet Seed|p1a: Tyranitar
|-supereffective|p1a: Tyranitar
|-damage|p1a: Tyranitar|200\/386
|-supereffective|p1a: Tyranitar
|-damage|p1a: Tyranitar|62\/386
|-supereffective|p1a: Tyranitar
|-damage|p1a: Tyranitar|0 fnt
|-hitcount|p1a: Tyranitar|3
|faint|p1a: Tyranitar
|
|-weather|Sandstorm|[upkeep]
|-damage|p2a: Breloom|246\/262|[from] sandstorm
|
|switch|p1a: Keldeo-Resolute|Keldeo-Resolute|114\/324
|-damage|p1a: Keldeo-Resolute|94\/324|[from] Stealth Rock
|turn|13
|
|move|p2a: Breloom|Mach Punch|p1a: Keldeo-Resolute
|-damage|p1a: Keldeo-Resolute|0 fnt
|faint|p1a: Keldeo-Resolute
|
|-weather|none
|
|switch|p1a: Thundurus|Thundurus, M|227\/302
|-damage|p1a: Thundurus|152\/302|[from] Stealth Rock
|turn|14
|c|âpassingthetime|Not over yet, actually
|
|switch|p2a: Tyranitar|Tyranitar, F|266\/404
|-weather|Sandstorm
|move|p1a: Thundurus|Thunder Wave|p2a: Tyranitar
|-status|p2a: Tyranitar|par
|
|-weather|Sandstorm|[upkeep]
|-damage|p1a: Thundurus|134\/302|[from] sandstorm
|-heal|p1a: Thundurus|152\/302|[from] item: Leftovers
|turn|15
|
|cant|p2a: Tyranitar|par
|switch|p1a: Empoleon|Empoleon, M|372\/372
|-damage|p1a: Empoleon|349\/372|[from] Stealth Rock
|
|-weather|Sandstorm|[upkeep]
|-heal|p1a: Empoleon|372\/372|[from] item: Leftovers
|turn|16
|c|âAlvadora|.....
|c|âAlvadora|i pursuitted
|c|âAlvadora|wow
|
|move|p1a: Empoleon|Defog|p2a: Tyranitar
|-unboost|p2a: Tyranitar|evasion|1
|-sideend|p1: passingthetime|Stealth Rock|[from] move: Defog|[of] p1a: Empoleon
|move|p2a: Tyranitar|Stealth Rock|p1a: Empoleon
|-sidestart|p1: passingthetime|move: Stealth Rock
|
|-weather|Sandstorm|[upkeep]
|turn|17
|c|âpassingthetime|I know
|
|switch|p2a: Breloom|Breloom, M|246\/262
|move|p1a: Empoleon|Scald|p2a: Breloom
|-resisted|p2a: Breloom
|-damage|p2a: Breloom|164\/262
|-status|p2a: Breloom|brn
|
|-weather|Sandstorm|[upkeep]
|-damage|p2a: Breloom|148\/262 brn|[from] sandstorm
|-damage|p2a: Breloom|116\/262 brn|[from] brn
|turn|18
|c|âAlvadora|zzzzz
|c|âpassingthetime|plays
|c|âpassingthetime|lol
|c|âpassingthetime|sorry
|c|âAlvadora|plays*
|
|move|p2a: Breloom|Spore|p1a: Empoleon
|-status|p1a: Empoleon|slp
|cant|p1a: Empoleon|slp
|
|-weather|Sandstorm|[upkeep]
|-damage|p2a: Breloom|100\/262 brn|[from] sandstorm
|-damage|p2a: Breloom|68\/262 brn|[from] brn
|turn|19
|c|âAlvadora|30% burn
|c|âAlvadora|"PLAYS"
|c|âpassingthetime|twas the joke
|
|move|p2a: Breloom|Mach Punch|p1a: Empoleon
|-supereffective|p1a: Empoleon
|-damage|p1a: Empoleon|232\/372 slp
|cant|p1a: Empoleon|slp
|
|-weather|Sandstorm|[upkeep]
|-damage|p2a: Breloom|52\/262 brn|[from] sandstorm
|-heal|p1a: Empoleon|255\/372 slp|[from] item: Leftovers
|-damage|p2a: Breloom|20\/262 brn|[from] brn
|turn|20
|c|âpassingthetime|pokemon things
|
|move|p2a: Breloom|Mach Punch|p1a: Empoleon
|-supereffective|p1a: Empoleon
|-damage|p1a: Empoleon|123\/372 slp
|cant|p1a: Empoleon|slp
|
|-weather|Sandstorm|[upkeep]
|-damage|p2a: Breloom|4\/262 brn|[from] sandstorm
|-heal|p1a: Empoleon|146\/372 slp|[from] item: Leftovers
|-damage|p2a: Breloom|0 fnt|[from] brn
|faint|p2a: Breloom
|c|âpassingthetime|but it sucks for sure
|
|switch|p2a: Tyranitar|Tyranitar, F|266\/404 par
|turn|21
|
|-curestatus|p1a: Empoleon|slp
|move|p1a: Empoleon|Scald|p2a: Tyranitar
|-supereffective|p2a: Tyranitar
|-damage|p2a: Tyranitar|158\/404 par
|move|p2a: Tyranitar|Fire Blast|p1a: Empoleon
|-damage|p1a: Empoleon|90\/372
|
|-weather|none
|-heal|p1a: Empoleon|113\/372|[from] item: Leftovers
|turn|22
|c|âAlvadora|"sucks"
|c|âAlvadora|is an understatement
|-message|Alvadora forfeited.
|
|win|passingthetime
|raw|Ladder updating...
|leave|Alvadora
|player|p2
|raw|passingthetime's rating: 1652 &rarr; <strong>1675<\/strong><br \/>(+23 for winning)
|raw|Alvadora's rating: 1707 &rarr; <strong>1684<\/strong><br \/>(-23 for losing)