|join|Saghe Mentali
|join|Alvadora
|player|p1|Saghe Mentali|5
|player|p2|Alvadora|256
|gametype|singles
|gen|6
|tier|OU
|rated
|clearpoke
|poke|p1|Mamoswine, F
|poke|p1|Magnezone
|poke|p1|Landorus-Therian, M
|poke|p1|Starmie
|poke|p1|Charizard, M
|poke|p1|Gengar, F
|poke|p2|Latias, F
|poke|p2|Heatran, F
|poke|p2|Charizard, M
|poke|p2|Slowbro, F
|poke|p2|Jirachi
|poke|p2|Clefable, F
|rule|Swagger Clause: Swagger is banned
|rule|Baton Pass Clause: Limit one PokÃ©mon knowing Baton Pass
|rule|Sleep Clause Mod: Limit one foe put to sleep
|rule|Species Clause: Limit one of each PokÃ©mon
|rule|OHKO Clause: OHKO moves are banned
|rule|Moody Clause: Moody is banned
|rule|Evasion Moves Clause: Evasion moves are banned
|rule|Endless Battle Clause: Forcing endless battles is banned
|rule|HP Percentage Mod: HP is shown in percentages
|teampreview
|join|Mentalist Swag
|
|start
|switch|p1a: Charizard|Charizard, M|359\/359
|switch|p2a: Slowbro|Slowbro, F|394\/394
|turn|1
|join|jake5
|c| jake5|u still get retk by gengar though
|
|detailschange|p1a: Charizard|Charizard-Mega-X, M
|message|Charizard has Mega Evolved into Mega Charizard!
|move|p1a: Charizard|Brick Break|p2a: Slowbro
|-resisted|p2a: Slowbro
|-damage|p2a: Slowbro|358\/394
|move|p2a: Slowbro|Thunder Wave|p1a: Charizard
|-status|p1a: Charizard|par
|
|-heal|p2a: Slowbro|382\/394|[from] item: Leftovers
|turn|2
|c| jake5|looooooooooool
|c| jake5|brick break
|c|âAlvadora|brick break
|
|move|p2a: Slowbro|Scald|p1a: Charizard
|-damage|p1a: Charizard|268\/359 par
|move|p1a: Charizard|Will-O-Wisp|p2a: Slowbro
|-status|p2a: Slowbro|brn
|
|-heal|p2a: Slowbro|394\/394 brn|[from] item: Leftovers
|-damage|p2a: Slowbro|345\/394 brn|[from] brn
|turn|3
|
|move|p2a: Slowbro|Scald|p1a: Charizard
|-damage|p1a: Charizard|192\/359 par
|move|p1a: Charizard|Roost|p1a: Charizard
|-heal|p1a: Charizard|359\/359 par
|
|-heal|p2a: Slowbro|369\/394 brn|[from] item: Leftovers
|-damage|p2a: Slowbro|320\/394 brn|[from] brn
|turn|4
|c| jake5|i cant believe this guy is 1714 looooool
|
|switch|p2a: Latias|Latias, F|301\/301
|move|p1a: Charizard|Dragon Claw|p2a: Latias
|-supereffective|p2a: Latias
|-damage|p2a: Latias|0 fnt
|faint|p2a: Latias
|
|c|âAlvadora|........
|c| jake5|u got rekt
|
|switch|p2a: Charizard|Charizard, M|315\/315
|turn|5
|c| jake5|hard
|join|Leftiez
|c|âSaghe Mentali|wow u are pr0
|c| jake5|hard
|
|detailschange|p2a: Charizard|Charizard-Mega-X, M
|message|Charizard has Mega Evolved into Mega Charizard!
|move|p2a: Charizard|Dragon Claw|p1a: Charizard
|-supereffective|p1a: Charizard
|-damage|p1a: Charizard|0 fnt
|faint|p1a: Charizard
|
|
|switch|p1a: Landorus-Therian|Landorus-Therian, M|381\/381
|-ability|p1a: Landorus-Therian|Intimidate|[of] p2a: Charizard
|-unboost|p2a: Charizard|atk|1
|turn|6
|
|switch|p2a: Slowbro|Slowbro, F|394\/394 brn
|move|p1a: Landorus-Therian|Stealth Rock|p2a: Slowbro
|-sidestart|p2: Alvadora|move: Stealth Rock
|
|-damage|p2a: Slowbro|345\/394 brn|[from] brn
|turn|7
|c| jake5|btw u still get 6-0'd by gengar looooool
|
|move|p1a: Landorus-Therian|U-turn|p2a: Slowbro
|-supereffective|p2a: Slowbro
|-damage|p2a: Slowbro|249\/394 brn
|
|switch|p1a: Magnezone|Magnezone|343\/343
|move|p2a: Slowbro|Scald|p1a: Magnezone
|-crit|p1a: Magnezone
|-damage|p1a: Magnezone|181\/343
|
|-heal|p1a: Magnezone|202\/343|[from] item: Leftovers
|-heal|p2a: Slowbro|273\/394 brn|[from] item: Leftovers
|-damage|p2a: Slowbro|224\/394 brn|[from] brn
|turn|8
|c| jake5|literally
|c|âAlvadora|stfu jake
|c|âAlvadora|this is just a test team
|c|âAlvadora|idk why the fuck
|c| jake5|only zardx can only take one hit
|c|âAlvadora|you keep going on and on
|
|switch|p1a: Landorus-Therian|Landorus-Therian, M|381\/381
|-ability|p1a: Landorus-Therian|Intimidate|[of] p2a: Slowbro
|-unboost|p2a: Slowbro|atk|1
|switch|p2a: Heatran|Heatran, F|326\/326
|-damage|p2a: Heatran|286\/326|[from] Stealth Rock
|-item|p2a: Heatran|Air Balloon
|
|turn|9
|c| Leftiez|most team are gengar weak anyways
|c| jake5|loooooooooooooool and maybe rachi if yoru lucky
|c| Leftiez|you just have to roll around it
|
|move|p2a: Heatran|Will-O-Wisp|p1a: Landorus-Therian
|-status|p1a: Landorus-Therian|brn
|move|p1a: Landorus-Therian|U-turn|p2a: Heatran
|-resisted|p2a: Heatran
|-damage|p2a: Heatran|278\/326
|-enditem|p2a: Heatran|Air Balloon
|c| jake5|hmm well ho teams probs have a better chance
|c| jake5|aganist playing around it
|
|switch|p1a: Mamoswine|Mamoswine, F|361\/361
|
|turn|10
|c| Leftiez|steel resist removal suck 
|c| jake5|balanced stall probs gets a kill every time
|c| jake5|ikr
|
|switch|p2a: Slowbro|Slowbro, F|355\/394 brn
|-damage|p2a: Slowbro|306\/394 brn|[from] Stealth Rock
|move|p1a: Mamoswine|Earthquake|p2a: Slowbro
|-crit|p2a: Slowbro
|-damage|p2a: Slowbro|79\/394 brn
|-damage|p1a: Mamoswine|325\/361|[from] item: Life Orb
|
|-heal|p2a: Slowbro|103\/394 brn|[from] item: Leftovers
|-damage|p2a: Slowbro|54\/394 brn|[from] brn
|turn|11
|c|âAlvadora|-.-
|c| jake5|thats probs why shit like aegi wos banned
|c| jake5|damage.com
|
|switch|p2a: Clefable|Clefable, F|394\/394
|move|p1a: Mamoswine|Earthquake|p2a: Clefable
|-damage|p2a: Clefable|139\/394
|-damage|p1a: Mamoswine|289\/361|[from] item: Life Orb
|
|-heal|p2a: Clefable|163\/394|[from] item: Leftovers
|turn|12
|
|move|p1a: Mamoswine|Earthquake|p2a: Clefable
|-damage|p2a: Clefable|0 fnt
|-damage|p1a: Mamoswine|253\/361|[from] item: Life Orb
|faint|p2a: Clefable
|
|c| jake5|damage.com
|
|switch|p2a: Charizard|Charizard-Mega-X, M|315\/315
|-damage|p2a: Charizard|237\/315|[from] Stealth Rock
|turn|13
|c| jake5|i wonder if lo mamo 2hko's slowhoe
|
|switch|p1a: Landorus-Therian|Landorus-Therian, M|381\/381 brn
|-ability|p1a: Landorus-Therian|Intimidate|[of] p2a: Charizard
|-unboost|p2a: Charizard|atk|1
|move|p2a: Charizard|Flare Blitz|p1a: Landorus-Therian
|-damage|p1a: Landorus-Therian|246\/381 brn
|-damage|p2a: Charizard|192\/315|[from] recoil|[of] p1a: Landorus-Therian
|
|-heal|p1a: Landorus-Therian|269\/381 brn|[from] item: Leftovers
|-damage|p1a: Landorus-Therian|222\/381 brn|[from] brn
|turn|14
|
|switch|p2a: Jirachi|Jirachi|404\/404
|-damage|p2a: Jirachi|379\/404|[from] Stealth Rock
|move|p1a: Landorus-Therian|Earthquake|p2a: Jirachi
|-supereffective|p2a: Jirachi
|-damage|p2a: Jirachi|223\/404
|
|-heal|p2a: Jirachi|248\/404|[from] item: Leftovers
|-heal|p1a: Landorus-Therian|245\/381 brn|[from] item: Leftovers
|-damage|p1a: Landorus-Therian|198\/381 brn|[from] brn
|turn|15
|
|move|p2a: Jirachi|Wish|p2a: Jirachi
|move|p1a: Landorus-Therian|U-turn|p2a: Jirachi
|-damage|p2a: Jirachi|207\/404
|
|switch|p1a: Gengar|Gengar, F|261\/261
|
|-heal|p2a: Jirachi|232\/404|[from] item: Leftovers
|turn|16
|
|switch|p2a: Heatran|Heatran, F|278\/326
|-damage|p2a: Heatran|238\/326|[from] Stealth Rock
|move|p1a: Gengar|Focus Blast|p2a: Heatran|[miss]
|-miss|p1a: Gengar|p2a: Heatran
|
|-heal|p2a: Heatran|326\/326|[from] move: Wish|[wisher] Jirachi
|turn|17
|join|Disorient1
|c| jake5|252+ Atk Life Orb Mamoswine Earthquake vs. 252 HP \/ 252+ Def Slowbro: 157-187 (39.8 - 47.4%) -- 50% chance to 2HKO after Stealth Rock
|c| jake5|damn son look at that powah
|
|move|p1a: Gengar|Focus Blast|p2a: Heatran
|-supereffective|p2a: Heatran
|-damage|p2a: Heatran|0 fnt
|-damage|p1a: Gengar|235\/261|[from] item: Life Orb
|faint|p2a: Heatran
|
|c|âAlvadora|yup gg
|c|âSaghe Mentali|gg
|-message|Alvadora forfeited.
|
|win|Saghe Mentali
|raw|Ladder updating...
|c| jake5|yeah u lost to gengar loooool
|leave|Alvadora
|player|p2
|raw|Saghe Mentali's rating: 1714 &rarr; <strong>1735<\/strong><br \/>(+21 for winning)
|raw|Alvadora's rating: 1736 &rarr; <strong>1715<\/strong><br \/>(-21 for losing)
|leave|Saghe Mentali
|player|p1
|leave|jake5
|leave|Leftiez
|join|Saghe Mentali
|leave|Mentalist Swag