|join|The Last Hero
|join|Alvadora
|player|p1|The Last Hero|54
|player|p2|Alvadora|256
|gametype|singles
|gen|6
|tier|OU
|rated
|clearpoke
|poke|p1|Hippowdon, M
|poke|p1|Aerodactyl, M
|poke|p1|Magnezone
|poke|p1|Stoutland, M
|poke|p1|Tentacruel, M
|poke|p1|Whimsicott, M
|poke|p2|Garchomp, F
|poke|p2|Politoed, F
|poke|p2|Lucario, M
|poke|p2|Kingdra, M
|poke|p2|Latios, M
|poke|p2|Sceptile, M
|rule|Swagger Clause: Swagger is banned
|rule|Baton Pass Clause: Limit one PokÃ©mon knowing Baton Pass
|rule|Sleep Clause Mod: Limit one foe put to sleep
|rule|Species Clause: Limit one of each PokÃ©mon
|rule|OHKO Clause: OHKO moves are banned
|rule|Moody Clause: Moody is banned
|rule|Evasion Moves Clause: Evasion moves are banned
|rule|Endless Battle Clause: Forcing endless battles is banned
|rule|HP Percentage Mod: HP is shown in percentages
|teampreview
|
|start
|switch|p1a: Whimsitroll|Whimsicott, M|323\/323
|switch|p2a: Garchomp|Garchomp, F|420\/420
|turn|1
|
|move|p1a: Whimsitroll|Moonblast|p2a: Garchomp
|-crit|p2a: Garchomp
|-supereffective|p2a: Garchomp
|-damage|p2a: Garchomp|96\/420
|move|p2a: Garchomp|Stealth Rock|p1a: Whimsitroll
|-sidestart|p1: The Last Hero|move: Stealth Rock
|
|turn|2
|
|switch|p2a: Politoed|Politoed, F|384\/384
|-weather|RainDance
|move|p1a: Whimsitroll|Knock Off|p2a: Politoed
|-damage|p2a: Politoed|343\/384
|-enditem|p2a: Politoed|Damp Rock|[from] move: Knock Off|[of] p1a: Whimsitroll
|
|-weather|RainDance|[upkeep]
|turn|3
|
|switch|p1a: Tenta|Tentacruel, M|363\/363
|-damage|p1a: Tenta|318\/363|[from] Stealth Rock
|switch|p2a: Lucario|Lucario, M|281\/281
|
|-weather|RainDance|[upkeep]
|-heal|p1a: Tenta|340\/363|[from] item: Black Sludge
|turn|4
|
|switch|p2a: Latios|Latios, M|301\/301
|move|p1a: Tenta|Scald|p2a: Latios
|-resisted|p2a: Latios
|-damage|p2a: Latios|246\/301
|
|-weather|RainDance|[upkeep]
|-heal|p1a: Tenta|362\/363|[from] item: Black Sludge
|turn|5
|
|switch|p1a: Magnetroll|Magnezone|281\/281
|-damage|p1a: Magnetroll|264\/281|[from] Stealth Rock
|move|p2a: Latios|Psyshock|p1a: Magnetroll
|-resisted|p1a: Magnetroll
|-damage|p1a: Magnetroll|191\/281
|
|-weather|RainDance|[upkeep]
|turn|6
|
|switch|p2a: Garchomp|Garchomp, F|96\/420
|move|p1a: Magnetroll|Flash Cannon|p2a: Garchomp
|-damage|p2a: Garchomp|0 fnt
|faint|p2a: Garchomp
|
|-weather|RainDance|[upkeep]
|
|switch|p2a: Lucario|Lucario, M|281\/281
|turn|7
|
|switch|p1a: Hippo|Hippowdon, M|419\/419
|-damage|p1a: Hippo|393\/419|[from] Stealth Rock
|-weather|Sandstorm
|move|p2a: Lucario|Swords Dance|p2a: Lucario
|-boost|p2a: Lucario|atk|2
|
|-weather|Sandstorm|[upkeep]
|turn|8
|
|move|p2a: Lucario|Close Combat|p1a: Hippo
|-damage|p1a: Hippo|49\/419
|-unboost|p2a: Lucario|def|1
|-unboost|p2a: Lucario|spd|1
|-damage|p2a: Lucario|253\/281|[from] item: Life Orb
|move|p1a: Hippo|Earthquake|p2a: Lucario
|-supereffective|p2a: Lucario
|-damage|p2a: Lucario|0 fnt
|faint|p2a: Lucario
|
|-weather|Sandstorm|[upkeep]
|
|switch|p2a: Politoed|Politoed, F|343\/384
|-weather|RainDance
|turn|9
|
|switch|p1a: Tenta|Tentacruel, M|362\/363
|-damage|p1a: Tenta|317\/363|[from] Stealth Rock
|move|p2a: Politoed|Scald|p1a: Tenta
|-resisted|p1a: Tenta
|-damage|p1a: Tenta|261\/363
|
|-weather|RainDance|[upkeep]
|-heal|p1a: Tenta|283\/363|[from] item: Black Sludge
|turn|10
|
|switch|p2a: Latios|Latios, M|246\/301
|move|p1a: Tenta|Rapid Spin|p2a: Latios
|-damage|p2a: Latios|232\/301
|-sideend|p1: The Last Hero|Stealth Rock|[from] move: Rapid Spin|[of] p1a: Tenta
|
|-weather|RainDance|[upkeep]
|-heal|p1a: Tenta|305\/363|[from] item: Black Sludge
|turn|11
|
|switch|p1a: Magnetroll|Magnezone|191\/281
|move|p2a: Latios|Psyshock|p1a: Magnetroll
|-resisted|p1a: Magnetroll
|-damage|p1a: Magnetroll|125\/281
|
|-weather|RainDance|[upkeep]
|turn|12
|
|switch|p2a: Politoed|Politoed, F|343\/384
|move|p1a: Magnetroll|Volt Switch|p2a: Politoed
|-supereffective|p2a: Politoed
|-damage|p2a: Politoed|77\/384
|
|switch|p1a: Aero|Aerodactyl, M|305\/305
|-ability|p1a: Aero|Pressure
|
|-weather|RainDance|[upkeep]
|turn|13
|
|switch|p2a: Latios|Latios, M|232\/301
|detailschange|p1a: Aero|Aerodactyl-Mega, M
|message|Aerodactyl has Mega Evolved into Mega Aerodactyl!
|move|p1a: Aero|Aerial Ace|p2a: Latios
|-damage|p2a: Latios|31\/301
|
|-weather|none
|turn|14
|
|switch|p1a: Whimsitroll|Whimsicott, M|323\/323
|move|p2a: Latios|Surf|p1a: Whimsitroll
|-crit|p1a: Whimsitroll
|-resisted|p1a: Whimsitroll
|-damage|p1a: Whimsitroll|217\/323
|
|-heal|p1a: Whimsitroll|237\/323|[from] item: Leftovers
|turn|15
|
|switch|p2a: Politoed|Politoed, F|77\/384
|-weather|RainDance
|move|p1a: Whimsitroll|Moonblast|p2a: Politoed
|-damage|p2a: Politoed|0 fnt
|faint|p2a: Politoed
|
|-weather|RainDance|[upkeep]
|-heal|p1a: Whimsitroll|257\/323|[from] item: Leftovers
|
|switch|p2a: Kingdra|Kingdra, M|297\/297
|turn|16
|
|switch|p1a: Hippo|Hippowdon, M|49\/419
|-weather|Sandstorm
|move|p2a: Kingdra|Ice Beam|p1a: Hippo
|-supereffective|p1a: Hippo
|-damage|p1a: Hippo|0 fnt
|faint|p1a: Hippo
|
|-weather|Sandstorm|[upkeep]
|-damage|p2a: Kingdra|279\/297|[from] sandstorm
|
|switch|p1a: Rastreator|Stoutland, M|311\/311
|turn|17
|
|move|p1a: Rastreator|Return|p2a: Kingdra
|-damage|p2a: Kingdra|0 fnt
|faint|p2a: Kingdra
|
|-weather|Sandstorm|[upkeep]
|
|switch|p2a: Sceptile|Sceptile, M|282\/282
|turn|18
|
|detailschange|p2a: Sceptile|Sceptile-Mega, M
|message|Sceptile has Mega Evolved into Mega Sceptile!
|move|p1a: Rastreator|Return|p2a: Sceptile
|-damage|p2a: Sceptile|0 fnt
|faint|p2a: Sceptile
|
|-weather|Sandstorm|[upkeep]
|
|switch|p2a: Latios|Latios, M|31\/301
|turn|19
|
|move|p1a: Rastreator|Return|p2a: Latios
|-damage|p2a: Latios|0 fnt
|faint|p2a: Latios
|
|win|The Last Hero
|raw|Ladder updating...
|raw|The Last Hero's rating: 1665 &rarr; <strong>1684<\/strong><br \/>(+19 for winning)
|raw|Alvadora's rating: 1639 &rarr; <strong>1621<\/strong><br \/>(-18 for losing)
|leave|Alvadora
|player|p2