|join|Level 56
|join|Alvadora
|player|p1|Level 56|275
|player|p2|Alvadora|256
|gametype|singles
|gen|6
|tier|OU
|rated
|clearpoke
|poke|p1|Metagross
|poke|p1|Keldeo-Resolute
|poke|p1|Dragonite, F
|poke|p1|Infernape, F
|poke|p1|Thundurus, M
|poke|p1|Bisharp, F
|poke|p2|Charizard, M
|poke|p2|Tyranitar, F
|poke|p2|Excadrill, M
|poke|p2|Rotom-Wash
|poke|p2|Gengar, M
|poke|p2|Breloom, M
|rule|Swagger Clause: Swagger is banned
|rule|Baton Pass Clause: Limit one PokÃ©mon knowing Baton Pass
|rule|Sleep Clause Mod: Limit one foe put to sleep
|rule|Species Clause: Limit one of each PokÃ©mon
|rule|OHKO Clause: OHKO moves are banned
|rule|Moody Clause: Moody is banned
|rule|Evasion Moves Clause: Evasion moves are banned
|rule|Endless Battle Clause: Forcing endless battles is banned
|rule|HP Percentage Mod: HP is shown in percentages
|teampreview
|join|Murkrow Jupiter
|
|start
|switch|p1a: Infernape|Infernape, F|293\/293
|switch|p2a: Gengar|Gengar, M|259\/259
|turn|1
|
|move|p2a: Gengar|Taunt|p1a: Infernape
|-start|p1a: Infernape|move: Taunt
|move|p1a: Infernape|Fire Blast|p2a: Gengar
|-damage|p2a: Gengar|64\/259
|
|turn|2
|
|move|p2a: Gengar|Sludge Wave|p1a: Infernape
|-enditem|p1a: Infernape|Focus Sash
|-damage|p1a: Infernape|1\/293
|-damage|p2a: Gengar|39\/259|[from] item: Life Orb
|move|p1a: Infernape|Fire Blast|p2a: Gengar
|-crit|p2a: Gengar
|-damage|p2a: Gengar|0 fnt
|faint|p2a: Gengar
|
|
|switch|p2a: Breloom|Breloom, M|262\/262
|turn|3
|
|move|p1a: Infernape|Vacuum Wave|p2a: Breloom
|-damage|p2a: Breloom|165\/262
|move|p2a: Breloom|Mach Punch|p1a: Infernape
|-damage|p1a: Infernape|0 fnt
|faint|p1a: Infernape
|
|
|switch|p1a: Keldeo-Resolute|Keldeo-Resolute|323\/323
|turn|4
|
|switch|p2a: Rotom-Wash|Rotom-Wash|304\/304
|move|p1a: Keldeo-Resolute|Secret Sword|p2a: Rotom-Wash
|-damage|p2a: Rotom-Wash|135\/304
|
|-heal|p2a: Rotom-Wash|154\/304|[from] item: Leftovers
|turn|5
|
|move|p1a: Keldeo-Resolute|Secret Sword|p2a: Rotom-Wash
|-damage|p2a: Rotom-Wash|3\/304
|move|p2a: Rotom-Wash|Pain Split|p1a: Keldeo-Resolute
|-sethp|p1a: Keldeo-Resolute|163\/323|p2a: Rotom-Wash|163\/304|[from] move: Pain Split
|
|-heal|p2a: Rotom-Wash|182\/304|[from] item: Leftovers
|turn|6
|
|move|p1a: Keldeo-Resolute|Secret Sword|p2a: Rotom-Wash
|-damage|p2a: Rotom-Wash|19\/304
|move|p2a: Rotom-Wash|Volt Switch|p1a: Keldeo-Resolute
|-supereffective|p1a: Keldeo-Resolute
|-damage|p1a: Keldeo-Resolute|0 fnt
|faint|p1a: Keldeo-Resolute
|
|switch|p2a: Charizard|Charizard, M|297\/297
|
|
|switch|p1a: Dragonite|Dragonite, F|324\/324
|turn|7
|
|switch|p2a: Rotom-Wash|Rotom-Wash|19\/304
|move|p1a: Dragonite|Extreme Speed|p2a: Rotom-Wash
|-damage|p2a: Rotom-Wash|0 fnt
|faint|p2a: Rotom-Wash
|
|
|switch|p2a: Tyranitar|Tyranitar, F|403\/403
|-weather|Sandstorm
|turn|8
|
|switch|p1a: Bisharp|Bisharp, F|272\/272
|move|p2a: Tyranitar|Stealth Rock|p1a: Bisharp
|-sidestart|p1: Level 56|move: Stealth Rock
|
|-weather|Sandstorm|[upkeep]
|turn|9
|join|jake5
|
|move|p1a: Bisharp|Iron Head|p2a: Tyranitar
|-supereffective|p2a: Tyranitar
|-damage|p2a: Tyranitar|49\/403
|-damage|p1a: Bisharp|245\/272|[from] item: Life Orb
|move|p2a: Tyranitar|Superpower|p1a: Bisharp
|-supereffective|p1a: Bisharp
|-damage|p1a: Bisharp|0 fnt
|-unboost|p2a: Tyranitar|atk|1
|-unboost|p2a: Tyranitar|def|1
|faint|p1a: Bisharp
|
|-weather|Sandstorm|[upkeep]
|
|switch|p1a: Metagross|Metagross|302\/302
|-damage|p1a: Metagross|284\/302|[from] Stealth Rock
|turn|10
|
|detailschange|p1a: Metagross|Metagross-Mega
|message|Metagross has Mega Evolved into Mega Metagross!
|move|p1a: Metagross|Meteor Mash|p2a: Tyranitar
|-supereffective|p2a: Tyranitar
|-damage|p2a: Tyranitar|0 fnt
|-boost|p1a: Metagross|atk|1
|faint|p2a: Tyranitar
|
|-weather|Sandstorm|[upkeep]
|
|switch|p2a: Excadrill|Excadrill, M|359\/359
|turn|11
|c| jake5|rs if real
|raw|<div class="broadcast-red"><b>Moderated chat was set to +!<\/b><br \/>Only users of rank + and higher can talk.<\/div>
|
|switch|p1a: Dragonite|Dragonite, F|324\/324
|-damage|p1a: Dragonite|243\/324|[from] Stealth Rock
|move|p2a: Excadrill|Earthquake|p1a: Dragonite
|-immune|p1a: Dragonite|[msg]
|
|-weather|Sandstorm|[upkeep]
|-damage|p1a: Dragonite|223\/324|[from] sandstorm
|turn|12
|
|switch|p1a: Metagross|Metagross-Mega|284\/302
|-damage|p1a: Metagross|266\/302|[from] Stealth Rock
|move|p2a: Excadrill|Rock Slide|p1a: Metagross
|-resisted|p1a: Metagross
|-damage|p1a: Metagross|223\/302
|-damage|p2a: Excadrill|324\/359|[from] item: Life Orb
|
|-weather|Sandstorm|[upkeep]
|turn|13
|
|switch|p1a: Thundurus|Thundurus, M|299\/299
|-damage|p1a: Thundurus|225\/299|[from] Stealth Rock
|move|p2a: Excadrill|Iron Head|p1a: Thundurus
|-resisted|p1a: Thundurus
|-damage|p1a: Thundurus|92\/299
|-damage|p2a: Excadrill|289\/359|[from] item: Life Orb
|
|-weather|Sandstorm|[upkeep]
|-damage|p1a: Thundurus|74\/299|[from] sandstorm
|turn|14
|
|move|p2a: Excadrill|Iron Head|p1a: Thundurus
|-resisted|p1a: Thundurus
|-damage|p1a: Thundurus|0 fnt
|-damage|p2a: Excadrill|254\/359|[from] item: Life Orb
|faint|p1a: Thundurus
|
|-weather|Sandstorm|[upkeep]
|
|switch|p1a: Dragonite|Dragonite, F|223\/324
|-damage|p1a: Dragonite|142\/324|[from] Stealth Rock
|turn|15
|
|move|p1a: Dragonite|Extreme Speed|p2a: Excadrill
|-resisted|p2a: Excadrill
|-damage|p2a: Excadrill|140\/359
|move|p2a: Excadrill|Iron Head|p1a: Dragonite
|-damage|p1a: Dragonite|0 fnt
|-damage|p2a: Excadrill|105\/359|[from] item: Life Orb
|faint|p1a: Dragonite
|
|-weather|none
|
|switch|p1a: Metagross|Metagross-Mega|223\/302
|-damage|p1a: Metagross|205\/302|[from] Stealth Rock
|turn|16
|
|move|p1a: Metagross|Meteor Mash|p2a: Excadrill
|-resisted|p2a: Excadrill
|-damage|p2a: Excadrill|0 fnt
|faint|p2a: Excadrill
|
|
|switch|p2a: Charizard|Charizard, M|297\/297
|turn|17
|
|detailschange|p2a: Charizard|Charizard-Mega-Y, M
|message|Charizard has Mega Evolved into Mega Charizard!
|-weather|SunnyDay
|move|p1a: Metagross|Thunder Punch|p2a: Charizard
|-supereffective|p2a: Charizard
|-damage|p2a: Charizard|0 fnt
|faint|p2a: Charizard
|
|-weather|SunnyDay|[upkeep]
|c|âAlvadora|seriously
|c|âAlvadora|this man has tpunch -.-
|c|âAlvadora|wtf
|
|switch|p2a: Breloom|Breloom, M|165\/262
|turn|18
|
|move|p2a: Breloom|Mach Punch|p1a: Metagross
|-damage|p1a: Metagross|117\/302
|move|p1a: Metagross|Meteor Mash|p2a: Breloom
|-damage|p2a: Breloom|0 fnt
|faint|p2a: Breloom
|
|win|Level 56
|raw|Ladder updating...
|raw|Level 56's rating: 1900 &rarr; <strong>1906<\/strong><br \/>(+6 for winning)
|raw|Alvadora's rating: 1610 &rarr; <strong>1603<\/strong><br \/>(-7 for losing)