|join|WECAMEASROMANS
|join|Alvadora
|player|p1|WECAMEASROMANS|2
|player|p2|Alvadora|256
|gametype|singles
|gen|6
|tier|OU
|clearpoke
|poke|p1|Thundurus, M
|poke|p1|Talonflame, M
|poke|p1|Tyranitar, M
|poke|p1|Excadrill, M
|poke|p1|Altaria, F
|poke|p1|Greninja, F
|poke|p2|Ludicolo, M, shiny
|poke|p2|Politoed, F
|poke|p2|Kingdra, M
|poke|p2|Tornadus-Therian, M
|poke|p2|Swampert, M
|poke|p2|Skarmory, F
|rule|Swagger Clause: Swagger is banned
|rule|Baton Pass Clause: Limit one PokÃ©mon knowing Baton Pass
|rule|Sleep Clause Mod: Limit one foe put to sleep
|rule|Species Clause: Limit one of each PokÃ©mon
|rule|OHKO Clause: OHKO moves are banned
|rule|Moody Clause: Moody is banned
|rule|Evasion Moves Clause: Evasion moves are banned
|rule|Endless Battle Clause: Forcing endless battles is banned
|rule|HP Percentage Mod: HP is shown in percentages
|teampreview
|join|JohnxYiu
|join|DisastrousFutility
|join|testingh12
|join|CleanerThanRotom-W
|c| JohnxYiu|LOL
|join|gyarad0site
|join|Yuttt.annual
|c|âAlvadora|wow sand vs rain
|join|Kustoms
|c|âAlvadora|thats disgusting
|
|start
|switch|p1a: Thundurus|Thundurus, M|299\/299
|switch|p2a: Skarmory|Skarmory, F|334\/334
|turn|1
|c| Kustoms|this gonna be good
|
|move|p1a: Thundurus|Focus Blast|p2a: Skarmory|[miss]
|-miss|p1a: Thundurus|p2a: Skarmory
|move|p2a: Skarmory|Stealth Rock|p1a: Thundurus
|-sidestart|p1: WECAMEASROMANS|move: Stealth Rock
|
|turn|2
|c| testingh12|gl WECAMEASROMANS
|c| Yuttt.annual|skilled
|c| Yuttt.annual|out
|
|switch|p2a: Swampert|Swampert, M|342\/342
|move|p1a: Thundurus|Focus Blast|p2a: Swampert
|-damage|p2a: Swampert|129\/342
|-damage|p1a: Thundurus|270\/299|[from] item: Life Orb
|
|turn|3
|
|switch|p2a: Skarmory|Skarmory, F|334\/334
|move|p1a: Thundurus|Focus Blast|p2a: Skarmory|[miss]
|-miss|p1a: Thundurus|p2a: Skarmory
|
|turn|4
|c| JohnxYiu|i like mega altaria
|c| Yuttt.annual|BAITED
|join|baxbax
|
|move|p1a: Thundurus|Thunderbolt|p2a: Skarmory
|-supereffective|p2a: Skarmory
|-activate|p2a: Skarmory|Sturdy
|-damage|p2a: Skarmory|1\/334
|-damage|p1a: Thundurus|241\/299|[from] item: Life Orb
|move|p2a: Skarmory|Spikes|p1a: Thundurus
|-sidestart|p1: WECAMEASROMANS|Spikes
|
|turn|5
|join|Halcyon of Light
|
|move|p1a: Thundurus|Hidden Power|p2a: Skarmory
|-damage|p2a: Skarmory|0 fnt
|-damage|p1a: Thundurus|212\/299|[from] item: Life Orb
|faint|p2a: Skarmory
|
|
|switch|p2a: Politoed|Politoed, F|384\/384
|-weather|RainDance
|turn|6
|c| Halcyon of Light|this man has ludicolo
|
|switch|p2a: Tornadus-Therian|Tornadus-Therian, M|334\/334
|move|p1a: Thundurus|Thunderbolt|p2a: Tornadus-Therian
|-supereffective|p2a: Tornadus-Therian
|-damage|p2a: Tornadus-Therian|43\/334
|-status|p2a: Tornadus-Therian|par
|-damage|p1a: Thundurus|183\/299|[from] item: Life Orb
|
|-weather|RainDance|[upkeep]
|turn|7
|c| Yuttt.annual|baited?
|c|âAlvadora|ohmylord
|c| Halcyon of Light|just forfeit now
|c| JohnxYiu|LOL
|c|âAlvadora|thats gay
|c| Kustoms|baits by dre
|c| Kustoms|?
|
|move|p1a: Thundurus|Thunderbolt|p2a: Tornadus-Therian
|-supereffective|p2a: Tornadus-Therian
|-damage|p2a: Tornadus-Therian|0 fnt
|-damage|p1a: Thundurus|154\/299|[from] item: Life Orb
|faint|p2a: Tornadus-Therian
|
|-weather|RainDance|[upkeep]
|
|switch|p2a: Swampert|Swampert, M|129\/342
|turn|8
|c| Halcyon of Light|wcar you can't beat ludicolo
|
|detailschange|p2a: Swampert|Swampert-Mega, M
|message|Swampert has Mega Evolved into Mega Swampert!
|move|p1a: Thundurus|Focus Blast|p2a: Swampert
|-damage|p2a: Swampert|0 fnt
|-damage|p1a: Thundurus|125\/299|[from] item: Life Orb
|faint|p2a: Swampert
|
|-weather|RainDance|[upkeep]
|c| Yuttt.annual|nice job letting swampert get hit
|
|switch|p2a: Ludicolo|Ludicolo, M, shiny|309\/309
|turn|9
|c| gyarad0site|^
|c| JohnxYiu|rekt
|c| Halcyon of Light|you're just going to be distracted by it's sweet moves
|c|âAlvadora|lol im giving this game to wcar
|c|âAlvadora|cus i needa go and do my homework
|
|move|p1a: Thundurus|Thunder Wave|p2a: Ludicolo
|-status|p2a: Ludicolo|par
|cant|p2a: Ludicolo|par
|
|-weather|RainDance|[upkeep]
|turn|10
|c| Yuttt.annual|"i lost on purpose"
|c|âAlvadora|looool
|c| Kustoms|excuses
|c| JohnxYiu|alvok LOL
|c| Kustoms|LELELE
|c|âAlvadora|i alr said in the previous games
|join|QKIC
|join|Sixth6ense
|c|âAlvadora|im giving WCAR the win
|c| Kustoms|excuses HAHAH
|c| JohnxYiu|i got a test too LOL
|join|Kolu
|c|âAlvadora|looool
|
|move|p1a: Thundurus|Focus Blast|p2a: Ludicolo
|-damage|p2a: Ludicolo|115\/309 par
|-damage|p1a: Thundurus|96\/299|[from] item: Life Orb
|move|p2a: Ludicolo|Ice Beam|p1a: Thundurus
|-supereffective|p1a: Thundurus
|-damage|p1a: Thundurus|0 fnt
|-damage|p2a: Ludicolo|85\/309 par|[from] item: Life Orb
|faint|p1a: Thundurus
|
|-weather|RainDance|[upkeep]
|c|âAlvadora|go and watch WCAR's previous game
|c|âAlvadora|i alr told him im giving him if he wins
|
|switch|p1a: Altaria|Altaria, F|354\/354
|-damage|p1a: Altaria|266\/354|[from] Stealth Rock
|turn|11
|c| JohnxYiu|u lazy boy LOL
|c|âAlvadora|i won my previosu 2 games easily 3-0 at least
|c|âAlvadora|why would i need to have "excuses"
|c| Yuttt.annual|wcar is legendary
|c| JohnxYiu|come to play pokemon instead of doing hw LOL
|
|switch|p2a: Kingdra|Kingdra, M|297\/297
|detailschange|p1a: Altaria|Altaria-Mega, F
|message|Altaria has Mega Evolved into Mega Altaria!
|move|p1a: Altaria|Return|p2a: Kingdra
|-supereffective|p2a: Kingdra
|-damage|p2a: Kingdra|0 fnt
|faint|p2a: Kingdra
|
|-weather|RainDance|[upkeep]
|c| Yuttt.annual|he wins before he even fights
|
|switch|p2a: Politoed|Politoed, F|384\/384
|turn|12
|
|move|p1a: Altaria|Substitute|p1a: Altaria
|-start|p1a: Altaria|Substitute
|-damage|p1a: Altaria|178\/354
|move|p2a: Politoed|Encore|p1a: Altaria
|-start|p1a: Altaria|Encore
|
|-weather|RainDance|[upkeep]
|turn|13
|join|Flarentybl
|join|RedSoxx
|
|move|p1a: Altaria|Substitute|p1a: Altaria
|-fail|p1a: Altaria|move: Substitute
|move|p2a: Politoed|Scald|p1a: Altaria
|-resisted|p1a: Altaria
|-activate|p1a: Altaria|Substitute|[damage]
|
|-weather|none
|turn|14
|join|LadderSoTall
|leave|baxbax
|leave|Halcyon of Light
|c|âAlvadora|yup
|
|move|p1a: Altaria|Substitute|p1a: Altaria
|-fail|p1a: Altaria|move: Substitute
|move|p2a: Politoed|Rest|p2a: Politoed
|-fail|p2a: Politoed
|
|turn|15
|leave|CleanerThanRotom-W
|
|move|p1a: Altaria|Substitute|p1a: Altaria
|-fail|p1a: Altaria|move: Substitute
|move|p2a: Politoed|Rest|p2a: Politoed
|-fail|p2a: Politoed
|
|-end|p1a: Altaria|Encore
|turn|16
|c| Kustoms|l
|
|move|p1a: Altaria|Return|p2a: Politoed
|-damage|p2a: Politoed|224\/384
|move|p2a: Politoed|Rest|p2a: Politoed
|-status|p2a: Politoed|slp
|-heal|p2a: Politoed|384\/384 slp|[silent]
|-status|p2a: Politoed|slp|[from] move: Rest
|
|turn|17
|c|âAlvadora|do it
|c| Sixth6ense|wcar is a wicked band
|
|switch|p2a: Ludicolo|Ludicolo, M, shiny|85\/309 par
|move|p1a: Altaria|Dragon Dance|p1a: Altaria
|-boost|p1a: Altaria|atk|1
|-boost|p1a: Altaria|spe|1
|
|turn|18
|c| Yuttt.annual|PP STALL
|
|move|p1a: Altaria|Return|p2a: Ludicolo
|-damage|p2a: Ludicolo|0 fnt
|faint|p2a: Ludicolo
|
|
|switch|p2a: Politoed|Politoed, F|384\/384 slp
|-weather|RainDance
|turn|19
|
|move|p1a: Altaria|Return|p2a: Politoed
|-damage|p2a: Politoed|153\/384 slp
|cant|p2a: Politoed|slp
|
|-weather|RainDance|[upkeep]
|turn|20
|c|âAlvadora|gogo
|
|move|p1a: Altaria|Return|p2a: Politoed
|-damage|p2a: Politoed|0 fnt
|faint|p2a: Politoed
|
|win|WECAMEASROMANS
|c|âWECAMEASROMANS|gg
|c|âAlvadora|bye
|join|REDxLOTUS
|leave|WECAMEASROMANS
|player|p1
|leave|gyarad0site
|leave|Alvadora
|player|p2
|leave|Yuttt.annual
|c| Kustoms|just \/forfeit?
|leave|Kustoms
|leave|JohnxYiu
|c| Kolu|it has to be official
|leave|DisastrousFutility
|leave|Kolu