|join|Mr. Bendover Man
|join|Alvadora
|join|BUGTAMERRR
|join|Snorlax's pillow
|player|p1|Mr. Bendover Man|137
|player|p2|Alvadora|256
|gametype|singles
|gen|6
|tier|OU
|clearpoke
|poke|p1|Gallade, M
|poke|p1|Bisharp, M
|poke|p1|Rotom-Wash
|poke|p1|Latias, F
|poke|p1|Talonflame, M
|poke|p1|Gengar, M
|poke|p2|Charizard, M
|poke|p2|Tyranitar, F
|poke|p2|Excadrill, M
|poke|p2|Keldeo
|poke|p2|Latios, M
|poke|p2|Kyurem-Black, shiny
|rule|Swagger Clause: Swagger is banned
|rule|Baton Pass Clause: Limit one PokÃ©mon knowing Baton Pass
|rule|Sleep Clause Mod: Limit one foe put to sleep
|rule|Species Clause: Limit one of each PokÃ©mon
|rule|OHKO Clause: OHKO moves are banned
|rule|Moody Clause: Moody is banned
|rule|Evasion Moves Clause: Evasion moves are banned
|rule|Endless Battle Clause: Forcing endless battles is banned
|rule|HP Percentage Mod: HP is shown in percentages
|teampreview
|join|ulcer
|join|Alakabamm
|join|Im Sky
|join|IamJello
|raw|<div class="broadcast-red"><b>Moderated chat was set to +!<\/b><br \/>Only users of rank + and higher can talk.<\/div>
|join|Giftshaven
|c|âAlvadora|:]
|join|Supah
|join|GrandBlack
|c|âAlvadora|GL
|join|LadderSoTall
|join|Ferocca
|join|Albacore
|join|The Siegfried
|c|âMr. Bendover Man|Glhf :)
|join|Villager B
|c|âMr. Bendover Man|I picked the wrong team...
|c|âMr. Bendover Man|D:
|join|VagSlayer420
|leave|Giftshaven
|
|start
|switch|p1a: Talonflame|Talonflame, M|298\/298
|switch|p2a: Charizard|Charizard, M|297\/297
|turn|1
|join|Cat.exe
|
|switch|p2a: Tyranitar|Tyranitar, F|403\/403
|-weather|Sandstorm
|move|p1a: Talonflame|Brave Bird|p2a: Tyranitar
|-resisted|p2a: Tyranitar
|-damage|p2a: Tyranitar|304\/403
|-damage|p1a: Talonflame|265\/298|[from] recoil|[of] p2a: Tyranitar
|
|-weather|Sandstorm|[upkeep]
|-damage|p1a: Talonflame|247\/298|[from] sandstorm
|turn|2
|join|riraiteu
|join|Giftshaven
|join|Murkrow Jupiter
|leave|Giftshaven
|
|move|p2a: Tyranitar|Pursuit|p1a: Talonflame|[from]Pursuit
|-damage|p1a: Talonflame|69\/298
|switch|p1a: Gallade|Gallade, M|277\/277
|
|-weather|Sandstorm|[upkeep]
|-damage|p1a: Gallade|260\/277|[from] sandstorm
|turn|3
|c|+Albacore|RIP something
|
|switch|p2a: Latios|Latios, M|301\/301
|detailschange|p1a: Gallade|Gallade-Mega, M
|-mega|p1a: Gallade|Gallade|Galladite
|move|p1a: Gallade|Ice Punch|p2a: Latios
|-supereffective|p2a: Latios
|-damage|p2a: Latios|49\/301
|
|-weather|Sandstorm|[upkeep]
|-damage|p2a: Latios|31\/301|[from] sandstorm
|-damage|p1a: Gallade|243\/277|[from] sandstorm
|turn|4
|c|+Albacore|and this is why you run knock off
|c|âMr. Bendover Man|:)
|c|âMr. Bendover Man|I know.
|c|âMr. Bendover Man|This was a team in development.
|join|Supah Glitch
|c|âMr. Bendover Man|Ice punch for lando though. :O
|
|switch|p1a: Bisharp|Bisharp, M|271\/271
|move|p2a: Latios|Draco Meteor|p1a: Bisharp
|-resisted|p1a: Bisharp
|-damage|p1a: Bisharp|58\/271
|-unboost|p2a: Latios|spa|2
|-damage|p2a: Latios|1\/301|[from] item: Life Orb
|
|-weather|Sandstorm|[upkeep]
|-damage|p2a: Latios|0 fnt|[from] sandstorm
|faint|p2a: Latios
|
|switch|p2a: Keldeo|Keldeo|323\/323
|turn|5
|
|move|p2a: Keldeo|Scald|p1a: Bisharp
|-damage|p1a: Bisharp|0 fnt
|faint|p1a: Bisharp
|
|-weather|Sandstorm|[upkeep]
|-damage|p2a: Keldeo|303\/323|[from] sandstorm
|
|switch|p1a: Latias|Latias, F|319\/319
|turn|6
|join|Silverbacks
|leave|Silverbacks
|
|switch|p1a: Gallade|Gallade-Mega, M|243\/277
|switch|p2a: Tyranitar|Tyranitar, F|304\/403
|
|-weather|Sandstorm|[upkeep]
|-damage|p1a: Gallade|226\/277|[from] sandstorm
|turn|7
|c|âAlvadora|RIP something again
|c|âAlvadora|hahahaha
|c|âMr. Bendover Man|:)
|
|move|p1a: Gallade|Close Combat|p2a: Tyranitar
|-supereffective|p2a: Tyranitar
|-damage|p2a: Tyranitar|0 fnt
|-unboost|p1a: Gallade|def|1
|-unboost|p1a: Gallade|spd|1
|faint|p2a: Tyranitar
|
|-weather|Sandstorm|[upkeep]
|-damage|p1a: Gallade|209\/277|[from] sandstorm
|
|switch|p2a: Excadrill|Excadrill, M|361\/361
|turn|8
|c|+Albacore|once sand runs out gallade just sweeps
|c|+Albacore|w\/o even any boosts
|c|âAlvadora|mmhmm
|
|switch|p1a: Rotom-Wash|Rotom-Wash|303\/303
|move|p2a: Excadrill|Swords Dance|p2a: Excadrill
|-boost|p2a: Excadrill|atk|2
|
|-weather|none
|turn|9
|c|âAlvadora|albacore this is just an old xy team that i used for ladder
|c|âAlvadora|so idc :]
|c|âMr. Bendover Man|Um can you rate my team?
|c|âMr. Bendover Man|It's something I made up.
|c|âAlvadora|im only playing cus im waiting for doughboy for my farmleague game
|
|move|p2a: Excadrill|Rock Slide|p1a: Rotom-Wash
|-damage|p1a: Rotom-Wash|108\/303
|-damage|p2a: Excadrill|325\/361|[from] item: Life Orb
|cant|p1a: Rotom-Wash|flinch
|
|-heal|p1a: Rotom-Wash|126\/303|[from] item: Leftovers
|turn|10
|leave|BUGTAMERRR
|
|move|p2a: Excadrill|Rock Slide|p1a: Rotom-Wash
|-damage|p1a: Rotom-Wash|0 fnt
|-damage|p2a: Excadrill|289\/361|[from] item: Life Orb
|faint|p1a: Rotom-Wash
|
|
|switch|p1a: Gallade|Gallade-Mega, M|209\/277
|turn|11
|
|move|p1a: Gallade|Close Combat|p2a: Excadrill
|-supereffective|p2a: Excadrill
|-damage|p2a: Excadrill|0 fnt
|-unboost|p1a: Gallade|def|1
|-unboost|p1a: Gallade|spd|1
|faint|p2a: Excadrill
|
|
|switch|p2a: Charizard|Charizard, M|297\/297
|turn|12
|
|switch|p1a: Gengar|Gengar, M|261\/261
|detailschange|p2a: Charizard|Charizard-Mega-Y, M
|-mega|p2a: Charizard|Charizard|Charizardite Y
|-weather|SunnyDay
|move|p2a: Charizard|Flamethrower|p1a: Gengar
|-damage|p1a: Gengar|0 fnt
|faint|p1a: Gengar
|
|-weather|SunnyDay|[upkeep]
|c|âAlvadora|it would be glorious if i was a zardX
|c|âAlvadora|and dd'ed right there
|c|âAlvadora|meh
|c|+Albacore|yeah
|
|switch|p1a: Latias|Latias, F|319\/319
|turn|13
|c|âMr. Bendover Man|Oh wait.
|c|âMr. Bendover Man|Scarf.
|c|âMr. Bendover Man|?
|
|switch|p2a: Keldeo|Keldeo|303\/323
|move|p1a: Latias|Psyshock|p2a: Keldeo
|-supereffective|p2a: Keldeo
|-damage|p2a: Keldeo|0 fnt
|-damage|p1a: Latias|288\/319|[from] item: Life Orb
|faint|p2a: Keldeo
|
|-weather|SunnyDay|[upkeep]
|
|switch|p2a: Kyurem-Black|Kyurem-Black, shiny|391\/391
|-ability|p2a: Kyurem-Black|Teravolt
|turn|14
|
|move|p2a: Kyurem-Black|Outrage|p1a: Latias
|-supereffective|p1a: Latias
|-damage|p1a: Latias|0 fnt
|faint|p1a: Latias
|
|-weather|SunnyDay|[upkeep]
|c|âMr. Bendover Man|I was right.
|c|âMr. Bendover Man|:)
|c|+Albacore|you were supposed to sack talon :(
|c|âAlvadora|^
|
|switch|p1a: Talonflame|Talonflame, M|69\/298
|turn|15
|
|move|p1a: Talonflame|Brave Bird|p2a: Kyurem-Black
|-damage|p2a: Kyurem-Black|193\/391
|-damage|p1a: Talonflame|4\/298|[from] recoil|[of] p2a: Kyurem-Black
|move|p2a: Kyurem-Black|Outrage|p1a: Talonflame
|-damage|p1a: Talonflame|0 fnt
|faint|p1a: Talonflame
|
|-end|p2a: Kyurem-Black|rampage
|-start|p2a: Kyurem-Black|confusion
|-weather|SunnyDay|[upkeep]
|c|âMr. Bendover Man|I lose?
|c|+Albacore|yeah
|
|switch|p1a: Gallade|Gallade-Mega, M|209\/277
|turn|16
|c|âMr. Bendover Man|Unless.
|leave|Supah Glitch
|leave|Snorlax's pillow
|
|switch|p2a: Charizard|Charizard-Mega-Y, M|297\/297
|move|p1a: Gallade|Ice Punch|p2a: Charizard
|-damage|p2a: Charizard|170\/297
|
|-weather|none
|turn|17
|c|âMr. Bendover Man|y not stay?
|join|MoB Barley
|c|âAlvadora|i dont want to risk confusion
|c|âAlvadora|when outrage kills
|
|move|p1a: Gallade|Zen Headbutt|p2a: Charizard
|-damage|p2a: Charizard|0 fnt
|faint|p2a: Charizard
|
|c|+Albacore|why did you ice punch
|join|Snorlax's pillow
|
|switch|p2a: Kyurem-Black|Kyurem-Black, shiny|193\/391
|-ability|p2a: Kyurem-Black|Teravolt
|turn|18
|c|âMr. Bendover Man|Cause I knew it did not matter.
|
|move|p2a: Kyurem-Black|Outrage|p1a: Gallade
|-damage|p1a: Gallade|0 fnt
|faint|p1a: Gallade
|
|win|Alvadora
|c|âAlvadora|ayy
|leave|ulcer
|c|âMr. Bendover Man|gg
|leave|Albacore
|leave|LadderSoTall
|c|âAlvadora|comeback
|c|âAlvadora|:]
|c|âAlvadora|gg
|leave|Alvadora
|player|p2
|leave|Supah
|leave|Murkrow Jupiter
|leave|The Siegfried
|leave|Im Sky
|leave|Mr. Bendover Man
|player|p1
|leave|Ferocca
|leave|VagSlayer420
|leave|MoB Barley