|join|Alvadora
|join|Praj.pran
|player|p1|Alvadora|256
|player|p2|Praj.pran|170
|gametype|singles
|gen|6
|tier|OU
|clearpoke
|poke|p1|Kyurem-Black, shiny
|poke|p1|Slowbro, M
|poke|p1|Gardevoir, F, shiny
|poke|p1|Cobalion
|poke|p1|Landorus-Therian, M
|poke|p1|Zapdos
|poke|p2|Gardevoir, M
|poke|p2|Landorus, M
|poke|p2|Hawlucha, M
|poke|p2|Heatran, M
|poke|p2|Latios, M
|poke|p2|Chesnaught, F
|rule|Swagger Clause: Swagger is banned
|rule|Baton Pass Clause: Limit one PokÃ©mon knowing Baton Pass
|rule|Sleep Clause Mod: Limit one foe put to sleep
|rule|Species Clause: Limit one of each PokÃ©mon
|rule|OHKO Clause: OHKO moves are banned
|rule|Moody Clause: Moody is banned
|rule|Evasion Moves Clause: Evasion moves are banned
|rule|Endless Battle Clause: Forcing endless battles is banned
|rule|HP Percentage Mod: HP is shown in percentages
|teampreview
|c|âPraj.pran|glhf
|c|âAlvadora|gl :]
|join|Super Mario Bros
|
|start
|switch|p1a: Cobalion|Cobalion|344\/344
|switch|p2a: Heatran|Heatran, M|386\/386
|turn|1
|
|switch|p2a: Chesnaught|Chesnaught, F|379\/379
|move|p1a: Cobalion|Stealth Rock|p2a: Chesnaught
|-sidestart|p2: Praj.pran|move: Stealth Rock
|
|turn|2
|
|move|p1a: Cobalion|Volt Switch|p2a: Chesnaught
|-crit|p2a: Chesnaught
|-resisted|p2a: Chesnaught
|-damage|p2a: Chesnaught|325\/379
|
|switch|p1a: Gardevoir|Gardevoir, F, shiny|277\/277
|-ability|p1a: Gardevoir|Bulletproof|[from] ability: Trace|[of] p2a: Chesnaught
|move|p2a: Chesnaught|Drain Punch|p1a: Gardevoir
|-resisted|p1a: Gardevoir
|-damage|p1a: Gardevoir|244\/277
|-heal|p2a: Chesnaught|342\/379|[from] drain|[of] p1a: Gardevoir
|
|turn|3
|
|detailschange|p1a: Gardevoir|Gardevoir-Mega, F, shiny
|-mega|p1a: Gardevoir|Gardevoir|Gardevoirite
|move|p2a: Chesnaught|Spiky Shield|p2a: Chesnaught
|-singleturn|p2a: Chesnaught|move: Protect
|move|p1a: Gardevoir|Hyper Voice|p2a: Chesnaught
|-activate|p2a: Chesnaught|move: Protect
|
|turn|4
|
|switch|p2a: Heatran|Heatran, M|386\/386
|-damage|p2a: Heatran|338\/386|[from] Stealth Rock
|move|p1a: Gardevoir|Hyper Voice|p2a: Heatran
|-resisted|p2a: Heatran
|-damage|p2a: Heatran|291\/386
|
|-heal|p2a: Heatran|315\/386|[from] item: Leftovers
|turn|5
|
|move|p1a: Gardevoir|Focus Blast|p2a: Heatran
|-supereffective|p2a: Heatran
|-damage|p2a: Heatran|41\/386
|move|p2a: Heatran|Stealth Rock|p1a: Gardevoir
|-sidestart|p1: Alvadora|move: Stealth Rock
|
|-heal|p2a: Heatran|65\/386|[from] item: Leftovers
|turn|6
|
|move|p1a: Gardevoir|Psyshock|p2a: Heatran
|-resisted|p2a: Heatran
|-damage|p2a: Heatran|0 fnt
|faint|p2a: Heatran
|
|
|switch|p2a: Landorus|Landorus, M|319\/319
|-damage|p2a: Landorus|280\/319|[from] Stealth Rock
|turn|7
|
|move|p2a: Landorus|Sludge Wave|p1a: Gardevoir
|-supereffective|p1a: Gardevoir
|-damage|p1a: Gardevoir|0 fnt
|faint|p1a: Gardevoir
|
|
|switch|p1a: Kyurem-Black|Kyurem-Black, shiny|391\/391
|-damage|p1a: Kyurem-Black|294\/391|[from] Stealth Rock
|-ability|p1a: Kyurem-Black|Teravolt
|turn|8
|
|switch|p2a: Amigo|Hawlucha, M|298\/298
|-damage|p2a: Amigo|261\/298|[from] Stealth Rock
|move|p1a: Kyurem-Black|Ice Beam|p2a: Amigo
|-supereffective|p2a: Amigo
|-damage|p2a: Amigo|0 fnt
|faint|p2a: Amigo
|
|c|âAlvadora|nice ice typing weakness
|
|switch|p2a: Gardevoir|Gardevoir, M|278\/278
|-damage|p2a: Gardevoir|244\/278|[from] Stealth Rock
|turn|9
|c|âAlvadora|lol
|c|âPraj.pran|lol
|
|switch|p1a: Cobalion|Cobalion|344\/344
|-damage|p1a: Cobalion|334\/344|[from] Stealth Rock
|detailschange|p2a: Gardevoir|Gardevoir-Mega, M
|-mega|p2a: Gardevoir|Gardevoir|Gardevoirite
|move|p2a: Gardevoir|Focus Blast|p1a: Cobalion
|-supereffective|p1a: Cobalion
|-damage|p1a: Cobalion|0 fnt
|faint|p1a: Cobalion
|
|c|âAlvadora|ehhhh
|
|switch|p1a: Landorus-Therian|Landorus-Therian, M|328\/328
|-damage|p1a: Landorus-Therian|287\/328|[from] Stealth Rock
|-ability|p1a: Landorus-Therian|Intimidate|[of] p2a: Gardevoir
|-unboost|p2a: Gardevoir|atk|1
|turn|10
|c|âPraj.pran|nice hit
|
|move|p1a: Landorus-Therian|U-turn|p2a: Gardevoir
|-crit|p2a: Gardevoir
|-damage|p2a: Gardevoir|57\/278
|
|switch|p1a: Slowbro|Slowbro, M|394\/394
|-damage|p1a: Slowbro|345\/394|[from] Stealth Rock
|move|p2a: Gardevoir|Hyper Voice|p1a: Slowbro
|-damage|p1a: Slowbro|47\/394
|
|-heal|p1a: Slowbro|71\/394|[from] item: Leftovers
|turn|11
|
|move|p2a: Gardevoir|Hyper Voice|p1a: Slowbro
|-damage|p1a: Slowbro|0 fnt
|faint|p1a: Slowbro
|
|
|switch|p1a: Kyurem-Black|Kyurem-Black, shiny|294\/391
|-damage|p1a: Kyurem-Black|197\/391|[from] Stealth Rock
|-ability|p1a: Kyurem-Black|Teravolt
|turn|12
|
|move|p1a: Kyurem-Black|Ice Beam|p2a: Gardevoir
|-damage|p2a: Gardevoir|0 fnt
|faint|p2a: Gardevoir
|
|c|âAlvadora|nice ice beam spam
|
|switch|p2a: Latios|Latios, M|301\/301
|-damage|p2a: Latios|264\/301|[from] Stealth Rock
|turn|13
|
|switch|p1a: Zapdos|Zapdos|383\/383
|-damage|p1a: Zapdos|288\/383|[from] Stealth Rock
|-ability|p1a: Zapdos|Pressure
|move|p2a: Latios|Draco Meteor|p1a: Zapdos
|-damage|p1a: Zapdos|0 fnt
|-unboost|p2a: Latios|spa|2
|-damage|p2a: Latios|234\/301|[from] item: Life Orb
|faint|p1a: Zapdos
|
|
|switch|p1a: Landorus-Therian|Landorus-Therian, M|287\/328
|-damage|p1a: Landorus-Therian|246\/328|[from] Stealth Rock
|-ability|p1a: Landorus-Therian|Intimidate|[of] p2a: Latios
|-unboost|p2a: Latios|atk|1
|turn|14
|
|move|p1a: Landorus-Therian|U-turn|p2a: Latios
|-supereffective|p2a: Latios
|-damage|p2a: Latios|18\/301
|c|âAlvadora|fuuuuuck
|c|âAlvadora|i thought it'll kill
|
|switch|p1a: Kyurem-Black|Kyurem-Black, shiny|197\/391
|-damage|p1a: Kyurem-Black|100\/391|[from] Stealth Rock
|-ability|p1a: Kyurem-Black|Teravolt
|move|p2a: Latios|Roost|p2a: Latios
|-heal|p2a: Latios|169\/301
|
|turn|15
|c|âAlvadora|ok wtv
|c|âPraj.pran|:(
|
|move|p1a: Kyurem-Black|Ice Beam|p2a: Latios
|-supereffective|p2a: Latios
|-damage|p2a: Latios|0 fnt
|faint|p2a: Latios
|
|
|switch|p2a: Chesnaught|Chesnaught, F|342\/379
|-damage|p2a: Chesnaught|319\/379|[from] Stealth Rock
|turn|16
|
|move|p1a: Kyurem-Black|Ice Beam|p2a: Chesnaught
|-supereffective|p2a: Chesnaught
|-damage|p2a: Chesnaught|0 fnt
|faint|p2a: Chesnaught
|
|c|âAlvadora|rip
|
|switch|p2a: Landorus|Landorus, M|280\/319
|-damage|p2a: Landorus|241\/319|[from] Stealth Rock
|turn|17
|c|âPraj.pran|gg
|c|âAlvadora|gg
|
|move|p1a: Kyurem-Black|Ice Beam|p2a: Landorus
|-supereffective|p2a: Landorus
|-damage|p2a: Landorus|0 fnt
|faint|p2a: Landorus
|
|win|Alvadora
|leave|Praj.pran
|player|p2
|leave|Alvadora
|player|p1