|join|rodex
|join|Alvadora
|player|p1|rodex|170
|player|p2|Alvadora|256
|gametype|singles
|gen|6
|tier|OU
|rated
|clearpoke
|poke|p1|Cryogonal
|poke|p1|Doublade, M
|poke|p1|Hippowdon, M
|poke|p1|Gardevoir, M
|poke|p1|Magnezone
|poke|p1|Crawdaunt, F
|poke|p2|Infernape, M
|poke|p2|Ferrothorn, F
|poke|p2|Rotom-Wash
|poke|p2|Gardevoir, F, shiny
|poke|p2|Latias, F
|poke|p2|Thundurus, M
|rule|Swagger Clause: Swagger is banned
|rule|Baton Pass Clause: Limit one PokÃ©mon knowing Baton Pass
|rule|Sleep Clause Mod: Limit one foe put to sleep
|rule|Species Clause: Limit one of each PokÃ©mon
|rule|OHKO Clause: OHKO moves are banned
|rule|Moody Clause: Moody is banned
|rule|Evasion Moves Clause: Evasion moves are banned
|rule|Endless Battle Clause: Forcing endless battles is banned
|rule|HP Percentage Mod: HP is shown in percentages
|teampreview
|
|start
|switch|p1a: Magnezone|Magnezone|282\/282
|switch|p2a: Ferrothorn|Ferrothorn, F|352\/352
|turn|1
|
|move|p2a: Ferrothorn|Protect|p2a: Ferrothorn
|-singleturn|p2a: Ferrothorn|Protect
|move|p1a: Magnezone|Hidden Power|p2a: Ferrothorn
|-activate|p2a: Ferrothorn|Protect
|
|turn|2
|
|switch|p2a: Rotom-Wash|Rotom-Wash|304\/304
|move|p1a: Magnezone|Hidden Power|p2a: Rotom-Wash
|-resisted|p2a: Rotom-Wash
|-damage|p2a: Rotom-Wash|270\/304
|
|-heal|p2a: Rotom-Wash|289\/304|[from] item: Leftovers
|turn|3
|
|switch|p1a: Cryogonal|Cryogonal|344\/344
|move|p2a: Rotom-Wash|Volt Switch|p1a: Cryogonal
|-damage|p1a: Cryogonal|292\/344
|
|switch|p2a: Infernape|Infernape, M|293\/293
|
|-heal|p1a: Cryogonal|313\/344|[from] item: Leftovers
|turn|4
|
|switch|p1a: Hippowdon|Hippowdon, M|420\/420
|-weather|Sandstorm
|move|p2a: Infernape|Overheat|p1a: Hippowdon
|-damage|p1a: Hippowdon|151\/420
|-unboost|p2a: Infernape|spa|2
|-damage|p2a: Infernape|264\/293|[from] item: Life Orb
|
|-weather|Sandstorm|[upkeep]
|-damage|p2a: Infernape|246\/293|[from] sandstorm
|turn|5
|
|move|p2a: Infernape|Close Combat|p1a: Hippowdon
|-damage|p1a: Hippowdon|7\/420
|-damage|p2a: Infernape|198\/293|[from] item: Rocky Helmet|[of] p1a: Hippowdon
|-unboost|p2a: Infernape|def|1
|-unboost|p2a: Infernape|spd|1
|-damage|p2a: Infernape|169\/293|[from] item: Life Orb
|move|p1a: Hippowdon|Stealth Rock|p2a: Infernape
|-sidestart|p2: Alvadora|move: Stealth Rock
|
|-weather|Sandstorm|[upkeep]
|-damage|p2a: Infernape|151\/293|[from] sandstorm
|turn|6
|
|switch|p2a: Ferrothorn|Ferrothorn, F|352\/352
|-damage|p2a: Ferrothorn|330\/352|[from] Stealth Rock
|switch|p1a: Doublade|Doublade, M|322\/322
|
|-weather|Sandstorm|[upkeep]
|turn|7
|
|move|p1a: Doublade|Swords Dance|p1a: Doublade
|-boost|p1a: Doublade|atk|2
|move|p2a: Ferrothorn|Stealth Rock|p1a: Doublade
|-sidestart|p1: rodex|move: Stealth Rock
|
|-weather|Sandstorm|[upkeep]
|turn|8
|
|move|p1a: Doublade|Swords Dance|p1a: Doublade
|-boost|p1a: Doublade|atk|2
|move|p2a: Ferrothorn|Leech Seed|p1a: Doublade
|-start|p1a: Doublade|move: Leech Seed
|
|-weather|none
|-damage|p1a: Doublade|282\/322|[from] Leech Seed|[of] p2a: Ferrothorn
|-heal|p2a: Ferrothorn|352\/352|[silent]
|turn|9
|
|move|p2a: Ferrothorn|Protect|p2a: Ferrothorn
|-singleturn|p2a: Ferrothorn|Protect
|move|p1a: Doublade|Swords Dance|p1a: Doublade
|-boost|p1a: Doublade|atk|2
|
|-damage|p1a: Doublade|242\/322|[from] Leech Seed|[of] p2a: Ferrothorn
|turn|10
|
|move|p1a: Doublade|Sacred Sword|p2a: Ferrothorn
|-supereffective|p2a: Ferrothorn
|-damage|p2a: Ferrothorn|0 fnt
|-damage|p1a: Doublade|202\/322|[from] ability: Iron Barbs|[of] p2a: Ferrothorn
|faint|p2a: Ferrothorn
|
|
|switch|p2a: Rotom-Wash|Rotom-Wash|289\/304
|-damage|p2a: Rotom-Wash|251\/304|[from] Stealth Rock
|turn|11
|
|move|p1a: Doublade|Shadow Sneak|p2a: Rotom-Wash
|-damage|p2a: Rotom-Wash|49\/304
|move|p2a: Rotom-Wash|Will-O-Wisp|p1a: Doublade
|-status|p1a: Doublade|brn
|
|-heal|p2a: Rotom-Wash|68\/304|[from] item: Leftovers
|-damage|p1a: Doublade|162\/322 brn|[from] Leech Seed|[of] p2a: Rotom-Wash
|-heal|p2a: Rotom-Wash|108\/304|[silent]
|-damage|p1a: Doublade|122\/322 brn|[from] brn
|turn|12
|
|move|p1a: Doublade|Shadow Sneak|p2a: Rotom-Wash
|-damage|p2a: Rotom-Wash|3\/304
|move|p2a: Rotom-Wash|Volt Switch|p1a: Doublade
|-damage|p1a: Doublade|23\/322 brn
|
|switch|p2a: Latias|Latias, F|319\/319
|-damage|p2a: Latias|280\/319|[from] Stealth Rock
|
|-damage|p1a: Doublade|0 fnt|[from] Leech Seed|[of] p2a: Latias
|-heal|p2a: Latias|303\/319|[silent]
|faint|p1a: Doublade
|
|switch|p1a: Gardevoir|Gardevoir, M|278\/278
|-damage|p1a: Gardevoir|244\/278|[from] Stealth Rock
|-ability|p1a: Gardevoir|Levitate|[from] ability: Trace|[of] p2a: Latias
|turn|13
|
|switch|p2a: Rotom-Wash|Rotom-Wash|3\/304
|-damage|p2a: Rotom-Wash|0 fnt|[from] Stealth Rock
|faint|p2a: Rotom-Wash
|detailschange|p1a: Gardevoir|Gardevoir-Mega, M
|message|Gardevoir has Mega Evolved into Mega Gardevoir!
|move|p1a: Gardevoir|Hyper Voice|p2: Rotom-Wash|[notarget]
|-notarget
|
|
|switch|p2a: Infernape|Infernape, M|151\/293
|-damage|p2a: Infernape|115\/293|[from] Stealth Rock
|turn|14
|
|switch|p1a: Hippowdon|Hippowdon, M|7\/420
|-damage|p1a: Hippowdon|0 fnt|[from] Stealth Rock
|faint|p1a: Hippowdon
|move|p2a: Infernape|Gunk Shot|p1: Hippowdon|[notarget]
|-notarget
|
|
|switch|p1a: Magnezone|Magnezone|282\/282
|-damage|p1a: Magnezone|265\/282|[from] Stealth Rock
|turn|15
|
|switch|p2a: Latias|Latias, F|303\/319
|-damage|p2a: Latias|264\/319|[from] Stealth Rock
|move|p1a: Magnezone|Volt Switch|p2a: Latias
|-resisted|p2a: Latias
|-damage|p2a: Latias|214\/319
|
|switch|p1a: Gardevoir|Gardevoir-Mega, M|244\/278
|-damage|p1a: Gardevoir|210\/278|[from] Stealth Rock
|
|turn|16
|
|move|p2a: Latias|Psyshock|p1a: Gardevoir
|-resisted|p1a: Gardevoir
|-damage|p1a: Gardevoir|106\/278
|-damage|p2a: Latias|183\/319|[from] item: Life Orb
|move|p1a: Gardevoir|Hyper Voice|p2a: Latias
|-supereffective|p2a: Latias
|-damage|p2a: Latias|0 fnt
|faint|p2a: Latias
|
|
|switch|p2a: Thundurus|Thundurus, M|299\/299
|-damage|p2a: Thundurus|225\/299|[from] Stealth Rock
|turn|17
|
|switch|p1a: Cryogonal|Cryogonal|313\/344
|-damage|p1a: Cryogonal|227\/344|[from] Stealth Rock
|move|p2a: Thundurus|Thunderbolt|p1a: Cryogonal
|-damage|p1a: Cryogonal|97\/344
|-damage|p2a: Thundurus|196\/299|[from] item: Life Orb
|
|-heal|p1a: Cryogonal|118\/344|[from] item: Leftovers
|turn|18
|
|move|p2a: Thundurus|Thunderbolt|p1a: Cryogonal
|-damage|p1a: Cryogonal|0 fnt
|-damage|p2a: Thundurus|167\/299|[from] item: Life Orb
|faint|p1a: Cryogonal
|
|
|switch|p1a: Magnezone|Magnezone|265\/282
|-damage|p1a: Magnezone|248\/282|[from] Stealth Rock
|turn|19
|
|move|p1a: Magnezone|Thunderbolt|p2a: Thundurus
|-damage|p2a: Thundurus|0 fnt
|faint|p2a: Thundurus
|
|
|switch|p2a: Gardevoir|Gardevoir, F, shiny|283\/283
|-damage|p2a: Gardevoir|248\/283|[from] Stealth Rock
|-ability|p2a: Gardevoir|Magnet Pull|[from] ability: Trace|[of] p1a: Magnezone
|turn|20
|
|move|p1a: Magnezone|Thunderbolt|p2a: Gardevoir
|-damage|p2a: Gardevoir|109\/283
|move|p2a: Gardevoir|Focus Blast|p1a: Magnezone
|-supereffective|p1a: Magnezone
|-damage|p1a: Magnezone|0 fnt
|faint|p1a: Magnezone
|
|
|switch|p1a: Gardevoir|Gardevoir-Mega, M|106\/278
|-damage|p1a: Gardevoir|72\/278|[from] Stealth Rock
|turn|21
|
|detailschange|p2a: Gardevoir|Gardevoir-Mega, F, shiny
|message|Gardevoir has Mega Evolved into Mega Gardevoir!
|move|p1a: Gardevoir|Hyper Voice|p2a: Gardevoir
|-damage|p2a: Gardevoir|0 fnt
|faint|p2a: Gardevoir
|
|
|switch|p2a: Infernape|Infernape, M|115\/293
|-damage|p2a: Infernape|79\/293|[from] Stealth Rock
|turn|22
|
|move|p2a: Infernape|Gunk Shot|p1a: Gardevoir|[miss]
|-miss|p2a: Infernape|p1a: Gardevoir
|move|p1a: Gardevoir|Psyshock|p2a: Infernape
|-supereffective|p2a: Infernape
|-damage|p2a: Infernape|0 fnt
|faint|p2a: Infernape
|
|win|rodex
|raw|Ladder updating...
|raw|rodex's rating: 1501 &rarr; <strong>1524<\/strong><br \/>(+23 for winning)
|raw|Alvadora's rating: 1549 &rarr; <strong>1526<\/strong><br \/>(-23 for losing)