|join|Wolf Bros
|join|Alvadora
|player|p1|Wolf Bros|168
|player|p2|Alvadora|256
|gametype|singles
|gen|6
|tier|OU
|rated
|clearpoke
|poke|p1|Sableye, F
|poke|p1|Excadrill, M
|poke|p1|Manaphy
|poke|p1|Gliscor, F
|poke|p1|Talonflame, M
|poke|p1|Clefable, F
|poke|p2|Scizor, M
|poke|p2|Jirachi
|poke|p2|Serperior, M
|poke|p2|Keldeo
|poke|p2|Zapdos
|poke|p2|Landorus, M
|rule|Swagger Clause: Swagger is banned
|rule|Baton Pass Clause: Limit one PokÃ©mon knowing Baton Pass
|rule|Sleep Clause Mod: Limit one foe put to sleep
|rule|Species Clause: Limit one of each PokÃ©mon
|rule|OHKO Clause: OHKO moves are banned
|rule|Moody Clause: Moody is banned
|rule|Evasion Moves Clause: Evasion moves are banned
|rule|Endless Battle Clause: Forcing endless battles is banned
|rule|HP Percentage Mod: HP is shown in percentages
|teampreview
|
|start
|switch|p1a: Talonflame|Talonflame, M|345\/345
|switch|p2a: Serperior|Serperior, M|291\/291
|turn|1
|
|switch|p2a: Zapdos|Zapdos|383\/383
|-ability|p2a: Zapdos|Pressure
|move|p1a: Talonflame|Will-O-Wisp|p2a: Zapdos
|-status|p2a: Zapdos|brn
|
|-damage|p2a: Zapdos|336\/383 brn|[from] brn
|turn|2
|
|switch|p1a: Gliscor|Gliscor, F|353\/353
|move|p2a: Zapdos|Volt Switch|p1a: Gliscor
|-immune|p1a: Gliscor|[msg]
|
|-heal|p2a: Zapdos|359\/383 brn|[from] item: Leftovers
|-damage|p2a: Zapdos|312\/383 brn|[from] brn
|-status|p1a: Gliscor|tox|[from] item: Toxic Orb
|turn|3
|
|switch|p2a: Serperior|Serperior, M|291\/291
|move|p1a: Gliscor|Stealth Rock|p2a: Serperior
|-sidestart|p2: Alvadora|move: Stealth Rock
|
|turn|4
|
|switch|p2a: Jirachi|Jirachi|403\/403
|-damage|p2a: Jirachi|378\/403|[from] Stealth Rock
|move|p1a: Gliscor|U-turn|p2a: Jirachi
|-damage|p2a: Jirachi|329\/403
|
|switch|p1a: Sableye|Sableye, F|303\/303
|
|-heal|p2a: Jirachi|354\/403|[from] item: Leftovers
|turn|5
|
|switch|p2a: Zapdos|Zapdos|312\/383 brn
|-damage|p2a: Zapdos|217\/383 brn|[from] Stealth Rock
|-ability|p2a: Zapdos|Pressure
|detailschange|p1a: Sableye|Sableye-Mega, F
|-mega|p1a: Sableye|Sableye|Sablenite
|move|p1a: Sableye|Knock Off|p2a: Zapdos
|-damage|p2a: Zapdos|132\/383 brn
|-enditem|p2a: Zapdos|Leftovers|[from] move: Knock Off|[of] p1a: Sableye
|
|-damage|p2a: Zapdos|85\/383 brn|[from] brn
|turn|6
|
|switch|p1a: Gliscor|Gliscor, F|353\/353 tox
|move|p2a: Zapdos|Roost|p2a: Zapdos
|-heal|p2a: Zapdos|277\/383 brn
|
|-damage|p2a: Zapdos|230\/383 brn|[from] brn
|turn|7
|
|switch|p2a: Serperior|Serperior, M|291\/291
|-damage|p2a: Serperior|255\/291|[from] Stealth Rock
|move|p1a: Gliscor|Taunt|p2a: Serperior
|-start|p2a: Serperior|move: Taunt
|
|-heal|p2a: Serperior|273\/291|[from] item: Leftovers
|turn|8
|
|move|p2a: Serperior|Leaf Storm|p1a: Gliscor
|-damage|p1a: Gliscor|142\/353 tox
|-boost|p2a: Serperior|spa|2
|move|p1a: Gliscor|U-turn|p2a: Serperior
|-supereffective|p2a: Serperior
|-damage|p2a: Serperior|153\/291
|
|switch|p1a: Talonflame|Talonflame, M|345\/345
|
|-heal|p2a: Serperior|171\/291|[from] item: Leftovers
|turn|9
|
|switch|p2a: Zapdos|Zapdos|230\/383 brn
|-damage|p2a: Zapdos|135\/383 brn|[from] Stealth Rock
|-ability|p2a: Zapdos|Pressure
|move|p1a: Talonflame|Brave Bird|p2a: Zapdos
|-crit|p2a: Zapdos
|-resisted|p2a: Zapdos
|-damage|p2a: Zapdos|27\/383 brn
|-damage|p1a: Talonflame|309\/345|[from] recoil|[of] p2a: Zapdos
|
|-heal|p1a: Talonflame|330\/345|[from] item: Leftovers
|-damage|p2a: Zapdos|0 fnt|[from] brn
|faint|p2a: Zapdos
|c|âAlvadora|-.-
|
|switch|p2a: Landorus|Landorus, M|319\/319
|-damage|p2a: Landorus|280\/319|[from] Stealth Rock
|turn|10
|
|switch|p1a: Gliscor|Gliscor, F|142\/353 tox
|move|p2a: Landorus|Psychic|p1a: Gliscor
|-damage|p1a: Gliscor|0 fnt
|faint|p1a: Gliscor
|
|
|switch|p1a: Manaphy|Manaphy|401\/401
|turn|11
|
|switch|p2a: Serperior|Serperior, M|171\/291
|-damage|p2a: Serperior|135\/291|[from] Stealth Rock
|move|p1a: Manaphy|Scald|p2a: Serperior
|-resisted|p2a: Serperior
|-damage|p2a: Serperior|90\/291
|
|-heal|p2a: Serperior|108\/291|[from] item: Leftovers
|turn|12
|
|switch|p2a: Jirachi|Jirachi|354\/403
|-damage|p2a: Jirachi|329\/403|[from] Stealth Rock
|switch|p1a: Clefable|Clefable, F|393\/393
|
|-heal|p2a: Jirachi|354\/403|[from] item: Leftovers
|turn|13
|
|switch|p1a: Sableye|Sableye-Mega, F|303\/303
|move|p2a: Jirachi|Body Slam|p1a: Sableye
|-immune|p1a: Sableye|[msg]
|
|-heal|p2a: Jirachi|379\/403|[from] item: Leftovers
|turn|14
|
|move|p2a: Jirachi|Iron Head|p1a: Sableye
|-damage|p1a: Sableye|230\/303
|cant|p1a: Sableye|flinch
|
|-heal|p2a: Jirachi|403\/403|[from] item: Leftovers
|turn|15
|
|move|p2a: Jirachi|Iron Head|p1a: Sableye
|-damage|p1a: Sableye|149\/303
|move|p1a: Sableye|Will-O-Wisp|p2a: Jirachi
|-status|p2a: Jirachi|brn
|
|-damage|p2a: Jirachi|353\/403 brn|[from] brn
|turn|16
|
|move|p2a: Jirachi|Wish|p2a: Jirachi
|move|p1a: Sableye|Recover|p1a: Sableye
|-heal|p1a: Sableye|301\/303
|
|-heal|p2a: Jirachi|378\/403 brn|[from] item: Leftovers
|-damage|p2a: Jirachi|328\/403 brn|[from] brn
|turn|17
|
|switch|p2a: Serperior|Serperior, M|108\/291
|-damage|p2a: Serperior|72\/291|[from] Stealth Rock
|move|p1a: Sableye|Foul Play|p2a: Serperior
|-crit|p2a: Serperior
|-damage|p2a: Serperior|0 fnt
|faint|p2a: Serperior
|
|c|âAlvadora|seriously
|c|âAlvadora|zzzzz
|
|switch|p2a: Landorus|Landorus, M|280\/319
|-damage|p2a: Landorus|241\/319|[from] Stealth Rock
|turn|18
|
|move|p2a: Landorus|Earth Power|p1a: Sableye
|-damage|p1a: Sableye|122\/303
|move|p1a: Sableye|Knock Off|p2a: Landorus
|-damage|p2a: Landorus|129\/319
|-enditem|p2a: Landorus|Life Orb|[from] move: Knock Off|[of] p1a: Sableye
|
|turn|19
|c|âAlvadora|stop critting
|
|switch|p1a: Talonflame|Talonflame, M|330\/345
|move|p2a: Landorus|Earth Power|p1a: Talonflame
|-immune|p1a: Talonflame|[msg]
|
|-heal|p1a: Talonflame|345\/345|[from] item: Leftovers
|turn|20
|
|move|p1a: Talonflame|Brave Bird|p2a: Landorus
|-damage|p2a: Landorus|0 fnt
|-damage|p1a: Talonflame|302\/345|[from] recoil|[of] p2a: Landorus
|faint|p2a: Landorus
|
|-heal|p1a: Talonflame|323\/345|[from] item: Leftovers
|
|switch|p2a: Keldeo|Keldeo|323\/323
|-damage|p2a: Keldeo|303\/323|[from] Stealth Rock
|turn|21
|
|move|p1a: Talonflame|Brave Bird|p2a: Keldeo
|-supereffective|p2a: Keldeo
|-damage|p2a: Keldeo|0 fnt
|-damage|p1a: Talonflame|223\/345|[from] recoil|[of] p2a: Keldeo
|faint|p2a: Keldeo
|
|-heal|p1a: Talonflame|244\/345|[from] item: Leftovers
|-message|Alvadora forfeited.
|
|win|Wolf Bros
|raw|Ladder updating...
|leave|Alvadora
|player|p2
|raw|Wolf Bros's rating: 1707 &rarr; <strong>1730<\/strong><br \/>(+23 for winning)
|raw|Alvadora's rating: 1746 &rarr; <strong>1724<\/strong><br \/>(-22 for losing)