|join|Aka DH
|join|Alvadora
|player|p1|Aka DH|101
|player|p2|Alvadora|256
|gametype|singles
|gen|6
|tier|OU (suspect test)
|rated
|clearpoke
|poke|p1|Bisharp, M
|poke|p1|Venusaur, M
|poke|p1|Heatran, F
|poke|p1|Keldeo
|poke|p1|Chansey, F
|poke|p1|Skarmory, F
|poke|p2|Charizard, M
|poke|p2|Tyranitar, F
|poke|p2|Excadrill, M
|poke|p2|Keldeo
|poke|p2|Latios, M
|poke|p2|Kyurem-Black, shiny
|rule|Swagger Clause: Swagger is banned
|rule|Baton Pass Clause: Limit one PokÃ©mon knowing Baton Pass
|rule|Sleep Clause Mod: Limit one foe put to sleep
|rule|Species Clause: Limit one of each PokÃ©mon
|rule|OHKO Clause: OHKO moves are banned
|rule|Moody Clause: Moody is banned
|rule|Evasion Moves Clause: Evasion moves are banned
|rule|Endless Battle Clause: Forcing endless battles is banned
|rule|HP Percentage Mod: HP is shown in percentages
|teampreview
|
|start
|switch|p1a: Venusaur|Venusaur, M|364\/364
|switch|p2a: Tyranitar|Tyranitar, F|403\/403
|-weather|Sandstorm
|turn|1
|
|switch|p1a: Heatran|Heatran, F|340\/340
|-item|p1a: Heatran|Air Balloon
|move|p2a: Tyranitar|Stealth Rock|p1a: Heatran
|-sidestart|p1: Aka DH|move: Stealth Rock
|
|-weather|Sandstorm|[upkeep]
|turn|2
|
|move|p1a: Heatran|Toxic|p2a: Tyranitar
|-status|p2a: Tyranitar|tox
|move|p2a: Tyranitar|Superpower|p1a: Heatran
|-supereffective|p1a: Heatran
|-damage|p1a: Heatran|140\/340
|-enditem|p1a: Heatran|Air Balloon
|-unboost|p2a: Tyranitar|atk|1
|-unboost|p2a: Tyranitar|def|1
|
|-weather|Sandstorm|[upkeep]
|-damage|p2a: Tyranitar|378\/403 tox|[from] psn
|turn|3
|
|switch|p2a: Keldeo|Keldeo|323\/323
|move|p1a: Heatran|Stealth Rock|p2a: Keldeo
|-sidestart|p2: Alvadora|move: Stealth Rock
|
|-weather|Sandstorm|[upkeep]
|-damage|p2a: Keldeo|303\/323|[from] sandstorm
|turn|4
|
|switch|p1a: Venusaur|Venusaur, M|364\/364
|-damage|p1a: Venusaur|319\/364|[from] Stealth Rock
|move|p2a: Keldeo|Scald|p1a: Venusaur
|-resisted|p1a: Venusaur
|-damage|p1a: Venusaur|220\/364
|-status|p1a: Venusaur|brn
|
|-weather|Sandstorm|[upkeep]
|-damage|p2a: Keldeo|283\/323|[from] sandstorm
|-damage|p1a: Venusaur|198\/364 brn|[from] sandstorm
|-damage|p1a: Venusaur|153\/364 brn|[from] brn
|turn|5
|
|switch|p2a: Excadrill|Excadrill, M|361\/361
|-damage|p2a: Excadrill|350\/361|[from] Stealth Rock
|detailschange|p1a: Venusaur|Venusaur-Mega, M
|-mega|p1a: Venusaur|Venusaur|Venusaurite
|move|p1a: Venusaur|Giga Drain|p2a: Excadrill
|-damage|p2a: Excadrill|208\/361
|-heal|p1a: Venusaur|224\/364 brn|[from] drain|[of] p2a: Excadrill
|
|-weather|Sandstorm|[upkeep]
|-damage|p1a: Venusaur|202\/364 brn|[from] sandstorm
|-damage|p1a: Venusaur|157\/364 brn|[from] brn
|turn|6
|
|switch|p2a: Keldeo|Keldeo|283\/323
|-damage|p2a: Keldeo|263\/323|[from] Stealth Rock
|move|p1a: Venusaur|Giga Drain|p2a: Keldeo
|-supereffective|p2a: Keldeo
|-damage|p2a: Keldeo|33\/323
|-heal|p1a: Venusaur|272\/364 brn|[from] drain|[of] p2a: Keldeo
|
|-weather|Sandstorm|[upkeep]
|-damage|p2a: Keldeo|13\/323|[from] sandstorm
|-damage|p1a: Venusaur|250\/364 brn|[from] sandstorm
|-damage|p1a: Venusaur|205\/364 brn|[from] brn
|turn|7
|
|move|p2a: Keldeo|Hydro Pump|p1a: Venusaur
|-resisted|p1a: Venusaur
|-damage|p1a: Venusaur|89\/364 brn
|move|p1a: Venusaur|Leech Seed|p2a: Keldeo
|-start|p2a: Keldeo|move: Leech Seed
|
|-weather|Sandstorm|[upkeep]
|-damage|p2a: Keldeo|0 fnt|[from] sandstorm
|-damage|p1a: Venusaur|67\/364 brn|[from] sandstorm
|-damage|p1a: Venusaur|22\/364 brn|[from] brn
|faint|p2a: Keldeo
|
|switch|p2a: Latios|Latios, M|301\/301
|-damage|p2a: Latios|264\/301|[from] Stealth Rock
|turn|8
|
|move|p2a: Latios|Surf|p1a: Venusaur
|-resisted|p1a: Venusaur
|-damage|p1a: Venusaur|0 fnt
|-damage|p2a: Latios|234\/301|[from] item: Life Orb
|faint|p1a: Venusaur
|
|-weather|none
|
|switch|p1a: Bisharp|Bisharp, M|334\/334
|-damage|p1a: Bisharp|314\/334|[from] Stealth Rock
|turn|9
|
|move|p2a: Latios|Surf|p1a: Bisharp
|-damage|p1a: Bisharp|118\/334
|-damage|p2a: Latios|204\/301|[from] item: Life Orb
|move|p1a: Bisharp|Iron Head|p2a: Latios
|-damage|p2a: Latios|33\/301
|
|-heal|p1a: Bisharp|138\/334|[from] item: Leftovers
|turn|10
|
|move|p1a: Bisharp|Sucker Punch|p2a: Latios
|-supereffective|p2a: Latios
|-damage|p2a: Latios|0 fnt
|faint|p2a: Latios
|
|-heal|p1a: Bisharp|158\/334|[from] item: Leftovers
|
|switch|p2a: Kyurem-Black|Kyurem-Black, shiny|391\/391
|-damage|p2a: Kyurem-Black|294\/391|[from] Stealth Rock
|-ability|p2a: Kyurem-Black|Teravolt
|turn|11
|
|switch|p1a: Chansey|Chansey, F|684\/684
|-damage|p1a: Chansey|599\/684|[from] Stealth Rock
|move|p2a: Kyurem-Black|Earth Power|p1a: Chansey
|-damage|p1a: Chansey|543\/684
|
|turn|12
|
|switch|p2a: Excadrill|Excadrill, M|208\/361
|-damage|p2a: Excadrill|197\/361|[from] Stealth Rock
|move|p1a: Chansey|Seismic Toss|p2a: Excadrill
|-damage|p2a: Excadrill|97\/361
|
|turn|13
|
|switch|p1a: Skarmory|Skarmory, F|334\/334
|-damage|p1a: Skarmory|293\/334|[from] Stealth Rock
|move|p2a: Excadrill|Swords Dance|p2a: Excadrill
|-boost|p2a: Excadrill|atk|2
|
|turn|14
|
|move|p2a: Excadrill|Rock Slide|p1a: Skarmory
|-damage|p1a: Skarmory|120\/334
|-damage|p2a: Excadrill|61\/361|[from] item: Life Orb
|cant|p1a: Skarmory|flinch
|
|turn|15
|
|move|p2a: Excadrill|Rock Slide|p1a: Skarmory
|-damage|p1a: Skarmory|0 fnt
|-damage|p2a: Excadrill|25\/361|[from] item: Life Orb
|faint|p1a: Skarmory
|
|
|switch|p1a: Keldeo|Keldeo|323\/323
|-damage|p1a: Keldeo|303\/323|[from] Stealth Rock
|turn|16
|
|switch|p2a: Tyranitar|Tyranitar, F|378\/403 tox
|-damage|p2a: Tyranitar|328\/403 tox|[from] Stealth Rock
|-weather|Sandstorm
|move|p1a: Keldeo|Scald|p2a: Tyranitar
|-supereffective|p2a: Tyranitar
|-damage|p2a: Tyranitar|176\/403 tox
|
|-weather|Sandstorm|[upkeep]
|-damage|p1a: Keldeo|283\/323|[from] sandstorm
|-heal|p1a: Keldeo|303\/323|[from] item: Leftovers
|-damage|p2a: Tyranitar|151\/403 tox|[from] psn
|turn|17
|
|move|p1a: Keldeo|Secret Sword|p2a: Tyranitar
|-supereffective|p2a: Tyranitar
|-damage|p2a: Tyranitar|0 fnt
|faint|p2a: Tyranitar
|
|-weather|Sandstorm|[upkeep]
|-damage|p1a: Keldeo|283\/323|[from] sandstorm
|-heal|p1a: Keldeo|303\/323|[from] item: Leftovers
|
|switch|p2a: Excadrill|Excadrill, M|25\/361
|-damage|p2a: Excadrill|14\/361|[from] Stealth Rock
|turn|18
|
|switch|p1a: Heatran|Heatran, F|140\/340
|-damage|p1a: Heatran|98\/340|[from] Stealth Rock
|move|p2a: Excadrill|Earthquake|p1a: Heatran
|-supereffective|p1a: Heatran
|-damage|p1a: Heatran|0 fnt
|-damage|p2a: Excadrill|0 fnt|[from] item: Life Orb
|faint|p1a: Heatran
|faint|p2a: Excadrill
|
|-weather|Sandstorm|[upkeep]
|
|switch|p2a: Kyurem-Black|Kyurem-Black, shiny|294\/391
|switch|p1a: Keldeo|Keldeo|303\/323
|-damage|p2a: Kyurem-Black|197\/391|[from] Stealth Rock
|-ability|p2a: Kyurem-Black|Teravolt
|-damage|p1a: Keldeo|283\/323|[from] Stealth Rock
|turn|19
|
|move|p2a: Kyurem-Black|Fusion Bolt|p1a: Keldeo
|-supereffective|p1a: Keldeo
|-damage|p1a: Keldeo|0 fnt
|faint|p1a: Keldeo
|
|-weather|Sandstorm|[upkeep]
|-damage|p2a: Kyurem-Black|173\/391|[from] sandstorm
|
|switch|p1a: Bisharp|Bisharp, M|158\/334
|-damage|p1a: Bisharp|138\/334|[from] Stealth Rock
|turn|20
|
|switch|p2a: Charizard|Charizard, M|297\/297
|-damage|p2a: Charizard|149\/297|[from] Stealth Rock
|move|p1a: Bisharp|Sucker Punch|p2a: Charizard
|-fail|p2a: Charizard
|
|-weather|Sandstorm|[upkeep]
|-damage|p2a: Charizard|131\/297|[from] sandstorm
|-heal|p1a: Bisharp|158\/334|[from] item: Leftovers
|turn|21
|
|detailschange|p2a: Charizard|Charizard-Mega-Y, M
|-mega|p2a: Charizard|Charizard|Charizardite Y
|-weather|SunnyDay
|move|p2a: Charizard|Roost|p2a: Charizard
|-heal|p2a: Charizard|280\/297
|move|p1a: Bisharp|Swords Dance|p1a: Bisharp
|-boost|p1a: Bisharp|atk|2
|
|-weather|SunnyDay|[upkeep]
|-heal|p1a: Bisharp|178\/334|[from] item: Leftovers
|turn|22
|
|move|p1a: Bisharp|Sucker Punch|p2a: Charizard
|-damage|p2a: Charizard|0 fnt
|faint|p2a: Charizard
|
|-weather|SunnyDay|[upkeep]
|-heal|p1a: Bisharp|198\/334|[from] item: Leftovers
|c|âAlvadora|gg
|-message|Alvadora forfeited.
|
|win|Aka DH
|raw|Ladder updating...
|c|âAka DH|gg
|raw|Aka DH's rating: 1488 &rarr; <strong>1506<\/strong><br \/>(+18 for winning)
|raw|Alvadora's rating: 1453 &rarr; <strong>1435<\/strong><br \/>(-18 for losing)
|leave|Alvadora
|player|p2
|leave|Aka DH
|player|p1