|join|Sovahkiin
|join|DumberThanSlowpoke
|player|p1|Sovahkiin|286
|player|p2|DumberThanSlowpoke|168
|gametype|singles
|gen|6
|tier|ORAS OU
|rated
|rule|Sleep Clause Mod: Limit one foe put to sleep
|rule|Species Clause: Limit one of each PokÃ©mon
|rule|OHKO Clause: OHKO moves are banned
|rule|Moody Clause: Moody is banned
|rule|Evasion Moves Clause: Evasion moves are banned
|rule|Endless Battle Clause: Forcing endless battles is banned
|rule|HP Percentage Mod: HP is shown in percentages
|clearpoke
|poke|p1|Metagross
|poke|p1|Gothitelle, F
|poke|p1|Clefable, F
|poke|p1|Landorus-Therian, M
|poke|p1|Chansey, F
|poke|p1|Keldeo-Resolute
|poke|p2|Beedrill, F
|poke|p2|Magnezone
|poke|p2|Rotom-Wash
|poke|p2|Excadrill, M
|poke|p2|Landorus-Therian, M
|poke|p2|Keldeo
|rule|Swagger Clause: Swagger is banned
|rule|Baton Pass Clause: Limit one PokÃ©mon knowing Baton Pass
|teampreview
|
|start
|switch|p1a: Clefable|Clefable, F|394\/394
|switch|p2a: Rotom-Wash|Rotom-Wash|304\/304
|turn|1
|
|move|p2a: Rotom-Wash|Volt Switch|p1a: Clefable
|-damage|p1a: Clefable|303\/394
|
|switch|p2a: Excadrill|Excadrill, M|391\/391
|-ability|p2a: Excadrill|Mold Breaker
|move|p1a: Clefable|Flamethrower|p2a: Excadrill
|-supereffective|p2a: Excadrill
|-damage|p2a: Excadrill|291\/391
|
|-heal|p1a: Clefable|327\/394|[from] item: Leftovers
|turn|2
|
|switch|p1a: Landorus-Therian|Landorus-Therian, M|382\/382
|-ability|p1a: Landorus-Therian|Intimidate|[of] p2a: Excadrill
|-unboost|p2a: Excadrill|atk|1
|move|p2a: Excadrill|Iron Head|p1a: Landorus-Therian
|-damage|p1a: Landorus-Therian|276\/382
|
|-heal|p1a: Landorus-Therian|299\/382|[from] item: Leftovers
|turn|3
|
|switch|p2a: Landorus-Therian|Landorus-Therian, M|382\/382
|-ability|p2a: Landorus-Therian|Intimidate|[of] p1a: Landorus-Therian
|-unboost|p1a: Landorus-Therian|atk|1
|move|p1a: Landorus-Therian|Stealth Rock|p2a: Landorus-Therian
|-sidestart|p2: DumberThanSlowpoke|move: Stealth Rock
|
|-heal|p1a: Landorus-Therian|322\/382|[from] item: Leftovers
|turn|4
|
|move|p1a: Landorus-Therian|U-turn|p2a: Landorus-Therian
|-resisted|p2a: Landorus-Therian
|-damage|p2a: Landorus-Therian|361\/382
|
|switch|p1a: Keldeo-Resolute|Keldeo-Resolute|323\/323
|move|p2a: Landorus-Therian|Stealth Rock|p1a: Keldeo-Resolute
|-sidestart|p1: Sovahkiin|move: Stealth Rock
|
|-heal|p2a: Landorus-Therian|382\/382|[from] item: Leftovers
|turn|5
|
|switch|p2a: Rotom-Wash|Rotom-Wash|304\/304
|-damage|p2a: Rotom-Wash|266\/304|[from] Stealth Rock
|move|p1a: Keldeo-Resolute|Secret Sword|p2a: Rotom-Wash
|-damage|p2a: Rotom-Wash|100\/304
|
|-heal|p2a: Rotom-Wash|119\/304|[from] item: Leftovers
|turn|6
|
|switch|p2a: Landorus-Therian|Landorus-Therian, M|382\/382
|-damage|p2a: Landorus-Therian|335\/382|[from] Stealth Rock
|-ability|p2a: Landorus-Therian|Intimidate|[of] p1a: Keldeo-Resolute
|-unboost|p1a: Keldeo-Resolute|atk|1
|move|p1a: Keldeo-Resolute|Secret Sword|p2a: Landorus-Therian
|-resisted|p2a: Landorus-Therian
|-damage|p2a: Landorus-Therian|243\/382
|
|-heal|p2a: Landorus-Therian|266\/382|[from] item: Leftovers
|turn|7
|
|move|p1a: Keldeo-Resolute|Secret Sword|p2a: Landorus-Therian
|-resisted|p2a: Landorus-Therian
|-damage|p2a: Landorus-Therian|176\/382
|move|p2a: Landorus-Therian|Earthquake|p1a: Keldeo-Resolute
|-damage|p1a: Keldeo-Resolute|136\/323
|
|-heal|p2a: Landorus-Therian|199\/382|[from] item: Leftovers
|turn|8
|
|move|p1a: Keldeo-Resolute|Secret Sword|p2a: Landorus-Therian
|-resisted|p2a: Landorus-Therian
|-damage|p2a: Landorus-Therian|113\/382
|move|p2a: Landorus-Therian|Earthquake|p1a: Keldeo-Resolute
|-damage|p1a: Keldeo-Resolute|0 fnt
|faint|p1a: Keldeo-Resolute
|
|-heal|p2a: Landorus-Therian|136\/382|[from] item: Leftovers
|
|switch|p1a: Gothitelle|Gothitelle, F|281\/281
|-damage|p1a: Gothitelle|246\/281|[from] Stealth Rock
|turn|9
|
|move|p1a: Gothitelle|Psychic|p2a: Landorus-Therian
|-damage|p2a: Landorus-Therian|0 fnt
|faint|p2a: Landorus-Therian
|
|
|switch|p2a: Excadrill|Excadrill, M|291\/391
|-damage|p2a: Excadrill|279\/391|[from] Stealth Rock
|-ability|p2a: Excadrill|Mold Breaker
|turn|10
|c|âSovahkiin|switch exist
|
|switch|p1a: Landorus-Therian|Landorus-Therian, M|322\/382
|-damage|p1a: Landorus-Therian|275\/382|[from] Stealth Rock
|-ability|p1a: Landorus-Therian|Intimidate|[of] p2a: Excadrill
|-unboost|p2a: Excadrill|atk|1
|move|p2a: Excadrill|Rapid Spin|p1a: Landorus-Therian
|-damage|p1a: Landorus-Therian|259\/382
|-sideend|p2: DumberThanSlowpoke|Stealth Rock|[from] move: Rapid Spin|[of] p2a: Excadrill
|
|-heal|p1a: Landorus-Therian|282\/382|[from] item: Leftovers
|turn|11
|
|switch|p2a: Rotom-Wash|Rotom-Wash|119\/304
|move|p1a: Landorus-Therian|Stealth Rock|p2a: Rotom-Wash
|-sidestart|p2: DumberThanSlowpoke|move: Stealth Rock
|
|-heal|p1a: Landorus-Therian|305\/382|[from] item: Leftovers
|-heal|p2a: Rotom-Wash|138\/304|[from] item: Leftovers
|turn|12
|
|move|p1a: Landorus-Therian|U-turn|p2a: Rotom-Wash
|-damage|p2a: Rotom-Wash|86\/304
|
|switch|p1a: Chansey|Chansey, F|704\/704
|-damage|p1a: Chansey|616\/704|[from] Stealth Rock
|move|p2a: Rotom-Wash|Will-O-Wisp|p1a: Chansey
|-status|p1a: Chansey|brn
|
|-heal|p2a: Rotom-Wash|105\/304|[from] item: Leftovers
|-damage|p1a: Chansey|528\/704 brn|[from] brn
|turn|13
|
|switch|p1a: Clefable|Clefable, F|327\/394
|move|p2a: Rotom-Wash|Pain Split|p1a: Clefable
|-sethp|p1a: Clefable|216\/394|p2a: Rotom-Wash|216\/304|[from] move: Pain Split
|
|-heal|p2a: Rotom-Wash|235\/304|[from] item: Leftovers
|-heal|p1a: Clefable|240\/394|[from] item: Leftovers
|turn|14
|
|move|p2a: Rotom-Wash|Volt Switch|p1a: Clefable
|-damage|p1a: Clefable|146\/394
|
|switch|p2a: Excadrill|Excadrill, M|279\/391
|-damage|p2a: Excadrill|267\/391|[from] Stealth Rock
|-ability|p2a: Excadrill|Mold Breaker
|move|p1a: Clefable|Soft-Boiled|p1a: Clefable
|-heal|p1a: Clefable|343\/394
|
|-heal|p1a: Clefable|367\/394|[from] item: Leftovers
|turn|15
|
|move|p2a: Excadrill|Rapid Spin|p1a: Clefable
|-damage|p1a: Clefable|346\/394
|-sideend|p2: DumberThanSlowpoke|Stealth Rock|[from] move: Rapid Spin|[of] p2a: Excadrill
|move|p1a: Clefable|Flamethrower|p2a: Excadrill
|-supereffective|p2a: Excadrill
|-damage|p2a: Excadrill|177\/391
|
|-heal|p1a: Clefable|370\/394|[from] item: Leftovers
|turn|16
|
|switch|p2a: Rotom-Wash|Rotom-Wash|235\/304
|switch|p1a: Metagross|Metagross|364\/364
|-damage|p1a: Metagross|342\/364|[from] Stealth Rock
|
|-heal|p2a: Rotom-Wash|254\/304|[from] item: Leftovers
|turn|17
|
|switch|p1a: Clefable|Clefable, F|370\/394
|move|p2a: Rotom-Wash|Will-O-Wisp|p1a: Clefable
|-status|p1a: Clefable|brn
|
|-heal|p2a: Rotom-Wash|273\/304|[from] item: Leftovers
|-heal|p1a: Clefable|394\/394 brn|[from] item: Leftovers
|turn|18
|
|move|p2a: Rotom-Wash|Hydro Pump|p1a: Clefable
|-damage|p1a: Clefable|237\/394 brn
|move|p1a: Clefable|Calm Mind|p1a: Clefable
|-boost|p1a: Clefable|spa|1
|-boost|p1a: Clefable|spd|1
|
|-heal|p2a: Rotom-Wash|292\/304|[from] item: Leftovers
|-heal|p1a: Clefable|261\/394 brn|[from] item: Leftovers
|turn|19
|
|move|p2a: Rotom-Wash|Volt Switch|p1a: Clefable
|-damage|p1a: Clefable|195\/394 brn
|
|switch|p2a: Excadrill|Excadrill, M|177\/391
|-ability|p2a: Excadrill|Mold Breaker
|move|p1a: Clefable|Flamethrower|p2a: Excadrill
|-supereffective|p2a: Excadrill
|-damage|p2a: Excadrill|41\/391
|
|-heal|p1a: Clefable|219\/394 brn|[from] item: Leftovers
|turn|20
|
|switch|p1a: Landorus-Therian|Landorus-Therian, M|305\/382
|-damage|p1a: Landorus-Therian|258\/382|[from] Stealth Rock
|-ability|p1a: Landorus-Therian|Intimidate|[of] p2a: Excadrill
|-unboost|p2a: Excadrill|atk|1
|move|p2a: Excadrill|Iron Head|p1a: Landorus-Therian
|-damage|p1a: Landorus-Therian|159\/382
|
|-heal|p1a: Landorus-Therian|182\/382|[from] item: Leftovers
|turn|21
|
|switch|p2a: Keldeo|Keldeo|322\/322
|move|p1a: Landorus-Therian|Stealth Rock|p2a: Keldeo
|-sidestart|p2: DumberThanSlowpoke|move: Stealth Rock
|
|-heal|p1a: Landorus-Therian|205\/382|[from] item: Leftovers
|turn|22
|
|switch|p1a: Chansey|Chansey, F|528\/704
|-damage|p1a: Chansey|440\/704|[from] Stealth Rock
|move|p2a: Keldeo|Scald|p1a: Chansey
|-damage|p1a: Chansey|302\/704
|
|turn|23
|
|switch|p2a: Excadrill|Excadrill, M|41\/391
|-damage|p2a: Excadrill|29\/391|[from] Stealth Rock
|-ability|p2a: Excadrill|Mold Breaker
|move|p1a: Chansey|Wish|p1a: Chansey
|
|turn|24
|
|move|p2a: Excadrill|Rapid Spin|p1a: Chansey
|-damage|p1a: Chansey|271\/704
|-sideend|p2: DumberThanSlowpoke|Stealth Rock|[from] move: Rapid Spin|[of] p2a: Excadrill
|move|p1a: Chansey|Seismic Toss|p2a: Excadrill
|-damage|p2a: Excadrill|0 fnt
|faint|p2a: Excadrill
|
|-heal|p1a: Chansey|623\/704|[from] move: Wish|[wisher] Chansey
|
|switch|p2a: Beedrill|Beedrill, F|271\/271
|turn|25
|
|detailschange|p2a: Beedrill|Beedrill-Mega, F
|message|Beedrill has Mega Evolved into Mega Beedrill!
|move|p2a: Beedrill|U-turn|p1a: Chansey
|-damage|p1a: Chansey|357\/704
|
|switch|p2a: Keldeo|Keldeo|322\/322
|move|p1a: Chansey|Thunder Wave|p2a: Keldeo
|-status|p2a: Keldeo|par
|
|turn|26
|
|move|p1a: Chansey|Protect|p1a: Chansey
|-singleturn|p1a: Chansey|Protect
|move|p2a: Keldeo|Hydro Pump|p1a: Chansey
|-activate|p1a: Chansey|Protect
|
|turn|27
|
|switch|p2a: Rotom-Wash|Rotom-Wash|292\/304
|move|p1a: Chansey|Wish|p1a: Chansey
|
|-heal|p2a: Rotom-Wash|304\/304|[from] item: Leftovers
|turn|28
|
|move|p1a: Chansey|Protect|p1a: Chansey
|-singleturn|p1a: Chansey|Protect
|move|p2a: Rotom-Wash|Will-O-Wisp|p1a: Chansey
|-activate|p1a: Chansey|Protect
|
|-heal|p1a: Chansey|704\/704|[from] move: Wish|[wisher] Chansey
|turn|29
|
|move|p2a: Rotom-Wash|Will-O-Wisp|p1a: Chansey
|-status|p1a: Chansey|brn
|move|p1a: Chansey|Wish|p1a: Chansey
|
|-damage|p1a: Chansey|616\/704 brn|[from] brn
|turn|30
|
|switch|p1a: Clefable|Clefable, F|219\/394 brn
|move|p2a: Rotom-Wash|Will-O-Wisp|p1a: Clefable|[miss]
|-miss|p2a: Rotom-Wash|p1a: Clefable
|
|-heal|p1a: Clefable|394\/394 brn|[from] move: Wish|[wisher] Chansey
|turn|31
|
|move|p2a: Rotom-Wash|Volt Switch|p1a: Clefable
|-damage|p1a: Clefable|306\/394 brn
|
|switch|p2a: Magnezone|Magnezone|324\/324
|move|p1a: Clefable|Calm Mind|p1a: Clefable
|-boost|p1a: Clefable|spa|1
|-boost|p1a: Clefable|spd|1
|
|-heal|p1a: Clefable|330\/394 brn|[from] item: Leftovers
|turn|32
|
|switch|p1a: Metagross|Metagross|342\/364
|-damage|p1a: Metagross|320\/364|[from] Stealth Rock
|move|p2a: Magnezone|Flash Cannon|p1a: Metagross
|-resisted|p1a: Metagross
|-damage|p1a: Metagross|189\/364
|
|turn|33
|
|switch|p2a: Rotom-Wash|Rotom-Wash|304\/304
|detailschange|p1a: Metagross|Metagross-Mega
|message|Metagross has Mega Evolved into Mega Metagross!
|move|p1a: Metagross|Zen Headbutt|p2a: Rotom-Wash
|-damage|p2a: Rotom-Wash|189\/304
|
|-heal|p2a: Rotom-Wash|208\/304|[from] item: Leftovers
|turn|34
|
|switch|p1a: Clefable|Clefable, F|330\/394 brn
|move|p2a: Rotom-Wash|Hydro Pump|p1a: Clefable
|-damage|p1a: Clefable|192\/394 brn
|
|-heal|p2a: Rotom-Wash|227\/304|[from] item: Leftovers
|-heal|p1a: Clefable|216\/394 brn|[from] item: Leftovers
|turn|35
|
|move|p2a: Rotom-Wash|Volt Switch|p1a: Clefable
|-damage|p1a: Clefable|128\/394 brn
|
|switch|p2a: Keldeo|Keldeo|322\/322 par
|move|p1a: Clefable|Soft-Boiled|p1a: Clefable
|-heal|p1a: Clefable|325\/394 brn
|
|-heal|p1a: Clefable|349\/394 brn|[from] item: Leftovers
|turn|36
|
|move|p1a: Clefable|Calm Mind|p1a: Clefable
|-boost|p1a: Clefable|spa|1
|-boost|p1a: Clefable|spd|1
|move|p2a: Keldeo|Hydro Pump|p1a: Clefable
|-damage|p1a: Clefable|126\/394 brn
|
|-heal|p1a: Clefable|150\/394 brn|[from] item: Leftovers
|turn|37
|
|move|p1a: Clefable|Soft-Boiled|p1a: Clefable
|-heal|p1a: Clefable|347\/394 brn
|move|p2a: Keldeo|Hydro Pump|p1a: Clefable
|-crit|p1a: Clefable
|-damage|p1a: Clefable|0 fnt
|faint|p1a: Clefable
|
|
|switch|p1a: Gothitelle|Gothitelle, F|246\/281
|-damage|p1a: Gothitelle|211\/281|[from] Stealth Rock
|turn|38
|
|move|p1a: Gothitelle|Psychic|p2a: Keldeo
|-supereffective|p2a: Keldeo
|-damage|p2a: Keldeo|28\/322 par
|move|p2a: Keldeo|Hydro Pump|p1a: Gothitelle
|-damage|p1a: Gothitelle|0 fnt
|faint|p1a: Gothitelle
|
|
|switch|p1a: Chansey|Chansey, F|616\/704
|-damage|p1a: Chansey|528\/704|[from] Stealth Rock
|turn|39
|
|switch|p2a: Rotom-Wash|Rotom-Wash|227\/304
|move|p1a: Chansey|Seismic Toss|p2a: Rotom-Wash
|-damage|p2a: Rotom-Wash|127\/304
|
|-heal|p2a: Rotom-Wash|146\/304|[from] item: Leftovers
|turn|40
|
|switch|p1a: Landorus-Therian|Landorus-Therian, M|205\/382
|-damage|p1a: Landorus-Therian|158\/382|[from] Stealth Rock
|-ability|p1a: Landorus-Therian|Intimidate|[of] p2a: Rotom-Wash
|-unboost|p2a: Rotom-Wash|atk|1
|move|p2a: Rotom-Wash|Will-O-Wisp|p1a: Landorus-Therian
|-status|p1a: Landorus-Therian|brn
|
|-heal|p1a: Landorus-Therian|181\/382 brn|[from] item: Leftovers
|-heal|p2a: Rotom-Wash|165\/304|[from] item: Leftovers
|-damage|p1a: Landorus-Therian|134\/382 brn|[from] brn
|turn|41
|
|move|p1a: Landorus-Therian|Stealth Rock|p2a: Rotom-Wash
|-sidestart|p2: DumberThanSlowpoke|move: Stealth Rock
|move|p2a: Rotom-Wash|Hydro Pump|p1a: Landorus-Therian
|-supereffective|p1a: Landorus-Therian
|-damage|p1a: Landorus-Therian|0 fnt
|faint|p1a: Landorus-Therian
|
|-heal|p2a: Rotom-Wash|184\/304|[from] item: Leftovers
|
|switch|p1a: Chansey|Chansey, F|528\/704
|-damage|p1a: Chansey|440\/704|[from] Stealth Rock
|turn|42
|
|move|p2a: Rotom-Wash|Will-O-Wisp|p1a: Chansey|[miss]
|-miss|p2a: Rotom-Wash|p1a: Chansey
|move|p1a: Chansey|Seismic Toss|p2a: Rotom-Wash
|-damage|p2a: Rotom-Wash|84\/304
|
|-heal|p2a: Rotom-Wash|103\/304|[from] item: Leftovers
|turn|43
|
|move|p2a: Rotom-Wash|Pain Split|p1a: Chansey
|-sethp|p1a: Chansey|271\/704|p2a: Rotom-Wash|271\/304|[from] move: Pain Split
|move|p1a: Chansey|Seismic Toss|p2a: Rotom-Wash
|-damage|p2a: Rotom-Wash|171\/304
|
|-heal|p2a: Rotom-Wash|190\/304|[from] item: Leftovers
|turn|44
|
|move|p2a: Rotom-Wash|Will-O-Wisp|p1a: Chansey
|-status|p1a: Chansey|brn
|move|p1a: Chansey|Seismic Toss|p2a: Rotom-Wash
|-damage|p2a: Rotom-Wash|90\/304
|
|-heal|p2a: Rotom-Wash|109\/304|[from] item: Leftovers
|-damage|p1a: Chansey|183\/704 brn|[from] brn
|turn|45
|
|move|p2a: Rotom-Wash|Volt Switch|p1a: Chansey
|-damage|p1a: Chansey|122\/704 brn
|
|switch|p2a: Keldeo|Keldeo|28\/322 par
|-damage|p2a: Keldeo|8\/322 par|[from] Stealth Rock
|move|p1a: Chansey|Wish|p1a: Chansey
|
|-damage|p1a: Chansey|34\/704 brn|[from] brn
|turn|46
|
|move|p1a: Chansey|Seismic Toss|p2a: Keldeo
|-damage|p2a: Keldeo|0 fnt
|faint|p2a: Keldeo
|
|-heal|p1a: Chansey|386\/704 brn|[from] move: Wish|[wisher] Chansey
|-damage|p1a: Chansey|298\/704 brn|[from] brn
|
|switch|p2a: Beedrill|Beedrill-Mega, F|271\/271
|-damage|p2a: Beedrill|204\/271|[from] Stealth Rock
|turn|47
|
|move|p2a: Beedrill|U-turn|p1a: Chansey
|-damage|p1a: Chansey|40\/704 brn
|
|switch|p2a: Magnezone|Magnezone|324\/324
|-damage|p2a: Magnezone|304\/324|[from] Stealth Rock
|move|p1a: Chansey|Wish|p1a: Chansey
|
|-damage|p1a: Chansey|0 fnt|[from] brn
|faint|p1a: Chansey
|
|switch|p1a: Metagross|Metagross-Mega|189\/364
|-damage|p1a: Metagross|167\/364|[from] Stealth Rock
|turn|48
|
|move|p1a: Metagross|Earthquake|p2a: Magnezone
|-supereffective|p2a: Magnezone
|-damage|p2a: Magnezone|0 fnt
|faint|p2a: Magnezone
|
|-heal|p1a: Metagross|364\/364|[from] move: Wish|[wisher] Chansey
|
|switch|p2a: Rotom-Wash|Rotom-Wash|109\/304
|-damage|p2a: Rotom-Wash|71\/304|[from] Stealth Rock
|turn|49
|
|move|p1a: Metagross|Zen Headbutt|p2a: Rotom-Wash
|-crit|p2a: Rotom-Wash
|-damage|p2a: Rotom-Wash|0 fnt
|faint|p2a: Rotom-Wash
|
|
|switch|p2a: Beedrill|Beedrill-Mega, F|204\/271
|-damage|p2a: Beedrill|137\/271|[from] Stealth Rock
|turn|50
|c|âSovahkiin|gg
|
|move|p2a: Beedrill|Drill Run|p1a: Metagross
|-supereffective|p1a: Metagross
|-damage|p1a: Metagross|202\/364
|move|p1a: Metagross|Earthquake|p2a: Beedrill
|-damage|p2a: Beedrill|0 fnt
|faint|p2a: Beedrill
|
|win|Sovahkiin
|raw|Ladder updating...
|raw|Sovahkiin's rating: 1409 &rarr; <strong>1432<\/strong><br \/>(+23 for winning)
|raw|DumberThanSlowpoke's rating: 1455 &rarr; <strong>1432<\/strong><br \/>(-23 for losing)
|leave|DumberThanSlowpoke
|player|p2