|join|DumberThanSlowpoke
|join|fatbulk
|player|p1|DumberThanSlowpoke|168
|player|p2|fatbulk|16
|gametype|singles
|gen|6
|tier|ORAS OU
|rated
|rule|Sleep Clause Mod: Limit one foe put to sleep
|rule|Species Clause: Limit one of each PokÃ©mon
|rule|OHKO Clause: OHKO moves are banned
|rule|Moody Clause: Moody is banned
|rule|Evasion Moves Clause: Evasion moves are banned
|rule|Endless Battle Clause: Forcing endless battles is banned
|rule|HP Percentage Mod: HP is shown in percentages
|clearpoke
|poke|p1|Beedrill, M
|poke|p1|Magnezone
|poke|p1|Rotom-Wash
|poke|p1|Excadrill, M
|poke|p1|Landorus-Therian, M
|poke|p1|Keldeo
|poke|p2|Metagross
|poke|p2|Keldeo-Resolute
|poke|p2|Rotom-Wash
|poke|p2|Ferrothorn, M
|poke|p2|Greninja, M
|poke|p2|Landorus-Therian, M
|rule|Swagger Clause: Swagger is banned
|rule|Baton Pass Clause: Limit one PokÃ©mon knowing Baton Pass
|teampreview
|
|start
|switch|p1a: Rotom-Wash|Rotom-Wash|304\/304
|switch|p2a: Ferrothorn|Ferrothorn, M|351\/351
|turn|1
|
|switch|p2a: Keldeo-Resolute|Keldeo-Resolute|323\/323
|move|p1a: Rotom-Wash|Volt Switch|p2a: Keldeo-Resolute
|-supereffective|p2a: Keldeo-Resolute
|-damage|p2a: Keldeo-Resolute|131\/323
|
|switch|p1a: Beedrill|Beedrill, M|271\/271
|
|turn|2
|
|switch|p2a: Landorus-Therian|Landorus-Therian, M|319\/319
|-ability|p2a: Landorus-Therian|Intimidate|[of] p1a: Beedrill
|-unboost|p1a: Beedrill|atk|1
|detailschange|p1a: Beedrill|Beedrill-Mega, M
|message|Beedrill has Mega Evolved into Mega Beedrill!
|move|p1a: Beedrill|Protect|p1a: Beedrill
|-fail|p1a: Beedrill
|
|turn|3
|
|switch|p1a: Landorus-Therian|Landorus-Therian, M|382\/382
|-ability|p1a: Landorus-Therian|Intimidate|[of] p2a: Landorus-Therian
|-unboost|p2a: Landorus-Therian|atk|1
|move|p2a: Landorus-Therian|U-turn|p1a: Landorus-Therian
|-resisted|p1a: Landorus-Therian
|-damage|p1a: Landorus-Therian|357\/382
|
|switch|p2a: Keldeo-Resolute|Keldeo-Resolute|131\/323
|
|-heal|p1a: Landorus-Therian|380\/382|[from] item: Leftovers
|turn|4
|
|switch|p1a: Rotom-Wash|Rotom-Wash|304\/304
|move|p2a: Keldeo-Resolute|Secret Sword|p1a: Rotom-Wash
|-damage|p1a: Rotom-Wash|193\/304
|
|-heal|p1a: Rotom-Wash|212\/304|[from] item: Leftovers
|turn|5
|
|switch|p2a: Landorus-Therian|Landorus-Therian, M|319\/319
|-ability|p2a: Landorus-Therian|Intimidate|[of] p1a: Rotom-Wash
|-unboost|p1a: Rotom-Wash|atk|1
|move|p1a: Rotom-Wash|Will-O-Wisp|p2a: Landorus-Therian
|-status|p2a: Landorus-Therian|brn
|
|-heal|p1a: Rotom-Wash|231\/304|[from] item: Leftovers
|-damage|p2a: Landorus-Therian|280\/319 brn|[from] brn
|turn|6
|
|move|p2a: Landorus-Therian|U-turn|p1a: Rotom-Wash
|-damage|p1a: Rotom-Wash|197\/304
|
|switch|p2a: Keldeo-Resolute|Keldeo-Resolute|131\/323
|move|p1a: Rotom-Wash|Hydro Pump|p2a: Keldeo-Resolute|[miss]
|-miss|p1a: Rotom-Wash|p2a: Keldeo-Resolute
|
|-heal|p1a: Rotom-Wash|216\/304|[from] item: Leftovers
|turn|7
|
|move|p2a: Keldeo-Resolute|Secret Sword|p1a: Rotom-Wash
|-damage|p1a: Rotom-Wash|105\/304
|move|p1a: Rotom-Wash|Volt Switch|p2a: Keldeo-Resolute
|-supereffective|p2a: Keldeo-Resolute
|-damage|p2a: Keldeo-Resolute|0 fnt
|faint|p2a: Keldeo-Resolute
|
|switch|p1a: Excadrill|Excadrill, M|391\/391
|-ability|p1a: Excadrill|Mold Breaker
|
|
|switch|p2a: Landorus-Therian|Landorus-Therian, M|280\/319 brn
|-ability|p2a: Landorus-Therian|Intimidate|[of] p1a: Excadrill
|-unboost|p1a: Excadrill|atk|1
|turn|8
|
|switch|p1a: Landorus-Therian|Landorus-Therian, M|380\/382
|-ability|p1a: Landorus-Therian|Intimidate|[of] p2a: Landorus-Therian
|-unboost|p2a: Landorus-Therian|atk|1
|move|p2a: Landorus-Therian|U-turn|p1a: Landorus-Therian
|-resisted|p1a: Landorus-Therian
|-damage|p1a: Landorus-Therian|368\/382
|
|switch|p2a: Greninja|Greninja, M|285\/285
|
|-heal|p1a: Landorus-Therian|382\/382|[from] item: Leftovers
|turn|9
|
|switch|p1a: Rotom-Wash|Rotom-Wash|105\/304
|move|p2a: Greninja|Dark Pulse|p1a: Rotom-Wash
|-start|p2a: Greninja|typechange|Dark|[from] Protean
|-damage|p1a: Rotom-Wash|0 fnt
|-damage|p2a: Greninja|257\/285|[from] item: Life Orb
|faint|p1a: Rotom-Wash
|
|
|switch|p1a: Beedrill|Beedrill-Mega, M|271\/271
|turn|10
|
|switch|p2a: Landorus-Therian|Landorus-Therian, M|280\/319 brn
|-ability|p2a: Landorus-Therian|Intimidate|[of] p1a: Beedrill
|-unboost|p1a: Beedrill|atk|1
|move|p1a: Beedrill|U-turn|p2a: Landorus-Therian
|-resisted|p2a: Landorus-Therian
|-damage|p2a: Landorus-Therian|218\/319 brn
|
|switch|p1a: Keldeo|Keldeo|322\/322
|
|-damage|p2a: Landorus-Therian|179\/319 brn|[from] brn
|turn|11
|
|move|p2a: Landorus-Therian|U-turn|p1a: Keldeo
|-resisted|p1a: Keldeo
|-damage|p1a: Keldeo|295\/322
|
|switch|p2a: Ferrothorn|Ferrothorn, M|351\/351
|move|p1a: Keldeo|Icy Wind|p2a: Ferrothorn
|-damage|p2a: Ferrothorn|276\/351
|-unboost|p2a: Ferrothorn|spe|1
|
|-heal|p2a: Ferrothorn|297\/351|[from] item: Leftovers
|turn|12
|
|switch|p1a: Magnezone|Magnezone|324\/324
|switch|p2a: Greninja|Greninja, M|257\/285
|
|turn|13
|
|move|p2a: Greninja|Hidden Power|p1a: Magnezone
|-start|p2a: Greninja|typechange|Fire|[from] Protean
|-supereffective|p1a: Magnezone
|-damage|p1a: Magnezone|64\/324
|-damage|p2a: Greninja|229\/285|[from] item: Life Orb
|move|p1a: Magnezone|Volt Switch|p2a: Greninja
|-damage|p2a: Greninja|0 fnt
|faint|p2a: Greninja
|
|switch|p1a: Keldeo|Keldeo|295\/322
|
|
|switch|p2a: Metagross|Metagross|301\/301
|turn|14
|
|detailschange|p2a: Metagross|Metagross-Mega
|message|Metagross has Mega Evolved into Mega Metagross!
|move|p1a: Keldeo|Hydro Pump|p2a: Metagross
|-damage|p2a: Metagross|12\/301
|move|p2a: Metagross|Zen Headbutt|p1a: Keldeo
|-supereffective|p1a: Keldeo
|-damage|p1a: Keldeo|0 fnt
|faint|p1a: Keldeo
|
|
|switch|p1a: Landorus-Therian|Landorus-Therian, M|382\/382
|-ability|p1a: Landorus-Therian|Intimidate|[of] p2a: Metagross
|-unboost|p2a: Metagross|atk|1
|turn|15
|
|move|p2a: Metagross|Ice Punch|p1a: Landorus-Therian
|-supereffective|p1a: Landorus-Therian
|-damage|p1a: Landorus-Therian|90\/382
|move|p1a: Landorus-Therian|U-turn|p2a: Metagross
|-damage|p2a: Metagross|0 fnt
|faint|p2a: Metagross
|
|switch|p1a: Excadrill|Excadrill, M|391\/391
|-ability|p1a: Excadrill|Mold Breaker
|
|
|switch|p2a: Ferrothorn|Ferrothorn, M|297\/351
|turn|16
|
|move|p1a: Excadrill|Earthquake|p2a: Ferrothorn
|-damage|p2a: Ferrothorn|177\/351
|move|p2a: Ferrothorn|Leech Seed|p1a: Excadrill
|-start|p1a: Excadrill|move: Leech Seed
|
|-heal|p2a: Ferrothorn|198\/351|[from] item: Leftovers
|-damage|p1a: Excadrill|343\/391|[from] Leech Seed|[of] p2a: Ferrothorn
|-heal|p2a: Ferrothorn|246\/351|[silent]
|turn|17
|
|switch|p1a: Magnezone|Magnezone|64\/324
|switch|p2a: Landorus-Therian|Landorus-Therian, M|179\/319 brn
|-ability|p2a: Landorus-Therian|Intimidate|[of] p1a: Magnezone
|-unboost|p1a: Magnezone|atk|1
|
|-damage|p2a: Landorus-Therian|140\/319 brn|[from] brn
|turn|18
|
|switch|p1a: Landorus-Therian|Landorus-Therian, M|90\/382
|-ability|p1a: Landorus-Therian|Intimidate|[of] p2a: Landorus-Therian
|-unboost|p2a: Landorus-Therian|atk|1
|move|p2a: Landorus-Therian|U-turn|p1a: Landorus-Therian
|-resisted|p1a: Landorus-Therian
|-damage|p1a: Landorus-Therian|78\/382
|
|switch|p2a: Rotom-Wash|Rotom-Wash|303\/303
|
|-heal|p1a: Landorus-Therian|101\/382|[from] item: Leftovers
|turn|19
|
|move|p2a: Rotom-Wash|Hydro Pump|p1a: Landorus-Therian
|-supereffective|p1a: Landorus-Therian
|-damage|p1a: Landorus-Therian|0 fnt
|faint|p1a: Landorus-Therian
|
|
|switch|p1a: Excadrill|Excadrill, M|343\/391
|-ability|p1a: Excadrill|Mold Breaker
|turn|20
|
|switch|p2a: Landorus-Therian|Landorus-Therian, M|140\/319 brn
|-ability|p2a: Landorus-Therian|Intimidate|[of] p1a: Excadrill
|-unboost|p1a: Excadrill|atk|1
|move|p1a: Excadrill|Earthquake|p2a: Landorus-Therian
|-immune|p2a: Landorus-Therian|[msg]
|
|-damage|p2a: Landorus-Therian|101\/319 brn|[from] brn
|turn|21
|
|switch|p1a: Magnezone|Magnezone|64\/324
|move|p2a: Landorus-Therian|Earthquake|p1a: Magnezone
|-supereffective|p1a: Magnezone
|-damage|p1a: Magnezone|0 fnt
|faint|p1a: Magnezone
|
|-damage|p2a: Landorus-Therian|62\/319 brn|[from] brn
|
|switch|p1a: Excadrill|Excadrill, M|343\/391
|-ability|p1a: Excadrill|Mold Breaker
|turn|22
|
|move|p2a: Landorus-Therian|Earthquake|p1a: Excadrill
|-supereffective|p1a: Excadrill
|-damage|p1a: Excadrill|47\/391
|move|p1a: Excadrill|Iron Head|p2a: Landorus-Therian
|-damage|p2a: Landorus-Therian|0 fnt
|faint|p2a: Landorus-Therian
|
|
|switch|p2a: Ferrothorn|Ferrothorn, M|246\/351
|turn|23
|
|switch|p1a: Beedrill|Beedrill-Mega, M|271\/271
|move|p2a: Ferrothorn|Leech Seed|p1a: Beedrill
|-start|p1a: Beedrill|move: Leech Seed
|
|-heal|p2a: Ferrothorn|267\/351|[from] item: Leftovers
|-damage|p1a: Beedrill|238\/271|[from] Leech Seed|[of] p2a: Ferrothorn
|-heal|p2a: Ferrothorn|300\/351|[silent]
|turn|24
|
|move|p1a: Beedrill|U-turn|p2a: Ferrothorn
|-damage|p2a: Ferrothorn|166\/351
|-damage|p1a: Beedrill|205\/271|[from] ability: Iron Barbs|[of] p2a: Ferrothorn
|
|switch|p1a: Excadrill|Excadrill, M|47\/391
|-ability|p1a: Excadrill|Mold Breaker
|move|p2a: Ferrothorn|Leech Seed|p1a: Excadrill
|-start|p1a: Excadrill|move: Leech Seed
|
|-heal|p2a: Ferrothorn|187\/351|[from] item: Leftovers
|-damage|p1a: Excadrill|0 fnt|[from] Leech Seed|[of] p2a: Ferrothorn
|-heal|p2a: Ferrothorn|234\/351|[silent]
|faint|p1a: Excadrill
|
|switch|p1a: Beedrill|Beedrill-Mega, M|205\/271
|turn|25
|
|move|p1a: Beedrill|U-turn|p2a: Ferrothorn
|-damage|p2a: Ferrothorn|108\/351
|-damage|p1a: Beedrill|172\/271|[from] ability: Iron Barbs|[of] p2a: Ferrothorn
|move|p2a: Ferrothorn|Gyro Ball|p1a: Beedrill
|-damage|p1a: Beedrill|0 fnt
|faint|p1a: Beedrill
|
|win|fatbulk
|raw|Ladder updating...
|raw|DumberThanSlowpoke's rating: 1410 &rarr; <strong>1386<\/strong><br \/>(-24 for losing)
|raw|fatbulk's rating: 1331 &rarr; <strong>1356<\/strong><br \/>(+25 for winning)
|c|âfatbulk|gg
|c|âDumberThanSlowpoke|gg
|leave|DumberThanSlowpoke
|player|p1