|join|DumberThanSlowpoke
|join|horrificiawfulblee
|player|p1|DumberThanSlowpoke|168
|player|p2|horrificiawfulblee|194
|gametype|singles
|gen|6
|tier|ORAS OU
|rated
|rule|Sleep Clause Mod: Limit one foe put to sleep
|rule|Species Clause: Limit one of each PokÃ©mon
|rule|OHKO Clause: OHKO moves are banned
|rule|Moody Clause: Moody is banned
|rule|Evasion Moves Clause: Evasion moves are banned
|rule|Endless Battle Clause: Forcing endless battles is banned
|rule|HP Percentage Mod: HP is shown in percentages
|clearpoke
|poke|p1|Lopunny, M
|poke|p1|Ferrothorn, F
|poke|p1|Sylveon, F
|poke|p1|Rotom-Wash
|poke|p1|Landorus, M
|poke|p1|Latios, M
|poke|p2|Talonflame, M, shiny
|poke|p2|Landorus-Therian, M, shiny
|poke|p2|Empoleon, M, shiny
|poke|p2|Glalie, M, shiny
|poke|p2|Trevenant, M, shiny
|poke|p2|Gardevoir, F
|rule|Swagger Clause: Swagger is banned
|rule|Baton Pass Clause: Limit one PokÃ©mon knowing Baton Pass
|teampreview
|
|start
|switch|p1a: Lopunny|Lopunny, M|272\/272
|switch|p2a: Landorus-Therian|Landorus-Therian, M, shiny|381\/381
|-ability|p2a: Landorus-Therian|Intimidate|[of] p1a: Lopunny
|-unboost|p1a: Lopunny|atk|1
|turn|1
|
|detailschange|p1a: Lopunny|Lopunny-Mega, M
|message|Lopunny has Mega Evolved into Mega Lopunny!
|move|p1a: Lopunny|Fake Out|p2a: Landorus-Therian
|-crit|p2a: Landorus-Therian
|-damage|p2a: Landorus-Therian|296\/381
|cant|p2a: Landorus-Therian|flinch
|
|-heal|p2a: Landorus-Therian|319\/381|[from] item: Leftovers
|turn|2
|
|switch|p1a: Landorus|Landorus, M|319\/319
|move|p2a: Landorus-Therian|Stealth Rock|p1a: Landorus
|-sidestart|p1: DumberThanSlowpoke|move: Stealth Rock
|
|-heal|p2a: Landorus-Therian|342\/381|[from] item: Leftovers
|turn|3
|join|Meta McStandard
|
|switch|p2a: Trevenant|Trevenant, M, shiny|374\/374
|move|p1a: Landorus|Psychic|p2a: Trevenant
|-damage|p2a: Trevenant|232\/374
|
|-heal|p2a: Trevenant|255\/374|[from] item: Leftovers
|turn|4
|
|move|p1a: Landorus|Knock Off|p2a: Trevenant
|-supereffective|p2a: Trevenant
|-damage|p2a: Trevenant|0 fnt
|-enditem|p2a: Trevenant|Leftovers|[from] move: Knock Off|[of] p1a: Landorus
|-damage|p1a: Landorus|288\/319|[from] item: Life Orb
|faint|p2a: Trevenant
|
|
|switch|p2a: Gardevoir|Gardevoir, F|277\/277
|-ability|p2a: Gardevoir|Sheer Force|[from] ability: Trace|[of] p1a: Landorus
|turn|5
|
|move|p2a: Gardevoir|Moonblast|p1a: Landorus
|-damage|p1a: Landorus|0 fnt
|faint|p1a: Landorus
|
|
|switch|p1a: Ferrothorn|Ferrothorn, F|352\/352
|-damage|p1a: Ferrothorn|330\/352|[from] Stealth Rock
|turn|6
|
|switch|p2a: Landorus-Therian|Landorus-Therian, M, shiny|342\/381
|-ability|p2a: Landorus-Therian|Intimidate|[of] p1a: Ferrothorn
|-unboost|p1a: Ferrothorn|atk|1
|move|p1a: Ferrothorn|Gyro Ball|p2a: Landorus-Therian
|-damage|p2a: Landorus-Therian|260\/381
|
|-heal|p2a: Landorus-Therian|283\/381|[from] item: Leftovers
|-heal|p1a: Ferrothorn|352\/352|[from] item: Leftovers
|turn|7
|
|switch|p2a: Talonflame|Talonflame, M, shiny|297\/297
|move|p1a: Ferrothorn|Leech Seed|p2a: Talonflame
|-start|p2a: Talonflame|move: Leech Seed
|
|-damage|p2a: Talonflame|260\/297|[from] Leech Seed|[of] p1a: Ferrothorn
|turn|8
|
|switch|p1a: Rotom-Wash|Rotom-Wash|304\/304
|-damage|p1a: Rotom-Wash|266\/304|[from] Stealth Rock
|move|p2a: Talonflame|Flare Blitz|p1a: Rotom-Wash
|-resisted|p1a: Rotom-Wash
|-damage|p1a: Rotom-Wash|209\/304
|-damage|p2a: Talonflame|241\/297|[from] recoil|[of] p1a: Rotom-Wash
|
|-heal|p1a: Rotom-Wash|228\/304|[from] item: Leftovers
|-damage|p2a: Talonflame|204\/297|[from] Leech Seed|[of] p1a: Rotom-Wash
|-heal|p1a: Rotom-Wash|265\/304|[silent]
|turn|9
|
|move|p2a: Talonflame|U-turn|p1a: Rotom-Wash
|-damage|p1a: Rotom-Wash|218\/304
|
|switch|p2a: Gardevoir|Gardevoir, F|277\/277
|-ability|p2a: Gardevoir|Levitate|[from] ability: Trace|[of] p1a: Rotom-Wash
|move|p1a: Rotom-Wash|Volt Switch|p2a: Gardevoir
|-damage|p2a: Gardevoir|205\/277
|
|switch|p1a: Ferrothorn|Ferrothorn, F|352\/352
|-damage|p1a: Ferrothorn|330\/352|[from] Stealth Rock
|
|-heal|p1a: Ferrothorn|352\/352|[from] item: Leftovers
|turn|10
|
|move|p2a: Gardevoir|Focus Blast|p1a: Ferrothorn
|-supereffective|p1a: Ferrothorn
|-damage|p1a: Ferrothorn|152\/352
|-unboost|p1a: Ferrothorn|spd|1
|move|p1a: Ferrothorn|Gyro Ball|p2a: Gardevoir
|-supereffective|p2a: Gardevoir
|-damage|p2a: Gardevoir|0 fnt
|faint|p2a: Gardevoir
|
|-heal|p1a: Ferrothorn|174\/352|[from] item: Leftovers
|
|switch|p2a: Talonflame|Talonflame, M, shiny|204\/297
|turn|11
|
|switch|p1a: Rotom-Wash|Rotom-Wash|218\/304
|-damage|p1a: Rotom-Wash|180\/304|[from] Stealth Rock
|move|p2a: Talonflame|U-turn|p1a: Rotom-Wash
|-damage|p1a: Rotom-Wash|132\/304
|
|switch|p2a: Glalie|Glalie, M, shiny|301\/301
|
|-heal|p1a: Rotom-Wash|151\/304|[from] item: Leftovers
|turn|12
|
|switch|p1a: Sylveon|Sylveon, F|394\/394
|-damage|p1a: Sylveon|345\/394|[from] Stealth Rock
|detailschange|p2a: Glalie|Glalie-Mega, M, shiny
|message|Glalie has Mega Evolved into Mega Glalie!
|move|p2a: Glalie|Return|p1a: Sylveon
|-damage|p1a: Sylveon|95\/394
|
|-heal|p1a: Sylveon|119\/394|[from] item: Leftovers
|turn|13
|
|move|p2a: Glalie|Return|p1a: Sylveon
|-damage|p1a: Sylveon|0 fnt
|faint|p1a: Sylveon
|
|
|switch|p1a: Lopunny|Lopunny-Mega, M|272\/272
|-damage|p1a: Lopunny|255\/272|[from] Stealth Rock
|turn|14
|
|switch|p2a: Landorus-Therian|Landorus-Therian, M, shiny|283\/381
|-ability|p2a: Landorus-Therian|Intimidate|[of] p1a: Lopunny
|-unboost|p1a: Lopunny|atk|1
|move|p1a: Lopunny|Fake Out|p2a: Landorus-Therian
|-damage|p2a: Landorus-Therian|241\/381
|
|-heal|p2a: Landorus-Therian|264\/381|[from] item: Leftovers
|turn|15
|
|switch|p1a: Rotom-Wash|Rotom-Wash|151\/304
|-damage|p1a: Rotom-Wash|113\/304|[from] Stealth Rock
|move|p2a: Landorus-Therian|U-turn|p1a: Rotom-Wash
|-damage|p1a: Rotom-Wash|58\/304
|
|switch|p2a: Talonflame|Talonflame, M, shiny|204\/297
|
|-heal|p1a: Rotom-Wash|77\/304|[from] item: Leftovers
|turn|16
|
|move|p2a: Talonflame|Brave Bird|p1a: Rotom-Wash
|-resisted|p1a: Rotom-Wash
|-damage|p1a: Rotom-Wash|5\/304
|-damage|p2a: Talonflame|180\/297|[from] recoil|[of] p1a: Rotom-Wash
|move|p1a: Rotom-Wash|Hydro Pump|p2a: Talonflame
|-supereffective|p2a: Talonflame
|-damage|p2a: Talonflame|0 fnt
|faint|p2a: Talonflame
|
|-heal|p1a: Rotom-Wash|24\/304|[from] item: Leftovers
|
|switch|p2a: Landorus-Therian|Landorus-Therian, M, shiny|264\/381
|-ability|p2a: Landorus-Therian|Intimidate|[of] p1a: Rotom-Wash
|-unboost|p1a: Rotom-Wash|atk|1
|turn|17
|
|move|p2a: Landorus-Therian|U-turn|p1a: Rotom-Wash
|-damage|p1a: Rotom-Wash|0 fnt
|faint|p1a: Rotom-Wash
|
|switch|p2a: Empoleon|Empoleon, M, shiny|372\/372
|
|
|switch|p1a: Lopunny|Lopunny-Mega, M|255\/272
|-damage|p1a: Lopunny|238\/272|[from] Stealth Rock
|turn|18
|
|switch|p2a: Landorus-Therian|Landorus-Therian, M, shiny|264\/381
|-ability|p2a: Landorus-Therian|Intimidate|[of] p1a: Lopunny
|-unboost|p1a: Lopunny|atk|1
|move|p1a: Lopunny|Fake Out|p2a: Landorus-Therian
|-damage|p2a: Landorus-Therian|225\/381
|
|-heal|p2a: Landorus-Therian|248\/381|[from] item: Leftovers
|turn|19
|
|switch|p1a: Ferrothorn|Ferrothorn, F|174\/352
|-damage|p1a: Ferrothorn|152\/352|[from] Stealth Rock
|move|p2a: Landorus-Therian|U-turn|p1a: Ferrothorn
|-damage|p1a: Ferrothorn|104\/352
|-damage|p2a: Landorus-Therian|201\/381|[from] ability: Iron Barbs|[of] p1a: Ferrothorn
|
|switch|p2a: Glalie|Glalie-Mega, M, shiny|301\/301
|
|-heal|p1a: Ferrothorn|126\/352|[from] item: Leftovers
|turn|20
|
|move|p2a: Glalie|Return|p1a: Ferrothorn
|-damage|p1a: Ferrothorn|0 fnt
|-damage|p2a: Glalie|264\/301|[from] ability: Iron Barbs|[of] p1a: Ferrothorn
|faint|p1a: Ferrothorn
|
|
|switch|p1a: Lopunny|Lopunny-Mega, M|238\/272
|-damage|p1a: Lopunny|221\/272|[from] Stealth Rock
|turn|21
|
|switch|p2a: Landorus-Therian|Landorus-Therian, M, shiny|201\/381
|-ability|p2a: Landorus-Therian|Intimidate|[of] p1a: Lopunny
|-unboost|p1a: Lopunny|atk|1
|move|p1a: Lopunny|Sky Uppercut|p2a: Landorus-Therian
|-resisted|p2a: Landorus-Therian
|-damage|p2a: Landorus-Therian|161\/381
|
|-heal|p2a: Landorus-Therian|184\/381|[from] item: Leftovers
|turn|22
|
|move|p1a: Lopunny|Power-Up Punch|p2a: Landorus-Therian
|-resisted|p2a: Landorus-Therian
|-damage|p2a: Landorus-Therian|165\/381
|-boost|p1a: Lopunny|atk|1
|move|p2a: Landorus-Therian|U-turn|p1a: Lopunny
|-resisted|p1a: Lopunny
|-damage|p1a: Lopunny|178\/272
|
|switch|p2a: Empoleon|Empoleon, M, shiny|372\/372
|
|turn|23
|
|move|p1a: Lopunny|Sky Uppercut|p2a: Empoleon
|-supereffective|p2a: Empoleon
|-damage|p2a: Empoleon|48\/372
|move|p2a: Empoleon|Scald|p1a: Lopunny
|-damage|p1a: Lopunny|7\/272
|-status|p1a: Lopunny|brn
|
|-heal|p2a: Empoleon|71\/372|[from] item: Leftovers
|-damage|p1a: Lopunny|0 fnt|[from] brn
|faint|p1a: Lopunny
|
|switch|p1a: Latios|Latios, M|302\/302
|-damage|p1a: Latios|265\/302|[from] Stealth Rock
|turn|24
|
|move|p1a: Latios|Hidden Power|p2a: Empoleon
|-supereffective|p2a: Empoleon
|-damage|p2a: Empoleon|0 fnt
|-damage|p1a: Latios|235\/302|[from] item: Life Orb
|faint|p2a: Empoleon
|
|
|switch|p2a: Landorus-Therian|Landorus-Therian, M, shiny|165\/381
|-ability|p2a: Landorus-Therian|Intimidate|[of] p1a: Latios
|-unboost|p1a: Latios|atk|1
|turn|25
|
|move|p1a: Latios|Psyshock|p2a: Landorus-Therian
|-damage|p2a: Landorus-Therian|16\/381
|-damage|p1a: Latios|205\/302|[from] item: Life Orb
|move|p2a: Landorus-Therian|U-turn|p1a: Latios
|-supereffective|p1a: Latios
|-damage|p1a: Latios|29\/302
|
|switch|p2a: Glalie|Glalie-Mega, M, shiny|264\/301
|
|turn|26
|
|move|p2a: Glalie|Ice Shard|p1a: Latios
|-supereffective|p1a: Latios
|-damage|p1a: Latios|0 fnt
|faint|p1a: Latios
|
|win|horrificiawfulblee
|raw|Ladder updating...
|c|âhorrificiawfulblee|gg
|raw|DumberThanSlowpoke's rating: 1059 &rarr; <strong>1044<\/strong><br \/>(-15 for losing)
|raw|horrificiawfulblee's rating: 1124 &rarr; <strong>1145<\/strong><br \/>(+21 for winning)
|leave|Meta McStandard