|join|man sgt
|join|DumberThanSlowpoke
|player|p1|man sgt|156
|player|p2|DumberThanSlowpoke|168
|gametype|singles
|gen|6
|tier|OU
|rated
|clearpoke
|poke|p1|Bisharp, F, shiny
|poke|p1|Scizor, F
|poke|p1|Latios, M
|poke|p1|Terrakion
|poke|p1|Landorus-Therian, M
|poke|p1|Greninja, M, shiny
|poke|p2|Klefki, M
|poke|p2|Scolipede, F
|poke|p2|Heracross, F
|poke|p2|Landorus, M
|poke|p2|Excadrill, F
|poke|p2|Rotom-Wash
|rule|Swagger Clause: Swagger is banned
|rule|Baton Pass Clause: Limit one PokÃ©mon knowing Baton Pass
|rule|Sleep Clause Mod: Limit one foe put to sleep
|rule|Species Clause: Limit one of each PokÃ©mon
|rule|OHKO Clause: OHKO moves are banned
|rule|Moody Clause: Moody is banned
|rule|Evasion Moves Clause: Evasion moves are banned
|rule|Endless Battle Clause: Forcing endless battles is banned
|rule|HP Percentage Mod: HP is shown in percentages
|teampreview
|
|start
|switch|p1a: Landorus-Therian|Landorus-Therian, M|320\/320
|switch|p2a: Klefki|Klefki, M|318\/318
|-ability|p1a: Landorus-Therian|Intimidate|[of] p2a: Klefki
|-unboost|p2a: Klefki|atk|1
|turn|1
|
|move|p2a: Klefki|Reflect|p2a: Klefki
|-sidestart|p2: DumberThanSlowpoke|Reflect
|move|p1a: Landorus-Therian|U-turn|p2a: Klefki
|-resisted|p2a: Klefki
|-damage|p2a: Klefki|308\/318
|
|switch|p1a: Scizor|Scizor, F|316\/316
|
|turn|2
|
|detailschange|p1a: Scizor|Scizor-Mega, F
|message|Scizor has Mega Evolved into Mega Scizor!
|move|p2a: Klefki|Light Screen|p2a: Klefki
|-sidestart|p2: DumberThanSlowpoke|move: Light Screen
|move|p1a: Scizor|Swords Dance|p1a: Scizor
|-boost|p1a: Scizor|atk|2
|
|turn|3
|
|switch|p2a: Rotom-Wash|Rotom-Wash|304\/304
|move|p1a: Scizor|Bug Bite|p2a: Rotom-Wash
|-damage|p2a: Rotom-Wash|154\/304
|
|-heal|p2a: Rotom-Wash|173\/304|[from] item: Leftovers
|turn|4
|
|switch|p1a: Latios|Latios, M|302\/302
|move|p2a: Rotom-Wash|Will-O-Wisp|p1a: Latios|[miss]
|-miss|p2a: Rotom-Wash|p1a: Latios
|
|-heal|p2a: Rotom-Wash|192\/304|[from] item: Leftovers
|turn|5
|
|move|p1a: Latios|Psyshock|p2a: Rotom-Wash
|-damage|p2a: Rotom-Wash|127\/304
|-damage|p1a: Latios|272\/302|[from] item: Life Orb
|move|p2a: Rotom-Wash|Volt Switch|p1a: Latios
|-resisted|p1a: Latios
|-damage|p1a: Latios|229\/302
|
|switch|p2a: Scolipede|Scolipede, F|323\/323
|
|turn|6
|
|move|p2a: Scolipede|Protect|p2a: Scolipede
|-singleturn|p2a: Scolipede|Protect
|move|p1a: Latios|Roost|p1a: Latios
|-heal|p1a: Latios|302\/302
|
|-boost|p2a: Scolipede|spe|1|[from] ability: Speed Boost
|turn|7
|
|move|p2a: Scolipede|Substitute|p2a: Scolipede
|-start|p2a: Scolipede|Substitute
|-damage|p2a: Scolipede|243\/323
|move|p1a: Latios|Psyshock|p2a: Scolipede
|-supereffective|p2a: Scolipede
|-end|p2a: Scolipede|Substitute
|-damage|p1a: Latios|272\/302|[from] item: Life Orb
|
|-boost|p2a: Scolipede|spe|1|[from] ability: Speed Boost
|turn|8
|
|move|p2a: Scolipede|Baton Pass|p2a: Scolipede
|
|switch|p2a: Excadrill|Excadrill, F|361\/361
|-ability|p2a: Excadrill|Mold Breaker
|move|p1a: Latios|Psyshock|p2a: Excadrill
|-resisted|p2a: Excadrill
|-damage|p2a: Excadrill|286\/361
|-damage|p1a: Latios|242\/302|[from] item: Life Orb
|
|-sideend|p2: DumberThanSlowpoke|Reflect
|turn|9
|
|switch|p1a: Landorus-Therian|Landorus-Therian, M|320\/320
|-ability|p1a: Landorus-Therian|Intimidate|[of] p2a: Excadrill
|-unboost|p2a: Excadrill|atk|1
|move|p2a: Excadrill|Swords Dance|p2a: Excadrill
|-boost|p2a: Excadrill|atk|2
|
|-sideend|p2: DumberThanSlowpoke|move: Light Screen
|turn|10
|
|move|p2a: Excadrill|Iron Head|p1a: Landorus-Therian
|-damage|p1a: Landorus-Therian|0 fnt
|-damage|p2a: Excadrill|250\/361|[from] item: Life Orb
|faint|p1a: Landorus-Therian
|
|
|switch|p1a: Bisharp|Bisharp, F, shiny|272\/272
|turn|11
|
|move|p1a: Bisharp|Sucker Punch|p2a: Excadrill
|-damage|p2a: Excadrill|0 fnt
|-damage|p1a: Bisharp|245\/272|[from] item: Life Orb
|faint|p2a: Excadrill
|
|
|switch|p2a: Scolipede|Scolipede, F|243\/323
|turn|12
|
|move|p2a: Scolipede|Substitute|p2a: Scolipede
|-start|p2a: Scolipede|Substitute
|-damage|p2a: Scolipede|163\/323
|move|p1a: Bisharp|Knock Off|p2a: Scolipede
|-end|p2a: Scolipede|Substitute
|-damage|p1a: Bisharp|218\/272|[from] item: Life Orb
|
|-boost|p2a: Scolipede|spe|1|[from] ability: Speed Boost
|turn|13
|
|move|p2a: Scolipede|Protect|p2a: Scolipede
|-singleturn|p2a: Scolipede|Protect
|move|p1a: Bisharp|Iron Head|p2a: Scolipede
|-activate|p2a: Scolipede|Protect
|
|-boost|p2a: Scolipede|spe|1|[from] ability: Speed Boost
|turn|14
|
|move|p2a: Scolipede|Baton Pass|p2a: Scolipede
|
|switch|p2a: Heracross|Heracross, F|308\/308
|move|p1a: Bisharp|Iron Head|p2a: Heracross
|-damage|p2a: Heracross|90\/308
|-damage|p1a: Bisharp|191\/272|[from] item: Life Orb
|
|turn|15
|
|detailschange|p2a: Heracross|Heracross-Mega, F
|message|Heracross has Mega Evolved into Mega Heracross!
|move|p1a: Bisharp|Sucker Punch|p2a: Heracross
|-resisted|p2a: Heracross
|-damage|p2a: Heracross|3\/308
|-damage|p1a: Bisharp|164\/272|[from] item: Life Orb
|move|p2a: Heracross|Close Combat|p1a: Bisharp
|-supereffective|p1a: Bisharp
|-damage|p1a: Bisharp|0 fnt
|-unboost|p2a: Heracross|def|1
|-unboost|p2a: Heracross|spd|1
|faint|p1a: Bisharp
|
|
|switch|p1a: Scizor|Scizor-Mega, F|316\/316
|turn|16
|
|move|p1a: Scizor|Bullet Punch|p2a: Heracross
|-damage|p2a: Heracross|0 fnt
|faint|p2a: Heracross
|
|
|switch|p2a: Rotom-Wash|Rotom-Wash|127\/304
|turn|17
|
|switch|p1a: Latios|Latios, M|242\/302
|move|p2a: Rotom-Wash|Will-O-Wisp|p1a: Latios
|-status|p1a: Latios|brn
|
|-heal|p2a: Rotom-Wash|146\/304|[from] item: Leftovers
|-damage|p1a: Latios|205\/302 brn|[from] brn
|turn|18
|
|switch|p2a: Klefki|Klefki, M|308\/318
|move|p1a: Latios|Psyshock|p2a: Klefki
|-resisted|p2a: Klefki
|-damage|p2a: Klefki|222\/318
|-damage|p1a: Latios|175\/302 brn|[from] item: Life Orb
|
|-damage|p1a: Latios|138\/302 brn|[from] brn
|turn|19
|
|move|p2a: Klefki|Light Screen|p2a: Klefki
|-sidestart|p2: DumberThanSlowpoke|move: Light Screen
|move|p1a: Latios|Roost|p1a: Latios
|-heal|p1a: Latios|289\/302 brn
|
|-damage|p1a: Latios|252\/302 brn|[from] brn
|turn|20
|
|switch|p1a: Greninja|Greninja, M, shiny|286\/286
|move|p2a: Klefki|Reflect|p2a: Klefki
|-sidestart|p2: DumberThanSlowpoke|Reflect
|
|turn|21
|
|move|p2a: Klefki|Spikes|p1a: Greninja
|-sidestart|p1: man sgt|Spikes
|move|p1a: Greninja|Spikes|p2a: Klefki
|-start|p1a: Greninja|typechange|Ground|[from] Protean
|-sidestart|p2: DumberThanSlowpoke|Spikes
|
|turn|22
|
|switch|p2a: Scolipede|Scolipede, F|163\/323
|-damage|p2a: Scolipede|123\/323|[from] Spikes
|move|p1a: Greninja|Ice Beam|p2a: Scolipede
|-start|p1a: Greninja|typechange|Ice|[from] Protean
|-damage|p2a: Scolipede|10\/323
|-damage|p1a: Greninja|258\/286|[from] item: Life Orb
|
|turn|23
|
|move|p2a: Scolipede|Protect|p2a: Scolipede
|-singleturn|p2a: Scolipede|Protect
|move|p1a: Greninja|Spikes|p2a: Scolipede
|-start|p1a: Greninja|typechange|Ground|[from] Protean
|-sidestart|p2: DumberThanSlowpoke|Spikes
|
|-boost|p2a: Scolipede|spe|1|[from] ability: Speed Boost
|turn|24
|
|move|p2a: Scolipede|Baton Pass|p2a: Scolipede
|
|switch|p2a: Landorus|Landorus, M|319\/319
|move|p1a: Greninja|Ice Beam|p2a: Landorus
|-start|p1a: Greninja|typechange|Ice|[from] Protean
|-supereffective|p2a: Landorus
|-damage|p2a: Landorus|0 fnt
|-damage|p1a: Greninja|230\/286|[from] item: Life Orb
|faint|p2a: Landorus
|
|-message|DumberThanSlowpoke forfeited.
|
|win|man sgt
|raw|Ladder updating...
|leave|DumberThanSlowpoke
|player|p2
|raw|man sgt's rating: 1505 &rarr; <strong>1521<\/strong><br \/>(+16 for winning)
|raw|DumberThanSlowpoke's rating: 1443 &rarr; <strong>1426<\/strong><br \/>(-17 for losing)