|join|MasterTroll
|join|DumberThanSlowpoke
|player|p1|MasterTroll|15
|player|p2|DumberThanSlowpoke|168
|gametype|singles
|gen|6
|tier|OU
|rated
|clearpoke
|poke|p1|Talonflame, F
|poke|p1|Dugtrio, M
|poke|p1|Pinsir, F
|poke|p1|Rotom-Wash
|poke|p1|Greninja, F
|poke|p1|Excadrill, M
|poke|p2|Terrakion
|poke|p2|Alakazam, M
|poke|p2|Bisharp, F
|poke|p2|Gengar, M
|poke|p2|Azumarill, F
|poke|p2|Garchomp, M
|rule|Swagger Clause: Swagger is banned
|rule|Baton Pass Clause: Limit one PokÃ©mon knowing Baton Pass
|rule|Sleep Clause Mod: Limit one foe put to sleep
|rule|Species Clause: Limit one of each PokÃ©mon
|rule|OHKO Clause: OHKO moves are banned
|rule|Moody Clause: Moody is banned
|rule|Evasion Moves Clause: Evasion moves are banned
|rule|Endless Battle Clause: Forcing endless battles is banned
|rule|HP Percentage Mod: HP is shown in percentages
|teampreview
|
|start
|switch|p1a: Rotom-Wash|Rotom-Wash|241\/241
|switch|p2a: Terrakion|Terrakion|323\/323
|turn|1
|
|move|p1a: Rotom-Wash|Volt Switch|p2a: Terrakion
|-damage|p2a: Terrakion|209\/323
|
|switch|p1a: Dugtrio|Dugtrio, M|212\/212
|move|p2a: Terrakion|Taunt|p1a: Dugtrio
|-start|p1a: Dugtrio|move: Taunt
|
|turn|2
|
|move|p1a: Dugtrio|Earthquake|p2a: Terrakion
|-supereffective|p2a: Terrakion
|-damage|p2a: Terrakion|0 fnt
|faint|p2a: Terrakion
|
|
|switch|p2a: Gengar|Gengar, M|261\/261
|turn|3
|
|switch|p1a: Rotom-Wash|Rotom-Wash|241\/241
|move|p2a: Gengar|Substitute|p2a: Gengar
|-start|p2a: Gengar|Substitute
|-damage|p2a: Gengar|196\/261
|
|turn|4
|
|move|p1a: Rotom-Wash|Volt Switch|p2a: Gengar
|-crit|p2a: Gengar
|-end|p2a: Gengar|Substitute
|
|switch|p1a: Talonflame|Talonflame, F|359\/359
|move|p2a: Gengar|Shadow Ball|p1a: Talonflame
|-damage|p1a: Talonflame|178\/359
|-unboost|p1a: Talonflame|spd|1
|-damage|p2a: Gengar|170\/261|[from] item: Life Orb
|
|-heal|p1a: Talonflame|200\/359|[from] item: Leftovers
|turn|5
|
|switch|p2a: Garchomp|Garchomp, M|357\/357
|move|p1a: Talonflame|Brave Bird|p2a: Garchomp
|-damage|p2a: Garchomp|230\/357
|-damage|p1a: Talonflame|156\/359|[from] ability: Rough Skin|[of] p2a: Garchomp
|-damage|p1a: Talonflame|114\/359|[from] recoil|[of] p2a: Garchomp
|
|-heal|p1a: Talonflame|136\/359|[from] item: Leftovers
|turn|6
|
|detailschange|p2a: Garchomp|Garchomp-Mega, M
|message|Garchomp has Mega Evolved into Mega Garchomp!
|move|p2a: Garchomp|Stone Edge|p1a: Talonflame
|-supereffective|p1a: Talonflame
|-damage|p1a: Talonflame|0 fnt
|faint|p1a: Talonflame
|
|
|switch|p1a: Dugtrio|Dugtrio, M|212\/212
|turn|7
|
|move|p1a: Dugtrio|Earthquake|p2a: Garchomp
|-damage|p2a: Garchomp|107\/357
|move|p2a: Garchomp|Earthquake|p1a: Dugtrio
|-enditem|p1a: Dugtrio|Focus Sash
|-damage|p1a: Dugtrio|1\/212
|
|turn|8
|
|move|p1a: Dugtrio|Earthquake|p2a: Garchomp
|-damage|p2a: Garchomp|0 fnt
|faint|p2a: Garchomp
|
|
|switch|p2a: Azumarill|Azumarill, F|363\/363
|turn|9
|
|move|p2a: Azumarill|Aqua Jet|p1a: Dugtrio
|-supereffective|p1a: Dugtrio
|-damage|p1a: Dugtrio|0 fnt
|faint|p1a: Dugtrio
|
|
|switch|p1a: Rotom-Wash|Rotom-Wash|241\/241
|turn|10
|
|switch|p2a: Gengar|Gengar, M|170\/261
|move|p1a: Rotom-Wash|Volt Switch|p2a: Gengar
|-damage|p2a: Gengar|38\/261
|
|switch|p1a: Pinsir|Pinsir, F|271\/271
|-ability|p1a: Pinsir|Mold Breaker
|
|turn|11
|
|detailschange|p1a: Pinsir|Pinsir-Mega, F
|message|Pinsir has Mega Evolved into Mega Pinsir!
|move|p1a: Pinsir|Quick Attack|p2a: Gengar
|-damage|p2a: Gengar|0 fnt
|faint|p2a: Gengar
|
|
|switch|p2a: Azumarill|Azumarill, F|363\/363
|turn|12
|
|move|p1a: Pinsir|Return|p2a: Azumarill
|-damage|p2a: Azumarill|18\/363
|move|p2a: Azumarill|Play Rough|p1a: Pinsir
|-damage|p1a: Pinsir|28\/271
|
|turn|13
|
|switch|p2a: Bisharp|Bisharp, F|272\/272
|move|p1a: Pinsir|Quick Attack|p2a: Bisharp
|-resisted|p2a: Bisharp
|-damage|p2a: Bisharp|213\/272
|
|turn|14
|
|move|p2a: Bisharp|Sucker Punch|p1a: Pinsir
|-damage|p1a: Pinsir|0 fnt
|faint|p1a: Pinsir
|
|
|switch|p1a: Excadrill|Excadrill, M|424\/424
|-ability|p1a: Excadrill|Mold Breaker
|-item|p1a: Excadrill|Air Balloon
|turn|15
|
|move|p2a: Bisharp|Knock Off|p1a: Excadrill
|-damage|p1a: Excadrill|79\/424
|-enditem|p1a: Excadrill|Air Balloon
|move|p1a: Excadrill|Earthquake|p2a: Bisharp
|-supereffective|p2a: Bisharp
|-damage|p2a: Bisharp|0 fnt
|faint|p2a: Bisharp
|
|
|switch|p2a: Alakazam|Alakazam, M|251\/251
|turn|16
|
|move|p2a: Alakazam|Shadow Ball|p1a: Excadrill
|-damage|p1a: Excadrill|0 fnt
|faint|p1a: Excadrill
|
|
|switch|p1a: Greninja|Greninja, F|286\/286
|turn|17
|
|move|p1a: Greninja|Ice Beam|p2a: Alakazam
|-start|p1a: Greninja|typechange|Ice|[from] Protean
|-damage|p2a: Alakazam|55\/251
|-damage|p1a: Greninja|258\/286|[from] item: Life Orb
|move|p2a: Alakazam|Focus Blast|p1a: Greninja
|-supereffective|p1a: Greninja
|-damage|p1a: Greninja|0 fnt
|faint|p1a: Greninja
|
|c|âMasterTroll|gg
|
|switch|p1a: Rotom-Wash|Rotom-Wash|241\/241
|turn|18
|
|move|p1a: Rotom-Wash|Thunderbolt|p2a: Alakazam
|-damage|p2a: Alakazam|0 fnt
|faint|p2a: Alakazam
|
|
|switch|p2a: Azumarill|Azumarill, F|18\/363
|turn|19
|
|move|p1a: Rotom-Wash|Thunderbolt|p2a: Azumarill
|-supereffective|p2a: Azumarill
|-damage|p2a: Azumarill|0 fnt
|faint|p2a: Azumarill
|
|win|MasterTroll
|raw|Ladder updating...
|raw|MasterTroll's rating: 1705 &rarr; <strong>1720<\/strong><br \/>(+15 for winning)
|raw|DumberThanSlowpoke's rating: 1613 &rarr; <strong>1598<\/strong><br \/>(-15 for losing)
|c|âDumberThanSlowpoke|gg