|join|4bidden1
|join|DumberThanSlowpoke
|player|p1|4bidden1|150
|player|p2|DumberThanSlowpoke|168
|gametype|singles
|gen|6
|tier|OU
|rated
|clearpoke
|poke|p1|Ferrothorn, M
|poke|p1|Landorus-Therian, M
|poke|p1|Charizard, M
|poke|p1|Rotom-Wash
|poke|p1|Heatran, F
|poke|p1|Latios, M
|poke|p2|Magnezone
|poke|p2|Pinsir, F
|poke|p2|Diggersby, M
|poke|p2|Azumarill, F
|poke|p2|Latias, F
|poke|p2|Amoonguss, M
|rule|Swagger Clause: Swagger is banned
|rule|Baton Pass Clause: Limit one PokÃ©mon knowing Baton Pass
|rule|Sleep Clause Mod: Limit one foe put to sleep
|rule|Species Clause: Limit one of each PokÃ©mon
|rule|OHKO Clause: OHKO moves are banned
|rule|Moody Clause: Moody is banned
|rule|Evasion Moves Clause: Evasion moves are banned
|rule|Endless Battle Clause: Forcing endless battles is banned
|rule|HP Percentage Mod: HP is shown in percentages
|teampreview
|
|start
|switch|p1a: Charizard|Charizard, M|321\/321
|switch|p2a: Azumarill|Azumarill, F|401\/401
|turn|1
|
|switch|p1a: Ferrothorn|Ferrothorn, M|352\/352
|move|p2a: Azumarill|Waterfall|p1a: Ferrothorn
|-resisted|p1a: Ferrothorn
|-damage|p1a: Ferrothorn|289\/352
|-damage|p2a: Azumarill|351\/401|[from] ability: Iron Barbs|[of] p1a: Ferrothorn
|
|-heal|p1a: Ferrothorn|311\/352|[from] item: Leftovers
|turn|2
|
|switch|p2a: Magnezone|Magnezone|282\/282
|switch|p1a: Landorus-Therian|Landorus-Therian, M|328\/328
|-ability|p1a: Landorus-Therian|Intimidate|[of] p2a: Magnezone
|-unboost|p2a: Magnezone|atk|1
|
|turn|3
|
|switch|p2a: Amoonguss|Amoonguss, M|432\/432
|move|p1a: Landorus-Therian|U-turn|p2a: Amoonguss
|-damage|p2a: Amoonguss|350\/432
|
|switch|p1a: Charizard|Charizard, M|321\/321
|
|-heal|p2a: Amoonguss|377\/432|[from] item: Black Sludge
|turn|4
|
|switch|p2a: Azumarill|Azumarill, F|351\/401
|detailschange|p1a: Charizard|Charizard-Mega-X, M
|message|Charizard has Mega Evolved into Mega Charizard!
|move|p1a: Charizard|Flare Blitz|p2a: Azumarill
|-resisted|p2a: Azumarill
|-damage|p2a: Azumarill|175\/401
|-damage|p1a: Charizard|263\/321|[from] recoil|[of] p2a: Azumarill
|
|turn|5
|
|switch|p1a: Ferrothorn|Ferrothorn, M|311\/352
|move|p2a: Azumarill|Aqua Jet|p1a: Ferrothorn
|-resisted|p1a: Ferrothorn
|-damage|p1a: Ferrothorn|282\/352
|-damage|p2a: Azumarill|125\/401|[from] ability: Iron Barbs|[of] p1a: Ferrothorn
|
|-heal|p1a: Ferrothorn|304\/352|[from] item: Leftovers
|turn|6
|
|move|p2a: Azumarill|Knock Off|p1a: Ferrothorn
|-crit|p1a: Ferrothorn
|-damage|p1a: Ferrothorn|167\/352
|-damage|p2a: Azumarill|75\/401|[from] ability: Iron Barbs|[of] p1a: Ferrothorn
|-enditem|p1a: Ferrothorn|Leftovers|[from] move: Knock Off|[of] p2a: Azumarill
|move|p1a: Ferrothorn|Power Whip|p2a: Azumarill
|-supereffective|p2a: Azumarill
|-damage|p2a: Azumarill|0 fnt
|faint|p2a: Azumarill
|
|
|switch|p2a: Magnezone|Magnezone|282\/282
|turn|7
|
|move|p2a: Magnezone|Hidden Power|p1a: Ferrothorn
|-supereffective|p1a: Ferrothorn
|-damage|p1a: Ferrothorn|0 fnt
|faint|p1a: Ferrothorn
|
|
|switch|p1a: Charizard|Charizard-Mega-X, M|263\/321
|turn|8
|
|switch|p2a: Amoonguss|Amoonguss, M|432\/432
|move|p1a: Charizard|Dragon Dance|p1a: Charizard
|-boost|p1a: Charizard|atk|1
|-boost|p1a: Charizard|spe|1
|
|turn|9
|
|move|p1a: Charizard|Flare Blitz|p2a: Amoonguss
|-supereffective|p2a: Amoonguss
|-damage|p2a: Amoonguss|0 fnt
|-damage|p1a: Charizard|120\/321|[from] recoil|[of] p2a: Amoonguss
|faint|p2a: Amoonguss
|
|
|switch|p2a: Diggersby|Diggersby, M|312\/312
|turn|10
|
|move|p2a: Diggersby|Quick Attack|p1a: Charizard
|-damage|p1a: Charizard|2\/321
|-damage|p2a: Diggersby|281\/312|[from] item: Life Orb
|move|p1a: Charizard|Dragon Claw|p2a: Diggersby
|-damage|p2a: Diggersby|0 fnt
|faint|p2a: Diggersby
|
|
|switch|p2a: Pinsir|Pinsir, F|272\/272
|turn|11
|
|detailschange|p2a: Pinsir|Pinsir-Mega, F
|message|Pinsir has Mega Evolved into Mega Pinsir!
|move|p2a: Pinsir|Quick Attack|p1a: Charizard
|-damage|p1a: Charizard|0 fnt
|faint|p1a: Charizard
|
|
|switch|p1a: Rotom-Wash|Rotom-Wash|304\/304
|turn|12
|
|switch|p2a: Magnezone|Magnezone|282\/282
|move|p1a: Rotom-Wash|Will-O-Wisp|p2a: Magnezone|[miss]
|-miss|p1a: Rotom-Wash|p2a: Magnezone
|
|turn|13
|
|move|p2a: Magnezone|Thunderbolt|p1a: Rotom-Wash
|-damage|p1a: Rotom-Wash|165\/304
|move|p1a: Rotom-Wash|Will-O-Wisp|p2a: Magnezone
|-status|p2a: Magnezone|brn
|
|-heal|p1a: Rotom-Wash|184\/304|[from] item: Leftovers
|-damage|p2a: Magnezone|247\/282 brn|[from] brn
|turn|14
|
|switch|p2a: Latias|Latias, F|319\/319
|switch|p1a: Landorus-Therian|Landorus-Therian, M|328\/328
|-ability|p1a: Landorus-Therian|Intimidate|[of] p2a: Latias
|-unboost|p2a: Latias|atk|1
|
|turn|15
|
|move|p1a: Landorus-Therian|U-turn|p2a: Latias
|-supereffective|p2a: Latias
|-damage|p2a: Latias|117\/319
|
|switch|p1a: Heatran|Heatran, F|323\/323
|-item|p1a: Heatran|Air Balloon
|move|p2a: Latias|Draco Meteor|p1a: Heatran
|-resisted|p1a: Heatran
|-damage|p1a: Heatran|210\/323
|-enditem|p1a: Heatran|Air Balloon
|-unboost|p2a: Latias|spa|2
|-damage|p2a: Latias|86\/319|[from] item: Life Orb
|
|turn|16
|
|switch|p2a: Magnezone|Magnezone|247\/282 brn
|move|p1a: Heatran|Stealth Rock|p2a: Magnezone
|-sidestart|p2: DumberThanSlowpoke|move: Stealth Rock
|
|-damage|p2a: Magnezone|212\/282 brn|[from] brn
|turn|17
|
|move|p2a: Magnezone|Thunderbolt|p1a: Heatran
|-damage|p1a: Heatran|69\/323
|move|p1a: Heatran|Earth Power|p2a: Magnezone
|-supereffective|p2a: Magnezone
|-damage|p2a: Magnezone|0 fnt
|faint|p2a: Magnezone
|
|
|switch|p2a: Latias|Latias, F|86\/319
|-damage|p2a: Latias|47\/319|[from] Stealth Rock
|turn|18
|
|move|p2a: Latias|Defog|p1a: Heatran
|-unboost|p1a: Heatran|evasion|1
|-sideend|p2: DumberThanSlowpoke|Stealth Rock|[from] move: Defog|[of] p2a: Latias
|move|p1a: Heatran|Stealth Rock|p2a: Latias
|-sidestart|p2: DumberThanSlowpoke|move: Stealth Rock
|
|turn|19
|
|move|p2a: Latias|Defog|p1a: Heatran
|-unboost|p1a: Heatran|evasion|1
|-sideend|p2: DumberThanSlowpoke|Stealth Rock|[from] move: Defog|[of] p2a: Latias
|move|p1a: Heatran|Stealth Rock|p2a: Latias
|-sidestart|p2: DumberThanSlowpoke|move: Stealth Rock
|
|turn|20
|
|move|p2a: Latias|Draco Meteor|p1a: Heatran
|-resisted|p1a: Heatran
|-damage|p1a: Heatran|0 fnt
|-unboost|p2a: Latias|spa|2
|-damage|p2a: Latias|16\/319|[from] item: Life Orb
|faint|p1a: Heatran
|
|
|switch|p1a: Landorus-Therian|Landorus-Therian, M|328\/328
|-ability|p1a: Landorus-Therian|Intimidate|[of] p2a: Latias
|-unboost|p2a: Latias|atk|1
|turn|21
|
|move|p1a: Landorus-Therian|U-turn|p2a: Latias
|-crit|p2a: Latias
|-supereffective|p2a: Latias
|-damage|p2a: Latias|0 fnt
|faint|p2a: Latias
|
|switch|p1a: Rotom-Wash|Rotom-Wash|184\/304
|
|-heal|p1a: Rotom-Wash|203\/304|[from] item: Leftovers
|-message|DumberThanSlowpoke forfeited.
|
|win|4bidden1
|raw|Ladder updating...
|leave|DumberThanSlowpoke
|player|p2
|raw|4bidden1's rating: 1688 &rarr; <strong>1704<\/strong><br \/>(+16 for winning)
|raw|DumberThanSlowpoke's rating: 1617 &rarr; <strong>1601<\/strong><br \/>(-16 for losing)