|join|Eggxecutor
|join|DumberThanSlowpoke
|player|p1|Eggxecutor|15
|player|p2|DumberThanSlowpoke|168
|gametype|singles
|gen|6
|tier|OU
|rated
|clearpoke
|poke|p1|Gothitelle, F
|poke|p1|Pinsir, F
|poke|p1|Greninja, F
|poke|p1|Talonflame, M
|poke|p1|Bisharp, M
|poke|p1|Forretress, F
|poke|p2|Gyarados, F
|poke|p2|Gothitelle, M
|poke|p2|Landorus-Therian, M
|poke|p2|Excadrill, M
|poke|p2|Sylveon, M
|poke|p2|Weavile, M
|rule|Swagger Clause: Swagger is banned
|rule|Baton Pass Clause: Limit one PokÃ©mon knowing Baton Pass
|rule|Sleep Clause Mod: Limit one foe put to sleep
|rule|Species Clause: Limit one of each PokÃ©mon
|rule|OHKO Clause: OHKO moves are banned
|rule|Moody Clause: Moody is banned
|rule|Evasion Moves Clause: Evasion moves are banned
|rule|Endless Battle Clause: Forcing endless battles is banned
|rule|HP Percentage Mod: HP is shown in percentages
|teampreview
|
|start
|switch|p1a: Forretress|Forretress, F|354\/354
|switch|p2a: Gothitelle|Gothitelle, M|281\/281
|turn|1
|
|move|p2a: Gothitelle|Hidden Power|p1a: Forretress
|-supereffective|p1a: Forretress
|-activate|p1a: Forretress|Sturdy
|-damage|p1a: Forretress|1\/354
|move|p1a: Forretress|Stealth Rock|p2a: Gothitelle
|-sidestart|p2: DumberThanSlowpoke|move: Stealth Rock
|
|-heal|p1a: Forretress|23\/354|[from] item: Leftovers
|turn|2
|
|move|p2a: Gothitelle|Hidden Power|p1a: Forretress
|-supereffective|p1a: Forretress
|-damage|p1a: Forretress|0 fnt
|faint|p1a: Forretress
|
|
|switch|p1a: Talonflame|Talonflame, M|298\/298
|turn|3
|
|switch|p2a: Landorus-Therian|Landorus-Therian, M|382\/382
|-damage|p2a: Landorus-Therian|335\/382|[from] Stealth Rock
|-ability|p2a: Landorus-Therian|Intimidate|[of] p1a: Talonflame
|-unboost|p1a: Talonflame|atk|1
|move|p1a: Talonflame|U-turn|p2a: Landorus-Therian
|-resisted|p2a: Landorus-Therian
|-damage|p2a: Landorus-Therian|310\/382
|-damage|p1a: Talonflame|249\/298|[from] item: Rocky Helmet|[of] p2a: Landorus-Therian
|
|switch|p1a: Greninja|Greninja, F|286\/286
|
|turn|4
|
|switch|p1a: Bisharp|Bisharp, M|272\/272
|switch|p2a: Sylveon|Sylveon, M|394\/394
|-damage|p2a: Sylveon|345\/394|[from] Stealth Rock
|
|-heal|p2a: Sylveon|369\/394|[from] item: Leftovers
|turn|5
|
|switch|p2a: Landorus-Therian|Landorus-Therian, M|310\/382
|-damage|p2a: Landorus-Therian|263\/382|[from] Stealth Rock
|-ability|p2a: Landorus-Therian|Intimidate|[of] p1a: Bisharp
|-unboost|p1a: Bisharp|atk|1
|-boost|p1a: Bisharp|atk|2|[from] ability: Defiant
|move|p1a: Bisharp|Substitute|p1a: Bisharp
|-start|p1a: Bisharp|Substitute
|-damage|p1a: Bisharp|204\/272
|
|turn|6
|
|move|p1a: Bisharp|Knock Off|p2a: Landorus-Therian
|-damage|p2a: Landorus-Therian|10\/382
|-damage|p1a: Bisharp|159\/272|[from] item: Rocky Helmet|[of] p2a: Landorus-Therian
|-enditem|p2a: Landorus-Therian|Rocky Helmet|[from] move: Knock Off|[of] p1a: Bisharp
|move|p2a: Landorus-Therian|Stealth Rock|p1a: Bisharp
|-sidestart|p1: Eggxecutor|move: Stealth Rock
|
|turn|7
|
|move|p1a: Bisharp|Iron Head|p2a: Landorus-Therian
|-damage|p2a: Landorus-Therian|0 fnt
|faint|p2a: Landorus-Therian
|
|
|switch|p2a: Gyarados|Gyarados, F|331\/331
|-damage|p2a: Gyarados|249\/331|[from] Stealth Rock
|-activate|p1a: Bisharp|Substitute|ability: Intimidate|[of] p2a: Gyarados
|turn|8
|
|detailschange|p2a: Gyarados|Gyarados-Mega, F
|message|Gyarados has Mega Evolved into Mega Gyarados!
|-ability|p2a: Gyarados|Mold Breaker
|move|p2a: Gyarados|Earthquake|p1a: Bisharp
|-supereffective|p1a: Bisharp
|-end|p1a: Bisharp|Substitute
|move|p1a: Bisharp|Knock Off|p2a: Gyarados
|-resisted|p2a: Gyarados
|-damage|p2a: Gyarados|144\/331
|
|turn|9
|
|switch|p1a: Talonflame|Talonflame, M|249\/298
|-damage|p1a: Talonflame|100\/298|[from] Stealth Rock
|move|p2a: Gyarados|Waterfall|p1a: Talonflame
|-supereffective|p1a: Talonflame
|-damage|p1a: Talonflame|0 fnt
|faint|p1a: Talonflame
|
|
|switch|p1a: Greninja|Greninja, F|286\/286
|-damage|p1a: Greninja|251\/286|[from] Stealth Rock
|turn|10
|
|switch|p2a: Sylveon|Sylveon, M|369\/394
|-damage|p2a: Sylveon|320\/394|[from] Stealth Rock
|move|p1a: Greninja|Grass Knot|p2a: Sylveon
|-start|p1a: Greninja|typechange|Grass|[from] Protean
|-damage|p2a: Sylveon|254\/394
|-damage|p1a: Greninja|223\/286|[from] item: Life Orb
|
|-heal|p2a: Sylveon|278\/394|[from] item: Leftovers
|turn|11
|
|switch|p1a: Gothitelle|Gothitelle, F|281\/281
|-damage|p1a: Gothitelle|246\/281|[from] Stealth Rock
|move|p2a: Sylveon|Hyper Voice|p1a: Gothitelle
|-crit|p1a: Gothitelle
|-damage|p1a: Gothitelle|56\/281
|
|-heal|p2a: Sylveon|302\/394|[from] item: Leftovers
|turn|12
|
|move|p1a: Gothitelle|Psyshock|p2a: Sylveon
|-damage|p2a: Sylveon|127\/394
|move|p2a: Sylveon|Hyper Voice|p1a: Gothitelle
|-damage|p1a: Gothitelle|0 fnt
|faint|p1a: Gothitelle
|
|-heal|p2a: Sylveon|151\/394|[from] item: Leftovers
|
|switch|p1a: Bisharp|Bisharp, M|159\/272
|-damage|p1a: Bisharp|142\/272|[from] Stealth Rock
|turn|13
|
|move|p1a: Bisharp|Iron Head|p2a: Sylveon
|-supereffective|p2a: Sylveon
|-damage|p2a: Sylveon|0 fnt
|faint|p2a: Sylveon
|
|
|switch|p2a: Weavile|Weavile, M|281\/281
|-damage|p2a: Weavile|211\/281|[from] Stealth Rock
|-ability|p2a: Weavile|Pressure
|turn|14
|
|move|p1a: Bisharp|Sucker Punch|p2a: Weavile
|-resisted|p2a: Weavile
|-damage|p2a: Weavile|83\/281
|move|p2a: Weavile|Low Kick|p1a: Bisharp
|-supereffective|p1a: Bisharp
|-damage|p1a: Bisharp|0 fnt
|-damage|p2a: Weavile|55\/281|[from] item: Life Orb
|faint|p1a: Bisharp
|
|
|switch|p1a: Pinsir|Pinsir, F|271\/271
|-damage|p1a: Pinsir|204\/271|[from] Stealth Rock
|-ability|p1a: Pinsir|Mold Breaker
|turn|15
|
|move|p2a: Weavile|Ice Punch|p1a: Pinsir
|-damage|p1a: Pinsir|52\/271
|-damage|p2a: Weavile|27\/281|[from] item: Life Orb
|move|p1a: Pinsir|Return|p2a: Weavile
|-damage|p2a: Weavile|0 fnt
|faint|p2a: Weavile
|
|
|switch|p2a: Gothitelle|Gothitelle, M|281\/281
|-damage|p2a: Gothitelle|246\/281|[from] Stealth Rock
|turn|16
|
|detailschange|p1a: Pinsir|Pinsir-Mega, F
|message|Pinsir has Mega Evolved into Mega Pinsir!
|move|p1a: Pinsir|Return|p2a: Gothitelle
|-damage|p2a: Gothitelle|0 fnt
|faint|p2a: Gothitelle
|
|c|âEggxecutor|gg
|
|switch|p2a: Gyarados|Gyarados-Mega, F|144\/331
|-damage|p2a: Gyarados|103\/331|[from] Stealth Rock
|-ability|p2a: Gyarados|Mold Breaker
|turn|17
|
|move|p1a: Pinsir|Return|p2a: Gyarados
|-damage|p2a: Gyarados|0 fnt
|faint|p2a: Gyarados
|
|
|switch|p2a: Excadrill|Excadrill, M|391\/391
|-damage|p2a: Excadrill|379\/391|[from] Stealth Rock
|-ability|p2a: Excadrill|Mold Breaker
|turn|18
|
|move|p1a: Pinsir|Earthquake|p2a: Excadrill
|-supereffective|p2a: Excadrill
|-damage|p2a: Excadrill|0 fnt
|faint|p2a: Excadrill
|
|win|Eggxecutor
|raw|Ladder updating...
|raw|Eggxecutor's rating: 1554 &rarr; <strong>1572<\/strong><br \/>(+18 for winning)
|raw|DumberThanSlowpoke's rating: 1526 &rarr; <strong>1508<\/strong><br \/>(-18 for losing)