|join|DumberThanSlowpoke
|join|Vector50cal
|player|p1|DumberThanSlowpoke|168
|player|p2|Vector50cal|293
|gametype|singles
|gen|6
|tier|OU
|rated
|clearpoke
|poke|p1|Smeargle, M
|poke|p1|Medicham, F
|poke|p1|Thundurus, M
|poke|p1|Scizor, F
|poke|p1|Rotom-Wash
|poke|p1|Terrakion
|poke|p2|Tyrantrum, M
|poke|p2|Chandelure, F
|poke|p2|Goodra, F
|poke|p2|Gardevoir, F
|poke|p2|Scrafty, M
|poke|p2|Machamp, M
|rule|Swagger Clause: Swagger is banned
|rule|Baton Pass Clause: Limit one PokÃ©mon knowing Baton Pass
|rule|Sleep Clause Mod: Limit one foe put to sleep
|rule|Species Clause: Limit one of each PokÃ©mon
|rule|OHKO Clause: OHKO moves are banned
|rule|Moody Clause: Moody is banned
|rule|Evasion Moves Clause: Evasion moves are banned
|rule|Endless Battle Clause: Forcing endless battles is banned
|rule|HP Percentage Mod: HP is shown in percentages
|teampreview
|
|start
|switch|p1a: Smeargle|Smeargle, M|275\/275
|switch|p2a: Goodra|Goodra, F|384\/384
|turn|1
|
|move|p1a: Smeargle|Sticky Web|p2a: Goodra
|-sidestart|p2: Vector50cal|move: Sticky Web
|move|p2a: Goodra|Dragon Pulse|p1a: Smeargle
|-damage|p1a: Smeargle|4\/275
|
|turn|2
|
|move|p1a: Smeargle|Stealth Rock|p2a: Goodra
|-sidestart|p2: Vector50cal|move: Stealth Rock
|move|p2a: Goodra|Flamethrower|p1a: Smeargle
|-damage|p1a: Smeargle|0 fnt
|faint|p1a: Smeargle
|
|
|switch|p1a: Medicham|Medicham, F|261\/261
|turn|3
|
|switch|p2a: Tyrantrum|Tyrantrum, M|368\/368
|-damage|p2a: Tyrantrum|322\/368|[from] Stealth Rock
|-activate|p2a: Tyrantrum|move: Sticky Web
|-unboost|p2a: Tyrantrum|spe|1
|detailschange|p1a: Medicham|Medicham-Mega, F
|message|Medicham has Mega Evolved into Mega Medicham!
|move|p1a: Medicham|Fake Out|p2a: Tyrantrum
|-resisted|p2a: Tyrantrum
|-damage|p2a: Tyrantrum|289\/368
|
|turn|4
|
|switch|p1a: Scizor|Scizor, F|343\/343
|move|p2a: Tyrantrum|Poison Fang|p1a: Scizor
|-immune|p1a: Scizor|[msg]
|
|turn|5
|
|move|p1a: Scizor|Bullet Punch|p2a: Tyrantrum
|-supereffective|p2a: Tyrantrum
|-damage|p2a: Tyrantrum|0 fnt
|faint|p2a: Tyrantrum
|
|
|switch|p2a: Chandelure|Chandelure, F|262\/262
|-activate|p2a: Chandelure|move: Sticky Web
|-unboost|p2a: Chandelure|spe|1
|-damage|p2a: Chandelure|197\/262|[from] Stealth Rock
|turn|6
|
|switch|p1a: Rotom-Wash|Rotom-Wash|304\/304
|move|p2a: Chandelure|Substitute|p2a: Chandelure
|-start|p2a: Chandelure|Substitute
|-damage|p2a: Chandelure|132\/262
|
|-heal|p2a: Chandelure|148\/262|[from] item: Leftovers
|turn|7
|
|move|p1a: Rotom-Wash|Hydro Pump|p2a: Chandelure
|-supereffective|p2a: Chandelure
|-end|p2a: Chandelure|Substitute
|move|p2a: Chandelure|Energy Ball|p1a: Rotom-Wash
|-supereffective|p1a: Rotom-Wash
|-damage|p1a: Rotom-Wash|110\/304
|
|-heal|p1a: Rotom-Wash|129\/304|[from] item: Leftovers
|-heal|p2a: Chandelure|164\/262|[from] item: Leftovers
|turn|8
|
|switch|p2a: Goodra|Goodra, F|384\/384
|-activate|p2a: Goodra|move: Sticky Web
|-unboost|p2a: Goodra|spe|1
|-damage|p2a: Goodra|336\/384|[from] Stealth Rock
|move|p1a: Rotom-Wash|Hydro Pump|p2a: Goodra|[miss]
|-miss|p1a: Rotom-Wash|p2a: Goodra
|
|-heal|p1a: Rotom-Wash|148\/304|[from] item: Leftovers
|turn|9
|
|move|p1a: Rotom-Wash|Will-O-Wisp|p2a: Goodra
|-status|p2a: Goodra|brn
|move|p2a: Goodra|Flamethrower|p1a: Rotom-Wash
|-resisted|p1a: Rotom-Wash
|-damage|p1a: Rotom-Wash|111\/304
|
|-heal|p1a: Rotom-Wash|130\/304|[from] item: Leftovers
|-damage|p2a: Goodra|288\/384 brn|[from] brn
|turn|10
|
|move|p1a: Rotom-Wash|Pain Split|p2a: Goodra
|-sethp|p2a: Goodra|209\/384 brn|p1a: Rotom-Wash|209\/304|[from] move: Pain Split
|move|p2a: Goodra|Dragon Pulse|p1a: Rotom-Wash
|-damage|p1a: Rotom-Wash|98\/304
|
|-heal|p1a: Rotom-Wash|117\/304|[from] item: Leftovers
|-damage|p2a: Goodra|161\/384 brn|[from] brn
|turn|11
|
|move|p1a: Rotom-Wash|Volt Switch|p2a: Goodra
|-resisted|p2a: Goodra
|-damage|p2a: Goodra|128\/384 brn
|
|switch|p1a: Scizor|Scizor, F|343\/343
|move|p2a: Goodra|Flamethrower|p1a: Scizor
|-supereffective|p1a: Scizor
|-damage|p1a: Scizor|0 fnt
|faint|p1a: Scizor
|
|-damage|p2a: Goodra|80\/384 brn|[from] brn
|
|switch|p1a: Terrakion|Terrakion|323\/323
|turn|12
|
|move|p1a: Terrakion|Stone Edge|p2a: Goodra
|-damage|p2a: Goodra|0 fnt
|faint|p2a: Goodra
|
|
|switch|p2a: Scrafty|Scrafty, M|272\/272
|-activate|p2a: Scrafty|move: Sticky Web
|-unboost|p2a: Scrafty|spe|1
|-damage|p2a: Scrafty|255\/272|[from] Stealth Rock
|turn|13
|
|switch|p1a: Rotom-Wash|Rotom-Wash|117\/304
|move|p2a: Scrafty|Dragon Dance|p2a: Scrafty
|-boost|p2a: Scrafty|atk|1
|-boost|p2a: Scrafty|spe|1
|
|-heal|p1a: Rotom-Wash|136\/304|[from] item: Leftovers
|-heal|p2a: Scrafty|272\/272|[from] item: Leftovers
|turn|14
|
|move|p1a: Rotom-Wash|Will-O-Wisp|p2a: Scrafty
|-status|p2a: Scrafty|brn
|move|p2a: Scrafty|Dragon Dance|p2a: Scrafty
|-boost|p2a: Scrafty|atk|1
|-boost|p2a: Scrafty|spe|1
|
|-heal|p1a: Rotom-Wash|155\/304|[from] item: Leftovers
|-damage|p2a: Scrafty|238\/272 brn|[from] brn
|turn|15
|
|move|p2a: Scrafty|Dragon Dance|p2a: Scrafty
|-boost|p2a: Scrafty|atk|1
|-boost|p2a: Scrafty|spe|1
|move|p1a: Rotom-Wash|Hydro Pump|p2a: Scrafty
|-damage|p2a: Scrafty|118\/272 brn
|
|-activate|p2a: Scrafty|ability: Shed Skin
|-curestatus|p2a: Scrafty|brn
|-heal|p2a: Scrafty|135\/272|[from] item: Leftovers
|-heal|p1a: Rotom-Wash|174\/304|[from] item: Leftovers
|turn|16
|
|move|p2a: Scrafty|Drain Punch|p1a: Rotom-Wash
|-damage|p1a: Rotom-Wash|0 fnt
|-heal|p2a: Scrafty|222\/272|[from] drain|[of] p1a: Rotom-Wash
|faint|p1a: Rotom-Wash
|
|-heal|p2a: Scrafty|239\/272|[from] item: Leftovers
|
|switch|p1a: Terrakion|Terrakion|323\/323
|turn|17
|
|switch|p2a: Chandelure|Chandelure, F|164\/262
|-damage|p2a: Chandelure|99\/262|[from] Stealth Rock
|-activate|p2a: Chandelure|move: Sticky Web
|-unboost|p2a: Chandelure|spe|1
|move|p1a: Terrakion|Close Combat|p2a: Chandelure
|-immune|p2a: Chandelure|[msg]
|
|-heal|p2a: Chandelure|115\/262|[from] item: Leftovers
|turn|18
|
|switch|p1a: Thundurus|Thundurus, M|298\/298
|move|p2a: Chandelure|Shadow Ball|p1a: Thundurus
|-damage|p1a: Thundurus|88\/298
|
|-heal|p1a: Thundurus|106\/298|[from] item: Leftovers
|-heal|p2a: Chandelure|131\/262|[from] item: Leftovers
|turn|19
|
|switch|p2a: Scrafty|Scrafty, M|239\/272
|-damage|p2a: Scrafty|222\/272|[from] Stealth Rock
|-activate|p2a: Scrafty|move: Sticky Web
|-unboost|p2a: Scrafty|spe|1
|move|p1a: Thundurus|Thunderbolt|p2a: Scrafty
|-damage|p2a: Scrafty|95\/272
|
|-heal|p1a: Thundurus|124\/298|[from] item: Leftovers
|-heal|p2a: Scrafty|112\/272|[from] item: Leftovers
|turn|20
|
|move|p1a: Thundurus|Thunderbolt|p2a: Scrafty
|-damage|p2a: Scrafty|0 fnt
|faint|p2a: Scrafty
|
|-heal|p1a: Thundurus|142\/298|[from] item: Leftovers
|
|switch|p2a: Machamp|Machamp, M|384\/384
|-activate|p2a: Machamp|move: Sticky Web
|-unboost|p2a: Machamp|spe|1
|-damage|p2a: Machamp|360\/384|[from] Stealth Rock
|turn|21
|
|move|p1a: Thundurus|Hidden Power|p2a: Machamp
|-supereffective|p2a: Machamp
|-enditem|p2a: Machamp|Coba Berry|[eat]
|-damage|p2a: Machamp|237\/384
|move|p2a: Machamp|Stone Edge|p1a: Thundurus
|-supereffective|p1a: Thundurus
|-damage|p1a: Thundurus|0 fnt
|faint|p1a: Thundurus
|
|
|switch|p1a: Medicham|Medicham-Mega, F|261\/261
|turn|22
|
|switch|p2a: Chandelure|Chandelure, F|131\/262
|-activate|p2a: Chandelure|move: Sticky Web
|-unboost|p2a: Chandelure|spe|1
|-damage|p2a: Chandelure|66\/262|[from] Stealth Rock
|move|p1a: Medicham|Zen Headbutt|p2a: Chandelure
|-damage|p2a: Chandelure|0 fnt
|faint|p2a: Chandelure
|
|
|switch|p2a: Gardevoir|Gardevoir, F|278\/278
|-activate|p2a: Gardevoir|move: Sticky Web
|-unboost|p2a: Gardevoir|spe|1
|-damage|p2a: Gardevoir|244\/278|[from] Stealth Rock
|-ability|p2a: Gardevoir|Pure Power|[from] ability: Trace|[of] p1a: Medicham
|turn|23
|
|switch|p1a: Terrakion|Terrakion|323\/323
|move|p2a: Gardevoir|Moonblast|p1a: Terrakion
|-supereffective|p1a: Terrakion
|-damage|p1a: Terrakion|0 fnt
|faint|p1a: Terrakion
|
|
|switch|p1a: Medicham|Medicham-Mega, F|261\/261
|turn|24
|
|switch|p2a: Machamp|Machamp, M|237\/384
|-activate|p2a: Machamp|move: Sticky Web
|-unboost|p2a: Machamp|spe|1
|-damage|p2a: Machamp|213\/384|[from] Stealth Rock
|move|p1a: Medicham|Fake Out|p2a: Machamp
|-damage|p2a: Machamp|112\/384
|
|turn|25
|
|move|p1a: Medicham|Ice Punch|p2a: Machamp
|-crit|p2a: Machamp
|-damage|p2a: Machamp|0 fnt
|faint|p2a: Machamp
|
|
|switch|p2a: Gardevoir|Gardevoir, F|244\/278
|-activate|p2a: Gardevoir|move: Sticky Web
|-unboost|p2a: Gardevoir|spe|1
|-damage|p2a: Gardevoir|210\/278|[from] Stealth Rock
|-ability|p2a: Gardevoir|Pure Power|[from] ability: Trace|[of] p1a: Medicham
|turn|26
|
|move|p1a: Medicham|Ice Punch|p2a: Gardevoir
|-damage|p2a: Gardevoir|1\/278
|move|p2a: Gardevoir|Moonblast|p1a: Medicham
|-supereffective|p1a: Medicham
|-damage|p1a: Medicham|0 fnt
|faint|p1a: Medicham
|
|win|Vector50cal
|raw|Ladder updating...
|raw|DumberThanSlowpoke's rating: 1471 &rarr; <strong>1450<\/strong><br \/>(-21 for losing)
|raw|Vector50cal's rating: 1454 &rarr; <strong>1475<\/strong><br \/>(+21 for winning)
|chat|DumberThanSlowpoke|fuuuuuuuuuuuuuuuuuuuuuuuuuuuuuuuuuuuu
|chat|DumberThanSlowpoke|gg
|chat|Vector50cal|gg