|join|lalaludicolo
|join|DumberThanSlowpoke
|player|p1|lalaludicolo|24
|player|p2|DumberThanSlowpoke|168
|gametype|singles
|gen|6
|tier|OU
|rated
|clearpoke
|poke|p1|Diancie
|poke|p1|Magnezone
|poke|p1|Chansey, F
|poke|p1|Ferrothorn, F
|poke|p1|Bisharp, F
|poke|p1|Metagross
|poke|p2|Chesnaught, M
|poke|p2|Scizor, F
|poke|p2|Heatran, M
|poke|p2|Rotom-Wash
|poke|p2|Landorus-Therian, M
|poke|p2|Clefable, M
|rule|Swagger Clause: Swagger is banned
|rule|Baton Pass Clause: Limit one PokÃ©mon knowing Baton Pass
|rule|Sleep Clause Mod: Limit one foe put to sleep
|rule|Species Clause: Limit one of each PokÃ©mon
|rule|OHKO Clause: OHKO moves are banned
|rule|Moody Clause: Moody is banned
|rule|Evasion Moves Clause: Evasion moves are banned
|rule|Endless Battle Clause: Forcing endless battles is banned
|rule|HP Percentage Mod: HP is shown in percentages
|teampreview
|
|start
|switch|p1a: Chansey|Chansey, F|703\/703
|switch|p2a: Heatran|Heatran, M|385\/385
|turn|1
|
|move|p2a: Heatran|Taunt|p1a: Chansey
|-start|p1a: Chansey|move: Taunt
|cant|p1a: Chansey|move: Taunt|Stealth Rock
|
|turn|2
|
|switch|p1a: Diancie|Diancie|241\/241
|move|p2a: Heatran|Lava Plume|p1a: Diancie
|-resisted|p1a: Diancie
|-damage|p1a: Diancie|192\/241
|
|turn|3
|
|switch|p2a: Rotom-Wash|Rotom-Wash|304\/304
|detailschange|p1a: Diancie|Diancie-Mega
|-mega|p1a: Diancie|Diancie|Diancite
|move|p1a: Diancie|Earth Power|p2a: Rotom-Wash
|-immune|p2a: Rotom-Wash|[msg]
|
|turn|4
|
|switch|p1a: Chansey|Chansey, F|703\/703
|move|p2a: Rotom-Wash|Volt Switch|p1a: Chansey
|-damage|p1a: Chansey|655\/703
|
|switch|p2a: Chesnaught|Chesnaught, M|320\/320
|
|turn|5
|
|switch|p1a: Metagross|Metagross|301\/301
|move|p2a: Chesnaught|Substitute|p2a: Chesnaught
|-start|p2a: Chesnaught|Substitute
|-damage|p2a: Chesnaught|240\/320
|
|turn|6
|
|move|p2a: Chesnaught|Belly Drum|p2a: Chesnaught
|-damage|p2a: Chesnaught|80\/320
|-setboost|p2a: Chesnaught|atk|6|[from] move: Belly Drum
|-enditem|p2a: Chesnaught|Salac Berry|[eat]
|-boost|p2a: Chesnaught|spe|1|[from] item: Salac Berry
|move|p1a: Metagross|Agility|p1a: Metagross
|-boost|p1a: Metagross|spe|2
|
|turn|7
|
|move|p1a: Metagross|Zen Headbutt|p2a: Chesnaught
|-supereffective|p2a: Chesnaught
|-end|p2a: Chesnaught|Substitute
|move|p2a: Chesnaught|Drain Punch|p1a: Metagross
|-damage|p1a: Metagross|0 fnt
|-heal|p2a: Chesnaught|231\/320|[from] drain|[of] p1a: Metagross
|faint|p1a: Metagross
|
|
|switch|p1a: Diancie|Diancie-Mega|192\/241
|turn|8
|
|move|p2a: Chesnaught|Seed Bomb|p1a: Diancie
|-supereffective|p1a: Diancie
|-damage|p1a: Diancie|0 fnt
|faint|p1a: Diancie
|
|
|switch|p1a: Magnezone|Magnezone|343\/343
|turn|9
|
|move|p2a: Chesnaught|Drain Punch|p1a: Magnezone
|-supereffective|p1a: Magnezone
|-damage|p1a: Magnezone|0 fnt
|-heal|p2a: Chesnaught|320\/320|[from] drain|[of] p1a: Magnezone
|faint|p1a: Magnezone
|
|-message|lalaludicolo forfeited.
|
|win|DumberThanSlowpoke
|raw|Ladder updating...
|leave|lalaludicolo
|player|p1
|raw|lalaludicolo's rating: 1463 &rarr; <strong>1439<\/strong><br \/>(-24 for losing)
|raw|DumberThanSlowpoke's rating: 1405 &rarr; <strong>1428<\/strong><br \/>(+23 for winning)