|join|DumberThanSlowpoke
|join|Olusho
|player|p1|DumberThanSlowpoke|43
|player|p2|Olusho|170
|gametype|singles
|gen|6
|tier|OU
|rated
|clearpoke
|poke|p1|Metagross
|poke|p1|Exploud, F
|poke|p1|Azumarill, F
|poke|p1|Magnezone
|poke|p1|Landorus-Therian, M
|poke|p1|Latios, M
|poke|p2|Kyurem-Black
|poke|p2|Medicham, M
|poke|p2|Rotom-Wash
|poke|p2|Scizor, M
|poke|p2|Talonflame, M
|poke|p2|Latias, F
|rule|Swagger Clause: Swagger is banned
|rule|Baton Pass Clause: Limit one PokÃ©mon knowing Baton Pass
|rule|Sleep Clause Mod: Limit one foe put to sleep
|rule|Species Clause: Limit one of each PokÃ©mon
|rule|OHKO Clause: OHKO moves are banned
|rule|Moody Clause: Moody is banned
|rule|Evasion Moves Clause: Evasion moves are banned
|rule|Endless Battle Clause: Forcing endless battles is banned
|rule|HP Percentage Mod: HP is shown in percentages
|teampreview
|
|start
|switch|p1a: Landorus-Therian|Landorus-Therian, M|382\/382
|switch|p2a: Rotom-Wash|Rotom-Wash|303\/303
|-ability|p1a: Landorus-Therian|Intimidate|[of] p2a: Rotom-Wash
|-unboost|p2a: Rotom-Wash|atk|1
|turn|1
|
|switch|p1a: Exploud|Exploud, F|350\/350
|move|p2a: Rotom-Wash|Will-O-Wisp|p1a: Exploud|[miss]
|-miss|p2a: Rotom-Wash|p1a: Exploud
|
|turn|2
|
|switch|p2a: Latias|Latias, F|319\/319
|move|p1a: Exploud|Boomburst|p2a: Latias
|-damage|p2a: Latias|70\/319
|
|turn|3
|
|switch|p1a: Metagross|Metagross|301\/301
|move|p2a: Latias|Roost|p2a: Latias
|-heal|p2a: Latias|230\/319
|
|turn|4
|
|switch|p2a: Rotom-Wash|Rotom-Wash|303\/303
|detailschange|p1a: Metagross|Metagross-Mega
|-mega|p1a: Metagross|Metagross|Metagrossite
|move|p1a: Metagross|Meteor Mash|p2a: Rotom-Wash
|-resisted|p2a: Rotom-Wash
|-damage|p2a: Rotom-Wash|263\/303
|
|-heal|p2a: Rotom-Wash|281\/303|[from] item: Leftovers
|turn|5
|
|switch|p1a: Magnezone|Magnezone|324\/324
|move|p2a: Rotom-Wash|Will-O-Wisp|p1a: Magnezone
|-status|p1a: Magnezone|brn
|
|-heal|p2a: Rotom-Wash|299\/303|[from] item: Leftovers
|-damage|p1a: Magnezone|284\/324 brn|[from] brn
|turn|6
|
|move|p2a: Rotom-Wash|Volt Switch|p1a: Magnezone
|-resisted|p1a: Magnezone
|-damage|p1a: Magnezone|233\/324 brn
|
|switch|p2a: Latias|Latias, F|230\/319
|move|p1a: Magnezone|Volt Switch|p2a: Latias
|-resisted|p2a: Latias
|-damage|p2a: Latias|152\/319
|
|switch|p1a: Metagross|Metagross-Mega|301\/301
|
|turn|7
|
|switch|p2a: Rotom-Wash|Rotom-Wash|299\/303
|move|p1a: Metagross|Meteor Mash|p2a: Rotom-Wash
|-resisted|p2a: Rotom-Wash
|-damage|p2a: Rotom-Wash|258\/303
|
|-heal|p2a: Rotom-Wash|276\/303|[from] item: Leftovers
|turn|8
|
|switch|p1a: Exploud|Exploud, F|350\/350
|move|p2a: Rotom-Wash|Volt Switch|p1a: Exploud
|-damage|p1a: Exploud|235\/350
|
|switch|p2a: Medicham|Medicham, M|262\/262
|
|turn|9
|
|switch|p1a: Latios|Latios, M|301\/301
|detailschange|p2a: Medicham|Medicham-Mega, M
|-mega|p2a: Medicham|Medicham|Medichamite
|move|p2a: Medicham|Substitute|p2a: Medicham
|-start|p2a: Medicham|Substitute
|-damage|p2a: Medicham|197\/262
|
|turn|10
|
|move|p1a: Latios|Psyshock|p2a: Medicham
|-end|p2a: Medicham|Substitute
|-damage|p1a: Latios|271\/301|[from] item: Life Orb
|move|p2a: Medicham|Ice Punch|p1a: Latios
|-supereffective|p1a: Latios
|-damage|p1a: Latios|0 fnt
|faint|p1a: Latios
|
|
|switch|p1a: Metagross|Metagross-Mega|301\/301
|turn|11
|
|switch|p2a: Scizor|Scizor, M|344\/344
|move|p1a: Metagross|Zen Headbutt|p2a: Scizor
|-resisted|p2a: Scizor
|-damage|p2a: Scizor|270\/344
|
|-heal|p2a: Scizor|291\/344|[from] item: Leftovers
|turn|12
|
|switch|p1a: Magnezone|Magnezone|233\/324 brn
|move|p2a: Scizor|U-turn|p1a: Magnezone
|-resisted|p1a: Magnezone
|-damage|p1a: Magnezone|186\/324 brn
|
|switch|p2a: Latias|Latias, F|152\/319
|
|-damage|p1a: Magnezone|146\/324 brn|[from] brn
|turn|13
|
|move|p2a: Latias|Roost|p2a: Latias
|-heal|p2a: Latias|312\/319
|move|p1a: Magnezone|Flash Cannon|p2a: Latias
|-damage|p2a: Latias|123\/319
|
|-damage|p1a: Magnezone|106\/324 brn|[from] brn
|turn|14
|
|move|p2a: Latias|Roost|p2a: Latias
|-heal|p2a: Latias|283\/319
|move|p1a: Magnezone|Flash Cannon|p2a: Latias
|-damage|p2a: Latias|97\/319
|-unboost|p2a: Latias|spd|1
|
|-damage|p1a: Magnezone|66\/324 brn|[from] brn
|turn|15
|
|switch|p1a: Exploud|Exploud, F|235\/350
|move|p2a: Latias|Draco Meteor|p1a: Exploud
|-damage|p1a: Exploud|0 fnt
|-unboost|p2a: Latias|spa|2
|-damage|p2a: Latias|66\/319|[from] item: Life Orb
|faint|p1a: Exploud
|
|
|switch|p1a: Metagross|Metagross-Mega|301\/301
|turn|16
|
|switch|p2a: Scizor|Scizor, M|291\/344
|move|p1a: Metagross|Zen Headbutt|p2a: Scizor
|-resisted|p2a: Scizor
|-damage|p2a: Scizor|220\/344
|
|-heal|p2a: Scizor|241\/344|[from] item: Leftovers
|turn|17
|
|switch|p1a: Landorus-Therian|Landorus-Therian, M|382\/382
|-ability|p1a: Landorus-Therian|Intimidate|[of] p2a: Scizor
|-unboost|p2a: Scizor|atk|1
|move|p2a: Scizor|U-turn|p1a: Landorus-Therian
|-resisted|p1a: Landorus-Therian
|-damage|p1a: Landorus-Therian|355\/382
|
|switch|p2a: Kyurem-Black|Kyurem-Black|391\/391
|-ability|p2a: Kyurem-Black|Teravolt
|
|-heal|p1a: Landorus-Therian|378\/382|[from] item: Leftovers
|turn|18
|
|switch|p1a: Metagross|Metagross-Mega|301\/301
|move|p2a: Kyurem-Black|Ice Beam|p1a: Metagross
|-resisted|p1a: Metagross
|-damage|p1a: Metagross|221\/301
|-status|p1a: Metagross|frz
|
|turn|19
|
|switch|p2a: Rotom-Wash|Rotom-Wash|276\/303
|cant|p1a: Metagross|frz
|
|-heal|p2a: Rotom-Wash|294\/303|[from] item: Leftovers
|turn|20
|-message|DumberThanSlowpoke forfeited.
|leave|DumberThanSlowpoke
|
|win|Olusho
|raw|Ladder updating...
|player|p1
|raw|DumberThanSlowpoke's rating: 1594 &rarr; <strong>1570<\/strong><br \/>(-24 for losing)
|raw|Olusho's rating: 1527 &rarr; <strong>1551<\/strong><br \/>(+24 for winning)