|join|DumberThanSlowpoke
|join|DarkraiBowser
|player|p1|DumberThanSlowpoke|168
|player|p2|DarkraiBowser|101
|gametype|singles
|gen|6
|tier|OU
|rated
|clearpoke
|poke|p1|Lopunny, F
|poke|p1|Rotom-Wash
|poke|p1|Heatran, F
|poke|p1|Talonflame, F
|poke|p1|Azumarill, F
|poke|p1|Latios, M
|poke|p2|Breloom, F
|poke|p2|Landorus-Therian, M
|poke|p2|Heatran, M
|poke|p2|Azumarill, F
|poke|p2|Altaria, F
|poke|p2|Gengar, F
|rule|Swagger Clause: Swagger is banned
|rule|Baton Pass Clause: Limit one PokÃ©mon knowing Baton Pass
|rule|Sleep Clause Mod: Limit one foe put to sleep
|rule|Species Clause: Limit one of each PokÃ©mon
|rule|OHKO Clause: OHKO moves are banned
|rule|Moody Clause: Moody is banned
|rule|Evasion Moves Clause: Evasion moves are banned
|rule|Endless Battle Clause: Forcing endless battles is banned
|rule|HP Percentage Mod: HP is shown in percentages
|teampreview
|
|start
|switch|p1a: Azumarill|Azumarill, F|364\/364
|switch|p2a: Gengar|Gengar, F|261\/261
|turn|1
|
|switch|p1a: Heatran|Heatran, F|385\/385
|move|p2a: Gengar|Focus Blast|p1a: Heatran
|-supereffective|p1a: Heatran
|-damage|p1a: Heatran|107\/385
|-damage|p2a: Gengar|235\/261|[from] item: Life Orb
|
|-heal|p1a: Heatran|131\/385|[from] item: Leftovers
|turn|2
|
|switch|p1a: Talonflame|Talonflame, F|297\/297
|move|p2a: Gengar|Shadow Ball|p1a: Talonflame
|-damage|p1a: Talonflame|58\/297
|-damage|p2a: Gengar|209\/261|[from] item: Life Orb
|
|turn|3
|
|switch|p2a: Landorus-Therian|Landorus-Therian, M|382\/382
|-ability|p2a: Landorus-Therian|Intimidate|[of] p1a: Talonflame
|-unboost|p1a: Talonflame|atk|1
|move|p1a: Talonflame|Brave Bird|p2a: Landorus-Therian
|-damage|p2a: Landorus-Therian|255\/382
|-damage|p1a: Talonflame|16\/297|[from] recoil|[of] p2a: Landorus-Therian
|
|-heal|p2a: Landorus-Therian|278\/382|[from] item: Leftovers
|turn|4
|
|move|p1a: Talonflame|Brave Bird|p2a: Landorus-Therian
|-damage|p2a: Landorus-Therian|142\/382
|-damage|p1a: Talonflame|0 fnt|[from] recoil|[of] p2a: Landorus-Therian
|faint|p1a: Talonflame
|move|p2a: Landorus-Therian|Stealth Rock|p1: Talonflame
|-sidestart|p1: DumberThanSlowpoke|move: Stealth Rock
|
|-heal|p2a: Landorus-Therian|165\/382|[from] item: Leftovers
|
|switch|p1a: Lopunny|Lopunny, F|271\/271
|-damage|p1a: Lopunny|238\/271|[from] Stealth Rock
|turn|5
|
|detailschange|p1a: Lopunny|Lopunny-Mega, F
|-mega|p1a: Lopunny|Lopunny|Lopunnite
|move|p1a: Lopunny|Return|p2a: Landorus-Therian
|-damage|p2a: Landorus-Therian|27\/382
|move|p2a: Landorus-Therian|U-turn|p1a: Lopunny
|-resisted|p1a: Lopunny
|-damage|p1a: Lopunny|196\/271
|
|switch|p2a: Altaria|Altaria, F|307\/307
|
|turn|6
|
|switch|p1a: Heatran|Heatran, F|131\/385
|-damage|p1a: Heatran|83\/385|[from] Stealth Rock
|detailschange|p2a: Altaria|Altaria-Mega, F
|-mega|p2a: Altaria|Altaria|Altarianite
|move|p2a: Altaria|Dragon Dance|p2a: Altaria
|-boost|p2a: Altaria|atk|1
|-boost|p2a: Altaria|spe|1
|
|-heal|p1a: Heatran|107\/385|[from] item: Leftovers
|turn|7
|
|move|p2a: Altaria|Earthquake|p1a: Heatran
|-supereffective|p1a: Heatran
|-damage|p1a: Heatran|0 fnt
|faint|p1a: Heatran
|
|-message|DumberThanSlowpoke forfeited.
|leave|DumberThanSlowpoke
|
|win|DarkraiBowser
|raw|Ladder updating...
|player|p1