|join|kparduc
|join|DumberThanSlowpoke
|player|p1|kparduc|220
|player|p2|DumberThanSlowpoke|168
|gametype|singles
|gen|6
|tier|OU
|rated
|clearpoke
|poke|p1|Slowbro, F
|poke|p1|Scizor, M
|poke|p1|Landorus-Therian, M
|poke|p1|Magnezone
|poke|p1|Roserade, M
|poke|p1|Blastoise, M
|poke|p2|Diggersby, M
|poke|p2|Magnezone
|poke|p2|Venusaur, F
|poke|p2|Latias, F
|poke|p2|Bisharp, M
|poke|p2|Azumarill, M
|rule|Swagger Clause: Swagger is banned
|rule|Baton Pass Clause: Limit one PokÃ©mon knowing Baton Pass
|rule|Sleep Clause Mod: Limit one foe put to sleep
|rule|Species Clause: Limit one of each PokÃ©mon
|rule|OHKO Clause: OHKO moves are banned
|rule|Moody Clause: Moody is banned
|rule|Evasion Moves Clause: Evasion moves are banned
|rule|Endless Battle Clause: Forcing endless battles is banned
|rule|HP Percentage Mod: HP is shown in percentages
|teampreview
|
|start
|switch|p1a: Landorus-Therian|Landorus-Therian, M|382\/382
|switch|p2a: Azumarill|Azumarill, M|363\/363
|-ability|p1a: Landorus-Therian|Intimidate|[of] p2a: Azumarill
|-unboost|p2a: Azumarill|atk|1
|turn|1
|
|switch|p1a: Slowbro|Slowbro, F|393\/393
|move|p2a: Azumarill|Waterfall|p1a: Slowbro
|-resisted|p1a: Slowbro
|-damage|p1a: Slowbro|313\/393
|
|turn|2
|
|switch|p2a: Venusaur|Venusaur, F|359\/359
|move|p1a: Slowbro|Scald|p2a: Venusaur
|-resisted|p2a: Venusaur
|-damage|p2a: Venusaur|297\/359
|
|turn|3
|
|detailschange|p2a: Venusaur|Venusaur-Mega, F
|-mega|p2a: Venusaur|Venusaur|Venusaurite
|move|p2a: Venusaur|Giga Drain|p1a: Slowbro
|-supereffective|p1a: Slowbro
|-damage|p1a: Slowbro|103\/393
|-heal|p2a: Venusaur|359\/359|[from] drain|[of] p1a: Slowbro
|move|p1a: Slowbro|Psyshock|p2a: Venusaur
|-supereffective|p2a: Venusaur
|-damage|p2a: Venusaur|119\/359
|
|turn|4
|
|switch|p1a: Roserade|Roserade, M|324\/324
|move|p2a: Venusaur|Sludge Bomb|p1a: Roserade
|-damage|p1a: Roserade|198\/324
|
|-heal|p1a: Roserade|218\/324|[from] item: Black Sludge
|turn|5
|
|switch|p2a: Magnezone|Magnezone|324\/324
|move|p1a: Roserade|Spikes|p2a: Magnezone
|-sidestart|p2: DumberThanSlowpoke|Spikes
|
|-heal|p1a: Roserade|238\/324|[from] item: Black Sludge
|turn|6
|
|switch|p1a: Landorus-Therian|Landorus-Therian, M|382\/382
|-ability|p1a: Landorus-Therian|Intimidate|[of] p2a: Magnezone
|-unboost|p2a: Magnezone|atk|1
|move|p2a: Magnezone|Volt Switch|p1a: Landorus-Therian
|-immune|p1a: Landorus-Therian|[msg]
|
|turn|7
|
|switch|p2a: Latias|Latias, F|319\/319
|move|p1a: Landorus-Therian|U-turn|p2a: Latias
|-supereffective|p2a: Latias
|-damage|p2a: Latias|137\/319
|
|switch|p1a: Blastoise|Blastoise, M|361\/361
|
|turn|8
|
|detailschange|p1a: Blastoise|Blastoise-Mega, M
|-mega|p1a: Blastoise|Blastoise|Blastoisinite
|move|p2a: Latias|Defog|p1a: Blastoise
|-unboost|p1a: Blastoise|evasion|1
|-sideend|p2: DumberThanSlowpoke|Spikes|[from] move: Defog|[of] p2a: Latias
|move|p1a: Blastoise|Dark Pulse|p2a: Latias
|-crit|p2a: Latias
|-supereffective|p2a: Latias
|-damage|p2a: Latias|0 fnt
|faint|p2a: Latias
|
|
|switch|p2a: Magnezone|Magnezone|324\/324
|turn|9
|
|switch|p1a: Landorus-Therian|Landorus-Therian, M|382\/382
|-ability|p1a: Landorus-Therian|Intimidate|[of] p2a: Magnezone
|-unboost|p2a: Magnezone|atk|1
|move|p2a: Magnezone|Flash Cannon|p1a: Landorus-Therian
|-damage|p1a: Landorus-Therian|85\/382
|
|-heal|p1a: Landorus-Therian|108\/382|[from] item: Leftovers
|turn|10
|
|switch|p1a: Magnezone|Magnezone|281\/281
|switch|p2a: Venusaur|Venusaur-Mega, F|119\/359
|
|turn|11
|
|move|p1a: Magnezone|Flash Cannon|p2a: Venusaur
|-damage|p2a: Venusaur|0 fnt
|faint|p2a: Venusaur
|
|
|switch|p2a: Magnezone|Magnezone|324\/324
|turn|12
|
|move|p1a: Magnezone|Flash Cannon|p2a: Magnezone
|-resisted|p2a: Magnezone
|-damage|p2a: Magnezone|285\/324
|move|p2a: Magnezone|Hidden Power|p1a: Magnezone
|-supereffective|p1a: Magnezone
|-damage|p1a: Magnezone|13\/281
|
|turn|13
|
|move|p1a: Magnezone|Flash Cannon|p2a: Magnezone
|-resisted|p2a: Magnezone
|-damage|p2a: Magnezone|246\/324
|move|p2a: Magnezone|Hidden Power|p1a: Magnezone
|-crit|p1a: Magnezone
|-supereffective|p1a: Magnezone
|-damage|p1a: Magnezone|0 fnt
|faint|p1a: Magnezone
|
|
|switch|p1a: Landorus-Therian|Landorus-Therian, M|108\/382
|-ability|p1a: Landorus-Therian|Intimidate|[of] p2a: Magnezone
|-unboost|p2a: Magnezone|atk|1
|turn|14
|
|move|p1a: Landorus-Therian|Knock Off|p2a: Magnezone
|-damage|p2a: Magnezone|144\/324
|-enditem|p2a: Magnezone|Choice Specs|[from] move: Knock Off|[of] p1a: Landorus-Therian
|move|p2a: Magnezone|Hidden Power|p1a: Landorus-Therian
|-damage|p1a: Landorus-Therian|7\/382
|
|-heal|p1a: Landorus-Therian|30\/382|[from] item: Leftovers
|turn|15
|
|move|p1a: Landorus-Therian|Earthquake|p2a: Magnezone
|-supereffective|p2a: Magnezone
|-damage|p2a: Magnezone|0 fnt
|faint|p2a: Magnezone
|
|-heal|p1a: Landorus-Therian|53\/382|[from] item: Leftovers
|
|switch|p2a: Azumarill|Azumarill, M|363\/363
|turn|16
|
|switch|p1a: Slowbro|Slowbro, F|234\/393
|move|p2a: Azumarill|Knock Off|p1a: Slowbro
|-supereffective|p1a: Slowbro
|-damage|p1a: Slowbro|0 fnt
|-enditem|p1a: Slowbro|Assault Vest|[from] move: Knock Off|[of] p2a: Azumarill
|faint|p1a: Slowbro
|
|
|switch|p1a: Roserade|Roserade, M|238\/324
|turn|17
|
|switch|p1a: Scizor|Scizor, M|343\/343
|switch|p2a: Bisharp|Bisharp, M|272\/272
|
|turn|18
|
|move|p2a: Bisharp|Knock Off|p1a: Scizor
|-damage|p1a: Scizor|108\/343
|-enditem|p1a: Scizor|Choice Band|[from] move: Knock Off|[of] p2a: Bisharp
|move|p1a: Scizor|Superpower|p2a: Bisharp
|-supereffective|p2a: Bisharp
|-damage|p2a: Bisharp|0 fnt
|-unboost|p1a: Scizor|atk|1
|-unboost|p1a: Scizor|def|1
|faint|p2a: Bisharp
|
|
|switch|p2a: Azumarill|Azumarill, M|363\/363
|turn|19
|
|switch|p1a: Landorus-Therian|Landorus-Therian, M|53\/382
|-ability|p1a: Landorus-Therian|Intimidate|[of] p2a: Azumarill
|-unboost|p2a: Azumarill|atk|1
|move|p2a: Azumarill|Play Rough|p1a: Landorus-Therian
|-damage|p1a: Landorus-Therian|0 fnt
|faint|p1a: Landorus-Therian
|
|
|switch|p1a: Roserade|Roserade, M|238\/324
|turn|20
|
|move|p1a: Roserade|Sludge Bomb|p2a: Azumarill
|-supereffective|p2a: Azumarill
|-damage|p2a: Azumarill|39\/363
|-status|p2a: Azumarill|psn
|move|p2a: Azumarill|Play Rough|p1a: Roserade
|-resisted|p1a: Roserade
|-damage|p1a: Roserade|100\/324
|
|-heal|p1a: Roserade|120\/324|[from] item: Black Sludge
|-damage|p2a: Azumarill|0 fnt|[from] psn
|faint|p2a: Azumarill
|
|switch|p2a: Diggersby|Diggersby, M|311\/311
|turn|21
|
|move|p2a: Diggersby|Quick Attack|p1a: Roserade
|-damage|p1a: Roserade|0 fnt
|-damage|p2a: Diggersby|280\/311|[from] item: Life Orb
|faint|p1a: Roserade
|
|
|switch|p1a: Blastoise|Blastoise-Mega, M|361\/361
|turn|22
|
|move|p2a: Diggersby|Return|p1a: Blastoise
|-damage|p1a: Blastoise|106\/361
|-damage|p2a: Diggersby|249\/311|[from] item: Life Orb
|move|p1a: Blastoise|Water Pulse|p2a: Diggersby
|-supereffective|p2a: Diggersby
|-damage|p2a: Diggersby|0 fnt
|faint|p2a: Diggersby
|
|win|kparduc
|raw|Ladder updating...
|raw|kparduc's rating: 1291 &rarr; <strong>1321<\/strong><br \/>(+30 for winning)
|raw|DumberThanSlowpoke's rating: 1363 &rarr; <strong>1339<\/strong><br \/>(-24 for losing)
|c|âkparduc|gg