|join|Zockcent Plays
|join|Kzoimot
|player|p1|Zockcent Plays|43
|player|p2|Kzoimot|101
|gametype|singles
|gen|6
|tier|UU
|rated
|rule|Sleep Clause Mod: Limit one foe put to sleep
|rule|Species Clause: Limit one of each PokÃ©mon
|rule|OHKO Clause: OHKO moves are banned
|rule|Moody Clause: Moody is banned
|rule|Evasion Moves Clause: Evasion moves are banned
|rule|Endless Battle Clause: Forcing endless battles is banned
|rule|HP Percentage Mod: HP is shown in percentages
|clearpoke
|poke|p1|Sharpedo, F
|poke|p1|Machamp, F
|poke|p1|Swampert, M
|poke|p1|Froslass, F
|poke|p1|Spiritomb, M
|poke|p1|Reuniclus, F
|poke|p2|Sharpedo, F
|poke|p2|Vileplume, M
|poke|p2|Porygon2
|poke|p2|Chandelure, F
|poke|p2|Flygon, F
|poke|p2|Azelf
|rule|Swagger Clause: Swagger is banned
|rule|Baton Pass Clause: Limit one PokÃ©mon knowing Baton Pass
|teampreview
|
|start
|switch|p1a: Cold dead and gone|Froslass, F|343\/343
|switch|p2a: Azelf|Azelf|291\/291
|turn|1
|
|move|p2a: Azelf|Knock Off|p1a: Cold dead and gone
|-supereffective|p1a: Cold dead and gone
|-damage|p1a: Cold dead and gone|25\/343
|-start|p2a: Azelf|Disable|Knock Off
|-enditem|p1a: Cold dead and gone|Focus Sash|[from] move: Knock Off|[of] p2a: Azelf
|move|p1a: Cold dead and gone|Icy Wind|p2a: Azelf
|-damage|p2a: Azelf|222\/291
|-unboost|p2a: Azelf|spe|1
|
|turn|2
|
|move|p1a: Cold dead and gone|Spikes|p2a: Azelf
|-sidestart|p2: Kzoimot|Spikes
|move|p2a: Azelf|Stealth Rock|p1a: Cold dead and gone
|-sidestart|p1: Zockcent Plays|move: Stealth Rock
|
|turn|3
|
|move|p1a: Cold dead and gone|Spikes|p2a: Azelf
|-sidestart|p2: Kzoimot|Spikes
|move|p2a: Azelf|Taunt|p1a: Cold dead and gone
|-start|p1a: Cold dead and gone|move: Taunt
|
|turn|4
|
|move|p1a: Cold dead and gone|Icy Wind|p2a: Azelf
|-damage|p2a: Azelf|149\/291
|-unboost|p2a: Azelf|spe|1
|move|p2a: Azelf|Stealth Rock|p1a: Cold dead and gone
|-fail|p1a: Cold dead and gone
|
|turn|5
|
|switch|p2a: Porygon2|Porygon2|374\/374
|-damage|p2a: Porygon2|312\/374|[from] Spikes
|-ability|p2a: Porygon2|Cursed Body|[from] ability: Trace|[of] p1a: Cold dead and gone
|move|p1a: Cold dead and gone|Icy Wind|p2a: Porygon2
|-damage|p2a: Porygon2|273\/374
|-start|p1a: Cold dead and gone|Disable|Icy Wind
|-unboost|p2a: Porygon2|spe|1
|
|turn|6
|
|move|p1a: Cold dead and gone|Struggle|p2a: Porygon2
|-damage|p2a: Porygon2|260\/374
|-damage|p1a: Cold dead and gone|0 fnt
|faint|p1a: Cold dead and gone
|move|p2a: Porygon2|Thunder Wave|p1: Cold dead and gone|[notarget]
|-notarget
|
|
|switch|p1a: Machamp|Machamp, F|364\/364
|-damage|p1a: Machamp|342\/364|[from] Stealth Rock
|turn|7
|
|switch|p2a: Azelf|Azelf|149\/291
|move|p1a: Machamp|Knock Off|p2a: Azelf
|-crit|p2a: Azelf
|-supereffective|p2a: Azelf
|-damage|p2a: Azelf|0 fnt
|-enditem|p2a: Azelf|Focus Sash|[from] move: Knock Off|[of] p1a: Machamp
|faint|p2a: Azelf
|
|
|switch|p2a: Vileplume|Vileplume, M|354\/354
|-damage|p2a: Vileplume|295\/354|[from] Spikes
|turn|8
|
|move|p1a: Machamp|Knock Off|p2a: Vileplume
|-damage|p2a: Vileplume|159\/354
|-enditem|p2a: Vileplume|Black Sludge|[from] move: Knock Off|[of] p1a: Machamp
|move|p2a: Vileplume|Sludge Bomb|p1a: Machamp
|-damage|p1a: Machamp|252\/364
|-status|p1a: Machamp|psn
|
|-damage|p1a: Machamp|207\/364 psn|[from] psn
|turn|9
|
|move|p1a: Machamp|Knock Off|p2a: Vileplume
|-damage|p2a: Vileplume|3\/354
|move|p2a: Vileplume|Synthesis|p2a: Vileplume
|-heal|p2a: Vileplume|180\/354
|
|-damage|p1a: Machamp|162\/364 psn|[from] psn
|turn|10
|
|switch|p1a: Reuniclus|Reuniclus, F|409\/409
|move|p2a: Vileplume|Synthesis|p2a: Vileplume
|-heal|p2a: Vileplume|354\/354
|
|turn|11
|
|switch|p2a: Sharpedo|Sharpedo, F|281\/281
|-damage|p2a: Sharpedo|235\/281|[from] Spikes
|move|p1a: Reuniclus|Psyshock|p2a: Sharpedo
|-immune|p2a: Sharpedo|[msg]
|
|turn|12
|
|move|p2a: Sharpedo|Crunch|p1a: Reuniclus
|-supereffective|p1a: Reuniclus
|-damage|p1a: Reuniclus|43\/409
|move|p1a: Reuniclus|Focus Blast|p2a: Sharpedo|[miss]
|-miss|p1a: Reuniclus|p2a: Sharpedo
|
|-boost|p2a: Sharpedo|spe|1|[from] ability: Speed Boost
|turn|13
|
|move|p2a: Sharpedo|Crunch|p1a: Reuniclus
|-supereffective|p1a: Reuniclus
|-damage|p1a: Reuniclus|0 fnt
|faint|p1a: Reuniclus
|
|-boost|p2a: Sharpedo|spe|1|[from] ability: Speed Boost
|
|switch|p1a: Swampert|Swampert, M|403\/403
|-damage|p1a: Swampert|378\/403|[from] Stealth Rock
|turn|14
|
|detailschange|p2a: Sharpedo|Sharpedo-Mega, F
|-mega|p2a: Sharpedo|Sharpedo|Sharpedonite
|move|p2a: Sharpedo|Crunch|p1a: Swampert
|-damage|p1a: Swampert|201\/403
|move|p1a: Swampert|Stealth Rock|p2a: Sharpedo
|-sidestart|p2: Kzoimot|move: Stealth Rock
|
|-heal|p1a: Swampert|226\/403|[from] item: Leftovers
|turn|15
|
|move|p2a: Sharpedo|Crunch|p1a: Swampert
|-damage|p1a: Swampert|22\/403
|move|p1a: Swampert|Earthquake|p2a: Sharpedo
|-damage|p2a: Sharpedo|72\/281
|
|-heal|p1a: Swampert|47\/403|[from] item: Leftovers
|turn|16
|
|move|p2a: Sharpedo|Waterfall|p1a: Swampert
|-damage|p1a: Swampert|0 fnt
|faint|p1a: Swampert
|
|
|switch|p1a: Spiritomb|Spiritomb, M|294\/294
|-damage|p1a: Spiritomb|258\/294|[from] Stealth Rock
|turn|17
|
|move|p1a: Spiritomb|Sucker Punch|p2a: Sharpedo
|-resisted|p2a: Sharpedo
|-damage|p2a: Sharpedo|0 fnt
|faint|p2a: Sharpedo
|
|
|switch|p2a: Flygon|Flygon, F|301\/301
|-damage|p2a: Flygon|283\/301|[from] Stealth Rock
|turn|18
|
|move|p1a: Spiritomb|Sucker Punch|p2a: Flygon
|-damage|p2a: Flygon|100\/301
|move|p2a: Flygon|Outrage|p1a: Spiritomb
|-damage|p1a: Spiritomb|0 fnt
|faint|p1a: Spiritomb
|
|
|switch|p1a: Machamp|Machamp, F|162\/364 psn
|-damage|p1a: Machamp|140\/364 psn|[from] Stealth Rock
|turn|19
|
|move|p1a: Machamp|Bullet Punch|p2a: Flygon
|-damage|p2a: Flygon|8\/301
|move|p2a: Flygon|Outrage|p1a: Machamp
|-damage|p1a: Machamp|0 fnt
|faint|p1a: Machamp
|
|
|switch|p1a: Torpedo|Sharpedo, F|281\/281
|-damage|p1a: Torpedo|246\/281|[from] Stealth Rock
|turn|20
|
|move|p1a: Torpedo|Protect|p1a: Torpedo
|-singleturn|p1a: Torpedo|Protect
|move|p2a: Flygon|Outrage|p1a: Torpedo
|-activate|p1a: Torpedo|Protect
|
|-end|p2a: Flygon|rampage
|-start|p2a: Flygon|confusion
|-boost|p1a: Torpedo|spe|1|[from] ability: Speed Boost
|turn|21
|
|move|p1a: Torpedo|Crunch|p2a: Flygon
|-damage|p2a: Flygon|0 fnt
|faint|p2a: Flygon
|
|-boost|p1a: Torpedo|spe|1|[from] ability: Speed Boost
|
|switch|p2a: Vileplume|Vileplume, M|354\/354
|-damage|p2a: Vileplume|310\/354|[from] Stealth Rock
|-damage|p2a: Vileplume|251\/354|[from] Spikes
|turn|22
|
|detailschange|p1a: Torpedo|Sharpedo-Mega, F
|-mega|p1a: Torpedo|Sharpedo|Sharpedonite
|move|p1a: Torpedo|Ice Fang|p2a: Vileplume
|-supereffective|p2a: Vileplume
|-damage|p2a: Vileplume|0 fnt
|faint|p2a: Vileplume
|
|
|switch|p2a: Porygon2|Porygon2|260\/374
|-damage|p2a: Porygon2|198\/374|[from] Spikes
|-damage|p2a: Porygon2|152\/374|[from] Stealth Rock
|-ability|p2a: Porygon2|Strong Jaw|[from] ability: Trace|[of] p1a: Torpedo
|turn|23
|
|move|p1a: Torpedo|Crunch|p2a: Porygon2
|-damage|p2a: Porygon2|13\/374
|move|p2a: Porygon2|Thunder Wave|p1a: Torpedo
|-status|p1a: Torpedo|par
|
|turn|24
|
|move|p2a: Porygon2|Tri Attack|p1a: Torpedo
|-damage|p1a: Torpedo|101\/281 par
|cant|p1a: Torpedo|par
|
|turn|25
|-message|Zockcent Plays forfeited.
|leave|Zockcent Plays
|
|move|p2a: Porygon2|Tri Attack|p1a: Torpedo
|-damage|p1a: Torpedo|0 fnt
|faint|p1a: Torpedo
|
|win|Kzoimot
|raw|Ladder updating...