|join|Kzoimot
|join|creyyouze
|player|p1|Kzoimot|265
|player|p2|creyyouze|150
|gametype|singles
|gen|6
|tier|UU
|rated
|rule|Sleep Clause Mod: Limit one foe put to sleep
|rule|Species Clause: Limit one of each PokÃ©mon
|rule|OHKO Clause: OHKO moves are banned
|rule|Moody Clause: Moody is banned
|rule|Evasion Moves Clause: Evasion moves are banned
|rule|Endless Battle Clause: Forcing endless battles is banned
|rule|HP Percentage Mod: HP is shown in percentages
|clearpoke
|poke|p1|Shaymin
|poke|p1|Blastoise, M
|poke|p1|Jirachi
|poke|p1|Arcanine, F
|poke|p1|Beedrill, F
|poke|p1|Flygon, M
|poke|p2|Infernape, F
|poke|p2|Hydreigon, F
|poke|p2|Shaymin
|poke|p2|Jirachi
|poke|p2|Blastoise, M
|poke|p2|Hippowdon, M
|rule|Swagger Clause: Swagger is banned
|rule|Baton Pass Clause: Limit one PokÃ©mon knowing Baton Pass
|teampreview
|
|start
|switch|p1a: Flygon|Flygon, M|301\/301
|switch|p2a: Jirachi|Jirachi|355\/355
|turn|1
|join|DeadDamian
|
|switch|p2a: Hippowdon|Hippowdon, M|420\/420
|-weather|Sandstorm
|move|p1a: Flygon|U-turn|p2a: Hippowdon
|-damage|p2a: Hippowdon|362\/420
|
|switch|p1a: Shaymin|Shaymin|341\/341
|
|-weather|Sandstorm|[upkeep]
|-damage|p1a: Shaymin|320\/341|[from] sandstorm
|-heal|p2a: Hippowdon|388\/420|[from] item: Leftovers
|turn|2
|
|switch|p2a: Jirachi|Jirachi|355\/355
|move|p1a: Shaymin|Seed Flare|p2a: Jirachi
|-resisted|p2a: Jirachi
|-damage|p2a: Jirachi|235\/355
|-unboost|p2a: Jirachi|spd|2
|-damage|p1a: Shaymin|286\/341|[from] item: Life Orb
|
|-weather|Sandstorm|[upkeep]
|-damage|p1a: Shaymin|265\/341|[from] sandstorm
|turn|3
|
|move|p2a: Jirachi|U-turn|p1a: Shaymin
|-supereffective|p1a: Shaymin
|-damage|p1a: Shaymin|111\/341
|
|switch|p2a: Hydreigon|Hydreigon, F|325\/325
|move|p1a: Shaymin|Earth Power|p2a: Hydreigon
|-immune|p2a: Hydreigon|[msg]
|
|-weather|Sandstorm|[upkeep]
|-damage|p1a: Shaymin|90\/341|[from] sandstorm
|-damage|p2a: Hydreigon|305\/325|[from] sandstorm
|turn|4
|
|switch|p1a: Jirachi|Jirachi|404\/404
|move|p2a: Hydreigon|U-turn|p1a: Jirachi
|-damage|p1a: Jirachi|353\/404
|
|switch|p2a: Hippowdon|Hippowdon, M|388\/420
|
|-weather|Sandstorm|[upkeep]
|-heal|p1a: Jirachi|378\/404|[from] item: Leftovers
|-heal|p2a: Hippowdon|414\/420|[from] item: Leftovers
|turn|5
|
|move|p1a: Jirachi|Stealth Rock|p2a: Hippowdon
|-sidestart|p2: creyyouze|move: Stealth Rock
|move|p2a: Hippowdon|Stealth Rock|p1a: Jirachi
|-sidestart|p1: Kzoimot|move: Stealth Rock
|
|-weather|none
|-heal|p1a: Jirachi|403\/404|[from] item: Leftovers
|-heal|p2a: Hippowdon|420\/420|[from] item: Leftovers
|turn|6
|
|switch|p2a: Shaymin|Shaymin|341\/341
|-damage|p2a: Shaymin|299\/341|[from] Stealth Rock
|move|p1a: Jirachi|U-turn|p2a: Shaymin
|-supereffective|p2a: Shaymin
|-damage|p2a: Shaymin|181\/341
|
|switch|p1a: Flygon|Flygon, M|301\/301
|-damage|p1a: Flygon|283\/301|[from] Stealth Rock
|
|turn|7
|
|switch|p2a: Hippowdon|Hippowdon, M|420\/420
|-damage|p2a: Hippowdon|394\/420|[from] Stealth Rock
|-weather|Sandstorm
|move|p1a: Flygon|U-turn|p2a: Hippowdon
|-damage|p2a: Hippowdon|334\/420
|
|switch|p1a: Blastoise|Blastoise, M|362\/362
|-damage|p1a: Blastoise|317\/362|[from] Stealth Rock
|
|-weather|Sandstorm|[upkeep]
|-damage|p1a: Blastoise|295\/362|[from] sandstorm
|-heal|p1a: Blastoise|317\/362|[from] item: Leftovers
|-heal|p2a: Hippowdon|360\/420|[from] item: Leftovers
|turn|8
|
|switch|p2a: Blastoise|Blastoise, M|357\/357
|-damage|p2a: Blastoise|313\/357|[from] Stealth Rock
|move|p1a: Blastoise|Rapid Spin|p2a: Blastoise
|-damage|p2a: Blastoise|301\/357
|-sideend|p1: Kzoimot|Stealth Rock|[from] move: Rapid Spin|[of] p1a: Blastoise
|
|-weather|Sandstorm|[upkeep]
|-damage|p2a: Blastoise|279\/357|[from] sandstorm
|-damage|p1a: Blastoise|295\/362|[from] sandstorm
|-heal|p1a: Blastoise|317\/362|[from] item: Leftovers
|turn|9
|
|detailschange|p2a: Blastoise|Blastoise-Mega, M
|-mega|p2a: Blastoise|Blastoise|Blastoisinite
|move|p2a: Blastoise|Rapid Spin|p1a: Blastoise
|-damage|p1a: Blastoise|305\/362
|-sideend|p2: creyyouze|Stealth Rock|[from] move: Rapid Spin|[of] p2a: Blastoise
|move|p1a: Blastoise|Toxic|p2a: Blastoise
|-status|p2a: Blastoise|tox
|
|-weather|Sandstorm|[upkeep]
|-damage|p2a: Blastoise|257\/357 tox|[from] sandstorm
|-damage|p1a: Blastoise|283\/362|[from] sandstorm
|-heal|p1a: Blastoise|305\/362|[from] item: Leftovers
|-damage|p2a: Blastoise|235\/357 tox|[from] psn
|turn|10
|
|switch|p2a: Hydreigon|Hydreigon, F|305\/325
|switch|p1a: Arcanine|Arcanine, F|321\/321
|
|-weather|Sandstorm|[upkeep]
|-damage|p2a: Hydreigon|285\/325|[from] sandstorm
|-damage|p1a: Arcanine|301\/321|[from] sandstorm
|turn|11
|
|switch|p1a: Jirachi|Jirachi|403\/404
|move|p2a: Hydreigon|Draco Meteor|p1a: Jirachi
|-resisted|p1a: Jirachi
|-damage|p1a: Jirachi|274\/404
|-unboost|p2a: Hydreigon|spa|2
|
|-weather|none
|-heal|p1a: Jirachi|299\/404|[from] item: Leftovers
|turn|12
|
|switch|p2a: Infernape|Infernape, F|293\/293
|move|p1a: Jirachi|Stealth Rock|p2a: Infernape
|-sidestart|p2: creyyouze|move: Stealth Rock
|
|-heal|p1a: Jirachi|324\/404|[from] item: Leftovers
|turn|13
|
|move|p2a: Infernape|U-turn|p1a: Jirachi
|-damage|p1a: Jirachi|245\/404
|-damage|p2a: Infernape|264\/293|[from] item: Life Orb
|
|switch|p2a: Hippowdon|Hippowdon, M|360\/420
|-damage|p2a: Hippowdon|334\/420|[from] Stealth Rock
|-weather|Sandstorm
|move|p1a: Jirachi|U-turn|p2a: Hippowdon
|-damage|p2a: Hippowdon|288\/420
|
|switch|p1a: Shaymin|Shaymin|90\/341
|
|-weather|Sandstorm|[upkeep]
|-damage|p1a: Shaymin|69\/341|[from] sandstorm
|-heal|p2a: Hippowdon|314\/420|[from] item: Leftovers
|turn|14
|
|switch|p2a: Hydreigon|Hydreigon, F|285\/325
|-damage|p2a: Hydreigon|245\/325|[from] Stealth Rock
|move|p1a: Shaymin|Rest|p1a: Shaymin
|-status|p1a: Shaymin|slp
|-heal|p1a: Shaymin|341\/341 slp|[silent]
|-status|p1a: Shaymin|slp|[from] move: Rest
|
|-weather|Sandstorm|[upkeep]
|-damage|p1a: Shaymin|320\/341 slp|[from] sandstorm
|-damage|p2a: Hydreigon|225\/325|[from] sandstorm
|turn|15
|
|switch|p1a: Flygon|Flygon, M|283\/301
|move|p2a: Hydreigon|Dark Pulse|p1a: Flygon
|-damage|p1a: Flygon|22\/301
|
|-weather|Sandstorm|[upkeep]
|-damage|p2a: Hydreigon|205\/325|[from] sandstorm
|turn|16
|
|switch|p2a: Hippowdon|Hippowdon, M|314\/420
|-damage|p2a: Hippowdon|288\/420|[from] Stealth Rock
|move|p1a: Flygon|U-turn|p2a: Hippowdon
|-damage|p2a: Hippowdon|224\/420
|
|switch|p1a: Shaymin|Shaymin|320\/341
|
|-weather|Sandstorm|[upkeep]
|-damage|p1a: Shaymin|299\/341|[from] sandstorm
|-heal|p2a: Hippowdon|250\/420|[from] item: Leftovers
|turn|17
|
|switch|p2a: Hydreigon|Hydreigon, F|205\/325
|-damage|p2a: Hydreigon|165\/325|[from] Stealth Rock
|move|p1a: Shaymin|Seed Flare|p2a: Hydreigon
|-resisted|p2a: Hydreigon
|-damage|p2a: Hydreigon|40\/325
|-damage|p1a: Shaymin|265\/341|[from] item: Life Orb
|
|-weather|none
|turn|18
|c|âKzoimot|This is a good match.
|c|âcreyyouze|yeah
|
|move|p1a: Shaymin|Rest|p1a: Shaymin
|-status|p1a: Shaymin|slp
|-heal|p1a: Shaymin|341\/341 slp|[silent]
|-status|p1a: Shaymin|slp|[from] move: Rest
|move|p2a: Hydreigon|Dark Pulse|p1a: Shaymin
|-crit|p1a: Shaymin
|-damage|p1a: Shaymin|14\/341 slp
|
|turn|19
|c|âcreyyouze|no i,m not scarfed
|c|âKzoimot|I missclicked, damn
|c|âKzoimot|I know you're specs
|
|cant|p1a: Shaymin|slp
|move|p2a: Hydreigon|Dark Pulse|p1a: Shaymin
|-damage|p1a: Shaymin|0 fnt
|faint|p1a: Shaymin
|
|c|âKzoimot|well nothing i can do
|
|switch|p1a: Flygon|Flygon, M|22\/301
|turn|20
|c|âcreyyouze|oh okay
|
|move|p1a: Flygon|U-turn|p2a: Hydreigon
|-supereffective|p2a: Hydreigon
|-damage|p2a: Hydreigon|0 fnt
|faint|p2a: Hydreigon
|c|âcreyyouze|ik your scarfed haha
|c|âKzoimot|maybe
|
|switch|p1a: Jirachi|Jirachi|245\/404
|
|-heal|p1a: Jirachi|270\/404|[from] item: Leftovers
|
|switch|p2a: Infernape|Infernape, F|264\/293
|-damage|p2a: Infernape|228\/293|[from] Stealth Rock
|turn|21
|
|switch|p1a: Blastoise|Blastoise, M|305\/362
|move|p2a: Infernape|U-turn|p1a: Blastoise
|-damage|p1a: Blastoise|244\/362
|-damage|p2a: Infernape|199\/293|[from] item: Life Orb
|
|switch|p2a: Shaymin|Shaymin|181\/341
|-damage|p2a: Shaymin|139\/341|[from] Stealth Rock
|
|-heal|p1a: Blastoise|266\/362|[from] item: Leftovers
|turn|22
|
|switch|p1a: Jirachi|Jirachi|270\/404
|move|p2a: Shaymin|Seed Flare|p1a: Jirachi
|-resisted|p1a: Jirachi
|-damage|p1a: Jirachi|193\/404
|-unboost|p1a: Jirachi|spd|2
|-damage|p2a: Shaymin|105\/341|[from] item: Life Orb
|
|-heal|p1a: Jirachi|218\/404|[from] item: Leftovers
|turn|23
|
|switch|p1a: Flygon|Flygon, M|22\/301
|move|p2a: Shaymin|Earth Power|p1a: Flygon
|-immune|p1a: Flygon|[msg]
|
|turn|24
|c|âcreyyouze|nice play
|c|âKzoimot|Thanks!
|
|switch|p2a: Hippowdon|Hippowdon, M|250\/420
|-damage|p2a: Hippowdon|224\/420|[from] Stealth Rock
|-weather|Sandstorm
|move|p1a: Flygon|U-turn|p2a: Hippowdon
|-damage|p2a: Hippowdon|159\/420
|
|switch|p1a: Beedrill|Beedrill, F|271\/271
|
|-weather|Sandstorm|[upkeep]
|-damage|p1a: Beedrill|255\/271|[from] sandstorm
|-heal|p2a: Hippowdon|185\/420|[from] item: Leftovers
|turn|25
|
|detailschange|p1a: Beedrill|Beedrill-Mega, F
|-mega|p1a: Beedrill|Beedrill|Beedrillite
|move|p1a: Beedrill|U-turn|p2a: Hippowdon
|-damage|p2a: Hippowdon|19\/420
|
|switch|p1a: Blastoise|Blastoise, M|266\/362
|move|p2a: Hippowdon|Slack Off|p2a: Hippowdon
|-heal|p2a: Hippowdon|229\/420
|
|-weather|Sandstorm|[upkeep]
|-damage|p1a: Blastoise|244\/362|[from] sandstorm
|-heal|p1a: Blastoise|266\/362|[from] item: Leftovers
|-heal|p2a: Hippowdon|255\/420|[from] item: Leftovers
|turn|26
|
|move|p1a: Blastoise|Scald|p2a: Hippowdon
|-crit|p2a: Hippowdon
|-supereffective|p2a: Hippowdon
|-damage|p2a: Hippowdon|33\/420
|-status|p2a: Hippowdon|brn
|move|p2a: Hippowdon|Slack Off|p2a: Hippowdon
|-heal|p2a: Hippowdon|243\/420 brn
|
|-weather|Sandstorm|[upkeep]
|-damage|p1a: Blastoise|244\/362|[from] sandstorm
|-heal|p1a: Blastoise|266\/362|[from] item: Leftovers
|-heal|p2a: Hippowdon|269\/420 brn|[from] item: Leftovers
|-damage|p2a: Hippowdon|217\/420 brn|[from] brn
|turn|27
|c|âcreyyouze|...
|c|âcreyyouze|double hax
|c|âKzoimot|sorry man
|
|move|p1a: Blastoise|Scald|p2a: Hippowdon
|-supereffective|p2a: Hippowdon
|-damage|p2a: Hippowdon|61\/420 brn
|move|p2a: Hippowdon|Stealth Rock|p1a: Blastoise
|-sidestart|p1: Kzoimot|move: Stealth Rock
|
|-weather|Sandstorm|[upkeep]
|-damage|p1a: Blastoise|244\/362|[from] sandstorm
|-heal|p1a: Blastoise|266\/362|[from] item: Leftovers
|-heal|p2a: Hippowdon|87\/420 brn|[from] item: Leftovers
|-damage|p2a: Hippowdon|35\/420 brn|[from] brn
|turn|28
|
|move|p1a: Blastoise|Rapid Spin|p2a: Hippowdon
|-damage|p2a: Hippowdon|23\/420 brn
|-sideend|p1: Kzoimot|Stealth Rock|[from] move: Rapid Spin|[of] p1a: Blastoise
|move|p2a: Hippowdon|Stealth Rock|p1a: Blastoise
|-sidestart|p1: Kzoimot|move: Stealth Rock
|
|-weather|none
|-heal|p1a: Blastoise|288\/362|[from] item: Leftovers
|-heal|p2a: Hippowdon|49\/420 brn|[from] item: Leftovers
|-damage|p2a: Hippowdon|0 fnt|[from] brn
|faint|p2a: Hippowdon
|c|âKzoimot|i knew you'd do that
|
|switch|p2a: Shaymin|Shaymin|105\/341
|-damage|p2a: Shaymin|63\/341|[from] Stealth Rock
|turn|29
|
|switch|p1a: Jirachi|Jirachi|218\/404
|-damage|p1a: Jirachi|193\/404|[from] Stealth Rock
|move|p2a: Shaymin|Seed Flare|p1a: Jirachi
|-resisted|p1a: Jirachi
|-damage|p1a: Jirachi|107\/404
|-damage|p2a: Shaymin|29\/341|[from] item: Life Orb
|
|-heal|p1a: Jirachi|132\/404|[from] item: Leftovers
|turn|30
|
|move|p2a: Shaymin|Rest|p2a: Shaymin
|-status|p2a: Shaymin|slp
|-heal|p2a: Shaymin|341\/341 slp|[silent]
|-status|p2a: Shaymin|slp|[from] move: Rest
|move|p1a: Jirachi|Wish|p1a: Jirachi
|
|-heal|p1a: Jirachi|157\/404|[from] item: Leftovers
|turn|31
|c|âcreyyouze|noo
|
|switch|p2a: Blastoise|Blastoise-Mega, M|235\/357 tox
|-damage|p2a: Blastoise|191\/357 tox|[from] Stealth Rock
|move|p1a: Jirachi|U-turn|p2a: Blastoise
|-damage|p2a: Blastoise|144\/357 tox
|c|âcreyyouze|i cant win this
|
|switch|p1a: Flygon|Flygon, M|22\/301
|-damage|p1a: Flygon|4\/301|[from] Stealth Rock
|
|-heal|p1a: Flygon|206\/301|[from] move: Wish|[wisher] Jirachi
|-damage|p2a: Blastoise|122\/357 tox|[from] psn
|turn|32
|c|âKzoimot|who knows
|c|âcreyyouze|me
|
|move|p1a: Flygon|Earthquake|p2a: Blastoise
|-damage|p2a: Blastoise|0 fnt
|faint|p2a: Blastoise
|
|
|switch|p2a: Shaymin|Shaymin|341\/341
|-damage|p2a: Shaymin|299\/341|[from] Stealth Rock
|turn|33
|
|switch|p1a: Jirachi|Jirachi|157\/404
|-damage|p1a: Jirachi|132\/404|[from] Stealth Rock
|move|p2a: Shaymin|Seed Flare|p1a: Jirachi
|-crit|p1a: Jirachi
|-resisted|p1a: Jirachi
|-damage|p1a: Jirachi|0 fnt
|-damage|p2a: Shaymin|265\/341|[from] item: Life Orb
|faint|p1a: Jirachi
|
|c|âcreyyouze|sry
|c|âKzoimot|no worries man
|
|switch|p1a: Beedrill|Beedrill-Mega, F|255\/271
|-damage|p1a: Beedrill|188\/271|[from] Stealth Rock
|turn|34
|
|move|p1a: Beedrill|U-turn|p2a: Shaymin
|-supereffective|p2a: Shaymin
|-damage|p2a: Shaymin|0 fnt
|faint|p2a: Shaymin
|c|âcreyyouze|gg
|
|switch|p1a: Blastoise|Blastoise, M|288\/362
|-damage|p1a: Blastoise|243\/362|[from] Stealth Rock
|
|-heal|p1a: Blastoise|265\/362|[from] item: Leftovers
|c|âKzoimot|i think it is too
|c|âcreyyouze|yup
|
|switch|p2a: Infernape|Infernape, F|199\/293
|-damage|p2a: Infernape|163\/293|[from] Stealth Rock
|turn|35
|c|âKzoimot|imma save this battle
|c|âcreyyouze|im not jolly on rachi
|c|âcreyyouze|k
|c|âcreyyouze|im nopt that expeienced
|
|move|p2a: Infernape|Close Combat|p1a: Blastoise
|-damage|p1a: Blastoise|108\/362
|-unboost|p2a: Infernape|def|1
|-unboost|p2a: Infernape|spd|1
|-damage|p2a: Infernape|134\/293|[from] item: Life Orb
|move|p1a: Blastoise|Scald|p2a: Infernape
|-supereffective|p2a: Infernape
|-damage|p2a: Infernape|0 fnt
|faint|p2a: Infernape
|
|-heal|p1a: Blastoise|130\/362|[from] item: Leftovers
|c|âKzoimot|me neither still, great battle
|
|switch|p2a: Jirachi|Jirachi|235\/355
|-damage|p2a: Jirachi|213\/355|[from] Stealth Rock
|turn|36
|c|âcreyyouze|yeah
|
|move|p2a: Jirachi|Zen Headbutt|p1a: Blastoise
|-damage|p1a: Blastoise|37\/362
|cant|p1a: Blastoise|flinch
|
|-heal|p1a: Blastoise|59\/362|[from] item: Leftovers
|turn|37
|
|move|p2a: Jirachi|Zen Headbutt|p1a: Blastoise
|-damage|p1a: Blastoise|0 fnt
|faint|p1a: Blastoise
|
|c|âKzoimot|good game
|
|switch|p1a: Flygon|Flygon, M|206\/301
|-damage|p1a: Flygon|188\/301|[from] Stealth Rock
|turn|38
|c|âcreyyouze|yes
|
|move|p1a: Flygon|Earthquake|p2a: Jirachi
|-supereffective|p2a: Jirachi
|-damage|p2a: Jirachi|0 fnt
|faint|p2a: Jirachi
|
|win|Kzoimot
|raw|Ladder updating...
|raw|Kzoimot's rating: 1294 &rarr; <strong>1314<\/strong><br \/>(+20 for winning)
|raw|creyyouze's rating: 1225 &rarr; <strong>1205<\/strong><br \/>(-20 for losing)
|leave|creyyouze
|leave|DeadDamian
|player|p2