|join|Kzoimot
|join|Gaihla
|player|p1|Kzoimot|2
|player|p2|Gaihla|98
|gametype|singles
|gen|6
|tier|UU
|rated
|rule|Sleep Clause Mod: Limit one foe put to sleep
|rule|Species Clause: Limit one of each PokÃ©mon
|rule|OHKO Clause: OHKO moves are banned
|rule|Moody Clause: Moody is banned
|rule|Evasion Moves Clause: Evasion moves are banned
|rule|Endless Battle Clause: Forcing endless battles is banned
|rule|HP Percentage Mod: HP is shown in percentages
|clearpoke
|poke|p1|Absol, F
|poke|p1|Crobat, F
|poke|p1|Lanturn, F
|poke|p1|Darmanitan, F
|poke|p1|Forretress, F
|poke|p1|Meloetta
|poke|p2|Heliolisk, F
|poke|p2|Escavalier, M
|poke|p2|Gligar, F
|poke|p2|Diancie
|poke|p2|Blastoise, F
|poke|p2|Virizion
|rule|Swagger Clause: Swagger is banned
|rule|Baton Pass Clause: Limit one PokÃ©mon knowing Baton Pass
|teampreview
|
|start
|switch|p1a: Darmanitan|Darmanitan, F|351\/351
|switch|p2a: Heliolisk|Heliolisk, F|265\/265
|turn|1
|
|move|p2a: Heliolisk|Volt Switch|p1a: Darmanitan
|-damage|p1a: Darmanitan|170\/351
|
|switch|p2a: Gligar|Gligar, F|333\/333
|move|p1a: Darmanitan|U-turn|p2a: Gligar
|-resisted|p2a: Gligar
|-damage|p2a: Gligar|309\/333
|
|switch|p1a: Absol|Absol, F|271\/271
|
|turn|2
|
|switch|p2a: Diancie|Diancie|303\/303
|detailschange|p1a: Absol|Absol-Mega, F
|-mega|p1a: Absol|Absol|Absolite
|move|p1a: Absol|Knock Off|p2a: Diancie
|-resisted|p2a: Diancie
|-damage|p2a: Diancie|239\/303
|-enditem|p2a: Diancie|Leftovers|[from] move: Knock Off|[of] p1a: Absol
|
|turn|3
|
|switch|p1a: Lanturn|Lanturn, F|454\/454
|move|p2a: Diancie|Moonblast|p1a: Lanturn
|-damage|p1a: Lanturn|366\/454
|-unboost|p1a: Lanturn|spa|1
|
|-heal|p1a: Lanturn|394\/454|[from] item: Leftovers
|turn|4
|
|move|p1a: Lanturn|Toxic|p2a: Diancie
|-status|p2a: Diancie|tox
|move|p2a: Diancie|Stealth Rock|p1a: Lanturn
|-sidestart|p1: Kzoimot|move: Stealth Rock
|
|-heal|p1a: Lanturn|422\/454|[from] item: Leftovers
|-damage|p2a: Diancie|221\/303 tox|[from] psn
|turn|5
|
|switch|p1a: Forretress|Forretress, F|354\/354
|-damage|p1a: Forretress|310\/354|[from] Stealth Rock
|switch|p2a: Heliolisk|Heliolisk, F|265\/265
|
|-heal|p1a: Forretress|332\/354|[from] item: Leftovers
|turn|6
|
|move|p2a: Heliolisk|Thunderbolt|p1a: Forretress
|-damage|p1a: Forretress|80\/354
|move|p1a: Forretress|Rapid Spin|p2a: Heliolisk
|-damage|p2a: Heliolisk|243\/265
|-sideend|p1: Kzoimot|Stealth Rock|[from] move: Rapid Spin|[of] p1a: Forretress
|
|-heal|p1a: Forretress|102\/354|[from] item: Leftovers
|turn|7
|
|switch|p2a: Gligar|Gligar, F|309\/333
|switch|p1a: Lanturn|Lanturn, F|422\/454
|
|-heal|p1a: Lanturn|450\/454|[from] item: Leftovers
|turn|8
|
|move|p2a: Gligar|Earthquake|p1a: Lanturn
|-supereffective|p1a: Lanturn
|-damage|p1a: Lanturn|186\/454
|move|p1a: Lanturn|Scald|p2a: Gligar
|-supereffective|p2a: Gligar
|-damage|p2a: Gligar|151\/333
|
|-heal|p1a: Lanturn|214\/454|[from] item: Leftovers
|turn|9
|
|move|p2a: Gligar|Roost|p2a: Gligar
|-heal|p2a: Gligar|318\/333
|move|p1a: Lanturn|Scald|p2a: Gligar
|-supereffective|p2a: Gligar
|-damage|p2a: Gligar|178\/333
|
|-heal|p1a: Lanturn|242\/454|[from] item: Leftovers
|turn|10
|
|move|p2a: Gligar|Earthquake|p1a: Lanturn
|-supereffective|p1a: Lanturn
|-damage|p1a: Lanturn|0 fnt
|faint|p1a: Lanturn
|
|
|switch|p1a: Crobat|Crobat, F|374\/374
|turn|11
|
|switch|p2a: Heliolisk|Heliolisk, F|243\/265
|move|p1a: Crobat|Taunt|p2a: Heliolisk
|-start|p2a: Heliolisk|move: Taunt
|
|turn|12
|
|switch|p1a: Forretress|Forretress, F|102\/354
|move|p2a: Heliolisk|Thunderbolt|p1a: Forretress
|-damage|p1a: Forretress|0 fnt
|faint|p1a: Forretress
|
|
|switch|p1a: Meloetta|Meloetta|403\/403
|turn|13
|
|switch|p2a: Escavalier|Escavalier, M|337\/337
|switch|p1a: Darmanitan|Darmanitan, F|170\/351
|
|turn|14
|
|switch|p2a: Blastoise|Blastoise, F|353\/353
|move|p1a: Darmanitan|Flare Blitz|p2a: Blastoise
|-resisted|p2a: Blastoise
|-damage|p2a: Blastoise|179\/353
|-damage|p1a: Darmanitan|113\/351|[from] recoil|[of] p2a: Blastoise
|
|turn|15
|
|detailschange|p2a: Blastoise|Blastoise-Mega, F
|-mega|p2a: Blastoise|Blastoise|Blastoisinite
|move|p1a: Darmanitan|Flare Blitz|p2a: Blastoise
|-resisted|p2a: Blastoise
|-damage|p2a: Blastoise|38\/353
|-damage|p1a: Darmanitan|66\/351|[from] recoil|[of] p2a: Blastoise
|move|p2a: Blastoise|Dark Pulse|p1a: Darmanitan
|-damage|p1a: Darmanitan|0 fnt
|faint|p1a: Darmanitan
|
|
|switch|p1a: Meloetta|Meloetta|403\/403
|turn|16
|
|switch|p2a: Escavalier|Escavalier, M|337\/337
|move|p1a: Meloetta|Charge Beam|p2a: Escavalier
|-damage|p2a: Escavalier|296\/337
|-boost|p1a: Meloetta|spa|1
|
|turn|17
|
|switch|p1a: Crobat|Crobat, F|374\/374
|move|p2a: Escavalier|Megahorn|p1a: Crobat
|-resisted|p1a: Crobat
|-damage|p1a: Crobat|322\/374
|
|-heal|p1a: Crobat|345\/374|[from] item: Black Sludge
|turn|18
|
|move|p1a: Crobat|U-turn|p2a: Escavalier
|-resisted|p2a: Escavalier
|-damage|p2a: Escavalier|272\/337
|
|switch|p1a: Absol|Absol-Mega, F|271\/271
|move|p2a: Escavalier|Knock Off|p1a: Absol
|-resisted|p1a: Absol
|-damage|p1a: Absol|201\/271
|
|turn|19
|
|switch|p1a: Crobat|Crobat, F|345\/374
|move|p2a: Escavalier|Megahorn|p1a: Crobat|[miss]
|-miss|p2a: Escavalier|p1a: Crobat
|
|-heal|p1a: Crobat|368\/374|[from] item: Black Sludge
|turn|20
|
|move|p1a: Crobat|Brave Bird|p2a: Escavalier
|-damage|p2a: Escavalier|142\/337
|-damage|p1a: Crobat|325\/374|[from] recoil|[of] p2a: Escavalier
|move|p2a: Escavalier|Iron Head|p1a: Crobat
|-damage|p1a: Crobat|184\/374
|
|-heal|p1a: Crobat|207\/374|[from] item: Black Sludge
|turn|21
|
|move|p1a: Crobat|Roost|p1a: Crobat
|-heal|p1a: Crobat|374\/374
|move|p2a: Escavalier|Knock Off|p1a: Crobat
|-damage|p1a: Crobat|265\/374
|-enditem|p1a: Crobat|Black Sludge|[from] move: Knock Off|[of] p2a: Escavalier
|
|turn|22
|
|move|p1a: Crobat|Brave Bird|p2a: Escavalier
|-damage|p2a: Escavalier|6\/337
|-damage|p1a: Crobat|220\/374|[from] recoil|[of] p2a: Escavalier
|move|p2a: Escavalier|Iron Head|p1a: Crobat
|-damage|p1a: Crobat|87\/374
|
|turn|23
|
|move|p1a: Crobat|Roost|p1a: Crobat
|-heal|p1a: Crobat|274\/374
|move|p2a: Escavalier|Drill Run|p1a: Crobat
|-crit|p1a: Crobat
|-supereffective|p1a: Crobat
|-damage|p1a: Crobat|8\/374
|
|turn|24
|
|switch|p2a: Diancie|Diancie|221\/303 tox
|move|p1a: Crobat|Roost|p1a: Crobat
|-heal|p1a: Crobat|195\/374
|
|-damage|p2a: Diancie|203\/303 tox|[from] psn
|turn|25
|
|move|p1a: Crobat|Taunt|p2a: Diancie
|-start|p2a: Diancie|move: Taunt
|move|p2a: Diancie|Diamond Storm|p1a: Crobat
|-supereffective|p1a: Crobat
|-damage|p1a: Crobat|0 fnt
|faint|p1a: Crobat
|
|-damage|p2a: Diancie|167\/303 tox|[from] psn
|
|switch|p1a: Meloetta|Meloetta|403\/403
|turn|26
|
|move|p1a: Meloetta|Energy Ball|p2a: Diancie
|-supereffective|p2a: Diancie
|-damage|p2a: Diancie|49\/303 tox
|move|p2a: Diancie|Diamond Storm|p1a: Meloetta
|-damage|p1a: Meloetta|261\/403
|-boost|p2a: Diancie|def|1
|
|-damage|p2a: Diancie|0 fnt|[from] psn
|faint|p2a: Diancie
|
|switch|p2a: Heliolisk|Heliolisk, F|243\/265
|turn|27
|
|move|p2a: Heliolisk|Volt Switch|p1a: Meloetta
|-damage|p1a: Meloetta|195\/403
|
|switch|p2a: Escavalier|Escavalier, M|6\/337
|move|p1a: Meloetta|Hyper Voice|p2a: Escavalier
|-resisted|p2a: Escavalier
|-damage|p2a: Escavalier|0 fnt
|faint|p2a: Escavalier
|
|
|switch|p2a: Heliolisk|Heliolisk, F|243\/265
|turn|28
|
|move|p2a: Heliolisk|Volt Switch|p1a: Meloetta
|-damage|p1a: Meloetta|123\/403
|
|switch|p2a: Blastoise|Blastoise-Mega, F|38\/353
|move|p1a: Meloetta|Charge Beam|p2a: Blastoise
|-supereffective|p2a: Blastoise
|-damage|p2a: Blastoise|0 fnt
|-boost|p1a: Meloetta|spa|1
|faint|p2a: Blastoise
|
|
|switch|p2a: Virizion|Virizion|323\/323
|turn|29
|
|move|p2a: Virizion|Leaf Blade|p1a: Meloetta
|-crit|p1a: Meloetta
|-damage|p1a: Meloetta|0 fnt
|faint|p1a: Meloetta
|
|
|switch|p1a: Absol|Absol-Mega, F|201\/271
|turn|30
|
|move|p1a: Absol|Play Rough|p2a: Virizion
|-supereffective|p2a: Virizion
|-damage|p2a: Virizion|0 fnt
|faint|p2a: Virizion
|
|
|switch|p2a: Gligar|Gligar, F|178\/333
|turn|31
|
|move|p1a: Absol|Knock Off|p2a: Gligar
|-damage|p2a: Gligar|87\/333
|-enditem|p2a: Gligar|Eviolite|[from] move: Knock Off|[of] p1a: Absol
|move|p2a: Gligar|Earthquake|p1a: Absol
|-damage|p1a: Absol|59\/271
|
|turn|32
|
|move|p1a: Absol|Knock Off|p2a: Gligar
|-damage|p2a: Gligar|0 fnt
|faint|p2a: Gligar
|
|
|switch|p2a: Heliolisk|Heliolisk, F|243\/265
|turn|33
|
|move|p1a: Absol|Sucker Punch|p2a: Heliolisk
|-damage|p2a: Heliolisk|0 fnt
|faint|p2a: Heliolisk
|
|win|Kzoimot
|raw|Ladder updating...
|raw|Kzoimot's rating: 1293 &rarr; <strong>1316<\/strong><br \/>(+23 for winning)
|raw|Gaihla's rating: 1266 &rarr; <strong>1243<\/strong><br \/>(-23 for losing)
|c|âKzoimot|gg
|c|âGaihla|GG
|leave|Kzoimot