|join|Appreciation
|join|TheCritMagnet
|player|p1|Appreciation|266
|player|p2|TheCritMagnet|126
|gametype|singles
|gen|6
|tier|ORAS OU
|rated
|rule|Sleep Clause Mod: Limit one foe put to sleep
|rule|Species Clause: Limit one of each PokÃ©mon
|rule|OHKO Clause: OHKO moves are banned
|rule|Moody Clause: Moody is banned
|rule|Evasion Moves Clause: Evasion moves are banned
|rule|Endless Battle Clause: Forcing endless battles is banned
|rule|HP Percentage Mod: HP is shown in percentages
|clearpoke
|poke|p1|Slowbro, F
|poke|p1|Chansey, F
|poke|p1|Skarmory, M
|poke|p1|Mew
|poke|p1|Heatran, M
|poke|p1|Clefable, M
|poke|p2|Beedrill, M
|poke|p2|Magnezone
|poke|p2|Mamoswine, M
|poke|p2|Rotom-Wash
|poke|p2|Latios, M
|poke|p2|Keldeo
|rule|Swagger Clause: Swagger is banned
|rule|Baton Pass Clause: Limit one PokÃ©mon knowing Baton Pass
|teampreview
|
|start
|switch|p1a: Heatran|Heatran, M|339\/339
|switch|p2a: Beedrill|Beedrill, M|271\/271
|-item|p1a: Heatran|Air Balloon
|turn|1
|
|detailschange|p2a: Beedrill|Beedrill-Mega, M
|message|Beedrill has Mega Evolved into Mega Beedrill!
|move|p2a: Beedrill|Protect|p2a: Beedrill
|-singleturn|p2a: Beedrill|Protect
|move|p1a: Heatran|Fire Blast|p2a: Beedrill
|-activate|p2a: Beedrill|Protect
|
|turn|2
|
|switch|p2a: Keldeo|Keldeo|323\/323
|move|p1a: Heatran|Toxic|p2a: Keldeo
|-status|p2a: Keldeo|tox
|
|-damage|p2a: Keldeo|303\/323 tox|[from] psn
|turn|3
|
|move|p2a: Keldeo|Scald|p1a: Heatran
|-supereffective|p1a: Heatran
|-damage|p1a: Heatran|37\/339
|-enditem|p1a: Heatran|Air Balloon
|move|p1a: Heatran|Stealth Rock|p2a: Keldeo
|-sidestart|p2: TheCritMagnet|move: Stealth Rock
|
|-damage|p2a: Keldeo|263\/323 tox|[from] psn
|turn|4
|
|switch|p1a: Clefable|Clefable, M|394\/394
|move|p2a: Keldeo|Secret Sword|p1a: Clefable
|-resisted|p1a: Clefable
|-damage|p1a: Clefable|310\/394
|
|-heal|p1a: Clefable|334\/394|[from] item: Leftovers
|-damage|p2a: Keldeo|203\/323 tox|[from] psn
|turn|5
|
|switch|p2a: Beedrill|Beedrill-Mega, M|271\/271
|-damage|p2a: Beedrill|204\/271|[from] Stealth Rock
|move|p1a: Clefable|Moonblast|p2a: Beedrill
|-resisted|p2a: Beedrill
|-damage|p2a: Beedrill|144\/271
|-unboost|p2a: Beedrill|spa|1
|
|-heal|p1a: Clefable|358\/394|[from] item: Leftovers
|turn|6
|
|switch|p1a: Skarmory|Skarmory, M|334\/334
|move|p2a: Beedrill|U-turn|p1a: Skarmory
|-resisted|p1a: Skarmory
|-damage|p1a: Skarmory|309\/334
|
|switch|p2a: Magnezone|Magnezone|281\/281
|-damage|p2a: Magnezone|264\/281|[from] Stealth Rock
|
|turn|7
|
|switch|p1a: Chansey|Chansey, F|704\/704
|move|p2a: Magnezone|Volt Switch|p1a: Chansey
|-damage|p1a: Chansey|611\/704
|
|switch|p2a: Mamoswine|Mamoswine, M|383\/383
|-damage|p2a: Mamoswine|336\/383|[from] Stealth Rock
|
|turn|8
|
|switch|p1a: Slowbro|Slowbro, F|385\/385
|move|p2a: Mamoswine|Stealth Rock|p1a: Slowbro
|-sidestart|p1: Appreciation|move: Stealth Rock
|
|turn|9
|
|switch|p2a: Magnezone|Magnezone|264\/281
|-damage|p2a: Magnezone|247\/281|[from] Stealth Rock
|detailschange|p1a: Slowbro|Slowbro-Mega, F
|message|Slowbro has Mega Evolved into Mega Slowbro!
|move|p1a: Slowbro|Scald|p2a: Magnezone
|-damage|p2a: Magnezone|76\/281
|
|turn|10
|
|switch|p1a: Heatran|Heatran, M|37\/339
|-damage|p1a: Heatran|0 fnt|[from] Stealth Rock
|faint|p1a: Heatran
|move|p2a: Magnezone|Volt Switch|p1: Heatran|[notarget]
|-notarget
|
|
|switch|p1a: Clefable|Clefable, M|358\/394
|turn|11
|
|move|p2a: Magnezone|Volt Switch|p1a: Clefable
|-damage|p1a: Clefable|246\/394
|
|switch|p2a: Rotom-Wash|Rotom-Wash|304\/304
|-damage|p2a: Rotom-Wash|266\/304|[from] Stealth Rock
|move|p1a: Clefable|Moonblast|p2a: Rotom-Wash
|-damage|p2a: Rotom-Wash|155\/304
|
|-heal|p2a: Rotom-Wash|174\/304|[from] item: Leftovers
|-heal|p1a: Clefable|270\/394|[from] item: Leftovers
|turn|12
|
|move|p2a: Rotom-Wash|Volt Switch|p1a: Clefable
|-damage|p1a: Clefable|186\/394
|
|switch|p2a: Magnezone|Magnezone|76\/281
|-damage|p2a: Magnezone|59\/281|[from] Stealth Rock
|move|p1a: Clefable|Soft-Boiled|p1a: Clefable
|-heal|p1a: Clefable|383\/394
|
|-heal|p1a: Clefable|394\/394|[from] item: Leftovers
|turn|13
|
|move|p2a: Magnezone|Volt Switch|p1a: Clefable
|-damage|p1a: Clefable|265\/394
|
|switch|p2a: Mamoswine|Mamoswine, M|336\/383
|-damage|p2a: Mamoswine|289\/383|[from] Stealth Rock
|move|p1a: Clefable|Flamethrower|p2a: Mamoswine
|-supereffective|p2a: Mamoswine
|-damage|p2a: Mamoswine|193\/383
|
|-heal|p1a: Clefable|289\/394|[from] item: Leftovers
|turn|14
|
|switch|p1a: Slowbro|Slowbro-Mega, F|385\/385
|-damage|p1a: Slowbro|337\/385|[from] Stealth Rock
|move|p2a: Mamoswine|Earthquake|p1a: Slowbro
|-damage|p1a: Slowbro|225\/385
|
|turn|15
|
|switch|p2a: Rotom-Wash|Rotom-Wash|174\/304
|-damage|p2a: Rotom-Wash|136\/304|[from] Stealth Rock
|move|p1a: Slowbro|Slack Off|p1a: Slowbro
|-heal|p1a: Slowbro|385\/385
|
|-heal|p2a: Rotom-Wash|155\/304|[from] item: Leftovers
|turn|16
|
|switch|p1a: Chansey|Chansey, F|611\/704
|-damage|p1a: Chansey|523\/704|[from] Stealth Rock
|move|p2a: Rotom-Wash|Will-O-Wisp|p1a: Chansey
|-status|p1a: Chansey|brn
|
|-heal|p2a: Rotom-Wash|174\/304|[from] item: Leftovers
|-damage|p1a: Chansey|435\/704 brn|[from] brn
|turn|17
|
|move|p2a: Rotom-Wash|Pain Split|p1a: Chansey
|-sethp|p1a: Chansey|304\/704 brn|p2a: Rotom-Wash|304\/304|[from] move: Pain Split
|move|p1a: Chansey|Soft-Boiled|p1a: Chansey
|-heal|p1a: Chansey|656\/704 brn
|
|-damage|p1a: Chansey|568\/704 brn|[from] brn
|turn|18
|
|move|p2a: Rotom-Wash|Volt Switch|p1a: Chansey
|-damage|p1a: Chansey|514\/704 brn
|
|switch|p2a: Latios|Latios, M|302\/302
|-damage|p2a: Latios|265\/302|[from] Stealth Rock
|move|p1a: Chansey|Seismic Toss|p2a: Latios
|-damage|p2a: Latios|165\/302
|
|-damage|p1a: Chansey|426\/704 brn|[from] brn
|turn|19
|
|move|p2a: Latios|Defog|p1a: Chansey
|-unboost|p1a: Chansey|evasion|1
|-sideend|p1: Appreciation|Stealth Rock|[from] move: Defog|[of] p1a: Chansey
|-sideend|p2: TheCritMagnet|Stealth Rock|[from] move: Defog|[of] p2a: Latios
|move|p1a: Chansey|Thunder Wave|p2a: Latios
|-status|p2a: Latios|par
|
|-damage|p1a: Chansey|338\/704 brn|[from] brn
|turn|20
|
|switch|p2a: Keldeo|Keldeo|203\/323 tox
|move|p1a: Chansey|Soft-Boiled|p1a: Chansey
|-heal|p1a: Chansey|690\/704 brn
|
|-damage|p2a: Keldeo|183\/323 tox|[from] psn
|-damage|p1a: Chansey|602\/704 brn|[from] brn
|turn|21
|
|switch|p1a: Clefable|Clefable, M|289\/394
|move|p2a: Keldeo|Scald|p1a: Clefable
|-damage|p1a: Clefable|153\/394
|-status|p1a: Clefable|brn
|
|-heal|p1a: Clefable|177\/394 brn|[from] item: Leftovers
|-damage|p2a: Keldeo|143\/323 tox|[from] psn
|turn|22
|
|switch|p2a: Mamoswine|Mamoswine, M|193\/383
|move|p1a: Clefable|Soft-Boiled|p1a: Clefable
|-heal|p1a: Clefable|374\/394 brn
|
|-heal|p1a: Clefable|394\/394 brn|[from] item: Leftovers
|turn|23
|
|switch|p2a: Magnezone|Magnezone|59\/281
|switch|p1a: Slowbro|Slowbro-Mega, F|385\/385
|
|turn|24
|
|switch|p1a: Chansey|Chansey, F|602\/704
|move|p2a: Magnezone|Volt Switch|p1a: Chansey
|-damage|p1a: Chansey|508\/704
|
|switch|p2a: Mamoswine|Mamoswine, M|193\/383
|
|turn|25
|
|switch|p1a: Slowbro|Slowbro-Mega, F|385\/385
|move|p2a: Mamoswine|Stealth Rock|p1a: Slowbro
|-sidestart|p1: Appreciation|move: Stealth Rock
|
|turn|26
|
|move|p2a: Mamoswine|Earthquake|p1a: Slowbro
|-damage|p1a: Slowbro|270\/385
|move|p1a: Slowbro|Scald|p2a: Mamoswine
|-supereffective|p2a: Mamoswine
|-damage|p2a: Mamoswine|0 fnt
|faint|p2a: Mamoswine
|
|
|switch|p2a: Beedrill|Beedrill-Mega, M|144\/271
|turn|27
|
|move|p2a: Beedrill|U-turn|p1a: Slowbro
|-supereffective|p1a: Slowbro
|-damage|p1a: Slowbro|30\/385
|
|switch|p2a: Magnezone|Magnezone|59\/281
|move|p1a: Slowbro|Scald|p2a: Magnezone
|-damage|p2a: Magnezone|0 fnt
|faint|p2a: Magnezone
|
|
|switch|p2a: Beedrill|Beedrill-Mega, M|144\/271
|turn|28
|
|move|p2a: Beedrill|U-turn|p1a: Slowbro
|-supereffective|p1a: Slowbro
|-damage|p1a: Slowbro|0 fnt
|faint|p1a: Slowbro
|
|switch|p2a: Keldeo|Keldeo|143\/323 tox
|
|-damage|p2a: Keldeo|123\/323 tox|[from] psn
|
|switch|p1a: Clefable|Clefable, M|394\/394 brn
|turn|29
|
|switch|p2a: Latios|Latios, M|165\/302 par
|move|p1a: Clefable|Moonblast|p2a: Latios
|-supereffective|p2a: Latios
|-damage|p2a: Latios|0 fnt
|faint|p2a: Latios
|
|
|switch|p2a: Beedrill|Beedrill-Mega, M|144\/271
|turn|30
|
|switch|p1a: Skarmory|Skarmory, M|309\/334
|-damage|p1a: Skarmory|268\/334|[from] Stealth Rock
|move|p2a: Beedrill|Poison Jab|p1a: Skarmory
|-immune|p1a: Skarmory|[msg]
|
|turn|31
|
|move|p2a: Beedrill|U-turn|p1a: Skarmory
|-resisted|p1a: Skarmory
|-damage|p1a: Skarmory|244\/334
|
|switch|p2a: Rotom-Wash|Rotom-Wash|304\/304
|move|p1a: Skarmory|Spikes|p2a: Rotom-Wash
|-sidestart|p2: TheCritMagnet|Spikes
|
|turn|32
|
|switch|p1a: Chansey|Chansey, F|508\/704
|-damage|p1a: Chansey|420\/704|[from] Stealth Rock
|move|p2a: Rotom-Wash|Volt Switch|p1a: Chansey
|-damage|p1a: Chansey|366\/704
|
|switch|p2a: Keldeo|Keldeo|123\/323 tox
|-damage|p2a: Keldeo|83\/323 tox|[from] Spikes
|
|-damage|p2a: Keldeo|63\/323 tox|[from] psn
|turn|33
|
|switch|p2a: Beedrill|Beedrill-Mega, M|144\/271
|-damage|p2a: Beedrill|111\/271|[from] Spikes
|move|p1a: Chansey|Soft-Boiled|p1a: Chansey
|-heal|p1a: Chansey|704\/704
|
|turn|34
|
|move|p2a: Beedrill|Poison Jab|p1a: Chansey
|-damage|p1a: Chansey|426\/704
|move|p1a: Chansey|Seismic Toss|p2a: Beedrill
|-damage|p2a: Beedrill|11\/271
|
|turn|35
|-message|TheCritMagnet forfeited.
|
|win|Appreciation
|raw|Ladder updating...
|leave|TheCritMagnet
|player|p2
|raw|Appreciation's rating: 1437 &rarr; <strong>1449<\/strong><br \/>(+12 for winning)
|raw|TheCritMagnet's rating: 1276 &rarr; <strong>1262<\/strong><br \/>(-14 for losing)