|join|LordOfTime11
|join|Appreciation
|player|p1|LordOfTime11|70
|player|p2|Appreciation|170
|gametype|singles
|gen|6
|tier|OU
|rated
|clearpoke
|poke|p1|Metagross
|poke|p1|Heatran, M
|poke|p1|Latios, M
|poke|p1|Latias, F
|poke|p1|Talonflame, M
|poke|p1|Rotom-Wash
|poke|p2|Bisharp, M
|poke|p2|Politoed, F
|poke|p2|Kingdra, F
|poke|p2|Swampert, F
|poke|p2|Latias, F
|poke|p2|Ferrothorn, M
|rule|Swagger Clause: Swagger is banned
|rule|Baton Pass Clause: Limit one PokÃ©mon knowing Baton Pass
|rule|Sleep Clause Mod: Limit one foe put to sleep
|rule|Species Clause: Limit one of each PokÃ©mon
|rule|OHKO Clause: OHKO moves are banned
|rule|Moody Clause: Moody is banned
|rule|Evasion Moves Clause: Evasion moves are banned
|rule|Endless Battle Clause: Forcing endless battles is banned
|rule|HP Percentage Mod: HP is shown in percentages
|teampreview
|
|start
|switch|p1a: Rotom-Wash|Rotom-Wash|304\/304
|switch|p2a: Bisharp|Bisharp, M|334\/334
|turn|1
|
|move|p1a: Rotom-Wash|Volt Switch|p2a: Bisharp
|-damage|p2a: Bisharp|213\/334
|
|switch|p1a: Heatran|Heatran, M|385\/385
|move|p2a: Bisharp|Stealth Rock|p1a: Heatran
|-sidestart|p1: LordOfTime11|move: Stealth Rock
|
|turn|2
|
|move|p1a: Heatran|Stealth Rock|p2a: Bisharp
|-sidestart|p2: Appreciation|move: Stealth Rock
|move|p2a: Bisharp|Rain Dance|p2a: Bisharp
|-weather|RainDance
|
|-weather|RainDance|[upkeep]
|turn|3
|
|move|p1a: Heatran|Lava Plume|p2a: Bisharp
|-supereffective|p2a: Bisharp
|-damage|p2a: Bisharp|39\/334
|move|p2a: Bisharp|Knock Off|p1a: Heatran
|-damage|p1a: Heatran|195\/385
|-enditem|p1a: Heatran|Leftovers|[from] move: Knock Off|[of] p2a: Bisharp
|
|-weather|RainDance|[upkeep]
|turn|4
|
|move|p2a: Bisharp|Sucker Punch|p1a: Heatran
|-damage|p1a: Heatran|53\/385
|move|p1a: Heatran|Lava Plume|p2a: Bisharp
|-supereffective|p2a: Bisharp
|-damage|p2a: Bisharp|0 fnt
|faint|p2a: Bisharp
|
|-weather|RainDance|[upkeep]
|
|switch|p2a: Swampert|Swampert, F|341\/341
|-damage|p2a: Swampert|320\/341|[from] Stealth Rock
|turn|5
|join|yuki-li
|
|detailschange|p2a: Swampert|Swampert-Mega, F
|message|Swampert has Mega Evolved into Mega Swampert!
|move|p2a: Swampert|Waterfall|p1a: Heatran
|-supereffective|p1a: Heatran
|-damage|p1a: Heatran|0 fnt
|faint|p1a: Heatran
|
|-weather|RainDance|[upkeep]
|
|switch|p1a: Rotom-Wash|Rotom-Wash|304\/304
|-damage|p1a: Rotom-Wash|266\/304|[from] Stealth Rock
|turn|6
|
|switch|p2a: Latias|Latias, F|302\/302
|-damage|p2a: Latias|265\/302|[from] Stealth Rock
|move|p1a: Rotom-Wash|Will-O-Wisp|p2a: Latias|[miss]
|-miss|p1a: Rotom-Wash|p2a: Latias
|
|-weather|none
|-heal|p1a: Rotom-Wash|285\/304|[from] item: Leftovers
|turn|7
|
|switch|p1a: Metagross|Metagross|302\/302
|-damage|p1a: Metagross|284\/302|[from] Stealth Rock
|move|p2a: Latias|Psyshock|p1a: Metagross
|-resisted|p1a: Metagross
|-damage|p1a: Metagross|253\/302
|-damage|p2a: Latias|235\/302|[from] item: Life Orb
|
|turn|8
|
|switch|p2a: Politoed|Politoed, F|384\/384
|-damage|p2a: Politoed|336\/384|[from] Stealth Rock
|-weather|RainDance
|switch|p1a: Latios|Latios, M|301\/301
|-damage|p1a: Latios|264\/301|[from] Stealth Rock
|
|-weather|RainDance|[upkeep]
|turn|9
|
|switch|p2a: Kingdra|Kingdra, F|291\/291
|-damage|p2a: Kingdra|255\/291|[from] Stealth Rock
|move|p1a: Latios|Defog|p2a: Kingdra
|-unboost|p2a: Kingdra|evasion|1
|-sideend|p2: Appreciation|Stealth Rock|[from] move: Defog|[of] p2a: Kingdra
|-sideend|p1: LordOfTime11|Stealth Rock|[from] move: Defog|[of] p1a: Latios
|
|-weather|RainDance|[upkeep]
|turn|10
|
|switch|p1a: Metagross|Metagross|253\/302
|move|p2a: Kingdra|Dragon Pulse|p1a: Metagross
|-resisted|p1a: Metagross
|-damage|p1a: Metagross|163\/302
|-damage|p2a: Kingdra|226\/291|[from] item: Life Orb
|
|-weather|RainDance|[upkeep]
|turn|11
|
|switch|p1a: Latias|Latias, F|302\/302
|move|p2a: Kingdra|Scald|p1a: Latias
|-resisted|p1a: Latias
|-damage|p1a: Latias|210\/302
|-status|p1a: Latias|brn
|-damage|p2a: Kingdra|197\/291|[from] item: Life Orb
|
|-weather|RainDance|[upkeep]
|-damage|p1a: Latias|173\/302 brn|[from] brn
|turn|12
|
|move|p2a: Kingdra|Dragon Pulse|p1a: Latias
|-crit|p1a: Latias
|-supereffective|p1a: Latias
|-damage|p1a: Latias|0 fnt
|-damage|p2a: Kingdra|168\/291|[from] item: Life Orb
|faint|p1a: Latias
|
|-weather|RainDance|[upkeep]
|
|switch|p1a: Talonflame|Talonflame, M|319\/319
|turn|13
|
|switch|p2a: Ferrothorn|Ferrothorn, M|352\/352
|move|p1a: Talonflame|Brave Bird|p2a: Ferrothorn
|-damage|p2a: Ferrothorn|216\/352
|-damage|p1a: Talonflame|280\/319|[from] ability: Iron Barbs|[of] p2a: Ferrothorn
|-damage|p1a: Talonflame|235\/319|[from] recoil|[of] p2a: Ferrothorn
|
|-weather|RainDance|[upkeep]
|-heal|p2a: Ferrothorn|238\/352|[from] item: Leftovers
|turn|14
|
|move|p1a: Talonflame|Swords Dance|p1a: Talonflame
|-boost|p1a: Talonflame|atk|2
|move|p2a: Ferrothorn|Leech Seed|p1a: Talonflame
|-start|p1a: Talonflame|move: Leech Seed
|
|-weather|RainDance|[upkeep]
|-heal|p2a: Ferrothorn|260\/352|[from] item: Leftovers
|-damage|p1a: Talonflame|196\/319|[from] Leech Seed|[of] p2a: Ferrothorn
|-heal|p2a: Ferrothorn|299\/352|[silent]
|turn|15
|
|move|p1a: Talonflame|Roost|p1a: Talonflame
|-heal|p1a: Talonflame|319\/319
|move|p2a: Ferrothorn|Gyro Ball|p1a: Talonflame
|-resisted|p1a: Talonflame
|-damage|p1a: Talonflame|213\/319
|
|-weather|none
|-heal|p2a: Ferrothorn|321\/352|[from] item: Leftovers
|-damage|p1a: Talonflame|174\/319|[from] Leech Seed|[of] p2a: Ferrothorn
|-heal|p2a: Ferrothorn|352\/352|[silent]
|turn|16
|
|move|p1a: Talonflame|Roost|p1a: Talonflame
|-heal|p1a: Talonflame|319\/319
|move|p2a: Ferrothorn|Gyro Ball|p1a: Talonflame
|-resisted|p1a: Talonflame
|-damage|p1a: Talonflame|205\/319
|
|-damage|p1a: Talonflame|166\/319|[from] Leech Seed|[of] p2a: Ferrothorn
|turn|17
|
|move|p1a: Talonflame|Roost|p1a: Talonflame
|-heal|p1a: Talonflame|319\/319
|move|p2a: Ferrothorn|Gyro Ball|p1a: Talonflame
|-crit|p1a: Talonflame
|-resisted|p1a: Talonflame
|-damage|p1a: Talonflame|142\/319
|
|-damage|p1a: Talonflame|103\/319|[from] Leech Seed|[of] p2a: Ferrothorn
|turn|18
|
|switch|p2a: Politoed|Politoed, F|336\/384
|-weather|RainDance
|move|p1a: Talonflame|Roost|p1a: Talonflame
|-heal|p1a: Talonflame|263\/319
|
|-weather|RainDance|[upkeep]
|-damage|p1a: Talonflame|224\/319|[from] Leech Seed|[of] p2a: Politoed
|-heal|p2a: Politoed|375\/384|[silent]
|turn|19
|
|switch|p2a: Ferrothorn|Ferrothorn, M|352\/352
|move|p1a: Talonflame|Brave Bird|p2a: Ferrothorn
|-damage|p2a: Ferrothorn|111\/352
|-damage|p1a: Talonflame|185\/319|[from] ability: Iron Barbs|[of] p2a: Ferrothorn
|-damage|p1a: Talonflame|105\/319|[from] recoil|[of] p2a: Ferrothorn
|
|-weather|RainDance|[upkeep]
|-heal|p2a: Ferrothorn|133\/352|[from] item: Leftovers
|-damage|p1a: Talonflame|66\/319|[from] Leech Seed|[of] p2a: Ferrothorn
|-heal|p2a: Ferrothorn|172\/352|[silent]
|turn|20
|
|move|p1a: Talonflame|Roost|p1a: Talonflame
|-heal|p1a: Talonflame|226\/319
|move|p2a: Ferrothorn|Gyro Ball|p1a: Talonflame
|-resisted|p1a: Talonflame
|-damage|p1a: Talonflame|116\/319
|
|-weather|RainDance|[upkeep]
|-heal|p2a: Ferrothorn|194\/352|[from] item: Leftovers
|-damage|p1a: Talonflame|77\/319|[from] Leech Seed|[of] p2a: Ferrothorn
|-heal|p2a: Ferrothorn|233\/352|[silent]
|turn|21
|leave|yuki-li
|
|move|p1a: Talonflame|Roost|p1a: Talonflame
|-heal|p1a: Talonflame|237\/319
|move|p2a: Ferrothorn|Gyro Ball|p1a: Talonflame
|-resisted|p1a: Talonflame
|-damage|p1a: Talonflame|119\/319
|
|-weather|RainDance|[upkeep]
|-heal|p2a: Ferrothorn|255\/352|[from] item: Leftovers
|-damage|p1a: Talonflame|80\/319|[from] Leech Seed|[of] p2a: Ferrothorn
|-heal|p2a: Ferrothorn|294\/352|[silent]
|turn|22
|
|switch|p2a: Politoed|Politoed, F|375\/384
|move|p1a: Talonflame|Roost|p1a: Talonflame
|-heal|p1a: Talonflame|240\/319
|
|-weather|RainDance|[upkeep]
|-damage|p1a: Talonflame|201\/319|[from] Leech Seed|[of] p2a: Politoed
|-heal|p2a: Politoed|384\/384|[silent]
|turn|23
|
|move|p1a: Talonflame|Brave Bird|p2a: Politoed
|-damage|p2a: Politoed|0 fnt
|-damage|p1a: Talonflame|74\/319|[from] recoil|[of] p2a: Politoed
|faint|p2a: Politoed
|
|-weather|RainDance|[upkeep]
|
|switch|p2a: Latias|Latias, F|235\/302
|turn|24
|
|switch|p1a: Metagross|Metagross|163\/302
|move|p2a: Latias|Thunder|p1a: Metagross
|-damage|p1a: Metagross|0 fnt
|-damage|p2a: Latias|205\/302|[from] item: Life Orb
|faint|p1a: Metagross
|
|-weather|RainDance|[upkeep]
|
|switch|p1a: Rotom-Wash|Rotom-Wash|285\/304
|turn|25
|
|move|p2a: Latias|Draco Meteor|p1a: Rotom-Wash|[miss]
|-miss|p2a: Latias|p1a: Rotom-Wash
|move|p1a: Rotom-Wash|Volt Switch|p2a: Latias
|-resisted|p2a: Latias
|-damage|p2a: Latias|169\/302
|c|âAppreciation|pro shit
|
|switch|p1a: Latios|Latios, M|264\/301
|
|-weather|none
|turn|26
|
|move|p2a: Latias|Draco Meteor|p1a: Latios
|-supereffective|p1a: Latios
|-damage|p1a: Latios|0 fnt
|-unboost|p2a: Latias|spa|2
|-damage|p2a: Latias|139\/302|[from] item: Life Orb
|faint|p1a: Latios
|
|
|switch|p1a: Talonflame|Talonflame, M|74\/319
|turn|27
|
|switch|p2a: Swampert|Swampert-Mega, F|320\/341
|move|p1a: Talonflame|Roost|p1a: Talonflame
|-heal|p1a: Talonflame|234\/319
|
|turn|28
|
|switch|p1a: Rotom-Wash|Rotom-Wash|285\/304
|move|p2a: Swampert|Waterfall|p1a: Rotom-Wash
|-resisted|p1a: Rotom-Wash
|-damage|p1a: Rotom-Wash|222\/304
|
|-heal|p1a: Rotom-Wash|241\/304|[from] item: Leftovers
|turn|29
|
|switch|p2a: Latias|Latias, F|139\/302
|move|p1a: Rotom-Wash|Volt Switch|p2a: Latias
|-resisted|p2a: Latias
|-damage|p2a: Latias|104\/302
|
|switch|p1a: Talonflame|Talonflame, M|234\/319
|
|turn|30
|
|switch|p2a: Ferrothorn|Ferrothorn, M|294\/352
|move|p1a: Talonflame|Brave Bird|p2a: Ferrothorn
|-damage|p2a: Ferrothorn|179\/352
|-damage|p1a: Talonflame|195\/319|[from] ability: Iron Barbs|[of] p2a: Ferrothorn
|-damage|p1a: Talonflame|157\/319|[from] recoil|[of] p2a: Ferrothorn
|
|-heal|p2a: Ferrothorn|201\/352|[from] item: Leftovers
|turn|31
|
|move|p1a: Talonflame|Roost|p1a: Talonflame
|-heal|p1a: Talonflame|317\/319
|move|p2a: Ferrothorn|Leech Seed|p1a: Talonflame
|-start|p1a: Talonflame|move: Leech Seed
|
|-heal|p2a: Ferrothorn|223\/352|[from] item: Leftovers
|-damage|p1a: Talonflame|278\/319|[from] Leech Seed|[of] p2a: Ferrothorn
|-heal|p2a: Ferrothorn|262\/352|[silent]
|turn|32
|
|switch|p2a: Swampert|Swampert-Mega, F|320\/341
|move|p1a: Talonflame|Swords Dance|p1a: Talonflame
|-boost|p1a: Talonflame|atk|2
|
|-damage|p1a: Talonflame|239\/319|[from] Leech Seed|[of] p2a: Swampert
|-heal|p2a: Swampert|341\/341|[silent]
|turn|33
|
|switch|p1a: Rotom-Wash|Rotom-Wash|241\/304
|move|p2a: Swampert|Waterfall|p1a: Rotom-Wash
|-resisted|p1a: Rotom-Wash
|-damage|p1a: Rotom-Wash|184\/304
|
|-heal|p1a: Rotom-Wash|203\/304|[from] item: Leftovers
|turn|34
|
|switch|p2a: Latias|Latias, F|104\/302
|move|p1a: Rotom-Wash|Volt Switch|p2a: Latias
|-crit|p2a: Latias
|-resisted|p2a: Latias
|-damage|p2a: Latias|56\/302
|
|switch|p1a: Talonflame|Talonflame, M|239\/319
|
|turn|35
|
|switch|p2a: Swampert|Swampert-Mega, F|341\/341
|move|p1a: Talonflame|Brave Bird|p2a: Swampert
|-damage|p2a: Swampert|166\/341
|-damage|p1a: Talonflame|181\/319|[from] recoil|[of] p2a: Swampert
|
|turn|36
|
|move|p1a: Talonflame|Brave Bird|p2a: Swampert
|-damage|p2a: Swampert|1\/341
|-damage|p1a: Talonflame|127\/319|[from] recoil|[of] p2a: Swampert
|move|p2a: Swampert|Waterfall|p1a: Talonflame
|-supereffective|p1a: Talonflame
|-damage|p1a: Talonflame|0 fnt
|faint|p1a: Talonflame
|
|c|âAppreciation|going for max rolls
|c|âAppreciation|lol
|
|switch|p1a: Rotom-Wash|Rotom-Wash|203\/304
|turn|37
|
|move|p2a: Swampert|Waterfall|p1a: Rotom-Wash
|-resisted|p1a: Rotom-Wash
|-damage|p1a: Rotom-Wash|143\/304
|move|p1a: Rotom-Wash|Hydro Pump|p2a: Swampert
|-damage|p2a: Swampert|0 fnt
|faint|p2a: Swampert
|
|-heal|p1a: Rotom-Wash|162\/304|[from] item: Leftovers
|
|switch|p2a: Ferrothorn|Ferrothorn, M|262\/352
|turn|38
|
|move|p1a: Rotom-Wash|Will-O-Wisp|p2a: Ferrothorn
|-status|p2a: Ferrothorn|brn
|move|p2a: Ferrothorn|Leech Seed|p1a: Rotom-Wash
|-start|p1a: Rotom-Wash|move: Leech Seed
|
|-heal|p1a: Rotom-Wash|181\/304|[from] item: Leftovers
|-heal|p2a: Ferrothorn|284\/352 brn|[from] item: Leftovers
|-damage|p1a: Rotom-Wash|143\/304|[from] Leech Seed|[of] p2a: Ferrothorn
|-heal|p2a: Ferrothorn|322\/352 brn|[silent]
|-damage|p2a: Ferrothorn|278\/352 brn|[from] brn
|turn|39
|
|switch|p2a: Latias|Latias, F|56\/302
|move|p1a: Rotom-Wash|Pain Split|p2a: Latias
|-sethp|p2a: Latias|99\/302|p1a: Rotom-Wash|99\/304|[from] move: Pain Split
|
|-heal|p1a: Rotom-Wash|118\/304|[from] item: Leftovers
|-damage|p1a: Rotom-Wash|80\/304|[from] Leech Seed|[of] p2a: Latias
|-heal|p2a: Latias|137\/302|[silent]
|turn|40
|
|move|p2a: Latias|Psyshock|p1a: Rotom-Wash
|-damage|p1a: Rotom-Wash|0 fnt
|-damage|p2a: Latias|107\/302|[from] item: Life Orb
|faint|p1a: Rotom-Wash
|
|win|Appreciation
|raw|Ladder updating...
|raw|LordOfTime11's rating: 1430 &rarr; <strong>1408<\/strong><br \/>(-22 for losing)
|raw|Appreciation's rating: 1395 &rarr; <strong>1417<\/strong><br \/>(+22 for winning)