|join|Appreciation
|join|rollandroll9999
|player|p1|Appreciation|68
|player|p2|rollandroll9999|2
|gametype|singles
|gen|6
|tier|OU
|rated
|clearpoke
|poke|p1|Beedrill, F
|poke|p1|Latios, M
|poke|p1|Keldeo
|poke|p1|Landorus-Therian, M
|poke|p1|Excadrill, M
|poke|p1|Tyranitar, F
|poke|p2|Jirachi
|poke|p2|Clefable, F
|poke|p2|Tyranitar, M
|poke|p2|Keldeo-Resolute
|poke|p2|Slowbro, M
|poke|p2|Landorus-Therian, M
|rule|Swagger Clause: Swagger is banned
|rule|Baton Pass Clause: Limit one PokÃ©mon knowing Baton Pass
|rule|Sleep Clause Mod: Limit one foe put to sleep
|rule|Species Clause: Limit one of each PokÃ©mon
|rule|OHKO Clause: OHKO moves are banned
|rule|Moody Clause: Moody is banned
|rule|Evasion Moves Clause: Evasion moves are banned
|rule|Endless Battle Clause: Forcing endless battles is banned
|rule|HP Percentage Mod: HP is shown in percentages
|teampreview
|
|start
|switch|p1a: Keldeo|Keldeo|323\/323
|switch|p2a: Keldeo-Resolute|Keldeo-Resolute|323\/323
|turn|1
|
|switch|p2a: Slowbro|Slowbro, M|394\/394
|move|p1a: Keldeo|Secret Sword|p2a: Slowbro
|-resisted|p2a: Slowbro
|-damage|p2a: Slowbro|345\/394
|
|turn|2
|
|switch|p1a: Tyranitar|Tyranitar, F|403\/403
|-weather|Sandstorm
|move|p2a: Slowbro|Calm Mind|p2a: Slowbro
|-boost|p2a: Slowbro|spa|1
|-boost|p2a: Slowbro|spd|1
|
|-weather|Sandstorm|[upkeep]
|-damage|p2a: Slowbro|321\/394|[from] sandstorm
|turn|3
|
|move|p1a: Tyranitar|Crunch|p2a: Slowbro
|-supereffective|p2a: Slowbro
|-damage|p2a: Slowbro|0 fnt
|faint|p2a: Slowbro
|
|-weather|Sandstorm|[upkeep]
|
|switch|p2a: Keldeo-Resolute|Keldeo-Resolute|323\/323
|turn|4
|
|switch|p1a: Latios|Latios, M|301\/301
|move|p2a: Keldeo-Resolute|Secret Sword|p1a: Latios
|-resisted|p1a: Latios
|-damage|p1a: Latios|202\/301
|
|-weather|Sandstorm|[upkeep]
|-damage|p1a: Latios|184\/301|[from] sandstorm
|-damage|p2a: Keldeo-Resolute|303\/323|[from] sandstorm
|-heal|p2a: Keldeo-Resolute|323\/323|[from] item: Leftovers
|turn|5
|
|switch|p2a: Tyranitar|Tyranitar, M|341\/341
|move|p1a: Latios|Draco Meteor|p2a: Tyranitar
|-damage|p2a: Tyranitar|134\/341
|-unboost|p1a: Latios|spa|2
|-damage|p1a: Latios|154\/301|[from] item: Life Orb
|
|-weather|Sandstorm|[upkeep]
|-damage|p1a: Latios|136\/301|[from] sandstorm
|turn|6
|
|move|p2a: Tyranitar|Pursuit|p1a: Latios
|-supereffective|p1a: Latios
|-damage|p1a: Latios|0 fnt
|faint|p1a: Latios
|
|-weather|none
|
|switch|p1a: Beedrill|Beedrill, F|272\/272
|turn|7
|
|switch|p2a: Landorus-Therian|Landorus-Therian, M|319\/319
|-ability|p2a: Landorus-Therian|Intimidate|[of] p1a: Beedrill
|-unboost|p1a: Beedrill|atk|1
|detailschange|p1a: Beedrill|Beedrill-Mega, F
|-mega|p1a: Beedrill|Beedrill|Beedrillite
|move|p1a: Beedrill|U-turn|p2a: Landorus-Therian
|-resisted|p2a: Landorus-Therian
|-damage|p2a: Landorus-Therian|243\/319
|
|switch|p1a: Keldeo|Keldeo|323\/323
|
|turn|8
|
|switch|p2a: Jirachi|Jirachi|404\/404
|move|p1a: Keldeo|Scald|p2a: Jirachi
|-damage|p2a: Jirachi|304\/404
|-status|p2a: Jirachi|brn
|
|-heal|p2a: Jirachi|329\/404 brn|[from] item: Leftovers
|-damage|p2a: Jirachi|279\/404 brn|[from] brn
|turn|9
|
|switch|p1a: Landorus-Therian|Landorus-Therian, M|319\/319
|-ability|p1a: Landorus-Therian|Intimidate|[of] p2a: Jirachi
|-unboost|p2a: Jirachi|atk|1
|move|p2a: Jirachi|Stealth Rock|p1a: Landorus-Therian
|-sidestart|p1: Appreciation|move: Stealth Rock
|
|-heal|p2a: Jirachi|304\/404 brn|[from] item: Leftovers
|-damage|p2a: Jirachi|254\/404 brn|[from] brn
|turn|10
|
|switch|p2a: Landorus-Therian|Landorus-Therian, M|243\/319
|-ability|p2a: Landorus-Therian|Intimidate|[of] p1a: Landorus-Therian
|-unboost|p1a: Landorus-Therian|atk|1
|move|p1a: Landorus-Therian|Stealth Rock|p2a: Landorus-Therian
|-sidestart|p2: rollandroll9999|move: Stealth Rock
|
|turn|11
|
|move|p2a: Landorus-Therian|Knock Off|p1a: Landorus-Therian
|-damage|p1a: Landorus-Therian|173\/319
|-enditem|p1a: Landorus-Therian|Earth Plate|[from] move: Knock Off|[of] p2a: Landorus-Therian
|move|p1a: Landorus-Therian|Knock Off|p2a: Landorus-Therian
|-damage|p2a: Landorus-Therian|148\/319
|-enditem|p2a: Landorus-Therian|Choice Scarf|[from] move: Knock Off|[of] p1a: Landorus-Therian
|
|turn|12
|
|move|p1a: Landorus-Therian|Knock Off|p2a: Landorus-Therian
|-damage|p2a: Landorus-Therian|91\/319
|move|p2a: Landorus-Therian|U-turn|p1a: Landorus-Therian
|-resisted|p1a: Landorus-Therian
|-damage|p1a: Landorus-Therian|122\/319
|
|switch|p2a: Keldeo-Resolute|Keldeo-Resolute|323\/323
|-damage|p2a: Keldeo-Resolute|303\/323|[from] Stealth Rock
|
|-heal|p2a: Keldeo-Resolute|323\/323|[from] item: Leftovers
|turn|13
|
|move|p2a: Keldeo-Resolute|Substitute|p2a: Keldeo-Resolute
|-start|p2a: Keldeo-Resolute|Substitute
|-damage|p2a: Keldeo-Resolute|243\/323
|move|p1a: Landorus-Therian|Earthquake|p2a: Keldeo-Resolute
|-end|p2a: Keldeo-Resolute|Substitute
|
|-heal|p2a: Keldeo-Resolute|263\/323|[from] item: Leftovers
|turn|14
|
|move|p2a: Keldeo-Resolute|Scald|p1a: Landorus-Therian
|-supereffective|p1a: Landorus-Therian
|-damage|p1a: Landorus-Therian|0 fnt
|faint|p1a: Landorus-Therian
|
|-heal|p2a: Keldeo-Resolute|283\/323|[from] item: Leftovers
|
|switch|p1a: Beedrill|Beedrill-Mega, F|272\/272
|-damage|p1a: Beedrill|204\/272|[from] Stealth Rock
|turn|15
|
|switch|p2a: Landorus-Therian|Landorus-Therian, M|91\/319
|-damage|p2a: Landorus-Therian|52\/319|[from] Stealth Rock
|-ability|p2a: Landorus-Therian|Intimidate|[of] p1a: Beedrill
|-unboost|p1a: Beedrill|atk|1
|move|p1a: Beedrill|U-turn|p2a: Landorus-Therian
|-resisted|p2a: Landorus-Therian
|-damage|p2a: Landorus-Therian|0 fnt
|faint|p2a: Landorus-Therian
|
|switch|p1a: Keldeo|Keldeo|323\/323
|-damage|p1a: Keldeo|303\/323|[from] Stealth Rock
|
|
|switch|p2a: Tyranitar|Tyranitar, M|134\/341
|-damage|p2a: Tyranitar|92\/341|[from] Stealth Rock
|-weather|Sandstorm
|turn|16
|
|move|p2a: Tyranitar|Earthquake|p1a: Keldeo
|-damage|p1a: Keldeo|181\/323
|move|p1a: Keldeo|Scald|p2a: Tyranitar
|-supereffective|p2a: Tyranitar
|-damage|p2a: Tyranitar|0 fnt
|faint|p2a: Tyranitar
|
|-weather|Sandstorm|[upkeep]
|-damage|p1a: Keldeo|161\/323|[from] sandstorm
|
|switch|p2a: Jirachi|Jirachi|254\/404 brn
|-damage|p2a: Jirachi|229\/404 brn|[from] Stealth Rock
|turn|17
|
|move|p1a: Keldeo|Scald|p2a: Jirachi
|-damage|p2a: Jirachi|126\/404 brn
|move|p2a: Jirachi|Wish|p2a: Jirachi
|
|-weather|Sandstorm|[upkeep]
|-damage|p1a: Keldeo|141\/323|[from] sandstorm
|-heal|p2a: Jirachi|151\/404 brn|[from] item: Leftovers
|-damage|p2a: Jirachi|101\/404 brn|[from] brn
|turn|18
|
|switch|p1a: Excadrill|Excadrill, M|361\/361
|-damage|p1a: Excadrill|350\/361|[from] Stealth Rock
|move|p2a: Jirachi|Thunder Wave|p1a: Excadrill
|-immune|p1a: Excadrill|[msg]
|
|-weather|Sandstorm|[upkeep]
|-heal|p2a: Jirachi|303\/404 brn|[from] move: Wish|[wisher] Jirachi
|-heal|p2a: Jirachi|328\/404 brn|[from] item: Leftovers
|-damage|p2a: Jirachi|278\/404 brn|[from] brn
|turn|19
|
|switch|p2a: Keldeo-Resolute|Keldeo-Resolute|283\/323
|-damage|p2a: Keldeo-Resolute|263\/323|[from] Stealth Rock
|move|p1a: Excadrill|Earthquake|p2a: Keldeo-Resolute
|-damage|p2a: Keldeo-Resolute|0 fnt
|-damage|p1a: Excadrill|314\/361|[from] item: Life Orb
|faint|p2a: Keldeo-Resolute
|
|-weather|Sandstorm|[upkeep]
|-message|rollandroll9999 forfeited.
|leave|rollandroll9999
|
|win|Appreciation
|raw|Ladder updating...
|player|p2
|raw|Appreciation's rating: 1525 &rarr; <strong>1540<\/strong><br \/>(+15 for winning)
|raw|rollandroll9999's rating: 1437 &rarr; <strong>1422<\/strong><br \/>(-15 for losing)