|join|Appreciation
|join|Greninja Is God
|player|p1|Appreciation|265
|player|p2|Greninja Is God|194
|gametype|singles
|gen|6
|tier|OU
|rated
|clearpoke
|poke|p1|Sableye, M
|poke|p1|Chansey, F
|poke|p1|Quagsire, F
|poke|p1|Skarmory, M
|poke|p1|Gothitelle, F
|poke|p1|Cresselia, F
|poke|p2|Landorus-Therian, M
|poke|p2|Metagross
|poke|p2|Azumarill, F
|poke|p2|Talonflame, M
|poke|p2|Latias, F
|poke|p2|Terrakion
|rule|Swagger Clause: Swagger is banned
|rule|Baton Pass Clause: Limit one PokÃ©mon knowing Baton Pass
|rule|Sleep Clause Mod: Limit one foe put to sleep
|rule|Species Clause: Limit one of each PokÃ©mon
|rule|OHKO Clause: OHKO moves are banned
|rule|Moody Clause: Moody is banned
|rule|Evasion Moves Clause: Evasion moves are banned
|rule|Endless Battle Clause: Forcing endless battles is banned
|rule|HP Percentage Mod: HP is shown in percentages
|teampreview
|
|start
|switch|p1a: Sableye|Sableye, M|303\/303
|switch|p2a: The Quake|Landorus-Therian, M|319\/319
|-ability|p2a: The Quake|Intimidate|[of] p1a: Sableye
|-unboost|p1a: Sableye|atk|1
|turn|1
|
|detailschange|p1a: Sableye|Sableye-Mega, M
|-mega|p1a: Sableye|Sableye|Sablenite
|move|p1a: Sableye|Will-O-Wisp|p2a: The Quake
|-status|p2a: The Quake|brn
|move|p2a: The Quake|Gravity|p2a: The Quake
|-fieldstart|move: Gravity
|
|-damage|p2a: The Quake|280\/319 brn|[from] brn
|turn|2
|
|move|p2a: The Quake|Earth Power|p1a: Sableye
|-crit|p1a: Sableye
|-damage|p1a: Sableye|131\/303
|-damage|p2a: The Quake|249\/319 brn|[from] item: Life Orb
|move|p1a: Sableye|Calm Mind|p1a: Sableye
|-boost|p1a: Sableye|spa|1
|-boost|p1a: Sableye|spd|1
|
|-damage|p2a: The Quake|210\/319 brn|[from] brn
|turn|3
|
|switch|p2a: The Bird|Talonflame, M|297\/297
|move|p1a: Sableye|Recover|p1a: Sableye
|-heal|p1a: Sableye|283\/303
|
|turn|4
|
|move|p2a: The Bird|U-turn|p1a: Sableye
|-damage|p1a: Sableye|196\/303
|
|switch|p2a: The Quake|Landorus-Therian, M|210\/319 brn
|-ability|p2a: The Quake|Intimidate|[of] p1a: Sableye
|-unboost|p1a: Sableye|atk|1
|move|p1a: Sableye|Recover|p1a: Sableye
|-heal|p1a: Sableye|303\/303
|
|-damage|p2a: The Quake|171\/319 brn|[from] brn
|turn|5
|
|move|p2a: The Quake|Earth Power|p1a: Sableye
|-damage|p1a: Sableye|225\/303
|-damage|p2a: The Quake|140\/319 brn|[from] item: Life Orb
|move|p1a: Sableye|Snarl|p2a: The Quake
|-damage|p2a: The Quake|31\/319 brn
|-unboost|p2a: The Quake|spa|1
|
|-damage|p2a: The Quake|0 fnt|[from] brn
|-fieldend|move: Gravity
|faint|p2a: The Quake
|
|switch|p2a: The Bunny|Azumarill, F|364\/364
|turn|6
|
|switch|p2a: The Fist|Terrakion|323\/323
|switch|p1a: Skarmory|Skarmory, M|333\/333
|
|turn|7
|
|switch|p1a: Quagsire|Quagsire, F|394\/394
|move|p2a: The Fist|Taunt|p1a: Quagsire
|-start|p1a: Quagsire|move: Taunt
|
|turn|8
|
|move|p2a: The Fist|Stealth Rock|p1a: Quagsire
|-sidestart|p1: Appreciation|move: Stealth Rock
|move|p1a: Quagsire|Scald|p2a: The Fist
|-supereffective|p2a: The Fist
|-damage|p2a: The Fist|171\/323
|-status|p2a: The Fist|brn
|
|-damage|p2a: The Fist|131\/323 brn|[from] brn
|turn|9
|
|switch|p2a: The Draco|Latias, F|301\/301
|move|p1a: Quagsire|Scald|p2a: The Draco
|-resisted|p2a: The Draco
|-damage|p2a: The Draco|274\/301
|
|turn|10
|
|switch|p2a: The Dunk|Metagross|301\/301
|switch|p1a: Chansey|Chansey, F|703\/703
|-damage|p1a: Chansey|616\/703|[from] Stealth Rock
|
|turn|11
|
|switch|p1a: Skarmory|Skarmory, M|333\/333
|-damage|p1a: Skarmory|292\/333|[from] Stealth Rock
|detailschange|p2a: The Dunk|Metagross-Mega
|-mega|p2a: The Dunk|Metagross|Metagrossite
|move|p2a: The Dunk|Meteor Mash|p1a: Skarmory|[miss]
|-miss|p2a: The Dunk|p1a: Skarmory
|
|turn|12
|
|move|p2a: The Dunk|Meteor Mash|p1a: Skarmory
|-resisted|p1a: Skarmory
|-damage|p1a: Skarmory|223\/333
|-boost|p2a: The Dunk|atk|1
|move|p1a: Skarmory|Spikes|p2a: The Dunk
|-sidestart|p2: Greninja Is God|Spikes
|
|turn|13
|
|move|p2a: The Dunk|Meteor Mash|p1a: Skarmory
|-resisted|p1a: Skarmory
|-damage|p1a: Skarmory|126\/333
|-boost|p2a: The Dunk|atk|1
|move|p1a: Skarmory|Counter|p2a: The Dunk
|-damage|p2a: The Dunk|107\/301
|
|turn|14
|c|âAppreciation|the luck is real
|c|âAppreciation|such awful shit
|
|move|p2a: The Dunk|Zen Headbutt|p1a: Skarmory
|-resisted|p1a: Skarmory
|-damage|p1a: Skarmory|7\/333
|move|p1a: Skarmory|Roost|p1a: Skarmory
|-heal|p1a: Skarmory|174\/333
|
|turn|15
|
|move|p2a: The Dunk|Zen Headbutt|p1a: Skarmory|[miss]
|-miss|p2a: The Dunk|p1a: Skarmory
|move|p1a: Skarmory|Roost|p1a: Skarmory
|-heal|p1a: Skarmory|333\/333
|
|turn|16
|
|move|p2a: The Dunk|Zen Headbutt|p1a: Skarmory
|-resisted|p1a: Skarmory
|-damage|p1a: Skarmory|219\/333
|move|p1a: Skarmory|Counter|p2a: The Dunk
|-damage|p2a: The Dunk|0 fnt
|faint|p2a: The Dunk
|
|
|switch|p2a: The Bird|Talonflame, M|297\/297
|turn|17
|
|move|p2a: The Bird|U-turn|p1a: Skarmory
|-resisted|p1a: Skarmory
|-damage|p1a: Skarmory|206\/333
|
|switch|p2a: The Draco|Latias, F|274\/301
|move|p1a: Skarmory|Roost|p1a: Skarmory
|-heal|p1a: Skarmory|333\/333
|
|turn|18
|
|switch|p1a: Cresselia|Cresselia, F|443\/443
|-damage|p1a: Cresselia|388\/443|[from] Stealth Rock
|move|p2a: The Draco|Draco Meteor|p1a: Cresselia
|-damage|p1a: Cresselia|220\/443
|-unboost|p2a: The Draco|spa|2
|-damage|p2a: The Draco|244\/301|[from] item: Life Orb
|
|-heal|p1a: Cresselia|247\/443|[from] item: Leftovers
|turn|19
|
|move|p2a: The Draco|Healing Wish|p2a: The Draco
|faint|p2a: The Draco
|move|p1a: Cresselia|Moonlight|p1a: Cresselia
|-heal|p1a: Cresselia|443\/443
|
|
|switch|p2a: The Bunny|Azumarill, F|364\/364
|-heal|p2a: The Bunny|364\/364|[from] move: Healing Wish
|-damage|p2a: The Bunny|319\/364|[from] Spikes
|turn|20
|
|move|p1a: Cresselia|Skill Swap|p2a: The Bunny
|-activate|p1a: Cresselia|move: Skill Swap|Huge Power|Levitate|[of] p2a: The Bunny
|move|p2a: The Bunny|Belly Drum|p2a: The Bunny
|-damage|p2a: The Bunny|137\/364
|-setboost|p2a: The Bunny|atk|6|[from] move: Belly Drum
|-enditem|p2a: The Bunny|Sitrus Berry|[eat]
|-heal|p2a: The Bunny|228\/364|[from] item: Sitrus Berry
|
|turn|21
|
|switch|p1a: Quagsire|Quagsire, F|394\/394
|-damage|p1a: Quagsire|370\/394|[from] Stealth Rock
|move|p2a: The Bunny|Play Rough|p1a: Quagsire
|-damage|p1a: Quagsire|292\/394
|
|-heal|p1a: Quagsire|316\/394|[from] item: Leftovers
|turn|22
|-message|Greninja Is God forfeited.
|leave|Greninja Is God
|
|win|Appreciation
|raw|Ladder updating...
|player|p2
|raw|Appreciation's rating: 1551 &rarr; <strong>1564<\/strong><br \/>(+13 for winning)
|raw|Greninja Is God's rating: 1426 &rarr; <strong>1413<\/strong><br \/>(-13 for losing)