|join|Appreciation
|join|Wolf Bros
|player|p1|Appreciation|68
|player|p2|Wolf Bros|168
|gametype|singles
|gen|6
|tier|OU
|rated
|clearpoke
|poke|p1|Metagross
|poke|p1|Mamoswine, M
|poke|p1|Magnezone
|poke|p1|Latios, M
|poke|p1|Landorus-Therian, M
|poke|p1|Terrakion
|poke|p2|Sableye, F
|poke|p2|Excadrill, M
|poke|p2|Manaphy
|poke|p2|Gliscor, F
|poke|p2|Talonflame, F
|poke|p2|Clefable, M
|rule|Swagger Clause: Swagger is banned
|rule|Baton Pass Clause: Limit one PokÃ©mon knowing Baton Pass
|rule|Sleep Clause Mod: Limit one foe put to sleep
|rule|Species Clause: Limit one of each PokÃ©mon
|rule|OHKO Clause: OHKO moves are banned
|rule|Moody Clause: Moody is banned
|rule|Evasion Moves Clause: Evasion moves are banned
|rule|Endless Battle Clause: Forcing endless battles is banned
|rule|HP Percentage Mod: HP is shown in percentages
|teampreview
|c|âAppreciation|i didnt wanna play u :(
|c|âAppreciation|:(:(:(:(
|join|Here to GG
|
|start
|switch|p1a: Latios|Latios, M|301\/301
|switch|p2a: Manaphy|Manaphy|401\/401
|turn|1
|c| Here to GG|your team looks like it can handle it tho?
|
|move|p1a: Latios|Psyshock|p2a: Manaphy
|-damage|p2a: Manaphy|213\/401
|-damage|p1a: Latios|271\/301|[from] item: Life Orb
|move|p2a: Manaphy|Rain Dance|p2a: Manaphy
|-weather|RainDance
|
|-weather|RainDance|[upkeep]
|-heal|p2a: Manaphy|238\/401|[from] item: Leftovers
|turn|2
|c|âAppreciation|lol
|c| Here to GG|reveal surf
|
|move|p1a: Latios|Psyshock|p2a: Manaphy
|-damage|p2a: Manaphy|66\/401
|-damage|p1a: Latios|241\/301|[from] item: Life Orb
|move|p2a: Manaphy|Rest|p2a: Manaphy
|-status|p2a: Manaphy|slp
|-heal|p2a: Manaphy|401\/401 slp|[silent]
|-status|p2a: Manaphy|slp|[from] move: Rest
|
|-weather|RainDance|[upkeep]
|-curestatus|p2a: Manaphy|slp
|turn|3
|c| Here to GG|pro plays
|c| Here to GG|lmao
|
|move|p1a: Latios|Psyshock|p2a: Manaphy
|-damage|p2a: Manaphy|206\/401
|-damage|p1a: Latios|211\/301|[from] item: Life Orb
|move|p2a: Manaphy|Scald|p1a: Latios
|-resisted|p1a: Latios
|-damage|p1a: Latios|148\/301
|-status|p1a: Latios|brn
|
|-weather|RainDance|[upkeep]
|-heal|p2a: Manaphy|231\/401|[from] item: Leftovers
|-damage|p1a: Latios|111\/301 brn|[from] brn
|turn|4
|c|âAppreciation|ah fishing for burn
|c|âAppreciation|and getting it
|c|âAppreciation|thats how
|c|âAppreciation|pros play
|
|move|p1a: Latios|Draco Meteor|p2a: Manaphy
|-damage|p2a: Manaphy|7\/401
|-unboost|p1a: Latios|spa|2
|-damage|p1a: Latios|81\/301 brn|[from] item: Life Orb
|move|p2a: Manaphy|Rest|p2a: Manaphy
|-status|p2a: Manaphy|slp
|-heal|p2a: Manaphy|401\/401 slp|[silent]
|-status|p2a: Manaphy|slp|[from] move: Rest
|
|-weather|RainDance|[upkeep]
|-curestatus|p2a: Manaphy|slp
|-damage|p1a: Latios|44\/301 brn|[from] brn
|turn|5
|c| Here to GG|what
|c|âAppreciation|and the low rrolls
|c|âAppreciation|nice nice nice
|c|âAppreciation|damn awful shit
|c|âAppreciation|fucking annoying
|
|switch|p1a: Magnezone|Magnezone|281\/281
|switch|p2a: Sableye|Sableye, F|303\/303
|
|-weather|none
|turn|6
|
|detailschange|p2a: Sableye|Sableye-Mega, F
|-mega|p2a: Sableye|Sableye|Sablenite
|move|p1a: Magnezone|Volt Switch|p2a: Sableye
|-damage|p2a: Sableye|216\/303
|
|switch|p1a: Latios|Latios, M|44\/301 brn
|move|p2a: Sableye|Knock Off|p1a: Latios
|-supereffective|p1a: Latios
|-damage|p1a: Latios|0 fnt
|-enditem|p1a: Latios|Life Orb|[from] move: Knock Off|[of] p2a: Sableye
|faint|p1a: Latios
|
|
|switch|p1a: Mamoswine|Mamoswine, M|361\/361
|turn|7
|
|move|p1a: Mamoswine|Earthquake|p2a: Sableye
|-damage|p2a: Sableye|25\/303
|-damage|p1a: Mamoswine|325\/361|[from] item: Life Orb
|move|p2a: Sableye|Recover|p2a: Sableye
|-heal|p2a: Sableye|177\/303
|
|turn|8
|
|switch|p2a: Manaphy|Manaphy|401\/401
|move|p1a: Mamoswine|Earthquake|p2a: Manaphy
|-damage|p2a: Manaphy|166\/401
|-damage|p1a: Mamoswine|289\/361|[from] item: Life Orb
|
|-heal|p2a: Manaphy|191\/401|[from] item: Leftovers
|turn|9
|c| Here to GG|he gets shrekt
|
|move|p1a: Mamoswine|Earthquake|p2a: Manaphy
|-damage|p2a: Manaphy|0 fnt
|-damage|p1a: Mamoswine|253\/361|[from] item: Life Orb
|faint|p2a: Manaphy
|
|
|switch|p2a: Talonflame|Talonflame, F|345\/345
|turn|10
|
|switch|p1a: Magnezone|Magnezone|281\/281
|move|p2a: Talonflame|Taunt|p1a: Magnezone
|-start|p1a: Magnezone|move: Taunt
|
|turn|11
|
|switch|p1a: Mamoswine|Mamoswine, M|253\/361
|move|p2a: Talonflame|Will-O-Wisp|p1a: Mamoswine|[miss]
|-miss|p2a: Talonflame|p1a: Mamoswine
|
|turn|12
|c|âAppreciation|omg
|join|trillyntruly
|c|âAppreciation|staying in
|
|move|p2a: Talonflame|Will-O-Wisp|p1a: Mamoswine
|-status|p1a: Mamoswine|brn
|move|p1a: Mamoswine|Icicle Spear|p2a: Talonflame
|-damage|p2a: Talonflame|305\/345
|-crit|p2a: Talonflame
|-damage|p2a: Talonflame|243\/345
|-hitcount|p2a: Talonflame|2
|-damage|p1a: Mamoswine|217\/361 brn|[from] item: Life Orb
|
|-heal|p2a: Talonflame|264\/345|[from] item: Leftovers
|-damage|p1a: Mamoswine|172\/361 brn|[from] brn
|turn|13
|c| Here to GG|ikr
|c|âAppreciation|such awful
|c|âAppreciation|awful damn ladder
|
|move|p2a: Talonflame|Will-O-Wisp|p1a: Mamoswine
|-fail|p1a: Mamoswine|brn
|move|p1a: Mamoswine|Knock Off|p2a: Talonflame
|-damage|p2a: Talonflame|160\/345
|-enditem|p2a: Talonflame|Leftovers|[from] move: Knock Off|[of] p1a: Mamoswine
|-damage|p1a: Mamoswine|136\/361 brn|[from] item: Life Orb
|
|-damage|p1a: Mamoswine|91\/361 brn|[from] brn
|turn|14
|
|move|p2a: Talonflame|Brave Bird|p1a: Mamoswine
|-damage|p1a: Mamoswine|0 fnt
|-damage|p2a: Talonflame|130\/345|[from] recoil|[of] p1a: Mamoswine
|faint|p1a: Mamoswine
|
|
|switch|p1a: Magnezone|Magnezone|281\/281
|turn|15
|c|âAppreciation|o wait
|
|switch|p2a: Excadrill|Excadrill, M|424\/424
|-ability|p2a: Excadrill|Mold Breaker
|move|p1a: Magnezone|Volt Switch|p2a: Excadrill
|-immune|p2a: Excadrill|[msg]
|
|turn|16
|
|switch|p1a: Landorus-Therian|Landorus-Therian, M|320\/320
|-ability|p1a: Landorus-Therian|Intimidate|[of] p2a: Excadrill
|-unboost|p2a: Excadrill|atk|1
|move|p2a: Excadrill|Earthquake|p1a: Landorus-Therian
|-immune|p1a: Landorus-Therian|[msg]
|
|turn|17
|
|switch|p2a: Gliscor|Gliscor, F|353\/353
|move|p1a: Landorus-Therian|Knock Off|p2a: Gliscor
|-damage|p2a: Gliscor|270\/353
|-enditem|p2a: Gliscor|Toxic Orb|[from] move: Knock Off|[of] p1a: Landorus-Therian
|
|turn|18
|c| Here to GG|nb
|
|move|p1a: Landorus-Therian|Stealth Rock|p2a: Gliscor
|-sidestart|p2: Wolf Bros|move: Stealth Rock
|move|p2a: Gliscor|Stealth Rock|p1a: Landorus-Therian
|-sidestart|p1: Appreciation|move: Stealth Rock
|
|turn|19
|c| Here to GG|haha gg
|
|move|p1a: Landorus-Therian|Knock Off|p2a: Gliscor
|-damage|p2a: Gliscor|213\/353
|move|p2a: Gliscor|U-turn|p1a: Landorus-Therian
|-resisted|p1a: Landorus-Therian
|-damage|p1a: Landorus-Therian|290\/320
|c|âAppreciation|its not
|c| Here to GG|nice dude
|
|switch|p2a: Sableye|Sableye-Mega, F|177\/303
|-damage|p2a: Sableye|140\/303|[from] Stealth Rock
|
|turn|20
|
|move|p1a: Landorus-Therian|Earthquake|p2a: Sableye
|-damage|p2a: Sableye|0 fnt
|faint|p2a: Sableye
|
|c|âAppreciation|power
|leave|Wolf Bros
|player|p2
|c|âAppreciation|l8r nerd
|c|âAppreciation|might as well
|c|âAppreciation|hit x
|leave|Here to GG
|-message|wolfbros lost due to inactivity.
|
|win|Appreciation
|raw|Ladder updating...