|join|Professional 01
|join|Appreciation
|player|p1|Professional 01|293
|player|p2|Appreciation|68
|gametype|singles
|gen|6
|tier|OU
|rated
|clearpoke
|poke|p1|Volcarona, F
|poke|p1|Slowbro, M
|poke|p1|Keldeo
|poke|p1|Gyarados, F
|poke|p1|Latias, F
|poke|p1|Scizor, F
|poke|p2|Scizor, F
|poke|p2|Crawdaunt, M
|poke|p2|Diggersby, F
|poke|p2|Garchomp, M
|poke|p2|Latios, M
|poke|p2|Gengar, F
|rule|Swagger Clause: Swagger is banned
|rule|Baton Pass Clause: Limit one PokÃ©mon knowing Baton Pass
|rule|Sleep Clause Mod: Limit one foe put to sleep
|rule|Species Clause: Limit one of each PokÃ©mon
|rule|OHKO Clause: OHKO moves are banned
|rule|Moody Clause: Moody is banned
|rule|Evasion Moves Clause: Evasion moves are banned
|rule|Endless Battle Clause: Forcing endless battles is banned
|rule|HP Percentage Mod: HP is shown in percentages
|teampreview
|
|start
|switch|p1a: Keldeo|Keldeo|323\/323
|switch|p2a: Garchomp|Garchomp, M|357\/357
|turn|1
|join|BlakeGPokemon
Appreciation turned on modjoin.
|raw|<div class="broadcast-red"><b>Moderated chat was set to +!<\/b><br \/>Only users of rank + and higher can talk.<\/div>
Appreciation made this room hidden.
|
|switch|p2a: Latios|Latios, M|301\/301
|move|p1a: Keldeo|Scald|p2a: Latios
|-resisted|p2a: Latios
|-damage|p2a: Latios|234\/301
|
|turn|2
|leave|BlakeGPokemon
|
|switch|p1a: Scizor|Scizor, F|343\/343
|move|p2a: Latios|Draco Meteor|p1a: Scizor
|-crit|p1a: Scizor
|-resisted|p1a: Scizor
|-damage|p1a: Scizor|147\/343
|-unboost|p2a: Latios|spa|2
|
|turn|3
|
|move|p1a: Scizor|Pursuit|p2a: Latios|[from]Pursuit
|-supereffective|p2a: Latios
|-damage|p2a: Latios|0 fnt
|faint|p2a: Latios
|
|
|switch|p2a: Garchomp|Garchomp, M|357\/357
|turn|4
|
|move|p2a: Garchomp|Stealth Rock|p1a: Scizor
|-sidestart|p1: Professional 01|move: Stealth Rock
|move|p1a: Scizor|Roost|p1a: Scizor
|-heal|p1a: Scizor|319\/343
|
|turn|5
|
|move|p2a: Garchomp|Earthquake|p1a: Scizor
|-damage|p1a: Scizor|138\/343
|move|p1a: Scizor|U-turn|p2a: Garchomp
|-damage|p2a: Garchomp|233\/357
|-damage|p1a: Scizor|96\/343|[from] ability: Rough Skin|[of] p2a: Garchomp
|
|switch|p1a: Latias|Latias, F|363\/363
|-damage|p1a: Latias|318\/363|[from] Stealth Rock
|
|turn|6
|
|move|p1a: Latias|Draco Meteor|p2a: Garchomp
|-supereffective|p2a: Garchomp
|-damage|p2a: Garchomp|0 fnt
|-unboost|p1a: Latias|spa|2
|faint|p2a: Garchomp
|
|
|switch|p2a: Gengar|Gengar, F|261\/261
|turn|7
|
|move|p2a: Gengar|Shadow Ball|p1a: Latias
|-supereffective|p1a: Latias
|-damage|p1a: Latias|27\/363
|-unboost|p1a: Latias|spd|1
|-damage|p2a: Gengar|235\/261|[from] item: Life Orb
|move|p1a: Latias|Defog|p2a: Gengar
|-unboost|p2a: Gengar|evasion|1
|-sideend|p1: Professional 01|Stealth Rock|[from] move: Defog|[of] p1a: Latias
|
|turn|8
|c|âAppreciation|MIN DAMAGE
|c|âAppreciation|CONGRATULATIONS
|c|âAppreciation|lucky faggot
|
|move|p1a: Latias|Thunder Wave|p2a: Gengar
|-status|p2a: Gengar|par
|move|p2a: Gengar|Sludge Bomb|p1a: Latias
|-damage|p1a: Latias|0 fnt
|-damage|p2a: Gengar|209\/261 par|[from] item: Life Orb
|faint|p1a: Latias
|
|c|âAppreciation|THUNDER WAVE
|c|âAppreciation|AND WINS SPEED TIE
|c|âAppreciation|professional kill yourself
|c|âAppreciation|youre awful
|c|âProfessional 01|you won the first speed tie so
|c|âAppreciation|the tie that didnt matter
|
|switch|p1a: Gyarados|Gyarados, F|349\/349
|turn|9
|c|âAppreciation|and i got the lowest roll
|c|âAppreciation|what r u saying noob
|
|move|p1a: Gyarados|Dragon Dance|p1a: Gyarados
|-boost|p1a: Gyarados|atk|1
|-boost|p1a: Gyarados|spe|1
|move|p2a: Gengar|Sludge Bomb|p1a: Gyarados
|-damage|p1a: Gyarados|138\/349
|-damage|p2a: Gengar|183\/261 par|[from] item: Life Orb
|
|-heal|p1a: Gyarados|159\/349|[from] item: Leftovers
|turn|10
|c|âAppreciation|nice
|c|âAppreciation|no poison ofc
|
|move|p1a: Gyarados|Waterfall|p2a: Gengar
|-damage|p2a: Gengar|0 fnt
|faint|p2a: Gengar
|-boost|p1a: Gyarados|atk|1|[from] ability: Moxie
|
|-heal|p1a: Gyarados|180\/349|[from] item: Leftovers
|c|âAppreciation|why would i get poison hax
|c|âAppreciation|>MOXIE
|
|switch|p2a: Crawdaunt|Crawdaunt, M|268\/268
|turn|11
|
|move|p1a: Gyarados|Bounce|p2a: Crawdaunt|[still]
|-prepare|p1a: Gyarados|Bounce|p2a: Crawdaunt
|move|p2a: Crawdaunt|Knock Off|p1a: Gyarados|[miss]
|-miss|p2a: Crawdaunt|p1a: Gyarados
|
|-heal|p1a: Gyarados|201\/349|[from] item: Leftovers
|turn|12
|
|move|p1a: Gyarados|Bounce|p2a: Crawdaunt
|-damage|p2a: Crawdaunt|0 fnt
|faint|p2a: Crawdaunt
|-boost|p1a: Gyarados|atk|1|[from] ability: Moxie
|
|-heal|p1a: Gyarados|222\/349|[from] item: Leftovers
|c|âAppreciation|and max roll no miss
|c|âAppreciation|lucky
|c|âAppreciation|fuck
|c|âAppreciation|jesus
|-message|Appreciation forfeited.
|-message|Appreciation forfeited.
|leave|Appreciation
|
|win|Professional 01
|raw|Ladder updating...
|raw|Professional 01's rating: 1636 &rarr; <strong>1660<\/strong><br \/>(+24 for winning)
|raw|Appreciation's rating: 1704 &rarr; <strong>1680<\/strong><br \/>(-24 for losing)
|player|p2