|join|XxlapsxX
|join|Appreciation
|player|p1|XxlapsxX|3
|player|p2|Appreciation|68
|gametype|singles
|gen|6
|tier|OU
|rated
|clearpoke
|poke|p1|Ferrothorn, F
|poke|p1|Latias, F
|poke|p1|Talonflame, F
|poke|p1|Rotom-Wash
|poke|p1|Charizard, F
|poke|p1|Conkeldurr, M
|poke|p2|Scizor, F
|poke|p2|Landorus, M
|poke|p2|Thundurus, M
|poke|p2|Diggersby, M
|poke|p2|Garchomp, F
|poke|p2|Latios, M
|rule|Swagger Clause: Swagger is banned
|rule|Baton Pass Clause: Limit one PokÃ©mon knowing Baton Pass
|rule|Sleep Clause Mod: Limit one foe put to sleep
|rule|Species Clause: Limit one of each PokÃ©mon
|rule|OHKO Clause: OHKO moves are banned
|rule|Moody Clause: Moody is banned
|rule|Evasion Moves Clause: Evasion moves are banned
|rule|Endless Battle Clause: Forcing endless battles is banned
|rule|HP Percentage Mod: HP is shown in percentages
|teampreview
|
|start
|switch|p1a: Conkeldurr|Conkeldurr, M|414\/414
|switch|p2a: Garchomp|Garchomp, F|357\/357
|turn|1
|
|move|p2a: Garchomp|Stealth Rock|p1a: Conkeldurr
|-sidestart|p1: XxlapsxX|move: Stealth Rock
|move|p1a: Conkeldurr|Ice Punch|p2a: Garchomp
|-supereffective|p2a: Garchomp
|-enditem|p2a: Garchomp|Focus Sash
|-damage|p2a: Garchomp|1\/357
|-damage|p1a: Conkeldurr|363\/414|[from] ability: Rough Skin|[of] p2a: Garchomp
|
|turn|2
|
|move|p1a: Conkeldurr|Mach Punch|p2a: Garchomp
|-damage|p2a: Garchomp|0 fnt
|-damage|p1a: Conkeldurr|312\/414|[from] ability: Rough Skin|[of] p2a: Garchomp
|faint|p2a: Garchomp
|
|
|switch|p2a: Latios|Latios, M|301\/301
|turn|3
|
|switch|p1a: Ferrothorn|Ferrothorn, F|352\/352
|-damage|p1a: Ferrothorn|330\/352|[from] Stealth Rock
|move|p2a: Latios|Trick|p1a: Ferrothorn
|-activate|p2a: Latios|move: Trick|[of] p1a: Ferrothorn
|-item|p1a: Ferrothorn|Choice Scarf|[from] move: Trick
|-item|p2a: Latios|Rocky Helmet|[from] move: Trick
|
|turn|4
|
|switch|p2a: Scizor|Scizor, F|282\/282
|move|p1a: Ferrothorn|Knock Off|p2a: Scizor
|-damage|p2a: Scizor|231\/282
|
|turn|5
|
|switch|p1a: Rotom-Wash|Rotom-Wash|242\/242
|-damage|p1a: Rotom-Wash|212\/242|[from] Stealth Rock
|detailschange|p2a: Scizor|Scizor-Mega, F
|-mega|p2a: Scizor|Scizor|Scizorite
|move|p2a: Scizor|Swords Dance|p2a: Scizor
|-boost|p2a: Scizor|atk|2
|
|turn|6
|
|switch|p2a: Latios|Latios, M|301\/301
|move|p1a: Rotom-Wash|Hydro Pump|p2a: Latios|[miss]
|-miss|p1a: Rotom-Wash|p2a: Latios
|
|turn|7
|join|Here To GG
|
|switch|p1a: Ferrothorn|Ferrothorn, F|330\/352
|-damage|p1a: Ferrothorn|308\/352|[from] Stealth Rock
|switch|p2a: Scizor|Scizor-Mega, F|231\/282
|
|turn|8
|join|LUSTY LEDDIT
|c| LUSTY LEDDIT|go trice!
|c| LUSTY LEDDIT|n_n
|c|âAppreciation|go me
|
|move|p2a: Scizor|Swords Dance|p2a: Scizor
|-boost|p2a: Scizor|atk|2
|move|p1a: Ferrothorn|Leech Seed|p2a: Scizor
|-start|p2a: Scizor|move: Leech Seed
|
|-damage|p2a: Scizor|196\/282|[from] Leech Seed|[of] p1a: Ferrothorn
|-heal|p1a: Ferrothorn|343\/352|[silent]
|turn|9
|c| LUSTY LEDDIT|suck you here to gg duck my fuck
|
|switch|p1a: Rotom-Wash|Rotom-Wash|212\/242
|-damage|p1a: Rotom-Wash|182\/242|[from] Stealth Rock
|move|p2a: Scizor|Superpower|p1a: Rotom-Wash
|-damage|p1a: Rotom-Wash|0 fnt
|-unboost|p2a: Scizor|atk|1
|-unboost|p2a: Scizor|def|1
|faint|p1a: Rotom-Wash
|
|c| LUSTY LEDDIT|im le ebin xDdd memer
|c|âAppreciation|hello?
|c|âAppreciation|not a counter imo
|
|switch|p1a: Talonflame|Talonflame, F|360\/360
|-damage|p1a: Talonflame|180\/360|[from] Stealth Rock
|turn|10
|c| LUSTY LEDDIT|he has no counters.........
|c|âAppreciation|unfortunately this is
|c|âAppreciation|a
|c|âAppreciation|counter
|c|âAppreciation|but u turn is obv
|c|âAppreciation|y\/n
|
|switch|p2a: Latios|Latios, M|301\/301
|move|p1a: Talonflame|Flare Blitz|p2a: Latios
|-resisted|p2a: Latios
|-damage|p2a: Latios|206\/301
|-damage|p1a: Talonflame|120\/360|[from] item: Rocky Helmet|[of] p2a: Latios
|-status|p2a: Latios|brn
|-damage|p1a: Talonflame|89\/360|[from] recoil|[of] p2a: Latios
|
|-heal|p1a: Talonflame|111\/360|[from] item: Leftovers
|-damage|p2a: Latios|169\/301 brn|[from] brn
|turn|11
|c|âAppreciation|ok
|
|move|p1a: Talonflame|Roost|p1a: Talonflame
|-heal|p1a: Talonflame|291\/360
|move|p2a: Latios|Psyshock|p1a: Talonflame
|-damage|p1a: Talonflame|93\/360
|
|-heal|p1a: Talonflame|115\/360|[from] item: Leftovers
|-damage|p2a: Latios|132\/301 brn|[from] brn
|turn|12
|c|âAppreciation|o right im not lorb
|
|move|p1a: Talonflame|Brave Bird|p2a: Latios
|-damage|p2a: Latios|0 fnt
|-damage|p1a: Talonflame|55\/360|[from] item: Rocky Helmet|[of] p2a: Latios
|-damage|p1a: Talonflame|11\/360|[from] recoil|[of] p2a: Latios
|faint|p2a: Latios
|
|-heal|p1a: Talonflame|33\/360|[from] item: Leftovers
|
|switch|p2a: Thundurus|Thundurus, M|299\/299
|turn|13
|c|âAppreciation|actually
|c|âAppreciation|this wont kill
|c|âAppreciation|fuck
|
|switch|p1a: Latias|Latias, F|364\/364
|-damage|p1a: Latias|319\/364|[from] Stealth Rock
|move|p2a: Thundurus|Thunderbolt|p1a: Latias
|-resisted|p1a: Latias
|-damage|p1a: Latias|255\/364
|-damage|p2a: Thundurus|270\/299|[from] item: Life Orb
|
|-heal|p1a: Latias|277\/364|[from] item: Leftovers
|turn|14
|c|âAppreciation|NOO
|c|âAppreciation|FUCK
|
|move|p2a: Thundurus|Knock Off|p1a: Latias
|-supereffective|p1a: Latias
|-damage|p1a: Latias|38\/364
|-enditem|p1a: Latias|Leftovers|[from] move: Knock Off|[of] p2a: Thundurus
|-damage|p2a: Thundurus|241\/299|[from] item: Life Orb
|move|p1a: Latias|Defog|p2a: Thundurus
|-unboost|p2a: Thundurus|evasion|1
|-boost|p2a: Thundurus|atk|2|[from] ability: Defiant
|-sideend|p1: XxlapsxX|Stealth Rock|[from] move: Defog|[of] p1a: Latias
|
|turn|15
|c|âAppreciation|thank u
|
|switch|p1a: Ferrothorn|Ferrothorn, F|343\/352
|move|p2a: Thundurus|Thunderbolt|p1a: Ferrothorn
|-resisted|p1a: Ferrothorn
|-damage|p1a: Ferrothorn|248\/352
|-damage|p2a: Thundurus|212\/299|[from] item: Life Orb
|
|turn|16
|c| Here To GG|come to my game when your done :)
|c| Here To GG|its a part
|c| Here To GG|y
|
|move|p2a: Thundurus|Superpower|p1a: Ferrothorn
|-supereffective|p1a: Ferrothorn
|-damage|p1a: Ferrothorn|0 fnt
|-damage|p2a: Thundurus|175\/299|[from] ability: Iron Barbs|[of] p1a: Ferrothorn
|-unboost|p2a: Thundurus|atk|1
|-unboost|p2a: Thundurus|def|1
|-damage|p2a: Thundurus|146\/299|[from] item: Life Orb
|faint|p1a: Ferrothorn
|
|c|âAppreciation|who u fightinbg
|
|switch|p1a: Talonflame|Talonflame, F|33\/360
|turn|17
|c| LUSTY LEDDIT|user: Reverb
|c|âAppreciation|o
|
|move|p1a: Talonflame|Brave Bird|p2a: Thundurus
|-resisted|p2a: Thundurus
|-damage|p2a: Thundurus|0 fnt
|-damage|p1a: Talonflame|0 fnt|[from] recoil|[of] p2a: Thundurus
|faint|p2a: Thundurus
|faint|p1a: Talonflame
|
|c|âAppreciation|ded
|
|switch|p2a: Landorus|Landorus, M|319\/319
|switch|p1a: Conkeldurr|Conkeldurr, M|312\/414
|turn|18
|
|switch|p2a: Scizor|Scizor-Mega, F|196\/282
|move|p1a: Conkeldurr|Ice Punch|p2a: Scizor
|-resisted|p2a: Scizor
|-damage|p2a: Scizor|150\/282
|
|turn|19
|
|move|p2a: Scizor|Swords Dance|p2a: Scizor
|-boost|p2a: Scizor|atk|2
|move|p1a: Conkeldurr|Drain Punch|p2a: Scizor
|-damage|p2a: Scizor|20\/282
|-heal|p1a: Conkeldurr|377\/414|[from] drain|[of] p2a: Scizor
|
|turn|20
|
|move|p2a: Scizor|Bullet Punch|p1a: Conkeldurr
|-damage|p1a: Conkeldurr|104\/414
|move|p1a: Conkeldurr|Mach Punch|p2a: Scizor
|-damage|p2a: Scizor|0 fnt
|faint|p2a: Scizor
|
|
|switch|p2a: Diggersby|Diggersby, M|311\/311
|turn|21
|
|move|p1a: Conkeldurr|Mach Punch|p2a: Diggersby
|-supereffective|p2a: Diggersby
|-damage|p2a: Diggersby|81\/311
|move|p2a: Diggersby|Return|p1a: Conkeldurr
|-damage|p1a: Conkeldurr|0 fnt
|-damage|p2a: Diggersby|50\/311|[from] item: Life Orb
|faint|p1a: Conkeldurr
|
|
|switch|p1a: Charizard|Charizard, F|298\/298
|turn|22
|
|detailschange|p1a: Charizard|Charizard-Mega-X, F
|-mega|p1a: Charizard|Charizard|Charizardite X
|move|p1a: Charizard|Earthquake|p2a: Diggersby
|-damage|p2a: Diggersby|0 fnt
|faint|p2a: Diggersby
|
|
|switch|p2a: Landorus|Landorus, M|319\/319
|turn|23
|
|move|p1a: Charizard|Outrage|p2a: Landorus
|-damage|p2a: Landorus|27\/319
|move|p2a: Landorus|Rock Polish|p2a: Landorus
|-boost|p2a: Landorus|spe|2
|
|turn|24
|c|âAppreciation|yes
|c|âAppreciation|YES
|c|âAppreciation|DIE
|c|âAppreciation|DIE
|c|âAppreciation|DIE
|c|âAppreciation|DIEEEEEE
|
|move|p2a: Landorus|Earth Power|p1a: Charizard
|-supereffective|p1a: Charizard
|-damage|p1a: Charizard|0 fnt
|faint|p1a: Charizard
|
|c|âAppreciation|GOOD
|
|switch|p1a: Latias|Latias, F|38\/364
|turn|25
|c|âAppreciation|GAME
|c|âAppreciation|BREH
|
|move|p2a: Landorus|Sludge Wave|p1a: Latias
|-damage|p1a: Latias|0 fnt
|faint|p1a: Latias
|
|win|Appreciation
|raw|Ladder updating...
|raw|XxlapsxX's rating: 1508 &rarr; <strong>1492<\/strong><br \/>(-16 for losing)
|raw|Appreciation's rating: 1581 &rarr; <strong>1596<\/strong><br \/>(+15 for winning)