|join|Appreciation
|join|bluesnow1993
|player|p1|Appreciation|68
|player|p2|bluesnow1993|163
|gametype|singles
|gen|6
|tier|OU
|rated
|clearpoke
|poke|p1|Diancie
|poke|p1|Talonflame, F
|poke|p1|Dragonite, F
|poke|p1|Excadrill, F
|poke|p1|Garchomp, F
|poke|p1|Keldeo
|poke|p2|Heatran, F
|poke|p2|Manaphy
|poke|p2|Gengar, F, shiny
|poke|p2|Cradily, F
|poke|p2|Lopunny, M
|poke|p2|Talonflame, M
|rule|Swagger Clause: Swagger is banned
|rule|Baton Pass Clause: Limit one PokÃ©mon knowing Baton Pass
|rule|Sleep Clause Mod: Limit one foe put to sleep
|rule|Species Clause: Limit one of each PokÃ©mon
|rule|OHKO Clause: OHKO moves are banned
|rule|Moody Clause: Moody is banned
|rule|Evasion Moves Clause: Evasion moves are banned
|rule|Endless Battle Clause: Forcing endless battles is banned
|rule|HP Percentage Mod: HP is shown in percentages
|teampreview
|
|start
|switch|p1a: Talonflame|Talonflame, F|297\/297
|switch|p2a: Cradily|Cradily, F|376\/376
|turn|1
|
|switch|p1a: Garchomp|Garchomp, F|357\/357
|move|p2a: Cradily|Stealth Rock|p1a: Garchomp
|-sidestart|p1: Appreciation|move: Stealth Rock
|
|turn|2
|
|move|p1a: Garchomp|Stealth Rock|p2a: Cradily
|-sidestart|p2: bluesnow1993|move: Stealth Rock
|move|p2a: Cradily|Toxic|p1a: Garchomp
|-status|p1a: Garchomp|tox
|
|-damage|p1a: Garchomp|335\/357 tox|[from] psn
|turn|3
|
|move|p1a: Garchomp|Swords Dance|p1a: Garchomp
|-boost|p1a: Garchomp|atk|2
|move|p2a: Cradily|Stone Edge|p1a: Garchomp
|-resisted|p1a: Garchomp
|-damage|p1a: Garchomp|284\/357 tox
|
|-damage|p1a: Garchomp|240\/357 tox|[from] psn
|turn|4
|
|move|p1a: Garchomp|Outrage|p2a: Cradily
|-damage|p2a: Cradily|0 fnt
|faint|p2a: Cradily
|
|-damage|p1a: Garchomp|174\/357 tox|[from] psn
|
|switch|p2a: Lopunny|Lopunny, M|272\/272
|-damage|p2a: Lopunny|238\/272|[from] Stealth Rock
|turn|5
|
|detailschange|p2a: Lopunny|Lopunny-Mega, M
|-mega|p2a: Lopunny|Lopunny|Lopunnite
|move|p2a: Lopunny|Fake Out|p1a: Garchomp
|-damage|p1a: Garchomp|93\/357 tox
|-damage|p2a: Lopunny|204\/272|[from] ability: Rough Skin|[of] p1a: Garchomp
|cant|p1a: Garchomp|flinch
|
|-damage|p1a: Garchomp|5\/357 tox|[from] psn
|turn|6
|
|move|p2a: Lopunny|Return|p1a: Garchomp
|-damage|p1a: Garchomp|0 fnt
|-damage|p2a: Lopunny|170\/272|[from] ability: Rough Skin|[of] p1a: Garchomp
|faint|p1a: Garchomp
|
|
|switch|p1a: Excadrill|Excadrill, F|361\/361
|-damage|p1a: Excadrill|350\/361|[from] Stealth Rock
|-ability|p1a: Excadrill|Mold Breaker
|turn|7
|
|move|p1a: Excadrill|Rapid Spin|p2a: Lopunny
|-damage|p2a: Lopunny|142\/272
|-sideend|p1: Appreciation|Stealth Rock|[from] move: Rapid Spin|[of] p1a: Excadrill
|move|p2a: Lopunny|Drain Punch|p1a: Excadrill
|-supereffective|p1a: Excadrill
|-damage|p1a: Excadrill|0 fnt
|-heal|p2a: Lopunny|272\/272|[from] drain|[of] p1a: Excadrill
|faint|p1a: Excadrill
|
|
|switch|p1a: Talonflame|Talonflame, F|297\/297
|turn|8
|
|switch|p2a: Heatran|Heatran, F|337\/337
|-damage|p2a: Heatran|295\/337|[from] Stealth Rock
|move|p1a: Talonflame|Swords Dance|p1a: Talonflame
|-boost|p1a: Talonflame|atk|2
|
|turn|9
|
|move|p1a: Talonflame|Natural Gift|p2a: Heatran
|-supereffective|p2a: Heatran
|-enditem|p2a: Heatran|Shuca Berry|[eat]
|-damage|p2a: Heatran|0 fnt
|faint|p2a: Heatran
|
|
|switch|p2a: Talonflame|Talonflame, M|298\/298
|-damage|p2a: Talonflame|149\/298|[from] Stealth Rock
|turn|10
|
|move|p2a: Talonflame|Brave Bird|p1a: Talonflame
|-damage|p1a: Talonflame|38\/297
|-damage|p2a: Talonflame|64\/298|[from] recoil|[of] p1a: Talonflame
|move|p1a: Talonflame|Brave Bird|p2a: Talonflame
|-damage|p2a: Talonflame|0 fnt
|-damage|p1a: Talonflame|17\/297|[from] recoil|[of] p2a: Talonflame
|faint|p2a: Talonflame
|
|
|switch|p2a: Lopunny|Lopunny-Mega, M|272\/272
|-damage|p2a: Lopunny|255\/272|[from] Stealth Rock
|turn|11
|
|move|p2a: Lopunny|Fake Out|p1a: Talonflame
|-damage|p1a: Talonflame|0 fnt
|faint|p1a: Talonflame
|
|
|switch|p1a: Dragonite|Dragonite, F|323\/323
|turn|12
|
|move|p2a: Lopunny|Ice Punch|p1a: Dragonite
|-supereffective|p1a: Dragonite
|-damage|p1a: Dragonite|135\/323
|move|p1a: Dragonite|Dragon Dance|p1a: Dragonite
|-boost|p1a: Dragonite|atk|1
|-boost|p1a: Dragonite|spe|1
|
|turn|13
|
|move|p1a: Dragonite|Outrage|p2a: Lopunny
|-damage|p2a: Lopunny|0 fnt
|-damage|p1a: Dragonite|103\/323|[from] item: Life Orb
|faint|p2a: Lopunny
|
|
|switch|p2a: Manaphy|Manaphy|365\/365
|-damage|p2a: Manaphy|320\/365|[from] Stealth Rock
|turn|14
|
|move|p1a: Dragonite|Outrage|p2a: Manaphy
|-damage|p2a: Manaphy|0 fnt
|-damage|p1a: Dragonite|71\/323|[from] item: Life Orb
|faint|p2a: Manaphy
|
|
|switch|p2a: Gengar|Gengar, F, shiny|262\/262
|-damage|p2a: Gengar|230\/262|[from] Stealth Rock
|turn|15
|
|move|p1a: Dragonite|Outrage|p2a: Gengar
|-damage|p2a: Gengar|0 fnt
|-damage|p1a: Dragonite|39\/323|[from] item: Life Orb
|faint|p2a: Gengar
|
|win|Appreciation
|raw|Ladder updating...
|raw|Appreciation's rating: 1400 &rarr; <strong>1417<\/strong><br \/>(+17 for winning)
|raw|bluesnow1993's rating: 1345 &rarr; <strong>1329<\/strong><br \/>(-16 for losing)