|join|Appreciation
|join|wctwdaniel6
|player|p1|Appreciation|68
|player|p2|wctwdaniel6|217
|gametype|singles
|gen|6
|tier|OU
|rated
|clearpoke
|poke|p1|Gyarados, M
|poke|p1|Crawdaunt, F
|poke|p1|Diggersby, M
|poke|p1|Garchomp, M
|poke|p1|Latios, M
|poke|p1|Gengar, F
|poke|p2|Lopunny, M
|poke|p2|Gothitelle, F
|poke|p2|Klefki, F
|poke|p2|Terrakion
|poke|p2|Landorus-Therian, M
|poke|p2|Rotom-Wash
|rule|Swagger Clause: Swagger is banned
|rule|Baton Pass Clause: Limit one PokÃ©mon knowing Baton Pass
|rule|Sleep Clause Mod: Limit one foe put to sleep
|rule|Species Clause: Limit one of each PokÃ©mon
|rule|OHKO Clause: OHKO moves are banned
|rule|Moody Clause: Moody is banned
|rule|Evasion Moves Clause: Evasion moves are banned
|rule|Endless Battle Clause: Forcing endless battles is banned
|rule|HP Percentage Mod: HP is shown in percentages
|teampreview
|join|Greninjaxx
|leave|Greninjaxx
|c|âAppreciation|hi
|c|âwctwdaniel6|hey dude
|join|LUSTY LEDDIT
|
|start
|switch|p1a: Garchomp|Garchomp, M|357\/357
|switch|p2a: Terrakion|Terrakion|323\/323
|turn|1
|c| LUSTY LEDDIT|go bloody!
|c|âAppreciation|lopunny
|c|âAppreciation|is so gay
|c|âAppreciation|honestly
|c| LUSTY LEDDIT|LOL
|c|âwctwdaniel6|i love it
|c| LUSTY LEDDIT|n-nice lopunny switch ins
|c|âwctwdaniel6|too good
|c|âAppreciation|!data loshitunny
No Pokemon, item, move, ability or nature named 'loshitunny' was found. (Check your spelling?)
|
|move|p2a: Terrakion|Taunt|p1a: Garchomp
|-start|p1a: Garchomp|move: Taunt
|move|p1a: Garchomp|Earthquake|p2a: Terrakion
|-supereffective|p2a: Terrakion
|-enditem|p2a: Terrakion|Focus Sash
|-damage|p2a: Terrakion|1\/323
|
|turn|2
|c|âAppreciation|its ho mate
|c|âAppreciation|tell me a mon that switches in
|c|âAppreciation|vs le lopunny
|c| LUSTY LEDDIT|physdef torn-t :^))))))))))
|c|âAppreciation|:^)
|
|move|p2a: Terrakion|Stealth Rock|p1a: Garchomp
|-sidestart|p1: Appreciation|move: Stealth Rock
|move|p1a: Garchomp|Dragon Claw|p2a: Terrakion
|-damage|p2a: Terrakion|0 fnt
|faint|p2a: Terrakion
|
|c|âAppreciation|clawd
|c|âAppreciation|m8
|c| LUSTY LEDDIT|what els
|
|switch|p2a: Rotom-Wash|Rotom-Wash|303\/303
|turn|3
|c| LUSTY LEDDIT|nice rotom-wash
|c|âAppreciation|rotom squash
|c|âAppreciation|XD
|
|move|p1a: Garchomp|Dragon Claw|p2a: Rotom-Wash
|-damage|p2a: Rotom-Wash|207\/303
|move|p2a: Rotom-Wash|Will-O-Wisp|p1a: Garchomp
|-status|p1a: Garchomp|brn
|-enditem|p1a: Garchomp|Lum Berry|[eat]
|-curestatus|p1a: Garchomp|brn
|
|-heal|p2a: Rotom-Wash|225\/303|[from] item: Leftovers
|-end|p1a: Garchomp|move: Taunt
|turn|4
|c|âAppreciation|oh no!
|c| LUSTY LEDDIT|xd
|c|âAppreciation|xD
|
|move|p1a: Garchomp|Stealth Rock|p2a: Rotom-Wash
|-sidestart|p2: wctwdaniel6|move: Stealth Rock
|move|p2a: Rotom-Wash|Will-O-Wisp|p1a: Garchomp
|-status|p1a: Garchomp|brn
|
|-heal|p2a: Rotom-Wash|243\/303|[from] item: Leftovers
|-damage|p1a: Garchomp|313\/357 brn|[from] brn
|turn|5
|c|âAppreciation|>2\/2
|c| LUSTY LEDDIT|shud i get breakfast now
|c|âAppreciation|whats
|c|âAppreciation|the next.
|c|âAppreciation|NO
|c| LUSTY LEDDIT|or eat a snack and get breakfast later
|c|âAppreciation|breakfast is for noobs
|c|âAppreciation|snack imop
|
|move|p1a: Garchomp|Swords Dance|p1a: Garchomp
|-boost|p1a: Garchomp|atk|2
|move|p2a: Rotom-Wash|Hydro Pump|p1a: Garchomp
|-damage|p1a: Garchomp|162\/357 brn
|
|-heal|p2a: Rotom-Wash|261\/303|[from] item: Leftovers
|-damage|p1a: Garchomp|118\/357 brn|[from] brn
|turn|6
|c|âAppreciation|why did u ppump me
|c| LUSTY LEDDIT|xd
|c|âAppreciation|dont pump me
|c|âAppreciation|MAN
|c|âAppreciation|DONT DO IT
|c| LUSTY LEDDIT|dont pump my chump
|
|move|p1a: Garchomp|Dragon Claw|p2a: Rotom-Wash
|-damage|p2a: Rotom-Wash|156\/303
|move|p2a: Rotom-Wash|Hydro Pump|p1a: Garchomp
|-damage|p1a: Garchomp|0 fnt
|faint|p1a: Garchomp
|
|-heal|p2a: Rotom-Wash|174\/303|[from] item: Leftovers
|c|âAppreciation|no misses
|c|âAppreciation|LUCKY imo
|
|switch|p1a: Diggersby|Diggersby, M|311\/311
|-damage|p1a: Diggersby|292\/311|[from] Stealth Rock
|turn|7
|
|switch|p2a: Gothitelle|Gothitelle, F|281\/281
|-damage|p2a: Gothitelle|246\/281|[from] Stealth Rock
|move|p1a: Diggersby|Return|p2a: Gothitelle
|-damage|p2a: Gothitelle|0 fnt
|-damage|p1a: Diggersby|261\/311|[from] item: Life Orb
|faint|p2a: Gothitelle
|
|c|âAppreciation|okek
|c|âwctwdaniel6|goth is dead weight
|c| LUSTY LEDDIT|just like ur mum
|c|âAppreciation|XDD
|
|switch|p2a: Lopunny|Lopunny, M|271\/271
|-damage|p2a: Lopunny|238\/271|[from] Stealth Rock
|turn|8
|c| LUSTY LEDDIT|:}
|c|âAppreciation|the threat
|join|qq biblethump
|c|âAppreciation|is here
|c| qq biblethump|qq...
|c|âAppreciation|do u guys
|c|âAppreciation|see
|c|âAppreciation|the
|c|âAppreciation|THREAT
|c| LUSTY LEDDIT|no
|
|detailschange|p2a: Lopunny|Lopunny-Mega, M
|-mega|p2a: Lopunny|Lopunny|Lopunnite
|move|p1a: Diggersby|Quick Attack|p2a: Lopunny
|-damage|p2a: Lopunny|120\/271
|-damage|p1a: Diggersby|230\/311|[from] item: Life Orb
|move|p2a: Lopunny|High Jump Kick|p1a: Diggersby
|-supereffective|p1a: Diggersby
|-damage|p1a: Diggersby|0 fnt
|faint|p1a: Diggersby
|
|c| qq biblethump|diggersby tho!?
|c|âAppreciation|>no crit
|c| qq biblethump|ewow wat a thret
|c|âAppreciation|>np miss
|c| LUSTY LEDDIT|252+ Atk Life Orb Adaptability Crawdaunt Aqua Jet vs. 0 HP \/ 4 Def Mega Lopunny: 125-148 (46.1 - 54.6%)
|c| LUSTY LEDDIT|tfw
|c|âAppreciation|watch this kill
|c|âAppreciation|im not
|c|âAppreciation|adamant
|
|switch|p1a: Crawdaunt|Crawdaunt, F|268\/268
|-damage|p1a: Crawdaunt|235\/268|[from] Stealth Rock
|turn|9
|c| 6 agility|tfw modest crawdaunt
|c|âAppreciation|also no XD
|c|âAppreciation|guys ur all funny XD
|c| 6 agility|xd
|c|âAppreciation|not.
|c| LUSTY LEDDIT|-[]_[]-
|c|âAppreciation|stay in
|
|switch|p2a: Rotom-Wash|Rotom-Wash|174\/303
|-damage|p2a: Rotom-Wash|137\/303|[from] Stealth Rock
|move|p1a: Crawdaunt|Aqua Jet|p2a: Rotom-Wash
|-resisted|p2a: Rotom-Wash
|-damage|p2a: Rotom-Wash|92\/303
|-damage|p1a: Crawdaunt|209\/268|[from] item: Life Orb
|
|-heal|p2a: Rotom-Wash|110\/303|[from] item: Leftovers
|turn|10
|c|âAppreciation|please..
|c|âAppreciation|oh my tits
|
|move|p1a: Crawdaunt|Knock Off|p2a: Rotom-Wash
|-damage|p2a: Rotom-Wash|0 fnt
|-enditem|p2a: Rotom-Wash|Leftovers|[from] move: Knock Off|[of] p1a: Crawdaunt
|-damage|p1a: Crawdaunt|183\/268|[from] item: Life Orb
|faint|p2a: Rotom-Wash
|
|c|âAppreciation|i run jolly for rotom XdXdyxxDxDXDDdddxDxD
|c|âAppreciation|XD!
|c| LUSTY LEDDIT|!!!!!!!!!!!!!!!!!!!
|c|âAppreciation|xDD1111!
|
|switch|p2a: Landorus-Therian|Landorus-Therian, M|319\/319
|-damage|p2a: Landorus-Therian|280\/319|[from] Stealth Rock
|-ability|p2a: Landorus-Therian|Intimidate|[of] p1a: Crawdaunt
|-unboost|p1a: Crawdaunt|atk|1
|turn|11
|c|âAppreciation|oh look its thundertus
|c|âAppreciation|my lati
|c|âAppreciation|yn
|c|âAppreciation|baby dont hurt me
|c|âAppreciation|no more...
|
|switch|p1a: Latios|Latios, M|301\/301
|-damage|p1a: Latios|264\/301|[from] Stealth Rock
|move|p2a: Landorus-Therian|U-turn|p1a: Latios
|-supereffective|p1a: Latios
|-damage|p1a: Latios|36\/301
|c|âAppreciation|FUCK
|c|âAppreciation|NOOOOOOOOOOOOOOO
|c| LUSTY LEDDIT|..
|c| LUSTY LEDDIT|fuck
|c|âAppreciation|gay af
|c|âAppreciation|gg lopunny shit
|
|switch|p2a: Klefki|Klefki, F|317\/317
|-damage|p2a: Klefki|298\/317|[from] Stealth Rock
|
|-heal|p2a: Klefki|317\/317|[from] item: Leftovers
|turn|12
|c|âAppreciation|o
|
|move|p1a: Latios|Trick|p2a: Klefki
|-activate|p1a: Latios|move: Trick|[of] p2a: Klefki
|-item|p2a: Klefki|Choice Scarf|[from] move: Trick
|-item|p1a: Latios|Leftovers|[from] move: Trick
|move|p2a: Klefki|Play Rough|p1a: Latios
|-supereffective|p1a: Latios
|-damage|p1a: Latios|0 fnt
|faint|p1a: Latios
|
|c| LUSTY LEDDIT|lol
|c|âAppreciation|lel
|c| LUSTY LEDDIT|>
|c|âAppreciation|leleleleleelel
|c|âAppreciation|lelelele
|c|âAppreciation|lelellele
|c| LUSTY LEDDIT|muh gyara
|c|âAppreciation|should i really go gyara
|c|âAppreciation|what MOVE should i use.
|
|switch|p1a: Gyarados|Gyarados, M|331\/331
|-damage|p1a: Gyarados|249\/331|[from] Stealth Rock
|-ability|p1a: Gyarados|Intimidate|[of] p2a: Klefki
|-unboost|p2a: Klefki|atk|1
|turn|13
|c|âAppreciation|Hm, I do not know
|c| LUSTY LEDDIT|fire blast
|c|âAppreciation|idek what im doing
|
|switch|p2a: Landorus-Therian|Landorus-Therian, M|280\/319
|-damage|p2a: Landorus-Therian|241\/319|[from] Stealth Rock
|-ability|p2a: Landorus-Therian|Intimidate|[of] p1a: Gyarados
|-unboost|p1a: Gyarados|atk|1
|move|p1a: Gyarados|Substitute|p1a: Gyarados
|-start|p1a: Gyarados|Substitute
|-damage|p1a: Gyarados|167\/331
|
|turn|14
|c|âAppreciation|im just clicking moves
|c|âAppreciation|like what
|c|âAppreciation|XD
|c| LUSTY LEDDIT|xd
|c|âAppreciation|hello
|
|move|p2a: Landorus-Therian|Stone Edge|p1a: Gyarados
|-crit|p1a: Gyarados
|-supereffective|p1a: Gyarados
|-end|p1a: Gyarados|Substitute
|move|p1a: Gyarados|Waterfall|p2a: Landorus-Therian
|-supereffective|p2a: Landorus-Therian
|-damage|p2a: Landorus-Therian|25\/319
|
|turn|15
|c|âAppreciation|i clicked a move
|c|âAppreciation|>STONE EDFE
|
|detailschange|p1a: Gyarados|Gyarados-Mega, M
|-mega|p1a: Gyarados|Gyarados|Gyaradosite
|-ability|p1a: Gyarados|Mold Breaker
|move|p2a: Landorus-Therian|Stone Edge|p1a: Gyarados
|-damage|p1a: Gyarados|50\/331
|move|p1a: Gyarados|Waterfall|p2a: Landorus-Therian
|-crit|p2a: Landorus-Therian
|-supereffective|p2a: Landorus-Therian
|-damage|p2a: Landorus-Therian|0 fnt
|faint|p2a: Landorus-Therian
|
|c|âAppreciation|imo
|c|âAppreciation|i still lose tho y\/n
|
|switch|p2a: Lopunny|Lopunny-Mega, M|120\/271
|-damage|p2a: Lopunny|104\/271|[from] Stealth Rock
|turn|16
|c| LUSTY LEDDIT|n
|c| LUSTY LEDDIT|ez crawdaunt win
|c|âAppreciation|nah
|c|âAppreciation|klefki is a wall
|c|âAppreciation|and its scarfed.,.
|
|move|p2a: Lopunny|Return|p1a: Gyarados
|-damage|p1a: Gyarados|0 fnt
|faint|p1a: Gyarados
|
|c| LUSTY LEDDIT|u have gengar
|c| LUSTY LEDDIT|key is scarf
|c| LUSTY LEDDIT|,
|c|âAppreciation|!data klefki
|c|~|\/data-pokemon Klefki

|c|âAppreciation|he has a
|c|âAppreciation|LOPUNNY
|
|switch|p1a: Crawdaunt|Crawdaunt, F|183\/268
|-damage|p1a: Crawdaunt|150\/268|[from] Stealth Rock
|turn|17
|c| LUSTY LEDDIT|lopunny is ez
|c|âAppreciation|>lopunny is ez
|c|âAppreciation|klefki is balk
|
|switch|p2a: Klefki|Klefki, F|317\/317
|-damage|p2a: Klefki|298\/317|[from] Stealth Rock
|move|p1a: Crawdaunt|Aqua Jet|p2a: Klefki
|-crit|p2a: Klefki
|-damage|p2a: Klefki|103\/317
|-damage|p1a: Crawdaunt|124\/268|[from] item: Life Orb
|
|turn|18
|c|âAppreciation|lel
|c| LUSTY LEDDIT|>balk
|c|âAppreciation|does jet kill
|c|âAppreciation|??
|c| LUSTY LEDDIT|yes
|c|âAppreciation|if it doesnt
|c|âAppreciation|i kill u
|c|âAppreciation|ok?
|
|move|p2a: Klefki|Thunder Wave|p1a: Crawdaunt
|-status|p1a: Crawdaunt|par
|move|p1a: Crawdaunt|Aqua Jet|p2a: Klefki
|-damage|p2a: Klefki|0 fnt
|-damage|p1a: Crawdaunt|98\/268 par|[from] item: Life Orb
|faint|p2a: Klefki
|
|c|âAppreciation|oh
|c|âAppreciation|my
|c|âAppreciation|tits
|c| LUSTY LEDDIT|inb4 fake out reveal
|c|âAppreciation|ima lose to para
|
|switch|p2a: Lopunny|Lopunny-Mega, M|104\/271
|-damage|p2a: Lopunny|88\/271|[from] Stealth Rock
|turn|19
|
|switch|p1a: Gengar|Gengar, F|261\/261
|-damage|p1a: Gengar|229\/261|[from] Stealth Rock
|move|p2a: Lopunny|Fake Out|p1a: Gengar
|-crit|p1a: Gengar
|-damage|p1a: Gengar|72\/261
|
|turn|20
|c|âAppreciation|catch this
|c|âAppreciation|para
|c|âAppreciation|losing me game
|c|âAppreciation|:);)
|
|move|p2a: Lopunny|Return|p1a: Gengar
|-damage|p1a: Gengar|0 fnt
|faint|p1a: Gengar
|
|c|âAppreciation|do u really wanna win to parahax
|c|âAppreciation|._.
|
|switch|p1a: Crawdaunt|Crawdaunt, F|98\/268 par
|-damage|p1a: Crawdaunt|65\/268 par|[from] Stealth Rock
|turn|21
|c|âwctwdaniel6|i have quick attack
|c| LUSTY LEDDIT|sure u do
|c|âAppreciation|!learn lopunny, quick attack
|raw|<div class="infobox">Lopunny <span class="message-learn-canlearn">can<\/span> learn Quick Attack<\/ul><\/div>
|
|move|p1a: Crawdaunt|Aqua Jet|p2a: Lopunny
|-damage|p2a: Lopunny|0 fnt
|-damage|p1a: Crawdaunt|39\/268 par|[from] item: Life Orb
|faint|p2a: Lopunny
|
|win|Appreciation
|raw|Ladder updating...
|c|âAppreciation|whew
|c|âwctwdaniel6|gg
|c| LUSTY LEDDIT|rekt
|raw|Appreciation's rating: 1664 &rarr; <strong>1677<\/strong><br \/>(+13 for winning)
|raw|wctwdaniel6's rating: 1539 &rarr; <strong>1526<\/strong><br \/>(-13 for losing)
|c|âAppreciation|g
|c| LUSTY LEDDIT|bg
|leave|LUSTY LEDDIT