|join|PBC All I See
|join|Appreciation
|player|p1|PBC All I See|1
|player|p2|Appreciation|68
|gametype|singles
|gen|6
|tier|OU
|rated
|clearpoke
|poke|p1|Charizard, F
|poke|p1|Venusaur, M
|poke|p1|Tyranitar, F
|poke|p1|Starmie
|poke|p1|Landorus-Therian, M
|poke|p1|Bisharp, F, shiny
|poke|p2|Beedrill, M
|poke|p2|Latios, M
|poke|p2|Keldeo
|poke|p2|Landorus-Therian, M
|poke|p2|Excadrill, F
|poke|p2|Tyranitar, M
|rule|Swagger Clause: Swagger is banned
|rule|Baton Pass Clause: Limit one PokÃ©mon knowing Baton Pass
|rule|Sleep Clause Mod: Limit one foe put to sleep
|rule|Species Clause: Limit one of each PokÃ©mon
|rule|OHKO Clause: OHKO moves are banned
|rule|Moody Clause: Moody is banned
|rule|Evasion Moves Clause: Evasion moves are banned
|rule|Endless Battle Clause: Forcing endless battles is banned
|rule|HP Percentage Mod: HP is shown in percentages
|teampreview
|
|start
|switch|p1a: Standardus-T|Landorus-Therian, M|341\/341
|switch|p2a: Beedrill|Beedrill, M|272\/272
|-ability|p1a: Standardus-T|Intimidate|[of] p2a: Beedrill
|-unboost|p2a: Beedrill|atk|1
|turn|1
|
|detailschange|p2a: Beedrill|Beedrill-Mega, M
|-mega|p2a: Beedrill|Beedrill|Beedrillite
|move|p2a: Beedrill|Protect|p2a: Beedrill
|-singleturn|p2a: Beedrill|Protect
|move|p1a: Standardus-T|Stealth Rock|p2a: Beedrill
|-sidestart|p2: Appreciation|move: Stealth Rock
|
|turn|2
|
|move|p2a: Beedrill|U-turn|p1a: Standardus-T
|-resisted|p1a: Standardus-T
|-damage|p1a: Standardus-T|266\/341
|
|switch|p2a: Keldeo|Keldeo|323\/323
|-damage|p2a: Keldeo|303\/323|[from] Stealth Rock
|move|p1a: Standardus-T|U-turn|p2a: Keldeo
|-resisted|p2a: Keldeo
|-damage|p2a: Keldeo|256\/323
|
|switch|p1a: GimmeDemSouls|Venusaur, M|325\/325
|
|turn|3
|
|switch|p2a: Latios|Latios, M|301\/301
|-damage|p2a: Latios|264\/301|[from] Stealth Rock
|switch|p1a: Tyranitar|Tyranitar, F|341\/341
|-weather|Sandstorm
|
|-weather|Sandstorm|[upkeep]
|-damage|p2a: Latios|246\/301|[from] sandstorm
|turn|4
|
|move|p1a: Tyranitar|Pursuit|p2a: Latios
|-supereffective|p2a: Latios
|-damage|p2a: Latios|54\/301
|move|p2a: Latios|Draco Meteor|p1a: Tyranitar
|-damage|p1a: Tyranitar|130\/341
|-unboost|p2a: Latios|spa|2
|-damage|p2a: Latios|24\/301|[from] item: Life Orb
|
|-weather|Sandstorm|[upkeep]
|-damage|p2a: Latios|6\/301|[from] sandstorm
|turn|5
|
|move|p1a: Tyranitar|Pursuit|p2a: Latios
|-supereffective|p2a: Latios
|-damage|p2a: Latios|0 fnt
|faint|p2a: Latios
|
|-weather|Sandstorm|[upkeep]
|
|switch|p2a: Landorus-Therian|Landorus-Therian, M|319\/319
|-damage|p2a: Landorus-Therian|280\/319|[from] Stealth Rock
|-ability|p2a: Landorus-Therian|Intimidate|[of] p1a: Tyranitar
|-unboost|p1a: Tyranitar|atk|1
|turn|6
|
|switch|p1a: Waifu|Bisharp, F, shiny|271\/271
|move|p2a: Landorus-Therian|Stealth Rock|p1a: Waifu
|-sidestart|p1: PBC All I See|move: Stealth Rock
|
|-weather|Sandstorm|[upkeep]
|turn|7
|
|move|p2a: Landorus-Therian|Earthquake|p1a: Waifu
|-supereffective|p1a: Waifu
|-damage|p1a: Waifu|0 fnt
|faint|p1a: Waifu
|
|-weather|none
|
|switch|p1a: Starmie|Starmie|323\/323
|-damage|p1a: Starmie|283\/323|[from] Stealth Rock
|turn|8
|
|move|p1a: Starmie|Rapid Spin|p2a: Landorus-Therian
|-damage|p2a: Landorus-Therian|269\/319
|-sideend|p1: PBC All I See|Stealth Rock|[from] move: Rapid Spin|[of] p1a: Starmie
|move|p2a: Landorus-Therian|Knock Off|p1a: Starmie
|-supereffective|p1a: Starmie
|-damage|p1a: Starmie|0 fnt
|-enditem|p1a: Starmie|Leftovers|[from] move: Knock Off|[of] p2a: Landorus-Therian
|faint|p1a: Starmie
|
|
|switch|p1a: Charizard|Charizard, F|301\/301
|turn|9
|
|detailschange|p1a: Charizard|Charizard-Mega-Y, F
|-mega|p1a: Charizard|Charizard|Charizardite Y
|-weather|SunnyDay
|move|p2a: Landorus-Therian|Stealth Rock|p1a: Charizard
|-sidestart|p1: PBC All I See|move: Stealth Rock
|move|p1a: Charizard|Flamethrower|p2a: Landorus-Therian
|-damage|p2a: Landorus-Therian|0 fnt
|faint|p2a: Landorus-Therian
|
|-weather|SunnyDay|[upkeep]
|
|switch|p2a: Tyranitar|Tyranitar, M|403\/403
|-damage|p2a: Tyranitar|353\/403|[from] Stealth Rock
|-weather|Sandstorm
|turn|10
|
|switch|p1a: Tyranitar|Tyranitar, F|130\/341
|-damage|p1a: Tyranitar|88\/341|[from] Stealth Rock
|move|p2a: Tyranitar|Stone Edge|p1a: Tyranitar
|-damage|p1a: Tyranitar|0 fnt
|faint|p1a: Tyranitar
|
|-weather|Sandstorm|[upkeep]
|
|switch|p1a: Standardus-T|Landorus-Therian, M|266\/341
|-damage|p1a: Standardus-T|224\/341|[from] Stealth Rock
|-ability|p1a: Standardus-T|Intimidate|[of] p2a: Tyranitar
|-unboost|p2a: Tyranitar|atk|1
|turn|11
|
|switch|p2a: Keldeo|Keldeo|256\/323
|-damage|p2a: Keldeo|236\/323|[from] Stealth Rock
|move|p1a: Standardus-T|Earthquake|p2a: Keldeo
|-damage|p2a: Keldeo|0 fnt
|faint|p2a: Keldeo
|
|-weather|Sandstorm|[upkeep]
|
|switch|p2a: Beedrill|Beedrill-Mega, M|272\/272
|-damage|p2a: Beedrill|204\/272|[from] Stealth Rock
|turn|12
|
|move|p2a: Beedrill|Knock Off|p1a: Standardus-T
|-damage|p1a: Standardus-T|59\/341
|-enditem|p1a: Standardus-T|Earth Plate|[from] move: Knock Off|[of] p2a: Beedrill
|move|p1a: Standardus-T|Earthquake|p2a: Beedrill
|-damage|p2a: Beedrill|0 fnt
|faint|p2a: Beedrill
|
|-weather|Sandstorm|[upkeep]
|
|switch|p2a: Excadrill|Excadrill, F|361\/361
|-damage|p2a: Excadrill|350\/361|[from] Stealth Rock
|turn|13
|
|switch|p1a: Charizard|Charizard-Mega-Y, F|301\/301
|-damage|p1a: Charizard|151\/301|[from] Stealth Rock
|-weather|SunnyDay
|move|p2a: Excadrill|Iron Head|p1a: Charizard
|-resisted|p1a: Charizard
|-damage|p1a: Charizard|20\/301
|-damage|p2a: Excadrill|314\/361|[from] item: Life Orb
|
|-weather|SunnyDay|[upkeep]
|turn|14
|
|switch|p2a: Tyranitar|Tyranitar, M|353\/403
|-damage|p2a: Tyranitar|303\/403|[from] Stealth Rock
|-weather|Sandstorm
|move|p1a: Charizard|Focus Blast|p2a: Tyranitar
|-supereffective|p2a: Tyranitar
|-damage|p2a: Tyranitar|0 fnt
|faint|p2a: Tyranitar
|
|-weather|Sandstorm|[upkeep]
|-damage|p1a: Charizard|2\/301|[from] sandstorm
|
|switch|p2a: Excadrill|Excadrill, F|314\/361
|-damage|p2a: Excadrill|303\/361|[from] Stealth Rock
|turn|15
|
|move|p2a: Excadrill|Iron Head|p1a: Charizard
|-resisted|p1a: Charizard
|-damage|p1a: Charizard|0 fnt
|-damage|p2a: Excadrill|267\/361|[from] item: Life Orb
|faint|p1a: Charizard
|
|-weather|Sandstorm|[upkeep]
|
|switch|p1a: Standardus-T|Landorus-Therian, M|59\/341
|-damage|p1a: Standardus-T|17\/341|[from] Stealth Rock
|-ability|p1a: Standardus-T|Intimidate|[of] p2a: Excadrill
|-unboost|p2a: Excadrill|atk|1
|turn|16
|
|move|p2a: Excadrill|Iron Head|p1a: Standardus-T
|-damage|p1a: Standardus-T|0 fnt
|-damage|p2a: Excadrill|231\/361|[from] item: Life Orb
|faint|p1a: Standardus-T
|
|-weather|Sandstorm|[upkeep]
|
|switch|p1a: GimmeDemSouls|Venusaur, M|325\/325
|-damage|p1a: GimmeDemSouls|285\/325|[from] Stealth Rock
|turn|17
|
|move|p2a: Excadrill|Swords Dance|p2a: Excadrill
|-boost|p2a: Excadrill|atk|2
|move|p1a: GimmeDemSouls|Giga Drain|p2a: Excadrill
|-damage|p2a: Excadrill|17\/361
|-heal|p1a: GimmeDemSouls|325\/325|[from] drain|[of] p2a: Excadrill
|-damage|p1a: GimmeDemSouls|293\/325|[from] item: Life Orb
|
|-weather|Sandstorm|[upkeep]
|-damage|p1a: GimmeDemSouls|273\/325|[from] sandstorm
|turn|18
|
|move|p2a: Excadrill|Earthquake|p1a: GimmeDemSouls
|-damage|p1a: GimmeDemSouls|0 fnt
|-damage|p2a: Excadrill|0 fnt|[from] item: Life Orb
|faint|p1a: GimmeDemSouls
|faint|p2a: Excadrill
|
|win|Appreciation
|raw|Ladder updating...
|raw|PBC All I See's rating: 1385 &rarr; <strong>1366<\/strong><br \/>(-19 for losing)
|raw|Appreciation's rating: 1401 &rarr; <strong>1420<\/strong><br \/>(+19 for winning)