|join|Roi Pika
|join|Appreciation
|player|p1|Roi Pika|290
|player|p2|Appreciation|68
|gametype|singles
|gen|6
|tier|OU
|rated
|clearpoke
|poke|p1|Lopunny, M
|poke|p1|Gengar, M
|poke|p1|Sylveon, M, shiny
|poke|p1|Mandibuzz, F
|poke|p1|Excadrill, M, shiny
|poke|p1|Rotom-Wash
|poke|p2|Lopunny, F
|poke|p2|Crawdaunt, M
|poke|p2|Diggersby, F
|poke|p2|Garchomp, M
|poke|p2|Latios, M
|poke|p2|Gengar, F
|rule|Swagger Clause: Swagger is banned
|rule|Baton Pass Clause: Limit one PokÃ©mon knowing Baton Pass
|rule|Sleep Clause Mod: Limit one foe put to sleep
|rule|Species Clause: Limit one of each PokÃ©mon
|rule|OHKO Clause: OHKO moves are banned
|rule|Moody Clause: Moody is banned
|rule|Evasion Moves Clause: Evasion moves are banned
|rule|Endless Battle Clause: Forcing endless battles is banned
|rule|HP Percentage Mod: HP is shown in percentages
|teampreview
|
|start
|switch|p1a: Lopunny|Lopunny, M|271\/271
|switch|p2a: Lopunny|Lopunny, F|271\/271
|turn|1
|
|detailschange|p1a: Lopunny|Lopunny-Mega, M
|-mega|p1a: Lopunny|Lopunny|Lopunnite
|detailschange|p2a: Lopunny|Lopunny-Mega, F
|-mega|p2a: Lopunny|Lopunny|Lopunnite
|move|p1a: Lopunny|Fake Out|p2a: Lopunny
|-damage|p2a: Lopunny|195\/271
|cant|p2a: Lopunny|flinch
|
|turn|2
|
|switch|p1a: Mandibuzz|Mandibuzz, F|423\/423
|move|p2a: Lopunny|High Jump Kick|p1a: Mandibuzz
|-crit|p1a: Mandibuzz
|-damage|p1a: Mandibuzz|137\/423
|-damage|p2a: Lopunny|150\/271|[from] item: Rocky Helmet|[of] p1a: Mandibuzz
|
|turn|3
|
|move|p2a: Lopunny|High Jump Kick|p1a: Mandibuzz
|-damage|p1a: Mandibuzz|0 fnt
|-damage|p2a: Lopunny|105\/271|[from] item: Rocky Helmet|[of] p1a: Mandibuzz
|faint|p1a: Mandibuzz
|
|
|switch|p1a: Lopunny|Lopunny-Mega, M|271\/271
|turn|4
|
|move|p1a: Lopunny|Fake Out|p2a: Lopunny
|-damage|p2a: Lopunny|32\/271
|cant|p2a: Lopunny|flinch
|
|turn|5
|
|move|p1a: Lopunny|Return|p2a: Lopunny
|-damage|p2a: Lopunny|0 fnt
|faint|p2a: Lopunny
|
|c|âAppreciation|lol
|c|âAppreciation|winning 3\/3 speed ties
|c|âAppreciation|not bad lmfao
|
|switch|p2a: Latios|Latios, M|301\/301
|turn|6
|
|switch|p1a: Excadrill|Excadrill, M, shiny|417\/417
|-ability|p1a: Excadrill|Mold Breaker
|move|p2a: Latios|Psyshock|p1a: Excadrill
|-resisted|p1a: Excadrill
|-damage|p1a: Excadrill|318\/417
|
|-heal|p1a: Excadrill|344\/417|[from] item: Leftovers
|turn|7
|
|switch|p2a: Garchomp|Garchomp, M|357\/357
|move|p1a: Excadrill|Earthquake|p2a: Garchomp
|-crit|p2a: Garchomp
|-damage|p2a: Garchomp|152\/357
|
|-heal|p1a: Excadrill|370\/417|[from] item: Leftovers
|turn|8
|
|switch|p1a: Gengar|Gengar, M|261\/261
|move|p2a: Garchomp|Stealth Rock|p1a: Gengar
|-sidestart|p1: Roi Pika|move: Stealth Rock
|
|turn|9
|
|move|p1a: Gengar|Shadow Ball|p2a: Garchomp
|-damage|p2a: Garchomp|0 fnt
|-damage|p1a: Gengar|235\/261|[from] item: Life Orb
|faint|p2a: Garchomp
|
|
|switch|p2a: Latios|Latios, M|301\/301
|turn|10
|
|switch|p1a: Excadrill|Excadrill, M, shiny|370\/417
|-damage|p1a: Excadrill|357\/417|[from] Stealth Rock
|-ability|p1a: Excadrill|Mold Breaker
|move|p2a: Latios|Memento|p1a: Excadrill
|-unboost|p1a: Excadrill|atk|2
|-unboost|p1a: Excadrill|spa|2
|faint|p2a: Latios
|
|-heal|p1a: Excadrill|383\/417|[from] item: Leftovers
|
|switch|p2a: Crawdaunt|Crawdaunt, M|268\/268
|turn|11
|
|move|p2a: Crawdaunt|Swords Dance|p2a: Crawdaunt
|-boost|p2a: Crawdaunt|atk|2
|move|p1a: Excadrill|Earthquake|p2a: Crawdaunt
|-damage|p2a: Crawdaunt|195\/268
|
|-heal|p1a: Excadrill|409\/417|[from] item: Leftovers
|turn|12
|
|move|p2a: Crawdaunt|Knock Off|p1a: Excadrill
|-damage|p1a: Excadrill|0 fnt
|-enditem|p1a: Excadrill|Leftovers|[from] move: Knock Off|[of] p2a: Crawdaunt
|-damage|p2a: Crawdaunt|169\/268|[from] item: Life Orb
|faint|p1a: Excadrill
|
|join|S4TW2
|raw|<div class="broadcast-red"><b>Moderated chat was set to +!<\/b><br \/>Only users of rank + and higher can talk.<\/div>
|
|switch|p1a: numbers|Rotom-Wash|304\/304
|-damage|p1a: numbers|266\/304|[from] Stealth Rock
|turn|13
|
|move|p2a: Crawdaunt|Knock Off|p1a: numbers
|-damage|p1a: numbers|0 fnt
|-enditem|p1a: numbers|Leftovers|[from] move: Knock Off|[of] p2a: Crawdaunt
|-damage|p2a: Crawdaunt|143\/268|[from] item: Life Orb
|faint|p1a: numbers
|
|
|switch|p1a: Lopunny|Lopunny-Mega, M|271\/271
|-damage|p1a: Lopunny|255\/271|[from] Stealth Rock
|turn|14
|
|move|p1a: Lopunny|Fake Out|p2a: Crawdaunt
|-damage|p2a: Crawdaunt|53\/268
|cant|p2a: Crawdaunt|flinch
|
|turn|15
|
|switch|p1a: Sylveon|Sylveon, M, shiny|392\/392
|-damage|p1a: Sylveon|343\/392|[from] Stealth Rock
|move|p2a: Crawdaunt|Aqua Jet|p1a: Sylveon
|-damage|p1a: Sylveon|0 fnt
|-damage|p2a: Crawdaunt|27\/268|[from] item: Life Orb
|faint|p1a: Sylveon
|
|
|switch|p1a: Lopunny|Lopunny-Mega, M|255\/271
|-damage|p1a: Lopunny|239\/271|[from] Stealth Rock
|turn|16
|
|switch|p2a: Diggersby|Diggersby, F|311\/311
|move|p1a: Lopunny|Fake Out|p2a: Diggersby
|-damage|p2a: Diggersby|215\/311
|
|turn|17
|
|switch|p1a: Gengar|Gengar, M|235\/261
|-damage|p1a: Gengar|203\/261|[from] Stealth Rock
|switch|p2a: Crawdaunt|Crawdaunt, M|27\/268
|
|turn|18
|
|switch|p1a: Lopunny|Lopunny-Mega, M|239\/271
|-damage|p1a: Lopunny|223\/271|[from] Stealth Rock
|move|p2a: Crawdaunt|Aqua Jet|p1a: Lopunny
|-damage|p1a: Lopunny|93\/271
|-damage|p2a: Crawdaunt|1\/268|[from] item: Life Orb
|
|turn|19
|
|switch|p2a: Diggersby|Diggersby, F|215\/311
|move|p1a: Lopunny|Fake Out|p2a: Diggersby
|-damage|p2a: Diggersby|122\/311
|
|turn|20
|
|switch|p2a: Gengar|Gengar, F|261\/261
|move|p1a: Lopunny|Return|p2a: Gengar
|-damage|p2a: Gengar|0 fnt
|faint|p2a: Gengar
|
|
|switch|p2a: Diggersby|Diggersby, F|122\/311
|turn|21
|
|switch|p1a: Gengar|Gengar, M|203\/261
|-damage|p1a: Gengar|171\/261|[from] Stealth Rock
|switch|p2a: Crawdaunt|Crawdaunt, M|1\/268
|
|turn|22
|
|move|p2a: Crawdaunt|Aqua Jet|p1a: Gengar
|-damage|p1a: Gengar|0 fnt
|-damage|p2a: Crawdaunt|0 fnt|[from] item: Life Orb
|faint|p1a: Gengar
|faint|p2a: Crawdaunt
|
|
|switch|p1a: Lopunny|Lopunny-Mega, M|93\/271
|switch|p2a: Diggersby|Diggersby, F|122\/311
|-damage|p1a: Lopunny|77\/271|[from] Stealth Rock
|turn|23
|
|move|p1a: Lopunny|Fake Out|p2a: Diggersby
|-damage|p2a: Diggersby|38\/311
|cant|p2a: Diggersby|flinch
|
|turn|24
|
|move|p2a: Diggersby|Quick Attack|p1a: Lopunny
|-damage|p1a: Lopunny|0 fnt
|-damage|p2a: Diggersby|7\/311|[from] item: Life Orb
|faint|p1a: Lopunny
|
|win|Appreciation
|raw|Ladder updating...
|raw|Roi Pika's rating: 1581 &rarr; <strong>1563<\/strong><br \/>(-18 for losing)
|raw|Appreciation's rating: 1613 &rarr; <strong>1631<\/strong><br \/>(+18 for winning)