|join|Appreciation
|join|bad n lucky
|join|LUSTY LEDDIT
|player|p1|Appreciation|68
|player|p2|bad n lucky|33
|gametype|singles
|gen|6
|tier|OU
|rated
|clearpoke
|poke|p1|Gyarados, F
|poke|p1|Crawdaunt, M
|poke|p1|Diggersby, F
|poke|p1|Garchomp, F
|poke|p1|Latios, M
|poke|p1|Gengar, M
|poke|p2|Sableye, M
|poke|p2|Talonflame, F
|poke|p2|Celebi
|poke|p2|Heatran, M, shiny
|poke|p2|Latios, M
|poke|p2|Keldeo
|rule|Swagger Clause: Swagger is banned
|rule|Baton Pass Clause: Limit one PokÃ©mon knowing Baton Pass
|rule|Sleep Clause Mod: Limit one foe put to sleep
|rule|Species Clause: Limit one of each PokÃ©mon
|rule|OHKO Clause: OHKO moves are banned
|rule|Moody Clause: Moody is banned
|rule|Evasion Moves Clause: Evasion moves are banned
|rule|Endless Battle Clause: Forcing endless battles is banned
|rule|HP Percentage Mod: HP is shown in percentages
|teampreview
|c| LUSTY LEDDIT|fuck you cosine
|c|âAppreciation|welcome bad n lucky
|c|âAppreciation|its cosine?
|c|âAppreciation|LOL
|c|âAppreciation|well then...
|c| LUSTY LEDDIT|jk nvm
|c| LUSTY LEDDIT|rank is too shit to be cosine
|c|âAppreciation|lel
|
|start
|switch|p1a: Garchomp|Garchomp, F|357\/357
|switch|p2a: Sableye|Sableye, M|304\/304
|turn|1
|c|âAppreciation|damn sabeleye
|
|detailschange|p2a: Sableye|Sableye-Mega, M
|-mega|p2a: Sableye|Sableye|Sablenite
|move|p1a: Garchomp|Earthquake|p2a: Sableye
|-damage|p2a: Sableye|192\/304
|move|p2a: Sableye|Foul Play|p1a: Garchomp
|-damage|p1a: Garchomp|185\/357
|-damage|p2a: Sableye|154\/304|[from] ability: Rough Skin|[of] p1a: Garchomp
|
|turn|2
|c|âAppreciation|ok
|c| LUSTY LEDDIT|nice foul play buddy
|
|move|p1a: Garchomp|Swords Dance|p1a: Garchomp
|-boost|p1a: Garchomp|atk|2
|move|p2a: Sableye|Recover|p2a: Sableye
|-heal|p2a: Sableye|304\/304
|
|turn|3
|c|âAppreciation|lel
|
|move|p1a: Garchomp|Earthquake|p2a: Sableye
|-damage|p2a: Sableye|84\/304
|move|p2a: Sableye|Foul Play|p1a: Garchomp
|-damage|p1a: Garchomp|0 fnt
|-damage|p2a: Sableye|46\/304|[from] ability: Rough Skin|[of] p1a: Garchomp
|faint|p1a: Garchomp
|
|c|âAppreciation|eh
|
|switch|p1a: Gengar|Gengar, M|261\/261
|turn|4
|c|âAppreciation|shadow
|c|âAppreciation|BALL
|c|âAppreciation|inc.
|
|move|p1a: Gengar|Shadow Ball|p2a: Sableye
|-damage|p2a: Sableye|0 fnt
|-damage|p1a: Gengar|235\/261|[from] item: Life Orb
|faint|p2a: Sableye
|
|c| LUSTY LEDDIT|i really like all your gengar switch ins
|c|âAppreciation|gengar has no switch ins
|c|âAppreciation|only gliscor
|c|âAppreciation|:^)
|
|switch|p2a: Talonflame|Talonflame, F|319\/319
|turn|5
|c|âAppreciation|no fak
|c|âAppreciation|not the fucking bird
|
|move|p2a: Talonflame|Brave Bird|p1a: Gengar
|-damage|p1a: Gengar|0 fnt
|-damage|p2a: Talonflame|241\/319|[from] recoil|[of] p1a: Gengar
|faint|p1a: Gengar
|
|c|âAppreciation|ok
|
|switch|p1a: Gyarados|Gyarados, F|331\/331
|-ability|p1a: Gyarados|Intimidate|[of] p2a: Talonflame
|-unboost|p2a: Talonflame|atk|1
|turn|6
|c| LUSTY LEDDIT|bad n lucky can u just hit x
|c| LUSTY LEDDIT|we both know ur already gonna lose
|c|âAppreciation|n leddit
|c|âAppreciation|im ded
|
|switch|p2a: Keldeo|Keldeo|323\/323
|detailschange|p1a: Gyarados|Gyarados-Mega, F
|-mega|p1a: Gyarados|Gyarados|Gyaradosite
|-ability|p1a: Gyarados|Mold Breaker
|move|p1a: Gyarados|Dragon Dance|p1a: Gyarados
|-boost|p1a: Gyarados|atk|1
|-boost|p1a: Gyarados|spe|1
|
|turn|7
|c|âAppreciation|HELLO
|c|âAppreciation|LAG
|
|move|p1a: Gyarados|Waterfall|p2a: Keldeo
|-resisted|p2a: Keldeo
|-damage|p2a: Keldeo|170\/323
|cant|p2a: Keldeo|flinch
|
|turn|8
|c|âAppreciation|ez
|c|âAppreciation|one more
|c| LUSTY LEDDIT|crit here
|c|âAppreciation|LAB
|c|âAppreciation|LAG
|
|move|p1a: Gyarados|Waterfall|p2a: Keldeo
|-resisted|p2a: Keldeo
|-damage|p2a: Keldeo|18\/323
|move|p2a: Keldeo|Secret Sword|p1a: Gyarados
|-supereffective|p1a: Gyarados
|-damage|p1a: Gyarados|0 fnt
|faint|p1a: Gyarados
|
|c|âAppreciation|hax
|c| LUSTY LEDDIT|>
|c|âAppreciation|bg
|c|âAppreciation|dude the lag
|
|switch|p1a: Diggersby|Diggersby, F|311\/311
|turn|9
|c| LUSTY LEDDIT|lucky players i swear..
|
|move|p1a: Diggersby|Quick Attack|p2a: Keldeo
|-damage|p2a: Keldeo|0 fnt
|-damage|p1a: Diggersby|280\/311|[from] item: Life Orb
|faint|p2a: Keldeo
|
|c|âAppreciation|i just couldnt win
|c|âAppreciation|irl
|
|switch|p2a: Celebi|Celebi|404\/404
|turn|10
|c|âAppreciation|nice hax
|
|move|p1a: Diggersby|Return|p2a: Celebi
|-damage|p2a: Celebi|170\/404
|-damage|p1a: Diggersby|249\/311|[from] item: Life Orb
|move|p2a: Celebi|Giga Drain|p1a: Diggersby
|-supereffective|p1a: Diggersby
|-damage|p1a: Diggersby|37\/311
|-heal|p2a: Celebi|276\/404|[from] drain|[of] p1a: Diggersby
|
|-heal|p2a: Celebi|301\/404|[from] item: Leftovers
|turn|11
|c|âAppreciation|lel
|
|move|p1a: Diggersby|Swords Dance|p1a: Diggersby
|-boost|p1a: Diggersby|atk|2
|move|p2a: Celebi|Giga Drain|p1a: Diggersby
|-supereffective|p1a: Diggersby
|-damage|p1a: Diggersby|0 fnt
|-heal|p2a: Celebi|320\/404|[from] drain|[of] p1a: Diggersby
|faint|p1a: Diggersby
|
|-heal|p2a: Celebi|345\/404|[from] item: Leftovers
|c|âAppreciation|rip
|c|âAppreciation|coulda worked lel
|c|âAppreciation|im just messing around
|
|switch|p1a: Crawdaunt|Crawdaunt, M|268\/268
|turn|12
|
|move|p2a: Celebi|Giga Drain|p1a: Crawdaunt
|-supereffective|p1a: Crawdaunt
|-damage|p1a: Crawdaunt|0 fnt
|-heal|p2a: Celebi|404\/404|[from] drain|[of] p1a: Crawdaunt
|faint|p1a: Crawdaunt
|
|-message|Appreciation forfeited.
|-message|Appreciation forfeited.
|leave|Appreciation
|
|win|bad n lucky
|raw|Ladder updating...
|player|p1
|raw|Appreciation's rating: 1690 &rarr; <strong>1664<\/strong><br \/>(-26 for losing)
|raw|bad n lucky's rating: 1579 &rarr; <strong>1605<\/strong><br \/>(+26 for winning)
|leave|LUSTY LEDDIT