|join|Appreciation
|join|fraaa)
|player|p1|Appreciation|68
|player|p2|fraaa)|170
|gametype|singles
|gen|6
|tier|OU
|rated
|clearpoke
|poke|p1|Beedrill, F
|poke|p1|Latios, M
|poke|p1|Keldeo
|poke|p1|Landorus-Therian, M
|poke|p1|Excadrill, M
|poke|p1|Tyranitar, M
|poke|p2|Diggersby, M
|poke|p2|Heatran, M
|poke|p2|Mandibuzz, F
|poke|p2|Breloom, F
|poke|p2|Clefable, F
|poke|p2|Metagross
|rule|Swagger Clause: Swagger is banned
|rule|Baton Pass Clause: Limit one PokÃ©mon knowing Baton Pass
|rule|Sleep Clause Mod: Limit one foe put to sleep
|rule|Species Clause: Limit one of each PokÃ©mon
|rule|OHKO Clause: OHKO moves are banned
|rule|Moody Clause: Moody is banned
|rule|Evasion Moves Clause: Evasion moves are banned
|rule|Endless Battle Clause: Forcing endless battles is banned
|rule|HP Percentage Mod: HP is shown in percentages
|teampreview
|
|start
|switch|p1a: Beedrill|Beedrill, F|272\/272
|switch|p2a: Breloom|Breloom, F|261\/261
|turn|1
|
|switch|p2a: Mandibuzz|Mandibuzz, F|423\/423
|detailschange|p1a: Beedrill|Beedrill-Mega, F
|-mega|p1a: Beedrill|Beedrill|Beedrillite
|move|p1a: Beedrill|Protect|p1a: Beedrill
|-fail|p1a: Beedrill
|
|turn|2
|
|move|p1a: Beedrill|U-turn|p2a: Mandibuzz
|-damage|p2a: Mandibuzz|285\/423
|-damage|p1a: Beedrill|227\/272|[from] item: Rocky Helmet|[of] p2a: Mandibuzz
|
|switch|p1a: Tyranitar|Tyranitar, M|403\/403
|-weather|Sandstorm
|move|p2a: Mandibuzz|Foul Play|p1a: Tyranitar
|-resisted|p1a: Tyranitar
|-damage|p1a: Tyranitar|322\/403
|
|-weather|Sandstorm|[upkeep]
|turn|3
|
|switch|p2a: Breloom|Breloom, F|261\/261
|move|p1a: Tyranitar|Stone Edge|p2a: Breloom
|-resisted|p2a: Breloom
|-damage|p2a: Breloom|76\/261
|
|-weather|Sandstorm|[upkeep]
|-damage|p2a: Breloom|60\/261|[from] sandstorm
|turn|4
|
|switch|p1a: Landorus-Therian|Landorus-Therian, M|319\/319
|-ability|p1a: Landorus-Therian|Intimidate|[of] p2a: Breloom
|-unboost|p2a: Breloom|atk|1
|move|p2a: Breloom|Spore|p1a: Landorus-Therian
|-status|p1a: Landorus-Therian|slp
|
|-weather|Sandstorm|[upkeep]
|-damage|p2a: Breloom|44\/261|[from] sandstorm
|turn|5
|
|cant|p1a: Landorus-Therian|slp
|move|p2a: Breloom|Spore|p1a: Landorus-Therian
|-fail|p1a: Landorus-Therian|slp
|
|-weather|Sandstorm|[upkeep]
|-damage|p2a: Breloom|28\/261|[from] sandstorm
|turn|6
|
|-curestatus|p1a: Landorus-Therian|slp
|move|p1a: Landorus-Therian|Earthquake|p2a: Breloom
|-resisted|p2a: Breloom
|-damage|p2a: Breloom|0 fnt
|faint|p2a: Breloom
|
|-weather|none
|
|switch|p2a: Diggersby|Diggersby, M|311\/311
|turn|7
|
|move|p2a: Diggersby|U-turn|p1a: Landorus-Therian
|-resisted|p1a: Landorus-Therian
|-damage|p1a: Landorus-Therian|263\/319
|
|switch|p2a: Mandibuzz|Mandibuzz, F|285\/423
|move|p1a: Landorus-Therian|Earthquake|p2a: Mandibuzz
|-immune|p2a: Mandibuzz|[msg]
|
|turn|8
|
|switch|p1a: Tyranitar|Tyranitar, M|322\/403
|-weather|Sandstorm
|switch|p2a: Metagross|Metagross|363\/363
|
|-weather|Sandstorm|[upkeep]
|turn|9
|
|switch|p1a: Landorus-Therian|Landorus-Therian, M|263\/319
|-ability|p1a: Landorus-Therian|Intimidate|[of] p2a: Metagross
|-fail|p2a: Metagross|unboost|[from] ability: Clear Body|[of] p2a: Metagross
|detailschange|p2a: Metagross|Metagross-Mega
|-mega|p2a: Metagross|Metagross|Metagrossite
|move|p2a: Metagross|Earthquake|p1a: Landorus-Therian
|-immune|p1a: Landorus-Therian|[msg]
|
|-weather|Sandstorm|[upkeep]
|turn|10
|
|switch|p2a: Mandibuzz|Mandibuzz, F|285\/423
|move|p1a: Landorus-Therian|Stealth Rock|p2a: Mandibuzz
|-sidestart|p2: fraaa)|move: Stealth Rock
|
|-weather|Sandstorm|[upkeep]
|turn|11
|
|switch|p1a: Tyranitar|Tyranitar, M|322\/403
|move|p2a: Mandibuzz|Defog|p1a: Tyranitar
|-unboost|p1a: Tyranitar|evasion|1
|-sideend|p2: fraaa)|Stealth Rock|[from] move: Defog|[of] p2a: Mandibuzz
|
|-weather|Sandstorm|[upkeep]
|turn|12
|
|switch|p2a: Clefable|Clefable, F|394\/394
|move|p1a: Tyranitar|Stone Edge|p2a: Clefable
|-damage|p2a: Clefable|121\/394
|
|-weather|none
|-heal|p2a: Clefable|145\/394|[from] item: Leftovers
|turn|13
|
|move|p1a: Tyranitar|Stone Edge|p2a: Clefable
|-damage|p2a: Clefable|0 fnt
|faint|p2a: Clefable
|
|
|switch|p2a: Metagross|Metagross-Mega|363\/363
|turn|14
|
|switch|p1a: Landorus-Therian|Landorus-Therian, M|263\/319
|-ability|p1a: Landorus-Therian|Intimidate|[of] p2a: Metagross
|-unboost|p2a: Metagross|atk|1
|move|p2a: Metagross|Ice Punch|p1a: Landorus-Therian
|-supereffective|p1a: Landorus-Therian
|-damage|p1a: Landorus-Therian|0 fnt
|faint|p1a: Landorus-Therian
|
|
|switch|p1a: Tyranitar|Tyranitar, M|322\/403
|-weather|Sandstorm
|turn|15
|
|move|p1a: Tyranitar|Pursuit|p2a: Metagross|[from]Pursuit
|-supereffective|p2a: Metagross
|-damage|p2a: Metagross|21\/363
|switch|p2a: Mandibuzz|Mandibuzz, F|285\/423
|
|-weather|Sandstorm|[upkeep]
|turn|16
|
|switch|p1a: Keldeo|Keldeo|323\/323
|move|p2a: Mandibuzz|Roost|p2a: Mandibuzz
|-heal|p2a: Mandibuzz|423\/423
|
|-weather|Sandstorm|[upkeep]
|-damage|p1a: Keldeo|303\/323|[from] sandstorm
|turn|17
|
|move|p1a: Keldeo|Scald|p2a: Mandibuzz
|-damage|p2a: Mandibuzz|278\/423
|move|p2a: Mandibuzz|Foul Play|p1a: Keldeo
|-resisted|p1a: Keldeo
|-damage|p1a: Keldeo|258\/323
|-boost|p1a: Keldeo|atk|1|[from] ability: Justified
|
|-weather|Sandstorm|[upkeep]
|-damage|p1a: Keldeo|238\/323|[from] sandstorm
|turn|18
|
|move|p1a: Keldeo|Scald|p2a: Mandibuzz
|-damage|p2a: Mandibuzz|133\/423
|move|p2a: Mandibuzz|Foul Play|p1a: Keldeo
|-resisted|p1a: Keldeo
|-damage|p1a: Keldeo|177\/323
|-boost|p1a: Keldeo|atk|1|[from] ability: Justified
|
|-weather|Sandstorm|[upkeep]
|-damage|p1a: Keldeo|157\/323|[from] sandstorm
|turn|19
|
|move|p1a: Keldeo|Scald|p2a: Mandibuzz
|-damage|p2a: Mandibuzz|0 fnt
|faint|p2a: Mandibuzz
|
|-weather|none
|
|switch|p2a: Diggersby|Diggersby, M|311\/311
|turn|20
|
|move|p2a: Diggersby|Return|p1a: Keldeo
|-damage|p1a: Keldeo|0 fnt
|faint|p1a: Keldeo
|
|
|switch|p1a: Tyranitar|Tyranitar, M|322\/403
|-weather|Sandstorm
|turn|21
|
|move|p2a: Diggersby|Return|p1a: Tyranitar
|-resisted|p1a: Tyranitar
|-damage|p1a: Tyranitar|208\/403
|move|p1a: Tyranitar|Crunch|p2a: Diggersby
|-damage|p2a: Diggersby|19\/311
|
|-weather|Sandstorm|[upkeep]
|turn|22
|
|switch|p2a: Heatran|Heatran, M|386\/386
|move|p1a: Tyranitar|Crunch|p2a: Heatran
|-damage|p2a: Heatran|172\/386
|-unboost|p2a: Heatran|def|1
|
|-weather|Sandstorm|[upkeep]
|-heal|p2a: Heatran|196\/386|[from] item: Leftovers
|turn|23
|
|switch|p1a: Beedrill|Beedrill-Mega, F|227\/272
|move|p2a: Heatran|Lava Plume|p1a: Beedrill
|-supereffective|p1a: Beedrill
|-damage|p1a: Beedrill|0 fnt
|faint|p1a: Beedrill
|
|-weather|Sandstorm|[upkeep]
|-heal|p2a: Heatran|220\/386|[from] item: Leftovers
|
|switch|p1a: Excadrill|Excadrill, M|361\/361
|turn|24
|
|switch|p2a: Metagross|Metagross-Mega|21\/363
|move|p1a: Excadrill|Earthquake|p2a: Metagross
|-supereffective|p2a: Metagross
|-damage|p2a: Metagross|0 fnt
|-damage|p1a: Excadrill|325\/361|[from] item: Life Orb
|faint|p2a: Metagross
|
|-weather|Sandstorm|[upkeep]
|
|switch|p2a: Heatran|Heatran, M|220\/386
|turn|25
|
|move|p1a: Excadrill|Earthquake|p2a: Heatran
|-supereffective|p2a: Heatran
|-damage|p2a: Heatran|0 fnt
|-damage|p1a: Excadrill|289\/361|[from] item: Life Orb
|faint|p2a: Heatran
|
|-weather|none
|
|switch|p2a: Diggersby|Diggersby, M|19\/311
|turn|26
|
|switch|p1a: Tyranitar|Tyranitar, M|208\/403
|-weather|Sandstorm
|move|p2a: Diggersby|Earthquake|p1a: Tyranitar
|-supereffective|p1a: Tyranitar
|-damage|p1a: Tyranitar|0 fnt
|faint|p1a: Tyranitar
|
|-weather|Sandstorm|[upkeep]
|
|switch|p1a: Excadrill|Excadrill, M|289\/361
|turn|27
|
|move|p1a: Excadrill|Iron Head|p2a: Diggersby
|-damage|p2a: Diggersby|0 fnt
|-damage|p1a: Excadrill|253\/361|[from] item: Life Orb
|faint|p2a: Diggersby
|
|win|Appreciation
|raw|Ladder updating...
|raw|Appreciation's rating: 1463 &rarr; <strong>1481<\/strong><br \/>(+18 for winning)
|raw|fraaa)'s rating: 1430 &rarr; <strong>1412<\/strong><br \/>(-18 for losing)