|join|Appreciation
|join|fredarecoming
|player|p1|Appreciation|68
|player|p2|fredarecoming|266
|gametype|singles
|gen|6
|tier|OU
|rated
|clearpoke
|poke|p1|Charizard, F
|poke|p1|Chansey, F
|poke|p1|Quagsire, M
|poke|p1|Skarmory, F
|poke|p1|Amoonguss, M
|poke|p1|Gothitelle, M
|poke|p2|Hawlucha, F
|poke|p2|Gardevoir, F
|poke|p2|Tyranitar, F
|poke|p2|Excadrill, F
|poke|p2|Latios, M
|poke|p2|Skarmory, M
|rule|Swagger Clause: Swagger is banned
|rule|Baton Pass Clause: Limit one PokÃ©mon knowing Baton Pass
|rule|Sleep Clause Mod: Limit one foe put to sleep
|rule|Species Clause: Limit one of each PokÃ©mon
|rule|OHKO Clause: OHKO moves are banned
|rule|Moody Clause: Moody is banned
|rule|Evasion Moves Clause: Evasion moves are banned
|rule|Endless Battle Clause: Forcing endless battles is banned
|rule|HP Percentage Mod: HP is shown in percentages
|teampreview
|
|start
|switch|p1a: Chansey|Chansey, F|703\/703
|switch|p2a: Latios|Latios, M|301\/301
|turn|1
|
|move|p2a: Latios|Psyshock|p1a: Chansey
|-damage|p1a: Chansey|505\/703
|move|p1a: Chansey|Stealth Rock|p2a: Latios
|-sidestart|p2: fredarecoming|move: Stealth Rock
|
|turn|2
|
|switch|p2a: Skarmory|Skarmory, M|333\/333
|-damage|p2a: Skarmory|292\/333|[from] Stealth Rock
|move|p1a: Chansey|Soft-Boiled|p1a: Chansey
|-heal|p1a: Chansey|703\/703
|
|turn|3
|
|switch|p1a: Charizard|Charizard, F|297\/297
|move|p2a: Skarmory|Defog|p1a: Charizard
|-unboost|p1a: Charizard|evasion|1
|-sideend|p2: fredarecoming|Stealth Rock|[from] move: Defog|[of] p2a: Skarmory
|
|turn|4
|
|switch|p2a: Latios|Latios, M|301\/301
|detailschange|p1a: Charizard|Charizard-Mega-Y, F
|-mega|p1a: Charizard|Charizard|Charizardite Y
|-weather|SunnyDay
|move|p1a: Charizard|Fire Blast|p2a: Latios|[miss]
|-miss|p1a: Charizard|p2a: Latios
|
|-weather|SunnyDay|[upkeep]
|turn|5
|c|âAppreciation|lol
|c|âAppreciation|so lucky
|
|switch|p2a: Tyranitar|Tyranitar, F|403\/403
|-weather|Sandstorm
|move|p1a: Charizard|Roost|p1a: Charizard
|-fail|p1a: Charizard
|
|-weather|Sandstorm|[upkeep]
|-damage|p1a: Charizard|279\/297|[from] sandstorm
|turn|6
|
|switch|p1a: Quagsire|Quagsire, M|394\/394
|move|p2a: Tyranitar|Stealth Rock|p1a: Quagsire
|-sidestart|p1: Appreciation|move: Stealth Rock
|
|-weather|Sandstorm|[upkeep]
|turn|7
|
|switch|p2a: Latios|Latios, M|301\/301
|move|p1a: Quagsire|Toxic|p2a: Latios
|-status|p2a: Latios|tox
|
|-weather|Sandstorm|[upkeep]
|-damage|p2a: Latios|283\/301 tox|[from] sandstorm
|-damage|p2a: Latios|265\/301 tox|[from] psn
|turn|8
|
|switch|p2a: Hawlucha|Hawlucha, F|297\/297
|switch|p1a: Skarmory|Skarmory, F|333\/333
|-damage|p1a: Skarmory|292\/333|[from] Stealth Rock
|
|-weather|Sandstorm|[upkeep]
|-damage|p2a: Hawlucha|279\/297|[from] sandstorm
|turn|9
|
|move|p2a: Hawlucha|Swords Dance|p2a: Hawlucha
|-boost|p2a: Hawlucha|atk|2
|move|p1a: Skarmory|Defog|p2a: Hawlucha
|-unboost|p2a: Hawlucha|evasion|1
|-sideend|p1: Appreciation|Stealth Rock|[from] move: Defog|[of] p1a: Skarmory
|
|-weather|Sandstorm|[upkeep]
|-damage|p2a: Hawlucha|261\/297|[from] sandstorm
|turn|10
|
|switch|p1a: Quagsire|Quagsire, M|394\/394
|move|p2a: Hawlucha|High Jump Kick|p1a: Quagsire
|-damage|p1a: Quagsire|228\/394
|
|-weather|Sandstorm|[upkeep]
|-damage|p2a: Hawlucha|243\/297|[from] sandstorm
|-heal|p1a: Quagsire|252\/394|[from] item: Leftovers
|turn|11
|
|switch|p2a: Gardevoir|Gardevoir, F|277\/277
|move|p1a: Quagsire|Recover|p1a: Quagsire
|-heal|p1a: Quagsire|394\/394
|
|-weather|Sandstorm|[upkeep]
|-damage|p2a: Gardevoir|260\/277|[from] sandstorm
|turn|12
|
|switch|p1a: Chansey|Chansey, F|703\/703
|detailschange|p2a: Gardevoir|Gardevoir-Mega, F
|-mega|p2a: Gardevoir|Gardevoir|Gardevoirite
|move|p2a: Gardevoir|Hyper Voice|p1a: Chansey
|-damage|p1a: Chansey|528\/703
|
|-weather|none
|turn|13
|
|move|p2a: Gardevoir|Psyshock|p1a: Chansey
|-damage|p1a: Chansey|269\/703
|move|p1a: Chansey|Seismic Toss|p2a: Gardevoir
|-damage|p2a: Gardevoir|160\/277
|
|turn|14
|
|move|p2a: Gardevoir|Psyshock|p1a: Chansey
|-damage|p1a: Chansey|13\/703
|move|p1a: Chansey|Seismic Toss|p2a: Gardevoir
|-damage|p2a: Gardevoir|60\/277
|
|turn|15
|c|âAppreciation|lol misclick
|c|âfredarecoming|xd
|c|âAppreciation|why the hell
|c|âAppreciation|did you stay in
|c|âAppreciation|vs farde
|c|âAppreciation|with garde
|
|move|p2a: Gardevoir|Psyshock|p1a: Chansey
|-crit|p1a: Chansey
|-damage|p1a: Chansey|0 fnt
|faint|p1a: Chansey
|
|c|âAppreciation|that was dumb lol
|
|switch|p1a: Gothitelle|Gothitelle, M|301\/301
|turn|16
|
|move|p1a: Gothitelle|Psychic|p2a: Gardevoir
|-resisted|p2a: Gardevoir
|-damage|p2a: Gardevoir|13\/277
|-unboost|p2a: Gardevoir|spd|1
|move|p2a: Gardevoir|Hyper Voice|p1a: Gothitelle
|-damage|p1a: Gothitelle|64\/301
|
|turn|17
|
|move|p1a: Gothitelle|Psychic|p2a: Gardevoir
|-resisted|p2a: Gardevoir
|-damage|p2a: Gardevoir|0 fnt
|faint|p2a: Gardevoir
|
|
|switch|p2a: Tyranitar|Tyranitar, F|403\/403
|-weather|Sandstorm
|turn|18
|
|move|p2a: Tyranitar|Pursuit|p1a: Gothitelle|[from]Pursuit
|-supereffective|p1a: Gothitelle
|-damage|p1a: Gothitelle|0 fnt
|faint|p1a: Gothitelle
|
|-weather|Sandstorm|[upkeep]
|
|switch|p1a: Quagsire|Quagsire, M|394\/394
|turn|19
|
|move|p2a: Tyranitar|Stealth Rock|p1a: Quagsire
|-sidestart|p1: Appreciation|move: Stealth Rock
|move|p1a: Quagsire|Toxic|p2a: Tyranitar
|-status|p2a: Tyranitar|tox
|
|-weather|Sandstorm|[upkeep]
|-damage|p2a: Tyranitar|378\/403 tox|[from] psn
|turn|20
|
|move|p2a: Tyranitar|Ice Beam|p1a: Quagsire
|-damage|p1a: Quagsire|292\/394
|move|p1a: Quagsire|Scald|p2a: Tyranitar
|-supereffective|p2a: Tyranitar
|-damage|p2a: Tyranitar|294\/403 tox
|
|-weather|Sandstorm|[upkeep]
|-heal|p1a: Quagsire|316\/394|[from] item: Leftovers
|-damage|p2a: Tyranitar|244\/403 tox|[from] psn
|turn|21
|
|switch|p2a: Latios|Latios, M|265\/301 tox
|move|p1a: Quagsire|Recover|p1a: Quagsire
|-heal|p1a: Quagsire|394\/394
|
|-weather|Sandstorm|[upkeep]
|-damage|p2a: Latios|247\/301 tox|[from] sandstorm
|-damage|p2a: Latios|229\/301 tox|[from] psn
|turn|22
|
|switch|p1a: Amoonguss|Amoonguss, M|432\/432
|-damage|p1a: Amoonguss|378\/432|[from] Stealth Rock
|move|p2a: Latios|Surf|p1a: Amoonguss
|-resisted|p1a: Amoonguss
|-damage|p1a: Amoonguss|327\/432
|
|-weather|Sandstorm|[upkeep]
|-damage|p2a: Latios|211\/301 tox|[from] sandstorm
|-damage|p1a: Amoonguss|300\/432|[from] sandstorm
|-heal|p1a: Amoonguss|327\/432|[from] item: Black Sludge
|-damage|p2a: Latios|175\/301 tox|[from] psn
|turn|23
|
|switch|p2a: Skarmory|Skarmory, M|292\/333
|switch|p1a: Skarmory|Skarmory, F|292\/333
|-damage|p1a: Skarmory|251\/333|[from] Stealth Rock
|
|-weather|Sandstorm|[upkeep]
|turn|24
|
|switch|p2a: Hawlucha|Hawlucha, F|243\/297
|move|p1a: Skarmory|Defog|p2a: Hawlucha
|-unboost|p2a: Hawlucha|evasion|1
|-sideend|p1: Appreciation|Stealth Rock|[from] move: Defog|[of] p1a: Skarmory
|
|-weather|Sandstorm|[upkeep]
|-damage|p2a: Hawlucha|225\/297|[from] sandstorm
|turn|25
|
|switch|p1a: Quagsire|Quagsire, M|394\/394
|move|p2a: Hawlucha|High Jump Kick|p1a: Quagsire
|-damage|p1a: Quagsire|243\/394
|
|-weather|none
|-heal|p1a: Quagsire|267\/394|[from] item: Leftovers
|turn|26
|
|switch|p2a: Latios|Latios, M|175\/301 tox
|move|p1a: Quagsire|Recover|p1a: Quagsire
|-heal|p1a: Quagsire|394\/394
|
|-damage|p2a: Latios|157\/301 tox|[from] psn
|turn|27
|
|switch|p1a: Amoonguss|Amoonguss, M|432\/432
|move|p2a: Latios|Psyshock|p1a: Amoonguss
|-supereffective|p1a: Amoonguss
|-damage|p1a: Amoonguss|148\/432
|
|-heal|p1a: Amoonguss|175\/432|[from] item: Black Sludge
|-damage|p2a: Latios|121\/301 tox|[from] psn
|turn|28
|
|switch|p1a: Skarmory|Skarmory, F|251\/333
|move|p2a: Latios|Psyshock|p1a: Skarmory
|-resisted|p1a: Skarmory
|-damage|p1a: Skarmory|209\/333
|
|-damage|p2a: Latios|67\/301 tox|[from] psn
|turn|29
|
|switch|p2a: Excadrill|Excadrill, F|361\/361
|-item|p2a: Excadrill|Air Balloon
|move|p1a: Skarmory|Roost|p1a: Skarmory
|-heal|p1a: Skarmory|333\/333
|
|turn|30
|
|switch|p1a: Quagsire|Quagsire, M|394\/394
|move|p2a: Excadrill|Rock Slide|p1a: Quagsire
|-resisted|p1a: Quagsire
|-damage|p1a: Quagsire|355\/394
|
|-heal|p1a: Quagsire|379\/394|[from] item: Leftovers
|turn|31
|
|move|p2a: Excadrill|Earthquake|p1a: Quagsire
|-damage|p1a: Quagsire|216\/394
|move|p1a: Quagsire|Scald|p2a: Excadrill
|-supereffective|p2a: Excadrill
|-damage|p2a: Excadrill|187\/361
|-enditem|p2a: Excadrill|Air Balloon
|
|-heal|p1a: Quagsire|240\/394|[from] item: Leftovers
|turn|32
|
|move|p2a: Excadrill|Earthquake|p1a: Quagsire
|-damage|p1a: Quagsire|80\/394
|move|p1a: Quagsire|Recover|p1a: Quagsire
|-heal|p1a: Quagsire|277\/394
|
|-heal|p1a: Quagsire|301\/394|[from] item: Leftovers
|turn|33
|
|move|p2a: Excadrill|Earthquake|p1a: Quagsire
|-damage|p1a: Quagsire|139\/394
|move|p1a: Quagsire|Recover|p1a: Quagsire
|-heal|p1a: Quagsire|336\/394
|
|-heal|p1a: Quagsire|360\/394|[from] item: Leftovers
|turn|34
|
|switch|p1a: Charizard|Charizard-Mega-Y, F|279\/297
|-weather|SunnyDay
|move|p2a: Excadrill|Earthquake|p1a: Charizard
|-immune|p1a: Charizard|[msg]
|
|-weather|SunnyDay|[upkeep]
|turn|35
|
|switch|p2a: Tyranitar|Tyranitar, F|244\/403 tox
|-weather|Sandstorm
|move|p1a: Charizard|Fire Blast|p2a: Tyranitar
|-resisted|p2a: Tyranitar
|-damage|p2a: Tyranitar|175\/403 tox
|
|-weather|Sandstorm|[upkeep]
|-damage|p1a: Charizard|261\/297|[from] sandstorm
|-damage|p2a: Tyranitar|150\/403 tox|[from] psn
|turn|36
|
|move|p1a: Charizard|Focus Blast|p2a: Tyranitar
|-supereffective|p2a: Tyranitar
|-damage|p2a: Tyranitar|0 fnt
|faint|p2a: Tyranitar
|
|-weather|Sandstorm|[upkeep]
|-damage|p1a: Charizard|243\/297|[from] sandstorm
|
|switch|p2a: Excadrill|Excadrill, F|187\/361
|turn|37
|
|switch|p1a: Quagsire|Quagsire, M|360\/394
|move|p2a: Excadrill|Earthquake|p1a: Quagsire
|-damage|p1a: Quagsire|197\/394
|
|-weather|Sandstorm|[upkeep]
|-heal|p1a: Quagsire|221\/394|[from] item: Leftovers
|turn|38
|
|switch|p1a: Skarmory|Skarmory, F|333\/333
|move|p2a: Excadrill|Earthquake|p1a: Skarmory
|-immune|p1a: Skarmory|[msg]
|
|-weather|Sandstorm|[upkeep]
|turn|39
|
|move|p2a: Excadrill|Rock Slide|p1a: Skarmory
|-damage|p1a: Skarmory|270\/333
|move|p1a: Skarmory|Spikes|p2a: Excadrill
|-sidestart|p2: fredarecoming|Spikes
|
|-weather|Sandstorm|[upkeep]
|turn|40
|
|move|p2a: Excadrill|Swords Dance|p2a: Excadrill
|-boost|p2a: Excadrill|atk|2
|move|p1a: Skarmory|Whirlwind|p2a: Excadrill
|drag|p2a: Skarmory|Skarmory, M|292\/333
|
|-weather|Sandstorm|[upkeep]
|turn|41
|
|switch|p1a: Charizard|Charizard-Mega-Y, F|243\/297
|-weather|SunnyDay
|move|p2a: Skarmory|Defog|p1a: Charizard
|-unboost|p1a: Charizard|evasion|1
|-sideend|p2: fredarecoming|Spikes|[from] move: Defog|[of] p2a: Skarmory
|
|-weather|SunnyDay|[upkeep]
|turn|42
|
|move|p1a: Charizard|Fire Blast|p2a: Skarmory
|-supereffective|p2a: Skarmory
|-damage|p2a: Skarmory|0 fnt
|faint|p2a: Skarmory
|
|-weather|SunnyDay|[upkeep]
|
|switch|p2a: Latios|Latios, M|67\/301 tox
|turn|43
|
|switch|p1a: Amoonguss|Amoonguss, M|319\/432
|move|p2a: Latios|Draco Meteor|p1a: Amoonguss
|-damage|p1a: Amoonguss|79\/432
|-unboost|p2a: Latios|spa|2
|
|-weather|SunnyDay|[upkeep]
|-heal|p1a: Amoonguss|106\/432|[from] item: Black Sludge
|-damage|p2a: Latios|49\/301 tox|[from] psn
|turn|44
|
|switch|p2a: Hawlucha|Hawlucha, F|225\/297
|switch|p1a: Charizard|Charizard-Mega-Y, F|243\/297
|
|-weather|SunnyDay|[upkeep]
|turn|45
|
|move|p2a: Hawlucha|Substitute|p2a: Hawlucha
|-start|p2a: Hawlucha|Substitute
|-damage|p2a: Hawlucha|151\/297
|move|p1a: Charizard|Fire Blast|p2a: Hawlucha
|-crit|p2a: Hawlucha
|-end|p2a: Hawlucha|Substitute
|
|-weather|none
|turn|46
|
|move|p2a: Hawlucha|Substitute|p2a: Hawlucha
|-start|p2a: Hawlucha|Substitute
|-damage|p2a: Hawlucha|77\/297
|-enditem|p2a: Hawlucha|Sitrus Berry|[eat]
|-heal|p2a: Hawlucha|151\/297|[from] item: Sitrus Berry
|move|p1a: Charizard|Fire Blast|p2a: Hawlucha
|-end|p2a: Hawlucha|Substitute
|
|turn|47
|
|move|p2a: Hawlucha|Acrobatics|p1a: Charizard
|-damage|p1a: Charizard|47\/297
|move|p1a: Charizard|Fire Blast|p2a: Hawlucha
|-damage|p2a: Hawlucha|0 fnt
|faint|p2a: Hawlucha
|
|
|switch|p2a: Latios|Latios, M|49\/301 tox
|turn|48
|
|switch|p2a: Excadrill|Excadrill, F|187\/361
|switch|p1a: Skarmory|Skarmory, F|270\/333
|
|turn|49
|
|switch|p1a: Amoonguss|Amoonguss, M|250\/432
|move|p2a: Excadrill|Rock Slide|p1a: Amoonguss
|-damage|p1a: Amoonguss|145\/432
|
|-heal|p1a: Amoonguss|172\/432|[from] item: Black Sludge
|turn|50
|
|switch|p1a: Skarmory|Skarmory, F|270\/333
|move|p2a: Excadrill|Rock Slide|p1a: Skarmory
|-damage|p1a: Skarmory|208\/333
|
|turn|51
|
|move|p2a: Excadrill|Swords Dance|p2a: Excadrill
|-boost|p2a: Excadrill|atk|2
|move|p1a: Skarmory|Whirlwind|p2a: Excadrill
|drag|p2a: Latios|Latios, M|49\/301 tox
|
|-damage|p2a: Latios|31\/301 tox|[from] psn
|turn|52
|
|switch|p2a: Excadrill|Excadrill, F|187\/361
|move|p1a: Skarmory|Roost|p1a: Skarmory
|-heal|p1a: Skarmory|333\/333
|
|turn|53
|
|move|p2a: Excadrill|Swords Dance|p2a: Excadrill
|-boost|p2a: Excadrill|atk|2
|move|p1a: Skarmory|Whirlwind|p2a: Excadrill
|drag|p2a: Latios|Latios, M|31\/301 tox
|
|-damage|p2a: Latios|13\/301 tox|[from] psn
|turn|54
|-message|fredarecoming forfeited.
|leave|fredarecoming
|
|win|Appreciation
|raw|Ladder updating...
|player|p2
|raw|Appreciation's rating: 1645 &rarr; <strong>1656<\/strong><br \/>(+11 for winning)
|raw|fredarecoming's rating: 1463 &rarr; <strong>1452<\/strong><br \/>(-11 for losing)