|join|Appreciation
|join|testingqwe
|player|p1|Appreciation|68
|player|p2|testingqwe|211
|gametype|singles
|gen|6
|tier|OU
|rated
|clearpoke
|poke|p1|Beedrill, M
|poke|p1|Latios, M
|poke|p1|Keldeo
|poke|p1|Landorus-Therian, M
|poke|p1|Excadrill, F
|poke|p1|Tyranitar, M
|poke|p2|Gothitelle, F, shiny
|poke|p2|Dugtrio, F, shiny
|poke|p2|Umbreon, M, shiny
|poke|p2|Blissey, F, shiny
|poke|p2|Scizor, F, shiny
|poke|p2|Talonflame, F
|rule|Swagger Clause: Swagger is banned
|rule|Baton Pass Clause: Limit one PokÃ©mon knowing Baton Pass
|rule|Sleep Clause Mod: Limit one foe put to sleep
|rule|Species Clause: Limit one of each PokÃ©mon
|rule|OHKO Clause: OHKO moves are banned
|rule|Moody Clause: Moody is banned
|rule|Evasion Moves Clause: Evasion moves are banned
|rule|Endless Battle Clause: Forcing endless battles is banned
|rule|HP Percentage Mod: HP is shown in percentages
|teampreview
|c|âAppreciation|oh my
|c|âAppreciation|can i just forfeit
|c|âAppreciation|LOPL
|
|start
|switch|p1a: Landorus-Therian|Landorus-Therian, M|319\/319
|switch|p2a: Scizor|Scizor, F, shiny|344\/344
|-ability|p1a: Landorus-Therian|Intimidate|[of] p2a: Scizor
|-unboost|p2a: Scizor|atk|1
|turn|1
|leave|testingqwe
|player|p2
|join|testingqwe
|player|p2|testingqwe|211
|join|CleanerThanRotom-W
|
|detailschange|p2a: Scizor|Scizor-Mega, F, shiny
|-mega|p2a: Scizor|Scizor|Scizorite
|move|p1a: Landorus-Therian|Stealth Rock|p2a: Scizor
|-sidestart|p2: testingqwe|move: Stealth Rock
|move|p2a: Scizor|Knock Off|p1a: Landorus-Therian
|-damage|p1a: Landorus-Therian|243\/319
|-enditem|p1a: Landorus-Therian|Earth Plate|[from] move: Knock Off|[of] p2a: Scizor
|
|turn|2
|
|switch|p1a: Keldeo|Keldeo|323\/323
|move|p2a: Scizor|Defog|p1a: Keldeo
|-unboost|p1a: Keldeo|evasion|1
|-sideend|p2: testingqwe|Stealth Rock|[from] move: Defog|[of] p2a: Scizor
|
|turn|3
|
|move|p1a: Keldeo|Hydro Pump|p2a: Scizor
|-damage|p2a: Scizor|145\/344
|move|p2a: Scizor|U-turn|p1a: Keldeo
|-resisted|p1a: Keldeo
|-damage|p1a: Keldeo|281\/323
|
|switch|p2a: Dugtrio|Dugtrio, F, shiny|212\/212
|
|turn|4
|c|âAppreciation|rip keld
|
|move|p2a: Dugtrio|Earthquake|p1a: Keldeo
|-damage|p1a: Keldeo|146\/323
|move|p1a: Keldeo|Icy Wind|p2a: Dugtrio
|-crit|p2a: Dugtrio
|-supereffective|p2a: Dugtrio
|-enditem|p2a: Dugtrio|Focus Sash
|-damage|p2a: Dugtrio|1\/212
|-unboost|p2a: Dugtrio|spe|1
|
|turn|5
|c| CleanerThanRotom-W|brb
|c|âAppreciation|ok
|
|move|p1a: Keldeo|Scald|p2a: Dugtrio
|-supereffective|p2a: Dugtrio
|-damage|p2a: Dugtrio|0 fnt
|faint|p2a: Dugtrio
|
|
|switch|p2a: Talonflame|Talonflame, F|297\/297
|turn|6
|
|move|p2a: Talonflame|U-turn|p1a: Keldeo
|-resisted|p1a: Keldeo
|-damage|p1a: Keldeo|109\/323
|
|switch|p2a: Gothitelle|Gothitelle, F, shiny|310\/310
|move|p1a: Keldeo|Scald|p2a: Gothitelle
|-damage|p2a: Gothitelle|172\/310
|
|turn|7
|
|move|p1a: Keldeo|Hydro Pump|p2a: Gothitelle
|-damage|p2a: Gothitelle|0 fnt
|faint|p2a: Gothitelle
|
|
|switch|p2a: Talonflame|Talonflame, F|297\/297
|turn|8
|
|move|p2a: Talonflame|Brave Bird|p1a: Keldeo
|-supereffective|p1a: Keldeo
|-damage|p1a: Keldeo|0 fnt
|-damage|p2a: Talonflame|261\/297|[from] recoil|[of] p1a: Keldeo
|faint|p1a: Keldeo
|
|-heal|p2a: Talonflame|279\/297|[from] item: Leftovers
|
|switch|p1a: Tyranitar|Tyranitar, M|403\/403
|-weather|Sandstorm
|turn|9
|
|move|p2a: Talonflame|U-turn|p1a: Tyranitar
|-supereffective|p1a: Tyranitar
|-damage|p1a: Tyranitar|275\/403
|
|switch|p2a: Umbreon|Umbreon, M, shiny|394\/394
|move|p1a: Tyranitar|Stone Edge|p2a: Umbreon
|-damage|p2a: Umbreon|189\/394
|
|-weather|Sandstorm|[upkeep]
|-damage|p2a: Umbreon|165\/394|[from] sandstorm
|-heal|p2a: Umbreon|189\/394|[from] item: Leftovers
|turn|10
|
|move|p2a: Umbreon|Protect|p2a: Umbreon
|-singleturn|p2a: Umbreon|Protect
|move|p1a: Tyranitar|Stone Edge|p2a: Umbreon
|-activate|p2a: Umbreon|Protect
|
|-weather|Sandstorm|[upkeep]
|-damage|p2a: Umbreon|165\/394|[from] sandstorm
|-heal|p2a: Umbreon|189\/394|[from] item: Leftovers
|turn|11
|
|move|p2a: Umbreon|Wish|p2a: Umbreon
|move|p1a: Tyranitar|Stone Edge|p2a: Umbreon
|-crit|p2a: Umbreon
|-damage|p2a: Umbreon|0 fnt
|faint|p2a: Umbreon
|
|-weather|Sandstorm|[upkeep]
|join|Omegasization
|-message|testingqwe forfeited.
|
|win|Appreciation
|raw|Ladder updating...
|leave|testingqwe
|player|p2