|join|Appreciation
|join|asile11
|player|p1|Appreciation|68
|player|p2|asile11|169
|gametype|singles
|gen|6
|tier|OU
|rated
|clearpoke
|poke|p1|Beedrill, F
|poke|p1|Latios, M
|poke|p1|Keldeo
|poke|p1|Landorus-Therian, M
|poke|p1|Excadrill, F
|poke|p1|Tyranitar, M
|poke|p2|Landorus, M
|poke|p2|Mamoswine, M
|poke|p2|Talonflame, F
|poke|p2|Latios, M
|poke|p2|Altaria, M
|poke|p2|Conkeldurr, M
|rule|Swagger Clause: Swagger is banned
|rule|Baton Pass Clause: Limit one PokÃ©mon knowing Baton Pass
|rule|Sleep Clause Mod: Limit one foe put to sleep
|rule|Species Clause: Limit one of each PokÃ©mon
|rule|OHKO Clause: OHKO moves are banned
|rule|Moody Clause: Moody is banned
|rule|Evasion Moves Clause: Evasion moves are banned
|rule|Endless Battle Clause: Forcing endless battles is banned
|rule|HP Percentage Mod: HP is shown in percentages
|teampreview
|
|start
|switch|p1a: Keldeo|Keldeo|323\/323
|switch|p2a: Mamoswine|Mamoswine, M|362\/362
|turn|1
|
|move|p1a: Keldeo|Scald|p2a: Mamoswine
|-crit|p2a: Mamoswine
|-supereffective|p2a: Mamoswine
|-enditem|p2a: Mamoswine|Focus Sash
|-damage|p2a: Mamoswine|1\/362
|move|p2a: Mamoswine|Stealth Rock|p1a: Keldeo
|-sidestart|p1: Appreciation|move: Stealth Rock
|
|turn|2
|
|switch|p2a: Conkeldurr|Conkeldurr, M|351\/351
|move|p1a: Keldeo|Scald|p2a: Conkeldurr
|-damage|p2a: Conkeldurr|249\/351
|
|turn|3
|
|move|p1a: Keldeo|Secret Sword|p2a: Conkeldurr
|-damage|p2a: Conkeldurr|84\/351
|move|p2a: Conkeldurr|Drain Punch|p1a: Keldeo
|-damage|p1a: Keldeo|160\/323
|-heal|p2a: Conkeldurr|166\/351|[from] drain|[of] p1a: Keldeo
|
|turn|4
|
|switch|p1a: Landorus-Therian|Landorus-Therian, M|319\/319
|-damage|p1a: Landorus-Therian|280\/319|[from] Stealth Rock
|-ability|p1a: Landorus-Therian|Intimidate|[of] p2a: Conkeldurr
|-unboost|p2a: Conkeldurr|atk|1
|move|p2a: Conkeldurr|Drain Punch|p1a: Landorus-Therian
|-resisted|p1a: Landorus-Therian
|-damage|p1a: Landorus-Therian|220\/319
|-heal|p2a: Conkeldurr|196\/351|[from] drain|[of] p1a: Landorus-Therian
|
|turn|5
|
|switch|p2a: Talonflame|Talonflame, F|319\/319
|move|p1a: Landorus-Therian|Earthquake|p2a: Talonflame
|-immune|p2a: Talonflame|[msg]
|
|turn|6
|
|move|p2a: Talonflame|U-turn|p1a: Landorus-Therian
|-resisted|p1a: Landorus-Therian
|-damage|p1a: Landorus-Therian|169\/319
|
|switch|p2a: Mamoswine|Mamoswine, M|1\/362
|move|p1a: Landorus-Therian|Stealth Rock|p2a: Mamoswine
|-sidestart|p2: asile11|move: Stealth Rock
|
|turn|7
|
|switch|p2a: Latios|Latios, M|301\/301
|-damage|p2a: Latios|264\/301|[from] Stealth Rock
|move|p1a: Landorus-Therian|Knock Off|p2a: Latios
|-supereffective|p2a: Latios
|-damage|p2a: Latios|0 fnt
|-enditem|p2a: Latios|Life Orb|[from] move: Knock Off|[of] p1a: Landorus-Therian
|faint|p2a: Latios
|
|
|switch|p2a: Landorus|Landorus, M|319\/319
|-damage|p2a: Landorus|280\/319|[from] Stealth Rock
|turn|8
|
|move|p2a: Landorus|Hidden Power|p1a: Landorus-Therian
|-supereffective|p1a: Landorus-Therian
|-damage|p1a: Landorus-Therian|0 fnt
|-damage|p2a: Landorus|249\/319|[from] item: Life Orb
|faint|p1a: Landorus-Therian
|
|
|switch|p1a: Keldeo|Keldeo|160\/323
|-damage|p1a: Keldeo|140\/323|[from] Stealth Rock
|turn|9
|
|switch|p2a: Mamoswine|Mamoswine, M|1\/362
|-damage|p2a: Mamoswine|0 fnt|[from] Stealth Rock
|faint|p2a: Mamoswine
|move|p1a: Keldeo|Scald|p2: Mamoswine|[notarget]
|-notarget
|
|
|switch|p2a: Altaria|Altaria, M|307\/307
|-damage|p2a: Altaria|231\/307|[from] Stealth Rock
|turn|10
|
|detailschange|p2a: Altaria|Altaria-Mega, M
|-mega|p2a: Altaria|Altaria|Altarianite
|move|p1a: Keldeo|Icy Wind|p2a: Altaria
|-supereffective|p2a: Altaria
|-damage|p2a: Altaria|82\/307
|-unboost|p2a: Altaria|spe|1
|move|p2a: Altaria|Dragon Dance|p2a: Altaria
|-boost|p2a: Altaria|atk|1
|-boost|p2a: Altaria|spe|1
|
|turn|11
|
|switch|p2a: Conkeldurr|Conkeldurr, M|196\/351
|-damage|p2a: Conkeldurr|175\/351|[from] Stealth Rock
|move|p1a: Keldeo|Icy Wind|p2a: Conkeldurr
|-damage|p2a: Conkeldurr|128\/351
|-unboost|p2a: Conkeldurr|spe|1
|
|turn|12
|
|move|p2a: Conkeldurr|Mach Punch|p1a: Keldeo
|-damage|p1a: Keldeo|47\/323
|move|p1a: Keldeo|Secret Sword|p2a: Conkeldurr
|-damage|p2a: Conkeldurr|0 fnt
|faint|p2a: Conkeldurr
|
|
|switch|p2a: Talonflame|Talonflame, F|319\/319
|-damage|p2a: Talonflame|160\/319|[from] Stealth Rock
|turn|13
|
|move|p2a: Talonflame|Tailwind|p2a: Talonflame
|-sidestart|p2: asile11|move: Tailwind
|move|p1a: Keldeo|Scald|p2a: Talonflame
|-supereffective|p2a: Talonflame
|-damage|p2a: Talonflame|0 fnt
|faint|p2a: Talonflame
|
|
|switch|p2a: Landorus|Landorus, M|249\/319
|-damage|p2a: Landorus|210\/319|[from] Stealth Rock
|turn|14
|
|switch|p1a: Latios|Latios, M|301\/301
|-damage|p1a: Latios|264\/301|[from] Stealth Rock
|move|p2a: Landorus|Earth Power|p1a: Latios
|-immune|p1a: Latios|[msg]
|
|turn|15
|
|switch|p1a: Excadrill|Excadrill, F|361\/361
|-damage|p1a: Excadrill|350\/361|[from] Stealth Rock
|move|p2a: Landorus|Hidden Power|p1a: Excadrill
|-damage|p1a: Excadrill|236\/361
|-damage|p2a: Landorus|179\/319|[from] item: Life Orb
|
|turn|16
|
|move|p2a: Landorus|Earth Power|p1a: Excadrill
|-supereffective|p1a: Excadrill
|-damage|p1a: Excadrill|0 fnt
|faint|p1a: Excadrill
|
|-sideend|p2: asile11|move: Tailwind
|
|switch|p1a: Keldeo|Keldeo|47\/323
|-damage|p1a: Keldeo|27\/323|[from] Stealth Rock
|turn|17
|
|move|p1a: Keldeo|Scald|p2a: Landorus
|-supereffective|p2a: Landorus
|-damage|p2a: Landorus|0 fnt
|faint|p2a: Landorus
|
|
|switch|p2a: Altaria|Altaria-Mega, M|82\/307
|-damage|p2a: Altaria|44\/307|[from] Stealth Rock
|turn|18
|
|move|p1a: Keldeo|Icy Wind|p2a: Altaria
|-supereffective|p2a: Altaria
|-damage|p2a: Altaria|0 fnt
|faint|p2a: Altaria
|
|win|Appreciation
|raw|Ladder updating...
|raw|Appreciation's rating: 1506 &rarr; <strong>1525<\/strong><br \/>(+19 for winning)
|raw|asile11's rating: 1495 &rarr; <strong>1475<\/strong><br \/>(-20 for losing)
|leave|asile11
|player|p2