|join|Aka DH
|join|Appreciation
|c|âAppreciation|lol
|player|p1|Aka DH|68
|player|p2|Appreciation|68
|gametype|singles
|gen|6
|tier|OU
|rated
|clearpoke
|poke|p1|Bisharp, M
|poke|p1|Venusaur, M
|poke|p1|Heatran, F
|poke|p1|Keldeo
|poke|p1|Chansey, F
|poke|p1|Skarmory, F
|poke|p2|Scizor, F
|poke|p2|Landorus, M
|poke|p2|Thundurus, M
|poke|p2|Diggersby, M
|poke|p2|Garchomp, M
|poke|p2|Latios, M
|rule|Swagger Clause: Swagger is banned
|rule|Baton Pass Clause: Limit one PokÃ©mon knowing Baton Pass
|rule|Sleep Clause Mod: Limit one foe put to sleep
|rule|Species Clause: Limit one of each PokÃ©mon
|rule|OHKO Clause: OHKO moves are banned
|rule|Moody Clause: Moody is banned
|rule|Evasion Moves Clause: Evasion moves are banned
|rule|Endless Battle Clause: Forcing endless battles is banned
|rule|HP Percentage Mod: HP is shown in percentages
|teampreview
|c|âAppreciation|welecome bloody
|c|âAppreciation|ok bloody not nice today
|c|âAka DH|hi
|
|start
|switch|p1a: Keldeo|Keldeo|323\/323
|switch|p2a: Garchomp|Garchomp, M|357\/357
|turn|1
|c|âAppreciation|whats the next?
|
|move|p1a: Keldeo|Substitute|p1a: Keldeo
|-start|p1a: Keldeo|Substitute
|-damage|p1a: Keldeo|243\/323
|move|p2a: Garchomp|Stealth Rock|p1a: Keldeo
|-sidestart|p1: Aka DH|move: Stealth Rock
|
|-heal|p1a: Keldeo|263\/323|[from] item: Leftovers
|turn|2
|c|âAppreciation|new bloody
|c|âAppreciation|set
|c|âAppreciation|hello?
|
|move|p1a: Keldeo|Scald|p2a: Garchomp
|-damage|p2a: Garchomp|185\/357
|move|p2a: Garchomp|Earthquake|p1a: Keldeo
|-end|p1a: Keldeo|Substitute
|
|-heal|p1a: Keldeo|283\/323|[from] item: Leftovers
|turn|3
|c|âAppreciation|wow hax
|
|move|p1a: Keldeo|Scald|p2a: Garchomp
|-damage|p2a: Garchomp|28\/357
|move|p2a: Garchomp|Dragon Claw|p1a: Keldeo
|-damage|p1a: Keldeo|115\/323
|
|-heal|p1a: Keldeo|135\/323|[from] item: Leftovers
|turn|4
|join|IAmGingy
|c|âAppreciation|hi
|
|switch|p2a: Latios|Latios, M|301\/301
|move|p1a: Keldeo|Scald|p2a: Latios
|-resisted|p2a: Latios
|-damage|p2a: Latios|241\/301
|
|-heal|p1a: Keldeo|155\/323|[from] item: Leftovers
|turn|5
|c| IAmGingy|hi
|
|switch|p1a: Chansey|Chansey, F|684\/684
|-damage|p1a: Chansey|599\/684|[from] Stealth Rock
|move|p2a: Latios|Draco Meteor|p1a: Chansey|[miss]
|-miss|p2a: Latios|p1a: Chansey
|
|turn|6
|join|TheUberTherian
|c|âAppreciation|aww
|
|switch|p2a: Garchomp|Garchomp, M|28\/357
|move|p1a: Chansey|Seismic Toss|p2a: Garchomp
|-damage|p2a: Garchomp|0 fnt
|-damage|p1a: Chansey|514\/684|[from] ability: Rough Skin|[of] p2a: Garchomp
|faint|p2a: Garchomp
|
|c|âAppreciation|bloody play
|
|switch|p2a: Diggersby|Diggersby, M|311\/311
|turn|7
|c|âAppreciation|n_n
|
|switch|p1a: Heatran|Heatran, F|340\/340
|-damage|p1a: Heatran|298\/340|[from] Stealth Rock
|-item|p1a: Heatran|Air Balloon
|move|p2a: Diggersby|Swords Dance|p2a: Diggersby
|-boost|p2a: Diggersby|atk|2
|
|turn|8
|c|âAppreciation|bloody heatran
|c|âAppreciation|n_n
|
|move|p1a: Heatran|Fire Blast|p2a: Diggersby
|-crit|p2a: Diggersby
|-damage|p2a: Diggersby|0 fnt
|faint|p2a: Diggersby
|
|c|âAppreciation|i like bloody heatran
|c| TheUberTherian|LOL
|c|âAppreciation|i dont like
|c|âAppreciation|bloody heatran
|c|âAppreciation|:(
|c|âAppreciation|that was gay bloody
|c|âAka DH|heatran's spread
|c|âAppreciation|heatrans
|c|âAppreciation|spread
|
|switch|p2a: Landorus|Landorus, M|319\/319
|turn|9
|c|âAppreciation|im going to
|c|âAppreciation|focus blast
|c|âAppreciation|watch this
|
|switch|p1a: Skarmory|Skarmory, F|334\/334
|-damage|p1a: Skarmory|293\/334|[from] Stealth Rock
|move|p2a: Landorus|Focus Blast|p1a: Skarmory
|-damage|p1a: Skarmory|32\/334
|
|turn|10
|c|âAppreciation|good..
|
|move|p2a: Landorus|Focus Blast|p1a: Skarmory
|-crit|p1a: Skarmory
|-damage|p1a: Skarmory|0 fnt
|faint|p1a: Skarmory
|
|c|âAppreciation|no miss rekt
|
|switch|p1a: Keldeo|Keldeo|155\/323
|-damage|p1a: Keldeo|135\/323|[from] Stealth Rock
|turn|11
|c|âAppreciation|fuck man..
|
|switch|p2a: Latios|Latios, M|241\/301
|move|p1a: Keldeo|Scald|p2a: Latios
|-resisted|p2a: Latios
|-damage|p2a: Latios|178\/301
|-status|p2a: Latios|brn
|
|-heal|p1a: Keldeo|155\/323|[from] item: Leftovers
|-damage|p2a: Latios|141\/301 brn|[from] brn
|turn|12
|join|Here To GG
|c| Here To GG|yo
|c|âAppreciation|hi hts
|c|âAppreciation|im predicting chansey here XD
|c|âAppreciation|actually ur going to tran
|
|switch|p1a: Chansey|Chansey, F|514\/684
|-damage|p1a: Chansey|429\/684|[from] Stealth Rock
|move|p2a: Latios|Draco Meteor|p1a: Chansey
|-damage|p1a: Chansey|297\/684
|-unboost|p2a: Latios|spa|2
|
|-damage|p2a: Latios|104\/301 brn|[from] brn
|turn|13
|c|âAppreciation|oh shiet
|c| Here To GG|duddee
|c|âAppreciation|what do u want kid
|
|switch|p2a: Thundurus|Thundurus, M|299\/299
|move|p1a: Chansey|Soft-Boiled|p1a: Chansey
|-heal|p1a: Chansey|639\/684
|
|turn|14
|
|move|p2a: Thundurus|Knock Off|p1a: Chansey
|-damage|p1a: Chansey|483\/684
|-enditem|p1a: Chansey|Eviolite|[from] move: Knock Off|[of] p2a: Thundurus
|-damage|p2a: Thundurus|270\/299|[from] item: Life Orb
|move|p1a: Chansey|Seismic Toss|p2a: Thundurus
|-damage|p2a: Thundurus|170\/299
|
|turn|15
|c|âAppreciation|good aim
|c| Here To GG|chat
|c|âAppreciation|no
|
|move|p2a: Thundurus|Superpower|p1a: Chansey
|-supereffective|p1a: Chansey
|-damage|p1a: Chansey|0 fnt
|-unboost|p2a: Thundurus|atk|1
|-unboost|p2a: Thundurus|def|1
|-damage|p2a: Thundurus|141\/299|[from] item: Life Orb
|faint|p1a: Chansey
|
|
|switch|p1a: Venusaur|Venusaur, M|364\/364
|-damage|p1a: Venusaur|319\/364|[from] Stealth Rock
|turn|16
|c| IAmGingy|FLY NOW
|c|âAppreciation|i dont have it ._.
|c| Here To GG|bulk up roost
|c| Here To GG|::)
|c| Here To GG|max sp def
|c|âAppreciation|ur mom
|
|switch|p2a: Latios|Latios, M|104\/301 brn
|detailschange|p1a: Venusaur|Venusaur-Mega, M
|-mega|p1a: Venusaur|Venusaur|Venusaurite
|move|p1a: Venusaur|Giga Drain|p2a: Latios
|-resisted|p2a: Latios
|-damage|p2a: Latios|56\/301 brn
|-heal|p1a: Venusaur|343\/364|[from] drain|[of] p2a: Latios
|
|-damage|p2a: Latios|19\/301 brn|[from] brn
|turn|17
|c| Here To GG|real talk bulk up thundurus would mess this shit up :L
|
|move|p2a: Latios|Draco Meteor|p1a: Venusaur
|-damage|p1a: Venusaur|144\/364
|-unboost|p2a: Latios|spa|2
|move|p1a: Venusaur|Synthesis|p1a: Venusaur
|-heal|p1a: Venusaur|326\/364
|
|-damage|p2a: Latios|0 fnt|[from] brn
|faint|p2a: Latios
|c|âAppreciation|bloody why r u so good
|c|âAppreciation|,_,
|c|âAppreciation|but damn the crit on diggersby cost me the game
|c|âAka DH|you're my teacher
|c|âAppreciation|._.
|
|switch|p2a: Landorus|Landorus, M|319\/319
|turn|18
|c|âAppreciation|faggy bloody imo
|
|move|p2a: Landorus|Earth Power|p1a: Venusaur
|-damage|p1a: Venusaur|104\/364
|move|p1a: Venusaur|Giga Drain|p2a: Landorus
|-damage|p2a: Landorus|186\/319
|-heal|p1a: Venusaur|171\/364|[from] drain|[of] p2a: Landorus
|
|turn|19
|
|move|p2a: Landorus|Rock Polish|p2a: Landorus
|-boost|p2a: Landorus|spe|2
|move|p1a: Venusaur|Giga Drain|p2a: Landorus
|-damage|p2a: Landorus|71\/319
|-heal|p1a: Venusaur|229\/364|[from] drain|[of] p2a: Landorus
|
|turn|20
|c|âAppreciation|what
|c|âAppreciation|misclick
|c|âAppreciation|imo
|c|âAppreciation|ok catch this crit
|c|âAppreciation|mate
|
|move|p2a: Landorus|Earth Power|p1a: Venusaur
|-damage|p1a: Venusaur|2\/364
|move|p1a: Venusaur|Giga Drain|p2a: Landorus
|-damage|p2a: Landorus|0 fnt
|-heal|p1a: Venusaur|38\/364|[from] drain|[of] p2a: Landorus
|faint|p2a: Landorus
|
|c|âAppreciation|1
|c|âAppreciation|per
|c|âAppreciation|cent
|c|âAppreciation|mate
|
|switch|p2a: Thundurus|Thundurus, M|141\/299
|turn|21
|c|âAka DH|1.4
|
|move|p2a: Thundurus|Thunderbolt|p1a: Venusaur
|-resisted|p1a: Venusaur
|-damage|p1a: Venusaur|0 fnt
|-damage|p2a: Thundurus|112\/299|[from] item: Life Orb
|faint|p1a: Venusaur
|
|c|âAppreciation|im ready for the
|c|âAppreciation|bloody play
|
|switch|p1a: Bisharp|Bisharp, M|334\/334
|-damage|p1a: Bisharp|314\/334|[from] Stealth Rock
|turn|22
|
|switch|p2a: Scizor|Scizor, F|282\/282
|move|p1a: Bisharp|Sucker Punch|p2a: Scizor
|-fail|p2a: Scizor
|
|-heal|p1a: Bisharp|334\/334|[from] item: Leftovers
|turn|23
|c|âAppreciation|if only ur heatrans spread
|c|âAppreciation|wasnt that gay
|c|âAppreciation|heatrans
|c|âAppreciation|SPREAD
|
|switch|p1a: Keldeo|Keldeo|155\/323
|-damage|p1a: Keldeo|135\/323|[from] Stealth Rock
|detailschange|p2a: Scizor|Scizor-Mega, F
|-mega|p2a: Scizor|Scizor|Scizorite
|move|p2a: Scizor|Swords Dance|p2a: Scizor
|-boost|p2a: Scizor|atk|2
|
|-heal|p1a: Keldeo|155\/323|[from] item: Leftovers
|turn|24
|
|move|p2a: Scizor|Bullet Punch|p1a: Keldeo
|-resisted|p1a: Keldeo
|-damage|p1a: Keldeo|22\/323
|move|p1a: Keldeo|Scald|p2a: Scizor
|-damage|p2a: Scizor|140\/282
|-status|p2a: Scizor|brn
|
|-heal|p1a: Keldeo|42\/323|[from] item: Leftovers
|-damage|p2a: Scizor|105\/282 brn|[from] brn
|turn|25
|c|âAppreciation|>lives
|c|âAppreciation|>burn
|c| IAmGingy|why didnt u double to thund
|c| IAmGingy|and force another 50\/50
|c| IAmGingy|:[
|c|âAppreciation|+2 252+ Atk Technician Mega Scizor Bullet Punch vs. 0 HP \/ 0 Def Keldeo: 131-154 (40.5 - 47.6%) -- guaranteed 3HKO after Leftovers recovery
|c|âAppreciation|lel
|c|âAka DH|72 hp
|c|âAppreciation|i had no way of winning this nanyway
|
|switch|p1a: Heatran|Heatran, F|298\/340
|-damage|p1a: Heatran|256\/340|[from] Stealth Rock
|-item|p1a: Heatran|Air Balloon
|move|p2a: Scizor|Bullet Punch|p1a: Heatran
|-resisted|p1a: Heatran
|-damage|p1a: Heatran|232\/340
|-enditem|p1a: Heatran|Air Balloon
|
|-damage|p2a: Scizor|70\/282 brn|[from] brn
|turn|26
|
|move|p1a: Heatran|Stealth Rock|p2a: Scizor
|-sidestart|p2: Appreciation|move: Stealth Rock
|move|p2a: Scizor|Superpower|p1a: Heatran
|-supereffective|p1a: Heatran
|-damage|p1a: Heatran|0 fnt
|-unboost|p2a: Scizor|atk|1
|-unboost|p2a: Scizor|def|1
|faint|p1a: Heatran
|
|-damage|p2a: Scizor|35\/282 brn|[from] brn
|c|âAppreciation|fak
|c|âAppreciation|gg bloody
|
|switch|p1a: Bisharp|Bisharp, M|334\/334
|-damage|p1a: Bisharp|314\/334|[from] Stealth Rock
|turn|27
|c|âAppreciation|i lost to crit but its fine
|c|âAppreciation|n_n
|
|move|p1a: Bisharp|Sucker Punch|p2a: Scizor
|-damage|p2a: Scizor|0 fnt
|faint|p2a: Scizor
|
|-heal|p1a: Bisharp|334\/334|[from] item: Leftovers
|
|switch|p2a: Thundurus|Thundurus, M|112\/299
|-damage|p2a: Thundurus|38\/299|[from] Stealth Rock
|turn|28
|
|switch|p1a: Keldeo|Keldeo|42\/323
|-damage|p1a: Keldeo|22\/323|[from] Stealth Rock
|move|p2a: Thundurus|Superpower|p1a: Keldeo
|-damage|p1a: Keldeo|0 fnt
|-unboost|p2a: Thundurus|atk|1
|-unboost|p2a: Thundurus|def|1
|-damage|p2a: Thundurus|9\/299|[from] item: Life Orb
|faint|p1a: Keldeo
|
|c|âAppreciation|lel bloody
|
|switch|p1a: Bisharp|Bisharp, M|334\/334
|-damage|p1a: Bisharp|314\/334|[from] Stealth Rock
|turn|29
|c|âAppreciation|ggames
|
|move|p1a: Bisharp|Sucker Punch|p2a: Thundurus
|-damage|p2a: Thundurus|0 fnt
|faint|p2a: Thundurus
|
|win|Aka DH
|raw|Ladder updating...
|c|âAka DH|gg
|raw|Aka DH's rating: 1696 &rarr; <strong>1710<\/strong><br \/>(+14 for winning)
|raw|Appreciation's rating: 1595 &rarr; <strong>1581<\/strong><br \/>(-14 for losing)
|leave|Appreciation
|player|p2