|join|kowei
|join|Appreciation
|player|p1|kowei|2
|player|p2|Appreciation|68
|gametype|singles
|gen|6
|tier|OU
|rated
|clearpoke
|poke|p1|Breloom, M
|poke|p1|Sharpedo, F
|poke|p1|Latios, M
|poke|p1|Dragonite, M
|poke|p1|Mamoswine, F
|poke|p1|Volcarona, F
|poke|p2|Scizor, F
|poke|p2|Crawdaunt, M
|poke|p2|Thundurus, M
|poke|p2|Diggersby, M
|poke|p2|Garchomp, M
|poke|p2|Latios, M
|rule|Swagger Clause: Swagger is banned
|rule|Baton Pass Clause: Limit one PokÃ©mon knowing Baton Pass
|rule|Sleep Clause Mod: Limit one foe put to sleep
|rule|Species Clause: Limit one of each PokÃ©mon
|rule|OHKO Clause: OHKO moves are banned
|rule|Moody Clause: Moody is banned
|rule|Evasion Moves Clause: Evasion moves are banned
|rule|Endless Battle Clause: Forcing endless battles is banned
|rule|HP Percentage Mod: HP is shown in percentages
|teampreview
|join|MetaForce
|
|start
|switch|p1a: Mamoswine|Mamoswine, F|361\/361
|switch|p2a: Garchomp|Garchomp, M|357\/357
|turn|1
|
|move|p2a: Garchomp|Stealth Rock|p1a: Mamoswine
|-sidestart|p1: kowei|move: Stealth Rock
|move|p1a: Mamoswine|Earthquake|p2a: Garchomp
|-damage|p2a: Garchomp|165\/357
|
|turn|2
|
|move|p2a: Garchomp|Earthquake|p1a: Mamoswine
|-damage|p1a: Mamoswine|141\/361
|move|p1a: Mamoswine|Stealth Rock|p2a: Garchomp
|-sidestart|p2: Appreciation|move: Stealth Rock
|
|turn|3
|
|move|p1a: Mamoswine|Ice Shard|p2a: Garchomp
|-supereffective|p2a: Garchomp
|-damage|p2a: Garchomp|0 fnt
|faint|p2a: Garchomp
|
|
|switch|p2a: Scizor|Scizor, F|282\/282
|-damage|p2a: Scizor|247\/282|[from] Stealth Rock
|turn|4
|
|detailschange|p2a: Scizor|Scizor-Mega, F
|-mega|p2a: Scizor|Scizor|Scizorite
|move|p1a: Mamoswine|Earthquake|p2a: Scizor
|-damage|p2a: Scizor|103\/282
|move|p2a: Scizor|Swords Dance|p2a: Scizor
|-boost|p2a: Scizor|atk|2
|
|turn|5
|
|move|p2a: Scizor|Bullet Punch|p1a: Mamoswine
|-supereffective|p1a: Mamoswine
|-damage|p1a: Mamoswine|0 fnt
|faint|p1a: Mamoswine
|
|
|switch|p1a: Breloom|Breloom, M|261\/261
|-damage|p1a: Breloom|245\/261|[from] Stealth Rock
|turn|6
|
|move|p2a: Scizor|Bullet Punch|p1a: Breloom
|-damage|p1a: Breloom|0 fnt
|faint|p1a: Breloom
|
|
|switch|p1a: Volcarona|Volcarona, F|311\/311
|-damage|p1a: Volcarona|156\/311|[from] Stealth Rock
|turn|7
|
|move|p2a: Scizor|Bullet Punch|p1a: Volcarona
|-crit|p1a: Volcarona
|-resisted|p1a: Volcarona
|-damage|p1a: Volcarona|0 fnt
|-status|p2a: Scizor|brn
|faint|p1a: Volcarona
|
|-damage|p2a: Scizor|68\/282 brn|[from] brn
|c|âAppreciation|ofc u get it
|c|âAppreciation|so lucky
|c|âAppreciation|omg
|
|switch|p1a: Latios|Latios, M|301\/301
|-damage|p1a: Latios|264\/301|[from] Stealth Rock
|turn|8
|
|move|p1a: Latios|Defog|p2a: Scizor
|-unboost|p2a: Scizor|evasion|1
|-sideend|p2: Appreciation|Stealth Rock|[from] move: Defog|[of] p2a: Scizor
|-sideend|p1: kowei|Stealth Rock|[from] move: Defog|[of] p1a: Latios
|move|p2a: Scizor|Bug Bite|p1a: Latios
|-supereffective|p1a: Latios
|-damage|p1a: Latios|0 fnt
|faint|p1a: Latios
|
|-damage|p2a: Scizor|33\/282 brn|[from] brn
|
|switch|p1a: Sharpedo|Sharpedo, F|281\/281
|turn|9
|
|move|p1a: Sharpedo|Protect|p1a: Sharpedo
|-singleturn|p1a: Sharpedo|Protect
|move|p2a: Scizor|Bullet Punch|p1a: Sharpedo
|-activate|p1a: Sharpedo|Protect
|
|-damage|p2a: Scizor|0 fnt|[from] brn
|-boost|p1a: Sharpedo|spe|1|[from] ability: Speed Boost
|faint|p2a: Scizor
|c|âAppreciation|congrats on the hax
|c|âAppreciation|lucky player
|
|switch|p2a: Latios|Latios, M|301\/301
|turn|10
|
|move|p2a: Latios|Draco Meteor|p1a: Sharpedo
|-damage|p1a: Sharpedo|0 fnt
|-unboost|p2a: Latios|spa|2
|faint|p1a: Sharpedo
|
|leave|MetaForce
|
|switch|p1a: Dragonite|Dragonite, M|323\/323
|turn|11
|
|switch|p2a: Diggersby|Diggersby, M|311\/311
|move|p1a: Dragonite|Dragon Dance|p1a: Dragonite
|-boost|p1a: Dragonite|atk|1
|-boost|p1a: Dragonite|spe|1
|
|turn|12
|
|move|p1a: Dragonite|Dragon Dance|p1a: Dragonite
|-boost|p1a: Dragonite|atk|1
|-boost|p1a: Dragonite|spe|1
|move|p2a: Diggersby|Return|p1a: Dragonite
|-damage|p1a: Dragonite|151\/323
|-damage|p2a: Diggersby|280\/311|[from] item: Life Orb
|
|turn|13
|
|move|p2a: Diggersby|Quick Attack|p1a: Dragonite
|-damage|p1a: Dragonite|17\/323
|-damage|p2a: Diggersby|249\/311|[from] item: Life Orb
|move|p1a: Dragonite|Outrage|p2a: Diggersby
|-damage|p2a: Diggersby|0 fnt
|faint|p2a: Diggersby
|
|
|switch|p2a: Crawdaunt|Crawdaunt, M|268\/268
|turn|14
|
|move|p2a: Crawdaunt|Aqua Jet|p1a: Dragonite
|-resisted|p1a: Dragonite
|-damage|p1a: Dragonite|0 fnt
|-damage|p2a: Crawdaunt|242\/268|[from] item: Life Orb
|faint|p1a: Dragonite
|
|win|Appreciation
|raw|Ladder updating...
|raw|kowei's rating: 1615 &rarr; <strong>1600<\/strong><br \/>(-15 for losing)
|raw|Appreciation's rating: 1706 &rarr; <strong>1721<\/strong><br \/>(+15 for winning)