|join|Appreciation
|join|BuddhaPower
|player|p1|Appreciation|68
|player|p2|BuddhaPower|102
|gametype|singles
|gen|6
|tier|OU
|rated
|clearpoke
|poke|p1|Beedrill, M
|poke|p1|Latios, M
|poke|p1|Keldeo
|poke|p1|Landorus-Therian, M
|poke|p1|Excadrill, F
|poke|p1|Tyranitar, F
|poke|p2|Keldeo
|poke|p2|Gothitelle, F
|poke|p2|Excadrill, M
|poke|p2|Diancie
|poke|p2|Breloom, M
|poke|p2|Gengar, M
|rule|Swagger Clause: Swagger is banned
|rule|Baton Pass Clause: Limit one PokÃ©mon knowing Baton Pass
|rule|Sleep Clause Mod: Limit one foe put to sleep
|rule|Species Clause: Limit one of each PokÃ©mon
|rule|OHKO Clause: OHKO moves are banned
|rule|Moody Clause: Moody is banned
|rule|Evasion Moves Clause: Evasion moves are banned
|rule|Endless Battle Clause: Forcing endless battles is banned
|rule|HP Percentage Mod: HP is shown in percentages
|teampreview
|
|start
|switch|p1a: Beedrill|Beedrill, M|272\/272
|switch|p2a: Keldeo|Keldeo|323\/323
|turn|1
|
|detailschange|p1a: Beedrill|Beedrill-Mega, M
|-mega|p1a: Beedrill|Beedrill|Beedrillite
|move|p1a: Beedrill|Protect|p1a: Beedrill
|-singleturn|p1a: Beedrill|Protect
|move|p2a: Keldeo|Hydro Pump|p1a: Beedrill
|-activate|p1a: Beedrill|Protect
|
|turn|2
|
|switch|p1a: Latios|Latios, M|301\/301
|move|p2a: Keldeo|Hydro Pump|p1a: Latios
|-resisted|p1a: Latios
|-damage|p1a: Latios|211\/301
|
|turn|3
|
|switch|p2a: Excadrill|Excadrill, M|382\/382
|-ability|p2a: Excadrill|Mold Breaker
|-item|p2a: Excadrill|Air Balloon
|move|p1a: Latios|Psyshock|p2a: Excadrill
|-resisted|p2a: Excadrill
|-damage|p2a: Excadrill|269\/382
|-enditem|p2a: Excadrill|Air Balloon
|-damage|p1a: Latios|181\/301|[from] item: Life Orb
|
|turn|4
|
|switch|p2a: Keldeo|Keldeo|323\/323
|move|p1a: Latios|Hidden Power|p2a: Keldeo
|-resisted|p2a: Keldeo
|-damage|p2a: Keldeo|268\/323
|-damage|p1a: Latios|151\/301|[from] item: Life Orb
|
|turn|5
|
|switch|p2a: Gothitelle|Gothitelle, F|343\/343
|move|p1a: Latios|Psyshock|p2a: Gothitelle
|-resisted|p2a: Gothitelle
|-damage|p2a: Gothitelle|248\/343
|-damage|p1a: Latios|121\/301|[from] item: Life Orb
|
|turn|6
|
|switch|p2a: Diancie|Diancie|241\/241
|move|p1a: Latios|Draco Meteor|p2a: Diancie
|-immune|p2a: Diancie|[msg]
|
|turn|7
|
|switch|p1a: Landorus-Therian|Landorus-Therian, M|319\/319
|-ability|p1a: Landorus-Therian|Intimidate|[of] p2a: Diancie
|-fail|p2a: Diancie|unboost|[from] ability: Clear Body|[of] p2a: Diancie
|move|p2a: Diancie|Moonblast|p1a: Landorus-Therian
|-damage|p1a: Landorus-Therian|154\/319
|
|turn|8
|
|switch|p2a: Gengar|Gengar, M|261\/261
|move|p1a: Landorus-Therian|Stealth Rock|p2a: Gengar
|-sidestart|p2: BuddhaPower|move: Stealth Rock
|
|turn|9
|
|move|p2a: Gengar|Focus Blast|p1a: Landorus-Therian
|-resisted|p1a: Landorus-Therian
|-damage|p1a: Landorus-Therian|40\/319
|-damage|p2a: Gengar|235\/261|[from] item: Life Orb
|move|p1a: Landorus-Therian|Knock Off|p2a: Gengar
|-supereffective|p2a: Gengar
|-damage|p2a: Gengar|0 fnt
|-enditem|p2a: Gengar|Life Orb|[from] move: Knock Off|[of] p1a: Landorus-Therian
|faint|p2a: Gengar
|
|
|switch|p2a: Excadrill|Excadrill, M|269\/382
|-damage|p2a: Excadrill|258\/382|[from] Stealth Rock
|-ability|p2a: Excadrill|Mold Breaker
|turn|10
|
|move|p1a: Landorus-Therian|Earthquake|p2a: Excadrill
|-supereffective|p2a: Excadrill
|-damage|p2a: Excadrill|0 fnt
|faint|p2a: Excadrill
|
|
|switch|p2a: Diancie|Diancie|241\/241
|-damage|p2a: Diancie|211\/241|[from] Stealth Rock
|turn|11
|
|detailschange|p2a: Diancie|Diancie-Mega
|-mega|p2a: Diancie|Diancie|Diancite
|move|p1a: Landorus-Therian|Earthquake|p2a: Diancie
|-supereffective|p2a: Diancie
|-damage|p2a: Diancie|0 fnt
|faint|p2a: Diancie
|
|
|switch|p2a: Keldeo|Keldeo|268\/323
|-damage|p2a: Keldeo|248\/323|[from] Stealth Rock
|turn|12
|
|move|p2a: Keldeo|Secret Sword|p1a: Landorus-Therian
|-crit|p1a: Landorus-Therian
|-resisted|p1a: Landorus-Therian
|-damage|p1a: Landorus-Therian|0 fnt
|faint|p1a: Landorus-Therian
|
|
|switch|p1a: Beedrill|Beedrill-Mega, M|272\/272
|turn|13
|
|move|p2a: Keldeo|Secret Sword|p1a: Beedrill
|-resisted|p1a: Beedrill
|-damage|p1a: Beedrill|191\/272
|move|p1a: Beedrill|Poison Jab|p2a: Keldeo
|-damage|p2a: Keldeo|0 fnt
|faint|p2a: Keldeo
|
|-message|BuddhaPower forfeited.
|
|win|Appreciation
|raw|Ladder updating...
|leave|BuddhaPower
|player|p2
|raw|Appreciation's rating: 1375 &rarr; <strong>1401<\/strong><br \/>(+26 for winning)
|raw|BuddhaPower's rating: 1469 &rarr; <strong>1444<\/strong><br \/>(-25 for losing)