|join|Appreciation
|join|BHARATHTHEBEST
|player|p1|Appreciation|68
|player|p2|BHARATHTHEBEST|290
|gametype|singles
|gen|6
|tier|OU
|rated
|clearpoke
|poke|p1|Charizard, F
|poke|p1|Mew
|poke|p1|Azumarill, F
|poke|p1|Gothitelle, M
|poke|p1|Chansey, F
|poke|p1|Slowbro, M
|poke|p2|Dragonite, F
|poke|p2|Scizor, M
|poke|p2|Keldeo
|poke|p2|Landorus, M
|poke|p2|Latias, F
|poke|p2|Bisharp, F
|rule|Swagger Clause: Swagger is banned
|rule|Baton Pass Clause: Limit one PokÃ©mon knowing Baton Pass
|rule|Sleep Clause Mod: Limit one foe put to sleep
|rule|Species Clause: Limit one of each PokÃ©mon
|rule|OHKO Clause: OHKO moves are banned
|rule|Moody Clause: Moody is banned
|rule|Evasion Moves Clause: Evasion moves are banned
|rule|Endless Battle Clause: Forcing endless battles is banned
|rule|HP Percentage Mod: HP is shown in percentages
|teampreview
|
|start
|switch|p1a: Charizard|Charizard, F|359\/359
|switch|p2a: Landorus|Landorus, M|319\/319
|turn|1
|
|switch|p1a: Chansey|Chansey, F|662\/662
|move|p2a: Landorus|Stealth Rock|p1a: Chansey
|-sidestart|p1: Appreciation|move: Stealth Rock
|
|turn|2
|
|move|p2a: Landorus|Earth Power|p1a: Chansey
|-damage|p1a: Chansey|522\/662
|move|p1a: Chansey|Seismic Toss|p2a: Landorus
|-damage|p2a: Landorus|219\/319
|
|turn|3
|
|switch|p2a: Bisharp|Bisharp, F|271\/271
|move|p1a: Chansey|Stealth Rock|p2a: Bisharp
|-sidestart|p2: BHARATHTHEBEST|move: Stealth Rock
|
|turn|4
|
|switch|p1a: Charizard|Charizard, F|359\/359
|-damage|p1a: Charizard|180\/359|[from] Stealth Rock
|move|p2a: Bisharp|Swords Dance|p2a: Bisharp
|-boost|p2a: Bisharp|atk|2
|
|turn|5
|
|detailschange|p1a: Charizard|Charizard-Mega-X, F
|-mega|p1a: Charizard|Charizard|Charizardite X
|move|p1a: Charizard|Will-O-Wisp|p2a: Bisharp
|-status|p2a: Bisharp|brn
|move|p2a: Bisharp|Knock Off|p1a: Charizard
|-damage|p1a: Charizard|23\/359
|-damage|p2a: Bisharp|244\/271 brn|[from] item: Life Orb
|
|-damage|p2a: Bisharp|211\/271 brn|[from] brn
|turn|6
|
|switch|p2a: Landorus|Landorus, M|219\/319
|-damage|p2a: Landorus|180\/319|[from] Stealth Rock
|move|p1a: Charizard|Roost|p1a: Charizard
|-heal|p1a: Charizard|203\/359
|
|turn|7
|
|switch|p2a: Scizor|Scizor, M|341\/341
|-damage|p2a: Scizor|299\/341|[from] Stealth Rock
|switch|p1a: Azumarill|Azumarill, F|357\/357
|-damage|p1a: Azumarill|313\/357|[from] Stealth Rock
|
|turn|8
|
|detailschange|p2a: Scizor|Scizor-Mega, M
|-mega|p2a: Scizor|Scizor|Scizorite
|move|p1a: Azumarill|Waterfall|p2a: Scizor
|-damage|p2a: Scizor|118\/341
|move|p2a: Scizor|Swords Dance|p2a: Scizor
|-boost|p2a: Scizor|atk|2
|
|turn|9
|
|move|p2a: Scizor|Roost|p2a: Scizor
|-heal|p2a: Scizor|289\/341
|move|p1a: Azumarill|Waterfall|p2a: Scizor
|-damage|p2a: Scizor|85\/341
|
|turn|10
|
|move|p2a: Scizor|Roost|p2a: Scizor
|-heal|p2a: Scizor|256\/341
|move|p1a: Azumarill|Waterfall|p2a: Scizor
|-damage|p2a: Scizor|73\/341
|
|turn|11
|
|move|p2a: Scizor|Bullet Punch|p1a: Azumarill
|-damage|p1a: Azumarill|0 fnt
|faint|p1a: Azumarill
|
|
|switch|p1a: Mew|Mew|404\/404
|-damage|p1a: Mew|354\/404|[from] Stealth Rock
|turn|12
|
|move|p2a: Scizor|Bullet Punch|p1a: Mew
|-damage|p1a: Mew|165\/404
|move|p1a: Mew|Will-O-Wisp|p2a: Scizor
|-status|p2a: Scizor|brn
|
|-heal|p1a: Mew|190\/404|[from] item: Leftovers
|-damage|p2a: Scizor|31\/341 brn|[from] brn
|turn|13
|
|move|p1a: Mew|Soft-Boiled|p1a: Mew
|-heal|p1a: Mew|392\/404
|move|p2a: Scizor|Roost|p2a: Scizor
|-heal|p2a: Scizor|202\/341 brn
|
|-heal|p1a: Mew|404\/404|[from] item: Leftovers
|-damage|p2a: Scizor|160\/341 brn|[from] brn
|turn|14
|
|move|p1a: Mew|Taunt|p2a: Scizor
|-start|p2a: Scizor|move: Taunt
|cant|p2a: Scizor|move: Taunt|Roost
|
|-damage|p2a: Scizor|118\/341 brn|[from] brn
|turn|15
|
|move|p2a: Scizor|Bullet Punch|p1a: Mew
|-damage|p1a: Mew|305\/404
|move|p1a: Mew|Defog|p2a: Scizor
|-unboost|p2a: Scizor|evasion|1
|-sideend|p2: BHARATHTHEBEST|Stealth Rock|[from] move: Defog|[of] p2a: Scizor
|-sideend|p1: Appreciation|Stealth Rock|[from] move: Defog|[of] p1a: Mew
|
|-heal|p1a: Mew|330\/404|[from] item: Leftovers
|-damage|p2a: Scizor|76\/341 brn|[from] brn
|turn|16
|
|switch|p2a: Bisharp|Bisharp, F|211\/271 brn
|move|p1a: Mew|Will-O-Wisp|p2a: Bisharp
|-fail|p2a: Bisharp|brn
|
|-heal|p1a: Mew|355\/404|[from] item: Leftovers
|-damage|p2a: Bisharp|178\/271 brn|[from] brn
|turn|17
|
|switch|p2a: Landorus|Landorus, M|180\/319
|move|p1a: Mew|Will-O-Wisp|p2a: Landorus
|-status|p2a: Landorus|brn
|
|-heal|p1a: Mew|380\/404|[from] item: Leftovers
|-damage|p2a: Landorus|141\/319 brn|[from] brn
|turn|18
|
|switch|p1a: Chansey|Chansey, F|522\/662
|move|p2a: Landorus|Earth Power|p1a: Chansey
|-damage|p1a: Chansey|369\/662
|
|-damage|p2a: Landorus|102\/319 brn|[from] brn
|turn|19
|
|switch|p2a: Keldeo|Keldeo|323\/323
|move|p1a: Chansey|Soft-Boiled|p1a: Chansey
|-heal|p1a: Chansey|662\/662
|
|turn|20
|
|switch|p1a: Gothitelle|Gothitelle, M|302\/302
|move|p2a: Keldeo|Scald|p1a: Gothitelle
|-damage|p1a: Gothitelle|141\/302
|-damage|p2a: Keldeo|291\/323|[from] item: Life Orb
|
|turn|21
|
|move|p1a: Gothitelle|Psychic|p2a: Keldeo
|-supereffective|p2a: Keldeo
|-damage|p2a: Keldeo|19\/323
|move|p2a: Keldeo|Scald|p1a: Gothitelle
|-damage|p1a: Gothitelle|0 fnt
|-damage|p2a: Keldeo|0 fnt|[from] item: Life Orb
|faint|p1a: Gothitelle
|faint|p2a: Keldeo
|
|
|switch|p2a: Dragonite|Dragonite, F|323\/323
|switch|p1a: Chansey|Chansey, F|662\/662
|turn|22
|
|move|p2a: Dragonite|Outrage|p1a: Chansey
|-damage|p1a: Chansey|0 fnt
|faint|p1a: Chansey
|
|
|switch|p1a: Mew|Mew|380\/404
|turn|23
|
|move|p1a: Mew|Will-O-Wisp|p2a: Dragonite
|-status|p2a: Dragonite|brn
|move|p2a: Dragonite|Outrage|p1a: Mew
|-damage|p1a: Mew|227\/404
|
|-end|p2a: Dragonite|rampage
|-start|p2a: Dragonite|confusion
|-heal|p1a: Mew|252\/404|[from] item: Leftovers
|-damage|p2a: Dragonite|283\/323 brn|[from] brn
|turn|24
|
|switch|p2a: Landorus|Landorus, M|102\/319 brn
|move|p1a: Mew|Soft-Boiled|p1a: Mew
|-heal|p1a: Mew|404\/404
|
|-damage|p2a: Landorus|63\/319 brn|[from] brn
|turn|25
|
|move|p2a: Landorus|Earth Power|p1a: Mew
|-damage|p1a: Mew|158\/404
|move|p1a: Mew|Soft-Boiled|p1a: Mew
|-heal|p1a: Mew|360\/404
|
|-heal|p1a: Mew|385\/404|[from] item: Leftovers
|-damage|p2a: Landorus|24\/319 brn|[from] brn
|turn|26
|
|move|p2a: Landorus|Stealth Rock|p1a: Mew
|-sidestart|p1: Appreciation|move: Stealth Rock
|move|p1a: Mew|Soft-Boiled|p1a: Mew
|-heal|p1a: Mew|404\/404
|
|-damage|p2a: Landorus|0 fnt|[from] brn
|faint|p2a: Landorus
|
|switch|p2a: Bisharp|Bisharp, F|178\/271 brn
|turn|27
|
|move|p1a: Mew|Taunt|p2a: Bisharp
|-start|p2a: Bisharp|move: Taunt
|cant|p2a: Bisharp|move: Taunt|Swords Dance
|
|-damage|p2a: Bisharp|145\/271 brn|[from] brn
|turn|28
|join|CleanerThanRotom-W
|leave|CleanerThanRotom-W
|
|switch|p1a: Slowbro|Slowbro, M|394\/394
|-damage|p1a: Slowbro|345\/394|[from] Stealth Rock
|move|p2a: Bisharp|Knock Off|p1a: Slowbro
|-supereffective|p1a: Slowbro
|-damage|p1a: Slowbro|181\/394
|-enditem|p1a: Slowbro|Leftovers|[from] move: Knock Off|[of] p2a: Bisharp
|-damage|p2a: Bisharp|118\/271 brn|[from] item: Life Orb
|
|-damage|p2a: Bisharp|85\/271 brn|[from] brn
|turn|29
|
|move|p2a: Bisharp|Knock Off|p1a: Slowbro
|-supereffective|p1a: Slowbro
|-damage|p1a: Slowbro|69\/394
|-damage|p2a: Bisharp|58\/271 brn|[from] item: Life Orb
|move|p1a: Slowbro|Slack Off|p1a: Slowbro
|-heal|p1a: Slowbro|266\/394
|
|-damage|p2a: Bisharp|25\/271 brn|[from] brn
|-end|p2a: Bisharp|move: Taunt
|turn|30
|
|switch|p2a: Scizor|Scizor-Mega, M|76\/341 brn
|move|p1a: Slowbro|Slack Off|p1a: Slowbro
|-heal|p1a: Slowbro|394\/394
|
|-damage|p2a: Scizor|34\/341 brn|[from] brn
|turn|31
|
|move|p2a: Scizor|Swords Dance|p2a: Scizor
|-boost|p2a: Scizor|atk|2
|move|p1a: Slowbro|Fire Blast|p2a: Scizor
|-supereffective|p2a: Scizor
|-damage|p2a: Scizor|0 fnt
|faint|p2a: Scizor
|
|
|switch|p2a: Latias|Latias, F|319\/319
|turn|32
|
|move|p2a: Latias|Draco Meteor|p1a: Slowbro
|-damage|p1a: Slowbro|74\/394
|-unboost|p2a: Latias|spa|2
|-damage|p2a: Latias|288\/319|[from] item: Life Orb
|move|p1a: Slowbro|Slack Off|p1a: Slowbro
|-heal|p1a: Slowbro|271\/394
|
|turn|33
|
|move|p2a: Latias|Healing Wish|p2a: Latias
|faint|p2a: Latias
|move|p1a: Slowbro|Slack Off|p1a: Slowbro
|-heal|p1a: Slowbro|394\/394
|
|
|switch|p2a: Bisharp|Bisharp, F|25\/271 brn
|-heal|p2a: Bisharp|271\/271|[from] move: Healing Wish
|turn|34
|
|move|p2a: Bisharp|Swords Dance|p2a: Bisharp
|-boost|p2a: Bisharp|atk|2
|move|p1a: Slowbro|Scald|p2a: Bisharp
|-damage|p2a: Bisharp|151\/271
|-status|p2a: Bisharp|brn
|
|-damage|p2a: Bisharp|118\/271 brn|[from] brn
|turn|35
|c|âAppreciation|gg
|
|move|p2a: Bisharp|Sucker Punch|p1a: Slowbro
|-supereffective|p1a: Slowbro
|-damage|p1a: Slowbro|126\/394
|-damage|p2a: Bisharp|91\/271 brn|[from] item: Life Orb
|move|p1a: Slowbro|Scald|p2a: Bisharp
|-damage|p2a: Bisharp|0 fnt
|faint|p2a: Bisharp
|
|
|switch|p2a: Dragonite|Dragonite, F|283\/323 brn
|turn|36
|c|âBHARATHTHEBEST|gg
|-message|BHARATHTHEBEST forfeited.
|
|win|Appreciation
|raw|Ladder updating...
|leave|BHARATHTHEBEST
|player|p2