|join|Appreciation
|join|RestePaisible
|player|p1|Appreciation|68
|player|p2|RestePaisible|23
|gametype|singles
|gen|6
|tier|OU
|rated
|clearpoke
|poke|p1|Charizard, M
|poke|p1|Mew
|poke|p1|Rotom-Wash
|poke|p1|Azumarill, M
|poke|p1|Clefable, F
|poke|p1|Gothitelle, F
|poke|p2|Sableye, M
|poke|p2|Talonflame, M
|poke|p2|Clefable, F
|poke|p2|Landorus, M
|poke|p2|Ferrothorn, M
|poke|p2|Starmie
|rule|Swagger Clause: Swagger is banned
|rule|Baton Pass Clause: Limit one PokÃ©mon knowing Baton Pass
|rule|Sleep Clause Mod: Limit one foe put to sleep
|rule|Species Clause: Limit one of each PokÃ©mon
|rule|OHKO Clause: OHKO moves are banned
|rule|Moody Clause: Moody is banned
|rule|Evasion Moves Clause: Evasion moves are banned
|rule|Endless Battle Clause: Forcing endless battles is banned
|rule|HP Percentage Mod: HP is shown in percentages
|teampreview
|
|start
|switch|p1a: Charizard|Charizard, M|359\/359
|switch|p2a: Ferrothorn|Ferrothorn, M|352\/352
|turn|1
|
|switch|p2a: Talonflame|Talonflame, M|360\/360
|detailschange|p1a: Charizard|Charizard-Mega-X, M
|-mega|p1a: Charizard|Charizard|Charizardite X
|move|p1a: Charizard|Fire Punch|p2a: Talonflame
|-crit|p2a: Talonflame
|-resisted|p2a: Talonflame
|-damage|p2a: Talonflame|207\/360
|
|-heal|p2a: Talonflame|229\/360|[from] item: Leftovers
|turn|2
|
|switch|p2a: Clefable|Clefable, F|394\/394
|move|p1a: Charizard|Dragon Claw|p2a: Clefable
|-immune|p2a: Clefable|[msg]
|
|turn|3
|
|switch|p1a: Azumarill|Azumarill, M|357\/357
|switch|p2a: Sableye|Sableye, M|303\/303
|
|turn|4
|
|switch|p1a: Charizard|Charizard-Mega-X, M|359\/359
|detailschange|p2a: Sableye|Sableye-Mega, M
|-mega|p2a: Sableye|Sableye|Sablenite
|move|p2a: Sableye|Will-O-Wisp|p1a: Charizard
|-fail|p1a: Charizard
|
|turn|5
|
|move|p1a: Charizard|Fire Punch|p2a: Sableye
|-damage|p2a: Sableye|189\/303
|move|p2a: Sableye|Foul Play|p1a: Charizard
|-damage|p1a: Charizard|229\/359
|
|turn|6
|
|move|p1a: Charizard|Dragon Claw|p2a: Sableye
|-damage|p2a: Sableye|71\/303
|move|p2a: Sableye|Recover|p2a: Sableye
|-heal|p2a: Sableye|223\/303
|
|turn|7
|
|switch|p2a: Clefable|Clefable, F|394\/394
|move|p1a: Charizard|Roost|p1a: Charizard
|-heal|p1a: Charizard|359\/359
|
|turn|8
|
|switch|p1a: Azumarill|Azumarill, M|357\/357
|switch|p2a: Sableye|Sableye-Mega, M|223\/303
|
|turn|9
|
|switch|p1a: Charizard|Charizard-Mega-X, M|359\/359
|switch|p2a: Ferrothorn|Ferrothorn, M|352\/352
|
|turn|10
|
|switch|p2a: Starmie|Starmie|324\/324
|move|p1a: Charizard|Fire Punch|p2a: Starmie
|-crit|p2a: Starmie
|-resisted|p2a: Starmie
|-damage|p2a: Starmie|235\/324
|
|-heal|p2a: Starmie|255\/324|[from] item: Leftovers
|turn|11
|
|move|p2a: Starmie|Scald|p1a: Charizard
|-damage|p1a: Charizard|271\/359
|move|p1a: Charizard|Dragon Claw|p2a: Starmie
|-damage|p2a: Starmie|125\/324
|
|-heal|p2a: Starmie|145\/324|[from] item: Leftovers
|turn|12
|
|move|p2a: Starmie|Recover|p2a: Starmie
|-heal|p2a: Starmie|307\/324
|move|p1a: Charizard|Roost|p1a: Charizard
|-heal|p1a: Charizard|359\/359
|
|-heal|p2a: Starmie|324\/324|[from] item: Leftovers
|turn|13
|
|switch|p2a: Clefable|Clefable, F|394\/394
|move|p1a: Charizard|Dragon Claw|p2a: Clefable
|-immune|p2a: Clefable|[msg]
|
|turn|14
|
|switch|p1a: Azumarill|Azumarill, M|357\/357
|move|p2a: Clefable|Toxic|p1a: Azumarill
|-status|p1a: Azumarill|tox
|
|-damage|p1a: Azumarill|335\/357 tox|[from] psn
|turn|15
|
|switch|p2a: Ferrothorn|Ferrothorn, M|352\/352
|move|p1a: Azumarill|Superpower|p2a: Ferrothorn
|-supereffective|p2a: Ferrothorn
|-damage|p2a: Ferrothorn|26\/352
|-damage|p1a: Azumarill|291\/357 tox|[from] ability: Iron Barbs|[of] p2a: Ferrothorn
|-unboost|p1a: Azumarill|atk|1
|-unboost|p1a: Azumarill|def|1
|
|-heal|p2a: Ferrothorn|48\/352|[from] item: Leftovers
|-damage|p1a: Azumarill|247\/357 tox|[from] psn
|turn|16
|
|move|p1a: Azumarill|Superpower|p2a: Ferrothorn
|-supereffective|p2a: Ferrothorn
|-damage|p2a: Ferrothorn|0 fnt
|-damage|p1a: Azumarill|203\/357 tox|[from] ability: Iron Barbs|[of] p2a: Ferrothorn
|-unboost|p1a: Azumarill|atk|1
|-unboost|p1a: Azumarill|def|1
|faint|p2a: Ferrothorn
|
|-damage|p1a: Azumarill|137\/357 tox|[from] psn
|
|switch|p2a: Talonflame|Talonflame, M|229\/360
|turn|17
|
|switch|p1a: Rotom-Wash|Rotom-Wash|304\/304
|move|p2a: Talonflame|Bulk Up|p2a: Talonflame
|-boost|p2a: Talonflame|atk|1
|-boost|p2a: Talonflame|def|1
|
|-heal|p2a: Talonflame|251\/360|[from] item: Leftovers
|turn|18
|
|move|p2a: Talonflame|Roost|p2a: Talonflame
|-heal|p2a: Talonflame|360\/360
|move|p1a: Rotom-Wash|Hydro Pump|p2a: Talonflame
|-crit|p2a: Talonflame
|-supereffective|p2a: Talonflame
|-damage|p2a: Talonflame|0 fnt
|faint|p2a: Talonflame
|
|c|âRestePaisible|of course
|c|âAppreciation|didnt even matter
|c|âRestePaisible|youre specs ?
|
|switch|p2a: Sableye|Sableye-Mega, M|223\/303
|turn|19
|c|âAppreciation|no but i was gonna get you either way
|
|move|p1a: Rotom-Wash|Volt Switch|p2a: Sableye
|-damage|p2a: Sableye|166\/303
|
|switch|p1a: Clefable|Clefable, F|394\/394
|move|p2a: Sableye|Recover|p2a: Sableye
|-heal|p2a: Sableye|303\/303
|
|turn|20
|c|âRestePaisible|oh no it's a 65\/70 %
|
|switch|p2a: Clefable|Clefable, F|394\/394
|move|p1a: Clefable|Moonblast|p2a: Clefable
|-damage|p2a: Clefable|283\/394
|-unboost|p2a: Clefable|spa|1
|
|-heal|p2a: Clefable|307\/394|[from] item: Leftovers
|turn|21
|
|switch|p1a: Gothitelle|Gothitelle, F|302\/302
|move|p2a: Clefable|Moonblast|p1a: Gothitelle
|-damage|p1a: Gothitelle|239\/302
|-unboost|p1a: Gothitelle|spa|1
|
|-heal|p2a: Clefable|331\/394|[from] item: Leftovers
|turn|22
|
|move|p1a: Gothitelle|Trick|p2a: Clefable
|-activate|p1a: Gothitelle|move: Trick|[of] p2a: Clefable
|-item|p2a: Clefable|Choice Scarf|[from] move: Trick
|-item|p1a: Gothitelle|Leftovers|[from] move: Trick
|move|p2a: Clefable|Moonblast|p1a: Gothitelle
|-damage|p1a: Gothitelle|176\/302
|-unboost|p1a: Gothitelle|spa|1
|
|-heal|p1a: Gothitelle|194\/302|[from] item: Leftovers
|turn|23
|
|move|p1a: Gothitelle|Calm Mind|p1a: Gothitelle
|-boost|p1a: Gothitelle|spa|1
|-boost|p1a: Gothitelle|spd|1
|move|p2a: Clefable|Moonblast|p1a: Gothitelle
|-damage|p1a: Gothitelle|133\/302
|
|-heal|p1a: Gothitelle|151\/302|[from] item: Leftovers
|turn|24
|
|move|p1a: Gothitelle|Calm Mind|p1a: Gothitelle
|-boost|p1a: Gothitelle|spa|1
|-boost|p1a: Gothitelle|spd|1
|move|p2a: Clefable|Moonblast|p1a: Gothitelle
|-damage|p1a: Gothitelle|85\/302
|
|-heal|p1a: Gothitelle|103\/302|[from] item: Leftovers
|turn|25
|c|âRestePaisible|fast pls i got sableye
|
|move|p1a: Gothitelle|Rest|p1a: Gothitelle
|-status|p1a: Gothitelle|slp
|-heal|p1a: Gothitelle|302\/302 slp|[silent]
|-status|p1a: Gothitelle|slp|[from] move: Rest
|move|p2a: Clefable|Moonblast|p1a: Gothitelle
|-damage|p1a: Gothitelle|238\/302 slp
|
|-heal|p1a: Gothitelle|256\/302 slp|[from] item: Leftovers
|turn|26
|c|âRestePaisible|and i'm unaware
|
|cant|p1a: Gothitelle|slp
|move|p2a: Clefable|Moonblast|p1a: Gothitelle
|-damage|p1a: Gothitelle|186\/302 slp
|
|-heal|p1a: Gothitelle|204\/302 slp|[from] item: Leftovers
|turn|27
|
|cant|p1a: Gothitelle|slp
|move|p2a: Clefable|Moonblast|p1a: Gothitelle
|-damage|p1a: Gothitelle|134\/302 slp
|-unboost|p1a: Gothitelle|spa|1
|
|-heal|p1a: Gothitelle|152\/302 slp|[from] item: Leftovers
|turn|28
|
|-curestatus|p1a: Gothitelle|slp
|move|p1a: Gothitelle|Psychic|p2a: Clefable
|-crit|p2a: Clefable
|-damage|p2a: Clefable|118\/394
|move|p2a: Clefable|Moonblast|p1a: Gothitelle
|-damage|p1a: Gothitelle|88\/302
|
|-heal|p1a: Gothitelle|106\/302|[from] item: Leftovers
|turn|29
|
|move|p1a: Gothitelle|Rest|p1a: Gothitelle
|-status|p1a: Gothitelle|slp
|-heal|p1a: Gothitelle|302\/302 slp|[silent]
|-status|p1a: Gothitelle|slp|[from] move: Rest
|move|p2a: Clefable|Moonblast|p1a: Gothitelle
|-damage|p1a: Gothitelle|241\/302 slp
|
|-heal|p1a: Gothitelle|259\/302 slp|[from] item: Leftovers
|turn|30
|
|cant|p1a: Gothitelle|slp
|move|p2a: Clefable|Moonblast|p1a: Gothitelle
|-damage|p1a: Gothitelle|198\/302 slp
|
|-heal|p1a: Gothitelle|216\/302 slp|[from] item: Leftovers
|turn|31
|
|cant|p1a: Gothitelle|slp
|move|p2a: Clefable|Moonblast|p1a: Gothitelle
|-damage|p1a: Gothitelle|146\/302 slp
|
|-heal|p1a: Gothitelle|164\/302 slp|[from] item: Leftovers
|turn|32
|
|-curestatus|p1a: Gothitelle|slp
|move|p1a: Gothitelle|Rest|p1a: Gothitelle
|-status|p1a: Gothitelle|slp
|-heal|p1a: Gothitelle|302\/302 slp|[silent]
|-status|p1a: Gothitelle|slp|[from] move: Rest
|move|p2a: Clefable|Moonblast|p1a: Gothitelle
|-damage|p1a: Gothitelle|239\/302 slp
|-unboost|p1a: Gothitelle|spa|1
|
|-heal|p1a: Gothitelle|257\/302 slp|[from] item: Leftovers
|turn|33
|
|cant|p1a: Gothitelle|slp
|move|p2a: Clefable|Moonblast|p1a: Gothitelle
|-damage|p1a: Gothitelle|194\/302 slp
|
|-heal|p1a: Gothitelle|212\/302 slp|[from] item: Leftovers
|turn|34
|
|cant|p1a: Gothitelle|slp
|move|p2a: Clefable|Moonblast|p1a: Gothitelle
|-damage|p1a: Gothitelle|151\/302 slp
|-unboost|p1a: Gothitelle|spa|1
|
|-heal|p1a: Gothitelle|169\/302 slp|[from] item: Leftovers
|turn|35
|
|-curestatus|p1a: Gothitelle|slp
|move|p1a: Gothitelle|Rest|p1a: Gothitelle
|-status|p1a: Gothitelle|slp
|-heal|p1a: Gothitelle|302\/302 slp|[silent]
|-status|p1a: Gothitelle|slp|[from] move: Rest
|move|p2a: Clefable|Moonblast|p1a: Gothitelle
|-damage|p1a: Gothitelle|241\/302 slp
|
|-heal|p1a: Gothitelle|259\/302 slp|[from] item: Leftovers
|turn|36
|
|cant|p1a: Gothitelle|slp
|move|p2a: Clefable|Moonblast|p1a: Gothitelle
|-damage|p1a: Gothitelle|193\/302 slp
|-unboost|p1a: Gothitelle|spa|1
|
|-heal|p1a: Gothitelle|211\/302 slp|[from] item: Leftovers
|turn|37
|
|cant|p1a: Gothitelle|slp
|move|p2a: Clefable|Moonblast|p1a: Gothitelle
|-crit|p1a: Gothitelle
|-damage|p1a: Gothitelle|67\/302 slp
|
|-heal|p1a: Gothitelle|85\/302 slp|[from] item: Leftovers
|turn|38
|
|-curestatus|p1a: Gothitelle|slp
|move|p1a: Gothitelle|Rest|p1a: Gothitelle
|-status|p1a: Gothitelle|slp
|-heal|p1a: Gothitelle|302\/302 slp|[silent]
|-status|p1a: Gothitelle|slp|[from] move: Rest
|move|p2a: Clefable|Moonblast|p1a: Gothitelle
|-damage|p1a: Gothitelle|232\/302 slp
|-unboost|p1a: Gothitelle|spa|1
|
|-heal|p1a: Gothitelle|250\/302 slp|[from] item: Leftovers
|turn|39
|
|cant|p1a: Gothitelle|slp
|move|p2a: Clefable|Moonblast|p1a: Gothitelle
|-damage|p1a: Gothitelle|190\/302 slp
|
|-heal|p1a: Gothitelle|208\/302 slp|[from] item: Leftovers
|turn|40
|
|cant|p1a: Gothitelle|slp
|move|p2a: Clefable|Moonblast|p1a: Gothitelle
|-damage|p1a: Gothitelle|141\/302 slp
|
|-heal|p1a: Gothitelle|159\/302 slp|[from] item: Leftovers
|turn|41
|
|-curestatus|p1a: Gothitelle|slp
|move|p1a: Gothitelle|Rest|p1a: Gothitelle
|-status|p1a: Gothitelle|slp
|-heal|p1a: Gothitelle|302\/302 slp|[silent]
|-status|p1a: Gothitelle|slp|[from] move: Rest
|move|p2a: Clefable|Moonblast|p1a: Gothitelle
|-damage|p1a: Gothitelle|242\/302 slp
|
|-heal|p1a: Gothitelle|260\/302 slp|[from] item: Leftovers
|turn|42
|
|cant|p1a: Gothitelle|slp
|move|p2a: Clefable|Moonblast|p1a: Gothitelle
|-damage|p1a: Gothitelle|194\/302 slp
|
|-heal|p1a: Gothitelle|212\/302 slp|[from] item: Leftovers
|turn|43
|
|cant|p1a: Gothitelle|slp
|move|p2a: Clefable|Moonblast|p1a: Gothitelle
|-damage|p1a: Gothitelle|140\/302 slp
|
|-heal|p1a: Gothitelle|158\/302 slp|[from] item: Leftovers
|turn|44
|
|-curestatus|p1a: Gothitelle|slp
|move|p1a: Gothitelle|Trick|p2a: Clefable
|-activate|p1a: Gothitelle|move: Trick|[of] p2a: Clefable
|-item|p2a: Clefable|Leftovers|[from] move: Trick
|-item|p1a: Gothitelle|Choice Scarf|[from] move: Trick
|move|p2a: Clefable|Moonblast|p1a: Gothitelle
|-damage|p1a: Gothitelle|97\/302
|
|-heal|p2a: Clefable|142\/394|[from] item: Leftovers
|turn|45
|
|move|p1a: Gothitelle|Psychic|p2a: Clefable
|-damage|p2a: Clefable|9\/394
|move|p2a: Clefable|Wish|p2a: Clefable
|
|-heal|p2a: Clefable|33\/394|[from] item: Leftovers
|turn|46
|
|move|p2a: Clefable|Protect|p2a: Clefable
|-singleturn|p2a: Clefable|Protect
|move|p1a: Gothitelle|Psychic|p2a: Clefable
|-activate|p2a: Clefable|Protect
|
|-heal|p2a: Clefable|230\/394|[from] move: Wish|[wisher] Clefable
|-heal|p2a: Clefable|254\/394|[from] item: Leftovers
|turn|47
|c|âAppreciation|i miscounted
|c|âAppreciation|your luck lol
|c|âRestePaisible|no your just stupid
|c|âAppreciation|nah
|c|âAppreciation|your luck lol
|
|switch|p1a: Mew|Mew|404\/404
|move|p2a: Clefable|Wish|p2a: Clefable
|
|-heal|p2a: Clefable|278\/394|[from] item: Leftovers
|turn|48
|
|switch|p1a: Clefable|Clefable, F|394\/394
|switch|p2a: Sableye|Sableye-Mega, M|303\/303
|
|turn|49
|
|move|p1a: Clefable|Moonblast|p2a: Sableye
|-supereffective|p2a: Sableye
|-damage|p2a: Sableye|175\/303
|move|p2a: Sableye|Knock Off|p1a: Clefable
|-resisted|p1a: Clefable
|-damage|p1a: Clefable|338\/394
|-enditem|p1a: Clefable|Leftovers|[from] move: Knock Off|[of] p2a: Sableye
|
|turn|50
|
|switch|p2a: Clefable|Clefable, F|278\/394
|move|p1a: Clefable|Moonblast|p2a: Clefable
|-damage|p2a: Clefable|163\/394
|
|-heal|p2a: Clefable|187\/394|[from] item: Leftovers
|turn|51
|
|move|p2a: Clefable|Wish|p2a: Clefable
|move|p1a: Clefable|Stealth Rock|p2a: Clefable
|-sidestart|p2: RestePaisible|move: Stealth Rock
|
|-heal|p2a: Clefable|211\/394|[from] item: Leftovers
|turn|52
|
|move|p1a: Clefable|Moonblast|p2a: Clefable
|-damage|p2a: Clefable|93\/394
|-unboost|p2a: Clefable|spa|1
|move|p2a: Clefable|Toxic|p1a: Clefable
|-status|p1a: Clefable|tox
|
|-heal|p2a: Clefable|290\/394|[from] move: Wish|[wisher] Clefable
|-heal|p2a: Clefable|314\/394|[from] item: Leftovers
|turn|53
|c|âRestePaisible|stop speaking of luck when you make an error
|
|switch|p2a: Starmie|Starmie|324\/324
|-damage|p2a: Starmie|284\/324|[from] Stealth Rock
|switch|p1a: Gothitelle|Gothitelle, F|97\/302
|
|-heal|p2a: Starmie|304\/324|[from] item: Leftovers
|turn|54
|
|switch|p1a: Rotom-Wash|Rotom-Wash|304\/304
|move|p2a: Starmie|Scald|p1a: Rotom-Wash
|-resisted|p1a: Rotom-Wash
|-damage|p1a: Rotom-Wash|257\/304
|
|-heal|p2a: Starmie|324\/324|[from] item: Leftovers
|-heal|p1a: Rotom-Wash|276\/304|[from] item: Leftovers
|turn|55
|
|move|p2a: Starmie|Reflect Type|p1a: Rotom-Wash
|-start|p2a: Starmie|typechange|[from] move: Reflect Type|[of] p1a: Rotom-Wash
|move|p1a: Rotom-Wash|Volt Switch|p2a: Starmie
|-damage|p2a: Starmie|221\/324
|
|switch|p1a: Gothitelle|Gothitelle, F|97\/302
|
|-heal|p2a: Starmie|241\/324|[from] item: Leftovers
|turn|56
|
|move|p1a: Gothitelle|Psychic|p2a: Starmie
|-damage|p2a: Starmie|103\/324
|move|p2a: Starmie|Scald|p1a: Gothitelle
|-damage|p1a: Gothitelle|15\/302
|
|-heal|p2a: Starmie|123\/324|[from] item: Leftovers
|turn|57
|
|move|p1a: Gothitelle|Psychic|p2a: Starmie
|-damage|p2a: Starmie|0 fnt
|faint|p2a: Starmie
|
|
|switch|p2a: Sableye|Sableye-Mega, M|175\/303
|-damage|p2a: Sableye|138\/303|[from] Stealth Rock
|turn|58
|
|switch|p1a: Clefable|Clefable, F|338\/394 tox
|move|p2a: Sableye|Recover|p2a: Sableye
|-heal|p2a: Sableye|290\/303
|
|turn|59
|
|switch|p2a: Landorus|Landorus, M|319\/319
|-damage|p2a: Landorus|280\/319|[from] Stealth Rock
|move|p1a: Clefable|Moonblast|p2a: Landorus
|-damage|p2a: Landorus|144\/319
|-unboost|p2a: Landorus|spa|1
|
|turn|60
|c|âRestePaisible|lol of course
|
|switch|p2a: Clefable|Clefable, F|314\/394
|-damage|p2a: Clefable|265\/394|[from] Stealth Rock
|move|p1a: Clefable|Moonblast|p2a: Clefable
|-damage|p2a: Clefable|141\/394
|
|-heal|p2a: Clefable|165\/394|[from] item: Leftovers
|turn|61
|
|switch|p1a: Gothitelle|Gothitelle, F|15\/302
|move|p2a: Clefable|Wish|p2a: Clefable
|
|-heal|p2a: Clefable|189\/394|[from] item: Leftovers
|turn|62
|
|move|p1a: Gothitelle|Trick|p2a: Clefable
|-activate|p1a: Gothitelle|move: Trick|[of] p2a: Clefable
|-item|p2a: Clefable|Choice Scarf|[from] move: Trick
|-item|p1a: Gothitelle|Leftovers|[from] move: Trick
|move|p2a: Clefable|Toxic|p1a: Gothitelle
|-status|p1a: Gothitelle|tox
|
|-heal|p2a: Clefable|386\/394|[from] move: Wish|[wisher] Clefable
|-heal|p1a: Gothitelle|33\/302 tox|[from] item: Leftovers
|-damage|p1a: Gothitelle|15\/302 tox|[from] psn
|turn|63
|
|move|p1a: Gothitelle|Rest|p1a: Gothitelle
|-status|p1a: Gothitelle|slp
|-heal|p1a: Gothitelle|302\/302 slp|[silent]
|-status|p1a: Gothitelle|slp|[from] move: Rest
|move|p2a: Clefable|Toxic|p1a: Gothitelle|[miss]
|-miss|p2a: Clefable|p1a: Gothitelle
|
|turn|64
|-message|RestePaisible forfeited.
|
|win|Appreciation
|raw|Ladder updating...
|leave|RestePaisible
|player|p2
|raw|Appreciation's rating: 1616 &rarr; <strong>1638<\/strong><br \/>(+22 for winning)
|raw|RestePaisible's rating: 1651 &rarr; <strong>1629<\/strong><br \/>(-22 for losing)