|join|shiftychallengealt
|join|Appreciation
|player|p1|shiftychallengealt|2
|player|p2|Appreciation|68
|gametype|singles
|gen|6
|tier|OU
|rated
|clearpoke
|poke|p1|Tyranitar, F
|poke|p1|Charizard, M
|poke|p1|Ferrothorn, M
|poke|p1|Mew
|poke|p1|Excadrill, F
|poke|p1|Keldeo
|poke|p2|Charizard, M
|poke|p2|Mew
|poke|p2|Rotom-Wash
|poke|p2|Azumarill, M
|poke|p2|Clefable, F
|poke|p2|Gothitelle, F
|rule|Swagger Clause: Swagger is banned
|rule|Baton Pass Clause: Limit one PokÃ©mon knowing Baton Pass
|rule|Sleep Clause Mod: Limit one foe put to sleep
|rule|Species Clause: Limit one of each PokÃ©mon
|rule|OHKO Clause: OHKO moves are banned
|rule|Moody Clause: Moody is banned
|rule|Evasion Moves Clause: Evasion moves are banned
|rule|Endless Battle Clause: Forcing endless battles is banned
|rule|HP Percentage Mod: HP is shown in percentages
|teampreview
|
|start
|switch|p1a: Tyranitar|Tyranitar, F|403\/403
|switch|p2a: Charizard|Charizard, M|359\/359
|-weather|Sandstorm
|turn|1
|
|detailschange|p2a: Charizard|Charizard-Mega-X, M
|-mega|p2a: Charizard|Charizard|Charizardite X
|move|p2a: Charizard|Will-O-Wisp|p1a: Tyranitar
|-status|p1a: Tyranitar|brn
|move|p1a: Tyranitar|Stone Edge|p2a: Charizard
|-supereffective|p2a: Charizard
|-damage|p2a: Charizard|219\/359
|
|-weather|Sandstorm|[upkeep]
|-damage|p2a: Charizard|197\/359|[from] sandstorm
|-damage|p1a: Tyranitar|353\/403 brn|[from] brn
|turn|2
|
|move|p2a: Charizard|Roost|p2a: Charizard
|-heal|p2a: Charizard|359\/359
|move|p1a: Tyranitar|Stone Edge|p2a: Charizard
|-supereffective|p2a: Charizard
|-damage|p2a: Charizard|213\/359
|
|-weather|Sandstorm|[upkeep]
|-damage|p2a: Charizard|191\/359|[from] sandstorm
|-damage|p1a: Tyranitar|303\/403 brn|[from] brn
|turn|3
|
|switch|p1a: Excadrill|Excadrill, F|361\/361
|move|p2a: Charizard|Roost|p2a: Charizard
|-heal|p2a: Charizard|359\/359
|
|-weather|Sandstorm|[upkeep]
|-damage|p2a: Charizard|337\/359|[from] sandstorm
|turn|4
|
|switch|p2a: Rotom-Wash|Rotom-Wash|304\/304
|move|p1a: Excadrill|Earthquake|p2a: Rotom-Wash
|-immune|p2a: Rotom-Wash|[msg]
|
|-weather|Sandstorm|[upkeep]
|-damage|p2a: Rotom-Wash|285\/304|[from] sandstorm
|-heal|p2a: Rotom-Wash|304\/304|[from] item: Leftovers
|turn|5
|
|switch|p1a: Ferrothorn|Ferrothorn, M|351\/351
|move|p2a: Rotom-Wash|Volt Switch|p1a: Ferrothorn
|-crit|p1a: Ferrothorn
|-resisted|p1a: Ferrothorn
|-damage|p1a: Ferrothorn|291\/351
|
|switch|p2a: Gothitelle|Gothitelle, F|302\/302
|
|-weather|Sandstorm|[upkeep]
|-damage|p2a: Gothitelle|284\/302|[from] sandstorm
|turn|6
|
|move|p2a: Gothitelle|Trick|p1a: Ferrothorn
|-activate|p2a: Gothitelle|move: Trick|[of] p1a: Ferrothorn
|-item|p1a: Ferrothorn|Choice Scarf|[from] move: Trick
|-item|p2a: Gothitelle|Rocky Helmet|[from] move: Trick
|move|p1a: Ferrothorn|Stealth Rock|p2a: Gothitelle
|-sidestart|p2: Appreciation|move: Stealth Rock
|
|-weather|Sandstorm|[upkeep]
|-damage|p2a: Gothitelle|266\/302|[from] sandstorm
|turn|7
|
|move|p2a: Gothitelle|Calm Mind|p2a: Gothitelle
|-boost|p2a: Gothitelle|spa|1
|-boost|p2a: Gothitelle|spd|1
|move|p1a: Ferrothorn|Stealth Rock|p2a: Gothitelle
|-fail|p2a: Gothitelle
|
|-weather|Sandstorm|[upkeep]
|-damage|p2a: Gothitelle|248\/302|[from] sandstorm
|turn|8
|
|move|p2a: Gothitelle|Calm Mind|p2a: Gothitelle
|-boost|p2a: Gothitelle|spa|1
|-boost|p2a: Gothitelle|spd|1
|move|p1a: Ferrothorn|Stealth Rock|p2a: Gothitelle
|-fail|p2a: Gothitelle
|
|-weather|none
|turn|9
|
|move|p2a: Gothitelle|Rest|p2a: Gothitelle
|-status|p2a: Gothitelle|slp
|-heal|p2a: Gothitelle|302\/302 slp|[silent]
|-status|p2a: Gothitelle|slp|[from] move: Rest
|move|p1a: Ferrothorn|Stealth Rock|p2a: Gothitelle
|-fail|p2a: Gothitelle
|
|turn|10
|
|cant|p2a: Gothitelle|slp
|move|p1a: Ferrothorn|Stealth Rock|p2a: Gothitelle
|-fail|p2a: Gothitelle
|
|turn|11
|
|cant|p2a: Gothitelle|slp
|move|p1a: Ferrothorn|Stealth Rock|p2a: Gothitelle
|-fail|p2a: Gothitelle
|
|turn|12
|
|-curestatus|p2a: Gothitelle|slp
|move|p2a: Gothitelle|Calm Mind|p2a: Gothitelle
|-boost|p2a: Gothitelle|spa|1
|-boost|p2a: Gothitelle|spd|1
|move|p1a: Ferrothorn|Stealth Rock|p2a: Gothitelle
|-fail|p2a: Gothitelle
|
|turn|13
|
|move|p2a: Gothitelle|Calm Mind|p2a: Gothitelle
|-boost|p2a: Gothitelle|spa|1
|-boost|p2a: Gothitelle|spd|1
|move|p1a: Ferrothorn|Stealth Rock|p2a: Gothitelle
|-fail|p2a: Gothitelle
|
|turn|14
|
|move|p2a: Gothitelle|Calm Mind|p2a: Gothitelle
|-boost|p2a: Gothitelle|spa|1
|-boost|p2a: Gothitelle|spd|1
|move|p1a: Ferrothorn|Stealth Rock|p2a: Gothitelle
|-fail|p2a: Gothitelle
|
|turn|15
|
|move|p2a: Gothitelle|Calm Mind|p2a: Gothitelle
|-boost|p2a: Gothitelle|spa|1
|-boost|p2a: Gothitelle|spd|1
|move|p1a: Ferrothorn|Stealth Rock|p2a: Gothitelle
|-fail|p2a: Gothitelle
|
|turn|16
|
|move|p2a: Gothitelle|Calm Mind|p2a: Gothitelle
|-fail|p2a: Gothitelle
|move|p1a: Ferrothorn|Stealth Rock|p2a: Gothitelle
|-fail|p2a: Gothitelle
|
|turn|17
|
|move|p2a: Gothitelle|Calm Mind|p2a: Gothitelle
|-fail|p2a: Gothitelle
|move|p1a: Ferrothorn|Stealth Rock|p2a: Gothitelle
|-fail|p2a: Gothitelle
|
|turn|18
|
|move|p2a: Gothitelle|Calm Mind|p2a: Gothitelle
|-fail|p2a: Gothitelle
|move|p1a: Ferrothorn|Stealth Rock|p2a: Gothitelle
|-fail|p2a: Gothitelle
|
|turn|19
|
|move|p2a: Gothitelle|Psychic|p1a: Ferrothorn
|-resisted|p1a: Ferrothorn
|-damage|p1a: Ferrothorn|95\/351
|move|p1a: Ferrothorn|Stealth Rock|p2a: Gothitelle
|-fail|p2a: Gothitelle
|
|turn|20
|
|move|p2a: Gothitelle|Trick|p1a: Ferrothorn
|-activate|p2a: Gothitelle|move: Trick|[of] p1a: Ferrothorn
|-item|p1a: Ferrothorn|Rocky Helmet|[from] move: Trick
|-item|p2a: Gothitelle|Choice Scarf|[from] move: Trick
|move|p1a: Ferrothorn|Stealth Rock|p2a: Gothitelle
|-fail|p2a: Gothitelle
|
|turn|21
|
|move|p2a: Gothitelle|Psychic|p1a: Ferrothorn
|-resisted|p1a: Ferrothorn
|-damage|p1a: Ferrothorn|0 fnt
|faint|p1a: Ferrothorn
|
|
|switch|p1a: Tyranitar|Tyranitar, F|303\/403 brn
|-weather|Sandstorm
|turn|22
|c|âshiftychallengealt|...
|c|âAppreciation|..
|
|switch|p2a: Azumarill|Azumarill, M|357\/357
|-damage|p2a: Azumarill|313\/357|[from] Stealth Rock
|move|p1a: Tyranitar|Crunch|p2a: Azumarill
|-resisted|p2a: Azumarill
|-damage|p2a: Azumarill|275\/357
|
|-weather|Sandstorm|[upkeep]
|-damage|p2a: Azumarill|253\/357|[from] sandstorm
|-damage|p1a: Tyranitar|253\/403 brn|[from] brn
|turn|23
|
|move|p2a: Azumarill|Play Rough|p1a: Tyranitar|[miss]
|-miss|p2a: Azumarill|p1a: Tyranitar
|move|p1a: Tyranitar|Stone Edge|p2a: Azumarill
|-damage|p2a: Azumarill|157\/357
|
|-weather|Sandstorm|[upkeep]
|-damage|p2a: Azumarill|135\/357|[from] sandstorm
|-damage|p1a: Tyranitar|203\/403 brn|[from] brn
|turn|24
|c|âAppreciation|rofl
|c|âAppreciation|so awful
|
|switch|p1a: Excadrill|Excadrill, F|361\/361
|move|p2a: Azumarill|Play Rough|p1a: Excadrill
|-resisted|p1a: Excadrill
|-damage|p1a: Excadrill|133\/361
|
|-weather|Sandstorm|[upkeep]
|-damage|p2a: Azumarill|113\/357|[from] sandstorm
|turn|25
|
|switch|p2a: Rotom-Wash|Rotom-Wash|304\/304
|-damage|p2a: Rotom-Wash|266\/304|[from] Stealth Rock
|move|p1a: Excadrill|Rock Slide|p2a: Rotom-Wash
|-crit|p2a: Rotom-Wash
|-damage|p2a: Rotom-Wash|131\/304
|-damage|p1a: Excadrill|97\/361|[from] item: Life Orb
|
|-weather|Sandstorm|[upkeep]
|-damage|p2a: Rotom-Wash|112\/304|[from] sandstorm
|-heal|p2a: Rotom-Wash|131\/304|[from] item: Leftovers
|turn|26
|c|âAppreciation|HAHAH
|c|âAppreciation|soo bad
|
|switch|p1a: Tyranitar|Tyranitar, F|203\/403 brn
|move|p2a: Rotom-Wash|Hydro Pump|p1a: Tyranitar
|-supereffective|p1a: Tyranitar
|-damage|p1a: Tyranitar|0 fnt
|faint|p1a: Tyranitar
|
|-weather|Sandstorm|[upkeep]
|-damage|p2a: Rotom-Wash|112\/304|[from] sandstorm
|-heal|p2a: Rotom-Wash|131\/304|[from] item: Leftovers
|
|switch|p1a: Charizard|Charizard, M|297\/297
|turn|27
|
|detailschange|p1a: Charizard|Charizard-Mega-Y, M
|-mega|p1a: Charizard|Charizard|Charizardite Y
|-weather|SunnyDay
|move|p1a: Charizard|Solar Beam|p2a: Rotom-Wash|[still]
|-prepare|p1a: Charizard|Solar Beam|p2a: Rotom-Wash
|-anim|p1a: Charizard|Solar Beam|p2a: Rotom-Wash
|-supereffective|p2a: Rotom-Wash
|-damage|p2a: Rotom-Wash|0 fnt
|faint|p2a: Rotom-Wash
|
|-weather|SunnyDay|[upkeep]
|
|switch|p2a: Charizard|Charizard-Mega-X, M|337\/359
|-damage|p2a: Charizard|248\/359|[from] Stealth Rock
|turn|28
|
|move|p1a: Charizard|Focus Blast|p2a: Charizard
|-crit|p2a: Charizard
|-damage|p2a: Charizard|16\/359
|move|p2a: Charizard|Dragon Claw|p1a: Charizard
|-damage|p1a: Charizard|102\/297
|
|-weather|SunnyDay|[upkeep]
|turn|29
|c|âAppreciation|youre
|c|âAppreciation|so so awful
|c|âAppreciation|omg
|c|âAppreciation|kill yourself
|c|âshiftychallengealt|k
|c|âAppreciation|so awful haha
|c|âshiftychallengealt|k
|
|move|p1a: Charizard|Flamethrower|p2a: Charizard
|-resisted|p2a: Charizard
|-damage|p2a: Charizard|0 fnt
|faint|p2a: Charizard
|
|-weather|SunnyDay|[upkeep]
|
|switch|p2a: Gothitelle|Gothitelle, F|302\/302
|-damage|p2a: Gothitelle|265\/302|[from] Stealth Rock
|turn|30
|
|move|p2a: Gothitelle|Psychic|p1a: Charizard
|-damage|p1a: Charizard|0 fnt
|faint|p1a: Charizard
|
|-weather|SunnyDay|[upkeep]
|
|switch|p1a: Mew|Mew|404\/404
|turn|31
|
|switch|p2a: Clefable|Clefable, F|394\/394
|move|p1a: Mew|Knock Off|p2a: Clefable
|-resisted|p2a: Clefable
|-damage|p2a: Clefable|355\/394
|-enditem|p2a: Clefable|Leftovers|[from] move: Knock Off|[of] p1a: Mew
|
|-weather|none
|turn|32
|
|move|p1a: Mew|Taunt|p2a: Clefable
|-start|p2a: Clefable|move: Taunt
|move|p2a: Clefable|Moonblast|p1a: Mew
|-damage|p1a: Mew|325\/404
|
|-heal|p1a: Mew|350\/404|[from] item: Leftovers
|turn|33
|
|move|p1a: Mew|Knock Off|p2a: Clefable
|-resisted|p2a: Clefable
|-damage|p2a: Clefable|326\/394
|move|p2a: Clefable|Moonblast|p1a: Mew
|-damage|p1a: Mew|268\/404
|
|-heal|p1a: Mew|293\/404|[from] item: Leftovers
|turn|34
|
|switch|p1a: Excadrill|Excadrill, F|97\/361
|switch|p2a: Azumarill|Azumarill, M|113\/357
|-damage|p2a: Azumarill|69\/357|[from] Stealth Rock
|
|turn|35
|
|switch|p1a: Keldeo|Keldeo|323\/323
|move|p2a: Azumarill|Aqua Jet|p1a: Keldeo
|-resisted|p1a: Keldeo
|-damage|p1a: Keldeo|239\/323
|
|turn|36
|
|switch|p2a: Mew|Mew|404\/404
|-damage|p2a: Mew|354\/404|[from] Stealth Rock
|move|p1a: Keldeo|Hydro Pump|p2a: Mew|[miss]
|-miss|p1a: Keldeo|p2a: Mew
|
|-heal|p2a: Mew|379\/404|[from] item: Leftovers
|turn|37
|
|switch|p1a: Mew|Mew|293\/404
|move|p2a: Mew|Defog|p1a: Mew
|-unboost|p1a: Mew|evasion|1
|-sideend|p2: Appreciation|Stealth Rock|[from] move: Defog|[of] p2a: Mew
|
|-heal|p2a: Mew|404\/404|[from] item: Leftovers
|-heal|p1a: Mew|318\/404|[from] item: Leftovers
|turn|38
|
|switch|p2a: Clefable|Clefable, F|326\/394
|move|p1a: Mew|Knock Off|p2a: Clefable
|-resisted|p2a: Clefable
|-damage|p2a: Clefable|300\/394
|
|-heal|p1a: Mew|343\/404|[from] item: Leftovers
|turn|39
|
|switch|p2a: Azumarill|Azumarill, M|69\/357
|move|p1a: Mew|Taunt|p2a: Azumarill
|-start|p2a: Azumarill|move: Taunt
|
|-heal|p1a: Mew|368\/404|[from] item: Leftovers
|turn|40
|
|switch|p2a: Gothitelle|Gothitelle, F|265\/302
|move|p1a: Mew|Will-O-Wisp|p2a: Gothitelle
|-status|p2a: Gothitelle|brn
|
|-heal|p1a: Mew|393\/404|[from] item: Leftovers
|-damage|p2a: Gothitelle|228\/302 brn|[from] brn
|turn|41
|
|move|p2a: Gothitelle|Trick|p1a: Mew
|-activate|p2a: Gothitelle|move: Trick|[of] p1a: Mew
|-item|p1a: Mew|Choice Scarf|[from] move: Trick
|-item|p2a: Gothitelle|Leftovers|[from] move: Trick
|move|p1a: Mew|Knock Off|p2a: Gothitelle
|-supereffective|p2a: Gothitelle
|-damage|p2a: Gothitelle|58\/302 brn
|-enditem|p2a: Gothitelle|Leftovers|[from] move: Knock Off|[of] p1a: Mew
|
|-damage|p2a: Gothitelle|21\/302 brn|[from] brn
|turn|42
|
|move|p1a: Mew|Knock Off|p2a: Gothitelle
|-supereffective|p2a: Gothitelle
|-damage|p2a: Gothitelle|0 fnt
|faint|p2a: Gothitelle
|
|
|switch|p2a: Clefable|Clefable, F|300\/394
|turn|43
|
|switch|p1a: Keldeo|Keldeo|239\/323
|move|p2a: Clefable|Fire Blast|p1a: Keldeo
|-resisted|p1a: Keldeo
|-damage|p1a: Keldeo|192\/323
|
|turn|44
|
|switch|p2a: Mew|Mew|404\/404
|move|p1a: Keldeo|Hydro Pump|p2a: Mew
|-damage|p2a: Mew|197\/404
|
|-heal|p2a: Mew|222\/404|[from] item: Leftovers
|turn|45
|
|move|p1a: Keldeo|Hydro Pump|p2a: Mew
|-damage|p2a: Mew|23\/404
|move|p2a: Mew|Soft-Boiled|p2a: Mew
|-heal|p2a: Mew|225\/404
|
|-heal|p2a: Mew|250\/404|[from] item: Leftovers
|turn|46
|
|switch|p1a: Mew|Mew|393\/404
|move|p2a: Mew|Soft-Boiled|p2a: Mew
|-heal|p2a: Mew|404\/404
|
|turn|47
|
|switch|p1a: Excadrill|Excadrill, F|97\/361
|switch|p2a: Clefable|Clefable, F|300\/394
|
|turn|48
|
|move|p1a: Excadrill|Iron Head|p2a: Clefable
|-supereffective|p2a: Clefable
|-damage|p2a: Clefable|0 fnt
|-damage|p1a: Excadrill|61\/361|[from] item: Life Orb
|faint|p2a: Clefable
|
|
|switch|p2a: Azumarill|Azumarill, M|69\/357
|turn|49
|
|switch|p1a: Mew|Mew|393\/404
|move|p2a: Azumarill|Aqua Jet|p1a: Mew
|-damage|p1a: Mew|272\/404
|
|turn|50
|
|switch|p2a: Mew|Mew|404\/404
|move|p1a: Mew|Knock Off|p2a: Mew
|-supereffective|p2a: Mew
|-damage|p2a: Mew|276\/404
|-enditem|p2a: Mew|Leftovers|[from] move: Knock Off|[of] p1a: Mew
|
|turn|51
|
|switch|p1a: Keldeo|Keldeo|192\/323
|move|p2a: Mew|Soft-Boiled|p2a: Mew
|-heal|p2a: Mew|404\/404
|
|turn|52
|
|move|p1a: Keldeo|Scald|p2a: Mew
|-damage|p2a: Mew|257\/404
|move|p2a: Mew|Will-O-Wisp|p1a: Keldeo
|-status|p1a: Keldeo|brn
|
|-damage|p1a: Keldeo|152\/323 brn|[from] brn
|turn|53
|
|move|p1a: Keldeo|Scald|p2a: Mew
|-damage|p2a: Mew|125\/404
|move|p2a: Mew|Soft-Boiled|p2a: Mew
|-heal|p2a: Mew|327\/404
|
|-damage|p1a: Keldeo|112\/323 brn|[from] brn
|turn|54
|
|move|p1a: Keldeo|Scald|p2a: Mew
|-damage|p2a: Mew|192\/404
|move|p2a: Mew|Soft-Boiled|p2a: Mew
|-heal|p2a: Mew|394\/404
|
|-damage|p1a: Keldeo|72\/323 brn|[from] brn
|turn|55
|
|move|p1a: Keldeo|Scald|p2a: Mew
|-damage|p2a: Mew|247\/404
|move|p2a: Mew|Soft-Boiled|p2a: Mew
|-heal|p2a: Mew|404\/404
|
|-damage|p1a: Keldeo|32\/323 brn|[from] brn
|turn|56
|
|move|p1a: Keldeo|Scald|p2a: Mew
|-damage|p2a: Mew|266\/404
|move|p2a: Mew|Soft-Boiled|p2a: Mew
|-heal|p2a: Mew|404\/404
|
|-damage|p1a: Keldeo|0 fnt|[from] brn
|faint|p1a: Keldeo
|
|switch|p1a: Excadrill|Excadrill, F|61\/361
|turn|57
|
|move|p1a: Excadrill|Earthquake|p2a: Mew
|-damage|p2a: Mew|184\/404
|-damage|p1a: Excadrill|25\/361|[from] item: Life Orb
|move|p2a: Mew|Will-O-Wisp|p1a: Excadrill
|-status|p1a: Excadrill|brn
|
|-damage|p1a: Excadrill|0 fnt|[from] brn
|faint|p1a: Excadrill
|
|switch|p1a: Mew|Mew|272\/404
|turn|58
|
|move|p1a: Mew|Knock Off|p2a: Mew
|-supereffective|p2a: Mew
|-damage|p2a: Mew|104\/404
|move|p2a: Mew|Soft-Boiled|p2a: Mew
|-heal|p2a: Mew|306\/404
|
|turn|59
|-message|shiftychallengealt forfeited.
|
|win|Appreciation
|raw|Ladder updating...
|leave|shiftychallengealt
|player|p1
|raw|shiftychallengealt's rating: 1611 &rarr; <strong>1589<\/strong><br \/>(-22 for losing)
|raw|Appreciation's rating: 1575 &rarr; <strong>1597<\/strong><br \/>(+22 for winning)