|join|Appreciation
|join|Kyokushinkai
|player|p1|Appreciation|68
|player|p2|Kyokushinkai|32
|gametype|singles
|gen|6
|tier|OU
|rated
|clearpoke
|poke|p1|Beedrill, M
|poke|p1|Latios, M
|poke|p1|Keldeo
|poke|p1|Landorus-Therian, M
|poke|p1|Excadrill, F
|poke|p1|Tyranitar, M
|poke|p2|Dragonite, M
|poke|p2|Umbreon, M
|poke|p2|Weezing, M
|poke|p2|Scizor, F
|poke|p2|Thundurus-Therian, M
|poke|p2|Gyarados, F
|rule|Swagger Clause: Swagger is banned
|rule|Baton Pass Clause: Limit one PokÃ©mon knowing Baton Pass
|rule|Sleep Clause Mod: Limit one foe put to sleep
|rule|Species Clause: Limit one of each PokÃ©mon
|rule|OHKO Clause: OHKO moves are banned
|rule|Moody Clause: Moody is banned
|rule|Evasion Moves Clause: Evasion moves are banned
|rule|Endless Battle Clause: Forcing endless battles is banned
|rule|HP Percentage Mod: HP is shown in percentages
|teampreview
|
|start
|switch|p1a: Beedrill|Beedrill, M|272\/272
|switch|p2a: Gyarados|Gyarados, F|331\/331
|-ability|p2a: Gyarados|Intimidate|[of] p1a: Beedrill
|-unboost|p1a: Beedrill|atk|1
|turn|1
|
|detailschange|p1a: Beedrill|Beedrill-Mega, M
|-mega|p1a: Beedrill|Beedrill|Beedrillite
|move|p2a: Gyarados|Dragon Dance|p2a: Gyarados
|-boost|p2a: Gyarados|atk|1
|-boost|p2a: Gyarados|spe|1
|move|p1a: Beedrill|U-turn|p2a: Gyarados
|-resisted|p2a: Gyarados
|-damage|p2a: Gyarados|244\/331
|
|switch|p1a: Tyranitar|Tyranitar, M|403\/403
|-weather|Sandstorm
|
|-weather|Sandstorm|[upkeep]
|-damage|p2a: Gyarados|224\/331|[from] sandstorm
|-heal|p2a: Gyarados|244\/331|[from] item: Leftovers
|turn|2
|
|move|p2a: Gyarados|Substitute|p2a: Gyarados
|-start|p2a: Gyarados|Substitute
|-damage|p2a: Gyarados|162\/331
|move|p1a: Tyranitar|Crunch|p2a: Gyarados
|-end|p2a: Gyarados|Substitute
|
|-weather|Sandstorm|[upkeep]
|-damage|p2a: Gyarados|142\/331|[from] sandstorm
|-heal|p2a: Gyarados|162\/331|[from] item: Leftovers
|turn|3
|
|move|p2a: Gyarados|Waterfall|p1a: Tyranitar
|-supereffective|p1a: Tyranitar
|-damage|p1a: Tyranitar|0 fnt
|faint|p1a: Tyranitar
|
|-weather|Sandstorm|[upkeep]
|-damage|p2a: Gyarados|142\/331|[from] sandstorm
|-heal|p2a: Gyarados|162\/331|[from] item: Leftovers
|
|switch|p1a: Excadrill|Excadrill, F|361\/361
|turn|4
|
|move|p1a: Excadrill|Rock Slide|p2a: Gyarados
|-supereffective|p2a: Gyarados
|-damage|p2a: Gyarados|0 fnt
|-damage|p1a: Excadrill|325\/361|[from] item: Life Orb
|faint|p2a: Gyarados
|
|-weather|Sandstorm|[upkeep]
|
|switch|p2a: Weezing|Weezing, M|334\/334
|turn|5
|
|switch|p1a: Latios|Latios, M|301\/301
|move|p2a: Weezing|Will-O-Wisp|p1a: Latios
|-status|p1a: Latios|brn
|
|-weather|none
|-damage|p1a: Latios|264\/301 brn|[from] brn
|turn|6
|
|switch|p2a: Umbreon|Umbreon, M|394\/394
|move|p1a: Latios|Psyshock|p2a: Umbreon
|-immune|p2a: Umbreon|[msg]
|
|-damage|p1a: Latios|227\/301 brn|[from] brn
|turn|7
|
|switch|p1a: Landorus-Therian|Landorus-Therian, M|319\/319
|-ability|p1a: Landorus-Therian|Intimidate|[of] p2a: Umbreon
|-unboost|p2a: Umbreon|atk|1
|move|p2a: Umbreon|Foul Play|p1a: Landorus-Therian
|-damage|p1a: Landorus-Therian|126\/319
|
|turn|8
|
|move|p1a: Landorus-Therian|Stealth Rock|p2a: Umbreon
|-sidestart|p2: Kyokushinkai|move: Stealth Rock
|move|p2a: Umbreon|Foul Play|p1a: Landorus-Therian
|-damage|p1a: Landorus-Therian|0 fnt
|faint|p1a: Landorus-Therian
|
|
|switch|p1a: Beedrill|Beedrill-Mega, M|272\/272
|turn|9
|
|move|p2a: Umbreon|Protect|p2a: Umbreon
|-singleturn|p2a: Umbreon|Protect
|move|p1a: Beedrill|U-turn|p2a: Umbreon
|-activate|p2a: Umbreon|Protect
|
|turn|10
|
|switch|p2a: Weezing|Weezing, M|334\/334
|-damage|p2a: Weezing|293\/334|[from] Stealth Rock
|move|p1a: Beedrill|U-turn|p2a: Weezing
|-resisted|p2a: Weezing
|-damage|p2a: Weezing|224\/334
|
|switch|p1a: Latios|Latios, M|227\/301 brn
|
|-heal|p2a: Weezing|244\/334|[from] item: Black Sludge
|-damage|p1a: Latios|190\/301 brn|[from] brn
|turn|11
|
|switch|p2a: Umbreon|Umbreon, M|394\/394
|-damage|p2a: Umbreon|345\/394|[from] Stealth Rock
|move|p1a: Latios|Psyshock|p2a: Umbreon
|-immune|p2a: Umbreon|[msg]
|
|-heal|p2a: Umbreon|369\/394|[from] item: Leftovers
|-damage|p1a: Latios|153\/301 brn|[from] brn
|turn|12
|
|switch|p1a: Keldeo|Keldeo|323\/323
|move|p2a: Umbreon|Foul Play|p1a: Keldeo
|-resisted|p1a: Keldeo
|-damage|p1a: Keldeo|278\/323
|-boost|p1a: Keldeo|atk|1|[from] ability: Justified
|
|-heal|p2a: Umbreon|393\/394|[from] item: Leftovers
|turn|13
|
|switch|p2a: Thundurus-Therian|Thundurus-Therian, M|319\/319
|-damage|p2a: Thundurus-Therian|240\/319|[from] Stealth Rock
|move|p1a: Keldeo|Scald|p2a: Thundurus-Therian
|-damage|p2a: Thundurus-Therian|93\/319
|-status|p2a: Thundurus-Therian|brn
|
|-damage|p2a: Thundurus-Therian|54\/319 brn|[from] brn
|turn|14
|
|switch|p1a: Latios|Latios, M|153\/301 brn
|move|p2a: Thundurus-Therian|Thunderbolt|p1a: Latios
|-resisted|p1a: Latios
|-damage|p1a: Latios|58\/301 brn
|-damage|p2a: Thundurus-Therian|23\/319 brn|[from] item: Life Orb
|
|-damage|p1a: Latios|21\/301 brn|[from] brn
|-damage|p2a: Thundurus-Therian|0 fnt|[from] brn
|faint|p2a: Thundurus-Therian
|
|switch|p2a: Scizor|Scizor, F|282\/282
|-damage|p2a: Scizor|247\/282|[from] Stealth Rock
|turn|15
|
|detailschange|p2a: Scizor|Scizor-Mega, F
|-mega|p2a: Scizor|Scizor|Scizorite
|move|p2a: Scizor|Bullet Punch|p1a: Latios
|-damage|p1a: Latios|0 fnt
|faint|p1a: Latios
|
|
|switch|p1a: Keldeo|Keldeo|278\/323
|turn|16
|
|move|p1a: Keldeo|Scald|p2a: Scizor
|-damage|p2a: Scizor|109\/282
|move|p2a: Scizor|U-turn|p1a: Keldeo
|-resisted|p1a: Keldeo
|-damage|p1a: Keldeo|201\/323
|
|switch|p2a: Umbreon|Umbreon, M|393\/394
|-damage|p2a: Umbreon|344\/394|[from] Stealth Rock
|
|-heal|p2a: Umbreon|368\/394|[from] item: Leftovers
|turn|17
|
|move|p1a: Keldeo|Secret Sword|p2a: Umbreon
|-supereffective|p2a: Umbreon
|-damage|p2a: Umbreon|20\/394
|move|p2a: Umbreon|Wish|p2a: Umbreon
|
|-heal|p2a: Umbreon|44\/394|[from] item: Leftovers
|turn|18
|
|switch|p2a: Weezing|Weezing, M|244\/334
|-damage|p2a: Weezing|203\/334|[from] Stealth Rock
|move|p1a: Keldeo|Icy Wind|p2a: Weezing
|-damage|p2a: Weezing|109\/334
|-unboost|p2a: Weezing|spe|1
|
|-heal|p2a: Weezing|306\/334|[from] move: Wish|[wisher] Umbreon
|-heal|p2a: Weezing|326\/334|[from] item: Black Sludge
|turn|19
|
|move|p1a: Keldeo|Hydro Pump|p2a: Weezing
|-damage|p2a: Weezing|70\/334
|move|p2a: Weezing|Will-O-Wisp|p1a: Keldeo
|-status|p1a: Keldeo|brn
|
|-heal|p2a: Weezing|90\/334|[from] item: Black Sludge
|-damage|p1a: Keldeo|161\/323 brn|[from] brn
|turn|20
|
|move|p1a: Keldeo|Scald|p2a: Weezing
|-damage|p2a: Weezing|0 fnt
|faint|p2a: Weezing
|
|-damage|p1a: Keldeo|121\/323 brn|[from] brn
|
|switch|p2a: Dragonite|Dragonite, M|324\/324
|-damage|p2a: Dragonite|243\/324|[from] Stealth Rock
|turn|21
|
|move|p2a: Dragonite|Extreme Speed|p1a: Keldeo
|-damage|p1a: Keldeo|7\/323 brn
|move|p1a: Keldeo|Icy Wind|p2a: Dragonite
|-supereffective|p2a: Dragonite
|-damage|p2a: Dragonite|0 fnt
|faint|p2a: Dragonite
|
|-damage|p1a: Keldeo|0 fnt|[from] brn
|faint|p1a: Keldeo
|
|switch|p1a: Excadrill|Excadrill, F|325\/361
|switch|p2a: Scizor|Scizor-Mega, F|109\/282
|-damage|p2a: Scizor|74\/282|[from] Stealth Rock
|turn|22
|
|move|p1a: Excadrill|Earthquake|p2a: Scizor
|-damage|p2a: Scizor|0 fnt
|-damage|p1a: Excadrill|289\/361|[from] item: Life Orb
|faint|p2a: Scizor
|
|c|âKyokushinkai|Fuck that Keldeo
|-message|Kyokushinkai forfeited.
|
|win|Appreciation
|raw|Ladder updating...
|leave|Kyokushinkai
|player|p2
|raw|Appreciation's rating: 1420 &rarr; <strong>1437<\/strong><br \/>(+17 for winning)
|raw|Kyokushinkai's rating: 1377 &rarr; <strong>1359<\/strong><br \/>(-18 for losing)