|join|noccliolinee
|join|99ProblemsMyELOis1
|join|Bonfinetor
|player|p1|noccliolinee|203
|player|p2|99ProblemsMyELOis1|102
|gametype|singles
|gen|6
|tier|OU
|rated
|clearpoke
|poke|p1|Sableye, M
|poke|p1|Keldeo
|poke|p1|Bisharp, M
|poke|p1|Skarmory, F
|poke|p1|Sylveon, F
|poke|p1|Heatran, M
|poke|p2|Tyranitar, F
|poke|p2|Reuniclus, M
|poke|p2|Ferrothorn, F
|poke|p2|Gastrodon, F
|poke|p2|Gliscor, F
|poke|p2|Altaria, M
|rule|Swagger Clause: Swagger is banned
|rule|Baton Pass Clause: Limit one PokÃ©mon knowing Baton Pass
|rule|Sleep Clause Mod: Limit one foe put to sleep
|rule|Species Clause: Limit one of each PokÃ©mon
|rule|OHKO Clause: OHKO moves are banned
|rule|Moody Clause: Moody is banned
|rule|Evasion Moves Clause: Evasion moves are banned
|rule|Endless Battle Clause: Forcing endless battles is banned
|rule|HP Percentage Mod: HP is shown in percentages
|teampreview
|c| Bonfinetor|Nice nick lol
|c|â99ProblemsMyELOis1|ty
|
|start
|switch|p1a: D2D|Sableye, M|304\/304
|switch|p2a: Altaria|Altaria, M|305\/305
|turn|1
|
|switch|p1a: Shield|Skarmory, F|334\/334
|detailschange|p2a: Altaria|Altaria-Mega, M
|-mega|p2a: Altaria|Altaria|Altarianite
|move|p2a: Altaria|Hyper Voice|p1a: Shield
|-resisted|p1a: Shield
|-damage|p1a: Shield|201\/334
|
|turn|2
|
|switch|p1a: Nachos|Heatran, M|323\/323
|move|p2a: Altaria|Fire Blast|p1a: Nachos
|-start|p1a: Nachos|ability: Flash Fire
|
|turn|3
|
|move|p1a: Nachos|Flash Cannon|p2a: Altaria
|-supereffective|p2a: Altaria
|-damage|p2a: Altaria|21\/305
|move|p2a: Altaria|Earthquake|p1a: Nachos
|-supereffective|p1a: Nachos
|-damage|p1a: Nachos|3\/323
|
|turn|4
|
|switch|p2a: Gastrodon|Gastrodon, F|426\/426
|move|p1a: Nachos|Flash Cannon|p2a: Gastrodon
|-resisted|p2a: Gastrodon
|-damage|p2a: Gastrodon|347\/426
|
|-heal|p2a: Gastrodon|373\/426|[from] item: Leftovers
|turn|5
|join|CleanerThanRotom-W
|c|ânoccliolinee|r1 joined
|
|switch|p1a: D2D|Sableye, M|304\/304
|move|p2a: Gastrodon|Toxic|p1a: D2D
|-status|p1a: D2D|tox
|
|-heal|p2a: Gastrodon|399\/426|[from] item: Leftovers
|-damage|p1a: D2D|285\/304 tox|[from] psn
|turn|6
|
|switch|p2a: Reuniclus|Reuniclus, M|424\/424
|detailschange|p1a: D2D|Sableye-Mega, M
|-mega|p1a: D2D|Sableye|Sablenite
|move|p1a: D2D|Will-O-Wisp|p2a: Reuniclus
|-status|p2a: Reuniclus|brn
|
|-damage|p1a: D2D|247\/304 tox|[from] psn
|turn|7
|
|switch|p1a: Jail|Bisharp, M|271\/271
|move|p2a: Reuniclus|Focus Blast|p1a: Jail
|-supereffective|p1a: Jail
|-damage|p1a: Jail|0 fnt
|faint|p1a: Jail
|
|
|switch|p1a: Bacon|Sylveon, F|394\/394
|turn|8
|
|switch|p2a: Ferrothorn|Ferrothorn, F|352\/352
|move|p1a: Bacon|Hyper Voice|p2a: Ferrothorn
|-resisted|p2a: Ferrothorn
|-damage|p2a: Ferrothorn|293\/352
|
|-heal|p2a: Ferrothorn|315\/352|[from] item: Leftovers
|turn|9
|
|move|p1a: Bacon|Heal Bell|p1a: Bacon
|-cureteam|p1a: Bacon|[from] move: HealBell
|move|p2a: Ferrothorn|Leech Seed|p1a: Bacon
|-start|p1a: Bacon|move: Leech Seed
|
|-heal|p2a: Ferrothorn|337\/352|[from] item: Leftovers
|-damage|p1a: Bacon|345\/394|[from] Leech Seed|[of] p2a: Ferrothorn
|-heal|p2a: Ferrothorn|352\/352|[silent]
|turn|10
|
|switch|p1a: D2D|Sableye-Mega, M|247\/304
|switch|p2a: Altaria|Altaria-Mega, M|21\/305
|
|turn|11
|
|switch|p1a: Bacon|Sylveon, F|345\/394
|move|p2a: Altaria|Roost|p2a: Altaria
|-heal|p2a: Altaria|174\/305
|
|-heal|p1a: Bacon|369\/394|[from] item: Leftovers
|turn|12
|
|switch|p2a: Ferrothorn|Ferrothorn, F|352\/352
|move|p1a: Bacon|Hyper Voice|p2a: Ferrothorn
|-resisted|p2a: Ferrothorn
|-damage|p2a: Ferrothorn|297\/352
|
|-heal|p1a: Bacon|393\/394|[from] item: Leftovers
|-heal|p2a: Ferrothorn|319\/352|[from] item: Leftovers
|turn|13
|
|switch|p1a: Call the police|Keldeo|322\/322
|move|p2a: Ferrothorn|Power Whip|p1a: Call the police
|-supereffective|p1a: Call the police
|-damage|p1a: Call the police|40\/322
|
|-heal|p2a: Ferrothorn|341\/352|[from] item: Leftovers
|turn|14
|leave|CleanerThanRotom-W
|
|switch|p2a: Gastrodon|Gastrodon, F|399\/426
|move|p1a: Call the police|Secret Sword|p2a: Gastrodon
|-damage|p2a: Gastrodon|226\/426
|-damage|p1a: Call the police|8\/322|[from] item: Life Orb
|
|-heal|p2a: Gastrodon|252\/426|[from] item: Leftovers
|turn|15
|
|switch|p1a: D2D|Sableye-Mega, M|247\/304
|move|p2a: Gastrodon|Recover|p2a: Gastrodon
|-heal|p2a: Gastrodon|426\/426
|
|turn|16
|
|switch|p2a: Altaria|Altaria-Mega, M|174\/305
|move|p1a: D2D|Shadow Ball|p2a: Altaria
|-damage|p2a: Altaria|96\/305
|
|turn|17
|
|switch|p1a: Nachos|Heatran, M|3\/323
|move|p2a: Altaria|Roost|p2a: Altaria
|-heal|p2a: Altaria|249\/305
|
|turn|18
|
|switch|p2a: Gastrodon|Gastrodon, F|426\/426
|move|p1a: Nachos|Flash Cannon|p2a: Gastrodon
|-resisted|p2a: Gastrodon
|-damage|p2a: Gastrodon|346\/426
|-unboost|p2a: Gastrodon|spd|1
|
|-heal|p2a: Gastrodon|372\/426|[from] item: Leftovers
|turn|19
|
|switch|p1a: D2D|Sableye-Mega, M|247\/304
|move|p2a: Gastrodon|Scald|p1a: D2D
|-damage|p1a: D2D|183\/304
|
|-heal|p2a: Gastrodon|398\/426|[from] item: Leftovers
|turn|20
|
|switch|p2a: Altaria|Altaria-Mega, M|249\/305
|move|p1a: D2D|Will-O-Wisp|p2a: Altaria|[miss]
|-miss|p1a: D2D|p2a: Altaria
|
|turn|21
|c| Bonfinetor|Unlucky boy
|
|switch|p1a: Bacon|Sylveon, F|393\/394
|move|p2a: Altaria|Hyper Voice|p1a: Bacon
|-damage|p1a: Bacon|230\/394
|
|-heal|p1a: Bacon|254\/394|[from] item: Leftovers
|turn|22
|
|switch|p2a: Ferrothorn|Ferrothorn, F|341\/352
|move|p1a: Bacon|Wish|p1a: Bacon
|
|-heal|p1a: Bacon|278\/394|[from] item: Leftovers
|-heal|p2a: Ferrothorn|352\/352|[from] item: Leftovers
|turn|23
|
|switch|p1a: D2D|Sableye-Mega, M|183\/304
|switch|p2a: Gliscor|Gliscor, F|352\/352
|
|-heal|p1a: D2D|304\/304|[from] move: Wish|[wisher] Bacon
|-status|p2a: Gliscor|tox|[from] item: Toxic Orb
|turn|24
|
|move|p2a: Gliscor|Swords Dance|p2a: Gliscor
|-boost|p2a: Gliscor|atk|2
|move|p1a: D2D|Calm Mind|p1a: D2D
|-boost|p1a: D2D|spa|1
|-boost|p1a: D2D|spd|1
|
|turn|25
|
|switch|p1a: Shield|Skarmory, F|201\/334
|move|p2a: Gliscor|Earthquake|p1a: Shield
|-immune|p1a: Shield|[msg]
|
|turn|26
|join|tbh js imo
|
|move|p2a: Gliscor|Knock Off|p1a: Shield
|-crit|p1a: Shield
|-damage|p1a: Shield|69\/334
|-damage|p2a: Gliscor|294\/352 tox|[from] item: Rocky Helmet|[of] p1a: Shield
|-enditem|p1a: Shield|Rocky Helmet|[from] move: Knock Off|[of] p2a: Gliscor
|move|p1a: Shield|Stealth Rock|p2a: Gliscor
|-sidestart|p2: 99ProblemsMyELOis1|move: Stealth Rock
|
|-heal|p2a: Gliscor|338\/352 tox|[from] ability: Poison Heal
|turn|27
|c| tbh js imo|nice
|
|move|p2a: Gliscor|Knock Off|p1a: Shield
|-damage|p1a: Shield|14\/334
|move|p1a: Shield|Roost|p1a: Shield
|-heal|p1a: Shield|181\/334
|
|-heal|p2a: Gliscor|352\/352 tox|[from] ability: Poison Heal
|turn|28
|
|move|p2a: Gliscor|Swords Dance|p2a: Gliscor
|-boost|p2a: Gliscor|atk|2
|move|p1a: Shield|Roost|p1a: Shield
|-heal|p1a: Shield|334\/334
|
|turn|29
|c| tbh js imo|sableye matchups suck
|c| tbh js imo|with this team
|c|ânoccliolinee|ok
|
|move|p2a: Gliscor|Knock Off|p1a: Shield
|-damage|p1a: Shield|254\/334
|move|p1a: Shield|Whirlwind|p2a: Gliscor
|drag|p2a: Ferrothorn|Ferrothorn, F|352\/352
|-damage|p2a: Ferrothorn|330\/352|[from] Stealth Rock
|
|-heal|p2a: Ferrothorn|352\/352|[from] item: Leftovers
|turn|30
|c|â99ProblemsMyELOis1|yh
|c| tbh js imo|i wanna try sd taunt
|c| tbh js imo|with no roost
|c| tbh js imo|but roost is kinda needed
|c| tbh js imo|sometimes
|c|â99ProblemsMyELOis1|yh it is
|join|MegaStarUniverse
|join|CleanerThanRotom-W
|
|switch|p1a: D2D|Sableye-Mega, M|304\/304
|switch|p2a: Altaria|Altaria-Mega, M|249\/305
|-damage|p2a: Altaria|211\/305|[from] Stealth Rock
|
|turn|31
|c| tbh js imo|cleaner how do u like my lordsquad? :]
|
|switch|p1a: Bacon|Sylveon, F|278\/394
|move|p2a: Altaria|Hyper Voice|p1a: Bacon
|-damage|p1a: Bacon|121\/394
|
|-heal|p1a: Bacon|145\/394|[from] item: Leftovers
|turn|32
|c| CleanerThanRotom-W|i just saw a big pile of garbage on ur side
|c| CleanerThanRotom-W|so ye
|c| MegaStarUniverse|the counter
|c| tbh js imo|LoL
|c| CleanerThanRotom-W|?
|c| tbh js imo|i mean
|c| MegaStarUniverse|lol
|c| tbh js imo|the team dark is using
|c| tbh js imo|rn
|
|move|p1a: Bacon|Protect|p1a: Bacon
|-singleturn|p1a: Bacon|Protect
|move|p2a: Altaria|Hyper Voice|p1a: Bacon
|-activate|p1a: Bacon|Protect
|
|-heal|p1a: Bacon|169\/394|[from] item: Leftovers
|turn|33
|c| CleanerThanRotom-W|as long as u didnt build it
|c| CleanerThanRotom-W|it looks fine
|c| tbh js imo|LOOOL
|c| CleanerThanRotom-W|:]
|c| tbh js imo|would you call it amazing
|c| tbh js imo|?
|c| tbh js imo|or
|c| tbh js imo|*innovative*
|c| CleanerThanRotom-W|idk ow good it is
|c| CleanerThanRotom-W|lol
|c| tbh js imo|*revilutionary*
|
|switch|p2a: Ferrothorn|Ferrothorn, F|352\/352
|-damage|p2a: Ferrothorn|330\/352|[from] Stealth Rock
|move|p1a: Bacon|Wish|p1a: Bacon
|
|-heal|p1a: Bacon|193\/394|[from] item: Leftovers
|-heal|p2a: Ferrothorn|352\/352|[from] item: Leftovers
|turn|34
|c| CleanerThanRotom-W|*how
|c| CleanerThanRotom-W|teambuildinglord cosine
|c| tbh js imo|;]
|c| CleanerThanRotom-W|pls make a vid bout dat dark
|
|move|p1a: Bacon|Protect|p1a: Bacon
|-singleturn|p1a: Bacon|Protect
|move|p2a: Ferrothorn|Gyro Ball|p1a: Bacon
|-activate|p1a: Bacon|Protect
|
|-heal|p1a: Bacon|390\/394|[from] move: Wish|[wisher] Bacon
|-heal|p1a: Bacon|394\/394|[from] item: Leftovers
|turn|35
|c| CleanerThanRotom-W|and literally call it
|c| tbh js imo|rofl
|c| CleanerThanRotom-W|"teambuildinglord cosine suggest!"
|c| tbh js imo|you sure just
|c| CleanerThanRotom-W|"tips from an expert"
|c| tbh js imo|make a montage of my teams getting 6-0ed by altaria
|c| tbh js imo|?
|
|switch|p1a: D2D|Sableye-Mega, M|304\/304
|move|p2a: Ferrothorn|Stealth Rock|p1a: D2D
|move|p1a: D2D|Stealth Rock|p2a: Ferrothorn|[from]Magic Bounce
|-fail|p2a: Ferrothorn
|
|turn|36
|c| CleanerThanRotom-W|"in depth view by a true pokemon master known as cosine180"
|
|switch|p2a: Reuniclus|Reuniclus, M|424\/424 brn
|move|p1a: D2D|Will-O-Wisp|p2a: Reuniclus
|-fail|p2a: Reuniclus|brn
|
|turn|37
|c| Bonfinetor|LOL
|
|switch|p2a: Gliscor|Gliscor, F|352\/352 tox
|-damage|p2a: Gliscor|308\/352 tox|[from] Stealth Rock
|move|p1a: D2D|Shadow Ball|p2a: Gliscor
|-damage|p2a: Gliscor|230\/352 tox
|
|-heal|p2a: Gliscor|274\/352 tox|[from] ability: Poison Heal
|turn|38
|c| CleanerThanRotom-W|why is reuniclus the sableye counter
|c| CleanerThanRotom-W|lol
|
|move|p2a: Gliscor|Swords Dance|p2a: Gliscor
|-boost|p2a: Gliscor|atk|2
|move|p1a: D2D|Shadow Ball|p2a: Gliscor
|-damage|p2a: Gliscor|201\/352 tox
|
|-heal|p2a: Gliscor|245\/352 tox|[from] ability: Poison Heal
|turn|39
|c|â99ProblemsMyELOis1|i made an uneccessary play and wasted a turn
|c| CleanerThanRotom-W|gg
|c|â99ProblemsMyELOis1|shh
|c| CleanerThanRotom-W|now sub and ur good
|
|switch|p1a: Shield|Skarmory, F|254\/334
|move|p2a: Gliscor|Earthquake|p1a: Shield
|-immune|p1a: Shield|[msg]
|
|-heal|p2a: Gliscor|289\/352 tox|[from] ability: Poison Heal
|turn|40
|c| CleanerThanRotom-W|thats not sub
|c| CleanerThanRotom-W|?
|c|â99ProblemsMyELOis1|?
|c| MegaStarUniverse|magnezone or heatran does not even beat sableye if it has some sp.def
|c| CleanerThanRotom-W|?
|c| tbh js imo|i have how this set doesnt break skarm
|
|move|p2a: Gliscor|Knock Off|p1a: Shield
|-damage|p1a: Shield|201\/334
|move|p1a: Shield|Whirlwind|p2a: Gliscor
|drag|p2a: Reuniclus|Reuniclus, M|424\/424 brn
|
|turn|41
|c| tbh js imo|specs eruptran does
|join|franci$co
|c| MegaStarUniverse|well duh lol
|c| CleanerThanRotom-W|cosine
|c| MegaStarUniverse|,
|c|â99ProblemsMyELOis1|rorfl
|
|switch|p1a: Bacon|Sylveon, F|394\/394
|move|p2a: Reuniclus|Focus Blast|p1a: Bacon|[miss]
|-miss|p2a: Reuniclus|p1a: Bacon
|
|turn|42
|c| CleanerThanRotom-W|did u build this team
|c| tbh js imo|MegaStarUniverse: magnezone or heatran does not even beat sableye if it has some sp.def
|c| tbh js imo|mayb
|c| tbh js imo|cleaner
|c| CleanerThanRotom-W|?
|c| tbh js imo|mayb not
|
|switch|p2a: Ferrothorn|Ferrothorn, F|352\/352
|-damage|p2a: Ferrothorn|330\/352|[from] Stealth Rock
|move|p1a: Bacon|Wish|p1a: Bacon
|
|-heal|p2a: Ferrothorn|352\/352|[from] item: Leftovers
|turn|43
|c| CleanerThanRotom-W|i wanna know cuz i have to clarify wether this team is garbage or not
|c| MegaStarUniverse|cosine im gonna use my calm 252 sp.def 252 hp sableye on you :]
|c| MegaStarUniverse|jk
|
|switch|p1a: Shield|Skarmory, F|201\/334
|move|p2a: Ferrothorn|Gyro Ball|p1a: Shield
|-resisted|p1a: Shield
|-damage|p1a: Shield|168\/334
|
|-heal|p1a: Shield|334\/334|[from] move: Wish|[wisher] Bacon
|turn|44
|c| tbh js imo|but ye dark that team needs a stallbreaker, its probably better for tours than for laddering
|
|switch|p1a: D2D|Sableye-Mega, M|304\/304
|move|p2a: Ferrothorn|Stealth Rock|p1a: D2D
|move|p1a: D2D|Stealth Rock|p2a: Ferrothorn|[from]Magic Bounce
|-fail|p2a: Ferrothorn
|
|turn|45
|c| CleanerThanRotom-W|cosine180 the tour playing master
|c|â99ProblemsMyELOis1|this is just going to end up being pp stall
|join|rikitempe d.a
|
|switch|p2a: Gliscor|Gliscor, F|289\/352 tox
|-damage|p2a: Gliscor|245\/352 tox|[from] Stealth Rock
|move|p1a: D2D|Shadow Ball|p2a: Gliscor
|-damage|p2a: Gliscor|167\/352 tox
|
|-heal|p2a: Gliscor|211\/352 tox|[from] ability: Poison Heal
|turn|46
|leave|rikitempe d.a
|c| MegaStarUniverse|just kill altaria
|c| MegaStarUniverse|and win
|c| MegaStarUniverse|,,
|c| tbh js imo|with?
|c| MegaStarUniverse|sableye
|
|move|p2a: Gliscor|Roost|p2a: Gliscor
|-heal|p2a: Gliscor|352\/352 tox
|move|p1a: D2D|Shadow Ball|p2a: Gliscor
|-damage|p2a: Gliscor|282\/352 tox
|
|-heal|p2a: Gliscor|326\/352 tox|[from] ability: Poison Heal
|turn|47
|c| CleanerThanRotom-W|the x button
|c| tbh js imo|gliscor is sd
|c| tbh js imo|u nerd
|c| MegaStarUniverse|hmm
|c| MegaStarUniverse|ok
|
|move|p2a: Gliscor|Swords Dance|p2a: Gliscor
|-boost|p2a: Gliscor|atk|2
|move|p1a: D2D|Shadow Ball|p2a: Gliscor
|-damage|p2a: Gliscor|247\/352 tox
|
|-heal|p2a: Gliscor|291\/352 tox|[from] ability: Poison Heal
|turn|48
|c| tbh js imo|dark u shouldve played better
|
|switch|p1a: Shield|Skarmory, F|334\/334
|move|p2a: Gliscor|Swords Dance|p2a: Gliscor
|-boost|p2a: Gliscor|atk|2
|
|-heal|p2a: Gliscor|335\/352 tox|[from] ability: Poison Heal
|turn|49
|c| tbh js imo|when sylveon was low
|c|â99ProblemsMyELOis1|ik
|c| MegaStarUniverse|this is dark?
|
|move|p2a: Gliscor|Knock Off|p1a: Shield
|-damage|p1a: Shield|248\/334
|move|p1a: Shield|Whirlwind|p2a: Gliscor
|drag|p2a: Reuniclus|Reuniclus, M|424\/424 brn
|
|turn|50
|c| tbh js imo|gastro puts in work
|c| CleanerThanRotom-W|thx for the in depth analysis cosine180
|c| tbh js imo|tho
|c|â99ProblemsMyELOis1|rofl
|c| CleanerThanRotom-W|appreciate it
|c| tbh js imo|work = force x distance
|c| tbh js imo|btw
|c|â99ProblemsMyELOis1|nerd
|
|switch|p1a: Bacon|Sylveon, F|394\/394
|switch|p2a: Altaria|Altaria-Mega, M|211\/305
|-damage|p2a: Altaria|173\/305|[from] Stealth Rock
|
|turn|51
|c| tbh js imo|droppin some knowledge
|c| CleanerThanRotom-W|physics
|join|Tricking
|c| CleanerThanRotom-W|,,
|join|Cholera90
|leave|Tricking
|join|ARACAMPO
|
|switch|p2a: Ferrothorn|Ferrothorn, F|352\/352
|-damage|p2a: Ferrothorn|330\/352|[from] Stealth Rock
|move|p1a: Bacon|Hyper Voice|p2a: Ferrothorn
|-resisted|p2a: Ferrothorn
|-damage|p2a: Ferrothorn|273\/352
|
|-heal|p2a: Ferrothorn|295\/352|[from] item: Leftovers
|turn|52
|join|RagnarFR
|c| tbh js imo|dark ur famous
|c| CleanerThanRotom-W|i think i should leave this game
|c| CleanerThanRotom-W|lol
|c| tbh js imo|we have at least 2 people watching
|c|â99ProblemsMyELOis1|no cleaner
|c|â99ProblemsMyELOis1|don't leave me
|
|switch|p1a: D2D|Sableye-Mega, M|304\/304
|move|p2a: Ferrothorn|Stealth Rock|p1a: D2D
|move|p1a: D2D|Stealth Rock|p2a: Ferrothorn|[from]Magic Bounce
|-fail|p2a: Ferrothorn
|
|-heal|p2a: Ferrothorn|317\/352|[from] item: Leftovers
|turn|53
|c| tbh js imo|lol
|c| CleanerThanRotom-W|true
|c| CleanerThanRotom-W|cosine
|c| CleanerThanRotom-W|get out
|leave|franci$co
|c| tbh js imo|rude
|c| CleanerThanRotom-W|so we only have all important persons here
|leave|ARACAMPO
|c|â99ProblemsMyELOis1|yh tbh js imo
|
|switch|p2a: Gliscor|Gliscor, F|335\/352 tox
|-damage|p2a: Gliscor|291\/352 tox|[from] Stealth Rock
|move|p1a: D2D|Shadow Ball|p2a: Gliscor
|-damage|p2a: Gliscor|221\/352 tox
|
|-heal|p2a: Gliscor|265\/352 tox|[from] ability: Poison Heal
|turn|54
|c| tbh js imo|can u go to gastro already
|c| tbh js imo|and make some progress
|c|â99ProblemsMyELOis1|this cms on gastro
|c| CleanerThanRotom-W|can u make a better alt already?
|
|move|p2a: Gliscor|Earthquake|p1a: D2D
|-damage|p1a: D2D|204\/304
|move|p1a: D2D|Shadow Ball|p2a: Gliscor
|-damage|p2a: Gliscor|186\/352 tox
|
|-heal|p2a: Gliscor|230\/352 tox|[from] ability: Poison Heal
|turn|55
|c| tbh js imo|gastro burns
|c| tbh js imo|u nerd
|c| tbh js imo|on the switch
|c|â99ProblemsMyELOis1|then i lose to +2 sableye
|
|switch|p1a: Shield|Skarmory, F|248\/334
|move|p2a: Gliscor|Swords Dance|p2a: Gliscor
|-boost|p2a: Gliscor|atk|2
|
|-heal|p2a: Gliscor|274\/352 tox|[from] ability: Poison Heal
|turn|56
|c| tbh js imo|u have alt and gliscor
|
|move|p2a: Gliscor|Knock Off|p1a: Shield
|-damage|p1a: Shield|190\/334
|move|p1a: Shield|Roost|p1a: Shield
|-heal|p1a: Shield|334\/334
|
|-heal|p2a: Gliscor|318\/352 tox|[from] ability: Poison Heal
|turn|57
|c| CleanerThanRotom-W|have fun for the next 546 turns
|c|â99ProblemsMyELOis1|thx
|c| Bonfinetor|lol
|c|â99ProblemsMyELOis1|pplus
|c|â99ProblemsMyELOis1|heal bell cosine
|
|move|p2a: Gliscor|Knock Off|p1a: Shield
|-damage|p1a: Shield|280\/334
|move|p1a: Shield|Whirlwind|p2a: Gliscor
|drag|p2a: Tyranitar|Tyranitar, F|341\/341
|-damage|p2a: Tyranitar|299\/341|[from] Stealth Rock
|-weather|Sandstorm
|
|-weather|Sandstorm|[upkeep]
|turn|58
|c| CleanerThanRotom-W|no reason to tell him
|c| CleanerThanRotom-W|he doesnt understand it anyways
|c| CleanerThanRotom-W|>
|c|â99ProblemsMyELOis1|yh
|
|move|p2a: Tyranitar|Stone Edge|p1a: Shield
|-damage|p1a: Shield|181\/334
|move|p1a: Shield|Roost|p1a: Shield
|-heal|p1a: Shield|334\/334
|
|-weather|Sandstorm|[upkeep]
|turn|59
|
|move|p2a: Tyranitar|Stone Edge|p1a: Shield
|-damage|p1a: Shield|223\/334
|move|p1a: Shield|Roost|p1a: Shield
|-heal|p1a: Shield|334\/334
|
|-weather|Sandstorm|[upkeep]
|turn|60
|c| tbh js imo|rofl
|c| CleanerThanRotom-W|cosine180: tell dark that you were right and that i should leave this game right now
|c| Bonfinetor|lmao
|
|switch|p2a: Gastrodon|Gastrodon, F|398\/426
|-damage|p2a: Gastrodon|372\/426|[from] Stealth Rock
|move|p1a: Shield|Roost|p1a: Shield
|-fail|p1a: Shield
|
|-weather|Sandstorm|[upkeep]
|-heal|p2a: Gastrodon|398\/426|[from] item: Leftovers
|turn|61
|c| Bonfinetor|this game
|c| CleanerThanRotom-W|cosine told me to tell u dark
|c| MegaStarUniverse|cosine
|
|switch|p1a: Bacon|Sylveon, F|394\/394
|move|p2a: Gastrodon|Scald|p1a: Bacon
|-damage|p1a: Bacon|316\/394
|
|-weather|none
|-heal|p1a: Bacon|340\/394|[from] item: Leftovers
|-heal|p2a: Gastrodon|424\/426|[from] item: Leftovers
|turn|62
|leave|Cholera90
|c| MegaStarUniverse|how is latios , keldeo ,t-tar , m-altaria so far with this team?
|c| MegaStarUniverse|i can't figure out the last two pokes i should put
|
|switch|p2a: Ferrothorn|Ferrothorn, F|317\/352
|-damage|p2a: Ferrothorn|295\/352|[from] Stealth Rock
|move|p1a: Bacon|Hyper Voice|p2a: Ferrothorn
|-resisted|p2a: Ferrothorn
|-damage|p2a: Ferrothorn|240\/352
|
|-heal|p1a: Bacon|364\/394|[from] item: Leftovers
|-heal|p2a: Ferrothorn|262\/352|[from] item: Leftovers
|turn|63
|c| CleanerThanRotom-W|wingull
|c| CleanerThanRotom-W|spoink
|c| MegaStarUniverse|l
|c| MegaStarUniverse|o
|c| MegaStarUniverse|l
|c| CleanerThanRotom-W|?
|c| MegaStarUniverse|period
|c| Bonfinetor|kek
|c| MegaStarUniverse|?
|c| CleanerThanRotom-W|hurry up dark
|c| MegaStarUniverse|*?*
|c| CleanerThanRotom-W|,,,
|
|switch|p1a: D2D|Sableye-Mega, M|204\/304
|switch|p2a: Gastrodon|Gastrodon, F|424\/426
|-damage|p2a: Gastrodon|398\/426|[from] Stealth Rock
|
|-heal|p2a: Gastrodon|424\/426|[from] item: Leftovers
|turn|64
|c|â99ProblemsMyELOis1|it's lag
|c| CleanerThanRotom-W|i mean in general
|c| CleanerThanRotom-W|,,
|c|â99ProblemsMyELOis1|sigh
|
|move|p2a: Gastrodon|Scald|p1a: D2D
|-damage|p1a: D2D|150\/304
|move|p1a: D2D|Recover|p1a: D2D
|-heal|p1a: D2D|302\/304
|
|-heal|p2a: Gastrodon|426\/426|[from] item: Leftovers
|turn|65
|c| MegaStarUniverse|no burn
|
|switch|p1a: Bacon|Sylveon, F|364\/394
|move|p2a: Gastrodon|Scald|p1a: Bacon
|-damage|p1a: Bacon|291\/394
|-status|p1a: Bacon|brn
|
|-heal|p1a: Bacon|315\/394 brn|[from] item: Leftovers
|-damage|p1a: Bacon|266\/394 brn|[from] brn
|turn|66
|c| Bonfinetor|this game is so exciting
|c| CleanerThanRotom-W|we should lame cosine for this game imo
|c| CleanerThanRotom-W|js tbh tbf
|c|â99ProblemsMyELOis1|yh
|
|move|p1a: Bacon|Heal Bell|p1a: Bacon
|-cureteam|p1a: Bacon|[from] move: HealBell
|move|p2a: Gastrodon|Scald|p1a: Bacon
|-damage|p1a: Bacon|193\/394
|
|-heal|p1a: Bacon|217\/394|[from] item: Leftovers
|turn|67
|c| CleanerThanRotom-W|*blane
|c|â99ProblemsMyELOis1|fgt
|c| MegaStarUniverse|lol
|c| Bonfinetor|blaze it fgt
|c| CleanerThanRotom-W|**cofag**rigus
|c|â99ProblemsMyELOis1|^
|c| CleanerThanRotom-W|for a reason
|
|move|p1a: Bacon|Wish|p1a: Bacon
|move|p2a: Gastrodon|Scald|p1a: Bacon
|-damage|p1a: Bacon|144\/394
|-status|p1a: Bacon|brn
|
|-heal|p1a: Bacon|168\/394 brn|[from] item: Leftovers
|-damage|p1a: Bacon|119\/394 brn|[from] brn
|turn|68
|c| MegaStarUniverse|yes
|c| MegaStarUniverse|burn
|c| Bonfinetor|disco inferno
|c| MegaStarUniverse|dark hurry up and give this girl a good butt smacking
|c| CleanerThanRotom-W|why is cosine nerd not talking
|c| CleanerThanRotom-W|,,
|
|switch|p2a: Ferrothorn|Ferrothorn, F|262\/352
|-damage|p2a: Ferrothorn|240\/352|[from] Stealth Rock
|move|p1a: Bacon|Heal Bell|p1a: Bacon
|-cureteam|p1a: Bacon|[from] move: HealBell
|
|-heal|p1a: Bacon|316\/394|[from] move: Wish|[wisher] Bacon
|-heal|p1a: Bacon|340\/394|[from] item: Leftovers
|-heal|p2a: Ferrothorn|262\/352|[from] item: Leftovers
|turn|69
|c| CleanerThanRotom-W|i bet hes scouting again to snipe u
|c| CleanerThanRotom-W|what a fgt
|c| tbh js imo|LOL
|c| tbh js imo|i just returned
|c| tbh js imo|and thats the first thing ic,,
|c| MegaStarUniverse|lol
|c| tbh js imo|rude
|c| CleanerThanRotom-W|from watching replays?
|c| tbh js imo|meanie poopyhead
|
|switch|p2a: Gastrodon|Gastrodon, F|426\/426
|-damage|p2a: Gastrodon|400\/426|[from] Stealth Rock
|move|p1a: Bacon|Hyper Voice|p2a: Gastrodon
|-damage|p2a: Gastrodon|214\/426
|
|-heal|p1a: Bacon|364\/394|[from] item: Leftovers
|-heal|p2a: Gastrodon|240\/426|[from] item: Leftovers
|turn|70
|c| CleanerThanRotom-W|u should scroll up
|c| tbh js imo|i called my mother who is in the hospital atm
|c| CleanerThanRotom-W|lolol
|c| tbh js imo|she probably doesnt have much longer to live :\/
|
|switch|p1a: Nachos|Heatran, M|3\/323
|move|p2a: Gastrodon|Recover|p2a: Gastrodon
|-heal|p2a: Gastrodon|426\/426
|
|turn|71
|c| CleanerThanRotom-W|:[
|c| Bonfinetor|ebola?
|c| MegaStarUniverse|that's  bad
|c| tbh js imo|LOL jk
|c| MegaStarUniverse|hello
|c| CleanerThanRotom-W|dark.
|c| tbh js imo|did u really think
|c| tbh js imo|i was srs
|c| MegaStarUniverse|yes
|c| CleanerThanRotom-W|now i disrespect this man.
|c| Bonfinetor|yes Ã§_Ã§
|c|â99ProblemsMyELOis1|is this
|c| MegaStarUniverse|or
|c| CleanerThanRotom-W|please modchat
|c| tbh js imo|and put "ebola"
|c| tbh js imo|looooool
|c|â99ProblemsMyELOis1|the famous hp grass scarftran
|c| MegaStarUniverse|lolololol
|c| tbh js imo|wow cleaner
|c| CleanerThanRotom-W|**I officialy disrespect Cosine180.**
|
|switch|p1a: Bacon|Sylveon, F|364\/394
|move|p2a: Gastrodon|Scald|p1a: Bacon
|-damage|p1a: Bacon|291\/394
|
|-heal|p1a: Bacon|315\/394|[from] item: Leftovers
|turn|72
|c| tbh js imo|go ahead and reveal my alts,,
|c| Bonfinetor|WHO IS COSINE???
|c| MegaStarUniverse|..
|c| tbh js imo|no idea
|c| tbh js imo|isnt that
|
|move|p1a: Bacon|Hyper Voice|p2a: Gastrodon
|-damage|p2a: Gastrodon|255\/426
|move|p2a: Gastrodon|Scald|p1a: Bacon
|-damage|p1a: Bacon|242\/394
|-status|p1a: Bacon|brn
|
|-heal|p1a: Bacon|266\/394 brn|[from] item: Leftovers
|-heal|p2a: Gastrodon|281\/426|[from] item: Leftovers
|-damage|p1a: Bacon|217\/394 brn|[from] brn
|turn|73
|c| CleanerThanRotom-W|cosine180
|c| tbh js imo|a trigonometric function?
|c| tbh js imo|cosine x = adjacent side \/ hypotenus
|
|move|p1a: Bacon|Heal Bell|p1a: Bacon
|-cureteam|p1a: Bacon|[from] move: HealBell
|move|p2a: Gastrodon|Recover|p2a: Gastrodon
|-heal|p2a: Gastrodon|426\/426
|
|-heal|p1a: Bacon|241\/394|[from] item: Leftovers
|turn|74
|c| Bonfinetor|thb i think Leona - Draven is a good bot lane
|c| CleanerThanRotom-W|cosine, how does it feel to trick ur friends behind their back?
|c| tbh js imo|also as in the law of cosines
|c| CleanerThanRotom-W|and feel good while doing it?
|
|move|p1a: Bacon|Wish|p1a: Bacon
|move|p2a: Gastrodon|Scald|p1a: Bacon
|-damage|p1a: Bacon|175\/394
|
|-heal|p1a: Bacon|199\/394|[from] item: Leftovers
|turn|75
|c| MegaStarUniverse|https:\/\/www.google.com\/search?q=cosine&biw=1087&bih=559&source=lnms&tbm=isch&sa=X&ei=4BfEVJmSFKblsAT2poCQCA&ved=0CAYQ_AUoAQ
|c| tbh js imo|c^2 = a^2 + b^2 - 2ab cos (y)
|
|move|p1a: Bacon|Hyper Voice|p2a: Gastrodon
|-damage|p2a: Gastrodon|257\/426
|move|p2a: Gastrodon|Scald|p1a: Bacon
|-damage|p1a: Bacon|124\/394
|
|-heal|p1a: Bacon|321\/394|[from] move: Wish|[wisher] Bacon
|-heal|p1a: Bacon|345\/394|[from] item: Leftovers
|-heal|p2a: Gastrodon|283\/426|[from] item: Leftovers
|turn|76
|c| MegaStarUniverse|LOL
|
|move|p1a: Bacon|Hyper Voice|p2a: Gastrodon
|-damage|p2a: Gastrodon|103\/426
|move|p2a: Gastrodon|Recover|p2a: Gastrodon
|-heal|p2a: Gastrodon|316\/426
|
|-heal|p1a: Bacon|369\/394|[from] item: Leftovers
|-heal|p2a: Gastrodon|342\/426|[from] item: Leftovers
|turn|77
|
|move|p1a: Bacon|Hyper Voice|p2a: Gastrodon
|-damage|p2a: Gastrodon|152\/426
|move|p2a: Gastrodon|Recover|p2a: Gastrodon
|-heal|p2a: Gastrodon|365\/426
|
|-heal|p1a: Bacon|393\/394|[from] item: Leftovers
|-heal|p2a: Gastrodon|391\/426|[from] item: Leftovers
|turn|78
|c| Bonfinetor|THE STALL IS REAL
|c| Bonfinetor|ZZZZZZZZZZZZZZZZZZZZZZZZZZZZZZZZZZZZ
|c| tbh js imo|wow dark how does it feel to be a stallfag
|c| tbh js imo|?
|
|move|p1a: Bacon|Wish|p1a: Bacon
|move|p2a: Gastrodon|Toxic|p1a: Bacon
|-status|p1a: Bacon|tox
|
|-heal|p1a: Bacon|394\/394 tox|[from] item: Leftovers
|-heal|p2a: Gastrodon|417\/426|[from] item: Leftovers
|-damage|p1a: Bacon|370\/394 tox|[from] psn
|turn|79
|c| MegaStarUniverse|OML
|c| MegaStarUniverse|just press
|c| MegaStarUniverse|x
|c|â99ProblemsMyELOis1|I'm not the reason for this stall
|c| MegaStarUniverse|you
|c| CleanerThanRotom-W|and how does it feel to insult one of ur 2 only friends cosine?
|c| MegaStarUniverse|like
|c| MegaStarUniverse|.....
|
|move|p1a: Bacon|Heal Bell|p1a: Bacon
|-cureteam|p1a: Bacon|[from] move: HealBell
|move|p2a: Gastrodon|Ice Beam|p1a: Bacon
|-damage|p1a: Bacon|316\/394
|
|-heal|p1a: Bacon|394\/394|[from] move: Wish|[wisher] Bacon
|-heal|p2a: Gastrodon|426\/426|[from] item: Leftovers
|turn|80
|c| CleanerThanRotom-W|and how does it feel to insult one of ur 2 only friends cosine?
|c| CleanerThanRotom-W|and how does it feel to insult one of ur 2 only friends cosine?
|c| CleanerThanRotom-W|and how does it feel to insult one of ur 2 only friends cosine?
|c| CleanerThanRotom-W|and how does it feel to insult one of ur 2 only friends cosine?
|
|switch|p1a: D2D|Sableye-Mega, M|302\/304
|move|p2a: Gastrodon|Scald|p1a: D2D
|-damage|p1a: D2D|248\/304
|
|turn|81
|
|move|p2a: Gastrodon|Scald|p1a: D2D
|-damage|p1a: D2D|187\/304
|-status|p1a: D2D|brn
|move|p1a: D2D|Calm Mind|p1a: D2D
|-boost|p1a: D2D|spa|1
|-boost|p1a: D2D|spd|1
|
|-damage|p1a: D2D|149\/304 brn|[from] brn
|turn|82
|c|â99ProblemsMyELOis1|like
|
|switch|p2a: Gliscor|Gliscor, F|318\/352 tox
|-damage|p2a: Gliscor|274\/352 tox|[from] Stealth Rock
|move|p1a: D2D|Recover|p1a: D2D
|-heal|p1a: D2D|301\/304 brn
|
|-heal|p2a: Gliscor|318\/352 tox|[from] ability: Poison Heal
|-damage|p1a: D2D|263\/304 brn|[from] brn
|turn|83
|c| tbh js imo|who is cosine?
|c|â99ProblemsMyELOis1|you're going to lose
|c|â99ProblemsMyELOis1|you're just wasting both our times
|c| tbh js imo|i heard many good things about him
|
|switch|p1a: Shield|Skarmory, F|334\/334
|move|p2a: Gliscor|Earthquake|p1a: Shield
|-immune|p1a: Shield|[msg]
|
|-heal|p2a: Gliscor|352\/352 tox|[from] ability: Poison Heal
|turn|84
|c| Bonfinetor|i heard its a biatch..
|c|â99ProblemsMyELOis1|Cosine is a stallfag that relies on using one core and one core only to succeed
|c| Bonfinetor|99probs
|
|move|p2a: Gliscor|Knock Off|p1a: Shield
|-damage|p1a: Shield|306\/334
|move|p1a: Shield|Whirlwind|p2a: Gliscor
|drag|p2a: Gastrodon|Gastrodon, F|426\/426
|-damage|p2a: Gastrodon|400\/426|[from] Stealth Rock
|
|-heal|p2a: Gastrodon|426\/426|[from] item: Leftovers
|turn|85
|c| Bonfinetor|pls
|c| Bonfinetor|left this game
|c|â99ProblemsMyELOis1|rofl
|c| tbh js imo|rude
|c|â99ProblemsMyELOis1|finally sent out to smth i want
|
|switch|p1a: Bacon|Sylveon, F|394\/394
|move|p2a: Gastrodon|Scald|p1a: Bacon
|-damage|p1a: Bacon|324\/394
|
|-heal|p1a: Bacon|348\/394|[from] item: Leftovers
|turn|86
|
|move|p1a: Bacon|Protect|p1a: Bacon
|-singleturn|p1a: Bacon|Protect
|move|p2a: Gastrodon|Scald|p1a: Bacon
|-activate|p1a: Bacon|Protect
|
|-heal|p1a: Bacon|372\/394|[from] item: Leftovers
|turn|87
|c| Bonfinetor|Turn 87 they still stallin'..
|
|move|p1a: Bacon|Heal Bell|p1a: Bacon
|-cureteam|p1a: Bacon|[from] move: HealBell
|move|p2a: Gastrodon|Scald|p1a: Bacon
|-damage|p1a: Bacon|306\/394
|
|-heal|p1a: Bacon|330\/394|[from] item: Leftovers
|turn|88
|c|â99ProblemsMyELOis1|2 left :]
|
|switch|p1a: D2D|Sableye-Mega, M|263\/304
|move|p2a: Gastrodon|Scald|p1a: D2D
|-damage|p1a: D2D|199\/304
|-status|p1a: D2D|brn
|
|-damage|p1a: D2D|161\/304 brn|[from] brn
|turn|89
|c| Bonfinetor|u sure?
|c| CleanerThanRotom-W|so to clarify who user cosine180 is
|c| CleanerThanRotom-W|feel free to sub this man and leave a dislike
|c| CleanerThanRotom-W|https:\/\/www.youtube.com\/watch?v=D_iBZixfvHA&list=UUYMH6OEgCSKOtCQZt67tq3Q
|c|â99ProblemsMyELOis1|I'm counting
|c|â99ProblemsMyELOis1|rofl
|
|switch|p2a: Gliscor|Gliscor, F|352\/352 tox
|-damage|p2a: Gliscor|308\/352 tox|[from] Stealth Rock
|switch|p1a: Bacon|Sylveon, F|330\/394
|
|-heal|p1a: Bacon|354\/394|[from] item: Leftovers
|-heal|p2a: Gliscor|352\/352 tox|[from] ability: Poison Heal
|turn|90
|c| tbh js imo|how does it feel to have to great honor to use the team of user: cosine180?
|leave|MegaStarUniverse
|
|move|p2a: Gliscor|Knock Off|p1a: Bacon
|-resisted|p1a: Bacon
|-damage|p1a: Bacon|317\/394
|-enditem|p1a: Bacon|Leftovers|[from] move: Knock Off|[of] p2a: Gliscor
|move|p1a: Bacon|Hyper Voice|p2a: Gliscor
|-damage|p2a: Gliscor|213\/352 tox
|
|-heal|p2a: Gliscor|257\/352 tox|[from] ability: Poison Heal
|turn|91
|c|â99ProblemsMyELOis1|this is my team
|c|â99ProblemsMyELOis1|?
|c| CleanerThanRotom-W|judging from the video
|c|â99ProblemsMyELOis1|yum!
|c| CleanerThanRotom-W|he has to be the biggest retard ive ever seen
|c| tbh js imo|wow rude
|c|â99ProblemsMyELOis1|lmao
|c| CleanerThanRotom-W|shut up poopyhead
|c| tbh js imo|i think he's phenomenal
|
|move|p2a: Gliscor|Swords Dance|p2a: Gliscor
|-boost|p2a: Gliscor|atk|2
|move|p1a: Bacon|Heal Bell|p1a: Bacon
|-cureteam|p1a: Bacon|[from] move: HealBell
|
|-heal|p2a: Gliscor|301\/352 tox|[from] ability: Poison Heal
|turn|92
|c| tbh js imo|did u know he's 2-0 in ocl rn!!!
|c| CleanerThanRotom-W|what about olt
|c| CleanerThanRotom-W|?
|c|â99ProblemsMyELOis1|omg 2-0 that's so amazing!
|
|move|p2a: Gliscor|Knock Off|p1a: Bacon
|-resisted|p1a: Bacon
|-damage|p1a: Bacon|275\/394
|move|p1a: Bacon|Hyper Voice|p2a: Gliscor
|-damage|p2a: Gliscor|171\/352 tox
|
|-heal|p2a: Gliscor|215\/352 tox|[from] ability: Poison Heal
|turn|93
|c| CleanerThanRotom-W|its so quite
|c| CleanerThanRotom-W|i hear nothing
|c|â99ProblemsMyELOis1|in a shitty version of spl because you couldn't even get drafted!
|c| CleanerThanRotom-W|!
|c|â99ProblemsMyELOis1|?
|
|move|p2a: Gliscor|Roost|p2a: Gliscor
|-heal|p2a: Gliscor|352\/352 tox
|move|p1a: Bacon|Wish|p1a: Bacon
|
|turn|94
|c| Bonfinetor|Â§
|c| tbh js imo|wow
|c|â99ProblemsMyELOis1|jk, ocl is cool
|c| tbh js imo|just wow
|c|â99ProblemsMyELOis1|without cosine in it
|c| CleanerThanRotom-W|i wanna excuse my friend dark
|
|move|p1a: Bacon|Protect|p1a: Bacon
|-singleturn|p1a: Bacon|Protect
|move|p2a: Gliscor|Earthquake|p1a: Bacon
|-activate|p1a: Bacon|Protect
|
|-heal|p1a: Bacon|394\/394|[from] move: Wish|[wisher] Bacon
|turn|95
|c| CleanerThanRotom-W|he wasnt joking
|c| CleanerThanRotom-W|...
|c|â99ProblemsMyELOis1|...
|c| tbh js imo|no words
|c| CleanerThanRotom-W|just get out
|
|switch|p1a: Shield|Skarmory, F|306\/334
|move|p2a: Gliscor|Earthquake|p1a: Shield
|-immune|p1a: Shield|[msg]
|
|turn|96
|c| CleanerThanRotom-W|and dont join again
|leave|tbh js imo
|c| CleanerThanRotom-W|bye
|join|etaoi
99ProblemsMyELOis1 turned on modjoin.
|raw|<div class="broadcast-red"><b>Moderated chat was set to +!<\/b><br \/>Only users of rank + and higher can talk.<\/div>
99ProblemsMyELOis1 made this room hidden.
|c|â99ProblemsMyELOis1|:]
|
|move|p2a: Gliscor|Knock Off|p1a: Shield
|-crit|p1a: Shield
|-damage|p1a: Shield|215\/334
|move|p1a: Shield|Whirlwind|p2a: Gliscor
|drag|p2a: Gastrodon|Gastrodon, F|426\/426
|-damage|p2a: Gastrodon|400\/426|[from] Stealth Rock
|
|-heal|p2a: Gastrodon|426\/426|[from] item: Leftovers
|turn|97
|c|â99ProblemsMyELOis1|ah
|c|â99ProblemsMyELOis1|nb
|
|switch|p1a: Bacon|Sylveon, F|394\/394
|move|p2a: Gastrodon|Ice Beam|p1a: Bacon
|-damage|p1a: Bacon|342\/394
|
|turn|98
|c|â99ProblemsMyELOis1|not really getting anywhere are you mate
|
|move|p1a: Bacon|Wish|p1a: Bacon
|move|p2a: Gastrodon|Scald|p1a: Bacon
|-damage|p1a: Bacon|276\/394
|
|turn|99
CleanerThanRotom-W was promoted to Room Voice by 99ProblemsMyELOis1.
|c|+CleanerThanRotom-W|i literally
|c|+CleanerThanRotom-W|typed modjoin
|
|switch|p1a: D2D|Sableye-Mega, M|161\/304
|move|p2a: Gastrodon|Ice Beam|p1a: D2D
|-damage|p1a: D2D|114\/304
|
|-heal|p1a: D2D|304\/304|[from] move: Wish|[wisher] Bacon
|turn|100
|c|â99ProblemsMyELOis1|lmao
|c|+CleanerThanRotom-W|1 sec after u
|c|+CleanerThanRotom-W|lol
|c|+CleanerThanRotom-W|i got 99 turns but my win aint one
|
|move|p2a: Gastrodon|Scald|p1a: D2D
|-damage|p1a: D2D|247\/304
|move|p1a: D2D|Shadow Ball|p2a: Gastrodon
|-damage|p2a: Gastrodon|332\/426
|
|-heal|p2a: Gastrodon|358\/426|[from] item: Leftovers
|turn|101
|
|move|p2a: Gastrodon|Scald|p1a: D2D
|-damage|p1a: D2D|192\/304
|move|p1a: D2D|Will-O-Wisp|p2a: Gastrodon
|-status|p2a: Gastrodon|brn
|
|-heal|p2a: Gastrodon|384\/426 brn|[from] item: Leftovers
|-damage|p2a: Gastrodon|331\/426 brn|[from] brn
|turn|102
|leave|RagnarFR
|
|switch|p2a: Altaria|Altaria-Mega, M|173\/305
|-damage|p2a: Altaria|135\/305|[from] Stealth Rock
|switch|p1a: Bacon|Sylveon, F|276\/394
|
|turn|103
|c|â99ProblemsMyELOis1|sigh
|
|switch|p2a: Ferrothorn|Ferrothorn, F|262\/352
|-damage|p2a: Ferrothorn|240\/352|[from] Stealth Rock
|move|p1a: Bacon|Hyper Voice|p2a: Ferrothorn
|-resisted|p2a: Ferrothorn
|-damage|p2a: Ferrothorn|181\/352
|
|-heal|p2a: Ferrothorn|203\/352|[from] item: Leftovers
|turn|104
|
|switch|p1a: D2D|Sableye-Mega, M|192\/304
|move|p2a: Ferrothorn|Gyro Ball|p1a: D2D
|-damage|p1a: D2D|152\/304
|
|-heal|p2a: Ferrothorn|225\/352|[from] item: Leftovers
|turn|105
|c|â99ProblemsMyELOis1|thanks for burning me btw, now i can spam toxic as much as i want :]
|c|ânoccliolinee|ok
|
|switch|p2a: Gastrodon|Gastrodon, F|331\/426 brn
|-damage|p2a: Gastrodon|305\/426 brn|[from] Stealth Rock
|move|p1a: D2D|Shadow Ball|p2a: Gastrodon
|-damage|p2a: Gastrodon|199\/426 brn
|
|-heal|p2a: Gastrodon|225\/426 brn|[from] item: Leftovers
|-damage|p2a: Gastrodon|172\/426 brn|[from] brn
|turn|106
|
|move|p2a: Gastrodon|Recover|p2a: Gastrodon
|-heal|p2a: Gastrodon|385\/426 brn
|move|p1a: D2D|Recover|p1a: D2D
|-heal|p1a: D2D|304\/304
|
|-heal|p2a: Gastrodon|411\/426 brn|[from] item: Leftovers
|-damage|p2a: Gastrodon|358\/426 brn|[from] brn
|turn|107
|
|move|p2a: Gastrodon|Scald|p1a: D2D
|-damage|p1a: D2D|247\/304
|move|p1a: D2D|Calm Mind|p1a: D2D
|-boost|p1a: D2D|spa|1
|-boost|p1a: D2D|spd|1
|
|-heal|p2a: Gastrodon|384\/426 brn|[from] item: Leftovers
|-damage|p2a: Gastrodon|331\/426 brn|[from] brn
|turn|108
|
|move|p2a: Gastrodon|Scald|p1a: D2D
|-damage|p1a: D2D|208\/304
|move|p1a: D2D|Calm Mind|p1a: D2D
|-boost|p1a: D2D|spa|1
|-boost|p1a: D2D|spd|1
|
|-heal|p2a: Gastrodon|357\/426 brn|[from] item: Leftovers
|-damage|p2a: Gastrodon|304\/426 brn|[from] brn
|turn|109
|c|+CleanerThanRotom-W|dont choke this away dark
|c|â99ProblemsMyELOis1|?
|
|switch|p2a: Gliscor|Gliscor, F|352\/352 tox
|-damage|p2a: Gliscor|308\/352 tox|[from] Stealth Rock
|move|p1a: D2D|Recover|p1a: D2D
|-heal|p1a: D2D|304\/304
|
|-heal|p2a: Gliscor|352\/352 tox|[from] ability: Poison Heal
|turn|110
|
|move|p2a: Gliscor|Swords Dance|p2a: Gliscor
|-boost|p2a: Gliscor|atk|2
|move|p1a: D2D|Shadow Ball|p2a: Gliscor
|-damage|p2a: Gliscor|187\/352 tox
|
|-heal|p2a: Gliscor|231\/352 tox|[from] ability: Poison Heal
|turn|111
|
|switch|p1a: Shield|Skarmory, F|215\/334
|move|p2a: Gliscor|Earthquake|p1a: Shield
|-immune|p1a: Shield|[msg]
|
|-heal|p2a: Gliscor|275\/352 tox|[from] ability: Poison Heal
|turn|112
|
|move|p2a: Gliscor|Swords Dance|p2a: Gliscor
|-boost|p2a: Gliscor|atk|2
|move|p1a: Shield|Roost|p1a: Shield
|-heal|p1a: Shield|334\/334
|
|-heal|p2a: Gliscor|319\/352 tox|[from] ability: Poison Heal
|turn|113
|
|move|p2a: Gliscor|Knock Off|p1a: Shield
|-damage|p1a: Shield|256\/334
|move|p1a: Shield|Whirlwind|p2a: Gliscor
|drag|p2a: Altaria|Altaria-Mega, M|135\/305
|-damage|p2a: Altaria|97\/305|[from] Stealth Rock
|
|turn|114
|
|move|p2a: Altaria|Roost|p2a: Altaria
|-heal|p2a: Altaria|250\/305
|move|p1a: Shield|Roost|p1a: Shield
|-heal|p1a: Shield|334\/334
|
|turn|115
|
|move|p2a: Altaria|Hyper Voice|p1a: Shield
|-resisted|p1a: Shield
|-damage|p1a: Shield|201\/334
|move|p1a: Shield|Whirlwind|p2a: Altaria
|drag|p2a: Gliscor|Gliscor, F|319\/352 tox
|-damage|p2a: Gliscor|275\/352 tox|[from] Stealth Rock
|
|-heal|p2a: Gliscor|319\/352 tox|[from] ability: Poison Heal
|turn|116
|
|switch|p2a: Altaria|Altaria-Mega, M|250\/305
|-damage|p2a: Altaria|212\/305|[from] Stealth Rock
|move|p1a: Shield|Roost|p1a: Shield
|-heal|p1a: Shield|334\/334
|
|turn|117
|
|move|p2a: Altaria|Hyper Voice|p1a: Shield
|-resisted|p1a: Shield
|-damage|p1a: Shield|207\/334
|move|p1a: Shield|Whirlwind|p2a: Altaria
|drag|p2a: Ferrothorn|Ferrothorn, F|225\/352
|-damage|p2a: Ferrothorn|203\/352|[from] Stealth Rock
|
|-heal|p2a: Ferrothorn|225\/352|[from] item: Leftovers
|turn|118
|
|switch|p1a: D2D|Sableye-Mega, M|304\/304
|switch|p2a: Altaria|Altaria-Mega, M|212\/305
|-damage|p2a: Altaria|174\/305|[from] Stealth Rock
|
|turn|119
|
|switch|p1a: Call the police|Keldeo|8\/322
|move|p2a: Altaria|Hyper Voice|p1a: Call the police
|-supereffective|p1a: Call the police
|-damage|p1a: Call the police|0 fnt
|faint|p1a: Call the police
|
|c|+CleanerThanRotom-W|?
|c|ânoccliolinee|40% on sylveon
|
|switch|p1a: Nachos|Heatran, M|3\/323
|turn|120
|
|switch|p2a: Gastrodon|Gastrodon, F|304\/426 brn
|-damage|p2a: Gastrodon|278\/426 brn|[from] Stealth Rock
|move|p1a: Nachos|Flash Cannon|p2a: Gastrodon
|-resisted|p2a: Gastrodon
|-damage|p2a: Gastrodon|191\/426 brn
|
|-heal|p2a: Gastrodon|217\/426 brn|[from] item: Leftovers
|-damage|p2a: Gastrodon|164\/426 brn|[from] brn
|turn|121
|
|switch|p1a: Bacon|Sylveon, F|276\/394
|move|p2a: Gastrodon|Recover|p2a: Gastrodon
|-heal|p2a: Gastrodon|377\/426 brn
|
|-heal|p2a: Gastrodon|403\/426 brn|[from] item: Leftovers
|-damage|p2a: Gastrodon|350\/426 brn|[from] brn
|turn|122
|
|switch|p2a: Ferrothorn|Ferrothorn, F|225\/352
|-damage|p2a: Ferrothorn|203\/352|[from] Stealth Rock
|move|p1a: Bacon|Wish|p1a: Bacon
|
|-heal|p2a: Ferrothorn|225\/352|[from] item: Leftovers
|turn|123
|
|switch|p1a: D2D|Sableye-Mega, M|304\/304
|move|p2a: Ferrothorn|Stealth Rock|p1a: D2D
|move|p1a: D2D|Stealth Rock|p2a: Ferrothorn|[from]Magic Bounce
|-fail|p2a: Ferrothorn
|
|-heal|p2a: Ferrothorn|247\/352|[from] item: Leftovers
|turn|124
|
|switch|p2a: Gastrodon|Gastrodon, F|350\/426 brn
|-damage|p2a: Gastrodon|324\/426 brn|[from] Stealth Rock
|move|p1a: D2D|Shadow Ball|p2a: Gastrodon
|-damage|p2a: Gastrodon|231\/426 brn
|
|-heal|p2a: Gastrodon|257\/426 brn|[from] item: Leftovers
|-damage|p2a: Gastrodon|204\/426 brn|[from] brn
|turn|125
|
|move|p2a: Gastrodon|Recover|p2a: Gastrodon
|-heal|p2a: Gastrodon|417\/426 brn
|move|p1a: D2D|Shadow Ball|p2a: Gastrodon
|-damage|p2a: Gastrodon|320\/426 brn
|
|-heal|p2a: Gastrodon|346\/426 brn|[from] item: Leftovers
|-damage|p2a: Gastrodon|293\/426 brn|[from] brn
|turn|126
|
|move|p2a: Gastrodon|Scald|p1a: D2D
|-damage|p1a: D2D|250\/304
|move|p1a: D2D|Shadow Ball|p2a: Gastrodon
|-damage|p2a: Gastrodon|197\/426 brn
|
|-heal|p2a: Gastrodon|223\/426 brn|[from] item: Leftovers
|-damage|p2a: Gastrodon|170\/426 brn|[from] brn
|turn|127
|
|move|p2a: Gastrodon|Recover|p2a: Gastrodon
|-heal|p2a: Gastrodon|383\/426 brn
|move|p1a: D2D|Shadow Ball|p2a: Gastrodon
|-damage|p2a: Gastrodon|281\/426 brn
|
|-heal|p2a: Gastrodon|307\/426 brn|[from] item: Leftovers
|-damage|p2a: Gastrodon|254\/426 brn|[from] brn
|turn|128
|c|+CleanerThanRotom-W|did u stall his heal bells?
|c|â99ProblemsMyELOis1|i think he has 1
|
|move|p2a: Gastrodon|Recover|p2a: Gastrodon
|-heal|p2a: Gastrodon|426\/426 brn
|move|p1a: D2D|Calm Mind|p1a: D2D
|-boost|p1a: D2D|spa|1
|-boost|p1a: D2D|spd|1
|
|-damage|p2a: Gastrodon|373\/426 brn|[from] brn
|turn|129
|
|switch|p2a: Gliscor|Gliscor, F|319\/352 tox
|-damage|p2a: Gliscor|275\/352 tox|[from] Stealth Rock
|move|p1a: D2D|Shadow Ball|p2a: Gliscor
|-crit|p2a: Gliscor
|-damage|p2a: Gliscor|97\/352 tox
|
|-heal|p2a: Gliscor|141\/352 tox|[from] ability: Poison Heal
|turn|130
|
|move|p2a: Gliscor|Roost|p2a: Gliscor
|-heal|p2a: Gliscor|317\/352 tox
|move|p1a: D2D|Shadow Ball|p2a: Gliscor
|-damage|p2a: Gliscor|211\/352 tox
|
|-heal|p2a: Gliscor|255\/352 tox|[from] ability: Poison Heal
|turn|131
|
|move|p2a: Gliscor|Swords Dance|p2a: Gliscor
|-boost|p2a: Gliscor|atk|2
|move|p1a: D2D|Shadow Ball|p2a: Gliscor
|-damage|p2a: Gliscor|141\/352 tox
|-unboost|p2a: Gliscor|spd|1
|
|-heal|p2a: Gliscor|185\/352 tox|[from] ability: Poison Heal
|turn|132
|c|+CleanerThanRotom-W|k
|
|switch|p1a: Shield|Skarmory, F|207\/334
|move|p2a: Gliscor|Roost|p2a: Gliscor
|-heal|p2a: Gliscor|352\/352 tox
|
|turn|133
|
|move|p2a: Gliscor|Swords Dance|p2a: Gliscor
|-boost|p2a: Gliscor|atk|2
|move|p1a: Shield|Roost|p1a: Shield
|-heal|p1a: Shield|334\/334
|
|turn|134
|
|move|p2a: Gliscor|Knock Off|p1a: Shield
|-damage|p1a: Shield|258\/334
|move|p1a: Shield|Whirlwind|p2a: Gliscor
|drag|p2a: Gastrodon|Gastrodon, F|373\/426 brn
|-damage|p2a: Gastrodon|347\/426 brn|[from] Stealth Rock
|
|-heal|p2a: Gastrodon|373\/426 brn|[from] item: Leftovers
|-damage|p2a: Gastrodon|320\/426 brn|[from] brn
|turn|135
|
|switch|p1a: Bacon|Sylveon, F|276\/394
|move|p2a: Gastrodon|Scald|p1a: Bacon
|-damage|p1a: Bacon|201\/394
|
|-heal|p2a: Gastrodon|346\/426 brn|[from] item: Leftovers
|-damage|p2a: Gastrodon|293\/426 brn|[from] brn
|turn|136
|
|switch|p2a: Ferrothorn|Ferrothorn, F|247\/352
|-damage|p2a: Ferrothorn|225\/352|[from] Stealth Rock
|move|p1a: Bacon|Wish|p1a: Bacon
|
|-heal|p2a: Ferrothorn|247\/352|[from] item: Leftovers
|turn|137
|
|switch|p1a: D2D|Sableye-Mega, M|250\/304
|move|p2a: Ferrothorn|Stealth Rock|p1a: D2D
|move|p1a: D2D|Stealth Rock|p2a: Ferrothorn|[from]Magic Bounce
|-fail|p2a: Ferrothorn
|
|-heal|p1a: D2D|304\/304|[from] move: Wish|[wisher] Bacon
|-heal|p2a: Ferrothorn|269\/352|[from] item: Leftovers
|turn|138
|
|switch|p1a: Bacon|Sylveon, F|201\/394
|switch|p2a: Gliscor|Gliscor, F|352\/352 tox
|-damage|p2a: Gliscor|308\/352 tox|[from] Stealth Rock
|
|-heal|p2a: Gliscor|352\/352 tox|[from] ability: Poison Heal
|turn|139
|
|move|p2a: Gliscor|Earthquake|p1a: Bacon
|-damage|p1a: Bacon|95\/394
|move|p1a: Bacon|Hyper Voice|p2a: Gliscor
|-damage|p2a: Gliscor|222\/352 tox
|
|-heal|p2a: Gliscor|266\/352 tox|[from] ability: Poison Heal
|turn|140
|c|+CleanerThanRotom-W|0
|c|â99ProblemsMyELOis1|less than 0
|
|switch|p1a: Shield|Skarmory, F|258\/334
|move|p2a: Gliscor|Earthquake|p1a: Shield
|-immune|p1a: Shield|[msg]
|
|-heal|p2a: Gliscor|310\/352 tox|[from] ability: Poison Heal
|turn|141
|
|move|p2a: Gliscor|Swords Dance|p2a: Gliscor
|-boost|p2a: Gliscor|atk|2
|move|p1a: Shield|Whirlwind|p2a: Gliscor
|drag|p2a: Gastrodon|Gastrodon, F|293\/426 brn
|-damage|p2a: Gastrodon|267\/426 brn|[from] Stealth Rock
|
|-heal|p2a: Gastrodon|293\/426 brn|[from] item: Leftovers
|-damage|p2a: Gastrodon|240\/426 brn|[from] brn
|turn|142
|
|move|p1a: Shield|Roost|p1a: Shield
|-heal|p1a: Shield|334\/334
|move|p2a: Gastrodon|Scald|p1a: Shield
|-damage|p1a: Shield|223\/334
|
|-heal|p2a: Gastrodon|266\/426 brn|[from] item: Leftovers
|-damage|p2a: Gastrodon|213\/426 brn|[from] brn
|turn|143
|c|+CleanerThanRotom-W|lukE
|
|move|p1a: Shield|Roost|p1a: Shield
|-heal|p1a: Shield|334\/334
|move|p2a: Gastrodon|Ice Beam|p1a: Shield
|-resisted|p1a: Shield
|-damage|p1a: Shield|292\/334
|
|-heal|p2a: Gastrodon|239\/426 brn|[from] item: Leftovers
|-damage|p2a: Gastrodon|186\/426 brn|[from] brn
|turn|144
|c|â99ProblemsMyELOis1|yh
|
|move|p1a: Shield|Roost|p1a: Shield
|-heal|p1a: Shield|334\/334
|move|p2a: Gastrodon|Recover|p2a: Gastrodon
|-heal|p2a: Gastrodon|399\/426 brn
|
|-heal|p2a: Gastrodon|425\/426 brn|[from] item: Leftovers
|-damage|p2a: Gastrodon|372\/426 brn|[from] brn
|turn|145
|
|switch|p2a: Gliscor|Gliscor, F|310\/352 tox
|-damage|p2a: Gliscor|266\/352 tox|[from] Stealth Rock
|move|p1a: Shield|Whirlwind|p2a: Gliscor
|drag|p2a: Altaria|Altaria-Mega, M|174\/305
|-damage|p2a: Altaria|136\/305|[from] Stealth Rock
|
|turn|146
|
|switch|p1a: Nachos|Heatran, M|3\/323
|move|p2a: Altaria|Fire Blast|p1a: Nachos
|-start|p1a: Nachos|ability: Flash Fire
|
|turn|147
|
|switch|p2a: Gastrodon|Gastrodon, F|372\/426 brn
|-damage|p2a: Gastrodon|346\/426 brn|[from] Stealth Rock
|move|p1a: Nachos|Fire Blast|p2a: Gastrodon
|-crit|p2a: Gastrodon
|-resisted|p2a: Gastrodon
|-damage|p2a: Gastrodon|108\/426 brn
|
|-heal|p2a: Gastrodon|134\/426 brn|[from] item: Leftovers
|-damage|p2a: Gastrodon|81\/426 brn|[from] brn
|turn|148
|
|switch|p2a: Tyranitar|Tyranitar, F|299\/341
|-damage|p2a: Tyranitar|257\/341|[from] Stealth Rock
|-weather|Sandstorm
|move|p1a: Nachos|Fire Blast|p2a: Tyranitar
|-resisted|p2a: Tyranitar
|-damage|p2a: Tyranitar|158\/341
|-status|p2a: Tyranitar|brn
|
|-weather|Sandstorm|[upkeep]
|-damage|p2a: Tyranitar|116\/341 brn|[from] brn
|turn|149
|c|â99ProblemsMyELOis1|rofl
|
|move|p1a: Nachos|Fire Blast|p2a: Tyranitar
|-crit|p2a: Tyranitar
|-resisted|p2a: Tyranitar
|-damage|p2a: Tyranitar|0 fnt
|faint|p2a: Tyranitar
|
|-weather|Sandstorm|[upkeep]
|c|â99ProblemsMyELOis1|rly
|c|ânoccliolinee|omg
|
|switch|p2a: Reuniclus|Reuniclus, M|424\/424 brn
|turn|150
|
|switch|p1a: D2D|Sableye-Mega, M|304\/304
|move|p2a: Reuniclus|Psyshock|p1a: D2D
|-immune|p1a: D2D|[msg]
|
|-weather|Sandstorm|[upkeep]
|-damage|p1a: D2D|285\/304|[from] sandstorm
|turn|151
|
|switch|p2a: Gliscor|Gliscor, F|266\/352 tox
|-damage|p2a: Gliscor|222\/352 tox|[from] Stealth Rock
|move|p1a: D2D|Shadow Ball|p2a: Gliscor
|-damage|p2a: Gliscor|144\/352 tox
|-unboost|p2a: Gliscor|spd|1
|
|-weather|Sandstorm|[upkeep]
|-damage|p1a: D2D|266\/304|[from] sandstorm
|-heal|p2a: Gliscor|188\/352 tox|[from] ability: Poison Heal
|turn|152
|
|move|p2a: Gliscor|Roost|p2a: Gliscor
|-heal|p2a: Gliscor|352\/352 tox
|move|p1a: D2D|Shadow Ball|p2a: Gliscor
|-damage|p2a: Gliscor|247\/352 tox
|
|-weather|none
|-heal|p2a: Gliscor|291\/352 tox|[from] ability: Poison Heal
|turn|153
|
|move|p2a: Gliscor|Swords Dance|p2a: Gliscor
|-boost|p2a: Gliscor|atk|2
|move|p1a: D2D|Shadow Ball|p2a: Gliscor
|-damage|p2a: Gliscor|186\/352 tox
|
|-heal|p2a: Gliscor|230\/352 tox|[from] ability: Poison Heal
|turn|154
|
|switch|p1a: Shield|Skarmory, F|334\/334
|move|p2a: Gliscor|Earthquake|p1a: Shield
|-immune|p1a: Shield|[msg]
|
|-heal|p2a: Gliscor|274\/352 tox|[from] ability: Poison Heal
|turn|155
|
|move|p2a: Gliscor|Knock Off|p1a: Shield
|-damage|p1a: Shield|277\/334
|move|p1a: Shield|Whirlwind|p2a: Gliscor
|drag|p2a: Ferrothorn|Ferrothorn, F|269\/352
|-damage|p2a: Ferrothorn|247\/352|[from] Stealth Rock
|
|-heal|p2a: Ferrothorn|269\/352|[from] item: Leftovers
|turn|156
|
|switch|p1a: D2D|Sableye-Mega, M|266\/304
|switch|p2a: Altaria|Altaria-Mega, M|136\/305
|-damage|p2a: Altaria|98\/305|[from] Stealth Rock
|
|turn|157
|
|switch|p1a: Bacon|Sylveon, F|95\/394
|move|p2a: Altaria|Roost|p2a: Altaria
|-heal|p2a: Altaria|251\/305
|
|turn|158
|c|+CleanerThanRotom-W|free
|c|+CleanerThanRotom-W|kill
|c|+CleanerThanRotom-W|fre hp n_n
|c|+CleanerThanRotom-W|*free
|
|move|p1a: Bacon|Protect|p1a: Bacon
|-singleturn|p1a: Bacon|Protect
|move|p2a: Altaria|Hyper Voice|p1a: Bacon
|-activate|p1a: Bacon|Protect
|
|turn|159
|c|â99ProblemsMyELOis1|nice play
|
|move|p2a: Altaria|Hyper Voice|p1a: Bacon
|-damage|p1a: Bacon|0 fnt
|faint|p1a: Bacon
|
|
|switch|p1a: Nachos|Heatran, M|3\/323
|turn|160
|
|switch|p2a: Gastrodon|Gastrodon, F|81\/426 brn
|-damage|p2a: Gastrodon|55\/426 brn|[from] Stealth Rock
|move|p1a: Nachos|Flash Cannon|p2a: Gastrodon
|-crit|p2a: Gastrodon
|-resisted|p2a: Gastrodon
|-damage|p2a: Gastrodon|0 fnt
|faint|p2a: Gastrodon
|
|
|switch|p2a: Reuniclus|Reuniclus, M|424\/424 brn
|turn|161
|
|switch|p1a: D2D|Sableye-Mega, M|266\/304
|move|p2a: Reuniclus|Psyshock|p1a: D2D
|-immune|p1a: D2D|[msg]
|
|turn|162
|
|switch|p2a: Altaria|Altaria-Mega, M|251\/305
|-damage|p2a: Altaria|213\/305|[from] Stealth Rock
|move|p1a: D2D|Calm Mind|p1a: D2D
|-boost|p1a: D2D|spa|1
|-boost|p1a: D2D|spd|1
|
|turn|163
|
|switch|p1a: Shield|Skarmory, F|277\/334
|move|p2a: Altaria|Hyper Voice|p1a: Shield
|-resisted|p1a: Shield
|-damage|p1a: Shield|144\/334
|
|turn|164
|
|move|p2a: Altaria|Fire Blast|p1a: Shield
|-supereffective|p1a: Shield
|-damage|p1a: Shield|0 fnt
|faint|p1a: Shield
|
|
|switch|p1a: Nachos|Heatran, M|3\/323
|turn|165
|
|switch|p2a: Ferrothorn|Ferrothorn, F|269\/352
|-damage|p2a: Ferrothorn|247\/352|[from] Stealth Rock
|move|p1a: Nachos|Fire Blast|p2a: Ferrothorn
|-supereffective|p2a: Ferrothorn
|-damage|p2a: Ferrothorn|0 fnt
|faint|p2a: Ferrothorn
|
|
|switch|p2a: Altaria|Altaria-Mega, M|213\/305
|-damage|p2a: Altaria|175\/305|[from] Stealth Rock
|turn|166
|
|move|p1a: Nachos|Fire Blast|p2a: Altaria|[miss]
|-miss|p1a: Nachos|p2a: Altaria
|move|p2a: Altaria|Hyper Voice|p1a: Nachos
|-resisted|p1a: Nachos
|-damage|p1a: Nachos|0 fnt
|faint|p1a: Nachos
|
|c|â99ProblemsMyELOis1|gg
|
|switch|p1a: D2D|Sableye-Mega, M|266\/304
|turn|167
|
|move|p2a: Altaria|Hyper Voice|p1a: D2D
|-supereffective|p1a: D2D
|-damage|p1a: D2D|0 fnt
|faint|p1a: D2D
|
|win|99ProblemsMyELOis1
|raw|Ladder updating...
|raw|noccliolinee's rating: 1605 &rarr; <strong>1588<\/strong><br \/>(-17 for losing)
|raw|99ProblemsMyELOis1's rating: 1652 &rarr; <strong>1670<\/strong><br \/>(+18 for winning)
|c|ânoccliolinee|gg
|leave|noccliolinee
|leave|CleanerThanRotom-W
|player|p1
|leave|Bonfinetor