|join|99ProblemsMyELOis1
|join|julillogm
|player|p1|99ProblemsMyELOis1|102
|player|p2|julillogm|102
|gametype|singles
|gen|6
|tier|OU
|rated
|clearpoke
|poke|p1|Diancie
|poke|p1|Magnezone
|poke|p1|Latias, F
|poke|p1|Diggersby, M
|poke|p1|Garchomp, M
|poke|p1|Gyarados, F
|poke|p2|Skarmory, M
|poke|p2|Altaria, F, shiny
|poke|p2|Landorus-Therian, M
|poke|p2|Gothitelle, M
|poke|p2|Heatran, M
|poke|p2|Rotom-Wash
|rule|Swagger Clause: Swagger is banned
|rule|Baton Pass Clause: Limit one PokÃ©mon knowing Baton Pass
|rule|Sleep Clause Mod: Limit one foe put to sleep
|rule|Species Clause: Limit one of each PokÃ©mon
|rule|OHKO Clause: OHKO moves are banned
|rule|Moody Clause: Moody is banned
|rule|Evasion Moves Clause: Evasion moves are banned
|rule|Endless Battle Clause: Forcing endless battles is banned
|rule|HP Percentage Mod: HP is shown in percentages
|teampreview
99ProblemsMyELOis1 turned on modjoin.
|raw|<div class="broadcast-red"><b>Moderated chat was set to +!<\/b><br \/>Only users of rank + and higher can talk.<\/div>
99ProblemsMyELOis1 made this room hidden.
|
|start
|switch|p1a: Garchomp|Garchomp, M|357\/357
|switch|p2a: Landorus-Therian|Landorus-Therian, M|319\/319
|-ability|p2a: Landorus-Therian|Intimidate|[of] p1a: Garchomp
|-unboost|p1a: Garchomp|atk|1
|turn|1
|
|move|p2a: Landorus-Therian|Knock Off|p1a: Garchomp
|-damage|p1a: Garchomp|225\/357
|-damage|p2a: Landorus-Therian|280\/319|[from] ability: Rough Skin|[of] p1a: Garchomp
|-enditem|p1a: Garchomp|Focus Sash|[from] move: Knock Off|[of] p2a: Landorus-Therian
|move|p1a: Garchomp|Stealth Rock|p2a: Landorus-Therian
|-sidestart|p2: julillogm|move: Stealth Rock
|
|turn|2
|
|switch|p2a: Rotom-Wash|Rotom-Wash|304\/304
|-damage|p2a: Rotom-Wash|266\/304|[from] Stealth Rock
|switch|p1a: Magnezone|Magnezone|281\/281
|
|-heal|p2a: Rotom-Wash|285\/304|[from] item: Leftovers
|turn|3
|
|move|p1a: Magnezone|Volt Switch|p2a: Rotom-Wash
|-damage|p2a: Rotom-Wash|167\/304
|
|switch|p1a: Garchomp|Garchomp, M|225\/357
|move|p2a: Rotom-Wash|Will-O-Wisp|p1a: Garchomp
|-status|p1a: Garchomp|brn
|
|-heal|p2a: Rotom-Wash|186\/304|[from] item: Leftovers
|-damage|p1a: Garchomp|181\/357 brn|[from] brn
|turn|4
|
|move|p1a: Garchomp|Outrage|p2a: Rotom-Wash
|-damage|p2a: Rotom-Wash|108\/304
|move|p2a: Rotom-Wash|Hydro Pump|p1a: Garchomp
|-damage|p1a: Garchomp|19\/357 brn
|
|-heal|p2a: Rotom-Wash|127\/304|[from] item: Leftovers
|-damage|p1a: Garchomp|0 fnt|[from] brn
|faint|p1a: Garchomp
|
|switch|p1a: Diggersby|Diggersby, M|311\/311
|turn|5
|
|switch|p2a: Skarmory|Skarmory, M|333\/333
|-damage|p2a: Skarmory|292\/333|[from] Stealth Rock
|move|p1a: Diggersby|Return|p2a: Skarmory
|-resisted|p2a: Skarmory
|-damage|p2a: Skarmory|200\/333
|-damage|p1a: Diggersby|260\/311|[from] item: Rocky Helmet|[of] p2a: Skarmory
|-damage|p1a: Diggersby|229\/311|[from] item: Life Orb
|
|turn|6
|
|switch|p2a: Gothitelle|Gothitelle, M|281\/281
|-damage|p2a: Gothitelle|246\/281|[from] Stealth Rock
|move|p1a: Diggersby|Return|p2a: Gothitelle
|-damage|p2a: Gothitelle|0 fnt
|-damage|p1a: Diggersby|198\/311|[from] item: Life Orb
|faint|p2a: Gothitelle
|
|
|switch|p2a: Landorus-Therian|Landorus-Therian, M|280\/319
|-damage|p2a: Landorus-Therian|241\/319|[from] Stealth Rock
|-ability|p2a: Landorus-Therian|Intimidate|[of] p1a: Diggersby
|-unboost|p1a: Diggersby|atk|1
|turn|7
|
|switch|p1a: Gyarados|Gyarados, F|353\/353
|-ability|p1a: Gyarados|Intimidate|[of] p2a: Landorus-Therian
|-unboost|p2a: Landorus-Therian|atk|1
|move|p2a: Landorus-Therian|Knock Off|p1a: Gyarados
|-damage|p1a: Gyarados|245\/353
|-enditem|p1a: Gyarados|Leftovers|[from] move: Knock Off|[of] p2a: Landorus-Therian
|
|turn|8
|
|switch|p2a: Rotom-Wash|Rotom-Wash|127\/304
|-damage|p2a: Rotom-Wash|89\/304|[from] Stealth Rock
|switch|p1a: Diggersby|Diggersby, M|198\/311
|
|-heal|p2a: Rotom-Wash|108\/304|[from] item: Leftovers
|turn|9
|
|switch|p2a: Skarmory|Skarmory, M|200\/333
|-damage|p2a: Skarmory|159\/333|[from] Stealth Rock
|move|p1a: Diggersby|Return|p2a: Skarmory
|-resisted|p2a: Skarmory
|-damage|p2a: Skarmory|76\/333
|-damage|p1a: Diggersby|147\/311|[from] item: Rocky Helmet|[of] p2a: Skarmory
|-damage|p1a: Diggersby|116\/311|[from] item: Life Orb
|
|turn|10
|
|switch|p1a: Magnezone|Magnezone|281\/281
|move|p2a: Skarmory|Defog|p1a: Magnezone
|-unboost|p1a: Magnezone|evasion|1
|-sideend|p2: julillogm|Stealth Rock|[from] move: Defog|[of] p2a: Skarmory
|
|turn|11
|
|move|p1a: Magnezone|Volt Switch|p2a: Skarmory
|-supereffective|p2a: Skarmory
|-damage|p2a: Skarmory|0 fnt
|faint|p2a: Skarmory
|
|switch|p1a: Diggersby|Diggersby, M|116\/311
|
|
|switch|p2a: Heatran|Heatran, M|385\/385
|turn|12
|
|switch|p1a: Magnezone|Magnezone|281\/281
|switch|p2a: Landorus-Therian|Landorus-Therian, M|241\/319
|-ability|p2a: Landorus-Therian|Intimidate|[of] p1a: Magnezone
|-unboost|p1a: Magnezone|atk|1
|
|turn|13
|
|switch|p1a: Gyarados|Gyarados, F|245\/353
|-ability|p1a: Gyarados|Intimidate|[of] p2a: Landorus-Therian
|-unboost|p2a: Landorus-Therian|atk|1
|move|p2a: Landorus-Therian|Knock Off|p1a: Gyarados
|-damage|p1a: Gyarados|183\/353
|
|turn|14
|
|switch|p2a: Rotom-Wash|Rotom-Wash|108\/304
|move|p1a: Gyarados|Dragon Dance|p1a: Gyarados
|-boost|p1a: Gyarados|atk|1
|-boost|p1a: Gyarados|spe|1
|
|-heal|p2a: Rotom-Wash|127\/304|[from] item: Leftovers
|turn|15
|
|move|p1a: Gyarados|Substitute|p1a: Gyarados
|-start|p1a: Gyarados|Substitute
|-damage|p1a: Gyarados|95\/353
|move|p2a: Rotom-Wash|Will-O-Wisp|p1a: Gyarados
|
|-heal|p2a: Rotom-Wash|146\/304|[from] item: Leftovers
|turn|16
|
|move|p1a: Gyarados|Waterfall|p2a: Rotom-Wash
|-resisted|p2a: Rotom-Wash
|-damage|p2a: Rotom-Wash|67\/304
|move|p2a: Rotom-Wash|Volt Switch|p1a: Gyarados
|-supereffective|p1a: Gyarados
|-end|p1a: Gyarados|Substitute
|
|switch|p2a: Landorus-Therian|Landorus-Therian, M|241\/319
|-ability|p2a: Landorus-Therian|Intimidate|[of] p1a: Gyarados
|-unboost|p1a: Gyarados|atk|1
|
|turn|17
|
|switch|p1a: Diggersby|Diggersby, M|116\/311
|move|p2a: Landorus-Therian|Stone Edge|p1a: Diggersby
|-resisted|p1a: Diggersby
|-damage|p1a: Diggersby|43\/311
|
|turn|18
|
|move|p1a: Diggersby|Quick Attack|p2a: Landorus-Therian
|-damage|p2a: Landorus-Therian|101\/319
|-damage|p1a: Diggersby|12\/311|[from] item: Life Orb
|move|p2a: Landorus-Therian|Stone Edge|p1a: Diggersby
|-resisted|p1a: Diggersby
|-damage|p1a: Diggersby|0 fnt
|faint|p1a: Diggersby
|
|
|switch|p1a: Diancie|Diancie|261\/261
|turn|19
|
|switch|p2a: Heatran|Heatran, M|385\/385
|detailschange|p1a: Diancie|Diancie-Mega
|-mega|p1a: Diancie|Diancie|Diancite
|move|p1a: Diancie|Rock Polish|p1a: Diancie
|-boost|p1a: Diancie|spe|2
|
|turn|20
|
|move|p1a: Diancie|Earth Power|p2a: Heatran
|-supereffective|p2a: Heatran
|-damage|p2a: Heatran|33\/385
|move|p2a: Heatran|Roar|p1a: Diancie
|move|p1a: Diancie|Roar|p2a: Heatran|[from]Magic Bounce
|drag|p2a: Altaria|Altaria, F, shiny|307\/307
|
|turn|21
|
|detailschange|p2a: Altaria|Altaria-Mega, F, shiny
|-mega|p2a: Altaria|Altaria|Altarianite
|move|p1a: Diancie|Moonblast|p2a: Altaria
|-supereffective|p2a: Altaria
|-damage|p2a: Altaria|0 fnt
|faint|p2a: Altaria
|
|-message|julillogm forfeited.
|leave|julillogm
|
|win|99ProblemsMyELOis1
|raw|Ladder updating...
|player|p2
|raw|99ProblemsMyELOis1's rating: 1643 &rarr; <strong>1657<\/strong><br \/>(+14 for winning)
|raw|julillogm's rating: 1531 &rarr; <strong>1518<\/strong><br \/>(-13 for losing)