|join|who can say
|join|99ProblemsMyELOis1
|player|p1|who can say|238
|player|p2|99ProblemsMyELOis1|102
|gametype|singles
|gen|6
|tier|OU
|rated
|clearpoke
|poke|p1|Serperior, M
|poke|p1|Gyarados, F
|poke|p1|Talonflame, F
|poke|p1|Bisharp, F
|poke|p1|Aerodactyl, M
|poke|p1|Latias, F
|poke|p2|Gardevoir, M
|poke|p2|Bisharp, F
|poke|p2|Landorus, M
|poke|p2|Latias, F
|poke|p2|Garchomp, F
|poke|p2|Breloom, M
|rule|Swagger Clause: Swagger is banned
|rule|Baton Pass Clause: Limit one PokÃ©mon knowing Baton Pass
|rule|Sleep Clause Mod: Limit one foe put to sleep
|rule|Species Clause: Limit one of each PokÃ©mon
|rule|OHKO Clause: OHKO moves are banned
|rule|Moody Clause: Moody is banned
|rule|Evasion Moves Clause: Evasion moves are banned
|rule|Endless Battle Clause: Forcing endless battles is banned
|rule|HP Percentage Mod: HP is shown in percentages
|teampreview
|
|start
|switch|p1a: Aerodactyl|Aerodactyl, M|301\/301
|switch|p2a: Garchomp|Garchomp, F|420\/420
|-ability|p1a: Aerodactyl|Unnerve|p2: 99ProblemsMyELOis1
|turn|1
|
|move|p1a: Aerodactyl|Taunt|p2a: Garchomp
|-start|p2a: Garchomp|move: Taunt
|move|p2a: Garchomp|Hidden Power|p1a: Aerodactyl
|-supereffective|p1a: Aerodactyl
|-damage|p1a: Aerodactyl|205\/301
|
|turn|2
|
|move|p1a: Aerodactyl|Stealth Rock|p2a: Garchomp
|-sidestart|p2: 99ProblemsMyELOis1|move: Stealth Rock
|move|p2a: Garchomp|Hidden Power|p1a: Aerodactyl
|-supereffective|p1a: Aerodactyl
|-damage|p1a: Aerodactyl|103\/301
|
|turn|3
|
|move|p1a: Aerodactyl|Earthquake|p2a: Garchomp
|-damage|p2a: Garchomp|342\/420
|move|p2a: Garchomp|Hidden Power|p1a: Aerodactyl
|-supereffective|p1a: Aerodactyl
|-damage|p1a: Aerodactyl|0 fnt
|faint|p1a: Aerodactyl
|
|-end|p2a: Garchomp|move: Taunt
|
|switch|p1a: Latias|Latias, F|301\/301
|turn|4
|
|switch|p1a: Talonflame|Talonflame, F|320\/320
|switch|p2a: Gardevoir|Gardevoir, M|277\/277
|-damage|p2a: Gardevoir|243\/277|[from] Stealth Rock
|-ability|p2a: Gardevoir|Gale Wings|[from] ability: Trace|[of] p1a: Talonflame
|
|turn|5
|
|switch|p2a: Garchomp|Garchomp, F|342\/420
|-damage|p2a: Garchomp|316\/420|[from] Stealth Rock
|move|p1a: Talonflame|Swords Dance|p1a: Talonflame
|-boost|p1a: Talonflame|atk|2
|
|turn|6
|
|move|p1a: Talonflame|Brave Bird|p2a: Garchomp
|-damage|p2a: Garchomp|70\/420
|-damage|p1a: Talonflame|280\/320|[from] ability: Rough Skin|[of] p2a: Garchomp
|-damage|p1a: Talonflame|227\/320|[from] item: Rocky Helmet|[of] p2a: Garchomp
|-damage|p1a: Talonflame|146\/320|[from] recoil|[of] p2a: Garchomp
|move|p2a: Garchomp|Stealth Rock|p1a: Talonflame
|-sidestart|p1: who can say|move: Stealth Rock
|
|-heal|p1a: Talonflame|166\/320|[from] item: Leftovers
|turn|7
|
|move|p1a: Talonflame|Brave Bird|p2a: Garchomp
|-damage|p2a: Garchomp|0 fnt
|-damage|p1a: Talonflame|126\/320|[from] ability: Rough Skin|[of] p2a: Garchomp
|-damage|p1a: Talonflame|73\/320|[from] item: Rocky Helmet|[of] p2a: Garchomp
|-damage|p1a: Talonflame|50\/320|[from] recoil|[of] p2a: Garchomp
|faint|p2a: Garchomp
|
|-heal|p1a: Talonflame|70\/320|[from] item: Leftovers
|c|âwho can say|all the recoil
|c|âwho can say|poor talon
|
|switch|p2a: Bisharp|Bisharp, F|271\/271
|-damage|p2a: Bisharp|255\/271|[from] Stealth Rock
|turn|8
|
|move|p1a: Talonflame|Roost|p1a: Talonflame
|-heal|p1a: Talonflame|230\/320
|move|p2a: Bisharp|Knock Off|p1a: Talonflame
|-damage|p1a: Talonflame|0 fnt
|-enditem|p1a: Talonflame|Leftovers|[from] move: Knock Off|[of] p2a: Bisharp
|-damage|p2a: Bisharp|228\/271|[from] item: Life Orb
|faint|p1a: Talonflame
|
|
|switch|p1a: Bisharp|Bisharp, F|272\/272
|-damage|p1a: Bisharp|255\/272|[from] Stealth Rock
|turn|9
|
|switch|p2a: Landorus|Landorus, M|319\/319
|-damage|p2a: Landorus|280\/319|[from] Stealth Rock
|move|p1a: Bisharp|Knock Off|p2a: Landorus
|-crit|p2a: Landorus
|-damage|p2a: Landorus|0 fnt
|-enditem|p2a: Landorus|Life Orb|[from] move: Knock Off|[of] p1a: Bisharp
|faint|p2a: Landorus
|
|
|switch|p2a: Breloom|Breloom, M|261\/261
|-damage|p2a: Breloom|245\/261|[from] Stealth Rock
|turn|10
|
|move|p2a: Breloom|Spore|p1a: Bisharp
|-status|p1a: Bisharp|slp
|cant|p1a: Bisharp|slp
|
|turn|11
|
|switch|p2a: Bisharp|Bisharp, F|228\/271
|-damage|p2a: Bisharp|212\/271|[from] Stealth Rock
|switch|p1a: Latias|Latias, F|301\/301
|-damage|p1a: Latias|264\/301|[from] Stealth Rock
|
|turn|12
|
|move|p1a: Latias|Draco Meteor|p2a: Bisharp
|-resisted|p2a: Bisharp
|-damage|p2a: Bisharp|31\/271
|-unboost|p1a: Latias|spa|2
|-damage|p1a: Latias|234\/301|[from] item: Life Orb
|move|p2a: Bisharp|Pursuit|p1a: Latias
|-supereffective|p1a: Latias
|-damage|p1a: Latias|31\/301
|-damage|p2a: Bisharp|4\/271|[from] item: Life Orb
|
|turn|13
|
|move|p1a: Latias|Defog|p2a: Bisharp
|-unboost|p2a: Bisharp|evasion|1
|-boost|p2a: Bisharp|atk|2|[from] ability: Defiant
|-sideend|p2: 99ProblemsMyELOis1|Stealth Rock|[from] move: Defog|[of] p2a: Bisharp
|-sideend|p1: who can say|Stealth Rock|[from] move: Defog|[of] p1a: Latias
|move|p2a: Bisharp|Pursuit|p1a: Latias
|-supereffective|p1a: Latias
|-damage|p1a: Latias|0 fnt
|-damage|p2a: Bisharp|0 fnt|[from] item: Life Orb
|faint|p1a: Latias
|faint|p2a: Bisharp
|
|
|switch|p1a: Serperior|Serperior, M|291\/291
|switch|p2a: Gardevoir|Gardevoir, M|243\/277
|-ability|p2a: Gardevoir|Contrary|[from] ability: Trace|[of] p1a: Serperior
|turn|14
|
|detailschange|p2a: Gardevoir|Gardevoir-Mega, M
|-mega|p2a: Gardevoir|Gardevoir|Gardevoirite
|move|p1a: Serperior|Leaf Storm|p2a: Gardevoir
|-damage|p2a: Gardevoir|125\/277
|-boost|p1a: Serperior|spa|2
|move|p2a: Gardevoir|Hyper Voice|p1a: Serperior
|-crit|p1a: Serperior
|-damage|p1a: Serperior|0 fnt
|faint|p1a: Serperior
|
|c|âwho can say|ow
|
|switch|p1a: Gyarados|Gyarados, F|331\/331
|-ability|p1a: Gyarados|Intimidate|[of] p2a: Gardevoir
|-unboost|p2a: Gardevoir|atk|1
|turn|15
|
|move|p2a: Gardevoir|Hyper Voice|p1a: Gyarados
|-damage|p1a: Gyarados|81\/331
|move|p1a: Gyarados|Dragon Dance|p1a: Gyarados
|-boost|p1a: Gyarados|atk|1
|-boost|p1a: Gyarados|spe|1
|
|turn|16
|
|move|p1a: Gyarados|Waterfall|p2a: Gardevoir
|-damage|p2a: Gardevoir|0 fnt
|faint|p2a: Gardevoir
|
|
|switch|p2a: Latias|Latias, F|319\/319
|turn|17
|
|move|p1a: Gyarados|Crunch|p2a: Latias
|-supereffective|p2a: Latias
|-damage|p2a: Latias|0 fnt
|faint|p2a: Latias
|
|
|switch|p2a: Breloom|Breloom, M|245\/261
|turn|18
|
|move|p2a: Breloom|Mach Punch|p1a: Gyarados
|-resisted|p1a: Gyarados
|-damage|p1a: Gyarados|3\/331
|-damage|p2a: Breloom|219\/261|[from] item: Life Orb
|move|p1a: Gyarados|Waterfall|p2a: Breloom
|-resisted|p2a: Breloom
|-damage|p2a: Breloom|92\/261
|
|turn|19
|
|move|p2a: Breloom|Mach Punch|p1a: Gyarados
|-resisted|p1a: Gyarados
|-damage|p1a: Gyarados|0 fnt
|-damage|p2a: Breloom|66\/261|[from] item: Life Orb
|faint|p1a: Gyarados
|
|c|âwho can say|ogod
|
|switch|p1a: Bisharp|Bisharp, F|255\/272 slp
|turn|20
|c|âwho can say|BISHARP WAKE THE FK UP
|c|âwho can say|WAKE UP
|c|â99ProblemsMyELOis1|I'm faster
|c|âwho can say|ITS NOT NAP TIME
|c|âwho can say|wait rlly
|c|âwho can say|gg
|
|move|p2a: Breloom|Mach Punch|p1a: Bisharp
|-supereffective|p1a: Bisharp
|-damage|p1a: Bisharp|0 fnt
|-damage|p2a: Breloom|40\/261|[from] item: Life Orb
|faint|p1a: Bisharp
|
|win|99ProblemsMyELOis1
|raw|Ladder updating...
|c|â99ProblemsMyELOis1|gg
|raw|who can say's rating: 1698 &rarr; <strong>1670<\/strong><br \/>(-28 for losing)
|raw|99ProblemsMyELOis1's rating: 1545 &rarr; <strong>1573<\/strong><br \/>(+28 for winning)
|leave|who can say