|join|Shrewly
|join|SergeantPokeDoakes
|player|p1|Shrewly|180
|player|p2|SergeantPokeDoakes|260
|gametype|singles
|gen|6
|tier|UU
|rated
|rule|Sleep Clause Mod: Limit one foe put to sleep
|rule|Species Clause: Limit one of each PokÃ©mon
|rule|OHKO Clause: OHKO moves are banned
|rule|Moody Clause: Moody is banned
|rule|Evasion Moves Clause: Evasion moves are banned
|rule|Endless Battle Clause: Forcing endless battles is banned
|rule|HP Percentage Mod: HP is shown in percentages
|clearpoke
|poke|p1|Empoleon, M, shiny
|poke|p1|Arcanine, M
|poke|p1|Swampert, M
|poke|p1|Amoonguss, M
|poke|p1|Absol, F
|poke|p1|Eelektross, M, shiny
|poke|p2|Jirachi
|poke|p2|Meloetta
|poke|p2|Blastoise, F
|poke|p2|Scrafty, M
|poke|p2|Honchkrow, M
|poke|p2|Donphan, F
|rule|Swagger Clause: Swagger is banned
|rule|Baton Pass Clause: Limit one PokÃ©mon knowing Baton Pass
|teampreview
|c|âShrewly|Woah.
|c|âShrewly|Are you streaming right now? This is Shrewstur.
|c|âSergeantPokeDoakes|yeah
|c|âSergeantPokeDoakes|I am [:
|c|âShrewly|I don't have it open but i will after this lol
|
|start
|switch|p1a: Demachai|Swampert, M|404\/404
|switch|p2a: Grenada|Meloetta|403\/403
|turn|1
|
|switch|p1a: Penguin Soldier|Empoleon, M, shiny|372\/372
|move|p2a: Grenada|Energy Ball|p1a: Penguin Soldier
|-crit|p1a: Penguin Soldier
|-damage|p1a: Penguin Soldier|239\/372
|-unboost|p1a: Penguin Soldier|spd|1
|
|-heal|p1a: Penguin Soldier|262\/372|[from] item: Leftovers
|turn|2
|
|switch|p1a: Noo-Noo|Eelektross, M, shiny|373\/373
|move|p2a: Grenada|Charge Beam|p1a: Noo-Noo
|-crit|p1a: Noo-Noo
|-resisted|p1a: Noo-Noo
|-damage|p1a: Noo-Noo|337\/373
|-boost|p2a: Grenada|spa|1
|
|turn|3
|
|move|p2a: Grenada|Hyper Voice|p1a: Noo-Noo
|-damage|p1a: Noo-Noo|133\/373
|move|p1a: Noo-Noo|Knock Off|p2a: Grenada
|-supereffective|p2a: Grenada
|-damage|p2a: Grenada|203\/403
|-enditem|p2a: Grenada|Assault Vest|[from] move: Knock Off|[of] p1a: Noo-Noo
|
|turn|4
|
|move|p2a: Grenada|Hyper Voice|p1a: Noo-Noo
|-damage|p1a: Noo-Noo|0 fnt
|faint|p1a: Noo-Noo
|
|
|switch|p1a: Crescent|Absol, F|271\/271
|turn|5
|
|switch|p2a: Wadded|Donphan, F|384\/384
|detailschange|p1a: Crescent|Absol-Mega, F
|-mega|p1a: Crescent|Absol|Absolite
|move|p1a: Crescent|Sucker Punch|p2a: Wadded
|-fail|p2a: Wadded
|
|turn|6
|
|switch|p1a: Demachai|Swampert, M|404\/404
|move|p2a: Wadded|Earthquake|p1a: Demachai
|-damage|p1a: Demachai|268\/404
|
|-heal|p1a: Demachai|293\/404|[from] item: Leftovers
|turn|7
|
|switch|p2a: Probe|Scrafty, M|271\/271
|move|p1a: Demachai|Stealth Rock|p2a: Probe
|-sidestart|p2: SergeantPokeDoakes|move: Stealth Rock
|
|-heal|p1a: Demachai|318\/404|[from] item: Leftovers
|turn|8
|
|move|p2a: Probe|Dragon Dance|p2a: Probe
|-boost|p2a: Probe|atk|1
|-boost|p2a: Probe|spe|1
|move|p1a: Demachai|Earthquake|p2a: Probe
|-crit|p2a: Probe
|-damage|p2a: Probe|111\/271
|
|-heal|p2a: Probe|127\/271|[from] item: Leftovers
|-heal|p1a: Demachai|343\/404|[from] item: Leftovers
|turn|9
|
|move|p2a: Probe|Drain Punch|p1a: Demachai
|-damage|p1a: Demachai|211\/404
|-heal|p2a: Probe|193\/271|[from] drain|[of] p1a: Demachai
|move|p1a: Demachai|Earthquake|p2a: Probe
|-damage|p2a: Probe|72\/271
|
|-heal|p2a: Probe|88\/271|[from] item: Leftovers
|-heal|p1a: Demachai|236\/404|[from] item: Leftovers
|turn|10
|
|switch|p1a: (Not) Doge|Arcanine, M|384\/384
|-ability|p1a: (Not) Doge|Intimidate|[of] p2a: Probe
|-unboost|p2a: Probe|atk|1
|move|p2a: Probe|Drain Punch|p1a: (Not) Doge
|-damage|p1a: (Not) Doge|281\/384
|-heal|p2a: Probe|140\/271|[from] drain|[of] p1a: (Not) Doge
|-damage|p2a: Probe|95\/271|[from] item: Rocky Helmet|[of] p1a: (Not) Doge
|
|-heal|p2a: Probe|111\/271|[from] item: Leftovers
|turn|11
|
|switch|p2a: Wadded|Donphan, F|384\/384
|-damage|p2a: Wadded|360\/384|[from] Stealth Rock
|move|p1a: (Not) Doge|Flare Blitz|p2a: Wadded
|-damage|p2a: Wadded|240\/384
|-damage|p1a: (Not) Doge|241\/384|[from] recoil|[of] p2a: Wadded
|
|-heal|p2a: Wadded|264\/384|[from] item: Leftovers
|turn|12
|
|switch|p1a: Mario Food|Amoonguss, M|432\/432
|move|p2a: Wadded|Earthquake|p1a: Mario Food
|-damage|p1a: Mario Food|191\/432
|
|-heal|p2a: Wadded|288\/384|[from] item: Leftovers
|turn|13
|
|move|p2a: Wadded|Earthquake|p1a: Mario Food
|-damage|p1a: Mario Food|0 fnt
|faint|p1a: Mario Food
|
|-heal|p2a: Wadded|312\/384|[from] item: Leftovers
|
|switch|p1a: Demachai|Swampert, M|236\/404
|turn|14
|
|switch|p2a: Major|Blastoise, F|362\/362
|-damage|p2a: Major|317\/362|[from] Stealth Rock
|move|p1a: Demachai|Scald|p2a: Major
|-resisted|p2a: Major
|-damage|p2a: Major|275\/362
|-status|p2a: Major|brn
|
|-heal|p1a: Demachai|261\/404|[from] item: Leftovers
|-damage|p2a: Major|230\/362 brn|[from] brn
|turn|15
|
|switch|p1a: (Not) Doge|Arcanine, M|241\/384
|-ability|p1a: (Not) Doge|Intimidate|[of] p2a: Major
|-unboost|p2a: Major|atk|1
|detailschange|p2a: Major|Blastoise-Mega, F
|-mega|p2a: Major|Blastoise|Blastoisinite
|move|p2a: Major|Scald|p1a: (Not) Doge
|-supereffective|p1a: (Not) Doge
|-damage|p1a: (Not) Doge|0 fnt
|faint|p1a: (Not) Doge
|
|-damage|p2a: Major|185\/362 brn|[from] brn
|
|switch|p1a: Crescent|Absol-Mega, F|271\/271
|turn|16
|
|move|p1a: Crescent|Sucker Punch|p2a: Major
|-crit|p2a: Major
|-damage|p2a: Major|10\/362 brn
|move|p2a: Major|Scald|p1a: Crescent
|-damage|p1a: Crescent|76\/271
|
|-damage|p2a: Major|0 fnt|[from] brn
|faint|p2a: Major
|
|switch|p2a: Wadded|Donphan, F|312\/384
|-damage|p2a: Wadded|288\/384|[from] Stealth Rock
|turn|17
|
|switch|p1a: Demachai|Swampert, M|261\/404
|move|p2a: Wadded|Rapid Spin|p1a: Demachai
|-damage|p1a: Demachai|242\/404
|-sideend|p2: SergeantPokeDoakes|Stealth Rock|[from] move: Rapid Spin|[of] p2a: Wadded
|
|-heal|p1a: Demachai|267\/404|[from] item: Leftovers
|-heal|p2a: Wadded|312\/384|[from] item: Leftovers
|turn|18
|
|move|p1a: Demachai|Stealth Rock|p2a: Wadded
|-sidestart|p2: SergeantPokeDoakes|move: Stealth Rock
|move|p2a: Wadded|Earthquake|p1a: Demachai
|-damage|p1a: Demachai|125\/404
|
|-heal|p1a: Demachai|150\/404|[from] item: Leftovers
|-heal|p2a: Wadded|336\/384|[from] item: Leftovers
|turn|19
|
|move|p1a: Demachai|Scald|p2a: Wadded
|-supereffective|p2a: Wadded
|-damage|p2a: Wadded|88\/384
|-status|p2a: Wadded|brn
|move|p2a: Wadded|Earthquake|p1a: Demachai
|-damage|p1a: Demachai|77\/404
|
|-heal|p1a: Demachai|102\/404|[from] item: Leftovers
|-heal|p2a: Wadded|112\/384 brn|[from] item: Leftovers
|-damage|p2a: Wadded|64\/384 brn|[from] brn
|turn|20
|
|move|p2a: Wadded|Ice Shard|p1a: Demachai
|-damage|p1a: Demachai|81\/404
|move|p1a: Demachai|Scald|p2a: Wadded
|-supereffective|p2a: Wadded
|-damage|p2a: Wadded|0 fnt
|faint|p2a: Wadded
|
|-heal|p1a: Demachai|106\/404|[from] item: Leftovers
|
|switch|p2a: Reopen|Honchkrow, M|341\/341
|-damage|p2a: Reopen|256\/341|[from] Stealth Rock
|turn|21
|
|switch|p1a: Penguin Soldier|Empoleon, M, shiny|262\/372
|move|p2a: Reopen|Brave Bird|p1a: Penguin Soldier
|-resisted|p1a: Penguin Soldier
|-damage|p1a: Penguin Soldier|122\/372
|-damage|p2a: Reopen|210\/341|[from] recoil|[of] p1a: Penguin Soldier
|-damage|p2a: Reopen|176\/341|[from] item: Life Orb
|
|-heal|p1a: Penguin Soldier|145\/372|[from] item: Leftovers
|turn|22
|
|move|p2a: Reopen|Sucker Punch|p1a: Penguin Soldier
|-damage|p1a: Penguin Soldier|0 fnt
|-damage|p2a: Reopen|142\/341|[from] item: Life Orb
|faint|p1a: Penguin Soldier
|-boost|p2a: Reopen|atk|1|[from] ability: Moxie
|
|
|switch|p1a: Crescent|Absol-Mega, F|76\/271
|turn|23
|
|move|p1a: Crescent|Sucker Punch|p2a: Reopen
|-resisted|p2a: Reopen
|-damage|p2a: Reopen|0 fnt
|faint|p2a: Reopen
|
|
|switch|p2a: Psychoneurosis|Jirachi|404\/404
|-damage|p2a: Psychoneurosis|379\/404|[from] Stealth Rock
|turn|24
|
|switch|p1a: Demachai|Swampert, M|106\/404
|move|p2a: Psychoneurosis|Iron Head|p1a: Demachai
|-resisted|p1a: Demachai
|-damage|p1a: Demachai|70\/404
|
|-heal|p2a: Psychoneurosis|404\/404|[from] item: Leftovers
|-heal|p1a: Demachai|95\/404|[from] item: Leftovers
|turn|25
|
|move|p2a: Psychoneurosis|Wish|p2a: Psychoneurosis
|move|p1a: Demachai|Earthquake|p2a: Psychoneurosis
|-supereffective|p2a: Psychoneurosis
|-damage|p2a: Psychoneurosis|146\/404
|
|-heal|p2a: Psychoneurosis|171\/404|[from] item: Leftovers
|-heal|p1a: Demachai|120\/404|[from] item: Leftovers
|turn|26
|
|move|p2a: Psychoneurosis|Iron Head|p1a: Demachai
|-resisted|p1a: Demachai
|-damage|p1a: Demachai|85\/404
|cant|p1a: Demachai|flinch
|
|-heal|p2a: Psychoneurosis|373\/404|[from] move: Wish|[wisher] Psychoneurosis
|-heal|p2a: Psychoneurosis|398\/404|[from] item: Leftovers
|-heal|p1a: Demachai|110\/404|[from] item: Leftovers
|turn|27
|
|move|p2a: Psychoneurosis|Iron Head|p1a: Demachai
|-resisted|p1a: Demachai
|-damage|p1a: Demachai|77\/404
|move|p1a: Demachai|Earthquake|p2a: Psychoneurosis
|-supereffective|p2a: Psychoneurosis
|-damage|p2a: Psychoneurosis|120\/404
|
|-heal|p2a: Psychoneurosis|145\/404|[from] item: Leftovers
|-heal|p1a: Demachai|102\/404|[from] item: Leftovers
|turn|28
|
|move|p2a: Psychoneurosis|Wish|p2a: Psychoneurosis
|move|p1a: Demachai|Earthquake|p2a: Psychoneurosis
|-crit|p2a: Psychoneurosis
|-supereffective|p2a: Psychoneurosis
|-damage|p2a: Psychoneurosis|0 fnt
|faint|p2a: Psychoneurosis
|
|-heal|p1a: Demachai|127\/404|[from] item: Leftovers
|
|switch|p2a: Probe|Scrafty, M|111\/271
|-damage|p2a: Probe|95\/271|[from] Stealth Rock
|turn|29
|
|move|p2a: Probe|Drain Punch|p1a: Demachai
|-damage|p1a: Demachai|37\/404
|-heal|p2a: Probe|140\/271|[from] drain|[of] p1a: Demachai
|move|p1a: Demachai|Roar|p2a: Probe
|drag|p2a: Grenada|Meloetta|203\/403
|-damage|p2a: Grenada|153\/403|[from] Stealth Rock
|
|-heal|p2a: Grenada|355\/403|[from] move: Wish|[wisher] Psychoneurosis
|-heal|p1a: Demachai|62\/404|[from] item: Leftovers
|turn|30
|
|move|p2a: Grenada|Energy Ball|p1a: Demachai
|-supereffective|p1a: Demachai
|-damage|p1a: Demachai|0 fnt
|faint|p1a: Demachai
|
|
|switch|p1a: Crescent|Absol-Mega, F|76\/271
|turn|31
|
|move|p1a: Crescent|Sucker Punch|p2a: Grenada
|-supereffective|p2a: Grenada
|-damage|p2a: Grenada|0 fnt
|faint|p2a: Grenada
|
|
|switch|p2a: Probe|Scrafty, M|140\/271
|-damage|p2a: Probe|124\/271|[from] Stealth Rock
|turn|32
|
|move|p1a: Crescent|Play Rough|p2a: Probe
|-supereffective|p2a: Probe
|-damage|p2a: Probe|0 fnt
|faint|p2a: Probe
|
|win|Shrewly
|raw|Ladder updating...
|raw|Shrewly's rating: 1377 &rarr; <strong>1396<\/strong><br \/>(+19 for winning)
|raw|SergeantPokeDoakes's rating: 1360 &rarr; <strong>1341<\/strong><br \/>(-19 for losing)
|c|âSergeantPokeDoakes|gg
|c|âShrewly|gg
|leave|SergeantPokeDoakes
|player|p2