|join|Shrewly
|join|sadwet
|player|p1|Shrewly|180
|player|p2|sadwet|2
|gametype|singles
|gen|6
|tier|UU
|rated
|rule|Sleep Clause Mod: Limit one foe put to sleep
|rule|Species Clause: Limit one of each PokÃ©mon
|rule|OHKO Clause: OHKO moves are banned
|rule|Moody Clause: Moody is banned
|rule|Evasion Moves Clause: Evasion moves are banned
|rule|Endless Battle Clause: Forcing endless battles is banned
|rule|HP Percentage Mod: HP is shown in percentages
|clearpoke
|poke|p1|Yanmega, F
|poke|p1|Arcanine, M
|poke|p1|Swampert, M
|poke|p1|Amoonguss, M
|poke|p1|Absol, F
|poke|p1|Alakazam, M
|poke|p2|Darmanitan, M
|poke|p2|Blastoise, M
|poke|p2|Gourgeist-*, F
|poke|p2|Galvantula, F
|poke|p2|Goodra, M
|poke|p2|Jirachi
|rule|Swagger Clause: Swagger is banned
|rule|Baton Pass Clause: Limit one PokÃ©mon knowing Baton Pass
|teampreview
|
|start
|switch|p1a: Demachai|Swampert, M|404\/404
|switch|p2a: Galvantula|Galvantula, F|281\/281
|turn|1
|
|move|p2a: Galvantula|Energy Ball|p1a: Demachai
|-supereffective|p1a: Demachai
|-damage|p1a: Demachai|0 fnt
|-damage|p2a: Galvantula|253\/281|[from] item: Life Orb
|faint|p1a: Demachai
|
|
|switch|p1a: Master Doge|Arcanine, M|384\/384
|-ability|p1a: Master Doge|Intimidate|[of] p2a: Galvantula
|-unboost|p2a: Galvantula|atk|1
|turn|2
|
|move|p2a: Galvantula|Sticky Web|p1a: Master Doge
|-sidestart|p1: Shrewly|move: Sticky Web
|move|p1a: Master Doge|Flare Blitz|p2a: Galvantula
|-supereffective|p2a: Galvantula
|-damage|p2a: Galvantula|0 fnt
|-damage|p1a: Master Doge|301\/384|[from] recoil|[of] p2a: Galvantula
|faint|p2a: Galvantula
|
|
|switch|p2a: Blastoise|Blastoise, M|361\/361
|turn|3
|
|switch|p1a: Mario Food|Amoonguss, M|432\/432
|-activate|p1a: Mario Food|move: Sticky Web
|-unboost|p1a: Mario Food|spe|1
|detailschange|p2a: Blastoise|Blastoise-Mega, M
|-mega|p2a: Blastoise|Blastoise|Blastoisinite
|move|p2a: Blastoise|Dark Pulse|p1a: Mario Food
|-damage|p1a: Mario Food|345\/432
|
|turn|4
|
|switch|p2a: Jirachi|Jirachi|403\/403
|switch|p1a: Master Doge|Arcanine, M|301\/384
|-activate|p1a: Master Doge|move: Sticky Web
|-unboost|p1a: Master Doge|spe|1
|-ability|p1a: Master Doge|Intimidate|[of] p2a: Jirachi
|-unboost|p2a: Jirachi|atk|1
|
|turn|5
|
|move|p2a: Jirachi|Thunder Wave|p1a: Master Doge
|-status|p1a: Master Doge|par
|cant|p1a: Master Doge|par
|
|turn|6
|
|switch|p2a: Blastoise|Blastoise-Mega, M|361\/361
|move|p1a: Master Doge|Toxic|p2a: Blastoise|[miss]
|-miss|p1a: Master Doge|p2a: Blastoise
|
|turn|7
|
|switch|p1a: Mario Food|Amoonguss, M|432\/432
|-activate|p1a: Mario Food|move: Sticky Web
|-unboost|p1a: Mario Food|spe|1
|move|p2a: Blastoise|Scald|p1a: Mario Food
|-resisted|p1a: Mario Food
|-damage|p1a: Mario Food|390\/432
|
|turn|8
|
|switch|p2a: Jirachi|Jirachi|403\/403
|move|p1a: Mario Food|Giga Drain|p2a: Jirachi
|-resisted|p2a: Jirachi
|-damage|p2a: Jirachi|374\/403
|-heal|p1a: Mario Food|405\/432|[from] drain|[of] p2a: Jirachi
|
|-heal|p2a: Jirachi|399\/403|[from] item: Leftovers
|turn|9
|
|switch|p1a: Master Doge|Arcanine, M|301\/384 par
|-activate|p1a: Master Doge|move: Sticky Web
|-unboost|p1a: Master Doge|spe|1
|-ability|p1a: Master Doge|Intimidate|[of] p2a: Jirachi
|-unboost|p2a: Jirachi|atk|1
|move|p2a: Jirachi|Iron Head|p1a: Master Doge
|-resisted|p1a: Master Doge
|-damage|p1a: Master Doge|274\/384 par
|-damage|p2a: Jirachi|332\/403|[from] item: Rocky Helmet|[of] p1a: Master Doge
|
|-heal|p2a: Jirachi|357\/403|[from] item: Leftovers
|turn|10
|
|move|p2a: Jirachi|Wish|p2a: Jirachi
|move|p1a: Master Doge|Flare Blitz|p2a: Jirachi
|-supereffective|p2a: Jirachi
|-damage|p2a: Jirachi|39\/403
|-damage|p1a: Master Doge|169\/384 par|[from] recoil|[of] p2a: Jirachi
|
|-heal|p2a: Jirachi|64\/403|[from] item: Leftovers
|turn|11
|
|switch|p2a: Darmanitan|Darmanitan, M|351\/351
|move|p1a: Master Doge|Flare Blitz|p2a: Darmanitan
|-resisted|p2a: Darmanitan
|-damage|p2a: Darmanitan|222\/351
|-damage|p1a: Master Doge|126\/384 par|[from] recoil|[of] p2a: Darmanitan
|
|-heal|p2a: Darmanitan|351\/351|[from] move: Wish|[wisher] Jirachi
|turn|12
|
|switch|p1a: Resist is Futile|Yanmega, F|313\/313
|move|p2a: Darmanitan|Rock Slide|p1a: Resist is Futile
|-supereffective|p1a: Resist is Futile
|-damage|p1a: Resist is Futile|0 fnt
|faint|p1a: Resist is Futile
|
|
|switch|p1a: Spooner|Alakazam, M|252\/252
|-activate|p1a: Spooner|move: Sticky Web
|-unboost|p1a: Spooner|spe|1
|turn|13
|
|switch|p2a: Jirachi|Jirachi|64\/403
|move|p1a: Spooner|Shadow Ball|p2a: Jirachi
|-supereffective|p2a: Jirachi
|-damage|p2a: Jirachi|0 fnt
|faint|p2a: Jirachi
|
|
|switch|p2a: Goodra|Goodra, M|383\/383
|turn|14
|
|move|p1a: Spooner|Psyshock|p2a: Goodra
|-crit|p2a: Goodra
|-damage|p2a: Goodra|64\/383
|move|p2a: Goodra|Dragon Pulse|p1a: Spooner
|-damage|p1a: Spooner|110\/252
|
|turn|15
|
|move|p1a: Spooner|Psyshock|p2a: Goodra
|-damage|p2a: Goodra|0 fnt
|faint|p2a: Goodra
|
|
|switch|p2a: Darmanitan|Darmanitan, M|351\/351
|turn|16
|
|move|p2a: Darmanitan|Flare Blitz|p1a: Spooner
|-damage|p1a: Spooner|0 fnt
|-damage|p2a: Darmanitan|315\/351|[from] recoil|[of] p1a: Spooner
|faint|p1a: Spooner
|
|
|switch|p1a: Master Doge|Arcanine, M|126\/384 par
|-activate|p1a: Master Doge|move: Sticky Web
|-unboost|p1a: Master Doge|spe|1
|-ability|p1a: Master Doge|Intimidate|[of] p2a: Darmanitan
|-unboost|p2a: Darmanitan|atk|1
|turn|17
|
|switch|p2a: Gourgeist-Super|Gourgeist-Super, F|374\/374
|-item|p1a: Master Doge|Rocky Helmet|[from] ability: Frisk|[of] p2a: Gourgeist-Super|[identify]
|cant|p1a: Master Doge|par
|
|turn|18
|
|move|p2a: Gourgeist-Super|Leech Seed|p1a: Master Doge
|-start|p1a: Master Doge|move: Leech Seed
|move|p1a: Master Doge|Morning Sun|p1a: Master Doge
|-heal|p1a: Master Doge|318\/384 par
|
|-damage|p1a: Master Doge|270\/384 par|[from] Leech Seed|[of] p2a: Gourgeist-Super
|turn|19
|
|move|p2a: Gourgeist-Super|Will-O-Wisp|p1a: Master Doge
|-fail|p1a: Master Doge
|move|p1a: Master Doge|Toxic|p2a: Gourgeist-Super
|-status|p2a: Gourgeist-Super|tox
|
|-damage|p1a: Master Doge|222\/384 par|[from] Leech Seed|[of] p2a: Gourgeist-Super
|-damage|p2a: Gourgeist-Super|351\/374 tox|[from] psn
|turn|20
|
|switch|p2a: Darmanitan|Darmanitan, M|315\/351
|cant|p1a: Master Doge|par
|
|-damage|p1a: Master Doge|174\/384 par|[from] Leech Seed|[of] p2a: Darmanitan
|-heal|p2a: Darmanitan|351\/351|[silent]
|turn|21
|
|cant|p1a: Master Doge|par
|move|p2a: Darmanitan|Earthquake|p1a: Master Doge
|-supereffective|p1a: Master Doge
|-damage|p1a: Master Doge|0 fnt
|-damage|p2a: Darmanitan|316\/351|[from] item: Life Orb
|faint|p1a: Master Doge
|
|
|switch|p1a: Crescent|Absol, F|271\/271
|-activate|p1a: Crescent|move: Sticky Web
|-unboost|p1a: Crescent|spe|1
|turn|22
|
|detailschange|p1a: Crescent|Absol-Mega, F
|-mega|p1a: Crescent|Absol|Absolite
|move|p1a: Crescent|Sucker Punch|p2a: Darmanitan
|-damage|p2a: Darmanitan|52\/351
|move|p2a: Darmanitan|Flare Blitz|p1a: Crescent
|-damage|p1a: Crescent|0 fnt
|-damage|p2a: Darmanitan|0 fnt|[from] recoil|[of] p1a: Crescent
|faint|p1a: Crescent
|faint|p2a: Darmanitan
|
|c|âsadwet|mega
|c|âsadwet|@
|
|switch|p2a: Gourgeist-Super|Gourgeist-Super, F|351\/374 tox
|switch|p1a: Mario Food|Amoonguss, M|432\/432
|-item|p1a: Mario Food|Assault Vest|[from] ability: Frisk|[of] p2a: Gourgeist-Super|[identify]
|-activate|p1a: Mario Food|move: Sticky Web
|-unboost|p1a: Mario Food|spe|1
|turn|23
|c|âsadwet|so that's why
|c|âShrewly|Huh? :o
|
|move|p2a: Gourgeist-Super|Will-O-Wisp|p1a: Mario Food
|-status|p1a: Mario Food|brn
|move|p1a: Mario Food|Sludge Bomb|p2a: Gourgeist-Super
|-damage|p2a: Gourgeist-Super|242\/374 tox
|
|-heal|p2a: Gourgeist-Super|265\/374 tox|[from] item: Leftovers
|-damage|p2a: Gourgeist-Super|242\/374 tox|[from] psn
|-damage|p1a: Mario Food|378\/432 brn|[from] brn
|turn|24
|c|âsadwet|very bulky
|
|move|p2a: Gourgeist-Super|Shadow Sneak|p1a: Mario Food
|-damage|p1a: Mario Food|314\/432 brn
|move|p1a: Mario Food|Sludge Bomb|p2a: Gourgeist-Super
|-damage|p2a: Gourgeist-Super|124\/374 tox
|
|-heal|p2a: Gourgeist-Super|147\/374 tox|[from] item: Leftovers
|-damage|p2a: Gourgeist-Super|101\/374 tox|[from] psn
|-damage|p1a: Mario Food|260\/432 brn|[from] brn
|turn|25
|
|move|p2a: Gourgeist-Super|Protect|p2a: Gourgeist-Super
|-singleturn|p2a: Gourgeist-Super|Protect
|move|p1a: Mario Food|Sludge Bomb|p2a: Gourgeist-Super
|-activate|p2a: Gourgeist-Super|Protect
|
|-heal|p2a: Gourgeist-Super|124\/374 tox|[from] item: Leftovers
|-damage|p2a: Gourgeist-Super|55\/374 tox|[from] psn
|-damage|p1a: Mario Food|206\/432 brn|[from] brn
|turn|26
|
|move|p2a: Gourgeist-Super|Shadow Sneak|p1a: Mario Food
|-crit|p1a: Mario Food
|-damage|p1a: Mario Food|107\/432 brn
|move|p1a: Mario Food|Giga Drain|p2a: Gourgeist-Super
|-crit|p2a: Gourgeist-Super
|-resisted|p2a: Gourgeist-Super
|-damage|p2a: Gourgeist-Super|0 fnt
|-heal|p1a: Mario Food|135\/432 brn|[from] drain|[of] p2a: Gourgeist-Super
|faint|p2a: Gourgeist-Super
|
|-damage|p1a: Mario Food|81\/432 brn|[from] brn
|
|switch|p2a: Blastoise|Blastoise-Mega, M|361\/361
|turn|27
|c|âsadwet|hope i can kill it
|
|move|p2a: Blastoise|Dark Pulse|p1a: Mario Food
|-damage|p1a: Mario Food|0 fnt
|faint|p1a: Mario Food
|
|win|sadwet
|raw|Ladder updating...
|raw|Shrewly's rating: 1141 &rarr; <strong>1109<\/strong><br \/>(-32 for losing)
|raw|sadwet's rating: 1040 &rarr; <strong>1084<\/strong><br \/>(+44 for winning)
|c|âShrewly|gg
|c|âsadwet|gg