|join|Shrewly
|join|bt304
|player|p1|Shrewly|180
|player|p2|bt304|265
|gametype|singles
|gen|6
|tier|UU
|rated
|rule|Sleep Clause Mod: Limit one foe put to sleep
|rule|Species Clause: Limit one of each PokÃ©mon
|rule|OHKO Clause: OHKO moves are banned
|rule|Moody Clause: Moody is banned
|rule|Evasion Moves Clause: Evasion moves are banned
|rule|Endless Battle Clause: Forcing endless battles is banned
|rule|HP Percentage Mod: HP is shown in percentages
|clearpoke
|poke|p1|Empoleon, M, shiny
|poke|p1|Arcanine, M
|poke|p1|Swampert, M
|poke|p1|Amoonguss, M
|poke|p1|Absol, F
|poke|p1|Eelektross, M, shiny
|poke|p2|Beedrill, M, shiny
|poke|p2|Alakazam, F
|poke|p2|Nidoking, M, shiny
|poke|p2|Florges, F
|poke|p2|Krookodile, M, shiny
|poke|p2|Darmanitan, F
|rule|Swagger Clause: Swagger is banned
|rule|Baton Pass Clause: Limit one PokÃ©mon knowing Baton Pass
|teampreview
|
|start
|switch|p1a: Demachai|Swampert, M|404\/404
|switch|p2a: Krookodile|Krookodile, M, shiny|331\/331
|-ability|p2a: Krookodile|Intimidate|[of] p1a: Demachai
|-unboost|p1a: Demachai|atk|1
|turn|1
|
|move|p2a: Krookodile|Taunt|p1a: Demachai
|-start|p1a: Demachai|move: Taunt
|move|p1a: Demachai|Scald|p2a: Krookodile
|-supereffective|p2a: Krookodile
|-damage|p2a: Krookodile|101\/331
|
|-heal|p2a: Krookodile|121\/331|[from] item: Leftovers
|turn|2
|
|switch|p2a: Florges|Florges, F|360\/360
|move|p1a: Demachai|Scald|p2a: Florges
|-damage|p2a: Florges|317\/360
|
|-heal|p2a: Florges|339\/360|[from] item: Leftovers
|turn|3
|
|switch|p1a: Mario Food|Amoonguss, M|432\/432
|move|p2a: Florges|Toxic|p1a: Mario Food
|-fail|p1a: Mario Food
|
|-heal|p2a: Florges|360\/360|[from] item: Leftovers
|turn|4
|
|switch|p2a: Krookodile|Krookodile, M, shiny|121\/331
|-ability|p2a: Krookodile|Intimidate|[of] p1a: Mario Food
|-unboost|p1a: Mario Food|atk|1
|move|p1a: Mario Food|Sludge Bomb|p2a: Krookodile
|-resisted|p2a: Krookodile
|-damage|p2a: Krookodile|31\/331
|
|-heal|p2a: Krookodile|51\/331|[from] item: Leftovers
|turn|5
|
|move|p2a: Krookodile|Earthquake|p1a: Mario Food
|-damage|p1a: Mario Food|210\/432
|move|p1a: Mario Food|Giga Drain|p2a: Krookodile
|-supereffective|p2a: Krookodile
|-damage|p2a: Krookodile|0 fnt
|-heal|p1a: Mario Food|236\/432|[from] drain|[of] p2a: Krookodile
|faint|p2a: Krookodile
|
|
|switch|p2a: Nidoking|Nidoking, M, shiny|365\/365
|turn|6
|
|switch|p1a: Noo-Noo|Eelektross, M, shiny|373\/373
|move|p2a: Nidoking|Flamethrower|p1a: Noo-Noo
|-damage|p1a: Noo-Noo|273\/373
|
|turn|7
|
|switch|p2a: Florges|Florges, F|360\/360
|move|p1a: Noo-Noo|Giga Drain|p2a: Florges
|-damage|p2a: Florges|316\/360
|-heal|p1a: Noo-Noo|295\/373|[from] drain|[of] p2a: Florges
|
|-heal|p2a: Florges|338\/360|[from] item: Leftovers
|turn|8
|
|move|p2a: Florges|Wish|p2a: Florges
|move|p1a: Noo-Noo|Volt Switch|p2a: Florges
|-damage|p2a: Florges|274\/360
|
|switch|p1a: Demachai|Swampert, M|404\/404
|
|-heal|p2a: Florges|296\/360|[from] item: Leftovers
|turn|9
|
|move|p2a: Florges|Toxic|p1a: Demachai
|-status|p1a: Demachai|tox
|move|p1a: Demachai|Stealth Rock|p2a: Florges
|-sidestart|p2: bt304|move: Stealth Rock
|
|-heal|p2a: Florges|360\/360|[from] move: Wish|[wisher] Florges
|-damage|p1a: Demachai|379\/404 tox|[from] psn
|turn|10
|
|switch|p1a: Mario Food|Amoonguss, M|380\/432
|move|p2a: Florges|Wish|p2a: Florges
|
|turn|11
|
|switch|p2a: Darmanitan|Darmanitan, F|351\/351
|-damage|p2a: Darmanitan|264\/351|[from] Stealth Rock
|move|p1a: Mario Food|Sludge Bomb|p2a: Darmanitan
|-damage|p2a: Darmanitan|50\/351
|
|-heal|p2a: Darmanitan|230\/351|[from] move: Wish|[wisher] Florges
|turn|12
|
|switch|p1a: Demachai|Swampert, M|379\/404 tox
|move|p2a: Darmanitan|Earthquake|p1a: Demachai
|-crit|p1a: Demachai
|-damage|p1a: Demachai|221\/404 tox
|
|-heal|p1a: Demachai|246\/404 tox|[from] item: Leftovers
|-damage|p1a: Demachai|221\/404 tox|[from] psn
|turn|13
|
|switch|p2a: Florges|Florges, F|360\/360
|-damage|p2a: Florges|315\/360|[from] Stealth Rock
|move|p1a: Demachai|Earthquake|p2a: Florges
|-damage|p2a: Florges|129\/360
|
|-heal|p2a: Florges|151\/360|[from] item: Leftovers
|-heal|p1a: Demachai|246\/404 tox|[from] item: Leftovers
|-damage|p1a: Demachai|196\/404 tox|[from] psn
|turn|14
|
|switch|p1a: Mario Food|Amoonguss, M|432\/432
|move|p2a: Florges|Protect|p2a: Florges
|-fail|p2a: Florges
|
|-heal|p2a: Florges|173\/360|[from] item: Leftovers
|turn|15
|
|move|p2a: Florges|Protect|p2a: Florges
|-singleturn|p2a: Florges|Protect
|move|p1a: Mario Food|Sludge Bomb|p2a: Florges
|-activate|p2a: Florges|Protect
|
|-heal|p2a: Florges|195\/360|[from] item: Leftovers
|turn|16
|
|move|p2a: Florges|Wish|p2a: Florges
|move|p1a: Mario Food|Sludge Bomb|p2a: Florges
|-supereffective|p2a: Florges
|-damage|p2a: Florges|49\/360
|
|-heal|p2a: Florges|71\/360|[from] item: Leftovers
|turn|17
|
|switch|p1a: Noo-Noo|Eelektross, M, shiny|295\/373
|move|p2a: Florges|Protect|p2a: Florges
|-fail|p2a: Florges
|
|-heal|p2a: Florges|251\/360|[from] move: Wish|[wisher] Florges
|-heal|p2a: Florges|273\/360|[from] item: Leftovers
|turn|18
|
|move|p2a: Florges|Toxic|p1a: Noo-Noo
|-status|p1a: Noo-Noo|tox
|move|p1a: Noo-Noo|Knock Off|p2a: Florges
|-resisted|p2a: Florges
|-damage|p2a: Florges|212\/360
|-enditem|p2a: Florges|Leftovers|[from] move: Knock Off|[of] p1a: Noo-Noo
|
|-damage|p1a: Noo-Noo|272\/373 tox|[from] psn
|turn|19
|
|switch|p1a: Mario Food|Amoonguss, M|432\/432
|move|p2a: Florges|Wish|p2a: Florges
|
|turn|20
|
|move|p2a: Florges|Protect|p2a: Florges
|-singleturn|p2a: Florges|Protect
|move|p1a: Mario Food|Sludge Bomb|p2a: Florges
|-activate|p2a: Florges|Protect
|
|-heal|p2a: Florges|360\/360|[from] move: Wish|[wisher] Florges
|turn|21
|
|move|p2a: Florges|Wish|p2a: Florges
|move|p1a: Mario Food|Sludge Bomb|p2a: Florges
|-supereffective|p2a: Florges
|-damage|p2a: Florges|232\/360
|-status|p2a: Florges|psn
|
|-damage|p2a: Florges|187\/360 psn|[from] psn
|turn|22
|
|switch|p2a: Nidoking|Nidoking, M, shiny|365\/365
|-damage|p2a: Nidoking|343\/365|[from] Stealth Rock
|switch|p1a: Penguin Soldier|Empoleon, M, shiny|372\/372
|
|-heal|p2a: Nidoking|365\/365|[from] move: Wish|[wisher] Florges
|turn|23
|
|switch|p1a: Noo-Noo|Eelektross, M, shiny|272\/373 tox
|move|p2a: Nidoking|Earth Power|p1a: Noo-Noo
|-immune|p1a: Noo-Noo|[msg]
|
|-damage|p1a: Noo-Noo|249\/373 tox|[from] psn
|turn|24
|
|move|p2a: Nidoking|Sludge Wave|p1a: Noo-Noo
|-damage|p1a: Noo-Noo|99\/373 tox
|move|p1a: Noo-Noo|Giga Drain|p2a: Nidoking
|-damage|p2a: Nidoking|252\/365
|-heal|p1a: Noo-Noo|156\/373 tox|[from] drain|[of] p2a: Nidoking
|
|-damage|p1a: Noo-Noo|110\/373 tox|[from] psn
|turn|25
|
|move|p2a: Nidoking|Sludge Wave|p1a: Noo-Noo
|-damage|p1a: Noo-Noo|0 fnt
|faint|p1a: Noo-Noo
|
|
|switch|p1a: Mario Food|Amoonguss, M|432\/432
|turn|26
|
|move|p2a: Nidoking|Flamethrower|p1a: Mario Food
|-supereffective|p1a: Mario Food
|-damage|p1a: Mario Food|206\/432
|move|p1a: Mario Food|Giga Drain|p2a: Nidoking
|-damage|p2a: Nidoking|113\/365
|-heal|p1a: Mario Food|276\/432|[from] drain|[of] p2a: Nidoking
|
|turn|27
|
|move|p2a: Nidoking|Flamethrower|p1a: Mario Food
|-supereffective|p1a: Mario Food
|-damage|p1a: Mario Food|70\/432
|move|p1a: Mario Food|Giga Drain|p2a: Nidoking
|-damage|p2a: Nidoking|0 fnt
|-heal|p1a: Mario Food|127\/432|[from] drain|[of] p2a: Nidoking
|faint|p2a: Nidoking
|
|
|switch|p2a: Alakazam|Alakazam, F|251\/251
|turn|28
|
|switch|p1a: Penguin Soldier|Empoleon, M, shiny|372\/372
|move|p2a: Alakazam|Psychic|p1a: Penguin Soldier
|-resisted|p1a: Penguin Soldier
|-damage|p1a: Penguin Soldier|312\/372
|
|-heal|p1a: Penguin Soldier|335\/372|[from] item: Leftovers
|turn|29
|
|move|p2a: Alakazam|Energy Ball|p1a: Penguin Soldier
|-crit|p1a: Penguin Soldier
|-damage|p1a: Penguin Soldier|206\/372
|move|p1a: Penguin Soldier|Flash Cannon|p2a: Alakazam
|-damage|p2a: Alakazam|148\/251
|
|-heal|p1a: Penguin Soldier|229\/372|[from] item: Leftovers
|turn|30
|
|switch|p2a: Florges|Florges, F|187\/360 psn
|-damage|p2a: Florges|142\/360 psn|[from] Stealth Rock
|move|p1a: Penguin Soldier|Flash Cannon|p2a: Florges
|-supereffective|p2a: Florges
|-damage|p2a: Florges|26\/360 psn
|
|-heal|p1a: Penguin Soldier|252\/372|[from] item: Leftovers
|-damage|p2a: Florges|0 fnt|[from] psn
|faint|p2a: Florges
|
|switch|p2a: Darmanitan|Darmanitan, F|230\/351
|-damage|p2a: Darmanitan|143\/351|[from] Stealth Rock
|turn|31
|
|move|p2a: Darmanitan|Flare Blitz|p1a: Penguin Soldier
|-damage|p1a: Penguin Soldier|0 fnt
|-damage|p2a: Darmanitan|60\/351|[from] recoil|[of] p1a: Penguin Soldier
|faint|p1a: Penguin Soldier
|
|
|switch|p1a: Crescent|Absol, F|271\/271
|turn|32
|
|detailschange|p1a: Crescent|Absol-Mega, F
|-mega|p1a: Crescent|Absol|Absolite
|move|p1a: Crescent|Sucker Punch|p2a: Darmanitan
|-damage|p2a: Darmanitan|0 fnt
|faint|p2a: Darmanitan
|
|
|switch|p2a: Beedrill|Beedrill, M, shiny|271\/271
|-damage|p2a: Beedrill|204\/271|[from] Stealth Rock
|turn|33
|
|detailschange|p2a: Beedrill|Beedrill-Mega, M, shiny
|-mega|p2a: Beedrill|Beedrill|Beedrillite
|move|p1a: Crescent|Sucker Punch|p2a: Beedrill
|-damage|p2a: Beedrill|0 fnt
|faint|p2a: Beedrill
|
|-message|bt304 forfeited.
|
|win|Shrewly
|raw|Ladder updating...
|leave|bt304
|player|p2
|raw|Shrewly's rating: 1396 &rarr; <strong>1405<\/strong><br \/>(+9 for winning)
|raw|bt304's rating: 1180 &rarr; <strong>1169<\/strong><br \/>(-11 for losing)