|join|Shrewly
|join|squirrelmaster
|player|p1|Shrewly|180
|player|p2|squirrelmaster|12
|gametype|singles
|gen|6
|tier|UU
|rated
|rule|Sleep Clause Mod: Limit one foe put to sleep
|rule|Species Clause: Limit one of each PokÃ©mon
|rule|OHKO Clause: OHKO moves are banned
|rule|Moody Clause: Moody is banned
|rule|Evasion Moves Clause: Evasion moves are banned
|rule|Endless Battle Clause: Forcing endless battles is banned
|rule|HP Percentage Mod: HP is shown in percentages
|clearpoke
|poke|p1|Yanmega, M
|poke|p1|Arcanine, M
|poke|p1|Swampert, M
|poke|p1|Amoonguss, M
|poke|p1|Absol, F
|poke|p1|Alakazam, M
|poke|p2|Darmanitan, M, shiny
|poke|p2|Roserade, F
|poke|p2|Honchkrow, M
|poke|p2|Milotic, M, shiny
|poke|p2|Bronzong
|poke|p2|Lucario, M, shiny
|rule|Swagger Clause: Swagger is banned
|rule|Baton Pass Clause: Limit one PokÃ©mon knowing Baton Pass
|teampreview
|
|start
|switch|p1a: Crescent|Absol, F|271\/271
|switch|p2a: Bell|Bronzong|338\/338
|turn|1
|
|detailschange|p1a: Crescent|Absol-Mega, F
|-mega|p1a: Crescent|Absol|Absolite
|move|p1a: Crescent|Knock Off|p2a: Bell
|-supereffective|p2a: Bell
|-damage|p2a: Bell|0 fnt
|-enditem|p2a: Bell|Leftovers|[from] move: Knock Off|[of] p1a: Crescent
|faint|p2a: Bell
|
|
|switch|p2a: Clyde|Honchkrow, M|346\/346
|turn|2
|
|switch|p1a: Demachai|Swampert, M|404\/404
|move|p2a: Clyde|Superpower|p1a: Demachai
|-damage|p1a: Demachai|261\/404
|-unboost|p2a: Clyde|atk|1
|-unboost|p2a: Clyde|def|1
|-damage|p2a: Clyde|312\/346|[from] item: Life Orb
|
|-heal|p1a: Demachai|286\/404|[from] item: Leftovers
|turn|3
|
|switch|p2a: Florence|Roserade, F|324\/324
|move|p1a: Demachai|Stealth Rock|p2a: Florence
|-sidestart|p2: squirrelmaster|move: Stealth Rock
|
|-heal|p1a: Demachai|311\/404|[from] item: Leftovers
|turn|4
|
|switch|p1a: Mario Food|Amoonguss, M|432\/432
|move|p2a: Florence|Giga Drain|p1a: Mario Food
|-resisted|p1a: Mario Food
|-damage|p1a: Mario Food|413\/432
|
|turn|5
|
|move|p2a: Florence|Spikes|p1a: Mario Food
|-sidestart|p1: Shrewly|Spikes
|move|p1a: Mario Food|Sludge Bomb|p2a: Florence
|-crit|p2a: Florence
|-damage|p2a: Florence|189\/324
|
|-heal|p2a: Florence|209\/324|[from] item: Black Sludge
|turn|6
|
|switch|p1a: Crescent|Absol-Mega, F|271\/271
|-damage|p1a: Crescent|238\/271|[from] Spikes
|move|p2a: Florence|Spikes|p1a: Crescent
|move|p1a: Crescent|Spikes|p2a: Florence|[from]Magic Bounce
|-sidestart|p2: squirrelmaster|Spikes
|
|-heal|p2a: Florence|229\/324|[from] item: Black Sludge
|turn|7
|
|switch|p2a: Clyde|Honchkrow, M|312\/346
|-damage|p2a: Clyde|226\/346|[from] Stealth Rock
|move|p1a: Crescent|Knock Off|p2a: Clyde
|-resisted|p2a: Clyde
|-damage|p2a: Clyde|52\/346
|-enditem|p2a: Clyde|Life Orb|[from] move: Knock Off|[of] p1a: Crescent
|
|turn|8
|
|move|p1a: Crescent|Sucker Punch|p2a: Clyde
|-resisted|p2a: Clyde
|-damage|p2a: Clyde|0 fnt
|faint|p2a: Clyde
|
|
|switch|p2a: Chase|Darmanitan, M, shiny|351\/351
|-damage|p2a: Chase|264\/351|[from] Stealth Rock
|-damage|p2a: Chase|221\/351|[from] Spikes
|turn|9
|c|âShrewly|What are your pokemon named after?
|
|switch|p1a: Master Doge|Arcanine, M|384\/384
|-damage|p1a: Master Doge|336\/384|[from] Spikes
|-ability|p1a: Master Doge|Intimidate|[of] p2a: Chase
|-unboost|p2a: Chase|atk|1
|move|p2a: Chase|Flare Blitz|p1a: Master Doge
|-resisted|p1a: Master Doge
|-damage|p1a: Master Doge|245\/384
|-damage|p2a: Chase|163\/351|[from] item: Rocky Helmet|[of] p1a: Master Doge
|-damage|p2a: Chase|133\/351|[from] recoil|[of] p1a: Master Doge
|
|turn|10
|c|âsquirrelmaster|it's random
|c|âShrewly|ah ok
|c|âsquirrelmaster|yours?
|
|switch|p2a: Frank|Milotic, M, shiny|394\/394
|-damage|p2a: Frank|345\/394|[from] Spikes
|-damage|p2a: Frank|296\/394|[from] Stealth Rock
|move|p1a: Master Doge|Extreme Speed|p2a: Frank
|-damage|p2a: Frank|219\/394
|
|-heal|p2a: Frank|243\/394|[from] item: Leftovers
|turn|11
|c|âShrewly|random too, attempts to be funny some of them
|
|switch|p1a: Mario Food|Amoonguss, M|432\/432
|-damage|p1a: Mario Food|378\/432|[from] Spikes
|move|p2a: Frank|Protect|p2a: Frank
|-fail|p2a: Frank
|
|-heal|p2a: Frank|267\/394|[from] item: Leftovers
|turn|12
|
|move|p2a: Frank|Ice Beam|p1a: Mario Food
|-supereffective|p1a: Mario Food
|-damage|p1a: Mario Food|280\/432
|move|p1a: Mario Food|Giga Drain|p2a: Frank
|-supereffective|p2a: Frank
|-damage|p2a: Frank|151\/394
|-heal|p1a: Mario Food|338\/432|[from] drain|[of] p2a: Frank
|
|-heal|p2a: Frank|175\/394|[from] item: Leftovers
|turn|13
|
|move|p2a: Frank|Protect|p2a: Frank
|-singleturn|p2a: Frank|Protect
|move|p1a: Mario Food|Giga Drain|p2a: Frank
|-activate|p2a: Frank|Protect
|
|-heal|p2a: Frank|199\/394|[from] item: Leftovers
|turn|14
|
|move|p1a: Mario Food|Giga Drain|p2a: Frank
|-supereffective|p2a: Frank
|-damage|p2a: Frank|67\/394
|-heal|p1a: Mario Food|404\/432|[from] drain|[of] p2a: Frank
|move|p2a: Frank|Dragon Tail|p1a: Mario Food
|-damage|p1a: Mario Food|369\/432
|drag|p1a: Master Doge|Arcanine, M|245\/384
|-damage|p1a: Master Doge|197\/384|[from] Spikes
|-ability|p1a: Master Doge|Intimidate|[of] p2a: Frank
|-unboost|p2a: Frank|atk|1
|-boost|p2a: Frank|spa|2|[from] ability: Competitive
|
|-heal|p2a: Frank|91\/394|[from] item: Leftovers
|turn|15
|
|switch|p1a: Mario Food|Amoonguss, M|432\/432
|-damage|p1a: Mario Food|378\/432|[from] Spikes
|move|p2a: Frank|Protect|p2a: Frank
|-fail|p2a: Frank
|
|-heal|p2a: Frank|115\/394|[from] item: Leftovers
|turn|16
|
|move|p2a: Frank|Protect|p2a: Frank
|-singleturn|p2a: Frank|Protect
|move|p1a: Mario Food|Giga Drain|p2a: Frank
|-activate|p2a: Frank|Protect
|
|-heal|p2a: Frank|139\/394|[from] item: Leftovers
|turn|17
|
|switch|p2a: Fox|Lucario, M, shiny|281\/281
|-damage|p2a: Fox|273\/281|[from] Stealth Rock
|-damage|p2a: Fox|238\/281|[from] Spikes
|move|p1a: Mario Food|Giga Drain|p2a: Fox
|-resisted|p2a: Fox
|-damage|p2a: Fox|185\/281
|-heal|p1a: Mario Food|405\/432|[from] drain|[of] p2a: Fox
|
|turn|18
|
|move|p2a: Fox|Swords Dance|p2a: Fox
|-boost|p2a: Fox|atk|2
|move|p1a: Mario Food|Hidden Power|p2a: Fox
|-supereffective|p2a: Fox
|-damage|p2a: Fox|83\/281
|
|turn|19
|
|move|p2a: Fox|Earthquake|p1a: Mario Food
|-damage|p1a: Mario Food|42\/432
|-damage|p2a: Fox|55\/281|[from] item: Life Orb
|move|p1a: Mario Food|Hidden Power|p2a: Fox
|-crit|p2a: Fox
|-supereffective|p2a: Fox
|-damage|p2a: Fox|0 fnt
|faint|p2a: Fox
|
|
|switch|p2a: Florence|Roserade, F|229\/324
|-damage|p2a: Florence|189\/324|[from] Spikes
|-damage|p2a: Florence|149\/324|[from] Stealth Rock
|turn|20
|
|move|p2a: Florence|Hidden Power|p1a: Mario Food
|-supereffective|p1a: Mario Food
|-damage|p1a: Mario Food|0 fnt
|faint|p1a: Mario Food
|
|-heal|p2a: Florence|169\/324|[from] item: Black Sludge
|
|switch|p1a: Crescent|Absol-Mega, F|238\/271
|-damage|p1a: Crescent|205\/271|[from] Spikes
|turn|21
|
|move|p1a: Crescent|Knock Off|p2a: Florence
|-damage|p2a: Florence|0 fnt
|-enditem|p2a: Florence|Black Sludge|[from] move: Knock Off|[of] p1a: Crescent
|faint|p2a: Florence
|
|
|switch|p2a: Chase|Darmanitan, M, shiny|133\/351
|-damage|p2a: Chase|90\/351|[from] Spikes
|-damage|p2a: Chase|3\/351|[from] Stealth Rock
|turn|22
|
|move|p1a: Crescent|Sucker Punch|p2a: Chase
|-damage|p2a: Chase|0 fnt
|faint|p2a: Chase
|
|
|switch|p2a: Frank|Milotic, M, shiny|139\/394
|-damage|p2a: Frank|90\/394|[from] Spikes
|-damage|p2a: Frank|41\/394|[from] Stealth Rock
|turn|23
|c|âsquirrelmaster|gg
|c|âShrewly|gg
|
|move|p1a: Crescent|Knock Off|p2a: Frank
|-damage|p2a: Frank|0 fnt
|-enditem|p2a: Frank|Leftovers|[from] move: Knock Off|[of] p1a: Crescent
|faint|p2a: Frank
|
|win|Shrewly
|raw|Ladder updating...
|raw|Shrewly's rating: 1093 &rarr; <strong>1124<\/strong><br \/>(+31 for winning)
|raw|squirrelmaster's rating: 1163 &rarr; <strong>1133<\/strong><br \/>(-30 for losing)
|leave|squirrelmaster
|player|p2