|join|WECAMEASROMANS
|join|iplaytennislol
|player|p1|WECAMEASROMANS|265
|player|p2|iplaytennislol|175
|gametype|singles
|gen|6
|tier|OU
|rated
|clearpoke
|poke|p1|Thundurus, M
|poke|p1|Bisharp, M
|poke|p1|Crawdaunt, F
|poke|p1|Heatran, F
|poke|p1|Venusaur, F
|poke|p1|Tornadus-Therian, M
|poke|p2|Infernape, F
|poke|p2|Azumarill, F
|poke|p2|Lucario, M
|poke|p2|Landorus, M
|poke|p2|Metagross
|poke|p2|Thundurus, M
|rule|Swagger Clause: Swagger is banned
|rule|Baton Pass Clause: Limit one PokÃ©mon knowing Baton Pass
|rule|Sleep Clause Mod: Limit one foe put to sleep
|rule|Species Clause: Limit one of each PokÃ©mon
|rule|OHKO Clause: OHKO moves are banned
|rule|Moody Clause: Moody is banned
|rule|Evasion Moves Clause: Evasion moves are banned
|rule|Endless Battle Clause: Forcing endless battles is banned
|rule|HP Percentage Mod: HP is shown in percentages
|teampreview
|c|âiplaytennislol|fuck
|c|âWECAMEASROMANS|lgi
|
|start
|switch|p1a: Tornadus-Therian|Tornadus-Therian, M|299\/299
|switch|p2a: Infernape|Infernape, F|294\/294
|turn|1
|
|move|p1a: Tornadus-Therian|Knock Off|p2a: Infernape
|-resisted|p2a: Infernape
|-damage|p2a: Infernape|221\/294
|-enditem|p2a: Infernape|Focus Sash|[from] move: Knock Off|[of] p1a: Tornadus-Therian
|-damage|p1a: Tornadus-Therian|270\/299|[from] item: Life Orb
|move|p2a: Infernape|Stealth Rock|p1a: Tornadus-Therian
|-sidestart|p1: WECAMEASROMANS|move: Stealth Rock
|
|turn|2
|
|move|p2a: Infernape|Vacuum Wave|p1a: Tornadus-Therian
|-resisted|p1a: Tornadus-Therian
|-damage|p1a: Tornadus-Therian|234\/299
|move|p1a: Tornadus-Therian|Hurricane|p2a: Infernape
|-supereffective|p2a: Infernape
|-damage|p2a: Infernape|0 fnt
|-damage|p1a: Tornadus-Therian|205\/299|[from] item: Life Orb
|faint|p2a: Infernape
|
|
|switch|p2a: Thundurus|Thundurus, M|299\/299
|turn|3
|
|switch|p1a: Venusaur|Venusaur, F|360\/360
|-damage|p1a: Venusaur|315\/360|[from] Stealth Rock
|move|p2a: Thundurus|Hidden Power|p1a: Venusaur
|-supereffective|p1a: Venusaur
|-damage|p1a: Venusaur|138\/360
|-damage|p2a: Thundurus|270\/299|[from] item: Life Orb
|
|turn|4
|c|âiplaytennislol|that does zero
|
|switch|p2a: Metagross|Metagross|301\/301
|detailschange|p1a: Venusaur|Venusaur-Mega, F
|-mega|p1a: Venusaur|Venusaur|Venusaurite
|move|p1a: Venusaur|Synthesis|p1a: Venusaur
|-heal|p1a: Venusaur|318\/360
|
|turn|5
|
|switch|p1a: Bisharp|Bisharp, M|271\/271
|-damage|p1a: Bisharp|255\/271|[from] Stealth Rock
|detailschange|p2a: Metagross|Metagross-Mega
|-mega|p2a: Metagross|Metagross|Metagrossite
|move|p2a: Metagross|Meteor Mash|p1a: Bisharp
|-resisted|p1a: Bisharp
|-damage|p1a: Bisharp|146\/271
|
|turn|6
|
|move|p1a: Bisharp|Sucker Punch|p2a: Metagross
|-crit|p2a: Metagross
|-supereffective|p2a: Metagross
|-damage|p2a: Metagross|0 fnt
|-damage|p1a: Bisharp|119\/271|[from] item: Life Orb
|faint|p2a: Metagross
|
|
|switch|p2a: Lucario|Lucario, M|281\/281
|turn|7
|
|move|p2a: Lucario|Swords Dance|p2a: Lucario
|-boost|p2a: Lucario|atk|2
|move|p1a: Bisharp|Iron Head|p2a: Lucario
|-resisted|p2a: Lucario
|-damage|p2a: Lucario|141\/281
|-damage|p1a: Bisharp|92\/271|[from] item: Life Orb
|
|turn|8
|
|switch|p1a: Heatran|Heatran, F|328\/328
|-damage|p1a: Heatran|287\/328|[from] Stealth Rock
|move|p2a: Lucario|Extreme Speed|p1a: Heatran
|-resisted|p1a: Heatran
|-damage|p1a: Heatran|173\/328
|-damage|p2a: Lucario|113\/281|[from] item: Life Orb
|
|-heal|p1a: Heatran|193\/328|[from] item: Leftovers
|turn|9
|
|switch|p1a: Bisharp|Bisharp, M|92\/271
|-damage|p1a: Bisharp|76\/271|[from] Stealth Rock
|move|p2a: Lucario|Close Combat|p1a: Bisharp
|-supereffective|p1a: Bisharp
|-damage|p1a: Bisharp|0 fnt
|-unboost|p2a: Lucario|def|1
|-unboost|p2a: Lucario|spd|1
|-damage|p2a: Lucario|85\/281|[from] item: Life Orb
|faint|p1a: Bisharp
|
|
|switch|p1a: Crawdaunt|Crawdaunt, F|267\/267
|-damage|p1a: Crawdaunt|234\/267|[from] Stealth Rock
|turn|10
|
|move|p2a: Lucario|Extreme Speed|p1a: Crawdaunt
|-damage|p1a: Crawdaunt|0 fnt
|-damage|p2a: Lucario|57\/281|[from] item: Life Orb
|faint|p1a: Crawdaunt
|
|c|âWECAMEASROMANS|shit
|c|âiplaytennislol|power
|c|âWECAMEASROMANS|that kills
|c|âWECAMEASROMANS|rofl
|
|switch|p1a: Venusaur|Venusaur-Mega, F|318\/360
|-damage|p1a: Venusaur|273\/360|[from] Stealth Rock
|turn|11
|join|crim exe
|
|move|p2a: Lucario|Close Combat|p1a: Venusaur
|-resisted|p1a: Venusaur
|-damage|p1a: Venusaur|27\/360
|-unboost|p2a: Lucario|def|1
|-unboost|p2a: Lucario|spd|1
|-damage|p2a: Lucario|29\/281|[from] item: Life Orb
|move|p1a: Venusaur|Synthesis|p1a: Venusaur
|-heal|p1a: Venusaur|207\/360
|
|turn|12
|c|âiplaytennislol|oof
|
|switch|p1a: Heatran|Heatran, F|193\/328
|-damage|p1a: Heatran|152\/328|[from] Stealth Rock
|move|p2a: Lucario|Close Combat|p1a: Heatran
|-supereffective|p1a: Heatran
|-damage|p1a: Heatran|0 fnt
|-unboost|p2a: Lucario|def|1
|-unboost|p2a: Lucario|spd|1
|-damage|p2a: Lucario|1\/281|[from] item: Life Orb
|faint|p1a: Heatran
|
|
|switch|p1a: Tornadus-Therian|Tornadus-Therian, M|299\/299
|-damage|p1a: Tornadus-Therian|225\/299|[from] Stealth Rock
|turn|13
|c|âiplaytennislol|sack more mons pls
|
|move|p2a: Lucario|Extreme Speed|p1a: Tornadus-Therian
|-damage|p1a: Tornadus-Therian|0 fnt
|-damage|p2a: Lucario|0 fnt|[from] item: Life Orb
|faint|p1a: Tornadus-Therian
|faint|p2a: Lucario
|
|
|switch|p2a: Landorus|Landorus, M|319\/319
|switch|p1a: Venusaur|Venusaur-Mega, F|207\/360
|-damage|p1a: Venusaur|162\/360|[from] Stealth Rock
|turn|14
|
|switch|p1a: Thundurus|Thundurus, M|299\/299
|-damage|p1a: Thundurus|225\/299|[from] Stealth Rock
|move|p2a: Landorus|Psychic|p1a: Thundurus
|-damage|p1a: Thundurus|12\/299
|
|-heal|p1a: Thundurus|30\/299|[from] item: Leftovers
|turn|15
|
|switch|p2a: Azumarill|Azumarill, F|364\/364
|move|p1a: Thundurus|Hidden Power|p2a: Azumarill
|-resisted|p2a: Azumarill
|-damage|p2a: Azumarill|324\/364
|
|-heal|p1a: Thundurus|48\/299|[from] item: Leftovers
|turn|16
|join|Winter's Howl
|
|move|p2a: Azumarill|Aqua Jet|p1a: Thundurus
|-damage|p1a: Thundurus|0 fnt
|faint|p1a: Thundurus
|
|join|nabilla the angel
|
|switch|p1a: Venusaur|Venusaur-Mega, F|162\/360
|-damage|p1a: Venusaur|117\/360|[from] Stealth Rock
|turn|17
|
|move|p1a: Venusaur|Giga Drain|p2a: Azumarill
|-supereffective|p2a: Azumarill
|-damage|p2a: Azumarill|0 fnt
|-heal|p1a: Venusaur|279\/360|[from] drain|[of] p2a: Azumarill
|faint|p2a: Azumarill
|
|
|switch|p2a: Landorus|Landorus, M|319\/319
|turn|18
|
|move|p2a: Landorus|Psychic|p1a: Venusaur
|-supereffective|p1a: Venusaur
|-damage|p1a: Venusaur|0 fnt
|faint|p1a: Venusaur
|
|win|iplaytennislol
|raw|Ladder updating...
|raw|WECAMEASROMANS's rating: 1631 &rarr; <strong>1609<\/strong><br \/>(-22 for losing)
|raw|iplaytennislol's rating: 1596 &rarr; <strong>1618<\/strong><br \/>(+22 for winning)
|c|âiplaytennislol|gg
|c|âWECAMEASROMANS|gg