|join|iplaytennislol
|join|FearTheCow57
|player|p1|iplaytennislol|175
|player|p2|FearTheCow57|143
|gametype|singles
|gen|6
|tier|OU
|rated
|clearpoke
|poke|p1|Infernape, M
|poke|p1|Azumarill, M
|poke|p1|Lucario, M
|poke|p1|Landorus, M
|poke|p1|Metagross
|poke|p1|Thundurus, M
|poke|p2|Rotom-Wash
|poke|p2|Lopunny, M
|poke|p2|Victini
|poke|p2|Greninja, F
|poke|p2|Breloom, M
|poke|p2|Ferrothorn, F
|rule|Swagger Clause: Swagger is banned
|rule|Baton Pass Clause: Limit one PokÃ©mon knowing Baton Pass
|rule|Sleep Clause Mod: Limit one foe put to sleep
|rule|Species Clause: Limit one of each PokÃ©mon
|rule|OHKO Clause: OHKO moves are banned
|rule|Moody Clause: Moody is banned
|rule|Evasion Moves Clause: Evasion moves are banned
|rule|Endless Battle Clause: Forcing endless battles is banned
|rule|HP Percentage Mod: HP is shown in percentages
|teampreview
|join|innovamania
|
|start
|switch|p1a: Infernape|Infernape, M|294\/294
|switch|p2a: Breloom|Breloom, M|261\/261
|turn|1
|
|move|p1a: Infernape|Fire Blast|p2a: Breloom
|-supereffective|p2a: Breloom
|-enditem|p2a: Breloom|Focus Sash
|-damage|p2a: Breloom|1\/261
|move|p2a: Breloom|Rock Tomb|p1a: Infernape
|-damage|p1a: Infernape|131\/294
|-unboost|p1a: Infernape|spe|1
|
|turn|2
|
|switch|p2a: Victini|Victini|367\/367
|move|p1a: Infernape|Vacuum Wave|p2a: Victini
|-resisted|p2a: Victini
|-damage|p2a: Victini|335\/367
|
|-heal|p2a: Victini|357\/367|[from] item: Leftovers
|turn|3
|
|move|p2a: Victini|Substitute|p2a: Victini
|-start|p2a: Victini|Substitute
|-damage|p2a: Victini|266\/367
|move|p1a: Infernape|Stealth Rock|p2a: Victini
|-sidestart|p2: FearTheCow57|move: Stealth Rock
|
|-heal|p2a: Victini|288\/367|[from] item: Leftovers
|turn|4
|
|move|p2a: Victini|Bolt Strike|p1a: Infernape
|-damage|p1a: Infernape|0 fnt
|faint|p1a: Infernape
|
|-heal|p2a: Victini|310\/367|[from] item: Leftovers
|
|switch|p1a: Azumarill|Azumarill, M|364\/364
|turn|5
|
|move|p1a: Azumarill|Aqua Jet|p2a: Victini
|-supereffective|p2a: Victini
|-end|p2a: Victini|Substitute
|move|p2a: Victini|Bolt Strike|p1a: Azumarill
|-supereffective|p1a: Azumarill
|-damage|p1a: Azumarill|30\/364
|-enditem|p1a: Azumarill|Sitrus Berry|[eat]
|-heal|p1a: Azumarill|121\/364|[from] item: Sitrus Berry
|
|-heal|p2a: Victini|332\/367|[from] item: Leftovers
|turn|6
|
|switch|p2a: Prick|Ferrothorn, F|351\/351
|-damage|p2a: Prick|330\/351|[from] Stealth Rock
|move|p1a: Azumarill|Knock Off|p2a: Prick
|-damage|p2a: Prick|238\/351
|-damage|p1a: Azumarill|76\/364|[from] ability: Iron Barbs|[of] p2a: Prick
|-enditem|p2a: Prick|Leftovers|[from] move: Knock Off|[of] p1a: Azumarill
|
|turn|7
|
|switch|p1a: Lucario|Lucario, M|281\/281
|move|p2a: Prick|Stealth Rock|p1a: Lucario
|-sidestart|p1: iplaytennislol|move: Stealth Rock
|
|turn|8
|
|switch|p2a: Victini|Victini|332\/367
|-damage|p2a: Victini|241\/367|[from] Stealth Rock
|move|p1a: Lucario|Swords Dance|p1a: Lucario
|-boost|p1a: Lucario|atk|2
|
|-heal|p2a: Victini|263\/367|[from] item: Leftovers
|turn|9
|
|move|p1a: Lucario|Extreme Speed|p2a: Victini
|-damage|p2a: Victini|2\/367
|-damage|p1a: Lucario|253\/281|[from] item: Life Orb
|move|p2a: Victini|V-create|p1a: Lucario
|-supereffective|p1a: Lucario
|-damage|p1a: Lucario|0 fnt
|-unboost|p2a: Victini|def|1
|-unboost|p2a: Victini|spd|1
|-unboost|p2a: Victini|spe|1
|faint|p1a: Lucario
|
|-heal|p2a: Victini|24\/367|[from] item: Leftovers
|-message|iplaytennislol forfeited.
|leave|iplaytennislol
|
|win|FearTheCow57
|raw|Ladder updating...
|player|p1
|c|âFearTheCow57|lol
|raw|iplaytennislol's rating: 1664 &rarr; <strong>1636<\/strong><br \/>(-28 for losing)
|raw|FearTheCow57's rating: 1530 &rarr; <strong>1557<\/strong><br \/>(+27 for winning)