|join|iplaytennislol
|join|lil manaphy
|player|p1|iplaytennislol|175
|player|p2|lil manaphy|272
|gametype|singles
|gen|6
|tier|OU
|rated
|clearpoke
|poke|p1|Clefable, F
|poke|p1|Metagross
|poke|p1|Toxicroak, M
|poke|p1|Landorus-Therian, M
|poke|p1|Talonflame, F
|poke|p1|Latias, F
|poke|p2|Gardevoir, M
|poke|p2|Keldeo-Resolute
|poke|p2|Chansey, F
|poke|p2|Mandibuzz, F
|poke|p2|Amoonguss, M
|poke|p2|Landorus-Therian, M
|rule|Swagger Clause: Swagger is banned
|rule|Baton Pass Clause: Limit one PokÃ©mon knowing Baton Pass
|rule|Sleep Clause Mod: Limit one foe put to sleep
|rule|Species Clause: Limit one of each PokÃ©mon
|rule|OHKO Clause: OHKO moves are banned
|rule|Moody Clause: Moody is banned
|rule|Evasion Moves Clause: Evasion moves are banned
|rule|Endless Battle Clause: Forcing endless battles is banned
|rule|HP Percentage Mod: HP is shown in percentages
|teampreview
|c|âiplaytennislol|sigh
|join|innovamania
|c|âiplaytennislol|gl
|c|@innovamania|hi lil manaphy :o
|
|start
|switch|p1a: Landorus-Therian|Landorus-Therian, M|319\/319
|switch|p2a: Landorus-Therian|Landorus-Therian, M|382\/382
|-ability|p1a: Landorus-Therian|Intimidate|[of] p2a: Landorus-Therian
|-unboost|p2a: Landorus-Therian|atk|1
|-ability|p2a: Landorus-Therian|Intimidate|[of] p1a: Landorus-Therian
|-unboost|p1a: Landorus-Therian|atk|1
|turn|1
|
|move|p1a: Landorus-Therian|U-turn|p2a: Landorus-Therian
|-resisted|p2a: Landorus-Therian
|-damage|p2a: Landorus-Therian|361\/382
|join|tomi â¥ bello
|join|Captain Bravo
|
|switch|p1a: Clefable|Clefable, F|394\/394
|move|p2a: Landorus-Therian|Stealth Rock|p1a: Clefable
|-sidestart|p1: iplaytennislol|move: Stealth Rock
|
|-heal|p2a: Landorus-Therian|382\/382|[from] item: Leftovers
|turn|2
|
|move|p2a: Landorus-Therian|U-turn|p1a: Clefable
|-crit|p1a: Clefable
|-resisted|p1a: Clefable
|-damage|p1a: Clefable|347\/394
|
|switch|p2a: Amoonguss|Amoonguss, M|432\/432
|move|p1a: Clefable|Stealth Rock|p2a: Amoonguss
|-sidestart|p2: lil manaphy|move: Stealth Rock
|
|-heal|p1a: Clefable|371\/394|[from] item: Leftovers
|turn|3
|
|move|p1a: Clefable|Calm Mind|p1a: Clefable
|-boost|p1a: Clefable|spa|1
|-boost|p1a: Clefable|spd|1
|move|p2a: Amoonguss|Spore|p1a: Clefable
|-status|p1a: Clefable|slp
|
|-heal|p1a: Clefable|394\/394 slp|[from] item: Leftovers
|turn|4
|
|switch|p1a: Latias|Latias, F|319\/319
|-damage|p1a: Latias|280\/319|[from] Stealth Rock
|move|p2a: Amoonguss|Clear Smog|p1a: Latias
|-damage|p1a: Latias|235\/319
|-clearboost|p1a: Latias
|
|turn|5
|
|switch|p2a: Chansey|Chansey, F|703\/703
|-damage|p2a: Chansey|616\/703|[from] Stealth Rock
|move|p1a: Latias|Defog|p2a: Chansey
|-unboost|p2a: Chansey|evasion|1
|-sideend|p2: lil manaphy|Stealth Rock|[from] move: Defog|[of] p2a: Chansey
|-sideend|p1: iplaytennislol|Stealth Rock|[from] move: Defog|[of] p1a: Latias
|
|turn|6
|
|switch|p1a: Landorus-Therian|Landorus-Therian, M|319\/319
|-ability|p1a: Landorus-Therian|Intimidate|[of] p2a: Chansey
|-unboost|p2a: Chansey|atk|1
|move|p2a: Chansey|Seismic Toss|p1a: Landorus-Therian
|-damage|p1a: Landorus-Therian|219\/319
|
|turn|7
|join|asdfCookie
|join|Draeden
|
|switch|p2a: Landorus-Therian|Landorus-Therian, M|382\/382
|-ability|p2a: Landorus-Therian|Intimidate|[of] p1a: Landorus-Therian
|-unboost|p1a: Landorus-Therian|atk|1
|move|p1a: Landorus-Therian|U-turn|p2a: Landorus-Therian
|-resisted|p2a: Landorus-Therian
|-damage|p2a: Landorus-Therian|361\/382
|
|switch|p1a: Toxicroak|Toxicroak, M|307\/307
|
|-heal|p2a: Landorus-Therian|382\/382|[from] item: Leftovers
|turn|8
|join|anchorage
|
|switch|p2a: Mandibuzz|Mandibuzz, F|424\/424
|move|p1a: Toxicroak|Gunk Shot|p2a: Mandibuzz
|-damage|p2a: Mandibuzz|245\/424
|-damage|p1a: Toxicroak|277\/307|[from] item: Life Orb
|
|-heal|p2a: Mandibuzz|271\/424|[from] item: Leftovers
|turn|9
|c| Draeden|Wait, you mean iplaytennislol __isn't__ lil manaphy?????
|c|âiplaytennislol|,
|
|move|p1a: Toxicroak|Ice Punch|p2a: Mandibuzz
|-supereffective|p2a: Mandibuzz
|-damage|p2a: Mandibuzz|138\/424
|-damage|p1a: Toxicroak|247\/307|[from] item: Life Orb
|move|p2a: Mandibuzz|Roost|p2a: Mandibuzz
|-heal|p2a: Mandibuzz|350\/424
|
|-heal|p2a: Mandibuzz|376\/424|[from] item: Leftovers
|turn|10
|join|gobosox
|c| Draeden|I had to
|c| Draeden|:\/
|
|move|p1a: Toxicroak|Gunk Shot|p2a: Mandibuzz
|-damage|p2a: Mandibuzz|219\/424
|-damage|p1a: Toxicroak|217\/307|[from] item: Life Orb
|move|p2a: Mandibuzz|Foul Play|p1a: Toxicroak
|-resisted|p1a: Toxicroak
|-damage|p1a: Toxicroak|106\/307
|
|-heal|p2a: Mandibuzz|245\/424|[from] item: Leftovers
|turn|11
|join|I Iike Squirtles
|
|switch|p1a: Clefable|Clefable, F|394\/394 slp
|move|p2a: Mandibuzz|Roost|p2a: Mandibuzz
|-heal|p2a: Mandibuzz|424\/424
|
|turn|12
|leave|Captain Bravo
|
|switch|p2a: Gardevoir|Gardevoir, M|277\/277
|-ability|p2a: Gardevoir|Unaware|[from] ability: Trace|[of] p1a: Clefable
|cant|p1a: Clefable|slp
|
|turn|13
|
|switch|p1a: Metagross|Metagross|301\/301
|detailschange|p2a: Gardevoir|Gardevoir-Mega, M
|-mega|p2a: Gardevoir|Gardevoir|Gardevoirite
|move|p2a: Gardevoir|Hyper Voice|p1a: Metagross
|-resisted|p1a: Metagross
|-damage|p1a: Metagross|160\/301
|
|turn|14
|join|daftmau5
|c| gobosox|manaphy are you aware your name is about a mon with a ballsack on it's head
|
|switch|p2a: Mandibuzz|Mandibuzz, F|424\/424
|detailschange|p1a: Metagross|Metagross-Mega
|-mega|p1a: Metagross|Metagross|Metagrossite
|move|p1a: Metagross|Meteor Mash|p2a: Mandibuzz
|-damage|p2a: Mandibuzz|259\/424
|
|-heal|p2a: Mandibuzz|285\/424|[from] item: Leftovers
|turn|15
|c| gobosox|therefore your name means "lil ballsack"
|c| gobosox|nice
|
|switch|p1a: Clefable|Clefable, F|394\/394 slp
|move|p2a: Mandibuzz|Roost|p2a: Mandibuzz
|-heal|p2a: Mandibuzz|424\/424
|
|turn|16
|c| Draeden|Dat logic
|
|switch|p1a: Metagross|Metagross-Mega|160\/301
|move|p2a: Mandibuzz|Taunt|p1a: Metagross
|-start|p1a: Metagross|move: Taunt
|
|turn|17
|join|Bloodz
|
|switch|p1a: Clefable|Clefable, F|394\/394 slp
|move|p2a: Mandibuzz|Foul Play|p1a: Clefable
|-resisted|p1a: Clefable
|-damage|p1a: Clefable|361\/394 slp
|
|-heal|p1a: Clefable|385\/394 slp|[from] item: Leftovers
|turn|18
|
|switch|p2a: Landorus-Therian|Landorus-Therian, M|382\/382
|-ability|p2a: Landorus-Therian|Intimidate|[of] p1a: Clefable
|-unboost|p1a: Clefable|atk|1
|cant|p1a: Clefable|slp
|
|-heal|p1a: Clefable|394\/394 slp|[from] item: Leftovers
|turn|19
|
|move|p2a: Landorus-Therian|Stealth Rock|p1a: Clefable
|-sidestart|p1: iplaytennislol|move: Stealth Rock
|-curestatus|p1a: Clefable|slp
|move|p1a: Clefable|Moonblast|p2a: Landorus-Therian
|-damage|p2a: Landorus-Therian|244\/382
|-unboost|p2a: Landorus-Therian|spa|1
|
|-heal|p2a: Landorus-Therian|267\/382|[from] item: Leftovers
|turn|20
|join|Alkov
|c| gobosox|that moment when you have to change your pads mid game
|c| gobosox|and lose
|
|move|p2a: Landorus-Therian|U-turn|p1a: Clefable
|-resisted|p1a: Clefable
|-damage|p1a: Clefable|359\/394
|
|switch|p2a: Gardevoir|Gardevoir-Mega, M|277\/277
|move|p1a: Clefable|Moonblast|p2a: Gardevoir
|-damage|p2a: Gardevoir|196\/277
|-unboost|p2a: Gardevoir|spa|1
|
|-heal|p1a: Clefable|383\/394|[from] item: Leftovers
|turn|21
|join|mantaining
|
|switch|p1a: Metagross|Metagross-Mega|160\/301
|-damage|p1a: Metagross|142\/301|[from] Stealth Rock
|move|p2a: Gardevoir|Taunt|p1a: Metagross
|-start|p1a: Metagross|move: Taunt
|
|turn|22
|
|switch|p2a: Mandibuzz|Mandibuzz, F|424\/424
|move|p1a: Metagross|Meteor Mash|p2a: Mandibuzz
|-damage|p2a: Mandibuzz|259\/424
|
|-heal|p2a: Mandibuzz|285\/424|[from] item: Leftovers
|turn|23
|
|switch|p1a: Latias|Latias, F|235\/319
|-damage|p1a: Latias|196\/319|[from] Stealth Rock
|move|p2a: Mandibuzz|Roost|p2a: Mandibuzz
|-heal|p2a: Mandibuzz|424\/424
|
|turn|24
|
|switch|p2a: Gardevoir|Gardevoir-Mega, M|196\/277
|move|p1a: Latias|Defog|p2a: Gardevoir
|-unboost|p2a: Gardevoir|evasion|1
|-sideend|p1: iplaytennislol|Stealth Rock|[from] move: Defog|[of] p1a: Latias
|
|turn|25
|leave|Bloodz
|
|switch|p1a: Talonflame|Talonflame, F|319\/319
|move|p2a: Gardevoir|Hyper Voice|p1a: Talonflame
|-resisted|p1a: Talonflame
|-damage|p1a: Talonflame|148\/319
|
|turn|26
|
|switch|p2a: Landorus-Therian|Landorus-Therian, M|267\/382
|-ability|p2a: Landorus-Therian|Intimidate|[of] p1a: Talonflame
|-unboost|p1a: Talonflame|atk|1
|move|p1a: Talonflame|Roost|p1a: Talonflame
|-heal|p1a: Talonflame|308\/319
|
|-heal|p2a: Landorus-Therian|290\/382|[from] item: Leftovers
|turn|27
|
|switch|p1a: Latias|Latias, F|196\/319
|move|p2a: Landorus-Therian|Stealth Rock|p1a: Latias
|-sidestart|p1: iplaytennislol|move: Stealth Rock
|
|-heal|p2a: Landorus-Therian|313\/382|[from] item: Leftovers
|turn|28
|
|move|p1a: Latias|Draco Meteor|p2a: Landorus-Therian
|-damage|p2a: Landorus-Therian|27\/382
|-unboost|p1a: Latias|spa|2
|-damage|p1a: Latias|165\/319|[from] item: Life Orb
|move|p2a: Landorus-Therian|U-turn|p1a: Latias
|-supereffective|p1a: Latias
|-damage|p1a: Latias|0 fnt
|faint|p1a: Latias
|
|switch|p2a: Gardevoir|Gardevoir-Mega, M|196\/277
|
|
|switch|p1a: Metagross|Metagross-Mega|142\/301
|-damage|p1a: Metagross|124\/301|[from] Stealth Rock
|turn|29
|
|switch|p1a: Clefable|Clefable, F|383\/394
|-damage|p1a: Clefable|334\/394|[from] Stealth Rock
|switch|p2a: Landorus-Therian|Landorus-Therian, M|27\/382
|-ability|p2a: Landorus-Therian|Intimidate|[of] p1a: Clefable
|-unboost|p1a: Clefable|atk|1
|
|-heal|p2a: Landorus-Therian|50\/382|[from] item: Leftovers
|-heal|p1a: Clefable|358\/394|[from] item: Leftovers
|turn|30
|
|switch|p2a: Amoonguss|Amoonguss, M|432\/432
|move|p1a: Clefable|Stealth Rock|p2a: Amoonguss
|-sidestart|p2: lil manaphy|move: Stealth Rock
|
|-heal|p1a: Clefable|382\/394|[from] item: Leftovers
|turn|31
|
|switch|p1a: Toxicroak|Toxicroak, M|106\/307
|-damage|p1a: Toxicroak|87\/307|[from] Stealth Rock
|move|p2a: Amoonguss|Hidden Power|p1a: Toxicroak
|-damage|p1a: Toxicroak|19\/307
|
|turn|32
|
|move|p1a: Toxicroak|Gunk Shot|p2a: Amoonguss
|-damage|p2a: Amoonguss|212\/432
|-damage|p1a: Toxicroak|0 fnt|[from] item: Life Orb
|faint|p1a: Toxicroak
|move|p2a: Amoonguss|Hidden Power|p1: Toxicroak|[notarget]
|-notarget
|
|-heal|p2a: Amoonguss|239\/432|[from] item: Black Sludge
|join|moriarty13
|
|switch|p1a: Talonflame|Talonflame, F|308\/319
|-damage|p1a: Talonflame|149\/319|[from] Stealth Rock
|turn|33
|
|switch|p2a: Landorus-Therian|Landorus-Therian, M|50\/382
|-damage|p2a: Landorus-Therian|3\/382|[from] Stealth Rock
|-ability|p2a: Landorus-Therian|Intimidate|[of] p1a: Talonflame
|-unboost|p1a: Talonflame|atk|1
|move|p1a: Talonflame|Swords Dance|p1a: Talonflame
|-boost|p1a: Talonflame|atk|2
|
|-heal|p2a: Landorus-Therian|26\/382|[from] item: Leftovers
|turn|34
|
|move|p1a: Talonflame|Acrobatics|p2a: Landorus-Therian
|-damage|p2a: Landorus-Therian|0 fnt
|faint|p2a: Landorus-Therian
|
|
|switch|p2a: Mandibuzz|Mandibuzz, F|424\/424
|-damage|p2a: Mandibuzz|318\/424|[from] Stealth Rock
|turn|35
|
|move|p1a: Talonflame|Roost|p1a: Talonflame
|-heal|p1a: Talonflame|309\/319
|move|p2a: Mandibuzz|Foul Play|p1a: Talonflame
|-damage|p1a: Talonflame|63\/319
|
|-heal|p2a: Mandibuzz|344\/424|[from] item: Leftovers
|turn|36
|
|move|p1a: Talonflame|Acrobatics|p2a: Mandibuzz
|-damage|p2a: Mandibuzz|206\/424
|move|p2a: Mandibuzz|Foul Play|p1a: Talonflame
|-damage|p1a: Talonflame|0 fnt
|faint|p1a: Talonflame
|
|-heal|p2a: Mandibuzz|232\/424|[from] item: Leftovers
|
|switch|p1a: Clefable|Clefable, F|382\/394
|-damage|p1a: Clefable|333\/394|[from] Stealth Rock
|turn|37
|join|crappy gxe
|leave|crappy gxe
|join|crappy gxe
|
|move|p2a: Mandibuzz|Roost|p2a: Mandibuzz
|-heal|p2a: Mandibuzz|424\/424
|move|p1a: Clefable|Moonblast|p2a: Mandibuzz
|-supereffective|p2a: Mandibuzz
|-damage|p2a: Mandibuzz|214\/424
|
|-heal|p2a: Mandibuzz|240\/424|[from] item: Leftovers
|-heal|p1a: Clefable|357\/394|[from] item: Leftovers
|turn|38
|join|Saved by Scyther
|join|All Together Now
|c| Saved by Scyther|what's up Draeden
|c| Saved by Scyther|you here?
|
|move|p2a: Mandibuzz|Roost|p2a: Mandibuzz
|-heal|p2a: Mandibuzz|424\/424
|move|p1a: Clefable|Moonblast|p2a: Mandibuzz
|-supereffective|p2a: Mandibuzz
|-damage|p2a: Mandibuzz|200\/424
|
|-heal|p2a: Mandibuzz|226\/424|[from] item: Leftovers
|-heal|p1a: Clefable|381\/394|[from] item: Leftovers
|turn|39
|join|kerog
|join|dracollooooss
|
|switch|p2a: Amoonguss|Amoonguss, M|383\/432
|-damage|p2a: Amoonguss|329\/432|[from] Stealth Rock
|move|p1a: Clefable|Moonblast|p2a: Amoonguss
|-resisted|p2a: Amoonguss
|-damage|p2a: Amoonguss|266\/432
|
|-heal|p1a: Clefable|394\/394|[from] item: Leftovers
|-heal|p2a: Amoonguss|293\/432|[from] item: Black Sludge
|turn|40
|
|switch|p1a: Landorus-Therian|Landorus-Therian, M|219\/319
|-damage|p1a: Landorus-Therian|180\/319|[from] Stealth Rock
|-ability|p1a: Landorus-Therian|Intimidate|[of] p2a: Amoonguss
|-unboost|p2a: Amoonguss|atk|1
|move|p2a: Amoonguss|Spore|p1a: Landorus-Therian
|-status|p1a: Landorus-Therian|slp
|
|-heal|p2a: Amoonguss|320\/432|[from] item: Black Sludge
|turn|41
|leave|All Together Now
|c| Saved by Scyther|**whispers** my dick stinks **whispers**
|
|cant|p1a: Landorus-Therian|slp
|move|p2a: Amoonguss|Hidden Power|p1a: Landorus-Therian
|-damage|p1a: Landorus-Therian|129\/319 slp
|
|-heal|p2a: Amoonguss|347\/432|[from] item: Black Sludge
|turn|42
|
|-curestatus|p1a: Landorus-Therian|slp
|move|p1a: Landorus-Therian|Explosion|p2a: Amoonguss
|-damage|p2a: Amoonguss|77\/432
|faint|p1a: Landorus-Therian
|move|p2a: Amoonguss|Giga Drain|p1: Landorus-Therian|[notarget]
|-notarget
|
|-heal|p2a: Amoonguss|104\/432|[from] item: Black Sludge
|
|switch|p1a: Metagross|Metagross-Mega|124\/301
|-damage|p1a: Metagross|106\/301|[from] Stealth Rock
|turn|43
|
|switch|p2a: Keldeo-Resolute|Keldeo-Resolute|323\/323
|-damage|p2a: Keldeo-Resolute|303\/323|[from] Stealth Rock
|move|p1a: Metagross|Meteor Mash|p2a: Keldeo-Resolute
|-resisted|p2a: Keldeo-Resolute
|-damage|p2a: Keldeo-Resolute|184\/323
|-boost|p1a: Metagross|atk|1
|
|-heal|p2a: Keldeo-Resolute|204\/323|[from] item: Leftovers
|turn|44
|leave|Saved by Scyther
|
|move|p1a: Metagross|Zen Headbutt|p2a: Keldeo-Resolute
|-supereffective|p2a: Keldeo-Resolute
|-damage|p2a: Keldeo-Resolute|0 fnt
|faint|p2a: Keldeo-Resolute
|
|
|switch|p2a: Chansey|Chansey, F|616\/703
|-damage|p2a: Chansey|529\/703|[from] Stealth Rock
|turn|45
|join|JSanchzz26
|
|move|p1a: Metagross|Hammer Arm|p2a: Chansey|[miss]
|-miss|p1a: Metagross|p2a: Chansey
|move|p2a: Chansey|Seismic Toss|p1a: Metagross
|-damage|p1a: Metagross|6\/301
|
|turn|46
|leave|dracollooooss
|
|move|p1a: Metagross|Hammer Arm|p2a: Chansey
|-supereffective|p2a: Chansey
|-damage|p2a: Chansey|0 fnt
|-unboost|p1a: Metagross|spe|1
|faint|p2a: Chansey
|
|
|switch|p2a: Gardevoir|Gardevoir-Mega, M|196\/277
|-damage|p2a: Gardevoir|162\/277|[from] Stealth Rock
|turn|47
|
|move|p1a: Metagross|Bullet Punch|p2a: Gardevoir
|-supereffective|p2a: Gardevoir
|-damage|p2a: Gardevoir|0 fnt
|faint|p2a: Gardevoir
|
|
|switch|p2a: Mandibuzz|Mandibuzz, F|226\/424
|-damage|p2a: Mandibuzz|120\/424|[from] Stealth Rock
|turn|48
|
|move|p1a: Metagross|Meteor Mash|p2a: Mandibuzz
|-damage|p2a: Mandibuzz|0 fnt
|faint|p2a: Mandibuzz
|
|c| JSanchzz26|lil manaphy always beats tennis what is this
|
|switch|p2a: Amoonguss|Amoonguss, M|248\/432
|-damage|p2a: Amoonguss|194\/432|[from] Stealth Rock
|turn|49
|
|move|p1a: Metagross|Meteor Mash|p2a: Amoonguss
|-damage|p2a: Amoonguss|0 fnt
|faint|p2a: Amoonguss
|
|win|iplaytennislol
|raw|Ladder updating...
|raw|iplaytennislol's rating: 1717 &rarr; <strong>1737<\/strong><br \/>(+20 for winning)
|raw|lil manaphy's rating: 1717 &rarr; <strong>1697<\/strong><br \/>(-20 for losing)
|c|âiplaytennislol|gg
|leave|lil manaphy
|player|p2
|leave|mantaining