|join|iplaytennislol
|join|Gratitude
|player|p1|iplaytennislol|175
|player|p2|Gratitude|152
|gametype|singles
|gen|6
|tier|OU
|rated
|clearpoke
|poke|p1|Sableye, F
|poke|p1|Talonflame, M
|poke|p1|Ferrothorn, F
|poke|p1|Landorus-Therian, M
|poke|p1|Rotom-Wash
|poke|p1|Latias, F
|poke|p2|Metagross, shiny
|poke|p2|Ferrothorn, M
|poke|p2|Heracross, M
|poke|p2|Slowbro, M
|poke|p2|Landorus, M
|poke|p2|Latias, F
|rule|Swagger Clause: Swagger is banned
|rule|Baton Pass Clause: Limit one PokÃ©mon knowing Baton Pass
|rule|Sleep Clause Mod: Limit one foe put to sleep
|rule|Species Clause: Limit one of each PokÃ©mon
|rule|OHKO Clause: OHKO moves are banned
|rule|Moody Clause: Moody is banned
|rule|Evasion Moves Clause: Evasion moves are banned
|rule|Endless Battle Clause: Forcing endless battles is banned
|rule|HP Percentage Mod: HP is shown in percentages
|teampreview
|join|Z-Magnus
|c| Z-Magnus|LOL
|join|craing
|c| Z-Magnus|rip
|c| Z-Magnus|gratitude
|c| Z-Magnus|click x
|c|âGratitude|;_;
|c| craing|;_;7
|c| Z-Magnus|omfg
|c| Z-Magnus|its the lord
|
|start
|switch|p1a: Rotom-Wash|Rotom-Wash|303\/303
|switch|p2a: Heracross|Heracross, M|309\/309
|turn|1
|
|switch|p2a: Ferrothorn|Ferrothorn, M|352\/352
|switch|p1a: Landorus-Therian|Landorus-Therian, M|319\/319
|-ability|p1a: Landorus-Therian|Intimidate|[of] p2a: Ferrothorn
|-unboost|p2a: Ferrothorn|atk|1
|
|turn|2
|
|move|p1a: Landorus-Therian|U-turn|p2a: Ferrothorn
|-damage|p2a: Ferrothorn|287\/352
|-damage|p1a: Landorus-Therian|280\/319|[from] ability: Iron Barbs|[of] p2a: Ferrothorn
|
|switch|p1a: Sableye|Sableye, F|304\/304
|move|p2a: Ferrothorn|Leech Seed|p1a: Sableye
|-start|p1a: Sableye|move: Leech Seed
|
|-heal|p2a: Ferrothorn|309\/352|[from] item: Leftovers
|-damage|p1a: Sableye|266\/304|[from] Leech Seed|[of] p2a: Ferrothorn
|-heal|p2a: Ferrothorn|347\/352|[silent]
|turn|3
|join|Jungler
|join|Gratitude The God
|
|switch|p2a: Landorus|Landorus, M|319\/319
|detailschange|p1a: Sableye|Sableye-Mega, F
|-mega|p1a: Sableye|Sableye|Sablenite
|move|p1a: Sableye|Will-O-Wisp|p2a: Landorus
|-status|p2a: Landorus|brn
|
|-damage|p1a: Sableye|228\/304|[from] Leech Seed|[of] p2a: Landorus
|-damage|p2a: Landorus|280\/319 brn|[from] brn
|turn|4
|c| Gratitude The God|omg omg is it true that u beat chimpact
|leave|Gratitude The God
|
|switch|p1a: Latias|Latias, F|319\/319
|move|p2a: Landorus|Earth Power|p1a: Latias
|-immune|p1a: Latias|[msg]
|
|-damage|p2a: Landorus|241\/319 brn|[from] brn
|turn|5
|
|switch|p2a: Metagross|Metagross, shiny|301\/301
|move|p1a: Latias|Draco Meteor|p2a: Metagross
|-resisted|p2a: Metagross
|-damage|p2a: Metagross|170\/301
|-unboost|p1a: Latias|spa|2
|-damage|p1a: Latias|288\/319|[from] item: Life Orb
|
|turn|6
|
|detailschange|p2a: Metagross|Metagross-Mega, shiny
|-mega|p2a: Metagross|Metagross|Metagrossite
|move|p2a: Metagross|Pursuit|p1a: Latias|[from]Pursuit
|-crit|p1a: Latias
|-supereffective|p1a: Latias
|-damage|p1a: Latias|0 fnt
|faint|p1a: Latias
|
|join|Gratitude The God
|
|switch|p1a: Ferrothorn|Ferrothorn, F|352\/352
|turn|7
|
|switch|p2a: Heracross|Heracross, M|309\/309
|move|p1a: Ferrothorn|Spikes|p2a: Heracross
|-sidestart|p2: Gratitude|Spikes
|
|turn|8
|
|switch|p1a: Landorus-Therian|Landorus-Therian, M|280\/319
|-ability|p1a: Landorus-Therian|Intimidate|[of] p2a: Heracross
|-unboost|p2a: Heracross|atk|1
|move|p2a: Heracross|Knock Off|p1a: Landorus-Therian
|-damage|p1a: Landorus-Therian|164\/319
|-enditem|p1a: Landorus-Therian|Choice Scarf|[from] move: Knock Off|[of] p2a: Heracross
|
|turn|9
|
|switch|p2a: Ferrothorn|Ferrothorn, M|347\/352
|-damage|p2a: Ferrothorn|303\/352|[from] Spikes
|move|p1a: Landorus-Therian|Stealth Rock|p2a: Ferrothorn
|-sidestart|p2: Gratitude|move: Stealth Rock
|
|-heal|p2a: Ferrothorn|325\/352|[from] item: Leftovers
|turn|10
|
|switch|p1a: Sableye|Sableye-Mega, F|228\/304
|move|p2a: Ferrothorn|Spikes|p1a: Sableye
|move|p1a: Sableye|Spikes|p2a: Ferrothorn|[from]Magic Bounce
|-sidestart|p2: Gratitude|Spikes
|
|-heal|p2a: Ferrothorn|347\/352|[from] item: Leftovers
|turn|11
|
|switch|p2a: Landorus|Landorus, M|241\/319 brn
|-damage|p2a: Landorus|202\/319 brn|[from] Stealth Rock
|move|p1a: Sableye|Calm Mind|p1a: Sableye
|-boost|p1a: Sableye|spa|1
|-boost|p1a: Sableye|spd|1
|
|-damage|p2a: Landorus|163\/319 brn|[from] brn
|turn|12
|
|move|p2a: Landorus|Calm Mind|p2a: Landorus
|-boost|p2a: Landorus|spa|1
|-boost|p2a: Landorus|spd|1
|move|p1a: Sableye|Recover|p1a: Sableye
|-heal|p1a: Sableye|304\/304
|
|-damage|p2a: Landorus|124\/319 brn|[from] brn
|turn|13
|
|switch|p1a: Talonflame|Talonflame, M|359\/359
|move|p2a: Landorus|Earth Power|p1a: Talonflame
|-immune|p1a: Talonflame|[msg]
|
|-damage|p2a: Landorus|85\/319 brn|[from] brn
|turn|14
|
|move|p1a: Talonflame|Acrobatics|p2a: Landorus
|-damage|p2a: Landorus|0 fnt
|faint|p2a: Landorus
|
|
|switch|p2a: Slowbro|Slowbro, M|394\/394
|-damage|p2a: Slowbro|329\/394|[from] Spikes
|-damage|p2a: Slowbro|280\/394|[from] Stealth Rock
|turn|15
|
|switch|p1a: Rotom-Wash|Rotom-Wash|303\/303
|switch|p2a: Latias|Latias, F|319\/319
|-damage|p2a: Latias|280\/319|[from] Stealth Rock
|
|turn|16
|
|move|p2a: Latias|Defog|p1a: Rotom-Wash
|-unboost|p1a: Rotom-Wash|evasion|1
|-sideend|p2: Gratitude|Spikes|[from] move: Defog|[of] p2a: Latias
|-sideend|p2: Gratitude|Stealth Rock|[from] move: Defog|[of] p2a: Latias
|move|p1a: Rotom-Wash|Will-O-Wisp|p2a: Latias
|-status|p2a: Latias|brn
|
|-damage|p2a: Latias|241\/319 brn|[from] brn
|turn|17
|
|switch|p1a: Ferrothorn|Ferrothorn, F|352\/352
|move|p2a: Latias|Draco Meteor|p1a: Ferrothorn
|-resisted|p1a: Ferrothorn
|-damage|p1a: Ferrothorn|255\/352
|-unboost|p2a: Latias|spa|2
|-damage|p2a: Latias|210\/319 brn|[from] item: Life Orb
|
|-heal|p1a: Ferrothorn|277\/352|[from] item: Leftovers
|-damage|p2a: Latias|171\/319 brn|[from] brn
|turn|18
|
|switch|p2a: Ferrothorn|Ferrothorn, M|347\/352
|move|p1a: Ferrothorn|Spikes|p2a: Ferrothorn
|-sidestart|p2: Gratitude|Spikes
|
|-heal|p2a: Ferrothorn|352\/352|[from] item: Leftovers
|-heal|p1a: Ferrothorn|299\/352|[from] item: Leftovers
|turn|19
|leave|Jungler
|
|switch|p2a: Heracross|Heracross, M|309\/309
|-damage|p2a: Heracross|271\/309|[from] Spikes
|switch|p1a: Sableye|Sableye-Mega, F|304\/304
|
|turn|20
|join|MoB Barley
|
|switch|p1a: Talonflame|Talonflame, M|359\/359
|move|p2a: Heracross|Megahorn|p1a: Talonflame
|-resisted|p1a: Talonflame
|-damage|p1a: Talonflame|250\/359
|
|turn|21
|
|switch|p2a: Slowbro|Slowbro, M|394\/394
|-damage|p2a: Slowbro|345\/394|[from] Spikes
|move|p1a: Talonflame|Acrobatics|p2a: Slowbro
|-damage|p2a: Slowbro|273\/394
|
|-heal|p2a: Slowbro|297\/394|[from] item: Leftovers
|turn|22
|
|switch|p1a: Rotom-Wash|Rotom-Wash|303\/303
|move|p2a: Slowbro|Scald|p1a: Rotom-Wash
|-resisted|p1a: Rotom-Wash
|-damage|p1a: Rotom-Wash|258\/303
|-status|p1a: Rotom-Wash|brn
|
|-heal|p1a: Rotom-Wash|276\/303 brn|[from] item: Leftovers
|-heal|p2a: Slowbro|321\/394|[from] item: Leftovers
|-damage|p1a: Rotom-Wash|239\/303 brn|[from] brn
|turn|23
|
|switch|p2a: Ferrothorn|Ferrothorn, M|352\/352
|-damage|p2a: Ferrothorn|308\/352|[from] Spikes
|move|p1a: Rotom-Wash|Will-O-Wisp|p2a: Ferrothorn
|-status|p2a: Ferrothorn|brn
|
|-heal|p1a: Rotom-Wash|257\/303 brn|[from] item: Leftovers
|-heal|p2a: Ferrothorn|330\/352 brn|[from] item: Leftovers
|-damage|p1a: Rotom-Wash|220\/303 brn|[from] brn
|-damage|p2a: Ferrothorn|286\/352 brn|[from] brn
|turn|24
|join|been gy
|
|move|p1a: Rotom-Wash|Volt Switch|p2a: Ferrothorn
|-resisted|p2a: Ferrothorn
|-damage|p2a: Ferrothorn|256\/352 brn
|join|AngrilyDrinkingPee
|
|switch|p1a: Sableye|Sableye-Mega, F|304\/304
|move|p2a: Ferrothorn|Spikes|p1a: Sableye
|move|p1a: Sableye|Spikes|p2a: Ferrothorn|[from]Magic Bounce
|-sidestart|p2: Gratitude|Spikes
|
|-heal|p2a: Ferrothorn|278\/352 brn|[from] item: Leftovers
|-damage|p2a: Ferrothorn|234\/352 brn|[from] brn
|turn|25
|
|switch|p2a: Heracross|Heracross, M|271\/309
|-damage|p2a: Heracross|220\/309|[from] Spikes
|move|p1a: Sableye|Dark Pulse|p2a: Heracross
|-resisted|p2a: Heracross
|-damage|p2a: Heracross|180\/309
|
|turn|26
|
|move|p2a: Heracross|Megahorn|p1a: Sableye
|-damage|p1a: Sableye|105\/304
|move|p1a: Sableye|Recover|p1a: Sableye
|-heal|p1a: Sableye|257\/304
|
|turn|27
|join|What A Lord
|
|switch|p1a: Landorus-Therian|Landorus-Therian, M|164\/319
|-ability|p1a: Landorus-Therian|Intimidate|[of] p2a: Heracross
|-unboost|p2a: Heracross|atk|1
|move|p2a: Heracross|Megahorn|p1a: Landorus-Therian
|-resisted|p1a: Landorus-Therian
|-damage|p1a: Landorus-Therian|50\/319
|
|turn|28
|c| MoB Barley|Hows that hera working for you in oras
|c| What A Lord|why are so many pros watching ;-;
|c|âGratitude|Alright
|join|Rawk Hawk
|
|switch|p2a: Slowbro|Slowbro, M|394\/394
|-damage|p2a: Slowbro|329\/394|[from] Spikes
|move|p1a: Landorus-Therian|Stealth Rock|p2a: Slowbro
|-sidestart|p2: Gratitude|move: Stealth Rock
|
|-heal|p2a: Slowbro|353\/394|[from] item: Leftovers
|turn|29
|
|move|p1a: Landorus-Therian|U-turn|p2a: Slowbro
|-supereffective|p2a: Slowbro
|-damage|p2a: Slowbro|221\/394
|join|FlamingVictini PB
|
|switch|p1a: Rotom-Wash|Rotom-Wash|220\/303 brn
|move|p2a: Slowbro|Scald|p1a: Rotom-Wash
|-resisted|p1a: Rotom-Wash
|-damage|p1a: Rotom-Wash|178\/303 brn
|
|-heal|p1a: Rotom-Wash|196\/303 brn|[from] item: Leftovers
|-heal|p2a: Slowbro|245\/394|[from] item: Leftovers
|-damage|p1a: Rotom-Wash|159\/303 brn|[from] brn
|turn|30
|join|Alldaalts
|join|baâ¥ed n bad
|join|boltsandbombers
|leave|MoB Barley
|
|move|p1a: Rotom-Wash|Volt Switch|p2a: Slowbro
|-supereffective|p2a: Slowbro
|-damage|p2a: Slowbro|59\/394
|join|Invok3r
|leave|Invok3r
|
|switch|p1a: Ferrothorn|Ferrothorn, F|299\/352
|move|p2a: Slowbro|Slack Off|p2a: Slowbro
|-heal|p2a: Slowbro|256\/394
|
|-heal|p2a: Slowbro|280\/394|[from] item: Leftovers
|-heal|p1a: Ferrothorn|321\/352|[from] item: Leftovers
|turn|31
|
|switch|p2a: Latias|Latias, F|171\/319 brn
|-damage|p2a: Latias|132\/319 brn|[from] Stealth Rock
|move|p1a: Ferrothorn|Leech Seed|p2a: Latias
|-start|p2a: Latias|move: Leech Seed
|
|-heal|p1a: Ferrothorn|343\/352|[from] item: Leftovers
|-damage|p2a: Latias|93\/319 brn|[from] Leech Seed|[of] p1a: Ferrothorn
|-heal|p1a: Ferrothorn|352\/352|[silent]
|-damage|p2a: Latias|54\/319 brn|[from] brn
|turn|32
|-message|Gratitude forfeited.
|leave|Gratitude
|leave|iplaytennislol
|
|win|iplaytennislol
|raw|Ladder updating...
|player|p2
|c| What A Lord|;-;
|leave|FlamingVictini PB
|player|p1
|leave|Rawk Hawk
|raw|iplaytennislol's rating: 1575 &rarr; <strong>1591<\/strong><br \/>(+16 for winning)
|raw|Gratitude's rating: 1502 &rarr; <strong>1486<\/strong><br \/>(-16 for losing)
|join|iplaytennislol
|join|Altilt
|leave|iplaytennislol
|leave|Altilt
|leave|What A Lord
|join|Rawk Hawk
|leave|Alldaalts
|leave|baâ¥ed n bad
|leave|craing
|leave|AngrilyDrinkingPee
|join|Gratitude