|join|iplaytennislol
|join|Storm Jesus
|player|p1|iplaytennislol|175
|player|p2|Storm Jesus|151
|gametype|singles
|gen|6
|tier|OU
|rated
|clearpoke
|poke|p1|Clefable, F
|poke|p1|Metagross
|poke|p1|Shaymin
|poke|p1|Landorus-Therian, M
|poke|p1|Talonflame, F
|poke|p1|Latias, F
|poke|p2|Gengar, M
|poke|p2|Meloetta
|poke|p2|Conkeldurr, M
|poke|p2|Gyarados, M
|poke|p2|Ferrothorn, M
|poke|p2|Landorus, M
|rule|Swagger Clause: Swagger is banned
|rule|Baton Pass Clause: Limit one PokÃ©mon knowing Baton Pass
|rule|Sleep Clause Mod: Limit one foe put to sleep
|rule|Species Clause: Limit one of each PokÃ©mon
|rule|OHKO Clause: OHKO moves are banned
|rule|Moody Clause: Moody is banned
|rule|Evasion Moves Clause: Evasion moves are banned
|rule|Endless Battle Clause: Forcing endless battles is banned
|rule|HP Percentage Mod: HP is shown in percentages
|teampreview
|
|start
|switch|p1a: Talonflame|Talonflame, F|319\/319
|switch|p2a: Enten|Landorus, M|319\/319
|turn|1
|join|Rob
|
|move|p1a: Talonflame|Swords Dance|p1a: Talonflame
|-boost|p1a: Talonflame|atk|2
|move|p2a: Enten|Psychic|p1a: Talonflame
|-damage|p1a: Talonflame|111\/319
|
|turn|2
|
|move|p1a: Talonflame|Flare Blitz|p2a: Enten
|-damage|p2a: Enten|0 fnt
|-damage|p1a: Talonflame|6\/319|[from] recoil|[of] p2a: Enten
|faint|p2a: Enten
|
|
|switch|p2a: Predator|Gyarados, M|331\/331
|-ability|p2a: Predator|Intimidate|[of] p1a: Talonflame
|-unboost|p1a: Talonflame|atk|1
|turn|3
|
|switch|p1a: Shaymin|Shaymin|341\/341
|switch|p2a: Zelda|Meloetta|404\/404
|
|turn|4
|
|move|p1a: Shaymin|Seed Bomb|p2a: Zelda
|-damage|p2a: Zelda|307\/404
|-damage|p1a: Shaymin|307\/341|[from] item: Life Orb
|move|p2a: Zelda|Psyshock|p1a: Shaymin
|-damage|p1a: Shaymin|189\/341
|
|-heal|p2a: Zelda|332\/404|[from] item: Leftovers
|turn|5
|join|The Goomy
|c| The Goomy|tennis
|c| The Goomy|you're so bad at the game
|join|innovamania
|c|âiplaytennislol|IM SO BAD
|c|@innovamania|nice
|
|switch|p1a: Metagross|Metagross|301\/301
|move|p2a: Zelda|Psyshock|p1a: Metagross
|-resisted|p1a: Metagross
|-damage|p1a: Metagross|277\/301
|
|-heal|p2a: Zelda|357\/404|[from] item: Leftovers
|turn|6
|
|detailschange|p1a: Metagross|Metagross-Mega
|-mega|p1a: Metagross|Metagross|Metagrossite
|move|p1a: Metagross|Meteor Mash|p2a: Zelda
|-damage|p2a: Zelda|155\/404
|move|p2a: Zelda|Psyshock|p1a: Metagross
|-resisted|p1a: Metagross
|-damage|p1a: Metagross|256\/301
|
|-heal|p2a: Zelda|180\/404|[from] item: Leftovers
|turn|7
|
|switch|p2a: Tytannial|Ferrothorn, M|352\/352
|move|p1a: Metagross|Hammer Arm|p2a: Tytannial
|-supereffective|p2a: Tytannial
|-damage|p2a: Tytannial|142\/352
|-damage|p1a: Metagross|219\/301|[from] ability: Iron Barbs|[of] p2a: Tytannial
|-damage|p1a: Metagross|169\/301|[from] item: Rocky Helmet|[of] p2a: Tytannial
|-unboost|p1a: Metagross|spe|1
|
|turn|8
|join|A2tehBR
|join|NagariNewMeta
|
|move|p1a: Metagross|Hammer Arm|p2a: Tytannial
|-supereffective|p2a: Tytannial
|-damage|p2a: Tytannial|0 fnt
|-damage|p1a: Metagross|132\/301|[from] ability: Iron Barbs|[of] p2a: Tytannial
|-damage|p1a: Metagross|82\/301|[from] item: Rocky Helmet|[of] p2a: Tytannial
|-unboost|p1a: Metagross|spe|1
|faint|p2a: Tytannial
|
|c| NagariNewMeta|Storm is back
|c| NagariNewMeta|why is there a shaymin?
|c|âiplaytennislol|it has seed bomb
|c|âiplaytennislol|thats why
|
|switch|p2a: Phantom|Gengar, M|262\/262
|turn|9
|c| NagariNewMeta|LOL
|leave|Rob
|join|FuqGliscore
|
|switch|p1a: Shaymin|Shaymin|189\/341
|move|p2a: Phantom|Shadow Ball|p1a: Shaymin
|-damage|p1a: Shaymin|10\/341
|-damage|p2a: Phantom|236\/262|[from] item: Life Orb
|
|turn|10
|c| NagariNewMeta|phsyical shaymin?
|
|move|p2a: Phantom|Shadow Ball|p1a: Shaymin
|-damage|p1a: Shaymin|0 fnt
|-damage|p2a: Phantom|210\/262|[from] item: Life Orb
|faint|p1a: Shaymin
|
|c|âiplaytennislol|no i meant to put seed flare
|c|âiplaytennislol|im so bad
|c| NagariNewMeta|LOL
|c| NagariNewMeta|was about to say the lure
|
|switch|p1a: Metagross|Metagross-Mega|82\/301
|turn|11
|c|âStorm Jesus|giga drain + subcm shaymin is btr imo
|c|âStorm Jesus|going for tie like bitch
|c|âStorm Jesus|:[
|c|âiplaytennislol|i thought you were 108
|c|âiplaytennislol|like i said
|c|âiplaytennislol|im bad
|c|âiplaytennislol|:[
|join|squirrelll
|c| A2tehBR|callin the bluff
|c| NagariNewMeta|LOL
|
|move|p2a: Phantom|Shadow Ball|p1a: Metagross
|-supereffective|p1a: Metagross
|-damage|p1a: Metagross|0 fnt
|-damage|p2a: Phantom|184\/262|[from] item: Life Orb
|faint|p1a: Metagross
|
|c| A2tehBR|he has bp
|c| A2tehBR|or not
|c|âStorm Jesus|bp doesn't kill
|c|âStorm Jesus|lool
|
|switch|p1a: Landorus-Therian|Landorus-Therian, M|382\/382
|-ability|p1a: Landorus-Therian|Intimidate|[of] p2a: Phantom
|-unboost|p2a: Phantom|atk|1
|turn|12
|c| A2tehBR|bp + talon does
|join|Jared.O
|c| NagariNewMeta|but brave bird does does it?
|c|âStorm Jesus|i wont sack gengar bc of talon
|c|âStorm Jesus|:]
|
|move|p2a: Phantom|Shadow Ball|p1a: Landorus-Therian
|-damage|p1a: Landorus-Therian|156\/382
|-unboost|p1a: Landorus-Therian|spd|1
|-damage|p2a: Phantom|158\/262|[from] item: Life Orb
|move|p1a: Landorus-Therian|Stealth Rock|p2a: Phantom
|-sidestart|p2: Storm Jesus|move: Stealth Rock
|
|-heal|p1a: Landorus-Therian|179\/382|[from] item: Leftovers
|turn|13
|c| Jared.O|sack lando
|
|move|p2a: Phantom|Shadow Ball|p1a: Landorus-Therian
|-damage|p1a: Landorus-Therian|0 fnt
|-damage|p2a: Phantom|132\/262|[from] item: Life Orb
|faint|p1a: Landorus-Therian
|
|c|âiplaytennislol|im gud i swer
|
|switch|p1a: Latias|Latias, F|319\/319
|turn|14
|c| squirrelll|setting up that talon sweep
|join|Escavalier
|c| NagariNewMeta|lol
|c| squirrelll|oh
|
|move|p2a: Phantom|Shadow Ball|p1a: Latias
|-supereffective|p1a: Latias
|-damage|p1a: Latias|30\/319
|-damage|p2a: Phantom|106\/262|[from] item: Life Orb
|move|p1a: Latias|Healing Wish|p1a: Latias
|faint|p1a: Latias
|
|c| squirrelll|2%
|c| NagariNewMeta|y u r doing this?
|c| squirrelll|100%
|
|switch|p1a: Talonflame|Talonflame, F|6\/319
|-heal|p1a: Talonflame|319\/319|[from] move: Healing Wish
|turn|15
|
|switch|p2a: Heihachi|Conkeldurr, M|383\/383
|-damage|p2a: Heihachi|360\/383|[from] Stealth Rock
|move|p1a: Talonflame|Swords Dance|p1a: Talonflame
|-boost|p1a: Talonflame|atk|2
|
|turn|16
|c| Escavalier|LOL
|c|âStorm Jesus|i cancel that
|c|âStorm Jesus|...
|c| A2tehBR|the
|
|move|p1a: Talonflame|Swords Dance|p1a: Talonflame
|-boost|p1a: Talonflame|atk|2
|move|p2a: Heihachi|Knock Off|p1a: Talonflame
|-damage|p1a: Talonflame|216\/319
|
|turn|17
|c| A2tehBR|clutch
|c| A2tehBR|ah
|join|Stoned Zard
|c| squirrelll|recoil prob gets you now
|c| Escavalier|acro?
|c| squirrelll|acro lol
|c|âStorm Jesus|hes gonna acro
|c|âStorm Jesus|do it
|
|move|p1a: Talonflame|Acrobatics|p2a: Heihachi
|-supereffective|p2a: Heihachi
|-damage|p2a: Heihachi|0 fnt
|faint|p2a: Heihachi
|
|c| A2tehBR|lol
|c| Escavalier|ay
|c| A2tehBR|fucking
|c| A2tehBR|clutch
|c| A2tehBR|af
|c|âStorm Jesus|ikr
|
|switch|p2a: Predator|Gyarados, M|331\/331
|-damage|p2a: Predator|249\/331|[from] Stealth Rock
|-ability|p2a: Predator|Intimidate|[of] p1a: Talonflame
|-unboost|p1a: Talonflame|atk|1
|turn|18
|c| squirrelll|oh you didnt have an item to begin with
|c|âStorm Jesus|who df sds on a gengar
|c| A2tehBR|praise tennis
|c| squirrelll|didnt notice no item lol
|c| Escavalier|well he had acro
|
|detailschange|p2a: Predator|Gyarados-Mega, M
|-mega|p2a: Predator|Gyarados|Gyaradosite
|-ability|p2a: Predator|Mold Breaker
|move|p1a: Talonflame|Acrobatics|p2a: Predator
|-damage|p2a: Predator|0 fnt
|faint|p2a: Predator
|
|c| Escavalier|so
|c| Escavalier|he could live a sludge i think
|
|switch|p2a: Phantom|Gengar, M|106\/262
|-damage|p2a: Phantom|74\/262|[from] Stealth Rock
|turn|19
|c| squirrelll|i never saw acro
|c| A2tehBR|it
|c| A2tehBR|seems good
|
|move|p1a: Talonflame|Acrobatics|p2a: Phantom
|-damage|p2a: Phantom|0 fnt
|faint|p2a: Phantom
|
|c|âStorm Jesus|me neither
|c| A2tehBR|also
|c|âStorm Jesus|weirdest set
|
|switch|p2a: Zelda|Meloetta|180\/404
|-damage|p2a: Zelda|130\/404|[from] Stealth Rock
|turn|20
|c| A2tehBR|u can check bish better
|c|âiplaytennislol|its a good set rofl
|c| A2tehBR|well
|c| A2tehBR|switch in
|leave|Escavalier
|
|move|p1a: Talonflame|Acrobatics|p2a: Zelda
|-damage|p2a: Zelda|0 fnt
|faint|p2a: Zelda
|
|win|iplaytennislol
|raw|Ladder updating...
|c|âiplaytennislol|g_g
|raw|iplaytennislol's rating: 1761 &rarr; <strong>1770<\/strong><br \/>(+9 for winning)
|raw|Storm Jesus's rating: 1524 &rarr; <strong>1516<\/strong><br \/>(-8 for losing)
|c| A2tehBR|u inspire me tennis :)
|leave|A2tehBR
|c|âStorm Jesus|never again
|leave|iplaytennislol
|c|âStorm Jesus|ill watch this over and over