|join|WECAMEASROMANS
|join|iplaytennislol
|player|p1|WECAMEASROMANS|266
|player|p2|iplaytennislol|175
|gametype|singles
|gen|6
|tier|OU
|rated
|clearpoke
|poke|p1|Diggersby, F
|poke|p1|Bisharp, M
|poke|p1|Diancie
|poke|p1|Landorus-Therian, M
|poke|p1|Tornadus-Therian, M
|poke|p1|Raikou
|poke|p2|Infernape, F
|poke|p2|Azumarill, F
|poke|p2|Lucario, F
|poke|p2|Landorus, M
|poke|p2|Metagross
|poke|p2|Thundurus, M
|rule|Swagger Clause: Swagger is banned
|rule|Baton Pass Clause: Limit one PokÃ©mon knowing Baton Pass
|rule|Sleep Clause Mod: Limit one foe put to sleep
|rule|Species Clause: Limit one of each PokÃ©mon
|rule|OHKO Clause: OHKO moves are banned
|rule|Moody Clause: Moody is banned
|rule|Evasion Moves Clause: Evasion moves are banned
|rule|Endless Battle Clause: Forcing endless battles is banned
|rule|HP Percentage Mod: HP is shown in percentages
|teampreview
|c|âiplaytennislol|-
|join|dnekdkfi
|
|start
|switch|p1a: Diancie|Diancie|241\/241
|switch|p2a: Metagross|Metagross|301\/301
|turn|1
|c|âWECAMEASROMANS|gl :3
|leave|dnekdkfi
|c|âiplaytennislol|u2
|
|switch|p1a: Bisharp|Bisharp, M|271\/271
|detailschange|p2a: Metagross|Metagross-Mega
|-mega|p2a: Metagross|Metagross|Metagrossite
|move|p2a: Metagross|Meteor Mash|p1a: Bisharp|[miss]
|-miss|p2a: Metagross|p1a: Bisharp
|
|turn|2
|
|move|p1a: Bisharp|Sucker Punch|p2a: Metagross
|-supereffective|p2a: Metagross
|-damage|p2a: Metagross|33\/301
|-damage|p1a: Bisharp|244\/271|[from] item: Life Orb
|move|p2a: Metagross|Hammer Arm|p1a: Bisharp
|-supereffective|p1a: Bisharp
|-damage|p1a: Bisharp|0 fnt
|-unboost|p2a: Metagross|spe|1
|faint|p1a: Bisharp
|
|
|switch|p1a: Raikou|Raikou|321\/321
|-ability|p1a: Raikou|Pressure
|turn|3
|
|switch|p2a: Landorus|Landorus, M|319\/319
|move|p1a: Raikou|Volt Switch|p2a: Landorus
|-immune|p2a: Landorus|[msg]
|
|turn|4
|
|move|p1a: Raikou|Hidden Power|p2a: Landorus
|-supereffective|p2a: Landorus
|-damage|p2a: Landorus|7\/319
|move|p2a: Landorus|Psychic|p1a: Raikou
|-damage|p1a: Raikou|203\/321
|
|turn|5
|c|âiplaytennislol|o
|
|move|p1a: Raikou|Hidden Power|p2a: Landorus
|-supereffective|p2a: Landorus
|-damage|p2a: Landorus|0 fnt
|faint|p2a: Landorus
|
|
|switch|p2a: Infernape|Infernape, F|294\/294
|turn|6
|
|move|p1a: Raikou|Volt Switch|p2a: Infernape
|-damage|p2a: Infernape|149\/294
|
|switch|p1a: Diancie|Diancie|241\/241
|move|p2a: Infernape|Stealth Rock|p1a: Diancie
|-sidestart|p1: WECAMEASROMANS|move: Stealth Rock
|
|turn|7
|
|detailschange|p1a: Diancie|Diancie-Mega
|-mega|p1a: Diancie|Diancie|Diancite
|move|p2a: Infernape|Endeavor|p1a: Diancie
|-damage|p1a: Diancie|149\/241
|move|p1a: Diancie|Stealth Rock|p2a: Infernape
|-sidestart|p2: iplaytennislol|move: Stealth Rock
|
|turn|8
|
|move|p2a: Infernape|Vacuum Wave|p1a: Diancie
|-damage|p1a: Diancie|86\/241
|move|p1a: Diancie|Earth Power|p2a: Infernape
|-supereffective|p2a: Infernape
|-damage|p2a: Infernape|0 fnt
|faint|p2a: Infernape
|
|
|switch|p2a: Azumarill|Azumarill, F|364\/364
|-damage|p2a: Azumarill|319\/364|[from] Stealth Rock
|turn|9
|
|move|p2a: Azumarill|Aqua Jet|p1a: Diancie
|-supereffective|p1a: Diancie
|-damage|p1a: Diancie|0 fnt
|faint|p1a: Diancie
|
|join|Yuttt.ttttt
|
|switch|p1a: Diggersby|Diggersby, F|311\/311
|-damage|p1a: Diggersby|292\/311|[from] Stealth Rock
|turn|10
|leave|Yuttt.ttttt
|
|switch|p2a: Metagross|Metagross-Mega|33\/301
|-damage|p2a: Metagross|15\/301|[from] Stealth Rock
|move|p1a: Diggersby|Return|p2a: Metagross
|-resisted|p2a: Metagross
|-damage|p2a: Metagross|0 fnt
|-damage|p1a: Diggersby|261\/311|[from] item: Life Orb
|faint|p2a: Metagross
|
|
|switch|p2a: Lucario|Lucario, F|281\/281
|-damage|p2a: Lucario|273\/281|[from] Stealth Rock
|turn|11
|
|switch|p1a: Landorus-Therian|Landorus-Therian, M|324\/324
|-damage|p1a: Landorus-Therian|284\/324|[from] Stealth Rock
|-ability|p1a: Landorus-Therian|Intimidate|[of] p2a: Lucario
|-unboost|p2a: Lucario|atk|1
|move|p2a: Lucario|Close Combat|p1a: Landorus-Therian
|-resisted|p1a: Landorus-Therian
|-damage|p1a: Landorus-Therian|190\/324
|-unboost|p2a: Lucario|def|1
|-unboost|p2a: Lucario|spd|1
|-damage|p2a: Lucario|245\/281|[from] item: Life Orb
|
|turn|12
|join|spuun
|
|switch|p2a: Thundurus|Thundurus, M|299\/299
|-damage|p2a: Thundurus|225\/299|[from] Stealth Rock
|move|p1a: Landorus-Therian|Earthquake|p2a: Thundurus
|-immune|p2a: Thundurus|[msg]
|
|turn|13
|
|switch|p1a: Tornadus-Therian|Tornadus-Therian, M|299\/299
|-damage|p1a: Tornadus-Therian|225\/299|[from] Stealth Rock
|move|p2a: Thundurus|Knock Off|p1a: Tornadus-Therian
|-damage|p1a: Tornadus-Therian|56\/299
|-enditem|p1a: Tornadus-Therian|Life Orb|[from] move: Knock Off|[of] p2a: Thundurus
|-damage|p2a: Thundurus|196\/299|[from] item: Life Orb
|
|turn|14
|
|move|p1a: Tornadus-Therian|Knock Off|p2a: Thundurus
|-damage|p2a: Thundurus|94\/299
|-enditem|p2a: Thundurus|Life Orb|[from] move: Knock Off|[of] p1a: Tornadus-Therian
|move|p2a: Thundurus|Knock Off|p1a: Tornadus-Therian
|-damage|p1a: Tornadus-Therian|0 fnt
|faint|p1a: Tornadus-Therian
|
|
|switch|p1a: Diggersby|Diggersby, F|261\/311
|-damage|p1a: Diggersby|242\/311|[from] Stealth Rock
|turn|15
|
|switch|p2a: Lucario|Lucario, F|245\/281
|-damage|p2a: Lucario|237\/281|[from] Stealth Rock
|move|p1a: Diggersby|Quick Attack|p2a: Lucario
|-resisted|p2a: Lucario
|-damage|p2a: Lucario|154\/281
|-damage|p1a: Diggersby|211\/311|[from] item: Life Orb
|
|turn|16
|
|move|p2a: Lucario|Close Combat|p1a: Diggersby
|-supereffective|p1a: Diggersby
|-damage|p1a: Diggersby|0 fnt
|-unboost|p2a: Lucario|def|1
|-unboost|p2a: Lucario|spd|1
|-damage|p2a: Lucario|126\/281|[from] item: Life Orb
|faint|p1a: Diggersby
|
|
|switch|p1a: Landorus-Therian|Landorus-Therian, M|190\/324
|-damage|p1a: Landorus-Therian|150\/324|[from] Stealth Rock
|-ability|p1a: Landorus-Therian|Intimidate|[of] p2a: Lucario
|-unboost|p2a: Lucario|atk|1
|turn|17
|
|move|p1a: Landorus-Therian|Earthquake|p2a: Lucario
|-supereffective|p2a: Lucario
|-damage|p2a: Lucario|0 fnt
|faint|p2a: Lucario
|
|
|switch|p2a: Thundurus|Thundurus, M|94\/299
|-damage|p2a: Thundurus|20\/299|[from] Stealth Rock
|turn|18
|
|move|p1a: Landorus-Therian|Earthquake|p2a: Thundurus
|-immune|p2a: Thundurus|[msg]
|move|p2a: Thundurus|Knock Off|p1a: Landorus-Therian
|-damage|p1a: Landorus-Therian|45\/324
|-enditem|p1a: Landorus-Therian|Choice Scarf|[from] move: Knock Off|[of] p2a: Thundurus
|
|turn|19
|
|move|p2a: Thundurus|Thunderbolt|p1a: Landorus-Therian
|-immune|p1a: Landorus-Therian|[msg]
|move|p1a: Landorus-Therian|Earthquake|p2a: Thundurus
|-immune|p2a: Thundurus|[msg]
|
|turn|20
|
|move|p2a: Thundurus|Thunderbolt|p1a: Landorus-Therian
|-immune|p1a: Landorus-Therian|[msg]
|move|p1a: Landorus-Therian|Earthquake|p2a: Thundurus
|-immune|p2a: Thundurus|[msg]
|
|turn|21
|
|move|p2a: Thundurus|Thunderbolt|p1a: Landorus-Therian
|-immune|p1a: Landorus-Therian|[msg]
|move|p1a: Landorus-Therian|Earthquake|p2a: Thundurus
|-immune|p2a: Thundurus|[msg]
|
|turn|22
|
|move|p2a: Thundurus|Thunderbolt|p1a: Landorus-Therian
|-immune|p1a: Landorus-Therian|[msg]
|move|p1a: Landorus-Therian|Earthquake|p2a: Thundurus
|-immune|p2a: Thundurus|[msg]
|
|turn|23
|
|move|p2a: Thundurus|Thunderbolt|p1a: Landorus-Therian
|-immune|p1a: Landorus-Therian|[msg]
|move|p1a: Landorus-Therian|Earthquake|p2a: Thundurus
|-immune|p2a: Thundurus|[msg]
|
|turn|24
|
|move|p2a: Thundurus|Thunderbolt|p1a: Landorus-Therian
|-immune|p1a: Landorus-Therian|[msg]
|move|p1a: Landorus-Therian|Earthquake|p2a: Thundurus
|-immune|p2a: Thundurus|[msg]
|
|turn|25
|c|âWECAMEASROMANS|why dont u just kill me o.o
|c|âiplaytennislol|^
|
|move|p2a: Thundurus|Thunderbolt|p1a: Landorus-Therian
|-immune|p1a: Landorus-Therian|[msg]
|move|p1a: Landorus-Therian|Earthquake|p2a: Thundurus
|-immune|p2a: Thundurus|[msg]
|
|turn|26
|
|move|p2a: Thundurus|Thunderbolt|p1a: Landorus-Therian
|-immune|p1a: Landorus-Therian|[msg]
|move|p1a: Landorus-Therian|Earthquake|p2a: Thundurus
|-immune|p2a: Thundurus|[msg]
|
|turn|27
|
|move|p2a: Thundurus|Thunderbolt|p1a: Landorus-Therian
|-immune|p1a: Landorus-Therian|[msg]
|move|p1a: Landorus-Therian|Earthquake|p2a: Thundurus
|-immune|p2a: Thundurus|[msg]
|
|turn|28
|
|move|p2a: Thundurus|Thunderbolt|p1a: Landorus-Therian
|-immune|p1a: Landorus-Therian|[msg]
|move|p1a: Landorus-Therian|Earthquake|p2a: Thundurus
|-immune|p2a: Thundurus|[msg]
|
|turn|29
|leave|iplaytennislol
|
|move|p2a: Thundurus|Thunderbolt|p1a: Landorus-Therian
|-immune|p1a: Landorus-Therian|[msg]
|move|p1a: Landorus-Therian|U-turn|p2a: Thundurus
|-resisted|p2a: Thundurus
|-damage|p2a: Thundurus|0 fnt
|faint|p2a: Thundurus
|player|p2
|join|iplaytennislol
|leave|spuun
|player|p2|iplaytennislol|175
|
|switch|p1a: Raikou|Raikou|203\/321
|-damage|p1a: Raikou|163\/321|[from] Stealth Rock
|-ability|p1a: Raikou|Pressure
|
|
|switch|p2a: Azumarill|Azumarill, F|319\/364
|-damage|p2a: Azumarill|274\/364|[from] Stealth Rock
|turn|30
|join|spuun
|
|switch|p1a: Landorus-Therian|Landorus-Therian, M|45\/324
|-damage|p1a: Landorus-Therian|5\/324|[from] Stealth Rock
|-ability|p1a: Landorus-Therian|Intimidate|[of] p2a: Azumarill
|-unboost|p2a: Azumarill|atk|1
|move|p2a: Azumarill|Aqua Jet|p1a: Landorus-Therian
|-supereffective|p1a: Landorus-Therian
|-damage|p1a: Landorus-Therian|0 fnt
|faint|p1a: Landorus-Therian
|
|
|switch|p1a: Raikou|Raikou|163\/321
|-damage|p1a: Raikou|123\/321|[from] Stealth Rock
|-ability|p1a: Raikou|Pressure
|turn|31
|c| spuun|gg.
|c|âiplaytennislol|i shoulda belly drummed
|c|âiplaytennislol|like a man
|c|âiplaytennislol|gg
|c|âWECAMEASROMANS|gg
|
|move|p2a: Azumarill|Aqua Jet|p1a: Raikou
|-damage|p1a: Raikou|50\/321
|move|p1a: Raikou|Thunderbolt|p2a: Azumarill
|-supereffective|p2a: Azumarill
|-damage|p2a: Azumarill|0 fnt
|faint|p2a: Azumarill
|
|win|WECAMEASROMANS
|raw|Ladder updating...
|raw|WECAMEASROMANS's rating: 1735 &rarr; <strong>1753<\/strong><br \/>(+18 for winning)
|raw|iplaytennislol's rating: 1706 &rarr; <strong>1687<\/strong><br \/>(-19 for losing)
|leave|WECAMEASROMANS
|player|p1
|leave|spuun
|leave|iplaytennislol
|player|p2