|join|lil manaphy
|join|iplaytennislol
|player|p1|lil manaphy|272
|player|p2|iplaytennislol|175
|gametype|singles
|gen|6
|tier|OU
|rated
|clearpoke
|poke|p1|Lopunny, F
|poke|p1|Manaphy
|poke|p1|Scizor, M
|poke|p1|Celebi
|poke|p1|Heatran, F
|poke|p1|Mandibuzz, F
|poke|p2|Excadrill, F
|poke|p2|Azelf
|poke|p2|Pinsir, M
|poke|p2|Thundurus, M
|poke|p2|Keldeo
|poke|p2|Kyurem-Black
|rule|Swagger Clause: Swagger is banned
|rule|Baton Pass Clause: Limit one PokÃ©mon knowing Baton Pass
|rule|Sleep Clause Mod: Limit one foe put to sleep
|rule|Species Clause: Limit one of each PokÃ©mon
|rule|OHKO Clause: OHKO moves are banned
|rule|Moody Clause: Moody is banned
|rule|Evasion Moves Clause: Evasion moves are banned
|rule|Endless Battle Clause: Forcing endless battles is banned
|rule|HP Percentage Mod: HP is shown in percentages
|teampreview
|
|start
|switch|p1a: Couture|Lopunny, F|271\/271
|switch|p2a: Pinsir|Pinsir, M|271\/271
|turn|1
|
|detailschange|p1a: Couture|Lopunny-Mega, F
|-mega|p1a: Couture|Lopunny|Lopunnite
|detailschange|p2a: Pinsir|Pinsir-Mega, M
|-mega|p2a: Pinsir|Pinsir|Pinsirite
|move|p1a: Couture|Fake Out|p2a: Pinsir
|-damage|p2a: Pinsir|211\/271
|cant|p2a: Pinsir|flinch
|
|turn|2
|
|switch|p1a: im walling everyth|Mandibuzz, F|423\/423
|move|p2a: Pinsir|Swords Dance|p2a: Pinsir
|-boost|p2a: Pinsir|atk|2
|
|turn|3
|
|move|p2a: Pinsir|Frustration|p1a: im walling everyth
|-damage|p1a: im walling everyth|60\/423
|-damage|p2a: Pinsir|166\/271|[from] item: Rocky Helmet|[of] p1a: im walling everyth
|move|p1a: im walling everyth|Foul Play|p2a: Pinsir
|-damage|p2a: Pinsir|0 fnt
|faint|p2a: Pinsir
|
|c|âiplaytennislol|ew thats fat
|
|switch|p2a: Thundurus|Thundurus, M|299\/299
|turn|4
|
|switch|p1a: bean curd puff|Heatran, F|386\/386
|move|p2a: Thundurus|Thunderbolt|p1a: bean curd puff
|-damage|p1a: bean curd puff|264\/386
|-damage|p2a: Thundurus|270\/299|[from] item: Life Orb
|
|-heal|p1a: bean curd puff|288\/386|[from] item: Leftovers
|turn|5
|
|switch|p2a: Azelf|Azelf|291\/291
|move|p1a: bean curd puff|Lava Plume|p2a: Azelf
|-damage|p2a: Azelf|119\/291
|-status|p2a: Azelf|brn
|
|-heal|p1a: bean curd puff|312\/386|[from] item: Leftovers
|-damage|p2a: Azelf|83\/291 brn|[from] brn
|turn|6
|
|move|p2a: Azelf|Stealth Rock|p1a: bean curd puff
|-sidestart|p1: lil manaphy|move: Stealth Rock
|move|p1a: bean curd puff|Lava Plume|p2a: Azelf
|-damage|p2a: Azelf|0 fnt
|faint|p2a: Azelf
|
|-heal|p1a: bean curd puff|336\/386|[from] item: Leftovers
|
|switch|p2a: Keldeo|Keldeo|323\/323
|turn|7
|
|switch|p1a: just my onion|Celebi|404\/404
|-damage|p1a: just my onion|354\/404|[from] Stealth Rock
|move|p2a: Keldeo|Secret Sword|p1a: just my onion
|-resisted|p1a: just my onion
|-damage|p1a: just my onion|245\/404
|
|-heal|p1a: just my onion|270\/404|[from] item: Leftovers
|turn|8
|
|move|p2a: Keldeo|Secret Sword|p1a: just my onion
|-resisted|p1a: just my onion
|-damage|p1a: just my onion|155\/404
|move|p1a: just my onion|Giga Drain|p2a: Keldeo
|-supereffective|p2a: Keldeo
|-damage|p2a: Keldeo|143\/323
|-heal|p1a: just my onion|245\/404|[from] drain|[of] p2a: Keldeo
|
|-heal|p1a: just my onion|270\/404|[from] item: Leftovers
|turn|9
|
|move|p2a: Keldeo|Secret Sword|p1a: just my onion
|-resisted|p1a: just my onion
|-damage|p1a: just my onion|155\/404
|move|p1a: just my onion|Recover|p1a: just my onion
|-heal|p1a: just my onion|357\/404
|
|-heal|p1a: just my onion|382\/404|[from] item: Leftovers
|turn|10
|join|Winter's Howl
|
|switch|p2a: Kyurem-Black|Kyurem-Black|391\/391
|-ability|p2a: Kyurem-Black|Teravolt
|move|p1a: just my onion|Giga Drain|p2a: Kyurem-Black
|-resisted|p2a: Kyurem-Black
|-damage|p2a: Kyurem-Black|335\/391
|-heal|p1a: just my onion|404\/404|[from] drain|[of] p2a: Kyurem-Black
|
|turn|11
|join|Montsegur
|
|switch|p1a: im walling everyth|Mandibuzz, F|60\/423
|-damage|p1a: im walling everyth|0 fnt|[from] Stealth Rock
|faint|p1a: im walling everyth
|move|p2a: Kyurem-Black|Fusion Bolt|p1: im walling everyth|[notarget]
|-notarget
|
|
|switch|p1a: business|Scizor, M|343\/343
|-damage|p1a: business|301\/343|[from] Stealth Rock
|turn|12
|
|switch|p2a: Excadrill|Excadrill, F|362\/362
|-ability|p2a: Excadrill|Mold Breaker
|move|p1a: business|U-turn|p2a: Excadrill
|-resisted|p2a: Excadrill
|-damage|p2a: Excadrill|217\/362
|
|switch|p1a: still bigger than|Manaphy|341\/341
|-damage|p1a: still bigger than|299\/341|[from] Stealth Rock
|
|-heal|p1a: still bigger than|320\/341|[from] item: Leftovers
|turn|13
|
|switch|p2a: Kyurem-Black|Kyurem-Black|335\/391
|-ability|p2a: Kyurem-Black|Teravolt
|move|p1a: still bigger than|Scald|p2a: Kyurem-Black
|-resisted|p2a: Kyurem-Black
|-damage|p2a: Kyurem-Black|260\/391
|
|-heal|p1a: still bigger than|341\/341|[from] item: Leftovers
|turn|14
|join|yrs
|
|switch|p1a: bean curd puff|Heatran, F|336\/386
|-damage|p1a: bean curd puff|288\/386|[from] Stealth Rock
|move|p2a: Kyurem-Black|Outrage|p1a: bean curd puff
|-crit|p1a: bean curd puff
|-resisted|p1a: bean curd puff
|-damage|p1a: bean curd puff|27\/386
|-damage|p2a: Kyurem-Black|221\/391|[from] item: Life Orb
|
|-heal|p1a: bean curd puff|51\/386|[from] item: Leftovers
|turn|15
|c|âlil manaphy|oh
|
|move|p2a: Kyurem-Black|Outrage|p1a: bean curd puff
|-resisted|p1a: bean curd puff
|-damage|p1a: bean curd puff|0 fnt
|-damage|p2a: Kyurem-Black|182\/391|[from] item: Life Orb
|faint|p1a: bean curd puff
|
|-end|p2a: Kyurem-Black|rampage
|-start|p2a: Kyurem-Black|confusion
|join|MTL Manectric
|c|âlil manaphy|goodbye bean curd puff
|
|switch|p1a: Couture|Lopunny-Mega, F|271\/271
|-damage|p1a: Couture|255\/271|[from] Stealth Rock
|turn|16
|join|JSanchzz26
|
|move|p1a: Couture|Drain Punch|p2a: Kyurem-Black
|-supereffective|p2a: Kyurem-Black
|-damage|p2a: Kyurem-Black|0 fnt
|-heal|p1a: Couture|271\/271|[from] drain|[of] p2a: Kyurem-Black
|faint|p2a: Kyurem-Black
|
|
|switch|p2a: Thundurus|Thundurus, M|270\/299
|turn|17
|
|switch|p1a: just my onion|Celebi|404\/404
|-damage|p1a: just my onion|354\/404|[from] Stealth Rock
|move|p2a: Thundurus|Knock Off|p1a: just my onion
|-supereffective|p1a: just my onion
|-damage|p1a: just my onion|102\/404
|-enditem|p1a: just my onion|Leftovers|[from] move: Knock Off|[of] p2a: Thundurus
|-damage|p2a: Thundurus|241\/299|[from] item: Life Orb
|
|turn|18
|c| MTL Manectric|wurld st4rd
|
|move|p2a: Thundurus|Knock Off|p1a: just my onion
|-supereffective|p1a: just my onion
|-damage|p1a: just my onion|0 fnt
|-damage|p2a: Thundurus|212\/299|[from] item: Life Orb
|faint|p1a: just my onion
|
|
|switch|p1a: Couture|Lopunny-Mega, F|271\/271
|-damage|p1a: Couture|255\/271|[from] Stealth Rock
|turn|19
|
|switch|p2a: Excadrill|Excadrill, F|217\/362
|-ability|p2a: Excadrill|Mold Breaker
|move|p1a: Couture|Return|p2a: Excadrill
|-resisted|p2a: Excadrill
|-damage|p2a: Excadrill|84\/362
|
|turn|20
|
|move|p2a: Excadrill|Earthquake|p1a: Couture
|-damage|p1a: Couture|57\/271
|move|p1a: Couture|Drain Punch|p2a: Excadrill
|-supereffective|p2a: Excadrill
|-damage|p2a: Excadrill|0 fnt
|-heal|p1a: Couture|99\/271|[from] drain|[of] p2a: Excadrill
|faint|p2a: Excadrill
|
|
|switch|p2a: Thundurus|Thundurus, M|212\/299
|turn|21
|c| JSanchzz26|no prankster no problem
|c|âlil manaphy|gg if i dont get haxed
|
|move|p2a: Thundurus|Thunder Wave|p1a: Couture
|-status|p1a: Couture|par
|move|p1a: Couture|Return|p2a: Thundurus
|-damage|p2a: Thundurus|0 fnt
|faint|p2a: Thundurus
|
|c|âlil manaphy|gg
|c|âiplaytennislol|gg
|
|switch|p2a: Keldeo|Keldeo|143\/323
|turn|22
|
|switch|p1a: business|Scizor, M|301\/343
|-damage|p1a: business|259\/343|[from] Stealth Rock
|move|p2a: Keldeo|Secret Sword|p1a: business
|-damage|p1a: business|49\/343
|
|turn|23
|
|move|p1a: business|Bullet Punch|p2a: Keldeo
|-resisted|p2a: Keldeo
|-damage|p2a: Keldeo|55\/323
|move|p2a: Keldeo|Secret Sword|p1a: business
|-damage|p1a: business|0 fnt
|faint|p1a: business
|
|
|switch|p1a: Couture|Lopunny-Mega, F|99\/271 par
|-damage|p1a: Couture|83\/271 par|[from] Stealth Rock
|turn|24
|c| JSanchzz26|i don't get that play
|c|âiplaytennislol|wasnt the better play to sack lop instead of risk para?
|c|âlil manaphy|its psychic manaphy
|
|move|p1a: Couture|Fake Out|p2a: Keldeo
|-crit|p2a: Keldeo
|-damage|p2a: Keldeo|0 fnt
|faint|p2a: Keldeo
|
|win|lil manaphy
|raw|Ladder updating...
|c|âiplaytennislol|i could crit
|raw|lil manaphy's rating: 1724 &rarr; <strong>1743<\/strong><br \/>(+19 for winning)
|raw|iplaytennislol's rating: 1704 &rarr; <strong>1686<\/strong><br \/>(-18 for losing)
|c|âiplaytennislol|w\/e
|c|âiplaytennislol|gg
|leave|iplaytennislol