|join|iplaytennislol
|join|trolltothemax
|player|p1|iplaytennislol|175
|player|p2|trolltothemax|102
|gametype|singles
|gen|6
|tier|OU
|rated
|clearpoke
|poke|p1|Serperior, M
|poke|p1|Altaria, F
|poke|p1|Keldeo
|poke|p1|Starmie
|poke|p1|Ferrothorn, M
|poke|p1|Bisharp, F
|poke|p2|Starmie
|poke|p2|Scizor, F
|poke|p2|Whimsicott, M
|poke|p2|Heatran, F
|poke|p2|Sylveon, F
|poke|p2|Hawlucha, F
|rule|Swagger Clause: Swagger is banned
|rule|Baton Pass Clause: Limit one PokÃ©mon knowing Baton Pass
|rule|Sleep Clause Mod: Limit one foe put to sleep
|rule|Species Clause: Limit one of each PokÃ©mon
|rule|OHKO Clause: OHKO moves are banned
|rule|Moody Clause: Moody is banned
|rule|Evasion Moves Clause: Evasion moves are banned
|rule|Endless Battle Clause: Forcing endless battles is banned
|rule|HP Percentage Mod: HP is shown in percentages
|teampreview
|join|Paul Gilbert
|join|fingerscrossed
|
|start
|switch|p1a: Keldeo|Keldeo|324\/324
|switch|p2a: Heatran|Heatran, F|326\/326
|-item|p2a: Heatran|Air Balloon
|turn|1
|join|FlamingVictini PB
|c| FlamingVictini PB|serperior the lawd
|
|switch|p1a: Bisharp|Bisharp, F|271\/271
|switch|p2a: Starmie|Starmie|323\/323
|
|turn|2
|c| FlamingVictini PB|fingers they allowed diancie-mega in uu for retesting
|c|+fingerscrossed|ye
|c| FlamingVictini PB|which means i can blast through teams now :]
|join|Spankerchief
|join|MoB Barley
|
|move|p1a: Bisharp|Knock Off|p2a: Starmie
|-supereffective|p2a: Starmie
|-damage|p2a: Starmie|0 fnt
|-enditem|p2a: Starmie|Leftovers|[from] move: Knock Off|[of] p1a: Bisharp
|faint|p2a: Starmie
|
|c|âiplaytennislol|yum
|join|innovamaniaâ¥
|c| Paul Gilbert|is that really the mighty scarf bisharp?
|join|M0XI3 B00ST
|c|+fingerscrossed|no
|c|+fingerscrossed|it just outsped starmie
|join|Murkrow Jupiter
|c| Paul Gilbert|Leeel
|
|switch|p2a: Hawlucha|Hawlucha, F|299\/299
|turn|3
|
|switch|p1a: Altaria|Altaria, F|327\/327
|move|p2a: Hawlucha|Sky Attack|p1a: Altaria|[still]
|-prepare|p2a: Hawlucha|Sky Attack|p1a: Altaria
|-enditem|p2a: Hawlucha|Power Herb
|-anim|p2a: Hawlucha|Sky Attack|p1a: Altaria
|-damage|p1a: Altaria|110\/327
|
|turn|4
|c| Paul Gilbert|That could only happen if starmie was - speed and you were + speed
|c| Paul Gilbert|or if it had 24 speed IVs
|
|detailschange|p1a: Altaria|Altaria-Mega, F
|-mega|p1a: Altaria|Altaria|Altarianite
|move|p2a: Hawlucha|Acrobatics|p1a: Altaria
|-damage|p1a: Altaria|0 fnt
|faint|p1a: Altaria
|
|c| Paul Gilbert|for some reason
|join|fingersintheass
|
|switch|p1a: Ferrothorn|Ferrothorn, M|352\/352
|turn|5
|join|Montsegur
|
|move|p2a: Hawlucha|Swords Dance|p2a: Hawlucha
|-boost|p2a: Hawlucha|atk|2
|move|p1a: Ferrothorn|Gyro Ball|p2a: Hawlucha
|-damage|p2a: Hawlucha|101\/299
|
|turn|6
|join|yrs
|join|Avarice87
|leave|fingerscrossed
|leave|Avarice87
|
|move|p2a: Hawlucha|Acrobatics|p1a: Ferrothorn
|-damage|p1a: Ferrothorn|114\/352
|-damage|p2a: Hawlucha|64\/299|[from] ability: Iron Barbs|[of] p1a: Ferrothorn
|move|p1a: Ferrothorn|Gyro Ball|p2a: Hawlucha
|-damage|p2a: Hawlucha|0 fnt
|faint|p2a: Hawlucha
|
|-heal|p1a: Ferrothorn|136\/352|[from] item: Leftovers
|join|Squirrelll
|leave|fingersintheass
|join|fingerscrossed
|
|switch|p2a: Heatran|Heatran, F|326\/326
|-item|p2a: Heatran|Air Balloon
|turn|7
|leave|Squirrelll
|join|LordKuvira
|
|move|p2a: Heatran|Stealth Rock|p1a: Ferrothorn
|-sidestart|p1: iplaytennislol|move: Stealth Rock
|move|p1a: Ferrothorn|Spikes|p2a: Heatran
|-sidestart|p2: trolltothemax|Spikes
|
|-heal|p1a: Ferrothorn|158\/352|[from] item: Leftovers
|turn|8
|
|switch|p1a: Starmie|Starmie|324\/324
|-damage|p1a: Starmie|284\/324|[from] Stealth Rock
|move|p2a: Heatran|Will-O-Wisp|p1a: Starmie
|-status|p1a: Starmie|brn
|
|-heal|p1a: Starmie|304\/324 brn|[from] item: Leftovers
|-damage|p1a: Starmie|264\/324 brn|[from] brn
|turn|9
|
|switch|p2a: Sylveon|Sylveon, F|394\/394
|-damage|p2a: Sylveon|345\/394|[from] Spikes
|move|p1a: Starmie|Rapid Spin|p2a: Sylveon
|-damage|p2a: Sylveon|340\/394
|-sideend|p1: iplaytennislol|Stealth Rock|[from] move: Rapid Spin|[of] p1a: Starmie
|
|-heal|p1a: Starmie|284\/324 brn|[from] item: Leftovers
|-heal|p2a: Sylveon|364\/394|[from] item: Leftovers
|-damage|p1a: Starmie|244\/324 brn|[from] brn
|turn|10
|
|switch|p1a: Ferrothorn|Ferrothorn, M|158\/352
|move|p2a: Sylveon|Hyper Voice|p1a: Ferrothorn
|-resisted|p1a: Ferrothorn
|-damage|p1a: Ferrothorn|101\/352
|
|-heal|p2a: Sylveon|388\/394|[from] item: Leftovers
|-heal|p1a: Ferrothorn|123\/352|[from] item: Leftovers
|turn|11
|leave|M0XI3 B00ST
|c|+fingerscrossed|http:\/\/imgur.com\/PSg5r38
|
|switch|p2a: Heatran|Heatran, F|326\/326
|-item|p2a: Heatran|Air Balloon
|move|p1a: Ferrothorn|Stealth Rock|p2a: Heatran
|-sidestart|p2: trolltothemax|move: Stealth Rock
|
|-heal|p1a: Ferrothorn|145\/352|[from] item: Leftovers
|turn|12
|join|Pure Demize
|leave|Pure Demize
|
|switch|p1a: Starmie|Starmie|244\/324
|move|p2a: Heatran|Fire Blast|p1a: Starmie|[miss]
|-miss|p2a: Heatran|p1a: Starmie
|
|-heal|p1a: Starmie|264\/324|[from] item: Leftovers
|turn|13
|leave|FlamingVictini PB
|
|switch|p2a: Sylveon|Sylveon, F|388\/394
|-damage|p2a: Sylveon|339\/394|[from] Spikes
|-damage|p2a: Sylveon|290\/394|[from] Stealth Rock
|move|p1a: Starmie|Scald|p2a: Sylveon
|-damage|p2a: Sylveon|214\/394
|-status|p2a: Sylveon|brn
|
|-heal|p1a: Starmie|284\/324|[from] item: Leftovers
|-heal|p2a: Sylveon|238\/394 brn|[from] item: Leftovers
|-damage|p2a: Sylveon|189\/394 brn|[from] brn
|turn|14
|join|SilverReaper21
|join|fingersintheass
|
|switch|p1a: Keldeo|Keldeo|324\/324
|move|p2a: Sylveon|Heal Bell|p2a: Sylveon
|-cureteam|p2a: Sylveon|[from] move: HealBell
|
|-heal|p2a: Sylveon|213\/394|[from] item: Leftovers
|turn|15
|c|@innovamaniaâ¥|predicting everything
|c|@innovamaniaâ¥|tennis is a savage
|
|switch|p1a: Ferrothorn|Ferrothorn, M|145\/352
|move|p2a: Sylveon|Protect|p2a: Sylveon
|-fail|p2a: Sylveon
|
|-heal|p2a: Sylveon|237\/394|[from] item: Leftovers
|-heal|p1a: Ferrothorn|167\/352|[from] item: Leftovers
|turn|16
|c| SilverReaper21|Tru
|c|âiplaytennislol|do i put the heart in your name inno
|
|switch|p2a: Scizor|Scizor, F|281\/281
|-damage|p2a: Scizor|246\/281|[from] Spikes
|-damage|p2a: Scizor|211\/281|[from] Stealth Rock
|move|p1a: Ferrothorn|Spikes|p2a: Scizor
|-sidestart|p2: trolltothemax|Spikes
|
|-heal|p1a: Ferrothorn|189\/352|[from] item: Leftovers
|turn|17
|c| SilverReaper21|Tennis calm down its not that serious
|
|switch|p1a: Keldeo|Keldeo|324\/324
|detailschange|p2a: Scizor|Scizor-Mega, F
|-mega|p2a: Scizor|Scizor|Scizorite
|move|p2a: Scizor|Swords Dance|p2a: Scizor
|-boost|p2a: Scizor|atk|2
|
|turn|18
|
|move|p2a: Scizor|Bullet Punch|p1a: Keldeo
|-resisted|p1a: Keldeo
|-damage|p1a: Keldeo|180\/324
|move|p1a: Keldeo|Scald|p2a: Scizor
|-damage|p2a: Scizor|69\/281
|
|-heal|p1a: Keldeo|200\/324|[from] item: Leftovers
|turn|19
|join|Julian
|c|âiplaytennislol|hi julian n_n
|leave|innovamaniaâ¥
|-message|trolltothemax lost due to inactivity.
|leave|MoB Barley
|c| SilverReaper21|gg
|leave|fingersintheass
|leave|SilverReaper21
|
|win|iplaytennislol
|raw|Ladder updating...
|leave|iplaytennislol
|raw|iplaytennislol's rating: 1662 &rarr; <strong>1679<\/strong><br \/>(+17 for winning)
|raw|trolltothemax's rating: 1610 &rarr; <strong>1593<\/strong><br \/>(-17 for losing)
|leave|fingerscrossed
|player|p1
|leave|Julian
|leave|Paul Gilbert
|leave|Spankerchief
|leave|trolltothemax
|player|p2
|join|MoB Barley
|leave|MoB Barley
|leave|Montsegur
|leave|yrs