|join|req'd by crobro
|join|iplaytennislol
|player|p1|req'd by crobro|247
|player|p2|iplaytennislol|175
|gametype|singles
|gen|6
|tier|OU
|clearpoke
|poke|p1|Amoonguss, F
|poke|p1|Slowbro, F
|poke|p1|Heatran, F
|poke|p1|Landorus-Therian, M
|poke|p1|Metagross
|poke|p1|Clefable, F
|poke|p2|Infernape, M
|poke|p2|Azumarill, F
|poke|p2|Lucario, M
|poke|p2|Landorus, M
|poke|p2|Metagross
|poke|p2|Thundurus, M
|rule|Swagger Clause: Swagger is banned
|rule|Baton Pass Clause: Limit one PokÃ©mon knowing Baton Pass
|rule|Sleep Clause Mod: Limit one foe put to sleep
|rule|Species Clause: Limit one of each PokÃ©mon
|rule|OHKO Clause: OHKO moves are banned
|rule|Moody Clause: Moody is banned
|rule|Evasion Moves Clause: Evasion moves are banned
|rule|Endless Battle Clause: Forcing endless battles is banned
|rule|HP Percentage Mod: HP is shown in percentages
|teampreview
|join|Sennto
|join|iasnobeert
|join|asdadz
|join|Vrin
|
|start
|switch|p1a: Landorus-Therian|Landorus-Therian, M|319\/319
|switch|p2a: Infernape|Infernape, M|294\/294
|-ability|p1a: Landorus-Therian|Intimidate|[of] p2a: Infernape
|-unboost|p2a: Infernape|atk|1
|turn|1
|join|Pattern Against
|join|Dr. SJCrew
|c|âreq'd by crobro|wanna write my research paper for me
|
|move|p1a: Landorus-Therian|U-turn|p2a: Infernape
|-resisted|p2a: Infernape
|-damage|p2a: Infernape|256\/294
|
|switch|p1a: Slowbro|Slowbro, F|394\/394
|move|p2a: Infernape|Stealth Rock|p1a: Slowbro
|-sidestart|p1: req'd by crobro|move: Stealth Rock
|
|turn|2
|
|move|p2a: Infernape|Fire Blast|p1a: Slowbro
|-crit|p1a: Slowbro
|-resisted|p1a: Slowbro
|-damage|p1a: Slowbro|235\/394
|move|p1a: Slowbro|Thunder Wave|p2a: Infernape
|-status|p2a: Infernape|par
|
|-heal|p1a: Slowbro|259\/394|[from] item: Leftovers
|turn|3
|
|move|p1a: Slowbro|Scald|p2a: Infernape
|-supereffective|p2a: Infernape
|-damage|p2a: Infernape|0 fnt
|faint|p2a: Infernape
|
|-heal|p1a: Slowbro|283\/394|[from] item: Leftovers
|
|switch|p2a: Thundurus|Thundurus, M|299\/299
|turn|4
|
|switch|p1a: Amoonguss|Amoonguss, F|431\/431
|-damage|p1a: Amoonguss|378\/431|[from] Stealth Rock
|move|p2a: Thundurus|Knock Off|p1a: Amoonguss
|-damage|p1a: Amoonguss|260\/431
|-enditem|p1a: Amoonguss|Black Sludge|[from] move: Knock Off|[of] p2a: Thundurus
|-damage|p2a: Thundurus|270\/299|[from] item: Life Orb
|
|turn|5
|
|move|p2a: Thundurus|Hidden Power|p1a: Amoonguss
|-supereffective|p1a: Amoonguss
|-damage|p1a: Amoonguss|47\/431
|-damage|p2a: Thundurus|241\/299|[from] item: Life Orb
|move|p1a: Amoonguss|Spore|p2a: Thundurus
|-status|p2a: Thundurus|slp
|
|turn|6
|leave|Sennto
|
|switch|p2a: Metagross|Metagross|301\/301
|move|p1a: Amoonguss|Foul Play|p2a: Metagross
|-supereffective|p2a: Metagross
|-damage|p2a: Metagross|113\/301
|
|turn|7
|c|âreq'd by crobro|ouch
|
|switch|p1a: Slowbro|Slowbro, F|394\/394
|-damage|p1a: Slowbro|345\/394|[from] Stealth Rock
|detailschange|p2a: Metagross|Metagross-Mega
|-mega|p2a: Metagross|Metagross|Metagrossite
|move|p2a: Metagross|Thunder Punch|p1a: Slowbro
|-supereffective|p1a: Slowbro
|-damage|p1a: Slowbro|171\/394
|
|-heal|p1a: Slowbro|195\/394|[from] item: Leftovers
|turn|8
|c|âiplaytennislol|ouch
|
|move|p2a: Metagross|Thunder Punch|p1a: Slowbro
|-supereffective|p1a: Slowbro
|-damage|p1a: Slowbro|7\/394
|move|p1a: Slowbro|Slack Off|p1a: Slowbro
|-heal|p1a: Slowbro|204\/394
|
|-heal|p1a: Slowbro|228\/394|[from] item: Leftovers
|turn|9
|join|Boikachu
|
|switch|p2a: Thundurus|Thundurus, M|241\/299 slp
|move|p1a: Slowbro|Thunder Wave|p2a: Thundurus
|-fail|p2a: Thundurus
|
|-heal|p1a: Slowbro|252\/394|[from] item: Leftovers
|turn|10
|
|switch|p1a: Landorus-Therian|Landorus-Therian, M|319\/319
|-damage|p1a: Landorus-Therian|280\/319|[from] Stealth Rock
|-ability|p1a: Landorus-Therian|Intimidate|[of] p2a: Thundurus
|-unboost|p2a: Thundurus|atk|1
|cant|p2a: Thundurus|slp
|
|turn|11
|leave|Vrin
|
|switch|p2a: Lucario|Lucario, M|281\/281
|move|p1a: Landorus-Therian|U-turn|p2a: Lucario
|-resisted|p2a: Lucario
|-damage|p2a: Lucario|250\/281
|
|switch|p1a: Slowbro|Slowbro, F|383\/394
|-damage|p1a: Slowbro|334\/394|[from] Stealth Rock
|
|-heal|p1a: Slowbro|358\/394|[from] item: Leftovers
|turn|12
|
|move|p2a: Lucario|Swords Dance|p2a: Lucario
|-boost|p2a: Lucario|atk|2
|move|p1a: Slowbro|Scald|p2a: Lucario
|-damage|p2a: Lucario|118\/281
|
|-heal|p1a: Slowbro|382\/394|[from] item: Leftovers
|turn|13
|
|move|p2a: Lucario|Crunch|p1a: Slowbro
|-supereffective|p1a: Slowbro
|-damage|p1a: Slowbro|83\/394
|-damage|p2a: Lucario|90\/281|[from] item: Life Orb
|move|p1a: Slowbro|Scald|p2a: Lucario
|-damage|p2a: Lucario|0 fnt
|faint|p2a: Lucario
|
|-heal|p1a: Slowbro|107\/394|[from] item: Leftovers
|
|switch|p2a: Azumarill|Azumarill, F|364\/364
|turn|14
|
|switch|p1a: Amoonguss|Amoonguss, F|190\/431
|-damage|p1a: Amoonguss|137\/431|[from] Stealth Rock
|move|p2a: Azumarill|Belly Drum|p2a: Azumarill
|-damage|p2a: Azumarill|182\/364
|-setboost|p2a: Azumarill|atk|6|[from] move: Belly Drum
|-enditem|p2a: Azumarill|Sitrus Berry|[eat]
|-heal|p2a: Azumarill|273\/364|[from] item: Sitrus Berry
|
|turn|15
|
|move|p2a: Azumarill|Knock Off|p1a: Amoonguss
|-crit|p1a: Amoonguss
|-damage|p1a: Amoonguss|0 fnt
|faint|p1a: Amoonguss
|
|
|switch|p1a: Metagross|Metagross|301\/301
|-damage|p1a: Metagross|283\/301|[from] Stealth Rock
|turn|16
|
|detailschange|p1a: Metagross|Metagross-Mega
|-mega|p1a: Metagross|Metagross|Metagrossite
|move|p2a: Azumarill|Aqua Jet|p1a: Metagross
|-damage|p1a: Metagross|39\/301
|move|p1a: Metagross|Meteor Mash|p2a: Azumarill
|-damage|p2a: Azumarill|0 fnt
|-boost|p1a: Metagross|atk|1
|faint|p2a: Azumarill
|
|
|switch|p2a: Metagross|Metagross-Mega|113\/301
|turn|17
|
|switch|p1a: Landorus-Therian|Landorus-Therian, M|280\/319
|-damage|p1a: Landorus-Therian|241\/319|[from] Stealth Rock
|-ability|p1a: Landorus-Therian|Intimidate|[of] p2a: Metagross
|-unboost|p2a: Metagross|atk|1
|move|p2a: Metagross|Bullet Punch|p1a: Landorus-Therian
|-damage|p1a: Landorus-Therian|166\/319
|
|turn|18
|
|switch|p2a: Landorus|Landorus, M|319\/319
|move|p1a: Landorus-Therian|U-turn|p2a: Landorus
|-resisted|p2a: Landorus
|-damage|p2a: Landorus|265\/319
|
|switch|p1a: Metagross|Metagross-Mega|39\/301
|-damage|p1a: Metagross|21\/301|[from] Stealth Rock
|
|turn|19
|
|switch|p2a: Metagross|Metagross-Mega|113\/301
|move|p1a: Metagross|Meteor Mash|p2a: Metagross
|-resisted|p2a: Metagross
|-damage|p2a: Metagross|36\/301
|
|turn|20
|
|move|p2a: Metagross|Bullet Punch|p1a: Metagross
|-resisted|p1a: Metagross
|-damage|p1a: Metagross|0 fnt
|faint|p1a: Metagross
|
|
|switch|p1a: Landorus-Therian|Landorus-Therian, M|166\/319
|-damage|p1a: Landorus-Therian|127\/319|[from] Stealth Rock
|-ability|p1a: Landorus-Therian|Intimidate|[of] p2a: Metagross
|-unboost|p2a: Metagross|atk|1
|turn|21
|
|move|p2a: Metagross|Bullet Punch|p1a: Landorus-Therian
|-damage|p1a: Landorus-Therian|48\/319
|move|p1a: Landorus-Therian|U-turn|p2a: Metagross
|-damage|p2a: Metagross|0 fnt
|faint|p2a: Metagross
|
|switch|p1a: Slowbro|Slowbro, F|238\/394
|-damage|p1a: Slowbro|189\/394|[from] Stealth Rock
|
|-heal|p1a: Slowbro|213\/394|[from] item: Leftovers
|
|switch|p2a: Landorus|Landorus, M|265\/319
|turn|22
|
|switch|p1a: Heatran|Heatran, F|385\/385
|-damage|p1a: Heatran|337\/385|[from] Stealth Rock
|move|p2a: Landorus|Earth Power|p1a: Heatran
|-supereffective|p1a: Heatran
|-damage|p1a: Heatran|0 fnt
|faint|p1a: Heatran
|
|join|Brinteon
|
|switch|p1a: Landorus-Therian|Landorus-Therian, M|48\/319
|-damage|p1a: Landorus-Therian|9\/319|[from] Stealth Rock
|-ability|p1a: Landorus-Therian|Intimidate|[of] p2a: Landorus
|-unboost|p2a: Landorus|atk|1
|turn|23
|
|move|p1a: Landorus-Therian|Explosion|p2a: Landorus
|-damage|p2a: Landorus|0 fnt
|faint|p1a: Landorus-Therian
|faint|p2a: Landorus
|
|-message|iplaytennislol forfeited.
|
|win|req'd by crobro
|leave|iplaytennislol
|player|p2