|join|iplaytennislol
|join|DragonForce3
|player|p1|iplaytennislol|175
|player|p2|DragonForce3|153
|gametype|singles
|gen|6
|tier|OU
|clearpoke
|poke|p1|Serperior, F
|poke|p1|Altaria, M
|poke|p1|Keldeo
|poke|p1|Starmie
|poke|p1|Ferrothorn, F
|poke|p1|Bisharp, F
|poke|p2|Charizard, F
|poke|p2|Garchomp, F
|poke|p2|Greninja, F
|poke|p2|Hitmontop, M
|poke|p2|Rotom-Wash
|poke|p2|Thundurus, M
|rule|Swagger Clause: Swagger is banned
|rule|Baton Pass Clause: Limit one PokÃ©mon knowing Baton Pass
|rule|Sleep Clause Mod: Limit one foe put to sleep
|rule|Species Clause: Limit one of each PokÃ©mon
|rule|OHKO Clause: OHKO moves are banned
|rule|Moody Clause: Moody is banned
|rule|Evasion Moves Clause: Evasion moves are banned
|rule|Endless Battle Clause: Forcing endless battles is banned
|rule|HP Percentage Mod: HP is shown in percentages
|teampreview
|join|RotomSock
|
|start
|switch|p1a: Keldeo|Keldeo|324\/324
|switch|p2a: Hitmontop|Hitmontop, M|304\/304
|-ability|p2a: Hitmontop|Intimidate|[of] p1a: Keldeo
|-unboost|p1a: Keldeo|atk|1
|turn|1
|
|move|p2a: Hitmontop|Fake Out|p1a: Keldeo
|-damage|p1a: Keldeo|288\/324
|cant|p1a: Keldeo|flinch
|
|-heal|p1a: Keldeo|308\/324|[from] item: Leftovers
|turn|2
|join|Oshony
|
|switch|p2a: Rotom-Wash|Rotom-Wash|304\/304
|move|p1a: Keldeo|Scald|p2a: Rotom-Wash
|-resisted|p2a: Rotom-Wash
|-damage|p2a: Rotom-Wash|255\/304
|-status|p2a: Rotom-Wash|brn
|
|-heal|p1a: Keldeo|324\/324|[from] item: Leftovers
|-heal|p2a: Rotom-Wash|274\/304 brn|[from] item: Leftovers
|-damage|p2a: Rotom-Wash|236\/304 brn|[from] brn
|turn|3
|c| Oshony|ez burn
|
|switch|p1a: Ferrothorn|Ferrothorn, F|352\/352
|move|p2a: Rotom-Wash|Volt Switch|p1a: Ferrothorn
|-crit|p1a: Ferrothorn
|-resisted|p1a: Ferrothorn
|-damage|p1a: Ferrothorn|303\/352
|join|SilverReaper21
|leave|Oshony
|join|Oshony
|
|switch|p2a: Charizard|Charizard, F|297\/297
|
|-heal|p1a: Ferrothorn|325\/352|[from] item: Leftovers
|turn|4
|join|Big D Grande
|
|switch|p1a: Altaria|Altaria, M|327\/327
|detailschange|p2a: Charizard|Charizard-Mega-X, F
|-mega|p2a: Charizard|Charizard|Charizardite X
|move|p2a: Charizard|Flare Blitz|p1a: Altaria
|-resisted|p1a: Altaria
|-damage|p1a: Altaria|157\/327
|-damage|p2a: Charizard|241\/297|[from] recoil|[of] p1a: Altaria
|
|turn|5
|
|switch|p2a: Rotom-Wash|Rotom-Wash|236\/304 brn
|detailschange|p1a: Altaria|Altaria-Mega, M
|-mega|p1a: Altaria|Altaria|Altarianite
|move|p1a: Altaria|Roost|p1a: Altaria
|-heal|p1a: Altaria|321\/327
|
|-heal|p2a: Rotom-Wash|255\/304 brn|[from] item: Leftovers
|-damage|p2a: Rotom-Wash|217\/304 brn|[from] brn
|turn|6
|
|move|p1a: Altaria|Hyper Voice|p2a: Rotom-Wash
|-damage|p2a: Rotom-Wash|73\/304 brn
|move|p2a: Rotom-Wash|Will-O-Wisp|p1a: Altaria
|-status|p1a: Altaria|brn
|
|-heal|p2a: Rotom-Wash|92\/304 brn|[from] item: Leftovers
|-damage|p1a: Altaria|281\/327 brn|[from] brn
|-damage|p2a: Rotom-Wash|54\/304 brn|[from] brn
|turn|7
|join|Demandred
|c| Oshony|ez ded rotom
|
|move|p1a: Altaria|Hyper Voice|p2a: Rotom-Wash
|-damage|p2a: Rotom-Wash|0 fnt
|faint|p2a: Rotom-Wash
|
|-damage|p1a: Altaria|241\/327 brn|[from] brn
|join|SilverReapurr21
|leave|SilverReapurr21
|
|switch|p2a: Thundurus|Thundurus, M|300\/300
|turn|8
|
|move|p2a: Thundurus|Nasty Plot|p2a: Thundurus
|-boost|p2a: Thundurus|spa|2
|move|p1a: Altaria|Hyper Voice|p2a: Thundurus
|-damage|p2a: Thundurus|75\/300
|-enditem|p2a: Thundurus|Sitrus Berry|[eat]
|-heal|p2a: Thundurus|150\/300|[from] item: Sitrus Berry
|
|-damage|p1a: Altaria|201\/327 brn|[from] brn
|turn|9
|c|âiplaytennislol|is  this vgc?
|join|misc all day
|c| RotomSock|sitrus berry.... .-.
|
|switch|p1a: Bisharp|Bisharp, F|271\/271
|move|p2a: Thundurus|Thunderbolt|p1a: Bisharp
|-crit|p1a: Bisharp
|-damage|p1a: Bisharp|0 fnt
|faint|p1a: Bisharp
|
|c|âiplaytennislol|-
|c| Oshony|the predicts
|c| Oshony|at least serp outspeeds
|c| Oshony|and starmie
|join|Gyara Busey
|
|switch|p1a: Altaria|Altaria-Mega, M|201\/327 brn
|turn|10
|join|Shorterm
|join|Doomminime
|join|Karane
|
|move|p2a: Thundurus|Thunderbolt|p1a: Altaria
|-resisted|p1a: Altaria
|-damage|p1a: Altaria|53\/327 brn
|move|p1a: Altaria|Hyper Voice|p2a: Thundurus
|-damage|p2a: Thundurus|0 fnt
|faint|p2a: Thundurus
|
|-damage|p1a: Altaria|13\/327 brn|[from] brn
|
|switch|p2a: Greninja|Greninja, F|285\/285
|turn|11
|
|move|p2a: Greninja|Ice Beam|p1a: Altaria
|-start|p2a: Greninja|typechange|Ice|[from] Protean
|-supereffective|p1a: Altaria
|-damage|p1a: Altaria|0 fnt
|-damage|p2a: Greninja|257\/285|[from] item: Life Orb
|faint|p1a: Altaria
|
|
|switch|p1a: Ferrothorn|Ferrothorn, F|325\/352
|turn|12
|
|switch|p2a: Hitmontop|Hitmontop, M|304\/304
|-ability|p2a: Hitmontop|Intimidate|[of] p1a: Ferrothorn
|-unboost|p1a: Ferrothorn|atk|1
|move|p1a: Ferrothorn|Stealth Rock|p2a: Hitmontop
|-sidestart|p2: DragonForce3|move: Stealth Rock
|
|-heal|p1a: Ferrothorn|347\/352|[from] item: Leftovers
|turn|13
|
|switch|p1a: Starmie|Starmie|324\/324
|move|p2a: Hitmontop|Close Combat|p1a: Starmie
|-crit|p1a: Starmie
|-resisted|p1a: Starmie
|-damage|p1a: Starmie|189\/324
|-unboost|p2a: Hitmontop|def|1
|-unboost|p2a: Hitmontop|spd|1
|
|-heal|p1a: Starmie|209\/324|[from] item: Leftovers
|turn|14
|
|move|p2a: Hitmontop|Sucker Punch|p1a: Starmie
|-supereffective|p1a: Starmie
|-damage|p1a: Starmie|47\/324
|move|p1a: Starmie|Scald|p2a: Hitmontop
|-damage|p2a: Hitmontop|225\/304
|
|-heal|p1a: Starmie|67\/324|[from] item: Leftovers
|turn|15
|
|move|p1a: Starmie|Recover|p1a: Starmie
|-heal|p1a: Starmie|229\/324
|move|p2a: Hitmontop|Rapid Spin|p1a: Starmie
|-damage|p1a: Starmie|210\/324
|-sideend|p2: DragonForce3|Stealth Rock|[from] move: Rapid Spin|[of] p2a: Hitmontop
|
|-heal|p1a: Starmie|230\/324|[from] item: Leftovers
|turn|16
|
|switch|p2a: Greninja|Greninja, F|257\/285
|move|p1a: Starmie|Scald|p2a: Greninja
|-resisted|p2a: Greninja
|-damage|p2a: Greninja|197\/285
|
|-heal|p1a: Starmie|250\/324|[from] item: Leftovers
|turn|17
|
|switch|p1a: Keldeo|Keldeo|324\/324
|move|p2a: Greninja|Dark Pulse|p1a: Keldeo
|-start|p2a: Greninja|typechange|Dark|[from] Protean
|-resisted|p1a: Keldeo
|-damage|p1a: Keldeo|242\/324
|-boost|p1a: Keldeo|atk|1|[from] ability: Justified
|-damage|p2a: Greninja|169\/285|[from] item: Life Orb
|
|-heal|p1a: Keldeo|262\/324|[from] item: Leftovers
|turn|18
|
|switch|p2a: Hitmontop|Hitmontop, M|225\/304
|-ability|p2a: Hitmontop|Intimidate|[of] p1a: Keldeo
|-unboost|p1a: Keldeo|atk|1
|move|p1a: Keldeo|Scald|p2a: Hitmontop
|-damage|p2a: Hitmontop|152\/304
|
|-heal|p1a: Keldeo|282\/324|[from] item: Leftovers
|turn|19
|c| Oshony|oh no physical keldeon
|
|move|p2a: Hitmontop|Fake Out|p1a: Keldeo
|-damage|p1a: Keldeo|243\/324
|cant|p1a: Keldeo|flinch
|
|-heal|p1a: Keldeo|263\/324|[from] item: Leftovers
|turn|20
|
|move|p1a: Keldeo|Calm Mind|p1a: Keldeo
|-boost|p1a: Keldeo|spa|1
|-boost|p1a: Keldeo|spd|1
|move|p2a: Hitmontop|Close Combat|p1a: Keldeo
|-damage|p1a: Keldeo|109\/324
|-unboost|p2a: Hitmontop|def|1
|-unboost|p2a: Hitmontop|spd|1
|
|-heal|p1a: Keldeo|129\/324|[from] item: Leftovers
|turn|21
|
|move|p1a: Keldeo|Secret Sword|p2a: Hitmontop
|-damage|p2a: Hitmontop|0 fnt
|faint|p2a: Hitmontop
|
|-heal|p1a: Keldeo|149\/324|[from] item: Leftovers
|leave|Karane
|
|switch|p2a: Garchomp|Garchomp, F|357\/357
|turn|22
|
|move|p2a: Garchomp|Earthquake|p1a: Keldeo
|-damage|p1a: Keldeo|0 fnt
|faint|p1a: Keldeo
|
|
|switch|p1a: Serperior|Serperior, F|292\/292
|turn|23
|
|switch|p2a: Charizard|Charizard-Mega-X, F|241\/297
|move|p1a: Serperior|Leaf Storm|p2a: Charizard
|-resisted|p2a: Charizard
|-damage|p2a: Charizard|179\/297
|-boost|p1a: Serperior|spa|2
|-damage|p1a: Serperior|263\/292|[from] item: Life Orb
|
|turn|24
|
|move|p1a: Serperior|Dragon Pulse|p2a: Charizard
|-supereffective|p2a: Charizard
|-damage|p2a: Charizard|0 fnt
|-damage|p1a: Serperior|234\/292|[from] item: Life Orb
|faint|p2a: Charizard
|
|
|switch|p2a: Greninja|Greninja, F|169\/285
|turn|25
|
|switch|p1a: Starmie|Starmie|250\/324
|move|p2a: Greninja|Gunk Shot|p1a: Starmie
|-start|p2a: Greninja|typechange|Poison|[from] Protean
|-damage|p1a: Starmie|54\/324
|-damage|p2a: Greninja|141\/285|[from] item: Life Orb
|
|-heal|p1a: Starmie|74\/324|[from] item: Leftovers
|turn|26
|
|move|p2a: Greninja|Dark Pulse|p1a: Starmie
|-start|p2a: Greninja|typechange|Dark|[from] Protean
|-supereffective|p1a: Starmie
|-damage|p1a: Starmie|0 fnt
|-damage|p2a: Greninja|113\/285|[from] item: Life Orb
|faint|p1a: Starmie
|
|c| Oshony|rip charizard
|
|switch|p1a: Ferrothorn|Ferrothorn, F|347\/352
|turn|27
|
|switch|p2a: Garchomp|Garchomp, F|357\/357
|move|p1a: Ferrothorn|Gyro Ball|p2a: Garchomp
|-damage|p2a: Garchomp|197\/357
|-damage|p1a: Ferrothorn|303\/352|[from] ability: Rough Skin|[of] p2a: Garchomp
|
|-heal|p1a: Ferrothorn|325\/352|[from] item: Leftovers
|turn|28
|c| Oshony|oh im late
|
|switch|p1a: Serperior|Serperior, F|234\/292
|move|p2a: Garchomp|Earthquake|p1a: Serperior
|-resisted|p1a: Serperior
|-damage|p1a: Serperior|146\/292
|
|turn|29
|
|move|p2a: Garchomp|Earthquake|p1a: Serperior
|-resisted|p1a: Serperior
|-damage|p1a: Serperior|55\/292
|move|p1a: Serperior|Dragon Pulse|p2a: Garchomp
|-supereffective|p2a: Garchomp
|-damage|p2a: Garchomp|5\/357
|-damage|p1a: Serperior|26\/292|[from] item: Life Orb
|
|turn|30
|
|move|p2a: Garchomp|Earthquake|p1a: Serperior
|-resisted|p1a: Serperior
|-damage|p1a: Serperior|0 fnt
|faint|p1a: Serperior
|
|c|âDragonForce3|gg
|
|switch|p1a: Ferrothorn|Ferrothorn, F|325\/352
|turn|31
|
|move|p2a: Garchomp|Earthquake|p1a: Ferrothorn
|-damage|p1a: Ferrothorn|202\/352
|move|p1a: Ferrothorn|Leech Seed|p2a: Garchomp
|-start|p2a: Garchomp|move: Leech Seed
|
|-heal|p1a: Ferrothorn|224\/352|[from] item: Leftovers
|-damage|p2a: Garchomp|0 fnt|[from] Leech Seed|[of] p1a: Ferrothorn
|-heal|p1a: Ferrothorn|229\/352|[silent]
|faint|p2a: Garchomp
|
|switch|p2a: Greninja|Greninja, F|113\/285
|turn|32
|
|move|p2a: Greninja|Dark Pulse|p1a: Ferrothorn
|-start|p2a: Greninja|typechange|Dark|[from] Protean
|-damage|p1a: Ferrothorn|104\/352
|-damage|p2a: Greninja|85\/285|[from] item: Life Orb
|cant|p1a: Ferrothorn|flinch
|
|-heal|p1a: Ferrothorn|126\/352|[from] item: Leftovers
|turn|33
|
|move|p2a: Greninja|Dark Pulse|p1a: Ferrothorn
|-damage|p1a: Ferrothorn|4\/352
|-damage|p2a: Greninja|57\/285|[from] item: Life Orb
|move|p1a: Ferrothorn|Gyro Ball|p2a: Greninja
|-damage|p2a: Greninja|0 fnt
|faint|p2a: Greninja
|
|win|iplaytennislol
|c|âiplaytennislol|gg
|leave|iplaytennislol
|c|âDragonForce3|gg
|leave|Shorterm
|player|p1
|leave|Oshony
|leave|DragonForce3
|player|p2
|leave|Demandred