|join|iplaytennislol
|join|Reverb
|c|âReverb|jew
|c|âiplaytennislol|ah
|player|p1|iplaytennislol|175
|player|p2|Reverb|#reverbxmas
|gametype|singles
|gen|6
|tier|OU
|rated
|clearpoke
|poke|p1|Infernape, F
|poke|p1|Azumarill, F
|poke|p1|Lucario, M
|poke|p1|Landorus, M
|poke|p1|Metagross
|poke|p1|Thundurus, M
|poke|p2|Empoleon, M
|poke|p2|Tyranitar, F
|poke|p2|Charizard, M
|poke|p2|Keldeo
|poke|p2|Kyurem-Black
|poke|p2|Landorus-Therian, M
|rule|Swagger Clause: Swagger is banned
|rule|Baton Pass Clause: Limit one PokÃ©mon knowing Baton Pass
|rule|Sleep Clause Mod: Limit one foe put to sleep
|rule|Species Clause: Limit one of each PokÃ©mon
|rule|OHKO Clause: OHKO moves are banned
|rule|Moody Clause: Moody is banned
|rule|Evasion Moves Clause: Evasion moves are banned
|rule|Endless Battle Clause: Forcing endless battles is banned
|rule|HP Percentage Mod: HP is shown in percentages
|teampreview
|join|Montsegur
|c|âiplaytennislol|jew for life
|c|+Montsegur|easiest win of your life reverb
|c|+Montsegur|just make safe plays and tennis will overpredict
|join|boltsandbombers
|c|âiplaytennislol|can i have mod back if i win or would you rather not go behind fingerscrossed's back
|c|âiplaytennislol|lol
|c|âReverb|the latter
|join|asdfCookie
|
|start
|switch|p1a: Infernape|Infernape, F|294\/294
|switch|p2a: Tyranitar|Tyranitar, F|383\/383
|-weather|Sandstorm
|turn|1
|join|gamerguy1123
|c|âReverb|ik your set nigga
|
|move|p1a: Infernape|Stealth Rock|p2a: Tyranitar
|-sidestart|p2: Reverb|move: Stealth Rock
|move|p2a: Tyranitar|Superpower|p1a: Infernape
|-enditem|p1a: Infernape|Focus Sash
|-damage|p1a: Infernape|1\/294
|-unboost|p2a: Tyranitar|atk|1
|-unboost|p2a: Tyranitar|def|1
|
|-weather|Sandstorm|[upkeep]
|-damage|p1a: Infernape|0 fnt|[from] sandstorm
|faint|p1a: Infernape
|
|switch|p1a: Lucario|Lucario, M|281\/281
|turn|2
|
|switch|p2a: Landorus-Therian|Landorus-Therian, M|327\/327
|-damage|p2a: Landorus-Therian|287\/327|[from] Stealth Rock
|-ability|p2a: Landorus-Therian|Intimidate|[of] p1a: Lucario
|-unboost|p1a: Lucario|atk|1
|move|p1a: Lucario|Close Combat|p2a: Landorus-Therian
|-resisted|p2a: Landorus-Therian
|-damage|p2a: Landorus-Therian|182\/327
|-unboost|p1a: Lucario|def|1
|-unboost|p1a: Lucario|spd|1
|-damage|p1a: Lucario|253\/281|[from] item: Life Orb
|
|-weather|Sandstorm|[upkeep]
|turn|3
|c| boltsandbombers|I would have said leading ttar was a bad play but iirc his only fighting move is vaccum wave lol
|join|Relic Stone
|join|Suicuneisnotdoge
|
|move|p2a: Landorus-Therian|U-turn|p1a: Lucario
|-resisted|p1a: Lucario
|-damage|p1a: Lucario|205\/281
|c|âiplaytennislol|pick a fodder
|c| asdfCookie|rip something
|
|switch|p2a: Keldeo|Keldeo|323\/323
|-damage|p2a: Keldeo|303\/323|[from] Stealth Rock
|move|p1a: Lucario|Close Combat|p2a: Keldeo
|-damage|p2a: Keldeo|115\/323
|-unboost|p1a: Lucario|def|1
|-unboost|p1a: Lucario|spd|1
|-damage|p1a: Lucario|177\/281|[from] item: Life Orb
|
|-weather|Sandstorm|[upkeep]
|-damage|p2a: Keldeo|95\/323|[from] sandstorm
|turn|4
|
|switch|p2a: Empoleon|Empoleon, M|371\/371
|-damage|p2a: Empoleon|348\/371|[from] Stealth Rock
|switch|p1a: Azumarill|Azumarill, F|364\/364
|
|-weather|Sandstorm|[upkeep]
|-damage|p1a: Azumarill|342\/364|[from] sandstorm
|-heal|p2a: Empoleon|371\/371|[from] item: Leftovers
|turn|5
|
|move|p1a: Azumarill|Belly Drum|p1a: Azumarill
|-damage|p1a: Azumarill|160\/364
|-setboost|p1a: Azumarill|atk|6|[from] move: Belly Drum
|-enditem|p1a: Azumarill|Sitrus Berry|[eat]
|-heal|p1a: Azumarill|251\/364|[from] item: Sitrus Berry
|move|p2a: Empoleon|Defog|p1a: Azumarill
|-unboost|p1a: Azumarill|evasion|1
|-sideend|p2: Reverb|Stealth Rock|[from] move: Defog|[of] p2a: Empoleon
|
|-weather|none
|turn|6
|
|switch|p2a: Keldeo|Keldeo|95\/323
|move|p1a: Azumarill|Knock Off|p2a: Keldeo
|-resisted|p2a: Keldeo
|-damage|p2a: Keldeo|0 fnt
|-enditem|p2a: Keldeo|Choice Specs|[from] move: Knock Off|[of] p1a: Azumarill
|faint|p2a: Keldeo
|
|join|gobosox
|
|switch|p2a: Kyurem-Black|Kyurem-Black|391\/391
|-ability|p2a: Kyurem-Black|Teravolt
|turn|7
|
|switch|p1a: Landorus|Landorus, M|319\/319
|move|p2a: Kyurem-Black|Fusion Bolt|p1a: Landorus
|-immune|p1a: Landorus|[msg]
|
|turn|8
|
|switch|p2a: Tyranitar|Tyranitar, F|383\/383
|-weather|Sandstorm
|move|p1a: Landorus|Psychic|p2a: Tyranitar
|-immune|p2a: Tyranitar|[msg]
|
|-weather|Sandstorm|[upkeep]
|turn|9
|
|switch|p2a: Charizard|Charizard, M|297\/297
|move|p1a: Landorus|Focus Blast|p2a: Charizard
|-resisted|p2a: Charizard
|-damage|p2a: Charizard|167\/297
|
|-weather|Sandstorm|[upkeep]
|-damage|p2a: Charizard|149\/297|[from] sandstorm
|turn|10
|
|detailschange|p2a: Charizard|Charizard-Mega-Y, M
|-mega|p2a: Charizard|Charizard|Charizardite Y
|-weather|SunnyDay
|move|p1a: Landorus|Psychic|p2a: Charizard
|-damage|p2a: Charizard|1\/297
|move|p2a: Charizard|Flamethrower|p1a: Landorus
|-crit|p1a: Landorus
|-damage|p1a: Landorus|0 fnt
|faint|p1a: Landorus
|
|-weather|SunnyDay|[upkeep]
|c|âiplaytennislol|NO
|c|+Montsegur|ez
|c| boltsandbombers|surivial :o
|c|âReverb|ik that crit didnt matter
|c|âiplaytennislol|reverb
|c|âiplaytennislol|c'mon
|c|âiplaytennislol|that mattered
|c|âiplaytennislol|;_;
|c|+Montsegur|learn to calc
|c| boltsandbombers|is that +spa, I want to calc it
|c|âReverb|pls
|c| boltsandbombers|lando
|c|âiplaytennislol|nigga
|
|switch|p1a: Metagross|Metagross|301\/301
|turn|11
|c| Relic Stone|it was av lando reverb
|c| Relic Stone|..
|c| boltsandbombers|252 SpA Life Orb Sheer Force Landorus Psychic vs. 0 HP \/ 0 SpD Mega Charizard Y: 135-160 (45.4 - 53.8%)
|
|switch|p2a: Empoleon|Empoleon, M|371\/371
|detailschange|p1a: Metagross|Metagross-Mega
|-mega|p1a: Metagross|Metagross|Metagrossite
|move|p1a: Metagross|Bullet Punch|p2a: Empoleon
|-resisted|p2a: Empoleon
|-damage|p2a: Empoleon|350\/371
|
|-weather|SunnyDay|[upkeep]
|-heal|p2a: Empoleon|371\/371|[from] item: Leftovers
|turn|12
|c| boltsandbombers|high roll
|c|âReverb|no i mean my ff
|c|âReverb|crit didnt matter
|c|âReverb|calc that pls
|c|âReverb|im modest
|c| boltsandbombers|yeah it didnt matter
|
|move|p1a: Metagross|Thunder Punch|p2a: Empoleon
|-supereffective|p2a: Empoleon
|-damage|p2a: Empoleon|177\/371
|-status|p2a: Empoleon|par
|move|p2a: Empoleon|Stealth Rock|p1a: Metagross
|-sidestart|p1: iplaytennislol|move: Stealth Rock
|
|-weather|SunnyDay|[upkeep]
|-heal|p2a: Empoleon|200\/371 par|[from] item: Leftovers
|turn|13
|join|NekoNay
|c| boltsandbombers|even timid flamethrower ohkos
|c| boltsandbombers|lol
|join|zydsf223
|
|move|p1a: Metagross|Hammer Arm|p2a: Empoleon
|-supereffective|p2a: Empoleon
|-damage|p2a: Empoleon|0 fnt
|-unboost|p1a: Metagross|spe|1
|faint|p2a: Empoleon
|
|-weather|SunnyDay|[upkeep]
|
|switch|p2a: Landorus-Therian|Landorus-Therian, M|182\/327
|-ability|p2a: Landorus-Therian|Intimidate|[of] p1a: Metagross
|-unboost|p1a: Metagross|atk|1
|turn|14
|c| Relic Stone|timid flamethrower doesn't ohko av lando
|c| Relic Stone|lol
|c|âiplaytennislol|-
|c|âReverb|somecalc modest ff on lando
|c|âReverb|for posterity
|
|move|p2a: Landorus-Therian|Earthquake|p1a: Metagross
|-supereffective|p1a: Metagross
|-damage|p1a: Metagross|41\/301
|move|p1a: Metagross|Meteor Mash|p2a: Landorus-Therian
|-damage|p2a: Landorus-Therian|20\/327
|
|-weather|none
|turn|15
|c| Suicuneisnotdoge|do you really play tennis
|
|move|p1a: Metagross|Bullet Punch|p2a: Landorus-Therian
|-damage|p2a: Landorus-Therian|0 fnt
|faint|p2a: Landorus-Therian
|
|
|switch|p2a: Kyurem-Black|Kyurem-Black|391\/391
|-ability|p2a: Kyurem-Black|Teravolt
|turn|16
|
|switch|p1a: Thundurus|Thundurus, M|299\/299
|-damage|p1a: Thundurus|225\/299|[from] Stealth Rock
|move|p2a: Kyurem-Black|Fusion Bolt|p1a: Thundurus
|-damage|p1a: Thundurus|13\/299
|
|turn|17
|c|âReverb|cancel doesnt work
|c|âReverb|ever
|c|âiplaytennislol|:[
|c| Relic Stone|252+ SpA Mega Charizard Y Flamethrower vs. 252 HP \/ 252+ SpD Assault Vest Landorus in Sun: 157-186 (41 - 48.6%) -- guaranteed 3HKO
|
|switch|p2a: Tyranitar|Tyranitar, F|383\/383
|-weather|Sandstorm
|move|p1a: Thundurus|Thunder Wave|p2a: Tyranitar
|-status|p2a: Tyranitar|par
|
|-weather|Sandstorm|[upkeep]
|-damage|p1a: Thundurus|0 fnt|[from] sandstorm
|faint|p1a: Thundurus
|join|consecutio
|c|+Montsegur|k
|
|switch|p1a: Lucario|Lucario, M|177\/281
|-damage|p1a: Lucario|169\/281|[from] Stealth Rock
|turn|18
|c| Relic Stone|0 Atk Sheer Force Landorus Rock Slide vs. 0 HP \/ 0 Def Mega Charizard Y: 420-496 (141.4 - 167%) -- guaranteed OHKO
|c| Relic Stone|lol
|c| Relic Stone|why didn't u rockslide
|
|move|p1a: Lucario|Close Combat|p2a: Tyranitar
|-supereffective|p2a: Tyranitar
|-damage|p2a: Tyranitar|0 fnt
|-unboost|p1a: Lucario|def|1
|-unboost|p1a: Lucario|spd|1
|-damage|p1a: Lucario|141\/281|[from] item: Life Orb
|faint|p2a: Tyranitar
|
|-weather|Sandstorm|[upkeep]
|
|switch|p2a: Kyurem-Black|Kyurem-Black|391\/391
|-ability|p2a: Kyurem-Black|Teravolt
|turn|19
|
|move|p1a: Lucario|Extreme Speed|p2a: Kyurem-Black
|-damage|p2a: Kyurem-Black|274\/391
|-damage|p1a: Lucario|113\/281|[from] item: Life Orb
|move|p2a: Kyurem-Black|Fusion Bolt|p1a: Lucario
|-damage|p1a: Lucario|0 fnt
|faint|p1a: Lucario
|
|-weather|Sandstorm|[upkeep]
|-damage|p2a: Kyurem-Black|250\/391|[from] sandstorm
|join|habajiga
|
|switch|p1a: Azumarill|Azumarill, F|251\/364
|-damage|p1a: Azumarill|206\/364|[from] Stealth Rock
|turn|20
|join|marillii
|
|switch|p2a: Charizard|Charizard-Mega-Y, M|1\/297
|-weather|SunnyDay
|move|p1a: Azumarill|Belly Drum|p1a: Azumarill
|-damage|p1a: Azumarill|24\/364
|-setboost|p1a: Azumarill|atk|6|[from] move: Belly Drum
|
|-weather|SunnyDay|[upkeep]
|turn|21
|c|âiplaytennislol|ah
|join|nirosih
|
|move|p1a: Azumarill|Aqua Jet|p2a: Charizard
|-supereffective|p2a: Charizard
|-damage|p2a: Charizard|0 fnt
|faint|p2a: Charizard
|
|-weather|SunnyDay|[upkeep]
|c|âiplaytennislol|you could say im the realist
|
|switch|p2a: Kyurem-Black|Kyurem-Black|250\/391
|-ability|p2a: Kyurem-Black|Teravolt
|turn|22
|
|move|p1a: Azumarill|Aqua Jet|p2a: Kyurem-Black
|-resisted|p2a: Kyurem-Black
|-damage|p2a: Kyurem-Black|164\/391
|move|p2a: Kyurem-Black|Fusion Bolt|p1a: Azumarill
|-crit|p1a: Azumarill
|-supereffective|p1a: Azumarill
|-damage|p1a: Azumarill|0 fnt
|faint|p1a: Azumarill
|
|-weather|SunnyDay|[upkeep]
|
|switch|p1a: Metagross|Metagross-Mega|41\/301
|-damage|p1a: Metagross|23\/301|[from] Stealth Rock
|turn|23
|
|move|p1a: Metagross|Bullet Punch|p2a: Kyurem-Black
|-supereffective|p2a: Kyurem-Black
|-damage|p2a: Kyurem-Black|0 fnt
|faint|p2a: Kyurem-Black
|
|win|iplaytennislol
|raw|Ladder updating...
|c|âReverb|fucking minrolls
|c|âReverb|gg
|c|âiplaytennislol|gg
|raw|iplaytennislol's rating: 1689 &rarr; <strong>1709<\/strong><br \/>(+20 for winning)
|raw|Reverb's rating: 1701 &rarr; <strong>1680<\/strong><br \/>(-21 for losing)