|join|iplaytennislol
|join|Reverb
|player|p1|iplaytennislol|175
|player|p2|Reverb|#reverbxmas
|gametype|singles
|gen|6
|tier|OU (suspect test)
|clearpoke
|poke|p1|Sableye, M
|poke|p1|Talonflame, M
|poke|p1|Ferrothorn, M
|poke|p1|Landorus-Therian, M
|poke|p1|Rotom-Wash
|poke|p1|Latias, F
|poke|p2|Landorus, M
|poke|p2|Celebi
|poke|p2|Talonflame, F
|poke|p2|Empoleon, M
|poke|p2|Azumarill, F
|poke|p2|Metagross
|rule|Swagger Clause: Swagger is banned
|rule|Baton Pass Clause: Limit one PokÃ©mon knowing Baton Pass
|rule|Sleep Clause Mod: Limit one foe put to sleep
|rule|Species Clause: Limit one of each PokÃ©mon
|rule|OHKO Clause: OHKO moves are banned
|rule|Moody Clause: Moody is banned
|rule|Evasion Moves Clause: Evasion moves are banned
|rule|Endless Battle Clause: Forcing endless battles is banned
|rule|HP Percentage Mod: HP is shown in percentages
|teampreview
|join|Squirrelll
|c|âiplaytennislol|gl hf
|c|âReverb|u2
|join|Draeden
|join|Ailurophilia
|
|start
|switch|p1a: Sableye|Sableye, M|304\/304
|switch|p2a: Empoleon|Empoleon, M|371\/371
|turn|1
|
|detailschange|p1a: Sableye|Sableye-Mega, M
|-mega|p1a: Sableye|Sableye|Sablenite
|move|p1a: Sableye|Will-O-Wisp|p2a: Empoleon
|-status|p2a: Empoleon|brn
|move|p2a: Empoleon|Scald|p1a: Sableye
|-damage|p1a: Sableye|207\/304
|
|-damage|p2a: Empoleon|325\/371 brn|[from] brn
|turn|2
|
|switch|p1a: Ferrothorn|Ferrothorn, M|352\/352
|move|p2a: Empoleon|Scald|p1a: Ferrothorn
|-resisted|p1a: Ferrothorn
|-damage|p1a: Ferrothorn|311\/352
|-status|p1a: Ferrothorn|brn
|
|-heal|p2a: Empoleon|348\/371 brn|[from] item: Leftovers
|-heal|p1a: Ferrothorn|333\/352 brn|[from] item: Leftovers
|-damage|p2a: Empoleon|302\/371 brn|[from] brn
|-damage|p1a: Ferrothorn|289\/352 brn|[from] brn
|turn|3
|join|Praj.pran
|
|switch|p1a: Sableye|Sableye-Mega, M|207\/304
|move|p2a: Empoleon|Stealth Rock|p1a: Sableye
|move|p1a: Sableye|Stealth Rock|p2a: Empoleon|[from]Magic Bounce
|-sidestart|p2: Reverb|move: Stealth Rock
|
|-heal|p2a: Empoleon|325\/371 brn|[from] item: Leftovers
|-damage|p2a: Empoleon|279\/371 brn|[from] brn
|turn|4
|
|move|p2a: Empoleon|Defog|p1a: Sableye
|move|p1a: Sableye|Defog|p2a: Empoleon|[from]Magic Bounce
|-unboost|p2a: Empoleon|evasion|1
|-sideend|p2: Reverb|Stealth Rock|[from] move: Defog|[of] p2a: Empoleon
|move|p1a: Sableye|Calm Mind|p1a: Sableye
|-boost|p1a: Sableye|spa|1
|-boost|p1a: Sableye|spd|1
|
|-heal|p2a: Empoleon|302\/371 brn|[from] item: Leftovers
|-damage|p2a: Empoleon|256\/371 brn|[from] brn
|turn|5
|
|switch|p2a: Talonflame|Talonflame, F|297\/297
|move|p1a: Sableye|Recover|p1a: Sableye
|-heal|p1a: Sableye|304\/304
|
|turn|6
|join|Ke1deo
|
|move|p2a: Talonflame|U-turn|p1a: Sableye
|-damage|p1a: Sableye|243\/304
|
|switch|p2a: Azumarill|Azumarill, F|372\/372
|move|p1a: Sableye|Dark Pulse|p2a: Azumarill
|-resisted|p2a: Azumarill
|-damage|p2a: Azumarill|321\/372
|
|turn|7
|join|Alkov
|join|Prankster
|
|switch|p1a: Ferrothorn|Ferrothorn, M|289\/352 brn
|move|p2a: Azumarill|Play Rough|p1a: Ferrothorn
|-resisted|p1a: Ferrothorn
|-damage|p1a: Ferrothorn|218\/352 brn
|-damage|p2a: Azumarill|275\/372|[from] ability: Iron Barbs|[of] p1a: Ferrothorn
|
|-heal|p1a: Ferrothorn|240\/352 brn|[from] item: Leftovers
|-damage|p1a: Ferrothorn|196\/352 brn|[from] brn
|turn|8
|
|move|p2a: Azumarill|Superpower|p1a: Ferrothorn
|-supereffective|p1a: Ferrothorn
|-damage|p1a: Ferrothorn|0 fnt
|-damage|p2a: Azumarill|229\/372|[from] ability: Iron Barbs|[of] p1a: Ferrothorn
|-unboost|p2a: Azumarill|atk|1
|-unboost|p2a: Azumarill|def|1
|faint|p1a: Ferrothorn
|
|
|switch|p1a: Talonflame|Talonflame, M|359\/359
|turn|9
|
|switch|p2a: Empoleon|Empoleon, M|256\/371 brn
|move|p1a: Talonflame|Bulk Up|p1a: Talonflame
|-boost|p1a: Talonflame|atk|1
|-boost|p1a: Talonflame|def|1
|
|-heal|p2a: Empoleon|279\/371 brn|[from] item: Leftovers
|-damage|p2a: Empoleon|233\/371 brn|[from] brn
|turn|10
|
|move|p1a: Talonflame|Bulk Up|p1a: Talonflame
|-boost|p1a: Talonflame|atk|1
|-boost|p1a: Talonflame|def|1
|move|p2a: Empoleon|Scald|p1a: Talonflame
|-supereffective|p1a: Talonflame
|-damage|p1a: Talonflame|173\/359
|
|-heal|p2a: Empoleon|256\/371 brn|[from] item: Leftovers
|-damage|p2a: Empoleon|210\/371 brn|[from] brn
|turn|11
|
|move|p1a: Talonflame|Roost|p1a: Talonflame
|-heal|p1a: Talonflame|353\/359
|move|p2a: Empoleon|Roar|p1a: Talonflame
|drag|p1a: Rotom-Wash|Rotom-Wash|303\/303
|
|-heal|p2a: Empoleon|233\/371 brn|[from] item: Leftovers
|-damage|p2a: Empoleon|187\/371 brn|[from] brn
|turn|12
|
|switch|p2a: Celebi|Celebi|403\/403
|move|p1a: Rotom-Wash|Volt Switch|p2a: Celebi
|-resisted|p2a: Celebi
|-damage|p2a: Celebi|373\/403
|
|switch|p1a: Talonflame|Talonflame, M|353\/359
|
|-heal|p2a: Celebi|398\/403|[from] item: Leftovers
|turn|13
|
|switch|p2a: Azumarill|Azumarill, F|229\/372
|move|p1a: Talonflame|Bulk Up|p1a: Talonflame
|-boost|p1a: Talonflame|atk|1
|-boost|p1a: Talonflame|def|1
|
|turn|14
|
|move|p1a: Talonflame|Acrobatics|p2a: Azumarill
|-damage|p2a: Azumarill|60\/372
|move|p2a: Azumarill|Waterfall|p1a: Talonflame
|-supereffective|p1a: Talonflame
|-damage|p1a: Talonflame|29\/359
|
|turn|15
|c|âiplaytennislol|weak
|c|âiplaytennislol|as shit
|join|Mistaken
|
|move|p1a: Talonflame|Acrobatics|p2a: Azumarill
|-damage|p2a: Azumarill|0 fnt
|faint|p2a: Azumarill
|
|join|Pure Demize
|
|switch|p2a: Empoleon|Empoleon, M|187\/371 brn
|turn|16
|
|move|p1a: Talonflame|Roost|p1a: Talonflame
|-heal|p1a: Talonflame|209\/359
|move|p2a: Empoleon|Scald|p1a: Talonflame
|-supereffective|p1a: Talonflame
|-damage|p1a: Talonflame|29\/359
|
|-heal|p2a: Empoleon|210\/371 brn|[from] item: Leftovers
|-damage|p2a: Empoleon|164\/371 brn|[from] brn
|turn|17
|join|Thrillz
|
|switch|p1a: Latias|Latias, F|319\/319
|move|p2a: Empoleon|Scald|p1a: Latias
|-resisted|p1a: Latias
|-damage|p1a: Latias|281\/319
|-status|p1a: Latias|brn
|
|-heal|p2a: Empoleon|187\/371 brn|[from] item: Leftovers
|-damage|p1a: Latias|242\/319 brn|[from] brn
|-damage|p2a: Empoleon|141\/371 brn|[from] brn
|turn|18
|c| Praj.pran|na-n
|
|switch|p1a: Sableye|Sableye-Mega, M|243\/304
|move|p2a: Empoleon|Stealth Rock|p1a: Sableye
|move|p1a: Sableye|Stealth Rock|p2a: Empoleon|[from]Magic Bounce
|-sidestart|p2: Reverb|move: Stealth Rock
|
|-heal|p2a: Empoleon|164\/371 brn|[from] item: Leftovers
|-damage|p2a: Empoleon|118\/371 brn|[from] brn
|turn|19
|
|move|p2a: Empoleon|Defog|p1a: Sableye
|move|p1a: Sableye|Defog|p2a: Empoleon|[from]Magic Bounce
|-unboost|p2a: Empoleon|evasion|1
|-sideend|p2: Reverb|Stealth Rock|[from] move: Defog|[of] p2a: Empoleon
|move|p1a: Sableye|Calm Mind|p1a: Sableye
|-boost|p1a: Sableye|spa|1
|-boost|p1a: Sableye|spd|1
|
|-heal|p2a: Empoleon|141\/371 brn|[from] item: Leftovers
|-damage|p2a: Empoleon|95\/371 brn|[from] brn
|turn|20
|
|move|p2a: Empoleon|Scald|p1a: Sableye
|-damage|p1a: Sableye|156\/304
|move|p1a: Sableye|Calm Mind|p1a: Sableye
|-boost|p1a: Sableye|spa|1
|-boost|p1a: Sableye|spd|1
|
|-heal|p2a: Empoleon|118\/371 brn|[from] item: Leftovers
|-damage|p2a: Empoleon|72\/371 brn|[from] brn
|turn|21
|join|Omegasization
|
|move|p2a: Empoleon|Scald|p1a: Sableye
|-damage|p1a: Sableye|86\/304
|move|p1a: Sableye|Recover|p1a: Sableye
|-heal|p1a: Sableye|238\/304
|
|-heal|p2a: Empoleon|95\/371 brn|[from] item: Leftovers
|-damage|p2a: Empoleon|49\/371 brn|[from] brn
|turn|22
|
|move|p2a: Empoleon|Scald|p1a: Sableye
|-damage|p1a: Sableye|171\/304
|move|p1a: Sableye|Recover|p1a: Sableye
|-heal|p1a: Sableye|304\/304
|
|-heal|p2a: Empoleon|72\/371 brn|[from] item: Leftovers
|-damage|p2a: Empoleon|26\/371 brn|[from] brn
|turn|23
|
|move|p2a: Empoleon|Scald|p1a: Sableye
|-damage|p1a: Sableye|232\/304
|move|p1a: Sableye|Calm Mind|p1a: Sableye
|-boost|p1a: Sableye|spa|1
|-boost|p1a: Sableye|spd|1
|
|-heal|p2a: Empoleon|49\/371 brn|[from] item: Leftovers
|-damage|p2a: Empoleon|3\/371 brn|[from] brn
|turn|24
|
|move|p2a: Empoleon|Scald|p1a: Sableye
|-damage|p1a: Sableye|174\/304
|move|p1a: Sableye|Recover|p1a: Sableye
|-heal|p1a: Sableye|304\/304
|
|-heal|p2a: Empoleon|26\/371 brn|[from] item: Leftovers
|-damage|p2a: Empoleon|0 fnt|[from] brn
|faint|p2a: Empoleon
|c|âiplaytennislol|cold water
|c|âiplaytennislol|nb
|c| Praj.pran|no burn
|c| Pure Demize|sab can't be burned
|c|âReverb|ugh
|
|switch|p2a: Talonflame|Talonflame, F|297\/297
|turn|25
|c| Thrillz|He's too fire hawt
|
|move|p2a: Talonflame|Brave Bird|p1a: Sableye
|-damage|p1a: Sableye|135\/304
|-damage|p2a: Talonflame|241\/297|[from] recoil|[of] p1a: Sableye
|move|p1a: Sableye|Recover|p1a: Sableye
|-heal|p1a: Sableye|287\/304
|
|turn|26
|
|move|p2a: Talonflame|Brave Bird|p1a: Sableye
|-damage|p1a: Sableye|121\/304
|-damage|p2a: Talonflame|186\/297|[from] recoil|[of] p1a: Sableye
|move|p1a: Sableye|Recover|p1a: Sableye
|-heal|p1a: Sableye|273\/304
|
|turn|27
|
|switch|p1a: Rotom-Wash|Rotom-Wash|303\/303
|move|p2a: Talonflame|Brave Bird|p1a: Rotom-Wash
|-resisted|p1a: Rotom-Wash
|-damage|p1a: Rotom-Wash|216\/303
|-damage|p2a: Talonflame|157\/297|[from] recoil|[of] p1a: Rotom-Wash
|
|-heal|p1a: Rotom-Wash|234\/303|[from] item: Leftovers
|turn|28
|
|switch|p2a: Landorus|Landorus, M|319\/319
|move|p1a: Rotom-Wash|Volt Switch|p2a: Landorus
|-immune|p2a: Landorus|[msg]
|
|-heal|p1a: Rotom-Wash|252\/303|[from] item: Leftovers
|turn|29
|
|switch|p2a: Celebi|Celebi|398\/403
|move|p1a: Rotom-Wash|Volt Switch|p2a: Celebi
|-resisted|p2a: Celebi
|-damage|p2a: Celebi|367\/403
|
|switch|p1a: Talonflame|Talonflame, M|29\/359
|
|-heal|p2a: Celebi|392\/403|[from] item: Leftovers
|turn|30
|join|xtraDOLLARshine
|
|move|p1a: Talonflame|Roost|p1a: Talonflame
|-heal|p1a: Talonflame|209\/359
|move|p2a: Celebi|Baton Pass|p2a: Celebi
|
|switch|p2a: Landorus|Landorus, M|319\/319
|
|turn|31
|join|Zenzo
|
|switch|p1a: Latias|Latias, F|242\/319 brn
|move|p2a: Landorus|Knock Off|p1a: Latias
|-supereffective|p1a: Latias
|-damage|p1a: Latias|0 fnt
|-enditem|p1a: Latias|Life Orb|[from] move: Knock Off|[of] p2a: Landorus
|-damage|p2a: Landorus|288\/319|[from] item: Life Orb
|faint|p1a: Latias
|
|c|âiplaytennislol|o
|
|switch|p1a: Landorus-Therian|Landorus-Therian, M|319\/319
|-ability|p1a: Landorus-Therian|Intimidate|[of] p2a: Landorus
|-unboost|p2a: Landorus|atk|1
|turn|32
|join|teaktaker
|
|switch|p2a: Metagross|Metagross|301\/301
|move|p1a: Landorus-Therian|Stealth Rock|p2a: Metagross
|-sidestart|p2: Reverb|move: Stealth Rock
|
|turn|33
|
|switch|p1a: Rotom-Wash|Rotom-Wash|252\/303
|move|p2a: Metagross|Meteor Mash|p1a: Rotom-Wash
|-resisted|p1a: Rotom-Wash
|-damage|p1a: Rotom-Wash|224\/303
|
|-heal|p1a: Rotom-Wash|242\/303|[from] item: Leftovers
|turn|34
|c|âReverb|mislick
|
|switch|p2a: Celebi|Celebi|392\/403
|-damage|p2a: Celebi|342\/403|[from] Stealth Rock
|move|p1a: Rotom-Wash|Volt Switch|p2a: Celebi
|-resisted|p2a: Celebi
|-damage|p2a: Celebi|309\/403
|
|switch|p1a: Talonflame|Talonflame, M|209\/359
|
|-heal|p2a: Celebi|334\/403|[from] item: Leftovers
|turn|35
|
|move|p1a: Talonflame|Bulk Up|p1a: Talonflame
|-boost|p1a: Talonflame|atk|1
|-boost|p1a: Talonflame|def|1
|move|p2a: Celebi|Baton Pass|p2a: Celebi
|
|switch|p2a: Landorus|Landorus, M|288\/319
|-damage|p2a: Landorus|249\/319|[from] Stealth Rock
|
|turn|36
|
|move|p1a: Talonflame|Acrobatics|p2a: Landorus
|-damage|p2a: Landorus|81\/319
|move|p2a: Landorus|Psychic|p1a: Talonflame
|-damage|p1a: Talonflame|60\/359
|
|turn|37
|join|gay af
|
|move|p1a: Talonflame|Acrobatics|p2a: Landorus
|-damage|p2a: Landorus|0 fnt
|faint|p2a: Landorus
|
|
|switch|p2a: Talonflame|Talonflame, F|157\/297
|-damage|p2a: Talonflame|9\/297|[from] Stealth Rock
|turn|38
|
|switch|p1a: Rotom-Wash|Rotom-Wash|242\/303
|move|p2a: Talonflame|Brave Bird|p1a: Rotom-Wash
|-resisted|p1a: Rotom-Wash
|-damage|p1a: Rotom-Wash|152\/303
|-damage|p2a: Talonflame|0 fnt|[from] recoil|[of] p1a: Rotom-Wash
|faint|p2a: Talonflame
|
|-heal|p1a: Rotom-Wash|170\/303|[from] item: Leftovers
|
|switch|p2a: Celebi|Celebi|334\/403
|-damage|p2a: Celebi|284\/403|[from] Stealth Rock
|turn|39
|
|switch|p1a: Sableye|Sableye-Mega, M|273\/304
|move|p2a: Celebi|Substitute|p2a: Celebi
|-start|p2a: Celebi|Substitute
|-damage|p2a: Celebi|184\/403
|
|-heal|p2a: Celebi|209\/403|[from] item: Leftovers
|turn|40
|
|move|p2a: Celebi|Baton Pass|p2a: Celebi
|
|switch|p2a: Metagross|Metagross|301\/301
|-damage|p2a: Metagross|283\/301|[from] Stealth Rock
|move|p1a: Sableye|Dark Pulse|p2a: Metagross
|-supereffective|p2a: Metagross
|-end|p2a: Metagross|Substitute
|
|turn|41
|
|detailschange|p2a: Metagross|Metagross-Mega
|-mega|p2a: Metagross|Metagross|Metagrossite
|move|p2a: Metagross|Meteor Mash|p1a: Sableye
|-damage|p1a: Sableye|141\/304
|move|p1a: Sableye|Will-O-Wisp|p2a: Metagross
|-status|p2a: Metagross|brn
|
|-damage|p2a: Metagross|246\/301 brn|[from] brn
|turn|42
|-message|Reverb forfeited.
|
|win|iplaytennislol
|leave|Reverb
|player|p2
|c|âiplaytennislol|gg
|leave|iplaytennislol
|player|p1
|leave|Dr. Drae
|leave|Squirrelll
|join|iplaytennislol
|leave|Alkov
|leave|Thrillz
|leave|Ke1deo