|join|iplaytennislol
|join|Mistaken
|join|Tom Bus
|player|p1|iplaytennislol|175
|player|p2|Mistaken|264
|gametype|singles
|gen|6
|tier|OU (suspect test)
|clearpoke
|poke|p1|Charizard, M
|poke|p1|Tyranitar, F
|poke|p1|Clefable, F
|poke|p1|Excadrill, F
|poke|p1|Venusaur, M
|poke|p1|Keldeo
|poke|p2|Garchomp, F
|poke|p2|Thundurus, M
|poke|p2|Azumarill, F
|poke|p2|Landorus-Therian, M
|poke|p2|Bisharp, M
|poke|p2|Metagross, shiny
|rule|Swagger Clause: Swagger is banned
|rule|Baton Pass Clause: Limit one PokÃ©mon knowing Baton Pass
|rule|Sleep Clause Mod: Limit one foe put to sleep
|rule|Species Clause: Limit one of each PokÃ©mon
|rule|OHKO Clause: OHKO moves are banned
|rule|Moody Clause: Moody is banned
|rule|Evasion Moves Clause: Evasion moves are banned
|rule|Endless Battle Clause: Forcing endless battles is banned
|rule|HP Percentage Mod: HP is shown in percentages
|teampreview
|c|âMistaken|i almost brought full stall
|c|âMistaken|lol
|join|Ox the Fox
|c|âiplaytennislol|-
|join|LT3A Dragonuser
|
|start
|switch|p1a: Keldeo|Keldeo|323\/323
|switch|p2a: Dragon Spotted|Garchomp, F|357\/357
|turn|1
|join|Draeden
|join|no reqs for u
|c| no reqs for u|o my sand team
|c| no reqs for u|wait
|c| no reqs for u|n
|join|Grenizmo
|join|XDTobias
|join|Smudge The Catfish
|join|shining milkyway
|join|Greed13
|join|ricardo29
|join|Just A Bear
|join|lightfight123
|join|Squirrelll
|join|Kimio
|join|DragoonIce
|join|yomamasumama
|leave|shining milkyway
|leave|ricardo29
|join|gamerguy1123
|join|RBlaze1
|leave|yomamasumama
|c| Just A Bear|guy said this is shofu vs joey
|leave|RBlaze1
|c| no reqs for u|lol
|leave|lightfight123
|join|Escavalier
|join|iplayweedlol
|join|AR GL Seko
|raw|<div class="broadcast-red"><b>Moderated chat was set to +!<\/b><br \/>Only users of rank + and higher can talk.<\/div>
|join|FM0
|leave|Smudge The Catfish
|
|move|p1a: Keldeo|Scald|p2a: Dragon Spotted
|-damage|p2a: Dragon Spotted|93\/357
|-status|p2a: Dragon Spotted|brn
|move|p2a: Dragon Spotted|Stealth Rock|p1a: Keldeo
|-sidestart|p1: iplaytennislol|move: Stealth Rock
|
|-damage|p2a: Dragon Spotted|49\/357 brn|[from] brn
|turn|2
|join|The Great Unknown
|join|Arcadian Blaze
|join|XxDaPokeNoobxX
|leave|FM0
|join|08black
|join|fingerscrossed
|c|+fingerscrossed|so proud
|join|digginaround
|join|Alkov
|leave|08black
|leave|Arcadian Blaze
|join|Exiplicatilation
|leave|digginaround
|leave|DragoonIce
|
|move|p1a: Keldeo|Scald|p2a: Dragon Spotted
|-damage|p2a: Dragon Spotted|0 fnt
|faint|p2a: Dragon Spotted
|
|
|switch|p2a: Zeus|Thundurus, M|299\/299
|turn|3
|join|Dark380
|
|switch|p1a: Clefable|Clefable, F|394\/394
|move|p2a: Zeus|Thunderbolt|p1a: Clefable
|-damage|p1a: Clefable|183\/394
|-damage|p2a: Zeus|270\/299|[from] item: Life Orb
|
|-heal|p1a: Clefable|207\/394|[from] item: Leftovers
|turn|4
|join|Darkomar380
|leave|AR GL Seko
|join|the412gang
|join|Bin Suna
|join|Montsegur
|
|switch|p2a: Metagross|Metagross, shiny|301\/301
|move|p1a: Clefable|Soft-Boiled|p1a: Clefable
|-heal|p1a: Clefable|394\/394
|
|turn|5
|join|Scotti
|
|switch|p1a: Tyranitar|Tyranitar, F|404\/404
|-damage|p1a: Tyranitar|354\/404|[from] Stealth Rock
|-weather|Sandstorm
|detailschange|p2a: Metagross|Metagross-Mega, shiny
|-mega|p2a: Metagross|Metagross|Metagrossite
|move|p2a: Metagross|Meteor Mash|p1a: Tyranitar
|-supereffective|p1a: Tyranitar
|-damage|p1a: Tyranitar|66\/404
|
|-weather|Sandstorm|[upkeep]
|turn|6
|join|lindomar
|join|Hwoophz
|join|nintendistagamer
|leave|nintendistagamer
|
|move|p2a: Metagross|Hammer Arm|p1a: Tyranitar
|-supereffective|p1a: Tyranitar
|-damage|p1a: Tyranitar|0 fnt
|-unboost|p2a: Metagross|spe|1
|faint|p1a: Tyranitar
|
|-weather|Sandstorm|[upkeep]
|
|switch|p1a: Excadrill|Excadrill, F|369\/369
|-damage|p1a: Excadrill|358\/369|[from] Stealth Rock
|-item|p1a: Excadrill|Air Balloon
|turn|7
|join|Captain Bravo
|
|switch|p2a: Dogs Out|Landorus-Therian, M|325\/325
|-ability|p2a: Dogs Out|Intimidate|[of] p1a: Excadrill
|-unboost|p1a: Excadrill|atk|1
|move|p1a: Excadrill|Rapid Spin|p2a: Dogs Out
|-damage|p2a: Dogs Out|303\/325
|-sideend|p1: iplaytennislol|Stealth Rock|[from] move: Rapid Spin|[of] p1a: Excadrill
|
|-weather|Sandstorm|[upkeep]
|turn|8
|
|move|p1a: Excadrill|Iron Head|p2a: Dogs Out
|-damage|p2a: Dogs Out|186\/325
|cant|p2a: Dogs Out|flinch
|
|-weather|Sandstorm|[upkeep]
|turn|9
|join|MARCU5theBAW5
|
|move|p1a: Excadrill|Iron Head|p2a: Dogs Out
|-damage|p2a: Dogs Out|60\/325
|move|p2a: Dogs Out|U-turn|p1a: Excadrill
|-resisted|p1a: Excadrill
|-damage|p1a: Excadrill|295\/369
|-enditem|p1a: Excadrill|Air Balloon
|
|switch|p2a: Azula|Azumarill, F|350\/350
|
|-weather|Sandstorm|[upkeep]
|-damage|p2a: Azula|329\/350|[from] sandstorm
|turn|10
|join|flashy 2056
|
|move|p2a: Azula|Aqua Jet|p1a: Excadrill
|-supereffective|p1a: Excadrill
|-damage|p1a: Excadrill|0 fnt
|faint|p1a: Excadrill
|
|-weather|Sandstorm|[upkeep]
|-damage|p2a: Azula|308\/350|[from] sandstorm
|leave|Exiplicatilation
|
|switch|p1a: Charizard|Charizard, M|297\/297
|turn|11
|leave|Darkomar380
|join|Darkomar380
|
|switch|p2a: Dogs Out|Landorus-Therian, M|60\/325
|-ability|p2a: Dogs Out|Intimidate|[of] p1a: Charizard
|-unboost|p1a: Charizard|atk|1
|detailschange|p1a: Charizard|Charizard-Mega-Y, M
|-mega|p1a: Charizard|Charizard|Charizardite Y
|-weather|SunnyDay
|move|p1a: Charizard|Solar Beam|p2a: Dogs Out|[still]
|-prepare|p1a: Charizard|Solar Beam|p2a: Dogs Out
|-anim|p1a: Charizard|Solar Beam|p2a: Dogs Out
|-damage|p2a: Dogs Out|0 fnt
|faint|p2a: Dogs Out
|
|-weather|SunnyDay|[upkeep]
|
|switch|p2a: Zeus|Thundurus, M|270\/299
|turn|12
|join|prodigal stunna
|leave|prodigal stunna
|c|âMistaken|hp ice
|
|switch|p1a: Clefable|Clefable, F|394\/394
|move|p2a: Zeus|Thunderbolt|p1a: Clefable
|-damage|p1a: Clefable|209\/394
|-damage|p2a: Zeus|241\/299|[from] item: Life Orb
|
|-weather|SunnyDay|[upkeep]
|-heal|p1a: Clefable|233\/394|[from] item: Leftovers
|turn|13
|
|switch|p2a: Metagross|Metagross-Mega, shiny|301\/301
|move|p1a: Clefable|Soft-Boiled|p1a: Clefable
|-heal|p1a: Clefable|394\/394
|
|-weather|SunnyDay|[upkeep]
|turn|14
|
|switch|p1a: Charizard|Charizard-Mega-Y, M|297\/297
|move|p2a: Metagross|Meteor Mash|p1a: Charizard
|-resisted|p1a: Charizard
|-damage|p1a: Charizard|165\/297
|-boost|p2a: Metagross|atk|1
|
|-weather|SunnyDay|[upkeep]
|turn|15
|join|Ninety Nine
|
|switch|p1a: Keldeo|Keldeo|323\/323
|move|p2a: Metagross|Ice Punch|p1a: Keldeo
|-resisted|p1a: Keldeo
|-damage|p1a: Keldeo|225\/323
|
|-weather|none
|turn|16
|
|switch|p1a: Charizard|Charizard-Mega-Y, M|165\/297
|-weather|SunnyDay
|move|p2a: Metagross|Zen Headbutt|p1a: Charizard
|-damage|p1a: Charizard|0 fnt
|faint|p1a: Charizard
|
|-weather|SunnyDay|[upkeep]
|c|âMistaken|venu
|
|switch|p1a: Venusaur|Venusaur, M|301\/301
|turn|17
|
|switch|p2a: Son of a Bish|Bisharp, M|271\/271
|move|p1a: Venusaur|Sleep Powder|p2a: Son of a Bish|[miss]
|-miss|p1a: Venusaur|p2a: Son of a Bish
|
|-weather|SunnyDay|[upkeep]
|turn|18
|leave|Tom Bus
|
|switch|p2a: Zeus|Thundurus, M|241\/299
|move|p1a: Venusaur|Hidden Power|p2a: Zeus
|-damage|p2a: Zeus|85\/299
|-damage|p1a: Venusaur|271\/301|[from] item: Life Orb
|
|-weather|SunnyDay|[upkeep]
|turn|19
|join|dedic
|c|âiplaytennislol|mega metagross is scary
|c|âiplaytennislol|gg
|join|Ilight
|
|move|p2a: Zeus|Thunder Wave|p1a: Venusaur
|-status|p1a: Venusaur|par
|move|p1a: Venusaur|Sludge Bomb|p2a: Zeus
|-damage|p2a: Zeus|0 fnt
|-damage|p1a: Venusaur|241\/301 par|[from] item: Life Orb
|faint|p2a: Zeus
|
|-weather|SunnyDay|[upkeep]
|
|switch|p2a: Metagross|Metagross-Mega, shiny|301\/301
|turn|20
|leave|Greed13
|c|+Montsegur|tank imo
|c|âMistaken|ice punch kill?
|leave|The Great Unknown
|leave|Grenizmo
|join|cosine180
|c|âMistaken|idc
|
|move|p2a: Metagross|Zen Headbutt|p1a: Venusaur
|-supereffective|p1a: Venusaur
|-damage|p1a: Venusaur|0 fnt
|faint|p1a: Venusaur
|
|-weather|none
|c|âMistaken|lets risk it
|
|switch|p1a: Keldeo|Keldeo|225\/323
|turn|21
|
|move|p2a: Metagross|Zen Headbutt|p1a: Keldeo
|-supereffective|p1a: Keldeo
|-damage|p1a: Keldeo|0 fnt
|faint|p1a: Keldeo
|
|
|switch|p1a: Clefable|Clefable, F|394\/394
|turn|22
|
|move|p2a: Metagross|Meteor Mash|p1a: Clefable
|-supereffective|p1a: Clefable
|-damage|p1a: Clefable|0 fnt
|faint|p1a: Clefable
|
|win|Mistaken
|c|âiplaytennislol|gg
|leave|cosine180
|leave|iplaytennislol
|c|âMistaken|gg
|leave|Escavalier
|leave|dedic
|player|p1
|leave|Captain Bravo
|leave|Ox the Fox
|leave|Draeden
|leave|Scotti
|leave|the412gang
|leave|Kimio