|join|iplaytennislol
|join|Reverb
|player|p1|iplaytennislol|175
|player|p2|Reverb|#reverbxmas
|gametype|singles
|gen|6
|tier|OU (suspect test)
|clearpoke
|poke|p1|Infernape, M
|poke|p1|Azumarill, F
|poke|p1|Lucario, F
|poke|p1|Landorus, M
|poke|p1|Metagross
|poke|p1|Thundurus, M
|poke|p2|Lopunny, F
|poke|p2|Celebi
|poke|p2|Tyranitar, F
|poke|p2|Keldeo
|poke|p2|Landorus-Therian, M
|poke|p2|Empoleon, F
|rule|Swagger Clause: Swagger is banned
|rule|Baton Pass Clause: Limit one PokÃ©mon knowing Baton Pass
|rule|Sleep Clause Mod: Limit one foe put to sleep
|rule|Species Clause: Limit one of each PokÃ©mon
|rule|OHKO Clause: OHKO moves are banned
|rule|Moody Clause: Moody is banned
|rule|Evasion Moves Clause: Evasion moves are banned
|rule|Endless Battle Clause: Forcing endless battles is banned
|rule|HP Percentage Mod: HP is shown in percentages
|teampreview
|
|start
|switch|p1a: Infernape|Infernape, M|294\/294
|switch|p2a: Lopunny|Lopunny, F|271\/271
|turn|1
|
|switch|p1a: Metagross|Metagross|301\/301
|detailschange|p2a: Lopunny|Lopunny-Mega, F
|-mega|p2a: Lopunny|Lopunny|Lopunnite
|move|p2a: Lopunny|High Jump Kick|p1a: Metagross
|-damage|p1a: Metagross|97\/301
|
|turn|2
|join|gay af
|join|Escavalier
|c|âiplaytennislol|got me this time
|
|detailschange|p1a: Metagross|Metagross-Mega
|-mega|p1a: Metagross|Metagross|Metagrossite
|move|p1a: Metagross|Bullet Punch|p2a: Lopunny
|-damage|p2a: Lopunny|160\/271
|move|p2a: Lopunny|High Jump Kick|p1a: Metagross
|-damage|p1a: Metagross|0 fnt
|faint|p1a: Metagross
|
|
|switch|p1a: Infernape|Infernape, M|294\/294
|turn|3
|
|move|p2a: Lopunny|Return|p1a: Infernape
|-damage|p1a: Infernape|6\/294
|move|p1a: Infernape|Stealth Rock|p2a: Lopunny
|-sidestart|p2: Reverb|move: Stealth Rock
|
|turn|4
|c| gay af|infernape seems to be a favourite
|
|move|p1a: Infernape|Vacuum Wave|p2a: Lopunny
|-supereffective|p2a: Lopunny
|-damage|p2a: Lopunny|40\/271
|move|p2a: Lopunny|Return|p1a: Infernape
|-damage|p1a: Infernape|0 fnt
|faint|p1a: Infernape
|
|join|Omegasization
|
|switch|p1a: Lucario|Lucario, F|281\/281
|turn|5
|join|Ailurophilia
|
|switch|p2a: Landorus-Therian|Landorus-Therian, M|327\/327
|-damage|p2a: Landorus-Therian|287\/327|[from] Stealth Rock
|-ability|p2a: Landorus-Therian|Intimidate|[of] p1a: Lucario
|-unboost|p1a: Lucario|atk|1
|move|p1a: Lucario|Extreme Speed|p2a: Landorus-Therian
|-damage|p2a: Landorus-Therian|204\/327
|-damage|p1a: Lucario|253\/281|[from] item: Life Orb
|
|turn|6
|join|Alkov
|join|QueenOfLuvdiscs
|join|0 Sky Dragon
|
|move|p2a: Landorus-Therian|Earthquake|p1a: Lucario
|-supereffective|p1a: Lucario
|-damage|p1a: Lucario|0 fnt
|faint|p1a: Lucario
|
|c|âiplaytennislol|now you eq
|c|âiplaytennislol|gdi
|c| Escavalier|rip wincon
|c|âiplaytennislol|rip ip
|
|switch|p1a: Landorus|Landorus, M|319\/319
|turn|7
|
|switch|p2a: Celebi|Celebi|404\/404
|-damage|p2a: Celebi|354\/404|[from] Stealth Rock
|move|p1a: Landorus|Rock Polish|p1a: Landorus
|-boost|p1a: Landorus|spe|2
|
|-heal|p2a: Celebi|379\/404|[from] item: Leftovers
|turn|8
|leave|QueenOfLuvdiscs
|
|move|p1a: Landorus|Knock Off|p2a: Celebi
|-supereffective|p2a: Celebi
|-damage|p2a: Celebi|135\/404
|-enditem|p2a: Celebi|Leftovers|[from] move: Knock Off|[of] p1a: Landorus
|-damage|p1a: Landorus|288\/319|[from] item: Life Orb
|move|p2a: Celebi|Giga Drain|p1a: Landorus
|-damage|p1a: Landorus|176\/319
|-heal|p2a: Celebi|191\/404|[from] drain|[of] p1a: Landorus
|
|turn|9
|c|âiplaytennislol|crit hee
|
|move|p1a: Landorus|Knock Off|p2a: Celebi
|-supereffective|p2a: Celebi
|-damage|p2a: Celebi|14\/404
|-damage|p1a: Landorus|145\/319|[from] item: Life Orb
|move|p2a: Celebi|Recover|p2a: Celebi
|-heal|p2a: Celebi|216\/404
|
|turn|10
|c|âiplaytennislol|rip my hopes and dreams
|
|move|p1a: Landorus|Earth Power|p2a: Celebi
|-resisted|p2a: Celebi
|-damage|p2a: Celebi|112\/404
|move|p2a: Celebi|Recover|p2a: Celebi
|-heal|p2a: Celebi|314\/404
|
|turn|11
|
|move|p1a: Landorus|Knock Off|p2a: Celebi
|-supereffective|p2a: Celebi
|-damage|p2a: Celebi|150\/404
|-damage|p1a: Landorus|114\/319|[from] item: Life Orb
|move|p2a: Celebi|Giga Drain|p1a: Landorus
|-damage|p1a: Landorus|0 fnt
|-heal|p2a: Celebi|207\/404|[from] drain|[of] p1a: Landorus
|faint|p1a: Landorus
|
|join|wolfenstein
|join|Markastan
|
|switch|p1a: Thundurus|Thundurus, M|299\/299
|turn|12
|
|move|p1a: Thundurus|Hidden Power|p2a: Celebi
|-supereffective|p2a: Celebi
|-damage|p2a: Celebi|67\/404
|-damage|p1a: Thundurus|270\/299|[from] item: Life Orb
|move|p2a: Celebi|Recover|p2a: Celebi
|-heal|p2a: Celebi|269\/404
|
|turn|13
|c| Markastan|lol
|c|âiplaytennislol|rofl
|
|move|p1a: Thundurus|Thunderbolt|p2a: Celebi
|-resisted|p2a: Celebi
|-damage|p2a: Celebi|191\/404
|-status|p2a: Celebi|par
|-damage|p1a: Thundurus|241\/299|[from] item: Life Orb
|move|p2a: Celebi|Recover|p2a: Celebi
|-heal|p2a: Celebi|393\/404 par
|
|turn|14
|join|Squirrelll
|c|âiplaytennislol|LOL
|c|âiplaytennislol|i got it
|
|move|p1a: Thundurus|Knock Off|p2a: Celebi
|-supereffective|p2a: Celebi
|-damage|p2a: Celebi|245\/404 par
|-damage|p1a: Thundurus|212\/299|[from] item: Life Orb
|cant|p2a: Celebi|par
|
|turn|15
|
|move|p1a: Thundurus|Hidden Power|p2a: Celebi
|-supereffective|p2a: Celebi
|-damage|p2a: Celebi|112\/404 par
|-damage|p1a: Thundurus|183\/299|[from] item: Life Orb
|move|p2a: Celebi|Recover|p2a: Celebi
|-heal|p2a: Celebi|314\/404 par
|
|turn|16
|
|move|p1a: Thundurus|Hidden Power|p2a: Celebi
|-supereffective|p2a: Celebi
|-damage|p2a: Celebi|174\/404 par
|-damage|p1a: Thundurus|154\/299|[from] item: Life Orb
|move|p2a: Celebi|Giga Drain|p1a: Thundurus
|-resisted|p1a: Thundurus
|-damage|p1a: Thundurus|96\/299
|-heal|p2a: Celebi|203\/404 par|[from] drain|[of] p1a: Thundurus
|
|turn|17
|
|move|p1a: Thundurus|Thunderbolt|p2a: Celebi
|-crit|p2a: Celebi
|-resisted|p2a: Celebi
|-damage|p2a: Celebi|98\/404 par
|-damage|p1a: Thundurus|67\/299|[from] item: Life Orb
|move|p2a: Celebi|Recover|p2a: Celebi
|-heal|p2a: Celebi|300\/404 par
|
|turn|18
|
|move|p1a: Thundurus|Thunderbolt|p2a: Celebi
|-resisted|p2a: Celebi
|-damage|p2a: Celebi|227\/404 par
|-damage|p1a: Thundurus|38\/299|[from] item: Life Orb
|move|p2a: Celebi|Recover|p2a: Celebi
|-heal|p2a: Celebi|404\/404 par
|
|turn|19
|
|move|p1a: Thundurus|Knock Off|p2a: Celebi
|-supereffective|p2a: Celebi
|-damage|p2a: Celebi|258\/404 par
|-damage|p1a: Thundurus|9\/299|[from] item: Life Orb
|cant|p2a: Celebi|par
|
|turn|20
|join|1800Rekt
|
|switch|p2a: Tyranitar|Tyranitar, F|383\/383
|-damage|p2a: Tyranitar|336\/383|[from] Stealth Rock
|-weather|Sandstorm
|move|p1a: Thundurus|Knock Off|p2a: Tyranitar
|-resisted|p2a: Tyranitar
|-damage|p2a: Tyranitar|285\/383
|-enditem|p2a: Tyranitar|Choice Band|[from] move: Knock Off|[of] p1a: Thundurus
|-damage|p1a: Thundurus|0 fnt|[from] item: Life Orb
|faint|p1a: Thundurus
|
|-weather|Sandstorm|[upkeep]
|c| Markastan|o
|
|switch|p1a: Azumarill|Azumarill, F|364\/364
|turn|21
|c|âiplaytennislol|miss here
|c|âiplaytennislol|i drum
|c|âiplaytennislol|k
|
|switch|p2a: Celebi|Celebi|258\/404
|-damage|p2a: Celebi|208\/404|[from] Stealth Rock
|move|p1a: Azumarill|Belly Drum|p1a: Azumarill
|-damage|p1a: Azumarill|182\/364
|-setboost|p1a: Azumarill|atk|6|[from] move: Belly Drum
|-enditem|p1a: Azumarill|Sitrus Berry|[eat]
|-heal|p1a: Azumarill|273\/364|[from] item: Sitrus Berry
|
|-weather|Sandstorm|[upkeep]
|-damage|p2a: Celebi|183\/404|[from] sandstorm
|-damage|p1a: Azumarill|251\/364|[from] sandstorm
|turn|22
|
|move|p2a: Celebi|Giga Drain|p1a: Azumarill
|-supereffective|p1a: Azumarill
|-damage|p1a: Azumarill|27\/364
|-heal|p2a: Celebi|295\/404|[from] drain|[of] p1a: Azumarill
|move|p1a: Azumarill|Knock Off|p2a: Celebi
|-supereffective|p2a: Celebi
|-damage|p2a: Celebi|0 fnt
|faint|p2a: Celebi
|
|-weather|Sandstorm|[upkeep]
|-damage|p1a: Azumarill|5\/364|[from] sandstorm
|c|âiplaytennislol|no 6-0
|
|switch|p2a: Lopunny|Lopunny-Mega, F|40\/271
|-damage|p2a: Lopunny|24\/271|[from] Stealth Rock
|turn|23
|c|âiplaytennislol|gg
|c|âReverb|gg
|
|move|p2a: Lopunny|Fake Out|p1a: Azumarill
|-damage|p1a: Azumarill|0 fnt
|faint|p1a: Azumarill
|
|win|Reverb
|join|Shorterm
|leave|iplaytennislol
|player|p1
|leave|wolfenstein