|join|iplaytennislol
|join|kobesystem returns
|player|p1|iplaytennislol|175
|player|p2|kobesystem returns|169
|gametype|singles
|gen|6
|tier|OU (suspect test)
|rated
|clearpoke
|poke|p1|Infernape, F
|poke|p1|Azumarill, F
|poke|p1|Lucario, M
|poke|p1|Landorus, M
|poke|p1|Metagross
|poke|p1|Thundurus, M
|poke|p2|Landorus, M
|poke|p2|Clefable, M
|poke|p2|Heatran, F
|poke|p2|Metagross
|poke|p2|Keldeo-Resolute
|poke|p2|Celebi
|rule|Swagger Clause: Swagger is banned
|rule|Baton Pass Clause: Limit one PokÃ©mon knowing Baton Pass
|rule|Sleep Clause Mod: Limit one foe put to sleep
|rule|Species Clause: Limit one of each PokÃ©mon
|rule|OHKO Clause: OHKO moves are banned
|rule|Moody Clause: Moody is banned
|rule|Evasion Moves Clause: Evasion moves are banned
|rule|Endless Battle Clause: Forcing endless battles is banned
|rule|HP Percentage Mod: HP is shown in percentages
|teampreview
|
|start
|switch|p1a: Infernape|Infernape, F|294\/294
|switch|p2a: Keldeo-Resolute|Keldeo-Resolute|323\/323
|turn|1
|
|move|p1a: Infernape|Stealth Rock|p2a: Keldeo-Resolute
|-sidestart|p2: kobesystem returns|move: Stealth Rock
|move|p2a: Keldeo-Resolute|Scald|p1a: Infernape
|-supereffective|p1a: Infernape
|-enditem|p1a: Infernape|Focus Sash
|-damage|p1a: Infernape|1\/294
|
|turn|2
|
|move|p1a: Infernape|Endeavor|p2a: Keldeo-Resolute
|-damage|p2a: Keldeo-Resolute|1\/323
|move|p2a: Keldeo-Resolute|Scald|p1a: Infernape
|-supereffective|p1a: Infernape
|-damage|p1a: Infernape|0 fnt
|faint|p1a: Infernape
|
|-heal|p2a: Keldeo-Resolute|21\/323|[from] item: Leftovers
|join|spuun
|c| spuun|!
|c|âiplaytennislol|!
|
|switch|p1a: Thundurus|Thundurus, M|299\/299
|turn|3
|join|Dad's Dad
|
|switch|p2a: Celebi|Celebi|404\/404
|-damage|p2a: Celebi|354\/404|[from] Stealth Rock
|move|p1a: Thundurus|Hidden Power|p2a: Celebi
|-crit|p2a: Celebi
|-supereffective|p2a: Celebi
|-damage|p2a: Celebi|91\/404
|-damage|p1a: Thundurus|270\/299|[from] item: Life Orb
|
|-heal|p2a: Celebi|116\/404|[from] item: Leftovers
|turn|4
|c| Dad's Dad|ARE YOU WINNING YET TENNIS
|join|wolfenstein
|
|switch|p2a: Heatran|Heatran, F|386\/386
|-damage|p2a: Heatran|338\/386|[from] Stealth Rock
|move|p1a: Thundurus|Knock Off|p2a: Heatran
|-damage|p2a: Heatran|226\/386
|-enditem|p2a: Heatran|Leftovers|[from] move: Knock Off|[of] p1a: Thundurus
|-damage|p1a: Thundurus|241\/299|[from] item: Life Orb
|
|turn|5
|
|move|p1a: Thundurus|Thunderbolt|p2a: Heatran
|-damage|p2a: Heatran|88\/386
|-damage|p1a: Thundurus|212\/299|[from] item: Life Orb
|move|p2a: Heatran|Lava Plume|p1a: Thundurus
|-damage|p1a: Thundurus|71\/299
|
|turn|6
|
|move|p1a: Thundurus|Thunderbolt|p2a: Heatran
|-damage|p2a: Heatran|0 fnt
|-damage|p1a: Thundurus|42\/299|[from] item: Life Orb
|faint|p2a: Heatran
|
|
|switch|p2a: Clefable|Clefable, M|394\/394
|turn|7
|
|move|p1a: Thundurus|Thunderbolt|p2a: Clefable
|-damage|p2a: Clefable|170\/394
|-damage|p1a: Thundurus|13\/299|[from] item: Life Orb
|move|p2a: Clefable|Soft-Boiled|p2a: Clefable
|-heal|p2a: Clefable|367\/394
|
|-heal|p2a: Clefable|391\/394|[from] item: Leftovers
|turn|8
|
|move|p1a: Thundurus|Knock Off|p2a: Clefable
|-resisted|p2a: Clefable
|-damage|p2a: Clefable|336\/394
|-enditem|p2a: Clefable|Leftovers|[from] move: Knock Off|[of] p1a: Thundurus
|-damage|p1a: Thundurus|0 fnt|[from] item: Life Orb
|faint|p1a: Thundurus
|move|p2a: Clefable|Thunder Wave|p1: Thundurus|[notarget]
|-notarget
|
|
|switch|p1a: Azumarill|Azumarill, F|364\/364
|turn|9
|
|move|p1a: Azumarill|Belly Drum|p1a: Azumarill
|-damage|p1a: Azumarill|182\/364
|-setboost|p1a: Azumarill|atk|6|[from] move: Belly Drum
|-enditem|p1a: Azumarill|Sitrus Berry|[eat]
|-heal|p1a: Azumarill|273\/364|[from] item: Sitrus Berry
|move|p2a: Clefable|Thunder Wave|p1a: Azumarill
|-status|p1a: Azumarill|par
|
|turn|10
|
|move|p1a: Azumarill|Aqua Jet|p2a: Clefable
|-damage|p2a: Clefable|33\/394
|move|p2a: Clefable|Moonblast|p1a: Azumarill
|-damage|p1a: Azumarill|137\/364 par
|
|turn|11
|
|move|p1a: Azumarill|Aqua Jet|p2a: Clefable
|-damage|p2a: Clefable|0 fnt
|faint|p2a: Clefable
|
|
|switch|p2a: Metagross|Metagross|301\/301
|-damage|p2a: Metagross|283\/301|[from] Stealth Rock
|turn|12
|
|detailschange|p2a: Metagross|Metagross-Mega
|-mega|p2a: Metagross|Metagross|Metagrossite
|cant|p1a: Azumarill|par
|move|p2a: Metagross|Meteor Mash|p1a: Azumarill
|-damage|p1a: Azumarill|0 fnt
|faint|p1a: Azumarill
|
|
|switch|p1a: Landorus|Landorus, M|319\/319
|turn|13
|
|move|p2a: Metagross|Ice Punch|p1a: Landorus
|-supereffective|p1a: Landorus
|-damage|p1a: Landorus|0 fnt
|faint|p1a: Landorus
|
|
|switch|p1a: Lucario|Lucario, M|281\/281
|turn|14
|
|move|p2a: Metagross|Zen Headbutt|p1a: Lucario
|-damage|p1a: Lucario|0 fnt
|faint|p1a: Lucario
|
|
|switch|p1a: Metagross|Metagross|301\/301
|turn|15
|
|detailschange|p1a: Metagross|Metagross-Mega
|-mega|p1a: Metagross|Metagross|Metagrossite
|move|p2a: Metagross|Pursuit|p1a: Metagross
|-supereffective|p1a: Metagross
|-damage|p1a: Metagross|205\/301
|move|p1a: Metagross|Meteor Mash|p2a: Metagross
|-resisted|p2a: Metagross
|-damage|p2a: Metagross|208\/301
|
|turn|16
|
|move|p1a: Metagross|Thunder Punch|p2a: Metagross
|-damage|p2a: Metagross|123\/301
|move|p2a: Metagross|Pursuit|p1a: Metagross
|-supereffective|p1a: Metagross
|-damage|p1a: Metagross|105\/301
|
|turn|17
|
|move|p1a: Metagross|Hammer Arm|p2a: Metagross
|-crit|p2a: Metagross
|-damage|p2a: Metagross|0 fnt
|-unboost|p1a: Metagross|spe|1
|faint|p2a: Metagross
|
|
|switch|p2a: Landorus|Landorus, M|319\/319
|-damage|p2a: Landorus|280\/319|[from] Stealth Rock
|turn|18
|-message|iplaytennislol forfeited.
|
|win|kobesystem returns
|raw|Ladder updating...
|leave|iplaytennislol
|player|p1
|raw|iplaytennislol's rating: 1619 &rarr; <strong>1593<\/strong><br \/>(-26 for losing)
|raw|kobesystem returns's rating: 1517 &rarr; <strong>1543<\/strong><br \/>(+26 for winning)
|leave|wolfenstein
|leave|kobesystem returns
|player|p2