|join|haterss gonna hate
|join|Gaet-Kun06
|player|p1|haterss gonna hate|289
|player|p2|Gaet-Kun06|163
|gametype|singles
|gen|6
|tier|OU
|rated
|clearpoke
|poke|p1|Chansey, F
|poke|p1|Keldeo
|poke|p1|Heatran, F
|poke|p1|Skarmory, M
|poke|p1|Bisharp, M
|poke|p1|Venusaur, F
|poke|p2|Raikou
|poke|p2|Gliscor, F
|poke|p2|Kyurem-Black
|poke|p2|Mandibuzz, F
|poke|p2|Talonflame, F
|poke|p2|Mawile, F, shiny
|rule|Swagger Clause: Swagger is banned
|rule|Baton Pass Clause: Limit one PokÃ©mon knowing Baton Pass
|rule|Sleep Clause Mod: Limit one foe put to sleep
|rule|Species Clause: Limit one of each PokÃ©mon
|rule|OHKO Clause: OHKO moves are banned
|rule|Moody Clause: Moody is banned
|rule|Evasion Moves Clause: Evasion moves are banned
|rule|Endless Battle Clause: Forcing endless battles is banned
|rule|HP Percentage Mod: HP is reported as percentages
|teampreview
|
|start
|switch|p1a: Bloody Sunday|Heatran, F|340\/340
|switch|p2a: Gliscor|Gliscor, F|352\/352
|-item|p1a: Bloody Sunday|Air Balloon
|turn|1
|
|move|p2a: Gliscor|Taunt|p1a: Bloody Sunday
|-start|p1a: Bloody Sunday|move: Taunt
|cant|p1a: Bloody Sunday|move: Taunt|Stealth Rock
|
|-status|p2a: Gliscor|tox|[from] item: Toxic Orb
|turn|2
|
|move|p2a: Gliscor|Knock Off|p1a: Bloody Sunday
|-crit|p1a: Bloody Sunday
|-damage|p1a: Bloody Sunday|244\/340
|-enditem|p1a: Bloody Sunday|Air Balloon
|move|p1a: Bloody Sunday|Fire Blast|p2a: Gliscor
|-damage|p2a: Gliscor|159\/352 tox
|
|-heal|p2a: Gliscor|203\/352 tox|[from] ability: Poison Heal
|turn|3
|
|switch|p1a: Aka DH|Venusaur, F|364\/364
|move|p2a: Gliscor|Earthquake|p1a: Aka DH
|-damage|p1a: Aka DH|274\/364
|
|-heal|p2a: Gliscor|247\/352 tox|[from] ability: Poison Heal
|turn|4
|
|detailschange|p1a: Aka DH|Venusaur-Mega, F
|message|Venusaur has Mega Evolved into Mega Venusaur!
|move|p2a: Gliscor|Stealth Rock|p1a: Aka DH
|-sidestart|p1: haterss gonna hate|move: Stealth Rock
|move|p1a: Aka DH|Giga Drain|p2a: Gliscor
|-damage|p2a: Gliscor|118\/352 tox
|-heal|p1a: Aka DH|339\/364|[from] drain|[of] p2a: Gliscor
|
|-heal|p2a: Gliscor|162\/352 tox|[from] ability: Poison Heal
|turn|5
|
|switch|p2a: Kyurem-Black|Kyurem-Black|391\/391
|-ability|p2a: Kyurem-Black|Teravolt
|move|p1a: Aka DH|Leech Seed|p2a: Kyurem-Black
|-start|p2a: Kyurem-Black|move: Leech Seed
|
|-damage|p2a: Kyurem-Black|343\/391|[from] Leech Seed|[of] p1a: Aka DH
|-heal|p1a: Aka DH|364\/364|[silent]
|turn|6
|
|switch|p2a: Mawile|Mawile, F, shiny|300\/300
|-ability|p2a: Mawile|Intimidate|[of] p1a: Aka DH
|-unboost|p1a: Aka DH|atk|1
|switch|p1a: thenewguy24imo|Chansey, F|685\/685
|-damage|p1a: thenewguy24imo|600\/685|[from] Stealth Rock
|
|turn|7
|
|-singleturn|p2a: Mawile|move: Focus Punch
|switch|p1a: Aka DH|Venusaur-Mega, F|364\/364
|-damage|p1a: Aka DH|319\/364|[from] Stealth Rock
|detailschange|p2a: Mawile|Mawile-Mega, F, shiny
|message|Mawile has Mega Evolved into Mega Mawile!
|move|p2a: Mawile|Focus Punch|p1a: Aka DH
|-resisted|p1a: Aka DH
|-damage|p1a: Aka DH|215\/364
|
|turn|8
|
|move|p1a: Aka DH|Synthesis|p1a: Aka DH
|-heal|p1a: Aka DH|364\/364
|move|p2a: Mawile|Iron Head|p1a: Aka DH
|-damage|p1a: Aka DH|204\/364
|
|turn|9
|
|switch|p2a: Mandibuzz|Mandibuzz, F|423\/423
|move|p1a: Aka DH|Synthesis|p1a: Aka DH
|-heal|p1a: Aka DH|364\/364
|
|turn|10
|
|move|p2a: Mandibuzz|Taunt|p1a: Aka DH
|-start|p1a: Aka DH|move: Taunt
|cant|p1a: Aka DH|move: Taunt|Leech Seed
|
|turn|11
|
|switch|p2a: Kyurem-Black|Kyurem-Black|343\/391
|-ability|p2a: Kyurem-Black|Teravolt
|move|p1a: Aka DH|Giga Drain|p2a: Kyurem-Black
|-resisted|p2a: Kyurem-Black
|-damage|p2a: Kyurem-Black|284\/391
|
|turn|12
|
|switch|p1a: thenewguy24imo|Chansey, F|600\/685
|-damage|p1a: thenewguy24imo|515\/685|[from] Stealth Rock
|move|p2a: Kyurem-Black|Ice Beam|p1a: thenewguy24imo
|-damage|p1a: thenewguy24imo|389\/685
|-damage|p2a: Kyurem-Black|245\/391|[from] item: Life Orb
|
|turn|13
|
|switch|p2a: Gliscor|Gliscor, F|162\/352 tox
|move|p1a: thenewguy24imo|Soft-Boiled|p1a: thenewguy24imo
|-heal|p1a: thenewguy24imo|685\/685
|
|-heal|p2a: Gliscor|206\/352 tox|[from] ability: Poison Heal
|turn|14
|
|switch|p1a: Aka DH|Venusaur-Mega, F|364\/364
|-damage|p1a: Aka DH|319\/364|[from] Stealth Rock
|move|p2a: Gliscor|Taunt|p1a: Aka DH
|-start|p1a: Aka DH|move: Taunt
|
|-heal|p2a: Gliscor|250\/352 tox|[from] ability: Poison Heal
|turn|15
|
|switch|p2a: Talonflame|Talonflame, F|297\/297
|move|p1a: Aka DH|Giga Drain|p2a: Talonflame
|-resisted|p2a: Talonflame
|-damage|p2a: Talonflame|261\/297
|-heal|p1a: Aka DH|337\/364|[from] drain|[of] p2a: Talonflame
|
|turn|16
|
|switch|p1a: Costa|Skarmory, M|334\/334
|-damage|p1a: Costa|293\/334|[from] Stealth Rock
|move|p2a: Talonflame|U-turn|p1a: Costa
|-resisted|p1a: Costa
|-damage|p1a: Costa|277\/334
|-damage|p2a: Talonflame|212\/297|[from] item: Rocky Helmet|[of] p1a: Costa
|
|switch|p2a: Raikou|Raikou|321\/321
|-ability|p2a: Raikou|Pressure
|
|turn|17
|
|switch|p1a: Aka DH|Venusaur-Mega, F|337\/364
|-damage|p1a: Aka DH|292\/364|[from] Stealth Rock
|move|p2a: Raikou|Thunderbolt|p1a: Aka DH
|-resisted|p1a: Aka DH
|-damage|p1a: Aka DH|229\/364
|
|turn|18
|
|move|p2a: Raikou|Shadow Ball|p1a: Aka DH
|-damage|p1a: Aka DH|153\/364
|move|p1a: Aka DH|Synthesis|p1a: Aka DH
|-heal|p1a: Aka DH|335\/364
|
|turn|19
|
|move|p2a: Raikou|Volt Switch|p1a: Aka DH
|-resisted|p1a: Aka DH
|-damage|p1a: Aka DH|283\/364
|
|switch|p2a: Mandibuzz|Mandibuzz, F|423\/423
|move|p1a: Aka DH|Leech Seed|p2a: Mandibuzz
|-start|p2a: Mandibuzz|move: Leech Seed
|
|-damage|p2a: Mandibuzz|371\/423|[from] Leech Seed|[of] p1a: Aka DH
|-heal|p1a: Aka DH|335\/364|[silent]
|turn|20
|
|switch|p1a: Bloody Sunday|Heatran, F|244\/340
|-damage|p1a: Bloody Sunday|202\/340|[from] Stealth Rock
|move|p2a: Mandibuzz|Taunt|p1a: Bloody Sunday
|-start|p1a: Bloody Sunday|move: Taunt
|
|-heal|p2a: Mandibuzz|397\/423|[from] item: Leftovers
|-damage|p2a: Mandibuzz|345\/423|[from] Leech Seed|[of] p1a: Bloody Sunday
|-heal|p1a: Bloody Sunday|254\/340|[silent]
|turn|21
|
|switch|p2a: Kyurem-Black|Kyurem-Black|245\/391
|-ability|p2a: Kyurem-Black|Teravolt
|move|p1a: Bloody Sunday|Fire Blast|p2a: Kyurem-Black
|-damage|p2a: Kyurem-Black|53\/391
|-status|p2a: Kyurem-Black|brn
|
|-damage|p2a: Kyurem-Black|5\/391 brn|[from] brn
|turn|22
|
|switch|p1a: thenewguy24imo|Chansey, F|685\/685
|-damage|p1a: thenewguy24imo|600\/685|[from] Stealth Rock
|move|p2a: Kyurem-Black|Fusion Bolt|p1a: thenewguy24imo
|-damage|p1a: thenewguy24imo|492\/685
|-damage|p2a: Kyurem-Black|0 fnt|[from] item: Life Orb
|faint|p2a: Kyurem-Black
|
|
|switch|p2a: Mawile|Mawile-Mega, F, shiny|300\/300
|turn|23
|
|switch|p1a: Aka DH|Venusaur-Mega, F|335\/364
|-damage|p1a: Aka DH|290\/364|[from] Stealth Rock
|move|p2a: Mawile|Iron Head|p1a: Aka DH
|-damage|p1a: Aka DH|128\/364
|
|turn|24
|
|move|p1a: Aka DH|Synthesis|p1a: Aka DH
|-heal|p1a: Aka DH|310\/364
|move|p2a: Mawile|Iron Head|p1a: Aka DH
|-damage|p1a: Aka DH|135\/364
|
|turn|25
|
|switch|p1a: Bloody Sunday|Heatran, F|254\/340
|-damage|p1a: Bloody Sunday|212\/340|[from] Stealth Rock
|move|p2a: Mawile|Iron Head|p1a: Bloody Sunday
|-resisted|p1a: Bloody Sunday
|-damage|p1a: Bloody Sunday|159\/340
|
|turn|26
|
|switch|p2a: Mandibuzz|Mandibuzz, F|345\/423
|move|p1a: Bloody Sunday|Stealth Rock|p2a: Mandibuzz
|-sidestart|p2: Gaet-Kun06|move: Stealth Rock
|
|-heal|p2a: Mandibuzz|371\/423|[from] item: Leftovers
|turn|27
|
|move|p1a: Bloody Sunday|Toxic|p2a: Mandibuzz
|-status|p2a: Mandibuzz|tox
|move|p2a: Mandibuzz|Defog|p1a: Bloody Sunday
|-unboost|p1a: Bloody Sunday|evasion|1
|-sideend|p1: haterss gonna hate|Stealth Rock|[from] move: Defog|[of] p1a: Bloody Sunday
|-sideend|p2: Gaet-Kun06|Stealth Rock|[from] move: Defog|[of] p2a: Mandibuzz
|
|-heal|p2a: Mandibuzz|397\/423 tox|[from] item: Leftovers
|-damage|p2a: Mandibuzz|371\/423 tox|[from] psn
|turn|28
|
|switch|p2a: Raikou|Raikou|321\/321
|-ability|p2a: Raikou|Pressure
|move|p1a: Bloody Sunday|Stealth Rock|p2a: Raikou
|-sidestart|p2: Gaet-Kun06|move: Stealth Rock
|
|turn|29
|
|switch|p1a: thenewguy24imo|Chansey, F|492\/685
|move|p2a: Raikou|Volt Switch|p1a: thenewguy24imo
|-crit|p1a: thenewguy24imo
|-damage|p1a: thenewguy24imo|384\/685
|
|switch|p2a: Mawile|Mawile-Mega, F, shiny|300\/300
|-damage|p2a: Mawile|282\/300|[from] Stealth Rock
|
|turn|30
|
|switch|p1a: Costa|Skarmory, M|277\/334
|move|p2a: Mawile|Iron Head|p1a: Costa
|-crit|p1a: Costa
|-resisted|p1a: Costa
|-damage|p1a: Costa|151\/334
|-damage|p2a: Mawile|232\/300|[from] item: Rocky Helmet|[of] p1a: Costa
|
|turn|31
|
|-singleturn|p2a: Mawile|move: Focus Punch
|move|p1a: Costa|Brave Bird|p2a: Mawile
|-resisted|p2a: Mawile
|-damage|p2a: Mawile|184\/300
|-damage|p1a: Costa|135\/334|[from] recoil|[of] p2a: Mawile
|cant|p2a: Mawile|Focus Punch|Focus Punch
|
|turn|32
|
|-singleturn|p2a: Mawile|move: Focus Punch
|move|p1a: Costa|Brave Bird|p2a: Mawile
|-resisted|p2a: Mawile
|-damage|p2a: Mawile|132\/300
|-damage|p1a: Costa|118\/334|[from] recoil|[of] p2a: Mawile
|cant|p2a: Mawile|Focus Punch|Focus Punch
|
|turn|33
|
|switch|p2a: Mandibuzz|Mandibuzz, F|371\/423 tox
|-damage|p2a: Mandibuzz|266\/423 tox|[from] Stealth Rock
|move|p1a: Costa|Brave Bird|p2a: Mandibuzz
|-damage|p2a: Mandibuzz|176\/423 tox
|-damage|p1a: Costa|88\/334|[from] recoil|[of] p2a: Mandibuzz
|
|-heal|p2a: Mandibuzz|202\/423 tox|[from] item: Leftovers
|-damage|p2a: Mandibuzz|176\/423 tox|[from] psn
|turn|34
|
|switch|p1a: Bloody Sunday|Heatran, F|159\/340
|move|p2a: Mandibuzz|Taunt|p1a: Bloody Sunday
|-start|p1a: Bloody Sunday|move: Taunt
|
|-heal|p2a: Mandibuzz|202\/423 tox|[from] item: Leftovers
|-damage|p2a: Mandibuzz|150\/423 tox|[from] psn
|turn|35
|
|move|p1a: Bloody Sunday|Fire Blast|p2a: Mandibuzz
|-damage|p2a: Mandibuzz|0 fnt
|faint|p2a: Mandibuzz
|
|
|switch|p2a: Raikou|Raikou|321\/321
|-damage|p2a: Raikou|281\/321|[from] Stealth Rock
|-ability|p2a: Raikou|Pressure
|turn|36
|
|switch|p1a: thenewguy24imo|Chansey, F|384\/685
|move|p2a: Raikou|Volt Switch|p1a: thenewguy24imo
|-damage|p1a: thenewguy24imo|314\/685
|
|switch|p2a: Mawile|Mawile-Mega, F, shiny|132\/300
|-damage|p2a: Mawile|114\/300|[from] Stealth Rock
|
|turn|37
|
|switch|p1a: Aka DH|Venusaur-Mega, F|135\/364
|move|p2a: Mawile|Iron Head|p1a: Aka DH
|-damage|p1a: Aka DH|0 fnt
|faint|p1a: Aka DH
|
|
|switch|p1a: wish killer|Keldeo|323\/323
|turn|38
|
|switch|p2a: Raikou|Raikou|281\/321
|-damage|p2a: Raikou|241\/321|[from] Stealth Rock
|-ability|p2a: Raikou|Pressure
|move|p1a: wish killer|Scald|p2a: Raikou
|-damage|p2a: Raikou|153\/321
|
|turn|39
|
|switch|p1a: Bloody Sunday|Heatran, F|159\/340
|move|p2a: Raikou|Volt Switch|p1a: Bloody Sunday
|-crit|p1a: Bloody Sunday
|-damage|p1a: Bloody Sunday|0 fnt
|faint|p1a: Bloody Sunday
|
|switch|p2a: Gliscor|Gliscor, F|250\/352 tox
|-damage|p2a: Gliscor|206\/352 tox|[from] Stealth Rock
|
|-heal|p2a: Gliscor|250\/352 tox|[from] ability: Poison Heal
|
|switch|p1a: wish killer|Keldeo|323\/323
|turn|40
|
|move|p1a: wish killer|Scald|p2a: Gliscor
|-supereffective|p2a: Gliscor
|-damage|p2a: Gliscor|0 fnt
|faint|p2a: Gliscor
|
|
|switch|p2a: Raikou|Raikou|153\/321
|-damage|p2a: Raikou|113\/321|[from] Stealth Rock
|-ability|p2a: Raikou|Pressure
|turn|41
|
|switch|p1a: thenewguy24imo|Chansey, F|314\/685
|move|p2a: Raikou|Volt Switch|p1a: thenewguy24imo
|-damage|p1a: thenewguy24imo|244\/685
|
|switch|p2a: Mawile|Mawile-Mega, F, shiny|114\/300
|-damage|p2a: Mawile|96\/300|[from] Stealth Rock
|
|turn|42
|
|-singleturn|p2a: Mawile|move: Focus Punch
|switch|p1a: Costa|Skarmory, M|88\/334
|move|p2a: Mawile|Focus Punch|p1a: Costa
|-damage|p1a: Costa|0 fnt
|-damage|p2a: Mawile|46\/300|[from] item: Rocky Helmet|[of] p1a: Costa
|faint|p1a: Costa
|
|
|switch|p1a: wish killer|Keldeo|323\/323
|turn|43
|
|move|p2a: Mawile|Sucker Punch|p1a: wish killer
|-resisted|p1a: wish killer
|-damage|p1a: wish killer|233\/323
|-boost|p1a: wish killer|atk|1|[from] ability: Justified
|move|p1a: wish killer|Scald|p2a: Mawile
|-damage|p2a: Mawile|0 fnt
|faint|p2a: Mawile
|
|-heal|p1a: wish killer|253\/323|[from] item: Leftovers
|
|switch|p2a: Raikou|Raikou|113\/321
|-damage|p2a: Raikou|73\/321|[from] Stealth Rock
|-ability|p2a: Raikou|Pressure
|turn|44
|
|switch|p1a: thenewguy24imo|Chansey, F|244\/685
|move|p2a: Raikou|Volt Switch|p1a: thenewguy24imo
|-damage|p1a: thenewguy24imo|177\/685
|
|switch|p2a: Talonflame|Talonflame, F|212\/297
|-damage|p2a: Talonflame|64\/297|[from] Stealth Rock
|
|turn|45
|
|move|p2a: Talonflame|Brave Bird|p1a: thenewguy24imo
|-damage|p1a: thenewguy24imo|0 fnt
|-damage|p2a: Talonflame|6\/297|[from] recoil|[of] p1a: thenewguy24imo
|faint|p1a: thenewguy24imo
|
|
|switch|p1a: wish killer|Keldeo|253\/323
|turn|46
|chat|Gaet-Kun06|if i did defog before, i probably have a chance x)
|
|move|p2a: Talonflame|Brave Bird|p1a: wish killer
|-supereffective|p1a: wish killer
|-damage|p1a: wish killer|0 fnt
|-damage|p2a: Talonflame|0 fnt|[from] recoil|[of] p1a: wish killer
|faint|p1a: wish killer
|faint|p2a: Talonflame
|
|
|switch|p2a: Raikou|Raikou|73\/321
|-damage|p2a: Raikou|33\/321|[from] Stealth Rock
|switch|p1a: I came from leddit|Bisharp, M|334\/334
|-ability|p2a: Raikou|Pressure
|turn|47
|
|move|p1a: I came from leddit|Sucker Punch|p2a: Raikou
|-damage|p2a: Raikou|0 fnt
|faint|p2a: Raikou
|
|win|haterss gonna hate
|raw|Ladder updating...
|raw|haterss gonna hate's rating: 2038 &rarr; <strong>2045<\/strong><br \/>(+7 for winning)
|raw|Gaet-Kun06's rating: 1770 &rarr; <strong>1763<\/strong><br \/>(-7 for losing)
|chat|haterss gonna hate|gg
|chat|Gaet-Kun06|yep