|join|Gaet-Kun06
|join|MamaMartaVIIINacio
|player|p1|Gaet-Kun06|163
|player|p2|MamaMartaVIIINacio|265
|gametype|singles
|gen|6
|tier|OU
|rated
|clearpoke
|poke|p1|Gliscor, M
|poke|p1|Raikou
|poke|p1|Scizor, F
|poke|p1|Kyurem-Black
|poke|p1|Mandibuzz, F
|poke|p1|Talonflame, M
|poke|p2|Jirachi
|poke|p2|Charizard, M
|poke|p2|Terrakion
|poke|p2|Sylveon, F
|poke|p2|Slowbro, F
|poke|p2|Zapdos
|rule|Swagger Clause: Swagger is banned
|rule|Baton Pass Clause: Limit one PokÃ©mon knowing Baton Pass
|rule|Sleep Clause Mod: Limit one foe put to sleep
|rule|Species Clause: Limit one of each PokÃ©mon
|rule|OHKO Clause: OHKO moves are banned
|rule|Moody Clause: Moody is banned
|rule|Evasion Moves Clause: Evasion moves are banned
|rule|Endless Battle Clause: Forcing endless battles is banned
|rule|HP Percentage Mod: HP is shown in percentages
|teampreview
|
|start
|switch|p1a: Gliscor|Gliscor, M|354\/354
|switch|p2a: Agns|Sylveon, F|394\/394
|turn|1
|
|switch|p1a: Scizor|Scizor, F|301\/301
|switch|p2a: Neo Bahamut|Charizard, M|297\/297
|
|turn|2
|
|switch|p1a: Mandibuzz|Mandibuzz, F|421\/421
|detailschange|p2a: Neo Bahamut|Charizard-Mega-Y, M
|message|Charizard has Mega Evolved into Mega Charizard!
|-weather|SunnyDay
|move|p2a: Neo Bahamut|Fire Blast|p1a: Mandibuzz
|-damage|p1a: Mandibuzz|48\/421
|
|-weather|SunnyDay|[upkeep]
|-heal|p1a: Mandibuzz|74\/421|[from] item: Leftovers
|turn|3
|
|move|p2a: Neo Bahamut|Fire Blast|p1a: Mandibuzz
|-damage|p1a: Mandibuzz|0 fnt
|faint|p1a: Mandibuzz
|
|-weather|SunnyDay|[upkeep]
|
|switch|p1a: Raikou|Raikou|321\/321
|-ability|p1a: Raikou|Pressure
|turn|4
|
|switch|p2a: Agns|Sylveon, F|394\/394
|move|p1a: Raikou|Thunderbolt|p2a: Agns
|-damage|p2a: Agns|306\/394
|
|-weather|SunnyDay|[upkeep]
|-heal|p2a: Agns|330\/394|[from] item: Leftovers
|turn|5
|
|switch|p2a: Neo Bahamut|Charizard-Mega-Y, M|297\/297
|move|p1a: Raikou|Volt Switch|p2a: Neo Bahamut
|-supereffective|p2a: Neo Bahamut
|-damage|p2a: Neo Bahamut|105\/297
|
|switch|p1a: Talonflame|Talonflame, M|297\/297
|
|-weather|SunnyDay|[upkeep]
|turn|6
|
|switch|p2a: Reila|Slowbro, F|394\/394
|move|p1a: Talonflame|U-turn|p2a: Reila
|-supereffective|p2a: Reila
|-damage|p2a: Reila|268\/394
|
|switch|p1a: Raikou|Raikou|321\/321
|-ability|p1a: Raikou|Pressure
|
|-weather|none
|-heal|p2a: Reila|292\/394|[from] item: Leftovers
|turn|7
|
|switch|p2a: Agns|Sylveon, F|330\/394
|move|p1a: Raikou|Volt Switch|p2a: Agns
|-damage|p2a: Agns|266\/394
|
|switch|p1a: Scizor|Scizor, F|301\/301
|
|-heal|p2a: Agns|290\/394|[from] item: Leftovers
|turn|8
|
|detailschange|p1a: Scizor|Scizor-Mega, F
|message|Scizor has Mega Evolved into Mega Scizor!
|move|p2a: Agns|Protect|p2a: Agns
|-singleturn|p2a: Agns|Protect
|move|p1a: Scizor|Knock Off|p2a: Agns
|-activate|p2a: Agns|Protect
|
|-heal|p2a: Agns|314\/394|[from] item: Leftovers
|turn|9
|
|switch|p2a: PiolnSSJ3|Zapdos|384\/384
|-ability|p2a: PiolnSSJ3|Pressure
|move|p1a: Scizor|Knock Off|p2a: PiolnSSJ3
|-damage|p2a: PiolnSSJ3|273\/384
|-enditem|p2a: PiolnSSJ3|Leftovers|[from] move: Knock Off|[of] p1a: Scizor
|
|turn|10
|
|switch|p1a: Raikou|Raikou|321\/321
|-ability|p1a: Raikou|Pressure
|move|p2a: PiolnSSJ3|Volt Switch|p1a: Raikou
|-resisted|p1a: Raikou
|-damage|p1a: Raikou|288\/321
|
|switch|p2a: Agns|Sylveon, F|314\/394
|
|-heal|p2a: Agns|338\/394|[from] item: Leftovers
|turn|11
|
|move|p2a: Agns|Protect|p2a: Agns
|-singleturn|p2a: Agns|Protect
|move|p1a: Raikou|Volt Switch|p2a: Agns
|-activate|p2a: Agns|Protect
|
|-heal|p2a: Agns|362\/394|[from] item: Leftovers
|turn|12
|
|move|p1a: Raikou|Volt Switch|p2a: Agns
|-damage|p2a: Agns|296\/394
|
|switch|p1a: Scizor|Scizor-Mega, F|301\/301
|move|p2a: Agns|Wish|p2a: Agns
|
|-heal|p2a: Agns|320\/394|[from] item: Leftovers
|turn|13
|
|switch|p1a: Raikou|Raikou|288\/321
|-ability|p1a: Raikou|Pressure
|switch|p2a: PiolnSSJ3|Zapdos|273\/384
|-ability|p2a: PiolnSSJ3|Pressure
|
|-heal|p2a: PiolnSSJ3|384\/384|[from] move: Wish|[wisher] Agns
|turn|14
|
|move|p1a: Raikou|Thunderbolt|p2a: PiolnSSJ3
|-damage|p2a: PiolnSSJ3|209\/384
|move|p2a: PiolnSSJ3|Heat Wave|p1a: Raikou
|-damage|p1a: Raikou|232\/321
|-status|p1a: Raikou|brn
|
|-damage|p1a: Raikou|192\/321 brn|[from] brn
|turn|15
|c|âMamaMartaVIIINacio|srry
|
|move|p1a: Raikou|Volt Switch|p2a: PiolnSSJ3
|-damage|p2a: PiolnSSJ3|73\/384
|
|switch|p1a: Kyurem-Black|Kyurem-Black|391\/391
|-ability|p1a: Kyurem-Black|Teravolt
|move|p2a: PiolnSSJ3|Roost|p2a: PiolnSSJ3
|-heal|p2a: PiolnSSJ3|265\/384
|
|turn|16
|
|switch|p2a: Satlite|Jirachi|404\/404
|move|p1a: Kyurem-Black|Ice Beam|p2a: Satlite
|-resisted|p2a: Satlite
|-damage|p2a: Satlite|334\/404
|-damage|p1a: Kyurem-Black|352\/391|[from] item: Life Orb
|
|-heal|p2a: Satlite|359\/404|[from] item: Leftovers
|turn|17
|
|switch|p1a: Raikou|Raikou|192\/321 brn
|-ability|p1a: Raikou|Pressure
|move|p2a: Satlite|Body Slam|p1a: Raikou
|-damage|p1a: Raikou|105\/321 brn
|
|-heal|p2a: Satlite|384\/404|[from] item: Leftovers
|-damage|p1a: Raikou|65\/321 brn|[from] brn
|turn|18
|
|move|p1a: Raikou|Shadow Ball|p2a: Satlite
|-supereffective|p2a: Satlite
|-damage|p2a: Satlite|254\/404
|move|p2a: Satlite|Stealth Rock|p1a: Raikou
|-sidestart|p1: Gaet-Kun06|move: Stealth Rock
|
|-heal|p2a: Satlite|279\/404|[from] item: Leftovers
|-damage|p1a: Raikou|25\/321 brn|[from] brn
|turn|19
|
|switch|p2a: Agns|Sylveon, F|320\/394
|move|p1a: Raikou|Shadow Ball|p2a: Agns
|-damage|p2a: Agns|265\/394
|-unboost|p2a: Agns|spd|1
|
|-heal|p2a: Agns|289\/394|[from] item: Leftovers
|-damage|p1a: Raikou|0 fnt|[from] brn
|faint|p1a: Raikou
|
|switch|p1a: Gliscor|Gliscor, M|354\/354
|-damage|p1a: Gliscor|310\/354|[from] Stealth Rock
|turn|20
|
|switch|p2a: Neo Bahamut|Charizard-Mega-Y, M|105\/297
|-weather|SunnyDay
|move|p1a: Gliscor|Stealth Rock|p2a: Neo Bahamut
|-sidestart|p2: MamaMartaVIIINacio|move: Stealth Rock
|
|-weather|SunnyDay|[upkeep]
|-status|p1a: Gliscor|tox|[from] item: Toxic Orb
|turn|21
|join|SorayShiro
|
|move|p2a: Neo Bahamut|Fire Blast|p1a: Gliscor
|-damage|p1a: Gliscor|0 fnt
|faint|p1a: Gliscor
|
|-weather|SunnyDay|[upkeep]
|
|switch|p1a: Kyurem-Black|Kyurem-Black|352\/391
|-damage|p1a: Kyurem-Black|255\/391|[from] Stealth Rock
|-ability|p1a: Kyurem-Black|Teravolt
|turn|22
|
|move|p2a: Neo Bahamut|Fire Blast|p1a: Kyurem-Black
|-damage|p1a: Kyurem-Black|0 fnt
|faint|p1a: Kyurem-Black
|
|-weather|SunnyDay|[upkeep]
|
|switch|p1a: Talonflame|Talonflame, M|297\/297
|-damage|p1a: Talonflame|149\/297|[from] Stealth Rock
|turn|23
|
|switch|p2a: Reila|Slowbro, F|394\/394
|-damage|p2a: Reila|345\/394|[from] Stealth Rock
|move|p1a: Talonflame|Brave Bird|p2a: Reila
|-damage|p2a: Reila|177\/394
|-damage|p1a: Talonflame|94\/297|[from] recoil|[of] p2a: Reila
|
|-weather|SunnyDay|[upkeep]
|-heal|p2a: Reila|201\/394|[from] item: Leftovers
|turn|24
|
|move|p1a: Talonflame|Brave Bird|p2a: Reila
|-damage|p2a: Reila|29\/394
|-damage|p1a: Talonflame|37\/297|[from] recoil|[of] p2a: Reila
|move|p2a: Reila|Slack Off|p2a: Reila
|-heal|p2a: Reila|226\/394
|
|-weather|none
|-heal|p2a: Reila|250\/394|[from] item: Leftovers
|turn|25
|
|move|p1a: Talonflame|Brave Bird|p2a: Reila
|-damage|p2a: Reila|66\/394
|-damage|p1a: Talonflame|0 fnt|[from] recoil|[of] p2a: Reila
|faint|p1a: Talonflame
|move|p2a: Reila|Slack Off|p2a: Reila
|-heal|p2a: Reila|263\/394
|
|-heal|p2a: Reila|287\/394|[from] item: Leftovers
|
|switch|p1a: Scizor|Scizor-Mega, F|301\/301
|-damage|p1a: Scizor|264\/301|[from] Stealth Rock
|turn|26
|join|Sisifo
|
|switch|p2a: PiolnSSJ3|Zapdos|265\/384
|-damage|p2a: PiolnSSJ3|169\/384|[from] Stealth Rock
|-ability|p2a: PiolnSSJ3|Pressure
|move|p1a: Scizor|Swords Dance|p1a: Scizor
|-boost|p1a: Scizor|atk|2
|
|turn|27
|
|move|p1a: Scizor|Bullet Punch|p2a: PiolnSSJ3
|-resisted|p2a: PiolnSSJ3
|-damage|p2a: PiolnSSJ3|65\/384
|move|p2a: PiolnSSJ3|Heat Wave|p1a: Scizor
|-supereffective|p1a: Scizor
|-damage|p1a: Scizor|0 fnt
|faint|p1a: Scizor
|
|win|MamaMartaVIIINacio
|raw|Ladder updating...
|raw|Gaet-Kun06's rating: 1695 &rarr; <strong>1677<\/strong><br \/>(-18 for losing)
|raw|MamaMartaVIIINacio's rating: 1735 &rarr; <strong>1753<\/strong><br \/>(+18 for winning)
|leave|MamaMartaVIIINacio
|player|p2
|leave|Gaet-Kun06
|player|p1