|join|Gaet-Kun06
|join|polo1
|player|p1|Gaet-Kun06|163
|player|p2|polo1|232
|gametype|singles
|gen|6
|tier|OU
|rated
|clearpoke
|poke|p1|Raikou, shiny
|poke|p1|Gliscor, F
|poke|p1|Kyurem-Black
|poke|p1|Mandibuzz, F
|poke|p1|Talonflame, M
|poke|p1|Mawile, F
|poke|p2|Azumarill, F
|poke|p2|Medicham, M, shiny
|poke|p2|Landorus, M
|poke|p2|Excadrill, F
|poke|p2|Rotom-Wash, shiny
|poke|p2|Garchomp, M
|rule|Swagger Clause: Swagger is banned
|rule|Baton Pass Clause: Limit one PokÃ©mon knowing Baton Pass
|rule|Sleep Clause Mod: Limit one foe put to sleep
|rule|Species Clause: Limit one of each PokÃ©mon
|rule|OHKO Clause: OHKO moves are banned
|rule|Moody Clause: Moody is banned
|rule|Evasion Moves Clause: Evasion moves are banned
|rule|Endless Battle Clause: Forcing endless battles is banned
|rule|HP Percentage Mod: HP is reported as percentages
|teampreview
|
|start
|switch|p1a: Raigami|Raikou, shiny|321\/321
|switch|p2a: Garchomp|Garchomp, M|357\/357
|-ability|p1a: Raigami|Pressure
|turn|1
|
|switch|p1a: Sasori|Gliscor, F|352\/352
|move|p2a: Garchomp|Earthquake|p1a: Sasori
|-immune|p1a: Sasori|[msg]
|
|-status|p1a: Sasori|tox|[from] item: Toxic Orb
|turn|2
|
|move|p2a: Garchomp|Stealth Rock|p1a: Sasori
|-sidestart|p1: Gaet-Kun06|move: Stealth Rock
|move|p1a: Sasori|Taunt|p2a: Garchomp
|-start|p2a: Garchomp|move: Taunt
|
|turn|3
|
|switch|p2a: Medicham|Medicham, M, shiny|261\/261
|move|p1a: Sasori|Stealth Rock|p2a: Medicham
|-sidestart|p2: polo1|move: Stealth Rock
|
|turn|4
|
|detailschange|p2a: Medicham|Medicham-Mega, M, shiny
|message|Medicham has Mega Evolved into Mega Medicham!
|move|p1a: Sasori|Earthquake|p2a: Medicham
|-damage|p2a: Medicham|129\/261
|move|p2a: Medicham|Ice Punch|p1a: Sasori
|-supereffective|p1a: Sasori
|-damage|p1a: Sasori|0 fnt
|faint|p1a: Sasori
|
|
|switch|p1a: Manshelly|Mawile, F|300\/300
|-damage|p1a: Manshelly|282\/300|[from] Stealth Rock
|-ability|p1a: Manshelly|Intimidate|[of] p2a: Medicham
|-unboost|p2a: Medicham|atk|1
|turn|5
|
|-singleturn|p1a: Manshelly|move: Focus Punch
|switch|p2a: Rotom-Wash|Rotom-Wash, shiny|304\/304
|-damage|p2a: Rotom-Wash|266\/304|[from] Stealth Rock
|detailschange|p1a: Manshelly|Mawile-Mega, F
|message|Mawile has Mega Evolved into Mega Mawile!
|move|p1a: Manshelly|Focus Punch|p2a: Rotom-Wash
|-damage|p2a: Rotom-Wash|24\/304
|
|-heal|p2a: Rotom-Wash|43\/304|[from] item: Leftovers
|turn|6
|
|switch|p1a: Raigami|Raikou, shiny|321\/321
|-damage|p1a: Raigami|281\/321|[from] Stealth Rock
|-ability|p1a: Raigami|Pressure
|move|p2a: Rotom-Wash|Will-O-Wisp|p1a: Raigami
|-status|p1a: Raigami|brn
|
|-heal|p2a: Rotom-Wash|62\/304|[from] item: Leftovers
|-damage|p1a: Raigami|241\/321 brn|[from] brn
|turn|7
|
|switch|p2a: Garchomp|Garchomp, M|357\/357
|-damage|p2a: Garchomp|335\/357|[from] Stealth Rock
|move|p1a: Raigami|Shadow Ball|p2a: Garchomp
|-damage|p2a: Garchomp|222\/357
|
|-damage|p1a: Raigami|201\/321 brn|[from] brn
|turn|8
|
|move|p1a: Raigami|Hidden Power|p2a: Garchomp
|-supereffective|p2a: Garchomp
|-damage|p2a: Garchomp|0 fnt
|faint|p2a: Garchomp
|
|-damage|p1a: Raigami|161\/321 brn|[from] brn
|
|switch|p2a: Excadrill|Excadrill, F|362\/362
|-damage|p2a: Excadrill|351\/362|[from] Stealth Rock
|-ability|p2a: Excadrill|Mold Breaker
|turn|9
|
|switch|p1a: Miss Friday|Mandibuzz, F|423\/423
|-damage|p1a: Miss Friday|318\/423|[from] Stealth Rock
|move|p2a: Excadrill|Rock Slide|p1a: Miss Friday
|-supereffective|p1a: Miss Friday
|-damage|p1a: Miss Friday|184\/423
|
|-heal|p1a: Miss Friday|210\/423|[from] item: Leftovers
|turn|10
|
|switch|p2a: Azumarill|Azumarill, F|404\/404
|-damage|p2a: Azumarill|354\/404|[from] Stealth Rock
|move|p1a: Miss Friday|Defog|p2a: Azumarill
|-unboost|p2a: Azumarill|evasion|1
|-sideend|p2: polo1|Stealth Rock|[from] move: Defog|[of] p2a: Azumarill
|-sideend|p1: Gaet-Kun06|Stealth Rock|[from] move: Defog|[of] p1a: Miss Friday
|
|-heal|p1a: Miss Friday|236\/423|[from] item: Leftovers
|turn|11
|
|move|p1a: Miss Friday|Taunt|p2a: Azumarill
|-start|p2a: Azumarill|move: Taunt
|move|p2a: Azumarill|Play Rough|p1a: Miss Friday
|-supereffective|p1a: Miss Friday
|-damage|p1a: Miss Friday|0 fnt
|faint|p1a: Miss Friday
|
|
|switch|p1a: Hyozanryu|Kyurem-Black|391\/391
|-ability|p1a: Hyozanryu|Teravolt
|turn|12
|
|switch|p2a: Landorus|Landorus, M|319\/319
|move|p1a: Hyozanryu|Fusion Bolt|p2a: Landorus
|-immune|p2a: Landorus|[msg]
|
|turn|13
|
|move|p2a: Landorus|Focus Blast|p1a: Hyozanryu
|-supereffective|p1a: Hyozanryu
|-damage|p1a: Hyozanryu|0 fnt
|faint|p1a: Hyozanryu
|
|
|switch|p1a: Raigami|Raikou, shiny|161\/321 brn
|-ability|p1a: Raigami|Pressure
|turn|14
|
|switch|p2a: Rotom-Wash|Rotom-Wash, shiny|62\/304
|move|p1a: Raigami|Volt Switch|p2a: Rotom-Wash
|-damage|p2a: Rotom-Wash|0 fnt
|faint|p2a: Rotom-Wash
|
|switch|p1a: Nissa|Talonflame, M|297\/297
|
|
|switch|p2a: Excadrill|Excadrill, F|351\/362
|-ability|p2a: Excadrill|Mold Breaker
|turn|15
|
|switch|p1a: Manshelly|Mawile-Mega, F|282\/300
|move|p2a: Excadrill|Rock Slide|p1a: Manshelly
|-resisted|p1a: Manshelly
|-damage|p1a: Manshelly|246\/300
|
|turn|16
|
|switch|p2a: Azumarill|Azumarill, F|354\/404
|move|p1a: Manshelly|Iron Head|p2a: Azumarill
|-damage|p2a: Azumarill|53\/404
|
|turn|17
|
|move|p1a: Manshelly|Sucker Punch|p2a: Azumarill
|-resisted|p2a: Azumarill
|-damage|p2a: Azumarill|0 fnt
|faint|p2a: Azumarill
|
|
|switch|p2a: Landorus|Landorus, M|319\/319
|turn|18
|
|move|p1a: Manshelly|Sucker Punch|p2a: Landorus
|-damage|p2a: Landorus|124\/319
|move|p2a: Landorus|Earth Power|p1a: Manshelly
|-supereffective|p1a: Manshelly
|-damage|p1a: Manshelly|0 fnt
|faint|p1a: Manshelly
|
|
|switch|p1a: Nissa|Talonflame, M|297\/297
|turn|19
|
|move|p1a: Nissa|Brave Bird|p2a: Landorus
|-damage|p2a: Landorus|0 fnt
|-damage|p1a: Nissa|256\/297|[from] recoil|[of] p2a: Landorus
|faint|p2a: Landorus
|
|
|switch|p2a: Excadrill|Excadrill, F|351\/362
|-ability|p2a: Excadrill|Mold Breaker
|turn|20
|
|switch|p1a: Raigami|Raikou, shiny|161\/321 brn
|-ability|p1a: Raigami|Pressure
|move|p2a: Excadrill|Rock Slide|p1a: Raigami
|-damage|p1a: Raigami|47\/321 brn
|
|-damage|p1a: Raigami|7\/321 brn|[from] brn
|turn|21
|
|switch|p2a: Medicham|Medicham-Mega, M, shiny|129\/261
|move|p1a: Raigami|Shadow Ball|p2a: Medicham
|-supereffective|p2a: Medicham
|-damage|p2a: Medicham|0 fnt
|faint|p2a: Medicham
|
|-damage|p1a: Raigami|0 fnt|[from] brn
|faint|p1a: Raigami
|
|switch|p2a: Excadrill|Excadrill, F|351\/362
|switch|p1a: Nissa|Talonflame, M|256\/297
|-ability|p2a: Excadrill|Mold Breaker
|turn|22
|
|move|p2a: Excadrill|Rock Slide|p1a: Nissa
|-supereffective|p1a: Nissa
|-damage|p1a: Nissa|0 fnt
|faint|p1a: Nissa
|
|win|polo1
|raw|Ladder updating...
|raw|Gaet-Kun06's rating: 1662 &rarr; <strong>1639<\/strong><br \/>(-23 for losing)
|raw|polo1's rating: 1620 &rarr; <strong>1642<\/strong><br \/>(+22 for winning)
|leave|Gaet-Kun06
|player|p1