|join|BarS123
|join|Gaet-Kun06
|player|p1|BarS123|290
|player|p2|Gaet-Kun06|163
|gametype|singles
|gen|6
|tier|OU
|rated
|clearpoke
|poke|p1|Medicham, F
|poke|p1|Bisharp, M
|poke|p1|Keldeo
|poke|p1|Rotom-Wash
|poke|p1|Aegislash, M
|poke|p1|Shuckle, F
|poke|p2|Bisharp, F
|poke|p2|Mawile, F
|poke|p2|Landorus, M
|poke|p2|Thundurus, M
|poke|p2|Tyranitar, M
|poke|p2|Excadrill, F
|rule|Sleep Clause Mod: Limit one foe put to sleep
|rule|Species Clause: Limit one of each Pokemon
|rule|OHKO Clause: OHKO moves are banned
|rule|Moody Clause: Moody is banned
|rule|Evasion Moves Clause: Evasion moves are banned
|rule|Endless Battle Clause: Forcing endless battles is banned.
|rule|HP Percentage Mod: HP is reported as percentages
|teampreview
|
|start
|switch|p1a: Shuckle|Shuckle, F|244\/244
|switch|p2a: Tyranitar|Tyranitar, M|404\/404
|-weather|Sandstorm
|turn|1
|
|move|p2a: Tyranitar|Taunt|p1a: Shuckle
|-start|p1a: Shuckle|move: Taunt
|-enditem|p1a: Shuckle|Mental Herb
|-end|p1a: Shuckle|move: Taunt
|move|p1a: Shuckle|Encore|p2a: Tyranitar
|-start|p2a: Tyranitar|Encore
|
|-weather|Sandstorm|[upkeep]
|turn|2
|
|switch|p2a: Thundurus|Thundurus, M|299\/299
|move|p1a: Shuckle|Stealth Rock|p2a: Thundurus
|-sidestart|p2: Gaet-Kun06|move: Stealth Rock
|
|-weather|Sandstorm|[upkeep]
|-damage|p2a: Thundurus|281\/299|[from] sandstorm
|turn|3
|
|switch|p2a: Excadrill|Excadrill, F|362\/362
|-damage|p2a: Excadrill|351\/362|[from] Stealth Rock
|-item|p2a: Excadrill|Air Balloon
|move|p1a: Shuckle|Sticky Web|p2a: Excadrill
|-sidestart|p2: Gaet-Kun06|move: Sticky Web
|
|-weather|Sandstorm|[upkeep]
|turn|4
|
|switch|p1a: Aegislash|Aegislash, M|324\/324
|-item|p1a: Aegislash|Air Balloon
|move|p2a: Excadrill|Rapid Spin|p1a: Aegislash
|-immune|p1a: Aegislash|[msg]
|
|-weather|Sandstorm|[upkeep]
|turn|5
|
|move|p2a: Excadrill|Rock Slide|p1a: Aegislash
|-resisted|p1a: Aegislash
|-damage|p1a: Aegislash|291\/324
|-enditem|p1a: Aegislash|Air Balloon
|-formechange|p1a: Aegislash|Aegislash-Blade
|cant|p1a: Aegislash|flinch
|
|-weather|none
|turn|6
|
|-formechange|p1a: Aegislash|Aegislash
|move|p1a: Aegislash|King's Shield|p1a: Aegislash
|-singleturn|p1a: Aegislash|Protect
|move|p2a: Excadrill|Earthquake|p1a: Aegislash
|-activate|p1a: Aegislash|Protect
|
|turn|7
|
|move|p2a: Excadrill|Rapid Spin|p1a: Aegislash
|-immune|p1a: Aegislash|[msg]
|-formechange|p1a: Aegislash|Aegislash-Blade
|move|p1a: Aegislash|Sacred Sword|p2a: Excadrill
|-supereffective|p2a: Excadrill
|-damage|p2a: Excadrill|61\/362
|-enditem|p2a: Excadrill|Air Balloon
|
|turn|8
|
|move|p1a: Aegislash|Shadow Sneak|p2a: Excadrill
|-crit|p2a: Excadrill
|-damage|p2a: Excadrill|0 fnt
|faint|p2a: Excadrill
|
|
|switch|p2a: Landorus|Landorus, M|319\/319
|-damage|p2a: Landorus|280\/319|[from] Stealth Rock
|turn|9
|
|switch|p1a: Rotom-Wash|Rotom-Wash|304\/304
|move|p2a: Landorus|Earth Power|p1a: Rotom-Wash
|-immune|p1a: Rotom-Wash|[msg]
|
|turn|10
|
|switch|p2a: Tyranitar|Tyranitar, M|404\/404
|-activate|p2a: Tyranitar|move: Sticky Web
|-unboost|p2a: Tyranitar|spe|1
|-damage|p2a: Tyranitar|354\/404|[from] Stealth Rock
|-weather|Sandstorm
|move|p1a: Rotom-Wash|Hydro Pump|p2a: Tyranitar|[miss]
|-miss|p1a: Rotom-Wash|p2a: Tyranitar
|
|-weather|Sandstorm|[upkeep]
|-damage|p1a: Rotom-Wash|285\/304|[from] sandstorm
|-heal|p1a: Rotom-Wash|304\/304|[from] item: Leftovers
|-heal|p2a: Tyranitar|379\/404|[from] item: Leftovers
|turn|11
|
|move|p1a: Rotom-Wash|Will-O-Wisp|p2a: Tyranitar
|-status|p2a: Tyranitar|brn
|move|p2a: Tyranitar|Taunt|p1a: Rotom-Wash
|-start|p1a: Rotom-Wash|move: Taunt
|
|-weather|Sandstorm|[upkeep]
|-damage|p1a: Rotom-Wash|285\/304|[from] sandstorm
|-heal|p1a: Rotom-Wash|304\/304|[from] item: Leftovers
|-heal|p2a: Tyranitar|404\/404 brn|[from] item: Leftovers
|-damage|p2a: Tyranitar|354\/404 brn|[from] brn
|turn|12
|
|switch|p1a: Medicham|Medicham, F|261\/261
|move|p2a: Tyranitar|Stealth Rock|p1a: Medicham
|-sidestart|p1: BarS123|move: Stealth Rock
|
|-weather|Sandstorm|[upkeep]
|-damage|p1a: Medicham|245\/261|[from] sandstorm
|-heal|p2a: Tyranitar|379\/404 brn|[from] item: Leftovers
|-damage|p2a: Tyranitar|329\/404 brn|[from] brn
|turn|13
|
|detailschange|p1a: Medicham|Medicham-Mega, F
|message|Medicham has Mega Evolved into Mega Medicham!
|move|p1a: Medicham|Substitute|p1a: Medicham
|-start|p1a: Medicham|Substitute
|-damage|p1a: Medicham|180\/261
|move|p2a: Tyranitar|Earthquake|p1a: Medicham
|-activate|p1a: Medicham|Substitute|[damage]
|
|-weather|Sandstorm|[upkeep]
|-damage|p1a: Medicham|164\/261|[from] sandstorm
|-heal|p2a: Tyranitar|354\/404 brn|[from] item: Leftovers
|-damage|p2a: Tyranitar|304\/404 brn|[from] brn
|turn|14
|
|move|p1a: Medicham|High Jump Kick|p2a: Tyranitar
|-supereffective|p2a: Tyranitar
|-damage|p2a: Tyranitar|0 fnt
|faint|p2a: Tyranitar
|
|-weather|none
|
|switch|p2a: Mawile|Mawile, F|304\/304
|-activate|p2a: Mawile|move: Sticky Web
|-unboost|p2a: Mawile|spe|1
|-damage|p2a: Mawile|285\/304|[from] Stealth Rock
|-activate|p1a: Medicham|Substitute|ability: Intimidate|[of] p2a: Mawile
|turn|15
|
|detailschange|p2a: Mawile|Mawile-Mega, F
|message|Mawile has Mega Evolved into Mega Mawile!
|move|p2a: Mawile|Sucker Punch|p1a: Medicham
|-end|p1a: Medicham|Substitute
|move|p1a: Medicham|High Jump Kick|p2a: Mawile
|-damage|p2a: Mawile|0 fnt
|faint|p2a: Mawile
|
|
|switch|p2a: Landorus|Landorus, M|280\/319
|-damage|p2a: Landorus|241\/319|[from] Stealth Rock
|turn|16
|
|move|p2a: Landorus|Knock Off|p1a: Medicham
|-damage|p1a: Medicham|63\/261
|-damage|p2a: Landorus|210\/319|[from] item: Life Orb
|move|p1a: Medicham|Ice Punch|p2a: Landorus
|-supereffective|p2a: Landorus
|-damage|p2a: Landorus|0 fnt
|faint|p2a: Landorus
|
|
|switch|p2a: Bisharp|Bisharp, F|300\/300
|-damage|p2a: Bisharp|282\/300|[from] Stealth Rock
|-activate|p2a: Bisharp|move: Sticky Web
|-unboost|p2a: Bisharp|spe|1
|-boost|p2a: Bisharp|atk|2|[from] ability: Defiant
|turn|17
|
|move|p2a: Bisharp|Sucker Punch|p1a: Medicham
|-damage|p1a: Medicham|0 fnt
|faint|p1a: Medicham
|
|-heal|p2a: Bisharp|300\/300|[from] item: Leftovers
|
|switch|p1a: Keldeo|Keldeo|323\/323
|-damage|p1a: Keldeo|303\/323|[from] Stealth Rock
|turn|18
|
|move|p2a: Bisharp|Sucker Punch|p1a: Keldeo
|-resisted|p1a: Keldeo
|-damage|p1a: Keldeo|136\/323
|-boost|p1a: Keldeo|atk|1|[from] ability: Justified
|move|p1a: Keldeo|Secret Sword|p2a: Bisharp
|-supereffective|p2a: Bisharp
|-damage|p2a: Bisharp|0 fnt
|-damage|p1a: Keldeo|104\/323|[from] item: Life Orb
|faint|p2a: Bisharp
|
|
|switch|p2a: Thundurus|Thundurus, M|281\/299
|-damage|p2a: Thundurus|207\/299|[from] Stealth Rock
|turn|19
|
|move|p2a: Thundurus|Wild Charge|p1a: Keldeo
|-supereffective|p1a: Keldeo
|-damage|p1a: Keldeo|0 fnt
|-damage|p2a: Thundurus|181\/299|[from] recoil|[of] p1a: Keldeo
|-damage|p2a: Thundurus|152\/299|[from] item: Life Orb
|faint|p1a: Keldeo
|
|
|switch|p1a: Aegislash|Aegislash, M|291\/324
|-damage|p1a: Aegislash|271\/324|[from] Stealth Rock
|turn|20
|
|move|p2a: Thundurus|Knock Off|p1a: Aegislash
|-supereffective|p1a: Aegislash
|-damage|p1a: Aegislash|149\/324
|-damage|p2a: Thundurus|123\/299|[from] item: Life Orb
|-formechange|p1a: Aegislash|Aegislash-Blade
|move|p1a: Aegislash|Shadow Ball|p2a: Thundurus
|-damage|p2a: Thundurus|0 fnt
|faint|p2a: Thundurus
|
|win|BarS123
|raw|Ladder updating...
|raw|BarS123's rating: 1645 &rarr; <strong>1664<\/strong><br \/>(+19 for winning)
|raw|Gaet-Kun06's rating: 1630 &rarr; <strong>1611<\/strong><br \/>(-19 for losing)
|leave|Gaet-Kun06
|player|p2