|join|lil manaphy
|join|Gaet-Kun06
|player|p1|lil manaphy|8
|player|p2|Gaet-Kun06|283
|gametype|singles
|gen|6
|tier|OU
|rated
|clearpoke
|poke|p1|Sableye, F
|poke|p1|Ferrothorn, F
|poke|p1|Gliscor, F
|poke|p1|Chansey, F
|poke|p1|Gothitelle, F
|poke|p1|Keldeo
|poke|p2|Conkeldurr, M
|poke|p2|Deoxys-Speed, shiny
|poke|p2|Gastrodon, M
|poke|p2|Mawile, F, shiny
|poke|p2|Heatran, F
|poke|p2|Skarmory, F
|rule|Swagger Clause: Swagger is banned
|rule|Baton Pass Clause: Limit three PokÃ©mon knowing Baton Pass
|rule|Sleep Clause Mod: Limit one foe put to sleep
|rule|Species Clause: Limit one of each PokÃ©mon
|rule|OHKO Clause: OHKO moves are banned
|rule|Moody Clause: Moody is banned
|rule|Evasion Moves Clause: Evasion moves are banned
|rule|Endless Battle Clause: Forcing endless battles is banned
|rule|HP Percentage Mod: HP is reported as percentages
|teampreview
|
|start
|switch|p1a: Morello|Sableye, F|304\/304
|switch|p2a: Deoxys-Speed|Deoxys-Speed, shiny|241\/241
|-ability|p2a: Deoxys-Speed|Pressure
|turn|1
|
|switch|p2a: Heatran|Heatran, F|385\/385
|move|p1a: Morello|Taunt|p2a: Heatran
|-start|p2a: Heatran|move: Taunt
|
|turn|2
|
|switch|p2a: Conkeldurr|Conkeldurr, M|362\/362
|switch|p1a: e621|Keldeo|323\/323
|
|turn|3
|
|switch|p1a: Morello|Sableye, F|304\/304
|move|p2a: Conkeldurr|Knock Off|p1a: Morello
|-damage|p1a: Morello|174\/304
|-enditem|p1a: Morello|Leftovers|[from] move: Knock Off|[of] p2a: Conkeldurr
|
|turn|4
|
|move|p1a: Morello|Knock Off|p2a: Conkeldurr
|-resisted|p2a: Conkeldurr
|-damage|p2a: Conkeldurr|320\/362
|-enditem|p2a: Conkeldurr|Assault Vest|[from] move: Knock Off|[of] p1a: Morello
|move|p2a: Conkeldurr|Ice Punch|p1a: Morello
|-damage|p1a: Morello|63\/304
|
|turn|5
|
|move|p1a: Morello|Recover|p1a: Morello
|-heal|p1a: Morello|215\/304
|move|p2a: Conkeldurr|Knock Off|p1a: Morello
|-damage|p1a: Morello|130\/304
|
|turn|6
|
|move|p1a: Morello|Recover|p1a: Morello
|-heal|p1a: Morello|282\/304
|move|p2a: Conkeldurr|Knock Off|p1a: Morello
|-damage|p1a: Morello|189\/304
|
|turn|7
|
|switch|p1a: Piper|Ferrothorn, F|350\/350
|switch|p2a: Heatran|Heatran, F|385\/385
|
|turn|8
|
|move|p2a: Heatran|Taunt|p1a: Piper
|-start|p1a: Piper|move: Taunt
|cant|p1a: Piper|move: Taunt|Stealth Rock
|
|turn|9
|
|switch|p1a: vee|Gliscor, F|354\/354
|move|p2a: Heatran|Stealth Rock|p1a: vee
|-sidestart|p1: lil manaphy|move: Stealth Rock
|
|turn|10
|
|switch|p2a: Gastrodon|Gastrodon, M|426\/426
|move|p1a: vee|Defog|p2a: Gastrodon
|-unboost|p2a: Gastrodon|evasion|1
|-sideend|p1: lil manaphy|Stealth Rock|[from] move: Defog|[of] p1a: vee
|
|turn|11
|
|move|p1a: vee|U-turn|p2a: Gastrodon
|-damage|p2a: Gastrodon|377\/426
|
|switch|p1a: e621|Keldeo|323\/323
|move|p2a: Gastrodon|Yawn|p1a: e621
|-start|p1a: e621|move: Yawn|[of] p2a: Gastrodon
|
|-heal|p2a: Gastrodon|403\/426|[from] item: Leftovers
|turn|12
|
|switch|p1a: tegan|Gothitelle, F|301\/301
|move|p2a: Gastrodon|Recover|p2a: Gastrodon
|-heal|p2a: Gastrodon|426\/426
|
|turn|13
|
|move|p1a: tegan|Trick|p2a: Gastrodon
|-activate|p1a: tegan|move: Trick|[of] p2a: Gastrodon
|-item|p2a: Gastrodon|Choice Scarf|[from] move: Trick
|-item|p1a: tegan|Leftovers|[from] move: Trick
|move|p2a: Gastrodon|Earthquake|p1a: tegan
|-crit|p1a: tegan
|-damage|p1a: tegan|145\/301
|
|-heal|p1a: tegan|163\/301|[from] item: Leftovers
|turn|14
|
|switch|p1a: vee|Gliscor, F|354\/354
|move|p2a: Gastrodon|Earthquake|p1a: vee
|-immune|p1a: vee|[msg]
|
|turn|15
|
|switch|p2a: Skarmory|Skarmory, F|334\/334
|move|p1a: vee|U-turn|p2a: Skarmory
|-resisted|p2a: Skarmory
|-damage|p2a: Skarmory|327\/334
|
|switch|p1a: tegan|Gothitelle, F|163\/301
|
|-heal|p1a: tegan|181\/301|[from] item: Leftovers
|-heal|p2a: Skarmory|334\/334|[from] item: Leftovers
|turn|16
|
|move|p1a: tegan|Thunderbolt|p2a: Skarmory
|-supereffective|p2a: Skarmory
|-damage|p2a: Skarmory|98\/334
|move|p2a: Skarmory|Toxic|p1a: tegan
|-status|p1a: tegan|tox
|
|-heal|p1a: tegan|199\/301 tox|[from] item: Leftovers
|-heal|p2a: Skarmory|118\/334|[from] item: Leftovers
|-damage|p1a: tegan|181\/301 tox|[from] psn
|turn|17
|
|move|p1a: tegan|Thunderbolt|p2a: Skarmory
|-supereffective|p2a: Skarmory
|-damage|p2a: Skarmory|0 fnt
|faint|p2a: Skarmory
|
|-heal|p1a: tegan|199\/301 tox|[from] item: Leftovers
|-damage|p1a: tegan|163\/301 tox|[from] psn
|
|switch|p2a: Mawile|Mawile, F, shiny|303\/303
|-ability|p2a: Mawile|Intimidate|[of] p1a: tegan
|-unboost|p1a: tegan|atk|1
|turn|18
|
|switch|p1a: vee|Gliscor, F|354\/354
|detailschange|p2a: Mawile|Mawile-Mega, F, shiny
|message|Mawile has Mega Evolved into Mega Mawile!
|move|p2a: Mawile|Fire Fang|p1a: vee
|-damage|p1a: vee|262\/354
|
|-heal|p1a: vee|284\/354|[from] item: Leftovers
|turn|19
|
|switch|p2a: Conkeldurr|Conkeldurr, M|320\/362
|move|p1a: vee|Earthquake|p2a: Conkeldurr
|-damage|p2a: Conkeldurr|208\/362
|
|-heal|p1a: vee|306\/354|[from] item: Leftovers
|turn|20
|
|move|p1a: vee|U-turn|p2a: Conkeldurr
|-resisted|p2a: Conkeldurr
|-damage|p2a: Conkeldurr|180\/362
|
|switch|p1a: Piper|Ferrothorn, F|350\/350
|move|p2a: Conkeldurr|Ice Punch|p1a: Piper
|-damage|p1a: Piper|288\/350
|-damage|p2a: Conkeldurr|135\/362|[from] ability: Iron Barbs|[of] p1a: Piper
|
|-heal|p1a: Piper|309\/350|[from] item: Leftovers
|turn|21
|
|move|p2a: Conkeldurr|Drain Punch|p1a: Piper
|-crit|p1a: Piper
|-supereffective|p1a: Piper
|-damage|p1a: Piper|33\/350
|-heal|p2a: Conkeldurr|273\/362|[from] drain|[of] p1a: Piper
|-damage|p2a: Conkeldurr|228\/362|[from] ability: Iron Barbs|[of] p1a: Piper
|move|p1a: Piper|Leech Seed|p2a: Conkeldurr
|-start|p2a: Conkeldurr|move: Leech Seed
|
|-heal|p1a: Piper|54\/350|[from] item: Leftovers
|-damage|p2a: Conkeldurr|183\/362|[from] Leech Seed|[of] p1a: Piper
|-heal|p1a: Piper|99\/350|[silent]
|turn|22
|
|switch|p2a: Heatran|Heatran, F|385\/385
|move|p1a: Piper|Stealth Rock|p2a: Heatran
|-sidestart|p2: Gaet-Kun06|move: Stealth Rock
|
|-heal|p1a: Piper|120\/350|[from] item: Leftovers
|turn|23
|
|switch|p1a: e621|Keldeo|323\/323
|move|p2a: Heatran|Lava Plume|p1a: e621
|-resisted|p1a: e621
|-damage|p1a: e621|261\/323
|
|-heal|p1a: e621|281\/323|[from] item: Leftovers
|turn|24
|
|switch|p2a: Gastrodon|Gastrodon, M|426\/426
|-damage|p2a: Gastrodon|400\/426|[from] Stealth Rock
|move|p1a: e621|Substitute|p1a: e621
|-start|p1a: e621|Substitute
|-damage|p1a: e621|201\/323
|
|-heal|p1a: e621|221\/323|[from] item: Leftovers
|turn|25
|
|move|p1a: e621|Secret Sword|p2a: Gastrodon
|-damage|p2a: Gastrodon|250\/426
|move|p2a: Gastrodon|Earthquake|p1a: e621
|-end|p1a: e621|Substitute
|
|-heal|p1a: e621|241\/323|[from] item: Leftovers
|turn|26
|
|switch|p1a: vee|Gliscor, F|306\/354
|move|p2a: Gastrodon|Earthquake|p1a: vee
|-immune|p1a: vee|[msg]
|
|-heal|p1a: vee|328\/354|[from] item: Leftovers
|turn|27
|
|switch|p2a: Conkeldurr|Conkeldurr, M|183\/362
|-damage|p2a: Conkeldurr|161\/362|[from] Stealth Rock
|move|p1a: vee|Earthquake|p2a: Conkeldurr
|-damage|p2a: Conkeldurr|43\/362
|
|-heal|p1a: vee|350\/354|[from] item: Leftovers
|turn|28
|
|move|p1a: vee|Earthquake|p2a: Conkeldurr
|-damage|p2a: Conkeldurr|0 fnt
|faint|p2a: Conkeldurr
|
|-heal|p1a: vee|354\/354|[from] item: Leftovers
|
|switch|p2a: Deoxys-Speed|Deoxys-Speed, shiny|241\/241
|-damage|p2a: Deoxys-Speed|211\/241|[from] Stealth Rock
|-ability|p2a: Deoxys-Speed|Pressure
|turn|29
|
|switch|p1a: Morello|Sableye, F|189\/304
|move|p2a: Deoxys-Speed|Ice Beam|p1a: Morello
|-damage|p1a: Morello|59\/304
|-status|p1a: Morello|frz
|-damage|p2a: Deoxys-Speed|187\/241|[from] item: Life Orb
|
|turn|30
|join|LIAM NEES0N
|chat|LIAM NEES0N|GOOOOOOOOO
|
|switch|p1a: daya|Chansey, F|704\/704
|move|p2a: Deoxys-Speed|Thunderbolt|p1a: daya
|-damage|p1a: daya|636\/704
|-damage|p2a: Deoxys-Speed|163\/241|[from] item: Life Orb
|
|turn|31
|
|switch|p2a: Mawile|Mawile-Mega, F, shiny|303\/303
|-damage|p2a: Mawile|285\/303|[from] Stealth Rock
|move|p1a: daya|Heal Bell|p1a: daya
|-cureteam|p1a: daya|[from] move: HealBell
|
|turn|32
|
|move|p2a: Mawile|Swords Dance|p2a: Mawile
|-boost|p2a: Mawile|atk|2
|move|p1a: daya|Seismic Toss|p2a: Mawile
|-damage|p2a: Mawile|185\/303
|
|turn|33
|
|move|p2a: Mawile|Play Rough|p1a: daya
|-damage|p1a: daya|0 fnt
|faint|p1a: daya
|
|
|switch|p1a: vee|Gliscor, F|354\/354
|turn|34
|
|move|p1a: vee|Earthquake|p2a: Mawile
|-supereffective|p2a: Mawile
|-damage|p2a: Mawile|0 fnt
|faint|p2a: Mawile
|
|
|switch|p2a: Deoxys-Speed|Deoxys-Speed, shiny|163\/241
|-damage|p2a: Deoxys-Speed|133\/241|[from] Stealth Rock
|-ability|p2a: Deoxys-Speed|Pressure
|turn|35
|
|switch|p1a: tegan|Gothitelle, F|163\/301
|move|p2a: Deoxys-Speed|Ice Beam|p1a: tegan
|-damage|p1a: tegan|62\/301
|-damage|p2a: Deoxys-Speed|109\/241|[from] item: Life Orb
|
|-heal|p1a: tegan|80\/301|[from] item: Leftovers
|turn|36
|
|move|p2a: Deoxys-Speed|Ice Beam|p1a: tegan
|-damage|p1a: tegan|0 fnt
|-damage|p2a: Deoxys-Speed|85\/241|[from] item: Life Orb
|faint|p1a: tegan
|
|
|switch|p1a: Morello|Sableye, F|59\/304
|turn|37
|
|switch|p2a: Heatran|Heatran, F|385\/385
|-damage|p2a: Heatran|337\/385|[from] Stealth Rock
|move|p1a: Morello|Recover|p1a: Morello
|-heal|p1a: Morello|211\/304
|
|-heal|p2a: Heatran|361\/385|[from] item: Leftovers
|turn|38
|
|switch|p1a: Piper|Ferrothorn, F|120\/350
|move|p2a: Heatran|Lava Plume|p1a: Piper
|-crit|p1a: Piper
|-supereffective|p1a: Piper
|-damage|p1a: Piper|0 fnt
|faint|p1a: Piper
|
|-heal|p2a: Heatran|385\/385|[from] item: Leftovers
|
|switch|p1a: e621|Keldeo|241\/323
|turn|39
|
|move|p1a: e621|Secret Sword|p2a: Heatran
|-supereffective|p2a: Heatran
|-damage|p2a: Heatran|73\/385
|move|p2a: Heatran|Earth Power|p1a: e621
|-damage|p1a: e621|151\/323
|
|-heal|p1a: e621|171\/323|[from] item: Leftovers
|-heal|p2a: Heatran|97\/385|[from] item: Leftovers
|turn|40
|
|move|p1a: e621|Secret Sword|p2a: Heatran
|-supereffective|p2a: Heatran
|-damage|p2a: Heatran|0 fnt
|faint|p2a: Heatran
|
|-heal|p1a: e621|191\/323|[from] item: Leftovers
|
|switch|p2a: Deoxys-Speed|Deoxys-Speed, shiny|85\/241
|-damage|p2a: Deoxys-Speed|55\/241|[from] Stealth Rock
|-ability|p2a: Deoxys-Speed|Pressure
|turn|41
|
|switch|p1a: Morello|Sableye, F|211\/304
|move|p2a: Deoxys-Speed|Thunderbolt|p1a: Morello
|-damage|p1a: Morello|93\/304
|-status|p1a: Morello|par
|-damage|p2a: Deoxys-Speed|31\/241|[from] item: Life Orb
|
|turn|42
|chat|lil manaphy|stop that
|
|move|p1a: Morello|Recover|p1a: Morello
|-heal|p1a: Morello|245\/304 par
|move|p2a: Deoxys-Speed|Thunderbolt|p1a: Morello
|-damage|p1a: Morello|116\/304 par
|-damage|p2a: Deoxys-Speed|7\/241|[from] item: Life Orb
|
|turn|43
|
|move|p1a: Morello|Recover|p1a: Morello
|-heal|p1a: Morello|268\/304 par
|move|p2a: Deoxys-Speed|Thunderbolt|p1a: Morello
|-damage|p1a: Morello|152\/304 par
|-damage|p2a: Deoxys-Speed|0 fnt|[from] item: Life Orb
|faint|p2a: Deoxys-Speed
|
|
|switch|p2a: Gastrodon|Gastrodon, M|250\/426
|-damage|p2a: Gastrodon|224\/426|[from] Stealth Rock
|turn|44
|
|move|p1a: Morello|Will-O-Wisp|p2a: Gastrodon
|-status|p2a: Gastrodon|brn
|move|p2a: Gastrodon|Scald|p1a: Morello
|-damage|p1a: Morello|61\/304 par
|
|-damage|p2a: Gastrodon|171\/426 brn|[from] brn
|turn|45
|
|move|p1a: Morello|Recover|p1a: Morello
|-heal|p1a: Morello|213\/304 par
|move|p2a: Gastrodon|Scald|p1a: Morello
|-damage|p1a: Morello|117\/304 par
|
|-damage|p2a: Gastrodon|118\/426 brn|[from] brn
|turn|46
|
|move|p1a: Morello|Recover|p1a: Morello
|-heal|p1a: Morello|269\/304 par
|move|p2a: Gastrodon|Scald|p1a: Morello
|-damage|p1a: Morello|161\/304 par
|
|-damage|p2a: Gastrodon|65\/426 brn|[from] brn
|turn|47
|
|switch|p1a: e621|Keldeo|191\/323
|move|p2a: Gastrodon|Scald|p1a: e621
|-resisted|p1a: e621
|-damage|p1a: e621|144\/323
|
|-heal|p1a: e621|164\/323|[from] item: Leftovers
|-damage|p2a: Gastrodon|12\/426 brn|[from] brn
|turn|48
|
|move|p1a: e621|Secret Sword|p2a: Gastrodon
|-damage|p2a: Gastrodon|0 fnt
|faint|p2a: Gastrodon
|
|win|lil manaphy
|raw|Ladder updating...
|raw|lil manaphy's rating: 1927 &rarr; <strong>1936<\/strong><br \/>(+9 for winning)
|raw|Gaet-Kun06's rating: 1691 &rarr; <strong>1683<\/strong><br \/>(-8 for losing)