|join|Sucker Lunch
|join|Gaet-Kun06
|player|p1|Sucker Lunch|101
|player|p2|Gaet-Kun06|163
|gametype|singles
|gen|6
|tier|OU
|rated
|clearpoke
|poke|p1|Pinsir, M, shiny
|poke|p1|Tyranitar, M
|poke|p1|Deoxys-Speed
|poke|p1|Rotom-Wash, shiny
|poke|p1|Garchomp, M, shiny
|poke|p1|Excadrill, M
|poke|p2|Mawile, F, shiny
|poke|p2|Azumarill, M
|poke|p2|Rotom-Wash
|poke|p2|Landorus, M
|poke|p2|Heatran, F
|poke|p2|Mandibuzz, F
|rule|Sleep Clause Mod: Limit one foe put to sleep
|rule|Species Clause: Limit one of each Pokemon
|rule|OHKO Clause: OHKO moves are banned
|rule|Moody Clause: Moody is banned
|rule|Evasion Moves Clause: Evasion moves are banned
|rule|Endless Battle Clause: Forcing endless battles is banned.
|rule|HP Percentage Mod: HP is reported as percentages
|teampreview
|
|start
|switch|p1a: Dragon Trash|Garchomp, M, shiny|357\/357
|switch|p2a: Mawile|Mawile, F, shiny|304\/304
|-ability|p2a: Mawile|Intimidate|[of] p1a: Dragon Trash
|-unboost|p1a: Dragon Trash|atk|1
|turn|1
|
|switch|p2a: Rotom-Wash|Rotom-Wash|304\/304
|move|p1a: Dragon Trash|Earthquake|p2a: Rotom-Wash
|-immune|p2a: Rotom-Wash|[msg]
|
|turn|2
|
|switch|p1a: Pivot Trash|Rotom-Wash, shiny|304\/304
|move|p2a: Rotom-Wash|Will-O-Wisp|p1a: Pivot Trash|[miss]
|-miss|p2a: Rotom-Wash|p1a: Pivot Trash
|
|turn|3
|
|move|p1a: Pivot Trash|Hydro Pump|p2a: Rotom-Wash
|-resisted|p2a: Rotom-Wash
|-damage|p2a: Rotom-Wash|245\/304
|move|p2a: Rotom-Wash|Will-O-Wisp|p1a: Pivot Trash
|-status|p1a: Pivot Trash|brn
|
|-heal|p2a: Rotom-Wash|264\/304|[from] item: Leftovers
|-damage|p1a: Pivot Trash|266\/304 brn|[from] brn
|turn|4
|
|move|p1a: Pivot Trash|Will-O-Wisp|p2a: Rotom-Wash
|-status|p2a: Rotom-Wash|brn
|move|p2a: Rotom-Wash|Volt Switch|p1a: Pivot Trash
|-crit|p1a: Pivot Trash
|-damage|p1a: Pivot Trash|149\/304 brn
|
|switch|p2a: Landorus|Landorus, M|320\/320
|
|-heal|p1a: Pivot Trash|168\/304 brn|[from] item: Leftovers
|-damage|p1a: Pivot Trash|130\/304 brn|[from] brn
|turn|5
|
|switch|p1a: Dragon Trash|Garchomp, M, shiny|357\/357
|move|p2a: Landorus|Psychic|p1a: Dragon Trash
|-crit|p1a: Dragon Trash
|-damage|p1a: Dragon Trash|32\/357
|
|turn|6
|chat|Gaet-Kun06|sorry
|
|switch|p2a: Rotom-Wash|Rotom-Wash|264\/304 brn
|move|p1a: Dragon Trash|Stealth Rock|p2a: Rotom-Wash
|-sidestart|p2: Gaet-Kun06|move: Stealth Rock
|
|-heal|p2a: Rotom-Wash|283\/304 brn|[from] item: Leftovers
|-damage|p2a: Rotom-Wash|245\/304 brn|[from] brn
|turn|7
|
|move|p1a: Dragon Trash|Outrage|p2a: Rotom-Wash
|-damage|p2a: Rotom-Wash|106\/304 brn
|move|p2a: Rotom-Wash|Will-O-Wisp|p1a: Dragon Trash
|-status|p1a: Dragon Trash|brn
|
|-heal|p2a: Rotom-Wash|125\/304 brn|[from] item: Leftovers
|-damage|p1a: Dragon Trash|0 fnt|[from] brn
|-damage|p2a: Rotom-Wash|87\/304 brn|[from] brn
|faint|p1a: Dragon Trash
|
|switch|p1a: Sweeperella|Pinsir, M, shiny|271\/271
|turn|8
|
|detailschange|p1a: Sweeperella|Pinsir-Mega, M, shiny
|message|Pinsir has Mega Evolved into Mega Pinsir!
|move|p1a: Sweeperella|Return|p2a: Rotom-Wash
|-resisted|p2a: Rotom-Wash
|-damage|p2a: Rotom-Wash|0 fnt
|faint|p2a: Rotom-Wash
|
|
|switch|p2a: Mawile|Mawile, F, shiny|304\/304
|-damage|p2a: Mawile|285\/304|[from] Stealth Rock
|-ability|p2a: Mawile|Intimidate|[of] p1a: Sweeperella
|-unboost|p1a: Sweeperella|atk|1
|turn|9
|
|switch|p1a: Big Trash|Tyranitar, M|391\/391
|-weather|Sandstorm
|detailschange|p2a: Mawile|Mawile-Mega, F, shiny
|message|Mawile has Mega Evolved into Mega Mawile!
|move|p2a: Mawile|Play Rough|p1a: Big Trash
|-supereffective|p1a: Big Trash
|-damage|p1a: Big Trash|0 fnt
|faint|p1a: Big Trash
|
|-weather|Sandstorm|[upkeep]
|
|switch|p1a: Pivot Trash|Rotom-Wash, shiny|130\/304 brn
|turn|10
|
|switch|p2a: Heatran|Heatran, F|386\/386
|-damage|p2a: Heatran|338\/386|[from] Stealth Rock
|move|p1a: Pivot Trash|Hydro Pump|p2a: Heatran
|-supereffective|p2a: Heatran
|-damage|p2a: Heatran|144\/386
|
|-weather|Sandstorm|[upkeep]
|-damage|p1a: Pivot Trash|111\/304 brn|[from] sandstorm
|-heal|p1a: Pivot Trash|130\/304 brn|[from] item: Leftovers
|-heal|p2a: Heatran|168\/386|[from] item: Leftovers
|-damage|p1a: Pivot Trash|92\/304 brn|[from] brn
|turn|11
|
|move|p1a: Pivot Trash|Hydro Pump|p2a: Heatran
|-supereffective|p2a: Heatran
|-damage|p2a: Heatran|0 fnt
|faint|p2a: Heatran
|
|-weather|Sandstorm|[upkeep]
|-damage|p1a: Pivot Trash|73\/304 brn|[from] sandstorm
|-heal|p1a: Pivot Trash|92\/304 brn|[from] item: Leftovers
|-damage|p1a: Pivot Trash|54\/304 brn|[from] brn
|
|switch|p2a: Mandibuzz|Mandibuzz, F|424\/424
|-damage|p2a: Mandibuzz|318\/424|[from] Stealth Rock
|turn|12
|
|move|p1a: Pivot Trash|Will-O-Wisp|p2a: Mandibuzz
|-status|p2a: Mandibuzz|brn
|move|p2a: Mandibuzz|Defog|p1a: Pivot Trash
|-unboost|p1a: Pivot Trash|evasion|1
|-sideend|p2: Gaet-Kun06|Stealth Rock|[from] move: Defog|[of] p2a: Mandibuzz
|
|-weather|Sandstorm|[upkeep]
|-damage|p1a: Pivot Trash|35\/304 brn|[from] sandstorm
|-heal|p1a: Pivot Trash|54\/304 brn|[from] item: Leftovers
|-heal|p2a: Mandibuzz|344\/424 brn|[from] item: Leftovers
|-damage|p1a: Pivot Trash|16\/304 brn|[from] brn
|-damage|p2a: Mandibuzz|291\/424 brn|[from] brn
|turn|13
|
|move|p1a: Pivot Trash|Pain Split|p2a: Mandibuzz
|-sethp|p2a: Mandibuzz|153\/424 brn|p1a: Pivot Trash|153\/304 brn|[from] move: Pain Split
|move|p2a: Mandibuzz|Roost|p2a: Mandibuzz
|-heal|p2a: Mandibuzz|365\/424 brn
|
|-weather|none
|-heal|p1a: Pivot Trash|172\/304 brn|[from] item: Leftovers
|-heal|p2a: Mandibuzz|391\/424 brn|[from] item: Leftovers
|-damage|p1a: Pivot Trash|134\/304 brn|[from] brn
|-damage|p2a: Mandibuzz|338\/424 brn|[from] brn
|turn|14
|
|move|p1a: Pivot Trash|Pain Split|p2a: Mandibuzz
|-sethp|p2a: Mandibuzz|236\/424 brn|p1a: Pivot Trash|236\/304 brn|[from] move: Pain Split
|move|p2a: Mandibuzz|Foul Play|p1a: Pivot Trash
|-damage|p1a: Pivot Trash|209\/304 brn
|
|-heal|p1a: Pivot Trash|228\/304 brn|[from] item: Leftovers
|-heal|p2a: Mandibuzz|262\/424 brn|[from] item: Leftovers
|-damage|p1a: Pivot Trash|190\/304 brn|[from] brn
|-damage|p2a: Mandibuzz|209\/424 brn|[from] brn
|turn|15
|
|move|p1a: Pivot Trash|Pain Split|p2a: Mandibuzz
|-sethp|p2a: Mandibuzz|199\/424 brn|p1a: Pivot Trash|199\/304 brn|[from] move: Pain Split
|move|p2a: Mandibuzz|Foul Play|p1a: Pivot Trash
|-damage|p1a: Pivot Trash|174\/304 brn
|
|-heal|p1a: Pivot Trash|193\/304 brn|[from] item: Leftovers
|-heal|p2a: Mandibuzz|225\/424 brn|[from] item: Leftovers
|-damage|p1a: Pivot Trash|155\/304 brn|[from] brn
|-damage|p2a: Mandibuzz|172\/424 brn|[from] brn
|turn|16
|
|move|p1a: Pivot Trash|Pain Split|p2a: Mandibuzz
|-sethp|p2a: Mandibuzz|163\/424 brn|p1a: Pivot Trash|163\/304 brn|[from] move: Pain Split
|move|p2a: Mandibuzz|Foul Play|p1a: Pivot Trash
|-crit|p1a: Pivot Trash
|-damage|p1a: Pivot Trash|124\/304 brn
|
|-heal|p1a: Pivot Trash|143\/304 brn|[from] item: Leftovers
|-heal|p2a: Mandibuzz|189\/424 brn|[from] item: Leftovers
|-damage|p1a: Pivot Trash|105\/304 brn|[from] brn
|-damage|p2a: Mandibuzz|136\/424 brn|[from] brn
|turn|17
|
|move|p1a: Pivot Trash|Pain Split|p2a: Mandibuzz
|-sethp|p2a: Mandibuzz|120\/424 brn|p1a: Pivot Trash|120\/304 brn|[from] move: Pain Split
|move|p2a: Mandibuzz|Foul Play|p1a: Pivot Trash
|-damage|p1a: Pivot Trash|95\/304 brn
|
|-heal|p1a: Pivot Trash|114\/304 brn|[from] item: Leftovers
|-heal|p2a: Mandibuzz|146\/424 brn|[from] item: Leftovers
|-damage|p1a: Pivot Trash|76\/304 brn|[from] brn
|-damage|p2a: Mandibuzz|93\/424 brn|[from] brn
|turn|18
|
|move|p1a: Pivot Trash|Pain Split|p2a: Mandibuzz
|-sethp|p2a: Mandibuzz|84\/424 brn|p1a: Pivot Trash|84\/304 brn|[from] move: Pain Split
|move|p2a: Mandibuzz|Foul Play|p1a: Pivot Trash
|-damage|p1a: Pivot Trash|60\/304 brn
|
|-heal|p1a: Pivot Trash|79\/304 brn|[from] item: Leftovers
|-heal|p2a: Mandibuzz|110\/424 brn|[from] item: Leftovers
|-damage|p1a: Pivot Trash|41\/304 brn|[from] brn
|-damage|p2a: Mandibuzz|57\/424 brn|[from] brn
|turn|19
|
|move|p1a: Pivot Trash|Volt Switch|p2a: Mandibuzz
|-supereffective|p2a: Mandibuzz
|-damage|p2a: Mandibuzz|0 fnt
|faint|p2a: Mandibuzz
|
|switch|p1a: Sweeperella|Pinsir-Mega, M, shiny|271\/271
|
|
|switch|p2a: Azumarill|Azumarill, M|404\/404
|turn|20
|
|switch|p1a: Pivot Trash|Rotom-Wash, shiny|41\/304 brn
|move|p2a: Azumarill|Play Rough|p1a: Pivot Trash
|-damage|p1a: Pivot Trash|0 fnt
|faint|p1a: Pivot Trash
|
|
|switch|p1a: Spinning Trash|Excadrill, M|361\/361
|-item|p1a: Spinning Trash|Air Balloon
|turn|21
|
|move|p1a: Spinning Trash|Iron Head|p2a: Azumarill
|-damage|p2a: Azumarill|205\/404
|cant|p2a: Azumarill|flinch
|
|turn|22
|
|move|p1a: Spinning Trash|Iron Head|p2a: Azumarill
|-damage|p2a: Azumarill|9\/404
|move|p2a: Azumarill|Play Rough|p1a: Spinning Trash
|-resisted|p1a: Spinning Trash
|-damage|p1a: Spinning Trash|153\/361
|-enditem|p1a: Spinning Trash|Air Balloon
|
|turn|23
|
|switch|p2a: Landorus|Landorus, M|320\/320
|move|p1a: Spinning Trash|Iron Head|p2a: Landorus
|-damage|p2a: Landorus|133\/320
|
|turn|24
|
|switch|p1a: Fast Trash|Deoxys-Speed|241\/241
|-ability|p1a: Fast Trash|Pressure
|move|p2a: Landorus|Earth Power|p1a: Fast Trash
|-damage|p1a: Fast Trash|0 fnt
|faint|p1a: Fast Trash
|
|
|switch|p1a: Sweeperella|Pinsir-Mega, M, shiny|271\/271
|turn|25
|
|move|p1a: Sweeperella|Return|p2a: Landorus
|-damage|p2a: Landorus|0 fnt
|faint|p2a: Landorus
|
|
|switch|p2a: Mawile|Mawile-Mega, F, shiny|285\/304
|turn|26
|
|move|p2a: Mawile|Sucker Punch|p1a: Sweeperella
|-fail|p1a: Sweeperella
|move|p1a: Sweeperella|Swords Dance|p1a: Sweeperella
|-boost|p1a: Sweeperella|atk|2
|
|turn|27
|
|move|p2a: Mawile|Sucker Punch|p1a: Sweeperella
|-damage|p1a: Sweeperella|123\/271
|move|p1a: Sweeperella|Earthquake|p2a: Mawile
|-supereffective|p2a: Mawile
|-damage|p2a: Mawile|0 fnt
|faint|p2a: Mawile
|
|chat|Sucker Lunch|gg
|
|switch|p2a: Azumarill|Azumarill, M|9\/404
|turn|28
|chat|Gaet-Kun06|yes
|chat|Sucker Lunch|that all came down to 50\/50
|
|move|p1a: Sweeperella|Quick Attack|p2a: Azumarill
|-damage|p2a: Azumarill|0 fnt
|faint|p2a: Azumarill
|
|win|Sucker Lunch
|raw|Ladder updating...
|raw|Sucker Lunch's rating: 1783 &rarr; <strong>1796<\/strong><br \/>(+13 for winning)
|raw|Gaet-Kun06's rating: 1644 &rarr; <strong>1632<\/strong><br \/>(-12 for losing)
|chat|Gaet-Kun06|it was a good match
|chat|Sucker Lunch|very good
|leave|Gaet-Kun06
|player|p2