|join|Gaet-Kun06
|join|Nyhita
|player|p1|Gaet-Kun06|163
|player|p2|Nyhita|161
|gametype|singles
|gen|6
|tier|OU
|rated
|clearpoke
|poke|p1|Greninja, F
|poke|p1|Landorus, M
|poke|p1|Venusaur, F
|poke|p1|Bisharp, F
|poke|p1|Excadrill, M
|poke|p1|Heatran, M
|poke|p2|Rhyperior, F
|poke|p2|Tyranitar, F, shiny
|poke|p2|Scizor, M, shiny
|poke|p2|Breloom, M
|poke|p2|Heatran, M
|poke|p2|Latios, M
|rule|Swagger Clause: Swagger is banned
|rule|Baton Pass Clause: Limit one PokÃ©mon knowing Baton Pass
|rule|Sleep Clause Mod: Limit one foe put to sleep
|rule|Species Clause: Limit one of each PokÃ©mon
|rule|OHKO Clause: OHKO moves are banned
|rule|Moody Clause: Moody is banned
|rule|Evasion Moves Clause: Evasion moves are banned
|rule|Endless Battle Clause: Forcing endless battles is banned
|rule|HP Percentage Mod: HP is reported as percentages
|teampreview
|
|start
|switch|p1a: Venusaur|Venusaur, F|364\/364
|switch|p2a: ShroomThreat|Breloom, M|262\/262
|turn|1
|
|switch|p2a: Lavaster|Heatran, M|323\/323
|detailschange|p1a: Venusaur|Venusaur-Mega, F
|message|Venusaur has Mega Evolved into Mega Venusaur!
|move|p1a: Venusaur|Hidden Power|p2a: Lavaster
|-start|p2a: Lavaster|ability: Flash Fire
|
|turn|2
|chat|Nyhita|thank you
|
|move|p1a: Venusaur|Leech Seed|p2a: Lavaster
|-start|p2a: Lavaster|move: Leech Seed
|move|p2a: Lavaster|Earth Power|p1a: Venusaur
|-damage|p1a: Venusaur|226\/364
|
|-damage|p2a: Lavaster|283\/323|[from] Leech Seed|[of] p1a: Venusaur
|-heal|p1a: Venusaur|266\/364|[silent]
|turn|3
|
|switch|p1a: Heatran|Heatran, M|386\/386
|switch|p2a: FlightGanon!|Latios, M|302\/302
|
|turn|4
|chat|Nyhita|nice
|
|move|p2a: FlightGanon!|Thunderbolt|p1a: Heatran
|-damage|p1a: Heatran|279\/386
|-damage|p2a: FlightGanon!|272\/302|[from] item: Life Orb
|move|p1a: Heatran|Stealth Rock|p2a: FlightGanon!
|-sidestart|p2: Nyhita|move: Stealth Rock
|
|-heal|p1a: Heatran|303\/386|[from] item: Leftovers
|turn|5
|
|switch|p2a: Shukaku|Tyranitar, F, shiny|341\/341
|-damage|p2a: Shukaku|299\/341|[from] Stealth Rock
|-weather|Sandstorm
|move|p1a: Heatran|Taunt|p2a: Shukaku
|-start|p2a: Shukaku|move: Taunt
|
|-weather|Sandstorm|[upkeep]
|-heal|p1a: Heatran|327\/386|[from] item: Leftovers
|turn|6
|
|switch|p2a: Lavaster|Heatran, M|283\/323
|-damage|p2a: Lavaster|243\/323|[from] Stealth Rock
|switch|p1a: Excadrill|Excadrill, M|361\/361
|-ability|p1a: Excadrill|Mold Breaker
|-item|p1a: Excadrill|Air Balloon
|
|-weather|Sandstorm|[upkeep]
|turn|7
|
|switch|p2a: Shukaku|Tyranitar, F, shiny|299\/341
|-damage|p2a: Shukaku|257\/341|[from] Stealth Rock
|move|p1a: Excadrill|Earthquake|p2a: Shukaku
|-supereffective|p2a: Shukaku
|-damage|p2a: Shukaku|0 fnt
|faint|p2a: Shukaku
|
|-weather|Sandstorm|[upkeep]
|
|switch|p2a: B PUNCH!!!|Scizor, M, shiny|281\/281
|-damage|p2a: B PUNCH!!!|246\/281|[from] Stealth Rock
|turn|8
|
|switch|p1a: Venusaur|Venusaur-Mega, F|266\/364
|detailschange|p2a: B PUNCH!!!|Scizor-Mega, M, shiny
|message|Scizor has Mega Evolved into Mega Scizor!
|move|p2a: B PUNCH!!!|Superpower|p1a: Venusaur
|-resisted|p1a: Venusaur
|-damage|p1a: Venusaur|204\/364
|-unboost|p2a: B PUNCH!!!|atk|1
|-unboost|p2a: B PUNCH!!!|def|1
|
|-weather|Sandstorm|[upkeep]
|-damage|p1a: Venusaur|182\/364|[from] sandstorm
|turn|9
|
|switch|p2a: Lavaster|Heatran, M|243\/323
|-damage|p2a: Lavaster|203\/323|[from] Stealth Rock
|move|p1a: Venusaur|Leech Seed|p2a: Lavaster
|-start|p2a: Lavaster|move: Leech Seed
|
|-weather|none
|-damage|p2a: Lavaster|163\/323|[from] Leech Seed|[of] p1a: Venusaur
|-heal|p1a: Venusaur|222\/364|[silent]
|turn|10
|
|switch|p1a: Excadrill|Excadrill, M|361\/361
|-ability|p1a: Excadrill|Mold Breaker
|-item|p1a: Excadrill|Air Balloon
|move|p2a: Lavaster|Fire Blast|p1a: Excadrill
|-supereffective|p1a: Excadrill
|-damage|p1a: Excadrill|0 fnt
|-enditem|p1a: Excadrill|Air Balloon
|faint|p1a: Excadrill
|
|
|switch|p1a: Greninja|Greninja, F|285\/285
|turn|11
|
|move|p1a: Greninja|Surf|p2a: Lavaster
|-start|p1a: Greninja|typechange|Water|[from] Protean
|-supereffective|p2a: Lavaster
|-damage|p2a: Lavaster|0 fnt
|faint|p2a: Lavaster
|
|
|switch|p2a: ShroomThreat|Breloom, M|262\/262
|-damage|p2a: ShroomThreat|246\/262|[from] Stealth Rock
|turn|12
|chat|Nyhita|crap
|
|move|p2a: ShroomThreat|Bullet Seed|p1a: Greninja
|-supereffective|p1a: Greninja
|-damage|p1a: Greninja|91\/285
|-supereffective|p1a: Greninja
|-damage|p1a: Greninja|0 fnt
|-hitcount|p1a: Greninja|2
|faint|p1a: Greninja
|
|
|switch|p1a: Bisharp|Bisharp, F|271\/271
|turn|13
|
|switch|p2a: B PUNCH!!!|Scizor-Mega, M, shiny|246\/281
|-damage|p2a: B PUNCH!!!|211\/281|[from] Stealth Rock
|move|p1a: Bisharp|Swords Dance|p1a: Bisharp
|-boost|p1a: Bisharp|atk|2
|
|turn|14
|
|move|p1a: Bisharp|Knock Off|p2a: B PUNCH!!!
|-damage|p2a: B PUNCH!!!|11\/281
|-damage|p1a: Bisharp|244\/271|[from] item: Life Orb
|move|p2a: B PUNCH!!!|Superpower|p1a: Bisharp
|-supereffective|p1a: Bisharp
|-damage|p1a: Bisharp|0 fnt
|-unboost|p2a: B PUNCH!!!|atk|1
|-unboost|p2a: B PUNCH!!!|def|1
|faint|p1a: Bisharp
|
|
|switch|p1a: Venusaur|Venusaur-Mega, F|222\/364
|turn|15
|
|move|p1a: Venusaur|Hidden Power|p2a: B PUNCH!!!
|-supereffective|p2a: B PUNCH!!!
|-damage|p2a: B PUNCH!!!|0 fnt
|faint|p2a: B PUNCH!!!
|
|
|switch|p2a: FlightGanon!|Latios, M|272\/302
|-damage|p2a: FlightGanon!|235\/302|[from] Stealth Rock
|turn|16
|
|switch|p1a: Heatran|Heatran, M|327\/386
|move|p2a: FlightGanon!|Psyshock|p1a: Heatran
|-resisted|p1a: Heatran
|-damage|p1a: Heatran|241\/386
|-damage|p2a: FlightGanon!|205\/302|[from] item: Life Orb
|
|-heal|p1a: Heatran|265\/386|[from] item: Leftovers
|turn|17
|
|switch|p2a: ShroomThreat|Breloom, M|246\/262
|-damage|p2a: ShroomThreat|230\/262|[from] Stealth Rock
|move|p1a: Heatran|Lava Plume|p2a: ShroomThreat
|-supereffective|p2a: ShroomThreat
|-damage|p2a: ShroomThreat|0 fnt
|faint|p2a: ShroomThreat
|
|-heal|p1a: Heatran|289\/386|[from] item: Leftovers
|
|switch|p2a: Rhyfight|Rhyperior, F|372\/372
|-damage|p2a: Rhyfight|349\/372|[from] Stealth Rock
|turn|18
|
|move|p1a: Heatran|Earth Power|p2a: Rhyfight
|-supereffective|p2a: Rhyfight
|-damage|p2a: Rhyfight|138\/372
|-enditem|p2a: Rhyfight|Weakness Policy
|-boost|p2a: Rhyfight|atk|2|[from] item: Weakness Policy
|-boost|p2a: Rhyfight|spa|2|[from] item: Weakness Policy
|move|p2a: Rhyfight|Rock Polish|p2a: Rhyfight
|-boost|p2a: Rhyfight|spe|2
|
|-heal|p1a: Heatran|313\/386|[from] item: Leftovers
|turn|19
|
|move|p2a: Rhyfight|Earthquake|p1a: Heatran
|-supereffective|p1a: Heatran
|-damage|p1a: Heatran|0 fnt
|faint|p1a: Heatran
|
|
|switch|p1a: Landorus|Landorus, M|319\/319
|turn|20
|chat|Nyhita|gg
|
|move|p2a: Rhyfight|Ice Punch|p1a: Landorus
|-supereffective|p1a: Landorus
|-damage|p1a: Landorus|0 fnt
|faint|p1a: Landorus
|
|
|switch|p1a: Venusaur|Venusaur-Mega, F|222\/364
|turn|21
|
|move|p2a: Rhyfight|Earthquake|p1a: Venusaur
|-damage|p1a: Venusaur|0 fnt
|faint|p1a: Venusaur
|
|win|Nyhita
|raw|Ladder updating...
|raw|Gaet-Kun06's rating: 1626 &rarr; <strong>1604<\/strong><br \/>(-22 for losing)
|raw|Nyhita's rating: 1590 &rarr; <strong>1612<\/strong><br \/>(+22 for winning)
|leave|Gaet-Kun06
|player|p1