|join|alt iehor
|join|Gaet-Kun06
|player|p1|alt iehor|266
|player|p2|Gaet-Kun06|163
|gametype|singles
|gen|6
|tier|OU
|rated
|clearpoke
|poke|p1|Deoxys-Speed
|poke|p1|Aegislash, F
|poke|p1|Bisharp, M
|poke|p1|Keldeo
|poke|p1|Garchomp, M
|poke|p1|Pinsir, M
|poke|p2|Donphan, M, shiny
|poke|p2|Charizard, M
|poke|p2|Ferrothorn, F
|poke|p2|Azumarill, F
|poke|p2|Rotom-Wash
|poke|p2|Landorus, M
|rule|Sleep Clause Mod: Limit one foe put to sleep
|rule|Species Clause: Limit one of each Pokemon
|rule|OHKO Clause: OHKO moves are banned
|rule|Moody Clause: Moody is banned
|rule|Evasion Moves Clause: Evasion moves are banned
|rule|Endless Battle Clause: Forcing endless battles is banned.
|rule|HP Percentage Mod: HP is reported as percentages
|teampreview
|
|start
|switch|p1a: Deoxys-Speed|Deoxys-Speed|241\/241
|switch|p2a: Kurosatsu|Rotom-Wash|304\/304
|-ability|p1a: Deoxys-Speed|Pressure
|turn|1
|
|move|p1a: Deoxys-Speed|Stealth Rock|p2a: Kurosatsu
|-sidestart|p2: Gaet-Kun06|move: Stealth Rock
|move|p2a: Kurosatsu|Volt Switch|p1a: Deoxys-Speed
|-damage|p1a: Deoxys-Speed|135\/241
|
|switch|p2a: Pop#Green|Ferrothorn, F|352\/352
|-damage|p2a: Pop#Green|330\/352|[from] Stealth Rock
|
|-heal|p2a: Pop#Green|352\/352|[from] item: Leftovers
|turn|2
|
|move|p1a: Deoxys-Speed|Spikes|p2a: Pop#Green
|-sidestart|p2: Gaet-Kun06|Spikes
|move|p2a: Pop#Green|Stealth Rock|p1a: Deoxys-Speed
|-sidestart|p1: alt iehor|move: Stealth Rock
|
|turn|3
|
|switch|p2a: Masamune2|Donphan, M, shiny|384\/384
|-damage|p2a: Masamune2|360\/384|[from] Stealth Rock
|-damage|p2a: Masamune2|312\/384|[from] Spikes
|move|p1a: Deoxys-Speed|Superpower|p2a: Masamune2
|-damage|p2a: Masamune2|252\/384
|-unboost|p1a: Deoxys-Speed|atk|1
|-unboost|p1a: Deoxys-Speed|def|1
|
|-heal|p2a: Masamune2|276\/384|[from] item: Leftovers
|turn|4
|
|move|p1a: Deoxys-Speed|Psycho Boost|p2a: Masamune2|[miss]
|-miss|p1a: Deoxys-Speed|p2a: Masamune2
|move|p2a: Masamune2|Earthquake|p1a: Deoxys-Speed
|-damage|p1a: Deoxys-Speed|0 fnt
|faint|p1a: Deoxys-Speed
|
|-heal|p2a: Masamune2|300\/384|[from] item: Leftovers
|
|switch|p1a: Keldeo|Keldeo|323\/323
|-damage|p1a: Keldeo|303\/323|[from] Stealth Rock
|turn|5
|
|switch|p2a: Pop#Green|Ferrothorn, F|352\/352
|-damage|p2a: Pop#Green|308\/352|[from] Spikes
|-damage|p2a: Pop#Green|286\/352|[from] Stealth Rock
|move|p1a: Keldeo|Scald|p2a: Pop#Green
|-resisted|p2a: Pop#Green
|-damage|p2a: Pop#Green|202\/352
|
|-heal|p2a: Pop#Green|224\/352|[from] item: Leftovers
|turn|6
|
|move|p1a: Keldeo|Scald|p2a: Pop#Green
|-resisted|p2a: Pop#Green
|-damage|p2a: Pop#Green|137\/352
|-status|p2a: Pop#Green|brn
|move|p2a: Pop#Green|Leech Seed|p1a: Keldeo
|-start|p1a: Keldeo|move: Leech Seed
|
|-heal|p2a: Pop#Green|159\/352 brn|[from] item: Leftovers
|-damage|p1a: Keldeo|263\/323|[from] Leech Seed|[of] p2a: Pop#Green
|-heal|p2a: Pop#Green|199\/352 brn|[silent]
|-damage|p2a: Pop#Green|155\/352 brn|[from] brn
|turn|7
|
|switch|p1a: Aegislash|Aegislash, F|321\/321
|-damage|p1a: Aegislash|301\/321|[from] Stealth Rock
|move|p2a: Pop#Green|Leech Seed|p1a: Aegislash
|-start|p1a: Aegislash|move: Leech Seed
|
|-heal|p1a: Aegislash|321\/321|[from] item: Leftovers
|-heal|p2a: Pop#Green|177\/352 brn|[from] item: Leftovers
|-damage|p1a: Aegislash|281\/321|[from] Leech Seed|[of] p2a: Pop#Green
|-heal|p2a: Pop#Green|217\/352 brn|[silent]
|-damage|p2a: Pop#Green|173\/352 brn|[from] brn
|turn|8
|
|switch|p2a: Kurosatsu|Rotom-Wash|304\/304
|-damage|p2a: Kurosatsu|266\/304|[from] Stealth Rock
|-formechange|p1a: Aegislash|Aegislash-Blade
|move|p1a: Aegislash|Shadow Ball|p2a: Kurosatsu
|-damage|p2a: Kurosatsu|139\/304
|
|-heal|p2a: Kurosatsu|158\/304|[from] item: Leftovers
|-heal|p1a: Aegislash|301\/321|[from] item: Leftovers
|-damage|p1a: Aegislash|261\/321|[from] Leech Seed|[of] p2a: Kurosatsu
|-heal|p2a: Kurosatsu|198\/304|[silent]
|turn|9
|
|move|p2a: Kurosatsu|Will-O-Wisp|p1a: Aegislash|[miss]
|-miss|p2a: Kurosatsu|p1a: Aegislash
|move|p1a: Aegislash|Shadow Ball|p2a: Kurosatsu
|-crit|p2a: Kurosatsu
|-damage|p2a: Kurosatsu|33\/304
|
|-heal|p2a: Kurosatsu|52\/304|[from] item: Leftovers
|-heal|p1a: Aegislash|281\/321|[from] item: Leftovers
|-damage|p1a: Aegislash|241\/321|[from] Leech Seed|[of] p2a: Kurosatsu
|-heal|p2a: Kurosatsu|92\/304|[silent]
|turn|10
|
|move|p2a: Kurosatsu|Will-O-Wisp|p1a: Aegislash|[miss]
|-miss|p2a: Kurosatsu|p1a: Aegislash
|move|p1a: Aegislash|Shadow Ball|p2a: Kurosatsu
|-damage|p2a: Kurosatsu|0 fnt
|faint|p2a: Kurosatsu
|
|-heal|p1a: Aegislash|261\/321|[from] item: Leftovers
|
|switch|p2a: Landorus|Landorus, M|319\/319
|-damage|p2a: Landorus|280\/319|[from] Stealth Rock
|turn|11
|
|move|p2a: Landorus|Earth Power|p1a: Aegislash
|-supereffective|p1a: Aegislash
|-damage|p1a: Aegislash|0 fnt
|faint|p1a: Aegislash
|
|
|switch|p1a: Keldeo|Keldeo|263\/323
|-damage|p1a: Keldeo|243\/323|[from] Stealth Rock
|turn|12
|
|switch|p2a: Pop#Green|Ferrothorn, F|173\/352 brn
|-damage|p2a: Pop#Green|129\/352 brn|[from] Spikes
|-damage|p2a: Pop#Green|107\/352 brn|[from] Stealth Rock
|move|p1a: Keldeo|Scald|p2a: Pop#Green
|-resisted|p2a: Pop#Green
|-damage|p2a: Pop#Green|32\/352 brn
|
|-heal|p2a: Pop#Green|54\/352 brn|[from] item: Leftovers
|-damage|p2a: Pop#Green|10\/352 brn|[from] brn
|turn|13
|
|move|p1a: Keldeo|Scald|p2a: Pop#Green
|-resisted|p2a: Pop#Green
|-damage|p2a: Pop#Green|0 fnt
|faint|p2a: Pop#Green
|
|
|switch|p2a: Tenshi|Azumarill, F|404\/404
|-damage|p2a: Tenshi|354\/404|[from] Stealth Rock
|-damage|p2a: Tenshi|304\/404|[from] Spikes
|turn|14
|
|move|p1a: Keldeo|Scald|p2a: Tenshi
|-resisted|p2a: Tenshi
|-damage|p2a: Tenshi|181\/404
|move|p2a: Tenshi|Play Rough|p1a: Keldeo
|-supereffective|p1a: Keldeo
|-damage|p1a: Keldeo|0 fnt
|faint|p1a: Keldeo
|
|
|switch|p1a: Pinsir|Pinsir, M|271\/271
|-damage|p1a: Pinsir|204\/271|[from] Stealth Rock
|turn|15
|
|switch|p2a: Masamune2|Donphan, M, shiny|300\/384
|-damage|p2a: Masamune2|252\/384|[from] Spikes
|-damage|p2a: Masamune2|228\/384|[from] Stealth Rock
|detailschange|p1a: Pinsir|Pinsir-Mega, M
|message|Pinsir has Mega Evolved into Mega Pinsir!
|move|p1a: Pinsir|Frustration|p2a: Masamune2
|-damage|p2a: Masamune2|54\/384
|
|-heal|p2a: Masamune2|78\/384|[from] item: Leftovers
|turn|16
|
|move|p2a: Masamune2|Ice Shard|p1a: Pinsir
|-crit|p1a: Pinsir
|-supereffective|p1a: Pinsir
|-damage|p1a: Pinsir|106\/271
|move|p1a: Pinsir|Frustration|p2a: Masamune2
|-damage|p2a: Masamune2|0 fnt
|faint|p2a: Masamune2
|
|
|switch|p2a: Tenshi|Azumarill, F|181\/404
|-damage|p2a: Tenshi|131\/404|[from] Spikes
|-damage|p2a: Tenshi|81\/404|[from] Stealth Rock
|turn|17
|
|move|p1a: Pinsir|Quick Attack|p2a: Tenshi
|-damage|p2a: Tenshi|0 fnt
|faint|p2a: Tenshi
|
|
|switch|p2a: Landorus|Landorus, M|280\/319
|-damage|p2a: Landorus|241\/319|[from] Stealth Rock
|turn|18
|
|move|p1a: Pinsir|Frustration|p2a: Landorus
|-damage|p2a: Landorus|0 fnt
|faint|p2a: Landorus
|
|
|switch|p2a: Red's*|Charizard, M|297\/297
|-damage|p2a: Red's*|149\/297|[from] Stealth Rock
|turn|19
|
|detailschange|p2a: Red's*|Charizard-Mega-X, M
|message|Charizard has Mega Evolved into Mega Charizard!
|move|p1a: Pinsir|Frustration|p2a: Red's*
|-damage|p2a: Red's*|0 fnt
|faint|p2a: Red's*
|
|win|alt iehor
|raw|Ladder updating...
|raw|alt iehor's rating: 1782 &rarr; <strong>1795<\/strong><br \/>(+13 for winning)
|raw|Gaet-Kun06's rating: 1646 &rarr; <strong>1633<\/strong><br \/>(-13 for losing)