|join|Gaet-Kun06
|join|applei
|player|p1|Gaet-Kun06|163
|player|p2|applei|282
|gametype|singles
|gen|6
|tier|OU
|rated
|clearpoke
|poke|p1|Donphan, M, shiny
|poke|p1|Charizard, F
|poke|p1|Ferrothorn, F
|poke|p1|Azumarill, F
|poke|p1|Rotom-Wash
|poke|p1|Landorus, M
|poke|p2|Mamoswine, M
|poke|p2|Entei, shiny
|poke|p2|Venusaur, F
|poke|p2|Greninja, F
|poke|p2|Togekiss, M
|poke|p2|Kyurem-Black
|rule|Sleep Clause Mod: Limit one foe put to sleep
|rule|Species Clause: Limit one of each Pokemon
|rule|OHKO Clause: OHKO moves are banned
|rule|Moody Clause: Moody is banned
|rule|Evasion Moves Clause: Evasion moves are banned
|rule|Endless Battle Clause: Forcing endless battles is banned.
|rule|HP Percentage Mod: HP is reported as percentages
|teampreview
|
|start
|switch|p1a: Kurosatsu|Rotom-Wash|304\/304
|switch|p2a: Venusaur|Venusaur, F|364\/364
|turn|1
|
|detailschange|p2a: Venusaur|Venusaur-Mega, F
|message|Venusaur has Mega Evolved into Mega Venusaur!
|move|p1a: Kurosatsu|Will-O-Wisp|p2a: Venusaur
|-status|p2a: Venusaur|brn
|move|p2a: Venusaur|Giga Drain|p1a: Kurosatsu
|-supereffective|p1a: Kurosatsu
|-damage|p1a: Kurosatsu|94\/304
|
|-heal|p1a: Kurosatsu|113\/304|[from] item: Leftovers
|-damage|p2a: Venusaur|319\/364 brn|[from] brn
|turn|2
|
|move|p1a: Kurosatsu|Volt Switch|p2a: Venusaur
|-resisted|p2a: Venusaur
|-damage|p2a: Venusaur|281\/364 brn
|
|switch|p1a: Red's*|Charizard, F|297\/297
|move|p2a: Venusaur|Sleep Powder|p1a: Red's*
|-status|p1a: Red's*|slp
|
|-damage|p2a: Venusaur|236\/364 brn|[from] brn
|turn|3
|
|switch|p1a: Pop#Green|Ferrothorn, F|352\/352
|move|p2a: Venusaur|Leech Seed|p1a: Pop#Green
|-immune|p1a: Pop#Green|[msg]
|
|-damage|p2a: Venusaur|191\/364 brn|[from] brn
|turn|4
|
|move|p2a: Venusaur|Hidden Power|p1a: Pop#Green
|-supereffective|p1a: Pop#Green
|-damage|p1a: Pop#Green|128\/352
|move|p1a: Pop#Green|Thunder Wave|p2a: Venusaur
|-fail|p2a: Venusaur
|
|-heal|p1a: Pop#Green|150\/352|[from] item: Leftovers
|-damage|p2a: Venusaur|146\/364 brn|[from] brn
|turn|5
|
|switch|p2a: Greninja|Greninja, F|286\/286
|move|p1a: Pop#Green|Stealth Rock|p2a: Greninja
|-sidestart|p2: applei|move: Stealth Rock
|
|-heal|p1a: Pop#Green|172\/352|[from] item: Leftovers
|turn|6
|
|switch|p2a: Venusaur|Venusaur-Mega, F|146\/364 brn
|-damage|p2a: Venusaur|101\/364 brn|[from] Stealth Rock
|move|p1a: Pop#Green|Thunder Wave|p2a: Venusaur
|-fail|p2a: Venusaur
|
|-heal|p1a: Pop#Green|194\/352|[from] item: Leftovers
|-damage|p2a: Venusaur|56\/364 brn|[from] brn
|turn|7
|
|switch|p1a: Landorus|Landorus, M|319\/319
|move|p2a: Venusaur|Giga Drain|p1a: Landorus
|-damage|p1a: Landorus|118\/319
|-heal|p2a: Venusaur|157\/364 brn|[from] drain|[of] p1a: Landorus
|
|-damage|p2a: Venusaur|112\/364 brn|[from] brn
|turn|8
|
|move|p1a: Landorus|Psychic|p2a: Venusaur
|-crit|p2a: Venusaur
|-supereffective|p2a: Venusaur
|-damage|p2a: Venusaur|0 fnt
|faint|p2a: Venusaur
|
|
|switch|p2a: Togekiss|Togekiss, M|312\/312
|-damage|p2a: Togekiss|234\/312|[from] Stealth Rock
|turn|9
|
|move|p2a: Togekiss|Air Slash|p1a: Landorus
|-damage|p1a: Landorus|0 fnt
|faint|p1a: Landorus
|
|
|switch|p1a: Kurosatsu|Rotom-Wash|113\/304
|turn|10
|
|move|p2a: Togekiss|Air Slash|p1a: Kurosatsu
|-resisted|p1a: Kurosatsu
|-damage|p1a: Kurosatsu|68\/304
|move|p1a: Kurosatsu|Volt Switch|p2a: Togekiss
|-supereffective|p2a: Togekiss
|-damage|p2a: Togekiss|88\/312
|
|switch|p1a: Tenshi|Azumarill, F|404\/404
|
|turn|11
|
|switch|p2a: Kyurem-Black|Kyurem-Black|392\/392
|-damage|p2a: Kyurem-Black|294\/392|[from] Stealth Rock
|-ability|p2a: Kyurem-Black|Teravolt
|move|p1a: Tenshi|Aqua Jet|p2a: Kyurem-Black
|-resisted|p2a: Kyurem-Black
|-damage|p2a: Kyurem-Black|233\/392
|
|turn|12
|
|switch|p1a: Pop#Green|Ferrothorn, F|194\/352
|move|p2a: Kyurem-Black|Fusion Bolt|p1a: Pop#Green
|-resisted|p1a: Pop#Green
|-damage|p1a: Pop#Green|141\/352
|
|-heal|p1a: Pop#Green|163\/352|[from] item: Leftovers
|turn|13
|
|switch|p2a: Togekiss|Togekiss, M|88\/312
|-damage|p2a: Togekiss|10\/312|[from] Stealth Rock
|move|p1a: Pop#Green|Thunder Wave|p2a: Togekiss
|-status|p2a: Togekiss|par
|
|-heal|p1a: Pop#Green|185\/352|[from] item: Leftovers
|turn|14
|
|cant|p2a: Togekiss|par
|move|p1a: Pop#Green|Power Whip|p2a: Togekiss
|-resisted|p2a: Togekiss
|-damage|p2a: Togekiss|0 fnt
|faint|p2a: Togekiss
|
|-heal|p1a: Pop#Green|207\/352|[from] item: Leftovers
|
|switch|p2a: Entei|Entei, shiny|372\/372
|-damage|p2a: Entei|279\/372|[from] Stealth Rock
|-ability|p2a: Entei|Pressure
|turn|15
|
|switch|p1a: Masamune2|Donphan, M, shiny|384\/384
|move|p2a: Entei|Sacred Fire|p1a: Masamune2
|-damage|p1a: Masamune2|228\/384
|-damage|p2a: Entei|242\/372|[from] item: Life Orb
|
|-heal|p1a: Masamune2|252\/384|[from] item: Leftovers
|turn|16
|
|move|p2a: Entei|Sacred Fire|p1a: Masamune2
|-damage|p1a: Masamune2|100\/384
|-status|p1a: Masamune2|brn
|-damage|p2a: Entei|205\/372|[from] item: Life Orb
|move|p1a: Masamune2|Roar|p2a: Entei
|drag|p2a: Kyurem-Black|Kyurem-Black|233\/392
|-damage|p2a: Kyurem-Black|135\/392|[from] Stealth Rock
|-ability|p2a: Kyurem-Black|Teravolt
|
|-heal|p1a: Masamune2|124\/384 brn|[from] item: Leftovers
|-damage|p1a: Masamune2|76\/384 brn|[from] brn
|turn|17
|
|move|p1a: Masamune2|Ice Shard|p2a: Kyurem-Black
|-damage|p2a: Kyurem-Black|117\/392
|move|p2a: Kyurem-Black|Rock Slide|p1a: Masamune2
|-resisted|p1a: Masamune2
|-damage|p1a: Masamune2|38\/384 brn
|
|-heal|p1a: Masamune2|62\/384 brn|[from] item: Leftovers
|-damage|p1a: Masamune2|14\/384 brn|[from] brn
|turn|18
|
|move|p1a: Masamune2|Ice Shard|p2a: Kyurem-Black
|-damage|p2a: Kyurem-Black|96\/392
|move|p2a: Kyurem-Black|Rock Slide|p1a: Masamune2
|-resisted|p1a: Masamune2
|-damage|p1a: Masamune2|0 fnt
|faint|p1a: Masamune2
|
|
|switch|p1a: Pop#Green|Ferrothorn, F|207\/352
|turn|19
|
|switch|p2a: Entei|Entei, shiny|205\/372
|-damage|p2a: Entei|112\/372|[from] Stealth Rock
|-ability|p2a: Entei|Pressure
|move|p1a: Pop#Green|Thunder Wave|p2a: Entei
|-status|p2a: Entei|par
|
|-heal|p1a: Pop#Green|229\/352|[from] item: Leftovers
|turn|20
|
|switch|p1a: Tenshi|Azumarill, F|404\/404
|move|p2a: Entei|Sacred Fire|p1a: Tenshi
|-resisted|p1a: Tenshi
|-damage|p1a: Tenshi|253\/404
|-status|p1a: Tenshi|brn
|-damage|p2a: Entei|75\/372 par|[from] item: Life Orb
|
|-damage|p1a: Tenshi|203\/404 brn|[from] brn
|turn|21
|
|move|p2a: Entei|Extreme Speed|p1a: Tenshi
|-damage|p1a: Tenshi|43\/404 brn
|-damage|p2a: Entei|38\/372 par|[from] item: Life Orb
|move|p1a: Tenshi|Waterfall|p2a: Entei
|-supereffective|p2a: Entei
|-damage|p2a: Entei|0 fnt
|faint|p2a: Entei
|
|-damage|p1a: Tenshi|0 fnt|[from] brn
|faint|p1a: Tenshi
|
|switch|p2a: Kyurem-Black|Kyurem-Black|96\/392
|-damage|p2a: Kyurem-Black|0 fnt|[from] Stealth Rock
|faint|p2a: Kyurem-Black
|switch|p1a: Pop#Green|Ferrothorn, F|229\/352
|
|switch|p2a: Mamoswine|Mamoswine, M|362\/362
|-damage|p2a: Mamoswine|317\/362|[from] Stealth Rock
|turn|22
|
|move|p2a: Mamoswine|Stealth Rock|p1a: Pop#Green
|-sidestart|p1: Gaet-Kun06|move: Stealth Rock
|move|p1a: Pop#Green|Power Whip|p2a: Mamoswine
|-supereffective|p2a: Mamoswine
|-damage|p2a: Mamoswine|17\/362
|
|-heal|p1a: Pop#Green|251\/352|[from] item: Leftovers
|turn|23
|
|move|p2a: Mamoswine|Icicle Crash|p1a: Pop#Green
|-damage|p1a: Pop#Green|142\/352
|cant|p1a: Pop#Green|flinch
|
|-heal|p1a: Pop#Green|164\/352|[from] item: Leftovers
|turn|24
|
|move|p2a: Mamoswine|Icicle Crash|p1a: Pop#Green
|-damage|p1a: Pop#Green|53\/352
|cant|p1a: Pop#Green|flinch
|
|-heal|p1a: Pop#Green|75\/352|[from] item: Leftovers
|turn|25
|chat|Gaet-Kun06|seriously ...
|
|move|p2a: Mamoswine|Icicle Crash|p1a: Pop#Green
|-damage|p1a: Pop#Green|0 fnt
|faint|p1a: Pop#Green
|
|
|switch|p1a: Red's*|Charizard, F|297\/297 slp
|-damage|p1a: Red's*|149\/297 slp|[from] Stealth Rock
|turn|26
|
|move|p2a: Mamoswine|Ice Shard|p1a: Red's*
|-damage|p1a: Red's*|50\/297 slp
|cant|p1a: Red's*|slp
|
|turn|27
|chat|Gaet-Kun06|thanls the big luck !
|
|move|p2a: Mamoswine|Ice Shard|p1a: Red's*
|-damage|p1a: Red's*|0 fnt
|faint|p1a: Red's*
|
|
|switch|p1a: Kurosatsu|Rotom-Wash|68\/304
|-damage|p1a: Kurosatsu|30\/304|[from] Stealth Rock
|turn|28
|
|move|p2a: Mamoswine|Ice Shard|p1a: Kurosatsu
|-resisted|p1a: Kurosatsu
|-damage|p1a: Kurosatsu|0 fnt
|faint|p1a: Kurosatsu
|
|win|applei
|raw|Ladder updating...
|raw|Gaet-Kun06's rating: 1615 &rarr; <strong>1592<\/strong><br \/>(-23 for losing)
|raw|applei's rating: 1559 &rarr; <strong>1582<\/strong><br \/>(+23 for winning)
|chat|applei|gg
|leave|Gaet-Kun06
|player|p1