|join|Gaet-Kun06
|join|pascual707
|player|p1|Gaet-Kun06|163
|player|p2|pascual707|167
|gametype|singles
|gen|6
|tier|OU
|rated
|clearpoke
|poke|p1|Lanturn, F
|poke|p1|Manectric, M
|poke|p1|Landorus-Therian, M
|poke|p1|Mew
|poke|p1|Clefable, F
|poke|p1|Mandibuzz, F
|poke|p2|Conkeldurr, F
|poke|p2|Heatran, F
|poke|p2|Thundurus-Therian, M
|poke|p2|Alakazam, F
|poke|p2|Excadrill, M
|poke|p2|Venusaur, F
|rule|Swagger Clause: Swagger is banned
|rule|Baton Pass Clause: Limit one PokÃ©mon knowing Baton Pass
|rule|Sleep Clause Mod: Limit one foe put to sleep
|rule|Species Clause: Limit one of each PokÃ©mon
|rule|OHKO Clause: OHKO moves are banned
|rule|Moody Clause: Moody is banned
|rule|Evasion Moves Clause: Evasion moves are banned
|rule|Endless Battle Clause: Forcing endless battles is banned
|rule|HP Percentage Mod: HP is shown in percentages
|teampreview
|
|start
|switch|p1a: Mew|Mew|404\/404
|switch|p2a: Zeus|Thundurus-Therian, M|300\/300
|turn|1
|
|move|p2a: Zeus|Volt Switch|p1a: Mew
|-damage|p1a: Mew|284\/404
|
|switch|p2a: Rob Conkowski|Conkeldurr, F|368\/368
|move|p1a: Mew|Knock Off|p2a: Rob Conkowski
|-resisted|p2a: Rob Conkowski
|-damage|p2a: Rob Conkowski|327\/368
|-enditem|p2a: Rob Conkowski|Assault Vest|[from] move: Knock Off|[of] p1a: Mew
|
|-heal|p1a: Mew|309\/404|[from] item: Leftovers
|turn|2
|
|switch|p1a: Clefable|Clefable, F|394\/394
|move|p2a: Rob Conkowski|Knock Off|p1a: Clefable
|-resisted|p1a: Clefable
|-damage|p1a: Clefable|345\/394
|-enditem|p1a: Clefable|Leftovers|[from] move: Knock Off|[of] p2a: Rob Conkowski
|
|turn|3
|
|switch|p1a: Landorus-Therian|Landorus-Therian, M|320\/320
|-ability|p1a: Landorus-Therian|Intimidate|[of] p2a: Rob Conkowski
|-unboost|p2a: Rob Conkowski|atk|1
|switch|p2a: Snuggles|Venusaur, F|364\/364
|
|turn|4
|
|detailschange|p2a: Snuggles|Venusaur-Mega, F
|message|Venusaur has Mega Evolved into Mega Venusaur!
|move|p1a: Landorus-Therian|Earthquake|p2a: Snuggles
|-damage|p2a: Snuggles|213\/364
|move|p2a: Snuggles|Synthesis|p2a: Snuggles
|-heal|p2a: Snuggles|364\/364
|
|turn|5
|
|switch|p1a: Mandibuzz|Mandibuzz, F|423\/423
|move|p2a: Snuggles|Leech Seed|p1a: Mandibuzz
|-start|p1a: Mandibuzz|move: Leech Seed
|
|-damage|p1a: Mandibuzz|371\/423|[from] Leech Seed|[of] p2a: Snuggles
|turn|6
|
|move|p2a: Snuggles|Sludge Bomb|p1a: Mandibuzz
|-damage|p1a: Mandibuzz|221\/423
|-status|p1a: Mandibuzz|psn
|move|p1a: Mandibuzz|Taunt|p2a: Snuggles
|-start|p2a: Snuggles|move: Taunt
|
|-damage|p1a: Mandibuzz|169\/423 psn|[from] Leech Seed|[of] p2a: Snuggles
|-damage|p1a: Mandibuzz|117\/423 psn|[from] psn
|turn|7
|
|move|p2a: Snuggles|Giga Drain|p1a: Mandibuzz
|-resisted|p1a: Mandibuzz
|-damage|p1a: Mandibuzz|63\/423 psn
|move|p1a: Mandibuzz|Roost|p1a: Mandibuzz
|-heal|p1a: Mandibuzz|275\/423 psn
|
|-damage|p1a: Mandibuzz|223\/423 psn|[from] Leech Seed|[of] p2a: Snuggles
|-damage|p1a: Mandibuzz|171\/423 psn|[from] psn
|turn|8
|
|switch|p1a: Mew|Mew|309\/404
|move|p2a: Snuggles|Sludge Bomb|p1a: Mew
|-damage|p1a: Mew|203\/404
|
|-heal|p1a: Mew|228\/404|[from] item: Leftovers
|turn|9
|
|switch|p2a: Talonlame|Heatran, F|386\/386
|move|p1a: Mew|Will-O-Wisp|p2a: Talonlame
|-start|p2a: Talonlame|ability: Flash Fire
|
|-heal|p1a: Mew|253\/404|[from] item: Leftovers
|turn|10
|
|move|p1a: Mew|Taunt|p2a: Talonlame
|-start|p2a: Talonlame|move: Taunt
|cant|p2a: Talonlame|move: Taunt|Stealth Rock
|
|-heal|p1a: Mew|278\/404|[from] item: Leftovers
|turn|11
|
|switch|p1a: Lanturn|Lanturn, F|454\/454
|move|p2a: Talonlame|Lava Plume|p1a: Lanturn
|-resisted|p1a: Lanturn
|-damage|p1a: Lanturn|384\/454
|
|-heal|p1a: Lanturn|412\/454|[from] item: Leftovers
|turn|12
|
|switch|p2a: Snuggles|Venusaur-Mega, F|364\/364
|switch|p1a: Mew|Mew|278\/404
|
|-heal|p1a: Mew|303\/404|[from] item: Leftovers
|turn|13
|
|switch|p2a: Talonlame|Heatran, F|386\/386
|move|p1a: Mew|Knock Off|p2a: Talonlame
|-damage|p2a: Talonlame|336\/386
|-enditem|p2a: Talonlame|Leftovers|[from] move: Knock Off|[of] p1a: Mew
|
|-heal|p1a: Mew|328\/404|[from] item: Leftovers
|turn|14
|
|switch|p2a: Rob Conkowski|Conkeldurr, F|327\/368
|move|p1a: Mew|Taunt|p2a: Rob Conkowski
|-start|p2a: Rob Conkowski|move: Taunt
|
|-heal|p1a: Mew|353\/404|[from] item: Leftovers
|turn|15
|
|switch|p1a: Clefable|Clefable, F|345\/394
|switch|p2a: Snuggles|Venusaur-Mega, F|364\/364
|
|turn|16
|
|move|p2a: Snuggles|Leech Seed|p1a: Clefable|[miss]
|-miss|p2a: Snuggles|p1a: Clefable
|move|p1a: Clefable|Calm Mind|p1a: Clefable
|-boost|p1a: Clefable|spa|1
|-boost|p1a: Clefable|spd|1
|
|turn|17
|
|move|p2a: Snuggles|Sludge Bomb|p1a: Clefable
|-supereffective|p1a: Clefable
|-damage|p1a: Clefable|157\/394
|-status|p1a: Clefable|psn
|move|p1a: Clefable|Calm Mind|p1a: Clefable
|-boost|p1a: Clefable|spa|1
|-boost|p1a: Clefable|spd|1
|
|turn|18
|
|switch|p2a: Black n Decker|Excadrill, M|362\/362
|-ability|p2a: Black n Decker|Mold Breaker
|-item|p2a: Black n Decker|Air Balloon
|move|p1a: Clefable|Soft-Boiled|p1a: Clefable
|-heal|p1a: Clefable|354\/394 psn
|
|turn|19
|
|move|p2a: Black n Decker|Iron Head|p1a: Clefable
|-supereffective|p1a: Clefable
|-damage|p1a: Clefable|102\/394 psn
|move|p1a: Clefable|Flamethrower|p2a: Black n Decker
|-supereffective|p2a: Black n Decker
|-damage|p2a: Black n Decker|0 fnt
|-enditem|p2a: Black n Decker|Air Balloon
|faint|p2a: Black n Decker
|
|
|switch|p2a: Snuggles|Venusaur-Mega, F|364\/364
|turn|20
|
|move|p2a: Snuggles|Sludge Bomb|p1a: Clefable
|-supereffective|p1a: Clefable
|-damage|p1a: Clefable|0 fnt
|faint|p1a: Clefable
|
|
|switch|p1a: Mew|Mew|353\/404
|turn|21
|
|switch|p2a: Talonlame|Heatran, F|336\/386
|move|p1a: Mew|Taunt|p2a: Talonlame
|-start|p2a: Talonlame|move: Taunt
|
|-heal|p1a: Mew|378\/404|[from] item: Leftovers
|turn|22
|
|switch|p1a: Lanturn|Lanturn, F|412\/454
|move|p2a: Talonlame|Lava Plume|p1a: Lanturn
|-resisted|p1a: Lanturn
|-damage|p1a: Lanturn|363\/454
|
|-heal|p1a: Lanturn|391\/454|[from] item: Leftovers
|turn|23
|
|move|p2a: Talonlame|Lava Plume|p1a: Lanturn
|-resisted|p1a: Lanturn
|-damage|p1a: Lanturn|336\/454
|move|p1a: Lanturn|Thunder Wave|p2a: Talonlame
|-status|p2a: Talonlame|par
|
|-heal|p1a: Lanturn|364\/454|[from] item: Leftovers
|turn|24
|
|switch|p2a: Snuggles|Venusaur-Mega, F|364\/364
|move|p1a: Lanturn|Scald|p2a: Snuggles
|-resisted|p2a: Snuggles
|-damage|p2a: Snuggles|332\/364
|-status|p2a: Snuggles|brn
|
|-heal|p1a: Lanturn|392\/454|[from] item: Leftovers
|-damage|p2a: Snuggles|287\/364 brn|[from] brn
|turn|25
|
|switch|p1a: Mew|Mew|378\/404
|move|p2a: Snuggles|Leech Seed|p1a: Mew
|-start|p1a: Mew|move: Leech Seed
|
|-heal|p1a: Mew|403\/404|[from] item: Leftovers
|-damage|p1a: Mew|353\/404|[from] Leech Seed|[of] p2a: Snuggles
|-heal|p2a: Snuggles|337\/364 brn|[silent]
|-damage|p2a: Snuggles|292\/364 brn|[from] brn
|turn|26
|
|switch|p1a: Landorus-Therian|Landorus-Therian, M|320\/320
|-ability|p1a: Landorus-Therian|Intimidate|[of] p2a: Snuggles
|-unboost|p2a: Snuggles|atk|1
|move|p2a: Snuggles|Sludge Bomb|p1a: Landorus-Therian
|-resisted|p1a: Landorus-Therian
|-damage|p1a: Landorus-Therian|237\/320
|-status|p1a: Landorus-Therian|psn
|
|-damage|p1a: Landorus-Therian|197\/320 psn|[from] psn
|-damage|p2a: Snuggles|247\/364 brn|[from] brn
|turn|27
|
|move|p1a: Landorus-Therian|Earthquake|p2a: Snuggles
|-damage|p2a: Snuggles|102\/364 brn
|move|p2a: Snuggles|Synthesis|p2a: Snuggles
|-heal|p2a: Snuggles|284\/364 brn
|
|-damage|p1a: Landorus-Therian|157\/320 psn|[from] psn
|-damage|p2a: Snuggles|239\/364 brn|[from] brn
|turn|28
|
|switch|p1a: Mandibuzz|Mandibuzz, F|171\/423 psn
|move|p2a: Snuggles|Synthesis|p2a: Snuggles
|-heal|p2a: Snuggles|364\/364 brn
|
|-damage|p2a: Snuggles|319\/364 brn|[from] brn
|-damage|p1a: Mandibuzz|119\/423 psn|[from] psn
|turn|29
|
|move|p2a: Snuggles|Sludge Bomb|p1a: Mandibuzz
|-damage|p1a: Mandibuzz|0 fnt
|faint|p1a: Mandibuzz
|
|-damage|p2a: Snuggles|274\/364 brn|[from] brn
|
|switch|p1a: Mew|Mew|353\/404
|turn|30
|
|move|p1a: Mew|Taunt|p2a: Snuggles
|-start|p2a: Snuggles|move: Taunt
|move|p2a: Snuggles|Giga Drain|p1a: Mew
|-damage|p1a: Mew|257\/404
|-heal|p2a: Snuggles|322\/364 brn|[from] drain|[of] p1a: Mew
|
|-heal|p1a: Mew|282\/404|[from] item: Leftovers
|-damage|p2a: Snuggles|277\/364 brn|[from] brn
|turn|31
|
|move|p1a: Mew|Knock Off|p2a: Snuggles
|-damage|p2a: Snuggles|241\/364 brn
|move|p2a: Snuggles|Giga Drain|p1a: Mew
|-damage|p1a: Mew|194\/404
|-heal|p2a: Snuggles|285\/364 brn|[from] drain|[of] p1a: Mew
|
|-heal|p1a: Mew|219\/404|[from] item: Leftovers
|-damage|p2a: Snuggles|240\/364 brn|[from] brn
|turn|32
|
|move|p1a: Mew|Roost|p1a: Mew
|-heal|p1a: Mew|404\/404
|move|p2a: Snuggles|Giga Drain|p1a: Mew
|-damage|p1a: Mew|317\/404
|-heal|p2a: Snuggles|284\/364 brn|[from] drain|[of] p1a: Mew
|
|-heal|p1a: Mew|342\/404|[from] item: Leftovers
|-damage|p2a: Snuggles|239\/364 brn|[from] brn
|-end|p2a: Snuggles|move: Taunt
|turn|33
|
|switch|p2a: Rob Conkowski|Conkeldurr, F|327\/368
|move|p1a: Mew|Knock Off|p2a: Rob Conkowski
|-resisted|p2a: Rob Conkowski
|-damage|p2a: Rob Conkowski|302\/368
|
|-heal|p1a: Mew|367\/404|[from] item: Leftovers
|turn|34
|
|switch|p1a: Manectric|Manectric, M|282\/282
|move|p2a: Rob Conkowski|Knock Off|p1a: Manectric
|-damage|p1a: Manectric|166\/282
|
|turn|35
|
|detailschange|p1a: Manectric|Manectric-Mega, M
|message|Manectric has Mega Evolved into Mega Manectric!
|-ability|p1a: Manectric|Intimidate|[of] p2a: Rob Conkowski
|-unboost|p2a: Rob Conkowski|atk|1
|move|p1a: Manectric|Thunderbolt|p2a: Rob Conkowski
|-damage|p2a: Rob Conkowski|125\/368
|move|p2a: Rob Conkowski|Drain Punch|p1a: Manectric
|-damage|p1a: Manectric|61\/282
|-heal|p2a: Rob Conkowski|178\/368|[from] drain|[of] p1a: Manectric
|
|turn|36
|
|switch|p2a: Zeus|Thundurus-Therian, M|300\/300
|move|p1a: Manectric|Hidden Power|p2a: Zeus
|-supereffective|p2a: Zeus
|-damage|p2a: Zeus|108\/300
|
|turn|37
|
|switch|p1a: Lanturn|Lanturn, F|392\/454
|move|p2a: Zeus|Psychic|p1a: Lanturn
|-damage|p1a: Lanturn|276\/454
|
|-heal|p1a: Lanturn|304\/454|[from] item: Leftovers
|turn|38
|
|switch|p2a: Snuggles|Venusaur-Mega, F|239\/364 brn
|switch|p1a: Landorus-Therian|Landorus-Therian, M|157\/320 psn
|-ability|p1a: Landorus-Therian|Intimidate|[of] p2a: Snuggles
|-unboost|p2a: Snuggles|atk|1
|
|-damage|p1a: Landorus-Therian|117\/320 psn|[from] psn
|-damage|p2a: Snuggles|194\/364 brn|[from] brn
|turn|39
|
|switch|p2a: Zeus|Thundurus-Therian, M|108\/300
|move|p1a: Landorus-Therian|Stone Edge|p2a: Zeus
|-supereffective|p2a: Zeus
|-damage|p2a: Zeus|0 fnt
|faint|p2a: Zeus
|
|-damage|p1a: Landorus-Therian|77\/320 psn|[from] psn
|
|switch|p2a: Snuggles|Venusaur-Mega, F|194\/364 brn
|turn|40
|
|switch|p1a: Mew|Mew|367\/404
|move|p2a: Snuggles|Synthesis|p2a: Snuggles
|-heal|p2a: Snuggles|364\/364 brn
|
|-heal|p1a: Mew|392\/404|[from] item: Leftovers
|-damage|p2a: Snuggles|319\/364 brn|[from] brn
|turn|41
|
|move|p1a: Mew|Taunt|p2a: Snuggles
|-start|p2a: Snuggles|move: Taunt
|cant|p2a: Snuggles|move: Taunt|Leech Seed
|
|-heal|p1a: Mew|404\/404|[from] item: Leftovers
|-damage|p2a: Snuggles|274\/364 brn|[from] brn
|turn|42
|
|move|p1a: Mew|Knock Off|p2a: Snuggles
|-damage|p2a: Snuggles|234\/364 brn
|move|p2a: Snuggles|Sludge Bomb|p1a: Mew
|-damage|p1a: Mew|299\/404
|
|-heal|p1a: Mew|324\/404|[from] item: Leftovers
|-damage|p2a: Snuggles|189\/364 brn|[from] brn
|turn|43
|
|move|p1a: Mew|Knock Off|p2a: Snuggles
|-damage|p2a: Snuggles|150\/364 brn
|move|p2a: Snuggles|Giga Drain|p1a: Mew
|-damage|p1a: Mew|236\/404
|-heal|p2a: Snuggles|194\/364 brn|[from] drain|[of] p1a: Mew
|
|-heal|p1a: Mew|261\/404|[from] item: Leftovers
|-damage|p2a: Snuggles|149\/364 brn|[from] brn
|-end|p2a: Snuggles|move: Taunt
|turn|44
|
|move|p1a: Mew|Taunt|p2a: Snuggles
|-start|p2a: Snuggles|move: Taunt
|move|p2a: Snuggles|Sludge Bomb|p1a: Mew
|-damage|p1a: Mew|152\/404
|-status|p1a: Mew|psn
|
|-heal|p1a: Mew|177\/404 psn|[from] item: Leftovers
|-damage|p1a: Mew|127\/404 psn|[from] psn
|-damage|p2a: Snuggles|104\/364 brn|[from] brn
|turn|45
|
|switch|p2a: Rob Conkowski|Conkeldurr, F|178\/368
|move|p1a: Mew|Knock Off|p2a: Rob Conkowski
|-resisted|p2a: Rob Conkowski
|-damage|p2a: Rob Conkowski|150\/368
|
|-heal|p1a: Mew|152\/404 psn|[from] item: Leftovers
|-damage|p1a: Mew|102\/404 psn|[from] psn
|turn|46
|
|move|p1a: Mew|Will-O-Wisp|p2a: Rob Conkowski
|-status|p2a: Rob Conkowski|brn
|move|p2a: Rob Conkowski|Knock Off|p1a: Mew
|-supereffective|p1a: Mew
|-damage|p1a: Mew|0 fnt
|-enditem|p1a: Mew|Leftovers|[from] move: Knock Off|[of] p2a: Rob Conkowski
|faint|p1a: Mew
|
|-damage|p2a: Rob Conkowski|104\/368 brn|[from] brn
|c|âpascual707|thanks for the guys boost
|c|âpascual707|guts*
|
|switch|p1a: Landorus-Therian|Landorus-Therian, M|77\/320 psn
|-ability|p1a: Landorus-Therian|Intimidate|[of] p2a: Rob Conkowski
|-unboost|p2a: Rob Conkowski|atk|1
|turn|47
|
|switch|p2a: Talonlame|Heatran, F|336\/386 par
|move|p1a: Landorus-Therian|Earthquake|p2a: Talonlame
|-supereffective|p2a: Talonlame
|-damage|p2a: Talonlame|0 fnt
|faint|p2a: Talonlame
|
|-damage|p1a: Landorus-Therian|37\/320 psn|[from] psn
|
|switch|p2a: I Need a Fork|Alakazam, F|272\/272
|turn|48
|
|move|p1a: Landorus-Therian|Earthquake|p2a: I Need a Fork
|-enditem|p2a: I Need a Fork|Focus Sash
|-damage|p2a: I Need a Fork|1\/272
|move|p2a: I Need a Fork|Psyshock|p1a: Landorus-Therian
|-damage|p1a: Landorus-Therian|0 fnt
|faint|p1a: Landorus-Therian
|
|
|switch|p1a: Manectric|Manectric-Mega, M|61\/282
|-ability|p1a: Manectric|Intimidate|[of] p2a: I Need a Fork
|-unboost|p2a: I Need a Fork|atk|1
|turn|49
|
|move|p1a: Manectric|Thunderbolt|p2a: I Need a Fork
|-damage|p2a: I Need a Fork|0 fnt
|faint|p2a: I Need a Fork
|
|
|switch|p2a: Snuggles|Venusaur-Mega, F|104\/364 brn
|turn|50
|
|move|p1a: Manectric|Flamethrower|p2a: Snuggles
|-supereffective|p2a: Snuggles
|-damage|p2a: Snuggles|8\/364 brn
|move|p2a: Snuggles|Synthesis|p2a: Snuggles
|-heal|p2a: Snuggles|190\/364 brn
|
|-damage|p2a: Snuggles|145\/364 brn|[from] brn
|turn|51
|
|move|p1a: Manectric|Flamethrower|p2a: Snuggles
|-supereffective|p2a: Snuggles
|-damage|p2a: Snuggles|51\/364 brn
|move|p2a: Snuggles|Synthesis|p2a: Snuggles
|-heal|p2a: Snuggles|233\/364 brn
|
|-damage|p2a: Snuggles|188\/364 brn|[from] brn
|turn|52
|
|move|p1a: Manectric|Flamethrower|p2a: Snuggles
|-crit|p2a: Snuggles
|-supereffective|p2a: Snuggles
|-damage|p2a: Snuggles|42\/364 brn
|move|p2a: Snuggles|Giga Drain|p1a: Manectric
|-damage|p1a: Manectric|0 fnt
|-heal|p2a: Snuggles|73\/364 brn|[from] drain|[of] p1a: Manectric
|faint|p1a: Manectric
|
|-damage|p2a: Snuggles|28\/364 brn|[from] brn
|
|switch|p1a: Lanturn|Lanturn, F|304\/454
|turn|53
|
|move|p2a: Snuggles|Synthesis|p2a: Snuggles
|-heal|p2a: Snuggles|210\/364 brn
|move|p1a: Lanturn|Scald|p2a: Snuggles
|-resisted|p2a: Snuggles
|-damage|p2a: Snuggles|178\/364 brn
|
|-heal|p1a: Lanturn|332\/454|[from] item: Leftovers
|-damage|p2a: Snuggles|133\/364 brn|[from] brn
|turn|54
|
|move|p2a: Snuggles|Giga Drain|p1a: Lanturn
|-supereffective|p1a: Lanturn
|-damage|p1a: Lanturn|134\/454
|-heal|p2a: Snuggles|232\/364 brn|[from] drain|[of] p1a: Lanturn
|move|p1a: Lanturn|Scald|p2a: Snuggles
|-resisted|p2a: Snuggles
|-damage|p2a: Snuggles|203\/364 brn
|
|-heal|p1a: Lanturn|162\/454|[from] item: Leftovers
|-damage|p2a: Snuggles|158\/364 brn|[from] brn
|turn|55
|c|âpascual707|gg
|
|move|p2a: Snuggles|Giga Drain|p1a: Lanturn
|-crit|p1a: Lanturn
|-supereffective|p1a: Lanturn
|-damage|p1a: Lanturn|0 fnt
|-heal|p2a: Snuggles|239\/364 brn|[from] drain|[of] p1a: Lanturn
|faint|p1a: Lanturn
|
|win|pascual707
|raw|Ladder updating...
|raw|Gaet-Kun06's rating: 1504 &rarr; <strong>1484<\/strong><br \/>(-20 for losing)
|raw|pascual707's rating: 1509 &rarr; <strong>1529<\/strong><br \/>(+20 for winning)
|leave|Gaet-Kun06
|player|p1