|join|Triayko
|join|Gaet-Kun06
|player|p1|Triayko|169
|player|p2|Gaet-Kun06|163
|gametype|singles
|gen|6
|tier|OU
|rated
|clearpoke
|poke|p1|Venusaur, M
|poke|p1|Chansey, F
|poke|p1|Quagsire, M
|poke|p1|Gothitelle, F
|poke|p1|Skarmory, M
|poke|p1|Heatran, M
|poke|p2|Gliscor, F
|poke|p2|Thundurus-Therian, M
|poke|p2|Venusaur, M
|poke|p2|Conkeldurr, F
|poke|p2|Scizor, F
|poke|p2|Talonflame, F, shiny
|rule|Sleep Clause Mod: Limit one foe put to sleep
|rule|Species Clause: Limit one of each Pokemon
|rule|OHKO Clause: OHKO moves are banned
|rule|Moody Clause: Moody is banned
|rule|Evasion Moves Clause: Evasion moves are banned
|rule|Endless Battle Clause: Forcing endless battles is banned.
|rule|HP Percentage Mod: HP is reported as percentages
|teampreview
|
|start
|switch|p1a: Gothitelle|Gothitelle, F|344\/344
|switch|p2a: Raikiri|Thundurus-Therian, M|299\/299
|turn|1
|chat|Gaet-Kun06|Lol
|
|move|p2a: Raikiri|Volt Switch|p1a: Gothitelle
|-damage|p1a: Gothitelle|209\/344
|
|switch|p2a: CybÃ¨le|Venusaur, M|364\/364
|move|p1a: Gothitelle|Trick|p2a: CybÃ¨le
|-fail|p2a: CybÃ¨le
|
|turn|2
|
|switch|p1a: Venusaur|Venusaur, M|364\/364
|-formechange|p2a: CybÃ¨le|Venusaur-Mega
|message|Venusaur has Mega Evolved into Mega Venusaur!
|move|p2a: CybÃ¨le|Synthesis|p2a: CybÃ¨le
|
|turn|3
|
|switch|p2a: Inazuma#|Scizor, F|281\/281
|-formechange|p1a: Venusaur|Venusaur-Mega
|message|Venusaur has Mega Evolved into Mega Venusaur!
|move|p1a: Venusaur|Hidden Power|p2a: Inazuma#
|-supereffective|p2a: Inazuma#
|-damage|p2a: Inazuma#|1\/281
|
|turn|4
|
|switch|p1a: Skarmory|Skarmory, M|334\/334
|move|p2a: Inazuma#|U-turn|p1a: Skarmory
|-resisted|p1a: Skarmory
|-damage|p1a: Skarmory|304\/334
|-damage|p2a: Inazuma#|0 fnt|[from] item: Rocky Helmet|[of] p1a: Skarmory
|faint|p2a: Inazuma#
|
|
|switch|p2a: Raikiri|Thundurus-Therian, M|299\/299
|turn|5
|
|switch|p1a: Chansey|Chansey, F|704\/704
|move|p2a: Raikiri|Grass Knot|p1a: Chansey
|-damage|p1a: Chansey|646\/704
|
|turn|6
|
|switch|p2a: Franky|Conkeldurr, F|362\/362
|move|p1a: Chansey|Toxic|p2a: Franky
|-status|p2a: Franky|tox
|
|-damage|p2a: Franky|340\/362 tox|[from] psn
|turn|7
|
|switch|p1a: Skarmory|Skarmory, M|304\/334
|move|p2a: Franky|Knock Off|p1a: Skarmory
|-damage|p1a: Skarmory|186\/334
|-damage|p2a: Franky|280\/362 tox|[from] item: Rocky Helmet|[of] p1a: Skarmory
|-enditem|p1a: Skarmory|Rocky Helmet|[from] move: Knock Off|[of] p2a: Franky
|
|-damage|p2a: Franky|236\/362 tox|[from] psn
|turn|8
|
|move|p2a: Franky|Drain Punch|p1a: Skarmory
|-damage|p1a: Skarmory|68\/334
|-heal|p2a: Franky|295\/362 tox|[from] drain|[of] p1a: Skarmory
|move|p1a: Skarmory|Counter|p2a: Franky
|-damage|p2a: Franky|59\/362 tox
|
|-damage|p2a: Franky|0 fnt|[from] psn
|faint|p2a: Franky
|
|switch|p2a: Raikiri|Thundurus-Therian, M|299\/299
|turn|9
|
|switch|p2a: Falco|Talonflame, F, shiny|297\/297
|switch|p1a: Chansey|Chansey, F|646\/704
|
|turn|10
|
|switch|p1a: Heatran|Heatran, M|386\/386
|move|p2a: Falco|Acrobatics|p1a: Heatran
|-resisted|p1a: Heatran
|-damage|p1a: Heatran|313\/386
|
|-heal|p1a: Heatran|337\/386|[from] item: Leftovers
|turn|11
|
|move|p2a: Falco|Swords Dance|p2a: Falco
|-boost|p2a: Falco|atk|2
|move|p1a: Heatran|Lava Plume|p2a: Falco
|-resisted|p2a: Falco
|-damage|p2a: Falco|202\/297
|
|-heal|p1a: Heatran|361\/386|[from] item: Leftovers
|turn|12
|
|move|p2a: Falco|Swords Dance|p2a: Falco
|-boost|p2a: Falco|atk|2
|move|p1a: Heatran|Roar|p2a: Falco
|drag|p2a: SasoriV2|Gliscor, F|354\/354
|
|-heal|p1a: Heatran|385\/386|[from] item: Leftovers
|-status|p2a: SasoriV2|tox|[from] item: Toxic Orb
|turn|13
|
|switch|p1a: Gothitelle|Gothitelle, F|209\/344
|move|p2a: SasoriV2|Toxic|p1a: Gothitelle
|-status|p1a: Gothitelle|tox
|
|-damage|p1a: Gothitelle|188\/344 tox|[from] psn
|turn|14
|
|move|p2a: SasoriV2|Protect|p2a: SasoriV2
|-singleturn|p2a: SasoriV2|Protect
|move|p1a: Gothitelle|Trick|p2a: SasoriV2
|-activate|p2a: SasoriV2|Protect
|
|-damage|p1a: Gothitelle|146\/344 tox|[from] psn
|turn|15
|
|move|p1a: Gothitelle|Trick|p2a: SasoriV2
|-activate|p1a: Gothitelle|move: Trick|[of] p2a: SasoriV2
|-item|p2a: SasoriV2|Choice Scarf|[from] move: Trick
|-item|p1a: Gothitelle|Toxic Orb|[from] move: Trick
|move|p2a: SasoriV2|Earthquake|p1a: Gothitelle
|-damage|p1a: Gothitelle|23\/344 tox
|
|-damage|p1a: Gothitelle|0 fnt|[from] psn
|faint|p1a: Gothitelle
|
|switch|p1a: Skarmory|Skarmory, M|68\/334
|turn|16
|
|switch|p2a: Raikiri|Thundurus-Therian, M|299\/299
|move|p1a: Skarmory|Roost|p1a: Skarmory
|-heal|p1a: Skarmory|235\/334
|
|turn|17
|
|switch|p1a: Chansey|Chansey, F|646\/704
|move|p2a: Raikiri|Focus Blast|p1a: Chansey
|-supereffective|p1a: Chansey
|-damage|p1a: Chansey|416\/704
|-unboost|p1a: Chansey|spd|1
|
|turn|18
|
|move|p2a: Raikiri|Focus Blast|p1a: Chansey|[miss]
|-miss|p2a: Raikiri|p1a: Chansey
|move|p1a: Chansey|Soft-Boiled|p1a: Chansey
|-heal|p1a: Chansey|704\/704
|
|turn|19
|
|move|p2a: Raikiri|Focus Blast|p1a: Chansey
|-supereffective|p1a: Chansey
|-damage|p1a: Chansey|374\/704
|move|p1a: Chansey|Seismic Toss|p2a: Raikiri
|-damage|p2a: Raikiri|199\/299
|
|turn|20
|
|move|p2a: Raikiri|Focus Blast|p1a: Chansey|[miss]
|-miss|p2a: Raikiri|p1a: Chansey
|move|p1a: Chansey|Soft-Boiled|p1a: Chansey
|-heal|p1a: Chansey|704\/704
|
|turn|21
|
|move|p2a: Raikiri|Focus Blast|p1a: Chansey
|-supereffective|p1a: Chansey
|-damage|p1a: Chansey|396\/704
|move|p1a: Chansey|Toxic|p2a: Raikiri|[miss]
|-miss|p1a: Chansey|p2a: Raikiri
|
|turn|22
|
|move|p2a: Raikiri|Focus Blast|p1a: Chansey
|-supereffective|p1a: Chansey
|-damage|p1a: Chansey|76\/704
|move|p1a: Chansey|Soft-Boiled|p1a: Chansey
|-heal|p1a: Chansey|428\/704
|
|turn|23
|
|move|p2a: Raikiri|Focus Blast|p1a: Chansey
|-supereffective|p1a: Chansey
|-damage|p1a: Chansey|120\/704
|move|p1a: Chansey|Seismic Toss|p2a: Raikiri
|-damage|p2a: Raikiri|99\/299
|
|turn|24
|
|move|p2a: Raikiri|Focus Blast|p1a: Chansey
|-supereffective|p1a: Chansey
|-damage|p1a: Chansey|0 fnt
|faint|p1a: Chansey
|
|
|switch|p1a: Heatran|Heatran, M|385\/386
|turn|25
|
|switch|p2a: SasoriV2|Gliscor, F|354\/354 tox
|move|p1a: Heatran|Lava Plume|p2a: SasoriV2
|-damage|p2a: SasoriV2|197\/354 tox
|
|-heal|p1a: Heatran|386\/386|[from] item: Leftovers
|-heal|p2a: SasoriV2|241\/354 tox|[from] ability: Poison Heal
|turn|26
|
|switch|p2a: Raikiri|Thundurus-Therian, M|99\/299
|switch|p1a: Skarmory|Skarmory, M|235\/334
|
|turn|27
|
|switch|p1a: Venusaur|Venusaur, M|364\/364
|-formechange|p1a: Venusaur|Venusaur-Mega
|move|p2a: Raikiri|Volt Switch|p1a: Venusaur
|-resisted|p1a: Venusaur
|-damage|p1a: Venusaur|306\/364
|
|switch|p2a: Falco|Talonflame, F, shiny|202\/297
|
|turn|28
|
|switch|p1a: Heatran|Heatran, M|386\/386
|move|p2a: Falco|Acrobatics|p1a: Heatran
|-resisted|p1a: Heatran
|-damage|p1a: Heatran|308\/386
|
|-heal|p1a: Heatran|332\/386|[from] item: Leftovers
|turn|29
|
|move|p2a: Falco|Acrobatics|p1a: Heatran
|-resisted|p1a: Heatran
|-damage|p1a: Heatran|256\/386
|move|p1a: Heatran|Lava Plume|p2a: Falco
|-resisted|p2a: Falco
|-damage|p2a: Falco|110\/297
|
|-heal|p1a: Heatran|280\/386|[from] item: Leftovers
|turn|30
|
|move|p2a: Falco|Roost|p2a: Falco
|-heal|p2a: Falco|259\/297
|move|p1a: Heatran|Lava Plume|p2a: Falco
|-resisted|p2a: Falco
|-damage|p2a: Falco|175\/297
|
|-heal|p1a: Heatran|304\/386|[from] item: Leftovers
|turn|31
|
|move|p2a: Falco|Swords Dance|p2a: Falco
|-boost|p2a: Falco|atk|2
|move|p1a: Heatran|Toxic|p2a: Falco
|-status|p2a: Falco|tox
|
|-heal|p1a: Heatran|328\/386|[from] item: Leftovers
|-damage|p2a: Falco|157\/297 tox|[from] psn
|turn|32
|
|move|p2a: Falco|Acrobatics|p1a: Heatran
|-resisted|p1a: Heatran
|-damage|p1a: Heatran|182\/386
|move|p1a: Heatran|Roar|p2a: Falco
|drag|p2a: SasoriV2|Gliscor, F|241\/354 tox
|
|-heal|p1a: Heatran|206\/386|[from] item: Leftovers
|-heal|p2a: SasoriV2|285\/354 tox|[from] ability: Poison Heal
|turn|33
|
|switch|p1a: Skarmory|Skarmory, M|235\/334
|move|p2a: SasoriV2|Toxic|p1a: Skarmory
|-fail|p1a: Skarmory
|
|-heal|p2a: SasoriV2|329\/354 tox|[from] ability: Poison Heal
|turn|34
|
|switch|p2a: Raikiri|Thundurus-Therian, M|99\/299
|move|p1a: Skarmory|Roost|p1a: Skarmory
|-heal|p1a: Skarmory|334\/334
|
|turn|35
|
|switch|p1a: Venusaur|Venusaur, M|306\/364
|-formechange|p1a: Venusaur|Venusaur-Mega
|move|p2a: Raikiri|Grass Knot|p1a: Venusaur
|-resisted|p1a: Venusaur
|-damage|p1a: Venusaur|278\/364
|
|turn|36
|
|switch|p2a: Falco|Talonflame, F, shiny|157\/297 tox
|move|p1a: Venusaur|Hidden Power|p2a: Falco
|-resisted|p2a: Falco
|-damage|p2a: Falco|113\/297 tox
|
|-damage|p2a: Falco|95\/297 tox|[from] psn
|turn|37
|
|switch|p1a: Heatran|Heatran, M|206\/386
|move|p2a: Falco|Swords Dance|p2a: Falco
|-boost|p2a: Falco|atk|2
|
|-heal|p1a: Heatran|230\/386|[from] item: Leftovers
|-damage|p2a: Falco|59\/297 tox|[from] psn
|turn|38
|
|move|p2a: Falco|Acrobatics|p1a: Heatran
|-resisted|p1a: Heatran
|-damage|p1a: Heatran|89\/386
|move|p1a: Heatran|Earth Power|p2a: Falco
|-immune|p2a: Falco|[msg]
|
|-heal|p1a: Heatran|113\/386|[from] item: Leftovers
|-damage|p2a: Falco|5\/297 tox|[from] psn
|turn|39
|
|switch|p1a: Quagsire|Quagsire, M|394\/394
|move|p2a: Falco|Acrobatics|p1a: Quagsire
|-damage|p1a: Quagsire|267\/394
|
|-heal|p1a: Quagsire|291\/394|[from] item: Leftovers
|-damage|p2a: Falco|0 fnt|[from] psn
|faint|p2a: Falco
|
|switch|p2a: CybÃ¨le|Venusaur, M|364\/364
|-formechange|p2a: CybÃ¨le|Venusaur-Mega
|turn|40
|
|switch|p1a: Heatran|Heatran, M|113\/386
|move|p2a: CybÃ¨le|Earthquake|p1a: Heatran
|-supereffective|p1a: Heatran
|-damage|p1a: Heatran|0 fnt
|faint|p1a: Heatran
|
|
|switch|p1a: Venusaur|Venusaur, M|278\/364
|-formechange|p1a: Venusaur|Venusaur-Mega
|turn|41
|
|move|p1a: Venusaur|Leech Seed|p2a: CybÃ¨le
|-immune|p2a: CybÃ¨le|[msg]
|move|p2a: CybÃ¨le|Sludge Bomb|p1a: Venusaur
|-damage|p1a: Venusaur|181\/364
|
|turn|42
|
|move|p1a: Venusaur|Synthesis|p1a: Venusaur
|-heal|p1a: Venusaur|363\/364
|move|p2a: CybÃ¨le|Earthquake|p1a: Venusaur
|-damage|p1a: Venusaur|304\/364
|
|turn|43
|
|move|p1a: Venusaur|Hidden Power|p2a: CybÃ¨le
|-supereffective|p2a: CybÃ¨le
|-damage|p2a: CybÃ¨le|312\/364
|move|p2a: CybÃ¨le|Earthquake|p1a: Venusaur
|-damage|p1a: Venusaur|249\/364
|
|turn|44
|
|move|p1a: Venusaur|Hidden Power|p2a: CybÃ¨le
|-supereffective|p2a: CybÃ¨le
|-damage|p2a: CybÃ¨le|264\/364
|move|p2a: CybÃ¨le|Earthquake|p1a: Venusaur
|-crit|p1a: Venusaur
|-damage|p1a: Venusaur|158\/364
|
|turn|45
|
|move|p1a: Venusaur|Synthesis|p1a: Venusaur
|-heal|p1a: Venusaur|340\/364
|move|p2a: CybÃ¨le|Sludge Bomb|p1a: Venusaur
|-damage|p1a: Venusaur|240\/364
|
|turn|46
|
|move|p1a: Venusaur|Hidden Power|p2a: CybÃ¨le
|-supereffective|p2a: CybÃ¨le
|-damage|p2a: CybÃ¨le|214\/364
|move|p2a: CybÃ¨le|Earthquake|p1a: Venusaur
|-damage|p1a: Venusaur|177\/364
|
|turn|47
|
|move|p1a: Venusaur|Synthesis|p1a: Venusaur
|-heal|p1a: Venusaur|359\/364
|move|p2a: CybÃ¨le|Synthesis|p2a: CybÃ¨le
|-heal|p2a: CybÃ¨le|364\/364
|
|turn|48
|
|switch|p1a: Skarmory|Skarmory, M|334\/334
|move|p2a: CybÃ¨le|Sludge Bomb|p1a: Skarmory
|-immune|p1a: Skarmory|[msg]
|
|turn|49
|
|switch|p1a: Venusaur|Venusaur, M|359\/364
|-formechange|p1a: Venusaur|Venusaur-Mega
|switch|p2a: SasoriV2|Gliscor, F|329\/354 tox
|
|-heal|p2a: SasoriV2|354\/354 tox|[from] ability: Poison Heal
|turn|50
|
|switch|p2a: CybÃ¨le|Venusaur, M|364\/364
|-formechange|p2a: CybÃ¨le|Venusaur-Mega
|move|p1a: Venusaur|Giga Drain|p2a: CybÃ¨le
|-resisted|p2a: CybÃ¨le
|-damage|p2a: CybÃ¨le|340\/364
|-heal|p1a: Venusaur|364\/364|[from] drain|[of] p2a: CybÃ¨le
|
|turn|51
|
|switch|p1a: Skarmory|Skarmory, M|334\/334
|switch|p2a: Raikiri|Thundurus-Therian, M|99\/299
|
|turn|52
|
|switch|p1a: Venusaur|Venusaur, M|364\/364
|-formechange|p1a: Venusaur|Venusaur-Mega
|move|p2a: Raikiri|Volt Switch|p1a: Venusaur
|-resisted|p1a: Venusaur
|-damage|p1a: Venusaur|303\/364
|
|switch|p2a: CybÃ¨le|Venusaur, M|340\/364
|-formechange|p2a: CybÃ¨le|Venusaur-Mega
|
|turn|53
|
|switch|p1a: Skarmory|Skarmory, M|334\/334
|move|p2a: CybÃ¨le|Sludge Bomb|p1a: Skarmory
|-immune|p1a: Skarmory|[msg]
|
|turn|54
|
|move|p2a: CybÃ¨le|Giga Drain|p1a: Skarmory
|-resisted|p1a: Skarmory
|-damage|p1a: Skarmory|298\/334
|-heal|p2a: CybÃ¨le|358\/364|[from] drain|[of] p1a: Skarmory
|move|p1a: Skarmory|Toxic|p2a: CybÃ¨le|[miss]
|-miss|p1a: Skarmory|p2a: CybÃ¨le
|
|turn|55
|
|move|p1a: Skarmory|Toxic|p2a: CybÃ¨le
|-fail|p2a: CybÃ¨le
|move|p2a: CybÃ¨le|Giga Drain|p1a: Skarmory
|-resisted|p1a: Skarmory
|-damage|p1a: Skarmory|265\/334
|-heal|p2a: CybÃ¨le|364\/364|[from] drain|[of] p1a: Skarmory
|
|turn|56
|
|move|p2a: CybÃ¨le|Giga Drain|p1a: Skarmory
|-resisted|p1a: Skarmory
|-damage|p1a: Skarmory|233\/334
|move|p1a: Skarmory|Toxic|p2a: CybÃ¨le
|-fail|p2a: CybÃ¨le
|
|turn|57
|
|move|p1a: Skarmory|Toxic|p2a: CybÃ¨le
|-fail|p2a: CybÃ¨le
|move|p2a: CybÃ¨le|Giga Drain|p1a: Skarmory
|-resisted|p1a: Skarmory
|-damage|p1a: Skarmory|197\/334
|
|turn|58
|
|move|p1a: Skarmory|Roost|p1a: Skarmory
|-heal|p1a: Skarmory|334\/334
|move|p2a: CybÃ¨le|Earthquake|p1a: Skarmory
|-supereffective|p1a: Skarmory
|-damage|p1a: Skarmory|242\/334
|
|turn|59
|
|switch|p2a: SasoriV2|Gliscor, F|354\/354 tox
|move|p1a: Skarmory|Counter|p2a: SasoriV2
|-fail|p2a: SasoriV2
|
|turn|60
|
|move|p2a: SasoriV2|Stealth Rock|p1a: Skarmory
|-sidestart|p1: Triayko|move: Stealth Rock
|move|p1a: Skarmory|Roost|p1a: Skarmory
|-heal|p1a: Skarmory|334\/334
|
|turn|61
|
|switch|p2a: Raikiri|Thundurus-Therian, M|99\/299
|move|p1a: Skarmory|Defog|p2a: Raikiri
|-unboost|p2a: Raikiri|evasion|1
|-sideend|p1: Triayko|Stealth Rock|[from] move: Defog|[of] p1a: Skarmory
|
|turn|62
|
|switch|p1a: Quagsire|Quagsire, M|291\/394
|move|p2a: Raikiri|Volt Switch|p1a: Quagsire
|-immune|p1a: Quagsire|[msg]
|
|-heal|p1a: Quagsire|315\/394|[from] item: Leftovers
|turn|63
|
|switch|p2a: CybÃ¨le|Venusaur, M|364\/364
|-formechange|p2a: CybÃ¨le|Venusaur-Mega
|switch|p1a: Venusaur|Venusaur, M|303\/364
|-formechange|p1a: Venusaur|Venusaur-Mega
|
|turn|64
|
|switch|p1a: Skarmory|Skarmory, M|334\/334
|move|p2a: CybÃ¨le|Sludge Bomb|p1a: Skarmory
|-immune|p1a: Skarmory|[msg]
|
|turn|65
|
|move|p1a: Skarmory|Toxic|p2a: CybÃ¨le
|-fail|p2a: CybÃ¨le
|move|p2a: CybÃ¨le|Giga Drain|p1a: Skarmory
|-resisted|p1a: Skarmory
|-damage|p1a: Skarmory|297\/334
|
|turn|66
|
|move|p1a: Skarmory|Defog|p2a: CybÃ¨le
|-unboost|p2a: CybÃ¨le|evasion|1
|move|p2a: CybÃ¨le|Giga Drain|p1a: Skarmory
|-resisted|p1a: Skarmory
|-damage|p1a: Skarmory|260\/334
|
|turn|67
|
|switch|p2a: SasoriV2|Gliscor, F|354\/354 tox
|move|p1a: Skarmory|Defog|p2a: SasoriV2
|-unboost|p2a: SasoriV2|evasion|1
|
|turn|68
|
|move|p2a: SasoriV2|Stealth Rock|p1a: Skarmory
|-sidestart|p1: Triayko|move: Stealth Rock
|move|p1a: Skarmory|Roost|p1a: Skarmory
|-heal|p1a: Skarmory|334\/334
|
|turn|69
|
|move|p2a: SasoriV2|Stealth Rock|p1a: Skarmory
|-fail|p1a: Skarmory
|move|p1a: Skarmory|Toxic|p2a: SasoriV2
|-fail|p2a: SasoriV2|tox
|
|turn|70
|
|move|p2a: SasoriV2|Stealth Rock|p1a: Skarmory
|-fail|p1a: Skarmory
|move|p1a: Skarmory|Toxic|p2a: SasoriV2
|-fail|p2a: SasoriV2|tox
|
|turn|71
|
|move|p2a: SasoriV2|Stealth Rock|p1a: Skarmory
|-fail|p1a: Skarmory
|move|p1a: Skarmory|Defog|p2a: SasoriV2
|-unboost|p2a: SasoriV2|evasion|1
|-sideend|p1: Triayko|Stealth Rock|[from] move: Defog|[of] p1a: Skarmory
|
|turn|72
|
|move|p2a: SasoriV2|Stealth Rock|p1a: Skarmory
|-sidestart|p1: Triayko|move: Stealth Rock
|move|p1a: Skarmory|Toxic|p2a: SasoriV2
|-fail|p2a: SasoriV2|tox
|
|turn|73
|
|move|p2a: SasoriV2|Stealth Rock|p1a: Skarmory
|-fail|p1a: Skarmory
|move|p1a: Skarmory|Toxic|p2a: SasoriV2
|-fail|p2a: SasoriV2|tox
|
|turn|74
|
|move|p2a: SasoriV2|Stealth Rock|p1a: Skarmory
|-fail|p1a: Skarmory
|move|p1a: Skarmory|Defog|p2a: SasoriV2
|-unboost|p2a: SasoriV2|evasion|1
|-sideend|p1: Triayko|Stealth Rock|[from] move: Defog|[of] p1a: Skarmory
|
|turn|75
|
|switch|p1a: Quagsire|Quagsire, M|315\/394
|move|p2a: SasoriV2|Stealth Rock|p1a: Quagsire
|-sidestart|p1: Triayko|move: Stealth Rock
|
|-heal|p1a: Quagsire|339\/394|[from] item: Leftovers
|turn|76
|
|switch|p2a: CybÃ¨le|Venusaur, M|364\/364
|-formechange|p2a: CybÃ¨le|Venusaur-Mega
|move|p1a: Quagsire|Scald|p2a: CybÃ¨le
|-resisted|p2a: CybÃ¨le
|-damage|p2a: CybÃ¨le|335\/364
|-status|p2a: CybÃ¨le|brn
|
|-heal|p1a: Quagsire|363\/394|[from] item: Leftovers
|-damage|p2a: CybÃ¨le|290\/364 brn|[from] brn
|turn|77
|
|switch|p2a: Raikiri|Thundurus-Therian, M|99\/299
|switch|p1a: Skarmory|Skarmory, M|334\/334
|-damage|p1a: Skarmory|293\/334|[from] Stealth Rock
|
|turn|78
|
|switch|p1a: Venusaur|Venusaur, M|303\/364
|-formechange|p1a: Venusaur|Venusaur-Mega
|-damage|p1a: Venusaur|258\/364|[from] Stealth Rock
|move|p2a: Raikiri|Volt Switch|p1a: Venusaur
|-resisted|p1a: Venusaur
|-damage|p1a: Venusaur|198\/364
|
|switch|p2a: CybÃ¨le|Venusaur, M|290\/364 brn
|-formechange|p2a: CybÃ¨le|Venusaur-Mega
|
|-damage|p2a: CybÃ¨le|245\/364 brn|[from] brn
|turn|79
|
|move|p1a: Venusaur|Synthesis|p1a: Venusaur
|-heal|p1a: Venusaur|364\/364
|move|p2a: CybÃ¨le|Giga Drain|p1a: Venusaur
|-resisted|p1a: Venusaur
|-damage|p1a: Venusaur|346\/364
|-heal|p2a: CybÃ¨le|254\/364 brn|[from] drain|[of] p1a: Venusaur
|
|-damage|p2a: CybÃ¨le|209\/364 brn|[from] brn
|turn|80
|
|move|p1a: Venusaur|Hidden Power|p2a: CybÃ¨le
|-supereffective|p2a: CybÃ¨le
|-damage|p2a: CybÃ¨le|155\/364 brn
|move|p2a: CybÃ¨le|Synthesis|p2a: CybÃ¨le
|-heal|p2a: CybÃ¨le|337\/364 brn
|
|-damage|p2a: CybÃ¨le|292\/364 brn|[from] brn
|turn|81
|
|move|p1a: Venusaur|Hidden Power|p2a: CybÃ¨le
|-supereffective|p2a: CybÃ¨le
|-damage|p2a: CybÃ¨le|244\/364 brn
|move|p2a: CybÃ¨le|Sludge Bomb|p1a: Venusaur
|-crit|p1a: Venusaur
|-damage|p1a: Venusaur|192\/364
|
|-damage|p2a: CybÃ¨le|199\/364 brn|[from] brn
|turn|82
|
|switch|p1a: Skarmory|Skarmory, M|293\/334
|-damage|p1a: Skarmory|252\/334|[from] Stealth Rock
|move|p2a: CybÃ¨le|Synthesis|p2a: CybÃ¨le
|-heal|p2a: CybÃ¨le|364\/364 brn
|
|-damage|p2a: CybÃ¨le|319\/364 brn|[from] brn
|turn|83
|
|switch|p2a: SasoriV2|Gliscor, F|354\/354 tox
|move|p1a: Skarmory|Toxic|p2a: SasoriV2
|-fail|p2a: SasoriV2|tox
|
|turn|84
|
|move|p2a: SasoriV2|Stealth Rock|p1a: Skarmory
|-fail|p1a: Skarmory
|move|p1a: Skarmory|Defog|p2a: SasoriV2
|-unboost|p2a: SasoriV2|evasion|1
|-sideend|p1: Triayko|Stealth Rock|[from] move: Defog|[of] p1a: Skarmory
|
|turn|85
|
|switch|p1a: Quagsire|Quagsire, M|363\/394
|move|p2a: SasoriV2|Stealth Rock|p1a: Quagsire
|-sidestart|p1: Triayko|move: Stealth Rock
|
|-heal|p1a: Quagsire|387\/394|[from] item: Leftovers
|turn|86
|
|switch|p2a: CybÃ¨le|Venusaur, M|319\/364 brn
|-formechange|p2a: CybÃ¨le|Venusaur-Mega
|move|p1a: Quagsire|Scald|p2a: CybÃ¨le
|-resisted|p2a: CybÃ¨le
|-damage|p2a: CybÃ¨le|291\/364 brn
|
|-heal|p1a: Quagsire|394\/394|[from] item: Leftovers
|-damage|p2a: CybÃ¨le|246\/364 brn|[from] brn
|turn|87
|
|switch|p1a: Skarmory|Skarmory, M|252\/334
|-damage|p1a: Skarmory|211\/334|[from] Stealth Rock
|move|p2a: CybÃ¨le|Sludge Bomb|p1a: Skarmory
|-immune|p1a: Skarmory|[msg]
|
|-damage|p2a: CybÃ¨le|201\/364 brn|[from] brn
|turn|88
|
|move|p1a: Skarmory|Defog|p2a: CybÃ¨le
|-unboost|p2a: CybÃ¨le|evasion|1
|-sideend|p1: Triayko|Stealth Rock|[from] move: Defog|[of] p1a: Skarmory
|move|p2a: CybÃ¨le|Synthesis|p2a: CybÃ¨le
|-heal|p2a: CybÃ¨le|364\/364 brn
|
|-damage|p2a: CybÃ¨le|319\/364 brn|[from] brn
|turn|89
|
|switch|p2a: SasoriV2|Gliscor, F|354\/354 tox
|move|p1a: Skarmory|Roost|p1a: Skarmory
|-heal|p1a: Skarmory|334\/334
|
|turn|90
|
|switch|p1a: Venusaur|Venusaur, M|192\/364
|-formechange|p1a: Venusaur|Venusaur-Mega
|move|p2a: SasoriV2|Stealth Rock|p1a: Venusaur
|-sidestart|p1: Triayko|move: Stealth Rock
|
|turn|91
|
|switch|p2a: CybÃ¨le|Venusaur, M|319\/364 brn
|-formechange|p2a: CybÃ¨le|Venusaur-Mega
|move|p1a: Venusaur|Synthesis|p1a: Venusaur
|-heal|p1a: Venusaur|364\/364
|
|-damage|p2a: CybÃ¨le|274\/364 brn|[from] brn
|turn|92
|
|switch|p1a: Skarmory|Skarmory, M|334\/334
|-damage|p1a: Skarmory|293\/334|[from] Stealth Rock
|move|p2a: CybÃ¨le|Sludge Bomb|p1a: Skarmory
|-immune|p1a: Skarmory|[msg]
|
|-damage|p2a: CybÃ¨le|229\/364 brn|[from] brn
|turn|93
|
|switch|p2a: SasoriV2|Gliscor, F|354\/354 tox
|move|p1a: Skarmory|Defog|p2a: SasoriV2
|-unboost|p2a: SasoriV2|evasion|1
|-sideend|p1: Triayko|Stealth Rock|[from] move: Defog|[of] p1a: Skarmory
|
|turn|94
|
|move|p2a: SasoriV2|Toxic|p1a: Skarmory
|-fail|p1a: Skarmory
|move|p1a: Skarmory|Roost|p1a: Skarmory
|-heal|p1a: Skarmory|334\/334
|
|turn|95
|
|switch|p2a: CybÃ¨le|Venusaur, M|229\/364 brn
|-formechange|p2a: CybÃ¨le|Venusaur-Mega
|switch|p1a: Quagsire|Quagsire, M|394\/394
|
|-damage|p2a: CybÃ¨le|184\/364 brn|[from] brn
|turn|96
|
|switch|p1a: Skarmory|Skarmory, M|334\/334
|move|p2a: CybÃ¨le|Giga Drain|p1a: Skarmory
|-resisted|p1a: Skarmory
|-damage|p1a: Skarmory|300\/334
|-heal|p2a: CybÃ¨le|201\/364 brn|[from] drain|[of] p1a: Skarmory
|
|-damage|p2a: CybÃ¨le|156\/364 brn|[from] brn
|turn|97
|
|switch|p1a: Venusaur|Venusaur, M|364\/364
|-formechange|p1a: Venusaur|Venusaur-Mega
|move|p2a: CybÃ¨le|Synthesis|p2a: CybÃ¨le
|-heal|p2a: CybÃ¨le|338\/364 brn
|
|-damage|p2a: CybÃ¨le|293\/364 brn|[from] brn
|turn|98
|
|switch|p1a: Skarmory|Skarmory, M|300\/334
|move|p2a: CybÃ¨le|Earthquake|p1a: Skarmory
|-immune|p1a: Skarmory|[msg]
|
|-damage|p2a: CybÃ¨le|248\/364 brn|[from] brn
|turn|99
|
|switch|p2a: SasoriV2|Gliscor, F|354\/354 tox
|switch|p1a: Venusaur|Venusaur, M|364\/364
|-formechange|p1a: Venusaur|Venusaur-Mega
|
|turn|100
|
|switch|p2a: CybÃ¨le|Venusaur, M|248\/364 brn
|-formechange|p2a: CybÃ¨le|Venusaur-Mega
|move|p1a: Venusaur|Leech Seed|p2a: CybÃ¨le
|-immune|p2a: CybÃ¨le|[msg]
|
|-damage|p2a: CybÃ¨le|203\/364 brn|[from] brn
|turn|101
|
|switch|p2a: SasoriV2|Gliscor, F|354\/354 tox
|move|p1a: Venusaur|Hidden Power|p2a: SasoriV2
|-damage|p2a: SasoriV2|273\/354 tox
|
|-heal|p2a: SasoriV2|317\/354 tox|[from] ability: Poison Heal
|turn|102
|
|switch|p2a: CybÃ¨le|Venusaur, M|203\/364 brn
|-formechange|p2a: CybÃ¨le|Venusaur-Mega
|move|p1a: Venusaur|Giga Drain|p2a: CybÃ¨le
|-resisted|p2a: CybÃ¨le
|-damage|p2a: CybÃ¨le|178\/364 brn
|
|-damage|p2a: CybÃ¨le|133\/364 brn|[from] brn
|turn|103
|
|move|p1a: Venusaur|Hidden Power|p2a: CybÃ¨le
|-supereffective|p2a: CybÃ¨le
|-damage|p2a: CybÃ¨le|81\/364 brn
|move|p2a: CybÃ¨le|Synthesis|p2a: CybÃ¨le
|-heal|p2a: CybÃ¨le|263\/364 brn
|
|-damage|p2a: CybÃ¨le|218\/364 brn|[from] brn
|turn|104
|-message|Gaet-Kun06 forfeited.
|
|win|Triayko
|raw|Ladder updating...
|raw|Triayko's rating: 1658 &rarr; <strong>1674<\/strong><br \/>(+16 for winning)
|raw|Gaet-Kun06's rating: 1578 &rarr; <strong>1563<\/strong><br \/>(-15 for losing)
|leave|Gaet-Kun06
|player|p2