|join|angelus7
|join|Gaet-Kun06
|player|p1|angelus7|260
|player|p2|Gaet-Kun06|163
|gametype|singles
|gen|6
|tier|OU
|rated
|clearpoke
|poke|p1|Greninja, M
|poke|p1|Azumarill, F
|poke|p1|Conkeldurr, F
|poke|p1|Chansey, F
|poke|p1|Excadrill, F
|poke|p1|Charizard, M
|poke|p2|Scizor, F
|poke|p2|Lanturn, M
|poke|p2|Kyurem-Black
|poke|p2|Mew
|poke|p2|Clefable, M
|poke|p2|Gliscor, F
|rule|Swagger Clause: Swagger is banned
|rule|Baton Pass Clause: Limit one PokÃ©mon knowing Baton Pass
|rule|Sleep Clause Mod: Limit one foe put to sleep
|rule|Species Clause: Limit one of each PokÃ©mon
|rule|OHKO Clause: OHKO moves are banned
|rule|Moody Clause: Moody is banned
|rule|Evasion Moves Clause: Evasion moves are banned
|rule|Endless Battle Clause: Forcing endless battles is banned
|rule|HP Percentage Mod: HP is shown in percentages
|teampreview
|join|SoyTroll
|join|Minfaro
|c| Minfaro|luser
|c| Minfaro|noob
|c| SoyTroll|eres feo
|c| Minfaro|manco
|c| Minfaro|tt
|c| SoyTroll|cacaccacacac
|c|âGaet-Kun06|?
|c| SoyTroll|eres tonto
|c| Minfaro|yo stoy en otra
|
|start
|switch|p1a: Greninja|Greninja, M|286\/286
|switch|p2a: Mew|Mew|404\/404
|turn|1
|c| SoyTroll|calla cabron
|c| Minfaro|shule
|c| SoyTroll|k
|
|switch|p2a: Lanturn|Lanturn, M|454\/454
|move|p1a: Greninja|Dark Pulse|p2a: Lanturn
|-start|p1a: Greninja|typechange|Dark|[from] Protean
|-damage|p2a: Lanturn|328\/454
|-damage|p1a: Greninja|258\/286|[from] item: Life Orb
|
|-heal|p2a: Lanturn|356\/454|[from] item: Leftovers
|turn|2
|c| SoyTroll|creo que esta en el movil
|c| Minfaro|sa ido el de mi partida 
|c| Minfaro|free win
|
|switch|p1a: Excadrill|Excadrill, F|362\/362
|-ability|p1a: Excadrill|Mold Breaker
|switch|p2a: Mew|Mew|404\/404
|
|turn|3
|c| SoyTroll|y no puede leer los comentarios
|c| Minfaro|q pringao
|c| Minfaro|shule
|c| SoyTroll|angel malooooo
|c| SoyTroll|uuuuu
|c| Minfaro|mira mi rank
|c| SoyTroll|cabezON
|c| Minfaro|he ganao otra
|
|switch|p1a: Greninja|Greninja, M|258\/286
|move|p2a: Mew|Will-O-Wisp|p1a: Greninja|[miss]
|-miss|p2a: Mew|p1a: Greninja
|
|turn|4
|c| Minfaro|1528
|c| Minfaro|1529*
|c| SoyTroll|1529
|c| SoyTroll|xd
|
|switch|p2a: Lanturn|Lanturn, M|356\/454
|move|p1a: Greninja|Dark Pulse|p2a: Lanturn
|-start|p1a: Greninja|typechange|Dark|[from] Protean
|-damage|p2a: Lanturn|227\/454
|-damage|p1a: Greninja|230\/286|[from] item: Life Orb
|
|-heal|p2a: Lanturn|255\/454|[from] item: Leftovers
|turn|5
|c| Minfaro|si, el de mi partida estaba inactivo jajaj
|c| Minfaro|que nuv tio
|
|move|p1a: Greninja|Dark Pulse|p2a: Lanturn
|-damage|p2a: Lanturn|119\/454
|-damage|p1a: Greninja|202\/286|[from] item: Life Orb
|move|p2a: Lanturn|Scald|p1a: Greninja
|-damage|p1a: Greninja|99\/286
|
|-heal|p2a: Lanturn|147\/454|[from] item: Leftovers
|turn|6
|c| SoyTroll|huele a lose
|c| SoyTroll|angel vas a perder?
|
|move|p1a: Greninja|Dark Pulse|p2a: Lanturn
|-damage|p2a: Lanturn|13\/454
|-damage|p1a: Greninja|71\/286|[from] item: Life Orb
|move|p2a: Lanturn|Rest|p2a: Lanturn
|-status|p2a: Lanturn|slp
|-heal|p2a: Lanturn|454\/454 slp|[silent]
|-status|p2a: Lanturn|slp|[from] move: Rest
|
|turn|7
|c| Minfaro|nope
|c| SoyTroll|baaka
|c| Minfaro|xD
|c| Minfaro|fuuuckon
|
|switch|p1a: Chansey|Chansey, F|704\/704
|cant|p2a: Lanturn|slp
|move|p2a: Lanturn|Sleep Talk|p2a: Lanturn
|move|p2a: Lanturn|Rest|p2a: Lanturn|[from]Sleep Talk
|-fail|p2a: Lanturn
|
|turn|8
|c| SoyTroll|omg omg
|c| Minfaro|me cago en la cona de las conas
|
|switch|p2a: Mew|Mew|404\/404
|move|p1a: Chansey|Wish|p1a: Chansey
|
|turn|9
|c| SoyTroll|batarcio
|
|switch|p1a: Greninja|Greninja, M|71\/286
|move|p2a: Mew|Knock Off|p1a: Greninja
|-resisted|p1a: Greninja
|-damage|p1a: Greninja|16\/286
|-enditem|p1a: Greninja|Life Orb|[from] move: Knock Off|[of] p2a: Mew
|
|-heal|p1a: Greninja|286\/286|[from] move: Wish|[wisher] Chansey
|turn|10
|c| SoyTroll|he buenas a todo aquei willyrex comentandooo
|
|move|p1a: Greninja|Dark Pulse|p2a: Mew
|-start|p1a: Greninja|typechange|Dark|[from] Protean
|-supereffective|p2a: Mew
|-damage|p2a: Mew|194\/404
|move|p2a: Mew|Will-O-Wisp|p1a: Greninja
|-status|p1a: Greninja|brn
|
|-heal|p2a: Mew|219\/404|[from] item: Leftovers
|-damage|p1a: Greninja|251\/286 brn|[from] brn
|turn|11
|c| Minfaro|tiooo
|c| Minfaro|sida
|
|switch|p1a: Charizard|Charizard, M|298\/298
|switch|p2a: Lanturn|Lanturn, M|454\/454 slp
|
|turn|12
|c| Minfaro|yo tengo ;(
|c| Minfaro|;)*
|c| SoyTroll|Ã©bola
|c| Minfaro|esta tarde quedamos no?
|c| SoyTroll|sip
|
|detailschange|p1a: Charizard|Charizard-Mega-Y, M
|message|Charizard has Mega Evolved into Mega Charizard!
|-weather|SunnyDay
|move|p1a: Charizard|Solar Beam|p2a: Lanturn|[still]
|-prepare|p1a: Charizard|Solar Beam|p2a: Lanturn
|-anim|p1a: Charizard|Solar Beam|p2a: Lanturn
|-supereffective|p2a: Lanturn
|-damage|p2a: Lanturn|192\/454 slp
|cant|p2a: Lanturn|slp
|move|p2a: Lanturn|Sleep Talk|p2a: Lanturn
|move|p2a: Lanturn|Rest|p2a: Lanturn|[from]Sleep Talk
|-fail|p2a: Lanturn
|
|-weather|SunnyDay|[upkeep]
|-heal|p2a: Lanturn|220\/454 slp|[from] item: Leftovers
|turn|13
|
|move|p1a: Charizard|Solar Beam|p2a: Lanturn|[still]
|-prepare|p1a: Charizard|Solar Beam|p2a: Lanturn
|-anim|p1a: Charizard|Solar Beam|p2a: Lanturn
|-supereffective|p2a: Lanturn
|-damage|p2a: Lanturn|0 fnt
|faint|p2a: Lanturn
|
|-weather|SunnyDay|[upkeep]
|c| SoyTroll|haxxx
|
|switch|p2a: Kyurem-Black|Kyurem-Black|391\/391
|-ability|p2a: Kyurem-Black|Teravolt
|turn|14
|c| SoyTroll|ppapapappapapapappapapapapapappa
|
|switch|p1a: Chansey|Chansey, F|704\/704
|move|p2a: Kyurem-Black|Ice Beam|p1a: Chansey
|-damage|p1a: Chansey|570\/704
|-damage|p2a: Kyurem-Black|352\/391|[from] item: Life Orb
|
|-weather|SunnyDay|[upkeep]
|turn|15
|c| SoyTroll|que retraso
|c| SoyTroll|peros si tiene n ataaso que flipas
|
|switch|p2a: Mew|Mew|219\/404
|switch|p1a: Greninja|Greninja, M|251\/286 brn
|
|-weather|SunnyDay|[upkeep]
|-heal|p2a: Mew|244\/404|[from] item: Leftovers
|-damage|p1a: Greninja|216\/286 brn|[from] brn
|turn|16
|
|move|p1a: Greninja|Ice Beam|p2a: Mew
|-start|p1a: Greninja|typechange|Ice|[from] Protean
|-damage|p2a: Mew|135\/404
|move|p2a: Mew|Roost|p2a: Mew
|-heal|p2a: Mew|337\/404
|
|-weather|none
|-heal|p2a: Mew|362\/404|[from] item: Leftovers
|-damage|p1a: Greninja|181\/286 brn|[from] brn
|turn|17
|c| SoyTroll|es verdad quee es mejor extrasensory
|
|switch|p1a: Charizard|Charizard-Mega-Y, M|298\/298
|-weather|SunnyDay
|move|p2a: Mew|Roost|p2a: Mew
|-heal|p2a: Mew|404\/404
|
|-weather|SunnyDay|[upkeep]
|turn|18
|
|move|p1a: Charizard|Flamethrower|p2a: Mew
|-damage|p2a: Mew|185\/404
|move|p2a: Mew|Knock Off|p1a: Charizard
|-damage|p1a: Charizard|232\/298
|
|-weather|SunnyDay|[upkeep]
|-heal|p2a: Mew|210\/404|[from] item: Leftovers
|turn|19
|
|move|p1a: Charizard|Flamethrower|p2a: Mew
|-damage|p2a: Mew|0 fnt
|faint|p2a: Mew
|
|-weather|SunnyDay|[upkeep]
|-message|Gaet-Kun06 forfeited.
|
|win|angelus7
|raw|Ladder updating...
|leave|Gaet-Kun06
|player|p2
|raw|angelus7's rating: 1521 &rarr; <strong>1540<\/strong><br \/>(+19 for winning)
|raw|Gaet-Kun06's rating: 1498 &rarr; <strong>1479<\/strong><br \/>(-19 for losing)