|join|Gaet-Kun06
|join|CrowbarMan
|player|p1|Gaet-Kun06|163
|player|p2|CrowbarMan|70
|gametype|singles
|gen|6
|tier|OU
|rated
|clearpoke
|poke|p1|Raikou, shiny
|poke|p1|Gliscor, M
|poke|p1|Kyurem-Black
|poke|p1|Mandibuzz, F
|poke|p1|Talonflame, M
|poke|p1|Mawile, M
|poke|p2|Scizor, M
|poke|p2|Aegislash, M, shiny
|poke|p2|Kyurem-Black
|poke|p2|Garchomp, M, shiny
|poke|p2|Greninja, M
|poke|p2|Chansey, F
|rule|Swagger Clause: Swagger is banned
|rule|Baton Pass Clause: Limit one PokÃ©mon knowing Baton Pass
|rule|Sleep Clause Mod: Limit one foe put to sleep
|rule|Species Clause: Limit one of each PokÃ©mon
|rule|OHKO Clause: OHKO moves are banned
|rule|Moody Clause: Moody is banned
|rule|Evasion Moves Clause: Evasion moves are banned
|rule|Endless Battle Clause: Forcing endless battles is banned
|rule|HP Percentage Mod: HP is reported as percentages
|teampreview
|join|Rayze
|
|start
|switch|p1a: Sasori|Gliscor, M|352\/352
|switch|p2a: Chansey|Chansey, F|642\/642
|turn|1
|
|switch|p2a: Scizor|Scizor, M|343\/343
|move|p1a: Sasori|Taunt|p2a: Scizor
|-start|p2a: Scizor|move: Taunt
|
|-status|p1a: Sasori|tox|[from] item: Toxic Orb
|turn|2
|
|detailschange|p2a: Scizor|Scizor-Mega, M
|message|Scizor has Mega Evolved into Mega Scizor!
|move|p2a: Scizor|Bullet Punch|p1a: Sasori
|-damage|p1a: Sasori|262\/352 tox
|move|p1a: Sasori|Stealth Rock|p2a: Scizor
|-sidestart|p2: CrowbarMan|move: Stealth Rock
|
|-heal|p1a: Sasori|306\/352 tox|[from] ability: Poison Heal
|turn|3
|
|switch|p2a: Garchomp|Garchomp, M, shiny|420\/420
|-damage|p2a: Garchomp|394\/420|[from] Stealth Rock
|move|p1a: Sasori|Knock Off|p2a: Garchomp
|-damage|p2a: Garchomp|341\/420
|-damage|p1a: Sasori|262\/352 tox|[from] ability: Rough Skin|[of] p2a: Garchomp
|-damage|p1a: Sasori|204\/352 tox|[from] item: Rocky Helmet|[of] p2a: Garchomp
|-enditem|p2a: Garchomp|Rocky Helmet|[from] move: Knock Off|[of] p1a: Sasori
|
|-heal|p1a: Sasori|248\/352 tox|[from] ability: Poison Heal
|turn|4
|
|switch|p1a: Miss Friday|Mandibuzz, F|423\/423
|move|p2a: Garchomp|Stealth Rock|p1a: Miss Friday
|-sidestart|p1: Gaet-Kun06|move: Stealth Rock
|
|turn|5
|
|move|p2a: Garchomp|Toxic|p1a: Miss Friday
|-status|p1a: Miss Friday|tox
|move|p1a: Miss Friday|Defog|p2a: Garchomp
|-unboost|p2a: Garchomp|evasion|1
|-sideend|p2: CrowbarMan|Stealth Rock|[from] move: Defog|[of] p2a: Garchomp
|-sideend|p1: Gaet-Kun06|Stealth Rock|[from] move: Defog|[of] p1a: Miss Friday
|
|-damage|p1a: Miss Friday|397\/423 tox|[from] psn
|turn|6
|
|move|p2a: Garchomp|Stealth Rock|p1a: Miss Friday
|-sidestart|p1: Gaet-Kun06|move: Stealth Rock
|move|p1a: Miss Friday|Taunt|p2a: Garchomp
|-start|p2a: Garchomp|move: Taunt
|
|-heal|p1a: Miss Friday|423\/423 tox|[from] item: Leftovers
|-damage|p1a: Miss Friday|371\/423 tox|[from] psn
|turn|7
|
|switch|p2a: Greninja|Greninja, M|286\/286
|move|p1a: Miss Friday|Defog|p2a: Greninja
|-unboost|p2a: Greninja|evasion|1
|-sideend|p1: Gaet-Kun06|Stealth Rock|[from] move: Defog|[of] p1a: Miss Friday
|
|-heal|p1a: Miss Friday|397\/423 tox|[from] item: Leftovers
|-damage|p1a: Miss Friday|319\/423 tox|[from] psn
|turn|8
|
|switch|p1a: Raigami|Raikou, shiny|321\/321
|-ability|p1a: Raigami|Pressure
|move|p2a: Greninja|Ice Beam|p1a: Raigami
|-start|p2a: Greninja|typechange|Ice|[from] Protean
|-damage|p1a: Raigami|196\/321
|-damage|p2a: Greninja|258\/286|[from] item: Life Orb
|
|turn|9
|
|switch|p2a: Chansey|Chansey, F|642\/642
|move|p1a: Raigami|Volt Switch|p2a: Chansey
|-damage|p2a: Chansey|581\/642
|
|switch|p1a: Manshelly|Mawile, M|300\/300
|-ability|p1a: Manshelly|Intimidate|[of] p2a: Chansey
|-unboost|p2a: Chansey|atk|1
|
|turn|10
|
|switch|p2a: Scizor|Scizor-Mega, M|343\/343
|detailschange|p1a: Manshelly|Mawile-Mega, M
|message|Mawile has Mega Evolved into Mega Mawile!
|move|p1a: Manshelly|Play Rough|p2a: Scizor
|-resisted|p2a: Scizor
|-damage|p2a: Scizor|243\/343
|
|turn|11
|
|switch|p2a: Garchomp|Garchomp, M, shiny|341\/420
|switch|p1a: Sasori|Gliscor, M|248\/352 tox
|
|-heal|p1a: Sasori|292\/352 tox|[from] ability: Poison Heal
|turn|12
|
|move|p1a: Sasori|Stealth Rock|p2a: Garchomp
|-sidestart|p2: CrowbarMan|move: Stealth Rock
|move|p2a: Garchomp|Stealth Rock|p1a: Sasori
|-sidestart|p1: Gaet-Kun06|move: Stealth Rock
|
|-heal|p1a: Sasori|336\/352 tox|[from] ability: Poison Heal
|turn|13
|
|move|p1a: Sasori|Earthquake|p2a: Garchomp
|-damage|p2a: Garchomp|254\/420
|move|p2a: Garchomp|Dragon Tail|p1a: Sasori
|-damage|p1a: Sasori|263\/352 tox
|drag|p1a: Raigami|Raikou, shiny|196\/321
|-damage|p1a: Raigami|156\/321|[from] Stealth Rock
|-ability|p1a: Raigami|Pressure
|
|turn|14
|
|switch|p2a: Chansey|Chansey, F|581\/642
|-damage|p2a: Chansey|501\/642|[from] Stealth Rock
|move|p1a: Raigami|Hidden Power|p2a: Chansey
|-damage|p2a: Chansey|470\/642
|
|turn|15
|
|move|p1a: Raigami|Volt Switch|p2a: Chansey
|-crit|p2a: Chansey
|-damage|p2a: Chansey|388\/642
|
|switch|p1a: Miss Friday|Mandibuzz, F|319\/423 tox
|-damage|p1a: Miss Friday|214\/423 tox|[from] Stealth Rock
|move|p2a: Chansey|Seismic Toss|p1a: Miss Friday
|-damage|p1a: Miss Friday|114\/423 tox
|
|-heal|p1a: Miss Friday|140\/423 tox|[from] item: Leftovers
|-damage|p1a: Miss Friday|114\/423 tox|[from] psn
|turn|16
|
|move|p1a: Miss Friday|Roost|p1a: Miss Friday
|-heal|p1a: Miss Friday|326\/423 tox
|move|p2a: Chansey|Seismic Toss|p1a: Miss Friday
|-damage|p1a: Miss Friday|226\/423 tox
|
|-heal|p1a: Miss Friday|252\/423 tox|[from] item: Leftovers
|-damage|p1a: Miss Friday|200\/423 tox|[from] psn
|turn|17
|
|switch|p2a: Greninja|Greninja, M|258\/286
|-damage|p2a: Greninja|223\/286|[from] Stealth Rock
|move|p1a: Miss Friday|Defog|p2a: Greninja
|-unboost|p2a: Greninja|evasion|1
|-sideend|p2: CrowbarMan|Stealth Rock|[from] move: Defog|[of] p2a: Greninja
|-sideend|p1: Gaet-Kun06|Stealth Rock|[from] move: Defog|[of] p1a: Miss Friday
|
|-heal|p1a: Miss Friday|226\/423 tox|[from] item: Leftovers
|-damage|p1a: Miss Friday|148\/423 tox|[from] psn
|turn|18
|
|switch|p1a: Raigami|Raikou, shiny|156\/321
|-ability|p1a: Raigami|Pressure
|move|p2a: Greninja|Ice Beam|p1a: Raigami
|-start|p2a: Greninja|typechange|Ice|[from] Protean
|-damage|p1a: Raigami|31\/321
|-damage|p2a: Greninja|195\/286|[from] item: Life Orb
|
|turn|19
|
|move|p2a: Greninja|Ice Beam|p1a: Raigami
|-damage|p1a: Raigami|0 fnt
|-damage|p2a: Greninja|167\/286|[from] item: Life Orb
|faint|p1a: Raigami
|
|
|switch|p1a: Hyozanryu|Kyurem-Black|391\/391
|-ability|p1a: Hyozanryu|Teravolt
|turn|20
|
|switch|p2a: Scizor|Scizor-Mega, M|243\/343
|move|p1a: Hyozanryu|Earth Power|p2a: Scizor
|-damage|p2a: Scizor|121\/343
|-damage|p1a: Hyozanryu|352\/391|[from] item: Life Orb
|
|turn|21
|
|switch|p1a: Sasori|Gliscor, M|263\/352 tox
|switch|p2a: Chansey|Chansey, F|388\/642
|
|-heal|p1a: Sasori|307\/352 tox|[from] ability: Poison Heal
|turn|22
|
|switch|p2a: Greninja|Greninja, M|167\/286
|move|p1a: Sasori|Taunt|p2a: Greninja
|-start|p2a: Greninja|move: Taunt
|
|-heal|p1a: Sasori|351\/352 tox|[from] ability: Poison Heal
|turn|23
|
|switch|p1a: Miss Friday|Mandibuzz, F|148\/423 tox
|move|p2a: Greninja|Hydro Pump|p1a: Miss Friday
|-start|p2a: Greninja|typechange|Water|[from] Protean
|-damage|p1a: Miss Friday|0 fnt
|-damage|p2a: Greninja|139\/286|[from] item: Life Orb
|faint|p1a: Miss Friday
|
|
|switch|p1a: Manshelly|Mawile-Mega, M|300\/300
|turn|24
|
|-singleturn|p1a: Manshelly|move: Focus Punch
|switch|p2a: Scizor|Scizor-Mega, M|121\/343
|move|p1a: Manshelly|Focus Punch|p2a: Scizor
|-damage|p2a: Scizor|0 fnt
|faint|p2a: Scizor
|
|
|switch|p2a: Garchomp|Garchomp, M, shiny|254\/420
|turn|25
|
|move|p2a: Garchomp|Earthquake|p1a: Manshelly
|-supereffective|p1a: Manshelly
|-damage|p1a: Manshelly|54\/300
|move|p1a: Manshelly|Play Rough|p2a: Garchomp
|-supereffective|p2a: Garchomp
|-damage|p2a: Garchomp|0 fnt
|-damage|p1a: Manshelly|17\/300|[from] ability: Rough Skin|[of] p2a: Garchomp
|faint|p2a: Garchomp
|
|
|switch|p2a: Kyurem-Black|Kyurem-Black|405\/405
|-ability|p2a: Kyurem-Black|Teravolt
|turn|26
|
|move|p1a: Manshelly|Sucker Punch|p2a: Kyurem-Black
|-fail|p2a: Kyurem-Black
|move|p2a: Kyurem-Black|Substitute|p2a: Kyurem-Black
|-start|p2a: Kyurem-Black|Substitute
|-damage|p2a: Kyurem-Black|304\/405
|
|-heal|p2a: Kyurem-Black|329\/405|[from] item: Leftovers
|turn|27
|
|move|p1a: Manshelly|Sucker Punch|p2a: Kyurem-Black
|-fail|p2a: Kyurem-Black
|move|p2a: Kyurem-Black|Substitute|p2a: Kyurem-Black
|-fail|p2a: Kyurem-Black|move: Substitute
|
|-heal|p2a: Kyurem-Black|354\/405|[from] item: Leftovers
|turn|28
|
|move|p1a: Manshelly|Sucker Punch|p2a: Kyurem-Black
|-end|p2a: Kyurem-Black|Substitute
|move|p2a: Kyurem-Black|Earth Power|p1a: Manshelly
|-supereffective|p1a: Manshelly
|-damage|p1a: Manshelly|0 fnt
|faint|p1a: Manshelly
|
|-heal|p2a: Kyurem-Black|379\/405|[from] item: Leftovers
|
|switch|p1a: Hyozanryu|Kyurem-Black|352\/391
|-ability|p1a: Hyozanryu|Teravolt
|turn|29
|
|move|p1a: Hyozanryu|Focus Blast|p2a: Kyurem-Black|[miss]
|-miss|p1a: Hyozanryu|p2a: Kyurem-Black
|move|p2a: Kyurem-Black|Ice Beam|p1a: Hyozanryu
|-damage|p1a: Hyozanryu|150\/391
|
|-heal|p2a: Kyurem-Black|404\/405|[from] item: Leftovers
|turn|30
|
|switch|p2a: Aegislash|Aegislash, M, shiny|322\/322
|move|p1a: Hyozanryu|Focus Blast|p2a: Aegislash
|-immune|p2a: Aegislash|[msg]
|
|turn|31
|
|move|p1a: Hyozanryu|Earth Power|p2a: Aegislash
|-supereffective|p2a: Aegislash
|-damage|p2a: Aegislash|140\/322
|-unboost|p2a: Aegislash|spd|1
|-damage|p1a: Hyozanryu|111\/391|[from] item: Life Orb
|-formechange|p2a: Aegislash|Aegislash-Blade
|move|p2a: Aegislash|Shadow Ball|p1a: Hyozanryu
|-crit|p1a: Hyozanryu
|-damage|p1a: Hyozanryu|0 fnt
|faint|p1a: Hyozanryu
|
|-heal|p2a: Aegislash|160\/322|[from] item: Leftovers
|
|switch|p1a: Sasori|Gliscor, M|351\/352 tox
|turn|32
|
|move|p1a: Sasori|Earthquake|p2a: Aegislash
|-supereffective|p2a: Aegislash
|-damage|p2a: Aegislash|0 fnt
|faint|p2a: Aegislash
|
|-heal|p1a: Sasori|352\/352 tox|[from] ability: Poison Heal
|
|switch|p2a: Kyurem-Black|Kyurem-Black|404\/405
|-ability|p2a: Kyurem-Black|Teravolt
|turn|33
|
|move|p1a: Sasori|Earthquake|p2a: Kyurem-Black
|-damage|p2a: Kyurem-Black|287\/405
|move|p2a: Kyurem-Black|Ice Beam|p1a: Sasori
|-crit|p1a: Sasori
|-supereffective|p1a: Sasori
|-damage|p1a: Sasori|0 fnt
|faint|p1a: Sasori
|
|-heal|p2a: Kyurem-Black|312\/405|[from] item: Leftovers
|
|switch|p1a: Nissa|Talonflame, M|297\/297
|turn|34
|
|move|p1a: Nissa|Brave Bird|p2a: Kyurem-Black
|-damage|p2a: Kyurem-Black|38\/405
|-damage|p1a: Nissa|207\/297|[from] recoil|[of] p2a: Kyurem-Black
|move|p2a: Kyurem-Black|Fusion Bolt|p1a: Nissa
|-supereffective|p1a: Nissa
|-damage|p1a: Nissa|0 fnt
|faint|p1a: Nissa
|
|win|CrowbarMan
|raw|Ladder updating...
|raw|Gaet-Kun06's rating: 1809 &rarr; <strong>1787<\/strong><br \/>(-22 for losing)
|raw|CrowbarMan's rating: 1788 &rarr; <strong>1809<\/strong><br \/>(+21 for winning)
|leave|Gaet-Kun06
|player|p1
|leave|CrowbarMan
|player|p2
|leave|Rayze
|join|Rayze