|join|Star-Hoshi
|join|Gaet-Kun06
|player|p1|Star-Hoshi|170
|player|p2|Gaet-Kun06|163
|gametype|singles
|gen|6
|tier|OU
|rated
|clearpoke
|poke|p1|Clefable, F, shiny
|poke|p1|Heatran, F
|poke|p1|Scizor, M
|poke|p1|Rotom-Wash, shiny
|poke|p1|Gliscor, F, shiny
|poke|p1|Venusaur, F
|poke|p2|Vaporeon, M
|poke|p2|Venusaur, F
|poke|p2|Heatran, F
|poke|p2|Skarmory, M
|poke|p2|Scizor, M
|poke|p2|Landorus-Therian, M
|rule|Sleep Clause Mod: Limit one foe put to sleep
|rule|Species Clause: Limit one of each Pokemon
|rule|OHKO Clause: OHKO moves are banned
|rule|Moody Clause: Moody is banned
|rule|Evasion Moves Clause: Evasion moves are banned
|rule|Endless Battle Clause: Forcing endless battles is banned.
|rule|HP Percentage Mod: HP is reported as percentages
|teampreview
|
|start
|switch|p1a: Rotom-Wash|Rotom-Wash, shiny|241\/241
|switch|p2a: Landorus-Therian|Landorus-Therian, M|382\/382
|-ability|p2a: Landorus-Therian|Intimidate|[of] p1a: Rotom-Wash
|-unboost|p1a: Rotom-Wash|atk|1
|turn|1
|
|switch|p2a: CybÃ¨le|Venusaur, F|364\/364
|move|p1a: Rotom-Wash|Will-O-Wisp|p2a: CybÃ¨le
|-status|p2a: CybÃ¨le|brn
|
|-damage|p2a: CybÃ¨le|319\/364 brn|[from] brn
|turn|2
|
|switch|p1a: Scizor|Scizor, M|344\/344
|-formechange|p2a: CybÃ¨le|Venusaur-Mega
|message|Venusaur has Mega Evolved into Mega Venusaur!
|move|p2a: CybÃ¨le|Earthquake|p1a: Scizor
|-damage|p1a: Scizor|307\/344
|
|-damage|p2a: CybÃ¨le|274\/364 brn|[from] brn
|turn|3
|
|move|p1a: Scizor|Pursuit|p2a: CybÃ¨le|[from]Pursuit
|-damage|p2a: CybÃ¨le|170\/364 brn
|switch|p2a: Landorus-Therian|Landorus-Therian, M|382\/382
|-ability|p2a: Landorus-Therian|Intimidate|[of] p1a: Scizor
|-unboost|p1a: Scizor|atk|1
|
|turn|4
|
|switch|p1a: Sauveur|Gliscor, F, shiny|354\/354
|move|p2a: Landorus-Therian|Stealth Rock|p1a: Sauveur
|-sidestart|p1: Star-Hoshi|move: Stealth Rock
|
|-status|p1a: Sauveur|tox|[from] item: Toxic Orb
|turn|5
|
|switch|p2a: Skarmory|Skarmory, M|334\/334
|move|p1a: Sauveur|Toxic|p2a: Skarmory
|-fail|p2a: Skarmory
|
|turn|6
|
|switch|p1a: Rotom-Wash|Rotom-Wash, shiny|241\/241
|-damage|p1a: Rotom-Wash|211\/241|[from] Stealth Rock
|move|p2a: Skarmory|Whirlwind|p1a: Rotom-Wash
|drag|p1a: Scizor|Scizor, M|307\/344
|-damage|p1a: Scizor|264\/344|[from] Stealth Rock
|
|turn|7
|
|move|p2a: Skarmory|Toxic|p1a: Scizor|[miss]
|-miss|p2a: Skarmory|p1a: Scizor
|move|p1a: Scizor|U-turn|p2a: Skarmory
|-resisted|p2a: Skarmory
|-damage|p2a: Skarmory|306\/334
|
|switch|p1a: Chaudbouillant|Heatran, F|386\/386
|-damage|p1a: Chaudbouillant|338\/386|[from] Stealth Rock
|
|-heal|p1a: Chaudbouillant|362\/386|[from] item: Leftovers
|-heal|p2a: Skarmory|326\/334|[from] item: Leftovers
|turn|8
|
|switch|p2a: Mizukage|Vaporeon, M|464\/464
|move|p1a: Chaudbouillant|Stealth Rock|p2a: Mizukage
|-sidestart|p2: Gaet-Kun06|move: Stealth Rock
|
|-heal|p1a: Chaudbouillant|386\/386|[from] item: Leftovers
|turn|9
|
|switch|p1a: Venusaur|Venusaur, F|364\/364
|-damage|p1a: Venusaur|319\/364|[from] Stealth Rock
|move|p2a: Mizukage|Heal Bell|p2a: Mizukage
|-cureteam|p2a: Mizukage|[from] move: HealBell
|
|turn|10
|
|switch|p2a: Skarmory|Skarmory, M|326\/334
|-damage|p2a: Skarmory|285\/334|[from] Stealth Rock
|-formechange|p1a: Venusaur|Venusaur-Mega
|message|Venusaur has Mega Evolved into Mega Venusaur!
|move|p1a: Venusaur|Sludge Bomb|p2a: Skarmory
|-immune|p2a: Skarmory|[msg]
|
|-heal|p2a: Skarmory|305\/334|[from] item: Leftovers
|turn|11
|
|move|p1a: Venusaur|Leech Seed|p2a: Skarmory
|-start|p2a: Skarmory|move: Leech Seed
|move|p2a: Skarmory|Brave Bird|p1a: Venusaur
|-crit|p1a: Venusaur
|-supereffective|p1a: Venusaur
|-damage|p1a: Venusaur|101\/364
|-damage|p2a: Skarmory|233\/334|[from] recoil|[of] p1a: Venusaur
|
|-heal|p2a: Skarmory|253\/334|[from] item: Leftovers
|-damage|p2a: Skarmory|212\/334|[from] Leech Seed|[of] p1a: Venusaur
|-heal|p1a: Venusaur|142\/364|[silent]
|turn|12
|
|switch|p2a: Heatran|Heatran, F|323\/323
|-damage|p2a: Heatran|283\/323|[from] Stealth Rock
|move|p1a: Venusaur|Sleep Powder|p2a: Heatran
|-status|p2a: Heatran|slp
|
|turn|13
|
|cant|p2a: Heatran|slp
|move|p1a: Venusaur|Leech Seed|p2a: Heatran
|-start|p2a: Heatran|move: Leech Seed
|
|-damage|p2a: Heatran|243\/323 slp|[from] Leech Seed|[of] p1a: Venusaur
|-heal|p1a: Venusaur|182\/364|[silent]
|turn|14
|
|switch|p1a: Chaudbouillant|Heatran, F|386\/386
|-damage|p1a: Chaudbouillant|338\/386|[from] Stealth Rock
|cant|p2a: Heatran|slp
|
|-heal|p1a: Chaudbouillant|362\/386|[from] item: Leftovers
|-damage|p2a: Heatran|203\/323 slp|[from] Leech Seed|[of] p1a: Chaudbouillant
|-heal|p1a: Chaudbouillant|386\/386|[silent]
|turn|15
|
|cant|p2a: Heatran|slp
|move|p1a: Chaudbouillant|Earth Power|p2a: Heatran
|-supereffective|p2a: Heatran
|-damage|p2a: Heatran|0 fnt
|faint|p2a: Heatran
|
|
|switch|p2a: Landorus-Therian|Landorus-Therian, M|382\/382
|-damage|p2a: Landorus-Therian|335\/382|[from] Stealth Rock
|-ability|p2a: Landorus-Therian|Intimidate|[of] p1a: Chaudbouillant
|-unboost|p1a: Chaudbouillant|atk|1
|turn|16
|
|switch|p1a: Sauveur|Gliscor, F, shiny|354\/354 tox
|-damage|p1a: Sauveur|310\/354 tox|[from] Stealth Rock
|move|p2a: Landorus-Therian|Knock Off|p1a: Sauveur
|-damage|p1a: Sauveur|236\/354 tox
|-enditem|p1a: Sauveur|Toxic Orb|[from] move: Knock Off|[of] p2a: Landorus-Therian
|
|-heal|p2a: Landorus-Therian|358\/382|[from] item: Leftovers
|-heal|p1a: Sauveur|280\/354 tox|[from] ability: Poison Heal
|turn|17
|
|switch|p2a: Skarmory|Skarmory, M|212\/334
|-damage|p2a: Skarmory|171\/334|[from] Stealth Rock
|move|p1a: Sauveur|Toxic|p2a: Skarmory
|-fail|p2a: Skarmory
|
|-heal|p2a: Skarmory|191\/334|[from] item: Leftovers
|-heal|p1a: Sauveur|324\/354 tox|[from] ability: Poison Heal
|turn|18
|
|move|p1a: Sauveur|Earthquake|p2a: Skarmory
|-immune|p2a: Skarmory|[msg]
|move|p2a: Skarmory|Defog|p1a: Sauveur
|-unboost|p1a: Sauveur|evasion|1
|-sideend|p1: Star-Hoshi|Stealth Rock|[from] move: Defog|[of] p1a: Sauveur
|-sideend|p2: Gaet-Kun06|Stealth Rock|[from] move: Defog|[of] p2a: Skarmory
|
|-heal|p2a: Skarmory|211\/334|[from] item: Leftovers
|-heal|p1a: Sauveur|354\/354 tox|[from] ability: Poison Heal
|turn|19
|
|switch|p1a: Rotom-Wash|Rotom-Wash, shiny|211\/241
|move|p2a: Skarmory|Toxic|p1a: Rotom-Wash
|-status|p1a: Rotom-Wash|tox
|
|-heal|p2a: Skarmory|231\/334|[from] item: Leftovers
|-damage|p1a: Rotom-Wash|196\/241 tox|[from] psn
|turn|20
|
|switch|p2a: CybÃ¨le|Venusaur, F|170\/364
|-formechange|p2a: CybÃ¨le|Venusaur-Mega
|move|p1a: Rotom-Wash|Trick|p2a: CybÃ¨le
|-fail|p2a: CybÃ¨le
|
|-damage|p1a: Rotom-Wash|166\/241 tox|[from] psn
|turn|21
|
|switch|p1a: La grosse fÃ©e|Clefable, F, shiny|394\/394
|move|p2a: CybÃ¨le|Synthesis|p2a: CybÃ¨le
|-heal|p2a: CybÃ¨le|352\/364
|
|turn|22
|
|switch|p1a: Chaudbouillant|Heatran, F|386\/386
|move|p2a: CybÃ¨le|Sludge Bomb|p1a: Chaudbouillant
|-immune|p1a: Chaudbouillant|[msg]
|
|turn|23
|
|switch|p1a: Sauveur|Gliscor, F, shiny|354\/354 tox
|move|p2a: CybÃ¨le|Earthquake|p1a: Sauveur
|-immune|p1a: Sauveur|[msg]
|
|turn|24
|
|move|p1a: Sauveur|Substitute|p1a: Sauveur
|-start|p1a: Sauveur|Substitute
|-damage|p1a: Sauveur|266\/354 tox
|move|p2a: CybÃ¨le|Giga Drain|p1a: Sauveur
|-end|p1a: Sauveur|Substitute
|-heal|p2a: CybÃ¨le|364\/364|[from] drain|[of] p1a: Sauveur
|
|-heal|p1a: Sauveur|310\/354 tox|[from] ability: Poison Heal
|turn|25
|
|switch|p1a: Scizor|Scizor, M|264\/344
|move|p2a: CybÃ¨le|Giga Drain|p1a: Scizor
|-resisted|p1a: Scizor
|-damage|p1a: Scizor|233\/344
|
|turn|26
|
|move|p2a: CybÃ¨le|Earthquake|p1a: Scizor
|-crit|p1a: Scizor
|-damage|p1a: Scizor|104\/344
|move|p1a: Scizor|U-turn|p2a: CybÃ¨le
|-damage|p2a: CybÃ¨le|246\/364
|
|switch|p1a: Chaudbouillant|Heatran, F|386\/386
|
|turn|27
|
|move|p1a: Chaudbouillant|Lava Plume|p2a: CybÃ¨le
|-supereffective|p2a: CybÃ¨le
|-damage|p2a: CybÃ¨le|138\/364
|move|p2a: CybÃ¨le|Earthquake|p1a: Chaudbouillant
|-supereffective|p1a: Chaudbouillant
|-damage|p1a: Chaudbouillant|110\/386
|
|-heal|p1a: Chaudbouillant|134\/386|[from] item: Leftovers
|turn|28
|
|switch|p2a: Mizukage|Vaporeon, M|464\/464
|move|p1a: Chaudbouillant|Lava Plume|p2a: Mizukage
|-resisted|p2a: Mizukage
|-damage|p2a: Mizukage|418\/464
|
|-heal|p1a: Chaudbouillant|158\/386|[from] item: Leftovers
|-heal|p2a: Mizukage|447\/464|[from] item: Leftovers
|turn|29
|
|move|p1a: Chaudbouillant|Stealth Rock|p2a: Mizukage
|-sidestart|p2: Gaet-Kun06|move: Stealth Rock
|move|p2a: Mizukage|Wish|p2a: Mizukage
|
|-heal|p1a: Chaudbouillant|182\/386|[from] item: Leftovers
|-heal|p2a: Mizukage|464\/464|[from] item: Leftovers
|turn|30
|
|switch|p1a: La grosse fÃ©e|Clefable, F, shiny|394\/394
|switch|p2a: CybÃ¨le|Venusaur, F|138\/364
|-formechange|p2a: CybÃ¨le|Venusaur-Mega
|-damage|p2a: CybÃ¨le|93\/364|[from] Stealth Rock
|
|-heal|p2a: CybÃ¨le|325\/364|[from] move: Wish|[wisher] Mizukage
|turn|31
|
|move|p2a: CybÃ¨le|Earthquake|p1a: La grosse fÃ©e
|-damage|p1a: La grosse fÃ©e|331\/394
|move|p1a: La grosse fÃ©e|Cosmic Power|p1a: La grosse fÃ©e
|-boost|p1a: La grosse fÃ©e|def|1
|-boost|p1a: La grosse fÃ©e|spd|1
|
|-heal|p1a: La grosse fÃ©e|355\/394|[from] item: Leftovers
|turn|32
|
|move|p2a: CybÃ¨le|Sludge Bomb|p1a: La grosse fÃ©e
|-supereffective|p1a: La grosse fÃ©e
|-damage|p1a: La grosse fÃ©e|185\/394
|move|p1a: La grosse fÃ©e|Cosmic Power|p1a: La grosse fÃ©e
|-boost|p1a: La grosse fÃ©e|def|1
|-boost|p1a: La grosse fÃ©e|spd|1
|
|-heal|p1a: La grosse fÃ©e|209\/394|[from] item: Leftovers
|turn|33
|
|switch|p2a: Skarmory|Skarmory, M|231\/334
|-damage|p2a: Skarmory|190\/334|[from] Stealth Rock
|move|p1a: La grosse fÃ©e|Soft-Boiled|p1a: La grosse fÃ©e
|-heal|p1a: La grosse fÃ©e|394\/394
|
|-heal|p2a: Skarmory|210\/334|[from] item: Leftovers
|turn|34
|
|move|p2a: Skarmory|Defog|p1a: La grosse fÃ©e
|-unboost|p1a: La grosse fÃ©e|evasion|1
|-sideend|p2: Gaet-Kun06|Stealth Rock|[from] move: Defog|[of] p2a: Skarmory
|move|p1a: La grosse fÃ©e|Charge Beam|p2a: Skarmory
|-supereffective|p2a: Skarmory
|-damage|p2a: Skarmory|106\/334
|-boost|p1a: La grosse fÃ©e|spa|1
|
|-heal|p2a: Skarmory|126\/334|[from] item: Leftovers
|turn|35
|
|move|p1a: La grosse fÃ©e|Charge Beam|p2a: Skarmory
|-supereffective|p2a: Skarmory
|-damage|p2a: Skarmory|0 fnt
|-boost|p1a: La grosse fÃ©e|spa|1
|faint|p2a: Skarmory
|
|
|switch|p2a: Scizor|Scizor, M|281\/281
|turn|36
|
|move|p2a: Scizor|Bullet Punch|p1a: La grosse fÃ©e
|-supereffective|p1a: La grosse fÃ©e
|-damage|p1a: La grosse fÃ©e|224\/394
|move|p1a: La grosse fÃ©e|Cosmic Power|p1a: La grosse fÃ©e
|-boost|p1a: La grosse fÃ©e|def|1
|-boost|p1a: La grosse fÃ©e|spd|1
|
|-heal|p1a: La grosse fÃ©e|248\/394|[from] item: Leftovers
|turn|37
|
|move|p2a: Scizor|Bullet Punch|p1a: La grosse fÃ©e
|-supereffective|p1a: La grosse fÃ©e
|-damage|p1a: La grosse fÃ©e|114\/394
|move|p1a: La grosse fÃ©e|Soft-Boiled|p1a: La grosse fÃ©e
|-heal|p1a: La grosse fÃ©e|311\/394
|
|-heal|p1a: La grosse fÃ©e|335\/394|[from] item: Leftovers
|turn|38
|
|move|p2a: Scizor|Bullet Punch|p1a: La grosse fÃ©e
|-supereffective|p1a: La grosse fÃ©e
|-damage|p1a: La grosse fÃ©e|203\/394
|move|p1a: La grosse fÃ©e|Cosmic Power|p1a: La grosse fÃ©e
|-boost|p1a: La grosse fÃ©e|def|1
|-boost|p1a: La grosse fÃ©e|spd|1
|
|-heal|p1a: La grosse fÃ©e|227\/394|[from] item: Leftovers
|turn|39
|
|move|p2a: Scizor|Bullet Punch|p1a: La grosse fÃ©e
|-supereffective|p1a: La grosse fÃ©e
|-damage|p1a: La grosse fÃ©e|117\/394
|move|p1a: La grosse fÃ©e|Soft-Boiled|p1a: La grosse fÃ©e
|-heal|p1a: La grosse fÃ©e|314\/394
|
|-heal|p1a: La grosse fÃ©e|338\/394|[from] item: Leftovers
|turn|40
|
|move|p2a: Scizor|Bullet Punch|p1a: La grosse fÃ©e
|-supereffective|p1a: La grosse fÃ©e
|-damage|p1a: La grosse fÃ©e|230\/394
|move|p1a: La grosse fÃ©e|Moonblast|p2a: Scizor
|-resisted|p2a: Scizor
|-damage|p2a: Scizor|148\/281
|-unboost|p2a: Scizor|spa|1
|
|-heal|p1a: La grosse fÃ©e|254\/394|[from] item: Leftovers
|turn|41
|
|move|p2a: Scizor|Bullet Punch|p1a: La grosse fÃ©e
|-supereffective|p1a: La grosse fÃ©e
|-damage|p1a: La grosse fÃ©e|156\/394
|move|p1a: La grosse fÃ©e|Soft-Boiled|p1a: La grosse fÃ©e
|-heal|p1a: La grosse fÃ©e|353\/394
|
|-heal|p1a: La grosse fÃ©e|377\/394|[from] item: Leftovers
|turn|42
|
|move|p2a: Scizor|Bullet Punch|p1a: La grosse fÃ©e
|-supereffective|p1a: La grosse fÃ©e
|-damage|p1a: La grosse fÃ©e|269\/394
|move|p1a: La grosse fÃ©e|Moonblast|p2a: Scizor
|-resisted|p2a: Scizor
|-damage|p2a: Scizor|22\/281
|-unboost|p2a: Scizor|spa|1
|
|-heal|p1a: La grosse fÃ©e|293\/394|[from] item: Leftovers
|turn|43
|
|move|p2a: Scizor|Bullet Punch|p1a: La grosse fÃ©e
|-supereffective|p1a: La grosse fÃ©e
|-damage|p1a: La grosse fÃ©e|197\/394
|move|p1a: La grosse fÃ©e|Moonblast|p2a: Scizor
|-resisted|p2a: Scizor
|-damage|p2a: Scizor|0 fnt
|faint|p2a: Scizor
|
|-heal|p1a: La grosse fÃ©e|221\/394|[from] item: Leftovers
|
|switch|p2a: Landorus-Therian|Landorus-Therian, M|358\/382
|-ability|p2a: Landorus-Therian|Intimidate|[of] p1a: La grosse fÃ©e
|-unboost|p1a: La grosse fÃ©e|atk|1
|turn|44
|
|move|p2a: Landorus-Therian|Knock Off|p1a: La grosse fÃ©e
|-resisted|p1a: La grosse fÃ©e
|-damage|p1a: La grosse fÃ©e|206\/394
|-enditem|p1a: La grosse fÃ©e|Leftovers|[from] move: Knock Off|[of] p2a: Landorus-Therian
|move|p1a: La grosse fÃ©e|Soft-Boiled|p1a: La grosse fÃ©e
|-heal|p1a: La grosse fÃ©e|394\/394
|
|-heal|p2a: Landorus-Therian|381\/382|[from] item: Leftovers
|turn|45
|
|move|p2a: Landorus-Therian|Stealth Rock|p1a: La grosse fÃ©e
|-sidestart|p1: Star-Hoshi|move: Stealth Rock
|move|p1a: La grosse fÃ©e|Moonblast|p2a: Landorus-Therian
|-damage|p2a: Landorus-Therian|108\/382
|
|-heal|p2a: Landorus-Therian|131\/382|[from] item: Leftovers
|turn|46
|
|move|p2a: Landorus-Therian|Earthquake|p1a: La grosse fÃ©e
|-damage|p1a: La grosse fÃ©e|346\/394
|move|p1a: La grosse fÃ©e|Moonblast|p2a: Landorus-Therian
|-damage|p2a: Landorus-Therian|0 fnt
|faint|p2a: Landorus-Therian
|
|
|switch|p2a: Mizukage|Vaporeon, M|464\/464
|turn|47
|chat|Star-Hoshi|C'est Hana, salut ~
|
|move|p2a: Mizukage|Scald|p1a: La grosse fÃ©e
|-crit|p1a: La grosse fÃ©e
|-damage|p1a: La grosse fÃ©e|177\/394
|-status|p1a: La grosse fÃ©e|brn
|move|p1a: La grosse fÃ©e|Charge Beam|p2a: Mizukage
|-supereffective|p2a: Mizukage
|-damage|p2a: Mizukage|356\/464
|-boost|p1a: La grosse fÃ©e|spa|1
|
|-heal|p2a: Mizukage|385\/464|[from] item: Leftovers
|turn|48
|chat|Gaet-Kun06|Oh Hana ^^ Pourquoi jouer une Ã©quipe si dÃ©guelasse ? x)
|
|move|p2a: Mizukage|Scald|p1a: La grosse fÃ©e
|-damage|p1a: La grosse fÃ©e|137\/394 brn
|move|p1a: La grosse fÃ©e|Soft-Boiled|p1a: La grosse fÃ©e
|-heal|p1a: La grosse fÃ©e|334\/394 brn
|
|-heal|p2a: Mizukage|414\/464|[from] item: Leftovers
|turn|49
|chat|Star-Hoshi|Fallait faire Roost
|chat|Star-Hoshi|Tu perdais le Type Vol
|chat|Star-Hoshi|Ou envoyer Ciza direct
|chat|Star-Hoshi|J'avais perdu aprÃ¨s ^^
|
|move|p2a: Mizukage|Scald|p1a: La grosse fÃ©e
|-damage|p1a: La grosse fÃ©e|297\/394 brn
|move|p1a: La grosse fÃ©e|Moonblast|p2a: Mizukage
|-crit|p2a: Mizukage
|-damage|p2a: Mizukage|120\/464
|-unboost|p2a: Mizukage|spa|1
|
|-heal|p2a: Mizukage|149\/464|[from] item: Leftovers
|turn|50
|chat|Gaet-Kun06|Je voulais te cyclone
|chat|Star-Hoshi|Mais j'avoue le Clefable
|chat|Star-Hoshi|Ouais
|chat|Star-Hoshi|T'aurais dÃ» attaquer
|chat|Star-Hoshi|J'pense
|
|move|p2a: Mizukage|Scald|p1a: La grosse fÃ©e
|-damage|p1a: La grosse fÃ©e|269\/394 brn
|move|p1a: La grosse fÃ©e|Moonblast|p2a: Mizukage
|-damage|p2a: Mizukage|0 fnt
|faint|p2a: Mizukage
|
|
|switch|p2a: CybÃ¨le|Venusaur, F|325\/364
|-formechange|p2a: CybÃ¨le|Venusaur-Mega
|turn|51
|chat|Star-Hoshi|Skarm peut Cyclone s'il tient 2 Charge Beam
|
|move|p2a: CybÃ¨le|Sludge Bomb|p1a: La grosse fÃ©e
|-supereffective|p1a: La grosse fÃ©e
|-damage|p1a: La grosse fÃ©e|179\/394 brn
|move|p1a: La grosse fÃ©e|Moonblast|p2a: CybÃ¨le
|-resisted|p2a: CybÃ¨le
|-damage|p2a: CybÃ¨le|205\/364
|
|turn|52
|
|move|p2a: CybÃ¨le|Sludge Bomb|p1a: La grosse fÃ©e
|-supereffective|p1a: La grosse fÃ©e
|-damage|p1a: La grosse fÃ©e|93\/394 brn
|move|p1a: La grosse fÃ©e|Soft-Boiled|p1a: La grosse fÃ©e
|-heal|p1a: La grosse fÃ©e|290\/394 brn
|
|turn|53
|
|move|p2a: CybÃ¨le|Sludge Bomb|p1a: La grosse fÃ©e
|-supereffective|p1a: La grosse fÃ©e
|-damage|p1a: La grosse fÃ©e|194\/394 brn
|move|p1a: La grosse fÃ©e|Moonblast|p2a: CybÃ¨le
|-crit|p2a: CybÃ¨le
|-resisted|p2a: CybÃ¨le
|-damage|p2a: CybÃ¨le|45\/364
|
|turn|54
|
|move|p2a: CybÃ¨le|Sludge Bomb|p1a: La grosse fÃ©e
|-supereffective|p1a: La grosse fÃ©e
|-damage|p1a: La grosse fÃ©e|108\/394 brn
|move|p1a: La grosse fÃ©e|Moonblast|p2a: CybÃ¨le
|-crit|p2a: CybÃ¨le
|-resisted|p2a: CybÃ¨le
|-damage|p2a: CybÃ¨le|0 fnt
|faint|p2a: CybÃ¨le
|
|win|Star-Hoshi
|raw|Ladder updating...
|chat|Star-Hoshi|GG
|raw|Star-Hoshi's rating: 1547 &rarr; <strong>1565<\/strong><br \/>(+18 for winning)
|raw|Gaet-Kun06's rating: 1514 &rarr; <strong>1496<\/strong><br \/>(-18 for losing)
|chat|Gaet-Kun06|Bref gg meme si j'aime pas MÃ©lodelfe comme Ã§a x)
|leave|Gaet-Kun06
|chat|Star-Hoshi|J'ai pas Force AjoutÃ©e mais ouais il est rude Ã  contrer
|player|p2