|join|Gaet-Kun06
|join|Juanen
|player|p1|Gaet-Kun06|283
|player|p2|Juanen|169
|gametype|singles
|gen|6
|tier|OU
|rated
|clearpoke
|poke|p1|Excadrill, M
|poke|p1|Gastrodon, F
|poke|p1|Landorus, M
|poke|p1|Talonflame, F
|poke|p1|Gyarados, M
|poke|p1|Ferrothorn, M
|poke|p2|Mawile, M
|poke|p2|Thundurus, M
|poke|p2|Heatran, M
|poke|p2|Azumarill, M
|poke|p2|Breloom, F
|poke|p2|Latias, F
|rule|Swagger Clause: Swagger is banned
|rule|Baton Pass Clause: Limit three PokÃ©mon knowing Baton Pass
|rule|Sleep Clause Mod: Limit one foe put to sleep
|rule|Species Clause: Limit one of each PokÃ©mon
|rule|OHKO Clause: OHKO moves are banned
|rule|Moody Clause: Moody is banned
|rule|Evasion Moves Clause: Evasion moves are banned
|rule|Endless Battle Clause: Forcing endless battles is banned
|rule|HP Percentage Mod: HP is reported as percentages
|teampreview
|
|start
|switch|p1a: Kiroisenko|Talonflame, F|298\/298
|switch|p2a: Heatran|Heatran, M|383\/383
|turn|1
|
|move|p1a: Kiroisenko|U-turn|p2a: Heatran
|-crit|p2a: Heatran
|-resisted|p2a: Heatran
|-damage|p2a: Heatran|349\/383
|
|switch|p1a: Excadrill|Excadrill, M|362\/362
|-ability|p1a: Excadrill|Mold Breaker
|-item|p1a: Excadrill|Air Balloon
|move|p2a: Heatran|Stealth Rock|p1a: Excadrill
|-sidestart|p1: Gaet-Kun06|move: Stealth Rock
|
|-heal|p2a: Heatran|372\/383|[from] item: Leftovers
|turn|2
|
|move|p1a: Excadrill|Rock Slide|p2a: Heatran
|-damage|p2a: Heatran|279\/383
|cant|p2a: Heatran|flinch
|
|-heal|p2a: Heatran|302\/383|[from] item: Leftovers
|turn|3
|
|move|p1a: Excadrill|Earthquake|p2a: Heatran
|-supereffective|p2a: Heatran
|-damage|p2a: Heatran|0 fnt
|faint|p2a: Heatran
|
|
|switch|p2a: Thundurus|Thundurus, M|299\/299
|turn|4
|
|move|p2a: Thundurus|Focus Blast|p1a: Excadrill
|-supereffective|p1a: Excadrill
|-damage|p1a: Excadrill|0 fnt
|-enditem|p1a: Excadrill|Air Balloon
|-damage|p2a: Thundurus|270\/299|[from] item: Life Orb
|faint|p1a: Excadrill
|
|
|switch|p1a: Gastrodon|Gastrodon, F|426\/426
|-damage|p1a: Gastrodon|400\/426|[from] Stealth Rock
|turn|5
|
|switch|p2a: Latias|Latias, F|301\/301
|move|p1a: Gastrodon|Scald|p2a: Latias
|-resisted|p2a: Latias
|-damage|p2a: Latias|265\/301
|
|-heal|p2a: Latias|283\/301|[from] item: Leftovers
|-heal|p1a: Gastrodon|426\/426|[from] item: Leftovers
|turn|6
|
|switch|p2a: Breloom|Breloom, F|324\/324
|switch|p1a: Ferrothorn|Ferrothorn, M|352\/352
|-damage|p1a: Ferrothorn|330\/352|[from] Stealth Rock
|
|-heal|p1a: Ferrothorn|352\/352|[from] item: Leftovers
|-status|p2a: Breloom|tox|[from] item: Toxic Orb
|turn|7
|
|move|p2a: Breloom|Drain Punch|p1a: Ferrothorn
|-supereffective|p1a: Ferrothorn
|-damage|p1a: Ferrothorn|194\/352
|-damage|p2a: Breloom|284\/324 tox|[from] ability: Iron Barbs|[of] p1a: Ferrothorn
|move|p1a: Ferrothorn|Stealth Rock|p2a: Breloom
|-sidestart|p2: Juanen|move: Stealth Rock
|
|-heal|p1a: Ferrothorn|216\/352|[from] item: Leftovers
|-heal|p2a: Breloom|324\/324 tox|[from] ability: Poison Heal
|turn|8
|
|move|p2a: Breloom|Spore|p1a: Ferrothorn
|-fail|p1a: Ferrothorn
|move|p1a: Ferrothorn|Thunder Wave|p2a: Breloom
|-fail|p2a: Breloom
|
|-heal|p1a: Ferrothorn|238\/352|[from] item: Leftovers
|turn|9
|
|move|p2a: Breloom|Spore|p1a: Ferrothorn
|-fail|p1a: Ferrothorn
|move|p1a: Ferrothorn|Power Whip|p2a: Breloom
|-resisted|p2a: Breloom
|-damage|p2a: Breloom|264\/324 tox
|
|-heal|p1a: Ferrothorn|260\/352|[from] item: Leftovers
|-heal|p2a: Breloom|304\/324 tox|[from] ability: Poison Heal
|turn|10
|
|move|p2a: Breloom|Spore|p1a: Ferrothorn
|-fail|p1a: Ferrothorn
|move|p1a: Ferrothorn|Power Whip|p2a: Breloom
|-resisted|p2a: Breloom
|-damage|p2a: Breloom|251\/324 tox
|
|-heal|p1a: Ferrothorn|282\/352|[from] item: Leftovers
|-heal|p2a: Breloom|291\/324 tox|[from] ability: Poison Heal
|turn|11
|
|move|p2a: Breloom|Drain Punch|p1a: Ferrothorn
|-supereffective|p1a: Ferrothorn
|-damage|p1a: Ferrothorn|126\/352
|-heal|p2a: Breloom|324\/324 tox|[from] drain|[of] p1a: Ferrothorn
|-damage|p2a: Breloom|284\/324 tox|[from] ability: Iron Barbs|[of] p1a: Ferrothorn
|move|p1a: Ferrothorn|Leech Seed|p2a: Breloom
|-immune|p2a: Breloom|[msg]
|
|-heal|p1a: Ferrothorn|148\/352|[from] item: Leftovers
|-heal|p2a: Breloom|324\/324 tox|[from] ability: Poison Heal
|turn|12
|
|move|p2a: Breloom|Spore|p1a: Ferrothorn
|-fail|p1a: Ferrothorn
|move|p1a: Ferrothorn|Power Whip|p2a: Breloom
|-resisted|p2a: Breloom
|-damage|p2a: Breloom|267\/324 tox
|
|-heal|p1a: Ferrothorn|170\/352|[from] item: Leftovers
|-heal|p2a: Breloom|307\/324 tox|[from] ability: Poison Heal
|turn|13
|
|move|p2a: Breloom|Drain Punch|p1a: Ferrothorn
|-supereffective|p1a: Ferrothorn
|-damage|p1a: Ferrothorn|20\/352
|-heal|p2a: Breloom|324\/324 tox|[from] drain|[of] p1a: Ferrothorn
|-damage|p2a: Breloom|284\/324 tox|[from] ability: Iron Barbs|[of] p1a: Ferrothorn
|move|p1a: Ferrothorn|Power Whip|p2a: Breloom
|-resisted|p2a: Breloom
|-damage|p2a: Breloom|226\/324 tox
|
|-heal|p1a: Ferrothorn|42\/352|[from] item: Leftovers
|-heal|p2a: Breloom|266\/324 tox|[from] ability: Poison Heal
|turn|14
|
|move|p2a: Breloom|Drain Punch|p1a: Ferrothorn
|-supereffective|p1a: Ferrothorn
|-damage|p1a: Ferrothorn|0 fnt
|-heal|p2a: Breloom|287\/324 tox|[from] drain|[of] p1a: Ferrothorn
|-damage|p2a: Breloom|247\/324 tox|[from] ability: Iron Barbs|[of] p1a: Ferrothorn
|faint|p1a: Ferrothorn
|
|-heal|p2a: Breloom|287\/324 tox|[from] ability: Poison Heal
|
|switch|p1a: Kiroisenko|Talonflame, F|298\/298
|-damage|p1a: Kiroisenko|149\/298|[from] Stealth Rock
|turn|15
|
|move|p2a: Breloom|Protect|p2a: Breloom
|-singleturn|p2a: Breloom|Protect
|move|p1a: Kiroisenko|Flare Blitz|p2a: Breloom
|-activate|p2a: Breloom|Protect
|
|-heal|p2a: Breloom|324\/324 tox|[from] ability: Poison Heal
|turn|16
|
|switch|p1a: Gastrodon|Gastrodon, F|426\/426
|-damage|p1a: Gastrodon|400\/426|[from] Stealth Rock
|switch|p2a: Latias|Latias, F|283\/301
|-damage|p2a: Latias|246\/301|[from] Stealth Rock
|
|-heal|p2a: Latias|264\/301|[from] item: Leftovers
|-heal|p1a: Gastrodon|426\/426|[from] item: Leftovers
|turn|17
|
|move|p2a: Latias|Psychic|p1a: Gastrodon
|-damage|p1a: Gastrodon|261\/426
|move|p1a: Gastrodon|Scald|p2a: Latias
|-resisted|p2a: Latias
|-damage|p2a: Latias|231\/301
|
|-heal|p2a: Latias|249\/301|[from] item: Leftovers
|-heal|p1a: Gastrodon|287\/426|[from] item: Leftovers
|turn|18
|
|switch|p1a: Kiroisenko|Talonflame, F|149\/298
|-damage|p1a: Kiroisenko|0 fnt|[from] Stealth Rock
|faint|p1a: Kiroisenko
|move|p2a: Latias|Draco Meteor|p1: Kiroisenko|[notarget]
|-notarget
|
|-heal|p2a: Latias|267\/301|[from] item: Leftovers
|
|switch|p1a: Gyarados|Gyarados, M|331\/331
|-damage|p1a: Gyarados|249\/331|[from] Stealth Rock
|-ability|p1a: Gyarados|Intimidate|[of] p2a: Latias
|-unboost|p2a: Latias|atk|1
|turn|19
|
|detailschange|p1a: Gyarados|Gyarados-Mega, M
|message|Gyarados has Mega Evolved into Mega Gyarados!
|-ability|p1a: Gyarados|Mold Breaker
|move|p2a: Latias|Psychic|p1a: Gyarados
|-immune|p1a: Gyarados|[msg]
|move|p1a: Gyarados|Dragon Dance|p1a: Gyarados
|-boost|p1a: Gyarados|atk|1
|-boost|p1a: Gyarados|spe|1
|
|-heal|p2a: Latias|285\/301|[from] item: Leftovers
|turn|20
|
|move|p1a: Gyarados|Ice Fang|p2a: Latias
|-supereffective|p2a: Latias
|-damage|p2a: Latias|0 fnt
|faint|p2a: Latias
|
|
|switch|p2a: Breloom|Breloom, F|324\/324 tox
|-damage|p2a: Breloom|304\/324 tox|[from] Stealth Rock
|turn|21
|
|move|p1a: Gyarados|Ice Fang|p2a: Breloom
|-supereffective|p2a: Breloom
|-damage|p2a: Breloom|94\/324 tox
|move|p2a: Breloom|Spore|p1a: Gyarados
|-status|p1a: Gyarados|slp
|
|-heal|p2a: Breloom|134\/324 tox|[from] ability: Poison Heal
|turn|22
|
|cant|p1a: Gyarados|slp
|move|p2a: Breloom|Drain Punch|p1a: Gyarados
|-crit|p1a: Gyarados
|-supereffective|p1a: Gyarados
|-damage|p1a: Gyarados|0 fnt
|-heal|p2a: Breloom|259\/324 tox|[from] drain|[of] p1a: Gyarados
|faint|p1a: Gyarados
|
|-heal|p2a: Breloom|299\/324 tox|[from] ability: Poison Heal
|
|switch|p1a: Landorus|Landorus, M|320\/320
|-damage|p1a: Landorus|280\/320|[from] Stealth Rock
|turn|23
|
|move|p1a: Landorus|Psychic|p2a: Breloom
|-supereffective|p2a: Breloom
|-damage|p2a: Breloom|0 fnt
|faint|p2a: Breloom
|
|
|switch|p2a: Thundurus|Thundurus, M|270\/299
|-damage|p2a: Thundurus|196\/299|[from] Stealth Rock
|turn|24
|
|move|p2a: Thundurus|Hidden Power|p1a: Landorus
|-supereffective|p1a: Landorus
|-damage|p1a: Landorus|0 fnt
|-damage|p2a: Thundurus|167\/299|[from] item: Life Orb
|faint|p1a: Landorus
|
|
|switch|p1a: Gastrodon|Gastrodon, F|287\/426
|-damage|p1a: Gastrodon|261\/426|[from] Stealth Rock
|turn|25
|
|move|p2a: Thundurus|Focus Blast|p1a: Gastrodon
|-damage|p1a: Gastrodon|57\/426
|-damage|p2a: Thundurus|138\/299|[from] item: Life Orb
|move|p1a: Gastrodon|Recover|p1a: Gastrodon
|-heal|p1a: Gastrodon|270\/426
|
|-heal|p1a: Gastrodon|296\/426|[from] item: Leftovers
|turn|26
|
|move|p2a: Thundurus|Focus Blast|p1a: Gastrodon
|-crit|p1a: Gastrodon
|-damage|p1a: Gastrodon|0 fnt
|-damage|p2a: Thundurus|109\/299|[from] item: Life Orb
|faint|p1a: Gastrodon
|
|win|Juanen
|raw|Ladder updating...
|raw|Gaet-Kun06's rating: 1707 &rarr; <strong>1688<\/strong><br \/>(-19 for losing)
|raw|Juanen's rating: 1738 &rarr; <strong>1757<\/strong><br \/>(+19 for winning)
|leave|Gaet-Kun06
|player|p1