|join|MatthewCollinsss
|join|Gaet-Kun06
|player|p1|MatthewCollinsss|264
|player|p2|Gaet-Kun06|163
|gametype|singles
|gen|6
|tier|OU
|rated
|clearpoke
|poke|p1|Heatran, F
|poke|p1|Clefable, M
|poke|p1|Landorus-Therian, M
|poke|p1|Latios, M
|poke|p1|Skarmory, F
|poke|p1|Venusaur, F
|poke|p2|Charizard, F
|poke|p2|Bisharp, M
|poke|p2|Conkeldurr, F
|poke|p2|Latios, M
|poke|p2|Rotom-Wash
|poke|p2|Skarmory, F
|rule|Swagger Clause: Swagger is banned
|rule|Baton Pass Clause: Limit one PokÃ©mon knowing Baton Pass
|rule|Sleep Clause Mod: Limit one foe put to sleep
|rule|Species Clause: Limit one of each PokÃ©mon
|rule|OHKO Clause: OHKO moves are banned
|rule|Moody Clause: Moody is banned
|rule|Evasion Moves Clause: Evasion moves are banned
|rule|Endless Battle Clause: Forcing endless battles is banned
|rule|HP Percentage Mod: HP is shown in percentages
|teampreview
|
|start
|switch|p1a: Landorus-Therian|Landorus-Therian, M|320\/320
|switch|p2a: Rotom-Wash|Rotom-Wash|304\/304
|-ability|p1a: Landorus-Therian|Intimidate|[of] p2a: Rotom-Wash
|-unboost|p2a: Rotom-Wash|atk|1
|turn|1
|
|move|p1a: Landorus-Therian|U-turn|p2a: Rotom-Wash
|-damage|p2a: Rotom-Wash|214\/304
|
|switch|p1a: Venusaur|Venusaur, F|363\/363
|move|p2a: Rotom-Wash|Will-O-Wisp|p1a: Venusaur
|-status|p1a: Venusaur|brn
|
|-heal|p2a: Rotom-Wash|233\/304|[from] item: Leftovers
|-damage|p1a: Venusaur|318\/363 brn|[from] brn
|turn|2
|
|detailschange|p1a: Venusaur|Venusaur-Mega, F
|message|Venusaur has Mega Evolved into Mega Venusaur!
|move|p2a: Rotom-Wash|Volt Switch|p1a: Venusaur
|-resisted|p1a: Venusaur
|-damage|p1a: Venusaur|281\/363 brn
|
|switch|p2a: Skarmory|Skarmory, F|334\/334
|move|p1a: Venusaur|Giga Drain|p2a: Skarmory
|-resisted|p2a: Skarmory
|-damage|p2a: Skarmory|286\/334
|-heal|p1a: Venusaur|305\/363 brn|[from] drain|[of] p2a: Skarmory
|
|-heal|p2a: Skarmory|306\/334|[from] item: Leftovers
|-damage|p1a: Venusaur|260\/363 brn|[from] brn
|turn|3
|
|switch|p2a: Conkeldurr|Conkeldurr, F|362\/362
|move|p1a: Venusaur|Hidden Power|p2a: Conkeldurr
|-damage|p2a: Conkeldurr|309\/362
|
|-damage|p1a: Venusaur|215\/363 brn|[from] brn
|turn|4
|
|move|p1a: Venusaur|Synthesis|p1a: Venusaur
|-heal|p1a: Venusaur|363\/363 brn
|move|p2a: Conkeldurr|Knock Off|p1a: Venusaur
|-damage|p1a: Venusaur|295\/363 brn
|
|-damage|p1a: Venusaur|250\/363 brn|[from] brn
|turn|5
|
|switch|p2a: Latios|Latios, M|301\/301
|move|p1a: Venusaur|Giga Drain|p2a: Latios
|-resisted|p2a: Latios
|-damage|p2a: Latios|232\/301
|-heal|p1a: Venusaur|285\/363 brn|[from] drain|[of] p2a: Latios
|
|-damage|p1a: Venusaur|240\/363 brn|[from] brn
|turn|6
|
|switch|p2a: Conkeldurr|Conkeldurr, F|309\/362
|switch|p1a: Clefable|Clefable, M|394\/394
|
|turn|7
|
|switch|p2a: Bisharp|Bisharp, M|272\/272
|move|p1a: Clefable|Moonblast|p2a: Bisharp
|-damage|p2a: Bisharp|136\/272
|
|turn|8
|
|switch|p1a: Heatran|Heatran, F|385\/385
|move|p2a: Bisharp|Knock Off|p1a: Heatran
|-damage|p1a: Heatran|159\/385
|-enditem|p1a: Heatran|Leftovers|[from] move: Knock Off|[of] p2a: Bisharp
|-damage|p2a: Bisharp|109\/272|[from] item: Life Orb
|
|turn|9
|
|move|p2a: Bisharp|Sucker Punch|p1a: Heatran
|-fail|p1a: Heatran
|move|p1a: Heatran|Stealth Rock|p2a: Bisharp
|-sidestart|p2: Gaet-Kun06|move: Stealth Rock
|
|turn|10
|
|move|p1a: Heatran|Protect|p1a: Heatran
|-singleturn|p1a: Heatran|Protect
|move|p2a: Bisharp|Knock Off|p1a: Heatran
|-activate|p1a: Heatran|Protect
|
|turn|11
|
|move|p2a: Bisharp|Sucker Punch|p1a: Heatran
|-crit|p1a: Heatran
|-damage|p1a: Heatran|0 fnt
|-damage|p2a: Bisharp|82\/272|[from] item: Life Orb
|faint|p1a: Heatran
|
|
|switch|p1a: Skarmory|Skarmory, F|334\/334
|turn|12
|
|switch|p2a: Latios|Latios, M|232\/301
|-damage|p2a: Latios|195\/301|[from] Stealth Rock
|move|p1a: Skarmory|Brave Bird|p2a: Latios
|-damage|p2a: Latios|54\/301
|-damage|p1a: Skarmory|287\/334|[from] recoil|[of] p2a: Latios
|
|turn|13
|
|move|p2a: Latios|Defog|p1a: Skarmory
|-unboost|p1a: Skarmory|evasion|1
|-sideend|p2: Gaet-Kun06|Stealth Rock|[from] move: Defog|[of] p2a: Latios
|move|p1a: Skarmory|Brave Bird|p2a: Latios
|-damage|p2a: Latios|0 fnt
|-damage|p1a: Skarmory|269\/334|[from] recoil|[of] p2a: Latios
|faint|p2a: Latios
|
|
|switch|p2a: Rotom-Wash|Rotom-Wash|233\/304
|turn|14
|
|switch|p1a: Venusaur|Venusaur-Mega, F|240\/363 brn
|move|p2a: Rotom-Wash|Volt Switch|p1a: Venusaur
|-resisted|p1a: Venusaur
|-damage|p1a: Venusaur|203\/363 brn
|
|switch|p2a: Charizard|Charizard, F|333\/333
|
|-damage|p1a: Venusaur|158\/363 brn|[from] brn
|turn|15
|
|detailschange|p2a: Charizard|Charizard-Mega-X, F
|message|Charizard has Mega Evolved into Mega Charizard!
|move|p2a: Charizard|Flare Blitz|p1a: Venusaur
|-supereffective|p1a: Venusaur
|-damage|p1a: Venusaur|0 fnt
|-damage|p2a: Charizard|281\/333|[from] recoil|[of] p1a: Venusaur
|faint|p1a: Venusaur
|
|
|switch|p1a: Landorus-Therian|Landorus-Therian, M|320\/320
|-ability|p1a: Landorus-Therian|Intimidate|[of] p2a: Charizard
|-unboost|p2a: Charizard|atk|1
|turn|16
|
|switch|p2a: Skarmory|Skarmory, F|306\/334
|move|p1a: Landorus-Therian|U-turn|p2a: Skarmory
|-resisted|p2a: Skarmory
|-damage|p2a: Skarmory|292\/334
|
|switch|p1a: Clefable|Clefable, M|394\/394
|
|-heal|p2a: Skarmory|312\/334|[from] item: Leftovers
|turn|17
|
|move|p2a: Skarmory|Stealth Rock|p1a: Clefable
|-sidestart|p1: MatthewCollinsss|move: Stealth Rock
|move|p1a: Clefable|Flamethrower|p2a: Skarmory
|-supereffective|p2a: Skarmory
|-damage|p2a: Skarmory|116\/334
|
|-heal|p2a: Skarmory|136\/334|[from] item: Leftovers
|turn|18
|
|move|p2a: Skarmory|Brave Bird|p1a: Clefable
|-damage|p1a: Clefable|282\/394
|-damage|p2a: Skarmory|99\/334|[from] recoil|[of] p1a: Clefable
|move|p1a: Clefable|Calm Mind|p1a: Clefable
|-boost|p1a: Clefable|spa|1
|-boost|p1a: Clefable|spd|1
|
|-heal|p2a: Skarmory|119\/334|[from] item: Leftovers
|-heal|p1a: Clefable|306\/394|[from] item: Leftovers
|turn|19
|
|move|p2a: Skarmory|Brave Bird|p1a: Clefable
|-damage|p1a: Clefable|194\/394
|-damage|p2a: Skarmory|82\/334|[from] recoil|[of] p1a: Clefable
|move|p1a: Clefable|Flamethrower|p2a: Skarmory
|-supereffective|p2a: Skarmory
|-damage|p2a: Skarmory|0 fnt
|faint|p2a: Skarmory
|
|-heal|p1a: Clefable|218\/394|[from] item: Leftovers
|
|switch|p2a: Bisharp|Bisharp, M|82\/272
|turn|20
|
|switch|p1a: Skarmory|Skarmory, F|269\/334
|-damage|p1a: Skarmory|228\/334|[from] Stealth Rock
|move|p2a: Bisharp|Swords Dance|p2a: Bisharp
|-boost|p2a: Bisharp|atk|2
|
|turn|21
|
|move|p2a: Bisharp|Knock Off|p1a: Skarmory
|-damage|p1a: Skarmory|0 fnt
|-damage|p2a: Bisharp|37\/272|[from] item: Rocky Helmet|[of] p1a: Skarmory
|-enditem|p1a: Skarmory|Rocky Helmet|[from] move: Knock Off|[of] p2a: Bisharp
|-damage|p2a: Bisharp|10\/272|[from] item: Life Orb
|faint|p1a: Skarmory
|
|
|switch|p1a: Landorus-Therian|Landorus-Therian, M|320\/320
|-damage|p1a: Landorus-Therian|280\/320|[from] Stealth Rock
|-ability|p1a: Landorus-Therian|Intimidate|[of] p2a: Bisharp
|-unboost|p2a: Bisharp|atk|1
|-boost|p2a: Bisharp|atk|2|[from] ability: Defiant
|turn|22
|
|switch|p1a: Clefable|Clefable, M|218\/394
|move|p2a: Bisharp|Sucker Punch|p1a: Clefable
|-fail|p1a: Clefable
|
|-heal|p1a: Clefable|242\/394|[from] item: Leftovers
|turn|23
|
|move|p2a: Bisharp|Iron Head|p1a: Clefable
|-supereffective|p1a: Clefable
|-damage|p1a: Clefable|0 fnt
|-damage|p2a: Bisharp|0 fnt|[from] item: Life Orb
|faint|p1a: Clefable
|faint|p2a: Bisharp
|
|
|switch|p1a: Landorus-Therian|Landorus-Therian, M|280\/320
|-damage|p1a: Landorus-Therian|240\/320|[from] Stealth Rock
|switch|p2a: Conkeldurr|Conkeldurr, F|309\/362
|-ability|p1a: Landorus-Therian|Intimidate|[of] p2a: Conkeldurr
|-unboost|p2a: Conkeldurr|atk|1
|turn|24
|
|move|p1a: Landorus-Therian|U-turn|p2a: Conkeldurr
|-resisted|p2a: Conkeldurr
|-damage|p2a: Conkeldurr|264\/362
|
|switch|p1a: Latios|Latios, M|302\/302
|-damage|p1a: Latios|265\/302|[from] Stealth Rock
|move|p2a: Conkeldurr|Ice Punch|p1a: Latios
|-supereffective|p1a: Latios
|-damage|p1a: Latios|87\/302
|
|turn|25
|
|switch|p2a: Rotom-Wash|Rotom-Wash|233\/304
|move|p1a: Latios|Psyshock|p2a: Rotom-Wash
|-damage|p2a: Rotom-Wash|22\/304
|
|-heal|p2a: Rotom-Wash|41\/304|[from] item: Leftovers
|turn|26
|
|move|p1a: Latios|Psyshock|p2a: Rotom-Wash
|-damage|p2a: Rotom-Wash|0 fnt
|faint|p2a: Rotom-Wash
|
|
|switch|p2a: Charizard|Charizard-Mega-X, F|281\/333
|turn|27
|
|move|p1a: Latios|Psyshock|p2a: Charizard
|-damage|p2a: Charizard|74\/333
|move|p2a: Charizard|Flare Blitz|p1a: Latios
|-resisted|p1a: Latios
|-damage|p1a: Latios|0 fnt
|-damage|p2a: Charizard|45\/333|[from] recoil|[of] p1a: Latios
|faint|p1a: Latios
|
|
|switch|p1a: Landorus-Therian|Landorus-Therian, M|240\/320
|-damage|p1a: Landorus-Therian|200\/320|[from] Stealth Rock
|-ability|p1a: Landorus-Therian|Intimidate|[of] p2a: Charizard
|-unboost|p2a: Charizard|atk|1
|turn|28
|
|move|p1a: Landorus-Therian|Earthquake|p2a: Charizard
|-supereffective|p2a: Charizard
|-damage|p2a: Charizard|0 fnt
|faint|p2a: Charizard
|
|
|switch|p2a: Conkeldurr|Conkeldurr, F|264\/362
|turn|29
|
|move|p1a: Landorus-Therian|Earthquake|p2a: Conkeldurr
|-damage|p2a: Conkeldurr|72\/362
|move|p2a: Conkeldurr|Ice Punch|p1a: Landorus-Therian
|-supereffective|p1a: Landorus-Therian
|-damage|p1a: Landorus-Therian|0 fnt
|faint|p1a: Landorus-Therian
|
|win|Gaet-Kun06
|raw|Ladder updating...
|raw|MatthewCollinsss's rating: 1410 &rarr; <strong>1389<\/strong><br \/>(-21 for losing)
|raw|Gaet-Kun06's rating: 1394 &rarr; <strong>1415<\/strong><br \/>(+21 for winning)
|leave|MatthewCollinsss
|player|p1