|join|Gaet-Kun06
|join|SmoyfTV
|player|p1|Gaet-Kun06|163
|player|p2|SmoyfTV|17
|gametype|singles
|gen|6
|tier|OU
|rated
|clearpoke
|poke|p1|Charizard, F
|poke|p1|Skarmory, M
|poke|p1|Keldeo-Resolute
|poke|p1|Sylveon, F
|poke|p1|Bisharp, F
|poke|p1|Hippowdon, M
|poke|p2|Landorus-Therian, M
|poke|p2|Bisharp, F
|poke|p2|Manectric, F
|poke|p2|Tornadus-Therian, M
|poke|p2|Rotom-Wash
|poke|p2|Scizor, M
|rule|Baton Pass Clause: Limit 3 pokemon knowing Baton Pass
|rule|Sleep Clause Mod: Limit one foe put to sleep
|rule|Species Clause: Limit one of each Pokemon
|rule|OHKO Clause: OHKO moves are banned
|rule|Moody Clause: Moody is banned
|rule|Evasion Moves Clause: Evasion moves are banned
|rule|Endless Battle Clause: Forcing endless battles is banned
|rule|HP Percentage Mod: HP is reported as percentages
|teampreview
|
|start
|switch|p1a: Keldeo-Resolute|Keldeo-Resolute|323\/323
|switch|p2a: Spin Cycle|Rotom-Wash|304\/304
|turn|1
|
|switch|p1a: Sylveon|Sylveon, F|393\/393
|move|p2a: Spin Cycle|Will-O-Wisp|p1a: Sylveon
|-status|p1a: Sylveon|brn
|
|-damage|p1a: Sylveon|344\/393 brn|[from] brn
|turn|2
|
|move|p2a: Spin Cycle|Volt Switch|p1a: Sylveon
|-damage|p1a: Sylveon|290\/393 brn
|
|switch|p2a: Buge|Scizor, M|344\/344
|move|p1a: Sylveon|Heal Bell|p1a: Sylveon
|-cureteam|p1a: Sylveon|[from] move: HealBell
|
|-heal|p1a: Sylveon|314\/393|[from] item: Leftovers
|turn|3
|
|move|p1a: Sylveon|Protect|p1a: Sylveon
|-singleturn|p1a: Sylveon|Protect
|move|p2a: Buge|Knock Off|p1a: Sylveon
|-activate|p1a: Sylveon|Protect
|
|-heal|p1a: Sylveon|338\/393|[from] item: Leftovers
|turn|4
|
|switch|p1a: Charizard|Charizard, F|297\/297
|move|p2a: Buge|Knock Off|p1a: Charizard
|-damage|p1a: Charizard|133\/297
|
|turn|5
|
|switch|p2a: Spin Cycle|Rotom-Wash|304\/304
|detailschange|p1a: Charizard|Charizard-Mega-Y, F
|message|Charizard has Mega Evolved into Mega Charizard!
|-weather|SunnyDay
|move|p1a: Charizard|Fire Blast|p2a: Spin Cycle
|-resisted|p2a: Spin Cycle
|-damage|p2a: Spin Cycle|181\/304
|
|-weather|SunnyDay|[upkeep]
|turn|6
|
|switch|p2a: CockaDoodle|Tornadus-Therian, M|299\/299
|move|p1a: Charizard|Solar Beam|p2a: CockaDoodle|[still]
|-prepare|p1a: Charizard|Solar Beam|p2a: CockaDoodle
|-anim|p1a: Charizard|Solar Beam|p2a: CockaDoodle
|-resisted|p2a: CockaDoodle
|-damage|p2a: CockaDoodle|215\/299
|
|-weather|SunnyDay|[upkeep]
|turn|7
|
|switch|p1a: Sylveon|Sylveon, F|338\/393
|move|p2a: CockaDoodle|U-turn|p1a: Sylveon
|-resisted|p1a: Sylveon
|-damage|p1a: Sylveon|289\/393
|-damage|p2a: CockaDoodle|186\/299|[from] item: Life Orb
|
|switch|p2a: Buffalo Soldier|Manectric, F|281\/281
|
|-weather|SunnyDay|[upkeep]
|-heal|p1a: Sylveon|313\/393|[from] item: Leftovers
|turn|8
|
|detailschange|p2a: Buffalo Soldier|Manectric-Mega, F
|message|Manectric has Mega Evolved into Mega Manectric!
|-ability|p2a: Buffalo Soldier|Intimidate|[of] p1a: Sylveon
|-unboost|p1a: Sylveon|atk|1
|move|p2a: Buffalo Soldier|Thunderbolt|p1a: Sylveon
|-damage|p1a: Sylveon|219\/393
|move|p1a: Sylveon|Wish|p1a: Sylveon
|
|-weather|SunnyDay|[upkeep]
|-heal|p1a: Sylveon|243\/393|[from] item: Leftovers
|turn|9
|
|move|p2a: Buffalo Soldier|Volt Switch|p1a: Sylveon
|-crit|p1a: Sylveon
|-damage|p1a: Sylveon|135\/393
|
|switch|p2a: Buge|Scizor, M|344\/344
|move|p1a: Sylveon|Hyper Voice|p2a: Buge
|-resisted|p2a: Buge
|-damage|p2a: Buge|256\/344
|
|-weather|none
|-heal|p1a: Sylveon|331\/393|[from] move: Wish|[wisher] Sylveon
|-heal|p1a: Sylveon|355\/393|[from] item: Leftovers
|turn|10
|
|move|p1a: Sylveon|Protect|p1a: Sylveon
|-singleturn|p1a: Sylveon|Protect
|move|p2a: Buge|Knock Off|p1a: Sylveon
|-activate|p1a: Sylveon|Protect
|
|-heal|p1a: Sylveon|379\/393|[from] item: Leftovers
|turn|11
|
|move|p2a: Buge|Knock Off|p1a: Sylveon
|-resisted|p1a: Sylveon
|-damage|p1a: Sylveon|255\/393
|-enditem|p1a: Sylveon|Leftovers|[from] move: Knock Off|[of] p2a: Buge
|move|p1a: Sylveon|Hyper Voice|p2a: Buge
|-resisted|p2a: Buge
|-damage|p2a: Buge|171\/344
|
|turn|12
|
|switch|p2a: Nurato|Bisharp, F|334\/334
|-item|p2a: Nurato|Air Balloon
|move|p1a: Sylveon|Wish|p1a: Sylveon
|
|turn|13
|
|switch|p1a: Hippowdon|Hippowdon, M|420\/420
|-weather|Sandstorm
|move|p2a: Nurato|Rock Polish|p2a: Nurato
|-boost|p2a: Nurato|spe|2
|
|-weather|Sandstorm|[upkeep]
|turn|14
|
|move|p2a: Nurato|Knock Off|p1a: Hippowdon
|-damage|p1a: Hippowdon|291\/420
|-enditem|p1a: Hippowdon|Leftovers|[from] move: Knock Off|[of] p2a: Nurato
|move|p1a: Hippowdon|Rock Slide|p2a: Nurato
|-resisted|p2a: Nurato
|-damage|p2a: Nurato|302\/334
|-enditem|p2a: Nurato|Air Balloon
|
|-weather|Sandstorm|[upkeep]
|turn|15
|
|switch|p2a: Spin Cycle|Rotom-Wash|181\/304
|move|p1a: Hippowdon|Stealth Rock|p2a: Spin Cycle
|-sidestart|p2: SmoyfTV|move: Stealth Rock
|
|-weather|Sandstorm|[upkeep]
|-damage|p2a: Spin Cycle|162\/304|[from] sandstorm
|turn|16
|
|switch|p1a: Sylveon|Sylveon, F|255\/393
|move|p2a: Spin Cycle|Will-O-Wisp|p1a: Sylveon
|-status|p1a: Sylveon|brn
|
|-weather|Sandstorm|[upkeep]
|-damage|p2a: Spin Cycle|143\/304|[from] sandstorm
|-damage|p1a: Sylveon|231\/393 brn|[from] sandstorm
|-damage|p1a: Sylveon|182\/393 brn|[from] brn
|turn|17
|
|move|p2a: Spin Cycle|Volt Switch|p1a: Sylveon
|-damage|p1a: Sylveon|127\/393 brn
|
|switch|p2a: Nurato|Bisharp, F|302\/334
|-damage|p2a: Nurato|282\/334|[from] Stealth Rock
|move|p1a: Sylveon|Wish|p1a: Sylveon
|
|-weather|none
|-damage|p1a: Sylveon|78\/393 brn|[from] brn
|turn|18
|
|move|p2a: Nurato|Rock Polish|p2a: Nurato
|-boost|p2a: Nurato|spe|2
|move|p1a: Sylveon|Hyper Voice|p2a: Nurato
|-damage|p2a: Nurato|74\/334
|
|-heal|p1a: Sylveon|274\/393 brn|[from] move: Wish|[wisher] Sylveon
|-damage|p1a: Sylveon|225\/393 brn|[from] brn
|turn|19
|
|switch|p1a: Hippowdon|Hippowdon, M|291\/420
|-weather|Sandstorm
|move|p2a: Nurato|Iron Head|p1a: Hippowdon
|-damage|p1a: Hippowdon|189\/420
|
|-weather|Sandstorm|[upkeep]
|turn|20
|
|move|p2a: Nurato|Iron Head|p1a: Hippowdon
|-damage|p1a: Hippowdon|99\/420
|move|p1a: Hippowdon|Slack Off|p1a: Hippowdon
|-heal|p1a: Hippowdon|309\/420
|
|-weather|Sandstorm|[upkeep]
|turn|21
|
|switch|p2a: CockaDoodle|Tornadus-Therian, M|285\/299
|-damage|p2a: CockaDoodle|211\/299|[from] Stealth Rock
|move|p1a: Hippowdon|Earthquake|p2a: CockaDoodle
|-immune|p2a: CockaDoodle|[msg]
|
|-weather|Sandstorm|[upkeep]
|-damage|p2a: CockaDoodle|193\/299|[from] sandstorm
|turn|22
|
|move|p2a: CockaDoodle|Grass Knot|p1a: Hippowdon
|-supereffective|p1a: Hippowdon
|-damage|p1a: Hippowdon|0 fnt
|-damage|p2a: CockaDoodle|164\/299|[from] item: Life Orb
|faint|p1a: Hippowdon
|
|-weather|Sandstorm|[upkeep]
|-damage|p2a: CockaDoodle|146\/299|[from] sandstorm
|
|switch|p1a: Bisharp|Bisharp, F|271\/271
|turn|23
|
|move|p2a: CockaDoodle|Superpower|p1a: Bisharp
|-supereffective|p1a: Bisharp
|-damage|p1a: Bisharp|0 fnt
|-unboost|p2a: CockaDoodle|atk|1
|-unboost|p2a: CockaDoodle|def|1
|-damage|p2a: CockaDoodle|117\/299|[from] item: Life Orb
|faint|p1a: Bisharp
|
|-weather|none
|
|switch|p1a: Charizard|Charizard-Mega-Y, F|133\/297
|-weather|SunnyDay
|turn|24
|
|move|p2a: CockaDoodle|U-turn|p1a: Charizard
|-resisted|p1a: Charizard
|-damage|p1a: Charizard|119\/297
|-damage|p2a: CockaDoodle|88\/299|[from] item: Life Orb
|
|switch|p2a: Nurato|Bisharp, F|74\/334
|-damage|p2a: Nurato|54\/334|[from] Stealth Rock
|move|p1a: Charizard|Fire Blast|p2a: Nurato
|-supereffective|p2a: Nurato
|-damage|p2a: Nurato|0 fnt
|faint|p2a: Nurato
|
|-weather|SunnyDay|[upkeep]
|
|switch|p2a: Buffalo Soldier|Manectric-Mega, F|281\/281
|-damage|p2a: Buffalo Soldier|246\/281|[from] Stealth Rock
|-ability|p2a: Buffalo Soldier|Intimidate|[of] p1a: Charizard
|-unboost|p1a: Charizard|atk|1
|turn|25
|
|switch|p1a: Sylveon|Sylveon, F|225\/393 brn
|move|p2a: Buffalo Soldier|Thunderbolt|p1a: Sylveon
|-damage|p1a: Sylveon|134\/393 brn
|
|-weather|SunnyDay|[upkeep]
|-damage|p1a: Sylveon|85\/393 brn|[from] brn
|turn|26
|
|move|p2a: Buffalo Soldier|Thunderbolt|p1a: Sylveon
|-damage|p1a: Sylveon|0 fnt
|faint|p1a: Sylveon
|
|-weather|SunnyDay|[upkeep]
|
|switch|p1a: Keldeo-Resolute|Keldeo-Resolute|323\/323
|turn|27
|
|move|p2a: Buffalo Soldier|Thunderbolt|p1a: Keldeo-Resolute
|-supereffective|p1a: Keldeo-Resolute
|-damage|p1a: Keldeo-Resolute|0 fnt
|faint|p1a: Keldeo-Resolute
|
|-weather|SunnyDay|[upkeep]
|
|switch|p1a: Skarmory|Skarmory, M|334\/334
|turn|28
|
|move|p2a: Buffalo Soldier|Volt Switch|p1a: Skarmory
|-supereffective|p1a: Skarmory
|-activate|p1a: Skarmory|Sturdy
|-damage|p1a: Skarmory|1\/334
|
|switch|p2a: Spin Cycle|Rotom-Wash|143\/304
|-damage|p2a: Spin Cycle|105\/304|[from] Stealth Rock
|move|p1a: Skarmory|Toxic|p2a: Spin Cycle
|-status|p2a: Spin Cycle|tox
|
|-weather|none
|-heal|p1a: Skarmory|21\/334|[from] item: Leftovers
|-damage|p2a: Spin Cycle|86\/304 tox|[from] psn
|turn|29
|
|move|p2a: Spin Cycle|Rest|p2a: Spin Cycle
|-status|p2a: Spin Cycle|slp
|-heal|p2a: Spin Cycle|304\/304 slp|[silent]
|-status|p2a: Spin Cycle|slp|[from] move: Rest
|-enditem|p2a: Spin Cycle|Chesto Berry|[eat]
|-curestatus|p2a: Spin Cycle|slp
|move|p1a: Skarmory|Roost|p1a: Skarmory
|-heal|p1a: Skarmory|188\/334
|
|-heal|p1a: Skarmory|208\/334|[from] item: Leftovers
|turn|30
|
|switch|p2a: CatDog|Landorus-Therian, M|382\/382
|-damage|p2a: CatDog|335\/382|[from] Stealth Rock
|-ability|p2a: CatDog|Intimidate|[of] p1a: Skarmory
|-unboost|p1a: Skarmory|atk|1
|move|p1a: Skarmory|Toxic|p2a: CatDog
|-status|p2a: CatDog|tox
|
|-heal|p2a: CatDog|358\/382 tox|[from] item: Leftovers
|-heal|p1a: Skarmory|228\/334|[from] item: Leftovers
|-damage|p2a: CatDog|335\/382 tox|[from] psn
|turn|31
|
|move|p2a: CatDog|Stealth Rock|p1a: Skarmory
|-sidestart|p1: Gaet-Kun06|move: Stealth Rock
|move|p1a: Skarmory|Toxic|p2a: CatDog
|-fail|p2a: CatDog|tox
|
|-heal|p2a: CatDog|358\/382 tox|[from] item: Leftovers
|-heal|p1a: Skarmory|248\/334|[from] item: Leftovers
|-damage|p2a: CatDog|312\/382 tox|[from] psn
|turn|32
|
|move|p2a: CatDog|Knock Off|p1a: Skarmory
|-damage|p1a: Skarmory|169\/334
|-enditem|p1a: Skarmory|Leftovers|[from] move: Knock Off|[of] p2a: CatDog
|move|p1a: Skarmory|Defog|p2a: CatDog
|-unboost|p2a: CatDog|evasion|1
|-sideend|p2: SmoyfTV|Stealth Rock|[from] move: Defog|[of] p2a: CatDog
|-sideend|p1: Gaet-Kun06|Stealth Rock|[from] move: Defog|[of] p1a: Skarmory
|
|-heal|p2a: CatDog|335\/382 tox|[from] item: Leftovers
|-damage|p2a: CatDog|266\/382 tox|[from] psn
|turn|33
|
|switch|p2a: Buffalo Soldier|Manectric-Mega, F|246\/281
|-ability|p2a: Buffalo Soldier|Intimidate|[of] p1a: Skarmory
|-unboost|p1a: Skarmory|atk|1
|move|p1a: Skarmory|Toxic|p2a: Buffalo Soldier|[miss]
|-miss|p1a: Skarmory|p2a: Buffalo Soldier
|
|turn|34
|
|move|p2a: Buffalo Soldier|Thunderbolt|p1a: Skarmory
|-supereffective|p1a: Skarmory
|-damage|p1a: Skarmory|0 fnt
|faint|p1a: Skarmory
|
|
|switch|p1a: Charizard|Charizard-Mega-Y, F|119\/297
|-weather|SunnyDay
|turn|35
|
|move|p2a: Buffalo Soldier|Thunderbolt|p1a: Charizard
|-supereffective|p1a: Charizard
|-damage|p1a: Charizard|0 fnt
|faint|p1a: Charizard
|
|win|SmoyfTV
|raw|Ladder updating...
|raw|Gaet-Kun06's rating: 1641 &rarr; <strong>1617<\/strong><br \/>(-24 for losing)
|raw|SmoyfTV's rating: 1583 &rarr; <strong>1607<\/strong><br \/>(+24 for winning)
|leave|Gaet-Kun06
|player|p1
|chat|SmoyfTV|gg