|join|Terrasparkle
|join|Gaet-Kun06
|player|p1|Terrasparkle|1
|player|p2|Gaet-Kun06|163
|gametype|singles
|gen|6
|tier|OU
|rated
|clearpoke
|poke|p1|Gliscor, M
|poke|p1|Scizor, M
|poke|p1|Rotom-Wash
|poke|p1|Gothitelle, M
|poke|p1|Ditto
|poke|p1|Chansey, F
|poke|p2|Raikou
|poke|p2|Gliscor, F
|poke|p2|Kyurem-Black
|poke|p2|Mandibuzz, F
|poke|p2|Talonflame, F
|poke|p2|Mawile, F, shiny
|rule|Swagger Clause: Swagger is banned
|rule|Baton Pass Clause: Limit one PokÃ©mon knowing Baton Pass
|rule|Sleep Clause Mod: Limit one foe put to sleep
|rule|Species Clause: Limit one of each PokÃ©mon
|rule|OHKO Clause: OHKO moves are banned
|rule|Moody Clause: Moody is banned
|rule|Evasion Moves Clause: Evasion moves are banned
|rule|Endless Battle Clause: Forcing endless battles is banned
|rule|HP Percentage Mod: HP is reported as percentages
|teampreview
|
|start
|switch|p1a: Chansey|Chansey, F|704\/704
|switch|p2a: Gliscor|Gliscor, F|353\/353
|turn|1
|
|move|p2a: Gliscor|Taunt|p1a: Chansey
|-start|p1a: Chansey|move: Taunt
|cant|p1a: Chansey|move: Taunt|Stealth Rock
|
|-status|p2a: Gliscor|tox|[from] item: Toxic Orb
|turn|2
|
|switch|p1a: Scizor|Scizor, M|342\/342
|move|p2a: Gliscor|Stealth Rock|p1a: Scizor
|-sidestart|p1: Terrasparkle|move: Stealth Rock
|
|turn|3
|
|detailschange|p1a: Scizor|Scizor-Mega, M
|message|Scizor has Mega Evolved into Mega Scizor!
|move|p2a: Gliscor|Taunt|p1a: Scizor
|-start|p1a: Scizor|move: Taunt
|move|p1a: Scizor|Knock Off|p2a: Gliscor
|-damage|p2a: Gliscor|253\/353 tox
|-enditem|p2a: Gliscor|Toxic Orb|[from] move: Knock Off|[of] p1a: Scizor
|
|-heal|p2a: Gliscor|297\/353 tox|[from] ability: Poison Heal
|turn|4
|
|switch|p1a: Ditto|Ditto|300\/300
|-damage|p1a: Ditto|263\/300|[from] Stealth Rock
|-transform|p1a: Ditto|p2a: Gliscor
|move|p2a: Gliscor|U-turn|p1a: Ditto
|-resisted|p1a: Ditto
|-damage|p1a: Ditto|241\/300
|
|switch|p2a: Kyurem-Black|Kyurem-Black|391\/391
|-ability|p2a: Kyurem-Black|Teravolt
|
|turn|5
|
|move|p1a: Ditto|U-turn|p2a: Kyurem-Black
|-damage|p2a: Kyurem-Black|337\/391
|
|switch|p1a: Scizor|Scizor-Mega, M|342\/342
|-damage|p1a: Scizor|300\/342|[from] Stealth Rock
|move|p2a: Kyurem-Black|Ice Beam|p1a: Scizor
|-crit|p1a: Scizor
|-resisted|p1a: Scizor
|-damage|p1a: Scizor|149\/342
|-damage|p2a: Kyurem-Black|298\/391|[from] item: Life Orb
|
|turn|6
|
|move|p2a: Kyurem-Black|Focus Blast|p1a: Scizor
|-damage|p1a: Scizor|0 fnt
|-damage|p2a: Kyurem-Black|259\/391|[from] item: Life Orb
|faint|p1a: Scizor
|
|
|switch|p1a: Ditto|Ditto|241\/300
|-damage|p1a: Ditto|204\/300|[from] Stealth Rock
|-transform|p1a: Ditto|p2a: Kyurem-Black
|-ability|p1a: Ditto|Teravolt
|turn|7
|
|move|p1a: Ditto|Ice Beam|p2a: Kyurem-Black
|-damage|p2a: Kyurem-Black|84\/391
|move|p2a: Kyurem-Black|Focus Blast|p1a: Ditto|[miss]
|-miss|p2a: Kyurem-Black|p1a: Ditto
|
|turn|8
|
|switch|p2a: Mawile|Mawile, F, shiny|303\/303
|-ability|p2a: Mawile|Intimidate|[of] p1a: Ditto
|-unboost|p1a: Ditto|atk|1
|move|p1a: Ditto|Ice Beam|p2a: Mawile
|-resisted|p2a: Mawile
|-damage|p2a: Mawile|174\/303
|
|turn|9
|
|switch|p1a: Gliscor|Gliscor, M|352\/352
|-damage|p1a: Gliscor|308\/352|[from] Stealth Rock
|detailschange|p2a: Mawile|Mawile-Mega, F, shiny
|message|Mawile has Mega Evolved into Mega Mawile!
|move|p2a: Mawile|Play Rough|p1a: Gliscor
|-damage|p1a: Gliscor|106\/352
|
|-status|p1a: Gliscor|tox|[from] item: Toxic Orb
|turn|10
|
|move|p1a: Gliscor|Protect|p1a: Gliscor
|-singleturn|p1a: Gliscor|Protect
|move|p2a: Mawile|Sucker Punch|p1a: Gliscor
|-fail|p1a: Gliscor
|
|-heal|p1a: Gliscor|150\/352 tox|[from] ability: Poison Heal
|turn|11
|
|switch|p2a: Gliscor|Gliscor, F|297\/353 tox
|move|p1a: Gliscor|Earthquake|p2a: Gliscor
|-immune|p2a: Gliscor|[msg]
|
|-heal|p2a: Gliscor|341\/353 tox|[from] ability: Poison Heal
|-heal|p1a: Gliscor|194\/352 tox|[from] ability: Poison Heal
|turn|12
|
|move|p1a: Gliscor|Protect|p1a: Gliscor
|-singleturn|p1a: Gliscor|Protect
|move|p2a: Gliscor|Taunt|p1a: Gliscor
|-activate|p1a: Gliscor|Protect
|
|-heal|p2a: Gliscor|353\/353 tox|[from] ability: Poison Heal
|-heal|p1a: Gliscor|238\/352 tox|[from] ability: Poison Heal
|turn|13
|
|switch|p1a: Gothitelle|Gothitelle, M|301\/301
|-damage|p1a: Gothitelle|264\/301|[from] Stealth Rock
|move|p2a: Gliscor|Taunt|p1a: Gothitelle
|-start|p1a: Gothitelle|move: Taunt
|
|turn|14
|
|switch|p1a: Ditto|Ditto|204\/300
|-damage|p1a: Ditto|167\/300|[from] Stealth Rock
|-transform|p1a: Ditto|p2a: Gliscor
|move|p2a: Gliscor|U-turn|p1a: Ditto
|-resisted|p1a: Ditto
|-damage|p1a: Ditto|146\/300
|
|switch|p2a: Mandibuzz|Mandibuzz, F|423\/423
|
|turn|15
|
|move|p1a: Ditto|Stealth Rock|p2a: Mandibuzz
|-sidestart|p2: Gaet-Kun06|move: Stealth Rock
|move|p2a: Mandibuzz|Defog|p1a: Ditto
|-unboost|p1a: Ditto|evasion|1
|-sideend|p1: Terrasparkle|Stealth Rock|[from] move: Defog|[of] p1a: Ditto
|-sideend|p2: Gaet-Kun06|Stealth Rock|[from] move: Defog|[of] p2a: Mandibuzz
|
|turn|16
|
|switch|p1a: Rotom-Wash|Rotom-Wash|304\/304
|move|p2a: Mandibuzz|Knock Off|p1a: Rotom-Wash
|-damage|p1a: Rotom-Wash|250\/304
|-enditem|p1a: Rotom-Wash|Leftovers|[from] move: Knock Off|[of] p2a: Mandibuzz
|
|turn|17
|
|switch|p2a: Raikou|Raikou|321\/321
|-ability|p2a: Raikou|Pressure
|move|p1a: Rotom-Wash|Will-O-Wisp|p2a: Raikou
|-status|p2a: Raikou|brn
|
|-damage|p2a: Raikou|281\/321 brn|[from] brn
|turn|18
|
|switch|p1a: Gliscor|Gliscor, M|238\/352 tox
|move|p2a: Raikou|Volt Switch|p1a: Gliscor
|-immune|p1a: Gliscor|[msg]
|
|-damage|p2a: Raikou|241\/321 brn|[from] brn
|-heal|p1a: Gliscor|282\/352 tox|[from] ability: Poison Heal
|turn|19
|
|switch|p2a: Kyurem-Black|Kyurem-Black|84\/391
|-ability|p2a: Kyurem-Black|Teravolt
|move|p1a: Gliscor|Protect|p1a: Gliscor
|-fail|p1a: Gliscor
|
|-heal|p1a: Gliscor|326\/352 tox|[from] ability: Poison Heal
|turn|20
|
|switch|p1a: Chansey|Chansey, F|704\/704
|move|p2a: Kyurem-Black|Ice Beam|p1a: Chansey
|-damage|p1a: Chansey|574\/704
|-damage|p2a: Kyurem-Black|45\/391|[from] item: Life Orb
|
|turn|21
|
|switch|p2a: Mandibuzz|Mandibuzz, F|423\/423
|move|p1a: Chansey|Thunder Wave|p2a: Mandibuzz
|-status|p2a: Mandibuzz|par
|
|turn|22
|
|move|p1a: Chansey|Stealth Rock|p2a: Mandibuzz
|-sidestart|p2: Gaet-Kun06|move: Stealth Rock
|move|p2a: Mandibuzz|Defog|p1a: Chansey
|-unboost|p1a: Chansey|evasion|1
|-sideend|p2: Gaet-Kun06|Stealth Rock|[from] move: Defog|[of] p2a: Mandibuzz
|
|turn|23
|
|move|p1a: Chansey|Stealth Rock|p2a: Mandibuzz
|-sidestart|p2: Gaet-Kun06|move: Stealth Rock
|move|p2a: Mandibuzz|Knock Off|p1a: Chansey
|-damage|p1a: Chansey|466\/704
|-enditem|p1a: Chansey|Eviolite|[from] move: Knock Off|[of] p2a: Mandibuzz
|
|turn|24
|
|switch|p1a: Gothitelle|Gothitelle, M|264\/301
|cant|p2a: Mandibuzz|par
|
|turn|25
|
|move|p1a: Gothitelle|Trick|p2a: Mandibuzz
|-activate|p1a: Gothitelle|move: Trick|[of] p2a: Mandibuzz
|-item|p2a: Mandibuzz|Choice Scarf|[from] move: Trick
|-item|p1a: Gothitelle|Leftovers|[from] move: Trick
|move|p2a: Mandibuzz|Knock Off|p1a: Gothitelle
|-supereffective|p1a: Gothitelle
|-damage|p1a: Gothitelle|96\/301
|-enditem|p1a: Gothitelle|Leftovers|[from] move: Knock Off|[of] p2a: Mandibuzz
|
|turn|26
|
|switch|p1a: Gliscor|Gliscor, M|326\/352 tox
|move|p2a: Mandibuzz|Knock Off|p1a: Gliscor
|-damage|p1a: Gliscor|265\/352 tox
|-enditem|p1a: Gliscor|Toxic Orb|[from] move: Knock Off|[of] p2a: Mandibuzz
|
|-heal|p1a: Gliscor|309\/352 tox|[from] ability: Poison Heal
|turn|27
|
|switch|p2a: Gliscor|Gliscor, F|353\/353 tox
|-damage|p2a: Gliscor|309\/353 tox|[from] Stealth Rock
|move|p1a: Gliscor|Substitute|p1a: Gliscor
|-start|p1a: Gliscor|Substitute
|-damage|p1a: Gliscor|221\/352 tox
|
|-heal|p2a: Gliscor|353\/353 tox|[from] ability: Poison Heal
|-heal|p1a: Gliscor|265\/352 tox|[from] ability: Poison Heal
|turn|28
|
|switch|p1a: Rotom-Wash|Rotom-Wash|250\/304
|move|p2a: Gliscor|U-turn|p1a: Rotom-Wash
|-damage|p1a: Rotom-Wash|211\/304
|
|switch|p2a: Mandibuzz|Mandibuzz, F|423\/423 par
|-damage|p2a: Mandibuzz|318\/423 par|[from] Stealth Rock
|
|turn|29
|
|move|p1a: Rotom-Wash|Hydro Pump|p2a: Mandibuzz
|-damage|p2a: Mandibuzz|185\/423 par
|move|p2a: Mandibuzz|Defog|p1a: Rotom-Wash
|-unboost|p1a: Rotom-Wash|evasion|1
|-sideend|p2: Gaet-Kun06|Stealth Rock|[from] move: Defog|[of] p2a: Mandibuzz
|
|turn|30
|
|switch|p2a: Raikou|Raikou|241\/321 brn
|-ability|p2a: Raikou|Pressure
|move|p1a: Rotom-Wash|Volt Switch|p2a: Raikou
|-crit|p2a: Raikou
|-resisted|p2a: Raikou
|-damage|p2a: Raikou|199\/321 brn
|
|switch|p1a: Chansey|Chansey, F|466\/704
|
|-damage|p2a: Raikou|159\/321 brn|[from] brn
|turn|31
|
|move|p2a: Raikou|Volt Switch|p1a: Chansey
|-damage|p1a: Chansey|354\/704
|
|switch|p2a: Kyurem-Black|Kyurem-Black|45\/391
|-ability|p2a: Kyurem-Black|Teravolt
|move|p1a: Chansey|Stealth Rock|p2a: Kyurem-Black
|-sidestart|p2: Gaet-Kun06|move: Stealth Rock
|
|turn|32
|
|switch|p1a: Gothitelle|Gothitelle, M|96\/301
|move|p2a: Kyurem-Black|Fusion Bolt|p1a: Gothitelle
|-damage|p1a: Gothitelle|0 fnt
|-damage|p2a: Kyurem-Black|6\/391|[from] item: Life Orb
|faint|p1a: Gothitelle
|
|
|switch|p1a: Ditto|Ditto|146\/300
|-transform|p1a: Ditto|p2a: Kyurem-Black
|-ability|p1a: Ditto|Teravolt
|turn|33
|
|move|p1a: Ditto|Ice Beam|p2a: Kyurem-Black
|-damage|p2a: Kyurem-Black|0 fnt
|faint|p2a: Kyurem-Black
|
|
|switch|p2a: Mawile|Mawile-Mega, F, shiny|174\/303
|-damage|p2a: Mawile|156\/303|[from] Stealth Rock
|turn|34
|
|move|p1a: Ditto|Ice Beam|p2a: Mawile
|-resisted|p2a: Mawile
|-damage|p2a: Mawile|72\/303
|move|p2a: Mawile|Play Rough|p1a: Ditto
|-supereffective|p1a: Ditto
|-damage|p1a: Ditto|0 fnt
|faint|p1a: Ditto
|
|
|switch|p1a: Gliscor|Gliscor, M|265\/352 tox
|turn|35
|
|switch|p2a: Mandibuzz|Mandibuzz, F|185\/423 par
|-damage|p2a: Mandibuzz|80\/423 par|[from] Stealth Rock
|move|p1a: Gliscor|Earthquake|p2a: Mandibuzz
|-immune|p2a: Mandibuzz|[msg]
|
|-heal|p1a: Gliscor|309\/352 tox|[from] ability: Poison Heal
|turn|36
|
|switch|p1a: Rotom-Wash|Rotom-Wash|211\/304
|move|p2a: Mandibuzz|Defog|p1a: Rotom-Wash
|-unboost|p1a: Rotom-Wash|evasion|1
|-sideend|p2: Gaet-Kun06|Stealth Rock|[from] move: Defog|[of] p2a: Mandibuzz
|
|turn|37
|
|move|p1a: Rotom-Wash|Hydro Pump|p2a: Mandibuzz|[miss]
|-miss|p1a: Rotom-Wash|p2a: Mandibuzz
|move|p2a: Mandibuzz|Defog|p1a: Rotom-Wash
|-unboost|p1a: Rotom-Wash|evasion|1
|
|turn|38
|
|move|p1a: Rotom-Wash|Hydro Pump|p2a: Mandibuzz|[miss]
|-miss|p1a: Rotom-Wash|p2a: Mandibuzz
|move|p2a: Mandibuzz|Defog|p1a: Rotom-Wash
|-unboost|p1a: Rotom-Wash|evasion|1
|
|turn|39
|
|move|p1a: Rotom-Wash|Volt Switch|p2a: Mandibuzz
|-supereffective|p2a: Mandibuzz
|-damage|p2a: Mandibuzz|0 fnt
|faint|p2a: Mandibuzz
|
|switch|p1a: Gliscor|Gliscor, M|309\/352 tox
|
|-heal|p1a: Gliscor|352\/352 tox|[from] ability: Poison Heal
|
|switch|p2a: Gliscor|Gliscor, F|353\/353 tox
|turn|40
|
|move|p1a: Gliscor|Protect|p1a: Gliscor
|-singleturn|p1a: Gliscor|Protect
|move|p2a: Gliscor|Taunt|p1a: Gliscor
|-activate|p1a: Gliscor|Protect
|
|turn|41
|
|switch|p1a: Rotom-Wash|Rotom-Wash|211\/304
|move|p2a: Gliscor|Taunt|p1a: Rotom-Wash
|-start|p1a: Rotom-Wash|move: Taunt
|
|turn|42
|
|move|p2a: Gliscor|U-turn|p1a: Rotom-Wash
|-damage|p1a: Rotom-Wash|172\/304
|
|switch|p2a: Raikou|Raikou|159\/321 brn
|-ability|p2a: Raikou|Pressure
|move|p1a: Rotom-Wash|Hydro Pump|p2a: Raikou
|-crit|p2a: Raikou
|-damage|p2a: Raikou|20\/321 brn
|
|-damage|p2a: Raikou|0 fnt|[from] brn
|faint|p2a: Raikou
|
|switch|p2a: Mawile|Mawile-Mega, F, shiny|72\/303
|turn|43
|
|move|p1a: Rotom-Wash|Volt Switch|p2a: Mawile
|-damage|p2a: Mawile|0 fnt
|faint|p2a: Mawile
|
|switch|p1a: Chansey|Chansey, F|354\/704
|
|
|switch|p2a: Talonflame|Talonflame, F|297\/297
|turn|44
|
|move|p2a: Talonflame|Brave Bird|p1a: Chansey
|-damage|p1a: Chansey|0 fnt
|-damage|p2a: Talonflame|180\/297|[from] recoil|[of] p1a: Chansey
|faint|p1a: Chansey
|
|
|switch|p1a: Rotom-Wash|Rotom-Wash|172\/304
|turn|45
|
|move|p2a: Talonflame|Brave Bird|p1a: Rotom-Wash
|-resisted|p1a: Rotom-Wash
|-damage|p1a: Rotom-Wash|78\/304
|-damage|p2a: Talonflame|149\/297|[from] recoil|[of] p1a: Rotom-Wash
|move|p1a: Rotom-Wash|Volt Switch|p2a: Talonflame
|-supereffective|p2a: Talonflame
|-damage|p2a: Talonflame|0 fnt
|faint|p2a: Talonflame
|
|switch|p1a: Gliscor|Gliscor, M|352\/352 tox
|
|
|switch|p2a: Gliscor|Gliscor, F|353\/353 tox
|turn|46
|
|move|p2a: Gliscor|U-turn|p1a: Gliscor
|-resisted|p1a: Gliscor
|-damage|p1a: Gliscor|332\/352 tox
|move|p1a: Gliscor|Earthquake|p2a: Gliscor
|-immune|p2a: Gliscor|[msg]
|
|-heal|p1a: Gliscor|352\/352 tox|[from] ability: Poison Heal
|turn|47
|
|move|p2a: Gliscor|Taunt|p1a: Gliscor
|-start|p1a: Gliscor|move: Taunt
|move|p1a: Gliscor|Earthquake|p2a: Gliscor
|-immune|p2a: Gliscor|[msg]
|
|turn|48
|
|move|p2a: Gliscor|Stealth Rock|p1a: Gliscor
|-sidestart|p1: Terrasparkle|move: Stealth Rock
|move|p1a: Gliscor|Earthquake|p2a: Gliscor
|-immune|p2a: Gliscor|[msg]
|
|turn|49
|
|move|p2a: Gliscor|U-turn|p1a: Gliscor
|-resisted|p1a: Gliscor
|-damage|p1a: Gliscor|332\/352 tox
|move|p1a: Gliscor|Earthquake|p2a: Gliscor
|-immune|p2a: Gliscor|[msg]
|
|-heal|p1a: Gliscor|352\/352 tox|[from] ability: Poison Heal
|-end|p1a: Gliscor|move: Taunt
|turn|50
|
|move|p2a: Gliscor|Taunt|p1a: Gliscor
|-start|p1a: Gliscor|move: Taunt
|move|p1a: Gliscor|Earthquake|p2a: Gliscor
|-immune|p2a: Gliscor|[msg]
|
|turn|51
|
|move|p2a: Gliscor|U-turn|p1a: Gliscor
|-resisted|p1a: Gliscor
|-damage|p1a: Gliscor|332\/352 tox
|move|p1a: Gliscor|Earthquake|p2a: Gliscor
|-immune|p2a: Gliscor|[msg]
|
|-heal|p1a: Gliscor|352\/352 tox|[from] ability: Poison Heal
|turn|52
|
|move|p2a: Gliscor|U-turn|p1a: Gliscor
|-resisted|p1a: Gliscor
|-damage|p1a: Gliscor|334\/352 tox
|move|p1a: Gliscor|Earthquake|p2a: Gliscor
|-immune|p2a: Gliscor|[msg]
|
|-heal|p1a: Gliscor|352\/352 tox|[from] ability: Poison Heal
|-end|p1a: Gliscor|move: Taunt
|turn|53
|
|move|p2a: Gliscor|U-turn|p1a: Gliscor
|-resisted|p1a: Gliscor
|-damage|p1a: Gliscor|332\/352 tox
|move|p1a: Gliscor|Earthquake|p2a: Gliscor
|-immune|p2a: Gliscor|[msg]
|
|-heal|p1a: Gliscor|352\/352 tox|[from] ability: Poison Heal
|turn|54
|
|move|p2a: Gliscor|Taunt|p1a: Gliscor
|-start|p1a: Gliscor|move: Taunt
|move|p1a: Gliscor|Earthquake|p2a: Gliscor
|-immune|p2a: Gliscor|[msg]
|
|turn|55
|
|move|p2a: Gliscor|U-turn|p1a: Gliscor
|-resisted|p1a: Gliscor
|-damage|p1a: Gliscor|333\/352 tox
|move|p1a: Gliscor|Earthquake|p2a: Gliscor
|-immune|p2a: Gliscor|[msg]
|
|-heal|p1a: Gliscor|352\/352 tox|[from] ability: Poison Heal
|turn|56
|
|move|p2a: Gliscor|U-turn|p1a: Gliscor
|-resisted|p1a: Gliscor
|-damage|p1a: Gliscor|331\/352 tox
|move|p1a: Gliscor|Earthquake|p2a: Gliscor
|-immune|p2a: Gliscor|[msg]
|
|-heal|p1a: Gliscor|352\/352 tox|[from] ability: Poison Heal
|-end|p1a: Gliscor|move: Taunt
|turn|57
|
|move|p2a: Gliscor|Taunt|p1a: Gliscor
|-start|p1a: Gliscor|move: Taunt
|move|p1a: Gliscor|Earthquake|p2a: Gliscor
|-immune|p2a: Gliscor|[msg]
|
|turn|58
|
|move|p2a: Gliscor|Earthquake|p1a: Gliscor
|-immune|p1a: Gliscor|[msg]
|move|p1a: Gliscor|Earthquake|p2a: Gliscor
|-immune|p2a: Gliscor|[msg]
|
|turn|59
|
|move|p2a: Gliscor|U-turn|p1a: Gliscor
|-resisted|p1a: Gliscor
|-damage|p1a: Gliscor|332\/352 tox
|move|p1a: Gliscor|Earthquake|p2a: Gliscor
|-immune|p2a: Gliscor|[msg]
|
|-heal|p1a: Gliscor|352\/352 tox|[from] ability: Poison Heal
|-end|p1a: Gliscor|move: Taunt
|turn|60
|
|move|p2a: Gliscor|U-turn|p1a: Gliscor
|-resisted|p1a: Gliscor
|-damage|p1a: Gliscor|333\/352 tox
|move|p1a: Gliscor|Toxic|p2a: Gliscor
|-fail|p2a: Gliscor|tox
|
|-heal|p1a: Gliscor|352\/352 tox|[from] ability: Poison Heal
|turn|61
|
|move|p2a: Gliscor|Earthquake|p1a: Gliscor
|-immune|p1a: Gliscor|[msg]
|move|p1a: Gliscor|Toxic|p2a: Gliscor
|-fail|p2a: Gliscor|tox
|
|turn|62
|
|move|p2a: Gliscor|Taunt|p1a: Gliscor
|-start|p1a: Gliscor|move: Taunt
|cant|p1a: Gliscor|move: Taunt|Toxic
|
|turn|63
|
|move|p2a: Gliscor|U-turn|p1a: Gliscor
|-resisted|p1a: Gliscor
|-damage|p1a: Gliscor|333\/352 tox
|-activate|p1a: Gliscor|move: Struggle
|move|p1a: Gliscor|Struggle|p2a: Gliscor
|-damage|p2a: Gliscor|322\/353 tox
|-damage|p1a: Gliscor|245\/352 tox
|
|-heal|p2a: Gliscor|353\/353 tox|[from] ability: Poison Heal
|-heal|p1a: Gliscor|289\/352 tox|[from] ability: Poison Heal
|turn|64
|
|move|p2a: Gliscor|U-turn|p1a: Gliscor
|-resisted|p1a: Gliscor
|-damage|p1a: Gliscor|268\/352 tox
|-activate|p1a: Gliscor|move: Struggle
|move|p1a: Gliscor|Struggle|p2a: Gliscor
|-damage|p2a: Gliscor|322\/353 tox
|-damage|p1a: Gliscor|180\/352 tox
|
|-heal|p2a: Gliscor|353\/353 tox|[from] ability: Poison Heal
|-heal|p1a: Gliscor|224\/352 tox|[from] ability: Poison Heal
|-end|p1a: Gliscor|move: Taunt
|turn|65
|
|move|p2a: Gliscor|Taunt|p1a: Gliscor
|-start|p1a: Gliscor|move: Taunt
|cant|p1a: Gliscor|move: Taunt|Toxic
|
|-heal|p1a: Gliscor|268\/352 tox|[from] ability: Poison Heal
|turn|66
|
|move|p2a: Gliscor|U-turn|p1a: Gliscor
|-resisted|p1a: Gliscor
|-damage|p1a: Gliscor|249\/352 tox
|-activate|p1a: Gliscor|move: Struggle
|move|p1a: Gliscor|Struggle|p2a: Gliscor
|-damage|p2a: Gliscor|322\/353 tox
|-damage|p1a: Gliscor|161\/352 tox
|
|-heal|p2a: Gliscor|353\/353 tox|[from] ability: Poison Heal
|-heal|p1a: Gliscor|205\/352 tox|[from] ability: Poison Heal
|turn|67
|
|move|p2a: Gliscor|U-turn|p1a: Gliscor
|-resisted|p1a: Gliscor
|-damage|p1a: Gliscor|185\/352 tox
|-activate|p1a: Gliscor|move: Struggle
|move|p1a: Gliscor|Struggle|p2a: Gliscor
|-crit|p2a: Gliscor
|-damage|p2a: Gliscor|310\/353 tox
|-damage|p1a: Gliscor|97\/352 tox
|
|-heal|p2a: Gliscor|353\/353 tox|[from] ability: Poison Heal
|-heal|p1a: Gliscor|141\/352 tox|[from] ability: Poison Heal
|-end|p1a: Gliscor|move: Taunt
|turn|68
|
|move|p1a: Gliscor|Protect|p1a: Gliscor
|-singleturn|p1a: Gliscor|Protect
|move|p2a: Gliscor|Taunt|p1a: Gliscor
|-activate|p1a: Gliscor|Protect
|
|-heal|p1a: Gliscor|185\/352 tox|[from] ability: Poison Heal
|turn|69
|
|move|p2a: Gliscor|Taunt|p1a: Gliscor
|-start|p1a: Gliscor|move: Taunt
|cant|p1a: Gliscor|move: Taunt|Toxic
|
|-heal|p1a: Gliscor|229\/352 tox|[from] ability: Poison Heal
|turn|70
|
|move|p2a: Gliscor|U-turn|p1a: Gliscor
|-resisted|p1a: Gliscor
|-damage|p1a: Gliscor|209\/352 tox
|-activate|p1a: Gliscor|move: Struggle
|move|p1a: Gliscor|Struggle|p2a: Gliscor
|-damage|p2a: Gliscor|323\/353 tox
|-damage|p1a: Gliscor|121\/352 tox
|
|-heal|p2a: Gliscor|353\/353 tox|[from] ability: Poison Heal
|-heal|p1a: Gliscor|165\/352 tox|[from] ability: Poison Heal
|turn|71
|
|move|p2a: Gliscor|U-turn|p1a: Gliscor
|-resisted|p1a: Gliscor
|-damage|p1a: Gliscor|146\/352 tox
|-activate|p1a: Gliscor|move: Struggle
|move|p1a: Gliscor|Struggle|p2a: Gliscor
|-damage|p2a: Gliscor|322\/353 tox
|-damage|p1a: Gliscor|58\/352 tox
|
|-heal|p2a: Gliscor|353\/353 tox|[from] ability: Poison Heal
|-heal|p1a: Gliscor|102\/352 tox|[from] ability: Poison Heal
|-end|p1a: Gliscor|move: Taunt
|turn|72
|
|move|p1a: Gliscor|Protect|p1a: Gliscor
|-singleturn|p1a: Gliscor|Protect
|move|p2a: Gliscor|Taunt|p1a: Gliscor
|-activate|p1a: Gliscor|Protect
|
|-heal|p1a: Gliscor|146\/352 tox|[from] ability: Poison Heal
|turn|73
|
|move|p2a: Gliscor|Taunt|p1a: Gliscor
|-start|p1a: Gliscor|move: Taunt
|cant|p1a: Gliscor|move: Taunt|Toxic
|
|-heal|p1a: Gliscor|190\/352 tox|[from] ability: Poison Heal
|turn|74
|
|move|p2a: Gliscor|U-turn|p1a: Gliscor
|-resisted|p1a: Gliscor
|-damage|p1a: Gliscor|171\/352 tox
|-activate|p1a: Gliscor|move: Struggle
|move|p1a: Gliscor|Struggle|p2a: Gliscor
|-damage|p2a: Gliscor|321\/353 tox
|-damage|p1a: Gliscor|83\/352 tox
|
|-heal|p2a: Gliscor|353\/353 tox|[from] ability: Poison Heal
|-heal|p1a: Gliscor|127\/352 tox|[from] ability: Poison Heal
|turn|75
|
|move|p2a: Gliscor|U-turn|p1a: Gliscor
|-resisted|p1a: Gliscor
|-damage|p1a: Gliscor|107\/352 tox
|-activate|p1a: Gliscor|move: Struggle
|move|p1a: Gliscor|Struggle|p2a: Gliscor
|-damage|p2a: Gliscor|324\/353 tox
|-damage|p1a: Gliscor|19\/352 tox
|
|-heal|p2a: Gliscor|353\/353 tox|[from] ability: Poison Heal
|-heal|p1a: Gliscor|63\/352 tox|[from] ability: Poison Heal
|-end|p1a: Gliscor|move: Taunt
|turn|76
|
|move|p1a: Gliscor|Protect|p1a: Gliscor
|-singleturn|p1a: Gliscor|Protect
|move|p2a: Gliscor|Earthquake|p1a: Gliscor
|-immune|p1a: Gliscor|[msg]
|
|-heal|p1a: Gliscor|107\/352 tox|[from] ability: Poison Heal
|turn|77
|
|move|p2a: Gliscor|Taunt|p1a: Gliscor
|-start|p1a: Gliscor|move: Taunt
|cant|p1a: Gliscor|move: Taunt|Toxic
|
|-heal|p1a: Gliscor|151\/352 tox|[from] ability: Poison Heal
|turn|78
|
|move|p2a: Gliscor|U-turn|p1a: Gliscor
|-resisted|p1a: Gliscor
|-damage|p1a: Gliscor|131\/352 tox
|-activate|p1a: Gliscor|move: Struggle
|move|p1a: Gliscor|Struggle|p2a: Gliscor
|-damage|p2a: Gliscor|323\/353 tox
|-damage|p1a: Gliscor|43\/352 tox
|
|-heal|p2a: Gliscor|353\/353 tox|[from] ability: Poison Heal
|-heal|p1a: Gliscor|87\/352 tox|[from] ability: Poison Heal
|turn|79
|
|move|p2a: Gliscor|U-turn|p1a: Gliscor
|-resisted|p1a: Gliscor
|-damage|p1a: Gliscor|68\/352 tox
|-activate|p1a: Gliscor|move: Struggle
|move|p1a: Gliscor|Struggle|p2a: Gliscor
|-damage|p2a: Gliscor|323\/353 tox
|-damage|p1a: Gliscor|0 fnt
|faint|p1a: Gliscor
|
|-heal|p2a: Gliscor|353\/353 tox|[from] ability: Poison Heal
|
|switch|p1a: Rotom-Wash|Rotom-Wash|78\/304
|-damage|p1a: Rotom-Wash|40\/304|[from] Stealth Rock
|turn|80
|
|move|p2a: Gliscor|U-turn|p1a: Rotom-Wash
|-damage|p1a: Rotom-Wash|6\/304
|move|p1a: Rotom-Wash|Pain Split|p2a: Gliscor
|-sethp|p2a: Gliscor|179\/353 tox|p1a: Rotom-Wash|179\/304|[from] move: Pain Split
|
|-heal|p2a: Gliscor|223\/353 tox|[from] ability: Poison Heal
|turn|81
|
|move|p2a: Gliscor|Taunt|p1a: Rotom-Wash
|-start|p1a: Rotom-Wash|move: Taunt
|move|p1a: Rotom-Wash|Hydro Pump|p2a: Gliscor
|-supereffective|p2a: Gliscor
|-damage|p2a: Gliscor|0 fnt
|faint|p2a: Gliscor
|
|win|Terrasparkle
|raw|Ladder updating...
|raw|Terrasparkle's rating: 1755 &rarr; <strong>1771<\/strong><br \/>(+16 for winning)
|raw|Gaet-Kun06's rating: 1677 &rarr; <strong>1661<\/strong><br \/>(-16 for losing)