|join|Gaet-Kun06
|join|Admin Amir
|player|p1|Gaet-Kun06|163
|player|p2|Admin Amir|141
|gametype|singles
|gen|6
|tier|OU
|rated
|clearpoke
|poke|p1|Keldeo-Resolute
|poke|p1|Heatran, F
|poke|p1|Landorus, M
|poke|p1|Scizor, F
|poke|p1|Amoonguss, F
|poke|p1|Mandibuzz, F
|poke|p2|Deoxys-Speed
|poke|p2|Charizard, F
|poke|p2|Staraptor, F
|poke|p2|Talonflame, M
|poke|p2|Excadrill, F
|poke|p2|Breloom, F
|rule|Sleep Clause Mod: Limit one foe put to sleep
|rule|Species Clause: Limit one of each Pokemon
|rule|OHKO Clause: OHKO moves are banned
|rule|Moody Clause: Moody is banned
|rule|Evasion Moves Clause: Evasion moves are banned
|rule|Endless Battle Clause: Forcing endless battles is banned.
|rule|HP Percentage Mod: HP is reported as percentages
|teampreview
|
|start
|switch|p1a: Nanabi|Scizor, F|320\/320
|switch|p2a: lead kill|Deoxys-Speed|304\/304
|-ability|p2a: lead kill|Pressure
|turn|1
|
|detailschange|p1a: Nanabi|Scizor-Mega, F
|message|Scizor has Mega Evolved into Mega Scizor!
|move|p2a: lead kill|Reflect|p2a: lead kill
|-sidestart|p2: Admin Amir|Reflect
|move|p1a: Nanabi|Swords Dance|p1a: Nanabi
|-boost|p1a: Nanabi|atk|2
|
|turn|2
|
|move|p2a: lead kill|Taunt|p1a: Nanabi
|-start|p1a: Nanabi|move: Taunt
|cant|p1a: Nanabi|move: Taunt|Swords Dance
|
|turn|3
|
|move|p2a: lead kill|Stealth Rock|p1a: Nanabi
|-sidestart|p1: Gaet-Kun06|move: Stealth Rock
|move|p1a: Nanabi|Bug Bite|p2a: lead kill
|-supereffective|p2a: lead kill
|-damage|p2a: lead kill|0 fnt
|faint|p2a: lead kill
|
|
|switch|p2a: Zard Y boy!|Charizard, F|297\/297
|turn|4
|
|switch|p1a: Mandibuzz|Mandibuzz, F|424\/424
|-damage|p1a: Mandibuzz|318\/424|[from] Stealth Rock
|detailschange|p2a: Zard Y boy!|Charizard-Mega-X, F
|message|Charizard has Mega Evolved into Mega Charizard!
|move|p2a: Zard Y boy!|Dragon Dance|p2a: Zard Y boy!
|-boost|p2a: Zard Y boy!|atk|1
|-boost|p2a: Zard Y boy!|spe|1
|
|-heal|p1a: Mandibuzz|344\/424|[from] item: Leftovers
|turn|5
|
|move|p2a: Zard Y boy!|Flare Blitz|p1a: Mandibuzz
|-damage|p1a: Mandibuzz|0 fnt
|-damage|p2a: Zard Y boy!|183\/297|[from] recoil|[of] p1a: Mandibuzz
|faint|p1a: Mandibuzz
|
|
|switch|p1a: Keldeo-Resolute|Keldeo-Resolute|323\/323
|-damage|p1a: Keldeo-Resolute|303\/323|[from] Stealth Rock
|turn|6
|
|move|p1a: Keldeo-Resolute|Secret Sword|p2a: Zard Y boy!
|-damage|p2a: Zard Y boy!|20\/297
|move|p2a: Zard Y boy!|Dragon Claw|p1a: Keldeo-Resolute
|-damage|p1a: Keldeo-Resolute|0 fnt
|faint|p1a: Keldeo-Resolute
|
|
|switch|p1a: Nanabi|Scizor-Mega, F|320\/320
|-damage|p1a: Nanabi|280\/320|[from] Stealth Rock
|turn|7
|
|switch|p2a: F-Zero|Talonflame, M|297\/297
|move|p1a: Nanabi|Bullet Punch|p2a: F-Zero
|-resisted|p2a: F-Zero
|-damage|p2a: F-Zero|255\/297
|
|turn|8
|
|switch|p2a: Zard Y boy!|Charizard-Mega-X, F|20\/297
|switch|p1a: Heatran|Heatran, F|386\/386
|-damage|p1a: Heatran|338\/386|[from] Stealth Rock
|
|-heal|p1a: Heatran|362\/386|[from] item: Leftovers
|-sideend|p2: Admin Amir|Reflect
|turn|9
|
|move|p2a: Zard Y boy!|Earthquake|p1a: Heatran
|-supereffective|p1a: Heatran
|-damage|p1a: Heatran|0 fnt
|faint|p1a: Heatran
|
|chat|Admin Amir|ayyyyyyyy
|
|switch|p1a: Landorus|Landorus, M|320\/320
|-damage|p1a: Landorus|280\/320|[from] Stealth Rock
|turn|10
|join|Marvellous Melvin
|
|move|p1a: Landorus|Psychic|p2a: Zard Y boy!
|-damage|p2a: Zard Y boy!|0 fnt
|faint|p2a: Zard Y boy!
|
|
|switch|p2a: Hitmontree|Breloom, F|262\/262
|turn|11
|
|switch|p1a: Amoonguss|Amoonguss, F|432\/432
|-damage|p1a: Amoonguss|378\/432|[from] Stealth Rock
|move|p2a: Hitmontree|Rock Tomb|p1a: Amoonguss
|-crit|p1a: Amoonguss
|-damage|p1a: Amoonguss|234\/432
|-unboost|p1a: Amoonguss|spe|1
|
|-heal|p1a: Amoonguss|261\/432|[from] item: Black Sludge
|turn|12
|
|move|p2a: Hitmontree|Swords Dance|p2a: Hitmontree
|-boost|p2a: Hitmontree|atk|2
|move|p1a: Amoonguss|Clear Smog|p2a: Hitmontree
|-supereffective|p2a: Hitmontree
|-damage|p2a: Hitmontree|98\/262
|-clearboost|p2a: Hitmontree
|
|-heal|p1a: Amoonguss|288\/432|[from] item: Black Sludge
|turn|13
|
|move|p2a: Hitmontree|Rock Tomb|p1a: Amoonguss
|-damage|p1a: Amoonguss|185\/432
|-unboost|p1a: Amoonguss|spe|1
|move|p1a: Amoonguss|Spore|p2a: Hitmontree
|-fail|p2a: Hitmontree
|
|-heal|p1a: Amoonguss|212\/432|[from] item: Black Sludge
|turn|14
|chat|Admin Amir|no bad
|chat|Admin Amir|not*
|
|move|p2a: Hitmontree|Swords Dance|p2a: Hitmontree
|-boost|p2a: Hitmontree|atk|2
|move|p1a: Amoonguss|Clear Smog|p2a: Hitmontree
|-supereffective|p2a: Hitmontree
|-damage|p2a: Hitmontree|0 fnt
|-clearboost|p2a: Hitmontree
|faint|p2a: Hitmontree
|
|-heal|p1a: Amoonguss|239\/432|[from] item: Black Sludge
|
|switch|p2a: Captain Falcon|Staraptor, F|311\/311
|turn|15
|
|move|p2a: Captain Falcon|Brave Bird|p1a: Amoonguss
|-crit|p1a: Amoonguss
|-supereffective|p1a: Amoonguss
|-damage|p1a: Amoonguss|0 fnt
|-damage|p2a: Captain Falcon|232\/311|[from] recoil|[of] p1a: Amoonguss
|-damage|p2a: Captain Falcon|201\/311|[from] item: Life Orb
|faint|p1a: Amoonguss
|
|
|switch|p1a: Nanabi|Scizor-Mega, F|280\/320
|-damage|p1a: Nanabi|240\/320|[from] Stealth Rock
|turn|16
|
|move|p2a: Captain Falcon|Brave Bird|p1a: Nanabi
|-damage|p1a: Nanabi|0 fnt
|-damage|p2a: Captain Falcon|122\/311|[from] recoil|[of] p1a: Nanabi
|-damage|p2a: Captain Falcon|91\/311|[from] item: Life Orb
|faint|p1a: Nanabi
|
|chat|Admin Amir|haha
|chat|Admin Amir|gg
|
|switch|p1a: Landorus|Landorus, M|280\/320
|-damage|p1a: Landorus|240\/320|[from] Stealth Rock
|turn|17
|
|move|p1a: Landorus|Psychic|p2a: Captain Falcon
|-damage|p2a: Captain Falcon|0 fnt
|faint|p2a: Captain Falcon
|
|
|switch|p2a: F-Zero|Talonflame, M|255\/297
|turn|18
|chat|Gaet-Kun06|yes gg
|
|move|p2a: F-Zero|Brave Bird|p1a: Landorus
|-damage|p1a: Landorus|0 fnt
|-damage|p2a: F-Zero|176\/297|[from] recoil|[of] p1a: Landorus
|faint|p1a: Landorus
|
|win|Admin Amir
|raw|Ladder updating...
|raw|Gaet-Kun06's rating: 1664 &rarr; <strong>1635<\/strong><br \/>(-29 for losing)
|raw|Admin Amir's rating: 1485 &rarr; <strong>1514<\/strong><br \/>(+29 for winning)
|leave|Gaet-Kun06
|player|p1
|leave|Marvellous Melvin