|join|Gaet-Kun06
|join|Hey I'm garbage
|player|p1|Gaet-Kun06|163
|player|p2|Hey I'm garbage|286
|gametype|singles
|gen|6
|tier|OU
|rated
|clearpoke
|poke|p1|Azumarill, F
|poke|p1|Heatran, F
|poke|p1|Landorus, M
|poke|p1|Pinsir, F
|poke|p1|Rotom-Wash
|poke|p1|Excadrill, F
|poke|p2|Hippowdon, M
|poke|p2|Mawile, F, shiny
|poke|p2|Slowbro, M
|poke|p2|Mandibuzz, F
|poke|p2|Reuniclus, F, shiny
|poke|p2|Amoonguss, M, shiny
|rule|Sleep Clause Mod: Limit one foe put to sleep
|rule|Species Clause: Limit one of each Pokemon
|rule|OHKO Clause: OHKO moves are banned
|rule|Moody Clause: Moody is banned
|rule|Evasion Moves Clause: Evasion moves are banned
|rule|Endless Battle Clause: Forcing endless battles is banned.
|rule|HP Percentage Mod: HP is reported as percentages
|teampreview
|
|start
|switch|p1a: Rotom-Wash|Rotom-Wash|304\/304
|switch|p2a: Amoonguss|Amoonguss, M, shiny|432\/432
|turn|1
|
|move|p1a: Rotom-Wash|Will-O-Wisp|p2a: Amoonguss
|-status|p2a: Amoonguss|brn
|move|p2a: Amoonguss|Spore|p1a: Rotom-Wash
|-status|p1a: Rotom-Wash|slp
|
|-damage|p2a: Amoonguss|378\/432 brn|[from] brn
|turn|2
|
|switch|p1a: Nanabi|Pinsir, F|271\/271
|switch|p2a: Hippowdon|Hippowdon, M|420\/420
|-weather|Sandstorm
|
|-weather|Sandstorm|[upkeep]
|-damage|p1a: Nanabi|255\/271|[from] sandstorm
|turn|3
|
|switch|p1a: Rotom-Wash|Rotom-Wash|304\/304 slp
|move|p2a: Hippowdon|Rock Slide|p1a: Rotom-Wash
|-damage|p1a: Rotom-Wash|262\/304 slp
|
|-weather|Sandstorm|[upkeep]
|-damage|p1a: Rotom-Wash|243\/304 slp|[from] sandstorm
|-heal|p1a: Rotom-Wash|262\/304 slp|[from] item: Leftovers
|turn|4
|
|cant|p1a: Rotom-Wash|slp
|move|p2a: Hippowdon|Stealth Rock|p1a: Rotom-Wash
|-sidestart|p1: Gaet-Kun06|move: Stealth Rock
|
|-weather|Sandstorm|[upkeep]
|-damage|p1a: Rotom-Wash|243\/304 slp|[from] sandstorm
|-heal|p1a: Rotom-Wash|262\/304 slp|[from] item: Leftovers
|turn|5
|
|switch|p2a: Amoonguss|Amoonguss, M, shiny|432\/432 brn
|cant|p1a: Rotom-Wash|slp
|
|-weather|Sandstorm|[upkeep]
|-damage|p1a: Rotom-Wash|243\/304 slp|[from] sandstorm
|-damage|p2a: Amoonguss|405\/432 brn|[from] sandstorm
|-heal|p1a: Rotom-Wash|262\/304 slp|[from] item: Leftovers
|-heal|p2a: Amoonguss|432\/432 brn|[from] item: Black Sludge
|-damage|p2a: Amoonguss|378\/432 brn|[from] brn
|turn|6
|
|-curestatus|p1a: Rotom-Wash|slp
|move|p1a: Rotom-Wash|Volt Switch|p2a: Amoonguss
|-resisted|p2a: Amoonguss
|-damage|p2a: Amoonguss|342\/432 brn
|
|switch|p1a: Heatran|Heatran, F|386\/386
|-damage|p1a: Heatran|338\/386|[from] Stealth Rock
|move|p2a: Amoonguss|Spore|p1a: Heatran
|-status|p1a: Heatran|slp
|
|-weather|none
|-heal|p1a: Heatran|362\/386 slp|[from] item: Leftovers
|-heal|p2a: Amoonguss|369\/432 brn|[from] item: Black Sludge
|-damage|p2a: Amoonguss|315\/432 brn|[from] brn
|turn|7
|
|switch|p2a: Slowbro|Slowbro, M|393\/393
|cant|p1a: Heatran|slp
|
|-heal|p1a: Heatran|386\/386 slp|[from] item: Leftovers
|turn|8
|
|cant|p1a: Heatran|slp
|move|p2a: Slowbro|Trick Room|p2a: Slowbro
|-fieldstart|move: Trick Room|[of] p2a: Slowbro
|
|turn|9
|
|switch|p2a: Reuniclus|Reuniclus, F, shiny|424\/424
|-curestatus|p1a: Heatran|slp
|move|p1a: Heatran|Taunt|p2a: Reuniclus
|-start|p2a: Reuniclus|move: Taunt
|
|turn|10
|
|move|p2a: Reuniclus|Focus Blast|p1a: Heatran
|-supereffective|p1a: Heatran
|-damage|p1a: Heatran|103\/386
|move|p1a: Heatran|Stealth Rock|p2a: Reuniclus
|-sidestart|p2: Hey I'm garbage|move: Stealth Rock
|
|-heal|p1a: Heatran|127\/386|[from] item: Leftovers
|turn|11
|
|switch|p1a: Azumarill|Azumarill, F|404\/404
|-damage|p1a: Azumarill|354\/404|[from] Stealth Rock
|move|p2a: Reuniclus|Psyshock|p1a: Azumarill
|-damage|p1a: Azumarill|104\/404
|
|-heal|p1a: Azumarill|129\/404|[from] item: Leftovers
|turn|12
|
|move|p2a: Reuniclus|Psyshock|p1a: Azumarill
|-damage|p1a: Azumarill|0 fnt
|faint|p1a: Azumarill
|
|-end|p2a: Reuniclus|move: Taunt
|-fieldend|move: Trick Room
|
|switch|p1a: Nanabi|Pinsir, F|255\/271
|-damage|p1a: Nanabi|188\/271|[from] Stealth Rock
|turn|13
|
|switch|p2a: Hippowdon|Hippowdon, M|420\/420
|-damage|p2a: Hippowdon|394\/420|[from] Stealth Rock
|-weather|Sandstorm
|detailschange|p1a: Nanabi|Pinsir-Mega, F
|message|Pinsir has Mega Evolved into Mega Pinsir!
|move|p1a: Nanabi|Swords Dance|p1a: Nanabi
|-boost|p1a: Nanabi|atk|2
|
|-weather|Sandstorm|[upkeep]
|-damage|p1a: Nanabi|172\/271|[from] sandstorm
|-heal|p2a: Hippowdon|420\/420|[from] item: Leftovers
|turn|14
|
|move|p1a: Nanabi|Return|p2a: Hippowdon
|-crit|p2a: Hippowdon
|-damage|p2a: Hippowdon|0 fnt
|faint|p2a: Hippowdon
|
|-weather|Sandstorm|[upkeep]
|-damage|p1a: Nanabi|156\/271|[from] sandstorm
|chat|Hey I'm garbage|<3 crits
|
|switch|p2a: Slowbro|Slowbro, M|393\/393
|-damage|p2a: Slowbro|344\/393|[from] Stealth Rock
|turn|15
|
|move|p1a: Nanabi|Return|p2a: Slowbro
|-damage|p2a: Slowbro|10\/393
|move|p2a: Slowbro|Ice Beam|p1a: Nanabi
|-supereffective|p1a: Nanabi
|-damage|p1a: Nanabi|10\/271
|
|-weather|Sandstorm|[upkeep]
|-damage|p1a: Nanabi|0 fnt|[from] sandstorm
|-damage|p2a: Slowbro|0 fnt|[from] sandstorm
|faint|p1a: Nanabi
|faint|p2a: Slowbro
|
|switch|p1a: Landorus|Landorus, M|320\/320
|-damage|p1a: Landorus|280\/320|[from] Stealth Rock
|switch|p2a: Amoonguss|Amoonguss, M, shiny|432\/432 brn
|-damage|p2a: Amoonguss|378\/432 brn|[from] Stealth Rock
|turn|16
|
|move|p1a: Landorus|Psychic|p2a: Amoonguss
|-supereffective|p2a: Amoonguss
|-damage|p2a: Amoonguss|92\/432 brn
|move|p2a: Amoonguss|Spore|p1a: Landorus
|-status|p1a: Landorus|slp
|
|-weather|Sandstorm|[upkeep]
|-damage|p2a: Amoonguss|65\/432 brn|[from] sandstorm
|-heal|p2a: Amoonguss|92\/432 brn|[from] item: Black Sludge
|-damage|p2a: Amoonguss|38\/432 brn|[from] brn
|turn|17
|
|switch|p2a: Reuniclus|Reuniclus, F, shiny|424\/424
|cant|p1a: Landorus|slp
|
|-weather|none
|turn|18
|
|-curestatus|p1a: Landorus|slp
|move|p1a: Landorus|Knock Off|p2a: Reuniclus
|-supereffective|p2a: Reuniclus
|-damage|p2a: Reuniclus|159\/424
|-enditem|p2a: Reuniclus|Life Orb|[from] move: Knock Off|[of] p1a: Landorus
|-damage|p1a: Landorus|248\/320|[from] item: Life Orb
|move|p2a: Reuniclus|Trick Room|p2a: Reuniclus
|-fieldstart|move: Trick Room|[of] p2a: Reuniclus
|
|turn|19
|
|switch|p1a: Heatran|Heatran, F|127\/386
|-damage|p1a: Heatran|79\/386|[from] Stealth Rock
|move|p2a: Reuniclus|Psyshock|p1a: Heatran
|-resisted|p1a: Heatran
|-damage|p1a: Heatran|10\/386
|
|-heal|p1a: Heatran|34\/386|[from] item: Leftovers
|turn|20
|
|move|p2a: Reuniclus|Psyshock|p1a: Heatran
|-resisted|p1a: Heatran
|-damage|p1a: Heatran|0 fnt
|faint|p1a: Heatran
|
|
|switch|p1a: Rotom-Wash|Rotom-Wash|262\/304
|-damage|p1a: Rotom-Wash|224\/304|[from] Stealth Rock
|turn|21
|
|move|p2a: Reuniclus|Psyshock|p1a: Rotom-Wash
|-damage|p1a: Rotom-Wash|110\/304
|move|p1a: Rotom-Wash|Hydro Pump|p2a: Reuniclus
|-damage|p2a: Reuniclus|0 fnt
|faint|p2a: Reuniclus
|
|-heal|p1a: Rotom-Wash|129\/304|[from] item: Leftovers
|
|switch|p2a: Mawile|Mawile, F, shiny|304\/304
|-damage|p2a: Mawile|285\/304|[from] Stealth Rock
|-ability|p2a: Mawile|Intimidate|[of] p1a: Rotom-Wash
|-unboost|p1a: Rotom-Wash|atk|1
|turn|22
|
|detailschange|p2a: Mawile|Mawile-Mega, F, shiny
|message|Mawile has Mega Evolved into Mega Mawile!
|move|p2a: Mawile|Play Rough|p1a: Rotom-Wash
|-damage|p1a: Rotom-Wash|0 fnt
|faint|p1a: Rotom-Wash
|
|-fieldend|move: Trick Room
|
|switch|p1a: Landorus|Landorus, M|248\/320
|-damage|p1a: Landorus|208\/320|[from] Stealth Rock
|turn|23
|
|switch|p2a: Mandibuzz|Mandibuzz, F|423\/423
|-damage|p2a: Mandibuzz|318\/423|[from] Stealth Rock
|move|p1a: Landorus|Earth Power|p2a: Mandibuzz
|-immune|p2a: Mandibuzz|[msg]
|
|-heal|p2a: Mandibuzz|344\/423|[from] item: Leftovers
|turn|24
|
|move|p1a: Landorus|Focus Blast|p2a: Mandibuzz
|-damage|p2a: Mandibuzz|104\/423
|move|p2a: Mandibuzz|Defog|p1a: Landorus
|-unboost|p1a: Landorus|evasion|1
|-sideend|p1: Gaet-Kun06|Stealth Rock|[from] move: Defog|[of] p1a: Landorus
|-sideend|p2: Hey I'm garbage|Stealth Rock|[from] move: Defog|[of] p2a: Mandibuzz
|
|-heal|p2a: Mandibuzz|130\/423|[from] item: Leftovers
|turn|25
|
|switch|p2a: Amoonguss|Amoonguss, M, shiny|182\/432 brn
|move|p1a: Landorus|Focus Blast|p2a: Amoonguss
|-resisted|p2a: Amoonguss
|-damage|p2a: Amoonguss|92\/432 brn
|
|-heal|p2a: Amoonguss|119\/432 brn|[from] item: Black Sludge
|-damage|p2a: Amoonguss|65\/432 brn|[from] brn
|turn|26
|
|switch|p2a: Mandibuzz|Mandibuzz, F|130\/423
|move|p1a: Landorus|Earth Power|p2a: Mandibuzz
|-immune|p2a: Mandibuzz|[msg]
|
|-heal|p2a: Mandibuzz|156\/423|[from] item: Leftovers
|turn|27
|
|move|p1a: Landorus|Focus Blast|p2a: Mandibuzz|[miss]
|-miss|p1a: Landorus|p2a: Mandibuzz
|move|p2a: Mandibuzz|Roost|p2a: Mandibuzz
|-heal|p2a: Mandibuzz|368\/423
|
|-heal|p2a: Mandibuzz|394\/423|[from] item: Leftovers
|turn|28
|
|move|p1a: Landorus|Knock Off|p2a: Mandibuzz
|-resisted|p2a: Mandibuzz
|-damage|p2a: Mandibuzz|354\/423
|-enditem|p2a: Mandibuzz|Leftovers|[from] move: Knock Off|[of] p1a: Landorus
|-damage|p1a: Landorus|176\/320|[from] item: Life Orb
|move|p2a: Mandibuzz|Foul Play|p1a: Landorus
|-damage|p1a: Landorus|49\/320
|
|turn|29
|
|move|p1a: Landorus|Focus Blast|p2a: Mandibuzz|[miss]
|-miss|p1a: Landorus|p2a: Mandibuzz
|move|p2a: Mandibuzz|Roost|p2a: Mandibuzz
|-heal|p2a: Mandibuzz|423\/423
|
|turn|30
|
|move|p1a: Landorus|Focus Blast|p2a: Mandibuzz
|-crit|p2a: Mandibuzz
|-damage|p2a: Mandibuzz|71\/423
|move|p2a: Mandibuzz|Roost|p2a: Mandibuzz
|-heal|p2a: Mandibuzz|283\/423
|
|turn|31
|chat|Gaet-Kun06|x)
|
|move|p1a: Landorus|Focus Blast|p2a: Mandibuzz
|-damage|p2a: Mandibuzz|63\/423
|move|p2a: Mandibuzz|Roost|p2a: Mandibuzz
|-heal|p2a: Mandibuzz|275\/423
|
|turn|32
|
|switch|p1a: Excadrill|Excadrill, F|362\/362
|-ability|p1a: Excadrill|Mold Breaker
|-item|p1a: Excadrill|Air Balloon
|move|p2a: Mandibuzz|Roost|p2a: Mandibuzz
|-heal|p2a: Mandibuzz|423\/423
|
|turn|33
|
|move|p1a: Excadrill|Rock Slide|p2a: Mandibuzz
|-supereffective|p2a: Mandibuzz
|-damage|p2a: Mandibuzz|287\/423
|move|p2a: Mandibuzz|Foul Play|p1a: Excadrill
|-damage|p1a: Excadrill|80\/362
|-enditem|p1a: Excadrill|Air Balloon
|
|turn|34
|
|move|p1a: Excadrill|Rock Slide|p2a: Mandibuzz
|-supereffective|p2a: Mandibuzz
|-damage|p2a: Mandibuzz|153\/423
|move|p2a: Mandibuzz|Foul Play|p1a: Excadrill
|-damage|p1a: Excadrill|0 fnt
|faint|p1a: Excadrill
|
|
|switch|p1a: Landorus|Landorus, M|49\/320
|turn|35
|
|move|p1a: Landorus|Focus Blast|p2a: Mandibuzz
|-damage|p2a: Mandibuzz|0 fnt
|faint|p2a: Mandibuzz
|
|
|switch|p2a: Mawile|Mawile-Mega, F, shiny|285\/304
|turn|36
|
|move|p2a: Mawile|Sucker Punch|p1a: Landorus
|-damage|p1a: Landorus|0 fnt
|faint|p1a: Landorus
|
|win|Hey I'm garbage
|raw|Ladder updating...
|raw|Gaet-Kun06's rating: 1527 &rarr; <strong>1508<\/strong><br \/>(-19 for losing)
|raw|Hey I&apos;m garbage's rating: 1545 &rarr; <strong>1564<\/strong><br \/>(+19 for winning)
|leave|Gaet-Kun06
|player|p1