|join|Gaet-Kun06
|join|Nuanda92
|player|p1|Gaet-Kun06|163
|player|p2|Nuanda92|50
|gametype|singles
|gen|6
|tier|OU
|rated
|clearpoke
|poke|p1|Gliscor, F
|poke|p1|Thundurus-Therian, M
|poke|p1|Venusaur, F
|poke|p1|Conkeldurr, M
|poke|p1|Scizor, M
|poke|p1|Talonflame, M, shiny
|poke|p2|Tyranitar, F, shiny
|poke|p2|Aegislash, M
|poke|p2|Breloom, F
|poke|p2|Donphan, M
|poke|p2|Charizard, F
|poke|p2|Greninja, F
|rule|Sleep Clause Mod: Limit one foe put to sleep
|rule|Species Clause: Limit one of each Pokemon
|rule|OHKO Clause: OHKO moves are banned
|rule|Moody Clause: Moody is banned
|rule|Evasion Moves Clause: Evasion moves are banned
|rule|Endless Battle Clause: Forcing endless battles is banned.
|rule|HP Percentage Mod: HP is reported as percentages
|teampreview
|
|start
|switch|p1a: Raikiri|Thundurus-Therian, M|299\/299
|switch|p2a: Donphan|Donphan, M|384\/384
|turn|1
|
|move|p1a: Raikiri|Grass Knot|p2a: Donphan
|-supereffective|p2a: Donphan
|-activate|p2a: Donphan|Sturdy
|-damage|p2a: Donphan|1\/384
|move|p2a: Donphan|Stealth Rock|p1a: Raikiri
|-sidestart|p1: Gaet-Kun06|move: Stealth Rock
|
|-heal|p2a: Donphan|25\/384|[from] item: Leftovers
|turn|2
|
|switch|p1a: SasoriV2|Gliscor, F|354\/354
|-damage|p1a: SasoriV2|310\/354|[from] Stealth Rock
|move|p2a: Donphan|Ice Shard|p1a: SasoriV2
|-supereffective|p1a: SasoriV2
|-damage|p1a: SasoriV2|186\/354
|
|-heal|p2a: Donphan|49\/384|[from] item: Leftovers
|-status|p1a: SasoriV2|tox|[from] item: Toxic Orb
|turn|3
|
|move|p2a: Donphan|Ice Shard|p1a: SasoriV2
|-supereffective|p1a: SasoriV2
|-damage|p1a: SasoriV2|66\/354 tox
|move|p1a: SasoriV2|Toxic|p2a: Donphan
|-status|p2a: Donphan|tox
|
|-heal|p2a: Donphan|73\/384 tox|[from] item: Leftovers
|-heal|p1a: SasoriV2|110\/354 tox|[from] ability: Poison Heal
|-damage|p2a: Donphan|49\/384 tox|[from] psn
|turn|4
|
|move|p1a: SasoriV2|Protect|p1a: SasoriV2
|-singleturn|p1a: SasoriV2|Protect
|move|p2a: Donphan|Ice Shard|p1a: SasoriV2
|-activate|p1a: SasoriV2|Protect
|
|-heal|p2a: Donphan|73\/384 tox|[from] item: Leftovers
|-heal|p1a: SasoriV2|154\/354 tox|[from] ability: Poison Heal
|-damage|p2a: Donphan|25\/384 tox|[from] psn
|turn|5
|
|switch|p1a: Franky|Conkeldurr, M|362\/362
|-damage|p1a: Franky|340\/362|[from] Stealth Rock
|move|p2a: Donphan|Earthquake|p1a: Franky
|-damage|p1a: Franky|153\/362
|
|-heal|p2a: Donphan|49\/384 tox|[from] item: Leftovers
|-damage|p2a: Donphan|0 fnt|[from] psn
|faint|p2a: Donphan
|
|switch|p2a: Greninja|Greninja, F|286\/286
|turn|6
|
|move|p1a: Franky|Mach Punch|p2a: Greninja
|-supereffective|p2a: Greninja
|-damage|p2a: Greninja|58\/286
|-start|p2a: Greninja|typechange|Psychic|[from] Protean
|move|p2a: Greninja|Extrasensory|p1a: Franky
|-supereffective|p1a: Franky
|-damage|p1a: Franky|0 fnt
|faint|p1a: Franky
|
|
|switch|p1a: Raikiri|Thundurus-Therian, M|299\/299
|-damage|p1a: Raikiri|225\/299|[from] Stealth Rock
|turn|7
|
|move|p1a: Raikiri|Volt Switch|p2a: Greninja
|-damage|p2a: Greninja|0 fnt
|faint|p2a: Greninja
|
|switch|p1a: CybÃ¨le|Venusaur, F|364\/364
|-damage|p1a: CybÃ¨le|319\/364|[from] Stealth Rock
|
|
|switch|p2a: Charizard|Charizard, F|298\/298
|turn|8
|
|-formechange|p2a: Charizard|Charizard-Mega-Y
|message|Charizard has Mega Evolved into Mega Charizard!
|-weather|SunnyDay
|-formechange|p1a: CybÃ¨le|Venusaur-Mega
|message|Venusaur has Mega Evolved into Mega Venusaur!
|move|p2a: Charizard|Fire Blast|p1a: CybÃ¨le
|-supereffective|p1a: CybÃ¨le
|-damage|p1a: CybÃ¨le|31\/364
|move|p1a: CybÃ¨le|Sludge Bomb|p2a: Charizard
|-damage|p2a: Charizard|193\/298
|
|-weather|SunnyDay|[upkeep]
|turn|9
|
|move|p2a: Charizard|Flare Blitz|p1a: CybÃ¨le
|-supereffective|p1a: CybÃ¨le
|-damage|p1a: CybÃ¨le|0 fnt
|-damage|p2a: Charizard|183\/298|[from] recoil|[of] p1a: CybÃ¨le
|faint|p1a: CybÃ¨le
|
|-weather|SunnyDay|[upkeep]
|
|switch|p1a: Falco|Talonflame, M, shiny|297\/297
|-damage|p1a: Falco|149\/297|[from] Stealth Rock
|turn|10
|
|switch|p2a: Tyranitar|Tyranitar, F, shiny|404\/404
|-weather|Sandstorm
|move|p1a: Falco|Roost|p1a: Falco
|-heal|p1a: Falco|297\/297
|
|-weather|Sandstorm|[upkeep]
|-damage|p1a: Falco|279\/297|[from] Sandstorm
|turn|11
|
|move|p2a: Tyranitar|Pursuit|p1a: Falco|[from]Pursuit
|-damage|p1a: Falco|114\/297
|switch|p1a: Inazuma#|Scizor, M|281\/281
|-damage|p1a: Inazuma#|246\/281|[from] Stealth Rock
|
|-weather|Sandstorm|[upkeep]
|turn|12
|
|move|p1a: Inazuma#|U-turn|p2a: Tyranitar
|-supereffective|p2a: Tyranitar
|-damage|p2a: Tyranitar|12\/404
|
|switch|p1a: SasoriV2|Gliscor, F|154\/354 tox
|-damage|p1a: SasoriV2|110\/354 tox|[from] Stealth Rock
|move|p2a: Tyranitar|Dragon Tail|p1a: SasoriV2|[miss]
|-miss|p2a: Tyranitar|p1a: SasoriV2
|
|-weather|Sandstorm|[upkeep]
|-heal|p1a: SasoriV2|154\/354 tox|[from] ability: Poison Heal
|turn|13
|
|move|p1a: SasoriV2|Toxic|p2a: Tyranitar
|-status|p2a: Tyranitar|tox
|move|p2a: Tyranitar|Dragon Tail|p1a: SasoriV2
|-damage|p1a: SasoriV2|112\/354 tox
|drag|p1a: Inazuma#|Scizor, M|246\/281
|-damage|p1a: Inazuma#|211\/281|[from] Stealth Rock
|
|-weather|Sandstorm|[upkeep]
|-damage|p2a: Tyranitar|0 fnt|[from] psn
|faint|p2a: Tyranitar
|
|switch|p2a: Charizard|Charizard, F|183\/298
|-formechange|p2a: Charizard|Charizard-Mega-Y
|-weather|SunnyDay
|turn|14
|
|move|p1a: Inazuma#|Bullet Punch|p2a: Charizard
|-resisted|p2a: Charizard
|-damage|p2a: Charizard|59\/298
|move|p2a: Charizard|Fire Blast|p1a: Inazuma#|[miss]
|-miss|p2a: Charizard|p1a: Inazuma#
|
|-weather|SunnyDay|[upkeep]
|turn|15
|
|move|p1a: Inazuma#|Bullet Punch|p2a: Charizard
|-resisted|p2a: Charizard
|-damage|p2a: Charizard|0 fnt
|faint|p2a: Charizard
|
|-weather|SunnyDay|[upkeep]
|chat|Nuanda92|damn hax
|
|switch|p2a: Aegislash|Aegislash, M|261\/261
|turn|16
|
|switch|p1a: SasoriV2|Gliscor, F|112\/354 tox
|-damage|p1a: SasoriV2|68\/354 tox|[from] Stealth Rock
|move|p2a: Aegislash|Swords Dance|p2a: Aegislash
|-boost|p2a: Aegislash|atk|2
|
|-weather|SunnyDay|[upkeep]
|-heal|p1a: SasoriV2|112\/354 tox|[from] ability: Poison Heal
|turn|17
|
|move|p1a: SasoriV2|Protect|p1a: SasoriV2
|-singleturn|p1a: SasoriV2|Protect
|-formechange|p2a: Aegislash|Aegislash-Blade
|move|p2a: Aegislash|Head Smash|p1a: SasoriV2
|-activate|p1a: SasoriV2|Protect
|
|-weather|SunnyDay|[upkeep]
|-heal|p1a: SasoriV2|156\/354 tox|[from] ability: Poison Heal
|turn|18
|
|move|p2a: Aegislash|Head Smash|p1a: SasoriV2
|-damage|p1a: SasoriV2|0 fnt
|-damage|p2a: Aegislash|183\/261|[from] recoil|[of] p1a: SasoriV2
|-damage|p2a: Aegislash|157\/261|[from] item: Life Orb
|faint|p1a: SasoriV2
|
|-weather|none
|chat|Nuanda92|LOL
|
|switch|p1a: Raikiri|Thundurus-Therian, M|225\/299
|-damage|p1a: Raikiri|151\/299|[from] Stealth Rock
|turn|19
|
|move|p2a: Aegislash|Shadow Sneak|p1a: Raikiri
|-damage|p1a: Raikiri|0 fnt
|-damage|p2a: Aegislash|131\/261|[from] item: Life Orb
|faint|p1a: Raikiri
|
|
|switch|p1a: Falco|Talonflame, M, shiny|114\/297
|-damage|p1a: Falco|0 fnt|[from] Stealth Rock
|faint|p1a: Falco
|
|switch|p1a: Inazuma#|Scizor, M|211\/281
|-damage|p1a: Inazuma#|176\/281|[from] Stealth Rock
|turn|20
|
|move|p2a: Aegislash|Shadow Sneak|p1a: Inazuma#
|-damage|p1a: Inazuma#|0 fnt
|-damage|p2a: Aegislash|105\/261|[from] item: Life Orb
|faint|p1a: Inazuma#
|
|win|Nuanda92
|raw|Ladder updating...
|raw|Gaet-Kun06's rating: 1563 &rarr; <strong>1542<\/strong><br \/>(-21 for losing)
|raw|Nuanda92's rating: 1549 &rarr; <strong>1570<\/strong><br \/>(+21 for winning)
|leave|Gaet-Kun06
|player|p1