|join|xBlackHeart
|join|Gaet-Kun06
|player|p1|xBlackHeart|265
|player|p2|Gaet-Kun06|163
|gametype|singles
|gen|6
|tier|OU
|rated
|clearpoke
|poke|p1|Landorus-Therian, M
|poke|p1|Celebi
|poke|p1|Charizard, M
|poke|p1|Rotom-Wash
|poke|p1|Empoleon, F
|poke|p1|Gothitelle, F
|poke|p2|Metagross
|poke|p2|Keldeo-Resolute
|poke|p2|Gengar, M
|poke|p2|Talonflame, F
|poke|p2|Mandibuzz, F
|poke|p2|Seismitoad, M
|rule|Swagger Clause: Swagger is banned
|rule|Baton Pass Clause: Limit one PokÃ©mon knowing Baton Pass
|rule|Sleep Clause Mod: Limit one foe put to sleep
|rule|Species Clause: Limit one of each PokÃ©mon
|rule|OHKO Clause: OHKO moves are banned
|rule|Moody Clause: Moody is banned
|rule|Evasion Moves Clause: Evasion moves are banned
|rule|Endless Battle Clause: Forcing endless battles is banned
|rule|HP Percentage Mod: HP is shown in percentages
|teampreview
|
|start
|switch|p1a: Rotom-Wash|Rotom-Wash|303\/303
|switch|p2a: Keldeo-Resolute|Keldeo-Resolute|324\/324
|turn|1
|
|switch|p2a: Seismitoad|Seismitoad, M|414\/414
|move|p1a: Rotom-Wash|Will-O-Wisp|p2a: Seismitoad|[miss]
|-miss|p1a: Rotom-Wash|p2a: Seismitoad
|
|turn|2
|
|move|p1a: Rotom-Wash|Will-O-Wisp|p2a: Seismitoad|[miss]
|-miss|p1a: Rotom-Wash|p2a: Seismitoad
|move|p2a: Seismitoad|Knock Off|p1a: Rotom-Wash
|-damage|p1a: Rotom-Wash|254\/303
|-enditem|p1a: Rotom-Wash|Leftovers|[from] move: Knock Off|[of] p2a: Seismitoad
|
|turn|3
|c|âGaet-Kun06|sorry :\/
|
|move|p1a: Rotom-Wash|Volt Switch|p2a: Seismitoad
|-immune|p2a: Seismitoad|[msg]
|move|p2a: Seismitoad|Stealth Rock|p1a: Rotom-Wash
|-sidestart|p1: xBlackHeart|move: Stealth Rock
|
|turn|4
|
|move|p1a: Rotom-Wash|Volt Switch|p2a: Seismitoad
|-immune|p2a: Seismitoad|[msg]
|move|p2a: Seismitoad|Scald|p1a: Rotom-Wash
|-resisted|p1a: Rotom-Wash
|-damage|p1a: Rotom-Wash|215\/303
|
|turn|5
|
|move|p1a: Rotom-Wash|Will-O-Wisp|p2a: Seismitoad|[miss]
|-miss|p1a: Rotom-Wash|p2a: Seismitoad
|move|p2a: Seismitoad|Knock Off|p1a: Rotom-Wash
|-damage|p1a: Rotom-Wash|184\/303
|
|turn|6
|c|âGaet-Kun06|man, really sorry x)
|
|move|p1a: Rotom-Wash|Will-O-Wisp|p2a: Seismitoad
|-status|p2a: Seismitoad|brn
|move|p2a: Seismitoad|Scald|p1a: Rotom-Wash
|-resisted|p1a: Rotom-Wash
|-damage|p1a: Rotom-Wash|148\/303
|
|-damage|p2a: Seismitoad|363\/414 brn|[from] brn
|turn|7
|
|switch|p1a: Celebi|Celebi|403\/403
|-damage|p1a: Celebi|353\/403|[from] Stealth Rock
|move|p2a: Seismitoad|Earth Power|p1a: Celebi
|-resisted|p1a: Celebi
|-damage|p1a: Celebi|318\/403
|
|-heal|p1a: Celebi|343\/403|[from] item: Leftovers
|-heal|p2a: Seismitoad|388\/414 brn|[from] item: Leftovers
|-damage|p2a: Seismitoad|337\/414 brn|[from] brn
|turn|8
|
|switch|p2a: Gengar|Gengar, M|261\/261
|move|p1a: Celebi|Baton Pass|p1a: Celebi
|
|switch|p1a: Landorus-Therian|Landorus-Therian, M|319\/319
|-damage|p1a: Landorus-Therian|280\/319|[from] Stealth Rock
|-ability|p1a: Landorus-Therian|Intimidate|[of] p2a: Gengar
|-unboost|p2a: Gengar|atk|1
|
|turn|9
|
|switch|p2a: Mandibuzz|Mandibuzz, F|421\/421
|move|p1a: Landorus-Therian|Knock Off|p2a: Mandibuzz
|-resisted|p2a: Mandibuzz
|-damage|p2a: Mandibuzz|374\/421
|-enditem|p2a: Mandibuzz|Leftovers|[from] move: Knock Off|[of] p1a: Landorus-Therian
|
|turn|10
|
|switch|p1a: Empoleon|Empoleon, F|371\/371
|-damage|p1a: Empoleon|348\/371|[from] Stealth Rock
|switch|p2a: Gengar|Gengar, M|261\/261
|
|-heal|p1a: Empoleon|371\/371|[from] item: Leftovers
|turn|11
|
|move|p2a: Gengar|Taunt|p1a: Empoleon
|-start|p1a: Empoleon|move: Taunt
|cant|p1a: Empoleon|move: Taunt|Defog
|
|turn|12
|
|switch|p2a: Seismitoad|Seismitoad, M|337\/414 brn
|move|p1a: Empoleon|Scald|p2a: Seismitoad
|-heal|p2a: Seismitoad|414\/414 brn|[from] ability: Water Absorb|[of] p1a: Empoleon
|
|-damage|p2a: Seismitoad|363\/414 brn|[from] brn
|turn|13
|
|switch|p1a: Celebi|Celebi|343\/403
|-damage|p1a: Celebi|293\/403|[from] Stealth Rock
|move|p2a: Seismitoad|Knock Off|p1a: Celebi
|-supereffective|p1a: Celebi
|-damage|p1a: Celebi|225\/403
|-enditem|p1a: Celebi|Leftovers|[from] move: Knock Off|[of] p2a: Seismitoad
|
|-heal|p2a: Seismitoad|388\/414 brn|[from] item: Leftovers
|-damage|p2a: Seismitoad|337\/414 brn|[from] brn
|turn|14
|
|switch|p2a: Gengar|Gengar, M|261\/261
|move|p1a: Celebi|Giga Drain|p2a: Gengar
|-resisted|p2a: Gengar
|-damage|p2a: Gengar|204\/261
|-heal|p1a: Celebi|254\/403|[from] drain|[of] p2a: Gengar
|
|turn|15
|
|switch|p1a: Landorus-Therian|Landorus-Therian, M|280\/319
|-damage|p1a: Landorus-Therian|241\/319|[from] Stealth Rock
|-ability|p1a: Landorus-Therian|Intimidate|[of] p2a: Gengar
|-unboost|p2a: Gengar|atk|1
|move|p2a: Gengar|Shadow Ball|p1a: Landorus-Therian
|-damage|p1a: Landorus-Therian|23\/319
|-damage|p2a: Gengar|178\/261|[from] item: Life Orb
|
|turn|16
|
|switch|p2a: Mandibuzz|Mandibuzz, F|374\/421
|move|p1a: Landorus-Therian|U-turn|p2a: Mandibuzz
|-damage|p2a: Mandibuzz|307\/421
|
|switch|p1a: Empoleon|Empoleon, F|371\/371
|-damage|p1a: Empoleon|348\/371|[from] Stealth Rock
|
|-heal|p1a: Empoleon|371\/371|[from] item: Leftovers
|turn|17
|
|move|p2a: Mandibuzz|Taunt|p1a: Empoleon
|-start|p1a: Empoleon|move: Taunt
|cant|p1a: Empoleon|move: Taunt|Defog
|
|turn|18
|c|âxBlackHeart|jesus, everyone have that
|
|switch|p2a: Seismitoad|Seismitoad, M|337\/414 brn
|switch|p1a: Celebi|Celebi|254\/403
|-damage|p1a: Celebi|204\/403|[from] Stealth Rock
|
|-heal|p2a: Seismitoad|362\/414 brn|[from] item: Leftovers
|-damage|p2a: Seismitoad|311\/414 brn|[from] brn
|turn|19
|
|switch|p2a: Gengar|Gengar, M|178\/261
|move|p1a: Celebi|Baton Pass|p1a: Celebi
|
|switch|p1a: Gothitelle|Gothitelle, F|336\/336
|-damage|p1a: Gothitelle|294\/336|[from] Stealth Rock
|
|turn|20
|
|switch|p2a: Metagross|Metagross|301\/301
|move|p1a: Gothitelle|Psychic|p2a: Metagross
|-resisted|p2a: Metagross
|-damage|p2a: Metagross|270\/301
|
|turn|21
|
|switch|p1a: Rotom-Wash|Rotom-Wash|148\/303
|-damage|p1a: Rotom-Wash|111\/303|[from] Stealth Rock
|detailschange|p2a: Metagross|Metagross-Mega
|-mega|p2a: Metagross|Metagross|Metagrossite
|move|p2a: Metagross|Hammer Arm|p1a: Rotom-Wash
|-damage|p1a: Rotom-Wash|0 fnt
|-unboost|p2a: Metagross|spe|1
|faint|p1a: Rotom-Wash
|
|
|switch|p1a: Empoleon|Empoleon, F|371\/371
|-damage|p1a: Empoleon|348\/371|[from] Stealth Rock
|turn|22
|
|move|p2a: Metagross|Hammer Arm|p1a: Empoleon
|-supereffective|p1a: Empoleon
|-damage|p1a: Empoleon|0 fnt
|-unboost|p2a: Metagross|spe|1
|faint|p1a: Empoleon
|
|
|switch|p1a: Charizard|Charizard, M|359\/359
|-damage|p1a: Charizard|180\/359|[from] Stealth Rock
|turn|23
|
|switch|p2a: Mandibuzz|Mandibuzz, F|307\/421
|move|p1a: Charizard|Roost|p1a: Charizard
|-heal|p1a: Charizard|359\/359
|
|turn|24
|
|detailschange|p1a: Charizard|Charizard-Mega-X, M
|-mega|p1a: Charizard|Charizard|Charizardite X
|move|p1a: Charizard|Flare Blitz|p2a: Mandibuzz
|-damage|p2a: Mandibuzz|129\/421
|-damage|p1a: Charizard|300\/359|[from] recoil|[of] p2a: Mandibuzz
|move|p2a: Mandibuzz|Foul Play|p1a: Charizard
|-damage|p1a: Charizard|159\/359
|
|turn|25
|
|move|p1a: Charizard|Will-O-Wisp|p2a: Mandibuzz
|-status|p2a: Mandibuzz|brn
|move|p2a: Mandibuzz|Foul Play|p1a: Charizard
|-damage|p1a: Charizard|80\/359
|
|-damage|p2a: Mandibuzz|77\/421 brn|[from] brn
|turn|26
|
|switch|p2a: Keldeo-Resolute|Keldeo-Resolute|324\/324
|move|p1a: Charizard|Roost|p1a: Charizard
|-heal|p1a: Charizard|260\/359
|
|turn|27
|
|switch|p1a: Celebi|Celebi|204\/403
|-damage|p1a: Celebi|154\/403|[from] Stealth Rock
|move|p2a: Keldeo-Resolute|Scald|p1a: Celebi
|-resisted|p1a: Celebi
|-damage|p1a: Celebi|82\/403
|
|turn|28
|
|switch|p2a: Gengar|Gengar, M|178\/261
|move|p1a: Celebi|Perish Song|p1a: Celebi
|-fieldactivate|move: Perish Song
|
|-start|p2a: Gengar|perish3
|-start|p1a: Celebi|perish3
|turn|29
|
|switch|p1a: Landorus-Therian|Landorus-Therian, M|23\/319
|-damage|p1a: Landorus-Therian|0 fnt|[from] Stealth Rock
|faint|p1a: Landorus-Therian
|move|p2a: Gengar|Shadow Ball|p1: Landorus-Therian|[notarget]
|-notarget
|
|-start|p2a: Gengar|perish2
|
|switch|p1a: Gothitelle|Gothitelle, F|294\/336
|-damage|p1a: Gothitelle|252\/336|[from] Stealth Rock
|turn|30
|
|switch|p2a: Metagross|Metagross-Mega|270\/301
|move|p1a: Gothitelle|Trick|p2a: Metagross
|-fail|p2a: Metagross
|
|turn|31
|c|âxBlackHeart|fuck
|c|âxBlackHeart|gg
|
|switch|p1a: Celebi|Celebi|82\/403
|-damage|p1a: Celebi|32\/403|[from] Stealth Rock
|move|p2a: Metagross|Zen Headbutt|p1a: Celebi
|-resisted|p1a: Celebi
|-damage|p1a: Celebi|0 fnt
|faint|p1a: Celebi
|
|c|âGaet-Kun06|gg
|
|switch|p1a: Charizard|Charizard-Mega-X, M|260\/359
|-damage|p1a: Charizard|171\/359|[from] Stealth Rock
|turn|32
|
|move|p2a: Metagross|Zen Headbutt|p1a: Charizard
|-damage|p1a: Charizard|0 fnt
|faint|p1a: Charizard
|
|-message|xBlackHeart forfeited.
|leave|xBlackHeart
|
|win|Gaet-Kun06
|raw|Ladder updating...
|player|p1
|raw|xBlackHeart's rating: 1552 &rarr; <strong>1526<\/strong><br \/>(-26 for losing)
|raw|Gaet-Kun06's rating: 1446 &rarr; <strong>1472<\/strong><br \/>(+26 for winning)