|join|Kyoki64
|join|Gaet-Kun06
|player|p1|Kyoki64|23
|player|p2|Gaet-Kun06|163
|gametype|singles
|gen|6
|tier|OU
|rated
|clearpoke
|poke|p1|Sableye, M, shiny
|poke|p1|Excadrill, M
|poke|p1|Manaphy, shiny
|poke|p1|Gliscor, F, shiny
|poke|p1|Talonflame, F, shiny
|poke|p1|Clefable, F, shiny
|poke|p2|Metagross
|poke|p2|Keldeo-Resolute
|poke|p2|Gengar, M
|poke|p2|Talonflame, M
|poke|p2|Mandibuzz, F
|poke|p2|Seismitoad, F
|rule|Swagger Clause: Swagger is banned
|rule|Baton Pass Clause: Limit one PokÃ©mon knowing Baton Pass
|rule|Sleep Clause Mod: Limit one foe put to sleep
|rule|Species Clause: Limit one of each PokÃ©mon
|rule|OHKO Clause: OHKO moves are banned
|rule|Moody Clause: Moody is banned
|rule|Evasion Moves Clause: Evasion moves are banned
|rule|Endless Battle Clause: Forcing endless battles is banned
|rule|HP Percentage Mod: HP is shown in percentages
|teampreview
|c|âGaet-Kun06|lol
|c|âGaet-Kun06|i know this team
|
|start
|switch|p1a: Sableye|Sableye, M, shiny|303\/303
|switch|p2a: Seismitoad|Seismitoad, F|414\/414
|turn|1
|c|âGaet-Kun06|no personality
|
|detailschange|p1a: Sableye|Sableye-Mega, M, shiny
|-mega|p1a: Sableye|Sableye|Sablenite
|move|p2a: Seismitoad|Scald|p1a: Sableye
|-damage|p1a: Sableye|251\/303
|move|p1a: Sableye|Knock Off|p2a: Seismitoad
|-damage|p2a: Seismitoad|323\/414
|-enditem|p2a: Seismitoad|Leftovers|[from] move: Knock Off|[of] p1a: Sableye
|
|turn|2
|
|move|p2a: Seismitoad|Scald|p1a: Sableye
|-damage|p1a: Sableye|197\/303
|-status|p1a: Sableye|brn
|move|p1a: Sableye|Will-O-Wisp|p2a: Seismitoad
|-status|p2a: Seismitoad|brn
|
|-damage|p2a: Seismitoad|272\/414 brn|[from] brn
|-damage|p1a: Sableye|160\/303 brn|[from] brn
|turn|3
|
|switch|p2a: Keldeo-Resolute|Keldeo-Resolute|324\/324
|move|p1a: Sableye|Recover|p1a: Sableye
|-heal|p1a: Sableye|303\/303 brn
|
|-damage|p1a: Sableye|266\/303 brn|[from] brn
|turn|4
|
|switch|p1a: Clefable|Clefable, F, shiny|393\/393
|move|p2a: Keldeo-Resolute|Scald|p1a: Clefable
|-damage|p1a: Clefable|195\/393
|
|-heal|p1a: Clefable|219\/393|[from] item: Leftovers
|turn|5
|
|move|p2a: Keldeo-Resolute|Scald|p1a: Clefable
|-damage|p1a: Clefable|9\/393
|move|p1a: Clefable|Moonblast|p2a: Keldeo-Resolute
|-supereffective|p2a: Keldeo-Resolute
|-damage|p2a: Keldeo-Resolute|102\/324
|
|-heal|p1a: Clefable|33\/393|[from] item: Leftovers
|turn|6
|
|switch|p1a: Manaphy|Manaphy, shiny|401\/401
|move|p2a: Keldeo-Resolute|Scald|p1a: Manaphy
|-resisted|p1a: Manaphy
|-damage|p1a: Manaphy|328\/401
|
|-heal|p1a: Manaphy|353\/401|[from] item: Leftovers
|turn|7
|
|switch|p2a: Seismitoad|Seismitoad, F|272\/414 brn
|move|p1a: Manaphy|Scald|p2a: Seismitoad
|-heal|p2a: Seismitoad|375\/414 brn|[from] ability: Water Absorb|[of] p1a: Manaphy
|
|-heal|p1a: Manaphy|378\/401|[from] item: Leftovers
|-damage|p2a: Seismitoad|324\/414 brn|[from] brn
|turn|8
|
|move|p1a: Manaphy|U-turn|p2a: Seismitoad
|-damage|p2a: Seismitoad|278\/414 brn
|
|switch|p1a: Sableye|Sableye-Mega, M, shiny|266\/303 brn
|move|p2a: Seismitoad|Stealth Rock|p1a: Sableye
|move|p1a: Sableye|Stealth Rock|p2a: Seismitoad|[from]Magic Bounce
|-sidestart|p2: Gaet-Kun06|move: Stealth Rock
|
|-damage|p2a: Seismitoad|227\/414 brn|[from] brn
|-damage|p1a: Sableye|229\/303 brn|[from] brn
|turn|9
|
|switch|p2a: Mandibuzz|Mandibuzz, F|421\/421
|-damage|p2a: Mandibuzz|316\/421|[from] Stealth Rock
|move|p1a: Sableye|Knock Off|p2a: Mandibuzz
|-resisted|p2a: Mandibuzz
|-damage|p2a: Mandibuzz|297\/421
|-enditem|p2a: Mandibuzz|Leftovers|[from] move: Knock Off|[of] p1a: Sableye
|
|-damage|p1a: Sableye|192\/303 brn|[from] brn
|turn|10
|c|âGaet-Kun06|This man has te same moves and the same spread of Sablenite team
|c|âGaet-Kun06|ZERO personality
|
|move|p2a: Mandibuzz|Defog|p1a: Sableye
|move|p1a: Sableye|Defog|p2a: Mandibuzz|[from]Magic Bounce
|-unboost|p2a: Mandibuzz|evasion|1
|-sideend|p2: Gaet-Kun06|Stealth Rock|[from] move: Defog|[of] p2a: Mandibuzz
|move|p1a: Sableye|Recover|p1a: Sableye
|-heal|p1a: Sableye|303\/303 brn
|
|-damage|p1a: Sableye|266\/303 brn|[from] brn
|turn|11
|c|âKyoki64|keep crying nerd
|
|move|p2a: Mandibuzz|Foul Play|p1a: Sableye
|-damage|p1a: Sableye|181\/303 brn
|move|p1a: Sableye|Will-O-Wisp|p2a: Mandibuzz
|-status|p2a: Mandibuzz|brn
|
|-damage|p2a: Mandibuzz|245\/421 brn|[from] brn
|-damage|p1a: Sableye|144\/303 brn|[from] brn
|turn|12
|c|âGaet-Kun06|i'm not crying i'm laughing :)
|
|move|p2a: Mandibuzz|Roost|p2a: Mandibuzz
|-heal|p2a: Mandibuzz|421\/421 brn
|move|p1a: Sableye|Recover|p1a: Sableye
|-heal|p1a: Sableye|296\/303 brn
|
|-damage|p2a: Mandibuzz|369\/421 brn|[from] brn
|-damage|p1a: Sableye|259\/303 brn|[from] brn
|turn|13
|
|switch|p1a: Gliscor|Gliscor, F, shiny|353\/353
|move|p2a: Mandibuzz|Foul Play|p1a: Gliscor
|-damage|p1a: Gliscor|322\/353
|
|-damage|p2a: Mandibuzz|317\/421 brn|[from] brn
|-status|p1a: Gliscor|tox|[from] item: Toxic Orb
|turn|14
|
|move|p1a: Gliscor|Taunt|p2a: Mandibuzz
|-start|p2a: Mandibuzz|move: Taunt
|cant|p2a: Mandibuzz|move: Taunt|Defog
|
|-heal|p1a: Gliscor|353\/353 tox|[from] ability: Poison Heal
|-damage|p2a: Mandibuzz|265\/421 brn|[from] brn
|turn|15
|
|switch|p2a: Seismitoad|Seismitoad, F|227\/414 brn
|move|p1a: Gliscor|Stealth Rock|p2a: Seismitoad
|-sidestart|p2: Gaet-Kun06|move: Stealth Rock
|
|-damage|p2a: Seismitoad|176\/414 brn|[from] brn
|turn|16
|
|switch|p1a: Manaphy|Manaphy, shiny|378\/401
|move|p2a: Seismitoad|Scald|p1a: Manaphy
|-crit|p1a: Manaphy
|-resisted|p1a: Manaphy
|-damage|p1a: Manaphy|332\/401
|-status|p1a: Manaphy|brn
|
|-heal|p1a: Manaphy|357\/401 brn|[from] item: Leftovers
|-damage|p1a: Manaphy|307\/401 brn|[from] brn
|-damage|p2a: Seismitoad|125\/414 brn|[from] brn
|turn|17
|
|move|p1a: Manaphy|Rain Dance|p1a: Manaphy
|-weather|RainDance
|move|p2a: Seismitoad|Stealth Rock|p1a: Manaphy
|-sidestart|p1: Kyoki64|move: Stealth Rock
|
|-weather|RainDance|[upkeep]
|-curestatus|p1a: Manaphy|brn
|-heal|p1a: Manaphy|332\/401|[from] item: Leftovers
|-damage|p2a: Seismitoad|74\/414 brn|[from] brn
|turn|18
|
|move|p1a: Manaphy|U-turn|p2a: Seismitoad
|-damage|p2a: Seismitoad|34\/414 brn
|
|switch|p1a: Sableye|Sableye-Mega, M, shiny|259\/303 brn
|-damage|p1a: Sableye|222\/303 brn|[from] Stealth Rock
|move|p2a: Seismitoad|Scald|p1a: Sableye
|-crit|p1a: Sableye
|-damage|p1a: Sableye|102\/303 brn
|
|-weather|RainDance|[upkeep]
|-damage|p2a: Seismitoad|0 fnt|[from] brn
|-damage|p1a: Sableye|65\/303 brn|[from] brn
|faint|p2a: Seismitoad
|
|switch|p2a: Gengar|Gengar, M|261\/261
|-damage|p2a: Gengar|229\/261|[from] Stealth Rock
|turn|19
|
|switch|p1a: Manaphy|Manaphy, shiny|332\/401
|-damage|p1a: Manaphy|282\/401|[from] Stealth Rock
|move|p2a: Gengar|Shadow Ball|p1a: Manaphy
|-damage|p1a: Manaphy|156\/401
|-damage|p2a: Gengar|203\/261|[from] item: Life Orb
|
|-weather|RainDance|[upkeep]
|-heal|p1a: Manaphy|181\/401|[from] item: Leftovers
|turn|20
|
|move|p2a: Gengar|Giga Drain|p1a: Manaphy
|-supereffective|p1a: Manaphy
|-damage|p1a: Manaphy|2\/401
|-heal|p2a: Gengar|261\/261|[from] drain|[of] p1a: Manaphy
|-damage|p2a: Gengar|235\/261|[from] item: Life Orb
|move|p1a: Manaphy|Rest|p1a: Manaphy
|-status|p1a: Manaphy|slp
|-heal|p1a: Manaphy|401\/401 slp|[silent]
|-status|p1a: Manaphy|slp|[from] move: Rest
|
|-weather|RainDance|[upkeep]
|-curestatus|p1a: Manaphy|slp
|turn|21
|c|âGaet-Kun06|no personality and lucky
|c|âKyoki64|no social skills and autistic
|c|âGaet-Kun06|i do my own strategy me :)
|
|switch|p2a: Metagross|Metagross|301\/301
|-damage|p2a: Metagross|283\/301|[from] Stealth Rock
|move|p1a: Manaphy|Scald|p2a: Metagross
|-damage|p2a: Metagross|100\/301
|
|-weather|none
|turn|22
|
|detailschange|p2a: Metagross|Metagross-Mega
|-mega|p2a: Metagross|Metagross|Metagrossite
|move|p2a: Metagross|Meteor Mash|p1a: Manaphy
|-crit|p1a: Manaphy
|-resisted|p1a: Manaphy
|-damage|p1a: Manaphy|219\/401
|move|p1a: Manaphy|Scald|p2a: Metagross
|-damage|p2a: Metagross|0 fnt
|faint|p2a: Metagross
|
|-heal|p1a: Manaphy|244\/401|[from] item: Leftovers
|
|switch|p2a: Gengar|Gengar, M|235\/261
|-damage|p2a: Gengar|203\/261|[from] Stealth Rock
|turn|23
|
|move|p2a: Gengar|Giga Drain|p1a: Manaphy
|-supereffective|p1a: Manaphy
|-damage|p1a: Manaphy|83\/401
|-heal|p2a: Gengar|261\/261|[from] drain|[of] p1a: Manaphy
|-damage|p2a: Gengar|235\/261|[from] item: Life Orb
|move|p1a: Manaphy|Scald|p2a: Gengar
|-damage|p2a: Gengar|120\/261
|
|-heal|p1a: Manaphy|108\/401|[from] item: Leftovers
|turn|24
|
|move|p2a: Gengar|Shadow Ball|p1a: Manaphy
|-damage|p1a: Manaphy|0 fnt
|-damage|p2a: Gengar|94\/261|[from] item: Life Orb
|faint|p1a: Manaphy
|
|
|switch|p1a: Excadrill|Excadrill, M|424\/424
|-damage|p1a: Excadrill|411\/424|[from] Stealth Rock
|-ability|p1a: Excadrill|Mold Breaker
|turn|25
|
|move|p2a: Gengar|Will-O-Wisp|p1a: Excadrill
|-status|p1a: Excadrill|brn
|move|p1a: Excadrill|Iron Head|p2a: Gengar
|-damage|p2a: Gengar|3\/261
|
|-heal|p1a: Excadrill|424\/424 brn|[from] item: Leftovers
|-damage|p1a: Excadrill|371\/424 brn|[from] brn
|turn|26
|
|move|p2a: Gengar|Giga Drain|p1a: Excadrill
|-damage|p1a: Excadrill|263\/424 brn
|-heal|p2a: Gengar|57\/261|[from] drain|[of] p1a: Excadrill
|-damage|p2a: Gengar|31\/261|[from] item: Life Orb
|move|p1a: Excadrill|Iron Head|p2a: Gengar
|-damage|p2a: Gengar|0 fnt
|faint|p2a: Gengar
|
|-heal|p1a: Excadrill|289\/424 brn|[from] item: Leftovers
|-damage|p1a: Excadrill|236\/424 brn|[from] brn
|
|switch|p2a: Keldeo-Resolute|Keldeo-Resolute|102\/324
|-damage|p2a: Keldeo-Resolute|82\/324|[from] Stealth Rock
|turn|27
|
|move|p2a: Keldeo-Resolute|Scald|p1a: Excadrill
|-supereffective|p1a: Excadrill
|-damage|p1a: Excadrill|0 fnt
|faint|p1a: Excadrill
|
|
|switch|p1a: Talonflame|Talonflame, F, shiny|345\/345
|-damage|p1a: Talonflame|173\/345|[from] Stealth Rock
|turn|28
|
|switch|p2a: Mandibuzz|Mandibuzz, F|265\/421 brn
|-damage|p2a: Mandibuzz|160\/421 brn|[from] Stealth Rock
|move|p1a: Talonflame|Brave Bird|p2a: Mandibuzz
|-damage|p2a: Mandibuzz|51\/421 brn
|-damage|p1a: Talonflame|137\/345|[from] recoil|[of] p2a: Mandibuzz
|
|-heal|p1a: Talonflame|158\/345|[from] item: Leftovers
|-damage|p2a: Mandibuzz|0 fnt|[from] brn
|faint|p2a: Mandibuzz
|
|switch|p2a: Talonflame|Talonflame, M|297\/297
|-damage|p2a: Talonflame|149\/297|[from] Stealth Rock
|turn|29
|
|move|p2a: Talonflame|Brave Bird|p1a: Talonflame
|-damage|p1a: Talonflame|0 fnt
|-damage|p2a: Talonflame|97\/297|[from] recoil|[of] p1a: Talonflame
|faint|p1a: Talonflame
|
|
|switch|p1a: Gliscor|Gliscor, F, shiny|353\/353 tox
|-damage|p1a: Gliscor|309\/353 tox|[from] Stealth Rock
|turn|30
|
|move|p2a: Talonflame|Brave Bird|p1a: Gliscor
|-damage|p1a: Gliscor|158\/353 tox
|-damage|p2a: Talonflame|47\/297|[from] recoil|[of] p1a: Gliscor
|move|p1a: Gliscor|Taunt|p2a: Talonflame
|-start|p2a: Talonflame|move: Taunt
|
|-heal|p1a: Gliscor|202\/353 tox|[from] ability: Poison Heal
|turn|31
|
|move|p2a: Talonflame|Brave Bird|p1a: Gliscor
|-damage|p1a: Gliscor|30\/353 tox
|-damage|p2a: Talonflame|0 fnt|[from] recoil|[of] p1a: Gliscor
|faint|p2a: Talonflame
|move|p1a: Gliscor|Earthquake|p2: Talonflame|[notarget]
|-notarget
|
|-heal|p1a: Gliscor|74\/353 tox|[from] ability: Poison Heal
|c|âGaet-Kun06|it's bad for you no ?
|
|switch|p2a: Keldeo-Resolute|Keldeo-Resolute|82\/324
|-damage|p2a: Keldeo-Resolute|62\/324|[from] Stealth Rock
|turn|32
|
|move|p2a: Keldeo-Resolute|Scald|p1a: Gliscor
|-supereffective|p1a: Gliscor
|-damage|p1a: Gliscor|0 fnt
|faint|p1a: Gliscor
|
|
|switch|p1a: Sableye|Sableye-Mega, M, shiny|65\/303 brn
|-damage|p1a: Sableye|28\/303 brn|[from] Stealth Rock
|turn|33
|
|move|p2a: Keldeo-Resolute|Scald|p1a: Sableye
|-damage|p1a: Sableye|0 fnt
|faint|p1a: Sableye
|
|c|âGaet-Kun06|very bad
|
|switch|p1a: Clefable|Clefable, F, shiny|33\/393
|-damage|p1a: Clefable|0 fnt|[from] Stealth Rock
|faint|p1a: Clefable
|
|win|Gaet-Kun06
|raw|Ladder updating...
|raw|Kyoki64's rating: 1383 &rarr; <strong>1367<\/strong><br \/>(-16 for losing)
|raw|Gaet-Kun06's rating: 1451 &rarr; <strong>1467<\/strong><br \/>(+16 for winning)
|c|âKyoki64|gg
|c|âGaet-Kun06|:)
|leave|Kyoki64
|player|p1