|join|Gaet-Kun06
|join|SunnySuspect
|player|p1|Gaet-Kun06|163
|player|p2|SunnySuspect|266
|gametype|singles
|gen|6
|tier|OU (suspect test)
|rated
|clearpoke
|poke|p1|Excadrill, F
|poke|p1|Manaphy
|poke|p1|Sableye, M
|poke|p1|Landorus-Therian, M
|poke|p1|Talonflame, F
|poke|p1|Kyurem-Black
|poke|p2|Metagross
|poke|p2|Tornadus-Therian, M
|poke|p2|Keldeo-Resolute
|poke|p2|Mamoswine, F
|poke|p2|Conkeldurr, M
|poke|p2|Raikou
|rule|Swagger Clause: Swagger is banned
|rule|Baton Pass Clause: Limit one PokÃ©mon knowing Baton Pass
|rule|Sleep Clause Mod: Limit one foe put to sleep
|rule|Species Clause: Limit one of each PokÃ©mon
|rule|OHKO Clause: OHKO moves are banned
|rule|Moody Clause: Moody is banned
|rule|Evasion Moves Clause: Evasion moves are banned
|rule|Endless Battle Clause: Forcing endless battles is banned
|rule|HP Percentage Mod: HP is shown in percentages
|teampreview
|
|start
|switch|p1a: Sableye|Sableye, M|303\/303
|switch|p2a: Raikou|Raikou|321\/321
|-ability|p2a: Raikou|Pressure
|turn|1
|
|switch|p2a: Keldeo-Resolute|Keldeo-Resolute|323\/323
|detailschange|p1a: Sableye|Sableye-Mega, M
|-mega|p1a: Sableye|Sableye|Sablenite
|move|p1a: Sableye|Knock Off|p2a: Keldeo-Resolute
|-resisted|p2a: Keldeo-Resolute
|-damage|p2a: Keldeo-Resolute|268\/323
|-boost|p2a: Keldeo-Resolute|atk|1|[from] ability: Justified
|-enditem|p2a: Keldeo-Resolute|Choice Specs|[from] move: Knock Off|[of] p1a: Sableye
|
|turn|2
|
|switch|p1a: Manaphy|Manaphy|401\/401
|move|p2a: Keldeo-Resolute|Secret Sword|p1a: Manaphy
|-damage|p1a: Manaphy|236\/401
|
|-heal|p1a: Manaphy|261\/401|[from] item: Leftovers
|turn|3
|
|move|p2a: Keldeo-Resolute|Scald|p1a: Manaphy
|-resisted|p1a: Manaphy
|-damage|p1a: Manaphy|208\/401
|move|p1a: Manaphy|U-turn|p2a: Keldeo-Resolute
|-resisted|p2a: Keldeo-Resolute
|-damage|p2a: Keldeo-Resolute|240\/323
|
|switch|p1a: Talonflame|Talonflame, F|345\/345
|
|turn|4
|
|switch|p2a: Raikou|Raikou|321\/321
|-ability|p2a: Raikou|Pressure
|move|p1a: Talonflame|Brave Bird|p2a: Raikou
|-crit|p2a: Raikou
|-resisted|p2a: Raikou
|-damage|p2a: Raikou|159\/321
|-damage|p1a: Talonflame|292\/345|[from] recoil|[of] p2a: Raikou
|
|-heal|p1a: Talonflame|313\/345|[from] item: Leftovers
|turn|5
|c|âSunnySuspect|._.
|c|âGaet-Kun06|sorry
|
|switch|p1a: Excadrill|Excadrill, F|424\/424
|-ability|p1a: Excadrill|Mold Breaker
|move|p2a: Raikou|Shadow Ball|p1a: Excadrill
|-damage|p1a: Excadrill|298\/424
|
|-heal|p1a: Excadrill|324\/424|[from] item: Leftovers
|turn|6
|
|switch|p2a: Tornadus-Therian|Tornadus-Therian, M|299\/299
|move|p1a: Excadrill|Toxic|p2a: Tornadus-Therian
|-status|p2a: Tornadus-Therian|tox
|
|-heal|p1a: Excadrill|350\/424|[from] item: Leftovers
|-damage|p2a: Tornadus-Therian|281\/299 tox|[from] psn
|turn|7
|
|switch|p1a: Manaphy|Manaphy|208\/401
|move|p2a: Tornadus-Therian|Heat Wave|p1a: Manaphy
|-resisted|p1a: Manaphy
|-damage|p1a: Manaphy|161\/401
|-damage|p2a: Tornadus-Therian|252\/299 tox|[from] item: Life Orb
|
|-heal|p1a: Manaphy|186\/401|[from] item: Leftovers
|-damage|p2a: Tornadus-Therian|216\/299 tox|[from] psn
|turn|8
|
|move|p2a: Tornadus-Therian|Hurricane|p1a: Manaphy|[miss]
|-miss|p2a: Tornadus-Therian|p1a: Manaphy
|move|p1a: Manaphy|U-turn|p2a: Tornadus-Therian
|-resisted|p2a: Tornadus-Therian
|-damage|p2a: Tornadus-Therian|188\/299 tox
|c|âSunnySuspect|;-;
|c|âSunnySuspect|this shit happens to me every game I swear
|
|switch|p1a: Sableye|Sableye-Mega, M|303\/303
|
|-damage|p2a: Tornadus-Therian|134\/299 tox|[from] psn
|turn|9
|c|âGaet-Kun06|I believe you
|
|switch|p2a: Keldeo-Resolute|Keldeo-Resolute|240\/323
|move|p1a: Sableye|Foul Play|p2a: Keldeo-Resolute
|-resisted|p2a: Keldeo-Resolute
|-damage|p2a: Keldeo-Resolute|201\/323
|-boost|p2a: Keldeo-Resolute|atk|1|[from] ability: Justified
|
|turn|10
|
|switch|p1a: Manaphy|Manaphy|186\/401
|move|p2a: Keldeo-Resolute|Scald|p1a: Manaphy
|-resisted|p1a: Manaphy
|-damage|p1a: Manaphy|135\/401
|
|-heal|p1a: Manaphy|160\/401|[from] item: Leftovers
|turn|11
|
|move|p2a: Keldeo-Resolute|Secret Sword|p1a: Manaphy
|-damage|p1a: Manaphy|16\/401
|move|p1a: Manaphy|Rain Dance|p1a: Manaphy
|-weather|RainDance
|
|-weather|RainDance|[upkeep]
|-heal|p1a: Manaphy|41\/401|[from] item: Leftovers
|turn|12
|
|move|p2a: Keldeo-Resolute|Scald|p1a: Manaphy
|-crit|p1a: Manaphy
|-resisted|p1a: Manaphy
|-damage|p1a: Manaphy|0 fnt
|faint|p1a: Manaphy
|
|-weather|RainDance|[upkeep]
|
|switch|p1a: Talonflame|Talonflame, F|313\/345
|turn|13
|
|switch|p2a: Raikou|Raikou|159\/321
|-ability|p2a: Raikou|Pressure
|move|p1a: Talonflame|Brave Bird|p2a: Raikou
|-resisted|p2a: Raikou
|-damage|p2a: Raikou|60\/321
|-damage|p1a: Talonflame|280\/345|[from] recoil|[of] p2a: Raikou
|
|-weather|RainDance|[upkeep]
|-heal|p1a: Talonflame|301\/345|[from] item: Leftovers
|turn|14
|
|move|p1a: Talonflame|Brave Bird|p2a: Raikou
|-resisted|p2a: Raikou
|-damage|p2a: Raikou|0 fnt
|-damage|p1a: Talonflame|281\/345|[from] recoil|[of] p2a: Raikou
|faint|p2a: Raikou
|
|-weather|RainDance|[upkeep]
|-heal|p1a: Talonflame|302\/345|[from] item: Leftovers
|
|switch|p2a: Mamoswine|Mamoswine, F|361\/361
|turn|15
|
|switch|p1a: Sableye|Sableye-Mega, M|303\/303
|move|p2a: Mamoswine|Icicle Spear|p1a: Sableye
|-damage|p1a: Sableye|252\/303
|-damage|p1a: Sableye|204\/303
|-hitcount|p1a: Sableye|2
|-damage|p2a: Mamoswine|325\/361|[from] item: Life Orb
|
|-weather|none
|turn|16
|
|switch|p2a: Keldeo-Resolute|Keldeo-Resolute|201\/323
|move|p1a: Sableye|Will-O-Wisp|p2a: Keldeo-Resolute|[miss]
|-miss|p1a: Sableye|p2a: Keldeo-Resolute
|
|turn|17
|
|move|p2a: Keldeo-Resolute|Scald|p1a: Sableye
|-damage|p1a: Sableye|107\/303
|move|p1a: Sableye|Will-O-Wisp|p2a: Keldeo-Resolute
|-status|p2a: Keldeo-Resolute|brn
|
|-damage|p2a: Keldeo-Resolute|161\/323 brn|[from] brn
|turn|18
|
|move|p2a: Keldeo-Resolute|Hydro Pump|p1a: Sableye
|-damage|p1a: Sableye|0 fnt
|faint|p1a: Sableye
|
|-damage|p2a: Keldeo-Resolute|121\/323 brn|[from] brn
|
|switch|p1a: Talonflame|Talonflame, F|302\/345
|turn|19
|
|move|p1a: Talonflame|Brave Bird|p2a: Keldeo-Resolute
|-crit|p2a: Keldeo-Resolute
|-supereffective|p2a: Keldeo-Resolute
|-damage|p2a: Keldeo-Resolute|0 fnt
|-damage|p1a: Talonflame|262\/345|[from] recoil|[of] p2a: Keldeo-Resolute
|faint|p2a: Keldeo-Resolute
|
|-heal|p1a: Talonflame|283\/345|[from] item: Leftovers
|
|switch|p2a: Mamoswine|Mamoswine, F|325\/361
|turn|20
|
|move|p1a: Talonflame|Will-O-Wisp|p2a: Mamoswine
|-status|p2a: Mamoswine|brn
|move|p2a: Mamoswine|Icicle Spear|p1a: Talonflame
|-damage|p1a: Talonflame|243\/345
|-damage|p1a: Talonflame|203\/345
|-damage|p1a: Talonflame|164\/345
|-damage|p1a: Talonflame|128\/345
|-damage|p1a: Talonflame|92\/345
|-hitcount|p1a: Talonflame|5
|-damage|p2a: Mamoswine|289\/361 brn|[from] item: Life Orb
|
|-heal|p1a: Talonflame|113\/345|[from] item: Leftovers
|-damage|p2a: Mamoswine|244\/361 brn|[from] brn
|turn|21
|
|move|p1a: Talonflame|Roost|p1a: Talonflame
|-heal|p1a: Talonflame|286\/345
|move|p2a: Mamoswine|Earthquake|p1a: Talonflame
|-crit|p1a: Talonflame
|-supereffective|p1a: Talonflame
|-damage|p1a: Talonflame|0 fnt
|-damage|p2a: Mamoswine|208\/361 brn|[from] item: Life Orb
|faint|p1a: Talonflame
|
|-damage|p2a: Mamoswine|163\/361 brn|[from] brn
|c|âGaet-Kun06|i've my part of hax too
|
|switch|p1a: Kyurem-Black|Kyurem-Black|391\/391
|-ability|p1a: Kyurem-Black|Teravolt
|turn|22
|
|move|p1a: Kyurem-Black|Earth Power|p2a: Mamoswine
|-damage|p2a: Mamoswine|0 fnt
|-damage|p1a: Kyurem-Black|352\/391|[from] item: Life Orb
|faint|p2a: Mamoswine
|
|
|switch|p2a: Conkeldurr|Conkeldurr, M|352\/352
|turn|23
|
|switch|p1a: Landorus-Therian|Landorus-Therian, M|382\/382
|-ability|p1a: Landorus-Therian|Intimidate|[of] p2a: Conkeldurr
|-unboost|p2a: Conkeldurr|atk|1
|move|p2a: Conkeldurr|Ice Punch|p1a: Landorus-Therian
|-supereffective|p1a: Landorus-Therian
|-damage|p1a: Landorus-Therian|170\/382
|-status|p1a: Landorus-Therian|frz
|
|-heal|p1a: Landorus-Therian|193\/382 frz|[from] item: Leftovers
|turn|24
|c|âGaet-Kun06|...
|c|âSunnySuspect|244 Atk Life Orb burned Mamoswine Earthquake vs. 248 HP \/ 0 Def Talonflame: 281-331 (78.2 - 92.2%) -- guaranteed 2HKO after Leftovers recovery
|
|-curestatus|p1a: Landorus-Therian|frz
|move|p1a: Landorus-Therian|Earthquake|p2a: Conkeldurr
|-damage|p2a: Conkeldurr|186\/352
|move|p2a: Conkeldurr|Ice Punch|p1a: Landorus-Therian
|-supereffective|p1a: Landorus-Therian
|-damage|p1a: Landorus-Therian|0 fnt
|faint|p1a: Landorus-Therian
|
|c|âSunnySuspect|so I didn't REALLY hax you
|c|âGaet-Kun06|i could do 1 roost and switch after
|c|âSunnySuspect|you had a chance of diesing
|c|âSunnySuspect|there was a roll
|
|switch|p1a: Kyurem-Black|Kyurem-Black|352\/391
|-ability|p1a: Kyurem-Black|Teravolt
|turn|25
|
|move|p1a: Kyurem-Black|Fusion Bolt|p2a: Conkeldurr
|-crit|p2a: Conkeldurr
|-damage|p2a: Conkeldurr|0 fnt
|-damage|p1a: Kyurem-Black|313\/391|[from] item: Life Orb
|faint|p2a: Conkeldurr
|
|c|âGaet-Kun06|LOL --'
|c|âSunnySuspect|fair enough
|c|âSunnySuspect|not nbeded
|
|switch|p2a: Tornadus-Therian|Tornadus-Therian, M|233\/299 tox
|turn|26
|c|âSunnySuspect|nyway
|c|âSunnySuspect|catch this
|
|move|p2a: Tornadus-Therian|Superpower|p1a: Kyurem-Black
|-supereffective|p1a: Kyurem-Black
|-damage|p1a: Kyurem-Black|35\/391
|-unboost|p2a: Tornadus-Therian|atk|1
|-unboost|p2a: Tornadus-Therian|def|1
|-damage|p2a: Tornadus-Therian|204\/299 tox|[from] item: Life Orb
|move|p1a: Kyurem-Black|Ice Beam|p2a: Tornadus-Therian
|-supereffective|p2a: Tornadus-Therian
|-damage|p2a: Tornadus-Therian|0 fnt
|-damage|p1a: Kyurem-Black|0 fnt|[from] item: Life Orb
|faint|p2a: Tornadus-Therian
|faint|p1a: Kyurem-Black
|
|
|switch|p2a: Metagross|Metagross|301\/301
|switch|p1a: Excadrill|Excadrill, F|350\/424
|-ability|p1a: Excadrill|Mold Breaker
|turn|27
|c|âSunnySuspect|you have defnsive exca
|c|âSunnySuspect|I win
|
|detailschange|p2a: Metagross|Metagross-Mega
|-mega|p2a: Metagross|Metagross|Metagrossite
|move|p2a: Metagross|Earthquake|p1a: Excadrill
|-supereffective|p1a: Excadrill
|-damage|p1a: Excadrill|0 fnt
|faint|p1a: Excadrill
|
|win|SunnySuspect
|raw|Ladder updating...
|c|âGaet-Kun06|gg
|c|âSunnySuspect|gg
|raw|Gaet-Kun06's rating: 1392 &rarr; <strong>1376<\/strong><br \/>(-16 for losing)
|raw|SunnySuspect's rating: 1467 &rarr; <strong>1483<\/strong><br \/>(+16 for winning)