|join|Bob the Senpai
|join|Furries are Weird
|player|p1|Bob the Senpai|23
|player|p2|Furries are Weird|196
|gametype|singles
|gen|6
|tier|UU
|rated
|rule|Sleep Clause Mod: Limit one foe put to sleep
|rule|Species Clause: Limit one of each PokÃ©mon
|rule|OHKO Clause: OHKO moves are banned
|rule|Moody Clause: Moody is banned
|rule|Evasion Moves Clause: Evasion moves are banned
|rule|Endless Battle Clause: Forcing endless battles is banned
|rule|HP Percentage Mod: HP is shown in percentages
|clearpoke
|poke|p1|Shedinja
|poke|p1|Blissey, F
|poke|p1|Tentacruel, F
|poke|p1|Zygarde
|poke|p1|Aggron, F
|poke|p1|Togetic, F
|poke|p2|Beedrill, M
|poke|p2|Entei, shiny
|poke|p2|Raikou
|poke|p2|Nidoqueen, F
|poke|p2|Goodra, M
|poke|p2|Crobat, M
|rule|Swagger Clause: Swagger is banned
|rule|Baton Pass Clause: Limit one PokÃ©mon knowing Baton Pass
|teampreview
|
|start
|switch|p1a: Venus|Blissey, F|714\/714
|switch|p2a: Rouge|Crobat, M|373\/373
|turn|1
|
|switch|p1a: Archilles|Aggron, F|344\/344
|move|p2a: Rouge|U-turn|p1a: Archilles
|-resisted|p1a: Archilles
|-damage|p1a: Archilles|329\/344
|join|JohnOrigins
|
|switch|p2a: Mean Look Me|Entei, shiny|371\/371
|-ability|p2a: Mean Look Me|Pressure
|
|turn|2
|
|switch|p1a: Kraken|Tentacruel, F|364\/364
|move|p2a: Mean Look Me|Sacred Fire|p1a: Kraken
|-resisted|p1a: Kraken
|-damage|p1a: Kraken|237\/364
|-status|p1a: Kraken|brn
|
|-heal|p1a: Kraken|259\/364 brn|[from] item: Black Sludge
|-damage|p1a: Kraken|214\/364 brn|[from] brn
|turn|3
|c| JohnOrigins|w0w h4x
|c|âFurries are Weird|I expected that
|join|Kanbe Kotori
|
|switch|p2a: I Have an STD|Goodra, M|384\/384
|move|p1a: Kraken|Toxic|p2a: I Have an STD
|-status|p2a: I Have an STD|tox
|
|-heal|p1a: Kraken|236\/364 brn|[from] item: Black Sludge
|-damage|p1a: Kraken|191\/364 brn|[from] brn
|-damage|p2a: I Have an STD|360\/384 tox|[from] psn
|turn|4
|
|switch|p1a: Venus|Blissey, F|714\/714
|switch|p2a: Mean Look Me|Entei, shiny|371\/371
|-ability|p2a: Mean Look Me|Pressure
|
|turn|5
|
|move|p2a: Mean Look Me|Sacred Fire|p1a: Venus
|-crit|p1a: Venus
|-damage|p1a: Venus|0 fnt
|faint|p1a: Venus
|
|c| JohnOrigins|w0w h4x
|c|âBob the Senpai|of course
|
|switch|p1a: Serpentine|Zygarde|404\/404
|-ability|p1a: Serpentine|Aura Break
|turn|6
|c|âFurries are Weird|it's not hax I predicted it would happen
|
|move|p2a: Mean Look Me|Sacred Fire|p1a: Serpentine
|-resisted|p1a: Serpentine
|-damage|p1a: Serpentine|291\/404
|move|p1a: Serpentine|Earthquake|p2a: Mean Look Me
|-crit|p2a: Mean Look Me
|-supereffective|p2a: Mean Look Me
|-damage|p2a: Mean Look Me|0 fnt
|faint|p2a: Mean Look Me
|
|-heal|p1a: Serpentine|316\/404|[from] item: Leftovers
|
|switch|p2a: Buck Bumble|Beedrill, M|271\/271
|turn|7
|
|switch|p1a: Archilles|Aggron, F|329\/344
|detailschange|p2a: Buck Bumble|Beedrill-Mega, M
|message|Beedrill has Mega Evolved into Mega Beedrill!
|move|p2a: Buck Bumble|Protect|p2a: Buck Bumble
|-fail|p2a: Buck Bumble
|
|turn|8
|
|detailschange|p1a: Archilles|Aggron-Mega, F
|message|Aggron has Mega Evolved into Mega Aggron!
|move|p2a: Buck Bumble|U-turn|p1a: Archilles
|-resisted|p1a: Archilles
|-damage|p1a: Archilles|280\/344
|
|switch|p2a: Bae|Nidoqueen, F|351\/351
|move|p1a: Archilles|Heavy Slam|p2a: Bae
|-damage|p2a: Bae|137\/351
|
|turn|9
|
|move|p2a: Bae|Stealth Rock|p1a: Archilles
|-sidestart|p1: Bob the Senpai|move: Stealth Rock
|move|p1a: Archilles|Heavy Slam|p2a: Bae
|-damage|p2a: Bae|0 fnt
|faint|p2a: Bae
|
|
|switch|p2a: Buck Bumble|Beedrill-Mega, M|271\/271
|turn|10
|
|move|p2a: Buck Bumble|U-turn|p1a: Archilles
|-resisted|p1a: Archilles
|-damage|p1a: Archilles|236\/344
|join|TestingNegro
|
|switch|p2a: Tai Fu|Raikou|321\/321
|-ability|p2a: Tai Fu|Pressure
|move|p1a: Archilles|Heavy Slam|p2a: Tai Fu
|-resisted|p2a: Tai Fu
|-damage|p2a: Tai Fu|262\/321
|
|turn|11
|
|move|p2a: Tai Fu|Volt Switch|p1a: Archilles
|-damage|p1a: Archilles|104\/344
|
|switch|p2a: Rouge|Crobat, M|373\/373
|move|p1a: Archilles|Stealth Rock|p2a: Rouge
|-sidestart|p2: Furries are Weird|move: Stealth Rock
|
|turn|12
|
|switch|p1a: Freyja|Togetic, F|314\/314
|-damage|p1a: Freyja|236\/314|[from] Stealth Rock
|move|p2a: Rouge|U-turn|p1a: Freyja
|-resisted|p1a: Freyja
|-damage|p1a: Freyja|229\/314
|
|switch|p2a: Buck Bumble|Beedrill-Mega, M|271\/271
|-damage|p2a: Buck Bumble|204\/271|[from] Stealth Rock
|
|turn|13
|
|switch|p1a: Archilles|Aggron-Mega, F|104\/344
|-damage|p1a: Archilles|83\/344|[from] Stealth Rock
|move|p2a: Buck Bumble|Poison Jab|p1a: Archilles
|-immune|p1a: Archilles|[msg]
|
|turn|14
|
|move|p2a: Buck Bumble|U-turn|p1a: Archilles
|-resisted|p1a: Archilles
|-damage|p1a: Archilles|41\/344
|
|switch|p2a: I Have an STD|Goodra, M|360\/384 tox
|-damage|p2a: I Have an STD|312\/384 tox|[from] Stealth Rock
|move|p1a: Archilles|Toxic|p2a: I Have an STD
|-fail|p2a: I Have an STD|tox
|
|-damage|p2a: I Have an STD|288\/384 tox|[from] psn
|turn|15
|
|move|p2a: I Have an STD|Thunderbolt|p1a: Archilles
|-damage|p1a: Archilles|0 fnt
|faint|p1a: Archilles
|
|-damage|p2a: I Have an STD|240\/384 tox|[from] psn
|
|switch|p1a: Kraken|Tentacruel, F|191\/364 brn
|-damage|p1a: Kraken|146\/364 brn|[from] Stealth Rock
|turn|16
|
|move|p1a: Kraken|Rapid Spin|p2a: I Have an STD
|-damage|p2a: I Have an STD|232\/384 tox
|-sideend|p1: Bob the Senpai|Stealth Rock|[from] move: Rapid Spin|[of] p1a: Kraken
|move|p2a: I Have an STD|Thunderbolt|p1a: Kraken
|-supereffective|p1a: Kraken
|-damage|p1a: Kraken|0 fnt
|faint|p1a: Kraken
|
|-damage|p2a: I Have an STD|160\/384 tox|[from] psn
|
|switch|p1a: Freyja|Togetic, F|229\/314
|turn|17
|
|move|p2a: I Have an STD|Sludge Wave|p1a: Freyja
|-supereffective|p1a: Freyja
|-damage|p1a: Freyja|97\/314
|move|p1a: Freyja|Roost|p1a: Freyja
|-heal|p1a: Freyja|254\/314
|
|-damage|p2a: I Have an STD|64\/384 tox|[from] psn
|turn|18
|
|switch|p2a: Rouge|Crobat, M|373\/373
|-damage|p2a: Rouge|280\/373|[from] Stealth Rock
|switch|p1a: Hades|Shedinja|1\/1
|
|-heal|p2a: Rouge|303\/373|[from] item: Black Sludge
|turn|19
|
|switch|p1a: Serpentine|Zygarde|316\/404
|-ability|p1a: Serpentine|Aura Break
|move|p2a: Rouge|Brave Bird|p1a: Serpentine
|-damage|p1a: Serpentine|207\/404
|-damage|p2a: Rouge|267\/373|[from] recoil|[of] p1a: Serpentine
|
|-heal|p2a: Rouge|290\/373|[from] item: Black Sludge
|-heal|p1a: Serpentine|232\/404|[from] item: Leftovers
|turn|20
|
|move|p2a: Rouge|Brave Bird|p1a: Serpentine
|-damage|p1a: Serpentine|115\/404
|-damage|p2a: Rouge|251\/373|[from] recoil|[of] p1a: Serpentine
|move|p1a: Serpentine|Coil|p1a: Serpentine
|-boost|p1a: Serpentine|atk|1
|-boost|p1a: Serpentine|def|1
|-boost|p1a: Serpentine|accuracy|1
|
|-heal|p2a: Rouge|274\/373|[from] item: Black Sludge
|-heal|p1a: Serpentine|140\/404|[from] item: Leftovers
|turn|21
|
|move|p2a: Rouge|Brave Bird|p1a: Serpentine
|-damage|p1a: Serpentine|64\/404
|-damage|p2a: Rouge|249\/373|[from] recoil|[of] p1a: Serpentine
|move|p1a: Serpentine|Dragon Tail|p2a: Rouge
|-damage|p2a: Rouge|117\/373
|drag|p2a: Buck Bumble|Beedrill-Mega, M|204\/271
|-damage|p2a: Buck Bumble|137\/271|[from] Stealth Rock
|
|-heal|p1a: Serpentine|89\/404|[from] item: Leftovers
|turn|22
|
|move|p2a: Buck Bumble|U-turn|p1a: Serpentine
|-damage|p1a: Serpentine|0 fnt
|faint|p1a: Serpentine
|
|switch|p2a: Rouge|Crobat, M|117\/373
|-damage|p2a: Rouge|24\/373|[from] Stealth Rock
|
|-heal|p2a: Rouge|47\/373|[from] item: Black Sludge
|
|switch|p1a: Hades|Shedinja|1\/1
|turn|23
|
|move|p1a: Hades|Shadow Sneak|p2a: Rouge
|-damage|p2a: Rouge|0 fnt
|faint|p2a: Rouge
|
|c|âFurries are Weird|oh dear
|join|newfren
|
|switch|p2a: I Have an STD|Goodra, M|64\/384 tox
|-damage|p2a: I Have an STD|16\/384 tox|[from] Stealth Rock
|turn|24
|
|move|p1a: Hades|Shadow Sneak|p2a: I Have an STD
|-damage|p2a: I Have an STD|0 fnt
|faint|p2a: I Have an STD
|
|c| TestingNegro|damn
|c| TestingNegro|close one
|
|switch|p2a: Tai Fu|Raikou|262\/321
|-damage|p2a: Tai Fu|222\/321|[from] Stealth Rock
|-ability|p2a: Tai Fu|Pressure
|turn|25
|c| TestingNegro|omg
|c| newfren|pls knock off beedrill
|c| newfren|pls hp fire
|c|âFurries are Weird|I wish
|c|âBob the Senpai|shadow ball
|c| TestingNegro|dinja sweep
|c|âBob the Senpai|here
|
|switch|p1a: Freyja|Togetic, F|254\/314
|move|p2a: Tai Fu|Thunderbolt|p1a: Freyja
|-supereffective|p1a: Freyja
|-damage|p1a: Freyja|0 fnt
|faint|p1a: Freyja
|
|c| JohnOrigins|beedril would day to sneak anyway
|c| TestingNegro|oooooooooo
|c| newfren|scouting all day
|
|switch|p1a: Hades|Shedinja|1\/1
|turn|26
|c| TestingNegro|plays
|c|âFurries are Weird|lolol
|
|move|p2a: Tai Fu|Thunderbolt|p1a: Hades
|-activate|p1a: Hades|ability: Wonder Guard
|move|p1a: Hades|Swords Dance|p1a: Hades
|-boost|p1a: Hades|atk|2
|
|turn|27
|c| TestingNegro|o
|
|move|p2a: Tai Fu|Thunderbolt|p1a: Hades
|-activate|p1a: Hades|ability: Wonder Guard
|move|p1a: Hades|X-Scissor|p2a: Tai Fu
|-damage|p2a: Tai Fu|0 fnt
|faint|p2a: Tai Fu
|
|c| TestingNegro|no shadow ball?
|c|âFurries are Weird|nope
|c| TestingNegro|O_O
|c|âFurries are Weird|extrasensory
|c| TestingNegro|damn
|c| TestingNegro|dinja mvp
|c|âFurries are Weird|suprisingly I don't prep myself for shedinjas
|
|switch|p2a: Buck Bumble|Beedrill-Mega, M|137\/271
|-damage|p2a: Buck Bumble|70\/271|[from] Stealth Rock
|turn|28
|c| JohnOrigins|he has tackle to hit linoones
|
|move|p1a: Hades|Shadow Sneak|p2a: Buck Bumble
|-damage|p2a: Buck Bumble|0 fnt
|faint|p2a: Buck Bumble
|
|win|Bob the Senpai
|raw|Ladder updating...
|c|âFurries are Weird|gg
|raw|Bob the Senpai's rating: 1505 &rarr; <strong>1517<\/strong><br \/>(+12 for winning)
|raw|Furries are Weird's rating: 1359 &rarr; <strong>1347<\/strong><br \/>(-12 for losing)
|c|âBob the Senpai|gg