|join|Bob the Senpai
|join|FrothyCamelMilk101
|player|p1|Bob the Senpai|23
|player|p2|FrothyCamelMilk101|265
|gametype|singles
|gen|6
|tier|UU
|rated
|rule|Sleep Clause Mod: Limit one foe put to sleep
|rule|Species Clause: Limit one of each PokÃ©mon
|rule|OHKO Clause: OHKO moves are banned
|rule|Moody Clause: Moody is banned
|rule|Evasion Moves Clause: Evasion moves are banned
|rule|Endless Battle Clause: Forcing endless battles is banned
|rule|HP Percentage Mod: HP is shown in percentages
|clearpoke
|poke|p1|Shedinja
|poke|p1|Blissey, F
|poke|p1|Tentacruel, M
|poke|p1|Zygarde
|poke|p1|Aggron, M
|poke|p1|Togetic, M
|poke|p2|Diancie
|poke|p2|Suicune
|poke|p2|Jirachi
|poke|p2|Gallade, M
|poke|p2|Gastrodon, M
|poke|p2|Hydreigon, F
|rule|Swagger Clause: Swagger is banned
|rule|Baton Pass Clause: Limit one PokÃ©mon knowing Baton Pass
|teampreview
|
|start
|switch|p1a: Kraken|Tentacruel, M|364\/364
|switch|p2a: Gallade|Gallade, M|278\/278
|turn|1
|
|detailschange|p2a: Gallade|Gallade-Mega, M
|message|Gallade has Mega Evolved into Mega Gallade!
|move|p2a: Gallade|Zen Headbutt|p1a: Kraken
|-supereffective|p1a: Kraken
|-damage|p1a: Kraken|64\/364
|move|p1a: Kraken|Toxic|p2a: Gallade
|-status|p2a: Gallade|tox
|
|-heal|p1a: Kraken|86\/364|[from] item: Black Sludge
|-damage|p2a: Gallade|261\/278 tox|[from] psn
|turn|2
|
|switch|p1a: Freyja|Togetic, M|314\/314
|move|p2a: Gallade|Knock Off|p1a: Freyja
|-resisted|p1a: Freyja
|-damage|p1a: Freyja|279\/314
|-enditem|p1a: Freyja|Eviolite|[from] move: Knock Off|[of] p2a: Gallade
|
|-damage|p2a: Gallade|227\/278 tox|[from] psn
|turn|3
|join|ANGER MANAGEMENT
|
|move|p2a: Gallade|Zen Headbutt|p1a: Freyja
|-damage|p1a: Freyja|147\/314
|move|p1a: Freyja|Dazzling Gleam|p2a: Gallade
|-supereffective|p2a: Gallade
|-damage|p2a: Gallade|75\/278 tox
|
|-damage|p2a: Gallade|24\/278 tox|[from] psn
|turn|4
|
|move|p2a: Gallade|Zen Headbutt|p1a: Freyja
|-damage|p1a: Freyja|9\/314
|move|p1a: Freyja|Roost|p1a: Freyja
|-heal|p1a: Freyja|166\/314
|
|-damage|p2a: Gallade|0 fnt|[from] psn
|faint|p2a: Gallade
|
|switch|p2a: Jirachi|Jirachi|341\/341
|turn|5
|
|switch|p1a: Archilles|Aggron, M|344\/344
|move|p2a: Jirachi|Iron Head|p1a: Archilles
|-damage|p1a: Archilles|250\/344
|-damage|p2a: Jirachi|307\/341|[from] item: Life Orb
|
|turn|6
|
|detailschange|p1a: Archilles|Aggron-Mega, M
|message|Aggron has Mega Evolved into Mega Aggron!
|move|p2a: Jirachi|Body Slam|p1a: Archilles
|-resisted|p1a: Archilles
|-damage|p1a: Archilles|223\/344
|-damage|p2a: Jirachi|273\/341|[from] item: Life Orb
|move|p1a: Archilles|Stealth Rock|p2a: Jirachi
|-sidestart|p2: FrothyCamelMilk101|move: Stealth Rock
|
|turn|7
|c|âBob the Senpai|wut
|
|move|p2a: Jirachi|Body Slam|p1a: Archilles
|-resisted|p1a: Archilles
|-damage|p1a: Archilles|200\/344
|-damage|p2a: Jirachi|239\/341|[from] item: Life Orb
|move|p1a: Archilles|Heavy Slam|p2a: Jirachi
|-resisted|p2a: Jirachi
|-damage|p2a: Jirachi|145\/341
|
|turn|8
|
|move|p2a: Jirachi|Fire Punch|p1a: Archilles
|-supereffective|p1a: Archilles
|-damage|p1a: Archilles|132\/344
|-damage|p2a: Jirachi|111\/341|[from] item: Life Orb
|move|p1a: Archilles|Heavy Slam|p2a: Jirachi
|-resisted|p2a: Jirachi
|-damage|p2a: Jirachi|9\/341
|
|turn|9
|
|switch|p1a: Freyja|Togetic, M|166\/314
|move|p2a: Jirachi|Body Slam|p1a: Freyja
|-damage|p1a: Freyja|84\/314
|-status|p1a: Freyja|par
|-damage|p2a: Jirachi|0 fnt|[from] item: Life Orb
|faint|p2a: Jirachi
|
|
|switch|p2a: Suicune|Suicune|404\/404
|-damage|p2a: Suicune|354\/404|[from] Stealth Rock
|-ability|p2a: Suicune|Pressure
|turn|10
|
|switch|p1a: Venus|Blissey, F|714\/714
|move|p2a: Suicune|Calm Mind|p2a: Suicune
|-boost|p2a: Suicune|spa|1
|-boost|p2a: Suicune|spd|1
|
|-heal|p2a: Suicune|379\/404|[from] item: Leftovers
|turn|11
|
|move|p2a: Suicune|Scald|p1a: Venus
|-damage|p1a: Venus|614\/714
|-status|p1a: Venus|brn
|move|p1a: Venus|Wish|p1a: Venus
|
|-heal|p2a: Suicune|404\/404|[from] item: Leftovers
|-heal|p1a: Venus|658\/714 brn|[from] item: Leftovers
|-damage|p1a: Venus|569\/714 brn|[from] brn
|turn|12
|
|switch|p1a: Kraken|Tentacruel, M|86\/364
|move|p2a: Suicune|Calm Mind|p2a: Suicune
|-boost|p2a: Suicune|spa|1
|-boost|p2a: Suicune|spd|1
|
|-heal|p1a: Kraken|364\/364|[from] move: Wish|[wisher] Venus
|turn|13
|
|move|p1a: Kraken|Toxic Spikes|p2a: Suicune
|-sidestart|p2: FrothyCamelMilk101|move: Toxic Spikes
|move|p2a: Suicune|Calm Mind|p2a: Suicune
|-boost|p2a: Suicune|spa|1
|-boost|p2a: Suicune|spd|1
|
|turn|14
|
|move|p1a: Kraken|Toxic Spikes|p2a: Suicune
|-sidestart|p2: FrothyCamelMilk101|move: Toxic Spikes
|move|p2a: Suicune|Scald|p1a: Kraken
|-resisted|p1a: Kraken
|-damage|p1a: Kraken|271\/364
|
|-heal|p1a: Kraken|293\/364|[from] item: Black Sludge
|turn|15
|
|switch|p1a: Hades|Shedinja|1\/1
|move|p2a: Suicune|Scald|p1a: Hades
|-activate|p1a: Hades|ability: Wonder Guard
|
|turn|16
|
|switch|p2a: Diancie|Diancie|304\/304
|-damage|p2a: Diancie|266\/304|[from] Stealth Rock
|-status|p2a: Diancie|tox
|move|p1a: Hades|Will-O-Wisp|p2a: Diancie
|-fail|p2a: Diancie
|
|-heal|p2a: Diancie|285\/304 tox|[from] item: Leftovers
|-damage|p2a: Diancie|266\/304 tox|[from] psn
|turn|17
|
|switch|p1a: Venus|Blissey, F|569\/714
|move|p2a: Diancie|Stealth Rock|p1a: Venus
|-sidestart|p1: Bob the Senpai|move: Stealth Rock
|
|-heal|p1a: Venus|613\/714|[from] item: Leftovers
|-heal|p2a: Diancie|285\/304 tox|[from] item: Leftovers
|-damage|p2a: Diancie|247\/304 tox|[from] psn
|turn|18
|
|move|p1a: Venus|Wish|p1a: Venus
|move|p2a: Diancie|Diamond Storm|p1a: Venus
|-damage|p1a: Venus|393\/714
|
|-heal|p1a: Venus|437\/714|[from] item: Leftovers
|-heal|p2a: Diancie|266\/304 tox|[from] item: Leftovers
|-damage|p2a: Diancie|209\/304 tox|[from] psn
|turn|19
|
|move|p1a: Venus|Seismic Toss|p2a: Diancie
|-damage|p2a: Diancie|109\/304 tox
|move|p2a: Diancie|Diamond Storm|p1a: Venus
|-damage|p1a: Venus|215\/714
|-boost|p2a: Diancie|def|1
|
|-heal|p1a: Venus|572\/714|[from] move: Wish|[wisher] Venus
|-heal|p1a: Venus|616\/714|[from] item: Leftovers
|-heal|p2a: Diancie|128\/304 tox|[from] item: Leftovers
|-damage|p2a: Diancie|52\/304 tox|[from] psn
|turn|20
|
|move|p1a: Venus|Wish|p1a: Venus
|move|p2a: Diancie|Diamond Storm|p1a: Venus
|-crit|p1a: Venus
|-damage|p1a: Venus|304\/714
|
|-heal|p1a: Venus|348\/714|[from] item: Leftovers
|-heal|p2a: Diancie|71\/304 tox|[from] item: Leftovers
|-damage|p2a: Diancie|0 fnt|[from] psn
|faint|p2a: Diancie
|-message|FrothyCamelMilk101 forfeited.
|
|win|Bob the Senpai
|raw|Ladder updating...
|leave|FrothyCamelMilk101
|player|p2
|raw|Bob the Senpai's rating: 1457 &rarr; <strong>1466<\/strong><br \/>(+9 for winning)
|raw|FrothyCamelMilk101's rating: 1246 &rarr; <strong>1234<\/strong><br \/>(-12 for losing)