|join|plebian ruser
|join|Bob the Senpai
|player|p1|plebian ruser|1
|player|p2|Bob the Senpai|23
|gametype|singles
|gen|6
|tier|UU
|rated
|rule|Sleep Clause Mod: Limit one foe put to sleep
|rule|Species Clause: Limit one of each PokÃ©mon
|rule|OHKO Clause: OHKO moves are banned
|rule|Moody Clause: Moody is banned
|rule|Evasion Moves Clause: Evasion moves are banned
|rule|Endless Battle Clause: Forcing endless battles is banned
|rule|HP Percentage Mod: HP is shown in percentages
|clearpoke
|poke|p1|Darmanitan, F
|poke|p1|Hydreigon, F
|poke|p1|Espeon, F
|poke|p1|Jirachi
|poke|p1|Zygarde
|poke|p1|Aerodactyl, F
|poke|p2|Aromatisse, F
|poke|p2|Forretress, F
|poke|p2|Jellicent, M
|poke|p2|Diggersby, F
|poke|p2|Hydreigon, F
|poke|p2|Blissey, F
|rule|Swagger Clause: Swagger is banned
|rule|Baton Pass Clause: Limit one PokÃ©mon knowing Baton Pass
|teampreview
|
|start
|switch|p1a: Jirachi|Jirachi|404\/404
|switch|p2a: Hydreigon|Hydreigon, F|325\/325
|turn|1
|
|switch|p2a: Forretress|Forretress, F|354\/354
|move|p1a: Jirachi|Stealth Rock|p2a: Forretress
|-sidestart|p2: Bob the Senpai|move: Stealth Rock
|
|turn|2
|
|move|p1a: Jirachi|Iron Head|p2a: Forretress
|-resisted|p2a: Forretress
|-damage|p2a: Forretress|328\/354
|cant|p2a: Forretress|flinch
|
|-heal|p2a: Forretress|350\/354|[from] item: Leftovers
|turn|3
|
|move|p1a: Jirachi|U-turn|p2a: Forretress
|-resisted|p2a: Forretress
|-damage|p2a: Forretress|333\/354
|
|switch|p1a: Darmanitan|Darmanitan, F|351\/351
|move|p2a: Forretress|Rapid Spin|p1a: Darmanitan
|-damage|p1a: Darmanitan|327\/351
|-sideend|p2: Bob the Senpai|Stealth Rock|[from] move: Rapid Spin|[of] p2a: Forretress
|
|-heal|p2a: Forretress|354\/354|[from] item: Leftovers
|turn|4
|
|switch|p2a: Jellicent|Jellicent, M|393\/393
|move|p1a: Darmanitan|Flare Blitz|p2a: Jellicent
|-resisted|p2a: Jellicent
|-damage|p2a: Jellicent|198\/393
|-damage|p1a: Darmanitan|263\/351|[from] recoil|[of] p2a: Jellicent
|
|-heal|p2a: Jellicent|222\/393|[from] item: Leftovers
|turn|5
|
|switch|p1a: Hydreigon|Hydreigon, F|325\/325
|move|p2a: Jellicent|Recover|p2a: Jellicent
|-heal|p2a: Jellicent|393\/393
|
|turn|6
|
|switch|p2a: Aromatisse|Aromatisse, F|406\/406
|move|p1a: Hydreigon|U-turn|p2a: Aromatisse
|-resisted|p2a: Aromatisse
|-damage|p2a: Aromatisse|383\/406
|
|switch|p1a: Jirachi|Jirachi|404\/404
|
|-heal|p2a: Aromatisse|406\/406|[from] item: Leftovers
|turn|7
|
|switch|p2a: Forretress|Forretress, F|354\/354
|move|p1a: Jirachi|Stealth Rock|p2a: Forretress
|-sidestart|p2: Bob the Senpai|move: Stealth Rock
|
|turn|8
|
|move|p1a: Jirachi|Iron Head|p2a: Forretress
|-resisted|p2a: Forretress
|-damage|p2a: Forretress|326\/354
|cant|p2a: Forretress|flinch
|
|-heal|p2a: Forretress|348\/354|[from] item: Leftovers
|turn|9
|
|move|p1a: Jirachi|U-turn|p2a: Forretress
|-crit|p2a: Forretress
|-resisted|p2a: Forretress
|-damage|p2a: Forretress|325\/354
|
|switch|p1a: Darmanitan|Darmanitan, F|263\/351
|move|p2a: Forretress|Stealth Rock|p1a: Darmanitan
|-sidestart|p1: plebian ruser|move: Stealth Rock
|
|-heal|p2a: Forretress|347\/354|[from] item: Leftovers
|turn|10
|
|switch|p2a: Jellicent|Jellicent, M|393\/393
|-damage|p2a: Jellicent|344\/393|[from] Stealth Rock
|move|p1a: Darmanitan|Flare Blitz|p2a: Jellicent
|-crit|p2a: Jellicent
|-resisted|p2a: Jellicent
|-damage|p2a: Jellicent|23\/393
|-damage|p1a: Darmanitan|157\/351|[from] recoil|[of] p2a: Jellicent
|
|-heal|p2a: Jellicent|47\/393|[from] item: Leftovers
|turn|11
|
|switch|p2a: Blissey|Blissey, F|714\/714
|-damage|p2a: Blissey|625\/714|[from] Stealth Rock
|move|p1a: Darmanitan|Flare Blitz|p2a: Blissey
|-damage|p2a: Blissey|0 fnt
|-damage|p1a: Darmanitan|0 fnt|[from] recoil|[of] p2a: Blissey
|faint|p2a: Blissey
|faint|p1a: Darmanitan
|
|
|switch|p2a: Hydreigon|Hydreigon, F|325\/325
|-damage|p2a: Hydreigon|285\/325|[from] Stealth Rock
|switch|p1a: Hydreigon|Hydreigon, F|325\/325
|-damage|p1a: Hydreigon|285\/325|[from] Stealth Rock
|turn|12
|
|switch|p1a: Jirachi|Jirachi|404\/404
|-damage|p1a: Jirachi|379\/404|[from] Stealth Rock
|move|p2a: Hydreigon|Draco Meteor|p1a: Jirachi
|-resisted|p1a: Jirachi
|-damage|p1a: Jirachi|298\/404
|-unboost|p2a: Hydreigon|spa|2
|
|-heal|p1a: Jirachi|323\/404|[from] item: Leftovers
|turn|13
|
|switch|p2a: Forretress|Forretress, F|347\/354
|-damage|p2a: Forretress|303\/354|[from] Stealth Rock
|move|p1a: Jirachi|U-turn|p2a: Forretress
|-resisted|p2a: Forretress
|-damage|p2a: Forretress|288\/354
|
|switch|p1a: Hydreigon|Hydreigon, F|285\/325
|-damage|p1a: Hydreigon|245\/325|[from] Stealth Rock
|
|-heal|p2a: Forretress|310\/354|[from] item: Leftovers
|turn|14
|
|switch|p2a: Aromatisse|Aromatisse, F|406\/406
|-damage|p2a: Aromatisse|356\/406|[from] Stealth Rock
|move|p1a: Hydreigon|Flash Cannon|p2a: Aromatisse
|-supereffective|p2a: Aromatisse
|-damage|p2a: Aromatisse|54\/406
|
|-heal|p2a: Aromatisse|79\/406|[from] item: Leftovers
|turn|15
|
|move|p2a: Aromatisse|Protect|p2a: Aromatisse
|-singleturn|p2a: Aromatisse|Protect
|move|p1a: Hydreigon|Flash Cannon|p2a: Aromatisse
|-activate|p2a: Aromatisse|Protect
|
|-heal|p2a: Aromatisse|104\/406|[from] item: Leftovers
|turn|16
|
|switch|p2a: Forretress|Forretress, F|310\/354
|-damage|p2a: Forretress|266\/354|[from] Stealth Rock
|move|p1a: Hydreigon|Flash Cannon|p2a: Forretress
|-resisted|p2a: Forretress
|-damage|p2a: Forretress|160\/354
|
|-heal|p2a: Forretress|182\/354|[from] item: Leftovers
|turn|17
|
|switch|p1a: Zygarde|Zygarde|404\/404
|-damage|p1a: Zygarde|379\/404|[from] Stealth Rock
|-ability|p1a: Zygarde|Aura Break
|move|p2a: Forretress|Rapid Spin|p1a: Zygarde
|-damage|p1a: Zygarde|368\/404
|-sideend|p2: Bob the Senpai|Stealth Rock|[from] move: Rapid Spin|[of] p2a: Forretress
|
|-heal|p1a: Zygarde|393\/404|[from] item: Leftovers
|-heal|p2a: Forretress|204\/354|[from] item: Leftovers
|turn|18
|
|switch|p2a: Aromatisse|Aromatisse, F|104\/406
|move|p1a: Zygarde|Substitute|p1a: Zygarde
|-start|p1a: Zygarde|Substitute
|-damage|p1a: Zygarde|292\/404
|
|-heal|p1a: Zygarde|317\/404|[from] item: Leftovers
|-heal|p2a: Aromatisse|129\/406|[from] item: Leftovers
|turn|19
|
|move|p1a: Zygarde|Coil|p1a: Zygarde
|-boost|p1a: Zygarde|atk|1
|-boost|p1a: Zygarde|def|1
|-boost|p1a: Zygarde|accuracy|1
|move|p2a: Aromatisse|Wish|p2a: Aromatisse
|
|-heal|p1a: Zygarde|342\/404|[from] item: Leftovers
|-heal|p2a: Aromatisse|154\/406|[from] item: Leftovers
|turn|20
|
|move|p1a: Zygarde|Earthquake|p2a: Aromatisse
|-damage|p2a: Aromatisse|0 fnt
|faint|p2a: Aromatisse
|
|-heal|p1a: Zygarde|367\/404|[from] item: Leftovers
|
|switch|p2a: Diggersby|Diggersby, F|312\/312
|turn|21
|
|move|p2a: Diggersby|Return|p1a: Zygarde
|-end|p1a: Zygarde|Substitute
|move|p1a: Zygarde|Earthquake|p2a: Diggersby
|-damage|p2a: Diggersby|54\/312
|
|-heal|p1a: Zygarde|392\/404|[from] item: Leftovers
|turn|22
|
|move|p1a: Zygarde|Extreme Speed|p2a: Diggersby
|-damage|p2a: Diggersby|0 fnt
|faint|p2a: Diggersby
|
|-heal|p1a: Zygarde|404\/404|[from] item: Leftovers
|
|switch|p2a: Hydreigon|Hydreigon, F|285\/325
|turn|23
|
|switch|p1a: Jirachi|Jirachi|323\/404
|-damage|p1a: Jirachi|298\/404|[from] Stealth Rock
|move|p2a: Hydreigon|Draco Meteor|p1a: Jirachi
|-resisted|p1a: Jirachi
|-damage|p1a: Jirachi|213\/404
|-unboost|p2a: Hydreigon|spa|2
|
|-heal|p1a: Jirachi|238\/404|[from] item: Leftovers
|turn|24
|
|switch|p2a: Jellicent|Jellicent, M|47\/393
|move|p1a: Jirachi|U-turn|p2a: Jellicent
|-resisted|p2a: Jellicent
|-damage|p2a: Jellicent|22\/393
|
|switch|p1a: Hydreigon|Hydreigon, F|245\/325
|-damage|p1a: Hydreigon|205\/325|[from] Stealth Rock
|
|-heal|p2a: Jellicent|46\/393|[from] item: Leftovers
|turn|25
|
|move|p1a: Hydreigon|Draco Meteor|p2a: Jellicent
|-damage|p2a: Jellicent|0 fnt
|-unboost|p1a: Hydreigon|spa|2
|faint|p2a: Jellicent
|
|
|switch|p2a: Forretress|Forretress, F|204\/354
|turn|26
|
|switch|p1a: Zygarde|Zygarde|404\/404
|-damage|p1a: Zygarde|379\/404|[from] Stealth Rock
|-ability|p1a: Zygarde|Aura Break
|move|p2a: Forretress|Toxic|p1a: Zygarde
|-status|p1a: Zygarde|tox
|
|-heal|p1a: Zygarde|404\/404 tox|[from] item: Leftovers
|-heal|p2a: Forretress|226\/354|[from] item: Leftovers
|-damage|p1a: Zygarde|379\/404 tox|[from] psn
|turn|27
|
|move|p1a: Zygarde|Coil|p1a: Zygarde
|-boost|p1a: Zygarde|atk|1
|-boost|p1a: Zygarde|def|1
|-boost|p1a: Zygarde|accuracy|1
|move|p2a: Forretress|Volt Switch|p1a: Zygarde
|-immune|p1a: Zygarde|[msg]
|
|-heal|p1a: Zygarde|404\/404 tox|[from] item: Leftovers
|-heal|p2a: Forretress|248\/354|[from] item: Leftovers
|-damage|p1a: Zygarde|354\/404 tox|[from] psn
|turn|28
|
|move|p1a: Zygarde|Earthquake|p2a: Forretress
|-damage|p2a: Forretress|130\/354
|move|p2a: Forretress|Volt Switch|p1a: Zygarde
|-immune|p1a: Zygarde|[msg]
|
|-heal|p1a: Zygarde|379\/404 tox|[from] item: Leftovers
|-heal|p2a: Forretress|152\/354|[from] item: Leftovers
|-damage|p1a: Zygarde|304\/404 tox|[from] psn
|turn|29
|
|switch|p2a: Hydreigon|Hydreigon, F|285\/325
|move|p1a: Zygarde|Extreme Speed|p2a: Hydreigon
|-damage|p2a: Hydreigon|162\/325
|
|-heal|p1a: Zygarde|329\/404 tox|[from] item: Leftovers
|-damage|p1a: Zygarde|229\/404 tox|[from] psn
|turn|30
|
|move|p1a: Zygarde|Extreme Speed|p2a: Hydreigon
|-damage|p2a: Hydreigon|20\/325
|move|p2a: Hydreigon|Dark Pulse|p1a: Zygarde
|-damage|p1a: Zygarde|96\/404 tox
|
|-heal|p1a: Zygarde|121\/404 tox|[from] item: Leftovers
|-damage|p1a: Zygarde|0 fnt|[from] psn
|faint|p1a: Zygarde
|
|switch|p1a: Hydreigon|Hydreigon, F|205\/325
|-damage|p1a: Hydreigon|165\/325|[from] Stealth Rock
|turn|31
|
|move|p2a: Hydreigon|Dark Pulse|p1a: Hydreigon
|-resisted|p1a: Hydreigon
|-damage|p1a: Hydreigon|83\/325
|cant|p1a: Hydreigon|flinch
|
|turn|32
|
|move|p2a: Hydreigon|Dark Pulse|p1a: Hydreigon
|-resisted|p1a: Hydreigon
|-damage|p1a: Hydreigon|11\/325
|move|p1a: Hydreigon|Dark Pulse|p2a: Hydreigon
|-resisted|p2a: Hydreigon
|-damage|p2a: Hydreigon|0 fnt
|faint|p2a: Hydreigon
|
|
|switch|p2a: Forretress|Forretress, F|152\/354
|turn|33
|
|move|p1a: Hydreigon|Dark Pulse|p2a: Forretress
|-damage|p2a: Forretress|0 fnt
|faint|p2a: Forretress
|
|win|plebian ruser
|raw|Ladder updating...
|raw|plebian ruser's rating: 1597 &rarr; <strong>1607<\/strong><br \/>(+10 for winning)
|raw|Bob the Senpai's rating: 1413 &rarr; <strong>1403<\/strong><br \/>(-10 for losing)