|join|Bob the Senpai
|join|Mike_Swole
|player|p1|Bob the Senpai|23
|player|p2|Mike_Swole|151
|gametype|singles
|gen|6
|tier|UU
|rated
|rule|Sleep Clause Mod: Limit one foe put to sleep
|rule|Species Clause: Limit one of each PokÃ©mon
|rule|OHKO Clause: OHKO moves are banned
|rule|Moody Clause: Moody is banned
|rule|Evasion Moves Clause: Evasion moves are banned
|rule|Endless Battle Clause: Forcing endless battles is banned
|rule|HP Percentage Mod: HP is shown in percentages
|clearpoke
|poke|p1|Shedinja
|poke|p1|Blissey, F
|poke|p1|Tentacruel, M
|poke|p1|Zygarde
|poke|p1|Aggron, F
|poke|p1|Togetic, F
|poke|p2|Donphan, F, shiny
|poke|p2|Empoleon, F, shiny
|poke|p2|Machamp, M, shiny
|poke|p2|Sceptile, M, shiny
|poke|p2|Honchkrow, M, shiny
|poke|p2|Nidoqueen, F, shiny
|rule|Swagger Clause: Swagger is banned
|rule|Baton Pass Clause: Limit one PokÃ©mon knowing Baton Pass
|teampreview
|
|start
|switch|p1a: Archilles|Aggron, F|344\/344
|switch|p2a: Donphan|Donphan, F, shiny|384\/384
|turn|1
|
|detailschange|p1a: Archilles|Aggron-Mega, F
|message|Aggron has Mega Evolved into Mega Aggron!
|move|p1a: Archilles|Toxic|p2a: Donphan
|-status|p2a: Donphan|tox
|move|p2a: Donphan|Stealth Rock|p1a: Archilles
|-sidestart|p1: Bob the Senpai|move: Stealth Rock
|
|-damage|p2a: Donphan|360\/384 tox|[from] psn
|turn|2
|
|switch|p1a: Freyja|Togetic, F|314\/314
|-damage|p1a: Freyja|236\/314|[from] Stealth Rock
|move|p2a: Donphan|Earthquake|p1a: Freyja
|-immune|p1a: Freyja|[msg]
|
|-heal|p2a: Donphan|384\/384 tox|[from] item: Leftovers
|-damage|p2a: Donphan|336\/384 tox|[from] psn
|turn|3
|
|switch|p2a: Empoleon|Empoleon, F, shiny|372\/372
|move|p1a: Freyja|Defog|p2a: Empoleon
|-unboost|p2a: Empoleon|evasion|1
|-sideend|p1: Bob the Senpai|Stealth Rock|[from] move: Defog|[of] p1a: Freyja
|
|turn|4
|
|switch|p1a: Kraken|Tentacruel, M|364\/364
|move|p2a: Empoleon|Scald|p1a: Kraken
|-resisted|p1a: Kraken
|-damage|p1a: Kraken|306\/364
|
|-heal|p1a: Kraken|328\/364|[from] item: Black Sludge
|turn|5
|
|switch|p2a: Machamp|Machamp, M, shiny|384\/384
|move|p1a: Kraken|Scald|p2a: Machamp
|-damage|p2a: Machamp|324\/384
|
|-heal|p1a: Kraken|350\/364|[from] item: Black Sludge
|turn|6
|
|switch|p1a: Archilles|Aggron-Mega, F|344\/344
|move|p2a: Machamp|Knock Off|p1a: Archilles
|-damage|p1a: Archilles|301\/344
|
|turn|7
|
|switch|p2a: Donphan|Donphan, F, shiny|336\/384 tox
|move|p1a: Archilles|Stealth Rock|p2a: Donphan
|-sidestart|p2: Mike_Swole|move: Stealth Rock
|
|-heal|p2a: Donphan|360\/384 tox|[from] item: Leftovers
|-damage|p2a: Donphan|336\/384 tox|[from] psn
|turn|8
|
|switch|p1a: Freyja|Togetic, F|236\/314
|move|p2a: Donphan|Stealth Rock|p1a: Freyja
|-sidestart|p1: Bob the Senpai|move: Stealth Rock
|
|-heal|p2a: Donphan|360\/384 tox|[from] item: Leftovers
|-damage|p2a: Donphan|312\/384 tox|[from] psn
|turn|9
|
|move|p2a: Donphan|Knock Off|p1a: Freyja
|-resisted|p1a: Freyja
|-damage|p1a: Freyja|204\/314
|-enditem|p1a: Freyja|Eviolite|[from] move: Knock Off|[of] p2a: Donphan
|move|p1a: Freyja|Dazzling Gleam|p2a: Donphan
|-damage|p2a: Donphan|188\/384 tox
|
|-heal|p2a: Donphan|212\/384 tox|[from] item: Leftovers
|-damage|p2a: Donphan|140\/384 tox|[from] psn
|turn|10
|
|move|p2a: Donphan|Ice Shard|p1a: Freyja
|-supereffective|p1a: Freyja
|-damage|p1a: Freyja|124\/314
|move|p1a: Freyja|Roost|p1a: Freyja
|-heal|p1a: Freyja|281\/314
|
|-heal|p2a: Donphan|164\/384 tox|[from] item: Leftovers
|-damage|p2a: Donphan|68\/384 tox|[from] psn
|turn|11
|
|switch|p2a: Empoleon|Empoleon, F, shiny|372\/372
|-damage|p2a: Empoleon|349\/372|[from] Stealth Rock
|move|p1a: Freyja|Defog|p2a: Empoleon
|-unboost|p2a: Empoleon|evasion|1
|-sideend|p2: Mike_Swole|Stealth Rock|[from] move: Defog|[of] p2a: Empoleon
|-sideend|p1: Bob the Senpai|Stealth Rock|[from] move: Defog|[of] p1a: Freyja
|
|-heal|p2a: Empoleon|372\/372|[from] item: Leftovers
|turn|12
|
|switch|p1a: Venus|Blissey, F|714\/714
|move|p2a: Empoleon|Scald|p1a: Venus
|-damage|p1a: Venus|612\/714
|
|-heal|p1a: Venus|656\/714|[from] item: Leftovers
|turn|13
|
|move|p2a: Empoleon|Scald|p1a: Venus
|-damage|p1a: Venus|556\/714
|-status|p1a: Venus|brn
|move|p1a: Venus|Wish|p1a: Venus
|
|-heal|p1a: Venus|600\/714 brn|[from] item: Leftovers
|-damage|p1a: Venus|511\/714 brn|[from] brn
|turn|14
|
|move|p2a: Empoleon|Scald|p1a: Venus
|-damage|p1a: Venus|394\/714 brn
|move|p1a: Venus|Seismic Toss|p2a: Empoleon
|-damage|p2a: Empoleon|272\/372
|
|-heal|p1a: Venus|714\/714 brn|[from] move: Wish|[wisher] Venus
|-heal|p2a: Empoleon|295\/372|[from] item: Leftovers
|-damage|p1a: Venus|625\/714 brn|[from] brn
|turn|15
|
|switch|p2a: Donphan|Donphan, F, shiny|68\/384 tox
|move|p1a: Venus|Seismic Toss|p2a: Donphan
|-damage|p2a: Donphan|0 fnt
|faint|p2a: Donphan
|
|-heal|p1a: Venus|669\/714 brn|[from] item: Leftovers
|-damage|p1a: Venus|580\/714 brn|[from] brn
|
|switch|p2a: Machamp|Machamp, M, shiny|324\/384
|turn|16
|
|switch|p1a: Kraken|Tentacruel, M|350\/364
|move|p2a: Machamp|Ice Punch|p1a: Kraken
|-resisted|p1a: Kraken
|-damage|p1a: Kraken|308\/364
|
|-heal|p1a: Kraken|330\/364|[from] item: Black Sludge
|turn|17
|
|move|p1a: Kraken|Scald|p2a: Machamp
|-damage|p2a: Machamp|269\/384
|move|p2a: Machamp|Earthquake|p1a: Kraken
|-supereffective|p1a: Kraken
|-damage|p1a: Kraken|102\/364
|
|-heal|p1a: Kraken|124\/364|[from] item: Black Sludge
|turn|18
|
|move|p1a: Kraken|Toxic|p2a: Machamp
|-status|p2a: Machamp|tox
|move|p2a: Machamp|Earthquake|p1a: Kraken
|-supereffective|p1a: Kraken
|-damage|p1a: Kraken|0 fnt
|faint|p1a: Kraken
|
|-damage|p2a: Machamp|245\/384 tox|[from] psn
|
|switch|p1a: Archilles|Aggron-Mega, F|301\/344
|turn|19
|
|switch|p1a: Hades|Shedinja|1\/1
|move|p2a: Machamp|Close Combat|p1a: Hades
|-immune|p1a: Hades|[msg]
|
|-damage|p2a: Machamp|197\/384 tox|[from] psn
|turn|20
|
|switch|p1a: Freyja|Togetic, F|281\/314
|switch|p2a: Empoleon|Empoleon, F, shiny|295\/372
|
|-heal|p2a: Empoleon|318\/372|[from] item: Leftovers
|turn|21
|
|switch|p1a: Venus|Blissey, F|580\/714
|move|p2a: Empoleon|Ice Beam|p1a: Venus
|-damage|p1a: Venus|495\/714
|
|-heal|p2a: Empoleon|341\/372|[from] item: Leftovers
|-heal|p1a: Venus|539\/714|[from] item: Leftovers
|turn|22
|
|move|p2a: Empoleon|Scald|p1a: Venus
|-damage|p1a: Venus|427\/714
|-status|p1a: Venus|brn
|move|p1a: Venus|Wish|p1a: Venus
|
|-heal|p2a: Empoleon|364\/372|[from] item: Leftovers
|-heal|p1a: Venus|471\/714 brn|[from] item: Leftovers
|-damage|p1a: Venus|382\/714 brn|[from] brn
|turn|23
|
|move|p1a: Venus|Seismic Toss|p2a: Empoleon
|-damage|p2a: Empoleon|264\/372
|move|p2a: Empoleon|Roar|p1a: Venus
|drag|p1a: Hades|Shedinja|1\/1
|
|-heal|p2a: Empoleon|287\/372|[from] item: Leftovers
|turn|24
|
|switch|p1a: Venus|Blissey, F|382\/714
|switch|p2a: Honchkrow|Honchkrow, M, shiny|404\/404
|
|-heal|p1a: Venus|426\/714|[from] item: Leftovers
|turn|25
|
|move|p1a: Venus|Protect|p1a: Venus
|-singleturn|p1a: Venus|Protect
|move|p2a: Honchkrow|Pursuit|p1a: Venus
|-activate|p1a: Venus|Protect
|
|-heal|p1a: Venus|470\/714|[from] item: Leftovers
|turn|26
|
|switch|p1a: Archilles|Aggron-Mega, F|301\/344
|move|p2a: Honchkrow|Brave Bird|p1a: Archilles
|-resisted|p1a: Archilles
|-damage|p1a: Archilles|242\/344
|-damage|p2a: Honchkrow|385\/404|[from] recoil|[of] p1a: Archilles
|
|turn|27
|
|switch|p2a: Empoleon|Empoleon, F, shiny|287\/372
|move|p1a: Archilles|Heavy Slam|p2a: Empoleon
|-resisted|p2a: Empoleon
|-damage|p2a: Empoleon|244\/372
|
|-heal|p2a: Empoleon|267\/372|[from] item: Leftovers
|turn|28
|
|move|p1a: Archilles|Stealth Rock|p2a: Empoleon
|-sidestart|p2: Mike_Swole|move: Stealth Rock
|move|p2a: Empoleon|Roar|p1a: Archilles
|drag|p1a: Freyja|Togetic, F|281\/314
|
|-heal|p2a: Empoleon|290\/372|[from] item: Leftovers
|turn|29
|
|switch|p1a: Hades|Shedinja|1\/1
|move|p2a: Empoleon|Defog|p1a: Hades
|-unboost|p1a: Hades|evasion|1
|-sideend|p2: Mike_Swole|Stealth Rock|[from] move: Defog|[of] p2a: Empoleon
|
|-heal|p2a: Empoleon|313\/372|[from] item: Leftovers
|turn|30
|
|move|p1a: Hades|X-Scissor|p2a: Empoleon
|-resisted|p2a: Empoleon
|-damage|p2a: Empoleon|248\/372
|move|p2a: Empoleon|Ice Beam|p1a: Hades
|-activate|p1a: Hades|ability: Wonder Guard
|
|-heal|p2a: Empoleon|271\/372|[from] item: Leftovers
|turn|31
|
|move|p1a: Hades|X-Scissor|p2a: Empoleon
|-resisted|p2a: Empoleon
|-damage|p2a: Empoleon|202\/372
|move|p2a: Empoleon|Roar|p1a: Hades
|drag|p1a: Archilles|Aggron-Mega, F|242\/344
|
|-heal|p2a: Empoleon|225\/372|[from] item: Leftovers
|turn|32
|
|switch|p1a: Hades|Shedinja|1\/1
|move|p2a: Empoleon|Scald|p1a: Hades
|-activate|p1a: Hades|ability: Wonder Guard
|
|-heal|p2a: Empoleon|248\/372|[from] item: Leftovers
|turn|33
|
|switch|p2a: Nidoqueen|Nidoqueen, F, shiny|384\/384
|-item|p2a: Nidoqueen|Air Balloon
|move|p1a: Hades|X-Scissor|p2a: Nidoqueen
|-resisted|p2a: Nidoqueen
|-damage|p2a: Nidoqueen|318\/384
|-enditem|p2a: Nidoqueen|Air Balloon
|
|turn|34
|
|switch|p1a: Venus|Blissey, F|470\/714
|move|p2a: Nidoqueen|Flamethrower|p1a: Venus
|-damage|p1a: Venus|385\/714
|
|-heal|p1a: Venus|429\/714|[from] item: Leftovers
|turn|35
|
|move|p2a: Nidoqueen|Sludge Wave|p1a: Venus
|-damage|p1a: Venus|302\/714
|move|p1a: Venus|Wish|p1a: Venus
|
|-heal|p1a: Venus|346\/714|[from] item: Leftovers
|turn|36
|
|switch|p2a: Machamp|Machamp, M, shiny|197\/384 tox
|move|p1a: Venus|Seismic Toss|p2a: Machamp
|-damage|p2a: Machamp|97\/384 tox
|
|-heal|p1a: Venus|703\/714|[from] move: Wish|[wisher] Venus
|-heal|p1a: Venus|714\/714|[from] item: Leftovers
|-damage|p2a: Machamp|73\/384 tox|[from] psn
|turn|37
|
|move|p1a: Venus|Protect|p1a: Venus
|-singleturn|p1a: Venus|Protect
|move|p2a: Machamp|Knock Off|p1a: Venus
|-activate|p1a: Venus|Protect
|
|-damage|p2a: Machamp|25\/384 tox|[from] psn
|turn|38
|
|switch|p1a: Freyja|Togetic, F|281\/314
|move|p2a: Machamp|Close Combat|p1a: Freyja
|-resisted|p1a: Freyja
|-damage|p1a: Freyja|209\/314
|-unboost|p2a: Machamp|def|1
|-unboost|p2a: Machamp|spd|1
|
|-damage|p2a: Machamp|0 fnt|[from] psn
|faint|p2a: Machamp
|
|switch|p2a: Sceptile|Sceptile, M, shiny|281\/281
|turn|39
|
|detailschange|p2a: Sceptile|Sceptile-Mega, M, shiny
|message|Sceptile has Mega Evolved into Mega Sceptile!
|move|p2a: Sceptile|Iron Tail|p1a: Freyja
|-supereffective|p1a: Freyja
|-damage|p1a: Freyja|73\/314
|move|p1a: Freyja|Dazzling Gleam|p2a: Sceptile
|-supereffective|p2a: Sceptile
|-damage|p2a: Sceptile|101\/281
|
|turn|40
|
|switch|p1a: Archilles|Aggron-Mega, F|242\/344
|move|p2a: Sceptile|Giga Drain|p1a: Archilles
|-resisted|p1a: Archilles
|-damage|p1a: Archilles|181\/344
|-heal|p2a: Sceptile|132\/281|[from] drain|[of] p1a: Archilles
|
|turn|41
|
|switch|p2a: Empoleon|Empoleon, F, shiny|248\/372
|switch|p1a: Freyja|Togetic, F|73\/314
|
|-heal|p2a: Empoleon|271\/372|[from] item: Leftovers
|turn|42
|
|switch|p1a: Hades|Shedinja|1\/1
|move|p2a: Empoleon|Ice Beam|p1a: Hades
|-activate|p1a: Hades|ability: Wonder Guard
|
|-heal|p2a: Empoleon|294\/372|[from] item: Leftovers
|turn|43
|
|move|p1a: Hades|X-Scissor|p2a: Empoleon
|-resisted|p2a: Empoleon
|-damage|p2a: Empoleon|223\/372
|move|p2a: Empoleon|Roar|p1a: Hades
|drag|p1a: Serpentine|Zygarde|404\/404
|-ability|p1a: Serpentine|Aura Break
|
|-heal|p2a: Empoleon|246\/372|[from] item: Leftovers
|turn|44
|
|switch|p2a: Honchkrow|Honchkrow, M, shiny|385\/404
|move|p1a: Serpentine|Earthquake|p2a: Honchkrow
|-immune|p2a: Honchkrow|[msg]
|
|turn|45
|
|switch|p2a: Empoleon|Empoleon, F, shiny|246\/372
|move|p1a: Serpentine|Coil|p1a: Serpentine
|-boost|p1a: Serpentine|atk|1
|-boost|p1a: Serpentine|def|1
|-boost|p1a: Serpentine|accuracy|1
|
|-heal|p2a: Empoleon|269\/372|[from] item: Leftovers
|turn|46
|
|move|p1a: Serpentine|Earthquake|p2a: Empoleon
|-supereffective|p2a: Empoleon
|-damage|p2a: Empoleon|0 fnt
|faint|p2a: Empoleon
|
|
|switch|p2a: Sceptile|Sceptile-Mega, M, shiny|132\/281
|turn|47
|
|move|p2a: Sceptile|Dragon Pulse|p1a: Serpentine
|-supereffective|p1a: Serpentine
|-damage|p1a: Serpentine|174\/404
|move|p1a: Serpentine|Dragon Tail|p2a: Sceptile
|-supereffective|p2a: Sceptile
|-damage|p2a: Sceptile|0 fnt
|faint|p2a: Sceptile
|
|-heal|p1a: Serpentine|199\/404|[from] item: Leftovers
|
|switch|p2a: Nidoqueen|Nidoqueen, F, shiny|318\/384
|turn|48
|
|move|p1a: Serpentine|Earthquake|p2a: Nidoqueen
|-supereffective|p2a: Nidoqueen
|-damage|p2a: Nidoqueen|0 fnt
|faint|p2a: Nidoqueen
|
|-heal|p1a: Serpentine|224\/404|[from] item: Leftovers
|-message|Mike_Swole forfeited.
|
|win|Bob the Senpai
|raw|Ladder updating...
|leave|Mike_Swole
|player|p2
|raw|Bob the Senpai's rating: 1524 &rarr; <strong>1532<\/strong><br \/>(+8 for winning)
|raw|Mike_Swole's rating: 1263 &rarr; <strong>1254<\/strong><br \/>(-9 for losing)
|leave|Bob the Senpai
|player|p1
|join|Bob the Senpai