|join|Gritzbrownz
|join|Bob the Senpai
|player|p1|Gritzbrownz|214
|player|p2|Bob the Senpai|23
|gametype|singles
|gen|6
|tier|UU
|rated
|rule|Sleep Clause Mod: Limit one foe put to sleep
|rule|Species Clause: Limit one of each PokÃ©mon
|rule|OHKO Clause: OHKO moves are banned
|rule|Moody Clause: Moody is banned
|rule|Evasion Moves Clause: Evasion moves are banned
|rule|Endless Battle Clause: Forcing endless battles is banned
|rule|HP Percentage Mod: HP is shown in percentages
|clearpoke
|poke|p1|Lopunny, F
|poke|p1|Darmanitan, M
|poke|p1|Shiftry, F
|poke|p1|Mantine, F
|poke|p1|Donphan, F
|poke|p1|Espeon, M
|poke|p2|Shedinja
|poke|p2|Blissey, F
|poke|p2|Tentacruel, F
|poke|p2|Zygarde
|poke|p2|Aggron, M
|poke|p2|Togetic, M
|rule|Swagger Clause: Swagger is banned
|rule|Baton Pass Clause: Limit one PokÃ©mon knowing Baton Pass
|teampreview
|join|meowiekins
|c|âBob the Senpai|defog mantine tho
|c| meowiekins|no
|c| meowiekins|defog shiftry
|c| meowiekins|obv
|join|watfor
|c|âBob the Senpai|triple hazard removal imo
|c| meowiekins|and magic bounce
|
|start
|switch|p1a: Donphan|Donphan, F|384\/384
|switch|p2a: Kraken|Tentacruel, F|364\/364
|turn|1
|
|move|p2a: Kraken|Scald|p1a: Donphan
|-supereffective|p1a: Donphan
|-damage|p1a: Donphan|162\/384
|move|p1a: Donphan|Stealth Rock|p2a: Kraken
|-sidestart|p2: Bob the Senpai|move: Stealth Rock
|
|-heal|p1a: Donphan|186\/384|[from] item: Leftovers
|turn|2
|
|switch|p1a: Espeon|Espeon, M|272\/272
|move|p2a: Kraken|Scald|p1a: Espeon
|-damage|p1a: Espeon|182\/272
|
|turn|3
|
|switch|p1a: Darmanitan|Darmanitan, M|351\/351
|switch|p2a: Archilles|Aggron, M|344\/344
|-damage|p2a: Archilles|323\/344|[from] Stealth Rock
|
|turn|4
|
|detailschange|p2a: Archilles|Aggron-Mega, M
|message|Aggron has Mega Evolved into Mega Aggron!
|move|p1a: Darmanitan|U-turn|p2a: Archilles
|-resisted|p2a: Archilles
|-damage|p2a: Archilles|303\/344
|
|switch|p1a: Espeon|Espeon, M|182\/272
|move|p2a: Archilles|Toxic|p1a: Espeon
|move|p1a: Espeon|Toxic|p2a: Archilles|[from]Magic Bounce|[miss]
|-miss|p1a: Espeon|p2a: Archilles
|
|turn|5
|
|switch|p1a: Mantine|Mantine, F|334\/334
|move|p2a: Archilles|Heavy Slam|p1a: Mantine
|-resisted|p1a: Mantine
|-damage|p1a: Mantine|289\/334
|
|-heal|p1a: Mantine|309\/334|[from] item: Leftovers
|turn|6
|c|âBob the Senpai|clutch miss
|c| meowiekins|will +6
|
|move|p1a: Mantine|Confuse Ray|p2a: Archilles
|-start|p2a: Archilles|confusion
|-activate|p2a: Archilles|confusion
|-damage|p2a: Archilles|282\/344|[from] confusion
|
|-heal|p1a: Mantine|329\/334|[from] item: Leftovers
|turn|7
|c| meowiekins|ohko roserade?
|
|move|p1a: Mantine|Scald|p2a: Archilles
|-damage|p2a: Archilles|215\/344
|-activate|p2a: Archilles|confusion
|move|p2a: Archilles|Toxic|p1a: Mantine
|-status|p1a: Mantine|tox
|
|-heal|p1a: Mantine|334\/334 tox|[from] item: Leftovers
|-damage|p1a: Mantine|314\/334 tox|[from] psn
|turn|8
|c| meowiekins|with sneak
|c|âBob the Senpai|+6 wot
|c| meowiekins|should right?
|c|âBob the Senpai|y
|
|switch|p2a: Kraken|Tentacruel, F|364\/364
|-damage|p2a: Kraken|319\/364|[from] Stealth Rock
|move|p1a: Mantine|Scald|p2a: Kraken
|-resisted|p2a: Kraken
|-damage|p2a: Kraken|286\/364
|
|-heal|p1a: Mantine|334\/334 tox|[from] item: Leftovers
|-heal|p2a: Kraken|308\/364|[from] item: Black Sludge
|-damage|p1a: Mantine|294\/334 tox|[from] psn
|turn|9
|
|move|p1a: Mantine|Confuse Ray|p2a: Kraken
|-start|p2a: Kraken|confusion
|-activate|p2a: Kraken|confusion
|-damage|p2a: Kraken|288\/364|[from] confusion
|
|-heal|p1a: Mantine|314\/334 tox|[from] item: Leftovers
|-heal|p2a: Kraken|310\/364|[from] item: Black Sludge
|-damage|p1a: Mantine|254\/334 tox|[from] psn
|turn|10
|
|move|p1a: Mantine|Air Slash|p2a: Kraken
|-damage|p2a: Kraken|249\/364
|-activate|p2a: Kraken|confusion
|-damage|p2a: Kraken|227\/364|[from] confusion
|
|-heal|p1a: Mantine|274\/334 tox|[from] item: Leftovers
|-heal|p2a: Kraken|249\/364|[from] item: Black Sludge
|-damage|p1a: Mantine|194\/334 tox|[from] psn
|turn|11
|c| watfor|fusionflinch
|c| watfor|ez
|
|switch|p1a: Espeon|Espeon, M|182\/272
|-activate|p2a: Kraken|confusion
|move|p2a: Kraken|Rapid Spin|p1a: Espeon
|-crit|p1a: Espeon
|-damage|p1a: Espeon|155\/272
|-sideend|p2: Bob the Senpai|Stealth Rock|[from] move: Rapid Spin|[of] p2a: Kraken
|
|-heal|p2a: Kraken|271\/364|[from] item: Black Sludge
|turn|12
|c| watfor|skill
|c|âBob the Senpai|fkn outplayed
|
|switch|p2a: Venus|Blissey, F|714\/714
|move|p1a: Espeon|Heal Bell|p1a: Espeon
|-cureteam|p1a: Espeon|[from] move: HealBell
|
|turn|13
|c| meowiekins|shellsmash hazards omastar is op
|c| watfor|did i just see
|c| watfor|heal bell
|c| watfor|espeon
|c|âBob the Senpai|wut lol
|c|âBob the Senpai|idek
|
|move|p1a: Espeon|Psychic|p2a: Venus
|-damage|p2a: Venus|591\/714
|move|p2a: Venus|Wish|p2a: Venus
|
|-heal|p2a: Venus|635\/714|[from] item: Leftovers
|turn|14
|c| meowiekins|pass
|c|âBob the Senpai|meowie tbh gotta get them hazards in fast with smash
|c| meowiekins|to
|c| meowiekins|sheddy
|c| watfor|shed
|c| watfor|ye
|c| watfor|and he will reveal
|
|switch|p2a: Archilles|Aggron-Mega, M|215\/344
|move|p1a: Espeon|Psychic|p2a: Archilles
|-resisted|p2a: Archilles
|-damage|p2a: Archilles|151\/344
|
|-heal|p2a: Archilles|344\/344|[from] move: Wish|[wisher] Venus
|turn|15
|c| watfor|hp ghost
|c| meowiekins|not even shadow ball
|c|âBob the Senpai|shadow ball too mainstream
|c|âGritzbrownz|I hope you guys don't be around when dudes are playing chess -_-
|c| meowiekins|lol
|c| meowiekins|nah
|
|move|p1a: Espeon|Psychic|p2a: Archilles
|-crit|p2a: Archilles
|-resisted|p2a: Archilles
|-damage|p2a: Archilles|242\/344
|move|p2a: Archilles|Heavy Slam|p1a: Espeon
|-damage|p1a: Espeon|0 fnt
|faint|p1a: Espeon
|
|c| meowiekins|bobs playing chess
|
|switch|p1a: Lopunny|Lopunny, F|272\/272
|turn|16
|c| meowiekins|youre playing checkers my man
|
|detailschange|p1a: Lopunny|Lopunny-Mega, F
|message|Lopunny has Mega Evolved into Mega Lopunny!
|move|p1a: Lopunny|Substitute|p1a: Lopunny
|-start|p1a: Lopunny|Substitute
|-damage|p1a: Lopunny|204\/272
|move|p2a: Archilles|Heavy Slam|p1a: Lopunny
|-end|p1a: Lopunny|Substitute
|
|turn|17
|c| watfor|inb4 toxic lop
|c| watfor|subtoxic
|
|move|p1a: Lopunny|Drain Punch|p2a: Archilles
|-supereffective|p2a: Archilles
|-damage|p2a: Archilles|146\/344
|-heal|p1a: Lopunny|252\/272|[from] drain|[of] p2a: Archilles
|move|p2a: Archilles|Heavy Slam|p1a: Lopunny
|-damage|p1a: Lopunny|48\/272
|
|turn|18
|c| meowiekins|O_O
|c| watfor|lop the real set
|
|switch|p2a: Hades|Shedinja|1\/1
|move|p1a: Lopunny|Drain Punch|p2a: Hades
|-activate|p2a: Hades|ability: Wonder Guard
|
|turn|19
|c| meowiekins|fkn
|c| meowiekins|checkers
|c|âBob the Senpai|they wouldnt be talking shit if i was facing someone good
|c|âBob the Senpai|tbh
|
|switch|p1a: Donphan|Donphan, F|186\/384
|move|p2a: Hades|Will-O-Wisp|p1a: Donphan
|-status|p1a: Donphan|brn
|
|-heal|p1a: Donphan|210\/384 brn|[from] item: Leftovers
|-damage|p1a: Donphan|162\/384 brn|[from] brn
|turn|20
|c| meowiekins|is this helmet
|c| meowiekins|no
|
|switch|p2a: Freyja|Togetic, M|314\/314
|move|p1a: Donphan|Stealth Rock|p2a: Freyja
|-sidestart|p2: Bob the Senpai|move: Stealth Rock
|
|-heal|p1a: Donphan|186\/384 brn|[from] item: Leftovers
|-damage|p1a: Donphan|138\/384 brn|[from] brn
|turn|21
|c|âBob the Senpai|rule number one of playing sheddy: assume helmet everything
|
|move|p2a: Freyja|Defog|p1a: Donphan
|-unboost|p1a: Donphan|evasion|1
|-sideend|p2: Bob the Senpai|Stealth Rock|[from] move: Defog|[of] p2a: Freyja
|move|p1a: Donphan|Roar|p2a: Freyja
|drag|p2a: Archilles|Aggron-Mega, M|146\/344
|
|-heal|p1a: Donphan|162\/384 brn|[from] item: Leftovers
|-damage|p1a: Donphan|114\/384 brn|[from] brn
|turn|22
|c| meowiekins|no
|c| meowiekins|rule #1
|
|switch|p2a: Freyja|Togetic, M|314\/314
|move|p1a: Donphan|Stealth Rock|p2a: Freyja
|-sidestart|p2: Bob the Senpai|move: Stealth Rock
|
|-heal|p1a: Donphan|138\/384 brn|[from] item: Leftovers
|-damage|p1a: Donphan|90\/384 brn|[from] brn
|turn|23
|c| meowiekins|is dont let hazards go up
|c|âBob the Senpai|yolo
|
|switch|p1a: Shiftry|Shiftry, F|384\/384
|move|p2a: Freyja|Defog|p1a: Shiftry
|-unboost|p1a: Shiftry|evasion|1
|-sideend|p2: Bob the Senpai|Stealth Rock|[from] move: Defog|[of] p2a: Freyja
|
|turn|24
|
|move|p1a: Shiftry|Toxic|p2a: Freyja
|-status|p2a: Freyja|tox
|move|p2a: Freyja|Dazzling Gleam|p1a: Shiftry
|-supereffective|p1a: Shiftry
|-damage|p1a: Shiftry|166\/384
|-enditem|p1a: Shiftry|Red Card|[of] p2a: Freyja
|drag|p2a: Serpentine|Zygarde|404\/404
|-ability|p2a: Serpentine|Aura Break
|
|turn|25
|c| meowiekins|counters out here
|c| meowiekins|oml
|c|âBob the Senpai|wut
|c| meowiekins|nvm bob
|c| meowiekins|hes playing chess
|c|âBob the Senpai|true
|c| meowiekins|youre stuck on chutes and ladders
|
|move|p1a: Shiftry|Toxic|p2a: Serpentine
|-status|p2a: Serpentine|tox
|move|p2a: Serpentine|Substitute|p2a: Serpentine
|-start|p2a: Serpentine|Substitute
|-damage|p2a: Serpentine|303\/404 tox
|
|-heal|p2a: Serpentine|328\/404 tox|[from] item: Leftovers
|-damage|p2a: Serpentine|303\/404 tox|[from] psn
|turn|26
|c| watfor|RIP
|c|âBob the Senpai|fkn fast
|c| watfor|TOXIC
|c| watfor|SHIFT
|c| watfor|RY
|c| watfor|RIP
|
|switch|p2a: Freyja|Togetic, M|314\/314 tox
|move|p1a: Shiftry|Seed Bomb|p2a: Freyja
|-resisted|p2a: Freyja
|-damage|p2a: Freyja|289\/314 tox
|
|-damage|p2a: Freyja|270\/314 tox|[from] psn
|turn|27
|c| meowiekins|is that max speed toxic shiftry?
|
|move|p1a: Shiftry|Knock Off|p2a: Freyja
|-resisted|p2a: Freyja
|-damage|p2a: Freyja|237\/314 tox
|-enditem|p2a: Freyja|Eviolite|[from] move: Knock Off|[of] p1a: Shiftry
|move|p2a: Freyja|Heal Bell|p2a: Freyja
|-cureteam|p2a: Freyja|[from] move: HealBell
|
|turn|28
|c|âBob the Senpai|obv
|c| watfor|that is possible lol
|c| meowiekins|lol
|
|move|p1a: Shiftry|Toxic|p2a: Freyja
|-status|p2a: Freyja|tox
|move|p2a: Freyja|Dazzling Gleam|p1a: Shiftry
|-supereffective|p1a: Shiftry
|-damage|p1a: Shiftry|0 fnt
|faint|p1a: Shiftry
|
|-damage|p2a: Freyja|218\/314 tox|[from] psn
|
|switch|p1a: Darmanitan|Darmanitan, M|351\/351
|turn|29
|c| watfor|reveal HP Ice darm
|c| meowiekins|go to bliss
|c| watfor|get rekt zyggy
|c| watfor|go to sheddy
|c| meowiekins|and let darm kill itself
|c| watfor|on the rock slide
|
|switch|p2a: Archilles|Aggron-Mega, M|146\/344
|move|p1a: Darmanitan|U-turn|p2a: Archilles
|-resisted|p2a: Archilles
|-damage|p2a: Archilles|125\/344
|c| watfor|imo
|c| meowiekins|go to sheddy for recoil
|c| watfor|mantine is in
|
|switch|p1a: Mantine|Mantine, F|194\/334
|
|-heal|p1a: Mantine|214\/334|[from] item: Leftovers
|turn|30
|c|âBob the Senpai|meowie strong tactician
|c| watfor|and mantine is confuse
|
|move|p1a: Mantine|Confuse Ray|p2a: Archilles
|-start|p2a: Archilles|confusion
|-activate|p2a: Archilles|confusion
|-damage|p2a: Archilles|106\/344|[from] confusion
|
|-heal|p1a: Mantine|234\/334|[from] item: Leftovers
|turn|31
|c| watfor|ez
|c| watfor|skill
|
|switch|p2a: Venus|Blissey, F|635\/714
|move|p1a: Mantine|Scald|p2a: Venus
|-damage|p2a: Venus|572\/714
|
|-heal|p1a: Mantine|254\/334|[from] item: Leftovers
|-heal|p2a: Venus|616\/714|[from] item: Leftovers
|turn|32
|c| watfor|plays
|c| meowiekins|i didnt beat fire emblem on normal difficulty for nothin
|
|move|p1a: Mantine|Confuse Ray|p2a: Venus
|-start|p2a: Venus|confusion
|-activate|p2a: Venus|confusion
|-damage|p2a: Venus|603\/714|[from] confusion
|
|-heal|p1a: Mantine|274\/334|[from] item: Leftovers
|-heal|p2a: Venus|647\/714|[from] item: Leftovers
|turn|33
|c| watfor|wow no burn bob you are haxing
|
|move|p1a: Mantine|Air Slash|p2a: Venus
|-damage|p2a: Venus|595\/714
|-end|p2a: Venus|confusion
|move|p2a: Venus|Wish|p2a: Venus
|
|-heal|p1a: Mantine|294\/334|[from] item: Leftovers
|-heal|p2a: Venus|639\/714|[from] item: Leftovers
|turn|34
|c|âBob the Senpai|ofc
|c| watfor|wow get outskilled bob
|c|âBob the Senpai|they call me zarel
|c| watfor|wow hax
|c| watfor|stop snapping out of confusion
|
|switch|p2a: Archilles|Aggron-Mega, M|106\/344
|move|p1a: Mantine|Confuse Ray|p2a: Archilles
|-start|p2a: Archilles|confusion
|
|-heal|p2a: Archilles|344\/344|[from] move: Wish|[wisher] Venus
|-heal|p1a: Mantine|314\/334|[from] item: Leftovers
|turn|35
|c| watfor|what a noob
|
|move|p1a: Mantine|Scald|p2a: Archilles
|-damage|p2a: Archilles|281\/344
|-status|p2a: Archilles|brn
|-activate|p2a: Archilles|confusion
|move|p2a: Archilles|Toxic|p1a: Mantine
|-status|p1a: Mantine|tox
|
|-heal|p1a: Mantine|334\/334 tox|[from] item: Leftovers
|-damage|p1a: Mantine|314\/334 tox|[from] psn
|-damage|p2a: Archilles|238\/344 brn|[from] brn
|turn|36
|
|switch|p2a: Venus|Blissey, F|639\/714
|move|p1a: Mantine|Scald|p2a: Venus
|-damage|p2a: Venus|578\/714
|
|-heal|p1a: Mantine|334\/334 tox|[from] item: Leftovers
|-heal|p2a: Venus|622\/714|[from] item: Leftovers
|-damage|p1a: Mantine|294\/334 tox|[from] psn
|turn|37
|
|move|p1a: Mantine|Confuse Ray|p2a: Venus
|-start|p2a: Venus|confusion
|-activate|p2a: Venus|confusion
|-damage|p2a: Venus|609\/714|[from] confusion
|
|-heal|p1a: Mantine|314\/334 tox|[from] item: Leftovers
|-heal|p2a: Venus|653\/714|[from] item: Leftovers
|-damage|p1a: Mantine|254\/334 tox|[from] psn
|turn|38
|c| watfor|is that a Own Tempo mon
|c| watfor|in UU
|c|âBob the Senpai|i fkn bet thats max speed mantine
|
|switch|p1a: Lopunny|Lopunny-Mega, F|48\/272
|-activate|p2a: Venus|confusion
|-damage|p2a: Venus|641\/714|[from] confusion
|
|-heal|p2a: Venus|685\/714|[from] item: Leftovers
|turn|39
|
|switch|p2a: Hades|Shedinja|1\/1
|move|p1a: Lopunny|Power-Up Punch|p2a: Hades
|-activate|p2a: Hades|ability: Wonder Guard
|
|turn|40
|
|move|p1a: Lopunny|Return|p2a: Hades
|-activate|p2a: Hades|ability: Wonder Guard
|move|p2a: Hades|Swords Dance|p2a: Hades
|-boost|p2a: Hades|atk|2
|
|turn|41
|c| watfor|bob
|c|âBob the Senpai|?
|c| watfor|use lickilicky over blissey imo
|c| watfor|it has own tempo
|c| watfor|to fuck confuse ray
|c| watfor|:^]
|c|âBob the Senpai|gud idea
|
|switch|p1a: Darmanitan|Darmanitan, M|351\/351
|move|p2a: Hades|Swords Dance|p2a: Hades
|-boost|p2a: Hades|atk|2
|
|turn|42
|c| meowiekins|well tbf
|c|âBob the Senpai|does this sneak kill
|c| meowiekins|lickilicky
|c| meowiekins|is a decent option
|c| meowiekins|no
|
|move|p2a: Hades|Shadow Sneak|p1a: Darmanitan
|-damage|p1a: Darmanitan|54\/351
|move|p1a: Darmanitan|Flare Blitz|p2a: Hades
|-supereffective|p2a: Hades
|-enditem|p2a: Hades|Focus Sash
|-damage|p2a: Hades|1\/1
|-damage|p1a: Darmanitan|53\/351|[from] recoil|[of] p2a: Hades
|
|turn|43
|c| watfor|nice
|c| watfor|recoil
|c| meowiekins|burn where
|c| watfor|reveal sandstorm donphan
|c| meowiekins|fkn hax0r
|
|move|p2a: Hades|Shadow Sneak|p1a: Darmanitan
|-damage|p1a: Darmanitan|0 fnt
|faint|p1a: Darmanitan
|
|c| watfor|sandstorm donphan
|c| watfor|will be le ebin
|c|âGritzbrownz|...
|c| watfor|reveal
|c|âBob the Senpai|hp ghost lop
|c| watfor|Fun Fact of the day
|c|âGritzbrownz|this was "fun"
|c| watfor|Sheddy is weak to a certain Darude song
|c| watfor|:^]
|-message|Gritzbrownz forfeited.
|
|win|Bob the Senpai
|raw|Ladder updating...
|leave|Gritzbrownz
|player|p1
|raw|Gritzbrownz's rating: 1151 &rarr; <strong>1122<\/strong><br \/>(-29 for losing)
|raw|Bob the Senpai's rating: 1097 &rarr; <strong>1126<\/strong><br \/>(+29 for winning)
|c|âBob the Senpai|rip
|join|NoRagret
|c| watfor|rip