|join|Bob the Senpai
|join|marco901
|player|p1|Bob the Senpai|23
|player|p2|marco901|157
|gametype|singles
|gen|6
|tier|UU
|rated
|rule|Sleep Clause Mod: Limit one foe put to sleep
|rule|Species Clause: Limit one of each PokÃ©mon
|rule|OHKO Clause: OHKO moves are banned
|rule|Moody Clause: Moody is banned
|rule|Evasion Moves Clause: Evasion moves are banned
|rule|Endless Battle Clause: Forcing endless battles is banned
|rule|HP Percentage Mod: HP is shown in percentages
|clearpoke
|poke|p1|Shedinja
|poke|p1|Blissey, F
|poke|p1|Tentacruel, F
|poke|p1|Zygarde
|poke|p1|Aggron, M
|poke|p1|Togetic, M
|poke|p2|Lopunny, F
|poke|p2|Jirachi
|poke|p2|Infernape, M
|poke|p2|Starmie
|poke|p2|Honchkrow, M
|poke|p2|Raikou
|rule|Swagger Clause: Swagger is banned
|rule|Baton Pass Clause: Limit one PokÃ©mon knowing Baton Pass
|teampreview
|
|start
|switch|p1a: Kraken|Tentacruel, F|364\/364
|switch|p2a: Lopunny|Lopunny, F|272\/272
|turn|1
|
|switch|p1a: Archilles|Aggron, M|344\/344
|detailschange|p2a: Lopunny|Lopunny-Mega, F
|message|Lopunny has Mega Evolved into Mega Lopunny!
|move|p2a: Lopunny|Fake Out|p1a: Archilles
|-resisted|p1a: Archilles
|-damage|p1a: Archilles|333\/344
|
|turn|2
|
|switch|p2a: Starmie|Starmie|324\/324
|detailschange|p1a: Archilles|Aggron-Mega, M
|message|Aggron has Mega Evolved into Mega Aggron!
|move|p1a: Archilles|Heavy Slam|p2a: Starmie
|-resisted|p2a: Starmie
|-damage|p2a: Starmie|236\/324
|
|-heal|p2a: Starmie|256\/324|[from] item: Leftovers
|turn|3
|
|switch|p1a: Hades|Shedinja|1\/1
|move|p2a: Starmie|Scald|p1a: Hades
|-activate|p1a: Hades|ability: Wonder Guard
|
|-heal|p2a: Starmie|276\/324|[from] item: Leftovers
|turn|4
|
|switch|p2a: Infernape|Infernape, M|355\/355
|move|p1a: Hades|Will-O-Wisp|p2a: Infernape
|-fail|p2a: Infernape
|
|turn|5
|
|switch|p1a: Kraken|Tentacruel, F|364\/364
|move|p2a: Infernape|Toxic|p1a: Kraken
|-fail|p1a: Kraken
|
|turn|6
|
|switch|p2a: Starmie|Starmie|276\/324
|move|p1a: Kraken|Toxic Spikes|p2a: Starmie
|-sidestart|p2: marco901|move: Toxic Spikes
|
|-heal|p2a: Starmie|296\/324|[from] item: Leftovers
|turn|7
|
|switch|p1a: Hades|Shedinja|1\/1
|move|p2a: Starmie|Rapid Spin|p1a: Hades
|-immune|p1a: Hades|[msg]
|
|-heal|p2a: Starmie|316\/324|[from] item: Leftovers
|turn|8
|
|switch|p2a: Honchkrow|Honchkrow, M|341\/341
|move|p1a: Hades|X-Scissor|p2a: Honchkrow
|-damage|p2a: Honchkrow|124\/341
|
|turn|9
|
|move|p2a: Honchkrow|Pursuit|p1a: Hades
|-supereffective|p1a: Hades
|-enditem|p1a: Hades|Focus Sash
|-damage|p1a: Hades|1\/1
|-damage|p2a: Honchkrow|90\/341|[from] item: Life Orb
|move|p1a: Hades|X-Scissor|p2a: Honchkrow
|-damage|p2a: Honchkrow|0 fnt
|faint|p2a: Honchkrow
|
|
|switch|p2a: Raikou|Raikou|322\/322
|-status|p2a: Raikou|psn
|-ability|p2a: Raikou|Pressure
|turn|10
|
|switch|p1a: Venus|Blissey, F|714\/714
|move|p2a: Raikou|Shadow Ball|p1a: Venus
|-immune|p1a: Venus|[msg]
|
|-damage|p2a: Raikou|282\/322 psn|[from] psn
|turn|11
|
|switch|p1a: Freyja|Togetic, M|314\/314
|move|p2a: Raikou|Volt Switch|p1a: Freyja
|-supereffective|p1a: Freyja
|-damage|p1a: Freyja|152\/314
|
|switch|p2a: Jirachi|Jirachi|341\/341
|
|turn|12
|
|switch|p1a: Kraken|Tentacruel, F|364\/364
|move|p2a: Jirachi|Iron Head|p1a: Kraken
|-crit|p1a: Kraken
|-resisted|p1a: Kraken
|-damage|p1a: Kraken|286\/364
|
|-heal|p1a: Kraken|308\/364|[from] item: Black Sludge
|turn|13
|
|switch|p2a: Starmie|Starmie|316\/324
|-status|p2a: Starmie|psn
|move|p1a: Kraken|Toxic Spikes|p2a: Starmie
|-sidestart|p2: marco901|move: Toxic Spikes
|
|-heal|p2a: Starmie|324\/324 psn|[from] item: Leftovers
|-heal|p1a: Kraken|330\/364|[from] item: Black Sludge
|-damage|p2a: Starmie|284\/324 psn|[from] psn
|turn|14
|
|switch|p2a: Raikou|Raikou|282\/322 psn
|-ability|p2a: Raikou|Pressure
|switch|p1a: Hades|Shedinja|1\/1
|
|-heal|p2a: Raikou|302\/322 psn|[from] item: Leftovers
|-damage|p2a: Raikou|262\/322 psn|[from] psn
|turn|15
|
|switch|p1a: Venus|Blissey, F|714\/714
|move|p2a: Raikou|Volt Switch|p1a: Venus
|-damage|p1a: Venus|627\/714
|
|switch|p2a: Lopunny|Lopunny-Mega, F|272\/272
|-status|p2a: Lopunny|tox
|
|-heal|p1a: Venus|671\/714|[from] item: Leftovers
|-damage|p2a: Lopunny|255\/272 tox|[from] psn
|turn|16
|
|move|p1a: Venus|Protect|p1a: Venus
|-singleturn|p1a: Venus|Protect
|move|p2a: Lopunny|Toxic|p1a: Venus
|-activate|p1a: Venus|Protect
|
|-heal|p1a: Venus|714\/714|[from] item: Leftovers
|-damage|p2a: Lopunny|221\/272 tox|[from] psn
|turn|17
|
|switch|p2a: Raikou|Raikou|262\/322 psn
|-ability|p2a: Raikou|Pressure
|switch|p1a: Archilles|Aggron-Mega, M|333\/344
|
|-heal|p2a: Raikou|282\/322 psn|[from] item: Leftovers
|-damage|p2a: Raikou|242\/322 psn|[from] psn
|turn|18
|
|move|p2a: Raikou|Volt Switch|p1a: Archilles
|-damage|p1a: Archilles|245\/344
|
|switch|p2a: Starmie|Starmie|284\/324
|-status|p2a: Starmie|tox
|move|p1a: Archilles|Stealth Rock|p2a: Starmie
|-sidestart|p2: marco901|move: Stealth Rock
|
|-heal|p2a: Starmie|304\/324 tox|[from] item: Leftovers
|-damage|p2a: Starmie|284\/324 tox|[from] psn
|turn|19
|
|switch|p1a: Hades|Shedinja|1\/1
|move|p2a: Starmie|Scald|p1a: Hades
|-activate|p1a: Hades|ability: Wonder Guard
|
|-heal|p2a: Starmie|304\/324 tox|[from] item: Leftovers
|-damage|p2a: Starmie|264\/324 tox|[from] psn
|turn|20
|
|switch|p2a: Infernape|Infernape, M|355\/355
|-status|p2a: Infernape|tox
|-damage|p2a: Infernape|311\/355 tox|[from] Stealth Rock
|move|p1a: Hades|X-Scissor|p2a: Infernape
|-resisted|p2a: Infernape
|-damage|p2a: Infernape|269\/355 tox
|
|-heal|p2a: Infernape|291\/355 tox|[from] item: Leftovers
|-damage|p2a: Infernape|269\/355 tox|[from] psn
|turn|21
|
|switch|p1a: Kraken|Tentacruel, F|330\/364
|move|p2a: Infernape|Fire Punch|p1a: Kraken
|-resisted|p1a: Kraken
|-damage|p1a: Kraken|283\/364
|
|-heal|p2a: Infernape|291\/355 tox|[from] item: Leftovers
|-heal|p1a: Kraken|305\/364|[from] item: Black Sludge
|-damage|p2a: Infernape|247\/355 tox|[from] psn
|turn|22
|
|switch|p2a: Starmie|Starmie|264\/324
|-damage|p2a: Starmie|224\/324|[from] Stealth Rock
|-status|p2a: Starmie|tox
|move|p1a: Kraken|Scald|p2a: Starmie
|-resisted|p2a: Starmie
|-damage|p2a: Starmie|176\/324 tox
|
|-heal|p2a: Starmie|196\/324 tox|[from] item: Leftovers
|-heal|p1a: Kraken|327\/364|[from] item: Black Sludge
|-damage|p2a: Starmie|176\/324 tox|[from] psn
|turn|23
|
|switch|p1a: Hades|Shedinja|1\/1
|move|p2a: Starmie|Recover|p2a: Starmie
|-heal|p2a: Starmie|324\/324 tox
|
|-damage|p2a: Starmie|284\/324 tox|[from] psn
|turn|24
|
|switch|p2a: Infernape|Infernape, M|247\/355 tox
|-damage|p2a: Infernape|203\/355 tox|[from] Stealth Rock
|move|p1a: Hades|X-Scissor|p2a: Infernape
|-resisted|p2a: Infernape
|-damage|p2a: Infernape|165\/355 tox
|
|-heal|p2a: Infernape|187\/355 tox|[from] item: Leftovers
|-damage|p2a: Infernape|165\/355 tox|[from] psn
|turn|25
|
|switch|p1a: Kraken|Tentacruel, F|327\/364
|move|p2a: Infernape|Slack Off|p2a: Infernape
|-heal|p2a: Infernape|343\/355 tox
|
|-heal|p2a: Infernape|355\/355 tox|[from] item: Leftovers
|-heal|p1a: Kraken|349\/364|[from] item: Black Sludge
|-damage|p2a: Infernape|311\/355 tox|[from] psn
|turn|26
|
|switch|p2a: Starmie|Starmie|284\/324
|-status|p2a: Starmie|tox
|-damage|p2a: Starmie|244\/324 tox|[from] Stealth Rock
|move|p1a: Kraken|Scald|p2a: Starmie
|-resisted|p2a: Starmie
|-damage|p2a: Starmie|200\/324 tox
|
|-heal|p2a: Starmie|220\/324 tox|[from] item: Leftovers
|-heal|p1a: Kraken|364\/364|[from] item: Black Sludge
|-damage|p2a: Starmie|200\/324 tox|[from] psn
|turn|27
|
|switch|p2a: Lopunny|Lopunny-Mega, F|221\/272 tox
|-damage|p2a: Lopunny|204\/272 tox|[from] Stealth Rock
|switch|p1a: Hades|Shedinja|1\/1
|
|-damage|p2a: Lopunny|187\/272 tox|[from] psn
|turn|28
|
|switch|p1a: Kraken|Tentacruel, F|364\/364
|move|p2a: Lopunny|Toxic|p1a: Kraken
|-fail|p1a: Kraken
|
|-damage|p2a: Lopunny|153\/272 tox|[from] psn
|turn|29
|
|move|p2a: Lopunny|Return|p1a: Kraken
|-damage|p1a: Kraken|183\/364
|move|p1a: Kraken|Scald|p2a: Lopunny
|-damage|p2a: Lopunny|78\/272 tox
|
|-heal|p1a: Kraken|205\/364|[from] item: Black Sludge
|-damage|p2a: Lopunny|27\/272 tox|[from] psn
|turn|30
|
|switch|p1a: Freyja|Togetic, M|152\/314
|move|p2a: Lopunny|Toxic|p1a: Freyja
|-status|p1a: Freyja|tox
|
|-damage|p2a: Lopunny|0 fnt|[from] psn
|-damage|p1a: Freyja|133\/314 tox|[from] psn
|faint|p2a: Lopunny
|
|switch|p2a: Raikou|Raikou|242\/322 psn
|-damage|p2a: Raikou|202\/322 psn|[from] Stealth Rock
|-ability|p2a: Raikou|Pressure
|turn|31
|
|move|p2a: Raikou|Volt Switch|p1a: Freyja
|-supereffective|p1a: Freyja
|-damage|p1a: Freyja|0 fnt
|faint|p1a: Freyja
|
|switch|p2a: Infernape|Infernape, M|311\/355 tox
|-damage|p2a: Infernape|267\/355 tox|[from] Stealth Rock
|
|-heal|p2a: Infernape|289\/355 tox|[from] item: Leftovers
|-damage|p2a: Infernape|267\/355 tox|[from] psn
|
|switch|p1a: Serpentine|Zygarde|404\/404
|-ability|p1a: Serpentine|Aura Break
|turn|32
|
|move|p2a: Infernape|Toxic|p1a: Serpentine|[miss]
|-miss|p2a: Infernape|p1a: Serpentine
|move|p1a: Serpentine|Earthquake|p2a: Infernape
|-supereffective|p2a: Infernape
|-damage|p2a: Infernape|0 fnt
|faint|p2a: Infernape
|
|
|switch|p2a: Jirachi|Jirachi|341\/341
|-damage|p2a: Jirachi|320\/341|[from] Stealth Rock
|turn|33
|
|move|p2a: Jirachi|Iron Head|p1a: Serpentine
|-damage|p1a: Serpentine|302\/404
|move|p1a: Serpentine|Earthquake|p2a: Jirachi
|-supereffective|p2a: Jirachi
|-damage|p2a: Jirachi|84\/341
|
|-heal|p1a: Serpentine|327\/404|[from] item: Leftovers
|turn|34
|
|switch|p1a: Hades|Shedinja|1\/1
|move|p2a: Jirachi|Iron Head|p1a: Hades
|-activate|p1a: Hades|ability: Wonder Guard
|
|turn|35
|-message|marco901 forfeited.
|
|win|Bob the Senpai
|raw|Ladder updating...
|leave|marco901
|player|p2
|raw|Bob the Senpai's rating: 1542 &rarr; <strong>1552<\/strong><br \/>(+10 for winning)
|raw|marco901's rating: 1370 &rarr; <strong>1359<\/strong><br \/>(-11 for losing)