|join|dodmen
|join|Bob the Senpai
|player|p1|dodmen|171
|player|p2|Bob the Senpai|23
|gametype|singles
|gen|6
|tier|UU
|rule|Sleep Clause Mod: Limit one foe put to sleep
|rule|Species Clause: Limit one of each PokÃ©mon
|rule|OHKO Clause: OHKO moves are banned
|rule|Moody Clause: Moody is banned
|rule|Evasion Moves Clause: Evasion moves are banned
|rule|Endless Battle Clause: Forcing endless battles is banned
|rule|HP Percentage Mod: HP is shown in percentages
|clearpoke
|poke|p1|Infernape, F
|poke|p1|Azelf
|poke|p1|Suicune
|poke|p1|Roserade, F
|poke|p1|Gallade, M
|poke|p1|Krookodile, F
|poke|p2|Shedinja
|poke|p2|Blissey, F
|poke|p2|Zygarde
|poke|p2|Aggron, M
|poke|p2|Tentacruel, F
|poke|p2|Togetic, F
|rule|Swagger Clause: Swagger is banned
|rule|Baton Pass Clause: Limit one PokÃ©mon knowing Baton Pass
|teampreview
|leave|dodmen
|player|p1
|join|dodmen
|c|âdodmen|sorry
|player|p1|dodmen|171
|teampreview
|join|LessThanThreeMan
|c|âBob the Senpai|not even first turn forfeit
|
|start
|switch|p1a: Azelf|Azelf|291\/291
|switch|p2a: Archilles|Aggron, M|344\/344
|turn|1
|
|detailschange|p2a: Archilles|Aggron-Mega, M
|message|Aggron has Mega Evolved into Mega Aggron!
|move|p1a: Azelf|Fire Blast|p2a: Archilles
|-supereffective|p2a: Archilles
|-damage|p2a: Archilles|181\/344
|move|p2a: Archilles|Heavy Slam|p1a: Azelf
|-damage|p1a: Azelf|60\/291
|
|turn|2
|join|Tipsy Russian
|c|âBob the Senpai|oh
|
|switch|p2a: Freyja|Togetic, F|314\/314
|move|p1a: Azelf|Stealth Rock|p2a: Freyja
|-sidestart|p2: Bob the Senpai|move: Stealth Rock
|
|turn|3
|
|move|p1a: Azelf|Taunt|p2a: Freyja
|-start|p2a: Freyja|move: Taunt
|move|p2a: Freyja|Dazzling Gleam|p1a: Azelf
|-damage|p1a: Azelf|0 fnt
|faint|p1a: Azelf
|
|
|switch|p1a: Roserade|Roserade, F|261\/261
|turn|4
|
|switch|p1a: Krookodile|Krookodile, F|331\/331
|-ability|p1a: Krookodile|Intimidate|[of] p2a: Freyja
|-unboost|p2a: Freyja|atk|1
|switch|p2a: Kraken|Tentacruel, F|364\/364
|-damage|p2a: Kraken|319\/364|[from] Stealth Rock
|
|-heal|p2a: Kraken|341\/364|[from] item: Black Sludge
|turn|5
|
|move|p1a: Krookodile|Knock Off|p2a: Kraken
|-damage|p2a: Kraken|149\/364
|-enditem|p2a: Kraken|Black Sludge|[from] move: Knock Off|[of] p1a: Krookodile
|move|p2a: Kraken|Rapid Spin|p1a: Krookodile
|-damage|p1a: Krookodile|317\/331
|-sideend|p2: Bob the Senpai|Stealth Rock|[from] move: Rapid Spin|[of] p2a: Kraken
|
|turn|6
|
|move|p1a: Krookodile|Earthquake|p2a: Kraken
|-supereffective|p2a: Kraken
|-damage|p2a: Kraken|0 fnt
|faint|p2a: Kraken
|
|
|switch|p2a: Freyja|Togetic, F|314\/314
|turn|7
|
|switch|p2a: Archilles|Aggron-Mega, M|181\/344
|move|p1a: Krookodile|Knock Off|p2a: Archilles
|-damage|p2a: Archilles|124\/344
|
|turn|8
|
|switch|p2a: Freyja|Togetic, F|314\/314
|move|p1a: Krookodile|Knock Off|p2a: Freyja
|-resisted|p2a: Freyja
|-damage|p2a: Freyja|259\/314
|-enditem|p2a: Freyja|Eviolite|[from] move: Knock Off|[of] p1a: Krookodile
|
|turn|9
|
|switch|p1a: Roserade|Roserade, F|261\/261
|switch|p2a: Archilles|Aggron-Mega, M|124\/344
|
|turn|10
|join|Super Mario Kek
|
|move|p1a: Roserade|Hidden Power|p2a: Archilles
|-supereffective|p2a: Archilles
|-damage|p2a: Archilles|0 fnt
|-damage|p1a: Roserade|235\/261|[from] item: Life Orb
|faint|p2a: Archilles
|
|c| Super Mario Kek|bob
|c|âBob the Senpai|oh
|c|âBob the Senpai|rip
|c|âdodmen|xD
|
|switch|p2a: Serpentine|Zygarde|404\/404
|-ability|p2a: Serpentine|Aura Break
|turn|11
|c| Super Mario Kek|tell him
|c| Super Mario Kek|that you delegate me to take for you any challenge
|c| Super Mario Kek|\/me winks
|c|âBob the Senpai|the fk are you
|
|switch|p1a: Krookodile|Krookodile, F|317\/331
|-ability|p1a: Krookodile|Intimidate|[of] p2a: Serpentine
|-unboost|p2a: Serpentine|atk|1
|move|p2a: Serpentine|Substitute|p2a: Serpentine
|-start|p2a: Serpentine|Substitute
|-damage|p2a: Serpentine|303\/404
|
|-heal|p2a: Serpentine|328\/404|[from] item: Leftovers
|turn|12
|c| Super Mario Kek|STUPID
|c| Super Mario Kek|BOB
|c| Super Mario Kek|I JUST WISH YOU GET OWNED
|
|move|p1a: Krookodile|Taunt|p2a: Serpentine
|-start|p2a: Serpentine|move: Taunt
|move|p2a: Serpentine|Dragon Tail|p1a: Krookodile
|-damage|p1a: Krookodile|259\/331
|drag|p1a: Gallade|Gallade, M|277\/277
|
|-heal|p2a: Serpentine|353\/404|[from] item: Leftovers
|turn|13
|
|detailschange|p1a: Gallade|Gallade-Mega, M
|message|Gallade has Mega Evolved into Mega Gallade!
|move|p1a: Gallade|Zen Headbutt|p2a: Serpentine
|-end|p2a: Serpentine|Substitute
|move|p2a: Serpentine|Earthquake|p1a: Gallade
|-damage|p1a: Gallade|195\/277
|
|-heal|p2a: Serpentine|378\/404|[from] item: Leftovers
|turn|14
|c|âBob the Senpai|fkn bulk
|join|TheyCallMeNancy
|c| saltforBob|sword dance imo
|
|switch|p1a: Krookodile|Krookodile, F|259\/331
|-ability|p1a: Krookodile|Intimidate|[of] p2a: Serpentine
|-unboost|p2a: Serpentine|atk|1
|move|p2a: Serpentine|Dragon Tail|p1a: Krookodile
|-damage|p1a: Krookodile|214\/331
|drag|p1a: Infernape|Infernape, F|314\/314
|
|-heal|p2a: Serpentine|403\/404|[from] item: Leftovers
|-end|p2a: Serpentine|move: Taunt
|turn|15
|
|switch|p1a: Krookodile|Krookodile, F|214\/331
|-ability|p1a: Krookodile|Intimidate|[of] p2a: Serpentine
|-unboost|p2a: Serpentine|atk|1
|move|p2a: Serpentine|Coil|p2a: Serpentine
|-boost|p2a: Serpentine|atk|1
|-boost|p2a: Serpentine|def|1
|-boost|p2a: Serpentine|accuracy|1
|
|-heal|p2a: Serpentine|404\/404|[from] item: Leftovers
|turn|16
|
|switch|p2a: Freyja|Togetic, F|259\/314
|move|p1a: Krookodile|Knock Off|p2a: Freyja
|-resisted|p2a: Freyja
|-damage|p2a: Freyja|207\/314
|
|turn|17
|
|switch|p1a: Roserade|Roserade, F|235\/261
|move|p2a: Freyja|Roost|p2a: Freyja
|-heal|p2a: Freyja|314\/314
|
|turn|18
|
|switch|p2a: Serpentine|Zygarde|404\/404
|-ability|p2a: Serpentine|Aura Break
|move|p1a: Roserade|Toxic Spikes|p2a: Serpentine
|-sidestart|p2: Bob the Senpai|move: Toxic Spikes
|
|turn|19
|
|move|p1a: Roserade|Giga Drain|p2a: Serpentine
|-damage|p2a: Serpentine|287\/404
|-heal|p1a: Roserade|261\/261|[from] drain|[of] p2a: Serpentine
|-damage|p1a: Roserade|235\/261|[from] item: Life Orb
|move|p2a: Serpentine|Substitute|p2a: Serpentine
|-start|p2a: Serpentine|Substitute
|-damage|p2a: Serpentine|186\/404
|
|-heal|p2a: Serpentine|211\/404|[from] item: Leftovers
|turn|20
|
|move|p1a: Roserade|Giga Drain|p2a: Serpentine
|-end|p2a: Serpentine|Substitute
|-heal|p1a: Roserade|261\/261|[from] drain|[of] p2a: Serpentine
|-damage|p1a: Roserade|235\/261|[from] item: Life Orb
|move|p2a: Serpentine|Earthquake|p1a: Roserade
|-damage|p1a: Roserade|67\/261
|
|-heal|p2a: Serpentine|236\/404|[from] item: Leftovers
|turn|21
|
|switch|p1a: Krookodile|Krookodile, F|214\/331
|-ability|p1a: Krookodile|Intimidate|[of] p2a: Serpentine
|-unboost|p2a: Serpentine|atk|1
|move|p2a: Serpentine|Dragon Tail|p1a: Krookodile
|-damage|p1a: Krookodile|153\/331
|drag|p1a: Gallade|Gallade-Mega, M|195\/277
|
|-heal|p2a: Serpentine|261\/404|[from] item: Leftovers
|turn|22
|
|switch|p1a: Krookodile|Krookodile, F|153\/331
|-ability|p1a: Krookodile|Intimidate|[of] p2a: Serpentine
|-unboost|p2a: Serpentine|atk|1
|switch|p2a: Freyja|Togetic, F|314\/314
|
|turn|23
|
|switch|p1a: Roserade|Roserade, F|67\/261
|move|p2a: Freyja|Dazzling Gleam|p1a: Roserade
|-resisted|p1a: Roserade
|-damage|p1a: Roserade|28\/261
|
|turn|24
|
|switch|p2a: Venus|Blissey, F|714\/714
|-status|p2a: Venus|psn
|move|p1a: Roserade|Sludge Bomb|p2a: Venus
|-damage|p2a: Venus|565\/714 psn
|-damage|p1a: Roserade|2\/261|[from] item: Life Orb
|
|-heal|p2a: Venus|609\/714 psn|[from] item: Leftovers
|-damage|p2a: Venus|520\/714 psn|[from] psn
|turn|25
|
|move|p1a: Roserade|Giga Drain|p2a: Venus
|-damage|p2a: Venus|398\/714 psn
|-heal|p1a: Roserade|63\/261|[from] drain|[of] p2a: Venus
|-damage|p1a: Roserade|37\/261|[from] item: Life Orb
|move|p2a: Venus|Wish|p2a: Venus
|
|-heal|p2a: Venus|442\/714 psn|[from] item: Leftovers
|-damage|p2a: Venus|353\/714 psn|[from] psn
|turn|26
|
|move|p1a: Roserade|Giga Drain|p2a: Venus
|-damage|p2a: Venus|211\/714 psn
|-heal|p1a: Roserade|108\/261|[from] drain|[of] p2a: Venus
|-damage|p1a: Roserade|82\/261|[from] item: Life Orb
|move|p2a: Venus|Seismic Toss|p1a: Roserade
|-damage|p1a: Roserade|0 fnt
|faint|p1a: Roserade
|
|-heal|p2a: Venus|568\/714 psn|[from] move: Wish|[wisher] Venus
|-heal|p2a: Venus|612\/714 psn|[from] item: Leftovers
|-damage|p2a: Venus|523\/714 psn|[from] psn
|
|switch|p1a: Gallade|Gallade-Mega, M|195\/277
|turn|27
|
|move|p1a: Gallade|Swords Dance|p1a: Gallade
|-boost|p1a: Gallade|atk|2
|move|p2a: Venus|Seismic Toss|p1a: Gallade
|-damage|p1a: Gallade|95\/277
|
|-heal|p2a: Venus|567\/714 psn|[from] item: Leftovers
|-damage|p2a: Venus|478\/714 psn|[from] psn
|turn|28
|
|switch|p2a: Freyja|Togetic, F|314\/314
|move|p1a: Gallade|Close Combat|p2a: Freyja
|-resisted|p2a: Freyja
|-damage|p2a: Freyja|206\/314
|-unboost|p1a: Gallade|def|1
|-unboost|p1a: Gallade|spd|1
|
|turn|29
|c|âdodmen|lol
|c|âBob the Senpai|oh fk
|c|âdodmen|miss?
|
|move|p1a: Gallade|Zen Headbutt|p2a: Freyja|[miss]
|-miss|p1a: Gallade|p2a: Freyja
|move|p2a: Freyja|Defog|p1a: Gallade
|-unboost|p1a: Gallade|evasion|1
|-sideend|p2: Bob the Senpai|Toxic Spikes|[from] move: Defog|[of] p2a: Freyja
|
|turn|30
|
|move|p1a: Gallade|Zen Headbutt|p2a: Freyja
|-damage|p2a: Freyja|0 fnt
|faint|p2a: Freyja
|
|
|switch|p2a: Hades|Shedinja|1\/1
|turn|31
|c|âdodmen|damnit bob
|c| Tipsy Russian|please have shadow sneak
|c|âdodmen|you just had to do that
|c|âBob the Senpai|i need a galade counter tbh
|c| saltforBob|r.i.p bob#2014
|
|move|p1a: Gallade|Shadow Sneak|p2a: Hades
|-supereffective|p2a: Hades
|-enditem|p2a: Hades|Focus Sash
|-damage|p2a: Hades|1\/1
|move|p2a: Hades|X-Scissor|p1a: Gallade
|-damage|p1a: Gallade|0 fnt
|faint|p1a: Gallade
|
|
|switch|p1a: Krookodile|Krookodile, F|153\/331
|-ability|p1a: Krookodile|Intimidate|[of] p2a: Hades
|-unboost|p2a: Hades|atk|1
|turn|32
|
|move|p1a: Krookodile|Pursuit|p2a: Hades
|-supereffective|p2a: Hades
|-damage|p2a: Hades|0 fnt
|faint|p2a: Hades
|
|
|switch|p2a: Venus|Blissey, F|478\/714
|turn|33
|
|move|p1a: Krookodile|Taunt|p2a: Venus
|-start|p2a: Venus|move: Taunt
|move|p2a: Venus|Counter|p1a: Krookodile
|-fail|p1a: Krookodile
|
|-heal|p2a: Venus|522\/714|[from] item: Leftovers
|turn|34
|c|âBob the Senpai|rip
|c|âdodmen|.
|c| Tipsy Russian|o
|
|move|p1a: Krookodile|Knock Off|p2a: Venus
|-damage|p2a: Venus|182\/714
|-enditem|p2a: Venus|Leftovers|[from] move: Knock Off|[of] p1a: Krookodile
|move|p2a: Venus|Counter|p1a: Krookodile
|-damage|p1a: Krookodile|0 fnt
|faint|p1a: Krookodile
|
|
|switch|p1a: Infernape|Infernape, F|314\/314
|turn|35
|
|switch|p2a: Serpentine|Zygarde|261\/404
|-ability|p2a: Serpentine|Aura Break
|move|p1a: Infernape|Swords Dance|p1a: Infernape
|-boost|p1a: Infernape|atk|2
|
|-heal|p2a: Serpentine|286\/404|[from] item: Leftovers
|turn|36
|c|âdodmen|n
|
|move|p1a: Infernape|Close Combat|p2a: Serpentine
|-damage|p2a: Serpentine|0 fnt
|-unboost|p1a: Infernape|def|1
|-unboost|p1a: Infernape|spd|1
|-damage|p1a: Infernape|283\/314|[from] item: Life Orb
|faint|p2a: Serpentine
|
|c|âBob the Senpai|rip
|
|switch|p2a: Venus|Blissey, F|182\/714
|turn|37
|c|âdodmen|gg man
|
|move|p1a: Infernape|Fire Punch|p2a: Venus
|-damage|p2a: Venus|0 fnt
|-damage|p1a: Infernape|252\/314|[from] item: Life Orb
|faint|p2a: Venus
|
|win|dodmen
|c|âBob the Senpai|gg
|c|âBob the Senpai|mfw