|join|NobleKoe
|join|Bob the Senpai
|player|p1|NobleKoe|2
|player|p2|Bob the Senpai|23
|gametype|singles
|gen|6
|tier|UU
|rated
|rule|Sleep Clause Mod: Limit one foe put to sleep
|rule|Species Clause: Limit one of each PokÃ©mon
|rule|OHKO Clause: OHKO moves are banned
|rule|Moody Clause: Moody is banned
|rule|Evasion Moves Clause: Evasion moves are banned
|rule|Endless Battle Clause: Forcing endless battles is banned
|rule|HP Percentage Mod: HP is shown in percentages
|clearpoke
|poke|p1|Sceptile, M
|poke|p1|Quagsire, F
|poke|p1|Hydreigon, M
|poke|p1|Rotom-Heat
|poke|p1|Toxicroak, M
|poke|p1|Krookodile, F
|poke|p2|Shedinja
|poke|p2|Blissey, F
|poke|p2|Tentacruel, F
|poke|p2|Zygarde
|poke|p2|Aggron, F
|poke|p2|Togetic, F
|rule|Swagger Clause: Swagger is banned
|rule|Baton Pass Clause: Limit one PokÃ©mon knowing Baton Pass
|teampreview
|
|start
|switch|p1a: Quagsire|Quagsire, F|394\/394
|switch|p2a: Archilles|Aggron, F|344\/344
|turn|1
|
|detailschange|p2a: Archilles|Aggron-Mega, F
|message|Aggron has Mega Evolved into Mega Aggron!
|move|p2a: Archilles|Stealth Rock|p1a: Quagsire
|-sidestart|p1: NobleKoe|move: Stealth Rock
|move|p1a: Quagsire|Scald|p2a: Archilles
|-damage|p2a: Archilles|284\/344
|-status|p2a: Archilles|brn
|
|-damage|p2a: Archilles|241\/344 brn|[from] brn
|turn|2
|
|switch|p2a: Freyja|Togetic, F|314\/314
|move|p1a: Quagsire|Earthquake|p2a: Freyja
|-immune|p2a: Freyja|[msg]
|
|turn|3
|
|move|p2a: Freyja|Heal Bell|p2a: Freyja
|-cureteam|p2a: Freyja|[from] move: HealBell
|move|p1a: Quagsire|Toxic|p2a: Freyja
|-status|p2a: Freyja|tox
|
|-damage|p2a: Freyja|295\/314 tox|[from] psn
|turn|4
|join|watfor
|
|switch|p2a: Kraken|Tentacruel, F|364\/364
|switch|p1a: Toxicroak|Toxicroak, M|308\/308
|-damage|p1a: Toxicroak|289\/308|[from] Stealth Rock
|
|turn|5
|
|switch|p2a: Archilles|Aggron-Mega, F|241\/344
|move|p1a: Toxicroak|Swords Dance|p1a: Toxicroak
|-boost|p1a: Toxicroak|atk|2
|
|turn|6
|
|move|p1a: Toxicroak|Drain Punch|p2a: Archilles
|-supereffective|p2a: Archilles
|-damage|p2a: Archilles|36\/344
|-heal|p1a: Toxicroak|308\/308|[from] drain|[of] p2a: Archilles
|-damage|p1a: Toxicroak|278\/308|[from] item: Life Orb
|move|p2a: Archilles|Heavy Slam|p1a: Toxicroak
|-damage|p1a: Toxicroak|22\/308
|
|turn|7
|
|switch|p2a: Kraken|Tentacruel, F|364\/364
|move|p1a: Toxicroak|Drain Punch|p2a: Kraken
|-resisted|p2a: Kraken
|-damage|p2a: Kraken|212\/364
|-damage|p1a: Toxicroak|0 fnt|[from] ability: Liquid Ooze|[of] p2a: Kraken
|faint|p1a: Toxicroak
|
|-heal|p2a: Kraken|234\/364|[from] item: Black Sludge
|
|switch|p1a: Krookodile|Krookodile, F|332\/332
|-damage|p1a: Krookodile|312\/332|[from] Stealth Rock
|turn|8
|
|switch|p2a: Freyja|Togetic, F|295\/314 tox
|move|p1a: Krookodile|Knock Off|p2a: Freyja
|-resisted|p2a: Freyja
|-damage|p2a: Freyja|250\/314 tox
|-enditem|p2a: Freyja|Eviolite|[from] move: Knock Off|[of] p1a: Krookodile
|
|-damage|p2a: Freyja|231\/314 tox|[from] psn
|turn|9
|
|switch|p1a: Rotom-Heat|Rotom-Heat|304\/304
|-damage|p1a: Rotom-Heat|228\/304|[from] Stealth Rock
|move|p2a: Freyja|Heal Bell|p2a: Freyja
|-cureteam|p2a: Freyja|[from] move: HealBell
|
|turn|10
|
|switch|p2a: Serpentine|Zygarde|404\/404
|-ability|p2a: Serpentine|Aura Break
|move|p1a: Rotom-Heat|Will-O-Wisp|p2a: Serpentine
|-status|p2a: Serpentine|brn
|
|-damage|p2a: Serpentine|354\/404 brn|[from] brn
|turn|11
|
|switch|p2a: Venus|Blissey, F|714\/714
|switch|p1a: Quagsire|Quagsire, F|394\/394
|-damage|p1a: Quagsire|370\/394|[from] Stealth Rock
|
|-heal|p1a: Quagsire|394\/394|[from] item: Leftovers
|turn|12
|
|move|p2a: Venus|Wish|p2a: Venus
|move|p1a: Quagsire|Toxic|p2a: Venus
|-status|p2a: Venus|tox
|
|-damage|p2a: Venus|670\/714 tox|[from] psn
|turn|13
|
|switch|p2a: Kraken|Tentacruel, F|234\/364
|move|p1a: Quagsire|Earthquake|p2a: Kraken
|-supereffective|p2a: Kraken
|-damage|p2a: Kraken|54\/364
|
|-heal|p2a: Kraken|364\/364|[from] move: Wish|[wisher] Venus
|turn|14
|
|move|p2a: Kraken|Toxic Spikes|p1a: Quagsire
|-sidestart|p1: NobleKoe|move: Toxic Spikes
|move|p1a: Quagsire|Earthquake|p2a: Kraken
|-supereffective|p2a: Kraken
|-damage|p2a: Kraken|184\/364
|
|-heal|p2a: Kraken|206\/364|[from] item: Black Sludge
|turn|15
|
|switch|p2a: Venus|Blissey, F|670\/714
|move|p1a: Quagsire|Earthquake|p2a: Venus
|-damage|p2a: Venus|483\/714
|
|-heal|p2a: Venus|527\/714|[from] item: Leftovers
|turn|16
|
|move|p2a: Venus|Wish|p2a: Venus
|move|p1a: Quagsire|Toxic|p2a: Venus
|-status|p2a: Venus|tox
|
|-heal|p2a: Venus|571\/714 tox|[from] item: Leftovers
|-damage|p2a: Venus|527\/714 tox|[from] psn
|turn|17
|join|meowiekins
|
|switch|p1a: Krookodile|Krookodile, F|312\/332
|-damage|p1a: Krookodile|292\/332|[from] Stealth Rock
|-status|p1a: Krookodile|psn
|move|p2a: Venus|Counter|p1a: Krookodile
|-fail|p1a: Krookodile
|
|-heal|p2a: Venus|714\/714 tox|[from] move: Wish|[wisher] Venus
|-damage|p1a: Krookodile|251\/332 psn|[from] psn
|-damage|p2a: Venus|626\/714 tox|[from] psn
|turn|18
|
|switch|p2a: Freyja|Togetic, F|231\/314
|move|p1a: Krookodile|Earthquake|p2a: Freyja
|-immune|p2a: Freyja|[msg]
|
|-damage|p1a: Krookodile|210\/332 psn|[from] psn
|turn|19
|
|switch|p1a: Rotom-Heat|Rotom-Heat|228\/304
|-damage|p1a: Rotom-Heat|152\/304|[from] Stealth Rock
|move|p2a: Freyja|Heal Bell|p2a: Freyja
|-cureteam|p2a: Freyja|[from] move: HealBell
|
|turn|20
|join|purrl
|
|switch|p2a: Venus|Blissey, F|626\/714
|move|p1a: Rotom-Heat|Rest|p1a: Rotom-Heat
|-status|p1a: Rotom-Heat|slp
|-heal|p1a: Rotom-Heat|304\/304 slp|[silent]
|-status|p1a: Rotom-Heat|slp|[from] move: Rest
|-enditem|p1a: Rotom-Heat|Chesto Berry|[eat]
|-curestatus|p1a: Rotom-Heat|slp
|
|-heal|p2a: Venus|670\/714|[from] item: Leftovers
|turn|21
|
|move|p1a: Rotom-Heat|Volt Switch|p2a: Venus
|-damage|p2a: Venus|600\/714
|
|switch|p1a: Krookodile|Krookodile, F|210\/332 psn
|-damage|p1a: Krookodile|190\/332 psn|[from] Stealth Rock
|move|p2a: Venus|Wish|p2a: Venus
|
|-heal|p2a: Venus|644\/714|[from] item: Leftovers
|-damage|p1a: Krookodile|149\/332 psn|[from] psn
|turn|22
|join|sadadsasdwedwed
|
|move|p1a: Krookodile|Stone Edge|p2a: Venus
|-damage|p2a: Venus|416\/714
|move|p2a: Venus|Counter|p1a: Krookodile
|-damage|p1a: Krookodile|0 fnt
|faint|p1a: Krookodile
|
|-heal|p2a: Venus|714\/714|[from] move: Wish|[wisher] Venus
|leave|NobleKoe
|player|p1
|c| watfor|rip
|c|âBob the Senpai|rip
|c|âBob the Senpai|only real men use counter blis
|join|DatGuyChuck
|c|âBob the Senpai|tbh
|c| watfor|truuu
|c| watfor|i like how he is like offense with a quagsire
|c| meowiekins|i used it firstest
|join|viaw
|c|âBob the Senpai|low ladder
|c|âBob the Senpai|dont question it
|c| watfor|kek
|c| viaw|lul
|c| meowiekins|bob didnt i tell you to use counter bliss
|c|âBob the Senpai|no
|c|âBob the Senpai|wtf
|c| meowiekins|i definitely did
|c| viaw|counter bliss is old
|c|âBob the Senpai|you high
|c| viaw|as fuckkk
|-message|noblekoe lost due to inactivity.
|
|win|Bob the Senpai
|raw|Ladder updating...
|raw|NobleKoe's rating: 1039 &rarr; <strong>1029<\/strong><br \/>(-10 for losing)
|raw|Bob the Senpai's rating: 1163 &rarr; <strong>1180<\/strong><br \/>(+17 for winning)