|join|Sacri'
|join|Bob the Senpai
|player|p1|Sacri'|170
|player|p2|Bob the Senpai|23
|gametype|singles
|gen|6
|tier|UU
|rated
|rule|Sleep Clause Mod: Limit one foe put to sleep
|rule|Species Clause: Limit one of each PokÃ©mon
|rule|OHKO Clause: OHKO moves are banned
|rule|Moody Clause: Moody is banned
|rule|Evasion Moves Clause: Evasion moves are banned
|rule|Endless Battle Clause: Forcing endless battles is banned
|rule|HP Percentage Mod: HP is shown in percentages
|clearpoke
|poke|p1|Absol, F
|poke|p1|Nidoqueen, F
|poke|p1|Chandelure, F
|poke|p1|Togetic, F
|poke|p1|Vaporeon, F
|poke|p1|Zygarde
|poke|p2|Shedinja
|poke|p2|Blissey, F
|poke|p2|Tentacruel, F
|poke|p2|Zygarde
|poke|p2|Aggron, M
|poke|p2|Togetic, M
|rule|Swagger Clause: Swagger is banned
|rule|Baton Pass Clause: Limit one PokÃ©mon knowing Baton Pass
|teampreview
|
|start
|switch|p1a: Nidoqueen|Nidoqueen, F|384\/384
|switch|p2a: Archilles|Aggron, M|344\/344
|turn|1
|
|switch|p2a: Hades|Shedinja|1\/1
|move|p1a: Nidoqueen|Earth Power|p2a: Hades
|-activate|p2a: Hades|ability: Wonder Guard
|
|turn|2
|
|switch|p1a: Absol|Absol, F|271\/271
|move|p2a: Hades|Will-O-Wisp|p1a: Absol
|-status|p1a: Absol|brn
|
|-damage|p1a: Absol|238\/271 brn|[from] brn
|turn|3
|
|detailschange|p1a: Absol|Absol-Mega, F
|message|Absol has Mega Evolved into Mega Absol!
|move|p1a: Absol|Sucker Punch|p2a: Hades
|-supereffective|p2a: Hades
|-enditem|p2a: Hades|Focus Sash
|-damage|p2a: Hades|1\/1
|move|p2a: Hades|X-Scissor|p1a: Absol
|-supereffective|p1a: Absol
|-damage|p1a: Absol|0 fnt
|faint|p1a: Absol
|
|
|switch|p1a: Chandelure|Chandelure, F|262\/262
|turn|4
|
|switch|p2a: Serpentine|Zygarde|404\/404
|-ability|p2a: Serpentine|Aura Break
|move|p1a: Chandelure|Shadow Ball|p2a: Serpentine
|-damage|p2a: Serpentine|280\/404
|
|-heal|p2a: Serpentine|305\/404|[from] item: Leftovers
|turn|5
|
|switch|p1a: Togetic|Togetic, F|314\/314
|switch|p2a: Archilles|Aggron, M|344\/344
|
|turn|6
|
|switch|p1a: Nidoqueen|Nidoqueen, F|384\/384
|detailschange|p2a: Archilles|Aggron-Mega, M
|message|Aggron has Mega Evolved into Mega Aggron!
|move|p2a: Archilles|Toxic|p1a: Nidoqueen
|-fail|p1a: Nidoqueen
|
|turn|7
|
|switch|p2a: Hades|Shedinja|1\/1
|move|p1a: Nidoqueen|Stealth Rock|p2a: Hades
|-sidestart|p2: Bob the Senpai|move: Stealth Rock
|
|turn|8
|
|switch|p1a: Chandelure|Chandelure, F|262\/262
|move|p2a: Hades|Swords Dance|p2a: Hades
|-boost|p2a: Hades|atk|2
|
|turn|9
|
|move|p2a: Hades|Shadow Sneak|p1a: Chandelure
|-supereffective|p1a: Chandelure
|-damage|p1a: Chandelure|16\/262
|move|p1a: Chandelure|Shadow Ball|p2a: Hades
|-supereffective|p2a: Hades
|-damage|p2a: Hades|0 fnt
|faint|p2a: Hades
|
|-heal|p1a: Chandelure|32\/262|[from] item: Leftovers
|
|switch|p2a: Kraken|Tentacruel, F|364\/364
|-damage|p2a: Kraken|319\/364|[from] Stealth Rock
|turn|10
|
|switch|p1a: Zygarde|Zygarde|358\/358
|-ability|p1a: Zygarde|Aura Break
|move|p2a: Kraken|Scald|p1a: Zygarde
|-damage|p1a: Zygarde|280\/358
|
|-heal|p2a: Kraken|341\/364|[from] item: Black Sludge
|turn|11
|
|switch|p2a: Freyja|Togetic, M|314\/314
|-damage|p2a: Freyja|236\/314|[from] Stealth Rock
|move|p1a: Zygarde|Dragon Dance|p1a: Zygarde
|-boost|p1a: Zygarde|atk|1
|-boost|p1a: Zygarde|spe|1
|
|turn|12
|
|move|p1a: Zygarde|Extreme Speed|p2a: Freyja
|-damage|p2a: Freyja|171\/314
|move|p2a: Freyja|Dazzling Gleam|p1a: Zygarde
|-supereffective|p1a: Zygarde
|-damage|p1a: Zygarde|104\/358
|
|turn|13
|
|switch|p1a: Vaporeon|Vaporeon, F|464\/464
|move|p2a: Freyja|Defog|p1a: Vaporeon
|-unboost|p1a: Vaporeon|evasion|1
|-sideend|p2: Bob the Senpai|Stealth Rock|[from] move: Defog|[of] p2a: Freyja
|
|turn|14
|
|switch|p2a: Archilles|Aggron-Mega, M|344\/344
|move|p1a: Vaporeon|Wish|p1a: Vaporeon
|
|turn|15
|
|switch|p1a: Zygarde|Zygarde|104\/358
|-ability|p1a: Zygarde|Aura Break
|move|p2a: Archilles|Roar|p1a: Zygarde
|drag|p1a: Vaporeon|Vaporeon, F|464\/464
|
|turn|16
|
|move|p1a: Vaporeon|Wish|p1a: Vaporeon
|move|p2a: Archilles|Stealth Rock|p1a: Vaporeon
|-sidestart|p1: Sacri'|move: Stealth Rock
|
|turn|17
|
|move|p1a: Vaporeon|Scald|p2a: Archilles
|-damage|p2a: Archilles|254\/344
|move|p2a: Archilles|Toxic|p1a: Vaporeon
|-status|p1a: Vaporeon|tox
|
|-damage|p1a: Vaporeon|435\/464 tox|[from] psn
|turn|18
|
|move|p1a: Vaporeon|Heal Bell|p1a: Vaporeon
|-cureteam|p1a: Vaporeon|[from] move: HealBell
|move|p2a: Archilles|Roar|p1a: Vaporeon
|drag|p1a: Zygarde|Zygarde|104\/358
|-damage|p1a: Zygarde|82\/358|[from] Stealth Rock
|-ability|p1a: Zygarde|Aura Break
|
|turn|19
|
|switch|p1a: Vaporeon|Vaporeon, F|435\/464
|-damage|p1a: Vaporeon|377\/464|[from] Stealth Rock
|move|p2a: Archilles|Roar|p1a: Vaporeon
|drag|p1a: Zygarde|Zygarde|82\/358
|-damage|p1a: Zygarde|60\/358|[from] Stealth Rock
|-ability|p1a: Zygarde|Aura Break
|
|turn|20
|
|move|p1a: Zygarde|Earthquake|p2a: Archilles
|-supereffective|p2a: Archilles
|-damage|p2a: Archilles|137\/344
|move|p2a: Archilles|Heavy Slam|p1a: Zygarde
|-damage|p1a: Zygarde|2\/358
|
|turn|21
|
|switch|p2a: Freyja|Togetic, M|171\/314
|move|p1a: Zygarde|Earthquake|p2a: Freyja
|-immune|p2a: Freyja|[msg]
|
|turn|22
|
|switch|p2a: Venus|Blissey, F|714\/714
|move|p1a: Zygarde|Extreme Speed|p2a: Venus
|-damage|p2a: Venus|543\/714
|
|-heal|p2a: Venus|587\/714|[from] item: Leftovers
|turn|23
|
|move|p1a: Zygarde|Outrage|p2a: Venus
|-damage|p2a: Venus|230\/714
|move|p2a: Venus|Wish|p2a: Venus
|
|-heal|p2a: Venus|274\/714|[from] item: Leftovers
|turn|24
|
|switch|p2a: Archilles|Aggron-Mega, M|137\/344
|move|p1a: Zygarde|Outrage|p2a: Archilles
|-resisted|p2a: Archilles
|-damage|p2a: Archilles|92\/344
|
|-heal|p2a: Archilles|344\/344|[from] move: Wish|[wisher] Venus
|turn|25
|-message|Sacri' forfeited.
|
|win|Bob the Senpai
|raw|Ladder updating...
|raw|Sacri&apos;'s rating: 1472 &rarr; <strong>1458<\/strong><br \/>(-14 for losing)
|raw|Bob the Senpai's rating: 1581 &rarr; <strong>1595<\/strong><br \/>(+14 for winning)
|leave|Sacri'
|player|p1