|join|poon-occhio (DD)
|join|Bob the Senpai
|player|p1|poon-occhio (DD)|114
|player|p2|Bob the Senpai|23
|gametype|singles
|gen|6
|tier|UU
|rated
|rule|Sleep Clause Mod: Limit one foe put to sleep
|rule|Species Clause: Limit one of each PokÃ©mon
|rule|OHKO Clause: OHKO moves are banned
|rule|Moody Clause: Moody is banned
|rule|Evasion Moves Clause: Evasion moves are banned
|rule|Endless Battle Clause: Forcing endless battles is banned
|rule|HP Percentage Mod: HP is shown in percentages
|clearpoke
|poke|p1|Pidgeot, F
|poke|p1|Vaporeon, F
|poke|p1|Nidoking, M
|poke|p1|Jirachi
|poke|p1|Gligar, F
|poke|p1|Lucario, M
|poke|p2|Shedinja
|poke|p2|Blissey, F
|poke|p2|Tentacruel, M
|poke|p2|Zygarde
|poke|p2|Aggron, F
|poke|p2|Togetic, F
|rule|Swagger Clause: Swagger is banned
|rule|Baton Pass Clause: Limit one PokÃ©mon knowing Baton Pass
|teampreview
|c|âBob the Senpai|oh
|c|âBob the Senpai|took me like 10 minutes to get this match
|c|âpoon-occhio (DD)|o rip
|c|âBob the Senpai|rip
|c|âpoon-occhio (DD)|this time
|c|âpoon-occhio (DD)|sure
|join|meowiekins
|c|âpoon-occhio (DD)|ly
|join|RowDog
|
|start
|switch|p1a: Nidoking|Nidoking, M|304\/304
|switch|p2a: Archilles|Aggron, F|344\/344
|turn|1
|c|âBob the Senpai|wow nerd
|c| meowiekins|ez
|join|TheCanadianWifier
|leave|TheCanadianWifier
|
|switch|p1a: Gligar|Gligar, F|334\/334
|switch|p2a: Venus|Blissey, F|714\/714
|
|turn|2
|c| meowiekins|ez
|
|switch|p2a: Freyja|Togetic, F|314\/314
|move|p1a: Gligar|Stealth Rock|p2a: Freyja
|-sidestart|p2: Bob the Senpai|move: Stealth Rock
|
|turn|3
|
|move|p1a: Gligar|U-turn|p2a: Freyja
|-resisted|p2a: Freyja
|-damage|p2a: Freyja|308\/314
|c| meowiekins|ez
|
|switch|p1a: Jirachi|Jirachi|341\/341
|move|p2a: Freyja|Defog|p1a: Jirachi
|-unboost|p1a: Jirachi|evasion|1
|-sideend|p2: Bob the Senpai|Stealth Rock|[from] move: Defog|[of] p2a: Freyja
|
|turn|4
|
|switch|p2a: Hades|Shedinja|1\/1
|move|p1a: Jirachi|Trick|p2a: Hades
|-activate|p1a: Jirachi|move: Trick|[of] p2a: Hades
|-item|p2a: Hades|Choice Scarf|[from] move: Trick
|-item|p1a: Jirachi|Focus Sash|[from] move: Trick
|
|turn|5
|c| meowiekins|nb
|c|âBob the Senpai|rip
|c| meowiekins|ez
|c| RowDog|rip
|
|switch|p1a: Pidgeot|Pidgeot, F|307\/307
|move|p2a: Hades|Will-O-Wisp|p1a: Pidgeot
|-status|p1a: Pidgeot|brn
|
|-damage|p1a: Pidgeot|269\/307 brn|[from] brn
|turn|6
|c| meowiekins|hi rowdog
|
|switch|p2a: Archilles|Aggron, F|344\/344
|detailschange|p1a: Pidgeot|Pidgeot-Mega, F
|message|Pidgeot has Mega Evolved into Mega Pidgeot!
|move|p1a: Pidgeot|U-turn|p2a: Archilles
|-resisted|p2a: Archilles
|-damage|p2a: Archilles|337\/344
|c| RowDog|hello n_n
|
|switch|p1a: Nidoking|Nidoking, M|304\/304
|
|turn|7
|
|switch|p2a: Venus|Blissey, F|714\/714
|move|p1a: Nidoking|Earth Power|p2a: Venus
|-damage|p2a: Venus|558\/714
|
|-heal|p2a: Venus|602\/714|[from] item: Leftovers
|turn|8
|
|switch|p1a: Gligar|Gligar, F|334\/334
|move|p2a: Venus|Seismic Toss|p1a: Gligar
|-damage|p1a: Gligar|234\/334
|
|-heal|p2a: Venus|646\/714|[from] item: Leftovers
|turn|9
|
|switch|p2a: Archilles|Aggron, F|337\/344
|move|p1a: Gligar|U-turn|p2a: Archilles
|-resisted|p2a: Archilles
|-damage|p2a: Archilles|324\/344
|c| RowDog|this chip dmg
|
|switch|p1a: Vaporeon|Vaporeon, F|464\/464
|
|turn|10
|
|detailschange|p2a: Archilles|Aggron-Mega, F
|message|Aggron has Mega Evolved into Mega Aggron!
|move|p1a: Vaporeon|Scald|p2a: Archilles
|-damage|p2a: Archilles|242\/344
|-status|p2a: Archilles|brn
|move|p2a: Archilles|Stealth Rock|p1a: Vaporeon
|-sidestart|p1: poon-occhio (DD)|move: Stealth Rock
|
|-damage|p2a: Archilles|199\/344 brn|[from] brn
|turn|11
|c| meowiekins|ez
|c|âBob the Senpai|wowhax
|c| RowDog|rekt
|
|switch|p1a: Gligar|Gligar, F|234\/334
|-damage|p1a: Gligar|193\/334|[from] Stealth Rock
|switch|p2a: Freyja|Togetic, F|308\/314
|
|turn|12
|c| meowiekins|bob so bad
|c| meowiekins|lmoa
|c|âBob the Senpai|rip in piees
|
|move|p1a: Gligar|Defog|p2a: Freyja
|-unboost|p2a: Freyja|evasion|1
|-sideend|p1: poon-occhio (DD)|Stealth Rock|[from] move: Defog|[of] p1a: Gligar
|move|p2a: Freyja|Heal Bell|p2a: Freyja
|-cureteam|p2a: Freyja|[from] move: HealBell
|
|turn|13
|
|switch|p2a: Venus|Blissey, F|646\/714
|move|p1a: Gligar|Stealth Rock|p2a: Venus
|-sidestart|p2: Bob the Senpai|move: Stealth Rock
|
|-heal|p2a: Venus|690\/714|[from] item: Leftovers
|turn|14
|
|move|p1a: Gligar|U-turn|p2a: Venus
|-damage|p2a: Venus|614\/714
|c|âpoon-occhio (DD)|this would be so much easier if i had crunch luc
|c| meowiekins|bob next time tell me if youre waiting like 20 mins
|c| meowiekins|ill get on shit acc
|c| meowiekins|and snipe you
|c| meowiekins|and win
|c|âBob the Senpai|oh
|
|switch|p1a: Lucario|Lucario, M|281\/281
|move|p2a: Venus|Counter|p1a: Lucario
|-damage|p1a: Lucario|129\/281
|
|-heal|p2a: Venus|658\/714|[from] item: Leftovers
|turn|15
|c|âBob the Senpai|nty
|c| meowiekins|lol
|c|âpoon-occhio (DD)|ouch
|c| meowiekins|11%
|c|âpoon-occhio (DD)|the hell
|c| meowiekins|or 54%
|
|switch|p2a: Kraken|Tentacruel, M|364\/364
|-damage|p2a: Kraken|319\/364|[from] Stealth Rock
|move|p1a: Lucario|Close Combat|p2a: Kraken
|-resisted|p2a: Kraken
|-damage|p2a: Kraken|197\/364
|-unboost|p1a: Lucario|def|1
|-unboost|p1a: Lucario|spd|1
|-damage|p1a: Lucario|101\/281|[from] item: Life Orb
|
|-heal|p2a: Kraken|219\/364|[from] item: Black Sludge
|turn|16
|c| RowDog|11% of Blisseys HP
|c| RowDog|is 50% of Lucs
|c| RowDog|lol
|c| meowiekins|lmoa
|
|switch|p1a: Nidoking|Nidoking, M|304\/304
|move|p2a: Kraken|Rapid Spin|p1a: Nidoking
|-damage|p1a: Nidoking|291\/304
|-sideend|p2: Bob the Senpai|Stealth Rock|[from] move: Rapid Spin|[of] p2a: Kraken
|
|-heal|p2a: Kraken|241\/364|[from] item: Black Sludge
|turn|17
|join|Colbrushie
|
|switch|p1a: Lucario|Lucario, M|101\/281
|switch|p2a: Venus|Blissey, F|658\/714
|
|-heal|p2a: Venus|702\/714|[from] item: Leftovers
|turn|18
|
|switch|p2a: Hades|Shedinja|1\/1
|move|p1a: Lucario|Swords Dance|p1a: Lucario
|-boost|p1a: Lucario|atk|2
|
|turn|19
|c| LMeOwAkins|colbrushie
|c| LMeOwAkins|this or the other one
|
|switch|p1a: Pidgeot|Pidgeot-Mega, F|269\/307 brn
|switch|p2a: Freyja|Togetic, F|308\/314
|
|-damage|p1a: Pidgeot|231\/307 brn|[from] brn
|turn|20
|
|move|p1a: Pidgeot|Hurricane|p2a: Freyja
|-damage|p2a: Freyja|170\/314
|-start|p2a: Freyja|confusion
|-activate|p2a: Freyja|confusion
|-damage|p2a: Freyja|162\/314|[from] confusion
|
|-damage|p1a: Pidgeot|193\/307 brn|[from] brn
|turn|21
|c| RowDog|hax
|c| LMeOwAkins|rip
|
|switch|p2a: Venus|Blissey, F|702\/714
|move|p1a: Pidgeot|Hurricane|p2a: Venus
|-damage|p2a: Venus|555\/714
|
|-heal|p2a: Venus|599\/714|[from] item: Leftovers
|-damage|p1a: Pidgeot|155\/307 brn|[from] brn
|turn|22
|c|âBob the Senpai|rip
|c| RowDog|fckin hate Pidgeot
|
|move|p1a: Pidgeot|Roost|p1a: Pidgeot
|-heal|p1a: Pidgeot|307\/307 brn
|move|p2a: Venus|Wish|p2a: Venus
|
|-heal|p2a: Venus|643\/714|[from] item: Leftovers
|-damage|p1a: Pidgeot|269\/307 brn|[from] brn
|turn|23
|c| RowDog|screw your confusion shit
|c|âBob the Senpai|ikr
|c|âBob the Senpai|such a cunt
|
|switch|p2a: Archilles|Aggron-Mega, F|199\/344
|move|p1a: Pidgeot|Hurricane|p2a: Archilles
|-resisted|p2a: Archilles
|-damage|p2a: Archilles|119\/344
|
|-heal|p2a: Archilles|344\/344|[from] move: Wish|[wisher] Venus
|-damage|p1a: Pidgeot|231\/307 brn|[from] brn
|turn|24
|c| LMeOwAkins|and its hurricane never seems to miss!
|
|move|p1a: Pidgeot|Heat Wave|p2a: Archilles
|-supereffective|p2a: Archilles
|-damage|p2a: Archilles|193\/344
|move|p2a: Archilles|Heavy Slam|p1a: Pidgeot
|-damage|p1a: Pidgeot|14\/307 brn
|
|-damage|p1a: Pidgeot|0 fnt|[from] brn
|faint|p1a: Pidgeot
|c| LMeOwAkins|its CRAZY!!
|c| RowDog|funny that
|c|âpoon-occhio (DD)|o
|c|âpoon-occhio (DD)|i just
|c|âBob the Senpai|ez
|c|âpoon-occhio (DD)|lose
|c|âpoon-occhio (DD)|t
|c| LMeOwAkins|loset
|c| LMeOwAkins|ye
|c| RowDog|!data No Guard
|c| LMeOwAkins|ik lol
|c|âpoon-occhio (DD)|ge ge
|-message|poon-occhio (DD) forfeited.
|
|win|Bob the Senpai
|raw|Ladder updating...
|leave|poon-occhio (DD)
|player|p1
|raw|poon-occhio (DD)'s rating: 1440 &rarr; <strong>1428<\/strong><br \/>(-12 for losing)
|raw|Bob the Senpai's rating: 1574 &rarr; <strong>1587<\/strong><br \/>(+13 for winning)
|c| RowDog|ez
|c|âBob the Senpai|pidgeot is a fkn filthy casual
|c| RowDog|lol
|c| RowDog|tru
|c| meowiekins|2 more bob
|c| meowiekins|lol
|c|âBob the Senpai|im choke master
|c| RowDog|lets do it
|c|âBob the Senpai|tho