|join|MichaelWeston
|join|Bob the Senpai
|player|p1|MichaelWeston|260
|player|p2|Bob the Senpai|23
|gametype|singles
|gen|6
|tier|UU
|rated
|rule|Sleep Clause Mod: Limit one foe put to sleep
|rule|Species Clause: Limit one of each PokÃ©mon
|rule|OHKO Clause: OHKO moves are banned
|rule|Moody Clause: Moody is banned
|rule|Evasion Moves Clause: Evasion moves are banned
|rule|Endless Battle Clause: Forcing endless battles is banned
|rule|HP Percentage Mod: HP is shown in percentages
|clearpoke
|poke|p1|Toxicroak, M
|poke|p1|Hydreigon, F
|poke|p1|Azelf
|poke|p1|Krookodile, M
|poke|p1|Banette, M
|poke|p1|Lucario, M
|poke|p2|Shedinja
|poke|p2|Blissey, F
|poke|p2|Zygarde
|poke|p2|Aggron, F
|poke|p2|Tentacruel, M
|poke|p2|Togetic, M
|rule|Swagger Clause: Swagger is banned
|rule|Baton Pass Clause: Limit one PokÃ©mon knowing Baton Pass
|teampreview
|
|start
|switch|p1a: Hydreigon|Hydreigon, F|325\/325
|switch|p2a: Archilles|Aggron, F|344\/344
|turn|1
|
|switch|p2a: Venus|Blissey, F|714\/714
|move|p1a: Hydreigon|Dark Pulse|p2a: Venus
|-damage|p2a: Venus|609\/714
|
|-heal|p2a: Venus|653\/714|[from] item: Leftovers
|turn|2
|
|switch|p1a: Toxicroak|Toxicroak, M|317\/317
|move|p2a: Venus|Seismic Toss|p1a: Toxicroak
|-damage|p1a: Toxicroak|217\/317
|
|-heal|p1a: Toxicroak|236\/317|[from] item: Black Sludge
|-heal|p2a: Venus|697\/714|[from] item: Leftovers
|turn|3
|
|switch|p1a: Banette|Banette, M|332\/332
|-item|p2a: Venus|Leftovers|[from] ability: Frisk|[of] p1a: Banette|[identify]
|switch|p2a: Serpentine|Zygarde|404\/404
|-ability|p2a: Serpentine|Aura Break
|
|turn|4
|
|switch|p2a: Kraken|Tentacruel, M|364\/364
|detailschange|p1a: Banette|Banette-Mega, M
|message|Banette has Mega Evolved into Mega Banette!
|move|p1a: Banette|Will-O-Wisp|p2a: Kraken
|-status|p2a: Kraken|brn
|
|-damage|p2a: Kraken|319\/364 brn|[from] brn
|turn|5
|
|switch|p2a: Serpentine|Zygarde|404\/404
|-ability|p2a: Serpentine|Aura Break
|switch|p1a: Toxicroak|Toxicroak, M|236\/317
|
|-heal|p1a: Toxicroak|255\/317|[from] item: Black Sludge
|turn|6
|
|switch|p1a: Krookodile|Krookodile, M|394\/394
|-ability|p1a: Krookodile|Intimidate|[of] p2a: Serpentine
|-unboost|p2a: Serpentine|atk|1
|move|p2a: Serpentine|Substitute|p2a: Serpentine
|-start|p2a: Serpentine|Substitute
|-damage|p2a: Serpentine|303\/404
|
|-heal|p2a: Serpentine|328\/404|[from] item: Leftovers
|turn|7
|
|move|p1a: Krookodile|Knock Off|p2a: Serpentine
|-end|p2a: Serpentine|Substitute
|move|p2a: Serpentine|Dragon Tail|p1a: Krookodile
|-damage|p1a: Krookodile|355\/394
|drag|p1a: Toxicroak|Toxicroak, M|255\/317
|
|-heal|p2a: Serpentine|353\/404|[from] item: Leftovers
|-heal|p1a: Toxicroak|274\/317|[from] item: Black Sludge
|turn|8
|
|move|p2a: Serpentine|Earthquake|p1a: Toxicroak
|-crit|p1a: Toxicroak
|-supereffective|p1a: Toxicroak
|-damage|p1a: Toxicroak|0 fnt
|faint|p1a: Toxicroak
|
|-heal|p2a: Serpentine|378\/404|[from] item: Leftovers
|
|switch|p1a: Hydreigon|Hydreigon, F|325\/325
|turn|9
|
|switch|p2a: Freyja|Togetic, M|314\/314
|move|p1a: Hydreigon|U-turn|p2a: Freyja
|-resisted|p2a: Freyja
|-damage|p2a: Freyja|307\/314
|
|switch|p1a: Lucario|Lucario, M|281\/281
|
|turn|10
|
|move|p1a: Lucario|Bullet Punch|p2a: Freyja
|-supereffective|p2a: Freyja
|-damage|p2a: Freyja|213\/314
|-damage|p1a: Lucario|253\/281|[from] item: Life Orb
|move|p2a: Freyja|Dazzling Gleam|p1a: Lucario
|-damage|p1a: Lucario|142\/281
|
|turn|11
|
|switch|p2a: Hades|Shedinja|1\/1
|move|p1a: Lucario|Swords Dance|p1a: Lucario
|-boost|p1a: Lucario|atk|2
|
|turn|12
|
|switch|p1a: Krookodile|Krookodile, M|355\/394
|-ability|p1a: Krookodile|Intimidate|[of] p2a: Hades
|-unboost|p2a: Hades|atk|1
|move|p2a: Hades|Will-O-Wisp|p1a: Krookodile
|-status|p1a: Krookodile|brn
|
|-heal|p1a: Krookodile|379\/394 brn|[from] item: Leftovers
|-damage|p1a: Krookodile|330\/394 brn|[from] brn
|turn|13
|
|move|p1a: Krookodile|Pursuit|p2a: Hades|[from]Pursuit
|-supereffective|p2a: Hades
|-enditem|p2a: Hades|Focus Sash
|-damage|p2a: Hades|1\/1
|switch|p2a: Freyja|Togetic, M|213\/314
|
|-heal|p1a: Krookodile|354\/394 brn|[from] item: Leftovers
|-damage|p1a: Krookodile|305\/394 brn|[from] brn
|turn|14
|
|move|p1a: Krookodile|Knock Off|p2a: Freyja
|-resisted|p2a: Freyja
|-damage|p2a: Freyja|196\/314
|-enditem|p2a: Freyja|Eviolite|[from] move: Knock Off|[of] p1a: Krookodile
|move|p2a: Freyja|Roost|p2a: Freyja
|-heal|p2a: Freyja|314\/314
|
|-heal|p1a: Krookodile|329\/394 brn|[from] item: Leftovers
|-damage|p1a: Krookodile|280\/394 brn|[from] brn
|turn|15
|
|move|p1a: Krookodile|Stealth Rock|p2a: Freyja
|-sidestart|p2: Bob the Senpai|move: Stealth Rock
|move|p2a: Freyja|Dazzling Gleam|p1a: Krookodile
|-supereffective|p1a: Krookodile
|-damage|p1a: Krookodile|64\/394 brn
|
|-heal|p1a: Krookodile|88\/394 brn|[from] item: Leftovers
|-damage|p1a: Krookodile|39\/394 brn|[from] brn
|turn|16
|
|switch|p1a: Lucario|Lucario, M|142\/281
|move|p2a: Freyja|Defog|p1a: Lucario
|-unboost|p1a: Lucario|evasion|1
|-sideend|p2: Bob the Senpai|Stealth Rock|[from] move: Defog|[of] p2a: Freyja
|
|turn|17
|
|switch|p1a: Hydreigon|Hydreigon, F|325\/325
|switch|p2a: Hades|Shedinja|1\/1
|
|turn|18
|
|switch|p2a: Venus|Blissey, F|697\/714
|move|p1a: Hydreigon|Fire Blast|p2a: Venus
|-damage|p2a: Venus|607\/714
|-status|p2a: Venus|brn
|
|-heal|p2a: Venus|651\/714 brn|[from] item: Leftovers
|-damage|p2a: Venus|562\/714 brn|[from] brn
|turn|19
|
|switch|p1a: Banette|Banette-Mega, M|332\/332
|switch|p2a: Serpentine|Zygarde|378\/404
|-ability|p2a: Serpentine|Aura Break
|
|-heal|p2a: Serpentine|403\/404|[from] item: Leftovers
|turn|20
|
|switch|p2a: Kraken|Tentacruel, M|319\/364 brn
|move|p1a: Banette|Will-O-Wisp|p2a: Kraken
|-fail|p2a: Kraken|brn
|
|-heal|p2a: Kraken|341\/364 brn|[from] item: Black Sludge
|-damage|p2a: Kraken|296\/364 brn|[from] brn
|turn|21
|
|move|p1a: Banette|Sucker Punch|p2a: Kraken
|-fail|p2a: Kraken
|move|p2a: Kraken|Toxic Spikes|p1a: Banette
|-sidestart|p1: MichaelWeston|move: Toxic Spikes
|
|-heal|p2a: Kraken|318\/364 brn|[from] item: Black Sludge
|-damage|p2a: Kraken|273\/364 brn|[from] brn
|turn|22
|
|move|p1a: Banette|Shadow Sneak|p2a: Kraken
|-damage|p2a: Kraken|191\/364 brn
|move|p2a: Kraken|Toxic|p1a: Banette
|-status|p1a: Banette|tox
|
|-heal|p2a: Kraken|213\/364 brn|[from] item: Black Sludge
|-damage|p2a: Kraken|168\/364 brn|[from] brn
|-damage|p1a: Banette|312\/332 tox|[from] psn
|turn|23
|
|switch|p2a: Venus|Blissey, F|562\/714
|move|p1a: Banette|Shadow Sneak|p2a: Venus
|-immune|p2a: Venus|[msg]
|
|-heal|p2a: Venus|606\/714|[from] item: Leftovers
|-damage|p1a: Banette|272\/332 tox|[from] psn
|turn|24
|-message|MichaelWeston forfeited.
|
|win|Bob the Senpai
|raw|Ladder updating...
|leave|MichaelWeston
|player|p1
|raw|MichaelWeston's rating: 1415 &rarr; <strong>1393<\/strong><br \/>(-22 for losing)
|raw|Bob the Senpai's rating: 1381 &rarr; <strong>1403<\/strong><br \/>(+22 for winning)
|leave|Bob the Senpai
|player|p2
|join|Bob the Senpai