|join|Bob the Senpai
|join|Pedderz99
|player|p1|Bob the Senpai|23
|player|p2|Pedderz99|101
|gametype|singles
|gen|6
|tier|UU
|rated
|rule|Sleep Clause Mod: Limit one foe put to sleep
|rule|Species Clause: Limit one of each PokÃ©mon
|rule|OHKO Clause: OHKO moves are banned
|rule|Moody Clause: Moody is banned
|rule|Evasion Moves Clause: Evasion moves are banned
|rule|Endless Battle Clause: Forcing endless battles is banned
|rule|HP Percentage Mod: HP is shown in percentages
|clearpoke
|poke|p1|Shedinja
|poke|p1|Blissey, F
|poke|p1|Tentacruel, F
|poke|p1|Zygarde
|poke|p1|Aggron, M
|poke|p1|Togetic, M
|poke|p2|Beedrill, F
|poke|p2|Tentacruel, F
|poke|p2|Hydreigon, F
|poke|p2|Rotom-Heat
|poke|p2|Lucario, M
|poke|p2|Espeon, M
|rule|Swagger Clause: Swagger is banned
|rule|Baton Pass Clause: Limit one PokÃ©mon knowing Baton Pass
|teampreview
|
|start
|switch|p1a: Archilles|Aggron, M|344\/344
|switch|p2a: Rotom-Heat|Rotom-Heat|241\/241
|turn|1
|
|switch|p1a: Venus|Blissey, F|714\/714
|move|p2a: Rotom-Heat|Overheat|p1a: Venus
|-damage|p1a: Venus|554\/714
|-unboost|p2a: Rotom-Heat|spa|2
|
|-heal|p1a: Venus|598\/714|[from] item: Leftovers
|turn|2
|
|switch|p2a: Lucario|Lucario, M|281\/281
|switch|p1a: Kraken|Tentacruel, F|364\/364
|
|turn|3
|
|switch|p2a: Espeon|Espeon, M|333\/333
|move|p1a: Kraken|Scald|p2a: Espeon
|-damage|p2a: Espeon|255\/333
|
|-heal|p2a: Espeon|275\/333|[from] item: Leftovers
|turn|4
|
|switch|p1a: Archilles|Aggron, M|344\/344
|move|p2a: Espeon|Psyshock|p1a: Archilles
|-crit|p1a: Archilles
|-resisted|p1a: Archilles
|-damage|p1a: Archilles|289\/344
|
|-heal|p2a: Espeon|295\/333|[from] item: Leftovers
|turn|5
|
|switch|p2a: Hydreigon|Hydreigon, F|388\/388
|detailschange|p1a: Archilles|Aggron-Mega, M
|message|Aggron has Mega Evolved into Mega Aggron!
|move|p1a: Archilles|Toxic|p2a: Hydreigon
|-status|p2a: Hydreigon|tox
|
|-damage|p2a: Hydreigon|364\/388 tox|[from] psn
|turn|6
|
|switch|p1a: Freyja|Togetic, M|314\/314
|move|p2a: Hydreigon|U-turn|p1a: Freyja
|-resisted|p1a: Freyja
|-damage|p1a: Freyja|307\/314
|
|switch|p2a: Beedrill|Beedrill, F|272\/272
|
|turn|7
|
|switch|p1a: Archilles|Aggron-Mega, M|289\/344
|detailschange|p2a: Beedrill|Beedrill-Mega, F
|message|Beedrill has Mega Evolved into Mega Beedrill!
|move|p2a: Beedrill|Poison Jab|p1a: Archilles
|-immune|p1a: Archilles|[msg]
|
|turn|8
|
|move|p2a: Beedrill|U-turn|p1a: Archilles
|-resisted|p1a: Archilles
|-damage|p1a: Archilles|243\/344
|
|switch|p2a: Rotom-Heat|Rotom-Heat|241\/241
|move|p1a: Archilles|Heavy Slam|p2a: Rotom-Heat
|-resisted|p2a: Rotom-Heat
|-damage|p2a: Rotom-Heat|195\/241
|
|turn|9
|
|switch|p1a: Serpentine|Zygarde|404\/404
|-ability|p1a: Serpentine|Aura Break
|move|p2a: Rotom-Heat|Overheat|p1a: Serpentine
|-resisted|p1a: Serpentine
|-damage|p1a: Serpentine|335\/404
|-unboost|p2a: Rotom-Heat|spa|2
|
|-heal|p1a: Serpentine|360\/404|[from] item: Leftovers
|turn|10
|
|switch|p2a: Lucario|Lucario, M|281\/281
|move|p1a: Serpentine|Substitute|p1a: Serpentine
|-start|p1a: Serpentine|Substitute
|-damage|p1a: Serpentine|259\/404
|
|-heal|p1a: Serpentine|284\/404|[from] item: Leftovers
|turn|11
|
|move|p2a: Lucario|Close Combat|p1a: Serpentine
|-end|p1a: Serpentine|Substitute
|-unboost|p2a: Lucario|def|1
|-unboost|p2a: Lucario|spd|1
|-damage|p2a: Lucario|253\/281|[from] item: Life Orb
|move|p1a: Serpentine|Earthquake|p2a: Lucario
|-supereffective|p2a: Lucario
|-damage|p2a: Lucario|0 fnt
|faint|p2a: Lucario
|
|-heal|p1a: Serpentine|309\/404|[from] item: Leftovers
|
|switch|p2a: Hydreigon|Hydreigon, F|364\/388 tox
|turn|12
|-message|Pedderz99 forfeited.
|
|win|Bob the Senpai
|raw|Ladder updating...
|leave|Pedderz99
|player|p2
|raw|Bob the Senpai's rating: 1532 &rarr; <strong>1540<\/strong><br \/>(+8 for winning)
|raw|Pedderz99's rating: 1298 &rarr; <strong>1287<\/strong><br \/>(-11 for losing)
|leave|Bob the Senpai
|player|p1
|join|Bob the Senpai