|join|Bob the Senpai
|join|sweetnsourdick
|player|p1|Bob the Senpai|23
|player|p2|sweetnsourdick|23
|gametype|singles
|gen|6
|tier|UU
|rated
|rule|Sleep Clause Mod: Limit one foe put to sleep
|rule|Species Clause: Limit one of each PokÃ©mon
|rule|OHKO Clause: OHKO moves are banned
|rule|Moody Clause: Moody is banned
|rule|Evasion Moves Clause: Evasion moves are banned
|rule|Endless Battle Clause: Forcing endless battles is banned
|rule|HP Percentage Mod: HP is shown in percentages
|clearpoke
|poke|p1|Shedinja
|poke|p1|Blissey, F
|poke|p1|Tentacruel, F
|poke|p1|Zygarde
|poke|p1|Aggron, F
|poke|p1|Togetic, M
|poke|p2|Chesnaught, F
|poke|p2|Florges, F
|poke|p2|Mienshao, F, shiny
|poke|p2|Alakazam, M, shiny
|poke|p2|Crobat, M
|poke|p2|Honchkrow, M, shiny
|rule|Swagger Clause: Swagger is banned
|rule|Baton Pass Clause: Limit one PokÃ©mon knowing Baton Pass
|teampreview
|
|start
|switch|p1a: Venus|Blissey, F|714\/714
|switch|p2a: WHIP FETISH|Mienshao, F, shiny|271\/271
|turn|1
|join|ANGER MANAGEMENT
|
|move|p1a: Venus|Protect|p1a: Venus
|-singleturn|p1a: Venus|Protect
|move|p2a: WHIP FETISH|Knock Off|p1a: Venus
|-activate|p1a: Venus|Protect
|
|turn|2
|
|move|p2a: WHIP FETISH|Knock Off|p1a: Venus
|-damage|p1a: Venus|410\/714
|-enditem|p1a: Venus|Leftovers|[from] move: Knock Off|[of] p2a: WHIP FETISH
|-damage|p2a: WHIP FETISH|244\/271|[from] item: Life Orb
|move|p1a: Venus|Counter|p2a: WHIP FETISH
|-damage|p2a: WHIP FETISH|0 fnt
|faint|p2a: WHIP FETISH
|
|c| ANGER MANAGEMENT|what
|c|âBob the Senpai|oh
|c|âBob the Senpai|rip
|c|âsweetnsourdick|RIP :(
|
|switch|p2a: 3SPOONING|Alakazam, M, shiny|251\/251
|turn|3
|
|switch|p1a: Freyja|Togetic, M|314\/314
|detailschange|p2a: 3SPOONING|Alakazam-Mega, M, shiny
|message|Alakazam has Mega Evolved into Mega Alakazam!
|-ability|p2a: 3SPOONING|Serene Grace|[from] ability: Trace|[of] p1a: Freyja
|move|p2a: 3SPOONING|Psyshock|p1a: Freyja
|-damage|p1a: Freyja|203\/314
|
|turn|4
|
|switch|p2a: MARY JANE|Florges, F|360\/360
|move|p1a: Freyja|Roost|p1a: Freyja
|-heal|p1a: Freyja|314\/314
|
|turn|5
|
|switch|p1a: Archilles|Aggron, F|344\/344
|move|p2a: MARY JANE|Moonblast|p1a: Archilles
|-resisted|p1a: Archilles
|-damage|p1a: Archilles|288\/344
|-unboost|p1a: Archilles|spa|1
|
|turn|6
|
|switch|p2a: MASTER OOGWAY|Chesnaught, F|380\/380
|detailschange|p1a: Archilles|Aggron-Mega, F
|message|Aggron has Mega Evolved into Mega Aggron!
|move|p1a: Archilles|Stealth Rock|p2a: MASTER OOGWAY
|-sidestart|p2: sweetnsourdick|move: Stealth Rock
|
|turn|7
|
|move|p2a: MASTER OOGWAY|Spikes|p1a: Archilles
|-sidestart|p1: Bob the Senpai|Spikes
|move|p1a: Archilles|Toxic|p2a: MASTER OOGWAY
|-status|p2a: MASTER OOGWAY|tox
|
|-damage|p2a: MASTER OOGWAY|357\/380 tox|[from] psn
|turn|8
|
|switch|p1a: Kraken|Tentacruel, F|364\/364
|-damage|p1a: Kraken|319\/364|[from] Spikes
|move|p2a: MASTER OOGWAY|Hammer Arm|p1a: Kraken
|-crit|p1a: Kraken
|-resisted|p1a: Kraken
|-damage|p1a: Kraken|229\/364
|-unboost|p2a: MASTER OOGWAY|spe|1
|
|-heal|p1a: Kraken|251\/364|[from] item: Black Sludge
|-damage|p2a: MASTER OOGWAY|311\/380 tox|[from] psn
|turn|9
|
|switch|p2a: MARY JANE|Florges, F|360\/360
|-damage|p2a: MARY JANE|315\/360|[from] Stealth Rock
|move|p1a: Kraken|Toxic Spikes|p2a: MARY JANE
|-sidestart|p2: sweetnsourdick|move: Toxic Spikes
|
|-heal|p1a: Kraken|273\/364|[from] item: Black Sludge
|-heal|p2a: MARY JANE|337\/360|[from] item: Leftovers
|turn|10
|
|move|p1a: Kraken|Rapid Spin|p2a: MARY JANE
|-crit|p2a: MARY JANE
|-damage|p2a: MARY JANE|315\/360
|-sideend|p1: Bob the Senpai|Spikes|[from] move: Rapid Spin|[of] p1a: Kraken
|move|p2a: MARY JANE|Aromatherapy|p2a: MARY JANE
|-cureteam|p2a: MARY JANE|[from] move: Aromatherapy
|
|-heal|p1a: Kraken|295\/364|[from] item: Black Sludge
|-heal|p2a: MARY JANE|337\/360|[from] item: Leftovers
|turn|11
|
|switch|p1a: Archilles|Aggron-Mega, F|288\/344
|switch|p2a: BATMAN|Crobat, M|373\/373
|-damage|p2a: BATMAN|280\/373|[from] Stealth Rock
|
|-heal|p2a: BATMAN|303\/373|[from] item: Black Sludge
|turn|12
|join|Coltestes
|
|move|p2a: BATMAN|U-turn|p1a: Archilles
|-resisted|p1a: Archilles
|-damage|p1a: Archilles|275\/344
|
|switch|p2a: MASTER OOGWAY|Chesnaught, F|311\/380
|-status|p2a: MASTER OOGWAY|psn
|-damage|p2a: MASTER OOGWAY|288\/380 psn|[from] Stealth Rock
|move|p1a: Archilles|Heavy Slam|p2a: MASTER OOGWAY
|-damage|p2a: MASTER OOGWAY|192\/380 psn
|-damage|p1a: Archilles|218\/344|[from] item: Rocky Helmet|[of] p2a: MASTER OOGWAY
|
|-damage|p2a: MASTER OOGWAY|145\/380 psn|[from] psn
|turn|13
|
|switch|p1a: Kraken|Tentacruel, F|295\/364
|move|p2a: MASTER OOGWAY|Synthesis|p2a: MASTER OOGWAY
|-heal|p2a: MASTER OOGWAY|335\/380 psn
|
|-heal|p1a: Kraken|317\/364|[from] item: Black Sludge
|-damage|p2a: MASTER OOGWAY|288\/380 psn|[from] psn
|turn|14
|
|switch|p2a: BATMAN|Crobat, M|303\/373
|-damage|p2a: BATMAN|210\/373|[from] Stealth Rock
|move|p1a: Kraken|Toxic Spikes|p2a: BATMAN
|-sidestart|p2: sweetnsourdick|move: Toxic Spikes
|
|-heal|p2a: BATMAN|233\/373|[from] item: Black Sludge
|-heal|p1a: Kraken|339\/364|[from] item: Black Sludge
|turn|15
|
|move|p2a: BATMAN|Defog|p1a: Kraken
|-unboost|p1a: Kraken|evasion|1
|-sideend|p2: sweetnsourdick|Toxic Spikes|[from] move: Defog|[of] p2a: BATMAN
|-sideend|p2: sweetnsourdick|Stealth Rock|[from] move: Defog|[of] p2a: BATMAN
|move|p1a: Kraken|Scald|p2a: BATMAN
|-damage|p2a: BATMAN|139\/373
|-status|p2a: BATMAN|brn
|
|-heal|p2a: BATMAN|162\/373 brn|[from] item: Black Sludge
|-heal|p1a: Kraken|361\/364|[from] item: Black Sludge
|-damage|p2a: BATMAN|116\/373 brn|[from] brn
|turn|16
|
|move|p2a: BATMAN|Roost|p2a: BATMAN
|-heal|p2a: BATMAN|303\/373 brn
|move|p1a: Kraken|Scald|p2a: BATMAN
|-damage|p2a: BATMAN|216\/373 brn
|
|-heal|p2a: BATMAN|239\/373 brn|[from] item: Black Sludge
|-heal|p1a: Kraken|364\/364|[from] item: Black Sludge
|-damage|p2a: BATMAN|193\/373 brn|[from] brn
|turn|17
|
|move|p2a: BATMAN|Roost|p2a: BATMAN
|-heal|p2a: BATMAN|373\/373 brn
|move|p1a: Kraken|Toxic Spikes|p2a: BATMAN
|-sidestart|p2: sweetnsourdick|move: Toxic Spikes
|
|-damage|p2a: BATMAN|327\/373 brn|[from] brn
|turn|18
|
|move|p2a: BATMAN|Super Fang|p1a: Kraken
|-damage|p1a: Kraken|182\/364
|move|p1a: Kraken|Scald|p2a: BATMAN
|-damage|p2a: BATMAN|236\/373 brn
|
|-heal|p2a: BATMAN|259\/373 brn|[from] item: Black Sludge
|-heal|p1a: Kraken|204\/364|[from] item: Black Sludge
|-damage|p2a: BATMAN|213\/373 brn|[from] brn
|turn|19
|
|switch|p1a: Archilles|Aggron-Mega, F|218\/344
|move|p2a: BATMAN|Defog|p1a: Archilles
|-unboost|p1a: Archilles|evasion|1
|-sideend|p2: sweetnsourdick|Toxic Spikes|[from] move: Defog|[of] p2a: BATMAN
|
|-heal|p2a: BATMAN|236\/373 brn|[from] item: Black Sludge
|-damage|p2a: BATMAN|190\/373 brn|[from] brn
|turn|20
|
|move|p2a: BATMAN|U-turn|p1a: Archilles
|-resisted|p1a: Archilles
|-damage|p1a: Archilles|212\/344
|
|switch|p2a: MASTER OOGWAY|Chesnaught, F|288\/380 psn
|move|p1a: Archilles|Stealth Rock|p2a: MASTER OOGWAY
|-sidestart|p2: sweetnsourdick|move: Stealth Rock
|
|-damage|p2a: MASTER OOGWAY|241\/380 psn|[from] psn
|turn|21
|
|switch|p1a: Kraken|Tentacruel, F|204\/364
|move|p2a: MASTER OOGWAY|Spikes|p1a: Kraken
|-sidestart|p1: Bob the Senpai|Spikes
|
|-heal|p1a: Kraken|226\/364|[from] item: Black Sludge
|-damage|p2a: MASTER OOGWAY|194\/380 psn|[from] psn
|turn|22
|
|move|p1a: Kraken|Toxic Spikes|p2a: MASTER OOGWAY
|-sidestart|p2: sweetnsourdick|move: Toxic Spikes
|move|p2a: MASTER OOGWAY|Synthesis|p2a: MASTER OOGWAY
|-heal|p2a: MASTER OOGWAY|380\/380 psn
|
|-heal|p1a: Kraken|248\/364|[from] item: Black Sludge
|-damage|p2a: MASTER OOGWAY|333\/380 psn|[from] psn
|turn|23
|
|switch|p2a: MARY JANE|Florges, F|337\/360
|-status|p2a: MARY JANE|psn
|-damage|p2a: MARY JANE|292\/360 psn|[from] Stealth Rock
|move|p1a: Kraken|Rapid Spin|p2a: MARY JANE
|-damage|p2a: MARY JANE|278\/360 psn
|-sideend|p1: Bob the Senpai|Spikes|[from] move: Rapid Spin|[of] p1a: Kraken
|
|-heal|p1a: Kraken|270\/364|[from] item: Black Sludge
|-heal|p2a: MARY JANE|300\/360 psn|[from] item: Leftovers
|-damage|p2a: MARY JANE|255\/360 psn|[from] psn
|turn|24
|join|Asian Kiwi
|c| Asian Kiwi|Boo!
|leave|Asian Kiwi
|c|âBob the Senpai|hi
|
|switch|p1a: Archilles|Aggron-Mega, F|212\/344
|move|p2a: MARY JANE|Aromatherapy|p2a: MARY JANE
|-cureteam|p2a: MARY JANE|[from] move: Aromatherapy
|
|-heal|p2a: MARY JANE|277\/360|[from] item: Leftovers
|turn|25
|
|move|p2a: MARY JANE|Protect|p2a: MARY JANE
|-singleturn|p2a: MARY JANE|Protect
|move|p1a: Archilles|Heavy Slam|p2a: MARY JANE
|-activate|p2a: MARY JANE|Protect
|
|-heal|p2a: MARY JANE|299\/360|[from] item: Leftovers
|turn|26
|
|switch|p2a: MASTER OOGWAY|Chesnaught, F|333\/380
|-damage|p2a: MASTER OOGWAY|310\/380|[from] Stealth Rock
|-status|p2a: MASTER OOGWAY|psn
|move|p1a: Archilles|Heavy Slam|p2a: MASTER OOGWAY
|-damage|p2a: MASTER OOGWAY|204\/380 psn
|-damage|p1a: Archilles|155\/344|[from] item: Rocky Helmet|[of] p2a: MASTER OOGWAY
|
|-damage|p2a: MASTER OOGWAY|157\/380 psn|[from] psn
|turn|27
|
|switch|p1a: Freyja|Togetic, M|314\/314
|move|p2a: MASTER OOGWAY|Synthesis|p2a: MASTER OOGWAY
|-heal|p2a: MASTER OOGWAY|347\/380 psn
|
|-damage|p2a: MASTER OOGWAY|300\/380 psn|[from] psn
|turn|28
|
|switch|p2a: MARY JANE|Florges, F|299\/360
|-damage|p2a: MARY JANE|254\/360|[from] Stealth Rock
|-status|p2a: MARY JANE|psn
|switch|p1a: Venus|Blissey, F|410\/714
|
|-heal|p2a: MARY JANE|276\/360 psn|[from] item: Leftovers
|-damage|p2a: MARY JANE|231\/360 psn|[from] psn
|turn|29
|
|move|p2a: MARY JANE|Aromatherapy|p2a: MARY JANE
|-cureteam|p2a: MARY JANE|[from] move: Aromatherapy
|move|p1a: Venus|Wish|p1a: Venus
|
|-heal|p2a: MARY JANE|253\/360|[from] item: Leftovers
|turn|30
|
|switch|p2a: MASTER OOGWAY|Chesnaught, F|300\/380
|-status|p2a: MASTER OOGWAY|psn
|-damage|p2a: MASTER OOGWAY|277\/380 psn|[from] Stealth Rock
|switch|p1a: Archilles|Aggron-Mega, F|155\/344
|
|-heal|p1a: Archilles|344\/344|[from] move: Wish|[wisher] Venus
|-damage|p2a: MASTER OOGWAY|230\/380 psn|[from] psn
|turn|31
|
|switch|p1a: Freyja|Togetic, M|314\/314
|move|p2a: MASTER OOGWAY|Hammer Arm|p1a: Freyja
|-resisted|p1a: Freyja
|-damage|p1a: Freyja|298\/314
|-unboost|p2a: MASTER OOGWAY|spe|1
|
|-damage|p2a: MASTER OOGWAY|183\/380 psn|[from] psn
|turn|32
|
|switch|p1a: Archilles|Aggron-Mega, F|344\/344
|move|p2a: MASTER OOGWAY|Synthesis|p2a: MASTER OOGWAY
|-heal|p2a: MASTER OOGWAY|373\/380 psn
|
|-damage|p2a: MASTER OOGWAY|326\/380 psn|[from] psn
|turn|33
|c| ANGER MANAGEMENT|zzz
|c|âsweetnsourdick|^^^
|c|âsweetnsourdick|i think i give up HAHA
|
|switch|p1a: Freyja|Togetic, M|298\/314
|move|p2a: MASTER OOGWAY|Spiky Shield|p2a: MASTER OOGWAY
|-fail|p2a: MASTER OOGWAY
|
|-damage|p2a: MASTER OOGWAY|279\/380 psn|[from] psn
|turn|34
|c|âsweetnsourdick|ya imma bounce
|c|âsweetnsourdick|gg!
|c|âBob the Senpai|gg
|-message|sweetnsourdick forfeited.
|
|win|Bob the Senpai
|raw|Ladder updating...
|leave|sweetnsourdick
|player|p2
|raw|Bob the Senpai's rating: 1446 &rarr; <strong>1457<\/strong><br \/>(+11 for winning)
|raw|sweetnsourdick's rating: 1282 &rarr; <strong>1268<\/strong><br \/>(-14 for losing)
|leave|ANGER MANAGEMENT