|join|Bob the Senpai
|join|ThePradical
|player|p1|Bob the Senpai|23
|player|p2|ThePradical|167
|gametype|singles
|gen|6
|tier|UU
|rated
|rule|Sleep Clause Mod: Limit one foe put to sleep
|rule|Species Clause: Limit one of each PokÃ©mon
|rule|OHKO Clause: OHKO moves are banned
|rule|Moody Clause: Moody is banned
|rule|Evasion Moves Clause: Evasion moves are banned
|rule|Endless Battle Clause: Forcing endless battles is banned
|rule|HP Percentage Mod: HP is shown in percentages
|clearpoke
|poke|p1|Shedinja
|poke|p1|Blissey, F
|poke|p1|Zygarde
|poke|p1|Aggron, M
|poke|p1|Tentacruel, M
|poke|p1|Togetic, F
|poke|p2|Blastoise, M, shiny
|poke|p2|Florges, F, shiny
|poke|p2|Crobat, F, shiny
|poke|p2|Hydreigon, M, shiny
|poke|p2|Galvantula, F, shiny
|poke|p2|Infernape, M, shiny
|rule|Swagger Clause: Swagger is banned
|rule|Baton Pass Clause: Limit one PokÃ©mon knowing Baton Pass
|teampreview
|
|start
|switch|p1a: Hades|Shedinja|1\/1
|switch|p2a: Galvantula|Galvantula, F, shiny|281\/281
|turn|1
|
|move|p2a: Galvantula|Sticky Web|p1a: Hades
|-sidestart|p1: Bob the Senpai|move: Sticky Web
|move|p1a: Hades|Swords Dance|p1a: Hades
|-boost|p1a: Hades|atk|2
|
|turn|2
|
|switch|p2a: Crobat|Crobat, F, shiny|311\/311
|move|p1a: Hades|Will-O-Wisp|p2a: Crobat
|-status|p2a: Crobat|brn
|
|-damage|p2a: Crobat|273\/311 brn|[from] brn
|turn|3
|
|switch|p1a: Archilles|Aggron, M|344\/344
|-activate|p1a: Archilles|move: Sticky Web
|-unboost|p1a: Archilles|spe|1
|move|p2a: Crobat|Brave Bird|p1a: Archilles
|-resisted|p1a: Archilles
|-damage|p1a: Archilles|327\/344
|-damage|p2a: Crobat|267\/311 brn|[from] recoil|[of] p1a: Archilles
|
|-damage|p2a: Crobat|229\/311 brn|[from] brn
|turn|4
|
|switch|p2a: Hydreigon|Hydreigon, M, shiny|325\/325
|detailschange|p1a: Archilles|Aggron-Mega, M
|message|Aggron has Mega Evolved into Mega Aggron!
|move|p1a: Archilles|Stealth Rock|p2a: Hydreigon
|-sidestart|p2: ThePradical|move: Stealth Rock
|
|turn|5
|
|switch|p1a: Freyja|Togetic, F|314\/314
|move|p2a: Hydreigon|Earth Power|p1a: Freyja
|-immune|p1a: Freyja|[msg]
|
|turn|6
|
|switch|p2a: Galvantula|Galvantula, F, shiny|281\/281
|-damage|p2a: Galvantula|211\/281|[from] Stealth Rock
|switch|p1a: Venus|Blissey, F|714\/714
|-activate|p1a: Venus|move: Sticky Web
|-unboost|p1a: Venus|spe|1
|
|turn|7
|
|switch|p2a: Blastoise|Blastoise, M, shiny|362\/362
|-damage|p2a: Blastoise|317\/362|[from] Stealth Rock
|switch|p1a: Hades|Shedinja|1\/1
|-activate|p1a: Hades|move: Sticky Web
|-unboost|p1a: Hades|spe|1
|
|turn|8
|
|switch|p1a: Venus|Blissey, F|714\/714
|-activate|p1a: Venus|move: Sticky Web
|-unboost|p1a: Venus|spe|1
|detailschange|p2a: Blastoise|Blastoise-Mega, M, shiny
|message|Blastoise has Mega Evolved into Mega Blastoise!
|move|p2a: Blastoise|Dark Pulse|p1a: Venus
|-damage|p1a: Venus|597\/714
|
|-heal|p1a: Venus|641\/714|[from] item: Leftovers
|turn|9
|
|move|p2a: Blastoise|Dark Pulse|p1a: Venus
|-damage|p1a: Venus|525\/714
|cant|p1a: Venus|flinch
|
|-heal|p1a: Venus|569\/714|[from] item: Leftovers
|turn|10
|
|move|p2a: Blastoise|Rapid Spin|p1a: Venus
|-damage|p1a: Venus|539\/714
|-sideend|p2: ThePradical|Stealth Rock|[from] move: Rapid Spin|[of] p2a: Blastoise
|move|p1a: Venus|Seismic Toss|p2a: Blastoise
|-damage|p2a: Blastoise|217\/362
|
|-heal|p1a: Venus|583\/714|[from] item: Leftovers
|turn|11
|
|switch|p2a: Infernape|Infernape, M, shiny|293\/293
|move|p1a: Venus|Seismic Toss|p2a: Infernape
|-damage|p2a: Infernape|193\/293
|
|-heal|p1a: Venus|627\/714|[from] item: Leftovers
|turn|12
|
|move|p1a: Venus|Protect|p1a: Venus
|-singleturn|p1a: Venus|Protect
|move|p2a: Infernape|Flare Blitz|p1a: Venus
|-activate|p1a: Venus|Protect
|
|-heal|p1a: Venus|671\/714|[from] item: Leftovers
|turn|13
|
|move|p2a: Infernape|Earthquake|p1a: Venus
|-damage|p1a: Venus|445\/714
|-damage|p2a: Infernape|164\/293|[from] item: Life Orb
|move|p1a: Venus|Wish|p1a: Venus
|
|-heal|p1a: Venus|489\/714|[from] item: Leftovers
|turn|14
|
|switch|p1a: Freyja|Togetic, F|314\/314
|move|p2a: Infernape|Close Combat|p1a: Freyja
|-resisted|p1a: Freyja
|-damage|p1a: Freyja|282\/314
|-unboost|p2a: Infernape|def|1
|-unboost|p2a: Infernape|spd|1
|-damage|p2a: Infernape|135\/293|[from] item: Life Orb
|
|-heal|p1a: Freyja|314\/314|[from] move: Wish|[wisher] Venus
|turn|15
|
|move|p2a: Infernape|U-turn|p1a: Freyja
|-resisted|p1a: Freyja
|-damage|p1a: Freyja|304\/314
|-damage|p2a: Infernape|106\/293|[from] item: Life Orb
|
|switch|p2a: Crobat|Crobat, F, shiny|229\/311 brn
|move|p1a: Freyja|Defog|p2a: Crobat
|-unboost|p2a: Crobat|evasion|1
|-sideend|p1: Bob the Senpai|Sticky Web|[from] move: Defog|[of] p1a: Freyja
|
|-damage|p2a: Crobat|191\/311 brn|[from] brn
|turn|16
|
|switch|p1a: Kraken|Tentacruel, M|364\/364
|move|p2a: Crobat|Cross Poison|p1a: Kraken
|-resisted|p1a: Kraken
|-damage|p1a: Kraken|330\/364
|
|-heal|p1a: Kraken|352\/364|[from] item: Black Sludge
|-damage|p2a: Crobat|153\/311 brn|[from] brn
|turn|17
|
|switch|p2a: Florges|Florges, F, shiny|360\/360
|move|p1a: Kraken|Toxic Spikes|p2a: Florges
|-sidestart|p2: ThePradical|move: Toxic Spikes
|
|-heal|p1a: Kraken|364\/364|[from] item: Black Sludge
|turn|18
|
|move|p1a: Kraken|Toxic Spikes|p2a: Florges
|-sidestart|p2: ThePradical|move: Toxic Spikes
|move|p2a: Florges|Aromatherapy|p2a: Florges
|-cureteam|p2a: Florges|[from] move: Aromatherapy
|
|turn|19
|-message|ThePradical forfeited.
|
|win|Bob the Senpai
|raw|Ladder updating...
|leave|ThePradical
|player|p2
|raw|Bob the Senpai's rating: 1293 &rarr; <strong>1310<\/strong><br \/>(+17 for winning)
|raw|ThePradical's rating: 1165 &rarr; <strong>1149<\/strong><br \/>(-16 for losing)