|join|Bob the Senpai
|join|Yellow Skarmory
|player|p1|Bob the Senpai|23
|player|p2|Yellow Skarmory|204
|gametype|singles
|gen|6
|tier|UU
|rated
|rule|Sleep Clause Mod: Limit one foe put to sleep
|rule|Species Clause: Limit one of each PokÃ©mon
|rule|OHKO Clause: OHKO moves are banned
|rule|Moody Clause: Moody is banned
|rule|Evasion Moves Clause: Evasion moves are banned
|rule|Endless Battle Clause: Forcing endless battles is banned
|rule|HP Percentage Mod: HP is shown in percentages
|clearpoke
|poke|p1|Aromatisse, F
|poke|p1|Forretress, F
|poke|p1|Jellicent, M
|poke|p1|Diggersby, F
|poke|p1|Hydreigon, F
|poke|p1|Blissey, F
|poke|p2|Shedinja
|poke|p2|Espeon, F
|poke|p2|Zygarde
|poke|p2|Krookodile, F
|poke|p2|Aggron, F
|poke|p2|Tentacruel, F
|rule|Swagger Clause: Swagger is banned
|rule|Baton Pass Clause: Limit one PokÃ©mon knowing Baton Pass
|teampreview
|
|start
|switch|p1a: Diggersby|Diggersby, F|312\/312
|switch|p2a: Just a brick wall|Aggron, F|282\/282
|turn|1
|
|switch|p2a: :)|Shedinja|1\/1
|move|p1a: Diggersby|Earthquake|p2a: :)
|-activate|p2a: :)|ability: Wonder Guard
|
|turn|2
|
|switch|p1a: Forretress|Forretress, F|354\/354
|move|p2a: :)|Swords Dance|p2a: :)
|-boost|p2a: :)|atk|2
|
|turn|3
|
|switch|p2a: I Need A Nickname|Tentacruel, F|364\/364
|move|p1a: Forretress|Volt Switch|p2a: I Need A Nickname
|-supereffective|p2a: I Need A Nickname
|-damage|p2a: I Need A Nickname|300\/364
|
|switch|p1a: Diggersby|Diggersby, F|312\/312
|
|-heal|p2a: I Need A Nickname|322\/364|[from] item: Black Sludge
|turn|4
|
|switch|p2a: :)|Shedinja|1\/1
|move|p1a: Diggersby|Return|p2a: :)
|-immune|p2a: :)|[msg]
|
|turn|5
|
|switch|p1a: Forretress|Forretress, F|354\/354
|move|p2a: :)|Swords Dance|p2a: :)
|-boost|p2a: :)|atk|2
|
|turn|6
|
|move|p2a: :)|Protect|p2a: :)
|-singleturn|p2a: :)|Protect
|move|p1a: Forretress|Volt Switch|p2a: :)
|-activate|p2a: :)|Protect
|
|turn|7
|
|switch|p2a: Just a brick wall|Aggron, F|282\/282
|move|p1a: Forretress|Volt Switch|p2a: Just a brick wall
|-damage|p2a: Just a brick wall|242\/282
|
|switch|p1a: Jellicent|Jellicent, M|393\/393
|
|turn|8
|
|switch|p2a: Eeveelution!|Espeon, F|271\/271
|move|p1a: Jellicent|Scald|p2a: Eeveelution!
|-damage|p2a: Eeveelution!|186\/271
|
|-heal|p2a: Eeveelution!|202\/271|[from] item: Leftovers
|turn|9
|
|move|p2a: Eeveelution!|Calm Mind|p2a: Eeveelution!
|-boost|p2a: Eeveelution!|spa|1
|-boost|p2a: Eeveelution!|spd|1
|move|p1a: Jellicent|Scald|p2a: Eeveelution!
|-damage|p2a: Eeveelution!|148\/271
|
|-heal|p2a: Eeveelution!|164\/271|[from] item: Leftovers
|turn|10
|
|move|p2a: Eeveelution!|Shadow Ball|p1a: Jellicent
|-supereffective|p1a: Jellicent
|-damage|p1a: Jellicent|137\/393
|move|p1a: Jellicent|Scald|p2a: Eeveelution!
|-damage|p2a: Eeveelution!|107\/271
|-status|p2a: Eeveelution!|brn
|
|-heal|p2a: Eeveelution!|123\/271 brn|[from] item: Leftovers
|-heal|p1a: Jellicent|161\/393|[from] item: Leftovers
|-damage|p2a: Eeveelution!|90\/271 brn|[from] brn
|turn|11
|
|switch|p1a: Hydreigon|Hydreigon, F|325\/325
|move|p2a: Eeveelution!|Shadow Ball|p1a: Hydreigon
|-resisted|p1a: Hydreigon
|-damage|p1a: Hydreigon|249\/325
|
|-heal|p2a: Eeveelution!|106\/271 brn|[from] item: Leftovers
|-damage|p2a: Eeveelution!|73\/271 brn|[from] brn
|turn|12
|
|move|p1a: Hydreigon|U-turn|p2a: Eeveelution!
|-supereffective|p2a: Eeveelution!
|-damage|p2a: Eeveelution!|0 fnt
|faint|p2a: Eeveelution!
|
|switch|p1a: Diggersby|Diggersby, F|312\/312
|
|c|âYellow Skarmory|i should have predicted that..
|
|switch|p2a: I dont have a name|Krookodile, F|332\/332
|turn|13
|
|switch|p1a: Aromatisse|Aromatisse, F|406\/406
|move|p2a: I dont have a name|Superpower|p1a: Aromatisse
|-resisted|p1a: Aromatisse
|-damage|p1a: Aromatisse|342\/406
|-unboost|p2a: I dont have a name|atk|1
|-unboost|p2a: I dont have a name|def|1
|
|-heal|p1a: Aromatisse|367\/406|[from] item: Leftovers
|turn|14
|
|switch|p2a: :)|Shedinja|1\/1
|move|p1a: Aromatisse|Wish|p1a: Aromatisse
|
|-heal|p1a: Aromatisse|392\/406|[from] item: Leftovers
|turn|15
|
|switch|p1a: Jellicent|Jellicent, M|161\/393
|move|p2a: :)|Protect|p2a: :)
|-fail|p2a: :)
|
|-heal|p1a: Jellicent|364\/393|[from] move: Wish|[wisher] Aromatisse
|-heal|p1a: Jellicent|388\/393|[from] item: Leftovers
|turn|16
|
|move|p2a: :)|Protect|p2a: :)
|-singleturn|p2a: :)|Protect
|move|p1a: Jellicent|Will-O-Wisp|p2a: :)
|-activate|p2a: :)|Protect
|
|-heal|p1a: Jellicent|393\/393|[from] item: Leftovers
|turn|17
|
|switch|p2a: I Need A Nickname|Tentacruel, F|322\/364
|move|p1a: Jellicent|Taunt|p2a: I Need A Nickname
|-start|p2a: I Need A Nickname|move: Taunt
|
|-heal|p2a: I Need A Nickname|344\/364|[from] item: Black Sludge
|turn|18
|
|switch|p2a: I dont have a name|Krookodile, F|332\/332
|move|p1a: Jellicent|Will-O-Wisp|p2a: I dont have a name
|-status|p2a: I dont have a name|brn
|
|-damage|p2a: I dont have a name|291\/332 brn|[from] brn
|turn|19
|
|switch|p1a: Aromatisse|Aromatisse, F|392\/406
|move|p2a: I dont have a name|Knock Off|p1a: Aromatisse
|-resisted|p1a: Aromatisse
|-damage|p1a: Aromatisse|353\/406
|-enditem|p1a: Aromatisse|Leftovers|[from] move: Knock Off|[of] p2a: I dont have a name
|
|-damage|p2a: I dont have a name|250\/332 brn|[from] brn
|turn|20
|
|switch|p2a: Just a brick wall|Aggron, F|242\/282
|switch|p1a: Diggersby|Diggersby, F|312\/312
|
|turn|21
|
|switch|p1a: Forretress|Forretress, F|354\/354
|detailschange|p2a: Just a brick wall|Aggron-Mega, F
|message|Aggron has Mega Evolved into Mega Aggron!
|move|p2a: Just a brick wall|Heavy Slam|p1a: Forretress
|-resisted|p1a: Forretress
|-damage|p1a: Forretress|312\/354
|
|-heal|p1a: Forretress|334\/354|[from] item: Leftovers
|turn|22
|
|move|p2a: Just a brick wall|Stealth Rock|p1a: Forretress
|-sidestart|p1: Bob the Senpai|move: Stealth Rock
|move|p1a: Forretress|Stealth Rock|p2a: Just a brick wall
|-sidestart|p2: Yellow Skarmory|move: Stealth Rock
|
|-heal|p1a: Forretress|354\/354|[from] item: Leftovers
|turn|23
|
|move|p1a: Forretress|Rapid Spin|p2a: Just a brick wall
|-resisted|p2a: Just a brick wall
|-damage|p2a: Just a brick wall|239\/282
|-sideend|p1: Bob the Senpai|Stealth Rock|[from] move: Rapid Spin|[of] p1a: Forretress
|move|p2a: Just a brick wall|Roar|p1a: Forretress
|drag|p1a: Blissey|Blissey, F|714\/714
|
|turn|24
|
|move|p1a: Blissey|Wish|p1a: Blissey
|move|p2a: Just a brick wall|Heavy Slam|p1a: Blissey
|-damage|p1a: Blissey|335\/714
|
|-heal|p1a: Blissey|379\/714|[from] item: Leftovers
|turn|25
|
|move|p1a: Blissey|Protect|p1a: Blissey
|-singleturn|p1a: Blissey|Protect
|move|p2a: Just a brick wall|Stealth Rock|p1a: Blissey
|-sidestart|p1: Bob the Senpai|move: Stealth Rock
|
|-heal|p1a: Blissey|714\/714|[from] move: Wish|[wisher] Blissey
|turn|26
|
|switch|p1a: Forretress|Forretress, F|354\/354
|-damage|p1a: Forretress|310\/354|[from] Stealth Rock
|move|p2a: Just a brick wall|Heavy Slam|p1a: Forretress
|-resisted|p1a: Forretress
|-damage|p1a: Forretress|265\/354
|
|-heal|p1a: Forretress|287\/354|[from] item: Leftovers
|turn|27
|
|switch|p2a: Lol|Zygarde|404\/404
|-damage|p2a: Lol|379\/404|[from] Stealth Rock
|-ability|p2a: Lol|Aura Break
|move|p1a: Forretress|Toxic|p2a: Lol
|-status|p2a: Lol|tox
|
|-heal|p2a: Lol|404\/404 tox|[from] item: Leftovers
|-heal|p1a: Forretress|309\/354|[from] item: Leftovers
|-damage|p2a: Lol|379\/404 tox|[from] psn
|turn|28
|
|move|p1a: Forretress|Rapid Spin|p2a: Lol
|-damage|p2a: Lol|367\/404 tox
|-sideend|p1: Bob the Senpai|Stealth Rock|[from] move: Rapid Spin|[of] p1a: Forretress
|move|p2a: Lol|Dragon Tail|p1a: Forretress|[miss]
|-miss|p2a: Lol|p1a: Forretress
|
|-heal|p2a: Lol|392\/404 tox|[from] item: Leftovers
|-heal|p1a: Forretress|331\/354|[from] item: Leftovers
|-damage|p2a: Lol|342\/404 tox|[from] psn
|turn|29
|c|âYellow Skarmory|really.
|join|so dynamic
|
|switch|p1a: Aromatisse|Aromatisse, F|353\/406
|move|p2a: Lol|Earthquake|p1a: Aromatisse
|-damage|p1a: Aromatisse|247\/406
|
|-heal|p2a: Lol|367\/404 tox|[from] item: Leftovers
|-damage|p2a: Lol|292\/404 tox|[from] psn
|turn|30
|
|switch|p2a: Just a brick wall|Aggron-Mega, F|239\/282
|-damage|p2a: Just a brick wall|222\/282|[from] Stealth Rock
|move|p1a: Aromatisse|Wish|p1a: Aromatisse
|
|turn|31
|c|âBob the Senpai|really wat
|c|âYellow Skarmory|i missed the dtail
|
|move|p1a: Aromatisse|Protect|p1a: Aromatisse
|-singleturn|p1a: Aromatisse|Protect
|move|p2a: Just a brick wall|Heavy Slam|p1a: Aromatisse
|-activate|p1a: Aromatisse|Protect
|
|-heal|p1a: Aromatisse|406\/406|[from] move: Wish|[wisher] Aromatisse
|turn|32
|c|âBob the Senpai|so
|c|âYellow Skarmory|yeah
|
|switch|p1a: Forretress|Forretress, F|331\/354
|move|p2a: Just a brick wall|Earthquake|p1a: Forretress
|-damage|p1a: Forretress|264\/354
|
|-heal|p1a: Forretress|286\/354|[from] item: Leftovers
|turn|33
|c|âBob the Senpai|yeah wat
|
|move|p2a: Just a brick wall|Earthquake|p1a: Forretress
|-crit|p1a: Forretress
|-damage|p1a: Forretress|171\/354
|move|p1a: Forretress|Volt Switch|p2a: Just a brick wall
|-damage|p2a: Just a brick wall|191\/282
|
|switch|p1a: Hydreigon|Hydreigon, F|249\/325
|
|turn|34
|
|move|p1a: Hydreigon|U-turn|p2a: Just a brick wall
|-resisted|p2a: Just a brick wall
|-damage|p2a: Just a brick wall|177\/282
|c|âYellow Skarmory|just ignore it
|
|switch|p1a: Forretress|Forretress, F|171\/354
|move|p2a: Just a brick wall|Heavy Slam|p1a: Forretress
|-resisted|p1a: Forretress
|-damage|p1a: Forretress|126\/354
|
|-heal|p1a: Forretress|148\/354|[from] item: Leftovers
|turn|35
|
|move|p2a: Just a brick wall|Earthquake|p1a: Forretress
|-damage|p1a: Forretress|71\/354
|move|p1a: Forretress|Volt Switch|p2a: Just a brick wall
|-damage|p2a: Just a brick wall|146\/282
|
|switch|p1a: Diggersby|Diggersby, F|312\/312
|
|turn|36
|
|move|p1a: Diggersby|Earthquake|p2a: Just a brick wall
|-supereffective|p2a: Just a brick wall
|-damage|p2a: Just a brick wall|0 fnt
|faint|p2a: Just a brick wall
|
|
|switch|p2a: I dont have a name|Krookodile, F|250\/332 brn
|-damage|p2a: I dont have a name|230\/332 brn|[from] Stealth Rock
|turn|37
|
|move|p2a: I dont have a name|Superpower|p1a: Diggersby
|-supereffective|p1a: Diggersby
|-damage|p1a: Diggersby|138\/312
|-unboost|p2a: I dont have a name|atk|1
|-unboost|p2a: I dont have a name|def|1
|move|p1a: Diggersby|Earthquake|p2a: I dont have a name
|-damage|p2a: I dont have a name|0 fnt
|faint|p2a: I dont have a name
|
|
|switch|p2a: Lol|Zygarde|292\/404 tox
|-damage|p2a: Lol|267\/404 tox|[from] Stealth Rock
|-ability|p2a: Lol|Aura Break
|turn|38
|
|move|p1a: Diggersby|Earthquake|p2a: Lol
|-damage|p2a: Lol|2\/404 tox
|move|p2a: Lol|Dragon Tail|p1a: Diggersby
|-crit|p1a: Diggersby
|-damage|p1a: Diggersby|8\/312
|drag|p1a: Hydreigon|Hydreigon, F|249\/325
|
|-heal|p2a: Lol|27\/404 tox|[from] item: Leftovers
|-damage|p2a: Lol|2\/404 tox|[from] psn
|turn|39
|
|move|p1a: Hydreigon|U-turn|p2a: Lol
|-damage|p2a: Lol|0 fnt
|faint|p2a: Lol
|
|switch|p1a: Diggersby|Diggersby, F|8\/312
|
|
|switch|p2a: I Need A Nickname|Tentacruel, F|344\/364
|-damage|p2a: I Need A Nickname|299\/364|[from] Stealth Rock
|turn|40
|
|move|p1a: Diggersby|Earthquake|p2a: I Need A Nickname
|-supereffective|p2a: I Need A Nickname
|-damage|p2a: I Need A Nickname|0 fnt
|faint|p2a: I Need A Nickname
|
|
|switch|p2a: :)|Shedinja|1\/1
|-damage|p2a: :)|0 fnt|[from] Stealth Rock
|faint|p2a: :)
|
|win|Bob the Senpai
|raw|Ladder updating...
|raw|Bob the Senpai's rating: 1483 &rarr; <strong>1500<\/strong><br \/>(+17 for winning)
|raw|Yellow Skarmory's rating: 1433 &rarr; <strong>1416<\/strong><br \/>(-17 for losing)
|leave|so dynamic