|join|Bob the Senpai
|join|Shaquillinite
|player|p1|Bob the Senpai|23
|player|p2|Shaquillinite|289
|gametype|singles
|gen|6
|tier|UU
|rated
|rule|Sleep Clause Mod: Limit one foe put to sleep
|rule|Species Clause: Limit one of each PokÃ©mon
|rule|OHKO Clause: OHKO moves are banned
|rule|Moody Clause: Moody is banned
|rule|Evasion Moves Clause: Evasion moves are banned
|rule|Endless Battle Clause: Forcing endless battles is banned
|rule|HP Percentage Mod: HP is shown in percentages
|clearpoke
|poke|p1|Shedinja
|poke|p1|Blissey, F
|poke|p1|Tentacruel, F
|poke|p1|Zygarde
|poke|p1|Aggron, M
|poke|p1|Togetic, F
|poke|p2|Azelf
|poke|p2|Forretress, F
|poke|p2|Arcanine, F
|poke|p2|Reuniclus, M
|poke|p2|Blissey, F
|poke|p2|Sceptile, F
|rule|Swagger Clause: Swagger is banned
|rule|Baton Pass Clause: Limit one PokÃ©mon knowing Baton Pass
|teampreview
|
|start
|switch|p1a: Archilles|Aggron, M|344\/344
|switch|p2a: Azelf|Azelf|291\/291
|turn|1
|
|switch|p2a: Arcanine|Arcanine, F|384\/384
|-ability|p2a: Arcanine|Intimidate|[of] p1a: Archilles
|-unboost|p1a: Archilles|atk|1
|detailschange|p1a: Archilles|Aggron-Mega, M
|message|Aggron has Mega Evolved into Mega Aggron!
|move|p1a: Archilles|Heavy Slam|p2a: Arcanine
|-resisted|p2a: Arcanine
|-damage|p2a: Arcanine|345\/384
|
|-heal|p2a: Arcanine|369\/384|[from] item: Leftovers
|turn|2
|
|move|p2a: Arcanine|Will-O-Wisp|p1a: Archilles
|-status|p1a: Archilles|brn
|move|p1a: Archilles|Toxic|p2a: Arcanine
|-status|p2a: Arcanine|tox
|
|-heal|p2a: Arcanine|384\/384 tox|[from] item: Leftovers
|-damage|p2a: Arcanine|360\/384 tox|[from] psn
|-damage|p1a: Archilles|301\/344 brn|[from] brn
|turn|3
|
|switch|p1a: Kraken|Tentacruel, F|364\/364
|move|p2a: Arcanine|Close Combat|p1a: Kraken
|-resisted|p1a: Kraken
|-damage|p1a: Kraken|300\/364
|-unboost|p2a: Arcanine|def|1
|-unboost|p2a: Arcanine|spd|1
|
|-heal|p1a: Kraken|322\/364|[from] item: Black Sludge
|-heal|p2a: Arcanine|384\/384 tox|[from] item: Leftovers
|-damage|p2a: Arcanine|336\/384 tox|[from] psn
|turn|4
|
|switch|p2a: Reuniclus|Reuniclus, M|424\/424
|move|p1a: Kraken|Scald|p2a: Reuniclus
|-damage|p2a: Reuniclus|336\/424
|-status|p2a: Reuniclus|brn
|
|-heal|p1a: Kraken|344\/364|[from] item: Black Sludge
|turn|5
|
|move|p1a: Kraken|Toxic Spikes|p2a: Reuniclus
|-sidestart|p2: Shaquillinite|move: Toxic Spikes
|move|p2a: Reuniclus|Psyshock|p1a: Kraken
|-supereffective|p1a: Kraken
|-damage|p1a: Kraken|76\/364
|
|-heal|p1a: Kraken|98\/364|[from] item: Black Sludge
|turn|6
|
|switch|p1a: Hades|Shedinja|1\/1
|move|p2a: Reuniclus|Calm Mind|p2a: Reuniclus
|-boost|p2a: Reuniclus|spa|1
|-boost|p2a: Reuniclus|spd|1
|
|turn|7
|
|switch|p2a: Arcanine|Arcanine, F|336\/384 tox
|-ability|p2a: Arcanine|Intimidate|[of] p1a: Hades
|-unboost|p1a: Hades|atk|1
|move|p1a: Hades|X-Scissor|p2a: Arcanine
|-resisted|p2a: Arcanine
|-damage|p2a: Arcanine|288\/384 tox
|
|-heal|p2a: Arcanine|312\/384 tox|[from] item: Leftovers
|-damage|p2a: Arcanine|288\/384 tox|[from] psn
|turn|8
|
|switch|p1a: Venus|Blissey, F|714\/714
|move|p2a: Arcanine|Flare Blitz|p1a: Venus
|-damage|p1a: Venus|359\/714
|-damage|p2a: Arcanine|171\/384 tox|[from] recoil|[of] p1a: Venus
|
|-heal|p2a: Arcanine|195\/384 tox|[from] item: Leftovers
|-heal|p1a: Venus|403\/714|[from] item: Leftovers
|-damage|p2a: Arcanine|147\/384 tox|[from] psn
|turn|9
|
|switch|p1a: Freyja|Togetic, F|314\/314
|move|p2a: Arcanine|Close Combat|p1a: Freyja
|-resisted|p1a: Freyja
|-damage|p1a: Freyja|295\/314
|-unboost|p2a: Arcanine|def|1
|-unboost|p2a: Arcanine|spd|1
|
|-heal|p2a: Arcanine|171\/384 tox|[from] item: Leftovers
|-damage|p2a: Arcanine|99\/384 tox|[from] psn
|turn|10
|
|switch|p2a: Forretress|Forretress, F|352\/352
|move|p1a: Freyja|Dazzling Gleam|p2a: Forretress
|-resisted|p2a: Forretress
|-damage|p2a: Forretress|294\/352
|
|-heal|p2a: Forretress|316\/352|[from] item: Leftovers
|turn|11
|
|switch|p1a: Serpentine|Zygarde|404\/404
|-ability|p1a: Serpentine|Aura Break
|move|p2a: Forretress|Stealth Rock|p1a: Serpentine
|-sidestart|p1: Bob the Senpai|move: Stealth Rock
|
|-heal|p2a: Forretress|338\/352|[from] item: Leftovers
|turn|12
|
|switch|p2a: Azelf|Azelf|291\/291
|move|p1a: Serpentine|Substitute|p1a: Serpentine
|-start|p1a: Serpentine|Substitute
|-damage|p1a: Serpentine|303\/404
|
|-heal|p1a: Serpentine|328\/404|[from] item: Leftovers
|turn|13
|
|move|p2a: Azelf|Dazzling Gleam|p1a: Serpentine
|-supereffective|p1a: Serpentine
|-end|p1a: Serpentine|Substitute
|move|p1a: Serpentine|Dragon Tail|p2a: Azelf
|-damage|p2a: Azelf|195\/291
|drag|p2a: Sceptile|Sceptile, F|282\/282
|-status|p2a: Sceptile|psn
|
|-heal|p1a: Serpentine|353\/404|[from] item: Leftovers
|-damage|p2a: Sceptile|247\/282 psn|[from] psn
|turn|14
|
|switch|p1a: Freyja|Togetic, F|295\/314
|-damage|p1a: Freyja|217\/314|[from] Stealth Rock
|detailschange|p2a: Sceptile|Sceptile-Mega, F
|message|Sceptile has Mega Evolved into Mega Sceptile!
|move|p2a: Sceptile|Dragon Pulse|p1a: Freyja
|-immune|p1a: Freyja|[msg]
|
|-damage|p2a: Sceptile|212\/282 psn|[from] psn
|turn|15
|
|switch|p2a: Blissey|Blissey, F|714\/714
|-status|p2a: Blissey|psn
|move|p1a: Freyja|Defog|p2a: Blissey
|-unboost|p2a: Blissey|evasion|1
|-sideend|p2: Shaquillinite|Toxic Spikes|[from] move: Defog|[of] p2a: Blissey
|-sideend|p1: Bob the Senpai|Stealth Rock|[from] move: Defog|[of] p1a: Freyja
|
|-damage|p2a: Blissey|625\/714 psn|[from] psn
|turn|16
|
|switch|p1a: Kraken|Tentacruel, F|98\/364
|move|p2a: Blissey|Heal Bell|p2a: Blissey
|-cureteam|p2a: Blissey|[from] move: HealBell
|
|-heal|p1a: Kraken|120\/364|[from] item: Black Sludge
|-heal|p2a: Blissey|669\/714|[from] item: Leftovers
|turn|17
|
|switch|p1a: Venus|Blissey, F|403\/714
|move|p2a: Blissey|Seismic Toss|p1a: Venus
|-damage|p1a: Venus|303\/714
|
|-heal|p2a: Blissey|713\/714|[from] item: Leftovers
|-heal|p1a: Venus|347\/714|[from] item: Leftovers
|turn|18
|
|move|p2a: Blissey|Wish|p2a: Blissey
|move|p1a: Venus|Wish|p1a: Venus
|
|-heal|p2a: Blissey|714\/714|[from] item: Leftovers
|-heal|p1a: Venus|391\/714|[from] item: Leftovers
|turn|19
|
|switch|p2a: Reuniclus|Reuniclus, M|336\/424
|move|p1a: Venus|Seismic Toss|p2a: Reuniclus
|-damage|p2a: Reuniclus|236\/424
|
|-heal|p2a: Reuniclus|424\/424|[from] move: Wish|[wisher] Blissey
|-heal|p1a: Venus|714\/714|[from] move: Wish|[wisher] Venus
|turn|20
|
|switch|p1a: Hades|Shedinja|1\/1
|move|p2a: Reuniclus|Calm Mind|p2a: Reuniclus
|-boost|p2a: Reuniclus|spa|1
|-boost|p2a: Reuniclus|spd|1
|
|turn|21
|
|switch|p2a: Forretress|Forretress, F|338\/352
|move|p1a: Hades|X-Scissor|p2a: Forretress
|-resisted|p2a: Forretress
|-damage|p2a: Forretress|302\/352
|
|-heal|p2a: Forretress|324\/352|[from] item: Leftovers
|turn|22
|
|switch|p1a: Serpentine|Zygarde|353\/404
|-ability|p1a: Serpentine|Aura Break
|move|p2a: Forretress|Stealth Rock|p1a: Serpentine
|-sidestart|p1: Bob the Senpai|move: Stealth Rock
|
|-heal|p1a: Serpentine|378\/404|[from] item: Leftovers
|-heal|p2a: Forretress|346\/352|[from] item: Leftovers
|turn|23
|
|switch|p2a: Azelf|Azelf|195\/291
|move|p1a: Serpentine|Substitute|p1a: Serpentine
|-start|p1a: Serpentine|Substitute
|-damage|p1a: Serpentine|277\/404
|
|-heal|p1a: Serpentine|302\/404|[from] item: Leftovers
|turn|24
|
|move|p2a: Azelf|Dazzling Gleam|p1a: Serpentine
|-crit|p1a: Serpentine
|-supereffective|p1a: Serpentine
|-end|p1a: Serpentine|Substitute
|move|p1a: Serpentine|Dragon Tail|p2a: Azelf
|-damage|p2a: Azelf|102\/291
|drag|p2a: Blissey|Blissey, F|714\/714
|
|-heal|p1a: Serpentine|327\/404|[from] item: Leftovers
|turn|25
|
|move|p1a: Serpentine|Substitute|p1a: Serpentine
|-start|p1a: Serpentine|Substitute
|-damage|p1a: Serpentine|226\/404
|move|p2a: Blissey|Wish|p2a: Blissey
|
|-heal|p1a: Serpentine|251\/404|[from] item: Leftovers
|turn|26
|
|switch|p2a: Azelf|Azelf|102\/291
|move|p1a: Serpentine|Dragon Tail|p2a: Azelf
|-damage|p2a: Azelf|8\/291
|drag|p2a: Reuniclus|Reuniclus, M|424\/424
|
|-heal|p1a: Serpentine|276\/404|[from] item: Leftovers
|turn|27
|
|move|p1a: Serpentine|Coil|p1a: Serpentine
|-boost|p1a: Serpentine|atk|1
|-boost|p1a: Serpentine|def|1
|-boost|p1a: Serpentine|accuracy|1
|move|p2a: Reuniclus|Psyshock|p1a: Serpentine
|-activate|p1a: Serpentine|Substitute|[damage]
|
|-heal|p1a: Serpentine|301\/404|[from] item: Leftovers
|turn|28
|
|move|p1a: Serpentine|Coil|p1a: Serpentine
|-boost|p1a: Serpentine|atk|1
|-boost|p1a: Serpentine|def|1
|-boost|p1a: Serpentine|accuracy|1
|move|p2a: Reuniclus|Signal Beam|p1a: Serpentine
|-end|p1a: Serpentine|Substitute
|
|-heal|p1a: Serpentine|326\/404|[from] item: Leftovers
|turn|29
|
|move|p1a: Serpentine|Substitute|p1a: Serpentine
|-start|p1a: Serpentine|Substitute
|-damage|p1a: Serpentine|225\/404
|move|p2a: Reuniclus|Signal Beam|p1a: Serpentine
|-activate|p1a: Serpentine|Substitute|[damage]
|
|-heal|p1a: Serpentine|250\/404|[from] item: Leftovers
|turn|30
|
|move|p1a: Serpentine|Earthquake|p2a: Reuniclus
|-damage|p2a: Reuniclus|208\/424
|move|p2a: Reuniclus|Signal Beam|p1a: Serpentine
|-end|p1a: Serpentine|Substitute
|
|-heal|p1a: Serpentine|275\/404|[from] item: Leftovers
|turn|31
|
|move|p1a: Serpentine|Earthquake|p2a: Reuniclus
|-damage|p2a: Reuniclus|4\/424
|move|p2a: Reuniclus|Recover|p2a: Reuniclus
|-heal|p2a: Reuniclus|216\/424
|
|-heal|p1a: Serpentine|300\/404|[from] item: Leftovers
|turn|32
|
|move|p1a: Serpentine|Substitute|p1a: Serpentine
|-start|p1a: Serpentine|Substitute
|-damage|p1a: Serpentine|199\/404
|move|p2a: Reuniclus|Signal Beam|p1a: Serpentine
|-activate|p1a: Serpentine|Substitute|[damage]
|
|-heal|p1a: Serpentine|224\/404|[from] item: Leftovers
|turn|33
|
|move|p1a: Serpentine|Earthquake|p2a: Reuniclus
|-damage|p2a: Reuniclus|9\/424
|move|p2a: Reuniclus|Signal Beam|p1a: Serpentine
|-end|p1a: Serpentine|Substitute
|
|-heal|p1a: Serpentine|249\/404|[from] item: Leftovers
|turn|34
|
|move|p2a: Reuniclus|Signal Beam|p1a: Serpentine
|-damage|p1a: Serpentine|184\/404
|move|p1a: Serpentine|Dragon Tail|p2a: Reuniclus
|-damage|p2a: Reuniclus|0 fnt
|faint|p2a: Reuniclus
|
|-heal|p1a: Serpentine|209\/404|[from] item: Leftovers
|
|switch|p2a: Sceptile|Sceptile-Mega, F|212\/282
|turn|35
|
|switch|p1a: Venus|Blissey, F|714\/714
|-damage|p1a: Venus|625\/714|[from] Stealth Rock
|move|p2a: Sceptile|Dragon Pulse|p1a: Venus
|-damage|p1a: Venus|474\/714
|
|-heal|p1a: Venus|518\/714|[from] item: Leftovers
|turn|36
|
|move|p2a: Sceptile|Substitute|p2a: Sceptile
|-start|p2a: Sceptile|Substitute
|-damage|p2a: Sceptile|142\/282
|move|p1a: Venus|Wish|p1a: Venus
|
|-heal|p1a: Venus|562\/714|[from] item: Leftovers
|turn|37
|
|move|p2a: Sceptile|Focus Blast|p1a: Venus
|-crit|p1a: Venus
|-supereffective|p1a: Venus
|-damage|p1a: Venus|176\/714
|move|p1a: Venus|Seismic Toss|p2a: Sceptile
|-end|p2a: Sceptile|Substitute
|
|-heal|p1a: Venus|533\/714|[from] move: Wish|[wisher] Venus
|-heal|p1a: Venus|577\/714|[from] item: Leftovers
|turn|38
|-message|Shaquillinite forfeited.
|
|win|Bob the Senpai
|raw|Ladder updating...
|leave|Shaquillinite
|player|p2
|raw|Bob the Senpai's rating: 1542 &rarr; <strong>1552<\/strong><br \/>(+10 for winning)
|raw|Shaquillinite's rating: 1342 &rarr; <strong>1332<\/strong><br \/>(-10 for losing)