|join|Bob the Senpai
|join|SnoopyBabyGirl
|player|p1|Bob the Senpai|23
|player|p2|SnoopyBabyGirl|102
|gametype|singles
|gen|6
|tier|UU
|rated
|rule|Sleep Clause Mod: Limit one foe put to sleep
|rule|Species Clause: Limit one of each PokÃ©mon
|rule|OHKO Clause: OHKO moves are banned
|rule|Moody Clause: Moody is banned
|rule|Evasion Moves Clause: Evasion moves are banned
|rule|Endless Battle Clause: Forcing endless battles is banned
|rule|HP Percentage Mod: HP is shown in percentages
|clearpoke
|poke|p1|Shedinja
|poke|p1|Blissey, F
|poke|p1|Tentacruel, F
|poke|p1|Zygarde
|poke|p1|Aggron, F
|poke|p1|Togetic, M
|poke|p2|Scrafty, F
|poke|p2|Aggron, M
|poke|p2|Slowking, F
|poke|p2|Flygon, F
|poke|p2|Vaporeon, F
|poke|p2|Amoonguss, M
|rule|Swagger Clause: Swagger is banned
|rule|Baton Pass Clause: Limit one PokÃ©mon knowing Baton Pass
|teampreview
|join|IheartMagikarp
|join|meowiekins
|
|start
|switch|p1a: Archilles|Aggron, F|344\/344
|switch|p2a: Aggron|Aggron, M|344\/344
|turn|1
|
|detailschange|p2a: Aggron|Aggron-Mega, M
|message|Aggron has Mega Evolved into Mega Aggron!
|detailschange|p1a: Archilles|Aggron-Mega, F
|message|Aggron has Mega Evolved into Mega Aggron!
|move|p1a: Archilles|Stealth Rock|p2a: Aggron
|-sidestart|p2: SnoopyBabyGirl|move: Stealth Rock
|move|p2a: Aggron|Stealth Rock|p1a: Archilles
|-sidestart|p1: Bob the Senpai|move: Stealth Rock
|
|turn|2
|c| meowiekins|nice plays
|c| meowiekins|all around
|join|RowDog
|c|âSnoopyBabyGirl|I see we've reached an impact
|c| meowiekins|âSnoopyBabyGirl: I see we've reached an impact
|c| IheartMagikarp|*impasse
|c|âBob the Senpai|what does that even mean
|
|switch|p1a: Serpentine|Zygarde|404\/404
|-damage|p1a: Serpentine|379\/404|[from] Stealth Rock
|-ability|p1a: Serpentine|Aura Break
|move|p2a: Aggron|Earthquake|p1a: Serpentine
|-damage|p1a: Serpentine|284\/404
|
|-heal|p1a: Serpentine|309\/404|[from] item: Leftovers
|turn|3
|c| RowDog|unless
|c| RowDog|he is running Giga Impact
|c| RowDog|Â¯\_(ã)_\/Â¯
|c| IheartMagikarp|^
|c| meowiekins|lmoa
|
|move|p1a: Serpentine|Earthquake|p2a: Aggron
|-supereffective|p2a: Aggron
|-damage|p2a: Aggron|271\/344
|move|p2a: Aggron|Toxic|p1a: Serpentine
|-status|p1a: Serpentine|tox
|
|-heal|p1a: Serpentine|334\/404 tox|[from] item: Leftovers
|-damage|p1a: Serpentine|309\/404 tox|[from] psn
|turn|4
|c| RowDog|rip
|c|âBob the Senpai|oh good no roar
|join|BenzMafia
|
|switch|p1a: Archilles|Aggron-Mega, F|344\/344
|-damage|p1a: Archilles|323\/344|[from] Stealth Rock
|switch|p2a: Vaporeon|Vaporeon, F|463\/463
|-damage|p2a: Vaporeon|406\/463|[from] Stealth Rock
|
|-heal|p2a: Vaporeon|434\/463|[from] item: Leftovers
|turn|5
|
|switch|p1a: Freyja|Togetic, M|314\/314
|-damage|p1a: Freyja|236\/314|[from] Stealth Rock
|move|p2a: Vaporeon|Scald|p1a: Freyja
|-damage|p1a: Freyja|170\/314
|
|-heal|p2a: Vaporeon|462\/463|[from] item: Leftovers
|turn|6
|
|move|p2a: Vaporeon|Scald|p1a: Freyja
|-damage|p1a: Freyja|107\/314
|move|p1a: Freyja|Roost|p1a: Freyja
|-heal|p1a: Freyja|264\/314
|
|-heal|p2a: Vaporeon|463\/463|[from] item: Leftovers
|turn|7
|
|move|p2a: Vaporeon|Scald|p1a: Freyja
|-damage|p1a: Freyja|194\/314
|-status|p1a: Freyja|brn
|move|p1a: Freyja|Heal Bell|p1a: Freyja
|-cureteam|p1a: Freyja|[from] move: HealBell
|
|turn|8
|
|switch|p1a: Kraken|Tentacruel, F|364\/364
|-damage|p1a: Kraken|319\/364|[from] Stealth Rock
|move|p2a: Vaporeon|Wish|p2a: Vaporeon
|
|-heal|p1a: Kraken|341\/364|[from] item: Black Sludge
|turn|9
|
|switch|p2a: Slowking|Slowking, F|393\/393
|-damage|p2a: Slowking|344\/393|[from] Stealth Rock
|move|p1a: Kraken|Rapid Spin|p2a: Slowking
|-damage|p2a: Slowking|334\/393
|-sideend|p1: Bob the Senpai|Stealth Rock|[from] move: Rapid Spin|[of] p1a: Kraken
|
|-heal|p2a: Slowking|393\/393|[from] move: Wish|[wisher] Vaporeon
|-heal|p1a: Kraken|363\/364|[from] item: Black Sludge
|turn|10
|
|move|p1a: Kraken|Toxic|p2a: Slowking
|-status|p2a: Slowking|tox
|move|p2a: Slowking|Calm Mind|p2a: Slowking
|-boost|p2a: Slowking|spa|1
|-boost|p2a: Slowking|spd|1
|
|-heal|p1a: Kraken|364\/364|[from] item: Black Sludge
|-damage|p2a: Slowking|369\/393 tox|[from] psn
|turn|11
|c| RowDog|Fire blast?
|c| RowDog|:^)
|c| IheartMagikarp|^
|
|switch|p1a: Hades|Shedinja|1\/1
|move|p2a: Slowking|Psyshock|p1a: Hades
|-activate|p1a: Hades|ability: Wonder Guard
|
|-heal|p2a: Slowking|393\/393 tox|[from] item: Leftovers
|-damage|p2a: Slowking|345\/393 tox|[from] psn
|turn|12
|
|switch|p2a: Scrafty|Scrafty, F|334\/334
|-damage|p2a: Scrafty|314\/334|[from] Stealth Rock
|move|p1a: Hades|X-Scissor|p2a: Scrafty
|-damage|p2a: Scrafty|202\/334
|
|-heal|p2a: Scrafty|222\/334|[from] item: Leftovers
|turn|13
|
|switch|p1a: Freyja|Togetic, M|194\/314
|move|p2a: Scrafty|Bulk Up|p2a: Scrafty
|-boost|p2a: Scrafty|atk|1
|-boost|p2a: Scrafty|def|1
|
|-heal|p2a: Scrafty|242\/334|[from] item: Leftovers
|turn|14
|c|âBob the Senpai|the threat
|
|move|p2a: Scrafty|Knock Off|p1a: Freyja
|-resisted|p1a: Freyja
|-damage|p1a: Freyja|152\/314
|-enditem|p1a: Freyja|Eviolite|[from] move: Knock Off|[of] p2a: Scrafty
|move|p1a: Freyja|Dazzling Gleam|p2a: Scrafty
|-supereffective|p2a: Scrafty
|-damage|p2a: Scrafty|26\/334
|
|-heal|p2a: Scrafty|46\/334|[from] item: Leftovers
|turn|15
|c| IheartMagikarp|Scrafty is D Rank for a reason
|c| RowDog|Fairies q_q
|
|move|p2a: Scrafty|Rest|p2a: Scrafty
|-status|p2a: Scrafty|slp
|-heal|p2a: Scrafty|334\/334 slp|[silent]
|-status|p2a: Scrafty|slp|[from] move: Rest
|move|p1a: Freyja|Dazzling Gleam|p2a: Scrafty
|-supereffective|p2a: Scrafty
|-damage|p2a: Scrafty|142\/334 slp
|
|-activate|p2a: Scrafty|ability: Shed Skin
|-curestatus|p2a: Scrafty|slp
|-heal|p2a: Scrafty|162\/334|[from] item: Leftovers
|turn|16
|c| blametruththegod|av scrafty is best set
|c| IheartMagikarp|and better fighting types.
|
|switch|p2a: Amoonguss|Amoonguss, M|411\/411
|-damage|p2a: Amoonguss|360\/411|[from] Stealth Rock
|move|p1a: Freyja|Dazzling Gleam|p2a: Amoonguss
|-resisted|p2a: Amoonguss
|-damage|p2a: Amoonguss|331\/411
|
|turn|17
|c| RowDog|needs Iron Head Scrafty
|
|switch|p1a: Venus|Blissey, F|714\/714
|move|p2a: Amoonguss|Sludge Bomb|p1a: Venus
|-damage|p1a: Venus|609\/714
|
|-heal|p1a: Venus|653\/714|[from] item: Leftovers
|turn|18
|c| RowDog|AV ftw
|c|âBob the Senpai|av everything
|
|switch|p2a: Scrafty|Scrafty, F|162\/334
|-damage|p2a: Scrafty|142\/334|[from] Stealth Rock
|move|p1a: Venus|Wish|p1a: Venus
|
|-heal|p2a: Scrafty|162\/334|[from] item: Leftovers
|-heal|p1a: Venus|697\/714|[from] item: Leftovers
|turn|19
|c| IheartMagikarp|just pass a wish into sheddy
|c|âBob the Senpai|working on that
|
|switch|p1a: Freyja|Togetic, M|152\/314
|move|p2a: Scrafty|Knock Off|p1a: Freyja
|-resisted|p1a: Freyja
|-damage|p1a: Freyja|125\/314
|
|-heal|p1a: Freyja|314\/314|[from] move: Wish|[wisher] Venus
|-heal|p2a: Scrafty|182\/334|[from] item: Leftovers
|turn|20
|
|switch|p2a: Vaporeon|Vaporeon, F|463\/463
|-damage|p2a: Vaporeon|406\/463|[from] Stealth Rock
|move|p1a: Freyja|Dazzling Gleam|p2a: Vaporeon
|-damage|p2a: Vaporeon|330\/463
|
|-heal|p2a: Vaporeon|358\/463|[from] item: Leftovers
|turn|21
|
|switch|p1a: Hades|Shedinja|1\/1
|move|p2a: Vaporeon|Heal Bell|p2a: Vaporeon
|-cureteam|p2a: Vaporeon|[from] move: HealBell
|
|-heal|p2a: Vaporeon|386\/463|[from] item: Leftovers
|turn|22
|
|move|p2a: Vaporeon|Protect|p2a: Vaporeon
|-singleturn|p2a: Vaporeon|Protect
|move|p1a: Hades|Will-O-Wisp|p2a: Vaporeon
|-activate|p2a: Vaporeon|Protect
|
|-heal|p2a: Vaporeon|414\/463|[from] item: Leftovers
|turn|23
|
|move|p1a: Hades|Will-O-Wisp|p2a: Vaporeon|[miss]
|-miss|p1a: Hades|p2a: Vaporeon
|move|p2a: Vaporeon|Wish|p2a: Vaporeon
|
|-heal|p2a: Vaporeon|442\/463|[from] item: Leftovers
|turn|24
|c| IheartMagikarp|kek
|
|switch|p2a: Amoonguss|Amoonguss, M|411\/411
|-damage|p2a: Amoonguss|360\/411|[from] Stealth Rock
|move|p1a: Hades|Will-O-Wisp|p2a: Amoonguss
|-status|p2a: Amoonguss|brn
|
|-heal|p2a: Amoonguss|411\/411 brn|[from] move: Wish|[wisher] Vaporeon
|-damage|p2a: Amoonguss|360\/411 brn|[from] brn
|turn|25
|
|switch|p1a: Kraken|Tentacruel, F|364\/364
|move|p2a: Amoonguss|Hidden Power|p1a: Kraken
|-resisted|p1a: Kraken
|-damage|p1a: Kraken|340\/364
|
|-heal|p1a: Kraken|362\/364|[from] item: Black Sludge
|-damage|p2a: Amoonguss|309\/411 brn|[from] brn
|turn|26
|
|switch|p2a: Flygon|Flygon, F|301\/301
|-damage|p2a: Flygon|283\/301|[from] Stealth Rock
|move|p1a: Kraken|Toxic|p2a: Flygon
|-status|p2a: Flygon|tox
|
|-heal|p1a: Kraken|364\/364|[from] item: Black Sludge
|-damage|p2a: Flygon|265\/301 tox|[from] psn
|turn|27
|
|switch|p1a: Hades|Shedinja|1\/1
|move|p2a: Flygon|U-turn|p1a: Hades
|-activate|p1a: Hades|ability: Wonder Guard
|
|-damage|p2a: Flygon|229\/301 tox|[from] psn
|turn|28
|
|switch|p2a: Vaporeon|Vaporeon, F|442\/463
|-damage|p2a: Vaporeon|385\/463|[from] Stealth Rock
|move|p1a: Hades|Will-O-Wisp|p2a: Vaporeon
|-status|p2a: Vaporeon|brn
|
|-heal|p2a: Vaporeon|413\/463 brn|[from] item: Leftovers
|-damage|p2a: Vaporeon|356\/463 brn|[from] brn
|turn|29
|
|move|p1a: Hades|Swords Dance|p1a: Hades
|-boost|p1a: Hades|atk|2
|move|p2a: Vaporeon|Heal Bell|p2a: Vaporeon
|-cureteam|p2a: Vaporeon|[from] move: HealBell
|
|-heal|p2a: Vaporeon|384\/463|[from] item: Leftovers
|turn|30
|
|switch|p2a: Aggron|Aggron-Mega, M|271\/344
|-damage|p2a: Aggron|250\/344|[from] Stealth Rock
|move|p1a: Hades|X-Scissor|p2a: Aggron
|-resisted|p2a: Aggron
|-damage|p2a: Aggron|203\/344
|
|turn|31
|
|switch|p1a: Kraken|Tentacruel, F|364\/364
|move|p2a: Aggron|Stealth Rock|p1a: Kraken
|-sidestart|p1: Bob the Senpai|move: Stealth Rock
|
|turn|32
|
|move|p1a: Kraken|Scald|p2a: Aggron
|-damage|p2a: Aggron|121\/344
|move|p2a: Aggron|Earthquake|p1a: Kraken
|-supereffective|p1a: Kraken
|-damage|p1a: Kraken|154\/364
|
|-heal|p1a: Kraken|176\/364|[from] item: Black Sludge
|turn|33
|
|switch|p1a: Archilles|Aggron-Mega, F|323\/344
|-damage|p1a: Archilles|302\/344|[from] Stealth Rock
|move|p2a: Aggron|Earthquake|p1a: Archilles
|-supereffective|p1a: Archilles
|-damage|p1a: Archilles|221\/344
|
|turn|34
|
|switch|p2a: Vaporeon|Vaporeon, F|384\/463
|-damage|p2a: Vaporeon|327\/463|[from] Stealth Rock
|move|p1a: Archilles|Roar|p2a: Vaporeon
|drag|p2a: Slowking|Slowking, F|393\/393
|-damage|p2a: Slowking|344\/393|[from] Stealth Rock
|
|-heal|p2a: Slowking|368\/393|[from] item: Leftovers
|turn|35
|join|Mike Hunts
|
|switch|p2a: Amoonguss|Amoonguss, M|411\/411
|-damage|p2a: Amoonguss|360\/411|[from] Stealth Rock
|move|p1a: Archilles|Toxic|p2a: Amoonguss
|-fail|p2a: Amoonguss
|
|turn|36
|
|switch|p1a: Venus|Blissey, F|697\/714
|-damage|p1a: Venus|608\/714|[from] Stealth Rock
|move|p2a: Amoonguss|Hidden Power|p1a: Venus
|-damage|p1a: Venus|558\/714
|
|-heal|p1a: Venus|602\/714|[from] item: Leftovers
|turn|37
|
|switch|p2a: Slowking|Slowking, F|393\/393
|-damage|p2a: Slowking|344\/393|[from] Stealth Rock
|move|p1a: Venus|Wish|p1a: Venus
|
|-heal|p1a: Venus|646\/714|[from] item: Leftovers
|-heal|p2a: Slowking|368\/393|[from] item: Leftovers
|turn|38
|
|switch|p1a: Archilles|Aggron-Mega, F|221\/344
|-damage|p1a: Archilles|200\/344|[from] Stealth Rock
|move|p2a: Slowking|Calm Mind|p2a: Slowking
|-boost|p2a: Slowking|spa|1
|-boost|p2a: Slowking|spd|1
|
|-heal|p1a: Archilles|344\/344|[from] move: Wish|[wisher] Venus
|-heal|p2a: Slowking|392\/393|[from] item: Leftovers
|turn|39
|
|move|p1a: Archilles|Toxic|p2a: Slowking
|-status|p2a: Slowking|tox
|move|p2a: Slowking|Scald|p1a: Archilles
|-damage|p1a: Archilles|235\/344
|
|-heal|p2a: Slowking|393\/393 tox|[from] item: Leftovers
|-damage|p2a: Slowking|369\/393 tox|[from] psn
|turn|40
|
|switch|p1a: Venus|Blissey, F|646\/714
|-damage|p1a: Venus|557\/714|[from] Stealth Rock
|move|p2a: Slowking|Scald|p1a: Venus
|-damage|p1a: Venus|445\/714
|
|-heal|p1a: Venus|489\/714|[from] item: Leftovers
|-heal|p2a: Slowking|393\/393 tox|[from] item: Leftovers
|-damage|p2a: Slowking|345\/393 tox|[from] psn
|turn|41
|
|move|p1a: Venus|Wish|p1a: Venus
|move|p2a: Slowking|Psyshock|p1a: Venus
|-damage|p1a: Venus|242\/714
|
|-heal|p1a: Venus|286\/714|[from] item: Leftovers
|-heal|p2a: Slowking|369\/393 tox|[from] item: Leftovers
|-damage|p2a: Slowking|297\/393 tox|[from] psn
|turn|42
|
|switch|p2a: Flygon|Flygon, F|229\/301
|-damage|p2a: Flygon|211\/301|[from] Stealth Rock
|move|p1a: Venus|Protect|p1a: Venus
|-fail|p1a: Venus
|
|-heal|p1a: Venus|643\/714|[from] move: Wish|[wisher] Venus
|-heal|p1a: Venus|687\/714|[from] item: Leftovers
|turn|43
|
|switch|p2a: Amoonguss|Amoonguss, M|411\/411
|-damage|p2a: Amoonguss|360\/411|[from] Stealth Rock
|move|p1a: Venus|Counter|p2a: Amoonguss
|-fail|p2a: Amoonguss
|
|-heal|p1a: Venus|714\/714|[from] item: Leftovers
|turn|44
|c|âBob the Senpai|rip
|
|switch|p2a: Scrafty|Scrafty, F|182\/334
|-damage|p2a: Scrafty|162\/334|[from] Stealth Rock
|move|p1a: Venus|Wish|p1a: Venus
|
|-heal|p2a: Scrafty|182\/334|[from] item: Leftovers
|turn|45
|
|switch|p1a: Freyja|Togetic, M|314\/314
|-damage|p1a: Freyja|236\/314|[from] Stealth Rock
|move|p2a: Scrafty|Drain Punch|p1a: Freyja
|-resisted|p1a: Freyja
|-damage|p1a: Freyja|218\/314
|-heal|p2a: Scrafty|191\/334|[from] drain|[of] p1a: Freyja
|
|-heal|p1a: Freyja|314\/314|[from] move: Wish|[wisher] Venus
|-heal|p2a: Scrafty|211\/334|[from] item: Leftovers
|turn|46
|
|switch|p2a: Aggron|Aggron-Mega, M|121\/344
|-damage|p2a: Aggron|100\/344|[from] Stealth Rock
|move|p1a: Freyja|Dazzling Gleam|p2a: Aggron
|-resisted|p2a: Aggron
|-damage|p2a: Aggron|58\/344
|
|turn|47
|
|switch|p2a: Vaporeon|Vaporeon, F|327\/463
|-damage|p2a: Vaporeon|270\/463|[from] Stealth Rock
|switch|p1a: Archilles|Aggron-Mega, F|235\/344
|-damage|p1a: Archilles|214\/344|[from] Stealth Rock
|
|-heal|p2a: Vaporeon|298\/463|[from] item: Leftovers
|turn|48
|
|move|p2a: Vaporeon|Wish|p2a: Vaporeon
|move|p1a: Archilles|Toxic|p2a: Vaporeon
|-status|p2a: Vaporeon|tox
|
|-heal|p2a: Vaporeon|326\/463 tox|[from] item: Leftovers
|-damage|p2a: Vaporeon|298\/463 tox|[from] psn
|turn|49
|join|SpaSweeperGatomon
|
|move|p2a: Vaporeon|Scald|p1a: Archilles
|-damage|p1a: Archilles|127\/344
|-status|p1a: Archilles|brn
|move|p1a: Archilles|Roar|p2a: Vaporeon
|drag|p2a: Aggron|Aggron-Mega, M|58\/344
|-damage|p2a: Aggron|37\/344|[from] Stealth Rock
|
|-heal|p2a: Aggron|268\/344|[from] move: Wish|[wisher] Vaporeon
|-damage|p1a: Archilles|84\/344 brn|[from] brn
|turn|50
|c| RowDog|Bob, after this, lets spectate my brother
|c|âBob the Senpai|fkn shitting me
|c|âSnoopyBabyGirl|lol
|c| blametruththegod|<
|c| blametruththegod|<<<
|c| RowDog|KEKleon
|
|switch|p1a: Serpentine|Zygarde|309\/404
|-damage|p1a: Serpentine|284\/404|[from] Stealth Rock
|-ability|p1a: Serpentine|Aura Break
|move|p2a: Aggron|Earthquake|p1a: Serpentine
|-crit|p1a: Serpentine
|-damage|p1a: Serpentine|145\/404
|
|-heal|p1a: Serpentine|170\/404|[from] item: Leftovers
|turn|51
|
|switch|p1a: Archilles|Aggron-Mega, F|84\/344 brn
|-damage|p1a: Archilles|63\/344 brn|[from] Stealth Rock
|move|p2a: Aggron|Toxic|p1a: Archilles|[miss]
|-miss|p2a: Aggron|p1a: Archilles
|
|-damage|p1a: Archilles|20\/344 brn|[from] brn
|turn|52
|
|switch|p2a: Vaporeon|Vaporeon, F|298\/463 tox
|-damage|p2a: Vaporeon|241\/463 tox|[from] Stealth Rock
|move|p1a: Archilles|Heavy Slam|p2a: Vaporeon
|-resisted|p2a: Vaporeon
|-damage|p2a: Vaporeon|193\/463 tox
|
|-heal|p2a: Vaporeon|221\/463 tox|[from] item: Leftovers
|-damage|p2a: Vaporeon|193\/463 tox|[from] psn
|-damage|p1a: Archilles|0 fnt|[from] brn
|faint|p1a: Archilles
|
|switch|p1a: Venus|Blissey, F|714\/714
|-damage|p1a: Venus|625\/714|[from] Stealth Rock
|turn|53
|
|move|p2a: Vaporeon|Heal Bell|p2a: Vaporeon
|-cureteam|p2a: Vaporeon|[from] move: HealBell
|move|p1a: Venus|Seismic Toss|p2a: Vaporeon
|-damage|p2a: Vaporeon|93\/463
|
|-heal|p2a: Vaporeon|121\/463|[from] item: Leftovers
|-heal|p1a: Venus|669\/714|[from] item: Leftovers
|turn|54
|
|move|p2a: Vaporeon|Wish|p2a: Vaporeon
|move|p1a: Venus|Wish|p1a: Venus
|
|-heal|p2a: Vaporeon|149\/463|[from] item: Leftovers
|-heal|p1a: Venus|713\/714|[from] item: Leftovers
|turn|55
|
|switch|p1a: Kraken|Tentacruel, F|176\/364
|-damage|p1a: Kraken|131\/364|[from] Stealth Rock
|move|p2a: Vaporeon|Protect|p2a: Vaporeon
|-fail|p2a: Vaporeon
|
|-heal|p2a: Vaporeon|380\/463|[from] move: Wish|[wisher] Vaporeon
|-heal|p1a: Kraken|364\/364|[from] move: Wish|[wisher] Venus
|-heal|p2a: Vaporeon|408\/463|[from] item: Leftovers
|turn|56
|
|switch|p2a: Amoonguss|Amoonguss, M|411\/411
|-damage|p2a: Amoonguss|360\/411|[from] Stealth Rock
|move|p1a: Kraken|Toxic|p2a: Amoonguss
|-fail|p2a: Amoonguss
|
|turn|57
|
|move|p1a: Kraken|Rapid Spin|p2a: Amoonguss
|-damage|p2a: Amoonguss|345\/411
|-sideend|p1: Bob the Senpai|Stealth Rock|[from] move: Rapid Spin|[of] p1a: Kraken
|move|p2a: Amoonguss|Giga Drain|p1a: Kraken
|-damage|p1a: Kraken|268\/364
|-damage|p2a: Amoonguss|297\/411|[from] ability: Liquid Ooze|[of] p1a: Kraken
|
|-heal|p1a: Kraken|290\/364|[from] item: Black Sludge
|turn|58
|
|move|p1a: Kraken|Toxic Spikes|p2a: Amoonguss
|-sidestart|p2: SnoopyBabyGirl|move: Toxic Spikes
|move|p2a: Amoonguss|Sludge Bomb|p1a: Kraken
|-resisted|p1a: Kraken
|-damage|p1a: Kraken|233\/364
|
|-heal|p1a: Kraken|255\/364|[from] item: Black Sludge
|turn|59
|leave|BenzMafia
|
|switch|p1a: Venus|Blissey, F|713\/714
|switch|p2a: Flygon|Flygon, F|211\/301
|-damage|p2a: Flygon|193\/301|[from] Stealth Rock
|
|-heal|p1a: Venus|714\/714|[from] item: Leftovers
|turn|60
|
|move|p2a: Flygon|Earthquake|p1a: Venus
|-damage|p1a: Venus|425\/714
|move|p1a: Venus|Counter|p2a: Flygon
|-damage|p2a: Flygon|0 fnt
|faint|p2a: Flygon
|
|-heal|p1a: Venus|469\/714|[from] item: Leftovers
|
|switch|p2a: Aggron|Aggron-Mega, M|268\/344
|-damage|p2a: Aggron|247\/344|[from] Stealth Rock
|turn|61
|
|move|p1a: Venus|Protect|p1a: Venus
|-singleturn|p1a: Venus|Protect
|move|p2a: Aggron|Earthquake|p1a: Venus
|-activate|p1a: Venus|Protect
|
|-heal|p1a: Venus|513\/714|[from] item: Leftovers
|turn|62
|
|move|p1a: Venus|Wish|p1a: Venus
|move|p2a: Aggron|Earthquake|p1a: Venus
|-damage|p1a: Venus|330\/714
|
|-heal|p1a: Venus|374\/714|[from] item: Leftovers
|turn|63
|
|switch|p1a: Serpentine|Zygarde|170\/404
|-ability|p1a: Serpentine|Aura Break
|move|p2a: Aggron|Toxic|p1a: Serpentine
|-status|p1a: Serpentine|tox
|
|-heal|p1a: Serpentine|404\/404 tox|[from] move: Wish|[wisher] Venus
|-damage|p1a: Serpentine|379\/404 tox|[from] psn
|turn|64
|
|switch|p1a: Kraken|Tentacruel, F|255\/364
|switch|p2a: Vaporeon|Vaporeon, F|408\/463
|-status|p2a: Vaporeon|psn
|-damage|p2a: Vaporeon|351\/463 psn|[from] Stealth Rock
|
|-heal|p1a: Kraken|277\/364|[from] item: Black Sludge
|-heal|p2a: Vaporeon|379\/463 psn|[from] item: Leftovers
|-damage|p2a: Vaporeon|322\/463 psn|[from] psn
|turn|65
|
|switch|p1a: Freyja|Togetic, M|314\/314
|move|p2a: Vaporeon|Heal Bell|p2a: Vaporeon
|-cureteam|p2a: Vaporeon|[from] move: HealBell
|
|-heal|p2a: Vaporeon|350\/463|[from] item: Leftovers
|turn|66
|
|move|p2a: Vaporeon|Wish|p2a: Vaporeon
|move|p1a: Freyja|Heal Bell|p1a: Freyja
|-cureteam|p1a: Freyja|[from] move: HealBell
|
|-heal|p2a: Vaporeon|378\/463|[from] item: Leftovers
|turn|67
|
|switch|p2a: Scrafty|Scrafty, F|211\/334
|-damage|p2a: Scrafty|191\/334|[from] Stealth Rock
|-status|p2a: Scrafty|psn
|switch|p1a: Serpentine|Zygarde|379\/404
|-ability|p1a: Serpentine|Aura Break
|
|-heal|p2a: Scrafty|334\/334 psn|[from] move: Wish|[wisher] Vaporeon
|-heal|p1a: Serpentine|404\/404|[from] item: Leftovers
|-activate|p2a: Scrafty|ability: Shed Skin
|-curestatus|p2a: Scrafty|psn
|turn|68
|
|move|p1a: Serpentine|Substitute|p1a: Serpentine
|-start|p1a: Serpentine|Substitute
|-damage|p1a: Serpentine|303\/404
|move|p2a: Scrafty|Bulk Up|p2a: Scrafty
|-boost|p2a: Scrafty|atk|1
|-boost|p2a: Scrafty|def|1
|
|-heal|p1a: Serpentine|328\/404|[from] item: Leftovers
|turn|69
|
|move|p1a: Serpentine|Coil|p1a: Serpentine
|-boost|p1a: Serpentine|atk|1
|-boost|p1a: Serpentine|def|1
|-boost|p1a: Serpentine|accuracy|1
|move|p2a: Scrafty|Bulk Up|p2a: Scrafty
|-boost|p2a: Scrafty|atk|1
|-boost|p2a: Scrafty|def|1
|
|-heal|p1a: Serpentine|353\/404|[from] item: Leftovers
|turn|70
|join|megabee is trash
|
|move|p1a: Serpentine|Coil|p1a: Serpentine
|-boost|p1a: Serpentine|atk|1
|-boost|p1a: Serpentine|def|1
|-boost|p1a: Serpentine|accuracy|1
|move|p2a: Scrafty|Bulk Up|p2a: Scrafty
|-boost|p2a: Scrafty|atk|1
|-boost|p2a: Scrafty|def|1
|
|-heal|p1a: Serpentine|378\/404|[from] item: Leftovers
|turn|71
|
|move|p1a: Serpentine|Coil|p1a: Serpentine
|-boost|p1a: Serpentine|atk|1
|-boost|p1a: Serpentine|def|1
|-boost|p1a: Serpentine|accuracy|1
|move|p2a: Scrafty|Bulk Up|p2a: Scrafty
|-boost|p2a: Scrafty|atk|1
|-boost|p2a: Scrafty|def|1
|
|-heal|p1a: Serpentine|403\/404|[from] item: Leftovers
|turn|72
|
|move|p2a: Scrafty|Bulk Up|p2a: Scrafty
|-boost|p2a: Scrafty|atk|1
|-boost|p2a: Scrafty|def|1
|move|p1a: Serpentine|Dragon Tail|p2a: Scrafty
|-damage|p2a: Scrafty|292\/334
|drag|p2a: Amoonguss|Amoonguss, M|411\/411
|-sideend|p2: SnoopyBabyGirl|move: Toxic Spikes|[of] p2a: Amoonguss
|-damage|p2a: Amoonguss|360\/411|[from] Stealth Rock
|
|-heal|p1a: Serpentine|404\/404|[from] item: Leftovers
|turn|73
|
|move|p1a: Serpentine|Coil|p1a: Serpentine
|-boost|p1a: Serpentine|atk|1
|-boost|p1a: Serpentine|def|1
|-boost|p1a: Serpentine|accuracy|1
|move|p2a: Amoonguss|Clear Smog|p1a: Serpentine
|-resisted|p1a: Serpentine
|-activate|p1a: Serpentine|Substitute|[damage]
|
|turn|74
|c|âSnoopyBabyGirl|shit lol
|
|switch|p2a: Vaporeon|Vaporeon, F|378\/463
|-damage|p2a: Vaporeon|321\/463|[from] Stealth Rock
|move|p1a: Serpentine|Coil|p1a: Serpentine
|-boost|p1a: Serpentine|atk|1
|-boost|p1a: Serpentine|def|1
|-boost|p1a: Serpentine|accuracy|1
|
|-heal|p2a: Vaporeon|349\/463|[from] item: Leftovers
|turn|75
|
|move|p1a: Serpentine|Earthquake|p2a: Vaporeon
|-damage|p2a: Vaporeon|0 fnt
|faint|p2a: Vaporeon
|
|c| megabee is trash|rip
|
|switch|p2a: Slowking|Slowking, F|393\/393
|-damage|p2a: Slowking|344\/393|[from] Stealth Rock
|turn|76
|
|move|p1a: Serpentine|Earthquake|p2a: Slowking
|-damage|p2a: Slowking|0 fnt
|faint|p2a: Slowking
|
|c|âBob the Senpai|rip
|
|switch|p2a: Scrafty|Scrafty, F|292\/334
|-damage|p2a: Scrafty|272\/334|[from] Stealth Rock
|turn|77
|c|âSnoopyBabyGirl|pir
|
|move|p1a: Serpentine|Earthquake|p2a: Scrafty
|-damage|p2a: Scrafty|0 fnt
|faint|p2a: Scrafty
|
|
|switch|p2a: Aggron|Aggron-Mega, M|247\/344
|-damage|p2a: Aggron|226\/344|[from] Stealth Rock
|turn|78
|
|move|p1a: Serpentine|Earthquake|p2a: Aggron
|-crit|p2a: Aggron
|-supereffective|p2a: Aggron
|-damage|p2a: Aggron|0 fnt
|faint|p2a: Aggron
|
|
|switch|p2a: Amoonguss|Amoonguss, M|411\/411
|-damage|p2a: Amoonguss|360\/411|[from] Stealth Rock
|turn|79
|
|move|p1a: Serpentine|Earthquake|p2a: Amoonguss
|-damage|p2a: Amoonguss|0 fnt
|faint|p2a: Amoonguss
|
|win|Bob the Senpai
|raw|Ladder updating...
|raw|Bob the Senpai's rating: 1560 &rarr; <strong>1567<\/strong><br \/>(+7 for winning)
|raw|SnoopyBabyGirl's rating: 1287 &rarr; <strong>1279<\/strong><br \/>(-8 for losing)
|leave|SnoopyBabyGirl
|player|p2
|leave|Bob the Senpai
|player|p1
|leave|Mike Hunts
|leave|megabee is trash
|join|Bob the Senpai