|join|Bob the Senpai
|join|Cuy45
|player|p1|Bob the Senpai|23
|player|p2|Cuy45|170
|gametype|singles
|gen|6
|tier|UU
|rated
|rule|Sleep Clause Mod: Limit one foe put to sleep
|rule|Species Clause: Limit one of each PokÃ©mon
|rule|OHKO Clause: OHKO moves are banned
|rule|Moody Clause: Moody is banned
|rule|Evasion Moves Clause: Evasion moves are banned
|rule|Endless Battle Clause: Forcing endless battles is banned
|rule|HP Percentage Mod: HP is shown in percentages
|clearpoke
|poke|p1|Shedinja
|poke|p1|Blissey, F
|poke|p1|Tentacruel, F
|poke|p1|Zygarde
|poke|p1|Aggron, M
|poke|p1|Togetic, M
|poke|p2|Sharpedo, M
|poke|p2|Chesnaught, M
|poke|p2|Empoleon, F
|poke|p2|Arcanine, M
|poke|p2|Alakazam, M
|poke|p2|Haxorus, M
|rule|Swagger Clause: Swagger is banned
|rule|Baton Pass Clause: Limit one PokÃ©mon knowing Baton Pass
|teampreview
|
|start
|switch|p1a: Archilles|Aggron, M|344\/344
|switch|p2a: Haxorus|Haxorus, M|294\/294
|-ability|p2a: Haxorus|Mold Breaker
|turn|1
|
|switch|p2a: Chesnaught|Chesnaught, M|318\/318
|detailschange|p1a: Archilles|Aggron-Mega, M
|message|Aggron has Mega Evolved into Mega Aggron!
|move|p1a: Archilles|Heavy Slam|p2a: Chesnaught
|-damage|p2a: Chesnaught|213\/318
|-damage|p1a: Archilles|287\/344|[from] item: Rocky Helmet|[of] p2a: Chesnaught
|
|turn|2
|
|move|p2a: Chesnaught|Leech Seed|p1a: Archilles
|-start|p1a: Archilles|move: Leech Seed
|move|p1a: Archilles|Toxic|p2a: Chesnaught
|-status|p2a: Chesnaught|tox
|
|-damage|p1a: Archilles|244\/344|[from] Leech Seed|[of] p2a: Chesnaught
|-heal|p2a: Chesnaught|256\/318 tox|[silent]
|-damage|p2a: Chesnaught|237\/318 tox|[from] psn
|turn|3
|
|switch|p1a: Kraken|Tentacruel, F|364\/364
|move|p2a: Chesnaught|Spikes|p1a: Kraken
|-sidestart|p1: Bob the Senpai|Spikes
|
|-damage|p2a: Chesnaught|199\/318 tox|[from] psn
|turn|4
|
|switch|p2a: Empoleon|Empoleon, F|372\/372
|move|p1a: Kraken|Toxic Spikes|p2a: Empoleon
|-sidestart|p2: Cuy45|move: Toxic Spikes
|
|turn|5
|
|move|p1a: Kraken|Scald|p2a: Empoleon
|-resisted|p2a: Empoleon
|-damage|p2a: Empoleon|345\/372
|move|p2a: Empoleon|Scald|p1a: Kraken
|-resisted|p1a: Kraken
|-damage|p1a: Kraken|316\/364
|-status|p1a: Kraken|brn
|
|-heal|p1a: Kraken|338\/364 brn|[from] item: Black Sludge
|-heal|p2a: Empoleon|368\/372|[from] item: Leftovers
|-damage|p1a: Kraken|293\/364 brn|[from] brn
|turn|6
|join|meowiekins
|
|move|p1a: Kraken|Scald|p2a: Empoleon
|-resisted|p2a: Empoleon
|-damage|p2a: Empoleon|341\/372
|move|p2a: Empoleon|Defog|p1a: Kraken
|-unboost|p1a: Kraken|evasion|1
|-sideend|p1: Bob the Senpai|Spikes|[from] move: Defog|[of] p1a: Kraken
|-sideend|p2: Cuy45|Toxic Spikes|[from] move: Defog|[of] p2a: Empoleon
|
|-heal|p1a: Kraken|315\/364 brn|[from] item: Black Sludge
|-heal|p2a: Empoleon|364\/372|[from] item: Leftovers
|-damage|p1a: Kraken|270\/364 brn|[from] brn
|turn|7
|join|Cyndequil
|
|move|p1a: Kraken|Scald|p2a: Empoleon
|-resisted|p2a: Empoleon
|-damage|p2a: Empoleon|337\/372
|-status|p2a: Empoleon|brn
|move|p2a: Empoleon|Scald|p1a: Kraken
|-resisted|p1a: Kraken
|-damage|p1a: Kraken|228\/364 brn
|
|-heal|p1a: Kraken|250\/364 brn|[from] item: Black Sludge
|-heal|p2a: Empoleon|360\/372 brn|[from] item: Leftovers
|-damage|p1a: Kraken|205\/364 brn|[from] brn
|-damage|p2a: Empoleon|314\/372 brn|[from] brn
|turn|8
|
|switch|p1a: Freyja|Togetic, M|314\/314
|move|p2a: Empoleon|Stealth Rock|p1a: Freyja
|-sidestart|p1: Bob the Senpai|move: Stealth Rock
|
|-heal|p2a: Empoleon|337\/372 brn|[from] item: Leftovers
|-damage|p2a: Empoleon|291\/372 brn|[from] brn
|turn|9
|
|move|p2a: Empoleon|Toxic|p1a: Freyja|[miss]
|-miss|p2a: Empoleon|p1a: Freyja
|move|p1a: Freyja|Defog|p2a: Empoleon
|-unboost|p2a: Empoleon|evasion|1
|-sideend|p1: Bob the Senpai|Stealth Rock|[from] move: Defog|[of] p1a: Freyja
|
|-heal|p2a: Empoleon|314\/372 brn|[from] item: Leftovers
|-damage|p2a: Empoleon|268\/372 brn|[from] brn
|turn|10
|
|move|p2a: Empoleon|Toxic|p1a: Freyja|[miss]
|-miss|p2a: Empoleon|p1a: Freyja
|move|p1a: Freyja|Dazzling Gleam|p2a: Empoleon
|-resisted|p2a: Empoleon
|-damage|p2a: Empoleon|237\/372 brn
|
|-heal|p2a: Empoleon|260\/372 brn|[from] item: Leftovers
|-damage|p2a: Empoleon|214\/372 brn|[from] brn
|turn|11
|
|move|p2a: Empoleon|Toxic|p1a: Freyja
|-status|p1a: Freyja|tox
|move|p1a: Freyja|Dazzling Gleam|p2a: Empoleon
|-resisted|p2a: Empoleon
|-damage|p2a: Empoleon|184\/372 brn
|
|-heal|p2a: Empoleon|207\/372 brn|[from] item: Leftovers
|-damage|p2a: Empoleon|161\/372 brn|[from] brn
|-damage|p1a: Freyja|295\/314 tox|[from] psn
|turn|12
|
|move|p2a: Empoleon|Stealth Rock|p1a: Freyja
|-sidestart|p1: Bob the Senpai|move: Stealth Rock
|move|p1a: Freyja|Heal Bell|p1a: Freyja
|-cureteam|p1a: Freyja|[from] move: HealBell
|
|-heal|p2a: Empoleon|184\/372 brn|[from] item: Leftovers
|-damage|p2a: Empoleon|138\/372 brn|[from] brn
|turn|13
|
|move|p2a: Empoleon|Toxic|p1a: Freyja
|-status|p1a: Freyja|tox
|move|p1a: Freyja|Defog|p2a: Empoleon
|-unboost|p2a: Empoleon|evasion|1
|-sideend|p1: Bob the Senpai|Stealth Rock|[from] move: Defog|[of] p1a: Freyja
|
|-heal|p2a: Empoleon|161\/372 brn|[from] item: Leftovers
|-damage|p2a: Empoleon|115\/372 brn|[from] brn
|-damage|p1a: Freyja|276\/314 tox|[from] psn
|turn|14
|
|move|p2a: Empoleon|Stealth Rock|p1a: Freyja
|-sidestart|p1: Bob the Senpai|move: Stealth Rock
|move|p1a: Freyja|Heal Bell|p1a: Freyja
|-cureteam|p1a: Freyja|[from] move: HealBell
|
|-heal|p2a: Empoleon|138\/372 brn|[from] item: Leftovers
|-damage|p2a: Empoleon|92\/372 brn|[from] brn
|turn|15
|
|move|p2a: Empoleon|Toxic|p1a: Freyja|[miss]
|-miss|p2a: Empoleon|p1a: Freyja
|move|p1a: Freyja|Defog|p2a: Empoleon
|-unboost|p2a: Empoleon|evasion|1
|-sideend|p1: Bob the Senpai|Stealth Rock|[from] move: Defog|[of] p1a: Freyja
|
|-heal|p2a: Empoleon|115\/372 brn|[from] item: Leftovers
|-damage|p2a: Empoleon|69\/372 brn|[from] brn
|turn|16
|
|switch|p2a: Arcanine|Arcanine, M|322\/322
|-ability|p2a: Arcanine|Intimidate|[of] p1a: Freyja
|-unboost|p1a: Freyja|atk|1
|move|p1a: Freyja|Dazzling Gleam|p2a: Arcanine
|-resisted|p2a: Arcanine
|-damage|p2a: Arcanine|278\/322
|
|turn|17
|
|move|p2a: Arcanine|Flare Blitz|p1a: Freyja
|-damage|p1a: Freyja|120\/314
|-damage|p2a: Arcanine|227\/322|[from] recoil|[of] p1a: Freyja
|move|p1a: Freyja|Roost|p1a: Freyja
|-heal|p1a: Freyja|277\/314
|
|turn|18
|
|switch|p2a: Alakazam|Alakazam, M|252\/252
|move|p1a: Freyja|Roost|p1a: Freyja
|-heal|p1a: Freyja|314\/314
|
|turn|19
|
|move|p2a: Alakazam|Charge Beam|p1a: Freyja
|-supereffective|p1a: Freyja
|-damage|p1a: Freyja|230\/314
|-boost|p2a: Alakazam|spa|1
|move|p1a: Freyja|Dazzling Gleam|p2a: Alakazam
|-damage|p2a: Alakazam|165\/252
|
|turn|20
|
|move|p2a: Alakazam|Charge Beam|p1a: Freyja
|-supereffective|p1a: Freyja
|-damage|p1a: Freyja|104\/314
|-boost|p2a: Alakazam|spa|1
|move|p1a: Freyja|Dazzling Gleam|p2a: Alakazam
|-damage|p2a: Alakazam|84\/252
|
|turn|21
|
|switch|p1a: Hades|Shedinja|1\/1
|move|p2a: Alakazam|Charge Beam|p1a: Hades
|-activate|p1a: Hades|ability: Wonder Guard
|
|turn|22
|
|switch|p1a: Serpentine|Zygarde|404\/404
|-ability|p1a: Serpentine|Aura Break
|move|p2a: Alakazam|Shadow Ball|p1a: Serpentine
|-damage|p1a: Serpentine|250\/404
|-unboost|p1a: Serpentine|spd|1
|
|-heal|p1a: Serpentine|275\/404|[from] item: Leftovers
|turn|23
|leave|Cyndequil
|
|switch|p1a: Hades|Shedinja|1\/1
|move|p2a: Alakazam|Energy Ball|p1a: Hades
|-activate|p1a: Hades|ability: Wonder Guard
|
|turn|24
|
|switch|p2a: Chesnaught|Chesnaught, M|199\/318 tox
|move|p1a: Hades|Shadow Sneak|p2a: Chesnaught
|-damage|p2a: Chesnaught|160\/318 tox
|-damage|p1a: Hades|0 fnt|[from] item: Rocky Helmet|[of] p2a: Chesnaught
|faint|p1a: Hades
|
|-damage|p2a: Chesnaught|141\/318 tox|[from] psn
|
|switch|p1a: Freyja|Togetic, M|104\/314
|turn|25
|
|move|p2a: Chesnaught|Leech Seed|p1a: Freyja
|-start|p1a: Freyja|move: Leech Seed
|move|p1a: Freyja|Roost|p1a: Freyja
|-heal|p1a: Freyja|261\/314
|
|-damage|p1a: Freyja|222\/314|[from] Leech Seed|[of] p2a: Chesnaught
|-heal|p2a: Chesnaught|180\/318 tox|[silent]
|-damage|p2a: Chesnaught|142\/318 tox|[from] psn
|turn|26
|
|switch|p2a: Alakazam|Alakazam, M|84\/252
|move|p1a: Freyja|Dazzling Gleam|p2a: Alakazam
|-damage|p2a: Alakazam|0 fnt
|faint|p2a: Alakazam
|
|
|switch|p2a: Empoleon|Empoleon, F|69\/372 brn
|turn|27
|
|switch|p1a: Venus|Blissey, F|714\/714
|move|p2a: Empoleon|Toxic|p1a: Venus
|-status|p1a: Venus|tox
|
|-heal|p2a: Empoleon|92\/372 brn|[from] item: Leftovers
|-damage|p2a: Empoleon|46\/372 brn|[from] brn
|-damage|p1a: Venus|670\/714 tox|[from] psn
|turn|28
|
|move|p2a: Empoleon|Stealth Rock|p1a: Venus
|-sidestart|p1: Bob the Senpai|move: Stealth Rock
|move|p1a: Venus|Wish|p1a: Venus
|
|-heal|p2a: Empoleon|69\/372 brn|[from] item: Leftovers
|-heal|p1a: Venus|714\/714 tox|[from] item: Leftovers
|-damage|p2a: Empoleon|23\/372 brn|[from] brn
|-damage|p1a: Venus|626\/714 tox|[from] psn
|turn|29
|
|switch|p1a: Kraken|Tentacruel, F|205\/364
|-damage|p1a: Kraken|160\/364|[from] Stealth Rock
|move|p2a: Empoleon|Toxic|p1a: Kraken
|-fail|p1a: Kraken
|
|-heal|p1a: Kraken|364\/364|[from] move: Wish|[wisher] Venus
|-heal|p2a: Empoleon|46\/372 brn|[from] item: Leftovers
|-damage|p2a: Empoleon|0 fnt|[from] brn
|faint|p2a: Empoleon
|
|switch|p2a: Arcanine|Arcanine, M|227\/322
|-ability|p2a: Arcanine|Intimidate|[of] p1a: Kraken
|-unboost|p1a: Kraken|atk|1
|turn|30
|
|switch|p1a: Serpentine|Zygarde|275\/404
|-damage|p1a: Serpentine|250\/404|[from] Stealth Rock
|-ability|p1a: Serpentine|Aura Break
|move|p2a: Arcanine|Wild Charge|p1a: Serpentine
|-immune|p1a: Serpentine|[msg]
|
|-heal|p1a: Serpentine|275\/404|[from] item: Leftovers
|turn|31
|
|switch|p2a: Haxorus|Haxorus, M|294\/294
|-ability|p2a: Haxorus|Mold Breaker
|move|p1a: Serpentine|Substitute|p1a: Serpentine
|-start|p1a: Serpentine|Substitute
|-damage|p1a: Serpentine|174\/404
|
|-heal|p1a: Serpentine|199\/404|[from] item: Leftovers
|turn|32
|
|move|p2a: Haxorus|Dragon Claw|p1a: Serpentine
|-supereffective|p1a: Serpentine
|-end|p1a: Serpentine|Substitute
|move|p1a: Serpentine|Dragon Tail|p2a: Haxorus
|-supereffective|p2a: Haxorus
|-damage|p2a: Haxorus|126\/294
|drag|p2a: Arcanine|Arcanine, M|227\/322
|-ability|p2a: Arcanine|Intimidate|[of] p1a: Serpentine
|-unboost|p1a: Serpentine|atk|1
|
|-heal|p1a: Serpentine|224\/404|[from] item: Leftovers
|turn|33
|
|move|p2a: Arcanine|Flare Blitz|p1a: Serpentine
|-resisted|p1a: Serpentine
|-damage|p1a: Serpentine|110\/404
|-damage|p2a: Arcanine|189\/322|[from] recoil|[of] p1a: Serpentine
|move|p1a: Serpentine|Earthquake|p2a: Arcanine
|-supereffective|p2a: Arcanine
|-damage|p2a: Arcanine|0 fnt
|faint|p2a: Arcanine
|
|-heal|p1a: Serpentine|135\/404|[from] item: Leftovers
|
|switch|p2a: Haxorus|Haxorus, M|126\/294
|-ability|p2a: Haxorus|Mold Breaker
|turn|34
|
|move|p2a: Haxorus|Dragon Claw|p1a: Serpentine
|-supereffective|p1a: Serpentine
|-damage|p1a: Serpentine|0 fnt
|faint|p1a: Serpentine
|
|
|switch|p1a: Freyja|Togetic, M|222\/314
|-damage|p1a: Freyja|144\/314|[from] Stealth Rock
|turn|35
|
|move|p2a: Haxorus|Poison Jab|p1a: Freyja
|-supereffective|p1a: Freyja
|-damage|p1a: Freyja|36\/314
|-status|p1a: Freyja|psn
|move|p1a: Freyja|Dazzling Gleam|p2a: Haxorus
|-supereffective|p2a: Haxorus
|-damage|p2a: Haxorus|0 fnt
|faint|p2a: Haxorus
|
|-damage|p1a: Freyja|0 fnt|[from] psn
|faint|p1a: Freyja
|
|switch|p1a: Kraken|Tentacruel, F|364\/364
|switch|p2a: Chesnaught|Chesnaught, M|142\/318 tox
|-damage|p1a: Kraken|319\/364|[from] Stealth Rock
|turn|36
|
|move|p1a: Kraken|Toxic Spikes|p2a: Chesnaught
|-sidestart|p2: Cuy45|move: Toxic Spikes
|move|p2a: Chesnaught|Spikes|p1a: Kraken
|-sidestart|p1: Bob the Senpai|Spikes
|
|-heal|p1a: Kraken|341\/364|[from] item: Black Sludge
|-damage|p2a: Chesnaught|123\/318 tox|[from] psn
|turn|37
|
|switch|p2a: Sharpedo|Sharpedo, M|281\/281
|-status|p2a: Sharpedo|psn
|move|p1a: Kraken|Rapid Spin|p2a: Sharpedo
|-damage|p2a: Sharpedo|258\/281 psn
|-sideend|p1: Bob the Senpai|Spikes|[from] move: Rapid Spin|[of] p1a: Kraken
|-sideend|p1: Bob the Senpai|Stealth Rock|[from] move: Rapid Spin|[of] p1a: Kraken
|
|-heal|p1a: Kraken|363\/364|[from] item: Black Sludge
|-damage|p2a: Sharpedo|223\/281 psn|[from] psn
|turn|38
|
|detailschange|p2a: Sharpedo|Sharpedo-Mega, M
|message|Sharpedo has Mega Evolved into Mega Sharpedo!
|move|p2a: Sharpedo|Crunch|p1a: Kraken
|-damage|p1a: Kraken|135\/364
|move|p1a: Kraken|Scald|p2a: Sharpedo
|-resisted|p2a: Sharpedo
|-damage|p2a: Sharpedo|167\/281 psn
|
|-heal|p1a: Kraken|157\/364|[from] item: Black Sludge
|-damage|p2a: Sharpedo|132\/281 psn|[from] psn
|turn|39
|
|move|p2a: Sharpedo|Crunch|p1a: Kraken
|-damage|p1a: Kraken|0 fnt
|faint|p1a: Kraken
|
|-damage|p2a: Sharpedo|97\/281 psn|[from] psn
|
|switch|p1a: Archilles|Aggron-Mega, M|244\/344
|turn|40
|
|move|p2a: Sharpedo|Waterfall|p1a: Archilles
|-damage|p1a: Archilles|162\/344
|move|p1a: Archilles|Heavy Slam|p2a: Sharpedo
|-resisted|p2a: Sharpedo
|-damage|p2a: Sharpedo|11\/281 psn
|
|-damage|p2a: Sharpedo|0 fnt|[from] psn
|faint|p2a: Sharpedo
|
|switch|p2a: Chesnaught|Chesnaught, M|123\/318 tox
|turn|41
|
|move|p2a: Chesnaught|Drain Punch|p1a: Archilles
|-supereffective|p1a: Archilles
|-damage|p1a: Archilles|93\/344
|-heal|p2a: Chesnaught|158\/318 tox|[from] drain|[of] p1a: Archilles
|move|p1a: Archilles|Heavy Slam|p2a: Chesnaught
|-damage|p2a: Chesnaught|62\/318 tox
|-damage|p1a: Archilles|36\/344|[from] item: Rocky Helmet|[of] p2a: Chesnaught
|
|-damage|p2a: Chesnaught|43\/318 tox|[from] psn
|turn|42
|
|move|p2a: Chesnaught|Drain Punch|p1a: Archilles
|-supereffective|p1a: Archilles
|-damage|p1a: Archilles|0 fnt
|-heal|p2a: Chesnaught|61\/318 tox|[from] drain|[of] p1a: Archilles
|faint|p1a: Archilles
|
|-damage|p2a: Chesnaught|23\/318 tox|[from] psn
|
|switch|p1a: Venus|Blissey, F|626\/714
|turn|43
|
|move|p1a: Venus|Protect|p1a: Venus
|-singleturn|p1a: Venus|Protect
|move|p2a: Chesnaught|Drain Punch|p1a: Venus
|-activate|p1a: Venus|Protect
|
|-heal|p1a: Venus|670\/714|[from] item: Leftovers
|-damage|p2a: Chesnaught|0 fnt|[from] psn
|faint|p2a: Chesnaught
|
|win|Bob the Senpai
|raw|Ladder updating...
|raw|Bob the Senpai's rating: 1568 &rarr; <strong>1575<\/strong><br \/>(+7 for winning)
|raw|Cuy45's rating: 1302 &rarr; <strong>1295<\/strong><br \/>(-7 for losing)
|leave|Cuy45
|player|p2