|join|oh no oh no
|join|Bob the Senpai
|player|p1|oh no oh no|266
|player|p2|Bob the Senpai|23
|gametype|singles
|gen|6
|tier|UU
|rated
|rule|Sleep Clause Mod: Limit one foe put to sleep
|rule|Species Clause: Limit one of each PokÃ©mon
|rule|OHKO Clause: OHKO moves are banned
|rule|Moody Clause: Moody is banned
|rule|Evasion Moves Clause: Evasion moves are banned
|rule|Endless Battle Clause: Forcing endless battles is banned
|rule|HP Percentage Mod: HP is shown in percentages
|clearpoke
|poke|p1|Blissey, F
|poke|p1|Chesnaught, F
|poke|p1|Uxie
|poke|p1|Tentacruel, F
|poke|p1|Rotom-Heat
|poke|p1|Suicune
|poke|p2|Shedinja
|poke|p2|Blissey, F
|poke|p2|Zygarde
|poke|p2|Aggron, F
|poke|p2|Tentacruel, M
|poke|p2|Togetic, M
|rule|Swagger Clause: Swagger is banned
|rule|Baton Pass Clause: Limit one PokÃ©mon knowing Baton Pass
|teampreview
|
|start
|switch|p1a: Uxie|Uxie|354\/354
|switch|p2a: Serpentine|Zygarde|404\/404
|-ability|p2a: Serpentine|Aura Break
|turn|1
|
|move|p2a: Serpentine|Substitute|p2a: Serpentine
|-start|p2a: Serpentine|Substitute
|-damage|p2a: Serpentine|303\/404
|move|p1a: Uxie|Stealth Rock|p2a: Serpentine
|-sidestart|p2: Bob the Senpai|move: Stealth Rock
|
|-heal|p2a: Serpentine|328\/404|[from] item: Leftovers
|turn|2
|
|move|p2a: Serpentine|Coil|p2a: Serpentine
|-boost|p2a: Serpentine|atk|1
|-boost|p2a: Serpentine|def|1
|-boost|p2a: Serpentine|accuracy|1
|move|p1a: Uxie|Psychic|p2a: Serpentine
|-crit|p2a: Serpentine
|-activate|p2a: Serpentine|Substitute|[damage]
|
|-heal|p2a: Serpentine|353\/404|[from] item: Leftovers
|turn|3
|
|move|p2a: Serpentine|Coil|p2a: Serpentine
|-boost|p2a: Serpentine|atk|1
|-boost|p2a: Serpentine|def|1
|-boost|p2a: Serpentine|accuracy|1
|move|p1a: Uxie|Psychic|p2a: Serpentine
|-end|p2a: Serpentine|Substitute
|
|-heal|p2a: Serpentine|378\/404|[from] item: Leftovers
|turn|4
|
|move|p2a: Serpentine|Substitute|p2a: Serpentine
|-start|p2a: Serpentine|Substitute
|-damage|p2a: Serpentine|277\/404
|move|p1a: Uxie|U-turn|p2a: Serpentine
|-activate|p2a: Serpentine|Substitute|[damage]
|
|switch|p1a: Suicune|Suicune|404\/404
|-ability|p1a: Suicune|Pressure
|
|-heal|p2a: Serpentine|302\/404|[from] item: Leftovers
|turn|5
|
|move|p1a: Suicune|Scald|p2a: Serpentine
|-activate|p2a: Serpentine|Substitute|[damage]
|move|p2a: Serpentine|Dragon Tail|p1a: Suicune
|-damage|p1a: Suicune|305\/404
|drag|p1a: Chesnaught|Chesnaught, F|380\/380
|
|-heal|p2a: Serpentine|327\/404|[from] item: Leftovers
|turn|6
|
|move|p2a: Serpentine|Coil|p2a: Serpentine
|-boost|p2a: Serpentine|atk|1
|-boost|p2a: Serpentine|def|1
|-boost|p2a: Serpentine|accuracy|1
|move|p1a: Chesnaught|Spikes|p2a: Serpentine
|-sidestart|p2: Bob the Senpai|Spikes
|
|-heal|p2a: Serpentine|352\/404|[from] item: Leftovers
|turn|7
|
|move|p2a: Serpentine|Coil|p2a: Serpentine
|-boost|p2a: Serpentine|atk|1
|-boost|p2a: Serpentine|def|1
|-boost|p2a: Serpentine|accuracy|1
|move|p1a: Chesnaught|Spikes|p2a: Serpentine
|-sidestart|p2: Bob the Senpai|Spikes
|
|-heal|p2a: Serpentine|377\/404|[from] item: Leftovers
|turn|8
|
|switch|p1a: Suicune|Suicune|305\/404
|-ability|p1a: Suicune|Pressure
|move|p2a: Serpentine|Coil|p2a: Serpentine
|-boost|p2a: Serpentine|atk|1
|-boost|p2a: Serpentine|def|1
|-boost|p2a: Serpentine|accuracy|1
|
|-heal|p2a: Serpentine|402\/404|[from] item: Leftovers
|-heal|p1a: Suicune|330\/404|[from] item: Leftovers
|turn|9
|
|move|p2a: Serpentine|Dragon Tail|p1a: Suicune
|-crit|p1a: Suicune
|-damage|p1a: Suicune|77\/404
|drag|p1a: Blissey|Blissey, F|657\/657
|
|-heal|p2a: Serpentine|404\/404|[from] item: Leftovers
|turn|10
|
|move|p2a: Serpentine|Coil|p2a: Serpentine
|-boost|p2a: Serpentine|atk|1
|-boost|p2a: Serpentine|def|1
|-boost|p2a: Serpentine|accuracy|1
|move|p1a: Blissey|Wish|p1a: Blissey
|
|turn|11
|
|switch|p1a: Chesnaught|Chesnaught, F|380\/380
|move|p2a: Serpentine|Earthquake|p1a: Chesnaught
|-resisted|p1a: Chesnaught
|-damage|p1a: Chesnaught|221\/380
|
|-heal|p1a: Chesnaught|380\/380|[from] move: Wish|[wisher] Blissey
|turn|12
|
|move|p1a: Chesnaught|Spikes|p2a: Serpentine
|-sidestart|p2: Bob the Senpai|Spikes
|move|p2a: Serpentine|Dragon Tail|p1a: Chesnaught
|-damage|p1a: Chesnaught|194\/380
|drag|p1a: Blissey|Blissey, F|657\/657
|
|turn|13
|
|move|p1a: Blissey|Protect|p1a: Blissey
|-singleturn|p1a: Blissey|Protect
|move|p2a: Serpentine|Dragon Tail|p1a: Blissey
|-activate|p1a: Blissey|Protect
|
|turn|14
|
|move|p2a: Serpentine|Earthquake|p1a: Blissey
|-damage|p1a: Blissey|0 fnt
|faint|p1a: Blissey
|
|
|switch|p1a: Chesnaught|Chesnaught, F|194\/380
|turn|15
|
|move|p1a: Chesnaught|Spiky Shield|p1a: Chesnaught
|-singleturn|p1a: Chesnaught|move: Protect
|move|p2a: Serpentine|Earthquake|p1a: Chesnaught
|-activate|p1a: Chesnaught|move: Protect
|
|-heal|p1a: Chesnaught|217\/380|[from] item: Leftovers
|turn|16
|
|switch|p1a: Uxie|Uxie|354\/354
|move|p2a: Serpentine|Dragon Tail|p1a: Uxie
|-damage|p1a: Uxie|177\/354
|drag|p1a: Tentacruel|Tentacruel, F|361\/361
|
|turn|17
|
|switch|p1a: Uxie|Uxie|177\/354
|move|p2a: Serpentine|Dragon Tail|p1a: Uxie
|-damage|p1a: Uxie|11\/354
|drag|p1a: Chesnaught|Chesnaught, F|217\/380
|
|-heal|p1a: Chesnaught|240\/380|[from] item: Leftovers
|turn|18
|
|move|p1a: Chesnaught|Spiky Shield|p1a: Chesnaught
|-singleturn|p1a: Chesnaught|move: Protect
|move|p2a: Serpentine|Earthquake|p1a: Chesnaught
|-activate|p1a: Chesnaught|move: Protect
|
|-heal|p1a: Chesnaught|263\/380|[from] item: Leftovers
|turn|19
|
|move|p1a: Chesnaught|Spiky Shield|p1a: Chesnaught
|-fail|p1a: Chesnaught
|move|p2a: Serpentine|Dragon Tail|p1a: Chesnaught
|-damage|p1a: Chesnaught|80\/380
|drag|p1a: Suicune|Suicune|77\/404
|-ability|p1a: Suicune|Pressure
|
|-heal|p1a: Suicune|102\/404|[from] item: Leftovers
|turn|20
|
|switch|p1a: Uxie|Uxie|11\/354
|move|p2a: Serpentine|Dragon Tail|p1a: Uxie
|-damage|p1a: Uxie|0 fnt
|faint|p1a: Uxie
|
|
|switch|p1a: Chesnaught|Chesnaught, F|80\/380
|turn|21
|
|move|p1a: Chesnaught|Spiky Shield|p1a: Chesnaught
|-singleturn|p1a: Chesnaught|move: Protect
|move|p2a: Serpentine|Earthquake|p1a: Chesnaught
|-activate|p1a: Chesnaught|move: Protect
|
|-heal|p1a: Chesnaught|103\/380|[from] item: Leftovers
|turn|22
|
|move|p1a: Chesnaught|Wood Hammer|p2a: Serpentine
|-crit|p2a: Serpentine
|-end|p2a: Serpentine|Substitute
|-damage|p1a: Chesnaught|98\/380|[from] recoil|[of] p2a: Serpentine
|move|p2a: Serpentine|Dragon Tail|p1a: Chesnaught
|-damage|p1a: Chesnaught|0 fnt
|faint|p1a: Chesnaught
|
|
|switch|p1a: Rotom-Heat|Rotom-Heat|304\/304
|turn|23
|
|move|p1a: Rotom-Heat|Will-O-Wisp|p2a: Serpentine
|-status|p2a: Serpentine|brn
|move|p2a: Serpentine|Dragon Tail|p1a: Rotom-Heat
|-damage|p1a: Rotom-Heat|171\/304
|drag|p1a: Tentacruel|Tentacruel, F|361\/361
|
|-damage|p2a: Serpentine|354\/404 brn|[from] brn
|turn|24
|
|switch|p1a: Rotom-Heat|Rotom-Heat|171\/304
|move|p2a: Serpentine|Earthquake|p1a: Rotom-Heat
|-immune|p1a: Rotom-Heat|[msg]
|
|-heal|p2a: Serpentine|379\/404 brn|[from] item: Leftovers
|-damage|p2a: Serpentine|329\/404 brn|[from] brn
|turn|25
|
|switch|p1a: Tentacruel|Tentacruel, F|361\/361
|move|p2a: Serpentine|Dragon Tail|p1a: Tentacruel
|-damage|p1a: Tentacruel|228\/361
|drag|p1a: Rotom-Heat|Rotom-Heat|171\/304
|
|-heal|p2a: Serpentine|354\/404 brn|[from] item: Leftovers
|-damage|p2a: Serpentine|304\/404 brn|[from] brn
|turn|26
|
|move|p1a: Rotom-Heat|Overheat|p2a: Serpentine
|-resisted|p2a: Serpentine
|-damage|p2a: Serpentine|248\/404 brn
|-unboost|p1a: Rotom-Heat|spa|2
|move|p2a: Serpentine|Earthquake|p1a: Rotom-Heat
|-immune|p1a: Rotom-Heat|[msg]
|
|-heal|p2a: Serpentine|273\/404 brn|[from] item: Leftovers
|-damage|p2a: Serpentine|223\/404 brn|[from] brn
|turn|27
|
|switch|p1a: Tentacruel|Tentacruel, F|228\/361
|move|p2a: Serpentine|Dragon Tail|p1a: Tentacruel
|-damage|p1a: Tentacruel|89\/361
|drag|p1a: Rotom-Heat|Rotom-Heat|171\/304
|
|-heal|p2a: Serpentine|248\/404 brn|[from] item: Leftovers
|-damage|p2a: Serpentine|198\/404 brn|[from] brn
|turn|28
|
|move|p1a: Rotom-Heat|Trick|p2a: Serpentine
|-activate|p1a: Rotom-Heat|move: Trick|[of] p2a: Serpentine
|-item|p2a: Serpentine|Choice Scarf|[from] move: Trick
|-item|p1a: Rotom-Heat|Leftovers|[from] move: Trick
|move|p2a: Serpentine|Dragon Tail|p1a: Rotom-Heat
|-damage|p1a: Rotom-Heat|29\/304
|drag|p1a: Tentacruel|Tentacruel, F|89\/361
|
|-heal|p1a: Tentacruel|111\/361|[from] item: Black Sludge
|-damage|p2a: Serpentine|148\/404 brn|[from] brn
|turn|29
|
|move|p1a: Tentacruel|Scald|p2a: Serpentine
|-damage|p2a: Serpentine|93\/404 brn
|move|p2a: Serpentine|Dragon Tail|p1a: Tentacruel
|-damage|p1a: Tentacruel|0 fnt
|faint|p1a: Tentacruel
|
|-damage|p2a: Serpentine|43\/404 brn|[from] brn
|
|switch|p1a: Rotom-Heat|Rotom-Heat|29\/304
|turn|30
|
|move|p2a: Serpentine|Struggle|p1a: Rotom-Heat
|-damage|p1a: Rotom-Heat|0 fnt
|-damage|p2a: Serpentine|0 fnt
|faint|p1a: Rotom-Heat
|faint|p2a: Serpentine
|
|
|switch|p1a: Suicune|Suicune|102\/404
|switch|p2a: Freyja|Togetic, M|314\/314
|-ability|p1a: Suicune|Pressure
|-damage|p2a: Freyja|236\/314|[from] Stealth Rock
|turn|31
|
|move|p1a: Suicune|Scald|p2a: Freyja
|-damage|p2a: Freyja|182\/314
|move|p2a: Freyja|Defog|p1a: Suicune
|-unboost|p1a: Suicune|evasion|1
|-sideend|p2: Bob the Senpai|Spikes|[from] move: Defog|[of] p2a: Freyja
|-sideend|p2: Bob the Senpai|Stealth Rock|[from] move: Defog|[of] p2a: Freyja
|
|-heal|p1a: Suicune|127\/404|[from] item: Leftovers
|turn|32
|-message|oh no oh no forfeited.
|
|win|Bob the Senpai
|raw|Ladder updating...
|leave|oh no oh no
|player|p1
|raw|oh no oh no's rating: 1553 &rarr; <strong>1530<\/strong><br \/>(-23 for losing)
|raw|Bob the Senpai's rating: 1502 &rarr; <strong>1525<\/strong><br \/>(+23 for winning)