|join|tuRkles
|join|Bob the Senpai
|player|p1|tuRkles|115
|player|p2|Bob the Senpai|23
|gametype|singles
|gen|6
|tier|UU
|rated
|rule|Sleep Clause Mod: Limit one foe put to sleep
|rule|Species Clause: Limit one of each PokÃ©mon
|rule|OHKO Clause: OHKO moves are banned
|rule|Moody Clause: Moody is banned
|rule|Evasion Moves Clause: Evasion moves are banned
|rule|Endless Battle Clause: Forcing endless battles is banned
|rule|HP Percentage Mod: HP is shown in percentages
|clearpoke
|poke|p1|Jirachi
|poke|p1|Lucario, F
|poke|p1|Krookodile, M
|poke|p1|Beedrill, F
|poke|p1|Suicune
|poke|p1|Raikou
|poke|p2|Shedinja
|poke|p2|Blissey, F
|poke|p2|Tentacruel, M
|poke|p2|Zygarde
|poke|p2|Aggron, M
|poke|p2|Togetic, F
|rule|Swagger Clause: Swagger is banned
|rule|Baton Pass Clause: Limit one PokÃ©mon knowing Baton Pass
|teampreview
|join|RowDog
|
|start
|switch|p1a: Beedrill|Beedrill, F|271\/271
|switch|p2a: Archilles|Aggron, M|344\/344
|turn|1
|
|detailschange|p1a: Beedrill|Beedrill-Mega, F
|message|Beedrill has Mega Evolved into Mega Beedrill!
|detailschange|p2a: Archilles|Aggron-Mega, M
|message|Aggron has Mega Evolved into Mega Aggron!
|move|p1a: Beedrill|U-turn|p2a: Archilles
|-resisted|p2a: Archilles
|-damage|p2a: Archilles|293\/344
|
|switch|p1a: Suicune|Suicune|367\/367
|-ability|p1a: Suicune|Pressure
|move|p2a: Archilles|Stealth Rock|p1a: Suicune
|-sidestart|p1: tuRkles|move: Stealth Rock
|
|turn|2
|
|switch|p1a: Krookodile|Krookodile, M|331\/331
|-damage|p1a: Krookodile|311\/331|[from] Stealth Rock
|-ability|p1a: Krookodile|Intimidate|[of] p2a: Archilles
|-unboost|p2a: Archilles|atk|1
|move|p2a: Archilles|Toxic|p1a: Krookodile
|-status|p1a: Krookodile|tox
|
|-damage|p1a: Krookodile|291\/331 tox|[from] psn
|turn|3
|
|move|p1a: Krookodile|Earthquake|p2a: Archilles
|-supereffective|p2a: Archilles
|-damage|p2a: Archilles|122\/344
|move|p2a: Archilles|Heavy Slam|p1a: Krookodile
|-damage|p1a: Krookodile|174\/331 tox
|
|-damage|p1a: Krookodile|134\/331 tox|[from] psn
|turn|4
|
|switch|p1a: Lucario|Lucario, F|281\/281
|-damage|p1a: Lucario|273\/281|[from] Stealth Rock
|switch|p2a: Freyja|Togetic, F|314\/314
|
|turn|5
|
|move|p1a: Lucario|Swords Dance|p1a: Lucario
|-boost|p1a: Lucario|atk|2
|move|p2a: Freyja|Dazzling Gleam|p1a: Lucario
|-damage|p1a: Lucario|173\/281
|
|turn|6
|
|move|p1a: Lucario|Extreme Speed|p2a: Freyja
|-damage|p2a: Freyja|180\/314
|-damage|p1a: Lucario|145\/281|[from] item: Life Orb
|move|p2a: Freyja|Dazzling Gleam|p1a: Lucario
|-damage|p1a: Lucario|49\/281
|
|turn|7
|c| RowDog|Iron Tail??
|c| RowDog|what a keker
|c|âBob the Senpai|kek
|
|move|p1a: Lucario|Close Combat|p2a: Freyja
|-resisted|p2a: Freyja
|-damage|p2a: Freyja|114\/314
|-unboost|p1a: Lucario|def|1
|-unboost|p1a: Lucario|spd|1
|-damage|p1a: Lucario|21\/281|[from] item: Life Orb
|move|p2a: Freyja|Roost|p2a: Freyja
|-heal|p2a: Freyja|271\/314
|
|turn|8
|c|âBob the Senpai|iron tail is too real
|c|âBob the Senpai|for anyone
|join|Hibikase
|c| Hibikase|TURKLES
|
|switch|p1a: Raikou|Raikou|322\/322
|-damage|p1a: Raikou|282\/322|[from] Stealth Rock
|-ability|p1a: Raikou|Pressure
|move|p2a: Freyja|Roost|p2a: Freyja
|-heal|p2a: Freyja|314\/314
|
|turn|9
|c| Hibikase|PLS SHREK THIS MAN
|c| Hibikase|SO HE CAN'T GET 1600
|c|âtuRkles|too much bad plays
|c| RowDog|Like tuRkles could even beat Bob senpai
|c| Hibikase|bob runs 252 hp blissey
|c| Hibikase|spoilers
|
|switch|p2a: Venus|Blissey, F|714\/714
|move|p1a: Raikou|Volt Switch|p2a: Venus
|-damage|p2a: Venus|576\/714
|c|âBob the Senpai|fkn haters
|c| RowDog|Anyone who is good runs max def Blissey
|
|switch|p1a: Beedrill|Beedrill-Mega, F|271\/271
|-damage|p1a: Beedrill|204\/271|[from] Stealth Rock
|
|-heal|p2a: Venus|620\/714|[from] item: Leftovers
|turn|10
|c| RowDog|with full HP
|c| Hibikase|n
|c| Hibikase|they run full speed
|c| Hibikase|and max spa
|
|move|p2a: Venus|Protect|p2a: Venus
|-singleturn|p2a: Venus|Protect
|move|p1a: Beedrill|Knock Off|p2a: Venus
|-activate|p2a: Venus|Protect
|
|-heal|p2a: Venus|664\/714|[from] item: Leftovers
|turn|11
|c| Hibikase|and av
|c| RowDog|For offensive CM sets
|c| RowDog|yeah they run speed
|c| Hibikase|and av*
|
|move|p1a: Beedrill|Knock Off|p2a: Venus
|-damage|p2a: Venus|388\/714
|-enditem|p2a: Venus|Leftovers|[from] move: Knock Off|[of] p1a: Beedrill
|move|p2a: Venus|Counter|p1a: Beedrill
|-damage|p1a: Beedrill|0 fnt
|faint|p1a: Beedrill
|
|c| RowDog|fck ur av shit
|c| Hibikase|LOL
|
|switch|p1a: Lucario|Lucario, F|21\/281
|-damage|p1a: Lucario|13\/281|[from] Stealth Rock
|turn|12
|c| RowDog|CM Fire Blast and Ice Beam and Hyper Voice
|c| RowDog|where the shit at
|
|switch|p1a: Krookodile|Krookodile, M|134\/331 tox
|-damage|p1a: Krookodile|114\/331 tox|[from] Stealth Rock
|-ability|p1a: Krookodile|Intimidate|[of] p2a: Venus
|-unboost|p2a: Venus|atk|1
|switch|p2a: Freyja|Togetic, F|314\/314
|
|-damage|p1a: Krookodile|94\/331 tox|[from] psn
|turn|13
|c| RowDog|He wants that sheddy man
|
|move|p1a: Krookodile|Knock Off|p2a: Freyja
|-resisted|p2a: Freyja
|-damage|p2a: Freyja|252\/314
|-enditem|p2a: Freyja|Eviolite|[from] move: Knock Off|[of] p1a: Krookodile
|move|p2a: Freyja|Dazzling Gleam|p1a: Krookodile
|-supereffective|p1a: Krookodile
|-damage|p1a: Krookodile|0 fnt
|faint|p1a: Krookodile
|
|c|âBob the Senpai|how much does luke take from rocks?
|c| RowDog|3% lol
|c|âBob the Senpai|oh
|c|âtuRkles|yeah
|c|âBob the Senpai|fk
|c| Hibikase|LOL
|
|switch|p1a: Raikou|Raikou|282\/322
|-damage|p1a: Raikou|242\/322|[from] Stealth Rock
|-ability|p1a: Raikou|Pressure
|turn|14
|
|switch|p2a: Venus|Blissey, F|388\/714
|move|p1a: Raikou|Volt Switch|p2a: Venus
|-damage|p2a: Venus|252\/714
|
|switch|p1a: Jirachi|Jirachi|341\/341
|-damage|p1a: Jirachi|320\/341|[from] Stealth Rock
|
|turn|15
|c|âtuRkles|only shot kek
|c| Hibikase|fire punch imo
|
|switch|p2a: Serpentine|Zygarde|404\/404
|-ability|p2a: Serpentine|Aura Break
|move|p1a: Jirachi|Healing Wish|p1a: Jirachi
|faint|p1a: Jirachi
|
|
|switch|p1a: Lucario|Lucario, F|13\/281
|-heal|p1a: Lucario|281\/281|[from] move: Healing Wish
|-damage|p1a: Lucario|273\/281|[from] Stealth Rock
|turn|16
|
|switch|p1a: Suicune|Suicune|367\/367
|-damage|p1a: Suicune|322\/367|[from] Stealth Rock
|-ability|p1a: Suicune|Pressure
|move|p2a: Serpentine|Earthquake|p1a: Suicune
|-damage|p1a: Suicune|241\/367
|
|-heal|p1a: Suicune|263\/367|[from] item: Leftovers
|turn|17
|
|switch|p2a: Hades|Shedinja|1\/1
|move|p1a: Suicune|Scald|p2a: Hades
|-activate|p2a: Hades|ability: Wonder Guard
|
|-heal|p1a: Suicune|285\/367|[from] item: Leftovers
|turn|18
|
|switch|p1a: Lucario|Lucario, F|273\/281
|-damage|p1a: Lucario|265\/281|[from] Stealth Rock
|move|p2a: Hades|Will-O-Wisp|p1a: Lucario|[miss]
|-miss|p2a: Hades|p1a: Lucario
|
|turn|19
|c|âBob the Senpai|based lord
|c|âBob the Senpai|rip
|c| Hibikase|kek
|c| RowDog|Crunch Luc?
|c| Hibikase|dark pulse imo
|c|âtuRkles|always dat crunch
|
|switch|p2a: Freyja|Togetic, F|252\/314
|move|p1a: Lucario|Crunch|p2a: Freyja
|-resisted|p2a: Freyja
|-damage|p2a: Freyja|203\/314
|-unboost|p2a: Freyja|def|1
|-damage|p1a: Lucario|237\/281|[from] item: Life Orb
|
|turn|20
|c| Hibikase|easy drop
|
|move|p1a: Lucario|Swords Dance|p1a: Lucario
|-boost|p1a: Lucario|atk|2
|move|p2a: Freyja|Dazzling Gleam|p1a: Lucario
|-damage|p1a: Lucario|134\/281
|
|turn|21
|c| Hibikase|that did 0
|
|switch|p2a: Archilles|Aggron-Mega, M|122\/344
|move|p1a: Lucario|Extreme Speed|p2a: Archilles
|-resisted|p2a: Archilles
|-damage|p2a: Archilles|70\/344
|-damage|p1a: Lucario|106\/281|[from] item: Life Orb
|
|turn|22
|
|move|p1a: Lucario|Crunch|p2a: Archilles
|-damage|p2a: Archilles|0 fnt
|-damage|p1a: Lucario|78\/281|[from] item: Life Orb
|faint|p2a: Archilles
|
|
|switch|p2a: Freyja|Togetic, F|203\/314
|turn|23
|
|move|p1a: Lucario|Extreme Speed|p2a: Freyja
|-damage|p2a: Freyja|24\/314
|-damage|p1a: Lucario|50\/281|[from] item: Life Orb
|move|p2a: Freyja|Dazzling Gleam|p1a: Lucario
|-damage|p1a: Lucario|0 fnt
|faint|p1a: Lucario
|
|c|âBob the Senpai|eating it up
|c| RowDog|over?
|c|âtuRkles|gg brag
|c|âBob the Senpai|gg
|c| RowDog|or Shadow Ball Raikou?
|c|âtuRkles|brah
|c| Hibikase|bob
|c| Hibikase|go finish k-on
|
|switch|p1a: Raikou|Raikou|242\/322
|-damage|p1a: Raikou|202\/322|[from] Stealth Rock
|-ability|p1a: Raikou|Pressure
|turn|24
|c| Hibikase|imo
|c|âBob the Senpai|eat a dick col
|-message|tuRkles forfeited.
|
|win|Bob the Senpai
|raw|Ladder updating...
|c|âBob the Senpai|im busy
|leave|tuRkles
|player|p1
|raw|tuRkles's rating: 1470 &rarr; <strong>1455<\/strong><br \/>(-15 for losing)
|raw|Bob the Senpai's rating: 1567 &rarr; <strong>1581<\/strong><br \/>(+14 for winning)
|c| Hibikase|no u
|leave|Hibikase
|c| RowDog|not even 1600 yet