|join|Bob the Senpai
|join|PANOS FLOZ
|player|p1|Bob the Senpai|23
|player|p2|PANOS FLOZ|266
|gametype|singles
|gen|6
|tier|UU
|rated
|rule|Sleep Clause Mod: Limit one foe put to sleep
|rule|Species Clause: Limit one of each PokÃ©mon
|rule|OHKO Clause: OHKO moves are banned
|rule|Moody Clause: Moody is banned
|rule|Evasion Moves Clause: Evasion moves are banned
|rule|Endless Battle Clause: Forcing endless battles is banned
|rule|HP Percentage Mod: HP is shown in percentages
|clearpoke
|poke|p1|Shedinja
|poke|p1|Blissey, F
|poke|p1|Tentacruel, F
|poke|p1|Zygarde
|poke|p1|Aggron, M
|poke|p1|Togetic, M
|poke|p2|Snorlax, M
|poke|p2|Beedrill, F
|poke|p2|Chesnaught, M
|poke|p2|Alakazam, M
|poke|p2|Goodra, F
|poke|p2|Porygon-Z
|rule|Swagger Clause: Swagger is banned
|rule|Baton Pass Clause: Limit one PokÃ©mon knowing Baton Pass
|teampreview
|
|start
|switch|p1a: Archilles|Aggron, M|344\/344
|switch|p2a: Beedrill|Beedrill, F|272\/272
|turn|1
|join|meowiekins
|join|watfor
|
|detailschange|p2a: Beedrill|Beedrill-Mega, F
|message|Beedrill has Mega Evolved into Mega Beedrill!
|detailschange|p1a: Archilles|Aggron-Mega, M
|message|Aggron has Mega Evolved into Mega Aggron!
|move|p2a: Beedrill|Protect|p2a: Beedrill
|-singleturn|p2a: Beedrill|Protect
|move|p1a: Archilles|Stealth Rock|p2a: Beedrill
|-sidestart|p2: PANOS FLOZ|move: Stealth Rock
|
|turn|2
|c| meowiekins|hazard removal where
|c|âBob the Senpai|defog drill
|c|âBob the Senpai|ofc
|
|switch|p2a: Alakazam|Alakazam, M|252\/252
|move|p1a: Archilles|Heavy Slam|p2a: Alakazam
|-enditem|p2a: Alakazam|Focus Sash
|-damage|p2a: Alakazam|1\/252
|
|turn|3
|c|âBob the Senpai|strong switchin
|
|switch|p1a: Freyja|Togetic, M|314\/314
|move|p2a: Alakazam|Focus Blast|p1a: Freyja
|-resisted|p1a: Freyja
|-damage|p1a: Freyja|293\/314
|
|turn|4
|c| watfor|reveal hypnosis zam
|
|switch|p2a: Snorlax|Snorlax, M|524\/524
|-damage|p2a: Snorlax|459\/524|[from] Stealth Rock
|move|p1a: Freyja|Dazzling Gleam|p2a: Snorlax
|-damage|p2a: Snorlax|413\/524
|
|turn|5
|
|move|p2a: Snorlax|Pursuit|p1a: Freyja|[from]Pursuit
|-resisted|p1a: Freyja
|-damage|p1a: Freyja|269\/314
|switch|p1a: Archilles|Aggron-Mega, M|344\/344
|
|turn|6
|c|âBob the Senpai|strong
|
|move|p1a: Archilles|Toxic|p2a: Snorlax
|-status|p2a: Snorlax|tox
|move|p2a: Snorlax|Earthquake|p1a: Archilles
|-supereffective|p1a: Archilles
|-damage|p1a: Archilles|262\/344
|
|-damage|p2a: Snorlax|381\/524 tox|[from] psn
|turn|7
|
|switch|p1a: Serpentine|Zygarde|404\/404
|-ability|p1a: Serpentine|Aura Break
|move|p2a: Snorlax|Earthquake|p1a: Serpentine
|-damage|p1a: Serpentine|299\/404
|
|-heal|p1a: Serpentine|324\/404|[from] item: Leftovers
|-damage|p2a: Snorlax|317\/524 tox|[from] psn
|turn|8
|c| meowiekins|i just realized how risky status using shedy is
|c|âBob the Senpai|ez synchronse
|c| meowiekins|what if synchronize
|c|âBob the Senpai|lol
|c| meowiekins|ye
|c|âBob the Senpai|i went up against some dude
|c|âBob the Senpai|and i willo'd an umbreon
|c|âBob the Senpai|it was inner focus
|c|âBob the Senpai|clutched
|
|move|p1a: Serpentine|Coil|p1a: Serpentine
|-boost|p1a: Serpentine|atk|1
|-boost|p1a: Serpentine|def|1
|-boost|p1a: Serpentine|accuracy|1
|move|p2a: Snorlax|Ice Punch|p1a: Serpentine
|-supereffective|p1a: Serpentine
|-damage|p1a: Serpentine|144\/404
|
|-heal|p1a: Serpentine|169\/404|[from] item: Leftovers
|-damage|p2a: Snorlax|221\/524 tox|[from] psn
|turn|9
|c|âPANOS FLOZ|hahaha
|c|âBob the Senpai|fkn
|c|âBob the Senpai|rip
|
|move|p1a: Serpentine|Earthquake|p2a: Snorlax
|-crit|p2a: Snorlax
|-damage|p2a: Snorlax|0 fnt
|faint|p2a: Snorlax
|
|-heal|p1a: Serpentine|194\/404|[from] item: Leftovers
|
|switch|p2a: Alakazam|Alakazam, M|1\/252
|turn|10
|
|switch|p1a: Freyja|Togetic, M|269\/314
|move|p2a: Alakazam|Dazzling Gleam|p1a: Freyja
|-damage|p1a: Freyja|208\/314
|
|turn|11
|
|switch|p2a: Beedrill|Beedrill-Mega, F|272\/272
|-damage|p2a: Beedrill|204\/272|[from] Stealth Rock
|move|p1a: Freyja|Roost|p1a: Freyja
|-heal|p1a: Freyja|314\/314
|
|turn|12
|c| meowiekins|lol
|
|switch|p1a: Kraken|Tentacruel, F|364\/364
|move|p2a: Beedrill|Drill Run|p1a: Kraken
|-supereffective|p1a: Kraken
|-damage|p1a: Kraken|168\/364
|
|-heal|p1a: Kraken|190\/364|[from] item: Black Sludge
|turn|13
|
|switch|p1a: m8|Shedinja|1\/1
|move|p2a: Beedrill|Drill Run|p1a: m8
|-activate|p1a: m8|ability: Wonder Guard
|
|turn|14
|
|move|p2a: Beedrill|Poison Jab|p1a: m8
|-activate|p1a: m8|ability: Wonder Guard
|move|p1a: m8|Will-O-Wisp|p2a: Beedrill
|-status|p2a: Beedrill|brn
|
|-damage|p2a: Beedrill|170\/272 brn|[from] brn
|turn|15
|c|âBob the Senpai|m8
|
|switch|p2a: Chesnaught|Chesnaught, M|380\/380
|-damage|p2a: Chesnaught|357\/380|[from] Stealth Rock
|move|p1a: m8|Will-O-Wisp|p2a: Chesnaught
|-status|p2a: Chesnaught|brn
|
|-heal|p2a: Chesnaught|380\/380 brn|[from] item: Leftovers
|-damage|p2a: Chesnaught|333\/380 brn|[from] brn
|turn|16
|
|switch|p1a: Venus|Blissey, F|714\/714
|switch|p2a: Porygon-Z|Porygon-Z|312\/312
|-damage|p2a: Porygon-Z|273\/312|[from] Stealth Rock
|
|turn|17
|
|switch|p2a: Chesnaught|Chesnaught, M|333\/380 brn
|-damage|p2a: Chesnaught|310\/380 brn|[from] Stealth Rock
|move|p1a: Venus|Seismic Toss|p2a: Chesnaught
|-damage|p2a: Chesnaught|210\/380 brn
|
|-heal|p2a: Chesnaught|233\/380 brn|[from] item: Leftovers
|-damage|p2a: Chesnaught|186\/380 brn|[from] brn
|turn|18
|
|move|p2a: Chesnaught|Spiky Shield|p2a: Chesnaught
|-singleturn|p2a: Chesnaught|move: Protect
|move|p1a: Venus|Wish|p1a: Venus
|
|-heal|p2a: Chesnaught|209\/380 brn|[from] item: Leftovers
|-damage|p2a: Chesnaught|162\/380 brn|[from] brn
|turn|19
|
|switch|p1a: Serpentine|Zygarde|194\/404
|-ability|p1a: Serpentine|Aura Break
|move|p2a: Chesnaught|Hammer Arm|p1a: Serpentine
|-damage|p1a: Serpentine|139\/404
|-unboost|p2a: Chesnaught|spe|1
|
|-heal|p1a: Serpentine|404\/404|[from] move: Wish|[wisher] Venus
|-heal|p2a: Chesnaught|185\/380 brn|[from] item: Leftovers
|-damage|p2a: Chesnaught|138\/380 brn|[from] brn
|turn|20
|
|switch|p2a: Alakazam|Alakazam, M|1\/252
|move|p1a: Serpentine|Substitute|p1a: Serpentine
|-start|p1a: Serpentine|Substitute
|-damage|p1a: Serpentine|303\/404
|
|-heal|p1a: Serpentine|328\/404|[from] item: Leftovers
|turn|21
|
|move|p2a: Alakazam|Dazzling Gleam|p1a: Serpentine
|-supereffective|p1a: Serpentine
|-end|p1a: Serpentine|Substitute
|move|p1a: Serpentine|Earthquake|p2a: Alakazam
|-damage|p2a: Alakazam|0 fnt
|faint|p2a: Alakazam
|
|-heal|p1a: Serpentine|353\/404|[from] item: Leftovers
|
|switch|p2a: Porygon-Z|Porygon-Z|273\/312
|-damage|p2a: Porygon-Z|234\/312|[from] Stealth Rock
|turn|22
|
|switch|p1a: Archilles|Aggron-Mega, M|262\/344
|move|p2a: Porygon-Z|Ice Beam|p1a: Archilles
|-resisted|p1a: Archilles
|-damage|p1a: Archilles|213\/344
|
|turn|23
|
|switch|p2a: Beedrill|Beedrill-Mega, F|170\/272 brn
|-damage|p2a: Beedrill|102\/272 brn|[from] Stealth Rock
|move|p1a: Archilles|Heavy Slam|p2a: Beedrill
|-damage|p2a: Beedrill|0 fnt
|faint|p2a: Beedrill
|
|
|switch|p2a: Chesnaught|Chesnaught, M|138\/380 brn
|-damage|p2a: Chesnaught|115\/380 brn|[from] Stealth Rock
|turn|24
|
|switch|p1a: Kraken|Tentacruel, F|190\/364
|move|p2a: Chesnaught|Synthesis|p2a: Chesnaught
|-heal|p2a: Chesnaught|305\/380 brn
|
|-heal|p1a: Kraken|212\/364|[from] item: Black Sludge
|-heal|p2a: Chesnaught|328\/380 brn|[from] item: Leftovers
|-damage|p2a: Chesnaught|281\/380 brn|[from] brn
|turn|25
|
|move|p1a: Kraken|Toxic Spikes|p2a: Chesnaught
|-sidestart|p2: PANOS FLOZ|move: Toxic Spikes
|move|p2a: Chesnaught|Seed Bomb|p1a: Kraken
|-damage|p1a: Kraken|164\/364
|
|-heal|p1a: Kraken|186\/364|[from] item: Black Sludge
|-heal|p2a: Chesnaught|304\/380 brn|[from] item: Leftovers
|-damage|p2a: Chesnaught|257\/380 brn|[from] brn
|turn|26
|leave|meowiekins
|
|move|p1a: Kraken|Toxic Spikes|p2a: Chesnaught
|-sidestart|p2: PANOS FLOZ|move: Toxic Spikes
|move|p2a: Chesnaught|Seed Bomb|p1a: Kraken
|-damage|p1a: Kraken|141\/364
|
|-heal|p1a: Kraken|163\/364|[from] item: Black Sludge
|-heal|p2a: Chesnaught|280\/380 brn|[from] item: Leftovers
|-damage|p2a: Chesnaught|233\/380 brn|[from] brn
|turn|27
|join|meowiekins
|
|switch|p1a: Serpentine|Zygarde|353\/404
|-ability|p1a: Serpentine|Aura Break
|move|p2a: Chesnaught|Synthesis|p2a: Chesnaught
|-heal|p2a: Chesnaught|380\/380 brn
|
|-heal|p1a: Serpentine|378\/404|[from] item: Leftovers
|-damage|p2a: Chesnaught|333\/380 brn|[from] brn
|turn|28
|
|switch|p2a: Goodra|Goodra, F|384\/384
|-damage|p2a: Goodra|336\/384|[from] Stealth Rock
|-status|p2a: Goodra|tox
|move|p1a: Serpentine|Substitute|p1a: Serpentine
|-start|p1a: Serpentine|Substitute
|-damage|p1a: Serpentine|277\/404
|
|-heal|p1a: Serpentine|302\/404|[from] item: Leftovers
|-heal|p2a: Goodra|360\/384 tox|[from] item: Leftovers
|-damage|p2a: Goodra|336\/384 tox|[from] psn
|turn|29
|c| meowiekins|good shedinja matchups
|c| meowiekins|are 6-0 central
|
|move|p1a: Serpentine|Earthquake|p2a: Goodra
|-damage|p2a: Goodra|180\/384 tox
|move|p2a: Goodra|Dragon Tail|p1a: Serpentine|[miss]
|-miss|p2a: Goodra|p1a: Serpentine
|
|-heal|p1a: Serpentine|327\/404|[from] item: Leftovers
|-heal|p2a: Goodra|204\/384 tox|[from] item: Leftovers
|-damage|p2a: Goodra|156\/384 tox|[from] psn
|turn|30
|c|âBob the Senpai|rip
|c| watfor|luckE
|c| watfor|and
|c| watfor|bade
|-message|PANOS FLOZ forfeited.
|
|win|Bob the Senpai
|raw|Ladder updating...
|c|âBob the Senpai|true
|leave|PANOS FLOZ
|player|p2
|raw|Bob the Senpai's rating: 1074 &rarr; <strong>1097<\/strong><br \/>(+23 for winning)
|raw|PANOS FLOZ's rating: 1000 &rarr; <strong>1000<\/strong><br \/>(+0 for losing)
|c| meowiekins|gg