|join|Bob the Senpai
|join|Daggerz Rock
|player|p1|Bob the Senpai|23
|player|p2|Daggerz Rock|266
|gametype|singles
|gen|6
|tier|UU
|rated
|rule|Sleep Clause Mod: Limit one foe put to sleep
|rule|Species Clause: Limit one of each PokÃ©mon
|rule|OHKO Clause: OHKO moves are banned
|rule|Moody Clause: Moody is banned
|rule|Evasion Moves Clause: Evasion moves are banned
|rule|Endless Battle Clause: Forcing endless battles is banned
|rule|HP Percentage Mod: HP is shown in percentages
|clearpoke
|poke|p1|Shedinja
|poke|p1|Blissey, F
|poke|p1|Tentacruel, F
|poke|p1|Zygarde
|poke|p1|Aggron, M
|poke|p1|Togetic, M
|poke|p2|Lopunny, M
|poke|p2|Galvantula, M
|poke|p2|Nidoking, M
|poke|p2|Hydreigon, M
|poke|p2|Florges, F
|poke|p2|Quagsire, F
|rule|Swagger Clause: Swagger is banned
|rule|Baton Pass Clause: Limit one PokÃ©mon knowing Baton Pass
|teampreview
|
|start
|switch|p1a: Hades|Shedinja|1\/1
|switch|p2a: Galvantula|Galvantula, M|281\/281
|turn|1
|
|move|p2a: Galvantula|Sticky Web|p1a: Hades
|-sidestart|p1: Bob the Senpai|move: Sticky Web
|move|p1a: Hades|Swords Dance|p1a: Hades
|-boost|p1a: Hades|atk|2
|
|turn|2
|
|switch|p2a: Quagsire|Quagsire, F|394\/394
|move|p1a: Hades|Will-O-Wisp|p2a: Quagsire
|-status|p2a: Quagsire|brn
|
|-damage|p2a: Quagsire|345\/394 brn|[from] brn
|turn|3
|
|switch|p1a: Freyja|Togetic, M|314\/314
|move|p2a: Quagsire|Toxic|p1a: Freyja
|-status|p1a: Freyja|tox
|
|-heal|p2a: Quagsire|369\/394 brn|[from] item: Leftovers
|-damage|p1a: Freyja|295\/314 tox|[from] psn
|-damage|p2a: Quagsire|320\/394 brn|[from] brn
|turn|4
|
|switch|p1a: Venus|Blissey, F|714\/714
|-activate|p1a: Venus|move: Sticky Web
|-unboost|p1a: Venus|spe|1
|switch|p2a: Nidoking|Nidoking, M|304\/304
|
|turn|5
|
|move|p2a: Nidoking|Poison Jab|p1a: Venus
|-damage|p1a: Venus|334\/714
|move|p1a: Venus|Seismic Toss|p2a: Nidoking
|-damage|p2a: Nidoking|204\/304
|
|-heal|p1a: Venus|378\/714|[from] item: Leftovers
|turn|6
|
|move|p1a: Venus|Protect|p1a: Venus
|-singleturn|p1a: Venus|Protect
|move|p2a: Nidoking|Poison Jab|p1a: Venus
|-activate|p1a: Venus|Protect
|
|-heal|p1a: Venus|422\/714|[from] item: Leftovers
|turn|7
|
|switch|p1a: Hades|Shedinja|1\/1
|-activate|p1a: Hades|move: Sticky Web
|-unboost|p1a: Hades|spe|1
|move|p2a: Nidoking|Poison Jab|p1a: Hades
|-activate|p1a: Hades|ability: Wonder Guard
|
|turn|8
|
|switch|p1a: Archilles|Aggron, M|344\/344
|-activate|p1a: Archilles|move: Sticky Web
|-unboost|p1a: Archilles|spe|1
|move|p2a: Nidoking|Rock Slide|p1a: Archilles
|-resisted|p1a: Archilles
|-damage|p1a: Archilles|300\/344
|
|turn|9
|
|switch|p2a: Hydreigon|Hydreigon, M|325\/325
|detailschange|p1a: Archilles|Aggron-Mega, M
|message|Aggron has Mega Evolved into Mega Aggron!
|move|p1a: Archilles|Heavy Slam|p2a: Hydreigon
|-damage|p2a: Hydreigon|216\/325
|
|turn|10
|
|switch|p1a: Freyja|Togetic, M|295\/314 tox
|move|p2a: Hydreigon|Flamethrower|p1a: Freyja
|-damage|p1a: Freyja|203\/314 tox
|
|-damage|p1a: Freyja|184\/314 tox|[from] psn
|turn|11
|
|switch|p2a: Nidoking|Nidoking, M|204\/304
|move|p1a: Freyja|Heal Bell|p1a: Freyja
|-cureteam|p1a: Freyja|[from] move: HealBell
|
|turn|12
|
|switch|p1a: Archilles|Aggron-Mega, M|300\/344
|-activate|p1a: Archilles|move: Sticky Web
|-unboost|p1a: Archilles|spe|1
|move|p2a: Nidoking|Rock Slide|p1a: Archilles
|-resisted|p1a: Archilles
|-damage|p1a: Archilles|269\/344
|
|turn|13
|
|switch|p2a: Hydreigon|Hydreigon, M|216\/325
|move|p1a: Archilles|Heavy Slam|p2a: Hydreigon
|-damage|p2a: Hydreigon|102\/325
|
|turn|14
|
|switch|p1a: Venus|Blissey, F|422\/714
|-activate|p1a: Venus|move: Sticky Web
|-unboost|p1a: Venus|spe|1
|move|p2a: Hydreigon|U-turn|p1a: Venus
|-damage|p1a: Venus|326\/714
|
|switch|p2a: Nidoking|Nidoking, M|204\/304
|
|-heal|p1a: Venus|370\/714|[from] item: Leftovers
|turn|15
|join|meowiekins
|
|move|p1a: Venus|Protect|p1a: Venus
|-singleturn|p1a: Venus|Protect
|move|p2a: Nidoking|Earthquake|p1a: Venus
|-activate|p1a: Venus|Protect
|
|-heal|p1a: Venus|414\/714|[from] item: Leftovers
|turn|16
|c| meowiekins|sticky web
|c| meowiekins|is so relevant
|c| meowiekins|vs stall
|c|âDaggerz Rock|...
|c| meowiekins|:^]
|
|move|p2a: Nidoking|Rock Slide|p1a: Venus
|-damage|p1a: Venus|164\/714
|move|p1a: Venus|Wish|p1a: Venus
|
|-heal|p1a: Venus|208\/714|[from] item: Leftovers
|turn|17
|
|move|p1a: Venus|Protect|p1a: Venus
|-singleturn|p1a: Venus|Protect
|move|p2a: Nidoking|Poison Jab|p1a: Venus
|-activate|p1a: Venus|Protect
|
|-heal|p1a: Venus|565\/714|[from] move: Wish|[wisher] Venus
|-heal|p1a: Venus|609\/714|[from] item: Leftovers
|turn|18
|
|move|p2a: Nidoking|Poison Jab|p1a: Venus
|-damage|p1a: Venus|202\/714
|move|p1a: Venus|Counter|p2a: Nidoking
|-damage|p2a: Nidoking|0 fnt
|faint|p2a: Nidoking
|
|-heal|p1a: Venus|246\/714|[from] item: Leftovers
|c|âDaggerz Rock|to many people playing stall today
|c| meowiekins|ez
|
|switch|p2a: Lopunny|Lopunny, M|272\/272
|turn|19
|c|âBob the Senpai|threat where
|c| meowiekins|counter
|c| meowiekins|what is a threat
|c| meowiekins|to a blissey
|
|detailschange|p2a: Lopunny|Lopunny-Mega, M
|message|Lopunny has Mega Evolved into Mega Lopunny!
|move|p1a: Venus|Protect|p1a: Venus
|-singleturn|p1a: Venus|Protect
|move|p2a: Lopunny|Fake Out|p1a: Venus
|-activate|p1a: Venus|Protect
|
|-heal|p1a: Venus|290\/714|[from] item: Leftovers
|turn|20
|
|switch|p1a: Hades|Shedinja|1\/1
|-activate|p1a: Hades|move: Sticky Web
|-unboost|p1a: Hades|spe|1
|move|p2a: Lopunny|Return|p1a: Hades
|-activate|p1a: Hades|ability: Wonder Guard
|
|turn|21
|c| meowiekins|go to the based lord
|c| meowiekins|himself
|c| meowiekins|freeest of moves
|
|switch|p2a: Quagsire|Quagsire, F|320\/394 brn
|switch|p1a: Kraken|Tentacruel, F|364\/364
|-activate|p1a: Kraken|move: Sticky Web
|-unboost|p1a: Kraken|spe|1
|
|-heal|p2a: Quagsire|344\/394 brn|[from] item: Leftovers
|-damage|p2a: Quagsire|295\/394 brn|[from] brn
|turn|22
|
|switch|p2a: Galvantula|Galvantula, M|281\/281
|move|p1a: Kraken|Toxic Spikes|p2a: Galvantula
|-sidestart|p2: Daggerz Rock|move: Toxic Spikes
|
|turn|23
|c|âBob the Senpai|eziest tspikes
|c|âBob the Senpai|of my life
|
|switch|p1a: Hades|Shedinja|1\/1
|-activate|p1a: Hades|move: Sticky Web
|-unboost|p1a: Hades|spe|1
|move|p2a: Galvantula|Thunder|p1a: Hades
|-activate|p1a: Hades|ability: Wonder Guard
|
|turn|24
|c| meowiekins|ezest ez of your life
|
|switch|p2a: Hydreigon|Hydreigon, M|102\/325
|move|p1a: Hades|X-Scissor|p2a: Hydreigon
|-supereffective|p2a: Hydreigon
|-damage|p2a: Hydreigon|0 fnt
|faint|p2a: Hydreigon
|
|-message|Daggerz Rock forfeited.
|
|win|Bob the Senpai
|raw|Ladder updating...
|leave|Daggerz Rock
|player|p2
|raw|Bob the Senpai's rating: 1559 &rarr; <strong>1567<\/strong><br \/>(+8 for winning)
|raw|Daggerz Rock's rating: 1307 &rarr; <strong>1299<\/strong><br \/>(-8 for losing)