|join|Earthwalker
|join|Bob the Senpai
|player|p1|Earthwalker|102
|player|p2|Bob the Senpai|23
|gametype|singles
|gen|6
|tier|UU
|rated
|rule|Sleep Clause Mod: Limit one foe put to sleep
|rule|Species Clause: Limit one of each PokÃ©mon
|rule|OHKO Clause: OHKO moves are banned
|rule|Moody Clause: Moody is banned
|rule|Evasion Moves Clause: Evasion moves are banned
|rule|Endless Battle Clause: Forcing endless battles is banned
|rule|HP Percentage Mod: HP is shown in percentages
|clearpoke
|poke|p1|Lopunny, F
|poke|p1|Granbull, M
|poke|p1|Infernape, M
|poke|p1|Malamar, M
|poke|p1|Espeon, M
|poke|p1|Galvantula, F
|poke|p2|Shedinja
|poke|p2|Blissey, F
|poke|p2|Tentacruel, F
|poke|p2|Zygarde
|poke|p2|Aggron, F
|poke|p2|Togetic, M
|rule|Swagger Clause: Swagger is banned
|rule|Baton Pass Clause: Limit one PokÃ©mon knowing Baton Pass
|teampreview
|join|waivfu
|c| waivfu|bobo
|c|âBob the Senpai|hi
|c| waivfu|i'm watching psycho pass
|c| waivfu|:D
|c|âBob the Senpai|oml
|c|âBob the Senpai|im proud
|c|âBob the Senpai|first or second season
|c|âBob the Senpai|?
|c| waivfu|first
|
|start
|switch|p1a: Lopunny|Lopunny, F|272\/272
|switch|p2a: Hades|Shedinja|1\/1
|turn|1
|c|âBob the Senpai|ah nb
|c| waivfu|i accidently downlaoded shit quality tho -_-
|
|switch|p1a: Espeon|Espeon, M|272\/272
|move|p2a: Hades|X-Scissor|p1a: Espeon
|-supereffective|p1a: Espeon
|-damage|p1a: Espeon|0 fnt
|faint|p1a: Espeon
|
|c|âBob the Senpai|rip
|c|âBob the Senpai|just stream
|
|switch|p1a: Malamar|Malamar, M|314\/314
|turn|2
|c|âBob the Senpai|honestly
|c| waivfu|haha
|c| waivfu|nah i like torrenting it betta
|
|switch|p2a: Archilles|Aggron, F|344\/344
|move|p1a: Malamar|Knock Off|p2a: Archilles
|-damage|p2a: Archilles|293\/344
|
|turn|3
|
|switch|p1a: Granbull|Granbull, M|384\/384
|-ability|p1a: Granbull|Intimidate|[of] p2a: Archilles
|-unboost|p2a: Archilles|atk|1
|detailschange|p2a: Archilles|Aggron-Mega, F
|message|Aggron has Mega Evolved into Mega Aggron!
|move|p2a: Archilles|Toxic|p1a: Granbull
|-status|p1a: Granbull|tox
|
|-damage|p1a: Granbull|360\/384 tox|[from] psn
|turn|4
|c|âBob the Senpai|how much anime do you have
|c|âBob the Senpai|as in data
|
|move|p2a: Archilles|Heavy Slam|p1a: Granbull
|-supereffective|p1a: Granbull
|-damage|p1a: Granbull|102\/384 tox
|move|p1a: Granbull|Thunder Wave|p2a: Archilles
|-status|p2a: Archilles|par
|
|-heal|p1a: Granbull|126\/384 tox|[from] item: Leftovers
|-damage|p1a: Granbull|78\/384 tox|[from] psn
|turn|5
|
|move|p1a: Granbull|Earthquake|p2a: Archilles
|-supereffective|p2a: Archilles
|-damage|p2a: Archilles|214\/344 par
|move|p2a: Archilles|Stealth Rock|p1a: Granbull
|-sidestart|p1: Earthwalker|move: Stealth Rock
|
|-heal|p1a: Granbull|102\/384 tox|[from] item: Leftovers
|-damage|p1a: Granbull|30\/384 tox|[from] psn
|turn|6
|join|Scythe Kronos
|
|move|p1a: Granbull|Earthquake|p2a: Archilles
|-supereffective|p2a: Archilles
|-damage|p2a: Archilles|145\/344 par
|cant|p2a: Archilles|par
|
|-heal|p1a: Granbull|54\/384 tox|[from] item: Leftovers
|-damage|p1a: Granbull|0 fnt|[from] psn
|faint|p1a: Granbull
|leave|Scythe Kronos
|
|switch|p1a: Lopunny|Lopunny, F|272\/272
|-damage|p1a: Lopunny|238\/272|[from] Stealth Rock
|turn|7
|
|switch|p2a: Freyja|Togetic, M|314\/314
|detailschange|p1a: Lopunny|Lopunny-Mega, F
|message|Lopunny has Mega Evolved into Mega Lopunny!
|move|p1a: Lopunny|High Jump Kick|p2a: Freyja
|-resisted|p2a: Freyja
|-damage|p2a: Freyja|283\/314
|
|turn|8
|
|switch|p1a: Malamar|Malamar, M|314\/314
|-damage|p1a: Malamar|275\/314|[from] Stealth Rock
|move|p2a: Freyja|Dazzling Gleam|p1a: Malamar
|-supereffective|p1a: Malamar
|-damage|p1a: Malamar|65\/314
|
|turn|9
|-message|Earthwalker forfeited.
|
|win|Bob the Senpai
|raw|Ladder updating...
|leave|Earthwalker
|player|p1
|raw|Earthwalker's rating: 1328 &rarr; <strong>1316<\/strong><br \/>(-12 for losing)
|raw|Bob the Senpai's rating: 1477 &rarr; <strong>1489<\/strong><br \/>(+12 for winning)