|join|Bob the Senpai
|join|skarbang
|player|p1|Bob the Senpai|23
|player|p2|skarbang|143
|gametype|singles
|gen|6
|tier|UU
|rated
|rule|Sleep Clause Mod: Limit one foe put to sleep
|rule|Species Clause: Limit one of each PokÃ©mon
|rule|OHKO Clause: OHKO moves are banned
|rule|Moody Clause: Moody is banned
|rule|Evasion Moves Clause: Evasion moves are banned
|rule|Endless Battle Clause: Forcing endless battles is banned
|rule|HP Percentage Mod: HP is shown in percentages
|clearpoke
|poke|p1|Shedinja
|poke|p1|Blissey, F
|poke|p1|Tentacruel, F
|poke|p1|Zygarde
|poke|p1|Aggron, M
|poke|p1|Togetic, F
|poke|p2|Pidgeot, M
|poke|p2|Machamp, M
|poke|p2|Porygon-Z
|poke|p2|Hippowdon, M
|poke|p2|Vaporeon, M
|poke|p2|Forretress, M
|rule|Swagger Clause: Swagger is banned
|rule|Baton Pass Clause: Limit one PokÃ©mon knowing Baton Pass
|teampreview
|join|Moniker
|
|start
|switch|p1a: Archilles|Aggron, M|344\/344
|switch|p2a: Pidgeot|Pidgeot, M|307\/307
|turn|1
|
|detailschange|p2a: Pidgeot|Pidgeot-Mega, M
|message|Pidgeot has Mega Evolved into Mega Pidgeot!
|detailschange|p1a: Archilles|Aggron-Mega, M
|message|Aggron has Mega Evolved into Mega Aggron!
|move|p2a: Pidgeot|Heat Wave|p1a: Archilles
|-supereffective|p1a: Archilles
|-damage|p1a: Archilles|191\/344
|move|p1a: Archilles|Heavy Slam|p2a: Pidgeot
|-damage|p2a: Pidgeot|75\/307
|
|turn|2
|
|move|p2a: Pidgeot|U-turn|p1a: Archilles
|-resisted|p1a: Archilles
|-damage|p1a: Archilles|181\/344
|
|switch|p2a: Vaporeon|Vaporeon, M|451\/451
|move|p1a: Archilles|Heavy Slam|p2a: Vaporeon
|-resisted|p2a: Vaporeon
|-damage|p2a: Vaporeon|345\/451
|
|-heal|p2a: Vaporeon|373\/451|[from] item: Leftovers
|turn|3
|
|move|p2a: Vaporeon|Scald|p1a: Archilles
|-damage|p1a: Archilles|96\/344
|move|p1a: Archilles|Toxic|p2a: Vaporeon|[miss]
|-miss|p1a: Archilles|p2a: Vaporeon
|
|-heal|p2a: Vaporeon|401\/451|[from] item: Leftovers
|turn|4
|
|switch|p1a: Venus|Blissey, F|714\/714
|move|p2a: Vaporeon|Scald|p1a: Venus
|-damage|p1a: Venus|629\/714
|
|-heal|p2a: Vaporeon|429\/451|[from] item: Leftovers
|-heal|p1a: Venus|673\/714|[from] item: Leftovers
|turn|5
|
|move|p2a: Vaporeon|Wish|p2a: Vaporeon
|move|p1a: Venus|Wish|p1a: Venus
|
|-heal|p2a: Vaporeon|451\/451|[from] item: Leftovers
|-heal|p1a: Venus|714\/714|[from] item: Leftovers
|turn|6
|
|switch|p2a: Pidgeot|Pidgeot-Mega, M|75\/307
|move|p1a: Venus|Seismic Toss|p2a: Pidgeot
|-damage|p2a: Pidgeot|0 fnt
|faint|p2a: Pidgeot
|
|join|Coltestes
|
|switch|p2a: Machamp|Machamp, M|321\/321
|turn|7
|c| Coltestes|they call me
|c| Coltestes|0 switchins
|
|switch|p1a: Freyja|Togetic, F|314\/314
|move|p2a: Machamp|Close Combat|p1a: Freyja
|-resisted|p1a: Freyja
|-damage|p1a: Freyja|284\/314
|-unboost|p2a: Machamp|def|1
|-unboost|p2a: Machamp|spd|1
|
|turn|8
|c|âBob the Senpai|hello
|c| Coltestes|heavy slam
|c| Coltestes|is a thing
|c| Coltestes|u know
|join|ANGER MANAGEMENT
|c|âBob the Senpai|doesnt even come close to killing
|
|switch|p2a: Hippowdon|Hippowdon, M|419\/419
|move|p1a: Freyja|Dazzling Gleam|p2a: Hippowdon
|-damage|p2a: Hippowdon|319\/419
|
|turn|9
|c|âBob the Senpai|ah nb
|c|âskarbang|muted spectators is a thing
|c|âBob the Senpai|sand force hippo
|c| ANGER MANAGEMENT|do \/modchat +
|
|switch|p1a: Venus|Blissey, F|714\/714
|move|p2a: Hippowdon|Stealth Rock|p1a: Venus
|-sidestart|p1: Bob the Senpai|move: Stealth Rock
|
|turn|10
|c| Coltestes|252+ Atk Choice Band Machamp Heavy Slam (120 BP) vs. 248 HP \/ 252+ Def Eviolite Togetic: 230-272 (73.4 - 86.9%) -- guaranteed 2HKO
|
|switch|p2a: Machamp|Machamp, M|321\/321
|move|p1a: Venus|Wish|p1a: Venus
|
|turn|11
|
|switch|p1a: Kraken|Tentacruel, F|364\/364
|-damage|p1a: Kraken|319\/364|[from] Stealth Rock
|move|p2a: Machamp|Knock Off|p1a: Kraken
|-damage|p1a: Kraken|213\/364
|-enditem|p1a: Kraken|Black Sludge|[from] move: Knock Off|[of] p2a: Machamp
|
|-heal|p1a: Kraken|364\/364|[from] move: Wish|[wisher] Venus
|turn|12
|
|switch|p2a: Forretress|Forretress, M|351\/351
|move|p1a: Kraken|Toxic|p2a: Forretress
|-fail|p2a: Forretress
|
|turn|13
|
|move|p1a: Kraken|Scald|p2a: Forretress
|-damage|p2a: Forretress|273\/351
|move|p2a: Forretress|Spikes|p1a: Kraken
|-sidestart|p1: Bob the Senpai|Spikes
|
|turn|14
|c|âBob the Senpai|is this helmet forry or something
|
|switch|p2a: Machamp|Machamp, M|321\/321
|move|p1a: Kraken|Scald|p2a: Machamp
|-damage|p2a: Machamp|239\/321
|
|turn|15
|
|move|p2a: Machamp|Stone Edge|p1a: Kraken
|-damage|p1a: Kraken|247\/364
|move|p1a: Kraken|Rapid Spin|p2a: Machamp
|-damage|p2a: Machamp|225\/321
|-sideend|p1: Bob the Senpai|Spikes|[from] move: Rapid Spin|[of] p1a: Kraken
|-sideend|p1: Bob the Senpai|Stealth Rock|[from] move: Rapid Spin|[of] p1a: Kraken
|
|turn|16
|
|switch|p1a: Serpentine|Zygarde|404\/404
|-ability|p1a: Serpentine|Aura Break
|move|p2a: Machamp|Stone Edge|p1a: Serpentine
|-resisted|p1a: Serpentine
|-damage|p1a: Serpentine|349\/404
|
|-heal|p1a: Serpentine|374\/404|[from] item: Leftovers
|turn|17
|
|switch|p2a: Vaporeon|Vaporeon, M|451\/451
|move|p1a: Serpentine|Substitute|p1a: Serpentine
|-start|p1a: Serpentine|Substitute
|-damage|p1a: Serpentine|273\/404
|
|-heal|p1a: Serpentine|298\/404|[from] item: Leftovers
|turn|18
|c|âBob the Senpai|thats not even banded is it
|
|move|p1a: Serpentine|Coil|p1a: Serpentine
|-boost|p1a: Serpentine|atk|1
|-boost|p1a: Serpentine|def|1
|-boost|p1a: Serpentine|accuracy|1
|move|p2a: Vaporeon|Scald|p1a: Serpentine
|-activate|p1a: Serpentine|Substitute|[damage]
|
|-heal|p1a: Serpentine|323\/404|[from] item: Leftovers
|turn|19
|
|move|p1a: Serpentine|Coil|p1a: Serpentine
|-boost|p1a: Serpentine|atk|1
|-boost|p1a: Serpentine|def|1
|-boost|p1a: Serpentine|accuracy|1
|move|p2a: Vaporeon|Scald|p1a: Serpentine
|-end|p1a: Serpentine|Substitute
|
|-heal|p1a: Serpentine|348\/404|[from] item: Leftovers
|turn|20
|
|move|p1a: Serpentine|Substitute|p1a: Serpentine
|-start|p1a: Serpentine|Substitute
|-damage|p1a: Serpentine|247\/404
|move|p2a: Vaporeon|Scald|p1a: Serpentine
|-activate|p1a: Serpentine|Substitute|[damage]
|
|-heal|p1a: Serpentine|272\/404|[from] item: Leftovers
|turn|21
|
|move|p1a: Serpentine|Earthquake|p2a: Vaporeon
|-damage|p2a: Vaporeon|199\/451
|move|p2a: Vaporeon|Scald|p1a: Serpentine
|-end|p1a: Serpentine|Substitute
|
|-heal|p1a: Serpentine|297\/404|[from] item: Leftovers
|-heal|p2a: Vaporeon|227\/451|[from] item: Leftovers
|turn|22
|
|move|p1a: Serpentine|Substitute|p1a: Serpentine
|-start|p1a: Serpentine|Substitute
|-damage|p1a: Serpentine|196\/404
|move|p2a: Vaporeon|Scald|p1a: Serpentine
|-activate|p1a: Serpentine|Substitute|[damage]
|
|-heal|p1a: Serpentine|221\/404|[from] item: Leftovers
|-heal|p2a: Vaporeon|255\/451|[from] item: Leftovers
|turn|23
|
|move|p1a: Serpentine|Earthquake|p2a: Vaporeon
|-damage|p2a: Vaporeon|3\/451
|move|p2a: Vaporeon|Scald|p1a: Serpentine
|-end|p1a: Serpentine|Substitute
|
|-heal|p1a: Serpentine|246\/404|[from] item: Leftovers
|-heal|p2a: Vaporeon|31\/451|[from] item: Leftovers
|turn|24
|
|move|p1a: Serpentine|Substitute|p1a: Serpentine
|-start|p1a: Serpentine|Substitute
|-damage|p1a: Serpentine|145\/404
|move|p2a: Vaporeon|Wish|p2a: Vaporeon
|
|-heal|p1a: Serpentine|170\/404|[from] item: Leftovers
|-heal|p2a: Vaporeon|59\/451|[from] item: Leftovers
|turn|25
|join|watfor
|
|move|p2a: Vaporeon|Protect|p2a: Vaporeon
|-singleturn|p2a: Vaporeon|Protect
|move|p1a: Serpentine|Coil|p1a: Serpentine
|-boost|p1a: Serpentine|atk|1
|-boost|p1a: Serpentine|def|1
|-boost|p1a: Serpentine|accuracy|1
|
|-heal|p2a: Vaporeon|284\/451|[from] move: Wish|[wisher] Vaporeon
|-heal|p1a: Serpentine|195\/404|[from] item: Leftovers
|-heal|p2a: Vaporeon|312\/451|[from] item: Leftovers
|turn|26
|c| watfor|bob stop using cancer team pls
|c| watfor|;-;
|
|move|p1a: Serpentine|Earthquake|p2a: Vaporeon
|-damage|p2a: Vaporeon|0 fnt
|faint|p2a: Vaporeon
|
|-heal|p1a: Serpentine|220\/404|[from] item: Leftovers
|c| ANGER MANAGEMENT|thank you watfor
|c|âBob the Senpai|its just who i am
|
|switch|p2a: Hippowdon|Hippowdon, M|319\/419
|turn|27
|
|move|p1a: Serpentine|Dragon Tail|p2a: Hippowdon
|-damage|p2a: Hippowdon|211\/419
|-damage|p1a: Serpentine|153\/404|[from] item: Rocky Helmet|[of] p2a: Hippowdon
|drag|p2a: Porygon-Z|Porygon-Z|311\/311
|-boost|p2a: Porygon-Z|spa|1|[from] ability: Download
|
|-heal|p1a: Serpentine|178\/404|[from] item: Leftovers
|turn|28
|join|waivfu
|
|switch|p2a: Forretress|Forretress, M|273\/351
|move|p1a: Serpentine|Earthquake|p2a: Forretress
|-crit|p2a: Forretress
|-damage|p2a: Forretress|0 fnt
|faint|p2a: Forretress
|
|-heal|p1a: Serpentine|203\/404|[from] item: Leftovers
|
|switch|p2a: Hippowdon|Hippowdon, M|211\/419
|turn|29
|
|move|p1a: Serpentine|Dragon Tail|p2a: Hippowdon
|-damage|p2a: Hippowdon|93\/419
|-damage|p1a: Serpentine|136\/404|[from] item: Rocky Helmet|[of] p2a: Hippowdon
|drag|p2a: Porygon-Z|Porygon-Z|311\/311
|-boost|p2a: Porygon-Z|spa|1|[from] ability: Download
|
|-heal|p1a: Serpentine|161\/404|[from] item: Leftovers
|turn|30
|c|âBob the Senpai|zyg not broken imo
|c| waivfu|^
|
|move|p2a: Porygon-Z|Ice Beam|p1a: Serpentine
|-supereffective|p1a: Serpentine
|-end|p1a: Serpentine|Substitute
|move|p1a: Serpentine|Earthquake|p2a: Porygon-Z
|-damage|p2a: Porygon-Z|0 fnt
|faint|p2a: Porygon-Z
|
|-heal|p1a: Serpentine|186\/404|[from] item: Leftovers
|
|switch|p2a: Machamp|Machamp, M|225\/321
|turn|31
|
|move|p2a: Machamp|Ice Punch|p1a: Serpentine
|-supereffective|p1a: Serpentine
|-damage|p1a: Serpentine|70\/404
|move|p1a: Serpentine|Earthquake|p2a: Machamp
|-damage|p2a: Machamp|0 fnt
|faint|p2a: Machamp
|
|-heal|p1a: Serpentine|95\/404|[from] item: Leftovers
|c|âBob the Senpai|oh
|c|âBob the Senpai|scarf
|
|switch|p2a: Hippowdon|Hippowdon, M|93\/419
|turn|32
|c|âBob the Senpai|lol
|c| ANGER MANAGEMENT|duh
|
|move|p1a: Serpentine|Earthquake|p2a: Hippowdon
|-damage|p2a: Hippowdon|0 fnt
|faint|p2a: Hippowdon
|
|win|Bob the Senpai
|raw|Ladder updating...
|raw|Bob the Senpai's rating: 1466 &rarr; <strong>1477<\/strong><br \/>(+11 for winning)
|raw|skarbang's rating: 1288 &rarr; <strong>1275<\/strong><br \/>(-13 for losing)
|leave|watfor
|leave|ANGER MANAGEMENT
|leave|skarbang
|player|p2
|leave|waivfu
|join|ANGER MANAGEMENT