|join|Bob the Senpai
|join|MasterPpv
|player|p1|Bob the Senpai|23
|player|p2|MasterPpv|265
|gametype|singles
|gen|6
|tier|UU
|rated
|rule|Sleep Clause Mod: Limit one foe put to sleep
|rule|Species Clause: Limit one of each PokÃ©mon
|rule|OHKO Clause: OHKO moves are banned
|rule|Moody Clause: Moody is banned
|rule|Evasion Moves Clause: Evasion moves are banned
|rule|Endless Battle Clause: Forcing endless battles is banned
|rule|HP Percentage Mod: HP is shown in percentages
|clearpoke
|poke|p1|Shedinja
|poke|p1|Blissey, F
|poke|p1|Tentacruel, F
|poke|p1|Zygarde
|poke|p1|Aggron, F
|poke|p1|Togetic, F
|poke|p2|Mienshao, M
|poke|p2|Beedrill, M
|poke|p2|Suicune
|poke|p2|Chandelure, F
|poke|p2|Diancie
|poke|p2|Goodra, M
|rule|Swagger Clause: Swagger is banned
|rule|Baton Pass Clause: Limit one PokÃ©mon knowing Baton Pass
|teampreview
|c|âMasterPpv|gl hf :)
|c|âBob the Senpai|ditto
|c|âMasterPpv|haha nice :D
|
|start
|switch|p1a: Archilles|Aggron, F|344\/344
|switch|p2a: Mienshao|Mienshao, M|271\/271
|turn|1
|
|detailschange|p1a: Archilles|Aggron-Mega, F
|message|Aggron has Mega Evolved into Mega Aggron!
|move|p2a: Mienshao|Fake Out|p1a: Archilles
|-resisted|p1a: Archilles
|-damage|p1a: Archilles|331\/344
|-damage|p2a: Mienshao|244\/271|[from] item: Life Orb
|cant|p1a: Archilles|flinch
|
|turn|2
|
|switch|p2a: Suicune|Suicune|404\/404
|-ability|p2a: Suicune|Pressure
|move|p1a: Archilles|Stealth Rock|p2a: Suicune
|-sidestart|p2: MasterPpv|move: Stealth Rock
|
|turn|3
|
|switch|p1a: Hades|Shedinja|1\/1
|move|p2a: Suicune|Calm Mind|p2a: Suicune
|-boost|p2a: Suicune|spa|1
|-boost|p2a: Suicune|spd|1
|
|turn|4
|
|switch|p2a: Diancie|Diancie|303\/303
|-damage|p2a: Diancie|266\/303|[from] Stealth Rock
|move|p1a: Hades|Will-O-Wisp|p2a: Diancie|[miss]
|-miss|p1a: Hades|p2a: Diancie
|
|-heal|p2a: Diancie|284\/303|[from] item: Leftovers
|turn|5
|c|âBob the Senpai|damn
|c|âMasterPpv|no worries
|
|switch|p1a: Archilles|Aggron-Mega, F|331\/344
|move|p2a: Diancie|Stealth Rock|p1a: Archilles
|-sidestart|p1: Bob the Senpai|move: Stealth Rock
|
|-heal|p2a: Diancie|302\/303|[from] item: Leftovers
|turn|6
|
|switch|p2a: Suicune|Suicune|404\/404
|-damage|p2a: Suicune|354\/404|[from] Stealth Rock
|-ability|p2a: Suicune|Pressure
|move|p1a: Archilles|Toxic|p2a: Suicune
|-status|p2a: Suicune|tox
|
|-heal|p2a: Suicune|379\/404 tox|[from] item: Leftovers
|-damage|p2a: Suicune|354\/404 tox|[from] psn
|turn|7
|
|switch|p1a: Kraken|Tentacruel, F|364\/364
|-damage|p1a: Kraken|319\/364|[from] Stealth Rock
|move|p2a: Suicune|Scald|p1a: Kraken
|-resisted|p1a: Kraken
|-damage|p1a: Kraken|283\/364
|
|-heal|p1a: Kraken|305\/364|[from] item: Black Sludge
|-heal|p2a: Suicune|379\/404 tox|[from] item: Leftovers
|-damage|p2a: Suicune|329\/404 tox|[from] psn
|turn|8
|join|meowiekins
|
|switch|p2a: Goodra|Goodra, M|384\/384
|-damage|p2a: Goodra|336\/384|[from] Stealth Rock
|move|p1a: Kraken|Scald|p2a: Goodra
|-resisted|p2a: Goodra
|-damage|p2a: Goodra|318\/384
|
|-heal|p1a: Kraken|327\/364|[from] item: Black Sludge
|turn|9
|
|move|p1a: Kraken|Rapid Spin|p2a: Goodra
|-damage|p2a: Goodra|303\/384
|-sideend|p1: Bob the Senpai|Stealth Rock|[from] move: Rapid Spin|[of] p1a: Kraken
|move|p2a: Goodra|Thunderbolt|p1a: Kraken
|-supereffective|p1a: Kraken
|-damage|p1a: Kraken|147\/364
|
|-heal|p1a: Kraken|169\/364|[from] item: Black Sludge
|turn|10
|
|switch|p1a: Venus|Blissey, F|714\/714
|switch|p2a: Diancie|Diancie|302\/303
|-damage|p2a: Diancie|265\/303|[from] Stealth Rock
|
|-heal|p2a: Diancie|283\/303|[from] item: Leftovers
|turn|11
|
|move|p1a: Venus|Wish|p1a: Venus
|move|p2a: Diancie|Stealth Rock|p1a: Venus
|-sidestart|p1: Bob the Senpai|move: Stealth Rock
|
|-heal|p2a: Diancie|301\/303|[from] item: Leftovers
|turn|12
|
|move|p1a: Venus|Seismic Toss|p2a: Diancie
|-damage|p2a: Diancie|201\/303
|move|p2a: Diancie|Diamond Storm|p1a: Venus
|-damage|p1a: Venus|500\/714
|
|-heal|p1a: Venus|714\/714|[from] move: Wish|[wisher] Venus
|-heal|p2a: Diancie|219\/303|[from] item: Leftovers
|turn|13
|
|switch|p2a: Chandelure|Chandelure, F|261\/261
|-damage|p2a: Chandelure|196\/261|[from] Stealth Rock
|move|p1a: Venus|Wish|p1a: Venus
|
|turn|14
|
|switch|p1a: Serpentine|Zygarde|404\/404
|-damage|p1a: Serpentine|379\/404|[from] Stealth Rock
|-ability|p1a: Serpentine|Aura Break
|move|p2a: Chandelure|Flamethrower|p1a: Serpentine
|-resisted|p1a: Serpentine
|-damage|p1a: Serpentine|276\/404
|
|-heal|p1a: Serpentine|404\/404|[from] move: Wish|[wisher] Venus
|turn|15
|
|switch|p2a: Diancie|Diancie|219\/303
|-damage|p2a: Diancie|182\/303|[from] Stealth Rock
|move|p1a: Serpentine|Substitute|p1a: Serpentine
|-start|p1a: Serpentine|Substitute
|-damage|p1a: Serpentine|303\/404
|
|-heal|p1a: Serpentine|328\/404|[from] item: Leftovers
|-heal|p2a: Diancie|200\/303|[from] item: Leftovers
|turn|16
|
|move|p1a: Serpentine|Earthquake|p2a: Diancie
|-supereffective|p2a: Diancie
|-damage|p2a: Diancie|62\/303
|move|p2a: Diancie|Moonblast|p1a: Serpentine
|-supereffective|p1a: Serpentine
|-end|p1a: Serpentine|Substitute
|
|-heal|p1a: Serpentine|353\/404|[from] item: Leftovers
|-heal|p2a: Diancie|80\/303|[from] item: Leftovers
|turn|17
|
|move|p1a: Serpentine|Earthquake|p2a: Diancie
|-supereffective|p2a: Diancie
|-damage|p2a: Diancie|0 fnt
|faint|p2a: Diancie
|
|-heal|p1a: Serpentine|378\/404|[from] item: Leftovers
|
|switch|p2a: Goodra|Goodra, M|303\/384
|-damage|p2a: Goodra|255\/384|[from] Stealth Rock
|turn|18
|
|switch|p1a: Venus|Blissey, F|714\/714
|-damage|p1a: Venus|625\/714|[from] Stealth Rock
|move|p2a: Goodra|Ice Beam|p1a: Venus
|-damage|p1a: Venus|544\/714
|
|-heal|p1a: Venus|588\/714|[from] item: Leftovers
|turn|19
|
|switch|p2a: Beedrill|Beedrill, M|271\/271
|-damage|p2a: Beedrill|204\/271|[from] Stealth Rock
|move|p1a: Venus|Wish|p1a: Venus
|
|-heal|p1a: Venus|632\/714|[from] item: Leftovers
|turn|20
|
|switch|p1a: Archilles|Aggron-Mega, F|331\/344
|-damage|p1a: Archilles|310\/344|[from] Stealth Rock
|detailschange|p2a: Beedrill|Beedrill-Mega, M
|message|Beedrill has Mega Evolved into Mega Beedrill!
|move|p2a: Beedrill|X-Scissor|p1a: Archilles
|-resisted|p1a: Archilles
|-damage|p1a: Archilles|258\/344
|
|-heal|p1a: Archilles|344\/344|[from] move: Wish|[wisher] Venus
|turn|21
|
|move|p2a: Beedrill|U-turn|p1a: Archilles
|-resisted|p1a: Archilles
|-damage|p1a: Archilles|296\/344
|
|switch|p2a: Suicune|Suicune|329\/404 tox
|-damage|p2a: Suicune|279\/404 tox|[from] Stealth Rock
|-ability|p2a: Suicune|Pressure
|move|p1a: Archilles|Heavy Slam|p2a: Suicune
|-resisted|p2a: Suicune
|-damage|p2a: Suicune|249\/404 tox
|
|-heal|p2a: Suicune|274\/404 tox|[from] item: Leftovers
|-damage|p2a: Suicune|249\/404 tox|[from] psn
|turn|22
|
|switch|p1a: Venus|Blissey, F|632\/714
|-damage|p1a: Venus|543\/714|[from] Stealth Rock
|move|p2a: Suicune|Scald|p1a: Venus
|-damage|p1a: Venus|480\/714
|
|-heal|p2a: Suicune|274\/404 tox|[from] item: Leftovers
|-heal|p1a: Venus|524\/714|[from] item: Leftovers
|-damage|p2a: Suicune|224\/404 tox|[from] psn
|turn|23
|
|move|p2a: Suicune|Calm Mind|p2a: Suicune
|-boost|p2a: Suicune|spa|1
|-boost|p2a: Suicune|spd|1
|move|p1a: Venus|Wish|p1a: Venus
|
|-heal|p2a: Suicune|249\/404 tox|[from] item: Leftovers
|-heal|p1a: Venus|568\/714|[from] item: Leftovers
|-damage|p2a: Suicune|174\/404 tox|[from] psn
|turn|24
|
|switch|p1a: Kraken|Tentacruel, F|169\/364
|-damage|p1a: Kraken|124\/364|[from] Stealth Rock
|move|p2a: Suicune|Rest|p2a: Suicune
|-status|p2a: Suicune|slp
|-heal|p2a: Suicune|404\/404 slp|[silent]
|-status|p2a: Suicune|slp|[from] move: Rest
|
|-heal|p1a: Kraken|364\/364|[from] move: Wish|[wisher] Venus
|turn|25
|
|switch|p2a: Chandelure|Chandelure, F|196\/261
|-damage|p2a: Chandelure|131\/261|[from] Stealth Rock
|move|p1a: Kraken|Rapid Spin|p2a: Chandelure
|-immune|p2a: Chandelure|[msg]
|
|turn|26
|
|move|p2a: Chandelure|Shadow Ball|p1a: Kraken
|-damage|p1a: Kraken|135\/364
|move|p1a: Kraken|Scald|p2a: Chandelure
|-supereffective|p2a: Chandelure
|-damage|p2a: Chandelure|0 fnt
|faint|p2a: Chandelure
|
|-heal|p1a: Kraken|157\/364|[from] item: Black Sludge
|
|switch|p2a: Beedrill|Beedrill-Mega, M|204\/271
|-damage|p2a: Beedrill|137\/271|[from] Stealth Rock
|turn|27
|
|switch|p1a: Archilles|Aggron-Mega, F|296\/344
|-damage|p1a: Archilles|275\/344|[from] Stealth Rock
|move|p2a: Beedrill|Drill Run|p1a: Archilles
|-supereffective|p1a: Archilles
|-damage|p1a: Archilles|196\/344
|
|turn|28
|
|move|p2a: Beedrill|U-turn|p1a: Archilles
|-resisted|p1a: Archilles
|-damage|p1a: Archilles|154\/344
|
|switch|p2a: Goodra|Goodra, M|255\/384
|-damage|p2a: Goodra|207\/384|[from] Stealth Rock
|move|p1a: Archilles|Roar|p2a: Goodra
|drag|p2a: Suicune|Suicune|404\/404 slp
|-damage|p2a: Suicune|354\/404 slp|[from] Stealth Rock
|-ability|p2a: Suicune|Pressure
|
|-heal|p2a: Suicune|379\/404 slp|[from] item: Leftovers
|turn|29
|
|switch|p1a: Kraken|Tentacruel, F|157\/364
|-damage|p1a: Kraken|112\/364|[from] Stealth Rock
|cant|p2a: Suicune|slp
|move|p2a: Suicune|Sleep Talk|p2a: Suicune
|move|p2a: Suicune|Calm Mind|p2a: Suicune|[from]Sleep Talk
|-boost|p2a: Suicune|spa|1
|-boost|p2a: Suicune|spd|1
|
|-heal|p1a: Kraken|134\/364|[from] item: Black Sludge
|-heal|p2a: Suicune|404\/404 slp|[from] item: Leftovers
|turn|30
|
|move|p1a: Kraken|Rapid Spin|p2a: Suicune
|-damage|p2a: Suicune|396\/404 slp
|-sideend|p1: Bob the Senpai|Stealth Rock|[from] move: Rapid Spin|[of] p1a: Kraken
|cant|p2a: Suicune|slp
|
|-heal|p1a: Kraken|156\/364|[from] item: Black Sludge
|-heal|p2a: Suicune|404\/404 slp|[from] item: Leftovers
|turn|31
|
|switch|p2a: Mienshao|Mienshao, M|271\/271
|-damage|p2a: Mienshao|255\/271|[from] Stealth Rock
|move|p1a: Kraken|Toxic Spikes|p2a: Mienshao
|-sidestart|p2: MasterPpv|move: Toxic Spikes
|
|-heal|p1a: Kraken|178\/364|[from] item: Black Sludge
|turn|32
|
|switch|p1a: Freyja|Togetic, F|314\/314
|move|p2a: Mienshao|Fake Out|p1a: Freyja
|-damage|p1a: Freyja|283\/314
|-damage|p2a: Mienshao|228\/271|[from] item: Life Orb
|
|turn|33
|
|move|p2a: Mienshao|Knock Off|p1a: Freyja
|-resisted|p1a: Freyja
|-damage|p1a: Freyja|245\/314
|-enditem|p1a: Freyja|Eviolite|[from] move: Knock Off|[of] p2a: Mienshao
|-damage|p2a: Mienshao|201\/271|[from] item: Life Orb
|move|p1a: Freyja|Dazzling Gleam|p2a: Mienshao
|-supereffective|p2a: Mienshao
|-damage|p2a: Mienshao|0 fnt
|faint|p2a: Mienshao
|
|
|switch|p2a: Goodra|Goodra, M|207\/384
|-damage|p2a: Goodra|159\/384|[from] Stealth Rock
|-status|p2a: Goodra|psn
|turn|34
|c|âMasterPpv|gg you've got this i think
|c|âMasterPpv|i'll keep going though
|c|âBob the Senpai|oh alright
|
|switch|p1a: Venus|Blissey, F|568\/714
|move|p2a: Goodra|Thunderbolt|p1a: Venus
|-damage|p1a: Venus|489\/714
|
|-heal|p1a: Venus|533\/714|[from] item: Leftovers
|-damage|p2a: Goodra|111\/384 psn|[from] psn
|turn|35
|
|switch|p2a: Suicune|Suicune|404\/404 slp
|-damage|p2a: Suicune|354\/404 slp|[from] Stealth Rock
|-ability|p2a: Suicune|Pressure
|move|p1a: Venus|Seismic Toss|p2a: Suicune
|-damage|p2a: Suicune|254\/404 slp
|
|-heal|p2a: Suicune|279\/404 slp|[from] item: Leftovers
|-heal|p1a: Venus|577\/714|[from] item: Leftovers
|turn|36
|
|switch|p1a: Hades|Shedinja|1\/1
|-curestatus|p2a: Suicune|slp
|move|p2a: Suicune|Calm Mind|p2a: Suicune
|-boost|p2a: Suicune|spa|1
|-boost|p2a: Suicune|spd|1
|
|-heal|p2a: Suicune|304\/404|[from] item: Leftovers
|turn|37
|c|âMasterPpv|yep
|c|âMasterPpv|i have nothing left to hit this
|c|âMasterPpv|gg
|c|âBob the Senpai|gg
|-message|MasterPpv forfeited.
|
|win|Bob the Senpai
|raw|Ladder updating...
|leave|MasterPpv
|player|p2
|raw|Bob the Senpai's rating: 1595 &rarr; <strong>1604<\/strong><br \/>(+9 for winning)
|raw|MasterPpv's rating: 1364 &rarr; <strong>1356<\/strong><br \/>(-8 for losing)