|join|Bob the Senpai
|join|HI THERE YOURE YOU
|player|p1|Bob the Senpai|23
|player|p2|HI THERE YOURE YOU|80
|gametype|singles
|gen|6
|tier|UU
|rated
|rule|Sleep Clause Mod: Limit one foe put to sleep
|rule|Species Clause: Limit one of each PokÃ©mon
|rule|OHKO Clause: OHKO moves are banned
|rule|Moody Clause: Moody is banned
|rule|Evasion Moves Clause: Evasion moves are banned
|rule|Endless Battle Clause: Forcing endless battles is banned
|rule|HP Percentage Mod: HP is shown in percentages
|clearpoke
|poke|p1|Shedinja
|poke|p1|Blissey, F
|poke|p1|Tentacruel, F
|poke|p1|Zygarde
|poke|p1|Aggron, M
|poke|p1|Togetic, F
|poke|p2|Sharpedo, F
|poke|p2|Machamp, M
|poke|p2|Galvantula, F
|poke|p2|Crobat, M
|poke|p2|Cresselia, F
|poke|p2|Porygon-Z
|rule|Swagger Clause: Swagger is banned
|rule|Baton Pass Clause: Limit one PokÃ©mon knowing Baton Pass
|teampreview
|
|start
|switch|p1a: Hades|Shedinja|1\/1
|switch|p2a: Galvantula|Galvantula, F|281\/281
|turn|1
|
|move|p2a: Galvantula|Thunder Wave|p1a: Hades
|-status|p1a: Hades|par
|move|p1a: Hades|Will-O-Wisp|p2a: Galvantula
|-status|p2a: Galvantula|brn
|
|-damage|p2a: Galvantula|246\/281 brn|[from] brn
|turn|2
|
|move|p2a: Galvantula|Sticky Web|p1a: Hades
|-sidestart|p1: Bob the Senpai|move: Sticky Web
|move|p1a: Hades|Will-O-Wisp|p2a: Galvantula
|-fail|p2a: Galvantula|brn
|
|-damage|p2a: Galvantula|211\/281 brn|[from] brn
|turn|3
|
|switch|p2a: Porygon-Z|Porygon-Z|312\/312
|cant|p1a: Hades|par
|
|turn|4
|
|switch|p1a: Freyja|Togetic, F|314\/314
|move|p2a: Porygon-Z|Dark Pulse|p1a: Freyja
|-resisted|p1a: Freyja
|-damage|p1a: Freyja|281\/314
|
|turn|5
|
|switch|p1a: Archilles|Aggron, M|344\/344
|-activate|p1a: Archilles|move: Sticky Web
|-unboost|p1a: Archilles|spe|1
|move|p2a: Porygon-Z|Agility|p2a: Porygon-Z
|-boost|p2a: Porygon-Z|spe|2
|
|turn|6
|
|detailschange|p1a: Archilles|Aggron-Mega, M
|message|Aggron has Mega Evolved into Mega Aggron!
|move|p2a: Porygon-Z|Nasty Plot|p2a: Porygon-Z
|-boost|p2a: Porygon-Z|spa|2
|move|p1a: Archilles|Heavy Slam|p2a: Porygon-Z
|-damage|p2a: Porygon-Z|78\/312
|
|turn|7
|
|move|p2a: Porygon-Z|Tri Attack|p1a: Archilles
|-resisted|p1a: Archilles
|-damage|p1a: Archilles|161\/344
|move|p1a: Archilles|Heavy Slam|p2a: Porygon-Z
|-damage|p2a: Porygon-Z|0 fnt
|faint|p2a: Porygon-Z
|
|
|switch|p2a: Machamp|Machamp, M|384\/384
|turn|8
|
|switch|p1a: Freyja|Togetic, F|281\/314
|move|p2a: Machamp|Knock Off|p1a: Freyja
|-resisted|p1a: Freyja
|-damage|p1a: Freyja|247\/314
|-enditem|p1a: Freyja|Eviolite|[from] move: Knock Off|[of] p2a: Machamp
|
|turn|9
|
|move|p2a: Machamp|Stone Edge|p1a: Freyja
|-supereffective|p1a: Freyja
|-damage|p1a: Freyja|51\/314
|move|p1a: Freyja|Dazzling Gleam|p2a: Machamp
|-supereffective|p2a: Machamp
|-damage|p2a: Machamp|274\/384
|
|turn|10
|
|move|p2a: Machamp|Dynamic Punch|p1a: Freyja
|-resisted|p1a: Freyja
|-damage|p1a: Freyja|11\/314
|-start|p1a: Freyja|confusion
|-activate|p1a: Freyja|confusion
|move|p1a: Freyja|Roost|p1a: Freyja
|-heal|p1a: Freyja|168\/314
|
|turn|11
|
|switch|p1a: Kraken|Tentacruel, F|364\/364
|-activate|p1a: Kraken|move: Sticky Web
|-unboost|p1a: Kraken|spe|1
|move|p2a: Machamp|Stone Edge|p1a: Kraken
|-damage|p1a: Kraken|235\/364
|
|-heal|p1a: Kraken|257\/364|[from] item: Black Sludge
|turn|12
|c|âHI THERE YOURE YOU|lol
|
|move|p1a: Kraken|Toxic|p2a: Machamp
|-status|p2a: Machamp|tox
|move|p2a: Machamp|Dynamic Punch|p1a: Kraken
|-resisted|p1a: Kraken
|-damage|p1a: Kraken|160\/364
|-start|p1a: Kraken|confusion
|
|-heal|p1a: Kraken|182\/364|[from] item: Black Sludge
|-damage|p2a: Machamp|250\/384 tox|[from] psn
|turn|13
|
|switch|p1a: Freyja|Togetic, F|168\/314
|move|p2a: Machamp|Knock Off|p1a: Freyja
|-resisted|p1a: Freyja
|-damage|p1a: Freyja|131\/314
|
|-damage|p2a: Machamp|202\/384 tox|[from] psn
|turn|14
|
|switch|p1a: Archilles|Aggron-Mega, M|161\/344
|-activate|p1a: Archilles|move: Sticky Web
|-unboost|p1a: Archilles|spe|1
|move|p2a: Machamp|Bullet Punch|p1a: Archilles
|-resisted|p1a: Archilles
|-damage|p1a: Archilles|149\/344
|
|-damage|p2a: Machamp|130\/384 tox|[from] psn
|turn|15
|
|switch|p1a: Freyja|Togetic, F|131\/314
|move|p2a: Machamp|Dynamic Punch|p1a: Freyja
|-resisted|p1a: Freyja
|-damage|p1a: Freyja|91\/314
|-start|p1a: Freyja|confusion
|
|-damage|p2a: Machamp|34\/384 tox|[from] psn
|turn|16
|
|move|p2a: Machamp|Knock Off|p1a: Freyja
|-resisted|p1a: Freyja
|-damage|p1a: Freyja|58\/314
|-activate|p1a: Freyja|confusion
|-damage|p1a: Freyja|47\/314|[from] confusion
|
|-damage|p2a: Machamp|0 fnt|[from] psn
|faint|p2a: Machamp
|
|switch|p2a: Crobat|Crobat, M|311\/311
|turn|17
|c|âHI THERE YOURE YOU|lol
|
|move|p2a: Crobat|U-turn|p1a: Freyja
|-resisted|p1a: Freyja
|-damage|p1a: Freyja|29\/314
|
|switch|p2a: Cresselia|Cresselia, F|444\/444
|-end|p1a: Freyja|confusion
|move|p1a: Freyja|Roost|p1a: Freyja
|-heal|p1a: Freyja|186\/314
|
|turn|18
|
|move|p2a: Cresselia|Thunder Wave|p1a: Freyja
|-status|p1a: Freyja|par
|move|p1a: Freyja|Roost|p1a: Freyja
|-heal|p1a: Freyja|314\/314 par
|
|turn|19
|
|move|p2a: Cresselia|Calm Mind|p2a: Cresselia
|-boost|p2a: Cresselia|spa|1
|-boost|p2a: Cresselia|spd|1
|move|p1a: Freyja|Heal Bell|p1a: Freyja
|-cureteam|p1a: Freyja|[from] move: HealBell
|
|turn|20
|
|switch|p1a: Venus|Blissey, F|714\/714
|-activate|p1a: Venus|move: Sticky Web
|-unboost|p1a: Venus|spe|1
|move|p2a: Cresselia|Calm Mind|p2a: Cresselia
|-boost|p2a: Cresselia|spa|1
|-boost|p2a: Cresselia|spd|1
|
|turn|21
|
|move|p2a: Cresselia|Calm Mind|p2a: Cresselia
|-boost|p2a: Cresselia|spa|1
|-boost|p2a: Cresselia|spd|1
|move|p1a: Venus|Wish|p1a: Venus
|
|turn|22
|
|switch|p1a: Archilles|Aggron-Mega, M|149\/344
|-activate|p1a: Archilles|move: Sticky Web
|-unboost|p1a: Archilles|spe|1
|move|p2a: Cresselia|Calm Mind|p2a: Cresselia
|-boost|p2a: Cresselia|spa|1
|-boost|p2a: Cresselia|spd|1
|
|-heal|p1a: Archilles|344\/344|[from] move: Wish|[wisher] Venus
|turn|23
|
|move|p2a: Cresselia|Calm Mind|p2a: Cresselia
|-boost|p2a: Cresselia|spa|1
|-boost|p2a: Cresselia|spd|1
|move|p1a: Archilles|Toxic|p2a: Cresselia
|-status|p2a: Cresselia|tox
|
|-damage|p2a: Cresselia|417\/444 tox|[from] psn
|turn|24
|
|move|p2a: Cresselia|Reflect|p2a: Cresselia
|-sidestart|p2: HI THERE YOURE YOU|Reflect
|move|p1a: Archilles|Roar|p2a: Cresselia
|drag|p2a: Galvantula|Galvantula, F|211\/281 brn
|
|-damage|p2a: Galvantula|176\/281 brn|[from] brn
|turn|25
|c|âHI THERE YOURE YOU|lol
|
|switch|p1a: Venus|Blissey, F|714\/714
|-activate|p1a: Venus|move: Sticky Web
|-unboost|p1a: Venus|spe|1
|move|p2a: Galvantula|Thunder Wave|p1a: Venus
|-status|p1a: Venus|par
|
|-damage|p2a: Galvantula|141\/281 brn|[from] brn
|turn|26
|
|switch|p2a: Crobat|Crobat, M|311\/311
|cant|p1a: Venus|par
|
|turn|27
|
|switch|p1a: Archilles|Aggron-Mega, M|344\/344
|-activate|p1a: Archilles|move: Sticky Web
|-unboost|p1a: Archilles|spe|1
|move|p2a: Crobat|Brave Bird|p1a: Archilles
|-resisted|p1a: Archilles
|-damage|p1a: Archilles|290\/344
|-damage|p2a: Crobat|293\/311|[from] recoil|[of] p1a: Archilles
|
|turn|28
|
|switch|p2a: Sharpedo|Sharpedo, F|281\/281
|move|p1a: Archilles|Stealth Rock|p2a: Sharpedo
|-sidestart|p2: HI THERE YOURE YOU|move: Stealth Rock
|
|-sideend|p2: HI THERE YOURE YOU|Reflect
|turn|29
|c|âHI THERE YOURE YOU|gg
|
|detailschange|p2a: Sharpedo|Sharpedo-Mega, F
|message|Sharpedo has Mega Evolved into Mega Sharpedo!
|move|p2a: Sharpedo|Crunch|p1a: Archilles
|-damage|p1a: Archilles|161\/344
|move|p1a: Archilles|Toxic|p2a: Sharpedo|[miss]
|-miss|p1a: Archilles|p2a: Sharpedo
|
|turn|30
|
|move|p2a: Sharpedo|Crunch|p1a: Archilles
|-damage|p1a: Archilles|43\/344
|move|p1a: Archilles|Toxic|p2a: Sharpedo
|-status|p2a: Sharpedo|tox
|
|-damage|p2a: Sharpedo|264\/281 tox|[from] psn
|turn|31
|
|switch|p1a: Freyja|Togetic, F|314\/314
|move|p2a: Sharpedo|Crunch|p1a: Freyja
|-resisted|p1a: Freyja
|-damage|p1a: Freyja|210\/314
|
|-damage|p2a: Sharpedo|230\/281 tox|[from] psn
|turn|32
|
|move|p2a: Sharpedo|Crunch|p1a: Freyja
|-resisted|p1a: Freyja
|-damage|p1a: Freyja|109\/314
|move|p1a: Freyja|Roost|p1a: Freyja
|-heal|p1a: Freyja|266\/314
|
|-damage|p2a: Sharpedo|179\/281 tox|[from] psn
|turn|33
|
|move|p2a: Sharpedo|Ice Fang|p1a: Freyja
|-crit|p1a: Freyja
|-supereffective|p1a: Freyja
|-damage|p1a: Freyja|0 fnt
|faint|p1a: Freyja
|
|-damage|p2a: Sharpedo|111\/281 tox|[from] psn
|
|switch|p1a: Venus|Blissey, F|714\/714
|-activate|p1a: Venus|move: Sticky Web
|-unboost|p1a: Venus|spe|1
|turn|34
|
|move|p1a: Venus|Protect|p1a: Venus
|-singleturn|p1a: Venus|Protect
|move|p2a: Sharpedo|Crunch|p1a: Venus
|-activate|p1a: Venus|Protect
|
|-damage|p2a: Sharpedo|26\/281 tox|[from] psn
|turn|35
|
|switch|p1a: Archilles|Aggron-Mega, M|43\/344
|-activate|p1a: Archilles|move: Sticky Web
|-unboost|p1a: Archilles|spe|1
|move|p2a: Sharpedo|Crunch|p1a: Archilles
|-damage|p1a: Archilles|0 fnt
|faint|p1a: Archilles
|
|-damage|p2a: Sharpedo|0 fnt|[from] psn
|faint|p2a: Sharpedo
|
|switch|p2a: Crobat|Crobat, M|293\/311
|switch|p1a: Venus|Blissey, F|714\/714
|-damage|p2a: Crobat|216\/311|[from] Stealth Rock
|-activate|p1a: Venus|move: Sticky Web
|-unboost|p1a: Venus|spe|1
|turn|36
|
|move|p2a: Crobat|Brave Bird|p1a: Venus
|-damage|p1a: Venus|275\/714
|-damage|p2a: Crobat|71\/311|[from] recoil|[of] p1a: Venus
|move|p1a: Venus|Counter|p2a: Crobat
|-damage|p2a: Crobat|0 fnt
|faint|p2a: Crobat
|
|-heal|p1a: Venus|319\/714|[from] item: Leftovers
|
|switch|p2a: Galvantula|Galvantula, F|141\/281 brn
|-damage|p2a: Galvantula|71\/281 brn|[from] Stealth Rock
|turn|37
|
|move|p2a: Galvantula|Thunder|p1a: Venus
|-damage|p1a: Venus|202\/714
|move|p1a: Venus|Wish|p1a: Venus
|
|-heal|p1a: Venus|246\/714|[from] item: Leftovers
|-damage|p2a: Galvantula|36\/281 brn|[from] brn
|turn|38
|c|âHI THERE YOURE YOU|gg
|-message|HI THERE YOURE YOU forfeited.
|
|win|Bob the Senpai
|raw|Ladder updating...
|leave|HI THERE YOURE YOU
|player|p2
|raw|Bob the Senpai's rating: 1548 &rarr; <strong>1558<\/strong><br \/>(+10 for winning)
|raw|HI THERE YOURE YOU's rating: 1366 &rarr; <strong>1356<\/strong><br \/>(-10 for losing)
|leave|Bob the Senpai
|player|p1
|join|Bob the Senpai