|join|Bob the Senpai
|join|DYEL BREH
|player|p1|Bob the Senpai|23
|player|p2|DYEL BREH|125
|gametype|singles
|gen|6
|tier|UU
|rated
|rule|Sleep Clause Mod: Limit one foe put to sleep
|rule|Species Clause: Limit one of each PokÃ©mon
|rule|OHKO Clause: OHKO moves are banned
|rule|Moody Clause: Moody is banned
|rule|Evasion Moves Clause: Evasion moves are banned
|rule|Endless Battle Clause: Forcing endless battles is banned
|rule|HP Percentage Mod: HP is shown in percentages
|clearpoke
|poke|p1|Shedinja
|poke|p1|Blissey, F
|poke|p1|Tentacruel, F
|poke|p1|Zygarde
|poke|p1|Aggron, M
|poke|p1|Togetic, M
|poke|p2|Zygarde
|poke|p2|Forretress, F
|poke|p2|Cresselia, F
|poke|p2|Florges, F
|poke|p2|Nidoking, M
|poke|p2|Lopunny, M
|rule|Swagger Clause: Swagger is banned
|rule|Baton Pass Clause: Limit one PokÃ©mon knowing Baton Pass
|teampreview
|
|start
|switch|p1a: Kraken|Tentacruel, F|364\/364
|switch|p2a: Nidoking|Nidoking, M|304\/304
|turn|1
|
|switch|p2a: Cresselia|Cresselia, F|444\/444
|switch|p1a: Venus|Blissey, F|714\/714
|
|turn|2
|
|switch|p2a: Forretress|Forretress, F|354\/354
|switch|p1a: Archilles|Aggron, M|344\/344
|
|turn|3
|
|switch|p1a: Kraken|Tentacruel, F|364\/364
|move|p2a: Forretress|Stealth Rock|p1a: Kraken
|-sidestart|p1: Bob the Senpai|move: Stealth Rock
|
|turn|4
|join|evzisepic
|join|fgghgh
|
|switch|p2a: Lopunny|Lopunny, M|272\/272
|move|p1a: Kraken|Rapid Spin|p2a: Lopunny
|-damage|p2a: Lopunny|258\/272
|-start|p1a: Kraken|Attract|[from] ability: Cute Charm|[of] p2a: Lopunny
|-sideend|p1: Bob the Senpai|Stealth Rock|[from] move: Rapid Spin|[of] p1a: Kraken
|
|turn|5
|leave|fgghgh
|
|switch|p2a: Nidoking|Nidoking, M|304\/304
|switch|p1a: Freyja|Togetic, M|314\/314
|
|turn|6
|
|switch|p1a: Venus|Blissey, F|714\/714
|move|p2a: Nidoking|Ice Beam|p1a: Venus
|-damage|p1a: Venus|614\/714
|
|-heal|p1a: Venus|658\/714|[from] item: Leftovers
|turn|7
|
|switch|p2a: Cresselia|Cresselia, F|444\/444
|move|p1a: Venus|Seismic Toss|p2a: Cresselia
|-damage|p2a: Cresselia|344\/444
|
|-heal|p2a: Cresselia|371\/444|[from] item: Leftovers
|-heal|p1a: Venus|702\/714|[from] item: Leftovers
|turn|8
|
|switch|p1a: Archilles|Aggron, M|344\/344
|move|p2a: Cresselia|Toxic|p1a: Archilles
|-fail|p1a: Archilles
|
|-heal|p2a: Cresselia|398\/444|[from] item: Leftovers
|turn|9
|
|switch|p2a: Zygarde|Zygarde|358\/358
|-ability|p2a: Zygarde|Aura Break
|detailschange|p1a: Archilles|Aggron-Mega, M
|message|Aggron has Mega Evolved into Mega Aggron!
|move|p1a: Archilles|Stealth Rock|p2a: Zygarde
|-sidestart|p2: DYEL BREH|move: Stealth Rock
|
|turn|10
|
|move|p2a: Zygarde|Earthquake|p1a: Archilles
|-supereffective|p1a: Archilles
|-damage|p1a: Archilles|232\/344
|move|p1a: Archilles|Toxic|p2a: Zygarde
|-status|p2a: Zygarde|tox
|-enditem|p2a: Zygarde|Lum Berry|[eat]
|-curestatus|p2a: Zygarde|tox
|
|turn|11
|
|switch|p1a: Freyja|Togetic, M|314\/314
|move|p2a: Zygarde|Dragon Dance|p2a: Zygarde
|-boost|p2a: Zygarde|atk|1
|-boost|p2a: Zygarde|spe|1
|
|turn|12
|
|move|p2a: Zygarde|Dragon Dance|p2a: Zygarde
|-boost|p2a: Zygarde|atk|1
|-boost|p2a: Zygarde|spe|1
|move|p1a: Freyja|Dazzling Gleam|p2a: Zygarde
|-supereffective|p2a: Zygarde
|-damage|p2a: Zygarde|202\/358
|
|turn|13
|
|move|p2a: Zygarde|Extreme Speed|p1a: Freyja
|-damage|p1a: Freyja|217\/314
|move|p1a: Freyja|Dazzling Gleam|p2a: Zygarde
|-supereffective|p2a: Zygarde
|-damage|p2a: Zygarde|22\/358
|
|turn|14
|
|move|p2a: Zygarde|Extreme Speed|p1a: Freyja
|-crit|p1a: Freyja
|-damage|p1a: Freyja|85\/314
|move|p1a: Freyja|Roost|p1a: Freyja
|-heal|p1a: Freyja|242\/314
|
|turn|15
|
|move|p2a: Zygarde|Extreme Speed|p1a: Freyja
|-damage|p1a: Freyja|145\/314
|move|p1a: Freyja|Roost|p1a: Freyja
|-heal|p1a: Freyja|302\/314
|
|turn|16
|
|move|p2a: Zygarde|Extreme Speed|p1a: Freyja
|-damage|p1a: Freyja|206\/314
|move|p1a: Freyja|Dazzling Gleam|p2a: Zygarde
|-supereffective|p2a: Zygarde
|-damage|p2a: Zygarde|0 fnt
|faint|p2a: Zygarde
|
|
|switch|p2a: Nidoking|Nidoking, M|304\/304
|-damage|p2a: Nidoking|285\/304|[from] Stealth Rock
|turn|17
|
|switch|p2a: Lopunny|Lopunny, M|258\/272
|-damage|p2a: Lopunny|224\/272|[from] Stealth Rock
|switch|p1a: Venus|Blissey, F|702\/714
|
|-heal|p1a: Venus|714\/714|[from] item: Leftovers
|turn|18
|
|switch|p1a: Hades|Shedinja|1\/1
|move|p2a: Lopunny|Return|p1a: Hades
|-immune|p1a: Hades|[msg]
|
|turn|19
|
|switch|p2a: Forretress|Forretress, F|354\/354
|-damage|p2a: Forretress|310\/354|[from] Stealth Rock
|switch|p1a: Kraken|Tentacruel, F|364\/364
|
|-heal|p2a: Forretress|332\/354|[from] item: Leftovers
|turn|20
|
|move|p1a: Kraken|Scald|p2a: Forretress
|-damage|p2a: Forretress|211\/354
|move|p2a: Forretress|Rapid Spin|p1a: Kraken
|-damage|p1a: Kraken|349\/364
|-sideend|p2: DYEL BREH|Stealth Rock|[from] move: Rapid Spin|[of] p2a: Forretress
|
|-heal|p1a: Kraken|364\/364|[from] item: Black Sludge
|-heal|p2a: Forretress|233\/354|[from] item: Leftovers
|turn|21
|
|move|p1a: Kraken|Scald|p2a: Forretress
|-damage|p2a: Forretress|107\/354
|move|p2a: Forretress|Stealth Rock|p1a: Kraken
|-sidestart|p1: Bob the Senpai|move: Stealth Rock
|
|-heal|p2a: Forretress|129\/354|[from] item: Leftovers
|turn|22
|
|switch|p2a: Lopunny|Lopunny, M|224\/272
|move|p1a: Kraken|Scald|p2a: Lopunny
|-crit|p2a: Lopunny
|-damage|p2a: Lopunny|95\/272
|
|turn|23
|
|detailschange|p2a: Lopunny|Lopunny-Mega, M
|message|Lopunny has Mega Evolved into Mega Lopunny!
|move|p2a: Lopunny|Fake Out|p1a: Kraken
|-damage|p1a: Kraken|297\/364
|cant|p1a: Kraken|flinch
|
|-heal|p1a: Kraken|319\/364|[from] item: Black Sludge
|turn|24
|
|move|p2a: Lopunny|Return|p1a: Kraken
|-damage|p1a: Kraken|138\/364
|move|p1a: Kraken|Rapid Spin|p2a: Lopunny
|-damage|p2a: Lopunny|84\/272
|-sideend|p1: Bob the Senpai|Stealth Rock|[from] move: Rapid Spin|[of] p1a: Kraken
|
|-heal|p1a: Kraken|160\/364|[from] item: Black Sludge
|turn|25
|
|switch|p2a: Nidoking|Nidoking, M|285\/304
|switch|p1a: Hades|Shedinja|1\/1
|
|turn|26
|
|switch|p1a: Venus|Blissey, F|714\/714
|move|p2a: Nidoking|Flamethrower|p1a: Venus
|-damage|p1a: Venus|604\/714
|
|-heal|p1a: Venus|648\/714|[from] item: Leftovers
|turn|27
|
|switch|p2a: Lopunny|Lopunny-Mega, M|84\/272
|move|p1a: Venus|Wish|p1a: Venus
|
|-heal|p1a: Venus|692\/714|[from] item: Leftovers
|turn|28
|
|switch|p1a: Freyja|Togetic, M|206\/314
|move|p2a: Lopunny|Return|p1a: Freyja
|-damage|p1a: Freyja|106\/314
|
|-heal|p1a: Freyja|314\/314|[from] move: Wish|[wisher] Venus
|turn|29
|
|move|p2a: Lopunny|Ice Punch|p1a: Freyja
|-supereffective|p1a: Freyja
|-damage|p1a: Freyja|206\/314
|move|p1a: Freyja|Dazzling Gleam|p2a: Lopunny
|-supereffective|p2a: Lopunny
|-damage|p2a: Lopunny|0 fnt
|faint|p2a: Lopunny
|
|
|switch|p2a: Cresselia|Cresselia, F|398\/444
|turn|30
|
|switch|p1a: Archilles|Aggron-Mega, M|232\/344
|move|p2a: Cresselia|Toxic|p1a: Archilles|[miss]
|-miss|p2a: Cresselia|p1a: Archilles
|
|-heal|p2a: Cresselia|425\/444|[from] item: Leftovers
|turn|31
|
|move|p2a: Cresselia|Psychic|p1a: Archilles
|-resisted|p1a: Archilles
|-damage|p1a: Archilles|198\/344
|move|p1a: Archilles|Stealth Rock|p2a: Cresselia
|-sidestart|p2: DYEL BREH|move: Stealth Rock
|
|-heal|p2a: Cresselia|444\/444|[from] item: Leftovers
|turn|32
|
|move|p2a: Cresselia|Psychic|p1a: Archilles
|-resisted|p1a: Archilles
|-damage|p1a: Archilles|160\/344
|move|p1a: Archilles|Toxic|p2a: Cresselia
|-status|p2a: Cresselia|tox
|
|-damage|p2a: Cresselia|417\/444 tox|[from] psn
|turn|33
|
|switch|p1a: Venus|Blissey, F|692\/714
|move|p2a: Cresselia|Psychic|p1a: Venus
|-damage|p1a: Venus|629\/714
|
|-heal|p2a: Cresselia|444\/444 tox|[from] item: Leftovers
|-heal|p1a: Venus|673\/714|[from] item: Leftovers
|-damage|p2a: Cresselia|390\/444 tox|[from] psn
|turn|34
|
|switch|p2a: Forretress|Forretress, F|129\/354
|-damage|p2a: Forretress|85\/354|[from] Stealth Rock
|move|p1a: Venus|Wish|p1a: Venus
|
|-heal|p1a: Venus|714\/714|[from] item: Leftovers
|-heal|p2a: Forretress|107\/354|[from] item: Leftovers
|turn|35
|
|move|p1a: Venus|Seismic Toss|p2a: Forretress
|-damage|p2a: Forretress|7\/354
|move|p2a: Forretress|Stealth Rock|p1a: Venus
|-sidestart|p1: Bob the Senpai|move: Stealth Rock
|
|-heal|p2a: Forretress|29\/354|[from] item: Leftovers
|turn|36
|c|âDYEL BREH|goodbye cancer friend
|-message|DYEL BREH forfeited.
|
|win|Bob the Senpai
|raw|Ladder updating...
|leave|DYEL BREH
|player|p2
|raw|Bob the Senpai's rating: 1540 &rarr; <strong>1548<\/strong><br \/>(+8 for winning)
|raw|DYEL BREH's rating: 1294 &rarr; <strong>1284<\/strong><br \/>(-10 for losing)