|join|Bob the Senpai
|join|plini
|player|p1|Bob the Senpai|23
|player|p2|plini|114
|gametype|singles
|gen|6
|tier|UU
|rated
|rule|Sleep Clause Mod: Limit one foe put to sleep
|rule|Species Clause: Limit one of each PokÃ©mon
|rule|OHKO Clause: OHKO moves are banned
|rule|Moody Clause: Moody is banned
|rule|Evasion Moves Clause: Evasion moves are banned
|rule|Endless Battle Clause: Forcing endless battles is banned
|rule|HP Percentage Mod: HP is shown in percentages
|clearpoke
|poke|p1|Shedinja
|poke|p1|Blissey, F
|poke|p1|Tentacruel, F
|poke|p1|Zygarde
|poke|p1|Aggron, M
|poke|p1|Togetic, M
|poke|p2|Pidgeot, F
|poke|p2|Vaporeon, F
|poke|p2|Nidoking, M
|poke|p2|Jirachi
|poke|p2|Gligar, F
|poke|p2|Lucario, F
|rule|Swagger Clause: Swagger is banned
|rule|Baton Pass Clause: Limit one PokÃ©mon knowing Baton Pass
|teampreview
|c|âplini|o
|c|âplini|hai bob
|join|meowiekins
|c|âBob the Senpai|hi
|c|âplini|its pooon
|c|âBob the Senpai|oh
|c| meowiekins|hi poonfgt
|c|âBob the Senpai|go ez
|c|âplini|meowie thats mean
|c|âplini|:^(
|c| meowiekins|n_n
|
|start
|switch|p1a: Archilles|Aggron, M|344\/344
|switch|p2a: Gligar|Gligar, F|334\/334
|turn|1
|
|detailschange|p1a: Archilles|Aggron-Mega, M
|message|Aggron has Mega Evolved into Mega Aggron!
|move|p2a: Gligar|Stealth Rock|p1a: Archilles
|-sidestart|p1: Bob the Senpai|move: Stealth Rock
|move|p1a: Archilles|Toxic|p2a: Gligar
|-status|p2a: Gligar|tox
|
|-damage|p2a: Gligar|314\/334 tox|[from] psn
|turn|2
|
|move|p2a: Gligar|U-turn|p1a: Archilles
|-resisted|p1a: Archilles
|-damage|p1a: Archilles|332\/344
|c| meowiekins|what if it was immunity
|c| meowiekins|youfkn nerd
|
|switch|p2a: Nidoking|Nidoking, M|304\/304
|move|p1a: Archilles|Stealth Rock|p2a: Nidoking
|-sidestart|p2: plini|move: Stealth Rock
|
|turn|3
|c|âBob the Senpai|if it was immunity then it must be fkn defog burd
|c|âBob the Senpai|or something
|c| meowiekins|and?
|
|switch|p1a: Venus|Blissey, F|714\/714
|-damage|p1a: Venus|625\/714|[from] Stealth Rock
|move|p2a: Nidoking|Earth Power|p1a: Venus
|-damage|p1a: Venus|477\/714
|
|-heal|p1a: Venus|521\/714|[from] item: Leftovers
|turn|4
|c|âBob the Senpai|and that doesnt exist
|
|switch|p2a: Gligar|Gligar, F|314\/334 tox
|-damage|p2a: Gligar|273\/334 tox|[from] Stealth Rock
|move|p1a: Venus|Wish|p1a: Venus
|
|-heal|p1a: Venus|565\/714|[from] item: Leftovers
|-damage|p2a: Gligar|253\/334 tox|[from] psn
|turn|5
|
|move|p2a: Gligar|Defog|p1a: Venus
|-unboost|p1a: Venus|evasion|1
|-sideend|p1: Bob the Senpai|Stealth Rock|[from] move: Defog|[of] p1a: Venus
|-sideend|p2: plini|Stealth Rock|[from] move: Defog|[of] p2a: Gligar
|move|p1a: Venus|Seismic Toss|p2a: Gligar
|-damage|p2a: Gligar|153\/334 tox
|
|-heal|p1a: Venus|714\/714|[from] move: Wish|[wisher] Venus
|-damage|p2a: Gligar|113\/334 tox|[from] psn
|turn|6
|
|switch|p1a: Serpentine|Zygarde|404\/404
|-ability|p1a: Serpentine|Aura Break
|move|p2a: Gligar|U-turn|p1a: Serpentine
|-damage|p1a: Serpentine|364\/404
|
|switch|p2a: Pidgeot|Pidgeot, F|307\/307
|
|-heal|p1a: Serpentine|389\/404|[from] item: Leftovers
|turn|7
|
|switch|p1a: Venus|Blissey, F|714\/714
|detailschange|p2a: Pidgeot|Pidgeot-Mega, F
|message|Pidgeot has Mega Evolved into Mega Pidgeot!
|move|p2a: Pidgeot|Hurricane|p1a: Venus
|-damage|p1a: Venus|561\/714
|
|-heal|p1a: Venus|605\/714|[from] item: Leftovers
|turn|8
|c|âBob the Senpai|pls dont be work up
|
|move|p2a: Pidgeot|U-turn|p1a: Venus
|-damage|p1a: Venus|531\/714
|c| meowiekins|work up roost burd
|c| meowiekins|gg bob
|
|switch|p2a: Jirachi|Jirachi|341\/341
|move|p1a: Venus|Seismic Toss|p2a: Jirachi
|-damage|p2a: Jirachi|241\/341
|
|-heal|p1a: Venus|575\/714|[from] item: Leftovers
|turn|9
|
|switch|p2a: Pidgeot|Pidgeot-Mega, F|307\/307
|move|p1a: Venus|Protect|p1a: Venus
|-fail|p1a: Venus
|
|-heal|p1a: Venus|619\/714|[from] item: Leftovers
|turn|10
|c|âplini|o
|c|âplini|i never know what do against u bob
|
|move|p2a: Pidgeot|U-turn|p1a: Venus
|-damage|p1a: Venus|546\/714
|
|switch|p2a: Lucario|Lucario, F|281\/281
|move|p1a: Venus|Seismic Toss|p2a: Lucario
|-damage|p2a: Lucario|181\/281
|
|-heal|p1a: Venus|590\/714|[from] item: Leftovers
|turn|11
|c|âBob the Senpai|just run sub focus punch croak
|c| meowiekins|with knock off?
|c|âBob the Senpai|ofc
|c| meowiekins|master race knock off croak
|c| meowiekins|6-0s me
|
|switch|p2a: Pidgeot|Pidgeot-Mega, F|307\/307
|switch|p1a: Freyja|Togetic, M|314\/314
|
|turn|12
|c| meowiekins|p sure
|
|switch|p1a: Venus|Blissey, F|590\/714
|move|p2a: Pidgeot|U-turn|p1a: Venus
|-damage|p1a: Venus|522\/714
|
|switch|p2a: Vaporeon|Vaporeon, F|464\/464
|
|-heal|p1a: Venus|566\/714|[from] item: Leftovers
|turn|13
|
|switch|p1a: Kraken|Tentacruel, F|364\/364
|move|p2a: Vaporeon|Heal Bell|p2a: Vaporeon
|-cureteam|p2a: Vaporeon|[from] move: HealBell
|
|turn|14
|
|switch|p2a: Gligar|Gligar, F|113\/334
|move|p1a: Kraken|Toxic Spikes|p2a: Gligar
|-sidestart|p2: plini|move: Toxic Spikes
|
|turn|15
|
|move|p1a: Kraken|Scald|p2a: Gligar
|-supereffective|p2a: Gligar
|-damage|p2a: Gligar|15\/334
|move|p2a: Gligar|Stealth Rock|p1a: Kraken
|-sidestart|p1: Bob the Senpai|move: Stealth Rock
|
|turn|16
|
|move|p1a: Kraken|Scald|p2a: Gligar
|-supereffective|p2a: Gligar
|-damage|p2a: Gligar|0 fnt
|faint|p2a: Gligar
|
|c|âBob the Senpai|ah nb
|
|switch|p2a: Nidoking|Nidoking, M|304\/304
|-sideend|p2: plini|move: Toxic Spikes|[of] p2a: Nidoking
|turn|17
|
|switch|p1a: Venus|Blissey, F|566\/714
|-damage|p1a: Venus|477\/714|[from] Stealth Rock
|move|p2a: Nidoking|Earth Power|p1a: Venus
|-damage|p1a: Venus|324\/714
|
|-heal|p1a: Venus|368\/714|[from] item: Leftovers
|turn|18
|c| meowiekins|also physical nido
|c| meowiekins|kinda crushes you
|c|âplini|i need super power on this thing
|c|âBob the Senpai|fkn sheddy where
|
|move|p2a: Nidoking|Sludge Wave|p1a: Venus
|-damage|p1a: Venus|215\/714
|move|p1a: Venus|Seismic Toss|p2a: Nidoking
|-damage|p2a: Nidoking|204\/304
|
|-heal|p1a: Venus|259\/714|[from] item: Leftovers
|turn|19
|
|switch|p2a: Lucario|Lucario, F|181\/281
|move|p1a: Venus|Wish|p1a: Venus
|
|-heal|p1a: Venus|303\/714|[from] item: Leftovers
|turn|20
|
|switch|p1a: Freyja|Togetic, M|314\/314
|-damage|p1a: Freyja|236\/314|[from] Stealth Rock
|move|p2a: Lucario|Extreme Speed|p1a: Freyja
|-damage|p1a: Freyja|176\/314
|-damage|p2a: Lucario|153\/281|[from] item: Life Orb
|
|-heal|p1a: Freyja|314\/314|[from] move: Wish|[wisher] Venus
|turn|21
|
|move|p2a: Lucario|Swords Dance|p2a: Lucario
|-boost|p2a: Lucario|atk|2
|move|p1a: Freyja|Defog|p2a: Lucario
|-unboost|p2a: Lucario|evasion|1
|-sideend|p1: Bob the Senpai|Stealth Rock|[from] move: Defog|[of] p1a: Freyja
|
|turn|22
|
|move|p2a: Lucario|Bullet Punch|p1a: Freyja
|-supereffective|p1a: Freyja
|-damage|p1a: Freyja|127\/314
|-damage|p2a: Lucario|125\/281|[from] item: Life Orb
|move|p1a: Freyja|Dazzling Gleam|p2a: Lucario
|-damage|p2a: Lucario|22\/281
|
|turn|23
|c| meowiekins|ez crunch luc
|
|switch|p1a: Hades|Shedinja|1\/1
|move|p2a: Lucario|Close Combat|p1a: Hades
|-immune|p1a: Hades|[msg]
|
|turn|24
|c|âBob the Senpai|reveal no cc
|c|âBob the Senpai|crunch instead
|c| meowiekins|reveal hacker
|
|switch|p2a: Pidgeot|Pidgeot-Mega, F|307\/307
|move|p1a: Hades|Will-O-Wisp|p2a: Pidgeot
|-status|p2a: Pidgeot|brn
|
|-damage|p2a: Pidgeot|269\/307 brn|[from] brn
|turn|25
|c| meowiekins|and have like 20 moves
|
|switch|p1a: Archilles|Aggron-Mega, M|332\/344
|move|p2a: Pidgeot|Hurricane|p1a: Archilles
|-resisted|p1a: Archilles
|-damage|p1a: Archilles|244\/344
|-start|p1a: Archilles|confusion
|
|-damage|p2a: Pidgeot|231\/307 brn|[from] brn
|turn|26
|join|waiv
|
|switch|p1a: Venus|Blissey, F|303\/714
|move|p2a: Pidgeot|Heat Wave|p1a: Venus
|-damage|p1a: Venus|208\/714
|-status|p1a: Venus|brn
|
|-heal|p1a: Venus|252\/714 brn|[from] item: Leftovers
|-damage|p2a: Pidgeot|193\/307 brn|[from] brn
|-damage|p1a: Venus|163\/714 brn|[from] brn
|turn|27
|c| waiv|bobo
|c| waiv|hi
|c| waiv|hi
|c| waiv|hi
|c| waiv|hi
|c| meowiekins|wow
|c|âBob the Senpai|fk
|c|âBob the Senpai|me
|c|âplini|cmon
|c|âplini|cmon
|c| meowiekins|fk u waiv
|c|âplini|cmon
|c|âplini|kil
|c| waiv|ur shit
|c|âplini|ll
|c|âplini|l
|c|âplini|kill
|c|âplini|kill
|c|âplini|kill
|c|âplini|kill
|c|âplini|kill
|c| meowiekins|live!!!!!!
|c|âplini|oskdpaodkpad
|c| meowiekins|live!!!!!!
|c| waiv|keke hi meowie
|c| meowiekins|live!!!!!!
|c| meowiekins|live!!!!!!
|c| meowiekins|live!!!!!!
|c| meowiekins|live!!!!!!
|c| meowiekins|live!!!!!!
|c| meowiekins|live!!!!!!
|
|switch|p1a: Freyja|Togetic, M|127\/314
|move|p2a: Pidgeot|Hurricane|p1a: Freyja
|-damage|p1a: Freyja|0 fnt
|faint|p1a: Freyja
|
|-damage|p2a: Pidgeot|155\/307 brn|[from] brn
|
|switch|p1a: Archilles|Aggron-Mega, M|244\/344
|turn|28
|
|switch|p2a: Nidoking|Nidoking, M|204\/304
|move|p1a: Archilles|Heavy Slam|p2a: Nidoking
|-damage|p2a: Nidoking|0 fnt
|faint|p2a: Nidoking
|
|c|âplini|o
|c|âBob the Senpai|rip
|c|âplini|hmm
|
|switch|p2a: Lucario|Lucario, F|22\/281
|turn|29
|
|switch|p2a: Jirachi|Jirachi|241\/341
|switch|p1a: Hades|Shedinja|1\/1
|
|turn|30
|
|switch|p1a: Kraken|Tentacruel, F|364\/364
|move|p2a: Jirachi|Trick|p1a: Kraken
|-activate|p2a: Jirachi|move: Trick|[of] p1a: Kraken
|-item|p1a: Kraken|Choice Scarf|[from] move: Trick
|-item|p2a: Jirachi|Black Sludge|[from] move: Trick
|
|-damage|p2a: Jirachi|199\/341|[from] item: Black Sludge
|turn|31
|c|âplini|agh
|
|move|p1a: Kraken|Toxic Spikes|p2a: Jirachi
|-sidestart|p2: plini|move: Toxic Spikes
|move|p2a: Jirachi|Trick|p1a: Kraken
|-activate|p2a: Jirachi|move: Trick|[of] p1a: Kraken
|-item|p1a: Kraken|Black Sludge|[from] move: Trick
|-item|p2a: Jirachi|Choice Scarf|[from] move: Trick
|
|turn|32
|c|âplini|give it back
|c| meowiekins|lol
|
|move|p2a: Jirachi|Zen Headbutt|p1a: Kraken
|-supereffective|p1a: Kraken
|-damage|p1a: Kraken|146\/364
|move|p1a: Kraken|Toxic Spikes|p2a: Jirachi
|-sidestart|p2: plini|move: Toxic Spikes
|
|-heal|p1a: Kraken|168\/364|[from] item: Black Sludge
|turn|33
|
|switch|p1a: Hades|Shedinja|1\/1
|move|p2a: Jirachi|Zen Headbutt|p1a: Hades
|-activate|p1a: Hades|ability: Wonder Guard
|
|turn|34
|
|switch|p2a: Pidgeot|Pidgeot-Mega, F|155\/307 brn
|switch|p1a: Archilles|Aggron-Mega, M|244\/344
|
|-damage|p2a: Pidgeot|117\/307 brn|[from] brn
|turn|35
|
|move|p2a: Pidgeot|Heat Wave|p1a: Archilles
|-supereffective|p1a: Archilles
|-damage|p1a: Archilles|90\/344
|move|p1a: Archilles|Heavy Slam|p2a: Pidgeot
|-damage|p2a: Pidgeot|0 fnt
|faint|p2a: Pidgeot
|
|c| waiv|G_G
|c|âplini|g g
|c| waiv|get rekkttt
|c|âBob the Senpai|ogre
|c|âplini|;_;
|c| waiv|u wot m8
|-message|plini forfeited.
|
|win|Bob the Senpai
|raw|Ladder updating...
|leave|plini
|player|p2
|raw|Bob the Senpai's rating: 1552 &rarr; <strong>1568<\/strong><br \/>(+16 for winning)
|raw|plini's rating: 1489 &rarr; <strong>1473<\/strong><br \/>(-16 for losing)
|leave|waiv