|join|z0mOG
|join|dark08
|player|p1|z0mOG|275
|player|p2|dark08|153
|gametype|singles
|gen|6
|tier|OU
|rated
|clearpoke
|poke|p1|Dragonite, M
|poke|p1|Excadrill, F
|poke|p1|Terrakion
|poke|p1|Keldeo
|poke|p1|Mew
|poke|p1|Blastoise, F
|poke|p2|Lucario, M
|poke|p2|Zoroark, M
|poke|p2|Latios, M
|poke|p2|Scizor, M
|poke|p2|Espeon, M
|poke|p2|Umbreon, M
|rule|Sleep Clause Mod: Limit one foe put to sleep
|rule|Species Clause: Limit one of each Pokemon
|rule|OHKO Clause: OHKO moves are banned
|rule|Moody Clause: Moody is banned
|rule|Evasion Moves Clause: Evasion moves are banned
|rule|Endless Battle Clause: Forcing endless battles is banned.
|rule|HP Percentage Mod: HP is reported as percentages
|teampreview
|join|Anon Pie
|
|start
|switch|p1a: Blastoise|Blastoise, F|354\/354
|switch|p2a: Latios|Latios, M|302\/302
|turn|1
|join|worship kj
|
|-formechange|p1a: Blastoise|Blastoise-Mega
|message|Blastoise has Mega Evolved into Mega Blastoise!
|move|p2a: Latios|Draco Meteor|p1a: Blastoise|[miss]
|-miss|p2a: Latios|p1a: Blastoise
|move|p1a: Blastoise|Dark Pulse|p2a: Latios
|-supereffective|p2a: Latios
|-damage|p2a: Latios|0 fnt
|faint|p2a: Latios
|
|chat|z0mOG|lel
|
|switch|p2a: Espeon|Espeon, M|272\/272
|turn|2
|
|move|p2a: Espeon|Calm Mind|p2a: Espeon
|-boost|p2a: Espeon|spa|1
|-boost|p2a: Espeon|spd|1
|move|p1a: Blastoise|Dark Pulse|p2a: Espeon
|-supereffective|p2a: Espeon
|-damage|p2a: Espeon|50\/272
|
|turn|3
|chat|z0mOG|solid
|
|move|p2a: Espeon|Psyshock|p1a: Blastoise
|-damage|p1a: Blastoise|97\/354
|-damage|p2a: Espeon|23\/272|[from] item: Life Orb
|move|p1a: Blastoise|Scald|p2a: Espeon
|-damage|p2a: Espeon|0 fnt
|faint|p2a: Espeon
|
|chat|dark08|damn that blastoise lol
|
|switch|p2a: Lucario|Lucario, M|282\/282
|turn|4
|
|move|p2a: Lucario|Close Combat|p1a: Blastoise
|-damage|p1a: Blastoise|0 fnt
|-unboost|p2a: Lucario|def|1
|-unboost|p2a: Lucario|spd|1
|-damage|p2a: Lucario|254\/282|[from] item: Life Orb
|faint|p1a: Blastoise
|
|
|switch|p1a: Terrakion|Terrakion|323\/323
|turn|5
|chat|z0mOG|solid fighting weakness imo
|chat|dark08|true lol
|
|switch|p2a: Scizor|Scizor, M|343\/343
|move|p1a: Terrakion|Close Combat|p2a: Scizor
|-damage|p2a: Scizor|54\/343
|-unboost|p1a: Terrakion|def|1
|-unboost|p1a: Terrakion|spd|1
|
|turn|6
|
|switch|p1a: Dragonite|Dragonite, M|324\/324
|move|p2a: Scizor|U-turn|p1a: Dragonite
|-resisted|p1a: Dragonite
|-damage|p1a: Dragonite|270\/324
|
|switch|p2a: Umbreon|Umbreon, M|394\/394
|
|turn|7
|
|move|p1a: Dragonite|Dragon Dance|p1a: Dragonite
|-boost|p1a: Dragonite|atk|1
|-boost|p1a: Dragonite|spe|1
|move|p2a: Umbreon|Foul Play|p1a: Dragonite
|-damage|p1a: Dragonite|0 fnt
|faint|p1a: Dragonite
|
|join|Temporaryanonymous
|
|switch|p1a: Terrakion|Terrakion|323\/323
|turn|8
|
|move|p1a: Terrakion|Close Combat|p2a: Umbreon
|-supereffective|p2a: Umbreon
|-damage|p2a: Umbreon|0 fnt
|-unboost|p1a: Terrakion|def|1
|-unboost|p1a: Terrakion|spd|1
|faint|p2a: Umbreon
|
|
|switch|p2a: Lucario|Lucario, M|262\/262
|turn|9
|
|move|p1a: Terrakion|Close Combat|p2a: Lucario
|-supereffective|p2a: Lucario
|-enditem|p2a: Lucario|Focus Sash
|replace|p2a: Zoroark|Zoroark, M|262\/262
|-damage|p2a: Zoroark|1\/262
|-unboost|p1a: Terrakion|def|1
|-unboost|p1a: Terrakion|spd|1
|move|p2a: Zoroark|Low Kick|p1a: Terrakion
|-supereffective|p1a: Terrakion
|-damage|p1a: Terrakion|0 fnt
|faint|p1a: Terrakion
|
|chat|z0mOG|ok
|chat|z0mOG|low kick zoroark
|
|switch|p1a: Keldeo|Keldeo|322\/322
|turn|10
|chat|dark08|yes sir
|
|move|p2a: Zoroark|Sucker Punch|p1a: Keldeo
|-resisted|p1a: Keldeo
|-damage|p1a: Keldeo|249\/322
|-boost|p1a: Keldeo|atk|1|[from] ability: Justified
|move|p1a: Keldeo|Scald|p2a: Zoroark
|-damage|p2a: Zoroark|0 fnt
|faint|p2a: Zoroark
|
|chat|z0mOG|thx for the atk boost
|chat|z0mOG|now im gonna sweep
|
|switch|p2a: Lucario|Lucario, M|254\/282
|turn|11
|chat|Temporaryanonymous|what if isntead of having atk and spA
|chat|Temporaryanonymous|we just had one attacking stat
|chat|dark08|not that it matters lol
|chat|Temporaryanonymous|and instead of def and spD
|chat|Temporaryanonymous|we had just one defense stat
|chat|Temporaryanonymous|I think I'm on to something here
|chat|z0mOG|**T.H.A.T.'.S N.O. F.U.N.**
|chat|dark08|it used to be like that i believe wth def
|
|switch|p1a: Mew|Mew|398\/398
|move|p2a: Lucario|Extreme Speed|p1a: Mew
|-damage|p1a: Mew|275\/398
|-damage|p2a: Lucario|226\/282|[from] item: Life Orb
|
|-heal|p1a: Mew|299\/398|[from] item: Leftovers
|turn|12
|
|move|p2a: Lucario|Swords Dance|p2a: Lucario
|-boost|p2a: Lucario|atk|2
|move|p1a: Mew|Will-O-Wisp|p2a: Lucario
|-status|p2a: Lucario|brn
|
|-heal|p1a: Mew|323\/398|[from] item: Leftovers
|-damage|p2a: Lucario|191\/282 brn|[from] brn
|turn|13
|leave|Temporaryanonymous
|
|move|p2a: Lucario|Swords Dance|p2a: Lucario
|-boost|p2a: Lucario|atk|2
|move|p1a: Mew|Psyshock|p2a: Lucario
|-damage|p2a: Lucario|74\/282 brn
|
|-heal|p1a: Mew|347\/398|[from] item: Leftovers
|-damage|p2a: Lucario|39\/282 brn|[from] brn
|turn|14
|chat|z0mOG|lol
|
|move|p2a: Lucario|Crunch|p1a: Mew
|-supereffective|p1a: Mew
|-damage|p1a: Mew|4\/398
|-damage|p2a: Lucario|11\/282 brn|[from] item: Life Orb
|move|p1a: Mew|Psyshock|p2a: Lucario
|-crit|p2a: Lucario
|-damage|p2a: Lucario|0 fnt
|faint|p2a: Lucario
|
|-heal|p1a: Mew|28\/398|[from] item: Leftovers
|
|switch|p2a: Scizor|Scizor, M|54\/343
|turn|15
|
|move|p2a: Scizor|Bullet Punch|p1a: Mew
|-damage|p1a: Mew|0 fnt
|faint|p1a: Mew
|
|chat|dark08|well gg
|
|switch|p1a: Excadrill|Excadrill, F|362\/362
|-ability|p1a: Excadrill|Mold Breaker
|-item|p1a: Excadrill|Air Balloon
|turn|16
|chat|z0mOG|gg
|
|move|p2a: Scizor|Bullet Punch|p1a: Excadrill
|-resisted|p1a: Excadrill
|-damage|p1a: Excadrill|235\/362
|-enditem|p1a: Excadrill|Air Balloon
|move|p1a: Excadrill|Earthquake|p2a: Scizor
|-damage|p2a: Scizor|0 fnt
|faint|p2a: Scizor
|
|win|z0mOG
|raw|Ladder updating...
|raw|z0mOG's rating: 1679 &rarr; <strong>1699<\/strong><br \/>(+20 for winning)
|raw|dark08's rating: 1680 &rarr; <strong>1660<\/strong><br \/>(-20 for losing)
|leave|z0mOG
|player|p1
|leave|dark08
|player|p2
|leave|worship kj