|join|retard :C
|join|dark08
|player|p1|retard :C|43
|player|p2|dark08|162
|gametype|singles
|gen|6
|tier|OU
|rated
|clearpoke
|poke|p1|Heatran, M
|poke|p1|Cresselia, F
|poke|p1|Chansey, F
|poke|p1|Gliscor, M
|poke|p1|Venusaur, M
|poke|p1|Mamoswine, M
|poke|p2|Latios, M
|poke|p2|Zoroark, M
|poke|p2|Umbreon, M
|poke|p2|Espeon, M
|poke|p2|Scizor, M
|poke|p2|Lucario, M
|rule|Sleep Clause Mod: Limit one foe put to sleep
|rule|Species Clause: Limit one of each Pokemon
|rule|OHKO Clause: OHKO moves are banned
|rule|Moody Clause: Moody is banned
|rule|Evasion Moves Clause: Evasion moves are banned
|rule|Endless Battle Clause: Forcing endless battles is banned.
|rule|HP Percentage Mod: HP is reported as percentages
|teampreview
|
|start
|switch|p1a: Mamoswine|Mamoswine, M|362\/362
|switch|p2a: Scizor|Scizor, M|344\/344
|turn|1
|
|move|p1a: Mamoswine|Stealth Rock|p2a: Scizor
|-sidestart|p2: dark08|move: Stealth Rock
|move|p2a: Scizor|Superpower|p1a: Mamoswine
|-supereffective|p1a: Mamoswine
|-enditem|p1a: Mamoswine|Focus Sash
|-damage|p1a: Mamoswine|1\/362
|-unboost|p2a: Scizor|atk|1
|-unboost|p2a: Scizor|def|1
|
|turn|2
|
|switch|p1a: Venusaur|Venusaur, M|364\/364
|switch|p2a: Latios|Latios, M|302\/302
|-damage|p2a: Latios|265\/302|[from] Stealth Rock
|
|turn|3
|
|-formechange|p1a: Venusaur|Venusaur-Mega
|message|Venusaur has Mega Evolved into Mega Venusaur!
|move|p2a: Latios|Psyshock|p1a: Venusaur
|-supereffective|p1a: Venusaur
|-damage|p1a: Venusaur|86\/364
|move|p1a: Venusaur|Sludge Bomb|p2a: Latios
|-damage|p2a: Latios|138\/302
|
|turn|4
|
|switch|p1a: Heatran|Heatran, M|324\/324
|move|p2a: Latios|Psyshock|p1a: Heatran
|-resisted|p1a: Heatran
|-damage|p1a: Heatran|229\/324
|
|turn|5
|
|switch|p2a: Umbreon|Umbreon, M|394\/394
|-damage|p2a: Umbreon|345\/394|[from] Stealth Rock
|move|p1a: Heatran|Flash Cannon|p2a: Umbreon
|-damage|p2a: Umbreon|209\/394
|
|-heal|p2a: Umbreon|233\/394|[from] item: Leftovers
|turn|6
|
|move|p1a: Heatran|Flash Cannon|p2a: Umbreon
|-damage|p2a: Umbreon|98\/394
|move|p2a: Umbreon|Wish|p2a: Umbreon
|
|-heal|p2a: Umbreon|122\/394|[from] item: Leftovers
|turn|7
|
|move|p2a: Umbreon|Protect|p2a: Umbreon
|-singleturn|p2a: Umbreon|Protect
|move|p1a: Heatran|Flash Cannon|p2a: Umbreon
|-activate|p2a: Umbreon|Protect
|
|-heal|p2a: Umbreon|319\/394|[from] move: Wish|[wisher] Umbreon
|-heal|p2a: Umbreon|343\/394|[from] item: Leftovers
|turn|8
|
|move|p1a: Heatran|Flash Cannon|p2a: Umbreon
|-crit|p2a: Umbreon
|-damage|p2a: Umbreon|171\/394
|move|p2a: Umbreon|Wish|p2a: Umbreon
|
|-heal|p2a: Umbreon|195\/394|[from] item: Leftovers
|turn|9
|
|switch|p1a: Chansey|Chansey, F|700\/700
|move|p2a: Umbreon|Foul Play|p1a: Chansey
|-damage|p1a: Chansey|672\/700
|
|-heal|p2a: Umbreon|392\/394|[from] move: Wish|[wisher] Umbreon
|-heal|p2a: Umbreon|394\/394|[from] item: Leftovers
|turn|10
|
|switch|p2a: Espeon|Espeon, M|272\/272
|-damage|p2a: Espeon|238\/272|[from] Stealth Rock
|move|p1a: Chansey|Wish|p1a: Chansey
|
|turn|11
|
|switch|p1a: Heatran|Heatran, M|229\/324
|move|p2a: Espeon|Psyshock|p1a: Heatran
|-resisted|p1a: Heatran
|-damage|p1a: Heatran|135\/324
|-damage|p2a: Espeon|211\/272|[from] item: Life Orb
|
|-heal|p1a: Heatran|324\/324|[from] move: Wish|[wisher] Chansey
|turn|12
|
|switch|p2a: Umbreon|Umbreon, M|394\/394
|-damage|p2a: Umbreon|345\/394|[from] Stealth Rock
|move|p1a: Heatran|Flamethrower|p2a: Umbreon
|-damage|p2a: Umbreon|216\/394
|
|-heal|p2a: Umbreon|240\/394|[from] item: Leftovers
|turn|13
|
|move|p1a: Heatran|Flamethrower|p2a: Umbreon
|-damage|p2a: Umbreon|96\/394
|move|p2a: Umbreon|Wish|p2a: Umbreon
|
|-heal|p2a: Umbreon|120\/394|[from] item: Leftovers
|turn|14
|
|switch|p1a: Chansey|Chansey, F|672\/700
|move|p2a: Umbreon|Protect|p2a: Umbreon
|-fail|p2a: Umbreon
|
|-heal|p2a: Umbreon|317\/394|[from] move: Wish|[wisher] Umbreon
|-heal|p2a: Umbreon|341\/394|[from] item: Leftovers
|turn|15
|
|move|p2a: Umbreon|Wish|p2a: Umbreon
|move|p1a: Chansey|Wish|p1a: Chansey
|
|-heal|p2a: Umbreon|365\/394|[from] item: Leftovers
|turn|16
|
|switch|p2a: Latios|Latios, M|138\/302
|-damage|p2a: Latios|101\/302|[from] Stealth Rock
|switch|p1a: Venusaur|Venusaur, M|86\/364
|-formechange|p1a: Venusaur|Venusaur-Mega
|
|-heal|p1a: Venusaur|364\/364|[from] move: Wish|[wisher] Chansey
|-heal|p2a: Latios|298\/302|[from] move: Wish|[wisher] Umbreon
|turn|17
|
|move|p2a: Latios|Psyshock|p1a: Venusaur
|-supereffective|p1a: Venusaur
|-damage|p1a: Venusaur|88\/364
|move|p1a: Venusaur|Sludge Bomb|p2a: Latios
|-damage|p2a: Latios|171\/302
|
|turn|18
|
|switch|p1a: Heatran|Heatran, M|324\/324
|move|p2a: Latios|Psyshock|p1a: Heatran
|-resisted|p1a: Heatran
|-damage|p1a: Heatran|230\/324
|
|turn|19
|
|switch|p2a: Lucario|Lucario, M|282\/282
|-damage|p2a: Lucario|274\/282|[from] Stealth Rock
|move|p1a: Heatran|Flamethrower|p2a: Lucario
|-supereffective|p2a: Lucario
|-damage|p2a: Lucario|0 fnt
|faint|p2a: Lucario
|
|
|switch|p2a: Scizor|Scizor, M|262\/262
|-damage|p2a: Scizor|230\/262|[from] Stealth Rock
|turn|20
|
|move|p1a: Heatran|Flamethrower|p2a: Scizor
|replace|p2a: Zoroark|Zoroark, M|230\/262
|-damage|p2a: Zoroark|0 fnt
|faint|p2a: Zoroark
|
|
|switch|p2a: Latios|Latios, M|171\/302
|-damage|p2a: Latios|134\/302|[from] Stealth Rock
|turn|21
|
|move|p1a: Heatran|Flamethrower|p2a: Latios
|-resisted|p2a: Latios
|-damage|p2a: Latios|57\/302
|-status|p2a: Latios|brn
|move|p2a: Latios|Psyshock|p1a: Heatran
|-resisted|p1a: Heatran
|-damage|p1a: Heatran|122\/324
|
|-damage|p2a: Latios|20\/302 brn|[from] brn
|turn|22
|
|switch|p1a: Chansey|Chansey, F|672\/700
|move|p2a: Latios|Psyshock|p1a: Chansey
|-damage|p1a: Chansey|411\/700
|
|-damage|p2a: Latios|0 fnt|[from] brn
|faint|p2a: Latios
|
|switch|p2a: Espeon|Espeon, M|211\/272
|-damage|p2a: Espeon|177\/272|[from] Stealth Rock
|turn|23
|
|move|p2a: Espeon|Calm Mind|p2a: Espeon
|-boost|p2a: Espeon|spa|1
|-boost|p2a: Espeon|spd|1
|move|p1a: Chansey|Wish|p1a: Chansey
|
|turn|24
|
|move|p2a: Espeon|Psyshock|p1a: Chansey
|-damage|p1a: Chansey|52\/700
|-damage|p2a: Espeon|150\/272|[from] item: Life Orb
|move|p1a: Chansey|Seismic Toss|p2a: Espeon
|-damage|p2a: Espeon|50\/272
|
|-heal|p1a: Chansey|402\/700|[from] move: Wish|[wisher] Chansey
|turn|25
|
|move|p2a: Espeon|Psyshock|p1a: Chansey
|-damage|p1a: Chansey|32\/700
|-damage|p2a: Espeon|23\/272|[from] item: Life Orb
|move|p1a: Chansey|Seismic Toss|p2a: Espeon
|-damage|p2a: Espeon|0 fnt
|faint|p2a: Espeon
|
|
|switch|p2a: Scizor|Scizor, M|344\/344
|-damage|p2a: Scizor|301\/344|[from] Stealth Rock
|turn|26
|
|switch|p1a: Cresselia|Cresselia, F|401\/401
|move|p2a: Scizor|U-turn|p1a: Cresselia
|-crit|p1a: Cresselia
|-supereffective|p1a: Cresselia
|-damage|p1a: Cresselia|0 fnt
|faint|p1a: Cresselia
|
|switch|p2a: Umbreon|Umbreon, M|365\/394
|-damage|p2a: Umbreon|316\/394|[from] Stealth Rock
|
|-heal|p2a: Umbreon|340\/394|[from] item: Leftovers
|
|switch|p1a: Mamoswine|Mamoswine, M|1\/362
|turn|27
|
|move|p1a: Mamoswine|Earthquake|p2a: Umbreon
|-damage|p2a: Umbreon|214\/394
|move|p2a: Umbreon|Foul Play|p1a: Mamoswine
|-damage|p1a: Mamoswine|0 fnt
|faint|p1a: Mamoswine
|
|-heal|p2a: Umbreon|238\/394|[from] item: Leftovers
|
|switch|p1a: Venusaur|Venusaur, M|88\/364
|-formechange|p1a: Venusaur|Venusaur-Mega
|turn|28
|
|move|p1a: Venusaur|Synthesis|p1a: Venusaur
|-heal|p1a: Venusaur|270\/364
|move|p2a: Umbreon|Foul Play|p1a: Venusaur
|-damage|p1a: Venusaur|201\/364
|
|-heal|p2a: Umbreon|262\/394|[from] item: Leftovers
|turn|29
|
|move|p2a: Umbreon|Protect|p2a: Umbreon
|-singleturn|p2a: Umbreon|Protect
|move|p1a: Venusaur|Leech Seed|p2a: Umbreon
|-activate|p2a: Umbreon|Protect
|
|-heal|p2a: Umbreon|286\/394|[from] item: Leftovers
|turn|30
|
|switch|p2a: Scizor|Scizor, M|301\/344
|-damage|p2a: Scizor|258\/344|[from] Stealth Rock
|move|p1a: Venusaur|Leech Seed|p2a: Scizor|[miss]
|-miss|p1a: Venusaur|p2a: Scizor
|
|turn|31
|
|switch|p1a: Heatran|Heatran, M|122\/324
|move|p2a: Scizor|Aerial Ace|p1a: Heatran
|-resisted|p1a: Heatran
|-damage|p1a: Heatran|34\/324
|
|turn|32
|
|switch|p2a: Umbreon|Umbreon, M|286\/394
|-damage|p2a: Umbreon|237\/394|[from] Stealth Rock
|move|p1a: Heatran|Flamethrower|p2a: Umbreon
|-damage|p2a: Umbreon|87\/394
|
|-heal|p2a: Umbreon|111\/394|[from] item: Leftovers
|turn|33
|
|move|p2a: Umbreon|Protect|p2a: Umbreon
|-singleturn|p2a: Umbreon|Protect
|move|p1a: Heatran|Flamethrower|p2a: Umbreon
|-activate|p2a: Umbreon|Protect
|
|-heal|p2a: Umbreon|135\/394|[from] item: Leftovers
|turn|34
|
|move|p2a: Umbreon|Protect|p2a: Umbreon
|-fail|p2a: Umbreon
|move|p1a: Heatran|Flamethrower|p2a: Umbreon
|-damage|p2a: Umbreon|0 fnt
|faint|p2a: Umbreon
|
|
|switch|p2a: Scizor|Scizor, M|258\/344
|-damage|p2a: Scizor|215\/344|[from] Stealth Rock
|turn|35
|chat|retard :C|gg
|
|move|p2a: Scizor|Bullet Punch|p1a: Heatran
|-resisted|p1a: Heatran
|-damage|p1a: Heatran|0 fnt
|faint|p1a: Heatran
|
|
|switch|p1a: Venusaur|Venusaur, M|201\/364
|-formechange|p1a: Venusaur|Venusaur-Mega
|turn|36
|
|move|p2a: Scizor|Bullet Punch|p1a: Venusaur
|-damage|p1a: Venusaur|80\/364
|move|p1a: Venusaur|Leech Seed|p2a: Scizor
|-start|p2a: Scizor|move: Leech Seed
|
|-damage|p2a: Scizor|172\/344|[from] Leech Seed|[of] p1a: Venusaur
|-heal|p1a: Venusaur|123\/364|[silent]
|turn|37
|
|move|p2a: Scizor|Bullet Punch|p1a: Venusaur
|-damage|p1a: Venusaur|5\/364
|move|p1a: Venusaur|Synthesis|p1a: Venusaur
|-heal|p1a: Venusaur|187\/364
|
|-damage|p2a: Scizor|129\/344|[from] Leech Seed|[of] p1a: Venusaur
|-heal|p1a: Venusaur|230\/364|[silent]
|turn|38
|
|move|p2a: Scizor|Bullet Punch|p1a: Venusaur
|-damage|p1a: Venusaur|112\/364
|move|p1a: Venusaur|Synthesis|p1a: Venusaur
|-heal|p1a: Venusaur|294\/364
|
|-damage|p2a: Scizor|86\/344|[from] Leech Seed|[of] p1a: Venusaur
|-heal|p1a: Venusaur|337\/364|[silent]
|turn|39
|-message|dark08 forfeited.
|
|win|retard :C
|raw|Ladder updating...
|leave|dark08
|player|p2
|raw|retard :C's rating: 1516 &rarr; <strong>1532<\/strong><br \/>(+16 for winning)
|raw|dark08's rating: 1442 &rarr; <strong>1427<\/strong><br \/>(-15 for losing)