|join|dark08
|join|Gee Mick
|player|p1|dark08|162
|player|p2|Gee Mick|147
|gametype|singles
|gen|6
|tier|OU
|rated
|clearpoke
|poke|p1|Lucario, M
|poke|p1|Zoroark, M
|poke|p1|Latios, M
|poke|p1|Victini
|poke|p1|Espeon, M
|poke|p1|Umbreon, M
|poke|p2|Tornadus-Therian, M
|poke|p2|Starmie
|poke|p2|Clefable, M
|poke|p2|Rhyperior, F
|poke|p2|Amoonguss, M
|poke|p2|Doublade, F
|rule|Swagger Clause: Swagger is banned
|rule|Baton Pass Clause: Limit one PokÃ©mon knowing Baton Pass
|rule|Sleep Clause Mod: Limit one foe put to sleep
|rule|Species Clause: Limit one of each PokÃ©mon
|rule|OHKO Clause: OHKO moves are banned
|rule|Moody Clause: Moody is banned
|rule|Evasion Moves Clause: Evasion moves are banned
|rule|Endless Battle Clause: Forcing endless battles is banned
|rule|HP Percentage Mod: HP is shown in percentages
|teampreview
|c|âGee Mick|gl hf
|c|âdark08|thx u too
|
|start
|switch|p1a: Victini|Victini|342\/342
|switch|p2a: Tornadus-Therian|Tornadus-Therian, M|333\/333
|turn|1
|
|switch|p2a: Rhyperior|Rhyperior, F|424\/424
|switch|p1a: Lucario|Lucario, M|282\/282
|
|turn|2
|join|Lord Rhodes
|
|switch|p1a: Umbreon|Umbreon, M|394\/394
|move|p2a: Rhyperior|Earthquake|p1a: Umbreon
|-crit|p1a: Umbreon
|-damage|p1a: Umbreon|213\/394
|
|-heal|p1a: Umbreon|237\/394|[from] item: Leftovers
|turn|3
|
|switch|p2a: Clefable|Clefable, M|393\/393
|move|p1a: Umbreon|Toxic|p2a: Clefable
|-status|p2a: Clefable|tox
|
|-heal|p1a: Umbreon|261\/394|[from] item: Leftovers
|-damage|p2a: Clefable|369\/393 tox|[from] psn
|turn|4
|
|move|p1a: Umbreon|Wish|p1a: Umbreon
|move|p2a: Clefable|Heal Bell|p2a: Clefable
|-cureteam|p2a: Clefable|[from] move: HealBell
|
|-heal|p1a: Umbreon|285\/394|[from] item: Leftovers
|-heal|p2a: Clefable|393\/393|[from] item: Leftovers
|turn|5
|
|switch|p1a: Victini|Victini|342\/342
|move|p2a: Clefable|Moonblast|p1a: Victini
|-resisted|p1a: Victini
|-damage|p1a: Victini|291\/342
|
|-heal|p1a: Victini|342\/342|[from] move: Wish|[wisher] Umbreon
|turn|6
|
|move|p2a: Clefable|Protect|p2a: Clefable
|-singleturn|p2a: Clefable|Protect
|move|p1a: Victini|U-turn|p2a: Clefable
|-activate|p2a: Clefable|Protect
|
|turn|7
|
|move|p1a: Victini|U-turn|p2a: Clefable
|-resisted|p2a: Clefable
|-damage|p2a: Clefable|329\/393
|
|switch|p1a: Umbreon|Umbreon, M|285\/394
|move|p2a: Clefable|Wish|p2a: Clefable
|
|-heal|p1a: Umbreon|309\/394|[from] item: Leftovers
|-heal|p2a: Clefable|353\/393|[from] item: Leftovers
|turn|8
|
|move|p1a: Umbreon|Wish|p1a: Umbreon
|move|p2a: Clefable|Moonblast|p1a: Umbreon
|-supereffective|p1a: Umbreon
|-damage|p1a: Umbreon|145\/394
|-unboost|p1a: Umbreon|spa|1
|
|-heal|p2a: Clefable|393\/393|[from] move: Wish|[wisher] Clefable
|-heal|p1a: Umbreon|169\/394|[from] item: Leftovers
|turn|9
|
|move|p1a: Umbreon|Protect|p1a: Umbreon
|-singleturn|p1a: Umbreon|Protect
|move|p2a: Clefable|Wish|p2a: Clefable
|
|-heal|p1a: Umbreon|366\/394|[from] move: Wish|[wisher] Umbreon
|-heal|p1a: Umbreon|390\/394|[from] item: Leftovers
|turn|10
|
|switch|p1a: Victini|Victini|342\/342
|move|p2a: Clefable|Moonblast|p1a: Victini
|-resisted|p1a: Victini
|-damage|p1a: Victini|287\/342
|-unboost|p1a: Victini|spa|1
|
|turn|11
|
|move|p2a: Clefable|Protect|p2a: Clefable
|-singleturn|p2a: Clefable|Protect
|move|p1a: Victini|V-create|p2a: Clefable
|-activate|p2a: Clefable|Protect
|
|turn|12
|
|switch|p2a: Rhyperior|Rhyperior, F|424\/424
|move|p1a: Victini|V-create|p2a: Rhyperior
|-resisted|p2a: Rhyperior
|-damage|p2a: Rhyperior|290\/424
|-unboost|p1a: Victini|def|1
|-unboost|p1a: Victini|spd|1
|-unboost|p1a: Victini|spe|1
|
|-heal|p2a: Rhyperior|316\/424|[from] item: Leftovers
|turn|13
|
|switch|p1a: Latios|Latios, M|302\/302
|move|p2a: Rhyperior|Earthquake|p1a: Latios
|-immune|p1a: Latios|[msg]
|
|-heal|p2a: Rhyperior|342\/424|[from] item: Leftovers
|turn|14
|
|switch|p2a: Clefable|Clefable, M|393\/393
|move|p1a: Latios|Psyshock|p2a: Clefable
|-damage|p2a: Clefable|168\/393
|
|-heal|p2a: Clefable|192\/393|[from] item: Leftovers
|turn|15
|
|move|p2a: Clefable|Protect|p2a: Clefable
|-singleturn|p2a: Clefable|Protect
|move|p1a: Latios|Psyshock|p2a: Clefable
|-activate|p2a: Clefable|Protect
|
|-heal|p2a: Clefable|216\/393|[from] item: Leftovers
|turn|16
|
|switch|p2a: Doublade|Doublade, F|321\/321
|move|p1a: Latios|Psyshock|p2a: Doublade
|-resisted|p2a: Doublade
|-damage|p2a: Doublade|271\/321
|
|turn|17
|
|switch|p1a: Umbreon|Umbreon, M|390\/394
|move|p2a: Doublade|Sacred Sword|p1a: Umbreon
|-supereffective|p1a: Umbreon
|-damage|p1a: Umbreon|270\/394
|
|-heal|p1a: Umbreon|294\/394|[from] item: Leftovers
|turn|18
|
|switch|p1a: Victini|Victini|287\/342
|switch|p2a: Tornadus-Therian|Tornadus-Therian, M|333\/333
|
|turn|19
|
|move|p2a: Tornadus-Therian|U-turn|p1a: Victini
|-damage|p1a: Victini|230\/342
|
|switch|p2a: Rhyperior|Rhyperior, F|342\/424
|move|p1a: Victini|V-create|p2a: Rhyperior
|-resisted|p2a: Rhyperior
|-damage|p2a: Rhyperior|191\/424
|-unboost|p1a: Victini|def|1
|-unboost|p1a: Victini|spd|1
|-unboost|p1a: Victini|spe|1
|
|-heal|p2a: Rhyperior|217\/424|[from] item: Leftovers
|turn|20
|
|switch|p1a: Umbreon|Umbreon, M|294\/394
|move|p2a: Rhyperior|Stealth Rock|p1a: Umbreon
|-sidestart|p1: dark08|move: Stealth Rock
|
|-heal|p1a: Umbreon|318\/394|[from] item: Leftovers
|-heal|p2a: Rhyperior|243\/424|[from] item: Leftovers
|turn|21
|
|switch|p1a: Latios|Latios, M|302\/302
|-damage|p1a: Latios|265\/302|[from] Stealth Rock
|switch|p2a: Tornadus-Therian|Tornadus-Therian, M|333\/333
|
|turn|22
|
|move|p2a: Tornadus-Therian|U-turn|p1a: Latios
|-supereffective|p1a: Latios
|-damage|p1a: Latios|127\/302
|
|switch|p2a: Doublade|Doublade, F|271\/321
|move|p1a: Latios|Surf|p2a: Doublade
|-damage|p2a: Doublade|148\/321
|
|turn|23
|
|switch|p1a: Umbreon|Umbreon, M|318\/394
|-damage|p1a: Umbreon|269\/394|[from] Stealth Rock
|move|p2a: Doublade|Gyro Ball|p1a: Umbreon
|-damage|p1a: Umbreon|209\/394
|
|-heal|p1a: Umbreon|233\/394|[from] item: Leftovers
|turn|24
|
|switch|p2a: Clefable|Clefable, M|216\/393
|move|p1a: Umbreon|Wish|p1a: Umbreon
|
|-heal|p1a: Umbreon|257\/394|[from] item: Leftovers
|-heal|p2a: Clefable|240\/393|[from] item: Leftovers
|turn|25
|
|switch|p1a: Latios|Latios, M|127\/302
|-damage|p1a: Latios|90\/302|[from] Stealth Rock
|move|p2a: Clefable|Wish|p2a: Clefable
|
|-heal|p1a: Latios|287\/302|[from] move: Wish|[wisher] Umbreon
|-heal|p2a: Clefable|264\/393|[from] item: Leftovers
|turn|26
|
|switch|p2a: Doublade|Doublade, F|148\/321
|move|p1a: Latios|Surf|p2a: Doublade
|-damage|p2a: Doublade|16\/321
|
|-heal|p2a: Doublade|212\/321|[from] move: Wish|[wisher] Clefable
|turn|27
|
|move|p1a: Latios|Surf|p2a: Doublade
|-damage|p2a: Doublade|79\/321
|move|p2a: Doublade|Shadow Claw|p1a: Latios
|-supereffective|p1a: Latios
|-damage|p1a: Latios|59\/302
|
|turn|28
|
|switch|p2a: Tornadus-Therian|Tornadus-Therian, M|333\/333
|move|p1a: Latios|Surf|p2a: Tornadus-Therian
|-damage|p2a: Tornadus-Therian|208\/333
|
|turn|29
|
|switch|p1a: Lucario|Lucario, M|282\/282
|-damage|p1a: Lucario|274\/282|[from] Stealth Rock
|move|p2a: Tornadus-Therian|U-turn|p1a: Lucario
|-crit|p1a: Lucario
|-resisted|p1a: Lucario
|-damage|p1a: Lucario|248\/282
|
|switch|p2a: Starmie|Starmie|323\/323
|
|turn|30
|
|switch|p1a: Umbreon|Umbreon, M|257\/394
|-damage|p1a: Umbreon|208\/394|[from] Stealth Rock
|move|p2a: Starmie|Scald|p1a: Umbreon
|-damage|p1a: Umbreon|133\/394
|-status|p1a: Umbreon|brn
|-status|p2a: Starmie|brn
|
|-heal|p1a: Umbreon|157\/394 brn|[from] item: Leftovers
|-damage|p2a: Starmie|283\/323 brn|[from] brn
|-damage|p1a: Umbreon|108\/394 brn|[from] brn
|turn|31
|
|switch|p2a: Clefable|Clefable, M|264\/393
|switch|p1a: Victini|Victini|230\/342
|-damage|p1a: Victini|145\/342|[from] Stealth Rock
|
|-heal|p2a: Clefable|288\/393|[from] item: Leftovers
|turn|32
|
|move|p2a: Clefable|Protect|p2a: Clefable
|-singleturn|p2a: Clefable|Protect
|move|p1a: Victini|V-create|p2a: Clefable
|-activate|p2a: Clefable|Protect
|
|-heal|p2a: Clefable|312\/393|[from] item: Leftovers
|turn|33
|
|switch|p2a: Starmie|Starmie|283\/323
|move|p1a: Victini|V-create|p2a: Starmie
|-resisted|p2a: Starmie
|-damage|p2a: Starmie|94\/323
|-unboost|p1a: Victini|def|1
|-unboost|p1a: Victini|spd|1
|-unboost|p1a: Victini|spe|1
|
|-heal|p2a: Starmie|114\/323|[from] item: Leftovers
|turn|34
|
|switch|p1a: Umbreon|Umbreon, M|108\/394 brn
|-damage|p1a: Umbreon|59\/394 brn|[from] Stealth Rock
|move|p2a: Starmie|Recover|p2a: Starmie
|-heal|p2a: Starmie|276\/323
|
|-heal|p2a: Starmie|296\/323|[from] item: Leftovers
|-heal|p1a: Umbreon|83\/394 brn|[from] item: Leftovers
|-damage|p1a: Umbreon|34\/394 brn|[from] brn
|turn|35
|
|move|p2a: Starmie|Scald|p1a: Umbreon
|-damage|p1a: Umbreon|0 fnt
|faint|p1a: Umbreon
|
|-heal|p2a: Starmie|316\/323|[from] item: Leftovers
|
|switch|p1a: Latios|Latios, M|59\/302
|-damage|p1a: Latios|22\/302|[from] Stealth Rock
|turn|36
|
|switch|p2a: Clefable|Clefable, M|312\/393
|move|p1a: Latios|Psyshock|p2a: Clefable
|-damage|p2a: Clefable|84\/393
|
|-heal|p2a: Clefable|108\/393|[from] item: Leftovers
|turn|37
|
|switch|p2a: Starmie|Starmie|316\/323
|move|p1a: Latios|Psyshock|p2a: Starmie
|-resisted|p2a: Starmie
|-damage|p2a: Starmie|220\/323
|
|-heal|p2a: Starmie|240\/323|[from] item: Leftovers
|turn|38
|
|move|p1a: Latios|Psyshock|p2a: Starmie
|-resisted|p2a: Starmie
|-damage|p2a: Starmie|147\/323
|move|p2a: Starmie|Scald|p1a: Latios
|-resisted|p1a: Latios
|-damage|p1a: Latios|0 fnt
|faint|p1a: Latios
|
|-heal|p2a: Starmie|167\/323|[from] item: Leftovers
|
|switch|p1a: Espeon|Espeon, M|272\/272
|-damage|p1a: Espeon|238\/272|[from] Stealth Rock
|turn|39
|
|switch|p2a: Tornadus-Therian|Tornadus-Therian, M|319\/333
|move|p1a: Espeon|Shadow Ball|p2a: Tornadus-Therian
|-damage|p2a: Tornadus-Therian|229\/333
|-unboost|p2a: Tornadus-Therian|spd|1
|-damage|p1a: Espeon|211\/272|[from] item: Life Orb
|
|turn|40
|
|move|p2a: Tornadus-Therian|Knock Off|p1a: Espeon
|-supereffective|p1a: Espeon
|-damage|p1a: Espeon|0 fnt
|-enditem|p1a: Espeon|Life Orb|[from] move: Knock Off|[of] p2a: Tornadus-Therian
|faint|p1a: Espeon
|
|
|switch|p1a: Victini|Victini|262\/262
|-damage|p1a: Victini|230\/262|[from] Stealth Rock
|turn|41
|
|switch|p2a: Starmie|Starmie|167\/323
|move|p1a: Victini|Swords Dance|p1a: Victini
|-boost|p1a: Victini|atk|2
|
|-heal|p2a: Starmie|187\/323|[from] item: Leftovers
|turn|42
|
|move|p1a: Victini|Knock Off|p2a: Starmie
|-supereffective|p2a: Starmie
|-damage|p2a: Starmie|0 fnt
|-enditem|p2a: Starmie|Leftovers|[from] move: Knock Off|[of] p1a: Victini
|faint|p2a: Starmie
|
|
|switch|p2a: Tornadus-Therian|Tornadus-Therian, M|333\/333
|turn|43
|
|move|p1a: Victini|Sucker Punch|p2a: Tornadus-Therian
|-damage|p2a: Tornadus-Therian|0 fnt
|faint|p2a: Tornadus-Therian
|
|
|switch|p2a: Rhyperior|Rhyperior, F|243\/424
|turn|44
|
|move|p1a: Victini|Knock Off|p2a: Rhyperior
|-damage|p2a: Rhyperior|18\/424
|-enditem|p2a: Rhyperior|Leftovers|[from] move: Knock Off|[of] p1a: Victini
|move|p2a: Rhyperior|Earthquake|p1a: Victini
|replace|p1a: Zoroark|Zoroark, M|230\/262
|-damage|p1a: Zoroark|0 fnt
|faint|p1a: Zoroark
|
|c|âGee Mick|I'm so dumb
|
|switch|p1a: Lucario|Lucario, M|248\/282
|-damage|p1a: Lucario|240\/282|[from] Stealth Rock
|turn|45
|c|âdark08|lol
|c|âGee Mick|oml
|
|switch|p2a: Doublade|Doublade, F|79\/321
|move|p1a: Lucario|Ice Punch|p2a: Doublade
|-resisted|p2a: Doublade
|-damage|p2a: Doublade|53\/321
|-damage|p1a: Lucario|212\/282|[from] item: Life Orb
|
|turn|46
|
|move|p1a: Lucario|Swords Dance|p1a: Lucario
|-boost|p1a: Lucario|atk|2
|move|p2a: Doublade|Shadow Claw|p1a: Lucario
|-damage|p1a: Lucario|79\/282
|
|turn|47
|
|move|p1a: Lucario|Ice Punch|p2a: Doublade
|-resisted|p2a: Doublade
|-damage|p2a: Doublade|5\/321
|-damage|p1a: Lucario|51\/282|[from] item: Life Orb
|move|p2a: Doublade|Shadow Claw|p1a: Lucario
|-damage|p1a: Lucario|0 fnt
|faint|p1a: Lucario
|
|
|switch|p1a: Victini|Victini|145\/342
|-damage|p1a: Victini|60\/342|[from] Stealth Rock
|turn|48
|
|move|p1a: Victini|Zen Headbutt|p2a: Doublade
|-resisted|p2a: Doublade
|-damage|p2a: Doublade|0 fnt
|faint|p2a: Doublade
|
|
|switch|p2a: Clefable|Clefable, M|108\/393
|turn|49
|
|move|p2a: Clefable|Protect|p2a: Clefable
|-singleturn|p2a: Clefable|Protect
|move|p1a: Victini|Zen Headbutt|p2a: Clefable
|-activate|p2a: Clefable|Protect
|
|-heal|p2a: Clefable|132\/393|[from] item: Leftovers
|turn|50
|
|move|p1a: Victini|Zen Headbutt|p2a: Clefable
|-damage|p2a: Clefable|0 fnt
|faint|p2a: Clefable
|
|
|switch|p2a: Amoonguss|Amoonguss, M|431\/431
|turn|51
|c|âGee Mick|IF I FLINCH
|c|âGee Mick|I SWEAR
|c|âdark08|lol
|c|âGee Mick|!dt zen headbutt
|c|~|\/data-move Zen Headbutt
|raw|<font size="1"><font color=#585858>Priority:<\/font> 0&nbsp;|&ThickSpace;<font color=#585858><font color=black>&#10003; Secondary Effect<\/font><\/font>&nbsp;|&ThickSpace;<font color=#585858><font color=black>&#10003; Contact<\/font><\/font>&nbsp;|&ThickSpace;<font color=#585858>Target:<\/font> Adjacent Pokemon<\/font>
|
|move|p1a: Victini|Zen Headbutt|p2a: Amoonguss
|-supereffective|p2a: Amoonguss
|-damage|p2a: Amoonguss|53\/431
|move|p2a: Amoonguss|Clear Smog|p1a: Victini
|-damage|p1a: Victini|5\/342
|-clearboost|p1a: Victini
|
|-heal|p2a: Amoonguss|79\/431|[from] item: Black Sludge
|turn|52
|c|âGee Mick|wait wot
|c|âGee Mick|omg
|c|âGee Mick|choke
|
|move|p1a: Victini|Zen Headbutt|p2a: Amoonguss
|-supereffective|p2a: Amoonguss
|-damage|p2a: Amoonguss|0 fnt
|faint|p2a: Amoonguss
|
|
|switch|p2a: Rhyperior|Rhyperior, F|18\/424
|turn|53
|c|âGee Mick|gg
|
|move|p1a: Victini|Zen Headbutt|p2a: Rhyperior
|-damage|p2a: Rhyperior|0 fnt
|faint|p2a: Rhyperior
|
|win|dark08
|raw|Ladder updating...
|raw|dark08's rating: 1730 &rarr; <strong>1746<\/strong><br \/>(+16 for winning)
|raw|Gee Mick's rating: 1650 &rarr; <strong>1634<\/strong><br \/>(-16 for losing)
|c|âdark08|reall gg
|join|BigBadElephant
|leave|BigBadElephant
|c|âGee Mick|amazing 