|join|Celtis3459
|join|dark08
|player|p1|Celtis3459|274
|player|p2|dark08|162
|gametype|singles
|gen|6
|tier|OU
|rated
|clearpoke
|poke|p1|Suicune, shiny
|poke|p1|Ferrothorn, M, shiny
|poke|p1|Talonflame, M, shiny
|poke|p1|Latios, M, shiny
|poke|p1|Medicham, M, shiny
|poke|p1|Azumarill, F, shiny
|poke|p2|Lucario, M
|poke|p2|Zoroark, M
|poke|p2|Latios, M
|poke|p2|Scizor, M
|poke|p2|Espeon, M
|poke|p2|Umbreon, M
|rule|Swagger Clause: Swagger is banned
|rule|Baton Pass Clause: Limit one PokÃ©mon knowing Baton Pass
|rule|Sleep Clause Mod: Limit one foe put to sleep
|rule|Species Clause: Limit one of each PokÃ©mon
|rule|OHKO Clause: OHKO moves are banned
|rule|Moody Clause: Moody is banned
|rule|Evasion Moves Clause: Evasion moves are banned
|rule|Endless Battle Clause: Forcing endless battles is banned
|rule|HP Percentage Mod: HP is shown in percentages
|teampreview
|
|start
|switch|p1a: Azumarill|Azumarill, F, shiny|401\/401
|switch|p2a: Latios|Latios, M|302\/302
|turn|1
|
|switch|p2a: Scizor|Scizor, M|343\/343
|move|p1a: Azumarill|Knock Off|p2a: Scizor
|-damage|p2a: Scizor|250\/343
|
|turn|2
|
|detailschange|p2a: Scizor|Scizor-Mega, M
|message|Scizor has Mega Evolved into Mega Scizor!
|move|p2a: Scizor|U-turn|p1a: Azumarill
|-resisted|p1a: Azumarill
|-damage|p1a: Azumarill|307\/401
|
|switch|p2a: Umbreon|Umbreon, M|394\/394
|move|p1a: Azumarill|Waterfall|p2a: Umbreon
|-damage|p2a: Umbreon|279\/394
|
|-heal|p2a: Umbreon|303\/394|[from] item: Leftovers
|turn|3
|
|move|p2a: Umbreon|Foul Play|p1a: Azumarill
|-resisted|p1a: Azumarill
|-damage|p1a: Azumarill|250\/401
|move|p1a: Azumarill|Play Rough|p2a: Umbreon
|-supereffective|p2a: Umbreon
|-damage|p2a: Umbreon|43\/394
|
|-heal|p2a: Umbreon|67\/394|[from] item: Leftovers
|turn|4
|
|move|p2a: Umbreon|Protect|p2a: Umbreon
|-singleturn|p2a: Umbreon|Protect
|move|p1a: Azumarill|Waterfall|p2a: Umbreon
|-activate|p2a: Umbreon|Protect
|
|-heal|p2a: Umbreon|91\/394|[from] item: Leftovers
|turn|5
|
|move|p2a: Umbreon|Wish|p2a: Umbreon
|move|p1a: Azumarill|Play Rough|p2a: Umbreon
|-supereffective|p2a: Umbreon
|-damage|p2a: Umbreon|0 fnt
|faint|p2a: Umbreon
|
|
|switch|p2a: Scizor|Scizor-Mega, M|250\/343
|turn|6
|
|switch|p1a: Talonflame|Talonflame, M, shiny|359\/359
|move|p2a: Scizor|Bullet Punch|p1a: Talonflame
|-crit|p1a: Talonflame
|-resisted|p1a: Talonflame
|-damage|p1a: Talonflame|238\/359
|
|-heal|p2a: Scizor|343\/343|[from] move: Wish|[wisher] Umbreon
|-heal|p1a: Talonflame|260\/359|[from] item: Leftovers
|turn|7
|
|switch|p2a: Latios|Latios, M|302\/302
|move|p1a: Talonflame|Will-O-Wisp|p2a: Latios
|-status|p2a: Latios|brn
|
|-heal|p1a: Talonflame|282\/359|[from] item: Leftovers
|-damage|p2a: Latios|265\/302 brn|[from] brn
|turn|8
|
|switch|p2a: Lucario|Lucario, M|282\/282
|move|p1a: Talonflame|Roost|p1a: Talonflame
|-heal|p1a: Talonflame|359\/359
|
|turn|9
|
|switch|p2a: Latios|Latios, M|265\/302 brn
|move|p1a: Talonflame|Will-O-Wisp|p2a: Latios
|-fail|p2a: Latios|brn
|
|-damage|p2a: Latios|228\/302 brn|[from] brn
|turn|10
|
|move|p2a: Latios|Surf|p1a: Talonflame
|-supereffective|p1a: Talonflame
|-damage|p1a: Talonflame|75\/359
|move|p1a: Talonflame|Taunt|p2a: Latios
|-start|p2a: Latios|move: Taunt
|
|-heal|p1a: Talonflame|97\/359|[from] item: Leftovers
|-damage|p2a: Latios|191\/302 brn|[from] brn
|turn|11
|
|switch|p1a: Ferrothorn|Ferrothorn, M, shiny|352\/352
|move|p2a: Latios|Surf|p1a: Ferrothorn
|-resisted|p1a: Ferrothorn
|-damage|p1a: Ferrothorn|288\/352
|
|-heal|p1a: Ferrothorn|310\/352|[from] item: Leftovers
|-damage|p2a: Latios|154\/302 brn|[from] brn
|turn|12
|
|switch|p2a: Scizor|Scizor-Mega, M|343\/343
|move|p1a: Ferrothorn|Gyro Ball|p2a: Scizor
|-resisted|p2a: Scizor
|-damage|p2a: Scizor|296\/343
|
|-heal|p1a: Ferrothorn|332\/352|[from] item: Leftovers
|turn|13
|
|move|p2a: Scizor|Swords Dance|p2a: Scizor
|-boost|p2a: Scizor|atk|2
|move|p1a: Ferrothorn|Stealth Rock|p2a: Scizor
|-sidestart|p2: dark08|move: Stealth Rock
|
|-heal|p1a: Ferrothorn|352\/352|[from] item: Leftovers
|turn|14
|
|move|p2a: Scizor|Swords Dance|p2a: Scizor
|-boost|p2a: Scizor|atk|2
|move|p1a: Ferrothorn|Leech Seed|p2a: Scizor
|-start|p2a: Scizor|move: Leech Seed
|
|-damage|p2a: Scizor|254\/343|[from] Leech Seed|[of] p1a: Ferrothorn
|turn|15
|
|move|p2a: Scizor|Swords Dance|p2a: Scizor
|-boost|p2a: Scizor|atk|2
|move|p1a: Ferrothorn|Gyro Ball|p2a: Scizor
|-resisted|p2a: Scizor
|-damage|p2a: Scizor|208\/343
|
|-damage|p2a: Scizor|166\/343|[from] Leech Seed|[of] p1a: Ferrothorn
|turn|16
|
|move|p1a: Ferrothorn|Protect|p1a: Ferrothorn
|-singleturn|p1a: Ferrothorn|Protect
|move|p2a: Scizor|Roost|p2a: Scizor
|-heal|p2a: Scizor|338\/343
|
|-damage|p2a: Scizor|296\/343|[from] Leech Seed|[of] p1a: Ferrothorn
|turn|17
|
|move|p2a: Scizor|Bullet Punch|p1a: Ferrothorn
|-resisted|p1a: Ferrothorn
|-damage|p1a: Ferrothorn|175\/352
|-damage|p2a: Scizor|254\/343|[from] ability: Iron Barbs|[of] p1a: Ferrothorn
|move|p1a: Ferrothorn|Gyro Ball|p2a: Scizor
|-resisted|p2a: Scizor
|-damage|p2a: Scizor|208\/343
|
|-heal|p1a: Ferrothorn|197\/352|[from] item: Leftovers
|-damage|p2a: Scizor|166\/343|[from] Leech Seed|[of] p1a: Ferrothorn
|-heal|p1a: Ferrothorn|239\/352|[silent]
|turn|18
|
|move|p1a: Ferrothorn|Protect|p1a: Ferrothorn
|-singleturn|p1a: Ferrothorn|Protect
|move|p2a: Scizor|Roost|p2a: Scizor
|-heal|p2a: Scizor|338\/343
|
|-heal|p1a: Ferrothorn|261\/352|[from] item: Leftovers
|-damage|p2a: Scizor|296\/343|[from] Leech Seed|[of] p1a: Ferrothorn
|-heal|p1a: Ferrothorn|303\/352|[silent]
|turn|19
|
|move|p2a: Scizor|U-turn|p1a: Ferrothorn
|-damage|p1a: Ferrothorn|0 fnt
|-damage|p2a: Scizor|254\/343|[from] ability: Iron Barbs|[of] p1a: Ferrothorn
|faint|p1a: Ferrothorn
|
|switch|p2a: Latios|Latios, M|262\/262
|-damage|p2a: Latios|230\/262|[from] Stealth Rock
|
|
|switch|p1a: Azumarill|Azumarill, F, shiny|250\/401
|turn|20
|
|switch|p2a: Scizor|Scizor-Mega, M|254\/343
|-damage|p2a: Scizor|212\/343|[from] Stealth Rock
|move|p1a: Azumarill|Waterfall|p2a: Scizor
|-damage|p2a: Scizor|94\/343
|
|turn|21
|
|move|p2a: Scizor|Roost|p2a: Scizor
|-heal|p2a: Scizor|266\/343
|move|p1a: Azumarill|Waterfall|p2a: Scizor
|-damage|p2a: Scizor|137\/343
|
|turn|22
|
|move|p2a: Scizor|Bullet Punch|p1a: Azumarill
|-damage|p1a: Azumarill|99\/401
|move|p1a: Azumarill|Waterfall|p2a: Scizor
|-damage|p2a: Scizor|0 fnt
|faint|p2a: Scizor
|
|
|switch|p2a: Lucario|Lucario, M|282\/282
|-damage|p2a: Lucario|274\/282|[from] Stealth Rock
|turn|23
|
|switch|p1a: Suicune|Suicune, shiny|404\/404
|-ability|p1a: Suicune|Pressure
|move|p2a: Lucario|Extreme Speed|p1a: Suicune
|-damage|p1a: Suicune|320\/404
|-damage|p2a: Lucario|246\/282|[from] item: Life Orb
|
|-heal|p1a: Suicune|345\/404|[from] item: Leftovers
|turn|24
|
|switch|p2a: Latios|Latios, M|154\/302 brn
|-damage|p2a: Latios|117\/302 brn|[from] Stealth Rock
|move|p1a: Suicune|Calm Mind|p1a: Suicune
|-boost|p1a: Suicune|spa|1
|-boost|p1a: Suicune|spd|1
|
|-heal|p1a: Suicune|370\/404|[from] item: Leftovers
|-damage|p2a: Latios|80\/302 brn|[from] brn
|turn|25
|
|move|p2a: Latios|Trick|p1a: Suicune
|-activate|p2a: Latios|move: Trick|[of] p1a: Suicune
|-item|p1a: Suicune|Choice Specs|[from] move: Trick
|-item|p2a: Latios|Leftovers|[from] move: Trick
|move|p1a: Suicune|Calm Mind|p1a: Suicune
|-boost|p1a: Suicune|spa|1
|-boost|p1a: Suicune|spd|1
|
|-heal|p2a: Latios|98\/302 brn|[from] item: Leftovers
|-damage|p2a: Latios|61\/302 brn|[from] brn
|turn|26
|
|switch|p1a: Azumarill|Azumarill, F, shiny|99\/401
|move|p2a: Latios|Psyshock|p1a: Azumarill
|-damage|p1a: Azumarill|0 fnt
|faint|p1a: Azumarill
|
|-heal|p2a: Latios|79\/302 brn|[from] item: Leftovers
|-damage|p2a: Latios|42\/302 brn|[from] brn
|
|switch|p1a: Talonflame|Talonflame, M, shiny|97\/359
|turn|27
|
|move|p1a: Talonflame|Roost|p1a: Talonflame
|-heal|p1a: Talonflame|277\/359
|move|p2a: Latios|Surf|p1a: Talonflame
|-supereffective|p1a: Talonflame
|-damage|p1a: Talonflame|91\/359
|
|-heal|p2a: Latios|60\/302 brn|[from] item: Leftovers
|-heal|p1a: Talonflame|113\/359|[from] item: Leftovers
|-damage|p2a: Latios|23\/302 brn|[from] brn
|turn|28
|
|move|p1a: Talonflame|Roost|p1a: Talonflame
|-heal|p1a: Talonflame|293\/359
|move|p2a: Latios|Draco Meteor|p1a: Talonflame
|-damage|p1a: Talonflame|91\/359
|-unboost|p2a: Latios|spa|2
|
|-heal|p2a: Latios|41\/302 brn|[from] item: Leftovers
|-heal|p1a: Talonflame|113\/359|[from] item: Leftovers
|-damage|p2a: Latios|4\/302 brn|[from] brn
|turn|29
|
|move|p1a: Talonflame|Roost|p1a: Talonflame
|-heal|p1a: Talonflame|293\/359
|move|p2a: Latios|Draco Meteor|p1a: Talonflame
|-damage|p1a: Talonflame|191\/359
|-unboost|p2a: Latios|spa|2
|
|-heal|p2a: Latios|22\/302 brn|[from] item: Leftovers
|-heal|p1a: Talonflame|213\/359|[from] item: Leftovers
|-damage|p2a: Latios|0 fnt|[from] brn
|faint|p2a: Latios
|
|switch|p2a: Espeon|Espeon, M|272\/272
|-damage|p2a: Espeon|238\/272|[from] Stealth Rock
|turn|30
|
|switch|p1a: Suicune|Suicune, shiny|370\/404
|-ability|p1a: Suicune|Pressure
|move|p2a: Espeon|Psyshock|p1a: Suicune
|-damage|p1a: Suicune|245\/404
|-damage|p2a: Espeon|211\/272|[from] item: Life Orb
|
|turn|31
|
|move|p2a: Espeon|Calm Mind|p2a: Espeon
|-boost|p2a: Espeon|spa|1
|-boost|p2a: Espeon|spd|1
|move|p1a: Suicune|Scald|p2a: Espeon
|-damage|p2a: Espeon|117\/272
|
|turn|32
|
|move|p2a: Espeon|Calm Mind|p2a: Espeon
|-boost|p2a: Espeon|spa|1
|-boost|p2a: Espeon|spd|1
|move|p1a: Suicune|Scald|p2a: Espeon
|-damage|p2a: Espeon|47\/272
|
|turn|33
|
|move|p2a: Espeon|Psyshock|p1a: Suicune
|-crit|p1a: Suicune
|-damage|p1a: Suicune|0 fnt
|-damage|p2a: Espeon|20\/272|[from] item: Life Orb
|faint|p1a: Suicune
|
|
|switch|p1a: Medicham|Medicham, M, shiny|262\/262
|turn|34
|
|switch|p2a: Lucario|Lucario, M|246\/282
|-damage|p2a: Lucario|238\/282|[from] Stealth Rock
|detailschange|p1a: Medicham|Medicham-Mega, M, shiny
|message|Medicham has Mega Evolved into Mega Medicham!
|move|p1a: Medicham|Fake Out|p2a: Lucario
|-crit|p2a: Lucario
|-resisted|p2a: Lucario
|-damage|p2a: Lucario|156\/282
|
|turn|35
|
|switch|p2a: Espeon|Espeon, M|20\/272
|-damage|p2a: Espeon|0 fnt|[from] Stealth Rock
|faint|p2a: Espeon
|move|p1a: Medicham|Zen Headbutt|p2: Espeon|[notarget]
|-notarget
|
|
|switch|p2a: Lucario|Lucario, M|230\/262
|-damage|p2a: Lucario|198\/262|[from] Stealth Rock
|turn|36
|
|move|p2a: Lucario|Sucker Punch|p1a: Medicham
|-damage|p1a: Medicham|97\/262
|move|p1a: Medicham|High Jump Kick|p2a: Lucario
|-supereffective|p2a: Lucario
|replace|p2a: Zoroark|Zoroark, M|198\/262
|-damage|p2a: Zoroark|0 fnt
|faint|p2a: Zoroark
|
|
|switch|p2a: Lucario|Lucario, M|156\/282
|-damage|p2a: Lucario|148\/282|[from] Stealth Rock
|turn|37
|
|move|p2a: Lucario|Extreme Speed|p1a: Medicham
|-damage|p1a: Medicham|0 fnt
|-damage|p2a: Lucario|120\/282|[from] item: Life Orb
|faint|p1a: Medicham
|
|
|switch|p1a: Latios|Latios, M, shiny|302\/302
|turn|38
|
|move|p1a: Latios|Psyshock|p2a: Lucario
|-damage|p2a: Lucario|0 fnt
|-damage|p1a: Latios|272\/302|[from] item: Life Orb
|faint|p2a: Lucario
|
|win|Celtis3459
|raw|Ladder updating...
|raw|Celtis3459's rating: 1814 &rarr; <strong>1831<\/strong><br \/>(+17 for winning)
|raw|dark08's rating: 1768 &rarr; <strong>1751<\/strong><br \/>(-17 for losing)
|leave|dark08
|player|p2
|c|âCeltis3459|gg