|join|dark08
|join|Lind_U.
|player|p1|dark08|162
|player|p2|Lind_U.|163
|gametype|singles
|gen|6
|tier|OU
|rated
|clearpoke
|poke|p1|Lucario, M
|poke|p1|Zoroark, M
|poke|p1|Latios, M
|poke|p1|Scizor, M
|poke|p1|Espeon, M
|poke|p1|Umbreon, M
|poke|p2|Tyranitar, F, shiny
|poke|p2|Talonflame, M, shiny
|poke|p2|Amoonguss, M
|poke|p2|Greninja, M, shiny
|poke|p2|Azumarill, M
|poke|p2|Garchomp, F, shiny
|rule|Swagger Clause: Swagger is banned
|rule|Baton Pass Clause: Limit one PokÃ©mon knowing Baton Pass
|rule|Sleep Clause Mod: Limit one foe put to sleep
|rule|Species Clause: Limit one of each PokÃ©mon
|rule|OHKO Clause: OHKO moves are banned
|rule|Moody Clause: Moody is banned
|rule|Evasion Moves Clause: Evasion moves are banned
|rule|Endless Battle Clause: Forcing endless battles is banned
|rule|HP Percentage Mod: HP is shown in percentages
|teampreview
|
|start
|switch|p1a: Scizor|Scizor, M|343\/343
|switch|p2a: Thanatos|Garchomp, F, shiny|357\/357
|turn|1
|
|detailschange|p1a: Scizor|Scizor-Mega, M
|message|Scizor has Mega Evolved into Mega Scizor!
|move|p2a: Thanatos|Stealth Rock|p1a: Scizor
|-sidestart|p1: dark08|move: Stealth Rock
|move|p1a: Scizor|U-turn|p2a: Thanatos
|-damage|p2a: Thanatos|200\/357
|-damage|p1a: Scizor|301\/343|[from] ability: Rough Skin|[of] p2a: Thanatos
|
|switch|p1a: Latios|Latios, M|262\/262
|-damage|p1a: Latios|230\/262|[from] Stealth Rock
|
|turn|2
|
|move|p2a: Thanatos|Outrage|p1a: Latios
|-crit|p1a: Latios
|replace|p1a: Zoroark|Zoroark, M|230\/262
|-damage|p1a: Zoroark|0 fnt
|faint|p1a: Zoroark
|
|
|switch|p1a: Scizor|Scizor-Mega, M|301\/343
|-damage|p1a: Scizor|259\/343|[from] Stealth Rock
|turn|3
|
|move|p2a: Thanatos|Outrage|p1a: Scizor
|-resisted|p1a: Scizor
|-damage|p1a: Scizor|183\/343
|move|p1a: Scizor|Swords Dance|p1a: Scizor
|-boost|p1a: Scizor|atk|2
|
|turn|4
|
|move|p2a: Thanatos|Outrage|p1a: Scizor
|-resisted|p1a: Scizor
|-damage|p1a: Scizor|108\/343
|move|p1a: Scizor|Roost|p1a: Scizor
|-heal|p1a: Scizor|280\/343
|
|-end|p2a: Thanatos|rampage
|-start|p2a: Thanatos|confusion
|turn|5
|
|move|p1a: Scizor|Bullet Punch|p2a: Thanatos
|-damage|p2a: Thanatos|0 fnt
|-damage|p1a: Scizor|238\/343|[from] ability: Rough Skin|[of] p2a: Thanatos
|faint|p2a: Thanatos
|
|
|switch|p2a: Hypnos|Amoonguss, M|432\/432
|turn|6
|
|switch|p1a: Espeon|Espeon, M|272\/272
|-damage|p1a: Espeon|238\/272|[from] Stealth Rock
|move|p2a: Hypnos|Spore|p1a: Espeon
|move|p1a: Espeon|Spore|p2a: Hypnos|[from]Magic Bounce
|-fail|p2a: Hypnos
|
|turn|7
|
|move|p1a: Espeon|Dazzling Gleam|p2a: Hypnos
|-resisted|p2a: Hypnos
|-damage|p2a: Hypnos|359\/432
|-damage|p1a: Espeon|211\/272|[from] item: Life Orb
|move|p2a: Hypnos|Sludge Bomb|p1a: Espeon
|-damage|p1a: Espeon|108\/272
|
|-heal|p2a: Hypnos|386\/432|[from] item: Black Sludge
|turn|8
|
|move|p1a: Espeon|Psyshock|p2a: Hypnos
|-supereffective|p2a: Hypnos
|-damage|p2a: Hypnos|35\/432
|-damage|p1a: Espeon|81\/272|[from] item: Life Orb
|move|p2a: Hypnos|Sludge Bomb|p1a: Espeon
|-crit|p1a: Espeon
|-damage|p1a: Espeon|0 fnt
|faint|p1a: Espeon
|
|-heal|p2a: Hypnos|62\/432|[from] item: Black Sludge
|
|switch|p1a: Lucario|Lucario, M|282\/282
|-damage|p1a: Lucario|274\/282|[from] Stealth Rock
|turn|9
|
|switch|p2a: Jigoku|Talonflame, M, shiny|297\/297
|move|p1a: Lucario|Close Combat|p2a: Jigoku
|-resisted|p2a: Jigoku
|-damage|p2a: Jigoku|115\/297
|-unboost|p1a: Lucario|def|1
|-unboost|p1a: Lucario|spd|1
|-damage|p1a: Lucario|246\/282|[from] item: Life Orb
|
|turn|10
|
|move|p1a: Lucario|Extreme Speed|p2a: Jigoku
|-crit|p2a: Jigoku
|-damage|p2a: Jigoku|0 fnt
|-damage|p1a: Lucario|218\/282|[from] item: Life Orb
|faint|p2a: Jigoku
|
|
|switch|p2a: Suijin|Azumarill, M|364\/364
|turn|11
|
|move|p1a: Lucario|Close Combat|p2a: Suijin
|-resisted|p2a: Suijin
|-damage|p2a: Suijin|205\/364
|-unboost|p1a: Lucario|def|1
|-unboost|p1a: Lucario|spd|1
|-damage|p1a: Lucario|190\/282|[from] item: Life Orb
|move|p2a: Suijin|Belly Drum|p2a: Suijin
|-damage|p2a: Suijin|23\/364
|-setboost|p2a: Suijin|atk|6|[from] move: Belly Drum
|-enditem|p2a: Suijin|Sitrus Berry|[eat]
|-heal|p2a: Suijin|114\/364|[from] item: Sitrus Berry
|
|turn|12
|
|move|p1a: Lucario|Extreme Speed|p2a: Suijin
|-damage|p2a: Suijin|0 fnt
|-damage|p1a: Lucario|162\/282|[from] item: Life Orb
|faint|p2a: Suijin
|
|
|switch|p2a: Kurogami|Greninja, M, shiny|286\/286
|turn|13
|
|switch|p1a: Umbreon|Umbreon, M|394\/394
|-damage|p1a: Umbreon|345\/394|[from] Stealth Rock
|move|p2a: Kurogami|Extrasensory|p1a: Umbreon
|-start|p2a: Kurogami|typechange|Psychic|[from] Protean
|-immune|p1a: Umbreon|[msg]
|
|-heal|p1a: Umbreon|369\/394|[from] item: Leftovers
|turn|14
|
|move|p2a: Kurogami|Spikes|p1a: Umbreon
|-start|p2a: Kurogami|typechange|Ground|[from] Protean
|-sidestart|p1: dark08|Spikes
|move|p1a: Umbreon|Foul Play|p2a: Kurogami
|-damage|p2a: Kurogami|142\/286
|
|-heal|p1a: Umbreon|393\/394|[from] item: Leftovers
|turn|15
|
|switch|p2a: Hypnos|Amoonguss, M|206\/432
|move|p1a: Umbreon|Foul Play|p2a: Hypnos
|-damage|p2a: Hypnos|122\/432
|
|-heal|p1a: Umbreon|394\/394|[from] item: Leftovers
|-heal|p2a: Hypnos|149\/432|[from] item: Black Sludge
|turn|16
|
|move|p1a: Umbreon|Foul Play|p2a: Hypnos
|-damage|p2a: Hypnos|68\/432
|move|p2a: Hypnos|Spore|p1a: Umbreon
|-status|p1a: Umbreon|slp
|
|-heal|p2a: Hypnos|95\/432|[from] item: Black Sludge
|turn|17
|
|switch|p1a: Latios|Latios, M|302\/302
|-damage|p1a: Latios|265\/302|[from] Stealth Rock
|switch|p2a: Hyperion|Tyranitar, F, shiny|341\/341
|-weather|Sandstorm
|
|-weather|Sandstorm|[upkeep]
|-damage|p1a: Latios|247\/302|[from] sandstorm
|turn|18
|
|detailschange|p2a: Hyperion|Tyranitar-Mega, F, shiny
|message|Tyranitar has Mega Evolved into Mega Tyranitar!
|move|p1a: Latios|Surf|p2a: Hyperion
|-supereffective|p2a: Hyperion
|-damage|p2a: Hyperion|149\/341
|move|p2a: Hyperion|Dragon Dance|p2a: Hyperion
|-boost|p2a: Hyperion|atk|1
|-boost|p2a: Hyperion|spe|1
|
|-weather|Sandstorm|[upkeep]
|-damage|p1a: Latios|229\/302|[from] sandstorm
|turn|19
|
|switch|p1a: Umbreon|Umbreon, M|394\/394 slp
|-damage|p1a: Umbreon|345\/394 slp|[from] Stealth Rock
|-damage|p1a: Umbreon|296\/394 slp|[from] Spikes
|move|p2a: Hyperion|Ice Punch|p1a: Umbreon
|-damage|p1a: Umbreon|187\/394 slp
|
|-weather|Sandstorm|[upkeep]
|-damage|p1a: Umbreon|163\/394 slp|[from] sandstorm
|-heal|p1a: Umbreon|187\/394 slp|[from] item: Leftovers
|turn|20
|
|move|p2a: Hyperion|Dragon Dance|p2a: Hyperion
|-boost|p2a: Hyperion|atk|1
|-boost|p2a: Hyperion|spe|1
|cant|p1a: Umbreon|slp
|
|-weather|Sandstorm|[upkeep]
|-damage|p1a: Umbreon|163\/394 slp|[from] sandstorm
|-heal|p1a: Umbreon|187\/394 slp|[from] item: Leftovers
|turn|21
|
|move|p2a: Hyperion|Stone Edge|p1a: Umbreon
|-crit|p1a: Umbreon
|-damage|p1a: Umbreon|0 fnt
|faint|p1a: Umbreon
|
|-weather|none
|
|switch|p1a: Scizor|Scizor-Mega, M|238\/343
|-damage|p1a: Scizor|196\/343|[from] Stealth Rock
|-damage|p1a: Scizor|154\/343|[from] Spikes
|turn|22
|
|move|p1a: Scizor|Bullet Punch|p2a: Hyperion
|-supereffective|p2a: Hyperion
|-damage|p2a: Hyperion|0 fnt
|faint|p2a: Hyperion
|
|
|switch|p2a: Hypnos|Amoonguss, M|239\/432
|turn|23
|
|move|p1a: Scizor|Roost|p1a: Scizor
|-heal|p1a: Scizor|326\/343
|move|p2a: Hypnos|Spore|p1a: Scizor
|-status|p1a: Scizor|slp
|
|-heal|p2a: Hypnos|266\/432|[from] item: Black Sludge
|turn|24
|
|switch|p1a: Latios|Latios, M|229\/302
|-damage|p1a: Latios|192\/302|[from] Stealth Rock
|switch|p2a: Kurogami|Greninja, M, shiny|142\/286
|
|turn|25
|
|switch|p1a: Scizor|Scizor-Mega, M|326\/343 slp
|-damage|p1a: Scizor|284\/343 slp|[from] Spikes
|-damage|p1a: Scizor|242\/343 slp|[from] Stealth Rock
|move|p2a: Kurogami|Ice Beam|p1a: Scizor
|-start|p2a: Kurogami|typechange|Ice|[from] Protean
|-resisted|p1a: Scizor
|-damage|p1a: Scizor|147\/343 slp
|-damage|p2a: Kurogami|114\/286|[from] item: Life Orb
|
|turn|26
|
|move|p2a: Kurogami|Hydro Pump|p1a: Scizor
|-start|p2a: Kurogami|typechange|Water|[from] Protean
|-damage|p1a: Scizor|0 fnt
|-damage|p2a: Kurogami|86\/286|[from] item: Life Orb
|faint|p1a: Scizor
|
|
|switch|p1a: Lucario|Lucario, M|162\/282
|-damage|p1a: Lucario|127\/282|[from] Spikes
|-damage|p1a: Lucario|119\/282|[from] Stealth Rock
|turn|27
|
|switch|p2a: Hypnos|Amoonguss, M|410\/432
|move|p1a: Lucario|Extreme Speed|p2a: Hypnos
|-damage|p2a: Hypnos|310\/432
|-damage|p1a: Lucario|91\/282|[from] item: Life Orb
|
|-heal|p2a: Hypnos|337\/432|[from] item: Black Sludge
|turn|28
|
|move|p1a: Lucario|Ice Punch|p2a: Hypnos
|-supereffective|p2a: Hypnos
|-damage|p2a: Hypnos|147\/432
|-damage|p1a: Lucario|63\/282|[from] item: Life Orb
|move|p2a: Hypnos|Spore|p1a: Lucario
|-status|p1a: Lucario|slp
|
|-heal|p2a: Hypnos|174\/432|[from] item: Black Sludge
|turn|29
|
|cant|p1a: Lucario|slp
|move|p2a: Hypnos|Giga Drain|p1a: Lucario
|-resisted|p1a: Lucario
|-damage|p1a: Lucario|12\/282 slp
|-heal|p2a: Hypnos|200\/432|[from] drain|[of] p1a: Lucario
|
|-heal|p2a: Hypnos|227\/432|[from] item: Black Sludge
|turn|30
|
|-curestatus|p1a: Lucario|slp
|move|p1a: Lucario|Ice Punch|p2a: Hypnos
|-supereffective|p2a: Hypnos
|-damage|p2a: Hypnos|29\/432
|-damage|p1a: Lucario|0 fnt|[from] item: Life Orb
|faint|p1a: Lucario
|move|p2a: Hypnos|Giga Drain|p1: Lucario|[notarget]
|-notarget
|
|-heal|p2a: Hypnos|56\/432|[from] item: Black Sludge
|
|switch|p1a: Latios|Latios, M|192\/302
|-damage|p1a: Latios|155\/302|[from] Stealth Rock
|turn|31
|
|move|p1a: Latios|Draco Meteor|p2a: Hypnos
|-damage|p2a: Hypnos|0 fnt
|-unboost|p1a: Latios|spa|2
|faint|p2a: Hypnos
|
|
|switch|p2a: Kurogami|Greninja, M, shiny|86\/286
|turn|32
|
|move|p2a: Kurogami|Ice Beam|p1a: Latios
|-start|p2a: Kurogami|typechange|Ice|[from] Protean
|-supereffective|p1a: Latios
|-damage|p1a: Latios|0 fnt
|-damage|p2a: Kurogami|58\/286|[from] item: Life Orb
|faint|p1a: Latios
|
|win|Lind_U.
|raw|Ladder updating...
|raw|dark08's rating: 1749 &rarr; <strong>1725<\/strong><br \/>(-24 for losing)
|raw|Lind_U.'s rating: 1678 &rarr; <strong>1702<\/strong><br \/>(+24 for winning)
|c|âdark08|gg
|c|âLind_U.|gg
|c|âdark08|wp
|c|âLind_U.|thanks
|c|âLind_U.|super misplayed Azumarill tho