|join|dark08
|join|Will-I-am2
|player|p1|dark08|99
|player|p2|Will-I-am2|266
|gametype|singles
|gen|6
|tier|OU
|rated
|clearpoke
|poke|p1|Latios, M
|poke|p1|Lucario, F
|poke|p1|Umbreon, F
|poke|p1|Scizor, M
|poke|p1|Espeon, F
|poke|p1|Zoroark, M
|poke|p2|Registeel
|poke|p2|Mamoswine, F
|poke|p2|Hydreigon, M
|poke|p2|Slowbro, F
|poke|p2|Whimsicott, F
|poke|p2|Talonflame, M
|rule|Swagger Clause: Swagger is banned
|rule|Baton Pass Clause: Limit one PokÃ©mon knowing Baton Pass
|rule|Sleep Clause Mod: Limit one foe put to sleep
|rule|Species Clause: Limit one of each PokÃ©mon
|rule|OHKO Clause: OHKO moves are banned
|rule|Moody Clause: Moody is banned
|rule|Evasion Moves Clause: Evasion moves are banned
|rule|Endless Battle Clause: Forcing endless battles is banned
|rule|HP Percentage Mod: HP is shown in percentages
|teampreview
|join|HaxStep
|join|cute trap
|
|start
|switch|p1a: Scizor|Scizor, M|343\/343
|switch|p2a: Mamoswine|Mamoswine, F|361\/361
|turn|1
|
|switch|p2a: Talonflame|Talonflame, M|360\/360
|detailschange|p1a: Scizor|Scizor-Mega, M
|message|Scizor has Mega Evolved into Mega Scizor!
|move|p1a: Scizor|U-turn|p2a: Talonflame
|-resisted|p2a: Talonflame
|-damage|p2a: Talonflame|311\/360
|
|switch|p1a: Umbreon|Umbreon, F|394\/394
|
|-heal|p2a: Talonflame|333\/360|[from] item: Leftovers
|turn|2
|
|move|p2a: Talonflame|Will-O-Wisp|p1a: Umbreon
|-status|p1a: Umbreon|brn
|move|p1a: Umbreon|Foul Play|p2a: Talonflame
|-damage|p2a: Talonflame|272\/360
|
|-heal|p2a: Talonflame|294\/360|[from] item: Leftovers
|-damage|p1a: Umbreon|345\/394 brn|[from] brn
|turn|3
|
|switch|p2a: Mamoswine|Mamoswine, F|361\/361
|switch|p1a: Espeon|Espeon, F|272\/272
|
|turn|4
|
|switch|p1a: Umbreon|Umbreon, F|345\/394 brn
|move|p2a: Mamoswine|Earthquake|p1a: Umbreon
|-damage|p1a: Umbreon|160\/394 brn
|-damage|p2a: Mamoswine|325\/361|[from] item: Life Orb
|
|-heal|p1a: Umbreon|184\/394 brn|[from] item: Leftovers
|-damage|p1a: Umbreon|135\/394 brn|[from] brn
|turn|5
|
|move|p2a: Mamoswine|Earthquake|p1a: Umbreon
|-crit|p1a: Umbreon
|-damage|p1a: Umbreon|0 fnt
|-damage|p2a: Mamoswine|289\/361|[from] item: Life Orb
|faint|p1a: Umbreon
|
|leave|HaxStep
|
|switch|p1a: Scizor|Scizor-Mega, M|343\/343
|turn|6
|
|switch|p2a: Talonflame|Talonflame, M|294\/360
|move|p1a: Scizor|U-turn|p2a: Talonflame
|-resisted|p2a: Talonflame
|-damage|p2a: Talonflame|243\/360
|
|switch|p1a: Latios|Latios, M|262\/262
|
|-heal|p2a: Talonflame|265\/360|[from] item: Leftovers
|turn|7
|
|switch|p2a: Registeel|Registeel|364\/364
|move|p1a: Latios|Knock Off|p2a: Registeel
|-damage|p2a: Registeel|256\/364
|-enditem|p2a: Registeel|Leftovers|[from] move: Knock Off|[of] p1a: Latios
|
|turn|8
|
|switch|p1a: Espeon|Espeon, F|272\/272
|move|p2a: Registeel|Seismic Toss|p1a: Espeon
|-damage|p1a: Espeon|172\/272
|
|turn|9
|
|move|p1a: Espeon|Calm Mind|p1a: Espeon
|-boost|p1a: Espeon|spa|1
|-boost|p1a: Espeon|spd|1
|move|p2a: Registeel|Seismic Toss|p1a: Espeon
|-damage|p1a: Espeon|72\/272
|
|turn|10
|
|move|p1a: Espeon|Hidden Power|p2a: Registeel
|-supereffective|p2a: Registeel
|-damage|p2a: Registeel|82\/364
|-damage|p1a: Espeon|45\/272|[from] item: Life Orb
|move|p2a: Registeel|Seismic Toss|p1a: Espeon
|-damage|p1a: Espeon|0 fnt
|faint|p1a: Espeon
|
|
|switch|p1a: Latios|Latios, M|302\/302
|turn|11
|
|move|p1a: Latios|Surf|p2a: Registeel
|-damage|p2a: Registeel|0 fnt
|faint|p2a: Registeel
|
|
|switch|p2a: Whimsicott|Whimsicott, F|323\/323
|turn|12
|
|switch|p1a: Scizor|Scizor-Mega, M|343\/343
|move|p2a: Whimsicott|Leech Seed|p1a: Scizor
|-start|p1a: Scizor|move: Leech Seed
|
|-damage|p1a: Scizor|301\/343|[from] Leech Seed|[of] p2a: Whimsicott
|turn|13
|
|move|p2a: Whimsicott|Substitute|p2a: Whimsicott
|-start|p2a: Whimsicott|Substitute
|-damage|p2a: Whimsicott|243\/323
|move|p1a: Scizor|U-turn|p2a: Whimsicott
|-end|p2a: Whimsicott|Substitute
|
|switch|p1a: Latios|Latios, M|302\/302
|
|-heal|p2a: Whimsicott|263\/323|[from] item: Leftovers
|turn|14
|
|move|p2a: Whimsicott|Substitute|p2a: Whimsicott
|-start|p2a: Whimsicott|Substitute
|-damage|p2a: Whimsicott|183\/323
|move|p1a: Latios|Psyshock|p2a: Whimsicott
|-end|p2a: Whimsicott|Substitute
|
|-heal|p2a: Whimsicott|203\/323|[from] item: Leftovers
|turn|15
|
|move|p2a: Whimsicott|Leech Seed|p1a: Latios|[miss]
|-miss|p2a: Whimsicott|p1a: Latios
|move|p1a: Latios|Psyshock|p2a: Whimsicott
|-crit|p2a: Whimsicott
|-damage|p2a: Whimsicott|0 fnt
|faint|p2a: Whimsicott
|
|
|switch|p2a: Hydreigon|Hydreigon, M|333\/333
|turn|16
|
|switch|p1a: Scizor|Scizor-Mega, M|301\/343
|move|p2a: Hydreigon|Dark Pulse|p1a: Scizor
|-damage|p1a: Scizor|90\/343
|
|turn|17
|
|switch|p1a: Lucario|Lucario, F|282\/282
|move|p2a: Hydreigon|Dark Pulse|p1a: Lucario
|-resisted|p1a: Lucario
|-damage|p1a: Lucario|129\/282
|-boost|p1a: Lucario|atk|1|[from] ability: Justified
|
|turn|18
|
|move|p1a: Lucario|Extreme Speed|p2a: Hydreigon
|-damage|p2a: Hydreigon|151\/333
|-damage|p1a: Lucario|101\/282|[from] item: Life Orb
|move|p2a: Hydreigon|Dark Pulse|p1a: Lucario
|-resisted|p1a: Lucario
|-damage|p1a: Lucario|0 fnt
|faint|p1a: Lucario
|
|
|switch|p1a: Scizor|Scizor-Mega, M|262\/262
|turn|19
|
|move|p1a: Scizor|Low Kick|p2a: Hydreigon
|-supereffective|p2a: Hydreigon
|-damage|p2a: Hydreigon|0 fnt
|faint|p2a: Hydreigon
|
|
|switch|p2a: Talonflame|Talonflame, M|265\/360
|turn|20
|
|switch|p1a: Latios|Latios, M|302\/302
|move|p2a: Talonflame|Brave Bird|p1a: Latios
|-damage|p1a: Latios|152\/302
|-damage|p2a: Talonflame|215\/360|[from] recoil|[of] p1a: Latios
|
|-heal|p2a: Talonflame|237\/360|[from] item: Leftovers
|turn|21
|
|move|p2a: Talonflame|Roost|p2a: Talonflame
|-heal|p2a: Talonflame|360\/360
|move|p1a: Latios|Draco Meteor|p2a: Talonflame
|-damage|p2a: Talonflame|68\/360
|-unboost|p1a: Latios|spa|2
|
|-heal|p2a: Talonflame|90\/360|[from] item: Leftovers
|turn|22
|
|switch|p1a: Scizor|Scizor-Mega, M|262\/262
|move|p2a: Talonflame|Roost|p2a: Talonflame
|-heal|p2a: Talonflame|270\/360
|
|-heal|p2a: Talonflame|292\/360|[from] item: Leftovers
|turn|23
|
|move|p2a: Talonflame|Brave Bird|p1a: Scizor
|replace|p1a: Zoroark|Zoroark, M|262\/262
|-damage|p1a: Zoroark|97\/262
|-damage|p2a: Talonflame|238\/360|[from] recoil|[of] p1a: Zoroark
|move|p1a: Zoroark|Knock Off|p2a: Talonflame
|-damage|p2a: Talonflame|3\/360
|-enditem|p2a: Talonflame|Leftovers|[from] move: Knock Off|[of] p1a: Zoroark
|
|turn|24
|
|switch|p1a: Latios|Latios, M|152\/302
|move|p2a: Talonflame|Brave Bird|p1a: Latios
|-damage|p1a: Latios|8\/302
|-damage|p2a: Talonflame|0 fnt|[from] recoil|[of] p1a: Latios
|faint|p2a: Talonflame
|
|
|switch|p2a: Slowbro|Slowbro, F|394\/394
|turn|25
|
|switch|p2a: Mamoswine|Mamoswine, F|289\/361
|move|p1a: Latios|Draco Meteor|p2a: Mamoswine
|-damage|p2a: Mamoswine|0 fnt
|-unboost|p1a: Latios|spa|2
|faint|p2a: Mamoswine
|
|
|switch|p2a: Slowbro|Slowbro, F|394\/394
|turn|26
|
|switch|p1a: Scizor|Scizor-Mega, M|97\/262
|move|p2a: Slowbro|Trick Room|p2a: Slowbro
|-fieldstart|move: Trick Room|[of] p2a: Slowbro
|
|turn|27
|
|move|p1a: Scizor|Sucker Punch|p2a: Slowbro
|-supereffective|p2a: Slowbro
|-damage|p2a: Slowbro|146\/394
|move|p2a: Slowbro|Fire Blast|p1a: Scizor
|replace|p1a: Zoroark|Zoroark, M|97\/262
|-damage|p1a: Zoroark|0 fnt
|faint|p1a: Zoroark
|
|-heal|p2a: Slowbro|170\/394|[from] item: Leftovers
|
|switch|p1a: Scizor|Scizor-Mega, M|90\/343
|turn|28
|
|move|p2a: Slowbro|Scald|p1a: Scizor
|-damage|p1a: Scizor|0 fnt
|faint|p1a: Scizor
|
|-heal|p2a: Slowbro|194\/394|[from] item: Leftovers
|
|switch|p1a: Latios|Latios, M|8\/302
|turn|29
|
|move|p2a: Slowbro|Scald|p1a: Latios
|-resisted|p1a: Latios
|-damage|p1a: Latios|0 fnt
|faint|p1a: Latios
|
|win|Will-I-am2
|raw|Ladder updating...
|raw|dark08's rating: 1653 &rarr; <strong>1635<\/strong><br \/>(-18 for losing)
|raw|Will-I-am2's rating: 1695 &rarr; <strong>1712<\/strong><br \/>(+17 for winning)
|leave|dark08
|player|p1