|join|dark08
|join|bad n lucky
|player|p1|dark08|153
|player|p2|bad n lucky|33
|gametype|singles
|gen|6
|tier|OU
|rated
|clearpoke
|poke|p1|Lucario, M
|poke|p1|Latios, M
|poke|p1|Espeon, M
|poke|p1|Umbreon, M
|poke|p1|Staraptor, F
|poke|p1|Scizor, M
|poke|p2|Sableye, F
|poke|p2|Talonflame, M
|poke|p2|Celebi
|poke|p2|Heatran, M, shiny
|poke|p2|Latios, M
|poke|p2|Keldeo
|rule|Swagger Clause: Swagger is banned
|rule|Baton Pass Clause: Limit one PokÃ©mon knowing Baton Pass
|rule|Sleep Clause Mod: Limit one foe put to sleep
|rule|Species Clause: Limit one of each PokÃ©mon
|rule|OHKO Clause: OHKO moves are banned
|rule|Moody Clause: Moody is banned
|rule|Evasion Moves Clause: Evasion moves are banned
|rule|Endless Battle Clause: Forcing endless battles is banned
|rule|HP Percentage Mod: HP is shown in percentages
|teampreview
|
|start
|switch|p1a: Espeon|Espeon, M|272\/272
|switch|p2a: Sableye|Sableye, F|304\/304
|turn|1
|
|detailschange|p2a: Sableye|Sableye-Mega, F
|-mega|p2a: Sableye|Sableye|Sablenite
|move|p1a: Espeon|Calm Mind|p1a: Espeon
|-boost|p1a: Espeon|spa|1
|-boost|p1a: Espeon|spd|1
|move|p2a: Sableye|Knock Off|p1a: Espeon
|-supereffective|p1a: Espeon
|-damage|p1a: Espeon|0 fnt
|-enditem|p1a: Espeon|Life Orb|[from] move: Knock Off|[of] p2a: Sableye
|faint|p1a: Espeon
|
|
|switch|p1a: Latios|Latios, M|302\/302
|turn|2
|
|switch|p2a: Heatran|Heatran, M, shiny|386\/386
|move|p1a: Latios|Draco Meteor|p2a: Heatran|[miss]
|-miss|p1a: Latios|p2a: Heatran
|
|turn|3
|
|switch|p1a: Staraptor|Staraptor, F|312\/312
|move|p2a: Heatran|Stealth Rock|p1a: Staraptor
|-sidestart|p1: dark08|move: Stealth Rock
|
|turn|4
|
|switch|p2a: Sableye|Sableye-Mega, F|304\/304
|move|p1a: Staraptor|U-turn|p2a: Sableye
|-damage|p2a: Sableye|251\/304
|
|switch|p1a: Latios|Latios, M|302\/302
|-damage|p1a: Latios|265\/302|[from] Stealth Rock
|
|turn|5
|
|switch|p2a: Heatran|Heatran, M, shiny|386\/386
|move|p1a: Latios|Surf|p2a: Heatran
|-supereffective|p2a: Heatran
|-damage|p2a: Heatran|170\/386
|
|-heal|p2a: Heatran|194\/386|[from] item: Leftovers
|turn|6
|
|switch|p1a: Lucario|Lucario, M|282\/282
|-damage|p1a: Lucario|274\/282|[from] Stealth Rock
|move|p2a: Heatran|Protect|p2a: Heatran
|-fail|p2a: Heatran
|
|-heal|p2a: Heatran|218\/386|[from] item: Leftovers
|turn|7
|
|switch|p1a: Latios|Latios, M|265\/302
|-damage|p1a: Latios|228\/302|[from] Stealth Rock
|move|p2a: Heatran|Lava Plume|p1a: Latios
|-resisted|p1a: Latios
|-damage|p1a: Latios|171\/302
|
|-heal|p2a: Heatran|242\/386|[from] item: Leftovers
|turn|8
|
|move|p2a: Heatran|Protect|p2a: Heatran
|-singleturn|p2a: Heatran|Protect
|move|p1a: Latios|Surf|p2a: Heatran
|-activate|p2a: Heatran|Protect
|
|-heal|p2a: Heatran|266\/386|[from] item: Leftovers
|turn|9
|
|switch|p2a: Keldeo|Keldeo|323\/323
|move|p1a: Latios|Surf|p2a: Keldeo
|-resisted|p2a: Keldeo
|-damage|p2a: Keldeo|234\/323
|
|turn|10
|
|switch|p1a: Scizor|Scizor, M|343\/343
|-damage|p1a: Scizor|301\/343|[from] Stealth Rock
|move|p2a: Keldeo|Secret Sword|p1a: Scizor
|-damage|p1a: Scizor|82\/343
|
|turn|11
|
|switch|p1a: Latios|Latios, M|171\/302
|-damage|p1a: Latios|134\/302|[from] Stealth Rock
|move|p2a: Keldeo|Secret Sword|p1a: Latios
|-resisted|p1a: Latios
|-damage|p1a: Latios|10\/302
|
|turn|12
|
|switch|p2a: Heatran|Heatran, M, shiny|266\/386
|move|p1a: Latios|Surf|p2a: Heatran
|-supereffective|p2a: Heatran
|-damage|p2a: Heatran|44\/386
|
|-heal|p2a: Heatran|68\/386|[from] item: Leftovers
|turn|13
|
|switch|p2a: Celebi|Celebi|404\/404
|move|p1a: Latios|Surf|p2a: Celebi
|-resisted|p2a: Celebi
|-damage|p2a: Celebi|333\/404
|
|-heal|p2a: Celebi|358\/404|[from] item: Leftovers
|turn|14
|
|move|p1a: Latios|Surf|p2a: Celebi
|-resisted|p2a: Celebi
|-damage|p2a: Celebi|284\/404
|move|p2a: Celebi|Giga Drain|p1a: Latios
|-resisted|p1a: Latios
|-damage|p1a: Latios|0 fnt
|-heal|p2a: Celebi|289\/404|[from] drain|[of] p1a: Latios
|faint|p1a: Latios
|
|-heal|p2a: Celebi|314\/404|[from] item: Leftovers
|
|switch|p1a: Scizor|Scizor, M|82\/343
|-damage|p1a: Scizor|40\/343|[from] Stealth Rock
|turn|15
|
|detailschange|p1a: Scizor|Scizor-Mega, M
|-mega|p1a: Scizor|Scizor|Scizorite
|move|p2a: Celebi|Baton Pass|p2a: Celebi
|
|switch|p2a: Talonflame|Talonflame, M|319\/319
|move|p1a: Scizor|U-turn|p2a: Talonflame
|-crit|p2a: Talonflame
|-resisted|p2a: Talonflame
|-damage|p2a: Talonflame|248\/319
|
|switch|p1a: Umbreon|Umbreon, M|394\/394
|-damage|p1a: Umbreon|345\/394|[from] Stealth Rock
|
|-heal|p1a: Umbreon|369\/394|[from] item: Leftovers
|turn|16
|
|switch|p2a: Heatran|Heatran, M, shiny|68\/386
|move|p1a: Umbreon|Toxic|p2a: Heatran
|-fail|p2a: Heatran
|
|-heal|p2a: Heatran|92\/386|[from] item: Leftovers
|-heal|p1a: Umbreon|393\/394|[from] item: Leftovers
|turn|17
|
|move|p2a: Heatran|Toxic|p1a: Umbreon
|-status|p1a: Umbreon|tox
|move|p1a: Umbreon|Foul Play|p2a: Heatran
|-damage|p2a: Heatran|16\/386
|
|-heal|p2a: Heatran|40\/386|[from] item: Leftovers
|-heal|p1a: Umbreon|394\/394 tox|[from] item: Leftovers
|-damage|p1a: Umbreon|370\/394 tox|[from] psn
|turn|18
|
|switch|p2a: Keldeo|Keldeo|234\/323
|move|p1a: Umbreon|Foul Play|p2a: Keldeo
|-resisted|p2a: Keldeo
|-damage|p2a: Keldeo|180\/323
|-boost|p2a: Keldeo|atk|1|[from] ability: Justified
|
|-heal|p1a: Umbreon|394\/394 tox|[from] item: Leftovers
|-damage|p1a: Umbreon|346\/394 tox|[from] psn
|turn|19
|
|switch|p1a: Scizor|Scizor-Mega, M|40\/343
|-damage|p1a: Scizor|0 fnt|[from] Stealth Rock
|faint|p1a: Scizor
|move|p2a: Keldeo|Secret Sword|p1: Scizor|[notarget]
|-notarget
|
|
|switch|p1a: Staraptor|Staraptor, F|312\/312
|-damage|p1a: Staraptor|234\/312|[from] Stealth Rock
|turn|20
|
|switch|p2a: Heatran|Heatran, M, shiny|40\/386
|move|p1a: Staraptor|Brave Bird|p2a: Heatran
|-resisted|p2a: Heatran
|-damage|p2a: Heatran|0 fnt
|-damage|p1a: Staraptor|221\/312|[from] recoil|[of] p2a: Heatran
|faint|p2a: Heatran
|
|
|switch|p2a: Talonflame|Talonflame, M|248\/319
|turn|21
|
|switch|p1a: Umbreon|Umbreon, M|346\/394 tox
|-damage|p1a: Umbreon|297\/394 tox|[from] Stealth Rock
|move|p2a: Talonflame|Brave Bird|p1a: Umbreon
|-damage|p1a: Umbreon|159\/394 tox
|-damage|p2a: Talonflame|202\/319|[from] recoil|[of] p1a: Umbreon
|
|-heal|p1a: Umbreon|183\/394 tox|[from] item: Leftovers
|-damage|p1a: Umbreon|159\/394 tox|[from] psn
|turn|22
|
|switch|p2a: Keldeo|Keldeo|180\/323
|move|p1a: Umbreon|Wish|p1a: Umbreon
|
|-heal|p1a: Umbreon|183\/394 tox|[from] item: Leftovers
|-damage|p1a: Umbreon|135\/394 tox|[from] psn
|turn|23
|
|move|p2a: Keldeo|Secret Sword|p1a: Umbreon
|-supereffective|p1a: Umbreon
|-damage|p1a: Umbreon|0 fnt
|faint|p1a: Umbreon
|
|
|switch|p1a: Staraptor|Staraptor, F|221\/312
|-damage|p1a: Staraptor|143\/312|[from] Stealth Rock
|turn|24
|
|switch|p2a: Celebi|Celebi|314\/404
|move|p1a: Staraptor|Brave Bird|p2a: Celebi
|-supereffective|p2a: Celebi
|-damage|p2a: Celebi|0 fnt
|-damage|p1a: Staraptor|39\/312|[from] recoil|[of] p2a: Celebi
|faint|p2a: Celebi
|
|
|switch|p2a: Talonflame|Talonflame, M|202\/319
|turn|25
|
|move|p2a: Talonflame|Brave Bird|p1a: Staraptor
|-damage|p1a: Staraptor|0 fnt
|-damage|p2a: Talonflame|189\/319|[from] recoil|[of] p1a: Staraptor
|faint|p1a: Staraptor
|
|
|switch|p1a: Lucario|Lucario, M|274\/282
|-damage|p1a: Lucario|266\/282|[from] Stealth Rock
|turn|26
|
|move|p1a: Lucario|Extreme Speed|p2a: Talonflame
|-damage|p2a: Talonflame|19\/319
|-damage|p1a: Lucario|238\/282|[from] item: Life Orb
|move|p2a: Talonflame|Flare Blitz|p1a: Lucario
|-supereffective|p1a: Lucario
|-damage|p1a: Lucario|0 fnt
|-damage|p2a: Talonflame|0 fnt|[from] recoil|[of] p1a: Lucario
|faint|p1a: Lucario
|faint|p2a: Talonflame
|
|win|bad n lucky
|raw|Ladder updating...
|raw|dark08's rating: 1553 &rarr; <strong>1530<\/strong><br \/>(-23 for losing)
|raw|bad n lucky's rating: 1487 &rarr; <strong>1511<\/strong><br \/>(+24 for winning)
|leave|dark08
|player|p1