|join|Eckleburg
|join|dark08
|player|p1|Eckleburg|160
|player|p2|dark08|153
|gametype|singles
|gen|6
|tier|OU
|rated
|clearpoke
|poke|p1|Manaphy
|poke|p1|Toxicroak, M
|poke|p1|Swampert, M
|poke|p1|Celebi
|poke|p1|Politoed, F
|poke|p1|Klefki, F
|poke|p2|Lucario, M
|poke|p2|Latios, M
|poke|p2|Espeon, M
|poke|p2|Umbreon, M
|poke|p2|Zoroark, M
|poke|p2|Scizor, M
|rule|Swagger Clause: Swagger is banned
|rule|Baton Pass Clause: Limit one PokÃ©mon knowing Baton Pass
|rule|Sleep Clause Mod: Limit one foe put to sleep
|rule|Species Clause: Limit one of each PokÃ©mon
|rule|OHKO Clause: OHKO moves are banned
|rule|Moody Clause: Moody is banned
|rule|Evasion Moves Clause: Evasion moves are banned
|rule|Endless Battle Clause: Forcing endless battles is banned
|rule|HP Percentage Mod: HP is shown in percentages
|teampreview
|
|start
|switch|p1a: Cle|Klefki, F|318\/318
|switch|p2a: Latios|Latios, M|302\/302
|turn|1
|
|switch|p2a: Espeon|Espeon, M|272\/272
|move|p1a: Cle|Reflect|p1a: Cle
|-sidestart|p1: Eckleburg|Reflect
|
|turn|2
|
|move|p1a: Cle|Light Screen|p1a: Cle
|-sidestart|p1: Eckleburg|move: Light Screen
|move|p2a: Espeon|Calm Mind|p2a: Espeon
|-boost|p2a: Espeon|spa|1
|-boost|p2a: Espeon|spd|1
|
|turn|3
|
|switch|p1a: Manaphy|Manaphy|404\/404
|move|p2a: Espeon|Calm Mind|p2a: Espeon
|-boost|p2a: Espeon|spa|1
|-boost|p2a: Espeon|spd|1
|
|turn|4
|
|move|p2a: Espeon|Calm Mind|p2a: Espeon
|-boost|p2a: Espeon|spa|1
|-boost|p2a: Espeon|spd|1
|move|p1a: Manaphy|Tail Glow|p1a: Manaphy
|-boost|p1a: Manaphy|spa|3
|
|turn|5
|
|move|p2a: Espeon|Psyshock|p1a: Manaphy
|-damage|p1a: Manaphy|177\/404
|-damage|p2a: Espeon|245\/272|[from] item: Life Orb
|move|p1a: Manaphy|Tail Glow|p1a: Manaphy
|-boost|p1a: Manaphy|spa|3
|
|-heal|p1a: Manaphy|202\/404|[from] item: Leftovers
|turn|6
|
|move|p2a: Espeon|Psyshock|p1a: Manaphy
|-damage|p1a: Manaphy|0 fnt
|-damage|p2a: Espeon|218\/272|[from] item: Life Orb
|faint|p1a: Manaphy
|
|c|âEckleburg|hm that was more dmg than i thought
|c|âdark08|yeah calm mind espeon is a beast wth life orb
|c|âEckleburg|indeed
|
|switch|p1a: Cheneau|Swampert, M|367\/367
|turn|7
|
|detailschange|p1a: Cheneau|Swampert-Mega, M
|-mega|p1a: Cheneau|Swampert|Swampertite
|move|p2a: Espeon|Psyshock|p1a: Cheneau
|-damage|p1a: Cheneau|141\/367
|-damage|p2a: Espeon|191\/272|[from] item: Life Orb
|move|p1a: Cheneau|Waterfall|p2a: Espeon
|-damage|p2a: Espeon|0 fnt
|faint|p2a: Espeon
|
|
|switch|p2a: Umbreon|Umbreon, M|394\/394
|turn|8
|
|switch|p1a: Cle|Klefki, F|318\/318
|move|p2a: Umbreon|Toxic|p1a: Cle
|-fail|p1a: Cle
|
|-sideend|p1: Eckleburg|Reflect
|turn|9
|
|switch|p2a: Scizor|Scizor, M|343\/343
|move|p1a: Cle|Reflect|p1a: Cle
|-sidestart|p1: Eckleburg|Reflect
|
|-sideend|p1: Eckleburg|move: Light Screen
|turn|10
|
|detailschange|p2a: Scizor|Scizor-Mega, M
|-mega|p2a: Scizor|Scizor|Scizorite
|move|p1a: Cle|Light Screen|p1a: Cle
|-sidestart|p1: Eckleburg|move: Light Screen
|move|p2a: Scizor|Swords Dance|p2a: Scizor
|-boost|p2a: Scizor|atk|2
|
|turn|11
|
|move|p1a: Cle|Foul Play|p2a: Scizor
|-damage|p2a: Scizor|138\/343
|move|p2a: Scizor|U-turn|p1a: Cle
|-resisted|p1a: Cle
|-damage|p1a: Cle|291\/318
|
|switch|p2a: Umbreon|Umbreon, M|394\/394
|
|turn|12
|
|switch|p1a: Pluie|Politoed, F|384\/384
|-weather|RainDance
|move|p2a: Umbreon|Wish|p2a: Umbreon
|
|-weather|RainDance|[upkeep]
|turn|13
|
|switch|p1a: Bulle|Toxicroak, M|308\/308
|switch|p2a: Latios|Latios, M|302\/302
|
|-weather|RainDance|[upkeep]
|turn|14
|
|move|p2a: Latios|Psyshock|p1a: Bulle
|-supereffective|p1a: Bulle
|-damage|p1a: Bulle|0 fnt
|faint|p1a: Bulle
|
|-weather|RainDance|[upkeep]
|c|âEckleburg|I underestimate those psyschocks lol
|c|âEckleburg|xd
|c|âEckleburg|specs?
|c|âEckleburg|oh wait, u dont need to tell me now
|
|switch|p1a: Celebi|Celebi|404\/404
|turn|15
|c|âEckleburg|this would be unfair lol
|c|âdark08|yeah haha plus its 4 times
|c|âdark08|lol all good man haha
|c|âEckleburg|ah...4 times. forget that too
|
|switch|p2a: Umbreon|Umbreon, M|394\/394
|move|p1a: Celebi|Stealth Rock|p2a: Umbreon
|-sidestart|p2: dark08|move: Stealth Rock
|
|-weather|RainDance|[upkeep]
|turn|16
|
|switch|p1a: Cheneau|Swampert-Mega, M|141\/367
|move|p2a: Umbreon|Wish|p2a: Umbreon
|
|-weather|RainDance|[upkeep]
|-sideend|p1: Eckleburg|Reflect
|turn|17
|c|âEckleburg|lost 2 of my offensive mon, dont think that ill win this anymore, but gg so far
|
|move|p1a: Cheneau|Waterfall|p2a: Umbreon
|-damage|p2a: Umbreon|207\/394
|cant|p2a: Umbreon|flinch
|
|-weather|RainDance|[upkeep]
|-heal|p2a: Umbreon|394\/394|[from] move: Wish|[wisher] Umbreon
|-sideend|p1: Eckleburg|move: Light Screen
|turn|18
|c|âdark08|never know man u still got mega swampert poli and klefki makes things a little tricky if Im not careful
|
|switch|p1a: Cle|Klefki, F|291\/318
|move|p2a: Umbreon|Foul Play|p1a: Cle
|-resisted|p1a: Cle
|-damage|p1a: Cle|263\/318
|
|-weather|RainDance|[upkeep]
|turn|19
|
|move|p1a: Cle|Light Screen|p1a: Cle
|-sidestart|p1: Eckleburg|move: Light Screen
|move|p2a: Umbreon|Wish|p2a: Umbreon
|
|-weather|none
|turn|20
|
|switch|p2a: Scizor|Scizor-Mega, M|138\/343
|-damage|p2a: Scizor|96\/343|[from] Stealth Rock
|move|p1a: Cle|Reflect|p1a: Cle
|-sidestart|p1: Eckleburg|Reflect
|
|-heal|p2a: Scizor|293\/343|[from] move: Wish|[wisher] Umbreon
|turn|21
|
|move|p1a: Cle|Thunder Wave|p2a: Scizor
|-status|p2a: Scizor|par
|move|p2a: Scizor|Bullet Punch|p1a: Cle
|-damage|p1a: Cle|215\/318
|
|turn|22
|
|switch|p1a: Pluie|Politoed, F|384\/384
|-weather|RainDance
|move|p2a: Scizor|U-turn|p1a: Pluie
|-damage|p1a: Pluie|314\/384
|
|switch|p2a: Latios|Latios, M|302\/302
|-damage|p2a: Latios|265\/302|[from] Stealth Rock
|
|-weather|RainDance|[upkeep]
|turn|23
|
|move|p2a: Latios|Psyshock|p1a: Pluie
|-damage|p1a: Pluie|212\/384
|move|p1a: Pluie|Scald|p2a: Latios
|-resisted|p2a: Latios
|-damage|p2a: Latios|204\/302
|
|-weather|RainDance|[upkeep]
|turn|24
|
|move|p2a: Latios|Psyshock|p1a: Pluie
|-damage|p1a: Pluie|101\/384
|move|p1a: Pluie|Scald|p2a: Latios
|-resisted|p2a: Latios
|-damage|p2a: Latios|146\/302
|
|-weather|RainDance|[upkeep]
|turn|25
|
|switch|p1a: Celebi|Celebi|404\/404
|move|p2a: Latios|Psyshock|p1a: Celebi
|-resisted|p1a: Celebi
|-damage|p1a: Celebi|347\/404
|
|-weather|RainDance|[upkeep]
|-heal|p1a: Celebi|372\/404|[from] item: Leftovers
|turn|26
|
|switch|p2a: Scizor|Scizor-Mega, M|293\/343 par
|-damage|p2a: Scizor|251\/343 par|[from] Stealth Rock
|move|p1a: Celebi|Giga Drain|p2a: Scizor
|-resisted|p2a: Scizor
|-damage|p2a: Scizor|230\/343 par
|-heal|p1a: Celebi|383\/404|[from] drain|[of] p2a: Scizor
|
|-weather|RainDance|[upkeep]
|-heal|p1a: Celebi|404\/404|[from] item: Leftovers
|-sideend|p1: Eckleburg|move: Light Screen
|turn|27
|
|switch|p1a: Cle|Klefki, F|215\/318
|move|p2a: Scizor|Swords Dance|p2a: Scizor
|-boost|p2a: Scizor|atk|2
|
|-weather|RainDance|[upkeep]
|-sideend|p1: Eckleburg|Reflect
|turn|28
|
|move|p1a: Cle|Reflect|p1a: Cle
|-sidestart|p1: Eckleburg|Reflect
|move|p2a: Scizor|Bullet Punch|p1a: Cle
|-damage|p1a: Cle|121\/318
|
|-weather|RainDance|[upkeep]
|turn|29
|
|switch|p2a: Umbreon|Umbreon, M|394\/394
|-damage|p2a: Umbreon|345\/394|[from] Stealth Rock
|move|p1a: Cle|Foul Play|p2a: Umbreon
|-resisted|p2a: Umbreon
|-damage|p2a: Umbreon|330\/394
|
|-weather|none
|-heal|p2a: Umbreon|354\/394|[from] item: Leftovers
|turn|30
|
|switch|p2a: Scizor|Scizor-Mega, M|230\/343 par
|-damage|p2a: Scizor|188\/343 par|[from] Stealth Rock
|move|p1a: Cle|Thunder Wave|p2a: Scizor
|-fail|p2a: Scizor|par
|
|turn|31
|
|move|p1a: Cle|Foul Play|p2a: Scizor
|-damage|p2a: Scizor|76\/343 par
|cant|p2a: Scizor|par
|
|turn|32
|
|cant|p2a: Scizor|par
|move|p1a: Cle|Foul Play|p2a: Scizor
|-damage|p2a: Scizor|0 fnt
|faint|p2a: Scizor
|
|
|switch|p2a: Umbreon|Umbreon, M|261\/261
|-damage|p2a: Umbreon|229\/261|[from] Stealth Rock
|turn|33
|
|move|p1a: Cle|Thunder Wave|p2a: Umbreon
|-status|p2a: Umbreon|par
|move|p2a: Umbreon|Flamethrower|p1a: Cle
|-supereffective|p1a: Cle
|-damage|p1a: Cle|0 fnt
|faint|p1a: Cle
|
|c|âEckleburg|o_o
|c|âEckleburg|That was so unexpected
|c|âEckleburg|xD
|c|âdark08|new that I could catch u with that haha
|
|switch|p1a: Pluie|Politoed, F|101\/384
|-weather|RainDance
|turn|34
|c|âdark08|zoroark is too amazing haha
|c|âEckleburg|Ah!!!
|c|âEckleburg|U got me
|c|âEckleburg|xddd
|c|âdark08|its the best feeling no one expects him to be umbreon
|
|move|p2a: Umbreon|Sucker Punch|p1a: Pluie
|-damage|p1a: Pluie|35\/384
|move|p1a: Pluie|Scald|p2a: Umbreon
|replace|p2a: Zoroark|Zoroark, M|229\/261 par
|-damage|p2a: Zoroark|21\/261 par
|
|-weather|RainDance|[upkeep]
|turn|35
|
|move|p1a: Pluie|Scald|p2a: Zoroark
|-damage|p2a: Zoroark|0 fnt
|faint|p2a: Zoroark
|
|-weather|RainDance|[upkeep]
|-sideend|p1: Eckleburg|Reflect
|c|âdark08|nice
|c|âEckleburg|Phew
|
|switch|p2a: Lucario|Lucario, M|282\/282
|-damage|p2a: Lucario|274\/282|[from] Stealth Rock
|turn|36
|
|move|p2a: Lucario|Ice Punch|p1a: Pluie
|-resisted|p1a: Pluie
|-damage|p1a: Pluie|0 fnt
|-damage|p2a: Lucario|246\/282|[from] item: Life Orb
|faint|p1a: Pluie
|
|-weather|RainDance|[upkeep]
|
|switch|p1a: Cheneau|Swampert-Mega, M|141\/367
|turn|37
|
|move|p2a: Lucario|Extreme Speed|p1a: Cheneau
|-damage|p1a: Cheneau|37\/367
|-damage|p2a: Lucario|218\/282|[from] item: Life Orb
|move|p1a: Cheneau|Waterfall|p2a: Lucario
|-damage|p2a: Lucario|0 fnt
|faint|p2a: Lucario
|
|-weather|RainDance|[upkeep]
|
|switch|p2a: Umbreon|Umbreon, M|354\/394
|-damage|p2a: Umbreon|305\/394|[from] Stealth Rock
|turn|38
|
|move|p2a: Umbreon|Protect|p2a: Umbreon
|-singleturn|p2a: Umbreon|Protect
|move|p1a: Cheneau|Superpower|p2a: Umbreon
|-activate|p2a: Umbreon|Protect
|
|-weather|RainDance|[upkeep]
|-heal|p2a: Umbreon|329\/394|[from] item: Leftovers
|turn|39
|c|âEckleburg|xd
|
|move|p1a: Cheneau|Superpower|p2a: Umbreon
|-supereffective|p2a: Umbreon
|-damage|p2a: Umbreon|73\/394
|-unboost|p1a: Cheneau|atk|1
|-unboost|p1a: Cheneau|def|1
|move|p2a: Umbreon|Wish|p2a: Umbreon
|
|-weather|RainDance|[upkeep]
|-heal|p2a: Umbreon|97\/394|[from] item: Leftovers
|turn|40
|c|âdark08|max def max hp
|c|âEckleburg|Oh man, Wish Protect can be frustrating
|
|switch|p1a: Celebi|Celebi|404\/404
|move|p2a: Umbreon|Protect|p2a: Umbreon
|-fail|p2a: Umbreon
|
|-weather|RainDance|[upkeep]
|-heal|p2a: Umbreon|294\/394|[from] move: Wish|[wisher] Umbreon
|-heal|p2a: Umbreon|318\/394|[from] item: Leftovers
|turn|41
|c|âdark08|yeah
|c|âdark08|Im usually not a fan of stall pokemon but I just value umbreon way too much haha been using him since gen 3
|
|move|p2a: Umbreon|Protect|p2a: Umbreon
|-singleturn|p2a: Umbreon|Protect
|move|p1a: Celebi|Giga Drain|p2a: Umbreon
|-activate|p2a: Umbreon|Protect
|
|-weather|none
|-heal|p2a: Umbreon|342\/394|[from] item: Leftovers
|turn|42
|
|move|p1a: Celebi|Giga Drain|p2a: Umbreon
|-damage|p2a: Umbreon|264\/394
|move|p2a: Umbreon|Foul Play|p1a: Celebi
|-supereffective|p1a: Celebi
|-damage|p1a: Celebi|218\/404
|
|-heal|p1a: Celebi|243\/404|[from] item: Leftovers
|-heal|p2a: Umbreon|288\/394|[from] item: Leftovers
|turn|43
|c|âEckleburg|Oh man, too much dmg. Well gg I think
|
|move|p1a: Celebi|Giga Drain|p2a: Umbreon
|-damage|p2a: Umbreon|210\/394
|-heal|p1a: Celebi|282\/404|[from] drain|[of] p2a: Umbreon
|move|p2a: Umbreon|Foul Play|p1a: Celebi
|-supereffective|p1a: Celebi
|-damage|p1a: Celebi|118\/404
|
|-heal|p1a: Celebi|143\/404|[from] item: Leftovers
|-heal|p2a: Umbreon|234\/394|[from] item: Leftovers
|turn|44
|c|âdark08|yeah at this point I would think so
|
|move|p1a: Celebi|Giga Drain|p2a: Umbreon
|-damage|p2a: Umbreon|167\/394
|-heal|p1a: Celebi|177\/404|[from] drain|[of] p2a: Umbreon
|move|p2a: Umbreon|Foul Play|p1a: Celebi
|-supereffective|p1a: Celebi
|-damage|p1a: Celebi|9\/404
|
|-heal|p1a: Celebi|34\/404|[from] item: Leftovers
|-heal|p2a: Umbreon|191\/394|[from] item: Leftovers
|turn|45
|c|âEckleburg|A crit would be cool now. With swampi.
|c|âEckleburg|xd
|c|âdark08|haha
|
|move|p1a: Celebi|Healing Wish|p1a: Celebi
|faint|p1a: Celebi
|move|p2a: Umbreon|Foul Play|p1: Celebi|[notarget]
|-notarget
|
|-heal|p2a: Umbreon|215\/394|[from] item: Leftovers
|
|switch|p1a: Cheneau|Swampert-Mega, M|37\/367
|-heal|p1a: Cheneau|367\/367|[from] move: Healing Wish
|turn|46
|
|switch|p2a: Latios|Latios, M|146\/302
|-damage|p2a: Latios|109\/302|[from] Stealth Rock
|move|p1a: Cheneau|Earthquake|p2a: Latios
|-immune|p2a: Latios|[msg]
|
|turn|47
|c|âdark08|damn man nice
|
|move|p2a: Latios|Draco Meteor|p1a: Cheneau
|-damage|p1a: Cheneau|28\/367
|-unboost|p2a: Latios|spa|2
|move|p1a: Cheneau|Ice Punch|p2a: Latios
|-supereffective|p2a: Latios
|-damage|p2a: Latios|0 fnt
|faint|p2a: Latios
|
|c|âEckleburg|Hmmmmmm.
|c|âEckleburg|Well
|
|switch|p2a: Umbreon|Umbreon, M|215\/394
|-damage|p2a: Umbreon|166\/394|[from] Stealth Rock
|turn|48
|c|âEckleburg|My Healing Wish was kinda cool now
|c|âEckleburg|lol
|
|move|p2a: Umbreon|Protect|p2a: Umbreon
|-singleturn|p2a: Umbreon|Protect
|move|p1a: Cheneau|Superpower|p2a: Umbreon
|-activate|p2a: Umbreon|Protect
|
|-heal|p2a: Umbreon|190\/394|[from] item: Leftovers
|turn|49
|c|âdark08|lol well played man
|c|âEckleburg|GG, really.
|
|move|p1a: Cheneau|Superpower|p2a: Umbreon
|-supereffective|p2a: Umbreon
|-damage|p2a: Umbreon|0 fnt
|-unboost|p1a: Cheneau|atk|1
|-unboost|p1a: Cheneau|def|1
|faint|p2a: Umbreon
|
|win|Eckleburg
|raw|Ladder updating...
|raw|Eckleburg's rating: 1536 &rarr; <strong>1558<\/strong><br \/>(+22 for winning)
|raw|dark08's rating: 1565 &rarr; <strong>1543<\/strong><br \/>(-22 for losing)