|join|dark08
|join|clamo
|player|p1|dark08|153
|player|p2|clamo|170
|gametype|singles
|gen|6
|tier|OU
|rated
|clearpoke
|poke|p1|Lucario, M
|poke|p1|Zoroark, M
|poke|p1|Latios, M
|poke|p1|Scizor, M
|poke|p1|Espeon, M
|poke|p1|Umbreon, M
|poke|p2|Talonflame, M
|poke|p2|Bisharp, F
|poke|p2|Deoxys-Speed
|poke|p2|Aegislash, M
|poke|p2|Heracross, M
|poke|p2|Skarmory, F
|rule|Sleep Clause Mod: Limit one foe put to sleep
|rule|Species Clause: Limit one of each Pokemon
|rule|OHKO Clause: OHKO moves are banned
|rule|Moody Clause: Moody is banned
|rule|Evasion Moves Clause: Evasion moves are banned
|rule|Endless Battle Clause: Forcing endless battles is banned.
|rule|HP Percentage Mod: HP is reported as percentages
|teampreview
|join|BlahBlahBlahTest
|
|start
|switch|p1a: Scizor|Scizor, M|344\/344
|switch|p2a: Deoxys-Speed|Deoxys-Speed|241\/241
|-ability|p2a: Deoxys-Speed|Pressure
|turn|1
|
|switch|p1a: Espeon|Espeon, M|334\/334
|move|p2a: Deoxys-Speed|Stealth Rock|p1a: Espeon
|move|p1a: Espeon|Stealth Rock|p2a: Deoxys-Speed|[from]Magic Bounce
|-sidestart|p2: clamo|move: Stealth Rock
|
|turn|2
|
|switch|p2a: Aegislash|Aegislash, M|261\/261
|-damage|p2a: Aegislash|245\/261|[from] Stealth Rock
|-item|p2a: Aegislash|Air Balloon
|move|p1a: Espeon|Reflect|p1a: Espeon
|-sidestart|p1: dark08|Reflect
|
|turn|3
|
|switch|p1a: Umbreon|Umbreon, M|394\/394
|-formechange|p2a: Aegislash|Aegislash-Blade
|move|p2a: Aegislash|Shadow Sneak|p1a: Umbreon
|-resisted|p1a: Umbreon
|-damage|p1a: Umbreon|384\/394
|
|-heal|p1a: Umbreon|394\/394|[from] item: Leftovers
|turn|4
|
|switch|p2a: Skarmory|Skarmory, F|271\/271
|-damage|p2a: Skarmory|238\/271|[from] Stealth Rock
|move|p1a: Umbreon|Foul Play|p2a: Skarmory
|-damage|p2a: Skarmory|151\/271
|-boost|p2a: Skarmory|spe|1|[from] ability: Weak Armor
|-unboost|p2a: Skarmory|def|1|[from] ability: Weak Armor
|
|turn|5
|
|switch|p1a: Espeon|Espeon, M|334\/334
|move|p2a: Skarmory|Brave Bird|p1a: Espeon
|-damage|p1a: Espeon|196\/334
|-damage|p2a: Skarmory|105\/271|[from] recoil|[of] p1a: Espeon
|-damage|p2a: Skarmory|78\/271|[from] item: Life Orb
|
|turn|6
|
|move|p2a: Skarmory|Iron Head|p1a: Espeon
|-damage|p1a: Espeon|100\/334
|-damage|p2a: Skarmory|51\/271|[from] item: Life Orb
|move|p1a: Espeon|Psychic|p2a: Skarmory
|-resisted|p2a: Skarmory
|-damage|p2a: Skarmory|0 fnt
|faint|p2a: Skarmory
|
|
|switch|p2a: Aegislash|Aegislash, M|245\/261
|-damage|p2a: Aegislash|229\/261|[from] Stealth Rock
|-item|p2a: Aegislash|Air Balloon
|turn|7
|
|switch|p1a: Umbreon|Umbreon, M|394\/394
|-formechange|p2a: Aegislash|Aegislash-Blade
|move|p2a: Aegislash|Shadow Ball|p1a: Umbreon
|-resisted|p1a: Umbreon
|-damage|p1a: Umbreon|323\/394
|
|-heal|p1a: Umbreon|347\/394|[from] item: Leftovers
|turn|8
|
|move|p2a: Aegislash|Sacred Sword|p1a: Umbreon
|-supereffective|p1a: Umbreon
|-damage|p1a: Umbreon|282\/394
|move|p1a: Umbreon|Foul Play|p2a: Aegislash
|-supereffective|p2a: Aegislash
|-damage|p2a: Aegislash|0 fnt
|-enditem|p2a: Aegislash|Air Balloon
|faint|p2a: Aegislash
|
|-heal|p1a: Umbreon|306\/394|[from] item: Leftovers
|
|switch|p2a: Heracross|Heracross, M|301\/301
|-damage|p2a: Heracross|264\/301|[from] Stealth Rock
|turn|9
|
|switch|p1a: Scizor|Scizor, M|344\/344
|move|p2a: Heracross|Substitute|p2a: Heracross
|-start|p2a: Heracross|Substitute
|-damage|p2a: Heracross|189\/301
|
|-sideend|p1: dark08|Reflect
|turn|10
|
|-formechange|p2a: Heracross|Heracross-Mega
|message|Heracross has Mega Evolved into Mega Heracross!
|move|p1a: Scizor|Bullet Punch|p2a: Heracross
|-end|p2a: Heracross|Substitute
|move|p2a: Heracross|Rock Blast|p1a: Scizor
|-damage|p1a: Scizor|307\/344
|-damage|p1a: Scizor|265\/344
|-damage|p1a: Scizor|223\/344
|-damage|p1a: Scizor|185\/344
|-damage|p1a: Scizor|142\/344
|-hitcount|p1a: Scizor|5
|
|turn|11
|
|move|p1a: Scizor|Bullet Punch|p2a: Heracross
|-damage|p2a: Heracross|32\/301
|move|p2a: Heracross|Rock Blast|p1a: Scizor
|-damage|p1a: Scizor|104\/344
|-damage|p1a: Scizor|63\/344
|-damage|p1a: Scizor|24\/344
|-damage|p1a: Scizor|0 fnt
|-hitcount|p1a: Scizor|4
|faint|p1a: Scizor
|
|
|switch|p1a: Espeon|Espeon, M|100\/334
|turn|12
|
|move|p1a: Espeon|Dazzling Gleam|p2a: Heracross
|-supereffective|p2a: Heracross
|-damage|p2a: Heracross|0 fnt
|faint|p2a: Heracross
|
|
|switch|p2a: Bisharp|Bisharp, F|272\/272
|-damage|p2a: Bisharp|255\/272|[from] Stealth Rock
|turn|13
|
|move|p1a: Espeon|Reflect|p1a: Espeon
|-sidestart|p1: dark08|Reflect
|move|p2a: Bisharp|Knock Off|p1a: Espeon
|-supereffective|p1a: Espeon
|-damage|p1a: Espeon|0 fnt
|-damage|p2a: Bisharp|228\/272|[from] item: Life Orb
|faint|p1a: Espeon
|
|
|switch|p1a: Lucario|Lucario, M|282\/282
|turn|14
|
|move|p1a: Lucario|Aura Sphere|p2a: Bisharp
|-supereffective|p2a: Bisharp
|-damage|p2a: Bisharp|0 fnt
|-damage|p1a: Lucario|254\/282|[from] item: Life Orb
|faint|p2a: Bisharp
|
|
|switch|p2a: Deoxys-Speed|Deoxys-Speed|241\/241
|-damage|p2a: Deoxys-Speed|211\/241|[from] Stealth Rock
|-ability|p2a: Deoxys-Speed|Pressure
|turn|15
|
|move|p2a: Deoxys-Speed|Psycho Boost|p1a: Lucario
|-damage|p1a: Lucario|0 fnt
|-unboost|p2a: Deoxys-Speed|spa|2
|faint|p1a: Lucario
|
|
|switch|p1a: Latios|Latios, M|262\/262
|turn|16
|
|move|p1a: Latios|Sucker Punch|p2a: Deoxys-Speed
|-fail|p2a: Deoxys-Speed
|move|p2a: Deoxys-Speed|Stealth Rock|p1a: Latios
|-sidestart|p1: dark08|move: Stealth Rock
|
|turn|17
|
|move|p2a: Deoxys-Speed|Taunt|p1a: Latios
|-start|p1a: Latios|move: Taunt
|move|p1a: Latios|Knock Off|p2a: Deoxys-Speed
|-supereffective|p2a: Deoxys-Speed
|-damage|p2a: Deoxys-Speed|0 fnt
|faint|p2a: Deoxys-Speed
|
|
|switch|p2a: Talonflame|Talonflame, M|327\/327
|-damage|p2a: Talonflame|164\/327|[from] Stealth Rock
|turn|18
|
|move|p2a: Talonflame|Swords Dance|p2a: Talonflame
|-boost|p2a: Talonflame|atk|2
|move|p1a: Latios|Knock Off|p2a: Talonflame
|-damage|p2a: Talonflame|0 fnt
|faint|p2a: Talonflame
|
|win|dark08
|raw|Ladder updating...
|raw|dark08's rating: 1597 &rarr; <strong>1614<\/strong><br \/>(+17 for winning)
|raw|clamo's rating: 1529 &rarr; <strong>1513<\/strong><br \/>(-16 for losing)
|leave|dark08
|player|p1
|leave|clamo
|player|p2