|join|dark08
|join|Elite4 soren
|player|p1|dark08|153
|player|p2|Elite4 soren|209
|gametype|singles
|gen|6
|tier|OU
|rated
|clearpoke
|poke|p1|Ninetales, F
|poke|p1|Arcanine, M
|poke|p1|Galvantula, M
|poke|p1|Mawile, M
|poke|p1|Noivern, F
|poke|p1|Sableye, M
|poke|p2|Bisharp, F
|poke|p2|Gardevoir, F
|poke|p2|Rotom-Wash
|poke|p2|Mandibuzz, F
|poke|p2|Thundurus, M
|poke|p2|Infernape, F
|rule|Sleep Clause Mod: Limit one foe put to sleep
|rule|Species Clause: Limit one of each Pokemon
|rule|OHKO Clause: OHKO moves are banned
|rule|Moody Clause: Moody is banned
|rule|Evasion Moves Clause: Evasion moves are banned
|rule|Endless Battle Clause: Forcing endless battles is banned.
|rule|HP Percentage Mod: HP is reported as percentages
|teampreview
|
|start
|switch|p1a: Galvantula|Galvantula, M|282\/282
|switch|p2a: Infernape|Infernape, F|293\/293
|turn|1
|
|switch|p1a: Arcanine|Arcanine, M|322\/322
|move|p2a: Infernape|Stone Edge|p1a: Arcanine
|-crit|p1a: Arcanine
|-supereffective|p1a: Arcanine
|-damage|p1a: Arcanine|0 fnt
|-damage|p2a: Infernape|264\/293|[from] item: Life Orb
|faint|p1a: Arcanine
|
|
|switch|p1a: Ninetales|Ninetales, F|288\/288
|-weather|SunnyDay
|turn|2
|
|move|p2a: Infernape|Stone Edge|p1a: Ninetales
|-supereffective|p1a: Ninetales
|-damage|p1a: Ninetales|0 fnt
|-damage|p2a: Infernape|235\/293|[from] item: Life Orb
|faint|p1a: Ninetales
|
|-weather|SunnyDay|[upkeep]
|
|switch|p1a: Noivern|Noivern, F|312\/312
|turn|3
|
|switch|p2a: Bisharp|Bisharp, F|280\/280
|move|p1a: Noivern|Focus Blast|p2a: Bisharp|[miss]
|-miss|p1a: Noivern|p2a: Bisharp
|
|-weather|SunnyDay|[upkeep]
|turn|4
|
|switch|p2a: Thundurus|Thundurus, M|300\/300
|move|p1a: Noivern|Focus Blast|p2a: Thundurus
|-resisted|p2a: Thundurus
|-damage|p2a: Thundurus|189\/300
|
|-weather|SunnyDay|[upkeep]
|-heal|p2a: Thundurus|207\/300|[from] item: Leftovers
|turn|5
|
|switch|p1a: Galvantula|Galvantula, M|282\/282
|switch|p2a: Gardevoir|Gardevoir, F|278\/278
|-ability|p2a: Gardevoir|Compound Eyes|[from] ability: Trace|[of] p1a: Galvantula
|
|-weather|SunnyDay|[upkeep]
|turn|6
|
|switch|p2a: Infernape|Infernape, F|235\/293
|move|p1a: Galvantula|Sticky Web|p2a: Infernape
|-sidestart|p2: Elite4 soren|move: Sticky Web
|
|-weather|none
|turn|7
|
|move|p2a: Infernape|Stone Edge|p1a: Galvantula
|-supereffective|p1a: Galvantula
|-enditem|p1a: Galvantula|Focus Sash
|-damage|p1a: Galvantula|1\/282
|-damage|p2a: Infernape|206\/293|[from] item: Life Orb
|move|p1a: Galvantula|Thunder|p2a: Infernape
|-damage|p2a: Infernape|0 fnt
|faint|p2a: Infernape
|
|
|switch|p2a: Bisharp|Bisharp, F|280\/280
|-activate|p2a: Bisharp|move: Sticky Web
|-unboost|p2a: Bisharp|spe|1
|-boost|p2a: Bisharp|atk|2|[from] ability: Defiant
|turn|8
|
|switch|p1a: Mawile|Mawile, M|304\/304
|-ability|p1a: Mawile|Intimidate|[of] p2a: Bisharp
|-unboost|p2a: Bisharp|atk|1
|-boost|p2a: Bisharp|atk|2|[from] ability: Defiant
|move|p2a: Bisharp|Sucker Punch|p1a: Mawile
|-fail|p1a: Mawile
|
|turn|9
|
|-formechange|p1a: Mawile|Mawile-Mega
|message|Mawile has Mega Evolved into Mega Mawile!
|move|p2a: Bisharp|Iron Head|p1a: Mawile
|-damage|p1a: Mawile|0 fnt
|-damage|p2a: Bisharp|252\/280|[from] item: Life Orb
|faint|p1a: Mawile
|
|
|switch|p1a: Noivern|Noivern, F|312\/312
|turn|10
|
|move|p2a: Bisharp|Sucker Punch|p1a: Noivern
|-damage|p1a: Noivern|0 fnt
|-damage|p2a: Bisharp|224\/280|[from] item: Life Orb
|faint|p1a: Noivern
|
|
|switch|p1a: Sableye|Sableye, M|304\/304
|turn|11
|
|move|p1a: Sableye|Will-O-Wisp|p2a: Bisharp
|-status|p2a: Bisharp|brn
|move|p2a: Bisharp|Knock Off|p1a: Sableye
|-damage|p1a: Sableye|0 fnt
|-damage|p2a: Bisharp|196\/280 brn|[from] item: Life Orb
|faint|p1a: Sableye
|
|-damage|p2a: Bisharp|161\/280 brn|[from] brn
|
|switch|p1a: Galvantula|Galvantula, M|1\/282
|turn|12
|
|move|p2a: Bisharp|Sucker Punch|p1a: Galvantula
|-damage|p1a: Galvantula|0 fnt
|-damage|p2a: Bisharp|133\/280 brn|[from] item: Life Orb
|faint|p1a: Galvantula
|
|win|Elite4 soren
|raw|Ladder updating...
|raw|dark08's rating: 1677 &rarr; <strong>1658<\/strong><br \/>(-19 for losing)
|raw|Elite4 soren's rating: 1701 &rarr; <strong>1719<\/strong><br \/>(+18 for winning)
|chat|Elite4 soren|gg
|leave|dark08
|player|p1