|join|dark08
|join|Ezxio
|player|p1|dark08|153
|player|p2|Ezxio|73
|gametype|singles
|gen|6
|tier|OU
|rated
|clearpoke
|poke|p1|Lucario, M
|poke|p1|Zoroark, M
|poke|p1|Latios, M
|poke|p1|Trevenant, M
|poke|p1|Espeon, M
|poke|p1|Umbreon, M
|poke|p2|Rotom-Wash
|poke|p2|Tyranitar, M
|poke|p2|Landorus-Therian, M
|poke|p2|Conkeldurr, F
|poke|p2|Garchomp, M
|poke|p2|Skarmory, M
|rule|Sleep Clause Mod: Limit one foe put to sleep
|rule|Species Clause: Limit one of each Pokemon
|rule|OHKO Clause: OHKO moves are banned
|rule|Moody Clause: Moody is banned
|rule|Evasion Moves Clause: Evasion moves are banned
|rule|Endless Battle Clause: Forcing endless battles is banned.
|rule|HP Percentage Mod: HP is reported as percentages
|teampreview
|
|start
|switch|p1a: Latios|Latios, M|262\/262
|switch|p2a: Landorus-Therian|Landorus-Therian, M|337\/337
|-ability|p2a: Landorus-Therian|Intimidate|[of] p1a: Latios
|-unboost|p1a: Latios|atk|1
|turn|1
|
|switch|p1a: Umbreon|Umbreon, M|394\/394
|move|p2a: Landorus-Therian|U-turn|p1a: Umbreon
|-supereffective|p1a: Umbreon
|-damage|p1a: Umbreon|260\/394
|
|switch|p2a: Conkeldurr|Conkeldurr, F|351\/351
|
|-heal|p1a: Umbreon|284\/394|[from] item: Leftovers
|turn|2
|
|move|p1a: Umbreon|Foul Play|p2a: Conkeldurr
|-resisted|p2a: Conkeldurr
|-damage|p2a: Conkeldurr|246\/351
|move|p2a: Conkeldurr|Knock Off|p1a: Umbreon
|-resisted|p1a: Umbreon
|-damage|p1a: Umbreon|235\/394
|-enditem|p1a: Umbreon|Leftovers|[from] move: Knock Off|[of] p2a: Conkeldurr
|
|turn|3
|
|switch|p1a: Espeon|Espeon, M|334\/334
|move|p2a: Conkeldurr|Drain Punch|p1a: Espeon
|-resisted|p1a: Espeon
|-damage|p1a: Espeon|221\/334
|-heal|p2a: Conkeldurr|303\/351|[from] drain|[of] p1a: Espeon
|
|turn|4
|
|switch|p2a: Tyranitar|Tyranitar, M|404\/404
|-weather|Sandstorm
|move|p1a: Espeon|Reflect|p1a: Espeon
|-sidestart|p1: dark08|Reflect
|
|-weather|Sandstorm|[upkeep]
|-damage|p1a: Espeon|201\/334|[from] sandstorm
|turn|5
|
|switch|p1a: Lucario|Lucario, M|282\/282
|-formechange|p2a: Tyranitar|Tyranitar-Mega
|message|Tyranitar has Mega Evolved into Mega Tyranitar!
|move|p2a: Tyranitar|Crunch|p1a: Lucario
|-resisted|p1a: Lucario
|-damage|p1a: Lucario|220\/282
|-unboost|p1a: Lucario|def|1
|
|-weather|Sandstorm|[upkeep]
|turn|6
|
|switch|p2a: Landorus-Therian|Landorus-Therian, M|337\/337
|-ability|p2a: Landorus-Therian|Intimidate|[of] p1a: Lucario
|-unboost|p1a: Lucario|atk|1
|move|p1a: Lucario|Nasty Plot|p1a: Lucario
|-boost|p1a: Lucario|spa|2
|
|-weather|Sandstorm|[upkeep]
|turn|7
|
|move|p2a: Landorus-Therian|Superpower|p1a: Lucario
|-supereffective|p1a: Lucario
|-damage|p1a: Lucario|0 fnt
|-unboost|p2a: Landorus-Therian|atk|1
|-unboost|p2a: Landorus-Therian|def|1
|faint|p1a: Lucario
|
|-weather|Sandstorm|[upkeep]
|chat|dark08|how?
|chat|dark08|cs?
|chat|Ezxio|scarf?
|chat|Ezxio|xd
|
|switch|p1a: Trevenant|Trevenant, M|374\/374
|turn|8
|
|switch|p2a: Conkeldurr|Conkeldurr, F|303\/351
|move|p1a: Trevenant|Will-O-Wisp|p2a: Conkeldurr
|-status|p2a: Conkeldurr|brn
|
|-weather|none
|-damage|p2a: Conkeldurr|260\/351 brn|[from] brn
|turn|9
|
|move|p1a: Trevenant|Horn Leech|p2a: Conkeldurr
|-damage|p2a: Conkeldurr|157\/351 brn
|move|p2a: Conkeldurr|Knock Off|p1a: Trevenant
|-supereffective|p1a: Trevenant
|-damage|p1a: Trevenant|180\/374
|-enditem|p1a: Trevenant|Lum Berry|[from] move: Knock Off|[of] p2a: Conkeldurr
|
|-damage|p2a: Conkeldurr|114\/351 brn|[from] brn
|turn|10
|
|move|p1a: Trevenant|Rest|p1a: Trevenant
|-status|p1a: Trevenant|slp
|-heal|p1a: Trevenant|374\/374 slp|[silent]
|-status|p1a: Trevenant|slp|[from] move: Rest
|move|p2a: Conkeldurr|Knock Off|p1a: Trevenant
|-supereffective|p1a: Trevenant
|-damage|p1a: Trevenant|257\/374 slp
|
|-damage|p2a: Conkeldurr|71\/351 brn|[from] brn
|turn|11
|
|cant|p1a: Trevenant|slp
|move|p2a: Conkeldurr|Ice Punch|p1a: Trevenant
|-supereffective|p1a: Trevenant
|-damage|p1a: Trevenant|126\/374 slp
|
|-damage|p2a: Conkeldurr|28\/351 brn|[from] brn
|-sideend|p1: dark08|Reflect
|turn|12
|
|cant|p1a: Trevenant|slp
|move|p2a: Conkeldurr|Knock Off|p1a: Trevenant
|-crit|p1a: Trevenant
|-supereffective|p1a: Trevenant
|-damage|p1a: Trevenant|0 fnt
|faint|p1a: Trevenant
|
|-damage|p2a: Conkeldurr|0 fnt|[from] brn
|faint|p2a: Conkeldurr
|
|switch|p2a: Landorus-Therian|Landorus-Therian, M|337\/337
|switch|p1a: Latios|Latios, M|262\/262
|-ability|p2a: Landorus-Therian|Intimidate|[of] p1a: Latios
|-unboost|p1a: Latios|atk|1
|turn|13
|
|move|p2a: Landorus-Therian|U-turn|p1a: Latios
|-supereffective|p1a: Latios
|-enditem|p1a: Latios|Focus Sash
|replace|p1a: Zoroark|Zoroark, M|262\/262
|-damage|p1a: Zoroark|1\/262
|
|switch|p2a: Tyranitar|Tyranitar, M|404\/404
|-formechange|p2a: Tyranitar|Tyranitar-Mega
|-weather|Sandstorm
|move|p1a: Zoroark|Knock Off|p2a: Tyranitar
|-resisted|p2a: Tyranitar
|-damage|p2a: Tyranitar|380\/404
|
|-weather|Sandstorm|[upkeep]
|-damage|p1a: Zoroark|0 fnt|[from] sandstorm
|faint|p1a: Zoroark
|-message|dark08 forfeited.
|
|win|Ezxio
|raw|Ladder updating...
|leave|dark08
|player|p1
|raw|dark08's rating: 1626 &rarr; <strong>1600<\/strong><br \/>(-26 for losing)
|raw|Ezxio's rating: 1519 &rarr; <strong>1545<\/strong><br \/>(+26 for winning)