|join|dark08
|join|Rotten Seagull
|player|p1|dark08|153
|player|p2|Rotten Seagull|213
|gametype|singles
|gen|6
|tier|OU (suspect test)
|rated
|clearpoke
|poke|p1|Lucario, M
|poke|p1|Zoroark, M
|poke|p1|Latios, M
|poke|p1|Scizor, M
|poke|p1|Espeon, M
|poke|p1|Umbreon, M
|poke|p2|Venusaur, F
|poke|p2|Chansey, F
|poke|p2|Mandibuzz, F
|poke|p2|Heatran, F
|poke|p2|Tyranitar, M
|poke|p2|Thundurus, M
|rule|Sleep Clause Mod: Limit one foe put to sleep
|rule|Species Clause: Limit one of each Pokemon
|rule|OHKO Clause: OHKO moves are banned
|rule|Moody Clause: Moody is banned
|rule|Evasion Moves Clause: Evasion moves are banned
|rule|Endless Battle Clause: Forcing endless battles is banned.
|rule|HP Percentage Mod: HP is reported as percentages
|teampreview
|
|start
|switch|p1a: Latios|Latios, M|261\/261
|switch|p2a: Mandibuzz|Mandibuzz, F|424\/424
|turn|1
|
|switch|p2a: Tyranitar|Tyranitar, M|404\/404
|-weather|Sandstorm
|move|p1a: Latios|Knock Off|p2a: Tyranitar
|-resisted|p2a: Tyranitar
|-damage|p2a: Tyranitar|325\/404
|-enditem|p2a: Tyranitar|Choice Band|[from] move: Knock Off|[of] p1a: Latios
|
|-weather|Sandstorm|[upkeep]
|-damage|p1a: Latios|245\/261|[from] sandstorm
|turn|2
|
|move|p1a: Latios|Low Kick|p2a: Tyranitar
|-supereffective|p2a: Tyranitar
|-damage|p2a: Tyranitar|0 fnt
|faint|p2a: Tyranitar
|
|-weather|Sandstorm|[upkeep]
|-damage|p1a: Latios|229\/261|[from] sandstorm
|
|switch|p2a: Thundurus|Thundurus, M|300\/300
|turn|3
|
|switch|p1a: Umbreon|Umbreon, M|394\/394
|move|p2a: Thundurus|Hidden Power|p1a: Umbreon
|-damage|p1a: Umbreon|316\/394
|-damage|p2a: Thundurus|270\/300|[from] item: Life Orb
|
|-weather|Sandstorm|[upkeep]
|-damage|p2a: Thundurus|252\/300|[from] sandstorm
|-damage|p1a: Umbreon|292\/394|[from] sandstorm
|-heal|p1a: Umbreon|316\/394|[from] item: Leftovers
|turn|4
|
|move|p2a: Thundurus|Nasty Plot|p2a: Thundurus
|-boost|p2a: Thundurus|spa|2
|move|p1a: Umbreon|Wish|p1a: Umbreon
|
|-weather|Sandstorm|[upkeep]
|-damage|p2a: Thundurus|234\/300|[from] sandstorm
|-damage|p1a: Umbreon|292\/394|[from] sandstorm
|-heal|p1a: Umbreon|316\/394|[from] item: Leftovers
|turn|5
|
|move|p2a: Thundurus|Nasty Plot|p2a: Thundurus
|-boost|p2a: Thundurus|spa|2
|move|p1a: Umbreon|Foul Play|p2a: Thundurus
|-damage|p2a: Thundurus|90\/300
|
|-weather|none
|-heal|p1a: Umbreon|394\/394|[from] move: Wish|[wisher] Umbreon
|turn|6
|
|move|p2a: Thundurus|Thunderbolt|p1a: Umbreon
|-crit|p1a: Umbreon
|-damage|p1a: Umbreon|0 fnt
|-damage|p2a: Thundurus|60\/300|[from] item: Life Orb
|faint|p1a: Umbreon
|
|
|switch|p1a: Scizor|Scizor, M|344\/344
|turn|7
|
|switch|p2a: Heatran|Heatran, F|386\/386
|move|p1a: Scizor|Bullet Punch|p2a: Heatran
|-resisted|p2a: Heatran
|-damage|p2a: Heatran|346\/386
|
|-heal|p2a: Heatran|370\/386|[from] item: Leftovers
|turn|8
|
|switch|p1a: Latios|Latios, M|302\/302
|move|p2a: Heatran|Will-O-Wisp|p1a: Latios
|-status|p1a: Latios|brn
|
|-heal|p2a: Heatran|386\/386|[from] item: Leftovers
|-damage|p1a: Latios|265\/302 brn|[from] brn
|turn|9
|
|move|p1a: Latios|Trick|p2a: Heatran
|-activate|p1a: Latios|move: Trick|[of] p2a: Heatran
|-item|p2a: Heatran|Choice Specs|[from] move: Trick
|-item|p1a: Latios|Leftovers|[from] move: Trick
|move|p2a: Heatran|Stealth Rock|p1a: Latios
|-sidestart|p1: dark08|move: Stealth Rock
|
|-heal|p1a: Latios|283\/302 brn|[from] item: Leftovers
|-damage|p1a: Latios|246\/302 brn|[from] brn
|turn|10
|
|switch|p1a: Espeon|Espeon, M|334\/334
|-damage|p1a: Espeon|293\/334|[from] Stealth Rock
|switch|p2a: Chansey|Chansey, F|704\/704
|
|turn|11
|
|move|p1a: Espeon|Light Screen|p1a: Espeon
|-sidestart|p1: dark08|move: Light Screen
|move|p2a: Chansey|Seismic Toss|p1a: Espeon
|-damage|p1a: Espeon|193\/334
|
|turn|12
|
|switch|p1a: Lucario|Lucario, M|282\/282
|-damage|p1a: Lucario|274\/282|[from] Stealth Rock
|move|p2a: Chansey|Wish|p2a: Chansey
|
|turn|13
|
|switch|p2a: Venusaur|Venusaur, F|364\/364
|move|p1a: Lucario|Close Combat|p2a: Venusaur
|-resisted|p2a: Venusaur
|-damage|p2a: Venusaur|254\/364
|-unboost|p1a: Lucario|def|1
|-unboost|p1a: Lucario|spd|1
|-damage|p1a: Lucario|246\/282|[from] item: Life Orb
|
|-heal|p2a: Venusaur|364\/364|[from] move: Wish|[wisher] Chansey
|turn|14
|
|switch|p1a: Latios|Latios, M|246\/302 brn
|-damage|p1a: Latios|209\/302 brn|[from] Stealth Rock
|-formechange|p2a: Venusaur|Venusaur-Mega
|message|Venusaur has Mega Evolved into Mega Venusaur!
|move|p2a: Venusaur|Sludge Bomb|p1a: Latios
|-damage|p1a: Latios|154\/302 brn
|
|-heal|p1a: Latios|172\/302 brn|[from] item: Leftovers
|-damage|p1a: Latios|135\/302 brn|[from] brn
|turn|15
|
|switch|p2a: Chansey|Chansey, F|704\/704
|move|p1a: Latios|Psyshock|p2a: Chansey
|-damage|p2a: Chansey|514\/704
|
|-heal|p1a: Latios|153\/302 brn|[from] item: Leftovers
|-damage|p1a: Latios|116\/302 brn|[from] brn
|turn|16
|
|switch|p2a: Heatran|Heatran, F|386\/386
|move|p1a: Latios|Trick|p2a: Heatran
|-activate|p1a: Latios|move: Trick|[of] p2a: Heatran
|-item|p2a: Heatran|Leftovers|[from] move: Trick
|-item|p1a: Latios|Choice Specs|[from] move: Trick
|
|-damage|p1a: Latios|79\/302 brn|[from] brn
|turn|17
|
|switch|p2a: Venusaur|Venusaur, F|364\/364
|-formechange|p2a: Venusaur|Venusaur-Mega
|move|p1a: Latios|Surf|p2a: Venusaur
|-resisted|p2a: Venusaur
|-damage|p2a: Venusaur|292\/364
|
|-damage|p1a: Latios|42\/302 brn|[from] brn
|turn|18
|
|switch|p1a: Scizor|Scizor, M|344\/344
|-damage|p1a: Scizor|301\/344|[from] Stealth Rock
|move|p2a: Venusaur|Giga Drain|p1a: Scizor
|-resisted|p1a: Scizor
|-damage|p1a: Scizor|286\/344
|-heal|p2a: Venusaur|300\/364|[from] drain|[of] p1a: Scizor
|
|-sideend|p1: dark08|move: Light Screen
|turn|19
|
|move|p2a: Venusaur|Leech Seed|p1a: Scizor
|-start|p1a: Scizor|move: Leech Seed
|move|p1a: Scizor|U-turn|p2a: Venusaur
|-crit|p2a: Venusaur
|-damage|p2a: Venusaur|96\/364
|
|switch|p1a: Lucario|Lucario, M|246\/282
|-damage|p1a: Lucario|238\/282|[from] Stealth Rock
|
|turn|20
|
|move|p1a: Lucario|Close Combat|p2a: Venusaur
|-resisted|p2a: Venusaur
|-damage|p2a: Venusaur|8\/364
|-unboost|p1a: Lucario|def|1
|-unboost|p1a: Lucario|spd|1
|-damage|p1a: Lucario|210\/282|[from] item: Life Orb
|move|p2a: Venusaur|Synthesis|p2a: Venusaur
|-heal|p2a: Venusaur|190\/364
|
|turn|21
|
|move|p1a: Lucario|Swords Dance|p1a: Lucario
|-boost|p1a: Lucario|atk|2
|move|p2a: Venusaur|Synthesis|p2a: Venusaur
|-heal|p2a: Venusaur|364\/364
|
|turn|22
|
|switch|p2a: Thundurus|Thundurus, M|60\/300
|move|p1a: Lucario|Swords Dance|p1a: Lucario
|-boost|p1a: Lucario|atk|2
|
|turn|23
|
|move|p1a: Lucario|Extreme Speed|p2a: Thundurus
|-damage|p2a: Thundurus|0 fnt
|-damage|p1a: Lucario|182\/282|[from] item: Life Orb
|faint|p2a: Thundurus
|
|
|switch|p2a: Mandibuzz|Mandibuzz, F|424\/424
|turn|24
|
|move|p1a: Lucario|Close Combat|p2a: Mandibuzz
|-damage|p2a: Mandibuzz|0 fnt
|-unboost|p1a: Lucario|def|1
|-unboost|p1a: Lucario|spd|1
|-damage|p1a: Lucario|154\/282|[from] item: Life Orb
|faint|p2a: Mandibuzz
|
|
|switch|p2a: Venusaur|Venusaur, F|364\/364
|-formechange|p2a: Venusaur|Venusaur-Mega
|turn|25
|
|move|p1a: Lucario|Close Combat|p2a: Venusaur
|-resisted|p2a: Venusaur
|-damage|p2a: Venusaur|99\/364
|-unboost|p1a: Lucario|def|1
|-unboost|p1a: Lucario|spd|1
|-damage|p1a: Lucario|126\/282|[from] item: Life Orb
|move|p2a: Venusaur|Giga Drain|p1a: Lucario
|-resisted|p1a: Lucario
|-damage|p1a: Lucario|0 fnt
|-heal|p2a: Venusaur|162\/364|[from] drain|[of] p1a: Lucario
|faint|p1a: Lucario
|
|
|switch|p1a: Latios|Latios, M|229\/261
|-damage|p1a: Latios|197\/261|[from] Stealth Rock
|turn|26
|
|switch|p2a: Chansey|Chansey, F|514\/704
|move|p1a: Latios|Swords Dance|p1a: Latios
|-boost|p1a: Latios|atk|2
|
|turn|27
|
|move|p1a: Latios|Knock Off|p2a: Chansey
|-damage|p2a: Chansey|52\/704
|-enditem|p2a: Chansey|Eviolite|[from] move: Knock Off|[of] p1a: Latios
|move|p2a: Chansey|Seismic Toss|p1a: Latios
|replace|p1a: Zoroark|Zoroark, M|197\/261
|-damage|p1a: Zoroark|97\/261
|
|turn|28
|
|move|p1a: Zoroark|Knock Off|p2a: Chansey
|-damage|p2a: Chansey|0 fnt
|faint|p2a: Chansey
|
|
|switch|p2a: Venusaur|Venusaur, F|162\/364
|-formechange|p2a: Venusaur|Venusaur-Mega
|turn|29
|
|move|p1a: Zoroark|Knock Off|p2a: Venusaur
|-damage|p2a: Venusaur|30\/364
|move|p2a: Venusaur|Synthesis|p2a: Venusaur
|-heal|p2a: Venusaur|212\/364
|
|turn|30
|
|move|p1a: Zoroark|Swords Dance|p1a: Zoroark
|-boost|p1a: Zoroark|atk|2
|move|p2a: Venusaur|Giga Drain|p1a: Zoroark
|-damage|p1a: Zoroark|0 fnt
|-heal|p2a: Venusaur|261\/364|[from] drain|[of] p1a: Zoroark
|faint|p1a: Zoroark
|
|
|switch|p1a: Scizor|Scizor, M|286\/344
|-damage|p1a: Scizor|243\/344|[from] Stealth Rock
|turn|31
|
|switch|p2a: Heatran|Heatran, F|386\/386
|move|p1a: Scizor|U-turn|p2a: Heatran
|-resisted|p2a: Heatran
|-damage|p2a: Heatran|336\/386
|
|switch|p1a: Latios|Latios, M|42\/302 brn
|-damage|p1a: Latios|5\/302 brn|[from] Stealth Rock
|
|-heal|p2a: Heatran|360\/386|[from] item: Leftovers
|-damage|p1a: Latios|0 fnt|[from] brn
|faint|p1a: Latios
|
|switch|p1a: Espeon|Espeon, M|193\/334
|-damage|p1a: Espeon|152\/334|[from] Stealth Rock
|turn|32
|
|move|p1a: Espeon|Light Screen|p1a: Espeon
|-sidestart|p1: dark08|move: Light Screen
|move|p2a: Heatran|Lava Plume|p1a: Espeon
|-damage|p1a: Espeon|89\/334
|
|-heal|p2a: Heatran|384\/386|[from] item: Leftovers
|turn|33
|
|move|p1a: Espeon|Psychic|p2a: Heatran
|-resisted|p2a: Heatran
|-damage|p2a: Heatran|340\/386
|move|p2a: Heatran|Lava Plume|p1a: Espeon
|-damage|p1a: Espeon|29\/334
|
|-heal|p2a: Heatran|364\/386|[from] item: Leftovers
|turn|34
|
|move|p1a: Espeon|Psychic|p2a: Heatran
|-resisted|p2a: Heatran
|-damage|p2a: Heatran|317\/386
|move|p2a: Heatran|Lava Plume|p1a: Espeon
|-damage|p1a: Espeon|0 fnt
|faint|p1a: Espeon
|
|-heal|p2a: Heatran|341\/386|[from] item: Leftovers
|
|switch|p1a: Scizor|Scizor, M|243\/344
|-damage|p1a: Scizor|200\/344|[from] Stealth Rock
|turn|35
|
|switch|p2a: Venusaur|Venusaur, F|261\/364
|-formechange|p2a: Venusaur|Venusaur-Mega
|move|p1a: Scizor|Brick Break|p2a: Venusaur
|-resisted|p2a: Venusaur
|-damage|p2a: Venusaur|216\/364
|
|turn|36
|
|move|p2a: Venusaur|Leech Seed|p1a: Scizor
|-start|p1a: Scizor|move: Leech Seed
|move|p1a: Scizor|Brick Break|p2a: Venusaur
|-resisted|p2a: Venusaur
|-damage|p2a: Venusaur|167\/364
|
|-damage|p1a: Scizor|157\/344|[from] Leech Seed|[of] p2a: Venusaur
|-heal|p2a: Venusaur|210\/364|[silent]
|turn|37
|
|move|p2a: Venusaur|Synthesis|p2a: Venusaur
|-heal|p2a: Venusaur|364\/364
|move|p1a: Scizor|Brick Break|p2a: Venusaur
|-resisted|p2a: Venusaur
|-damage|p2a: Venusaur|317\/364
|
|-damage|p1a: Scizor|114\/344|[from] Leech Seed|[of] p2a: Venusaur
|-heal|p2a: Venusaur|360\/364|[silent]
|turn|38
|chat|dark08|your a coward
|
|move|p2a: Venusaur|Giga Drain|p1a: Scizor
|-resisted|p1a: Scizor
|-damage|p1a: Scizor|99\/344
|-heal|p2a: Venusaur|364\/364|[from] drain|[of] p1a: Scizor
|move|p1a: Scizor|Brick Break|p2a: Venusaur
|-resisted|p2a: Venusaur
|-damage|p2a: Venusaur|315\/364
|
|-damage|p1a: Scizor|56\/344|[from] Leech Seed|[of] p2a: Venusaur
|-heal|p2a: Venusaur|358\/364|[silent]
|turn|39
|chat|Rotten Seagull|wat u say bitch
|chat|dark08|u use a team of all stalling
|
|move|p2a: Venusaur|Giga Drain|p1a: Scizor
|-resisted|p1a: Scizor
|-damage|p1a: Scizor|41\/344
|-heal|p2a: Venusaur|364\/364|[from] drain|[of] p1a: Scizor
|move|p1a: Scizor|Brick Break|p2a: Venusaur
|-resisted|p2a: Venusaur
|-damage|p2a: Venusaur|321\/364
|
|-damage|p1a: Scizor|0 fnt|[from] Leech Seed|[of] p2a: Venusaur
|-heal|p2a: Venusaur|362\/364|[silent]
|-sideend|p1: dark08|move: Light Screen
|faint|p1a: Scizor
|
|win|Rotten Seagull
|raw|Ladder updating...
|raw|dark08's rating: 1322 &rarr; <strong>1294<\/strong><br \/>(-28 for losing)
|raw|Rotten Seagull's rating: 1277 &rarr; <strong>1305<\/strong><br \/>(+28 for winning)
|leave|dark08
|player|p1
|chat|Rotten Seagull|Hey if u were up for taunting me, then get one on your pokemon team
|chat|Rotten Seagull|IDIOT