|join|dark08
|join|Aka DH
|player|p1|dark08|153
|player|p2|Aka DH|1
|gametype|singles
|gen|6
|tier|OU (suspect test)
|rated
|clearpoke
|poke|p1|Lucario, M
|poke|p1|Latios, M
|poke|p1|Scizor, M
|poke|p1|Weavile, M
|poke|p1|Keldeo
|poke|p1|Infernape, F
|poke|p2|Bisharp, M
|poke|p2|Venusaur, F
|poke|p2|Heatran, M
|poke|p2|Keldeo
|poke|p2|Chansey, F
|poke|p2|Skarmory, F
|rule|Swagger Clause: Swagger is banned
|rule|Baton Pass Clause: Limit one PokÃ©mon knowing Baton Pass
|rule|Sleep Clause Mod: Limit one foe put to sleep
|rule|Species Clause: Limit one of each PokÃ©mon
|rule|OHKO Clause: OHKO moves are banned
|rule|Moody Clause: Moody is banned
|rule|Evasion Moves Clause: Evasion moves are banned
|rule|Endless Battle Clause: Forcing endless battles is banned
|rule|HP Percentage Mod: HP is shown in percentages
|teampreview
|join|i came from leddit
|join|yuy
|
|start
|switch|p1a: Infernape|Infernape, F|294\/294
|switch|p2a: Heatran|Heatran, M|340\/340
|-item|p2a: Heatran|Air Balloon
|turn|1
|join|Darksine3saknia
|c| yuy|dh i'm serous stay the fuck away from my aunt zia sylvia.  she's fucking awful at cooking.  latizia is okay and my mom is a good cook but holy shit
|c| yuy|these riceballs are fucking dog food
|c| yuy|anyway, gl both
|c|âdark08|thanks haha
|
|move|p1a: Infernape|Close Combat|p2a: Heatran
|-supereffective|p2a: Heatran
|-damage|p2a: Heatran|34\/340
|-enditem|p2a: Heatran|Air Balloon
|-unboost|p1a: Infernape|def|1
|-unboost|p1a: Infernape|spd|1
|move|p2a: Heatran|Stealth Rock|p1a: Infernape
|-sidestart|p1: dark08|move: Stealth Rock
|
|turn|2
|c| yuy|also, any food or meal is good and a blessing.  you should eat absolutey everything in front of you any chance you get
|c| yuy|you never know the next time you'll eat
|c| yuy|anyway gl both
|c| i came from leddit|......
|c| yuy|but starve to death if my aunt is cooking
|
|move|p1a: Infernape|Flare Blitz|p2a: Heatran
|-start|p2a: Heatran|ability: Flash Fire
|move|p2a: Heatran|Toxic|p1a: Infernape
|-status|p1a: Infernape|tox
|
|-damage|p1a: Infernape|276\/294 tox|[from] psn
|turn|3
|c| yuy|it's fucking awful
|
|move|p1a: Infernape|Close Combat|p2a: Heatran
|-supereffective|p2a: Heatran
|-damage|p2a: Heatran|0 fnt
|-unboost|p1a: Infernape|def|1
|-unboost|p1a: Infernape|spd|1
|faint|p2a: Heatran
|
|-damage|p1a: Infernape|240\/294 tox|[from] psn
|
|switch|p2a: Keldeo|Keldeo|323\/323
|turn|4
|join|SwaggBoi
|
|move|p2a: Keldeo|Icy Wind|p1a: Infernape
|-resisted|p1a: Infernape
|-damage|p1a: Infernape|152\/294 tox
|-unboost|p1a: Infernape|spe|1
|move|p1a: Infernape|Stealth Rock|p2a: Keldeo
|-sidestart|p2: Aka DH|move: Stealth Rock
|
|-damage|p1a: Infernape|98\/294 tox|[from] psn
|turn|5
|
|move|p2a: Keldeo|Scald|p1a: Infernape
|-crit|p1a: Infernape
|-supereffective|p1a: Infernape
|-damage|p1a: Infernape|0 fnt
|faint|p1a: Infernape
|
|
|switch|p1a: Latios|Latios, M|302\/302
|-damage|p1a: Latios|265\/302|[from] Stealth Rock
|turn|6
|
|switch|p2a: Bisharp|Bisharp, M|334\/334
|-damage|p2a: Bisharp|314\/334|[from] Stealth Rock
|move|p1a: Latios|Draco Meteor|p2a: Bisharp
|-resisted|p2a: Bisharp
|-damage|p2a: Bisharp|94\/334
|-unboost|p1a: Latios|spa|2
|
|-heal|p2a: Bisharp|114\/334|[from] item: Leftovers
|turn|7
|
|move|p1a: Latios|Draco Meteor|p2a: Bisharp
|-resisted|p2a: Bisharp
|-damage|p2a: Bisharp|0 fnt
|-unboost|p1a: Latios|spa|2
|faint|p2a: Bisharp
|
|
|switch|p2a: Keldeo|Keldeo|323\/323
|-damage|p2a: Keldeo|303\/323|[from] Stealth Rock
|turn|8
|
|switch|p1a: Keldeo|Keldeo|324\/324
|-damage|p1a: Keldeo|304\/324|[from] Stealth Rock
|move|p2a: Keldeo|Calm Mind|p2a: Keldeo
|-boost|p2a: Keldeo|spa|1
|-boost|p2a: Keldeo|spd|1
|
|-heal|p2a: Keldeo|323\/323|[from] item: Leftovers
|turn|9
|
|move|p1a: Keldeo|Secret Sword|p2a: Keldeo
|-damage|p2a: Keldeo|148\/323
|move|p2a: Keldeo|Secret Sword|p1a: Keldeo
|-damage|p1a: Keldeo|57\/324
|
|-heal|p2a: Keldeo|168\/323|[from] item: Leftovers
|turn|10
|
|switch|p2a: Skarmory|Skarmory, F|334\/334
|-damage|p2a: Skarmory|293\/334|[from] Stealth Rock
|move|p1a: Keldeo|Secret Sword|p2a: Skarmory
|-damage|p2a: Skarmory|182\/334
|
|turn|11
|
|switch|p1a: Latios|Latios, M|265\/302
|-damage|p1a: Latios|228\/302|[from] Stealth Rock
|move|p2a: Skarmory|Spikes|p1a: Latios
|-sidestart|p1: dark08|Spikes
|
|turn|12
|
|move|p1a: Latios|Trick|p2a: Skarmory
|-activate|p1a: Latios|move: Trick|[of] p2a: Skarmory
|-item|p2a: Skarmory|Choice Specs|[from] move: Trick
|-item|p1a: Latios|Rocky Helmet|[from] move: Trick
|move|p2a: Skarmory|Roost|p2a: Skarmory
|-heal|p2a: Skarmory|334\/334
|
|turn|13
|c| i came from leddit|>
|
|switch|p2a: Chansey|Chansey, F|684\/684
|-damage|p2a: Chansey|599\/684|[from] Stealth Rock
|move|p1a: Latios|Surf|p2a: Chansey
|-damage|p2a: Chansey|536\/684
|
|turn|14
|
|move|p1a: Latios|Trick|p2a: Chansey
|-activate|p1a: Latios|move: Trick|[of] p2a: Chansey
|-item|p2a: Chansey|Rocky Helmet|[from] move: Trick
|-item|p1a: Latios|Eviolite|[from] move: Trick
|move|p2a: Chansey|Thunder Wave|p1a: Latios
|-status|p1a: Latios|par
|
|turn|15
|
|move|p2a: Chansey|Seismic Toss|p1a: Latios
|-damage|p1a: Latios|128\/302 par
|cant|p1a: Latios|par
|
|turn|16
|
|move|p2a: Chansey|Seismic Toss|p1a: Latios
|-damage|p1a: Latios|28\/302 par
|move|p1a: Latios|Psyshock|p2a: Chansey
|-damage|p2a: Chansey|244\/684
|
|turn|17
|
|move|p2a: Chansey|Soft-Boiled|p2a: Chansey
|-heal|p2a: Chansey|586\/684
|move|p1a: Latios|Psyshock|p2a: Chansey
|-damage|p2a: Chansey|291\/684
|
|turn|18
|
|switch|p1a: Lucario|Lucario, M|281\/281
|-damage|p1a: Lucario|273\/281|[from] Stealth Rock
|-damage|p1a: Lucario|238\/281|[from] Spikes
|move|p2a: Chansey|Soft-Boiled|p2a: Chansey
|-heal|p2a: Chansey|633\/684
|
|turn|19
|
|move|p1a: Lucario|Close Combat|p2a: Chansey
|-supereffective|p2a: Chansey
|-damage|p2a: Chansey|0 fnt
|-damage|p1a: Lucario|192\/281|[from] item: Rocky Helmet|[of] p2a: Chansey
|-unboost|p1a: Lucario|def|1
|-unboost|p1a: Lucario|spd|1
|-damage|p1a: Lucario|164\/281|[from] item: Life Orb
|faint|p2a: Chansey
|
|
|switch|p2a: Keldeo|Keldeo|168\/323
|-damage|p2a: Keldeo|148\/323|[from] Stealth Rock
|turn|20
|
|move|p1a: Lucario|Extreme Speed|p2a: Keldeo
|-damage|p2a: Keldeo|13\/323
|-damage|p1a: Lucario|136\/281|[from] item: Life Orb
|move|p2a: Keldeo|Scald|p1a: Lucario
|-damage|p1a: Lucario|0 fnt
|faint|p1a: Lucario
|
|-heal|p2a: Keldeo|33\/323|[from] item: Leftovers
|join|Zenzo
|
|switch|p1a: Scizor|Scizor, M|313\/313
|-damage|p1a: Scizor|274\/313|[from] Spikes
|-damage|p1a: Scizor|235\/313|[from] Stealth Rock
|turn|21
|
|move|p1a: Scizor|Bullet Punch|p2a: Keldeo
|-resisted|p2a: Keldeo
|-damage|p2a: Keldeo|0 fnt
|faint|p2a: Keldeo
|
|
|switch|p2a: Venusaur|Venusaur, F|364\/364
|-damage|p2a: Venusaur|319\/364|[from] Stealth Rock
|turn|22
|
|detailschange|p2a: Venusaur|Venusaur-Mega, F
|-mega|p2a: Venusaur|Venusaur|Venusaurite
|move|p1a: Scizor|Bullet Punch|p2a: Venusaur
|-damage|p2a: Venusaur|208\/364
|move|p2a: Venusaur|Hidden Power|p1a: Scizor
|-supereffective|p1a: Scizor
|-damage|p1a: Scizor|0 fnt
|faint|p1a: Scizor
|
|
|switch|p1a: Weavile|Weavile, M|282\/282
|-damage|p1a: Weavile|247\/282|[from] Spikes
|-damage|p1a: Weavile|177\/282|[from] Stealth Rock
|-ability|p1a: Weavile|Pressure
|turn|23
|
|move|p1a: Weavile|Icicle Crash|p2a: Venusaur
|-supereffective|p2a: Venusaur
|-damage|p2a: Venusaur|83\/364
|-damage|p1a: Weavile|149\/282|[from] item: Life Orb
|move|p2a: Venusaur|Synthesis|p2a: Venusaur
|-heal|p2a: Venusaur|265\/364
|
|turn|24
|
|move|p1a: Weavile|Icicle Crash|p2a: Venusaur
|-supereffective|p2a: Venusaur
|-damage|p2a: Venusaur|138\/364
|-damage|p1a: Weavile|121\/282|[from] item: Life Orb
|cant|p2a: Venusaur|flinch
|
|turn|25
|
|move|p1a: Weavile|Icicle Crash|p2a: Venusaur
|-supereffective|p2a: Venusaur
|-damage|p2a: Venusaur|13\/364
|-damage|p1a: Weavile|93\/282|[from] item: Life Orb
|cant|p2a: Venusaur|flinch
|
|turn|26
|
|move|p1a: Weavile|Knock Off|p2a: Venusaur
|-damage|p2a: Venusaur|0 fnt
|-damage|p1a: Weavile|65\/282|[from] item: Life Orb
|faint|p2a: Venusaur
|
|c|âAka DH|new year >>>> same hax
|
|switch|p2a: Skarmory|Skarmory, F|334\/334
|-damage|p2a: Skarmory|293\/334|[from] Stealth Rock
|turn|27
|
|switch|p1a: Keldeo|Keldeo|57\/324
|-damage|p1a: Keldeo|37\/324|[from] Stealth Rock
|-damage|p1a: Keldeo|0 fnt|[from] Spikes
|faint|p1a: Keldeo
|move|p2a: Skarmory|Roost|p2a: Skarmory
|-heal|p2a: Skarmory|334\/334
|
|
|switch|p1a: Latios|Latios, M|28\/302 par
|-damage|p1a: Latios|0 fnt|[from] Stealth Rock
|faint|p1a: Latios
|
|switch|p1a: Weavile|Weavile, M|65\/282
|-damage|p1a: Weavile|0 fnt|[from] Stealth Rock
|faint|p1a: Weavile
|
|win|Aka DH
|raw|Ladder updating...
|raw|dark08's rating: 1514 &rarr; <strong>1502<\/strong><br \/>(-12 for losing)
|raw|Aka DH's rating: 1663 &rarr; <strong>1674<\/strong><br \/>(+11 for winning)
|leave|dark08
|player|p1
|leave|Aka DH
|player|p2