|join|Gokai Silver
|join|dark08
|player|p1|Gokai Silver|65
|player|p2|dark08|162
|gametype|singles
|gen|6
|tier|OU (suspect test)
|rated
|clearpoke
|poke|p1|Heatran, M
|poke|p1|Rotom-Wash, shiny
|poke|p1|Bisharp, M
|poke|p1|Mandibuzz, F
|poke|p1|Scizor, M
|poke|p1|Greninja, M, shiny
|poke|p2|Lucario, M
|poke|p2|Zoroark, M
|poke|p2|Latios, M
|poke|p2|Scizor, M
|poke|p2|Espeon, M
|poke|p2|Umbreon, M
|rule|Swagger Clause: Swagger is banned
|rule|Baton Pass Clause: Limit one PokÃ©mon knowing Baton Pass
|rule|Sleep Clause Mod: Limit one foe put to sleep
|rule|Species Clause: Limit one of each PokÃ©mon
|rule|OHKO Clause: OHKO moves are banned
|rule|Moody Clause: Moody is banned
|rule|Evasion Moves Clause: Evasion moves are banned
|rule|Endless Battle Clause: Forcing endless battles is banned
|rule|HP Percentage Mod: HP is reported as percentages
|teampreview
|
|start
|switch|p1a: Greninja|Greninja, M, shiny|285\/285
|switch|p2a: Scizor|Scizor, M|343\/343
|turn|1
|
|detailschange|p2a: Scizor|Scizor-Mega, M
|message|Scizor has Mega Evolved into Mega Scizor!
|move|p1a: Greninja|U-turn|p2a: Scizor
|-start|p1a: Greninja|typechange|Bug|[from] Protean
|-resisted|p2a: Scizor
|-damage|p2a: Scizor|304\/343
|-damage|p1a: Greninja|257\/285|[from] item: Life Orb
|
|switch|p1a: Heatran|Heatran, M|386\/386
|move|p2a: Scizor|U-turn|p1a: Heatran
|-resisted|p1a: Heatran
|-damage|p1a: Heatran|353\/386
|
|switch|p2a: Latios|Latios, M|262\/262
|
|-heal|p1a: Heatran|377\/386|[from] item: Leftovers
|turn|2
|
|move|p2a: Latios|Knock Off|p1a: Heatran
|-damage|p1a: Heatran|200\/386
|-enditem|p1a: Heatran|Leftovers|[from] move: Knock Off|[of] p2a: Latios
|-damage|p2a: Latios|236\/262|[from] item: Life Orb
|move|p1a: Heatran|Stealth Rock|p2a: Latios
|-sidestart|p2: dark08|move: Stealth Rock
|
|turn|3
|
|move|p2a: Latios|Low Kick|p1a: Heatran
|-supereffective|p1a: Heatran
|-damage|p1a: Heatran|0 fnt
|-damage|p2a: Latios|210\/262|[from] item: Life Orb
|faint|p1a: Heatran
|
|
|switch|p1a: Scizor|Scizor, M|343\/343
|turn|4
|
|detailschange|p1a: Scizor|Scizor-Mega, M
|message|Scizor has Mega Evolved into Mega Scizor!
|move|p2a: Latios|Flamethrower|p1a: Scizor
|-supereffective|p1a: Scizor
|-damage|p1a: Scizor|0 fnt
|-damage|p2a: Latios|184\/262|[from] item: Life Orb
|faint|p1a: Scizor
|
|join|NSTAS
|
|switch|p1a: Greninja|Greninja, M, shiny|257\/285
|turn|5
|
|switch|p2a: Scizor|Scizor-Mega, M|304\/343
|-damage|p2a: Scizor|262\/343|[from] Stealth Rock
|move|p1a: Greninja|U-turn|p2a: Scizor
|-start|p1a: Greninja|typechange|Bug|[from] Protean
|-resisted|p2a: Scizor
|-damage|p2a: Scizor|223\/343
|-damage|p1a: Greninja|229\/285|[from] item: Life Orb
|chat|NSTAS|dat zoroark tho
|
|switch|p1a: Bisharp|Bisharp, M|314\/314
|
|turn|6
|
|move|p1a: Bisharp|Swords Dance|p1a: Bisharp
|-boost|p1a: Bisharp|atk|2
|move|p2a: Scizor|U-turn|p1a: Bisharp
|-damage|p1a: Bisharp|169\/314
|
|switch|p2a: Lucario|Lucario, M|282\/282
|-damage|p2a: Lucario|274\/282|[from] Stealth Rock
|
|turn|7
|
|move|p2a: Lucario|Swords Dance|p2a: Lucario
|-boost|p2a: Lucario|atk|2
|move|p1a: Bisharp|Knock Off|p2a: Lucario
|-resisted|p2a: Lucario
|-damage|p2a: Lucario|0 fnt
|-enditem|p2a: Lucario|Life Orb|[from] move: Knock Off|[of] p1a: Bisharp
|-damage|p1a: Bisharp|138\/314|[from] item: Life Orb
|faint|p2a: Lucario
|
|
|switch|p2a: Umbreon|Umbreon, M|394\/394
|-damage|p2a: Umbreon|345\/394|[from] Stealth Rock
|turn|8
|
|move|p1a: Bisharp|Iron Head|p2a: Umbreon
|-damage|p2a: Umbreon|76\/394
|-damage|p1a: Bisharp|107\/314|[from] item: Life Orb
|move|p2a: Umbreon|Foul Play|p1a: Bisharp
|-resisted|p1a: Bisharp
|-damage|p1a: Bisharp|0 fnt
|faint|p1a: Bisharp
|
|-heal|p2a: Umbreon|100\/394|[from] item: Leftovers
|
|switch|p1a: Greninja|Greninja, M, shiny|229\/285
|turn|9
|
|move|p2a: Umbreon|Protect|p2a: Umbreon
|-singleturn|p2a: Umbreon|Protect
|move|p1a: Greninja|Hydro Pump|p2a: Umbreon
|-start|p1a: Greninja|typechange|Water|[from] Protean
|-activate|p2a: Umbreon|Protect
|
|-heal|p2a: Umbreon|124\/394|[from] item: Leftovers
|turn|10
|
|move|p1a: Greninja|Hydro Pump|p2a: Umbreon
|-damage|p2a: Umbreon|0 fnt
|-damage|p1a: Greninja|201\/285|[from] item: Life Orb
|faint|p2a: Umbreon
|
|
|switch|p2a: Scizor|Scizor-Mega, M|223\/343
|-damage|p2a: Scizor|181\/343|[from] Stealth Rock
|turn|11
|
|move|p2a: Scizor|Bullet Punch|p1a: Greninja
|-resisted|p1a: Greninja
|-damage|p1a: Greninja|105\/285
|move|p1a: Greninja|Hydro Pump|p2a: Scizor
|-damage|p2a: Scizor|0 fnt
|-damage|p1a: Greninja|77\/285|[from] item: Life Orb
|faint|p2a: Scizor
|
|
|switch|p2a: Latios|Latios, M|184\/262
|-damage|p2a: Latios|152\/262|[from] Stealth Rock
|turn|12
|
|move|p2a: Latios|Sucker Punch|p1a: Greninja
|-damage|p1a: Greninja|0 fnt
|-damage|p2a: Latios|126\/262|[from] item: Life Orb
|faint|p1a: Greninja
|
|
|switch|p1a: Rotom-Wash|Rotom-Wash, shiny|241\/241
|turn|13
|
|switch|p2a: Latios|Latios, M|302\/302
|-damage|p2a: Latios|265\/302|[from] Stealth Rock
|move|p1a: Rotom-Wash|Volt Switch|p2a: Latios
|-resisted|p2a: Latios
|-damage|p2a: Latios|219\/302
|
|switch|p1a: Mandibuzz|Mandibuzz, F|424\/424
|
|turn|14
|
|move|p2a: Latios|Thunderbolt|p1a: Mandibuzz
|-supereffective|p1a: Mandibuzz
|-damage|p1a: Mandibuzz|148\/424
|-damage|p2a: Latios|189\/302|[from] item: Life Orb
|move|p1a: Mandibuzz|Foul Play|p2a: Latios
|-supereffective|p2a: Latios
|-damage|p2a: Latios|0 fnt
|faint|p2a: Latios
|
|-heal|p1a: Mandibuzz|174\/424|[from] item: Leftovers
|
|switch|p2a: Espeon|Espeon, M|272\/272
|-damage|p2a: Espeon|238\/272|[from] Stealth Rock
|turn|15
|
|move|p2a: Espeon|Dazzling Gleam|p1a: Mandibuzz
|-supereffective|p1a: Mandibuzz
|-damage|p1a: Mandibuzz|0 fnt
|faint|p1a: Mandibuzz
|
|-heal|p2a: Espeon|255\/272|[from] item: Leftovers
|
|switch|p1a: Rotom-Wash|Rotom-Wash, shiny|241\/241
|turn|16
|
|move|p1a: Rotom-Wash|Hydro Pump|p2a: Espeon
|-damage|p2a: Espeon|75\/272
|move|p2a: Espeon|Calm Mind|p2a: Espeon
|-boost|p2a: Espeon|spa|1
|-boost|p2a: Espeon|spd|1
|
|-heal|p2a: Espeon|92\/272|[from] item: Leftovers
|turn|17
|
|move|p1a: Rotom-Wash|Hydro Pump|p2a: Espeon
|-damage|p2a: Espeon|0 fnt
|faint|p2a: Espeon
|
|
|switch|p2a: Zoroark|Zoroark, M|126\/262
|-damage|p2a: Zoroark|94\/262|[from] Stealth Rock
|turn|18
|
|move|p2a: Zoroark|Sucker Punch|p1a: Rotom-Wash
|-damage|p1a: Rotom-Wash|107\/241
|-damage|p2a: Zoroark|68\/262|[from] item: Life Orb
|move|p1a: Rotom-Wash|Hydro Pump|p2a: Zoroark
|-damage|p2a: Zoroark|0 fnt
|faint|p2a: Zoroark
|
|win|Gokai Silver
|raw|Ladder updating...
|raw|Gokai Silver's rating: 1126 &rarr; <strong>1154<\/strong><br \/>(+28 for winning)
|raw|dark08's rating: 1176 &rarr; <strong>1147<\/strong><br \/>(-29 for losing)
|leave|dark08
|player|p2
|chat|Gokai Silver|gg