|join|Pheonixmaster
|join|mikasa1337
|player|p1|Pheonixmaster|248
|player|p2|mikasa1337|170
|gametype|singles
|gen|6
|tier|ORAS OU
|rated
|rule|Sleep Clause Mod: Limit one foe put to sleep
|rule|Species Clause: Limit one of each PokÃ©mon
|rule|OHKO Clause: OHKO moves are banned
|rule|Moody Clause: Moody is banned
|rule|Evasion Moves Clause: Evasion moves are banned
|rule|Endless Battle Clause: Forcing endless battles is banned
|rule|HP Percentage Mod: HP is shown in percentages
|clearpoke
|poke|p1|Salamence, M
|poke|p1|Tyranitar, M, shiny
|poke|p1|Excadrill, M, shiny
|poke|p1|Greninja, M, shiny
|poke|p1|Clefable, M
|poke|p1|Rotom-Wash
|poke|p2|Azelf
|poke|p2|Smeargle, M
|poke|p2|Whimsicott, F
|poke|p2|Thundurus, M
|poke|p2|Espeon, F
|poke|p2|Metagross
|rule|Swagger Clause: Swagger is banned
|rule|Baton Pass Clause: Limit one PokÃ©mon knowing Baton Pass
|teampreview
|
|start
|switch|p1a: Lelouch|Greninja, M, shiny|285\/285
|switch|p2a: Azelf|Azelf|354\/354
|turn|1
|
|switch|p2a: Whimsicott|Whimsicott, F|324\/324
|move|p1a: Lelouch|Dark Pulse|p2a: Whimsicott
|-start|p1a: Lelouch|typechange|Dark|[from] Protean
|-resisted|p2a: Whimsicott
|-damage|p2a: Whimsicott|223\/324
|-damage|p1a: Lelouch|257\/285|[from] item: Life Orb
|
|turn|2
|
|switch|p1a: Kamina|Tyranitar, M, shiny|403\/403
|-weather|Sandstorm
|move|p2a: Whimsicott|Light Screen|p2a: Whimsicott
|-sidestart|p2: mikasa1337|move: Light Screen
|
|-weather|Sandstorm|[upkeep]
|-damage|p2a: Whimsicott|203\/324|[from] sandstorm
|turn|3
|
|move|p2a: Whimsicott|Taunt|p1a: Kamina
|-start|p1a: Kamina|move: Taunt
|move|p1a: Kamina|Stone Edge|p2a: Whimsicott
|-damage|p2a: Whimsicott|43\/324
|
|-weather|Sandstorm|[upkeep]
|-damage|p2a: Whimsicott|23\/324|[from] sandstorm
|turn|4
|
|switch|p1a: Misa|Rotom-Wash|303\/303
|move|p2a: Whimsicott|Memento|p1a: Misa
|-unboost|p1a: Misa|atk|2
|-unboost|p1a: Misa|spa|2
|faint|p2a: Whimsicott
|
|-weather|Sandstorm|[upkeep]
|-damage|p1a: Misa|285\/303|[from] sandstorm
|-heal|p1a: Misa|303\/303|[from] item: Leftovers
|
|switch|p2a: Smeargle|Smeargle, M|314\/314
|turn|5
|
|move|p2a: Smeargle|Geomancy|p2a: Smeargle|[still]
|-prepare|p2a: Smeargle|Geomancy|p2a: Smeargle
|-enditem|p2a: Smeargle|Power Herb
|-anim|p2a: Smeargle|Geomancy|p2a: Smeargle
|-boost|p2a: Smeargle|spa|2
|-boost|p2a: Smeargle|spd|2
|-boost|p2a: Smeargle|spe|2
|move|p1a: Misa|Volt Switch|p2a: Smeargle
|-damage|p2a: Smeargle|294\/314
|
|switch|p1a: Simon|Excadrill, M, shiny|361\/361
|
|-weather|Sandstorm|[upkeep]
|-damage|p2a: Smeargle|275\/314|[from] sandstorm
|turn|6
|
|move|p1a: Simon|Earthquake|p2a: Smeargle
|-damage|p2a: Smeargle|0 fnt
|-damage|p1a: Simon|325\/361|[from] item: Life Orb
|faint|p2a: Smeargle
|
|-weather|Sandstorm|[upkeep]
|-sideend|p2: mikasa1337|move: Light Screen
|
|switch|p2a: Metagross|Metagross|364\/364
|turn|7
|
|switch|p2a: Thundurus|Thundurus, M|299\/299
|move|p1a: Simon|Earthquake|p2a: Thundurus
|-immune|p2a: Thundurus|[msg]
|
|-weather|Sandstorm|[upkeep]
|-damage|p2a: Thundurus|281\/299|[from] sandstorm
|turn|8
|
|switch|p2a: Metagross|Metagross|364\/364
|move|p1a: Simon|Rock Slide|p2a: Metagross
|-miss|p1a: Simon|p2a: Metagross
|
|-weather|Sandstorm|[upkeep]
|turn|9
|c|âPheonixmaster|k then
|
|detailschange|p2a: Metagross|Metagross-Mega
|message|Metagross has Mega Evolved into Mega Metagross!
|move|p1a: Simon|Earthquake|p2a: Metagross
|-supereffective|p2a: Metagross
|-damage|p2a: Metagross|18\/364
|-damage|p1a: Simon|289\/361|[from] item: Life Orb
|move|p2a: Metagross|Earthquake|p1a: Simon
|-crit|p1a: Simon
|-supereffective|p1a: Simon
|-damage|p1a: Simon|0 fnt
|faint|p1a: Simon
|
|-weather|none
|
|switch|p1a: Kira|Salamence, M|331\/331
|-ability|p1a: Kira|Intimidate|[of] p2a: Metagross
|-unboost|p2a: Metagross|atk|1
|turn|10
|
|detailschange|p1a: Kira|Salamence-Mega, M
|message|Salamence has Mega Evolved into Mega Salamence!
|move|p1a: Kira|Frustration|p2a: Metagross
|-resisted|p2a: Metagross
|-damage|p2a: Metagross|0 fnt
|faint|p2a: Metagross
|
|
|switch|p2a: Thundurus|Thundurus, M|281\/299
|turn|11
|
|move|p1a: Kira|Draco Meteor|p2a: Thundurus
|-damage|p2a: Thundurus|10\/299
|-unboost|p1a: Kira|spa|2
|move|p2a: Thundurus|Hidden Power|p1a: Kira
|-supereffective|p1a: Kira
|-damage|p1a: Kira|0 fnt
|faint|p1a: Kira
|
|
|switch|p1a: Kamina|Tyranitar, M, shiny|403\/403
|-weather|Sandstorm
|turn|12
|
|switch|p1a: Lelouch|Greninja, M, shiny|257\/285
|move|p2a: Thundurus|Superpower|p1a: Lelouch
|-supereffective|p1a: Lelouch
|-damage|p1a: Lelouch|0 fnt
|-unboost|p2a: Thundurus|atk|1
|-unboost|p2a: Thundurus|def|1
|faint|p1a: Lelouch
|
|-weather|Sandstorm|[upkeep]
|-damage|p2a: Thundurus|0 fnt|[from] sandstorm
|faint|p2a: Thundurus
|
|switch|p2a: Azelf|Azelf|354\/354
|switch|p1a: Kamina|Tyranitar, M, shiny|403\/403
|turn|13
|
|move|p2a: Azelf|Reflect|p2a: Azelf
|-sidestart|p2: mikasa1337|Reflect
|move|p1a: Kamina|Stone Edge|p2a: Azelf
|-damage|p2a: Azelf|222\/354
|
|-weather|Sandstorm|[upkeep]
|-damage|p2a: Azelf|200\/354|[from] sandstorm
|turn|14
|
|move|p2a: Azelf|Explosion|p1a: Kamina
|-resisted|p1a: Kamina
|-damage|p1a: Kamina|291\/403
|faint|p2a: Azelf
|move|p1a: Kamina|Stone Edge|p2: Azelf|[notarget]
|-notarget
|
|-weather|Sandstorm|[upkeep]
|
|switch|p2a: Espeon|Espeon, F|334\/334
|turn|15
|
|move|p2a: Espeon|Calm Mind|p2a: Espeon
|-boost|p2a: Espeon|spa|1
|-boost|p2a: Espeon|spd|1
|move|p1a: Kamina|Pursuit|p2a: Espeon
|-supereffective|p2a: Espeon
|-damage|p2a: Espeon|255\/334
|
|-weather|Sandstorm|[upkeep]
|-damage|p2a: Espeon|235\/334|[from] sandstorm
|-heal|p2a: Espeon|255\/334|[from] item: Leftovers
|turn|16
|
|move|p2a: Espeon|Calm Mind|p2a: Espeon
|-boost|p2a: Espeon|spa|1
|-boost|p2a: Espeon|spd|1
|move|p1a: Kamina|Pursuit|p2a: Espeon
|-supereffective|p2a: Espeon
|-damage|p2a: Espeon|174\/334
|
|-weather|Sandstorm|[upkeep]
|-damage|p2a: Espeon|154\/334|[from] sandstorm
|-heal|p2a: Espeon|174\/334|[from] item: Leftovers
|turn|17
|
|move|p2a: Espeon|Morning Sun|p2a: Espeon
|-heal|p2a: Espeon|257\/334
|move|p1a: Kamina|Pursuit|p2a: Espeon
|-supereffective|p2a: Espeon
|-damage|p2a: Espeon|167\/334
|
|-weather|Sandstorm|[upkeep]
|-damage|p2a: Espeon|147\/334|[from] sandstorm
|-heal|p2a: Espeon|167\/334|[from] item: Leftovers
|turn|18
|
|switch|p1a: Misa|Rotom-Wash|303\/303
|move|p2a: Espeon|Dazzling Gleam|p1a: Misa
|-damage|p1a: Misa|149\/303
|
|-weather|Sandstorm|[upkeep]
|-damage|p2a: Espeon|147\/334|[from] sandstorm
|-damage|p1a: Misa|131\/303|[from] sandstorm
|-heal|p2a: Espeon|167\/334|[from] item: Leftovers
|-heal|p1a: Misa|149\/303|[from] item: Leftovers
|turn|19
|
|move|p2a: Espeon|Dazzling Gleam|p1a: Misa
|-damage|p1a: Misa|1\/303
|move|p1a: Misa|Volt Switch|p2a: Espeon
|-damage|p2a: Espeon|127\/334
|
|switch|p1a: Kaede|Clefable, M|394\/394
|
|-weather|none
|-heal|p2a: Espeon|147\/334|[from] item: Leftovers
|turn|20
|
|switch|p1a: Kamina|Tyranitar, M, shiny|291\/403
|-weather|Sandstorm
|move|p2a: Espeon|Calm Mind|p2a: Espeon
|-boost|p2a: Espeon|spa|1
|-boost|p2a: Espeon|spd|1
|
|-weather|Sandstorm|[upkeep]
|-damage|p2a: Espeon|127\/334|[from] sandstorm
|-heal|p2a: Espeon|147\/334|[from] item: Leftovers
|-sideend|p2: mikasa1337|Reflect
|turn|21
|
|move|p2a: Espeon|Dazzling Gleam|p1a: Kamina
|-supereffective|p1a: Kamina
|-damage|p1a: Kamina|23\/403
|move|p1a: Kamina|Pursuit|p2a: Espeon
|-supereffective|p2a: Espeon
|-damage|p2a: Espeon|0 fnt
|faint|p2a: Espeon
|
|win|Pheonixmaster
|raw|Ladder updating...
|raw|Pheonixmaster's rating: 1370 &rarr; <strong>1398<\/strong><br \/>(+28 for winning)
|raw|mikasa1337's rating: 1516 &rarr; <strong>1488<\/strong><br \/>(-28 for losing)
|c|âPheonixmaster|LOL
|c|âmikasa1337|gg