|join|Mikasa1337
|join|s. rachmaninoff
|player|p1|Mikasa1337|1
|player|p2|s. rachmaninoff|53
|gametype|singles
|gen|6
|tier|OU
|rated
|clearpoke
|poke|p1|Talonflame, M
|poke|p1|Excadrill, M
|poke|p1|Azumarill, F
|poke|p1|Chansey, F
|poke|p1|Rotom-Wash
|poke|p1|Alakazam, F
|poke|p2|Pinsir, F
|poke|p2|Excadrill, F
|poke|p2|Latias, F
|poke|p2|Chansey, F
|poke|p2|Rotom-Wash
|poke|p2|Thundurus, M
|rule|Baton Pass Clause: Limit 3 pokemon knowing Baton Pass
|rule|Sleep Clause Mod: Limit one foe put to sleep
|rule|Species Clause: Limit one of each Pokemon
|rule|OHKO Clause: OHKO moves are banned
|rule|Moody Clause: Moody is banned
|rule|Evasion Moves Clause: Evasion moves are banned
|rule|Endless Battle Clause: Forcing endless battles is banned
|rule|HP Percentage Mod: HP is reported as percentages
|teampreview
|
|start
|switch|p1a: Chansey|Chansey, F|704\/704
|switch|p2a: Rotom-Wash|Rotom-Wash|304\/304
|turn|1
|
|move|p2a: Rotom-Wash|Volt Switch|p1a: Chansey
|-damage|p1a: Chansey|643\/704
|
|switch|p2a: Chansey|Chansey, F|704\/704
|move|p1a: Chansey|Seismic Toss|p2a: Chansey
|-damage|p2a: Chansey|604\/704
|
|turn|2
|
|move|p1a: Chansey|Seismic Toss|p2a: Chansey
|-damage|p2a: Chansey|504\/704
|move|p2a: Chansey|Stealth Rock|p1a: Chansey
|-sidestart|p1: Mikasa1337|move: Stealth Rock
|
|turn|3
|
|switch|p2a: Rotom-Wash|Rotom-Wash|304\/304
|move|p1a: Chansey|Seismic Toss|p2a: Rotom-Wash
|-damage|p2a: Rotom-Wash|204\/304
|
|-heal|p2a: Rotom-Wash|223\/304|[from] item: Leftovers
|turn|4
|
|move|p2a: Rotom-Wash|Will-O-Wisp|p1a: Chansey|[miss]
|-miss|p2a: Rotom-Wash|p1a: Chansey
|move|p1a: Chansey|Seismic Toss|p2a: Rotom-Wash
|-damage|p2a: Rotom-Wash|123\/304
|
|-heal|p2a: Rotom-Wash|142\/304|[from] item: Leftovers
|turn|5
|
|move|p2a: Rotom-Wash|Volt Switch|p1a: Chansey
|-damage|p1a: Chansey|585\/704
|
|switch|p2a: Chansey|Chansey, F|504\/704
|move|p1a: Chansey|Seismic Toss|p2a: Chansey
|-damage|p2a: Chansey|404\/704
|
|turn|6
|
|switch|p1a: Azumarill|Azumarill, F|404\/404
|-damage|p1a: Azumarill|354\/404|[from] Stealth Rock
|move|p2a: Chansey|Toxic|p1a: Azumarill
|-status|p1a: Azumarill|tox
|
|-damage|p1a: Azumarill|329\/404 tox|[from] psn
|turn|7
|
|switch|p2a: Rotom-Wash|Rotom-Wash|142\/304
|move|p1a: Azumarill|Belly Drum|p1a: Azumarill
|-damage|p1a: Azumarill|127\/404 tox
|-setboost|p1a: Azumarill|atk|6|[from] move: Belly Drum
|-enditem|p1a: Azumarill|Sitrus Berry|[eat]
|-heal|p1a: Azumarill|228\/404 tox|[from] item: Sitrus Berry
|
|-heal|p2a: Rotom-Wash|161\/304|[from] item: Leftovers
|-damage|p1a: Azumarill|178\/404 tox|[from] psn
|turn|8
|
|move|p1a: Azumarill|Aqua Jet|p2a: Rotom-Wash
|-resisted|p2a: Rotom-Wash
|-damage|p2a: Rotom-Wash|36\/304
|move|p2a: Rotom-Wash|Volt Switch|p1a: Azumarill
|-supereffective|p1a: Azumarill
|-damage|p1a: Azumarill|0 fnt
|faint|p1a: Azumarill
|
|switch|p2a: Excadrill|Excadrill, F|362\/362
|-ability|p2a: Excadrill|Mold Breaker
|
|
|switch|p1a: Excadrill|Excadrill, M|362\/362
|-damage|p1a: Excadrill|351\/362|[from] Stealth Rock
|-ability|p1a: Excadrill|Mold Breaker
|-item|p1a: Excadrill|Air Balloon
|turn|9
|
|switch|p2a: Thundurus|Thundurus, M|300\/300
|move|p1a: Excadrill|Earthquake|p2a: Thundurus
|-immune|p2a: Thundurus|[msg]
|
|turn|10
|
|move|p2a: Thundurus|Hidden Power|p1a: Excadrill
|-damage|p1a: Excadrill|254\/362
|-enditem|p1a: Excadrill|Air Balloon
|move|p1a: Excadrill|Rapid Spin|p2a: Thundurus
|-damage|p2a: Thundurus|266\/300
|-sideend|p1: Mikasa1337|Stealth Rock|[from] move: Rapid Spin|[of] p1a: Excadrill
|
|-heal|p2a: Thundurus|284\/300|[from] item: Leftovers
|turn|11
|
|switch|p2a: Excadrill|Excadrill, F|362\/362
|-ability|p2a: Excadrill|Mold Breaker
|move|p1a: Excadrill|Rock Slide|p2a: Excadrill
|-resisted|p2a: Excadrill
|-damage|p2a: Excadrill|325\/362
|
|turn|12
|
|switch|p1a: Talonflame|Talonflame, M|298\/298
|move|p2a: Excadrill|Earthquake|p1a: Talonflame
|-immune|p1a: Talonflame|[msg]
|
|turn|13
|
|switch|p2a: Thundurus|Thundurus, M|284\/300
|move|p1a: Talonflame|Flare Blitz|p2a: Thundurus
|-damage|p2a: Thundurus|91\/300
|-damage|p1a: Talonflame|234\/298|[from] recoil|[of] p2a: Thundurus
|
|-heal|p2a: Thundurus|109\/300|[from] item: Leftovers
|turn|14
|
|switch|p1a: Excadrill|Excadrill, M|254\/362
|-ability|p1a: Excadrill|Mold Breaker
|move|p2a: Thundurus|Thunder Wave|p1a: Excadrill
|-immune|p1a: Excadrill|[msg]
|
|-heal|p2a: Thundurus|127\/300|[from] item: Leftovers
|turn|15
|
|switch|p2a: Excadrill|Excadrill, F|325\/362
|-ability|p2a: Excadrill|Mold Breaker
|move|p1a: Excadrill|Earthquake|p2a: Excadrill
|-supereffective|p2a: Excadrill
|-damage|p2a: Excadrill|0 fnt
|faint|p2a: Excadrill
|
|
|switch|p2a: Latias|Latias, F|302\/302
|turn|16
|
|switch|p1a: Chansey|Chansey, F|585\/704
|move|p2a: Latias|Hidden Power|p1a: Chansey
|-damage|p1a: Chansey|528\/704
|-damage|p2a: Latias|272\/302|[from] item: Life Orb
|
|turn|17
|
|switch|p2a: Rotom-Wash|Rotom-Wash|36\/304
|switch|p1a: Excadrill|Excadrill, M|254\/362
|-ability|p1a: Excadrill|Mold Breaker
|
|-heal|p2a: Rotom-Wash|55\/304|[from] item: Leftovers
|turn|18
|
|move|p1a: Excadrill|Rock Slide|p2a: Rotom-Wash
|-miss|p1a: Excadrill|p2a: Rotom-Wash
|move|p2a: Rotom-Wash|Will-O-Wisp|p1a: Excadrill
|-status|p1a: Excadrill|brn
|
|-heal|p2a: Rotom-Wash|74\/304|[from] item: Leftovers
|-damage|p1a: Excadrill|209\/362 brn|[from] brn
|turn|19
|
|switch|p2a: Chansey|Chansey, F|404\/704
|move|p1a: Excadrill|Earthquake|p2a: Chansey
|-damage|p2a: Chansey|265\/704
|
|-damage|p1a: Excadrill|164\/362 brn|[from] brn
|turn|20
|
|move|p1a: Excadrill|Swords Dance|p1a: Excadrill
|-boost|p1a: Excadrill|atk|2
|move|p2a: Chansey|Soft-Boiled|p2a: Chansey
|-heal|p2a: Chansey|617\/704
|
|-damage|p1a: Excadrill|119\/362 brn|[from] brn
|turn|21
|
|move|p1a: Excadrill|Earthquake|p2a: Chansey
|-damage|p2a: Chansey|371\/704
|move|p2a: Chansey|Stealth Rock|p1a: Excadrill
|-sidestart|p1: Mikasa1337|move: Stealth Rock
|
|-damage|p1a: Excadrill|74\/362 brn|[from] brn
|turn|22
|
|move|p1a: Excadrill|Rapid Spin|p2a: Chansey
|-damage|p2a: Chansey|337\/704
|-sideend|p1: Mikasa1337|Stealth Rock|[from] move: Rapid Spin|[of] p1a: Excadrill
|move|p2a: Chansey|Soft-Boiled|p2a: Chansey
|-heal|p2a: Chansey|689\/704
|
|-damage|p1a: Excadrill|29\/362 brn|[from] brn
|turn|23
|
|switch|p1a: Talonflame|Talonflame, M|234\/298
|move|p2a: Chansey|Stealth Rock|p1a: Talonflame
|-sidestart|p1: Mikasa1337|move: Stealth Rock
|
|turn|24
|
|move|p1a: Talonflame|Swords Dance|p1a: Talonflame
|-boost|p1a: Talonflame|atk|2
|move|p2a: Chansey|Seismic Toss|p1a: Talonflame
|-damage|p1a: Talonflame|134\/298
|-enditem|p1a: Talonflame|Sitrus Berry|[eat]
|-heal|p1a: Talonflame|208\/298|[from] item: Sitrus Berry
|
|turn|25
|
|move|p1a: Talonflame|Acrobatics|p2a: Chansey
|-damage|p2a: Chansey|319\/704
|move|p2a: Chansey|Soft-Boiled|p2a: Chansey
|-heal|p2a: Chansey|671\/704
|
|turn|26
|
|move|p1a: Talonflame|Acrobatics|p2a: Chansey
|-damage|p2a: Chansey|268\/704
|move|p2a: Chansey|Toxic|p1a: Talonflame
|-status|p1a: Talonflame|tox
|
|-damage|p1a: Talonflame|190\/298 tox|[from] psn
|turn|27
|
|switch|p2a: Rotom-Wash|Rotom-Wash|74\/304
|move|p1a: Talonflame|Acrobatics|p2a: Rotom-Wash
|-resisted|p2a: Rotom-Wash
|-damage|p2a: Rotom-Wash|0 fnt
|faint|p2a: Rotom-Wash
|
|-damage|p1a: Talonflame|154\/298 tox|[from] psn
|
|switch|p2a: Thundurus|Thundurus, M|127\/300
|turn|28
|
|move|p1a: Talonflame|Flare Blitz|p2a: Thundurus
|-damage|p2a: Thundurus|0 fnt
|-damage|p1a: Talonflame|112\/298 tox|[from] recoil|[of] p2a: Thundurus
|faint|p2a: Thundurus
|
|-damage|p1a: Talonflame|58\/298 tox|[from] psn
|
|switch|p2a: Latias|Latias, F|272\/302
|turn|29
|
|move|p1a: Talonflame|Acrobatics|p2a: Latias
|-damage|p2a: Latias|0 fnt
|faint|p2a: Latias
|
|-damage|p1a: Talonflame|0 fnt|[from] psn
|faint|p1a: Talonflame
|
|switch|p1a: Excadrill|Excadrill, M|29\/362 brn
|-damage|p1a: Excadrill|18\/362 brn|[from] Stealth Rock
|switch|p2a: Chansey|Chansey, F|268\/704
|-ability|p1a: Excadrill|Mold Breaker
|turn|30
|
|move|p1a: Excadrill|Rapid Spin|p2a: Chansey
|-crit|p2a: Chansey
|-damage|p2a: Chansey|239\/704
|-sideend|p1: Mikasa1337|Stealth Rock|[from] move: Rapid Spin|[of] p1a: Excadrill
|move|p2a: Chansey|Soft-Boiled|p2a: Chansey
|-heal|p2a: Chansey|591\/704
|
|-damage|p1a: Excadrill|0 fnt|[from] brn
|faint|p1a: Excadrill
|
|switch|p1a: Rotom-Wash|Rotom-Wash|304\/304
|turn|31
|
|move|p1a: Rotom-Wash|Will-O-Wisp|p2a: Chansey
|-status|p2a: Chansey|brn
|move|p2a: Chansey|Toxic|p1a: Rotom-Wash|[miss]
|-miss|p2a: Chansey|p1a: Rotom-Wash
|
|-damage|p2a: Chansey|503\/704 brn|[from] brn
|turn|32
|
|switch|p1a: Chansey|Chansey, F|528\/704
|move|p2a: Chansey|Toxic|p1a: Chansey
|-status|p1a: Chansey|tox
|
|-damage|p1a: Chansey|484\/704 tox|[from] psn
|-damage|p2a: Chansey|415\/704 brn|[from] brn
|turn|33
|
|move|p1a: Chansey|Seismic Toss|p2a: Chansey
|-damage|p2a: Chansey|315\/704 brn
|move|p2a: Chansey|Soft-Boiled|p2a: Chansey
|-heal|p2a: Chansey|667\/704 brn
|
|-damage|p1a: Chansey|396\/704 tox|[from] psn
|-damage|p2a: Chansey|579\/704 brn|[from] brn
|turn|34
|
|move|p1a: Chansey|Soft-Boiled|p1a: Chansey
|-heal|p1a: Chansey|704\/704 tox
|move|p2a: Chansey|Soft-Boiled|p2a: Chansey
|-heal|p2a: Chansey|704\/704 brn
|
|-damage|p1a: Chansey|572\/704 tox|[from] psn
|-damage|p2a: Chansey|616\/704 brn|[from] brn
|turn|35
|
|move|p2a: Chansey|Seismic Toss|p1a: Chansey
|-damage|p1a: Chansey|472\/704 tox
|move|p1a: Chansey|Counter|p2a: Chansey
|-damage|p2a: Chansey|416\/704 brn
|
|-damage|p1a: Chansey|296\/704 tox|[from] psn
|-damage|p2a: Chansey|328\/704 brn|[from] brn
|turn|36
|
|switch|p1a: Rotom-Wash|Rotom-Wash|304\/304
|move|p2a: Chansey|Soft-Boiled|p2a: Chansey
|-heal|p2a: Chansey|680\/704 brn
|
|-damage|p2a: Chansey|592\/704 brn|[from] brn
|turn|37
|
|switch|p1a: Chansey|Chansey, F|296\/704
|move|p2a: Chansey|Toxic|p1a: Chansey
|-status|p1a: Chansey|tox
|
|-damage|p1a: Chansey|252\/704 tox|[from] psn
|-damage|p2a: Chansey|504\/704 brn|[from] brn
|turn|38
|
|switch|p2a: Pinsir|Pinsir, F|271\/271
|move|p1a: Chansey|Soft-Boiled|p1a: Chansey
|-heal|p1a: Chansey|604\/704 tox
|
|-damage|p1a: Chansey|516\/704 tox|[from] psn
|turn|39
|
|detailschange|p2a: Pinsir|Pinsir-Mega, F
|message|Pinsir has Mega Evolved into Mega Pinsir!
|move|p2a: Pinsir|Swords Dance|p2a: Pinsir
|-boost|p2a: Pinsir|atk|2
|move|p1a: Chansey|Flamethrower|p2a: Pinsir
|-supereffective|p2a: Pinsir
|-damage|p2a: Pinsir|207\/271
|
|-damage|p1a: Chansey|384\/704 tox|[from] psn
|turn|40
|
|move|p2a: Pinsir|Swords Dance|p2a: Pinsir
|-boost|p2a: Pinsir|atk|2
|move|p1a: Chansey|Counter|p2a: Pinsir
|-fail|p2a: Pinsir
|
|-damage|p1a: Chansey|208\/704 tox|[from] psn
|turn|41
|
|switch|p1a: Rotom-Wash|Rotom-Wash|304\/304
|move|p2a: Pinsir|Return|p1a: Rotom-Wash
|-resisted|p1a: Rotom-Wash
|-damage|p1a: Rotom-Wash|0 fnt
|faint|p1a: Rotom-Wash
|
|
|switch|p1a: Alakazam|Alakazam, F|252\/252
|turn|42
|
|move|p2a: Pinsir|Quick Attack|p1a: Alakazam
|-enditem|p1a: Alakazam|Focus Sash
|-damage|p1a: Alakazam|1\/252
|move|p1a: Alakazam|Psychic|p2a: Pinsir
|-damage|p2a: Pinsir|17\/271
|
|turn|43
|
|move|p2a: Pinsir|Quick Attack|p1a: Alakazam
|-damage|p1a: Alakazam|0 fnt
|faint|p1a: Alakazam
|
|chat|s. rachmaninoff|very good game
|chat|Mikasa1337|yeah
|chat|Mikasa1337|should have done seismic toss one more time
|-message|Mikasa1337 forfeited.
|
|win|s. rachmaninoff
|raw|Ladder updating...
|raw|Mikasa1337's rating: 1600 &rarr; <strong>1577<\/strong><br \/>(-23 for losing)
|raw|s. rachmaninoff's rating: 1554 &rarr; <strong>1577<\/strong><br \/>(+23 for winning)
|leave|Mikasa1337
|player|p1