|join|Bl153
|join|Mikasa1337
|player|p1|Bl153|262
|player|p2|Mikasa1337|1
|gametype|singles
|gen|6
|tier|OU
|rated
|clearpoke
|poke|p1|Tyranitar, M
|poke|p1|Landorus, M
|poke|p1|Keldeo
|poke|p1|Scizor, M
|poke|p1|Clefable, F
|poke|p1|Deoxys-Speed
|poke|p2|Excadrill, M
|poke|p2|Talonflame, M
|poke|p2|Greninja, F
|poke|p2|Goodra, F
|poke|p2|Garchomp, M
|poke|p2|Mawile, M
|rule|Baton Pass Clause: Limit 3 pokemon knowing Baton Pass
|rule|Sleep Clause Mod: Limit one foe put to sleep
|rule|Species Clause: Limit one of each Pokemon
|rule|OHKO Clause: OHKO moves are banned
|rule|Moody Clause: Moody is banned
|rule|Evasion Moves Clause: Evasion moves are banned
|rule|Endless Battle Clause: Forcing endless battles is banned
|rule|HP Percentage Mod: HP is reported as percentages
|teampreview
|chat|Bl153|gl hf
|chat|Mikasa1337|same
|
|start
|switch|p1a: Keldeo|Keldeo|323\/323
|switch|p2a: Talonflame|Talonflame, M|298\/298
|turn|1
|
|switch|p1a: Clefable|Clefable, F|394\/394
|move|p2a: Talonflame|Brave Bird|p1a: Clefable
|-damage|p1a: Clefable|169\/394
|-damage|p2a: Talonflame|224\/298|[from] recoil|[of] p1a: Clefable
|
|-heal|p1a: Clefable|193\/394|[from] item: Leftovers
|turn|2
|
|switch|p2a: Mawile|Mawile, M|304\/304
|-ability|p2a: Mawile|Intimidate|[of] p1a: Clefable
|-unboost|p1a: Clefable|atk|1
|switch|p1a: Tyranitar|Tyranitar, M|404\/404
|-weather|Sandstorm
|
|-weather|Sandstorm|[upkeep]
|turn|3
|
|detailschange|p1a: Tyranitar|Tyranitar-Mega, M
|message|Tyranitar has Mega Evolved into Mega Tyranitar!
|detailschange|p2a: Mawile|Mawile-Mega, M
|message|Mawile has Mega Evolved into Mega Mawile!
|move|p1a: Tyranitar|Fire Blast|p2a: Mawile
|-supereffective|p2a: Mawile
|-damage|p2a: Mawile|142\/304
|move|p2a: Mawile|Play Rough|p1a: Tyranitar
|-supereffective|p1a: Tyranitar
|-damage|p1a: Tyranitar|0 fnt
|faint|p1a: Tyranitar
|
|-weather|Sandstorm|[upkeep]
|
|switch|p1a: Keldeo|Keldeo|323\/323
|turn|4
|
|move|p2a: Mawile|Sucker Punch|p1a: Keldeo
|-resisted|p1a: Keldeo
|-damage|p1a: Keldeo|226\/323
|-boost|p1a: Keldeo|atk|1|[from] ability: Justified
|move|p1a: Keldeo|Scald|p2a: Mawile
|-damage|p2a: Mawile|0 fnt
|faint|p2a: Mawile
|
|-weather|Sandstorm|[upkeep]
|-damage|p1a: Keldeo|206\/323|[from] sandstorm
|
|switch|p2a: Talonflame|Talonflame, M|224\/298
|turn|5
|
|switch|p1a: Scizor|Scizor, M|344\/344
|move|p2a: Talonflame|Brave Bird|p1a: Scizor
|-damage|p1a: Scizor|115\/344
|-damage|p2a: Talonflame|148\/298|[from] recoil|[of] p1a: Scizor
|
|-weather|Sandstorm|[upkeep]
|-damage|p2a: Talonflame|130\/298|[from] sandstorm
|-heal|p1a: Scizor|136\/344|[from] item: Leftovers
|turn|6
|
|move|p2a: Talonflame|Brave Bird|p1a: Scizor
|-damage|p1a: Scizor|0 fnt
|-damage|p2a: Talonflame|85\/298|[from] recoil|[of] p1a: Scizor
|faint|p1a: Scizor
|
|-weather|none
|
|switch|p1a: Deoxys-Speed|Deoxys-Speed|241\/241
|-ability|p1a: Deoxys-Speed|Pressure
|turn|7
|
|switch|p2a: Greninja|Greninja, F|286\/286
|move|p1a: Deoxys-Speed|Thunderbolt|p2a: Greninja
|-supereffective|p2a: Greninja
|-damage|p2a: Greninja|13\/286
|-status|p2a: Greninja|par
|-damage|p1a: Deoxys-Speed|217\/241|[from] item: Life Orb
|
|turn|8
|
|switch|p1a: Clefable|Clefable, F|193\/394
|-start|p2a: Greninja|typechange|Ice|[from] Protean
|move|p2a: Greninja|Ice Beam|p1a: Clefable
|-damage|p1a: Clefable|18\/394
|-damage|p2a: Greninja|0 fnt|[from] item: Life Orb
|faint|p2a: Greninja
|
|-heal|p1a: Clefable|42\/394|[from] item: Leftovers
|
|switch|p2a: Talonflame|Talonflame, M|85\/298
|turn|9
|
|move|p2a: Talonflame|U-turn|p1a: Clefable
|-resisted|p1a: Clefable
|-damage|p1a: Clefable|2\/394
|
|switch|p2a: Excadrill|Excadrill, M|362\/362
|-ability|p2a: Excadrill|Mold Breaker
|-item|p2a: Excadrill|Air Balloon
|move|p1a: Clefable|Thunder Wave|p2a: Excadrill
|-immune|p2a: Excadrill|[msg]
|
|-heal|p1a: Clefable|26\/394|[from] item: Leftovers
|turn|10
|
|move|p2a: Excadrill|Rock Slide|p1a: Clefable
|-damage|p1a: Clefable|0 fnt
|faint|p1a: Clefable
|
|
|switch|p1a: Keldeo|Keldeo|206\/323
|turn|11
|
|move|p1a: Keldeo|Secret Sword|p2a: Excadrill
|-supereffective|p2a: Excadrill
|-damage|p2a: Excadrill|0 fnt
|-enditem|p2a: Excadrill|Air Balloon
|faint|p2a: Excadrill
|
|
|switch|p2a: Garchomp|Garchomp, M|420\/420
|turn|12
|
|move|p1a: Keldeo|Icy Wind|p2a: Garchomp
|-supereffective|p2a: Garchomp
|-damage|p2a: Garchomp|74\/420
|-unboost|p2a: Garchomp|spe|1
|move|p2a: Garchomp|Dragon Claw|p1a: Keldeo
|-damage|p1a: Keldeo|70\/323
|
|turn|13
|
|move|p1a: Keldeo|Scald|p2a: Garchomp
|-damage|p2a: Garchomp|0 fnt
|faint|p2a: Garchomp
|
|
|switch|p2a: Talonflame|Talonflame, M|85\/298
|turn|14
|
|switch|p1a: Deoxys-Speed|Deoxys-Speed|217\/241
|-ability|p1a: Deoxys-Speed|Pressure
|move|p2a: Talonflame|Brave Bird|p1a: Deoxys-Speed
|-damage|p1a: Deoxys-Speed|0 fnt
|-damage|p2a: Talonflame|13\/298|[from] recoil|[of] p1a: Deoxys-Speed
|faint|p1a: Deoxys-Speed
|
|
|switch|p1a: Landorus|Landorus, M|320\/320
|turn|15
|
|move|p2a: Talonflame|Brave Bird|p1a: Landorus
|-damage|p1a: Landorus|49\/320
|-damage|p2a: Talonflame|0 fnt|[from] recoil|[of] p1a: Landorus
|faint|p2a: Talonflame
|move|p1a: Landorus|Hidden Power|p2: Talonflame|[notarget]
|-notarget
|
|
|switch|p2a: Goodra|Goodra, F|384\/384
|turn|16
|
|move|p1a: Landorus|Earth Power|p2a: Goodra
|-damage|p2a: Goodra|267\/384
|move|p2a: Goodra|Outrage|p1a: Landorus
|-damage|p1a: Landorus|0 fnt
|faint|p1a: Landorus
|
|
|switch|p1a: Keldeo|Keldeo|70\/323
|turn|17
|
|move|p1a: Keldeo|Secret Sword|p2a: Goodra
|-crit|p2a: Goodra
|-damage|p2a: Goodra|0 fnt
|faint|p2a: Goodra
|
|win|Bl153
|raw|Ladder updating...
|raw|Bl153's rating: 1633 &rarr; <strong>1657<\/strong><br \/>(+24 for winning)
|raw|Mikasa1337's rating: 1702 &rarr; <strong>1678<\/strong><br \/>(-24 for losing)
|chat|Mikasa1337|did that matter
|chat|Bl153|gg sorry :\/
|chat|Bl153|IDK probably
|chat|Mikasa1337|yeah it did
|leave|Mikasa1337
|player|p2
|chat|Bl153|Whatever though hax is hax lol get over it