|join|Mikasa1337
|join|CorvÅ«s
|player|p1|Mikasa1337|265
|player|p2|CorvÅ«s|144
|gametype|singles
|gen|6
|tier|OU
|rated
|clearpoke
|poke|p1|Alakazam, M, shiny
|poke|p1|Weavile, M, shiny
|poke|p1|Landorus-Therian, M, shiny
|poke|p1|Tyranitar, F, shiny
|poke|p1|Manectric, M, shiny
|poke|p1|Azumarill, F
|poke|p2|Tyranitar, F
|poke|p2|Keldeo
|poke|p2|Pinsir, M
|poke|p2|Gastrodon, M
|poke|p2|Celebi
|poke|p2|Heatran, F
|rule|Sleep Clause Mod: Limit one foe put to sleep
|rule|Species Clause: Limit one of each Pokemon
|rule|OHKO Clause: OHKO moves are banned
|rule|Moody Clause: Moody is banned
|rule|Evasion Moves Clause: Evasion moves are banned
|rule|Endless Battle Clause: Forcing endless battles is banned.
|rule|HP Percentage Mod: HP is reported as percentages
|teampreview
|
|start
|switch|p1a: Landorus-Therian|Landorus-Therian, M, shiny|330\/330
|switch|p2a: Tyranitar|Tyranitar, F|404\/404
|-ability|p1a: Landorus-Therian|Intimidate|[of] p2a: Tyranitar
|-unboost|p2a: Tyranitar|atk|1
|-weather|Sandstorm
|turn|1
|
|move|p1a: Landorus-Therian|Earthquake|p2a: Tyranitar
|-supereffective|p2a: Tyranitar
|-damage|p2a: Tyranitar|0 fnt
|faint|p2a: Tyranitar
|
|-weather|Sandstorm|[upkeep]
|
|switch|p2a: Gastrodon|Gastrodon, M|426\/426
|turn|2
|
|move|p1a: Landorus-Therian|Earthquake|p2a: Gastrodon
|-damage|p2a: Gastrodon|218\/426
|move|p2a: Gastrodon|Scald|p1a: Landorus-Therian
|-supereffective|p1a: Landorus-Therian
|-damage|p1a: Landorus-Therian|124\/330
|
|-weather|Sandstorm|[upkeep]
|-heal|p2a: Gastrodon|244\/426|[from] item: Leftovers
|turn|3
|
|move|p1a: Landorus-Therian|Earthquake|p2a: Gastrodon
|-damage|p2a: Gastrodon|51\/426
|move|p2a: Gastrodon|Scald|p1a: Landorus-Therian
|-supereffective|p1a: Landorus-Therian
|-damage|p1a: Landorus-Therian|0 fnt
|faint|p1a: Landorus-Therian
|
|-weather|Sandstorm|[upkeep]
|-heal|p2a: Gastrodon|77\/426|[from] item: Leftovers
|
|switch|p1a: Alakazam|Alakazam, M, shiny|252\/252
|turn|4
|
|switch|p2a: Heatran|Heatran, F|386\/386
|move|p1a: Alakazam|Psychic|p2a: Heatran
|-resisted|p2a: Heatran
|-damage|p2a: Heatran|308\/386
|
|-weather|Sandstorm|[upkeep]
|-heal|p2a: Heatran|332\/386|[from] item: Leftovers
|turn|5
|
|switch|p1a: Azumarill|Azumarill, F|404\/404
|move|p2a: Heatran|Ancient Power|p1a: Azumarill
|-damage|p1a: Azumarill|322\/404
|
|-weather|none
|-heal|p2a: Heatran|356\/386|[from] item: Leftovers
|turn|6
|
|switch|p2a: Gastrodon|Gastrodon, M|77\/426
|switch|p1a: Alakazam|Alakazam, M, shiny|252\/252
|
|-heal|p2a: Gastrodon|103\/426|[from] item: Leftovers
|turn|7
|
|switch|p2a: Heatran|Heatran, F|356\/386
|move|p1a: Alakazam|Energy Ball|p2a: Heatran
|-resisted|p2a: Heatran
|-damage|p2a: Heatran|332\/386
|
|-heal|p2a: Heatran|356\/386|[from] item: Leftovers
|turn|8
|
|switch|p1a: Azumarill|Azumarill, F|322\/404
|move|p2a: Heatran|Lava Plume|p1a: Azumarill
|-resisted|p1a: Azumarill
|-damage|p1a: Azumarill|243\/404
|
|-heal|p2a: Heatran|380\/386|[from] item: Leftovers
|turn|9
|
|move|p2a: Heatran|Lava Plume|p1a: Azumarill
|-crit|p1a: Azumarill
|-resisted|p1a: Azumarill
|-damage|p1a: Azumarill|132\/404
|-enditem|p1a: Azumarill|Sitrus Berry|[eat]
|-heal|p1a: Azumarill|233\/404|[from] item: Sitrus Berry
|move|p1a: Azumarill|Aqua Tail|p2a: Heatran
|-supereffective|p2a: Heatran
|-damage|p2a: Heatran|62\/386
|
|-heal|p2a: Heatran|86\/386|[from] item: Leftovers
|turn|10
|
|switch|p2a: Gastrodon|Gastrodon, M|103\/426
|move|p1a: Azumarill|Play Rough|p2a: Gastrodon
|-damage|p2a: Gastrodon|0 fnt
|faint|p2a: Gastrodon
|
|
|switch|p2a: Celebi|Celebi|404\/404
|turn|11
|
|switch|p1a: Tyranitar|Tyranitar, F, shiny|403\/403
|-weather|Sandstorm
|move|p2a: Celebi|Giga Drain|p1a: Tyranitar
|-supereffective|p1a: Tyranitar
|-damage|p1a: Tyranitar|319\/403
|-enditem|p1a: Tyranitar|Weakness Policy
|-boost|p1a: Tyranitar|atk|2|[from] item: Weakness Policy
|-boost|p1a: Tyranitar|spa|2|[from] item: Weakness Policy
|
|-weather|Sandstorm|[upkeep]
|-damage|p2a: Celebi|379\/404|[from] sandstorm
|-heal|p2a: Celebi|404\/404|[from] item: Leftovers
|turn|12
|
|move|p2a: Celebi|Thunder Wave|p1a: Tyranitar
|-status|p1a: Tyranitar|par
|move|p1a: Tyranitar|Pursuit|p2a: Celebi
|-supereffective|p2a: Celebi
|-damage|p2a: Celebi|120\/404
|
|-weather|Sandstorm|[upkeep]
|-damage|p2a: Celebi|95\/404|[from] sandstorm
|-heal|p2a: Celebi|120\/404|[from] item: Leftovers
|turn|13
|
|move|p2a: Celebi|U-turn|p1a: Tyranitar
|-supereffective|p1a: Tyranitar
|-damage|p1a: Tyranitar|217\/403 par
|
|switch|p2a: Keldeo|Keldeo|323\/323
|move|p1a: Tyranitar|Stealth Rock|p2a: Keldeo
|-sidestart|p2: CorvÅ«s|move: Stealth Rock
|
|-weather|Sandstorm|[upkeep]
|-damage|p2a: Keldeo|303\/323|[from] sandstorm
|turn|14
|
|switch|p1a: Azumarill|Azumarill, F|233\/404
|move|p2a: Keldeo|Secret Sword|p1a: Azumarill
|-resisted|p1a: Azumarill
|-damage|p1a: Azumarill|140\/404
|
|-weather|Sandstorm|[upkeep]
|-damage|p2a: Keldeo|283\/323|[from] sandstorm
|-damage|p1a: Azumarill|115\/404|[from] sandstorm
|turn|15
|
|move|p2a: Keldeo|Secret Sword|p1a: Azumarill
|-resisted|p1a: Azumarill
|-damage|p1a: Azumarill|25\/404
|move|p1a: Azumarill|Play Rough|p2a: Keldeo
|-supereffective|p2a: Keldeo
|-damage|p2a: Keldeo|0 fnt
|faint|p2a: Keldeo
|
|-weather|none
|
|switch|p2a: Pinsir|Pinsir, M|272\/272
|-damage|p2a: Pinsir|204\/272|[from] Stealth Rock
|turn|16
|
|switch|p1a: Manectric|Manectric, M, shiny|282\/282
|-formechange|p2a: Pinsir|Pinsir-Mega
|message|Pinsir has Mega Evolved into Mega Pinsir!
|move|p2a: Pinsir|Quick Attack|p1a: Manectric
|-resisted|p1a: Manectric
|-damage|p1a: Manectric|203\/282
|
|turn|17
|
|-formechange|p1a: Manectric|Manectric-Mega
|message|Manectric has Mega Evolved into Mega Manectric!
|-ability|p1a: Manectric|Intimidate|[of] p2a: Pinsir
|-unboost|p2a: Pinsir|atk|1
|move|p2a: Pinsir|Close Combat|p1a: Manectric
|-damage|p1a: Manectric|73\/282
|-unboost|p2a: Pinsir|def|1
|-unboost|p2a: Pinsir|spd|1
|move|p1a: Manectric|Thunderbolt|p2a: Pinsir
|-supereffective|p2a: Pinsir
|-damage|p2a: Pinsir|0 fnt
|faint|p2a: Pinsir
|
|
|switch|p2a: Heatran|Heatran, F|86\/386
|-damage|p2a: Heatran|38\/386|[from] Stealth Rock
|turn|18
|
|move|p1a: Manectric|Thunderbolt|p2a: Heatran
|-damage|p2a: Heatran|0 fnt
|faint|p2a: Heatran
|
|
|switch|p2a: Celebi|Celebi|120\/404
|-damage|p2a: Celebi|70\/404|[from] Stealth Rock
|turn|19
|
|move|p1a: Manectric|Hidden Power|p2a: Celebi
|-supereffective|p2a: Celebi
|-damage|p2a: Celebi|0 fnt
|faint|p2a: Celebi
|
|win|Mikasa1337
|raw|Ladder updating...
|raw|Mikasa1337's rating: 1493 &rarr; <strong>1510<\/strong><br \/>(+17 for winning)
|raw|CorvÅ«s's rating: 1454 &rarr; <strong>1436<\/strong><br \/>(-18 for losing)
|leave|Mikasa1337
|player|p1