|join|Mikasa1337
|join|Xiluvoz
|player|p1|Mikasa1337|1
|player|p2|Xiluvoz|290
|gametype|singles
|gen|6
|tier|OU
|rated
|clearpoke
|poke|p1|Chansey, F
|poke|p1|Garchomp, F
|poke|p1|Keldeo
|poke|p1|Mandibuzz, F
|poke|p1|Manectric, M
|poke|p1|Talonflame, F
|poke|p2|Dragonite, M
|poke|p2|Venusaur, F, shiny
|poke|p2|Heatran, F, shiny
|poke|p2|Skarmory, M
|poke|p2|Manectric, M
|poke|p2|Conkeldurr, M, shiny
|rule|Swagger Clause: Swagger is banned
|rule|Baton Pass Clause: Limit one PokÃ©mon knowing Baton Pass
|rule|Sleep Clause Mod: Limit one foe put to sleep
|rule|Species Clause: Limit one of each PokÃ©mon
|rule|OHKO Clause: OHKO moves are banned
|rule|Moody Clause: Moody is banned
|rule|Evasion Moves Clause: Evasion moves are banned
|rule|Endless Battle Clause: Forcing endless battles is banned
|rule|HP Percentage Mod: HP is shown in percentages
|teampreview
|
|start
|switch|p1a: Manectric|Manectric, M|282\/282
|switch|p2a: Mandibouse x)|Skarmory, M|334\/334
|turn|1
|
|switch|p2a: iTricker95|Manectric, M|282\/282
|detailschange|p1a: Manectric|Manectric-Mega, M
|message|Manectric has Mega Evolved into Mega Manectric!
|-ability|p1a: Manectric|Intimidate|[of] p2a: iTricker95
|-unboost|p2a: iTricker95|atk|1
|move|p1a: Manectric|Flamethrower|p2a: iTricker95
|-damage|p2a: iTricker95|110\/282
|
|turn|2
|
|switch|p2a: Teacher :O|Conkeldurr, M, shiny|414\/414
|move|p1a: Manectric|Volt Switch|p2a: Teacher :O
|-damage|p2a: Teacher :O|284\/414
|
|switch|p1a: Talonflame|Talonflame, F|298\/298
|
|turn|3
|
|switch|p2a: Mew ? pfff|Heatran, F, shiny|386\/386
|move|p1a: Talonflame|U-turn|p2a: Mew ? pfff
|-crit|p2a: Mew ? pfff
|-resisted|p2a: Mew ? pfff
|-damage|p2a: Mew ? pfff|357\/386
|
|switch|p1a: Garchomp|Garchomp, F|420\/420
|
|-heal|p2a: Mew ? pfff|381\/386|[from] item: Leftovers
|turn|4
|
|switch|p2a: Mandibouse x)|Skarmory, M|334\/334
|move|p1a: Garchomp|Swords Dance|p1a: Garchomp
|-boost|p1a: Garchomp|atk|2
|
|turn|5
|
|move|p1a: Garchomp|Rock Slide|p2a: Mandibouse x)
|-damage|p2a: Mandibouse x)|230\/334
|move|p2a: Mandibouse x)|Drill Peck|p1a: Garchomp
|-damage|p1a: Garchomp|348\/420
|-damage|p2a: Mandibouse x)|189\/334|[from] ability: Rough Skin|[of] p1a: Garchomp
|-damage|p2a: Mandibouse x)|134\/334|[from] item: Rocky Helmet|[of] p1a: Garchomp
|
|turn|6
|
|move|p1a: Garchomp|Rock Slide|p2a: Mandibouse x)
|-damage|p2a: Mandibouse x)|31\/334
|cant|p2a: Mandibouse x)|flinch
|
|turn|7
|
|move|p1a: Garchomp|Dragon Claw|p2a: Mandibouse x)
|-resisted|p2a: Mandibouse x)
|-damage|p2a: Mandibouse x)|0 fnt
|-damage|p1a: Garchomp|278\/420|[from] item: Rocky Helmet|[of] p2a: Mandibouse x)
|faint|p2a: Mandibouse x)
|
|
|switch|p2a: Where's Talonflame|Dragonite, M|324\/324
|turn|8
|
|move|p2a: Where's Talonflame|Dragon Dance|p2a: Where's Talonflame
|-boost|p2a: Where's Talonflame|atk|1
|-boost|p2a: Where's Talonflame|spe|1
|move|p1a: Garchomp|Dragon Claw|p2a: Where's Talonflame
|-supereffective|p2a: Where's Talonflame
|-damage|p2a: Where's Talonflame|50\/324
|
|turn|9
|
|move|p2a: Where's Talonflame|Dragon Claw|p1a: Garchomp
|-supereffective|p1a: Garchomp
|-damage|p1a: Garchomp|0 fnt
|-damage|p2a: Where's Talonflame|10\/324|[from] ability: Rough Skin|[of] p1a: Garchomp
|-damage|p2a: Where's Talonflame|0 fnt|[from] item: Rocky Helmet|[of] p1a: Garchomp
|faint|p2a: Where's Talonflame
|faint|p1a: Garchomp
|
|
|switch|p2a: iTricker95|Manectric, M|110\/282
|switch|p1a: Manectric|Manectric-Mega, M|282\/282
|-ability|p1a: Manectric|Intimidate|[of] p2a: iTricker95
|-unboost|p2a: iTricker95|atk|1
|turn|10
|
|move|p2a: iTricker95|Flamethrower|p1a: Manectric
|-damage|p1a: Manectric|168\/282
|move|p1a: Manectric|Hidden Power|p2a: iTricker95
|-damage|p2a: iTricker95|4\/282
|
|turn|11
|
|move|p2a: iTricker95|Flamethrower|p1a: Manectric
|-damage|p1a: Manectric|36\/282
|move|p1a: Manectric|Hidden Power|p2a: iTricker95
|-damage|p2a: iTricker95|0 fnt
|faint|p2a: iTricker95
|
|
|switch|p2a: Teacher :O|Conkeldurr, M, shiny|284\/414
|turn|12
|
|switch|p1a: Mandibuzz|Mandibuzz, F|424\/424
|move|p2a: Teacher :O|Ice Punch|p1a: Mandibuzz
|-supereffective|p1a: Mandibuzz
|-damage|p1a: Mandibuzz|286\/424
|-damage|p2a: Teacher :O|215\/414|[from] item: Rocky Helmet|[of] p1a: Mandibuzz
|
|turn|13
|
|switch|p1a: Talonflame|Talonflame, F|298\/298
|move|p2a: Teacher :O|Drain Punch|p1a: Talonflame
|-crit|p1a: Talonflame
|-resisted|p1a: Talonflame
|-damage|p1a: Talonflame|157\/298
|-heal|p2a: Teacher :O|286\/414|[from] drain|[of] p1a: Talonflame
|
|turn|14
|
|move|p1a: Talonflame|Brave Bird|p2a: Teacher :O
|-supereffective|p2a: Teacher :O
|-damage|p2a: Teacher :O|0 fnt
|-damage|p1a: Talonflame|63\/298|[from] recoil|[of] p2a: Teacher :O
|faint|p2a: Teacher :O
|
|
|switch|p2a: Mew ? pfff|Heatran, F, shiny|381\/386
|turn|15
|
|switch|p1a: Keldeo|Keldeo|324\/324
|move|p2a: Mew ? pfff|Magma Storm|p1a: Keldeo
|-resisted|p1a: Keldeo
|-damage|p1a: Keldeo|246\/324
|-activate|p1a: Keldeo|move: Magma Storm|[of] p2a: Mew ? pfff
|
|-heal|p2a: Mew ? pfff|386\/386|[from] item: Leftovers
|-damage|p1a: Keldeo|206\/324|[from] move: Magma Storm|[partiallytrapped]
|turn|16
|
|switch|p2a: THE WALL !|Venusaur, F, shiny|364\/364
|move|p1a: Keldeo|Icy Wind|p2a: THE WALL !
|-supereffective|p2a: THE WALL !
|-damage|p2a: THE WALL !|252\/364
|-unboost|p2a: THE WALL !|spe|1
|
|-end|p1a: Keldeo|Magma Storm|[partiallytrapped]
|turn|17
|
|switch|p1a: Mandibuzz|Mandibuzz, F|286\/424
|detailschange|p2a: THE WALL !|Venusaur-Mega, F, shiny
|message|Venusaur has Mega Evolved into Mega Venusaur!
|move|p2a: THE WALL !|Sludge Bomb|p1a: Mandibuzz
|-damage|p1a: Mandibuzz|177\/424
|
|turn|18
|
|move|p1a: Mandibuzz|Foul Play|p2a: THE WALL !
|-damage|p2a: THE WALL !|173\/364
|move|p2a: THE WALL !|Sludge Bomb|p1a: Mandibuzz
|-damage|p1a: Mandibuzz|59\/424
|
|turn|19
|
|move|p1a: Mandibuzz|Foul Play|p2a: THE WALL !
|-damage|p2a: THE WALL !|97\/364
|move|p2a: THE WALL !|Synthesis|p2a: THE WALL !
|-heal|p2a: THE WALL !|279\/364
|
|turn|20
|
|switch|p1a: Chansey|Chansey, F|704\/704
|move|p2a: THE WALL !|Sludge Bomb|p1a: Chansey
|-damage|p1a: Chansey|635\/704
|
|turn|21
|
|move|p1a: Chansey|Seismic Toss|p2a: THE WALL !
|-damage|p2a: THE WALL !|179\/364
|move|p2a: THE WALL !|Leech Seed|p1a: Chansey
|-start|p1a: Chansey|move: Leech Seed
|
|-damage|p1a: Chansey|547\/704|[from] Leech Seed|[of] p2a: THE WALL !
|-heal|p2a: THE WALL !|267\/364|[silent]
|turn|22
|
|move|p1a: Chansey|Seismic Toss|p2a: THE WALL !
|-damage|p2a: THE WALL !|167\/364
|move|p2a: THE WALL !|Sludge Bomb|p1a: Chansey
|-damage|p1a: Chansey|471\/704
|-status|p1a: Chansey|psn
|
|-damage|p1a: Chansey|383\/704 psn|[from] Leech Seed|[of] p2a: THE WALL !
|-heal|p2a: THE WALL !|255\/364|[silent]
|-damage|p1a: Chansey|295\/704 psn|[from] psn
|turn|23
|
|switch|p1a: Manectric|Manectric-Mega, M|36\/282
|-ability|p1a: Manectric|Intimidate|[of] p2a: THE WALL !
|-unboost|p2a: THE WALL !|atk|1
|move|p2a: THE WALL !|Synthesis|p2a: THE WALL !
|-heal|p2a: THE WALL !|364\/364
|
|turn|24
|
|move|p1a: Manectric|Flamethrower|p2a: THE WALL !
|-supereffective|p2a: THE WALL !
|-damage|p2a: THE WALL !|292\/364
|move|p2a: THE WALL !|Giga Drain|p1a: Manectric
|-crit|p1a: Manectric
|-damage|p1a: Manectric|0 fnt
|-heal|p2a: THE WALL !|310\/364|[from] drain|[of] p1a: Manectric
|faint|p1a: Manectric
|
|
|switch|p1a: Talonflame|Talonflame, F|63\/298
|turn|25
|
|switch|p2a: Mew ? pfff|Heatran, F, shiny|386\/386
|move|p1a: Talonflame|U-turn|p2a: Mew ? pfff
|-resisted|p2a: Mew ? pfff
|-damage|p2a: Mew ? pfff|366\/386
|
|switch|p1a: Chansey|Chansey, F|295\/704
|
|-heal|p2a: Mew ? pfff|386\/386|[from] item: Leftovers
|turn|26
|
|move|p2a: Mew ? pfff|Magma Storm|p1a: Chansey
|-damage|p1a: Chansey|199\/704
|-activate|p1a: Chansey|move: Magma Storm|[of] p2a: Mew ? pfff
|move|p1a: Chansey|Soft-Boiled|p1a: Chansey
|-heal|p1a: Chansey|551\/704
|
|-damage|p1a: Chansey|463\/704|[from] move: Magma Storm|[partiallytrapped]
|turn|27
|
|move|p2a: Mew ? pfff|Taunt|p1a: Chansey
|-start|p1a: Chansey|move: Taunt
|move|p1a: Chansey|Seismic Toss|p2a: Mew ? pfff
|-damage|p2a: Mew ? pfff|286\/386
|
|-heal|p2a: Mew ? pfff|310\/386|[from] item: Leftovers
|-damage|p1a: Chansey|375\/704|[from] move: Magma Storm|[partiallytrapped]
|turn|28
|
|move|p2a: Mew ? pfff|Toxic|p1a: Chansey
|-status|p1a: Chansey|tox
|move|p1a: Chansey|Seismic Toss|p2a: Mew ? pfff
|-damage|p2a: Mew ? pfff|210\/386
|
|-heal|p2a: Mew ? pfff|234\/386|[from] item: Leftovers
|-damage|p1a: Chansey|331\/704 tox|[from] psn
|-damage|p1a: Chansey|243\/704 tox|[from] move: Magma Storm|[partiallytrapped]
|turn|29
|
|switch|p2a: THE WALL !|Venusaur-Mega, F, shiny|310\/364
|move|p1a: Chansey|Seismic Toss|p2a: THE WALL !
|-damage|p2a: THE WALL !|210\/364
|
|-damage|p1a: Chansey|155\/704 tox|[from] psn
|-end|p1a: Chansey|Magma Storm|[partiallytrapped]
|-end|p1a: Chansey|move: Taunt
|turn|30
|
|move|p2a: THE WALL !|Synthesis|p2a: THE WALL !
|-heal|p2a: THE WALL !|364\/364
|move|p1a: Chansey|Aromatherapy|p1a: Chansey
|-cureteam|p1a: Chansey|[from] move: Aromatherapy
|
|turn|31
|
|move|p2a: THE WALL !|Synthesis|p2a: THE WALL !
|move|p1a: Chansey|Soft-Boiled|p1a: Chansey
|-heal|p1a: Chansey|507\/704
|
|turn|32
|
|move|p2a: THE WALL !|Leech Seed|p1a: Chansey
|-start|p1a: Chansey|move: Leech Seed
|move|p1a: Chansey|Seismic Toss|p2a: THE WALL !
|-damage|p2a: THE WALL !|264\/364
|
|-damage|p1a: Chansey|419\/704|[from] Leech Seed|[of] p2a: THE WALL !
|-heal|p2a: THE WALL !|352\/364|[silent]
|turn|33
|
|switch|p1a: Mandibuzz|Mandibuzz, F|59\/424
|move|p2a: THE WALL !|Sludge Bomb|p1a: Mandibuzz
|-damage|p1a: Mandibuzz|0 fnt
|faint|p1a: Mandibuzz
|
|
|switch|p1a: Talonflame|Talonflame, F|63\/298
|turn|34
|
|switch|p2a: Mew ? pfff|Heatran, F, shiny|234\/386
|move|p1a: Talonflame|Brave Bird|p2a: Mew ? pfff
|-resisted|p2a: Mew ? pfff
|-damage|p2a: Mew ? pfff|146\/386
|-damage|p1a: Talonflame|34\/298|[from] recoil|[of] p2a: Mew ? pfff
|
|-heal|p2a: Mew ? pfff|170\/386|[from] item: Leftovers
|turn|35
|
|switch|p1a: Keldeo|Keldeo|206\/324
|move|p2a: Mew ? pfff|Toxic|p1a: Keldeo|[miss]
|-miss|p2a: Mew ? pfff|p1a: Keldeo
|
|-heal|p2a: Mew ? pfff|194\/386|[from] item: Leftovers
|turn|36
|
|switch|p2a: THE WALL !|Venusaur-Mega, F, shiny|352\/364
|move|p1a: Keldeo|Secret Sword|p2a: THE WALL !
|-resisted|p2a: THE WALL !
|-damage|p2a: THE WALL !|281\/364
|
|turn|37
|
|switch|p1a: Chansey|Chansey, F|419\/704
|move|p2a: THE WALL !|Giga Drain|p1a: Chansey
|-damage|p1a: Chansey|355\/704
|-heal|p2a: THE WALL !|313\/364|[from] drain|[of] p1a: Chansey
|
|turn|38
|
|move|p2a: THE WALL !|Leech Seed|p1a: Chansey
|-start|p1a: Chansey|move: Leech Seed
|move|p1a: Chansey|Seismic Toss|p2a: THE WALL !
|-damage|p2a: THE WALL !|213\/364
|
|-damage|p1a: Chansey|267\/704|[from] Leech Seed|[of] p2a: THE WALL !
|-heal|p2a: THE WALL !|301\/364|[silent]
|turn|39
|
|move|p2a: THE WALL !|Sludge Bomb|p1a: Chansey
|-damage|p1a: Chansey|195\/704
|move|p1a: Chansey|Soft-Boiled|p1a: Chansey
|-heal|p1a: Chansey|547\/704
|
|-damage|p1a: Chansey|459\/704|[from] Leech Seed|[of] p2a: THE WALL !
|-heal|p2a: THE WALL !|364\/364|[silent]
|turn|40
|
|move|p2a: THE WALL !|Sludge Bomb|p1a: Chansey
|-damage|p1a: Chansey|383\/704
|-status|p1a: Chansey|psn
|move|p1a: Chansey|Seismic Toss|p2a: THE WALL !
|-damage|p2a: THE WALL !|264\/364
|
|-damage|p1a: Chansey|295\/704 psn|[from] Leech Seed|[of] p2a: THE WALL !
|-heal|p2a: THE WALL !|352\/364|[silent]
|-damage|p1a: Chansey|207\/704 psn|[from] psn
|turn|41
|
|switch|p1a: Keldeo|Keldeo|206\/324
|move|p2a: THE WALL !|Giga Drain|p1a: Keldeo
|-supereffective|p1a: Keldeo
|-damage|p1a: Keldeo|2\/324
|-heal|p2a: THE WALL !|364\/364|[from] drain|[of] p1a: Keldeo
|
|turn|42
|
|switch|p1a: Chansey|Chansey, F|207\/704
|move|p2a: THE WALL !|Giga Drain|p1a: Chansey
|-crit|p1a: Chansey
|-damage|p1a: Chansey|108\/704
|
|turn|43
|
|move|p2a: THE WALL !|Leech Seed|p1a: Chansey
|-start|p1a: Chansey|move: Leech Seed
|move|p1a: Chansey|Soft-Boiled|p1a: Chansey
|-heal|p1a: Chansey|460\/704
|
|-damage|p1a: Chansey|372\/704|[from] Leech Seed|[of] p2a: THE WALL !
|turn|44
|
|switch|p2a: Mew ? pfff|Heatran, F, shiny|194\/386
|move|p1a: Chansey|Soft-Boiled|p1a: Chansey
|-heal|p1a: Chansey|704\/704
|
|-heal|p2a: Mew ? pfff|218\/386|[from] item: Leftovers
|-damage|p1a: Chansey|616\/704|[from] Leech Seed|[of] p2a: Mew ? pfff
|-heal|p2a: Mew ? pfff|306\/386|[silent]
|turn|45
|
|move|p2a: Mew ? pfff|Magma Storm|p1a: Chansey|[miss]
|-miss|p2a: Mew ? pfff|p1a: Chansey
|move|p1a: Chansey|Seismic Toss|p2a: Mew ? pfff
|-damage|p2a: Mew ? pfff|206\/386
|
|-heal|p2a: Mew ? pfff|230\/386|[from] item: Leftovers
|-damage|p1a: Chansey|528\/704|[from] Leech Seed|[of] p2a: Mew ? pfff
|-heal|p2a: Mew ? pfff|318\/386|[silent]
|turn|46
|
|switch|p1a: Talonflame|Talonflame, F|34\/298
|move|p2a: Mew ? pfff|Magma Storm|p1a: Talonflame
|-resisted|p1a: Talonflame
|-damage|p1a: Talonflame|0 fnt
|faint|p1a: Talonflame
|
|-heal|p2a: Mew ? pfff|342\/386|[from] item: Leftovers
|-message|Mikasa1337 forfeited.
|
|win|Xiluvoz
|raw|Ladder updating...
|raw|Mikasa1337's rating: 1505 &rarr; <strong>1482<\/strong><br \/>(-23 for losing)
|raw|Xiluvoz's rating: 1449 &rarr; <strong>1472<\/strong><br \/>(+23 for winning)
|leave|Mikasa1337
|player|p1
|c|âXiluvoz|gg