|join|Lil Manaphy
|join|Mikasa1337
|player|p1|Lil Manaphy|8
|player|p2|Mikasa1337|265
|gametype|singles
|gen|6
|tier|OU
|rated
|clearpoke
|poke|p1|Gardevoir, F, shiny
|poke|p1|Mandibuzz, F
|poke|p1|Clefable, F
|poke|p1|Keldeo
|poke|p1|Heatran, F
|poke|p1|Landorus-Therian, M
|poke|p2|Deoxys-Speed
|poke|p2|Aegislash, F
|poke|p2|Landorus, M
|poke|p2|Mawile, M
|poke|p2|Rotom-Wash
|poke|p2|Infernape, M
|rule|Sleep Clause Mod: Limit one foe put to sleep
|rule|Species Clause: Limit one of each Pokemon
|rule|OHKO Clause: OHKO moves are banned
|rule|Moody Clause: Moody is banned
|rule|Evasion Moves Clause: Evasion moves are banned
|rule|Endless Battle Clause: Forcing endless battles is banned.
|rule|HP Percentage Mod: HP is reported as percentages
|teampreview
|
|start
|switch|p1a: Misty day|Gardevoir, F, shiny|277\/277
|switch|p2a: Rotom-Wash|Rotom-Wash|304\/304
|-ability|p1a: Misty day|Levitate|[from] ability: Trace|[of] p2a: Rotom-Wash
|turn|1
|
|-formechange|p1a: Misty day|Gardevoir-Mega
|message|Gardevoir has Mega Evolved into Mega Gardevoir!
|move|p1a: Misty day|Hyper Voice|p2a: Rotom-Wash
|-damage|p2a: Rotom-Wash|73\/304
|move|p2a: Rotom-Wash|Volt Switch|p1a: Misty day
|-damage|p1a: Misty day|216\/277
|join|Dragon Stone
|
|switch|p2a: Mawile|Mawile, M|304\/304
|-ability|p2a: Mawile|Intimidate|[of] p1a: Misty day
|-unboost|p1a: Misty day|atk|1
|
|turn|2
|join|donald sterlng
|
|switch|p1a: Landorus-Therian|Landorus-Therian, M|382\/382
|-ability|p1a: Landorus-Therian|Intimidate|[of] p2a: Mawile
|-unboost|p2a: Mawile|atk|1
|switch|p2a: Infernape|Infernape, M|294\/294
|
|turn|3
|
|move|p2a: Infernape|Fire Punch|p1a: Landorus-Therian
|-damage|p1a: Landorus-Therian|273\/382
|-status|p1a: Landorus-Therian|brn
|move|p1a: Landorus-Therian|U-turn|p2a: Infernape
|-resisted|p2a: Infernape
|-damage|p2a: Infernape|280\/294
|chat|Lil Manaphy|lol
|chat|Mikasa1337|damn
|c|âLil Manaphy|!data fire punch
|c|~|\/data-move Fire Punch

|chat|Lil Manaphy|10% chance
|chat|Lil Manaphy|fuck you
|
|switch|p1a: Keldeo|Keldeo|323\/323
|
|turn|4
|chat|Dragon Stone|L0L
|
|switch|p2a: Deoxys-Speed|Deoxys-Speed|295\/295
|-ability|p2a: Deoxys-Speed|Pressure
|move|p1a: Keldeo|Scald|p2a: Deoxys-Speed
|-crit|p2a: Deoxys-Speed
|-damage|p2a: Deoxys-Speed|132\/295
|
|turn|5
|
|switch|p1a: Laveau|Mandibuzz, F|424\/424
|move|p2a: Deoxys-Speed|Thunderbolt|p1a: Laveau
|-supereffective|p1a: Laveau
|-damage|p1a: Laveau|240\/424
|
|-heal|p1a: Laveau|266\/424|[from] item: Leftovers
|turn|6
|
|switch|p2a: Mawile|Mawile, M|304\/304
|-ability|p2a: Mawile|Intimidate|[of] p1a: Laveau
|-unboost|p1a: Laveau|atk|1
|move|p1a: Laveau|Knock Off|p2a: Mawile
|-resisted|p2a: Mawile
|-damage|p2a: Mawile|283\/304
|
|-heal|p1a: Laveau|292\/424|[from] item: Leftovers
|turn|7
|
|switch|p1a: Landorus-Therian|Landorus-Therian, M|273\/382 brn
|-ability|p1a: Landorus-Therian|Intimidate|[of] p2a: Mawile
|-unboost|p2a: Mawile|atk|1
|-formechange|p2a: Mawile|Mawile-Mega
|message|Mawile has Mega Evolved into Mega Mawile!
|move|p2a: Mawile|Play Rough|p1a: Landorus-Therian
|-damage|p1a: Landorus-Therian|102\/382 brn
|
|-heal|p1a: Landorus-Therian|125\/382 brn|[from] item: Leftovers
|-damage|p1a: Landorus-Therian|78\/382 brn|[from] brn
|turn|8
|
|move|p2a: Mawile|Sucker Punch|p1a: Landorus-Therian
|-fail|p1a: Landorus-Therian
|move|p1a: Landorus-Therian|Stealth Rock|p2a: Mawile
|-sidestart|p2: Mikasa1337|move: Stealth Rock
|
|-heal|p1a: Landorus-Therian|101\/382 brn|[from] item: Leftovers
|-damage|p1a: Landorus-Therian|54\/382 brn|[from] brn
|turn|9
|
|move|p2a: Mawile|Sucker Punch|p1a: Landorus-Therian
|-damage|p1a: Landorus-Therian|0 fnt
|faint|p1a: Landorus-Therian
|
|
|switch|p1a: Heatran|Heatran, F|386\/386
|turn|10
|
|switch|p2a: Rotom-Wash|Rotom-Wash|73\/304
|-damage|p2a: Rotom-Wash|35\/304|[from] Stealth Rock
|move|p1a: Heatran|Lava Plume|p2a: Rotom-Wash
|-resisted|p2a: Rotom-Wash
|-damage|p2a: Rotom-Wash|0 fnt
|faint|p2a: Rotom-Wash
|
|
|switch|p2a: Landorus|Landorus, M|320\/320
|-damage|p2a: Landorus|280\/320|[from] Stealth Rock
|turn|11
|
|switch|p1a: Laveau|Mandibuzz, F|292\/424
|move|p2a: Landorus|Earth Power|p1a: Laveau
|-immune|p1a: Laveau|[msg]
|
|-heal|p1a: Laveau|318\/424|[from] item: Leftovers
|turn|12
|
|move|p2a: Landorus|Sludge Wave|p1a: Laveau
|-damage|p1a: Laveau|124\/424
|move|p1a: Laveau|Roost|p1a: Laveau
|-heal|p1a: Laveau|336\/424
|
|-heal|p1a: Laveau|362\/424|[from] item: Leftovers
|turn|13
|
|move|p2a: Landorus|Sludge Wave|p1a: Laveau
|-damage|p1a: Laveau|185\/424
|move|p1a: Laveau|Knock Off|p2a: Landorus
|-damage|p2a: Landorus|196\/320
|-enditem|p2a: Landorus|Life Orb|[from] move: Knock Off|[of] p1a: Laveau
|
|-heal|p1a: Laveau|211\/424|[from] item: Leftovers
|turn|14
|
|move|p2a: Landorus|Sludge Wave|p1a: Laveau
|-damage|p1a: Laveau|74\/424
|move|p1a: Laveau|Roost|p1a: Laveau
|-heal|p1a: Laveau|286\/424
|
|-heal|p1a: Laveau|312\/424|[from] item: Leftovers
|turn|15
|
|move|p2a: Landorus|Sludge Wave|p1a: Laveau
|-damage|p1a: Laveau|178\/424
|move|p1a: Laveau|Foul Play|p2a: Landorus
|-crit|p2a: Landorus
|-damage|p2a: Landorus|12\/320
|
|-heal|p1a: Laveau|204\/424|[from] item: Leftovers
|turn|16
|
|move|p2a: Landorus|Sludge Wave|p1a: Laveau
|-damage|p1a: Laveau|59\/424
|move|p1a: Laveau|Roost|p1a: Laveau
|-heal|p1a: Laveau|271\/424
|
|-heal|p1a: Laveau|297\/424|[from] item: Leftovers
|turn|17
|
|move|p2a: Landorus|Sludge Wave|p1a: Laveau
|-damage|p1a: Laveau|144\/424
|move|p1a: Laveau|Roost|p1a: Laveau
|-heal|p1a: Laveau|356\/424
|
|-heal|p1a: Laveau|382\/424|[from] item: Leftovers
|turn|18
|
|move|p2a: Landorus|Sludge Wave|p1a: Laveau
|-damage|p1a: Laveau|236\/424
|move|p1a: Laveau|Roost|p1a: Laveau
|-heal|p1a: Laveau|424\/424
|
|turn|19
|chat|Lil Manaphy|thank god for sheer force
|chat|Lil Manaphy|youre not gonna poison me
|chat|Mikasa1337|not trying to
|chat|Mikasa1337|going to die to stealth rocks next time i come in anyway
|
|move|p2a: Landorus|Sludge Wave|p1a: Laveau
|-damage|p1a: Laveau|282\/424
|move|p1a: Laveau|Foul Play|p2a: Landorus
|-damage|p2a: Landorus|0 fnt
|faint|p2a: Landorus
|
|-heal|p1a: Laveau|308\/424|[from] item: Leftovers
|
|switch|p2a: Aegislash|Aegislash, F|324\/324
|-damage|p2a: Aegislash|304\/324|[from] Stealth Rock
|turn|20
|
|move|p2a: Aegislash|King's Shield|p2a: Aegislash
|-singleturn|p2a: Aegislash|Protect
|move|p1a: Laveau|Knock Off|p2a: Aegislash
|-activate|p2a: Aegislash|Protect
|-unboost|p1a: Laveau|atk|2
|
|-heal|p1a: Laveau|334\/424|[from] item: Leftovers
|-heal|p2a: Aegislash|324\/324|[from] item: Leftovers
|turn|21
|
|move|p1a: Laveau|Roost|p1a: Laveau
|-heal|p1a: Laveau|424\/424
|move|p2a: Aegislash|Substitute|p2a: Aegislash
|-start|p2a: Aegislash|Substitute
|-damage|p2a: Aegislash|243\/324
|
|-heal|p2a: Aegislash|263\/324|[from] item: Leftovers
|turn|22
|
|switch|p1a: Heatran|Heatran, F|386\/386
|-formechange|p2a: Aegislash|Aegislash-Blade
|move|p2a: Aegislash|Hidden Power|p1a: Heatran
|-resisted|p1a: Heatran
|-damage|p1a: Heatran|372\/386
|
|-heal|p1a: Heatran|386\/386|[from] item: Leftovers
|-heal|p2a: Aegislash|283\/324|[from] item: Leftovers
|turn|23
|join|DivCurlA
|
|move|p1a: Heatran|Lava Plume|p2a: Aegislash
|-supereffective|p2a: Aegislash
|-end|p2a: Aegislash|Substitute
|move|p2a: Aegislash|Shadow Ball|p1a: Heatran
|-damage|p1a: Heatran|257\/386
|-unboost|p1a: Heatran|spd|1
|
|-heal|p1a: Heatran|281\/386|[from] item: Leftovers
|-heal|p2a: Aegislash|303\/324|[from] item: Leftovers
|turn|24
|
|-formechange|p2a: Aegislash|Aegislash
|move|p2a: Aegislash|King's Shield|p2a: Aegislash
|-singleturn|p2a: Aegislash|Protect
|move|p1a: Heatran|Lava Plume|p2a: Aegislash
|-activate|p2a: Aegislash|Protect
|
|-heal|p1a: Heatran|305\/386|[from] item: Leftovers
|-heal|p2a: Aegislash|323\/324|[from] item: Leftovers
|turn|25
|
|move|p1a: Heatran|Protect|p1a: Heatran
|-singleturn|p1a: Heatran|Protect
|-formechange|p2a: Aegislash|Aegislash-Blade
|move|p2a: Aegislash|Shadow Ball|p1a: Heatran
|-activate|p1a: Heatran|Protect
|
|-heal|p1a: Heatran|329\/386|[from] item: Leftovers
|-heal|p2a: Aegislash|324\/324|[from] item: Leftovers
|turn|26
|
|-formechange|p2a: Aegislash|Aegislash
|move|p2a: Aegislash|King's Shield|p2a: Aegislash
|-singleturn|p2a: Aegislash|Protect
|move|p1a: Heatran|Lava Plume|p2a: Aegislash
|-activate|p2a: Aegislash|Protect
|
|-heal|p1a: Heatran|353\/386|[from] item: Leftovers
|turn|27
|
|move|p1a: Heatran|Lava Plume|p2a: Aegislash
|-supereffective|p2a: Aegislash
|-damage|p2a: Aegislash|166\/324
|-status|p2a: Aegislash|brn
|move|p2a: Aegislash|Substitute|p2a: Aegislash
|-start|p2a: Aegislash|Substitute
|-damage|p2a: Aegislash|85\/324 brn
|
|-heal|p1a: Heatran|377\/386|[from] item: Leftovers
|-heal|p2a: Aegislash|105\/324 brn|[from] item: Leftovers
|-damage|p2a: Aegislash|65\/324 brn|[from] brn
|turn|28
|
|move|p1a: Heatran|Protect|p1a: Heatran
|-singleturn|p1a: Heatran|Protect
|-formechange|p2a: Aegislash|Aegislash-Blade
|move|p2a: Aegislash|Shadow Ball|p1a: Heatran
|-activate|p1a: Heatran|Protect
|
|-heal|p1a: Heatran|386\/386|[from] item: Leftovers
|-heal|p2a: Aegislash|85\/324 brn|[from] item: Leftovers
|-damage|p2a: Aegislash|45\/324 brn|[from] brn
|turn|29
|
|switch|p1a: Laveau|Mandibuzz, F|424\/424
|move|p2a: Aegislash|Shadow Ball|p1a: Laveau
|-resisted|p1a: Laveau
|-damage|p1a: Laveau|328\/424
|
|-heal|p1a: Laveau|354\/424|[from] item: Leftovers
|-heal|p2a: Aegislash|65\/324 brn|[from] item: Leftovers
|-damage|p2a: Aegislash|25\/324 brn|[from] brn
|turn|30
|
|move|p1a: Laveau|Roost|p1a: Laveau
|-heal|p1a: Laveau|424\/424
|move|p2a: Aegislash|Hidden Power|p1a: Laveau
|-damage|p1a: Laveau|334\/424
|
|-heal|p1a: Laveau|360\/424|[from] item: Leftovers
|-heal|p2a: Aegislash|45\/324 brn|[from] item: Leftovers
|-damage|p2a: Aegislash|5\/324 brn|[from] brn
|turn|31
|
|move|p1a: Laveau|Roost|p1a: Laveau
|-heal|p1a: Laveau|424\/424
|move|p2a: Aegislash|Hidden Power|p1a: Laveau
|-crit|p1a: Laveau
|-damage|p1a: Laveau|285\/424
|
|-heal|p1a: Laveau|311\/424|[from] item: Leftovers
|-heal|p2a: Aegislash|25\/324 brn|[from] item: Leftovers
|-damage|p2a: Aegislash|0 fnt|[from] brn
|faint|p2a: Aegislash
|
|switch|p2a: Mawile|Mawile, M|283\/304
|-formechange|p2a: Mawile|Mawile-Mega
|-damage|p2a: Mawile|264\/304|[from] Stealth Rock
|turn|32
|
|move|p1a: Laveau|Foul Play|p2a: Mawile
|-resisted|p2a: Mawile
|-damage|p2a: Mawile|195\/304
|move|p2a: Mawile|Substitute|p2a: Mawile
|-start|p2a: Mawile|Substitute
|-damage|p2a: Mawile|119\/304
|
|-heal|p1a: Laveau|337\/424|[from] item: Leftovers
|turn|33
|
|move|p1a: Laveau|Foul Play|p2a: Mawile
|-resisted|p2a: Mawile
|-activate|p2a: Mawile|Substitute|[damage]
|move|p2a: Mawile|Play Rough|p1a: Laveau
|-supereffective|p1a: Laveau
|-damage|p1a: Laveau|0 fnt
|faint|p1a: Laveau
|
|
|switch|p1a: zoe|Clefable, F|394\/394
|turn|34
|
|move|p1a: zoe|Moonblast|p2a: Mawile
|-resisted|p2a: Mawile
|-end|p2a: Mawile|Substitute
|move|p2a: Mawile|Play Rough|p1a: zoe
|-damage|p1a: zoe|118\/394
|-unboost|p1a: zoe|atk|1
|
|-heal|p1a: zoe|142\/394|[from] item: Leftovers
|turn|35
|
|move|p1a: zoe|Moonblast|p2a: Mawile
|-resisted|p2a: Mawile
|-damage|p2a: Mawile|62\/304
|move|p2a: Mawile|Play Rough|p1a: zoe
|-damage|p1a: zoe|0 fnt
|faint|p1a: zoe
|
|
|switch|p1a: Keldeo|Keldeo|323\/323
|turn|36
|
|move|p2a: Mawile|Sucker Punch|p1a: Keldeo
|-resisted|p1a: Keldeo
|-damage|p1a: Keldeo|222\/323
|-boost|p1a: Keldeo|atk|1|[from] ability: Justified
|move|p1a: Keldeo|Scald|p2a: Mawile
|-damage|p2a: Mawile|0 fnt
|faint|p2a: Mawile
|
|-heal|p1a: Keldeo|242\/323|[from] item: Leftovers
|
|switch|p2a: Deoxys-Speed|Deoxys-Speed|132\/295
|-damage|p2a: Deoxys-Speed|96\/295|[from] Stealth Rock
|-ability|p2a: Deoxys-Speed|Pressure
|turn|37
|
|switch|p1a: Heatran|Heatran, F|386\/386
|move|p2a: Deoxys-Speed|Focus Blast|p1a: Heatran
|-supereffective|p1a: Heatran
|-damage|p1a: Heatran|198\/386
|
|-heal|p1a: Heatran|222\/386|[from] item: Leftovers
|turn|38
|
|move|p2a: Deoxys-Speed|Focus Blast|p1a: Heatran
|-supereffective|p1a: Heatran
|-damage|p1a: Heatran|62\/386
|move|p1a: Heatran|Earth Power|p2a: Deoxys-Speed
|-damage|p2a: Deoxys-Speed|35\/295
|
|-heal|p1a: Heatran|86\/386|[from] item: Leftovers
|turn|39
|
|move|p2a: Deoxys-Speed|Focus Blast|p1a: Heatran
|-supereffective|p1a: Heatran
|-damage|p1a: Heatran|0 fnt
|faint|p1a: Heatran
|
|
|switch|p1a: Misty day|Gardevoir, F, shiny|216\/277
|-formechange|p1a: Misty day|Gardevoir-Mega
|turn|40
|chat|Lil Manaphy|three in a row wow
|
|move|p2a: Deoxys-Speed|Thunderbolt|p1a: Misty day
|-damage|p1a: Misty day|144\/277
|move|p1a: Misty day|Hyper Voice|p2a: Deoxys-Speed
|-damage|p2a: Deoxys-Speed|0 fnt
|faint|p2a: Deoxys-Speed
|
|chat|Lil Manaphy|i dont think thats ever happened to me ever
|
|switch|p2a: Infernape|Infernape, M|280\/294
|-damage|p2a: Infernape|244\/294|[from] Stealth Rock
|turn|41
|chat|Mikasa1337|me neither
|chat|Dragon Stone|yes it did
|
|move|p2a: Infernape|Fire Punch|p1a: Misty day
|-damage|p1a: Misty day|0 fnt
|faint|p1a: Misty day
|
|chat|Dragon Stone| with my lando remember?
|chat|Mikasa1337|gg tho
|
|switch|p1a: Keldeo|Keldeo|242\/323
|turn|42
|chat|Lil Manaphy|i said
|chat|Dragon Stone|gg
|chat|Lil Manaphy|to me
|
|move|p2a: Infernape|Mach Punch|p1a: Keldeo
|-damage|p1a: Keldeo|161\/323
|move|p1a: Keldeo|Scald|p2a: Infernape
|-supereffective|p2a: Infernape
|-damage|p2a: Infernape|0 fnt
|faint|p2a: Infernape
|
|win|Lil Manaphy
|raw|Ladder updating...
|raw|Lil Manaphy's rating: 1847 &rarr; <strong>1857<\/strong><br \/>(+10 for winning)
|raw|Mikasa1337's rating: 1655 &rarr; <strong>1645<\/strong><br \/>(-10 for losing)
|chat|Lil Manaphy|as in
|chat|Lil Manaphy|ive never hit
|chat|Lil Manaphy|3 focus blasts
|chat|Lil Manaphy|dont have the luck
|chat|Lil Manaphy|gg\
|leave|Lil Manaphy
|player|p1
|leave|Dragon Stone