|join|Gaet-Kun06
|join|RagnarFR
|player|p1|Gaet-Kun06|163
|player|p2|RagnarFR|156
|gametype|singles
|gen|6
|tier|ORAS OU
|rated
|rule|Sleep Clause Mod: Limit one foe put to sleep
|rule|Species Clause: Limit one of each PokÃ©mon
|rule|OHKO Clause: OHKO moves are banned
|rule|Moody Clause: Moody is banned
|rule|Evasion Moves Clause: Evasion moves are banned
|rule|Endless Battle Clause: Forcing endless battles is banned
|rule|HP Percentage Mod: HP is shown in percentages
|clearpoke
|poke|p1|Gallade, M
|poke|p1|Heatran, F
|poke|p1|Landorus-Therian, M
|poke|p1|Kyurem-Black
|poke|p1|Azumarill, F
|poke|p1|Zapdos
|poke|p2|Sceptile, M, shiny
|poke|p2|Azumarill, F, shiny
|poke|p2|Heatran, F, shiny
|poke|p2|Tornadus-Therian, M, shiny
|poke|p2|Skarmory, M
|poke|p2|Rotom-Wash
|rule|Swagger Clause: Swagger is banned
|rule|Baton Pass Clause: Limit one PokÃ©mon knowing Baton Pass
|teampreview
|
|start
|switch|p1a: Zapdos|Zapdos|383\/383
|switch|p2a: Skarmory|Skarmory, M|334\/334
|-ability|p1a: Zapdos|Pressure
|turn|1
|
|switch|p2a: Heatran|Heatran, F, shiny|386\/386
|move|p1a: Zapdos|Thunderbolt|p2a: Heatran
|-damage|p2a: Heatran|290\/386
|
|-heal|p2a: Heatran|314\/386|[from] item: Leftovers
|turn|2
|
|move|p1a: Zapdos|Thunderbolt|p2a: Heatran
|-damage|p2a: Heatran|227\/386
|move|p2a: Heatran|Stealth Rock|p1a: Zapdos
|-sidestart|p1: Gaet-Kun06|move: Stealth Rock
|
|-heal|p2a: Heatran|251\/386|[from] item: Leftovers
|turn|3
|
|move|p1a: Zapdos|Defog|p2a: Heatran
|-unboost|p2a: Heatran|evasion|1
|-sideend|p1: Gaet-Kun06|Stealth Rock|[from] move: Defog|[of] p1a: Zapdos
|move|p2a: Heatran|Lava Plume|p1a: Zapdos
|-damage|p1a: Zapdos|251\/383
|
|-heal|p1a: Zapdos|274\/383|[from] item: Leftovers
|-heal|p2a: Heatran|275\/386|[from] item: Leftovers
|turn|4
|
|switch|p1a: Heatran|Heatran, F|386\/386
|move|p2a: Heatran|Lava Plume|p1a: Heatran
|-start|p1a: Heatran|ability: Flash Fire
|
|-heal|p2a: Heatran|299\/386|[from] item: Leftovers
|turn|5
|
|switch|p2a: Rotom-Wash|Rotom-Wash|304\/304
|move|p1a: Heatran|Earth Power|p2a: Rotom-Wash
|-immune|p2a: Rotom-Wash|[msg]
|
|turn|6
|
|move|p2a: Rotom-Wash|Thunder Wave|p1a: Heatran
|-status|p1a: Heatran|par
|cant|p1a: Heatran|par
|
|turn|7
|
|switch|p1a: Azumarill|Azumarill, F|401\/401
|move|p2a: Rotom-Wash|Volt Switch|p1a: Azumarill
|-supereffective|p1a: Azumarill
|-damage|p1a: Azumarill|269\/401
|
|switch|p2a: Sceptile|Sceptile, M, shiny|282\/282
|
|turn|8
|
|switch|p1a: Heatran|Heatran, F|386\/386 par
|detailschange|p2a: Sceptile|Sceptile-Mega, M, shiny
|message|Sceptile has Mega Evolved into Mega Sceptile!
|move|p2a: Sceptile|Giga Drain|p1a: Heatran
|-resisted|p1a: Heatran
|-damage|p1a: Heatran|357\/386 par
|
|-heal|p1a: Heatran|381\/386 par|[from] item: Leftovers
|turn|9
|
|switch|p2a: Rotom-Wash|Rotom-Wash|304\/304
|cant|p1a: Heatran|par
|
|-heal|p1a: Heatran|386\/386 par|[from] item: Leftovers
|turn|10
|
|move|p2a: Rotom-Wash|Hydro Pump|p1a: Heatran
|-supereffective|p1a: Heatran
|-damage|p1a: Heatran|146\/386 par
|cant|p1a: Heatran|par
|
|-heal|p1a: Heatran|170\/386 par|[from] item: Leftovers
|turn|11
|c|âGaet-Kun06|...
|
|move|p2a: Rotom-Wash|Volt Switch|p1a: Heatran
|-damage|p1a: Heatran|92\/386 par
|
|switch|p2a: Azumarill|Azumarill, F, shiny|401\/401
|move|p1a: Heatran|Stealth Rock|p2a: Azumarill
|-sidestart|p2: RagnarFR|move: Stealth Rock
|
|-heal|p1a: Heatran|116\/386 par|[from] item: Leftovers
|turn|12
|
|move|p2a: Azumarill|Waterfall|p1a: Heatran
|-supereffective|p1a: Heatran
|-damage|p1a: Heatran|0 fnt
|faint|p1a: Heatran
|
|
|switch|p1a: Kyurem-Black|Kyurem-Black|391\/391
|-ability|p1a: Kyurem-Black|Teravolt
|turn|13
|
|switch|p2a: Rotom-Wash|Rotom-Wash|304\/304
|-damage|p2a: Rotom-Wash|266\/304|[from] Stealth Rock
|move|p1a: Kyurem-Black|Ice Beam|p2a: Rotom-Wash
|-resisted|p2a: Rotom-Wash
|-damage|p2a: Rotom-Wash|172\/304
|-damage|p1a: Kyurem-Black|352\/391|[from] item: Life Orb
|
|-heal|p2a: Rotom-Wash|191\/304|[from] item: Leftovers
|turn|14
|
|switch|p2a: Heatran|Heatran, F, shiny|299\/386
|-damage|p2a: Heatran|251\/386|[from] Stealth Rock
|move|p1a: Kyurem-Black|Earth Power|p2a: Heatran
|-supereffective|p2a: Heatran
|-damage|p2a: Heatran|0 fnt
|-damage|p1a: Kyurem-Black|313\/391|[from] item: Life Orb
|faint|p2a: Heatran
|
|
|switch|p2a: Tornadus-Therian|Tornadus-Therian, M, shiny|299\/299
|-damage|p2a: Tornadus-Therian|225\/299|[from] Stealth Rock
|turn|15
|
|switch|p1a: Zapdos|Zapdos|274\/383
|-ability|p1a: Zapdos|Pressure
|move|p2a: Tornadus-Therian|Superpower|p1a: Zapdos
|-resisted|p1a: Zapdos
|-damage|p1a: Zapdos|216\/383
|-unboost|p2a: Tornadus-Therian|atk|1
|-unboost|p2a: Tornadus-Therian|def|1
|-damage|p2a: Tornadus-Therian|196\/299|[from] item: Life Orb
|
|-heal|p1a: Zapdos|239\/383|[from] item: Leftovers
|turn|16
|
|move|p2a: Tornadus-Therian|U-turn|p1a: Zapdos
|-resisted|p1a: Zapdos
|-damage|p1a: Zapdos|214\/383
|-damage|p2a: Tornadus-Therian|167\/299|[from] item: Life Orb
|
|switch|p2a: Sceptile|Sceptile-Mega, M, shiny|282\/282
|-damage|p2a: Sceptile|247\/282|[from] Stealth Rock
|move|p1a: Zapdos|Heat Wave|p2a: Sceptile
|-damage|p2a: Sceptile|150\/282
|
|-heal|p1a: Zapdos|237\/383|[from] item: Leftovers
|turn|17
|
|move|p2a: Sceptile|Dragon Pulse|p1a: Zapdos
|-damage|p1a: Zapdos|50\/383
|move|p1a: Zapdos|Roost|p1a: Zapdos
|-heal|p1a: Zapdos|242\/383
|
|-heal|p1a: Zapdos|265\/383|[from] item: Leftovers
|turn|18
|
|move|p2a: Sceptile|Dragon Pulse|p1a: Zapdos
|-damage|p1a: Zapdos|97\/383
|move|p1a: Zapdos|Roost|p1a: Zapdos
|-heal|p1a: Zapdos|289\/383
|
|-heal|p1a: Zapdos|312\/383|[from] item: Leftovers
|turn|19
|
|switch|p2a: Rotom-Wash|Rotom-Wash|191\/304
|-damage|p2a: Rotom-Wash|153\/304|[from] Stealth Rock
|move|p1a: Zapdos|Heat Wave|p2a: Rotom-Wash
|-resisted|p2a: Rotom-Wash
|-damage|p2a: Rotom-Wash|112\/304
|
|-heal|p1a: Zapdos|335\/383|[from] item: Leftovers
|-heal|p2a: Rotom-Wash|131\/304|[from] item: Leftovers
|turn|20
|
|move|p1a: Zapdos|Thunderbolt|p2a: Rotom-Wash
|-damage|p2a: Rotom-Wash|11\/304
|move|p2a: Rotom-Wash|Pain Split|p1a: Zapdos
|-sethp|p1a: Zapdos|173\/383|p2a: Rotom-Wash|173\/304|[from] move: Pain Split
|
|-heal|p1a: Zapdos|196\/383|[from] item: Leftovers
|-heal|p2a: Rotom-Wash|192\/304|[from] item: Leftovers
|turn|21
|
|move|p1a: Zapdos|Roost|p1a: Zapdos
|-heal|p1a: Zapdos|383\/383
|move|p2a: Rotom-Wash|Hydro Pump|p1a: Zapdos
|-damage|p1a: Zapdos|229\/383
|
|-heal|p1a: Zapdos|252\/383|[from] item: Leftovers
|-heal|p2a: Rotom-Wash|211\/304|[from] item: Leftovers
|turn|22
|
|move|p1a: Zapdos|Heat Wave|p2a: Rotom-Wash
|-resisted|p2a: Rotom-Wash
|-damage|p2a: Rotom-Wash|170\/304
|move|p2a: Rotom-Wash|Volt Switch|p1a: Zapdos
|-damage|p1a: Zapdos|158\/383
|
|switch|p2a: Sceptile|Sceptile-Mega, M, shiny|150\/282
|-damage|p2a: Sceptile|115\/282|[from] Stealth Rock
|
|-heal|p1a: Zapdos|181\/383|[from] item: Leftovers
|turn|23
|
|move|p2a: Sceptile|Dragon Pulse|p1a: Zapdos
|-damage|p1a: Zapdos|13\/383
|move|p1a: Zapdos|Heat Wave|p2a: Sceptile
|-damage|p2a: Sceptile|10\/282
|
|-heal|p1a: Zapdos|36\/383|[from] item: Leftovers
|turn|24
|
|move|p2a: Sceptile|Dragon Pulse|p1a: Zapdos
|-damage|p1a: Zapdos|0 fnt
|faint|p1a: Zapdos
|
|
|switch|p1a: Gallade|Gallade, M|277\/277
|turn|25
|
|detailschange|p1a: Gallade|Gallade-Mega, M
|message|Gallade has Mega Evolved into Mega Gallade!
|move|p1a: Gallade|Shadow Sneak|p2a: Sceptile
|-damage|p2a: Sceptile|0 fnt
|faint|p2a: Sceptile
|
|
|switch|p2a: Tornadus-Therian|Tornadus-Therian, M, shiny|266\/299
|-damage|p2a: Tornadus-Therian|192\/299|[from] Stealth Rock
|turn|26
|
|switch|p1a: Azumarill|Azumarill, F|269\/401
|move|p2a: Tornadus-Therian|Air Slash|p1a: Azumarill
|-crit|p1a: Azumarill
|-damage|p1a: Azumarill|120\/401
|-damage|p2a: Tornadus-Therian|163\/299|[from] item: Life Orb
|
|turn|27
|
|switch|p2a: Skarmory|Skarmory, M|334\/334
|-damage|p2a: Skarmory|293\/334|[from] Stealth Rock
|move|p1a: Azumarill|Knock Off|p2a: Skarmory
|-damage|p2a: Skarmory|212\/334
|-enditem|p2a: Skarmory|Leftovers|[from] move: Knock Off|[of] p1a: Azumarill
|
|turn|28
|
|switch|p1a: Kyurem-Black|Kyurem-Black|313\/391
|-ability|p1a: Kyurem-Black|Teravolt
|move|p2a: Skarmory|Toxic|p1a: Kyurem-Black
|-status|p1a: Kyurem-Black|tox
|
|-damage|p1a: Kyurem-Black|289\/391 tox|[from] psn
|turn|29
|
|move|p1a: Kyurem-Black|Fusion Bolt|p2a: Skarmory
|-supereffective|p2a: Skarmory
|-damage|p2a: Skarmory|38\/334
|-damage|p1a: Kyurem-Black|250\/391 tox|[from] item: Life Orb
|move|p2a: Skarmory|Roost|p2a: Skarmory
|-heal|p2a: Skarmory|205\/334
|
|-damage|p1a: Kyurem-Black|202\/391 tox|[from] psn
|turn|30
|
|switch|p2a: Rotom-Wash|Rotom-Wash|170\/304
|-damage|p2a: Rotom-Wash|132\/304|[from] Stealth Rock
|move|p1a: Kyurem-Black|Focus Blast|p2a: Rotom-Wash
|-damage|p2a: Rotom-Wash|0 fnt
|-damage|p1a: Kyurem-Black|163\/391 tox|[from] item: Life Orb
|faint|p2a: Rotom-Wash
|
|-damage|p1a: Kyurem-Black|91\/391 tox|[from] psn
|
|switch|p2a: Tornadus-Therian|Tornadus-Therian, M, shiny|262\/299
|-damage|p2a: Tornadus-Therian|188\/299|[from] Stealth Rock
|turn|31
|
|switch|p1a: Landorus-Therian|Landorus-Therian, M|320\/320
|-ability|p1a: Landorus-Therian|Intimidate|[of] p2a: Tornadus-Therian
|-unboost|p2a: Tornadus-Therian|atk|1
|move|p2a: Tornadus-Therian|Knock Off|p1a: Landorus-Therian
|-damage|p1a: Landorus-Therian|229\/320
|-enditem|p1a: Landorus-Therian|Choice Scarf|[from] move: Knock Off|[of] p2a: Tornadus-Therian
|-damage|p2a: Tornadus-Therian|159\/299|[from] item: Life Orb
|
|turn|32
|
|move|p2a: Tornadus-Therian|U-turn|p1a: Landorus-Therian
|-resisted|p1a: Landorus-Therian
|-damage|p1a: Landorus-Therian|195\/320
|-damage|p2a: Tornadus-Therian|130\/299|[from] item: Life Orb
|
|switch|p2a: Skarmory|Skarmory, M|205\/334
|-damage|p2a: Skarmory|164\/334|[from] Stealth Rock
|move|p1a: Landorus-Therian|Stone Edge|p2a: Skarmory
|-damage|p2a: Skarmory|87\/334
|
|turn|33
|
|move|p1a: Landorus-Therian|Knock Off|p2a: Skarmory
|-damage|p2a: Skarmory|32\/334
|move|p2a: Skarmory|Roost|p2a: Skarmory
|-heal|p2a: Skarmory|199\/334
|
|turn|34
|
|move|p1a: Landorus-Therian|U-turn|p2a: Skarmory
|-crit|p2a: Skarmory
|-resisted|p2a: Skarmory
|-damage|p2a: Skarmory|178\/334
|
|switch|p1a: Kyurem-Black|Kyurem-Black|91\/391 tox
|-ability|p1a: Kyurem-Black|Teravolt
|move|p2a: Skarmory|Roost|p2a: Skarmory
|-heal|p2a: Skarmory|334\/334
|
|-damage|p1a: Kyurem-Black|67\/391 tox|[from] psn
|turn|35
|
|move|p1a: Kyurem-Black|Fusion Bolt|p2a: Skarmory
|-supereffective|p2a: Skarmory
|-damage|p2a: Skarmory|160\/334
|-damage|p1a: Kyurem-Black|28\/391 tox|[from] item: Life Orb
|move|p2a: Skarmory|Roost|p2a: Skarmory
|-heal|p2a: Skarmory|327\/334
|
|-damage|p1a: Kyurem-Black|0 fnt|[from] psn
|faint|p1a: Kyurem-Black
|
|switch|p1a: Gallade|Gallade-Mega, M|277\/277
|turn|36
|
|move|p1a: Gallade|Swords Dance|p1a: Gallade
|-boost|p1a: Gallade|atk|2
|move|p2a: Skarmory|Counter|p1a: Gallade
|-fail|p1a: Gallade
|
|turn|37
|
|move|p1a: Gallade|Psycho Cut|p2a: Skarmory
|-crit|p2a: Skarmory
|-resisted|p2a: Skarmory
|-damage|p2a: Skarmory|194\/334
|move|p2a: Skarmory|Counter|p1a: Gallade
|-damage|p1a: Gallade|11\/277
|
|turn|38
|
|move|p1a: Gallade|Close Combat|p2a: Skarmory
|-damage|p2a: Skarmory|0 fnt
|-unboost|p1a: Gallade|def|1
|-unboost|p1a: Gallade|spd|1
|faint|p2a: Skarmory
|
|
|switch|p2a: Azumarill|Azumarill, F, shiny|401\/401
|-damage|p2a: Azumarill|351\/401|[from] Stealth Rock
|turn|39
|
|move|p1a: Gallade|Shadow Sneak|p2a: Azumarill
|-damage|p2a: Azumarill|210\/401
|move|p2a: Azumarill|Aqua Jet|p1a: Gallade
|-damage|p1a: Gallade|0 fnt
|faint|p1a: Gallade
|
|
|switch|p1a: Azumarill|Azumarill, F|120\/401
|turn|40
|
|move|p2a: Azumarill|Play Rough|p1a: Azumarill
|-damage|p1a: Azumarill|0 fnt
|faint|p1a: Azumarill
|
|
|switch|p1a: Landorus-Therian|Landorus-Therian, M|195\/320
|-ability|p1a: Landorus-Therian|Intimidate|[of] p2a: Azumarill
|-unboost|p2a: Azumarill|atk|1
|turn|41
|
|switch|p2a: Tornadus-Therian|Tornadus-Therian, M, shiny|229\/299
|-damage|p2a: Tornadus-Therian|155\/299|[from] Stealth Rock
|move|p1a: Landorus-Therian|Earthquake|p2a: Tornadus-Therian
|-immune|p2a: Tornadus-Therian|[msg]
|
|turn|42
|
|move|p2a: Tornadus-Therian|Air Slash|p1a: Landorus-Therian
|-damage|p1a: Landorus-Therian|42\/320
|-damage|p2a: Tornadus-Therian|126\/299|[from] item: Life Orb
|move|p1a: Landorus-Therian|Stone Edge|p2a: Tornadus-Therian
|-crit|p2a: Tornadus-Therian
|-supereffective|p2a: Tornadus-Therian
|-damage|p2a: Tornadus-Therian|0 fnt
|faint|p2a: Tornadus-Therian
|
|c|âRagnarFR|gg
|
|switch|p2a: Azumarill|Azumarill, F, shiny|210\/401
|-damage|p2a: Azumarill|160\/401|[from] Stealth Rock
|turn|43
|
|move|p2a: Azumarill|Aqua Jet|p1a: Landorus-Therian
|-supereffective|p1a: Landorus-Therian
|-damage|p1a: Landorus-Therian|0 fnt
|faint|p1a: Landorus-Therian
|
|win|RagnarFR
|raw|Ladder updating...
|raw|Gaet-Kun06's rating: 1085 &rarr; <strong>1057<\/strong><br \/>(-28 for losing)
|raw|RagnarFR's rating: 1000 &rarr; <strong>1050<\/strong><br \/>(+50 for winning)
|leave|Gaet-Kun06
|player|p1