|join|Gaet-Kun06
|join|masterghiru2.0
|player|p1|Gaet-Kun06|163
|player|p2|masterghiru2.0|101
|gametype|singles
|gen|6
|tier|OU
|rated
|clearpoke
|poke|p1|Skarmory, F
|poke|p1|Tyranitar, F
|poke|p1|Thundurus-Therian, M
|poke|p1|Mawile, M, shiny
|poke|p1|Rotom-Wash
|poke|p1|Aegislash, F, shiny
|poke|p2|Gothitelle, M
|poke|p2|Charizard, M
|poke|p2|Azumarill, M
|poke|p2|Skarmory, F
|poke|p2|Heatran, F
|poke|p2|Thundurus, M
|rule|Sleep Clause Mod: Limit one foe put to sleep
|rule|Species Clause: Limit one of each Pokemon
|rule|OHKO Clause: OHKO moves are banned
|rule|Moody Clause: Moody is banned
|rule|Evasion Moves Clause: Evasion moves are banned
|rule|Endless Battle Clause: Forcing endless battles is banned.
|rule|HP Percentage Mod: HP is reported as percentages
|teampreview
|
|start
|switch|p1a: Thundurus-Therian|Thundurus-Therian, M|299\/299
|switch|p2a: Thundurus|Thundurus, M|300\/300
|turn|1
|
|switch|p2a: Heatran|Heatran, F|385\/385
|move|p1a: Thundurus-Therian|Volt Switch|p2a: Heatran
|-damage|p2a: Heatran|291\/385
|
|switch|p1a: Rotom-Wash|Rotom-Wash|304\/304
|
|-heal|p2a: Heatran|315\/385|[from] item: Leftovers
|turn|2
|
|move|p2a: Heatran|Stealth Rock|p1a: Rotom-Wash
|-sidestart|p1: Gaet-Kun06|move: Stealth Rock
|move|p1a: Rotom-Wash|Volt Switch|p2a: Heatran
|-damage|p2a: Heatran|257\/385
|
|switch|p1a: T-Tar|Tyranitar, F|404\/404
|-damage|p1a: T-Tar|354\/404|[from] Stealth Rock
|-weather|Sandstorm
|
|-weather|Sandstorm|[upkeep]
|-heal|p2a: Heatran|281\/385|[from] item: Leftovers
|-heal|p1a: T-Tar|379\/404|[from] item: Leftovers
|turn|3
|
|switch|p2a: Skarmory|Skarmory, F|333\/333
|move|p1a: T-Tar|Crunch|p2a: Skarmory
|-damage|p2a: Skarmory|267\/333
|-damage|p1a: T-Tar|312\/404|[from] item: Rocky Helmet|[of] p2a: Skarmory
|
|-weather|Sandstorm|[upkeep]
|-heal|p1a: T-Tar|337\/404|[from] item: Leftovers
|turn|4
|
|move|p2a: Skarmory|Toxic|p1a: T-Tar|[miss]
|-miss|p2a: Skarmory|p1a: T-Tar
|move|p1a: T-Tar|Stealth Rock|p2a: Skarmory
|-sidestart|p2: masterghiru2.0|move: Stealth Rock
|
|-weather|Sandstorm|[upkeep]
|-heal|p1a: T-Tar|362\/404|[from] item: Leftovers
|turn|5
|
|switch|p1a: Aegislash|Aegislash, F, shiny|324\/324
|-damage|p1a: Aegislash|304\/324|[from] Stealth Rock
|move|p2a: Skarmory|Toxic|p1a: Aegislash
|-fail|p1a: Aegislash
|
|-weather|Sandstorm|[upkeep]
|-heal|p1a: Aegislash|324\/324|[from] item: Leftovers
|turn|6
|
|move|p2a: Skarmory|Defog|p1a: Aegislash
|-unboost|p1a: Aegislash|evasion|1
|-sideend|p1: Gaet-Kun06|Stealth Rock|[from] move: Defog|[of] p1a: Aegislash
|-sideend|p2: masterghiru2.0|Stealth Rock|[from] move: Defog|[of] p2a: Skarmory
|-formechange|p1a: Aegislash|Aegislash-Blade
|move|p1a: Aegislash|Shadow Ball|p2a: Skarmory
|-damage|p2a: Skarmory|36\/333
|
|-weather|none
|turn|7
|
|move|p1a: Aegislash|Shadow Sneak|p2a: Skarmory
|-damage|p2a: Skarmory|0 fnt
|-damage|p1a: Aegislash|270\/324|[from] item: Rocky Helmet|[of] p2a: Skarmory
|faint|p2a: Skarmory
|
|-heal|p1a: Aegislash|290\/324|[from] item: Leftovers
|
|switch|p2a: Charizard|Charizard, M|298\/298
|turn|8
|
|switch|p1a: Rotom-Wash|Rotom-Wash|304\/304
|-formechange|p2a: Charizard|Charizard-Mega-X
|message|Charizard has Mega Evolved into Mega Charizard!
|move|p2a: Charizard|Dragon Dance|p2a: Charizard
|-boost|p2a: Charizard|atk|1
|-boost|p2a: Charizard|spe|1
|
|turn|9
|
|move|p2a: Charizard|Dragon Dance|p2a: Charizard
|-boost|p2a: Charizard|atk|1
|-boost|p2a: Charizard|spe|1
|move|p1a: Rotom-Wash|Hydro Pump|p2a: Charizard
|-damage|p2a: Charizard|151\/298
|
|turn|10
|
|move|p2a: Charizard|Dragon Claw|p1a: Rotom-Wash
|-damage|p1a: Rotom-Wash|16\/304
|move|p1a: Rotom-Wash|Pain Split|p2a: Charizard
|-sethp|p2a: Charizard|83\/298|p1a: Rotom-Wash|83\/304|[from] move: Pain Split
|
|-heal|p1a: Rotom-Wash|102\/304|[from] item: Leftovers
|turn|11
|
|switch|p1a: Mawile|Mawile, M, shiny|304\/304
|-ability|p1a: Mawile|Intimidate|[of] p2a: Charizard
|-unboost|p2a: Charizard|atk|1
|move|p2a: Charizard|Dragon Claw|p1a: Mawile
|-immune|p1a: Mawile|[msg]
|
|turn|12
|
|switch|p2a: Heatran|Heatran, F|281\/385
|-formechange|p1a: Mawile|Mawile-Mega
|message|Mawile has Mega Evolved into Mega Mawile!
|move|p1a: Mawile|Sucker Punch|p2a: Heatran
|-fail|p2a: Heatran
|
|-heal|p2a: Heatran|305\/385|[from] item: Leftovers
|turn|13
|
|switch|p1a: Rotom-Wash|Rotom-Wash|102\/304
|move|p2a: Heatran|Stealth Rock|p1a: Rotom-Wash
|-sidestart|p1: Gaet-Kun06|move: Stealth Rock
|
|-heal|p2a: Heatran|329\/385|[from] item: Leftovers
|-heal|p1a: Rotom-Wash|121\/304|[from] item: Leftovers
|turn|14
|
|move|p1a: Rotom-Wash|Pain Split|p2a: Heatran
|-sethp|p2a: Heatran|225\/385|p1a: Rotom-Wash|225\/304|[from] move: Pain Split
|move|p2a: Heatran|Roar|p1a: Rotom-Wash
|drag|p1a: T-Tar|Tyranitar, F|362\/404
|-damage|p1a: T-Tar|312\/404|[from] Stealth Rock
|-weather|Sandstorm
|
|-weather|Sandstorm|[upkeep]
|-heal|p2a: Heatran|249\/385|[from] item: Leftovers
|-heal|p1a: T-Tar|337\/404|[from] item: Leftovers
|turn|15
|
|move|p2a: Heatran|Toxic|p1a: T-Tar
|-status|p1a: T-Tar|tox
|move|p1a: T-Tar|Stealth Rock|p2a: Heatran
|-sidestart|p2: masterghiru2.0|move: Stealth Rock
|
|-weather|Sandstorm|[upkeep]
|-heal|p2a: Heatran|273\/385|[from] item: Leftovers
|-heal|p1a: T-Tar|362\/404 tox|[from] item: Leftovers
|-damage|p1a: T-Tar|337\/404 tox|[from] psn
|turn|16
|
|move|p2a: Heatran|Lava Plume|p1a: T-Tar
|-resisted|p1a: T-Tar
|-damage|p1a: T-Tar|306\/404 tox
|move|p1a: T-Tar|Earthquake|p2a: Heatran
|-supereffective|p2a: Heatran
|-damage|p2a: Heatran|0 fnt
|faint|p2a: Heatran
|
|-weather|Sandstorm|[upkeep]
|-heal|p1a: T-Tar|331\/404 tox|[from] item: Leftovers
|-damage|p1a: T-Tar|281\/404 tox|[from] psn
|
|switch|p2a: Azumarill|Azumarill, M|342\/342
|-damage|p2a: Azumarill|300\/342|[from] Stealth Rock
|turn|17
|
|switch|p1a: Skarmory|Skarmory, F|334\/334
|-damage|p1a: Skarmory|293\/334|[from] Stealth Rock
|move|p2a: Azumarill|Belly Drum|p2a: Azumarill
|-damage|p2a: Azumarill|129\/342
|-setboost|p2a: Azumarill|atk|6|[from] move: Belly Drum
|-enditem|p2a: Azumarill|Sitrus Berry|[eat]
|-heal|p2a: Azumarill|214\/342|[from] item: Sitrus Berry
|
|-weather|Sandstorm|[upkeep]
|-damage|p2a: Azumarill|193\/342|[from] sandstorm
|-heal|p1a: Skarmory|313\/334|[from] item: Leftovers
|turn|18
|
|move|p2a: Azumarill|Waterfall|p1a: Skarmory
|-damage|p1a: Skarmory|0 fnt
|faint|p1a: Skarmory
|
|-weather|none
|
|switch|p1a: Aegislash|Aegislash, F, shiny|290\/324
|-damage|p1a: Aegislash|270\/324|[from] Stealth Rock
|turn|19
|
|move|p1a: Aegislash|King's Shield|p1a: Aegislash
|-singleturn|p1a: Aegislash|Protect
|move|p2a: Azumarill|Belly Drum|p2a: Azumarill
|-fail|p2a: Azumarill
|
|-heal|p1a: Aegislash|290\/324|[from] item: Leftovers
|turn|20
|
|-formechange|p1a: Aegislash|Aegislash-Blade
|move|p1a: Aegislash|Shadow Sneak|p2a: Azumarill
|-crit|p2a: Azumarill
|-damage|p2a: Azumarill|63\/342
|move|p2a: Azumarill|Waterfall|p1a: Aegislash
|-damage|p1a: Aegislash|0 fnt
|faint|p1a: Aegislash
|
|
|switch|p1a: Rotom-Wash|Rotom-Wash|225\/304
|-damage|p1a: Rotom-Wash|187\/304|[from] Stealth Rock
|turn|21
|
|move|p2a: Azumarill|Play Rough|p1a: Rotom-Wash
|-damage|p1a: Rotom-Wash|0 fnt
|faint|p1a: Rotom-Wash
|
|
|switch|p1a: Mawile|Mawile, M, shiny|304\/304
|-formechange|p1a: Mawile|Mawile-Mega
|-damage|p1a: Mawile|285\/304|[from] Stealth Rock
|turn|22
|
|move|p2a: Azumarill|Aqua Jet|p1a: Mawile
|-damage|p1a: Mawile|44\/304
|move|p1a: Mawile|Sucker Punch|p2a: Azumarill
|-fail|p2a: Azumarill
|
|turn|23
|
|move|p2a: Azumarill|Aqua Jet|p1a: Mawile
|-damage|p1a: Mawile|0 fnt
|faint|p1a: Mawile
|
|
|switch|p1a: Thundurus-Therian|Thundurus-Therian, M|299\/299
|-damage|p1a: Thundurus-Therian|225\/299|[from] Stealth Rock
|turn|24
|
|move|p2a: Azumarill|Aqua Jet|p1a: Thundurus-Therian
|-damage|p1a: Thundurus-Therian|0 fnt
|faint|p1a: Thundurus-Therian
|
|
|switch|p1a: T-Tar|Tyranitar, F|281\/404 tox
|-damage|p1a: T-Tar|231\/404 tox|[from] Stealth Rock
|-weather|Sandstorm
|turn|25
|
|move|p2a: Azumarill|Aqua Jet|p1a: T-Tar
|-supereffective|p1a: T-Tar
|-damage|p1a: T-Tar|0 fnt
|faint|p1a: T-Tar
|
|win|masterghiru2.0
|raw|Ladder updating...
|raw|Gaet-Kun06's rating: 1589 &rarr; <strong>1573<\/strong><br \/>(-16 for losing)
|raw|masterghiru2.0's rating: 1639 &rarr; <strong>1657<\/strong><br \/>(+18 for winning)
|leave|Gaet-Kun06
|player|p1
|chat|masterghiru2.0|gg