|join|J. Marshall
|join|Gaet-Kun06
|player|p1|J. Marshall|168
|player|p2|Gaet-Kun06|163
|gametype|singles
|gen|6
|tier|OU
|rated
|clearpoke
|poke|p1|Talonflame, F
|poke|p1|Amoonguss, M
|poke|p1|Gardevoir, F
|poke|p1|Rotom-Wash
|poke|p1|Excadrill, F
|poke|p1|Tyranitar, M
|poke|p2|Gyarados, M
|poke|p2|Landorus-Therian, M
|poke|p2|Amoonguss, F
|poke|p2|Azumarill, F
|poke|p2|Latios, M
|poke|p2|Heatran, F
|rule|Swagger Clause: Swagger is banned
|rule|Baton Pass Clause: Limit one PokÃ©mon knowing Baton Pass
|rule|Sleep Clause Mod: Limit one foe put to sleep
|rule|Species Clause: Limit one of each PokÃ©mon
|rule|OHKO Clause: OHKO moves are banned
|rule|Moody Clause: Moody is banned
|rule|Evasion Moves Clause: Evasion moves are banned
|rule|Endless Battle Clause: Forcing endless battles is banned
|rule|HP Percentage Mod: HP is reported as percentages
|teampreview
|
|start
|switch|p1a: Rotom-Wash|Rotom-Wash|304\/304
|switch|p2a: Landorus-Therian|Landorus-Therian, M|319\/319
|-ability|p2a: Landorus-Therian|Intimidate|[of] p1a: Rotom-Wash
|-unboost|p1a: Rotom-Wash|atk|1
|turn|1
|
|move|p2a: Landorus-Therian|U-turn|p1a: Rotom-Wash
|-damage|p1a: Rotom-Wash|233\/304
|
|switch|p2a: Amoonguss|Amoonguss, F|432\/432
|move|p1a: Rotom-Wash|Hidden Power|p2a: Amoonguss
|-crit|p2a: Amoonguss
|-supereffective|p2a: Amoonguss
|-damage|p2a: Amoonguss|256\/432
|
|-heal|p1a: Rotom-Wash|252\/304|[from] item: Leftovers
|-heal|p2a: Amoonguss|283\/432|[from] item: Black Sludge
|turn|2
|
|move|p1a: Rotom-Wash|Will-O-Wisp|p2a: Amoonguss
|-status|p2a: Amoonguss|brn
|move|p2a: Amoonguss|Clear Smog|p1a: Rotom-Wash
|-damage|p1a: Rotom-Wash|207\/304
|-clearboost|p1a: Rotom-Wash
|
|-heal|p1a: Rotom-Wash|226\/304|[from] item: Leftovers
|-heal|p2a: Amoonguss|310\/432 brn|[from] item: Black Sludge
|-damage|p2a: Amoonguss|256\/432 brn|[from] brn
|turn|3
|
|switch|p1a: Tyranitar|Tyranitar, M|404\/404
|-weather|Sandstorm
|move|p2a: Amoonguss|Spore|p1a: Tyranitar
|-status|p1a: Tyranitar|slp
|-enditem|p1a: Tyranitar|Lum Berry|[eat]
|-curestatus|p1a: Tyranitar|slp
|
|-weather|Sandstorm|[upkeep]
|-damage|p2a: Amoonguss|229\/432 brn|[from] sandstorm
|-heal|p2a: Amoonguss|256\/432 brn|[from] item: Black Sludge
|-damage|p2a: Amoonguss|202\/432 brn|[from] brn
|turn|4
|
|switch|p2a: Azumarill|Azumarill, F|404\/404
|move|p1a: Tyranitar|Stealth Rock|p2a: Azumarill
|-sidestart|p2: Gaet-Kun06|move: Stealth Rock
|
|-weather|Sandstorm|[upkeep]
|-damage|p2a: Azumarill|379\/404|[from] sandstorm
|turn|5
|
|switch|p1a: Amoonguss|Amoonguss, M|432\/432
|move|p2a: Azumarill|Knock Off|p1a: Amoonguss
|-damage|p1a: Amoonguss|316\/432
|-enditem|p1a: Amoonguss|Black Sludge|[from] move: Knock Off|[of] p2a: Azumarill
|
|-weather|Sandstorm|[upkeep]
|-damage|p2a: Azumarill|354\/404|[from] sandstorm
|-damage|p1a: Amoonguss|289\/432|[from] sandstorm
|turn|6
|
|switch|p2a: Amoonguss|Amoonguss, F|346\/432 brn
|-damage|p2a: Amoonguss|292\/432 brn|[from] Stealth Rock
|move|p1a: Amoonguss|Sludge Bomb|p2a: Amoonguss
|-damage|p2a: Amoonguss|177\/432 brn
|
|-weather|Sandstorm|[upkeep]
|-damage|p1a: Amoonguss|262\/432|[from] sandstorm
|-damage|p2a: Amoonguss|150\/432 brn|[from] sandstorm
|-heal|p2a: Amoonguss|177\/432 brn|[from] item: Black Sludge
|-damage|p2a: Amoonguss|123\/432 brn|[from] brn
|turn|7
|
|switch|p2a: Heatran|Heatran, F|386\/386
|-damage|p2a: Heatran|338\/386|[from] Stealth Rock
|move|p1a: Amoonguss|Spore|p2a: Heatran
|-status|p2a: Heatran|slp
|
|-weather|none
|-heal|p2a: Heatran|362\/386 slp|[from] item: Leftovers
|turn|8
|
|switch|p1a: Rotom-Wash|Rotom-Wash|226\/304
|cant|p2a: Heatran|slp
|
|-heal|p2a: Heatran|386\/386 slp|[from] item: Leftovers
|-heal|p1a: Rotom-Wash|245\/304|[from] item: Leftovers
|turn|9
|
|move|p1a: Rotom-Wash|Hydro Pump|p2a: Heatran|[miss]
|-miss|p1a: Rotom-Wash|p2a: Heatran
|cant|p2a: Heatran|slp
|
|-heal|p1a: Rotom-Wash|264\/304|[from] item: Leftovers
|turn|10
|chat|J. Marshall|:)
|
|switch|p2a: Amoonguss|Amoonguss, F|267\/432 brn
|-damage|p2a: Amoonguss|213\/432 brn|[from] Stealth Rock
|move|p1a: Rotom-Wash|Hydro Pump|p2a: Amoonguss
|-resisted|p2a: Amoonguss
|-damage|p2a: Amoonguss|128\/432 brn
|
|-heal|p1a: Rotom-Wash|283\/304|[from] item: Leftovers
|-heal|p2a: Amoonguss|155\/432 brn|[from] item: Black Sludge
|-damage|p2a: Amoonguss|101\/432 brn|[from] brn
|turn|11
|
|move|p1a: Rotom-Wash|Hidden Power|p2a: Amoonguss
|-supereffective|p2a: Amoonguss
|-damage|p2a: Amoonguss|0 fnt
|faint|p2a: Amoonguss
|
|-heal|p1a: Rotom-Wash|302\/304|[from] item: Leftovers
|
|switch|p2a: Latios|Latios, M|301\/301
|-damage|p2a: Latios|264\/301|[from] Stealth Rock
|turn|12
|
|switch|p1a: Tyranitar|Tyranitar, M|404\/404
|-weather|Sandstorm
|move|p2a: Latios|Defog|p1a: Tyranitar
|-unboost|p1a: Tyranitar|evasion|1
|-sideend|p2: Gaet-Kun06|Stealth Rock|[from] move: Defog|[of] p2a: Latios
|
|-weather|Sandstorm|[upkeep]
|-damage|p2a: Latios|246\/301|[from] sandstorm
|turn|13
|
|switch|p2a: Landorus-Therian|Landorus-Therian, M|319\/319
|-ability|p2a: Landorus-Therian|Intimidate|[of] p1a: Tyranitar
|-unboost|p1a: Tyranitar|atk|1
|move|p1a: Tyranitar|Stealth Rock|p2a: Landorus-Therian
|-sidestart|p2: Gaet-Kun06|move: Stealth Rock
|
|-weather|Sandstorm|[upkeep]
|turn|14
|
|switch|p1a: Rotom-Wash|Rotom-Wash|302\/304
|move|p2a: Landorus-Therian|Earthquake|p1a: Rotom-Wash
|-immune|p1a: Rotom-Wash|[msg]
|
|-weather|Sandstorm|[upkeep]
|-damage|p1a: Rotom-Wash|283\/304|[from] sandstorm
|-heal|p1a: Rotom-Wash|302\/304|[from] item: Leftovers
|turn|15
|
|switch|p2a: Latios|Latios, M|246\/301
|-damage|p2a: Latios|209\/301|[from] Stealth Rock
|move|p1a: Rotom-Wash|Will-O-Wisp|p2a: Latios|[miss]
|-miss|p1a: Rotom-Wash|p2a: Latios
|
|-weather|Sandstorm|[upkeep]
|-damage|p2a: Latios|191\/301|[from] sandstorm
|-damage|p1a: Rotom-Wash|283\/304|[from] sandstorm
|-heal|p1a: Rotom-Wash|302\/304|[from] item: Leftovers
|turn|16
|
|switch|p1a: Tyranitar|Tyranitar, M|404\/404
|move|p2a: Latios|Defog|p1a: Tyranitar
|-unboost|p1a: Tyranitar|evasion|1
|-sideend|p2: Gaet-Kun06|Stealth Rock|[from] move: Defog|[of] p2a: Latios
|
|-weather|none
|turn|17
|
|move|p2a: Latios|Draco Meteor|p1a: Tyranitar
|-damage|p1a: Tyranitar|200\/404
|-unboost|p2a: Latios|spa|2
|-damage|p2a: Latios|161\/301|[from] item: Life Orb
|move|p1a: Tyranitar|Pursuit|p2a: Latios
|-supereffective|p2a: Latios
|-damage|p2a: Latios|23\/301
|
|turn|18
|
|move|p2a: Latios|Draco Meteor|p1a: Tyranitar
|-damage|p1a: Tyranitar|86\/404
|-unboost|p2a: Latios|spa|2
|-damage|p2a: Latios|0 fnt|[from] item: Life Orb
|faint|p2a: Latios
|move|p1a: Tyranitar|Stealth Rock|p2: Latios
|-sidestart|p2: Gaet-Kun06|move: Stealth Rock
|
|
|switch|p2a: Landorus-Therian|Landorus-Therian, M|319\/319
|-damage|p2a: Landorus-Therian|280\/319|[from] Stealth Rock
|-ability|p2a: Landorus-Therian|Intimidate|[of] p1a: Tyranitar
|-unboost|p1a: Tyranitar|atk|1
|turn|19
|
|switch|p1a: Rotom-Wash|Rotom-Wash|302\/304
|move|p2a: Landorus-Therian|U-turn|p1a: Rotom-Wash
|-damage|p1a: Rotom-Wash|236\/304
|
|switch|p2a: Gyarados|Gyarados, M|331\/331
|-damage|p2a: Gyarados|249\/331|[from] Stealth Rock
|-ability|p2a: Gyarados|Intimidate|[of] p1a: Rotom-Wash
|-unboost|p1a: Rotom-Wash|atk|1
|
|-heal|p1a: Rotom-Wash|255\/304|[from] item: Leftovers
|turn|20
|
|switch|p1a: Tyranitar|Tyranitar, M|86\/404
|-weather|Sandstorm
|detailschange|p2a: Gyarados|Gyarados-Mega, M
|message|Gyarados has Mega Evolved into Mega Gyarados!
|-ability|p2a: Gyarados|Mold Breaker
|move|p2a: Gyarados|Earthquake|p1a: Tyranitar
|-crit|p1a: Tyranitar
|-supereffective|p1a: Tyranitar
|-damage|p1a: Tyranitar|0 fnt
|faint|p1a: Tyranitar
|
|-weather|Sandstorm|[upkeep]
|-damage|p2a: Gyarados|229\/331|[from] sandstorm
|
|switch|p1a: Talonflame|Talonflame, F|297\/297
|turn|21
|
|switch|p2a: Heatran|Heatran, F|386\/386 slp
|-damage|p2a: Heatran|338\/386 slp|[from] Stealth Rock
|move|p1a: Talonflame|U-turn|p2a: Heatran
|-crit|p2a: Heatran
|-resisted|p2a: Heatran
|-damage|p2a: Heatran|305\/386 slp
|
|switch|p1a: Excadrill|Excadrill, F|362\/362
|-ability|p1a: Excadrill|Mold Breaker
|-item|p1a: Excadrill|Air Balloon
|
|-weather|Sandstorm|[upkeep]
|-heal|p2a: Heatran|329\/386 slp|[from] item: Leftovers
|turn|22
|
|switch|p1a: Rotom-Wash|Rotom-Wash|255\/304
|switch|p2a: Landorus-Therian|Landorus-Therian, M|280\/319
|-damage|p2a: Landorus-Therian|241\/319|[from] Stealth Rock
|-ability|p2a: Landorus-Therian|Intimidate|[of] p1a: Rotom-Wash
|-unboost|p1a: Rotom-Wash|atk|1
|
|-weather|Sandstorm|[upkeep]
|-damage|p1a: Rotom-Wash|236\/304|[from] sandstorm
|-heal|p1a: Rotom-Wash|255\/304|[from] item: Leftovers
|turn|23
|
|move|p2a: Landorus-Therian|U-turn|p1a: Rotom-Wash
|-damage|p1a: Rotom-Wash|185\/304
|
|switch|p2a: Azumarill|Azumarill, F|354\/404
|-damage|p2a: Azumarill|304\/404|[from] Stealth Rock
|move|p1a: Rotom-Wash|Will-O-Wisp|p2a: Azumarill
|-status|p2a: Azumarill|brn
|
|-weather|Sandstorm|[upkeep]
|-damage|p1a: Rotom-Wash|166\/304|[from] sandstorm
|-damage|p2a: Azumarill|279\/404 brn|[from] sandstorm
|-heal|p1a: Rotom-Wash|185\/304|[from] item: Leftovers
|-damage|p2a: Azumarill|229\/404 brn|[from] brn
|turn|24
|
|move|p1a: Rotom-Wash|Volt Switch|p2a: Azumarill
|-supereffective|p2a: Azumarill
|-damage|p2a: Azumarill|85\/404 brn
|
|switch|p1a: Amoonguss|Amoonguss, M|406\/432
|move|p2a: Azumarill|Knock Off|p1a: Amoonguss
|-damage|p1a: Amoonguss|366\/432
|
|-weather|none
|-damage|p2a: Azumarill|35\/404 brn|[from] brn
|turn|25
|
|move|p2a: Azumarill|Knock Off|p1a: Amoonguss
|-damage|p1a: Amoonguss|324\/432
|move|p1a: Amoonguss|Clear Smog|p2a: Azumarill
|-supereffective|p2a: Azumarill
|-damage|p2a: Azumarill|0 fnt
|-clearboost|p2a: Azumarill
|faint|p2a: Azumarill
|
|
|switch|p2a: Heatran|Heatran, F|329\/386 slp
|-damage|p2a: Heatran|281\/386 slp|[from] Stealth Rock
|turn|26
|
|switch|p1a: Gardevoir|Gardevoir, F|278\/278
|-ability|p1a: Gardevoir|Flash Fire|[from] ability: Trace|[of] p2a: Heatran
|cant|p2a: Heatran|slp
|
|-heal|p2a: Heatran|305\/386 slp|[from] item: Leftovers
|turn|27
|
|move|p1a: Gardevoir|Substitute|p1a: Gardevoir
|-start|p1a: Gardevoir|Substitute
|-damage|p1a: Gardevoir|209\/278
|-curestatus|p2a: Heatran|slp
|move|p2a: Heatran|Stealth Rock|p1a: Gardevoir
|-sidestart|p1: J. Marshall|move: Stealth Rock
|
|-heal|p2a: Heatran|329\/386|[from] item: Leftovers
|turn|28
|
|move|p1a: Gardevoir|Shadow Ball|p2a: Heatran
|-damage|p2a: Heatran|257\/386
|-unboost|p2a: Heatran|spd|1
|move|p2a: Heatran|Lava Plume|p1a: Gardevoir
|-start|p1a: Gardevoir|ability: Flash Fire
|
|-heal|p2a: Heatran|281\/386|[from] item: Leftovers
|turn|29
|
|move|p1a: Gardevoir|Shadow Ball|p2a: Heatran
|-damage|p2a: Heatran|172\/386
|move|p2a: Heatran|Earth Power|p1a: Gardevoir
|-end|p1a: Gardevoir|Substitute
|
|-heal|p2a: Heatran|196\/386|[from] item: Leftovers
|turn|30
|
|move|p1a: Gardevoir|Shadow Ball|p2a: Heatran
|-damage|p2a: Heatran|87\/386
|move|p2a: Heatran|Earth Power|p1a: Gardevoir
|-damage|p1a: Gardevoir|126\/278
|
|-heal|p2a: Heatran|111\/386|[from] item: Leftovers
|turn|31
|
|detailschange|p1a: Gardevoir|Gardevoir-Mega, F
|message|Gardevoir has Mega Evolved into Mega Gardevoir!
|move|p1a: Gardevoir|Shadow Ball|p2a: Heatran
|-damage|p2a: Heatran|0 fnt
|faint|p2a: Heatran
|
|
|switch|p2a: Landorus-Therian|Landorus-Therian, M|241\/319
|-damage|p2a: Landorus-Therian|202\/319|[from] Stealth Rock
|-ability|p2a: Landorus-Therian|Intimidate|[of] p1a: Gardevoir
|-unboost|p1a: Gardevoir|atk|1
|turn|32
|
|move|p2a: Landorus-Therian|Earthquake|p1a: Gardevoir
|-damage|p1a: Gardevoir|0 fnt
|faint|p1a: Gardevoir
|
|
|switch|p1a: Excadrill|Excadrill, F|362\/362
|-damage|p1a: Excadrill|351\/362|[from] Stealth Rock
|-ability|p1a: Excadrill|Mold Breaker
|-item|p1a: Excadrill|Air Balloon
|turn|33
|
|move|p2a: Landorus-Therian|Earthquake|p1a: Excadrill
|-immune|p1a: Excadrill|[msg]
|move|p1a: Excadrill|Earthquake|p2a: Landorus-Therian
|-immune|p2a: Landorus-Therian|[msg]
|
|turn|34
|chat|J. Marshall|lol
|
|move|p2a: Landorus-Therian|Earthquake|p1a: Excadrill
|-immune|p1a: Excadrill|[msg]
|move|p1a: Excadrill|Earthquake|p2a: Landorus-Therian
|-immune|p2a: Landorus-Therian|[msg]
|
|turn|35
|
|move|p2a: Landorus-Therian|Earthquake|p1a: Excadrill
|-immune|p1a: Excadrill|[msg]
|move|p1a: Excadrill|Rapid Spin|p2a: Landorus-Therian
|-damage|p2a: Landorus-Therian|176\/319
|-sideend|p1: J. Marshall|Stealth Rock|[from] move: Rapid Spin|[of] p1a: Excadrill
|
|turn|36
|
|move|p2a: Landorus-Therian|Earthquake|p1a: Excadrill
|-immune|p1a: Excadrill|[msg]
|move|p1a: Excadrill|Earthquake|p2a: Landorus-Therian
|-immune|p2a: Landorus-Therian|[msg]
|
|turn|37
|
|move|p2a: Landorus-Therian|Earthquake|p1a: Excadrill
|-immune|p1a: Excadrill|[msg]
|move|p1a: Excadrill|Iron Head|p2a: Landorus-Therian
|-damage|p2a: Landorus-Therian|10\/319
|
|turn|38
|chat|J. Marshall|haha
|chat|J. Marshall|scarfed
|
|move|p2a: Landorus-Therian|Earthquake|p1a: Excadrill
|-immune|p1a: Excadrill|[msg]
|move|p1a: Excadrill|Rapid Spin|p2a: Landorus-Therian
|-damage|p2a: Landorus-Therian|0 fnt
|faint|p2a: Landorus-Therian
|
|
|switch|p2a: Gyarados|Gyarados-Mega, M|229\/331
|-damage|p2a: Gyarados|188\/331|[from] Stealth Rock
|-ability|p2a: Gyarados|Mold Breaker
|turn|39
|chat|J. Marshall|gg
|
|move|p1a: Excadrill|Earthquake|p2a: Gyarados
|-damage|p2a: Gyarados|16\/331
|move|p2a: Gyarados|Dragon Dance|p2a: Gyarados
|-boost|p2a: Gyarados|atk|1
|-boost|p2a: Gyarados|spe|1
|
|turn|40
|
|move|p2a: Gyarados|Waterfall|p1a: Excadrill
|-crit|p1a: Excadrill
|-supereffective|p1a: Excadrill
|-damage|p1a: Excadrill|0 fnt
|-enditem|p1a: Excadrill|Air Balloon
|faint|p1a: Excadrill
|
|
|switch|p1a: Talonflame|Talonflame, F|297\/297
|turn|41
|
|move|p1a: Talonflame|Brave Bird|p2a: Gyarados
|-crit|p2a: Gyarados
|-damage|p2a: Gyarados|0 fnt
|-damage|p1a: Talonflame|292\/297|[from] recoil|[of] p2a: Gyarados
|faint|p2a: Gyarados
|
|win|J. Marshall
|raw|Ladder updating...
|raw|J. Marshall's rating: 1791 &rarr; <strong>1804<\/strong><br \/>(+13 for winning)
|raw|Gaet-Kun06's rating: 1663 &rarr; <strong>1650<\/strong><br \/>(-13 for losing)