|join|noobus
|join|Gaet-Kun06
|player|p1|noobus|262
|player|p2|Gaet-Kun06|163
|gametype|singles
|gen|6
|tier|OU
|rated
|clearpoke
|poke|p1|Cresselia, F
|poke|p1|Goodra, F
|poke|p1|Suicune
|poke|p1|Aggron, F
|poke|p1|Talonflame, M
|poke|p1|Manaphy
|poke|p2|Raikou, shiny
|poke|p2|Gliscor, M
|poke|p2|Kyurem-Black
|poke|p2|Mandibuzz, F
|poke|p2|Talonflame, F
|poke|p2|Mawile, M
|rule|Swagger Clause: Swagger is banned
|rule|Baton Pass Clause: Limit one PokÃ©mon knowing Baton Pass
|rule|Sleep Clause Mod: Limit one foe put to sleep
|rule|Species Clause: Limit one of each PokÃ©mon
|rule|OHKO Clause: OHKO moves are banned
|rule|Moody Clause: Moody is banned
|rule|Evasion Moves Clause: Evasion moves are banned
|rule|Endless Battle Clause: Forcing endless battles is banned
|rule|HP Percentage Mod: HP is reported as percentages
|teampreview
|
|start
|switch|p1a: Manaphy|Manaphy|341\/341
|switch|p2a: Sasori|Gliscor, M|352\/352
|turn|1
|
|switch|p2a: Raigami|Raikou, shiny|321\/321
|-ability|p2a: Raigami|Pressure
|move|p1a: Manaphy|Surf|p2a: Raigami
|-damage|p2a: Raigami|225\/321
|
|turn|2
|
|switch|p1a: Goodra|Goodra, F|384\/384
|move|p2a: Raigami|Volt Switch|p1a: Goodra
|-resisted|p1a: Goodra
|-damage|p1a: Goodra|344\/384
|
|switch|p2a: Hyozanryu|Kyurem-Black|391\/391
|-ability|p2a: Hyozanryu|Teravolt
|
|-heal|p1a: Goodra|368\/384|[from] item: Leftovers
|turn|3
|
|switch|p1a: Cresselia|Cresselia, F|444\/444
|move|p2a: Hyozanryu|Ice Beam|p1a: Cresselia
|-damage|p1a: Cresselia|276\/444
|-damage|p2a: Hyozanryu|352\/391|[from] item: Life Orb
|
|-heal|p1a: Cresselia|303\/444|[from] item: Leftovers
|turn|4
|
|switch|p2a: Raigami|Raikou, shiny|225\/321
|-ability|p2a: Raigami|Pressure
|move|p1a: Cresselia|Toxic|p2a: Raigami
|-status|p2a: Raigami|tox
|
|-heal|p1a: Cresselia|330\/444|[from] item: Leftovers
|-damage|p2a: Raigami|205\/321 tox|[from] psn
|turn|5
|
|switch|p1a: Goodra|Goodra, F|368\/384
|move|p2a: Raigami|Volt Switch|p1a: Goodra
|-resisted|p1a: Goodra
|-damage|p1a: Goodra|330\/384
|
|switch|p2a: Hyozanryu|Kyurem-Black|352\/391
|-ability|p2a: Hyozanryu|Teravolt
|
|-heal|p1a: Goodra|354\/384|[from] item: Leftovers
|turn|6
|
|move|p2a: Hyozanryu|Ice Beam|p1a: Goodra
|-supereffective|p1a: Goodra
|-damage|p1a: Goodra|65\/384
|-damage|p2a: Hyozanryu|313\/391|[from] item: Life Orb
|move|p1a: Goodra|Outrage|p2a: Hyozanryu
|-supereffective|p2a: Hyozanryu
|-damage|p2a: Hyozanryu|0 fnt
|faint|p2a: Hyozanryu
|
|-heal|p1a: Goodra|89\/384|[from] item: Leftovers
|
|switch|p2a: Manshelly|Mawile, M|300\/300
|-ability|p2a: Manshelly|Intimidate|[of] p1a: Goodra
|-unboost|p1a: Goodra|atk|1
|turn|7
|
|detailschange|p2a: Manshelly|Mawile-Mega, M
|message|Mawile has Mega Evolved into Mega Mawile!
|move|p1a: Goodra|Outrage|p2a: Manshelly
|-immune|p2a: Manshelly|[msg]
|move|p2a: Manshelly|Iron Head|p1a: Goodra
|-damage|p1a: Goodra|0 fnt
|faint|p1a: Goodra
|
|
|switch|p1a: Aggron|Aggron, F|344\/344
|turn|8
|
|switch|p2a: Miss Friday|Mandibuzz, F|423\/423
|detailschange|p1a: Aggron|Aggron-Mega, F
|message|Aggron has Mega Evolved into Mega Aggron!
|move|p1a: Aggron|Earthquake|p2a: Miss Friday
|-immune|p2a: Miss Friday|[msg]
|
|turn|9
|
|move|p2a: Miss Friday|Taunt|p1a: Aggron
|-start|p1a: Aggron|move: Taunt
|move|p1a: Aggron|Heavy Slam|p2a: Miss Friday
|-crit|p2a: Miss Friday
|-damage|p2a: Miss Friday|228\/423
|
|-heal|p2a: Miss Friday|254\/423|[from] item: Leftovers
|turn|10
|
|move|p2a: Miss Friday|Roost|p2a: Miss Friday
|-heal|p2a: Miss Friday|423\/423
|move|p1a: Aggron|Heavy Slam|p2a: Miss Friday
|-damage|p2a: Miss Friday|291\/423
|
|-heal|p2a: Miss Friday|317\/423|[from] item: Leftovers
|turn|11
|
|switch|p1a: Manaphy|Manaphy|341\/341
|move|p2a: Miss Friday|Foul Play|p1a: Manaphy
|-damage|p1a: Manaphy|245\/341
|
|-heal|p1a: Manaphy|266\/341|[from] item: Leftovers
|-heal|p2a: Miss Friday|343\/423|[from] item: Leftovers
|turn|12
|
|switch|p2a: Raigami|Raikou, shiny|205\/321 tox
|-ability|p2a: Raigami|Pressure
|move|p1a: Manaphy|Tail Glow|p1a: Manaphy
|-boost|p1a: Manaphy|spa|3
|
|-heal|p1a: Manaphy|287\/341|[from] item: Leftovers
|-damage|p2a: Raigami|185\/321 tox|[from] psn
|turn|13
|
|switch|p1a: Cresselia|Cresselia, F|330\/444
|move|p2a: Raigami|Thunderbolt|p1a: Cresselia
|-damage|p1a: Cresselia|207\/444
|
|-heal|p1a: Cresselia|234\/444|[from] item: Leftovers
|-damage|p2a: Raigami|145\/321 tox|[from] psn
|turn|14
|
|move|p2a: Raigami|Volt Switch|p1a: Cresselia
|-crit|p1a: Cresselia
|-damage|p1a: Cresselia|107\/444
|
|switch|p2a: Manshelly|Mawile-Mega, M|300\/300
|move|p1a: Cresselia|Moonlight|p1a: Cresselia
|-heal|p1a: Cresselia|329\/444
|
|-heal|p1a: Cresselia|356\/444|[from] item: Leftovers
|turn|15
|
|-singleturn|p2a: Manshelly|move: Focus Punch
|switch|p1a: Aggron|Aggron-Mega, F|344\/344
|move|p2a: Manshelly|Focus Punch|p1a: Aggron
|-supereffective|p1a: Aggron
|-damage|p1a: Aggron|125\/344
|
|turn|16
|
|switch|p2a: Sasori|Gliscor, M|352\/352
|move|p1a: Aggron|Rest|p1a: Aggron
|-status|p1a: Aggron|slp
|-heal|p1a: Aggron|344\/344 slp|[silent]
|-status|p1a: Aggron|slp|[from] move: Rest
|
|-status|p2a: Sasori|tox|[from] item: Toxic Orb
|turn|17
|
|move|p2a: Sasori|Taunt|p1a: Aggron
|-start|p1a: Aggron|move: Taunt
|cant|p1a: Aggron|slp
|cant|p1a: Aggron|move: Taunt|Sleep Talk
|
|turn|18
|
|move|p2a: Sasori|Stealth Rock|p1a: Aggron
|-sidestart|p1: noobus|move: Stealth Rock
|cant|p1a: Aggron|slp
|
|turn|19
|
|move|p2a: Sasori|Earthquake|p1a: Aggron
|-crit|p1a: Aggron
|-supereffective|p1a: Aggron
|-damage|p1a: Aggron|223\/344 slp
|-curestatus|p1a: Aggron|slp
|move|p1a: Aggron|Heavy Slam|p2a: Sasori
|-damage|p2a: Sasori|198\/352 tox
|
|-heal|p2a: Sasori|242\/352 tox|[from] ability: Poison Heal
|-end|p1a: Aggron|move: Taunt
|turn|20
|
|switch|p1a: Manaphy|Manaphy|287\/341
|-damage|p1a: Manaphy|245\/341|[from] Stealth Rock
|move|p2a: Sasori|Taunt|p1a: Manaphy
|-start|p1a: Manaphy|move: Taunt
|
|-heal|p1a: Manaphy|266\/341|[from] item: Leftovers
|-heal|p2a: Sasori|286\/352 tox|[from] ability: Poison Heal
|turn|21
|
|move|p1a: Manaphy|Surf|p2a: Sasori
|-supereffective|p2a: Sasori
|-damage|p2a: Sasori|0 fnt
|faint|p2a: Sasori
|
|-heal|p1a: Manaphy|287\/341|[from] item: Leftovers
|
|switch|p2a: Raigami|Raikou, shiny|145\/321 tox
|-ability|p2a: Raigami|Pressure
|turn|22
|
|switch|p1a: Cresselia|Cresselia, F|356\/444
|-damage|p1a: Cresselia|301\/444|[from] Stealth Rock
|move|p2a: Raigami|Volt Switch|p1a: Cresselia
|-damage|p1a: Cresselia|217\/444
|
|switch|p2a: Manshelly|Mawile-Mega, M|300\/300
|
|-heal|p1a: Cresselia|244\/444|[from] item: Leftovers
|turn|23
|
|move|p1a: Cresselia|Ice Beam|p2a: Manshelly
|-resisted|p2a: Manshelly
|-damage|p2a: Manshelly|269\/300
|move|p2a: Manshelly|Iron Head|p1a: Cresselia
|-damage|p1a: Cresselia|79\/444
|
|-heal|p1a: Cresselia|106\/444|[from] item: Leftovers
|turn|24
|
|move|p1a: Cresselia|Moonlight|p1a: Cresselia
|-heal|p1a: Cresselia|328\/444
|move|p2a: Manshelly|Iron Head|p1a: Cresselia
|-damage|p1a: Cresselia|162\/444
|
|-heal|p1a: Cresselia|189\/444|[from] item: Leftovers
|turn|25
|
|move|p2a: Manshelly|Sucker Punch|p1a: Cresselia
|-fail|p1a: Cresselia
|move|p1a: Cresselia|Moonlight|p1a: Cresselia
|-heal|p1a: Cresselia|411\/444
|
|-heal|p1a: Cresselia|438\/444|[from] item: Leftovers
|turn|26
|
|-singleturn|p2a: Manshelly|move: Focus Punch
|switch|p1a: Talonflame|Talonflame, M|360\/360
|-damage|p1a: Talonflame|180\/360|[from] Stealth Rock
|move|p2a: Manshelly|Focus Punch|p1a: Talonflame
|-resisted|p1a: Talonflame
|-damage|p1a: Talonflame|0 fnt
|faint|p1a: Talonflame
|
|
|switch|p1a: Aggron|Aggron-Mega, F|223\/344
|-damage|p1a: Aggron|202\/344|[from] Stealth Rock
|turn|27
|
|switch|p2a: Miss Friday|Mandibuzz, F|343\/423
|move|p1a: Aggron|Heavy Slam|p2a: Miss Friday
|-damage|p2a: Miss Friday|217\/423
|
|-heal|p2a: Miss Friday|243\/423|[from] item: Leftovers
|turn|28
|
|move|p2a: Miss Friday|Roost|p2a: Miss Friday
|-heal|p2a: Miss Friday|423\/423
|move|p1a: Aggron|Heavy Slam|p2a: Miss Friday
|-damage|p2a: Miss Friday|285\/423
|
|-heal|p2a: Miss Friday|311\/423|[from] item: Leftovers
|turn|29
|
|move|p2a: Miss Friday|Taunt|p1a: Aggron
|-start|p1a: Aggron|move: Taunt
|move|p1a: Aggron|Heavy Slam|p2a: Miss Friday
|-damage|p2a: Miss Friday|185\/423
|
|-heal|p2a: Miss Friday|211\/423|[from] item: Leftovers
|turn|30
|
|switch|p1a: Manaphy|Manaphy|287\/341
|-damage|p1a: Manaphy|245\/341|[from] Stealth Rock
|move|p2a: Miss Friday|Foul Play|p1a: Manaphy
|-damage|p1a: Manaphy|152\/341
|
|-heal|p1a: Manaphy|173\/341|[from] item: Leftovers
|-heal|p2a: Miss Friday|237\/423|[from] item: Leftovers
|turn|31
|
|switch|p2a: Manshelly|Mawile-Mega, M|269\/300
|move|p1a: Manaphy|Surf|p2a: Manshelly
|-damage|p2a: Manshelly|140\/300
|
|-heal|p1a: Manaphy|194\/341|[from] item: Leftovers
|turn|32
|
|move|p2a: Manshelly|Sucker Punch|p1a: Manaphy
|-fail|p1a: Manaphy
|move|p1a: Manaphy|Tail Glow|p1a: Manaphy
|-boost|p1a: Manaphy|spa|3
|
|-heal|p1a: Manaphy|215\/341|[from] item: Leftovers
|turn|33
|
|move|p2a: Manshelly|Sucker Punch|p1a: Manaphy
|-damage|p1a: Manaphy|32\/341
|move|p1a: Manaphy|Surf|p2a: Manshelly
|-damage|p2a: Manshelly|0 fnt
|faint|p2a: Manshelly
|
|-heal|p1a: Manaphy|53\/341|[from] item: Leftovers
|
|switch|p2a: Nissa|Talonflame, F|297\/297
|turn|34
|
|move|p2a: Nissa|U-turn|p1a: Manaphy
|-damage|p1a: Manaphy|0 fnt
|faint|p1a: Manaphy
|
|switch|p2a: Miss Friday|Mandibuzz, F|237\/423
|
|-heal|p2a: Miss Friday|263\/423|[from] item: Leftovers
|
|switch|p1a: Cresselia|Cresselia, F|438\/444
|-damage|p1a: Cresselia|383\/444|[from] Stealth Rock
|turn|35
|
|move|p1a: Cresselia|Toxic|p2a: Miss Friday
|-status|p2a: Miss Friday|tox
|move|p2a: Miss Friday|Taunt|p1a: Cresselia
|-start|p1a: Cresselia|move: Taunt
|
|-heal|p1a: Cresselia|410\/444|[from] item: Leftovers
|-heal|p2a: Miss Friday|289\/423 tox|[from] item: Leftovers
|-damage|p2a: Miss Friday|263\/423 tox|[from] psn
|turn|36
|
|move|p1a: Cresselia|Ice Beam|p2a: Miss Friday
|-supereffective|p2a: Miss Friday
|-damage|p2a: Miss Friday|151\/423 tox
|move|p2a: Miss Friday|Foul Play|p1a: Cresselia
|-supereffective|p1a: Cresselia
|-damage|p1a: Cresselia|324\/444
|
|-heal|p1a: Cresselia|351\/444|[from] item: Leftovers
|-heal|p2a: Miss Friday|177\/423 tox|[from] item: Leftovers
|-damage|p2a: Miss Friday|125\/423 tox|[from] psn
|turn|37
|
|move|p1a: Cresselia|Ice Beam|p2a: Miss Friday
|-supereffective|p2a: Miss Friday
|-damage|p2a: Miss Friday|1\/423 tox
|move|p2a: Miss Friday|Foul Play|p1a: Cresselia
|-supereffective|p1a: Cresselia
|-damage|p1a: Cresselia|249\/444
|
|-heal|p1a: Cresselia|276\/444|[from] item: Leftovers
|-heal|p2a: Miss Friday|27\/423 tox|[from] item: Leftovers
|-damage|p2a: Miss Friday|0 fnt|[from] psn
|faint|p2a: Miss Friday
|
|switch|p2a: Nissa|Talonflame, F|297\/297
|turn|38
|
|move|p2a: Nissa|Brave Bird|p1a: Cresselia
|-damage|p1a: Cresselia|116\/444
|-damage|p2a: Nissa|244\/297|[from] recoil|[of] p1a: Cresselia
|move|p1a: Cresselia|Psychic|p2a: Nissa
|-crit|p2a: Nissa
|-damage|p2a: Nissa|79\/297
|
|-heal|p1a: Cresselia|143\/444|[from] item: Leftovers
|-end|p1a: Cresselia|move: Taunt
|turn|39
|
|move|p2a: Nissa|Brave Bird|p1a: Cresselia
|-damage|p1a: Cresselia|0 fnt
|-damage|p2a: Nissa|32\/297|[from] recoil|[of] p1a: Cresselia
|faint|p1a: Cresselia
|
|
|switch|p1a: Aggron|Aggron-Mega, F|202\/344
|-damage|p1a: Aggron|181\/344|[from] Stealth Rock
|turn|40
|
|switch|p2a: Raigami|Raikou, shiny|145\/321 tox
|-ability|p2a: Raigami|Pressure
|move|p1a: Aggron|Rest|p1a: Aggron
|-status|p1a: Aggron|slp
|-heal|p1a: Aggron|344\/344 slp|[silent]
|-status|p1a: Aggron|slp|[from] move: Rest
|
|-damage|p2a: Raigami|125\/321 tox|[from] psn
|turn|41
|
|move|p2a: Raigami|Volt Switch|p1a: Aggron
|-crit|p1a: Aggron
|-damage|p1a: Aggron|190\/344 slp
|
|switch|p2a: Nissa|Talonflame, F|32\/297
|cant|p1a: Aggron|slp
|move|p1a: Aggron|Sleep Talk|p1a: Aggron
|move|p1a: Aggron|Rest|p1a: Aggron|[from]Sleep Talk
|-fail|p1a: Aggron
|
|turn|42
|
|move|p2a: Nissa|Flare Blitz|p1a: Aggron
|-supereffective|p1a: Aggron
|-damage|p1a: Aggron|24\/344 slp
|-damage|p2a: Nissa|0 fnt|[from] recoil|[of] p1a: Aggron
|faint|p2a: Nissa
|cant|p1a: Aggron|slp
|move|p1a: Aggron|Sleep Talk|p1a: Aggron
|move|p1a: Aggron|Earthquake|p2: Nissa|[from]Sleep Talk|[notarget]
|-notarget
|
|
|switch|p2a: Raigami|Raikou, shiny|125\/321 tox
|-ability|p2a: Raigami|Pressure
|turn|43
|
|move|p2a: Raigami|Thunderbolt|p1a: Aggron
|-damage|p1a: Aggron|0 fnt
|faint|p1a: Aggron
|
|-damage|p2a: Raigami|105\/321 tox|[from] psn
|
|switch|p1a: Suicune|Suicune|403\/403
|-damage|p1a: Suicune|353\/403|[from] Stealth Rock
|-ability|p1a: Suicune|Pressure
|turn|44
|
|move|p2a: Raigami|Thunderbolt|p1a: Suicune
|-supereffective|p1a: Suicune
|-damage|p1a: Suicune|101\/403
|move|p1a: Suicune|Rest|p1a: Suicune
|-status|p1a: Suicune|slp
|-heal|p1a: Suicune|403\/403 slp|[silent]
|-status|p1a: Suicune|slp|[from] move: Rest
|
|-damage|p2a: Raigami|65\/321 tox|[from] psn
|turn|45
|
|move|p2a: Raigami|Thunderbolt|p1a: Suicune
|-supereffective|p1a: Suicune
|-damage|p1a: Suicune|163\/403 slp
|cant|p1a: Suicune|slp
|move|p1a: Suicune|Sleep Talk|p1a: Suicune
|move|p1a: Suicune|Rest|p1a: Suicune|[from]Sleep Talk
|-fail|p1a: Suicune
|
|-heal|p1a: Suicune|188\/403 slp|[from] item: Leftovers
|-damage|p2a: Raigami|5\/321 tox|[from] psn
|turn|46
|
|move|p2a: Raigami|Thunderbolt|p1a: Suicune
|-supereffective|p1a: Suicune
|-damage|p1a: Suicune|0 fnt
|faint|p1a: Suicune
|
|win|Gaet-Kun06
|raw|Ladder updating...
|raw|noobus's rating: 1596 &rarr; <strong>1578<\/strong><br \/>(-18 for losing)
|raw|Gaet-Kun06's rating: 1640 &rarr; <strong>1658<\/strong><br \/>(+18 for winning)
|chat|noobus|gg
|leave|noobus
|player|p1