|join|Tellow
|join|Gaet-Kun06
|player|p1|Tellow|290
|player|p2|Gaet-Kun06|163
|gametype|singles
|gen|6
|tier|OU
|rated
|clearpoke
|poke|p1|Thundurus, M, shiny
|poke|p1|Tyranitar, M, shiny
|poke|p1|Gyarados, M, shiny
|poke|p1|Breloom, F, shiny
|poke|p1|Landorus, M
|poke|p1|Excadrill, M
|poke|p2|Gliscor, F
|poke|p2|Raikou
|poke|p2|Scizor, F
|poke|p2|Kyurem-Black
|poke|p2|Mandibuzz, F
|poke|p2|Talonflame, M
|rule|Swagger Clause: Swagger is banned
|rule|Baton Pass Clause: Limit one PokÃ©mon knowing Baton Pass
|rule|Sleep Clause Mod: Limit one foe put to sleep
|rule|Species Clause: Limit one of each PokÃ©mon
|rule|OHKO Clause: OHKO moves are banned
|rule|Moody Clause: Moody is banned
|rule|Evasion Moves Clause: Evasion moves are banned
|rule|Endless Battle Clause: Forcing endless battles is banned
|rule|HP Percentage Mod: HP is shown in percentages
|teampreview
|
|start
|switch|p1a: Tyranitar|Tyranitar, M, shiny|342\/342
|switch|p2a: Gliscor|Gliscor, F|354\/354
|-weather|Sandstorm
|turn|1
|
|move|p1a: Tyranitar|Ice Punch|p2a: Gliscor
|-supereffective|p2a: Gliscor
|-damage|p2a: Gliscor|86\/354
|move|p2a: Gliscor|Taunt|p1a: Tyranitar
|-start|p1a: Tyranitar|move: Taunt
|
|-weather|Sandstorm|[upkeep]
|-status|p2a: Gliscor|tox|[from] item: Toxic Orb
|turn|2
|
|switch|p2a: Scizor|Scizor, F|301\/301
|move|p1a: Tyranitar|Ice Punch|p2a: Scizor
|-resisted|p2a: Scizor
|-damage|p2a: Scizor|264\/301
|
|-weather|Sandstorm|[upkeep]
|turn|3
|
|switch|p1a: Excadrill|Excadrill, M|362\/362
|-item|p1a: Excadrill|Air Balloon
|detailschange|p2a: Scizor|Scizor-Mega, F
|message|Scizor has Mega Evolved into Mega Scizor!
|move|p2a: Scizor|Knock Off|p1a: Excadrill
|-damage|p1a: Excadrill|158\/362
|-enditem|p1a: Excadrill|Air Balloon
|
|-weather|Sandstorm|[upkeep]
|turn|4
|
|switch|p2a: Gliscor|Gliscor, F|86\/354 tox
|move|p1a: Excadrill|Earthquake|p2a: Gliscor
|-immune|p2a: Gliscor|[msg]
|
|-weather|Sandstorm|[upkeep]
|-heal|p2a: Gliscor|130\/354 tox|[from] ability: Poison Heal
|turn|5
|
|move|p1a: Excadrill|Iron Head|p2a: Gliscor
|-damage|p2a: Gliscor|7\/354 tox
|move|p2a: Gliscor|Stealth Rock|p1a: Excadrill
|-sidestart|p1: Tellow|move: Stealth Rock
|
|-weather|none
|-heal|p2a: Gliscor|51\/354 tox|[from] ability: Poison Heal
|turn|6
|
|switch|p1a: Tyranitar|Tyranitar, M, shiny|342\/342
|-damage|p1a: Tyranitar|300\/342|[from] Stealth Rock
|-weather|Sandstorm
|move|p2a: Gliscor|Earthquake|p1a: Tyranitar
|-supereffective|p1a: Tyranitar
|-damage|p1a: Tyranitar|76\/342
|
|-weather|Sandstorm|[upkeep]
|-heal|p2a: Gliscor|95\/354 tox|[from] ability: Poison Heal
|turn|7
|
|switch|p2a: Scizor|Scizor-Mega, F|264\/301
|move|p1a: Tyranitar|Ice Punch|p2a: Scizor
|-resisted|p2a: Scizor
|-damage|p2a: Scizor|234\/301
|-status|p2a: Scizor|frz
|
|-weather|Sandstorm|[upkeep]
|turn|8
|
|switch|p1a: Excadrill|Excadrill, M|158\/362
|-damage|p1a: Excadrill|147\/362|[from] Stealth Rock
|cant|p2a: Scizor|frz
|
|-weather|Sandstorm|[upkeep]
|turn|9
|
|move|p1a: Excadrill|Iron Head|p2a: Scizor
|-resisted|p2a: Scizor
|-damage|p2a: Scizor|180\/301 frz
|cant|p2a: Scizor|frz
|
|-weather|Sandstorm|[upkeep]
|turn|10
|
|move|p1a: Excadrill|Rapid Spin|p2a: Scizor
|-resisted|p2a: Scizor
|-damage|p2a: Scizor|171\/301 frz
|-sideend|p1: Tellow|Stealth Rock|[from] move: Rapid Spin|[of] p1a: Excadrill
|cant|p2a: Scizor|frz
|
|-weather|none
|turn|11
|c|âGaet-Kun06|fking freez
|
|move|p1a: Excadrill|Earthquake|p2a: Scizor
|-damage|p2a: Scizor|33\/301 frz
|cant|p2a: Scizor|frz
|
|turn|12
|
|switch|p2a: Gliscor|Gliscor, F|95\/354 tox
|move|p1a: Excadrill|Iron Head|p2a: Gliscor
|-crit|p2a: Gliscor
|-damage|p2a: Gliscor|0 fnt
|faint|p2a: Gliscor
|
|
|switch|p2a: Kyurem-Black|Kyurem-Black|391\/391
|-ability|p2a: Kyurem-Black|Teravolt
|turn|13
|
|switch|p1a: Tyranitar|Tyranitar, M, shiny|76\/342
|-weather|Sandstorm
|move|p2a: Kyurem-Black|Ice Beam|p1a: Tyranitar
|-damage|p1a: Tyranitar|0 fnt
|-damage|p2a: Kyurem-Black|352\/391|[from] item: Life Orb
|faint|p1a: Tyranitar
|
|-weather|Sandstorm|[upkeep]
|-damage|p2a: Kyurem-Black|328\/391|[from] sandstorm
|
|switch|p1a: Excadrill|Excadrill, M|147\/362
|turn|14
|c|âGaet-Kun06|say thanks to this freez
|
|switch|p2a: Scizor|Scizor-Mega, F|33\/301 frz
|move|p1a: Excadrill|Swords Dance|p1a: Excadrill
|-boost|p1a: Excadrill|atk|2
|
|-weather|Sandstorm|[upkeep]
|turn|15
|
|cant|p2a: Scizor|frz
|move|p1a: Excadrill|Iron Head|p2a: Scizor
|-resisted|p2a: Scizor
|-damage|p2a: Scizor|0 fnt
|faint|p2a: Scizor
|
|-weather|Sandstorm|[upkeep]
|
|switch|p2a: Mandibuzz|Mandibuzz, F|421\/421
|turn|16
|
|move|p1a: Excadrill|Iron Head|p2a: Mandibuzz
|-damage|p2a: Mandibuzz|184\/421
|cant|p2a: Mandibuzz|flinch
|
|-weather|Sandstorm|[upkeep]
|-heal|p2a: Mandibuzz|210\/421|[from] item: Leftovers
|turn|17
|c|âGaet-Kun06|...
|
|move|p1a: Excadrill|Iron Head|p2a: Mandibuzz
|-crit|p2a: Mandibuzz
|-damage|p2a: Mandibuzz|0 fnt
|faint|p2a: Mandibuzz
|
|-weather|none
|
|switch|p2a: Kyurem-Black|Kyurem-Black|328\/391
|-ability|p2a: Kyurem-Black|Teravolt
|turn|18
|
|move|p2a: Kyurem-Black|Ice Beam|p1a: Excadrill
|-damage|p1a: Excadrill|0 fnt
|-damage|p2a: Kyurem-Black|289\/391|[from] item: Life Orb
|faint|p1a: Excadrill
|
|
|switch|p1a: Breloom|Breloom, F, shiny|262\/262
|turn|19
|
|move|p2a: Kyurem-Black|Ice Beam|p1a: Breloom
|-supereffective|p1a: Breloom
|-enditem|p1a: Breloom|Focus Sash
|-damage|p1a: Breloom|1\/262
|-damage|p2a: Kyurem-Black|250\/391|[from] item: Life Orb
|move|p1a: Breloom|Spore|p2a: Kyurem-Black
|-status|p2a: Kyurem-Black|slp
|
|turn|20
|
|switch|p2a: Talonflame|Talonflame, M|297\/297
|move|p1a: Breloom|Rock Tomb|p2a: Talonflame
|-supereffective|p2a: Talonflame
|-damage|p2a: Talonflame|0 fnt
|faint|p2a: Talonflame
|
|
|switch|p2a: Raikou|Raikou|321\/321
|-ability|p2a: Raikou|Pressure
|turn|21
|
|move|p1a: Breloom|Mach Punch|p2a: Raikou
|-damage|p2a: Raikou|194\/321
|move|p2a: Raikou|Thunderbolt|p1a: Breloom
|-resisted|p1a: Breloom
|-damage|p1a: Breloom|0 fnt
|faint|p1a: Breloom
|
|
|switch|p1a: Landorus|Landorus, M|320\/320
|turn|22
|
|move|p2a: Raikou|Hidden Power|p1a: Landorus
|-supereffective|p1a: Landorus
|-damage|p1a: Landorus|0 fnt
|faint|p1a: Landorus
|
|
|switch|p1a: Thundurus|Thundurus, M, shiny|300\/300
|turn|23
|
|move|p2a: Raikou|Volt Switch|p1a: Thundurus
|-damage|p1a: Thundurus|158\/300
|
|switch|p2a: Kyurem-Black|Kyurem-Black|250\/391 slp
|-ability|p2a: Kyurem-Black|Teravolt
|move|p1a: Thundurus|Focus Blast|p2a: Kyurem-Black|[miss]
|-miss|p1a: Thundurus|p2a: Kyurem-Black
|
|turn|24
|
|move|p1a: Thundurus|Focus Blast|p2a: Kyurem-Black
|-supereffective|p2a: Kyurem-Black
|-damage|p2a: Kyurem-Black|0 fnt
|faint|p2a: Kyurem-Black
|
|
|switch|p2a: Raikou|Raikou|194\/321
|-ability|p2a: Raikou|Pressure
|turn|25
|
|move|p2a: Raikou|Hidden Power|p1a: Thundurus
|-supereffective|p1a: Thundurus
|-damage|p1a: Thundurus|0 fnt
|faint|p1a: Thundurus
|
|
|switch|p1a: Gyarados|Gyarados, M, shiny|332\/332
|-ability|p1a: Gyarados|Intimidate|[of] p2a: Raikou
|-unboost|p2a: Raikou|atk|1
|turn|26
|
|detailschange|p1a: Gyarados|Gyarados-Mega, M, shiny
|message|Gyarados has Mega Evolved into Mega Gyarados!
|-ability|p1a: Gyarados|Mold Breaker
|move|p2a: Raikou|Thunderbolt|p1a: Gyarados
|-supereffective|p1a: Gyarados
|-damage|p1a: Gyarados|84\/332
|move|p1a: Gyarados|Earthquake|p2a: Raikou
|-supereffective|p2a: Raikou
|-damage|p2a: Raikou|0 fnt
|faint|p2a: Raikou
|
|win|Tellow
|raw|Ladder updating...
|raw|Tellow's rating: 1469 &rarr; <strong>1488<\/strong><br \/>(+19 for winning)
|raw|Gaet-Kun06's rating: 1461 &rarr; <strong>1441<\/strong><br \/>(-20 for losing)
|c|âGaet-Kun06|pff
|leave|Gaet-Kun06
|player|p2