|join|Bouboupatachou
|join|Gaet-Kun06
|player|p1|Bouboupatachou|76
|player|p2|Gaet-Kun06|163
|gametype|singles
|gen|6
|tier|OU
|rated
|clearpoke
|poke|p1|Dragonite, F
|poke|p1|Breloom, M
|poke|p1|Porygon-Z
|poke|p1|Espeon, F
|poke|p1|Greninja, F
|poke|p1|Medicham, M
|poke|p2|Charizard, F
|poke|p2|Bisharp, M
|poke|p2|Conkeldurr, M
|poke|p2|Latios, M
|poke|p2|Rotom-Wash
|poke|p2|Skarmory, F
|rule|Swagger Clause: Swagger is banned
|rule|Baton Pass Clause: Limit one PokÃ©mon knowing Baton Pass
|rule|Sleep Clause Mod: Limit one foe put to sleep
|rule|Species Clause: Limit one of each PokÃ©mon
|rule|OHKO Clause: OHKO moves are banned
|rule|Moody Clause: Moody is banned
|rule|Evasion Moves Clause: Evasion moves are banned
|rule|Endless Battle Clause: Forcing endless battles is banned
|rule|HP Percentage Mod: HP is shown in percentages
|teampreview
|
|start
|switch|p1a: Breloom|Breloom, M|262\/262
|switch|p2a: Rotom-Wash|Rotom-Wash|304\/304
|turn|1
|
|move|p1a: Breloom|Spore|p2a: Rotom-Wash
|-status|p2a: Rotom-Wash|slp
|cant|p2a: Rotom-Wash|slp
|
|turn|2
|
|switch|p2a: Skarmory|Skarmory, F|334\/334
|move|p1a: Breloom|Rock Tomb|p2a: Skarmory
|-damage|p2a: Skarmory|269\/334
|-unboost|p2a: Skarmory|spe|1
|
|-heal|p2a: Skarmory|289\/334|[from] item: Leftovers
|turn|3
|
|switch|p1a: Porygon-Z|Porygon-Z|312\/312
|-boost|p1a: Porygon-Z|spa|1|[from] ability: Download
|move|p2a: Skarmory|Brave Bird|p1a: Porygon-Z
|-damage|p1a: Porygon-Z|159\/312
|-damage|p2a: Skarmory|239\/334|[from] recoil|[of] p1a: Porygon-Z
|
|-heal|p2a: Skarmory|259\/334|[from] item: Leftovers
|turn|4
|
|switch|p2a: Rotom-Wash|Rotom-Wash|304\/304 slp
|move|p1a: Porygon-Z|Shadow Ball|p2a: Rotom-Wash
|-damage|p2a: Rotom-Wash|207\/304 slp
|-unboost|p2a: Rotom-Wash|spd|1
|
|-heal|p2a: Rotom-Wash|226\/304 slp|[from] item: Leftovers
|turn|5
|
|switch|p2a: Conkeldurr|Conkeldurr, M|362\/362
|move|p1a: Porygon-Z|Shadow Ball|p2a: Conkeldurr
|-damage|p2a: Conkeldurr|260\/362
|
|turn|6
|
|switch|p1a: Espeon|Espeon, F|272\/272
|move|p2a: Conkeldurr|Mach Punch|p1a: Espeon
|-resisted|p1a: Espeon
|-damage|p1a: Espeon|206\/272
|
|turn|7
|
|switch|p2a: Bisharp|Bisharp, M|272\/272
|move|p1a: Espeon|Psyshock|p2a: Bisharp
|-immune|p2a: Bisharp|[msg]
|
|turn|8
|
|switch|p1a: Breloom|Breloom, M|262\/262
|move|p2a: Bisharp|Knock Off|p1a: Breloom
|-resisted|p1a: Breloom
|-damage|p1a: Breloom|110\/262
|-enditem|p1a: Breloom|Focus Sash|[from] move: Knock Off|[of] p2a: Bisharp
|-damage|p2a: Bisharp|245\/272|[from] item: Life Orb
|
|turn|9
|
|switch|p2a: Skarmory|Skarmory, F|259\/334
|move|p1a: Breloom|Mach Punch|p2a: Skarmory
|-damage|p2a: Skarmory|189\/334
|
|-heal|p2a: Skarmory|209\/334|[from] item: Leftovers
|turn|10
|
|move|p1a: Breloom|Mach Punch|p2a: Skarmory
|-damage|p2a: Skarmory|136\/334
|move|p2a: Skarmory|Brave Bird|p1a: Breloom
|-supereffective|p1a: Breloom
|-damage|p1a: Breloom|0 fnt
|-damage|p2a: Skarmory|100\/334|[from] recoil|[of] p1a: Breloom
|faint|p1a: Breloom
|
|-heal|p2a: Skarmory|120\/334|[from] item: Leftovers
|
|switch|p1a: Greninja|Greninja, F|286\/286
|turn|11
|
|switch|p2a: Rotom-Wash|Rotom-Wash|226\/304 slp
|move|p1a: Greninja|Power-Up Punch|p2a: Rotom-Wash
|-start|p1a: Greninja|typechange|Fighting|[from] Protean
|-damage|p2a: Rotom-Wash|160\/304 slp
|-boost|p1a: Greninja|atk|1
|-damage|p1a: Greninja|258\/286|[from] item: Life Orb
|
|-heal|p2a: Rotom-Wash|179\/304 slp|[from] item: Leftovers
|turn|12
|
|move|p1a: Greninja|Power-Up Punch|p2a: Rotom-Wash
|-damage|p2a: Rotom-Wash|80\/304 slp
|-boost|p1a: Greninja|atk|1
|-damage|p1a: Greninja|230\/286|[from] item: Life Orb
|cant|p2a: Rotom-Wash|slp
|
|-heal|p2a: Rotom-Wash|99\/304 slp|[from] item: Leftovers
|turn|13
|
|move|p1a: Greninja|Power-Up Punch|p2a: Rotom-Wash
|-damage|p2a: Rotom-Wash|0 fnt
|-boost|p1a: Greninja|atk|1
|-damage|p1a: Greninja|202\/286|[from] item: Life Orb
|faint|p2a: Rotom-Wash
|
|
|switch|p2a: Skarmory|Skarmory, F|120\/334
|turn|14
|
|move|p1a: Greninja|Waterfall|p2a: Skarmory
|-start|p1a: Greninja|typechange|Water|[from] Protean
|-damage|p2a: Skarmory|0 fnt
|-damage|p1a: Greninja|174\/286|[from] item: Life Orb
|faint|p2a: Skarmory
|
|
|switch|p2a: Bisharp|Bisharp, M|245\/272
|turn|15
|
|move|p1a: Greninja|Shadow Sneak|p2a: Bisharp
|-start|p1a: Greninja|typechange|Ghost|[from] Protean
|-resisted|p2a: Bisharp
|-damage|p2a: Bisharp|155\/272
|-damage|p1a: Greninja|146\/286|[from] item: Life Orb
|move|p2a: Bisharp|Sucker Punch|p1a: Greninja
|-fail|p1a: Greninja
|
|turn|16
|
|move|p1a: Greninja|Power-Up Punch|p2a: Bisharp
|-start|p1a: Greninja|typechange|Fighting|[from] Protean
|-supereffective|p2a: Bisharp
|-damage|p2a: Bisharp|0 fnt
|-boost|p1a: Greninja|atk|1
|-damage|p1a: Greninja|118\/286|[from] item: Life Orb
|faint|p2a: Bisharp
|
|
|switch|p2a: Conkeldurr|Conkeldurr, M|260\/362
|turn|17
|
|move|p1a: Greninja|Shadow Sneak|p2a: Conkeldurr
|-start|p1a: Greninja|typechange|Ghost|[from] Protean
|-damage|p2a: Conkeldurr|46\/362
|-damage|p1a: Greninja|90\/286|[from] item: Life Orb
|move|p2a: Conkeldurr|Mach Punch|p1a: Greninja
|-immune|p1a: Greninja|[msg]
|
|turn|18
|
|move|p1a: Greninja|Shadow Sneak|p2a: Conkeldurr
|-damage|p2a: Conkeldurr|0 fnt
|-damage|p1a: Greninja|62\/286|[from] item: Life Orb
|faint|p2a: Conkeldurr
|
|
|switch|p2a: Latios|Latios, M|301\/301
|turn|19
|
|move|p1a: Greninja|Shadow Sneak|p2a: Latios
|-supereffective|p2a: Latios
|-damage|p2a: Latios|0 fnt
|-damage|p1a: Greninja|34\/286|[from] item: Life Orb
|faint|p2a: Latios
|
|
|switch|p2a: Charizard|Charizard, F|333\/333
|turn|20
|
|detailschange|p2a: Charizard|Charizard-Mega-X, F
|message|Charizard has Mega Evolved into Mega Charizard!
|move|p1a: Greninja|Waterfall|p2a: Charizard
|-start|p1a: Greninja|typechange|Water|[from] Protean
|-damage|p2a: Charizard|0 fnt
|-damage|p1a: Greninja|6\/286|[from] item: Life Orb
|faint|p2a: Charizard
|
|win|Bouboupatachou
|raw|Ladder updating...
|raw|Bouboupatachou's rating: 1477 &rarr; <strong>1497<\/strong><br \/>(+20 for winning)
|raw|Gaet-Kun06's rating: 1474 &rarr; <strong>1454<\/strong><br \/>(-20 for losing)
|c|âBouboupatachou|gg
|leave|Gaet-Kun06
|player|p2