|join|Cobb
|join|Gaet-Kun06
|player|p1|Cobb|101
|player|p2|Gaet-Kun06|163
|gametype|singles
|gen|6
|tier|OU
|rated
|clearpoke
|poke|p1|Azumarill, M
|poke|p1|Medicham, M
|poke|p1|Heatran, F
|poke|p1|Thundurus, M
|poke|p1|Landorus, M
|poke|p1|Greninja, M
|poke|p2|Azumarill, F
|poke|p2|Charizard, M
|poke|p2|Landorus, M
|poke|p2|Skarmory, F
|poke|p2|Latias, F
|poke|p2|Thundurus, M
|rule|Swagger Clause: Swagger is banned
|rule|Baton Pass Clause: Limit one PokÃ©mon knowing Baton Pass
|rule|Sleep Clause Mod: Limit one foe put to sleep
|rule|Species Clause: Limit one of each PokÃ©mon
|rule|OHKO Clause: OHKO moves are banned
|rule|Moody Clause: Moody is banned
|rule|Evasion Moves Clause: Evasion moves are banned
|rule|Endless Battle Clause: Forcing endless battles is banned
|rule|HP Percentage Mod: HP is shown in percentages
|teampreview
|
|start
|switch|p1a: Thundurus|Thundurus, M|300\/300
|switch|p2a: Thundurus|Thundurus, M|299\/299
|turn|1
|
|switch|p2a: Latias|Latias, F|331\/331
|move|p1a: Thundurus|Thunderbolt|p2a: Latias
|-crit|p2a: Latias
|-resisted|p2a: Latias
|-damage|p2a: Latias|215\/331
|-status|p2a: Latias|par
|-damage|p1a: Thundurus|270\/300|[from] item: Life Orb
|
|-heal|p2a: Latias|235\/331 par|[from] item: Leftovers
|turn|2
|join|molag bhaal
|
|switch|p1a: Azumarill|Azumarill, M|404\/404
|switch|p2a: Azumarill|Azumarill, F|401\/401
|
|turn|3
|
|move|p1a: Azumarill|Belly Drum|p1a: Azumarill
|-damage|p1a: Azumarill|202\/404
|-setboost|p1a: Azumarill|atk|6|[from] move: Belly Drum
|-enditem|p1a: Azumarill|Sitrus Berry|[eat]
|-heal|p1a: Azumarill|303\/404|[from] item: Sitrus Berry
|move|p2a: Azumarill|Knock Off|p1a: Azumarill
|-resisted|p1a: Azumarill
|-damage|p1a: Azumarill|246\/404
|
|turn|4
|
|move|p1a: Azumarill|Play Rough|p2a: Azumarill
|-damage|p2a: Azumarill|0 fnt
|faint|p2a: Azumarill
|
|
|switch|p2a: Skarmory|Skarmory, F|334\/334
|turn|5
|
|move|p1a: Azumarill|Aqua Jet|p2a: Skarmory
|-crit|p2a: Skarmory
|-damage|p2a: Skarmory|34\/334
|move|p2a: Skarmory|Whirlwind|p1a: Azumarill
|drag|p1a: Medicham|Medicham, M|261\/261
|
|-heal|p2a: Skarmory|54\/334|[from] item: Leftovers
|turn|6
|
|detailschange|p1a: Medicham|Medicham-Mega, M
|message|Medicham has Mega Evolved into Mega Medicham!
|move|p1a: Medicham|Ice Punch|p2a: Skarmory
|-damage|p2a: Skarmory|0 fnt
|faint|p2a: Skarmory
|
|
|switch|p2a: Landorus|Landorus, M|319\/319
|turn|7
|
|move|p2a: Landorus|Knock Off|p1a: Medicham
|-damage|p1a: Medicham|164\/261
|-damage|p2a: Landorus|288\/319|[from] item: Life Orb
|move|p1a: Medicham|Ice Punch|p2a: Landorus
|-supereffective|p2a: Landorus
|-damage|p2a: Landorus|0 fnt
|faint|p2a: Landorus
|
|-message|Gaet-Kun06 forfeited.
|
|win|Cobb
|raw|Ladder updating...
|raw|Cobb's rating: 1546 &rarr; <strong>1568<\/strong><br \/>(+22 for winning)
|raw|Gaet-Kun06's rating: 1593 &rarr; <strong>1570<\/strong><br \/>(-23 for losing)
|leave|Gaet-Kun06
|player|p2