|join|HollowHead
|join|Gaet-Kun06
|player|p1|HollowHead|266
|player|p2|Gaet-Kun06|163
|gametype|singles
|gen|6
|tier|OU
|rated
|clearpoke
|poke|p1|Whimsicott, F, shiny
|poke|p1|Heatran, M
|poke|p1|Gyarados, M
|poke|p1|Zapdos
|poke|p1|Excadrill, F
|poke|p1|Latias, F
|poke|p2|Aegislash, M, shiny
|poke|p2|Charizard, F
|poke|p2|Ferrothorn, F
|poke|p2|Latias, F
|poke|p2|Greninja, F, shiny
|poke|p2|Landorus-Therian, M
|rule|Sleep Clause Mod: Limit one foe put to sleep
|rule|Species Clause: Limit one of each Pokemon
|rule|OHKO Clause: OHKO moves are banned
|rule|Moody Clause: Moody is banned
|rule|Evasion Moves Clause: Evasion moves are banned
|rule|Endless Battle Clause: Forcing endless battles is banned.
|rule|HP Percentage Mod: HP is reported as percentages
|teampreview
|
|start
|switch|p1a: Gyarados|Gyarados, M|393\/393
|switch|p2a: Landorus-Therian|Landorus-Therian, M|368\/368
|-ability|p2a: Landorus-Therian|Intimidate|[of] p1a: Gyarados
|-unboost|p1a: Gyarados|atk|1
|-ability|p1a: Gyarados|Intimidate|[of] p2a: Landorus-Therian
|-unboost|p2a: Landorus-Therian|atk|1
|turn|1
|
|switch|p1a: Zapdos|Zapdos|384\/384
|-ability|p1a: Zapdos|Pressure
|move|p2a: Landorus-Therian|U-turn|p1a: Zapdos
|-resisted|p1a: Zapdos
|-damage|p1a: Zapdos|350\/384
|
|switch|p2a: Tenshi|Latias, F|364\/364
|
|-heal|p1a: Zapdos|374\/384|[from] item: Leftovers
|turn|2
|
|switch|p1a: Whimsicott|Whimsicott, F, shiny|324\/324
|move|p2a: Tenshi|Dragon Pulse|p1a: Whimsicott
|-immune|p1a: Whimsicott|[msg]
|
|turn|3
|
|switch|p2a: Pop#Green|Ferrothorn, F|352\/352
|move|p1a: Whimsicott|Encore|p2a: Pop#Green
|-fail|p2a: Pop#Green
|
|turn|4
|
|switch|p1a: Heatran|Heatran, M|386\/386
|move|p2a: Pop#Green|Stealth Rock|p1a: Heatran
|-sidestart|p1: HollowHead|move: Stealth Rock
|
|turn|5
|
|switch|p2a: Tenshi|Latias, F|364\/364
|move|p1a: Heatran|Stealth Rock|p2a: Tenshi
|-sidestart|p2: Gaet-Kun06|move: Stealth Rock
|
|turn|6
|
|move|p2a: Tenshi|Dragon Pulse|p1a: Heatran
|-resisted|p1a: Heatran
|-damage|p1a: Heatran|350\/386
|move|p1a: Heatran|Roar|p2a: Tenshi
|drag|p2a: Pop#Green|Ferrothorn, F|352\/352
|-damage|p2a: Pop#Green|330\/352|[from] Stealth Rock
|
|-heal|p1a: Heatran|374\/386|[from] item: Leftovers
|-heal|p2a: Pop#Green|352\/352|[from] item: Leftovers
|turn|7
|
|switch|p2a: Landorus-Therian|Landorus-Therian, M|368\/368
|-damage|p2a: Landorus-Therian|322\/368|[from] Stealth Rock
|-ability|p2a: Landorus-Therian|Intimidate|[of] p1a: Heatran
|-unboost|p1a: Heatran|atk|1
|move|p1a: Heatran|Lava Plume|p2a: Landorus-Therian
|-damage|p2a: Landorus-Therian|181\/368
|
|-heal|p2a: Landorus-Therian|204\/368|[from] item: Leftovers
|-heal|p1a: Heatran|386\/386|[from] item: Leftovers
|turn|8
|
|switch|p1a: Whimsicott|Whimsicott, F, shiny|324\/324
|-damage|p1a: Whimsicott|284\/324|[from] Stealth Rock
|move|p2a: Landorus-Therian|Rock Slide|p1a: Whimsicott
|-damage|p1a: Whimsicott|207\/324
|
|-heal|p1a: Whimsicott|227\/324|[from] item: Leftovers
|-heal|p2a: Landorus-Therian|227\/368|[from] item: Leftovers
|turn|9
|
|switch|p1a: Heatran|Heatran, M|386\/386
|-damage|p1a: Heatran|338\/386|[from] Stealth Rock
|move|p2a: Landorus-Therian|Knock Off|p1a: Heatran
|-damage|p1a: Heatran|210\/386
|-enditem|p1a: Heatran|Leftovers|[from] move: Knock Off|[of] p2a: Landorus-Therian
|
|-heal|p2a: Landorus-Therian|250\/368|[from] item: Leftovers
|turn|10
|
|move|p2a: Landorus-Therian|Earthquake|p1a: Heatran
|-supereffective|p1a: Heatran
|-damage|p1a: Heatran|0 fnt
|faint|p1a: Heatran
|
|-heal|p2a: Landorus-Therian|273\/368|[from] item: Leftovers
|
|switch|p1a: Gyarados|Gyarados, M|393\/393
|-damage|p1a: Gyarados|295\/393|[from] Stealth Rock
|-ability|p1a: Gyarados|Intimidate|[of] p2a: Landorus-Therian
|-unboost|p2a: Landorus-Therian|atk|1
|turn|11
|
|switch|p2a: Pop#Green|Ferrothorn, F|352\/352
|-damage|p2a: Pop#Green|330\/352|[from] Stealth Rock
|move|p1a: Gyarados|Dragon Dance|p1a: Gyarados
|-boost|p1a: Gyarados|atk|1
|-boost|p1a: Gyarados|spe|1
|
|-heal|p2a: Pop#Green|352\/352|[from] item: Leftovers
|turn|12
|
|move|p1a: Gyarados|Substitute|p1a: Gyarados
|-start|p1a: Gyarados|Substitute
|-damage|p1a: Gyarados|197\/393
|move|p2a: Pop#Green|Leech Seed|p1a: Gyarados
|
|turn|13
|
|move|p1a: Gyarados|Dragon Dance|p1a: Gyarados
|-boost|p1a: Gyarados|atk|1
|-boost|p1a: Gyarados|spe|1
|move|p2a: Pop#Green|Power Whip|p1a: Gyarados|[miss]
|-miss|p2a: Pop#Green|p1a: Gyarados
|
|turn|14
|
|move|p1a: Gyarados|Dragon Dance|p1a: Gyarados
|-boost|p1a: Gyarados|atk|1
|-boost|p1a: Gyarados|spe|1
|move|p2a: Pop#Green|Power Whip|p1a: Gyarados
|-end|p1a: Gyarados|Substitute
|
|turn|15
|
|move|p1a: Gyarados|Substitute|p1a: Gyarados
|-start|p1a: Gyarados|Substitute
|-damage|p1a: Gyarados|99\/393
|move|p2a: Pop#Green|Power Whip|p1a: Gyarados
|-end|p1a: Gyarados|Substitute
|
|turn|16
|
|-formechange|p1a: Gyarados|Gyarados-Mega
|message|Gyarados has Mega Evolved into Mega Gyarados!
|-ability|p1a: Gyarados|Mold Breaker
|move|p1a: Gyarados|Earthquake|p2a: Pop#Green
|-damage|p2a: Pop#Green|84\/352
|move|p2a: Pop#Green|Power Whip|p1a: Gyarados
|-supereffective|p1a: Gyarados
|-damage|p1a: Gyarados|0 fnt
|faint|p1a: Gyarados
|
|-heal|p2a: Pop#Green|106\/352|[from] item: Leftovers
|
|switch|p1a: Excadrill|Excadrill, F|362\/362
|-damage|p1a: Excadrill|351\/362|[from] Stealth Rock
|-ability|p1a: Excadrill|Mold Breaker
|turn|17
|
|move|p2a: Pop#Green|Protect|p2a: Pop#Green
|-singleturn|p2a: Pop#Green|Protect
|move|p1a: Excadrill|Earthquake|p2a: Pop#Green
|-activate|p2a: Pop#Green|Protect
|
|-heal|p2a: Pop#Green|128\/352|[from] item: Leftovers
|turn|18
|
|switch|p2a: Landorus-Therian|Landorus-Therian, M|273\/368
|-damage|p2a: Landorus-Therian|227\/368|[from] Stealth Rock
|-ability|p2a: Landorus-Therian|Intimidate|[of] p1a: Excadrill
|-unboost|p1a: Excadrill|atk|1
|move|p1a: Excadrill|Earthquake|p2a: Landorus-Therian
|-immune|p2a: Landorus-Therian|[msg]
|
|-heal|p2a: Landorus-Therian|250\/368|[from] item: Leftovers
|turn|19
|-message|HollowHead forfeited.
|
|win|Gaet-Kun06
|raw|Ladder updating...
|leave|HollowHead
|player|p1