|join|raisinbrand
|join|Gaet-Kun06
|player|p1|raisinbrand|269
|player|p2|Gaet-Kun06|163
|gametype|singles
|gen|6
|tier|OU
|rated
|clearpoke
|poke|p1|Kyurem-Black
|poke|p1|Mandibuzz, F
|poke|p1|Blissey, F
|poke|p1|Mawile, F
|poke|p1|Victini
|poke|p1|Keldeo
|poke|p2|Mawile, M, shiny
|poke|p2|Rotom-Wash
|poke|p2|Landorus-Therian, M
|poke|p2|Latias, F, shiny
|poke|p2|Ferrothorn, F
|poke|p2|Infernape, M
|rule|Sleep Clause Mod: Limit one foe put to sleep
|rule|Species Clause: Limit one of each Pokemon
|rule|OHKO Clause: OHKO moves are banned
|rule|Moody Clause: Moody is banned
|rule|Evasion Moves Clause: Evasion moves are banned
|rule|Endless Battle Clause: Forcing endless battles is banned.
|rule|HP Percentage Mod: HP is reported as percentages
|teampreview
|
|start
|switch|p1a: Victini|Victini|342\/342
|switch|p2a: Tetsutori|Landorus-Therian, M|319\/319
|-ability|p2a: Tetsutori|Intimidate|[of] p1a: Victini
|-unboost|p1a: Victini|atk|1
|turn|1
|
|switch|p1a: Mandibuzz|Mandibuzz, F|424\/424
|move|p2a: Tetsutori|Knock Off|p1a: Mandibuzz
|-resisted|p1a: Mandibuzz
|-damage|p1a: Mandibuzz|380\/424
|-enditem|p1a: Mandibuzz|Leftovers|[from] move: Knock Off|[of] p2a: Tetsutori
|
|turn|2
|
|switch|p2a: Pica|Rotom-Wash|304\/304
|move|p1a: Mandibuzz|Knock Off|p2a: Pica
|-damage|p2a: Pica|253\/304
|-enditem|p2a: Pica|Chesto Berry|[from] move: Knock Off|[of] p1a: Mandibuzz
|
|turn|3
|
|switch|p1a: Blissey|Blissey, F|714\/714
|move|p2a: Pica|Will-O-Wisp|p1a: Blissey
|-status|p1a: Blissey|brn
|
|-damage|p1a: Blissey|625\/714 brn|[from] brn
|turn|4
|
|move|p2a: Pica|Volt Switch|p1a: Blissey
|-damage|p1a: Blissey|555\/714 brn
|
|switch|p2a: Tar|Ferrothorn, F|352\/352
|move|p1a: Blissey|Seismic Toss|p2a: Tar
|-damage|p2a: Tar|252\/352
|-damage|p1a: Blissey|466\/714 brn|[from] ability: Iron Barbs|[of] p2a: Tar
|
|-heal|p1a: Blissey|510\/714 brn|[from] item: Leftovers
|-heal|p2a: Tar|274\/352|[from] item: Leftovers
|-damage|p1a: Blissey|421\/714 brn|[from] brn
|turn|5
|
|move|p1a: Blissey|Flamethrower|p2a: Tar
|-supereffective|p2a: Tar
|-damage|p2a: Tar|90\/352
|move|p2a: Tar|Leech Seed|p1a: Blissey
|-start|p1a: Blissey|move: Leech Seed
|
|-heal|p1a: Blissey|465\/714 brn|[from] item: Leftovers
|-heal|p2a: Tar|112\/352|[from] item: Leftovers
|-damage|p1a: Blissey|376\/714 brn|[from] Leech Seed|[of] p2a: Tar
|-heal|p2a: Tar|201\/352|[silent]
|-damage|p1a: Blissey|287\/714 brn|[from] brn
|turn|6
|
|switch|p1a: Keldeo|Keldeo|324\/324
|move|p2a: Tar|Protect|p2a: Tar
|-fail|p2a: Tar
|
|-heal|p2a: Tar|223\/352|[from] item: Leftovers
|turn|7
|
|switch|p2a: terian|Latias, F, shiny|364\/364
|move|p1a: Keldeo|Secret Sword|p2a: terian
|-resisted|p2a: terian
|-damage|p2a: terian|247\/364
|
|-heal|p2a: terian|269\/364|[from] item: Leftovers
|turn|8
|
|switch|p1a: Mawile|Mawile, F|304\/304
|-ability|p1a: Mawile|Intimidate|[of] p2a: terian
|-unboost|p2a: terian|atk|1
|move|p2a: terian|Psyshock|p1a: Mawile
|-resisted|p1a: Mawile
|-damage|p1a: Mawile|235\/304
|
|-heal|p2a: terian|291\/364|[from] item: Leftovers
|turn|9
|
|switch|p2a: Pica|Rotom-Wash|253\/304
|-formechange|p1a: Mawile|Mawile-Mega
|message|Mawile has Mega Evolved into Mega Mawile!
|move|p1a: Mawile|Fire Fang|p2a: Pica
|-resisted|p2a: Pica
|-damage|p2a: Pica|201\/304
|
|turn|10
|
|switch|p1a: Blissey|Blissey, F|287\/714
|move|p2a: Pica|Will-O-Wisp|p1a: Blissey|[miss]
|-miss|p2a: Pica|p1a: Blissey
|
|-heal|p1a: Blissey|331\/714|[from] item: Leftovers
|turn|11
|
|move|p2a: Pica|Volt Switch|p1a: Blissey
|-damage|p1a: Blissey|268\/714
|
|switch|p2a: Tar|Ferrothorn, F|223\/352
|move|p1a: Blissey|Soft-Boiled|p1a: Blissey
|-heal|p1a: Blissey|625\/714
|
|-heal|p1a: Blissey|669\/714|[from] item: Leftovers
|-heal|p2a: Tar|245\/352|[from] item: Leftovers
|turn|12
|
|switch|p2a: CybÃ¨le|Infernape, M|293\/293
|move|p1a: Blissey|Thunder Wave|p2a: CybÃ¨le
|-status|p2a: CybÃ¨le|par
|
|-heal|p1a: Blissey|713\/714|[from] item: Leftovers
|turn|13
|
|switch|p1a: Mandibuzz|Mandibuzz, F|380\/424
|move|p2a: CybÃ¨le|Close Combat|p1a: Mandibuzz
|-damage|p1a: Mandibuzz|203\/424
|-unboost|p2a: CybÃ¨le|def|1
|-unboost|p2a: CybÃ¨le|spd|1
|-damage|p2a: CybÃ¨le|264\/293 par|[from] item: Life Orb
|
|turn|14
|
|switch|p2a: Tar|Ferrothorn, F|245\/352
|move|p1a: Mandibuzz|Roost|p1a: Mandibuzz
|-heal|p1a: Mandibuzz|415\/424
|
|-heal|p2a: Tar|267\/352|[from] item: Leftovers
|turn|15
|
|move|p1a: Mandibuzz|Knock Off|p2a: Tar
|-damage|p2a: Tar|212\/352
|-damage|p1a: Mandibuzz|362\/424|[from] ability: Iron Barbs|[of] p2a: Tar
|-enditem|p2a: Tar|Leftovers|[from] move: Knock Off|[of] p1a: Mandibuzz
|move|p2a: Tar|Stealth Rock|p1a: Mandibuzz
|-sidestart|p1: raisinbrand|move: Stealth Rock
|
|turn|16
|
|move|p1a: Mandibuzz|Defog|p2a: Tar
|-unboost|p2a: Tar|evasion|1
|-sideend|p1: raisinbrand|Stealth Rock|[from] move: Defog|[of] p1a: Mandibuzz
|move|p2a: Tar|Leech Seed|p1a: Mandibuzz
|-start|p1a: Mandibuzz|move: Leech Seed
|
|-damage|p1a: Mandibuzz|309\/424|[from] Leech Seed|[of] p2a: Tar
|-heal|p2a: Tar|265\/352|[silent]
|turn|17
|
|switch|p1a: Keldeo|Keldeo|324\/324
|move|p2a: Tar|Stealth Rock|p1a: Keldeo
|-sidestart|p1: raisinbrand|move: Stealth Rock
|
|turn|18
|
|switch|p2a: terian|Latias, F, shiny|291\/364
|move|p1a: Keldeo|Icy Wind|p2a: terian
|-supereffective|p2a: terian
|-damage|p2a: terian|147\/364
|-unboost|p2a: terian|spe|1
|
|-heal|p2a: terian|169\/364|[from] item: Leftovers
|turn|19
|
|switch|p1a: Mawile|Mawile, F|235\/304
|-formechange|p1a: Mawile|Mawile-Mega
|-damage|p1a: Mawile|216\/304|[from] Stealth Rock
|move|p2a: terian|Recover|p2a: terian
|-heal|p2a: terian|351\/364
|
|-heal|p2a: terian|364\/364|[from] item: Leftovers
|turn|20
|
|switch|p2a: Pica|Rotom-Wash|201\/304
|move|p1a: Mawile|Play Rough|p2a: Pica
|-damage|p2a: Pica|0 fnt
|faint|p2a: Pica
|
|
|switch|p2a: Tetsutori|Landorus-Therian, M|319\/319
|-ability|p2a: Tetsutori|Intimidate|[of] p1a: Mawile
|-unboost|p1a: Mawile|atk|1
|turn|21
|
|switch|p1a: Mandibuzz|Mandibuzz, F|309\/424
|-damage|p1a: Mandibuzz|203\/424|[from] Stealth Rock
|move|p2a: Tetsutori|U-turn|p1a: Mandibuzz
|-damage|p1a: Mandibuzz|134\/424
|
|switch|p2a: Fujikiba|Mawile, M, shiny|304\/304
|-ability|p2a: Fujikiba|Intimidate|[of] p1a: Mandibuzz
|-unboost|p1a: Mandibuzz|atk|1
|
|turn|22
|
|-formechange|p2a: Fujikiba|Mawile-Mega
|message|Mawile has Mega Evolved into Mega Mawile!
|move|p1a: Mandibuzz|Defog|p2a: Fujikiba
|-unboost|p2a: Fujikiba|evasion|1
|-sideend|p1: raisinbrand|Stealth Rock|[from] move: Defog|[of] p1a: Mandibuzz
|move|p2a: Fujikiba|Play Rough|p1a: Mandibuzz
|-supereffective|p1a: Mandibuzz
|-damage|p1a: Mandibuzz|0 fnt
|faint|p1a: Mandibuzz
|
|
|switch|p1a: Kyurem-Black|Kyurem-Black|392\/392
|-ability|p1a: Kyurem-Black|Teravolt
|turn|23
|
|move|p1a: Kyurem-Black|Earth Power|p2a: Fujikiba
|-supereffective|p2a: Fujikiba
|-damage|p2a: Fujikiba|88\/304
|move|p2a: Fujikiba|Play Rough|p1a: Kyurem-Black|[miss]
|-miss|p2a: Fujikiba|p1a: Kyurem-Black
|
|turn|24
|
|switch|p2a: Tetsutori|Landorus-Therian, M|319\/319
|-ability|p2a: Tetsutori|Intimidate|[of] p1a: Kyurem-Black
|-unboost|p1a: Kyurem-Black|atk|1
|move|p1a: Kyurem-Black|Earth Power|p2a: Tetsutori
|-immune|p2a: Tetsutori|[msg]
|
|turn|25
|
|switch|p1a: Keldeo|Keldeo|324\/324
|move|p2a: Tetsutori|U-turn|p1a: Keldeo
|-resisted|p1a: Keldeo
|-damage|p1a: Keldeo|274\/324
|
|switch|p2a: terian|Latias, F, shiny|364\/364
|
|turn|26
|
|switch|p1a: Mawile|Mawile, F|216\/304
|-formechange|p1a: Mawile|Mawile-Mega
|switch|p2a: Tetsutori|Landorus-Therian, M|319\/319
|-ability|p2a: Tetsutori|Intimidate|[of] p1a: Mawile
|-unboost|p1a: Mawile|atk|1
|
|turn|27
|
|switch|p1a: Keldeo|Keldeo|274\/324
|move|p2a: Tetsutori|Earthquake|p1a: Keldeo
|-damage|p1a: Keldeo|36\/324
|
|turn|28
|
|move|p2a: Tetsutori|Earthquake|p1a: Keldeo
|-damage|p1a: Keldeo|0 fnt
|faint|p1a: Keldeo
|
|
|switch|p1a: Kyurem-Black|Kyurem-Black|392\/392
|-ability|p1a: Kyurem-Black|Teravolt
|turn|29
|
|switch|p2a: Tar|Ferrothorn, F|265\/352
|move|p1a: Kyurem-Black|Ice Beam|p2a: Tar
|-damage|p2a: Tar|133\/352
|
|turn|30
|
|move|p1a: Kyurem-Black|Ice Beam|p2a: Tar
|-crit|p2a: Tar
|-damage|p2a: Tar|0 fnt
|faint|p2a: Tar
|
|
|switch|p2a: terian|Latias, F, shiny|364\/364
|turn|31
|
|move|p1a: Kyurem-Black|Ice Beam|p2a: terian
|-supereffective|p2a: terian
|-damage|p2a: terian|106\/364
|move|p2a: terian|Dragon Pulse|p1a: Kyurem-Black
|-supereffective|p1a: Kyurem-Black
|-damage|p1a: Kyurem-Black|122\/392
|
|-heal|p2a: terian|128\/364|[from] item: Leftovers
|turn|32
|
|move|p1a: Kyurem-Black|Ice Beam|p2a: terian
|-supereffective|p2a: terian
|-damage|p2a: terian|0 fnt
|faint|p2a: terian
|
|
|switch|p2a: Tetsutori|Landorus-Therian, M|319\/319
|-ability|p2a: Tetsutori|Intimidate|[of] p1a: Kyurem-Black
|-unboost|p1a: Kyurem-Black|atk|1
|turn|33
|
|move|p1a: Kyurem-Black|Ice Beam|p2a: Tetsutori
|-supereffective|p2a: Tetsutori
|-damage|p2a: Tetsutori|0 fnt
|faint|p2a: Tetsutori
|
|
|switch|p2a: Fujikiba|Mawile, M, shiny|88\/304
|-formechange|p2a: Fujikiba|Mawile-Mega
|turn|34
|
|switch|p1a: Blissey|Blissey, F|713\/714
|move|p2a: Fujikiba|Fire Fang|p1a: Blissey
|-damage|p1a: Blissey|453\/714
|
|-heal|p1a: Blissey|497\/714|[from] item: Leftovers
|turn|35
|
|move|p1a: Blissey|Flamethrower|p2a: Fujikiba
|-supereffective|p2a: Fujikiba
|-damage|p2a: Fujikiba|0 fnt
|faint|p2a: Fujikiba
|
|-heal|p1a: Blissey|541\/714|[from] item: Leftovers
|
|switch|p2a: CybÃ¨le|Infernape, M|264\/293 par
|turn|36
|
|move|p1a: Blissey|Seismic Toss|p2a: CybÃ¨le
|-damage|p2a: CybÃ¨le|164\/293 par
|move|p2a: CybÃ¨le|Close Combat|p1a: Blissey
|-supereffective|p1a: Blissey
|-damage|p1a: Blissey|0 fnt
|-unboost|p2a: CybÃ¨le|def|1
|-unboost|p2a: CybÃ¨le|spd|1
|-damage|p2a: CybÃ¨le|135\/293 par|[from] item: Life Orb
|faint|p1a: Blissey
|
|
|switch|p1a: Victini|Victini|342\/342
|turn|37
|
|move|p1a: Victini|V-create|p2a: CybÃ¨le
|-resisted|p2a: CybÃ¨le
|-damage|p2a: CybÃ¨le|0 fnt
|-unboost|p1a: Victini|def|1
|-unboost|p1a: Victini|spd|1
|-unboost|p1a: Victini|spe|1
|faint|p2a: CybÃ¨le
|
|win|raisinbrand
|raw|Ladder updating...
|raw|raisinbrand's rating: 1565 &rarr; <strong>1588<\/strong><br \/>(+23 for winning)
|raw|Gaet-Kun06's rating: 1624 &rarr; <strong>1600<\/strong><br \/>(-24 for losing)
|leave|Gaet-Kun06
|player|p2