|join|1noo
|join|Gaet-Kun06
|player|p1|1noo|66
|player|p2|Gaet-Kun06|163
|gametype|singles
|gen|6
|tier|OU
|rated
|clearpoke
|poke|p1|Pinsir, M
|poke|p1|Rotom-Wash
|poke|p1|Ferrothorn, F
|poke|p1|Tentacruel, M
|poke|p1|Landorus-Therian, M
|poke|p1|Clefable, M
|poke|p2|Mandibuzz, F
|poke|p2|Heatran, M
|poke|p2|Thundurus-Therian, M
|poke|p2|Mawile, M, shiny
|poke|p2|Gastrodon, F
|poke|p2|Scizor, M
|rule|Sleep Clause Mod: Limit one foe put to sleep
|rule|Species Clause: Limit one of each Pokemon
|rule|OHKO Clause: OHKO moves are banned
|rule|Moody Clause: Moody is banned
|rule|Evasion Moves Clause: Evasion moves are banned
|rule|Endless Battle Clause: Forcing endless battles is banned.
|rule|HP Percentage Mod: HP is reported as percentages
|teampreview
|
|start
|switch|p1a: Landorus-Therian|Landorus-Therian, M|320\/320
|switch|p2a: Thundurus-Therian|Thundurus-Therian, M|299\/299
|-ability|p1a: Landorus-Therian|Intimidate|[of] p2a: Thundurus-Therian
|-unboost|p2a: Thundurus-Therian|atk|1
|turn|1
|
|switch|p1a: Wreck IT Raphl|Rotom-Wash|304\/304
|move|p2a: Thundurus-Therian|Hidden Power|p1a: Wreck IT Raphl
|-resisted|p1a: Wreck IT Raphl
|-damage|p1a: Wreck IT Raphl|266\/304
|
|-heal|p1a: Wreck IT Raphl|285\/304|[from] item: Leftovers
|turn|2
|
|switch|p2a: Gastrodon|Gastrodon, F|426\/426
|move|p1a: Wreck IT Raphl|Will-O-Wisp|p2a: Gastrodon
|-status|p2a: Gastrodon|brn
|
|-heal|p1a: Wreck IT Raphl|304\/304|[from] item: Leftovers
|-damage|p2a: Gastrodon|373\/426 brn|[from] brn
|turn|3
|
|switch|p1a: Ferrothorn|Ferrothorn, F|352\/352
|move|p2a: Gastrodon|Yawn|p1a: Ferrothorn
|-start|p1a: Ferrothorn|move: Yawn|[of] p2a: Gastrodon
|
|-heal|p2a: Gastrodon|399\/426 brn|[from] item: Leftovers
|-damage|p2a: Gastrodon|346\/426 brn|[from] brn
|turn|4
|
|switch|p2a: Tran|Heatran, M|386\/386
|switch|p1a: Clefable|Clefable, M|394\/394
|
|turn|5
|
|switch|p1a: Tentacruel|Tentacruel, M|364\/364
|move|p2a: Tran|Toxic|p1a: Tentacruel
|-fail|p1a: Tentacruel
|
|turn|6
|
|move|p1a: Tentacruel|Scald|p2a: Tran
|-supereffective|p2a: Tran
|-damage|p2a: Tran|276\/386
|move|p2a: Tran|Earth Power|p1a: Tentacruel
|-supereffective|p1a: Tentacruel
|-damage|p1a: Tentacruel|238\/364
|
|-heal|p1a: Tentacruel|260\/364|[from] item: Black Sludge
|-heal|p2a: Tran|300\/386|[from] item: Leftovers
|turn|7
|
|switch|p1a: Landorus-Therian|Landorus-Therian, M|320\/320
|-ability|p1a: Landorus-Therian|Intimidate|[of] p2a: Tran
|-unboost|p2a: Tran|atk|1
|move|p2a: Tran|Stealth Rock|p1a: Landorus-Therian
|-sidestart|p1: 1noo|move: Stealth Rock
|
|-heal|p2a: Tran|324\/386|[from] item: Leftovers
|turn|8
|
|switch|p2a: Gastrodon|Gastrodon, F|346\/426 brn
|move|p1a: Landorus-Therian|U-turn|p2a: Gastrodon
|-damage|p2a: Gastrodon|262\/426 brn
|
|switch|p1a: Ferrothorn|Ferrothorn, F|352\/352
|-damage|p1a: Ferrothorn|330\/352|[from] Stealth Rock
|
|-heal|p2a: Gastrodon|288\/426 brn|[from] item: Leftovers
|-heal|p1a: Ferrothorn|352\/352|[from] item: Leftovers
|-damage|p2a: Gastrodon|235\/426 brn|[from] brn
|turn|9
|
|switch|p2a: Mawile|Mawile, M, shiny|304\/304
|-ability|p2a: Mawile|Intimidate|[of] p1a: Ferrothorn
|-unboost|p1a: Ferrothorn|atk|1
|move|p1a: Ferrothorn|Knock Off|p2a: Mawile
|-resisted|p2a: Mawile
|-damage|p2a: Mawile|284\/304
|
|turn|10
|
|-formechange|p2a: Mawile|Mawile-Mega
|message|Mawile has Mega Evolved into Mega Mawile!
|move|p2a: Mawile|Play Rough|p1a: Ferrothorn
|-resisted|p1a: Ferrothorn
|-damage|p1a: Ferrothorn|260\/352
|-damage|p2a: Mawile|246\/304|[from] ability: Iron Barbs|[of] p1a: Ferrothorn
|move|p1a: Ferrothorn|Thunder Wave|p2a: Mawile
|-status|p2a: Mawile|par
|
|-heal|p1a: Ferrothorn|282\/352|[from] item: Leftovers
|turn|11
|
|switch|p1a: Landorus-Therian|Landorus-Therian, M|320\/320
|-damage|p1a: Landorus-Therian|280\/320|[from] Stealth Rock
|-ability|p1a: Landorus-Therian|Intimidate|[of] p2a: Mawile
|-unboost|p2a: Mawile|atk|1
|move|p2a: Mawile|Swords Dance|p2a: Mawile
|-boost|p2a: Mawile|atk|2
|
|turn|12
|
|switch|p2a: Gastrodon|Gastrodon, F|235\/426 brn
|move|p1a: Landorus-Therian|Earthquake|p2a: Gastrodon
|-damage|p2a: Gastrodon|43\/426 brn
|
|-heal|p2a: Gastrodon|69\/426 brn|[from] item: Leftovers
|-damage|p2a: Gastrodon|16\/426 brn|[from] brn
|turn|13
|
|switch|p1a: Tentacruel|Tentacruel, M|260\/364
|-damage|p1a: Tentacruel|215\/364|[from] Stealth Rock
|move|p2a: Gastrodon|Scald|p1a: Tentacruel
|-resisted|p1a: Tentacruel
|-damage|p1a: Tentacruel|182\/364
|
|-heal|p1a: Tentacruel|204\/364|[from] item: Black Sludge
|-heal|p2a: Gastrodon|42\/426 brn|[from] item: Leftovers
|-damage|p2a: Gastrodon|0 fnt|[from] brn
|faint|p2a: Gastrodon
|
|switch|p2a: Thundurus-Therian|Thundurus-Therian, M|299\/299
|turn|14
|
|move|p2a: Thundurus-Therian|Volt Switch|p1a: Tentacruel
|-crit|p1a: Tentacruel
|-supereffective|p1a: Tentacruel
|-damage|p1a: Tentacruel|0 fnt
|faint|p1a: Tentacruel
|
|switch|p2a: Mandibuzz|Mandibuzz, F|424\/424
|
|
|switch|p1a: Ferrothorn|Ferrothorn, F|282\/352
|-damage|p1a: Ferrothorn|260\/352|[from] Stealth Rock
|turn|15
|
|move|p2a: Mandibuzz|Taunt|p1a: Ferrothorn
|-start|p1a: Ferrothorn|move: Taunt
|cant|p1a: Ferrothorn|move: Taunt|Thunder Wave
|
|-heal|p1a: Ferrothorn|282\/352|[from] item: Leftovers
|turn|16
|
|switch|p2a: Mawile|Mawile, M, shiny|246\/304 par
|-formechange|p2a: Mawile|Mawile-Mega
|move|p1a: Ferrothorn|Knock Off|p2a: Mawile
|-resisted|p2a: Mawile
|-damage|p2a: Mawile|227\/304 par
|
|-heal|p1a: Ferrothorn|304\/352|[from] item: Leftovers
|turn|17
|
|move|p1a: Ferrothorn|Power Whip|p2a: Mawile
|-resisted|p2a: Mawile
|-damage|p2a: Mawile|170\/304 par
|move|p2a: Mawile|Fire Fang|p1a: Ferrothorn|[miss]
|-miss|p2a: Mawile|p1a: Ferrothorn
|
|-heal|p1a: Ferrothorn|326\/352|[from] item: Leftovers
|-end|p1a: Ferrothorn|move: Taunt
|turn|18
|
|move|p1a: Ferrothorn|Stealth Rock|p2a: Mawile
|-sidestart|p2: Gaet-Kun06|move: Stealth Rock
|move|p2a: Mawile|Play Rough|p1a: Ferrothorn
|-resisted|p1a: Ferrothorn
|-damage|p1a: Ferrothorn|226\/352
|-damage|p2a: Mawile|132\/304 par|[from] ability: Iron Barbs|[of] p1a: Ferrothorn
|
|-heal|p1a: Ferrothorn|248\/352|[from] item: Leftovers
|turn|19
|
|switch|p1a: Wreck IT Raphl|Rotom-Wash|304\/304
|-damage|p1a: Wreck IT Raphl|266\/304|[from] Stealth Rock
|move|p2a: Mawile|Swords Dance|p2a: Mawile
|-boost|p2a: Mawile|atk|2
|
|-heal|p1a: Wreck IT Raphl|285\/304|[from] item: Leftovers
|turn|20
|
|move|p1a: Wreck IT Raphl|Hydro Pump|p2a: Mawile
|-damage|p2a: Mawile|0 fnt
|faint|p2a: Mawile
|
|-heal|p1a: Wreck IT Raphl|304\/304|[from] item: Leftovers
|
|switch|p2a: Thundurus-Therian|Thundurus-Therian, M|299\/299
|-damage|p2a: Thundurus-Therian|225\/299|[from] Stealth Rock
|turn|21
|
|move|p2a: Thundurus-Therian|Hidden Power|p1a: Wreck IT Raphl
|-resisted|p1a: Wreck IT Raphl
|-damage|p1a: Wreck IT Raphl|270\/304
|move|p1a: Wreck IT Raphl|Will-O-Wisp|p2a: Thundurus-Therian
|-status|p2a: Thundurus-Therian|brn
|
|-heal|p1a: Wreck IT Raphl|289\/304|[from] item: Leftovers
|-damage|p2a: Thundurus-Therian|188\/299 brn|[from] brn
|turn|22
|
|switch|p2a: Tran|Heatran, M|324\/386
|-damage|p2a: Tran|276\/386|[from] Stealth Rock
|move|p1a: Wreck IT Raphl|Hydro Pump|p2a: Tran
|-supereffective|p2a: Tran
|-damage|p2a: Tran|12\/386
|
|-heal|p1a: Wreck IT Raphl|304\/304|[from] item: Leftovers
|-heal|p2a: Tran|36\/386|[from] item: Leftovers
|turn|23
|
|move|p1a: Wreck IT Raphl|Hydro Pump|p2a: Tran
|-supereffective|p2a: Tran
|-damage|p2a: Tran|0 fnt
|faint|p2a: Tran
|
|
|switch|p2a: Scizor|Scizor, M|282\/282
|-damage|p2a: Scizor|247\/282|[from] Stealth Rock
|turn|24
|
|move|p2a: Scizor|U-turn|p1a: Wreck IT Raphl
|-damage|p1a: Wreck IT Raphl|105\/304
|
|switch|p2a: Mandibuzz|Mandibuzz, F|424\/424
|-damage|p2a: Mandibuzz|318\/424|[from] Stealth Rock
|move|p1a: Wreck IT Raphl|Will-O-Wisp|p2a: Mandibuzz
|-status|p2a: Mandibuzz|brn
|
|-heal|p1a: Wreck IT Raphl|124\/304|[from] item: Leftovers
|-heal|p2a: Mandibuzz|344\/424 brn|[from] item: Leftovers
|-damage|p2a: Mandibuzz|291\/424 brn|[from] brn
|turn|25
|
|move|p1a: Wreck IT Raphl|Thunderbolt|p2a: Mandibuzz
|-supereffective|p2a: Mandibuzz
|-damage|p2a: Mandibuzz|3\/424 brn
|move|p2a: Mandibuzz|Defog|p1a: Wreck IT Raphl
|-unboost|p1a: Wreck IT Raphl|evasion|1
|-sideend|p1: 1noo|Stealth Rock|[from] move: Defog|[of] p1a: Wreck IT Raphl
|-sideend|p2: Gaet-Kun06|Stealth Rock|[from] move: Defog|[of] p2a: Mandibuzz
|
|-heal|p1a: Wreck IT Raphl|143\/304|[from] item: Leftovers
|-heal|p2a: Mandibuzz|29\/424 brn|[from] item: Leftovers
|-damage|p2a: Mandibuzz|0 fnt|[from] brn
|faint|p2a: Mandibuzz
|
|switch|p2a: Scizor|Scizor, M|247\/282
|turn|26
|
|move|p2a: Scizor|U-turn|p1a: Wreck IT Raphl
|-damage|p1a: Wreck IT Raphl|0 fnt
|faint|p1a: Wreck IT Raphl
|
|switch|p2a: Thundurus-Therian|Thundurus-Therian, M|188\/299 brn
|
|-damage|p2a: Thundurus-Therian|151\/299 brn|[from] brn
|
|switch|p1a: Clefable|Clefable, M|394\/394
|turn|27
|
|move|p2a: Thundurus-Therian|Volt Switch|p1a: Clefable
|-damage|p1a: Clefable|255\/394
|
|switch|p2a: Scizor|Scizor, M|247\/282
|move|p1a: Clefable|Flamethrower|p2a: Scizor
|-supereffective|p2a: Scizor
|-damage|p2a: Scizor|0 fnt
|faint|p2a: Scizor
|
|
|switch|p2a: Thundurus-Therian|Thundurus-Therian, M|151\/299 brn
|turn|28
|
|move|p2a: Thundurus-Therian|Volt Switch|p1a: Clefable
|-damage|p1a: Clefable|111\/394
|move|p1a: Clefable|Psyshock|p2a: Thundurus-Therian
|-damage|p2a: Thundurus-Therian|11\/299 brn
|
|-damage|p2a: Thundurus-Therian|0 fnt|[from] brn
|faint|p2a: Thundurus-Therian
|
|win|1noo
|raw|Ladder updating...
|raw|1noo's rating: 1504 &rarr; <strong>1526<\/strong><br \/>(+22 for winning)
|raw|Gaet-Kun06's rating: 1546 &rarr; <strong>1524<\/strong><br \/>(-22 for losing)
|leave|Gaet-Kun06
|player|p2