|join|Gaet-Kun06
|join|Beepokemon
|player|p1|Gaet-Kun06|163
|player|p2|Beepokemon|1
|gametype|singles
|gen|6
|tier|OU
|rated
|clearpoke
|poke|p1|Raikou
|poke|p1|Gliscor, M
|poke|p1|Kyurem-Black
|poke|p1|Mandibuzz, F
|poke|p1|Talonflame, F
|poke|p1|Mawile, F, shiny
|poke|p2|Kyurem-Black
|poke|p2|Heatran, F
|poke|p2|Aegislash, F
|poke|p2|Breloom, M
|poke|p2|Skarmory, M
|poke|p2|Gyarados, M
|rule|Swagger Clause: Swagger is banned
|rule|Baton Pass Clause: Limit one PokÃ©mon knowing Baton Pass
|rule|Sleep Clause Mod: Limit one foe put to sleep
|rule|Species Clause: Limit one of each PokÃ©mon
|rule|OHKO Clause: OHKO moves are banned
|rule|Moody Clause: Moody is banned
|rule|Evasion Moves Clause: Evasion moves are banned
|rule|Endless Battle Clause: Forcing endless battles is banned
|rule|HP Percentage Mod: HP is reported as percentages
|teampreview
|
|start
|switch|p1a: Gliscor|Gliscor, M|353\/353
|switch|p2a: Kyurem-Black|Kyurem-Black|392\/392
|-ability|p2a: Kyurem-Black|Teravolt
|turn|1
|
|switch|p1a: Raikou|Raikou|321\/321
|-ability|p1a: Raikou|Pressure
|move|p2a: Kyurem-Black|Ice Beam|p1a: Raikou
|-damage|p1a: Raikou|212\/321
|
|turn|2
|
|move|p2a: Kyurem-Black|Ice Beam|p1a: Raikou
|-damage|p1a: Raikou|101\/321
|move|p1a: Raikou|Volt Switch|p2a: Kyurem-Black
|-resisted|p2a: Kyurem-Black
|-damage|p2a: Kyurem-Black|326\/392
|
|switch|p1a: Mawile|Mawile, F, shiny|303\/303
|-ability|p1a: Mawile|Intimidate|[of] p2a: Kyurem-Black
|-unboost|p2a: Kyurem-Black|atk|1
|
|turn|3
|
|-singleturn|p1a: Mawile|move: Focus Punch
|switch|p2a: Heatran|Heatran, F|386\/386
|detailschange|p1a: Mawile|Mawile-Mega, F, shiny
|message|Mawile has Mega Evolved into Mega Mawile!
|move|p1a: Mawile|Focus Punch|p2a: Heatran
|-supereffective|p2a: Heatran
|-damage|p2a: Heatran|0 fnt
|faint|p2a: Heatran
|
|
|switch|p2a: Kyurem-Black|Kyurem-Black|326\/392
|-ability|p2a: Kyurem-Black|Teravolt
|turn|4
|
|switch|p1a: Gliscor|Gliscor, M|353\/353
|move|p2a: Kyurem-Black|Earth Power|p1a: Gliscor
|-immune|p1a: Gliscor|[msg]
|
|-status|p1a: Gliscor|tox|[from] item: Toxic Orb
|turn|5
|
|switch|p2a: Skarmory|Skarmory, M|334\/334
|move|p1a: Gliscor|Stealth Rock|p2a: Skarmory
|-sidestart|p2: Beepokemon|move: Stealth Rock
|
|turn|6
|
|move|p1a: Gliscor|Taunt|p2a: Skarmory
|-start|p2a: Skarmory|move: Taunt
|cant|p2a: Skarmory|move: Taunt|Defog
|
|turn|7
|
|switch|p2a: Aegislash|Aegislash, F|324\/324
|-damage|p2a: Aegislash|304\/324|[from] Stealth Rock
|-item|p2a: Aegislash|Air Balloon
|move|p1a: Gliscor|U-turn|p2a: Aegislash
|-resisted|p2a: Aegislash
|-damage|p2a: Aegislash|295\/324
|-enditem|p2a: Aegislash|Air Balloon
|
|switch|p1a: Mandibuzz|Mandibuzz, F|423\/423
|
|turn|8
|
|switch|p2a: Kyurem-Black|Kyurem-Black|326\/392
|-damage|p2a: Kyurem-Black|228\/392|[from] Stealth Rock
|-ability|p2a: Kyurem-Black|Teravolt
|move|p1a: Mandibuzz|Knock Off|p2a: Kyurem-Black
|-damage|p2a: Kyurem-Black|141\/392
|-enditem|p2a: Kyurem-Black|Choice Scarf|[from] move: Knock Off|[of] p1a: Mandibuzz
|
|turn|9
|
|switch|p1a: Mawile|Mawile-Mega, F, shiny|303\/303
|move|p2a: Kyurem-Black|Earth Power|p1a: Mawile
|-supereffective|p1a: Mawile
|-damage|p1a: Mawile|55\/303
|
|turn|10
|
|switch|p2a: Aegislash|Aegislash, F|295\/324
|-damage|p2a: Aegislash|275\/324|[from] Stealth Rock
|move|p1a: Mawile|Sucker Punch|p2a: Aegislash
|-fail|p2a: Aegislash
|
|turn|11
|
|-formechange|p2a: Aegislash|Aegislash-Blade
|move|p2a: Aegislash|Shadow Sneak|p1a: Mawile
|-damage|p1a: Mawile|1\/303
|move|p1a: Mawile|Sucker Punch|p2a: Aegislash
|-fail|p2a: Aegislash
|
|turn|12
|
|switch|p1a: Mandibuzz|Mandibuzz, F|423\/423
|move|p2a: Aegislash|Shadow Ball|p1a: Mandibuzz
|-resisted|p1a: Mandibuzz
|-damage|p1a: Mandibuzz|333\/423
|
|-heal|p1a: Mandibuzz|359\/423|[from] item: Leftovers
|turn|13
|
|switch|p2a: Skarmory|Skarmory, M|334\/334
|-damage|p2a: Skarmory|293\/334|[from] Stealth Rock
|move|p1a: Mandibuzz|Knock Off|p2a: Skarmory
|-damage|p2a: Skarmory|248\/334
|-damage|p1a: Mandibuzz|289\/423|[from] item: Rocky Helmet|[of] p2a: Skarmory
|-enditem|p2a: Skarmory|Rocky Helmet|[from] move: Knock Off|[of] p1a: Mandibuzz
|
|-heal|p1a: Mandibuzz|315\/423|[from] item: Leftovers
|turn|14
|
|move|p1a: Mandibuzz|Taunt|p2a: Skarmory
|-start|p2a: Skarmory|move: Taunt
|cant|p2a: Skarmory|move: Taunt|Defog
|
|-heal|p1a: Mandibuzz|341\/423|[from] item: Leftovers
|turn|15
|
|switch|p1a: Raikou|Raikou|101\/321
|-ability|p1a: Raikou|Pressure
|switch|p2a: Kyurem-Black|Kyurem-Black|141\/392
|-damage|p2a: Kyurem-Black|43\/392|[from] Stealth Rock
|-ability|p2a: Kyurem-Black|Teravolt
|
|turn|16
|
|move|p1a: Raikou|Shadow Ball|p2a: Kyurem-Black
|-damage|p2a: Kyurem-Black|0 fnt
|faint|p2a: Kyurem-Black
|
|
|switch|p2a: Aegislash|Aegislash, F|275\/324
|-damage|p2a: Aegislash|255\/324|[from] Stealth Rock
|turn|17
|
|switch|p1a: Mandibuzz|Mandibuzz, F|341\/423
|-formechange|p2a: Aegislash|Aegislash-Blade
|move|p2a: Aegislash|Shadow Ball|p1a: Mandibuzz
|-resisted|p1a: Mandibuzz
|-damage|p1a: Mandibuzz|254\/423
|-unboost|p1a: Mandibuzz|spd|1
|
|-heal|p1a: Mandibuzz|280\/423|[from] item: Leftovers
|turn|18
|
|-formechange|p2a: Aegislash|Aegislash
|move|p2a: Aegislash|King's Shield|p2a: Aegislash
|-singleturn|p2a: Aegislash|Protect
|move|p1a: Mandibuzz|Roost|p1a: Mandibuzz
|-heal|p1a: Mandibuzz|423\/423
|
|turn|19
|
|move|p1a: Mandibuzz|Knock Off|p2a: Aegislash
|-supereffective|p2a: Aegislash
|-damage|p2a: Aegislash|175\/324
|-formechange|p2a: Aegislash|Aegislash-Blade
|move|p2a: Aegislash|Flash Cannon|p1a: Mandibuzz
|-damage|p1a: Mandibuzz|138\/423
|
|-heal|p1a: Mandibuzz|164\/423|[from] item: Leftovers
|turn|20
|
|move|p1a: Mandibuzz|Roost|p1a: Mandibuzz
|-heal|p1a: Mandibuzz|376\/423
|move|p2a: Aegislash|Flash Cannon|p1a: Mandibuzz
|-damage|p1a: Mandibuzz|103\/423
|
|-heal|p1a: Mandibuzz|129\/423|[from] item: Leftovers
|turn|21
|
|-formechange|p2a: Aegislash|Aegislash
|move|p2a: Aegislash|King's Shield|p2a: Aegislash
|-singleturn|p2a: Aegislash|Protect
|move|p1a: Mandibuzz|Roost|p1a: Mandibuzz
|-heal|p1a: Mandibuzz|341\/423
|
|-heal|p1a: Mandibuzz|367\/423|[from] item: Leftovers
|turn|22
|
|switch|p1a: Mawile|Mawile-Mega, F, shiny|1\/303
|-formechange|p2a: Aegislash|Aegislash-Blade
|move|p2a: Aegislash|Flash Cannon|p1a: Mawile
|-damage|p1a: Mawile|0 fnt
|faint|p1a: Mawile
|
|
|switch|p1a: Kyurem-Black|Kyurem-Black|391\/391
|-ability|p1a: Kyurem-Black|Teravolt
|turn|23
|
|-formechange|p2a: Aegislash|Aegislash
|move|p2a: Aegislash|King's Shield|p2a: Aegislash
|-singleturn|p2a: Aegislash|Protect
|move|p1a: Kyurem-Black|Earth Power|p2a: Aegislash
|-activate|p2a: Aegislash|Protect
|
|turn|24
|
|move|p1a: Kyurem-Black|Ice Beam|p2a: Aegislash
|-resisted|p2a: Aegislash
|-damage|p2a: Aegislash|110\/324
|-damage|p1a: Kyurem-Black|352\/391|[from] item: Life Orb
|-formechange|p2a: Aegislash|Aegislash-Blade
|move|p2a: Aegislash|Flash Cannon|p1a: Kyurem-Black
|-supereffective|p1a: Kyurem-Black
|-damage|p1a: Kyurem-Black|0 fnt
|faint|p1a: Kyurem-Black
|
|
|switch|p1a: Gliscor|Gliscor, M|353\/353 tox
|turn|25
|
|-formechange|p2a: Aegislash|Aegislash
|move|p2a: Aegislash|King's Shield|p2a: Aegislash
|-singleturn|p2a: Aegislash|Protect
|move|p1a: Gliscor|Taunt|p2a: Aegislash
|-start|p2a: Aegislash|move: Taunt
|
|turn|26
|
|move|p1a: Gliscor|Earthquake|p2a: Aegislash
|-supereffective|p2a: Aegislash
|-damage|p2a: Aegislash|0 fnt
|faint|p2a: Aegislash
|
|
|switch|p2a: Gyarados|Gyarados, M|332\/332
|-damage|p2a: Gyarados|249\/332|[from] Stealth Rock
|-ability|p2a: Gyarados|Intimidate|[of] p1a: Gliscor
|-unboost|p1a: Gliscor|atk|1
|turn|27
|
|detailschange|p2a: Gyarados|Gyarados-Mega, M
|message|Gyarados has Mega Evolved into Mega Gyarados!
|-ability|p2a: Gyarados|Mold Breaker
|move|p1a: Gliscor|Taunt|p2a: Gyarados
|-start|p2a: Gyarados|move: Taunt
|cant|p2a: Gyarados|move: Taunt|Dragon Dance
|
|turn|28
|
|move|p1a: Gliscor|U-turn|p2a: Gyarados
|-crit|p2a: Gyarados
|-supereffective|p2a: Gyarados
|-damage|p2a: Gyarados|107\/332
|
|switch|p1a: Mandibuzz|Mandibuzz, F|367\/423
|move|p2a: Gyarados|Earthquake|p1a: Mandibuzz
|-immune|p1a: Mandibuzz|[msg]
|
|-heal|p1a: Mandibuzz|393\/423|[from] item: Leftovers
|turn|29
|
|move|p2a: Gyarados|Ice Fang|p1a: Mandibuzz
|-supereffective|p1a: Mandibuzz
|-damage|p1a: Mandibuzz|253\/423
|cant|p1a: Mandibuzz|flinch
|
|-heal|p1a: Mandibuzz|279\/423|[from] item: Leftovers
|-end|p2a: Gyarados|move: Taunt
|turn|30
|
|move|p2a: Gyarados|Dragon Dance|p2a: Gyarados
|-boost|p2a: Gyarados|atk|1
|-boost|p2a: Gyarados|spe|1
|move|p1a: Mandibuzz|Taunt|p2a: Gyarados
|-start|p2a: Gyarados|move: Taunt
|
|-heal|p1a: Mandibuzz|305\/423|[from] item: Leftovers
|turn|31
|
|move|p2a: Gyarados|Waterfall|p1a: Mandibuzz
|-crit|p1a: Mandibuzz
|-damage|p1a: Mandibuzz|13\/423
|move|p1a: Mandibuzz|Knock Off|p2a: Gyarados
|-resisted|p2a: Gyarados
|-damage|p2a: Gyarados|81\/332
|
|-heal|p1a: Mandibuzz|39\/423|[from] item: Leftovers
|turn|32
|
|move|p2a: Gyarados|Ice Fang|p1a: Mandibuzz
|-supereffective|p1a: Mandibuzz
|-damage|p1a: Mandibuzz|0 fnt
|faint|p1a: Mandibuzz
|
|
|switch|p1a: Talonflame|Talonflame, F|297\/297
|turn|33
|
|switch|p2a: Skarmory|Skarmory, M|248\/334
|-damage|p2a: Skarmory|207\/334|[from] Stealth Rock
|move|p1a: Talonflame|Brave Bird|p2a: Skarmory
|-resisted|p2a: Skarmory
|-damage|p2a: Skarmory|138\/334
|-damage|p1a: Talonflame|274\/297|[from] recoil|[of] p2a: Skarmory
|
|turn|34
|
|switch|p1a: Gliscor|Gliscor, M|353\/353 tox
|move|p2a: Skarmory|Defog|p1a: Gliscor
|-unboost|p1a: Gliscor|evasion|1
|-sideend|p2: Beepokemon|Stealth Rock|[from] move: Defog|[of] p2a: Skarmory
|
|turn|35
|
|move|p1a: Gliscor|Taunt|p2a: Skarmory
|-start|p2a: Skarmory|move: Taunt
|cant|p2a: Skarmory|move: Taunt|Roost
|
|turn|36
|
|switch|p2a: Gyarados|Gyarados-Mega, M|81\/332
|-ability|p2a: Gyarados|Mold Breaker
|move|p1a: Gliscor|U-turn|p2a: Gyarados
|-supereffective|p2a: Gyarados
|-damage|p2a: Gyarados|0 fnt
|faint|p2a: Gyarados
|
|switch|p1a: Raikou|Raikou|101\/321
|-ability|p1a: Raikou|Pressure
|
|
|switch|p2a: Skarmory|Skarmory, M|138\/334
|turn|37
|
|move|p1a: Raikou|Volt Switch|p2a: Skarmory
|-supereffective|p2a: Skarmory
|-damage|p2a: Skarmory|0 fnt
|faint|p2a: Skarmory
|
|switch|p1a: Talonflame|Talonflame, F|274\/297
|
|
|switch|p2a: Breloom|Breloom, M|262\/262
|turn|38
|
|move|p1a: Talonflame|Brave Bird|p2a: Breloom
|-supereffective|p2a: Breloom
|-enditem|p2a: Breloom|Focus Sash
|-damage|p2a: Breloom|1\/262
|-damage|p1a: Talonflame|188\/297|[from] recoil|[of] p2a: Breloom
|move|p2a: Breloom|Rock Tomb|p1a: Talonflame
|-supereffective|p1a: Talonflame
|-damage|p1a: Talonflame|0 fnt
|faint|p1a: Talonflame
|
|
|switch|p1a: Gliscor|Gliscor, M|353\/353 tox
|turn|39
|
|move|p1a: Gliscor|U-turn|p2a: Breloom
|-damage|p2a: Breloom|0 fnt
|faint|p2a: Breloom
|
|win|Gaet-Kun06
|raw|Ladder updating...
|raw|Gaet-Kun06's rating: 1704 &rarr; <strong>1725<\/strong><br \/>(+21 for winning)
|raw|Beepokemon's rating: 1705 &rarr; <strong>1685<\/strong><br \/>(-20 for losing)