|join|Gaet-Kun06
|join|the_blue_storm
|player|p1|Gaet-Kun06|163
|player|p2|the_blue_storm|102
|gametype|singles
|gen|6
|tier|OU
|rated
|clearpoke
|poke|p1|Slowbro, F
|poke|p1|Terrakion
|poke|p1|Scizor, F
|poke|p1|Heatran, F
|poke|p1|Latios, M
|poke|p1|Clefable, M
|poke|p2|Diggersby, F, shiny
|poke|p2|Talonflame, M
|poke|p2|Latios, M
|poke|p2|Venusaur, M
|poke|p2|Chansey, F
|poke|p2|Greninja, M, shiny
|rule|Baton Pass Clause: Limit 3 pokemon knowing Baton Pass
|rule|Sleep Clause Mod: Limit one foe put to sleep
|rule|Species Clause: Limit one of each Pokemon
|rule|OHKO Clause: OHKO moves are banned
|rule|Moody Clause: Moody is banned
|rule|Swagger Clause: Swagger is banned
|rule|Evasion Moves Clause: Evasion moves are banned
|rule|Endless Battle Clause: Forcing endless battles is banned
|rule|HP Percentage Mod: HP is reported as percentages
|teampreview
|chat|the_blue_storm|gl
|chat|Gaet-Kun06|yes :)
|chat|the_blue_storm|t'es pas de pokebip?
|
|start
|switch|p1a: Terrakion|Terrakion|324\/324
|switch|p2a: Venusaur|Venusaur, M|364\/364
|turn|1
|chat|Gaet-Kun06|Si si ^^
|
|switch|p1a: Latios|Latios, M|301\/301
|detailschange|p2a: Venusaur|Venusaur-Mega, M
|message|Venusaur has Mega Evolved into Mega Venusaur!
|move|p2a: Venusaur|Giga Drain|p1a: Latios
|-resisted|p1a: Latios
|-damage|p1a: Latios|247\/301
|
|turn|2
|chat|the_blue_storm|je me rappelais de ton preudo
|chat|the_blue_storm|pseudo*
|
|move|p1a: Latios|Psyshock|p2a: Venusaur
|-supereffective|p2a: Venusaur
|-damage|p2a: Venusaur|2\/364
|move|p2a: Venusaur|Synthesis|p2a: Venusaur
|-heal|p2a: Venusaur|184\/364
|
|turn|3
|
|switch|p1a: Terrakion|Terrakion|324\/324
|switch|p2a: Chansey|Chansey, F|704\/704
|
|turn|4
|
|switch|p2a: Venusaur|Venusaur-Mega, M|184\/364
|move|p1a: Terrakion|Close Combat|p2a: Venusaur
|-resisted|p2a: Venusaur
|-damage|p2a: Venusaur|97\/364
|-unboost|p1a: Terrakion|def|1
|-unboost|p1a: Terrakion|spd|1
|
|turn|5
|
|switch|p1a: Heatran|Heatran, F|386\/386
|move|p2a: Venusaur|Synthesis|p2a: Venusaur
|-heal|p2a: Venusaur|279\/364
|
|turn|6
|
|switch|p2a: Diggersby|Diggersby, F, shiny|374\/374
|move|p1a: Heatran|Taunt|p2a: Diggersby
|-start|p2a: Diggersby|move: Taunt
|
|turn|7
|
|switch|p1a: Latios|Latios, M|247\/301
|move|p2a: Diggersby|Stone Edge|p1a: Latios|[miss]
|-miss|p2a: Diggersby|p1a: Latios
|
|turn|8
|
|switch|p2a: Chansey|Chansey, F|704\/704
|move|p1a: Latios|Draco Meteor|p2a: Chansey
|-damage|p2a: Chansey|464\/704
|-unboost|p1a: Latios|spa|2
|
|turn|9
|
|switch|p1a: Scizor|Scizor, F|281\/281
|move|p2a: Chansey|Thunder Wave|p1a: Scizor
|-status|p1a: Scizor|par
|
|turn|10
|
|switch|p2a: Talonflame|Talonflame, M|341\/341
|detailschange|p1a: Scizor|Scizor-Mega, F
|message|Scizor has Mega Evolved into Mega Scizor!
|cant|p1a: Scizor|par
|
|turn|11
|
|switch|p1a: Slowbro|Slowbro, F|394\/394
|move|p2a: Talonflame|U-turn|p1a: Slowbro
|-supereffective|p1a: Slowbro
|-damage|p1a: Slowbro|260\/394
|-damage|p2a: Talonflame|285\/341|[from] item: Rocky Helmet|[of] p1a: Slowbro
|
|switch|p2a: Latios|Latios, M|301\/301
|
|turn|12
|
|switch|p1a: Heatran|Heatran, F|386\/386
|move|p2a: Latios|Draco Meteor|p1a: Heatran
|-resisted|p1a: Heatran
|-damage|p1a: Heatran|281\/386
|-unboost|p2a: Latios|spa|2
|-damage|p2a: Latios|271\/301|[from] item: Life Orb
|
|turn|13
|
|move|p2a: Latios|Earthquake|p1a: Heatran
|-supereffective|p1a: Heatran
|-damage|p1a: Heatran|0 fnt
|-damage|p2a: Latios|241\/301|[from] item: Life Orb
|faint|p1a: Heatran
|
|chat|Gaet-Kun06|lol
|
|switch|p1a: Clefable|Clefable, M|394\/394
|turn|14
|chat|the_blue_storm|earthquake spÃ©cialement pour les tran
|chat|the_blue_storm|visiblement Ã§a surprend
|
|switch|p2a: Diggersby|Diggersby, F, shiny|374\/374
|move|p1a: Clefable|Calm Mind|p1a: Clefable
|-boost|p1a: Clefable|spa|1
|-boost|p1a: Clefable|spd|1
|
|turn|15
|
|move|p2a: Diggersby|Swords Dance|p2a: Diggersby
|-boost|p2a: Diggersby|atk|2
|move|p1a: Clefable|Moonblast|p2a: Diggersby
|-damage|p2a: Diggersby|119\/374
|-unboost|p2a: Diggersby|spa|1
|
|turn|16
|
|move|p2a: Diggersby|Earthquake|p1a: Clefable
|-damage|p1a: Clefable|0 fnt
|-damage|p2a: Diggersby|82\/374|[from] item: Life Orb
|faint|p1a: Clefable
|
|
|switch|p1a: Terrakion|Terrakion|324\/324
|turn|17
|
|move|p2a: Diggersby|Quick Attack|p1a: Terrakion
|-resisted|p1a: Terrakion
|-damage|p1a: Terrakion|203\/324
|-damage|p2a: Diggersby|45\/374|[from] item: Life Orb
|move|p1a: Terrakion|Close Combat|p2a: Diggersby
|-supereffective|p2a: Diggersby
|-damage|p2a: Diggersby|0 fnt
|-unboost|p1a: Terrakion|def|1
|-unboost|p1a: Terrakion|spd|1
|faint|p2a: Diggersby
|
|
|switch|p2a: Greninja|Greninja, M, shiny|286\/286
|turn|18
|
|move|p1a: Terrakion|Close Combat|p2a: Greninja
|-supereffective|p2a: Greninja
|-damage|p2a: Greninja|0 fnt
|-unboost|p1a: Terrakion|def|1
|-unboost|p1a: Terrakion|spd|1
|faint|p2a: Greninja
|
|
|switch|p2a: Talonflame|Talonflame, M|285\/341
|turn|19
|
|switch|p1a: Slowbro|Slowbro, F|391\/394
|move|p2a: Talonflame|Brave Bird|p1a: Slowbro
|-damage|p1a: Slowbro|208\/394
|-damage|p2a: Talonflame|229\/341|[from] item: Rocky Helmet|[of] p1a: Slowbro
|-damage|p2a: Talonflame|169\/341|[from] recoil|[of] p1a: Slowbro
|
|turn|20
|
|switch|p2a: Venusaur|Venusaur-Mega, M|279\/364
|move|p1a: Slowbro|Thunder Wave|p2a: Venusaur
|-status|p2a: Venusaur|par
|
|turn|21
|
|switch|p1a: Latios|Latios, M|247\/301
|cant|p2a: Venusaur|par
|
|turn|22
|
|switch|p2a: Latios|Latios, M|241\/301
|move|p1a: Latios|Psyshock|p2a: Latios
|-resisted|p2a: Latios
|-damage|p2a: Latios|93\/301
|
|turn|23
|
|switch|p1a: Scizor|Scizor-Mega, F|281\/281 par
|move|p2a: Latios|Draco Meteor|p1a: Scizor
|-resisted|p1a: Scizor
|-damage|p1a: Scizor|117\/281 par
|-unboost|p2a: Latios|spa|2
|-damage|p2a: Latios|63\/301|[from] item: Life Orb
|
|turn|24
|
|switch|p2a: Talonflame|Talonflame, M|169\/341
|move|p1a: Scizor|Bullet Punch|p2a: Talonflame
|-resisted|p2a: Talonflame
|-damage|p2a: Talonflame|78\/341
|
|turn|25
|
|switch|p1a: Slowbro|Slowbro, F|339\/394
|move|p2a: Talonflame|U-turn|p1a: Slowbro
|-supereffective|p1a: Slowbro
|-damage|p1a: Slowbro|209\/394
|-damage|p2a: Talonflame|22\/341|[from] item: Rocky Helmet|[of] p1a: Slowbro
|
|switch|p2a: Latios|Latios, M|63\/301
|
|turn|26
|
|switch|p1a: Scizor|Scizor-Mega, F|117\/281 par
|move|p2a: Latios|Draco Meteor|p1a: Scizor
|-resisted|p1a: Scizor
|-damage|p1a: Scizor|0 fnt
|-unboost|p2a: Latios|spa|2
|-damage|p2a: Latios|33\/301|[from] item: Life Orb
|faint|p1a: Scizor
|
|
|switch|p1a: Terrakion|Terrakion|203\/324
|turn|27
|
|switch|p2a: Venusaur|Venusaur-Mega, M|279\/364 par
|move|p1a: Terrakion|Iron Head|p2a: Venusaur
|-damage|p2a: Venusaur|189\/364 par
|
|turn|28
|
|switch|p1a: Latios|Latios, M|247\/301
|move|p2a: Venusaur|Synthesis|p2a: Venusaur
|-heal|p2a: Venusaur|364\/364 par
|
|turn|29
|
|switch|p2a: Chansey|Chansey, F|464\/704
|move|p1a: Latios|Psyshock|p2a: Chansey
|-damage|p2a: Chansey|187\/704
|
|turn|30
|
|move|p1a: Latios|Psyshock|p2a: Chansey
|-damage|p2a: Chansey|0 fnt
|faint|p2a: Chansey
|
|
|switch|p2a: Latios|Latios, M|33\/301
|turn|31
|
|switch|p1a: Slowbro|Slowbro, F|340\/394
|move|p2a: Latios|Draco Meteor|p1a: Slowbro
|-damage|p1a: Slowbro|0 fnt
|-unboost|p2a: Latios|spa|2
|-damage|p2a: Latios|3\/301|[from] item: Life Orb
|faint|p1a: Slowbro
|
|
|switch|p1a: Terrakion|Terrakion|203\/324
|turn|32
|
|switch|p2a: Venusaur|Venusaur-Mega, M|364\/364 par
|move|p1a: Terrakion|Iron Head|p2a: Venusaur
|-damage|p2a: Venusaur|279\/364 par
|
|turn|33
|
|switch|p1a: Latios|Latios, M|247\/301
|cant|p2a: Venusaur|par
|
|turn|34
|
|move|p1a: Latios|Psyshock|p2a: Venusaur
|-supereffective|p2a: Venusaur
|-damage|p2a: Venusaur|0 fnt
|faint|p2a: Venusaur
|
|
|switch|p2a: Latios|Latios, M|3\/301
|turn|35
|
|switch|p1a: Terrakion|Terrakion|203\/324
|move|p2a: Latios|Draco Meteor|p1a: Terrakion
|-damage|p1a: Terrakion|0 fnt
|-unboost|p2a: Latios|spa|2
|-damage|p2a: Latios|0 fnt|[from] item: Life Orb
|faint|p1a: Terrakion
|faint|p2a: Latios
|
|
|switch|p1a: Latios|Latios, M|247\/301
|switch|p2a: Talonflame|Talonflame, M|22\/341
|turn|36
|chat|Gaet-Kun06|Bon, comment Ã§a va finir x)
|
|move|p2a: Talonflame|Brave Bird|p1a: Latios
|-damage|p1a: Latios|0 fnt
|-damage|p2a: Talonflame|0 fnt|[from] recoil|[of] p1a: Latios
|faint|p1a: Latios
|faint|p2a: Talonflame
|
|win|the_blue_storm
|raw|Ladder updating...
|raw|Gaet-Kun06's rating: 1590 &rarr; <strong>1567<\/strong><br \/>(-23 for losing)
|raw|the_blue_storm's rating: 1553 &rarr; <strong>1575<\/strong><br \/>(+22 for winning)
|chat|the_blue_storm|Ã©galitÃ© gg beau match
|chat|Gaet-Kun06|pourquoi je perds des points ? 
|chat|Gaet-Kun06|alors qui a Ã©galitÃ©
|chat|the_blue_storm|j'ai lancÃ© la derniÃ¨re attaque
|chat|Gaet-Kun06|mouais ... bien jouÃ© en tous cas 
|chat|Gaet-Kun06|a plus sur bip
|leave|Gaet-Kun06
|player|p1