|join|Gaet-Kun06
|join|rich boy carter
|player|p1|Gaet-Kun06|163
|player|p2|rich boy carter|266
|gametype|singles
|gen|6
|tier|OU
|rated
|clearpoke
|poke|p1|Lopunny, M
|poke|p1|Talonflame, M
|poke|p1|Tyranitar, M
|poke|p1|Excadrill, F
|poke|p1|Bisharp, M
|poke|p1|Rotom-Wash
|poke|p2|Latios, M
|poke|p2|Beedrill, F
|poke|p2|Bisharp, F
|poke|p2|Landorus-Therian, M
|poke|p2|Suicune
|poke|p2|Clefable, M
|rule|Swagger Clause: Swagger is banned
|rule|Baton Pass Clause: Limit one PokÃ©mon knowing Baton Pass
|rule|Sleep Clause Mod: Limit one foe put to sleep
|rule|Species Clause: Limit one of each PokÃ©mon
|rule|OHKO Clause: OHKO moves are banned
|rule|Moody Clause: Moody is banned
|rule|Evasion Moves Clause: Evasion moves are banned
|rule|Endless Battle Clause: Forcing endless battles is banned
|rule|HP Percentage Mod: HP is shown in percentages
|teampreview
|
|start
|switch|p1a: Lopunny|Lopunny, M|271\/271
|switch|p2a: Landorus-Therian|Landorus-Therian, M|319\/319
|-ability|p2a: Landorus-Therian|Intimidate|[of] p1a: Lopunny
|-unboost|p1a: Lopunny|atk|1
|turn|1
|
|switch|p2a: Clefable|Clefable, M|394\/394
|detailschange|p1a: Lopunny|Lopunny-Mega, M
|-mega|p1a: Lopunny|Lopunny|Lopunnite
|move|p1a: Lopunny|Fake Out|p2a: Clefable
|-damage|p2a: Clefable|330\/394
|
|-heal|p2a: Clefable|354\/394|[from] item: Leftovers
|turn|2
|
|switch|p1a: Talonflame|Talonflame, M|345\/345
|switch|p2a: Landorus-Therian|Landorus-Therian, M|319\/319
|-ability|p2a: Landorus-Therian|Intimidate|[of] p1a: Talonflame
|-unboost|p1a: Talonflame|atk|1
|
|turn|3
|
|switch|p1a: Rotom-Wash|Rotom-Wash|304\/304
|move|p2a: Landorus-Therian|Knock Off|p1a: Rotom-Wash
|-damage|p1a: Rotom-Wash|216\/304
|-enditem|p1a: Rotom-Wash|Sitrus Berry|[from] move: Knock Off|[of] p2a: Landorus-Therian
|
|turn|4
|
|switch|p2a: Clefable|Clefable, M|354\/394
|move|p1a: Rotom-Wash|Volt Switch|p2a: Clefable
|-damage|p2a: Clefable|267\/394
|
|switch|p1a: Bisharp|Bisharp, M|271\/271
|
|-heal|p2a: Clefable|291\/394|[from] item: Leftovers
|turn|5
|
|switch|p2a: Suicune|Suicune|404\/404
|-ability|p2a: Suicune|Pressure
|move|p1a: Bisharp|Iron Head|p2a: Suicune
|-resisted|p2a: Suicune
|-damage|p2a: Suicune|342\/404
|-damage|p1a: Bisharp|244\/271|[from] item: Life Orb
|
|-heal|p2a: Suicune|367\/404|[from] item: Leftovers
|turn|6
|
|move|p1a: Bisharp|Swords Dance|p1a: Bisharp
|-boost|p1a: Bisharp|atk|2
|move|p2a: Suicune|Scald|p1a: Bisharp
|-crit|p1a: Bisharp
|-damage|p1a: Bisharp|79\/271
|
|-heal|p2a: Suicune|392\/404|[from] item: Leftovers
|turn|7
|
|move|p1a: Bisharp|Knock Off|p2a: Suicune
|-damage|p2a: Suicune|67\/404
|-enditem|p2a: Suicune|Leftovers|[from] move: Knock Off|[of] p1a: Bisharp
|-damage|p1a: Bisharp|52\/271|[from] item: Life Orb
|move|p2a: Suicune|Scald|p1a: Bisharp
|-damage|p1a: Bisharp|0 fnt
|faint|p1a: Bisharp
|
|
|switch|p1a: Rotom-Wash|Rotom-Wash|216\/304
|turn|8
|
|move|p1a: Rotom-Wash|Volt Switch|p2a: Suicune
|-supereffective|p2a: Suicune
|-damage|p2a: Suicune|0 fnt
|faint|p2a: Suicune
|
|switch|p1a: Lopunny|Lopunny-Mega, M|271\/271
|
|
|switch|p2a: Landorus-Therian|Landorus-Therian, M|319\/319
|-ability|p2a: Landorus-Therian|Intimidate|[of] p1a: Lopunny
|-unboost|p1a: Lopunny|atk|1
|turn|9
|
|move|p1a: Lopunny|Fake Out|p2a: Landorus-Therian
|-damage|p2a: Landorus-Therian|265\/319
|cant|p2a: Landorus-Therian|flinch
|
|turn|10
|
|switch|p1a: Rotom-Wash|Rotom-Wash|216\/304
|move|p2a: Landorus-Therian|U-turn|p1a: Rotom-Wash
|-damage|p1a: Rotom-Wash|153\/304
|
|switch|p2a: Beedrill|Beedrill, F|271\/271
|
|turn|11
|
|switch|p1a: Talonflame|Talonflame, M|345\/345
|detailschange|p2a: Beedrill|Beedrill-Mega, F
|-mega|p2a: Beedrill|Beedrill|Beedrillite
|move|p2a: Beedrill|U-turn|p1a: Talonflame
|-resisted|p1a: Talonflame
|-damage|p1a: Talonflame|283\/345
|
|switch|p2a: Landorus-Therian|Landorus-Therian, M|265\/319
|-ability|p2a: Landorus-Therian|Intimidate|[of] p1a: Talonflame
|-unboost|p1a: Talonflame|atk|1
|
|-heal|p1a: Talonflame|304\/345|[from] item: Leftovers
|turn|12
|
|move|p2a: Landorus-Therian|Stone Edge|p1a: Talonflame
|-supereffective|p1a: Talonflame
|-damage|p1a: Talonflame|0 fnt
|faint|p1a: Talonflame
|
|
|switch|p1a: Lopunny|Lopunny-Mega, M|271\/271
|turn|13
|
|switch|p2a: Clefable|Clefable, M|291\/394
|move|p1a: Lopunny|Return|p2a: Clefable
|-damage|p2a: Clefable|128\/394
|
|-heal|p2a: Clefable|152\/394|[from] item: Leftovers
|turn|14
|
|move|p1a: Lopunny|Return|p2a: Clefable
|-damage|p2a: Clefable|0 fnt
|faint|p2a: Clefable
|
|
|switch|p2a: Beedrill|Beedrill-Mega, F|271\/271
|turn|15
|
|move|p2a: Beedrill|U-turn|p1a: Lopunny
|-resisted|p1a: Lopunny
|-damage|p1a: Lopunny|179\/271
|
|switch|p2a: Landorus-Therian|Landorus-Therian, M|265\/319
|-ability|p2a: Landorus-Therian|Intimidate|[of] p1a: Lopunny
|-unboost|p1a: Lopunny|atk|1
|move|p1a: Lopunny|Ice Punch|p2a: Landorus-Therian
|-supereffective|p2a: Landorus-Therian
|-damage|p2a: Landorus-Therian|13\/319
|
|turn|16
|
|switch|p1a: Rotom-Wash|Rotom-Wash|153\/304
|move|p2a: Landorus-Therian|U-turn|p1a: Rotom-Wash
|-damage|p1a: Rotom-Wash|90\/304
|
|switch|p2a: Beedrill|Beedrill-Mega, F|271\/271
|
|turn|17
|
|move|p2a: Beedrill|U-turn|p1a: Rotom-Wash
|-crit|p1a: Rotom-Wash
|-damage|p1a: Rotom-Wash|0 fnt
|faint|p1a: Rotom-Wash
|
|switch|p2a: Landorus-Therian|Landorus-Therian, M|13\/319
|
|
|switch|p1a: Lopunny|Lopunny-Mega, M|179\/271
|turn|18
|
|switch|p2a: Bisharp|Bisharp, F|272\/272
|move|p1a: Lopunny|Fake Out|p2a: Bisharp
|-resisted|p2a: Bisharp
|-damage|p2a: Bisharp|239\/272
|
|turn|19
|
|move|p2a: Bisharp|Sucker Punch|p1a: Lopunny
|-resisted|p1a: Lopunny
|-damage|p1a: Lopunny|76\/271
|-damage|p2a: Bisharp|212\/272|[from] item: Life Orb
|move|p1a: Lopunny|High Jump Kick|p2a: Bisharp
|-supereffective|p2a: Bisharp
|-damage|p2a: Bisharp|0 fnt
|faint|p2a: Bisharp
|
|
|switch|p2a: Landorus-Therian|Landorus-Therian, M|13\/319
|-ability|p2a: Landorus-Therian|Intimidate|[of] p1a: Lopunny
|-unboost|p1a: Lopunny|atk|1
|turn|20
|
|switch|p1a: Tyranitar|Tyranitar, M|401\/401
|-weather|Sandstorm
|move|p2a: Landorus-Therian|Earthquake|p1a: Tyranitar
|-supereffective|p1a: Tyranitar
|-damage|p1a: Tyranitar|99\/401
|
|-weather|Sandstorm|[upkeep]
|turn|21
|
|move|p2a: Landorus-Therian|Earthquake|p1a: Tyranitar
|-supereffective|p1a: Tyranitar
|-damage|p1a: Tyranitar|0 fnt
|faint|p1a: Tyranitar
|
|-weather|Sandstorm|[upkeep]
|
|switch|p1a: Excadrill|Excadrill, F|374\/374
|turn|22
|
|move|p1a: Excadrill|Iron Head|p2a: Landorus-Therian
|-damage|p2a: Landorus-Therian|0 fnt
|-damage|p1a: Excadrill|337\/374|[from] item: Life Orb
|faint|p2a: Landorus-Therian
|
|-weather|Sandstorm|[upkeep]
|
|switch|p2a: Latios|Latios, M|302\/302
|turn|23
|
|move|p1a: Excadrill|Iron Head|p2a: Latios
|-damage|p2a: Latios|68\/302
|-damage|p1a: Excadrill|300\/374|[from] item: Life Orb
|move|p2a: Latios|Draco Meteor|p1a: Excadrill
|-resisted|p1a: Excadrill
|-damage|p1a: Excadrill|56\/374
|-unboost|p2a: Latios|spa|2
|
|-weather|Sandstorm|[upkeep]
|-damage|p2a: Latios|50\/302|[from] sandstorm
|turn|24
|
|move|p1a: Excadrill|Iron Head|p2a: Latios
|-damage|p2a: Latios|0 fnt
|-damage|p1a: Excadrill|19\/374|[from] item: Life Orb
|faint|p2a: Latios
|
|-weather|Sandstorm|[upkeep]
|
|switch|p2a: Beedrill|Beedrill-Mega, F|271\/271
|turn|25
|
|move|p2a: Beedrill|Protect|p2a: Beedrill
|-singleturn|p2a: Beedrill|Protect
|move|p1a: Excadrill|Iron Head|p2a: Beedrill
|-activate|p2a: Beedrill|Protect
|
|-weather|Sandstorm|[upkeep]
|-damage|p2a: Beedrill|255\/271|[from] sandstorm
|turn|26
|
|move|p1a: Excadrill|Iron Head|p2a: Beedrill
|-damage|p2a: Beedrill|0 fnt
|-damage|p1a: Excadrill|0 fnt|[from] item: Life Orb
|faint|p2a: Beedrill
|faint|p1a: Excadrill
|
|win|Gaet-Kun06
|raw|Ladder updating...
|raw|Gaet-Kun06's rating: 1488 &rarr; <strong>1511<\/strong><br \/>(+23 for winning)
|raw|rich boy carter's rating: 1536 &rarr; <strong>1514<\/strong><br \/>(-22 for losing)