|join|robofiend
|join|Gaet-Kun06
|player|p1|robofiend|51
|player|p2|Gaet-Kun06|163
|gametype|singles
|gen|6
|tier|OU
|rated
|clearpoke
|poke|p1|Talonflame, M
|poke|p1|Magnezone
|poke|p1|Landorus, M
|poke|p1|Gardevoir, M
|poke|p1|Azumarill, F
|poke|p1|Latios, M
|poke|p2|Gallade, M
|poke|p2|Gengar, M
|poke|p2|Starmie
|poke|p2|Bisharp, F
|poke|p2|Raikou
|poke|p2|Heatran, F
|rule|Swagger Clause: Swagger is banned
|rule|Baton Pass Clause: Limit one PokÃ©mon knowing Baton Pass
|rule|Sleep Clause Mod: Limit one foe put to sleep
|rule|Species Clause: Limit one of each PokÃ©mon
|rule|OHKO Clause: OHKO moves are banned
|rule|Moody Clause: Moody is banned
|rule|Evasion Moves Clause: Evasion moves are banned
|rule|Endless Battle Clause: Forcing endless battles is banned
|rule|HP Percentage Mod: HP is shown in percentages
|teampreview
|
|start
|switch|p1a: Gardevoir|Gardevoir, M|339\/339
|switch|p2a: Heatran|Heatran, F|324\/324
|-item|p2a: Heatran|Air Balloon
|-ability|p1a: Gardevoir|Flash Fire|[from] ability: Trace|[of] p2a: Heatran
|turn|1
|
|detailschange|p1a: Gardevoir|Gardevoir-Mega, M
|-mega|p1a: Gardevoir|Gardevoir|Gardevoirite
|move|p2a: Heatran|Stealth Rock|p1a: Gardevoir
|-sidestart|p1: robofiend|move: Stealth Rock
|move|p1a: Gardevoir|Focus Blast|p2a: Heatran|[miss]
|-miss|p1a: Gardevoir|p2a: Heatran
|
|turn|2
|
|move|p2a: Heatran|Stone Edge|p1a: Gardevoir
|-damage|p1a: Gardevoir|237\/339
|move|p1a: Gardevoir|Hyper Voice|p2a: Heatran
|-resisted|p2a: Heatran
|-damage|p2a: Heatran|259\/324
|-enditem|p2a: Heatran|Air Balloon
|
|turn|3
|
|switch|p2a: Gengar|Gengar, M|261\/261
|move|p1a: Gardevoir|Focus Blast|p2a: Gengar
|-immune|p2a: Gengar|[msg]
|
|turn|4
|
|switch|p1a: Azumarill|Azumarill, F|403\/403
|-damage|p1a: Azumarill|353\/403|[from] Stealth Rock
|move|p2a: Gengar|Shadow Ball|p1a: Azumarill
|-damage|p1a: Azumarill|131\/403
|-damage|p2a: Gengar|235\/261|[from] item: Life Orb
|
|turn|5
|
|move|p2a: Gengar|Giga Drain|p1a: Azumarill
|-supereffective|p1a: Azumarill
|-damage|p1a: Azumarill|0 fnt
|-heal|p2a: Gengar|261\/261|[from] drain|[of] p1a: Azumarill
|-damage|p2a: Gengar|235\/261|[from] item: Life Orb
|faint|p1a: Azumarill
|
|
|switch|p1a: Latios|Latios, M|301\/301
|-damage|p1a: Latios|264\/301|[from] Stealth Rock
|turn|6
|
|switch|p2a: Bisharp|Bisharp, F|271\/271
|move|p1a: Latios|Draco Meteor|p2a: Bisharp
|-resisted|p2a: Bisharp
|-damage|p2a: Bisharp|107\/271
|-unboost|p1a: Latios|spa|2
|
|turn|7
|
|move|p1a: Latios|Draco Meteor|p2a: Bisharp
|-resisted|p2a: Bisharp
|-damage|p2a: Bisharp|24\/271
|-unboost|p1a: Latios|spa|2
|move|p2a: Bisharp|Pursuit|p1a: Latios
|-supereffective|p1a: Latios
|-damage|p1a: Latios|7\/301
|-damage|p2a: Bisharp|0 fnt|[from] item: Life Orb
|faint|p2a: Bisharp
|
|
|switch|p2a: Raikou|Raikou|322\/322
|-ability|p2a: Raikou|Pressure
|turn|8
|
|move|p1a: Latios|Draco Meteor|p2a: Raikou
|-damage|p2a: Raikou|267\/322
|-unboost|p1a: Latios|spa|2
|move|p2a: Raikou|Shadow Ball|p1a: Latios
|-supereffective|p1a: Latios
|-damage|p1a: Latios|0 fnt
|faint|p1a: Latios
|
|
|switch|p1a: Magnezone|Magnezone|343\/343
|-damage|p1a: Magnezone|322\/343|[from] Stealth Rock
|turn|9
|
|move|p2a: Raikou|Shadow Ball|p1a: Magnezone
|-damage|p1a: Magnezone|227\/343
|move|p1a: Magnezone|Thunderbolt|p2a: Raikou
|-resisted|p2a: Raikou
|-damage|p2a: Raikou|209\/322
|
|-heal|p1a: Magnezone|248\/343|[from] item: Leftovers
|turn|10
|
|move|p2a: Raikou|Volt Switch|p1a: Magnezone
|-resisted|p1a: Magnezone
|-damage|p1a: Magnezone|190\/343
|
|switch|p2a: Heatran|Heatran, F|259\/324
|move|p1a: Magnezone|Thunderbolt|p2a: Heatran
|-damage|p2a: Heatran|84\/324
|
|-heal|p1a: Magnezone|211\/343|[from] item: Leftovers
|turn|11
|
|switch|p1a: Gardevoir|Gardevoir-Mega, M|237\/339
|-damage|p1a: Gardevoir|195\/339|[from] Stealth Rock
|move|p2a: Heatran|Fire Blast|p1a: Gardevoir
|-damage|p1a: Gardevoir|44\/339
|
|turn|12
|
|move|p2a: Heatran|Fire Blast|p1a: Gardevoir
|-damage|p1a: Gardevoir|0 fnt
|faint|p1a: Gardevoir
|
|
|switch|p1a: Landorus|Landorus, M|319\/319
|-damage|p1a: Landorus|280\/319|[from] Stealth Rock
|turn|13
|
|move|p1a: Landorus|Psychic|p2a: Heatran
|-resisted|p2a: Heatran
|-damage|p2a: Heatran|11\/324
|move|p2a: Heatran|Fire Blast|p1a: Landorus
|-crit|p1a: Landorus
|-damage|p1a: Landorus|0 fnt
|faint|p1a: Landorus
|
|
|switch|p1a: Talonflame|Talonflame, M|360\/360
|-damage|p1a: Talonflame|180\/360|[from] Stealth Rock
|-enditem|p1a: Talonflame|Sitrus Berry|[eat]
|-heal|p1a: Talonflame|270\/360|[from] item: Sitrus Berry
|turn|14
|
|move|p1a: Talonflame|Swords Dance|p1a: Talonflame
|-boost|p1a: Talonflame|atk|2
|move|p2a: Heatran|Stone Edge|p1a: Talonflame
|-supereffective|p1a: Talonflame
|-damage|p1a: Talonflame|0 fnt
|faint|p1a: Talonflame
|
|-message|robofiend forfeited.
|leave|robofiend
|
|win|Gaet-Kun06
|raw|Ladder updating...
|player|p1
|raw|robofiend's rating: 1625 &rarr; <strong>1602<\/strong><br \/>(-23 for losing)
|raw|Gaet-Kun06's rating: 1577 &rarr; <strong>1599<\/strong><br \/>(+22 for winning)