|join|knaal
|join|Gaet-Kun06
|player|p1|knaal|265
|player|p2|Gaet-Kun06|163
|gametype|singles
|gen|6
|tier|OU
|rated
|clearpoke
|poke|p1|Scolipede, M
|poke|p1|Espeon, M
|poke|p1|Latios, M
|poke|p1|Terrakion
|poke|p1|Charizard, F
|poke|p1|Wobbuffet, M
|poke|p2|Metagross
|poke|p2|Keldeo-Resolute
|poke|p2|Gengar, M
|poke|p2|Talonflame, F
|poke|p2|Mandibuzz, F
|poke|p2|Seismitoad, F
|rule|Swagger Clause: Swagger is banned
|rule|Baton Pass Clause: Limit one PokÃ©mon knowing Baton Pass
|rule|Sleep Clause Mod: Limit one foe put to sleep
|rule|Species Clause: Limit one of each PokÃ©mon
|rule|OHKO Clause: OHKO moves are banned
|rule|Moody Clause: Moody is banned
|rule|Evasion Moves Clause: Evasion moves are banned
|rule|Endless Battle Clause: Forcing endless battles is banned
|rule|HP Percentage Mod: HP is shown in percentages
|teampreview
|c|âGaet-Kun06|it's an RMT
|
|start
|switch|p1a: Latios|Latios, M|364\/364
|switch|p2a: Metagross|Metagross|301\/301
|turn|1
|c|âknaal|ur an RMT
|c|âGaet-Kun06|double screen Latios + memento ice beam
|
|detailschange|p2a: Metagross|Metagross-Mega
|-mega|p2a: Metagross|Metagross|Metagrossite
|move|p1a: Latios|Reflect|p1a: Latios
|-sidestart|p1: knaal|Reflect
|move|p2a: Metagross|Meteor Mash|p1a: Latios
|-damage|p1a: Latios|218\/364
|
|turn|2
|c|âknaal|wtf
|c|âknaal|nah i m banded
|
|move|p1a: Latios|Memento|p2a: Metagross
|-unboost|p2a: Metagross|atk|2
|-unboost|p2a: Metagross|spa|2
|faint|p1a: Latios
|move|p2a: Metagross|Meteor Mash|p1: Latios|[notarget]
|-notarget
|
|
|switch|p1a: Scolipede|Scolipede, M|323\/323
|turn|3
|
|switch|p2a: Talonflame|Talonflame, F|297\/297
|move|p1a: Scolipede|Substitute|p1a: Scolipede
|-start|p1a: Scolipede|Substitute
|-damage|p1a: Scolipede|243\/323
|
|-heal|p1a: Scolipede|263\/323|[from] item: Black Sludge
|-boost|p1a: Scolipede|spe|1|[from] ability: Speed Boost
|turn|4
|
|move|p2a: Talonflame|Brave Bird|p1a: Scolipede
|-supereffective|p1a: Scolipede
|-end|p1a: Scolipede|Substitute
|-damage|p2a: Talonflame|271\/297|[from] recoil|[of] p1a: Scolipede
|move|p1a: Scolipede|Iron Defense|p1a: Scolipede
|-boost|p1a: Scolipede|def|2
|
|-heal|p1a: Scolipede|283\/323|[from] item: Black Sludge
|-boost|p1a: Scolipede|spe|1|[from] ability: Speed Boost
|turn|5
|
|move|p2a: Talonflame|Brave Bird|p1a: Scolipede
|-supereffective|p1a: Scolipede
|-damage|p1a: Scolipede|174\/323
|-damage|p2a: Talonflame|235\/297|[from] recoil|[of] p1a: Scolipede
|move|p1a: Scolipede|Iron Defense|p1a: Scolipede
|-boost|p1a: Scolipede|def|2
|
|-heal|p1a: Scolipede|194\/323|[from] item: Black Sludge
|-boost|p1a: Scolipede|spe|1|[from] ability: Speed Boost
|turn|6
|
|move|p2a: Talonflame|Brave Bird|p1a: Scolipede
|-supereffective|p1a: Scolipede
|-damage|p1a: Scolipede|131\/323
|-damage|p2a: Talonflame|214\/297|[from] recoil|[of] p1a: Scolipede
|move|p1a: Scolipede|Baton Pass|p1a: Scolipede
|
|switch|p1a: Charizard|Charizard, F|359\/359
|
|turn|7
|
|switch|p2a: Mandibuzz|Mandibuzz, F|421\/421
|detailschange|p1a: Charizard|Charizard-Mega-X, F
|-mega|p1a: Charizard|Charizard|Charizardite X
|move|p1a: Charizard|Swords Dance|p1a: Charizard
|-boost|p1a: Charizard|atk|2
|
|turn|8
|
|move|p1a: Charizard|Flare Blitz|p2a: Mandibuzz
|-damage|p2a: Mandibuzz|0 fnt
|-damage|p1a: Charizard|220\/359|[from] recoil|[of] p2a: Mandibuzz
|faint|p2a: Mandibuzz
|
|-sideend|p1: knaal|Reflect
|
|switch|p2a: Seismitoad|Seismitoad, F|414\/414
|turn|9
|
|move|p1a: Charizard|Dragon Claw|p2a: Seismitoad
|-damage|p2a: Seismitoad|81\/414
|move|p2a: Seismitoad|Earth Power|p1a: Charizard
|-supereffective|p1a: Charizard
|-damage|p1a: Charizard|14\/359
|-unboost|p1a: Charizard|spd|1
|
|-heal|p2a: Seismitoad|106\/414|[from] item: Leftovers
|turn|10
|
|move|p1a: Charizard|Dragon Claw|p2a: Seismitoad
|-damage|p2a: Seismitoad|0 fnt
|faint|p2a: Seismitoad
|
|
|switch|p2a: Talonflame|Talonflame, F|214\/297
|turn|11
|
|move|p2a: Talonflame|Brave Bird|p1a: Charizard
|-damage|p1a: Charizard|0 fnt
|-damage|p2a: Talonflame|209\/297|[from] recoil|[of] p1a: Charizard
|faint|p1a: Charizard
|
|
|switch|p1a: Oh no it's|Wobbuffet, M|584\/584
|turn|12
|
|move|p2a: Talonflame|Brave Bird|p1a: Oh no it's
|-damage|p1a: Oh no it's|170\/584
|-damage|p2a: Talonflame|72\/297|[from] recoil|[of] p1a: Oh no it's
|-enditem|p1a: Oh no it's|Sitrus Berry|[eat]
|-heal|p1a: Oh no it's|316\/584|[from] item: Sitrus Berry
|move|p1a: Oh no it's|Counter|p2a: Talonflame
|-damage|p2a: Talonflame|0 fnt
|faint|p2a: Talonflame
|
|
|switch|p2a: Gengar|Gengar, M|261\/261
|turn|13
|
|move|p2a: Gengar|Shadow Ball|p1a: Oh no it's
|-supereffective|p1a: Oh no it's
|-damage|p1a: Oh no it's|0 fnt
|-damage|p2a: Gengar|235\/261|[from] item: Life Orb
|faint|p1a: Oh no it's
|
|
|switch|p1a: Scolipede|Scolipede, M|131\/323
|turn|14
|
|move|p1a: Scolipede|Protect|p1a: Scolipede
|-singleturn|p1a: Scolipede|Protect
|move|p2a: Gengar|Shadow Ball|p1a: Scolipede
|-activate|p1a: Scolipede|Protect
|
|-heal|p1a: Scolipede|151\/323|[from] item: Black Sludge
|-boost|p1a: Scolipede|spe|1|[from] ability: Speed Boost
|turn|15
|
|move|p1a: Scolipede|Substitute|p1a: Scolipede
|-start|p1a: Scolipede|Substitute
|-damage|p1a: Scolipede|71\/323
|move|p2a: Gengar|Shadow Ball|p1a: Scolipede
|-end|p1a: Scolipede|Substitute
|-damage|p2a: Gengar|209\/261|[from] item: Life Orb
|
|-heal|p1a: Scolipede|91\/323|[from] item: Black Sludge
|-boost|p1a: Scolipede|spe|1|[from] ability: Speed Boost
|turn|16
|
|move|p1a: Scolipede|Baton Pass|p1a: Scolipede
|
|switch|p1a: Terrakion|Terrakion|323\/323
|move|p2a: Gengar|Shadow Ball|p1a: Terrakion
|-damage|p1a: Terrakion|136\/323
|-damage|p2a: Gengar|183\/261|[from] item: Life Orb
|
|turn|17
|
|switch|p2a: Keldeo-Resolute|Keldeo-Resolute|324\/324
|move|p1a: Terrakion|Stone Edge|p2a: Keldeo-Resolute
|-resisted|p2a: Keldeo-Resolute
|-damage|p2a: Keldeo-Resolute|224\/324
|
|turn|18
|
|move|p1a: Terrakion|Close Combat|p2a: Keldeo-Resolute
|-damage|p2a: Keldeo-Resolute|1\/324
|-unboost|p1a: Terrakion|def|1
|-unboost|p1a: Terrakion|spd|1
|move|p2a: Keldeo-Resolute|Scald|p1a: Terrakion
|-supereffective|p1a: Terrakion
|-damage|p1a: Terrakion|0 fnt
|faint|p1a: Terrakion
|
|
|switch|p1a: Espeon|Espeon, M|334\/334
|turn|19
|
|move|p2a: Keldeo-Resolute|Scald|p1a: Espeon
|-damage|p1a: Espeon|105\/334
|-status|p1a: Espeon|brn
|move|p1a: Espeon|Calm Mind|p1a: Espeon
|-boost|p1a: Espeon|spa|1
|-boost|p1a: Espeon|spd|1
|
|-heal|p1a: Espeon|125\/334 brn|[from] item: Leftovers
|-damage|p1a: Espeon|84\/334 brn|[from] brn
|turn|20
|-message|knaal forfeited.
|leave|knaal
|
|win|Gaet-Kun06
|raw|Ladder updating...
|player|p1
|raw|knaal's rating: 1517 &rarr; <strong>1494<\/strong><br \/>(-23 for losing)
|raw|Gaet-Kun06's rating: 1453 &rarr; <strong>1477<\/strong><br \/>(+24 for winning)