|join|Gaet-Kun06
|join|nikelalogique
|player|p1|Gaet-Kun06|163
|player|p2|nikelalogique|2
|gametype|singles
|gen|6
|tier|OU
|rated
|clearpoke
|poke|p1|Metagross
|poke|p1|Keldeo-Resolute
|poke|p1|Gengar, M
|poke|p1|Landorus-Therian, M
|poke|p1|Mandibuzz, F
|poke|p1|Clefable, F
|poke|p2|Slowbro, M
|poke|p2|Conkeldurr, M, shiny
|poke|p2|Talonflame, M, shiny
|poke|p2|Mandibuzz, F
|poke|p2|Sylveon, F
|poke|p2|Registeel
|rule|Swagger Clause: Swagger is banned
|rule|Baton Pass Clause: Limit one PokÃ©mon knowing Baton Pass
|rule|Sleep Clause Mod: Limit one foe put to sleep
|rule|Species Clause: Limit one of each PokÃ©mon
|rule|OHKO Clause: OHKO moves are banned
|rule|Moody Clause: Moody is banned
|rule|Evasion Moves Clause: Evasion moves are banned
|rule|Endless Battle Clause: Forcing endless battles is banned
|rule|HP Percentage Mod: HP is shown in percentages
|teampreview
|
|start
|switch|p1a: Gengar|Gengar, M|261\/261
|switch|p2a: Mandibuzz|Mandibuzz, F|424\/424
|turn|1
|join|Geordii
|
|switch|p1a: Clefable|Clefable, F|394\/394
|switch|p2a: Registeel|Registeel|364\/364
|
|turn|2
|
|move|p1a: Clefable|Stealth Rock|p2a: Registeel
|-sidestart|p2: nikelalogique|move: Stealth Rock
|move|p2a: Registeel|Stealth Rock|p1a: Clefable
|-sidestart|p1: Gaet-Kun06|move: Stealth Rock
|
|turn|3
|
|move|p1a: Clefable|Fire Blast|p2a: Registeel
|-supereffective|p2a: Registeel
|-damage|p2a: Registeel|274\/364
|move|p2a: Registeel|Iron Head|p1a: Clefable
|-supereffective|p1a: Clefable
|-damage|p1a: Clefable|194\/394
|
|-heal|p1a: Clefable|218\/394|[from] item: Leftovers
|-heal|p2a: Registeel|296\/364|[from] item: Leftovers
|turn|4
|
|switch|p1a: Mandibuzz|Mandibuzz, F|421\/421
|-damage|p1a: Mandibuzz|316\/421|[from] Stealth Rock
|move|p2a: Registeel|Seismic Toss|p1a: Mandibuzz
|-damage|p1a: Mandibuzz|216\/421
|
|-heal|p1a: Mandibuzz|242\/421|[from] item: Leftovers
|-heal|p2a: Registeel|318\/364|[from] item: Leftovers
|turn|5
|
|move|p1a: Mandibuzz|Knock Off|p2a: Registeel
|-damage|p2a: Registeel|258\/364
|-enditem|p2a: Registeel|Leftovers|[from] move: Knock Off|[of] p1a: Mandibuzz
|move|p2a: Registeel|Thunder Wave|p1a: Mandibuzz
|-status|p1a: Mandibuzz|par
|
|-heal|p1a: Mandibuzz|268\/421 par|[from] item: Leftovers
|turn|6
|
|switch|p2a: Sylveon|Sylveon, F|394\/394
|-damage|p2a: Sylveon|345\/394|[from] Stealth Rock
|move|p1a: Mandibuzz|Roost|p1a: Mandibuzz
|-heal|p1a: Mandibuzz|421\/421 par
|
|-heal|p2a: Sylveon|369\/394|[from] item: Leftovers
|turn|7
|
|switch|p1a: Metagross|Metagross|301\/301
|-damage|p1a: Metagross|283\/301|[from] Stealth Rock
|move|p2a: Sylveon|Wish|p2a: Sylveon
|
|-heal|p2a: Sylveon|393\/394|[from] item: Leftovers
|turn|8
|
|switch|p2a: Mandibuzz|Mandibuzz, F|424\/424
|-damage|p2a: Mandibuzz|318\/424|[from] Stealth Rock
|detailschange|p1a: Metagross|Metagross-Mega
|-mega|p1a: Metagross|Metagross|Metagrossite
|move|p1a: Metagross|Meteor Mash|p2a: Mandibuzz
|-damage|p2a: Mandibuzz|171\/424
|-damage|p1a: Metagross|233\/301|[from] item: Rocky Helmet|[of] p2a: Mandibuzz
|-boost|p1a: Metagross|atk|1
|
|-heal|p2a: Mandibuzz|368\/424|[from] move: Wish|[wisher] Sylveon
|turn|9
|
|switch|p1a: Clefable|Clefable, F|218\/394
|-damage|p1a: Clefable|169\/394|[from] Stealth Rock
|move|p2a: Mandibuzz|Foul Play|p1a: Clefable
|-resisted|p1a: Clefable
|-damage|p1a: Clefable|128\/394
|
|-heal|p1a: Clefable|152\/394|[from] item: Leftovers
|turn|10
|
|switch|p2a: Registeel|Registeel|258\/364
|-damage|p2a: Registeel|236\/364|[from] Stealth Rock
|move|p1a: Clefable|Moonlight|p1a: Clefable
|-heal|p1a: Clefable|349\/394
|
|-heal|p1a: Clefable|373\/394|[from] item: Leftovers
|turn|11
|
|switch|p1a: Landorus-Therian|Landorus-Therian, M|319\/319
|-damage|p1a: Landorus-Therian|280\/319|[from] Stealth Rock
|-ability|p1a: Landorus-Therian|Intimidate|[of] p2a: Registeel
|-fail|p2a: Registeel|unboost|[from] ability: Clear Body|[of] p2a: Registeel
|move|p2a: Registeel|Iron Head|p1a: Landorus-Therian
|-damage|p1a: Landorus-Therian|196\/319
|
|turn|12
|
|switch|p2a: Slowbro|Slowbro, M|394\/394
|-damage|p2a: Slowbro|345\/394|[from] Stealth Rock
|move|p1a: Landorus-Therian|Stone Edge|p2a: Slowbro
|-damage|p2a: Slowbro|232\/394
|
|turn|13
|
|switch|p1a: Clefable|Clefable, F|373\/394
|-damage|p1a: Clefable|324\/394|[from] Stealth Rock
|move|p2a: Slowbro|Scald|p1a: Clefable
|-damage|p1a: Clefable|245\/394
|-status|p1a: Clefable|brn
|
|-heal|p1a: Clefable|269\/394 brn|[from] item: Leftovers
|-damage|p1a: Clefable|220\/394 brn|[from] brn
|turn|14
|
|switch|p2a: Registeel|Registeel|236\/364
|-damage|p2a: Registeel|214\/364|[from] Stealth Rock
|move|p1a: Clefable|Moonlight|p1a: Clefable
|-heal|p1a: Clefable|394\/394 brn
|
|-damage|p1a: Clefable|345\/394 brn|[from] brn
|turn|15
|
|switch|p1a: Landorus-Therian|Landorus-Therian, M|196\/319
|-damage|p1a: Landorus-Therian|157\/319|[from] Stealth Rock
|-ability|p1a: Landorus-Therian|Intimidate|[of] p2a: Registeel
|-fail|p2a: Registeel|unboost|[from] ability: Clear Body|[of] p2a: Registeel
|move|p2a: Registeel|Seismic Toss|p1a: Landorus-Therian
|-damage|p1a: Landorus-Therian|57\/319
|
|turn|16
|
|switch|p2a: Slowbro|Slowbro, M|363\/394
|-damage|p2a: Slowbro|314\/394|[from] Stealth Rock
|move|p1a: Landorus-Therian|U-turn|p2a: Slowbro
|-supereffective|p2a: Slowbro
|-damage|p2a: Slowbro|158\/394
|
|switch|p1a: Gengar|Gengar, M|261\/261
|-damage|p1a: Gengar|229\/261|[from] Stealth Rock
|
|turn|17
|
|switch|p2a: Registeel|Registeel|214\/364
|-damage|p2a: Registeel|192\/364|[from] Stealth Rock
|move|p1a: Gengar|Will-O-Wisp|p2a: Registeel
|-status|p2a: Registeel|brn
|
|-damage|p2a: Registeel|147\/364 brn|[from] brn
|turn|18
|
|switch|p2a: Sylveon|Sylveon, F|393\/394
|-damage|p2a: Sylveon|344\/394|[from] Stealth Rock
|move|p1a: Gengar|Taunt|p2a: Sylveon
|-start|p2a: Sylveon|move: Taunt
|
|-heal|p2a: Sylveon|368\/394|[from] item: Leftovers
|turn|19
|
|switch|p2a: Conkeldurr|Conkeldurr, M, shiny|414\/414
|-damage|p2a: Conkeldurr|389\/414|[from] Stealth Rock
|move|p1a: Gengar|Will-O-Wisp|p2a: Conkeldurr
|-status|p2a: Conkeldurr|brn
|
|-damage|p2a: Conkeldurr|338\/414 brn|[from] brn
|turn|20
|
|switch|p1a: Clefable|Clefable, F|345\/394 brn
|-damage|p1a: Clefable|296\/394 brn|[from] Stealth Rock
|move|p2a: Conkeldurr|Knock Off|p1a: Clefable
|-resisted|p1a: Clefable
|-damage|p1a: Clefable|164\/394 brn
|-enditem|p1a: Clefable|Leftovers|[from] move: Knock Off|[of] p2a: Conkeldurr
|
|-damage|p1a: Clefable|115\/394 brn|[from] brn
|-damage|p2a: Conkeldurr|287\/414 brn|[from] brn
|turn|21
|
|switch|p2a: Sylveon|Sylveon, F|368\/394
|-damage|p2a: Sylveon|319\/394|[from] Stealth Rock
|move|p1a: Clefable|Moonblast|p2a: Sylveon
|-damage|p2a: Sylveon|252\/394
|
|-heal|p2a: Sylveon|276\/394|[from] item: Leftovers
|-damage|p1a: Clefable|66\/394 brn|[from] brn
|turn|22
|
|move|p2a: Sylveon|Heal Bell|p2a: Sylveon
|-cureteam|p2a: Sylveon|[from] move: HealBell
|move|p1a: Clefable|Moonlight|p1a: Clefable
|-heal|p1a: Clefable|263\/394 brn
|
|-heal|p2a: Sylveon|300\/394|[from] item: Leftovers
|-damage|p1a: Clefable|214\/394 brn|[from] brn
|turn|23
|
|move|p2a: Sylveon|Wish|p2a: Sylveon
|move|p1a: Clefable|Moonlight|p1a: Clefable
|-heal|p1a: Clefable|394\/394 brn
|
|-heal|p2a: Sylveon|324\/394|[from] item: Leftovers
|-damage|p1a: Clefable|345\/394 brn|[from] brn
|turn|24
|
|switch|p2a: Registeel|Registeel|147\/364
|-damage|p2a: Registeel|125\/364|[from] Stealth Rock
|switch|p1a: Landorus-Therian|Landorus-Therian, M|57\/319
|-damage|p1a: Landorus-Therian|18\/319|[from] Stealth Rock
|-ability|p1a: Landorus-Therian|Intimidate|[of] p2a: Registeel
|-fail|p2a: Registeel|unboost|[from] ability: Clear Body|[of] p2a: Registeel
|
|-heal|p2a: Registeel|322\/364|[from] move: Wish|[wisher] Sylveon
|turn|25
|
|switch|p2a: Slowbro|Slowbro, M|289\/394
|-damage|p2a: Slowbro|240\/394|[from] Stealth Rock
|move|p1a: Landorus-Therian|Earthquake|p2a: Slowbro
|-crit|p2a: Slowbro
|-damage|p2a: Slowbro|0 fnt
|faint|p2a: Slowbro
|
|c| Geordii|lol
|c|ânikelalogique|fuck me
|
|switch|p2a: Mandibuzz|Mandibuzz, F|368\/424
|-damage|p2a: Mandibuzz|262\/424|[from] Stealth Rock
|turn|26
|
|switch|p1a: Clefable|Clefable, F|345\/394 brn
|-damage|p1a: Clefable|296\/394 brn|[from] Stealth Rock
|move|p2a: Mandibuzz|Roost|p2a: Mandibuzz
|-heal|p2a: Mandibuzz|424\/424
|
|-damage|p1a: Clefable|247\/394 brn|[from] brn
|turn|27
|
|switch|p2a: Registeel|Registeel|322\/364
|-damage|p2a: Registeel|300\/364|[from] Stealth Rock
|move|p1a: Clefable|Moonlight|p1a: Clefable
|-heal|p1a: Clefable|394\/394 brn
|
|-damage|p1a: Clefable|345\/394 brn|[from] brn
|turn|28
|
|move|p1a: Clefable|Fire Blast|p2a: Registeel
|-supereffective|p2a: Registeel
|-damage|p2a: Registeel|208\/364
|move|p2a: Registeel|Iron Head|p1a: Clefable
|-supereffective|p1a: Clefable
|-damage|p1a: Clefable|165\/394 brn
|
|-damage|p1a: Clefable|116\/394 brn|[from] brn
|turn|29
|
|switch|p1a: Mandibuzz|Mandibuzz, F|421\/421 par
|-damage|p1a: Mandibuzz|316\/421 par|[from] Stealth Rock
|move|p2a: Registeel|Iron Head|p1a: Mandibuzz
|-damage|p1a: Mandibuzz|265\/421 par
|
|-heal|p1a: Mandibuzz|291\/421 par|[from] item: Leftovers
|turn|30
|
|switch|p2a: Sylveon|Sylveon, F|324\/394
|-damage|p2a: Sylveon|275\/394|[from] Stealth Rock
|move|p1a: Mandibuzz|Knock Off|p2a: Sylveon
|-resisted|p2a: Sylveon
|-damage|p2a: Sylveon|218\/394
|-enditem|p2a: Sylveon|Leftovers|[from] move: Knock Off|[of] p1a: Mandibuzz
|
|-heal|p1a: Mandibuzz|317\/421 par|[from] item: Leftovers
|turn|31
|
|switch|p1a: Metagross|Metagross-Mega|233\/301
|-damage|p1a: Metagross|215\/301|[from] Stealth Rock
|move|p2a: Sylveon|Yawn|p1a: Metagross
|-start|p1a: Metagross|move: Yawn|[of] p2a: Sylveon
|
|turn|32
|
|switch|p1a: Gengar|Gengar, M|229\/261
|-damage|p1a: Gengar|197\/261|[from] Stealth Rock
|move|p2a: Sylveon|Wish|p2a: Sylveon
|
|turn|33
|
|switch|p2a: Conkeldurr|Conkeldurr, M, shiny|287\/414
|-damage|p2a: Conkeldurr|262\/414|[from] Stealth Rock
|move|p1a: Gengar|Shadow Ball|p2a: Conkeldurr
|-crit|p2a: Conkeldurr
|-damage|p2a: Conkeldurr|5\/414
|-damage|p1a: Gengar|171\/261|[from] item: Life Orb
|
|-heal|p2a: Conkeldurr|202\/414|[from] move: Wish|[wisher] Sylveon
|turn|34
|c|âGaet-Kun06|sorry man
|c|ânikelalogique|part of the game
|
|switch|p1a: Clefable|Clefable, F|116\/394 brn
|-damage|p1a: Clefable|67\/394 brn|[from] Stealth Rock
|move|p2a: Conkeldurr|Ice Punch|p1a: Clefable
|-damage|p1a: Clefable|0 fnt
|faint|p1a: Clefable
|
|
|switch|p1a: Metagross|Metagross-Mega|215\/301
|-damage|p1a: Metagross|197\/301|[from] Stealth Rock
|turn|35
|
|switch|p2a: Mandibuzz|Mandibuzz, F|424\/424
|-damage|p2a: Mandibuzz|318\/424|[from] Stealth Rock
|move|p1a: Metagross|Meteor Mash|p2a: Mandibuzz
|-damage|p2a: Mandibuzz|167\/424
|-damage|p1a: Metagross|147\/301|[from] item: Rocky Helmet|[of] p2a: Mandibuzz
|
|turn|36
|
|move|p1a: Metagross|Meteor Mash|p2a: Mandibuzz
|-damage|p2a: Mandibuzz|0 fnt
|-damage|p1a: Metagross|97\/301|[from] item: Rocky Helmet|[of] p2a: Mandibuzz
|faint|p2a: Mandibuzz
|
|c|âGaet-Kun06|roll 34-40% i think
|
|switch|p2a: Talonflame|Talonflame, M, shiny|298\/298
|-damage|p2a: Talonflame|149\/298|[from] Stealth Rock
|turn|37
|
|switch|p1a: Landorus-Therian|Landorus-Therian, M|18\/319
|-damage|p1a: Landorus-Therian|0 fnt|[from] Stealth Rock
|faint|p1a: Landorus-Therian
|move|p2a: Talonflame|Flare Blitz|p1: Landorus-Therian|[notarget]
|-notarget
|
|
|switch|p1a: Mandibuzz|Mandibuzz, F|317\/421 par
|-damage|p1a: Mandibuzz|212\/421 par|[from] Stealth Rock
|turn|38
|
|move|p2a: Talonflame|Roost|p2a: Talonflame
|-heal|p2a: Talonflame|298\/298
|move|p1a: Mandibuzz|Roost|p1a: Mandibuzz
|-heal|p1a: Mandibuzz|421\/421 par
|
|turn|39
|
|move|p2a: Talonflame|Swords Dance|p2a: Talonflame
|-boost|p2a: Talonflame|atk|2
|move|p1a: Mandibuzz|Foul Play|p2a: Talonflame
|-damage|p2a: Talonflame|0 fnt
|faint|p2a: Talonflame
|
|c| Geordii|lol
|
|switch|p2a: Sylveon|Sylveon, F|218\/394
|-damage|p2a: Sylveon|169\/394|[from] Stealth Rock
|turn|40
|
|switch|p1a: Gengar|Gengar, M|171\/261
|-damage|p1a: Gengar|139\/261|[from] Stealth Rock
|move|p2a: Sylveon|Hyper Voice|p1a: Gengar
|-resisted|p1a: Gengar
|-damage|p1a: Gengar|43\/261
|
|turn|41
|
|move|p1a: Gengar|Shadow Ball|p2a: Sylveon
|-damage|p2a: Sylveon|60\/394
|-damage|p1a: Gengar|17\/261|[from] item: Life Orb
|move|p2a: Sylveon|Wish|p2a: Sylveon
|
|turn|42
|
|switch|p2a: Conkeldurr|Conkeldurr, M, shiny|202\/414
|-damage|p2a: Conkeldurr|177\/414|[from] Stealth Rock
|move|p1a: Gengar|Shadow Ball|p2a: Conkeldurr
|-damage|p2a: Conkeldurr|0 fnt
|-damage|p1a: Gengar|0 fnt|[from] item: Life Orb
|faint|p2a: Conkeldurr
|faint|p1a: Gengar
|
|c|ânikelalogique|well gg
|-message|nikelalogique forfeited.
|
|switch|p1a: Keldeo-Resolute|Keldeo-Resolute|324\/324
|switch|p2a: Registeel|Registeel|208\/364
|-damage|p1a: Keldeo-Resolute|304\/324|[from] Stealth Rock
|-damage|p2a: Registeel|186\/364|[from] Stealth Rock
|turn|43
|leave|nikelalogique
|
|win|Gaet-Kun06
|raw|Ladder updating...
|player|p2
|raw|Gaet-Kun06's rating: 1451 &rarr; <strong>1475<\/strong><br \/>(+24 for winning)
|raw|nikelalogique's rating: 1519 &rarr; <strong>1496<\/strong><br \/>(-23 for losing)