|join|dais it mane
|join|master sun
|player|p1|dais it mane|1
|player|p2|master sun|266
|gametype|singles
|gen|6
|tier|OU
|rated
|clearpoke
|poke|p1|Keldeo
|poke|p1|Diancie
|poke|p1|Landorus-Therian, M
|poke|p1|Diggersby, M
|poke|p1|Bisharp, F
|poke|p1|Azumarill, F
|poke|p2|Lopunny, F
|poke|p2|Thundurus, M
|poke|p2|Celebi
|poke|p2|Bisharp, M
|poke|p2|Keldeo-Resolute
|poke|p2|Landorus-Therian, M
|rule|Swagger Clause: Swagger is banned
|rule|Baton Pass Clause: Limit one PokÃ©mon knowing Baton Pass
|rule|Sleep Clause Mod: Limit one foe put to sleep
|rule|Species Clause: Limit one of each PokÃ©mon
|rule|OHKO Clause: OHKO moves are banned
|rule|Moody Clause: Moody is banned
|rule|Evasion Moves Clause: Evasion moves are banned
|rule|Endless Battle Clause: Forcing endless battles is banned
|rule|HP Percentage Mod: HP is shown in percentages
|teampreview
|
|start
|switch|p1a: Bisharp|Bisharp, F|272\/272
|switch|p2a: Keldeo-Resolute|Keldeo-Resolute|324\/324
|turn|1
|c|âmaster sun|sup
|c|âmaster sun|i like the name
|c|âmaster sun|LOL
|
|move|p2a: Keldeo-Resolute|Scald|p1a: Bisharp
|-damage|p1a: Bisharp|79\/272
|-status|p1a: Bisharp|brn
|move|p1a: Bisharp|Stealth Rock|p2a: Keldeo-Resolute
|-sidestart|p2: master sun|move: Stealth Rock
|
|-damage|p1a: Bisharp|45\/272 brn|[from] brn
|turn|2
|c|âdais it mane|das it mane
|
|move|p1a: Bisharp|Sucker Punch|p2a: Keldeo-Resolute
|-fail|p2a: Keldeo-Resolute
|move|p2a: Keldeo-Resolute|Substitute|p2a: Keldeo-Resolute
|-start|p2a: Keldeo-Resolute|Substitute
|-damage|p2a: Keldeo-Resolute|243\/324
|
|-heal|p2a: Keldeo-Resolute|263\/324|[from] item: Leftovers
|-damage|p1a: Bisharp|11\/272 brn|[from] brn
|turn|3
|c|âmaster sun|DAS IT MANE AV HED NOFF!
|
|move|p2a: Keldeo-Resolute|Scald|p1a: Bisharp
|-damage|p1a: Bisharp|0 fnt
|faint|p1a: Bisharp
|
|-heal|p2a: Keldeo-Resolute|283\/324|[from] item: Leftovers
|c|âdais it mane|das it mane was taken
|
|switch|p1a: Azumarill|Azumarill, F|364\/364
|turn|4
|
|move|p2a: Keldeo-Resolute|Scald|p1a: Azumarill
|-resisted|p1a: Azumarill
|-damage|p1a: Azumarill|278\/364
|-status|p1a: Azumarill|brn
|move|p1a: Azumarill|Play Rough|p2a: Keldeo-Resolute|[miss]
|-miss|p1a: Azumarill|p2a: Keldeo-Resolute
|
|-heal|p2a: Keldeo-Resolute|303\/324|[from] item: Leftovers
|-damage|p1a: Azumarill|233\/364 brn|[from] brn
|turn|5
|c|âmaster sun|ooo
|c|âmaster sun|looks like you're getting haxed this game
|
|move|p2a: Keldeo-Resolute|Secret Sword|p1a: Azumarill
|-resisted|p1a: Azumarill
|-damage|p1a: Azumarill|140\/364 brn
|-enditem|p1a: Azumarill|Sitrus Berry|[eat]
|-heal|p1a: Azumarill|231\/364 brn|[from] item: Sitrus Berry
|move|p1a: Azumarill|Play Rough|p2a: Keldeo-Resolute
|-supereffective|p2a: Keldeo-Resolute
|-end|p2a: Keldeo-Resolute|Substitute
|
|-heal|p2a: Keldeo-Resolute|323\/324|[from] item: Leftovers
|-damage|p1a: Azumarill|186\/364 brn|[from] brn
|turn|6
|c|âdais it mane|azumarill is not well trained
|c|âmaster sun|keldeo is well trained
|
|switch|p2a: Celebi|Celebi|403\/403
|-damage|p2a: Celebi|353\/403|[from] Stealth Rock
|move|p1a: Azumarill|Knock Off|p2a: Celebi
|-supereffective|p2a: Celebi
|-damage|p2a: Celebi|213\/403
|-enditem|p2a: Celebi|Leftovers|[from] move: Knock Off|[of] p1a: Azumarill
|
|-damage|p1a: Azumarill|141\/364 brn|[from] brn
|turn|7
|c|âmaster sun|nice job for finally getting some fkin burns
|c|âdais it mane|yh
|c|âdais it mane|lol
|c|âmaster sun|what's yh
|c|âdais it mane|??
|
|move|p2a: Celebi|Recover|p2a: Celebi
|-heal|p2a: Celebi|403\/403
|move|p1a: Azumarill|Knock Off|p2a: Celebi
|-supereffective|p2a: Celebi
|-damage|p2a: Celebi|315\/403
|
|-damage|p1a: Azumarill|96\/364 brn|[from] brn
|turn|8
|c|âmaster sun|?? what's yh
|c|âdais it mane|keldeo
|c|âdais it mane|getting burns
|c|âdais it mane|idk im at work and really tired
|c|âmaster sun|wait but what does yh stand for
|c|âdais it mane|oh
|c|âdais it mane|yeah
|c|âdais it mane|yh = yeah
|c|âdais it mane|yes
|c|âmaster sun|oh LOL
|c|âdais it mane|lol
|c|âmaster sun|ok thanks
|
|move|p2a: Celebi|Substitute|p2a: Celebi
|-start|p2a: Celebi|Substitute
|-damage|p2a: Celebi|215\/403
|move|p1a: Azumarill|Play Rough|p2a: Celebi
|-crit|p2a: Celebi
|-end|p2a: Celebi|Substitute
|
|-damage|p1a: Azumarill|51\/364 brn|[from] brn
|turn|9
|c|âmaster sun|ur team is a bit waek to keld lol
|
|move|p2a: Celebi|Recover|p2a: Celebi
|-heal|p2a: Celebi|403\/403
|move|p1a: Azumarill|Play Rough|p2a: Celebi
|-damage|p2a: Celebi|313\/403
|
|-damage|p1a: Azumarill|6\/364 brn|[from] brn
|turn|10
|c|âdais it mane|idk how to team build
|c|âmaster sun|me ntiether .__.
|c|âdais it mane|i see mons i like and just put them together
|c|âmaster sun|LOL
|
|move|p2a: Celebi|Substitute|p2a: Celebi
|-start|p2a: Celebi|Substitute
|-damage|p2a: Celebi|213\/403
|move|p1a: Azumarill|Knock Off|p2a: Celebi
|-supereffective|p2a: Celebi
|-activate|p2a: Celebi|Substitute|[damage]
|
|-damage|p1a: Azumarill|0 fnt|[from] brn
|faint|p1a: Azumarill
|c|âmaster sun|that's p much what i do too!
|c|âmaster sun|except sometimes i copy other teams
|c|âdais it mane|like i had a team before
|c|âdais it mane|wer 5 types wer flying
|c|âdais it mane|and only excadrill to rapid spin rocks
|
|switch|p1a: Landorus-Therian|Landorus-Therian, M|319\/319
|-activate|p2a: Celebi|Substitute|ability: Intimidate|[of] p1a: Landorus-Therian
|turn|11
|c|âmaster sun|LOL
|c|âmaster sun|did it work out
|c|âdais it mane|did ok
|
|move|p1a: Landorus-Therian|U-turn|p2a: Celebi
|-supereffective|p2a: Celebi
|-end|p2a: Celebi|Substitute
|c|âmaster sun|sounds like exca was gonna be pretty pressured tho
|c|âdais it mane|scarf staraptor saved the day so many times
|
|switch|p1a: Keldeo|Keldeo|323\/323
|move|p2a: Celebi|Giga Drain|p1a: Keldeo
|-supereffective|p1a: Keldeo
|-damage|p1a: Keldeo|123\/323
|-heal|p2a: Celebi|313\/403|[from] drain|[of] p1a: Keldeo
|
|turn|12
|c|âmaster sun|ahh raptor is nice
|
|move|p1a: Keldeo|Hydro Pump|p2a: Celebi
|-crit|p2a: Celebi
|-resisted|p2a: Celebi
|-damage|p2a: Celebi|199\/403
|move|p2a: Celebi|Giga Drain|p1a: Keldeo
|-supereffective|p1a: Keldeo
|-damage|p1a: Keldeo|0 fnt
|-heal|p2a: Celebi|261\/403|[from] drain|[of] p1a: Keldeo
|faint|p1a: Keldeo
|
|
|switch|p1a: Diggersby|Diggersby, M|312\/312
|turn|13
|
|switch|p2a: Landorus-Therian|Landorus-Therian, M|382\/382
|-damage|p2a: Landorus-Therian|335\/382|[from] Stealth Rock
|-ability|p2a: Landorus-Therian|Intimidate|[of] p1a: Diggersby
|-unboost|p1a: Diggersby|atk|1
|move|p1a: Diggersby|Return|p2a: Landorus-Therian
|-damage|p2a: Landorus-Therian|164\/382
|
|-heal|p2a: Landorus-Therian|187\/382|[from] item: Leftovers
|turn|14
|c|âmaster sun|OH MY GOD POWER
|
|switch|p1a: Landorus-Therian|Landorus-Therian, M|319\/319
|-ability|p1a: Landorus-Therian|Intimidate|[of] p2a: Landorus-Therian
|-unboost|p2a: Landorus-Therian|atk|1
|move|p2a: Landorus-Therian|Stealth Rock|p1a: Landorus-Therian
|-sidestart|p1: dais it mane|move: Stealth Rock
|
|-heal|p2a: Landorus-Therian|210\/382|[from] item: Leftovers
|turn|15
|
|move|p1a: Landorus-Therian|Explosion|p2a: Landorus-Therian
|-damage|p2a: Landorus-Therian|0 fnt
|faint|p1a: Landorus-Therian
|faint|p2a: Landorus-Therian
|
|c|âmaster sun|o.
|c|âdais it mane|lol
|
|switch|p2a: Celebi|Celebi|261\/403
|switch|p1a: Diancie|Diancie|241\/241
|-damage|p2a: Celebi|211\/403|[from] Stealth Rock
|-damage|p1a: Diancie|211\/241|[from] Stealth Rock
|turn|16
|
|detailschange|p1a: Diancie|Diancie-Mega
|-mega|p1a: Diancie|Diancie|Diancite
|move|p1a: Diancie|Protect|p1a: Diancie
|-singleturn|p1a: Diancie|Protect
|move|p2a: Celebi|Recover|p2a: Celebi
|-heal|p2a: Celebi|403\/403
|
|turn|17
|
|move|p1a: Diancie|Moonblast|p2a: Celebi
|-damage|p2a: Celebi|270\/403
|move|p2a: Celebi|Giga Drain|p1a: Diancie
|-supereffective|p1a: Diancie
|-damage|p1a: Diancie|43\/241
|-heal|p2a: Celebi|354\/403|[from] drain|[of] p1a: Diancie
|
|turn|18
|
|move|p1a: Diancie|Diamond Storm|p2a: Celebi
|-damage|p2a: Celebi|179\/403
|-boost|p1a: Diancie|def|1
|move|p2a: Celebi|Giga Drain|p1a: Diancie
|-supereffective|p1a: Diancie
|-damage|p1a: Diancie|0 fnt
|-heal|p2a: Celebi|201\/403|[from] drain|[of] p1a: Diancie
|faint|p1a: Diancie
|
|
|switch|p1a: Diggersby|Diggersby, M|312\/312
|-damage|p1a: Diggersby|293\/312|[from] Stealth Rock
|turn|19
|
|move|p1a: Diggersby|Return|p2a: Celebi
|-damage|p2a: Celebi|0 fnt
|faint|p2a: Celebi
|
|
|switch|p2a: Keldeo-Resolute|Keldeo-Resolute|323\/324
|-damage|p2a: Keldeo-Resolute|303\/324|[from] Stealth Rock
|turn|20
|c|âdais it mane|gg
|
|move|p2a: Keldeo-Resolute|Scald|p1a: Diggersby
|-supereffective|p1a: Diggersby
|-damage|p1a: Diggersby|0 fnt
|faint|p1a: Diggersby
|
|win|master sun
|raw|Ladder updating...
|c|âmaster sun|gg mane
|raw|dais it mane's rating: 1643 &rarr; <strong>1621<\/strong><br \/>(-22 for losing)
|raw|master sun's rating: 1611 &rarr; <strong>1633<\/strong><br \/>(+22 for winning)
|c|âdais it mane|das it mane das it
|leave|dais it mane
|player|p1