|join|req'd by crobro
|join|Master Sun
|player|p1|req'd by crobro|144
|player|p2|Master Sun|170
|gametype|singles
|gen|6
|tier|OU
|rated
|clearpoke
|poke|p1|Metagross
|poke|p1|Magnezone
|poke|p1|Slowbro, F
|poke|p1|Clefable, M
|poke|p1|Gliscor, M, shiny
|poke|p1|Zapdos
|poke|p2|Garchomp, M
|poke|p2|Bisharp, F
|poke|p2|Breloom, F, shiny
|poke|p2|Charizard, M
|poke|p2|Azumarill, F
|poke|p2|Latias, F
|rule|Swagger Clause: Swagger is banned
|rule|Baton Pass Clause: Limit one PokÃ©mon knowing Baton Pass
|rule|Sleep Clause Mod: Limit one foe put to sleep
|rule|Species Clause: Limit one of each PokÃ©mon
|rule|OHKO Clause: OHKO moves are banned
|rule|Moody Clause: Moody is banned
|rule|Evasion Moves Clause: Evasion moves are banned
|rule|Endless Battle Clause: Forcing endless battles is banned
|rule|HP Percentage Mod: HP is shown in percentages
|teampreview
|
|start
|switch|p1a: Magnezone|Magnezone|281\/281
|switch|p2a: Azumarill|Azumarill, F|342\/342
|turn|1
|
|switch|p2a: Garchomp|Garchomp, M|357\/357
|move|p1a: Magnezone|Volt Switch|p2a: Garchomp
|-immune|p2a: Garchomp|[msg]
|
|turn|2
|
|switch|p1a: Fat Bat|Gliscor, M, shiny|354\/354
|move|p2a: Garchomp|Stealth Rock|p1a: Fat Bat
|-sidestart|p1: req'd by crobro|move: Stealth Rock
|
|-status|p1a: Fat Bat|tox|[from] item: Toxic Orb
|turn|3
|
|switch|p2a: Bisharp|Bisharp, F|272\/272
|move|p1a: Fat Bat|Stealth Rock|p2a: Bisharp
|-sidestart|p2: Master Sun|move: Stealth Rock
|
|turn|4
|
|switch|p2a: Latias|Latias, F|301\/301
|-damage|p2a: Latias|264\/301|[from] Stealth Rock
|move|p1a: Fat Bat|Earthquake|p2a: Latias
|-immune|p2a: Latias|[msg]
|
|turn|5
|
|move|p2a: Latias|Psyshock|p1a: Fat Bat
|-damage|p1a: Fat Bat|232\/354 tox
|-damage|p2a: Latias|234\/301|[from] item: Life Orb
|move|p1a: Fat Bat|Roost|p1a: Fat Bat
|-heal|p1a: Fat Bat|354\/354 tox
|
|turn|6
|
|move|p2a: Latias|Defog|p1a: Fat Bat
|-unboost|p1a: Fat Bat|evasion|1
|-sideend|p1: req'd by crobro|Stealth Rock|[from] move: Defog|[of] p1a: Fat Bat
|-sideend|p2: Master Sun|Stealth Rock|[from] move: Defog|[of] p2a: Latias
|move|p1a: Fat Bat|Roost|p1a: Fat Bat
|-fail|p1a: Fat Bat
|
|turn|7
|
|switch|p2a: Azumarill|Azumarill, F|342\/342
|move|p1a: Fat Bat|Roost|p1a: Fat Bat
|-fail|p1a: Fat Bat
|
|turn|8
|
|switch|p1a: Zapdos|Zapdos|383\/383
|-ability|p1a: Zapdos|Pressure
|move|p2a: Azumarill|Waterfall|p1a: Zapdos
|-damage|p1a: Zapdos|223\/383
|
|-heal|p1a: Zapdos|246\/383|[from] item: Leftovers
|turn|9
|
|switch|p2a: Garchomp|Garchomp, M|357\/357
|move|p1a: Zapdos|Hidden Power|p2a: Garchomp
|-supereffective|p2a: Garchomp
|-damage|p2a: Garchomp|69\/357
|
|-heal|p1a: Zapdos|269\/383|[from] item: Leftovers
|turn|10
|
|move|p2a: Garchomp|Swords Dance|p2a: Garchomp
|-boost|p2a: Garchomp|atk|2
|move|p1a: Zapdos|Hidden Power|p2a: Garchomp
|-supereffective|p2a: Garchomp
|-damage|p2a: Garchomp|0 fnt
|faint|p2a: Garchomp
|
|-heal|p1a: Zapdos|292\/383|[from] item: Leftovers
|
|switch|p2a: Charizard|Charizard, M|327\/327
|turn|11
|
|switch|p1a: Slowbro|Slowbro, F|394\/394
|detailschange|p2a: Charizard|Charizard-Mega-X, M
|-mega|p2a: Charizard|Charizard|Charizardite X
|move|p2a: Charizard|Dragon Dance|p2a: Charizard
|-boost|p2a: Charizard|atk|1
|-boost|p2a: Charizard|spe|1
|
|turn|12
|
|move|p2a: Charizard|Dragon Dance|p2a: Charizard
|-boost|p2a: Charizard|atk|1
|-boost|p2a: Charizard|spe|1
|move|p1a: Slowbro|Thunder Wave|p2a: Charizard
|-status|p2a: Charizard|par
|
|turn|13
|
|switch|p1a: Clefable|Clefable, M|394\/394
|move|p2a: Charizard|Dragon Claw|p1a: Clefable
|-immune|p1a: Clefable|[msg]
|
|turn|14
|
|move|p1a: Clefable|Moonblast|p2a: Charizard
|-damage|p2a: Charizard|213\/327 par
|-unboost|p2a: Charizard|spa|1
|move|p2a: Charizard|Flare Blitz|p1a: Clefable
|-damage|p1a: Clefable|0 fnt
|-damage|p2a: Charizard|83\/327 par|[from] recoil|[of] p1a: Clefable
|faint|p1a: Clefable
|
|
|switch|p1a: Metagross|Metagross|301\/301
|turn|15
|
|switch|p2a: Breloom|Breloom, F, shiny|261\/261
|detailschange|p1a: Metagross|Metagross-Mega
|-mega|p1a: Metagross|Metagross|Metagrossite
|move|p1a: Metagross|Ice Punch|p2a: Breloom
|-supereffective|p2a: Breloom
|-enditem|p2a: Breloom|Focus Sash
|-damage|p2a: Breloom|1\/261
|
|turn|16
|
|move|p2a: Breloom|Mach Punch|p1a: Metagross
|-damage|p1a: Metagross|232\/301
|move|p1a: Metagross|Ice Punch|p2a: Breloom
|-supereffective|p2a: Breloom
|-damage|p2a: Breloom|0 fnt
|faint|p2a: Breloom
|
|
|switch|p2a: Bisharp|Bisharp, F|272\/272
|turn|17
|
|switch|p1a: Fat Bat|Gliscor, M, shiny|354\/354 tox
|move|p2a: Bisharp|Swords Dance|p2a: Bisharp
|-boost|p2a: Bisharp|atk|2
|
|turn|18
|
|move|p1a: Fat Bat|Earthquake|p2a: Bisharp
|-supereffective|p2a: Bisharp
|-damage|p2a: Bisharp|54\/272
|move|p2a: Bisharp|Knock Off|p1a: Fat Bat
|-damage|p1a: Fat Bat|65\/354 tox
|-enditem|p1a: Fat Bat|Toxic Orb|[from] move: Knock Off|[of] p2a: Bisharp
|
|-heal|p1a: Fat Bat|109\/354 tox|[from] ability: Poison Heal
|turn|19
|
|move|p1a: Fat Bat|Roost|p1a: Fat Bat
|-heal|p1a: Fat Bat|286\/354 tox
|move|p2a: Bisharp|Knock Off|p1a: Fat Bat
|-damage|p1a: Fat Bat|103\/354 tox
|
|-heal|p1a: Fat Bat|147\/354 tox|[from] ability: Poison Heal
|turn|20
|
|move|p1a: Fat Bat|Roost|p1a: Fat Bat
|-heal|p1a: Fat Bat|324\/354 tox
|move|p2a: Bisharp|Iron Head|p1a: Fat Bat
|-crit|p1a: Fat Bat
|-damage|p1a: Fat Bat|0 fnt
|faint|p1a: Fat Bat
|
|
|switch|p1a: Zapdos|Zapdos|292\/383
|-ability|p1a: Zapdos|Pressure
|turn|21
|
|move|p2a: Bisharp|Sucker Punch|p1a: Zapdos
|-damage|p1a: Zapdos|52\/383
|move|p1a: Zapdos|Thunderbolt|p2a: Bisharp
|-damage|p2a: Bisharp|0 fnt
|faint|p2a: Bisharp
|
|-heal|p1a: Zapdos|75\/383|[from] item: Leftovers
|
|switch|p2a: Latias|Latias, F|234\/301
|turn|22
|
|move|p2a: Latias|Healing Wish|p2a: Latias
|faint|p2a: Latias
|move|p1a: Zapdos|Hidden Power|p2: Latias|[notarget]
|-notarget
|
|-heal|p1a: Zapdos|98\/383|[from] item: Leftovers
|
|switch|p2a: Charizard|Charizard-Mega-X, M|83\/327 par
|-heal|p2a: Charizard|327\/327|[from] move: Healing Wish
|turn|23
|
|switch|p1a: Slowbro|Slowbro, F|394\/394
|move|p2a: Charizard|Dragon Claw|p1a: Slowbro
|-damage|p1a: Slowbro|244\/394
|
|-heal|p1a: Slowbro|268\/394|[from] item: Leftovers
|turn|24
|
|move|p2a: Charizard|Dragon Claw|p1a: Slowbro
|-damage|p1a: Slowbro|117\/394
|move|p1a: Slowbro|Thunder Wave|p2a: Charizard
|-status|p2a: Charizard|par
|
|-heal|p1a: Slowbro|141\/394|[from] item: Leftovers
|turn|25
|
|move|p1a: Slowbro|Slack Off|p1a: Slowbro
|-heal|p1a: Slowbro|338\/394
|move|p2a: Charizard|Dragon Dance|p2a: Charizard
|-boost|p2a: Charizard|atk|1
|-boost|p2a: Charizard|spe|1
|
|-heal|p1a: Slowbro|362\/394|[from] item: Leftovers
|turn|26
|
|move|p2a: Charizard|Dragon Claw|p1a: Slowbro
|-damage|p1a: Slowbro|134\/394
|move|p1a: Slowbro|Scald|p2a: Charizard
|-damage|p2a: Charizard|225\/327 par
|
|-heal|p1a: Slowbro|158\/394|[from] item: Leftovers
|turn|27
|
|cant|p2a: Charizard|par
|move|p1a: Slowbro|Scald|p2a: Charizard
|-damage|p2a: Charizard|122\/327 par
|
|-heal|p1a: Slowbro|182\/394|[from] item: Leftovers
|turn|28
|
|move|p2a: Charizard|Dragon Dance|p2a: Charizard
|-boost|p2a: Charizard|atk|1
|-boost|p2a: Charizard|spe|1
|move|p1a: Slowbro|Scald|p2a: Charizard
|-damage|p2a: Charizard|5\/327 par
|
|-heal|p1a: Slowbro|206\/394|[from] item: Leftovers
|turn|29
|
|move|p2a: Charizard|Dragon Dance|p2a: Charizard
|-boost|p2a: Charizard|atk|1
|-boost|p2a: Charizard|spe|1
|move|p1a: Slowbro|Scald|p2a: Charizard
|-damage|p2a: Charizard|0 fnt
|faint|p2a: Charizard
|
|-heal|p1a: Slowbro|230\/394|[from] item: Leftovers
|
|switch|p2a: Azumarill|Azumarill, F|342\/342
|turn|30
|
|move|p2a: Azumarill|Belly Drum|p2a: Azumarill
|-damage|p2a: Azumarill|171\/342
|-setboost|p2a: Azumarill|atk|6|[from] move: Belly Drum
|-enditem|p2a: Azumarill|Sitrus Berry|[eat]
|-heal|p2a: Azumarill|256\/342|[from] item: Sitrus Berry
|move|p1a: Slowbro|Thunder Wave|p2a: Azumarill
|-status|p2a: Azumarill|par
|
|-heal|p1a: Slowbro|254\/394|[from] item: Leftovers
|turn|31
|
|move|p1a: Slowbro|Psyshock|p2a: Azumarill
|-damage|p2a: Azumarill|141\/342 par
|move|p2a: Azumarill|Play Rough|p1a: Slowbro
|-damage|p1a: Slowbro|0 fnt
|faint|p1a: Slowbro
|
|
|switch|p1a: Magnezone|Magnezone|281\/281
|turn|32
|
|move|p2a: Azumarill|Aqua Jet|p1a: Magnezone
|-damage|p1a: Magnezone|0 fnt
|faint|p1a: Magnezone
|
|
|switch|p1a: Zapdos|Zapdos|98\/383
|-ability|p1a: Zapdos|Pressure
|turn|33
|
|move|p2a: Azumarill|Aqua Jet|p1a: Zapdos
|-damage|p1a: Zapdos|0 fnt
|faint|p1a: Zapdos
|
|
|switch|p1a: Metagross|Metagross-Mega|232\/301
|turn|34
|
|move|p2a: Azumarill|Aqua Jet|p1a: Metagross
|-damage|p1a: Metagross|0 fnt
|faint|p1a: Metagross
|
|win|Master Sun
|raw|Ladder updating...
|raw|req&apos;d by crobro's rating: 1642 &rarr; <strong>1621<\/strong><br \/>(-21 for losing)
|raw|Master Sun's rating: 1634 &rarr; <strong>1654<\/strong><br \/>(+20 for winning)