|join|Master Sun
|join|Mentally Unsound
|player|p1|Master Sun|170
|player|p2|Mentally Unsound|283
|gametype|singles
|gen|6
|tier|OU
|rated
|clearpoke
|poke|p1|Garchomp, M
|poke|p1|Bisharp, F
|poke|p1|Breloom, F, shiny
|poke|p1|Charizard, M
|poke|p1|Azumarill, F
|poke|p1|Latias, F
|poke|p2|Metagross
|poke|p2|Keldeo-Resolute
|poke|p2|Heatran, F
|poke|p2|Zapdos
|poke|p2|Landorus-Therian, M
|poke|p2|Sylveon, M
|rule|Swagger Clause: Swagger is banned
|rule|Baton Pass Clause: Limit one PokÃ©mon knowing Baton Pass
|rule|Sleep Clause Mod: Limit one foe put to sleep
|rule|Species Clause: Limit one of each PokÃ©mon
|rule|OHKO Clause: OHKO moves are banned
|rule|Moody Clause: Moody is banned
|rule|Evasion Moves Clause: Evasion moves are banned
|rule|Endless Battle Clause: Forcing endless battles is banned
|rule|HP Percentage Mod: HP is shown in percentages
|teampreview
|
|start
|switch|p1a: Garchomp|Garchomp, M|357\/357
|switch|p2a: Landorus-Therian|Landorus-Therian, M|319\/319
|-ability|p2a: Landorus-Therian|Intimidate|[of] p1a: Garchomp
|-unboost|p1a: Garchomp|atk|1
|turn|1
|
|move|p2a: Landorus-Therian|U-turn|p1a: Garchomp
|-damage|p1a: Garchomp|257\/357
|-damage|p2a: Landorus-Therian|280\/319|[from] ability: Rough Skin|[of] p1a: Garchomp
|
|switch|p2a: Sylveon|Sylveon, M|394\/394
|move|p1a: Garchomp|Swords Dance|p1a: Garchomp
|-boost|p1a: Garchomp|atk|2
|
|turn|2
|
|switch|p2a: Landorus-Therian|Landorus-Therian, M|280\/319
|-ability|p2a: Landorus-Therian|Intimidate|[of] p1a: Garchomp
|-unboost|p1a: Garchomp|atk|1
|move|p1a: Garchomp|Stealth Rock|p2a: Landorus-Therian
|-sidestart|p2: Mentally Unsound|move: Stealth Rock
|
|turn|3
|
|move|p2a: Landorus-Therian|Earthquake|p1a: Garchomp
|-damage|p1a: Garchomp|38\/357
|move|p1a: Garchomp|Dragon Claw|p2a: Landorus-Therian
|-damage|p2a: Landorus-Therian|141\/319
|
|turn|4
|
|move|p2a: Landorus-Therian|Earthquake|p1a: Garchomp
|-damage|p1a: Garchomp|0 fnt
|faint|p1a: Garchomp
|
|
|switch|p1a: Charizard|Charizard, M|327\/327
|turn|5
|
|switch|p2a: Sylveon|Sylveon, M|394\/394
|-damage|p2a: Sylveon|345\/394|[from] Stealth Rock
|move|p1a: Charizard|Dragon Dance|p1a: Charizard
|-boost|p1a: Charizard|atk|1
|-boost|p1a: Charizard|spe|1
|
|-heal|p2a: Sylveon|369\/394|[from] item: Leftovers
|turn|6
|
|move|p1a: Charizard|Dragon Dance|p1a: Charizard
|-boost|p1a: Charizard|atk|1
|-boost|p1a: Charizard|spe|1
|move|p2a: Sylveon|Hyper Voice|p1a: Charizard
|-resisted|p1a: Charizard
|-damage|p1a: Charizard|225\/327
|
|-heal|p2a: Sylveon|393\/394|[from] item: Leftovers
|turn|7
|
|switch|p2a: Landorus-Therian|Landorus-Therian, M|141\/319
|-damage|p2a: Landorus-Therian|102\/319|[from] Stealth Rock
|-ability|p2a: Landorus-Therian|Intimidate|[of] p1a: Charizard
|-unboost|p1a: Charizard|atk|1
|detailschange|p1a: Charizard|Charizard-Mega-X, M
|-mega|p1a: Charizard|Charizard|Charizardite X
|move|p1a: Charizard|Flare Blitz|p2a: Landorus-Therian
|-damage|p2a: Landorus-Therian|0 fnt
|-damage|p1a: Charizard|191\/327|[from] recoil|[of] p2a: Landorus-Therian
|faint|p2a: Landorus-Therian
|
|
|switch|p2a: Sylveon|Sylveon, M|393\/394
|-damage|p2a: Sylveon|344\/394|[from] Stealth Rock
|turn|8
|
|move|p1a: Charizard|Flare Blitz|p2a: Sylveon
|-damage|p2a: Sylveon|0 fnt
|-damage|p1a: Charizard|77\/327|[from] recoil|[of] p2a: Sylveon
|faint|p2a: Sylveon
|
|
|switch|p2a: AM|Metagross|301\/301
|-damage|p2a: AM|283\/301|[from] Stealth Rock
|turn|9
|
|switch|p2a: Heatran|Heatran, F|385\/385
|-damage|p2a: Heatran|337\/385|[from] Stealth Rock
|move|p1a: Charizard|Earthquake|p2a: Heatran
|-supereffective|p2a: Heatran
|-damage|p2a: Heatran|0 fnt
|faint|p2a: Heatran
|
|c|âMaster Sun|got me
|-message|Mentally Unsound forfeited.
|
|win|Master Sun
|raw|Ladder updating...
|leave|Mentally Unsound
|player|p2
|raw|Master Sun's rating: 1497 &rarr; <strong>1511<\/strong><br \/>(+14 for winning)
|raw|Mentally Unsound's rating: 1392 &rarr; <strong>1378<\/strong><br \/>(-14 for losing)