|join|Master Sun
|join|Gocowboys
|player|p1|Master Sun|170
|player|p2|Gocowboys|50
|gametype|singles
|gen|6
|tier|OU
|rated
|clearpoke
|poke|p1|Garchomp, M
|poke|p1|Bisharp, F
|poke|p1|Breloom, F, shiny
|poke|p1|Charizard, M
|poke|p1|Azumarill, F
|poke|p1|Latias, F
|poke|p2|Sableye, M
|poke|p2|Scizor, F
|poke|p2|Landorus, M
|poke|p2|Keldeo
|poke|p2|Wobbuffet, F
|poke|p2|Latios, M
|rule|Swagger Clause: Swagger is banned
|rule|Baton Pass Clause: Limit one PokÃ©mon knowing Baton Pass
|rule|Sleep Clause Mod: Limit one foe put to sleep
|rule|Species Clause: Limit one of each PokÃ©mon
|rule|OHKO Clause: OHKO moves are banned
|rule|Moody Clause: Moody is banned
|rule|Evasion Moves Clause: Evasion moves are banned
|rule|Endless Battle Clause: Forcing endless battles is banned
|rule|HP Percentage Mod: HP is shown in percentages
|teampreview
|
|start
|switch|p1a: Charizard|Charizard, M|327\/327
|switch|p2a: Sableye|Sableye, M|304\/304
|turn|1
|
|switch|p2a: Wobbuffet|Wobbuffet, F|534\/534
|detailschange|p1a: Charizard|Charizard-Mega-X, M
|-mega|p1a: Charizard|Charizard|Charizardite X
|move|p1a: Charizard|Dragon Dance|p1a: Charizard
|-boost|p1a: Charizard|atk|1
|-boost|p1a: Charizard|spe|1
|
|turn|2
|
|move|p1a: Charizard|Dragon Dance|p1a: Charizard
|-boost|p1a: Charizard|atk|1
|-boost|p1a: Charizard|spe|1
|move|p2a: Wobbuffet|Encore|p1a: Charizard
|-start|p1a: Charizard|Encore
|
|turn|3
|
|switch|p2a: Keldeo|Keldeo|323\/323
|move|p1a: Charizard|Dragon Dance|p1a: Charizard
|-boost|p1a: Charizard|atk|1
|-boost|p1a: Charizard|spe|1
|
|turn|4
|
|switch|p1a: Latias|Latias, F|301\/301
|move|p2a: Keldeo|Scald|p1a: Latias
|-resisted|p1a: Latias
|-damage|p1a: Latias|219\/301
|-status|p1a: Latias|brn
|
|-damage|p1a: Latias|182\/301 brn|[from] brn
|turn|5
|
|switch|p1a: Charizard|Charizard-Mega-X, M|327\/327
|switch|p2a: Scizor|Scizor, F|343\/343
|
|turn|6
|
|switch|p2a: Wobbuffet|Wobbuffet, F|534\/534
|move|p1a: Charizard|Flare Blitz|p2a: Wobbuffet
|-damage|p2a: Wobbuffet|203\/534
|-damage|p1a: Charizard|218\/327|[from] recoil|[of] p2a: Wobbuffet
|
|-heal|p2a: Wobbuffet|236\/534|[from] item: Leftovers
|turn|7
|
|move|p1a: Charizard|Flare Blitz|p2a: Wobbuffet
|-damage|p2a: Wobbuffet|0 fnt
|-damage|p1a: Charizard|140\/327|[from] recoil|[of] p2a: Wobbuffet
|faint|p2a: Wobbuffet
|
|
|switch|p2a: Keldeo|Keldeo|323\/323
|turn|8
|
|switch|p1a: Latias|Latias, F|182\/301 brn
|move|p2a: Keldeo|Scald|p1a: Latias
|-resisted|p1a: Latias
|-damage|p1a: Latias|98\/301 brn
|
|-damage|p1a: Latias|61\/301 brn|[from] brn
|turn|9
|
|switch|p2a: Sableye|Sableye, M|304\/304
|move|p1a: Latias|Healing Wish|p1a: Latias
|faint|p1a: Latias
|
|
|switch|p1a: Charizard|Charizard-Mega-X, M|140\/327
|-heal|p1a: Charizard|327\/327|[from] move: Healing Wish
|turn|10
|c|âGocowboys|nice play
|c|âMaster Sun|ty
|
|switch|p2a: Latios|Latios, M|301\/301
|move|p1a: Charizard|Dragon Dance|p1a: Charizard
|-boost|p1a: Charizard|atk|1
|-boost|p1a: Charizard|spe|1
|
|turn|11
|c|âMaster Sun|hm wait imma have to think about this
|
|move|p1a: Charizard|Dragon Claw|p2a: Latios
|-supereffective|p2a: Latios
|-damage|p2a: Latios|0 fnt
|faint|p2a: Latios
|
|
|switch|p2a: Scizor|Scizor, F|343\/343
|turn|12
|
|move|p1a: Charizard|Flare Blitz|p2a: Scizor
|-supereffective|p2a: Scizor
|-damage|p2a: Scizor|0 fnt
|-damage|p1a: Charizard|214\/327|[from] recoil|[of] p2a: Scizor
|faint|p2a: Scizor
|
|
|switch|p2a: Landorus|Landorus, M|319\/319
|turn|13
|c|âMaster Sun|nice bluff though
|
|move|p1a: Charizard|Dragon Claw|p2a: Landorus
|-damage|p2a: Landorus|4\/319
|move|p2a: Landorus|Earth Power|p1a: Charizard
|-supereffective|p1a: Charizard
|-damage|p1a: Charizard|0 fnt
|faint|p1a: Charizard
|
|c|âMaster Sun|oh damn low roll
|c|âGocowboys|fuck i should've done that first
|c|âMaster Sun|nah it was just a low roll :P
|c|âMaster Sun|i dont know why i didnt flare blitz lol
|
|switch|p1a: Azumarill|Azumarill, F|342\/342
|turn|14
|
|move|p1a: Azumarill|Aqua Jet|p2a: Landorus
|-supereffective|p2a: Landorus
|-damage|p2a: Landorus|0 fnt
|faint|p2a: Landorus
|
|
|switch|p2a: Sableye|Sableye, M|304\/304
|turn|15
|
|detailschange|p2a: Sableye|Sableye-Mega, M
|-mega|p2a: Sableye|Sableye|Sablenite
|move|p2a: Sableye|Will-O-Wisp|p1a: Azumarill
|-status|p1a: Azumarill|brn
|move|p1a: Azumarill|Belly Drum|p1a: Azumarill
|-damage|p1a: Azumarill|171\/342 brn
|-setboost|p1a: Azumarill|atk|6|[from] move: Belly Drum
|-enditem|p1a: Azumarill|Sitrus Berry|[eat]
|-heal|p1a: Azumarill|256\/342 brn|[from] item: Sitrus Berry
|
|-damage|p1a: Azumarill|214\/342 brn|[from] brn
|turn|16
|
|move|p1a: Azumarill|Play Rough|p2a: Sableye
|-supereffective|p2a: Sableye
|-damage|p2a: Sableye|0 fnt
|faint|p2a: Sableye
|
|-damage|p1a: Azumarill|172\/342 brn|[from] brn
|
|switch|p2a: Keldeo|Keldeo|323\/323
|turn|17
|
|move|p2a: Keldeo|Secret Sword|p1a: Azumarill
|-resisted|p1a: Azumarill
|-damage|p1a: Azumarill|40\/342 brn
|move|p1a: Azumarill|Play Rough|p2a: Keldeo
|-supereffective|p2a: Keldeo
|-damage|p2a: Keldeo|0 fnt
|faint|p2a: Keldeo
|
|win|Master Sun
|raw|Ladder updating...
|raw|Master Sun's rating: 1592 &rarr; <strong>1608<\/strong><br \/>(+16 for winning)
|raw|Gocowboys's rating: 1524 &rarr; <strong>1508<\/strong><br \/>(-16 for losing)
|c|âMaster Sun|gg