|join|jake5
|join|louisxd
|player|p1|jake5|290
|player|p2|louisxd|165
|gametype|singles
|gen|6
|tier|ORAS OU
|rule|Sleep Clause Mod: Limit one foe put to sleep
|rule|Species Clause: Limit one of each PokÃ©mon
|rule|OHKO Clause: OHKO moves are banned
|rule|Moody Clause: Moody is banned
|rule|Evasion Moves Clause: Evasion moves are banned
|rule|Endless Battle Clause: Forcing endless battles is banned
|rule|HP Percentage Mod: HP is shown in percentages
|clearpoke
|poke|p1|Politoed, M, shiny
|poke|p1|Swampert, M, shiny
|poke|p1|Kingdra, M, shiny
|poke|p1|Ferrothorn, F, shiny
|poke|p1|Latias, F, shiny
|poke|p1|Gothitelle, M
|poke|p2|Greninja, M
|poke|p2|Kyurem-Black
|poke|p2|Talonflame, F
|poke|p2|Starmie
|poke|p2|Ferrothorn, M
|poke|p2|Salamence, M
|rule|Swagger Clause: Swagger is banned
|rule|Baton Pass Clause: Limit one PokÃ©mon knowing Baton Pass
|teampreview
|join|Moniker
|c|âjake5|gl
|c|âlouisxd|u2
|
|start
|switch|p1a: Politoed|Politoed, M, shiny|383\/383
|switch|p2a: Ferrothorn|Ferrothorn, M|303\/303
|-weather|RainDance
|turn|1
|join|imas234
|join|Demacekilljoy
|
|switch|p1a: Ferrothorn|Ferrothorn, F, shiny|352\/352
|move|p2a: Ferrothorn|Stealth Rock|p1a: Ferrothorn
|-sidestart|p1: jake5|move: Stealth Rock
|
|-weather|RainDance|[upkeep]
|turn|2
|join|JohnWise
|join|Tiny Phione
|join|Reaper68
|join|veex
|c| JohnWise|Whats ORAS ?
|
|switch|p2a: Talonflame|Talonflame, F|327\/327
|move|p1a: Ferrothorn|Stealth Rock|p2a: Talonflame
|-sidestart|p2: louisxd|move: Stealth Rock
|
|-weather|RainDance|[upkeep]
|turn|3
|
|switch|p1a: Gothitelle|Gothitelle, M|301\/301
|-damage|p1a: Gothitelle|264\/301|[from] Stealth Rock
|move|p2a: Talonflame|Swords Dance|p2a: Talonflame
|-boost|p2a: Talonflame|atk|2
|
|-weather|RainDance|[upkeep]
|turn|4
|
|move|p2a: Talonflame|Brave Bird|p1a: Gothitelle
|-damage|p1a: Gothitelle|0 fnt
|-damage|p2a: Talonflame|240\/327|[from] recoil|[of] p1a: Gothitelle
|faint|p1a: Gothitelle
|
|-weather|RainDance|[upkeep]
|
|switch|p1a: Swampert|Swampert, M, shiny|347\/347
|-damage|p1a: Swampert|326\/347|[from] Stealth Rock
|turn|5
|
|detailschange|p1a: Swampert|Swampert-Mega, M, shiny
|message|Swampert has Mega Evolved into Mega Swampert!
|move|p2a: Talonflame|Brave Bird|p1a: Swampert
|-damage|p1a: Swampert|0 fnt
|-damage|p2a: Talonflame|132\/327|[from] recoil|[of] p1a: Swampert
|faint|p1a: Swampert
|
|-weather|RainDance|[upkeep]
|c| Moniker|strong
|
|switch|p1a: Latias|Latias, F, shiny|301\/301
|-damage|p1a: Latias|264\/301|[from] Stealth Rock
|turn|6
|join|thebarry1394
|
|switch|p1a: Ferrothorn|Ferrothorn, F, shiny|352\/352
|-damage|p1a: Ferrothorn|330\/352|[from] Stealth Rock
|move|p2a: Talonflame|Brave Bird|p1a: Ferrothorn
|-damage|p1a: Ferrothorn|81\/352
|-damage|p2a: Talonflame|92\/327|[from] ability: Iron Barbs|[of] p1a: Ferrothorn
|-damage|p2a: Talonflame|10\/327|[from] recoil|[of] p1a: Ferrothorn
|
|-weather|RainDance|[upkeep]
|-heal|p1a: Ferrothorn|103\/352|[from] item: Leftovers
|turn|7
|join|Oras plzz
|
|move|p2a: Talonflame|Roost|p2a: Talonflame
|-heal|p2a: Talonflame|174\/327
|move|p1a: Ferrothorn|Gyro Ball|p2a: Talonflame
|-resisted|p2a: Talonflame
|-damage|p2a: Talonflame|57\/327
|
|-weather|RainDance|[upkeep]
|-heal|p1a: Ferrothorn|125\/352|[from] item: Leftovers
|turn|8
|c|âlouisxd|so close
|
|move|p2a: Talonflame|Roost|p2a: Talonflame
|-heal|p2a: Talonflame|221\/327
|move|p1a: Ferrothorn|Leech Seed|p2a: Talonflame
|-start|p2a: Talonflame|move: Leech Seed
|
|-weather|none
|-heal|p1a: Ferrothorn|147\/352|[from] item: Leftovers
|-damage|p2a: Talonflame|181\/327|[from] Leech Seed|[of] p1a: Ferrothorn
|-heal|p1a: Ferrothorn|187\/352|[silent]
|turn|9
|c|âjake5|hmm great imma get swept lol
|
|move|p2a: Talonflame|Brave Bird|p1a: Ferrothorn
|-damage|p1a: Ferrothorn|0 fnt
|-damage|p2a: Talonflame|141\/327|[from] ability: Iron Barbs|[of] p1a: Ferrothorn
|-damage|p2a: Talonflame|79\/327|[from] recoil|[of] p1a: Ferrothorn
|faint|p1a: Ferrothorn
|
|c|âjake5|lel gg
|-message|jake5 forfeited.
|
|win|louisxd
|c|âlouisxd|:)
|c|âlouisxd|gg
|leave|JohnWise
|c| Moniker|losing kabutops
|leave|Tiny Phione
|leave|Demacekilljoy
|leave|Moniker
|leave|imas234
|leave|louisxd
|player|p2
|leave|veex
|leave|thebarry1394
|join|thebarry1394