|join|Geeklie
|join|Louisxd
|player|p1|Geeklie|1
|player|p2|Louisxd|165
|gametype|singles
|gen|6
|tier|ORAS OU
|rated
|rule|Sleep Clause Mod: Limit one foe put to sleep
|rule|Species Clause: Limit one of each PokÃ©mon
|rule|OHKO Clause: OHKO moves are banned
|rule|Moody Clause: Moody is banned
|rule|Evasion Moves Clause: Evasion moves are banned
|rule|Endless Battle Clause: Forcing endless battles is banned
|rule|HP Percentage Mod: HP is shown in percentages
|clearpoke
|poke|p1|Dragonite, F
|poke|p1|Gliscor, M
|poke|p1|Latias, F
|poke|p1|Conkeldurr, F
|poke|p1|Skarmory, M
|poke|p1|Weavile, M
|poke|p2|Politoed, F
|poke|p2|Scizor, M
|poke|p2|Kingdra, F
|poke|p2|Zapdos
|poke|p2|Sceptile, M
|poke|p2|Wobbuffet, M
|rule|Swagger Clause: Swagger is banned
|rule|Baton Pass Clause: Limit one PokÃ©mon knowing Baton Pass
|teampreview
|
|start
|switch|p1a: Weavile|Weavile, M|282\/282
|switch|p2a: Politoed|Politoed, F|364\/364
|-weather|RainDance
|turn|1
|
|move|p1a: Weavile|Knock Off|p2a: Politoed
|-damage|p2a: Politoed|144\/364
|-enditem|p2a: Politoed|Damp Rock|[from] move: Knock Off|[of] p1a: Weavile
|move|p2a: Politoed|Scald|p1a: Weavile
|-damage|p1a: Weavile|63\/282
|-status|p1a: Weavile|brn
|
|-weather|RainDance|[upkeep]
|-damage|p1a: Weavile|28\/282 brn|[from] brn
|turn|2
|
|switch|p2a: Sceptile|Sceptile, M|299\/299
|move|p1a: Weavile|Knock Off|p2a: Sceptile
|-damage|p2a: Sceptile|209\/299
|
|-weather|RainDance|[upkeep]
|-damage|p1a: Weavile|0 fnt|[from] brn
|faint|p1a: Weavile
|
|switch|p1a: Conkeldurr|Conkeldurr, F|414\/414
|turn|3
|
|switch|p2a: Scizor|Scizor, M|329\/329
|move|p1a: Conkeldurr|Ice Punch|p2a: Scizor
|-resisted|p2a: Scizor
|-damage|p2a: Scizor|274\/329
|
|-weather|RainDance|[upkeep]
|turn|4
|
|move|p2a: Scizor|Bullet Punch|p1a: Conkeldurr
|-damage|p1a: Conkeldurr|230\/414
|move|p1a: Conkeldurr|Knock Off|p2a: Scizor
|-damage|p2a: Scizor|132\/329
|-enditem|p2a: Scizor|Choice Band|[from] move: Knock Off|[of] p1a: Conkeldurr
|
|-weather|RainDance|[upkeep]
|-heal|p1a: Conkeldurr|255\/414|[from] item: Leftovers
|turn|5
|
|move|p2a: Scizor|U-turn|p1a: Conkeldurr
|-resisted|p1a: Conkeldurr
|-damage|p1a: Conkeldurr|185\/414
|
|switch|p2a: Zapdos|Zapdos|384\/384
|-ability|p2a: Zapdos|Pressure
|move|p1a: Conkeldurr|Drain Punch|p2a: Zapdos
|-resisted|p2a: Zapdos
|-damage|p2a: Zapdos|303\/384
|-heal|p1a: Conkeldurr|226\/414|[from] drain|[of] p2a: Zapdos
|
|-weather|RainDance|[upkeep]
|-heal|p2a: Zapdos|327\/384|[from] item: Leftovers
|-heal|p1a: Conkeldurr|251\/414|[from] item: Leftovers
|turn|6
|
|switch|p1a: Gliscor|Gliscor, M|354\/354
|move|p2a: Zapdos|Thunder|p1a: Gliscor
|-immune|p1a: Gliscor|[msg]
|
|-weather|RainDance|[upkeep]
|-heal|p2a: Zapdos|351\/384|[from] item: Leftovers
|-status|p1a: Gliscor|tox|[from] item: Toxic Orb
|turn|7
|
|move|p1a: Gliscor|Stealth Rock|p2a: Zapdos
|-sidestart|p2: Louisxd|move: Stealth Rock
|move|p2a: Zapdos|Hidden Power|p1a: Gliscor
|-supereffective|p1a: Gliscor
|-damage|p1a: Gliscor|70\/354 tox
|
|-weather|RainDance|[upkeep]
|-heal|p2a: Zapdos|375\/384|[from] item: Leftovers
|-heal|p1a: Gliscor|114\/354 tox|[from] ability: Poison Heal
|turn|8
|
|move|p1a: Gliscor|Knock Off|p2a: Zapdos
|-damage|p2a: Zapdos|290\/384
|-enditem|p2a: Zapdos|Leftovers|[from] move: Knock Off|[of] p1a: Gliscor
|move|p2a: Zapdos|Defog|p1a: Gliscor
|-unboost|p1a: Gliscor|evasion|1
|-sideend|p2: Louisxd|Stealth Rock|[from] move: Defog|[of] p2a: Zapdos
|
|-weather|none
|-heal|p1a: Gliscor|158\/354 tox|[from] ability: Poison Heal
|turn|9
|
|switch|p1a: Latias|Latias, F|364\/364
|move|p2a: Zapdos|Hidden Power|p1a: Latias
|-supereffective|p1a: Latias
|-damage|p1a: Latias|288\/364
|
|-heal|p1a: Latias|310\/364|[from] item: Leftovers
|turn|10
|
|switch|p2a: Wobbuffet|Wobbuffet, M|532\/532
|move|p1a: Latias|Psyshock|p2a: Wobbuffet
|-resisted|p2a: Wobbuffet
|-damage|p2a: Wobbuffet|475\/532
|
|-heal|p1a: Latias|332\/364|[from] item: Leftovers
|turn|11
|
|move|p1a: Latias|Thunder Wave|p2a: Wobbuffet
|-status|p2a: Wobbuffet|par
|move|p2a: Wobbuffet|Mirror Coat|p1a: Latias
|-fail|p1a: Latias
|
|-heal|p1a: Latias|354\/364|[from] item: Leftovers
|turn|12
|
|move|p1a: Latias|Defog|p2a: Wobbuffet
|-unboost|p2a: Wobbuffet|evasion|1
|cant|p2a: Wobbuffet|par
|
|-heal|p1a: Latias|364\/364|[from] item: Leftovers
|turn|13
|
|move|p1a: Latias|Defog|p2a: Wobbuffet
|-unboost|p2a: Wobbuffet|evasion|1
|move|p2a: Wobbuffet|Encore|p1a: Latias
|-start|p1a: Latias|Encore
|
|turn|14
|
|switch|p2a: Sceptile|Sceptile, M|209\/299
|move|p1a: Latias|Defog|p2a: Sceptile
|-unboost|p2a: Sceptile|evasion|1
|
|turn|15
|
|switch|p1a: Skarmory|Skarmory, M|334\/334
|detailschange|p2a: Sceptile|Sceptile-Mega, M
|message|Sceptile has Mega Evolved into Mega Sceptile!
|move|p2a: Sceptile|Substitute|p2a: Sceptile
|-start|p2a: Sceptile|Substitute
|-damage|p2a: Sceptile|135\/299
|
|turn|16
|
|move|p2a: Sceptile|Focus Blast|p1a: Skarmory
|-damage|p1a: Skarmory|137\/334
|move|p1a: Skarmory|Whirlwind|p2a: Sceptile
|drag|p2a: Scizor|Scizor, M|132\/329
|
|-heal|p1a: Skarmory|157\/334|[from] item: Leftovers
|turn|17
|
|move|p2a: Scizor|Knock Off|p1a: Skarmory
|-damage|p1a: Skarmory|86\/334
|-enditem|p1a: Skarmory|Leftovers|[from] move: Knock Off|[of] p2a: Scizor
|move|p1a: Skarmory|Whirlwind|p2a: Scizor
|drag|p2a: Sceptile|Sceptile-Mega, M|135\/299
|
|turn|18
|
|move|p2a: Sceptile|Dragon Pulse|p1a: Skarmory
|-resisted|p1a: Skarmory
|-damage|p1a: Skarmory|0 fnt
|faint|p1a: Skarmory
|
|
|switch|p1a: Conkeldurr|Conkeldurr, F|251\/414
|turn|19
|
|move|p2a: Sceptile|Dragon Pulse|p1a: Conkeldurr
|-damage|p1a: Conkeldurr|25\/414
|move|p1a: Conkeldurr|Ice Punch|p2a: Sceptile
|-supereffective|p2a: Sceptile
|-damage|p2a: Sceptile|0 fnt
|faint|p2a: Sceptile
|
|-heal|p1a: Conkeldurr|50\/414|[from] item: Leftovers
|
|switch|p2a: Scizor|Scizor, M|132\/329
|turn|20
|
|move|p2a: Scizor|Bullet Punch|p1a: Conkeldurr
|-damage|p1a: Conkeldurr|0 fnt
|faint|p1a: Conkeldurr
|
|
|switch|p1a: Gliscor|Gliscor, M|158\/354 tox
|turn|21
|
|move|p1a: Gliscor|Stealth Rock|p2a: Scizor
|-sidestart|p2: Louisxd|move: Stealth Rock
|move|p2a: Scizor|U-turn|p1a: Gliscor
|-resisted|p1a: Gliscor
|-damage|p1a: Gliscor|113\/354 tox
|
|switch|p2a: Politoed|Politoed, F|144\/364
|-damage|p2a: Politoed|99\/364|[from] Stealth Rock
|-weather|RainDance
|
|-weather|RainDance|[upkeep]
|-heal|p1a: Gliscor|157\/354 tox|[from] ability: Poison Heal
|turn|22
|
|move|p1a: Gliscor|Earthquake|p2a: Politoed
|-damage|p2a: Politoed|0 fnt
|faint|p2a: Politoed
|
|-weather|RainDance|[upkeep]
|-heal|p1a: Gliscor|201\/354 tox|[from] ability: Poison Heal
|
|switch|p2a: Kingdra|Kingdra, F|291\/291
|-damage|p2a: Kingdra|255\/291|[from] Stealth Rock
|turn|23
|
|move|p2a: Kingdra|Hydro Pump|p1a: Gliscor
|-crit|p1a: Gliscor
|-supereffective|p1a: Gliscor
|-damage|p1a: Gliscor|0 fnt
|-damage|p2a: Kingdra|226\/291|[from] item: Life Orb
|faint|p1a: Gliscor
|
|-weather|RainDance|[upkeep]
|
|switch|p1a: Dragonite|Dragonite, F|324\/324
|turn|24
|
|move|p2a: Kingdra|Draco Meteor|p1a: Dragonite
|-supereffective|p1a: Dragonite
|-damage|p1a: Dragonite|47\/324
|-enditem|p1a: Dragonite|Weakness Policy
|-boost|p1a: Dragonite|atk|2|[from] item: Weakness Policy
|-boost|p1a: Dragonite|spa|2|[from] item: Weakness Policy
|-unboost|p2a: Kingdra|spa|2
|-damage|p2a: Kingdra|197\/291|[from] item: Life Orb
|move|p1a: Dragonite|Dragon Dance|p1a: Dragonite
|-boost|p1a: Dragonite|atk|1
|-boost|p1a: Dragonite|spe|1
|
|-weather|RainDance|[upkeep]
|turn|25
|
|move|p1a: Dragonite|Extreme Speed|p2a: Kingdra
|-damage|p2a: Kingdra|0 fnt
|faint|p2a: Kingdra
|
|-weather|none
|
|switch|p2a: Scizor|Scizor, M|132\/329
|-damage|p2a: Scizor|91\/329|[from] Stealth Rock
|turn|26
|
|move|p1a: Dragonite|Extreme Speed|p2a: Scizor
|-crit|p2a: Scizor
|-resisted|p2a: Scizor
|-damage|p2a: Scizor|0 fnt
|faint|p2a: Scizor
|
|
|switch|p2a: Zapdos|Zapdos|290\/384
|-damage|p2a: Zapdos|194\/384|[from] Stealth Rock
|-ability|p2a: Zapdos|Pressure
|turn|27
|
|move|p1a: Dragonite|Extreme Speed|p2a: Zapdos
|-damage|p2a: Zapdos|0 fnt
|faint|p2a: Zapdos
|
|
|switch|p2a: Wobbuffet|Wobbuffet, M|475\/532 par
|-damage|p2a: Wobbuffet|409\/532 par|[from] Stealth Rock
|turn|28
|
|move|p1a: Dragonite|Dragon Claw|p2a: Wobbuffet
|-damage|p2a: Wobbuffet|0 fnt
|faint|p2a: Wobbuffet
|
|win|Geeklie
|raw|Ladder updating...
|raw|Geeklie's rating: 1131 &rarr; <strong>1154<\/strong><br \/>(+23 for winning)
|raw|Louisxd's rating: 1095 &rarr; <strong>1073<\/strong><br \/>(-22 for losing)
|leave|Louisxd
|player|p2
|c|âGeeklie|gg