|join|Louisxd
|join|idontcare87
|player|p1|Louisxd|165
|player|p2|idontcare87|101
|gametype|singles
|gen|6
|tier|ORAS OU
|rated
|rule|Sleep Clause Mod: Limit one foe put to sleep
|rule|Species Clause: Limit one of each PokÃ©mon
|rule|OHKO Clause: OHKO moves are banned
|rule|Moody Clause: Moody is banned
|rule|Evasion Moves Clause: Evasion moves are banned
|rule|Endless Battle Clause: Forcing endless battles is banned
|rule|HP Percentage Mod: HP is shown in percentages
|clearpoke
|poke|p1|Weavile, M
|poke|p1|Altaria, F
|poke|p1|Magnezone
|poke|p1|Latios, M
|poke|p1|Ferrothorn, M
|poke|p1|Conkeldurr, M
|poke|p2|Vaporeon, F
|poke|p2|Diancie
|poke|p2|Landorus-Therian, M
|poke|p2|Latios, M
|poke|p2|Ferrothorn, M
|poke|p2|Talonflame, F
|rule|Swagger Clause: Swagger is banned
|rule|Baton Pass Clause: Limit one PokÃ©mon knowing Baton Pass
|teampreview
|
|start
|switch|p1a: Ferrothorn|Ferrothorn, M|352\/352
|switch|p2a: Talonflame|Talonflame, F|298\/298
|turn|1
|
|move|p1a: Ferrothorn|Protect|p1a: Ferrothorn
|-singleturn|p1a: Ferrothorn|Protect
|move|p2a: Talonflame|Flare Blitz|p1a: Ferrothorn
|-activate|p1a: Ferrothorn|Protect
|
|turn|2
|
|switch|p2a: Diancie|Diancie|241\/241
|switch|p1a: Altaria|Altaria, F|295\/295
|
|turn|3
|
|switch|p1a: Magnezone|Magnezone|281\/281
|detailschange|p2a: Diancie|Diancie-Mega
|message|Diancie has Mega Evolved into Mega Diancie!
|move|p2a: Diancie|Diamond Storm|p1a: Magnezone
|-resisted|p1a: Magnezone
|-damage|p1a: Magnezone|208\/281
|
|turn|4
|
|switch|p2a: Landorus-Therian|Landorus-Therian, M|382\/382
|-ability|p2a: Landorus-Therian|Intimidate|[of] p1a: Magnezone
|-unboost|p1a: Magnezone|atk|1
|move|p1a: Magnezone|Volt Switch|p2a: Landorus-Therian
|-immune|p2a: Landorus-Therian|[msg]
|
|turn|5
|
|switch|p1a: Ferrothorn|Ferrothorn, M|352\/352
|move|p2a: Landorus-Therian|U-turn|p1a: Ferrothorn
|-damage|p1a: Ferrothorn|300\/352
|-damage|p2a: Landorus-Therian|335\/382|[from] ability: Iron Barbs|[of] p1a: Ferrothorn
|
|switch|p2a: Diancie|Diancie-Mega|241\/241
|
|-heal|p1a: Ferrothorn|322\/352|[from] item: Leftovers
|turn|6
|
|move|p2a: Diancie|Hidden Power|p1a: Ferrothorn
|-supereffective|p1a: Ferrothorn
|-damage|p1a: Ferrothorn|58\/352
|move|p1a: Ferrothorn|Gyro Ball|p2a: Diancie
|-supereffective|p2a: Diancie
|-damage|p2a: Diancie|0 fnt
|faint|p2a: Diancie
|
|-heal|p1a: Ferrothorn|80\/352|[from] item: Leftovers
|
|switch|p2a: Landorus-Therian|Landorus-Therian, M|335\/382
|-ability|p2a: Landorus-Therian|Intimidate|[of] p1a: Ferrothorn
|-unboost|p1a: Ferrothorn|atk|1
|turn|7
|
|move|p1a: Ferrothorn|Protect|p1a: Ferrothorn
|-singleturn|p1a: Ferrothorn|Protect
|move|p2a: Landorus-Therian|Earthquake|p1a: Ferrothorn
|-activate|p1a: Ferrothorn|Protect
|
|-heal|p2a: Landorus-Therian|358\/382|[from] item: Leftovers
|-heal|p1a: Ferrothorn|102\/352|[from] item: Leftovers
|turn|8
|
|move|p2a: Landorus-Therian|Earthquake|p1a: Ferrothorn
|-damage|p1a: Ferrothorn|0 fnt
|faint|p1a: Ferrothorn
|
|-heal|p2a: Landorus-Therian|381\/382|[from] item: Leftovers
|
|switch|p1a: Altaria|Altaria, F|295\/295
|turn|9
|
|switch|p1a: Magnezone|Magnezone|208\/281
|move|p2a: Landorus-Therian|Stealth Rock|p1a: Magnezone
|-sidestart|p1: Louisxd|move: Stealth Rock
|
|-heal|p2a: Landorus-Therian|382\/382|[from] item: Leftovers
|turn|10
|
|switch|p1a: Latios|Latios, M|301\/301
|-damage|p1a: Latios|264\/301|[from] Stealth Rock
|move|p2a: Landorus-Therian|Knock Off|p1a: Latios
|-crit|p1a: Latios
|-supereffective|p1a: Latios
|-damage|p1a: Latios|0 fnt
|-enditem|p1a: Latios|Life Orb|[from] move: Knock Off|[of] p2a: Landorus-Therian
|faint|p1a: Latios
|
|
|switch|p1a: Weavile|Weavile, M|281\/281
|-damage|p1a: Weavile|211\/281|[from] Stealth Rock
|turn|11
|
|switch|p2a: Ferrothorn|Ferrothorn, M|352\/352
|move|p1a: Weavile|Icicle Crash|p2a: Ferrothorn
|-damage|p2a: Ferrothorn|234\/352
|-damage|p1a: Weavile|183\/281|[from] item: Life Orb
|
|turn|12
|
|move|p1a: Weavile|Icicle Crash|p2a: Ferrothorn
|-damage|p2a: Ferrothorn|113\/352
|-damage|p1a: Weavile|155\/281|[from] item: Life Orb
|move|p2a: Ferrothorn|Spikes|p1a: Weavile
|-sidestart|p1: Louisxd|Spikes
|
|turn|13
|
|switch|p2a: Vaporeon|Vaporeon, F|463\/463
|move|p1a: Weavile|Knock Off|p2a: Vaporeon
|-damage|p2a: Vaporeon|260\/463
|-enditem|p2a: Vaporeon|Leftovers|[from] move: Knock Off|[of] p1a: Weavile
|-damage|p1a: Weavile|127\/281|[from] item: Life Orb
|
|turn|14
|
|switch|p1a: Altaria|Altaria, F|295\/295
|-damage|p1a: Altaria|222\/295|[from] Stealth Rock
|move|p2a: Vaporeon|Wish|p2a: Vaporeon
|
|turn|15
|
|switch|p2a: Ferrothorn|Ferrothorn, M|113\/352
|detailschange|p1a: Altaria|Altaria-Mega, F
|message|Altaria has Mega Evolved into Mega Altaria!
|move|p1a: Altaria|Substitute|p1a: Altaria
|-start|p1a: Altaria|Substitute
|-damage|p1a: Altaria|149\/295
|
|-heal|p2a: Ferrothorn|344\/352|[from] move: Wish|[wisher] Vaporeon
|turn|16
|
|move|p1a: Altaria|Dragon Dance|p1a: Altaria
|-boost|p1a: Altaria|atk|1
|-boost|p1a: Altaria|spe|1
|move|p2a: Ferrothorn|Gyro Ball|p1a: Altaria
|-supereffective|p1a: Altaria
|-end|p1a: Altaria|Substitute
|
|turn|17
|
|switch|p1a: Magnezone|Magnezone|208\/281
|-damage|p1a: Magnezone|191\/281|[from] Stealth Rock
|-damage|p1a: Magnezone|156\/281|[from] Spikes
|move|p2a: Ferrothorn|Spikes|p1a: Magnezone
|-sidestart|p1: Louisxd|Spikes
|
|turn|18
|
|switch|p2a: Landorus-Therian|Landorus-Therian, M|382\/382
|-ability|p2a: Landorus-Therian|Intimidate|[of] p1a: Magnezone
|-unboost|p1a: Magnezone|atk|1
|move|p1a: Magnezone|Hidden Power|p2a: Landorus-Therian
|-damage|p2a: Landorus-Therian|303\/382
|
|-heal|p2a: Landorus-Therian|326\/382|[from] item: Leftovers
|turn|19
|-message|Louisxd forfeited.
|
|win|idontcare87
|raw|Ladder updating...
|leave|Louisxd
|player|p1
|raw|Louisxd's rating: 1425 &rarr; <strong>1406<\/strong><br \/>(-19 for losing)
|raw|idontcare87's rating: 1443 &rarr; <strong>1462<\/strong><br \/>(+19 for winning)