|join|Louisxd
|join|The Last Hero
|player|p1|Louisxd|165
|player|p2|The Last Hero|54
|gametype|singles
|gen|6
|tier|OU
|rated
|clearpoke
|poke|p1|Heracross, M
|poke|p1|Diancie
|poke|p1|Cresselia, F
|poke|p1|Victini
|poke|p1|Crawdaunt, M
|poke|p1|Slowbro, M
|poke|p2|Torterra, M
|poke|p2|Slowbro, M
|poke|p2|Zapdos
|poke|p2|Clefable, F
|poke|p2|Charizard, M, shiny
|poke|p2|Chansey, F
|rule|Swagger Clause: Swagger is banned
|rule|Baton Pass Clause: Limit one PokÃ©mon knowing Baton Pass
|rule|Sleep Clause Mod: Limit one foe put to sleep
|rule|Species Clause: Limit one of each PokÃ©mon
|rule|OHKO Clause: OHKO moves are banned
|rule|Moody Clause: Moody is banned
|rule|Evasion Moves Clause: Evasion moves are banned
|rule|Endless Battle Clause: Forcing endless battles is banned
|rule|HP Percentage Mod: HP is shown in percentages
|teampreview
|c|âThe Last Hero|2 diancies in a row
|c|âThe Last Hero|incredible
|
|start
|switch|p1a: Diancie|Diancie|304\/304
|switch|p2a: Turty|Torterra, M|393\/393
|turn|1
|
|move|p2a: Turty|Stealth Rock|p1a: Diancie
|-sidestart|p1: Louisxd|move: Stealth Rock
|move|p1a: Diancie|Stealth Rock|p2a: Turty
|-sidestart|p2: The Last Hero|move: Stealth Rock
|
|turn|2
|
|switch|p2a: Fabiole|Clefable, F|393\/393
|-damage|p2a: Fabiole|344\/393|[from] Stealth Rock
|move|p1a: Diancie|Trick Room|p1a: Diancie
|-fieldstart|move: Trick Room|[of] p1a: Diancie
|
|-heal|p2a: Fabiole|368\/393|[from] item: Leftovers
|turn|3
|
|move|p1a: Diancie|Explosion|p2a: Fabiole
|-damage|p2a: Fabiole|129\/393
|faint|p1a: Diancie
|move|p2a: Fabiole|Wish|p2a: Fabiole
|
|-heal|p2a: Fabiole|153\/393|[from] item: Leftovers
|
|switch|p1a: Victini|Victini|404\/404
|-damage|p1a: Victini|303\/404|[from] Stealth Rock
|turn|4
|
|move|p2a: Fabiole|Protect|p2a: Fabiole
|-singleturn|p2a: Fabiole|Protect
|move|p1a: Victini|V-create|p2a: Fabiole
|-activate|p2a: Fabiole|Protect
|
|-heal|p2a: Fabiole|349\/393|[from] move: Wish|[wisher] Fabiole
|-heal|p2a: Fabiole|373\/393|[from] item: Leftovers
|turn|5
|
|switch|p2a: Slow Pr0|Slowbro, M|393\/393
|-damage|p2a: Slow Pr0|344\/393|[from] Stealth Rock
|move|p1a: Victini|V-create|p2a: Slow Pr0
|-resisted|p2a: Slow Pr0
|-damage|p2a: Slow Pr0|214\/393
|-unboost|p1a: Victini|def|1
|-unboost|p1a: Victini|spd|1
|-unboost|p1a: Victini|spe|1
|-damage|p1a: Victini|263\/404|[from] item: Life Orb
|
|-heal|p2a: Slow Pr0|238\/393|[from] item: Leftovers
|turn|6
|
|move|p2a: Slow Pr0|Scald|p1a: Victini
|-supereffective|p1a: Victini
|-damage|p1a: Victini|0 fnt
|faint|p1a: Victini
|
|-heal|p2a: Slow Pr0|262\/393|[from] item: Leftovers
|-fieldend|move: Trick Room
|
|switch|p1a: Heracross|Heracross, M|364\/364
|-damage|p1a: Heracross|319\/364|[from] Stealth Rock
|turn|7
|
|detailschange|p1a: Heracross|Heracross-Mega, M
|message|Heracross has Mega Evolved into Mega Heracross!
|move|p1a: Heracross|Pin Missile|p2a: Slow Pr0
|-supereffective|p2a: Slow Pr0
|-damage|p2a: Slow Pr0|172\/393
|-supereffective|p2a: Slow Pr0
|-damage|p2a: Slow Pr0|80\/393
|-supereffective|p2a: Slow Pr0
|-damage|p2a: Slow Pr0|0 fnt
|-hitcount|p2a: Slow Pr0|3
|faint|p2a: Slow Pr0
|
|
|switch|p2a: Fabiole|Clefable, F|373\/393
|-damage|p2a: Fabiole|324\/393|[from] Stealth Rock
|turn|8
|
|switch|p1a: Cresselia|Cresselia, F|444\/444
|-damage|p1a: Cresselia|389\/444|[from] Stealth Rock
|move|p2a: Fabiole|Wish|p2a: Fabiole
|
|-heal|p1a: Cresselia|416\/444|[from] item: Leftovers
|-heal|p2a: Fabiole|348\/393|[from] item: Leftovers
|turn|9
|
|move|p2a: Fabiole|Moonblast|p1a: Cresselia
|-damage|p1a: Cresselia|350\/444
|move|p1a: Cresselia|Trick Room|p1a: Cresselia
|-fieldstart|move: Trick Room|[of] p1a: Cresselia
|
|-heal|p2a: Fabiole|393\/393|[from] move: Wish|[wisher] Fabiole
|-heal|p1a: Cresselia|377\/444|[from] item: Leftovers
|turn|10
|
|switch|p2a: Last Chance|Chansey, F|704\/704
|-damage|p2a: Last Chance|616\/704|[from] Stealth Rock
|switch|p1a: Crawdaunt|Crawdaunt, M|330\/330
|-damage|p1a: Crawdaunt|289\/330|[from] Stealth Rock
|
|turn|11
|
|move|p1a: Crawdaunt|Knock Off|p2a: Last Chance
|-damage|p2a: Last Chance|218\/704
|-enditem|p2a: Last Chance|Eviolite|[from] move: Knock Off|[of] p1a: Crawdaunt
|-damage|p1a: Crawdaunt|256\/330|[from] item: Life Orb
|move|p2a: Last Chance|Counter|p1a: Crawdaunt
|-damage|p1a: Crawdaunt|0 fnt
|faint|p1a: Crawdaunt
|
|
|switch|p1a: Heracross|Heracross-Mega, M|319\/364
|-damage|p1a: Heracross|274\/364|[from] Stealth Rock
|turn|12
|
|move|p2a: Last Chance|Seismic Toss|p1a: Heracross
|-damage|p1a: Heracross|174\/364
|move|p1a: Heracross|Rock Blast|p2a: Last Chance
|-damage|p2a: Last Chance|130\/704
|-damage|p2a: Last Chance|48\/704
|-damage|p2a: Last Chance|0 fnt
|-hitcount|p2a: Last Chance|3
|faint|p2a: Last Chance
|
|
|switch|p2a: Fabiole|Clefable, F|393\/393
|-damage|p2a: Fabiole|344\/393|[from] Stealth Rock
|turn|13
|
|move|p1a: Heracross|Rock Blast|p2a: Fabiole
|-damage|p2a: Fabiole|305\/393
|-damage|p2a: Fabiole|266\/393
|-damage|p2a: Fabiole|224\/393
|-damage|p2a: Fabiole|183\/393
|-damage|p2a: Fabiole|145\/393
|-hitcount|p2a: Fabiole|5
|move|p2a: Fabiole|Moonblast|p1a: Heracross
|-supereffective|p1a: Heracross
|-damage|p1a: Heracross|0 fnt
|faint|p1a: Heracross
|
|-heal|p2a: Fabiole|169\/393|[from] item: Leftovers
|-fieldend|move: Trick Room
|
|switch|p1a: Slowbro|Slowbro, M|394\/394
|-damage|p1a: Slowbro|345\/394|[from] Stealth Rock
|turn|14
|
|move|p2a: Fabiole|Wish|p2a: Fabiole
|move|p1a: Slowbro|Trick Room|p1a: Slowbro
|-fieldstart|move: Trick Room|[of] p1a: Slowbro
|
|-heal|p2a: Fabiole|193\/393|[from] item: Leftovers
|turn|15
|
|move|p2a: Fabiole|Protect|p2a: Fabiole
|-singleturn|p2a: Fabiole|Protect
|move|p1a: Slowbro|Surf|p2a: Fabiole
|-activate|p2a: Fabiole|Protect
|
|-heal|p2a: Fabiole|389\/393|[from] move: Wish|[wisher] Fabiole
|-heal|p2a: Fabiole|393\/393|[from] item: Leftovers
|turn|16
|
|move|p1a: Slowbro|Surf|p2a: Fabiole
|-damage|p2a: Fabiole|258\/393
|move|p2a: Fabiole|Wish|p2a: Fabiole
|
|-heal|p2a: Fabiole|282\/393|[from] item: Leftovers
|turn|17
|
|move|p1a: Slowbro|Surf|p2a: Fabiole
|-damage|p2a: Fabiole|150\/393
|move|p2a: Fabiole|Moonblast|p1a: Slowbro
|-damage|p1a: Slowbro|227\/394
|
|-heal|p2a: Fabiole|346\/393|[from] move: Wish|[wisher] Fabiole
|-heal|p2a: Fabiole|370\/393|[from] item: Leftovers
|turn|18
|
|move|p1a: Slowbro|Ice Beam|p2a: Fabiole
|-damage|p2a: Fabiole|273\/393
|move|p2a: Fabiole|Moonblast|p1a: Slowbro
|-damage|p1a: Slowbro|103\/394
|
|-heal|p2a: Fabiole|297\/393|[from] item: Leftovers
|-fieldend|move: Trick Room
|turn|19
|
|move|p2a: Fabiole|Moonblast|p1a: Slowbro
|-damage|p1a: Slowbro|0 fnt
|faint|p1a: Slowbro
|
|-heal|p2a: Fabiole|321\/393|[from] item: Leftovers
|
|switch|p1a: Cresselia|Cresselia, F|377\/444
|-damage|p1a: Cresselia|322\/444|[from] Stealth Rock
|turn|20
|
|switch|p2a: Carbonizador|Charizard, M, shiny|359\/359
|-damage|p2a: Carbonizador|180\/359|[from] Stealth Rock
|move|p1a: Cresselia|Psychic|p2a: Carbonizador
|-damage|p2a: Carbonizador|107\/359
|
|-heal|p1a: Cresselia|349\/444|[from] item: Leftovers
|turn|21
|leave|Louisxd
|player|p1
|-message|louisxd lost due to inactivity.
|
|win|The Last Hero
|raw|Ladder updating...
|raw|Louisxd's rating: 1832 &rarr; <strong>1812<\/strong><br \/>(-20 for losing)
|raw|The Last Hero's rating: 1833 &rarr; <strong>1853<\/strong><br \/>(+20 for winning)