|join|Greneenja
|join|Louisxd
|player|p1|Greneenja|20
|player|p2|Louisxd|165
|gametype|singles
|gen|6
|tier|OU
|clearpoke
|poke|p1|Gallade, M
|poke|p1|Bisharp, F
|poke|p1|Clefable, F
|poke|p1|Gengar, F
|poke|p1|Rotom-Wash
|poke|p1|Landorus-Therian, M
|poke|p2|Dragalge, M
|poke|p2|Scizor, M
|poke|p2|Slowbro, M
|poke|p2|Landorus, M
|poke|p2|Latios, M
|poke|p2|Clefable, F
|rule|Swagger Clause: Swagger is banned
|rule|Baton Pass Clause: Limit one PokÃ©mon knowing Baton Pass
|rule|Sleep Clause Mod: Limit one foe put to sleep
|rule|Species Clause: Limit one of each PokÃ©mon
|rule|OHKO Clause: OHKO moves are banned
|rule|Moody Clause: Moody is banned
|rule|Evasion Moves Clause: Evasion moves are banned
|rule|Endless Battle Clause: Forcing endless battles is banned
|rule|HP Percentage Mod: HP is shown in percentages
|teampreview
|join|mudkipz9001
|join|claudioo2
|c|âGreneenja|glhf
|c|âLouisxd|u2
|join|scscacsac
|join|riraiteu
|join|Chillingtilnoon
|join|Bulky Deoxys-A
|join|lowkicker
|
|start
|switch|p1a: Rotom-Wash|Rotom-Wash|303\/303
|switch|p2a: Sakuragi|Landorus, M|319\/319
|turn|1
|join|MoB Barley
|c| mudkipz9001|why is greneenja not using greneenja
|c| MoB Barley|louisxd has no swag
|c| MoB Barley|he won't win
|
|switch|p2a: Mori Buntarou|Dragalge, M|305\/305
|move|p1a: Rotom-Wash|Hydro Pump|p2a: Mori Buntarou
|-resisted|p2a: Mori Buntarou
|-damage|p2a: Mori Buntarou|246\/305
|
|turn|2
|c|âLouisxd|:[[[
|join|JSauce29
|join|PikachuCandy
|c| MoB Barley|damn something dies
|c|âGreneenja|pick a fodder
|c|âGreneenja|any fodder
|leave|PikachuCandy
|join|The Siegfried
|
|switch|p1a: Clefable|Clefable, F|393\/393
|move|p2a: Mori Buntarou|Draco Meteor|p1a: Clefable
|-immune|p1a: Clefable|[msg]
|
|turn|3
|leave|mudkipz9001
|
|switch|p2a: Sakuragi|Landorus, M|319\/319
|move|p1a: Clefable|Stealth Rock|p2a: Sakuragi
|-sidestart|p2: Louisxd|move: Stealth Rock
|
|turn|4
|c| MoB Barley|risky
|leave|MoB Barley
|
|switch|p1a: Rotom-Wash|Rotom-Wash|303\/303
|move|p2a: Sakuragi|Stealth Rock|p1a: Rotom-Wash
|-sidestart|p1: Greneenja|move: Stealth Rock
|
|turn|5
|
|move|p2a: Sakuragi|Psychic|p1a: Rotom-Wash
|-damage|p1a: Rotom-Wash|155\/303
|move|p1a: Rotom-Wash|Hydro Pump|p2a: Sakuragi|[miss]
|-miss|p1a: Rotom-Wash|p2a: Sakuragi
|
|-heal|p1a: Rotom-Wash|173\/303|[from] item: Leftovers
|turn|6
|c|âGreneenja|Rotom pls aim
|c|âLouisxd|:[[[[
|c|âLouisxd|sorry
|c|âGreneenja|Happens
|
|move|p2a: Sakuragi|Focus Blast|p1a: Rotom-Wash
|-damage|p1a: Rotom-Wash|0 fnt
|faint|p1a: Rotom-Wash
|
|c|âGreneenja|fren
|c|âGreneenja|:(
|c|âLouisxd|;_;
|c| claudioo2|I think pokemon would be much more competitive if crits and accuracy didn't exist
|
|switch|p1a: Gallade|Gallade, M|277\/277
|-damage|p1a: Gallade|260\/277|[from] Stealth Rock
|turn|7
|
|detailschange|p1a: Gallade|Gallade-Mega, M
|-mega|p1a: Gallade|Gallade|Galladite
|move|p2a: Sakuragi|Earth Power|p1a: Gallade
|-damage|p1a: Gallade|52\/277
|move|p1a: Gallade|Knock Off|p2a: Sakuragi
|-damage|p2a: Sakuragi|178\/319
|-enditem|p2a: Sakuragi|Life Orb|[from] move: Knock Off|[of] p1a: Gallade
|
|turn|8
|
|switch|p2a: Edward Elric|Scizor, M|343\/343
|-damage|p2a: Edward Elric|301\/343|[from] Stealth Rock
|move|p1a: Gallade|Zen Headbutt|p2a: Edward Elric
|-resisted|p2a: Edward Elric
|-damage|p2a: Edward Elric|210\/343
|
|turn|9
|
|detailschange|p2a: Edward Elric|Scizor-Mega, M
|-mega|p2a: Edward Elric|Scizor|Scizorite
|move|p2a: Edward Elric|Bullet Punch|p1a: Gallade
|-damage|p1a: Gallade|0 fnt
|faint|p1a: Gallade
|
|
|switch|p1a: Landorus-Therian|Landorus-Therian, M|319\/319
|-damage|p1a: Landorus-Therian|280\/319|[from] Stealth Rock
|-ability|p1a: Landorus-Therian|Intimidate|[of] p2a: Edward Elric
|-unboost|p2a: Edward Elric|atk|1
|turn|10
|
|move|p1a: Landorus-Therian|Earthquake|p2a: Edward Elric
|-damage|p2a: Edward Elric|56\/343
|move|p2a: Edward Elric|U-turn|p1a: Landorus-Therian
|-crit|p1a: Landorus-Therian
|-resisted|p1a: Landorus-Therian
|-damage|p1a: Landorus-Therian|175\/319
|
|switch|p2a: Sakuragi|Landorus, M|178\/319
|-damage|p2a: Sakuragi|139\/319|[from] Stealth Rock
|
|turn|11
|
|switch|p1a: Clefable|Clefable, F|393\/393
|move|p2a: Sakuragi|Earth Power|p1a: Clefable
|-damage|p1a: Clefable|182\/393
|
|-heal|p1a: Clefable|206\/393|[from] item: Leftovers
|turn|12
|
|move|p2a: Sakuragi|Earth Power|p1a: Clefable
|-damage|p1a: Clefable|2\/393
|move|p1a: Clefable|Moonblast|p2a: Sakuragi
|-damage|p2a: Sakuragi|10\/319
|
|-heal|p1a: Clefable|26\/393|[from] item: Leftovers
|turn|13
|leave|lowkicker
|
|move|p2a: Sakuragi|Psychic|p1a: Clefable
|-damage|p1a: Clefable|0 fnt
|faint|p1a: Clefable
|
|
|switch|p1a: Gengar|Gengar, F|259\/259
|-damage|p1a: Gengar|227\/259|[from] Stealth Rock
|turn|14
|
|move|p1a: Gengar|Shadow Ball|p2a: Sakuragi
|-damage|p2a: Sakuragi|0 fnt
|-damage|p1a: Gengar|202\/259|[from] item: Life Orb
|faint|p2a: Sakuragi
|
|
|switch|p2a: Edward Elric|Scizor-Mega, M|56\/343
|-damage|p2a: Edward Elric|14\/343|[from] Stealth Rock
|turn|15
|
|move|p2a: Edward Elric|Pursuit|p1a: Gengar|[from]Pursuit
|-supereffective|p1a: Gengar
|-damage|p1a: Gengar|0 fnt
|faint|p1a: Gengar
|
|c|âGreneenja|gg
|
|switch|p1a: Landorus-Therian|Landorus-Therian, M|175\/319
|-damage|p1a: Landorus-Therian|136\/319|[from] Stealth Rock
|-ability|p1a: Landorus-Therian|Intimidate|[of] p2a: Edward Elric
|-unboost|p2a: Edward Elric|atk|1
|turn|16
|
|move|p2a: Edward Elric|Bullet Punch|p1a: Landorus-Therian
|-damage|p1a: Landorus-Therian|46\/319
|move|p1a: Landorus-Therian|U-turn|p2a: Edward Elric
|-resisted|p2a: Edward Elric
|-damage|p2a: Edward Elric|0 fnt
|faint|p2a: Edward Elric
|
|switch|p1a: Bisharp|Bisharp, F|271\/271
|-damage|p1a: Bisharp|255\/271|[from] Stealth Rock
|
|
|switch|p2a: Mori Buntarou|Dragalge, M|246\/305
|-damage|p2a: Mori Buntarou|208\/305|[from] Stealth Rock
|turn|17
|
|move|p1a: Bisharp|Iron Head|p2a: Mori Buntarou
|-damage|p2a: Mori Buntarou|39\/305
|cant|p2a: Mori Buntarou|flinch
|
|turn|18
|
|move|p1a: Bisharp|Knock Off|p2a: Mori Buntarou
|-damage|p2a: Mori Buntarou|0 fnt
|-enditem|p2a: Mori Buntarou|Choice Specs|[from] move: Knock Off|[of] p1a: Bisharp
|faint|p2a: Mori Buntarou
|
|
|switch|p2a: Hikaru|Slowbro, M|394\/394
|-damage|p2a: Hikaru|345\/394|[from] Stealth Rock
|turn|19
|
|move|p1a: Bisharp|Swords Dance|p1a: Bisharp
|-boost|p1a: Bisharp|atk|2
|move|p2a: Hikaru|Scald|p1a: Bisharp
|-crit|p1a: Bisharp
|-damage|p1a: Bisharp|63\/271
|
|-heal|p2a: Hikaru|369\/394|[from] item: Leftovers
|turn|20
|
|move|p1a: Bisharp|Knock Off|p2a: Hikaru
|-supereffective|p2a: Hikaru
|-damage|p2a: Hikaru|0 fnt
|-enditem|p2a: Hikaru|Leftovers|[from] move: Knock Off|[of] p1a: Bisharp
|faint|p2a: Hikaru
|
|
|switch|p2a: Hikari Picasso|Latios, M|301\/301
|-damage|p2a: Hikari Picasso|264\/301|[from] Stealth Rock
|turn|21
|
|move|p1a: Bisharp|Sucker Punch|p2a: Hikari Picasso
|-fail|p2a: Hikari Picasso
|move|p2a: Hikari Picasso|Trick|p1a: Bisharp
|-activate|p2a: Hikari Picasso|move: Trick|[of] p1a: Bisharp
|-item|p1a: Bisharp|Choice Scarf|[from] move: Trick
|-item|p2a: Hikari Picasso|Lum Berry|[from] move: Trick
|
|turn|22
|
|move|p1a: Bisharp|Iron Head|p2a: Hikari Picasso
|-damage|p2a: Hikari Picasso|0 fnt
|faint|p2a: Hikari Picasso
|
|
|switch|p2a: Meiko|Clefable, F|394\/394
|turn|23
|c| Chillingtilnoon|gg
|
|move|p1a: Bisharp|Iron Head|p2a: Meiko
|-supereffective|p2a: Meiko
|-damage|p2a: Meiko|0 fnt
|faint|p2a: Meiko
|
|win|Greneenja
|leave|Chillingtilnoon
|leave|Louisxd
|leave|Greneenja
|player|p2
|player|p1
|leave|Bulky Deoxys-A
|leave|scscacsac
|leave|The Siegfried
|leave|JSauce29