|join|Louisxd
|join|Richizen
|player|p1|Louisxd|165
|player|p2|Richizen|1
|gametype|singles
|gen|6
|tier|OU
|rated
|clearpoke
|poke|p1|Dragalge, M
|poke|p1|Scizor, M
|poke|p1|Slowbro, M
|poke|p1|Landorus, M
|poke|p1|Latios, M
|poke|p1|Clefable, F
|poke|p2|Politoed, M
|poke|p2|Ferrothorn, M
|poke|p2|Scizor, M
|poke|p2|Vaporeon, F
|poke|p2|Volcarona, F
|poke|p2|Swampert, M
|rule|Swagger Clause: Swagger is banned
|rule|Baton Pass Clause: Limit one PokÃ©mon knowing Baton Pass
|rule|Sleep Clause Mod: Limit one foe put to sleep
|rule|Species Clause: Limit one of each PokÃ©mon
|rule|OHKO Clause: OHKO moves are banned
|rule|Moody Clause: Moody is banned
|rule|Evasion Moves Clause: Evasion moves are banned
|rule|Endless Battle Clause: Forcing endless battles is banned
|rule|HP Percentage Mod: HP is shown in percentages
|teampreview
|
|start
|switch|p1a: Sakuragi|Landorus, M|319\/319
|switch|p2a: Politoed|Politoed, M|384\/384
|-weather|RainDance
|turn|1
|
|switch|p1a: Meiko|Clefable, F|394\/394
|move|p2a: Politoed|Hydro Pump|p1a: Meiko|[miss]
|-miss|p2a: Politoed|p1a: Meiko
|
|-weather|RainDance|[upkeep]
|turn|2
|
|switch|p2a: Volcarona|Volcarona, F|320\/320
|switch|p1a: Mori Buntarou|Dragalge, M|305\/305
|
|-weather|RainDance|[upkeep]
|turn|3
|
|move|p2a: Volcarona|Quiver Dance|p2a: Volcarona
|-boost|p2a: Volcarona|spa|1
|-boost|p2a: Volcarona|spd|1
|-boost|p2a: Volcarona|spe|1
|move|p1a: Mori Buntarou|Scald|p2a: Volcarona
|-supereffective|p2a: Volcarona
|-damage|p2a: Volcarona|72\/320
|
|-weather|RainDance|[upkeep]
|-heal|p2a: Volcarona|92\/320|[from] item: Leftovers
|turn|4
|
|move|p2a: Volcarona|Hurricane|p1a: Mori Buntarou
|-damage|p1a: Mori Buntarou|125\/305
|move|p1a: Mori Buntarou|Scald|p2a: Volcarona
|-supereffective|p2a: Volcarona
|-damage|p2a: Volcarona|0 fnt
|faint|p2a: Volcarona
|
|-weather|RainDance|[upkeep]
|
|switch|p2a: Swampert|Swampert, M|367\/367
|turn|5
|
|switch|p1a: Hikaru|Slowbro, M|394\/394
|detailschange|p2a: Swampert|Swampert-Mega, M
|message|Swampert has Mega Evolved into Mega Swampert!
|move|p2a: Swampert|Earthquake|p1a: Hikaru
|-damage|p1a: Hikaru|256\/394
|
|-weather|RainDance|[upkeep]
|-heal|p1a: Hikaru|280\/394|[from] item: Leftovers
|turn|6
|
|switch|p2a: Ferrothorn|Ferrothorn, M|352\/352
|move|p1a: Hikaru|Fire Blast|p2a: Ferrothorn
|-supereffective|p2a: Ferrothorn
|-damage|p2a: Ferrothorn|212\/352
|
|-weather|RainDance|[upkeep]
|-heal|p1a: Hikaru|304\/394|[from] item: Leftovers
|-heal|p2a: Ferrothorn|234\/352|[from] item: Leftovers
|turn|7
|
|move|p1a: Hikaru|Fire Blast|p2a: Ferrothorn
|-supereffective|p2a: Ferrothorn
|-damage|p2a: Ferrothorn|70\/352
|move|p2a: Ferrothorn|Stealth Rock|p1a: Hikaru
|-sidestart|p1: Louisxd|move: Stealth Rock
|
|-weather|RainDance|[upkeep]
|-heal|p1a: Hikaru|328\/394|[from] item: Leftovers
|-heal|p2a: Ferrothorn|92\/352|[from] item: Leftovers
|turn|8
|
|move|p1a: Hikaru|Fire Blast|p2a: Ferrothorn
|-supereffective|p2a: Ferrothorn
|-damage|p2a: Ferrothorn|0 fnt
|faint|p2a: Ferrothorn
|
|-weather|none
|-heal|p1a: Hikaru|352\/394|[from] item: Leftovers
|
|switch|p2a: Politoed|Politoed, M|384\/384
|-weather|RainDance
|turn|9
|
|move|p2a: Politoed|Hypnosis|p1a: Hikaru
|-status|p1a: Hikaru|slp
|cant|p1a: Hikaru|slp
|
|-weather|RainDance|[upkeep]
|-heal|p1a: Hikaru|376\/394 slp|[from] item: Leftovers
|turn|10
|
|switch|p2a: Swampert|Swampert-Mega, M|367\/367
|switch|p1a: Meiko|Clefable, F|394\/394
|
|-weather|RainDance|[upkeep]
|turn|11
|
|move|p2a: Swampert|Waterfall|p1a: Meiko
|-damage|p1a: Meiko|112\/394
|cant|p1a: Meiko|flinch
|
|-weather|RainDance|[upkeep]
|-heal|p1a: Meiko|136\/394|[from] item: Leftovers
|turn|12
|
|switch|p1a: Hikaru|Slowbro, M|394\/394 slp
|-damage|p1a: Hikaru|345\/394 slp|[from] Stealth Rock
|move|p2a: Swampert|Waterfall|p1a: Hikaru
|-resisted|p1a: Hikaru
|-damage|p1a: Hikaru|254\/394 slp
|
|-weather|RainDance|[upkeep]
|-heal|p1a: Hikaru|278\/394 slp|[from] item: Leftovers
|turn|13
|
|switch|p1a: Meiko|Clefable, F|136\/394
|move|p2a: Swampert|Earthquake|p1a: Meiko
|-damage|p1a: Meiko|0 fnt
|faint|p1a: Meiko
|
|-weather|RainDance|[upkeep]
|
|switch|p1a: Hikaru|Slowbro, M|394\/394 slp
|-damage|p1a: Hikaru|345\/394 slp|[from] Stealth Rock
|turn|14
|
|move|p2a: Swampert|Earthquake|p1a: Hikaru
|-damage|p1a: Hikaru|192\/394 slp
|cant|p1a: Hikaru|slp
|
|-weather|RainDance|[upkeep]
|-heal|p1a: Hikaru|216\/394 slp|[from] item: Leftovers
|turn|15
|
|move|p2a: Swampert|Earthquake|p1a: Hikaru
|-damage|p1a: Hikaru|56\/394 slp
|cant|p1a: Hikaru|slp
|
|-weather|RainDance|[upkeep]
|-heal|p1a: Hikaru|80\/394 slp|[from] item: Leftovers
|turn|16
|
|switch|p1a: Hikari Picasso|Latios, M|301\/301
|-damage|p1a: Hikari Picasso|264\/301|[from] Stealth Rock
|move|p2a: Swampert|Earthquake|p1a: Hikari Picasso
|-immune|p1a: Hikari Picasso|[msg]
|
|-weather|none
|turn|17
|
|switch|p2a: Politoed|Politoed, M|384\/384
|-weather|RainDance
|move|p1a: Hikari Picasso|Draco Meteor|p2a: Politoed
|-damage|p2a: Politoed|167\/384
|-unboost|p1a: Hikari Picasso|spa|2
|
|-weather|RainDance|[upkeep]
|turn|18
|
|switch|p1a: Hikaru|Slowbro, M|211\/394 slp
|-damage|p1a: Hikaru|162\/394 slp|[from] Stealth Rock
|switch|p2a: Swampert|Swampert-Mega, M|367\/367
|
|-weather|RainDance|[upkeep]
|-heal|p1a: Hikaru|186\/394 slp|[from] item: Leftovers
|turn|19
|
|switch|p1a: Hikari Picasso|Latios, M|264\/301
|-damage|p1a: Hikari Picasso|227\/301|[from] Stealth Rock
|move|p2a: Swampert|Earthquake|p1a: Hikari Picasso
|-immune|p1a: Hikari Picasso|[msg]
|
|-weather|RainDance|[upkeep]
|turn|20
|
|move|p1a: Hikari Picasso|Psyshock|p2a: Swampert
|-damage|p2a: Swampert|231\/367
|move|p2a: Swampert|Ice Punch|p1a: Hikari Picasso
|-supereffective|p1a: Hikari Picasso
|-damage|p1a: Hikari Picasso|0 fnt
|faint|p1a: Hikari Picasso
|
|-weather|RainDance|[upkeep]
|
|switch|p1a: Hikaru|Slowbro, M|317\/394 slp
|-damage|p1a: Hikaru|268\/394 slp|[from] Stealth Rock
|turn|21
|
|move|p2a: Swampert|Earthquake|p1a: Hikaru
|-damage|p1a: Hikaru|117\/394 slp
|-curestatus|p1a: Hikaru|slp
|move|p1a: Hikaru|Scald|p2a: Swampert
|-damage|p2a: Swampert|93\/367
|-status|p2a: Swampert|brn
|
|-weather|RainDance|[upkeep]
|-heal|p1a: Hikaru|141\/394|[from] item: Leftovers
|-damage|p2a: Swampert|48\/367 brn|[from] brn
|turn|22
|
|switch|p2a: Vaporeon|Vaporeon, F|448\/448
|move|p1a: Hikaru|Slack Off|p1a: Hikaru
|-heal|p1a: Hikaru|338\/394
|
|-weather|RainDance|[upkeep]
|-heal|p1a: Hikaru|362\/394|[from] item: Leftovers
|turn|23
|
|switch|p1a: Mori Buntarou|Dragalge, M|125\/305
|-damage|p1a: Mori Buntarou|87\/305|[from] Stealth Rock
|move|p2a: Vaporeon|Heal Bell|p2a: Vaporeon
|-cureteam|p2a: Vaporeon|[from] move: HealBell
|
|-weather|RainDance|[upkeep]
|turn|24
|
|switch|p2a: Scizor|Scizor, M|344\/344
|move|p1a: Mori Buntarou|Draco Meteor|p2a: Scizor
|-resisted|p2a: Scizor
|-damage|p2a: Scizor|102\/344
|-unboost|p1a: Mori Buntarou|spa|2
|
|-weather|none
|-heal|p2a: Scizor|123\/344|[from] item: Leftovers
|turn|25
|
|move|p2a: Scizor|Roost|p2a: Scizor
|-heal|p2a: Scizor|295\/344
|move|p1a: Mori Buntarou|Draco Meteor|p2a: Scizor
|-resisted|p2a: Scizor
|-damage|p2a: Scizor|170\/344
|-unboost|p1a: Mori Buntarou|spa|2
|
|-heal|p2a: Scizor|191\/344|[from] item: Leftovers
|turn|26
|
|switch|p1a: Sakuragi|Landorus, M|319\/319
|-damage|p1a: Sakuragi|280\/319|[from] Stealth Rock
|move|p2a: Scizor|Roost|p2a: Scizor
|-heal|p2a: Scizor|344\/344
|
|turn|27
|
|move|p1a: Sakuragi|Earth Power|p2a: Scizor
|-damage|p2a: Scizor|40\/344
|move|p2a: Scizor|Swords Dance|p2a: Scizor
|-boost|p2a: Scizor|atk|2
|
|-heal|p2a: Scizor|61\/344|[from] item: Leftovers
|turn|28
|
|switch|p1a: Mori Buntarou|Dragalge, M|87\/305
|-damage|p1a: Mori Buntarou|49\/305|[from] Stealth Rock
|move|p2a: Scizor|Bullet Punch|p1a: Mori Buntarou
|-damage|p1a: Mori Buntarou|0 fnt
|faint|p1a: Mori Buntarou
|
|-heal|p2a: Scizor|82\/344|[from] item: Leftovers
|
|switch|p1a: Edward Elric|Scizor, M|343\/343
|-damage|p1a: Edward Elric|301\/343|[from] Stealth Rock
|turn|29
|
|detailschange|p1a: Edward Elric|Scizor-Mega, M
|message|Scizor has Mega Evolved into Mega Scizor!
|move|p2a: Scizor|Roost|p2a: Scizor
|-heal|p2a: Scizor|254\/344
|move|p1a: Edward Elric|Pursuit|p2a: Scizor
|-damage|p2a: Scizor|195\/344
|
|-heal|p2a: Scizor|216\/344|[from] item: Leftovers
|turn|30
|
|move|p1a: Edward Elric|U-turn|p2a: Scizor
|-resisted|p2a: Scizor
|-damage|p2a: Scizor|164\/344
|
|switch|p1a: Hikaru|Slowbro, M|394\/394
|-damage|p1a: Hikaru|345\/394|[from] Stealth Rock
|move|p2a: Scizor|Swords Dance|p2a: Scizor
|-boost|p2a: Scizor|atk|2
|
|-heal|p2a: Scizor|185\/344|[from] item: Leftovers
|-heal|p1a: Hikaru|369\/394|[from] item: Leftovers
|turn|31
|
|switch|p2a: Politoed|Politoed, M|167\/384
|-weather|RainDance
|move|p1a: Hikaru|Scald|p2a: Politoed
|-resisted|p2a: Politoed
|-damage|p2a: Politoed|97\/384
|
|-weather|RainDance|[upkeep]
|-heal|p1a: Hikaru|393\/394|[from] item: Leftovers
|turn|32
|
|move|p2a: Politoed|Hypnosis|p1a: Hikaru
|-status|p1a: Hikaru|slp
|cant|p1a: Hikaru|slp
|
|-weather|RainDance|[upkeep]
|-heal|p1a: Hikaru|394\/394 slp|[from] item: Leftovers
|turn|33
|
|move|p2a: Politoed|Hydro Pump|p1a: Hikaru
|-resisted|p1a: Hikaru
|-damage|p1a: Hikaru|256\/394 slp
|cant|p1a: Hikaru|slp
|
|-weather|RainDance|[upkeep]
|-heal|p1a: Hikaru|280\/394 slp|[from] item: Leftovers
|turn|34
|
|move|p2a: Politoed|Hydro Pump|p1a: Hikaru
|-resisted|p1a: Hikaru
|-damage|p1a: Hikaru|134\/394 slp
|cant|p1a: Hikaru|slp
|
|-weather|RainDance|[upkeep]
|-heal|p1a: Hikaru|158\/394 slp|[from] item: Leftovers
|turn|35
|
|switch|p1a: Sakuragi|Landorus, M|280\/319
|-damage|p1a: Sakuragi|241\/319|[from] Stealth Rock
|move|p2a: Politoed|Hydro Pump|p1a: Sakuragi
|-crit|p1a: Sakuragi
|-supereffective|p1a: Sakuragi
|-damage|p1a: Sakuragi|0 fnt
|faint|p1a: Sakuragi
|
|-weather|RainDance|[upkeep]
|
|switch|p1a: Edward Elric|Scizor-Mega, M|301\/343
|-damage|p1a: Edward Elric|259\/343|[from] Stealth Rock
|turn|36
|
|move|p1a: Edward Elric|U-turn|p2a: Politoed
|-damage|p2a: Politoed|0 fnt
|faint|p2a: Politoed
|
|switch|p1a: Hikaru|Slowbro, M|289\/394 slp
|-damage|p1a: Hikaru|240\/394 slp|[from] Stealth Rock
|
|-weather|RainDance|[upkeep]
|-heal|p1a: Hikaru|264\/394 slp|[from] item: Leftovers
|
|switch|p2a: Swampert|Swampert-Mega, M|48\/367
|turn|37
|
|move|p2a: Swampert|Earthquake|p1a: Hikaru
|-damage|p1a: Hikaru|116\/394 slp
|-curestatus|p1a: Hikaru|slp
|move|p1a: Hikaru|Slack Off|p1a: Hikaru
|-heal|p1a: Hikaru|313\/394
|
|-weather|RainDance|[upkeep]
|-heal|p1a: Hikaru|337\/394|[from] item: Leftovers
|turn|38
|
|switch|p2a: Vaporeon|Vaporeon, F|448\/448
|move|p1a: Hikaru|Slack Off|p1a: Hikaru
|-heal|p1a: Hikaru|394\/394
|
|-weather|none
|turn|39
|
|switch|p1a: Edward Elric|Scizor-Mega, M|259\/343
|-damage|p1a: Edward Elric|217\/343|[from] Stealth Rock
|move|p2a: Vaporeon|Wish|p2a: Vaporeon
|
|turn|40
|
|move|p1a: Edward Elric|U-turn|p2a: Vaporeon
|-damage|p2a: Vaporeon|321\/448
|
|switch|p1a: Hikaru|Slowbro, M|394\/394
|-damage|p1a: Hikaru|345\/394|[from] Stealth Rock
|move|p2a: Vaporeon|Scald|p1a: Hikaru
|-resisted|p1a: Hikaru
|-damage|p1a: Hikaru|288\/394
|-status|p1a: Hikaru|brn
|
|-heal|p2a: Vaporeon|448\/448|[from] move: Wish|[wisher] Vaporeon
|-heal|p1a: Hikaru|312\/394 brn|[from] item: Leftovers
|-damage|p1a: Hikaru|263\/394 brn|[from] brn
|turn|41
|
|move|p2a: Vaporeon|Wish|p2a: Vaporeon
|move|p1a: Hikaru|Thunder Wave|p2a: Vaporeon
|-status|p2a: Vaporeon|par
|
|-heal|p1a: Hikaru|287\/394 brn|[from] item: Leftovers
|-damage|p1a: Hikaru|238\/394 brn|[from] brn
|turn|42
|
|move|p1a: Hikaru|Slack Off|p1a: Hikaru
|-heal|p1a: Hikaru|394\/394 brn
|move|p2a: Vaporeon|Heal Bell|p2a: Vaporeon
|-cureteam|p2a: Vaporeon|[from] move: HealBell
|
|-damage|p1a: Hikaru|345\/394 brn|[from] brn
|turn|43
|
|move|p2a: Vaporeon|Wish|p2a: Vaporeon
|move|p1a: Hikaru|Thunder Wave|p2a: Vaporeon
|-status|p2a: Vaporeon|par
|
|-heal|p1a: Hikaru|369\/394 brn|[from] item: Leftovers
|-damage|p1a: Hikaru|320\/394 brn|[from] brn
|turn|44
|
|switch|p2a: Swampert|Swampert-Mega, M|48\/367
|move|p1a: Hikaru|Fire Blast|p2a: Swampert
|-resisted|p2a: Swampert
|-damage|p2a: Swampert|8\/367
|
|-heal|p2a: Swampert|232\/367|[from] move: Wish|[wisher] Vaporeon
|-heal|p1a: Hikaru|344\/394 brn|[from] item: Leftovers
|-damage|p1a: Hikaru|295\/394 brn|[from] brn
|turn|45
|
|switch|p2a: Vaporeon|Vaporeon, F|448\/448 par
|move|p1a: Hikaru|Scald|p2a: Vaporeon
|-resisted|p2a: Vaporeon
|-damage|p2a: Vaporeon|403\/448 par
|
|-heal|p1a: Hikaru|319\/394 brn|[from] item: Leftovers
|-heal|p2a: Vaporeon|431\/448 par|[from] item: Leftovers
|-damage|p1a: Hikaru|270\/394 brn|[from] brn
|turn|46
|
|move|p1a: Hikaru|Thunder Wave|p2a: Vaporeon
|-fail|p2a: Vaporeon|par
|move|p2a: Vaporeon|Heal Bell|p2a: Vaporeon
|-cureteam|p2a: Vaporeon|[from] move: HealBell
|
|-heal|p2a: Vaporeon|448\/448|[from] item: Leftovers
|-heal|p1a: Hikaru|294\/394 brn|[from] item: Leftovers
|-damage|p1a: Hikaru|245\/394 brn|[from] brn
|turn|47
|
|move|p2a: Vaporeon|Wish|p2a: Vaporeon
|move|p1a: Hikaru|Scald|p2a: Vaporeon
|-resisted|p2a: Vaporeon
|-damage|p2a: Vaporeon|403\/448
|
|-heal|p2a: Vaporeon|431\/448|[from] item: Leftovers
|-heal|p1a: Hikaru|269\/394 brn|[from] item: Leftovers
|-damage|p1a: Hikaru|220\/394 brn|[from] brn
|turn|48
|
|switch|p2a: Swampert|Swampert-Mega, M|232\/367
|move|p1a: Hikaru|Scald|p2a: Swampert
|-damage|p2a: Swampert|144\/367
|-status|p2a: Swampert|brn
|
|-heal|p2a: Swampert|367\/367 brn|[from] move: Wish|[wisher] Vaporeon
|-heal|p1a: Hikaru|244\/394 brn|[from] item: Leftovers
|-damage|p2a: Swampert|322\/367 brn|[from] brn
|-damage|p1a: Hikaru|195\/394 brn|[from] brn
|turn|49
|
|switch|p2a: Vaporeon|Vaporeon, F|431\/448
|move|p1a: Hikaru|Thunder Wave|p2a: Vaporeon
|-status|p2a: Vaporeon|par
|
|-heal|p1a: Hikaru|219\/394 brn|[from] item: Leftovers
|-heal|p2a: Vaporeon|448\/448 par|[from] item: Leftovers
|-damage|p1a: Hikaru|170\/394 brn|[from] brn
|turn|50
|
|move|p1a: Hikaru|Slack Off|p1a: Hikaru
|-heal|p1a: Hikaru|367\/394 brn
|move|p2a: Vaporeon|Heal Bell|p2a: Vaporeon
|-cureteam|p2a: Vaporeon|[from] move: HealBell
|
|-heal|p1a: Hikaru|391\/394 brn|[from] item: Leftovers
|-damage|p1a: Hikaru|342\/394 brn|[from] brn
|turn|51
|
|move|p2a: Vaporeon|Scald|p1a: Hikaru
|-crit|p1a: Hikaru
|-resisted|p1a: Hikaru
|-damage|p1a: Hikaru|255\/394 brn
|move|p1a: Hikaru|Thunder Wave|p2a: Vaporeon
|-status|p2a: Vaporeon|par
|
|-heal|p1a: Hikaru|279\/394 brn|[from] item: Leftovers
|-damage|p1a: Hikaru|230\/394 brn|[from] brn
|turn|52
|
|switch|p2a: Swampert|Swampert-Mega, M|322\/367
|move|p1a: Hikaru|Slack Off|p1a: Hikaru
|-heal|p1a: Hikaru|394\/394 brn
|
|-damage|p1a: Hikaru|345\/394 brn|[from] brn
|turn|53
|
|move|p2a: Swampert|Earthquake|p1a: Hikaru
|-damage|p1a: Hikaru|197\/394 brn
|move|p1a: Hikaru|Scald|p2a: Swampert
|-damage|p2a: Swampert|229\/367
|
|-heal|p1a: Hikaru|221\/394 brn|[from] item: Leftovers
|-damage|p1a: Hikaru|172\/394 brn|[from] brn
|turn|54
|
|move|p2a: Swampert|Earthquake|p1a: Hikaru
|-damage|p1a: Hikaru|12\/394 brn
|move|p1a: Hikaru|Slack Off|p1a: Hikaru
|-heal|p1a: Hikaru|209\/394 brn
|
|-heal|p1a: Hikaru|233\/394 brn|[from] item: Leftovers
|-damage|p1a: Hikaru|184\/394 brn|[from] brn
|turn|55
|
|move|p2a: Swampert|Earthquake|p1a: Hikaru
|-damage|p1a: Hikaru|37\/394 brn
|move|p1a: Hikaru|Slack Off|p1a: Hikaru
|-heal|p1a: Hikaru|234\/394 brn
|
|-heal|p1a: Hikaru|258\/394 brn|[from] item: Leftovers
|-damage|p1a: Hikaru|209\/394 brn|[from] brn
|turn|56
|
|switch|p1a: Edward Elric|Scizor-Mega, M|217\/343
|-damage|p1a: Edward Elric|175\/343|[from] Stealth Rock
|move|p2a: Swampert|Waterfall|p1a: Edward Elric
|-damage|p1a: Edward Elric|55\/343
|
|turn|57
|
|move|p2a: Swampert|Waterfall|p1a: Edward Elric
|-damage|p1a: Edward Elric|0 fnt
|faint|p1a: Edward Elric
|
|
|switch|p1a: Hikaru|Slowbro, M|340\/394 brn
|-damage|p1a: Hikaru|291\/394 brn|[from] Stealth Rock
|turn|58
|
|switch|p2a: Vaporeon|Vaporeon, F|448\/448 par
|move|p1a: Hikaru|Scald|p2a: Vaporeon
|-resisted|p2a: Vaporeon
|-damage|p2a: Vaporeon|400\/448 par
|
|-heal|p1a: Hikaru|315\/394 brn|[from] item: Leftovers
|-heal|p2a: Vaporeon|428\/448 par|[from] item: Leftovers
|-damage|p1a: Hikaru|266\/394 brn|[from] brn
|turn|59
|
|move|p1a: Hikaru|Slack Off|p1a: Hikaru
|-heal|p1a: Hikaru|394\/394 brn
|move|p2a: Vaporeon|Wish|p2a: Vaporeon
|
|-heal|p2a: Vaporeon|448\/448 par|[from] item: Leftovers
|-damage|p1a: Hikaru|345\/394 brn|[from] brn
|turn|60
|
|switch|p2a: Swampert|Swampert-Mega, M|229\/367
|move|p1a: Hikaru|Scald|p2a: Swampert
|-damage|p2a: Swampert|145\/367
|-status|p2a: Swampert|brn
|
|-heal|p2a: Swampert|367\/367 brn|[from] move: Wish|[wisher] Vaporeon
|-heal|p1a: Hikaru|369\/394 brn|[from] item: Leftovers
|-damage|p2a: Swampert|322\/367 brn|[from] brn
|-damage|p1a: Hikaru|320\/394 brn|[from] brn
|turn|61
|
|switch|p2a: Vaporeon|Vaporeon, F|448\/448 par
|move|p1a: Hikaru|Scald|p2a: Vaporeon
|-crit|p2a: Vaporeon
|-resisted|p2a: Vaporeon
|-damage|p2a: Vaporeon|379\/448 par
|
|-heal|p1a: Hikaru|344\/394 brn|[from] item: Leftovers
|-heal|p2a: Vaporeon|407\/448 par|[from] item: Leftovers
|-damage|p1a: Hikaru|295\/394 brn|[from] brn
|turn|62
|
|move|p1a: Hikaru|Scald|p2a: Vaporeon
|-resisted|p2a: Vaporeon
|-damage|p2a: Vaporeon|365\/448 par
|move|p2a: Vaporeon|Heal Bell|p2a: Vaporeon
|-cureteam|p2a: Vaporeon|[from] move: HealBell
|
|-heal|p2a: Vaporeon|393\/448|[from] item: Leftovers
|-heal|p1a: Hikaru|319\/394 brn|[from] item: Leftovers
|-damage|p1a: Hikaru|270\/394 brn|[from] brn
|turn|63
|
|move|p2a: Vaporeon|Wish|p2a: Vaporeon
|move|p1a: Hikaru|Thunder Wave|p2a: Vaporeon
|-status|p2a: Vaporeon|par
|
|-heal|p1a: Hikaru|294\/394 brn|[from] item: Leftovers
|-heal|p2a: Vaporeon|421\/448 par|[from] item: Leftovers
|-damage|p1a: Hikaru|245\/394 brn|[from] brn
|turn|64
|
|switch|p2a: Scizor|Scizor, M|185\/344
|move|p1a: Hikaru|Scald|p2a: Scizor
|-crit|p2a: Scizor
|-damage|p2a: Scizor|11\/344
|-status|p2a: Scizor|brn
|
|-heal|p2a: Scizor|235\/344 brn|[from] move: Wish|[wisher] Vaporeon
|-heal|p2a: Scizor|256\/344 brn|[from] item: Leftovers
|-heal|p1a: Hikaru|269\/394 brn|[from] item: Leftovers
|-damage|p2a: Scizor|213\/344 brn|[from] brn
|-damage|p1a: Hikaru|220\/394 brn|[from] brn
|turn|65
|
|switch|p2a: Vaporeon|Vaporeon, F|421\/448 par
|move|p1a: Hikaru|Slack Off|p1a: Hikaru
|-heal|p1a: Hikaru|394\/394 brn
|
|-heal|p2a: Vaporeon|448\/448 par|[from] item: Leftovers
|-damage|p1a: Hikaru|345\/394 brn|[from] brn
|turn|66
|
|move|p1a: Hikaru|Fire Blast|p2a: Vaporeon
|-resisted|p2a: Vaporeon
|-damage|p2a: Vaporeon|407\/448 par
|move|p2a: Vaporeon|Heal Bell|p2a: Vaporeon
|-cureteam|p2a: Vaporeon|[from] move: HealBell
|
|-heal|p2a: Vaporeon|435\/448|[from] item: Leftovers
|-heal|p1a: Hikaru|369\/394 brn|[from] item: Leftovers
|-damage|p1a: Hikaru|320\/394 brn|[from] brn
|turn|67
|
|switch|p2a: Scizor|Scizor, M|213\/344
|move|p1a: Hikaru|Thunder Wave|p2a: Scizor
|-status|p2a: Scizor|par
|
|-heal|p1a: Hikaru|344\/394 brn|[from] item: Leftovers
|-heal|p2a: Scizor|234\/344 par|[from] item: Leftovers
|-damage|p1a: Hikaru|295\/394 brn|[from] brn
|turn|68
|
|move|p2a: Scizor|Bullet Punch|p1a: Hikaru
|-resisted|p1a: Hikaru
|-damage|p1a: Hikaru|268\/394 brn
|move|p1a: Hikaru|Fire Blast|p2a: Scizor
|-supereffective|p2a: Scizor
|-damage|p2a: Scizor|0 fnt
|faint|p2a: Scizor
|
|-heal|p1a: Hikaru|292\/394 brn|[from] item: Leftovers
|-damage|p1a: Hikaru|243\/394 brn|[from] brn
|
|switch|p2a: Swampert|Swampert-Mega, M|322\/367
|turn|69
|
|move|p2a: Swampert|Earthquake|p1a: Hikaru
|-damage|p1a: Hikaru|105\/394 brn
|move|p1a: Hikaru|Slack Off|p1a: Hikaru
|-heal|p1a: Hikaru|302\/394 brn
|
|-heal|p1a: Hikaru|326\/394 brn|[from] item: Leftovers
|-damage|p1a: Hikaru|277\/394 brn|[from] brn
|turn|70
|
|move|p2a: Swampert|Waterfall|p1a: Hikaru
|-crit|p1a: Hikaru
|-resisted|p1a: Hikaru
|-damage|p1a: Hikaru|184\/394 brn
|move|p1a: Hikaru|Slack Off|p1a: Hikaru
|-heal|p1a: Hikaru|381\/394 brn
|
|-heal|p1a: Hikaru|394\/394 brn|[from] item: Leftovers
|-damage|p1a: Hikaru|345\/394 brn|[from] brn
|turn|71
|
|switch|p2a: Vaporeon|Vaporeon, F|435\/448
|move|p1a: Hikaru|Scald|p2a: Vaporeon
|-resisted|p2a: Vaporeon
|-damage|p2a: Vaporeon|389\/448
|
|-heal|p2a: Vaporeon|417\/448|[from] item: Leftovers
|-heal|p1a: Hikaru|369\/394 brn|[from] item: Leftovers
|-damage|p1a: Hikaru|320\/394 brn|[from] brn
|turn|72
|
|move|p2a: Vaporeon|Scald|p1a: Hikaru
|-resisted|p1a: Hikaru
|-damage|p1a: Hikaru|257\/394 brn
|move|p1a: Hikaru|Thunder Wave|p2a: Vaporeon
|-status|p2a: Vaporeon|par
|
|-heal|p1a: Hikaru|281\/394 brn|[from] item: Leftovers
|-heal|p2a: Vaporeon|445\/448 par|[from] item: Leftovers
|-damage|p1a: Hikaru|232\/394 brn|[from] brn
|turn|73
|
|move|p1a: Hikaru|Fire Blast|p2a: Vaporeon|[miss]
|-miss|p1a: Hikaru|p2a: Vaporeon
|move|p2a: Vaporeon|Scald|p1a: Hikaru
|-resisted|p1a: Hikaru
|-damage|p1a: Hikaru|166\/394 brn
|
|-heal|p1a: Hikaru|190\/394 brn|[from] item: Leftovers
|-heal|p2a: Vaporeon|448\/448 par|[from] item: Leftovers
|-damage|p1a: Hikaru|141\/394 brn|[from] brn
|turn|74
|
|move|p1a: Hikaru|Slack Off|p1a: Hikaru
|-heal|p1a: Hikaru|338\/394 brn
|move|p2a: Vaporeon|Heal Bell|p2a: Vaporeon
|-cureteam|p2a: Vaporeon|[from] move: HealBell
|
|-heal|p1a: Hikaru|362\/394 brn|[from] item: Leftovers
|-damage|p1a: Hikaru|313\/394 brn|[from] brn
|turn|75
|c|âRichizen|I'll win this. Please, forfeit.
|
|move|p2a: Vaporeon|Scald|p1a: Hikaru
|-resisted|p1a: Hikaru
|-damage|p1a: Hikaru|252\/394 brn
|move|p1a: Hikaru|Scald|p2a: Vaporeon
|-resisted|p2a: Vaporeon
|-damage|p2a: Vaporeon|406\/448
|-status|p2a: Vaporeon|brn
|
|-heal|p2a: Vaporeon|434\/448 brn|[from] item: Leftovers
|-heal|p1a: Hikaru|276\/394 brn|[from] item: Leftovers
|-damage|p2a: Vaporeon|378\/448 brn|[from] brn
|-damage|p1a: Hikaru|227\/394 brn|[from] brn
|turn|76
|
|move|p2a: Vaporeon|Scald|p1a: Hikaru
|-resisted|p1a: Hikaru
|-damage|p1a: Hikaru|169\/394 brn
|move|p1a: Hikaru|Scald|p2a: Vaporeon
|-resisted|p2a: Vaporeon
|-damage|p2a: Vaporeon|329\/448 brn
|
|-heal|p2a: Vaporeon|357\/448 brn|[from] item: Leftovers
|-heal|p1a: Hikaru|193\/394 brn|[from] item: Leftovers
|-damage|p2a: Vaporeon|301\/448 brn|[from] brn
|-damage|p1a: Hikaru|144\/394 brn|[from] brn
|turn|77
|
|move|p2a: Vaporeon|Scald|p1a: Hikaru
|-resisted|p1a: Hikaru
|-damage|p1a: Hikaru|87\/394 brn
|move|p1a: Hikaru|Slack Off|p1a: Hikaru
|-heal|p1a: Hikaru|284\/394 brn
|
|-heal|p2a: Vaporeon|329\/448 brn|[from] item: Leftovers
|-heal|p1a: Hikaru|308\/394 brn|[from] item: Leftovers
|-damage|p2a: Vaporeon|273\/448 brn|[from] brn
|-damage|p1a: Hikaru|259\/394 brn|[from] brn
|turn|78
|
|move|p2a: Vaporeon|Wish|p2a: Vaporeon
|move|p1a: Hikaru|Scald|p2a: Vaporeon
|-resisted|p2a: Vaporeon
|-damage|p2a: Vaporeon|229\/448 brn
|
|-heal|p2a: Vaporeon|257\/448 brn|[from] item: Leftovers
|-heal|p1a: Hikaru|283\/394 brn|[from] item: Leftovers
|-damage|p2a: Vaporeon|201\/448 brn|[from] brn
|-damage|p1a: Hikaru|234\/394 brn|[from] brn
|turn|79
|
|move|p2a: Vaporeon|Scald|p1a: Hikaru
|-resisted|p1a: Hikaru
|-damage|p1a: Hikaru|177\/394 brn
|move|p1a: Hikaru|Slack Off|p1a: Hikaru
|-heal|p1a: Hikaru|374\/394 brn
|
|-heal|p2a: Vaporeon|425\/448 brn|[from] move: Wish|[wisher] Vaporeon
|-heal|p2a: Vaporeon|448\/448 brn|[from] item: Leftovers
|-heal|p1a: Hikaru|394\/394 brn|[from] item: Leftovers
|-damage|p2a: Vaporeon|392\/448 brn|[from] brn
|-damage|p1a: Hikaru|345\/394 brn|[from] brn
|turn|80
|
|move|p2a: Vaporeon|Scald|p1a: Hikaru
|-resisted|p1a: Hikaru
|-damage|p1a: Hikaru|288\/394 brn
|move|p1a: Hikaru|Scald|p2a: Vaporeon
|-resisted|p2a: Vaporeon
|-damage|p2a: Vaporeon|347\/448 brn
|
|-heal|p2a: Vaporeon|375\/448 brn|[from] item: Leftovers
|-heal|p1a: Hikaru|312\/394 brn|[from] item: Leftovers
|-damage|p2a: Vaporeon|319\/448 brn|[from] brn
|-damage|p1a: Hikaru|263\/394 brn|[from] brn
|turn|81
|
|move|p2a: Vaporeon|Scald|p1a: Hikaru
|-resisted|p1a: Hikaru
|-damage|p1a: Hikaru|197\/394 brn
|move|p1a: Hikaru|Scald|p2a: Vaporeon
|-resisted|p2a: Vaporeon
|-damage|p2a: Vaporeon|277\/448 brn
|
|-heal|p2a: Vaporeon|305\/448 brn|[from] item: Leftovers
|-heal|p1a: Hikaru|221\/394 brn|[from] item: Leftovers
|-damage|p2a: Vaporeon|249\/448 brn|[from] brn
|-damage|p1a: Hikaru|172\/394 brn|[from] brn
|turn|82
|
|move|p2a: Vaporeon|Scald|p1a: Hikaru
|-resisted|p1a: Hikaru
|-damage|p1a: Hikaru|112\/394 brn
|move|p1a: Hikaru|Slack Off|p1a: Hikaru
|-heal|p1a: Hikaru|309\/394 brn
|
|-heal|p2a: Vaporeon|277\/448 brn|[from] item: Leftovers
|-heal|p1a: Hikaru|333\/394 brn|[from] item: Leftovers
|-damage|p2a: Vaporeon|221\/448 brn|[from] brn
|-damage|p1a: Hikaru|284\/394 brn|[from] brn
|turn|83
|
|move|p2a: Vaporeon|Scald|p1a: Hikaru
|-resisted|p1a: Hikaru
|-damage|p1a: Hikaru|227\/394 brn
|move|p1a: Hikaru|Scald|p2a: Vaporeon
|-resisted|p2a: Vaporeon
|-damage|p2a: Vaporeon|173\/448 brn
|
|-heal|p2a: Vaporeon|201\/448 brn|[from] item: Leftovers
|-heal|p1a: Hikaru|251\/394 brn|[from] item: Leftovers
|-damage|p2a: Vaporeon|145\/448 brn|[from] brn
|-damage|p1a: Hikaru|202\/394 brn|[from] brn
|turn|84
|
|move|p2a: Vaporeon|Wish|p2a: Vaporeon
|move|p1a: Hikaru|Scald|p2a: Vaporeon
|-resisted|p2a: Vaporeon
|-damage|p2a: Vaporeon|97\/448 brn
|
|-heal|p2a: Vaporeon|125\/448 brn|[from] item: Leftovers
|-heal|p1a: Hikaru|226\/394 brn|[from] item: Leftovers
|-damage|p2a: Vaporeon|69\/448 brn|[from] brn
|-damage|p1a: Hikaru|177\/394 brn|[from] brn
|turn|85
|
|move|p2a: Vaporeon|Scald|p1a: Hikaru
|-resisted|p1a: Hikaru
|-damage|p1a: Hikaru|113\/394 brn
|move|p1a: Hikaru|Scald|p2a: Vaporeon
|-resisted|p2a: Vaporeon
|-damage|p2a: Vaporeon|27\/448 brn
|
|-heal|p2a: Vaporeon|251\/448 brn|[from] move: Wish|[wisher] Vaporeon
|-heal|p2a: Vaporeon|279\/448 brn|[from] item: Leftovers
|-heal|p1a: Hikaru|137\/394 brn|[from] item: Leftovers
|-damage|p2a: Vaporeon|223\/448 brn|[from] brn
|-damage|p1a: Hikaru|88\/394 brn|[from] brn
|turn|86
|
|move|p2a: Vaporeon|Scald|p1a: Hikaru
|-resisted|p1a: Hikaru
|-damage|p1a: Hikaru|28\/394 brn
|move|p1a: Hikaru|Thunder Wave|p2a: Vaporeon
|-fail|p2a: Vaporeon
|
|-heal|p2a: Vaporeon|251\/448 brn|[from] item: Leftovers
|-heal|p1a: Hikaru|52\/394 brn|[from] item: Leftovers
|-damage|p2a: Vaporeon|195\/448 brn|[from] brn
|-damage|p1a: Hikaru|3\/394 brn|[from] brn
|turn|87
|
|move|p2a: Vaporeon|Scald|p1a: Hikaru
|-resisted|p1a: Hikaru
|-damage|p1a: Hikaru|0 fnt
|faint|p1a: Hikaru
|
|win|Richizen
|raw|Ladder updating...
|raw|Louisxd's rating: 1618 &rarr; <strong>1593<\/strong><br \/>(-25 for losing)
|raw|Richizen's rating: 1525 &rarr; <strong>1551<\/strong><br \/>(+26 for winning)
|leave|Louisxd
|player|p1