|join|Louisxd
|join|Seegoth
|player|p1|Louisxd|165
|player|p2|Seegoth|267
|gametype|singles
|gen|6
|tier|OU
|rated
|clearpoke
|poke|p1|Dragalge, M
|poke|p1|Scizor, M
|poke|p1|Slowbro, M
|poke|p1|Landorus, M
|poke|p1|Latios, M
|poke|p1|Clefable, F
|poke|p2|Greninja, M
|poke|p2|Ferrothorn, M
|poke|p2|Conkeldurr, F
|poke|p2|Landorus, M
|poke|p2|Altaria, M
|poke|p2|Mew
|rule|Swagger Clause: Swagger is banned
|rule|Baton Pass Clause: Limit one PokÃ©mon knowing Baton Pass
|rule|Sleep Clause Mod: Limit one foe put to sleep
|rule|Species Clause: Limit one of each PokÃ©mon
|rule|OHKO Clause: OHKO moves are banned
|rule|Moody Clause: Moody is banned
|rule|Evasion Moves Clause: Evasion moves are banned
|rule|Endless Battle Clause: Forcing endless battles is banned
|rule|HP Percentage Mod: HP is shown in percentages
|teampreview
|
|start
|switch|p1a: Sakuragi|Landorus, M|319\/319
|switch|p2a: Kotaro Fuuma|Greninja, M|285\/285
|turn|1
|
|switch|p2a: Discovery|Ferrothorn, M|352\/352
|switch|p1a: Edward Elric|Scizor, M|343\/343
|
|turn|2
|
|detailschange|p1a: Edward Elric|Scizor-Mega, M
|message|Scizor has Mega Evolved into Mega Scizor!
|move|p1a: Edward Elric|U-turn|p2a: Discovery
|-damage|p2a: Discovery|250\/352
|-damage|p1a: Edward Elric|301\/343|[from] ability: Iron Barbs|[of] p2a: Discovery
|
|switch|p1a: Sakuragi|Landorus, M|319\/319
|move|p2a: Discovery|Thunder Wave|p1a: Sakuragi
|-immune|p1a: Sakuragi|[msg]
|
|-heal|p2a: Discovery|272\/352|[from] item: Leftovers
|turn|3
|
|move|p1a: Sakuragi|Stealth Rock|p2a: Discovery
|-sidestart|p2: Seegoth|move: Stealth Rock
|move|p2a: Discovery|Leech Seed|p1a: Sakuragi|[miss]
|-miss|p2a: Discovery|p1a: Sakuragi
|
|-heal|p2a: Discovery|294\/352|[from] item: Leftovers
|turn|4
|
|move|p1a: Sakuragi|Focus Blast|p2a: Discovery
|-supereffective|p2a: Discovery
|-damage|p2a: Discovery|0 fnt
|faint|p2a: Discovery
|
|
|switch|p2a: Atlas|Conkeldurr, F|370\/370
|-damage|p2a: Atlas|347\/370|[from] Stealth Rock
|turn|5
|
|switch|p1a: Meiko|Clefable, F|394\/394
|move|p2a: Atlas|Knock Off|p1a: Meiko
|-resisted|p1a: Meiko
|-damage|p1a: Meiko|329\/394
|-enditem|p1a: Meiko|Leftovers|[from] move: Knock Off|[of] p2a: Atlas
|
|turn|6
|
|switch|p2a: Origin|Mew|401\/401
|-damage|p2a: Origin|351\/401|[from] Stealth Rock
|move|p1a: Meiko|Moonblast|p2a: Origin
|-damage|p2a: Origin|248\/401
|
|-heal|p2a: Origin|273\/401|[from] item: Leftovers
|turn|7
|
|move|p2a: Origin|Thunder Wave|p1a: Meiko
|-status|p1a: Meiko|par
|move|p1a: Meiko|Moonblast|p2a: Origin
|-damage|p2a: Origin|158\/401
|
|-heal|p2a: Origin|183\/401|[from] item: Leftovers
|turn|8
|
|move|p2a: Origin|Roost|p2a: Origin
|-heal|p2a: Origin|384\/401
|move|p1a: Meiko|Moonblast|p2a: Origin
|-damage|p2a: Origin|285\/401
|
|-heal|p2a: Origin|310\/401|[from] item: Leftovers
|turn|9
|
|switch|p1a: Mori Buntarou|Dragalge, M|305\/305
|move|p2a: Origin|Night Shade|p1a: Mori Buntarou
|-damage|p1a: Mori Buntarou|205\/305
|
|-heal|p2a: Origin|335\/401|[from] item: Leftovers
|turn|10
|
|move|p2a: Origin|Thunder Wave|p1a: Mori Buntarou
|-status|p1a: Mori Buntarou|par
|move|p1a: Mori Buntarou|Draco Meteor|p2a: Origin
|-damage|p2a: Origin|0 fnt
|-unboost|p1a: Mori Buntarou|spa|2
|faint|p2a: Origin
|
|c|âSeegoth|what
|c|âSeegoth|is adaptabilit released? O_O
|c|âLouisxd|y
|c|âSeegoth|since when?
|c|âLouisxd|since oras
|c|âSeegoth|:OOOO
|c|âSeegoth|fantastic
|c|âLouisxd|:]
|
|switch|p2a: Ivaldi|Altaria, M|354\/354
|-damage|p2a: Ivaldi|266\/354|[from] Stealth Rock
|turn|11
|
|switch|p1a: Edward Elric|Scizor-Mega, M|301\/343
|detailschange|p2a: Ivaldi|Altaria-Mega, M
|message|Altaria has Mega Evolved into Mega Altaria!
|move|p2a: Ivaldi|Body Slam|p1a: Edward Elric
|-resisted|p1a: Edward Elric
|-damage|p1a: Edward Elric|238\/343
|
|turn|12
|
|move|p2a: Ivaldi|Fire Blast|p1a: Edward Elric
|-supereffective|p1a: Edward Elric
|-damage|p1a: Edward Elric|0 fnt
|faint|p1a: Edward Elric
|
|
|switch|p1a: Mori Buntarou|Dragalge, M|205\/305 par
|turn|13
|
|move|p2a: Ivaldi|Body Slam|p1a: Mori Buntarou
|-damage|p1a: Mori Buntarou|37\/305 par
|cant|p1a: Mori Buntarou|par
|
|turn|14
|
|move|p2a: Ivaldi|Body Slam|p1a: Mori Buntarou
|-damage|p1a: Mori Buntarou|0 fnt
|faint|p1a: Mori Buntarou
|
|c|âSeegoth|sry
|
|switch|p1a: Sakuragi|Landorus, M|319\/319
|turn|15
|c|âLouisxd|np
|
|move|p1a: Sakuragi|Earth Power|p2a: Ivaldi
|-crit|p2a: Ivaldi
|-damage|p2a: Ivaldi|0 fnt
|faint|p2a: Ivaldi
|
|c|âSeegoth|ouch
|c|âSeegoth|im max sp def
|c|âLouisxd|sry there :[
|
|switch|p2a: Kotaro Fuuma|Greninja, M|285\/285
|-damage|p2a: Kotaro Fuuma|250\/285|[from] Stealth Rock
|turn|16
|
|switch|p1a: Hikaru|Slowbro, M|394\/394
|move|p2a: Kotaro Fuuma|Hydro Pump|p1a: Hikaru
|-start|p2a: Kotaro Fuuma|typechange|Water|[from] Protean
|-resisted|p1a: Hikaru
|-damage|p1a: Hikaru|300\/394
|
|-heal|p1a: Hikaru|324\/394|[from] item: Leftovers
|turn|17
|
|move|p2a: Kotaro Fuuma|Dark Pulse|p1a: Hikaru
|-start|p2a: Kotaro Fuuma|typechange|Dark|[from] Protean
|-supereffective|p1a: Hikaru
|-damage|p1a: Hikaru|0 fnt
|faint|p1a: Hikaru
|
|
|switch|p1a: Hikari Picasso|Latios, M|301\/301
|turn|18
|
|switch|p2a: Atlas|Conkeldurr, F|347\/370
|-damage|p2a: Atlas|324\/370|[from] Stealth Rock
|move|p1a: Hikari Picasso|Draco Meteor|p2a: Atlas
|-damage|p2a: Atlas|161\/370
|-unboost|p1a: Hikari Picasso|spa|2
|
|turn|19
|
|switch|p1a: Meiko|Clefable, F|329\/394 par
|switch|p2a: Hestia|Landorus, M|320\/320
|-damage|p2a: Hestia|280\/320|[from] Stealth Rock
|
|turn|20
|
|switch|p1a: Hikari Picasso|Latios, M|301\/301
|move|p2a: Hestia|Sludge Wave|p1a: Hikari Picasso
|-damage|p1a: Hikari Picasso|176\/301
|
|turn|21
|
|switch|p1a: Sakuragi|Landorus, M|319\/319
|move|p2a: Hestia|Sludge Wave|p1a: Sakuragi
|-resisted|p1a: Sakuragi
|-damage|p1a: Sakuragi|228\/319
|
|turn|22
|
|switch|p2a: Atlas|Conkeldurr, F|161\/370
|-damage|p2a: Atlas|138\/370|[from] Stealth Rock
|move|p1a: Sakuragi|Psychic|p2a: Atlas
|-supereffective|p2a: Atlas
|-damage|p2a: Atlas|0 fnt
|faint|p2a: Atlas
|
|
|switch|p2a: Kotaro Fuuma|Greninja, M|250\/285
|-damage|p2a: Kotaro Fuuma|215\/285|[from] Stealth Rock
|turn|23
|
|switch|p1a: Meiko|Clefable, F|329\/394 par
|move|p2a: Kotaro Fuuma|Hydro Pump|p1a: Meiko
|-start|p2a: Kotaro Fuuma|typechange|Water|[from] Protean
|-damage|p1a: Meiko|178\/394 par
|
|turn|24
|
|move|p2a: Kotaro Fuuma|Gunk Shot|p1a: Meiko
|-start|p2a: Kotaro Fuuma|typechange|Poison|[from] Protean
|-crit|p1a: Meiko
|-supereffective|p1a: Meiko
|-damage|p1a: Meiko|0 fnt
|faint|p1a: Meiko
|
|
|switch|p1a: Hikari Picasso|Latios, M|176\/301
|turn|25
|
|switch|p2a: Hestia|Landorus, M|280\/320
|-damage|p2a: Hestia|240\/320|[from] Stealth Rock
|move|p1a: Hikari Picasso|Psyshock|p2a: Hestia
|-damage|p2a: Hestia|93\/320
|
|turn|26
|
|switch|p1a: Sakuragi|Landorus, M|228\/319
|switch|p2a: Kotaro Fuuma|Greninja, M|215\/285
|-damage|p2a: Kotaro Fuuma|180\/285|[from] Stealth Rock
|
|turn|27
|
|move|p2a: Kotaro Fuuma|Hydro Pump|p1a: Sakuragi
|-start|p2a: Kotaro Fuuma|typechange|Water|[from] Protean
|-supereffective|p1a: Sakuragi
|-damage|p1a: Sakuragi|0 fnt
|faint|p1a: Sakuragi
|
|
|switch|p1a: Hikari Picasso|Latios, M|176\/301
|turn|28
|
|switch|p2a: Hestia|Landorus, M|93\/320
|-damage|p2a: Hestia|53\/320|[from] Stealth Rock
|move|p1a: Hikari Picasso|Draco Meteor|p2a: Hestia
|-damage|p2a: Hestia|0 fnt
|-unboost|p1a: Hikari Picasso|spa|2
|faint|p2a: Hestia
|
|
|switch|p2a: Kotaro Fuuma|Greninja, M|180\/285
|-damage|p2a: Kotaro Fuuma|145\/285|[from] Stealth Rock
|turn|29
|c|âLouisxd|gg
|c|âSeegoth|miss
|
|move|p1a: Hikari Picasso|Draco Meteor|p2a: Kotaro Fuuma
|-damage|p2a: Kotaro Fuuma|0 fnt
|-unboost|p1a: Hikari Picasso|spa|2
|faint|p2a: Kotaro Fuuma
|
|win|Louisxd
|raw|Ladder updating...
|c|âSeegoth|:(
|c|âSeegoth|gg
|raw|Louisxd's rating: 1638 &rarr; <strong>1656<\/strong><br \/>(+18 for winning)
|raw|Seegoth's rating: 1602 &rarr; <strong>1584<\/strong><br \/>(-18 for losing)