|join|OU F4Nâ¬Â¥ Huh?
|join|Louisxd
|player|p1|OU F4Nâ¬Â¥ Huh?|270
|player|p2|Louisxd|165
|gametype|singles
|gen|6
|tier|OU
|rated
|clearpoke
|poke|p1|Jirachi
|poke|p1|Landorus-Therian, M, shiny
|poke|p1|Latios, M, shiny
|poke|p1|Medicham, M, shiny
|poke|p1|Rotom-Wash, shiny
|poke|p1|Zygarde, shiny
|poke|p2|Bisharp, M
|poke|p2|Keldeo
|poke|p2|Gardevoir, F
|poke|p2|Ferrothorn, M
|poke|p2|Gliscor, M
|poke|p2|Garchomp, M
|rule|Swagger Clause: Swagger is banned
|rule|Baton Pass Clause: Limit one PokÃ©mon knowing Baton Pass
|rule|Sleep Clause Mod: Limit one foe put to sleep
|rule|Species Clause: Limit one of each PokÃ©mon
|rule|OHKO Clause: OHKO moves are banned
|rule|Moody Clause: Moody is banned
|rule|Evasion Moves Clause: Evasion moves are banned
|rule|Endless Battle Clause: Forcing endless battles is banned
|rule|HP Percentage Mod: HP is shown in percentages
|teampreview
|
|start
|switch|p1a: Rotom-Wash|Rotom-Wash, shiny|304\/304
|switch|p2a: Drug addicted|Gliscor, M|352\/352
|turn|1
|
|move|p2a: Drug addicted|Taunt|p1a: Rotom-Wash
|-start|p1a: Rotom-Wash|move: Taunt
|cant|p1a: Rotom-Wash|move: Taunt|Will-O-Wisp
|
|-status|p2a: Drug addicted|tox|[from] item: Toxic Orb
|turn|2
|
|switch|p2a: Thorny|Ferrothorn, M|352\/352
|move|p1a: Rotom-Wash|Hydro Pump|p2a: Thorny
|-resisted|p2a: Thorny
|-damage|p2a: Thorny|301\/352
|
|-heal|p2a: Thorny|323\/352|[from] item: Leftovers
|turn|3
|
|move|p1a: Rotom-Wash|Volt Switch|p2a: Thorny
|-resisted|p2a: Thorny
|-damage|p2a: Thorny|291\/352
|
|switch|p1a: Zygarde|Zygarde, shiny|404\/404
|-ability|p1a: Zygarde|Aura Break
|move|p2a: Thorny|Stealth Rock|p1a: Zygarde
|-sidestart|p1: OU F4Nâ¬Â¥ Huh?|move: Stealth Rock
|
|-heal|p2a: Thorny|313\/352|[from] item: Leftovers
|turn|4
|
|move|p1a: Zygarde|Substitute|p1a: Zygarde
|-start|p1a: Zygarde|Substitute
|-damage|p1a: Zygarde|303\/404
|move|p2a: Thorny|Leech Seed|p1a: Zygarde
|
|-heal|p1a: Zygarde|328\/404|[from] item: Leftovers
|-heal|p2a: Thorny|335\/352|[from] item: Leftovers
|turn|5
|
|move|p1a: Zygarde|Coil|p1a: Zygarde
|-boost|p1a: Zygarde|atk|1
|-boost|p1a: Zygarde|def|1
|-boost|p1a: Zygarde|accuracy|1
|move|p2a: Thorny|Gyro Ball|p1a: Zygarde
|-end|p1a: Zygarde|Substitute
|
|-heal|p1a: Zygarde|353\/404|[from] item: Leftovers
|-heal|p2a: Thorny|352\/352|[from] item: Leftovers
|turn|6
|
|switch|p2a: Gardevoir|Gardevoir, F|277\/277
|-ability|p2a: Gardevoir|Aura Break|[from] ability: Trace|[of] p1a: Zygarde
|-ability|p2a: Gardevoir|Aura Break
|move|p1a: Zygarde|Coil|p1a: Zygarde
|-boost|p1a: Zygarde|atk|1
|-boost|p1a: Zygarde|def|1
|-boost|p1a: Zygarde|accuracy|1
|
|-heal|p1a: Zygarde|378\/404|[from] item: Leftovers
|turn|7
|
|switch|p2a: Drug addicted|Gliscor, M|352\/352 tox
|move|p1a: Zygarde|Extreme Speed|p2a: Drug addicted
|-damage|p2a: Drug addicted|216\/352 tox
|
|-heal|p1a: Zygarde|403\/404|[from] item: Leftovers
|-heal|p2a: Drug addicted|260\/352 tox|[from] ability: Poison Heal
|turn|8
|
|move|p1a: Zygarde|Substitute|p1a: Zygarde
|-start|p1a: Zygarde|Substitute
|-damage|p1a: Zygarde|302\/404
|move|p2a: Drug addicted|Toxic|p1a: Zygarde
|
|-heal|p1a: Zygarde|327\/404|[from] item: Leftovers
|-heal|p2a: Drug addicted|304\/352 tox|[from] ability: Poison Heal
|turn|9
|
|move|p1a: Zygarde|Coil|p1a: Zygarde
|-boost|p1a: Zygarde|atk|1
|-boost|p1a: Zygarde|def|1
|-boost|p1a: Zygarde|accuracy|1
|move|p2a: Drug addicted|Taunt|p1a: Zygarde
|-start|p1a: Zygarde|move: Taunt
|
|-heal|p1a: Zygarde|352\/404|[from] item: Leftovers
|-heal|p2a: Drug addicted|348\/352 tox|[from] ability: Poison Heal
|turn|10
|
|switch|p2a: Thorny|Ferrothorn, M|352\/352
|move|p1a: Zygarde|Extreme Speed|p2a: Thorny
|-resisted|p2a: Thorny
|-damage|p2a: Thorny|288\/352
|-damage|p1a: Zygarde|302\/404|[from] ability: Iron Barbs|[of] p2a: Thorny
|
|-heal|p1a: Zygarde|327\/404|[from] item: Leftovers
|-heal|p2a: Thorny|310\/352|[from] item: Leftovers
|turn|11
|
|move|p1a: Zygarde|Earthquake|p2a: Thorny
|-damage|p2a: Thorny|70\/352
|move|p2a: Thorny|Gyro Ball|p1a: Zygarde
|-activate|p1a: Zygarde|Substitute|[damage]
|
|-heal|p1a: Zygarde|352\/404|[from] item: Leftovers
|-heal|p2a: Thorny|92\/352|[from] item: Leftovers
|turn|12
|
|move|p2a: Thorny|Protect|p2a: Thorny
|-singleturn|p2a: Thorny|Protect
|move|p1a: Zygarde|Earthquake|p2a: Thorny
|-activate|p2a: Thorny|Protect
|
|-heal|p1a: Zygarde|377\/404|[from] item: Leftovers
|-heal|p2a: Thorny|114\/352|[from] item: Leftovers
|-end|p1a: Zygarde|move: Taunt
|turn|13
|
|move|p1a: Zygarde|Coil|p1a: Zygarde
|-boost|p1a: Zygarde|atk|1
|-boost|p1a: Zygarde|def|1
|-boost|p1a: Zygarde|accuracy|1
|move|p2a: Thorny|Gyro Ball|p1a: Zygarde
|-end|p1a: Zygarde|Substitute
|
|-heal|p1a: Zygarde|402\/404|[from] item: Leftovers
|-heal|p2a: Thorny|136\/352|[from] item: Leftovers
|turn|14
|
|switch|p2a: Gardevoir|Gardevoir, F|277\/277
|-ability|p2a: Gardevoir|Aura Break|[from] ability: Trace|[of] p1a: Zygarde
|-ability|p2a: Gardevoir|Aura Break
|move|p1a: Zygarde|Substitute|p1a: Zygarde
|-start|p1a: Zygarde|Substitute
|-damage|p1a: Zygarde|301\/404
|
|-heal|p1a: Zygarde|326\/404|[from] item: Leftovers
|turn|15
|
|detailschange|p2a: Gardevoir|Gardevoir-Mega, F
|message|Gardevoir has Mega Evolved into Mega Gardevoir!
|move|p1a: Zygarde|Extreme Speed|p2a: Gardevoir
|-damage|p2a: Gardevoir|0 fnt
|faint|p2a: Gardevoir
|
|-heal|p1a: Zygarde|351\/404|[from] item: Leftovers
|
|switch|p2a: Keldeo|Keldeo|323\/323
|turn|16
|
|move|p1a: Zygarde|Extreme Speed|p2a: Keldeo
|-damage|p2a: Keldeo|46\/323
|move|p2a: Keldeo|Scald|p1a: Zygarde
|-end|p1a: Zygarde|Substitute
|
|-heal|p1a: Zygarde|376\/404|[from] item: Leftovers
|turn|17
|
|move|p1a: Zygarde|Extreme Speed|p2a: Keldeo
|-damage|p2a: Keldeo|0 fnt
|faint|p2a: Keldeo
|
|-heal|p1a: Zygarde|401\/404|[from] item: Leftovers
|
|switch|p2a: Garchomp|Garchomp, M|357\/357
|turn|18
|
|move|p2a: Garchomp|Outrage|p1a: Zygarde
|-supereffective|p1a: Zygarde
|-damage|p1a: Zygarde|279\/404
|move|p1a: Zygarde|Coil|p1a: Zygarde
|-boost|p1a: Zygarde|atk|1
|-boost|p1a: Zygarde|def|1
|-boost|p1a: Zygarde|accuracy|1
|
|-heal|p1a: Zygarde|304\/404|[from] item: Leftovers
|turn|19
|-message|Louisxd forfeited.
|
|win|OU F4Nâ¬Â¥ Huh?
|raw|Ladder updating...
|leave|Louisxd
|player|p2
|raw|OU F4Nâ¬Â¥ Huh?'s rating: 1668 &rarr; <strong>1689<\/strong><br \/>(+21 for winning)
|raw|Louisxd's rating: 1681 &rarr; <strong>1660<\/strong><br \/>(-21 for losing)