|join|Bai Felicia!
|join|Louisxd
|player|p1|Bai Felicia!|283
|player|p2|Louisxd|165
|gametype|singles
|gen|6
|tier|OU (suspect test)
|rated
|clearpoke
|poke|p1|Greninja, M, shiny
|poke|p1|Gardevoir, F, shiny
|poke|p1|Hawlucha, M, shiny
|poke|p1|Heatran, F, shiny
|poke|p1|Terrakion, shiny
|poke|p1|Trevenant, M, shiny
|poke|p2|Gardevoir, F
|poke|p2|Keldeo
|poke|p2|Bisharp, M
|poke|p2|Ferrothorn, M
|poke|p2|Landorus-Therian, M
|poke|p2|Latias, F
|rule|Swagger Clause: Swagger is banned
|rule|Baton Pass Clause: Limit one PokÃ©mon knowing Baton Pass
|rule|Sleep Clause Mod: Limit one foe put to sleep
|rule|Species Clause: Limit one of each PokÃ©mon
|rule|OHKO Clause: OHKO moves are banned
|rule|Moody Clause: Moody is banned
|rule|Evasion Moves Clause: Evasion moves are banned
|rule|Endless Battle Clause: Forcing endless battles is banned
|rule|HP Percentage Mod: HP is reported as percentages
|teampreview
|
|start
|switch|p1a: Heatran|Heatran, F, shiny|386\/386
|switch|p2a: Landorus-Therian|Landorus-Therian, M|320\/320
|-ability|p2a: Landorus-Therian|Intimidate|[of] p1a: Heatran
|-unboost|p1a: Heatran|atk|1
|turn|1
|
|switch|p1a: Hawlucha|Hawlucha, M, shiny|298\/298
|move|p2a: Landorus-Therian|U-turn|p1a: Hawlucha
|-resisted|p1a: Hawlucha
|-damage|p1a: Hawlucha|267\/298
|
|switch|p2a: Latias|Latias, F|319\/319
|
|turn|2
|
|switch|p2a: Landorus-Therian|Landorus-Therian, M|320\/320
|-ability|p2a: Landorus-Therian|Intimidate|[of] p1a: Hawlucha
|-unboost|p1a: Hawlucha|atk|1
|switch|p1a: Heatran|Heatran, F, shiny|386\/386
|
|turn|3
|
|switch|p1a: Hawlucha|Hawlucha, M, shiny|267\/298
|move|p2a: Landorus-Therian|Earthquake|p1a: Hawlucha
|-immune|p1a: Hawlucha|[msg]
|
|turn|4
|
|switch|p2a: Ferrothorn|Ferrothorn, M|352\/352
|move|p1a: Hawlucha|Substitute|p1a: Hawlucha
|-start|p1a: Hawlucha|Substitute
|-damage|p1a: Hawlucha|193\/298
|
|turn|5
|
|move|p1a: Hawlucha|Swords Dance|p1a: Hawlucha
|-boost|p1a: Hawlucha|atk|2
|move|p2a: Ferrothorn|Gyro Ball|p1a: Hawlucha
|-end|p1a: Hawlucha|Substitute
|
|turn|6
|
|switch|p2a: Landorus-Therian|Landorus-Therian, M|320\/320
|-ability|p2a: Landorus-Therian|Intimidate|[of] p1a: Hawlucha
|-unboost|p1a: Hawlucha|atk|1
|move|p1a: Hawlucha|Substitute|p1a: Hawlucha
|-start|p1a: Hawlucha|Substitute
|-damage|p1a: Hawlucha|119\/298
|-enditem|p1a: Hawlucha|Sitrus Berry|[eat]
|-heal|p1a: Hawlucha|193\/298|[from] item: Sitrus Berry
|
|turn|7
|
|move|p1a: Hawlucha|Swords Dance|p1a: Hawlucha
|-boost|p1a: Hawlucha|atk|2
|move|p2a: Landorus-Therian|Rock Slide|p1a: Hawlucha
|-end|p1a: Hawlucha|Substitute
|
|turn|8
|
|move|p1a: Hawlucha|Acrobatics|p2a: Landorus-Therian
|-damage|p2a: Landorus-Therian|0 fnt
|faint|p2a: Landorus-Therian
|
|
|switch|p2a: Gardevoir|Gardevoir, F|278\/278
|-ability|p2a: Gardevoir|Unburden|[from] ability: Trace|[of] p1a: Hawlucha
|turn|9
|
|detailschange|p2a: Gardevoir|Gardevoir-Mega, F
|message|Gardevoir has Mega Evolved into Mega Gardevoir!
|move|p1a: Hawlucha|Acrobatics|p2a: Gardevoir
|-damage|p2a: Gardevoir|0 fnt
|faint|p2a: Gardevoir
|
|
|switch|p2a: Ferrothorn|Ferrothorn, M|352\/352
|turn|10
|
|move|p1a: Hawlucha|Substitute|p1a: Hawlucha
|-start|p1a: Hawlucha|Substitute
|-damage|p1a: Hawlucha|119\/298
|move|p2a: Ferrothorn|Gyro Ball|p1a: Hawlucha
|-end|p1a: Hawlucha|Substitute
|
|turn|11
|
|move|p1a: Hawlucha|High Jump Kick|p2a: Ferrothorn
|-supereffective|p2a: Ferrothorn
|-damage|p2a: Ferrothorn|0 fnt
|-damage|p1a: Hawlucha|82\/298|[from] ability: Iron Barbs|[of] p2a: Ferrothorn
|faint|p2a: Ferrothorn
|
|
|switch|p2a: Latias|Latias, F|319\/319
|turn|12
|
|move|p1a: Hawlucha|Acrobatics|p2a: Latias
|-damage|p2a: Latias|0 fnt
|faint|p2a: Latias
|
|-message|Louisxd forfeited.
|
|win|Bai Felicia!
|raw|Ladder updating...
|leave|Louisxd
|player|p2
|raw|Bai Felicia!'s rating: 1168 &rarr; <strong>1198<\/strong><br \/>(+30 for winning)
|raw|Louisxd's rating: 1240 &rarr; <strong>1210<\/strong><br \/>(-30 for losing)