|join|Louisxd
|join|6ft Flounder
|player|p1|Louisxd|165
|player|p2|6ft Flounder|125
|gametype|singles
|gen|6
|tier|OU (suspect test)
|rated
|clearpoke
|poke|p1|Gyarados, M
|poke|p1|Gothitelle, F
|poke|p1|Breloom, M
|poke|p1|Latias, F
|poke|p1|Landorus-Therian, M
|poke|p1|Azumarill, F
|poke|p2|Scizor, M
|poke|p2|Thundurus, M
|poke|p2|Landorus, M
|poke|p2|Kyurem-Black
|poke|p2|Terrakion
|poke|p2|Starmie
|rule|Swagger Clause: Swagger is banned
|rule|Baton Pass Clause: Limit one PokÃ©mon knowing Baton Pass
|rule|Sleep Clause Mod: Limit one foe put to sleep
|rule|Species Clause: Limit one of each PokÃ©mon
|rule|OHKO Clause: OHKO moves are banned
|rule|Moody Clause: Moody is banned
|rule|Evasion Moves Clause: Evasion moves are banned
|rule|Endless Battle Clause: Forcing endless battles is banned
|rule|HP Percentage Mod: HP is shown in percentages
|teampreview
|
|start
|switch|p1a: Breloom|Breloom, M|261\/261
|switch|p2a: Scizor|Scizor, M|343\/343
|turn|1
|
|detailschange|p2a: Scizor|Scizor-Mega, M
|message|Scizor has Mega Evolved into Mega Scizor!
|move|p1a: Breloom|Spore|p2a: Scizor
|-status|p2a: Scizor|slp
|cant|p2a: Scizor|slp
|
|turn|2
|
|switch|p1a: Gothitelle|Gothitelle, F|309\/309
|switch|p2a: Landorus|Landorus, M|319\/319
|
|turn|3
|
|move|p2a: Landorus|Knock Off|p1a: Gothitelle
|-supereffective|p1a: Gothitelle
|-damage|p1a: Gothitelle|65\/309
|-enditem|p1a: Gothitelle|Choice Specs|[from] move: Knock Off|[of] p2a: Landorus
|-damage|p2a: Landorus|288\/319|[from] item: Life Orb
|move|p1a: Gothitelle|Psychic|p2a: Landorus
|-damage|p2a: Landorus|93\/319
|
|turn|4
|
|switch|p1a: Landorus-Therian|Landorus-Therian, M|381\/381
|-ability|p1a: Landorus-Therian|Intimidate|[of] p2a: Landorus
|-unboost|p2a: Landorus|atk|1
|move|p2a: Landorus|Earth Power|p1a: Landorus-Therian
|-immune|p1a: Landorus-Therian|[msg]
|
|turn|5
|
|switch|p2a: Scizor|Scizor-Mega, M|343\/343 slp
|move|p1a: Landorus-Therian|Stealth Rock|p2a: Scizor
|-sidestart|p2: 6ft Flounder|move: Stealth Rock
|
|turn|6
|
|move|p1a: Landorus-Therian|U-turn|p2a: Scizor
|-resisted|p2a: Scizor
|-damage|p2a: Scizor|317\/343 slp
|
|switch|p1a: Gothitelle|Gothitelle, F|65\/309
|cant|p2a: Scizor|slp
|
|turn|7
|
|cant|p2a: Scizor|slp
|move|p1a: Gothitelle|Hidden Power|p2a: Scizor
|-supereffective|p2a: Scizor
|-damage|p2a: Scizor|81\/343 slp
|
|turn|8
|
|-curestatus|p2a: Scizor|slp
|move|p2a: Scizor|Bullet Punch|p1a: Gothitelle
|-damage|p1a: Gothitelle|0 fnt
|faint|p1a: Gothitelle
|
|
|switch|p1a: Breloom|Breloom, M|261\/261
|turn|9
|
|move|p1a: Breloom|Mach Punch|p2a: Scizor
|-damage|p2a: Scizor|6\/343
|move|p2a: Scizor|Bullet Punch|p1a: Breloom
|-damage|p1a: Breloom|125\/261
|
|turn|10
|
|move|p1a: Breloom|Mach Punch|p2a: Scizor
|-damage|p2a: Scizor|0 fnt
|faint|p2a: Scizor
|
|
|switch|p2a: Landorus|Landorus, M|93\/319
|-damage|p2a: Landorus|54\/319|[from] Stealth Rock
|turn|11
|
|switch|p1a: Landorus-Therian|Landorus-Therian, M|381\/381
|-ability|p1a: Landorus-Therian|Intimidate|[of] p2a: Landorus
|-unboost|p2a: Landorus|atk|1
|move|p2a: Landorus|Psychic|p1a: Landorus-Therian
|-damage|p1a: Landorus-Therian|174\/381
|
|-heal|p1a: Landorus-Therian|197\/381|[from] item: Leftovers
|turn|12
|
|switch|p1a: Latias|Latias, F|322\/322
|move|p2a: Landorus|Knock Off|p1a: Latias
|-supereffective|p1a: Latias
|-damage|p1a: Latias|156\/322
|-enditem|p1a: Latias|Life Orb|[from] move: Knock Off|[of] p2a: Landorus
|-damage|p2a: Landorus|23\/319|[from] item: Life Orb
|
|turn|13
|
|move|p1a: Latias|Hidden Power|p2a: Landorus
|-resisted|p2a: Landorus
|-damage|p2a: Landorus|0 fnt
|faint|p2a: Landorus
|
|chat|Louisxd|gogo t_t
|chat|6ft Flounder|No
|chat|Louisxd|huehue
|chat|6ft Flounder|I need to know what HP >.<
|
|switch|p2a: Starmie|Starmie|261\/261
|-damage|p2a: Starmie|229\/261|[from] Stealth Rock
|turn|14
|chat|Louisxd|landorus resistances are Fighting, Bug and poison
|chat|Louisxd|it should be easy enough to guess
|
|switch|p1a: Azumarill|Azumarill, F|388\/388
|move|p2a: Starmie|Ice Beam|p1a: Azumarill
|-resisted|p1a: Azumarill
|-damage|p1a: Azumarill|330\/388
|-damage|p2a: Starmie|203\/261|[from] item: Life Orb
|
|turn|15
|chat|6ft Flounder|ik but my internet also droped so =\/
|chat|Louisxd|hahha
|chat|Louisxd|alright
|
|move|p2a: Starmie|Rapid Spin|p1a: Azumarill
|-damage|p1a: Azumarill|311\/388
|-sideend|p2: 6ft Flounder|Stealth Rock|[from] move: Rapid Spin|[of] p2a: Starmie
|-damage|p2a: Starmie|177\/261|[from] item: Life Orb
|move|p1a: Azumarill|Knock Off|p2a: Starmie
|-supereffective|p2a: Starmie
|-damage|p2a: Starmie|0 fnt
|-enditem|p2a: Starmie|Life Orb|[from] move: Knock Off|[of] p1a: Azumarill
|faint|p2a: Starmie
|
|
|switch|p2a: Thundurus|Thundurus, M|298\/298
|turn|16
|
|move|p2a: Thundurus|Thunderbolt|p1a: Azumarill
|-crit|p1a: Azumarill
|-supereffective|p1a: Azumarill
|-damage|p1a: Azumarill|0 fnt
|faint|p1a: Azumarill
|
|chat|6ft Flounder|O.o
|chat|6ft Flounder|sorry
|
|switch|p1a: Latias|Latias, F|156\/322
|turn|17
|
|switch|p2a: Terrakion|Terrakion|323\/323
|move|p1a: Latias|Draco Meteor|p2a: Terrakion
|-damage|p2a: Terrakion|98\/323
|-unboost|p1a: Latias|spa|2
|
|turn|18
|
|move|p1a: Latias|Draco Meteor|p2a: Terrakion
|-crit|p2a: Terrakion
|-damage|p2a: Terrakion|0 fnt
|-unboost|p1a: Latias|spa|2
|faint|p2a: Terrakion
|
|
|switch|p2a: Thundurus|Thundurus, M|298\/298
|turn|19
|
|move|p2a: Thundurus|Nasty Plot|p2a: Thundurus
|-boost|p2a: Thundurus|spa|2
|move|p1a: Latias|Healing Wish|p1a: Latias
|faint|p1a: Latias
|
|
|switch|p1a: Breloom|Breloom, M|125\/261
|-heal|p1a: Breloom|261\/261|[from] move: Healing Wish
|turn|20
|
|move|p2a: Thundurus|Hidden Power|p1a: Breloom
|-supereffective|p1a: Breloom
|-enditem|p1a: Breloom|Focus Sash
|-damage|p1a: Breloom|1\/261
|move|p1a: Breloom|Spore|p2a: Thundurus
|-status|p2a: Thundurus|slp
|
|turn|21
|
|cant|p2a: Thundurus|slp
|move|p1a: Breloom|Rock Tomb|p2a: Thundurus
|-supereffective|p2a: Thundurus
|-damage|p2a: Thundurus|0 fnt
|faint|p2a: Thundurus
|
|
|switch|p2a: Kyurem-Black|Kyurem-Black|391\/391
|-ability|p2a: Kyurem-Black|Teravolt
|turn|22
|
|move|p1a: Breloom|Mach Punch|p2a: Kyurem-Black
|-supereffective|p2a: Kyurem-Black
|-damage|p2a: Kyurem-Black|173\/391
|move|p2a: Kyurem-Black|Ice Beam|p1a: Breloom
|-supereffective|p1a: Breloom
|-damage|p1a: Breloom|0 fnt
|-damage|p2a: Kyurem-Black|134\/391|[from] item: Life Orb
|faint|p1a: Breloom
|
|
|switch|p1a: Gyarados|Gyarados, M|347\/347
|-ability|p1a: Gyarados|Intimidate|[of] p2a: Kyurem-Black
|-unboost|p2a: Kyurem-Black|atk|1
|turn|23
|
|detailschange|p1a: Gyarados|Gyarados-Mega, M
|message|Gyarados has Mega Evolved into Mega Gyarados!
|-ability|p1a: Gyarados|Mold Breaker
|move|p2a: Kyurem-Black|Roost|p2a: Kyurem-Black
|-heal|p2a: Kyurem-Black|330\/391
|move|p1a: Gyarados|Earthquake|p2a: Kyurem-Black
|-damage|p2a: Kyurem-Black|186\/391
|
|turn|24
|
|move|p2a: Kyurem-Black|Fusion Bolt|p1a: Gyarados
|-crit|p1a: Gyarados
|-supereffective|p1a: Gyarados
|-damage|p1a: Gyarados|0 fnt
|-damage|p2a: Kyurem-Black|147\/391|[from] item: Life Orb
|faint|p1a: Gyarados
|
|chat|Louisxd|ohh damn
|
|switch|p1a: Landorus-Therian|Landorus-Therian, M|197\/381
|-ability|p1a: Landorus-Therian|Intimidate|[of] p2a: Kyurem-Black
|-unboost|p2a: Kyurem-Black|atk|1
|turn|25
|chat|6ft Flounder|omfg sorry
|chat|Louisxd|hahaha
|chat|Louisxd|gg
|chat|6ft Flounder|No wait
|chat|6ft Flounder|Against or with the ban?
|chat|Louisxd|with
|chat|6ft Flounder|fuck you >:D jk xD
|
|move|p2a: Kyurem-Black|Ice Beam|p1a: Landorus-Therian
|-supereffective|p1a: Landorus-Therian
|-damage|p1a: Landorus-Therian|0 fnt
|-damage|p2a: Kyurem-Black|108\/391|[from] item: Life Orb
|faint|p1a: Landorus-Therian
|
|win|6ft Flounder
|raw|Ladder updating...
|raw|Louisxd's rating: 1222 &rarr; <strong>1203<\/strong><br \/>(-19 for losing)
|raw|6ft Flounder's rating: 1301 &rarr; <strong>1317<\/strong><br \/>(+16 for winning)
|chat|6ft Flounder|sorry
|chat|Louisxd|:)
|leave|Louisxd
|player|p1