|join|Louisxd
|join|Touhou Project
|player|p1|Louisxd|165
|player|p2|Touhou Project|170
|gametype|singles
|gen|6
|tier|OU (suspect test)
|rated
|clearpoke
|poke|p1|Charizard, F
|poke|p1|Starmie
|poke|p1|Tyranitar, F
|poke|p1|Thundurus, M
|poke|p1|Keldeo
|poke|p1|Landorus-Therian, M
|poke|p2|Breloom, M
|poke|p2|Sylveon, F
|poke|p2|Mamoswine, M
|poke|p2|Zapdos
|poke|p2|Scizor, M
|poke|p2|Heatran, F
|rule|Swagger Clause: Swagger is banned
|rule|Baton Pass Clause: Limit one PokÃ©mon knowing Baton Pass
|rule|Sleep Clause Mod: Limit one foe put to sleep
|rule|Species Clause: Limit one of each PokÃ©mon
|rule|OHKO Clause: OHKO moves are banned
|rule|Moody Clause: Moody is banned
|rule|Evasion Moves Clause: Evasion moves are banned
|rule|Endless Battle Clause: Forcing endless battles is banned
|rule|HP Percentage Mod: HP is reported as percentages
|teampreview
|
|start
|switch|p1a: Keldeo|Keldeo|322\/322
|switch|p2a: Breloom|Breloom, M|262\/262
|turn|1
|
|switch|p1a: Landorus-Therian|Landorus-Therian, M|382\/382
|-ability|p1a: Landorus-Therian|Intimidate|[of] p2a: Breloom
|-unboost|p2a: Breloom|atk|1
|move|p2a: Breloom|Bullet Seed|p1a: Landorus-Therian
|-damage|p1a: Landorus-Therian|345\/382
|-damage|p1a: Landorus-Therian|311\/382
|-damage|p1a: Landorus-Therian|272\/382
|-hitcount|p1a: Landorus-Therian|3
|
|-heal|p1a: Landorus-Therian|295\/382|[from] item: Leftovers
|turn|2
|
|move|p2a: Breloom|Spore|p1a: Landorus-Therian
|-status|p1a: Landorus-Therian|slp
|cant|p1a: Landorus-Therian|slp
|
|-heal|p1a: Landorus-Therian|318\/382 slp|[from] item: Leftovers
|turn|3
|
|switch|p2a: Mamoswine|Mamoswine, M|362\/362
|switch|p1a: Charizard|Charizard, F|307\/307
|
|turn|4
|join|Gend3r
|
|detailschange|p1a: Charizard|Charizard-Mega-Y, F
|message|Charizard has Mega Evolved into Mega Charizard!
|-weather|SunnyDay
|move|p1a: Charizard|Fire Blast|p2a: Mamoswine
|-supereffective|p2a: Mamoswine
|-damage|p2a: Mamoswine|0 fnt
|faint|p2a: Mamoswine
|
|-weather|SunnyDay|[upkeep]
|
|switch|p2a: Breloom|Breloom, M|262\/262
|turn|5
|
|switch|p1a: Landorus-Therian|Landorus-Therian, M|318\/382 slp
|-ability|p1a: Landorus-Therian|Intimidate|[of] p2a: Breloom
|-unboost|p2a: Breloom|atk|1
|move|p2a: Breloom|Rock Tomb|p1a: Landorus-Therian
|-damage|p1a: Landorus-Therian|258\/382 slp
|-unboost|p1a: Landorus-Therian|spe|1
|
|-weather|SunnyDay|[upkeep]
|-heal|p1a: Landorus-Therian|281\/382 slp|[from] item: Leftovers
|turn|6
|
|switch|p2a: Scizor|Scizor, M|344\/344
|cant|p1a: Landorus-Therian|slp
|
|-weather|SunnyDay|[upkeep]
|-heal|p1a: Landorus-Therian|304\/382 slp|[from] item: Leftovers
|turn|7
|
|detailschange|p2a: Scizor|Scizor-Mega, M
|message|Scizor has Mega Evolved into Mega Scizor!
|move|p2a: Scizor|Knock Off|p1a: Landorus-Therian
|-damage|p1a: Landorus-Therian|197\/382 slp
|-enditem|p1a: Landorus-Therian|Leftovers|[from] move: Knock Off|[of] p2a: Scizor
|-curestatus|p1a: Landorus-Therian|slp
|move|p1a: Landorus-Therian|Stealth Rock|p2a: Scizor
|-sidestart|p2: Touhou Project|move: Stealth Rock
|
|-weather|SunnyDay|[upkeep]
|turn|8
|
|switch|p1a: Charizard|Charizard-Mega-Y, F|307\/307
|move|p2a: Scizor|Swords Dance|p2a: Scizor
|-boost|p2a: Scizor|atk|2
|
|-weather|none
|turn|9
|
|switch|p2a: Heatran|Heatran, F|386\/386
|-damage|p2a: Heatran|338\/386|[from] Stealth Rock
|move|p1a: Charizard|Fire Blast|p2a: Heatran
|-start|p2a: Heatran|ability: Flash Fire
|
|-heal|p2a: Heatran|362\/386|[from] item: Leftovers
|turn|10
|
|switch|p1a: Keldeo|Keldeo|322\/322
|move|p2a: Heatran|Toxic|p1a: Keldeo
|-status|p1a: Keldeo|tox
|
|-heal|p2a: Heatran|386\/386|[from] item: Leftovers
|-damage|p1a: Keldeo|302\/322 tox|[from] psn
|turn|11
|
|move|p2a: Heatran|Protect|p2a: Heatran
|-singleturn|p2a: Heatran|Protect
|move|p1a: Keldeo|Scald|p2a: Heatran
|-activate|p2a: Heatran|Protect
|
|-damage|p1a: Keldeo|262\/322 tox|[from] psn
|turn|12
|
|switch|p1a: Charizard|Charizard-Mega-Y, F|307\/307
|-weather|SunnyDay
|move|p2a: Heatran|Lava Plume|p1a: Charizard
|-resisted|p1a: Charizard
|-damage|p1a: Charizard|181\/307
|
|-weather|SunnyDay|[upkeep]
|turn|13
|
|switch|p1a: Tyranitar|Tyranitar, F|342\/342
|-weather|Sandstorm
|move|p2a: Heatran|Toxic|p1a: Tyranitar
|-status|p1a: Tyranitar|tox
|
|-weather|Sandstorm|[upkeep]
|-damage|p1a: Tyranitar|321\/342 tox|[from] psn
|turn|14
|
|move|p2a: Heatran|Protect|p2a: Heatran
|-singleturn|p2a: Heatran|Protect
|move|p1a: Tyranitar|Superpower|p2a: Heatran
|-activate|p2a: Heatran|Protect
|
|-weather|Sandstorm|[upkeep]
|-damage|p1a: Tyranitar|279\/342 tox|[from] psn
|turn|15
|
|move|p1a: Tyranitar|Superpower|p2a: Heatran
|-supereffective|p2a: Heatran
|-damage|p2a: Heatran|118\/386
|-unboost|p1a: Tyranitar|atk|1
|-unboost|p1a: Tyranitar|def|1
|move|p2a: Heatran|Earth Power|p1a: Tyranitar
|-supereffective|p1a: Tyranitar
|-damage|p1a: Tyranitar|165\/342 tox
|
|-weather|Sandstorm|[upkeep]
|-heal|p2a: Heatran|142\/386|[from] item: Leftovers
|-damage|p1a: Tyranitar|102\/342 tox|[from] psn
|turn|16
|
|switch|p1a: Landorus-Therian|Landorus-Therian, M|197\/382
|-ability|p1a: Landorus-Therian|Intimidate|[of] p2a: Heatran
|-unboost|p2a: Heatran|atk|1
|move|p2a: Heatran|Protect|p2a: Heatran
|-fail|p2a: Heatran
|
|-weather|Sandstorm|[upkeep]
|-heal|p2a: Heatran|166\/386|[from] item: Leftovers
|turn|17
|
|switch|p2a: Zapdos|Zapdos|380\/380
|-damage|p2a: Zapdos|285\/380|[from] Stealth Rock
|-ability|p2a: Zapdos|Pressure
|move|p1a: Landorus-Therian|Earthquake|p2a: Zapdos
|-immune|p2a: Zapdos|[msg]
|
|-weather|none
|-heal|p2a: Zapdos|308\/380|[from] item: Leftovers
|turn|18
|
|move|p2a: Zapdos|Thunderbolt|p1a: Landorus-Therian
|-immune|p1a: Landorus-Therian|[msg]
|move|p1a: Landorus-Therian|Stone Edge|p2a: Zapdos
|-supereffective|p2a: Zapdos
|-damage|p2a: Zapdos|108\/380
|
|-heal|p2a: Zapdos|131\/380|[from] item: Leftovers
|turn|19
|
|move|p2a: Zapdos|Defog|p1a: Landorus-Therian
|-unboost|p1a: Landorus-Therian|evasion|1
|-sideend|p2: Touhou Project|Stealth Rock|[from] move: Defog|[of] p2a: Zapdos
|move|p1a: Landorus-Therian|Earthquake|p2a: Zapdos
|-immune|p2a: Zapdos|[msg]
|
|-heal|p2a: Zapdos|154\/380|[from] item: Leftovers
|turn|20
|
|move|p2a: Zapdos|Heat Wave|p1a: Landorus-Therian
|-damage|p1a: Landorus-Therian|83\/382
|move|p1a: Landorus-Therian|Stealth Rock|p2a: Zapdos
|-sidestart|p2: Touhou Project|move: Stealth Rock
|
|-heal|p2a: Zapdos|177\/380|[from] item: Leftovers
|turn|21
|join|Gend3r
|
|switch|p1a: Starmie|Starmie|261\/261
|move|p2a: Zapdos|Heat Wave|p1a: Starmie
|-resisted|p1a: Starmie
|-damage|p1a: Starmie|204\/261
|
|-heal|p2a: Zapdos|200\/380|[from] item: Leftovers
|turn|22
|
|switch|p2a: Sylveon|Sylveon, F|394\/394
|-damage|p2a: Sylveon|345\/394|[from] Stealth Rock
|move|p1a: Starmie|Ice Beam|p2a: Sylveon
|-damage|p2a: Sylveon|254\/394
|-damage|p1a: Starmie|178\/261|[from] item: Life Orb
|
|-heal|p2a: Sylveon|278\/394|[from] item: Leftovers
|turn|23
|
|switch|p1a: Charizard|Charizard-Mega-Y, F|181\/307
|-weather|SunnyDay
|move|p2a: Sylveon|Wish|p2a: Sylveon
|
|-weather|SunnyDay|[upkeep]
|-heal|p2a: Sylveon|302\/394|[from] item: Leftovers
|turn|24
|
|switch|p1a: Landorus-Therian|Landorus-Therian, M|83\/382
|-ability|p1a: Landorus-Therian|Intimidate|[of] p2a: Sylveon
|-unboost|p2a: Sylveon|atk|1
|switch|p2a: Heatran|Heatran, F|166\/386
|-damage|p2a: Heatran|118\/386|[from] Stealth Rock
|
|-weather|SunnyDay|[upkeep]
|-heal|p2a: Heatran|315\/386|[from] move: Wish|[wisher] Sylveon
|-heal|p2a: Heatran|339\/386|[from] item: Leftovers
|turn|25
|
|switch|p2a: Scizor|Scizor-Mega, M|344\/344
|-damage|p2a: Scizor|301\/344|[from] Stealth Rock
|move|p1a: Landorus-Therian|Earthquake|p2a: Scizor
|-damage|p2a: Scizor|165\/344
|
|-weather|SunnyDay|[upkeep]
|turn|26
|
|move|p1a: Landorus-Therian|U-turn|p2a: Scizor
|-resisted|p2a: Scizor
|-damage|p2a: Scizor|135\/344
|
|switch|p1a: Charizard|Charizard-Mega-Y, F|181\/307
|move|p2a: Scizor|Knock Off|p1a: Charizard
|-damage|p1a: Charizard|71\/307
|
|-weather|SunnyDay|[upkeep]
|turn|27
|
|move|p2a: Scizor|Bullet Punch|p1a: Charizard
|-resisted|p1a: Charizard
|-damage|p1a: Charizard|0 fnt
|faint|p1a: Charizard
|
|-weather|none
|
|switch|p1a: Keldeo|Keldeo|262\/322 tox
|turn|28
|
|move|p2a: Scizor|Bullet Punch|p1a: Keldeo
|-resisted|p1a: Keldeo
|-damage|p1a: Keldeo|193\/322 tox
|move|p1a: Keldeo|Scald|p2a: Scizor
|-damage|p2a: Scizor|0 fnt
|faint|p2a: Scizor
|
|-damage|p1a: Keldeo|173\/322 tox|[from] psn
|
|switch|p2a: Sylveon|Sylveon, F|302\/394
|-damage|p2a: Sylveon|253\/394|[from] Stealth Rock
|turn|29
|
|move|p1a: Keldeo|Scald|p2a: Sylveon
|-damage|p2a: Sylveon|121\/394
|move|p2a: Sylveon|Wish|p2a: Sylveon
|
|-heal|p2a: Sylveon|145\/394|[from] item: Leftovers
|-damage|p1a: Keldeo|133\/322 tox|[from] psn
|turn|30
|
|switch|p1a: Thundurus|Thundurus, M|305\/305
|move|p2a: Sylveon|Hyper Voice|p1a: Thundurus
|-damage|p1a: Thundurus|131\/305
|
|-heal|p2a: Sylveon|342\/394|[from] move: Wish|[wisher] Sylveon
|-heal|p1a: Thundurus|150\/305|[from] item: Leftovers
|-heal|p2a: Sylveon|366\/394|[from] item: Leftovers
|turn|31
|
|move|p1a: Thundurus|Thunder Wave|p2a: Sylveon
|-status|p2a: Sylveon|par
|move|p2a: Sylveon|Hyper Voice|p1a: Thundurus
|-damage|p1a: Thundurus|0 fnt
|faint|p1a: Thundurus
|
|-heal|p2a: Sylveon|390\/394 par|[from] item: Leftovers
|
|switch|p1a: Keldeo|Keldeo|133\/322 tox
|turn|32
|
|move|p1a: Keldeo|Hydro Pump|p2a: Sylveon
|-damage|p2a: Sylveon|200\/394 par
|move|p2a: Sylveon|Heal Bell|p2a: Sylveon
|-cureteam|p2a: Sylveon|[from] move: HealBell
|
|-heal|p2a: Sylveon|224\/394|[from] item: Leftovers
|-damage|p1a: Keldeo|113\/322 tox|[from] psn
|turn|33
|
|move|p2a: Sylveon|Protect|p2a: Sylveon
|-singleturn|p2a: Sylveon|Protect
|move|p1a: Keldeo|Hydro Pump|p2a: Sylveon
|-activate|p2a: Sylveon|Protect
|
|-heal|p2a: Sylveon|248\/394|[from] item: Leftovers
|-damage|p1a: Keldeo|73\/322 tox|[from] psn
|turn|34
|
|move|p1a: Keldeo|Hydro Pump|p2a: Sylveon
|-damage|p2a: Sylveon|74\/394
|move|p2a: Sylveon|Wish|p2a: Sylveon
|
|-heal|p2a: Sylveon|98\/394|[from] item: Leftovers
|-damage|p1a: Keldeo|13\/322 tox|[from] psn
|turn|35
|
|switch|p1a: Starmie|Starmie|178\/261
|move|p2a: Sylveon|Protect|p2a: Sylveon
|-fail|p2a: Sylveon
|
|-heal|p2a: Sylveon|295\/394|[from] move: Wish|[wisher] Sylveon
|-heal|p2a: Sylveon|319\/394|[from] item: Leftovers
|turn|36
|
|move|p1a: Starmie|Psyshock|p2a: Sylveon
|-damage|p2a: Sylveon|111\/394
|-damage|p1a: Starmie|152\/261|[from] item: Life Orb
|move|p2a: Sylveon|Hyper Voice|p1a: Starmie
|-damage|p1a: Starmie|0 fnt
|faint|p1a: Starmie
|
|-heal|p2a: Sylveon|135\/394|[from] item: Leftovers
|
|switch|p1a: Keldeo|Keldeo|13\/322 tox
|turn|37
|
|move|p2a: Sylveon|Protect|p2a: Sylveon
|-singleturn|p2a: Sylveon|Protect
|move|p1a: Keldeo|Hydro Pump|p2a: Sylveon
|-activate|p2a: Sylveon|Protect
|
|-heal|p2a: Sylveon|159\/394|[from] item: Leftovers
|-damage|p1a: Keldeo|0 fnt|[from] psn
|faint|p1a: Keldeo
|-message|Louisxd forfeited.
|
|win|Touhou Project
|raw|Ladder updating...
|raw|Louisxd's rating: 1109 &rarr; <strong>1086<\/strong><br \/>(-23 for losing)
|raw|Touhou Project's rating: 1135 &rarr; <strong>1158<\/strong><br \/>(+23 for winning)
|leave|Louisxd
|player|p1