|join|louisxd
|join|Snuffie
|player|p1|louisxd|165
|player|p2|Snuffie|266
|gametype|singles
|gen|6
|tier|OU (suspect test)
|rated
|clearpoke
|poke|p1|Staraptor, M
|poke|p1|Talonflame, M
|poke|p1|Pinsir, M
|poke|p1|Latias, F
|poke|p1|Excadrill, M
|poke|p1|Terrakion
|poke|p2|Greninja, F
|poke|p2|Latias, F
|poke|p2|Magnezone
|poke|p2|Talonflame, F
|poke|p2|Venusaur, M
|poke|p2|Ferrothorn, M
|rule|Swagger Clause: Swagger is banned
|rule|Baton Pass Clause: Limit one PokÃ©mon knowing Baton Pass
|rule|Sleep Clause Mod: Limit one foe put to sleep
|rule|Species Clause: Limit one of each PokÃ©mon
|rule|OHKO Clause: OHKO moves are banned
|rule|Moody Clause: Moody is banned
|rule|Evasion Moves Clause: Evasion moves are banned
|rule|Endless Battle Clause: Forcing endless battles is banned
|rule|HP Percentage Mod: HP is reported as percentages
|teampreview
|
|start
|switch|p1a: Terrakion|Terrakion|323\/323
|switch|p2a: Greninja|Greninja, F|285\/285
|turn|1
|
|move|p2a: Greninja|Grass Knot|p1a: Terrakion
|-start|p2a: Greninja|typechange|Grass|[from] Protean
|-supereffective|p1a: Terrakion
|-enditem|p1a: Terrakion|Focus Sash
|-damage|p1a: Terrakion|1\/323
|-damage|p2a: Greninja|257\/285|[from] item: Life Orb
|move|p1a: Terrakion|Stealth Rock|p2a: Greninja
|-sidestart|p2: Snuffie|move: Stealth Rock
|
|turn|2
|
|switch|p2a: Latias|Latias, F|302\/302
|-damage|p2a: Latias|265\/302|[from] Stealth Rock
|move|p1a: Terrakion|Close Combat|p2a: Latias
|-resisted|p2a: Latias
|-damage|p2a: Latias|153\/302
|-unboost|p1a: Terrakion|def|1
|-unboost|p1a: Terrakion|spd|1
|
|turn|3
|
|move|p2a: Latias|Defog|p1a: Terrakion
|-unboost|p1a: Terrakion|evasion|1
|-sideend|p2: Snuffie|Stealth Rock|[from] move: Defog|[of] p2a: Latias
|move|p1a: Terrakion|Stealth Rock|p2a: Latias
|-sidestart|p2: Snuffie|move: Stealth Rock
|
|turn|4
|
|move|p2a: Latias|Defog|p1a: Terrakion
|-unboost|p1a: Terrakion|evasion|1
|-sideend|p2: Snuffie|Stealth Rock|[from] move: Defog|[of] p2a: Latias
|move|p1a: Terrakion|Stealth Rock|p2a: Latias
|-sidestart|p2: Snuffie|move: Stealth Rock
|
|turn|5
|
|move|p2a: Latias|Defog|p1a: Terrakion
|-unboost|p1a: Terrakion|evasion|1
|-sideend|p2: Snuffie|Stealth Rock|[from] move: Defog|[of] p2a: Latias
|move|p1a: Terrakion|Stealth Rock|p2a: Latias
|-sidestart|p2: Snuffie|move: Stealth Rock
|
|turn|6
|
|move|p2a: Latias|Defog|p1a: Terrakion
|-unboost|p1a: Terrakion|evasion|1
|-sideend|p2: Snuffie|Stealth Rock|[from] move: Defog|[of] p2a: Latias
|move|p1a: Terrakion|Stealth Rock|p2a: Latias
|-sidestart|p2: Snuffie|move: Stealth Rock
|
|turn|7
|
|move|p2a: Latias|Defog|p1a: Terrakion
|-unboost|p1a: Terrakion|evasion|1
|-sideend|p2: Snuffie|Stealth Rock|[from] move: Defog|[of] p2a: Latias
|move|p1a: Terrakion|Stealth Rock|p2a: Latias
|-sidestart|p2: Snuffie|move: Stealth Rock
|
|turn|8
|
|move|p2a: Latias|Defog|p1a: Terrakion
|-unboost|p1a: Terrakion|evasion|1
|-sideend|p2: Snuffie|Stealth Rock|[from] move: Defog|[of] p2a: Latias
|move|p1a: Terrakion|Stealth Rock|p2a: Latias
|-sidestart|p2: Snuffie|move: Stealth Rock
|
|turn|9
|chat|louisxd|now you wont miss even a fissure
|
|move|p2a: Latias|Defog|p1a: Terrakion
|-sideend|p2: Snuffie|Stealth Rock|[from] move: Defog|[of] p2a: Latias
|move|p1a: Terrakion|Stealth Rock|p2a: Latias
|-sidestart|p2: Snuffie|move: Stealth Rock
|
|turn|10
|
|move|p2a: Latias|Defog|p1a: Terrakion
|-sideend|p2: Snuffie|Stealth Rock|[from] move: Defog|[of] p2a: Latias
|move|p1a: Terrakion|Stealth Rock|p2a: Latias
|-sidestart|p2: Snuffie|move: Stealth Rock
|
|turn|11
|
|move|p2a: Latias|Defog|p1a: Terrakion
|-sideend|p2: Snuffie|Stealth Rock|[from] move: Defog|[of] p2a: Latias
|move|p1a: Terrakion|Stealth Rock|p2a: Latias
|-sidestart|p2: Snuffie|move: Stealth Rock
|
|turn|12
|
|move|p2a: Latias|Defog|p1a: Terrakion
|-sideend|p2: Snuffie|Stealth Rock|[from] move: Defog|[of] p2a: Latias
|move|p1a: Terrakion|Stealth Rock|p2a: Latias
|-sidestart|p2: Snuffie|move: Stealth Rock
|
|turn|13
|
|move|p2a: Latias|Defog|p1a: Terrakion
|-sideend|p2: Snuffie|Stealth Rock|[from] move: Defog|[of] p2a: Latias
|move|p1a: Terrakion|Stealth Rock|p2a: Latias
|-sidestart|p2: Snuffie|move: Stealth Rock
|
|turn|14
|chat|Snuffie|You stubborn little bitch!!
|chat|Snuffie|OMg
|
|move|p2a: Latias|Defog|p1a: Terrakion
|-sideend|p2: Snuffie|Stealth Rock|[from] move: Defog|[of] p2a: Latias
|move|p1a: Terrakion|Stealth Rock|p2a: Latias
|-sidestart|p2: Snuffie|move: Stealth Rock
|
|turn|15
|chat|Snuffie|Well
|
|move|p2a: Latias|Defog|p1a: Terrakion
|-sideend|p2: Snuffie|Stealth Rock|[from] move: Defog|[of] p2a: Latias
|move|p1a: Terrakion|Stealth Rock|p2a: Latias
|-sidestart|p2: Snuffie|move: Stealth Rock
|
|turn|16
|chat|Snuffie|here
|chat|Snuffie|I 
|chat|Snuffie|go
|
|move|p2a: Latias|Hidden Power|p1a: Terrakion
|-supereffective|p1a: Terrakion
|-damage|p1a: Terrakion|0 fnt
|-damage|p2a: Latias|123\/302|[from] item: Life Orb
|faint|p1a: Terrakion
|
|chat|louisxd|:)
|
|switch|p1a: Staraptor|Staraptor, M|312\/312
|turn|17
|
|switch|p2a: Ferrothorn|Ferrothorn, M|352\/352
|-damage|p2a: Ferrothorn|330\/352|[from] Stealth Rock
|move|p1a: Staraptor|U-turn|p2a: Ferrothorn
|-damage|p2a: Ferrothorn|279\/352
|-damage|p1a: Staraptor|273\/312|[from] ability: Iron Barbs|[of] p2a: Ferrothorn
|-damage|p1a: Staraptor|221\/312|[from] item: Rocky Helmet|[of] p2a: Ferrothorn
|
|switch|p1a: Talonflame|Talonflame, M|298\/298
|
|turn|18
|
|move|p1a: Talonflame|Flare Blitz|p2a: Ferrothorn
|-supereffective|p2a: Ferrothorn
|-damage|p2a: Ferrothorn|0 fnt
|-damage|p1a: Talonflame|261\/298|[from] ability: Iron Barbs|[of] p2a: Ferrothorn
|-damage|p1a: Talonflame|212\/298|[from] item: Rocky Helmet|[of] p2a: Ferrothorn
|-damage|p1a: Talonflame|120\/298|[from] recoil|[of] p2a: Ferrothorn
|faint|p2a: Ferrothorn
|
|
|switch|p2a: Latias|Latias, F|123\/302
|-damage|p2a: Latias|86\/302|[from] Stealth Rock
|turn|19
|
|move|p1a: Talonflame|Flare Blitz|p2a: Latias
|-resisted|p2a: Latias
|-damage|p2a: Latias|0 fnt
|-damage|p1a: Talonflame|92\/298|[from] recoil|[of] p2a: Latias
|faint|p2a: Latias
|
|
|switch|p2a: Greninja|Greninja, F|257\/285
|-damage|p2a: Greninja|222\/285|[from] Stealth Rock
|turn|20
|
|switch|p1a: Excadrill|Excadrill, M|361\/361
|-ability|p1a: Excadrill|Mold Breaker
|move|p2a: Greninja|Hydro Pump|p1a: Excadrill
|-start|p2a: Greninja|typechange|Water|[from] Protean
|-supereffective|p1a: Excadrill
|-damage|p1a: Excadrill|0 fnt
|-damage|p2a: Greninja|194\/285|[from] item: Life Orb
|faint|p1a: Excadrill
|
|
|switch|p1a: Talonflame|Talonflame, M|92\/298
|turn|21
|
|switch|p2a: Magnezone|Magnezone|323\/323
|-damage|p2a: Magnezone|303\/323|[from] Stealth Rock
|move|p1a: Talonflame|Flare Blitz|p2a: Magnezone
|-supereffective|p2a: Magnezone
|-damage|p2a: Magnezone|0 fnt
|-damage|p1a: Talonflame|0 fnt|[from] recoil|[of] p2a: Magnezone
|faint|p2a: Magnezone
|faint|p1a: Talonflame
|
|chat|Snuffie|ugh
|
|switch|p1a: Staraptor|Staraptor, M|221\/312
|switch|p2a: Greninja|Greninja, F|194\/285
|-damage|p2a: Greninja|159\/285|[from] Stealth Rock
|turn|22
|
|move|p1a: Staraptor|Brave Bird|p2a: Greninja
|-damage|p2a: Greninja|0 fnt
|-damage|p1a: Staraptor|169\/312|[from] recoil|[of] p2a: Greninja
|faint|p2a: Greninja
|
|
|switch|p2a: Talonflame|Talonflame, F|297\/297
|-damage|p2a: Talonflame|149\/297|[from] Stealth Rock
|turn|23
|
|move|p2a: Talonflame|Brave Bird|p1a: Staraptor
|-damage|p1a: Staraptor|0 fnt
|-damage|p2a: Talonflame|93\/297|[from] recoil|[of] p1a: Staraptor
|faint|p1a: Staraptor
|
|
|switch|p1a: Latias|Latias, F|301\/301
|turn|24
|
|move|p2a: Talonflame|Brave Bird|p1a: Latias
|-damage|p1a: Latias|54\/301
|-damage|p2a: Talonflame|11\/297|[from] recoil|[of] p1a: Latias
|move|p1a: Latias|Psyshock|p2a: Talonflame
|-damage|p2a: Talonflame|0 fnt
|-damage|p1a: Latias|24\/301|[from] item: Life Orb
|faint|p2a: Talonflame
|
|
|switch|p2a: Venusaur|Venusaur, M|364\/364
|-damage|p2a: Venusaur|319\/364|[from] Stealth Rock
|turn|25
|
|detailschange|p2a: Venusaur|Venusaur-Mega, M
|message|Venusaur has Mega Evolved into Mega Venusaur!
|move|p1a: Latias|Psyshock|p2a: Venusaur
|-supereffective|p2a: Venusaur
|-damage|p2a: Venusaur|0 fnt
|-damage|p1a: Latias|0 fnt|[from] item: Life Orb
|faint|p2a: Venusaur
|faint|p1a: Latias
|
|win|louisxd
|raw|Ladder updating...
|raw|louisxd's rating: 1228 &rarr; <strong>1254<\/strong><br \/>(+26 for winning)
|raw|Snuffie's rating: 1241 &rarr; <strong>1215<\/strong><br \/>(-26 for losing)
|chat|Snuffie|gg
|chat|louisxd|O_o
|chat|louisxd|gg
|leave|louisxd
|player|p1