|join|Louisxd
|join|Chocolove
|player|p1|Louisxd|165
|player|p2|Chocolove|3
|gametype|singles
|gen|6
|tier|OU (suspect test)
|rated
|clearpoke
|poke|p1|Gyarados, M
|poke|p1|Gothitelle, F
|poke|p1|Breloom, M
|poke|p1|Latias, F
|poke|p1|Landorus-Therian, M
|poke|p1|Azumarill, F
|poke|p2|Azumarill, M
|poke|p2|Kyurem-Black
|poke|p2|Thundurus, M
|poke|p2|Landorus, M
|poke|p2|Scizor, F
|poke|p2|Gengar, F
|rule|Swagger Clause: Swagger is banned
|rule|Baton Pass Clause: Limit one PokÃ©mon knowing Baton Pass
|rule|Sleep Clause Mod: Limit one foe put to sleep
|rule|Species Clause: Limit one of each PokÃ©mon
|rule|OHKO Clause: OHKO moves are banned
|rule|Moody Clause: Moody is banned
|rule|Evasion Moves Clause: Evasion moves are banned
|rule|Endless Battle Clause: Forcing endless battles is banned
|rule|HP Percentage Mod: HP is shown in percentages
|teampreview
|
|start
|switch|p1a: Breloom|Breloom, M|261\/261
|switch|p2a: Ingenious|Landorus, M|320\/320
|turn|1
|
|move|p2a: Ingenious|Stealth Rock|p1a: Breloom
|-sidestart|p1: Louisxd|move: Stealth Rock
|move|p1a: Breloom|Spore|p2a: Ingenious
|-status|p2a: Ingenious|slp
|
|turn|2
|
|switch|p2a: Shake my hand|Scizor, F|344\/344
|move|p1a: Breloom|Rock Tomb|p2a: Shake my hand
|-crit|p2a: Shake my hand
|-damage|p2a: Shake my hand|183\/344
|-unboost|p2a: Shake my hand|spe|1
|
|turn|3
|
|switch|p1a: Landorus-Therian|Landorus-Therian, M|381\/381
|-damage|p1a: Landorus-Therian|334\/381|[from] Stealth Rock
|-ability|p1a: Landorus-Therian|Intimidate|[of] p2a: Shake my hand
|-unboost|p2a: Shake my hand|atk|1
|detailschange|p2a: Shake my hand|Scizor-Mega, F
|message|Scizor has Mega Evolved into Mega Scizor!
|move|p2a: Shake my hand|Roost|p2a: Shake my hand
|-heal|p2a: Shake my hand|344\/344
|
|-heal|p1a: Landorus-Therian|357\/381|[from] item: Leftovers
|turn|4
|
|move|p1a: Landorus-Therian|Stealth Rock|p2a: Shake my hand
|-sidestart|p2: Chocolove|move: Stealth Rock
|move|p2a: Shake my hand|Swords Dance|p2a: Shake my hand
|-boost|p2a: Shake my hand|atk|2
|
|-heal|p1a: Landorus-Therian|380\/381|[from] item: Leftovers
|turn|5
|
|move|p1a: Landorus-Therian|U-turn|p2a: Shake my hand
|-resisted|p2a: Shake my hand
|-damage|p2a: Shake my hand|313\/344
|
|switch|p1a: Gothitelle|Gothitelle, F|309\/309
|-damage|p1a: Gothitelle|271\/309|[from] Stealth Rock
|move|p2a: Shake my hand|Knock Off|p1a: Gothitelle
|-supereffective|p1a: Gothitelle
|-damage|p1a: Gothitelle|0 fnt
|-enditem|p1a: Gothitelle|Choice Specs|[from] move: Knock Off|[of] p2a: Shake my hand
|faint|p1a: Gothitelle
|
|
|switch|p1a: Azumarill|Azumarill, F|388\/388
|-damage|p1a: Azumarill|340\/388|[from] Stealth Rock
|turn|6
|
|move|p2a: Shake my hand|Swords Dance|p2a: Shake my hand
|-boost|p2a: Shake my hand|atk|2
|move|p1a: Azumarill|Waterfall|p2a: Shake my hand
|-damage|p2a: Shake my hand|187\/344
|
|turn|7
|
|move|p2a: Shake my hand|Roost|p2a: Shake my hand
|-heal|p2a: Shake my hand|344\/344
|move|p1a: Azumarill|Waterfall|p2a: Shake my hand
|-damage|p2a: Shake my hand|221\/344
|
|turn|8
|
|switch|p1a: Gyarados|Gyarados, M|347\/347
|-damage|p1a: Gyarados|261\/347|[from] Stealth Rock
|-ability|p1a: Gyarados|Intimidate|[of] p2a: Shake my hand
|-unboost|p2a: Shake my hand|atk|1
|move|p2a: Shake my hand|Bullet Punch|p1a: Gyarados
|-resisted|p1a: Gyarados
|-damage|p1a: Gyarados|131\/347
|
|turn|9
|
|detailschange|p1a: Gyarados|Gyarados-Mega, M
|message|Gyarados has Mega Evolved into Mega Gyarados!
|-ability|p1a: Gyarados|Mold Breaker
|move|p2a: Shake my hand|Bullet Punch|p1a: Gyarados
|-resisted|p1a: Gyarados
|-damage|p1a: Gyarados|21\/347
|move|p1a: Gyarados|Waterfall|p2a: Shake my hand
|-damage|p2a: Shake my hand|91\/344
|
|turn|10
|
|move|p2a: Shake my hand|Bullet Punch|p1a: Gyarados
|-resisted|p1a: Gyarados
|-damage|p1a: Gyarados|0 fnt
|faint|p1a: Gyarados
|
|
|switch|p1a: Breloom|Breloom, M|261\/261
|-damage|p1a: Breloom|245\/261|[from] Stealth Rock
|turn|11
|
|move|p1a: Breloom|Mach Punch|p2a: Shake my hand
|-crit|p2a: Shake my hand
|-damage|p2a: Shake my hand|0 fnt
|faint|p2a: Shake my hand
|
|
|switch|p2a: Joker|Gengar, F|323\/323
|-damage|p2a: Joker|283\/323|[from] Stealth Rock
|turn|12
|
|switch|p1a: Azumarill|Azumarill, F|340\/388
|-damage|p1a: Azumarill|292\/388|[from] Stealth Rock
|move|p2a: Joker|Will-O-Wisp|p1a: Azumarill
|-status|p1a: Azumarill|brn
|
|-heal|p2a: Joker|303\/323|[from] item: Black Sludge
|-damage|p1a: Azumarill|244\/388 brn|[from] brn
|turn|13
|
|move|p2a: Joker|Sludge Wave|p1a: Azumarill
|-supereffective|p1a: Azumarill
|-damage|p1a: Azumarill|8\/388 brn
|move|p1a: Azumarill|Knock Off|p2a: Joker
|-supereffective|p2a: Joker
|-damage|p2a: Joker|85\/323
|-enditem|p2a: Joker|Black Sludge|[from] move: Knock Off|[of] p1a: Azumarill
|
|-damage|p1a: Azumarill|0 fnt|[from] brn
|faint|p1a: Azumarill
|
|switch|p1a: Landorus-Therian|Landorus-Therian, M|380\/381
|-damage|p1a: Landorus-Therian|333\/381|[from] Stealth Rock
|-ability|p1a: Landorus-Therian|Intimidate|[of] p2a: Joker
|-unboost|p2a: Joker|atk|1
|turn|14
|
|move|p2a: Joker|Will-O-Wisp|p1a: Landorus-Therian
|-status|p1a: Landorus-Therian|brn
|move|p1a: Landorus-Therian|Stone Edge|p2a: Joker|[miss]
|-miss|p1a: Landorus-Therian|p2a: Joker
|
|-heal|p1a: Landorus-Therian|356\/381 brn|[from] item: Leftovers
|-damage|p1a: Landorus-Therian|309\/381 brn|[from] brn
|turn|15
|
|move|p2a: Joker|Substitute|p2a: Joker
|-start|p2a: Joker|Substitute
|-damage|p2a: Joker|5\/323
|move|p1a: Landorus-Therian|Stone Edge|p2a: Joker
|-crit|p2a: Joker
|-end|p2a: Joker|Substitute
|
|-heal|p1a: Landorus-Therian|332\/381 brn|[from] item: Leftovers
|-damage|p1a: Landorus-Therian|285\/381 brn|[from] brn
|turn|16
|
|move|p2a: Joker|Shadow Ball|p1a: Landorus-Therian
|-crit|p1a: Landorus-Therian
|-damage|p1a: Landorus-Therian|83\/381 brn
|move|p1a: Landorus-Therian|Stone Edge|p2a: Joker
|-damage|p2a: Joker|0 fnt
|faint|p2a: Joker
|
|-heal|p1a: Landorus-Therian|106\/381 brn|[from] item: Leftovers
|-damage|p1a: Landorus-Therian|59\/381 brn|[from] brn
|
|switch|p2a: Bugs Bunny|Azumarill, M|404\/404
|-damage|p2a: Bugs Bunny|354\/404|[from] Stealth Rock
|turn|17
|
|move|p1a: Landorus-Therian|Earthquake|p2a: Bugs Bunny
|-damage|p2a: Bugs Bunny|260\/404
|move|p2a: Bugs Bunny|Play Rough|p1a: Landorus-Therian
|-damage|p1a: Landorus-Therian|0 fnt
|faint|p1a: Landorus-Therian
|
|
|switch|p1a: Breloom|Breloom, M|245\/261
|-damage|p1a: Breloom|229\/261|[from] Stealth Rock
|turn|18
|
|move|p1a: Breloom|Rock Tomb|p2a: Bugs Bunny
|-damage|p2a: Bugs Bunny|126\/404
|-unboost|p2a: Bugs Bunny|spe|1
|move|p2a: Bugs Bunny|Play Rough|p1a: Breloom
|-supereffective|p1a: Breloom
|-damage|p1a: Breloom|0 fnt
|faint|p1a: Breloom
|
|
|switch|p1a: Latias|Latias, F|322\/322
|-damage|p1a: Latias|282\/322|[from] Stealth Rock
|turn|19
|
|move|p1a: Latias|Healing Wish|p1a: Latias
|-fail|p1a: Latias
|move|p2a: Bugs Bunny|Knock Off|p1a: Latias
|-supereffective|p1a: Latias
|-damage|p1a: Latias|0 fnt
|-enditem|p1a: Latias|Life Orb|[from] move: Knock Off|[of] p2a: Bugs Bunny
|faint|p1a: Latias
|
|win|Chocolove
|raw|Ladder updating...
|raw|Louisxd's rating: 1351 &rarr; <strong>1334<\/strong><br \/>(-17 for losing)
|raw|Chocolove's rating: 1402 &rarr; <strong>1419<\/strong><br \/>(+17 for winning)
|chat|Chocolove|gg
|leave|Louisxd
|player|p1