|join|Louisxd
|join|CroccantinoLaddera
|player|p1|Louisxd|165
|player|p2|CroccantinoLaddera|275
|gametype|singles
|gen|6
|tier|OU (suspect test)
|rated
|clearpoke
|poke|p1|Gardevoir, F
|poke|p1|Keldeo
|poke|p1|Bisharp, M
|poke|p1|Ferrothorn, M
|poke|p1|Landorus-Therian, M
|poke|p1|Latias, F
|poke|p2|Pinsir, F
|poke|p2|Gothitelle, F
|poke|p2|Landorus-Therian, M
|poke|p2|Heatran, M
|poke|p2|Ferrothorn, F
|poke|p2|Latios, M
|rule|Swagger Clause: Swagger is banned
|rule|Baton Pass Clause: Limit one PokÃ©mon knowing Baton Pass
|rule|Sleep Clause Mod: Limit one foe put to sleep
|rule|Species Clause: Limit one of each PokÃ©mon
|rule|OHKO Clause: OHKO moves are banned
|rule|Moody Clause: Moody is banned
|rule|Evasion Moves Clause: Evasion moves are banned
|rule|Endless Battle Clause: Forcing endless battles is banned
|rule|HP Percentage Mod: HP is reported as percentages
|teampreview
|
|start
|switch|p1a: Keldeo|Keldeo|323\/323
|switch|p2a: Landorus-Therian|Landorus-Therian, M|320\/320
|-ability|p2a: Landorus-Therian|Intimidate|[of] p1a: Keldeo
|-unboost|p1a: Keldeo|atk|1
|turn|1
|
|switch|p1a: Bisharp|Bisharp, M|272\/272
|move|p2a: Landorus-Therian|U-turn|p1a: Bisharp
|-damage|p1a: Bisharp|178\/272
|
|switch|p2a: Ferrothorn|Ferrothorn, F|352\/352
|
|turn|2
|
|switch|p1a: Ferrothorn|Ferrothorn, M|352\/352
|move|p2a: Ferrothorn|Thunder Wave|p1a: Ferrothorn
|-status|p1a: Ferrothorn|par
|
|turn|3
|
|move|p2a: Ferrothorn|Spikes|p1a: Ferrothorn
|-sidestart|p1: Louisxd|Spikes
|move|p1a: Ferrothorn|Stealth Rock|p2a: Ferrothorn
|-sidestart|p2: CroccantinoLaddera|move: Stealth Rock
|
|turn|4
|
|switch|p1a: Gardevoir|Gardevoir, F|278\/278
|-damage|p1a: Gardevoir|244\/278|[from] Spikes
|-ability|p1a: Gardevoir|Iron Barbs|[from] ability: Trace|[of] p2a: Ferrothorn
|move|p2a: Ferrothorn|Thunder Wave|p1a: Gardevoir
|-status|p1a: Gardevoir|par
|
|turn|5
|
|detailschange|p1a: Gardevoir|Gardevoir-Mega, F
|message|Gardevoir has Mega Evolved into Mega Gardevoir!
|move|p2a: Ferrothorn|Power Whip|p1a: Gardevoir
|-damage|p1a: Gardevoir|64\/278 par
|cant|p1a: Gardevoir|par
|
|turn|6
|
|switch|p1a: Latias|Latias, F|319\/319
|move|p2a: Ferrothorn|Power Whip|p1a: Latias
|-resisted|p1a: Latias
|-damage|p1a: Latias|245\/319
|
|turn|7
|
|switch|p1a: Landorus-Therian|Landorus-Therian, M|320\/320
|-ability|p1a: Landorus-Therian|Intimidate|[of] p2a: Ferrothorn
|-unboost|p2a: Ferrothorn|atk|1
|move|p2a: Ferrothorn|Thunder Wave|p1a: Landorus-Therian
|-immune|p1a: Landorus-Therian|[msg]
|
|turn|8
|
|move|p1a: Landorus-Therian|Earthquake|p2a: Ferrothorn
|-damage|p2a: Ferrothorn|235\/352
|move|p2a: Ferrothorn|Leech Seed|p1a: Landorus-Therian
|-start|p1a: Landorus-Therian|move: Leech Seed
|
|-damage|p1a: Landorus-Therian|280\/320|[from] Leech Seed|[of] p2a: Ferrothorn
|-heal|p2a: Ferrothorn|275\/352|[silent]
|turn|9
|
|switch|p1a: Latias|Latias, F|245\/319
|move|p2a: Ferrothorn|Spikes|p1a: Latias
|-sidestart|p1: Louisxd|Spikes
|
|turn|10
|
|move|p1a: Latias|Defog|p2a: Ferrothorn
|-unboost|p2a: Ferrothorn|evasion|1
|-sideend|p2: CroccantinoLaddera|Stealth Rock|[from] move: Defog|[of] p2a: Ferrothorn
|-sideend|p1: Louisxd|Spikes|[from] move: Defog|[of] p1a: Latias
|move|p2a: Ferrothorn|Leech Seed|p1a: Latias
|-start|p1a: Latias|move: Leech Seed
|
|-damage|p1a: Latias|206\/319|[from] Leech Seed|[of] p2a: Ferrothorn
|-heal|p2a: Ferrothorn|314\/352|[silent]
|turn|11
|
|switch|p1a: Landorus-Therian|Landorus-Therian, M|280\/320
|-ability|p1a: Landorus-Therian|Intimidate|[of] p2a: Ferrothorn
|-unboost|p2a: Ferrothorn|atk|1
|move|p2a: Ferrothorn|Thunder Wave|p1a: Landorus-Therian
|-immune|p1a: Landorus-Therian|[msg]
|
|turn|12
|
|move|p1a: Landorus-Therian|U-turn|p2a: Ferrothorn
|-damage|p2a: Ferrothorn|251\/352
|-damage|p1a: Landorus-Therian|240\/320|[from] ability: Iron Barbs|[of] p2a: Ferrothorn
|-damage|p1a: Landorus-Therian|187\/320|[from] item: Rocky Helmet|[of] p2a: Ferrothorn
|
|switch|p1a: Keldeo|Keldeo|323\/323
|move|p2a: Ferrothorn|Leech Seed|p1a: Keldeo
|-start|p1a: Keldeo|move: Leech Seed
|
|-damage|p1a: Keldeo|283\/323|[from] Leech Seed|[of] p2a: Ferrothorn
|-heal|p2a: Ferrothorn|291\/352|[silent]
|turn|13
|
|move|p1a: Keldeo|Secret Sword|p2a: Ferrothorn
|-supereffective|p2a: Ferrothorn
|-damage|p2a: Ferrothorn|3\/352
|move|p2a: Ferrothorn|Thunder Wave|p1a: Keldeo
|-status|p1a: Keldeo|par
|
|-damage|p1a: Keldeo|243\/323 par|[from] Leech Seed|[of] p2a: Ferrothorn
|-heal|p2a: Ferrothorn|43\/352|[silent]
|turn|14
|
|switch|p2a: Gothitelle|Gothitelle, F|287\/287
|move|p1a: Keldeo|Secret Sword|p2a: Gothitelle
|-resisted|p2a: Gothitelle
|-damage|p2a: Gothitelle|178\/287
|
|-damage|p1a: Keldeo|203\/323 par|[from] Leech Seed|[of] p2a: Gothitelle
|-heal|p2a: Gothitelle|218\/287|[silent]
|turn|15
|
|move|p2a: Gothitelle|Thunderbolt|p1a: Keldeo
|-supereffective|p1a: Keldeo
|-damage|p1a: Keldeo|0 fnt
|faint|p1a: Keldeo
|
|
|switch|p1a: Bisharp|Bisharp, M|178\/272
|turn|16
|
|move|p1a: Bisharp|Pursuit|p2a: Gothitelle
|-supereffective|p2a: Gothitelle
|-damage|p2a: Gothitelle|8\/287
|move|p2a: Gothitelle|Thunderbolt|p1a: Bisharp
|-damage|p1a: Bisharp|0 fnt
|faint|p1a: Bisharp
|
|
|switch|p1a: Ferrothorn|Ferrothorn, M|352\/352 par
|turn|17
|
|switch|p2a: Heatran|Heatran, M|386\/386
|move|p1a: Ferrothorn|Stealth Rock|p2a: Heatran
|-sidestart|p2: CroccantinoLaddera|move: Stealth Rock
|
|turn|18
|
|switch|p1a: Landorus-Therian|Landorus-Therian, M|187\/320
|-ability|p1a: Landorus-Therian|Intimidate|[of] p2a: Heatran
|-unboost|p2a: Heatran|atk|1
|move|p2a: Heatran|Lava Plume|p1a: Landorus-Therian
|-damage|p1a: Landorus-Therian|52\/320
|
|turn|19
|
|switch|p2a: Landorus-Therian|Landorus-Therian, M|320\/320
|-damage|p2a: Landorus-Therian|280\/320|[from] Stealth Rock
|-ability|p2a: Landorus-Therian|Intimidate|[of] p1a: Landorus-Therian
|-unboost|p1a: Landorus-Therian|atk|1
|move|p1a: Landorus-Therian|Knock Off|p2a: Landorus-Therian
|-damage|p2a: Landorus-Therian|171\/320
|-enditem|p2a: Landorus-Therian|Choice Scarf|[from] move: Knock Off|[of] p1a: Landorus-Therian
|
|turn|20
|
|switch|p1a: Ferrothorn|Ferrothorn, M|352\/352 par
|switch|p2a: Ferrothorn|Ferrothorn, F|43\/352
|-damage|p2a: Ferrothorn|21\/352|[from] Stealth Rock
|
|turn|21
|
|move|p2a: Ferrothorn|Spikes|p1a: Ferrothorn
|-sidestart|p1: Louisxd|Spikes
|cant|p1a: Ferrothorn|par
|
|turn|22
|
|move|p2a: Ferrothorn|Spikes|p1a: Ferrothorn
|-sidestart|p1: Louisxd|Spikes
|cant|p1a: Ferrothorn|par
|
|turn|23
|
|switch|p2a: Heatran|Heatran, M|386\/386
|-damage|p2a: Heatran|338\/386|[from] Stealth Rock
|move|p1a: Ferrothorn|Gyro Ball|p2a: Heatran
|-resisted|p2a: Heatran
|-damage|p2a: Heatran|302\/386
|
|-heal|p2a: Heatran|326\/386|[from] item: Leftovers
|turn|24
|
|switch|p1a: Landorus-Therian|Landorus-Therian, M|52\/320
|-ability|p1a: Landorus-Therian|Intimidate|[of] p2a: Heatran
|-unboost|p2a: Heatran|atk|1
|move|p2a: Heatran|Stealth Rock|p1a: Landorus-Therian
|-sidestart|p1: Louisxd|move: Stealth Rock
|
|-heal|p2a: Heatran|350\/386|[from] item: Leftovers
|turn|25
|
|switch|p2a: Ferrothorn|Ferrothorn, F|21\/352
|-damage|p2a: Ferrothorn|0 fnt|[from] Stealth Rock
|faint|p2a: Ferrothorn
|move|p1a: Landorus-Therian|Earthquake|p2: Ferrothorn|[notarget]
|-notarget
|
|
|switch|p2a: Pinsir|Pinsir, F|271\/271
|-damage|p2a: Pinsir|204\/271|[from] Stealth Rock
|turn|26
|
|switch|p1a: Ferrothorn|Ferrothorn, M|352\/352 par
|-damage|p1a: Ferrothorn|294\/352 par|[from] Spikes
|-damage|p1a: Ferrothorn|272\/352 par|[from] Stealth Rock
|detailschange|p2a: Pinsir|Pinsir-Mega, F
|message|Pinsir has Mega Evolved into Mega Pinsir!
|move|p2a: Pinsir|Swords Dance|p2a: Pinsir
|-boost|p2a: Pinsir|atk|2
|
|-heal|p1a: Ferrothorn|294\/352 par|[from] item: Leftovers
|turn|27
|
|move|p2a: Pinsir|Frustration|p1a: Ferrothorn
|-damage|p1a: Ferrothorn|0 fnt
|-damage|p2a: Pinsir|171\/271|[from] ability: Iron Barbs|[of] p1a: Ferrothorn
|faint|p1a: Ferrothorn
|
|
|switch|p1a: Landorus-Therian|Landorus-Therian, M|52\/320
|-damage|p1a: Landorus-Therian|12\/320|[from] Stealth Rock
|-ability|p1a: Landorus-Therian|Intimidate|[of] p2a: Pinsir
|-unboost|p2a: Pinsir|atk|1
|turn|28
|
|move|p2a: Pinsir|Quick Attack|p1a: Landorus-Therian
|-damage|p1a: Landorus-Therian|0 fnt
|faint|p1a: Landorus-Therian
|
|
|switch|p1a: Latias|Latias, F|206\/319
|-damage|p1a: Latias|167\/319|[from] Stealth Rock
|turn|29
|
|move|p2a: Pinsir|Quick Attack|p1a: Latias
|-damage|p1a: Latias|0 fnt
|faint|p1a: Latias
|
|
|switch|p1a: Gardevoir|Gardevoir-Mega, F|64\/278 par
|-damage|p1a: Gardevoir|30\/278 par|[from] Stealth Rock
|-damage|p1a: Gardevoir|0 fnt|[from] Spikes
|faint|p1a: Gardevoir
|
|win|CroccantinoLaddera
|raw|Ladder updating...
|raw|Louisxd's rating: 1210 &rarr; <strong>1187<\/strong><br \/>(-23 for losing)
|raw|CroccantinoLaddera's rating: 1236 &rarr; <strong>1259<\/strong><br \/>(+23 for winning)
|chat|CroccantinoLaddera|gg
|leave|Louisxd
|player|p1