|join|Shgeldz
|join|louisxd
|player|p1|Shgeldz|#shgeldz
|player|p2|louisxd|165
|gametype|singles
|gen|6
|tier|OU (suspect test)
|rated
|clearpoke
|poke|p1|Landorus-Therian, M
|poke|p1|Dragonite, F
|poke|p1|Latios, M
|poke|p1|Greninja, M, shiny
|poke|p1|Medicham, M, shiny
|poke|p1|Volcarona, F, shiny
|poke|p2|Magnezone
|poke|p2|Clefable, F
|poke|p2|Gyarados, M
|poke|p2|Gliscor, M
|poke|p2|Latias, F
|poke|p2|Ferrothorn, M
|rule|Swagger Clause: Swagger is banned
|rule|Baton Pass Clause: Limit one PokÃ©mon knowing Baton Pass
|rule|Sleep Clause Mod: Limit one foe put to sleep
|rule|Species Clause: Limit one of each PokÃ©mon
|rule|OHKO Clause: OHKO moves are banned
|rule|Moody Clause: Moody is banned
|rule|Evasion Moves Clause: Evasion moves are banned
|rule|Endless Battle Clause: Forcing endless battles is banned
|rule|HP Percentage Mod: HP is reported as percentages
|teampreview
|
|start
|switch|p1a: CLONE ME|Greninja, M, shiny|286\/286
|switch|p2a: Drug addicted|Gliscor, M|352\/352
|turn|1
|
|switch|p2a: Hug Me|Ferrothorn, M|352\/352
|move|p1a: CLONE ME|Ice Beam|p2a: Hug Me
|-start|p1a: CLONE ME|typechange|Ice|[from] Protean
|-damage|p2a: Hug Me|232\/352
|
|-heal|p2a: Hug Me|254\/352|[from] item: Leftovers
|turn|2
|
|move|p1a: CLONE ME|Hidden Power|p2a: Hug Me
|-start|p1a: CLONE ME|typechange|Fire|[from] Protean
|-supereffective|p2a: Hug Me
|-damage|p2a: Hug Me|0 fnt
|faint|p2a: Hug Me
|
|
|switch|p2a: Clefable|Clefable, F|394\/394
|turn|3
|
|switch|p1a: SkyLion|Landorus-Therian, M|382\/382
|-ability|p1a: SkyLion|Intimidate|[of] p2a: Clefable
|-unboost|p2a: Clefable|atk|1
|move|p2a: Clefable|Calm Mind|p2a: Clefable
|-boost|p2a: Clefable|spa|1
|-boost|p2a: Clefable|spd|1
|
|turn|4
|
|move|p1a: SkyLion|Knock Off|p2a: Clefable
|-resisted|p2a: Clefable
|-damage|p2a: Clefable|338\/394
|-enditem|p2a: Clefable|Leftovers|[from] move: Knock Off|[of] p1a: SkyLion
|move|p2a: Clefable|Calm Mind|p2a: Clefable
|-boost|p2a: Clefable|spa|1
|-boost|p2a: Clefable|spd|1
|
|turn|5
|
|move|p1a: SkyLion|Earthquake|p2a: Clefable
|-damage|p2a: Clefable|158\/394
|move|p2a: Clefable|Moonblast|p1a: SkyLion
|-damage|p1a: SkyLion|112\/382
|
|-heal|p1a: SkyLion|135\/382|[from] item: Leftovers
|turn|6
|
|switch|p2a: Drug addicted|Gliscor, M|352\/352
|move|p1a: SkyLion|Knock Off|p2a: Drug addicted
|-damage|p2a: Drug addicted|238\/352
|-enditem|p2a: Drug addicted|Toxic Orb|[from] move: Knock Off|[of] p1a: SkyLion
|
|-heal|p1a: SkyLion|158\/382|[from] item: Leftovers
|turn|7
|
|move|p2a: Drug addicted|Toxic|p1a: SkyLion
|-status|p1a: SkyLion|tox
|move|p1a: SkyLion|Stealth Rock|p2a: Drug addicted
|-sidestart|p2: louisxd|move: Stealth Rock
|
|-heal|p1a: SkyLion|181\/382 tox|[from] item: Leftovers
|-damage|p1a: SkyLion|158\/382 tox|[from] psn
|turn|8
|
|move|p2a: Drug addicted|Roost|p2a: Drug addicted
|-heal|p2a: Drug addicted|352\/352
|move|p1a: SkyLion|Stone Edge|p2a: Drug addicted
|-resisted|p2a: Drug addicted
|-damage|p2a: Drug addicted|298\/352
|
|-heal|p1a: SkyLion|181\/382 tox|[from] item: Leftovers
|-damage|p1a: SkyLion|135\/382 tox|[from] psn
|turn|9
|
|move|p2a: Drug addicted|Toxic|p1a: SkyLion
|-fail|p1a: SkyLion|tox
|move|p1a: SkyLion|Knock Off|p2a: Drug addicted
|-damage|p2a: Drug addicted|226\/352
|
|-heal|p1a: SkyLion|158\/382 tox|[from] item: Leftovers
|-damage|p1a: SkyLion|89\/382 tox|[from] psn
|turn|10
|
|move|p2a: Drug addicted|Roost|p2a: Drug addicted
|-heal|p2a: Drug addicted|352\/352
|move|p1a: SkyLion|Stone Edge|p2a: Drug addicted
|-resisted|p2a: Drug addicted
|-damage|p2a: Drug addicted|300\/352
|
|-heal|p1a: SkyLion|112\/382 tox|[from] item: Leftovers
|-damage|p1a: SkyLion|20\/382 tox|[from] psn
|turn|11
|
|move|p2a: Drug addicted|Earthquake|p1a: SkyLion
|-immune|p1a: SkyLion|[msg]
|move|p1a: SkyLion|Stone Edge|p2a: Drug addicted
|-crit|p2a: Drug addicted
|-damage|p2a: Drug addicted|116\/352
|
|-heal|p1a: SkyLion|43\/382 tox|[from] item: Leftovers
|-damage|p1a: SkyLion|0 fnt|[from] psn
|faint|p1a: SkyLion
|
|switch|p1a: Mr. Steal Yo Gurl|Medicham, M, shiny|261\/261
|turn|12
|
|detailschange|p1a: Mr. Steal Yo Gurl|Medicham-Mega, M, shiny
|message|Medicham has Mega Evolved into Mega Medicham!
|move|p1a: Mr. Steal Yo Gurl|Ice Punch|p2a: Drug addicted
|-supereffective|p2a: Drug addicted
|-damage|p2a: Drug addicted|0 fnt
|faint|p2a: Drug addicted
|
|
|switch|p2a: Latias|Latias, F|319\/319
|-damage|p2a: Latias|280\/319|[from] Stealth Rock
|turn|13
|
|move|p2a: Latias|Defog|p1a: Mr. Steal Yo Gurl
|-unboost|p1a: Mr. Steal Yo Gurl|evasion|1
|-sideend|p2: louisxd|Stealth Rock|[from] move: Defog|[of] p2a: Latias
|move|p1a: Mr. Steal Yo Gurl|Ice Punch|p2a: Latias
|-supereffective|p2a: Latias
|-damage|p2a: Latias|0 fnt
|faint|p2a: Latias
|
|
|switch|p2a: Gyarados|Gyarados, M|331\/331
|-ability|p2a: Gyarados|Intimidate|[of] p1a: Mr. Steal Yo Gurl
|-unboost|p1a: Mr. Steal Yo Gurl|atk|1
|turn|14
|
|move|p1a: Mr. Steal Yo Gurl|Zen Headbutt|p2a: Gyarados
|-damage|p2a: Gyarados|153\/331
|move|p2a: Gyarados|Dragon Dance|p2a: Gyarados
|-boost|p2a: Gyarados|atk|1
|-boost|p2a: Gyarados|spe|1
|
|turn|15
|
|detailschange|p2a: Gyarados|Gyarados-Mega, M
|message|Gyarados has Mega Evolved into Mega Gyarados!
|-ability|p2a: Gyarados|Mold Breaker
|move|p2a: Gyarados|Dragon Dance|p2a: Gyarados
|-boost|p2a: Gyarados|atk|1
|-boost|p2a: Gyarados|spe|1
|move|p1a: Mr. Steal Yo Gurl|Drain Punch|p2a: Gyarados
|-supereffective|p2a: Gyarados
|-damage|p2a: Gyarados|0 fnt
|faint|p2a: Gyarados
|
|
|switch|p2a: Magnezone|Magnezone|281\/281
|turn|16
|
|move|p2a: Magnezone|Thunderbolt|p1a: Mr. Steal Yo Gurl
|-damage|p1a: Mr. Steal Yo Gurl|75\/261
|move|p1a: Mr. Steal Yo Gurl|Drain Punch|p2a: Magnezone
|-supereffective|p2a: Magnezone
|-damage|p2a: Magnezone|9\/281
|-heal|p1a: Mr. Steal Yo Gurl|211\/261|[from] drain|[of] p2a: Magnezone
|
|turn|17
|
|move|p1a: Mr. Steal Yo Gurl|Bullet Punch|p2a: Magnezone
|-resisted|p2a: Magnezone
|-damage|p2a: Magnezone|0 fnt
|faint|p2a: Magnezone
|
|chat|Shgeldz|gg
|-message|louisxd forfeited.
|
|win|Shgeldz
|raw|Ladder updating...
|leave|louisxd
|player|p2
|raw|Shgeldz's rating: 1216 &rarr; <strong>1241<\/strong><br \/>(+25 for winning)
|raw|louisxd's rating: 1211 &rarr; <strong>1187<\/strong><br \/>(-24 for losing)