|join|LiberalLucario
|join|xShiba
|player|p1|LiberalLucario|290
|player|p2|xShiba|260
|gametype|singles
|gen|6
|tier|UU
|rule|Sleep Clause Mod: Limit one foe put to sleep
|rule|Species Clause: Limit one of each PokÃ©mon
|rule|OHKO Clause: OHKO moves are banned
|rule|Moody Clause: Moody is banned
|rule|Evasion Moves Clause: Evasion moves are banned
|rule|Endless Battle Clause: Forcing endless battles is banned
|rule|HP Percentage Mod: HP is shown in percentages
|clearpoke
|poke|p1|Lopunny, F
|poke|p1|Mawile, F
|poke|p1|Suicune
|poke|p1|Raikou
|poke|p1|Umbreon, F
|poke|p1|Crobat, F
|poke|p2|Aerodactyl, M
|poke|p2|Hydreigon, F, shiny
|poke|p2|Porygon-Z, shiny
|poke|p2|Mienshao, M
|poke|p2|Starmie, shiny
|poke|p2|Celebi
|rule|Swagger Clause: Swagger is banned
|rule|Baton Pass Clause: Limit one PokÃ©mon knowing Baton Pass
|teampreview
|c|âxShiba|gl hf
|c|âLiberalLucario|u2
|join|RobbysAFK
|join|Gerald Eugene III
|join|DatLatias
|join|Volbeatdown
|join|DrReuniclus3
|c| Gerald Eugene III|the mawile
|
|start
|switch|p1a: Suicune|Suicune|404\/404
|switch|p2a: Floppy The God|Mienshao, M|271\/271
|-ability|p1a: Suicune|Pressure
|turn|1
|c| Gerald Eugene III|is here
|
|move|p2a: Floppy The God|U-turn|p1a: Suicune
|-damage|p1a: Suicune|355\/404
|
|switch|p2a: Wrecking Face|Porygon-Z, shiny|311\/311
|move|p1a: Suicune|Scald|p2a: Wrecking Face
|-damage|p2a: Wrecking Face|197\/311
|
|-heal|p1a: Suicune|380\/404|[from] item: Leftovers
|turn|2
|
|switch|p1a: Umbreon|Umbreon, F|394\/394
|move|p2a: Wrecking Face|Tri Attack|p1a: Umbreon
|-damage|p1a: Umbreon|206\/394
|
|-heal|p1a: Umbreon|230\/394|[from] item: Leftovers
|turn|3
|
|move|p2a: Wrecking Face|Tri Attack|p1a: Umbreon
|-damage|p1a: Umbreon|34\/394
|move|p1a: Umbreon|Wish|p1a: Umbreon
|
|-heal|p1a: Umbreon|58\/394|[from] item: Leftovers
|turn|4
|
|move|p1a: Umbreon|Protect|p1a: Umbreon
|-singleturn|p1a: Umbreon|Protect
|move|p2a: Wrecking Face|Tri Attack|p1a: Umbreon
|-activate|p1a: Umbreon|Protect
|
|-heal|p1a: Umbreon|255\/394|[from] move: Wish|[wisher] Umbreon
|-heal|p1a: Umbreon|279\/394|[from] item: Leftovers
|turn|5
|
|move|p2a: Wrecking Face|Tri Attack|p1a: Umbreon
|-damage|p1a: Umbreon|97\/394
|move|p1a: Umbreon|Wish|p1a: Umbreon
|
|-heal|p1a: Umbreon|121\/394|[from] item: Leftovers
|turn|6
|
|switch|p2a: Healthy Diet|Celebi|404\/404
|move|p1a: Umbreon|Protect|p1a: Umbreon
|-fail|p1a: Umbreon
|
|-heal|p1a: Umbreon|318\/394|[from] move: Wish|[wisher] Umbreon
|-heal|p1a: Umbreon|342\/394|[from] item: Leftovers
|turn|7
|
|move|p2a: Healthy Diet|Stealth Rock|p1a: Umbreon
|-sidestart|p1: LiberalLucario|move: Stealth Rock
|move|p1a: Umbreon|Foul Play|p2a: Healthy Diet
|-supereffective|p2a: Healthy Diet
|-damage|p2a: Healthy Diet|198\/404
|-enditem|p2a: Healthy Diet|Weakness Policy
|-boost|p2a: Healthy Diet|atk|2|[from] item: Weakness Policy
|-boost|p2a: Healthy Diet|spa|2|[from] item: Weakness Policy
|
|-heal|p1a: Umbreon|366\/394|[from] item: Leftovers
|turn|8
|join|I3Magikarp
|c|âLiberalLucario|zz
|c| Volbeatdown|gg
|c|âxShiba|Foul play >_>
|
|move|p2a: Healthy Diet|Baton Pass|p2a: Healthy Diet
|
|switch|p2a: Floppy The God|Mienshao, M|271\/271
|move|p1a: Umbreon|Foul Play|p2a: Floppy The God
|-resisted|p2a: Floppy The God
|-damage|p2a: Floppy The God|10\/271
|
|-heal|p1a: Umbreon|390\/394|[from] item: Leftovers
|turn|9
|c|âLiberalLucario|oh jesus
|c|âxShiba|oml
|c| Gerald Eugene III|oh dear
|
|move|p2a: Floppy The God|U-turn|p1a: Umbreon
|-supereffective|p1a: Umbreon
|-damage|p1a: Umbreon|118\/394
|
|switch|p2a: Wrecking Face|Porygon-Z, shiny|197\/311
|move|p1a: Umbreon|Foul Play|p2a: Wrecking Face
|-damage|p2a: Wrecking Face|95\/311
|
|-heal|p1a: Umbreon|142\/394|[from] item: Leftovers
|turn|10
|c| I3Magikarp|didn't even protect
|c|âLiberalLucario|there was 0 chance he was going for hjk
|
|move|p1a: Umbreon|Protect|p1a: Umbreon
|-singleturn|p1a: Umbreon|Protect
|move|p2a: Wrecking Face|Tri Attack|p1a: Umbreon
|-activate|p1a: Umbreon|Protect
|
|-heal|p1a: Umbreon|166\/394|[from] item: Leftovers
|turn|11
|leave|DatLatias
|c|âLiberalLucario|time to
|c|âLiberalLucario|get this double protect
|c|âxShiba|Bring in cune and catch the 2HKO
|
|move|p1a: Umbreon|Protect|p1a: Umbreon
|-singleturn|p1a: Umbreon|Protect
|move|p2a: Wrecking Face|Tri Attack|p1a: Umbreon
|-activate|p1a: Umbreon|Protect
|
|-heal|p1a: Umbreon|190\/394|[from] item: Leftovers
|turn|12
|c|âxShiba|mfw
|c| Volbeatdown|ez
|c|âLiberalLucario|now a min roll
|
|move|p2a: Wrecking Face|Tri Attack|p1a: Umbreon
|-damage|p1a: Umbreon|0 fnt
|faint|p1a: Umbreon
|
|c|âxShiba|high roll
|c|âxShiba|nice
|c|âLiberalLucario|fucking
|c|âLiberalLucario|hax
|c|âxShiba|kek
|
|switch|p1a: Lopunny|Lopunny, F|272\/272
|-damage|p1a: Lopunny|238\/272|[from] Stealth Rock
|turn|13
|
|switch|p2a: 5-Star'd|Starmie, shiny|324\/324
|detailschange|p1a: Lopunny|Lopunny-Mega, F
|message|Lopunny has Mega Evolved into Mega Lopunny!
|move|p1a: Lopunny|Substitute|p1a: Lopunny
|-start|p1a: Lopunny|Substitute
|-damage|p1a: Lopunny|170\/272
|
|turn|14
|join|kekking on floor
|
|move|p1a: Lopunny|Return|p2a: 5-Star'd
|-damage|p2a: 5-Star'd|161\/324
|move|p2a: 5-Star'd|Scald|p1a: Lopunny
|-end|p1a: Lopunny|Substitute
|
|-heal|p2a: 5-Star'd|181\/324|[from] item: Leftovers
|turn|15
|c| kekking on floor|foul play umbreon is good though
|c|âxShiba|all these sub lopunnys
|c|âLiberalLucario|ugh
|
|switch|p1a: Suicune|Suicune|380\/404
|-damage|p1a: Suicune|330\/404|[from] Stealth Rock
|-ability|p1a: Suicune|Pressure
|move|p2a: 5-Star'd|Scald|p1a: Suicune
|-crit|p1a: Suicune
|-resisted|p1a: Suicune
|-damage|p1a: Suicune|264\/404
|
|-heal|p2a: 5-Star'd|201\/324|[from] item: Leftovers
|-heal|p1a: Suicune|289\/404|[from] item: Leftovers
|turn|16
|
|switch|p2a: Healthy Diet|Celebi|198\/404
|switch|p1a: Crobat|Crobat, F|374\/374
|-damage|p1a: Crobat|281\/374|[from] Stealth Rock
|
|-heal|p1a: Crobat|304\/374|[from] item: Black Sludge
|turn|17
|c| Volbeatdown|rip
|
|move|p1a: Crobat|Defog|p2a: Healthy Diet
|-unboost|p2a: Healthy Diet|evasion|1
|-sideend|p1: LiberalLucario|Stealth Rock|[from] move: Defog|[of] p1a: Crobat
|move|p2a: Healthy Diet|Recover|p2a: Healthy Diet
|-heal|p2a: Healthy Diet|400\/404
|
|-heal|p1a: Crobat|327\/374|[from] item: Black Sludge
|turn|18
|
|move|p1a: Crobat|Brave Bird|p2a: Healthy Diet
|-supereffective|p2a: Healthy Diet
|-damage|p2a: Healthy Diet|112\/404
|-damage|p1a: Crobat|232\/374|[from] recoil|[of] p2a: Healthy Diet
|move|p2a: Healthy Diet|Stealth Rock|p1a: Crobat
|-sidestart|p1: LiberalLucario|move: Stealth Rock
|
|-heal|p1a: Crobat|255\/374|[from] item: Black Sludge
|turn|19
|c| kekking on floor|it didnt kill?
|
|move|p1a: Crobat|Defog|p2a: Healthy Diet
|-unboost|p2a: Healthy Diet|evasion|1
|-sideend|p1: LiberalLucario|Stealth Rock|[from] move: Defog|[of] p1a: Crobat
|move|p2a: Healthy Diet|Stealth Rock|p1a: Crobat
|-sidestart|p1: LiberalLucario|move: Stealth Rock
|
|-heal|p1a: Crobat|278\/374|[from] item: Black Sludge
|turn|20
|
|move|p1a: Crobat|Defog|p2a: Healthy Diet
|-unboost|p2a: Healthy Diet|evasion|1
|-sideend|p1: LiberalLucario|Stealth Rock|[from] move: Defog|[of] p1a: Crobat
|move|p2a: Healthy Diet|Stealth Rock|p1a: Crobat
|-sidestart|p1: LiberalLucario|move: Stealth Rock
|
|-heal|p1a: Crobat|301\/374|[from] item: Black Sludge
|turn|21
|
|move|p1a: Crobat|Defog|p2a: Healthy Diet
|-unboost|p2a: Healthy Diet|evasion|1
|-sideend|p1: LiberalLucario|Stealth Rock|[from] move: Defog|[of] p1a: Crobat
|move|p2a: Healthy Diet|Stealth Rock|p1a: Crobat
|-sidestart|p1: LiberalLucario|move: Stealth Rock
|
|-heal|p1a: Crobat|324\/374|[from] item: Black Sludge
|turn|22
|c|âLiberalLucario|i'd like to thank xShiba for the free lefties
|c|âLiberalLucario|!!!
|c| kekking on floor|lol rock battle
|
|move|p1a: Crobat|Brave Bird|p2a: Healthy Diet
|-supereffective|p2a: Healthy Diet
|-damage|p2a: Healthy Diet|0 fnt
|-damage|p1a: Crobat|287\/374|[from] recoil|[of] p2a: Healthy Diet
|faint|p2a: Healthy Diet
|
|-heal|p1a: Crobat|310\/374|[from] item: Black Sludge
|c|âxShiba|yw bby
|c|âxShiba|kek
|
|switch|p2a: Ultimate Terror|Aerodactyl, M|323\/323
|-ability|p2a: Ultimate Terror|Unnerve|p1: LiberalLucario
|turn|23
|
|switch|p1a: Mawile|Mawile, F|304\/304
|-damage|p1a: Mawile|285\/304|[from] Stealth Rock
|-ability|p1a: Mawile|Intimidate|[of] p2a: Ultimate Terror
|-unboost|p2a: Ultimate Terror|atk|1
|move|p2a: Ultimate Terror|Stone Edge|p1a: Mawile
|-resisted|p1a: Mawile
|-damage|p1a: Mawile|243\/304
|
|-heal|p1a: Mawile|262\/304|[from] item: Leftovers
|turn|24
|c|âLiberalLucario|what is damage
|c|âxShiba|mfw
|c|âLiberalLucario|rofl
|join|asdfssd
|c|âxShiba|I forgot to mega
|
|detailschange|p2a: Ultimate Terror|Aerodactyl-Mega, M
|message|Aerodactyl has Mega Evolved into Mega Aerodactyl!
|move|p2a: Ultimate Terror|Earthquake|p1a: Mawile
|-supereffective|p1a: Mawile
|-damage|p1a: Mawile|132\/304
|move|p1a: Mawile|Iron Head|p2a: Ultimate Terror
|-supereffective|p2a: Ultimate Terror
|-damage|p2a: Ultimate Terror|125\/323
|
|-heal|p1a: Mawile|151\/304|[from] item: Leftovers
|turn|25
|c|âxShiba|oml
|c|âLiberalLucario|YOU
|c|âLiberalLucario|GOT
|c|âLiberalLucario|NOTHING
|
|switch|p2a: 5-Star'd|Starmie, shiny|201\/324
|switch|p1a: Suicune|Suicune|289\/404
|-damage|p1a: Suicune|239\/404|[from] Stealth Rock
|-ability|p1a: Suicune|Pressure
|
|-heal|p2a: 5-Star'd|221\/324|[from] item: Leftovers
|-heal|p1a: Suicune|264\/404|[from] item: Leftovers
|turn|26
|
|switch|p2a: Wrecking Face|Porygon-Z, shiny|95\/311
|move|p1a: Suicune|Scald|p2a: Wrecking Face
|-damage|p2a: Wrecking Face|0 fnt
|faint|p2a: Wrecking Face
|
|-heal|p1a: Suicune|289\/404|[from] item: Leftovers
|c|âLiberalLucario|YUP
|
|switch|p2a: Hail Hydra|Hydreigon, F, shiny|325\/325
|turn|27
|c|âLiberalLucario|mawile
|c|âLiberalLucario|just
|c|âLiberalLucario|pullling
|c|âLiberalLucario|thru
|
|switch|p1a: Mawile|Mawile, F|151\/304
|-damage|p1a: Mawile|132\/304|[from] Stealth Rock
|-ability|p1a: Mawile|Intimidate|[of] p2a: Hail Hydra
|-unboost|p2a: Hail Hydra|atk|1
|move|p2a: Hail Hydra|Draco Meteor|p1a: Mawile
|-immune|p1a: Mawile|[msg]
|
|-heal|p1a: Mawile|151\/304|[from] item: Leftovers
|turn|28
|c|âxShiba|why did it have to become a fairy ;_;
|join|YeLlOwâSkArMoRyâ
|c|âLiberalLucario|LOL
|
|switch|p2a: 5-Star'd|Starmie, shiny|221\/324
|move|p1a: Mawile|Play Rough|p2a: 5-Star'd|[miss]
|-miss|p1a: Mawile|p2a: 5-Star'd
|
|-heal|p2a: 5-Star'd|241\/324|[from] item: Leftovers
|-heal|p1a: Mawile|170\/304|[from] item: Leftovers
|turn|29
|c|âLiberalLucario|aww
|c|âxShiba|rip
|c| kekking on floor|what was mawile before? all steel?
|leave|Gerald Eugene III
|
|switch|p2a: Floppy The God|Mienshao, M|10\/271
|switch|p1a: Raikou|Raikou|322\/322
|-damage|p1a: Raikou|282\/322|[from] Stealth Rock
|-ability|p1a: Raikou|Pressure
|
|turn|30
|c| Volbeatdown|yes
|c|âLiberalLucario|k
|c|âLiberalLucario|not bad
|c| Volbeatdown|nice plays
|c| Volbeatdown|ngl
|
|move|p2a: Floppy The God|Stone Edge|p1a: Raikou|[miss]
|-miss|p2a: Floppy The God|p1a: Raikou
|move|p1a: Raikou|Volt Switch|p2a: Floppy The God
|-damage|p2a: Floppy The God|0 fnt
|faint|p2a: Floppy The God
|c|âxShiba|rip
|c|âLiberalLucario|rip you
|c|âLiberalLucario|!!!!
|c|âxShiba|where was the crobat
|
|switch|p1a: Suicune|Suicune|289\/404
|-damage|p1a: Suicune|239\/404|[from] Stealth Rock
|-ability|p1a: Suicune|Pressure
|
|-heal|p1a: Suicune|264\/404|[from] item: Leftovers
|c|âxShiba|!!!
|c|âLiberalLucario|i knew you'd edge
|
|switch|p2a: Hail Hydra|Hydreigon, F, shiny|325\/325
|turn|31
|c|âLiberalLucario|lmao
|
|move|p2a: Hail Hydra|Draco Meteor|p1a: Suicune
|-damage|p1a: Suicune|25\/404
|-unboost|p2a: Hail Hydra|spa|2
|-damage|p2a: Hail Hydra|293\/325|[from] item: Life Orb
|move|p1a: Suicune|Rest|p1a: Suicune
|-status|p1a: Suicune|slp
|-heal|p1a: Suicune|404\/404 slp|[silent]
|-status|p1a: Suicune|slp|[from] move: Rest
|
|turn|32
|c| kekking on floor|crocune
|c|âxShiba|rip
|c|âLiberalLucario|ogre
|c|âLiberalLucario|.
|c| Volbeatdown|oof
|c|âLiberalLucario|nick
|c| Volbeatdown|.
|
|switch|p2a: Ultimate Terror|Aerodactyl-Mega, M|125\/323
|cant|p1a: Suicune|slp
|move|p1a: Suicune|Sleep Talk|p1a: Suicune
|move|p1a: Suicune|Scald|p2a: Ultimate Terror|[from]Sleep Talk
|-supereffective|p2a: Ultimate Terror
|-damage|p2a: Ultimate Terror|0 fnt
|faint|p2a: Ultimate Terror
|
|c|âLiberalLucario|what about
|c|âLiberalLucario|not knowing the team
|c|âLiberalLucario|again?
|
|switch|p2a: Hail Hydra|Hydreigon, F, shiny|293\/325
|turn|33
|c| Volbeatdown|i never said that smh
|
|move|p2a: Hail Hydra|Draco Meteor|p1a: Suicune
|-damage|p1a: Suicune|122\/404 slp
|-unboost|p2a: Hail Hydra|spa|2
|-damage|p2a: Hail Hydra|261\/325|[from] item: Life Orb
|cant|p1a: Suicune|slp
|move|p1a: Suicune|Sleep Talk|p1a: Suicune
|move|p1a: Suicune|Calm Mind|p1a: Suicune|[from]Sleep Talk
|-boost|p1a: Suicune|spa|1
|-boost|p1a: Suicune|spd|1
|
|-heal|p1a: Suicune|147\/404 slp|[from] item: Leftovers
|turn|34
|c| Volbeatdown|i said
|c| Volbeatdown|you suck with this team
|c| kekking on floor|you cant kill crocune
|c| Volbeatdown|:]
|c|âLiberalLucario|[00:59:24] Volbeatdown: christ
|c|âLiberalLucario|[00:59:30] Volbeatdown: you suck with this team
|c|âLiberalLucario|oh
|c|âLiberalLucario|didnt work
|
|move|p2a: Hail Hydra|Superpower|p1a: Suicune
|-damage|p1a: Suicune|56\/404 slp
|-unboost|p2a: Hail Hydra|atk|1
|-unboost|p2a: Hail Hydra|def|1
|-damage|p2a: Hail Hydra|229\/325|[from] item: Life Orb
|-curestatus|p1a: Suicune|slp
|move|p1a: Suicune|Rest|p1a: Suicune
|-status|p1a: Suicune|slp
|-heal|p1a: Suicune|404\/404 slp|[silent]
|-status|p1a: Suicune|slp|[from] move: Rest
|
|turn|35
|c| Volbeatdown|tfw gg
|c|âLiberalLucario|Volbeatdown: christ
|c| Volbeatdown|>.>
|
|switch|p2a: 5-Star'd|Starmie, shiny|241\/324
|cant|p1a: Suicune|slp
|move|p1a: Suicune|Sleep Talk|p1a: Suicune
|move|p1a: Suicune|Scald|p2a: 5-Star'd|[from]Sleep Talk
|-resisted|p2a: 5-Star'd
|-damage|p2a: 5-Star'd|164\/324
|
|-heal|p2a: 5-Star'd|184\/324|[from] item: Leftovers
|turn|36
|c|âLiberalLucario|olbeatdown: you suck with this team
|c|âLiberalLucario|oops
|c|âxShiba|Lucario is 2stronk4me
|c|âLiberalLucario|didnt copy the whole name
|c| Volbeatdown|see
|
|move|p2a: 5-Star'd|Scald|p1a: Suicune
|-resisted|p1a: Suicune
|-damage|p1a: Suicune|374\/404 slp
|cant|p1a: Suicune|slp
|move|p1a: Suicune|Sleep Talk|p1a: Suicune
|move|p1a: Suicune|Rest|p1a: Suicune|[from]Sleep Talk
|-fail|p1a: Suicune
|
|-heal|p2a: 5-Star'd|204\/324|[from] item: Leftovers
|-heal|p1a: Suicune|399\/404 slp|[from] item: Leftovers
|turn|37
|c|âxShiba|>Damage
|c| Volbeatdown|i never said you didnt know it
|c| YeLlOwâSkArMoRyâ|\/\/user olbeatdown
|
|switch|p2a: Hail Hydra|Hydreigon, F, shiny|229\/325
|-curestatus|p1a: Suicune|slp
|move|p1a: Suicune|Scald|p2a: Hail Hydra
|-resisted|p2a: Hail Hydra
|-damage|p2a: Hail Hydra|161\/325
|
|-heal|p1a: Suicune|404\/404|[from] item: Leftovers
|turn|38
|
|move|p2a: Hail Hydra|Draco Meteor|p1a: Suicune
|-damage|p1a: Suicune|231\/404
|-unboost|p2a: Hail Hydra|spa|2
|-damage|p2a: Hail Hydra|129\/325|[from] item: Life Orb
|move|p1a: Suicune|Calm Mind|p1a: Suicune
|-boost|p1a: Suicune|spa|1
|-boost|p1a: Suicune|spd|1
|
|-heal|p1a: Suicune|256\/404|[from] item: Leftovers
|turn|39
|c|âLiberalLucario|yep
|c|âLiberalLucario|as good as over
|c|âxShiba|kek
|c| Volbeatdown|geegeroni
|c|âxShiba|gg
|c|âLiberalLucario|unless youre like random guy on the ladder
|-message|xShiba forfeited.
|
|win|LiberalLucario
|c|âLiberalLucario|and crit me
|c|âLiberalLucario|3 times in a row
|c|âxShiba|lmao
|c| kekking on floor|crocune going OU!
|leave|Volbeatdown
|leave|xShiba
|player|p2
|leave|LiberalLucario
|player|p1
|leave|kekking on floor