|join|Vaporeon for Ubers
|join|xShiba
|player|p1|Vaporeon for Ubers|#cpgtan
|player|p2|xShiba|260
|gametype|singles
|gen|6
|tier|UU
|rule|Sleep Clause Mod: Limit one foe put to sleep
|rule|Species Clause: Limit one of each PokÃ©mon
|rule|OHKO Clause: OHKO moves are banned
|rule|Moody Clause: Moody is banned
|rule|Evasion Moves Clause: Evasion moves are banned
|rule|Endless Battle Clause: Forcing endless battles is banned
|rule|HP Percentage Mod: HP is shown in percentages
|clearpoke
|poke|p1|Machamp, M
|poke|p1|Jirachi
|poke|p1|Vaporeon, M
|poke|p1|Crobat, F
|poke|p1|Hydreigon, M
|poke|p1|Nidoqueen, F
|poke|p2|Aerodactyl, M
|poke|p2|Hydreigon, M, shiny
|poke|p2|Porygon-Z, shiny
|poke|p2|Mienshao, M
|poke|p2|Starmie, shiny
|poke|p2|Celebi
|rule|Swagger Clause: Swagger is banned
|rule|Baton Pass Clause: Limit one PokÃ©mon knowing Baton Pass
|teampreview
|join|Demxer
|join|New Album
|join|MidnightSwami
|join|Ticantundra
|c|âVaporeon for Ubers|gl hf
|c|âxShiba|so
|c|âxShiba|avi
|join|Venom GT
|c| Demxer|oh
|c|âxShiba|after this match
|join|omegaW
|join|GATIRCO
|c|âxShiba|I demand it
|c| Demxer|i just noticed i got to semis
|c| Demxer|again
|c| Demxer|no finals for me
|c| Demxer|cri
|join|tahapplepieman
|join|Shauntal 2.0
|c|âVaporeon for Ubers|i-i cant
|join|nfkl4n3
|c| tahapplepieman|no spam this time
|c|âxShiba|you a liar m8
|c| tahapplepieman|k
|c|âxShiba|kek
|c|âVaporeon for Ubers|no rly
|c| tahapplepieman|no spam
|c| tahapplepieman|no spam
|c| tahapplepieman|no spam
|c| tahapplepieman|no spam
|join|Kyla's Nightmare
|c| omegaW|Â¯\_(ã)_\/Â¯
|c| GATIRCO|quii
|c| omegaW|Â¯\_(ã)_\/Â¯
|join|ThisIsIllogical
|c| Demxer|inb4 modchat +
|c| tahapplepieman|done
|join|LessThanThreeMan
|c| Kyla's Nightmare|:)
|c| tahapplepieman|no spam for real
|c| Kyla's Nightmare|go shiba :)
|c| tahapplepieman|no spam for real
|c| GATIRCO|pls voice me if that happens
|join|Frickett
|c| tahapplepieman|im done
|
|start
|switch|p1a: wanna yiff ;^3|Hydreigon, M|325\/325
|switch|p2a: Floppy The God|Mienshao, M|271\/271
|turn|1
|c| New Album|tahapplepieman stfu
|
|move|p2a: Floppy The God|U-turn|p1a: wanna yiff ;^3
|-supereffective|p1a: wanna yiff ;^3
|-damage|p1a: wanna yiff ;^3|161\/325
|
|switch|p2a: Healthy Diet|Celebi|404\/404
|move|p1a: wanna yiff ;^3|Dark Pulse|p2a: Healthy Diet
|-supereffective|p2a: Healthy Diet
|-damage|p2a: Healthy Diet|80\/404
|-enditem|p2a: Healthy Diet|Weakness Policy
|-boost|p2a: Healthy Diet|atk|2|[from] item: Weakness Policy
|-boost|p2a: Healthy Diet|spa|2|[from] item: Weakness Policy
|
|turn|2
|
|move|p1a: wanna yiff ;^3|Dark Pulse|p2a: Healthy Diet
|-supereffective|p2a: Healthy Diet
|-damage|p2a: Healthy Diet|0 fnt
|faint|p2a: Healthy Diet
|
|c|âxShiba|rip
|
|switch|p2a: Floppy The God|Mienshao, M|271\/271
|turn|3
|
|switch|p1a: yfw \(Â°â¡Â°)\/|Jirachi|341\/341
|move|p2a: Floppy The God|U-turn|p1a: yfw \(Â°â¡Â°)\/
|-damage|p1a: yfw \(Â°â¡Â°)\/|253\/341
|
|switch|p2a: 5-Star'd|Starmie, shiny|324\/324
|
|turn|4
|
|move|p1a: yfw \(Â°â¡Â°)\/|U-turn|p2a: 5-Star'd
|-supereffective|p2a: 5-Star'd
|-damage|p2a: 5-Star'd|212\/324
|
|switch|p1a: rip politoed|Vaporeon, M|451\/451
|move|p2a: 5-Star'd|Scald|p1a: rip politoed
|-immune|p1a: rip politoed|[msg]
|
|-heal|p2a: 5-Star'd|232\/324|[from] item: Leftovers
|turn|5
|c| tahapplepieman|srsly how do i get a pokemon in my avatar
|
|switch|p2a: Wrecking Face|Porygon-Z, shiny|311\/311
|move|p1a: rip politoed|Baton Pass|p1a: rip politoed
|c| omegaW|vaporeon Â¯\_(ã)_\/Â¯
|
|switch|p1a: wanna yiff ;^3|Hydreigon, M|161\/325
|
|turn|6
|
|switch|p2a: 5-Star'd|Starmie, shiny|232\/324
|move|p1a: wanna yiff ;^3|Draco Meteor|p2a: 5-Star'd
|-damage|p2a: 5-Star'd|0 fnt
|-unboost|p1a: wanna yiff ;^3|spa|2
|faint|p2a: 5-Star'd
|
|c| omegaW|you gotta be a mod
|
|switch|p2a: Floppy The God|Mienshao, M|271\/271
|turn|7
|
|switch|p1a: Meghan Trainor|Nidoqueen, F|352\/352
|move|p2a: Floppy The God|High Jump Kick|p1a: Meghan Trainor
|-resisted|p1a: Meghan Trainor
|-damage|p1a: Meghan Trainor|202\/352
|
|turn|8
|join|YeLlOwâSkArMoRyâ
|c| omegaW|ow
|c| YeLlOwâSkArMoRyâ|**HINALS FYPE**
|join|Doctor Ciel
|c| Demxer|beware of bulk starmie
|
|switch|p2a: Wrecking Face|Porygon-Z, shiny|311\/311
|move|p1a: Meghan Trainor|Sludge Wave|p2a: Wrecking Face
|-damage|p2a: Wrecking Face|21\/311
|
|turn|9
|c| Demxer|cri everyimte
|c|âxShiba|its dead kek
|c| Doctor Ciel|Oh bby
|
|move|p2a: Wrecking Face|Tri Attack|p1a: Meghan Trainor
|-damage|p1a: Meghan Trainor|0 fnt
|faint|p1a: Meghan Trainor
|
|c| tahapplepieman|not a mod
|c| New Album|o.0
|c| New Album|the fucking damage everywhere
|
|switch|p1a: wanna yiff ;^3|Hydreigon, M|161\/325
|turn|10
|c| New Album|god damn
|
|switch|p2a: Hail Hydra|Hydreigon, M, shiny|325\/325
|move|p1a: wanna yiff ;^3|U-turn|p2a: Hail Hydra
|-supereffective|p2a: Hail Hydra
|-damage|p2a: Hail Hydra|211\/325
|
|switch|p1a: yfw \(Â°â¡Â°)\/|Jirachi|253\/341
|
|turn|11
|join|Dudeman130498
|
|move|p1a: yfw \(Â°â¡Â°)\/|U-turn|p2a: Hail Hydra
|-supereffective|p2a: Hail Hydra
|-damage|p2a: Hail Hydra|45\/325
|
|switch|p1a: champ'ed what els|Machamp, M|343\/343
|move|p2a: Hail Hydra|Dark Pulse|p1a: champ'ed what els
|-resisted|p1a: champ'ed what els
|-damage|p1a: champ'ed what els|246\/343
|-damage|p2a: Hail Hydra|13\/325|[from] item: Life Orb
|
|turn|12
|
|move|p1a: champ'ed what els|Bullet Punch|p2a: Hail Hydra
|-damage|p2a: Hail Hydra|0 fnt
|faint|p2a: Hail Hydra
|
|c| omegaW|Â¯\_(ã)_\/Â¯
|
|switch|p2a: Floppy The God|Mienshao, M|271\/271
|turn|13
|
|switch|p1a: Batman XDD|Crobat, F|373\/373
|move|p2a: Floppy The God|U-turn|p1a: Batman XDD
|-resisted|p1a: Batman XDD
|-damage|p1a: Batman XDD|349\/373
|c| Demxer|champ can live hjk
|
|switch|p2a: Ultimate Terror|Aerodactyl, M|301\/301
|-ability|p2a: Ultimate Terror|Unnerve|p1: Vaporeon for Ubers
|
|-heal|p1a: Batman XDD|372\/373|[from] item: Black Sludge
|turn|14
|c| Demxer|oh
|c|âVaporeon for Ubers|im banded
|
|switch|p1a: rip politoed|Vaporeon, M|451\/451
|detailschange|p2a: Ultimate Terror|Aerodactyl-Mega, M
|message|Aerodactyl has Mega Evolved into Mega Aerodactyl!
|move|p2a: Ultimate Terror|Stone Edge|p1a: rip politoed
|-damage|p1a: rip politoed|256\/451
|
|-heal|p1a: rip politoed|284\/451|[from] item: Leftovers
|turn|15
|
|move|p2a: Ultimate Terror|Stone Edge|p1a: rip politoed
|-damage|p1a: rip politoed|70\/451
|move|p1a: rip politoed|Scald|p2a: Ultimate Terror
|-supereffective|p2a: Ultimate Terror
|-damage|p2a: Ultimate Terror|97\/301
|
|-heal|p1a: rip politoed|98\/451|[from] item: Leftovers
|turn|16
|c| Demxer|tfw not bulky band
|
|move|p2a: Ultimate Terror|Aerial Ace|p1a: rip politoed
|-damage|p1a: rip politoed|0 fnt
|faint|p1a: rip politoed
|
|
|switch|p1a: yfw \(Â°â¡Â°)\/|Jirachi|253\/341
|turn|17
|c| tahapplepieman|mega bat make it happen
|
|switch|p2a: Wrecking Face|Porygon-Z, shiny|21\/311
|move|p1a: yfw \(Â°â¡Â°)\/|Iron Head|p2a: Wrecking Face
|-damage|p2a: Wrecking Face|0 fnt
|faint|p2a: Wrecking Face
|
|c| New Album|quick finals :I
|
|switch|p2a: Floppy The God|Mienshao, M|271\/271
|turn|18
|c| Demxer|true
|
|switch|p1a: wanna yiff ;^3|Hydreigon, M|161\/325
|move|p2a: Floppy The God|High Jump Kick|p1a: wanna yiff ;^3
|-supereffective|p1a: wanna yiff ;^3
|-damage|p1a: wanna yiff ;^3|0 fnt
|faint|p1a: wanna yiff ;^3
|
|c| tahapplepieman|less spammy
|
|switch|p1a: Batman XDD|Crobat, F|372\/373
|turn|19
|
|switch|p2a: Ultimate Terror|Aerodactyl-Mega, M|97\/301
|move|p1a: Batman XDD|U-turn|p2a: Ultimate Terror
|-resisted|p2a: Ultimate Terror
|-damage|p2a: Ultimate Terror|63\/301
|c| tahapplepieman|spam
|
|switch|p1a: champ'ed what els|Machamp, M|246\/343
|
|turn|20
|c| tahapplepieman|spam
|
|move|p1a: champ'ed what els|Bullet Punch|p2a: Ultimate Terror
|-supereffective|p2a: Ultimate Terror
|-damage|p2a: Ultimate Terror|0 fnt
|faint|p2a: Ultimate Terror
|
|
|switch|p2a: Floppy The God|Mienshao, M|271\/271
|turn|21
|
|move|p1a: champ'ed what els|Bullet Punch|p2a: Floppy The God
|-damage|p2a: Floppy The God|154\/271
|move|p2a: Floppy The God|High Jump Kick|p1a: champ'ed what els
|-damage|p1a: champ'ed what els|0 fnt
|faint|p1a: champ'ed what els
|
|c| Demxer|reveal mixed
|
|switch|p1a: Batman XDD|Crobat, F|372\/373
|turn|22
|c|âVaporeon for Ubers|gg
|
|move|p2a: Floppy The God|High Jump Kick|p1a: Batman XDD
|-crit|p1a: Batman XDD
|-resisted|p1a: Batman XDD
|-damage|p1a: Batman XDD|251\/373
|move|p1a: Batman XDD|Brave Bird|p2a: Floppy The God
|-crit|p2a: Floppy The God
|-supereffective|p2a: Floppy The God
|-damage|p2a: Floppy The God|0 fnt
|-damage|p1a: Batman XDD|200\/373|[from] recoil|[of] p2a: Floppy The God
|faint|p2a: Floppy The God
|
|win|Vaporeon for Ubers
|c|âxShiba|gg
|leave|ThisIsIllogical
|c| MidnightSwami|VFU no comp