|join|xShiba
|join|L1viD
|c|âL1viD|gl
|player|p1|xShiba|260
|player|p2|L1viD|120
|gametype|singles
|gen|6
|tier|UU
|rule|Sleep Clause Mod: Limit one foe put to sleep
|rule|Species Clause: Limit one of each PokÃ©mon
|rule|OHKO Clause: OHKO moves are banned
|rule|Moody Clause: Moody is banned
|rule|Evasion Moves Clause: Evasion moves are banned
|rule|Endless Battle Clause: Forcing endless battles is banned
|rule|HP Percentage Mod: HP is shown in percentages
|clearpoke
|poke|p1|Celebi
|poke|p1|Sharpedo, M, shiny
|poke|p1|Jirachi, shiny
|poke|p1|Yanmega, M, shiny
|poke|p1|Donphan, M
|poke|p1|Vaporeon, F
|poke|p2|Alakazam, F
|poke|p2|Swellow, M
|poke|p2|Toxicroak, F
|poke|p2|Porygon-Z
|poke|p2|Tentacruel, M
|poke|p2|Galvantula, M
|rule|Swagger Clause: Swagger is banned
|rule|Baton Pass Clause: Limit one PokÃ©mon knowing Baton Pass
|teampreview
|join|Magma Admin~
|
|start
|switch|p1a: Steve|Donphan, M|322\/322
|switch|p2a: Galvantula|Galvantula, M|281\/281
|turn|1
|
|move|p2a: Galvantula|Sticky Web|p1a: Steve
|-sidestart|p1: xShiba|move: Sticky Web
|move|p1a: Steve|Earthquake|p2a: Galvantula
|-damage|p2a: Galvantula|25\/281
|
|turn|2
|join|LarryBusJr
|join|Mienecho
|
|move|p1a: Steve|Ice Shard|p2a: Galvantula
|-damage|p2a: Galvantula|0 fnt
|faint|p2a: Galvantula
|
|
|switch|p2a: Tentacruel|Tentacruel, M|364\/364
|turn|3
|c| Magma Admin~|it's always good to set up hazards on a rapid spinner
|
|move|p2a: Tentacruel|Scald|p1a: Steve
|-supereffective|p1a: Steve
|-damage|p1a: Steve|70\/322
|-status|p1a: Steve|brn
|move|p1a: Steve|Rapid Spin|p2a: Tentacruel
|-damage|p2a: Tentacruel|352\/364
|-sideend|p1: xShiba|Sticky Web|[from] move: Rapid Spin|[of] p1a: Steve
|
|-heal|p2a: Tentacruel|364\/364|[from] item: Black Sludge
|-heal|p1a: Steve|90\/322 brn|[from] item: Leftovers
|-damage|p1a: Steve|50\/322 brn|[from] brn
|turn|4
|c|âxShiba|lmao
|c|âL1viD|lol
|
|switch|p1a: Ay Cune()|Vaporeon, F|452\/452
|move|p2a: Tentacruel|Scald|p1a: Ay Cune()
|-immune|p1a: Ay Cune()|[msg]
|
|turn|5
|c|âL1viD|i wasn't really thinking there
|
|move|p2a: Tentacruel|Toxic Spikes|p1a: Ay Cune()
|-sidestart|p1: xShiba|move: Toxic Spikes
|move|p1a: Ay Cune()|Heal Bell|p1a: Ay Cune()
|-cureteam|p1a: Ay Cune()|[from] move: HealBell
|
|turn|6
|c|âL1viD|i wanted to switch out
|c|âL1viD|but
|c|âL1viD|my lag doesnt allow me
|join|chechmate
|c|âxShiba|everyones lag
|c|âxShiba|tbh
|leave|chechmate
|
|move|p2a: Tentacruel|Sludge Wave|p1a: Ay Cune()
|-damage|p1a: Ay Cune()|376\/452
|move|p1a: Ay Cune()|Scald|p2a: Tentacruel
|-crit|p2a: Tentacruel
|-resisted|p2a: Tentacruel
|-damage|p2a: Tentacruel|292\/364
|
|-heal|p2a: Tentacruel|314\/364|[from] item: Black Sludge
|-heal|p1a: Ay Cune()|404\/452|[from] item: Leftovers
|turn|7
|
|switch|p2a: Porygon-Z|Porygon-Z|374\/374
|move|p1a: Ay Cune()|Scald|p2a: Porygon-Z
|-damage|p2a: Porygon-Z|244\/374
|
|-heal|p1a: Ay Cune()|432\/452|[from] item: Leftovers
|turn|8
|join|berserkingsk
|
|move|p1a: Ay Cune()|Protect|p1a: Ay Cune()
|-singleturn|p1a: Ay Cune()|Protect
|move|p2a: Porygon-Z|Thunderbolt|p1a: Ay Cune()
|-activate|p1a: Ay Cune()|Protect
|
|-heal|p1a: Ay Cune()|452\/452|[from] item: Leftovers
|turn|9
|
|move|p2a: Porygon-Z|Thunderbolt|p1a: Ay Cune()
|-supereffective|p1a: Ay Cune()
|-damage|p1a: Ay Cune()|110\/452
|move|p1a: Ay Cune()|Wish|p1a: Ay Cune()
|
|-heal|p1a: Ay Cune()|138\/452|[from] item: Leftovers
|turn|10
|
|switch|p1a: Steve|Donphan, M|50\/322
|-status|p1a: Steve|psn
|move|p2a: Porygon-Z|Thunderbolt|p1a: Steve
|-immune|p1a: Steve|[msg]
|
|-heal|p1a: Steve|276\/322 psn|[from] move: Wish|[wisher] Ay Cune()
|-heal|p1a: Steve|296\/322 psn|[from] item: Leftovers
|-damage|p1a: Steve|256\/322 psn|[from] psn
|turn|11
|
|switch|p2a: Tentacruel|Tentacruel, M|314\/364
|move|p1a: Steve|Rapid Spin|p2a: Tentacruel
|-damage|p2a: Tentacruel|294\/364
|-sideend|p1: xShiba|Toxic Spikes|[from] move: Rapid Spin|[of] p1a: Steve
|
|-heal|p2a: Tentacruel|316\/364|[from] item: Black Sludge
|-heal|p1a: Steve|276\/322 psn|[from] item: Leftovers
|-damage|p1a: Steve|236\/322 psn|[from] psn
|turn|12
|
|move|p2a: Tentacruel|Sludge Wave|p1a: Steve
|-resisted|p1a: Steve
|-damage|p1a: Steve|164\/322 psn
|move|p1a: Steve|Stealth Rock|p2a: Tentacruel
|-sidestart|p2: L1viD|move: Stealth Rock
|
|-heal|p2a: Tentacruel|338\/364|[from] item: Black Sludge
|-heal|p1a: Steve|184\/322 psn|[from] item: Leftovers
|-damage|p1a: Steve|144\/322 psn|[from] psn
|turn|13
|c|âL1viD|oh
|
|move|p2a: Tentacruel|Toxic Spikes|p1a: Steve
|-sidestart|p1: xShiba|move: Toxic Spikes
|move|p1a: Steve|Earthquake|p2a: Tentacruel
|-supereffective|p2a: Tentacruel
|-damage|p2a: Tentacruel|44\/364
|
|-heal|p2a: Tentacruel|66\/364|[from] item: Black Sludge
|-heal|p1a: Steve|164\/322 psn|[from] item: Leftovers
|-damage|p1a: Steve|124\/322 psn|[from] psn
|turn|14
|
|switch|p1a: Ay Cune()|Vaporeon, F|138\/452
|-status|p1a: Ay Cune()|psn
|move|p2a: Tentacruel|Scald|p1a: Ay Cune()
|-heal|p1a: Ay Cune()|251\/452 psn|[from] ability: Water Absorb|[of] p2a: Tentacruel
|
|-heal|p2a: Tentacruel|88\/364|[from] item: Black Sludge
|-heal|p1a: Ay Cune()|279\/452 psn|[from] item: Leftovers
|-damage|p1a: Ay Cune()|223\/452 psn|[from] psn
|turn|15
|c|âL1viD|>.>
|
|move|p2a: Tentacruel|Rapid Spin|p1a: Ay Cune()
|-damage|p1a: Ay Cune()|211\/452 psn
|-sideend|p2: L1viD|Stealth Rock|[from] move: Rapid Spin|[of] p2a: Tentacruel
|move|p1a: Ay Cune()|Wish|p1a: Ay Cune()
|
|-heal|p2a: Tentacruel|110\/364|[from] item: Black Sludge
|-heal|p1a: Ay Cune()|239\/452 psn|[from] item: Leftovers
|-damage|p1a: Ay Cune()|183\/452 psn|[from] psn
|turn|16
|join|baseballtroller
|join|Orei
|
|move|p2a: Tentacruel|Sludge Wave|p1a: Ay Cune()
|-damage|p1a: Ay Cune()|107\/452 psn
|move|p1a: Ay Cune()|Heal Bell|p1a: Ay Cune()
|-cureteam|p1a: Ay Cune()|[from] move: HealBell
|
|-heal|p1a: Ay Cune()|333\/452|[from] move: Wish|[wisher] Ay Cune()
|-heal|p2a: Tentacruel|132\/364|[from] item: Black Sludge
|-heal|p1a: Ay Cune()|361\/452|[from] item: Leftovers
|turn|17
|join|Primal Gyarados
|leave|baseballtroller
|
|switch|p2a: Toxicroak|Toxicroak, F|339\/339
|move|p1a: Ay Cune()|Wish|p1a: Ay Cune()
|
|-heal|p1a: Ay Cune()|389\/452|[from] item: Leftovers
|turn|18
|
|switch|p1a: Steve|Donphan, M|124\/322
|-status|p1a: Steve|psn
|move|p2a: Toxicroak|Swords Dance|p2a: Toxicroak
|-boost|p2a: Toxicroak|atk|2
|
|-heal|p1a: Steve|322\/322 psn|[from] move: Wish|[wisher] Ay Cune()
|-damage|p1a: Steve|282\/322 psn|[from] psn
|turn|19
|
|move|p2a: Toxicroak|Drain Punch|p1a: Steve
|-damage|p1a: Steve|131\/322 psn
|move|p1a: Steve|Earthquake|p2a: Toxicroak
|-supereffective|p2a: Toxicroak
|-damage|p2a: Toxicroak|0 fnt
|faint|p2a: Toxicroak
|
|-heal|p1a: Steve|151\/322 psn|[from] item: Leftovers
|-damage|p1a: Steve|111\/322 psn|[from] psn
|leave|Magma Admin~
|join|Magma Admin~
|join|chechnya
|leave|chechnya
|
|switch|p2a: Porygon-Z|Porygon-Z|244\/374
|turn|20
|c|âL1viD|i really wish i could've switched out and kept my galv
|
|move|p2a: Porygon-Z|Tri Attack|p1a: Steve
|-damage|p1a: Steve|0 fnt
|faint|p1a: Steve
|
|c|âL1viD|it has everything to counter your team with
|
|switch|p1a: Zoom Zoom|Yanmega, M, shiny|314\/314
|turn|21
|c|âxShiba|+1 Speed boost outspeeds it
|
|move|p1a: Zoom Zoom|Protect|p1a: Zoom Zoom
|-singleturn|p1a: Zoom Zoom|Protect
|move|p2a: Porygon-Z|Tri Attack|p1a: Zoom Zoom
|-activate|p1a: Zoom Zoom|Protect
|
|-boost|p1a: Zoom Zoom|spe|1|[from] ability: Speed Boost
|turn|22
|join|RANDOMPT
|
|move|p1a: Zoom Zoom|Bug Buzz|p2a: Porygon-Z
|-damage|p2a: Porygon-Z|0 fnt
|-damage|p1a: Zoom Zoom|283\/314|[from] item: Life Orb
|faint|p2a: Porygon-Z
|
|-boost|p1a: Zoom Zoom|spe|1|[from] ability: Speed Boost
|
|switch|p2a: Swellow|Swellow, M|262\/262
|turn|23
|
|move|p2a: Swellow|Protect|p2a: Swellow
|-singleturn|p2a: Swellow|Protect
|move|p1a: Zoom Zoom|Air Slash|p2a: Swellow
|-activate|p2a: Swellow|Protect
|
|-boost|p1a: Zoom Zoom|spe|1|[from] ability: Speed Boost
|-status|p2a: Swellow|brn|[from] item: Flame Orb
|turn|24
|
|move|p1a: Zoom Zoom|Air Slash|p2a: Swellow
|-damage|p2a: Swellow|0 fnt
|-damage|p1a: Zoom Zoom|252\/314|[from] item: Life Orb
|faint|p2a: Swellow
|
|-boost|p1a: Zoom Zoom|spe|1|[from] ability: Speed Boost
|c|âL1viD|oh wel
|c|âL1viD|gg
|c|âxShiba|gg
|-message|L1viD forfeited.
|leave|Magma Admin~
|
|switch|p2a: Tentacruel|Tentacruel, M|132\/364
|turn|25
|
|win|xShiba
|leave|xShiba