|join|xShiba
|join|Hugg Wild
|player|p1|xShiba|260
|player|p2|Hugg Wild|125
|gametype|singles
|gen|6
|tier|UU
|rated
|rule|Sleep Clause Mod: Limit one foe put to sleep
|rule|Species Clause: Limit one of each PokÃ©mon
|rule|OHKO Clause: OHKO moves are banned
|rule|Moody Clause: Moody is banned
|rule|Evasion Moves Clause: Evasion moves are banned
|rule|Endless Battle Clause: Forcing endless battles is banned
|rule|HP Percentage Mod: HP is shown in percentages
|clearpoke
|poke|p1|Aerodactyl, M
|poke|p1|Hydreigon, M, shiny
|poke|p1|Porygon-Z, shiny
|poke|p1|Mienshao, M
|poke|p1|Starmie, shiny
|poke|p1|Celebi
|poke|p2|Sharpedo, F
|poke|p2|Machamp, M
|poke|p2|Reuniclus, F, shiny
|poke|p2|Froslass, F
|poke|p2|Swampert, M
|poke|p2|Spiritomb, M, shiny
|rule|Swagger Clause: Swagger is banned
|rule|Baton Pass Clause: Limit one PokÃ©mon knowing Baton Pass
|teampreview
|
|start
|switch|p1a: Floppy The God|Mienshao, M|271\/271
|switch|p2a: Froslass|Froslass, F|344\/344
|turn|1
|
|move|p1a: Floppy The God|Knock Off|p2a: Froslass
|-supereffective|p2a: Froslass
|-damage|p2a: Froslass|64\/344
|-start|p1a: Floppy The God|Disable|Knock Off
|-enditem|p2a: Froslass|Focus Sash|[from] move: Knock Off|[of] p1a: Floppy The God
|move|p2a: Froslass|Icy Wind|p1a: Floppy The God
|-damage|p1a: Floppy The God|196\/271
|-unboost|p1a: Floppy The God|spe|1
|
|turn|2
|
|switch|p1a: Ultimate Terror|Aerodactyl, M|301\/301
|-ability|p1a: Ultimate Terror|Unnerve|p2: Hugg Wild
|move|p2a: Froslass|Spikes|p1a: Ultimate Terror
|-sidestart|p1: xShiba|Spikes
|
|turn|3
|
|detailschange|p1a: Ultimate Terror|Aerodactyl-Mega, M
|message|Aerodactyl has Mega Evolved into Mega Aerodactyl!
|move|p1a: Ultimate Terror|Aerial Ace|p2a: Froslass
|-damage|p2a: Froslass|0 fnt
|-start|p1a: Ultimate Terror|Disable|Aerial Ace
|faint|p2a: Froslass
|
|
|switch|p2a: Machamp|Machamp, M|364\/364
|turn|4
|
|switch|p1a: 5-Star'd|Starmie, shiny|324\/324
|-damage|p1a: 5-Star'd|284\/324|[from] Spikes
|move|p2a: Machamp|Close Combat|p1a: 5-Star'd
|-resisted|p1a: 5-Star'd
|-damage|p1a: 5-Star'd|190\/324
|-unboost|p2a: Machamp|def|1
|-unboost|p2a: Machamp|spd|1
|
|-heal|p1a: 5-Star'd|210\/324|[from] item: Leftovers
|turn|5
|
|switch|p2a: Spiritomb|Spiritomb, M, shiny|294\/294
|move|p1a: 5-Star'd|Scald|p2a: Spiritomb
|-damage|p2a: Spiritomb|203\/294
|-status|p2a: Spiritomb|brn
|
|-heal|p1a: 5-Star'd|230\/324|[from] item: Leftovers
|-damage|p2a: Spiritomb|167\/294 brn|[from] brn
|turn|6
|
|move|p2a: Spiritomb|Pursuit|p1a: 5-Star'd|[from]Pursuit
|-supereffective|p1a: 5-Star'd
|-damage|p1a: 5-Star'd|102\/324
|switch|p1a: Hail Hydra|Hydreigon, M, shiny|325\/325
|
|-damage|p2a: Spiritomb|131\/294 brn|[from] brn
|turn|7
|
|switch|p2a: Machamp|Machamp, M|364\/364
|move|p1a: Hail Hydra|Draco Meteor|p2a: Machamp|[miss]
|-miss|p1a: Hail Hydra|p2a: Machamp
|
|turn|8
|
|move|p1a: Hail Hydra|Draco Meteor|p2a: Machamp
|-damage|p2a: Machamp|137\/364
|-unboost|p1a: Hail Hydra|spa|2
|-damage|p1a: Hail Hydra|293\/325|[from] item: Life Orb
|move|p2a: Machamp|Knock Off|p1a: Hail Hydra
|-resisted|p1a: Hail Hydra
|-damage|p1a: Hail Hydra|219\/325
|-enditem|p1a: Hail Hydra|Life Orb|[from] move: Knock Off|[of] p2a: Machamp
|
|turn|9
|
|switch|p2a: Swampert|Swampert, M|403\/403
|move|p1a: Hail Hydra|Roost|p1a: Hail Hydra
|-heal|p1a: Hail Hydra|325\/325
|
|turn|10
|
|switch|p1a: 5-Star'd|Starmie, shiny|102\/324
|-damage|p1a: 5-Star'd|62\/324|[from] Spikes
|move|p2a: Swampert|Stealth Rock|p1a: 5-Star'd
|-sidestart|p1: xShiba|move: Stealth Rock
|
|-heal|p1a: 5-Star'd|82\/324|[from] item: Leftovers
|turn|11
|
|move|p1a: 5-Star'd|Rapid Spin|p2a: Swampert
|-damage|p2a: Swampert|393\/403
|-sideend|p1: xShiba|Spikes|[from] move: Rapid Spin|[of] p1a: 5-Star'd
|-sideend|p1: xShiba|Stealth Rock|[from] move: Rapid Spin|[of] p1a: 5-Star'd
|move|p2a: Swampert|Earthquake|p1a: 5-Star'd
|-damage|p1a: 5-Star'd|0 fnt
|faint|p1a: 5-Star'd
|
|-heal|p2a: Swampert|403\/403|[from] item: Leftovers
|
|switch|p1a: Healthy Diet|Celebi|404\/404
|turn|12
|
|switch|p2a: Spiritomb|Spiritomb, M, shiny|131\/294 brn
|move|p1a: Healthy Diet|Giga Drain|p2a: Spiritomb
|-damage|p2a: Spiritomb|44\/294 brn
|
|-damage|p2a: Spiritomb|8\/294 brn|[from] brn
|turn|13
|
|move|p2a: Spiritomb|Sucker Punch|p1a: Healthy Diet
|-supereffective|p1a: Healthy Diet
|-damage|p1a: Healthy Diet|264\/404
|-enditem|p1a: Healthy Diet|Weakness Policy
|-boost|p1a: Healthy Diet|atk|2|[from] item: Weakness Policy
|-boost|p1a: Healthy Diet|spa|2|[from] item: Weakness Policy
|move|p1a: Healthy Diet|Giga Drain|p2a: Spiritomb
|-damage|p2a: Spiritomb|0 fnt
|-heal|p1a: Healthy Diet|268\/404|[from] drain|[of] p2a: Spiritomb
|faint|p2a: Spiritomb
|
|
|switch|p2a: Reuniclus|Reuniclus, F, shiny|409\/409
|turn|14
|
|move|p1a: Healthy Diet|Baton Pass|p1a: Healthy Diet
|
|switch|p1a: Ultimate Terror|Aerodactyl-Mega, M|301\/301
|move|p2a: Reuniclus|Trick Room|p2a: Reuniclus
|-fieldstart|move: Trick Room|[of] p2a: Reuniclus
|
|turn|15
|
|move|p2a: Reuniclus|Psyshock|p1a: Ultimate Terror
|-damage|p1a: Ultimate Terror|79\/301
|move|p1a: Ultimate Terror|Stone Edge|p2a: Reuniclus
|-damage|p2a: Reuniclus|18\/409
|
|turn|16
|
|switch|p1a: Hail Hydra|Hydreigon, M, shiny|325\/325
|move|p2a: Reuniclus|Focus Blast|p1a: Hail Hydra
|-supereffective|p1a: Hail Hydra
|-damage|p1a: Hail Hydra|0 fnt
|faint|p1a: Hail Hydra
|
|
|switch|p1a: Healthy Diet|Celebi|268\/404
|turn|17
|
|move|p2a: Reuniclus|Shadow Ball|p1a: Healthy Diet
|-crit|p1a: Healthy Diet
|-supereffective|p1a: Healthy Diet
|-damage|p1a: Healthy Diet|0 fnt
|faint|p1a: Healthy Diet
|
|
|switch|p1a: Ultimate Terror|Aerodactyl-Mega, M|79\/301
|turn|18
|
|move|p2a: Reuniclus|Psyshock|p1a: Ultimate Terror
|-damage|p1a: Ultimate Terror|0 fnt
|faint|p1a: Ultimate Terror
|
|-fieldend|move: Trick Room
|
|switch|p1a: Wrecking Face|Porygon-Z, shiny|311\/311
|turn|19
|
|move|p1a: Wrecking Face|Tri Attack|p2a: Reuniclus
|-damage|p2a: Reuniclus|0 fnt
|faint|p2a: Reuniclus
|
|
|switch|p2a: Machamp|Machamp, M|137\/364
|turn|20
|
|move|p2a: Machamp|Bullet Punch|p1a: Wrecking Face
|-damage|p1a: Wrecking Face|241\/311
|move|p1a: Wrecking Face|Tri Attack|p2a: Machamp
|-damage|p2a: Machamp|0 fnt
|faint|p2a: Machamp
|
|
|switch|p2a: Swampert|Swampert, M|403\/403
|turn|21
|
|move|p1a: Wrecking Face|Tri Attack|p2a: Swampert
|-damage|p2a: Swampert|59\/403
|move|p2a: Swampert|Scald|p1a: Wrecking Face
|-damage|p1a: Wrecking Face|96\/311
|
|-heal|p2a: Swampert|84\/403|[from] item: Leftovers
|turn|22
|
|move|p1a: Wrecking Face|Tri Attack|p2a: Swampert
|-damage|p2a: Swampert|0 fnt
|faint|p2a: Swampert
|
|
|switch|p2a: Sharpedo|Sharpedo, F|281\/281
|turn|23
|
|move|p2a: Sharpedo|Protect|p2a: Sharpedo
|-singleturn|p2a: Sharpedo|Protect
|move|p1a: Wrecking Face|Tri Attack|p2a: Sharpedo
|-activate|p2a: Sharpedo|Protect
|
|-boost|p2a: Sharpedo|spe|1|[from] ability: Speed Boost
|turn|24
|
|move|p2a: Sharpedo|Waterfall|p1a: Wrecking Face
|-damage|p1a: Wrecking Face|0 fnt
|faint|p1a: Wrecking Face
|
|-boost|p2a: Sharpedo|spe|1|[from] ability: Speed Boost
|
|switch|p1a: Floppy The God|Mienshao, M|196\/271
|turn|25
|
|move|p2a: Sharpedo|Protect|p2a: Sharpedo
|-singleturn|p2a: Sharpedo|Protect
|move|p1a: Floppy The God|High Jump Kick|p2a: Sharpedo
|-activate|p2a: Sharpedo|Protect
|-damage|p1a: Floppy The God|61\/271|[from] highjumpkick
|
|-boost|p2a: Sharpedo|spe|1|[from] ability: Speed Boost
|turn|26
|
|detailschange|p2a: Sharpedo|Sharpedo-Mega, F
|message|Sharpedo has Mega Evolved into Mega Sharpedo!
|move|p2a: Sharpedo|Waterfall|p1a: Floppy The God
|-damage|p1a: Floppy The God|0 fnt
|faint|p1a: Floppy The God
|
|win|Hugg Wild
|raw|Ladder updating...
|c|âHugg Wild|gg
|raw|xShiba's rating: 1615 &rarr; <strong>1583<\/strong><br \/>(-32 for losing)
|raw|Hugg Wild's rating: 1375 &rarr; <strong>1407<\/strong><br \/>(+32 for winning)
|leave|xShiba
|player|p1