|join|r0ady
|join|xShiba
|player|p1|r0ady|165
|player|p2|xShiba|260
|gametype|singles
|gen|6
|tier|UU
|rule|Sleep Clause Mod: Limit one foe put to sleep
|rule|Species Clause: Limit one of each PokÃ©mon
|rule|OHKO Clause: OHKO moves are banned
|rule|Moody Clause: Moody is banned
|rule|Evasion Moves Clause: Evasion moves are banned
|rule|Endless Battle Clause: Forcing endless battles is banned
|rule|HP Percentage Mod: HP is shown in percentages
|clearpoke
|poke|p1|Absol, F
|poke|p1|Machamp, M
|poke|p1|Yanmega, F
|poke|p1|Swampert, M
|poke|p1|Jirachi
|poke|p1|Starmie
|poke|p2|Aerodactyl, M
|poke|p2|Hydreigon, M, shiny
|poke|p2|Porygon-Z, shiny
|poke|p2|Mienshao, M
|poke|p2|Starmie, shiny
|poke|p2|Celebi
|rule|Swagger Clause: Swagger is banned
|rule|Baton Pass Clause: Limit one PokÃ©mon knowing Baton Pass
|teampreview
|join|Puppet Gannondorf
|c|âr0ady|hell freind
|join|SantsDaTrillest
|c|âr0ady|friend
|c|âxShiba|aye
|join|xDre
|c| Puppet Gannondorf|You knocked me out
|c| SantsDaTrillest|this is gonna be good
|c|âxShiba|Dont hax me this time
|c| Puppet Gannondorf|Better win the tournament
|c|âxShiba|kek
|c|âr0ady|didnt get my cb aggron team done in time unfrotunatly
|join|SecretlyaBidoof
|c| xDre|yanmega comin at you bro
|c| xDre|not as good as my corphish but still good
|c|âr0ady|and yet another team
|c| SantsDaTrillest|r0ady watch out for him passing weakness policy on celebi to his aerodactyl
|c|âr0ady|that yanmega destroysd with a bit of damage
|c|âr0ady|bruh
|c|âr0ady|ive faced shiba alot
|c|âr0ady|i know his tricks
|c| SantsDaTrillest|kk
|c| SantsDaTrillest|lmao
|c|âxShiba|"tricks"
|c|âxShiba|kek
|
|start
|switch|p1a: Jirachi|Jirachi|341\/341
|switch|p2a: Ultimate Terror|Aerodactyl, M|331\/331
|-ability|p2a: Ultimate Terror|Unnerve|p1: r0ady
|turn|1
|c| SantsDaTrillest|just tryna help a nigga out
|c| Puppet Gannondorf|That lost me the battle
|join|orangetomatoes
|c| Puppet Gannondorf|It was super slick
|leave|orangetomatoes
|
|switch|p2a: 5-Star'd|Starmie, shiny|324\/324
|move|p1a: Jirachi|U-turn|p2a: 5-Star'd
|-supereffective|p2a: 5-Star'd
|-damage|p2a: 5-Star'd|202\/324
|join|wonderrustyy
|leave|wonderrustyy
|
|switch|p1a: Yanmega|Yanmega, F|314\/314
|
|-heal|p2a: 5-Star'd|222\/324|[from] item: Leftovers
|turn|2
|
|switch|p2a: Ultimate Terror|Aerodactyl, M|331\/331
|-ability|p2a: Ultimate Terror|Unnerve|p1: r0ady
|move|p1a: Yanmega|Protect|p1a: Yanmega
|-fail|p1a: Yanmega
|
|-boost|p1a: Yanmega|spe|1|[from] ability: Speed Boost
|turn|3
|
|switch|p1a: Swampert|Swampert, M|404\/404
|detailschange|p2a: Ultimate Terror|Aerodactyl-Mega, M
|message|Aerodactyl has Mega Evolved into Mega Aerodactyl!
|move|p2a: Ultimate Terror|Aerial Ace|p1a: Swampert
|-crit|p1a: Swampert
|-damage|p1a: Swampert|232\/404
|
|-heal|p1a: Swampert|257\/404|[from] item: Leftovers
|turn|4
|c|âr0ady|didn t want to risk max speed
|c|âr0ady|ouch
|c|âxShiba|:^)
|
|switch|p2a: 5-Star'd|Starmie, shiny|222\/324
|switch|p1a: Yanmega|Yanmega, F|314\/314
|
|-heal|p2a: 5-Star'd|242\/324|[from] item: Leftovers
|turn|5
|c|âxShiba|have you followed the way of my defensive starmie
|
|switch|p2a: Floppy The God|Mienshao, M|271\/271
|move|p1a: Yanmega|Bug Buzz|p2a: Floppy The God
|-resisted|p2a: Floppy The God
|-damage|p2a: Floppy The God|99\/271
|-damage|p1a: Yanmega|283\/314|[from] item: Life Orb
|
|-boost|p1a: Yanmega|spe|1|[from] ability: Speed Boost
|turn|6
|c|âr0ady|not a swotch in
|c|âr0ady|to the god
|join|OG_Wanka
|c|âr0ady|that is yan mega
|
|move|p1a: Yanmega|Protect|p1a: Yanmega
|-singleturn|p1a: Yanmega|Protect
|move|p2a: Floppy The God|Stone Edge|p1a: Yanmega
|-activate|p1a: Yanmega|Protect
|
|-boost|p1a: Yanmega|spe|1|[from] ability: Speed Boost
|turn|7
|join|thymetime
|c| OG_Wanka|ah the yanmega
|c| Puppet Gannondorf|Yanmega is just better than Ninjask in almost every way
|
|move|p1a: Yanmega|Bug Buzz|p2a: Floppy The God
|-resisted|p2a: Floppy The God
|-damage|p2a: Floppy The God|0 fnt
|-damage|p1a: Yanmega|252\/314|[from] item: Life Orb
|faint|p2a: Floppy The God
|
|-boost|p1a: Yanmega|spe|1|[from] ability: Speed Boost
|leave|thymetime
|c| Puppet Gannondorf|But I just love Ninjask
|
|switch|p2a: Ultimate Terror|Aerodactyl-Mega, M|331\/331
|turn|8
|c| xDre|banded ninjask is the best ninjask
|join|thymetime
|
|switch|p1a: Swampert|Swampert, M|257\/404
|move|p2a: Ultimate Terror|Aerial Ace|p1a: Swampert
|-damage|p1a: Swampert|133\/404
|
|-heal|p1a: Swampert|158\/404|[from] item: Leftovers
|turn|9
|c|âxShiba|not enough
|
|switch|p2a: Hail Hydra|Hydreigon, M, shiny|325\/325
|move|p1a: Swampert|Scald|p2a: Hail Hydra
|-resisted|p2a: Hail Hydra
|-damage|p2a: Hail Hydra|279\/325
|
|-heal|p1a: Swampert|183\/404|[from] item: Leftovers
|turn|10
|
|move|p2a: Hail Hydra|Dark Pulse|p1a: Swampert
|-damage|p1a: Swampert|0 fnt
|-damage|p2a: Hail Hydra|247\/325|[from] item: Life Orb
|faint|p1a: Swampert
|
|c|âr0ady|oh
|c|âr0ady|that kills
|c|âr0ady|lmao
|c|âxShiba|LO>Scarf
|c|âxShiba|:^)
|
|switch|p1a: Starmie|Starmie|261\/261
|turn|11
|join|Meelaes
|
|switch|p2a: Healthy Diet|Celebi|404\/404
|move|p1a: Starmie|Ice Beam|p2a: Healthy Diet
|-supereffective|p2a: Healthy Diet
|-damage|p2a: Healthy Diet|217\/404
|-enditem|p2a: Healthy Diet|Weakness Policy
|-boost|p2a: Healthy Diet|atk|2|[from] item: Weakness Policy
|-boost|p2a: Healthy Diet|spa|2|[from] item: Weakness Policy
|-damage|p1a: Starmie|235\/261|[from] item: Life Orb
|
|turn|12
|c|âr0ady|omg
|c|âr0ady|that ate that
|c| Puppet Gannondorf|uh oh
|c|âr0ady|i thought this would at least 2hko
|
|move|p1a: Starmie|Ice Beam|p2a: Healthy Diet
|-supereffective|p2a: Healthy Diet
|-damage|p2a: Healthy Diet|45\/404
|-damage|p1a: Starmie|209\/261|[from] item: Life Orb
|move|p2a: Healthy Diet|Baton Pass|p2a: Healthy Diet
|
|switch|p2a: Ultimate Terror|Aerodactyl-Mega, M|331\/331
|
|turn|13
|c| Puppet Gannondorf|Mega Aero is just too fast
|c| OG_Wanka|tht must be scarf pz then
|
|switch|p1a: Machamp|Machamp, M|343\/343
|move|p2a: Ultimate Terror|Earthquake|p1a: Machamp
|-damage|p1a: Machamp|51\/343
|
|turn|14
|c| OG_Wanka|or nah
|
|move|p1a: Machamp|Bullet Punch|p2a: Ultimate Terror
|-crit|p2a: Ultimate Terror
|-supereffective|p2a: Ultimate Terror
|-damage|p2a: Ultimate Terror|79\/331
|move|p2a: Ultimate Terror|Aerial Ace|p1a: Machamp
|-supereffective|p1a: Machamp
|-damage|p1a: Machamp|0 fnt
|faint|p1a: Machamp
|
|
|switch|p1a: Jirachi|Jirachi|341\/341
|turn|15
|c| xDre|not even the crit could save you
|c|âxShiba|nice and strong crit
|
|move|p1a: Jirachi|Iron Head|p2a: Ultimate Terror
|-supereffective|p2a: Ultimate Terror
|-damage|p2a: Ultimate Terror|0 fnt
|faint|p2a: Ultimate Terror
|
|
|switch|p2a: 5-Star'd|Starmie, shiny|242\/324
|turn|16
|c| OG_Wanka|w8 rachi can pull thru
|c| OG_Wanka|kinda
|join|PaulK618
|c| Puppet Gannondorf|Ehhh
|
|switch|p1a: Starmie|Starmie|209\/261
|move|p2a: 5-Star'd|Scald|p1a: Starmie
|-resisted|p1a: Starmie
|-damage|p1a: Starmie|156\/261
|-status|p1a: Starmie|brn
|
|-heal|p2a: 5-Star'd|262\/324|[from] item: Leftovers
|-damage|p1a: Starmie|124\/261 brn|[from] brn
|turn|17
|c| Puppet Gannondorf|It's tough
|
|switch|p2a: Healthy Diet|Celebi|45\/404
|move|p1a: Starmie|Hydro Pump|p2a: Healthy Diet|[miss]
|-miss|p1a: Starmie|p2a: Healthy Diet
|
|-damage|p1a: Starmie|92\/261 brn|[from] brn
|turn|18
|c| Puppet Gannondorf|Shiba still has his Hydra and PoryZ in his back pocket
|
|move|p1a: Starmie|Ice Beam|p2a: Healthy Diet
|-supereffective|p2a: Healthy Diet
|-damage|p2a: Healthy Diet|0 fnt
|-damage|p1a: Starmie|66\/261 brn|[from] item: Life Orb
|faint|p2a: Healthy Diet
|
|-damage|p1a: Starmie|34\/261 brn|[from] brn
|
|switch|p2a: 5-Star'd|Starmie, shiny|262\/324
|turn|19
|c|âr0ady|and i have god
|c| OG_Wanka|those mons get flinched
|c| OG_Wanka|ez
|c|âr0ady|just chillen
|
|move|p1a: Starmie|Hydro Pump|p2a: 5-Star'd
|-resisted|p2a: 5-Star'd
|-damage|p2a: 5-Star'd|144\/324
|-damage|p1a: Starmie|8\/261 brn|[from] item: Life Orb
|move|p2a: 5-Star'd|Recover|p2a: 5-Star'd
|-heal|p2a: 5-Star'd|306\/324
|
|-heal|p2a: 5-Star'd|324\/324|[from] item: Leftovers
|-damage|p1a: Starmie|0 fnt|[from] brn
|faint|p1a: Starmie
|
|switch|p1a: Yanmega|Yanmega, F|252\/314
|turn|20
|c| OG_Wanka|not to mention yan
|
|switch|p2a: Wrecking Face|Porygon-Z, shiny|311\/311
|move|p1a: Yanmega|Bug Buzz|p2a: Wrecking Face
|-damage|p2a: Wrecking Face|60\/311
|-unboost|p2a: Wrecking Face|spd|1
|-damage|p1a: Yanmega|221\/314|[from] item: Life Orb
|
|-boost|p1a: Yanmega|spe|1|[from] ability: Speed Boost
|turn|21
|
|move|p1a: Yanmega|Protect|p1a: Yanmega
|-singleturn|p1a: Yanmega|Protect
|move|p2a: Wrecking Face|Tri Attack|p1a: Yanmega
|-activate|p1a: Yanmega|Protect
|
|-boost|p1a: Yanmega|spe|1|[from] ability: Speed Boost
|turn|22
|c|âr0ady|gg
|c| OG_Wanka|yeah yan just wins
|c| xDre|PLS YANMEGA MERCY
|
|move|p1a: Yanmega|Bug Buzz|p2a: Wrecking Face
|-damage|p2a: Wrecking Face|0 fnt
|-damage|p1a: Yanmega|190\/314|[from] item: Life Orb
|faint|p2a: Wrecking Face
|
|-boost|p1a: Yanmega|spe|1|[from] ability: Speed Boost
|
|switch|p2a: 5-Star'd|Starmie, shiny|324\/324
|turn|23
|c|âr0ady|i didnt hax you this time :p
|
|move|p1a: Yanmega|Bug Buzz|p2a: 5-Star'd
|-supereffective|p2a: 5-Star'd
|-damage|p2a: 5-Star'd|0 fnt
|-damage|p1a: Yanmega|159\/314|[from] item: Life Orb
|faint|p2a: 5-Star'd
|
|-boost|p1a: Yanmega|spe|1|[from] ability: Speed Boost
|c| OG_Wanka|just got a solosis from wonder trade
|c| OG_Wanka|-.-
|
|switch|p2a: Hail Hydra|Hydreigon, M, shiny|247\/325
|turn|24
|c| Puppet Gannondorf|Yanmega PLEASE
|c|âxShiba|kek
|c|âxShiba|gg
|-message|xShiba forfeited.
|
|win|r0ady
|c|âr0ady|solosis is good
|c|âr0ady|wtf
|c| Puppet Gannondorf|GG guys
|leave|Meelaes
|leave|xShiba
|player|p2
|leave|Puppet Gannondorf
|leave|OG_Wanka
|join|orangetomatoes
|leave|orangetomatoes
|leave|SecretlyaBidoof
|leave|r0ady
|player|p1
|join|r0ady
|leave|xDre
|leave|SantsDaTrillest
|leave|PaulK618
|join|dasdad
|join|thymetime
|join|dasdad
|join|Specs Cranidos
|leave|Specs Cranidos
|join|overtime
|join|thymetime