|join|xShiba
|join|slayerj
|player|p1|xShiba|260
|player|p2|slayerj|102
|gametype|singles
|gen|6
|tier|UU
|rated
|rule|Sleep Clause Mod: Limit one foe put to sleep
|rule|Species Clause: Limit one of each PokÃ©mon
|rule|OHKO Clause: OHKO moves are banned
|rule|Moody Clause: Moody is banned
|rule|Evasion Moves Clause: Evasion moves are banned
|rule|Endless Battle Clause: Forcing endless battles is banned
|rule|HP Percentage Mod: HP is shown in percentages
|clearpoke
|poke|p1|Aerodactyl, M
|poke|p1|Hydreigon, M, shiny
|poke|p1|Porygon-Z, shiny
|poke|p1|Mienshao, M
|poke|p1|Starmie, shiny
|poke|p1|Celebi
|poke|p2|Gorebyss, M
|poke|p2|Whimsicott, M
|poke|p2|Infernape, F
|poke|p2|Swampert, F
|poke|p2|Goodra, M
|poke|p2|Azelf
|rule|Swagger Clause: Swagger is banned
|rule|Baton Pass Clause: Limit one PokÃ©mon knowing Baton Pass
|teampreview
|
|start
|switch|p1a: Healthy Diet|Celebi|404\/404
|switch|p2a: Azelf|Azelf|291\/291
|turn|1
|c|âslayerj|now you can get revenge
|join|windman
|join|TheMadolcheJoker
|c|âxShiba|eh i wont get my 30 points back but w\/e
|
|move|p2a: Azelf|U-turn|p1a: Healthy Diet
|-supereffective|p1a: Healthy Diet
|-damage|p1a: Healthy Diet|52\/404
|-enditem|p1a: Healthy Diet|Weakness Policy
|-boost|p1a: Healthy Diet|atk|2|[from] item: Weakness Policy
|-boost|p1a: Healthy Diet|spa|2|[from] item: Weakness Policy
|
|switch|p2a: Whimsicott|Whimsicott, M|324\/324
|move|p1a: Healthy Diet|Baton Pass|p1a: Healthy Diet
|
|switch|p1a: Ultimate Terror|Aerodactyl, M|301\/301
|-ability|p1a: Ultimate Terror|Unnerve|p2: slayerj
|
|turn|2
|c| TheMadolcheJoker|damn...I didn't see that coming
|
|detailschange|p1a: Ultimate Terror|Aerodactyl-Mega, M
|message|Aerodactyl has Mega Evolved into Mega Aerodactyl!
|move|p2a: Whimsicott|Substitute|p2a: Whimsicott
|-start|p2a: Whimsicott|Substitute
|-damage|p2a: Whimsicott|243\/324
|move|p1a: Ultimate Terror|Aerial Ace|p2a: Whimsicott
|-supereffective|p2a: Whimsicott
|-end|p2a: Whimsicott|Substitute
|
|-heal|p2a: Whimsicott|263\/324|[from] item: Leftovers
|turn|3
|
|move|p2a: Whimsicott|Leech Seed|p1a: Ultimate Terror|[miss]
|-miss|p2a: Whimsicott|p1a: Ultimate Terror
|move|p1a: Ultimate Terror|Aerial Ace|p2a: Whimsicott
|-supereffective|p2a: Whimsicott
|-damage|p2a: Whimsicott|0 fnt
|faint|p2a: Whimsicott
|
|
|switch|p2a: Swampert|Swampert, F|404\/404
|turn|4
|
|detailschange|p2a: Swampert|Swampert-Mega, F
|message|Swampert has Mega Evolved into Mega Swampert!
|move|p1a: Ultimate Terror|Aerial Ace|p2a: Swampert
|-damage|p2a: Swampert|212\/404
|move|p2a: Swampert|Waterfall|p1a: Ultimate Terror
|-supereffective|p1a: Ultimate Terror
|-damage|p1a: Ultimate Terror|0 fnt
|faint|p1a: Ultimate Terror
|
|
|switch|p1a: Healthy Diet|Celebi|52\/404
|turn|5
|
|move|p1a: Healthy Diet|Recover|p1a: Healthy Diet
|-heal|p1a: Healthy Diet|254\/404
|move|p2a: Swampert|Ice Beam|p1a: Healthy Diet
|-crit|p1a: Healthy Diet
|-supereffective|p1a: Healthy Diet
|-damage|p1a: Healthy Diet|104\/404
|
|turn|6
|
|switch|p2a: Azelf|Azelf|291\/291
|move|p1a: Healthy Diet|Giga Drain|p2a: Azelf
|-damage|p2a: Azelf|177\/291
|-heal|p1a: Healthy Diet|161\/404|[from] drain|[of] p2a: Azelf
|
|turn|7
|
|move|p2a: Azelf|U-turn|p1a: Healthy Diet
|-supereffective|p1a: Healthy Diet
|-damage|p1a: Healthy Diet|0 fnt
|faint|p1a: Healthy Diet
|
|switch|p2a: Swampert|Swampert-Mega, F|212\/404
|
|
|switch|p1a: Wrecking Face|Porygon-Z, shiny|311\/311
|turn|8
|
|move|p1a: Wrecking Face|Tri Attack|p2a: Swampert
|-damage|p2a: Swampert|0 fnt
|faint|p2a: Swampert
|
|
|switch|p2a: Infernape|Infernape, F|293\/293
|turn|9
|
|switch|p1a: 5-Star'd|Starmie, shiny|324\/324
|move|p2a: Infernape|Thunder Punch|p1a: 5-Star'd
|-supereffective|p1a: 5-Star'd
|-damage|p1a: 5-Star'd|147\/324
|-status|p1a: 5-Star'd|par
|-damage|p2a: Infernape|264\/293|[from] item: Life Orb
|
|-heal|p1a: 5-Star'd|167\/324 par|[from] item: Leftovers
|turn|10
|
|move|p2a: Infernape|Thunder Punch|p1a: 5-Star'd
|-supereffective|p1a: 5-Star'd
|-damage|p1a: 5-Star'd|0 fnt
|-damage|p2a: Infernape|235\/293|[from] item: Life Orb
|faint|p1a: 5-Star'd
|
|
|switch|p1a: Floppy The God|Mienshao, M|271\/271
|turn|11
|
|switch|p2a: Gorebyss|Gorebyss, M|314\/314
|move|p1a: Floppy The God|High Jump Kick|p2a: Gorebyss
|-damage|p2a: Gorebyss|40\/314
|
|turn|12
|
|move|p1a: Floppy The God|High Jump Kick|p2a: Gorebyss
|-damage|p2a: Gorebyss|0 fnt
|faint|p2a: Gorebyss
|
|
|switch|p2a: Azelf|Azelf|177\/291
|turn|13
|
|switch|p1a: Wrecking Face|Porygon-Z, shiny|311\/311
|move|p2a: Azelf|U-turn|p1a: Wrecking Face
|-damage|p1a: Wrecking Face|211\/311
|
|switch|p2a: Infernape|Infernape, F|235\/293
|
|turn|14
|
|move|p2a: Infernape|Close Combat|p1a: Wrecking Face
|-crit|p1a: Wrecking Face
|-supereffective|p1a: Wrecking Face
|-damage|p1a: Wrecking Face|0 fnt
|-unboost|p2a: Infernape|def|1
|-unboost|p2a: Infernape|spd|1
|-damage|p2a: Infernape|206\/293|[from] item: Life Orb
|faint|p1a: Wrecking Face
|
|
|switch|p1a: Floppy The God|Mienshao, M|271\/271
|turn|15
|
|move|p1a: Floppy The God|High Jump Kick|p2a: Infernape
|-damage|p2a: Infernape|0 fnt
|faint|p2a: Infernape
|
|
|switch|p2a: Azelf|Azelf|177\/291
|turn|16
|
|move|p2a: Azelf|Zen Headbutt|p1a: Floppy The God
|-supereffective|p1a: Floppy The God
|-damage|p1a: Floppy The God|0 fnt
|faint|p1a: Floppy The God
|
|
|switch|p1a: Hail Hydra|Hydreigon, M, shiny|325\/325
|turn|17
|
|switch|p2a: Goodra|Goodra, M|384\/384
|move|p1a: Hail Hydra|Dark Pulse|p2a: Goodra
|-damage|p2a: Goodra|290\/384
|-damage|p1a: Hail Hydra|293\/325|[from] item: Life Orb
|
|turn|18
|
|move|p1a: Hail Hydra|Draco Meteor|p2a: Goodra
|-supereffective|p2a: Goodra
|-damage|p2a: Goodra|33\/384
|-unboost|p1a: Hail Hydra|spa|2
|-damage|p1a: Hail Hydra|261\/325|[from] item: Life Orb
|move|p2a: Goodra|Dragon Pulse|p1a: Hail Hydra
|-supereffective|p1a: Hail Hydra
|-damage|p1a: Hail Hydra|0 fnt
|faint|p1a: Hail Hydra
|
|win|slayerj
|raw|Ladder updating...
|c|âslayerj|gg
|leave|windman
|raw|xShiba's rating: 1600 &rarr; <strong>1573<\/strong><br \/>(-27 for losing)
|raw|slayerj's rating: 1475 &rarr; <strong>1502<\/strong><br \/>(+27 for winning)
|leave|TheMadolcheJoker