|join|xShiba
|join|aweonaoMoore
|player|p1|xShiba|260
|player|p2|aweonaoMoore|248
|gametype|singles
|gen|6
|tier|UU
|rated
|rule|Sleep Clause Mod: Limit one foe put to sleep
|rule|Species Clause: Limit one of each PokÃ©mon
|rule|OHKO Clause: OHKO moves are banned
|rule|Moody Clause: Moody is banned
|rule|Evasion Moves Clause: Evasion moves are banned
|rule|Endless Battle Clause: Forcing endless battles is banned
|rule|HP Percentage Mod: HP is shown in percentages
|clearpoke
|poke|p1|Celebi
|poke|p1|Sharpedo, M, shiny
|poke|p1|Jirachi, shiny
|poke|p1|Yanmega, M, shiny
|poke|p1|Donphan, F
|poke|p1|Vaporeon, F
|poke|p2|Pidgeot, M, shiny
|poke|p2|Jirachi
|poke|p2|Avalugg, M
|poke|p2|Infernape, F
|poke|p2|Kingdra, M
|poke|p2|Rhyperior, F
|rule|Swagger Clause: Swagger is banned
|rule|Baton Pass Clause: Limit one PokÃ©mon knowing Baton Pass
|teampreview
|
|start
|switch|p1a: Steve|Donphan, F|322\/322
|switch|p2a: Rollins|Pidgeot, M, shiny|308\/308
|turn|1
|
|detailschange|p2a: Rollins|Pidgeot-Mega, M, shiny
|-mega|p2a: Rollins|Pidgeot|Pidgeotite
|move|p2a: Rollins|Substitute|p2a: Rollins
|-start|p2a: Rollins|Substitute
|-damage|p2a: Rollins|231\/308
|move|p1a: Steve|Stealth Rock|p2a: Rollins
|-sidestart|p2: aweonaoMoore|move: Stealth Rock
|
|turn|2
|
|move|p1a: Steve|Ice Shard|p2a: Rollins
|-crit|p2a: Rollins
|-supereffective|p2a: Rollins
|-end|p2a: Rollins|Substitute
|move|p2a: Rollins|Hurricane|p1a: Steve
|-activate|p1a: Steve|Sturdy
|-damage|p1a: Steve|1\/322
|-start|p1a: Steve|confusion
|
|-heal|p1a: Steve|21\/322|[from] item: Leftovers
|turn|3
|c|âxShiba|thought you were going to be work up or something lmao
|
|-activate|p1a: Steve|confusion
|-damage|p1a: Steve|0 fnt|[from] confusion
|faint|p1a: Steve
|move|p2a: Rollins|Hurricane|p1: Steve|[notarget]
|-notarget
|
|
|switch|p1a: Healthy Diet|Celebi|404\/404
|turn|4
|c|âaweonaoMoore|i'm not real enough
|
|move|p2a: Rollins|Substitute|p2a: Rollins
|-start|p2a: Rollins|Substitute
|-damage|p2a: Rollins|154\/308
|move|p1a: Healthy Diet|Baton Pass|p1a: Healthy Diet
|
|switch|p1a: Ay Der Cune|Vaporeon, F|452\/452
|
|turn|5
|
|move|p2a: Rollins|Roost|p2a: Rollins
|-heal|p2a: Rollins|308\/308
|move|p1a: Ay Der Cune|Scald|p2a: Rollins
|-end|p2a: Rollins|Substitute
|
|turn|6
|
|switch|p2a: Ziggler|Kingdra, M|307\/307
|-damage|p2a: Ziggler|269\/307|[from] Stealth Rock
|move|p1a: Ay Der Cune|Scald|p2a: Ziggler
|-resisted|p2a: Ziggler
|-damage|p2a: Ziggler|243\/307
|
|turn|7
|
|switch|p1a: Zoom Zoom|Yanmega, M, shiny|314\/314
|move|p2a: Ziggler|Agility|p2a: Ziggler
|-boost|p2a: Ziggler|spe|2
|
|turn|8
|
|switch|p1a: Healthy Diet|Celebi|404\/404
|move|p2a: Ziggler|Focus Energy|p2a: Ziggler
|-start|p2a: Ziggler|move: Focus Energy
|
|turn|9
|
|move|p2a: Ziggler|Draco Meteor|p1a: Healthy Diet
|-crit|p1a: Healthy Diet
|-damage|p1a: Healthy Diet|98\/404
|-unboost|p2a: Ziggler|spa|2
|move|p1a: Healthy Diet|Giga Drain|p2a: Ziggler
|-damage|p2a: Ziggler|159\/307
|-heal|p1a: Healthy Diet|140\/404|[from] drain|[of] p2a: Ziggler
|
|turn|10
|
|move|p2a: Ziggler|Draco Meteor|p1a: Healthy Diet
|-crit|p1a: Healthy Diet
|-damage|p1a: Healthy Diet|0 fnt
|-unboost|p2a: Ziggler|spa|2
|faint|p1a: Healthy Diet
|
|
|switch|p1a: Fuccboii 2.0|Jirachi, shiny|341\/341
|turn|11
|join|r0ady
|
|move|p2a: Ziggler|Hydro Pump|p1a: Fuccboii 2.0
|-crit|p1a: Fuccboii 2.0
|-damage|p1a: Fuccboii 2.0|0 fnt
|faint|p1a: Fuccboii 2.0
|
|c|âxShiba|idk why you focus energy'd on yanmega lol
|
|switch|p1a: Ay Der Cune|Vaporeon, F|452\/452
|turn|12
|c| r0ady|why did you switch with yan
|c|âxShiba|expected him to draco
|c| r0ady|it destroys his team
|c| r0ady|oh
|c|âaweonaoMoore|i tought you might protect
|c|âxShiba|he set up instead
|
|move|p2a: Ziggler|Draco Meteor|p1a: Ay Der Cune
|-crit|p1a: Ay Der Cune
|-damage|p1a: Ay Der Cune|11\/452
|-unboost|p2a: Ziggler|spa|2
|move|p1a: Ay Der Cune|Scald|p2a: Ziggler
|-resisted|p2a: Ziggler
|-damage|p2a: Ziggler|135\/307
|
|-heal|p1a: Ay Der Cune|39\/452|[from] item: Leftovers
|turn|13
|
|move|p1a: Ay Der Cune|Protect|p1a: Ay Der Cune
|-singleturn|p1a: Ay Der Cune|Protect
|move|p2a: Ziggler|Draco Meteor|p1a: Ay Der Cune
|-activate|p1a: Ay Der Cune|Protect
|
|-heal|p1a: Ay Der Cune|67\/452|[from] item: Leftovers
|turn|14
|c| r0ady|like pidg MIGHT not be 2hkod
|
|move|p1a: Ay Der Cune|Protect|p1a: Ay Der Cune
|-fail|p1a: Ay Der Cune
|move|p2a: Ziggler|Draco Meteor|p1a: Ay Der Cune
|-crit|p1a: Ay Der Cune
|-damage|p1a: Ay Der Cune|0 fnt
|faint|p1a: Ay Der Cune
|
|
|switch|p1a: Zoom Zoom|Yanmega, M, shiny|314\/314
|turn|15
|c| r0ady|double protexct
|
|move|p1a: Zoom Zoom|Protect|p1a: Zoom Zoom
|-singleturn|p1a: Zoom Zoom|Protect
|move|p2a: Ziggler|Hydro Pump|p1a: Zoom Zoom
|-activate|p1a: Zoom Zoom|Protect
|
|-boost|p1a: Zoom Zoom|spe|1|[from] ability: Speed Boost
|turn|16
|
|move|p2a: Ziggler|Hydro Pump|p1a: Zoom Zoom
|-crit|p1a: Zoom Zoom
|-damage|p1a: Zoom Zoom|0 fnt
|faint|p1a: Zoom Zoom
|
|-message|xShiba forfeited.
|
|win|aweonaoMoore
|raw|Ladder updating...
|leave|xShiba
|raw|xShiba's rating: 1502 &rarr; <strong>1480<\/strong><br \/>(-22 for losing)
|raw|aweonaoMoore's rating: 1464 &rarr; <strong>1486<\/strong><br \/>(+22 for winning)
|player|p1
|leave|r0ady