|join|xShiba
|join|SW4GILYPH
|player|p1|xShiba|260
|player|p2|SW4GILYPH|188
|gametype|singles
|gen|6
|tier|UU
|rated
|rule|Sleep Clause Mod: Limit one foe put to sleep
|rule|Species Clause: Limit one of each PokÃ©mon
|rule|OHKO Clause: OHKO moves are banned
|rule|Moody Clause: Moody is banned
|rule|Evasion Moves Clause: Evasion moves are banned
|rule|Endless Battle Clause: Forcing endless battles is banned
|rule|HP Percentage Mod: HP is shown in percentages
|clearpoke
|poke|p1|Aerodactyl, M
|poke|p1|Hydreigon, M, shiny
|poke|p1|Porygon-Z, shiny
|poke|p1|Mienshao, M
|poke|p1|Starmie, shiny
|poke|p1|Celebi
|poke|p2|Beedrill, F
|poke|p2|Magneton
|poke|p2|Hydreigon, M
|poke|p2|Swampert, M
|poke|p2|Virizion
|poke|p2|Crobat, F
|rule|Swagger Clause: Swagger is banned
|rule|Baton Pass Clause: Limit one PokÃ©mon knowing Baton Pass
|teampreview
|join|TheRogerRabbit
|join|asdfghjkl21
|
|start
|switch|p1a: Floppy The God|Mienshao, M|271\/271
|switch|p2a: Magneton|Magneton|261\/261
|turn|1
|
|switch|p2a: Crobat|Crobat, F|321\/321
|move|p1a: Floppy The God|High Jump Kick|p2a: Crobat
|-resisted|p2a: Crobat
|-damage|p2a: Crobat|242\/321
|
|-heal|p2a: Crobat|262\/321|[from] item: Black Sludge
|turn|2
|
|switch|p1a: 5-Star'd|Starmie, shiny|324\/324
|move|p2a: Crobat|U-turn|p1a: 5-Star'd
|-supereffective|p1a: 5-Star'd
|-damage|p1a: 5-Star'd|218\/324
|join|PokeGyarados
|
|switch|p2a: Hydreigon|Hydreigon, M|325\/325
|
|-heal|p1a: 5-Star'd|238\/324|[from] item: Leftovers
|turn|3
|
|switch|p1a: Healthy Diet|Celebi|404\/404
|move|p2a: Hydreigon|Dark Pulse|p1a: Healthy Diet
|-supereffective|p1a: Healthy Diet
|-damage|p1a: Healthy Diet|210\/404
|-enditem|p1a: Healthy Diet|Weakness Policy
|-boost|p1a: Healthy Diet|atk|2|[from] item: Weakness Policy
|-boost|p1a: Healthy Diet|spa|2|[from] item: Weakness Policy
|
|turn|4
|
|move|p2a: Hydreigon|Dark Pulse|p1a: Healthy Diet
|-supereffective|p1a: Healthy Diet
|-damage|p1a: Healthy Diet|0 fnt
|faint|p1a: Healthy Diet
|
|c|âxShiba|.
|
|switch|p1a: Hail Hydra|Hydreigon, M, shiny|325\/325
|turn|5
|c| TheRogerRabbit|easiest roll of his life
|c|âSW4GILYPH|"im clickin dp and getting a max roll" - me
|
|switch|p2a: Magneton|Magneton|261\/261
|move|p1a: Hail Hydra|Draco Meteor|p2a: Magneton
|-resisted|p2a: Magneton
|-damage|p2a: Magneton|138\/261
|-unboost|p1a: Hail Hydra|spa|2
|-damage|p1a: Hail Hydra|293\/325|[from] item: Life Orb
|
|turn|6
|c|âSW4GILYPH|just so you know
|
|move|p1a: Hail Hydra|Superpower|p2a: Magneton
|-supereffective|p2a: Magneton
|-damage|p2a: Magneton|0 fnt
|-unboost|p1a: Hail Hydra|atk|1
|-unboost|p1a: Hail Hydra|def|1
|-damage|p1a: Hail Hydra|261\/325|[from] item: Life Orb
|faint|p2a: Magneton
|
|c|âxShiba|+2 Aero couldve ruined your life lmao
|
|switch|p2a: Beedrill|Beedrill, F|271\/271
|turn|7
|join|rowfgt
|c|âSW4GILYPH|yeah but i was getting a max roll so its cool
|
|detailschange|p2a: Beedrill|Beedrill-Mega, F
|message|Beedrill has Mega Evolved into Mega Beedrill!
|move|p1a: Hail Hydra|Draco Meteor|p2a: Beedrill
|-damage|p2a: Beedrill|96\/271
|-unboost|p1a: Hail Hydra|spa|2
|-damage|p1a: Hail Hydra|229\/325|[from] item: Life Orb
|move|p2a: Beedrill|U-turn|p1a: Hail Hydra
|-supereffective|p1a: Hail Hydra
|-damage|p1a: Hail Hydra|0 fnt
|faint|p1a: Hail Hydra
|c| TheRogerRabbit|if he didn't get the roll, he was getting a flich sooo
|leave|asdfghjkl21
|
|switch|p2a: Hydreigon|Hydreigon, M|325\/325
|
|c|âxShiba|>0 switch-ins
|join|asdfghjkl21
|c| TheRogerRabbit|flinch*
|
|switch|p1a: Floppy The God|Mienshao, M|271\/271
|turn|8
|c|âSW4GILYPH|ok so tell me my other option
|c|âSW4GILYPH|switch as you baton pass?
|c|âSW4GILYPH|going for it was the only play
|c|âSW4GILYPH|im not fucking stupid lol
|c| rowfgt|âHeâs right you know"
|c|âxShiba|nah i was talking about to mega bee
|c| TheRogerRabbit|252 SpA Hydreigon Dark Pulse vs. 252 HP \/ 220+ SpD Celebi: 188-224 (46.5 - 55.4%) -- 15.2% chance to 2HKO after Leftovers recovery
|c|âSW4GILYPH|ah
|c| rowfgt|*insert Morgan Freeman meme*
|c|âSW4GILYPH|my bad then
|
|move|p1a: Floppy The God|U-turn|p2a: Hydreigon
|-crit|p2a: Hydreigon
|-supereffective|p2a: Hydreigon
|-damage|p2a: Hydreigon|15\/325
|c|âSW4GILYPH|calls the u turn >
|
|switch|p1a: 5-Star'd|Starmie, shiny|238\/324
|move|p2a: Hydreigon|Draco Meteor|p1a: 5-Star'd|[miss]
|-miss|p2a: Hydreigon|p1a: 5-Star'd
|
|-heal|p1a: 5-Star'd|258\/324|[from] item: Leftovers
|turn|9
|c|âSW4GILYPH|gets crit anyway >
|join|DaidZillon
|
|move|p2a: Hydreigon|Draco Meteor|p1a: 5-Star'd|[miss]
|-miss|p2a: Hydreigon|p1a: 5-Star'd
|move|p1a: 5-Star'd|Ice Beam|p2a: Hydreigon
|-supereffective|p2a: Hydreigon
|-damage|p2a: Hydreigon|0 fnt
|faint|p2a: Hydreigon
|
|-heal|p1a: 5-Star'd|278\/324|[from] item: Leftovers
|c|âSW4GILYPH|.
|c|âSW4GILYPH|.
|c|âSW4GILYPH|.
|c|âSW4GILYPH|its not enough to play the fuck out of someone
|c|âSW4GILYPH|you gotta get haxed too
|
|switch|p2a: Beedrill|Beedrill-Mega, F|96\/271
|turn|10
|leave|DaidZillon
|
|move|p2a: Beedrill|U-turn|p1a: 5-Star'd
|-supereffective|p1a: 5-Star'd
|-damage|p1a: 5-Star'd|2\/324
|c|âxShiba|zzz
|
|switch|p2a: Virizion|Virizion|323\/323
|move|p1a: 5-Star'd|Scald|p2a: Virizion
|-resisted|p2a: Virizion
|-damage|p2a: Virizion|284\/323
|
|-heal|p1a: 5-Star'd|22\/324|[from] item: Leftovers
|turn|11
|
|move|p2a: Virizion|Leaf Blade|p1a: 5-Star'd
|-supereffective|p1a: 5-Star'd
|-damage|p1a: 5-Star'd|0 fnt
|faint|p1a: 5-Star'd
|
|
|switch|p1a: Ultimate Terror|Aerodactyl, M|301\/301
|-ability|p1a: Ultimate Terror|Unnerve|p2: SW4GILYPH
|turn|12
|
|switch|p1a: Wrecking Face|Porygon-Z, shiny|311\/311
|move|p2a: Virizion|Stone Edge|p1a: Wrecking Face
|-damage|p1a: Wrecking Face|190\/311
|
|turn|13
|
|move|p2a: Virizion|Close Combat|p1a: Wrecking Face
|-supereffective|p1a: Wrecking Face
|-damage|p1a: Wrecking Face|0 fnt
|-unboost|p2a: Virizion|def|1
|-unboost|p2a: Virizion|spd|1
|faint|p1a: Wrecking Face
|
|
|switch|p1a: Ultimate Terror|Aerodactyl, M|301\/301
|-ability|p1a: Ultimate Terror|Unnerve|p2: SW4GILYPH
|turn|14
|
|switch|p2a: Beedrill|Beedrill-Mega, F|96\/271
|detailschange|p1a: Ultimate Terror|Aerodactyl-Mega, M
|message|Aerodactyl has Mega Evolved into Mega Aerodactyl!
|move|p1a: Ultimate Terror|Aerial Ace|p2a: Beedrill
|-supereffective|p2a: Beedrill
|-damage|p2a: Beedrill|0 fnt
|faint|p2a: Beedrill
|
|
|switch|p2a: Swampert|Swampert, M|401\/401
|turn|15
|
|switch|p1a: Floppy The God|Mienshao, M|271\/271
|move|p2a: Swampert|Scald|p1a: Floppy The God
|-damage|p1a: Floppy The God|150\/271
|-status|p1a: Floppy The God|brn
|
|-damage|p1a: Floppy The God|117\/271 brn|[from] brn
|turn|16
|c| rowfgt|rip
|c|âxShiba|mfw you didnt switch on aero
|c|âxShiba|rip
|
|switch|p2a: Virizion|Virizion|284\/323
|move|p1a: Floppy The God|High Jump Kick|p2a: Virizion
|-damage|p2a: Virizion|109\/323
|
|-damage|p1a: Floppy The God|84\/271 brn|[from] brn
|turn|17
|c| rowfgt|in peaches
|
|move|p1a: Floppy The God|High Jump Kick|p2a: Virizion
|-damage|p2a: Virizion|0 fnt
|faint|p2a: Virizion
|
|-damage|p1a: Floppy The God|51\/271 brn|[from] brn
|
|switch|p2a: Crobat|Crobat, F|262\/321
|turn|18
|
|move|p1a: Floppy The God|High Jump Kick|p2a: Crobat|[miss]
|-miss|p1a: Floppy The God|p2a: Crobat
|-damage|p1a: Floppy The God|0 fnt|[from] highjumpkick
|faint|p1a: Floppy The God
|move|p2a: Crobat|U-turn|p1: Floppy The God|[notarget]
|-notarget
|
|-heal|p2a: Crobat|282\/321|[from] item: Black Sludge
|c| PokeGyarados|hax imo
|
|switch|p1a: Ultimate Terror|Aerodactyl-Mega, M|301\/301
|turn|19
|c| PokeGyarados|crobat was gonna take
|
|move|p1a: Ultimate Terror|Aerial Ace|p2a: Crobat
|-damage|p2a: Crobat|102\/321
|move|p2a: Crobat|U-turn|p1a: Ultimate Terror
|-crit|p1a: Ultimate Terror
|-resisted|p1a: Ultimate Terror
|-damage|p1a: Ultimate Terror|244\/301
|c| PokeGyarados|a nice solid 3% from that
|
|switch|p2a: Swampert|Swampert, M|401\/401
|
|turn|20
|c| rowfgt|Reveal HP Grass
|
|move|p1a: Ultimate Terror|Aerial Ace|p2a: Swampert
|-damage|p2a: Swampert|287\/401
|move|p2a: Swampert|Scald|p1a: Ultimate Terror
|-supereffective|p1a: Ultimate Terror
|-damage|p1a: Ultimate Terror|74\/301
|-status|p1a: Ultimate Terror|brn
|
|-heal|p2a: Swampert|312\/401|[from] item: Leftovers
|-damage|p1a: Ultimate Terror|37\/301 brn|[from] brn
|turn|21
|c|âxShiba|lmao
|c|âxShiba|.
|c| PokeGyarados|nb
|
|move|p1a: Ultimate Terror|Aerial Ace|p2a: Swampert
|-damage|p2a: Swampert|258\/401
|move|p2a: Swampert|Scald|p1a: Ultimate Terror
|-supereffective|p1a: Ultimate Terror
|-damage|p1a: Ultimate Terror|0 fnt
|faint|p1a: Ultimate Terror
|
|win|SW4GILYPH
|raw|Ladder updating...
|raw|xShiba's rating: 1454 &rarr; <strong>1432<\/strong><br \/>(-22 for losing)
|raw|SW4GILYPH's rating: 1427 &rarr; <strong>1448<\/strong><br \/>(+21 for winning)
|c| PokeGyarados|should've ran
|c| PokeGyarados|bite
|c| PokeGyarados|to flinch to death
|leave|TheRogerRabbit
|c|âxShiba|lmao
|c| rowfgt|mhm
|c|âSW4GILYPH|obviously
|c| rowfgt|or Ice Fang
|join|TheRogerRabbit
|c| rowfgt|and Freeze
|c|âxShiba|>scald
|c|âSW4GILYPH|probably could have done it too
|leave|TheRogerRabbit
|leave|asdfghjkl21
|c| PokeGyarados|yeah
|c| rowfgt|.\/flinch
|leave|PokeGyarados
|c|âxShiba|idk why you didnt switch when i had aero out tho
|c|âxShiba|zzz
|c| rowfgt|sick level predicts
|c|âSW4GILYPH|because you were either going to double to pory
|c|âSW4GILYPH|or
|join|TheRogerRabbit
|c|âSW4GILYPH|hone claws
|c|âSW4GILYPH|didnt want either
|c|âxShiba|n
|c|âxShiba|Im all out attacker
|c|âSW4GILYPH|right but like I didnt build your team
|c|âSW4GILYPH|sooooo
|c|âSW4GILYPH|how would I know
|c|âxShiba|zzz
|leave|rowfgt
|c|âxShiba|i still would expect the switch to swampert tbh
|c|âxShiba|oh well tho
|c|âxShiba|gg
|c|âSW4GILYPH|gg
|leave|xShiba
|player|p1