|join|xShiba
|join|teamtest239852
|player|p1|xShiba|260
|player|p2|teamtest239852|1
|gametype|singles
|gen|6
|tier|UU
|rated
|rule|Sleep Clause Mod: Limit one foe put to sleep
|rule|Species Clause: Limit one of each PokÃ©mon
|rule|OHKO Clause: OHKO moves are banned
|rule|Moody Clause: Moody is banned
|rule|Evasion Moves Clause: Evasion moves are banned
|rule|Endless Battle Clause: Forcing endless battles is banned
|rule|HP Percentage Mod: HP is shown in percentages
|clearpoke
|poke|p1|Aerodactyl, M
|poke|p1|Hydreigon, M, shiny
|poke|p1|Porygon-Z, shiny
|poke|p1|Mienshao, M
|poke|p1|Starmie, shiny
|poke|p1|Celebi
|poke|p2|Absol, M
|poke|p2|Crobat, F
|poke|p2|Granbull, M
|poke|p2|Slowking, M
|poke|p2|Blissey, F
|poke|p2|Haxorus, M, shiny
|rule|Swagger Clause: Swagger is banned
|rule|Baton Pass Clause: Limit one PokÃ©mon knowing Baton Pass
|teampreview
|
|start
|switch|p1a: Wrecking Face|Porygon-Z, shiny|311\/311
|switch|p2a: Crobat|Crobat, F|374\/374
|turn|1
|
|switch|p2a: Blissey|Blissey, F|713\/713
|move|p1a: Wrecking Face|Tri Attack|p2a: Blissey
|-damage|p2a: Blissey|457\/713
|
|-heal|p2a: Blissey|501\/713|[from] item: Leftovers
|turn|2
|
|move|p1a: Wrecking Face|Tri Attack|p2a: Blissey
|-damage|p2a: Blissey|239\/713
|move|p2a: Blissey|Stealth Rock|p1a: Wrecking Face
|-sidestart|p1: xShiba|move: Stealth Rock
|
|-heal|p2a: Blissey|283\/713|[from] item: Leftovers
|turn|3
|
|move|p1a: Wrecking Face|Tri Attack|p2a: Blissey
|-damage|p2a: Blissey|29\/713
|move|p2a: Blissey|Soft-Boiled|p2a: Blissey
|-heal|p2a: Blissey|386\/713
|
|-heal|p2a: Blissey|430\/713|[from] item: Leftovers
|turn|4
|
|move|p1a: Wrecking Face|Tri Attack|p2a: Blissey
|-damage|p2a: Blissey|192\/713
|move|p2a: Blissey|Soft-Boiled|p2a: Blissey
|-heal|p2a: Blissey|549\/713
|
|-heal|p2a: Blissey|593\/713|[from] item: Leftovers
|turn|5
|
|move|p1a: Wrecking Face|Tri Attack|p2a: Blissey
|-damage|p2a: Blissey|345\/713
|-status|p2a: Blissey|par
|move|p2a: Blissey|Toxic|p1a: Wrecking Face
|-status|p1a: Wrecking Face|tox
|
|-heal|p2a: Blissey|389\/713 par|[from] item: Leftovers
|-damage|p1a: Wrecking Face|292\/311 tox|[from] psn
|turn|6
|
|move|p1a: Wrecking Face|Tri Attack|p2a: Blissey
|-damage|p2a: Blissey|163\/713 par
|move|p2a: Blissey|Soft-Boiled|p2a: Blissey
|-heal|p2a: Blissey|520\/713 par
|
|-heal|p2a: Blissey|564\/713 par|[from] item: Leftovers
|-damage|p1a: Wrecking Face|254\/311 tox|[from] psn
|turn|7
|
|switch|p1a: 5-Star'd|Starmie, shiny|324\/324
|-damage|p1a: 5-Star'd|284\/324|[from] Stealth Rock
|move|p2a: Blissey|Soft-Boiled|p2a: Blissey
|-heal|p2a: Blissey|713\/713 par
|
|-heal|p1a: 5-Star'd|304\/324|[from] item: Leftovers
|turn|8
|
|switch|p2a: Slowking|Slowking, M|394\/394
|move|p1a: 5-Star'd|Rapid Spin|p2a: Slowking
|-damage|p2a: Slowking|385\/394
|-damage|p1a: 5-Star'd|250\/324|[from] item: Rocky Helmet|[of] p2a: Slowking
|-sideend|p1: xShiba|Stealth Rock|[from] move: Rapid Spin|[of] p1a: 5-Star'd
|
|-heal|p1a: 5-Star'd|270\/324|[from] item: Leftovers
|turn|9
|
|switch|p1a: Hail Hydra|Hydreigon, M, shiny|325\/325
|move|p2a: Slowking|Thunder Wave|p1a: Hail Hydra
|-status|p1a: Hail Hydra|par
|
|turn|10
|
|switch|p2a: Granbull|Granbull, M|384\/384
|-ability|p2a: Granbull|Intimidate|[of] p1a: Hail Hydra
|-unboost|p1a: Hail Hydra|atk|1
|switch|p1a: Wrecking Face|Porygon-Z, shiny|254\/311 tox
|
|-damage|p1a: Wrecking Face|235\/311 tox|[from] psn
|turn|11
|
|switch|p2a: Blissey|Blissey, F|713\/713
|move|p1a: Wrecking Face|Psyshock|p2a: Blissey
|-damage|p2a: Blissey|439\/713
|
|-heal|p2a: Blissey|483\/713|[from] item: Leftovers
|-damage|p1a: Wrecking Face|197\/311 tox|[from] psn
|turn|12
|
|switch|p1a: Healthy Diet|Celebi|404\/404
|move|p2a: Blissey|Seismic Toss|p1a: Healthy Diet
|-damage|p1a: Healthy Diet|304\/404
|
|-heal|p2a: Blissey|527\/713|[from] item: Leftovers
|turn|13
|
|move|p1a: Healthy Diet|Stealth Rock|p2a: Blissey
|-sidestart|p2: teamtest239852|move: Stealth Rock
|move|p2a: Blissey|Stealth Rock|p1a: Healthy Diet
|-sidestart|p1: xShiba|move: Stealth Rock
|
|-heal|p2a: Blissey|571\/713|[from] item: Leftovers
|turn|14
|
|move|p1a: Healthy Diet|Giga Drain|p2a: Blissey
|-damage|p2a: Blissey|499\/713
|-heal|p1a: Healthy Diet|340\/404|[from] drain|[of] p2a: Blissey
|move|p2a: Blissey|Seismic Toss|p1a: Healthy Diet
|-damage|p1a: Healthy Diet|240\/404
|
|-heal|p2a: Blissey|543\/713|[from] item: Leftovers
|turn|15
|
|move|p1a: Healthy Diet|Giga Drain|p2a: Blissey
|-damage|p2a: Blissey|471\/713
|-heal|p1a: Healthy Diet|276\/404|[from] drain|[of] p2a: Blissey
|move|p2a: Blissey|Seismic Toss|p1a: Healthy Diet
|-damage|p1a: Healthy Diet|176\/404
|
|-heal|p2a: Blissey|515\/713|[from] item: Leftovers
|turn|16
|
|switch|p2a: Crobat|Crobat, F|374\/374
|-damage|p2a: Crobat|281\/374|[from] Stealth Rock
|move|p1a: Healthy Diet|Recover|p1a: Healthy Diet
|-heal|p1a: Healthy Diet|378\/404
|
|-heal|p2a: Crobat|304\/374|[from] item: Black Sludge
|turn|17
|
|move|p2a: Crobat|Defog|p1a: Healthy Diet
|-unboost|p1a: Healthy Diet|evasion|1
|-sideend|p1: xShiba|Stealth Rock|[from] move: Defog|[of] p1a: Healthy Diet
|-sideend|p2: teamtest239852|Stealth Rock|[from] move: Defog|[of] p2a: Crobat
|move|p1a: Healthy Diet|Baton Pass|p1a: Healthy Diet
|
|switch|p1a: Hail Hydra|Hydreigon, M, shiny|325\/325 par
|
|-heal|p2a: Crobat|327\/374|[from] item: Black Sludge
|turn|18
|
|switch|p2a: Granbull|Granbull, M|384\/384
|-ability|p2a: Granbull|Intimidate|[of] p1a: Hail Hydra
|-unboost|p1a: Hail Hydra|atk|1
|move|p1a: Hail Hydra|Draco Meteor|p2a: Granbull
|-immune|p2a: Granbull|[msg]
|
|turn|19
|
|switch|p1a: 5-Star'd|Starmie, shiny|270\/324
|move|p2a: Granbull|Play Rough|p1a: 5-Star'd
|-damage|p1a: 5-Star'd|176\/324
|
|-heal|p1a: 5-Star'd|196\/324|[from] item: Leftovers
|turn|20
|
|switch|p2a: Blissey|Blissey, F|515\/713
|move|p1a: 5-Star'd|Scald|p2a: Blissey
|-crit|p2a: Blissey
|-damage|p2a: Blissey|412\/713
|-status|p2a: Blissey|brn
|
|-heal|p1a: 5-Star'd|216\/324|[from] item: Leftovers
|-heal|p2a: Blissey|456\/713 brn|[from] item: Leftovers
|-damage|p2a: Blissey|367\/713 brn|[from] brn
|turn|21
|
|move|p1a: 5-Star'd|Recover|p1a: 5-Star'd
|-heal|p1a: 5-Star'd|324\/324
|move|p2a: Blissey|Soft-Boiled|p2a: Blissey
|-heal|p2a: Blissey|713\/713 brn
|
|-damage|p2a: Blissey|624\/713 brn|[from] brn
|turn|22
|
|switch|p1a: Hail Hydra|Hydreigon, M, shiny|325\/325 par
|move|p2a: Blissey|Stealth Rock|p1a: Hail Hydra
|-sidestart|p1: xShiba|move: Stealth Rock
|
|-heal|p2a: Blissey|668\/713 brn|[from] item: Leftovers
|-damage|p2a: Blissey|579\/713 brn|[from] brn
|turn|23
|
|switch|p2a: Granbull|Granbull, M|384\/384
|-ability|p2a: Granbull|Intimidate|[of] p1a: Hail Hydra
|-unboost|p1a: Hail Hydra|atk|1
|cant|p1a: Hail Hydra|par
|
|turn|24
|
|switch|p1a: 5-Star'd|Starmie, shiny|324\/324
|-damage|p1a: 5-Star'd|284\/324|[from] Stealth Rock
|move|p2a: Granbull|Play Rough|p1a: 5-Star'd
|-damage|p1a: 5-Star'd|182\/324
|
|-heal|p1a: 5-Star'd|202\/324|[from] item: Leftovers
|turn|25
|
|switch|p2a: Absol|Absol, M|271\/271
|move|p1a: 5-Star'd|Rapid Spin|p2a: Absol
|-damage|p2a: Absol|255\/271
|-sideend|p1: xShiba|Stealth Rock|[from] move: Rapid Spin|[of] p1a: 5-Star'd
|
|-heal|p1a: 5-Star'd|222\/324|[from] item: Leftovers
|turn|26
|
|detailschange|p2a: Absol|Absol-Mega, M
|message|Absol has Mega Evolved into Mega Absol!
|move|p2a: Absol|Sucker Punch|p1a: 5-Star'd
|-supereffective|p1a: 5-Star'd
|-damage|p1a: 5-Star'd|0 fnt
|faint|p1a: 5-Star'd
|
|
|switch|p1a: Floppy The God|Mienshao, M|271\/271
|turn|27
|
|switch|p2a: Slowking|Slowking, M|394\/394
|move|p1a: Floppy The God|U-turn|p2a: Slowking
|-supereffective|p2a: Slowking
|-damage|p2a: Slowking|250\/394
|-damage|p1a: Floppy The God|226\/271|[from] item: Rocky Helmet|[of] p2a: Slowking
|
|switch|p1a: Wrecking Face|Porygon-Z, shiny|197\/311 tox
|
|-damage|p1a: Wrecking Face|178\/311 tox|[from] psn
|turn|28
|
|switch|p2a: Blissey|Blissey, F|579\/713
|move|p1a: Wrecking Face|Tri Attack|p2a: Blissey
|-damage|p2a: Blissey|325\/713
|
|-heal|p2a: Blissey|369\/713|[from] item: Leftovers
|-damage|p1a: Wrecking Face|140\/311 tox|[from] psn
|turn|29
|
|move|p1a: Wrecking Face|Tri Attack|p2a: Blissey
|-damage|p2a: Blissey|143\/713
|move|p2a: Blissey|Soft-Boiled|p2a: Blissey
|-heal|p2a: Blissey|500\/713
|
|-heal|p2a: Blissey|544\/713|[from] item: Leftovers
|-damage|p1a: Wrecking Face|83\/311 tox|[from] psn
|turn|30
|
|move|p1a: Wrecking Face|Tri Attack|p2a: Blissey
|-damage|p2a: Blissey|286\/713
|-status|p2a: Blissey|brn
|move|p2a: Blissey|Seismic Toss|p1a: Wrecking Face
|-damage|p1a: Wrecking Face|0 fnt
|faint|p1a: Wrecking Face
|
|-heal|p2a: Blissey|330\/713 brn|[from] item: Leftovers
|-damage|p2a: Blissey|241\/713 brn|[from] brn
|
|switch|p1a: Floppy The God|Mienshao, M|226\/271
|turn|31
|
|switch|p2a: Crobat|Crobat, F|327\/374
|move|p1a: Floppy The God|High Jump Kick|p2a: Crobat
|-resisted|p2a: Crobat
|-damage|p2a: Crobat|251\/374
|
|-heal|p2a: Crobat|274\/374|[from] item: Black Sludge
|turn|32
|
|switch|p1a: Hail Hydra|Hydreigon, M, shiny|325\/325 par
|move|p2a: Crobat|Brave Bird|p1a: Hail Hydra
|-damage|p1a: Hail Hydra|172\/325 par
|-damage|p2a: Crobat|224\/374|[from] recoil|[of] p1a: Hail Hydra
|
|-heal|p2a: Crobat|247\/374|[from] item: Black Sludge
|turn|33
|
|switch|p2a: Granbull|Granbull, M|384\/384
|-ability|p2a: Granbull|Intimidate|[of] p1a: Hail Hydra
|-unboost|p1a: Hail Hydra|atk|1
|switch|p1a: Healthy Diet|Celebi|378\/404
|
|turn|34
|
|switch|p2a: Blissey|Blissey, F|241\/713
|move|p1a: Healthy Diet|Stealth Rock|p2a: Blissey
|-sidestart|p2: teamtest239852|move: Stealth Rock
|
|-heal|p2a: Blissey|285\/713|[from] item: Leftovers
|turn|35
|
|move|p1a: Healthy Diet|Giga Drain|p2a: Blissey
|-damage|p2a: Blissey|221\/713
|-heal|p1a: Healthy Diet|404\/404|[from] drain|[of] p2a: Blissey
|move|p2a: Blissey|Stealth Rock|p1a: Healthy Diet
|-sidestart|p1: xShiba|move: Stealth Rock
|
|-heal|p2a: Blissey|265\/713|[from] item: Leftovers
|turn|36
|
|move|p1a: Healthy Diet|Giga Drain|p2a: Blissey
|-damage|p2a: Blissey|198\/713
|move|p2a: Blissey|Toxic|p1a: Healthy Diet
|-status|p1a: Healthy Diet|tox
|
|-heal|p2a: Blissey|242\/713|[from] item: Leftovers
|-damage|p1a: Healthy Diet|379\/404 tox|[from] psn
|turn|37
|
|switch|p1a: Hail Hydra|Hydreigon, M, shiny|172\/325 par
|-damage|p1a: Hail Hydra|132\/325 par|[from] Stealth Rock
|move|p2a: Blissey|Soft-Boiled|p2a: Blissey
|-heal|p2a: Blissey|599\/713
|
|-heal|p2a: Blissey|643\/713|[from] item: Leftovers
|turn|38
|
|move|p2a: Blissey|Seismic Toss|p1a: Hail Hydra
|-damage|p1a: Hail Hydra|32\/325 par
|move|p1a: Hail Hydra|Superpower|p2a: Blissey
|-supereffective|p2a: Blissey
|-damage|p2a: Blissey|209\/713
|-unboost|p1a: Hail Hydra|atk|1
|-unboost|p1a: Hail Hydra|def|1
|-damage|p1a: Hail Hydra|0 fnt|[from] item: Life Orb
|faint|p1a: Hail Hydra
|
|-heal|p2a: Blissey|253\/713|[from] item: Leftovers
|
|switch|p1a: Floppy The God|Mienshao, M|226\/271
|-damage|p1a: Floppy The God|210\/271|[from] Stealth Rock
|turn|39
|
|switch|p2a: Slowking|Slowking, M|381\/394
|-damage|p2a: Slowking|332\/394|[from] Stealth Rock
|move|p1a: Floppy The God|Knock Off|p2a: Slowking
|-supereffective|p2a: Slowking
|-damage|p2a: Slowking|152\/394
|-damage|p1a: Floppy The God|165\/271|[from] item: Rocky Helmet|[of] p2a: Slowking
|-enditem|p2a: Slowking|Rocky Helmet|[from] move: Knock Off|[of] p1a: Floppy The God
|
|turn|40
|
|switch|p1a: Healthy Diet|Celebi|379\/404
|-damage|p1a: Healthy Diet|329\/404|[from] Stealth Rock
|move|p2a: Slowking|Slack Off|p2a: Slowking
|-heal|p2a: Slowking|349\/394
|
|turn|41
|
|move|p1a: Healthy Diet|Recover|p1a: Healthy Diet
|-heal|p1a: Healthy Diet|404\/404
|move|p2a: Slowking|Thunder Wave|p1a: Healthy Diet
|-status|p1a: Healthy Diet|par
|
|turn|42
|
|move|p2a: Slowking|Scald|p1a: Healthy Diet
|-resisted|p1a: Healthy Diet
|-damage|p1a: Healthy Diet|372\/404 par
|move|p1a: Healthy Diet|Giga Drain|p2a: Slowking
|-supereffective|p2a: Slowking
|-damage|p2a: Slowking|197\/394
|-heal|p1a: Healthy Diet|404\/404 par|[from] drain|[of] p2a: Slowking
|
|turn|43
|
|move|p2a: Slowking|Slack Off|p2a: Slowking
|-heal|p2a: Slowking|394\/394
|move|p1a: Healthy Diet|Baton Pass|p1a: Healthy Diet
|
|switch|p1a: Floppy The God|Mienshao, M|165\/271
|-damage|p1a: Floppy The God|149\/271|[from] Stealth Rock
|
|turn|44
|
|move|p1a: Floppy The God|U-turn|p2a: Slowking
|-supereffective|p2a: Slowking
|-damage|p2a: Slowking|270\/394
|
|switch|p1a: Healthy Diet|Celebi|404\/404
|-damage|p1a: Healthy Diet|354\/404|[from] Stealth Rock
|move|p2a: Slowking|Thunder Wave|p1a: Healthy Diet
|-status|p1a: Healthy Diet|par
|
|turn|45
|
|switch|p2a: Crobat|Crobat, F|247\/374
|-damage|p2a: Crobat|154\/374|[from] Stealth Rock
|move|p1a: Healthy Diet|Giga Drain|p2a: Crobat
|-resisted|p2a: Crobat
|-damage|p2a: Crobat|132\/374
|-heal|p1a: Healthy Diet|365\/404 par|[from] drain|[of] p2a: Crobat
|
|-heal|p2a: Crobat|155\/374|[from] item: Black Sludge
|turn|46
|
|move|p2a: Crobat|Roost|p2a: Crobat
|-heal|p2a: Crobat|342\/374
|move|p1a: Healthy Diet|Baton Pass|p1a: Healthy Diet
|
|switch|p1a: Ultimate Terror|Aerodactyl, M|301\/301
|-damage|p1a: Ultimate Terror|226\/301|[from] Stealth Rock
|-ability|p1a: Ultimate Terror|Unnerve|p2: teamtest239852
|
|-heal|p2a: Crobat|365\/374|[from] item: Black Sludge
|turn|47
|
|switch|p2a: Slowking|Slowking, M|394\/394
|-damage|p2a: Slowking|345\/394|[from] Stealth Rock
|detailschange|p1a: Ultimate Terror|Aerodactyl-Mega, M
|message|Aerodactyl has Mega Evolved into Mega Aerodactyl!
|move|p1a: Ultimate Terror|Aerial Ace|p2a: Slowking
|-damage|p2a: Slowking|212\/394
|
|turn|48
|
|move|p1a: Ultimate Terror|Stone Edge|p2a: Slowking
|-damage|p2a: Slowking|65\/394
|move|p2a: Slowking|Slack Off|p2a: Slowking
|-heal|p2a: Slowking|262\/394
|
|turn|49
|
|switch|p1a: Healthy Diet|Celebi|365\/404
|-damage|p1a: Healthy Diet|315\/404|[from] Stealth Rock
|move|p2a: Slowking|Thunder Wave|p1a: Healthy Diet
|-status|p1a: Healthy Diet|par
|
|turn|50
|
|switch|p2a: Crobat|Crobat, F|365\/374
|-damage|p2a: Crobat|272\/374|[from] Stealth Rock
|cant|p1a: Healthy Diet|par
|
|-heal|p2a: Crobat|295\/374|[from] item: Black Sludge
|turn|51
|
|move|p2a: Crobat|Super Fang|p1a: Healthy Diet
|-damage|p1a: Healthy Diet|158\/404 par
|move|p1a: Healthy Diet|Baton Pass|p1a: Healthy Diet
|c|âxShiba|zzz
|c|âxShiba|im done lol
|-message|xShiba forfeited.
|
|win|teamtest239852
|raw|Ladder updating...
|c|âteamtest239852|gg
|leave|xShiba
|player|p1
|raw|xShiba's rating: 1517 &rarr; <strong>1494<\/strong><br \/>(-23 for losing)
|raw|teamtest239852's rating: 1472 &rarr; <strong>1495<\/strong><br \/>(+23 for winning)