|join|VBD OTR
|join|xShiba
|player|p1|VBD OTR|126
|player|p2|xShiba|260
|gametype|singles
|gen|6
|tier|UU
|rated
|rule|Sleep Clause Mod: Limit one foe put to sleep
|rule|Species Clause: Limit one of each PokÃ©mon
|rule|OHKO Clause: OHKO moves are banned
|rule|Moody Clause: Moody is banned
|rule|Evasion Moves Clause: Evasion moves are banned
|rule|Endless Battle Clause: Forcing endless battles is banned
|rule|HP Percentage Mod: HP is shown in percentages
|clearpoke
|poke|p1|Dragalge, M
|poke|p1|Krookodile, M
|poke|p1|Starmie
|poke|p1|Mienshao, M
|poke|p1|Abomasnow, F
|poke|p1|Florges, F
|poke|p2|Celebi
|poke|p2|Sharpedo, M, shiny
|poke|p2|Jirachi, shiny
|poke|p2|Yanmega, M, shiny
|poke|p2|Donphan, M
|poke|p2|Vaporeon, F
|rule|Swagger Clause: Swagger is banned
|rule|Baton Pass Clause: Limit one PokÃ©mon knowing Baton Pass
|teampreview
|join|OGWanka
|c|âxShiba|gl hf fren
|
|start
|switch|p1a: Dragalge|Dragalge, M|292\/292
|switch|p2a: Steve|Donphan, M|322\/322
|turn|1
|
|move|p1a: Dragalge|Scald|p2a: Steve
|-supereffective|p2a: Steve
|-activate|p2a: Steve|Sturdy
|-damage|p2a: Steve|1\/322
|-status|p2a: Steve|brn
|move|p2a: Steve|Stealth Rock|p1a: Dragalge
|-sidestart|p1: VBD OTR|move: Stealth Rock
|
|-heal|p2a: Steve|21\/322 brn|[from] item: Leftovers
|-damage|p2a: Steve|0 fnt|[from] brn
|faint|p2a: Steve
|join|r0ady
|
|switch|p2a: Fuccboii 2.0|Jirachi, shiny|341\/341
|turn|2
|
|move|p2a: Fuccboii 2.0|Iron Head|p1a: Dragalge
|-damage|p1a: Dragalge|154\/292
|cant|p1a: Dragalge|flinch
|
|turn|3
|
|switch|p1a: Starmie|Starmie|324\/324
|-damage|p1a: Starmie|284\/324|[from] Stealth Rock
|move|p2a: Fuccboii 2.0|Iron Head|p1a: Starmie
|-resisted|p1a: Starmie
|-damage|p1a: Starmie|234\/324
|
|-heal|p1a: Starmie|254\/324|[from] item: Leftovers
|turn|4
|
|switch|p2a: Healthy Diet|Celebi|404\/404
|move|p1a: Starmie|Rapid Spin|p2a: Healthy Diet
|-damage|p2a: Healthy Diet|393\/404
|-sideend|p1: VBD OTR|Stealth Rock|[from] move: Rapid Spin|[of] p1a: Starmie
|
|-heal|p1a: Starmie|274\/324|[from] item: Leftovers
|turn|5
|
|switch|p1a: Dragalge|Dragalge, M|154\/292
|move|p2a: Healthy Diet|Swords Dance|p2a: Healthy Diet
|-boost|p2a: Healthy Diet|atk|2
|
|turn|6
|
|move|p2a: Healthy Diet|Sucker Punch|p1a: Dragalge
|-damage|p1a: Dragalge|6\/292
|move|p1a: Dragalge|Sludge Wave|p2a: Healthy Diet
|-supereffective|p2a: Healthy Diet
|-damage|p2a: Healthy Diet|0 fnt
|faint|p2a: Healthy Diet
|
|c| OGWanka|yum
|c| r0ady|how
|c| r0ady|did that live that
|c|âxShiba|thats actually disappointing
|c|âVBD OTR|:]
|c|âxShiba|I expected that to kill -____-
|c| r0ady|dragalge had like no physical bulk
|
|switch|p2a: Zoom Zoom|Yanmega, M, shiny|314\/314
|turn|7
|c| r0ady|jk
|c| r0ady|90
|c| r0ady|isnt bad
|
|move|p2a: Zoom Zoom|Air Slash|p1a: Dragalge
|-damage|p1a: Dragalge|0 fnt
|-damage|p2a: Zoom Zoom|283\/314|[from] item: Life Orb
|faint|p1a: Dragalge
|
|-boost|p2a: Zoom Zoom|spe|1|[from] ability: Speed Boost
|
|switch|p1a: Florges|Florges, F|360\/360
|turn|8
|
|switch|p2a: Ay Der Cune|Vaporeon, F|452\/452
|move|p1a: Florges|Moonblast|p2a: Ay Der Cune
|-damage|p2a: Ay Der Cune|343\/452
|
|-heal|p2a: Ay Der Cune|371\/452|[from] item: Leftovers
|turn|9
|c|âxShiba|if florges is out yanmega goes in oml
|c| r0ady|well
|
|switch|p2a: Fuccboii 2.0|Jirachi, shiny|341\/341
|move|p1a: Florges|Moonblast|p2a: Fuccboii 2.0
|-resisted|p2a: Fuccboii 2.0
|-damage|p2a: Fuccboii 2.0|280\/341
|
|turn|10
|c| OGWanka|getting florges out is the issue tho
|c| r0ady|aboma can take a buzz im p sure
|c|âxShiba|252+ SpA Life Orb Yanmega Bug Buzz vs. 8 HP \/ 0 SpD Mega Abomasnow: 374-439 (115.7 - 135.9%) -- guaranteed OHKO
|c| OGWanka|oof
|
|move|p1a: Florges|Protect|p1a: Florges
|-singleturn|p1a: Florges|Protect
|move|p2a: Fuccboii 2.0|U-turn|p1a: Florges
|-activate|p1a: Florges|Protect
|
|turn|11
|c| r0ady|and shib yanmegha goes in on like every team without a florgeges\/blissey
|c|âVBD OTR|yan is rly good
|c|âxShiba|I wish I couldve gotten that pass off
|c|âVBD OTR|not common enough tbh
|c|âxShiba|tbh
|
|switch|p2a: Ay Der Cune|Vaporeon, F|371\/452
|move|p1a: Florges|Moonblast|p2a: Ay Der Cune
|-damage|p2a: Ay Der Cune|262\/452
|
|-heal|p2a: Ay Der Cune|290\/452|[from] item: Leftovers
|turn|12
|
|switch|p1a: Krookodile|Krookodile, M|331\/331
|-ability|p1a: Krookodile|Intimidate|[of] p2a: Ay Der Cune
|-unboost|p2a: Ay Der Cune|atk|1
|move|p2a: Ay Der Cune|Wish|p2a: Ay Der Cune
|
|-heal|p2a: Ay Der Cune|318\/452|[from] item: Leftovers
|turn|13
|
|move|p2a: Ay Der Cune|Protect|p2a: Ay Der Cune
|-singleturn|p2a: Ay Der Cune|Protect
|move|p1a: Krookodile|Stealth Rock|p2a: Ay Der Cune
|-sidestart|p2: xShiba|move: Stealth Rock
|
|-heal|p2a: Ay Der Cune|452\/452|[from] move: Wish|[wisher] Ay Der Cune
|turn|14
|
|move|p1a: Krookodile|Knock Off|p2a: Ay Der Cune
|-damage|p2a: Ay Der Cune|233\/452
|-enditem|p2a: Ay Der Cune|Leftovers|[from] move: Knock Off|[of] p1a: Krookodile
|move|p2a: Ay Der Cune|Scald|p1a: Krookodile
|-supereffective|p1a: Krookodile
|-damage|p1a: Krookodile|67\/331
|
|turn|15
|
|move|p1a: Krookodile|Earthquake|p2a: Ay Der Cune
|-damage|p2a: Ay Der Cune|65\/452
|move|p2a: Ay Der Cune|Wish|p2a: Ay Der Cune
|
|turn|16
|
|switch|p1a: Abomasnow|Abomasnow, F|384\/384
|move|p2a: Ay Der Cune|Protect|p2a: Ay Der Cune
|-fail|p2a: Ay Der Cune
|
|-heal|p2a: Ay Der Cune|291\/452|[from] move: Wish|[wisher] Ay Der Cune
|turn|17
|
|switch|p2a: Fuccboii 2.0|Jirachi, shiny|280\/341
|-damage|p2a: Fuccboii 2.0|259\/341|[from] Stealth Rock
|detailschange|p1a: Abomasnow|Abomasnow-Mega, F
|-mega|p1a: Abomasnow|Abomasnow|Abomasite
|-weather|Hail
|move|p1a: Abomasnow|Earthquake|p2a: Fuccboii 2.0
|-supereffective|p2a: Fuccboii 2.0
|-damage|p2a: Fuccboii 2.0|0 fnt
|faint|p2a: Fuccboii 2.0
|
|-weather|Hail|[upkeep]
|c| OGWanka|got em
|c|âVBD OTR|:]
|c| r0ady|oh shit
|
|switch|p2a: Fuccboii|Sharpedo, M, shiny|281\/281
|-damage|p2a: Fuccboii|246\/281|[from] Stealth Rock
|turn|18
|c| r0ady|that kills
|c| r0ady|from there
|c| r0ady|i thought that did like half lmao
|
|switch|p1a: Florges|Florges, F|360\/360
|move|p2a: Fuccboii|Protect|p2a: Fuccboii
|-fail|p2a: Fuccboii
|
|-weather|Hail|[upkeep]
|-damage|p2a: Fuccboii|229\/281|[from] hail
|-damage|p1a: Florges|338\/360|[from] hail
|-heal|p1a: Florges|360\/360|[from] item: Leftovers
|-boost|p2a: Fuccboii|spe|1|[from] ability: Speed Boost
|turn|19
|c|âVBD OTR|why even protect lmao
|
|detailschange|p2a: Fuccboii|Sharpedo-Mega, M, shiny
|-mega|p2a: Fuccboii|Sharpedo|Sharpedonite
|move|p2a: Fuccboii|Waterfall|p1a: Florges
|-crit|p1a: Florges
|-damage|p1a: Florges|93\/360
|move|p1a: Florges|Moonblast|p2a: Fuccboii
|-supereffective|p2a: Fuccboii
|-damage|p2a: Fuccboii|0 fnt
|faint|p2a: Fuccboii
|
|-weather|Hail|[upkeep]
|-damage|p1a: Florges|71\/360|[from] hail
|-heal|p1a: Florges|93\/360|[from] item: Leftovers
|
|switch|p2a: Zoom Zoom|Yanmega, M, shiny|283\/314
|-damage|p2a: Zoom Zoom|126\/314|[from] Stealth Rock
|turn|20
|
|move|p2a: Zoom Zoom|Air Slash|p1a: Florges
|-damage|p1a: Florges|0 fnt
|-damage|p2a: Zoom Zoom|95\/314|[from] item: Life Orb
|faint|p1a: Florges
|
|-weather|Hail|[upkeep]
|-damage|p2a: Zoom Zoom|76\/314|[from] hail
|-boost|p2a: Zoom Zoom|spe|1|[from] ability: Speed Boost
|
|switch|p1a: Abomasnow|Abomasnow-Mega, F|384\/384
|turn|21
|c| r0ady|inb4 no ice shard
|c|âVBD OTR|lmoa
|
|move|p1a: Abomasnow|Ice Shard|p2a: Zoom Zoom
|-supereffective|p2a: Zoom Zoom
|-damage|p2a: Zoom Zoom|0 fnt
|faint|p2a: Zoom Zoom
|
|-weather|none
|
|switch|p2a: Ay Der Cune|Vaporeon, F|291\/452
|-damage|p2a: Ay Der Cune|235\/452|[from] Stealth Rock
|turn|22
|c| r0ady|shiba youre really aboma weak
|c|âVBD OTR|everyone is
|c|âVBD OTR|:]
|c|âxShiba|zzz
|c| r0ady|nothing wants to come in on it
|
|move|p2a: Ay Der Cune|Scald|p1a: Abomasnow
|-resisted|p1a: Abomasnow
|-damage|p1a: Abomasnow|333\/384
|move|p1a: Abomasnow|Seed Bomb|p2a: Ay Der Cune
|-supereffective|p2a: Ay Der Cune
|-damage|p2a: Ay Der Cune|0 fnt
|faint|p2a: Ay Der Cune
|
|win|VBD OTR
|raw|Ladder updating...
|raw|VBD OTR's rating: 1493 &rarr; <strong>1515<\/strong><br \/>(+22 for winning)
|raw|xShiba's rating: 1519 &rarr; <strong>1498<\/strong><br \/>(-21 for losing)
|leave|VBD OTR
|leave|OGWanka
|leave|xShiba
|player|p1
|leave|r0ady
|player|p2