|join|SmashBrosBrawl
|join|xShiba
|player|p1|SmashBrosBrawl|101
|player|p2|xShiba|260
|gametype|singles
|gen|6
|tier|UU
|rule|Sleep Clause Mod: Limit one foe put to sleep
|rule|Species Clause: Limit one of each PokÃ©mon
|rule|OHKO Clause: OHKO moves are banned
|rule|Moody Clause: Moody is banned
|rule|Evasion Moves Clause: Evasion moves are banned
|rule|Endless Battle Clause: Forcing endless battles is banned
|rule|HP Percentage Mod: HP is shown in percentages
|clearpoke
|poke|p1|Beedrill, M
|poke|p1|Raikou
|poke|p1|Jirachi
|poke|p1|Swampert, M
|poke|p1|Florges, F
|poke|p1|Crobat, M
|poke|p2|Yanmega, M, shiny
|poke|p2|Sharpedo, M, shiny
|poke|p2|Florges, F, shiny
|poke|p2|Forretress, M
|poke|p2|Zygarde
|poke|p2|Jirachi, shiny
|rule|Swagger Clause: Swagger is banned
|rule|Baton Pass Clause: Limit one PokÃ©mon knowing Baton Pass
|teampreview
|join|Shit User
|join|Nanakai
|c| Shit User|buzzzzzzzz
|join|Kyla's Nightmare
|join|nannerham
|join|i ran away
|
|start
|switch|p1a: Raikou|Raikou|321\/321
|switch|p2a: Call Me Hax God|Jirachi, shiny|341\/341
|-ability|p1a: Raikou|Pressure
|turn|1
|c| Nanakai|buzzzz
|
|move|p2a: Call Me Hax God|Iron Head|p1a: Raikou
|-resisted|p1a: Raikou
|-damage|p1a: Raikou|247\/321
|move|p1a: Raikou|Volt Switch|p2a: Call Me Hax God
|-damage|p2a: Call Me Hax God|208\/341
|c| Nanakai|rekt
|c| Shit User|lol
|
|switch|p1a: Swampert|Swampert, M|401\/401
|
|turn|2
|c| Shit User|first
|c| Shit User|turn
|c| Shit User|already
|c|âxShiba|I wanted that
|c|âxShiba|bad
|
|switch|p2a: Paulie|Forretress, M|354\/354
|move|p1a: Swampert|Scald|p2a: Paulie
|-damage|p2a: Paulie|227\/354
|-status|p2a: Paulie|brn
|
|-heal|p2a: Paulie|249\/354 brn|[from] item: Leftovers
|-damage|p2a: Paulie|205\/354 brn|[from] brn
|turn|3
|c|âSmashBrosBrawl|if i had flinchd
|join|ANGER MANAGEMENT
|leave|ANGER MANAGEMENT
|c|âSmashBrosBrawl|i would legit
|c|âSmashBrosBrawl|forfeit
|join|ANGER MANAGEMENT
|c| Nanakai|SBB why did you not go into florges
|c|âxShiba|lmao
|c| Shit User|lol
|c|âSmashBrosBrawl|and go do something else
|c| Nanakai|Florges tanks jirachi's iron heads
|
|move|p1a: Swampert|Stealth Rock|p2a: Paulie
|-sidestart|p2: xShiba|move: Stealth Rock
|move|p2a: Paulie|Stealth Rock|p1a: Swampert
|-sidestart|p1: SmashBrosBrawl|move: Stealth Rock
|
|-heal|p2a: Paulie|227\/354 brn|[from] item: Leftovers
|-damage|p2a: Paulie|183\/354 brn|[from] brn
|turn|4
|c| Nanakai|smh
|c| Shit User|go to spinblocker
|
|move|p1a: Swampert|Earthquake|p2a: Paulie
|-damage|p2a: Paulie|108\/354 brn
|move|p2a: Paulie|Rapid Spin|p1a: Swampert
|-damage|p1a: Swampert|395\/401
|-sideend|p2: xShiba|Stealth Rock|[from] move: Rapid Spin|[of] p2a: Paulie
|
|-heal|p1a: Swampert|401\/401|[from] item: Leftovers
|-heal|p2a: Paulie|130\/354 brn|[from] item: Leftovers
|-damage|p2a: Paulie|86\/354 brn|[from] brn
|turn|5
|
|switch|p2a: Bopped|Yanmega, M, shiny|314\/314
|move|p1a: Swampert|Stealth Rock|p2a: Bopped
|-sidestart|p2: xShiba|move: Stealth Rock
|
|turn|6
|c| Nanakai|Like
|c| Nanakai|Iron head is a 8HKO
|c| Shit User|why would you
|c| Shit User|ok
|c| Nanakai|Possible 9HKO
|c| Shit User|i would have sacked to get up rocks
|
|switch|p1a: Florges|Florges, F|360\/360
|-damage|p1a: Florges|315\/360|[from] Stealth Rock
|move|p2a: Bopped|Giga Drain|p1a: Florges
|-crit|p1a: Florges
|-damage|p1a: Florges|189\/360
|-damage|p2a: Bopped|283\/314|[from] item: Life Orb
|
|-heal|p1a: Florges|211\/360|[from] item: Leftovers
|-boost|p2a: Bopped|spe|1|[from] ability: Speed Boost
|turn|7
|c| Shit User|flinch
|c| Shit User|i believe
|
|move|p2a: Bopped|Bug Buzz|p1a: Florges
|-resisted|p1a: Florges
|-damage|p1a: Florges|133\/360
|-damage|p2a: Bopped|252\/314|[from] item: Life Orb
|move|p1a: Florges|Synthesis|p1a: Florges
|-heal|p1a: Florges|313\/360
|
|-heal|p1a: Florges|335\/360|[from] item: Leftovers
|-boost|p2a: Bopped|spe|1|[from] ability: Speed Boost
|turn|8
|join|feng the bob
|c| Shit User|nice
|c| Shit User|buzz
|c|âxShiba|zzz
|c| Shit User|buzz
|c| Shit User|buzz
|c| Shit User|buzz
|c|âxShiba|idk why i expected a swtich there
|c|âxShiba|tbh
|c|âxShiba|switch*
|c|âSmashBrosBrawl|because ure bad
|c| Shit User|what did you expecr
|c|âSmashBrosBrawl|and rely on hax
|c|âxShiba|SBB pls
|c| Shit User|rachi?
|c| Shit User|he didnt
|c| Shit User|rely on hax
|c| Shit User|in his defence
|
|switch|p2a: Nightshade|Florges, F, shiny|360\/360
|-damage|p2a: Nightshade|315\/360|[from] Stealth Rock
|move|p1a: Florges|Moonblast|p2a: Nightshade
|-damage|p2a: Nightshade|225\/360
|
|-heal|p2a: Nightshade|247\/360|[from] item: Leftovers
|-heal|p1a: Florges|357\/360|[from] item: Leftovers
|turn|9
|c| Shit User|the
|c| Shit User|set up
|c| Shit User|fodder
|c| Shit User|xdd
|
|switch|p1a: Crobat|Crobat, M|340\/340
|-damage|p1a: Crobat|255\/340|[from] Stealth Rock
|move|p2a: Nightshade|Wish|p2a: Nightshade
|
|-heal|p1a: Crobat|276\/340|[from] item: Black Sludge
|-heal|p2a: Nightshade|269\/360|[from] item: Leftovers
|turn|10
|c| Shit User|let him pass
|c| Shit User|let him pass
|
|switch|p2a: Call Me Hax God|Jirachi, shiny|208\/341
|-damage|p2a: Call Me Hax God|187\/341|[from] Stealth Rock
|move|p1a: Crobat|Brave Bird|p2a: Call Me Hax God
|-resisted|p2a: Call Me Hax God
|-damage|p2a: Call Me Hax God|110\/341
|-damage|p1a: Crobat|251\/340|[from] recoil|[of] p2a: Call Me Hax God
|
|-heal|p2a: Call Me Hax God|290\/341|[from] move: Wish|[wisher] Nightshade
|-heal|p1a: Crobat|272\/340|[from] item: Black Sludge
|turn|11
|c| Nanakai|Baton pass
|c| Nanakai|Why no baton pass florges?
|join|Dustyparker13
|c| Nanakai|tsk
|leave|Dustyparker13
|
|move|p2a: Call Me Hax God|Iron Head|p1a: Crobat
|-damage|p1a: Crobat|139\/340
|move|p1a: Crobat|Roost|p1a: Crobat
|-heal|p1a: Crobat|309\/340
|
|-heal|p1a: Crobat|330\/340|[from] item: Black Sludge
|turn|12
|c| Shit User|where are all the beedrill weak teams
|c| Shit User|LOL
|c| Shit User|these flinches
|
|move|p2a: Call Me Hax God|Iron Head|p1a: Crobat
|-damage|p1a: Crobat|189\/340
|move|p1a: Crobat|Brave Bird|p2a: Call Me Hax God
|-resisted|p2a: Call Me Hax God
|-damage|p2a: Call Me Hax God|215\/341
|-damage|p1a: Crobat|164\/340|[from] recoil|[of] p2a: Call Me Hax God
|
|-heal|p1a: Crobat|185\/340|[from] item: Black Sludge
|turn|13
|c| Shit User|sbb
|c| Shit User|what the fuck
|c| Shit User|r u
|c| Shit User|doing
|c|âxShiba|inner focus
|c|âxShiba|zzz
|
|move|p2a: Call Me Hax God|Iron Head|p1a: Crobat
|-damage|p1a: Crobat|49\/340
|move|p1a: Crobat|Roost|p1a: Crobat
|-heal|p1a: Crobat|219\/340
|
|-heal|p1a: Crobat|240\/340|[from] item: Black Sludge
|turn|14
|c|âSmashBrosBrawl|stop zzing
|c| Shit User|kek
|c|âSmashBrosBrawl|you fucking trash
|c| Shit User|xdddd
|
|move|p2a: Call Me Hax God|Iron Head|p1a: Crobat
|-damage|p1a: Crobat|102\/340
|move|p1a: Crobat|Roost|p1a: Crobat
|-heal|p1a: Crobat|272\/340
|
|-heal|p1a: Crobat|293\/340|[from] item: Black Sludge
|turn|15
|c| Nanakai|omg
|c| Shit User|didnt even know
|
|move|p2a: Call Me Hax God|Iron Head|p1a: Crobat
|-damage|p1a: Crobat|145\/340
|move|p1a: Crobat|Roost|p1a: Crobat
|-heal|p1a: Crobat|315\/340
|
|-heal|p1a: Crobat|336\/340|[from] item: Black Sludge
|turn|16
|c| Shit User|inner focus bat was huge
|c| Shit User|omg
|leave|no flinches today
|
|switch|p2a: Paulie|Forretress, M|86\/354 brn
|-damage|p2a: Paulie|42\/354 brn|[from] Stealth Rock
|move|p1a: Crobat|Defog|p2a: Paulie
|-unboost|p2a: Paulie|evasion|1
|-sideend|p2: xShiba|Stealth Rock|[from] move: Defog|[of] p2a: Paulie
|-sideend|p1: SmashBrosBrawl|Stealth Rock|[from] move: Defog|[of] p1a: Crobat
|
|-heal|p1a: Crobat|340\/340|[from] item: Black Sludge
|-heal|p2a: Paulie|64\/354 brn|[from] item: Leftovers
|-damage|p2a: Paulie|20\/354 brn|[from] brn
|turn|17
|join|no flinches today
|c| feng the bob|shiba i swear to god ur teams are shit
|
|move|p1a: Crobat|Brave Bird|p2a: Paulie
|-damage|p2a: Paulie|0 fnt
|-damage|p1a: Crobat|333\/340|[from] recoil|[of] p2a: Paulie
|faint|p2a: Paulie
|
|-heal|p1a: Crobat|340\/340|[from] item: Black Sludge
|c| Shit User|outplaued
|c| Shit User|is that dads dad
|c|âSmashBrosBrawl|y
|c| Shit User|hi dads dad
|c| feng the bob|lol
|c| feng the bob|hi shit user
|c| Shit User|hi dads dad
|c| feng the bob|hi shit user
|c|âxShiba|dadsdad critiques my team a lot
|c| Shit User|hi dads dad
|c| feng the bob|hi shit user
|c| Shit User|hi dads dad
|
|switch|p2a: BL Where|Zygarde|404\/404
|-ability|p2a: BL Where|Aura Break
|turn|18
|join|Convex Hull
|c| feng the bob|i do it because i want u to get better shiba
|c| Nanakai|Ice fang
|c| feng the bob|hi shit user
|c| Nanakai|pls
|
|move|p1a: Crobat|Taunt|p2a: BL Where
|-start|p2a: BL Where|move: Taunt
|cant|p2a: BL Where|move: Taunt|Substitute
|
|turn|19
|c| Shit User|hi dads dad
|c| Nanakai|rekt
|join|Jamel
|c| feng the bob|hi shit user
|c| Shit User|hi dads dad
|
|switch|p2a: Call Me Hax God|Jirachi, shiny|215\/341
|move|p1a: Crobat|Brave Bird|p2a: Call Me Hax God
|-resisted|p2a: Call Me Hax God
|-damage|p2a: Call Me Hax God|131\/341
|-damage|p1a: Crobat|312\/340|[from] recoil|[of] p2a: Call Me Hax God
|
|-heal|p1a: Crobat|333\/340|[from] item: Black Sludge
|turn|20
|c| Shit User|this crobat
|c| Nanakai|Should have U-turned
|c| Shit User|is a hoe
|c| Shit User|implying
|c| ANGER MANAGEMENT|zen
|c| Shit User|he has
|c| feng the bob|im a whore
|c| Shit User|u turn
|join|Yuhi Sachiko
|c| Nanakai|He does
|c| Shit User|taunt roost defog bb nerd
|
|switch|p2a: BL Where|Zygarde|404\/404
|-ability|p2a: BL Where|Aura Break
|switch|p1a: Swampert|Swampert, M|401\/401
|
|turn|21
|c| Shit User|he just revealed
|c| feng the bob|after seeing how good toxic crobat is i dont even run u-turn
|c| Nanakai|Banded imo
|c|âSmashBrosBrawl|no zen
|c|âSmashBrosBrawl|ok
|
|move|p2a: BL Where|Dragon Tail|p1a: Swampert
|-damage|p1a: Swampert|343\/401
|drag|p1a: Beedrill|Beedrill, M|271\/271
|
|turn|22
|c| Shit User|hes prolly
|c| Shit User|trick wish
|c| feng the bob|lol
|c| Shit User|buzzzzzzz
|join|beppityboopbop
|c| Shit User|buzzzzzzz
|c| feng the bob|that sounds cancerous
|
|switch|p1a: Florges|Florges, F|357\/360
|move|p2a: BL Where|Coil|p2a: BL Where
|-boost|p2a: BL Where|atk|1
|-boost|p2a: BL Where|def|1
|-boost|p2a: BL Where|accuracy|1
|
|-heal|p1a: Florges|360\/360|[from] item: Leftovers
|turn|23
|c| feng the bob|hi shit user
|c| Shit User|i meant healing wish
|c| Shit User|hi dads dad
|c| Shit User|buzzzzzzz
|c| Nanakai|bzzzzzzzzzzzzzzzzzzzzzzzzzzzzzz
|c| Nanakai|bzzzzzzzzzzzzzzzzzzzzzzzzzzzzzz
|c| Shit User|buzzzzzzz
|join|poonHunter (DD)
|c| Shit User|wait no bee
|c| Shit User|:[
|
|move|p2a: BL Where|Substitute|p2a: BL Where
|-start|p2a: BL Where|Substitute
|-damage|p2a: BL Where|303\/404
|move|p1a: Florges|Moonblast|p2a: BL Where
|-supereffective|p2a: BL Where
|-end|p2a: BL Where|Substitute
|
|-heal|p2a: BL Where|328\/404|[from] item: Leftovers
|turn|24
|c| Shit User|subbing is such a waste
|
|switch|p2a: Call Me Hax God|Jirachi, shiny|131\/341
|move|p1a: Florges|Moonblast|p2a: Call Me Hax God
|-resisted|p2a: Call Me Hax God
|-damage|p2a: Call Me Hax God|70\/341
|
|turn|25
|c| Shit User|lol
|c| feng the bob|i beedrillin that asshole
|
|switch|p1a: Swampert|Swampert, M|343\/401
|move|p2a: Call Me Hax God|U-turn|p1a: Swampert
|-damage|p1a: Swampert|289\/401
|c| Shit User|you mean sniperaims
|c| feng the bob|lol wtf
|c| feng the bob|hes not latino
|
|switch|p2a: Bopped|Yanmega, M, shiny|252\/314
|
|-heal|p1a: Swampert|314\/401|[from] item: Leftovers
|turn|26
|c| feng the bob|or latina
|c| feng the bob|so fk him
|c| Shit User|mmmm
|
|switch|p1a: Florges|Florges, F|360\/360
|move|p2a: Bopped|Giga Drain|p1a: Florges
|-damage|p1a: Florges|283\/360
|-heal|p2a: Bopped|291\/314|[from] drain|[of] p1a: Florges
|-damage|p2a: Bopped|260\/314|[from] item: Life Orb
|
|-heal|p1a: Florges|305\/360|[from] item: Leftovers
|-boost|p2a: Bopped|spe|1|[from] ability: Speed Boost
|turn|27
|c| Shit User|is that your girls name
|c| Shit User|latina
|c| Shit User|the latina
|c| feng the bob|no
|c| Shit User|o
|
|move|p2a: Bopped|Air Slash|p1a: Florges
|-damage|p1a: Florges|192\/360
|-damage|p2a: Bopped|229\/314|[from] item: Life Orb
|cant|p1a: Florges|flinch
|
|-heal|p1a: Florges|214\/360|[from] item: Leftovers
|-boost|p2a: Bopped|spe|1|[from] ability: Speed Boost
|turn|28
|c| Shit User|is he a latino
|c| feng the bob|beverly
|c|âSmashBrosBrawl|.
|c|âxShiba|ez
|
|move|p2a: Bopped|Air Slash|p1a: Florges
|-damage|p1a: Florges|85\/360
|-damage|p2a: Bopped|198\/314|[from] item: Life Orb
|move|p1a: Florges|Synthesis|p1a: Florges
|-heal|p1a: Florges|265\/360
|
|-heal|p1a: Florges|287\/360|[from] item: Leftovers
|-boost|p2a: Bopped|spe|1|[from] ability: Speed Boost
|turn|29
|c| Shit User|beverly is such a trashy name
|c| feng the bob|lol
|c| feng the bob|shes a good girl
|
|switch|p2a: Nightshade|Florges, F, shiny|269\/360
|move|p1a: Florges|Synthesis|p1a: Florges
|-heal|p1a: Florges|360\/360
|
|-heal|p2a: Nightshade|291\/360|[from] item: Leftovers
|turn|30
|c| Shit User|you
|c| Shit User|hope
|leave|poonHunter (DD)
|c| feng the bob|not like your whore mother
|c| Shit User|well
|c| Shit User|not really
|
|switch|p1a: Beedrill|Beedrill, M|271\/271
|move|p2a: Nightshade|Wish|p2a: Nightshade
|
|-heal|p2a: Nightshade|313\/360|[from] item: Leftovers
|turn|31
|c| Shit User|ima pretend that was directed at sbb
|c| feng the bob|lol
|
|switch|p2a: BL Where|Zygarde|328\/404
|-ability|p2a: BL Where|Aura Break
|detailschange|p1a: Beedrill|Beedrill-Mega, M
|message|Beedrill has Mega Evolved into Mega Beedrill!
|move|p1a: Beedrill|U-turn|p2a: BL Where
|-damage|p2a: BL Where|162\/404
|c| Shit User|buzzz
|c| Shit User|buzzz
|c| Shit User|buzzz
|c| Shit User|buzzz
|c| Shit User|buzzz
|c| Shit User|buzzz
|c| Shit User|buzzz
|
|switch|p1a: Crobat|Crobat, M|333\/340
|
|-heal|p2a: BL Where|342\/404|[from] move: Wish|[wisher] Nightshade
|-heal|p1a: Crobat|340\/340|[from] item: Black Sludge
|-heal|p2a: BL Where|367\/404|[from] item: Leftovers
|turn|32
|c| Shit User|buzzz
|c| Shit User|buzzz
|c| Nanakai|bzzzzzzzzzzzzzzzzzzzzzzzzzzzzzz
|c| Nanakai|bzzzzzzzzzzzzzzzzzzzzzzzzzzzzzz
|c| Nanakai|bzzzzzzzzzzzzzzzzzzzzzzzzzzzzzz
|c| feng the bob|i beedrillin that asshole
|c| Nanakai|bzzzzzzzzzzzzzzzzzzzzzzzzzzzzzz
|c| Nanakai|bzzzzzzzzzzzzzzzzzzzzzzzzzzzzzz
|c| feng the bob|i beedrillin that asshole
|c| feng the bob|i beedrillin that asshole
|c| feng the bob|i beedrillin that asshole
|
|move|p1a: Crobat|Taunt|p2a: BL Where
|-start|p2a: BL Where|move: Taunt
|move|p2a: BL Where|Dragon Tail|p1a: Crobat
|-damage|p1a: Crobat|262\/340
|drag|p1a: Florges|Florges, F|360\/360
|
|-heal|p2a: BL Where|392\/404|[from] item: Leftovers
|turn|33
|c| feng the bob|i beedrillin that asshole
|c| Shit User|perfect
|
|switch|p2a: Nightshade|Florges, F, shiny|313\/360
|move|p1a: Florges|Moonblast|p2a: Nightshade
|-damage|p2a: Nightshade|234\/360
|-unboost|p2a: Nightshade|spa|1
|
|-heal|p2a: Nightshade|256\/360|[from] item: Leftovers
|turn|34
|join|ala dlei
|c| Shit User|poifect
|c| Nanakai|ayy
|
|switch|p1a: Swampert|Swampert, M|314\/401
|move|p2a: Nightshade|Wish|p2a: Nightshade
|
|-heal|p2a: Nightshade|278\/360|[from] item: Leftovers
|-heal|p1a: Swampert|339\/401|[from] item: Leftovers
|turn|35
|
|move|p2a: Nightshade|Calm Mind|p2a: Nightshade
|-boost|p2a: Nightshade|spa|1
|-boost|p2a: Nightshade|spd|1
|move|p1a: Swampert|Stealth Rock|p2a: Nightshade
|-sidestart|p2: xShiba|move: Stealth Rock
|
|-heal|p2a: Nightshade|360\/360|[from] move: Wish|[wisher] Nightshade
|-heal|p1a: Swampert|364\/401|[from] item: Leftovers
|turn|36
|c| Shit User|o
|c| Shit User|xd
|
|switch|p1a: Jirachi|Jirachi|341\/341
|move|p2a: Nightshade|Wish|p2a: Nightshade
|
|turn|37
|c| ANGER MANAGEMENT|cm florges catching on
|
|switch|p1a: Crobat|Crobat, M|262\/340
|switch|p2a: Call Me Hax God|Jirachi, shiny|70\/341
|-damage|p2a: Call Me Hax God|49\/341|[from] Stealth Rock
|
|-heal|p2a: Call Me Hax God|229\/341|[from] move: Wish|[wisher] Nightshade
|-heal|p1a: Crobat|283\/340|[from] item: Black Sludge
|turn|38
|c| Shit User|he has to turn
|join|Frickett
|c| Shit User|WHY
|join|FlederMau5
|
|switch|p2a: BL Where|Zygarde|392\/404
|-damage|p2a: BL Where|367\/404|[from] Stealth Rock
|-ability|p2a: BL Where|Aura Break
|move|p1a: Crobat|Roost|p1a: Crobat
|-heal|p1a: Crobat|340\/340
|
|-heal|p2a: BL Where|392\/404|[from] item: Leftovers
|turn|39
|c| Shit User|why would you hard switch
|c| Shit User|why would you hard switch
|c| Nanakai|lmao
|leave|Convex Hull
|c| Shit User|that made no fucking sense
|c| Nanakai|that's not a hard switch
|c|âSmashBrosBrawl|because this thing is broken af
|
|move|p1a: Crobat|Taunt|p2a: BL Where
|-start|p2a: BL Where|move: Taunt
|move|p2a: BL Where|Earthquake|p1a: Crobat
|-immune|p1a: Crobat|[msg]
|
|-heal|p2a: BL Where|404\/404|[from] item: Leftovers
|turn|40
|c| feng the bob|why are you losing to shiba
|c|âxShiba|rip
|c| Shit User|why didnt you u turn
|c|âSmashBrosBrawl|what uturn
|
|move|p1a: Crobat|Brave Bird|p2a: BL Where
|-damage|p2a: BL Where|275\/404
|-damage|p1a: Crobat|297\/340|[from] recoil|[of] p2a: BL Where
|move|p2a: BL Where|Earthquake|p1a: Crobat
|-immune|p1a: Crobat|[msg]
|
|-heal|p1a: Crobat|318\/340|[from] item: Black Sludge
|-heal|p2a: BL Where|300\/404|[from] item: Leftovers
|turn|41
|c| Shit User|o
|c|âxShiba|switch to florges pls
|c| Shit User|but your team
|
|switch|p2a: Call Me Hax God|Jirachi, shiny|229\/341
|-damage|p2a: Call Me Hax God|208\/341|[from] Stealth Rock
|move|p1a: Crobat|Brave Bird|p2a: Call Me Hax God
|-resisted|p2a: Call Me Hax God
|-damage|p2a: Call Me Hax God|136\/341
|-damage|p1a: Crobat|294\/340|[from] recoil|[of] p2a: Call Me Hax God
|
|-heal|p1a: Crobat|315\/340|[from] item: Black Sludge
|turn|42
|c| Shit User|it looks like scarf rachi
|c| feng the bob|why didnt u fire punch or something
|
|move|p2a: Call Me Hax God|U-turn|p1a: Crobat
|-resisted|p1a: Crobat
|-damage|p1a: Crobat|294\/340
|c|âSmashBrosBrawl|i cant give zygarde
|c|âSmashBrosBrawl|one single free turn
|
|switch|p2a: BL Where|Zygarde|300\/404
|-damage|p2a: BL Where|275\/404|[from] Stealth Rock
|-ability|p2a: BL Where|Aura Break
|move|p1a: Crobat|Roost|p1a: Crobat
|-heal|p1a: Crobat|340\/340
|
|-heal|p2a: BL Where|300\/404|[from] item: Leftovers
|turn|43
|c| Shit User|yuh i see why
|c| Shit User|you didnt fire punch
|c| Shit User|but you look like fkn
|c| feng the bob|this is why i run toxic crobat
|c| Shit User|scarf rachi
|
|move|p1a: Crobat|Taunt|p2a: BL Where
|-start|p2a: BL Where|move: Taunt
|move|p2a: BL Where|Dragon Tail|p1a: Crobat
|-damage|p1a: Crobat|258\/340
|drag|p1a: Beedrill|Beedrill-Mega, M|271\/271
|
|-heal|p2a: BL Where|325\/404|[from] item: Leftovers
|turn|44
|c| Shit User|unless ur fkn garbage
|c| Shit User|and running
|
|move|p1a: Beedrill|U-turn|p2a: BL Where
|-damage|p2a: BL Where|169\/404
|
|switch|p1a: Crobat|Crobat, M|258\/340
|move|p2a: BL Where|Earthquake|p1a: Crobat
|-immune|p1a: Crobat|[msg]
|
|-heal|p1a: Crobat|279\/340|[from] item: Black Sludge
|-heal|p2a: BL Where|194\/404|[from] item: Leftovers
|turn|45
|c| Shit User|scarf  raikou
|
|move|p1a: Crobat|Brave Bird|p2a: BL Where
|-damage|p2a: BL Where|56\/404
|-damage|p1a: Crobat|233\/340|[from] recoil|[of] p2a: BL Where
|move|p2a: BL Where|Dragon Tail|p1a: Crobat
|-damage|p1a: Crobat|151\/340
|drag|p1a: Raikou|Raikou|247\/321
|-ability|p1a: Raikou|Pressure
|
|-heal|p2a: BL Where|81\/404|[from] item: Leftovers
|-end|p2a: BL Where|move: Taunt
|turn|46
|c| feng the bob|raikou is so weak
|
|move|p1a: Raikou|Hidden Power|p2a: BL Where
|-supereffective|p2a: BL Where
|-damage|p2a: BL Where|0 fnt
|faint|p2a: BL Where
|
|c|âSmashBrosBrawl|finally
|c| Shit User|i bet hes
|c|âSmashBrosBrawl|goddam
|c| Shit User|scarf raikou
|c| feng the bob|can never ohko vaporeon
|
|switch|p2a: Call Me Hax God|Jirachi, shiny|136\/341
|-damage|p2a: Call Me Hax God|115\/341|[from] Stealth Rock
|turn|47
|c| Shit User|how it was s rank
|c| Shit User|im not sure
|
|switch|p1a: Swampert|Swampert, M|364\/401
|move|p2a: Call Me Hax God|Iron Head|p1a: Swampert
|-resisted|p1a: Swampert
|-damage|p1a: Swampert|316\/401
|
|-heal|p1a: Swampert|341\/401|[from] item: Leftovers
|turn|48
|c| feng the bob|252 SpA Choice Specs Raikou Thunderbolt vs. 192 HP \/ 76+ SpD Vaporeon: 356-420 (79.2 - 93.5%) -- guaranteed 2HKO after Leftovers recovery
|
|switch|p2a: Nightshade|Florges, F, shiny|360\/360
|-damage|p2a: Nightshade|315\/360|[from] Stealth Rock
|move|p1a: Swampert|Scald|p2a: Nightshade
|-damage|p2a: Nightshade|254\/360
|
|-heal|p2a: Nightshade|276\/360|[from] item: Leftovers
|-heal|p1a: Swampert|366\/401|[from] item: Leftovers
|turn|49
|c| feng the bob|raikou was s rank?
|c| Shit User|what spread crobat is that
|c| Shit User|btw
|
|switch|p1a: Jirachi|Jirachi|341\/341
|move|p2a: Nightshade|Moonblast|p1a: Jirachi
|-resisted|p1a: Jirachi
|-damage|p1a: Jirachi|278\/341
|-unboost|p1a: Jirachi|spa|1
|
|-heal|p2a: Nightshade|298\/360|[from] item: Leftovers
|turn|50
|c| Shit User|in bw uu
|c| feng the bob|o
|join|sdasdsadasda
|leave|beppityboopbop
|join|beppityboopbop
|
|move|p1a: Jirachi|Iron Head|p2a: Nightshade
|-supereffective|p2a: Nightshade
|-damage|p2a: Nightshade|68\/360
|cant|p2a: Nightshade|flinch
|
|-heal|p2a: Nightshade|90\/360|[from] item: Leftovers
|turn|51
|c| feng the bob|not as much power creep back then tho
|
|switch|p2a: Call Me Hax God|Jirachi, shiny|115\/341
|-damage|p2a: Call Me Hax God|94\/341|[from] Stealth Rock
|move|p1a: Jirachi|Iron Head|p2a: Call Me Hax God
|-resisted|p2a: Call Me Hax God
|-damage|p2a: Call Me Hax God|42\/341
|
|turn|52
|c| Shit User|nah but
|c| ANGER MANAGEMENT|no skill sbb
|c| Shit User|even still
|c|âSmashBrosBrawl|stfu
|c| feng the bob|why are you weaker than scarf rachi
|c|âSmashBrosBrawl|pls
|c| Shit User|what scarf rachi is that
|c| ANGER MANAGEMENT|fuckin hypocrite
|c| Shit User|like
|c|âSmashBrosBrawl|thats not
|c|âSmashBrosBrawl|scarf rachi
|c|âSmashBrosBrawl|.-.
|c| feng the bob|its ebelt
|
|switch|p1a: Swampert|Swampert, M|366\/401
|move|p2a: Call Me Hax God|Fire Punch|p1a: Swampert
|-resisted|p1a: Swampert
|-damage|p1a: Swampert|338\/401
|
|-heal|p1a: Swampert|363\/401|[from] item: Leftovers
|turn|53
|c| Shit User|o
|c| feng the bob|but thats weak as fuck
|c| Shit User|expert
|
|switch|p2a: Nightshade|Florges, F, shiny|90\/360
|-damage|p2a: Nightshade|45\/360|[from] Stealth Rock
|move|p1a: Swampert|Scald|p2a: Nightshade
|-damage|p2a: Nightshade|0 fnt
|faint|p2a: Nightshade
|
|-heal|p1a: Swampert|388\/401|[from] item: Leftovers
|c| Shit User|belt
|c| feng the bob|are you like -atk
|c| feng the bob|?
|c| Shit User|swampert
|c|âSmashBrosBrawl|no
|c| Shit User|killed something
|c|âSmashBrosBrawl|lol
|c| Shit User|xd
|
|switch|p2a: Fuccboii|Sharpedo, M, shiny|281\/281
|-damage|p2a: Fuccboii|246\/281|[from] Stealth Rock
|turn|54
|c| Shit User|hes probably not
|c| Shit User|max invest
|c| Kyla's Nightmare|rip
|c| Shit User|or hes low invest
|
|move|p2a: Fuccboii|Protect|p2a: Fuccboii
|-singleturn|p2a: Fuccboii|Protect
|move|p1a: Swampert|Earthquake|p2a: Fuccboii
|-activate|p2a: Fuccboii|Protect
|
|-heal|p1a: Swampert|401\/401|[from] item: Leftovers
|-boost|p2a: Fuccboii|spe|1|[from] ability: Speed Boost
|turn|55
|c| Kyla's Nightmare|xshiba
|c| Shit User|punch these hole
|
|switch|p2a: Bopped|Yanmega, M, shiny|198\/314
|-damage|p2a: Bopped|41\/314|[from] Stealth Rock
|move|p1a: Swampert|Earthquake|p2a: Bopped
|-immune|p2a: Bopped|[msg]
|
|turn|56
|c| Shit User|holes
|join|DaidZillon
|c| Shit User|mmm
|
|switch|p1a: Florges|Florges, F|360\/360
|move|p2a: Bopped|Giga Drain|p1a: Florges
|-damage|p1a: Florges|283\/360
|-heal|p2a: Bopped|80\/314|[from] drain|[of] p1a: Florges
|-damage|p2a: Bopped|49\/314|[from] item: Life Orb
|
|-heal|p1a: Florges|305\/360|[from] item: Leftovers
|-boost|p2a: Bopped|spe|1|[from] ability: Speed Boost
|turn|57
|c| Shit User|nice double
|leave|DaidZillon
|c|âxShiba|yeah its pretty much just preventing the 6-0 at this point
|c| feng the bob|im still waiting to beedrill spam
|c| feng the bob|zzz
|
|move|p2a: Bopped|Air Slash|p1a: Florges
|-damage|p1a: Florges|175\/360
|-damage|p2a: Bopped|18\/314|[from] item: Life Orb
|cant|p1a: Florges|flinch
|
|-heal|p1a: Florges|197\/360|[from] item: Leftovers
|-boost|p2a: Bopped|spe|1|[from] ability: Speed Boost
|turn|58
|c| Shit User|keep
|c| Shit User|flinching
|
|move|p2a: Bopped|Air Slash|p1a: Florges
|-damage|p1a: Florges|75\/360
|-damage|p2a: Bopped|0 fnt|[from] item: Life Orb
|faint|p2a: Bopped
|move|p1a: Florges|Synthesis|p1a: Florges
|-heal|p1a: Florges|255\/360
|
|-heal|p1a: Florges|277\/360|[from] item: Leftovers
|join|DanBops
|c|âSmashBrosBrawl|n0
|c| Shit User|:[
|c| feng the bob|not real
|c| feng the bob|lol
|
|switch|p2a: Fuccboii|Sharpedo, M, shiny|246\/281
|-damage|p2a: Fuccboii|211\/281|[from] Stealth Rock
|turn|59
|c| Shit User|stop haxing him
|c| beppityboopbop|when did florges get synth hello?
|c| feng the bob|or\/as
|c| beppityboopbop|is that an oras move?
|c| Shit User|oras
|c| beppityboopbop|nb
|c| Shit User|its for those nerds
|
|move|p2a: Fuccboii|Protect|p2a: Fuccboii
|-singleturn|p2a: Fuccboii|Protect
|move|p1a: Florges|Moonblast|p2a: Fuccboii
|-activate|p2a: Fuccboii|Protect
|
|-heal|p1a: Florges|299\/360|[from] item: Leftovers
|-boost|p2a: Fuccboii|spe|1|[from] ability: Speed Boost
|turn|60
|c| Shit User|who think cm florg
|c| Shit User|is a set
|c| Shit User|(its not)
|
|detailschange|p2a: Fuccboii|Sharpedo-Mega, M, shiny
|message|Sharpedo has Mega Evolved into Mega Sharpedo!
|move|p2a: Fuccboii|Ice Fang|p1a: Florges
|-damage|p1a: Florges|146\/360
|move|p1a: Florges|Moonblast|p2a: Fuccboii
|-supereffective|p2a: Fuccboii
|-damage|p2a: Fuccboii|0 fnt
|faint|p2a: Fuccboii
|
|-heal|p1a: Florges|168\/360|[from] item: Leftovers
|c|âxShiba|freeze here
|c| ANGER MANAGEMENT|it is
|c| Shit User|its not
|c|âSmashBrosBrawl|literally went
|
|switch|p2a: Call Me Hax God|Jirachi, shiny|42\/341
|-damage|p2a: Call Me Hax God|21\/341|[from] Stealth Rock
|turn|61
|c| Shit User|a good one
|c|âSmashBrosBrawl|for freeze
|
|switch|p1a: Swampert|Swampert, M|401\/401
|move|p2a: Call Me Hax God|Iron Head|p1a: Swampert
|-resisted|p1a: Swampert
|-damage|p1a: Swampert|353\/401
|
|-heal|p1a: Swampert|378\/401|[from] item: Leftovers
|turn|62
|c| feng the bob|cm florges is so bad lol
|c| feng the bob|:^
|c|âxShiba|kek
|c| ANGER MANAGEMENT|it can beat cmer w\/o psyshock
|c| Shit User|it really is quite shit
|-message|xShiba forfeited.
|
|win|SmashBrosBrawl
|c| ANGER MANAGEMENT|not saying its great
|join|trevor ellis
|c| ANGER MANAGEMENT|but it's not terrible
|c| Shit User|cmer?
|leave|SmashBrosBrawl
|player|p1
|leave|sdasdsadasda
|leave|Kyla's Nightmare
|leave|feng the bob
|leave|ANGER MANAGEMENT
|leave|DanBops
|leave|xShiba
|player|p2
|leave|Shit User
|leave|Frickett
|leave|i ran away
|leave|ala dlei
|leave|FlederMau5