|join|xShiba
|join|captaintoiletpants
|player|p1|xShiba|260
|player|p2|captaintoiletpants|238
|gametype|singles
|gen|6
|tier|UU
|rated
|rule|Sleep Clause Mod: Limit one foe put to sleep
|rule|Species Clause: Limit one of each PokÃ©mon
|rule|OHKO Clause: OHKO moves are banned
|rule|Moody Clause: Moody is banned
|rule|Evasion Moves Clause: Evasion moves are banned
|rule|Endless Battle Clause: Forcing endless battles is banned
|rule|HP Percentage Mod: HP is shown in percentages
|clearpoke
|poke|p1|Aerodactyl, M
|poke|p1|Hydreigon, M, shiny
|poke|p1|Porygon-Z, shiny
|poke|p1|Mienshao, M
|poke|p1|Starmie, shiny
|poke|p1|Celebi
|poke|p2|Vileplume, F
|poke|p2|Vaporeon, F
|poke|p2|Heliolisk, M
|poke|p2|Zygarde
|poke|p2|Forretress, F
|poke|p2|Aerodactyl, M
|rule|Swagger Clause: Swagger is banned
|rule|Baton Pass Clause: Limit one PokÃ©mon knowing Baton Pass
|teampreview
|
|start
|switch|p1a: Wrecking Face|Porygon-Z, shiny|311\/311
|switch|p2a: Dfap|Heliolisk, M|266\/266
|turn|1
|
|move|p2a: Dfap|Volt Switch|p1a: Wrecking Face
|-damage|p1a: Wrecking Face|175\/311
|
|switch|p2a: kora|Vaporeon, F|464\/464
|move|p1a: Wrecking Face|Tri Attack|p2a: kora
|-damage|p2a: kora|226\/464
|
|-heal|p2a: kora|255\/464|[from] item: Leftovers
|turn|2
|
|move|p1a: Wrecking Face|Tri Attack|p2a: kora
|-damage|p2a: kora|7\/464
|move|p2a: kora|Scald|p1a: Wrecking Face
|-damage|p1a: Wrecking Face|42\/311
|-status|p1a: Wrecking Face|brn
|
|-heal|p2a: kora|36\/464|[from] item: Leftovers
|-damage|p1a: Wrecking Face|4\/311 brn|[from] brn
|turn|3
|
|move|p2a: kora|Protect|p2a: kora
|-singleturn|p2a: kora|Protect
|move|p1a: Wrecking Face|Tri Attack|p2a: kora
|-activate|p2a: kora|Protect
|
|-heal|p2a: kora|65\/464|[from] item: Leftovers
|-damage|p1a: Wrecking Face|0 fnt|[from] brn
|faint|p1a: Wrecking Face
|
|switch|p1a: Ultimate Terror|Aerodactyl, M|301\/301
|-ability|p1a: Ultimate Terror|Unnerve|p2: captaintoiletpants
|turn|4
|
|detailschange|p1a: Ultimate Terror|Aerodactyl-Mega, M
|message|Aerodactyl has Mega Evolved into Mega Aerodactyl!
|move|p1a: Ultimate Terror|Earthquake|p2a: kora
|-damage|p2a: kora|0 fnt
|faint|p2a: kora
|
|
|switch|p2a: gen V OU|Forretress, F|354\/354
|turn|5
|
|switch|p1a: 5-Star'd|Starmie, shiny|324\/324
|move|p2a: gen V OU|Stealth Rock|p1a: 5-Star'd
|-sidestart|p1: xShiba|move: Stealth Rock
|
|turn|6
|
|switch|p2a: Dfap|Heliolisk, M|266\/266
|move|p1a: 5-Star'd|Rapid Spin|p2a: Dfap
|-damage|p2a: Dfap|245\/266
|-sideend|p1: xShiba|Stealth Rock|[from] move: Rapid Spin|[of] p1a: 5-Star'd
|
|turn|7
|
|switch|p1a: Healthy Diet|Celebi|404\/404
|move|p2a: Dfap|Volt Switch|p1a: Healthy Diet
|-resisted|p1a: Healthy Diet
|-damage|p1a: Healthy Diet|366\/404
|
|switch|p2a: BOB|Zygarde|405\/405
|-ability|p2a: BOB|Aura Break
|
|turn|8
|
|move|p2a: BOB|Substitute|p2a: BOB
|-start|p2a: BOB|Substitute
|-damage|p2a: BOB|304\/405
|move|p1a: Healthy Diet|Baton Pass|p1a: Healthy Diet
|
|switch|p1a: 5-Star'd|Starmie, shiny|324\/324
|
|-heal|p2a: BOB|329\/405|[from] item: Leftovers
|turn|9
|
|move|p2a: BOB|Earthquake|p1a: 5-Star'd
|-damage|p1a: 5-Star'd|233\/324
|move|p1a: 5-Star'd|Ice Beam|p2a: BOB
|-supereffective|p2a: BOB
|-end|p2a: BOB|Substitute
|
|-heal|p2a: BOB|354\/405|[from] item: Leftovers
|-heal|p1a: 5-Star'd|253\/324|[from] item: Leftovers
|turn|10
|
|switch|p2a: Dfap|Heliolisk, M|245\/266
|move|p1a: 5-Star'd|Ice Beam|p2a: Dfap
|-damage|p2a: Dfap|169\/266
|
|-heal|p1a: 5-Star'd|273\/324|[from] item: Leftovers
|turn|11
|
|switch|p1a: Healthy Diet|Celebi|366\/404
|move|p2a: Dfap|Volt Switch|p1a: Healthy Diet
|-resisted|p1a: Healthy Diet
|-damage|p1a: Healthy Diet|323\/404
|
|switch|p2a: lisa lisa|Vileplume, F|354\/354
|
|turn|12
|
|move|p1a: Healthy Diet|Baton Pass|p1a: Healthy Diet
|
|switch|p1a: 5-Star'd|Starmie, shiny|273\/324
|move|p2a: lisa lisa|Sludge Bomb|p1a: 5-Star'd
|-damage|p1a: 5-Star'd|96\/324
|
|-heal|p1a: 5-Star'd|116\/324|[from] item: Leftovers
|turn|13
|
|move|p1a: 5-Star'd|Ice Beam|p2a: lisa lisa
|-supereffective|p2a: lisa lisa
|-damage|p2a: lisa lisa|258\/354
|move|p2a: lisa lisa|Giga Drain|p1a: 5-Star'd
|-crit|p1a: 5-Star'd
|-supereffective|p1a: 5-Star'd
|-damage|p1a: 5-Star'd|0 fnt
|-heal|p2a: lisa lisa|316\/354|[from] drain|[of] p1a: 5-Star'd
|faint|p1a: 5-Star'd
|
|join|LiberalLucario
|
|switch|p1a: Ultimate Terror|Aerodactyl-Mega, M|301\/301
|turn|14
|
|switch|p2a: gen V OU|Forretress, F|354\/354
|move|p1a: Ultimate Terror|Aerial Ace|p2a: gen V OU
|-damage|p2a: gen V OU|275\/354
|
|-heal|p2a: gen V OU|297\/354|[from] item: Leftovers
|turn|15
|
|switch|p1a: Hail Hydra|Hydreigon, M, shiny|325\/325
|move|p2a: gen V OU|Stealth Rock|p1a: Hail Hydra
|-sidestart|p1: xShiba|move: Stealth Rock
|
|-heal|p2a: gen V OU|319\/354|[from] item: Leftovers
|turn|16
|c| LiberalLucario|go to
|c| LiberalLucario|zygarde
|c| LiberalLucario|here
|
|switch|p2a: BOB|Zygarde|354\/405
|-ability|p2a: BOB|Aura Break
|move|p1a: Hail Hydra|Dark Pulse|p2a: BOB
|-damage|p2a: BOB|198\/405
|-damage|p1a: Hail Hydra|293\/325|[from] item: Life Orb
|
|-heal|p2a: BOB|223\/405|[from] item: Leftovers
|turn|17
|c| LiberalLucario|lmao
|c| LiberalLucario|you didnt even
|c| LiberalLucario|fire blast
|c|âxShiba|n3rd i dont have fire blast
|c|âxShiba|Im LO
|
|move|p1a: Hail Hydra|Draco Meteor|p2a: BOB
|-supereffective|p2a: BOB
|-damage|p2a: BOB|0 fnt
|-unboost|p1a: Hail Hydra|spa|2
|-damage|p1a: Hail Hydra|261\/325|[from] item: Life Orb
|faint|p2a: BOB
|
|
|switch|p2a: lisa lisa|Vileplume, F|316\/354
|turn|18
|
|move|p1a: Hail Hydra|Roost|p1a: Hail Hydra
|-heal|p1a: Hail Hydra|325\/325
|move|p2a: lisa lisa|Sludge Bomb|p1a: Hail Hydra
|-damage|p1a: Hail Hydra|154\/325
|
|turn|19
|
|move|p1a: Hail Hydra|Roost|p1a: Hail Hydra
|-heal|p1a: Hail Hydra|317\/325
|move|p2a: lisa lisa|Sludge Bomb|p1a: Hail Hydra
|-damage|p1a: Hail Hydra|143\/325
|
|turn|20
|
|move|p1a: Hail Hydra|Draco Meteor|p2a: lisa lisa
|-damage|p2a: lisa lisa|203\/354
|-unboost|p1a: Hail Hydra|spa|2
|-damage|p1a: Hail Hydra|111\/325|[from] item: Life Orb
|move|p2a: lisa lisa|Dazzling Gleam|p1a: Hail Hydra
|-crit|p1a: Hail Hydra
|-supereffective|p1a: Hail Hydra
|-damage|p1a: Hail Hydra|0 fnt
|faint|p1a: Hail Hydra
|
|
|switch|p1a: Healthy Diet|Celebi|323\/404
|-damage|p1a: Healthy Diet|273\/404|[from] Stealth Rock
|turn|21
|
|move|p1a: Healthy Diet|Recover|p1a: Healthy Diet
|-heal|p1a: Healthy Diet|404\/404
|move|p2a: lisa lisa|Sludge Bomb|p1a: Healthy Diet
|-crit|p1a: Healthy Diet
|-supereffective|p1a: Healthy Diet
|-damage|p1a: Healthy Diet|60\/404
|-enditem|p1a: Healthy Diet|Weakness Policy
|-boost|p1a: Healthy Diet|atk|2|[from] item: Weakness Policy
|-boost|p1a: Healthy Diet|spa|2|[from] item: Weakness Policy
|
|turn|22
|join|BoostMyLuckStat
|
|move|p1a: Healthy Diet|Baton Pass|p1a: Healthy Diet
|
|switch|p1a: Floppy The God|Mienshao, M|271\/271
|-damage|p1a: Floppy The God|255\/271|[from] Stealth Rock
|move|p2a: lisa lisa|Sludge Bomb|p1a: Floppy The God
|-damage|p1a: Floppy The God|6\/271
|
|turn|23
|join|DoneWithFinals
|
|switch|p2a: Aerodactyl|Aerodactyl, M|302\/302
|-ability|p2a: Aerodactyl|Pressure
|move|p1a: Floppy The God|High Jump Kick|p2a: Aerodactyl
|-damage|p2a: Aerodactyl|0 fnt
|faint|p2a: Aerodactyl
|
|
|switch|p2a: gen V OU|Forretress, F|319\/354
|turn|24
|
|move|p1a: Floppy The God|High Jump Kick|p2a: gen V OU
|-damage|p2a: gen V OU|1\/354
|move|p2a: gen V OU|Gyro Ball|p1a: Floppy The God
|-damage|p1a: Floppy The God|0 fnt
|faint|p1a: Floppy The God
|
|-heal|p2a: gen V OU|23\/354|[from] item: Leftovers
|
|switch|p1a: Ultimate Terror|Aerodactyl-Mega, M|301\/301
|-damage|p1a: Ultimate Terror|226\/301|[from] Stealth Rock
|turn|25
|
|move|p1a: Ultimate Terror|Earthquake|p2a: gen V OU
|-damage|p2a: gen V OU|0 fnt
|faint|p2a: gen V OU
|
|
|switch|p2a: Dfap|Heliolisk, M|169\/266
|turn|26
|
|move|p2a: Dfap|Volt Switch|p1a: Ultimate Terror
|-supereffective|p1a: Ultimate Terror
|-damage|p1a: Ultimate Terror|0 fnt
|faint|p1a: Ultimate Terror
|
|switch|p2a: lisa lisa|Vileplume, F|203\/354
|
|c|âcaptaintoiletpants|gg
|
|switch|p1a: Healthy Diet|Celebi|60\/404
|-damage|p1a: Healthy Diet|10\/404|[from] Stealth Rock
|turn|27
|c|âxShiba|min max on forretress
|
|move|p1a: Healthy Diet|Stealth Rock|p2a: lisa lisa
|-sidestart|p2: captaintoiletpants|move: Stealth Rock
|move|p2a: lisa lisa|Sludge Bomb|p1a: Healthy Diet
|-supereffective|p1a: Healthy Diet
|-damage|p1a: Healthy Diet|0 fnt
|faint|p1a: Healthy Diet
|
|win|captaintoiletpants
|raw|Ladder updating...
|raw|xShiba's rating: 1601 &rarr; <strong>1570<\/strong><br \/>(-31 for losing)
|raw|captaintoiletpants's rating: 1385 &rarr; <strong>1416<\/strong><br \/>(+31 for winning)
|leave|BoostMyLuckStat
|leave|DoneWithFinals
|leave|xShiba
|player|p1
|c|âcaptaintoiletpants|are you gonna cry?
|join|HI THERE YOURE YOU
|leave|HI THERE YOURE YOU