|join|xShiba
|join|subtoxicrachi
|player|p1|xShiba|260
|player|p2|subtoxicrachi|102
|gametype|singles
|gen|6
|tier|UU
|rated
|rule|Sleep Clause Mod: Limit one foe put to sleep
|rule|Species Clause: Limit one of each PokÃ©mon
|rule|OHKO Clause: OHKO moves are banned
|rule|Moody Clause: Moody is banned
|rule|Evasion Moves Clause: Evasion moves are banned
|rule|Endless Battle Clause: Forcing endless battles is banned
|rule|HP Percentage Mod: HP is shown in percentages
|clearpoke
|poke|p1|Aerodactyl, M
|poke|p1|Hydreigon, M, shiny
|poke|p1|Porygon-Z, shiny
|poke|p1|Mienshao, M
|poke|p1|Starmie, shiny
|poke|p1|Celebi
|poke|p2|Raikou
|poke|p2|Mienshao, M
|poke|p2|Suicune, shiny
|poke|p2|Hippowdon, F
|poke|p2|Abomasnow, F
|poke|p2|Forretress, F
|rule|Swagger Clause: Swagger is banned
|rule|Baton Pass Clause: Limit one PokÃ©mon knowing Baton Pass
|teampreview
|
|start
|switch|p1a: Wrecking Face|Porygon-Z, shiny|311\/311
|switch|p2a: Forretress|Forretress, F|353\/353
|turn|1
|
|move|p1a: Wrecking Face|Tri Attack|p2a: Forretress
|-resisted|p2a: Forretress
|-damage|p2a: Forretress|189\/353
|move|p2a: Forretress|Spikes|p1a: Wrecking Face
|-sidestart|p1: xShiba|Spikes
|
|-heal|p2a: Forretress|211\/353|[from] item: Leftovers
|turn|2
|
|move|p1a: Wrecking Face|Tri Attack|p2a: Forretress
|-resisted|p2a: Forretress
|-damage|p2a: Forretress|51\/353
|move|p2a: Forretress|Volt Switch|p1a: Wrecking Face
|-damage|p1a: Wrecking Face|265\/311
|
|switch|p2a: Mienshao|Mienshao, M|271\/271
|
|turn|3
|
|switch|p1a: 5-Star'd|Starmie, shiny|324\/324
|-damage|p1a: 5-Star'd|284\/324|[from] Spikes
|move|p2a: Mienshao|U-turn|p1a: 5-Star'd
|-supereffective|p1a: 5-Star'd
|-damage|p1a: 5-Star'd|152\/324
|
|switch|p2a: Raikou|Raikou|321\/321
|-ability|p2a: Raikou|Pressure
|
|-heal|p1a: 5-Star'd|172\/324|[from] item: Leftovers
|turn|4
|
|switch|p1a: Healthy Diet|Celebi|404\/404
|-damage|p1a: Healthy Diet|354\/404|[from] Spikes
|move|p2a: Raikou|Volt Switch|p1a: Healthy Diet
|-resisted|p1a: Healthy Diet
|-damage|p1a: Healthy Diet|294\/404
|
|switch|p2a: Abomasnow|Abomasnow, F|381\/381
|
|turn|5
|
|detailschange|p2a: Abomasnow|Abomasnow-Mega, F
|message|Abomasnow has Mega Evolved into Mega Abomasnow!
|-weather|Hail
|move|p1a: Healthy Diet|Stealth Rock|p2a: Abomasnow
|-sidestart|p2: subtoxicrachi|move: Stealth Rock
|move|p2a: Abomasnow|Swords Dance|p2a: Abomasnow
|-boost|p2a: Abomasnow|atk|2
|
|-weather|Hail|[upkeep]
|-damage|p1a: Healthy Diet|269\/404|[from] hail
|turn|6
|
|move|p2a: Abomasnow|Ice Shard|p1a: Healthy Diet
|-supereffective|p1a: Healthy Diet
|-damage|p1a: Healthy Diet|0 fnt
|faint|p1a: Healthy Diet
|
|-weather|Hail|[upkeep]
|
|switch|p1a: 5-Star'd|Starmie, shiny|172\/324
|-damage|p1a: 5-Star'd|132\/324|[from] Spikes
|turn|7
|
|move|p1a: 5-Star'd|Scald|p2a: Abomasnow
|-resisted|p2a: Abomasnow
|-damage|p2a: Abomasnow|338\/381
|-status|p2a: Abomasnow|brn
|move|p2a: Abomasnow|Seed Bomb|p1a: 5-Star'd
|-crit|p1a: 5-Star'd
|-supereffective|p1a: 5-Star'd
|-damage|p1a: 5-Star'd|0 fnt
|faint|p1a: 5-Star'd
|
|-weather|Hail|[upkeep]
|-damage|p2a: Abomasnow|291\/381 brn|[from] brn
|
|switch|p1a: Floppy The God|Mienshao, M|271\/271
|-damage|p1a: Floppy The God|238\/271|[from] Spikes
|turn|8
|
|move|p2a: Abomasnow|Ice Shard|p1a: Floppy The God
|-damage|p1a: Floppy The God|117\/271
|move|p1a: Floppy The God|High Jump Kick|p2a: Abomasnow
|-supereffective|p2a: Abomasnow
|-damage|p2a: Abomasnow|0 fnt
|faint|p2a: Abomasnow
|
|-weather|Hail|[upkeep]
|-damage|p1a: Floppy The God|101\/271|[from] hail
|
|switch|p2a: Hippowdon|Hippowdon, F|419\/419
|-damage|p2a: Hippowdon|393\/419|[from] Stealth Rock
|-weather|Sandstorm
|turn|9
|
|switch|p1a: Hail Hydra|Hydreigon, M, shiny|325\/325
|move|p2a: Hippowdon|Stealth Rock|p1a: Hail Hydra
|-sidestart|p1: xShiba|move: Stealth Rock
|
|-weather|Sandstorm|[upkeep]
|-damage|p1a: Hail Hydra|305\/325|[from] sandstorm
|-heal|p2a: Hippowdon|419\/419|[from] item: Leftovers
|turn|10
|
|move|p1a: Hail Hydra|Dark Pulse|p2a: Hippowdon
|-damage|p2a: Hippowdon|250\/419
|-damage|p1a: Hail Hydra|273\/325|[from] item: Life Orb
|cant|p2a: Hippowdon|flinch
|
|-weather|Sandstorm|[upkeep]
|-damage|p1a: Hail Hydra|253\/325|[from] sandstorm
|-heal|p2a: Hippowdon|276\/419|[from] item: Leftovers
|turn|11
|
|move|p1a: Hail Hydra|Draco Meteor|p2a: Hippowdon
|-damage|p2a: Hippowdon|11\/419
|-unboost|p1a: Hail Hydra|spa|2
|-damage|p1a: Hail Hydra|221\/325|[from] item: Life Orb
|move|p2a: Hippowdon|Slack Off|p2a: Hippowdon
|-heal|p2a: Hippowdon|221\/419
|
|-weather|Sandstorm|[upkeep]
|-damage|p1a: Hail Hydra|201\/325|[from] sandstorm
|-heal|p2a: Hippowdon|247\/419|[from] item: Leftovers
|turn|12
|
|move|p1a: Hail Hydra|Roost|p1a: Hail Hydra
|-heal|p1a: Hail Hydra|325\/325
|move|p2a: Hippowdon|Slack Off|p2a: Hippowdon
|-heal|p2a: Hippowdon|419\/419
|
|-weather|Sandstorm|[upkeep]
|-damage|p1a: Hail Hydra|305\/325|[from] sandstorm
|turn|13
|
|switch|p2a: Forretress|Forretress, F|51\/353
|-damage|p2a: Forretress|7\/353|[from] Stealth Rock
|move|p1a: Hail Hydra|Roost|p1a: Hail Hydra
|-heal|p1a: Hail Hydra|325\/325
|
|-weather|none
|-heal|p2a: Forretress|29\/353|[from] item: Leftovers
|turn|14
|
|move|p1a: Hail Hydra|Dark Pulse|p2a: Forretress
|-damage|p2a: Forretress|0 fnt
|-damage|p1a: Hail Hydra|293\/325|[from] item: Life Orb
|faint|p2a: Forretress
|
|
|switch|p2a: Suicune|Suicune, shiny|404\/404
|-damage|p2a: Suicune|354\/404|[from] Stealth Rock
|-ability|p2a: Suicune|Pressure
|turn|15
|
|switch|p1a: Wrecking Face|Porygon-Z, shiny|265\/311
|-damage|p1a: Wrecking Face|227\/311|[from] Stealth Rock
|-damage|p1a: Wrecking Face|189\/311|[from] Spikes
|move|p2a: Suicune|Calm Mind|p2a: Suicune
|-boost|p2a: Suicune|spa|1
|-boost|p2a: Suicune|spd|1
|
|-heal|p2a: Suicune|379\/404|[from] item: Leftovers
|turn|16
|
|move|p1a: Wrecking Face|Tri Attack|p2a: Suicune
|-damage|p2a: Suicune|193\/404
|move|p2a: Suicune|Scald|p1a: Wrecking Face
|-damage|p1a: Wrecking Face|17\/311
|-status|p1a: Wrecking Face|brn
|
|-heal|p2a: Suicune|218\/404|[from] item: Leftovers
|-damage|p1a: Wrecking Face|0 fnt|[from] brn
|faint|p1a: Wrecking Face
|
|switch|p1a: Floppy The God|Mienshao, M|101\/271
|-damage|p1a: Floppy The God|85\/271|[from] Stealth Rock
|-damage|p1a: Floppy The God|52\/271|[from] Spikes
|turn|17
|
|move|p1a: Floppy The God|High Jump Kick|p2a: Suicune|[miss]
|-miss|p1a: Floppy The God|p2a: Suicune
|-damage|p1a: Floppy The God|0 fnt|[from] highjumpkick
|faint|p1a: Floppy The God
|move|p2a: Suicune|Scald|p1: Floppy The God|[notarget]
|-notarget
|
|-heal|p2a: Suicune|243\/404|[from] item: Leftovers
|c|âxShiba|.
|c|âsubtoxicrachi|.
|c|âsubtoxicrachi|unfortunate
|
|switch|p1a: Hail Hydra|Hydreigon, M, shiny|293\/325
|-damage|p1a: Hail Hydra|253\/325|[from] Stealth Rock
|turn|18
|c|âsubtoxicrachi|it's not like you burned my win con
|c|âxShiba|zzz
|
|move|p1a: Hail Hydra|Draco Meteor|p2a: Suicune|[miss]
|-miss|p1a: Hail Hydra|p2a: Suicune
|move|p2a: Suicune|Rest|p2a: Suicune
|-status|p2a: Suicune|slp
|-heal|p2a: Suicune|404\/404 slp|[silent]
|-status|p2a: Suicune|slp|[from] move: Rest
|
|turn|19
|c|âsubtoxicrachi|?
|c|âxShiba|its not like you burned PZ
|
|move|p1a: Hail Hydra|Draco Meteor|p2a: Suicune
|-damage|p2a: Suicune|231\/404 slp
|-unboost|p1a: Hail Hydra|spa|2
|-damage|p1a: Hail Hydra|221\/325|[from] item: Life Orb
|cant|p2a: Suicune|slp
|move|p2a: Suicune|Sleep Talk|p2a: Suicune
|move|p2a: Suicune|Calm Mind|p2a: Suicune|[from]Sleep Talk
|-boost|p2a: Suicune|spa|1
|-boost|p2a: Suicune|spd|1
|
|-heal|p2a: Suicune|256\/404 slp|[from] item: Leftovers
|turn|20
|c|âsubtoxicrachi|unfortunate
|
|switch|p1a: Ultimate Terror|Aerodactyl, M|301\/301
|-damage|p1a: Ultimate Terror|226\/301|[from] Stealth Rock
|-ability|p1a: Ultimate Terror|Unnerve|p2: subtoxicrachi
|cant|p2a: Suicune|slp
|move|p2a: Suicune|Sleep Talk|p2a: Suicune
|move|p2a: Suicune|Calm Mind|p2a: Suicune|[from]Sleep Talk
|-boost|p2a: Suicune|spa|1
|-boost|p2a: Suicune|spd|1
|
|-heal|p2a: Suicune|281\/404 slp|[from] item: Leftovers
|turn|21
|
|detailschange|p1a: Ultimate Terror|Aerodactyl-Mega, M
|message|Aerodactyl has Mega Evolved into Mega Aerodactyl!
|move|p1a: Ultimate Terror|Stone Edge|p2a: Suicune
|-damage|p2a: Suicune|163\/404 slp
|-curestatus|p2a: Suicune|slp
|move|p2a: Suicune|Scald|p1a: Ultimate Terror
|-supereffective|p1a: Ultimate Terror
|-damage|p1a: Ultimate Terror|0 fnt
|faint|p1a: Ultimate Terror
|
|-heal|p2a: Suicune|188\/404|[from] item: Leftovers
|
|switch|p1a: Hail Hydra|Hydreigon, M, shiny|221\/325
|-damage|p1a: Hail Hydra|181\/325|[from] Stealth Rock
|turn|22
|
|move|p1a: Hail Hydra|Dark Pulse|p2a: Suicune
|-damage|p2a: Suicune|118\/404
|-damage|p1a: Hail Hydra|149\/325|[from] item: Life Orb
|move|p2a: Suicune|Scald|p1a: Hail Hydra
|-resisted|p1a: Hail Hydra
|-damage|p1a: Hail Hydra|38\/325
|
|-heal|p2a: Suicune|143\/404|[from] item: Leftovers
|turn|23
|c|âxShiba|abomasnow is bad btw
|c|âsubtoxicrachi|yeah that's why you lost
|
|move|p1a: Hail Hydra|Roost|p1a: Hail Hydra
|-heal|p1a: Hail Hydra|201\/325
|move|p2a: Suicune|Scald|p1a: Hail Hydra
|-resisted|p1a: Hail Hydra
|-damage|p1a: Hail Hydra|74\/325
|
|-heal|p2a: Suicune|168\/404|[from] item: Leftovers
|turn|24
|c|âxShiba|not to abomasnow
|
|move|p1a: Hail Hydra|Roost|p1a: Hail Hydra
|-heal|p1a: Hail Hydra|237\/325
|move|p2a: Suicune|Scald|p1a: Hail Hydra
|-resisted|p1a: Hail Hydra
|-damage|p1a: Hail Hydra|124\/325
|-status|p1a: Hail Hydra|brn
|
|-heal|p2a: Suicune|193\/404|[from] item: Leftovers
|-damage|p1a: Hail Hydra|84\/325 brn|[from] brn
|turn|25
|c|âsubtoxicrachi|because you burned it kek
|
|move|p1a: Hail Hydra|Roost|p1a: Hail Hydra
|-heal|p1a: Hail Hydra|247\/325 brn
|move|p2a: Suicune|Scald|p1a: Hail Hydra
|-resisted|p1a: Hail Hydra
|-damage|p1a: Hail Hydra|121\/325 brn
|
|-heal|p2a: Suicune|218\/404|[from] item: Leftovers
|-damage|p1a: Hail Hydra|81\/325 brn|[from] brn
|turn|26
|
|move|p1a: Hail Hydra|Roost|p1a: Hail Hydra
|-heal|p1a: Hail Hydra|244\/325 brn
|move|p2a: Suicune|Calm Mind|p2a: Suicune
|-boost|p2a: Suicune|spa|1
|-boost|p2a: Suicune|spd|1
|
|-heal|p2a: Suicune|243\/404|[from] item: Leftovers
|-damage|p1a: Hail Hydra|204\/325 brn|[from] brn
|turn|27
|
|move|p1a: Hail Hydra|Superpower|p2a: Suicune
|-damage|p2a: Suicune|200\/404
|-unboost|p1a: Hail Hydra|atk|1
|-unboost|p1a: Hail Hydra|def|1
|-damage|p1a: Hail Hydra|172\/325 brn|[from] item: Life Orb
|move|p2a: Suicune|Scald|p1a: Hail Hydra
|-resisted|p1a: Hail Hydra
|-damage|p1a: Hail Hydra|26\/325 brn
|
|-heal|p2a: Suicune|225\/404|[from] item: Leftovers
|-damage|p1a: Hail Hydra|0 fnt|[from] brn
|faint|p1a: Hail Hydra
|
|win|subtoxicrachi
|raw|Ladder updating...
|raw|xShiba's rating: 1576 &rarr; <strong>1544<\/strong><br \/>(-32 for losing)
|raw|subtoxicrachi's rating: 1351 &rarr; <strong>1382<\/strong><br \/>(+31 for winning)
|c|âsubtoxicrachi|great player
|c|âxShiba|zzz
|c|âxShiba|youre bad
|leave|xShiba
|player|p1