|join|MegaRango
|join|xShiba
|player|p1|MegaRango|266
|player|p2|xShiba|260
|gametype|singles
|gen|6
|tier|UU
|rated
|rule|Sleep Clause Mod: Limit one foe put to sleep
|rule|Species Clause: Limit one of each PokÃ©mon
|rule|OHKO Clause: OHKO moves are banned
|rule|Moody Clause: Moody is banned
|rule|Evasion Moves Clause: Evasion moves are banned
|rule|Endless Battle Clause: Forcing endless battles is banned
|rule|HP Percentage Mod: HP is shown in percentages
|clearpoke
|poke|p1|Sceptile, M
|poke|p1|Gligar, M
|poke|p1|Cofagrigus, M
|poke|p1|Umbreon, M
|poke|p1|Quagsire, M
|poke|p1|Chandelure, F, shiny
|poke|p2|Aerodactyl, M
|poke|p2|Hydreigon, M, shiny
|poke|p2|Porygon-Z, shiny
|poke|p2|Mienshao, M
|poke|p2|Starmie, shiny
|poke|p2|Celebi
|rule|Swagger Clause: Swagger is banned
|rule|Baton Pass Clause: Limit one PokÃ©mon knowing Baton Pass
|teampreview
|join|OmegaW
|
|start
|switch|p1a: Chandelure 10.6|Chandelure, F, shiny|261\/261
|switch|p2a: Floppy The God|Mienshao, M|271\/271
|turn|1
|
|move|p2a: Floppy The God|Knock Off|p1a: Chandelure 10.6
|-supereffective|p1a: Chandelure 10.6
|-damage|p1a: Chandelure 10.6|27\/261
|-enditem|p1a: Chandelure 10.6|Choice Scarf|[from] move: Knock Off|[of] p2a: Floppy The God
|move|p1a: Chandelure 10.6|Fire Blast|p2a: Floppy The God
|-damage|p2a: Floppy The God|0 fnt
|faint|p2a: Floppy The God
|
|c|âxShiba|zzz
|
|switch|p2a: Ultimate Terror|Aerodactyl, M|301\/301
|-ability|p2a: Ultimate Terror|Unnerve|p1: MegaRango
|turn|2
|
|switch|p1a: Cofagrigus 0.91|Cofagrigus, M|319\/319
|detailschange|p2a: Ultimate Terror|Aerodactyl-Mega, M
|message|Aerodactyl has Mega Evolved into Mega Aerodactyl!
|move|p2a: Ultimate Terror|Aerial Ace|p1a: Cofagrigus 0.91
|-damage|p1a: Cofagrigus 0.91|240\/319
|-endability|p2a: Ultimate Terror|toughclaws|[from] Mummy
|-ability|p2a: Ultimate Terror|Mummy|[from] Mummy
|
|-heal|p1a: Cofagrigus 0.91|259\/319|[from] item: Leftovers
|turn|3
|
|switch|p2a: Hail Hydra|Hydreigon, M, shiny|325\/325
|move|p1a: Cofagrigus 0.91|Toxic Spikes|p2a: Hail Hydra
|-sidestart|p2: xShiba|move: Toxic Spikes
|
|-heal|p1a: Cofagrigus 0.91|278\/319|[from] item: Leftovers
|turn|4
|
|switch|p1a: Gligar 4.58|Gligar, M|334\/334
|move|p2a: Hail Hydra|Draco Meteor|p1a: Gligar 4.58
|-damage|p1a: Gligar 4.58|134\/334
|-unboost|p2a: Hail Hydra|spa|2
|-damage|p2a: Hail Hydra|293\/325|[from] item: Life Orb
|
|turn|5
|
|switch|p2a: Healthy Diet|Celebi|404\/404
|-status|p2a: Healthy Diet|psn
|move|p1a: Gligar 4.58|Earthquake|p2a: Healthy Diet
|-resisted|p2a: Healthy Diet
|-damage|p2a: Healthy Diet|358\/404 psn
|
|-damage|p2a: Healthy Diet|308\/404 psn|[from] psn
|turn|6
|
|move|p2a: Healthy Diet|Stealth Rock|p1a: Gligar 4.58
|-sidestart|p1: MegaRango|move: Stealth Rock
|move|p1a: Gligar 4.58|Roost|p1a: Gligar 4.58
|-heal|p1a: Gligar 4.58|301\/334
|
|-damage|p2a: Healthy Diet|258\/404 psn|[from] psn
|turn|7
|
|switch|p2a: 5-Star'd|Starmie, shiny|324\/324
|-status|p2a: 5-Star'd|psn
|move|p1a: Gligar 4.58|Defog|p2a: 5-Star'd
|-unboost|p2a: 5-Star'd|evasion|1
|-sideend|p2: xShiba|Toxic Spikes|[from] move: Defog|[of] p2a: 5-Star'd
|-sideend|p1: MegaRango|Stealth Rock|[from] move: Defog|[of] p1a: Gligar 4.58
|
|-damage|p2a: 5-Star'd|284\/324 psn|[from] psn
|turn|8
|
|switch|p1a: Umbreon 6.92|Umbreon, M|394\/394
|move|p2a: 5-Star'd|Ice Beam|p1a: Umbreon 6.92
|-damage|p1a: Umbreon 6.92|353\/394
|
|-heal|p2a: 5-Star'd|304\/324 psn|[from] item: Leftovers
|-heal|p1a: Umbreon 6.92|377\/394|[from] item: Leftovers
|-damage|p2a: 5-Star'd|264\/324 psn|[from] psn
|turn|9
|
|switch|p2a: Hail Hydra|Hydreigon, M, shiny|293\/325
|move|p1a: Umbreon 6.92|Wish|p1a: Umbreon 6.92
|
|-heal|p1a: Umbreon 6.92|394\/394|[from] item: Leftovers
|turn|10
|
|move|p2a: Hail Hydra|Dark Pulse|p1a: Umbreon 6.92
|-resisted|p1a: Umbreon 6.92
|-damage|p1a: Umbreon 6.92|342\/394
|-damage|p2a: Hail Hydra|261\/325|[from] item: Life Orb
|move|p1a: Umbreon 6.92|Foul Play|p2a: Hail Hydra
|-resisted|p2a: Hail Hydra
|-damage|p2a: Hail Hydra|192\/325
|
|-heal|p1a: Umbreon 6.92|394\/394|[from] move: Wish|[wisher] Umbreon 6.92
|turn|11
|
|move|p2a: Hail Hydra|Roost|p2a: Hail Hydra
|-heal|p2a: Hail Hydra|325\/325
|move|p1a: Umbreon 6.92|Wish|p1a: Umbreon 6.92
|
|turn|12
|
|switch|p1a: Gligar 4.58|Gligar, M|301\/334
|move|p2a: Hail Hydra|Dark Pulse|p1a: Gligar 4.58
|-damage|p1a: Gligar 4.58|176\/334
|-damage|p2a: Hail Hydra|293\/325|[from] item: Life Orb
|
|-heal|p1a: Gligar 4.58|334\/334|[from] move: Wish|[wisher] Umbreon 6.92
|turn|13
|
|move|p2a: Hail Hydra|Dark Pulse|p1a: Gligar 4.58
|-crit|p1a: Gligar 4.58
|-damage|p1a: Gligar 4.58|165\/334
|-damage|p2a: Hail Hydra|261\/325|[from] item: Life Orb
|move|p1a: Gligar 4.58|Roost|p1a: Gligar 4.58
|-heal|p1a: Gligar 4.58|332\/334
|
|turn|14
|
|move|p2a: Hail Hydra|Dark Pulse|p1a: Gligar 4.58
|-damage|p1a: Gligar 4.58|227\/334
|-damage|p2a: Hail Hydra|229\/325|[from] item: Life Orb
|move|p1a: Gligar 4.58|Stealth Rock|p2a: Hail Hydra
|-sidestart|p2: xShiba|move: Stealth Rock
|
|turn|15
|
|move|p2a: Hail Hydra|Dark Pulse|p1a: Gligar 4.58
|-damage|p1a: Gligar 4.58|110\/334
|-damage|p2a: Hail Hydra|197\/325|[from] item: Life Orb
|move|p1a: Gligar 4.58|Roost|p1a: Gligar 4.58
|-heal|p1a: Gligar 4.58|277\/334
|
|turn|16
|
|switch|p1a: Umbreon 6.92|Umbreon, M|394\/394
|move|p2a: Hail Hydra|Roost|p2a: Hail Hydra
|-heal|p2a: Hail Hydra|325\/325
|
|turn|17
|
|move|p2a: Hail Hydra|Draco Meteor|p1a: Umbreon 6.92
|-damage|p1a: Umbreon 6.92|207\/394
|-unboost|p2a: Hail Hydra|spa|2
|-damage|p2a: Hail Hydra|293\/325|[from] item: Life Orb
|move|p1a: Umbreon 6.92|Wish|p1a: Umbreon 6.92
|
|-heal|p1a: Umbreon 6.92|231\/394|[from] item: Leftovers
|turn|18
|
|switch|p1a: Chandelure 10.6|Chandelure, F, shiny|27\/261
|move|p2a: Hail Hydra|Superpower|p1a: Chandelure 10.6
|-immune|p1a: Chandelure 10.6|[msg]
|
|-heal|p1a: Chandelure 10.6|224\/261|[from] move: Wish|[wisher] Umbreon 6.92
|turn|19
|
|switch|p1a: Umbreon 6.92|Umbreon, M|231\/394
|move|p2a: Hail Hydra|Dark Pulse|p1a: Umbreon 6.92
|-resisted|p1a: Umbreon 6.92
|-damage|p1a: Umbreon 6.92|204\/394
|-damage|p2a: Hail Hydra|261\/325|[from] item: Life Orb
|
|-heal|p1a: Umbreon 6.92|228\/394|[from] item: Leftovers
|turn|20
|
|switch|p1a: Gligar 4.58|Gligar, M|277\/334
|move|p2a: Hail Hydra|Superpower|p1a: Gligar 4.58
|-resisted|p1a: Gligar 4.58
|-damage|p1a: Gligar 4.58|234\/334
|-unboost|p2a: Hail Hydra|atk|1
|-unboost|p2a: Hail Hydra|def|1
|-damage|p2a: Hail Hydra|229\/325|[from] item: Life Orb
|
|turn|21
|
|switch|p2a: 5-Star'd|Starmie, shiny|264\/324
|-damage|p2a: 5-Star'd|224\/324|[from] Stealth Rock
|switch|p1a: Cofagrigus 0.91|Cofagrigus, M|278\/319
|
|-heal|p2a: 5-Star'd|244\/324|[from] item: Leftovers
|-heal|p1a: Cofagrigus 0.91|297\/319|[from] item: Leftovers
|turn|22
|
|switch|p2a: Hail Hydra|Hydreigon, M, shiny|229\/325
|-damage|p2a: Hail Hydra|189\/325|[from] Stealth Rock
|move|p1a: Cofagrigus 0.91|Toxic Spikes|p2a: Hail Hydra
|-sidestart|p2: xShiba|move: Toxic Spikes
|
|-heal|p1a: Cofagrigus 0.91|316\/319|[from] item: Leftovers
|turn|23
|
|move|p2a: Hail Hydra|Dark Pulse|p1a: Cofagrigus 0.91
|-supereffective|p1a: Cofagrigus 0.91
|-damage|p1a: Cofagrigus 0.91|0 fnt
|-damage|p2a: Hail Hydra|157\/325|[from] item: Life Orb
|faint|p1a: Cofagrigus 0.91
|
|
|switch|p1a: Sceptile 2.72|Sceptile, M|281\/281
|turn|24
|join|Donphantastic
|
|switch|p2a: Healthy Diet|Celebi|258\/404
|-status|p2a: Healthy Diet|psn
|-damage|p2a: Healthy Diet|208\/404 psn|[from] Stealth Rock
|detailschange|p1a: Sceptile 2.72|Sceptile-Mega, M
|message|Sceptile has Mega Evolved into Mega Sceptile!
|move|p1a: Sceptile 2.72|Dragon Claw|p2a: Healthy Diet
|-damage|p2a: Healthy Diet|78\/404 psn
|
|-damage|p2a: Healthy Diet|28\/404 psn|[from] psn
|turn|25
|
|move|p1a: Sceptile 2.72|Dragon Claw|p2a: Healthy Diet
|-damage|p2a: Healthy Diet|0 fnt
|faint|p2a: Healthy Diet
|
|
|switch|p2a: Ultimate Terror|Aerodactyl-Mega, M|301\/301
|-damage|p2a: Ultimate Terror|226\/301|[from] Stealth Rock
|turn|26
|
|switch|p2a: 5-Star'd|Starmie, shiny|244\/324
|-damage|p2a: 5-Star'd|204\/324|[from] Stealth Rock
|-status|p2a: 5-Star'd|psn
|switch|p1a: Chandelure 10.6|Chandelure, F, shiny|224\/261
|
|-heal|p2a: 5-Star'd|224\/324 psn|[from] item: Leftovers
|-damage|p2a: 5-Star'd|184\/324 psn|[from] psn
|turn|27
|
|move|p1a: Chandelure 10.6|Shadow Ball|p2a: 5-Star'd
|-supereffective|p2a: 5-Star'd
|-damage|p2a: 5-Star'd|0 fnt
|faint|p2a: 5-Star'd
|
|
|switch|p2a: Hail Hydra|Hydreigon, M, shiny|157\/325
|-damage|p2a: Hail Hydra|117\/325|[from] Stealth Rock
|turn|28
|c| Donphantastic|shiba stop getting bodieedd
|
|move|p2a: Hail Hydra|Roost|p2a: Hail Hydra
|-heal|p2a: Hail Hydra|280\/325
|move|p1a: Chandelure 10.6|Trick|p2a: Hail Hydra
|-activate|p1a: Chandelure 10.6|move: Trick|[of] p2a: Hail Hydra
|-item|p1a: Chandelure 10.6|Life Orb|[from] move: Trick
|
|turn|29
|c|âxShiba|zzz
|
|switch|p1a: Gligar 4.58|Gligar, M|234\/334
|move|p2a: Hail Hydra|Dark Pulse|p1a: Gligar 4.58
|-damage|p1a: Gligar 4.58|143\/334
|
|turn|30
|
|move|p2a: Hail Hydra|Draco Meteor|p1a: Gligar 4.58
|-damage|p1a: Gligar 4.58|10\/334
|-unboost|p2a: Hail Hydra|spa|2
|move|p1a: Gligar 4.58|Roost|p1a: Gligar 4.58
|-heal|p1a: Gligar 4.58|177\/334
|
|turn|31
|c|âxShiba|.
|c|âxShiba|.
|c|âxShiba|.
|
|move|p2a: Hail Hydra|Roost|p2a: Hail Hydra
|-heal|p2a: Hail Hydra|325\/325
|move|p1a: Gligar 4.58|Roost|p1a: Gligar 4.58
|-heal|p1a: Gligar 4.58|334\/334
|
|turn|32
|
|switch|p1a: Quagsire 2.92|Quagsire, M|394\/394
|move|p2a: Hail Hydra|Dark Pulse|p1a: Quagsire 2.92
|-damage|p1a: Quagsire 2.92|193\/394
|
|-heal|p1a: Quagsire 2.92|217\/394|[from] item: Leftovers
|turn|33
|
|switch|p2a: Wrecking Face|Porygon-Z, shiny|311\/311
|-status|p2a: Wrecking Face|psn
|-damage|p2a: Wrecking Face|273\/311 psn|[from] Stealth Rock
|move|p1a: Quagsire 2.92|Recover|p1a: Quagsire 2.92
|-heal|p1a: Quagsire 2.92|394\/394
|
|-damage|p2a: Wrecking Face|235\/311 psn|[from] psn
|turn|34
|
|switch|p1a: Chandelure 10.6|Chandelure, F, shiny|224\/261
|move|p2a: Wrecking Face|Tri Attack|p1a: Chandelure 10.6
|-immune|p1a: Chandelure 10.6|[msg]
|
|-damage|p2a: Wrecking Face|197\/311 psn|[from] psn
|turn|35
|c|âxShiba|zzz
|
|switch|p2a: Hail Hydra|Hydreigon, M, shiny|325\/325
|-damage|p2a: Hail Hydra|285\/325|[from] Stealth Rock
|move|p1a: Chandelure 10.6|Fire Blast|p2a: Hail Hydra
|-resisted|p2a: Hail Hydra
|-damage|p2a: Hail Hydra|147\/325
|-damage|p1a: Chandelure 10.6|198\/261|[from] item: Life Orb
|
|turn|36
|
|move|p2a: Hail Hydra|Roost|p2a: Hail Hydra
|-heal|p2a: Hail Hydra|310\/325
|move|p1a: Chandelure 10.6|Fire Blast|p2a: Hail Hydra
|-resisted|p2a: Hail Hydra
|-damage|p2a: Hail Hydra|170\/325
|-damage|p1a: Chandelure 10.6|172\/261|[from] item: Life Orb
|
|turn|37
|
|move|p2a: Hail Hydra|Dark Pulse|p1a: Chandelure 10.6
|-supereffective|p1a: Chandelure 10.6
|-damage|p1a: Chandelure 10.6|0 fnt
|faint|p1a: Chandelure 10.6
|
|
|switch|p1a: Sceptile 2.72|Sceptile-Mega, M|281\/281
|turn|38
|
|move|p1a: Sceptile 2.72|Dragon Claw|p2a: Hail Hydra
|-supereffective|p2a: Hail Hydra
|-damage|p2a: Hail Hydra|0 fnt
|faint|p2a: Hail Hydra
|
|
|switch|p2a: Ultimate Terror|Aerodactyl-Mega, M|226\/301
|-damage|p2a: Ultimate Terror|151\/301|[from] Stealth Rock
|turn|39
|
|switch|p1a: Quagsire 2.92|Quagsire, M|394\/394
|move|p2a: Ultimate Terror|Ice Fang|p1a: Quagsire 2.92
|-damage|p1a: Quagsire 2.92|302\/394
|
|-heal|p1a: Quagsire 2.92|326\/394|[from] item: Leftovers
|turn|40
|
|switch|p2a: Wrecking Face|Porygon-Z, shiny|197\/311 psn
|-damage|p2a: Wrecking Face|159\/311 psn|[from] Stealth Rock
|move|p1a: Quagsire 2.92|Curse|p1a: Quagsire 2.92
|-boost|p1a: Quagsire 2.92|atk|1
|-boost|p1a: Quagsire 2.92|def|1
|-unboost|p1a: Quagsire 2.92|spe|1
|
|-heal|p1a: Quagsire 2.92|350\/394|[from] item: Leftovers
|-damage|p2a: Wrecking Face|121\/311 psn|[from] psn
|turn|41
|
|switch|p1a: Gligar 4.58|Gligar, M|334\/334
|move|p2a: Wrecking Face|Tri Attack|p1a: Gligar 4.58
|-damage|p1a: Gligar 4.58|114\/334
|
|-damage|p2a: Wrecking Face|83\/311 psn|[from] psn
|turn|42
|
|move|p2a: Wrecking Face|Tri Attack|p1a: Gligar 4.58
|-damage|p1a: Gligar 4.58|0 fnt
|faint|p1a: Gligar 4.58
|
|-damage|p2a: Wrecking Face|45\/311 psn|[from] psn
|
|switch|p1a: Umbreon 6.92|Umbreon, M|228\/394
|turn|43
|
|move|p2a: Wrecking Face|Tri Attack|p1a: Umbreon 6.92
|-damage|p1a: Umbreon 6.92|30\/394
|move|p1a: Umbreon 6.92|Wish|p1a: Umbreon 6.92
|
|-heal|p1a: Umbreon 6.92|54\/394|[from] item: Leftovers
|-damage|p2a: Wrecking Face|7\/311 psn|[from] psn
|turn|44
|
|move|p1a: Umbreon 6.92|Protect|p1a: Umbreon 6.92
|-singleturn|p1a: Umbreon 6.92|Protect
|move|p2a: Wrecking Face|Tri Attack|p1a: Umbreon 6.92
|-activate|p1a: Umbreon 6.92|Protect
|
|-heal|p1a: Umbreon 6.92|251\/394|[from] move: Wish|[wisher] Umbreon 6.92
|-heal|p1a: Umbreon 6.92|275\/394|[from] item: Leftovers
|-damage|p2a: Wrecking Face|0 fnt|[from] psn
|faint|p2a: Wrecking Face
|
|switch|p2a: Ultimate Terror|Aerodactyl-Mega, M|151\/301
|-damage|p2a: Ultimate Terror|76\/301|[from] Stealth Rock
|turn|45
|
|move|p2a: Ultimate Terror|Stone Edge|p1a: Umbreon 6.92
|-damage|p1a: Umbreon 6.92|106\/394
|move|p1a: Umbreon 6.92|Foul Play|p2a: Ultimate Terror
|-damage|p2a: Ultimate Terror|0 fnt
|faint|p2a: Ultimate Terror
|
|win|MegaRango
|raw|Ladder updating...
|leave|xShiba
|player|p2
|raw|MegaRango's rating: 1437 &rarr; <strong>1461<\/strong><br \/>(+24 for winning)
|raw|xShiba's rating: 1512 &rarr; <strong>1488<\/strong><br \/>(-24 for losing)