|join|xShiba
|join|CoolStoryBrobat
|join|what thyme is it
|c|âxShiba|gl hf
|player|p1|xShiba|260
|player|p2|CoolStoryBrobat|212
|gametype|singles
|gen|6
|tier|UU
|rule|Sleep Clause Mod: Limit one foe put to sleep
|rule|Species Clause: Limit one of each PokÃ©mon
|rule|OHKO Clause: OHKO moves are banned
|rule|Moody Clause: Moody is banned
|rule|Evasion Moves Clause: Evasion moves are banned
|rule|Endless Battle Clause: Forcing endless battles is banned
|rule|HP Percentage Mod: HP is shown in percentages
|clearpoke
|poke|p1|Celebi
|poke|p1|Sharpedo, M, shiny
|poke|p1|Jirachi, shiny
|poke|p1|Yanmega, M, shiny
|poke|p1|Donphan, M
|poke|p1|Vaporeon, F
|poke|p2|Pidgeot, M
|poke|p2|Zygarde
|poke|p2|Entei, shiny
|poke|p2|Suicune
|poke|p2|Crobat, M
|poke|p2|Hippowdon, M
|rule|Swagger Clause: Swagger is banned
|rule|Baton Pass Clause: Limit one PokÃ©mon knowing Baton Pass
|teampreview
|c|âCoolStoryBrobat|If I can't redeem myself I don't deserve to run this room
|c|âCoolStoryBrobat|So you have to die today
|join|Oregon Ducks
|c|âxShiba|lmao :P
|c|âxShiba|gl
|join|weepeverybattle
|c|âCoolStoryBrobat|have fun
|
|start
|switch|p1a: Steve|Donphan, M|322\/322
|switch|p2a: Entei|Entei, shiny|371\/371
|-ability|p2a: Entei|Pressure
|turn|1
|c|âxShiba|im in a ladder battle too so i might be slow
|join|tastesicles
|leave|tastesicles
|join|OGWanka
|
|switch|p2a: Suicune|Suicune|368\/368
|-ability|p2a: Suicune|Pressure
|switch|p1a: Ay Der Cune|Vaporeon, F|452\/452
|
|turn|2
|leave|what thyme is it
|
|switch|p1a: Healthy Diet|Celebi|404\/404
|move|p2a: Suicune|Substitute|p2a: Suicune
|-start|p2a: Suicune|Substitute
|-damage|p2a: Suicune|276\/368
|
|-heal|p2a: Suicune|299\/368|[from] item: Leftovers
|turn|3
|
|move|p2a: Suicune|Calm Mind|p2a: Suicune
|-boost|p2a: Suicune|spa|1
|-boost|p2a: Suicune|spd|1
|move|p1a: Healthy Diet|Swords Dance|p1a: Healthy Diet
|-boost|p1a: Healthy Diet|atk|2
|
|-heal|p2a: Suicune|322\/368|[from] item: Leftovers
|turn|4
|
|move|p2a: Suicune|Ice Beam|p1a: Healthy Diet
|-supereffective|p1a: Healthy Diet
|-damage|p1a: Healthy Diet|198\/404
|-enditem|p1a: Healthy Diet|Weakness Policy
|-boost|p1a: Healthy Diet|atk|2|[from] item: Weakness Policy
|-boost|p1a: Healthy Diet|spa|2|[from] item: Weakness Policy
|move|p1a: Healthy Diet|Seed Bomb|p2a: Suicune
|-crit|p2a: Suicune
|-supereffective|p2a: Suicune
|-end|p2a: Suicune|Substitute
|
|-heal|p2a: Suicune|345\/368|[from] item: Leftovers
|turn|5
|
|move|p2a: Suicune|Ice Beam|p1a: Healthy Diet
|-supereffective|p1a: Healthy Diet
|-damage|p1a: Healthy Diet|0 fnt
|faint|p1a: Healthy Diet
|
|-heal|p2a: Suicune|368\/368|[from] item: Leftovers
|
|switch|p1a: Fuccboii|Sharpedo, M, shiny|281\/281
|turn|6
|
|detailschange|p1a: Fuccboii|Sharpedo-Mega, M, shiny
|-mega|p1a: Fuccboii|Sharpedo|Sharpedonite
|move|p1a: Fuccboii|Crunch|p2a: Suicune
|-damage|p2a: Suicune|140\/368
|move|p2a: Suicune|Scald|p1a: Fuccboii
|-resisted|p1a: Fuccboii
|-damage|p1a: Fuccboii|152\/281
|
|-heal|p2a: Suicune|163\/368|[from] item: Leftovers
|turn|7
|
|switch|p2a: Zygarde|Zygarde|357\/357
|-ability|p2a: Zygarde|Aura Break
|move|p1a: Fuccboii|Crunch|p2a: Zygarde
|-damage|p2a: Zygarde|141\/357
|
|turn|8
|
|move|p2a: Zygarde|Extreme Speed|p1a: Fuccboii
|-damage|p1a: Fuccboii|21\/281
|-damage|p2a: Zygarde|106\/357|[from] item: Life Orb
|move|p1a: Fuccboii|Ice Fang|p2a: Zygarde
|-crit|p2a: Zygarde
|-supereffective|p2a: Zygarde
|-damage|p2a: Zygarde|0 fnt
|faint|p2a: Zygarde
|
|
|switch|p2a: Entei|Entei, shiny|371\/371
|-ability|p2a: Entei|Pressure
|turn|9
|
|move|p1a: Fuccboii|Protect|p1a: Fuccboii
|-singleturn|p1a: Fuccboii|Protect
|move|p2a: Entei|Extreme Speed|p1a: Fuccboii
|-activate|p1a: Fuccboii|Protect
|
|turn|10
|
|switch|p1a: Steve|Donphan, M|322\/322
|move|p2a: Entei|Extreme Speed|p1a: Steve
|-damage|p1a: Steve|224\/322
|
|-heal|p1a: Steve|244\/322|[from] item: Leftovers
|turn|11
|
|switch|p2a: Pidgeot|Pidgeot, M|307\/307
|move|p1a: Steve|Stealth Rock|p2a: Pidgeot
|-sidestart|p2: CoolStoryBrobat|move: Stealth Rock
|
|-heal|p1a: Steve|264\/322|[from] item: Leftovers
|turn|12
|
|switch|p1a: Ay Der Cune|Vaporeon, F|452\/452
|detailschange|p2a: Pidgeot|Pidgeot-Mega, M
|-mega|p2a: Pidgeot|Pidgeot|Pidgeotite
|move|p2a: Pidgeot|Hurricane|p1a: Ay Der Cune
|-damage|p1a: Ay Der Cune|271\/452
|-start|p1a: Ay Der Cune|confusion
|
|-heal|p1a: Ay Der Cune|299\/452|[from] item: Leftovers
|turn|13
|join|Alldaalts
|
|move|p2a: Pidgeot|Work Up|p2a: Pidgeot
|-boost|p2a: Pidgeot|atk|1
|-boost|p2a: Pidgeot|spa|1
|-activate|p1a: Ay Der Cune|confusion
|-damage|p1a: Ay Der Cune|278\/452|[from] confusion
|
|-heal|p1a: Ay Der Cune|306\/452|[from] item: Leftovers
|turn|14
|
|move|p2a: Pidgeot|Hurricane|p1a: Ay Der Cune
|-damage|p1a: Ay Der Cune|11\/452
|-activate|p1a: Ay Der Cune|confusion
|move|p1a: Ay Der Cune|Scald|p2a: Pidgeot
|-damage|p2a: Pidgeot|192\/307
|
|-heal|p1a: Ay Der Cune|39\/452|[from] item: Leftovers
|turn|15
|
|-activate|p1a: Ay Der Cune|confusion
|move|p1a: Ay Der Cune|Protect|p1a: Ay Der Cune
|-singleturn|p1a: Ay Der Cune|Protect
|move|p2a: Pidgeot|Hurricane|p1a: Ay Der Cune
|-activate|p1a: Ay Der Cune|Protect
|
|-heal|p1a: Ay Der Cune|67\/452|[from] item: Leftovers
|turn|16
|
|move|p2a: Pidgeot|Hurricane|p1a: Ay Der Cune
|-damage|p1a: Ay Der Cune|0 fnt
|faint|p1a: Ay Der Cune
|
|
|switch|p1a: Fuccboii 2.0|Jirachi, shiny|341\/341
|turn|17
|join|Dread Plate
|
|move|p1a: Fuccboii 2.0|Iron Head|p2a: Pidgeot
|-damage|p2a: Pidgeot|60\/307
|cant|p2a: Pidgeot|flinch
|
|turn|18
|
|move|p1a: Fuccboii 2.0|Iron Head|p2a: Pidgeot
|-damage|p2a: Pidgeot|0 fnt
|faint|p2a: Pidgeot
|
|join|sagasgsgasdg
|leave|sagasgsgasdg
|leave|OGWanka
|leave|Alldaalts
|
|switch|p2a: Entei|Entei, shiny|371\/371
|-damage|p2a: Entei|279\/371|[from] Stealth Rock
|-ability|p2a: Entei|Pressure
|turn|19
|join|Shit User
|c| Shit User|i love how
|c| Shit User|entei
|c| Shit User|just poops
|join|Alldaalts
|
|switch|p1a: Fuccboii|Sharpedo-Mega, M, shiny|21\/281
|move|p2a: Entei|Sacred Fire|p1a: Fuccboii
|-resisted|p1a: Fuccboii
|-damage|p1a: Fuccboii|0 fnt
|faint|p1a: Fuccboii
|
|c|âCoolStoryBrobat|Not with my kinda luck
|c|âxShiba|on my entire team
|c|âxShiba|after vappy
|c| Shit User|even with vap
|c| Shit User|vap isnt reliable
|c| Shit User|and burn
|
|switch|p1a: Zoom Zoom|Yanmega, M, shiny|313\/313
|turn|20
|c| Shit User|nice
|c| Shit User|donphan
|c| Shit User|i gues
|c| Shit User|he has
|c| Shit User|counters
|c| Shit User|but u aint flinchin
|
|move|p1a: Zoom Zoom|Protect|p1a: Zoom Zoom
|-singleturn|p1a: Zoom Zoom|Protect
|move|p2a: Entei|Sacred Fire|p1a: Zoom Zoom
|-activate|p1a: Zoom Zoom|Protect
|
|-boost|p1a: Zoom Zoom|spe|1|[from] ability: Speed Boost
|turn|21
|c|âxShiba|yeah i just did the calcs
|c|âxShiba|bad play
|c|âxShiba|lmao
|join|Mike Hunts
|c|âCoolStoryBrobat|Feel free to switch
|
|move|p1a: Zoom Zoom|Air Slash|p2a: Entei
|-damage|p2a: Entei|71\/371
|-damage|p1a: Zoom Zoom|282\/313|[from] item: Life Orb
|move|p2a: Entei|Sacred Fire|p1a: Zoom Zoom
|-supereffective|p1a: Zoom Zoom
|-damage|p1a: Zoom Zoom|0 fnt
|faint|p1a: Zoom Zoom
|
|c| Shit User|:[
|c| Shit User|1 rachi flinch
|c| Shit User|e-z
|
|switch|p1a: Steve|Donphan, M|264\/322
|turn|22
|c|âCoolStoryBrobat|unleash the shard
|
|move|p2a: Entei|Sacred Fire|p1a: Steve
|-damage|p1a: Steve|105\/322
|move|p1a: Steve|Earthquake|p2a: Entei
|-supereffective|p2a: Entei
|-damage|p2a: Entei|0 fnt
|faint|p2a: Entei
|
|-heal|p1a: Steve|125\/322|[from] item: Leftovers
|
|switch|p2a: Suicune|Suicune|163\/368
|-damage|p2a: Suicune|117\/368|[from] Stealth Rock
|-ability|p2a: Suicune|Pressure
|turn|23
|
|move|p2a: Suicune|Scald|p1a: Steve
|-supereffective|p1a: Steve
|-damage|p1a: Steve|0 fnt
|faint|p1a: Steve
|
|-heal|p2a: Suicune|140\/368|[from] item: Leftovers
|c|âxShiba|ez flinches
|c|âxShiba|incoming
|
|switch|p1a: Fuccboii 2.0|Jirachi, shiny|341\/341
|turn|24
|c|âCoolStoryBrobat|Healing Wish here
|c|âCoolStoryBrobat|Revive Sharpedo
|
|move|p1a: Fuccboii 2.0|Iron Head|p2a: Suicune
|-resisted|p2a: Suicune
|-damage|p2a: Suicune|89\/368
|move|p2a: Suicune|Scald|p1a: Fuccboii 2.0
|-damage|p1a: Fuccboii 2.0|227\/341
|
|-heal|p2a: Suicune|112\/368|[from] item: Leftovers
|turn|25
|leave|Alldaalts
|c|âxShiba|if only
|c|âxShiba|zzz
|
|move|p1a: Fuccboii 2.0|Iron Head|p2a: Suicune
|-resisted|p2a: Suicune
|-damage|p2a: Suicune|58\/368
|cant|p2a: Suicune|flinch
|
|-heal|p2a: Suicune|81\/368|[from] item: Leftovers
|turn|26
|c| Shit User|if healing wish revived
|c| Shit User|by god
|
|move|p1a: Fuccboii 2.0|Iron Head|p2a: Suicune
|-resisted|p2a: Suicune
|-damage|p2a: Suicune|31\/368
|move|p2a: Suicune|Scald|p1a: Fuccboii 2.0
|-damage|p1a: Fuccboii 2.0|103\/341
|
|-heal|p2a: Suicune|54\/368|[from] item: Leftovers
|turn|27
|join|OGWanka
|
|move|p1a: Fuccboii 2.0|Iron Head|p2a: Suicune
|-resisted|p2a: Suicune
|-damage|p2a: Suicune|3\/368
|cant|p2a: Suicune|flinch
|
|-heal|p2a: Suicune|26\/368|[from] item: Leftovers
|turn|28
|c| Shit User|r u inner focus bat
|c|âCoolStoryBrobat|yeah
|c|âCoolStoryBrobat|With LO and HEat Wave
|
|move|p1a: Fuccboii 2.0|Iron Head|p2a: Suicune
|-resisted|p2a: Suicune
|-damage|p2a: Suicune|0 fnt
|faint|p2a: Suicune
|
|c| Shit User|no but
|c| Shit User|inner focus bat
|c| Shit User|is used
|c| Shit User|xd
|c|âCoolStoryBrobat|Nah fk dat
|
|switch|p2a: Hippowdon|Hippowdon, M|420\/420
|-damage|p2a: Hippowdon|394\/420|[from] Stealth Rock
|turn|29
|c| OGWanka|hippo come thru
|c|âCoolStoryBrobat|Not running inner focus for 1 mon I have like 4 checks to
|
|move|p1a: Fuccboii 2.0|Iron Head|p2a: Hippowdon
|-damage|p2a: Hippowdon|295\/420
|move|p2a: Hippowdon|Earthquake|p1a: Fuccboii 2.0
|-supereffective|p1a: Fuccboii 2.0
|-damage|p1a: Fuccboii 2.0|0 fnt
|faint|p1a: Fuccboii 2.0
|
|win|CoolStoryBrobat
|c|âCoolStoryBrobat|gg
|c|âxShiba|gg
|c| Shit User|kek
|leave|CoolStoryBrobat
|leave|xShiba
|leave|Shit User