|join|xShiba
|join|In Your Window
|player|p1|xShiba|260
|player|p2|In Your Window|266
|gametype|singles
|gen|6
|tier|UU
|rated
|rule|Sleep Clause Mod: Limit one foe put to sleep
|rule|Species Clause: Limit one of each PokÃ©mon
|rule|OHKO Clause: OHKO moves are banned
|rule|Moody Clause: Moody is banned
|rule|Evasion Moves Clause: Evasion moves are banned
|rule|Endless Battle Clause: Forcing endless battles is banned
|rule|HP Percentage Mod: HP is shown in percentages
|clearpoke
|poke|p1|Aerodactyl, M
|poke|p1|Hydreigon, M, shiny
|poke|p1|Porygon-Z, shiny
|poke|p1|Mienshao, M
|poke|p1|Starmie, shiny
|poke|p1|Celebi
|poke|p2|Abomasnow, F
|poke|p2|Starmie
|poke|p2|Hydreigon, M
|poke|p2|Jirachi
|poke|p2|Nidoqueen, F
|poke|p2|Blissey, F, shiny
|rule|Swagger Clause: Swagger is banned
|rule|Baton Pass Clause: Limit one PokÃ©mon knowing Baton Pass
|teampreview
|
|start
|switch|p1a: Floppy The God|Mienshao, M|271\/271
|switch|p2a: Nidoqueen|Nidoqueen, F|383\/383
|turn|1
|
|move|p1a: Floppy The God|U-turn|p2a: Nidoqueen
|-resisted|p2a: Nidoqueen
|-damage|p2a: Nidoqueen|352\/383
|
|switch|p1a: Wrecking Face|Porygon-Z, shiny|311\/311
|move|p2a: Nidoqueen|Ice Beam|p1a: Wrecking Face
|-damage|p1a: Wrecking Face|214\/311
|
|-heal|p2a: Nidoqueen|375\/383|[from] item: Black Sludge
|turn|2
|
|switch|p2a: Jirachi|Jirachi|404\/404
|move|p1a: Wrecking Face|Tri Attack|p2a: Jirachi
|-resisted|p2a: Jirachi
|-damage|p2a: Jirachi|251\/404
|-status|p2a: Jirachi|par
|
|-heal|p2a: Jirachi|276\/404 par|[from] item: Leftovers
|turn|3
|
|move|p1a: Wrecking Face|Tri Attack|p2a: Jirachi
|-resisted|p2a: Jirachi
|-damage|p2a: Jirachi|106\/404 par
|move|p2a: Jirachi|Toxic|p1a: Wrecking Face
|-status|p1a: Wrecking Face|tox
|
|-heal|p2a: Jirachi|131\/404 par|[from] item: Leftovers
|-damage|p1a: Wrecking Face|195\/311 tox|[from] psn
|turn|4
|
|switch|p2a: Blissey|Blissey, F, shiny|713\/713
|move|p1a: Wrecking Face|Tri Attack|p2a: Blissey
|-damage|p2a: Blissey|465\/713
|
|-heal|p2a: Blissey|509\/713|[from] item: Leftovers
|-damage|p1a: Wrecking Face|157\/311 tox|[from] psn
|turn|5
|
|switch|p1a: Hail Hydra|Hydreigon, M, shiny|325\/325
|move|p2a: Blissey|Stealth Rock|p1a: Hail Hydra
|-sidestart|p1: xShiba|move: Stealth Rock
|
|-heal|p2a: Blissey|553\/713|[from] item: Leftovers
|turn|6
|
|switch|p2a: Jirachi|Jirachi|131\/404 par
|move|p1a: Hail Hydra|Superpower|p2a: Jirachi
|-damage|p2a: Jirachi|6\/404 par
|-unboost|p1a: Hail Hydra|atk|1
|-unboost|p1a: Hail Hydra|def|1
|-damage|p1a: Hail Hydra|293\/325|[from] item: Life Orb
|
|-heal|p2a: Jirachi|31\/404 par|[from] item: Leftovers
|turn|7
|
|switch|p2a: Blissey|Blissey, F, shiny|553\/713
|move|p1a: Hail Hydra|Dark Pulse|p2a: Blissey
|-damage|p2a: Blissey|407\/713
|-damage|p1a: Hail Hydra|261\/325|[from] item: Life Orb
|
|-heal|p2a: Blissey|451\/713|[from] item: Leftovers
|turn|8
|
|move|p1a: Hail Hydra|Superpower|p2a: Blissey
|-supereffective|p2a: Blissey
|-damage|p2a: Blissey|121\/713
|-unboost|p1a: Hail Hydra|atk|1
|-unboost|p1a: Hail Hydra|def|1
|-damage|p1a: Hail Hydra|229\/325|[from] item: Life Orb
|move|p2a: Blissey|Thunder Wave|p1a: Hail Hydra
|-status|p1a: Hail Hydra|par
|
|-heal|p2a: Blissey|165\/713|[from] item: Leftovers
|turn|9
|
|move|p2a: Blissey|Soft-Boiled|p2a: Blissey
|-heal|p2a: Blissey|522\/713
|move|p1a: Hail Hydra|Draco Meteor|p2a: Blissey
|-damage|p2a: Blissey|295\/713
|-unboost|p1a: Hail Hydra|spa|2
|-damage|p1a: Hail Hydra|197\/325 par|[from] item: Life Orb
|
|-heal|p2a: Blissey|339\/713|[from] item: Leftovers
|turn|10
|c|âxShiba|nasty blissey set
|c|âxShiba|lmao
|
|switch|p1a: 5-Star'd|Starmie, shiny|324\/324
|-damage|p1a: 5-Star'd|284\/324|[from] Stealth Rock
|move|p2a: Blissey|Seismic Toss|p1a: 5-Star'd
|-damage|p1a: 5-Star'd|184\/324
|
|-heal|p1a: 5-Star'd|204\/324|[from] item: Leftovers
|-heal|p2a: Blissey|383\/713|[from] item: Leftovers
|turn|11
|
|move|p1a: 5-Star'd|Rapid Spin|p2a: Blissey
|-damage|p2a: Blissey|363\/713
|-sideend|p1: xShiba|Stealth Rock|[from] move: Rapid Spin|[of] p1a: 5-Star'd
|move|p2a: Blissey|Seismic Toss|p1a: 5-Star'd
|-damage|p1a: 5-Star'd|104\/324
|
|-heal|p1a: 5-Star'd|124\/324|[from] item: Leftovers
|-heal|p2a: Blissey|407\/713|[from] item: Leftovers
|turn|12
|
|move|p1a: 5-Star'd|Recover|p1a: 5-Star'd
|-heal|p1a: 5-Star'd|286\/324
|move|p2a: Blissey|Stealth Rock|p1a: 5-Star'd
|-sidestart|p1: xShiba|move: Stealth Rock
|
|-heal|p1a: 5-Star'd|306\/324|[from] item: Leftovers
|-heal|p2a: Blissey|451\/713|[from] item: Leftovers
|turn|13
|
|move|p1a: 5-Star'd|Rapid Spin|p2a: Blissey
|-damage|p2a: Blissey|429\/713
|-sideend|p1: xShiba|Stealth Rock|[from] move: Rapid Spin|[of] p1a: 5-Star'd
|move|p2a: Blissey|Thunder Wave|p1a: 5-Star'd
|-status|p1a: 5-Star'd|par
|
|-heal|p2a: Blissey|473\/713|[from] item: Leftovers
|-heal|p1a: 5-Star'd|324\/324 par|[from] item: Leftovers
|turn|14
|
|switch|p1a: Healthy Diet|Celebi|404\/404
|move|p2a: Blissey|Stealth Rock|p1a: Healthy Diet
|-sidestart|p1: xShiba|move: Stealth Rock
|
|-heal|p2a: Blissey|517\/713|[from] item: Leftovers
|turn|15
|
|move|p1a: Healthy Diet|Stealth Rock|p2a: Blissey
|-sidestart|p2: In Your Window|move: Stealth Rock
|move|p2a: Blissey|Seismic Toss|p1a: Healthy Diet
|-damage|p1a: Healthy Diet|304\/404
|
|-heal|p2a: Blissey|561\/713|[from] item: Leftovers
|turn|16
|
|switch|p1a: 5-Star'd|Starmie, shiny|324\/324
|-damage|p1a: 5-Star'd|284\/324|[from] Stealth Rock
|move|p2a: Blissey|Seismic Toss|p1a: 5-Star'd
|-damage|p1a: 5-Star'd|184\/324
|
|-heal|p1a: 5-Star'd|204\/324|[from] item: Leftovers
|-heal|p2a: Blissey|605\/713|[from] item: Leftovers
|turn|17
|
|move|p1a: 5-Star'd|Rapid Spin|p2a: Blissey
|-damage|p2a: Blissey|586\/713
|-sideend|p1: xShiba|Stealth Rock|[from] move: Rapid Spin|[of] p1a: 5-Star'd
|move|p2a: Blissey|Stealth Rock|p1a: 5-Star'd
|-sidestart|p1: xShiba|move: Stealth Rock
|
|-heal|p1a: 5-Star'd|224\/324|[from] item: Leftovers
|-heal|p2a: Blissey|630\/713|[from] item: Leftovers
|turn|18
|
|move|p1a: 5-Star'd|Rapid Spin|p2a: Blissey
|-damage|p2a: Blissey|610\/713
|-sideend|p1: xShiba|Stealth Rock|[from] move: Rapid Spin|[of] p1a: 5-Star'd
|move|p2a: Blissey|Seismic Toss|p1a: 5-Star'd
|-damage|p1a: 5-Star'd|124\/324
|
|-heal|p1a: 5-Star'd|144\/324|[from] item: Leftovers
|-heal|p2a: Blissey|654\/713|[from] item: Leftovers
|turn|19
|
|move|p1a: 5-Star'd|Scald|p2a: Blissey
|-damage|p2a: Blissey|575\/713
|move|p2a: Blissey|Stealth Rock|p1a: 5-Star'd
|-sidestart|p1: xShiba|move: Stealth Rock
|
|-heal|p1a: 5-Star'd|164\/324|[from] item: Leftovers
|-heal|p2a: Blissey|619\/713|[from] item: Leftovers
|turn|20
|
|move|p1a: 5-Star'd|Rapid Spin|p2a: Blissey
|-damage|p2a: Blissey|598\/713
|-sideend|p1: xShiba|Stealth Rock|[from] move: Rapid Spin|[of] p1a: 5-Star'd
|move|p2a: Blissey|Seismic Toss|p1a: 5-Star'd
|-damage|p1a: 5-Star'd|64\/324
|
|-heal|p1a: 5-Star'd|84\/324|[from] item: Leftovers
|-heal|p2a: Blissey|642\/713|[from] item: Leftovers
|turn|21
|
|move|p1a: 5-Star'd|Recover|p1a: 5-Star'd
|-heal|p1a: 5-Star'd|246\/324
|move|p2a: Blissey|Stealth Rock|p1a: 5-Star'd
|-sidestart|p1: xShiba|move: Stealth Rock
|
|-heal|p1a: 5-Star'd|266\/324|[from] item: Leftovers
|-heal|p2a: Blissey|686\/713|[from] item: Leftovers
|turn|22
|
|move|p1a: 5-Star'd|Rapid Spin|p2a: Blissey
|-damage|p2a: Blissey|665\/713
|-sideend|p1: xShiba|Stealth Rock|[from] move: Rapid Spin|[of] p1a: 5-Star'd
|move|p2a: Blissey|Thunder Wave|p1a: 5-Star'd
|-status|p1a: 5-Star'd|par
|
|-heal|p2a: Blissey|709\/713|[from] item: Leftovers
|-heal|p1a: 5-Star'd|286\/324 par|[from] item: Leftovers
|turn|23
|
|switch|p1a: Healthy Diet|Celebi|304\/404
|move|p2a: Blissey|Stealth Rock|p1a: Healthy Diet
|-sidestart|p1: xShiba|move: Stealth Rock
|
|-heal|p2a: Blissey|713\/713|[from] item: Leftovers
|turn|24
|
|move|p1a: Healthy Diet|Recover|p1a: Healthy Diet
|-heal|p1a: Healthy Diet|404\/404
|move|p2a: Blissey|Seismic Toss|p1a: Healthy Diet
|-damage|p1a: Healthy Diet|304\/404
|
|turn|25
|
|move|p1a: Healthy Diet|Recover|p1a: Healthy Diet
|-heal|p1a: Healthy Diet|404\/404
|move|p2a: Blissey|Soft-Boiled|p2a: Blissey
|-fail|p2a: Blissey
|
|turn|26
|
|switch|p1a: 5-Star'd|Starmie, shiny|286\/324
|-damage|p1a: 5-Star'd|246\/324|[from] Stealth Rock
|move|p2a: Blissey|Thunder Wave|p1a: 5-Star'd
|-status|p1a: 5-Star'd|par
|
|-heal|p1a: 5-Star'd|266\/324 par|[from] item: Leftovers
|turn|27
|
|move|p2a: Blissey|Seismic Toss|p1a: 5-Star'd
|-damage|p1a: 5-Star'd|166\/324 par
|cant|p1a: 5-Star'd|par
|
|-heal|p1a: 5-Star'd|186\/324 par|[from] item: Leftovers
|turn|28
|
|move|p2a: Blissey|Seismic Toss|p1a: 5-Star'd
|-damage|p1a: 5-Star'd|86\/324 par
|move|p1a: 5-Star'd|Recover|p1a: 5-Star'd
|-heal|p1a: 5-Star'd|248\/324 par
|
|-heal|p1a: 5-Star'd|268\/324 par|[from] item: Leftovers
|turn|29
|
|move|p2a: Blissey|Seismic Toss|p1a: 5-Star'd
|-damage|p1a: 5-Star'd|168\/324 par
|cant|p1a: 5-Star'd|par
|
|-heal|p1a: 5-Star'd|188\/324 par|[from] item: Leftovers
|turn|30
|
|move|p2a: Blissey|Seismic Toss|p1a: 5-Star'd
|-damage|p1a: 5-Star'd|88\/324 par
|move|p1a: 5-Star'd|Recover|p1a: 5-Star'd
|-heal|p1a: 5-Star'd|250\/324 par
|
|-heal|p1a: 5-Star'd|270\/324 par|[from] item: Leftovers
|turn|31
|
|move|p2a: Blissey|Seismic Toss|p1a: 5-Star'd
|-damage|p1a: 5-Star'd|170\/324 par
|move|p1a: 5-Star'd|Rapid Spin|p2a: Blissey
|-damage|p2a: Blissey|691\/713
|-sideend|p1: xShiba|Stealth Rock|[from] move: Rapid Spin|[of] p1a: 5-Star'd
|
|-heal|p2a: Blissey|713\/713|[from] item: Leftovers
|-heal|p1a: 5-Star'd|190\/324 par|[from] item: Leftovers
|turn|32
|
|move|p2a: Blissey|Stealth Rock|p1a: 5-Star'd
|-sidestart|p1: xShiba|move: Stealth Rock
|move|p1a: 5-Star'd|Recover|p1a: 5-Star'd
|-heal|p1a: 5-Star'd|324\/324 par
|
|turn|33
|
|switch|p2a: Abomasnow|Abomasnow, F|377\/377
|-damage|p2a: Abomasnow|283\/377|[from] Stealth Rock
|-weather|Hail
|cant|p1a: 5-Star'd|par
|
|-weather|Hail|[upkeep]
|-damage|p1a: 5-Star'd|304\/324 par|[from] hail
|-heal|p1a: 5-Star'd|324\/324 par|[from] item: Leftovers
|turn|34
|
|move|p2a: Abomasnow|Wood Hammer|p1a: 5-Star'd
|-supereffective|p1a: 5-Star'd
|-damage|p1a: 5-Star'd|22\/324 par
|-damage|p2a: Abomasnow|183\/377|[from] recoil|[of] p1a: 5-Star'd
|cant|p1a: 5-Star'd|par
|
|-weather|Hail|[upkeep]
|-damage|p1a: 5-Star'd|2\/324 par|[from] hail
|-heal|p1a: 5-Star'd|22\/324 par|[from] item: Leftovers
|turn|35
|
|move|p2a: Abomasnow|Ice Shard|p1a: 5-Star'd
|-resisted|p1a: 5-Star'd
|-damage|p1a: 5-Star'd|0 fnt
|faint|p1a: 5-Star'd
|
|-weather|Hail|[upkeep]
|
|switch|p1a: Floppy The God|Mienshao, M|271\/271
|-damage|p1a: Floppy The God|255\/271|[from] Stealth Rock
|turn|36
|
|switch|p2a: Nidoqueen|Nidoqueen, F|375\/383
|-damage|p2a: Nidoqueen|352\/383|[from] Stealth Rock
|move|p1a: Floppy The God|High Jump Kick|p2a: Nidoqueen
|-resisted|p2a: Nidoqueen
|-damage|p2a: Nidoqueen|250\/383
|
|-weather|Hail|[upkeep]
|-damage|p1a: Floppy The God|239\/271|[from] hail
|-damage|p2a: Nidoqueen|227\/383|[from] hail
|-heal|p2a: Nidoqueen|250\/383|[from] item: Black Sludge
|turn|37
|
|switch|p1a: Hail Hydra|Hydreigon, M, shiny|197\/325 par
|-damage|p1a: Hail Hydra|157\/325 par|[from] Stealth Rock
|move|p2a: Nidoqueen|Toxic Spikes|p1a: Hail Hydra
|-sidestart|p1: xShiba|move: Toxic Spikes
|
|-weather|none
|-heal|p2a: Nidoqueen|273\/383|[from] item: Black Sludge
|turn|38
|
|move|p2a: Nidoqueen|Ice Beam|p1a: Hail Hydra
|-supereffective|p1a: Hail Hydra
|-damage|p1a: Hail Hydra|9\/325 par
|cant|p1a: Hail Hydra|par
|
|-heal|p2a: Nidoqueen|296\/383|[from] item: Black Sludge
|turn|39
|
|move|p2a: Nidoqueen|Ice Beam|p1a: Hail Hydra
|-supereffective|p1a: Hail Hydra
|-damage|p1a: Hail Hydra|0 fnt
|faint|p1a: Hail Hydra
|
|-heal|p2a: Nidoqueen|319\/383|[from] item: Black Sludge
|
|switch|p1a: Wrecking Face|Porygon-Z, shiny|157\/311 tox
|-damage|p1a: Wrecking Face|119\/311 tox|[from] Stealth Rock
|turn|40
|
|switch|p2a: Blissey|Blissey, F, shiny|713\/713
|-damage|p2a: Blissey|624\/713|[from] Stealth Rock
|move|p1a: Wrecking Face|Tri Attack|p2a: Blissey
|-damage|p2a: Blissey|356\/713
|-status|p2a: Blissey|brn
|
|-heal|p2a: Blissey|400\/713 brn|[from] item: Leftovers
|-damage|p1a: Wrecking Face|100\/311 tox|[from] psn
|-damage|p2a: Blissey|311\/713 brn|[from] brn
|turn|41
|
|move|p1a: Wrecking Face|Tri Attack|p2a: Blissey
|-damage|p2a: Blissey|71\/713 brn
|move|p2a: Blissey|Soft-Boiled|p2a: Blissey
|-heal|p2a: Blissey|428\/713 brn
|
|-heal|p2a: Blissey|472\/713 brn|[from] item: Leftovers
|-damage|p1a: Wrecking Face|62\/311 tox|[from] psn
|-damage|p2a: Blissey|383\/713 brn|[from] brn
|turn|42
|
|move|p1a: Wrecking Face|Tri Attack|p2a: Blissey
|-damage|p2a: Blissey|115\/713 brn
|move|p2a: Blissey|Soft-Boiled|p2a: Blissey
|-heal|p2a: Blissey|472\/713 brn
|
|-heal|p2a: Blissey|516\/713 brn|[from] item: Leftovers
|-damage|p1a: Wrecking Face|5\/311 tox|[from] psn
|-damage|p2a: Blissey|427\/713 brn|[from] brn
|turn|43
|
|move|p1a: Wrecking Face|Tri Attack|p2a: Blissey
|-damage|p2a: Blissey|165\/713 brn
|move|p2a: Blissey|Soft-Boiled|p2a: Blissey
|-heal|p2a: Blissey|522\/713 brn
|
|-heal|p2a: Blissey|566\/713 brn|[from] item: Leftovers
|-damage|p1a: Wrecking Face|0 fnt|[from] psn
|-damage|p2a: Blissey|477\/713 brn|[from] brn
|faint|p1a: Wrecking Face
|
|switch|p1a: Floppy The God|Mienshao, M|239\/271
|-damage|p1a: Floppy The God|223\/271|[from] Stealth Rock
|-status|p1a: Floppy The God|psn
|turn|44
|
|switch|p2a: Nidoqueen|Nidoqueen, F|319\/383
|-damage|p2a: Nidoqueen|296\/383|[from] Stealth Rock
|move|p1a: Floppy The God|High Jump Kick|p2a: Nidoqueen
|-resisted|p2a: Nidoqueen
|-damage|p2a: Nidoqueen|196\/383
|
|-heal|p2a: Nidoqueen|219\/383|[from] item: Black Sludge
|-damage|p1a: Floppy The God|190\/271 psn|[from] psn
|turn|45
|
|switch|p1a: Healthy Diet|Celebi|404\/404
|-status|p1a: Healthy Diet|psn
|-damage|p1a: Healthy Diet|354\/404 psn|[from] Stealth Rock
|move|p2a: Nidoqueen|Ice Beam|p1a: Healthy Diet
|-supereffective|p1a: Healthy Diet
|-damage|p1a: Healthy Diet|252\/404 psn
|-enditem|p1a: Healthy Diet|Weakness Policy
|-boost|p1a: Healthy Diet|atk|2|[from] item: Weakness Policy
|-boost|p1a: Healthy Diet|spa|2|[from] item: Weakness Policy
|
|-heal|p2a: Nidoqueen|242\/383|[from] item: Black Sludge
|-damage|p1a: Healthy Diet|202\/404 psn|[from] psn
|turn|46
|
|switch|p2a: Hydreigon|Hydreigon, M|325\/325
|-damage|p2a: Hydreigon|285\/325|[from] Stealth Rock
|move|p1a: Healthy Diet|Recover|p1a: Healthy Diet
|-heal|p1a: Healthy Diet|404\/404 psn
|
|-damage|p1a: Healthy Diet|354\/404 psn|[from] psn
|turn|47
|
|move|p2a: Hydreigon|U-turn|p1a: Healthy Diet
|-supereffective|p1a: Healthy Diet
|-damage|p1a: Healthy Diet|138\/404 psn
|
|switch|p2a: Jirachi|Jirachi|31\/404 par
|-damage|p2a: Jirachi|6\/404 par|[from] Stealth Rock
|move|p1a: Healthy Diet|Baton Pass|p1a: Healthy Diet
|
|switch|p1a: Floppy The God|Mienshao, M|190\/271 psn
|-damage|p1a: Floppy The God|174\/271 psn|[from] Stealth Rock
|
|-heal|p2a: Jirachi|31\/404 par|[from] item: Leftovers
|-damage|p1a: Floppy The God|141\/271 psn|[from] psn
|turn|48
|
|move|p1a: Floppy The God|High Jump Kick|p2a: Jirachi
|-damage|p2a: Jirachi|0 fnt
|faint|p2a: Jirachi
|
|-damage|p1a: Floppy The God|108\/271 psn|[from] psn
|
|switch|p2a: Starmie|Starmie|323\/323
|-damage|p2a: Starmie|283\/323|[from] Stealth Rock
|turn|49
|
|move|p1a: Floppy The God|High Jump Kick|p2a: Starmie
|-resisted|p2a: Starmie
|-damage|p2a: Starmie|0 fnt
|faint|p2a: Starmie
|
|-damage|p1a: Floppy The God|75\/271 psn|[from] psn
|
|switch|p2a: Abomasnow|Abomasnow, F|183\/377
|-damage|p2a: Abomasnow|89\/377|[from] Stealth Rock
|-weather|Hail
|turn|50
|
|switch|p1a: Healthy Diet|Celebi|138\/404
|-damage|p1a: Healthy Diet|88\/404|[from] Stealth Rock
|-status|p1a: Healthy Diet|psn
|detailschange|p2a: Abomasnow|Abomasnow-Mega, F
|message|Abomasnow has Mega Evolved into Mega Abomasnow!
|move|p2a: Abomasnow|Ice Shard|p1a: Healthy Diet
|-supereffective|p1a: Healthy Diet
|-damage|p1a: Healthy Diet|0 fnt
|faint|p1a: Healthy Diet
|
|-weather|Hail|[upkeep]
|
|switch|p1a: Ultimate Terror|Aerodactyl, M|301\/301
|-damage|p1a: Ultimate Terror|226\/301|[from] Stealth Rock
|-ability|p1a: Ultimate Terror|Unnerve|p2: In Your Window
|turn|51
|
|detailschange|p1a: Ultimate Terror|Aerodactyl-Mega, M
|message|Aerodactyl has Mega Evolved into Mega Aerodactyl!
|move|p2a: Abomasnow|Ice Shard|p1a: Ultimate Terror
|-supereffective|p1a: Ultimate Terror
|-damage|p1a: Ultimate Terror|46\/301
|move|p1a: Ultimate Terror|Aerial Ace|p2a: Abomasnow
|-supereffective|p2a: Abomasnow
|-damage|p2a: Abomasnow|0 fnt
|faint|p2a: Abomasnow
|
|-weather|Hail|[upkeep]
|-damage|p1a: Ultimate Terror|28\/301|[from] hail
|
|switch|p2a: Nidoqueen|Nidoqueen, F|242\/383
|-damage|p2a: Nidoqueen|219\/383|[from] Stealth Rock
|turn|52
|
|move|p1a: Ultimate Terror|Earthquake|p2a: Nidoqueen
|-supereffective|p2a: Nidoqueen
|-damage|p2a: Nidoqueen|15\/383
|move|p2a: Nidoqueen|Ice Beam|p1a: Ultimate Terror
|-supereffective|p1a: Ultimate Terror
|-damage|p1a: Ultimate Terror|0 fnt
|faint|p1a: Ultimate Terror
|
|-weather|Hail|[upkeep]
|-damage|p2a: Nidoqueen|0 fnt|[from] hail
|faint|p2a: Nidoqueen
|
|switch|p1a: Floppy The God|Mienshao, M|75\/271 psn
|switch|p2a: Hydreigon|Hydreigon, M|285\/325
|-damage|p1a: Floppy The God|59\/271 psn|[from] Stealth Rock
|-damage|p2a: Hydreigon|245\/325|[from] Stealth Rock
|turn|53
|
|move|p1a: Floppy The God|High Jump Kick|p2a: Hydreigon
|-supereffective|p2a: Hydreigon
|-damage|p2a: Hydreigon|0 fnt
|faint|p2a: Hydreigon
|
|-weather|Hail|[upkeep]
|-damage|p1a: Floppy The God|43\/271 psn|[from] hail
|-damage|p1a: Floppy The God|10\/271 psn|[from] psn
|
|switch|p2a: Blissey|Blissey, F, shiny|477\/713
|-damage|p2a: Blissey|388\/713|[from] Stealth Rock
|turn|54
|c|âIn Your Window|gg
|
|move|p1a: Floppy The God|High Jump Kick|p2a: Blissey
|-supereffective|p2a: Blissey
|-damage|p2a: Blissey|0 fnt
|faint|p2a: Blissey
|
|win|xShiba
|raw|Ladder updating...
|c|âxShiba|gg
|leave|In Your Window
|player|p2
|raw|xShiba's rating: 1585 &rarr; <strong>1592<\/strong><br \/>(+7 for winning)
|raw|In Your Window's rating: 1320 &rarr; <strong>1313<\/strong><br \/>(-7 for losing)