|join|Demxer
|join|xShiba
|player|p1|Demxer|283
|player|p2|xShiba|260
|gametype|singles
|gen|6
|tier|UU
|rule|Sleep Clause Mod: Limit one foe put to sleep
|rule|Species Clause: Limit one of each PokÃ©mon
|rule|OHKO Clause: OHKO moves are banned
|rule|Moody Clause: Moody is banned
|rule|Evasion Moves Clause: Evasion moves are banned
|rule|Endless Battle Clause: Forcing endless battles is banned
|rule|HP Percentage Mod: HP is shown in percentages
|clearpoke
|poke|p1|Lopunny, M
|poke|p1|Shaymin
|poke|p1|Tentacruel, F
|poke|p1|Rotom-Heat
|poke|p1|Jirachi
|poke|p1|Azelf
|poke|p2|Aerodactyl, M
|poke|p2|Hydreigon, M, shiny
|poke|p2|Porygon-Z, shiny
|poke|p2|Mienshao, M
|poke|p2|Starmie, shiny
|poke|p2|Celebi
|rule|Swagger Clause: Swagger is banned
|rule|Baton Pass Clause: Limit one PokÃ©mon knowing Baton Pass
|teampreview
|join|Kyla's Nightmare
|c| Kyla's Nightmare|:)
|join|afdcvx
|c| Kyla's Nightmare|im gunna cheer in the crowds like moms do
|c|âxShiba|kek
|
|start
|switch|p1a: Azelf|Azelf|291\/291
|switch|p2a: Floppy The God|Mienshao, M|271\/271
|turn|1
|c| Kyla's Nightmare|woo nice job
|join|lkmlkmlkmlk
|
|move|p2a: Floppy The God|U-turn|p1a: Azelf
|-supereffective|p1a: Azelf
|-damage|p1a: Azelf|81\/291
|c| Kyla's Nightmare|woooooooooowwwww :^)
|
|switch|p2a: Ultimate Terror|Aerodactyl, M|301\/301
|-ability|p2a: Ultimate Terror|Unnerve|p1: Demxer
|move|p1a: Azelf|Knock Off|p2a: Ultimate Terror
|-damage|p2a: Ultimate Terror|192\/301
|
|turn|2
|c| Kyla's Nightmare|oooo
|c| Kyla's Nightmare|he took the bite
|
|detailschange|p2a: Ultimate Terror|Aerodactyl-Mega, M
|message|Aerodactyl has Mega Evolved into Mega Aerodactyl!
|move|p2a: Ultimate Terror|Aerial Ace|p1a: Azelf
|-damage|p1a: Azelf|0 fnt
|faint|p1a: Azelf
|
|c| Kyla's Nightmare|not bad
|
|switch|p1a: Jirachi|Jirachi|341\/341
|turn|3
|
|switch|p2a: 5-Star'd|Starmie, shiny|324\/324
|move|p1a: Jirachi|U-turn|p2a: 5-Star'd
|-supereffective|p2a: 5-Star'd
|-damage|p2a: 5-Star'd|216\/324
|c|âDemxer|bulk starmie to
|c|âDemxer|tho
|
|switch|p1a: Lopunny|Lopunny, M|272\/272
|
|-heal|p2a: 5-Star'd|236\/324|[from] item: Leftovers
|turn|4
|c|âxShiba|the best starmie imo
|c| Kyla's Nightmare|o
|
|detailschange|p1a: Lopunny|Lopunny-Mega, M
|message|Lopunny has Mega Evolved into Mega Lopunny!
|move|p1a: Lopunny|Fake Out|p2a: 5-Star'd
|-damage|p2a: 5-Star'd|176\/324
|cant|p2a: 5-Star'd|flinch
|
|-heal|p2a: 5-Star'd|196\/324|[from] item: Leftovers
|turn|5
|c|âDemxer|true
|c| Kyla's Nightmare|gj
|c| Kyla's Nightmare|better luck next time
|c|âDemxer|reveal reflect type
|
|switch|p1a: Tentacruel|Tentacruel, F|363\/363
|move|p2a: 5-Star'd|Scald|p1a: Tentacruel
|-resisted|p1a: Tentacruel
|-damage|p1a: Tentacruel|321\/363
|
|-heal|p2a: 5-Star'd|216\/324|[from] item: Leftovers
|-heal|p1a: Tentacruel|343\/363|[from] item: Black Sludge
|turn|6
|c| Kyla's Nightmare|:^)
|c|âxShiba|Return\/Frustration doesnt kill
|c|âxShiba|:^)
|c| Kyla's Nightmare|o sorry xshiba
|
|move|p2a: 5-Star'd|Recover|p2a: 5-Star'd
|-heal|p2a: 5-Star'd|324\/324
|move|p1a: Tentacruel|Toxic Spikes|p2a: 5-Star'd
|-sidestart|p2: xShiba|move: Toxic Spikes
|
|-heal|p1a: Tentacruel|363\/363|[from] item: Black Sludge
|turn|7
|c| Kyla's Nightmare|she switched
|
|switch|p1a: Shaymin|Shaymin|341\/341
|move|p2a: 5-Star'd|Rapid Spin|p1a: Shaymin
|-damage|p1a: Shaymin|329\/341
|-sideend|p2: xShiba|Toxic Spikes|[from] move: Rapid Spin|[of] p2a: 5-Star'd
|
|turn|8
|c| Kyla's Nightmare|woaw
|
|switch|p2a: Healthy Diet|Celebi|404\/404
|move|p1a: Shaymin|Seed Flare|p2a: Healthy Diet
|-crit|p2a: Healthy Diet
|-resisted|p2a: Healthy Diet
|-damage|p2a: Healthy Diet|264\/404
|-unboost|p2a: Healthy Diet|spd|2
|-damage|p1a: Shaymin|295\/341|[from] item: Life Orb
|
|turn|9
|c|âDemxer|ah
|c| Kyla's Nightmare|nice crit n3rd
|c|âDemxer|nice hax
|c| Kyla's Nightmare|er
|
|switch|p2a: Hail Hydra|Hydreigon, M, shiny|325\/325
|move|p1a: Shaymin|Dazzling Gleam|p2a: Hail Hydra
|-supereffective|p2a: Hail Hydra
|-damage|p2a: Hail Hydra|0 fnt
|-damage|p1a: Shaymin|261\/341|[from] item: Life Orb
|faint|p2a: Hail Hydra
|
|c| Kyla's Nightmare|*nice luck sir
|c|âxShiba|kek
|join|bathtap
|c| Kyla's Nightmare|wow
|join|Frickett
|c|âDemxer|>geam shaymin
|c| Kyla's Nightmare|u suck shiba
|c| Kyla's Nightmare|git gud
|c|âDemxer|^^
|c| Kyla's Nightmare|i dont wanna cheer for u anymore
|join|New Album
|
|switch|p2a: Ultimate Terror|Aerodactyl-Mega, M|192\/301
|turn|10
|join|LessThanThreeMan
|c| Kyla's Nightmare|im cheerin for demxer
|c| Kyla's Nightmare|uh oh
|c|âxShiba|rip
|c|âxShiba|bring rachi in
|
|switch|p1a: Rotom-Heat|Rotom-Heat|303\/303
|move|p2a: Ultimate Terror|Aerial Ace|p1a: Rotom-Heat
|-resisted|p1a: Rotom-Heat
|-damage|p1a: Rotom-Heat|234\/303
|
|-heal|p1a: Rotom-Heat|252\/303|[from] item: Leftovers
|turn|11
|join|MidnightSwami
|c|âDemxer|cool no eq
|
|switch|p1a: Jirachi|Jirachi|341\/341
|move|p2a: Ultimate Terror|Stone Edge|p1a: Jirachi|[miss]
|-miss|p2a: Ultimate Terror|p1a: Jirachi
|
|turn|12
|
|switch|p2a: 5-Star'd|Starmie, shiny|324\/324
|move|p1a: Jirachi|Iron Head|p2a: 5-Star'd
|-resisted|p2a: 5-Star'd
|-damage|p2a: 5-Star'd|280\/324
|
|-heal|p2a: 5-Star'd|300\/324|[from] item: Leftovers
|turn|13
|join|omegaW
|
|switch|p1a: Tentacruel|Tentacruel, F|363\/363
|move|p2a: 5-Star'd|Ice Beam|p1a: Tentacruel
|-resisted|p1a: Tentacruel
|-damage|p1a: Tentacruel|333\/363
|-status|p1a: Tentacruel|frz
|
|-heal|p2a: 5-Star'd|320\/324|[from] item: Leftovers
|-heal|p1a: Tentacruel|355\/363 frz|[from] item: Black Sludge
|turn|14
|join|lifairybread
|c|âxShiba|lmao
|
|move|p2a: 5-Star'd|Scald|p1a: Tentacruel
|-resisted|p1a: Tentacruel
|-damage|p1a: Tentacruel|316\/363 frz
|-curestatus|p1a: Tentacruel|frz
|move|p1a: Tentacruel|Scald|p2a: 5-Star'd
|-resisted|p2a: 5-Star'd
|-damage|p2a: 5-Star'd|272\/324
|
|-heal|p2a: 5-Star'd|292\/324|[from] item: Leftovers
|-heal|p1a: Tentacruel|338\/363|[from] item: Black Sludge
|turn|15
|c|âDemxer|tfw scald
|c|âxShiba|i wouldve liked that freeze on lop or something
|
|move|p2a: 5-Star'd|Scald|p1a: Tentacruel
|-resisted|p1a: Tentacruel
|-damage|p1a: Tentacruel|301\/363
|move|p1a: Tentacruel|Acid Spray|p2a: 5-Star'd
|-damage|p2a: 5-Star'd|249\/324
|-unboost|p2a: 5-Star'd|spd|2
|
|-heal|p2a: 5-Star'd|269\/324|[from] item: Leftovers
|-heal|p1a: Tentacruel|323\/363|[from] item: Black Sludge
|turn|16
|
|switch|p2a: Healthy Diet|Celebi|264\/404
|move|p1a: Tentacruel|Acid Spray|p2a: Healthy Diet
|-supereffective|p2a: Healthy Diet
|-damage|p2a: Healthy Diet|208\/404
|-enditem|p2a: Healthy Diet|Weakness Policy
|-boost|p2a: Healthy Diet|atk|2|[from] item: Weakness Policy
|-boost|p2a: Healthy Diet|spa|2|[from] item: Weakness Policy
|-unboost|p2a: Healthy Diet|spd|2
|
|-heal|p1a: Tentacruel|345\/363|[from] item: Black Sludge
|turn|17
|join|ThisIsIllogical
|c|âDemxer|wot
|
|move|p2a: Healthy Diet|Baton Pass|p2a: Healthy Diet
|c| New Album|rekt
|c|âDemxer|plz
|
|switch|p2a: 5-Star'd|Starmie, shiny|269\/324
|move|p1a: Tentacruel|Scald|p2a: 5-Star'd
|-resisted|p2a: 5-Star'd
|-damage|p2a: 5-Star'd|179\/324
|
|-heal|p2a: 5-Star'd|199\/324|[from] item: Leftovers
|-heal|p1a: Tentacruel|363\/363|[from] item: Black Sludge
|turn|18
|join|Ticantundra
|
|move|p2a: 5-Star'd|Scald|p1a: Tentacruel
|-resisted|p1a: Tentacruel
|-damage|p1a: Tentacruel|287\/363
|move|p1a: Tentacruel|Acid Spray|p2a: 5-Star'd
|-damage|p2a: 5-Star'd|111\/324
|-unboost|p2a: 5-Star'd|spd|2
|
|-heal|p2a: 5-Star'd|131\/324|[from] item: Leftovers
|-heal|p1a: Tentacruel|309\/363|[from] item: Black Sludge
|turn|19
|c|âDemxer|burn\/10
|
|switch|p2a: Wrecking Face|Porygon-Z, shiny|311\/311
|move|p1a: Tentacruel|Acid Spray|p2a: Wrecking Face
|-damage|p2a: Wrecking Face|265\/311
|-unboost|p2a: Wrecking Face|spd|2
|
|-heal|p1a: Tentacruel|331\/363|[from] item: Black Sludge
|turn|20
|c| New Album|if porygon-z was life orb agility, would've won the game
|c| omegaW|huh?
|
|move|p2a: Wrecking Face|Tri Attack|p1a: Tentacruel
|-damage|p1a: Tentacruel|57\/363
|move|p1a: Tentacruel|Scald|p2a: Wrecking Face
|-damage|p2a: Wrecking Face|69\/311
|-status|p2a: Wrecking Face|brn
|
|-heal|p1a: Tentacruel|79\/363|[from] item: Black Sludge
|-damage|p2a: Wrecking Face|31\/311 brn|[from] brn
|turn|21
|c| omegaW|why no psyshock
|c|âxShiba|mfw
|c|âDemxer|nice burn
|join|numbuh 274
|
|switch|p1a: Shaymin|Shaymin|261\/341
|move|p2a: Wrecking Face|Tri Attack|p1a: Shaymin
|-damage|p1a: Shaymin|0 fnt
|faint|p1a: Shaymin
|
|-damage|p2a: Wrecking Face|0 fnt|[from] brn
|faint|p2a: Wrecking Face
|c|âxShiba|!learn porygon-z, psyshock
|raw|<div class="infobox">Porygon-Z <span class="message-learn-canlearn">can<\/span> learn Psyshock<\/ul><\/div>
|c| New Album|wins with aero
|c|âxShiba|why was i not aware of this
|c|âDemxer|im scarf rachi
|
|switch|p2a: Floppy The God|Mienshao, M|271\/271
|switch|p1a: Rotom-Heat|Rotom-Heat|252\/303
|turn|22
|c| New Album|and he has starmie
|c| omegaW|no switch ins
|c| New Album|#noswitchins
|
|move|p2a: Floppy The God|U-turn|p1a: Rotom-Heat
|-resisted|p1a: Rotom-Heat
|-damage|p1a: Rotom-Heat|213\/303
|c| omegaW|noooooo
|
|switch|p2a: Healthy Diet|Celebi|208\/404
|move|p1a: Rotom-Heat|Will-O-Wisp|p2a: Healthy Diet
|-status|p2a: Healthy Diet|brn
|
|-heal|p1a: Rotom-Heat|231\/303|[from] item: Leftovers
|-damage|p2a: Healthy Diet|158\/404 brn|[from] brn
|turn|23
|c|âxShiba|hes defensive
|join|Venom GT
|c| omegaW|wouldnt hjk kill
|c|âDemxer|>recycle weakness policy
|c| omegaW|specially defensive
|c|âxShiba|n
|c|âDemxer|max hp is max hp
|
|move|p2a: Healthy Diet|Stealth Rock|p1a: Rotom-Heat
|-sidestart|p1: Demxer|move: Stealth Rock
|move|p1a: Rotom-Heat|Will-O-Wisp|p2a: Healthy Diet
|-fail|p2a: Healthy Diet|brn
|
|-heal|p1a: Rotom-Heat|249\/303|[from] item: Leftovers
|-damage|p2a: Healthy Diet|108\/404 brn|[from] brn
|turn|24
|join|JM180
|c| New Album|turn 23 rocks
|
|move|p2a: Healthy Diet|Recover|p2a: Healthy Diet
|-heal|p2a: Healthy Diet|310\/404 brn
|move|p1a: Rotom-Heat|Will-O-Wisp|p2a: Healthy Diet|[miss]
|-miss|p1a: Rotom-Heat|p2a: Healthy Diet
|
|-heal|p1a: Rotom-Heat|267\/303|[from] item: Leftovers
|-damage|p2a: Healthy Diet|260\/404 brn|[from] brn
|turn|25
|c| New Album|best play
|c|âxShiba|im not switching out lmao
|
|move|p2a: Healthy Diet|Recover|p2a: Healthy Diet
|-heal|p2a: Healthy Diet|404\/404 brn
|move|p1a: Rotom-Heat|Overheat|p2a: Healthy Diet
|-supereffective|p2a: Healthy Diet
|-damage|p2a: Healthy Diet|158\/404 brn
|-unboost|p1a: Rotom-Heat|spa|2
|
|-heal|p1a: Rotom-Heat|285\/303|[from] item: Leftovers
|-damage|p2a: Healthy Diet|108\/404 brn|[from] brn
|turn|26
|
|move|p2a: Healthy Diet|Recover|p2a: Healthy Diet
|-heal|p2a: Healthy Diet|310\/404 brn
|move|p1a: Rotom-Heat|Overheat|p2a: Healthy Diet
|-supereffective|p2a: Healthy Diet
|-damage|p2a: Healthy Diet|178\/404 brn
|-unboost|p1a: Rotom-Heat|spa|2
|
|-heal|p1a: Rotom-Heat|303\/303|[from] item: Leftovers
|-damage|p2a: Healthy Diet|128\/404 brn|[from] brn
|turn|27
|c|âDemxer|crit where
|
|switch|p1a: Jirachi|Jirachi|341\/341
|-damage|p1a: Jirachi|320\/341|[from] Stealth Rock
|move|p2a: Healthy Diet|Recover|p2a: Healthy Diet
|-heal|p2a: Healthy Diet|330\/404 brn
|
|-damage|p2a: Healthy Diet|280\/404 brn|[from] brn
|turn|28
|
|move|p1a: Jirachi|U-turn|p2a: Healthy Diet
|-supereffective|p2a: Healthy Diet
|-damage|p2a: Healthy Diet|24\/404 brn
|c| New Album|earth power celebi coming through
|c|âDemxer|bulk
|
|switch|p1a: Rotom-Heat|Rotom-Heat|303\/303
|-damage|p1a: Rotom-Heat|228\/303|[from] Stealth Rock
|move|p2a: Healthy Diet|Baton Pass|p2a: Healthy Diet
|
|switch|p2a: 5-Star'd|Starmie, shiny|131\/324
|
|-heal|p2a: 5-Star'd|151\/324|[from] item: Leftovers
|-heal|p1a: Rotom-Heat|246\/303|[from] item: Leftovers
|turn|29
|
|switch|p1a: Tentacruel|Tentacruel, F|79\/363
|-damage|p1a: Tentacruel|34\/363|[from] Stealth Rock
|move|p2a: 5-Star'd|Scald|p1a: Tentacruel
|-crit|p1a: Tentacruel
|-resisted|p1a: Tentacruel
|-damage|p1a: Tentacruel|0 fnt
|faint|p1a: Tentacruel
|
|-heal|p2a: 5-Star'd|171\/324|[from] item: Leftovers
|c| New Album|if defensive starmie, starmie wins
|
|switch|p1a: Lopunny|Lopunny-Mega, M|272\/272
|-damage|p1a: Lopunny|255\/272|[from] Stealth Rock
|turn|30
|c|âxShiba|stronk crit
|join|Doctor Ciel
|c|âDemxer|time to crit i guess
|c|âDemxer|:\/
|
|switch|p2a: Healthy Diet|Celebi|24\/404
|move|p1a: Lopunny|Fake Out|p2a: Healthy Diet
|-damage|p2a: Healthy Diet|0 fnt
|faint|p2a: Healthy Diet
|
|leave|Doctor Ciel
|
|switch|p2a: Floppy The God|Mienshao, M|271\/271
|turn|31
|c| omegaW|floppy!
|join|YeLlOwâSkArMoRyâ
|c| New Album|you can never count on mienshao late game
|c| MidnightSwami|aero? aerial ace?
|c| New Album|ever
|c|âDemxer|hm
|c| omegaW|hes scarf sooo
|c|âxShiba|lol n
|c| New Album|jirachi bait
|c|âDemxer|this is a hard decision
|c|âxShiba|he cant switch in on a HJK
|c| omegaW|he pretty much wins lol
|join|GATIRCO
|c|âxShiba|he can switch in on a aerial
|leave|JM180
|c|âxShiba|its pretty much RIP something here
|
|move|p2a: Floppy The God|High Jump Kick|p1a: Lopunny
|-supereffective|p1a: Lopunny
|-damage|p1a: Lopunny|0 fnt
|faint|p1a: Lopunny
|
|c|âDemxer|welp
|c|âDemxer|gg
|
|switch|p1a: Jirachi|Jirachi|320\/341
|-damage|p1a: Jirachi|299\/341|[from] Stealth Rock
|turn|32
|c| omegaW|hjk kills rotom at that range right?
|c| New Album|if only lop ran protect
|c| omegaW|after rocks
|c|âDemxer|yes
|c|âxShiba|n
|c|âxShiba|if he switched in i could 2HKO him
|c| omegaW|rachi cant kill floppy right?
|c| New Album|aero and starmie can still clean up though
|
|switch|p2a: 5-Star'd|Starmie, shiny|171\/324
|move|p1a: Jirachi|Iron Head|p2a: 5-Star'd
|-resisted|p2a: 5-Star'd
|-damage|p2a: 5-Star'd|123\/324
|
|-heal|p2a: 5-Star'd|143\/324|[from] item: Leftovers
|turn|33
|c| New Album|he's not jolly is he -_-
|c|âDemxer|you'd be surprised
|c|âxShiba|he is
|c| New Album|no i'm talking about you shiba lmao
|c| GATIRCO|it is
|
|move|p1a: Jirachi|Iron Head|p2a: 5-Star'd
|-resisted|p2a: 5-Star'd
|-damage|p2a: 5-Star'd|98\/324
|move|p2a: 5-Star'd|Scald|p1a: Jirachi
|-damage|p1a: Jirachi|203\/341
|
|-heal|p2a: 5-Star'd|118\/324|[from] item: Leftovers
|turn|34
|c|âDemxer|poor shiba
|c|âDemxer|no burns
|c|âxShiba|no burns
|
|move|p1a: Jirachi|Iron Head|p2a: 5-Star'd
|-resisted|p2a: 5-Star'd
|-damage|p2a: 5-Star'd|73\/324
|move|p2a: 5-Star'd|Recover|p2a: 5-Star'd
|-heal|p2a: 5-Star'd|235\/324
|
|-heal|p2a: 5-Star'd|255\/324|[from] item: Leftovers
|turn|35
|c|âxShiba|rip
|c|âxShiba|solid
|c|âDemxer|no flinches
|c|âDemxer|rip
|c|âDemxer|hax me moar
|
|move|p1a: Jirachi|Iron Head|p2a: 5-Star'd
|-resisted|p2a: 5-Star'd
|-damage|p2a: 5-Star'd|207\/324
|move|p2a: 5-Star'd|Scald|p1a: Jirachi
|-damage|p1a: Jirachi|110\/341
|
|-heal|p2a: 5-Star'd|227\/324|[from] item: Leftovers
|turn|36
|c| New Album|60% my ass
|c| ThisIsIllogical|serene grace be slippin
|c|âxShiba|inner focus
|c| omegaW|well you are the one with the hax god
|
|move|p1a: Jirachi|Iron Head|p2a: 5-Star'd
|-resisted|p2a: 5-Star'd
|-damage|p2a: 5-Star'd|182\/324
|cant|p2a: 5-Star'd|flinch
|
|-heal|p2a: 5-Star'd|202\/324|[from] item: Leftovers
|turn|37
|c| New Album|burns don't even matter
|c| New Album|imo
|c| YeLlOwâSkArMoRyâ|rip inner focus
|
|move|p1a: Jirachi|Iron Head|p2a: 5-Star'd
|-resisted|p2a: 5-Star'd
|-damage|p2a: 5-Star'd|154\/324
|cant|p2a: 5-Star'd|flinch
|
|-heal|p2a: 5-Star'd|174\/324|[from] item: Leftovers
|turn|38
|c| omegaW|inb4 scald burn
|c| omegaW|Â¯\_(ã)_\/Â¯
|c|âDemxer|jirachi if you win me this i'll vote for you to stay uu
|
|move|p1a: Jirachi|Iron Head|p2a: 5-Star'd
|-resisted|p2a: 5-Star'd
|-damage|p2a: 5-Star'd|129\/324
|move|p2a: 5-Star'd|Recover|p2a: 5-Star'd
|-heal|p2a: 5-Star'd|291\/324
|
|-heal|p2a: 5-Star'd|311\/324|[from] item: Leftovers
|turn|39
|c|âxShiba|nope.
|c|âxShiba|lmao
|c| New Album|how many iron heads do you have left?
|c|âDemxer|consider yourself banned you stupid fairy
|
|move|p1a: Jirachi|Iron Head|p2a: 5-Star'd
|-resisted|p2a: 5-Star'd
|-damage|p2a: 5-Star'd|260\/324
|move|p2a: 5-Star'd|Scald|p1a: Jirachi
|-damage|p1a: Jirachi|7\/341
|
|-heal|p2a: 5-Star'd|280\/324|[from] item: Leftovers
|turn|40
|c| omegaW|No get that thing out of UU
|c| omegaW|>:[
|c|âDemxer|no burn\/10
|c|âxShiba|o____o
|
|move|p1a: Jirachi|Iron Head|p2a: 5-Star'd
|-resisted|p2a: 5-Star'd
|-damage|p2a: 5-Star'd|228\/324
|cant|p2a: 5-Star'd|flinch
|
|-heal|p2a: 5-Star'd|248\/324|[from] item: Leftovers
|turn|41
|c|âxShiba|hullo
|join|tahapplepieman
|
|move|p1a: Jirachi|Iron Head|p2a: 5-Star'd
|-resisted|p2a: 5-Star'd
|-damage|p2a: 5-Star'd|202\/324
|move|p2a: 5-Star'd|Recover|p2a: 5-Star'd
|-heal|p2a: 5-Star'd|324\/324
|
|turn|42
|
|move|p1a: Jirachi|Iron Head|p2a: 5-Star'd
|-resisted|p2a: 5-Star'd
|-damage|p2a: 5-Star'd|274\/324
|cant|p2a: 5-Star'd|flinch
|
|-heal|p2a: 5-Star'd|294\/324|[from] item: Leftovers
|turn|43
|c|âDemxer|shouldnt have let tenta die in hindsight
|
|move|p1a: Jirachi|Iron Head|p2a: 5-Star'd
|-resisted|p2a: 5-Star'd
|-damage|p2a: 5-Star'd|247\/324
|cant|p2a: 5-Star'd|flinch
|
|-heal|p2a: 5-Star'd|267\/324|[from] item: Leftovers
|turn|44
|
|move|p1a: Jirachi|Iron Head|p2a: 5-Star'd
|-resisted|p2a: 5-Star'd
|-damage|p2a: 5-Star'd|222\/324
|move|p2a: 5-Star'd|Scald|p1a: Jirachi
|-damage|p1a: Jirachi|0 fnt
|faint|p1a: Jirachi
|
|-heal|p2a: 5-Star'd|242\/324|[from] item: Leftovers
|
|switch|p1a: Rotom-Heat|Rotom-Heat|246\/303
|-damage|p1a: Rotom-Heat|171\/303|[from] Stealth Rock
|turn|45
|
|move|p2a: 5-Star'd|Scald|p1a: Rotom-Heat
|-supereffective|p1a: Rotom-Heat
|-damage|p1a: Rotom-Heat|31\/303
|move|p1a: Rotom-Heat|Pain Split|p2a: 5-Star'd
|-sethp|p2a: 5-Star'd|136\/324|p1a: Rotom-Heat|136\/303|[from] move: Pain Split
|
|-heal|p2a: 5-Star'd|156\/324|[from] item: Leftovers
|-heal|p1a: Rotom-Heat|154\/303|[from] item: Leftovers
|turn|46
|c| New Album|lmao
|c|âxShiba|mfw
|
|move|p2a: 5-Star'd|Scald|p1a: Rotom-Heat
|-supereffective|p1a: Rotom-Heat
|-damage|p1a: Rotom-Heat|16\/303
|move|p1a: Rotom-Heat|Volt Switch|p2a: 5-Star'd
|-supereffective|p2a: 5-Star'd
|-damage|p2a: 5-Star'd|0 fnt
|faint|p2a: 5-Star'd
|
|-heal|p1a: Rotom-Heat|34\/303|[from] item: Leftovers
|c|âDemxer|get boopep
|
|switch|p2a: Ultimate Terror|Aerodactyl-Mega, M|192\/301
|turn|47
|c| ThisIsIllogical|3-0 denied
|c| Venom GT|gg
|
|move|p2a: Ultimate Terror|Aerial Ace|p1a: Rotom-Heat
|-resisted|p1a: Rotom-Heat
|-damage|p1a: Rotom-Heat|0 fnt
|faint|p1a: Rotom-Heat
|
|win|xShiba
|c| New Album|rotom-h lives stone edge imo
|c|âDemxer|gg
|c|âxShiba|gg
|leave|Demxer
|player|p1
|leave|GATIRCO
|leave|ThisIsIllogical
|leave|xShiba
|player|p2
|leave|Venom GT
|leave|tahapplepieman
|leave|Ticantundra
|leave|New Album
|leave|numbuh 274
|leave|YeLlOwâSkArMoRyâ