|join|xShiba
|join|ZBEN
|player|p1|xShiba|260
|player|p2|ZBEN|144
|gametype|singles
|gen|6
|tier|UU
|rated
|rule|Sleep Clause Mod: Limit one foe put to sleep
|rule|Species Clause: Limit one of each PokÃ©mon
|rule|OHKO Clause: OHKO moves are banned
|rule|Moody Clause: Moody is banned
|rule|Evasion Moves Clause: Evasion moves are banned
|rule|Endless Battle Clause: Forcing endless battles is banned
|rule|HP Percentage Mod: HP is shown in percentages
|clearpoke
|poke|p1|Aerodactyl, M
|poke|p1|Hydreigon, M, shiny
|poke|p1|Porygon-Z, shiny
|poke|p1|Mienshao, M
|poke|p1|Starmie, shiny
|poke|p1|Celebi
|poke|p2|Suicune, shiny
|poke|p2|Gligar, F
|poke|p2|Umbreon, F, shiny
|poke|p2|Magneton
|poke|p2|Arcanine, M
|poke|p2|Zygarde
|rule|Swagger Clause: Swagger is banned
|rule|Baton Pass Clause: Limit one PokÃ©mon knowing Baton Pass
|teampreview
|
|start
|switch|p1a: Wrecking Face|Porygon-Z, shiny|311\/311
|switch|p2a: Zygarde|Zygarde|420\/420
|-ability|p2a: Zygarde|Aura Break
|turn|1
|
|move|p1a: Wrecking Face|Tri Attack|p2a: Zygarde
|-damage|p2a: Zygarde|184\/420
|move|p2a: Zygarde|Substitute|p2a: Zygarde
|-start|p2a: Zygarde|Substitute
|-damage|p2a: Zygarde|79\/420
|
|-heal|p2a: Zygarde|105\/420|[from] item: Leftovers
|turn|2
|
|switch|p1a: 5-Star'd|Starmie, shiny|324\/324
|move|p2a: Zygarde|Earthquake|p1a: 5-Star'd
|-damage|p1a: 5-Star'd|222\/324
|
|-heal|p1a: 5-Star'd|242\/324|[from] item: Leftovers
|-heal|p2a: Zygarde|131\/420|[from] item: Leftovers
|turn|3
|
|move|p1a: 5-Star'd|Ice Beam|p2a: Zygarde
|-supereffective|p2a: Zygarde
|-end|p2a: Zygarde|Substitute
|move|p2a: Zygarde|Earthquake|p1a: 5-Star'd
|-damage|p1a: 5-Star'd|143\/324
|
|-heal|p1a: 5-Star'd|163\/324|[from] item: Leftovers
|-heal|p2a: Zygarde|157\/420|[from] item: Leftovers
|turn|4
|
|switch|p2a: Umbreon|Umbreon, F, shiny|394\/394
|move|p1a: 5-Star'd|Recover|p1a: 5-Star'd
|-heal|p1a: 5-Star'd|324\/324
|
|turn|5
|join|Donphantastic
|join|blitzfiend
|
|switch|p1a: Hail Hydra|Hydreigon, M, shiny|325\/325
|move|p2a: Umbreon|Wish|p2a: Umbreon
|
|turn|6
|
|switch|p2a: Magneton|Magneton|304\/304
|move|p1a: Hail Hydra|Dark Pulse|p2a: Magneton
|-damage|p2a: Magneton|47\/304
|-damage|p1a: Hail Hydra|293\/325|[from] item: Life Orb
|
|-heal|p2a: Magneton|244\/304|[from] move: Wish|[wisher] Umbreon
|turn|7
|
|switch|p2a: Umbreon|Umbreon, F, shiny|394\/394
|move|p1a: Hail Hydra|Dark Pulse|p2a: Umbreon
|-resisted|p2a: Umbreon
|-damage|p2a: Umbreon|342\/394
|-damage|p1a: Hail Hydra|261\/325|[from] item: Life Orb
|
|-heal|p2a: Umbreon|366\/394|[from] item: Leftovers
|turn|8
|
|move|p1a: Hail Hydra|Roost|p1a: Hail Hydra
|-heal|p1a: Hail Hydra|325\/325
|move|p2a: Umbreon|Wish|p2a: Umbreon
|
|-heal|p2a: Umbreon|390\/394|[from] item: Leftovers
|turn|9
|join|LarryBusJr
|
|move|p1a: Hail Hydra|Dark Pulse|p2a: Umbreon
|-resisted|p2a: Umbreon
|-damage|p2a: Umbreon|335\/394
|-damage|p1a: Hail Hydra|293\/325|[from] item: Life Orb
|move|p2a: Umbreon|Foul Play|p1a: Hail Hydra
|-resisted|p1a: Hail Hydra
|-damage|p1a: Hail Hydra|224\/325
|
|-heal|p2a: Umbreon|394\/394|[from] move: Wish|[wisher] Umbreon
|turn|10
|
|move|p1a: Hail Hydra|Roost|p1a: Hail Hydra
|-heal|p1a: Hail Hydra|325\/325
|move|p2a: Umbreon|Wish|p2a: Umbreon
|
|turn|11
|
|switch|p2a: Gligar|Gligar, F|334\/334
|move|p1a: Hail Hydra|Dark Pulse|p2a: Gligar
|-damage|p2a: Gligar|185\/334
|-damage|p1a: Hail Hydra|293\/325|[from] item: Life Orb
|
|-heal|p2a: Gligar|334\/334|[from] move: Wish|[wisher] Umbreon
|turn|12
|
|move|p1a: Hail Hydra|Dark Pulse|p2a: Gligar
|-damage|p2a: Gligar|188\/334
|-damage|p1a: Hail Hydra|261\/325|[from] item: Life Orb
|move|p2a: Gligar|Knock Off|p1a: Hail Hydra
|-resisted|p1a: Hail Hydra
|-damage|p1a: Hail Hydra|226\/325
|-enditem|p1a: Hail Hydra|Life Orb|[from] move: Knock Off|[of] p2a: Gligar
|
|turn|13
|
|move|p1a: Hail Hydra|Dark Pulse|p2a: Gligar
|-damage|p2a: Gligar|82\/334
|move|p2a: Gligar|Roost|p2a: Gligar
|-heal|p2a: Gligar|249\/334
|
|turn|14
|
|switch|p2a: Umbreon|Umbreon, F, shiny|394\/394
|move|p1a: Hail Hydra|Dark Pulse|p2a: Umbreon
|-resisted|p2a: Umbreon
|-damage|p2a: Umbreon|351\/394
|
|-heal|p2a: Umbreon|375\/394|[from] item: Leftovers
|turn|15
|
|move|p1a: Hail Hydra|Draco Meteor|p2a: Umbreon
|-damage|p2a: Umbreon|246\/394
|-unboost|p1a: Hail Hydra|spa|2
|move|p2a: Umbreon|Wish|p2a: Umbreon
|
|-heal|p2a: Umbreon|270\/394|[from] item: Leftovers
|turn|16
|
|switch|p2a: Zygarde|Zygarde|157\/420
|-ability|p2a: Zygarde|Aura Break
|move|p1a: Hail Hydra|Superpower|p2a: Zygarde
|-damage|p2a: Zygarde|77\/420
|-unboost|p1a: Hail Hydra|atk|1
|-unboost|p1a: Hail Hydra|def|1
|
|-heal|p2a: Zygarde|274\/420|[from] move: Wish|[wisher] Umbreon
|-heal|p2a: Zygarde|300\/420|[from] item: Leftovers
|turn|17
|leave|blitzfiend
|c| LarryBusJr|dannnn
|
|switch|p2a: Umbreon|Umbreon, F, shiny|270\/394
|move|p1a: Hail Hydra|Draco Meteor|p2a: Umbreon
|-damage|p2a: Umbreon|206\/394
|-unboost|p1a: Hail Hydra|spa|2
|
|-heal|p2a: Umbreon|230\/394|[from] item: Leftovers
|turn|18
|c| LarryBusJr|uggghh
|
|move|p1a: Hail Hydra|Roost|p1a: Hail Hydra
|-heal|p1a: Hail Hydra|325\/325
|move|p2a: Umbreon|Wish|p2a: Umbreon
|
|-heal|p2a: Umbreon|254\/394|[from] item: Leftovers
|turn|19
|
|switch|p1a: Healthy Diet|Celebi|404\/404
|switch|p2a: Magneton|Magneton|244\/304
|
|-heal|p2a: Magneton|304\/304|[from] move: Wish|[wisher] Umbreon
|turn|20
|join|thunderkid blitz
|
|move|p1a: Healthy Diet|Baton Pass|p1a: Healthy Diet
|
|switch|p1a: Hail Hydra|Hydreigon, M, shiny|325\/325
|move|p2a: Magneton|Volt Switch|p1a: Hail Hydra
|-resisted|p1a: Hail Hydra
|-damage|p1a: Hail Hydra|199\/325
|
|switch|p2a: Gligar|Gligar, F|249\/334
|
|turn|21
|
|move|p1a: Hail Hydra|Dark Pulse|p2a: Gligar
|-damage|p2a: Gligar|132\/334
|move|p2a: Gligar|Roost|p2a: Gligar
|-heal|p2a: Gligar|299\/334
|
|turn|22
|
|move|p1a: Hail Hydra|Roost|p1a: Hail Hydra
|-heal|p1a: Hail Hydra|325\/325
|move|p2a: Gligar|Toxic|p1a: Hail Hydra|[miss]
|-miss|p2a: Gligar|p1a: Hail Hydra
|
|turn|23
|
|switch|p1a: Healthy Diet|Celebi|404\/404
|move|p2a: Gligar|Knock Off|p1a: Healthy Diet
|-supereffective|p1a: Healthy Diet
|-damage|p1a: Healthy Diet|278\/404
|-enditem|p1a: Healthy Diet|Weakness Policy
|-boost|p1a: Healthy Diet|atk|2|[from] item: Weakness Policy
|-boost|p1a: Healthy Diet|spa|2|[from] item: Weakness Policy
|
|turn|24
|c|âxShiba|zzz
|leave|Donphantastic
|c| LarryBusJr|^
|
|move|p1a: Healthy Diet|Baton Pass|p1a: Healthy Diet
|
|switch|p1a: Ultimate Terror|Aerodactyl, M|301\/301
|-ability|p1a: Ultimate Terror|Unnerve|p2: ZBEN
|move|p2a: Gligar|Toxic|p1a: Ultimate Terror
|-status|p1a: Ultimate Terror|tox
|
|-damage|p1a: Ultimate Terror|283\/301 tox|[from] psn
|turn|25
|
|switch|p2a: Arcanine|Arcanine, M|384\/384
|-ability|p2a: Arcanine|Intimidate|[of] p1a: Ultimate Terror
|-unboost|p1a: Ultimate Terror|atk|1
|detailschange|p1a: Ultimate Terror|Aerodactyl-Mega, M
|message|Aerodactyl has Mega Evolved into Mega Aerodactyl!
|move|p1a: Ultimate Terror|Ice Fang|p2a: Arcanine|[miss]
|-miss|p1a: Ultimate Terror|p2a: Arcanine
|
|-damage|p1a: Ultimate Terror|247\/301 tox|[from] psn
|turn|26
|c| LarryBusJr|:[
|
|switch|p2a: Gligar|Gligar, F|299\/334
|move|p1a: Ultimate Terror|Stone Edge|p2a: Gligar
|-damage|p2a: Gligar|163\/334
|
|-damage|p1a: Ultimate Terror|193\/301 tox|[from] psn
|turn|27
|
|move|p1a: Ultimate Terror|Stone Edge|p2a: Gligar
|-damage|p2a: Gligar|30\/334
|move|p2a: Gligar|Roost|p2a: Gligar
|-heal|p2a: Gligar|197\/334
|
|-damage|p1a: Ultimate Terror|121\/301 tox|[from] psn
|turn|28
|
|switch|p2a: Suicune|Suicune, shiny|404\/404
|-ability|p2a: Suicune|Pressure
|move|p1a: Ultimate Terror|Ice Fang|p2a: Suicune
|-resisted|p2a: Suicune
|-damage|p2a: Suicune|351\/404
|
|-heal|p2a: Suicune|376\/404|[from] item: Leftovers
|-damage|p1a: Ultimate Terror|31\/301 tox|[from] psn
|turn|29
|
|switch|p1a: Healthy Diet|Celebi|278\/404
|move|p2a: Suicune|Rest|p2a: Suicune
|-status|p2a: Suicune|slp
|-heal|p2a: Suicune|404\/404 slp|[silent]
|-status|p2a: Suicune|slp|[from] move: Rest
|
|turn|30
|c| LarryBusJr|superstalllll
|leave|thunderkid blitz
|c|âxShiba|lmao
|c|âxShiba|this is terrible
|
|switch|p2a: Magneton|Magneton|304\/304
|move|p1a: Healthy Diet|Stealth Rock|p2a: Magneton
|-sidestart|p2: ZBEN|move: Stealth Rock
|
|turn|31
|c| LarryBusJr|ik
|c| LarryBusJr|ikr
|
|move|p1a: Healthy Diet|Recover|p1a: Healthy Diet
|-heal|p1a: Healthy Diet|404\/404
|move|p2a: Magneton|Flash Cannon|p1a: Healthy Diet
|-damage|p1a: Healthy Diet|194\/404
|
|turn|32
|
|move|p1a: Healthy Diet|Recover|p1a: Healthy Diet
|-heal|p1a: Healthy Diet|396\/404
|move|p2a: Magneton|Flash Cannon|p1a: Healthy Diet
|-damage|p1a: Healthy Diet|170\/404
|
|turn|33
|c| LarryBusJr|wow
|
|move|p1a: Healthy Diet|Recover|p1a: Healthy Diet
|-heal|p1a: Healthy Diet|372\/404
|move|p2a: Magneton|Flash Cannon|p1a: Healthy Diet
|-damage|p1a: Healthy Diet|149\/404
|
|turn|34
|c| LarryBusJr|51%
|
|switch|p1a: 5-Star'd|Starmie, shiny|324\/324
|move|p2a: Magneton|Flash Cannon|p1a: 5-Star'd
|-resisted|p1a: 5-Star'd
|-damage|p1a: 5-Star'd|156\/324
|
|-heal|p1a: 5-Star'd|176\/324|[from] item: Leftovers
|turn|35
|c| LarryBusJr|really
|
|move|p1a: 5-Star'd|Scald|p2a: Magneton
|-damage|p2a: Magneton|187\/304
|move|p2a: Magneton|Flash Cannon|p1a: 5-Star'd
|-resisted|p1a: 5-Star'd
|-damage|p1a: 5-Star'd|20\/324
|-unboost|p1a: 5-Star'd|spd|1
|
|-heal|p1a: 5-Star'd|40\/324|[from] item: Leftovers
|turn|36
|c|âxShiba|.
|c| LarryBusJr|anaylti
|
|switch|p1a: Ultimate Terror|Aerodactyl-Mega, M|31\/301 tox
|move|p2a: Magneton|Flash Cannon|p1a: Ultimate Terror
|-supereffective|p1a: Ultimate Terror
|-damage|p1a: Ultimate Terror|0 fnt
|faint|p1a: Ultimate Terror
|
|
|switch|p1a: Hail Hydra|Hydreigon, M, shiny|325\/325
|turn|37
|c| LarryBusJr|anal
|
|switch|p2a: Suicune|Suicune, shiny|404\/404 slp
|-damage|p2a: Suicune|354\/404 slp|[from] Stealth Rock
|-ability|p2a: Suicune|Pressure
|move|p1a: Hail Hydra|Dark Pulse|p2a: Suicune
|-damage|p2a: Suicune|224\/404 slp
|
|-heal|p2a: Suicune|249\/404 slp|[from] item: Leftovers
|turn|38
|
|switch|p1a: Wrecking Face|Porygon-Z, shiny|311\/311
|switch|p2a: Magneton|Magneton|187\/304
|-damage|p2a: Magneton|168\/304|[from] Stealth Rock
|
|turn|39
|
|move|p1a: Wrecking Face|Tri Attack|p2a: Magneton
|-resisted|p2a: Magneton
|-damage|p2a: Magneton|0 fnt
|faint|p2a: Magneton
|
|c| LarryBusJr|yay
|
|switch|p2a: Umbreon|Umbreon, F, shiny|254\/394
|-damage|p2a: Umbreon|205\/394|[from] Stealth Rock
|turn|40
|
|move|p1a: Wrecking Face|Tri Attack|p2a: Umbreon
|-damage|p2a: Umbreon|3\/394
|move|p2a: Umbreon|Wish|p2a: Umbreon
|
|-heal|p2a: Umbreon|27\/394|[from] item: Leftovers
|turn|41
|c|âxShiba|zzz
|
|move|p2a: Umbreon|Protect|p2a: Umbreon
|-singleturn|p2a: Umbreon|Protect
|move|p1a: Wrecking Face|Tri Attack|p2a: Umbreon
|-activate|p2a: Umbreon|Protect
|
|-heal|p2a: Umbreon|224\/394|[from] move: Wish|[wisher] Umbreon
|-heal|p2a: Umbreon|248\/394|[from] item: Leftovers
|turn|42
|
|move|p1a: Wrecking Face|Tri Attack|p2a: Umbreon
|-damage|p2a: Umbreon|46\/394
|move|p2a: Umbreon|Wish|p2a: Umbreon
|
|-heal|p2a: Umbreon|70\/394|[from] item: Leftovers
|turn|43
|
|move|p2a: Umbreon|Protect|p2a: Umbreon
|-singleturn|p2a: Umbreon|Protect
|move|p1a: Wrecking Face|Tri Attack|p2a: Umbreon
|-activate|p2a: Umbreon|Protect
|
|-heal|p2a: Umbreon|267\/394|[from] move: Wish|[wisher] Umbreon
|-heal|p2a: Umbreon|291\/394|[from] item: Leftovers
|turn|44
|
|move|p1a: Wrecking Face|Tri Attack|p2a: Umbreon
|-damage|p2a: Umbreon|107\/394
|move|p2a: Umbreon|Wish|p2a: Umbreon
|
|-heal|p2a: Umbreon|131\/394|[from] item: Leftovers
|turn|45
|c| LarryBusJr|status
|
|move|p2a: Umbreon|Protect|p2a: Umbreon
|-singleturn|p2a: Umbreon|Protect
|move|p1a: Wrecking Face|Tri Attack|p2a: Umbreon
|-activate|p2a: Umbreon|Protect
|
|-heal|p2a: Umbreon|328\/394|[from] move: Wish|[wisher] Umbreon
|-heal|p2a: Umbreon|352\/394|[from] item: Leftovers
|turn|46
|c| LarryBusJr|plssss
|
|move|p1a: Wrecking Face|Tri Attack|p2a: Umbreon
|-damage|p2a: Umbreon|172\/394
|move|p2a: Umbreon|Wish|p2a: Umbreon
|
|-heal|p2a: Umbreon|196\/394|[from] item: Leftovers
|turn|47
|c|âxShiba|max damage here
|
|switch|p1a: 5-Star'd|Starmie, shiny|40\/324
|move|p2a: Umbreon|Foul Play|p1a: 5-Star'd
|-supereffective|p1a: 5-Star'd
|-damage|p1a: 5-Star'd|0 fnt
|faint|p1a: 5-Star'd
|
|-heal|p2a: Umbreon|393\/394|[from] move: Wish|[wisher] Umbreon
|-heal|p2a: Umbreon|394\/394|[from] item: Leftovers
|c|âxShiba|zzz
|
|switch|p1a: Wrecking Face|Porygon-Z, shiny|311\/311
|turn|48
|
|move|p2a: Umbreon|Protect|p2a: Umbreon
|-singleturn|p2a: Umbreon|Protect
|move|p1a: Wrecking Face|Tri Attack|p2a: Umbreon
|-activate|p2a: Umbreon|Protect
|
|turn|49
|
|move|p1a: Wrecking Face|Tri Attack|p2a: Umbreon
|-damage|p2a: Umbreon|214\/394
|-status|p2a: Umbreon|frz
|cant|p2a: Umbreon|frz
|
|-heal|p2a: Umbreon|238\/394 frz|[from] item: Leftovers
|turn|50
|c|âxShiba|EZ
|c| LarryBusJr|:}:}:]
|
|cant|p2a: Umbreon|frz
|move|p1a: Wrecking Face|Tri Attack|p2a: Umbreon
|-damage|p2a: Umbreon|28\/394 frz
|
|-heal|p2a: Umbreon|52\/394 frz|[from] item: Leftovers
|turn|51
|
|cant|p2a: Umbreon|frz
|move|p1a: Wrecking Face|Tri Attack|p2a: Umbreon
|-damage|p2a: Umbreon|0 fnt
|faint|p2a: Umbreon
|
|c|âxShiba|Tri-Attack Spam>Wish Spam
|
|switch|p2a: Gligar|Gligar, F|197\/334
|-damage|p2a: Gligar|156\/334|[from] Stealth Rock
|turn|52
|
|move|p1a: Wrecking Face|Tri Attack|p2a: Gligar
|-damage|p2a: Gligar|0 fnt
|faint|p2a: Gligar
|
|c| LarryBusJr|always
|
|switch|p2a: Zygarde|Zygarde|300\/420
|-damage|p2a: Zygarde|274\/420|[from] Stealth Rock
|-ability|p2a: Zygarde|Aura Break
|turn|53
|
|move|p1a: Wrecking Face|Tri Attack|p2a: Zygarde
|-damage|p2a: Zygarde|36\/420
|move|p2a: Zygarde|Earthquake|p1a: Wrecking Face
|-damage|p1a: Wrecking Face|152\/311
|
|-heal|p2a: Zygarde|62\/420|[from] item: Leftovers
|turn|54
|
|move|p2a: Zygarde|Extreme Speed|p1a: Wrecking Face
|-damage|p1a: Wrecking Face|62\/311
|move|p1a: Wrecking Face|Tri Attack|p2a: Zygarde
|-damage|p2a: Zygarde|0 fnt
|faint|p2a: Zygarde
|
|c| LarryBusJr|gg
|
|switch|p2a: Arcanine|Arcanine, M|384\/384
|-damage|p2a: Arcanine|288\/384|[from] Stealth Rock
|-ability|p2a: Arcanine|Intimidate|[of] p1a: Wrecking Face
|-unboost|p1a: Wrecking Face|atk|1
|turn|55
|
|switch|p1a: Healthy Diet|Celebi|149\/404
|move|p2a: Arcanine|Flare Blitz|p1a: Healthy Diet
|-supereffective|p1a: Healthy Diet
|-damage|p1a: Healthy Diet|0 fnt
|-damage|p2a: Arcanine|239\/384|[from] recoil|[of] p1a: Healthy Diet
|faint|p1a: Healthy Diet
|
|
|switch|p1a: Floppy The God|Mienshao, M|271\/271
|turn|56
|
|move|p1a: Floppy The God|High Jump Kick|p2a: Arcanine
|-damage|p2a: Arcanine|10\/384
|-damage|p1a: Floppy The God|226\/271|[from] item: Rocky Helmet|[of] p2a: Arcanine
|move|p2a: Arcanine|Morning Sun|p2a: Arcanine
|-heal|p2a: Arcanine|202\/384
|
|turn|57
|c|âxShiba|RK9 is faster
|
|switch|p2a: Suicune|Suicune, shiny|249\/404 slp
|-damage|p2a: Suicune|199\/404 slp|[from] Stealth Rock
|-ability|p2a: Suicune|Pressure
|move|p1a: Floppy The God|High Jump Kick|p2a: Suicune
|-damage|p2a: Suicune|27\/404 slp
|
|-heal|p2a: Suicune|52\/404 slp|[from] item: Leftovers
|turn|58
|
|move|p1a: Floppy The God|High Jump Kick|p2a: Suicune
|-damage|p2a: Suicune|0 fnt
|faint|p2a: Suicune
|
|
|switch|p2a: Arcanine|Arcanine, M|202\/384
|-damage|p2a: Arcanine|106\/384|[from] Stealth Rock
|-ability|p2a: Arcanine|Intimidate|[of] p1a: Floppy The God
|-unboost|p1a: Floppy The God|atk|1
|turn|59
|
|move|p1a: Floppy The God|High Jump Kick|p2a: Arcanine
|-damage|p2a: Arcanine|0 fnt
|-damage|p1a: Floppy The God|181\/271|[from] item: Rocky Helmet|[of] p2a: Arcanine
|faint|p2a: Arcanine
|
|win|xShiba
|raw|Ladder updating...
|leave|xShiba
|player|p1
|c| LarryBusJr|ggshiba
|raw|xShiba's rating: 1462 &rarr; <strong>1478<\/strong><br \/>(+16 for winning)
|raw|ZBEN's rating: 1391 &rarr; <strong>1375<\/strong><br \/>(-16 for losing)
|leave|ZBEN
|player|p2