|join|xShiba
|join|some weird shit
|player|p1|xShiba|260
|player|p2|some weird shit|171
|gametype|singles
|gen|6
|tier|UU
|rated
|rule|Sleep Clause Mod: Limit one foe put to sleep
|rule|Species Clause: Limit one of each PokÃ©mon
|rule|OHKO Clause: OHKO moves are banned
|rule|Moody Clause: Moody is banned
|rule|Evasion Moves Clause: Evasion moves are banned
|rule|Endless Battle Clause: Forcing endless battles is banned
|rule|HP Percentage Mod: HP is shown in percentages
|clearpoke
|poke|p1|Aerodactyl, M
|poke|p1|Hydreigon, M, shiny
|poke|p1|Porygon-Z, shiny
|poke|p1|Mienshao, M
|poke|p1|Starmie, shiny
|poke|p1|Celebi
|poke|p2|Infernape, M
|poke|p2|Azelf
|poke|p2|Suicune
|poke|p2|Raikou
|poke|p2|Gallade, M
|poke|p2|Krookodile, F
|rule|Swagger Clause: Swagger is banned
|rule|Baton Pass Clause: Limit one PokÃ©mon knowing Baton Pass
|teampreview
|c|âxShiba|o
|c|âxShiba|hey again
|c|âsome weird shit|xd
|c|âxShiba|gl hf fren
|join|Super Mario Kek
|
|start
|switch|p1a: Floppy The God|Mienshao, M|271\/271
|switch|p2a: Azelf|Azelf|291\/291
|turn|1
|c| Super Mario Kek|IS
|c| Super Mario Kek|THAT
|c| Super Mario Kek|YOU
|c| Super Mario Kek|DUDEMAN?
|
|move|p1a: Floppy The God|U-turn|p2a: Azelf
|-supereffective|p2a: Azelf
|-damage|p2a: Azelf|67\/291
|
|switch|p1a: Ultimate Terror|Aerodactyl, M|301\/301
|-ability|p1a: Ultimate Terror|Unnerve|p2: some weird shit
|move|p2a: Azelf|Psyshock|p1a: Ultimate Terror
|-damage|p1a: Ultimate Terror|93\/301
|
|turn|2
|c| Super Mario Kek|the nick floppy
|c| Super Mario Kek|kek
|
|detailschange|p1a: Ultimate Terror|Aerodactyl-Mega, M
|message|Aerodactyl has Mega Evolved into Mega Aerodactyl!
|move|p1a: Ultimate Terror|Aerial Ace|p2a: Azelf
|-damage|p2a: Azelf|0 fnt
|faint|p2a: Azelf
|
|
|switch|p2a: Suicune|Suicune|399\/399
|-ability|p2a: Suicune|Pressure
|turn|3
|
|switch|p1a: Healthy Diet|Celebi|404\/404
|move|p2a: Suicune|Scald|p1a: Healthy Diet
|-resisted|p1a: Healthy Diet
|-damage|p1a: Healthy Diet|358\/404
|-status|p1a: Healthy Diet|brn
|
|-damage|p1a: Healthy Diet|308\/404 brn|[from] brn
|turn|4
|c| Super Mario Kek|healthy diet
|c| Super Mario Kek|lool
|
|move|p1a: Healthy Diet|Giga Drain|p2a: Suicune
|-supereffective|p2a: Suicune
|-damage|p2a: Suicune|231\/399
|-heal|p1a: Healthy Diet|392\/404 brn|[from] drain|[of] p2a: Suicune
|move|p2a: Suicune|Calm Mind|p2a: Suicune
|-boost|p2a: Suicune|spa|1
|-boost|p2a: Suicune|spd|1
|
|-heal|p2a: Suicune|255\/399|[from] item: Leftovers
|-damage|p1a: Healthy Diet|342\/404 brn|[from] brn
|turn|5
|
|switch|p1a: Wrecking Face|Porygon-Z, shiny|311\/311
|switch|p2a: Infernape|Infernape, M|293\/293
|
|turn|6
|c|âxShiba|rip
|
|switch|p1a: 5-Star'd|Starmie, shiny|324\/324
|move|p2a: Infernape|Close Combat|p1a: 5-Star'd
|-resisted|p1a: 5-Star'd
|-damage|p1a: 5-Star'd|234\/324
|-unboost|p2a: Infernape|def|1
|-unboost|p2a: Infernape|spd|1
|-damage|p2a: Infernape|264\/293|[from] item: Life Orb
|
|-heal|p1a: 5-Star'd|254\/324|[from] item: Leftovers
|turn|7
|
|switch|p2a: Raikou|Raikou|321\/321
|-ability|p2a: Raikou|Pressure
|move|p1a: 5-Star'd|Scald|p2a: Raikou
|-damage|p2a: Raikou|230\/321
|
|-heal|p2a: Raikou|250\/321|[from] item: Leftovers
|-heal|p1a: 5-Star'd|274\/324|[from] item: Leftovers
|turn|8
|
|switch|p1a: Hail Hydra|Hydreigon, M, shiny|325\/325
|move|p2a: Raikou|Volt Switch|p1a: Hail Hydra
|-resisted|p1a: Hail Hydra
|-damage|p1a: Hail Hydra|264\/325
|
|switch|p2a: Infernape|Infernape, M|264\/293
|
|turn|9
|c| Super Mario Kek|hail hydra
|c| Super Mario Kek|lool
|
|switch|p1a: 5-Star'd|Starmie, shiny|274\/324
|move|p2a: Infernape|Close Combat|p1a: 5-Star'd
|-resisted|p1a: 5-Star'd
|-damage|p1a: 5-Star'd|171\/324
|-unboost|p2a: Infernape|def|1
|-unboost|p2a: Infernape|spd|1
|-damage|p2a: Infernape|235\/293|[from] item: Life Orb
|
|-heal|p1a: 5-Star'd|191\/324|[from] item: Leftovers
|turn|10
|
|move|p2a: Infernape|Thunder Punch|p1a: 5-Star'd
|-supereffective|p1a: 5-Star'd
|-damage|p1a: 5-Star'd|9\/324
|-damage|p2a: Infernape|206\/293|[from] item: Life Orb
|move|p1a: 5-Star'd|Recover|p1a: 5-Star'd
|-heal|p1a: 5-Star'd|171\/324
|
|-heal|p1a: 5-Star'd|191\/324|[from] item: Leftovers
|turn|11
|
|switch|p2a: Raikou|Raikou|250\/321
|-ability|p2a: Raikou|Pressure
|move|p1a: 5-Star'd|Recover|p1a: 5-Star'd
|-heal|p1a: 5-Star'd|324\/324
|
|-heal|p2a: Raikou|270\/321|[from] item: Leftovers
|turn|12
|
|switch|p1a: Healthy Diet|Celebi|342\/404
|move|p2a: Raikou|Volt Switch|p1a: Healthy Diet
|-resisted|p1a: Healthy Diet
|-damage|p1a: Healthy Diet|300\/404
|c| Super Mario Kek|what
|c| Super Mario Kek|starmie
|c| Super Mario Kek|is slower?
|
|switch|p2a: Infernape|Infernape, M|206\/293
|
|turn|13
|c|âxShiba|y
|
|move|p2a: Infernape|Flare Blitz|p1a: Healthy Diet
|-supereffective|p1a: Healthy Diet
|-damage|p1a: Healthy Diet|0 fnt
|-damage|p2a: Infernape|107\/293|[from] recoil|[of] p1a: Healthy Diet
|-damage|p2a: Infernape|78\/293|[from] item: Life Orb
|faint|p1a: Healthy Diet
|
|c| Super Mario Kek|and starmie got sp attacked nerfed ?
|c| Super Mario Kek|wasnt 90?
|
|switch|p1a: Ultimate Terror|Aerodactyl-Mega, M|93\/301
|turn|14
|
|switch|p2a: Krookodile|Krookodile, F|331\/331
|-ability|p2a: Krookodile|Intimidate|[of] p1a: Ultimate Terror
|-unboost|p1a: Ultimate Terror|atk|1
|move|p1a: Ultimate Terror|Aerial Ace|p2a: Krookodile
|-damage|p2a: Krookodile|213\/331
|
|turn|15
|
|move|p1a: Ultimate Terror|Ice Fang|p2a: Krookodile
|-supereffective|p2a: Krookodile
|-damage|p2a: Krookodile|47\/331
|move|p2a: Krookodile|Pursuit|p1a: Ultimate Terror
|-crit|p1a: Ultimate Terror
|-damage|p1a: Ultimate Terror|0 fnt
|faint|p1a: Ultimate Terror
|
|
|switch|p1a: Floppy The God|Mienshao, M|271\/271
|turn|16
|
|move|p1a: Floppy The God|U-turn|p2a: Krookodile
|-supereffective|p2a: Krookodile
|-damage|p2a: Krookodile|0 fnt
|faint|p2a: Krookodile
|
|switch|p1a: 5-Star'd|Starmie, shiny|324\/324
|
|
|switch|p2a: Raikou|Raikou|270\/321
|-ability|p2a: Raikou|Pressure
|turn|17
|
|move|p2a: Raikou|Thunderbolt|p1a: 5-Star'd
|-supereffective|p1a: 5-Star'd
|-damage|p1a: 5-Star'd|6\/324
|move|p1a: 5-Star'd|Scald|p2a: Raikou
|-damage|p2a: Raikou|180\/321
|
|-heal|p2a: Raikou|200\/321|[from] item: Leftovers
|-heal|p1a: 5-Star'd|26\/324|[from] item: Leftovers
|turn|18
|
|move|p2a: Raikou|Volt Switch|p1a: 5-Star'd
|-supereffective|p1a: 5-Star'd
|-damage|p1a: 5-Star'd|0 fnt
|faint|p1a: 5-Star'd
|
|switch|p2a: Suicune|Suicune|255\/399
|-ability|p2a: Suicune|Pressure
|
|-heal|p2a: Suicune|279\/399|[from] item: Leftovers
|
|switch|p1a: Wrecking Face|Porygon-Z, shiny|311\/311
|turn|19
|
|switch|p2a: Raikou|Raikou|200\/321
|-ability|p2a: Raikou|Pressure
|move|p1a: Wrecking Face|Tri Attack|p2a: Raikou
|-damage|p2a: Raikou|0 fnt
|faint|p2a: Raikou
|
|c| Super Mario Kek|is
|
|switch|p2a: Infernape|Infernape, M|78\/293
|turn|20
|c| Super Mario Kek|that specs
|
|move|p2a: Infernape|Close Combat|p1a: Wrecking Face
|-supereffective|p1a: Wrecking Face
|-damage|p1a: Wrecking Face|0 fnt
|-unboost|p2a: Infernape|def|1
|-unboost|p2a: Infernape|spd|1
|-damage|p2a: Infernape|49\/293|[from] item: Life Orb
|faint|p1a: Wrecking Face
|
|c|âxShiba|y
|
|switch|p1a: Floppy The God|Mienshao, M|271\/271
|turn|21
|c| Super Mario Kek|ape too good
|
|move|p1a: Floppy The God|U-turn|p2a: Infernape
|-resisted|p2a: Infernape
|-damage|p2a: Infernape|7\/293
|c|âsome weird shit|lol
|c| Super Mario Kek|mfw
|c|âxShiba|fuuuu
|
|switch|p1a: Hail Hydra|Hydreigon, M, shiny|264\/325
|move|p2a: Infernape|Close Combat|p1a: Hail Hydra
|-supereffective|p1a: Hail Hydra
|-damage|p1a: Hail Hydra|0 fnt
|-unboost|p2a: Infernape|def|1
|-unboost|p2a: Infernape|spd|1
|-damage|p2a: Infernape|0 fnt|[from] item: Life Orb
|faint|p1a: Hail Hydra
|faint|p2a: Infernape
|
|
|switch|p1a: Floppy The God|Mienshao, M|271\/271
|switch|p2a: Suicune|Suicune|279\/399
|-ability|p2a: Suicune|Pressure
|turn|22
|
|move|p1a: Floppy The God|High Jump Kick|p2a: Suicune
|-damage|p2a: Suicune|23\/399
|move|p2a: Suicune|Scald|p1a: Floppy The God
|-damage|p1a: Floppy The God|82\/271
|
|-heal|p2a: Suicune|47\/399|[from] item: Leftovers
|turn|23
|c| Super Mario Kek|that
|
|move|p1a: Floppy The God|High Jump Kick|p2a: Suicune
|-damage|p2a: Suicune|0 fnt
|faint|p2a: Suicune
|
|c| Super Mario Kek|is an insane damage
|
|switch|p2a: Gallade|Gallade, M|277\/277
|turn|24
|c| Super Mario Kek|rip gallade
|
|detailschange|p2a: Gallade|Gallade-Mega, M
|message|Gallade has Mega Evolved into Mega Gallade!
|move|p1a: Floppy The God|High Jump Kick|p2a: Gallade
|-resisted|p2a: Gallade
|-damage|p2a: Gallade|137\/277
|move|p2a: Gallade|Close Combat|p1a: Floppy The God
|-damage|p1a: Floppy The God|0 fnt
|-unboost|p2a: Gallade|def|1
|-unboost|p2a: Gallade|spd|1
|faint|p1a: Floppy The God
|
|win|some weird shit
|raw|Ladder updating...
|c|âxShiba|crit here
|raw|xShiba's rating: 1571 &rarr; <strong>1547<\/strong><br \/>(-24 for losing)
|raw|some weird shit's rating: 1512 &rarr; <strong>1535<\/strong><br \/>(+23 for winning)
|c|âxShiba|rip
|c| Super Mario Kek|almost
|c|âxShiba|it wouldnt kill anyway
|c|âxShiba|lol
|c|âxShiba|gg
|c|âsome weird shit|gg