|join|xShiba
|join|rowfgt
|player|p1|xShiba|260
|player|p2|rowfgt|80
|gametype|singles
|gen|6
|tier|UU
|rated
|rule|Sleep Clause Mod: Limit one foe put to sleep
|rule|Species Clause: Limit one of each PokÃ©mon
|rule|OHKO Clause: OHKO moves are banned
|rule|Moody Clause: Moody is banned
|rule|Evasion Moves Clause: Evasion moves are banned
|rule|Endless Battle Clause: Forcing endless battles is banned
|rule|HP Percentage Mod: HP is shown in percentages
|clearpoke
|poke|p1|Aerodactyl, M
|poke|p1|Hydreigon, M, shiny
|poke|p1|Porygon-Z, shiny
|poke|p1|Mienshao, M
|poke|p1|Starmie, shiny
|poke|p1|Celebi
|poke|p2|Sharpedo, M
|poke|p2|Accelgor, M
|poke|p2|Spiritomb, F
|poke|p2|Swampert, F
|poke|p2|Roserade, M
|poke|p2|Jirachi
|rule|Swagger Clause: Swagger is banned
|rule|Baton Pass Clause: Limit one PokÃ©mon knowing Baton Pass
|teampreview
|c|ârowfgt|oh hi
|c|âxShiba|heya
|c|âxShiba|ew sharpedo
|
|start
|switch|p1a: Floppy The God|Mienshao, M|271\/271
|switch|p2a: Fenggot|Swampert, F|404\/404
|turn|1
|
|move|p1a: Floppy The God|U-turn|p2a: Fenggot
|-damage|p2a: Fenggot|346\/404
|
|switch|p1a: 5-Star'd|Starmie, shiny|324\/324
|move|p2a: Fenggot|Stealth Rock|p1a: 5-Star'd
|-sidestart|p1: xShiba|move: Stealth Rock
|
|-heal|p2a: Fenggot|371\/404|[from] item: Leftovers
|turn|2
|
|switch|p2a: Bob the Bub|Roserade, M|262\/262
|move|p1a: 5-Star'd|Scald|p2a: Bob the Bub
|-resisted|p2a: Bob the Bub
|-damage|p2a: Bob the Bub|219\/262
|-status|p2a: Bob the Bub|brn
|
|-damage|p2a: Bob the Bub|187\/262 brn|[from] brn
|turn|3
|
|move|p2a: Bob the Bub|Leaf Storm|p1a: 5-Star'd
|-supereffective|p1a: 5-Star'd
|-damage|p1a: 5-Star'd|0 fnt
|-unboost|p2a: Bob the Bub|spa|2
|faint|p1a: 5-Star'd
|
|-damage|p2a: Bob the Bub|155\/262 brn|[from] brn
|c|ârowfgt|rip
|c|âxShiba|zzz
|c|âxShiba|ive never seen that before
|
|switch|p1a: Floppy The God|Mienshao, M|271\/271
|-damage|p1a: Floppy The God|255\/271|[from] Stealth Rock
|turn|4
|
|switch|p2a: Haxy Bob|Jirachi|341\/341
|move|p1a: Floppy The God|U-turn|p2a: Haxy Bob
|-damage|p2a: Haxy Bob|264\/341
|
|switch|p1a: Healthy Diet|Celebi|404\/404
|-damage|p1a: Healthy Diet|354\/404|[from] Stealth Rock
|
|turn|5
|
|move|p2a: Haxy Bob|Trick|p1a: Healthy Diet
|-activate|p2a: Haxy Bob|move: Trick|[of] p1a: Healthy Diet
|-item|p1a: Healthy Diet|Choice Scarf|[from] move: Trick
|-item|p2a: Haxy Bob|Weakness Policy|[from] move: Trick
|move|p1a: Healthy Diet|Stealth Rock|p2a: Haxy Bob
|-sidestart|p2: rowfgt|move: Stealth Rock
|
|turn|6
|
|switch|p1a: Hail Hydra|Hydreigon, M, shiny|325\/325
|-damage|p1a: Hail Hydra|285\/325|[from] Stealth Rock
|move|p2a: Haxy Bob|U-turn|p1a: Hail Hydra
|-supereffective|p1a: Hail Hydra
|-damage|p1a: Hail Hydra|107\/325
|
|switch|p2a: Bob the Bub|Roserade, M|155\/262 brn
|-damage|p2a: Bob the Bub|123\/262 brn|[from] Stealth Rock
|
|-damage|p2a: Bob the Bub|91\/262 brn|[from] brn
|turn|7
|
|move|p2a: Bob the Bub|Sludge Bomb|p1a: Hail Hydra
|-damage|p1a: Hail Hydra|0 fnt
|faint|p1a: Hail Hydra
|
|-damage|p2a: Bob the Bub|59\/262 brn|[from] brn
|c|âxShiba|.
|c|âxShiba|now
|c|âxShiba|ive definitely never seen that
|
|switch|p1a: Floppy The God|Mienshao, M|255\/271
|-damage|p1a: Floppy The God|239\/271|[from] Stealth Rock
|turn|8
|
|move|p1a: Floppy The God|U-turn|p2a: Bob the Bub
|-damage|p2a: Bob the Bub|0 fnt
|faint|p2a: Bob the Bub
|c|âxShiba|im honestly confused lmao
|
|switch|p1a: Healthy Diet|Celebi|354\/404
|-damage|p1a: Healthy Diet|304\/404|[from] Stealth Rock
|
|
|switch|p2a: Bob the Boob|Accelgor, M|364\/364
|-damage|p2a: Bob the Boob|273\/364|[from] Stealth Rock
|turn|9
|
|move|p2a: Bob the Boob|Spikes|p1a: Healthy Diet
|-sidestart|p1: xShiba|Spikes
|move|p1a: Healthy Diet|Recover|p1a: Healthy Diet
|-heal|p1a: Healthy Diet|404\/404
|
|turn|10
|
|move|p2a: Bob the Boob|Spikes|p1a: Healthy Diet
|-sidestart|p1: xShiba|Spikes
|move|p1a: Healthy Diet|Recover|p1a: Healthy Diet
|-fail|p1a: Healthy Diet
|
|turn|11
|
|move|p2a: Bob the Boob|Bug Buzz|p1a: Healthy Diet
|-crit|p1a: Healthy Diet
|-supereffective|p1a: Healthy Diet
|-damage|p1a: Healthy Diet|0 fnt
|faint|p1a: Healthy Diet
|
|
|switch|p1a: Ultimate Terror|Aerodactyl, M|301\/301
|-damage|p1a: Ultimate Terror|226\/301|[from] Stealth Rock
|-ability|p1a: Ultimate Terror|Unnerve|p2: rowfgt
|turn|12
|
|detailschange|p1a: Ultimate Terror|Aerodactyl-Mega, M
|message|Aerodactyl has Mega Evolved into Mega Aerodactyl!
|move|p2a: Bob the Boob|Final Gambit|p1a: Ultimate Terror
|-damage|p1a: Ultimate Terror|0 fnt
|faint|p2a: Bob the Boob
|faint|p1a: Ultimate Terror
|
|c|âxShiba|zzz
|c|âxShiba|Idk whats going on
|
|switch|p1a: Floppy The God|Mienshao, M|239\/271
|switch|p2a: Bob the Bitch|Spiritomb, F|304\/304
|-damage|p1a: Floppy The God|194\/271|[from] Spikes
|-damage|p1a: Floppy The God|178\/271|[from] Stealth Rock
|-damage|p2a: Bob the Bitch|266\/304|[from] Stealth Rock
|turn|13
|
|move|p1a: Floppy The God|Knock Off|p2a: Bob the Bitch
|-damage|p2a: Bob the Bitch|168\/304
|-enditem|p2a: Bob the Bitch|Black Glasses|[from] move: Knock Off|[of] p1a: Floppy The God
|move|p2a: Bob the Bitch|Will-O-Wisp|p1a: Floppy The God
|-status|p1a: Floppy The God|brn
|
|-damage|p1a: Floppy The God|145\/271 brn|[from] brn
|turn|14
|c|ârowfgt|its just all too much sometimes
|
|move|p2a: Bob the Bitch|Pursuit|p1a: Floppy The God|[from]Pursuit
|-resisted|p1a: Floppy The God
|-damage|p1a: Floppy The God|55\/271 brn
|switch|p1a: Wrecking Face|Porygon-Z, shiny|311\/311
|-damage|p1a: Wrecking Face|273\/311|[from] Stealth Rock
|-damage|p1a: Wrecking Face|222\/311|[from] Spikes
|
|turn|15
|
|move|p1a: Wrecking Face|Dark Pulse|p2a: Bob the Bitch
|-damage|p2a: Bob the Bitch|19\/304
|move|p2a: Bob the Bitch|Will-O-Wisp|p1a: Wrecking Face
|-status|p1a: Wrecking Face|brn
|
|-damage|p1a: Wrecking Face|184\/311 brn|[from] brn
|turn|16
|c|âxShiba|lmao
|c|âxShiba|I have never seen
|c|âxShiba|scarf rose
|
|move|p2a: Bob the Bitch|Sucker Punch|p1a: Wrecking Face
|-damage|p1a: Wrecking Face|27\/311 brn
|move|p1a: Wrecking Face|Dark Pulse|p2a: Bob the Bitch
|-damage|p2a: Bob the Bitch|0 fnt
|faint|p2a: Bob the Bitch
|
|-damage|p1a: Wrecking Face|0 fnt|[from] brn
|faint|p1a: Wrecking Face
|c|ârowfgt|its ok
|c|ârowfgt|it has gotten many people lol
|c|âxShiba|yeah
|
|switch|p1a: Floppy The God|Mienshao, M|55\/271 brn
|switch|p2a: Bob the Bad|Sharpedo, M|282\/282
|-damage|p1a: Floppy The God|39\/271 brn|[from] Stealth Rock
|-damage|p1a: Floppy The God|0 fnt|[from] Spikes
|faint|p1a: Floppy The God
|
|win|rowfgt
|raw|Ladder updating...
|c|âxShiba|including me apparently lol
|c|ârowfgt|gg
|raw|xShiba's rating: 1475 &rarr; <strong>1454<\/strong><br \/>(-21 for losing)
|raw|rowfgt's rating: 1447 &rarr; <strong>1469<\/strong><br \/>(+22 for winning)
|leave|xShiba
|player|p1