|join|pokemonisfun
|join|xShiba
|join|cityfolk
|player|p1|pokemonisfun|184
|player|p2|xShiba|260
|gametype|singles
|gen|6
|tier|UU
|rule|Sleep Clause Mod: Limit one foe put to sleep
|rule|Species Clause: Limit one of each PokÃ©mon
|rule|OHKO Clause: OHKO moves are banned
|rule|Moody Clause: Moody is banned
|rule|Evasion Moves Clause: Evasion moves are banned
|rule|Endless Battle Clause: Forcing endless battles is banned
|rule|HP Percentage Mod: HP is shown in percentages
|clearpoke
|poke|p1|Blissey, F
|poke|p1|Swampert, M
|poke|p1|Granbull, M
|poke|p1|Alomomola, M
|poke|p1|Crobat, F
|poke|p1|Celebi
|poke|p2|Celebi
|poke|p2|Sharpedo, M, shiny
|poke|p2|Jirachi, shiny
|poke|p2|Yanmega, M, shiny
|poke|p2|Donphan, M
|poke|p2|Vaporeon, F
|rule|Swagger Clause: Swagger is banned
|rule|Baton Pass Clause: Limit one PokÃ©mon knowing Baton Pass
|teampreview
|join|frens dont hax
|join|DatLatias
|join|Tipsy Russian
|c|âxShiba|I lost
|join|da diddy
|c| DatLatias|S3NPAI
|join|DrReuniclus3
|c| DatLatias|S3NPAI
|join|omegaW
|leave|da diddy
|join|Mike Hunts
|c|âpokemonisfun|hey senpai
|c| DatLatias|53N9A1
|join|dingbat
|join|kidd timelapse
|c| DatLatias|53N9A1
|c| DatLatias|53N9A1
|c| DatLatias|53N9A1
|c| DatLatias|53N9A1
|c|âpokemonisfun|o_o
|c| DatLatias|53N9A1
|c| DatLatias|53N9A1
|c| DatLatias|53N9A1
|c| DatLatias|53N9A1
|join|Buford T. Gainz
|c| DatLatias|53N9A1
|join|Erabe
|c| DatLatias|53N9A1
|c| DatLatias|53N9A1
|c| DatLatias|53N9A1
|c| DatLatias|53N9A1
|c| DatLatias|V
|c| frens dont hax|shiba are u losing yet
|join|waiv
|c| DatLatias|V
|c| DatLatias|V
|c| frens dont hax|???
|c| DatLatias|V
|
|start
|switch|p1a: bubblsy bubbles|Swampert, M|404\/404
|switch|p2a: Healthy Diet|Celebi|404\/404
|turn|1
|join|IDerpy
|c| DatLatias|53N9A1
|c| waiv|PIF
|c| DatLatias|senpai
|c| waiv|PIF
|c| DatLatias|r
|c| DatLatias|u
|c| waiv|PIFPIFPIFPIFPIF
|c| DatLatias|winning
|c| Mike Hunts|nice vs
|c|âxShiba|I get rekt by fat mons
|join|trevor ellis
|c| dingbat|DatLatias: 53N9A1
|c| waiv|FPIPFIPIFIFPFIPFIFPIFIFIPIFPFIF
|c| IDerpy|voice me
|join|LiberalLucario
|c| Mike Hunts|trevor ellis!
|
|switch|p1a: onion fairy god|Celebi|396\/396
|move|p2a: Healthy Diet|Swords Dance|p2a: Healthy Diet
|-boost|p2a: Healthy Diet|atk|2
|
|turn|2
|c| Mike Hunts|!!!!!!!
|c| dingbat|DatLatias: 53N9A1
|c| IDerpy|if u modchat
|c| DatLatias|brother ellis
|c| DatLatias|!!!!
|join|thymetime
|c| LiberalLucario|GO PIF
|c| LiberalLucario|GO PIF
|c| dingbat|DatLatias: 53N9A1
|c|âpokemonisfun|datlatias senpai
|c| LiberalLucario|GO PIF
|c| LiberalLucario|GO PIF
|c| dingbat|DatLatias: 53N9A1
|c| LiberalLucario|GO PIF
|c| LiberalLucario|GO PIF
|c| dingbat|DatLatias: 53N9A1
|c| waiv|PIF PIF
|c| LiberalLucario|GO PIF
|raw|<div class="broadcast-red"><b>Moderated chat was set to +!<\/b><br \/>Only users of rank + and higher can talk.<\/div>
|c|âxShiba|!!!
|raw|<div class="broadcast-blue"><b>Moderated chat was disabled!<\/b><br \/>Anyone may talk now.<\/div>
|join|I3Magikarp
|c| LiberalLucario|GO PIF
|c| LiberalLucario|GO PIF
|c| IDerpy|xD
|c| LiberalLucario|GO PIF
|c| dingbat|LOL
|c| LiberalLucario|GO PIF
|c| LiberalLucario|GO PIF
|c| LiberalLucario|GO PIF
|c| waiv|SHIBAAAA
|c| LiberalLucario|GO PIF
|c| LiberalLucario|GO PIF
|c| waiv|SHIBAAAAAA
|c| LiberalLucario|GO PIF
|c| LiberalLucario|GO PIF
|c| waiv|SHIBAAAAAAAAAAA
|c| waiv|SHIBAAAAAAAAAAAAAAA
|c| waiv|SHIBAAAAAAAAAAAAAAAAAAA
|c| LiberalLucario|ah yes
|c| waiv|SHIBAAAAAAAAAAAAAAAAAAAAAAA
|c|âpokemonisfun|shut up
|
|move|p1a: onion fairy god|Perish Song|p1a: onion fairy god
|-fieldactivate|move: Perish Song
|move|p2a: Healthy Diet|Baton Pass|p2a: Healthy Diet
|c| LiberalLucario|pif brought the spdef megapert
|c| waiv|PIF PIF PIF
|c| IDerpy|DEEEEEEEEERP
|c| waiv|PIF PIF PIF
|c| dingbat|shiba pif rock paper scissors
|c|âxShiba|does that get passed
|c| LiberalLucario|like he was talking about on forums
|c| I3Magikarp|y
|c| Tipsy Russian|yes
|c| dingbat|yes it gets passed
|c| IDerpy|yes
|
|switch|p2a: Fuccboii 2.0|Jirachi, shiny|341\/341
|
|-start|p2a: Fuccboii 2.0|perish3
|-start|p1a: onion fairy god|perish3
|turn|3
|c| LiberalLucario|LOL
|c| DatLatias|that gets past
|join|futurefusion
|c| DatLatias|my senpai
|c| frens dont hax|SPDEF MEGA PERT COUNTERS MEGA DIANCIE
|c| DatLatias|dont play games
|c| Mike Hunts|pif u have smogon?
|c| frens dont hax|SPDEF MEGA PERT COUNTERS MEGA DIANCIE
|c| Mike Hunts|000
|c| frens dont hax|SPDEF MEGA PERT COUNTERS MEGA DIANCIE
|c| dingbat|leech seed fking gets passed too
|c| frens dont hax|SPDEF MEGA PERT COUNTERS MEGA DIANCIE
|c| frens dont hax|SPDEF MEGA PERT COUNTERS MEGA DIANCIE
|
|switch|p1a: swimmy swim|Alomomola, M|471\/471
|move|p2a: Fuccboii 2.0|U-turn|p1a: swimmy swim
|-crit|p1a: swimmy swim
|-damage|p1a: swimmy swim|292\/471
|c| frens dont hax|SPDEF MEGA PERT COUNTERS MEGA DIANCIE
|c| trevor ellis|**pokemonisfun is a asian**
|c| DatLatias|eating
|c| frens dont hax|SPDEF MEGA PERT COUNTERS MEGA DIANCIE
|c| IDerpy|n it doesnt
|c| frens dont hax|SPDEF MEGA PERT COUNTERS MEGA DIANCIE
|c| frens dont hax|SPDEF MEGA PERT COUNTERS MEGA DIANCIE
|c| DatLatias|chewing it
|c| waiv|fkn 38%
|c| frens dont hax|SPDEF MEGA PERT COUNTERS MEGA DIANCIE
|c| frens dont hax|SPDEF MEGA PERT COUNTERS MEGA DIANCIE
|join|gobosox
|c| frens dont hax|SPDEF MEGA PERT COUNTERS MEGA DIANCIE
|c| frens dont hax|SPDEF MEGA PERT COUNTERS MEGA DIANCIE
|c| frens dont hax|SPDEF MEGA PERT COUNTERS MEGA DIANCIE
|c| frens dont hax|SPDEF MEGA PERT COUNTERS MEGA DIANCIE
|c| LiberalLucario|literally the
|c| frens dont hax|SPDEF MEGA PERT COUNTERS MEGA DIANCIE
|c| frens dont hax|SPDEF MEGA PERT COUNTERS MEGA DIANCIE
|c| LiberalLucario|luckiest player
|c| LiberalLucario|in the world
|c| frens dont hax|SPDEF MEGA PERT COUNTERS MEGA DIANCIE
|c| DatLatias|brother
|c| frens dont hax|SPDEF MEGA PERT COUNTERS MEGA DIANCIE
|c| DatLatias|elis
|c| IDerpy|aids
|c| frens dont hax|SPDEF MEGA PERT COUNTERS MEGA DIANCIE
|c| frens dont hax|SPDEF MEGA PERT COUNTERS MEGA DIANCIE
|c| frens dont hax|SPDEF MEGA PERT COUNTERS MEGA DIANCIE
|c| frens dont hax|SPDEF MEGA PERT COUNTERS MEGA DIANCIE
|
|switch|p2a: Healthy Diet|Celebi|404\/404
|
|-heal|p1a: swimmy swim|321\/471|[from] item: Leftovers
|turn|4
|c| frens dont hax|SPDEF MEGA PERT COUNTERS MEGA DIANCIE
|c| I3Magikarp|**>a asian**
|raw|<div class="broadcast-red"><b>Moderated chat was set to +!<\/b><br \/>Only users of rank + and higher can talk.<\/div>
|c|âpokemonisfun|how do i set mod chat
|c|âpokemonisfun|youre really annoying
trevor ellis was promoted to Room Voice by xShiba.
LiberalLucario was promoted to Room Voice by xShiba.
|c|âpokemonisfun|how do i roomvoice
|
|switch|p1a: onion fairy god|Celebi|396\/396
|move|p2a: Healthy Diet|Swords Dance|p2a: Healthy Diet
|-boost|p2a: Healthy Diet|atk|2
|
|turn|5
|c|+trevor ellis|**ayo**
|c|âxShiba|\/\/roomvoice
waiv was promoted to Room Voice by xShiba.
|c|+waiv|:)
|
|move|p1a: onion fairy god|Perish Song|p1a: onion fairy god
|-fieldactivate|move: Perish Song
|move|p2a: Healthy Diet|Baton Pass|p2a: Healthy Diet
DatLatias was promoted to Room Voice by pokemonisfun.
gobosox was promoted to Room Voice by xShiba.
|c|+DatLatias|!data draco plate
|c|~|\/data-item Draco Plate

|c|+DatLatias|!data dread plate
|c|~|\/data-item Dread Plate

IDerpy was promoted to Room Voice by xShiba.
|c|+DatLatias|!data earth plate
|c|~|\/data-item Earth Plate

|c|+IDerpy|yey
|leave|DrReuniclus3
|
|switch|p2a: Fuccboii 2.0|Jirachi, shiny|341\/341
|
|-start|p2a: Fuccboii 2.0|perish3
|-start|p1a: onion fairy god|perish3
|turn|6
|c|âpokemonisfun|senpai ^_^
|c|+IDerpy|thx Shiba
|
|switch|p1a: swimmy swim|Alomomola, M|471\/471
|move|p2a: Fuccboii 2.0|U-turn|p1a: swimmy swim
|-damage|p1a: swimmy swim|364\/471
|
|switch|p2a: Healthy Diet|Celebi|404\/404
|
|-heal|p1a: swimmy swim|393\/471|[from] item: Leftovers
|turn|7
|c|+DatLatias|WHATS EVERYONES FAVORITE PLATE MINES MIND PL8
|c|+DatLatias|!DATA MINE PLATE
No Pokemon, item, move, ability or nature named 'MINE PLATE' was found. Showing the data of 'Mind Plate' instead.
|c|~|\/data-item Mind Plate

|join|DrReuniclus3
|
|switch|p1a: woofy woof woof|Granbull, M|384\/384
|-ability|p1a: woofy woof woof|Intimidate|[of] p2a: Healthy Diet
|-unboost|p2a: Healthy Diet|atk|1
|move|p2a: Healthy Diet|Swords Dance|p2a: Healthy Diet
|-boost|p2a: Healthy Diet|atk|2
|
|turn|8
|c|+DatLatias|GET EM
|c|+DatLatias|SENPAI
|
|move|p2a: Healthy Diet|Swords Dance|p2a: Healthy Diet
|-boost|p2a: Healthy Diet|atk|2
|move|p1a: woofy woof woof|Roar|p2a: Healthy Diet
|drag|p2a: Fuccboii 2.0|Jirachi, shiny|341\/341
|
|turn|9
|c|+DatLatias|THATS
|c|+DatLatias|MY
|c|+DatLatias|SENPAI
|c|+DatLatias|!!!1
|c|+DatLatias|!
|c|+IDerpy|we know
|
|switch|p1a: swimmy swim|Alomomola, M|471\/471
|move|p2a: Fuccboii 2.0|Iron Head|p1a: swimmy swim
|-resisted|p1a: swimmy swim
|-damage|p1a: swimmy swim|426\/471
|
|-heal|p1a: swimmy swim|455\/471|[from] item: Leftovers
|turn|10
|c|+IDerpy|this team
|
|switch|p2a: Healthy Diet|Celebi|404\/404
|switch|p1a: onion fairy god|Celebi|396\/396
|
|turn|11
|c|âpokemonisfun|dont you dare speak to my senpai like that
|c|+IDerpy|ha def up the ass
|c|+DatLatias|thx senpai
|
|move|p1a: onion fairy god|Stealth Rock|p2a: Healthy Diet
|-sidestart|p2: xShiba|move: Stealth Rock
|move|p2a: Healthy Diet|Swords Dance|p2a: Healthy Diet
|-boost|p2a: Healthy Diet|atk|2
|
|turn|12
|
|move|p1a: onion fairy god|Perish Song|p1a: onion fairy god
|-fieldactivate|move: Perish Song
|move|p2a: Healthy Diet|Baton Pass|p2a: Healthy Diet
|
|switch|p2a: Steve|Donphan, M|322\/322
|-damage|p2a: Steve|302\/322|[from] Stealth Rock
|
|-start|p1a: onion fairy god|perish3
|-start|p2a: Steve|perish3
|-heal|p2a: Steve|322\/322|[from] item: Leftovers
|turn|13
|leave|trevor ellis
|join|trevor ellis
|
|move|p1a: onion fairy god|Giga Drain|p2a: Steve
|-supereffective|p2a: Steve
|-damage|p2a: Steve|32\/322
|move|p2a: Steve|Rapid Spin|p1a: onion fairy god
|-damage|p1a: onion fairy god|364\/396
|-sideend|p2: xShiba|Stealth Rock|[from] move: Rapid Spin|[of] p2a: Steve
|
|-start|p1a: onion fairy god|perish2
|-start|p2a: Steve|perish2
|-heal|p1a: onion fairy god|388\/396|[from] item: Leftovers
|-heal|p2a: Steve|52\/322|[from] item: Leftovers
|turn|14
|
|switch|p2a: Zoom Zoom|Yanmega, M, shiny|313\/313
|move|p1a: onion fairy god|Stealth Rock|p2a: Zoom Zoom
|-sidestart|p2: xShiba|move: Stealth Rock
|
|-start|p1a: onion fairy god|perish1
|-heal|p1a: onion fairy god|396\/396|[from] item: Leftovers
|turn|15
|c|+IDerpy|Shiba if u lose we wont have our rematch
|c|+IDerpy|;-;
|
|switch|p2a: Healthy Diet|Celebi|404\/404
|-damage|p2a: Healthy Diet|354\/404|[from] Stealth Rock
|switch|p1a: Mega Chansey|Blissey, F|656\/656
|
|turn|16
|c|âxShiba|my teams dont match up well against fat mons
|
|switch|p1a: woofy woof woof|Granbull, M|384\/384
|-ability|p1a: woofy woof woof|Intimidate|[of] p2a: Healthy Diet
|-unboost|p2a: Healthy Diet|atk|1
|move|p2a: Healthy Diet|Swords Dance|p2a: Healthy Diet
|-boost|p2a: Healthy Diet|atk|2
|
|turn|17
|
|move|p2a: Healthy Diet|Seed Bomb|p1a: woofy woof woof
|-damage|p1a: woofy woof woof|264\/384
|move|p1a: woofy woof woof|Roar|p2a: Healthy Diet
|drag|p2a: Ay Der Cune|Vaporeon, F|452\/452
|-damage|p2a: Ay Der Cune|396\/452|[from] Stealth Rock
|
|-heal|p2a: Ay Der Cune|424\/452|[from] item: Leftovers
|-heal|p1a: woofy woof woof|288\/384|[from] item: Leftovers
|turn|18
|
|switch|p1a: onion fairy god|Celebi|396\/396
|move|p2a: Ay Der Cune|Wish|p2a: Ay Der Cune
|
|-heal|p2a: Ay Der Cune|452\/452|[from] item: Leftovers
|turn|19
|
|switch|p2a: Healthy Diet|Celebi|354\/404
|-damage|p2a: Healthy Diet|304\/404|[from] Stealth Rock
|move|p1a: onion fairy god|Giga Drain|p2a: Healthy Diet
|-resisted|p2a: Healthy Diet
|-damage|p2a: Healthy Diet|272\/404
|
|-heal|p2a: Healthy Diet|404\/404|[from] move: Wish|[wisher] Ay Der Cune
|turn|20
|
|move|p1a: onion fairy god|Perish Song|p1a: onion fairy god
|-fieldactivate|move: Perish Song
|move|p2a: Healthy Diet|Swords Dance|p2a: Healthy Diet
|-boost|p2a: Healthy Diet|atk|2
|
|-start|p1a: onion fairy god|perish3
|-start|p2a: Healthy Diet|perish3
|turn|21
|c|+IDerpy|damn
|
|switch|p1a: woofy woof woof|Granbull, M|288\/384
|-ability|p1a: woofy woof woof|Intimidate|[of] p2a: Healthy Diet
|-unboost|p2a: Healthy Diet|atk|1
|move|p2a: Healthy Diet|Seed Bomb|p1a: woofy woof woof
|-damage|p1a: woofy woof woof|173\/384
|
|-start|p2a: Healthy Diet|perish2
|-heal|p1a: woofy woof woof|197\/384|[from] item: Leftovers
|turn|22
|
|switch|p1a: onion fairy god|Celebi|396\/396
|move|p2a: Healthy Diet|Seed Bomb|p1a: onion fairy god
|-resisted|p1a: onion fairy god
|-damage|p1a: onion fairy god|344\/396
|
|-start|p2a: Healthy Diet|perish1
|-heal|p1a: onion fairy god|368\/396|[from] item: Leftovers
|turn|23
|c|+DatLatias|senpai cant u use haze crobat for this
|c|+trevor ellis|shiba you shouldve brought refesh work up pidge
|c|+trevor ellis|n reuin
|c|âpokemonisfun|im scared of the psychic power
|c|+trevor ellis|lol
|
|switch|p2a: Fuccboii 2.0|Jirachi, shiny|341\/341
|-damage|p2a: Fuccboii 2.0|320\/341|[from] Stealth Rock
|move|p1a: onion fairy god|Giga Drain|p2a: Fuccboii 2.0
|-resisted|p2a: Fuccboii 2.0
|-damage|p2a: Fuccboii 2.0|278\/341
|-heal|p1a: onion fairy god|389\/396|[from] drain|[of] p2a: Fuccboii 2.0
|
|-heal|p1a: onion fairy god|396\/396|[from] item: Leftovers
|turn|24
|c|âpokemonisfun|im losing senpai :(
|c|âxShiba|yeah I wasnt expecting this type of team tho tbh
|c|âxShiba|lol
|c|+DatLatias|senpai
|c|+DatLatias|ur loseing !>
|
|switch|p1a: bubblsy bubbles|Swampert, M|404\/404
|move|p2a: Fuccboii 2.0|U-turn|p1a: bubblsy bubbles
|-damage|p1a: bubblsy bubbles|321\/404
|c|+IDerpy|no shit
|
|switch|p2a: Ay Der Cune|Vaporeon, F|452\/452
|-damage|p2a: Ay Der Cune|396\/452|[from] Stealth Rock
|
|-heal|p2a: Ay Der Cune|424\/452|[from] item: Leftovers
|turn|25
|c|+IDerpy|...
|c|+DatLatias|my senpai
|leave|DrReuniclus3
|c|+DatLatias|doesnt
|c|+DatLatias|lose
|
|detailschange|p1a: bubblsy bubbles|Swampert-Mega, M
|-mega|p1a: bubblsy bubbles|Swampert|Swampertite
|move|p2a: Ay Der Cune|Wish|p2a: Ay Der Cune
|move|p1a: bubblsy bubbles|Earthquake|p2a: Ay Der Cune
|-damage|p2a: Ay Der Cune|252\/452
|
|-heal|p2a: Ay Der Cune|280\/452|[from] item: Leftovers
|turn|26
|join|DrReuniclus3
|
|move|p2a: Ay Der Cune|Scald|p1a: bubblsy bubbles
|-damage|p1a: bubblsy bubbles|251\/404
|move|p1a: bubblsy bubbles|Earthquake|p2a: Ay Der Cune
|-damage|p2a: Ay Der Cune|91\/452
|
|-heal|p2a: Ay Der Cune|317\/452|[from] move: Wish|[wisher] Ay Der Cune
|-heal|p2a: Ay Der Cune|345\/452|[from] item: Leftovers
|turn|27
|c|+IDerpy|inb4 attract
|join|Orderlymess
|
|switch|p1a: Mega Chansey|Blissey, F|656\/656
|move|p2a: Ay Der Cune|Wish|p2a: Ay Der Cune
|
|-heal|p2a: Ay Der Cune|373\/452|[from] item: Leftovers
|turn|28
|c|+DatLatias|sick
|c|+DatLatias|nick
|join|THEiTodd
|c|+DatLatias|senpais
|
|switch|p2a: Fuccboii 2.0|Jirachi, shiny|278\/341
|-damage|p2a: Fuccboii 2.0|257\/341|[from] Stealth Rock
|move|p1a: Mega Chansey|Seismic Toss|p2a: Fuccboii 2.0
|-damage|p2a: Fuccboii 2.0|157\/341
|
|-heal|p2a: Fuccboii 2.0|341\/341|[from] move: Wish|[wisher] Ay Der Cune
|turn|29
|c|âpokemonisfun|you told me to think of cute nicknames senpai
|c|âpokemonisfun|i did my best to be funny
|c|+DatLatias|u did
|c|+DatLatias|!
|c|âpokemonisfun|hi other senpai :)
|
|switch|p1a: swimmy swim|Alomomola, M|471\/471
|move|p2a: Fuccboii 2.0|Iron Head|p1a: swimmy swim
|-resisted|p1a: swimmy swim
|-damage|p1a: swimmy swim|426\/471
|
|-heal|p1a: swimmy swim|455\/471|[from] item: Leftovers
|turn|30
|leave|trevor ellis
THEiTodd was promoted to Room Voice by xShiba.
|join|trevor ellis
|c|âpokemonisfun|o
|c|âpokemonisfun|sorry
|
|switch|p2a: Ay Der Cune|Vaporeon, F|373\/452
|-damage|p2a: Ay Der Cune|317\/452|[from] Stealth Rock
|move|p1a: swimmy swim|Toxic|p2a: Ay Der Cune
|-status|p2a: Ay Der Cune|tox
|
|-heal|p1a: swimmy swim|471\/471|[from] item: Leftovers
|-heal|p2a: Ay Der Cune|345\/452 tox|[from] item: Leftovers
|-damage|p2a: Ay Der Cune|317\/452 tox|[from] psn
|turn|31
|c|+DatLatias|!data senpai plate
No Pokemon, item, move, ability or nature named 'senpai plate' was found. (Check your spelling?)
|c|âpokemonisfun|forgot
|leave|Orderlymess
|c|+DatLatias|!data senplate
No Pokemon, item, move, ability or nature named 'senplate' was found. Showing the data of 'Aerilate' instead.
|c|~|\/data-ability Aerilate

|
|switch|p1a: onion fairy god|Celebi|396\/396
|move|p2a: Ay Der Cune|Wish|p2a: Ay Der Cune
|
|-heal|p2a: Ay Der Cune|345\/452 tox|[from] item: Leftovers
|-damage|p2a: Ay Der Cune|289\/452 tox|[from] psn
|turn|32
|c|+DatLatias|!!!!!!!!
|c|+IDerpy|!dt xShiba
No Pokemon, item, move, ability or nature named 'xShiba' was found. (Check your spelling?)
|c|+IDerpy|;-;
|c|+IDerpy|!dt Shiba
No Pokemon, item, move, ability or nature named 'Shiba' was found. Showing the data of 'Shinx' instead.
|c|~|\/data-pokemon Shinx
|raw|<font size="1"><font color=#585858>Dex#:<\/font> 403&nbsp;|&ThickSpace;<font color=#585858>Height:<\/font> 0.5 m&nbsp;|&ThickSpace;<font color=#585858>Weight:<\/font> 9.5 kg <em>(20 BP)<\/em>&nbsp;|&ThickSpace;<font color=#585858>Dex Colour:<\/font> Blue&nbsp;|&ThickSpace;<font color=#585858>Egg Group(s):<\/font> Field&nbsp;|&ThickSpace;<font color=#585858>Evolution:<\/font> Luxio (15)<\/font>
|
|move|p1a: onion fairy god|Giga Drain|p2a: Ay Der Cune
|-supereffective|p2a: Ay Der Cune
|-damage|p2a: Ay Der Cune|115\/452 tox
|move|p2a: Ay Der Cune|Heal Bell|p2a: Ay Der Cune
|-cureteam|p2a: Ay Der Cune|[from] move: HealBell
|
|-heal|p2a: Ay Der Cune|341\/452|[from] move: Wish|[wisher] Ay Der Cune
|-heal|p2a: Ay Der Cune|369\/452|[from] item: Leftovers
|turn|33
|c|+DatLatias|!data latias
|c|~|\/data-pokemon Latias

|c|+IDerpy|:o
|c|+LiberalLucario|oh
|c|+LiberalLucario|shinx is power
|c|+IDerpy|o:
|join|ElderVen
|c|+LiberalLucario|!dt liberal
No Pokemon, item, move, ability or nature named 'liberal' was found. Showing the data of 'Bibarel' instead.
|c|~|\/data-pokemon Bibarel
|raw|<font size="1"><font color=#585858>Dex#:<\/font> 400&nbsp;|&ThickSpace;<font color=#585858>Height:<\/font> 1 m&nbsp;|&ThickSpace;<font color=#585858>Weight:<\/font> 31.5 kg <em>(60 BP)<\/em>&nbsp;|&ThickSpace;<font color=#585858>Dex Colour:<\/font> Brown&nbsp;|&ThickSpace;<font color=#585858>Egg Group(s):<\/font> Water 1, Field&nbsp;|&ThickSpace;<font color=#585858><font color=#585858>Does Not Evolve<\/font><\/font><\/font>
|
|move|p1a: onion fairy god|Giga Drain|p2a: Ay Der Cune
|-supereffective|p2a: Ay Der Cune
|-damage|p2a: Ay Der Cune|223\/452
|move|p2a: Ay Der Cune|Wish|p2a: Ay Der Cune
|
|-heal|p2a: Ay Der Cune|251\/452|[from] item: Leftovers
|turn|34
|c|+LiberalLucario|:^]
|join|adventure thyme
|c|+IDerpy|xShiba=xShinx
|c|+trevor ellis|!dt trevor
No Pokemon, item, move, ability or nature named 'trevor' was found. (Check your spelling?)
|c|+LiberalLucario|!dt ellis
No Pokemon, item, move, ability or nature named 'ellis' was found. (Check your spelling?)
|c|+LiberalLucario|!dt trevorellis
No Pokemon, item, move, ability or nature named 'trevorellis' was found. (Check your spelling?)
|
|move|p2a: Ay Der Cune|Protect|p2a: Ay Der Cune
|-singleturn|p2a: Ay Der Cune|Protect
|move|p1a: onion fairy god|Giga Drain|p2a: Ay Der Cune
|-activate|p2a: Ay Der Cune|Protect
|
|-heal|p2a: Ay Der Cune|452\/452|[from] move: Wish|[wisher] Ay Der Cune
|turn|35
|c|+IDerpy|!dt derpy
No Pokemon, item, move, ability or nature named 'derpy' was found. (Check your spelling?)
|c|+LiberalLucario|rip everything
|c|+DatLatias|!data trevor pelvis
No Pokemon, item, move, ability or nature named 'trevor pelvis' was found. (Check your spelling?)
Tipsy Russian was promoted to Room Voice by xShiba.
|
|switch|p1a: Mega Chansey|Blissey, F|656\/656
|move|p2a: Ay Der Cune|Wish|p2a: Ay Der Cune
|
|turn|36
|c|+IDerpy|!dt dat ass
No Pokemon, item, move, ability or nature named 'dat ass' was found. Showing the data of 'Latias' instead.
|c|~|\/data-pokemon Latias
|raw|<font size="1"><font color=#585858>Dex#:<\/font> 380&nbsp;|&ThickSpace;<font color=#585858>Height:<\/font> 1.4 m&nbsp;|&ThickSpace;<font color=#585858>Weight:<\/font> 40 kg <em>(60 BP)<\/em>&nbsp;|&ThickSpace;<font color=#585858>Dex Colour:<\/font> Red&nbsp;|&ThickSpace;<font color=#585858>Egg Group(s):<\/font> Undiscovered&nbsp;|&ThickSpace;<font color=#585858><font color=#585858>Does Not Evolve<\/font><\/font><\/font>
|c|+LiberalLucario|!dt poopyhead
No Pokemon, item, move, ability or nature named 'faggot' was found. (Check your spelling?)
|c|+LiberalLucario|oh
|c|+IDerpy|datlatias tho
|
|switch|p2a: Healthy Diet|Celebi|404\/404
|-damage|p2a: Healthy Diet|354\/404|[from] Stealth Rock
|move|p1a: Mega Chansey|Seismic Toss|p2a: Healthy Diet
|-damage|p2a: Healthy Diet|254\/404
|
|-heal|p2a: Healthy Diet|404\/404|[from] move: Wish|[wisher] Ay Der Cune
|turn|37
|c|+LiberalLucario|!dt bob the fgt
No Pokemon, item, move, ability or nature named 'bob the fgt' was found. (Check your spelling?)
|c|+THEiTodd|!dt fagt
No Pokemon, item, move, ability or nature named 'fagt' was found. (Check your spelling?)
|c|âpokemonisfun|oh
|join|OGWanka Devotion
|c|+Tipsy Russian|!dt russian
No Pokemon, item, move, ability or nature named 'russian' was found. Showing the data of 'Persian' instead.
|c|~|\/data-pokemon Persian
|raw|<font size="1"><font color=#585858>Dex#:<\/font> 53&nbsp;|&ThickSpace;<font color=#585858>Height:<\/font> 1 m&nbsp;|&ThickSpace;<font color=#585858>Weight:<\/font> 32 kg <em>(60 BP)<\/em>&nbsp;|&ThickSpace;<font color=#585858>Dex Colour:<\/font> Yellow&nbsp;|&ThickSpace;<font color=#585858>Egg Group(s):<\/font> Field&nbsp;|&ThickSpace;<font color=#585858><font color=#585858>Does Not Evolve<\/font><\/font><\/font>
|leave|IDerpy
|c|âpokemonisfun|is datlatias a joke meaning datass
|c|+DatLatias|no
|c|âpokemonisfun|i never knew that
|join|IDerpy
|c|âpokemonisfun|o
|join|Austin
|
|switch|p1a: batsy watzy|Crobat, F|373\/373
|move|p2a: Healthy Diet|Swords Dance|p2a: Healthy Diet
|-boost|p2a: Healthy Diet|atk|2
|
|turn|38
|c|+Austin|pwerful
|c|+Austin|team
|c|âpokemonisfun|i dont even know my senpai well
|c|+DatLatias|HSAZE
|c|+LiberalLucario|n this kid just started a thing one day in gen 5
|c|+DatLatias|HAZE
|c|+LiberalLucario|lmao
|c|+DatLatias|HAZE
|
|move|p1a: batsy watzy|Haze|p1a: batsy watzy
|-clearallboost
|move|p2a: Healthy Diet|Baton Pass|p2a: Healthy Diet
|c|+DatLatias|HAZE
|c|+DatLatias|HAZ
|c|+DatLatias|JDAHJEK
|c|+DatLatias|JFHJBJDSHJKlaeJKHJK;a:jHAK
|c|+DatLatias|HAZE
|c|+LiberalLucario|my name was datchandelure once
|join|watfor
|c|+DatLatias|HAYZE
|c|+LiberalLucario|it is not that anymore
|
|switch|p2a: Ay Der Cune|Vaporeon, F|452\/452
|-damage|p2a: Ay Der Cune|396\/452|[from] Stealth Rock
|
|-heal|p2a: Ay Der Cune|424\/452|[from] item: Leftovers
|turn|39
|c|+trevor ellis|this is really gay
|c|+DatLatias|ur
|
|switch|p1a: Mega Chansey|Blissey, F|656\/656
|move|p2a: Ay Der Cune|Scald|p1a: Mega Chansey
|-damage|p1a: Mega Chansey|599\/656
|
|-heal|p2a: Ay Der Cune|452\/452|[from] item: Leftovers
|-heal|p1a: Mega Chansey|640\/656|[from] item: Leftovers
|turn|40
|c|+DatLatias|rly gay
|c|+LiberalLucario|OOOOOOOOOOOOO
|c|âxShiba|worth it in a tourney
|c|âxShiba|n_n
|
|move|p2a: Ay Der Cune|Wish|p2a: Ay Der Cune
|move|p1a: Mega Chansey|Toxic|p2a: Ay Der Cune
|-status|p2a: Ay Der Cune|tox
|
|-heal|p1a: Mega Chansey|656\/656|[from] item: Leftovers
|-damage|p2a: Ay Der Cune|424\/452 tox|[from] psn
|turn|41
|
|switch|p2a: Fuccboii 2.0|Jirachi, shiny|341\/341
|-damage|p2a: Fuccboii 2.0|320\/341|[from] Stealth Rock
|move|p1a: Mega Chansey|Seismic Toss|p2a: Fuccboii 2.0
|-damage|p2a: Fuccboii 2.0|220\/341
|
|-heal|p2a: Fuccboii 2.0|341\/341|[from] move: Wish|[wisher] Ay Der Cune
|turn|42
|
|switch|p1a: swimmy swim|Alomomola, M|471\/471
|move|p2a: Fuccboii 2.0|Iron Head|p1a: swimmy swim
|-resisted|p1a: swimmy swim
|-damage|p1a: swimmy swim|421\/471
|
|-heal|p1a: swimmy swim|450\/471|[from] item: Leftovers
|turn|43
|
|switch|p2a: Healthy Diet|Celebi|404\/404
|-damage|p2a: Healthy Diet|354\/404|[from] Stealth Rock
|move|p1a: swimmy swim|Wish|p1a: swimmy swim
|
|-heal|p1a: swimmy swim|471\/471|[from] item: Leftovers
|turn|44
|
|switch|p1a: woofy woof woof|Granbull, M|197\/384
|-ability|p1a: woofy woof woof|Intimidate|[of] p2a: Healthy Diet
|-unboost|p2a: Healthy Diet|atk|1
|move|p2a: Healthy Diet|Baton Pass|p2a: Healthy Diet
|leave|watfor
|
|switch|p2a: Ay Der Cune|Vaporeon, F|424\/452 tox
|-damage|p2a: Ay Der Cune|368\/452 tox|[from] Stealth Rock
|
|-heal|p1a: woofy woof woof|384\/384|[from] move: Wish|[wisher] swimmy swim
|-heal|p2a: Ay Der Cune|396\/452 tox|[from] item: Leftovers
|-damage|p2a: Ay Der Cune|368\/452 tox|[from] psn
|turn|45
|join|watfor
|
|switch|p1a: Mega Chansey|Blissey, F|656\/656
|move|p2a: Ay Der Cune|Heal Bell|p2a: Ay Der Cune
|-cureteam|p2a: Ay Der Cune|[from] move: HealBell
|
|-heal|p2a: Ay Der Cune|396\/452|[from] item: Leftovers
|turn|46
|
|move|p2a: Ay Der Cune|Protect|p2a: Ay Der Cune
|-singleturn|p2a: Ay Der Cune|Protect
|move|p1a: Mega Chansey|Toxic|p2a: Ay Der Cune
|-activate|p2a: Ay Der Cune|Protect
|
|-heal|p2a: Ay Der Cune|424\/452|[from] item: Leftovers
|turn|47
|join|Gogoplata
|c|+LiberalLucario|wowie.
|
|switch|p2a: Fuccboii 2.0|Jirachi, shiny|341\/341
|-damage|p2a: Fuccboii 2.0|320\/341|[from] Stealth Rock
|move|p1a: Mega Chansey|Toxic|p2a: Fuccboii 2.0
|-fail|p2a: Fuccboii 2.0
|
|turn|48
|
|switch|p1a: swimmy swim|Alomomola, M|471\/471
|move|p2a: Fuccboii 2.0|U-turn|p1a: swimmy swim
|-damage|p1a: swimmy swim|410\/471
|c|+LiberalLucario|this is what happens when chess meets pokemon, huh?
|
|switch|p2a: Healthy Diet|Celebi|354\/404
|-damage|p2a: Healthy Diet|304\/404|[from] Stealth Rock
|
|-heal|p1a: swimmy swim|439\/471|[from] item: Leftovers
|turn|49
|c|+DatLatias|swimmy swim
|
|switch|p1a: batsy watzy|Crobat, F|373\/373
|move|p2a: Healthy Diet|Swords Dance|p2a: Healthy Diet
|-boost|p2a: Healthy Diet|atk|2
|
|turn|50
|c|âpokemonisfun|creative right?
|c|+DatLatias|u shud name it
|
|move|p1a: batsy watzy|Haze|p1a: batsy watzy
|-clearallboost
|move|p2a: Healthy Diet|Recover|p2a: Healthy Diet
|-heal|p2a: Healthy Diet|404\/404
|
|turn|51
|c|+DatLatias|swimmy swimmy
|c|+DatLatias|n_n
|
|switch|p1a: woofy woof woof|Granbull, M|384\/384
|-ability|p1a: woofy woof woof|Intimidate|[of] p2a: Healthy Diet
|-unboost|p2a: Healthy Diet|atk|1
|move|p2a: Healthy Diet|Baton Pass|p2a: Healthy Diet
|
|switch|p2a: Ay Der Cune|Vaporeon, F|424\/452
|-damage|p2a: Ay Der Cune|368\/452|[from] Stealth Rock
|
|-heal|p2a: Ay Der Cune|396\/452|[from] item: Leftovers
|turn|52
|c|âpokemonisfun|i know hes weakness policy dont worry
|c|âxShiba|nah
|c|+DatLatias|thanks senpai
|c|âxShiba|leftovers
|c|âxShiba|for suree
|
|switch|p1a: Mega Chansey|Blissey, F|656\/656
|move|p2a: Ay Der Cune|Wish|p2a: Ay Der Cune
|
|-heal|p2a: Ay Der Cune|424\/452|[from] item: Leftovers
|turn|53
|c|+DatLatias|woofy
|c|+DatLatias|woof
|c|+DatLatias|woof
|c|+DatLatias|mega
|c|+DatLatias|chansey
|c|âpokemonisfun|mega
|c|âpokemonisfun|q
|c|âpokemonisfun|t
|
|move|p2a: Ay Der Cune|Scald|p1a: Mega Chansey
|-damage|p1a: Mega Chansey|589\/656
|move|p1a: Mega Chansey|Seismic Toss|p2a: Ay Der Cune
|-damage|p2a: Ay Der Cune|324\/452
|
|-heal|p2a: Ay Der Cune|452\/452|[from] move: Wish|[wisher] Ay Der Cune
|-heal|p1a: Mega Chansey|630\/656|[from] item: Leftovers
|turn|54
|c|+DatLatias|omg
|c|+DatLatias|did u come up with that
|c|âpokemonisfun|yea
|
|move|p2a: Ay Der Cune|Protect|p2a: Ay Der Cune
|-singleturn|p2a: Ay Der Cune|Protect
|move|p1a: Mega Chansey|Toxic|p2a: Ay Der Cune
|-activate|p2a: Ay Der Cune|Protect
|
|-heal|p1a: Mega Chansey|656\/656|[from] item: Leftovers
|turn|55
|c|+DatLatias|o
|c|+DatLatias|m
|c|+DatLatias|g
|c|+DatLatias|senpai
|
|switch|p2a: Fuccboii 2.0|Jirachi, shiny|320\/341
|-damage|p2a: Fuccboii 2.0|299\/341|[from] Stealth Rock
|move|p1a: Mega Chansey|Seismic Toss|p2a: Fuccboii 2.0
|-damage|p2a: Fuccboii 2.0|199\/341
|
|turn|56
|c|+waiv|this is the
|c|+DatLatias|does swampert
|
|switch|p1a: swimmy swim|Alomomola, M|471\/471
|move|p2a: Fuccboii 2.0|Iron Head|p1a: swimmy swim
|-crit|p1a: swimmy swim
|-resisted|p1a: swimmy swim
|-damage|p1a: swimmy swim|395\/471
|
|-heal|p1a: swimmy swim|424\/471|[from] item: Leftovers
|turn|57
|c|+waiv|worst matchup for shiba ever
|c|+waiv|LOL
|c|+DatLatias|switch into every trick user
|c|+waiv|completly cock blocked
|c|âxShiba|CT imo
|
|switch|p2a: Ay Der Cune|Vaporeon, F|452\/452
|-damage|p2a: Ay Der Cune|396\/452|[from] Stealth Rock
|move|p1a: swimmy swim|Toxic|p2a: Ay Der Cune
|-status|p2a: Ay Der Cune|tox
|
|-heal|p1a: swimmy swim|453\/471|[from] item: Leftovers
|-heal|p2a: Ay Der Cune|424\/452 tox|[from] item: Leftovers
|-damage|p2a: Ay Der Cune|396\/452 tox|[from] psn
|turn|58
|c|+DatLatias|just weak to haze crobat
|c|+DatLatias|imo
|c|âpokemonisfun|add zen to celebi
|
|switch|p1a: Mega Chansey|Blissey, F|656\/656
|move|p2a: Ay Der Cune|Heal Bell|p2a: Ay Der Cune
|-cureteam|p2a: Ay Der Cune|[from] move: HealBell
|
|-heal|p2a: Ay Der Cune|424\/452|[from] item: Leftovers
|turn|59
|leave|DrReuniclus3
|join|DrReuniclus3
dingbat was promoted to Room Voice by xShiba.
|
|move|p2a: Ay Der Cune|Protect|p2a: Ay Der Cune
|-singleturn|p2a: Ay Der Cune|Protect
|move|p1a: Mega Chansey|Toxic|p2a: Ay Der Cune
|-activate|p2a: Ay Der Cune|Protect
|
|-heal|p2a: Ay Der Cune|452\/452|[from] item: Leftovers
|turn|60
|c|+dingbat|no progress :[
|
|move|p2a: Ay Der Cune|Wish|p2a: Ay Der Cune
|move|p1a: Mega Chansey|Toxic|p2a: Ay Der Cune
|-status|p2a: Ay Der Cune|tox
|
|-damage|p2a: Ay Der Cune|424\/452 tox|[from] psn
|turn|61
|c|âpokemonisfun|heal bell dwindles
|
|switch|p2a: Fuccboii 2.0|Jirachi, shiny|199\/341
|-damage|p2a: Fuccboii 2.0|178\/341|[from] Stealth Rock
|move|p1a: Mega Chansey|Seismic Toss|p2a: Fuccboii 2.0
|-damage|p2a: Fuccboii 2.0|78\/341
|
|-heal|p2a: Fuccboii 2.0|304\/341|[from] move: Wish|[wisher] Ay Der Cune
|turn|62
|join|Masochism
|join|Volbeatdown FU
|c|âpokemonisfun|wish dwindles
|
|switch|p1a: swimmy swim|Alomomola, M|471\/471
|move|p2a: Fuccboii 2.0|U-turn|p1a: swimmy swim
|-damage|p1a: swimmy swim|415\/471
OGWanka Devotion was promoted to Room Voice by xShiba.
|c|+LiberalLucario|lol
|c|+OGWanka Devotion|yay
|c|+LiberalLucario|OGWanka Devotion
|c|+LiberalLucario|lmao
|
|switch|p2a: Healthy Diet|Celebi|404\/404
|-damage|p2a: Healthy Diet|354\/404|[from] Stealth Rock
|
|-heal|p1a: swimmy swim|444\/471|[from] item: Leftovers
|turn|63
|c|+OGWanka Devotion|#freepif
watfor was promoted to Room Voice by xShiba.
|c|+OGWanka Devotion|#crushpif
|c|+watfor|ty
|
|switch|p1a: batsy watzy|Crobat, F|373\/373
|move|p2a: Healthy Diet|Seed Bomb|p1a: batsy watzy
|-resisted|p1a: batsy watzy
|-damage|p1a: batsy watzy|344\/373
|
|-heal|p1a: batsy watzy|367\/373|[from] item: Black Sludge
|turn|64
|c|+OGWanka Devotion|thanks xShiba
|c|+Tipsy Russian|is haze 64 pp
|
|switch|p1a: woofy woof woof|Granbull, M|384\/384
|-ability|p1a: woofy woof woof|Intimidate|[of] p2a: Healthy Diet
|-unboost|p2a: Healthy Diet|atk|1
|move|p2a: Healthy Diet|Recover|p2a: Healthy Diet
|-heal|p2a: Healthy Diet|404\/404
|
|turn|65
|c|+LiberalLucario|ur mom is 64p
|c|+OGWanka Devotion|LOL
|c|+LiberalLucario|p
|c|+Tipsy Russian|what are we, 14
|
|switch|p2a: Fuccboii 2.0|Jirachi, shiny|304\/341
|-damage|p2a: Fuccboii 2.0|283\/341|[from] Stealth Rock
|move|p1a: woofy woof woof|Play Rough|p2a: Fuccboii 2.0
|-resisted|p2a: Fuccboii 2.0
|-damage|p2a: Fuccboii 2.0|223\/341
|
|turn|66
|c|+Tipsy Russian|owait, thats vbd
|c|+Tipsy Russian|sorry
|c|+Tipsy Russian|mb
|c|+OGWanka Devotion|kek
|
|switch|p1a: swimmy swim|Alomomola, M|471\/471
|move|p2a: Fuccboii 2.0|Iron Head|p1a: swimmy swim
|-crit|p1a: swimmy swim
|-resisted|p1a: swimmy swim
|-damage|p1a: swimmy swim|396\/471
|
|-heal|p1a: swimmy swim|425\/471|[from] item: Leftovers
|turn|67
|
|switch|p1a: onion fairy god|Celebi|396\/396
|move|p2a: Fuccboii 2.0|Iron Head|p1a: onion fairy god
|-damage|p1a: onion fairy god|303\/396
|
|-heal|p1a: onion fairy god|327\/396|[from] item: Leftovers
|turn|68
|c|+OGWanka Devotion|i had a dream, and is that pif stop using stall
|
|move|p2a: Fuccboii 2.0|Iron Head|p1a: onion fairy god
|-damage|p1a: onion fairy god|245\/396
|move|p1a: onion fairy god|Giga Drain|p2a: Fuccboii 2.0
|-resisted|p2a: Fuccboii 2.0
|-damage|p2a: Fuccboii 2.0|181\/341
|-heal|p1a: onion fairy god|266\/396|[from] drain|[of] p2a: Fuccboii 2.0
|
|-heal|p1a: onion fairy god|290\/396|[from] item: Leftovers
|turn|69
|c|+OGWanka Devotion|have*
|
|switch|p1a: swimmy swim|Alomomola, M|471\/471
|move|p2a: Fuccboii 2.0|Iron Head|p1a: swimmy swim
|-resisted|p1a: swimmy swim
|-damage|p1a: swimmy swim|423\/471
|
|-heal|p1a: swimmy swim|452\/471|[from] item: Leftovers
|turn|70
|
|switch|p2a: Healthy Diet|Celebi|404\/404
|-damage|p2a: Healthy Diet|354\/404|[from] Stealth Rock
|switch|p1a: onion fairy god|Celebi|290\/396
|
|-heal|p1a: onion fairy god|314\/396|[from] item: Leftovers
|turn|71
|c|+Tipsy Russian|stall with no spikes or win con is fun
|c|+DatLatias|ikr
|c|+Tipsy Russian|makes for fun games imo
|c|âxShiba|71 turns
|c|âxShiba|still no death
|c|+watfor|cm sunfish and blissey of course
|
|switch|p1a: batsy watzy|Crobat, F|367\/373
|switch|p2a: Ay Der Cune|Vaporeon, F|424\/452 tox
|-damage|p2a: Ay Der Cune|368\/452 tox|[from] Stealth Rock
|
|-heal|p1a: batsy watzy|373\/373|[from] item: Black Sludge
|-heal|p2a: Ay Der Cune|396\/452 tox|[from] item: Leftovers
|-damage|p2a: Ay Der Cune|368\/452 tox|[from] psn
|turn|72
|c|âpokemonisfun|thank you watfor
|join|ShiggyDiggyPantsu
|c|+DatLatias|cm haze croabt
|c|+DatLatias|imo
|c|âpokemonisfun|please dont reveal my sets though
|
|switch|p1a: Mega Chansey|Blissey, F|656\/656
|move|p2a: Ay Der Cune|Heal Bell|p2a: Ay Der Cune
|-cureteam|p2a: Ay Der Cune|[from] move: HealBell
|
|-heal|p2a: Ay Der Cune|396\/452|[from] item: Leftovers
|turn|73
|c|+Tipsy Russian|i prefer cromomomomomomomla
|c|+Tipsy Russian|tbh
|leave|ShiggyDiggyPantsu
|c|+Tipsy Russian|over cm blissey
|leave|ElderVen
|
|move|p2a: Ay Der Cune|Protect|p2a: Ay Der Cune
|-singleturn|p2a: Ay Der Cune|Protect
|move|p1a: Mega Chansey|Seismic Toss|p2a: Ay Der Cune
|-activate|p2a: Ay Der Cune|Protect
|
|-heal|p2a: Ay Der Cune|424\/452|[from] item: Leftovers
|turn|74
|join|LessThanThreeMan
|leave|Austin
|c|+LiberalLucario|lttm go away
|
|move|p2a: Ay Der Cune|Wish|p2a: Ay Der Cune
|move|p1a: Mega Chansey|Toxic|p2a: Ay Der Cune|[miss]
|-miss|p1a: Mega Chansey|p2a: Ay Der Cune
|
|-heal|p2a: Ay Der Cune|452\/452|[from] item: Leftovers
|turn|75
|c|+DatLatias|what about cm tbolt ice beam rest blissey
|c|+LiberalLucario|you dont wanna see this
|join|oh no oh no
|c|+LiberalLucario|its p ugly
|
|switch|p2a: Fuccboii 2.0|Jirachi, shiny|181\/341
|-damage|p2a: Fuccboii 2.0|160\/341|[from] Stealth Rock
|move|p1a: Mega Chansey|Seismic Toss|p2a: Fuccboii 2.0
|-damage|p2a: Fuccboii 2.0|60\/341
|
|-heal|p2a: Fuccboii 2.0|286\/341|[from] move: Wish|[wisher] Ay Der Cune
|turn|76
|join|ElderVen
|join|Botas
|c|+DatLatias|senpai
|
|switch|p1a: swimmy swim|Alomomola, M|471\/471
|move|p2a: Fuccboii 2.0|U-turn|p1a: swimmy swim
|-damage|p1a: swimmy swim|410\/471
|c|+DatLatias|ar eyou winning
|
|switch|p2a: Healthy Diet|Celebi|354\/404
|-damage|p2a: Healthy Diet|304\/404|[from] Stealth Rock
|
|-heal|p1a: swimmy swim|439\/471|[from] item: Leftovers
|turn|77
|c|+DatLatias|senpai
|c|+IDerpy|im facing whoever is next...
|c|+DatLatias|are you winning
|c|+DatLatias|are you facing pokemomisunf
|
|switch|p1a: batsy watzy|Crobat, F|373\/373
|move|p2a: Healthy Diet|Recover|p2a: Healthy Diet
|-heal|p2a: Healthy Diet|404\/404
|
|turn|78
|c|+IDerpy|idk
|c|âpokemonisfun|eh
|c|âpokemonisfun|i think i am
|c|+DatLatias|yay
|c|+DatLatias|go
|c|+DatLatias|sen
|c|+IDerpy|tbh i want that rematch with Shiba
|c|+DatLatias|pai
|
|move|p1a: batsy watzy|Haze|p1a: batsy watzy
|-clearallboost
|move|p2a: Healthy Diet|Baton Pass|p2a: Healthy Diet
|join|Cr0cktopus
|
|switch|p2a: Fuccboii 2.0|Jirachi, shiny|286\/341
|-damage|p2a: Fuccboii 2.0|265\/341|[from] Stealth Rock
|
|turn|79
|c|+DatLatias|senpai do u have brave bird
|c|+DatLatias|ont
|c|+DatLatias|that
|
|switch|p1a: swimmy swim|Alomomola, M|471\/471
|move|p2a: Fuccboii 2.0|U-turn|p1a: swimmy swim
|-damage|p1a: swimmy swim|412\/471
|leave|Cr0cktopus
|
|switch|p2a: Healthy Diet|Celebi|404\/404
|-damage|p2a: Healthy Diet|354\/404|[from] Stealth Rock
|
|-heal|p1a: swimmy swim|441\/471|[from] item: Leftovers
|turn|80
|c|âpokemonisfun|im kind of scared of weakness
|c|+IDerpy|who is your sen[ai DatLatias?
|c|âxShiba|nah
|
|switch|p1a: batsy watzy|Crobat, F|373\/373
|move|p2a: Healthy Diet|Swords Dance|p2a: Healthy Diet
|-boost|p2a: Healthy Diet|atk|2
|
|turn|81
|c|âxShiba|its meadow pl8
|c|+IDerpy|...
|c|+DatLatias|pokemonisfun
|c|+DatLatias|is
|c|+DatLatias|senps
|c|âpokemonisfun|^_^
|c|+IDerpy|\/me stand in corner
|c|âpokemonisfun|thanks senpai
|c|+DatLatias|can i  call you
|c|+DatLatias|senps
|
|move|p1a: batsy watzy|Haze|p1a: batsy watzy
|-clearallboost
|move|p2a: Healthy Diet|Swords Dance|p2a: Healthy Diet
|-boost|p2a: Healthy Diet|atk|2
|
|turn|82
|c|âpokemonisfun|ya
|c|+DatLatias|n_n
|c|+DatLatias|okay senps
|leave|Gogoplata
|
|move|p1a: batsy watzy|Haze|p1a: batsy watzy
|-clearallboost
|move|p2a: Healthy Diet|Recover|p2a: Healthy Diet
|-heal|p2a: Healthy Diet|404\/404
|
|turn|83
|c|âpokemonisfun|:]
|c|+IDerpy|\/me is forever alone...
|join|Gogoplata
|leave|DrReuniclus3
|join|Gay Bear Sex
|
|switch|p1a: woofy woof woof|Granbull, M|384\/384
|-ability|p1a: woofy woof woof|Intimidate|[of] p2a: Healthy Diet
|-unboost|p2a: Healthy Diet|atk|1
|move|p2a: Healthy Diet|Swords Dance|p2a: Healthy Diet
|-boost|p2a: Healthy Diet|atk|2
|
|turn|84
|join|DrReuniclus3
|
|move|p2a: Healthy Diet|Seed Bomb|p1a: woofy woof woof
|-damage|p1a: woofy woof woof|255\/384
|move|p1a: woofy woof woof|Roar|p2a: Healthy Diet
|drag|p2a: Steve|Donphan, M|52\/322
|-damage|p2a: Steve|32\/322|[from] Stealth Rock
|
|-heal|p2a: Steve|52\/322|[from] item: Leftovers
|-heal|p1a: woofy woof woof|279\/384|[from] item: Leftovers
|turn|85
|c|+DatLatias|ice shard
|c|+IDerpy|RAPID SPIN
|c|+watfor|finally a spin
|c|+DatLatias|em
|leave|Gay Bear Sex
|
|switch|p2a: Ay Der Cune|Vaporeon, F|452\/452
|-damage|p2a: Ay Der Cune|396\/452|[from] Stealth Rock
|move|p1a: woofy woof woof|Play Rough|p2a: Ay Der Cune
|-damage|p2a: Ay Der Cune|257\/452
|
|-heal|p2a: Ay Der Cune|285\/452|[from] item: Leftovers
|-heal|p1a: woofy woof woof|303\/384|[from] item: Leftovers
|turn|86
|c|+DatLatias|ice
|c|+DatLatias|shard
|c|+DatLatias|rip
|leave|Gogoplata
|c|âpokemonisfun|okay
|c|âxShiba|i dont outspeed
|join|Gogoplata
|leave|Gogoplata
|c|âpokemonisfun|!data granbull
|c|~|\/data-pokemon Granbull

|
|switch|p1a: Mega Chansey|Blissey, F|656\/656
|move|p2a: Ay Der Cune|Scald|p1a: Mega Chansey
|-damage|p1a: Mega Chansey|599\/656
|
|-heal|p2a: Ay Der Cune|313\/452|[from] item: Leftovers
|-heal|p1a: Mega Chansey|640\/656|[from] item: Leftovers
|turn|87
|join|Gogoplata
|c|âpokemonisfun|!data donphan
|c|~|\/data-pokemon Donphan

|leave|Gogoplata
|join|Gogoplata
|c|+DatLatias|senpai remember that talk we had about stall building for stall
|c|+IDerpy|i got sniped
|c|âpokemonisfun|yeah senpai what about it
|c|âxShiba|pif what does your bull's speed hit
|c|+IDerpy|if PIF wins imma forfeit
|
|move|p2a: Ay Der Cune|Protect|p2a: Ay Der Cune
|-singleturn|p2a: Ay Der Cune|Protect
|move|p1a: Mega Chansey|Seismic Toss|p2a: Ay Der Cune
|-activate|p2a: Ay Der Cune|Protect
|
|-heal|p2a: Ay Der Cune|341\/452|[from] item: Leftovers
|-heal|p1a: Mega Chansey|656\/656|[from] item: Leftovers
|turn|88
|c|âpokemonisfun|18
|leave|Gogoplata
|c|+DatLatias|it just seems like
|join|Testlum
|join|Gogoplata
|c|+DatLatias|you need more things
|c|+DatLatias|for bulky stuff
|
|switch|p2a: Fuccboii 2.0|Jirachi, shiny|265\/341
|-damage|p2a: Fuccboii 2.0|244\/341|[from] Stealth Rock
|move|p1a: Mega Chansey|Toxic|p2a: Fuccboii 2.0
|-fail|p2a: Fuccboii 2.0
|
|turn|89
|leave|Gogoplata
i wish i had swag was promoted to Room Voice by xShiba.
|join|Gogoplata
|c|âpokemonisfun|i know
|leave|Gogoplata
|join|Gogoplata
|leave|Gogoplata
|join|Gogoplata
|
|switch|p1a: swimmy swim|Alomomola, M|471\/471
|move|p2a: Fuccboii 2.0|Iron Head|p1a: swimmy swim
|-crit|p1a: swimmy swim
|-resisted|p1a: swimmy swim
|-damage|p1a: swimmy swim|393\/471
|
|-heal|p1a: swimmy swim|422\/471|[from] item: Leftovers
|turn|90
|leave|Gogoplata
|join|Gogoplata
|c|âpokemonisfun|gogoplata
|leave|Gogoplata
|c|âpokemonisfun|hi
|join|Gogoplata
|
|switch|p2a: Healthy Diet|Celebi|404\/404
|-damage|p2a: Healthy Diet|354\/404|[from] Stealth Rock
|move|p1a: swimmy swim|Toxic|p2a: Healthy Diet|[miss]
|-miss|p1a: swimmy swim|p2a: Healthy Diet
|
|-heal|p1a: swimmy swim|451\/471|[from] item: Leftovers
|turn|91
|c|+LiberalLucario|p sure there is 0% chance shiba can win this
|c|âpokemonisfun|oh
|c|+LiberalLucario|but he can try!
Gogoplata was promoted to Room Voice by pokemonisfun.
|c|âxShiba|stall out of toxics
|c|âpokemonisfun|hi
|c|+Gogoplata|lel
|c|âxShiba|!!!
|
|switch|p1a: batsy watzy|Crobat, F|373\/373
|move|p2a: Healthy Diet|Swords Dance|p2a: Healthy Diet
|-boost|p2a: Healthy Diet|atk|2
|
|turn|92
|c|+Gogoplata|I was tryna get ur attention
|join|Colbrushie
|c|+DatLatias|if hes hypnosis sub reversal yanmega
|c|âpokemonisfun|its called pming
|c|+DatLatias|hes in
|c|âpokemonisfun|that works though
|c|+i wish i had swag|sigh
|
|move|p1a: batsy watzy|Haze|p1a: batsy watzy
|-clearallboost
|move|p2a: Healthy Diet|Swords Dance|p2a: Healthy Diet
|-boost|p2a: Healthy Diet|atk|2
|
|turn|93
|c|+i wish i had swag|o
|leave|DrReuniclus3
|c|+Gogoplata|this was much funner
|c|+i wish i had swag|ayyy
|c|+dingbat|*yawn* just bring trick users
|c|+i wish i had swag|!data haze
|c|~|\/data-move Haze

|
|move|p1a: batsy watzy|Haze|p1a: batsy watzy
|-clearallboost
|move|p2a: Healthy Diet|Swords Dance|p2a: Healthy Diet
|-boost|p2a: Healthy Diet|atk|2
|
|turn|94
|c|+i wish i had swag|he beats u fgt
|join|DrReuniclus3
|c|+i wish i had swag|he has mega pert for trick
|c|+DatLatias|brave bird
|c|+DatLatias|him
|c|+i wish i had swag|u dum fgt
|
|move|p1a: batsy watzy|Haze|p1a: batsy watzy
|-clearallboost
|move|p2a: Healthy Diet|Baton Pass|p2a: Healthy Diet
|c|+i wish i had swag|lmao
|
|switch|p2a: Ay Der Cune|Vaporeon, F|341\/452
|-damage|p2a: Ay Der Cune|285\/452|[from] Stealth Rock
|
|-heal|p2a: Ay Der Cune|313\/452|[from] item: Leftovers
|turn|95
|leave|cityfolk
|c|+Tipsy Russian|what about specs trick eball rachi
|
|switch|p1a: Mega Chansey|Blissey, F|656\/656
|move|p2a: Ay Der Cune|Wish|p2a: Ay Der Cune
|
|-heal|p2a: Ay Der Cune|341\/452|[from] item: Leftovers
|turn|96
|c|+DatLatias|senpai you could use sticky hold gastrodon instead of mega swampert if u wanted to use mega chansey
|join|Alldaalts
|
|switch|p2a: Fuccboii 2.0|Jirachi, shiny|244\/341
|-damage|p2a: Fuccboii 2.0|223\/341|[from] Stealth Rock
|move|p1a: Mega Chansey|Seismic Toss|p2a: Fuccboii 2.0
|-damage|p2a: Fuccboii 2.0|123\/341
|
|-heal|p2a: Fuccboii 2.0|341\/341|[from] move: Wish|[wisher] Ay Der Cune
|turn|97
|c|âpokemonisfun|o
|c|+i wish i had swag|thats power tbh
|c|âpokemonisfun|can you tutor me senpai
|c|+DatLatias|yeah
|
|switch|p1a: swimmy swim|Alomomola, M|471\/471
|move|p2a: Fuccboii 2.0|Fire Punch|p1a: swimmy swim
|-resisted|p1a: swimmy swim
|-damage|p1a: swimmy swim|442\/471
|
|-heal|p1a: swimmy swim|471\/471|[from] item: Leftovers
|turn|98
|c|+i wish i had swag|honestly shiba u cant pull thru
|c|+DatLatias|can someone tell todd im not talking to him ever again
|c|+i wish i had swag|ur team is way too reliant on celebi
|
|move|p2a: Fuccboii 2.0|Fire Punch|p1a: swimmy swim
|-resisted|p1a: swimmy swim
|-damage|p1a: swimmy swim|439\/471
|move|p1a: swimmy swim|Toxic|p2a: Fuccboii 2.0
|-fail|p2a: Fuccboii 2.0
|
|-heal|p1a: swimmy swim|468\/471|[from] item: Leftovers
|turn|99
|join|LMOA xD
|c|+DatLatias|ty
|
|switch|p2a: Healthy Diet|Celebi|354\/404
|-damage|p2a: Healthy Diet|304\/404|[from] Stealth Rock
|move|p1a: swimmy swim|Scald|p2a: Healthy Diet
|-resisted|p2a: Healthy Diet
|-damage|p2a: Healthy Diet|287\/404
|
|-heal|p1a: swimmy swim|471\/471|[from] item: Leftovers
|turn|100
|
|switch|p1a: batsy watzy|Crobat, F|373\/373
|move|p2a: Healthy Diet|Recover|p2a: Healthy Diet
|-heal|p2a: Healthy Diet|404\/404
|
|turn|101
|c|+DatLatias|pokemonusfun
|
|move|p1a: batsy watzy|Roost|p1a: batsy watzy
|-fail|p1a: batsy watzy
|move|p2a: Healthy Diet|Swords Dance|p2a: Healthy Diet
|-boost|p2a: Healthy Diet|atk|2
|
|turn|102
|c|+i wish i had swag|[22:47:13] @THEiTodd: can someone tell DatLatias i don't care
|c|+i wish i had swag|[22:47:14] @THEiTodd: tbh
|
|move|p1a: batsy watzy|Haze|p1a: batsy watzy
|-clearallboost
|move|p2a: Healthy Diet|Seed Bomb|p1a: batsy watzy
|-resisted|p1a: batsy watzy
|-damage|p1a: batsy watzy|347\/373
|
|-heal|p1a: batsy watzy|370\/373|[from] item: Black Sludge
|turn|103
|c|+i wish i had swag|@THEiTodd: can someone tell DatLatias i don't care
|
|move|p1a: batsy watzy|Roost|p1a: batsy watzy
|-heal|p1a: batsy watzy|373\/373
|move|p2a: Healthy Diet|Swords Dance|p2a: Healthy Diet
|-boost|p2a: Healthy Diet|atk|2
|
|turn|104
|c|+DatLatias|pokemonisfun senpai
|join|PLOF
|c|+DatLatias|tell this fag
|c|+DatLatias|mr ian
|c|âpokemonisfun|NO
|c|+i wish i had swag|lmao
|c|+DatLatias|that
|c|âpokemonisfun|ur both my senpais
|c|+DatLatias|hes a fgt
|c|âpokemonisfun|:(
|c|+DatLatias|):
|
|switch|p2a: Ay Der Cune|Vaporeon, F|341\/452
|-damage|p2a: Ay Der Cune|285\/452|[from] Stealth Rock
|move|p1a: batsy watzy|Haze|p1a: batsy watzy
|-clearallboost
|
|-heal|p2a: Ay Der Cune|313\/452|[from] item: Leftovers
|turn|105
|c|+DatLatias|i was your firsts senpai
|
|switch|p1a: Mega Chansey|Blissey, F|656\/656
|move|p2a: Ay Der Cune|Wish|p2a: Ay Der Cune
|
|-heal|p2a: Ay Der Cune|341\/452|[from] item: Leftovers
|turn|106
|c|+DatLatias|i-if you dont care
|c|âpokemonisfun|no
|
|move|p2a: Ay Der Cune|Scald|p1a: Mega Chansey
|-damage|p1a: Mega Chansey|593\/656
|-status|p1a: Mega Chansey|brn
|move|p1a: Mega Chansey|Seismic Toss|p2a: Ay Der Cune
|-damage|p2a: Ay Der Cune|241\/452
|
|-heal|p2a: Ay Der Cune|452\/452|[from] move: Wish|[wisher] Ay Der Cune
|-heal|p1a: Mega Chansey|634\/656 brn|[from] item: Leftovers
|-damage|p1a: Mega Chansey|552\/656 brn|[from] brn
|turn|107
|
|switch|p2a: Healthy Diet|Celebi|404\/404
|-damage|p2a: Healthy Diet|354\/404|[from] Stealth Rock
|move|p1a: Mega Chansey|Heal Bell|p1a: Mega Chansey
|-cureteam|p1a: Mega Chansey|[from] move: HealBell
|
|-heal|p1a: Mega Chansey|593\/656|[from] item: Leftovers
|turn|108
|c|+IDerpy|I KNEW IT
|
|switch|p1a: batsy watzy|Crobat, F|373\/373
|move|p2a: Healthy Diet|Swords Dance|p2a: Healthy Diet
|-boost|p2a: Healthy Diet|atk|2
|
|turn|109
|join|ShiggyDiggyPantsu
|
|move|p1a: batsy watzy|Haze|p1a: batsy watzy
|-clearallboost
|move|p2a: Healthy Diet|Baton Pass|p2a: Healthy Diet
|
|switch|p2a: Fuccboii 2.0|Jirachi, shiny|341\/341
|-damage|p2a: Fuccboii 2.0|320\/341|[from] Stealth Rock
|
|turn|110
|leave|ShiggyDiggyPantsu
|
|switch|p2a: Healthy Diet|Celebi|354\/404
|-damage|p2a: Healthy Diet|304\/404|[from] Stealth Rock
|switch|p1a: swimmy swim|Alomomola, M|471\/471
|
|turn|111
|join|ShiggyDiggyPantsu
|leave|DrReuniclus3
|c|+IDerpy|!learn Celebi, Zen Headbutt
|raw|<div class="infobox">Celebi <span class="message-learn-canlearn">can<\/span> learn Zen Headbutt<\/ul><\/div>
|
|switch|p1a: batsy watzy|Crobat, F|373\/373
|move|p2a: Healthy Diet|Swords Dance|p2a: Healthy Diet
|-boost|p2a: Healthy Diet|atk|2
|
|turn|112
|c|+IDerpy|^^^
|join|DrReuniclus3
|c|+IDerpy|so useful right now
|c|+LiberalLucario|then he has to give up a move
|
|move|p1a: batsy watzy|Haze|p1a: batsy watzy
|-clearallboost
|move|p2a: Healthy Diet|Recover|p2a: Healthy Diet
|-heal|p2a: Healthy Diet|404\/404
|
|turn|113
|c|+IDerpy|turn 113
|leave|Tipsy Russian
|c|+IDerpy|still 6-6
|leave|LessThanThreeMan
|leave|DrReuniclus3
|
|move|p1a: batsy watzy|Roost|p1a: batsy watzy
|-fail|p1a: batsy watzy
|move|p2a: Healthy Diet|Swords Dance|p2a: Healthy Diet
|-boost|p2a: Healthy Diet|atk|2
|
|turn|114
|join|DrReuniclus3
|leave|DatLatias
|c|+IDerpy|find out int the next Episode of...
|
|move|p1a: batsy watzy|Haze|p1a: batsy watzy
|-clearallboost
|move|p2a: Healthy Diet|Seed Bomb|p1a: batsy watzy
|-resisted|p1a: batsy watzy
|-damage|p1a: batsy watzy|347\/373
|
|-heal|p1a: batsy watzy|370\/373|[from] item: Black Sludge
|turn|115
|c|+LiberalLucario|he has like
|c|+LiberalLucario|40 hazes left
|c|+LiberalLucario|lol
|join|thyme to kill
|c|âxShiba|i have
|c|âxShiba|55 BPs left
|leave|thyme to kill
|
|move|p1a: batsy watzy|Roost|p1a: batsy watzy
|-heal|p1a: batsy watzy|373\/373
|move|p2a: Healthy Diet|Baton Pass|p2a: Healthy Diet
|c|âpokemonisfun|54
|
|switch|p2a: Fuccboii 2.0|Jirachi, shiny|320\/341
|-damage|p2a: Fuccboii 2.0|299\/341|[from] Stealth Rock
|
|turn|116
|c|+dingbat|l0l
|c|+i wish i had swag|do u not have trick
|
|switch|p1a: swimmy swim|Alomomola, M|471\/471
|move|p2a: Fuccboii 2.0|Fire Punch|p1a: swimmy swim
|-resisted|p1a: swimmy swim
|-damage|p1a: swimmy swim|442\/471
|
|-heal|p1a: swimmy swim|471\/471|[from] item: Leftovers
|turn|117
|c|+dingbat|not in a million yrs
|
|move|p2a: Fuccboii 2.0|Fire Punch|p1a: swimmy swim
|-resisted|p1a: swimmy swim
|-damage|p1a: swimmy swim|438\/471
|move|p1a: swimmy swim|Scald|p2a: Fuccboii 2.0
|-damage|p2a: Fuccboii 2.0|253\/341
|-status|p2a: Fuccboii 2.0|brn
|
|-heal|p1a: swimmy swim|467\/471|[from] item: Leftovers
|-damage|p2a: Fuccboii 2.0|211\/341 brn|[from] brn
|turn|118
|join|baenail
|c|+dingbat|lmoa
|c|+waiv|rip
|c|+i wish i had swag|slayed
|leave|PLOF
|c|+waiv|nice try
|c|+waiv|jus forfeit imo
|
|switch|p2a: Ay Der Cune|Vaporeon, F|452\/452
|-damage|p2a: Ay Der Cune|396\/452|[from] Stealth Rock
|switch|p1a: Mega Chansey|Blissey, F|593\/656
|
|-heal|p2a: Ay Der Cune|424\/452|[from] item: Leftovers
|-heal|p1a: Mega Chansey|634\/656|[from] item: Leftovers
|turn|119
|c|+waiv|is it rly worth playing pif
|c|+waiv|LOL
|c|+i wish i had swag|tbf
|c|+i wish i had swag|if u beat pif
|c|+IDerpy|im gonna forfeit if PIF wins
|c|+i wish i had swag|u become a fuckboy
|c|âxShiba|lmao
|c|+waiv|wtf
|c|+IDerpy|cuz i dont have anything for his team
|c|âxShiba|is it really worth
|c|âxShiba|playing stall in a tourney tho
|
|move|p2a: Ay Der Cune|Heal Bell|p2a: Ay Der Cune
|-cureteam|p2a: Ay Der Cune|[from] move: HealBell
|move|p1a: Mega Chansey|Seismic Toss|p2a: Ay Der Cune
|-damage|p2a: Ay Der Cune|324\/452
|
|-heal|p2a: Ay Der Cune|352\/452|[from] item: Leftovers
|-heal|p1a: Mega Chansey|656\/656|[from] item: Leftovers
|turn|120
|c|+dingbat|yes
|c|+i wish i had swag|no one likes people who beat pif
|c|+IDerpy|never
|c|+dingbat|in pif's world
|
|move|p2a: Ay Der Cune|Protect|p2a: Ay Der Cune
|-singleturn|p2a: Ay Der Cune|Protect
|move|p1a: Mega Chansey|Toxic|p2a: Ay Der Cune
|-activate|p2a: Ay Der Cune|Protect
|
|-heal|p2a: Ay Der Cune|380\/452|[from] item: Leftovers
|turn|121
|
|switch|p1a: onion fairy god|Celebi|314\/396
|move|p2a: Ay Der Cune|Wish|p2a: Ay Der Cune
|
|-heal|p1a: onion fairy god|338\/396|[from] item: Leftovers
|-heal|p2a: Ay Der Cune|408\/452|[from] item: Leftovers
|turn|122
|
|switch|p2a: Fuccboii 2.0|Jirachi, shiny|211\/341
|-damage|p2a: Fuccboii 2.0|190\/341|[from] Stealth Rock
|move|p1a: onion fairy god|Giga Drain|p2a: Fuccboii 2.0
|-resisted|p2a: Fuccboii 2.0
|-damage|p2a: Fuccboii 2.0|144\/341
|-heal|p1a: onion fairy god|361\/396|[from] drain|[of] p2a: Fuccboii 2.0
|
|-heal|p2a: Fuccboii 2.0|341\/341|[from] move: Wish|[wisher] Ay Der Cune
|-heal|p1a: onion fairy god|385\/396|[from] item: Leftovers
|turn|123
|c|+IDerpy|inb4 Shiba comes up with Best plan in the world
|c|âpokemonisfun|you have 3 more wishes?
|c|+i wish i had swag|find out
|c|+i wish i had swag|on the next episode
|c|+i wish i had swag|of dragon
|c|+i wish i had swag|ball
|
|switch|p1a: swimmy swim|Alomomola, M|471\/471
|move|p2a: Fuccboii 2.0|U-turn|p1a: swimmy swim
|-damage|p1a: swimmy swim|412\/471
|c|+i wish i had swag|zzzzzzzzzzzzzzzzzzzzz
|c|+Gogoplata|f
|leave|baenail
|c|+IDerpy|xxxxxxxxxxxxxxxxxxxxxxxxxxxxxxxxxxx
|c|+dingbat|nice ctrl + F
|c|âpokemonisfun|yeah
|leave|LMOA xD
|c|âpokemonisfun|some asshole told my opp to do that once when i woudlnt tell him my pp
|
|switch|p2a: Healthy Diet|Celebi|404\/404
|-damage|p2a: Healthy Diet|354\/404|[from] Stealth Rock
|
|-heal|p1a: swimmy swim|441\/471|[from] item: Leftovers
|turn|124
|c|+Gogoplata|i didnt ctrl + f
|leave|Volbeatdown FU
|
|switch|p1a: batsy watzy|Crobat, F|373\/373
|move|p2a: Healthy Diet|Baton Pass|p2a: Healthy Diet
|c|+i wish i had swag|spin and then just keep switching
|c|+i wish i had swag|yn
|c|+i wish i had swag|?
|c|+IDerpy|if it gets to turn 200 can we dq PIF?
|
|switch|p2a: Fuccboii 2.0|Jirachi, shiny|341\/341
|-damage|p2a: Fuccboii 2.0|320\/341|[from] Stealth Rock
|
|turn|125
|c|+dingbat|L
|
|switch|p1a: swimmy swim|Alomomola, M|471\/471
|move|p2a: Fuccboii 2.0|Iron Head|p1a: swimmy swim
|-resisted|p1a: swimmy swim
|-damage|p1a: swimmy swim|426\/471
|
|-heal|p1a: swimmy swim|455\/471|[from] item: Leftovers
|turn|126
|
|move|p2a: Fuccboii 2.0|Iron Head|p1a: swimmy swim
|-resisted|p1a: swimmy swim
|-damage|p1a: swimmy swim|404\/471
|move|p1a: swimmy swim|Toxic|p2a: Fuccboii 2.0
|-fail|p2a: Fuccboii 2.0
|
|-heal|p1a: swimmy swim|433\/471|[from] item: Leftovers
|turn|127
|
|move|p2a: Fuccboii 2.0|Iron Head|p1a: swimmy swim
|-resisted|p1a: swimmy swim
|-damage|p1a: swimmy swim|384\/471
|move|p1a: swimmy swim|Scald|p2a: Fuccboii 2.0
|-damage|p2a: Fuccboii 2.0|278\/341
|
|-heal|p1a: swimmy swim|413\/471|[from] item: Leftovers
|turn|128
|
|move|p2a: Fuccboii 2.0|Iron Head|p1a: swimmy swim
|-resisted|p1a: swimmy swim
|-damage|p1a: swimmy swim|364\/471
|cant|p1a: swimmy swim|flinch
|
|-heal|p1a: swimmy swim|393\/471|[from] item: Leftovers
|turn|129
|join|ChuffedTeapot
|c|+IDerpy|tryin to get that flinch tho
|
|move|p2a: Fuccboii 2.0|Iron Head|p1a: swimmy swim
|-resisted|p1a: swimmy swim
|-damage|p1a: swimmy swim|342\/471
|move|p1a: swimmy swim|Scald|p2a: Fuccboii 2.0
|-damage|p2a: Fuccboii 2.0|235\/341
|
|-heal|p1a: swimmy swim|371\/471|[from] item: Leftovers
|turn|130
|
|move|p2a: Fuccboii 2.0|Iron Head|p1a: swimmy swim
|-resisted|p1a: swimmy swim
|-damage|p1a: swimmy swim|323\/471
|move|p1a: swimmy swim|Scald|p2a: Fuccboii 2.0
|-damage|p2a: Fuccboii 2.0|189\/341
|-status|p2a: Fuccboii 2.0|brn
|
|-heal|p1a: swimmy swim|352\/471|[from] item: Leftovers
|-damage|p2a: Fuccboii 2.0|147\/341 brn|[from] brn
|turn|131
|leave|ChuffedTeapot
|c|+trevor ellis|what the actual fuck
|
|switch|p2a: Healthy Diet|Celebi|354\/404
|-damage|p2a: Healthy Diet|304\/404|[from] Stealth Rock
|switch|p1a: Mega Chansey|Blissey, F|656\/656
|
|turn|132
|c|+i wish i had swag|r u even trying anymore shiba
|c|+trevor ellis|both of you are fgts
|c|âxShiba|no lol
|
|switch|p1a: batsy watzy|Crobat, F|373\/373
|move|p2a: Healthy Diet|Swords Dance|p2a: Healthy Diet
|-boost|p2a: Healthy Diet|atk|2
|
|turn|133
|c|+i wish i had swag|!data i love pussy
No Pokemon, item, move, ability or nature named 'i love pussy' was found. (Check your spelling?)
|c|+i wish i had swag|!data dad
No Pokemon, item, move, ability or nature named 'dad' was found. (Check your spelling?)
|
|move|p1a: batsy watzy|Haze|p1a: batsy watzy
|-clearallboost
|move|p2a: Healthy Diet|Baton Pass|p2a: Healthy Diet
|c|+IDerpy|!dt mee too
No Pokemon, item, move, ability or nature named 'mee too' was found. Showing the data of 'Mewtwo' instead.
|c|~|\/data-pokemon Mewtwo
|raw|<font size="1"><font color=#585858>Dex#:<\/font> 150&nbsp;|&ThickSpace;<font color=#585858>Height:<\/font> 2 m&nbsp;|&ThickSpace;<font color=#585858>Weight:<\/font> 122 kg <em>(100 BP)<\/em>&nbsp;|&ThickSpace;<font color=#585858>Dex Colour:<\/font> Purple&nbsp;|&ThickSpace;<font color=#585858>Egg Group(s):<\/font> Undiscovered&nbsp;|&ThickSpace;<font color=#585858><font color=#585858>Does Not Evolve<\/font><\/font><\/font>
|c|+i wish i had swag|!data sniperaims dad
No Pokemon, item, move, ability or nature named 'sniperaims dad' was found. (Check your spelling?)
|join|LMOA xD
|c|+trevor ellis|i have been on youtube this whole time
|c|+i wish i had swag|!data pussy
No Pokemon, item, move, ability or nature named 'pussy' was found. Showing the data of 'Sassy' instead.
Sassy nature: +10% Special Defense, -10% Speed.
|
|switch|p2a: Fuccboii 2.0|Jirachi, shiny|147\/341 brn
|-damage|p2a: Fuccboii 2.0|126\/341 brn|[from] Stealth Rock
|
|-damage|p2a: Fuccboii 2.0|84\/341 brn|[from] brn
|turn|134
|c|+i wish i had swag|!data penis
No Pokemon, item, move, ability or nature named 'penis' was found. (Check your spelling?)
|c|+i wish i had swag|!data dick
No Pokemon, item, move, ability or nature named 'dick' was found. Showing the data of 'Lick' instead.
|c|~|\/data-move Lick

|c|+i wish i had swag|!data vagina
No Pokemon, item, move, ability or nature named 'vagina' was found. (Check your spelling?)
|c|+i wish i had swag|!data anus
No Pokemon, item, move, ability or nature named 'anus' was found. (Check your spelling?)
|c|+i wish i had swag|!data rectum
No Pokemon, item, move, ability or nature named 'rectum' was found. (Check your spelling?)
|
|switch|p1a: swimmy swim|Alomomola, M|471\/471
|move|p2a: Fuccboii 2.0|Healing Wish|p2a: Fuccboii 2.0
|faint|p2a: Fuccboii 2.0
|
|c|+i wish i had swag|!data asshole
No Pokemon, item, move, ability or nature named 'asshole' was found. Showing the data of 'Absol' instead.
|c|~|\/data-pokemon Absol

|c|+i wish i had swag|lmoa
|leave|Mike Hunts
|
|switch|p2a: Steve|Donphan, M|52\/322
|-heal|p2a: Steve|322\/322|[from] move: Healing Wish
|-damage|p2a: Steve|302\/322|[from] Stealth Rock
|turn|135
|c|+IDerpy|!dt bigdick
No Pokemon, item, move, ability or nature named 'bigdick' was found. Showing the data of 'Litwick' instead.
|c|~|\/data-pokemon Litwick
|raw|<font size="1"><font color=#585858>Dex#:<\/font> 607&nbsp;|&ThickSpace;<font color=#585858>Height:<\/font> 0.3 m&nbsp;|&ThickSpace;<font color=#585858>Weight:<\/font> 3.1 kg <em>(20 BP)<\/em>&nbsp;|&ThickSpace;<font color=#585858>Dex Colour:<\/font> White&nbsp;|&ThickSpace;<font color=#585858>Egg Group(s):<\/font> Amorphous&nbsp;|&ThickSpace;<font color=#585858>Evolution:<\/font> Lampent (41)<\/font>
|c|+watfor|!learn absol, lick
|raw|<div class="infobox">Absol <span class="message-learn-cannotlearn">can't<\/span> learn Lick<\/div>
|c|+watfor|rip
|c|+IDerpy|;-;
|
|switch|p1a: onion fairy god|Celebi|385\/396
|move|p2a: Steve|Rapid Spin|p1a: onion fairy god
|-damage|p1a: onion fairy god|369\/396
|-sideend|p2: xShiba|Stealth Rock|[from] move: Rapid Spin|[of] p2a: Steve
|
|-heal|p1a: onion fairy god|393\/396|[from] item: Leftovers
|-heal|p2a: Steve|322\/322|[from] item: Leftovers
|turn|136
|c|+i wish i had swag|I LOVE METH
|c|+i wish i had swag|!data meth
No Pokemon, item, move, ability or nature named 'meth' was found. (Check your spelling?)
|join|DADSDADS IS SWAG
|
|switch|p2a: Fuccboii|Sharpedo, M, shiny|281\/281
|move|p1a: onion fairy god|Stealth Rock|p2a: Fuccboii
|-sidestart|p2: xShiba|move: Stealth Rock
|
|-heal|p1a: onion fairy god|396\/396|[from] item: Leftovers
|turn|137
|c|+i wish i had swag|!data cock
No Pokemon, item, move, ability or nature named 'cock' was found. (Check your spelling?)
|c|+i wish i had swag|!data bellend
No Pokemon, item, move, ability or nature named 'bellend' was found. (Check your spelling?)
|c|+IDerpy|im in love with da coco
|join|Prof Latios
|c|+i wish i had swag|!data coco
No Pokemon, item, move, ability or nature named 'coco' was found. (Check your spelling?)
|join|joltage
|join|KingT9722
|join|LessThanThreeMan
|c|+i wish i had swag|!data pussssssssy
No Pokemon, item, move, ability or nature named 'pussssssssy' was found. (Check your spelling?)
|leave|DrReuniclus3
|join|DrReuniclus3
|c|+i wish i had swag|!data beat my meat
No Pokemon, item, move, ability or nature named 'beat my meat' was found. (Check your spelling?)
|c|+i wish i had swag|!data shit
No Pokemon, item, move, ability or nature named 'shit' was found. (Check your spelling?)
|c|+i wish i had swag|!data fuck
No Pokemon, item, move, ability or nature named 'fuck' was found. (Check your spelling?)
|c|+IDerpy|...
|c|+i wish i had swag|!data fornication
No Pokemon, item, move, ability or nature named 'fornication' was found. (Check your spelling?)
|c|+i wish i had swag|!data scat
No Pokemon, item, move, ability or nature named 'scat' was found. (Check your spelling?)
|c|+i wish i had swag|!data porn
No Pokemon, item, move, ability or nature named 'porn' was found. (Check your spelling?)
|c|+IDerpy|fornication?
|
|switch|p1a: woofy woof woof|Granbull, M|303\/384
|-ability|p1a: woofy woof woof|Intimidate|[of] p2a: Fuccboii
|-unboost|p2a: Fuccboii|atk|1
|detailschange|p2a: Fuccboii|Sharpedo-Mega, M, shiny
|-mega|p2a: Fuccboii|Sharpedo|Sharpedonite
|move|p2a: Fuccboii|Crunch|p1a: woofy woof woof
|-resisted|p1a: woofy woof woof
|-damage|p1a: woofy woof woof|225\/384
|
|-heal|p1a: woofy woof woof|249\/384|[from] item: Leftovers
|turn|138
|c|+i wish i had swag|it means fucking
|leave|DrReuniclus3
|c|+Gogoplata|fornication = sex
|leave|LMOA xD
|c|+watfor|!dt cunt
No Pokemon, item, move, ability or nature named 'cunt' was found. Showing the data of 'Cut' instead.
|c|~|\/data-move Cut
|raw|<font size="1"><font color=#585858>Priority:<\/font> 0&nbsp;|&ThickSpace;<font color=#585858><font color=black>&#10003; Contact<\/font><\/font>&nbsp;|&ThickSpace;<font color=#585858><font color=black>&#10003; Blocked by Protect<\/font><\/font>&nbsp;|&ThickSpace;<font color=#585858>Target:<\/font> One Adjacent Pokemon<\/font>
|join|DrReuniclus3
|c|+watfor|lmao
|c|+i wish i had swag|kek
|c|+IDerpy|what a name
|leave|DrReuniclus3
|join|DrReuniclus3
|leave|DADSDADS IS SWAG
|
|move|p2a: Fuccboii|Waterfall|p1a: woofy woof woof
|-damage|p1a: woofy woof woof|150\/384
|cant|p1a: woofy woof woof|flinch
|
|-heal|p1a: woofy woof woof|174\/384|[from] item: Leftovers
|turn|139
|join|DADSDADS IS SWAG
|c|+i wish i had swag|NICE
|c|+dingbat|time to sl33p
|c|+IDerpy|noice
|c|+i wish i had swag|SHIBA IS A GOOD PLAYER
|c|+dingbat|lmk how many turns it takes
|join|BasedAaron
|c|+OGWanka Devotion|i wish you get owned pif
|c|+dingbat|for xshiba to lose
|
|switch|p2a: Healthy Diet|Celebi|304\/404
|-damage|p2a: Healthy Diet|254\/404|[from] Stealth Rock
|move|p1a: woofy woof woof|Play Rough|p2a: Healthy Diet
|-damage|p2a: Healthy Diet|128\/404
|
|-heal|p1a: woofy woof woof|198\/384|[from] item: Leftovers
|turn|140
|c|+i wish i had swag|JUST CRIT HERE
|leave|gobosox
|c|âxShiba|kek
|c|+dingbat|wait
|-message|xShiba forfeited.
|c|+dingbat|progress@##@#@!#
|c|+OGWanka Devotion|curse
|leave|watfor
|
|win|pokemonisfun
|leave|DrReuniclus3
|c|+IDerpy|xShiba bout to flinch some bitches
|c|+OGWanka Devotion|that