|join|Bob the Wut
|join|xShiba
|c|âxShiba|r
|c|âxShiba|i
|c|âxShiba|p
|player|p1|Bob the Wut|23
|player|p2|xShiba|260
|gametype|singles
|gen|6
|tier|UU
|rated
|rule|Sleep Clause Mod: Limit one foe put to sleep
|rule|Species Clause: Limit one of each PokÃ©mon
|rule|OHKO Clause: OHKO moves are banned
|rule|Moody Clause: Moody is banned
|rule|Evasion Moves Clause: Evasion moves are banned
|rule|Endless Battle Clause: Forcing endless battles is banned
|rule|HP Percentage Mod: HP is shown in percentages
|clearpoke
|poke|p1|Swampert, M
|poke|p1|Crobat, F
|poke|p1|Jirachi
|poke|p1|Suicune
|poke|p1|Lucario, M
|poke|p1|Machamp, F
|poke|p2|Celebi
|poke|p2|Sharpedo, M, shiny
|poke|p2|Jirachi, shiny
|poke|p2|Yanmega, M, shiny
|poke|p2|Donphan, M
|poke|p2|Vaporeon, F
|rule|Swagger Clause: Swagger is banned
|rule|Baton Pass Clause: Limit one PokÃ©mon knowing Baton Pass
|teampreview
|join|itsmymaine
|c|âBob the Wut|o
|c|âxShiba|this is awkward
|join|ANGER MANAGEMENT
|join|trevor ellis
|
|start
|switch|p1a: Swampert|Swampert, M|404\/404
|switch|p2a: Steve|Donphan, M|322\/322
|turn|1
|
|switch|p2a: Healthy Diet|Celebi|404\/404
|move|p1a: Swampert|Scald|p2a: Healthy Diet
|-resisted|p2a: Healthy Diet
|-damage|p2a: Healthy Diet|374\/404
|
|turn|2
|join|LessThanThreeMan
|join|Donphantastic
|
|move|p2a: Healthy Diet|Swords Dance|p2a: Healthy Diet
|-boost|p2a: Healthy Diet|atk|2
|move|p1a: Swampert|Roar|p2a: Healthy Diet
|drag|p2a: Steve|Donphan, M|322\/322
|
|turn|3
|c| ANGER MANAGEMENT|real
|c| trevor ellis|rocks
|c| trevor ellis|both
|join|tuRkizzle
|
|switch|p2a: Ay Der Cune|Vaporeon, F|452\/452
|move|p1a: Swampert|Stealth Rock|p2a: Ay Der Cune
|-sidestart|p2: xShiba|move: Stealth Rock
|
|turn|4
|c| trevor ellis|hes going 4 rocks
|c| trevor ellis|scare
|
|switch|p1a: Machamp|Machamp, F|321\/321
|move|p2a: Ay Der Cune|Scald|p1a: Machamp
|-damage|p1a: Machamp|213\/321
|
|turn|5
|c|âxShiba|no guard champ
|c|âxShiba|y\/y
|
|move|p2a: Ay Der Cune|Protect|p2a: Ay Der Cune
|-singleturn|p2a: Ay Der Cune|Protect
|move|p1a: Machamp|Close Combat|p2a: Ay Der Cune
|-activate|p2a: Ay Der Cune|Protect
|
|turn|6
|c|âBob the Wut|its steadfast
|c| trevor ellis|rachi counter
|c|âBob the Wut|send in the 4x resist
|
|switch|p2a: Healthy Diet|Celebi|374\/404
|-damage|p2a: Healthy Diet|324\/404|[from] Stealth Rock
|move|p1a: Machamp|Close Combat|p2a: Healthy Diet
|-resisted|p2a: Healthy Diet
|-damage|p2a: Healthy Diet|144\/404
|-unboost|p1a: Machamp|def|1
|-unboost|p1a: Machamp|spd|1
|
|turn|7
|c|âBob the Wut|imo
|
|switch|p1a: Jirachi|Jirachi|341\/341
|move|p2a: Healthy Diet|Recover|p2a: Healthy Diet
|-heal|p2a: Healthy Diet|346\/404
|
|turn|8
|
|move|p1a: Jirachi|Trick|p2a: Healthy Diet
|-activate|p1a: Jirachi|move: Trick|[of] p2a: Healthy Diet
|-item|p2a: Healthy Diet|Choice Scarf|[from] move: Trick
|-item|p1a: Jirachi|Weakness Policy|[from] move: Trick
|move|p2a: Healthy Diet|Baton Pass|p2a: Healthy Diet
|c|âBob the Wut|ez
|c|âxShiba|;_;
|c| LessThanThreeMan|rip
|c| Donphantastic|over
|
|switch|p2a: Steve|Donphan, M|322\/322
|-damage|p2a: Steve|302\/322|[from] Stealth Rock
|
|-heal|p2a: Steve|322\/322|[from] item: Leftovers
|turn|9
|
|move|p1a: Jirachi|U-turn|p2a: Steve
|-crit|p2a: Steve
|-damage|p2a: Steve|249\/322
|
|switch|p1a: Swampert|Swampert, M|404\/404
|move|p2a: Steve|Stealth Rock|p1a: Swampert
|-sidestart|p1: Bob the Wut|move: Stealth Rock
|
|-heal|p2a: Steve|269\/322|[from] item: Leftovers
|turn|10
|
|switch|p2a: Healthy Diet|Celebi|346\/404
|-damage|p2a: Healthy Diet|296\/404|[from] Stealth Rock
|move|p1a: Swampert|Scald|p2a: Healthy Diet
|-resisted|p2a: Healthy Diet
|-damage|p2a: Healthy Diet|268\/404
|-status|p2a: Healthy Diet|brn
|
|-damage|p2a: Healthy Diet|218\/404 brn|[from] brn
|turn|11
|c|âxShiba|Bob ill give you a dollar for that WP back
|c|âBob the Wut|no i need wp
|c|âxShiba|n
|
|switch|p1a: Jirachi|Jirachi|341\/341
|-damage|p1a: Jirachi|320\/341|[from] Stealth Rock
|move|p2a: Healthy Diet|Seed Bomb|p1a: Jirachi
|-resisted|p1a: Jirachi
|-damage|p1a: Jirachi|297\/341
|
|-damage|p2a: Healthy Diet|168\/404 brn|[from] brn
|turn|12
|
|switch|p2a: Ay Der Cune|Vaporeon, F|452\/452
|-damage|p2a: Ay Der Cune|396\/452|[from] Stealth Rock
|move|p1a: Jirachi|U-turn|p2a: Ay Der Cune
|-damage|p2a: Ay Der Cune|327\/452
|join|Shit user
|
|switch|p1a: Machamp|Machamp, F|213\/321
|-damage|p1a: Machamp|193\/321|[from] Stealth Rock
|
|-heal|p2a: Ay Der Cune|355\/452|[from] item: Leftovers
|turn|13
|
|switch|p2a: Healthy Diet|Celebi|168\/404
|-damage|p2a: Healthy Diet|118\/404|[from] Stealth Rock
|move|p1a: Machamp|Close Combat|p2a: Healthy Diet
|-resisted|p2a: Healthy Diet
|-damage|p2a: Healthy Diet|0 fnt
|-unboost|p1a: Machamp|def|1
|-unboost|p1a: Machamp|spd|1
|faint|p2a: Healthy Diet
|
|
|switch|p2a: Steve|Donphan, M|269\/322
|-damage|p2a: Steve|249\/322|[from] Stealth Rock
|turn|14
|
|move|p1a: Machamp|Close Combat|p2a: Steve
|-damage|p2a: Steve|12\/322
|-unboost|p1a: Machamp|def|1
|-unboost|p1a: Machamp|spd|1
|move|p2a: Steve|Rapid Spin|p1a: Machamp
|-damage|p1a: Machamp|135\/321
|-sideend|p2: xShiba|Stealth Rock|[from] move: Rapid Spin|[of] p2a: Steve
|
|-heal|p2a: Steve|32\/322|[from] item: Leftovers
|turn|15
|
|move|p2a: Steve|Ice Shard|p1a: Machamp
|-damage|p1a: Machamp|35\/321
|move|p1a: Machamp|Close Combat|p2a: Steve
|-damage|p2a: Steve|0 fnt
|-unboost|p1a: Machamp|def|1
|-unboost|p1a: Machamp|spd|1
|faint|p2a: Steve
|
|
|switch|p2a: Zoom Zoom|Yanmega, M, shiny|313\/313
|turn|16
|c| Donphantastic|sherlock
|c| Donphantastic|is agood show
|
|move|p2a: Zoom Zoom|Bug Buzz|p1a: Machamp
|-resisted|p1a: Machamp
|-damage|p1a: Machamp|0 fnt
|-damage|p2a: Zoom Zoom|282\/313|[from] item: Life Orb
|faint|p1a: Machamp
|
|-boost|p2a: Zoom Zoom|spe|1|[from] ability: Speed Boost
|
|switch|p1a: Crobat|Crobat, F|325\/325
|-damage|p1a: Crobat|244\/325|[from] Stealth Rock
|turn|17
|
|switch|p2a: Fuccboii 2.0|Jirachi, shiny|341\/341
|move|p1a: Crobat|Defog|p2a: Fuccboii 2.0
|-unboost|p2a: Fuccboii 2.0|evasion|1
|-sideend|p1: Bob the Wut|Stealth Rock|[from] move: Defog|[of] p1a: Crobat
|
|-heal|p1a: Crobat|264\/325|[from] item: Black Sludge
|turn|18
|
|switch|p1a: Jirachi|Jirachi|297\/341
|move|p2a: Fuccboii 2.0|U-turn|p1a: Jirachi
|-damage|p1a: Jirachi|229\/341
|
|switch|p2a: Fuccboii|Sharpedo, M, shiny|281\/281
|
|turn|19
|
|switch|p1a: Swampert|Swampert, M|404\/404
|move|p2a: Fuccboii|Protect|p2a: Fuccboii
|-fail|p2a: Fuccboii
|
|-boost|p2a: Fuccboii|spe|1|[from] ability: Speed Boost
|turn|20
|
|detailschange|p2a: Fuccboii|Sharpedo-Mega, M, shiny
|-mega|p2a: Fuccboii|Sharpedo|Sharpedonite
|move|p2a: Fuccboii|Crunch|p1a: Swampert
|-damage|p1a: Swampert|224\/404
|-unboost|p1a: Swampert|def|1
|move|p1a: Swampert|Stealth Rock|p2a: Fuccboii
|-sidestart|p2: xShiba|move: Stealth Rock
|
|-heal|p1a: Swampert|249\/404|[from] item: Leftovers
|turn|21
|c|âBob the Wut|fk me
|
|switch|p1a: Suicune|Suicune|400\/400
|-ability|p1a: Suicune|Pressure
|move|p2a: Fuccboii|Crunch|p1a: Suicune
|-damage|p1a: Suicune|249\/400
|
|-heal|p1a: Suicune|274\/400|[from] item: Leftovers
|turn|22
|
|move|p2a: Fuccboii|Crunch|p1a: Suicune
|-damage|p1a: Suicune|117\/400
|move|p1a: Suicune|Scald|p2a: Fuccboii
|-resisted|p2a: Fuccboii
|-damage|p2a: Fuccboii|223\/281
|
|-heal|p1a: Suicune|142\/400|[from] item: Leftovers
|turn|23
|c| Donphantastic|aaannnddd
|c| Donphantastic|ogre?
|
|move|p2a: Fuccboii|Crunch|p1a: Suicune
|-damage|p1a: Suicune|0 fnt
|faint|p1a: Suicune
|
|
|switch|p1a: Swampert|Swampert, M|249\/404
|turn|24
|c|âxShiba|just flinch here
|c|âxShiba|ez pz
|
|move|p2a: Fuccboii|Waterfall|p1a: Swampert
|-damage|p1a: Swampert|120\/404
|move|p1a: Swampert|Roar|p2a: Fuccboii
|drag|p2a: Zoom Zoom|Yanmega, M, shiny|282\/313
|-damage|p2a: Zoom Zoom|126\/313|[from] Stealth Rock
|
|-heal|p1a: Swampert|145\/404|[from] item: Leftovers
|turn|25
|c| Shit user|ebin
|
|switch|p1a: Lucario|Lucario, M|281\/281
|move|p2a: Zoom Zoom|Air Slash|p1a: Lucario
|-damage|p1a: Lucario|50\/281
|-damage|p2a: Zoom Zoom|95\/313|[from] item: Life Orb
|
|-boost|p2a: Zoom Zoom|spe|1|[from] ability: Speed Boost
|turn|26
|
|switch|p2a: Ay Der Cune|Vaporeon, F|355\/452
|-damage|p2a: Ay Der Cune|299\/452|[from] Stealth Rock
|move|p1a: Lucario|Extreme Speed|p2a: Ay Der Cune
|-damage|p2a: Ay Der Cune|161\/452
|-damage|p1a: Lucario|22\/281|[from] item: Life Orb
|
|-heal|p2a: Ay Der Cune|189\/452|[from] item: Leftovers
|turn|27
|
|switch|p1a: Swampert|Swampert, M|145\/404
|move|p2a: Ay Der Cune|Protect|p2a: Ay Der Cune
|-fail|p2a: Ay Der Cune
|
|-heal|p2a: Ay Der Cune|217\/452|[from] item: Leftovers
|-heal|p1a: Swampert|170\/404|[from] item: Leftovers
|turn|28
|
|move|p2a: Ay Der Cune|Wish|p2a: Ay Der Cune
|move|p1a: Swampert|Earthquake|p2a: Ay Der Cune
|-damage|p2a: Ay Der Cune|85\/452
|
|-heal|p2a: Ay Der Cune|113\/452|[from] item: Leftovers
|-heal|p1a: Swampert|195\/404|[from] item: Leftovers
|turn|29
|
|move|p2a: Ay Der Cune|Protect|p2a: Ay Der Cune
|-singleturn|p2a: Ay Der Cune|Protect
|move|p1a: Swampert|Roar|p2a: Ay Der Cune
|drag|p2a: Zoom Zoom|Yanmega, M, shiny|95\/313
|-damage|p2a: Zoom Zoom|0 fnt|[from] Stealth Rock
|faint|p2a: Zoom Zoom
|
|-heal|p1a: Swampert|220\/404|[from] item: Leftovers
|
|switch|p2a: Fuccboii|Sharpedo-Mega, M, shiny|223\/281
|-damage|p2a: Fuccboii|188\/281|[from] Stealth Rock
|turn|30
|
|move|p2a: Fuccboii|Crunch|p1a: Swampert
|-damage|p1a: Swampert|37\/404
|move|p1a: Swampert|Earthquake|p2a: Fuccboii
|-damage|p2a: Fuccboii|19\/281
|
|-heal|p1a: Swampert|62\/404|[from] item: Leftovers
|turn|31
|
|switch|p1a: Lucario|Lucario, M|22\/281
|move|p2a: Fuccboii|Crunch|p1a: Lucario
|-resisted|p1a: Lucario
|-damage|p1a: Lucario|0 fnt
|faint|p1a: Lucario
|
|leave|trevor ellis
|
|switch|p1a: Crobat|Crobat, F|264\/325
|turn|32
|
|move|p1a: Crobat|Brave Bird|p2a: Fuccboii
|-crit|p2a: Fuccboii
|-damage|p2a: Fuccboii|0 fnt
|-damage|p1a: Crobat|258\/325|[from] recoil|[of] p2a: Fuccboii
|faint|p2a: Fuccboii
|
|-heal|p1a: Crobat|278\/325|[from] item: Black Sludge
|
|switch|p2a: Fuccboii 2.0|Jirachi, shiny|341\/341
|-damage|p2a: Fuccboii 2.0|320\/341|[from] Stealth Rock
|turn|33
|
|move|p2a: Fuccboii 2.0|Healing Wish|p2a: Fuccboii 2.0
|faint|p2a: Fuccboii 2.0
|move|p1a: Crobat|Brave Bird|p2: Fuccboii 2.0|[notarget]
|-notarget
|
|-heal|p1a: Crobat|298\/325|[from] item: Black Sludge
|join|so dynamic
|
|switch|p2a: Ay Der Cune|Vaporeon, F|113\/452
|-heal|p2a: Ay Der Cune|452\/452|[from] move: Healing Wish
|-damage|p2a: Ay Der Cune|396\/452|[from] Stealth Rock
|turn|34
|
|move|p1a: Crobat|Toxic|p2a: Ay Der Cune
|-status|p2a: Ay Der Cune|tox
|move|p2a: Ay Der Cune|Wish|p2a: Ay Der Cune
|
|-heal|p1a: Crobat|318\/325|[from] item: Black Sludge
|-heal|p2a: Ay Der Cune|424\/452 tox|[from] item: Leftovers
|-damage|p2a: Ay Der Cune|396\/452 tox|[from] psn
|turn|35
|leave|so dynamic
|leave|tuRkizzle
|
|switch|p1a: Jirachi|Jirachi|229\/341
|move|p2a: Ay Der Cune|Scald|p1a: Jirachi
|-damage|p1a: Jirachi|130\/341
|
|-heal|p2a: Ay Der Cune|452\/452 tox|[from] move: Wish|[wisher] Ay Der Cune
|-damage|p2a: Ay Der Cune|396\/452 tox|[from] psn
|turn|36
|c| ANGER MANAGEMENT|trick the wp
|join|so dynamic
|c|âBob the Wut|obviously
|leave|so dynamic
|
|move|p1a: Jirachi|Trick|p2a: Ay Der Cune
|-activate|p1a: Jirachi|move: Trick|[of] p2a: Ay Der Cune
|-item|p2a: Ay Der Cune|Weakness Policy|[from] move: Trick
|-item|p1a: Jirachi|Leftovers|[from] move: Trick
|move|p2a: Ay Der Cune|Heal Bell|p2a: Ay Der Cune
|-cureteam|p2a: Ay Der Cune|[from] move: HealBell
|
|-heal|p1a: Jirachi|151\/341|[from] item: Leftovers
|turn|37
|
|move|p1a: Jirachi|Iron Head|p2a: Ay Der Cune
|-resisted|p2a: Ay Der Cune
|-damage|p2a: Ay Der Cune|336\/452
|move|p2a: Ay Der Cune|Scald|p1a: Jirachi
|-damage|p1a: Jirachi|46\/341
|
|-heal|p1a: Jirachi|67\/341|[from] item: Leftovers
|turn|38
|c| Donphantastic|does vape win
|c| Donphantastic|if no flinch?
|
|move|p1a: Jirachi|Iron Head|p2a: Ay Der Cune
|-resisted|p2a: Ay Der Cune
|-damage|p2a: Ay Der Cune|269\/452
|cant|p2a: Ay Der Cune|flinch
|
|-heal|p1a: Jirachi|88\/341|[from] item: Leftovers
|turn|39
|join|Pink Core Is Back
|
|move|p1a: Jirachi|Iron Head|p2a: Ay Der Cune
|-resisted|p2a: Ay Der Cune
|-damage|p2a: Ay Der Cune|210\/452
|cant|p2a: Ay Der Cune|flinch
|
|-heal|p1a: Jirachi|109\/341|[from] item: Leftovers
|turn|40
|c|âBob the Wut|think so
|c|âxShiba|I needed that burn
|c|âxShiba|oml
|
|move|p1a: Jirachi|Iron Head|p2a: Ay Der Cune
|-resisted|p2a: Ay Der Cune
|-damage|p2a: Ay Der Cune|141\/452
|move|p2a: Ay Der Cune|Wish|p2a: Ay Der Cune
|
|-heal|p1a: Jirachi|130\/341|[from] item: Leftovers
|turn|41
|c| LessThanThreeMan|bat might do a decent amount to vape too
|
|move|p1a: Jirachi|U-turn|p2a: Ay Der Cune
|-damage|p2a: Ay Der Cune|64\/452
|c| ANGER MANAGEMENT|bat wins in the end
|c| LessThanThreeMan|kinda depends on spreads though
|
|switch|p1a: Swampert|Swampert, M|62\/404
|move|p2a: Ay Der Cune|Scald|p1a: Swampert
|-damage|p1a: Swampert|0 fnt
|faint|p1a: Swampert
|
|-heal|p2a: Ay Der Cune|290\/452|[from] move: Wish|[wisher] Ay Der Cune
|c| ANGER MANAGEMENT|because toxic pp > heal bell
|c|âBob the Wut|tru
|
|switch|p1a: Crobat|Crobat, F|318\/325
|turn|42
|
|move|p2a: Ay Der Cune|Protect|p2a: Ay Der Cune
|-singleturn|p2a: Ay Der Cune|Protect
|move|p1a: Crobat|Toxic|p2a: Ay Der Cune
|-activate|p2a: Ay Der Cune|Protect
|
|-heal|p1a: Crobat|325\/325|[from] item: Black Sludge
|turn|43
|c|âxShiba|always a possibility of missing
|c|âxShiba|and that
|
|move|p1a: Crobat|Toxic|p2a: Ay Der Cune
|-status|p2a: Ay Der Cune|tox
|move|p2a: Ay Der Cune|Wish|p2a: Ay Der Cune
|
|-damage|p2a: Ay Der Cune|262\/452 tox|[from] psn
|turn|44
|c| Shit user|trick rachi dw u wont get burnt
|
|move|p1a: Crobat|Brave Bird|p2a: Ay Der Cune
|-damage|p2a: Ay Der Cune|90\/452 tox
|-damage|p1a: Crobat|268\/325|[from] recoil|[of] p2a: Ay Der Cune
|move|p2a: Ay Der Cune|Heal Bell|p2a: Ay Der Cune
|-cureteam|p2a: Ay Der Cune|[from] move: HealBell
|
|-heal|p2a: Ay Der Cune|316\/452|[from] move: Wish|[wisher] Ay Der Cune
|-heal|p1a: Crobat|288\/325|[from] item: Black Sludge
|turn|45
|
|move|p2a: Ay Der Cune|Protect|p2a: Ay Der Cune
|-singleturn|p2a: Ay Der Cune|Protect
|move|p1a: Crobat|Brave Bird|p2a: Ay Der Cune
|-activate|p2a: Ay Der Cune|Protect
|
|-heal|p1a: Crobat|308\/325|[from] item: Black Sludge
|turn|46
|
|move|p1a: Crobat|Toxic|p2a: Ay Der Cune
|-status|p2a: Ay Der Cune|tox
|move|p2a: Ay Der Cune|Wish|p2a: Ay Der Cune
|
|-heal|p1a: Crobat|325\/325|[from] item: Black Sludge
|-damage|p2a: Ay Der Cune|288\/452 tox|[from] psn
|turn|47
|
|switch|p1a: Jirachi|Jirachi|130\/341
|move|p2a: Ay Der Cune|Scald|p1a: Jirachi
|-damage|p1a: Jirachi|30\/341
|
|-heal|p2a: Ay Der Cune|452\/452 tox|[from] move: Wish|[wisher] Ay Der Cune
|-heal|p1a: Jirachi|51\/341|[from] item: Leftovers
|-damage|p2a: Ay Der Cune|396\/452 tox|[from] psn
|turn|48
|join|gamerguy1123
|join|Lol1z da Fuccboi
|
|move|p1a: Jirachi|Iron Head|p2a: Ay Der Cune
|-resisted|p2a: Ay Der Cune
|-damage|p2a: Ay Der Cune|337\/452 tox
|move|p2a: Ay Der Cune|Heal Bell|p2a: Ay Der Cune
|-cureteam|p2a: Ay Der Cune|[from] move: HealBell
|
|-heal|p1a: Jirachi|72\/341|[from] item: Leftovers
|turn|49
|c|âBob the Wut|rip
|
|move|p1a: Jirachi|U-turn|p2a: Ay Der Cune
|-damage|p2a: Ay Der Cune|268\/452
|
|switch|p1a: Crobat|Crobat, F|325\/325
|move|p2a: Ay Der Cune|Wish|p2a: Ay Der Cune
|
|turn|50
|
|move|p1a: Crobat|Toxic|p2a: Ay Der Cune
|-status|p2a: Ay Der Cune|tox
|move|p2a: Ay Der Cune|Scald|p1a: Crobat
|-damage|p1a: Crobat|204\/325
|
|-heal|p2a: Ay Der Cune|452\/452 tox|[from] move: Wish|[wisher] Ay Der Cune
|-heal|p1a: Crobat|224\/325|[from] item: Black Sludge
|-damage|p2a: Ay Der Cune|424\/452 tox|[from] psn
|turn|51
|c|âBob the Wut|if you hadnt gotten that defence drop on pert
|c|âBob the Wut|wouldnt have to sac cune
|
|move|p1a: Crobat|Brave Bird|p2a: Ay Der Cune
|-damage|p2a: Ay Der Cune|255\/452 tox
|-damage|p1a: Crobat|168\/325|[from] recoil|[of] p2a: Ay Der Cune
|move|p2a: Ay Der Cune|Scald|p1a: Crobat
|-damage|p1a: Crobat|35\/325
|
|-heal|p1a: Crobat|55\/325|[from] item: Black Sludge
|-damage|p2a: Ay Der Cune|199\/452 tox|[from] psn
|turn|52
|
|move|p1a: Crobat|Brave Bird|p2a: Ay Der Cune
|-damage|p2a: Ay Der Cune|9\/452 tox
|-damage|p1a: Crobat|0 fnt|[from] recoil|[of] p2a: Ay Der Cune
|faint|p1a: Crobat
|move|p2a: Ay Der Cune|Wish|p2a: Ay Der Cune
|
|-damage|p2a: Ay Der Cune|0 fnt|[from] psn
|faint|p2a: Ay Der Cune
|
|win|Bob the Wut
|raw|Ladder updating...
|raw|Bob the Wut's rating: 1581 &rarr; <strong>1599<\/strong><br \/>(+18 for winning)
|raw|xShiba's rating: 1544 &rarr; <strong>1526<\/strong><br \/>(-18 for losing)
|c|âxShiba|rip
|c|âxShiba|gg
|c|âBob the Wut|rip