|join|xShiba
|join|jaggedangel
|player|p1|xShiba|260
|player|p2|jaggedangel|2
|gametype|singles
|gen|6
|tier|UU
|rated
|rule|Sleep Clause Mod: Limit one foe put to sleep
|rule|Species Clause: Limit one of each PokÃ©mon
|rule|OHKO Clause: OHKO moves are banned
|rule|Moody Clause: Moody is banned
|rule|Evasion Moves Clause: Evasion moves are banned
|rule|Endless Battle Clause: Forcing endless battles is banned
|rule|HP Percentage Mod: HP is shown in percentages
|clearpoke
|poke|p1|Celebi
|poke|p1|Sharpedo, M, shiny
|poke|p1|Jirachi, shiny
|poke|p1|Yanmega, M, shiny
|poke|p1|Donphan, M
|poke|p1|Vaporeon, F
|poke|p2|Mienshao, F
|poke|p2|Raikou
|poke|p2|Exeggutor, F
|poke|p2|Blastoise, M
|poke|p2|Jirachi
|poke|p2|Darmanitan, M
|rule|Swagger Clause: Swagger is banned
|rule|Baton Pass Clause: Limit one PokÃ©mon knowing Baton Pass
|teampreview
|
|start
|switch|p1a: Healthy Diet|Celebi|404\/404
|switch|p2a: Darmanitan|Darmanitan, M|352\/352
|turn|1
|
|switch|p1a: Ay Der Cune|Vaporeon, F|452\/452
|move|p2a: Darmanitan|U-turn|p1a: Ay Der Cune
|-damage|p1a: Ay Der Cune|345\/452
|
|switch|p2a: Raikou|Raikou|321\/321
|-ability|p2a: Raikou|Pressure
|
|-heal|p1a: Ay Der Cune|373\/452|[from] item: Leftovers
|turn|2
|
|move|p1a: Ay Der Cune|Protect|p1a: Ay Der Cune
|-singleturn|p1a: Ay Der Cune|Protect
|move|p2a: Raikou|Extrasensory|p1a: Ay Der Cune
|-activate|p1a: Ay Der Cune|Protect
|
|-heal|p1a: Ay Der Cune|401\/452|[from] item: Leftovers
|turn|3
|
|switch|p2a: Mienshao|Mienshao, F|271\/271
|switch|p1a: Healthy Diet|Celebi|404\/404
|
|turn|4
|
|move|p2a: Mienshao|U-turn|p1a: Healthy Diet
|-supereffective|p1a: Healthy Diet
|-damage|p1a: Healthy Diet|0 fnt
|-damage|p2a: Mienshao|244\/271|[from] item: Life Orb
|faint|p1a: Healthy Diet
|
|switch|p2a: Darmanitan|Darmanitan, M|352\/352
|
|
|switch|p1a: Ay Der Cune|Vaporeon, F|401\/452
|turn|5
|
|move|p2a: Darmanitan|U-turn|p1a: Ay Der Cune
|-damage|p1a: Ay Der Cune|295\/452
|
|switch|p2a: Jirachi|Jirachi|404\/404
|move|p1a: Ay Der Cune|Wish|p1a: Ay Der Cune
|
|-heal|p1a: Ay Der Cune|323\/452|[from] item: Leftovers
|turn|6
|
|switch|p1a: Steve|Donphan, M|364\/364
|move|p2a: Jirachi|Stealth Rock|p1a: Steve
|-sidestart|p1: xShiba|move: Stealth Rock
|
|turn|7
|
|switch|p2a: Blastoise|Blastoise, M|358\/358
|move|p1a: Steve|Stealth Rock|p2a: Blastoise
|-sidestart|p2: jaggedangel|move: Stealth Rock
|
|turn|8
|
|detailschange|p2a: Blastoise|Blastoise-Mega, M
|-mega|p2a: Blastoise|Blastoise|Blastoisinite
|move|p2a: Blastoise|Rapid Spin|p1a: Steve
|-damage|p1a: Steve|351\/364
|-sideend|p2: jaggedangel|Stealth Rock|[from] move: Rapid Spin|[of] p2a: Blastoise
|move|p1a: Steve|Earthquake|p2a: Blastoise
|-damage|p2a: Blastoise|190\/358
|
|-heal|p1a: Steve|364\/364|[from] item: Leftovers
|turn|9
|
|move|p2a: Blastoise|Scald|p1a: Steve
|-supereffective|p1a: Steve
|-activate|p1a: Steve|Sturdy
|-damage|p1a: Steve|1\/364
|-status|p1a: Steve|brn
|move|p1a: Steve|Stealth Rock|p2a: Blastoise
|-sidestart|p2: jaggedangel|move: Stealth Rock
|
|-heal|p1a: Steve|23\/364 brn|[from] item: Leftovers
|-damage|p1a: Steve|0 fnt|[from] brn
|faint|p1a: Steve
|
|switch|p1a: Zoom Zoom|Yanmega, M, shiny|313\/313
|-damage|p1a: Zoom Zoom|157\/313|[from] Stealth Rock
|turn|10
|
|switch|p2a: Jirachi|Jirachi|404\/404
|-damage|p2a: Jirachi|379\/404|[from] Stealth Rock
|move|p1a: Zoom Zoom|Giga Drain|p2a: Jirachi
|-crit|p2a: Jirachi
|-resisted|p2a: Jirachi
|-damage|p2a: Jirachi|311\/404
|-heal|p1a: Zoom Zoom|191\/313|[from] drain|[of] p2a: Jirachi
|-damage|p1a: Zoom Zoom|160\/313|[from] item: Life Orb
|
|-heal|p2a: Jirachi|336\/404|[from] item: Leftovers
|-boost|p1a: Zoom Zoom|spe|1|[from] ability: Speed Boost
|turn|11
|
|move|p1a: Zoom Zoom|Bug Buzz|p2a: Jirachi
|-damage|p2a: Jirachi|194\/404
|-damage|p1a: Zoom Zoom|129\/313|[from] item: Life Orb
|move|p2a: Jirachi|Body Slam|p1a: Zoom Zoom
|-damage|p1a: Zoom Zoom|55\/313
|
|-heal|p2a: Jirachi|219\/404|[from] item: Leftovers
|-boost|p1a: Zoom Zoom|spe|1|[from] ability: Speed Boost
|turn|12
|
|move|p1a: Zoom Zoom|Bug Buzz|p2a: Jirachi
|-damage|p2a: Jirachi|70\/404
|-damage|p1a: Zoom Zoom|24\/313|[from] item: Life Orb
|move|p2a: Jirachi|Wish|p2a: Jirachi
|
|-heal|p2a: Jirachi|95\/404|[from] item: Leftovers
|-boost|p1a: Zoom Zoom|spe|1|[from] ability: Speed Boost
|turn|13
|
|switch|p2a: Blastoise|Blastoise-Mega, M|190\/358
|-damage|p2a: Blastoise|146\/358|[from] Stealth Rock
|move|p1a: Zoom Zoom|Giga Drain|p2a: Blastoise
|-supereffective|p2a: Blastoise
|-damage|p2a: Blastoise|0 fnt
|-heal|p1a: Zoom Zoom|97\/313|[from] drain|[of] p2a: Blastoise
|-damage|p1a: Zoom Zoom|66\/313|[from] item: Life Orb
|faint|p2a: Blastoise
|
|-boost|p1a: Zoom Zoom|spe|1|[from] ability: Speed Boost
|
|switch|p2a: Jirachi|Jirachi|95\/404
|-damage|p2a: Jirachi|70\/404|[from] Stealth Rock
|turn|14
|
|move|p1a: Zoom Zoom|Bug Buzz|p2a: Jirachi
|-damage|p2a: Jirachi|0 fnt
|-damage|p1a: Zoom Zoom|35\/313|[from] item: Life Orb
|faint|p2a: Jirachi
|
|-boost|p1a: Zoom Zoom|spe|1|[from] ability: Speed Boost
|
|switch|p2a: Raikou|Raikou|321\/321
|-damage|p2a: Raikou|281\/321|[from] Stealth Rock
|-ability|p2a: Raikou|Pressure
|turn|15
|
|switch|p2a: Mienshao|Mienshao, F|271\/271
|-damage|p2a: Mienshao|255\/271|[from] Stealth Rock
|move|p1a: Zoom Zoom|Bug Buzz|p2a: Mienshao
|-resisted|p2a: Mienshao
|-damage|p2a: Mienshao|91\/271
|-unboost|p2a: Mienshao|spd|1
|-damage|p1a: Zoom Zoom|4\/313|[from] item: Life Orb
|
|-boost|p1a: Zoom Zoom|spe|1|[from] ability: Speed Boost
|turn|16
|
|switch|p2a: Raikou|Raikou|281\/321
|-damage|p2a: Raikou|241\/321|[from] Stealth Rock
|-ability|p2a: Raikou|Pressure
|move|p1a: Zoom Zoom|Protect|p1a: Zoom Zoom
|-fail|p1a: Zoom Zoom
|
|turn|17
|
|move|p1a: Zoom Zoom|Air Slash|p2a: Raikou
|-resisted|p2a: Raikou
|-damage|p2a: Raikou|151\/321
|-damage|p1a: Zoom Zoom|0 fnt|[from] item: Life Orb
|faint|p1a: Zoom Zoom
|move|p2a: Raikou|Volt Switch|p1: Zoom Zoom|[notarget]
|-notarget
|
|
|switch|p1a: Fuccboii 2.0|Jirachi, shiny|341\/341
|-damage|p1a: Fuccboii 2.0|320\/341|[from] Stealth Rock
|turn|18
|
|move|p1a: Fuccboii 2.0|Iron Head|p2a: Raikou
|-resisted|p2a: Raikou
|-damage|p2a: Raikou|69\/321
|cant|p2a: Raikou|flinch
|
|turn|19
|
|move|p1a: Fuccboii 2.0|Iron Head|p2a: Raikou
|-resisted|p2a: Raikou
|-damage|p2a: Raikou|0 fnt
|faint|p2a: Raikou
|
|
|switch|p2a: Darmanitan|Darmanitan, M|352\/352
|-damage|p2a: Darmanitan|264\/352|[from] Stealth Rock
|turn|20
|
|switch|p1a: Ay Der Cune|Vaporeon, F|323\/452
|-damage|p1a: Ay Der Cune|267\/452|[from] Stealth Rock
|move|p2a: Darmanitan|U-turn|p1a: Ay Der Cune
|-damage|p1a: Ay Der Cune|159\/452
|
|switch|p2a: Exeggutor|Exeggutor, F|394\/394
|-damage|p2a: Exeggutor|345\/394|[from] Stealth Rock
|
|-heal|p1a: Ay Der Cune|187\/452|[from] item: Leftovers
|turn|21
|
|move|p1a: Ay Der Cune|Scald|p2a: Exeggutor
|-resisted|p2a: Exeggutor
|-damage|p2a: Exeggutor|277\/394
|move|p2a: Exeggutor|Substitute|p2a: Exeggutor
|-start|p2a: Exeggutor|Substitute
|-damage|p2a: Exeggutor|179\/394
|-enditem|p2a: Exeggutor|Sitrus Berry|[eat]
|-heal|p2a: Exeggutor|277\/394|[from] item: Sitrus Berry
|
|-heal|p1a: Ay Der Cune|215\/452|[from] item: Leftovers
|turn|22
|
|switch|p1a: Fuccboii 2.0|Jirachi, shiny|320\/341
|-damage|p1a: Fuccboii 2.0|299\/341|[from] Stealth Rock
|move|p2a: Exeggutor|Giga Drain|p1a: Fuccboii 2.0
|-resisted|p1a: Fuccboii 2.0
|-damage|p1a: Fuccboii 2.0|248\/341
|-heal|p2a: Exeggutor|303\/394|[from] drain|[of] p1a: Fuccboii 2.0
|
|turn|23
|
|move|p1a: Fuccboii 2.0|Iron Head|p2a: Exeggutor
|-end|p2a: Exeggutor|Substitute
|move|p2a: Exeggutor|Leech Seed|p1a: Fuccboii 2.0
|-start|p1a: Fuccboii 2.0|move: Leech Seed
|
|-damage|p1a: Fuccboii 2.0|206\/341|[from] Leech Seed|[of] p2a: Exeggutor
|-heal|p2a: Exeggutor|345\/394|[silent]
|-item|p2a: Exeggutor|Sitrus Berry|[from] ability: Harvest
|turn|24
|
|move|p1a: Fuccboii 2.0|Iron Head|p2a: Exeggutor
|-damage|p2a: Exeggutor|254\/394
|cant|p2a: Exeggutor|flinch
|
|-damage|p1a: Fuccboii 2.0|164\/341|[from] Leech Seed|[of] p2a: Exeggutor
|-heal|p2a: Exeggutor|296\/394|[silent]
|turn|25
|
|move|p1a: Fuccboii 2.0|Iron Head|p2a: Exeggutor
|-damage|p2a: Exeggutor|197\/394
|-enditem|p2a: Exeggutor|Sitrus Berry|[eat]
|-heal|p2a: Exeggutor|295\/394|[from] item: Sitrus Berry
|cant|p2a: Exeggutor|flinch
|
|-damage|p1a: Fuccboii 2.0|122\/341|[from] Leech Seed|[of] p2a: Exeggutor
|-heal|p2a: Exeggutor|337\/394|[silent]
|-item|p2a: Exeggutor|Sitrus Berry|[from] ability: Harvest
|turn|26
|
|switch|p1a: Ay Der Cune|Vaporeon, F|215\/452
|-damage|p1a: Ay Der Cune|159\/452|[from] Stealth Rock
|move|p2a: Exeggutor|Substitute|p2a: Exeggutor
|-start|p2a: Exeggutor|Substitute
|-damage|p2a: Exeggutor|239\/394
|
|-heal|p1a: Ay Der Cune|187\/452|[from] item: Leftovers
|turn|27
|
|move|p1a: Ay Der Cune|Wish|p1a: Ay Der Cune
|move|p2a: Exeggutor|Giga Drain|p1a: Ay Der Cune
|-supereffective|p1a: Ay Der Cune
|-damage|p1a: Ay Der Cune|5\/452
|-heal|p2a: Exeggutor|330\/394|[from] drain|[of] p1a: Ay Der Cune
|
|-heal|p1a: Ay Der Cune|33\/452|[from] item: Leftovers
|turn|28
|
|switch|p1a: Fuccboii 2.0|Jirachi, shiny|122\/341
|-damage|p1a: Fuccboii 2.0|101\/341|[from] Stealth Rock
|move|p2a: Exeggutor|Leech Seed|p1a: Fuccboii 2.0|[miss]
|-miss|p2a: Exeggutor|p1a: Fuccboii 2.0
|
|-heal|p1a: Fuccboii 2.0|327\/341|[from] move: Wish|[wisher] Ay Der Cune
|turn|29
|
|move|p1a: Fuccboii 2.0|U-turn|p2a: Exeggutor
|-supereffective|p2a: Exeggutor
|-end|p2a: Exeggutor|Substitute
|
|switch|p1a: Ay Der Cune|Vaporeon, F|33\/452
|-damage|p1a: Ay Der Cune|0 fnt|[from] Stealth Rock
|faint|p1a: Ay Der Cune
|move|p2a: Exeggutor|Leech Seed|p1: Ay Der Cune|[notarget]
|-notarget
|
|
|switch|p1a: Fuccboii 2.0|Jirachi, shiny|327\/341
|-damage|p1a: Fuccboii 2.0|306\/341|[from] Stealth Rock
|turn|30
|
|move|p1a: Fuccboii 2.0|U-turn|p2a: Exeggutor
|-supereffective|p2a: Exeggutor
|-damage|p2a: Exeggutor|118\/394
|
|switch|p1a: Fuccboii|Sharpedo, M, shiny|281\/281
|-enditem|p2a: Exeggutor|Sitrus Berry|[eat]
|-heal|p2a: Exeggutor|216\/394|[from] item: Sitrus Berry
|-damage|p1a: Fuccboii|246\/281|[from] Stealth Rock
|move|p2a: Exeggutor|Substitute|p2a: Exeggutor
|-start|p2a: Exeggutor|Substitute
|-damage|p2a: Exeggutor|118\/394
|
|turn|31
|
|switch|p1a: Fuccboii 2.0|Jirachi, shiny|306\/341
|-damage|p1a: Fuccboii 2.0|285\/341|[from] Stealth Rock
|move|p2a: Exeggutor|Giga Drain|p1a: Fuccboii 2.0
|-resisted|p1a: Fuccboii 2.0
|-damage|p1a: Fuccboii 2.0|236\/341
|-heal|p2a: Exeggutor|143\/394|[from] drain|[of] p1a: Fuccboii 2.0
|
|turn|32
|
|move|p1a: Fuccboii 2.0|Fire Punch|p2a: Exeggutor
|-supereffective|p2a: Exeggutor
|-end|p2a: Exeggutor|Substitute
|move|p2a: Exeggutor|Substitute|p2a: Exeggutor
|-start|p2a: Exeggutor|Substitute
|-damage|p2a: Exeggutor|45\/394
|
|-item|p2a: Exeggutor|Sitrus Berry|[from] ability: Harvest
|-enditem|p2a: Exeggutor|Sitrus Berry|[eat]
|-heal|p2a: Exeggutor|143\/394|[from] item: Sitrus Berry
|turn|33
|
|switch|p2a: Darmanitan|Darmanitan, M|264\/352
|-damage|p2a: Darmanitan|176\/352|[from] Stealth Rock
|move|p1a: Fuccboii 2.0|Fire Punch|p2a: Darmanitan
|-crit|p2a: Darmanitan
|-resisted|p2a: Darmanitan
|-damage|p2a: Darmanitan|91\/352
|
|turn|34
|
|move|p1a: Fuccboii 2.0|Fire Punch|p2a: Darmanitan
|-resisted|p2a: Darmanitan
|-damage|p2a: Darmanitan|33\/352
|move|p2a: Darmanitan|Earthquake|p1a: Fuccboii 2.0
|-supereffective|p1a: Fuccboii 2.0
|-damage|p1a: Fuccboii 2.0|0 fnt
|faint|p1a: Fuccboii 2.0
|
|
|switch|p1a: Fuccboii|Sharpedo, M, shiny|246\/281
|-damage|p1a: Fuccboii|211\/281|[from] Stealth Rock
|turn|35
|c|âxShiba|252 Atk Darmanitan Earthquake vs. 0 HP \/ 4 Def Mega Sharpedo: 153-181 (54.4 - 64.4%) -- guaranteed 2HKO
|
|move|p1a: Fuccboii|Protect|p1a: Fuccboii
|-singleturn|p1a: Fuccboii|Protect
|move|p2a: Darmanitan|Earthquake|p1a: Fuccboii
|-activate|p1a: Fuccboii|Protect
|
|-boost|p1a: Fuccboii|spe|1|[from] ability: Speed Boost
|turn|36
|c|âjaggedangel|youll outspeed now anyway
|c|âxShiba|are you band?
|
|detailschange|p1a: Fuccboii|Sharpedo-Mega, M, shiny
|-mega|p1a: Fuccboii|Sharpedo|Sharpedonite
|move|p2a: Darmanitan|Earthquake|p1a: Fuccboii
|-damage|p1a: Fuccboii|18\/281
|move|p1a: Fuccboii|Waterfall|p2a: Darmanitan
|-supereffective|p2a: Darmanitan
|-damage|p2a: Darmanitan|0 fnt
|faint|p2a: Darmanitan
|
|c|âjaggedangel|oh i thought it got higher base speed
|
|switch|p2a: Mienshao|Mienshao, F|181\/271
|-damage|p2a: Mienshao|165\/271|[from] Stealth Rock
|turn|37
|c|âxShiba|nah
|c|âxShiba|youre jolly
|c|âxShiba|im adamant
|c|âjaggedangel|ohh
|
|switch|p2a: Exeggutor|Exeggutor, F|143\/394
|-damage|p2a: Exeggutor|94\/394|[from] Stealth Rock
|move|p1a: Fuccboii|Protect|p1a: Fuccboii
|-fail|p1a: Fuccboii
|
|-item|p2a: Exeggutor|Sitrus Berry|[from] ability: Harvest
|-enditem|p2a: Exeggutor|Sitrus Berry|[eat]
|-heal|p2a: Exeggutor|192\/394|[from] item: Sitrus Berry
|turn|38
|
|move|p1a: Fuccboii|Crunch|p2a: Exeggutor
|-supereffective|p2a: Exeggutor
|-damage|p2a: Exeggutor|0 fnt
|faint|p2a: Exeggutor
|
|
|switch|p2a: Mienshao|Mienshao, F|255\/271
|-damage|p2a: Mienshao|239\/271|[from] Stealth Rock
|turn|39
|c|âjaggedangel|waterfall will ohko i reckon
|c|âxShiba|252+ Atk Mega Sharpedo Waterfall vs. 0 HP \/ 0 Def Mienshao: 229-271 (84.5 - 100%) -- 6.3% chance to OHKO
|c|âjaggedangel|hmm
|
|move|p1a: Fuccboii|Protect|p1a: Fuccboii
|-singleturn|p1a: Fuccboii|Protect
|move|p2a: Mienshao|U-turn|p1a: Fuccboii
|-activate|p1a: Fuccboii|Protect
|
|turn|40
|c|âjaggedangel|close match
|
|move|p1a: Fuccboii|Waterfall|p2a: Mienshao
|-damage|p2a: Mienshao|0 fnt
|faint|p2a: Mienshao
|
|win|xShiba
|raw|Ladder updating...
|c|âxShiba|ah
|c|âxShiba|gg
|raw|xShiba's rating: 1565 &rarr; <strong>1571<\/strong><br \/>(+6 for winning)
|raw|jaggedangel's rating: 1273 &rarr; <strong>1265<\/strong><br \/>(-8 for losing)
|c|âjaggedangel|lols
|c|âjaggedangel|gg
|c|âxShiba|it didnt cost you much
|c|âxShiba|lol
|c|âjaggedangel|any ideas to rmt?
|c|âjaggedangel|i only just made it
|c|âxShiba|uhh
|c|âjaggedangel|volt turn spam
|c|âxShiba|that egg thing is annoying lmao
|c|âxShiba|n_n
|c|âjaggedangel|lol yeah he does a number on various stuff
|c|âxShiba|I would use trevenant over egg tho
|c|âxShiba|more bulk iirc
|c|âjaggedangel|oh right
|c|âxShiba|plus access to will-o-wisp
|c|âjaggedangel|and no uturn weakness
|c|âxShiba|yep
|c|âxShiba|thats the only thing i could think of
|c|âxShiba|gg tho
|c|âjaggedangel|u2 thanx
|leave|xShiba