|join|xShiba
|join|SmashBrosBrawl
|player|p1|xShiba|260
|player|p2|SmashBrosBrawl|170
|gametype|singles
|gen|6
|tier|UU
|rule|Sleep Clause Mod: Limit one foe put to sleep
|rule|Species Clause: Limit one of each PokÃ©mon
|rule|OHKO Clause: OHKO moves are banned
|rule|Moody Clause: Moody is banned
|rule|Evasion Moves Clause: Evasion moves are banned
|rule|Endless Battle Clause: Forcing endless battles is banned
|rule|HP Percentage Mod: HP is shown in percentages
|clearpoke
|poke|p1|Medicham, M, shiny
|poke|p1|Vaporeon, M
|poke|p1|Crobat, M
|poke|p1|Nidoqueen, F
|poke|p1|Jirachi
|poke|p1|Hydreigon, F
|poke|p2|Vaporeon, M
|poke|p2|Forretress, F
|poke|p2|Chandelure, M
|poke|p2|Chesnaught, F
|poke|p2|Nidoqueen, F
|poke|p2|Aerodactyl, F
|rule|Swagger Clause: Swagger is banned
|rule|Baton Pass Clause: Limit one PokÃ©mon knowing Baton Pass
|teampreview
|c|âSmashBrosBrawl|bs
|c|âxShiba|+xShiba: yes, I can only use one team
|c|âxShiba|+xShiba: yes, I can only use one team
|c|âxShiba|+xShiba: yes, I can only use one team
|c|âxShiba|+xShiba: yes, I can only use one team
|c|âxShiba|+xShiba: yes, I can only use one team
|c|âSmashBrosBrawl|n
|c|âSmashBrosBrawl|n
|c|âSmashBrosBrawl|i have
|c|âSmashBrosBrawl|the counter
|c|âSmashBrosBrawl|here
|c|âxShiba|xShiba has won the match 6 - 2 against IDerpy
|
|start
|switch|p1a: Hydreigon|Hydreigon, F|325\/325
|switch|p2a: Chandelure|Chandelure, M|261\/261
|turn|1
|c|âxShiba|sbb n3rd
|c|âxShiba|kek
|
|switch|p2a: Vaporeon|Vaporeon, M|463\/463
|move|p1a: Hydreigon|Dark Pulse|p2a: Vaporeon
|-damage|p2a: Vaporeon|288\/463
|-damage|p1a: Hydreigon|293\/325|[from] item: Life Orb
|
|-heal|p2a: Vaporeon|316\/463|[from] item: Leftovers
|turn|2
|c|âSmashBrosBrawl|ew
|
|switch|p1a: Medicham|Medicham, M, shiny|261\/261
|move|p2a: Vaporeon|Protect|p2a: Vaporeon
|-fail|p2a: Vaporeon
|
|-heal|p2a: Vaporeon|344\/463|[from] item: Leftovers
|turn|3
|c|âSmashBrosBrawl|EW
|
|switch|p2a: Forretress|Forretress, F|354\/354
|detailschange|p1a: Medicham|Medicham-Mega, M, shiny
|-mega|p1a: Medicham|Medicham|Medichamite
|move|p1a: Medicham|Fake Out|p2a: Forretress
|-resisted|p2a: Forretress
|-damage|p2a: Forretress|326\/354
|
|-heal|p2a: Forretress|348\/354|[from] item: Leftovers
|turn|4
|c|âxShiba|these
|c|âxShiba|playz
|c|âSmashBrosBrawl|gonna switch to chandy
|c|âSmashBrosBrawl|ez
|c|âxShiba|do it
|
|switch|p1a: Hydreigon|Hydreigon, F|293\/325
|move|p2a: Forretress|Stealth Rock|p1a: Hydreigon
|-sidestart|p1: xShiba|move: Stealth Rock
|
|-heal|p2a: Forretress|354\/354|[from] item: Leftovers
|turn|5
|c|âSmashBrosBrawl|heuheue bwoiii
|c|âxShiba|n_n
|c|âxShiba|your team has
|c|âSmashBrosBrawl|n_n
|c|âxShiba|0 hydra counters
|c|âSmashBrosBrawl|vappy
|c|âSmashBrosBrawl|is counter
|c|âSmashBrosBrawl|imho
|
|move|p1a: Hydreigon|Dark Pulse|p2a: Forretress
|-damage|p2a: Forretress|142\/354
|-damage|p1a: Hydreigon|261\/325|[from] item: Life Orb
|move|p2a: Forretress|Volt Switch|p1a: Hydreigon
|-resisted|p1a: Hydreigon
|-damage|p1a: Hydreigon|240\/325
|c|âSmashBrosBrawl|n_n
|c|âxShiba|Hydreigon used Dark Pulse!
|c|âxShiba|The opposing Vaporeon lost 37% of its health!
|c|âxShiba|Hydreigon lost some of its HP!
|c|âxShiba|eh
|c|âSmashBrosBrawl|shh
|
|switch|p2a: Aerodactyl|Aerodactyl, F|363\/363
|
|turn|6
|c|âSmashBrosBrawl|time to get dangerous
|c|âxShiba|yo do you have ice fang m8
|c|âxShiba|if you do youre real af
|c|âSmashBrosBrawl|lets find out
|
|switch|p1a: Vaporeon|Vaporeon, M|451\/451
|-damage|p1a: Vaporeon|395\/451|[from] Stealth Rock
|detailschange|p2a: Aerodactyl|Aerodactyl-Mega, F
|-mega|p2a: Aerodactyl|Aerodactyl|Aerodactylite
|move|p2a: Aerodactyl|Aerial Ace|p1a: Vaporeon
|-damage|p1a: Vaporeon|269\/451
|
|-heal|p1a: Vaporeon|297\/451|[from] item: Leftovers
|turn|7
|c|âxShiba|not real
|
|move|p2a: Aerodactyl|Taunt|p1a: Vaporeon
|-start|p1a: Vaporeon|move: Taunt
|cant|p1a: Vaporeon|move: Taunt|Wish
|
|-heal|p1a: Vaporeon|325\/451|[from] item: Leftovers
|turn|8
|c|âxShiba|oh
|c|âSmashBrosBrawl|v real
|c|âxShiba|thats not real
|
|switch|p2a: Vaporeon|Vaporeon, M|344\/463
|switch|p1a: Jirachi|Jirachi|341\/341
|-damage|p1a: Jirachi|320\/341|[from] Stealth Rock
|
|-heal|p2a: Vaporeon|372\/463|[from] item: Leftovers
|turn|9
|
|move|p2a: Vaporeon|Protect|p2a: Vaporeon
|-singleturn|p2a: Vaporeon|Protect
|move|p1a: Jirachi|Trick|p2a: Vaporeon
|-activate|p2a: Vaporeon|Protect
|
|-heal|p2a: Vaporeon|400\/463|[from] item: Leftovers
|turn|10
|c|âxShiba|fk
|c|âSmashBrosBrawl|donk
|
|switch|p2a: Aerodactyl|Aerodactyl-Mega, F|363\/363
|move|p1a: Jirachi|Trick|p2a: Aerodactyl
|-fail|p2a: Aerodactyl
|
|turn|11
|c|âSmashBrosBrawl|mfw
|c|âxShiba|I uh
|c|âxShiba|overpredicted
|
|switch|p1a: Vaporeon|Vaporeon, M|325\/451
|-damage|p1a: Vaporeon|269\/451|[from] Stealth Rock
|move|p2a: Aerodactyl|Aerial Ace|p1a: Vaporeon
|-damage|p1a: Vaporeon|124\/451
|
|-heal|p1a: Vaporeon|152\/451|[from] item: Leftovers
|turn|12
|c|âSmashBrosBrawl|huheuue
|
|move|p1a: Vaporeon|Protect|p1a: Vaporeon
|-singleturn|p1a: Vaporeon|Protect
|move|p2a: Aerodactyl|Taunt|p1a: Vaporeon
|-activate|p1a: Vaporeon|Protect
|
|-heal|p1a: Vaporeon|180\/451|[from] item: Leftovers
|turn|13
|c|âSmashBrosBrawl|dam
|c|âxShiba|played
|c|âxShiba|imo
|
|move|p2a: Aerodactyl|Taunt|p1a: Vaporeon
|-start|p1a: Vaporeon|move: Taunt
|move|p1a: Vaporeon|Scald|p2a: Aerodactyl
|-supereffective|p2a: Aerodactyl
|-damage|p2a: Aerodactyl|139\/363
|
|-heal|p1a: Vaporeon|208\/451|[from] item: Leftovers
|turn|14
|c|âSmashBrosBrawl|0
|c|âxShiba|do you carry roost
|c|âSmashBrosBrawl|maybe
|
|switch|p2a: Forretress|Forretress, F|142\/354
|switch|p1a: Crobat|Crobat, M|361\/361
|-damage|p1a: Crobat|271\/361|[from] Stealth Rock
|
|-heal|p1a: Crobat|293\/361|[from] item: Black Sludge
|-heal|p2a: Forretress|164\/354|[from] item: Leftovers
|turn|15
|
|move|p1a: Crobat|Defog|p2a: Forretress
|-unboost|p2a: Forretress|evasion|1
|-sideend|p1: xShiba|Stealth Rock|[from] move: Defog|[of] p1a: Crobat
|move|p2a: Forretress|Volt Switch|p1a: Crobat
|-supereffective|p1a: Crobat
|-damage|p1a: Crobat|199\/361
|
|switch|p2a: Aerodactyl|Aerodactyl-Mega, F|139\/363
|
|-heal|p1a: Crobat|221\/361|[from] item: Black Sludge
|turn|16
|
|switch|p1a: Nidoqueen|Nidoqueen, F|353\/353
|move|p2a: Aerodactyl|Aerial Ace|p1a: Nidoqueen
|-damage|p1a: Nidoqueen|221\/353
|
|turn|17
|
|switch|p2a: Vaporeon|Vaporeon, M|400\/463
|move|p1a: Nidoqueen|Sludge Wave|p2a: Vaporeon
|-damage|p2a: Vaporeon|215\/463
|
|-heal|p2a: Vaporeon|243\/463|[from] item: Leftovers
|turn|18
|
|switch|p2a: Chandelure|Chandelure, M|261\/261
|move|p1a: Nidoqueen|Sludge Wave|p2a: Chandelure
|-crit|p2a: Chandelure
|-resisted|p2a: Chandelure
|-damage|p2a: Chandelure|95\/261
|
|turn|19
|c|âxShiba|ez
|c|âSmashBrosBrawl|BS
|
|switch|p1a: Hydreigon|Hydreigon, F|240\/325
|move|p2a: Chandelure|Shadow Ball|p1a: Hydreigon
|-resisted|p1a: Hydreigon
|-damage|p1a: Hydreigon|135\/325
|-damage|p2a: Chandelure|69\/261|[from] item: Life Orb
|
|turn|20
|
|switch|p2a: Forretress|Forretress, F|164\/354
|move|p1a: Hydreigon|Roost|p1a: Hydreigon
|-heal|p1a: Hydreigon|298\/325
|
|-heal|p2a: Forretress|186\/354|[from] item: Leftovers
|turn|21
|c|âSmashBrosBrawl|k wasnt expecting that
|
|switch|p2a: Chesnaught|Chesnaught, F|380\/380
|move|p1a: Hydreigon|Dark Pulse|p2a: Chesnaught
|-crit|p2a: Chesnaught
|-resisted|p2a: Chesnaught
|-damage|p2a: Chesnaught|208\/380
|-damage|p1a: Hydreigon|266\/325|[from] item: Life Orb
|
|-heal|p2a: Chesnaught|231\/380|[from] item: Leftovers
|turn|22
|c|âxShiba|SBB youre getting played friend
|c|âSmashBrosBrawl|oml
|c|âSmashBrosBrawl|stop
|
|switch|p2a: Forretress|Forretress, F|186\/354
|move|p1a: Hydreigon|Roost|p1a: Hydreigon
|-heal|p1a: Hydreigon|325\/325
|
|-heal|p2a: Forretress|208\/354|[from] item: Leftovers
|turn|23
|c|âSmashBrosBrawl|z
|
|switch|p2a: Chesnaught|Chesnaught, F|231\/380
|move|p1a: Hydreigon|Dark Pulse|p2a: Chesnaught
|-resisted|p2a: Chesnaught
|-damage|p2a: Chesnaught|119\/380
|-damage|p1a: Hydreigon|293\/325|[from] item: Life Orb
|
|-heal|p2a: Chesnaught|142\/380|[from] item: Leftovers
|turn|24
|
|move|p1a: Hydreigon|Draco Meteor|p2a: Chesnaught
|-crit|p2a: Chesnaught
|-damage|p2a: Chesnaught|0 fnt
|-unboost|p1a: Hydreigon|spa|2
|-damage|p1a: Hydreigon|261\/325|[from] item: Life Orb
|faint|p2a: Chesnaught
|
|
|switch|p2a: Forretress|Forretress, F|208\/354
|turn|25
|
|switch|p1a: Vaporeon|Vaporeon, M|208\/451
|move|p2a: Forretress|Stealth Rock|p1a: Vaporeon
|-sidestart|p1: xShiba|move: Stealth Rock
|
|-heal|p1a: Vaporeon|236\/451|[from] item: Leftovers
|-heal|p2a: Forretress|230\/354|[from] item: Leftovers
|turn|26
|
|move|p1a: Vaporeon|Wish|p1a: Vaporeon
|move|p2a: Forretress|Volt Switch|p1a: Vaporeon
|-supereffective|p1a: Vaporeon
|-damage|p1a: Vaporeon|168\/451
|
|switch|p2a: Chandelure|Chandelure, M|69\/261
|
|-heal|p1a: Vaporeon|196\/451|[from] item: Leftovers
|turn|27
|
|switch|p1a: Hydreigon|Hydreigon, F|261\/325
|-damage|p1a: Hydreigon|221\/325|[from] Stealth Rock
|move|p2a: Chandelure|Substitute|p2a: Chandelure
|-start|p2a: Chandelure|Substitute
|-damage|p2a: Chandelure|4\/261
|
|-heal|p1a: Hydreigon|325\/325|[from] move: Wish|[wisher] Vaporeon
|turn|28
|
|move|p1a: Hydreigon|Dark Pulse|p2a: Chandelure
|-supereffective|p2a: Chandelure
|-end|p2a: Chandelure|Substitute
|-damage|p1a: Hydreigon|293\/325|[from] item: Life Orb
|move|p2a: Chandelure|Pain Split|p1a: Hydreigon
|-sethp|p1a: Hydreigon|148\/325|p2a: Chandelure|148\/261|[from] move: Pain Split
|
|turn|29
|c|âxShiba|oh
|
|switch|p2a: Forretress|Forretress, F|230\/354
|move|p1a: Hydreigon|Dark Pulse|p2a: Forretress
|-crit|p2a: Forretress
|-damage|p2a: Forretress|0 fnt
|-damage|p1a: Hydreigon|116\/325|[from] item: Life Orb
|faint|p2a: Forretress
|
|c|âxShiba|ez
|c|âSmashBrosBrawl|ez
|
|switch|p2a: Aerodactyl|Aerodactyl-Mega, F|139\/363
|turn|30
|
|switch|p1a: Jirachi|Jirachi|320\/341
|-damage|p1a: Jirachi|299\/341|[from] Stealth Rock
|move|p2a: Aerodactyl|Roost|p2a: Aerodactyl
|-heal|p2a: Aerodactyl|321\/363
|
|turn|31
|
|switch|p2a: Chandelure|Chandelure, M|148\/261
|move|p1a: Jirachi|Iron Head|p2a: Chandelure
|-resisted|p2a: Chandelure
|-damage|p2a: Chandelure|86\/261
|
|turn|32
|
|switch|p2a: Vaporeon|Vaporeon, M|243\/463
|move|p1a: Jirachi|Iron Head|p2a: Vaporeon
|-resisted|p2a: Vaporeon
|-damage|p2a: Vaporeon|169\/463
|
|-heal|p2a: Vaporeon|197\/463|[from] item: Leftovers
|turn|33
|
|move|p1a: Jirachi|Iron Head|p2a: Vaporeon
|-resisted|p2a: Vaporeon
|-damage|p2a: Vaporeon|124\/463
|cant|p2a: Vaporeon|flinch
|
|-heal|p2a: Vaporeon|152\/463|[from] item: Leftovers
|turn|34
|
|move|p1a: Jirachi|Iron Head|p2a: Vaporeon
|-resisted|p2a: Vaporeon
|-damage|p2a: Vaporeon|83\/463
|cant|p2a: Vaporeon|flinch
|
|-heal|p2a: Vaporeon|111\/463|[from] item: Leftovers
|turn|35
|c|âSmashBrosBrawl|,,
|c|âxShiba|1
|c|âxShiba|more
|c|âSmashBrosBrawl|ure garb
|c|âxShiba|please
|
|move|p1a: Jirachi|Iron Head|p2a: Vaporeon
|-resisted|p2a: Vaporeon
|-damage|p2a: Vaporeon|45\/463
|move|p2a: Vaporeon|Wish|p2a: Vaporeon
|
|-heal|p2a: Vaporeon|73\/463|[from] item: Leftovers
|turn|36
|c|âxShiba|shit
|
|move|p2a: Vaporeon|Protect|p2a: Vaporeon
|-singleturn|p2a: Vaporeon|Protect
|move|p1a: Jirachi|Iron Head|p2a: Vaporeon
|-activate|p2a: Vaporeon|Protect
|
|-heal|p2a: Vaporeon|304\/463|[from] move: Wish|[wisher] Vaporeon
|-heal|p2a: Vaporeon|332\/463|[from] item: Leftovers
|turn|37
|c|âSmashBrosBrawl|!_!
|
|switch|p1a: Crobat|Crobat, M|221\/361
|-damage|p1a: Crobat|131\/361|[from] Stealth Rock
|move|p2a: Vaporeon|Wish|p2a: Vaporeon
|
|-heal|p1a: Crobat|153\/361|[from] item: Black Sludge
|-heal|p2a: Vaporeon|360\/463|[from] item: Leftovers
|turn|38
|
|move|p1a: Crobat|Defog|p2a: Vaporeon
|-unboost|p2a: Vaporeon|evasion|1
|-sideend|p1: xShiba|Stealth Rock|[from] move: Defog|[of] p1a: Crobat
|move|p2a: Vaporeon|Scald|p1a: Crobat
|-damage|p1a: Crobat|23\/361
|-status|p1a: Crobat|brn
|
|-heal|p2a: Vaporeon|463\/463|[from] move: Wish|[wisher] Vaporeon
|-heal|p1a: Crobat|45\/361 brn|[from] item: Black Sludge
|-damage|p1a: Crobat|0 fnt|[from] brn
|faint|p1a: Crobat
|c|âxShiba|oof
|
|switch|p1a: Vaporeon|Vaporeon, M|196\/451
|turn|39
|c|âSmashBrosBrawl|hm
|c|âSmashBrosBrawl|and by hm
|c|âSmashBrosBrawl|i mean hm
|
|switch|p2a: Chandelure|Chandelure, M|86\/261
|move|p1a: Vaporeon|Wish|p1a: Vaporeon
|
|-heal|p1a: Vaporeon|224\/451|[from] item: Leftovers
|turn|40
|
|move|p2a: Chandelure|Substitute|p2a: Chandelure
|-start|p2a: Chandelure|Substitute
|-damage|p2a: Chandelure|21\/261
|move|p1a: Vaporeon|Wish|p1a: Vaporeon
|-fail|p1a: Vaporeon
|
|-heal|p1a: Vaporeon|449\/451|[from] move: Wish|[wisher] Vaporeon
|-heal|p1a: Vaporeon|451\/451|[from] item: Leftovers
|turn|41
|c|âSmashBrosBrawl|!
|c|âxShiba|sick misclick
|c|âxShiba|lmao
|
|move|p2a: Chandelure|Pain Split|p1a: Vaporeon
|-sethp|p1a: Vaporeon|236\/451|p2a: Chandelure|236\/261|[from] move: Pain Split
|move|p1a: Vaporeon|Scald|p2a: Chandelure
|-supereffective|p2a: Chandelure
|-end|p2a: Chandelure|Substitute
|
|-heal|p1a: Vaporeon|264\/451|[from] item: Leftovers
|turn|42
|c|âxShiba|oml
|c|âxShiba|fml
|
|move|p2a: Chandelure|Shadow Ball|p1a: Vaporeon
|-damage|p1a: Vaporeon|87\/451
|-damage|p2a: Chandelure|210\/261|[from] item: Life Orb
|move|p1a: Vaporeon|Wish|p1a: Vaporeon
|
|-heal|p1a: Vaporeon|115\/451|[from] item: Leftovers
|turn|43
|c|âSmashBrosBrawl|0
|
|move|p1a: Vaporeon|Protect|p1a: Vaporeon
|-singleturn|p1a: Vaporeon|Protect
|move|p2a: Chandelure|Substitute|p2a: Chandelure
|-start|p2a: Chandelure|Substitute
|-damage|p2a: Chandelure|145\/261
|
|-heal|p1a: Vaporeon|340\/451|[from] move: Wish|[wisher] Vaporeon
|-heal|p1a: Vaporeon|368\/451|[from] item: Leftovers
|turn|44
|
|move|p2a: Chandelure|Shadow Ball|p1a: Vaporeon
|-damage|p1a: Vaporeon|195\/451
|-damage|p2a: Chandelure|119\/261|[from] item: Life Orb
|move|p1a: Vaporeon|Wish|p1a: Vaporeon
|
|-heal|p1a: Vaporeon|223\/451|[from] item: Leftovers
|turn|45
|
|move|p2a: Chandelure|Shadow Ball|p1a: Vaporeon
|-damage|p1a: Vaporeon|44\/451
|-damage|p2a: Chandelure|93\/261|[from] item: Life Orb
|move|p1a: Vaporeon|Scald|p2a: Chandelure
|-supereffective|p2a: Chandelure
|-end|p2a: Chandelure|Substitute
|
|-heal|p1a: Vaporeon|269\/451|[from] move: Wish|[wisher] Vaporeon
|-heal|p1a: Vaporeon|297\/451|[from] item: Leftovers
|turn|46
|
|move|p2a: Chandelure|Substitute|p2a: Chandelure
|-start|p2a: Chandelure|Substitute
|-damage|p2a: Chandelure|28\/261
|move|p1a: Vaporeon|Scald|p2a: Chandelure
|-supereffective|p2a: Chandelure
|-end|p2a: Chandelure|Substitute
|
|-heal|p1a: Vaporeon|325\/451|[from] item: Leftovers
|turn|47
|c|âxShiba|just
|c|âxShiba|die
|c|âxShiba|imo
|
|move|p2a: Chandelure|Pain Split|p1a: Vaporeon
|-sethp|p1a: Vaporeon|176\/451|p2a: Chandelure|176\/261|[from] move: Pain Split
|move|p1a: Vaporeon|Scald|p2a: Chandelure
|-supereffective|p2a: Chandelure
|-damage|p2a: Chandelure|0 fnt
|faint|p2a: Chandelure
|
|-heal|p1a: Vaporeon|204\/451|[from] item: Leftovers
|c|âSmashBrosBrawl|ew
|c|âSmashBrosBrawl|i need
|c|âSmashBrosBrawl|an ez
|c|âSmashBrosBrawl|crt
|
|switch|p2a: Nidoqueen|Nidoqueen, F|358\/358
|turn|48
|
|move|p1a: Vaporeon|Protect|p1a: Vaporeon
|-singleturn|p1a: Vaporeon|Protect
|move|p2a: Nidoqueen|Thunder|p1a: Vaporeon
|-activate|p1a: Vaporeon|Protect
|
|-heal|p1a: Vaporeon|232\/451|[from] item: Leftovers
|turn|49
|c|âxShiba|lol
|c|âSmashBrosBrawl|kek
|c|âxShiba|wtf
|c|âxShiba|is that
|c|âSmashBrosBrawl|the wallbreaker
|c|âSmashBrosBrawl|ure going to
|c|âSmashBrosBrawl|ur queen
|c|âSmashBrosBrawl|ic
|c|âxShiba|yeah
|
|switch|p1a: Nidoqueen|Nidoqueen, F|221\/353
|move|p2a: Nidoqueen|Thunder|p1a: Nidoqueen
|-immune|p1a: Nidoqueen|[msg]
|
|turn|50
|c|âSmashBrosBrawl|bs
|c|âxShiba|mfw
|
|switch|p2a: Vaporeon|Vaporeon, M|463\/463
|move|p1a: Nidoqueen|Earth Power|p2a: Vaporeon
|-damage|p2a: Vaporeon|278\/463
|
|-heal|p2a: Vaporeon|306\/463|[from] item: Leftovers
|turn|51
|
|switch|p1a: Hydreigon|Hydreigon, F|116\/325
|switch|p2a: Nidoqueen|Nidoqueen, F|358\/358
|
|turn|52
|c|âxShiba|death
|
|switch|p2a: Aerodactyl|Aerodactyl-Mega, F|321\/363
|move|p1a: Hydreigon|Draco Meteor|p2a: Aerodactyl
|-damage|p2a: Aerodactyl|21\/363
|-unboost|p1a: Hydreigon|spa|2
|-damage|p1a: Hydreigon|84\/325|[from] item: Life Orb
|
|turn|53
|c|âSmashBrosBrawl|o_k
|c|âxShiba|wtf
|c|âSmashBrosBrawl|nice dragon
|
|switch|p1a: Nidoqueen|Nidoqueen, F|221\/353
|move|p2a: Aerodactyl|Roost|p2a: Aerodactyl
|-heal|p2a: Aerodactyl|203\/363
|
|turn|54
|
|move|p2a: Aerodactyl|Aerial Ace|p1a: Nidoqueen
|-damage|p1a: Nidoqueen|83\/353
|move|p1a: Nidoqueen|Sludge Wave|p2a: Aerodactyl
|-resisted|p2a: Aerodactyl
|-damage|p2a: Aerodactyl|90\/363
|
|turn|55
|
|move|p2a: Aerodactyl|Aerial Ace|p1a: Nidoqueen
|-damage|p1a: Nidoqueen|0 fnt
|faint|p1a: Nidoqueen
|
|c|âSmashBrosBrawl|this thing
|
|switch|p1a: Medicham|Medicham-Mega, M, shiny|261\/261
|turn|56
|c|âSmashBrosBrawl|is in
|c|âxShiba|orly
|c|âxShiba|i just
|
|switch|p2a: Vaporeon|Vaporeon, M|306\/463
|move|p1a: Medicham|Fake Out|p2a: Vaporeon
|-damage|p2a: Vaporeon|209\/463
|
|-heal|p2a: Vaporeon|237\/463|[from] item: Leftovers
|turn|57
|c|âxShiba|sweep here
|c|âxShiba|tbh
|
|move|p2a: Vaporeon|Protect|p2a: Vaporeon
|-singleturn|p2a: Vaporeon|Protect
|move|p1a: Medicham|Zen Headbutt|p2a: Vaporeon
|-activate|p2a: Vaporeon|Protect
|
|-heal|p2a: Vaporeon|265\/463|[from] item: Leftovers
|turn|58
|c|âSmashBrosBrawl|mfw
|c|âSmashBrosBrawl|broke
|
|move|p1a: Medicham|High Jump Kick|p2a: Vaporeon
|-damage|p2a: Vaporeon|0 fnt
|faint|p2a: Vaporeon
|
|
|switch|p2a: Aerodactyl|Aerodactyl-Mega, F|90\/363
|turn|59
|c|âxShiba|ez bullet punch
|c|âSmashBrosBrawl|i lose
|c|âSmashBrosBrawl|imo
|
|move|p1a: Medicham|Bullet Punch|p2a: Aerodactyl
|-crit|p2a: Aerodactyl
|-supereffective|p2a: Aerodactyl
|-damage|p2a: Aerodactyl|0 fnt
|faint|p2a: Aerodactyl
|
|c|âxShiba|âxShiba: +xShiba: yes, I can only use one team
|c|âxShiba|âxShiba: +xShiba: yes, I can only use one team
|c|âxShiba|:^)
|c|âSmashBrosBrawl|nice uber
|c|âSmashBrosBrawl|m8
|
|switch|p2a: Nidoqueen|Nidoqueen, F|358\/358
|turn|60
|c|âSmashBrosBrawl|miss here
|c|âSmashBrosBrawl|for me
|c|âxShiba|no
|c|âSmashBrosBrawl|pls
|
|move|p1a: Medicham|Zen Headbutt|p2a: Nidoqueen
|-supereffective|p2a: Nidoqueen
|-damage|p2a: Nidoqueen|0 fnt
|faint|p2a: Nidoqueen
|
|win|xShiba
|c|âSmashBrosBrawl|bs
|c|âxShiba|:^)