|join|xShiba
|join|VividLatias
|player|p1|xShiba|260
|player|p2|VividLatias|70
|gametype|singles
|gen|6
|tier|UU
|rule|Sleep Clause Mod: Limit one foe put to sleep
|rule|Species Clause: Limit one of each PokÃ©mon
|rule|OHKO Clause: OHKO moves are banned
|rule|Moody Clause: Moody is banned
|rule|Evasion Moves Clause: Evasion moves are banned
|rule|Endless Battle Clause: Forcing endless battles is banned
|rule|HP Percentage Mod: HP is shown in percentages
|clearpoke
|poke|p1|Electabuzz, M
|poke|p1|Gabite, M, shiny
|poke|p1|Articuno
|poke|p1|Metang, shiny
|poke|p1|Ninjask, M
|poke|p1|Regigigas
|poke|p2|Serperior, M, shiny
|poke|p2|Raikou, shiny
|poke|p2|Beedrill, M, shiny
|poke|p2|Jirachi, shiny
|poke|p2|Vaporeon, M, shiny
|poke|p2|Hydreigon, M, shiny
|rule|Swagger Clause: Swagger is banned
|rule|Baton Pass Clause: Limit one PokÃ©mon knowing Baton Pass
|teampreview
|c|âVividLatias|:c
|c|âxShiba|kek
|
|start
|switch|p1a: GG|Ninjask, M|325\/325
|switch|p2a: Hydreigon|Hydreigon, M, shiny|326\/326
|turn|1
|c|âVividLatias|oh
|c|âVividLatias|shit
|c|âVividLatias|you have a ninjask
|c|âxShiba|indeed
|c|âVividLatias|i was looking at your line-up and I didn't see it
|
|move|p2a: Hydreigon|Fire Blast|p1a: GG|[miss]
|-miss|p2a: Hydreigon|p1a: GG
|move|p1a: GG|Swords Dance|p1a: GG
|-boost|p1a: GG|atk|2
|
|-boost|p1a: GG|spe|1|[from] ability: Speed Boost
|turn|2
|c|âVividLatias|:l
|
|move|p1a: GG|Substitute|p1a: GG
|-start|p1a: GG|Substitute
|-damage|p1a: GG|244\/325
|move|p2a: Hydreigon|Fire Blast|p1a: GG
|-supereffective|p1a: GG
|-end|p1a: GG|Substitute
|
|-boost|p1a: GG|spe|1|[from] ability: Speed Boost
|turn|3
|c|âxShiba|im sashed anyway
|
|move|p1a: GG|Substitute|p1a: GG
|-start|p1a: GG|Substitute
|-damage|p1a: GG|163\/325
|move|p2a: Hydreigon|Fire Blast|p1a: GG
|-supereffective|p1a: GG
|-end|p1a: GG|Substitute
|
|-boost|p1a: GG|spe|1|[from] ability: Speed Boost
|turn|4
|c|âVividLatias|:(
|c|âxShiba|miss again pls
|c|âVividLatias|noe
|
|move|p1a: GG|Substitute|p1a: GG
|-start|p1a: GG|Substitute
|-damage|p1a: GG|82\/325
|move|p2a: Hydreigon|Fire Blast|p1a: GG
|-supereffective|p1a: GG
|-end|p1a: GG|Substitute
|
|-boost|p1a: GG|spe|1|[from] ability: Speed Boost
|turn|5
|c|âVividLatias|noe
|
|move|p1a: GG|Substitute|p1a: GG
|-start|p1a: GG|Substitute
|-damage|p1a: GG|1\/325
|move|p2a: Hydreigon|Fire Blast|p1a: GG
|-supereffective|p1a: GG
|-end|p1a: GG|Substitute
|
|-boost|p1a: GG|spe|1|[from] ability: Speed Boost
|turn|6
|
|move|p1a: GG|Baton Pass|p1a: GG
|
|switch|p1a: Monster Coming Soo|Regigigas|423\/423
|-start|p1a: Monster Coming Soo|Slow Start
|move|p2a: Hydreigon|Fire Blast|p1a: Monster Coming Soo
|-damage|p1a: Monster Coming Soo|343\/423
|
|-heal|p1a: Monster Coming Soo|369\/423|[from] item: Leftovers
|turn|7
|c|âVividLatias|this
|
|move|p2a: Hydreigon|Fire Blast|p1a: Monster Coming Soo
|-damage|p1a: Monster Coming Soo|280\/423
|move|p1a: Monster Coming Soo|Substitute|p1a: Monster Coming Soo
|-start|p1a: Monster Coming Soo|Substitute
|-damage|p1a: Monster Coming Soo|175\/423
|
|-heal|p1a: Monster Coming Soo|201\/423|[from] item: Leftovers
|turn|8
|join|LiberalLucario
|c|âVividLatias|is
|c|âVividLatias|so
|c|âVividLatias|:(
|c|âVividLatias|WHAT IS THIS
|
|move|p2a: Hydreigon|Fire Blast|p1a: Monster Coming Soo|[miss]
|-miss|p2a: Hydreigon|p1a: Monster Coming Soo
|move|p1a: Monster Coming Soo|Thunder Wave|p2a: Hydreigon
|-status|p2a: Hydreigon|par
|
|-heal|p1a: Monster Coming Soo|227\/423|[from] item: Leftovers
|turn|9
|join|OG Wanka
|join|Meowiekins
|c| OG Wanka|lol
|join|Volbeatdown
|c|âxShiba|the N got left off
|c|âxShiba|:[
|
|move|p1a: Monster Coming Soo|Confuse Ray|p2a: Hydreigon
|-start|p2a: Hydreigon|confusion
|-activate|p2a: Hydreigon|confusion
|-damage|p2a: Hydreigon|294\/326 par|[from] confusion
|
|-heal|p1a: Monster Coming Soo|253\/423|[from] item: Leftovers
|turn|10
|join|Brefuckyourbitch
|c| Meowiekins|THE ASS POUNDER V2!!!
|c|âxShiba|Keep giving me turns m8
|c|âVividLatias|:\/
|
|switch|p2a: Jirachi|Jirachi, shiny|342\/342
|move|p1a: Monster Coming Soo|Thunder Wave|p2a: Jirachi
|-status|p2a: Jirachi|par
|
|-end|p1a: Monster Coming Soo|Slow Start
|-heal|p1a: Monster Coming Soo|279\/423|[from] item: Leftovers
|turn|11
|c|âxShiba|!!!
|c| OG Wanka|ogre
|
|move|p1a: Monster Coming Soo|Confuse Ray|p2a: Jirachi
|-start|p2a: Jirachi|confusion
|-activate|p2a: Jirachi|confusion
|move|p2a: Jirachi|Iron Head|p1a: Monster Coming Soo
|-end|p1a: Monster Coming Soo|Substitute
|
|-heal|p1a: Monster Coming Soo|305\/423|[from] item: Leftovers
|turn|12
|c|âVividLatias|First time I've seen Regigas out of Slow Start
|c|âVividLatias|so
|
|move|p1a: Monster Coming Soo|Substitute|p1a: Monster Coming Soo
|-start|p1a: Monster Coming Soo|Substitute
|-damage|p1a: Monster Coming Soo|200\/423
|cant|p2a: Jirachi|par
|
|-heal|p1a: Monster Coming Soo|226\/423|[from] item: Leftovers
|turn|13
|c|âxShiba|My only attack is return
|
|move|p1a: Monster Coming Soo|Return|p2a: Jirachi
|-crit|p2a: Jirachi
|-resisted|p2a: Jirachi
|-damage|p2a: Jirachi|61\/342 par
|-end|p2a: Jirachi|confusion
|move|p2a: Jirachi|Iron Head|p1a: Monster Coming Soo
|-activate|p1a: Monster Coming Soo|Substitute|[damage]
|
|-heal|p1a: Monster Coming Soo|252\/423|[from] item: Leftovers
|turn|14
|c|âxShiba|so
|c|âxShiba|LOL
|c|âxShiba|oml
|c| OG Wanka|fkin fat
|
|move|p1a: Monster Coming Soo|Return|p2a: Jirachi
|-resisted|p2a: Jirachi
|-damage|p2a: Jirachi|0 fnt
|faint|p2a: Jirachi
|
|-heal|p1a: Monster Coming Soo|278\/423|[from] item: Leftovers
|
|switch|p2a: Vaporeon|Vaporeon, M, shiny|451\/451
|turn|15
|
|move|p1a: Monster Coming Soo|Thunder Wave|p2a: Vaporeon
|-status|p2a: Vaporeon|par
|cant|p2a: Vaporeon|par
|
|-heal|p1a: Monster Coming Soo|304\/423|[from] item: Leftovers
|turn|16
|c|âVividLatias|sigh
|join|IheartMagikarp
|
|move|p1a: Monster Coming Soo|Return|p2a: Vaporeon
|-damage|p2a: Vaporeon|54\/451 par
|cant|p2a: Vaporeon|par
|
|-heal|p1a: Monster Coming Soo|330\/423|[from] item: Leftovers
|-heal|p2a: Vaporeon|82\/451 par|[from] item: Leftovers
|turn|17
|c|âxShiba|so in
|c| IheartMagikarp|what is this
|
|move|p1a: Monster Coming Soo|Return|p2a: Vaporeon
|-damage|p2a: Vaporeon|0 fnt
|faint|p2a: Vaporeon
|
|-heal|p1a: Monster Coming Soo|356\/423|[from] item: Leftovers
|c| IheartMagikarp|oh my goodness
|c| OG Wanka|shiba confirmed good
|c| IheartMagikarp|nah
|c|âVividLatias|the most cancerous thing since his level 2 probopass bs
|
|switch|p2a: Serperior|Serperior, M, shiny|292\/292
|turn|18
|c|âxShiba|IheartMagikarp pls
|
|move|p1a: Monster Coming Soo|Return|p2a: Serperior
|-damage|p2a: Serperior|0 fnt
|faint|p2a: Serperior
|
|-heal|p1a: Monster Coming Soo|382\/423|[from] item: Leftovers
|c| IheartMagikarp|beedrill lives :^)
|
|switch|p2a: Hydreigon|Hydreigon, M, shiny|294\/326 par
|turn|19
|c|âxShiba|obv
|
|move|p1a: Monster Coming Soo|Return|p2a: Hydreigon
|-damage|p2a: Hydreigon|0 fnt
|faint|p2a: Hydreigon
|
|-heal|p1a: Monster Coming Soo|408\/423|[from] item: Leftovers
|
|switch|p2a: Raikou|Raikou, shiny|322\/322
|-ability|p2a: Raikou|Pressure
|turn|20
|
|move|p1a: Monster Coming Soo|Return|p2a: Raikou
|-damage|p2a: Raikou|0 fnt
|faint|p2a: Raikou
|
|-heal|p1a: Monster Coming Soo|423\/423|[from] item: Leftovers
|c|âxShiba|bop
|
|switch|p2a: Beedrill|Beedrill, M, shiny|272\/272
|turn|21
|c|âVividLatias|i believe in beedrill
|c| IheartMagikarp|it's actually sash bee
|
|detailschange|p2a: Beedrill|Beedrill-Mega, M, shiny
|-mega|p2a: Beedrill|Beedrill|Beedrillite
|move|p2a: Beedrill|Protect|p2a: Beedrill
|-singleturn|p2a: Beedrill|Protect
|move|p1a: Monster Coming Soo|Return|p2a: Beedrill
|-activate|p2a: Beedrill|Protect
|
|turn|22
|c|âVividLatias|shiba m8
|c|âxShiba|y
|c|âVividLatias|why you gotta cheese me like this
|
|move|p1a: Monster Coming Soo|Return|p2a: Beedrill
|-damage|p2a: Beedrill|0 fnt
|faint|p2a: Beedrill
|
|win|xShiba
|c|âxShiba|there is no cheese about regigigas
|c|âxShiba|this thing is a savage
|leave|LiberalLucario
|c| IheartMagikarp|regi is legit
|c|âVividLatias|gg tho :c
|leave|VividLatias
|player|p2
|join|LiberalLucario