|join|xShiba
|join|ChuffedTeapot
|join|cityfolk
|player|p1|xShiba|260
|player|p2|ChuffedTeapot|226
|gametype|singles
|gen|6
|tier|UU
|rule|Sleep Clause Mod: Limit one foe put to sleep
|rule|Species Clause: Limit one of each PokÃ©mon
|rule|OHKO Clause: OHKO moves are banned
|rule|Moody Clause: Moody is banned
|rule|Evasion Moves Clause: Evasion moves are banned
|rule|Endless Battle Clause: Forcing endless battles is banned
|rule|HP Percentage Mod: HP is shown in percentages
|clearpoke
|poke|p1|Celebi
|poke|p1|Sharpedo, M, shiny
|poke|p1|Jirachi, shiny
|poke|p1|Yanmega, M, shiny
|poke|p1|Donphan, M
|poke|p1|Vaporeon, F
|poke|p2|Crobat, M
|poke|p2|Cobalion
|poke|p2|Vaporeon, F
|poke|p2|Nidoqueen, F
|poke|p2|Hydreigon, F
|poke|p2|Abomasnow, M
|rule|Swagger Clause: Swagger is banned
|rule|Baton Pass Clause: Limit one PokÃ©mon knowing Baton Pass
|teampreview
|
|start
|switch|p1a: Healthy Diet|Celebi|404\/404
|switch|p2a: Fun|Crobat, M|353\/353
|turn|1
|
|move|p2a: Fun|U-turn|p1a: Healthy Diet
|-supereffective|p1a: Healthy Diet
|-damage|p1a: Healthy Diet|156\/404
|-enditem|p1a: Healthy Diet|Weakness Policy
|-boost|p1a: Healthy Diet|atk|2|[from] item: Weakness Policy
|-boost|p1a: Healthy Diet|spa|2|[from] item: Weakness Policy
|
|switch|p2a: Fun|Hydreigon, F|325\/325
|move|p1a: Healthy Diet|Baton Pass|p1a: Healthy Diet
|
|switch|p1a: Zoom Zoom|Yanmega, M, shiny|313\/313
|
|turn|2
|
|move|p1a: Zoom Zoom|Protect|p1a: Zoom Zoom
|-singleturn|p1a: Zoom Zoom|Protect
|move|p2a: Fun|Draco Meteor|p1a: Zoom Zoom
|-activate|p1a: Zoom Zoom|Protect
|
|-boost|p1a: Zoom Zoom|spe|1|[from] ability: Speed Boost
|turn|3
|c|âxShiba|are you scarf
|c|âChuffedTeapot|probably
|c|âxShiba|can you uh
|c|âxShiba|give me a hint
|c|âxShiba|y\/y
|c|âChuffedTeapot|n u can figure it out
|c|âChuffedTeapot|d:
|
|move|p1a: Zoom Zoom|Protect|p1a: Zoom Zoom
|-fail|p1a: Zoom Zoom
|move|p2a: Fun|Draco Meteor|p1a: Zoom Zoom
|-damage|p1a: Zoom Zoom|0 fnt
|-unboost|p2a: Fun|spa|2
|faint|p1a: Zoom Zoom
|
|c|âxShiba|fk
|
|switch|p1a: Fuccboii 2.0|Jirachi, shiny|341\/341
|turn|4
|
|switch|p2a: Fun|Cobalion|323\/323
|move|p1a: Fuccboii 2.0|U-turn|p2a: Fun
|-resisted|p2a: Fun
|-damage|p2a: Fun|311\/323
|join|Dad's Dad
|
|switch|p1a: Steve|Donphan, M|364\/364
|
|-heal|p2a: Fun|323\/323|[from] item: Leftovers
|turn|5
|
|switch|p2a: Fun|Vaporeon, F|451\/451
|move|p1a: Steve|Stealth Rock|p2a: Fun
|-sidestart|p2: ChuffedTeapot|move: Stealth Rock
|
|turn|6
|
|switch|p1a: Healthy Diet|Celebi|156\/404
|move|p2a: Fun|Wish|p2a: Fun
|
|turn|7
|
|switch|p2a: Fun|Crobat, M|353\/353
|-damage|p2a: Fun|265\/353|[from] Stealth Rock
|move|p1a: Healthy Diet|Recover|p1a: Healthy Diet
|-heal|p1a: Healthy Diet|358\/404
|
|-heal|p2a: Fun|353\/353|[from] move: Wish|[wisher] Fun
|turn|8
|leave|Dad's Dad
|
|switch|p1a: Ay Der Cune|Vaporeon, F|452\/452
|move|p2a: Fun|Acrobatics|p1a: Ay Der Cune
|-crit|p1a: Ay Der Cune
|-damage|p1a: Ay Der Cune|229\/452
|
|-heal|p1a: Ay Der Cune|257\/452|[from] item: Leftovers
|turn|9
|
|move|p2a: Fun|Defog|p1a: Ay Der Cune
|-unboost|p1a: Ay Der Cune|evasion|1
|-sideend|p2: ChuffedTeapot|Stealth Rock|[from] move: Defog|[of] p2a: Fun
|move|p1a: Ay Der Cune|Wish|p1a: Ay Der Cune
|
|-heal|p1a: Ay Der Cune|285\/452|[from] item: Leftovers
|turn|10
|
|move|p2a: Fun|U-turn|p1a: Ay Der Cune
|-damage|p1a: Ay Der Cune|224\/452
|
|switch|p2a: Fun|Abomasnow, M|323\/323
|-weather|Hail
|move|p1a: Ay Der Cune|Scald|p2a: Fun
|-resisted|p2a: Fun
|-damage|p2a: Fun|264\/323
|-status|p2a: Fun|brn
|
|-weather|Hail|[upkeep]
|-damage|p1a: Ay Der Cune|196\/452|[from] hail
|-heal|p1a: Ay Der Cune|422\/452|[from] move: Wish|[wisher] Ay Der Cune
|-heal|p1a: Ay Der Cune|450\/452|[from] item: Leftovers
|-damage|p2a: Fun|224\/323 brn|[from] brn
|turn|11
|
|detailschange|p2a: Fun|Abomasnow-Mega, M
|-mega|p2a: Fun|Abomasnow|Abomasite
|move|p1a: Ay Der Cune|Wish|p1a: Ay Der Cune
|move|p2a: Fun|Blizzard|p1a: Ay Der Cune
|-resisted|p1a: Ay Der Cune
|-damage|p1a: Ay Der Cune|360\/452
|
|-weather|Hail|[upkeep]
|-damage|p1a: Ay Der Cune|332\/452|[from] hail
|-heal|p1a: Ay Der Cune|360\/452|[from] item: Leftovers
|-damage|p2a: Fun|184\/323 brn|[from] brn
|turn|12
|
|move|p1a: Ay Der Cune|Protect|p1a: Ay Der Cune
|-singleturn|p1a: Ay Der Cune|Protect
|move|p2a: Fun|Blizzard|p1a: Ay Der Cune
|-activate|p1a: Ay Der Cune|Protect
|
|-weather|Hail|[upkeep]
|-damage|p1a: Ay Der Cune|332\/452|[from] hail
|-heal|p1a: Ay Der Cune|452\/452|[from] move: Wish|[wisher] Ay Der Cune
|-damage|p2a: Fun|144\/323 brn|[from] brn
|turn|13
|
|switch|p2a: Fun|Vaporeon, F|451\/451
|move|p1a: Ay Der Cune|Wish|p1a: Ay Der Cune
|
|-weather|Hail|[upkeep]
|-damage|p2a: Fun|423\/451|[from] hail
|-damage|p1a: Ay Der Cune|424\/452|[from] hail
|-heal|p2a: Fun|451\/451|[from] item: Leftovers
|-heal|p1a: Ay Der Cune|452\/452|[from] item: Leftovers
|turn|14
|
|switch|p1a: Healthy Diet|Celebi|358\/404
|move|p2a: Fun|Heal Bell|p2a: Fun
|-cureteam|p2a: Fun|[from] move: HealBell
|
|-weather|none
|-heal|p1a: Healthy Diet|404\/404|[from] move: Wish|[wisher] Ay Der Cune
|turn|15
|
|move|p1a: Healthy Diet|Swords Dance|p1a: Healthy Diet
|-boost|p1a: Healthy Diet|atk|2
|move|p2a: Fun|Wish|p2a: Fun
|
|turn|16
|
|switch|p2a: Fun|Hydreigon, F|325\/325
|move|p1a: Healthy Diet|Seed Bomb|p2a: Fun
|-resisted|p2a: Fun
|-damage|p2a: Fun|209\/325
|
|-heal|p2a: Fun|325\/325|[from] move: Wish|[wisher] Fun
|turn|17
|
|move|p2a: Fun|U-turn|p1a: Healthy Diet
|-crit|p1a: Healthy Diet
|-supereffective|p1a: Healthy Diet
|-damage|p1a: Healthy Diet|88\/404
|
|switch|p2a: Fun|Crobat, M|353\/353
|move|p1a: Healthy Diet|Recover|p1a: Healthy Diet
|-heal|p1a: Healthy Diet|290\/404
|
|turn|18
|
|move|p2a: Fun|U-turn|p1a: Healthy Diet
|-supereffective|p1a: Healthy Diet
|-damage|p1a: Healthy Diet|38\/404
|
|switch|p2a: Fun|Hydreigon, F|325\/325
|move|p1a: Healthy Diet|Baton Pass|p1a: Healthy Diet
|
|switch|p1a: Fuccboii 2.0|Jirachi, shiny|341\/341
|
|turn|19
|
|switch|p2a: Fun|Vaporeon, F|451\/451
|move|p1a: Fuccboii 2.0|U-turn|p2a: Fun
|-damage|p2a: Fun|289\/451
|
|switch|p1a: Healthy Diet|Celebi|38\/404
|
|-heal|p2a: Fun|317\/451|[from] item: Leftovers
|turn|20
|
|move|p1a: Healthy Diet|Recover|p1a: Healthy Diet
|-heal|p1a: Healthy Diet|240\/404
|move|p2a: Fun|Wish|p2a: Fun
|
|-heal|p2a: Fun|345\/451|[from] item: Leftovers
|turn|21
|
|switch|p2a: Fun|Abomasnow-Mega, M|144\/323
|-weather|Hail
|move|p1a: Healthy Diet|Recover|p1a: Healthy Diet
|-heal|p1a: Healthy Diet|404\/404
|
|-weather|Hail|[upkeep]
|-damage|p1a: Healthy Diet|379\/404|[from] hail
|-heal|p2a: Fun|323\/323|[from] move: Wish|[wisher] Fun
|turn|22
|
|-singleturn|p2a: Fun|move: Focus Punch
|move|p1a: Healthy Diet|Baton Pass|p1a: Healthy Diet
|c|âxShiba|wtf
|
|switch|p1a: Ay Der Cune|Vaporeon, F|452\/452
|move|p2a: Fun|Focus Punch|p1a: Ay Der Cune
|-damage|p1a: Ay Der Cune|264\/452
|
|-weather|Hail|[upkeep]
|-damage|p1a: Ay Der Cune|236\/452|[from] hail
|-heal|p1a: Ay Der Cune|264\/452|[from] item: Leftovers
|turn|23
|
|move|p1a: Ay Der Cune|Scald|p2a: Fun
|-resisted|p2a: Fun
|-damage|p2a: Fun|278\/323
|move|p2a: Fun|Giga Drain|p1a: Ay Der Cune
|-supereffective|p1a: Ay Der Cune
|-damage|p1a: Ay Der Cune|0 fnt
|-heal|p2a: Fun|323\/323|[from] drain|[of] p1a: Ay Der Cune
|faint|p1a: Ay Der Cune
|
|-weather|Hail|[upkeep]
|c|âxShiba|rip
|
|switch|p1a: Fuccboii 2.0|Jirachi, shiny|341\/341
|turn|24
|
|switch|p2a: Fun|Cobalion|323\/323
|move|p1a: Fuccboii 2.0|Iron Head|p2a: Fun
|-resisted|p2a: Fun
|-damage|p2a: Fun|277\/323
|
|-weather|Hail|[upkeep]
|-damage|p1a: Fuccboii 2.0|320\/341|[from] hail
|-damage|p2a: Fun|257\/323|[from] hail
|-heal|p2a: Fun|277\/323|[from] item: Leftovers
|turn|25
|
|switch|p1a: Steve|Donphan, M|364\/364
|move|p2a: Fun|Stealth Rock|p1a: Steve
|-sidestart|p1: xShiba|move: Stealth Rock
|
|-weather|none
|-heal|p2a: Fun|297\/323|[from] item: Leftovers
|turn|26
|
|switch|p2a: Fun|Abomasnow-Mega, M|323\/323
|-weather|Hail
|move|p1a: Steve|Rapid Spin|p2a: Fun
|-damage|p2a: Fun|299\/323
|-sideend|p1: xShiba|Stealth Rock|[from] move: Rapid Spin|[of] p1a: Steve
|
|-weather|Hail|[upkeep]
|-damage|p1a: Steve|342\/364|[from] hail
|-heal|p1a: Steve|364\/364|[from] item: Leftovers
|turn|27
|c|âxShiba|ah i gtg eat
|c|âxShiba|gl
|-message|xShiba forfeited.
|c|âChuffedTeapot|alright cool d:
|
|win|ChuffedTeapot
|leave|xShiba