|join|xShiba
|join|Julie3
|player|p1|xShiba|260
|player|p2|Julie3|170
|gametype|singles
|gen|6
|tier|UU
|rated
|rule|Sleep Clause Mod: Limit one foe put to sleep
|rule|Species Clause: Limit one of each PokÃ©mon
|rule|OHKO Clause: OHKO moves are banned
|rule|Moody Clause: Moody is banned
|rule|Evasion Moves Clause: Evasion moves are banned
|rule|Endless Battle Clause: Forcing endless battles is banned
|rule|HP Percentage Mod: HP is shown in percentages
|clearpoke
|poke|p1|Celebi
|poke|p1|Sharpedo, M, shiny
|poke|p1|Jirachi, shiny
|poke|p1|Yanmega, M, shiny
|poke|p1|Donphan, M
|poke|p1|Vaporeon, F
|poke|p2|Milotic, M
|poke|p2|Celebi
|poke|p2|Arcanine, M
|poke|p2|Pidgeot, F
|poke|p2|Cobalion
|poke|p2|Espeon, F
|rule|Swagger Clause: Swagger is banned
|rule|Baton Pass Clause: Limit one PokÃ©mon knowing Baton Pass
|teampreview
|
|start
|switch|p1a: Fuccboii 2.0|Jirachi, shiny|341\/341
|switch|p2a: Pidgeot|Pidgeot, F|307\/307
|turn|1
|
|detailschange|p2a: Pidgeot|Pidgeot-Mega, F
|-mega|p2a: Pidgeot|Pidgeot|Pidgeotite
|move|p1a: Fuccboii 2.0|Iron Head|p2a: Pidgeot
|-damage|p2a: Pidgeot|169\/307
|cant|p2a: Pidgeot|flinch
|
|turn|2
|
|switch|p1a: Ay Der Cune|Vaporeon, F|452\/452
|switch|p2a: Arcanine|Arcanine, M|384\/384
|-ability|p2a: Arcanine|Intimidate|[of] p1a: Ay Der Cune
|-unboost|p1a: Ay Der Cune|atk|1
|
|turn|3
|
|switch|p2a: Celebi|Celebi|341\/341
|move|p1a: Ay Der Cune|Wish|p1a: Ay Der Cune
|
|turn|4
|
|switch|p1a: Zoom Zoom|Yanmega, M, shiny|313\/313
|move|p2a: Celebi|U-turn|p1a: Zoom Zoom
|-resisted|p1a: Zoom Zoom
|-damage|p1a: Zoom Zoom|253\/313
|
|switch|p2a: Milotic|Milotic, M|393\/393
|
|-heal|p1a: Zoom Zoom|313\/313|[from] move: Wish|[wisher] Ay Der Cune
|turn|5
|
|switch|p1a: Healthy Diet|Celebi|404\/404
|move|p2a: Milotic|Ice Beam|p1a: Healthy Diet
|-supereffective|p1a: Healthy Diet
|-damage|p1a: Healthy Diet|294\/404
|-enditem|p1a: Healthy Diet|Weakness Policy
|-boost|p1a: Healthy Diet|atk|2|[from] item: Weakness Policy
|-boost|p1a: Healthy Diet|spa|2|[from] item: Weakness Policy
|
|turn|6
|
|move|p2a: Milotic|Scald|p1a: Healthy Diet
|-resisted|p1a: Healthy Diet
|-damage|p1a: Healthy Diet|261\/404
|-status|p1a: Healthy Diet|brn
|move|p1a: Healthy Diet|Seed Bomb|p2a: Milotic
|-supereffective|p2a: Milotic
|-damage|p2a: Milotic|199\/393
|
|-heal|p2a: Milotic|223\/393|[from] item: Leftovers
|-damage|p1a: Healthy Diet|211\/404 brn|[from] brn
|turn|7
|
|switch|p2a: Arcanine|Arcanine, M|384\/384
|-ability|p2a: Arcanine|Intimidate|[of] p1a: Healthy Diet
|-unboost|p1a: Healthy Diet|atk|1
|move|p1a: Healthy Diet|Baton Pass|p1a: Healthy Diet
|
|switch|p1a: Zoom Zoom|Yanmega, M, shiny|313\/313
|
|turn|8
|
|move|p1a: Zoom Zoom|Protect|p1a: Zoom Zoom
|-singleturn|p1a: Zoom Zoom|Protect
|move|p2a: Arcanine|Flare Blitz|p1a: Zoom Zoom
|-activate|p1a: Zoom Zoom|Protect
|
|-boost|p1a: Zoom Zoom|spe|1|[from] ability: Speed Boost
|turn|9
|
|move|p1a: Zoom Zoom|Air Slash|p2a: Arcanine|[miss]
|-miss|p1a: Zoom Zoom|p2a: Arcanine
|move|p2a: Arcanine|Flare Blitz|p1a: Zoom Zoom
|-supereffective|p1a: Zoom Zoom
|-damage|p1a: Zoom Zoom|0 fnt
|-damage|p2a: Arcanine|281\/384|[from] recoil|[of] p1a: Zoom Zoom
|faint|p1a: Zoom Zoom
|
|-heal|p2a: Arcanine|305\/384|[from] item: Leftovers
|c|âxShiba|of course
|
|switch|p1a: Steve|Donphan, M|364\/364
|turn|10
|
|move|p2a: Arcanine|Will-O-Wisp|p1a: Steve
|-status|p1a: Steve|brn
|move|p1a: Steve|Earthquake|p2a: Arcanine
|-supereffective|p2a: Arcanine
|-damage|p2a: Arcanine|125\/384
|
|-heal|p2a: Arcanine|149\/384|[from] item: Leftovers
|-damage|p1a: Steve|319\/364 brn|[from] brn
|turn|11
|
|switch|p1a: Ay Der Cune|Vaporeon, F|452\/452
|move|p2a: Arcanine|Morning Sun|p2a: Arcanine
|-heal|p2a: Arcanine|341\/384
|
|-heal|p2a: Arcanine|365\/384|[from] item: Leftovers
|turn|12
|
|switch|p2a: Pidgeot|Pidgeot-Mega, F|169\/307
|move|p1a: Ay Der Cune|Heal Bell|p1a: Ay Der Cune
|-cureteam|p1a: Ay Der Cune|[from] move: HealBell
|
|turn|13
|c|âxShiba|+2 252+ SpA Life Orb Yanmega Air Slash vs. 248 HP \/ 0 SpD Arcanine: 390-460 (101.8 - 120.1%) -- guaranteed OHKO
|
|move|p2a: Pidgeot|Hurricane|p1a: Ay Der Cune
|-damage|p1a: Ay Der Cune|275\/452
|-start|p1a: Ay Der Cune|confusion
|-activate|p1a: Ay Der Cune|confusion
|-damage|p1a: Ay Der Cune|255\/452|[from] confusion
|
|-heal|p1a: Ay Der Cune|283\/452|[from] item: Leftovers
|turn|14
|c|âxShiba|lol
|
|move|p2a: Pidgeot|Hurricane|p1a: Ay Der Cune
|-damage|p1a: Ay Der Cune|102\/452
|-activate|p1a: Ay Der Cune|confusion
|move|p1a: Ay Der Cune|Wish|p1a: Ay Der Cune
|
|-heal|p1a: Ay Der Cune|130\/452|[from] item: Leftovers
|turn|15
|
|switch|p1a: Fuccboii 2.0|Jirachi, shiny|341\/341
|move|p2a: Pidgeot|Hurricane|p1a: Fuccboii 2.0
|-resisted|p1a: Fuccboii 2.0
|-damage|p1a: Fuccboii 2.0|247\/341
|
|-heal|p1a: Fuccboii 2.0|341\/341|[from] move: Wish|[wisher] Ay Der Cune
|turn|16
|
|move|p1a: Fuccboii 2.0|Iron Head|p2a: Pidgeot
|-damage|p2a: Pidgeot|30\/307
|cant|p2a: Pidgeot|flinch
|
|turn|17
|
|switch|p2a: Cobalion|Cobalion|323\/323
|move|p1a: Fuccboii 2.0|Iron Head|p2a: Cobalion
|-resisted|p2a: Cobalion
|-damage|p2a: Cobalion|274\/323
|
|-heal|p2a: Cobalion|294\/323|[from] item: Leftovers
|turn|18
|
|switch|p1a: Steve|Donphan, M|319\/364
|move|p2a: Cobalion|Swords Dance|p2a: Cobalion
|-boost|p2a: Cobalion|atk|2
|
|-heal|p2a: Cobalion|314\/323|[from] item: Leftovers
|-heal|p1a: Steve|341\/364|[from] item: Leftovers
|turn|19
|
|move|p2a: Cobalion|Iron Head|p1a: Steve
|-damage|p1a: Steve|140\/364
|move|p1a: Steve|Earthquake|p2a: Cobalion
|-supereffective|p2a: Cobalion
|-damage|p2a: Cobalion|14\/323
|
|-heal|p2a: Cobalion|34\/323|[from] item: Leftovers
|-heal|p1a: Steve|162\/364|[from] item: Leftovers
|turn|20
|
|move|p2a: Cobalion|Close Combat|p1a: Steve
|-damage|p1a: Steve|0 fnt
|-unboost|p2a: Cobalion|def|1
|-unboost|p2a: Cobalion|spd|1
|faint|p1a: Steve
|
|-heal|p2a: Cobalion|54\/323|[from] item: Leftovers
|
|switch|p1a: Fuccboii 2.0|Jirachi, shiny|341\/341
|turn|21
|
|move|p1a: Fuccboii 2.0|Iron Head|p2a: Cobalion
|-resisted|p2a: Cobalion
|-damage|p2a: Cobalion|0 fnt
|faint|p2a: Cobalion
|
|
|switch|p2a: Celebi|Celebi|341\/341
|turn|22
|
|move|p1a: Fuccboii 2.0|Iron Head|p2a: Celebi
|-damage|p2a: Celebi|226\/341
|cant|p2a: Celebi|flinch
|
|turn|23
|
|move|p2a: Celebi|Sucker Punch|p1a: Fuccboii 2.0
|-supereffective|p1a: Fuccboii 2.0
|-damage|p1a: Fuccboii 2.0|99\/341
|move|p1a: Fuccboii 2.0|Iron Head|p2a: Celebi
|-damage|p2a: Celebi|103\/341
|
|turn|24
|
|switch|p1a: Healthy Diet|Celebi|211\/404
|switch|p2a: Pidgeot|Pidgeot-Mega, F|30\/307
|
|turn|25
|
|switch|p1a: Ay Der Cune|Vaporeon, F|130\/452
|move|p2a: Pidgeot|Hurricane|p1a: Ay Der Cune
|-damage|p1a: Ay Der Cune|0 fnt
|faint|p1a: Ay Der Cune
|
|
|switch|p1a: Fuccboii 2.0|Jirachi, shiny|99\/341
|turn|26
|
|move|p1a: Fuccboii 2.0|U-turn|p2a: Pidgeot
|-resisted|p2a: Pidgeot
|-damage|p2a: Pidgeot|0 fnt
|faint|p2a: Pidgeot
|
|switch|p1a: Fuccboii|Sharpedo, M, shiny|281\/281
|
|
|switch|p2a: Espeon|Espeon, F|271\/271
|turn|27
|
|move|p1a: Fuccboii|Protect|p1a: Fuccboii
|-singleturn|p1a: Fuccboii|Protect
|move|p2a: Espeon|Dazzling Gleam|p1a: Fuccboii
|-activate|p1a: Fuccboii|Protect
|
|-boost|p1a: Fuccboii|spe|1|[from] ability: Speed Boost
|turn|28
|
|switch|p1a: Healthy Diet|Celebi|211\/404
|move|p2a: Espeon|Dazzling Gleam|p1a: Healthy Diet
|-damage|p1a: Healthy Diet|140\/404
|
|turn|29
|
|switch|p2a: Arcanine|Arcanine, M|365\/384
|-ability|p2a: Arcanine|Intimidate|[of] p1a: Healthy Diet
|-unboost|p1a: Healthy Diet|atk|1
|move|p1a: Healthy Diet|Recover|p1a: Healthy Diet
|-heal|p1a: Healthy Diet|342\/404
|
|-heal|p2a: Arcanine|384\/384|[from] item: Leftovers
|turn|30
|join|MyLittleDick
|leave|MyLittleDick
|
|move|p2a: Arcanine|Flare Blitz|p1a: Healthy Diet
|-supereffective|p1a: Healthy Diet
|-damage|p1a: Healthy Diet|0 fnt
|-damage|p2a: Arcanine|271\/384|[from] recoil|[of] p1a: Healthy Diet
|faint|p1a: Healthy Diet
|
|-heal|p2a: Arcanine|295\/384|[from] item: Leftovers
|
|switch|p1a: Fuccboii|Sharpedo, M, shiny|281\/281
|turn|31
|
|switch|p2a: Milotic|Milotic, M|223\/393
|move|p1a: Fuccboii|Protect|p1a: Fuccboii
|-fail|p1a: Fuccboii
|
|-heal|p2a: Milotic|247\/393|[from] item: Leftovers
|-boost|p1a: Fuccboii|spe|1|[from] ability: Speed Boost
|turn|32
|
|move|p1a: Fuccboii|Crunch|p2a: Milotic
|-damage|p2a: Milotic|93\/393
|move|p2a: Milotic|Scald|p1a: Fuccboii
|-resisted|p1a: Fuccboii
|-damage|p1a: Fuccboii|182\/281
|-status|p1a: Fuccboii|brn
|
|-heal|p2a: Milotic|117\/393|[from] item: Leftovers
|-damage|p1a: Fuccboii|147\/281 brn|[from] brn
|-boost|p1a: Fuccboii|spe|1|[from] ability: Speed Boost
|turn|33
|c|âxShiba|lol
|
|switch|p1a: Fuccboii 2.0|Jirachi, shiny|99\/341
|move|p2a: Milotic|Recover|p2a: Milotic
|-heal|p2a: Milotic|314\/393
|
|-heal|p2a: Milotic|338\/393|[from] item: Leftovers
|turn|34
|
|move|p1a: Fuccboii 2.0|Healing Wish|p1a: Fuccboii 2.0
|faint|p1a: Fuccboii 2.0
|move|p2a: Milotic|Scald|p1: Fuccboii 2.0|[notarget]
|-notarget
|
|-heal|p2a: Milotic|362\/393|[from] item: Leftovers
|
|switch|p1a: Fuccboii|Sharpedo, M, shiny|147\/281 brn
|-heal|p1a: Fuccboii|281\/281|[from] move: Healing Wish
|turn|35
|
|move|p1a: Fuccboii|Protect|p1a: Fuccboii
|-singleturn|p1a: Fuccboii|Protect
|move|p2a: Milotic|Scald|p1a: Fuccboii
|-activate|p1a: Fuccboii|Protect
|
|-heal|p2a: Milotic|386\/393|[from] item: Leftovers
|-boost|p1a: Fuccboii|spe|1|[from] ability: Speed Boost
|turn|36
|
|move|p1a: Fuccboii|Crunch|p2a: Milotic
|-damage|p2a: Milotic|230\/393
|move|p2a: Milotic|Scald|p1a: Fuccboii
|-resisted|p1a: Fuccboii
|-damage|p1a: Fuccboii|179\/281
|
|-heal|p2a: Milotic|254\/393|[from] item: Leftovers
|-boost|p1a: Fuccboii|spe|1|[from] ability: Speed Boost
|turn|37
|
|detailschange|p1a: Fuccboii|Sharpedo-Mega, M, shiny
|-mega|p1a: Fuccboii|Sharpedo|Sharpedonite
|move|p1a: Fuccboii|Crunch|p2a: Milotic
|-damage|p2a: Milotic|1\/393
|move|p2a: Milotic|Scald|p1a: Fuccboii
|-resisted|p1a: Fuccboii
|-damage|p1a: Fuccboii|113\/281
|
|-heal|p2a: Milotic|25\/393|[from] item: Leftovers
|turn|38
|
|move|p1a: Fuccboii|Crunch|p2a: Milotic
|-damage|p2a: Milotic|0 fnt
|faint|p2a: Milotic
|
|
|switch|p2a: Arcanine|Arcanine, M|295\/384
|-ability|p2a: Arcanine|Intimidate|[of] p1a: Fuccboii
|-unboost|p1a: Fuccboii|atk|1
|turn|39
|
|switch|p2a: Espeon|Espeon, F|271\/271
|move|p1a: Fuccboii|Waterfall|p2a: Espeon
|-damage|p2a: Espeon|105\/271
|
|turn|40
|
|move|p1a: Fuccboii|Crunch|p2a: Espeon
|-supereffective|p2a: Espeon
|-damage|p2a: Espeon|0 fnt
|faint|p2a: Espeon
|
|
|switch|p2a: Arcanine|Arcanine, M|295\/384
|-ability|p2a: Arcanine|Intimidate|[of] p1a: Fuccboii
|-unboost|p1a: Fuccboii|atk|1
|turn|41
|
|move|p2a: Arcanine|Extreme Speed|p1a: Fuccboii
|-damage|p1a: Fuccboii|10\/281
|move|p1a: Fuccboii|Waterfall|p2a: Arcanine
|-supereffective|p2a: Arcanine
|-damage|p2a: Arcanine|139\/384
|
|-heal|p2a: Arcanine|163\/384|[from] item: Leftovers
|turn|42
|c|âxShiba|if air slash didnt miss i won
|c|âxShiba|but w\/e
|c|âJulie3|yes the guy running rachi complain about hax
|c|âxShiba|lol
|c|âxShiba|scarf espeon
|c|âJulie3|yup
|
|move|p1a: Fuccboii|Protect|p1a: Fuccboii
|-singleturn|p1a: Fuccboii|Protect
|move|p2a: Arcanine|Extreme Speed|p1a: Fuccboii
|-activate|p1a: Fuccboii|Protect
|
|-heal|p2a: Arcanine|187\/384|[from] item: Leftovers
|turn|43
|c|âxShiba|but then again
|c|âxShiba|you did get
|c|âxShiba|a burn
|c|âxShiba|and a miss
|
|move|p2a: Arcanine|Extreme Speed|p1a: Fuccboii
|-damage|p1a: Fuccboii|0 fnt
|faint|p1a: Fuccboii
|
|win|Julie3
|raw|Ladder updating...
|raw|xShiba's rating: 1611 &rarr; <strong>1590<\/strong><br \/>(-21 for losing)
|raw|Julie3's rating: 1588 &rarr; <strong>1609<\/strong><br \/>(+21 for winning)
|c|âJulie3|gg
|leave|xShiba
|player|p1