|join|dukevesper
|join|Max Speed Mandibuz
|player|p1|dukevesper|290
|player|p2|Max Speed Mandibuz|266
|gametype|singles
|gen|6
|tier|ORAS OU
|rated
|rule|Sleep Clause Mod: Limit one foe put to sleep
|rule|Species Clause: Limit one of each PokÃ©mon
|rule|OHKO Clause: OHKO moves are banned
|rule|Moody Clause: Moody is banned
|rule|Evasion Moves Clause: Evasion moves are banned
|rule|Endless Battle Clause: Forcing endless battles is banned
|rule|HP Percentage Mod: HP is shown in percentages
|clearpoke
|poke|p1|Altaria, F
|poke|p1|Magnezone
|poke|p1|Talonflame, F
|poke|p1|Ferrothorn, F
|poke|p1|Starmie
|poke|p1|Landorus-Therian, M
|poke|p2|Salamence, M
|poke|p2|Landorus-Therian, M
|poke|p2|Rotom-Wash
|poke|p2|Heatran, M
|poke|p2|Azumarill, F
|poke|p2|Breloom, M
|rule|Swagger Clause: Swagger is banned
|rule|Baton Pass Clause: Limit one PokÃ©mon knowing Baton Pass
|teampreview
|
|start
|switch|p1a: Landorus-Therian|Landorus-Therian, M|320\/320
|switch|p2a: Rotom-Wash|Rotom-Wash|304\/304
|-ability|p1a: Landorus-Therian|Intimidate|[of] p2a: Rotom-Wash
|-unboost|p2a: Rotom-Wash|atk|1
|turn|1
|
|move|p1a: Landorus-Therian|U-turn|p2a: Rotom-Wash
|-damage|p2a: Rotom-Wash|242\/304
|
|switch|p1a: Ferrothorn|Ferrothorn, F|352\/352
|move|p2a: Rotom-Wash|Volt Switch|p1a: Ferrothorn
|-resisted|p1a: Ferrothorn
|-damage|p1a: Ferrothorn|316\/352
|
|switch|p2a: Breloom|Breloom, M|279\/279
|
|-heal|p1a: Ferrothorn|338\/352|[from] item: Leftovers
|-status|p2a: Breloom|tox|[from] item: Toxic Orb
|turn|2
|
|move|p2a: Breloom|Substitute|p2a: Breloom
|-start|p2a: Breloom|Substitute
|-damage|p2a: Breloom|210\/279 tox
|move|p1a: Ferrothorn|Stealth Rock|p2a: Breloom
|-sidestart|p2: Max Speed Mandibuz|move: Stealth Rock
|
|-heal|p1a: Ferrothorn|352\/352|[from] item: Leftovers
|-heal|p2a: Breloom|244\/279 tox|[from] ability: Poison Heal
|turn|3
|
|-singleturn|p2a: Breloom|move: Focus Punch
|move|p1a: Ferrothorn|Spikes|p2a: Breloom
|-sidestart|p2: Max Speed Mandibuz|Spikes
|move|p2a: Breloom|Focus Punch|p1a: Ferrothorn
|-supereffective|p1a: Ferrothorn
|-damage|p1a: Ferrothorn|10\/352
|-damage|p2a: Breloom|210\/279 tox|[from] ability: Iron Barbs|[of] p1a: Ferrothorn
|
|-heal|p1a: Ferrothorn|32\/352|[from] item: Leftovers
|-heal|p2a: Breloom|244\/279 tox|[from] ability: Poison Heal
|turn|4
|
|switch|p1a: Starmie|Starmie|262\/262
|move|p2a: Breloom|Seed Bomb|p1a: Starmie
|-supereffective|p1a: Starmie
|-damage|p1a: Starmie|0 fnt
|faint|p1a: Starmie
|
|-heal|p2a: Breloom|278\/279 tox|[from] ability: Poison Heal
|
|switch|p1a: Landorus-Therian|Landorus-Therian, M|320\/320
|-activate|p2a: Breloom|Substitute|ability: Intimidate|[of] p1a: Landorus-Therian
|turn|5
|
|move|p1a: Landorus-Therian|U-turn|p2a: Breloom
|-end|p2a: Breloom|Substitute
|
|switch|p1a: Talonflame|Talonflame, F|298\/298
|move|p2a: Breloom|Spore|p1a: Talonflame
|-status|p1a: Talonflame|slp
|
|-heal|p2a: Breloom|279\/279 tox|[from] ability: Poison Heal
|turn|6
|
|switch|p1a: Ferrothorn|Ferrothorn, F|32\/352
|move|p2a: Breloom|Substitute|p2a: Breloom
|-start|p2a: Breloom|Substitute
|-damage|p2a: Breloom|210\/279 tox
|
|-heal|p1a: Ferrothorn|54\/352|[from] item: Leftovers
|-heal|p2a: Breloom|244\/279 tox|[from] ability: Poison Heal
|turn|7
|
|move|p2a: Breloom|Seed Bomb|p1a: Ferrothorn
|-resisted|p1a: Ferrothorn
|-damage|p1a: Ferrothorn|30\/352
|move|p1a: Ferrothorn|Spikes|p2a: Breloom
|-sidestart|p2: Max Speed Mandibuz|Spikes
|
|-heal|p1a: Ferrothorn|52\/352|[from] item: Leftovers
|-heal|p2a: Breloom|278\/279 tox|[from] ability: Poison Heal
|turn|8
|
|-singleturn|p2a: Breloom|move: Focus Punch
|move|p1a: Ferrothorn|Spikes|p2a: Breloom
|-sidestart|p2: Max Speed Mandibuz|Spikes
|move|p2a: Breloom|Focus Punch|p1a: Ferrothorn
|-supereffective|p1a: Ferrothorn
|-damage|p1a: Ferrothorn|0 fnt
|-damage|p2a: Breloom|244\/279 tox|[from] ability: Iron Barbs|[of] p1a: Ferrothorn
|faint|p1a: Ferrothorn
|
|-heal|p2a: Breloom|278\/279 tox|[from] ability: Poison Heal
|
|switch|p1a: Landorus-Therian|Landorus-Therian, M|320\/320
|-activate|p2a: Breloom|Substitute|ability: Intimidate|[of] p1a: Landorus-Therian
|turn|9
|
|move|p1a: Landorus-Therian|U-turn|p2a: Breloom
|-end|p2a: Breloom|Substitute
|
|switch|p1a: Altaria|Altaria, F|291\/291
|-ability|p1a: Altaria|Cloud Nine
|move|p2a: Breloom|Seed Bomb|p1a: Altaria
|-resisted|p1a: Altaria
|-damage|p1a: Altaria|241\/291
|
|-heal|p2a: Breloom|279\/279 tox|[from] ability: Poison Heal
|turn|10
|
|switch|p2a: Heatran|Heatran, M|323\/323
|-damage|p2a: Heatran|243\/323|[from] Spikes
|-damage|p2a: Heatran|203\/323|[from] Stealth Rock
|detailschange|p1a: Altaria|Altaria-Mega, F
|message|Altaria has Mega Evolved into Mega Altaria!
|move|p1a: Altaria|Dragon Dance|p1a: Altaria
|-boost|p1a: Altaria|atk|1
|-boost|p1a: Altaria|spe|1
|
|turn|11
|
|move|p2a: Heatran|Flash Cannon|p1a: Altaria
|-supereffective|p1a: Altaria
|-damage|p1a: Altaria|0 fnt
|faint|p1a: Altaria
|
|-message|dukevesper forfeited.
|
|win|Max Speed Mandibuz
|raw|Ladder updating...
|leave|dukevesper
|player|p1
|raw|dukevesper's rating: 1378 &rarr; <strong>1357<\/strong><br \/>(-21 for losing)
|raw|Max Speed Mandibuz's rating: 1366 &rarr; <strong>1387<\/strong><br \/>(+21 for winning)