|join|Fusion Samurai
|join|dukevesper
|player|p1|Fusion Samurai|160
|player|p2|dukevesper|290
|gametype|singles
|gen|6
|tier|OU
|clearpoke
|poke|p1|Bisharp, F, shiny
|poke|p1|Landorus-Therian, M
|poke|p1|Slowbro, M, shiny
|poke|p1|Talonflame, F
|poke|p1|Keldeo
|poke|p1|Latias, F
|poke|p2|Aerodactyl, M
|poke|p2|Azumarill, F
|poke|p2|Magnezone
|poke|p2|Mew
|poke|p2|Breloom, F
|poke|p2|Landorus-Therian, M
|rule|Swagger Clause: Swagger is banned
|rule|Baton Pass Clause: Limit one PokÃ©mon knowing Baton Pass
|rule|Sleep Clause Mod: Limit one foe put to sleep
|rule|Species Clause: Limit one of each PokÃ©mon
|rule|OHKO Clause: OHKO moves are banned
|rule|Moody Clause: Moody is banned
|rule|Evasion Moves Clause: Evasion moves are banned
|rule|Endless Battle Clause: Forcing endless battles is banned
|rule|HP Percentage Mod: HP is shown in percentages
|teampreview
|
|start
|switch|p1a: Landorus-Therian|Landorus-Therian, M|382\/382
|switch|p2a: Azumarill|Azumarill, F|404\/404
|-ability|p1a: Landorus-Therian|Intimidate|[of] p2a: Azumarill
|-unboost|p2a: Azumarill|atk|1
|turn|1
|
|switch|p1a: Slowbro|Slowbro, M, shiny|394\/394
|move|p2a: Azumarill|Waterfall|p1a: Slowbro
|-resisted|p1a: Slowbro
|-damage|p1a: Slowbro|353\/394
|
|turn|2
|
|switch|p2a: Mew|Mew|404\/404
|switch|p1a: Landorus-Therian|Landorus-Therian, M|382\/382
|-ability|p1a: Landorus-Therian|Intimidate|[of] p2a: Mew
|-unboost|p2a: Mew|atk|1
|
|turn|3
|
|move|p2a: Mew|Knock Off|p1a: Landorus-Therian
|-damage|p1a: Landorus-Therian|325\/382
|-enditem|p1a: Landorus-Therian|Leftovers|[from] move: Knock Off|[of] p2a: Mew
|move|p1a: Landorus-Therian|Knock Off|p2a: Mew
|-supereffective|p2a: Mew
|-damage|p2a: Mew|202\/404
|-enditem|p2a: Mew|Leftovers|[from] move: Knock Off|[of] p1a: Landorus-Therian
|
|turn|4
|
|switch|p1a: Keldeo|Keldeo|350\/350
|move|p2a: Mew|Taunt|p1a: Keldeo
|-start|p1a: Keldeo|move: Taunt
|
|turn|5
|
|move|p1a: Keldeo|Hydro Pump|p2a: Mew
|-damage|p2a: Mew|21\/404
|move|p2a: Mew|Soft-Boiled|p2a: Mew
|-heal|p2a: Mew|223\/404
|
|turn|6
|
|move|p1a: Keldeo|Hydro Pump|p2a: Mew|[miss]
|-miss|p1a: Keldeo|p2a: Mew
|move|p2a: Mew|Soft-Boiled|p2a: Mew
|-heal|p2a: Mew|404\/404
|
|turn|7
|
|switch|p1a: Slowbro|Slowbro, M, shiny|394\/394
|switch|p2a: Magnezone|Magnezone|344\/344
|
|turn|8
|
|switch|p1a: Latias|Latias, F|364\/364
|move|p2a: Magnezone|Volt Switch|p1a: Latias
|-resisted|p1a: Latias
|-damage|p1a: Latias|297\/364
|
|switch|p2a: Azumarill|Azumarill, F|404\/404
|
|-heal|p1a: Latias|319\/364|[from] item: Leftovers
|turn|9
|
|switch|p1a: Landorus-Therian|Landorus-Therian, M|325\/382
|-ability|p1a: Landorus-Therian|Intimidate|[of] p2a: Azumarill
|-unboost|p2a: Azumarill|atk|1
|move|p2a: Azumarill|Knock Off|p1a: Landorus-Therian
|-damage|p1a: Landorus-Therian|252\/382
|
|turn|10
|
|move|p1a: Landorus-Therian|Knock Off|p2a: Azumarill
|-resisted|p2a: Azumarill
|-damage|p2a: Azumarill|328\/404
|-enditem|p2a: Azumarill|Assault Vest|[from] move: Knock Off|[of] p1a: Landorus-Therian
|move|p2a: Azumarill|Waterfall|p1a: Landorus-Therian
|-supereffective|p1a: Landorus-Therian
|-damage|p1a: Landorus-Therian|4\/382
|
|turn|11
|
|switch|p1a: Slowbro|Slowbro, M, shiny|394\/394
|move|p2a: Azumarill|Play Rough|p1a: Slowbro
|-damage|p1a: Slowbro|307\/394
|-unboost|p1a: Slowbro|atk|1
|
|turn|12
|
|switch|p1a: Landorus-Therian|Landorus-Therian, M|4\/382
|-ability|p1a: Landorus-Therian|Intimidate|[of] p2a: Azumarill
|-unboost|p2a: Azumarill|atk|1
|move|p2a: Azumarill|Knock Off|p1a: Landorus-Therian
|-damage|p1a: Landorus-Therian|0 fnt
|faint|p1a: Landorus-Therian
|
|
|switch|p1a: Bisharp|Bisharp, F, shiny|334\/334
|turn|13
|
|move|p1a: Bisharp|Swords Dance|p1a: Bisharp
|-boost|p1a: Bisharp|atk|2
|move|p2a: Azumarill|Play Rough|p1a: Bisharp
|-damage|p1a: Bisharp|241\/334
|
|turn|14
|
|move|p1a: Bisharp|Swords Dance|p1a: Bisharp
|-boost|p1a: Bisharp|atk|2
|move|p2a: Azumarill|Play Rough|p1a: Bisharp
|-crit|p1a: Bisharp
|-damage|p1a: Bisharp|0 fnt
|faint|p1a: Bisharp
|
|leave|Fusion Samurai
|player|p1
|-message|Player 1 lost due to inactivity.
|
|win|dukevesper