|join|dukevesper
|join|Noppy666
|player|p1|dukevesper|290
|player|p2|Noppy666|170
|gametype|singles
|gen|6
|tier|OU
|rated
|clearpoke
|poke|p1|Garchomp, M
|poke|p1|Breloom, M
|poke|p1|Greninja, F
|poke|p1|Diggersby, M
|poke|p1|Thundurus, M
|poke|p1|Clefable, M
|poke|p2|Heracross, M
|poke|p2|Heatran, M
|poke|p2|Slowbro, F
|poke|p2|Landorus-Therian, M
|poke|p2|Ditto
|poke|p2|Rotom
|rule|Swagger Clause: Swagger is banned
|rule|Baton Pass Clause: Limit one PokÃ©mon knowing Baton Pass
|rule|Sleep Clause Mod: Limit one foe put to sleep
|rule|Species Clause: Limit one of each PokÃ©mon
|rule|OHKO Clause: OHKO moves are banned
|rule|Moody Clause: Moody is banned
|rule|Evasion Moves Clause: Evasion moves are banned
|rule|Endless Battle Clause: Forcing endless battles is banned
|rule|HP Percentage Mod: HP is shown in percentages
|teampreview
|chat|dukevesper|normal rotom :]
|
|start
|switch|p1a: Greninja|Greninja, F|286\/286
|switch|p2a: Ditto|Ditto|258\/258
|-transform|p2a: Ditto|p1a: Greninja
|turn|1
|c|âdukevesper|!dt kabutops
|c|~|\/data-pokemon Kabutops
|raw|<font size="1"><font color=#585858>Dex#:<\/font> 141&nbsp;|&ThickSpace;<font color=#585858>Height:<\/font> 1.3 m&nbsp;|&ThickSpace;<font color=#585858>Weight:<\/font> 40.5 kg <em>(60 BP)<\/em>&nbsp;|&ThickSpace;<font color=#585858>Dex Colour:<\/font> Brown&nbsp;|&ThickSpace;<font color=#585858>Egg Group(s):<\/font> Water 1, Water 3&nbsp;|&ThickSpace;<font color=#585858><font color=#585858>Does Not Evolve<\/font><\/font><\/font>
|
|move|p2a: Ditto|Dark Pulse|p1a: Greninja
|-start|p2a: Ditto|typechange|Dark|[from] Protean
|-resisted|p1a: Greninja
|-damage|p1a: Greninja|210\/286
|cant|p1a: Greninja|flinch
|
|turn|2
|
|move|p2a: Ditto|Dark Pulse|p1a: Greninja
|-resisted|p1a: Greninja
|-damage|p1a: Greninja|132\/286
|move|p1a: Greninja|Hydro Pump|p2a: Ditto|[miss]
|-start|p1a: Greninja|typechange|Water|[from] Protean
|-miss|p1a: Greninja|p2a: Ditto
|
|turn|3
|chat|dukevesper|;-;
|
|move|p2a: Ditto|Dark Pulse|p1a: Greninja
|-damage|p1a: Greninja|0 fnt
|faint|p1a: Greninja
|
|chat|dukevesper|the hax are too real
|
|switch|p1a: Clefable|Clefable, M|394\/394
|turn|4
|
|switch|p2a: Heatran|Heatran, M|386\/386
|switch|p1a: Breloom|Breloom, M|262\/262
|
|turn|5
|
|move|p1a: Breloom|Spore|p2a: Heatran
|-status|p2a: Heatran|slp
|cant|p2a: Heatran|slp
|
|turn|6
|
|switch|p2a: Landorus-Therian|Landorus-Therian, M|320\/320
|-ability|p2a: Landorus-Therian|Intimidate|[of] p1a: Breloom
|-unboost|p1a: Breloom|atk|1
|move|p1a: Breloom|Swords Dance|p1a: Breloom
|-boost|p1a: Breloom|atk|2
|
|turn|7
|
|move|p2a: Landorus-Therian|Stealth Rock|p1a: Breloom
|-sidestart|p1: dukevesper|move: Stealth Rock
|move|p1a: Breloom|Bullet Seed|p2a: Landorus-Therian
|-damage|p2a: Landorus-Therian|220\/320
|-damage|p2a: Landorus-Therian|118\/320
|-damage|p2a: Landorus-Therian|18\/320
|-hitcount|p2a: Landorus-Therian|3
|
|turn|8
|
|move|p2a: Landorus-Therian|Earthquake|p1a: Breloom
|-resisted|p1a: Breloom
|-damage|p1a: Breloom|90\/262
|-damage|p2a: Landorus-Therian|0 fnt|[from] item: Life Orb
|faint|p2a: Landorus-Therian
|move|p1a: Breloom|Bullet Seed|p2: Landorus-Therian|[notarget]
|-notarget
|
|
|switch|p2a: Ditto|Ditto|258\/258
|-transform|p2a: Ditto|p1a: Breloom
|turn|9
|chat|dukevesper|hm, i thought i clicked mach punch
|
|switch|p1a: Garchomp|Garchomp, M|420\/420
|-damage|p1a: Garchomp|394\/420|[from] Stealth Rock
|move|p2a: Ditto|Bullet Seed|p1a: Garchomp
|-damage|p1a: Garchomp|300\/420
|-damage|p1a: Garchomp|188\/420
|-damage|p1a: Garchomp|94\/420
|-damage|p1a: Garchomp|0 fnt
|-hitcount|p1a: Garchomp|4
|faint|p1a: Garchomp
|
|
|switch|p1a: Thundurus|Thundurus, M|300\/300
|-damage|p1a: Thundurus|225\/300|[from] Stealth Rock
|turn|10
|
|switch|p2a: Heatran|Heatran, M|386\/386 slp
|move|p1a: Thundurus|Thunder Wave|p2a: Heatran
|-fail|p2a: Heatran
|
|turn|11
|
|move|p1a: Thundurus|Focus Blast|p2a: Heatran|[miss]
|-miss|p1a: Thundurus|p2a: Heatran
|-curestatus|p2a: Heatran|slp
|move|p2a: Heatran|Lava Plume|p1a: Thundurus
|-crit|p1a: Thundurus
|-damage|p1a: Thundurus|0 fnt
|faint|p1a: Thundurus
|
|chat|dukevesper|why am i getting haxed so badly oml
|
|switch|p1a: Diggersby|Diggersby, M|311\/311
|-damage|p1a: Diggersby|292\/311|[from] Stealth Rock
|turn|12
|
|switch|p2a: Slowbro|Slowbro, F|394\/394
|move|p1a: Diggersby|U-turn|p2a: Slowbro
|-supereffective|p2a: Slowbro
|-damage|p2a: Slowbro|260\/394
|
|switch|p1a: Breloom|Breloom, M|90\/262
|-damage|p1a: Breloom|74\/262|[from] Stealth Rock
|
|-heal|p2a: Slowbro|284\/394|[from] item: Leftovers
|turn|13
|
|switch|p2a: Ditto|Ditto|258\/258
|-transform|p2a: Ditto|p1a: Breloom
|move|p1a: Breloom|Bullet Seed|p2a: Ditto
|-resisted|p2a: Ditto
|-damage|p2a: Ditto|219\/258
|-resisted|p2a: Ditto
|-damage|p2a: Ditto|176\/258
|-resisted|p2a: Ditto
|-damage|p2a: Ditto|136\/258
|-hitcount|p2a: Ditto|3
|
|turn|14
|
|move|p1a: Breloom|Mach Punch|p2a: Ditto
|-crit|p2a: Ditto
|-damage|p2a: Ditto|0 fnt
|faint|p2a: Ditto
|
|
|switch|p2a: Rotom|Rotom|304\/304
|turn|15
|
|switch|p1a: Diggersby|Diggersby, M|292\/311
|-damage|p1a: Diggersby|273\/311|[from] Stealth Rock
|move|p2a: Rotom|Reflect|p2a: Rotom
|-sidestart|p2: Noppy666|Reflect
|
|turn|16
|chat|dukevesper|i forgot this was a ghost type xD
|
|switch|p1a: Clefable|Clefable, M|394\/394
|move|p2a: Rotom|Will-O-Wisp|p1a: Clefable
|-status|p1a: Clefable|brn
|
|turn|17
|
|switch|p2a: Heatran|Heatran, M|386\/386
|move|p1a: Clefable|Cosmic Power|p1a: Clefable
|-boost|p1a: Clefable|def|1
|-boost|p1a: Clefable|spd|1
|
|turn|18
|
|move|p2a: Heatran|Flash Cannon|p1a: Clefable
|-supereffective|p1a: Clefable
|-damage|p1a: Clefable|50\/394 brn
|move|p1a: Clefable|Cosmic Power|p1a: Clefable
|-boost|p1a: Clefable|def|1
|-boost|p1a: Clefable|spd|1
|
|-heal|p1a: Clefable|74\/394 brn|[from] item: Leftovers
|turn|19
|
|switch|p1a: Diggersby|Diggersby, M|273\/311
|-damage|p1a: Diggersby|254\/311|[from] Stealth Rock
|move|p2a: Heatran|Flash Cannon|p1a: Diggersby
|-damage|p1a: Diggersby|0 fnt
|faint|p1a: Diggersby
|
|chat|dukevesper|hello that killed
|
|switch|p1a: Clefable|Clefable, M|74\/394 brn
|turn|20
|
|move|p2a: Heatran|Flash Cannon|p1a: Clefable
|-supereffective|p1a: Clefable
|-damage|p1a: Clefable|0 fnt
|faint|p1a: Clefable
|
|
|switch|p1a: Breloom|Breloom, M|74\/262
|-damage|p1a: Breloom|58\/262|[from] Stealth Rock
|turn|21
|
|move|p1a: Breloom|Spore|p2a: Heatran
|-status|p2a: Heatran|slp
|cant|p2a: Heatran|slp
|
|turn|22
|
|switch|p2a: Rotom|Rotom|304\/304
|move|p1a: Breloom|Swords Dance|p1a: Breloom
|-boost|p1a: Breloom|atk|2
|
|-sideend|p2: Noppy666|Reflect
|turn|23
|
|move|p1a: Breloom|Bullet Seed|p2a: Rotom
|-damage|p2a: Rotom|132\/304
|-damage|p2a: Rotom|0 fnt
|-hitcount|p2a: Rotom|2
|faint|p2a: Rotom
|
|
|switch|p2a: Heracross|Heracross, M|302\/302
|turn|24
|
|move|p2a: Heracross|Close Combat|p1a: Breloom
|-damage|p1a: Breloom|0 fnt
|-unboost|p2a: Heracross|def|1
|-unboost|p2a: Heracross|spd|1
|faint|p1a: Breloom
|
|win|Noppy666
|raw|Ladder updating...
|raw|dukevesper's rating: 1558 &rarr; <strong>1532<\/strong><br \/>(-26 for losing)
|raw|Noppy666's rating: 1441 &rarr; <strong>1467<\/strong><br \/>(+26 for winning)
|chat|dukevesper|gg
|leave|dukevesper
|player|p1