|join|dukevesper
|join|jopy25
|player|p1|dukevesper|290
|player|p2|jopy25|265
|gametype|singles
|gen|6
|tier|OU
|rated
|clearpoke
|poke|p1|Gardevoir, F, shiny
|poke|p1|Landorus-Therian, M, shiny
|poke|p1|Gyarados, M
|poke|p1|Latios, M
|poke|p1|Talonflame, M
|poke|p1|Tyranitar, M
|poke|p2|Marowak, M
|poke|p2|Scolipede, M
|poke|p2|Durant, M
|poke|p2|Gothitelle, F
|poke|p2|Heracross, F
|poke|p2|Dugtrio, M
|rule|Swagger Clause: Swagger is banned
|rule|Baton Pass Clause: Limit one PokÃ©mon knowing Baton Pass
|rule|Sleep Clause Mod: Limit one foe put to sleep
|rule|Species Clause: Limit one of each PokÃ©mon
|rule|OHKO Clause: OHKO moves are banned
|rule|Moody Clause: Moody is banned
|rule|Evasion Moves Clause: Evasion moves are banned
|rule|Endless Battle Clause: Forcing endless battles is banned
|rule|HP Percentage Mod: HP is shown in percentages
|teampreview
|c|âdukevesper|trap team
|
|start
|switch|p1a: Megure|Landorus-Therian, M, shiny|382\/382
|switch|p2a: Scolipede|Scolipede, M|324\/324
|-ability|p1a: Megure|Intimidate|[of] p2a: Scolipede
|-unboost|p2a: Scolipede|atk|1
|turn|1
|
|move|p2a: Scolipede|Swords Dance|p2a: Scolipede
|-boost|p2a: Scolipede|atk|2
|move|p1a: Megure|Stealth Rock|p2a: Scolipede
|-sidestart|p2: jopy25|move: Stealth Rock
|
|-boost|p2a: Scolipede|spe|1|[from] ability: Speed Boost
|turn|2
|
|move|p2a: Scolipede|Swords Dance|p2a: Scolipede
|-boost|p2a: Scolipede|atk|2
|move|p1a: Megure|Earthquake|p2a: Scolipede
|-damage|p2a: Scolipede|149\/324
|
|-boost|p2a: Scolipede|spe|1|[from] ability: Speed Boost
|turn|3
|
|move|p2a: Scolipede|Substitute|p2a: Scolipede
|-start|p2a: Scolipede|Substitute
|-damage|p2a: Scolipede|68\/324
|move|p1a: Megure|Earthquake|p2a: Scolipede
|-end|p2a: Scolipede|Substitute
|
|-boost|p2a: Scolipede|spe|1|[from] ability: Speed Boost
|turn|4
|
|move|p2a: Scolipede|Baton Pass|p2a: Scolipede
|
|switch|p2a: Marowak|Marowak, M|275\/275
|-damage|p2a: Marowak|258\/275|[from] Stealth Rock
|move|p1a: Megure|U-turn|p2a: Marowak
|-damage|p2a: Marowak|164\/275
|
|switch|p1a: TOASTY!|Talonflame, M|298\/298
|
|turn|5
|
|move|p1a: TOASTY!|Brave Bird|p2a: Marowak
|-damage|p2a: Marowak|0 fnt
|-damage|p1a: TOASTY!|244\/298|[from] recoil|[of] p2a: Marowak
|faint|p2a: Marowak
|
|c|âdukevesper|that was a cute attempt
|c|âjopy25|lol
|c|âjopy25|ur using the term extremely loosely
|
|switch|p2a: Dugtrio|Dugtrio, M|212\/212
|-damage|p2a: Dugtrio|199\/212|[from] Stealth Rock
|turn|6
|
|switch|p1a: Megure|Landorus-Therian, M, shiny|382\/382
|-ability|p1a: Megure|Intimidate|[of] p2a: Dugtrio
|-unboost|p2a: Dugtrio|atk|1
|move|p2a: Dugtrio|Stone Edge|p1a: Megure|[miss]
|-miss|p2a: Dugtrio|p1a: Megure
|
|turn|7
|
|move|p2a: Dugtrio|Hone Claws|p2a: Dugtrio
|-boost|p2a: Dugtrio|atk|1
|-boost|p2a: Dugtrio|accuracy|1
|move|p1a: Megure|U-turn|p2a: Dugtrio
|-damage|p2a: Dugtrio|19\/212
|
|switch|p1a: TOASTY!|Talonflame, M|244\/298
|
|turn|8
|
|move|p1a: TOASTY!|Brave Bird|p2a: Dugtrio
|-damage|p2a: Dugtrio|0 fnt
|-damage|p1a: TOASTY!|238\/298|[from] recoil|[of] p2a: Dugtrio
|faint|p2a: Dugtrio
|
|
|switch|p2a: Heracross|Heracross, F|311\/311
|-damage|p2a: Heracross|273\/311|[from] Stealth Rock
|turn|9
|
|detailschange|p2a: Heracross|Heracross-Mega, F
|message|Heracross has Mega Evolved into Mega Heracross!
|move|p1a: TOASTY!|Brave Bird|p2a: Heracross
|-supereffective|p2a: Heracross
|-damage|p2a: Heracross|0 fnt
|-damage|p1a: TOASTY!|148\/298|[from] recoil|[of] p2a: Heracross
|faint|p2a: Heracross
|
|
|switch|p2a: Scolipede|Scolipede, M|68\/324
|-damage|p2a: Scolipede|0 fnt|[from] Stealth Rock
|faint|p2a: Scolipede
|
|switch|p2a: Durant|Durant, M|226\/226
|-damage|p2a: Durant|198\/226|[from] Stealth Rock
|turn|10
|
|move|p1a: TOASTY!|Roost|p1a: TOASTY!
|-heal|p1a: TOASTY!|297\/298
|move|p2a: Durant|Entrainment|p1a: TOASTY!
|-ability|p1a: TOASTY!|truant|[from] move: Entrainment
|
|turn|11
|
|cant|p2a: Durant|ability: Truant|Entrainment
|move|p1a: TOASTY!|Flare Blitz|p2a: Durant
|-supereffective|p2a: Durant
|-damage|p2a: Durant|0 fnt
|-damage|p1a: TOASTY!|232\/298|[from] recoil|[of] p2a: Durant
|faint|p2a: Durant
|
|
|switch|p2a: Gothitelle|Gothitelle, F|286\/286
|-damage|p2a: Gothitelle|251\/286|[from] Stealth Rock
|turn|12
|
|cant|p1a: TOASTY!|ability: Truant|Brave Bird
|move|p2a: Gothitelle|Calm Mind|p2a: Gothitelle
|-boost|p2a: Gothitelle|spa|1
|-boost|p2a: Gothitelle|spd|1
|
|turn|13
|
|move|p2a: Gothitelle|Protect|p2a: Gothitelle
|-singleturn|p2a: Gothitelle|Protect
|move|p1a: TOASTY!|Brave Bird|p2a: Gothitelle
|-activate|p2a: Gothitelle|Protect
|
|turn|14
|
|cant|p1a: TOASTY!|ability: Truant|Brave Bird
|move|p2a: Gothitelle|Calm Mind|p2a: Gothitelle
|-boost|p2a: Gothitelle|spa|1
|-boost|p2a: Gothitelle|spd|1
|
|turn|15
|
|move|p2a: Gothitelle|Protect|p2a: Gothitelle
|-singleturn|p2a: Gothitelle|Protect
|move|p1a: TOASTY!|Brave Bird|p2a: Gothitelle
|-activate|p2a: Gothitelle|Protect
|
|turn|16
|
|cant|p1a: TOASTY!|ability: Truant|Brave Bird
|move|p2a: Gothitelle|Calm Mind|p2a: Gothitelle
|-boost|p2a: Gothitelle|spa|1
|-boost|p2a: Gothitelle|spd|1
|
|turn|17
|
|move|p2a: Gothitelle|Protect|p2a: Gothitelle
|-singleturn|p2a: Gothitelle|Protect
|move|p1a: TOASTY!|Brave Bird|p2a: Gothitelle
|-activate|p2a: Gothitelle|Protect
|
|turn|18
|
|cant|p1a: TOASTY!|ability: Truant|Brave Bird
|move|p2a: Gothitelle|Calm Mind|p2a: Gothitelle
|-boost|p2a: Gothitelle|spa|1
|-boost|p2a: Gothitelle|spd|1
|
|turn|19
|-message|jopy25 forfeited.
|
|win|dukevesper
|raw|Ladder updating...
|leave|jopy25
|player|p2
|raw|dukevesper's rating: 1590 &rarr; <strong>1609<\/strong><br \/>(+19 for winning)
|raw|jopy25's rating: 1583 &rarr; <strong>1563<\/strong><br \/>(-20 for losing)