|join|NoobCity
|join|dukevesper
|player|p1|NoobCity|80
|player|p2|dukevesper|101
|gametype|singles
|gen|6
|tier|OU
|rated
|clearpoke
|poke|p1|Manectric, M
|poke|p1|Latias, F, shiny
|poke|p1|Gliscor, M, shiny
|poke|p1|Greninja, M
|poke|p1|Azumarill, M
|poke|p1|Aegislash, M
|poke|p2|Tyranitar, F
|poke|p2|Excadrill, F
|poke|p2|Gyarados, M
|poke|p2|Keldeo
|poke|p2|Talonflame, M
|poke|p2|Latios, M
|rule|Sleep Clause Mod: Limit one foe put to sleep
|rule|Species Clause: Limit one of each Pokemon
|rule|OHKO Clause: OHKO moves are banned
|rule|Moody Clause: Moody is banned
|rule|Evasion Moves Clause: Evasion moves are banned
|rule|Endless Battle Clause: Forcing endless battles is banned.
|rule|HP Percentage Mod: HP is reported as percentages
|teampreview
|chat|NoobCity|gl hf
|
|start
|switch|p1a: Filth|Gliscor, M, shiny|354\/354
|switch|p2a: Tyranitar|Tyranitar, F|341\/341
|-weather|Sandstorm
|turn|1
|chat|dukevesper|u2
|
|move|p1a: Filth|Toxic|p2a: Tyranitar
|-status|p2a: Tyranitar|tox
|move|p2a: Tyranitar|Ice Beam|p1a: Filth
|-supereffective|p1a: Filth
|-damage|p1a: Filth|0 fnt
|faint|p1a: Filth
|
|-weather|Sandstorm|[upkeep]
|-damage|p2a: Tyranitar|320\/341 tox|[from] psn
|
|switch|p1a: Azumarill|Azumarill, M|341\/341
|turn|2
|
|switch|p2a: Gyarados|Gyarados, M|332\/332
|-ability|p2a: Gyarados|Intimidate|[of] p1a: Azumarill
|-unboost|p1a: Azumarill|atk|1
|move|p1a: Azumarill|Belly Drum|p1a: Azumarill
|-damage|p1a: Azumarill|171\/341
|-setboost|p1a: Azumarill|atk|6|[from] move: Belly Drum
|
|-weather|Sandstorm|[upkeep]
|-damage|p2a: Gyarados|312\/332|[from] sandstorm
|-damage|p1a: Azumarill|150\/341|[from] sandstorm
|-enditem|p1a: Azumarill|Sitrus Berry|[eat]
|-heal|p1a: Azumarill|235\/341|[from] item: Sitrus Berry
|turn|3
|
|move|p2a: Gyarados|Earthquake|p1a: Azumarill
|-damage|p1a: Azumarill|93\/341
|move|p1a: Azumarill|Frustration|p2a: Gyarados
|-damage|p2a: Gyarados|0 fnt
|faint|p2a: Gyarados
|
|-weather|Sandstorm|[upkeep]
|-damage|p1a: Azumarill|72\/341|[from] sandstorm
|
|switch|p2a: Keldeo|Keldeo|323\/323
|turn|4
|chat|dukevesper|my team hates bellyjet azu
|
|switch|p1a: Latiass|Latias, F, shiny|319\/319
|move|p2a: Keldeo|Hydro Pump|p1a: Latiass
|-resisted|p1a: Latiass
|-damage|p1a: Latiass|214\/319
|-damage|p2a: Keldeo|291\/323|[from] item: Life Orb
|
|-weather|Sandstorm|[upkeep]
|-damage|p1a: Latiass|195\/319|[from] sandstorm
|-damage|p2a: Keldeo|271\/323|[from] sandstorm
|turn|5
|chat|NoobCity|nah LOL u got keldeo talon gyara
|chat|NoobCity|even lati resists. not sure if it can live tho
|
|switch|p1a: Slippy|Greninja, M|287\/287
|move|p2a: Keldeo|Icy Wind|p1a: Slippy
|-resisted|p1a: Slippy
|-damage|p1a: Slippy|249\/287
|-unboost|p1a: Slippy|spe|1
|-damage|p2a: Keldeo|239\/323|[from] item: Life Orb
|
|-weather|none
|turn|6
|chat|NoobCity|nice
|chat|dukevesper|keldeo cant ohko azu retaliates with play rough
|chat|dukevesper|talon dies from aqua jet
|chat|NoobCity|talons brave bird out speeds
|chat|NoobCity|if banded, it kills
|chat|dukevesper|gyarados cant ohko dies or do much dies
|chat|NoobCity|at least with a turn or 2 from sandstorm
|chat|dukevesper|mines not banded
|chat|NoobCity|keldeo lati gyara all resist aqua
|chat|dukevesper|4 atk evs
|chat|NoobCity|so with 2 mons u can kill
|chat|NoobCity|oh lmao
|chat|NoobCity|bulk up set?
|chat|dukevesper|ye
|
|switch|p1a: Aegislash|Aegislash, M|323\/323
|move|p2a: Keldeo|Secret Sword|p1a: Aegislash
|-immune|p1a: Aegislash|[msg]
|
|turn|7
|
|switch|p2a: Talonflame|Talonflame, M|360\/360
|move|p1a: Aegislash|Substitute|p1a: Aegislash
|-start|p1a: Aegislash|Substitute
|-damage|p1a: Aegislash|243\/323
|
|-heal|p1a: Aegislash|263\/323|[from] item: Leftovers
|turn|8
|
|move|p2a: Talonflame|Brave Bird|p1a: Aegislash
|-resisted|p1a: Aegislash
|-activate|p1a: Aegislash|Substitute|[damage]
|-damage|p2a: Talonflame|346\/360|[from] recoil|[of] p1a: Aegislash
|-formechange|p1a: Aegislash|Aegislash-Blade
|move|p1a: Aegislash|Shadow Ball|p2a: Talonflame
|-damage|p2a: Talonflame|184\/360
|
|-heal|p2a: Talonflame|206\/360|[from] item: Leftovers
|-heal|p1a: Aegislash|283\/323|[from] item: Leftovers
|turn|9
|
|-formechange|p1a: Aegislash|Aegislash
|move|p1a: Aegislash|King's Shield|p1a: Aegislash
|-singleturn|p1a: Aegislash|Protect
|move|p2a: Talonflame|Brave Bird|p1a: Aegislash
|-activate|p1a: Aegislash|Protect
|-unboost|p2a: Talonflame|atk|2
|
|-heal|p2a: Talonflame|228\/360|[from] item: Leftovers
|-heal|p1a: Aegislash|303\/323|[from] item: Leftovers
|turn|10
|
|switch|p2a: Tyranitar|Tyranitar, F|320\/341 tox
|-weather|Sandstorm
|-formechange|p1a: Aegislash|Aegislash-Blade
|move|p1a: Aegislash|Shadow Ball|p2a: Tyranitar
|-resisted|p2a: Tyranitar
|-damage|p2a: Tyranitar|265\/341 tox
|
|-weather|Sandstorm|[upkeep]
|-heal|p1a: Aegislash|323\/323|[from] item: Leftovers
|-damage|p2a: Tyranitar|244\/341 tox|[from] psn
|turn|11
|
|switch|p2a: Talonflame|Talonflame, M|228\/360
|move|p1a: Aegislash|Sacred Sword|p2a: Talonflame
|-resisted|p2a: Talonflame
|-damage|p2a: Talonflame|158\/360
|
|-weather|Sandstorm|[upkeep]
|-damage|p2a: Talonflame|136\/360|[from] sandstorm
|-heal|p2a: Talonflame|158\/360|[from] item: Leftovers
|turn|12
|
|-formechange|p1a: Aegislash|Aegislash
|move|p1a: Aegislash|King's Shield|p1a: Aegislash
|-singleturn|p1a: Aegislash|Protect
|move|p2a: Talonflame|Roost|p2a: Talonflame
|-heal|p2a: Talonflame|338\/360
|
|-weather|Sandstorm|[upkeep]
|-damage|p2a: Talonflame|316\/360|[from] sandstorm
|-heal|p2a: Talonflame|338\/360|[from] item: Leftovers
|turn|13
|
|move|p2a: Talonflame|Bulk Up|p2a: Talonflame
|-boost|p2a: Talonflame|atk|1
|-boost|p2a: Talonflame|def|1
|-formechange|p1a: Aegislash|Aegislash-Blade
|move|p1a: Aegislash|Shadow Ball|p2a: Talonflame
|-damage|p2a: Talonflame|166\/360
|
|-weather|Sandstorm|[upkeep]
|-damage|p2a: Talonflame|144\/360|[from] sandstorm
|-heal|p2a: Talonflame|166\/360|[from] item: Leftovers
|turn|14
|
|move|p2a: Talonflame|Roost|p2a: Talonflame
|-heal|p2a: Talonflame|346\/360
|move|p1a: Aegislash|Shadow Ball|p2a: Talonflame
|-damage|p2a: Talonflame|193\/360
|
|-weather|none
|-heal|p2a: Talonflame|215\/360|[from] item: Leftovers
|turn|15
|
|move|p2a: Talonflame|Bulk Up|p2a: Talonflame
|-boost|p2a: Talonflame|atk|1
|-boost|p2a: Talonflame|def|1
|move|p1a: Aegislash|Shadow Ball|p2a: Talonflame
|-damage|p2a: Talonflame|53\/360
|
|-heal|p2a: Talonflame|75\/360|[from] item: Leftovers
|turn|16
|
|move|p2a: Talonflame|Roost|p2a: Talonflame
|-heal|p2a: Talonflame|255\/360
|move|p1a: Aegislash|Shadow Ball|p2a: Talonflame
|-damage|p2a: Talonflame|86\/360
|
|-heal|p2a: Talonflame|108\/360|[from] item: Leftovers
|turn|17
|
|move|p2a: Talonflame|Roost|p2a: Talonflame
|-heal|p2a: Talonflame|288\/360
|move|p1a: Aegislash|Shadow Ball|p2a: Talonflame
|-damage|p2a: Talonflame|119\/360
|-unboost|p2a: Talonflame|spd|1
|
|-heal|p2a: Talonflame|141\/360|[from] item: Leftovers
|turn|18
|chat|NoobCity|finally XD
|
|move|p2a: Talonflame|Brave Bird|p1a: Aegislash
|-resisted|p1a: Aegislash
|-end|p1a: Aegislash|Substitute
|-damage|p2a: Talonflame|128\/360|[from] recoil|[of] p1a: Aegislash
|move|p1a: Aegislash|Shadow Ball|p2a: Talonflame
|-damage|p2a: Talonflame|0 fnt
|faint|p2a: Talonflame
|
|
|switch|p2a: Excadrill|Excadrill, F|362\/362
|-item|p2a: Excadrill|Air Balloon
|turn|19
|
|switch|p1a: Latiass|Latias, F, shiny|195\/319
|move|p2a: Excadrill|Earthquake|p1a: Latiass
|-immune|p1a: Latiass|[msg]
|
|turn|20
|chat|dukevesper|dang i thought that was too obvious
|
|switch|p2a: Tyranitar|Tyranitar, F|244\/341 tox
|-weather|Sandstorm
|move|p1a: Latiass|Draco Meteor|p2a: Tyranitar
|-damage|p2a: Tyranitar|61\/341 tox
|-unboost|p1a: Latiass|spa|2
|-damage|p1a: Latiass|164\/319|[from] item: Life Orb
|
|-weather|Sandstorm|[upkeep]
|-damage|p1a: Latiass|145\/319|[from] sandstorm
|-damage|p2a: Tyranitar|40\/341 tox|[from] psn
|turn|21
|chat|NoobCity|it was my only option :P
|
|move|p1a: Latiass|Healing Wish|p1a: Latiass
|faint|p1a: Latiass
|move|p2a: Tyranitar|Fire Blast|p1: Latiass|[notarget]
|-notarget
|
|-weather|Sandstorm|[upkeep]
|-damage|p2a: Tyranitar|0 fnt|[from] psn
|faint|p2a: Tyranitar
|
|switch|p2a: Latios|Latios, M|302\/302
|switch|p1a: Azumarill|Azumarill, M|72\/341
|-heal|p1a: Azumarill|341\/341|[from] move: Healing Wish
|turn|22
|
|move|p2a: Latios|Thunderbolt|p1a: Azumarill
|-supereffective|p1a: Azumarill
|-damage|p1a: Azumarill|0 fnt
|faint|p1a: Azumarill
|
|-weather|Sandstorm|[upkeep]
|-damage|p2a: Latios|284\/302|[from] sandstorm
|chat|NoobCity|oh shit
|chat|NoobCity|i had a feeling it'd have tbolt
|chat|NoobCity|lol
|
|switch|p1a: Aegislash|Aegislash, M|323\/323
|turn|23
|
|switch|p2a: Excadrill|Excadrill, F|362\/362
|-item|p2a: Excadrill|Air Balloon
|move|p1a: Aegislash|Substitute|p1a: Aegislash
|-start|p1a: Aegislash|Substitute
|-damage|p1a: Aegislash|243\/323
|
|-weather|Sandstorm|[upkeep]
|-heal|p1a: Aegislash|263\/323|[from] item: Leftovers
|turn|24
|
|move|p1a: Aegislash|King's Shield|p1a: Aegislash
|-singleturn|p1a: Aegislash|Protect
|move|p2a: Excadrill|Earthquake|p1a: Aegislash
|-activate|p1a: Aegislash|Protect
|
|-weather|none
|-heal|p1a: Aegislash|283\/323|[from] item: Leftovers
|turn|25
|
|move|p2a: Excadrill|Earthquake|p1a: Aegislash
|-supereffective|p1a: Aegislash
|-end|p1a: Aegislash|Substitute
|-formechange|p1a: Aegislash|Aegislash-Blade
|move|p1a: Aegislash|Sacred Sword|p2a: Excadrill
|-supereffective|p2a: Excadrill
|-damage|p2a: Excadrill|78\/362
|-enditem|p2a: Excadrill|Air Balloon
|
|-heal|p1a: Aegislash|303\/323|[from] item: Leftovers
|turn|26
|chat|dukevesper|lol something is dying or getting close to dying now
|
|switch|p1a: H!Voltage|Manectric, M|287\/287
|move|p2a: Excadrill|Earthquake|p1a: H!Voltage
|-supereffective|p1a: H!Voltage
|-damage|p1a: H!Voltage|0 fnt
|faint|p1a: H!Voltage
|
|chat|NoobCity|yup
|
|switch|p1a: Slippy|Greninja, M|249\/287
|turn|27
|
|-start|p1a: Slippy|typechange|Water|[from] Protean
|move|p1a: Slippy|Scald|p2a: Excadrill
|-supereffective|p2a: Excadrill
|-damage|p2a: Excadrill|0 fnt
|faint|p2a: Excadrill
|
|
|switch|p2a: Latios|Latios, M|284\/302
|turn|28
|chat|NoobCity|obvious lead ttar with ice beam\/flamethrower too. im so dumb XD lost gliscor too early
|
|switch|p2a: Keldeo|Keldeo|239\/323
|-start|p1a: Slippy|typechange|Ice|[from] Protean
|move|p1a: Slippy|Ice Beam|p2a: Keldeo
|-resisted|p2a: Keldeo
|-damage|p2a: Keldeo|170\/323
|
|turn|29
|chat|dukevesper|bad play on my part
|
|-start|p1a: Slippy|typechange|Grass|[from] Protean
|move|p1a: Slippy|Hidden Power|p2a: Keldeo
|-supereffective|p2a: Keldeo
|-damage|p2a: Keldeo|0 fnt
|faint|p2a: Keldeo
|
|chat|NoobCity|:P
|
|switch|p2a: Latios|Latios, M|284\/302
|turn|30
|chat|dukevesper|gg
|chat|NoobCity|gg
|
|-start|p1a: Slippy|typechange|Ice|[from] Protean
|move|p1a: Slippy|Ice Beam|p2a: Latios
|-supereffective|p2a: Latios
|-damage|p2a: Latios|32\/302
|move|p2a: Latios|Thunderbolt|p1a: Slippy
|-damage|p1a: Slippy|99\/287
|
|turn|31
|chat|NoobCity|AV ?
|-message|dukevesper forfeited.
|
|win|NoobCity
|raw|Ladder updating...
|leave|dukevesper
|player|p2
|raw|NoobCity's rating: 1641 &rarr; <strong>1657<\/strong><br \/>(+16 for winning)
|raw|dukevesper's rating: 1582 &rarr; <strong>1565<\/strong><br \/>(-17 for losing)