|join|dukevesper
|join|Noppy666
|player|p1|dukevesper|290
|player|p2|Noppy666|170
|gametype|singles
|gen|6
|tier|OU
|rated
|clearpoke
|poke|p1|Politoed, F
|poke|p1|Kabutops, F
|poke|p1|Tornadus-Therian, M
|poke|p1|Scizor, M
|poke|p1|Thundurus-Therian, M
|poke|p1|Latios, M
|poke|p2|Heracross, F
|poke|p2|Heatran, M
|poke|p2|Slowbro, F
|poke|p2|Landorus-Therian, M
|poke|p2|Ditto
|poke|p2|Rotom
|rule|Swagger Clause: Swagger is banned
|rule|Baton Pass Clause: Limit one PokÃ©mon knowing Baton Pass
|rule|Sleep Clause Mod: Limit one foe put to sleep
|rule|Species Clause: Limit one of each PokÃ©mon
|rule|OHKO Clause: OHKO moves are banned
|rule|Moody Clause: Moody is banned
|rule|Evasion Moves Clause: Evasion moves are banned
|rule|Endless Battle Clause: Forcing endless battles is banned
|rule|HP Percentage Mod: HP is shown in percentages
|teampreview
|chat|dukevesper|hi again!
|chat|dukevesper|glhf
|
|start
|switch|p1a: Latios|Latios, M|302\/302
|switch|p2a: Heatran|Heatran, M|386\/386
|turn|1
|
|switch|p1a: Politoed|Politoed, F|384\/384
|-weather|RainDance
|move|p2a: Heatran|Dragon Pulse|p1a: Politoed
|-crit|p1a: Politoed
|-damage|p1a: Politoed|131\/384
|
|-weather|RainDance|[upkeep]
|-heal|p1a: Politoed|155\/384|[from] item: Leftovers
|turn|2
|chat|dukevesper|HELLO DRAGON PULSE WHAT IS THIS
|
|switch|p2a: Heracross|Heracross, F|302\/302
|move|p1a: Politoed|Hydro Pump|p2a: Heracross
|-damage|p2a: Heracross|116\/302
|
|-weather|RainDance|[upkeep]
|-heal|p1a: Politoed|179\/384|[from] item: Leftovers
|turn|3
|
|switch|p1a: Latios|Latios, M|302\/302
|detailschange|p2a: Heracross|Heracross-Mega, F
|message|Heracross has Mega Evolved into Mega Heracross!
|move|p2a: Heracross|Bullet Seed|p1a: Latios
|-resisted|p1a: Latios
|-damage|p1a: Latios|280\/302
|-resisted|p1a: Latios
|-damage|p1a: Latios|257\/302
|-resisted|p1a: Latios
|-damage|p1a: Latios|234\/302
|-resisted|p1a: Latios
|-damage|p1a: Latios|209\/302
|-resisted|p1a: Latios
|-damage|p1a: Latios|186\/302
|-hitcount|p1a: Latios|5
|
|-weather|RainDance|[upkeep]
|turn|4
|
|switch|p2a: Heatran|Heatran, M|386\/386
|move|p1a: Latios|Thunder|p2a: Heatran
|-damage|p2a: Heatran|212\/386
|
|-weather|RainDance|[upkeep]
|turn|5
|
|switch|p1a: Tornadus-Therian|Tornadus-Therian, M|300\/300
|move|p2a: Heatran|Dragon Pulse|p1a: Tornadus-Therian
|-crit|p1a: Tornadus-Therian
|-damage|p1a: Tornadus-Therian|106\/300
|
|-weather|none
|turn|6
|chat|dukevesper|wow all these crits
|
|switch|p2a: Rotom|Rotom|304\/304
|move|p1a: Tornadus-Therian|Focus Blast|p2a: Rotom
|-immune|p2a: Rotom|[msg]
|
|turn|7
|
|switch|p1a: Latios|Latios, M|186\/302
|move|p2a: Rotom|Will-O-Wisp|p1a: Latios
|-status|p1a: Latios|brn
|
|-damage|p1a: Latios|149\/302 brn|[from] brn
|turn|8
|
|move|p1a: Latios|Draco Meteor|p2a: Rotom
|-damage|p2a: Rotom|24\/304
|-unboost|p1a: Latios|spa|2
|move|p2a: Rotom|Light Screen|p2a: Rotom
|-sidestart|p2: Noppy666|move: Light Screen
|
|-damage|p1a: Latios|112\/302 brn|[from] brn
|turn|9
|
|switch|p1a: Politoed|Politoed, F|179\/384
|-weather|RainDance
|move|p2a: Rotom|Reflect|p2a: Rotom
|-sidestart|p2: Noppy666|Reflect
|
|-weather|RainDance|[upkeep]
|-heal|p1a: Politoed|203\/384|[from] item: Leftovers
|turn|10
|
|move|p2a: Rotom|Pain Split|p1a: Politoed
|-sethp|p1a: Politoed|113\/384|p2a: Rotom|113\/304|[from] move: Pain Split
|move|p1a: Politoed|Scald|p2a: Rotom
|-damage|p2a: Rotom|60\/304
|-status|p2a: Rotom|brn
|
|-weather|RainDance|[upkeep]
|-heal|p1a: Politoed|137\/384|[from] item: Leftovers
|-damage|p2a: Rotom|22\/304 brn|[from] brn
|turn|11
|
|move|p2a: Rotom|Will-O-Wisp|p1a: Politoed
|-status|p1a: Politoed|brn
|move|p1a: Politoed|Hydro Pump|p2a: Rotom
|-damage|p2a: Rotom|0 fnt
|faint|p2a: Rotom
|
|-weather|RainDance|[upkeep]
|-heal|p1a: Politoed|161\/384 brn|[from] item: Leftovers
|-damage|p1a: Politoed|113\/384 brn|[from] brn
|
|switch|p2a: Heracross|Heracross-Mega, F|116\/302
|turn|12
|
|switch|p1a: Scizor|Scizor, M|344\/344
|move|p2a: Heracross|Pin Missile|p1a: Scizor
|-resisted|p1a: Scizor
|-damage|p1a: Scizor|312\/344
|-resisted|p1a: Scizor
|-damage|p1a: Scizor|282\/344
|-crit|p1a: Scizor
|-resisted|p1a: Scizor
|-damage|p1a: Scizor|237\/344
|-crit|p1a: Scizor
|-resisted|p1a: Scizor
|-damage|p1a: Scizor|189\/344
|-crit|p1a: Scizor
|-resisted|p1a: Scizor
|-damage|p1a: Scizor|143\/344
|-hitcount|p1a: Scizor|5
|
|-weather|RainDance|[upkeep]
|turn|13
|chat|dukevesper|you are the luckiest man on earth with crits
|
|detailschange|p1a: Scizor|Scizor-Mega, M
|message|Scizor has Mega Evolved into Mega Scizor!
|move|p1a: Scizor|Bullet Punch|p2a: Heracross
|-damage|p2a: Heracross|56\/302
|move|p2a: Heracross|Close Combat|p1a: Scizor
|-damage|p1a: Scizor|0 fnt
|-unboost|p2a: Heracross|def|1
|-unboost|p2a: Heracross|spd|1
|faint|p1a: Scizor
|
|-weather|none
|
|switch|p1a: Thundurus-Therian|Thundurus-Therian, M|300\/300
|turn|14
|
|move|p1a: Thundurus-Therian|Volt Switch|p2a: Heracross
|-damage|p2a: Heracross|0 fnt
|faint|p2a: Heracross
|
|switch|p1a: Politoed|Politoed, F|113\/384 brn
|-weather|RainDance
|
|-weather|RainDance|[upkeep]
|-heal|p1a: Politoed|137\/384 brn|[from] item: Leftovers
|-damage|p1a: Politoed|89\/384 brn|[from] brn
|
|switch|p2a: Landorus-Therian|Landorus-Therian, M|320\/320
|-ability|p2a: Landorus-Therian|Intimidate|[of] p1a: Politoed
|-unboost|p1a: Politoed|atk|1
|turn|15
|
|move|p2a: Landorus-Therian|Knock Off|p1a: Politoed
|-damage|p1a: Politoed|0 fnt
|-enditem|p1a: Politoed|Leftovers|[from] move: Knock Off|[of] p2a: Landorus-Therian
|-damage|p2a: Landorus-Therian|288\/320|[from] item: Life Orb
|faint|p1a: Politoed
|
|-weather|RainDance|[upkeep]
|-sideend|p2: Noppy666|move: Light Screen
|
|switch|p1a: Kabutops|Kabutops, F|262\/262
|turn|16
|
|move|p1a: Kabutops|Waterfall|p2a: Landorus-Therian
|-supereffective|p2a: Landorus-Therian
|-damage|p2a: Landorus-Therian|42\/320
|cant|p2a: Landorus-Therian|flinch
|
|-weather|RainDance|[upkeep]
|-sideend|p2: Noppy666|Reflect
|turn|17
|
|switch|p2a: Slowbro|Slowbro, F|394\/394
|move|p1a: Kabutops|Aqua Jet|p2a: Slowbro
|-resisted|p2a: Slowbro
|-damage|p2a: Slowbro|355\/394
|
|-weather|RainDance|[upkeep]
|-heal|p2a: Slowbro|379\/394|[from] item: Leftovers
|turn|18
|
|move|p1a: Kabutops|Swords Dance|p1a: Kabutops
|-boost|p1a: Kabutops|atk|2
|move|p2a: Slowbro|Psychic|p1a: Kabutops
|-damage|p1a: Kabutops|130\/262
|-unboost|p1a: Kabutops|spd|1
|
|-weather|none
|-heal|p2a: Slowbro|394\/394|[from] item: Leftovers
|turn|19
|
|move|p1a: Kabutops|Stone Edge|p2a: Slowbro|[miss]
|-miss|p1a: Kabutops|p2a: Slowbro
|move|p2a: Slowbro|Psychic|p1a: Kabutops
|-damage|p1a: Kabutops|0 fnt
|faint|p1a: Kabutops
|
|
|switch|p1a: Thundurus-Therian|Thundurus-Therian, M|300\/300
|turn|20
|
|switch|p2a: Landorus-Therian|Landorus-Therian, M|42\/320
|-ability|p2a: Landorus-Therian|Intimidate|[of] p1a: Thundurus-Therian
|-unboost|p1a: Thundurus-Therian|atk|1
|move|p1a: Thundurus-Therian|Thunder|p2a: Landorus-Therian
|-immune|p2a: Landorus-Therian|[msg]
|
|turn|21
|
|switch|p1a: Tornadus-Therian|Tornadus-Therian, M|206\/300
|move|p2a: Landorus-Therian|Stone Edge|p1a: Tornadus-Therian
|-supereffective|p1a: Tornadus-Therian
|-damage|p1a: Tornadus-Therian|0 fnt
|-damage|p2a: Landorus-Therian|10\/320|[from] item: Life Orb
|faint|p1a: Tornadus-Therian
|
|
|switch|p1a: Latios|Latios, M|112\/302 brn
|turn|22
|
|move|p1a: Latios|Dragon Pulse|p2a: Landorus-Therian
|-damage|p2a: Landorus-Therian|0 fnt
|faint|p2a: Landorus-Therian
|
|-damage|p1a: Latios|75\/302 brn|[from] brn
|
|switch|p2a: Ditto|Ditto|258\/258
|-transform|p2a: Ditto|p1a: Latios
|turn|23
|
|move|p2a: Ditto|Dragon Pulse|p1a: Latios
|-supereffective|p1a: Latios
|-damage|p1a: Latios|0 fnt
|faint|p1a: Latios
|
|
|switch|p1a: Thundurus-Therian|Thundurus-Therian, M|300\/300
|turn|24
|
|move|p2a: Ditto|Dragon Pulse|p1a: Thundurus-Therian
|-damage|p1a: Thundurus-Therian|111\/300
|move|p1a: Thundurus-Therian|Thunder|p2a: Ditto
|-resisted|p2a: Ditto
|-damage|p2a: Ditto|154\/258
|-status|p2a: Ditto|par
|
|turn|25
|
|move|p1a: Thundurus-Therian|Thunder|p2a: Ditto
|-resisted|p2a: Ditto
|-damage|p2a: Ditto|62\/258 par
|move|p2a: Ditto|Dragon Pulse|p1a: Thundurus-Therian
|-damage|p1a: Thundurus-Therian|0 fnt
|faint|p1a: Thundurus-Therian
|
|win|Noppy666
|raw|Ladder updating...
|raw|dukevesper's rating: 1515 &rarr; <strong>1491<\/strong><br \/>(-24 for losing)
|raw|Noppy666's rating: 1447 &rarr; <strong>1470<\/strong><br \/>(+23 for winning)
|leave|dukevesper
|player|p1