|join|Masterofjokeis
|join|dukevesper
|player|p1|Masterofjokeis|1
|player|p2|dukevesper|199
|gametype|singles
|gen|6
|tier|OU
|clearpoke
|poke|p1|Charizard, M
|poke|p1|Blissey, F
|poke|p1|Steelix, M, shiny
|poke|p1|Muk, M, shiny
|poke|p1|Golem, M, shiny
|poke|p1|Alakazam, M, shiny
|poke|p2|Cloyster, M, shiny
|poke|p2|Talonflame, F
|poke|p2|Alakazam, F, shiny
|poke|p2|Doublade, M, shiny
|poke|p2|Diggersby, M
|poke|p2|Goodra, M
|rule|Sleep Clause Mod: Limit one foe put to sleep
|rule|Species Clause: Limit one of each Pokemon
|rule|OHKO Clause: OHKO moves are banned
|rule|Moody Clause: Moody is banned
|rule|Evasion Moves Clause: Evasion moves are banned
|rule|Endless Battle Clause: Forcing endless battles is banned.
|rule|HP Percentage Mod: HP is reported as percentages
|teampreview
|
|start
|switch|p1a: Garg|Golem, M, shiny|322\/322
|switch|p2a: BAMF ALERT|Diggersby, M|374\/374
|turn|1
|
|move|p2a: BAMF ALERT|Earthquake|p1a: Garg
|-supereffective|p1a: Garg
|-damage|p1a: Garg|0 fnt
|-damage|p2a: BAMF ALERT|337\/374|[from] item: Life Orb
|faint|p1a: Garg
|
|
|switch|p1a: slum|Muk, M, shiny|414\/414
|turn|2
|
|move|p2a: BAMF ALERT|Earthquake|p1a: slum
|-supereffective|p1a: slum
|-damage|p1a: slum|0 fnt
|-damage|p2a: BAMF ALERT|300\/374|[from] item: Life Orb
|faint|p1a: slum
|
|
|switch|p1a: Lix|Steelix, M, shiny|354\/354
|turn|3
|
|move|p2a: BAMF ALERT|Earthquake|p1a: Lix
|-supereffective|p1a: Lix
|-damage|p1a: Lix|42\/354
|-damage|p2a: BAMF ALERT|263\/374|[from] item: Life Orb
|move|p1a: Lix|Dragon Breath|p2a: BAMF ALERT
|-damage|p2a: BAMF ALERT|216\/374
|-damage|p1a: Lix|7\/354|[from] item: Life Orb
|
|turn|4
|
|move|p2a: BAMF ALERT|Return|p1a: Lix
|-resisted|p1a: Lix
|-damage|p1a: Lix|0 fnt
|-damage|p2a: BAMF ALERT|179\/374|[from] item: Life Orb
|faint|p1a: Lix
|
|
|switch|p1a: zam|Alakazam, M, shiny|272\/272
|-item|p1a: zam|Air Balloon
|turn|5
|
|move|p1a: zam|Psycho Cut|p2a: BAMF ALERT
|-damage|p2a: BAMF ALERT|110\/374
|move|p2a: BAMF ALERT|Return|p1a: zam
|-damage|p1a: zam|0 fnt
|-enditem|p1a: zam|Air Balloon
|-damage|p2a: BAMF ALERT|73\/374|[from] item: Life Orb
|faint|p1a: zam
|
|
|switch|p1a: Blissey|Blissey, F|714\/714
|turn|6
|
|move|p2a: BAMF ALERT|Return|p1a: Blissey
|-damage|p1a: Blissey|136\/714
|-damage|p2a: BAMF ALERT|36\/374|[from] item: Life Orb
|move|p1a: Blissey|Blizzard|p2a: BAMF ALERT
|-miss|p1a: Blissey|p2a: BAMF ALERT
|
|-heal|p1a: Blissey|180\/714|[from] item: Leftovers
|turn|7
|
|move|p2a: BAMF ALERT|Return|p1a: Blissey
|-damage|p1a: Blissey|0 fnt
|-damage|p2a: BAMF ALERT|0 fnt|[from] item: Life Orb
|faint|p1a: Blissey
|faint|p2a: BAMF ALERT
|
|
|switch|p1a: Flame fresh|Charizard, M|298\/298
|switch|p2a: Herbert|Goodra, M|384\/384
|turn|8
|
|move|p1a: Flame fresh|Dragon Claw|p2a: Herbert
|-supereffective|p2a: Herbert
|-damage|p2a: Herbert|158\/384
|-unboost|p1a: Flame fresh|spe|1|[from] ability: Gooey
|move|p2a: Herbert|Thunderbolt|p1a: Flame fresh
|-supereffective|p1a: Flame fresh
|-damage|p1a: Flame fresh|86\/298
|
|turn|9
|
|switch|p2a: Catching Fire|Talonflame, F|360\/360
|-formechange|p1a: Flame fresh|Charizard-Mega-X
|message|Charizard has Mega Evolved into Mega Charizard!
|move|p1a: Flame fresh|Dragon Claw|p2a: Catching Fire
|-damage|p2a: Catching Fire|74\/360
|
|turn|10
|
|move|p2a: Catching Fire|Brave Bird|p1a: Flame fresh
|-damage|p1a: Flame fresh|0 fnt
|-damage|p2a: Catching Fire|46\/360|[from] recoil|[of] p1a: Flame fresh
|-damage|p2a: Catching Fire|10\/360|[from] item: Life Orb
|faint|p1a: Flame fresh
|
|win|dukevesper