|join|100% Legit
|join|dukevesper
|player|p1|100% Legit|94
|player|p2|dukevesper|266
|gametype|singles
|gen|6
|tier|OU
|rated
|clearpoke
|poke|p1|Dragonite, M
|poke|p1|Greninja, M
|poke|p1|Conkeldurr, F
|poke|p1|Gengar, M
|poke|p1|Alakazam, M
|poke|p1|Darmanitan, F
|poke|p2|Azumarill, M, shiny
|poke|p2|Conkeldurr, F
|poke|p2|Thundurus-Therian, M, shiny
|poke|p2|Smeargle, F
|poke|p2|Espeon, F, shiny
|poke|p2|Malamar, F
|rule|Sleep Clause Mod: Limit one foe put to sleep
|rule|Species Clause: Limit one of each Pokemon
|rule|OHKO Clause: OHKO moves are banned
|rule|Moody Clause: Moody is banned
|rule|Evasion Moves Clause: Evasion moves are banned
|rule|Endless Battle Clause: Forcing endless battles is banned.
|rule|HP Percentage Mod: HP is reported as percentages
|teampreview
|
|start
|switch|p1a: Alakazam|Alakazam, M|252\/252
|switch|p2a: Savior|Malamar, F|313\/313
|turn|1
|
|switch|p1a: Darmanitan|Darmanitan, F|414\/414
|move|p2a: Savior|Night Slash|p1a: Darmanitan
|-damage|p1a: Darmanitan|251\/414
|
|turn|2
|
|move|p1a: Darmanitan|U-turn|p2a: Savior
|-supereffective|p2a: Savior
|-damage|p2a: Savior|0 fnt
|faint|p2a: Savior
|
|switch|p1a: Alakazam|Alakazam, M|252\/252
|
|
|switch|p2a: Coach Ben Wade|Azumarill, M, shiny|404\/404
|turn|3
|
|move|p2a: Coach Ben Wade|Aqua Jet|p1a: Alakazam
|-damage|p1a: Alakazam|87\/252
|move|p1a: Alakazam|Energy Ball|p2a: Coach Ben Wade
|-supereffective|p2a: Coach Ben Wade
|-damage|p2a: Coach Ben Wade|120\/404
|
|-heal|p2a: Coach Ben Wade|145\/404|[from] item: Leftovers
|turn|4
|
|switch|p1a: Gengar|Gengar, M|262\/262
|move|p2a: Coach Ben Wade|Aqua Jet|p1a: Gengar
|-damage|p1a: Gengar|141\/262
|
|-heal|p1a: Gengar|157\/262|[from] item: Leftovers
|-heal|p2a: Coach Ben Wade|170\/404|[from] item: Leftovers
|turn|5
|
|switch|p2a: Dora|Conkeldurr, F|414\/414
|move|p1a: Gengar|Energy Ball|p2a: Dora
|-damage|p2a: Dora|247\/414
|
|-heal|p1a: Gengar|173\/262|[from] item: Leftovers
|-status|p2a: Dora|brn|[from] item: Flame Orb
|turn|6
|
|move|p1a: Gengar|Dazzling Gleam|p2a: Dora
|-supereffective|p2a: Dora
|-damage|p2a: Dora|0 fnt
|faint|p2a: Dora
|
|-heal|p1a: Gengar|189\/262|[from] item: Leftovers
|
|switch|p2a: Color My World|Smeargle, F|314\/314
|turn|7
|
|switch|p1a: Alakazam|Alakazam, M|87\/252
|move|p2a: Color My World|Spore|p1a: Alakazam
|-status|p1a: Alakazam|slp
|
|turn|8
|
|-formechange|p1a: Alakazam|Alakazam-Mega
|message|Alakazam has Mega Evolved into Mega Alakazam!
|-ability|p1a: Alakazam|Own Tempo|[from] ability: Trace|[of] p2a: Color My World
|cant|p1a: Alakazam|slp
|move|p2a: Color My World|Sticky Web|p1a: Alakazam
|-sidestart|p1: 100% Legit|move: Sticky Web
|
|turn|9
|
|cant|p1a: Alakazam|slp
|move|p2a: Color My World|Stealth Rock|p1a: Alakazam
|-sidestart|p1: 100% Legit|move: Stealth Rock
|
|turn|10
|
|-curestatus|p1a: Alakazam|slp
|move|p1a: Alakazam|Psychic|p2a: Color My World
|-enditem|p2a: Color My World|Focus Sash
|-damage|p2a: Color My World|1\/314
|move|p2a: Color My World|Spikes|p1a: Alakazam
|-sidestart|p1: 100% Legit|Spikes
|
|turn|11
|
|move|p1a: Alakazam|Dazzling Gleam|p2a: Color My World
|-damage|p2a: Color My World|0 fnt
|faint|p2a: Color My World
|
|
|switch|p2a: Coach Ben Wade|Azumarill, M, shiny|170\/404
|turn|12
|
|move|p2a: Coach Ben Wade|Aqua Jet|p1a: Alakazam
|-damage|p1a: Alakazam|0 fnt
|faint|p1a: Alakazam
|
|-heal|p2a: Coach Ben Wade|195\/404|[from] item: Leftovers
|
|switch|p1a: Gengar|Gengar, M|189\/262
|-damage|p1a: Gengar|157\/262|[from] Stealth Rock
|turn|13
|
|move|p1a: Gengar|Sludge Bomb|p2a: Coach Ben Wade
|-supereffective|p2a: Coach Ben Wade
|-damage|p2a: Coach Ben Wade|0 fnt
|faint|p2a: Coach Ben Wade
|
|-heal|p1a: Gengar|173\/262|[from] item: Leftovers
|
|switch|p2a: Espeon|Espeon, F, shiny|272\/272
|turn|14
|
|move|p2a: Espeon|Psychic|p1a: Gengar
|-supereffective|p1a: Gengar
|-damage|p1a: Gengar|0 fnt
|faint|p1a: Gengar
|
|
|switch|p1a: Greninja|Greninja, M|348\/348
|-damage|p1a: Greninja|305\/348|[from] Stealth Rock
|-activate|p1a: Greninja|move: Sticky Web
|-unboost|p1a: Greninja|spe|1
|-damage|p1a: Greninja|262\/348|[from] Spikes
|turn|15
|
|move|p2a: Espeon|Reflect|p2a: Espeon
|-sidestart|p2: dukevesper|Reflect
|-start|p1a: Greninja|typechange|Dark|[from] Protean
|move|p1a: Greninja|Dark Pulse|p2a: Espeon
|-supereffective|p2a: Espeon
|-damage|p2a: Espeon|7\/272
|-damage|p1a: Greninja|228\/348|[from] item: Life Orb
|
|turn|16
|
|move|p2a: Espeon|Hidden Power|p1a: Greninja
|-damage|p1a: Greninja|137\/348
|-start|p1a: Greninja|typechange|Psychic|[from] Protean
|move|p1a: Greninja|Extrasensory|p2a: Espeon
|-resisted|p2a: Espeon
|-damage|p2a: Espeon|0 fnt
|-damage|p1a: Greninja|103\/348|[from] item: Life Orb
|faint|p2a: Espeon
|
|
|switch|p2a: ThundoNoSundo|Thundurus-Therian, M, shiny|299\/299
|turn|17
|
|move|p2a: ThundoNoSundo|Thunderbolt|p1a: Greninja
|-damage|p1a: Greninja|0 fnt
|-damage|p2a: ThundoNoSundo|270\/299|[from] item: Life Orb
|faint|p1a: Greninja
|
|
|switch|p1a: Dragonite|Dragonite, M|324\/324
|-damage|p1a: Dragonite|243\/324|[from] Stealth Rock
|turn|18
|
|move|p2a: ThundoNoSundo|Thunderbolt|p1a: Dragonite
|-damage|p1a: Dragonite|0 fnt
|-damage|p2a: ThundoNoSundo|241\/299|[from] item: Life Orb
|faint|p1a: Dragonite
|
|
|switch|p1a: Darmanitan|Darmanitan, F|251\/414
|-damage|p1a: Darmanitan|148\/414|[from] Stealth Rock
|-damage|p1a: Darmanitan|97\/414|[from] Spikes
|-activate|p1a: Darmanitan|move: Sticky Web
|-unboost|p1a: Darmanitan|spe|1
|turn|19
|
|move|p2a: ThundoNoSundo|Thunderbolt|p1a: Darmanitan
|-damage|p1a: Darmanitan|0 fnt
|-damage|p2a: ThundoNoSundo|212\/299|[from] item: Life Orb
|faint|p1a: Darmanitan
|
|
|switch|p1a: Conkeldurr|Conkeldurr, F|352\/352
|-activate|p1a: Conkeldurr|move: Sticky Web
|-unboost|p1a: Conkeldurr|spe|1
|-damage|p1a: Conkeldurr|330\/352|[from] Stealth Rock
|-damage|p1a: Conkeldurr|286\/352|[from] Spikes
|turn|20
|
|move|p2a: ThundoNoSundo|Thunderbolt|p1a: Conkeldurr
|-damage|p1a: Conkeldurr|31\/352
|-damage|p2a: ThundoNoSundo|183\/299|[from] item: Life Orb
|move|p1a: Conkeldurr|Knock Off|p2a: ThundoNoSundo
|-damage|p2a: ThundoNoSundo|92\/299
|-enditem|p2a: ThundoNoSundo|Life Orb|[from] move: Knock Off|[of] p1a: Conkeldurr
|
|turn|21
|
|move|p1a: Conkeldurr|Mach Punch|p2a: ThundoNoSundo
|-resisted|p2a: ThundoNoSundo
|-damage|p2a: ThundoNoSundo|64\/299
|move|p2a: ThundoNoSundo|Thunderbolt|p1a: Conkeldurr
|-damage|p1a: Conkeldurr|0 fnt
|faint|p1a: Conkeldurr
|
|win|dukevesper
|raw|Ladder updating...
|raw|100% Legit's rating: 1099 &rarr; <strong>1077<\/strong><br \/>(-22 for losing)
|raw|dukevesper's rating: 1133 &rarr; <strong>1155<\/strong><br \/>(+22 for winning)
|chat|dukevesper|gg
|chat|100% Legit|gg
|leave|100% Legit
|player|p1
|chat|dukevesper|thx