|join|dukevesper
|join|Key
|player|p1|dukevesper|290
|player|p2|Key|242
|gametype|singles
|gen|6
|tier|OU (suspect test)
|rated
|clearpoke
|poke|p1|Metagross
|poke|p1|Landorus-Therian, M
|poke|p1|Talonflame, F
|poke|p1|Latios, M
|poke|p1|Clefable, F
|poke|p1|Magnezone
|poke|p2|Altaria, M
|poke|p2|Heatran, M
|poke|p2|Scizor, M
|poke|p2|Keldeo
|poke|p2|Mamoswine, M
|poke|p2|Mew
|rule|Swagger Clause: Swagger is banned
|rule|Baton Pass Clause: Limit one PokÃ©mon knowing Baton Pass
|rule|Sleep Clause Mod: Limit one foe put to sleep
|rule|Species Clause: Limit one of each PokÃ©mon
|rule|OHKO Clause: OHKO moves are banned
|rule|Moody Clause: Moody is banned
|rule|Evasion Moves Clause: Evasion moves are banned
|rule|Endless Battle Clause: Forcing endless battles is banned
|rule|HP Percentage Mod: HP is shown in percentages
|teampreview
|
|start
|switch|p1a: Talonflame|Talonflame, F|298\/298
|switch|p2a: Keldeo|Keldeo|323\/323
|turn|1
|
|move|p1a: Talonflame|Brave Bird|p2a: Keldeo
|-supereffective|p2a: Keldeo
|-damage|p2a: Keldeo|0 fnt
|-damage|p1a: Talonflame|191\/298|[from] recoil|[of] p2a: Keldeo
|faint|p2a: Keldeo
|
|
|switch|p2a: Heatran|Heatran, M|323\/323
|turn|2
|c|âdukevesper|oh hey just seen ya in a vid
|c|âdukevesper|glhf buddy
|
|move|p1a: Talonflame|U-turn|p2a: Heatran
|-resisted|p2a: Heatran
|-damage|p2a: Heatran|309\/323
|
|switch|p1a: Latios|Latios, M|301\/301
|move|p2a: Heatran|Stone Edge|p1a: Latios
|-damage|p1a: Latios|212\/301
|
|turn|3
|
|switch|p2a: Mew|Mew|404\/404
|move|p1a: Latios|Earthquake|p2a: Mew
|-damage|p2a: Mew|313\/404
|-damage|p1a: Latios|182\/301|[from] item: Life Orb
|
|-heal|p2a: Mew|338\/404|[from] item: Leftovers
|turn|4
|
|switch|p1a: Clefable|Clefable, F|394\/394
|move|p2a: Mew|Soft-Boiled|p2a: Mew
|-heal|p2a: Mew|404\/404
|
|turn|5
|
|switch|p1a: Landorus-Therian|Landorus-Therian, M|382\/382
|-ability|p1a: Landorus-Therian|Intimidate|[of] p2a: Mew
|-unboost|p2a: Mew|atk|1
|move|p2a: Mew|Will-O-Wisp|p1a: Landorus-Therian
|-status|p1a: Landorus-Therian|brn
|
|-damage|p1a: Landorus-Therian|335\/382 brn|[from] brn
|turn|6
|
|move|p2a: Mew|Soft-Boiled|p2a: Mew
|-fail|p2a: Mew
|move|p1a: Landorus-Therian|Stealth Rock|p2a: Mew
|-sidestart|p2: Key|move: Stealth Rock
|
|-heal|p1a: Landorus-Therian|358\/382 brn|[from] item: Leftovers
|-damage|p1a: Landorus-Therian|311\/382 brn|[from] brn
|turn|7
|
|move|p2a: Mew|Defog|p1a: Landorus-Therian
|-unboost|p1a: Landorus-Therian|evasion|1
|-sideend|p2: Key|Stealth Rock|[from] move: Defog|[of] p2a: Mew
|move|p1a: Landorus-Therian|Knock Off|p2a: Mew
|-supereffective|p2a: Mew
|-damage|p2a: Mew|292\/404
|-enditem|p2a: Mew|Leftovers|[from] move: Knock Off|[of] p1a: Landorus-Therian
|
|-heal|p1a: Landorus-Therian|334\/382 brn|[from] item: Leftovers
|-damage|p1a: Landorus-Therian|287\/382 brn|[from] brn
|turn|8
|
|switch|p2a: Mamoswine|Mamoswine, M|361\/361
|move|p1a: Landorus-Therian|U-turn|p2a: Mamoswine
|-damage|p2a: Mamoswine|317\/361
|
|switch|p1a: Metagross|Metagross|301\/301
|
|turn|9
|
|switch|p2a: Heatran|Heatran, M|309\/323
|detailschange|p1a: Metagross|Metagross-Mega
|-mega|p1a: Metagross|Metagross|Metagrossite
|move|p1a: Metagross|Meteor Mash|p2a: Heatran
|-resisted|p2a: Heatran
|-damage|p2a: Heatran|256\/323
|
|turn|10
|
|move|p2a: Heatran|Lava Plume|p1a: Metagross
|-supereffective|p1a: Metagross
|-damage|p1a: Metagross|1\/301
|move|p1a: Metagross|Earthquake|p2a: Heatran
|-crit|p2a: Heatran
|-supereffective|p2a: Heatran
|-damage|p2a: Heatran|0 fnt
|faint|p2a: Heatran
|
|
|switch|p2a: Mamoswine|Mamoswine, M|317\/361
|turn|11
|
|move|p1a: Metagross|Bullet Punch|p2a: Mamoswine
|-crit|p2a: Mamoswine
|-supereffective|p2a: Mamoswine
|-damage|p2a: Mamoswine|0 fnt
|faint|p2a: Mamoswine
|
|
|switch|p2a: Scizor|Scizor, M|344\/344
|turn|12
|
|switch|p1a: Magnezone|Magnezone|282\/282
|move|p2a: Scizor|U-turn|p1a: Magnezone
|-resisted|p1a: Magnezone
|-damage|p1a: Magnezone|189\/282
|
|switch|p2a: Mew|Mew|292\/404
|
|turn|13
|
|move|p2a: Mew|Earthquake|p1a: Magnezone
|-supereffective|p1a: Magnezone
|-damage|p1a: Magnezone|0 fnt
|faint|p1a: Magnezone
|
|
|switch|p1a: Clefable|Clefable, F|394\/394
|turn|14
|
|move|p2a: Mew|Will-O-Wisp|p1a: Clefable|[miss]
|-miss|p2a: Mew|p1a: Clefable
|move|p1a: Clefable|Calm Mind|p1a: Clefable
|-boost|p1a: Clefable|spa|1
|-boost|p1a: Clefable|spd|1
|
|turn|15
|
|switch|p2a: Scizor|Scizor, M|344\/344
|move|p1a: Clefable|Fire Blast|p2a: Scizor
|-supereffective|p2a: Scizor
|-damage|p2a: Scizor|0 fnt
|faint|p2a: Scizor
|
|
|switch|p2a: Altaria|Altaria, M|291\/291
|turn|16
|
|detailschange|p2a: Altaria|Altaria-Mega, M
|-mega|p2a: Altaria|Altaria|Altarianite
|move|p2a: Altaria|Frustration|p1a: Clefable
|-damage|p1a: Clefable|204\/394
|move|p1a: Clefable|Moonblast|p2a: Altaria
|-supereffective|p2a: Altaria
|-damage|p2a: Altaria|0 fnt
|faint|p2a: Altaria
|
|-heal|p1a: Clefable|228\/394|[from] item: Leftovers
|-message|Key forfeited.
|
|win|dukevesper
|raw|Ladder updating...
|leave|Key
|player|p2
|raw|dukevesper's rating: 1190 &rarr; <strong>1213<\/strong><br \/>(+23 for winning)
|raw|Key's rating: 1158 &rarr; <strong>1136<\/strong><br \/>(-22 for losing)