|join|Haterss gonna hate
|join|dukevesper
|player|p1|Haterss gonna hate|289
|player|p2|dukevesper|102
|gametype|singles
|gen|6
|tier|OU (suspect test)
|rated
|clearpoke
|poke|p1|Chansey, F
|poke|p1|Keldeo
|poke|p1|Heatran, F
|poke|p1|Skarmory, M
|poke|p1|Bisharp, M
|poke|p1|Venusaur, F
|poke|p2|Charizard, M
|poke|p2|Keldeo
|poke|p2|Landorus-Therian, M
|poke|p2|Cloyster, M
|poke|p2|Mandibuzz, F
|poke|p2|Roserade, F
|rule|Swagger Clause: Swagger is banned
|rule|Baton Pass Clause: Limit one PokÃ©mon knowing Baton Pass
|rule|Sleep Clause Mod: Limit one foe put to sleep
|rule|Species Clause: Limit one of each PokÃ©mon
|rule|OHKO Clause: OHKO moves are banned
|rule|Moody Clause: Moody is banned
|rule|Evasion Moves Clause: Evasion moves are banned
|rule|Endless Battle Clause: Forcing endless battles is banned
|rule|HP Percentage Mod: HP is reported as percentages
|teampreview
|chat|dukevesper|youe OU rating is god tier oml
|
|start
|switch|p1a: Bloody Sunday|Heatran, F|340\/340
|switch|p2a: Landorus-Therian|Landorus-Therian, M|382\/382
|-item|p1a: Bloody Sunday|Air Balloon
|-ability|p2a: Landorus-Therian|Intimidate|[of] p1a: Bloody Sunday
|-unboost|p1a: Bloody Sunday|atk|1
|turn|1
|
|move|p1a: Bloody Sunday|Stealth Rock|p2a: Landorus-Therian
|-sidestart|p2: dukevesper|move: Stealth Rock
|move|p2a: Landorus-Therian|Knock Off|p1a: Bloody Sunday
|-damage|p1a: Bloody Sunday|219\/340
|-enditem|p1a: Bloody Sunday|Air Balloon
|
|turn|2
|
|move|p1a: Bloody Sunday|Toxic|p2a: Landorus-Therian
|-status|p2a: Landorus-Therian|tox
|move|p2a: Landorus-Therian|Knock Off|p1a: Bloody Sunday
|-damage|p1a: Bloody Sunday|143\/340
|
|-damage|p2a: Landorus-Therian|359\/382 tox|[from] psn
|turn|3
|
|switch|p1a: Aka DH|Venusaur, F|364\/364
|move|p2a: Landorus-Therian|Earthquake|p1a: Aka DH
|-damage|p1a: Aka DH|177\/364
|
|-heal|p2a: Landorus-Therian|382\/382 tox|[from] item: Leftovers
|-damage|p2a: Landorus-Therian|336\/382 tox|[from] psn
|turn|4
|
|switch|p2a: Mandibuzz|Mandibuzz, F|424\/424
|-damage|p2a: Mandibuzz|318\/424|[from] Stealth Rock
|detailschange|p1a: Aka DH|Venusaur-Mega, F
|message|Venusaur has Mega Evolved into Mega Venusaur!
|move|p1a: Aka DH|Synthesis|p1a: Aka DH
|-heal|p1a: Aka DH|359\/364
|
|-heal|p2a: Mandibuzz|344\/424|[from] item: Leftovers
|turn|5
|
|move|p2a: Mandibuzz|Defog|p1a: Aka DH
|-unboost|p1a: Aka DH|evasion|1
|-sideend|p2: dukevesper|Stealth Rock|[from] move: Defog|[of] p2a: Mandibuzz
|move|p1a: Aka DH|Leech Seed|p2a: Mandibuzz
|-start|p2a: Mandibuzz|move: Leech Seed
|
|-heal|p2a: Mandibuzz|370\/424|[from] item: Leftovers
|-damage|p2a: Mandibuzz|317\/424|[from] Leech Seed|[of] p1a: Aka DH
|-heal|p1a: Aka DH|364\/364|[silent]
|turn|6
|
|switch|p2a: Roserade|Roserade, F|262\/262
|switch|p1a: Bloody Sunday|Heatran, F|143\/340
|
|turn|7
|
|move|p2a: Roserade|Sleep Powder|p1a: Bloody Sunday
|-status|p1a: Bloody Sunday|slp
|cant|p1a: Bloody Sunday|slp
|
|turn|8
|
|switch|p2a: Keldeo|Keldeo|323\/323
|switch|p1a: Zenzo|Bisharp, M|334\/334
|
|turn|9
|
|switch|p1a: Aka DH|Venusaur-Mega, F|364\/364
|move|p2a: Keldeo|Secret Sword|p1a: Aka DH
|-resisted|p1a: Aka DH
|-damage|p1a: Aka DH|298\/364
|-damage|p2a: Keldeo|291\/323|[from] item: Life Orb
|
|turn|10
|
|switch|p2a: Roserade|Roserade, F|262\/262
|move|p1a: Aka DH|Giga Drain|p2a: Roserade
|-resisted|p2a: Roserade
|-damage|p2a: Roserade|235\/262
|-heal|p1a: Aka DH|312\/364|[from] drain|[of] p2a: Roserade
|
|turn|11
|
|switch|p2a: Landorus-Therian|Landorus-Therian, M|336\/382 tox
|-ability|p2a: Landorus-Therian|Intimidate|[of] p1a: Aka DH
|-unboost|p1a: Aka DH|atk|1
|switch|p1a: u got chansey'ed|Chansey, F|685\/685
|
|-heal|p2a: Landorus-Therian|359\/382 tox|[from] item: Leftovers
|-damage|p2a: Landorus-Therian|336\/382 tox|[from] psn
|turn|12
|
|switch|p1a: Aka DH|Venusaur-Mega, F|312\/364
|move|p2a: Landorus-Therian|Knock Off|p1a: Aka DH
|-damage|p1a: Aka DH|253\/364
|
|-heal|p2a: Landorus-Therian|359\/382 tox|[from] item: Leftovers
|-damage|p2a: Landorus-Therian|313\/382 tox|[from] psn
|turn|13
|
|move|p2a: Landorus-Therian|Stealth Rock|p1a: Aka DH
|-sidestart|p1: Haterss gonna hate|move: Stealth Rock
|move|p1a: Aka DH|Giga Drain|p2a: Landorus-Therian
|-damage|p2a: Landorus-Therian|183\/382 tox
|-heal|p1a: Aka DH|318\/364|[from] drain|[of] p2a: Landorus-Therian
|
|-heal|p2a: Landorus-Therian|206\/382 tox|[from] item: Leftovers
|-damage|p2a: Landorus-Therian|137\/382 tox|[from] psn
|turn|14
|
|switch|p2a: Charizard|Charizard, M|298\/298
|move|p1a: Aka DH|Hidden Power|p2a: Charizard
|-resisted|p2a: Charizard
|-damage|p2a: Charizard|266\/298
|
|turn|15
|
|detailschange|p2a: Charizard|Charizard-Mega-X, M
|message|Charizard has Mega Evolved into Mega Charizard!
|move|p2a: Charizard|Dragon Dance|p2a: Charizard
|-boost|p2a: Charizard|atk|1
|-boost|p2a: Charizard|spe|1
|move|p1a: Aka DH|Leech Seed|p2a: Charizard
|-start|p2a: Charizard|move: Leech Seed
|
|-damage|p2a: Charizard|229\/298|[from] Leech Seed|[of] p1a: Aka DH
|-heal|p1a: Aka DH|355\/364|[silent]
|turn|16
|
|switch|p1a: u got chansey'ed|Chansey, F|685\/685
|-damage|p1a: u got chansey'ed|600\/685|[from] Stealth Rock
|move|p2a: Charizard|Brick Break|p1a: u got chansey'ed
|-supereffective|p1a: u got chansey'ed
|-damage|p1a: u got chansey'ed|96\/685
|
|-damage|p2a: Charizard|192\/298|[from] Leech Seed|[of] p1a: u got chansey'ed
|-heal|p1a: u got chansey'ed|133\/685|[silent]
|turn|17
|
|move|p2a: Charizard|Brick Break|p1a: u got chansey'ed
|-supereffective|p1a: u got chansey'ed
|-damage|p1a: u got chansey'ed|0 fnt
|faint|p1a: u got chansey'ed
|
|
|switch|p1a: Costa|Skarmory, M|334\/334
|-damage|p1a: Costa|293\/334|[from] Stealth Rock
|turn|18
|
|move|p2a: Charizard|Brick Break|p1a: Costa
|-damage|p1a: Costa|166\/334
|-damage|p2a: Charizard|143\/298|[from] item: Rocky Helmet|[of] p1a: Costa
|move|p1a: Costa|Brave Bird|p2a: Charizard
|-damage|p2a: Charizard|44\/298
|-damage|p1a: Costa|133\/334|[from] recoil|[of] p2a: Charizard
|
|-damage|p2a: Charizard|7\/298|[from] Leech Seed|[of] p1a: Costa
|-heal|p1a: Costa|170\/334|[silent]
|turn|19
|
|move|p2a: Charizard|Flare Blitz|p1a: Costa
|-supereffective|p1a: Costa
|-damage|p1a: Costa|0 fnt
|-damage|p2a: Charizard|0 fnt|[from] item: Rocky Helmet|[of] p1a: Costa
|faint|p2a: Charizard
|faint|p1a: Costa
|
|
|switch|p2a: Landorus-Therian|Landorus-Therian, M|137\/382 tox
|switch|p1a: Aka DH|Venusaur-Mega, F|355\/364
|-damage|p1a: Aka DH|310\/364|[from] Stealth Rock
|-ability|p2a: Landorus-Therian|Intimidate|[of] p1a: Aka DH
|-unboost|p1a: Aka DH|atk|1
|turn|20
|
|move|p2a: Landorus-Therian|Earthquake|p1a: Aka DH
|-damage|p1a: Aka DH|189\/364
|move|p1a: Aka DH|Giga Drain|p2a: Landorus-Therian
|-damage|p2a: Landorus-Therian|8\/382 tox
|-heal|p1a: Aka DH|254\/364|[from] drain|[of] p2a: Landorus-Therian
|
|-heal|p2a: Landorus-Therian|31\/382 tox|[from] item: Leftovers
|-damage|p2a: Landorus-Therian|8\/382 tox|[from] psn
|turn|21
|
|move|p2a: Landorus-Therian|Earthquake|p1a: Aka DH
|-damage|p1a: Aka DH|125\/364
|move|p1a: Aka DH|Synthesis|p1a: Aka DH
|-heal|p1a: Aka DH|307\/364
|
|-heal|p2a: Landorus-Therian|31\/382 tox|[from] item: Leftovers
|-damage|p2a: Landorus-Therian|0 fnt|[from] psn
|faint|p2a: Landorus-Therian
|
|switch|p2a: Roserade|Roserade, F|235\/262
|turn|22
|
|move|p2a: Roserade|Sludge Bomb|p1a: Aka DH
|-damage|p1a: Aka DH|122\/364
|-damage|p2a: Roserade|209\/262|[from] item: Life Orb
|move|p1a: Aka DH|Giga Drain|p2a: Roserade
|-resisted|p2a: Roserade
|-damage|p2a: Roserade|182\/262
|-heal|p1a: Aka DH|136\/364|[from] drain|[of] p2a: Roserade
|
|turn|23
|chat|dukevesper|misclick?
|
|move|p2a: Roserade|Hidden Power|p1a: Aka DH
|-supereffective|p1a: Aka DH
|-damage|p1a: Aka DH|27\/364
|-damage|p2a: Roserade|156\/262|[from] item: Life Orb
|move|p1a: Aka DH|Synthesis|p1a: Aka DH
|-heal|p1a: Aka DH|209\/364
|
|turn|24
|
|switch|p1a: Bloody Sunday|Heatran, F|143\/340 slp
|-damage|p1a: Bloody Sunday|101\/340 slp|[from] Stealth Rock
|move|p2a: Roserade|Sludge Bomb|p1a: Bloody Sunday
|-immune|p1a: Bloody Sunday|[msg]
|
|turn|25
|
|switch|p2a: Keldeo|Keldeo|291\/323
|cant|p1a: Bloody Sunday|slp
|
|turn|26
|
|move|p2a: Keldeo|Calm Mind|p2a: Keldeo
|-boost|p2a: Keldeo|spa|1
|-boost|p2a: Keldeo|spd|1
|cant|p1a: Bloody Sunday|slp
|
|turn|27
|
|move|p2a: Keldeo|Calm Mind|p2a: Keldeo
|-boost|p2a: Keldeo|spa|1
|-boost|p2a: Keldeo|spd|1
|-curestatus|p1a: Bloody Sunday|slp
|move|p1a: Bloody Sunday|Toxic|p2a: Keldeo
|-status|p2a: Keldeo|tox
|
|-damage|p2a: Keldeo|271\/323 tox|[from] psn
|turn|28
|
|move|p2a: Keldeo|Secret Sword|p1a: Bloody Sunday
|-supereffective|p1a: Bloody Sunday
|-damage|p1a: Bloody Sunday|0 fnt
|-damage|p2a: Keldeo|239\/323 tox|[from] item: Life Orb
|faint|p1a: Bloody Sunday
|
|-damage|p2a: Keldeo|199\/323 tox|[from] psn
|
|switch|p1a: Aka DH|Venusaur-Mega, F|209\/364
|-damage|p1a: Aka DH|164\/364|[from] Stealth Rock
|turn|29
|
|move|p2a: Keldeo|Hydro Pump|p1a: Aka DH
|-resisted|p1a: Aka DH
|-damage|p1a: Aka DH|0 fnt
|-damage|p2a: Keldeo|167\/323 tox|[from] item: Life Orb
|faint|p1a: Aka DH
|
|-damage|p2a: Keldeo|107\/323 tox|[from] psn
|
|switch|p1a: wish killer|Keldeo|323\/323
|-damage|p1a: wish killer|303\/323|[from] Stealth Rock
|turn|30
|
|move|p2a: Keldeo|Hidden Power|p1a: wish killer
|-supereffective|p1a: wish killer
|-damage|p1a: wish killer|0 fnt
|-damage|p2a: Keldeo|75\/323 tox|[from] item: Life Orb
|faint|p1a: wish killer
|
|-damage|p2a: Keldeo|0 fnt|[from] psn
|faint|p2a: Keldeo
|
|switch|p2a: Roserade|Roserade, F|156\/262
|switch|p1a: Zenzo|Bisharp, M|334\/334
|-damage|p1a: Zenzo|314\/334|[from] Stealth Rock
|turn|31
|
|move|p2a: Roserade|Sleep Powder|p1a: Zenzo
|-status|p1a: Zenzo|slp
|cant|p1a: Zenzo|slp
|
|-heal|p1a: Zenzo|334\/334 slp|[from] item: Leftovers
|turn|32
|
|move|p2a: Roserade|Hidden Power|p1a: Zenzo
|-supereffective|p1a: Zenzo
|-damage|p1a: Zenzo|0 fnt
|-damage|p2a: Roserade|130\/262|[from] item: Life Orb
|faint|p1a: Zenzo
|
|win|dukevesper
|raw|Ladder updating...
|raw|Haterss gonna hate's rating: 1000 &rarr; <strong>1000<\/strong><br \/>(+0 for losing)
|raw|dukevesper's rating: 1000 &rarr; <strong>1040<\/strong><br \/>(+40 for winning)
|chat|dukevesper|this battle has been intense, GG
|leave|Haterss gonna hate
|player|p1