|join|dukevesper
|join|TurkeyALT
|player|p1|dukevesper|290
|player|p2|TurkeyALT|10
|gametype|singles
|gen|6
|tier|OU (suspect test)
|rated
|clearpoke
|poke|p1|Metagross
|poke|p1|Landorus-Therian, M
|poke|p1|Talonflame, F
|poke|p1|Latios, M
|poke|p1|Clefable, M
|poke|p1|Magnezone
|poke|p2|Sableye, M
|poke|p2|Dragonite, F
|poke|p2|Sylveon, F
|poke|p2|Jirachi
|poke|p2|Tentacruel, F
|poke|p2|Hippowdon, F
|rule|Swagger Clause: Swagger is banned
|rule|Baton Pass Clause: Limit one PokÃ©mon knowing Baton Pass
|rule|Sleep Clause Mod: Limit one foe put to sleep
|rule|Species Clause: Limit one of each PokÃ©mon
|rule|OHKO Clause: OHKO moves are banned
|rule|Moody Clause: Moody is banned
|rule|Evasion Moves Clause: Evasion moves are banned
|rule|Endless Battle Clause: Forcing endless battles is banned
|rule|HP Percentage Mod: HP is shown in percentages
|teampreview
|
|start
|switch|p1a: Megure|Landorus-Therian, M|382\/382
|switch|p2a: Sableye|Sableye, M|303\/303
|-ability|p1a: Megure|Intimidate|[of] p2a: Sableye
|-unboost|p2a: Sableye|atk|1
|turn|1
|
|switch|p1a: Colleen|Clefable, M|394\/394
|detailschange|p2a: Sableye|Sableye-Mega, M
|-mega|p2a: Sableye|Sableye|Sablenite
|move|p2a: Sableye|Knock Off|p1a: Colleen
|-resisted|p1a: Colleen
|-damage|p1a: Colleen|364\/394
|-enditem|p1a: Colleen|Leftovers|[from] move: Knock Off|[of] p2a: Sableye
|
|turn|2
|
|switch|p1a: Damon Baird|Magnezone|281\/281
|switch|p2a: Jirachi|Jirachi|404\/404
|
|turn|3
|
|move|p2a: Jirachi|Fire Punch|p1a: Damon Baird
|-crit|p1a: Damon Baird
|-supereffective|p1a: Damon Baird
|-damage|p1a: Damon Baird|115\/281
|move|p1a: Damon Baird|Thunderbolt|p2a: Jirachi
|-damage|p2a: Jirachi|163\/404
|
|-heal|p2a: Jirachi|188\/404|[from] item: Leftovers
|turn|4
|
|move|p2a: Jirachi|Fire Punch|p1a: Damon Baird
|-supereffective|p1a: Damon Baird
|-damage|p1a: Damon Baird|7\/281
|move|p1a: Damon Baird|Thunderbolt|p2a: Jirachi
|-damage|p2a: Jirachi|0 fnt
|faint|p2a: Jirachi
|
|
|switch|p2a: Hippowdon|Hippowdon, F|420\/420
|turn|5
|
|switch|p1a: Colleen|Clefable, M|364\/394
|move|p2a: Hippowdon|Stealth Rock|p1a: Colleen
|-sidestart|p1: dukevesper|move: Stealth Rock
|
|turn|6
|
|switch|p2a: Tentacruel|Tentacruel, F|363\/363
|move|p1a: Colleen|Calm Mind|p1a: Colleen
|-boost|p1a: Colleen|spa|1
|-boost|p1a: Colleen|spd|1
|
|turn|7
|
|move|p2a: Tentacruel|Acid Spray|p1a: Colleen
|-supereffective|p1a: Colleen
|-damage|p1a: Colleen|308\/394
|-unboost|p1a: Colleen|spd|2
|move|p1a: Colleen|Soft-Boiled|p1a: Colleen
|-heal|p1a: Colleen|394\/394
|
|turn|8
|
|switch|p1a: Latinos|Latios, M|301\/301
|-damage|p1a: Latinos|264\/301|[from] Stealth Rock
|move|p2a: Tentacruel|Acid Spray|p1a: Latinos
|-damage|p1a: Latinos|225\/301
|-unboost|p1a: Latinos|spd|2
|
|turn|9
|
|switch|p2a: Sableye|Sableye-Mega, M|303\/303
|move|p1a: Latinos|Defog|p2a: Sableye
|move|p2a: Sableye|Defog|p1a: Latinos|[from]Magic Bounce
|-unboost|p1a: Latinos|evasion|1
|-sideend|p1: dukevesper|Stealth Rock|[from] move: Defog|[of] p1a: Latinos
|
|turn|10
|
|switch|p1a: Colleen|Clefable, M|394\/394
|move|p2a: Sableye|Recover|p2a: Sableye
|-fail|p2a: Sableye
|
|turn|11
|
|switch|p1a: Damon Baird|Magnezone|7\/281
|switch|p2a: Tentacruel|Tentacruel, F|363\/363
|
|turn|12
|
|switch|p2a: Hippowdon|Hippowdon, F|420\/420
|move|p1a: Damon Baird|Flash Cannon|p2a: Hippowdon
|-damage|p2a: Hippowdon|135\/420
|
|-heal|p2a: Hippowdon|161\/420|[from] item: Leftovers
|turn|13
|
|switch|p2a: Tentacruel|Tentacruel, F|363\/363
|move|p1a: Damon Baird|Flash Cannon|p2a: Tentacruel
|-resisted|p2a: Tentacruel
|-damage|p2a: Tentacruel|279\/363
|
|-heal|p2a: Tentacruel|301\/363|[from] item: Black Sludge
|turn|14
|
|switch|p1a: Latinos|Latios, M|225\/301
|move|p2a: Tentacruel|Knock Off|p1a: Latinos
|-supereffective|p1a: Latinos
|-damage|p1a: Latinos|75\/301
|-enditem|p1a: Latinos|Life Orb|[from] move: Knock Off|[of] p2a: Tentacruel
|
|-heal|p2a: Tentacruel|323\/363|[from] item: Black Sludge
|turn|15
|
|switch|p2a: Sylveon|Sylveon, F|393\/393
|move|p1a: Latinos|Draco Meteor|p2a: Sylveon
|-immune|p2a: Sylveon|[msg]
|
|turn|16
|
|switch|p1a: Xperia|Metagross|301\/301
|move|p2a: Sylveon|Wish|p2a: Sylveon
|
|turn|17
|
|switch|p2a: Hippowdon|Hippowdon, F|161\/420
|detailschange|p1a: Xperia|Metagross-Mega
|-mega|p1a: Xperia|Metagross|Metagrossite
|move|p1a: Xperia|Meteor Mash|p2a: Hippowdon
|-damage|p2a: Hippowdon|10\/420
|
|-heal|p2a: Hippowdon|206\/420|[from] move: Wish|[wisher] Sylveon
|-heal|p2a: Hippowdon|232\/420|[from] item: Leftovers
|turn|18
|
|move|p1a: Xperia|Zen Headbutt|p2a: Hippowdon
|-damage|p2a: Hippowdon|105\/420
|move|p2a: Hippowdon|Slack Off|p2a: Hippowdon
|-heal|p2a: Hippowdon|315\/420
|
|-heal|p2a: Hippowdon|341\/420|[from] item: Leftovers
|turn|19
|
|switch|p1a: Latinos|Latios, M|75\/301
|move|p2a: Hippowdon|Earthquake|p1a: Latinos
|-immune|p1a: Latinos|[msg]
|
|-heal|p2a: Hippowdon|367\/420|[from] item: Leftovers
|turn|20
|
|switch|p2a: Sylveon|Sylveon, F|393\/393
|move|p1a: Latinos|Psyshock|p2a: Sylveon
|-damage|p2a: Sylveon|258\/393
|
|-heal|p2a: Sylveon|282\/393|[from] item: Leftovers
|turn|21
|
|move|p1a: Latinos|Psyshock|p2a: Sylveon
|-crit|p2a: Sylveon
|-damage|p2a: Sylveon|71\/393
|move|p2a: Sylveon|Wish|p2a: Sylveon
|
|-heal|p2a: Sylveon|95\/393|[from] item: Leftovers
|turn|22
|c|âdukevesper|watch this play
|c|âdukevesper|roost on a protect
|
|move|p2a: Sylveon|Protect|p2a: Sylveon
|-singleturn|p2a: Sylveon|Protect
|move|p1a: Latinos|Psyshock|p2a: Sylveon
|-activate|p2a: Sylveon|Protect
|
|-heal|p2a: Sylveon|291\/393|[from] move: Wish|[wisher] Sylveon
|-heal|p2a: Sylveon|315\/393|[from] item: Leftovers
|turn|23
|c|âTurkeyALT|lol
|
|switch|p1a: Xperia|Metagross-Mega|301\/301
|move|p2a: Sylveon|Wish|p2a: Sylveon
|
|-heal|p2a: Sylveon|339\/393|[from] item: Leftovers
|turn|24
|
|switch|p2a: Sableye|Sableye-Mega, M|303\/303
|move|p1a: Xperia|Meteor Mash|p2a: Sableye
|-damage|p2a: Sableye|105\/303
|
|-heal|p2a: Sableye|301\/303|[from] move: Wish|[wisher] Sylveon
|turn|25
|
|switch|p1a: Colleen|Clefable, M|394\/394
|switch|p2a: Tentacruel|Tentacruel, F|323\/363
|
|-heal|p2a: Tentacruel|345\/363|[from] item: Black Sludge
|turn|26
|
|switch|p1a: Xperia|Metagross-Mega|301\/301
|move|p2a: Tentacruel|Scald|p1a: Xperia
|-damage|p1a: Xperia|222\/301
|-status|p1a: Xperia|brn
|
|-heal|p2a: Tentacruel|363\/363|[from] item: Black Sludge
|-damage|p1a: Xperia|185\/301 brn|[from] brn
|turn|27
|
|switch|p1a: Damon Baird|Magnezone|7\/281
|switch|p2a: Hippowdon|Hippowdon, F|367\/420
|
|-heal|p2a: Hippowdon|393\/420|[from] item: Leftovers
|turn|28
|
|switch|p2a: Dragonite|Dragonite, F|377\/377
|move|p1a: Damon Baird|Volt Switch|p2a: Dragonite
|-damage|p2a: Dragonite|296\/377
|
|switch|p1a: Colleen|Clefable, M|394\/394
|
|-heal|p2a: Dragonite|319\/377|[from] item: Leftovers
|turn|29
|
|switch|p2a: Tentacruel|Tentacruel, F|363\/363
|switch|p1a: Damon Baird|Magnezone|7\/281
|
|turn|30
|
|switch|p2a: Dragonite|Dragonite, F|319\/377
|move|p1a: Damon Baird|Volt Switch|p2a: Dragonite
|-damage|p2a: Dragonite|145\/377
|
|switch|p1a: Colleen|Clefable, M|394\/394
|
|-heal|p2a: Dragonite|168\/377|[from] item: Leftovers
|turn|31
|
|switch|p2a: Hippowdon|Hippowdon, F|393\/420
|move|p1a: Colleen|Moonblast|p2a: Hippowdon
|-damage|p2a: Hippowdon|248\/420
|
|-heal|p2a: Hippowdon|274\/420|[from] item: Leftovers
|turn|32
|
|move|p1a: Colleen|Calm Mind|p1a: Colleen
|-boost|p1a: Colleen|spa|1
|-boost|p1a: Colleen|spd|1
|move|p2a: Hippowdon|Stealth Rock|p1a: Colleen
|-sidestart|p1: dukevesper|move: Stealth Rock
|
|-heal|p2a: Hippowdon|300\/420|[from] item: Leftovers
|turn|33
|
|switch|p2a: Tentacruel|Tentacruel, F|363\/363
|move|p1a: Colleen|Moonblast|p2a: Tentacruel
|-resisted|p2a: Tentacruel
|-damage|p2a: Tentacruel|311\/363
|-unboost|p2a: Tentacruel|spa|1
|
|-heal|p2a: Tentacruel|333\/363|[from] item: Black Sludge
|turn|34
|
|move|p2a: Tentacruel|Acid Spray|p1a: Colleen
|-supereffective|p1a: Colleen
|-damage|p1a: Colleen|356\/394
|-unboost|p1a: Colleen|spd|2
|move|p1a: Colleen|Moonblast|p2a: Tentacruel
|-resisted|p2a: Tentacruel
|-damage|p2a: Tentacruel|284\/363
|-unboost|p2a: Tentacruel|spa|1
|
|-heal|p2a: Tentacruel|306\/363|[from] item: Black Sludge
|turn|35
|
|move|p2a: Tentacruel|Acid Spray|p1a: Colleen
|-supereffective|p1a: Colleen
|-damage|p1a: Colleen|288\/394
|-unboost|p1a: Colleen|spd|2
|move|p1a: Colleen|Calm Mind|p1a: Colleen
|-boost|p1a: Colleen|spa|1
|-boost|p1a: Colleen|spd|1
|
|-heal|p2a: Tentacruel|328\/363|[from] item: Black Sludge
|turn|36
|
|move|p2a: Tentacruel|Acid Spray|p1a: Colleen
|-supereffective|p1a: Colleen
|-damage|p1a: Colleen|192\/394
|-unboost|p1a: Colleen|spd|2
|move|p1a: Colleen|Moonblast|p2a: Tentacruel
|-crit|p2a: Tentacruel
|-resisted|p2a: Tentacruel
|-damage|p2a: Tentacruel|217\/363
|
|-heal|p2a: Tentacruel|239\/363|[from] item: Black Sludge
|turn|37
|
|move|p2a: Tentacruel|Acid Spray|p1a: Colleen
|-supereffective|p1a: Colleen
|-damage|p1a: Colleen|70\/394
|-unboost|p1a: Colleen|spd|2
|move|p1a: Colleen|Soft-Boiled|p1a: Colleen
|-heal|p1a: Colleen|267\/394
|
|-heal|p2a: Tentacruel|261\/363|[from] item: Black Sludge
|turn|38
|
|switch|p1a: Xperia|Metagross-Mega|185\/301 brn
|-damage|p1a: Xperia|167\/301 brn|[from] Stealth Rock
|move|p2a: Tentacruel|Acid Spray|p1a: Xperia
|-immune|p1a: Xperia|[msg]
|
|-heal|p2a: Tentacruel|283\/363|[from] item: Black Sludge
|-damage|p1a: Xperia|130\/301 brn|[from] brn
|turn|39
|
|switch|p1a: Latinos|Latios, M|75\/301
|-damage|p1a: Latinos|38\/301|[from] Stealth Rock
|switch|p2a: Hippowdon|Hippowdon, F|300\/420
|
|-heal|p2a: Hippowdon|326\/420|[from] item: Leftovers
|turn|40
|
|switch|p2a: Sylveon|Sylveon, F|339\/393
|move|p1a: Latinos|Defog|p2a: Sylveon
|-unboost|p2a: Sylveon|evasion|1
|-sideend|p1: dukevesper|Stealth Rock|[from] move: Defog|[of] p1a: Latinos
|
|-heal|p2a: Sylveon|363\/393|[from] item: Leftovers
|turn|41
|
|move|p1a: Latinos|Psyshock|p2a: Sylveon
|-damage|p2a: Sylveon|216\/393
|move|p2a: Sylveon|Wish|p2a: Sylveon
|
|-heal|p2a: Sylveon|240\/393|[from] item: Leftovers
|turn|42
|
|move|p1a: Latinos|Draco Meteor|p2a: Sylveon
|-immune|p2a: Sylveon|[msg]
|move|p2a: Sylveon|Hyper Voice|p1a: Latinos
|-supereffective|p1a: Latinos
|-damage|p1a: Latinos|0 fnt
|faint|p1a: Latinos
|
|-heal|p2a: Sylveon|393\/393|[from] move: Wish|[wisher] Sylveon
|
|switch|p1a: TOASTY|Talonflame, F|298\/298
|turn|43
|
|move|p1a: TOASTY|Swords Dance|p1a: TOASTY
|-boost|p1a: TOASTY|atk|2
|move|p2a: Sylveon|Wish|p2a: Sylveon
|
|turn|44
|
|switch|p2a: Hippowdon|Hippowdon, F|326\/420
|move|p1a: TOASTY|Swords Dance|p1a: TOASTY
|-boost|p1a: TOASTY|atk|2
|
|-heal|p2a: Hippowdon|420\/420|[from] move: Wish|[wisher] Sylveon
|turn|45
|
|move|p1a: TOASTY|Brave Bird|p2a: Hippowdon
|-damage|p2a: Hippowdon|63\/420
|-damage|p1a: TOASTY|180\/298|[from] recoil|[of] p2a: Hippowdon
|move|p2a: Hippowdon|Whirlwind|p1a: TOASTY
|drag|p1a: Damon Baird|Magnezone|7\/281
|
|-heal|p2a: Hippowdon|89\/420|[from] item: Leftovers
|turn|46
|
|move|p1a: Damon Baird|Flash Cannon|p2a: Hippowdon
|-damage|p2a: Hippowdon|0 fnt
|faint|p2a: Hippowdon
|
|
|switch|p2a: Tentacruel|Tentacruel, F|283\/363
|turn|47
|
|switch|p1a: Xperia|Metagross-Mega|130\/301 brn
|move|p2a: Tentacruel|Knock Off|p1a: Xperia
|-supereffective|p1a: Xperia
|-damage|p1a: Xperia|84\/301 brn
|
|-heal|p2a: Tentacruel|305\/363|[from] item: Black Sludge
|-damage|p1a: Xperia|47\/301 brn|[from] brn
|turn|48
|
|move|p1a: Xperia|Zen Headbutt|p2a: Tentacruel
|-supereffective|p2a: Tentacruel
|-damage|p2a: Tentacruel|27\/363
|cant|p2a: Tentacruel|flinch
|
|-heal|p2a: Tentacruel|49\/363|[from] item: Black Sludge
|-damage|p1a: Xperia|10\/301 brn|[from] brn
|turn|49
|
|switch|p2a: Sableye|Sableye-Mega, M|301\/303
|move|p1a: Xperia|Meteor Mash|p2a: Sableye|[miss]
|-miss|p1a: Xperia|p2a: Sableye
|
|-damage|p1a: Xperia|0 fnt|[from] brn
|faint|p1a: Xperia
|
|switch|p1a: Colleen|Clefable, M|267\/394
|turn|50
|
|switch|p2a: Tentacruel|Tentacruel, F|49\/363
|move|p1a: Colleen|Calm Mind|p1a: Colleen
|-boost|p1a: Colleen|spa|1
|-boost|p1a: Colleen|spd|1
|
|-heal|p2a: Tentacruel|71\/363|[from] item: Black Sludge
|turn|51
|
|move|p2a: Tentacruel|Acid Spray|p1a: Colleen
|-supereffective|p1a: Colleen
|-damage|p1a: Colleen|211\/394
|-unboost|p1a: Colleen|spd|2
|move|p1a: Colleen|Moonblast|p2a: Tentacruel
|-resisted|p2a: Tentacruel
|-damage|p2a: Tentacruel|20\/363
|
|-heal|p2a: Tentacruel|42\/363|[from] item: Black Sludge
|turn|52
|
|move|p2a: Tentacruel|Acid Spray|p1a: Colleen
|-supereffective|p1a: Colleen
|-damage|p1a: Colleen|77\/394
|-unboost|p1a: Colleen|spd|2
|move|p1a: Colleen|Soft-Boiled|p1a: Colleen
|-heal|p1a: Colleen|274\/394
|
|-heal|p2a: Tentacruel|64\/363|[from] item: Black Sludge
|turn|53
|
|switch|p1a: Damon Baird|Magnezone|7\/281
|move|p2a: Tentacruel|Acid Spray|p1a: Damon Baird
|-immune|p1a: Damon Baird|[msg]
|
|-heal|p2a: Tentacruel|86\/363|[from] item: Black Sludge
|turn|54
|
|switch|p2a: Sableye|Sableye-Mega, M|301\/303
|move|p1a: Damon Baird|Volt Switch|p2a: Sableye
|-damage|p2a: Sableye|177\/303
|
|switch|p1a: Colleen|Clefable, M|274\/394
|
|turn|55
|
|switch|p1a: Megure|Landorus-Therian, M|382\/382
|-ability|p1a: Megure|Intimidate|[of] p2a: Sableye
|-unboost|p2a: Sableye|atk|1
|switch|p2a: Tentacruel|Tentacruel, F|86\/363
|
|-heal|p2a: Tentacruel|108\/363|[from] item: Black Sludge
|turn|56
|
|switch|p2a: Dragonite|Dragonite, F|168\/377
|move|p1a: Megure|Knock Off|p2a: Dragonite
|-damage|p2a: Dragonite|60\/377
|-enditem|p2a: Dragonite|Leftovers|[from] move: Knock Off|[of] p1a: Megure
|
|turn|57
|
|move|p1a: Megure|Knock Off|p2a: Dragonite
|-damage|p2a: Dragonite|0 fnt
|faint|p2a: Dragonite
|
|
|switch|p2a: Sylveon|Sylveon, F|393\/393
|turn|58
|
|move|p1a: Megure|Stealth Rock|p2a: Sylveon
|-sidestart|p2: TurkeyALT|move: Stealth Rock
|move|p2a: Sylveon|Hyper Voice|p1a: Megure
|-damage|p1a: Megure|207\/382
|
|-heal|p1a: Megure|230\/382|[from] item: Leftovers
|turn|59
|
|move|p1a: Megure|Earthquake|p2a: Sylveon
|-damage|p2a: Sylveon|240\/393
|move|p2a: Sylveon|Wish|p2a: Sylveon
|
|-heal|p1a: Megure|253\/382|[from] item: Leftovers
|-heal|p2a: Sylveon|264\/393|[from] item: Leftovers
|turn|60
|
|switch|p2a: Sableye|Sableye-Mega, M|177\/303
|-damage|p2a: Sableye|140\/303|[from] Stealth Rock
|move|p1a: Megure|Earthquake|p2a: Sableye
|-damage|p2a: Sableye|10\/303
|
|-heal|p2a: Sableye|206\/303|[from] move: Wish|[wisher] Sylveon
|-heal|p1a: Megure|276\/382|[from] item: Leftovers
|turn|61
|
|switch|p2a: Sylveon|Sylveon, F|264\/393
|-damage|p2a: Sylveon|215\/393|[from] Stealth Rock
|move|p1a: Megure|Earthquake|p2a: Sylveon
|-damage|p2a: Sylveon|64\/393
|
|-heal|p1a: Megure|299\/382|[from] item: Leftovers
|-heal|p2a: Sylveon|88\/393|[from] item: Leftovers
|turn|62
|
|move|p1a: Megure|Earthquake|p2a: Sylveon
|-damage|p2a: Sylveon|0 fnt
|faint|p2a: Sylveon
|
|-heal|p1a: Megure|322\/382|[from] item: Leftovers
|-message|TurkeyALT forfeited.
|c|âdukevesper|finally broke this fat core
|leave|TurkeyALT
|
|win|dukevesper
|raw|Ladder updating...
|player|p2
|raw|dukevesper's rating: 1424 &rarr; <strong>1440<\/strong><br \/>(+16 for winning)
|raw|TurkeyALT's rating: 1345 &rarr; <strong>1330<\/strong><br \/>(-15 for losing)