|join|dukevesper
|join|tbr
|player|p1|dukevesper|290
|player|p2|tbr|1
|gametype|singles
|gen|6
|tier|OU (suspect test)
|rated
|clearpoke
|poke|p1|Metagross
|poke|p1|Landorus-Therian, M
|poke|p1|Talonflame, F
|poke|p1|Latios, M
|poke|p1|Clefable, M
|poke|p1|Magnezone
|poke|p2|Ferrothorn, F
|poke|p2|Gliscor, M
|poke|p2|Kabutops, F
|poke|p2|Ampharos, M
|poke|p2|Politoed, F
|poke|p2|Tentacruel, F
|rule|Swagger Clause: Swagger is banned
|rule|Baton Pass Clause: Limit one PokÃ©mon knowing Baton Pass
|rule|Sleep Clause Mod: Limit one foe put to sleep
|rule|Species Clause: Limit one of each PokÃ©mon
|rule|OHKO Clause: OHKO moves are banned
|rule|Moody Clause: Moody is banned
|rule|Evasion Moves Clause: Evasion moves are banned
|rule|Endless Battle Clause: Forcing endless battles is banned
|rule|HP Percentage Mod: HP is shown in percentages
|teampreview
|
|start
|switch|p1a: Magnezone|Magnezone|281\/281
|switch|p2a: Gliscor|Gliscor, M|352\/352
|turn|1
|
|move|p2a: Gliscor|Earthquake|p1a: Magnezone
|-supereffective|p1a: Magnezone
|-damage|p1a: Magnezone|0 fnt
|faint|p1a: Magnezone
|
|-status|p2a: Gliscor|tox|[from] item: Toxic Orb
|
|switch|p1a: Latios|Latios, M|301\/301
|turn|2
|
|move|p1a: Latios|Draco Meteor|p2a: Gliscor
|-damage|p2a: Gliscor|0 fnt
|-unboost|p1a: Latios|spa|2
|-damage|p1a: Latios|271\/301|[from] item: Life Orb
|faint|p2a: Gliscor
|
|
|switch|p2a: Ferrothorn|Ferrothorn, F|352\/352
|turn|3
|
|switch|p1a: Talonflame|Talonflame, F|298\/298
|move|p2a: Ferrothorn|Stealth Rock|p1a: Talonflame
|-sidestart|p1: dukevesper|move: Stealth Rock
|
|turn|4
|
|switch|p2a: Ampharos|Ampharos, M|321\/321
|move|p1a: Talonflame|Swords Dance|p1a: Talonflame
|-boost|p1a: Talonflame|atk|2
|
|turn|5
|
|detailschange|p2a: Ampharos|Ampharos-Mega, M
|-mega|p2a: Ampharos|Ampharos|Ampharosite
|-ability|p2a: Ampharos|Mold Breaker
|move|p1a: Talonflame|U-turn|p2a: Ampharos
|-damage|p2a: Ampharos|204\/321
|
|switch|p1a: Landorus-Therian|Landorus-Therian, M|382\/382
|-damage|p1a: Landorus-Therian|335\/382|[from] Stealth Rock
|-ability|p1a: Landorus-Therian|Intimidate|[of] p2a: Ampharos
|-unboost|p2a: Ampharos|atk|1
|move|p2a: Ampharos|Dragon Pulse|p1a: Landorus-Therian
|-damage|p1a: Landorus-Therian|110\/382
|
|-heal|p1a: Landorus-Therian|133\/382|[from] item: Leftovers
|turn|6
|
|switch|p1a: Clefable|Clefable, M|394\/394
|move|p2a: Ampharos|Dragon Pulse|p1a: Clefable
|-immune|p1a: Clefable|[msg]
|
|turn|7
|
|switch|p2a: Tentacruel|Tentacruel, F|354\/354
|move|p1a: Clefable|Calm Mind|p1a: Clefable
|-boost|p1a: Clefable|spa|1
|-boost|p1a: Clefable|spd|1
|
|turn|8
|
|switch|p1a: Latios|Latios, M|271\/301
|-damage|p1a: Latios|234\/301|[from] Stealth Rock
|move|p2a: Tentacruel|Acid Spray|p1a: Latios
|-crit|p1a: Latios
|-damage|p1a: Latios|176\/301
|-unboost|p1a: Latios|spd|2
|
|turn|9
|
|switch|p2a: Ferrothorn|Ferrothorn, F|352\/352
|move|p1a: Latios|Defog|p2a: Ferrothorn
|-unboost|p2a: Ferrothorn|evasion|1
|-sideend|p1: dukevesper|Stealth Rock|[from] move: Defog|[of] p1a: Latios
|
|turn|10
|
|switch|p2a: Kabutops|Kabutops, F|261\/261
|move|p1a: Latios|Draco Meteor|p2a: Kabutops
|-damage|p2a: Kabutops|0 fnt
|-unboost|p1a: Latios|spa|2
|-damage|p1a: Latios|146\/301|[from] item: Life Orb
|faint|p2a: Kabutops
|
|
|switch|p2a: Ferrothorn|Ferrothorn, F|352\/352
|turn|11
|
|switch|p1a: Talonflame|Talonflame, F|298\/298
|move|p2a: Ferrothorn|Leech Seed|p1a: Talonflame
|-start|p1a: Talonflame|move: Leech Seed
|
|-damage|p1a: Talonflame|261\/298|[from] Leech Seed|[of] p2a: Ferrothorn
|turn|12
|
|switch|p2a: Ampharos|Ampharos-Mega, M|204\/321
|-ability|p2a: Ampharos|Mold Breaker
|move|p1a: Talonflame|U-turn|p2a: Ampharos
|-damage|p2a: Ampharos|142\/321
|
|switch|p1a: Clefable|Clefable, M|394\/394
|
|turn|13
|
|switch|p1a: Latios|Latios, M|146\/301
|move|p2a: Ampharos|Thunder|p1a: Latios
|-resisted|p1a: Latios
|-damage|p1a: Latios|31\/301
|
|turn|14
|
|switch|p2a: Ferrothorn|Ferrothorn, F|352\/352
|move|p1a: Latios|Draco Meteor|p2a: Ferrothorn|[miss]
|-miss|p1a: Latios|p2a: Ferrothorn
|
|turn|15
|
|move|p1a: Latios|Draco Meteor|p2a: Ferrothorn
|-resisted|p2a: Ferrothorn
|-damage|p2a: Ferrothorn|251\/352
|-unboost|p1a: Latios|spa|2
|-damage|p1a: Latios|1\/301|[from] item: Life Orb
|move|p2a: Ferrothorn|Stealth Rock|p1a: Latios
|-sidestart|p1: dukevesper|move: Stealth Rock
|
|-heal|p2a: Ferrothorn|273\/352|[from] item: Leftovers
|turn|16
|
|move|p1a: Latios|Defog|p2a: Ferrothorn
|-unboost|p2a: Ferrothorn|evasion|1
|-sideend|p1: dukevesper|Stealth Rock|[from] move: Defog|[of] p1a: Latios
|move|p2a: Ferrothorn|Stealth Rock|p1a: Latios
|-sidestart|p1: dukevesper|move: Stealth Rock
|
|-heal|p2a: Ferrothorn|295\/352|[from] item: Leftovers
|turn|17
|
|move|p1a: Latios|Defog|p2a: Ferrothorn
|-unboost|p2a: Ferrothorn|evasion|1
|-sideend|p1: dukevesper|Stealth Rock|[from] move: Defog|[of] p1a: Latios
|move|p2a: Ferrothorn|Stealth Rock|p1a: Latios
|-sidestart|p1: dukevesper|move: Stealth Rock
|
|-heal|p2a: Ferrothorn|317\/352|[from] item: Leftovers
|turn|18
|
|move|p1a: Latios|Defog|p2a: Ferrothorn
|-unboost|p2a: Ferrothorn|evasion|1
|-sideend|p1: dukevesper|Stealth Rock|[from] move: Defog|[of] p1a: Latios
|move|p2a: Ferrothorn|Stealth Rock|p1a: Latios
|-sidestart|p1: dukevesper|move: Stealth Rock
|
|-heal|p2a: Ferrothorn|339\/352|[from] item: Leftovers
|turn|19
|
|move|p1a: Latios|Defog|p2a: Ferrothorn
|-unboost|p2a: Ferrothorn|evasion|1
|-sideend|p1: dukevesper|Stealth Rock|[from] move: Defog|[of] p1a: Latios
|move|p2a: Ferrothorn|Stealth Rock|p1a: Latios
|-sidestart|p1: dukevesper|move: Stealth Rock
|
|-heal|p2a: Ferrothorn|352\/352|[from] item: Leftovers
|turn|20
|
|move|p1a: Latios|Defog|p2a: Ferrothorn
|-unboost|p2a: Ferrothorn|evasion|1
|-sideend|p1: dukevesper|Stealth Rock|[from] move: Defog|[of] p1a: Latios
|move|p2a: Ferrothorn|Stealth Rock|p1a: Latios
|-sidestart|p1: dukevesper|move: Stealth Rock
|
|turn|21
|
|move|p1a: Latios|Defog|p2a: Ferrothorn
|-unboost|p2a: Ferrothorn|evasion|1
|-sideend|p1: dukevesper|Stealth Rock|[from] move: Defog|[of] p1a: Latios
|move|p2a: Ferrothorn|Stealth Rock|p1a: Latios
|-sidestart|p1: dukevesper|move: Stealth Rock
|
|turn|22
|
|move|p1a: Latios|Defog|p2a: Ferrothorn
|-sideend|p1: dukevesper|Stealth Rock|[from] move: Defog|[of] p1a: Latios
|move|p2a: Ferrothorn|Stealth Rock|p1a: Latios
|-sidestart|p1: dukevesper|move: Stealth Rock
|
|turn|23
|
|move|p1a: Latios|Defog|p2a: Ferrothorn
|-sideend|p1: dukevesper|Stealth Rock|[from] move: Defog|[of] p1a: Latios
|move|p2a: Ferrothorn|Stealth Rock|p1a: Latios
|-sidestart|p1: dukevesper|move: Stealth Rock
|
|turn|24
|
|move|p1a: Latios|Defog|p2a: Ferrothorn
|-sideend|p1: dukevesper|Stealth Rock|[from] move: Defog|[of] p1a: Latios
|move|p2a: Ferrothorn|Stealth Rock|p1a: Latios
|-sidestart|p1: dukevesper|move: Stealth Rock
|
|turn|25
|
|move|p1a: Latios|Defog|p2a: Ferrothorn
|-sideend|p1: dukevesper|Stealth Rock|[from] move: Defog|[of] p1a: Latios
|move|p2a: Ferrothorn|Stealth Rock|p1a: Latios
|-sidestart|p1: dukevesper|move: Stealth Rock
|
|turn|26
|
|switch|p1a: Clefable|Clefable, M|394\/394
|move|p2a: Ferrothorn|Stealth Rock|p1a: Clefable
|-fail|p1a: Clefable
|
|turn|27
|
|move|p1a: Clefable|Calm Mind|p1a: Clefable
|-boost|p1a: Clefable|spa|1
|-boost|p1a: Clefable|spd|1
|move|p2a: Ferrothorn|Gyro Ball|p1a: Clefable
|-supereffective|p1a: Clefable
|-damage|p1a: Clefable|208\/394
|
|-heal|p1a: Clefable|232\/394|[from] item: Leftovers
|turn|28
|
|switch|p2a: Tentacruel|Tentacruel, F|354\/354
|move|p1a: Clefable|Fire Blast|p2a: Tentacruel
|-resisted|p2a: Tentacruel
|-damage|p2a: Tentacruel|303\/354
|
|-heal|p2a: Tentacruel|325\/354|[from] item: Black Sludge
|-heal|p1a: Clefable|256\/394|[from] item: Leftovers
|turn|29
|
|move|p2a: Tentacruel|Acid Spray|p1a: Clefable
|-supereffective|p1a: Clefable
|-damage|p1a: Clefable|202\/394
|-unboost|p1a: Clefable|spd|2
|move|p1a: Clefable|Soft-Boiled|p1a: Clefable
|-heal|p1a: Clefable|394\/394
|
|-heal|p2a: Tentacruel|347\/354|[from] item: Black Sludge
|turn|30
|
|switch|p1a: Metagross|Metagross|301\/301
|-damage|p1a: Metagross|283\/301|[from] Stealth Rock
|move|p2a: Tentacruel|Acid Spray|p1a: Metagross
|-immune|p1a: Metagross|[msg]
|
|-heal|p2a: Tentacruel|354\/354|[from] item: Black Sludge
|turn|31
|
|switch|p2a: Ferrothorn|Ferrothorn, F|352\/352
|detailschange|p1a: Metagross|Metagross-Mega
|-mega|p1a: Metagross|Metagross|Metagrossite
|move|p1a: Metagross|Earthquake|p2a: Ferrothorn
|-damage|p2a: Ferrothorn|256\/352
|
|-heal|p2a: Ferrothorn|278\/352|[from] item: Leftovers
|turn|32
|
|switch|p1a: Clefable|Clefable, M|394\/394
|move|p2a: Ferrothorn|Leech Seed|p1a: Clefable
|-start|p1a: Clefable|move: Leech Seed
|
|-heal|p2a: Ferrothorn|300\/352|[from] item: Leftovers
|turn|33
|
|switch|p2a: Tentacruel|Tentacruel, F|354\/354
|move|p1a: Clefable|Calm Mind|p1a: Clefable
|-boost|p1a: Clefable|spa|1
|-boost|p1a: Clefable|spd|1
|
|turn|34
|
|move|p2a: Tentacruel|Acid Spray|p1a: Clefable
|-supereffective|p1a: Clefable
|-damage|p1a: Clefable|340\/394
|-unboost|p1a: Clefable|spd|2
|move|p1a: Clefable|Moonblast|p2a: Tentacruel
|-resisted|p2a: Tentacruel
|-damage|p2a: Tentacruel|291\/354
|-unboost|p2a: Tentacruel|spa|1
|
|-heal|p2a: Tentacruel|313\/354|[from] item: Black Sludge
|-heal|p1a: Clefable|364\/394|[from] item: Leftovers
|turn|35
|
|move|p2a: Tentacruel|Acid Spray|p1a: Clefable
|-supereffective|p1a: Clefable
|-damage|p1a: Clefable|278\/394
|-unboost|p1a: Clefable|spd|2
|move|p1a: Clefable|Soft-Boiled|p1a: Clefable
|-heal|p1a: Clefable|394\/394
|
|-heal|p2a: Tentacruel|335\/354|[from] item: Black Sludge
|turn|36
|
|switch|p1a: Landorus-Therian|Landorus-Therian, M|133\/382
|-damage|p1a: Landorus-Therian|86\/382|[from] Stealth Rock
|-ability|p1a: Landorus-Therian|Intimidate|[of] p2a: Tentacruel
|-unboost|p2a: Tentacruel|atk|1
|move|p2a: Tentacruel|Scald|p1a: Landorus-Therian
|-supereffective|p1a: Landorus-Therian
|-damage|p1a: Landorus-Therian|0 fnt
|faint|p1a: Landorus-Therian
|
|-heal|p2a: Tentacruel|354\/354|[from] item: Black Sludge
|
|switch|p1a: Metagross|Metagross-Mega|283\/301
|-damage|p1a: Metagross|265\/301|[from] Stealth Rock
|turn|37
|
|switch|p1a: Clefable|Clefable, M|394\/394
|switch|p2a: Ferrothorn|Ferrothorn, F|300\/352
|
|-heal|p2a: Ferrothorn|322\/352|[from] item: Leftovers
|turn|38
|
|switch|p2a: Tentacruel|Tentacruel, F|354\/354
|move|p1a: Clefable|Fire Blast|p2a: Tentacruel
|-resisted|p2a: Tentacruel
|-damage|p2a: Tentacruel|319\/354
|-status|p2a: Tentacruel|brn
|
|-heal|p2a: Tentacruel|341\/354 brn|[from] item: Black Sludge
|-damage|p2a: Tentacruel|297\/354 brn|[from] brn
|turn|39
|
|switch|p1a: Metagross|Metagross-Mega|265\/301
|-damage|p1a: Metagross|247\/301|[from] Stealth Rock
|move|p2a: Tentacruel|Acid Spray|p1a: Metagross
|-immune|p1a: Metagross|[msg]
|
|-heal|p2a: Tentacruel|319\/354 brn|[from] item: Black Sludge
|-damage|p2a: Tentacruel|275\/354 brn|[from] brn
|turn|40
|
|switch|p2a: Ferrothorn|Ferrothorn, F|322\/352
|move|p1a: Metagross|Earthquake|p2a: Ferrothorn
|-damage|p2a: Ferrothorn|221\/352
|
|-heal|p2a: Ferrothorn|243\/352|[from] item: Leftovers
|turn|41
|
|move|p1a: Metagross|Earthquake|p2a: Ferrothorn
|-damage|p2a: Ferrothorn|141\/352
|move|p2a: Ferrothorn|Gyro Ball|p1a: Metagross
|-resisted|p1a: Metagross
|-damage|p1a: Metagross|190\/301
|
|-heal|p2a: Ferrothorn|163\/352|[from] item: Leftovers
|turn|42
|
|move|p1a: Metagross|Earthquake|p2a: Ferrothorn
|-damage|p2a: Ferrothorn|63\/352
|move|p2a: Ferrothorn|Leech Seed|p1a: Metagross
|-start|p1a: Metagross|move: Leech Seed
|
|-heal|p2a: Ferrothorn|85\/352|[from] item: Leftovers
|-damage|p1a: Metagross|153\/301|[from] Leech Seed|[of] p2a: Ferrothorn
|-heal|p2a: Ferrothorn|122\/352|[silent]
|turn|43
|
|move|p2a: Ferrothorn|Protect|p2a: Ferrothorn
|-singleturn|p2a: Ferrothorn|Protect
|move|p1a: Metagross|Earthquake|p2a: Ferrothorn
|-activate|p2a: Ferrothorn|Protect
|
|-heal|p2a: Ferrothorn|144\/352|[from] item: Leftovers
|-damage|p1a: Metagross|116\/301|[from] Leech Seed|[of] p2a: Ferrothorn
|-heal|p2a: Ferrothorn|181\/352|[silent]
|turn|44
|
|switch|p1a: Clefable|Clefable, M|394\/394
|move|p2a: Ferrothorn|Gyro Ball|p1a: Clefable
|-crit|p1a: Clefable
|-supereffective|p1a: Clefable
|-damage|p1a: Clefable|94\/394
|
|-heal|p1a: Clefable|118\/394|[from] item: Leftovers
|-heal|p2a: Ferrothorn|203\/352|[from] item: Leftovers
|turn|45
|
|switch|p2a: Tentacruel|Tentacruel, F|275\/354 brn
|move|p1a: Clefable|Soft-Boiled|p1a: Clefable
|-heal|p1a: Clefable|315\/394
|
|-heal|p2a: Tentacruel|297\/354 brn|[from] item: Black Sludge
|-heal|p1a: Clefable|339\/394|[from] item: Leftovers
|-damage|p2a: Tentacruel|253\/354 brn|[from] brn
|turn|46
|
|move|p2a: Tentacruel|Acid Spray|p1a: Clefable
|-supereffective|p1a: Clefable
|-damage|p1a: Clefable|247\/394
|-unboost|p1a: Clefable|spd|2
|move|p1a: Clefable|Calm Mind|p1a: Clefable
|-boost|p1a: Clefable|spa|1
|-boost|p1a: Clefable|spd|1
|
|-heal|p2a: Tentacruel|275\/354 brn|[from] item: Black Sludge
|-heal|p1a: Clefable|271\/394|[from] item: Leftovers
|-damage|p2a: Tentacruel|231\/354 brn|[from] brn
|turn|47
|
|move|p2a: Tentacruel|Scald|p1a: Clefable
|-damage|p1a: Clefable|132\/394
|-status|p1a: Clefable|brn
|move|p1a: Clefable|Soft-Boiled|p1a: Clefable
|-heal|p1a: Clefable|329\/394 brn
|
|-heal|p2a: Tentacruel|253\/354 brn|[from] item: Black Sludge
|-heal|p1a: Clefable|353\/394 brn|[from] item: Leftovers
|-damage|p2a: Tentacruel|209\/354 brn|[from] brn
|turn|48
|
|move|p2a: Tentacruel|Acid Spray|p1a: Clefable
|-supereffective|p1a: Clefable
|-damage|p1a: Clefable|219\/394 brn
|-unboost|p1a: Clefable|spd|2
|move|p1a: Clefable|Soft-Boiled|p1a: Clefable
|-heal|p1a: Clefable|394\/394 brn
|
|-heal|p2a: Tentacruel|231\/354 brn|[from] item: Black Sludge
|-damage|p2a: Tentacruel|187\/354 brn|[from] brn
|turn|49
|
|move|p2a: Tentacruel|Scald|p1a: Clefable
|-damage|p1a: Clefable|186\/394 brn
|move|p1a: Clefable|Soft-Boiled|p1a: Clefable
|-heal|p1a: Clefable|383\/394 brn
|
|-heal|p2a: Tentacruel|209\/354 brn|[from] item: Black Sludge
|-heal|p1a: Clefable|394\/394 brn|[from] item: Leftovers
|-damage|p2a: Tentacruel|165\/354 brn|[from] brn
|turn|50
|
|switch|p1a: Latios|Latios, M|1\/301
|-damage|p1a: Latios|0 fnt|[from] Stealth Rock
|faint|p1a: Latios
|move|p2a: Tentacruel|Acid Spray|p1: Latios|[notarget]
|-notarget
|
|-heal|p2a: Tentacruel|187\/354 brn|[from] item: Black Sludge
|-damage|p2a: Tentacruel|143\/354 brn|[from] brn
|
|switch|p1a: Metagross|Metagross-Mega|116\/301
|-damage|p1a: Metagross|98\/301|[from] Stealth Rock
|turn|51
|
|switch|p2a: Ferrothorn|Ferrothorn, F|203\/352
|move|p1a: Metagross|Earthquake|p2a: Ferrothorn
|-damage|p2a: Ferrothorn|105\/352
|
|-heal|p2a: Ferrothorn|127\/352|[from] item: Leftovers
|turn|52
|
|move|p1a: Metagross|Zen Headbutt|p2a: Ferrothorn
|-resisted|p2a: Ferrothorn
|-damage|p2a: Ferrothorn|49\/352
|-damage|p1a: Metagross|61\/301|[from] ability: Iron Barbs|[of] p2a: Ferrothorn
|move|p2a: Ferrothorn|Leech Seed|p1a: Metagross
|-start|p1a: Metagross|move: Leech Seed
|
|-heal|p2a: Ferrothorn|71\/352|[from] item: Leftovers
|-damage|p1a: Metagross|24\/301|[from] Leech Seed|[of] p2a: Ferrothorn
|-heal|p2a: Ferrothorn|108\/352|[silent]
|turn|53
|
|switch|p1a: Clefable|Clefable, M|394\/394 brn
|move|p2a: Ferrothorn|Gyro Ball|p1a: Clefable
|-supereffective|p1a: Clefable
|-damage|p1a: Clefable|214\/394 brn
|
|-heal|p1a: Clefable|238\/394 brn|[from] item: Leftovers
|-heal|p2a: Ferrothorn|130\/352|[from] item: Leftovers
|turn|54
|
|switch|p2a: Politoed|Politoed, F|383\/383
|-weather|RainDance
|move|p1a: Clefable|Calm Mind|p1a: Clefable
|-boost|p1a: Clefable|spa|1
|-boost|p1a: Clefable|spd|1
|
|-weather|RainDance|[upkeep]
|-heal|p1a: Clefable|262\/394 brn|[from] item: Leftovers
|turn|55
|
|switch|p2a: Tentacruel|Tentacruel, F|143\/354 brn
|move|p1a: Clefable|Soft-Boiled|p1a: Clefable
|-heal|p1a: Clefable|394\/394 brn
|
|-weather|RainDance|[upkeep]
|-heal|p2a: Tentacruel|165\/354 brn|[from] ability: Rain Dish
|-heal|p2a: Tentacruel|187\/354 brn|[from] item: Black Sludge
|-damage|p2a: Tentacruel|143\/354 brn|[from] brn
|turn|56
|
|move|p2a: Tentacruel|Acid Spray|p1a: Clefable
|-supereffective|p1a: Clefable
|-damage|p1a: Clefable|340\/394 brn
|-unboost|p1a: Clefable|spd|2
|move|p1a: Clefable|Moonblast|p2a: Tentacruel
|-resisted|p2a: Tentacruel
|-damage|p2a: Tentacruel|74\/354 brn
|
|-weather|RainDance|[upkeep]
|-heal|p2a: Tentacruel|96\/354 brn|[from] ability: Rain Dish
|-heal|p2a: Tentacruel|118\/354 brn|[from] item: Black Sludge
|-heal|p1a: Clefable|364\/394 brn|[from] item: Leftovers
|-damage|p2a: Tentacruel|74\/354 brn|[from] brn
|turn|57
|
|move|p2a: Tentacruel|Scald|p1a: Clefable
|-damage|p1a: Clefable|159\/394 brn
|move|p1a: Clefable|Moonblast|p2a: Tentacruel
|-resisted|p2a: Tentacruel
|-damage|p2a: Tentacruel|4\/354 brn
|
|-weather|RainDance|[upkeep]
|-heal|p2a: Tentacruel|26\/354 brn|[from] ability: Rain Dish
|-heal|p2a: Tentacruel|48\/354 brn|[from] item: Black Sludge
|-heal|p1a: Clefable|183\/394 brn|[from] item: Leftovers
|-damage|p2a: Tentacruel|4\/354 brn|[from] brn
|turn|58
|
|switch|p1a: Metagross|Metagross-Mega|24\/301
|-damage|p1a: Metagross|6\/301|[from] Stealth Rock
|move|p2a: Tentacruel|Scald|p1a: Metagross
|-damage|p1a: Metagross|0 fnt
|faint|p1a: Metagross
|
|-weather|RainDance|[upkeep]
|-heal|p2a: Tentacruel|26\/354 brn|[from] ability: Rain Dish
|-heal|p2a: Tentacruel|48\/354 brn|[from] item: Black Sludge
|-damage|p2a: Tentacruel|4\/354 brn|[from] brn
|
|switch|p1a: Talonflame|Talonflame, F|261\/298
|-damage|p1a: Talonflame|112\/298|[from] Stealth Rock
|turn|59
|
|move|p1a: Talonflame|Swords Dance|p1a: Talonflame
|-boost|p1a: Talonflame|atk|2
|move|p2a: Tentacruel|Scald|p1a: Talonflame
|-supereffective|p1a: Talonflame
|-damage|p1a: Talonflame|0 fnt
|faint|p1a: Talonflame
|
|-weather|RainDance|[upkeep]
|-heal|p2a: Tentacruel|26\/354 brn|[from] ability: Rain Dish
|-heal|p2a: Tentacruel|48\/354 brn|[from] item: Black Sludge
|-damage|p2a: Tentacruel|4\/354 brn|[from] brn
|
|switch|p1a: Clefable|Clefable, M|183\/394 brn
|turn|60
|
|move|p2a: Tentacruel|Acid Spray|p1a: Clefable
|-supereffective|p1a: Clefable
|-damage|p1a: Clefable|97\/394 brn
|-unboost|p1a: Clefable|spd|2
|move|p1a: Clefable|Soft-Boiled|p1a: Clefable
|-heal|p1a: Clefable|294\/394 brn
|
|-weather|RainDance|[upkeep]
|-heal|p2a: Tentacruel|26\/354 brn|[from] ability: Rain Dish
|-heal|p2a: Tentacruel|48\/354 brn|[from] item: Black Sludge
|-heal|p1a: Clefable|318\/394 brn|[from] item: Leftovers
|-damage|p2a: Tentacruel|4\/354 brn|[from] brn
|turn|61
|
|move|p2a: Tentacruel|Acid Spray|p1a: Clefable
|-supereffective|p1a: Clefable
|-damage|p1a: Clefable|132\/394 brn
|-unboost|p1a: Clefable|spd|2
|move|p1a: Clefable|Moonblast|p2a: Tentacruel
|-resisted|p2a: Tentacruel
|-damage|p2a: Tentacruel|0 fnt
|faint|p2a: Tentacruel
|
|-weather|none
|-heal|p1a: Clefable|156\/394 brn|[from] item: Leftovers
|
|switch|p2a: Politoed|Politoed, F|383\/383
|-weather|RainDance
|turn|62
|
|move|p2a: Politoed|Scald|p1a: Clefable
|-damage|p1a: Clefable|0 fnt
|faint|p1a: Clefable
|
|win|tbr
|raw|Ladder updating...
|raw|dukevesper's rating: 1361 &rarr; <strong>1342<\/strong><br \/>(-19 for losing)
|raw|tbr's rating: 1368 &rarr; <strong>1387<\/strong><br \/>(+19 for winning)
|c|âtbr|GG
|c|âdukevesper|gg
|leave|dukevesper
|player|p1