|join|Fungal Ointment 3
|join|tbhisuck
|player|p1|Fungal Ointment 3|125
|player|p2|tbhisuck|266
|gametype|singles
|gen|6
|tier|OU
|rated
|clearpoke
|poke|p1|Cresselia, F
|poke|p1|Lopunny, F
|poke|p1|Jirachi
|poke|p1|Zygarde
|poke|p1|Suicune
|poke|p1|Starmie
|poke|p2|Charizard, M
|poke|p2|Tyranitar, M
|poke|p2|Excadrill, M
|poke|p2|Empoleon, M
|poke|p2|Celebi
|poke|p2|Landorus-Therian, M
|rule|Swagger Clause: Swagger is banned
|rule|Baton Pass Clause: Limit one PokÃ©mon knowing Baton Pass
|rule|Sleep Clause Mod: Limit one foe put to sleep
|rule|Species Clause: Limit one of each PokÃ©mon
|rule|OHKO Clause: OHKO moves are banned
|rule|Moody Clause: Moody is banned
|rule|Evasion Moves Clause: Evasion moves are banned
|rule|Endless Battle Clause: Forcing endless battles is banned
|rule|HP Percentage Mod: HP is shown in percentages
|teampreview
|join|wecameinagiraffe
|
|start
|switch|p1a: Suicune|Suicune|404\/404
|switch|p2a: Charizard|Charizard, M|297\/297
|-ability|p1a: Suicune|Pressure
|turn|1
|
|switch|p1a: Cresselia|Cresselia, F|444\/444
|detailschange|p2a: Charizard|Charizard-Mega-Y, M
|message|Charizard has Mega Evolved into Mega Charizard!
|-weather|SunnyDay
|move|p2a: Charizard|Solar Beam|p1a: Cresselia|[still]
|-prepare|p2a: Charizard|Solar Beam|p1a: Cresselia
|-anim|p2a: Charizard|Solar Beam|p1a: Cresselia
|-damage|p1a: Cresselia|315\/444
|
|-weather|SunnyDay|[upkeep]
|-heal|p1a: Cresselia|342\/444|[from] item: Leftovers
|turn|2
|
|switch|p2a: Tyranitar|Tyranitar, M|384\/384
|-weather|Sandstorm
|move|p1a: Cresselia|Thunder Wave|p2a: Tyranitar
|-status|p2a: Tyranitar|par
|
|-weather|Sandstorm|[upkeep]
|-damage|p1a: Cresselia|315\/444|[from] sandstorm
|-heal|p1a: Cresselia|342\/444|[from] item: Leftovers
|turn|3
|
|move|p2a: Tyranitar|Pursuit|p1a: Cresselia|[from]Pursuit
|-supereffective|p1a: Cresselia
|-damage|p1a: Cresselia|30\/444
|switch|p1a: Jirachi|Jirachi|404\/404
|
|-weather|Sandstorm|[upkeep]
|turn|4
|c|âtbhisuck|huehuehuehue
|
|switch|p2a: Empoleon|Empoleon, M|372\/372
|move|p1a: Jirachi|Stealth Rock|p2a: Empoleon
|-sidestart|p2: tbhisuck|move: Stealth Rock
|
|-weather|Sandstorm|[upkeep]
|turn|5
|
|move|p1a: Jirachi|Body Slam|p2a: Empoleon
|-resisted|p2a: Empoleon
|-damage|p2a: Empoleon|347\/372
|-status|p2a: Empoleon|par
|move|p2a: Empoleon|Defog|p1a: Jirachi
|-unboost|p1a: Jirachi|evasion|1
|-sideend|p2: tbhisuck|Stealth Rock|[from] move: Defog|[of] p2a: Empoleon
|
|-weather|Sandstorm|[upkeep]
|-heal|p2a: Empoleon|370\/372 par|[from] item: Leftovers
|turn|6
|join|hi dad
|leave|hi dad
|
|switch|p2a: Charizard|Charizard-Mega-Y, M|297\/297
|-weather|SunnyDay
|move|p1a: Jirachi|Body Slam|p2a: Charizard
|-damage|p2a: Charizard|221\/297
|-status|p2a: Charizard|par
|
|-weather|SunnyDay|[upkeep]
|turn|7
|c|âtbhisuck|body slam is so mexican
|c|âFungal Ointment 3|^
|
|move|p1a: Jirachi|Iron Head|p2a: Charizard
|-resisted|p2a: Charizard
|-damage|p2a: Charizard|167\/297 par
|cant|p2a: Charizard|flinch
|
|-weather|SunnyDay|[upkeep]
|turn|8
|c|âtbhisuck|are you fucking
|c|âtbhisuck|really going to do this
|c|âFungal Ointment 3|ikr, it's sad
|
|switch|p1a: Zygarde|Zygarde|420\/420
|-ability|p1a: Zygarde|Aura Break
|cant|p2a: Charizard|par
|
|-weather|SunnyDay|[upkeep]
|turn|9
|
|switch|p2a: Landorus-Therian|Landorus-Therian, M|319\/319
|-ability|p2a: Landorus-Therian|Intimidate|[of] p1a: Zygarde
|-unboost|p1a: Zygarde|atk|1
|move|p1a: Zygarde|Substitute|p1a: Zygarde
|-start|p1a: Zygarde|Substitute
|-damage|p1a: Zygarde|315\/420
|
|-weather|SunnyDay|[upkeep]
|-heal|p1a: Zygarde|341\/420|[from] item: Leftovers
|turn|10
|
|move|p2a: Landorus-Therian|Earthquake|p1a: Zygarde
|-end|p1a: Zygarde|Substitute
|move|p1a: Zygarde|Coil|p1a: Zygarde
|-boost|p1a: Zygarde|atk|1
|-boost|p1a: Zygarde|def|1
|-boost|p1a: Zygarde|accuracy|1
|
|-weather|none
|-heal|p1a: Zygarde|367\/420|[from] item: Leftovers
|turn|11
|c| wecameinagiraffe|ayyyy
|c| wecameinagiraffe|this could sweep
|
|switch|p2a: Celebi|Celebi|403\/403
|move|p1a: Zygarde|Coil|p1a: Zygarde
|-boost|p1a: Zygarde|atk|1
|-boost|p1a: Zygarde|def|1
|-boost|p1a: Zygarde|accuracy|1
|
|-heal|p1a: Zygarde|393\/420|[from] item: Leftovers
|turn|12
|c| wecameinagiraffe|p.s.
|c| wecameinagiraffe|i hope it does
|
|move|p2a: Celebi|Earth Power|p1a: Zygarde
|-damage|p1a: Zygarde|331\/420
|move|p1a: Zygarde|Substitute|p1a: Zygarde
|-start|p1a: Zygarde|Substitute
|-damage|p1a: Zygarde|226\/420
|
|-heal|p1a: Zygarde|252\/420|[from] item: Leftovers
|turn|13
|c| wecameinagiraffe|LOL
|c|âtbhisuck|why is it so slow
|c| wecameinagiraffe|espeed
|
|move|p2a: Celebi|Earth Power|p1a: Zygarde
|-crit|p1a: Zygarde
|-activate|p1a: Zygarde|Substitute|[damage]
|move|p1a: Zygarde|Coil|p1a: Zygarde
|-boost|p1a: Zygarde|atk|1
|-boost|p1a: Zygarde|def|1
|-boost|p1a: Zygarde|accuracy|1
|
|-heal|p1a: Zygarde|278\/420|[from] item: Leftovers
|turn|14
|c| wecameinagiraffe|idk
|-message|tbhisuck forfeited.
|
|win|Fungal Ointment 3
|raw|Ladder updating...
|raw|Fungal Ointment 3's rating: 1390 &rarr; <strong>1407<\/strong><br \/>(+17 for winning)
|raw|tbhisuck's rating: 1337 &rarr; <strong>1320<\/strong><br \/>(-17 for losing)
|leave|tbhisuck
|player|p2
|c| wecameinagiraffe|rekt
|c|âFungal Ointment 3|^
|c|âFungal Ointment 3|UU teams are so underated in OU
|join|jake5
|leave|jake5