|join|Savage Alby
|join|tbhisuck
|player|p1|Savage Alby|44
|player|p2|tbhisuck|281
|gametype|singles
|gen|6
|tier|OU
|rated
|clearpoke
|poke|p1|Scizor, M
|poke|p1|Thundurus, M
|poke|p1|Bisharp, F, shiny
|poke|p1|Keldeo
|poke|p1|Dragonite, F
|poke|p1|Mamoswine, F
|poke|p2|Empoleon, F
|poke|p2|Tyranitar, M
|poke|p2|Charizard, M
|poke|p2|Keldeo
|poke|p2|Kyurem-Black
|poke|p2|Landorus-Therian, M
|rule|Swagger Clause: Swagger is banned
|rule|Baton Pass Clause: Limit one PokÃ©mon knowing Baton Pass
|rule|Sleep Clause Mod: Limit one foe put to sleep
|rule|Species Clause: Limit one of each PokÃ©mon
|rule|OHKO Clause: OHKO moves are banned
|rule|Moody Clause: Moody is banned
|rule|Evasion Moves Clause: Evasion moves are banned
|rule|Endless Battle Clause: Forcing endless battles is banned
|rule|HP Percentage Mod: HP is shown in percentages
|teampreview
|
|start
|switch|p1a: Thundurus|Thundurus, M|299\/299
|switch|p2a: Charizard|Charizard, M|297\/297
|turn|1
|
|switch|p2a: Kyurem-Black|Kyurem-Black|391\/391
|-ability|p2a: Kyurem-Black|Teravolt
|move|p1a: Thundurus|Substitute|p1a: Thundurus
|-start|p1a: Thundurus|Substitute
|-damage|p1a: Thundurus|225\/299
|
|-heal|p1a: Thundurus|243\/299|[from] item: Leftovers
|turn|2
|
|move|p1a: Thundurus|Thunder Wave|p2a: Kyurem-Black
|-status|p2a: Kyurem-Black|par
|move|p2a: Kyurem-Black|Ice Beam|p1a: Thundurus
|-supereffective|p1a: Thundurus
|-end|p1a: Thundurus|Substitute
|
|-heal|p1a: Thundurus|261\/299|[from] item: Leftovers
|turn|3
|
|move|p1a: Thundurus|Substitute|p1a: Thundurus
|-start|p1a: Thundurus|Substitute
|-damage|p1a: Thundurus|187\/299
|cant|p2a: Kyurem-Black|par
|
|-heal|p1a: Thundurus|205\/299|[from] item: Leftovers
|turn|4
|
|move|p1a: Thundurus|Thunderbolt|p2a: Kyurem-Black
|-resisted|p2a: Kyurem-Black
|-damage|p2a: Kyurem-Black|298\/391 par
|move|p2a: Kyurem-Black|Ice Beam|p1a: Thundurus
|-supereffective|p1a: Thundurus
|-end|p1a: Thundurus|Substitute
|
|-heal|p1a: Thundurus|223\/299|[from] item: Leftovers
|turn|5
|
|switch|p1a: Mamoswine|Mamoswine, F|361\/361
|move|p2a: Kyurem-Black|Ice Beam|p1a: Mamoswine
|-damage|p1a: Mamoswine|171\/361
|
|turn|6
|
|move|p1a: Mamoswine|Stealth Rock|p2a: Kyurem-Black
|-sidestart|p2: tbhisuck|move: Stealth Rock
|move|p2a: Kyurem-Black|Ice Beam|p1a: Mamoswine
|-damage|p1a: Mamoswine|0 fnt
|faint|p1a: Mamoswine
|
|
|switch|p1a: Scizor|Scizor, M|307\/307
|turn|7
|
|switch|p2a: Empoleon|Empoleon, F|371\/371
|-damage|p2a: Empoleon|348\/371|[from] Stealth Rock
|detailschange|p1a: Scizor|Scizor-Mega, M
|message|Scizor has Mega Evolved into Mega Scizor!
|move|p1a: Scizor|Swords Dance|p1a: Scizor
|-boost|p1a: Scizor|atk|2
|
|-heal|p2a: Empoleon|371\/371|[from] item: Leftovers
|turn|8
|
|switch|p2a: Landorus-Therian|Landorus-Therian, M|319\/319
|-damage|p2a: Landorus-Therian|280\/319|[from] Stealth Rock
|-ability|p2a: Landorus-Therian|Intimidate|[of] p1a: Scizor
|-unboost|p1a: Scizor|atk|1
|move|p1a: Scizor|Superpower|p2a: Landorus-Therian
|-crit|p2a: Landorus-Therian
|-resisted|p2a: Landorus-Therian
|-damage|p2a: Landorus-Therian|60\/319
|-unboost|p1a: Scizor|atk|1
|-unboost|p1a: Scizor|def|1
|
|turn|9
|c|âtbhisuck|lol
|
|move|p2a: Landorus-Therian|Earthquake|p1a: Scizor
|-damage|p1a: Scizor|97\/307
|move|p1a: Scizor|Swords Dance|p1a: Scizor
|-boost|p1a: Scizor|atk|2
|
|turn|10
|
|move|p1a: Scizor|Bullet Punch|p2a: Landorus-Therian
|-damage|p2a: Landorus-Therian|0 fnt
|faint|p2a: Landorus-Therian
|
|
|switch|p2a: Keldeo|Keldeo|323\/323
|-damage|p2a: Keldeo|303\/323|[from] Stealth Rock
|turn|11
|
|move|p1a: Scizor|Bullet Punch|p2a: Keldeo
|-resisted|p2a: Keldeo
|-damage|p2a: Keldeo|156\/323
|move|p2a: Keldeo|Scald|p1a: Scizor
|-damage|p1a: Scizor|0 fnt
|faint|p1a: Scizor
|
|
|switch|p1a: Thundurus|Thundurus, M|223\/299
|turn|12
|
|switch|p1a: Keldeo|Keldeo|323\/323
|switch|p2a: Kyurem-Black|Kyurem-Black|298\/391 par
|-damage|p2a: Kyurem-Black|201\/391 par|[from] Stealth Rock
|-ability|p2a: Kyurem-Black|Teravolt
|
|turn|13
|join|Squirrelll
|
|move|p1a: Keldeo|Substitute|p1a: Keldeo
|-start|p1a: Keldeo|Substitute
|-damage|p1a: Keldeo|243\/323
|move|p2a: Kyurem-Black|Fusion Bolt|p1a: Keldeo
|-supereffective|p1a: Keldeo
|-end|p1a: Keldeo|Substitute
|
|turn|14
|
|move|p1a: Keldeo|Substitute|p1a: Keldeo
|-start|p1a: Keldeo|Substitute
|-damage|p1a: Keldeo|163\/323
|cant|p2a: Kyurem-Black|par
|
|turn|15
|
|move|p1a: Keldeo|Secret Sword|p2a: Kyurem-Black
|-supereffective|p2a: Kyurem-Black
|-damage|p2a: Kyurem-Black|0 fnt
|faint|p2a: Kyurem-Black
|
|
|switch|p2a: Empoleon|Empoleon, F|371\/371
|-damage|p2a: Empoleon|348\/371|[from] Stealth Rock
|turn|16
|
|move|p1a: Keldeo|Secret Sword|p2a: Empoleon
|-supereffective|p2a: Empoleon
|-damage|p2a: Empoleon|82\/371
|move|p2a: Empoleon|Defog|p1a: Keldeo
|-sideend|p2: tbhisuck|Stealth Rock|[from] move: Defog|[of] p2a: Empoleon
|
|-heal|p2a: Empoleon|105\/371|[from] item: Leftovers
|turn|17
|
|move|p1a: Keldeo|Secret Sword|p2a: Empoleon
|-supereffective|p2a: Empoleon
|-damage|p2a: Empoleon|0 fnt
|faint|p2a: Empoleon
|
|
|switch|p2a: Charizard|Charizard, M|297\/297
|turn|18
|
|detailschange|p2a: Charizard|Charizard-Mega-Y, M
|message|Charizard has Mega Evolved into Mega Charizard!
|-weather|SunnyDay
|move|p1a: Keldeo|Scald|p2a: Charizard
|-supereffective|p2a: Charizard
|-damage|p2a: Charizard|177\/297
|move|p2a: Charizard|Solar Beam|p1a: Keldeo|[still]
|-prepare|p2a: Charizard|Solar Beam|p1a: Keldeo
|-anim|p2a: Charizard|Solar Beam|p1a: Keldeo
|-supereffective|p1a: Keldeo
|-end|p1a: Keldeo|Substitute
|
|-weather|SunnyDay|[upkeep]
|turn|19
|
|move|p1a: Keldeo|Substitute|p1a: Keldeo
|-start|p1a: Keldeo|Substitute
|-damage|p1a: Keldeo|83\/323
|move|p2a: Charizard|Solar Beam|p1a: Keldeo|[still]
|-prepare|p2a: Charizard|Solar Beam|p1a: Keldeo
|-anim|p2a: Charizard|Solar Beam|p1a: Keldeo
|-crit|p1a: Keldeo
|-supereffective|p1a: Keldeo
|-end|p1a: Keldeo|Substitute
|
|-weather|SunnyDay|[upkeep]
|turn|20
|
|switch|p1a: Dragonite|Dragonite, F|323\/323
|move|p2a: Charizard|Solar Beam|p1a: Dragonite|[still]
|-prepare|p2a: Charizard|Solar Beam|p1a: Dragonite
|-anim|p2a: Charizard|Solar Beam|p1a: Dragonite
|-resisted|p1a: Dragonite
|-damage|p1a: Dragonite|274\/323
|
|-weather|SunnyDay|[upkeep]
|turn|21
|
|move|p2a: Charizard|Flamethrower|p1a: Dragonite
|-resisted|p1a: Dragonite
|-damage|p1a: Dragonite|112\/323
|move|p1a: Dragonite|Draco Meteor|p2a: Charizard
|-damage|p2a: Charizard|0 fnt
|-unboost|p1a: Dragonite|spa|2
|-damage|p1a: Dragonite|80\/323|[from] item: Life Orb
|faint|p2a: Charizard
|
|-weather|SunnyDay|[upkeep]
|join|Yolo654321
|
|switch|p2a: Tyranitar|Tyranitar, M|382\/382
|-weather|Sandstorm
|turn|22
|
|move|p1a: Dragonite|Draco Meteor|p2a: Tyranitar
|-damage|p2a: Tyranitar|287\/382
|-unboost|p1a: Dragonite|spa|2
|-damage|p1a: Dragonite|48\/323|[from] item: Life Orb
|move|p2a: Tyranitar|Crunch|p1a: Dragonite
|-damage|p1a: Dragonite|0 fnt
|faint|p1a: Dragonite
|
|-weather|Sandstorm|[upkeep]
|
|switch|p1a: Keldeo|Keldeo|83\/323
|turn|23
|
|move|p1a: Keldeo|Secret Sword|p2a: Tyranitar
|-supereffective|p2a: Tyranitar
|-damage|p2a: Tyranitar|0 fnt
|faint|p2a: Tyranitar
|
|-weather|Sandstorm|[upkeep]
|-damage|p1a: Keldeo|63\/323|[from] sandstorm
|
|switch|p2a: Keldeo|Keldeo|156\/323
|-enditem|p1a: Keldeo|Salac Berry|[eat]
|-boost|p1a: Keldeo|spe|1|[from] item: Salac Berry
|turn|24
|c|âtbhisuck|gg
|
|move|p1a: Keldeo|Secret Sword|p2a: Keldeo
|-damage|p2a: Keldeo|0 fnt
|faint|p2a: Keldeo
|
|win|Savage Alby
|raw|Ladder updating...
|c|âSavage Alby|gg
|leave|tbhisuck
|raw|Savage Alby's rating: 1787 &rarr; <strong>1804<\/strong><br \/>(+17 for winning)
|raw|tbhisuck's rating: 1734 &rarr; <strong>1717<\/strong><br \/>(-17 for losing)
|player|p2