|join|RIPCharlie
|join|DashTidus
|player|p1|RIPCharlie|170
|player|p2|DashTidus|1
|gametype|singles
|gen|6
|tier|OU
|rated
|clearpoke
|poke|p1|Tangrowth, M
|poke|p1|Quagsire, M
|poke|p1|Chansey, F
|poke|p1|Sableye, M
|poke|p1|Skarmory, M
|poke|p1|Starmie
|poke|p2|Skarmory, F
|poke|p2|Gengar, M
|poke|p2|Gyarados, M
|poke|p2|Cobalion
|poke|p2|Heatran, M
|poke|p2|Latios, M
|rule|Swagger Clause: Swagger is banned
|rule|Baton Pass Clause: Limit one PokÃ©mon knowing Baton Pass
|rule|Sleep Clause Mod: Limit one foe put to sleep
|rule|Species Clause: Limit one of each PokÃ©mon
|rule|OHKO Clause: OHKO moves are banned
|rule|Moody Clause: Moody is banned
|rule|Evasion Moves Clause: Evasion moves are banned
|rule|Endless Battle Clause: Forcing endless battles is banned
|rule|HP Percentage Mod: HP is shown in percentages
|teampreview
|
|start
|switch|p1a: Sableye|Sableye, M|304\/304
|switch|p2a: Cobalion|Cobalion|386\/386
|turn|1
|
|switch|p2a: Latios|Latios, M|302\/302
|move|p1a: Sableye|Fake Out|p2a: Latios
|-damage|p2a: Latios|270\/302
|
|turn|2
|
|detailschange|p1a: Sableye|Sableye-Mega, M
|-mega|p1a: Sableye|Sableye|Sablenite
|move|p2a: Latios|Psyshock|p1a: Sableye
|-immune|p1a: Sableye|[msg]
|move|p1a: Sableye|Metal Burst|p2a: Latios
|-fail|p2a: Latios
|
|turn|3
|
|switch|p2a: Heatran|Heatran, M|386\/386
|move|p1a: Sableye|Recover|p1a: Sableye
|-fail|p1a: Sableye
|
|turn|4
|
|switch|p1a: Starmie|Starmie|324\/324
|move|p2a: Heatran|Lava Plume|p1a: Starmie
|-resisted|p1a: Starmie
|-damage|p1a: Starmie|253\/324
|-status|p1a: Starmie|brn
|
|-heal|p1a: Starmie|273\/324 brn|[from] item: Leftovers
|-damage|p1a: Starmie|233\/324 brn|[from] brn
|turn|5
|
|switch|p1a: Sableye|Sableye-Mega, M|304\/304
|move|p2a: Heatran|Earth Power|p1a: Sableye
|-damage|p1a: Sableye|237\/304
|
|turn|6
|
|move|p1a: Sableye|Fake Out|p2a: Heatran
|-resisted|p2a: Heatran
|-damage|p2a: Heatran|374\/386
|cant|p2a: Heatran|flinch
|
|-heal|p2a: Heatran|386\/386|[from] item: Leftovers
|turn|7
|
|move|p2a: Heatran|Lava Plume|p1a: Sableye
|-damage|p1a: Sableye|152\/304
|-status|p1a: Sableye|brn
|move|p1a: Sableye|Recover|p1a: Sableye
|-heal|p1a: Sableye|304\/304 brn
|
|-damage|p1a: Sableye|266\/304 brn|[from] brn
|turn|8
|
|switch|p2a: Latios|Latios, M|270\/302
|switch|p1a: Chansey|Chansey, F|703\/703
|
|turn|9
|
|switch|p2a: Gengar|Gengar, M|262\/262
|switch|p1a: Sableye|Sableye-Mega, M|266\/304 brn
|
|-damage|p1a: Sableye|228\/304 brn|[from] brn
|turn|10
|
|move|p2a: Gengar|Shadow Ball|p1a: Sableye
|-damage|p1a: Sableye|132\/304 brn
|move|p1a: Sableye|Recover|p1a: Sableye
|-heal|p1a: Sableye|284\/304 brn
|
|-damage|p1a: Sableye|246\/304 brn|[from] brn
|turn|11
|
|switch|p2a: Latios|Latios, M|270\/302
|move|p1a: Sableye|Will-O-Wisp|p2a: Latios
|-status|p2a: Latios|brn
|
|-damage|p2a: Latios|233\/302 brn|[from] brn
|-damage|p1a: Sableye|208\/304 brn|[from] brn
|turn|12
|
|switch|p1a: Chansey|Chansey, F|703\/703
|move|p2a: Latios|Draco Meteor|p1a: Chansey
|-damage|p1a: Chansey|460\/703
|-unboost|p2a: Latios|spa|2
|
|-damage|p2a: Latios|196\/302 brn|[from] brn
|turn|13
|
|switch|p2a: Gengar|Gengar, M|262\/262
|move|p1a: Chansey|Aromatherapy|p1a: Chansey
|-cureteam|p1a: Chansey|[from] move: Aromatherapy
|
|turn|14
|
|move|p2a: Gengar|Mean Look|p1a: Chansey
|-activate|p1a: Chansey|trapped
|move|p1a: Chansey|Soft-Boiled|p1a: Chansey
|-heal|p1a: Chansey|703\/703
|
|turn|15
|
|move|p2a: Gengar|Taunt|p1a: Chansey
|-start|p1a: Chansey|move: Taunt
|move|p1a: Chansey|Seismic Toss|p2a: Gengar
|-immune|p2a: Gengar|[msg]
|
|turn|16
|
|move|p2a: Gengar|Sludge Wave|p1a: Chansey
|-damage|p1a: Chansey|585\/703
|move|p1a: Chansey|Seismic Toss|p2a: Gengar
|-immune|p2a: Gengar|[msg]
|
|turn|17
|
|move|p2a: Gengar|Sludge Wave|p1a: Chansey
|-damage|p1a: Chansey|476\/703
|move|p1a: Chansey|Seismic Toss|p2a: Gengar
|-immune|p2a: Gengar|[msg]
|
|-end|p1a: Chansey|move: Taunt
|turn|18
|
|move|p2a: Gengar|Taunt|p1a: Chansey
|-start|p1a: Chansey|move: Taunt
|move|p1a: Chansey|Seismic Toss|p2a: Gengar
|-immune|p2a: Gengar|[msg]
|
|turn|19
|
|move|p2a: Gengar|Sludge Wave|p1a: Chansey
|-damage|p1a: Chansey|347\/703
|move|p1a: Chansey|Seismic Toss|p2a: Gengar
|-immune|p2a: Gengar|[msg]
|
|turn|20
|
|move|p2a: Gengar|Sludge Wave|p1a: Chansey
|-damage|p1a: Chansey|229\/703
|move|p1a: Chansey|Seismic Toss|p2a: Gengar
|-immune|p2a: Gengar|[msg]
|
|-end|p1a: Chansey|move: Taunt
|turn|21
|-message|RIPCharlie forfeited.
|
|win|DashTidus
|raw|Ladder updating...
|leave|RIPCharlie
|player|p1
|raw|RIPCharlie's rating: 1639 &rarr; <strong>1613<\/strong><br \/>(-26 for losing)
|raw|DashTidus's rating: 1537 &rarr; <strong>1563<\/strong><br \/>(+26 for winning)