|join|RIPCharlie
|join|CheckmateWeee
|player|p1|RIPCharlie|170
|player|p2|CheckmateWeee|266
|gametype|singles
|gen|6
|tier|OU
|rated
|clearpoke
|poke|p1|Tangrowth, M
|poke|p1|Quagsire, F
|poke|p1|Chansey, F
|poke|p1|Sableye, M
|poke|p1|Skarmory, M
|poke|p1|Starmie
|poke|p2|Metagross
|poke|p2|Keldeo
|poke|p2|Sylveon, M
|poke|p2|Raikou
|poke|p2|Garchomp, F
|poke|p2|Hydreigon, M
|rule|Swagger Clause: Swagger is banned
|rule|Baton Pass Clause: Limit one PokÃ©mon knowing Baton Pass
|rule|Sleep Clause Mod: Limit one foe put to sleep
|rule|Species Clause: Limit one of each PokÃ©mon
|rule|OHKO Clause: OHKO moves are banned
|rule|Moody Clause: Moody is banned
|rule|Evasion Moves Clause: Evasion moves are banned
|rule|Endless Battle Clause: Forcing endless battles is banned
|rule|HP Percentage Mod: HP is shown in percentages
|teampreview
|
|start
|switch|p1a: Sableye|Sableye, M|304\/304
|switch|p2a: Sylveon|Sylveon, M|394\/394
|turn|1
|
|switch|p2a: Metagross|Metagross|363\/363
|switch|p1a: Tangrowth|Tangrowth, M|404\/404
|
|turn|2
|
|detailschange|p2a: Metagross|Metagross-Mega
|-mega|p2a: Metagross|Metagross|Metagrossite
|move|p2a: Metagross|Meteor Mash|p1a: Tangrowth
|-damage|p1a: Tangrowth|184\/404
|-boost|p2a: Metagross|atk|1
|move|p1a: Tangrowth|Earthquake|p2a: Metagross
|-supereffective|p2a: Metagross
|-damage|p2a: Metagross|255\/363
|
|turn|3
|
|switch|p1a: Quagsire|Quagsire, F|394\/394
|move|p2a: Metagross|Meteor Mash|p1a: Quagsire
|-resisted|p1a: Quagsire
|-damage|p1a: Quagsire|290\/394
|
|-heal|p1a: Quagsire|314\/394|[from] item: Leftovers
|turn|4
|
|move|p2a: Metagross|Grass Knot|p1a: Quagsire
|-supereffective|p1a: Quagsire
|-damage|p1a: Quagsire|0 fnt
|faint|p1a: Quagsire
|
|
|switch|p1a: Sableye|Sableye, M|304\/304
|turn|5
|
|switch|p2a: Keldeo|Keldeo|323\/323
|move|p1a: Sableye|Will-O-Wisp|p2a: Keldeo
|-status|p2a: Keldeo|brn
|
|-damage|p2a: Keldeo|283\/323 brn|[from] brn
|turn|6
|
|switch|p2a: Sylveon|Sylveon, M|394\/394
|switch|p1a: Tangrowth|Tangrowth, M|318\/404
|
|turn|7
|
|move|p2a: Sylveon|Heal Bell|p2a: Sylveon
|-cureteam|p2a: Sylveon|[from] move: HealBell
|move|p1a: Tangrowth|Knock Off|p2a: Sylveon
|-resisted|p2a: Sylveon
|-damage|p2a: Sylveon|359\/394
|-enditem|p2a: Sylveon|Leftovers|[from] move: Knock Off|[of] p1a: Tangrowth
|
|turn|8
|
|switch|p2a: Hydreigon|Hydreigon, M|325\/325
|switch|p1a: Sableye|Sableye, M|304\/304
|
|turn|9
|
|move|p1a: Sableye|Calm Mind|p1a: Sableye
|-boost|p1a: Sableye|spa|1
|-boost|p1a: Sableye|spd|1
|move|p2a: Hydreigon|U-turn|p1a: Sableye
|-damage|p1a: Sableye|240\/304
|
|switch|p2a: Sylveon|Sylveon, M|359\/394
|
|turn|10
|
|switch|p1a: Tangrowth|Tangrowth, M|404\/404
|move|p2a: Sylveon|Hyper Voice|p1a: Tangrowth
|-crit|p1a: Tangrowth
|-damage|p1a: Tangrowth|236\/404
|
|turn|11
|
|move|p2a: Sylveon|Hyper Voice|p1a: Tangrowth
|-damage|p1a: Tangrowth|113\/404
|move|p1a: Tangrowth|Leaf Storm|p2a: Sylveon
|-damage|p2a: Sylveon|215\/394
|-unboost|p1a: Tangrowth|spa|2
|
|turn|12
|
|switch|p1a: Skarmory|Skarmory, M|333\/333
|move|p2a: Sylveon|Wish|p2a: Sylveon
|
|turn|13
|
|move|p2a: Sylveon|Hyper Voice|p1a: Skarmory
|-resisted|p1a: Skarmory
|-damage|p1a: Skarmory|252\/333
|move|p1a: Skarmory|Whirlwind|p2a: Sylveon
|drag|p2a: Garchomp|Garchomp, F|420\/420
|
|turn|14
|
|switch|p1a: Sableye|Sableye, M|240\/304
|move|p2a: Garchomp|Flamethrower|p1a: Sableye
|-damage|p1a: Sableye|179\/304
|
|turn|15
|
|move|p1a: Sableye|Recover|p1a: Sableye
|-heal|p1a: Sableye|304\/304
|move|p2a: Garchomp|Dragon Tail|p1a: Sableye
|-damage|p1a: Sableye|207\/304
|drag|p1a: Tangrowth|Tangrowth, M|247\/404
|
|turn|16
|
|switch|p1a: Sableye|Sableye, M|207\/304
|move|p2a: Garchomp|Stealth Rock|p1a: Sableye
|-sidestart|p1: RIPCharlie|move: Stealth Rock
|
|turn|17
|
|switch|p2a: Sylveon|Sylveon, M|215\/394
|detailschange|p1a: Sableye|Sableye-Mega, M
|-mega|p1a: Sableye|Sableye|Sablenite
|move|p1a: Sableye|Will-O-Wisp|p2a: Sylveon
|-status|p2a: Sylveon|brn
|
|-damage|p2a: Sylveon|166\/394 brn|[from] brn
|turn|18
|
|switch|p1a: Chansey|Chansey, F|703\/703
|-damage|p1a: Chansey|616\/703|[from] Stealth Rock
|move|p2a: Sylveon|Wish|p2a: Sylveon
|
|-damage|p2a: Sylveon|117\/394 brn|[from] brn
|turn|19
|
|move|p2a: Sylveon|Protect|p2a: Sylveon
|-singleturn|p2a: Sylveon|Protect
|move|p1a: Chansey|Thunder Wave|p2a: Sylveon
|-activate|p2a: Sylveon|Protect
|
|-heal|p2a: Sylveon|314\/394 brn|[from] move: Wish|[wisher] Sylveon
|-damage|p2a: Sylveon|265\/394 brn|[from] brn
|turn|20
|
|move|p2a: Sylveon|Wish|p2a: Sylveon
|move|p1a: Chansey|Seismic Toss|p2a: Sylveon
|-damage|p2a: Sylveon|165\/394 brn
|
|-damage|p2a: Sylveon|116\/394 brn|[from] brn
|turn|21
|
|move|p2a: Sylveon|Heal Bell|p2a: Sylveon
|-cureteam|p2a: Sylveon|[from] move: HealBell
|move|p1a: Chansey|Seismic Toss|p2a: Sylveon
|-damage|p2a: Sylveon|16\/394
|
|-heal|p2a: Sylveon|213\/394|[from] move: Wish|[wisher] Sylveon
|turn|22
|
|switch|p2a: Raikou|Raikou|321\/321
|-ability|p2a: Raikou|Pressure
|move|p1a: Chansey|Thunder Wave|p2a: Raikou
|-fail|p2a: Raikou
|
|turn|23
|
|move|p2a: Raikou|Volt Switch|p1a: Chansey
|-damage|p1a: Chansey|544\/703
|
|switch|p2a: Keldeo|Keldeo|283\/323
|move|p1a: Chansey|Seismic Toss|p2a: Keldeo
|-damage|p2a: Keldeo|183\/323
|
|turn|24
|
|switch|p1a: Starmie|Starmie|324\/324
|-damage|p1a: Starmie|284\/324|[from] Stealth Rock
|move|p2a: Keldeo|Hydro Pump|p1a: Starmie
|-resisted|p1a: Starmie
|-damage|p1a: Starmie|127\/324
|
|-heal|p1a: Starmie|147\/324|[from] item: Leftovers
|turn|25
|
|switch|p2a: Hydreigon|Hydreigon, M|325\/325
|move|p1a: Starmie|Recover|p1a: Starmie
|-heal|p1a: Starmie|309\/324
|
|-heal|p1a: Starmie|324\/324|[from] item: Leftovers
|turn|26
|
|switch|p1a: Chansey|Chansey, F|544\/703
|-damage|p1a: Chansey|457\/703|[from] Stealth Rock
|move|p2a: Hydreigon|U-turn|p1a: Chansey
|-damage|p1a: Chansey|383\/703
|
|switch|p2a: Metagross|Metagross-Mega|255\/363
|
|turn|27
|
|switch|p1a: Starmie|Starmie|324\/324
|-damage|p1a: Starmie|284\/324|[from] Stealth Rock
|move|p2a: Metagross|Hammer Arm|p1a: Starmie
|-resisted|p1a: Starmie
|-damage|p1a: Starmie|180\/324
|-unboost|p2a: Metagross|spe|1
|
|-heal|p1a: Starmie|200\/324|[from] item: Leftovers
|turn|28
|
|switch|p2a: Raikou|Raikou|321\/321
|-ability|p2a: Raikou|Pressure
|move|p1a: Starmie|Reflect Type|p2a: Raikou
|-start|p1a: Starmie|typechange|[from] move: Reflect Type|[of] p2a: Raikou
|
|-heal|p1a: Starmie|220\/324|[from] item: Leftovers
|turn|29
|
|move|p2a: Raikou|Volt Switch|p1a: Starmie
|-resisted|p1a: Starmie
|-damage|p1a: Starmie|152\/324
|
|switch|p2a: Garchomp|Garchomp, F|420\/420
|move|p1a: Starmie|Rapid Spin|p2a: Garchomp
|-damage|p2a: Garchomp|411\/420
|-damage|p1a: Starmie|112\/324|[from] ability: Rough Skin|[of] p2a: Garchomp
|-damage|p1a: Starmie|58\/324|[from] item: Rocky Helmet|[of] p2a: Garchomp
|-sideend|p1: RIPCharlie|Stealth Rock|[from] move: Rapid Spin|[of] p1a: Starmie
|
|-heal|p1a: Starmie|78\/324|[from] item: Leftovers
|turn|30
|
|switch|p2a: Raikou|Raikou|321\/321
|-ability|p2a: Raikou|Pressure
|move|p1a: Starmie|Recover|p1a: Starmie
|-heal|p1a: Starmie|240\/324
|
|-heal|p1a: Starmie|260\/324|[from] item: Leftovers
|turn|31
|
|move|p1a: Starmie|Scald|p2a: Raikou
|-damage|p2a: Raikou|278\/321
|-status|p2a: Raikou|brn
|move|p2a: Raikou|Shadow Ball|p1a: Starmie
|-damage|p1a: Starmie|159\/324
|
|-heal|p1a: Starmie|179\/324|[from] item: Leftovers
|-damage|p2a: Raikou|238\/321 brn|[from] brn
|turn|32
|
|switch|p2a: Sylveon|Sylveon, M|213\/394
|move|p1a: Starmie|Recover|p1a: Starmie
|-heal|p1a: Starmie|324\/324
|
|turn|33
|
|switch|p1a: Skarmory|Skarmory, M|252\/333
|move|p2a: Sylveon|Heal Bell|p2a: Sylveon
|-cureteam|p2a: Sylveon|[from] move: HealBell
|
|turn|34
|
|move|p1a: Skarmory|Stealth Rock|p2a: Sylveon
|-sidestart|p2: CheckmateWeee|move: Stealth Rock
|move|p2a: Sylveon|Wish|p2a: Sylveon
|
|turn|35
|
|move|p2a: Sylveon|Hyper Voice|p1a: Skarmory
|-resisted|p1a: Skarmory
|-damage|p1a: Skarmory|178\/333
|move|p1a: Skarmory|Whirlwind|p2a: Sylveon
|drag|p2a: Keldeo|Keldeo|183\/323
|-damage|p2a: Keldeo|163\/323|[from] Stealth Rock
|
|-heal|p2a: Keldeo|323\/323|[from] move: Wish|[wisher] Sylveon
|turn|36
|
|switch|p1a: Tangrowth|Tangrowth, M|381\/404
|move|p2a: Keldeo|Secret Sword|p1a: Tangrowth
|-damage|p1a: Tangrowth|188\/404
|
|turn|37
|
|switch|p1a: Sableye|Sableye-Mega, M|207\/304
|move|p2a: Keldeo|Secret Sword|p1a: Sableye
|-immune|p1a: Sableye|[msg]
|
|turn|38
|
|switch|p2a: Sylveon|Sylveon, M|213\/394
|-damage|p2a: Sylveon|164\/394|[from] Stealth Rock
|move|p1a: Sableye|Will-O-Wisp|p2a: Sylveon
|-status|p2a: Sylveon|brn
|
|-damage|p2a: Sylveon|115\/394 brn|[from] brn
|turn|39
|
|switch|p1a: Skarmory|Skarmory, M|178\/333
|move|p2a: Sylveon|Wish|p2a: Sylveon
|
|-damage|p2a: Sylveon|66\/394 brn|[from] brn
|turn|40
|
|move|p1a: Skarmory|Roost|p1a: Skarmory
|-heal|p1a: Skarmory|333\/333
|move|p2a: Sylveon|Heal Bell|p2a: Sylveon
|-cureteam|p2a: Sylveon|[from] move: HealBell
|
|-heal|p2a: Sylveon|263\/394|[from] move: Wish|[wisher] Sylveon
|turn|41
|
|move|p1a: Skarmory|Iron Head|p2a: Sylveon
|-supereffective|p2a: Sylveon
|-damage|p2a: Sylveon|105\/394
|cant|p2a: Sylveon|flinch
|
|turn|42
|
|switch|p2a: Raikou|Raikou|238\/321
|-damage|p2a: Raikou|198\/321|[from] Stealth Rock
|-ability|p2a: Raikou|Pressure
|move|p1a: Skarmory|Iron Head|p2a: Raikou
|-resisted|p2a: Raikou
|-damage|p2a: Raikou|151\/321
|
|turn|43
|
|switch|p1a: Chansey|Chansey, F|383\/703
|move|p2a: Raikou|Volt Switch|p1a: Chansey
|-damage|p1a: Chansey|308\/703
|
|switch|p2a: Metagross|Metagross-Mega|255\/363
|-damage|p2a: Metagross|233\/363|[from] Stealth Rock
|
|turn|44
|
|switch|p1a: Skarmory|Skarmory, M|333\/333
|move|p2a: Metagross|Meteor Mash|p1a: Skarmory
|-resisted|p1a: Skarmory
|-damage|p1a: Skarmory|243\/333
|
|turn|45
|
|move|p2a: Metagross|Hammer Arm|p1a: Skarmory
|-damage|p1a: Skarmory|120\/333
|-unboost|p2a: Metagross|spe|1
|move|p1a: Skarmory|Roost|p1a: Skarmory
|-heal|p1a: Skarmory|287\/333
|
|turn|46
|
|move|p2a: Metagross|Hammer Arm|p1a: Skarmory
|-damage|p1a: Skarmory|156\/333
|-unboost|p2a: Metagross|spe|1
|move|p1a: Skarmory|Whirlwind|p2a: Metagross
|drag|p2a: Keldeo|Keldeo|323\/323
|-damage|p2a: Keldeo|303\/323|[from] Stealth Rock
|
|turn|47
|
|switch|p1a: Starmie|Starmie|324\/324
|move|p2a: Keldeo|Scald|p1a: Starmie
|-resisted|p1a: Starmie
|-damage|p1a: Starmie|201\/324
|
|-heal|p1a: Starmie|221\/324|[from] item: Leftovers
|turn|48
|
|move|p1a: Starmie|Scald|p2a: Keldeo
|-resisted|p2a: Keldeo
|-damage|p2a: Keldeo|250\/323
|-status|p2a: Keldeo|brn
|move|p2a: Keldeo|Scald|p1a: Starmie
|-resisted|p1a: Starmie
|-damage|p1a: Starmie|92\/324
|
|-heal|p1a: Starmie|112\/324|[from] item: Leftovers
|-damage|p2a: Keldeo|210\/323 brn|[from] brn
|turn|49
|
|switch|p2a: Raikou|Raikou|151\/321
|-damage|p2a: Raikou|111\/321|[from] Stealth Rock
|-ability|p2a: Raikou|Pressure
|move|p1a: Starmie|Recover|p1a: Starmie
|-heal|p1a: Starmie|274\/324
|
|-heal|p1a: Starmie|294\/324|[from] item: Leftovers
|turn|50
|
|move|p2a: Raikou|Volt Switch|p1a: Starmie
|-crit|p1a: Starmie
|-supereffective|p1a: Starmie
|-damage|p1a: Starmie|0 fnt
|faint|p1a: Starmie
|
|switch|p2a: Garchomp|Garchomp, F|411\/420
|-damage|p2a: Garchomp|385\/420|[from] Stealth Rock
|
|
|switch|p1a: Sableye|Sableye-Mega, M|207\/304
|turn|51
|
|switch|p2a: Keldeo|Keldeo|210\/323 brn
|-damage|p2a: Keldeo|190\/323 brn|[from] Stealth Rock
|move|p1a: Sableye|Will-O-Wisp|p2a: Keldeo
|-fail|p2a: Keldeo|brn
|
|-damage|p2a: Keldeo|150\/323 brn|[from] brn
|turn|52
|
|switch|p2a: Sylveon|Sylveon, M|105\/394
|-damage|p2a: Sylveon|56\/394|[from] Stealth Rock
|switch|p1a: Tangrowth|Tangrowth, M|322\/404
|
|turn|53
|
|move|p2a: Sylveon|Wish|p2a: Sylveon
|move|p1a: Tangrowth|Sludge Bomb|p2a: Sylveon
|-supereffective|p2a: Sylveon
|-damage|p2a: Sylveon|0 fnt
|faint|p2a: Sylveon
|
|
|switch|p2a: Keldeo|Keldeo|150\/323 brn
|-damage|p2a: Keldeo|130\/323 brn|[from] Stealth Rock
|turn|54
|
|move|p2a: Keldeo|Secret Sword|p1a: Tangrowth
|-damage|p1a: Tangrowth|139\/404
|move|p1a: Tangrowth|Leaf Storm|p2a: Keldeo
|-supereffective|p2a: Keldeo
|-damage|p2a: Keldeo|0 fnt
|-unboost|p1a: Tangrowth|spa|2
|faint|p2a: Keldeo
|
|
|switch|p2a: Raikou|Raikou|111\/321
|-damage|p2a: Raikou|71\/321|[from] Stealth Rock
|-ability|p2a: Raikou|Pressure
|turn|55
|
|move|p2a: Raikou|Volt Switch|p1a: Tangrowth
|-resisted|p1a: Tangrowth
|-damage|p1a: Tangrowth|93\/404
|
|switch|p2a: Metagross|Metagross-Mega|233\/363
|-damage|p2a: Metagross|211\/363|[from] Stealth Rock
|move|p1a: Tangrowth|Earthquake|p2a: Metagross
|-supereffective|p2a: Metagross
|-damage|p2a: Metagross|103\/363
|
|turn|56
|
|switch|p1a: Chansey|Chansey, F|308\/703
|move|p2a: Metagross|Meteor Mash|p1a: Chansey
|-damage|p1a: Chansey|0 fnt
|-boost|p2a: Metagross|atk|1
|faint|p1a: Chansey
|
|
|switch|p1a: Skarmory|Skarmory, M|156\/333
|turn|57
|
|move|p2a: Metagross|Hammer Arm|p1a: Skarmory|[miss]
|-miss|p2a: Metagross|p1a: Skarmory
|move|p1a: Skarmory|Whirlwind|p2a: Metagross
|drag|p2a: Garchomp|Garchomp, F|385\/420
|-damage|p2a: Garchomp|359\/420|[from] Stealth Rock
|
|turn|58
|
|move|p2a: Garchomp|Flamethrower|p1a: Skarmory
|-supereffective|p1a: Skarmory
|-damage|p1a: Skarmory|46\/333
|move|p1a: Skarmory|Roost|p1a: Skarmory
|-heal|p1a: Skarmory|213\/333
|
|turn|59
|
|switch|p1a: Sableye|Sableye-Mega, M|207\/304
|move|p2a: Garchomp|Stealth Rock|p1a: Sableye
|move|p1a: Sableye|Stealth Rock|p2a: Garchomp|[from]Magic Bounce
|-fail|p2a: Garchomp
|
|turn|60
|
|move|p1a: Sableye|Will-O-Wisp|p2a: Garchomp
|-status|p2a: Garchomp|brn
|move|p2a: Garchomp|Dragon Tail|p1a: Sableye
|-damage|p1a: Sableye|173\/304
|drag|p1a: Tangrowth|Tangrowth, M|227\/404
|
|-damage|p2a: Garchomp|307\/420 brn|[from] brn
|turn|61
|
|switch|p1a: Skarmory|Skarmory, M|213\/333
|move|p2a: Garchomp|Stealth Rock|p1a: Skarmory
|-sidestart|p1: RIPCharlie|move: Stealth Rock
|
|-damage|p2a: Garchomp|255\/420 brn|[from] brn
|turn|62
|
|move|p2a: Garchomp|Flamethrower|p1a: Skarmory
|-supereffective|p1a: Skarmory
|-damage|p1a: Skarmory|87\/333
|move|p1a: Skarmory|Roost|p1a: Skarmory
|-heal|p1a: Skarmory|254\/333
|
|-damage|p2a: Garchomp|203\/420 brn|[from] brn
|turn|63
|
|switch|p2a: Raikou|Raikou|71\/321
|-damage|p2a: Raikou|31\/321|[from] Stealth Rock
|-ability|p2a: Raikou|Pressure
|move|p1a: Skarmory|Roost|p1a: Skarmory
|-heal|p1a: Skarmory|333\/333
|
|turn|64
|
|move|p2a: Raikou|Thunderbolt|p1a: Skarmory
|-supereffective|p1a: Skarmory
|-damage|p1a: Skarmory|57\/333
|-status|p1a: Skarmory|par
|move|p1a: Skarmory|Whirlwind|p2a: Raikou
|drag|p2a: Garchomp|Garchomp, F|203\/420 brn
|-damage|p2a: Garchomp|177\/420 brn|[from] Stealth Rock
|
|-damage|p2a: Garchomp|125\/420 brn|[from] brn
|turn|65
|
|switch|p1a: Sableye|Sableye-Mega, M|173\/304
|-damage|p1a: Sableye|135\/304|[from] Stealth Rock
|move|p2a: Garchomp|Flamethrower|p1a: Sableye
|-damage|p1a: Sableye|87\/304
|
|-damage|p2a: Garchomp|73\/420 brn|[from] brn
|turn|66
|
|switch|p2a: Hydreigon|Hydreigon, M|325\/325
|-damage|p2a: Hydreigon|285\/325|[from] Stealth Rock
|move|p1a: Sableye|Recover|p1a: Sableye
|-heal|p1a: Sableye|239\/304
|
|turn|67
|
|switch|p1a: Skarmory|Skarmory, M|57\/333 par
|-damage|p1a: Skarmory|16\/333 par|[from] Stealth Rock
|move|p2a: Hydreigon|Draco Meteor|p1a: Skarmory
|-resisted|p1a: Skarmory
|-damage|p1a: Skarmory|0 fnt
|-unboost|p2a: Hydreigon|spa|2
|faint|p1a: Skarmory
|
|
|switch|p1a: Sableye|Sableye-Mega, M|239\/304
|-damage|p1a: Sableye|201\/304|[from] Stealth Rock
|turn|68
|
|switch|p2a: Metagross|Metagross-Mega|103\/363
|-damage|p2a: Metagross|81\/363|[from] Stealth Rock
|move|p1a: Sableye|Recover|p1a: Sableye
|-heal|p1a: Sableye|304\/304
|
|turn|69
|
|switch|p2a: Garchomp|Garchomp, F|73\/420 brn
|-damage|p2a: Garchomp|47\/420 brn|[from] Stealth Rock
|move|p1a: Sableye|Will-O-Wisp|p2a: Garchomp|[miss]
|-miss|p1a: Sableye|p2a: Garchomp
|
|-damage|p2a: Garchomp|0 fnt|[from] brn
|faint|p2a: Garchomp
|
|switch|p2a: Hydreigon|Hydreigon, M|285\/325
|-damage|p2a: Hydreigon|245\/325|[from] Stealth Rock
|turn|70
|
|move|p2a: Hydreigon|U-turn|p1a: Sableye
|-damage|p1a: Sableye|265\/304
|
|switch|p2a: Raikou|Raikou|31\/321
|-damage|p2a: Raikou|0 fnt|[from] Stealth Rock
|faint|p2a: Raikou
|move|p1a: Sableye|Recover|p1a: Sableye
|-heal|p1a: Sableye|304\/304
|
|
|switch|p2a: Metagross|Metagross-Mega|81\/363
|-damage|p2a: Metagross|59\/363|[from] Stealth Rock
|turn|71
|
|move|p2a: Metagross|Meteor Mash|p1a: Sableye
|-crit|p1a: Sableye
|-damage|p1a: Sableye|34\/304
|move|p1a: Sableye|Will-O-Wisp|p2a: Metagross
|-status|p2a: Metagross|brn
|
|-damage|p2a: Metagross|14\/363 brn|[from] brn
|turn|72
|
|move|p2a: Metagross|Grass Knot|p1a: Sableye
|-damage|p1a: Sableye|0 fnt
|faint|p1a: Sableye
|
|-damage|p2a: Metagross|0 fnt|[from] brn
|faint|p2a: Metagross
|
|switch|p2a: Hydreigon|Hydreigon, M|245\/325
|switch|p1a: Tangrowth|Tangrowth, M|361\/404
|-damage|p2a: Hydreigon|205\/325|[from] Stealth Rock
|-damage|p1a: Tangrowth|311\/404|[from] Stealth Rock
|turn|73
|
|move|p2a: Hydreigon|Dark Pulse|p1a: Tangrowth
|-damage|p1a: Tangrowth|205\/404
|move|p1a: Tangrowth|Knock Off|p2a: Hydreigon
|-resisted|p2a: Hydreigon
|-damage|p2a: Hydreigon|162\/325
|-enditem|p2a: Hydreigon|Choice Scarf|[from] move: Knock Off|[of] p1a: Tangrowth
|
|turn|74
|
|move|p2a: Hydreigon|U-turn|p1a: Tangrowth
|-supereffective|p1a: Tangrowth
|-damage|p1a: Tangrowth|115\/404
|move|p1a: Tangrowth|Leaf Storm|p2a: Hydreigon
|-resisted|p2a: Hydreigon
|-damage|p2a: Hydreigon|64\/325
|-unboost|p1a: Tangrowth|spa|2
|
|turn|75
|
|move|p2a: Hydreigon|Draco Meteor|p1a: Tangrowth
|-damage|p1a: Tangrowth|0 fnt
|-unboost|p2a: Hydreigon|spa|2
|faint|p1a: Tangrowth
|
|win|CheckmateWeee
|raw|Ladder updating...
|raw|RIPCharlie's rating: 1632 &rarr; <strong>1606<\/strong><br \/>(-26 for losing)
|raw|CheckmateWeee's rating: 1535 &rarr; <strong>1560<\/strong><br \/>(+25 for winning)