|join|RIPCharlie
|join|jaw98
|player|p1|RIPCharlie|2
|player|p2|jaw98|170
|gametype|singles
|gen|6
|tier|OU
|rated
|clearpoke
|poke|p1|Starmie
|poke|p1|Quagsire, F
|poke|p1|Amoonguss, M
|poke|p1|Skarmory, F
|poke|p1|Sableye, F
|poke|p1|Chansey, F
|poke|p2|Sableye, M
|poke|p2|Excadrill, F
|poke|p2|Manaphy
|poke|p2|Gliscor, F
|poke|p2|Talonflame, M
|poke|p2|Clefable, F
|rule|Swagger Clause: Swagger is banned
|rule|Baton Pass Clause: Limit one PokÃ©mon knowing Baton Pass
|rule|Sleep Clause Mod: Limit one foe put to sleep
|rule|Species Clause: Limit one of each PokÃ©mon
|rule|OHKO Clause: OHKO moves are banned
|rule|Moody Clause: Moody is banned
|rule|Evasion Moves Clause: Evasion moves are banned
|rule|Endless Battle Clause: Forcing endless battles is banned
|rule|HP Percentage Mod: HP is shown in percentages
|teampreview
|
|start
|switch|p1a: Sableye|Sableye, F|304\/304
|switch|p2a: Gliscor|Gliscor, F|353\/353
|turn|1
|
|detailschange|p1a: Sableye|Sableye-Mega, F
|-mega|p1a: Sableye|Sableye|Sablenite
|move|p2a: Gliscor|Taunt|p1a: Sableye
|move|p1a: Sableye|Taunt|p2a: Gliscor|[from]Magic Bounce
|-start|p2a: Gliscor|move: Taunt
|move|p1a: Sableye|Knock Off|p2a: Gliscor
|-damage|p2a: Gliscor|293\/353
|-enditem|p2a: Gliscor|Toxic Orb|[from] move: Knock Off|[of] p1a: Sableye
|
|turn|2
|
|move|p2a: Gliscor|U-turn|p1a: Sableye
|-damage|p1a: Sableye|264\/304
|join|Blackwing-Dragon
|
|switch|p2a: Excadrill|Excadrill, F|424\/424
|-ability|p2a: Excadrill|Mold Breaker
|move|p1a: Sableye|Will-O-Wisp|p2a: Excadrill
|-status|p2a: Excadrill|brn
|
|-damage|p2a: Excadrill|371\/424 brn|[from] brn
|turn|3
|
|move|p2a: Excadrill|Toxic|p1a: Sableye
|-status|p1a: Sableye|tox
|move|p1a: Sableye|Knock Off|p2a: Excadrill
|-damage|p2a: Excadrill|226\/424 brn
|-enditem|p2a: Excadrill|Leftovers|[from] move: Knock Off|[of] p1a: Sableye
|
|-damage|p2a: Excadrill|173\/424 brn|[from] brn
|-damage|p1a: Sableye|245\/304 tox|[from] psn
|turn|4
|
|switch|p2a: Gliscor|Gliscor, F|293\/353
|switch|p1a: Chansey|Chansey, F|703\/703
|
|turn|5
|
|switch|p1a: Sableye|Sableye-Mega, F|245\/304 tox
|move|p2a: Gliscor|Taunt|p1a: Sableye
|move|p1a: Sableye|Taunt|p2a: Gliscor|[from]Magic Bounce
|-start|p2a: Gliscor|move: Taunt
|
|-damage|p1a: Sableye|226\/304 tox|[from] psn
|turn|6
|
|switch|p1a: Chansey|Chansey, F|703\/703
|move|p2a: Gliscor|U-turn|p1a: Chansey
|-damage|p1a: Chansey|639\/703
|
|switch|p2a: Talonflame|Talonflame, M|345\/345
|
|turn|7
|
|move|p2a: Talonflame|Taunt|p1a: Chansey
|-start|p1a: Chansey|move: Taunt
|cant|p1a: Chansey|move: Taunt|Heal Bell
|
|turn|8
|
|move|p2a: Talonflame|Will-O-Wisp|p1a: Chansey
|-status|p1a: Chansey|brn
|move|p1a: Chansey|Seismic Toss|p2a: Talonflame
|-damage|p2a: Talonflame|245\/345
|
|-heal|p2a: Talonflame|266\/345|[from] item: Leftovers
|-damage|p1a: Chansey|552\/703 brn|[from] brn
|turn|9
|
|switch|p1a: Amoonguss|Amoonguss, M|432\/432
|move|p2a: Talonflame|Brave Bird|p1a: Amoonguss
|-supereffective|p1a: Amoonguss
|-damage|p1a: Amoonguss|60\/432
|-damage|p2a: Talonflame|143\/345|[from] recoil|[of] p1a: Amoonguss
|
|-heal|p2a: Talonflame|164\/345|[from] item: Leftovers
|-heal|p1a: Amoonguss|87\/432|[from] item: Black Sludge
|turn|10
|
|switch|p1a: Quagsire|Quagsire, F|394\/394
|move|p2a: Talonflame|Brave Bird|p1a: Quagsire
|-damage|p1a: Quagsire|255\/394
|-damage|p2a: Talonflame|118\/345|[from] recoil|[of] p1a: Quagsire
|
|-heal|p2a: Talonflame|139\/345|[from] item: Leftovers
|-heal|p1a: Quagsire|279\/394|[from] item: Leftovers
|turn|11
|
|switch|p2a: Sableye|Sableye, M|303\/303
|switch|p1a: Starmie|Starmie|324\/324
|
|turn|12
|
|switch|p1a: Chansey|Chansey, F|552\/703
|detailschange|p2a: Sableye|Sableye-Mega, M
|-mega|p2a: Sableye|Sableye|Sablenite
|move|p2a: Sableye|Knock Off|p1a: Chansey
|-damage|p1a: Chansey|419\/703
|-enditem|p1a: Chansey|Eviolite|[from] move: Knock Off|[of] p2a: Sableye
|
|turn|13
|
|switch|p2a: Clefable|Clefable, F|393\/393
|move|p1a: Chansey|Heal Bell|p1a: Chansey
|-cureteam|p1a: Chansey|[from] move: HealBell
|
|turn|14
|
|switch|p1a: Amoonguss|Amoonguss, M|231\/432
|move|p2a: Clefable|Heal Bell|p2a: Clefable
|-cureteam|p2a: Clefable|[from] move: HealBell
|
|-heal|p1a: Amoonguss|258\/432|[from] item: Black Sludge
|turn|15
|
|switch|p2a: Sableye|Sableye-Mega, M|303\/303
|move|p1a: Amoonguss|Spore|p2a: Sableye
|move|p2a: Sableye|Spore|p1a: Amoonguss|[from]Magic Bounce
|-fail|p1a: Amoonguss
|
|-heal|p1a: Amoonguss|285\/432|[from] item: Black Sludge
|turn|16
|
|switch|p1a: Sableye|Sableye-Mega, F|226\/304
|move|p2a: Sableye|Knock Off|p1a: Sableye
|-damage|p1a: Sableye|174\/304
|
|turn|17
|
|switch|p2a: Excadrill|Excadrill, F|173\/424
|-ability|p2a: Excadrill|Mold Breaker
|move|p1a: Sableye|Recover|p1a: Sableye
|-heal|p1a: Sableye|304\/304
|
|turn|18
|
|switch|p1a: Skarmory|Skarmory, F|333\/333
|move|p2a: Excadrill|Iron Head|p1a: Skarmory
|-crit|p1a: Skarmory
|-resisted|p1a: Skarmory
|-damage|p1a: Skarmory|266\/333
|
|turn|19
|
|switch|p2a: Manaphy|Manaphy|401\/401
|move|p1a: Skarmory|Roost|p1a: Skarmory
|-heal|p1a: Skarmory|333\/333
|
|turn|20
|
|switch|p1a: Starmie|Starmie|324\/324
|move|p2a: Manaphy|Rain Dance|p2a: Manaphy
|-weather|RainDance
|
|-weather|RainDance|[upkeep]
|turn|21
|
|move|p1a: Starmie|Trick|p2a: Manaphy
|-activate|p1a: Starmie|move: Trick|[of] p2a: Manaphy
|-item|p2a: Manaphy|Choice Scarf|[from] move: Trick
|-item|p1a: Starmie|Leftovers|[from] move: Trick
|move|p2a: Manaphy|U-turn|p1a: Starmie
|-supereffective|p1a: Starmie
|-damage|p1a: Starmie|212\/324
|
|switch|p2a: Sableye|Sableye-Mega, M|303\/303
|
|-weather|RainDance|[upkeep]
|-heal|p1a: Starmie|232\/324|[from] item: Leftovers
|turn|22
|
|switch|p1a: Sableye|Sableye-Mega, F|304\/304
|move|p2a: Sableye|Foul Play|p1a: Sableye
|-damage|p1a: Sableye|240\/304
|
|-weather|RainDance|[upkeep]
|turn|23
|
|switch|p2a: Talonflame|Talonflame, M|139\/345
|move|p1a: Sableye|Recover|p1a: Sableye
|-heal|p1a: Sableye|304\/304
|
|-weather|RainDance|[upkeep]
|-heal|p2a: Talonflame|160\/345|[from] item: Leftovers
|turn|24
|
|switch|p2a: Gliscor|Gliscor, F|293\/353
|move|p1a: Sableye|Knock Off|p2a: Gliscor
|-damage|p2a: Gliscor|251\/353
|
|-weather|none
|turn|25
|
|switch|p1a: Amoonguss|Amoonguss, M|429\/432
|move|p2a: Gliscor|U-turn|p1a: Amoonguss
|-damage|p1a: Amoonguss|379\/432
|
|switch|p2a: Talonflame|Talonflame, M|160\/345
|
|-heal|p2a: Talonflame|181\/345|[from] item: Leftovers
|-heal|p1a: Amoonguss|406\/432|[from] item: Black Sludge
|turn|26
|
|move|p2a: Talonflame|Taunt|p1a: Amoonguss
|-start|p1a: Amoonguss|move: Taunt
|cant|p1a: Amoonguss|move: Taunt|Spore
|
|-heal|p2a: Talonflame|202\/345|[from] item: Leftovers
|-heal|p1a: Amoonguss|432\/432|[from] item: Black Sludge
|turn|27
|
|switch|p1a: Sableye|Sableye-Mega, F|304\/304
|move|p2a: Talonflame|Roost|p2a: Talonflame
|-heal|p2a: Talonflame|345\/345
|
|turn|28
|
|switch|p2a: Manaphy|Manaphy|401\/401
|move|p1a: Sableye|Knock Off|p2a: Manaphy
|-damage|p2a: Manaphy|304\/401
|-enditem|p2a: Manaphy|Choice Scarf|[from] move: Knock Off|[of] p1a: Sableye
|
|turn|29
|
|switch|p1a: Amoonguss|Amoonguss, M|432\/432
|move|p2a: Manaphy|Rain Dance|p2a: Manaphy
|-weather|RainDance
|
|-weather|RainDance|[upkeep]
|turn|30
|
|move|p2a: Manaphy|Scald|p1a: Amoonguss
|-resisted|p1a: Amoonguss
|-damage|p1a: Amoonguss|363\/432
|-status|p1a: Amoonguss|brn
|move|p1a: Amoonguss|Giga Drain|p2a: Manaphy
|-supereffective|p2a: Manaphy
|-damage|p2a: Manaphy|196\/401
|-heal|p1a: Amoonguss|417\/432 brn|[from] drain|[of] p2a: Manaphy
|
|-weather|RainDance|[upkeep]
|-heal|p1a: Amoonguss|432\/432 brn|[from] item: Black Sludge
|-damage|p1a: Amoonguss|378\/432 brn|[from] brn
|turn|31
|
|move|p2a: Manaphy|Rest|p2a: Manaphy
|-status|p2a: Manaphy|slp
|-heal|p2a: Manaphy|401\/401 slp|[silent]
|-status|p2a: Manaphy|slp|[from] move: Rest
|move|p1a: Amoonguss|Giga Drain|p2a: Manaphy
|-supereffective|p2a: Manaphy
|-damage|p2a: Manaphy|293\/401 slp
|-heal|p1a: Amoonguss|432\/432 brn|[from] drain|[of] p2a: Manaphy
|
|-weather|RainDance|[upkeep]
|-curestatus|p2a: Manaphy|slp
|-damage|p1a: Amoonguss|378\/432 brn|[from] brn
|turn|32
|
|move|p2a: Manaphy|U-turn|p1a: Amoonguss
|-damage|p1a: Amoonguss|331\/432 brn
|
|switch|p2a: Talonflame|Talonflame, M|345\/345
|move|p1a: Amoonguss|Giga Drain|p2a: Talonflame
|-resisted|p2a: Talonflame
|-damage|p2a: Talonflame|320\/345
|-heal|p1a: Amoonguss|344\/432 brn|[from] drain|[of] p2a: Talonflame
|
|-weather|RainDance|[upkeep]
|-heal|p2a: Talonflame|341\/345|[from] item: Leftovers
|-heal|p1a: Amoonguss|371\/432 brn|[from] item: Black Sludge
|-damage|p1a: Amoonguss|317\/432 brn|[from] brn
|turn|33
|
|switch|p1a: Sableye|Sableye-Mega, F|304\/304
|move|p2a: Talonflame|Brave Bird|p1a: Sableye
|-damage|p1a: Sableye|183\/304
|-damage|p2a: Talonflame|301\/345|[from] recoil|[of] p1a: Sableye
|
|-weather|none
|-heal|p2a: Talonflame|322\/345|[from] item: Leftovers
|turn|34
|
|switch|p2a: Gliscor|Gliscor, F|251\/353
|move|p1a: Sableye|Recover|p1a: Sableye
|-heal|p1a: Sableye|304\/304
|
|turn|35
|
|move|p2a: Gliscor|Taunt|p1a: Sableye
|move|p1a: Sableye|Taunt|p2a: Gliscor|[from]Magic Bounce
|-start|p2a: Gliscor|move: Taunt
|move|p1a: Sableye|Knock Off|p2a: Gliscor
|-crit|p2a: Gliscor
|-damage|p2a: Gliscor|196\/353
|
|turn|36
|
|move|p2a: Gliscor|U-turn|p1a: Sableye
|-damage|p1a: Sableye|264\/304
|
|switch|p2a: Manaphy|Manaphy|293\/401
|move|p1a: Sableye|Knock Off|p2a: Manaphy
|-damage|p2a: Manaphy|233\/401
|
|turn|37
|
|switch|p1a: Amoonguss|Amoonguss, M|432\/432 brn
|move|p2a: Manaphy|Rain Dance|p2a: Manaphy
|-weather|RainDance
|
|-weather|RainDance|[upkeep]
|-damage|p1a: Amoonguss|378\/432 brn|[from] brn
|turn|38
|
|move|p2a: Manaphy|Rest|p2a: Manaphy
|-status|p2a: Manaphy|slp
|-heal|p2a: Manaphy|401\/401 slp|[silent]
|-status|p2a: Manaphy|slp|[from] move: Rest
|move|p1a: Amoonguss|Spore|p2a: Manaphy
|-fail|p2a: Manaphy|slp
|
|-weather|RainDance|[upkeep]
|-curestatus|p2a: Manaphy|slp
|-heal|p1a: Amoonguss|405\/432 brn|[from] item: Black Sludge
|-damage|p1a: Amoonguss|351\/432 brn|[from] brn
|turn|39
|
|move|p2a: Manaphy|Scald|p1a: Amoonguss
|-resisted|p1a: Amoonguss
|-damage|p1a: Amoonguss|282\/432 brn
|move|p1a: Amoonguss|Spore|p2a: Manaphy
|-status|p2a: Manaphy|slp
|
|-weather|RainDance|[upkeep]
|-curestatus|p2a: Manaphy|slp
|-heal|p1a: Amoonguss|309\/432 brn|[from] item: Black Sludge
|-damage|p1a: Amoonguss|255\/432 brn|[from] brn
|turn|40
|
|move|p2a: Manaphy|U-turn|p1a: Amoonguss
|-damage|p1a: Amoonguss|202\/432 brn
|
|switch|p2a: Sableye|Sableye-Mega, M|303\/303
|move|p1a: Amoonguss|Giga Drain|p2a: Sableye
|-damage|p2a: Sableye|251\/303
|-heal|p1a: Amoonguss|228\/432 brn|[from] drain|[of] p2a: Sableye
|
|-weather|RainDance|[upkeep]
|-heal|p1a: Amoonguss|255\/432 brn|[from] item: Black Sludge
|-damage|p1a: Amoonguss|201\/432 brn|[from] brn
|turn|41
|
|switch|p1a: Chansey|Chansey, F|419\/703
|move|p2a: Sableye|Knock Off|p1a: Chansey
|-damage|p1a: Chansey|293\/703
|
|-weather|none
|turn|42
|
|switch|p2a: Talonflame|Talonflame, M|322\/345
|move|p1a: Chansey|Soft-Boiled|p1a: Chansey
|-heal|p1a: Chansey|645\/703
|
|-heal|p2a: Talonflame|343\/345|[from] item: Leftovers
|turn|43
|
|move|p2a: Talonflame|Taunt|p1a: Chansey
|-start|p1a: Chansey|move: Taunt
|cant|p1a: Chansey|move: Taunt|Stealth Rock
|
|-heal|p2a: Talonflame|345\/345|[from] item: Leftovers
|turn|44
|
|switch|p1a: Sableye|Sableye-Mega, F|264\/304
|move|p2a: Talonflame|Will-O-Wisp|p1a: Sableye
|move|p1a: Sableye|Will-O-Wisp|p2a: Talonflame|[from]Magic Bounce
|-fail|p2a: Talonflame
|
|turn|45
|
|switch|p2a: Gliscor|Gliscor, F|196\/353
|move|p1a: Sableye|Will-O-Wisp|p2a: Gliscor
|-status|p2a: Gliscor|brn
|
|-damage|p2a: Gliscor|152\/353 brn|[from] brn
|turn|46
|
|move|p2a: Gliscor|Earthquake|p1a: Sableye
|-damage|p1a: Sableye|225\/304
|move|p1a: Sableye|Knock Off|p2a: Gliscor
|-damage|p2a: Gliscor|116\/353 brn
|
|-damage|p2a: Gliscor|72\/353 brn|[from] brn
|turn|47
|
|switch|p2a: Manaphy|Manaphy|401\/401
|move|p1a: Sableye|Recover|p1a: Sableye
|-heal|p1a: Sableye|304\/304
|
|turn|48
|
|switch|p1a: Amoonguss|Amoonguss, M|345\/432 brn
|move|p2a: Manaphy|Scald|p1a: Amoonguss
|-resisted|p1a: Amoonguss
|-damage|p1a: Amoonguss|297\/432 brn
|
|-heal|p1a: Amoonguss|324\/432 brn|[from] item: Black Sludge
|-damage|p1a: Amoonguss|270\/432 brn|[from] brn
|turn|49
|
|move|p2a: Manaphy|U-turn|p1a: Amoonguss
|-damage|p1a: Amoonguss|219\/432 brn
|
|switch|p2a: Sableye|Sableye-Mega, M|251\/303
|move|p1a: Amoonguss|Giga Drain|p2a: Sableye
|-damage|p2a: Sableye|205\/303
|-heal|p1a: Amoonguss|242\/432 brn|[from] drain|[of] p2a: Sableye
|
|-heal|p1a: Amoonguss|269\/432 brn|[from] item: Black Sludge
|-damage|p1a: Amoonguss|215\/432 brn|[from] brn
|turn|50
|
|switch|p2a: Gliscor|Gliscor, F|72\/353 brn
|move|p1a: Amoonguss|Giga Drain|p2a: Gliscor
|-damage|p2a: Gliscor|0 fnt
|-heal|p1a: Amoonguss|251\/432 brn|[from] drain|[of] p2a: Gliscor
|faint|p2a: Gliscor
|
|-heal|p1a: Amoonguss|278\/432 brn|[from] item: Black Sludge
|-damage|p1a: Amoonguss|224\/432 brn|[from] brn
|
|switch|p2a: Talonflame|Talonflame, M|345\/345
|turn|51
|
|switch|p1a: Chansey|Chansey, F|645\/703
|move|p2a: Talonflame|Brave Bird|p1a: Chansey
|-damage|p1a: Chansey|282\/703
|-damage|p2a: Talonflame|225\/345|[from] recoil|[of] p1a: Chansey
|
|-heal|p2a: Talonflame|246\/345|[from] item: Leftovers
|turn|52
|
|switch|p1a: Sableye|Sableye-Mega, F|304\/304
|move|p2a: Talonflame|Brave Bird|p1a: Sableye
|-damage|p1a: Sableye|174\/304
|-damage|p2a: Talonflame|203\/345|[from] recoil|[of] p1a: Sableye
|
|-heal|p2a: Talonflame|224\/345|[from] item: Leftovers
|turn|53
|
|move|p2a: Talonflame|Brave Bird|p1a: Sableye
|-damage|p1a: Sableye|56\/304
|-damage|p2a: Talonflame|185\/345|[from] recoil|[of] p1a: Sableye
|move|p1a: Sableye|Recover|p1a: Sableye
|-heal|p1a: Sableye|208\/304
|
|-heal|p2a: Talonflame|206\/345|[from] item: Leftovers
|turn|54
|
|switch|p2a: Sableye|Sableye-Mega, M|205\/303
|move|p1a: Sableye|Recover|p1a: Sableye
|-heal|p1a: Sableye|304\/304
|
|turn|55
|
|switch|p1a: Chansey|Chansey, F|282\/703
|move|p2a: Sableye|Recover|p2a: Sableye
|-heal|p2a: Sableye|303\/303
|
|turn|56
|
|switch|p2a: Excadrill|Excadrill, F|173\/424
|-ability|p2a: Excadrill|Mold Breaker
|move|p1a: Chansey|Soft-Boiled|p1a: Chansey
|-heal|p1a: Chansey|634\/703
|
|turn|57
|
|switch|p1a: Skarmory|Skarmory, F|333\/333
|move|p2a: Excadrill|Iron Head|p1a: Skarmory
|-resisted|p1a: Skarmory
|-damage|p1a: Skarmory|292\/333
|
|turn|58
|
|switch|p2a: Sableye|Sableye-Mega, M|303\/303
|move|p1a: Skarmory|Whirlwind|p2a: Sableye
|move|p2a: Sableye|Whirlwind|p1a: Skarmory|[from]Magic Bounce
|drag|p1a: Amoonguss|Amoonguss, M|368\/432 brn
|
|-heal|p1a: Amoonguss|395\/432 brn|[from] item: Black Sludge
|-damage|p1a: Amoonguss|341\/432 brn|[from] brn
|turn|59
|
|switch|p1a: Chansey|Chansey, F|634\/703
|move|p2a: Sableye|Knock Off|p1a: Chansey
|-damage|p1a: Chansey|513\/703
|
|turn|60
|
|move|p1a: Chansey|Heal Bell|p1a: Chansey
|-cureteam|p1a: Chansey|[from] move: HealBell
|move|p2a: Sableye|Knock Off|p1a: Chansey
|-damage|p1a: Chansey|371\/703
|
|turn|61
|
|move|p1a: Chansey|Soft-Boiled|p1a: Chansey
|-heal|p1a: Chansey|703\/703
|move|p2a: Sableye|Knock Off|p1a: Chansey
|-damage|p1a: Chansey|564\/703
|
|turn|62
|
|move|p1a: Chansey|Soft-Boiled|p1a: Chansey
|-heal|p1a: Chansey|703\/703
|move|p2a: Sableye|Knock Off|p1a: Chansey
|-damage|p1a: Chansey|564\/703
|
|turn|63
|
|switch|p1a: Sableye|Sableye-Mega, F|304\/304
|move|p2a: Sableye|Will-O-Wisp|p1a: Sableye
|move|p1a: Sableye|Will-O-Wisp|p2a: Sableye|[from]Magic Bounce
|-status|p2a: Sableye|brn
|
|-damage|p2a: Sableye|266\/303 brn|[from] brn
|turn|64
|
|move|p2a: Sableye|Knock Off|p1a: Sableye
|-damage|p1a: Sableye|279\/304
|move|p1a: Sableye|Knock Off|p2a: Sableye
|-damage|p2a: Sableye|215\/303 brn
|
|-damage|p2a: Sableye|178\/303 brn|[from] brn
|turn|65
|
|switch|p1a: Amoonguss|Amoonguss, M|432\/432
|move|p2a: Sableye|Recover|p2a: Sableye
|-heal|p2a: Sableye|303\/303 brn
|
|-damage|p2a: Sableye|266\/303 brn|[from] brn
|turn|66
|
|switch|p1a: Sableye|Sableye-Mega, F|279\/304
|move|p2a: Sableye|Knock Off|p1a: Sableye
|-damage|p1a: Sableye|254\/304
|
|-damage|p2a: Sableye|229\/303 brn|[from] brn
|turn|67
|
|switch|p1a: Amoonguss|Amoonguss, M|432\/432
|move|p2a: Sableye|Knock Off|p1a: Amoonguss
|-damage|p1a: Amoonguss|381\/432
|-enditem|p1a: Amoonguss|Black Sludge|[from] move: Knock Off|[of] p2a: Sableye
|
|-damage|p2a: Sableye|192\/303 brn|[from] brn
|turn|68
|
|switch|p1a: Chansey|Chansey, F|564\/703
|move|p2a: Sableye|Recover|p2a: Sableye
|-heal|p2a: Sableye|303\/303 brn
|
|-damage|p2a: Sableye|266\/303 brn|[from] brn
|turn|69
|
|switch|p1a: Amoonguss|Amoonguss, M|432\/432
|switch|p2a: Clefable|Clefable, F|393\/393
|
|turn|70
|
|switch|p2a: Sableye|Sableye-Mega, M|266\/303 brn
|move|p1a: Amoonguss|Spore|p2a: Sableye
|move|p2a: Sableye|Spore|p1a: Amoonguss|[from]Magic Bounce
|-fail|p1a: Amoonguss
|
|-damage|p2a: Sableye|229\/303 brn|[from] brn
|turn|71
|
|move|p1a: Amoonguss|Giga Drain|p2a: Sableye
|-damage|p2a: Sableye|180\/303 brn
|move|p2a: Sableye|Will-O-Wisp|p1a: Amoonguss
|-status|p1a: Amoonguss|brn
|
|-damage|p1a: Amoonguss|378\/432 brn|[from] brn
|-damage|p2a: Sableye|143\/303 brn|[from] brn
|turn|72
|
|switch|p2a: Clefable|Clefable, F|393\/393
|move|p1a: Amoonguss|Giga Drain|p2a: Clefable
|-damage|p2a: Clefable|320\/393
|-heal|p1a: Amoonguss|415\/432 brn|[from] drain|[of] p2a: Clefable
|
|-heal|p2a: Clefable|344\/393|[from] item: Leftovers
|-damage|p1a: Amoonguss|361\/432 brn|[from] brn
|turn|73
|
|switch|p2a: Sableye|Sableye-Mega, M|143\/303 brn
|move|p1a: Amoonguss|Spore|p2a: Sableye
|move|p2a: Sableye|Spore|p1a: Amoonguss|[from]Magic Bounce
|-fail|p1a: Amoonguss
|
|-damage|p1a: Amoonguss|307\/432 brn|[from] brn
|-damage|p2a: Sableye|106\/303 brn|[from] brn
|turn|74
|
|switch|p1a: Skarmory|Skarmory, F|292\/333
|move|p2a: Sableye|Recover|p2a: Sableye
|-heal|p2a: Sableye|258\/303 brn
|
|-damage|p2a: Sableye|221\/303 brn|[from] brn
|turn|75
|
|move|p1a: Skarmory|Iron Head|p2a: Sableye
|-damage|p2a: Sableye|152\/303 brn
|move|p2a: Sableye|Will-O-Wisp|p1a: Skarmory
|-status|p1a: Skarmory|brn
|
|-damage|p1a: Skarmory|251\/333 brn|[from] brn
|-damage|p2a: Sableye|115\/303 brn|[from] brn
|turn|76
|
|switch|p1a: Chansey|Chansey, F|564\/703
|move|p2a: Sableye|Recover|p2a: Sableye
|-heal|p2a: Sableye|267\/303 brn
|
|-damage|p2a: Sableye|230\/303 brn|[from] brn
|turn|77
|
|switch|p2a: Clefable|Clefable, F|344\/393
|move|p1a: Chansey|Heal Bell|p1a: Chansey
|-cureteam|p1a: Chansey|[from] move: HealBell
|
|-heal|p2a: Clefable|368\/393|[from] item: Leftovers
|turn|78
|
|move|p2a: Clefable|Heal Bell|p2a: Clefable
|-cureteam|p2a: Clefable|[from] move: HealBell
|move|p1a: Chansey|Stealth Rock|p2a: Clefable
|-sidestart|p2: jaw98|move: Stealth Rock
|
|-heal|p2a: Clefable|392\/393|[from] item: Leftovers
|turn|79
|
|switch|p1a: Sableye|Sableye-Mega, F|254\/304
|move|p2a: Clefable|Calm Mind|p2a: Clefable
|-boost|p2a: Clefable|spa|1
|-boost|p2a: Clefable|spd|1
|
|-heal|p2a: Clefable|393\/393|[from] item: Leftovers
|turn|80
|
|switch|p1a: Amoonguss|Amoonguss, M|432\/432
|move|p2a: Clefable|Moonblast|p1a: Amoonguss
|-resisted|p1a: Amoonguss
|-damage|p1a: Amoonguss|341\/432
|
|turn|81
|
|move|p2a: Clefable|Moonblast|p1a: Amoonguss
|-resisted|p1a: Amoonguss
|-damage|p1a: Amoonguss|253\/432
|move|p1a: Amoonguss|Clear Smog|p2a: Clefable
|-supereffective|p2a: Clefable
|-damage|p2a: Clefable|319\/393
|-clearboost|p2a: Clefable
|
|-heal|p2a: Clefable|343\/393|[from] item: Leftovers
|turn|82
|
|switch|p2a: Excadrill|Excadrill, F|173\/424
|-damage|p2a: Excadrill|160\/424|[from] Stealth Rock
|-ability|p2a: Excadrill|Mold Breaker
|move|p1a: Amoonguss|Giga Drain|p2a: Excadrill
|-damage|p2a: Excadrill|87\/424
|-heal|p1a: Amoonguss|290\/432|[from] drain|[of] p2a: Excadrill
|
|turn|83
|
|move|p2a: Excadrill|Iron Head|p1a: Amoonguss
|-damage|p1a: Amoonguss|161\/432
|move|p1a: Amoonguss|Giga Drain|p2a: Excadrill
|-damage|p2a: Excadrill|18\/424
|-heal|p1a: Amoonguss|196\/432|[from] drain|[of] p2a: Excadrill
|
|turn|84
|
|switch|p1a: Sableye|Sableye-Mega, F|254\/304
|move|p2a: Excadrill|Rapid Spin|p1a: Sableye
|-immune|p1a: Sableye|[msg]
|
|turn|85
|
|move|p2a: Excadrill|Toxic|p1a: Sableye
|-status|p1a: Sableye|tox
|move|p1a: Sableye|Knock Off|p2a: Excadrill
|-damage|p2a: Excadrill|0 fnt
|faint|p2a: Excadrill
|
|-damage|p1a: Sableye|235\/304 tox|[from] psn
|
|switch|p2a: Clefable|Clefable, F|343\/393
|-damage|p2a: Clefable|294\/393|[from] Stealth Rock
|turn|86
|
|switch|p1a: Chansey|Chansey, F|564\/703
|move|p2a: Clefable|Moonblast|p1a: Chansey
|-damage|p1a: Chansey|453\/703
|
|-heal|p2a: Clefable|318\/393|[from] item: Leftovers
|turn|87
|
|switch|p2a: Talonflame|Talonflame, M|206\/345
|-damage|p2a: Talonflame|34\/345|[from] Stealth Rock
|move|p1a: Chansey|Heal Bell|p1a: Chansey
|-cureteam|p1a: Chansey|[from] move: HealBell
|
|-heal|p2a: Talonflame|55\/345|[from] item: Leftovers
|turn|88
|
|switch|p1a: Sableye|Sableye-Mega, F|235\/304
|move|p2a: Talonflame|Roost|p2a: Talonflame
|-heal|p2a: Talonflame|228\/345
|
|-heal|p2a: Talonflame|249\/345|[from] item: Leftovers
|turn|89
|
|move|p2a: Talonflame|Roost|p2a: Talonflame
|-heal|p2a: Talonflame|345\/345
|move|p1a: Sableye|Recover|p1a: Sableye
|-heal|p1a: Sableye|304\/304
|
|turn|90
|
|move|p2a: Talonflame|Brave Bird|p1a: Sableye
|-damage|p1a: Sableye|178\/304
|-damage|p2a: Talonflame|303\/345|[from] recoil|[of] p1a: Sableye
|move|p1a: Sableye|Knock Off|p2a: Talonflame
|-crit|p2a: Talonflame
|-damage|p2a: Talonflame|122\/345
|-enditem|p2a: Talonflame|Leftovers|[from] move: Knock Off|[of] p1a: Sableye
|
|turn|91
|
|move|p2a: Talonflame|Roost|p2a: Talonflame
|-heal|p2a: Talonflame|295\/345
|move|p1a: Sableye|Recover|p1a: Sableye
|-heal|p1a: Sableye|304\/304
|
|turn|92
|
|move|p2a: Talonflame|Brave Bird|p1a: Sableye
|-damage|p1a: Sableye|177\/304
|-damage|p2a: Talonflame|253\/345|[from] recoil|[of] p1a: Sableye
|move|p1a: Sableye|Toxic|p2a: Talonflame|[miss]
|-miss|p1a: Sableye|p2a: Talonflame
|
|turn|93
|
|move|p2a: Talonflame|Brave Bird|p1a: Sableye
|-damage|p1a: Sableye|48\/304
|-damage|p2a: Talonflame|210\/345|[from] recoil|[of] p1a: Sableye
|move|p1a: Sableye|Recover|p1a: Sableye
|-heal|p1a: Sableye|200\/304
|
|turn|94
|
|move|p2a: Talonflame|Brave Bird|p1a: Sableye
|-damage|p1a: Sableye|74\/304
|-damage|p2a: Talonflame|168\/345|[from] recoil|[of] p1a: Sableye
|move|p1a: Sableye|Recover|p1a: Sableye
|-heal|p1a: Sableye|226\/304
|
|turn|95
|
|move|p2a: Talonflame|Brave Bird|p1a: Sableye
|-damage|p1a: Sableye|102\/304
|-damage|p2a: Talonflame|127\/345|[from] recoil|[of] p1a: Sableye
|move|p1a: Sableye|Recover|p1a: Sableye
|-heal|p1a: Sableye|254\/304
|
|turn|96
|
|move|p2a: Talonflame|Roost|p2a: Talonflame
|-heal|p2a: Talonflame|300\/345
|move|p1a: Sableye|Knock Off|p2a: Talonflame
|-damage|p2a: Talonflame|218\/345
|
|turn|97
|
|move|p2a: Talonflame|Brave Bird|p1a: Sableye
|-damage|p1a: Sableye|133\/304
|-damage|p2a: Talonflame|178\/345|[from] recoil|[of] p1a: Sableye
|move|p1a: Sableye|Knock Off|p2a: Talonflame
|-damage|p2a: Talonflame|100\/345
|
|turn|98
|
|move|p2a: Talonflame|Roost|p2a: Talonflame
|-heal|p2a: Talonflame|273\/345
|move|p1a: Sableye|Recover|p1a: Sableye
|-heal|p1a: Sableye|285\/304
|
|turn|99
|
|move|p2a: Talonflame|Brave Bird|p1a: Sableye
|-damage|p1a: Sableye|152\/304
|-damage|p2a: Talonflame|229\/345|[from] recoil|[of] p1a: Sableye
|move|p1a: Sableye|Toxic|p2a: Talonflame
|-status|p2a: Talonflame|tox
|
|-damage|p2a: Talonflame|208\/345 tox|[from] psn
|turn|100
|
|switch|p1a: Chansey|Chansey, F|453\/703
|move|p2a: Talonflame|Brave Bird|p1a: Chansey
|-damage|p1a: Chansey|116\/703
|-damage|p2a: Talonflame|97\/345 tox|[from] recoil|[of] p1a: Chansey
|
|-damage|p2a: Talonflame|55\/345 tox|[from] psn
|turn|101
|
|move|p2a: Talonflame|Brave Bird|p1a: Chansey
|-damage|p1a: Chansey|0 fnt
|-damage|p2a: Talonflame|17\/345 tox|[from] recoil|[of] p1a: Chansey
|faint|p1a: Chansey
|
|-damage|p2a: Talonflame|0 fnt|[from] psn
|faint|p2a: Talonflame
|
|switch|p2a: Manaphy|Manaphy|401\/401
|switch|p1a: Amoonguss|Amoonguss, M|340\/432
|-damage|p2a: Manaphy|351\/401|[from] Stealth Rock
|turn|102
|
|move|p2a: Manaphy|Rain Dance|p2a: Manaphy
|-weather|RainDance
|move|p1a: Amoonguss|Giga Drain|p2a: Manaphy
|-supereffective|p2a: Manaphy
|-damage|p2a: Manaphy|241\/401
|-heal|p1a: Amoonguss|395\/432|[from] drain|[of] p2a: Manaphy
|
|-weather|RainDance|[upkeep]
|turn|103
|
|move|p2a: Manaphy|Scald|p1a: Amoonguss
|-resisted|p1a: Amoonguss
|-damage|p1a: Amoonguss|323\/432
|move|p1a: Amoonguss|Giga Drain|p2a: Manaphy
|-supereffective|p2a: Manaphy
|-damage|p2a: Manaphy|137\/401
|-heal|p1a: Amoonguss|375\/432|[from] drain|[of] p2a: Manaphy
|
|-weather|RainDance|[upkeep]
|turn|104
|
|move|p2a: Manaphy|Rest|p2a: Manaphy
|-status|p2a: Manaphy|slp
|-heal|p2a: Manaphy|401\/401 slp|[silent]
|-status|p2a: Manaphy|slp|[from] move: Rest
|move|p1a: Amoonguss|Giga Drain|p2a: Manaphy
|-supereffective|p2a: Manaphy
|-damage|p2a: Manaphy|285\/401 slp
|-heal|p1a: Amoonguss|432\/432|[from] drain|[of] p2a: Manaphy
|
|-weather|RainDance|[upkeep]
|-curestatus|p2a: Manaphy|slp
|turn|105
|
|move|p2a: Manaphy|Scald|p1a: Amoonguss
|-resisted|p1a: Amoonguss
|-damage|p1a: Amoonguss|354\/432
|move|p1a: Amoonguss|Spore|p2a: Manaphy
|-status|p2a: Manaphy|slp
|
|-weather|RainDance|[upkeep]
|-curestatus|p2a: Manaphy|slp
|turn|106
|
|move|p2a: Manaphy|Scald|p1a: Amoonguss
|-resisted|p1a: Amoonguss
|-damage|p1a: Amoonguss|285\/432
|move|p1a: Amoonguss|Giga Drain|p2a: Manaphy
|-supereffective|p2a: Manaphy
|-damage|p2a: Manaphy|183\/401
|-heal|p1a: Amoonguss|336\/432|[from] drain|[of] p2a: Manaphy
|
|-weather|none
|turn|107
|
|move|p2a: Manaphy|Rain Dance|p2a: Manaphy
|-weather|RainDance
|move|p1a: Amoonguss|Payback|p2a: Manaphy
|-crit|p2a: Manaphy
|-damage|p2a: Manaphy|86\/401
|
|-weather|RainDance|[upkeep]
|turn|108
|
|move|p2a: Manaphy|Rest|p2a: Manaphy
|-status|p2a: Manaphy|slp
|-heal|p2a: Manaphy|401\/401 slp|[silent]
|-status|p2a: Manaphy|slp|[from] move: Rest
|move|p1a: Amoonguss|Payback|p2a: Manaphy
|-damage|p2a: Manaphy|327\/401 slp
|
|-weather|RainDance|[upkeep]
|-curestatus|p2a: Manaphy|slp
|turn|109
|
|move|p2a: Manaphy|Scald|p1a: Amoonguss
|-crit|p1a: Amoonguss
|-resisted|p1a: Amoonguss
|-damage|p1a: Amoonguss|230\/432
|-status|p1a: Amoonguss|brn
|move|p1a: Amoonguss|Clear Smog|p2a: Manaphy
|-damage|p2a: Manaphy|290\/401
|-clearboost|p2a: Manaphy
|
|-weather|RainDance|[upkeep]
|-damage|p1a: Amoonguss|176\/432 brn|[from] brn
|turn|110
|join|SwaggyScizor
|
|move|p2a: Manaphy|Scald|p1a: Amoonguss
|-resisted|p1a: Amoonguss
|-damage|p1a: Amoonguss|103\/432 brn
|move|p1a: Amoonguss|Giga Drain|p2a: Manaphy
|-supereffective|p2a: Manaphy
|-damage|p2a: Manaphy|182\/401
|-heal|p1a: Amoonguss|157\/432 brn|[from] drain|[of] p2a: Manaphy
|
|-weather|RainDance|[upkeep]
|-damage|p1a: Amoonguss|103\/432 brn|[from] brn
|turn|111
|leave|SwaggyScizor
|
|move|p2a: Manaphy|Rest|p2a: Manaphy
|-status|p2a: Manaphy|slp
|-heal|p2a: Manaphy|401\/401 slp|[silent]
|-status|p2a: Manaphy|slp|[from] move: Rest
|move|p1a: Amoonguss|Giga Drain|p2a: Manaphy
|-supereffective|p2a: Manaphy
|-damage|p2a: Manaphy|293\/401 slp
|-heal|p1a: Amoonguss|157\/432 brn|[from] drain|[of] p2a: Manaphy
|
|-weather|none
|-damage|p1a: Amoonguss|103\/432 brn|[from] brn
|turn|112
|
|switch|p1a: Starmie|Starmie|232\/324
|cant|p2a: Manaphy|slp
|
|-heal|p1a: Starmie|252\/324|[from] item: Leftovers
|turn|113
|
|switch|p1a: Amoonguss|Amoonguss, M|247\/432 brn
|switch|p2a: Sableye|Sableye-Mega, M|230\/303
|-damage|p2a: Sableye|193\/303|[from] Stealth Rock
|
|-damage|p1a: Amoonguss|193\/432 brn|[from] brn
|turn|114
|
|switch|p1a: Sableye|Sableye-Mega, F|152\/304
|move|p2a: Sableye|Recover|p2a: Sableye
|-heal|p2a: Sableye|303\/303
|
|turn|115
|
|switch|p2a: Manaphy|Manaphy|293\/401 slp
|-damage|p2a: Manaphy|243\/401 slp|[from] Stealth Rock
|move|p1a: Sableye|Recover|p1a: Sableye
|-heal|p1a: Sableye|304\/304
|
|turn|116
|
|switch|p1a: Starmie|Starmie|252\/324
|cant|p2a: Manaphy|slp
|
|-heal|p1a: Starmie|272\/324|[from] item: Leftovers
|turn|117
|
|switch|p2a: Clefable|Clefable, F|318\/393
|-damage|p2a: Clefable|269\/393|[from] Stealth Rock
|move|p1a: Starmie|Scald|p2a: Clefable
|-crit|p2a: Clefable
|-damage|p2a: Clefable|137\/393
|
|-heal|p1a: Starmie|292\/324|[from] item: Leftovers
|-heal|p2a: Clefable|161\/393|[from] item: Leftovers
|turn|118
|
|move|p1a: Starmie|Scald|p2a: Clefable
|-damage|p2a: Clefable|64\/393
|-status|p2a: Clefable|brn
|move|p2a: Clefable|Moonlight|p2a: Clefable
|-heal|p2a: Clefable|260\/393 brn
|
|-heal|p1a: Starmie|312\/324|[from] item: Leftovers
|-heal|p2a: Clefable|284\/393 brn|[from] item: Leftovers
|-damage|p2a: Clefable|235\/393 brn|[from] brn
|turn|119
|
|switch|p1a: Amoonguss|Amoonguss, M|337\/432 brn
|move|p2a: Clefable|Heal Bell|p2a: Clefable
|-cureteam|p2a: Clefable|[from] move: HealBell
|
|-heal|p2a: Clefable|259\/393|[from] item: Leftovers
|-damage|p1a: Amoonguss|283\/432 brn|[from] brn
|turn|120
|
|switch|p1a: Skarmory|Skarmory, F|251\/333
|move|p2a: Clefable|Moonlight|p2a: Clefable
|-heal|p2a: Clefable|393\/393
|
|turn|121
|
|switch|p2a: Sableye|Sableye-Mega, M|303\/303
|-damage|p2a: Sableye|266\/303|[from] Stealth Rock
|move|p1a: Skarmory|Iron Head|p2a: Sableye
|-damage|p2a: Sableye|200\/303
|
|turn|122
|
|move|p1a: Skarmory|Iron Head|p2a: Sableye
|-damage|p2a: Sableye|140\/303
|move|p2a: Sableye|Knock Off|p1a: Skarmory
|-damage|p1a: Skarmory|181\/333
|-enditem|p1a: Skarmory|Shed Shell|[from] move: Knock Off|[of] p2a: Sableye
|
|turn|123
|
|switch|p1a: Sableye|Sableye-Mega, F|304\/304
|move|p2a: Sableye|Recover|p2a: Sableye
|-heal|p2a: Sableye|292\/303
|
|turn|124
|
|switch|p1a: Skarmory|Skarmory, F|181\/333
|move|p2a: Sableye|Foul Play|p1a: Skarmory
|-damage|p1a: Skarmory|114\/333
|
|turn|125
|
|switch|p1a: Sableye|Sableye-Mega, F|304\/304
|move|p2a: Sableye|Foul Play|p1a: Sableye
|-damage|p1a: Sableye|235\/304
|
|turn|126
|
|switch|p1a: Skarmory|Skarmory, F|114\/333
|move|p2a: Sableye|Foul Play|p1a: Skarmory
|-damage|p1a: Skarmory|48\/333
|
|turn|127
|
|move|p1a: Skarmory|Roost|p1a: Skarmory
|-heal|p1a: Skarmory|215\/333
|move|p2a: Sableye|Foul Play|p1a: Skarmory
|-damage|p1a: Skarmory|157\/333
|
|turn|128
|
|switch|p1a: Sableye|Sableye-Mega, F|235\/304
|move|p2a: Sableye|Foul Play|p1a: Sableye
|-damage|p1a: Sableye|172\/304
|
|turn|129
|
|move|p2a: Sableye|Foul Play|p1a: Sableye
|-damage|p1a: Sableye|102\/304
|move|p1a: Sableye|Recover|p1a: Sableye
|-heal|p1a: Sableye|254\/304
|
|turn|130
|
|switch|p1a: Quagsire|Quagsire, F|279\/394
|move|p2a: Sableye|Foul Play|p1a: Quagsire
|-damage|p1a: Quagsire|207\/394
|
|-heal|p1a: Quagsire|231\/394|[from] item: Leftovers
|turn|131
|
|move|p1a: Quagsire|Scald|p2a: Sableye
|-damage|p2a: Sableye|247\/303
|move|p2a: Sableye|Knock Off|p1a: Quagsire
|-damage|p1a: Quagsire|153\/394
|-enditem|p1a: Quagsire|Leftovers|[from] move: Knock Off|[of] p2a: Sableye
|
|turn|132
|
|move|p1a: Quagsire|Recover|p1a: Quagsire
|-heal|p1a: Quagsire|350\/394
|move|p2a: Sableye|Will-O-Wisp|p1a: Quagsire
|-status|p1a: Quagsire|brn
|
|-damage|p1a: Quagsire|301\/394 brn|[from] brn
|turn|133
|
|move|p1a: Quagsire|Scald|p2a: Sableye
|-damage|p2a: Sableye|201\/303
|move|p2a: Sableye|Foul Play|p1a: Quagsire
|-damage|p1a: Quagsire|234\/394 brn
|
|-damage|p1a: Quagsire|185\/394 brn|[from] brn
|turn|134
|
|move|p1a: Quagsire|Recover|p1a: Quagsire
|-heal|p1a: Quagsire|382\/394 brn
|move|p2a: Sableye|Foul Play|p1a: Quagsire
|-damage|p1a: Quagsire|315\/394 brn
|
|-damage|p1a: Quagsire|266\/394 brn|[from] brn
|turn|135
|
|move|p1a: Quagsire|Scald|p2a: Sableye
|-damage|p2a: Sableye|159\/303
|move|p2a: Sableye|Foul Play|p1a: Quagsire
|-damage|p1a: Quagsire|194\/394 brn
|
|-damage|p1a: Quagsire|145\/394 brn|[from] brn
|turn|136
|
|move|p1a: Quagsire|Recover|p1a: Quagsire
|-heal|p1a: Quagsire|342\/394 brn
|move|p2a: Sableye|Recover|p2a: Sableye
|-heal|p2a: Sableye|303\/303
|
|-damage|p1a: Quagsire|293\/394 brn|[from] brn
|turn|137
|
|move|p1a: Quagsire|Scald|p2a: Sableye
|-damage|p2a: Sableye|260\/303
|move|p2a: Sableye|Knock Off|p1a: Quagsire
|-damage|p1a: Quagsire|235\/394 brn
|
|-damage|p1a: Quagsire|186\/394 brn|[from] brn
|turn|138
|
|move|p1a: Quagsire|Recover|p1a: Quagsire
|-heal|p1a: Quagsire|383\/394 brn
|move|p2a: Sableye|Knock Off|p1a: Quagsire
|-damage|p1a: Quagsire|326\/394 brn
|
|-damage|p1a: Quagsire|277\/394 brn|[from] brn
|turn|139
|
|move|p1a: Quagsire|Scald|p2a: Sableye
|-damage|p2a: Sableye|215\/303
|-status|p2a: Sableye|brn
|move|p2a: Sableye|Knock Off|p1a: Quagsire
|-damage|p1a: Quagsire|249\/394 brn
|
|-damage|p1a: Quagsire|200\/394 brn|[from] brn
|-damage|p2a: Sableye|178\/303 brn|[from] brn
|turn|140
|
|switch|p2a: Clefable|Clefable, F|393\/393
|-damage|p2a: Clefable|344\/393|[from] Stealth Rock
|move|p1a: Quagsire|Recover|p1a: Quagsire
|-heal|p1a: Quagsire|394\/394 brn
|
|-heal|p2a: Clefable|368\/393|[from] item: Leftovers
|-damage|p1a: Quagsire|345\/394 brn|[from] brn
|turn|141
|
|move|p2a: Clefable|Heal Bell|p2a: Clefable
|-cureteam|p2a: Clefable|[from] move: HealBell
|move|p1a: Quagsire|Toxic|p2a: Clefable
|-status|p2a: Clefable|tox
|
|-heal|p2a: Clefable|392\/393 tox|[from] item: Leftovers
|-damage|p2a: Clefable|368\/393 tox|[from] psn
|-damage|p1a: Quagsire|296\/394 brn|[from] brn
|turn|142
|
|move|p2a: Clefable|Moonblast|p1a: Quagsire
|-damage|p1a: Quagsire|154\/394 brn
|move|p1a: Quagsire|Encore|p2a: Clefable
|-start|p2a: Clefable|Encore
|
|-heal|p2a: Clefable|392\/393 tox|[from] item: Leftovers
|-damage|p2a: Clefable|344\/393 tox|[from] psn
|-damage|p1a: Quagsire|105\/394 brn|[from] brn
|turn|143
|
|switch|p1a: Skarmory|Skarmory, F|157\/333
|move|p2a: Clefable|Moonblast|p1a: Skarmory
|-resisted|p1a: Skarmory
|-damage|p1a: Skarmory|108\/333
|-unboost|p1a: Skarmory|spa|1
|
|-heal|p2a: Clefable|368\/393 tox|[from] item: Leftovers
|-damage|p2a: Clefable|296\/393 tox|[from] psn
|turn|144
|
|switch|p2a: Sableye|Sableye-Mega, M|178\/303
|-damage|p2a: Sableye|141\/303|[from] Stealth Rock
|move|p1a: Skarmory|Roost|p1a: Skarmory
|-heal|p1a: Skarmory|275\/333
|
|turn|145
|
|move|p1a: Skarmory|Iron Head|p2a: Sableye
|-damage|p2a: Sableye|71\/303
|move|p2a: Sableye|Recover|p2a: Sableye
|-heal|p2a: Sableye|223\/303
|
|turn|146
|
|switch|p1a: Sableye|Sableye-Mega, F|254\/304
|move|p2a: Sableye|Recover|p2a: Sableye
|-heal|p2a: Sableye|303\/303
|
|turn|147
|
|switch|p1a: Amoonguss|Amoonguss, M|427\/432 brn
|move|p2a: Sableye|Knock Off|p1a: Amoonguss
|-damage|p1a: Amoonguss|354\/432 brn
|
|-damage|p1a: Amoonguss|300\/432 brn|[from] brn
|turn|148
|
|move|p1a: Amoonguss|Payback|p2a: Sableye
|-damage|p2a: Sableye|287\/303
|move|p2a: Sableye|Knock Off|p1a: Amoonguss
|-damage|p1a: Amoonguss|234\/432 brn
|
|-damage|p1a: Amoonguss|180\/432 brn|[from] brn
|turn|149
|
|switch|p1a: Skarmory|Skarmory, F|275\/333
|move|p2a: Sableye|Knock Off|p1a: Skarmory
|-damage|p1a: Skarmory|232\/333
|
|turn|150
|
|switch|p1a: Sableye|Sableye-Mega, F|254\/304
|move|p2a: Sableye|Knock Off|p1a: Sableye
|-damage|p1a: Sableye|205\/304
|
|turn|151
|
|move|p2a: Sableye|Knock Off|p1a: Sableye
|-damage|p1a: Sableye|151\/304
|move|p1a: Sableye|Knock Off|p2a: Sableye
|-damage|p2a: Sableye|235\/303
|
|turn|152
|
|move|p2a: Sableye|Foul Play|p1a: Sableye
|-damage|p1a: Sableye|88\/304
|move|p1a: Sableye|Knock Off|p2a: Sableye
|-damage|p2a: Sableye|187\/303
|
|turn|153
|
|move|p2a: Sableye|Foul Play|p1a: Sableye
|-damage|p1a: Sableye|21\/304
|move|p1a: Sableye|Recover|p1a: Sableye
|-heal|p1a: Sableye|173\/304
|
|turn|154
|
|switch|p1a: Quagsire|Quagsire, F|105\/394 brn
|move|p2a: Sableye|Knock Off|p1a: Quagsire
|-damage|p1a: Quagsire|50\/394 brn
|
|-damage|p1a: Quagsire|1\/394 brn|[from] brn
|turn|155
|
|move|p1a: Quagsire|Recover|p1a: Quagsire
|-heal|p1a: Quagsire|198\/394 brn
|move|p2a: Sableye|Foul Play|p1a: Quagsire
|-damage|p1a: Quagsire|132\/394 brn
|
|-damage|p1a: Quagsire|83\/394 brn|[from] brn
|turn|156
|
|move|p1a: Quagsire|Recover|p1a: Quagsire
|-heal|p1a: Quagsire|280\/394 brn
|move|p2a: Sableye|Knock Off|p1a: Quagsire
|-damage|p1a: Quagsire|228\/394 brn
|
|-damage|p1a: Quagsire|179\/394 brn|[from] brn
|turn|157
|
|move|p1a: Quagsire|Recover|p1a: Quagsire
|-heal|p1a: Quagsire|376\/394 brn
|move|p2a: Sableye|Knock Off|p1a: Quagsire
|-damage|p1a: Quagsire|322\/394 brn
|
|-damage|p1a: Quagsire|273\/394 brn|[from] brn
|turn|158
|
|move|p1a: Quagsire|Scald|p2a: Sableye
|-damage|p2a: Sableye|139\/303
|move|p2a: Sableye|Knock Off|p1a: Quagsire
|-damage|p1a: Quagsire|216\/394 brn
|
|-damage|p1a: Quagsire|167\/394 brn|[from] brn
|turn|159
|
|move|p1a: Quagsire|Recover|p1a: Quagsire
|-heal|p1a: Quagsire|364\/394 brn
|move|p2a: Sableye|Recover|p2a: Sableye
|-heal|p2a: Sableye|291\/303
|
|-damage|p1a: Quagsire|315\/394 brn|[from] brn
|turn|160
|
|move|p1a: Quagsire|Scald|p2a: Sableye
|-damage|p2a: Sableye|246\/303
|move|p2a: Sableye|Knock Off|p1a: Quagsire
|-damage|p1a: Quagsire|264\/394 brn
|
|-damage|p1a: Quagsire|215\/394 brn|[from] brn
|turn|161
|
|move|p1a: Quagsire|Scald|p2a: Sableye
|-damage|p2a: Sableye|203\/303
|move|p2a: Sableye|Knock Off|p1a: Quagsire
|-damage|p1a: Quagsire|163\/394 brn
|
|-damage|p1a: Quagsire|114\/394 brn|[from] brn
|turn|162
|
|move|p1a: Quagsire|Recover|p1a: Quagsire
|-heal|p1a: Quagsire|311\/394 brn
|move|p2a: Sableye|Knock Off|p1a: Quagsire
|-damage|p1a: Quagsire|259\/394 brn
|
|-damage|p1a: Quagsire|210\/394 brn|[from] brn
|turn|163
|
|switch|p2a: Clefable|Clefable, F|296\/393 tox
|-damage|p2a: Clefable|247\/393 tox|[from] Stealth Rock
|move|p1a: Quagsire|Scald|p2a: Clefable
|-damage|p2a: Clefable|180\/393 tox
|
|-heal|p2a: Clefable|204\/393 tox|[from] item: Leftovers
|-damage|p2a: Clefable|180\/393 tox|[from] psn
|-damage|p1a: Quagsire|161\/394 brn|[from] brn
|turn|164
|
|switch|p1a: Skarmory|Skarmory, F|232\/333
|move|p2a: Clefable|Moonlight|p2a: Clefable
|-heal|p2a: Clefable|376\/393 tox
|
|-heal|p2a: Clefable|393\/393 tox|[from] item: Leftovers
|-damage|p2a: Clefable|345\/393 tox|[from] psn
|turn|165
|
|switch|p2a: Manaphy|Manaphy|243\/401
|-damage|p2a: Manaphy|193\/401|[from] Stealth Rock
|move|p1a: Skarmory|Iron Head|p2a: Manaphy
|-resisted|p2a: Manaphy
|-damage|p2a: Manaphy|153\/401
|
|turn|166
|
|move|p2a: Manaphy|U-turn|p1a: Skarmory
|-resisted|p1a: Skarmory
|-damage|p1a: Skarmory|224\/333
|
|switch|p2a: Sableye|Sableye-Mega, M|203\/303
|-damage|p2a: Sableye|166\/303|[from] Stealth Rock
|move|p1a: Skarmory|Whirlwind|p2a: Sableye
|move|p2a: Sableye|Whirlwind|p1a: Skarmory|[from]Magic Bounce
|drag|p1a: Amoonguss|Amoonguss, M|324\/432 brn
|
|-damage|p1a: Amoonguss|270\/432 brn|[from] brn
|turn|167
|
|switch|p1a: Quagsire|Quagsire, F|161\/394 brn
|move|p2a: Sableye|Knock Off|p1a: Quagsire
|-damage|p1a: Quagsire|110\/394 brn
|
|-damage|p1a: Quagsire|61\/394 brn|[from] brn
|turn|168
|
|move|p1a: Quagsire|Recover|p1a: Quagsire
|-heal|p1a: Quagsire|258\/394 brn
|move|p2a: Sableye|Knock Off|p1a: Quagsire
|-damage|p1a: Quagsire|206\/394 brn
|
|-damage|p1a: Quagsire|157\/394 brn|[from] brn
|turn|169
|
|move|p1a: Quagsire|Recover|p1a: Quagsire
|-heal|p1a: Quagsire|354\/394 brn
|move|p2a: Sableye|Knock Off|p1a: Quagsire
|-crit|p1a: Quagsire
|-damage|p1a: Quagsire|270\/394 brn
|
|-damage|p1a: Quagsire|221\/394 brn|[from] brn
|turn|170
|
|move|p1a: Quagsire|Scald|p2a: Sableye
|-damage|p2a: Sableye|117\/303
|move|p2a: Sableye|Knock Off|p1a: Quagsire
|-damage|p1a: Quagsire|166\/394 brn
|
|-damage|p1a: Quagsire|117\/394 brn|[from] brn
|turn|171
|
|move|p1a: Quagsire|Recover|p1a: Quagsire
|-heal|p1a: Quagsire|314\/394 brn
|move|p2a: Sableye|Knock Off|p1a: Quagsire
|-damage|p1a: Quagsire|263\/394 brn
|
|-damage|p1a: Quagsire|214\/394 brn|[from] brn
|turn|172
|
|move|p1a: Quagsire|Scald|p2a: Sableye
|-damage|p2a: Sableye|69\/303
|move|p2a: Sableye|Foul Play|p1a: Quagsire
|-damage|p1a: Quagsire|141\/394 brn
|
|-damage|p1a: Quagsire|92\/394 brn|[from] brn
|turn|173
|
|move|p1a: Quagsire|Recover|p1a: Quagsire
|-heal|p1a: Quagsire|289\/394 brn
|move|p2a: Sableye|Recover|p2a: Sableye
|-heal|p2a: Sableye|221\/303
|
|-damage|p1a: Quagsire|240\/394 brn|[from] brn
|turn|174
|
|switch|p2a: Manaphy|Manaphy|153\/401
|-damage|p2a: Manaphy|103\/401|[from] Stealth Rock
|move|p1a: Quagsire|Scald|p2a: Manaphy
|-resisted|p2a: Manaphy
|-damage|p2a: Manaphy|79\/401
|
|-damage|p1a: Quagsire|191\/394 brn|[from] brn
|turn|175
|
|move|p2a: Manaphy|Rain Dance|p2a: Manaphy
|-weather|RainDance
|move|p1a: Quagsire|Encore|p2a: Manaphy
|-start|p2a: Manaphy|Encore
|
|-weather|RainDance|[upkeep]
|-damage|p1a: Quagsire|142\/394 brn|[from] brn
|turn|176
|
|switch|p2a: Clefable|Clefable, F|345\/393 tox
|-damage|p2a: Clefable|296\/393 tox|[from] Stealth Rock
|move|p1a: Quagsire|Scald|p2a: Clefable
|-damage|p2a: Clefable|197\/393 tox
|
|-weather|RainDance|[upkeep]
|-heal|p2a: Clefable|221\/393 tox|[from] item: Leftovers
|-damage|p2a: Clefable|197\/393 tox|[from] psn
|-damage|p1a: Quagsire|93\/394 brn|[from] brn
|turn|177
|
|move|p2a: Clefable|Moonblast|p1a: Quagsire
|-damage|p1a: Quagsire|0 fnt
|faint|p1a: Quagsire
|
|-weather|RainDance|[upkeep]
|-heal|p2a: Clefable|221\/393 tox|[from] item: Leftovers
|-damage|p2a: Clefable|173\/393 tox|[from] psn
|
|switch|p1a: Skarmory|Skarmory, F|224\/333
|turn|178
|
|switch|p2a: Sableye|Sableye-Mega, M|221\/303
|-damage|p2a: Sableye|184\/303|[from] Stealth Rock
|move|p1a: Skarmory|Spikes|p2a: Sableye
|move|p2a: Sableye|Spikes|p1a: Skarmory|[from]Magic Bounce
|-sidestart|p1: RIPCharlie|Spikes
|
|-weather|RainDance|[upkeep]
|turn|179
|
|switch|p1a: Starmie|Starmie|312\/324
|-damage|p1a: Starmie|272\/324|[from] Spikes
|move|p2a: Sableye|Recover|p2a: Sableye
|-heal|p2a: Sableye|303\/303
|
|-weather|none
|-heal|p1a: Starmie|292\/324|[from] item: Leftovers
|turn|180
|
|move|p1a: Starmie|Scald|p2a: Sableye
|-damage|p2a: Sableye|243\/303
|move|p2a: Sableye|Foul Play|p1a: Starmie
|-supereffective|p1a: Starmie
|-damage|p1a: Starmie|148\/324
|
|-heal|p1a: Starmie|168\/324|[from] item: Leftovers
|turn|181
|
|move|p1a: Starmie|Recover|p1a: Starmie
|-heal|p1a: Starmie|324\/324
|move|p2a: Sableye|Foul Play|p1a: Starmie
|-supereffective|p1a: Starmie
|-damage|p1a: Starmie|168\/324
|
|-heal|p1a: Starmie|188\/324|[from] item: Leftovers
|turn|182
|
|move|p1a: Starmie|Recover|p1a: Starmie
|-heal|p1a: Starmie|324\/324
|move|p2a: Sableye|Will-O-Wisp|p1a: Starmie
|-status|p1a: Starmie|brn
|
|-damage|p1a: Starmie|284\/324 brn|[from] brn
|turn|183
|
|switch|p1a: Amoonguss|Amoonguss, M|414\/432 brn
|-damage|p1a: Amoonguss|360\/432 brn|[from] Spikes
|move|p2a: Sableye|Foul Play|p1a: Amoonguss
|-damage|p1a: Amoonguss|267\/432 brn
|
|-damage|p1a: Amoonguss|213\/432 brn|[from] brn
|turn|184
|
|switch|p1a: Starmie|Starmie|284\/324
|-damage|p1a: Starmie|244\/324|[from] Spikes
|move|p2a: Sableye|Foul Play|p1a: Starmie
|-supereffective|p1a: Starmie
|-damage|p1a: Starmie|94\/324
|
|-heal|p1a: Starmie|114\/324|[from] item: Leftovers
|turn|185
|
|move|p1a: Starmie|Recover|p1a: Starmie
|-heal|p1a: Starmie|276\/324
|move|p2a: Sableye|Foul Play|p1a: Starmie
|-supereffective|p1a: Starmie
|-damage|p1a: Starmie|112\/324
|
|-heal|p1a: Starmie|132\/324|[from] item: Leftovers
|turn|186
|
|move|p1a: Starmie|Recover|p1a: Starmie
|-heal|p1a: Starmie|294\/324
|move|p2a: Sableye|Will-O-Wisp|p1a: Starmie
|-status|p1a: Starmie|brn
|
|-heal|p1a: Starmie|314\/324 brn|[from] item: Leftovers
|-damage|p1a: Starmie|274\/324 brn|[from] brn
|turn|187
|
|switch|p1a: Amoonguss|Amoonguss, M|357\/432 brn
|-damage|p1a: Amoonguss|303\/432 brn|[from] Spikes
|move|p2a: Sableye|Foul Play|p1a: Amoonguss
|-damage|p1a: Amoonguss|204\/432 brn
|
|-damage|p1a: Amoonguss|150\/432 brn|[from] brn
|turn|188
|
|switch|p1a: Skarmory|Skarmory, F|224\/333
|move|p2a: Sableye|Foul Play|p1a: Skarmory
|-damage|p1a: Skarmory|163\/333
|
|turn|189
|
|switch|p1a: Sableye|Sableye-Mega, F|173\/304
|-damage|p1a: Sableye|135\/304|[from] Spikes
|move|p2a: Sableye|Will-O-Wisp|p1a: Sableye
|move|p1a: Sableye|Will-O-Wisp|p2a: Sableye|[from]Magic Bounce
|-status|p2a: Sableye|brn
|
|-damage|p2a: Sableye|206\/303 brn|[from] brn
|turn|190
|
|switch|p1a: Skarmory|Skarmory, F|163\/333
|move|p2a: Sableye|Foul Play|p1a: Skarmory
|-damage|p1a: Skarmory|129\/333
|
|-damage|p2a: Sableye|169\/303 brn|[from] brn
|turn|191
|
|switch|p1a: Starmie|Starmie|274\/324
|-damage|p1a: Starmie|234\/324|[from] Spikes
|move|p2a: Sableye|Will-O-Wisp|p1a: Starmie
|-status|p1a: Starmie|brn
|
|-heal|p1a: Starmie|254\/324 brn|[from] item: Leftovers
|-damage|p1a: Starmie|214\/324 brn|[from] brn
|-damage|p2a: Sableye|132\/303 brn|[from] brn
|turn|192
|
|move|p1a: Starmie|Scald|p2a: Sableye
|-damage|p2a: Sableye|72\/303 brn
|move|p2a: Sableye|Recover|p2a: Sableye
|-heal|p2a: Sableye|224\/303 brn
|
|-heal|p1a: Starmie|234\/324 brn|[from] item: Leftovers
|-damage|p1a: Starmie|194\/324 brn|[from] brn
|-damage|p2a: Sableye|187\/303 brn|[from] brn
|turn|193
|
|move|p1a: Starmie|Recover|p1a: Starmie
|-heal|p1a: Starmie|324\/324 brn
|move|p2a: Sableye|Recover|p2a: Sableye
|-heal|p2a: Sableye|303\/303 brn
|
|-damage|p1a: Starmie|284\/324 brn|[from] brn
|-damage|p2a: Sableye|266\/303 brn|[from] brn
|turn|194
|
|switch|p1a: Amoonguss|Amoonguss, M|294\/432 brn
|-damage|p1a: Amoonguss|240\/432 brn|[from] Spikes
|switch|p2a: Clefable|Clefable, F|173\/393 tox
|-damage|p2a: Clefable|124\/393 tox|[from] Stealth Rock
|
|-heal|p2a: Clefable|148\/393 tox|[from] item: Leftovers
|-damage|p2a: Clefable|124\/393 tox|[from] psn
|-damage|p1a: Amoonguss|186\/432 brn|[from] brn
|turn|195
|
|switch|p1a: Skarmory|Skarmory, F|129\/333
|move|p2a: Clefable|Moonlight|p2a: Clefable
|-heal|p2a: Clefable|320\/393 tox
|
|-heal|p2a: Clefable|344\/393 tox|[from] item: Leftovers
|-damage|p2a: Clefable|296\/393 tox|[from] psn
|turn|196
|
|move|p1a: Skarmory|Iron Head|p2a: Clefable
|-supereffective|p2a: Clefable
|-damage|p2a: Clefable|144\/393 tox
|move|p2a: Clefable|Heal Bell|p2a: Clefable
|-cureteam|p2a: Clefable|[from] move: HealBell
|
|-heal|p2a: Clefable|168\/393|[from] item: Leftovers
|turn|197
|
|move|p1a: Skarmory|Iron Head|p2a: Clefable
|-supereffective|p2a: Clefable
|-damage|p2a: Clefable|16\/393
|cant|p2a: Clefable|flinch
|
|-heal|p2a: Clefable|40\/393|[from] item: Leftovers
|turn|198
|
|move|p1a: Skarmory|Iron Head|p2a: Clefable
|-supereffective|p2a: Clefable
|-damage|p2a: Clefable|0 fnt
|faint|p2a: Clefable
|
|
|switch|p2a: Manaphy|Manaphy|79\/401
|-damage|p2a: Manaphy|29\/401|[from] Stealth Rock
|turn|199
|
|move|p2a: Manaphy|Rest|p2a: Manaphy
|-status|p2a: Manaphy|slp
|-heal|p2a: Manaphy|401\/401 slp|[silent]
|-status|p2a: Manaphy|slp|[from] move: Rest
|move|p1a: Skarmory|Roost|p1a: Skarmory
|-heal|p1a: Skarmory|296\/333
|
|turn|200
|
|cant|p2a: Manaphy|slp
|move|p1a: Skarmory|Whirlwind|p2a: Manaphy
|drag|p2a: Sableye|Sableye-Mega, M|266\/303
|-damage|p2a: Sableye|229\/303|[from] Stealth Rock
|
|turn|201
|join|SwaggyScizor
|leave|SwaggyScizor
|
|switch|p1a: Sableye|Sableye-Mega, F|135\/304
|-damage|p1a: Sableye|97\/304|[from] Spikes
|switch|p2a: Manaphy|Manaphy|401\/401 slp
|-damage|p2a: Manaphy|351\/401 slp|[from] Stealth Rock
|
|turn|202
|
|cant|p2a: Manaphy|slp
|move|p1a: Sableye|Recover|p1a: Sableye
|-heal|p1a: Sableye|249\/304
|
|turn|203
|
|switch|p1a: Amoonguss|Amoonguss, M|330\/432 brn
|-damage|p1a: Amoonguss|276\/432 brn|[from] Spikes
|-curestatus|p2a: Manaphy|slp
|move|p2a: Manaphy|U-turn|p1a: Amoonguss
|-crit|p1a: Amoonguss
|-damage|p1a: Amoonguss|200\/432 brn
|
|switch|p2a: Sableye|Sableye-Mega, M|229\/303
|-damage|p2a: Sableye|192\/303|[from] Stealth Rock
|
|-damage|p1a: Amoonguss|146\/432 brn|[from] brn
|turn|204
|
|switch|p1a: Starmie|Starmie|284\/324
|-damage|p1a: Starmie|244\/324|[from] Spikes
|move|p2a: Sableye|Recover|p2a: Sableye
|-heal|p2a: Sableye|303\/303
|
|-heal|p1a: Starmie|264\/324|[from] item: Leftovers
|turn|205
|
|move|p1a: Starmie|Scald|p2a: Sableye
|-damage|p2a: Sableye|242\/303
|move|p2a: Sableye|Foul Play|p1a: Starmie
|-supereffective|p1a: Starmie
|-damage|p1a: Starmie|108\/324
|
|-heal|p1a: Starmie|128\/324|[from] item: Leftovers
|turn|206
|
|move|p1a: Starmie|Recover|p1a: Starmie
|-heal|p1a: Starmie|290\/324
|move|p2a: Sableye|Will-O-Wisp|p1a: Starmie|[miss]
|-miss|p2a: Sableye|p1a: Starmie
|
|-heal|p1a: Starmie|310\/324|[from] item: Leftovers
|turn|207
|
|switch|p2a: Manaphy|Manaphy|351\/401
|-damage|p2a: Manaphy|301\/401|[from] Stealth Rock
|move|p1a: Starmie|Scald|p2a: Manaphy
|-resisted|p2a: Manaphy
|-damage|p2a: Manaphy|265\/401
|-status|p2a: Manaphy|brn
|
|-heal|p1a: Starmie|324\/324|[from] item: Leftovers
|-damage|p2a: Manaphy|215\/401 brn|[from] brn
|turn|208
|
|switch|p1a: Amoonguss|Amoonguss, M|290\/432 brn
|-damage|p1a: Amoonguss|236\/432 brn|[from] Spikes
|move|p2a: Manaphy|Rain Dance|p2a: Manaphy
|-weather|RainDance
|
|-weather|RainDance|[upkeep]
|-curestatus|p2a: Manaphy|brn
|-damage|p1a: Amoonguss|182\/432 brn|[from] brn
|turn|209
|
|switch|p1a: Starmie|Starmie|324\/324
|-damage|p1a: Starmie|284\/324|[from] Spikes
|move|p2a: Manaphy|Scald|p1a: Starmie
|-resisted|p1a: Starmie
|-damage|p1a: Starmie|206\/324
|
|-weather|RainDance|[upkeep]
|-heal|p1a: Starmie|226\/324|[from] item: Leftovers
|turn|210
|
|move|p1a: Starmie|Scald|p2a: Manaphy
|-resisted|p2a: Manaphy
|-damage|p2a: Manaphy|165\/401
|-status|p2a: Manaphy|brn
|move|p2a: Manaphy|Scald|p1a: Starmie
|-resisted|p1a: Starmie
|-damage|p1a: Starmie|151\/324
|
|-weather|RainDance|[upkeep]
|-heal|p1a: Starmie|171\/324|[from] item: Leftovers
|-curestatus|p2a: Manaphy|brn
|turn|211
|
|move|p1a: Starmie|Recover|p1a: Starmie
|-heal|p1a: Starmie|324\/324
|move|p2a: Manaphy|Rest|p2a: Manaphy
|-status|p2a: Manaphy|slp
|-heal|p2a: Manaphy|401\/401 slp|[silent]
|-status|p2a: Manaphy|slp|[from] move: Rest
|
|-weather|RainDance|[upkeep]
|-curestatus|p2a: Manaphy|slp
|turn|212
|
|move|p1a: Starmie|Scald|p2a: Manaphy
|-resisted|p2a: Manaphy
|-damage|p2a: Manaphy|349\/401
|move|p2a: Manaphy|Scald|p1a: Starmie
|-resisted|p1a: Starmie
|-damage|p1a: Starmie|251\/324
|
|-weather|none
|-heal|p1a: Starmie|271\/324|[from] item: Leftovers
|turn|213
|
|move|p1a: Starmie|Scald|p2a: Manaphy
|-resisted|p2a: Manaphy
|-damage|p2a: Manaphy|317\/401
|move|p2a: Manaphy|Scald|p1a: Starmie
|-resisted|p1a: Starmie
|-damage|p1a: Starmie|217\/324
|-status|p1a: Starmie|brn
|
|-heal|p1a: Starmie|237\/324 brn|[from] item: Leftovers
|-damage|p1a: Starmie|197\/324 brn|[from] brn
|turn|214
|
|move|p1a: Starmie|Scald|p2a: Manaphy
|-resisted|p2a: Manaphy
|-damage|p2a: Manaphy|284\/401
|move|p2a: Manaphy|Scald|p1a: Starmie
|-resisted|p1a: Starmie
|-damage|p1a: Starmie|146\/324 brn
|
|-heal|p1a: Starmie|166\/324 brn|[from] item: Leftovers
|-damage|p1a: Starmie|126\/324 brn|[from] brn
|turn|215
|
|move|p1a: Starmie|Recover|p1a: Starmie
|-heal|p1a: Starmie|288\/324 brn
|move|p2a: Manaphy|Scald|p1a: Starmie
|-resisted|p1a: Starmie
|-damage|p1a: Starmie|234\/324 brn
|
|-heal|p1a: Starmie|254\/324 brn|[from] item: Leftovers
|-damage|p1a: Starmie|214\/324 brn|[from] brn
|turn|216
|
|move|p1a: Starmie|Scald|p2a: Manaphy
|-resisted|p2a: Manaphy
|-damage|p2a: Manaphy|251\/401
|-status|p2a: Manaphy|brn
|move|p2a: Manaphy|Scald|p1a: Starmie
|-resisted|p1a: Starmie
|-damage|p1a: Starmie|160\/324 brn
|
|-heal|p1a: Starmie|180\/324 brn|[from] item: Leftovers
|-damage|p1a: Starmie|140\/324 brn|[from] brn
|-damage|p2a: Manaphy|201\/401 brn|[from] brn
|turn|217
|
|move|p1a: Starmie|Recover|p1a: Starmie
|-heal|p1a: Starmie|302\/324 brn
|move|p2a: Manaphy|Scald|p1a: Starmie
|-crit|p1a: Starmie
|-resisted|p1a: Starmie
|-damage|p1a: Starmie|223\/324 brn
|
|-heal|p1a: Starmie|243\/324 brn|[from] item: Leftovers
|-damage|p1a: Starmie|203\/324 brn|[from] brn
|-damage|p2a: Manaphy|151\/401 brn|[from] brn
|turn|218
|
|move|p1a: Starmie|Recover|p1a: Starmie
|-heal|p1a: Starmie|324\/324 brn
|move|p2a: Manaphy|Rain Dance|p2a: Manaphy
|-weather|RainDance
|
|-weather|RainDance|[upkeep]
|-curestatus|p2a: Manaphy|brn
|-damage|p1a: Starmie|284\/324 brn|[from] brn
|turn|219
|
|switch|p1a: Skarmory|Skarmory, F|296\/333
|move|p2a: Manaphy|Rest|p2a: Manaphy
|-status|p2a: Manaphy|slp
|-heal|p2a: Manaphy|401\/401 slp|[silent]
|-status|p2a: Manaphy|slp|[from] move: Rest
|
|-weather|RainDance|[upkeep]
|-curestatus|p2a: Manaphy|slp
|turn|220
|
|move|p2a: Manaphy|Scald|p1a: Skarmory
|-damage|p1a: Skarmory|164\/333
|move|p1a: Skarmory|Roost|p1a: Skarmory
|-heal|p1a: Skarmory|331\/333
|
|-weather|RainDance|[upkeep]
|turn|221
|
|move|p2a: Manaphy|Scald|p1a: Skarmory
|-damage|p1a: Skarmory|190\/333
|-status|p1a: Skarmory|brn
|move|p1a: Skarmory|Iron Head|p2a: Manaphy
|-resisted|p2a: Manaphy
|-damage|p2a: Manaphy|383\/401
|
|-weather|RainDance|[upkeep]
|-damage|p1a: Skarmory|149\/333 brn|[from] brn
|turn|222
|
|move|p2a: Manaphy|Scald|p1a: Skarmory
|-damage|p1a: Skarmory|4\/333 brn
|move|p1a: Skarmory|Roost|p1a: Skarmory
|-heal|p1a: Skarmory|171\/333 brn
|
|-weather|none
|-damage|p1a: Skarmory|130\/333 brn|[from] brn
|turn|223
|
|move|p2a: Manaphy|Scald|p1a: Skarmory
|-damage|p1a: Skarmory|42\/333 brn
|move|p1a: Skarmory|Roost|p1a: Skarmory
|-heal|p1a: Skarmory|209\/333 brn
|
|-damage|p1a: Skarmory|168\/333 brn|[from] brn
|turn|224
|
|move|p2a: Manaphy|Scald|p1a: Skarmory
|-damage|p1a: Skarmory|77\/333 brn
|move|p1a: Skarmory|Roost|p1a: Skarmory
|-heal|p1a: Skarmory|244\/333 brn
|
|-damage|p1a: Skarmory|203\/333 brn|[from] brn
|turn|225
|
|move|p2a: Manaphy|Scald|p1a: Skarmory
|-damage|p1a: Skarmory|104\/333 brn
|move|p1a: Skarmory|Roost|p1a: Skarmory
|-heal|p1a: Skarmory|271\/333 brn
|
|-damage|p1a: Skarmory|230\/333 brn|[from] brn
|turn|226
|
|move|p2a: Manaphy|U-turn|p1a: Skarmory
|-resisted|p1a: Skarmory
|-damage|p1a: Skarmory|221\/333 brn
|
|switch|p2a: Sableye|Sableye-Mega, M|242\/303
|-damage|p2a: Sableye|205\/303|[from] Stealth Rock
|move|p1a: Skarmory|Roost|p1a: Skarmory
|-heal|p1a: Skarmory|333\/333 brn
|
|-damage|p1a: Skarmory|292\/333 brn|[from] brn
|turn|227
|
|switch|p1a: Amoonguss|Amoonguss, M|326\/432 brn
|-damage|p1a: Amoonguss|272\/432 brn|[from] Spikes
|move|p2a: Sableye|Will-O-Wisp|p1a: Amoonguss|[miss]
|-miss|p2a: Sableye|p1a: Amoonguss
|
|-damage|p1a: Amoonguss|218\/432 brn|[from] brn
|turn|228
|
|switch|p1a: Starmie|Starmie|284\/324
|-damage|p1a: Starmie|244\/324|[from] Spikes
|move|p2a: Sableye|Will-O-Wisp|p1a: Starmie
|-status|p1a: Starmie|brn
|
|-heal|p1a: Starmie|264\/324 brn|[from] item: Leftovers
|-damage|p1a: Starmie|224\/324 brn|[from] brn
|turn|229
|
|move|p1a: Starmie|Scald|p2a: Sableye
|-damage|p2a: Sableye|141\/303
|move|p2a: Sableye|Will-O-Wisp|p1a: Starmie|[miss]
|-miss|p2a: Sableye|p1a: Starmie
|
|-heal|p1a: Starmie|244\/324 brn|[from] item: Leftovers
|-damage|p1a: Starmie|204\/324 brn|[from] brn
|turn|230
|
|move|p1a: Starmie|Recover|p1a: Starmie
|-heal|p1a: Starmie|324\/324 brn
|move|p2a: Sableye|Will-O-Wisp|p1a: Starmie
|-fail|p1a: Starmie|brn
|
|-damage|p1a: Starmie|284\/324 brn|[from] brn
|turn|231
|
|move|p1a: Starmie|Scald|p2a: Sableye
|-damage|p2a: Sableye|81\/303
|-status|p2a: Sableye|brn
|move|p2a: Sableye|Will-O-Wisp|p1a: Starmie
|-fail|p1a: Starmie|brn
|
|-heal|p1a: Starmie|304\/324 brn|[from] item: Leftovers
|-damage|p1a: Starmie|264\/324 brn|[from] brn
|-damage|p2a: Sableye|44\/303 brn|[from] brn
|turn|232
|
|move|p1a: Starmie|Scald|p2a: Sableye
|-damage|p2a: Sableye|0 fnt
|faint|p2a: Sableye
|
|-heal|p1a: Starmie|284\/324 brn|[from] item: Leftovers
|-damage|p1a: Starmie|244\/324 brn|[from] brn
|
|switch|p2a: Manaphy|Manaphy|383\/401
|-damage|p2a: Manaphy|333\/401|[from] Stealth Rock
|turn|233
|
|move|p1a: Starmie|Scald|p2a: Manaphy
|-resisted|p2a: Manaphy
|-damage|p2a: Manaphy|302\/401
|move|p2a: Manaphy|U-turn|p1a: Starmie
|-supereffective|p1a: Starmie
|-damage|p1a: Starmie|120\/324 brn
|
|-heal|p1a: Starmie|140\/324 brn|[from] item: Leftovers
|-damage|p1a: Starmie|100\/324 brn|[from] brn
|turn|234
|
|switch|p1a: Skarmory|Skarmory, F|292\/333 brn
|move|p2a: Manaphy|U-turn|p1a: Skarmory
|-resisted|p1a: Skarmory
|-damage|p1a: Skarmory|284\/333 brn
|
|-damage|p1a: Skarmory|243\/333 brn|[from] brn
|turn|235
|
|move|p2a: Manaphy|U-turn|p1a: Skarmory
|-resisted|p1a: Skarmory
|-damage|p1a: Skarmory|235\/333 brn
|move|p1a: Skarmory|Roost|p1a: Skarmory
|-heal|p1a: Skarmory|333\/333 brn
|
|-damage|p1a: Skarmory|292\/333 brn|[from] brn
|turn|236
|
|switch|p1a: Amoonguss|Amoonguss, M|362\/432 brn
|-damage|p1a: Amoonguss|308\/432 brn|[from] Spikes
|move|p2a: Manaphy|U-turn|p1a: Amoonguss
|-damage|p1a: Amoonguss|258\/432 brn
|
|-damage|p1a: Amoonguss|204\/432 brn|[from] brn
|turn|237
|
|switch|p1a: Skarmory|Skarmory, F|292\/333 brn
|move|p2a: Manaphy|U-turn|p1a: Skarmory
|-resisted|p1a: Skarmory
|-damage|p1a: Skarmory|283\/333 brn
|
|-damage|p1a: Skarmory|242\/333 brn|[from] brn
|turn|238
|
|switch|p1a: Amoonguss|Amoonguss, M|348\/432 brn
|-damage|p1a: Amoonguss|294\/432 brn|[from] Spikes
|move|p2a: Manaphy|Scald|p1a: Amoonguss
|-resisted|p1a: Amoonguss
|-damage|p1a: Amoonguss|247\/432 brn
|
|-damage|p1a: Amoonguss|193\/432 brn|[from] brn
|turn|239
|
|move|p2a: Manaphy|U-turn|p1a: Amoonguss
|-damage|p1a: Amoonguss|143\/432 brn
|move|p1a: Amoonguss|Spore|p2a: Manaphy
|-status|p2a: Manaphy|slp
|
|-damage|p1a: Amoonguss|89\/432 brn|[from] brn
|turn|240
|
|switch|p1a: Sableye|Sableye-Mega, F|249\/304
|-damage|p1a: Sableye|211\/304|[from] Spikes
|cant|p2a: Manaphy|slp
|
|turn|241
|
|-curestatus|p2a: Manaphy|slp
|move|p2a: Manaphy|U-turn|p1a: Sableye
|-damage|p1a: Sableye|175\/304
|move|p1a: Sableye|Toxic|p2a: Manaphy|[miss]
|-miss|p1a: Sableye|p2a: Manaphy
|
|turn|242
|
|move|p2a: Manaphy|U-turn|p1a: Sableye
|-damage|p1a: Sableye|141\/304
|move|p1a: Sableye|Toxic|p2a: Manaphy
|-status|p2a: Manaphy|tox
|
|-damage|p2a: Manaphy|277\/401 tox|[from] psn
|turn|243
|
|move|p2a: Manaphy|U-turn|p1a: Sableye
|-damage|p1a: Sableye|105\/304
|move|p1a: Sableye|Toxic|p2a: Manaphy
|-fail|p2a: Manaphy|tox
|
|-damage|p2a: Manaphy|227\/401 tox|[from] psn
|turn|244
|
|move|p2a: Manaphy|Rest|p2a: Manaphy
|-status|p2a: Manaphy|slp
|-heal|p2a: Manaphy|401\/401 slp|[silent]
|-status|p2a: Manaphy|slp|[from] move: Rest
|move|p1a: Sableye|Knock Off|p2a: Manaphy
|-damage|p2a: Manaphy|343\/401 slp
|
|turn|245
|
|cant|p2a: Manaphy|slp
|move|p1a: Sableye|Knock Off|p2a: Manaphy
|-damage|p2a: Manaphy|279\/401 slp
|
|turn|246
|
|cant|p2a: Manaphy|slp
|move|p1a: Sableye|Knock Off|p2a: Manaphy
|-damage|p2a: Manaphy|219\/401 slp
|
|turn|247
|
|-curestatus|p2a: Manaphy|slp
|move|p2a: Manaphy|U-turn|p1a: Sableye
|-damage|p1a: Sableye|66\/304
|move|p1a: Sableye|Toxic|p2a: Manaphy
|-status|p2a: Manaphy|tox
|
|-damage|p2a: Manaphy|194\/401 tox|[from] psn
|turn|248
|
|switch|p1a: Starmie|Starmie|100\/324
|-damage|p1a: Starmie|60\/324|[from] Spikes
|move|p2a: Manaphy|Rest|p2a: Manaphy
|-status|p2a: Manaphy|slp
|-heal|p2a: Manaphy|401\/401 slp|[silent]
|-status|p2a: Manaphy|slp|[from] move: Rest
|
|-heal|p1a: Starmie|80\/324|[from] item: Leftovers
|turn|249
|
|move|p1a: Starmie|Recover|p1a: Starmie
|-heal|p1a: Starmie|242\/324
|cant|p2a: Manaphy|slp
|
|-heal|p1a: Starmie|262\/324|[from] item: Leftovers
|turn|250
|
|move|p1a: Starmie|Rapid Spin|p2a: Manaphy
|-damage|p2a: Manaphy|392\/401 slp
|-sideend|p1: RIPCharlie|Spikes|[from] move: Rapid Spin|[of] p1a: Starmie
|cant|p2a: Manaphy|slp
|
|-heal|p1a: Starmie|282\/324|[from] item: Leftovers
|turn|251
|
|move|p1a: Starmie|Rapid Spin|p2a: Manaphy
|-damage|p2a: Manaphy|383\/401 slp
|-curestatus|p2a: Manaphy|slp
|move|p2a: Manaphy|U-turn|p1a: Starmie
|-supereffective|p1a: Starmie
|-damage|p1a: Starmie|166\/324
|
|-heal|p1a: Starmie|186\/324|[from] item: Leftovers
|turn|252
|
|switch|p1a: Amoonguss|Amoonguss, M|233\/432 brn
|move|p2a: Manaphy|U-turn|p1a: Amoonguss
|-damage|p1a: Amoonguss|183\/432 brn
|
|-damage|p1a: Amoonguss|129\/432 brn|[from] brn
|turn|253
|
|move|p2a: Manaphy|U-turn|p1a: Amoonguss
|-damage|p1a: Amoonguss|79\/432 brn
|move|p1a: Amoonguss|Spore|p2a: Manaphy
|-status|p2a: Manaphy|slp
|
|-damage|p1a: Amoonguss|25\/432 brn|[from] brn
|turn|254
|
|switch|p1a: Sableye|Sableye-Mega, F|66\/304
|cant|p2a: Manaphy|slp
|
|turn|255
|
|cant|p2a: Manaphy|slp
|move|p1a: Sableye|Toxic|p2a: Manaphy
|-fail|p2a: Manaphy
|
|turn|256
|
|-curestatus|p2a: Manaphy|slp
|move|p2a: Manaphy|U-turn|p1a: Sableye
|-damage|p1a: Sableye|31\/304
|move|p1a: Sableye|Toxic|p2a: Manaphy
|-status|p2a: Manaphy|tox
|
|-damage|p2a: Manaphy|358\/401 tox|[from] psn
|turn|257
|
|switch|p1a: Skarmory|Skarmory, F|242\/333 brn
|move|p2a: Manaphy|U-turn|p1a: Skarmory
|-resisted|p1a: Skarmory
|-damage|p1a: Skarmory|233\/333 brn
|
|-damage|p2a: Manaphy|308\/401 tox|[from] psn
|-damage|p1a: Skarmory|192\/333 brn|[from] brn
|turn|258
|
|move|p2a: Manaphy|U-turn|p1a: Skarmory
|-resisted|p1a: Skarmory
|-damage|p1a: Skarmory|184\/333 brn
|move|p1a: Skarmory|Spikes|p2a: Manaphy
|-sidestart|p2: jaw98|Spikes
|
|-damage|p2a: Manaphy|233\/401 tox|[from] psn
|-damage|p1a: Skarmory|143\/333 brn|[from] brn
|turn|259
|
|move|p2a: Manaphy|Rest|p2a: Manaphy
|-status|p2a: Manaphy|slp
|-heal|p2a: Manaphy|401\/401 slp|[silent]
|-status|p2a: Manaphy|slp|[from] move: Rest
|move|p1a: Skarmory|Roost|p1a: Skarmory
|-heal|p1a: Skarmory|310\/333 brn
|
|-damage|p1a: Skarmory|269\/333 brn|[from] brn
|turn|260
|
|switch|p1a: Amoonguss|Amoonguss, M|169\/432 brn
|cant|p2a: Manaphy|slp
|
|-damage|p1a: Amoonguss|115\/432 brn|[from] brn
|turn|261
|
|switch|p1a: Sableye|Sableye-Mega, F|31\/304
|cant|p2a: Manaphy|slp
|
|turn|262
|
|switch|p1a: Amoonguss|Amoonguss, M|259\/432 brn
|-curestatus|p2a: Manaphy|slp
|move|p2a: Manaphy|U-turn|p1a: Amoonguss
|-damage|p1a: Amoonguss|209\/432 brn
|
|-damage|p1a: Amoonguss|155\/432 brn|[from] brn
|turn|263
|
|switch|p1a: Skarmory|Skarmory, F|269\/333 brn
|move|p2a: Manaphy|U-turn|p1a: Skarmory
|-resisted|p1a: Skarmory
|-damage|p1a: Skarmory|260\/333 brn
|
|-damage|p1a: Skarmory|219\/333 brn|[from] brn
|turn|264
|
|switch|p1a: Amoonguss|Amoonguss, M|299\/432 brn
|move|p2a: Manaphy|U-turn|p1a: Amoonguss
|-damage|p1a: Amoonguss|249\/432 brn
|
|-damage|p1a: Amoonguss|195\/432 brn|[from] brn
|turn|265
|
|switch|p1a: Skarmory|Skarmory, F|219\/333 brn
|move|p2a: Manaphy|U-turn|p1a: Skarmory
|-resisted|p1a: Skarmory
|-damage|p1a: Skarmory|211\/333 brn
|
|-damage|p1a: Skarmory|170\/333 brn|[from] brn
|turn|266
|
|move|p2a: Manaphy|U-turn|p1a: Skarmory
|-resisted|p1a: Skarmory
|-damage|p1a: Skarmory|162\/333 brn
|move|p1a: Skarmory|Roost|p1a: Skarmory
|-heal|p1a: Skarmory|329\/333 brn
|
|-damage|p1a: Skarmory|288\/333 brn|[from] brn
|turn|267
|
|switch|p1a: Amoonguss|Amoonguss, M|339\/432 brn
|move|p2a: Manaphy|U-turn|p1a: Amoonguss
|-crit|p1a: Amoonguss
|-damage|p1a: Amoonguss|262\/432 brn
|
|-damage|p1a: Amoonguss|208\/432 brn|[from] brn
|turn|268
|
|switch|p1a: Starmie|Starmie|186\/324
|move|p2a: Manaphy|U-turn|p1a: Starmie
|-supereffective|p1a: Starmie
|-damage|p1a: Starmie|66\/324
|
|-heal|p1a: Starmie|86\/324|[from] item: Leftovers
|turn|269
|
|move|p1a: Starmie|Recover|p1a: Starmie
|-heal|p1a: Starmie|248\/324
|move|p2a: Manaphy|U-turn|p1a: Starmie
|-crit|p1a: Starmie
|-supereffective|p1a: Starmie
|-damage|p1a: Starmie|90\/324
|
|-heal|p1a: Starmie|110\/324|[from] item: Leftovers
|turn|270
|
|move|p1a: Starmie|Recover|p1a: Starmie
|-heal|p1a: Starmie|272\/324
|move|p2a: Manaphy|U-turn|p1a: Starmie
|-supereffective|p1a: Starmie
|-damage|p1a: Starmie|154\/324
|
|-heal|p1a: Starmie|174\/324|[from] item: Leftovers
|turn|271
|
|switch|p1a: Amoonguss|Amoonguss, M|352\/432 brn
|move|p2a: Manaphy|Rest|p2a: Manaphy
|-fail|p2a: Manaphy
|
|-damage|p1a: Amoonguss|298\/432 brn|[from] brn
|turn|272
|
|switch|p1a: Sableye|Sableye-Mega, F|31\/304
|move|p2a: Manaphy|Rest|p2a: Manaphy
|-fail|p2a: Manaphy
|
|turn|273
|
|switch|p1a: Amoonguss|Amoonguss, M|432\/432 brn
|move|p2a: Manaphy|Scald|p1a: Amoonguss
|-resisted|p1a: Amoonguss
|-damage|p1a: Amoonguss|382\/432 brn
|
|-damage|p1a: Amoonguss|328\/432 brn|[from] brn
|turn|274
|
|move|p2a: Manaphy|Rest|p2a: Manaphy
|-fail|p2a: Manaphy
|move|p1a: Amoonguss|Payback|p2a: Manaphy
|-damage|p2a: Manaphy|365\/401
|
|-damage|p1a: Amoonguss|274\/432 brn|[from] brn
|turn|275
|
|switch|p1a: Sableye|Sableye-Mega, F|31\/304
|move|p2a: Manaphy|Rest|p2a: Manaphy
|-status|p2a: Manaphy|slp
|-heal|p2a: Manaphy|401\/401 slp|[silent]
|-status|p2a: Manaphy|slp|[from] move: Rest
|
|turn|276
|
|cant|p2a: Manaphy|slp
|move|p1a: Sableye|Knock Off|p2a: Manaphy
|-damage|p2a: Manaphy|343\/401 slp
|
|turn|277
|
|cant|p2a: Manaphy|slp
|move|p1a: Sableye|Knock Off|p2a: Manaphy
|-damage|p2a: Manaphy|285\/401 slp
|
|turn|278
|
|switch|p1a: Amoonguss|Amoonguss, M|418\/432 brn
|-curestatus|p2a: Manaphy|slp
|move|p2a: Manaphy|Rest|p2a: Manaphy
|-status|p2a: Manaphy|slp
|-heal|p2a: Manaphy|401\/401 slp|[silent]
|-status|p2a: Manaphy|slp|[from] move: Rest
|
|-damage|p1a: Amoonguss|364\/432 brn|[from] brn
|turn|279
|
|switch|p1a: Sableye|Sableye-Mega, F|31\/304
|cant|p2a: Manaphy|slp
|
|turn|280
|
|cant|p2a: Manaphy|slp
|move|p1a: Sableye|Toxic|p2a: Manaphy
|-fail|p2a: Manaphy
|
|turn|281
|
|switch|p1a: Amoonguss|Amoonguss, M|432\/432 brn
|-curestatus|p2a: Manaphy|slp
|move|p2a: Manaphy|Struggle|p1a: Amoonguss
|-damage|p1a: Amoonguss|396\/432 brn
|-damage|p2a: Manaphy|301\/401
|
|-damage|p1a: Amoonguss|342\/432 brn|[from] brn
|turn|282
|
|switch|p1a: Skarmory|Skarmory, F|288\/333 brn
|move|p2a: Manaphy|Struggle|p1a: Skarmory
|-crit|p1a: Skarmory
|-damage|p1a: Skarmory|252\/333 brn
|-damage|p2a: Manaphy|201\/401
|
|-damage|p1a: Skarmory|211\/333 brn|[from] brn
|turn|283
|c|âRIPCharlie|yes
|c|âjaw98|gg
|c|âRIPCharlie|gg
|c|âjaw98|longest battle ive ever had
|c|âRIPCharlie|me too
|
|move|p2a: Manaphy|Struggle|p1a: Skarmory
|-damage|p1a: Skarmory|187\/333 brn
|-damage|p2a: Manaphy|101\/401
|move|p1a: Skarmory|Roost|p1a: Skarmory
|-heal|p1a: Skarmory|333\/333 brn
|
|-damage|p1a: Skarmory|292\/333 brn|[from] brn
|turn|284
|
|move|p2a: Manaphy|Struggle|p1a: Skarmory
|-damage|p1a: Skarmory|267\/333 brn
|-damage|p2a: Manaphy|1\/401
|move|p1a: Skarmory|Roost|p1a: Skarmory
|-heal|p1a: Skarmory|333\/333 brn
|
|-damage|p1a: Skarmory|292\/333 brn|[from] brn
|turn|285
|
|move|p2a: Manaphy|Struggle|p1a: Skarmory
|-damage|p1a: Skarmory|266\/333 brn
|-damage|p2a: Manaphy|0 fnt
|faint|p2a: Manaphy
|
|win|RIPCharlie
|raw|Ladder updating...
|raw|RIPCharlie's rating: 1511 &rarr; <strong>1528<\/strong><br \/>(+17 for winning)
|raw|jaw98's rating: 1445 &rarr; <strong>1429<\/strong><br \/>(-16 for losing)
|leave|jaw98