|join|5eva
|join|once in a while
|player|p1|5eva|30
|player|p2|once in a while|147
|gametype|singles
|gen|6
|tier|OU
|rated
|clearpoke
|poke|p1|Manectric, F
|poke|p1|Lucario, F
|poke|p1|Landorus-Therian, M
|poke|p1|Suicune
|poke|p1|Clefable, M
|poke|p1|Latias, F
|poke|p2|Azelf
|poke|p2|Bisharp, M
|poke|p2|Raikou
|poke|p2|Metagross
|poke|p2|Landorus-Therian, M
|poke|p2|Keldeo
|rule|Swagger Clause: Swagger is banned
|rule|Baton Pass Clause: Limit one PokÃ©mon knowing Baton Pass
|rule|Sleep Clause Mod: Limit one foe put to sleep
|rule|Species Clause: Limit one of each PokÃ©mon
|rule|OHKO Clause: OHKO moves are banned
|rule|Moody Clause: Moody is banned
|rule|Evasion Moves Clause: Evasion moves are banned
|rule|Endless Battle Clause: Forcing endless battles is banned
|rule|HP Percentage Mod: HP is shown in percentages
|teampreview
|
|start
|switch|p1a: Manectric|Manectric, F|281\/281
|switch|p2a: Azelf|Azelf|291\/291
|turn|1
|
|detailschange|p1a: Manectric|Manectric-Mega, F
|-mega|p1a: Manectric|Manectric|Manectite
|-ability|p1a: Manectric|Intimidate|[of] p2a: Azelf
|-unboost|p2a: Azelf|atk|1
|move|p2a: Azelf|Stealth Rock|p1a: Manectric
|-sidestart|p1: 5eva|move: Stealth Rock
|move|p1a: Manectric|Thunderbolt|p2a: Azelf
|-damage|p2a: Azelf|59\/291
|
|turn|2
|
|switch|p2a: Raikou|Raikou|321\/321
|-ability|p2a: Raikou|Pressure
|move|p1a: Manectric|Thunderbolt|p2a: Raikou
|-resisted|p2a: Raikou
|-damage|p2a: Raikou|264\/321
|
|turn|3
|
|move|p1a: Manectric|Volt Switch|p2a: Raikou
|-resisted|p2a: Raikou
|-damage|p2a: Raikou|219\/321
|
|switch|p1a: Latias|Latias, F|319\/319
|-damage|p1a: Latias|280\/319|[from] Stealth Rock
|move|p2a: Raikou|Shadow Ball|p1a: Latias
|-supereffective|p1a: Latias
|-damage|p1a: Latias|136\/319
|
|turn|4
|
|switch|p1a: Clefable|Clefable, M|394\/394
|-damage|p1a: Clefable|345\/394|[from] Stealth Rock
|move|p2a: Raikou|Volt Switch|p1a: Clefable
|-damage|p1a: Clefable|237\/394
|
|switch|p2a: tendency to be frz|Metagross|301\/301
|
|-heal|p1a: Clefable|261\/394|[from] item: Leftovers
|turn|5
|
|switch|p1a: Landorus-Therian|Landorus-Therian, M|321\/321
|-damage|p1a: Landorus-Therian|281\/321|[from] Stealth Rock
|-ability|p1a: Landorus-Therian|Intimidate|[of] p2a: tendency to be frz
|-fail|p2a: tendency to be frz|unboost|[from] ability: Clear Body|[of] p2a: tendency to be frz
|detailschange|p2a: tendency to be frz|Metagross-Mega
|-mega|p2a: tendency to be frz|Metagross|Metagrossite
|move|p2a: tendency to be frz|Zen Headbutt|p1a: Landorus-Therian|[miss]
|-miss|p2a: tendency to be frz|p1a: Landorus-Therian
|
|turn|6
|c|âonce in a while|LOL
|c|âonce in a while|gotta love it ffs
|c|âonce in a while|that was 2hko'ing
|c|â5eva|defensive anyway
|c|âonce in a while|lol
|
|switch|p2a: Azelf|Azelf|59\/291
|move|p1a: Landorus-Therian|Earthquake|p2a: Azelf
|-immune|p2a: Azelf|[msg]
|
|turn|7
|
|switch|p1a: Clefable|Clefable, M|261\/394
|-damage|p1a: Clefable|212\/394|[from] Stealth Rock
|move|p2a: Azelf|Taunt|p1a: Clefable
|-start|p1a: Clefable|move: Taunt
|
|-heal|p1a: Clefable|236\/394|[from] item: Leftovers
|turn|8
|
|move|p2a: Azelf|Explosion|p1a: Clefable
|-crit|p1a: Clefable
|-damage|p1a: Clefable|0 fnt
|faint|p2a: Azelf
|faint|p1a: Clefable
|
|
|switch|p1a: Landorus-Therian|Landorus-Therian, M|281\/321
|switch|p2a: Raikou|Raikou|219\/321
|-damage|p1a: Landorus-Therian|241\/321|[from] Stealth Rock
|-ability|p1a: Landorus-Therian|Intimidate|[of] p2a: Raikou
|-unboost|p2a: Raikou|atk|1
|-ability|p2a: Raikou|Pressure
|turn|9
|
|move|p1a: Landorus-Therian|Earthquake|p2a: Raikou
|-supereffective|p2a: Raikou
|-damage|p2a: Raikou|0 fnt
|faint|p2a: Raikou
|
|
|switch|p2a: tendency to scald|Keldeo|323\/323
|turn|10
|
|switch|p1a: Latias|Latias, F|136\/319
|-damage|p1a: Latias|97\/319|[from] Stealth Rock
|switch|p2a: Landorus-Therian|Landorus-Therian, M|319\/319
|-ability|p2a: Landorus-Therian|Intimidate|[of] p1a: Latias
|-unboost|p1a: Latias|atk|1
|
|turn|11
|
|switch|p1a: Lucario|Lucario, F|281\/281
|-damage|p1a: Lucario|273\/281|[from] Stealth Rock
|move|p2a: Landorus-Therian|U-turn|p1a: Lucario
|-resisted|p1a: Lucario
|-damage|p1a: Lucario|241\/281
|
|switch|p2a: tendency to scald|Keldeo|323\/323
|
|turn|12
|
|switch|p1a: Latias|Latias, F|97\/319
|-damage|p1a: Latias|58\/319|[from] Stealth Rock
|move|p2a: tendency to scald|Secret Sword|p1a: Latias
|-resisted|p1a: Latias
|-damage|p1a: Latias|0 fnt
|faint|p1a: Latias
|
|
|switch|p1a: Landorus-Therian|Landorus-Therian, M|241\/321
|-damage|p1a: Landorus-Therian|201\/321|[from] Stealth Rock
|-ability|p1a: Landorus-Therian|Intimidate|[of] p2a: tendency to scald
|-unboost|p2a: tendency to scald|atk|1
|turn|13
|
|switch|p2a: Landorus-Therian|Landorus-Therian, M|319\/319
|-ability|p2a: Landorus-Therian|Intimidate|[of] p1a: Landorus-Therian
|-unboost|p1a: Landorus-Therian|atk|1
|move|p1a: Landorus-Therian|U-turn|p2a: Landorus-Therian
|-resisted|p2a: Landorus-Therian
|-damage|p2a: Landorus-Therian|290\/319
|
|switch|p1a: Suicune|Suicune|404\/404
|-damage|p1a: Suicune|354\/404|[from] Stealth Rock
|-ability|p1a: Suicune|Pressure
|
|-heal|p1a: Suicune|379\/404|[from] item: Leftovers
|turn|14
|
|move|p2a: Landorus-Therian|U-turn|p1a: Suicune
|-damage|p1a: Suicune|320\/404
|
|switch|p2a: tendency to scald|Keldeo|323\/323
|move|p1a: Suicune|Scald|p2a: tendency to scald
|-crit|p2a: tendency to scald
|-resisted|p2a: tendency to scald
|-damage|p2a: tendency to scald|254\/323
|-status|p2a: tendency to scald|brn
|
|-heal|p1a: Suicune|345\/404|[from] item: Leftovers
|-damage|p2a: tendency to scald|214\/323 brn|[from] brn
|turn|15
|c|âonce in a while|stop timer
|c|âonce in a while|pls
|c|â5eva|the button is gone
|c|â5eva|wtf
|
|move|p2a: tendency to scald|Secret Sword|p1a: Suicune
|-damage|p1a: Suicune|197\/404
|move|p1a: Suicune|Calm Mind|p1a: Suicune
|-boost|p1a: Suicune|spa|1
|-boost|p1a: Suicune|spd|1
|
|-heal|p1a: Suicune|222\/404|[from] item: Leftovers
|-damage|p2a: tendency to scald|174\/323 brn|[from] brn
|turn|16
|
|move|p2a: tendency to scald|Secret Sword|p1a: Suicune
|-damage|p1a: Suicune|83\/404
|move|p1a: Suicune|Scald|p2a: tendency to scald
|-resisted|p2a: tendency to scald
|-damage|p2a: tendency to scald|105\/323 brn
|
|-heal|p1a: Suicune|108\/404|[from] item: Leftovers
|-damage|p2a: tendency to scald|65\/323 brn|[from] brn
|turn|17
|
|move|p2a: tendency to scald|Secret Sword|p1a: Suicune
|-damage|p1a: Suicune|0 fnt
|faint|p1a: Suicune
|
|-damage|p2a: tendency to scald|25\/323 brn|[from] brn
|
|switch|p1a: Landorus-Therian|Landorus-Therian, M|201\/321
|-damage|p1a: Landorus-Therian|161\/321|[from] Stealth Rock
|-ability|p1a: Landorus-Therian|Intimidate|[of] p2a: tendency to scald
|-unboost|p2a: tendency to scald|atk|1
|turn|18
|
|move|p1a: Landorus-Therian|U-turn|p2a: tendency to scald
|-resisted|p2a: tendency to scald
|-damage|p2a: tendency to scald|0 fnt
|faint|p2a: tendency to scald
|
|switch|p1a: Manectric|Manectric-Mega, F|281\/281
|-damage|p1a: Manectric|246\/281|[from] Stealth Rock
|
|
|switch|p2a: Landorus-Therian|Landorus-Therian, M|290\/319
|-ability|p2a: Landorus-Therian|Intimidate|[of] p1a: Manectric
|-unboost|p1a: Manectric|atk|1
|turn|19
|
|switch|p1a: Landorus-Therian|Landorus-Therian, M|161\/321
|-damage|p1a: Landorus-Therian|121\/321|[from] Stealth Rock
|-ability|p1a: Landorus-Therian|Intimidate|[of] p2a: Landorus-Therian
|-unboost|p2a: Landorus-Therian|atk|1
|move|p2a: Landorus-Therian|U-turn|p1a: Landorus-Therian
|-resisted|p1a: Landorus-Therian
|-damage|p1a: Landorus-Therian|89\/321
|
|switch|p2a: Bisharp|Bisharp, M|271\/271
|
|turn|20
|
|switch|p1a: Lucario|Lucario, F|241\/281
|-damage|p1a: Lucario|233\/281|[from] Stealth Rock
|move|p2a: Bisharp|Sucker Punch|p1a: Lucario
|-fail|p1a: Lucario
|
|turn|21
|
|switch|p2a: Landorus-Therian|Landorus-Therian, M|290\/319
|-ability|p2a: Landorus-Therian|Intimidate|[of] p1a: Lucario
|-unboost|p1a: Lucario|atk|1
|move|p1a: Lucario|Close Combat|p2a: Landorus-Therian
|-resisted|p2a: Landorus-Therian
|-damage|p2a: Landorus-Therian|194\/319
|-unboost|p1a: Lucario|def|1
|-unboost|p1a: Lucario|spd|1
|-damage|p1a: Lucario|205\/281|[from] item: Life Orb
|
|turn|22
|
|move|p1a: Lucario|Extreme Speed|p2a: Landorus-Therian
|-damage|p2a: Landorus-Therian|115\/319
|-damage|p1a: Lucario|177\/281|[from] item: Life Orb
|move|p2a: Landorus-Therian|U-turn|p1a: Lucario
|-resisted|p1a: Lucario
|-damage|p1a: Lucario|134\/281
|
|switch|p2a: Bisharp|Bisharp, M|271\/271
|
|turn|23
|
|move|p2a: Bisharp|Sucker Punch|p1a: Lucario
|-fail|p1a: Lucario
|move|p1a: Lucario|Swords Dance|p1a: Lucario
|-boost|p1a: Lucario|atk|2
|
|turn|24
|
|move|p1a: Lucario|Extreme Speed|p2a: Bisharp
|-resisted|p2a: Bisharp
|-damage|p2a: Bisharp|184\/271
|-damage|p1a: Lucario|106\/281|[from] item: Life Orb
|move|p2a: Bisharp|Sucker Punch|p1a: Lucario
|-fail|p1a: Lucario
|
|turn|25
|
|switch|p2a: Landorus-Therian|Landorus-Therian, M|115\/319
|-ability|p2a: Landorus-Therian|Intimidate|[of] p1a: Lucario
|-unboost|p1a: Lucario|atk|1
|move|p1a: Lucario|Extreme Speed|p2a: Landorus-Therian
|-damage|p2a: Landorus-Therian|0 fnt
|-damage|p1a: Lucario|78\/281|[from] item: Life Orb
|faint|p2a: Landorus-Therian
|
|
|switch|p2a: tendency to be frz|Metagross-Mega|301\/301
|turn|26
|
|switch|p1a: Landorus-Therian|Landorus-Therian, M|89\/321
|-damage|p1a: Landorus-Therian|49\/321|[from] Stealth Rock
|-ability|p1a: Landorus-Therian|Intimidate|[of] p2a: tendency to be frz
|-unboost|p2a: tendency to be frz|atk|1
|move|p2a: tendency to be frz|Hammer Arm|p1a: Landorus-Therian|[miss]
|-miss|p2a: tendency to be frz|p1a: Landorus-Therian
|
|turn|27
|
|move|p2a: tendency to be frz|Bullet Punch|p1a: Landorus-Therian
|-damage|p1a: Landorus-Therian|0 fnt
|faint|p1a: Landorus-Therian
|
|
|switch|p1a: Manectric|Manectric-Mega, F|246\/281
|-damage|p1a: Manectric|211\/281|[from] Stealth Rock
|-ability|p1a: Manectric|Intimidate|[of] p2a: tendency to be frz
|-unboost|p2a: tendency to be frz|atk|1
|turn|28
|c|âonce in a while|sorry had to think it through
|
|move|p2a: tendency to be frz|Bullet Punch|p1a: Manectric
|-resisted|p1a: Manectric
|-damage|p1a: Manectric|177\/281
|move|p1a: Manectric|Volt Switch|p2a: tendency to be frz
|-damage|p2a: tendency to be frz|184\/301
|c|â5eva|that was a really good play
|c|â5eva|i dont think i can win now
|c|âonce in a while|that puts you in range
|c|â5eva|yeah
|c|â5eva|wp
|c|âonce in a while|you gotta win like 3 50 50s
|
|switch|p1a: Lucario|Lucario, F|78\/281
|-damage|p1a: Lucario|70\/281|[from] Stealth Rock
|
|turn|29
|c|âonce in a while|if you go to manec
|
|move|p2a: tendency to be frz|Zen Headbutt|p1a: Lucario
|-damage|p1a: Lucario|0 fnt
|faint|p1a: Lucario
|
|c|âonce in a while|you could have won
|c|âonce in a while|theoretically
|
|switch|p1a: Manectric|Manectric-Mega, F|177\/281
|-damage|p1a: Manectric|142\/281|[from] Stealth Rock
|-ability|p1a: Manectric|Intimidate|[of] p2a: tendency to be frz
|-unboost|p2a: tendency to be frz|atk|1
|turn|30
|c|â5eva|my plan was to volt switch out and get a high roll, e speed so i wouldnt get the drop
|c|â5eva|from overheat
|c|âonce in a while|ah I see
|c|âonce in a while|I didn't even consider this
|c|â5eva|and be in so i didnt give you justified boost
|c|â5eva|because +1 sucker kills manec
|c|â5eva|so i was pushing shit uphill anyway
|c|âonce in a while|neutral does like 70
|c|â5eva|that a high roll
|c|âonce in a while|please
|c|âonce in a while|finish it
|c|âonce in a while|I wanna save
|
|move|p1a: Manectric|Thunderbolt|p2a: tendency to be frz
|-damage|p2a: tendency to be frz|22\/301
|-status|p2a: tendency to be frz|par
|move|p2a: tendency to be frz|Zen Headbutt|p1a: Manectric
|-damage|p1a: Manectric|37\/281
|
|turn|31
|c|âonce in a while|thanks bud
|
|move|p2a: tendency to be frz|Bullet Punch|p1a: Manectric
|-resisted|p1a: Manectric
|-damage|p1a: Manectric|13\/281
|move|p1a: Manectric|Thunderbolt|p2a: tendency to be frz
|-damage|p2a: tendency to be frz|0 fnt
|faint|p2a: tendency to be frz
|
|c|â5eva|lag is terrible
|c|â5eva|soz
|c|âonce in a while|yeah :o
|c|âonce in a while|dw
|
|switch|p2a: Bisharp|Bisharp, M|184\/271
|turn|32
|c|â5eva|wp frend
|c|â5eva|hope i get you again
|c|â5eva|higher on the ladder ;]
|
|move|p2a: Bisharp|Sucker Punch|p1a: Manectric
|-damage|p1a: Manectric|0 fnt
|-damage|p2a: Bisharp|157\/271|[from] item: Life Orb
|faint|p1a: Manectric
|
|win|once in a while
|raw|Ladder updating...
|c|âonce in a while|with pleasure
|c|âonce in a while|gg
|raw|5eva's rating: 1499 &rarr; <strong>1483<\/strong><br \/>(-16 for losing)
|raw|once in a while's rating: 1576 &rarr; <strong>1591<\/strong><br \/>(+15 for winning)
|c|âonce in a while|and have a nice day\/night