|inactive|Battle timer is ON: inactive players will automatically lose when time's up.
|J|Cr0w
|J|once in a while
|player|p1|Cr0w|264
|player|p2|once in a while|170
|gametype|singles
|gen|6
|tier|OU
|clearpoke
|poke|p1|Lopunny, M
|poke|p1|Scolipede, M
|poke|p1|Mew
|poke|p1|Rotom-Wash
|poke|p1|Bisharp, F
|poke|p1|Chandelure, M
|poke|p2|Scizor, F
|poke|p2|Slowbro, F
|poke|p2|Celebi
|poke|p2|Talonflame, F
|poke|p2|Tentacruel, F
|poke|p2|Clefable, F
|rule|Swagger Clause: Swagger is banned
|rule|Baton Pass Clause: Limit one PokÃ©mon knowing Baton Pass
|rule|Sleep Clause Mod: Limit one foe put to sleep
|rule|Species Clause: Limit one of each PokÃ©mon
|rule|OHKO Clause: OHKO moves are banned
|rule|Moody Clause: Moody is banned
|rule|Evasion Moves Clause: Evasion moves are banned
|rule|Endless Battle Clause: Forcing endless battles is banned
|rule|HP Percentage Mod: HP is shown in percentages
|teampreview
|c|âonce in a while|hf
|c|âCr0w|u2
|
|start
|switch|p1a: Chandelure|Chandelure, M|261\/261
|switch|p2a: Talonflame|Talonflame, F|359\/359
|turn|1
|
|switch|p1a: Rotom-Wash|Rotom-Wash|303\/303
|move|p2a: Talonflame|Brave Bird|p1a: Rotom-Wash
|-resisted|p1a: Rotom-Wash
|-damage|p1a: Rotom-Wash|262\/303
|-damage|p2a: Talonflame|345\/359|[from] recoil|[of] p1a: Rotom-Wash
|
|-heal|p2a: Talonflame|359\/359|[from] item: Leftovers
|turn|2
|
|switch|p2a: Celebi|Celebi|404\/404
|move|p1a: Rotom-Wash|Volt Switch|p2a: Celebi
|-resisted|p2a: Celebi
|-damage|p2a: Celebi|364\/404
|
|switch|p1a: Scolipede|Scolipede, M|261\/261
|
|-heal|p2a: Celebi|389\/404|[from] item: Leftovers
|turn|3
|
|switch|p2a: Scizor|Scizor, F|343\/343
|move|p1a: Scolipede|Spikes|p2a: Scizor
|-sidestart|p2: once in a while|Spikes
|
|-boost|p1a: Scolipede|spe|1|[from] ability: Speed Boost
|turn|4
|J|so long lonesome
|
|switch|p1a: Chandelure|Chandelure, M|261\/261
|detailschange|p2a: Scizor|Scizor-Mega, F
|-mega|p2a: Scizor|Scizor|Scizorite
|move|p2a: Scizor|Bullet Punch|p1a: Chandelure
|-resisted|p1a: Chandelure
|-damage|p1a: Chandelure|207\/261
|
|turn|5
|J|Ernes
|
|switch|p2a: Tentacruel|Tentacruel, F|363\/363
|-damage|p2a: Tentacruel|318\/363|[from] Spikes
|move|p1a: Chandelure|Fire Blast|p2a: Tentacruel
|-resisted|p2a: Tentacruel
|-damage|p2a: Tentacruel|249\/363
|
|-heal|p2a: Tentacruel|271\/363|[from] item: Black Sludge
|turn|6
|
|switch|p1a: Lopunny|Lopunny, M|295\/295
|move|p2a: Tentacruel|Rapid Spin|p1a: Lopunny
|-damage|p1a: Lopunny|283\/295
|-sideend|p2: once in a while|Spikes|[from] move: Rapid Spin|[of] p2a: Tentacruel
|
|-heal|p2a: Tentacruel|293\/363|[from] item: Black Sludge
|turn|7
|
|switch|p2a: Slowbro|Slowbro, F|394\/394
|detailschange|p1a: Lopunny|Lopunny-Mega, M
|-mega|p1a: Lopunny|Lopunny|Lopunnite
|move|p1a: Lopunny|Frustration|p2a: Slowbro
|-damage|p2a: Slowbro|268\/394
|
|-heal|p2a: Slowbro|292\/394|[from] item: Leftovers
|turn|8
|
|switch|p1a: Mew|Mew|403\/403
|switch|p2a: Celebi|Celebi|389\/404
|
|-heal|p2a: Celebi|404\/404|[from] item: Leftovers
|turn|9
|J|SuperSmoke
|
|move|p1a: Mew|Taunt|p2a: Celebi
|-start|p2a: Celebi|move: Taunt
|cant|p2a: Celebi|move: Taunt|Calm Mind
|
|turn|10
|
|switch|p2a: Talonflame|Talonflame, F|359\/359
|move|p1a: Mew|Will-O-Wisp|p2a: Talonflame
|-fail|p2a: Talonflame
|
|turn|11
|
|move|p2a: Talonflame|Will-O-Wisp|p1a: Mew
|-status|p1a: Mew|brn
|move|p1a: Mew|Stealth Rock|p2a: Talonflame
|-sidestart|p2: once in a while|move: Stealth Rock
|
|-damage|p1a: Mew|353\/403 brn|[from] brn
|turn|12
|
|switch|p1a: Rotom-Wash|Rotom-Wash|262\/303
|move|p2a: Talonflame|Will-O-Wisp|p1a: Rotom-Wash
|-status|p1a: Rotom-Wash|brn
|
|-damage|p1a: Rotom-Wash|225\/303 brn|[from] brn
|turn|13
|
|switch|p2a: Celebi|Celebi|404\/404
|-damage|p2a: Celebi|354\/404|[from] Stealth Rock
|move|p1a: Rotom-Wash|Volt Switch|p2a: Celebi
|-resisted|p2a: Celebi
|-damage|p2a: Celebi|312\/404
|
|switch|p1a: Bisharp|Bisharp, F|333\/333
|
|-heal|p2a: Celebi|337\/404|[from] item: Leftovers
|turn|14
|
|move|p2a: Celebi|Baton Pass|p2a: Celebi
|
|switch|p2a: Scizor|Scizor-Mega, F|343\/343
|-damage|p2a: Scizor|301\/343|[from] Stealth Rock
|move|p1a: Bisharp|Knock Off|p2a: Scizor
|-damage|p2a: Scizor|205\/343
|
|turn|15
|
|switch|p1a: Rotom-Wash|Rotom-Wash|225\/303 brn
|move|p2a: Scizor|Roost|p2a: Scizor
|-heal|p2a: Scizor|343\/343
|
|-damage|p1a: Rotom-Wash|188\/303 brn|[from] brn
|turn|16
|
|switch|p2a: Celebi|Celebi|337\/404
|-damage|p2a: Celebi|287\/404|[from] Stealth Rock
|move|p1a: Rotom-Wash|Volt Switch|p2a: Celebi
|-resisted|p2a: Celebi
|-damage|p2a: Celebi|247\/404
|
|switch|p1a: Chandelure|Chandelure, M|207\/261
|
|-heal|p2a: Celebi|272\/404|[from] item: Leftovers
|turn|17
|
|switch|p2a: Tentacruel|Tentacruel, F|293\/363
|-damage|p2a: Tentacruel|248\/363|[from] Stealth Rock
|move|p1a: Chandelure|Shadow Ball|p2a: Tentacruel
|-damage|p2a: Tentacruel|142\/363
|
|-heal|p2a: Tentacruel|164\/363|[from] item: Black Sludge
|turn|18
|
|move|p1a: Chandelure|Shadow Ball|p2a: Tentacruel
|-damage|p2a: Tentacruel|47\/363
|move|p2a: Tentacruel|Scald|p1a: Chandelure
|-supereffective|p1a: Chandelure
|-damage|p1a: Chandelure|37\/261
|
|-heal|p2a: Tentacruel|69\/363|[from] item: Black Sludge
|turn|19
|
|switch|p2a: Talonflame|Talonflame, F|359\/359
|-damage|p2a: Talonflame|180\/359|[from] Stealth Rock
|move|p1a: Chandelure|Shadow Ball|p2a: Talonflame
|-damage|p2a: Talonflame|38\/359
|-unboost|p2a: Talonflame|spd|1
|
|-heal|p2a: Talonflame|60\/359|[from] item: Leftovers
|turn|20
|
|switch|p1a: Rotom-Wash|Rotom-Wash|188\/303 brn
|move|p2a: Talonflame|Brave Bird|p1a: Rotom-Wash
|-resisted|p1a: Rotom-Wash
|-damage|p1a: Rotom-Wash|145\/303 brn
|-damage|p2a: Talonflame|46\/359|[from] recoil|[of] p1a: Rotom-Wash
|
|-heal|p2a: Talonflame|68\/359|[from] item: Leftovers
|-damage|p1a: Rotom-Wash|108\/303 brn|[from] brn
|turn|21
|J|HONOR
|
|move|p2a: Talonflame|Roost|p2a: Talonflame
|-heal|p2a: Talonflame|248\/359
|move|p1a: Rotom-Wash|Rest|p1a: Rotom-Wash
|-status|p1a: Rotom-Wash|slp
|-heal|p1a: Rotom-Wash|303\/303 slp|[silent]
|-status|p1a: Rotom-Wash|slp|[from] move: Rest
|-enditem|p1a: Rotom-Wash|Chesto Berry|[eat]
|-curestatus|p1a: Rotom-Wash|slp
|
|-heal|p2a: Talonflame|270\/359|[from] item: Leftovers
|turn|22
|
|switch|p2a: Celebi|Celebi|272\/404
|-damage|p2a: Celebi|222\/404|[from] Stealth Rock
|move|p1a: Rotom-Wash|Volt Switch|p2a: Celebi
|-resisted|p2a: Celebi
|-damage|p2a: Celebi|178\/404
|
|switch|p1a: Bisharp|Bisharp, F|333\/333
|
|-heal|p2a: Celebi|203\/404|[from] item: Leftovers
|turn|23
|
|move|p2a: Celebi|Baton Pass|p2a: Celebi
|
|switch|p2a: Scizor|Scizor-Mega, F|343\/343
|-damage|p2a: Scizor|301\/343|[from] Stealth Rock
|move|p1a: Bisharp|Knock Off|p2a: Scizor
|-crit|p2a: Scizor
|-damage|p2a: Scizor|142\/343
|
|turn|24
|
|move|p2a: Scizor|Roost|p2a: Scizor
|-heal|p2a: Scizor|314\/343
|move|p1a: Bisharp|Swords Dance|p1a: Bisharp
|-boost|p1a: Bisharp|atk|2
|
|turn|25
|
|move|p1a: Bisharp|Sucker Punch|p2a: Scizor
|-damage|p2a: Scizor|85\/343
|move|p2a: Scizor|Superpower|p1a: Bisharp
|-supereffective|p1a: Bisharp
|-damage|p1a: Bisharp|0 fnt
|-unboost|p2a: Scizor|atk|1
|-unboost|p2a: Scizor|def|1
|faint|p1a: Bisharp
|
|
|switch|p1a: Rotom-Wash|Rotom-Wash|303\/303
|turn|26
|
|switch|p2a: Clefable|Clefable, F|394\/394
|move|p1a: Rotom-Wash|Will-O-Wisp|p2a: Clefable
|-status|p2a: Clefable|brn
|
|turn|27
|
|move|p1a: Rotom-Wash|Volt Switch|p2a: Clefable
|-damage|p2a: Clefable|321\/394 brn
|
|switch|p1a: Mew|Mew|353\/403 brn
|move|p2a: Clefable|Stealth Rock|p1a: Mew
|-sidestart|p1: Cr0w|move: Stealth Rock
|
|-heal|p1a: Mew|378\/403 brn|[from] item: Leftovers
|-heal|p2a: Clefable|345\/394 brn|[from] item: Leftovers
|-damage|p1a: Mew|328\/403 brn|[from] brn
|turn|28
|
|move|p2a: Clefable|Protect|p2a: Clefable
|-singleturn|p2a: Clefable|Protect
|move|p1a: Mew|Taunt|p2a: Clefable
|-activate|p2a: Clefable|Protect
|
|-heal|p1a: Mew|353\/403 brn|[from] item: Leftovers
|-heal|p2a: Clefable|369\/394 brn|[from] item: Leftovers
|-damage|p1a: Mew|303\/403 brn|[from] brn
|turn|29
|
|move|p1a: Mew|Taunt|p2a: Clefable
|-start|p2a: Clefable|move: Taunt
|cant|p2a: Clefable|move: Taunt|Wish
|
|-heal|p1a: Mew|328\/403 brn|[from] item: Leftovers
|-heal|p2a: Clefable|393\/394 brn|[from] item: Leftovers
|-damage|p1a: Mew|278\/403 brn|[from] brn
|turn|30
|
|switch|p1a: Chandelure|Chandelure, M|37\/261
|-damage|p1a: Chandelure|0 fnt|[from] Stealth Rock
|faint|p1a: Chandelure
|switch|p2a: Scizor|Scizor-Mega, F|85\/343
|-damage|p2a: Scizor|43\/343|[from] Stealth Rock
|
|
|switch|p1a: Rotom-Wash|Rotom-Wash|303\/303
|-damage|p1a: Rotom-Wash|266\/303|[from] Stealth Rock
|turn|31
|
|move|p1a: Rotom-Wash|Volt Switch|p2a: Scizor
|-damage|p2a: Scizor|0 fnt
|faint|p2a: Scizor
|
|switch|p1a: Scolipede|Scolipede, M|261\/261
|-damage|p1a: Scolipede|196\/261|[from] Stealth Rock
|
|
|switch|p2a: Talonflame|Talonflame, F|270\/359
|-damage|p2a: Talonflame|91\/359|[from] Stealth Rock
|turn|32
|
|switch|p1a: Rotom-Wash|Rotom-Wash|266\/303
|-damage|p1a: Rotom-Wash|229\/303|[from] Stealth Rock
|move|p2a: Talonflame|Roost|p2a: Talonflame
|-heal|p2a: Talonflame|271\/359
|
|-heal|p2a: Talonflame|293\/359|[from] item: Leftovers
|turn|33
|
|switch|p2a: Clefable|Clefable, F|393\/394 brn
|move|p1a: Rotom-Wash|Volt Switch|p2a: Clefable
|-damage|p2a: Clefable|311\/394 brn
|J|Real FV13
|
|switch|p1a: Scolipede|Scolipede, M|196\/261
|-damage|p1a: Scolipede|131\/261|[from] Stealth Rock
|
|-heal|p2a: Clefable|335\/394 brn|[from] item: Leftovers
|turn|34
|
|switch|p2a: Tentacruel|Tentacruel, F|69\/363
|-damage|p2a: Tentacruel|24\/363|[from] Stealth Rock
|move|p1a: Scolipede|Spikes|p2a: Tentacruel
|-sidestart|p2: once in a while|Spikes
|
|-heal|p2a: Tentacruel|46\/363|[from] item: Black Sludge
|-boost|p1a: Scolipede|spe|1|[from] ability: Speed Boost
|turn|35
|
|move|p1a: Scolipede|Megahorn|p2a: Tentacruel
|-resisted|p2a: Tentacruel
|-damage|p2a: Tentacruel|0 fnt
|faint|p2a: Tentacruel
|
|-boost|p1a: Scolipede|spe|1|[from] ability: Speed Boost
|
|switch|p2a: Talonflame|Talonflame, F|293\/359
|-damage|p2a: Talonflame|114\/359|[from] Stealth Rock
|turn|36
|J|Moony
|
|move|p1a: Scolipede|Toxic Spikes|p2a: Talonflame
|-sidestart|p2: once in a while|move: Toxic Spikes
|move|p2a: Talonflame|Will-O-Wisp|p1a: Scolipede
|-status|p1a: Scolipede|brn
|
|-heal|p2a: Talonflame|136\/359|[from] item: Leftovers
|-damage|p1a: Scolipede|99\/261 brn|[from] brn
|-boost|p1a: Scolipede|spe|1|[from] ability: Speed Boost
|turn|37
|
|move|p1a: Scolipede|Megahorn|p2a: Talonflame
|-resisted|p2a: Talonflame
|-damage|p2a: Talonflame|101\/359
|move|p2a: Talonflame|Will-O-Wisp|p1a: Scolipede|[miss]
|-miss|p2a: Talonflame|p1a: Scolipede
|
|-heal|p2a: Talonflame|123\/359|[from] item: Leftovers
|-damage|p1a: Scolipede|67\/261 brn|[from] brn
|-boost|p1a: Scolipede|spe|1|[from] ability: Speed Boost
|turn|38
|
|move|p2a: Talonflame|Brave Bird|p1a: Scolipede
|-supereffective|p1a: Scolipede
|-damage|p1a: Scolipede|0 fnt
|-damage|p2a: Talonflame|101\/359|[from] recoil|[of] p1a: Scolipede
|faint|p1a: Scolipede
|
|-heal|p2a: Talonflame|123\/359|[from] item: Leftovers
|L|Moony
|
|switch|p1a: Rotom-Wash|Rotom-Wash|229\/303
|-damage|p1a: Rotom-Wash|192\/303|[from] Stealth Rock
|turn|39
|
|move|p2a: Talonflame|Roost|p2a: Talonflame
|-heal|p2a: Talonflame|303\/359
|move|p1a: Rotom-Wash|Volt Switch|p2a: Talonflame
|-crit|p2a: Talonflame
|-damage|p2a: Talonflame|186\/359
|
|switch|p1a: Lopunny|Lopunny-Mega, M|283\/295
|-damage|p1a: Lopunny|265\/295|[from] Stealth Rock
|
|-heal|p2a: Talonflame|208\/359|[from] item: Leftovers
|turn|40
|
|move|p1a: Lopunny|Fake Out|p2a: Talonflame
|-damage|p2a: Talonflame|109\/359
|cant|p2a: Talonflame|flinch
|
|-heal|p2a: Talonflame|131\/359|[from] item: Leftovers
|turn|41
|L|HONOR
|
|switch|p1a: Rotom-Wash|Rotom-Wash|192\/303
|-damage|p1a: Rotom-Wash|155\/303|[from] Stealth Rock
|move|p2a: Talonflame|Roost|p2a: Talonflame
|-heal|p2a: Talonflame|311\/359
|
|-heal|p2a: Talonflame|333\/359|[from] item: Leftovers
|turn|42
|
|switch|p2a: Celebi|Celebi|203\/404
|-damage|p2a: Celebi|153\/404|[from] Stealth Rock
|-damage|p2a: Celebi|103\/404|[from] Spikes
|-status|p2a: Celebi|psn
|move|p1a: Rotom-Wash|Hydro Pump|p2a: Celebi
|-resisted|p2a: Celebi
|-damage|p2a: Celebi|31\/404 psn
|
|-heal|p2a: Celebi|56\/404 psn|[from] item: Leftovers
|-damage|p2a: Celebi|6\/404 psn|[from] psn
|turn|43
|
|move|p2a: Celebi|Recover|p2a: Celebi
|-heal|p2a: Celebi|208\/404 psn
|move|p1a: Rotom-Wash|Volt Switch|p2a: Celebi
|-resisted|p2a: Celebi
|-damage|p2a: Celebi|163\/404 psn
|c|âonce in a while|?
|
|switch|p1a: Lopunny|Lopunny-Mega, M|265\/295
|-damage|p1a: Lopunny|247\/295|[from] Stealth Rock
|
|-heal|p2a: Celebi|188\/404 psn|[from] item: Leftovers
|-damage|p2a: Celebi|138\/404 psn|[from] psn
|turn|44
|
|switch|p2a: Slowbro|Slowbro, F|394\/394
|-damage|p2a: Slowbro|345\/394|[from] Stealth Rock
|-damage|p2a: Slowbro|296\/394|[from] Spikes
|-status|p2a: Slowbro|psn
|move|p1a: Lopunny|Frustration|p2a: Slowbro
|-damage|p2a: Slowbro|173\/394 psn
|
|-heal|p2a: Slowbro|197\/394 psn|[from] item: Leftovers
|-damage|p2a: Slowbro|148\/394 psn|[from] psn
|turn|45
|
|switch|p1a: Rotom-Wash|Rotom-Wash|155\/303
|-damage|p1a: Rotom-Wash|118\/303|[from] Stealth Rock
|move|p2a: Slowbro|Psyshock|p1a: Rotom-Wash
|-damage|p1a: Rotom-Wash|55\/303
|
|-heal|p2a: Slowbro|172\/394 psn|[from] item: Leftovers
|-damage|p2a: Slowbro|123\/394 psn|[from] psn
|turn|46
|L|Real FV13
|
|switch|p2a: Celebi|Celebi|138\/404
|-damage|p2a: Celebi|88\/404|[from] Stealth Rock
|-damage|p2a: Celebi|38\/404|[from] Spikes
|-status|p2a: Celebi|psn
|move|p1a: Rotom-Wash|Volt Switch|p2a: Celebi
|-resisted|p2a: Celebi
|-damage|p2a: Celebi|0 fnt
|faint|p2a: Celebi
|
|switch|p1a: Lopunny|Lopunny-Mega, M|247\/295
|-damage|p1a: Lopunny|229\/295|[from] Stealth Rock
|
|
|switch|p2a: Talonflame|Talonflame, F|333\/359
|-damage|p2a: Talonflame|154\/359|[from] Stealth Rock
|turn|47
|
|move|p1a: Lopunny|Fake Out|p2a: Talonflame
|-damage|p2a: Talonflame|63\/359
|cant|p2a: Talonflame|flinch
|
|-heal|p2a: Talonflame|85\/359|[from] item: Leftovers
|turn|48
|
|move|p2a: Talonflame|Brave Bird|p1a: Lopunny
|-supereffective|p1a: Lopunny
|-damage|p1a: Lopunny|0 fnt
|-damage|p2a: Talonflame|9\/359|[from] recoil|[of] p1a: Lopunny
|faint|p1a: Lopunny
|
|-heal|p2a: Talonflame|31\/359|[from] item: Leftovers
|
|switch|p1a: Rotom-Wash|Rotom-Wash|55\/303
|-damage|p1a: Rotom-Wash|18\/303|[from] Stealth Rock
|turn|49
|
|move|p2a: Talonflame|Brave Bird|p1a: Rotom-Wash
|-resisted|p1a: Rotom-Wash
|-damage|p1a: Rotom-Wash|0 fnt
|-damage|p2a: Talonflame|25\/359|[from] recoil|[of] p1a: Rotom-Wash
|faint|p1a: Rotom-Wash
|
|-heal|p2a: Talonflame|47\/359|[from] item: Leftovers
|
|switch|p1a: Mew|Mew|278\/403 brn
|-damage|p1a: Mew|228\/403 brn|[from] Stealth Rock
|turn|50
|
|move|p2a: Talonflame|Roost|p2a: Talonflame
|-heal|p2a: Talonflame|227\/359
|move|p1a: Mew|Taunt|p2a: Talonflame
|-start|p2a: Talonflame|move: Taunt
|
|-heal|p2a: Talonflame|249\/359|[from] item: Leftovers
|-heal|p1a: Mew|253\/403 brn|[from] item: Leftovers
|-damage|p1a: Mew|203\/403 brn|[from] brn
|turn|51
|
|switch|p2a: Clefable|Clefable, F|335\/394 brn
|move|p1a: Mew|Roost|p1a: Mew
|-heal|p1a: Mew|403\/403 brn
|
|-heal|p2a: Clefable|359\/394 brn|[from] item: Leftovers
|-damage|p1a: Mew|353\/403 brn|[from] brn
|turn|52
|
|move|p1a: Mew|Taunt|p2a: Clefable
|-start|p2a: Clefable|move: Taunt
|move|p2a: Clefable|Moonblast|p1a: Mew
|-damage|p1a: Mew|251\/403 brn
|-unboost|p1a: Mew|spa|1
|
|-heal|p1a: Mew|276\/403 brn|[from] item: Leftovers
|-heal|p2a: Clefable|383\/394 brn|[from] item: Leftovers
|-damage|p1a: Mew|226\/403 brn|[from] brn
|turn|53
|
|move|p1a: Mew|Roost|p1a: Mew
|-heal|p1a: Mew|403\/403 brn
|move|p2a: Clefable|Moonblast|p1a: Mew
|-damage|p1a: Mew|301\/403 brn
|
|-heal|p1a: Mew|326\/403 brn|[from] item: Leftovers
|-heal|p2a: Clefable|394\/394 brn|[from] item: Leftovers
|-damage|p1a: Mew|276\/403 brn|[from] brn
|turn|54
|
|move|p1a: Mew|Taunt|p2a: Clefable
|-fail|p2a: Clefable
|move|p2a: Clefable|Moonblast|p1a: Mew
|-damage|p1a: Mew|174\/403 brn
|-unboost|p1a: Mew|spa|1
|
|-heal|p1a: Mew|199\/403 brn|[from] item: Leftovers
|-damage|p1a: Mew|149\/403 brn|[from] brn
|-end|p2a: Clefable|move: Taunt
|turn|55
|
|move|p1a: Mew|Taunt|p2a: Clefable
|-start|p2a: Clefable|move: Taunt
|move|p2a: Clefable|Moonblast|p1a: Mew
|-damage|p1a: Mew|50\/403 brn
|
|-heal|p1a: Mew|75\/403 brn|[from] item: Leftovers
|-damage|p1a: Mew|25\/403 brn|[from] brn
|turn|56
|
|switch|p2a: Slowbro|Slowbro, F|254\/394 psn
|-damage|p2a: Slowbro|205\/394 psn|[from] Stealth Rock
|-damage|p2a: Slowbro|156\/394 psn|[from] Spikes
|move|p1a: Mew|Taunt|p2a: Slowbro
|-start|p2a: Slowbro|move: Taunt
|
|-heal|p1a: Mew|50\/403 brn|[from] item: Leftovers
|-heal|p2a: Slowbro|180\/394 psn|[from] item: Leftovers
|-damage|p1a: Mew|0 fnt|[from] brn
|-damage|p2a: Slowbro|131\/394 psn|[from] psn
|faint|p1a: Mew
|
|win|once in a while
|c|âonce in a while|can you please confirm my win on the ost thread ?
|c|âonce in a while|gg