|join|hj regicide
|join|LT6A Heiiraiser
|player|p1|hj regicide|46
|player|p2|LT6A Heiiraiser|170
|gametype|singles
|gen|6
|tier|OU
|rated
|clearpoke
|poke|p1|Charizard, M
|poke|p1|Mienshao, M
|poke|p1|Latios, M
|poke|p1|Raikou
|poke|p1|Ferrothorn, M
|poke|p1|Landorus-Therian, M
|poke|p2|Tyranitar, F
|poke|p2|Ferrothorn, F
|poke|p2|Slowbro, M
|poke|p2|Charizard, M
|poke|p2|Landorus, M
|poke|p2|Latios, M
|rule|Swagger Clause: Swagger is banned
|rule|Baton Pass Clause: Limit one PokÃ©mon knowing Baton Pass
|rule|Sleep Clause Mod: Limit one foe put to sleep
|rule|Species Clause: Limit one of each PokÃ©mon
|rule|OHKO Clause: OHKO moves are banned
|rule|Moody Clause: Moody is banned
|rule|Evasion Moves Clause: Evasion moves are banned
|rule|Endless Battle Clause: Forcing endless battles is banned
|rule|HP Percentage Mod: HP is shown in percentages
|teampreview
|
|start
|switch|p1a: Mienshao|Mienshao, M|279\/279
|switch|p2a: Slowbro|Slowbro, M|394\/394
|turn|1
|
|move|p1a: Mienshao|Fake Out|p2a: Slowbro
|-damage|p2a: Slowbro|354\/394
|-damage|p1a: Mienshao|252\/279|[from] item: Life Orb
|cant|p2a: Slowbro|flinch
|
|-heal|p2a: Slowbro|378\/394|[from] item: Leftovers
|turn|2
|
|move|p1a: Mienshao|U-turn|p2a: Slowbro
|-supereffective|p2a: Slowbro
|-damage|p2a: Slowbro|248\/394
|-damage|p1a: Mienshao|225\/279|[from] item: Life Orb
|
|switch|p1a: Raikou|Raikou|321\/321
|-ability|p1a: Raikou|Pressure
|move|p2a: Slowbro|Thunder Wave|p1a: Raikou
|-fail|p1a: Raikou
|
|-heal|p2a: Slowbro|272\/394|[from] item: Leftovers
|turn|3
|
|switch|p2a: Landorus|Landorus, M|319\/319
|move|p1a: Raikou|Volt Switch|p2a: Landorus
|-immune|p2a: Landorus|[msg]
|
|turn|4
|
|switch|p1a: Ferrothorn|Ferrothorn, M|352\/352
|switch|p2a: Tyranitar|Tyranitar, F|342\/342
|-weather|Sandstorm
|
|-weather|Sandstorm|[upkeep]
|turn|5
|c|âLT6A Heiiraiser|let me calc
|c|âLT6A Heiiraiser|fire blast
|c|âLT6A Heiiraiser|._.
|
|switch|p2a: Charizard|Charizard, M|359\/359
|move|p1a: Ferrothorn|Stealth Rock|p2a: Charizard
|-sidestart|p2: LT6A Heiiraiser|move: Stealth Rock
|
|-weather|Sandstorm|[upkeep]
|-damage|p2a: Charizard|337\/359|[from] sandstorm
|turn|6
|
|switch|p1a: Charizard|Charizard, M|319\/319
|detailschange|p2a: Charizard|Charizard-Mega-X, M
|message|Charizard has Mega Evolved into Mega Charizard!
|move|p2a: Charizard|Will-O-Wisp|p1a: Charizard
|-fail|p1a: Charizard
|
|-weather|Sandstorm|[upkeep]
|-damage|p1a: Charizard|300\/319|[from] sandstorm
|-damage|p2a: Charizard|315\/359|[from] sandstorm
|turn|7
|
|switch|p2a: Slowbro|Slowbro, M|394\/394
|-damage|p2a: Slowbro|345\/394|[from] Stealth Rock
|detailschange|p1a: Charizard|Charizard-Mega-X, M
|message|Charizard has Mega Evolved into Mega Charizard!
|move|p1a: Charizard|Dragon Dance|p1a: Charizard
|-boost|p1a: Charizard|atk|1
|-boost|p1a: Charizard|spe|1
|
|-weather|Sandstorm|[upkeep]
|-damage|p1a: Charizard|281\/319|[from] sandstorm
|-damage|p2a: Slowbro|321\/394|[from] sandstorm
|-heal|p2a: Slowbro|345\/394|[from] item: Leftovers
|turn|8
|
|move|p1a: Charizard|Outrage|p2a: Slowbro
|-damage|p2a: Slowbro|48\/394
|move|p2a: Slowbro|Thunder Wave|p1a: Charizard
|-status|p1a: Charizard|par
|
|-weather|none
|-heal|p2a: Slowbro|72\/394|[from] item: Leftovers
|turn|9
|
|switch|p2a: Ferrothorn|Ferrothorn, F|352\/352
|-damage|p2a: Ferrothorn|330\/352|[from] Stealth Rock
|move|p1a: Charizard|Outrage|p2a: Ferrothorn
|-resisted|p2a: Ferrothorn
|-damage|p2a: Ferrothorn|150\/352
|-damage|p1a: Charizard|242\/319 par|[from] ability: Iron Barbs|[of] p2a: Ferrothorn
|
|-end|p1a: Charizard|rampage
|-start|p1a: Charizard|confusion
|-heal|p2a: Ferrothorn|172\/352|[from] item: Leftovers
|turn|10
|
|-activate|p1a: Charizard|confusion
|move|p1a: Charizard|Outrage|p2a: Ferrothorn
|-resisted|p2a: Ferrothorn
|-damage|p2a: Ferrothorn|6\/352
|-damage|p1a: Charizard|203\/319 par|[from] ability: Iron Barbs|[of] p2a: Ferrothorn
|move|p2a: Ferrothorn|Stealth Rock|p1a: Charizard
|-sidestart|p1: hj regicide|move: Stealth Rock
|
|-heal|p2a: Ferrothorn|28\/352|[from] item: Leftovers
|turn|11
|
|-activate|p1a: Charizard|confusion
|move|p1a: Charizard|Outrage|p2a: Ferrothorn
|-resisted|p2a: Ferrothorn
|-damage|p2a: Ferrothorn|0 fnt
|-damage|p1a: Charizard|164\/319 par|[from] ability: Iron Barbs|[of] p2a: Ferrothorn
|faint|p2a: Ferrothorn
|
|-end|p1a: Charizard|rampage
|
|switch|p2a: Latios|Latios, M|303\/303
|-damage|p2a: Latios|266\/303|[from] Stealth Rock
|turn|12
|
|move|p2a: Latios|Psyshock|p1a: Charizard
|-crit|p1a: Charizard
|-damage|p1a: Charizard|0 fnt
|-damage|p2a: Latios|236\/303|[from] item: Life Orb
|faint|p1a: Charizard
|
|
|switch|p1a: Landorus-Therian|Landorus-Therian, M|325\/325
|-damage|p1a: Landorus-Therian|285\/325|[from] Stealth Rock
|-ability|p1a: Landorus-Therian|Intimidate|[of] p2a: Latios
|-unboost|p2a: Latios|atk|1
|turn|13
|
|switch|p2a: Landorus|Landorus, M|319\/319
|-damage|p2a: Landorus|280\/319|[from] Stealth Rock
|move|p1a: Landorus-Therian|U-turn|p2a: Landorus
|-resisted|p2a: Landorus
|-damage|p2a: Landorus|235\/319
|
|switch|p1a: Latios|Latios, M|301\/301
|-damage|p1a: Latios|264\/301|[from] Stealth Rock
|
|turn|14
|
|switch|p2a: Tyranitar|Tyranitar, F|342\/342
|-damage|p2a: Tyranitar|300\/342|[from] Stealth Rock
|-weather|Sandstorm
|move|p1a: Latios|Draco Meteor|p2a: Tyranitar
|-damage|p2a: Tyranitar|93\/342
|-unboost|p1a: Latios|spa|2
|-damage|p1a: Latios|234\/301|[from] item: Life Orb
|
|-weather|Sandstorm|[upkeep]
|-damage|p1a: Latios|216\/301|[from] sandstorm
|turn|15
|
|move|p2a: Tyranitar|Pursuit|p1a: Latios
|-supereffective|p1a: Latios
|-damage|p1a: Latios|28\/301
|move|p1a: Latios|Hidden Power|p2a: Tyranitar
|-supereffective|p2a: Tyranitar
|-damage|p2a: Tyranitar|0 fnt
|-damage|p1a: Latios|0 fnt|[from] item: Life Orb
|faint|p2a: Tyranitar
|faint|p1a: Latios
|
|-weather|Sandstorm|[upkeep]
|
|switch|p1a: Mienshao|Mienshao, M|279\/279
|-damage|p1a: Mienshao|262\/279|[from] Stealth Rock
|switch|p2a: Slowbro|Slowbro, M|203\/394
|-damage|p2a: Slowbro|154\/394|[from] Stealth Rock
|turn|16
|
|move|p1a: Mienshao|Fake Out|p2a: Slowbro
|-damage|p2a: Slowbro|110\/394
|-damage|p1a: Mienshao|235\/279|[from] item: Life Orb
|cant|p2a: Slowbro|flinch
|
|-weather|Sandstorm|[upkeep]
|-damage|p1a: Mienshao|218\/279|[from] sandstorm
|-damage|p2a: Slowbro|86\/394|[from] sandstorm
|-heal|p2a: Slowbro|110\/394|[from] item: Leftovers
|turn|17
|
|move|p1a: Mienshao|High Jump Kick|p2a: Slowbro
|-resisted|p2a: Slowbro
|-damage|p2a: Slowbro|11\/394
|-damage|p1a: Mienshao|191\/279|[from] item: Life Orb
|move|p2a: Slowbro|Slack Off|p2a: Slowbro
|-heal|p2a: Slowbro|208\/394
|
|-weather|Sandstorm|[upkeep]
|-damage|p1a: Mienshao|174\/279|[from] sandstorm
|-damage|p2a: Slowbro|184\/394|[from] sandstorm
|-heal|p2a: Slowbro|208\/394|[from] item: Leftovers
|turn|18
|
|move|p1a: Mienshao|U-turn|p2a: Slowbro
|-supereffective|p2a: Slowbro
|-damage|p2a: Slowbro|65\/394
|-damage|p1a: Mienshao|147\/279|[from] item: Life Orb
|
|switch|p1a: Raikou|Raikou|321\/321
|-damage|p1a: Raikou|281\/321|[from] Stealth Rock
|-ability|p1a: Raikou|Pressure
|move|p2a: Slowbro|Slack Off|p2a: Slowbro
|-heal|p2a: Slowbro|262\/394
|
|-weather|none
|-heal|p2a: Slowbro|286\/394|[from] item: Leftovers
|turn|19
|
|move|p1a: Raikou|Shadow Ball|p2a: Slowbro
|-supereffective|p2a: Slowbro
|-damage|p2a: Slowbro|0 fnt
|faint|p2a: Slowbro
|
|
|switch|p2a: Charizard|Charizard-Mega-X, M|315\/359
|-damage|p2a: Charizard|226\/359|[from] Stealth Rock
|turn|20
|
|move|p1a: Raikou|Shadow Ball|p2a: Charizard
|-damage|p2a: Charizard|92\/359
|-unboost|p2a: Charizard|spd|1
|move|p2a: Charizard|Will-O-Wisp|p1a: Raikou
|-status|p1a: Raikou|brn
|
|-damage|p1a: Raikou|241\/321 brn|[from] brn
|turn|21
|
|move|p1a: Raikou|Shadow Ball|p2a: Charizard
|-damage|p2a: Charizard|0 fnt
|faint|p2a: Charizard
|
|-damage|p1a: Raikou|201\/321 brn|[from] brn
|
|switch|p2a: Landorus|Landorus, M|235\/319
|-damage|p2a: Landorus|196\/319|[from] Stealth Rock
|turn|22
|
|switch|p1a: Ferrothorn|Ferrothorn, M|352\/352
|-damage|p1a: Ferrothorn|330\/352|[from] Stealth Rock
|move|p2a: Landorus|Psychic|p1a: Ferrothorn
|-crit|p1a: Ferrothorn
|-resisted|p1a: Ferrothorn
|-damage|p1a: Ferrothorn|235\/352
|
|-heal|p1a: Ferrothorn|257\/352|[from] item: Leftovers
|turn|23
|
|move|p2a: Landorus|Focus Blast|p1a: Ferrothorn
|-supereffective|p1a: Ferrothorn
|-damage|p1a: Ferrothorn|0 fnt
|faint|p1a: Ferrothorn
|
|
|switch|p1a: Mienshao|Mienshao, M|240\/279
|-damage|p1a: Mienshao|223\/279|[from] Stealth Rock
|turn|24
|
|switch|p2a: Latios|Latios, M|236\/303
|-damage|p2a: Latios|199\/303|[from] Stealth Rock
|move|p1a: Mienshao|Hidden Power|p2a: Latios
|-supereffective|p2a: Latios
|-damage|p2a: Latios|95\/303
|-damage|p1a: Mienshao|196\/279|[from] item: Life Orb
|
|turn|25
|
|move|p2a: Latios|Draco Meteor|p1a: Mienshao
|-damage|p1a: Mienshao|0 fnt
|-unboost|p2a: Latios|spa|2
|-damage|p2a: Latios|65\/303|[from] item: Life Orb
|faint|p1a: Mienshao
|
|
|switch|p1a: Raikou|Raikou|201\/321 brn
|-damage|p1a: Raikou|161\/321 brn|[from] Stealth Rock
|-ability|p1a: Raikou|Pressure
|turn|26
|
|move|p1a: Raikou|Hidden Power|p2a: Latios
|-supereffective|p2a: Latios
|-damage|p2a: Latios|0 fnt
|faint|p2a: Latios
|
|-damage|p1a: Raikou|121\/321 brn|[from] brn
|
|switch|p2a: Landorus|Landorus, M|196\/319
|-damage|p2a: Landorus|157\/319|[from] Stealth Rock
|turn|27
|
|move|p1a: Raikou|Hidden Power|p2a: Landorus
|-supereffective|p2a: Landorus
|-damage|p2a: Landorus|0 fnt
|faint|p2a: Landorus
|
|win|hj regicide
|raw|Ladder updating...
|raw|hj regicide's rating: 1790 &rarr; <strong>1812<\/strong><br \/>(+22 for winning)
|raw|LT6A Heiiraiser's rating: 1815 &rarr; <strong>1793<\/strong><br \/>(-22 for losing)