|join|HJ regicide
|join|StarLi
|player|p1|HJ regicide|46
|player|p2|StarLi|218
|gametype|singles
|gen|6
|tier|OU
|rated
|clearpoke
|poke|p1|Celebi
|poke|p1|Heatran, M
|poke|p1|Clefable, M
|poke|p1|Gliscor, F
|poke|p1|Lopunny, F
|poke|p1|Latios, M
|poke|p2|Heracross, M
|poke|p2|Thundurus, M
|poke|p2|Keldeo-Resolute
|poke|p2|Heatran, F
|poke|p2|Scizor, M
|poke|p2|Latias, F
|rule|Swagger Clause: Swagger is banned
|rule|Baton Pass Clause: Limit one PokÃ©mon knowing Baton Pass
|rule|Sleep Clause Mod: Limit one foe put to sleep
|rule|Species Clause: Limit one of each PokÃ©mon
|rule|OHKO Clause: OHKO moves are banned
|rule|Moody Clause: Moody is banned
|rule|Evasion Moves Clause: Evasion moves are banned
|rule|Endless Battle Clause: Forcing endless battles is banned
|rule|HP Percentage Mod: HP is shown in percentages
|teampreview
|c|âStarLi|gl
|c|âStarLi|:)
|c|âHJ regicide|U too
|join|Lobokid
|
|start
|switch|p1a: Gliscor|Gliscor, F|352\/352
|switch|p2a: ThunDURRus|Thundurus, M|298\/298
|turn|1
|
|switch|p2a: Aria|Latias, F|319\/319
|switch|p1a: Heatran|Heatran, M|386\/386
|
|turn|2
|
|move|p2a: Aria|Draco Meteor|p1a: Heatran
|-resisted|p1a: Heatran
|-damage|p1a: Heatran|290\/386
|-unboost|p2a: Aria|spa|2
|-damage|p2a: Aria|288\/319|[from] item: Life Orb
|move|p1a: Heatran|Stealth Rock|p2a: Aria
|-sidestart|p2: StarLi|move: Stealth Rock
|
|-heal|p1a: Heatran|314\/386|[from] item: Leftovers
|turn|3
|
|switch|p1a: Gliscor|Gliscor, F|352\/352
|move|p2a: Aria|Defog|p1a: Gliscor
|-unboost|p1a: Gliscor|evasion|1
|-sideend|p2: StarLi|Stealth Rock|[from] move: Defog|[of] p2a: Aria
|
|-status|p1a: Gliscor|tox|[from] item: Toxic Orb
|turn|4
|
|switch|p2a: Keludeo|Keldeo-Resolute|323\/323
|move|p1a: Gliscor|Knock Off|p2a: Keludeo
|-resisted|p2a: Keludeo
|-damage|p2a: Keludeo|281\/323
|-boost|p2a: Keludeo|atk|1|[from] ability: Justified
|-enditem|p2a: Keludeo|Choice Scarf|[from] move: Knock Off|[of] p1a: Gliscor
|
|turn|5
|
|switch|p1a: Celebi|Celebi|404\/404
|move|p2a: Keludeo|Hydro Pump|p1a: Celebi
|-resisted|p1a: Celebi
|-damage|p1a: Celebi|298\/404
|
|-heal|p1a: Celebi|323\/404|[from] item: Leftovers
|turn|6
|
|switch|p2a: SCIZAH|Scizor, M|343\/343
|move|p1a: Celebi|Baton Pass|p1a: Celebi
|
|switch|p1a: Heatran|Heatran, M|314\/386
|
|-heal|p1a: Heatran|338\/386|[from] item: Leftovers
|turn|7
|
|switch|p1a: Gliscor|Gliscor, F|352\/352 tox
|move|p2a: SCIZAH|Superpower|p1a: Gliscor
|-resisted|p1a: Gliscor
|-damage|p1a: Gliscor|263\/352 tox
|-unboost|p2a: SCIZAH|atk|1
|-unboost|p2a: SCIZAH|def|1
|
|-heal|p1a: Gliscor|307\/352 tox|[from] ability: Poison Heal
|turn|8
|
|switch|p2a: Heatris|Heatran, F|326\/326
|-item|p2a: Heatris|Air Balloon
|move|p1a: Gliscor|Earthquake|p2a: Heatris
|-immune|p2a: Heatris|[msg]
|
|-heal|p1a: Gliscor|351\/352 tox|[from] ability: Poison Heal
|turn|9
|
|move|p2a: Heatris|Stealth Rock|p1a: Gliscor
|-sidestart|p1: HJ regicide|move: Stealth Rock
|move|p1a: Gliscor|Knock Off|p2a: Heatris
|-damage|p2a: Heatris|257\/326
|-enditem|p2a: Heatris|Air Balloon
|
|-heal|p1a: Gliscor|352\/352 tox|[from] ability: Poison Heal
|turn|10
|
|switch|p2a: CrossBoss|Heracross, M|301\/301
|move|p1a: Gliscor|Earthquake|p2a: CrossBoss
|-resisted|p2a: CrossBoss
|-damage|p2a: CrossBoss|230\/301
|
|turn|11
|
|detailschange|p2a: CrossBoss|Heracross-Mega, M
|-mega|p2a: CrossBoss|Heracross|Heracronite
|move|p2a: CrossBoss|Substitute|p2a: CrossBoss
|-start|p2a: CrossBoss|Substitute
|-damage|p2a: CrossBoss|155\/301
|move|p1a: Gliscor|Acrobatics|p2a: CrossBoss
|-supereffective|p2a: CrossBoss
|-end|p2a: CrossBoss|Substitute
|
|turn|12
|c|âHJ regicide|Glia or you da real mvp
|
|switch|p2a: ThunDURRus|Thundurus, M|298\/298
|move|p1a: Gliscor|Acrobatics|p2a: ThunDURRus
|-resisted|p2a: ThunDURRus
|-damage|p2a: ThunDURRus|258\/298
|
|-heal|p2a: ThunDURRus|276\/298|[from] item: Leftovers
|turn|13
|c|âHJ regicide|gliscor
|
|switch|p1a: Heatran|Heatran, M|338\/386
|-damage|p1a: Heatran|290\/386|[from] Stealth Rock
|move|p2a: ThunDURRus|Nasty Plot|p2a: ThunDURRus
|-boost|p2a: ThunDURRus|spa|2
|
|-heal|p2a: ThunDURRus|294\/298|[from] item: Leftovers
|-heal|p1a: Heatran|314\/386|[from] item: Leftovers
|turn|14
|
|move|p2a: ThunDURRus|Nasty Plot|p2a: ThunDURRus
|-boost|p2a: ThunDURRus|spa|2
|move|p1a: Heatran|Stealth Rock|p2a: ThunDURRus
|-sidestart|p2: StarLi|move: Stealth Rock
|
|-heal|p2a: ThunDURRus|298\/298|[from] item: Leftovers
|-heal|p1a: Heatran|338\/386|[from] item: Leftovers
|turn|15
|
|move|p2a: ThunDURRus|Focus Blast|p1a: Heatran
|-supereffective|p1a: Heatran
|-damage|p1a: Heatran|0 fnt
|faint|p1a: Heatran
|
|
|switch|p1a: Latios|Latios, M|301\/301
|-damage|p1a: Latios|264\/301|[from] Stealth Rock
|turn|16
|
|move|p1a: Latios|Trick|p2a: ThunDURRus
|-activate|p1a: Latios|move: Trick|[of] p2a: ThunDURRus
|-item|p2a: ThunDURRus|Choice Scarf|[from] move: Trick
|-item|p1a: Latios|Leftovers|[from] move: Trick
|move|p2a: ThunDURRus|Hidden Power|p1a: Latios
|-damage|p1a: Latios|0 fnt
|faint|p1a: Latios
|
|
|switch|p1a: Clefable|Clefable, M|393\/393
|turn|17
|c|âHJ regicide|Oops
|c|âHJ regicide|meant to Draco but the cancel button sucks
|
|move|p2a: ThunDURRus|Hidden Power|p1a: Clefable
|-damage|p1a: Clefable|102\/393
|move|p1a: Clefable|Moonblast|p2a: ThunDURRus
|-damage|p2a: ThunDURRus|162\/298
|
|-heal|p1a: Clefable|126\/393|[from] item: Leftovers
|turn|18
|
|move|p2a: ThunDURRus|Hidden Power|p1a: Clefable
|-damage|p1a: Clefable|0 fnt
|faint|p1a: Clefable
|
|
|switch|p1a: Lopunny|Lopunny, F|272\/272
|-damage|p1a: Lopunny|238\/272|[from] Stealth Rock
|turn|19
|
|switch|p2a: SCIZAH|Scizor, M|343\/343
|-damage|p2a: SCIZAH|301\/343|[from] Stealth Rock
|detailschange|p1a: Lopunny|Lopunny-Mega, F
|-mega|p1a: Lopunny|Lopunny|Lopunnite
|move|p1a: Lopunny|Fake Out|p2a: SCIZAH
|-resisted|p2a: SCIZAH
|-damage|p2a: SCIZAH|262\/343
|
|turn|20
|
|move|p2a: SCIZAH|Bullet Punch|p1a: Lopunny
|-damage|p1a: Lopunny|60\/272
|move|p1a: Lopunny|High Jump Kick|p2a: SCIZAH
|-damage|p2a: SCIZAH|42\/343
|
|turn|21
|
|switch|p1a: Gliscor|Gliscor, F|352\/352 tox
|-damage|p1a: Gliscor|308\/352 tox|[from] Stealth Rock
|move|p2a: SCIZAH|Bullet Punch|p1a: Gliscor
|-damage|p1a: Gliscor|154\/352 tox
|
|-heal|p1a: Gliscor|198\/352 tox|[from] ability: Poison Heal
|turn|22
|
|move|p2a: SCIZAH|Bullet Punch|p1a: Gliscor
|-damage|p1a: Gliscor|39\/352 tox
|move|p1a: Gliscor|Roost|p1a: Gliscor
|-heal|p1a: Gliscor|215\/352 tox
|
|-heal|p1a: Gliscor|259\/352 tox|[from] ability: Poison Heal
|turn|23
|
|switch|p2a: Aria|Latias, F|288\/319
|-damage|p2a: Aria|249\/319|[from] Stealth Rock
|move|p1a: Gliscor|Roost|p1a: Gliscor
|-heal|p1a: Gliscor|352\/352 tox
|
|turn|24
|
|move|p2a: Aria|Defog|p1a: Gliscor
|-unboost|p1a: Gliscor|evasion|1
|-sideend|p1: HJ regicide|Stealth Rock|[from] move: Defog|[of] p1a: Gliscor
|-sideend|p2: StarLi|Stealth Rock|[from] move: Defog|[of] p2a: Aria
|move|p1a: Gliscor|Roost|p1a: Gliscor
|-fail|p1a: Gliscor
|
|turn|25
|
|move|p2a: Aria|Draco Meteor|p1a: Gliscor
|-damage|p1a: Gliscor|126\/352 tox
|-unboost|p2a: Aria|spa|2
|-damage|p2a: Aria|218\/319|[from] item: Life Orb
|move|p1a: Gliscor|Knock Off|p2a: Aria
|-supereffective|p2a: Aria
|-damage|p2a: Aria|58\/319
|-enditem|p2a: Aria|Life Orb|[from] move: Knock Off|[of] p1a: Gliscor
|
|-heal|p1a: Gliscor|170\/352 tox|[from] ability: Poison Heal
|turn|26
|
|move|p2a: Aria|Healing Wish|p2a: Aria
|faint|p2a: Aria
|move|p1a: Gliscor|Roost|p1a: Gliscor
|-heal|p1a: Gliscor|346\/352 tox
|
|-heal|p1a: Gliscor|352\/352 tox|[from] ability: Poison Heal
|
|switch|p2a: SCIZAH|Scizor, M|42\/343
|-heal|p2a: SCIZAH|343\/343|[from] move: Healing Wish
|turn|27
|
|move|p1a: Gliscor|Knock Off|p2a: SCIZAH
|-crit|p2a: SCIZAH
|-damage|p2a: SCIZAH|241\/343
|-enditem|p2a: SCIZAH|Choice Band|[from] move: Knock Off|[of] p1a: Gliscor
|move|p2a: SCIZAH|Knock Off|p1a: Gliscor
|-damage|p1a: Gliscor|240\/352 tox
|-enditem|p1a: Gliscor|Toxic Orb|[from] move: Knock Off|[of] p2a: SCIZAH
|
|-heal|p1a: Gliscor|284\/352 tox|[from] ability: Poison Heal
|turn|28
|
|move|p1a: Gliscor|Earthquake|p2a: SCIZAH
|-damage|p2a: SCIZAH|127\/343
|move|p2a: SCIZAH|U-turn|p1a: Gliscor
|-resisted|p1a: Gliscor
|-damage|p1a: Gliscor|222\/352 tox
|
|switch|p2a: Keludeo|Keldeo-Resolute|281\/323
|
|-heal|p1a: Gliscor|266\/352 tox|[from] ability: Poison Heal
|turn|29
|
|switch|p2a: Heatris|Heatran, F|257\/326
|switch|p1a: Celebi|Celebi|323\/404
|
|-heal|p1a: Celebi|348\/404|[from] item: Leftovers
|turn|30
|
|switch|p1a: Gliscor|Gliscor, F|266\/352 tox
|move|p2a: Heatris|Flamethrower|p1a: Gliscor
|-damage|p1a: Gliscor|106\/352 tox
|
|-heal|p1a: Gliscor|150\/352 tox|[from] ability: Poison Heal
|turn|31
|
|move|p2a: Heatris|Stealth Rock|p1a: Gliscor
|-sidestart|p1: HJ regicide|move: Stealth Rock
|move|p1a: Gliscor|Earthquake|p2a: Heatris
|-supereffective|p2a: Heatris
|-damage|p2a: Heatris|0 fnt
|faint|p2a: Heatris
|
|-heal|p1a: Gliscor|194\/352 tox|[from] ability: Poison Heal
|c|âStarLi|31 turns already XD
|
|switch|p2a: CrossBoss|Heracross-Mega, M|155\/301
|turn|32
|
|move|p2a: CrossBoss|Rock Blast|p1a: Gliscor|[miss]
|-miss|p2a: CrossBoss|p1a: Gliscor
|move|p1a: Gliscor|Acrobatics|p2a: CrossBoss
|-supereffective|p2a: CrossBoss
|-damage|p2a: CrossBoss|0 fnt
|faint|p2a: CrossBoss
|
|-heal|p1a: Gliscor|238\/352 tox|[from] ability: Poison Heal
|
|switch|p2a: Keludeo|Keldeo-Resolute|281\/323
|turn|33
|
|switch|p1a: Celebi|Celebi|348\/404
|-damage|p1a: Celebi|298\/404|[from] Stealth Rock
|move|p2a: Keludeo|Scald|p1a: Celebi
|-resisted|p1a: Celebi
|-damage|p1a: Celebi|217\/404
|
|-heal|p1a: Celebi|242\/404|[from] item: Leftovers
|turn|34
|
|switch|p2a: ThunDURRus|Thundurus, M|162\/298
|move|p1a: Celebi|Recover|p1a: Celebi
|-heal|p1a: Celebi|404\/404
|
|turn|35
|
|move|p2a: ThunDURRus|Hidden Power|p1a: Celebi
|-supereffective|p1a: Celebi
|-damage|p1a: Celebi|204\/404
|move|p1a: Celebi|Baton Pass|p1a: Celebi
|
|switch|p1a: Lopunny|Lopunny-Mega, F|60\/272
|-damage|p1a: Lopunny|43\/272|[from] Stealth Rock
|
|turn|36
|
|move|p2a: ThunDURRus|Hidden Power|p1a: Lopunny
|-supereffective|p1a: Lopunny
|-damage|p1a: Lopunny|0 fnt
|faint|p1a: Lopunny
|
|c|âHJ regicide|Oops
|c|âStarLi|you gave me the scarf :P
|c|âStarLi|XD
|
|switch|p1a: Gliscor|Gliscor, F|238\/352 tox
|-damage|p1a: Gliscor|194\/352 tox|[from] Stealth Rock
|turn|37
|c|âStarLi|hp flying btw
|
|move|p2a: ThunDURRus|Hidden Power|p1a: Gliscor
|-damage|p1a: Gliscor|97\/352 tox
|move|p1a: Gliscor|Earthquake|p2a: ThunDURRus
|-immune|p2a: ThunDURRus|[msg]
|
|-heal|p1a: Gliscor|141\/352 tox|[from] ability: Poison Heal
|turn|38
|c|âHJ regicide|Ik
|c|âStarLi|kk
|
|move|p2a: ThunDURRus|Hidden Power|p1a: Gliscor
|-damage|p1a: Gliscor|48\/352 tox
|move|p1a: Gliscor|Roost|p1a: Gliscor
|-heal|p1a: Gliscor|224\/352 tox
|
|-heal|p1a: Gliscor|268\/352 tox|[from] ability: Poison Heal
|turn|39
|c|âHJ regicide|I misplayed hard there
|c|âStarLi|yeah
|
|switch|p2a: Keludeo|Keldeo-Resolute|281\/323
|move|p1a: Gliscor|Earthquake|p2a: Keludeo
|-damage|p2a: Keludeo|152\/323
|
|-heal|p1a: Gliscor|312\/352 tox|[from] ability: Poison Heal
|turn|40
|
|switch|p1a: Celebi|Celebi|204\/404
|-damage|p1a: Celebi|154\/404|[from] Stealth Rock
|move|p2a: Keludeo|Hydro Pump|p1a: Celebi
|-resisted|p1a: Celebi
|-damage|p1a: Celebi|54\/404
|
|-heal|p1a: Celebi|79\/404|[from] item: Leftovers
|turn|41
|c|âHJ regicide|Please miss
|
|move|p2a: Keludeo|Scald|p1a: Celebi
|-resisted|p1a: Celebi
|-damage|p1a: Celebi|2\/404
|move|p1a: Celebi|Recover|p1a: Celebi
|-heal|p1a: Celebi|204\/404
|
|-heal|p1a: Celebi|229\/404|[from] item: Leftovers
|turn|42
|c|âStarLi|...
|c|âStarLi|XDDDD
|c|âHJ regicide|Why no hydro
|c|âStarLi|dat 1%
|c|âStarLi|i didnt want to miss
|c|âStarLi|aka im a pussy
|c|âStarLi|jk
|c|âHJ regicide|lol
|
|switch|p2a: ThunDURRus|Thundurus, M|162\/298
|move|p1a: Celebi|Recover|p1a: Celebi
|-heal|p1a: Celebi|404\/404
|
|turn|43
|
|switch|p1a: Gliscor|Gliscor, F|312\/352 tox
|-damage|p1a: Gliscor|268\/352 tox|[from] Stealth Rock
|move|p2a: ThunDURRus|Nasty Plot|p2a: ThunDURRus
|-boost|p2a: ThunDURRus|spa|2
|
|-heal|p1a: Gliscor|312\/352 tox|[from] ability: Poison Heal
|turn|44
|c|âStarLi|shit
|c|âStarLi|i forgot
|c|âStarLi|...
|c|âHJ regicide|Lmao
|
|switch|p2a: Keludeo|Keldeo-Resolute|152\/323
|move|p1a: Gliscor|Acrobatics|p2a: Keludeo
|-supereffective|p2a: Keludeo
|-damage|p2a: Keludeo|0 fnt
|faint|p2a: Keludeo
|
|-heal|p1a: Gliscor|352\/352 tox|[from] ability: Poison Heal
|c|âHJ regicide|GG
|c|âStarLi|gliscor should be named MVP
|c|âStarLi|gg
|c|âHJ regicide|yeah
|c|âStarLi|XD
|
|switch|p2a: SCIZAH|Scizor, M|127\/343
|turn|45
|
|move|p1a: Gliscor|Earthquake|p2a: SCIZAH
|-damage|p2a: SCIZAH|21\/343
|move|p2a: SCIZAH|U-turn|p1a: Gliscor
|-resisted|p1a: Gliscor
|-damage|p1a: Gliscor|298\/352 tox
|
|switch|p2a: ThunDURRus|Thundurus, M|162\/298
|
|-heal|p1a: Gliscor|342\/352 tox|[from] ability: Poison Heal
|turn|46
|
|move|p2a: ThunDURRus|Focus Blast|p1a: Gliscor
|-resisted|p1a: Gliscor
|-damage|p1a: Gliscor|277\/352 tox
|move|p1a: Gliscor|Acrobatics|p2a: ThunDURRus
|-resisted|p2a: ThunDURRus
|-damage|p2a: ThunDURRus|74\/298
|
|-heal|p1a: Gliscor|321\/352 tox|[from] ability: Poison Heal
|turn|47
|c|âStarLi|if only i had hp ice
|c|âStarLi|great
|c|âStarLi|i forgot flying resists fighting......
|c|âStarLi|:'(
|
|move|p2a: ThunDURRus|Focus Blast|p1a: Gliscor
|-resisted|p1a: Gliscor
|-damage|p1a: Gliscor|254\/352 tox
|move|p1a: Gliscor|Acrobatics|p2a: ThunDURRus
|-resisted|p2a: ThunDURRus
|-damage|p2a: ThunDURRus|0 fnt
|faint|p2a: ThunDURRus
|
|-heal|p1a: Gliscor|298\/352 tox|[from] ability: Poison Heal
|
|switch|p2a: SCIZAH|Scizor, M|21\/343
|turn|48
|c|âStarLi|gg
|
|move|p2a: SCIZAH|Bullet Punch|p1a: Gliscor
|-damage|p1a: Gliscor|201\/352 tox
|move|p1a: Gliscor|Acrobatics|p2a: SCIZAH
|-damage|p2a: SCIZAH|0 fnt
|faint|p2a: SCIZAH
|
|win|HJ regicide
|raw|Ladder updating...
|raw|HJ regicide's rating: 1370 &rarr; <strong>1387<\/strong><br \/>(+17 for winning)
|raw|StarLi's rating: 1311 &rarr; <strong>1294<\/strong><br \/>(-17 for losing)
|leave|StarLi