|join|Charfan
|join|hj regicide
|player|p1|Charfan|167
|player|p2|hj regicide|46
|gametype|singles
|gen|6
|tier|OU
|rated
|clearpoke
|poke|p1|Bisharp, F
|poke|p1|Gardevoir, M
|poke|p1|Landorus-Therian, M
|poke|p1|Raikou
|poke|p1|Azumarill, M
|poke|p1|Tangrowth, F
|poke|p2|Mew
|poke|p2|Heracross, F
|poke|p2|Heatran, M
|poke|p2|Hippowdon, F
|poke|p2|Gyarados, F
|poke|p2|Ferrothorn, F
|rule|Swagger Clause: Swagger is banned
|rule|Baton Pass Clause: Limit one PokÃ©mon knowing Baton Pass
|rule|Sleep Clause Mod: Limit one foe put to sleep
|rule|Species Clause: Limit one of each PokÃ©mon
|rule|OHKO Clause: OHKO moves are banned
|rule|Moody Clause: Moody is banned
|rule|Evasion Moves Clause: Evasion moves are banned
|rule|Endless Battle Clause: Forcing endless battles is banned
|rule|HP Percentage Mod: HP is shown in percentages
|teampreview
|
|start
|switch|p1a: Gardevoir|Gardevoir, M|278\/278
|switch|p2a: Heatran|Heatran, M|323\/323
|turn|1
|
|move|p2a: Heatran|Flash Cannon|p1a: Gardevoir
|-supereffective|p1a: Gardevoir
|-damage|p1a: Gardevoir|38\/278
|move|p1a: Gardevoir|Calm Mind|p1a: Gardevoir
|-boost|p1a: Gardevoir|spa|1
|-boost|p1a: Gardevoir|spd|1
|
|turn|2
|
|switch|p1a: Raikou|Raikou|321\/321
|-ability|p1a: Raikou|Pressure
|move|p2a: Heatran|Flash Cannon|p1a: Raikou
|-resisted|p1a: Raikou
|-damage|p1a: Raikou|275\/321
|
|turn|3
|
|switch|p2a: Hippowdon|Hippowdon, F|417\/417
|-weather|Sandstorm
|switch|p1a: Gardevoir|Gardevoir, M|38\/278
|
|-weather|Sandstorm|[upkeep]
|-damage|p1a: Gardevoir|21\/278|[from] sandstorm
|turn|4
|
|detailschange|p1a: Gardevoir|Gardevoir-Mega, M
|message|Gardevoir has Mega Evolved into Mega Gardevoir!
|move|p1a: Gardevoir|Hyper Voice|p2a: Hippowdon
|-damage|p2a: Hippowdon|137\/417
|move|p2a: Hippowdon|Stealth Rock|p1a: Gardevoir
|-sidestart|p1: Charfan|move: Stealth Rock
|
|-weather|Sandstorm|[upkeep]
|-damage|p1a: Gardevoir|4\/278|[from] sandstorm
|-heal|p2a: Hippowdon|163\/417|[from] item: Leftovers
|turn|5
|
|switch|p2a: Ferrothorn|Ferrothorn, F|352\/352
|move|p1a: Gardevoir|Focus Blast|p2a: Ferrothorn|[miss]
|-miss|p1a: Gardevoir|p2a: Ferrothorn
|
|-weather|Sandstorm|[upkeep]
|-damage|p1a: Gardevoir|0 fnt|[from] sandstorm
|faint|p1a: Gardevoir
|
|switch|p1a: Bisharp|Bisharp, F|272\/272
|-damage|p1a: Bisharp|255\/272|[from] Stealth Rock
|turn|6
|
|switch|p2a: Heracross|Heracross, F|310\/310
|move|p1a: Bisharp|Stealth Rock|p2a: Heracross
|-sidestart|p2: hj regicide|move: Stealth Rock
|
|-weather|Sandstorm|[upkeep]
|-damage|p2a: Heracross|291\/310|[from] sandstorm
|turn|7
|
|switch|p1a: Landorus-Therian|Landorus-Therian, M|319\/319
|-damage|p1a: Landorus-Therian|280\/319|[from] Stealth Rock
|-ability|p1a: Landorus-Therian|Intimidate|[of] p2a: Heracross
|-unboost|p2a: Heracross|atk|1
|detailschange|p2a: Heracross|Heracross-Mega, F
|message|Heracross has Mega Evolved into Mega Heracross!
|move|p2a: Heracross|Close Combat|p1a: Landorus-Therian
|-resisted|p1a: Landorus-Therian
|-damage|p1a: Landorus-Therian|179\/319
|-unboost|p2a: Heracross|def|1
|-unboost|p2a: Heracross|spd|1
|
|-weather|none
|turn|8
|
|switch|p2a: Mew|Mew|403\/403
|-damage|p2a: Mew|353\/403|[from] Stealth Rock
|move|p1a: Landorus-Therian|U-turn|p2a: Mew
|-supereffective|p2a: Mew
|-damage|p2a: Mew|179\/403
|
|switch|p1a: Raikou|Raikou|275\/321
|-damage|p1a: Raikou|235\/321|[from] Stealth Rock
|-ability|p1a: Raikou|Pressure
|
|-heal|p2a: Mew|204\/403|[from] item: Leftovers
|turn|9
|
|move|p1a: Raikou|Shadow Ball|p2a: Mew
|-supereffective|p2a: Mew
|-damage|p2a: Mew|78\/403
|move|p2a: Mew|Roost|p2a: Mew
|-heal|p2a: Mew|280\/403
|
|-heal|p2a: Mew|305\/403|[from] item: Leftovers
|turn|10
|
|move|p1a: Raikou|Shadow Ball|p2a: Mew
|-supereffective|p2a: Mew
|-damage|p2a: Mew|173\/403
|move|p2a: Mew|Roost|p2a: Mew
|-heal|p2a: Mew|375\/403
|
|-heal|p2a: Mew|400\/403|[from] item: Leftovers
|turn|11
|
|move|p1a: Raikou|Shadow Ball|p2a: Mew
|-supereffective|p2a: Mew
|-damage|p2a: Mew|274\/403
|move|p2a: Mew|Knock Off|p1a: Raikou
|-damage|p1a: Raikou|134\/321
|-enditem|p1a: Raikou|Assault Vest|[from] move: Knock Off|[of] p2a: Mew
|
|-heal|p2a: Mew|299\/403|[from] item: Leftovers
|turn|12
|
|move|p1a: Raikou|Volt Switch|p2a: Mew
|-damage|p2a: Mew|208\/403
|
|switch|p1a: Bisharp|Bisharp, F|255\/272
|-damage|p1a: Bisharp|238\/272|[from] Stealth Rock
|move|p2a: Mew|Will-O-Wisp|p1a: Bisharp
|-status|p1a: Bisharp|brn
|
|-heal|p2a: Mew|233\/403|[from] item: Leftovers
|-damage|p1a: Bisharp|204\/272 brn|[from] brn
|turn|13
|
|switch|p2a: Hippowdon|Hippowdon, F|163\/417
|-damage|p2a: Hippowdon|137\/417|[from] Stealth Rock
|-weather|Sandstorm
|move|p1a: Bisharp|Knock Off|p2a: Hippowdon
|-damage|p2a: Hippowdon|59\/417
|-enditem|p2a: Hippowdon|Leftovers|[from] move: Knock Off|[of] p1a: Bisharp
|-damage|p1a: Bisharp|177\/272 brn|[from] item: Life Orb
|
|-weather|Sandstorm|[upkeep]
|-damage|p1a: Bisharp|143\/272 brn|[from] brn
|turn|14
|
|move|p1a: Bisharp|Iron Head|p2a: Hippowdon
|-damage|p2a: Hippowdon|0 fnt
|-damage|p1a: Bisharp|116\/272 brn|[from] item: Life Orb
|faint|p2a: Hippowdon
|
|-weather|Sandstorm|[upkeep]
|-damage|p1a: Bisharp|82\/272 brn|[from] brn
|
|switch|p2a: Heracross|Heracross-Mega, F|291\/310
|-damage|p2a: Heracross|253\/310|[from] Stealth Rock
|turn|15
|
|move|p1a: Bisharp|Iron Head|p2a: Heracross
|-damage|p2a: Heracross|163\/310
|-damage|p1a: Bisharp|55\/272 brn|[from] item: Life Orb
|move|p2a: Heracross|Close Combat|p1a: Bisharp
|-supereffective|p1a: Bisharp
|-damage|p1a: Bisharp|0 fnt
|-unboost|p2a: Heracross|def|1
|-unboost|p2a: Heracross|spd|1
|faint|p1a: Bisharp
|
|-weather|Sandstorm|[upkeep]
|-damage|p2a: Heracross|144\/310|[from] sandstorm
|
|switch|p1a: Raikou|Raikou|134\/321
|-damage|p1a: Raikou|94\/321|[from] Stealth Rock
|-ability|p1a: Raikou|Pressure
|turn|16
|
|move|p1a: Raikou|Volt Switch|p2a: Heracross
|-damage|p2a: Heracross|0 fnt
|faint|p2a: Heracross
|
|switch|p1a: Landorus-Therian|Landorus-Therian, M|179\/319
|-damage|p1a: Landorus-Therian|140\/319|[from] Stealth Rock
|
|-weather|Sandstorm|[upkeep]
|
|switch|p2a: Ferrothorn|Ferrothorn, F|352\/352
|-damage|p2a: Ferrothorn|330\/352|[from] Stealth Rock
|turn|17
|
|move|p1a: Landorus-Therian|Explosion|p2a: Ferrothorn
|-resisted|p2a: Ferrothorn
|-damage|p2a: Ferrothorn|230\/352
|faint|p1a: Landorus-Therian
|move|p2a: Ferrothorn|Gyro Ball|p1: Landorus-Therian|[notarget]
|-notarget
|
|-weather|none
|-heal|p2a: Ferrothorn|252\/352|[from] item: Leftovers
|
|switch|p1a: Azumarill|Azumarill, M|404\/404
|-damage|p1a: Azumarill|354\/404|[from] Stealth Rock
|turn|18
|
|move|p1a: Azumarill|Superpower|p2a: Ferrothorn
|-supereffective|p2a: Ferrothorn
|-damage|p2a: Ferrothorn|44\/352
|-damage|p1a: Azumarill|304\/404|[from] ability: Iron Barbs|[of] p2a: Ferrothorn
|-unboost|p1a: Azumarill|atk|1
|-unboost|p1a: Azumarill|def|1
|move|p2a: Ferrothorn|Power Whip|p1a: Azumarill
|-supereffective|p1a: Azumarill
|-damage|p1a: Azumarill|0 fnt
|faint|p1a: Azumarill
|
|-heal|p2a: Ferrothorn|66\/352|[from] item: Leftovers
|
|switch|p1a: Raikou|Raikou|94\/321
|-damage|p1a: Raikou|54\/321|[from] Stealth Rock
|-ability|p1a: Raikou|Pressure
|turn|19
|
|move|p2a: Ferrothorn|Protect|p2a: Ferrothorn
|-singleturn|p2a: Ferrothorn|Protect
|move|p1a: Raikou|Shadow Ball|p2a: Ferrothorn
|-activate|p2a: Ferrothorn|Protect
|
|-heal|p2a: Ferrothorn|88\/352|[from] item: Leftovers
|turn|20
|
|move|p1a: Raikou|Shadow Ball|p2a: Ferrothorn
|-damage|p2a: Ferrothorn|17\/352
|-unboost|p2a: Ferrothorn|spd|1
|move|p2a: Ferrothorn|Gyro Ball|p1a: Raikou
|-resisted|p1a: Raikou
|-damage|p1a: Raikou|0 fnt
|faint|p1a: Raikou
|
|-heal|p2a: Ferrothorn|39\/352|[from] item: Leftovers
|
|switch|p1a: Tangrowth|Tangrowth, F|404\/404
|-damage|p1a: Tangrowth|354\/404|[from] Stealth Rock
|turn|21
|
|switch|p2a: Mew|Mew|233\/403
|-damage|p2a: Mew|183\/403|[from] Stealth Rock
|move|p1a: Tangrowth|Earthquake|p2a: Mew
|-damage|p2a: Mew|104\/403
|
|-heal|p2a: Mew|129\/403|[from] item: Leftovers
|turn|22
|
|move|p2a: Mew|Will-O-Wisp|p1a: Tangrowth
|-status|p1a: Tangrowth|brn
|move|p1a: Tangrowth|Knock Off|p2a: Mew
|-crit|p2a: Mew
|-supereffective|p2a: Mew
|-damage|p2a: Mew|7\/403
|-enditem|p2a: Mew|Leftovers|[from] move: Knock Off|[of] p1a: Tangrowth
|
|-damage|p1a: Tangrowth|304\/404 brn|[from] brn
|turn|23
|-message|Charfan forfeited.
|
|win|hj regicide
|raw|Ladder updating...
|leave|Charfan
|player|p1
|raw|Charfan's rating: 1796 &rarr; <strong>1772<\/strong><br \/>(-24 for losing)
|raw|hj regicide's rating: 1726 &rarr; <strong>1750<\/strong><br \/>(+24 for winning)