|join|HJ regicide
|join|HULLOFRIENDZ
|c|âHULLOFRIENDZ|gl h
|join|Goldenwolf98
|player|p1|HJ regicide|46
|player|p2|HULLOFRIENDZ|102
|gametype|singles
|gen|6
|tier|OU
|clearpoke
|poke|p1|Celebi
|poke|p1|Heatran, M
|poke|p1|Clefable, M
|poke|p1|Gliscor, F
|poke|p1|Lopunny, F
|poke|p1|Latios, M
|poke|p2|Greninja, F
|poke|p2|Gliscor, F
|poke|p2|Beedrill, F
|poke|p2|Chansey, F
|poke|p2|Breloom, F
|poke|p2|Latios, M
|rule|Swagger Clause: Swagger is banned
|rule|Baton Pass Clause: Limit one PokÃ©mon knowing Baton Pass
|rule|Sleep Clause Mod: Limit one foe put to sleep
|rule|Species Clause: Limit one of each PokÃ©mon
|rule|OHKO Clause: OHKO moves are banned
|rule|Moody Clause: Moody is banned
|rule|Evasion Moves Clause: Evasion moves are banned
|rule|Endless Battle Clause: Forcing endless battles is banned
|rule|HP Percentage Mod: HP is shown in percentages
|teampreview
|c|âHULLOFRIENDZ|its my 1st touney so ima lose this
|
|start
|switch|p1a: Celebi|Celebi|404\/404
|switch|p2a: meth|Chansey, F|642\/642
|turn|1
|
|move|p1a: Celebi|Swords Dance|p1a: Celebi
|-boost|p1a: Celebi|atk|2
|move|p2a: meth|Stealth Rock|p1a: Celebi
|-sidestart|p1: HJ regicide|move: Stealth Rock
|
|turn|2
|
|switch|p2a: Lindsy Lohan|Gliscor, F|352\/352
|move|p1a: Celebi|Baton Pass|p1a: Celebi
|
|switch|p1a: Gliscor|Gliscor, F|352\/352
|-damage|p1a: Gliscor|308\/352|[from] Stealth Rock
|
|-status|p2a: Lindsy Lohan|tox|[from] item: Toxic Orb
|-status|p1a: Gliscor|tox|[from] item: Toxic Orb
|turn|3
|
|switch|p2a: fab|Greninja, F|285\/285
|move|p1a: Gliscor|Knock Off|p2a: fab
|-resisted|p2a: fab
|-damage|p2a: fab|179\/285
|-enditem|p2a: fab|Life Orb|[from] move: Knock Off|[of] p1a: Gliscor
|
|-heal|p1a: Gliscor|352\/352 tox|[from] ability: Poison Heal
|turn|4
|
|switch|p1a: Heatran|Heatran, M|386\/386
|-damage|p1a: Heatran|338\/386|[from] Stealth Rock
|move|p2a: fab|Ice Beam|p1a: Heatran
|-start|p2a: fab|typechange|Ice|[from] Protean
|-resisted|p1a: Heatran
|-damage|p1a: Heatran|314\/386
|
|-heal|p1a: Heatran|338\/386|[from] item: Leftovers
|turn|5
|leave|Goldenwolf98
|
|move|p2a: fab|Hydro Pump|p1a: Heatran
|-start|p2a: fab|typechange|Water|[from] Protean
|-supereffective|p1a: Heatran
|-damage|p1a: Heatran|102\/386
|move|p1a: Heatran|Stealth Rock|p2a: fab
|-sidestart|p2: HULLOFRIENDZ|move: Stealth Rock
|
|-heal|p1a: Heatran|126\/386|[from] item: Leftovers
|turn|6
|
|switch|p1a: Latios|Latios, M|301\/301
|-damage|p1a: Latios|264\/301|[from] Stealth Rock
|move|p2a: fab|Dark Pulse|p1a: Latios
|-start|p2a: fab|typechange|Dark|[from] Protean
|-supereffective|p1a: Latios
|-damage|p1a: Latios|28\/301
|
|turn|7
|
|move|p1a: Latios|Draco Meteor|p2a: fab
|-damage|p2a: fab|0 fnt
|-unboost|p1a: Latios|spa|2
|faint|p2a: fab
|
|c|âHJ regicide|Lol hell yeah scarf latios
|
|switch|p2a: meth|Chansey, F|642\/642
|-damage|p2a: meth|562\/642|[from] Stealth Rock
|turn|8
|c|âHULLOFRIENDZ|lolol
|
|move|p1a: Latios|Draco Meteor|p2a: meth
|-damage|p2a: meth|504\/642
|-unboost|p1a: Latios|spa|2
|move|p2a: meth|Seismic Toss|p1a: Latios
|-damage|p1a: Latios|0 fnt
|faint|p1a: Latios
|
|c|âHJ regicide|Gg
|c|âHULLOFRIENDZ|ayee sd chansey
|c|âHULLOFRIENDZ|nah not yet
|
|switch|p1a: Celebi|Celebi|404\/404
|-damage|p1a: Celebi|354\/404|[from] Stealth Rock
|turn|9
|c|âHJ regicide|Wrong battle mybad
|
|move|p1a: Celebi|Swords Dance|p1a: Celebi
|-boost|p1a: Celebi|atk|2
|move|p2a: meth|Soft-Boiled|p2a: meth
|-heal|p2a: meth|642\/642
|
|-heal|p1a: Celebi|379\/404|[from] item: Leftovers
|turn|10
|
|switch|p2a: ima sting ya ass|Beedrill, F|271\/271
|-damage|p2a: ima sting ya ass|204\/271|[from] Stealth Rock
|move|p1a: Celebi|Baton Pass|p1a: Celebi
|
|switch|p1a: Gliscor|Gliscor, F|352\/352 tox
|-damage|p1a: Gliscor|308\/352 tox|[from] Stealth Rock
|
|-heal|p1a: Gliscor|352\/352 tox|[from] ability: Poison Heal
|turn|11
|join|astro6666666
|
|detailschange|p2a: ima sting ya ass|Beedrill-Mega, F
|-mega|p2a: ima sting ya ass|Beedrill|Beedrillite
|move|p2a: ima sting ya ass|U-turn|p1a: Gliscor
|-resisted|p1a: Gliscor
|-damage|p1a: Gliscor|273\/352 tox
|
|switch|p2a: speed|Latios, M|301\/301
|-damage|p2a: speed|264\/301|[from] Stealth Rock
|move|p1a: Gliscor|Acrobatics|p2a: speed
|-damage|p2a: speed|117\/301
|
|-heal|p1a: Gliscor|317\/352 tox|[from] ability: Poison Heal
|turn|12
|
|move|p2a: speed|Draco Meteor|p1a: Gliscor
|-damage|p1a: Gliscor|119\/352 tox
|-unboost|p2a: speed|spa|2
|move|p1a: Gliscor|Roost|p1a: Gliscor
|-heal|p1a: Gliscor|295\/352 tox
|
|-heal|p1a: Gliscor|339\/352 tox|[from] ability: Poison Heal
|turn|13
|
|move|p2a: speed|Draco Meteor|p1a: Gliscor
|-damage|p1a: Gliscor|231\/352 tox
|-unboost|p2a: speed|spa|2
|move|p1a: Gliscor|Knock Off|p2a: speed
|-supereffective|p2a: speed
|-damage|p2a: speed|0 fnt
|-enditem|p2a: speed|Choice Scarf|[from] move: Knock Off|[of] p1a: Gliscor
|faint|p2a: speed
|
|-heal|p1a: Gliscor|275\/352 tox|[from] ability: Poison Heal
|
|switch|p2a: shroomz|Breloom, F|324\/324
|-damage|p2a: shroomz|304\/324|[from] Stealth Rock
|turn|14
|c|âHJ regicide|Hell yeah sd pass celebi innovation
|c|âHULLOFRIENDZ|oops
|c|âHJ regicide|Misclick?
|
|move|p1a: Gliscor|Acrobatics|p2a: shroomz
|-supereffective|p2a: shroomz
|-damage|p2a: shroomz|0 fnt
|faint|p2a: shroomz
|
|-heal|p1a: Gliscor|319\/352 tox|[from] ability: Poison Heal
|c|âHULLOFRIENDZ|yup
|c|âHJ regicide|sorry
|c|âHULLOFRIENDZ|gg its cool
|c|âHULLOFRIENDZ|my 1st touney
|c|âHJ regicide|i see
|
|switch|p2a: Lindsy Lohan|Gliscor, F|352\/352 tox
|-damage|p2a: Lindsy Lohan|308\/352 tox|[from] Stealth Rock
|turn|15
|c|âHULLOFRIENDZ|LOL
|c|âHULLOFRIENDZ|he cant do anything to you
|c|âHULLOFRIENDZ|only has eq lmao
|
|switch|p2a: ima sting ya ass|Beedrill-Mega, F|204\/271
|-damage|p2a: ima sting ya ass|137\/271|[from] Stealth Rock
|move|p1a: Gliscor|Acrobatics|p2a: ima sting ya ass
|-supereffective|p2a: ima sting ya ass
|-damage|p2a: ima sting ya ass|0 fnt
|faint|p2a: ima sting ya ass
|
|-heal|p1a: Gliscor|352\/352 tox|[from] ability: Poison Heal
|c|âHULLOFRIENDZ|gg wp
|c|âHULLOFRIENDZ|i
|leave|HULLOFRIENDZ
|c|âHJ regicide|gg
|player|p2
|leave|astro6666666
|-message|Player 2 lost due to inactivity.
|
|win|HJ regicide