|join|LuantheLawnmower
|join|hj regicide
|player|p1|LuantheLawnmower|59
|player|p2|hj regicide|46
|gametype|singles
|gen|6
|tier|OU
|rated
|clearpoke
|poke|p1|Skarmory, M, shiny
|poke|p1|Bisharp, M, shiny
|poke|p1|Gengar, F
|poke|p1|Landorus, M
|poke|p1|Charizard, F
|poke|p1|Azumarill, M, shiny
|poke|p2|Latios, M
|poke|p2|Chesnaught, M
|poke|p2|Hippowdon, F
|poke|p2|Rotom-Wash
|poke|p2|Clefable, F
|poke|p2|Scizor, F
|rule|Swagger Clause: Swagger is banned
|rule|Baton Pass Clause: Limit one PokÃ©mon knowing Baton Pass
|rule|Sleep Clause Mod: Limit one foe put to sleep
|rule|Species Clause: Limit one of each PokÃ©mon
|rule|OHKO Clause: OHKO moves are banned
|rule|Moody Clause: Moody is banned
|rule|Evasion Moves Clause: Evasion moves are banned
|rule|Endless Battle Clause: Forcing endless battles is banned
|rule|HP Percentage Mod: HP is shown in percentages
|teampreview
|
|start
|switch|p1a: Skarmory|Skarmory, M, shiny|334\/334
|switch|p2a: Latios|Latios, M|302\/302
|turn|1
|
|move|p2a: Latios|Psyshock|p1a: Skarmory
|-resisted|p1a: Skarmory
|-damage|p1a: Skarmory|266\/334
|-damage|p2a: Latios|272\/302|[from] item: Life Orb
|move|p1a: Skarmory|Stealth Rock|p2a: Latios
|-sidestart|p2: hj regicide|move: Stealth Rock
|
|turn|2
|
|move|p2a: Latios|Defog|p1a: Skarmory
|-unboost|p1a: Skarmory|evasion|1
|-sideend|p2: hj regicide|Stealth Rock|[from] move: Defog|[of] p2a: Latios
|move|p1a: Skarmory|Taunt|p2a: Latios
|-start|p2a: Latios|move: Taunt
|
|turn|3
|
|switch|p2a: Rotom-Wash|Rotom-Wash|304\/304
|move|p1a: Skarmory|Stealth Rock|p2a: Rotom-Wash
|-sidestart|p2: hj regicide|move: Stealth Rock
|
|turn|4
|
|move|p1a: Skarmory|Spikes|p2a: Rotom-Wash
|-sidestart|p2: hj regicide|Spikes
|move|p2a: Rotom-Wash|Hydro Pump|p1a: Skarmory
|-damage|p1a: Skarmory|92\/334
|
|turn|5
|
|switch|p2a: Latios|Latios, M|272\/302
|-damage|p2a: Latios|235\/302|[from] Stealth Rock
|move|p1a: Skarmory|Spikes|p2a: Latios
|-sidestart|p2: hj regicide|Spikes
|
|turn|6
|
|move|p2a: Latios|Defog|p1a: Skarmory
|-unboost|p1a: Skarmory|evasion|1
|-sideend|p2: hj regicide|Spikes|[from] move: Defog|[of] p2a: Latios
|-sideend|p2: hj regicide|Stealth Rock|[from] move: Defog|[of] p2a: Latios
|move|p1a: Skarmory|Stealth Rock|p2a: Latios
|-sidestart|p2: hj regicide|move: Stealth Rock
|
|turn|7
|
|move|p2a: Latios|Draco Meteor|p1a: Skarmory
|-resisted|p1a: Skarmory
|-damage|p1a: Skarmory|0 fnt
|-unboost|p2a: Latios|spa|2
|-damage|p2a: Latios|205\/302|[from] item: Life Orb
|faint|p1a: Skarmory
|
|
|switch|p1a: Bisharp|Bisharp, M, shiny|271\/271
|turn|8
|
|move|p2a: Latios|Defog|p1a: Bisharp
|-unboost|p1a: Bisharp|evasion|1
|-boost|p1a: Bisharp|atk|2|[from] ability: Defiant
|-sideend|p2: hj regicide|Stealth Rock|[from] move: Defog|[of] p2a: Latios
|move|p1a: Bisharp|Knock Off|p2a: Latios
|-supereffective|p2a: Latios
|-damage|p2a: Latios|0 fnt
|-enditem|p2a: Latios|Life Orb|[from] move: Knock Off|[of] p1a: Bisharp
|-damage|p1a: Bisharp|244\/271|[from] item: Life Orb
|faint|p2a: Latios
|
|
|switch|p2a: Chesnaught|Chesnaught, M|380\/380
|turn|9
|
|move|p1a: Bisharp|Iron Head|p2a: Chesnaught
|-damage|p2a: Chesnaught|115\/380
|-damage|p1a: Bisharp|217\/271|[from] item: Life Orb
|cant|p2a: Chesnaught|flinch
|
|-heal|p2a: Chesnaught|138\/380|[from] item: Leftovers
|turn|10
|
|move|p2a: Chesnaught|Spiky Shield|p2a: Chesnaught
|-singleturn|p2a: Chesnaught|move: Protect
|move|p1a: Bisharp|Iron Head|p2a: Chesnaught
|-activate|p2a: Chesnaught|move: Protect
|-damage|p1a: Bisharp|184\/271|[from] Spiky Shield|[of] p2a: Chesnaught
|
|-heal|p2a: Chesnaught|161\/380|[from] item: Leftovers
|turn|11
|
|move|p1a: Bisharp|Iron Head|p2a: Chesnaught
|-damage|p2a: Chesnaught|0 fnt
|-damage|p1a: Bisharp|157\/271|[from] item: Life Orb
|faint|p2a: Chesnaught
|
|
|switch|p2a: Scizor|Scizor, F|291\/291
|turn|12
|
|detailschange|p2a: Scizor|Scizor-Mega, F
|message|Scizor has Mega Evolved into Mega Scizor!
|move|p1a: Bisharp|Knock Off|p2a: Scizor
|-damage|p2a: Scizor|36\/291
|-damage|p1a: Bisharp|130\/271|[from] item: Life Orb
|move|p2a: Scizor|Bug Bite|p1a: Bisharp
|-damage|p1a: Bisharp|0 fnt
|faint|p1a: Bisharp
|
|
|switch|p1a: Charizard|Charizard, F|297\/297
|turn|13
|
|switch|p2a: Hippowdon|Hippowdon, F|420\/420
|-weather|Sandstorm
|detailschange|p1a: Charizard|Charizard-Mega-X, F
|message|Charizard has Mega Evolved into Mega Charizard!
|move|p1a: Charizard|Dragon Dance|p1a: Charizard
|-boost|p1a: Charizard|atk|1
|-boost|p1a: Charizard|spe|1
|
|-weather|Sandstorm|[upkeep]
|-damage|p1a: Charizard|279\/297|[from] sandstorm
|turn|14
|
|move|p1a: Charizard|Flare Blitz|p2a: Hippowdon
|-damage|p2a: Hippowdon|66\/420
|-damage|p1a: Charizard|162\/297|[from] recoil|[of] p2a: Hippowdon
|move|p2a: Hippowdon|Earthquake|p1a: Charizard
|-supereffective|p1a: Charizard
|-damage|p1a: Charizard|0 fnt
|faint|p1a: Charizard
|
|-weather|Sandstorm|[upkeep]
|-heal|p2a: Hippowdon|92\/420|[from] item: Leftovers
|
|switch|p1a: Landorus|Landorus, M|319\/319
|turn|15
|
|move|p1a: Landorus|Psychic|p2a: Hippowdon
|-damage|p2a: Hippowdon|0 fnt
|faint|p2a: Hippowdon
|
|-weather|Sandstorm|[upkeep]
|
|switch|p2a: Clefable|Clefable, F|394\/394
|turn|16
|
|switch|p1a: Gengar|Gengar, F|261\/261
|move|p2a: Clefable|Calm Mind|p2a: Clefable
|-boost|p2a: Clefable|spa|1
|-boost|p2a: Clefable|spd|1
|
|-weather|Sandstorm|[upkeep]
|-damage|p1a: Gengar|245\/261|[from] sandstorm
|turn|17
|
|move|p1a: Gengar|Taunt|p2a: Clefable
|-start|p2a: Clefable|move: Taunt
|move|p2a: Clefable|Flamethrower|p1a: Gengar
|-damage|p1a: Gengar|106\/261
|
|-weather|none
|turn|18
|
|switch|p2a: Scizor|Scizor-Mega, F|36\/291
|move|p1a: Gengar|Sludge Wave|p2a: Scizor
|-immune|p2a: Scizor|[msg]
|
|turn|19
|
|switch|p1a: Azumarill|Azumarill, M, shiny|364\/364
|move|p2a: Scizor|Bullet Punch|p1a: Azumarill
|-damage|p1a: Azumarill|198\/364
|
|turn|20
|
|move|p2a: Scizor|Bullet Punch|p1a: Azumarill
|-damage|p1a: Azumarill|39\/364
|move|p1a: Azumarill|Aqua Jet|p2a: Scizor
|-damage|p2a: Scizor|0 fnt
|faint|p2a: Scizor
|
|
|switch|p2a: Clefable|Clefable, F|394\/394
|turn|21
|
|switch|p1a: Gengar|Gengar, F|106\/261
|move|p2a: Clefable|Calm Mind|p2a: Clefable
|-boost|p2a: Clefable|spa|1
|-boost|p2a: Clefable|spd|1
|
|turn|22
|
|move|p1a: Gengar|Sludge Wave|p2a: Clefable
|-supereffective|p2a: Clefable
|-damage|p2a: Clefable|129\/394
|-damage|p1a: Gengar|80\/261|[from] item: Life Orb
|move|p2a: Clefable|Flamethrower|p1a: Gengar
|-damage|p1a: Gengar|0 fnt
|faint|p1a: Gengar
|
|-heal|p2a: Clefable|153\/394|[from] item: Leftovers
|
|switch|p1a: Azumarill|Azumarill, M, shiny|39\/364
|turn|23
|
|move|p1a: Azumarill|Play Rough|p2a: Clefable
|-damage|p2a: Clefable|0 fnt
|faint|p2a: Clefable
|
|
|switch|p2a: Rotom-Wash|Rotom-Wash|304\/304
|turn|24
|
|move|p2a: Rotom-Wash|Hydro Pump|p1a: Azumarill
|-resisted|p1a: Azumarill
|-damage|p1a: Azumarill|0 fnt
|faint|p1a: Azumarill
|
|
|switch|p1a: Landorus|Landorus, M|319\/319
|turn|25
|
|move|p1a: Landorus|Psychic|p2a: Rotom-Wash
|-damage|p2a: Rotom-Wash|152\/304
|move|p2a: Rotom-Wash|Hydro Pump|p1a: Landorus
|-supereffective|p1a: Landorus
|-damage|p1a: Landorus|0 fnt
|faint|p1a: Landorus
|
|win|hj regicide
|raw|Ladder updating...
|raw|LuantheLawnmower's rating: 1603 &rarr; <strong>1585<\/strong><br \/>(-18 for losing)
|raw|hj regicide's rating: 1649 &rarr; <strong>1667<\/strong><br \/>(+18 for winning)
|leave|LuantheLawnmower
|player|p1