|join|MoB Barley
|join|HJ regicide
|join|IAmGingy
|join|Albacore
|join|The Fog
|join|Det Wreamz
|join|Nega-DKR
|join|Too much swog
|join|AnusFetus
|player|p1|MoB Barley|161
|player|p2|HJ regicide|46
|gametype|singles
|gen|6
|tier|OU
|clearpoke
|poke|p1|Suicune, shiny
|poke|p1|Weavile, M, shiny
|poke|p1|Heatran, F, shiny
|poke|p1|Altaria, M
|poke|p1|Landorus-Therian, M, shiny
|poke|p1|Latios, M
|poke|p2|Celebi
|poke|p2|Heatran, F
|poke|p2|Clefable, M
|poke|p2|Gliscor, M
|poke|p2|Lopunny, F
|poke|p2|Latios, M
|rule|Swagger Clause: Swagger is banned
|rule|Baton Pass Clause: Limit one PokÃ©mon knowing Baton Pass
|rule|Sleep Clause Mod: Limit one foe put to sleep
|rule|Species Clause: Limit one of each PokÃ©mon
|rule|OHKO Clause: OHKO moves are banned
|rule|Moody Clause: Moody is banned
|rule|Evasion Moves Clause: Evasion moves are banned
|rule|Endless Battle Clause: Forcing endless battles is banned
|rule|HP Percentage Mod: HP is shown in percentages
|teampreview
|c|âMoB Barley|gl
|join|WORSTshowdownplaya
|c|âHJ regicide|U too
|join|CSS)bleachzxzx
|join|TootToot McBumber
|join|I Iike Squirtles
|
|start
|switch|p1a: Landorus-Therian|Landorus-Therian, M, shiny|319\/319
|switch|p2a: Lopunny|Lopunny, F|272\/272
|-ability|p1a: Landorus-Therian|Intimidate|[of] p2a: Lopunny
|-unboost|p2a: Lopunny|atk|1
|turn|1
|
|detailschange|p2a: Lopunny|Lopunny-Mega, F
|-mega|p2a: Lopunny|Lopunny|Lopunnite
|move|p2a: Lopunny|Fake Out|p1a: Landorus-Therian
|-damage|p1a: Landorus-Therian|264\/319
|cant|p1a: Landorus-Therian|flinch
|
|turn|2
|leave|Albacore
|join|Hallovv
|
|switch|p2a: Gliscor|Gliscor, M|352\/352
|move|p1a: Landorus-Therian|U-turn|p2a: Gliscor
|-resisted|p2a: Gliscor
|-damage|p2a: Gliscor|314\/352
|c|âMoB Barley|i wanted to knock so bad, but thats just being reckless
|join|Liem A
|
|switch|p1a: Weavile|Weavile, M, shiny|281\/281
|
|-status|p2a: Gliscor|tox|[from] item: Toxic Orb
|turn|3
|c|âHJ regicide|Yeah  I lamost styed in
|join|Gizmo
|
|switch|p2a: Clefable|Clefable, M|393\/393
|move|p1a: Weavile|Knock Off|p2a: Clefable
|-resisted|p2a: Clefable
|-damage|p2a: Clefable|284\/393
|-enditem|p2a: Clefable|Leftovers|[from] move: Knock Off|[of] p1a: Weavile
|-damage|p1a: Weavile|253\/281|[from] item: Life Orb
|
|turn|4
|join|TheObsessed
|
|switch|p1a: Heatran|Heatran, F, shiny|386\/386
|move|p2a: Clefable|Soft-Boiled|p2a: Clefable
|-heal|p2a: Clefable|393\/393
|
|turn|5
|c| Nega-DKR|I've always prefered SD Weavile myself
|
|switch|p2a: Heatran|Heatran, F|386\/386
|move|p1a: Heatran|Stealth Rock|p2a: Heatran
|-sidestart|p2: HJ regicide|move: Stealth Rock
|
|turn|6
|join|TheJFrenzy1
|
|move|p1a: Heatran|Taunt|p2a: Heatran
|-start|p2a: Heatran|move: Taunt
|cant|p2a: Heatran|move: Taunt|Stealth Rock
|
|turn|7
|c|âHJ regicide|Damn I run speed
|c|âMoB Barley|seeing a lot of celebis today
|c|âMoB Barley|whats going on
|
|switch|p1a: Suicune|Suicune, shiny|404\/404
|-ability|p1a: Suicune|Pressure
|switch|p2a: Gliscor|Gliscor, M|314\/352 tox
|-damage|p2a: Gliscor|270\/352 tox|[from] Stealth Rock
|
|-heal|p2a: Gliscor|314\/352 tox|[from] ability: Poison Heal
|turn|8
|c| Nega-DKR|Celebi is the new vogue
|
|switch|p2a: Celebi|Celebi|404\/404
|-damage|p2a: Celebi|354\/404|[from] Stealth Rock
|move|p1a: Suicune|Scald|p2a: Celebi
|-resisted|p2a: Celebi
|-damage|p2a: Celebi|309\/404
|-status|p2a: Celebi|brn
|
|-heal|p2a: Celebi|334\/404 brn|[from] item: Leftovers
|-damage|p2a: Celebi|284\/404 brn|[from] brn
|turn|9
|join|ZNain
|c| I Iike Squirtles|I would say manaphy is
|join|Albacore
|
|switch|p1a: Altaria|Altaria, M|353\/353
|move|p2a: Celebi|Baton Pass|p2a: Celebi
|c| Nega-DKR|All the little 600 BST legends have been getting alot of usage lately
|
|switch|p2a: Clefable|Clefable, M|393\/393
|
|turn|10
|c| Nega-DKR|Except Melo
|c|âMoB Barley|except mew
|c| Nega-DKR|Because Melo sucks
|c|âMoB Barley|bc sable has ruined it
|
|switch|p1a: Heatran|Heatran, F, shiny|386\/386
|switch|p2a: Latios|Latios, M|301\/301
|-damage|p2a: Latios|264\/301|[from] Stealth Rock
|
|turn|11
|
|switch|p1a: Altaria|Altaria, M|353\/353
|move|p2a: Latios|Trick|p1a: Altaria
|-fail|p1a: Altaria
|
|turn|12
|c| Too much swog|plays
|c|âHJ regicide|The plays
|c| Liem A|wow
|
|switch|p2a: Clefable|Clefable, M|393\/393
|detailschange|p1a: Altaria|Altaria-Mega, M
|-mega|p1a: Altaria|Altaria|Altarianite
|move|p1a: Altaria|Return|p2a: Clefable
|-damage|p2a: Clefable|213\/393
|
|turn|13
|join|Alldaalts
|c| Nega-DKR|Mobert being as tricky as always
|c| Gizmo|mobert barlington?
|c| Too much swog|mob's not playing any games
|c| Too much swog|is that shiny alt?
|c| Gizmo|n
|c| Gizmo|shiny alt is gold
|c|âHJ regicide|Almost draco'd tbh
|join|666 EDGES
|c| Too much swog|oh it looks shiny from the back
|c|âMoB Barley|on my stall he's golen
|c|âMoB Barley|golden
|c| Gizmo|why do you identify altaria
|c| Gizmo|as a male
|
|switch|p1a: Heatran|Heatran, F, shiny|386\/386
|move|p2a: Clefable|Soft-Boiled|p2a: Clefable
|-heal|p2a: Clefable|393\/393
|
|turn|14
|join|The DragonKnight
|leave|Hallovv
|leave|The DragonKnight
|
|switch|p1a: Weavile|Weavile, M, shiny|253\/281
|switch|p2a: Gliscor|Gliscor, M|314\/352 tox
|-damage|p2a: Gliscor|270\/352 tox|[from] Stealth Rock
|
|-heal|p2a: Gliscor|314\/352 tox|[from] ability: Poison Heal
|turn|15
|
|switch|p2a: Clefable|Clefable, M|393\/393
|move|p1a: Weavile|Ice Punch|p2a: Clefable
|-damage|p2a: Clefable|220\/393
|-status|p2a: Clefable|frz
|-damage|p1a: Weavile|225\/281|[from] item: Life Orb
|
|turn|16
|c|âMoB Barley|sorry
|leave|TootToot McBumber
|c|âHJ regicide|Welp
|
|switch|p2a: Heatran|Heatran, F|386\/386
|-damage|p2a: Heatran|338\/386|[from] Stealth Rock
|move|p1a: Weavile|Ice Punch|p2a: Heatran
|-resisted|p2a: Heatran
|-damage|p2a: Heatran|299\/386
|-damage|p1a: Weavile|197\/281|[from] item: Life Orb
|
|-heal|p2a: Heatran|323\/386|[from] item: Leftovers
|turn|17
|c| TheJFrenzy1|y not Icicle Crash MoB?
|c| Too much swog|my clefable always gets frozen as well
|c|âMoB Barley|im not a fan
|c|âMoB Barley|prefer 100% accuracy
|c|âHJ regicide|!dt icicle crash
|c|~|\/data-move Icicle Crash
|raw|<font size="1"><font color=#585858>Priority:<\/font> 0&nbsp;|&ThickSpace;<font color=#585858><font color=black>&#10003; Secondary effect<\/font><\/font>&nbsp;|&ThickSpace;<font color=#585858><font color=black>&#10003; Blocked by Protect<\/font><\/font>&nbsp;|&ThickSpace;<font color=#585858>Target:<\/font> One Adjacent Pokemon<\/font>
|c| TheJFrenzy1|+10 power and +20% chance to freeze tho
|c|âHJ regicide|it can't freeze :)
|c|âMoB Barley|not 20% freeze
|c| TheJFrenzy1|o flinch
|c| TheJFrenzy1|pfft
|c| Gizmo|did it just get icicle crash?
|c|âHJ regicide|yeah
|c| TheJFrenzy1|it's had Crash since 5th gen hasn't it
|
|switch|p1a: Suicune|Suicune, shiny|404\/404
|-ability|p1a: Suicune|Pressure
|move|p2a: Heatran|Stealth Rock|p1a: Suicune
|-sidestart|p1: MoB Barley|move: Stealth Rock
|
|-heal|p2a: Heatran|347\/386|[from] item: Leftovers
|turn|18
|
|switch|p1a: Landorus-Therian|Landorus-Therian, M, shiny|264\/319
|-damage|p1a: Landorus-Therian|225\/319|[from] Stealth Rock
|-ability|p1a: Landorus-Therian|Intimidate|[of] p2a: Heatran
|-unboost|p2a: Heatran|atk|1
|switch|p2a: Celebi|Celebi|284\/404
|-damage|p2a: Celebi|234\/404|[from] Stealth Rock
|
|-heal|p2a: Celebi|259\/404|[from] item: Leftovers
|turn|19
|
|switch|p2a: Clefable|Clefable, M|220\/393 frz
|move|p1a: Landorus-Therian|U-turn|p2a: Clefable
|-resisted|p2a: Clefable
|-damage|p2a: Clefable|173\/393 frz
|
|switch|p1a: Altaria|Altaria-Mega, M|353\/353
|-damage|p1a: Altaria|309\/353|[from] Stealth Rock
|
|turn|20
|c| Liem A|regicide getting played
|join|Bluwing
|c|âHJ regicide|I need to make some crazy plays
|leave|Bluwing
|
|switch|p2a: Heatran|Heatran, F|347\/386
|-damage|p2a: Heatran|299\/386|[from] Stealth Rock
|move|p1a: Altaria|Dragon Dance|p1a: Altaria
|-boost|p1a: Altaria|atk|1
|-boost|p1a: Altaria|spe|1
|
|-heal|p2a: Heatran|323\/386|[from] item: Leftovers
|turn|21
|join|crawdauntite
|
|switch|p2a: Latios|Latios, M|264\/301
|-damage|p2a: Latios|227\/301|[from] Stealth Rock
|move|p1a: Altaria|Earthquake|p2a: Latios
|-immune|p2a: Latios|[msg]
|
|turn|22
|
|move|p2a: Latios|Psyshock|p1a: Altaria
|-damage|p1a: Altaria|207\/353
|move|p1a: Altaria|Dragon Dance|p1a: Altaria
|-boost|p1a: Altaria|atk|1
|-boost|p1a: Altaria|spe|1
|
|turn|23
|c|+Albacore|yeah gg lol
|
|move|p2a: Latios|Psyshock|p1a: Altaria
|-damage|p1a: Altaria|107\/353
|move|p1a: Altaria|Roost|p1a: Altaria
|-heal|p1a: Altaria|284\/353
|
|turn|24
|c|+Albacore|malt wrecks all
|c|âHJ regicide|GG
|join|Bluwing
|
|move|p2a: Latios|Psyshock|p1a: Altaria
|-damage|p1a: Altaria|173\/353
|move|p1a: Altaria|Dragon Dance|p1a: Altaria
|-boost|p1a: Altaria|atk|1
|-boost|p1a: Altaria|spe|1
|
|turn|25
|c| TheJFrenzy1|wow lati is still faster? how little speed are you running?
|c| Liem A|dont getgreedy
|c|âMoB Barley|im a bulky DD set
|c|+Albacore|he's running bulky DD
|c|âMoB Barley|aka
|
|switch|p2a: Lopunny|Lopunny-Mega, F|272\/272
|-damage|p2a: Lopunny|255\/272|[from] Stealth Rock
|move|p1a: Altaria|Roost|p1a: Altaria
|-heal|p1a: Altaria|350\/353
|
|turn|26
|join|nhlfan
|c| Too much swog|for psyshock to do only 30 he has a lot of bulk
|c|âMoB Barley|the best alt aria set
|
|move|p2a: Lopunny|Fake Out|p1a: Altaria
|-damage|p1a: Altaria|298\/353
|cant|p1a: Altaria|flinch
|
|turn|27
|
|move|p1a: Altaria|Return|p2a: Lopunny
|-crit|p2a: Lopunny
|-supereffective|p2a: Lopunny
|-damage|p2a: Lopunny|0 fnt
|faint|p2a: Lopunny
|
|c|âHJ regicide|GG
|c|âMoB Barley|sorry for the freeze
|c| Too much swog|how about facade sinec ur not running sub
|-message|HJ regicide forfeited.
|
|win|MoB Barley
|c| Too much swog|but gg
|leave|MoB Barley
|player|p1
|leave|Albacore
|leave|Bluwing
|leave|TheJFrenzy1
|leave|Too much swog