|join|ImSNT
|join|hj regicide
|player|p1|ImSNT|217
|player|p2|hj regicide|46
|gametype|singles
|gen|6
|tier|OU
|rated
|clearpoke
|poke|p1|Crawdaunt, M
|poke|p1|Garchomp, F
|poke|p1|Landorus-Therian, M
|poke|p1|Azumarill, M
|poke|p1|Gengar, M
|poke|p1|Manectric, F
|poke|p2|Latios, M
|poke|p2|Chesnaught, F
|poke|p2|Hippowdon, M
|poke|p2|Rotom-Wash
|poke|p2|Clefable, F
|poke|p2|Scizor, M
|rule|Swagger Clause: Swagger is banned
|rule|Baton Pass Clause: Limit one PokÃ©mon knowing Baton Pass
|rule|Sleep Clause Mod: Limit one foe put to sleep
|rule|Species Clause: Limit one of each PokÃ©mon
|rule|OHKO Clause: OHKO moves are banned
|rule|Moody Clause: Moody is banned
|rule|Evasion Moves Clause: Evasion moves are banned
|rule|Endless Battle Clause: Forcing endless battles is banned
|rule|HP Percentage Mod: HP is shown in percentages
|teampreview
|
|start
|switch|p1a: Manectric|Manectric, F|281\/281
|switch|p2a: Latios|Latios, M|302\/302
|turn|1
|
|switch|p1a: Azumarill|Azumarill, M|399\/399
|move|p2a: Latios|Psyshock|p1a: Azumarill
|-damage|p1a: Azumarill|160\/399
|-damage|p2a: Latios|272\/302|[from] item: Life Orb
|
|turn|2
|
|switch|p1a: Landorus-Therian|Landorus-Therian, M|319\/319
|-ability|p1a: Landorus-Therian|Intimidate|[of] p2a: Latios
|-unboost|p2a: Latios|atk|1
|move|p2a: Latios|Draco Meteor|p1a: Landorus-Therian
|-damage|p1a: Landorus-Therian|0 fnt
|-unboost|p2a: Latios|spa|2
|-damage|p2a: Latios|242\/302|[from] item: Life Orb
|faint|p1a: Landorus-Therian
|
|
|switch|p1a: Azumarill|Azumarill, M|160\/399
|turn|3
|
|switch|p2a: Rotom-Wash|Rotom-Wash|304\/304
|switch|p1a: Garchomp|Garchomp, F|358\/358
|
|turn|4
|
|move|p1a: Garchomp|Swords Dance|p1a: Garchomp
|-boost|p1a: Garchomp|atk|2
|move|p2a: Rotom-Wash|Hydro Pump|p1a: Garchomp|[miss]
|-miss|p2a: Rotom-Wash|p1a: Garchomp
|
|turn|5
|
|move|p1a: Garchomp|Dragon Claw|p2a: Rotom-Wash
|-damage|p2a: Rotom-Wash|97\/304
|move|p2a: Rotom-Wash|Hydro Pump|p1a: Garchomp|[miss]
|-miss|p2a: Rotom-Wash|p1a: Garchomp
|
|-heal|p2a: Rotom-Wash|116\/304|[from] item: Leftovers
|turn|6
|
|move|p1a: Garchomp|Dragon Claw|p2a: Rotom-Wash
|-damage|p2a: Rotom-Wash|0 fnt
|faint|p2a: Rotom-Wash
|
|
|switch|p2a: Latios|Latios, M|242\/302
|turn|7
|
|switch|p1a: Azumarill|Azumarill, M|160\/399
|move|p2a: Latios|Draco Meteor|p1a: Azumarill
|-immune|p1a: Azumarill|[msg]
|
|turn|8
|
|move|p1a: Azumarill|Aqua Jet|p2a: Latios
|-crit|p2a: Latios
|-resisted|p2a: Latios
|-damage|p2a: Latios|161\/302
|move|p2a: Latios|Psyshock|p1a: Azumarill
|-damage|p1a: Azumarill|0 fnt
|-damage|p2a: Latios|131\/302|[from] item: Life Orb
|faint|p1a: Azumarill
|
|
|switch|p1a: Gengar|Gengar, M|262\/262
|turn|9
|
|move|p1a: Gengar|Sludge Wave|p2a: Latios
|-damage|p2a: Latios|0 fnt
|-damage|p1a: Gengar|236\/262|[from] item: Life Orb
|faint|p2a: Latios
|
|
|switch|p2a: Scizor|Scizor, M|291\/291
|turn|10
|
|switch|p1a: Garchomp|Garchomp, F|358\/358
|detailschange|p2a: Scizor|Scizor-Mega, M
|message|Scizor has Mega Evolved into Mega Scizor!
|move|p2a: Scizor|Bug Bite|p1a: Garchomp
|-damage|p1a: Garchomp|154\/358
|-damage|p2a: Scizor|255\/291|[from] ability: Rough Skin|[of] p1a: Garchomp
|-enditem|p1a: Garchomp|Lum Berry|[from] stealeat|[move] Bug Bite|[of] p2a: Scizor
|
|turn|11
|
|move|p1a: Garchomp|Earthquake|p2a: Scizor
|-damage|p2a: Scizor|131\/291
|move|p2a: Scizor|Swords Dance|p2a: Scizor
|-boost|p2a: Scizor|atk|2
|
|turn|12
|
|move|p2a: Scizor|Bullet Punch|p1a: Garchomp
|-crit|p1a: Garchomp
|-damage|p1a: Garchomp|0 fnt
|-damage|p2a: Scizor|95\/291|[from] ability: Rough Skin|[of] p1a: Garchomp
|faint|p1a: Garchomp
|
|
|switch|p1a: Manectric|Manectric, F|281\/281
|turn|13
|
|switch|p2a: Hippowdon|Hippowdon, M|420\/420
|-weather|Sandstorm
|detailschange|p1a: Manectric|Manectric-Mega, F
|message|Manectric has Mega Evolved into Mega Manectric!
|-ability|p1a: Manectric|Intimidate|[of] p2a: Hippowdon
|-unboost|p2a: Hippowdon|atk|1
|move|p1a: Manectric|Thunderbolt|p2a: Hippowdon
|-immune|p2a: Hippowdon|[msg]
|
|-weather|Sandstorm|[upkeep]
|-damage|p1a: Manectric|264\/281|[from] sandstorm
|turn|14
|
|move|p1a: Manectric|Hidden Power|p2a: Hippowdon
|-supereffective|p2a: Hippowdon
|-damage|p2a: Hippowdon|248\/420
|move|p2a: Hippowdon|Stealth Rock|p1a: Manectric
|-sidestart|p1: ImSNT|move: Stealth Rock
|
|-weather|Sandstorm|[upkeep]
|-damage|p1a: Manectric|247\/281|[from] sandstorm
|-heal|p2a: Hippowdon|274\/420|[from] item: Leftovers
|turn|15
|
|move|p1a: Manectric|Hidden Power|p2a: Hippowdon
|-supereffective|p2a: Hippowdon
|-damage|p2a: Hippowdon|110\/420
|move|p2a: Hippowdon|Slack Off|p2a: Hippowdon
|-heal|p2a: Hippowdon|320\/420
|
|-weather|Sandstorm|[upkeep]
|-damage|p1a: Manectric|230\/281|[from] sandstorm
|-heal|p2a: Hippowdon|346\/420|[from] item: Leftovers
|turn|16
|
|switch|p1a: Crawdaunt|Crawdaunt, M|269\/269
|-damage|p1a: Crawdaunt|236\/269|[from] Stealth Rock
|move|p2a: Hippowdon|Earthquake|p1a: Crawdaunt
|-damage|p1a: Crawdaunt|136\/269
|
|-weather|Sandstorm|[upkeep]
|-damage|p1a: Crawdaunt|120\/269|[from] sandstorm
|-heal|p2a: Hippowdon|372\/420|[from] item: Leftovers
|turn|17
|
|switch|p2a: Chesnaught|Chesnaught, F|380\/380
|move|p1a: Crawdaunt|Knock Off|p2a: Chesnaught
|-resisted|p2a: Chesnaught
|-damage|p2a: Chesnaught|294\/380
|-enditem|p2a: Chesnaught|Leftovers|[from] move: Knock Off|[of] p1a: Crawdaunt
|-damage|p1a: Crawdaunt|94\/269|[from] item: Life Orb
|
|-weather|none
|turn|18
|
|move|p1a: Crawdaunt|Crabhammer|p2a: Chesnaught
|-resisted|p2a: Chesnaught
|-damage|p2a: Chesnaught|210\/380
|-damage|p1a: Crawdaunt|68\/269|[from] item: Life Orb
|move|p2a: Chesnaught|Leech Seed|p1a: Crawdaunt
|-start|p1a: Crawdaunt|move: Leech Seed
|
|-damage|p1a: Crawdaunt|35\/269|[from] Leech Seed|[of] p2a: Chesnaught
|-heal|p2a: Chesnaught|243\/380|[silent]
|turn|19
|
|move|p1a: Crawdaunt|Swords Dance|p1a: Crawdaunt
|-boost|p1a: Crawdaunt|atk|2
|move|p2a: Chesnaught|Spikes|p1a: Crawdaunt
|-sidestart|p1: ImSNT|Spikes
|
|-damage|p1a: Crawdaunt|2\/269|[from] Leech Seed|[of] p2a: Chesnaught
|-heal|p2a: Chesnaught|276\/380|[silent]
|turn|20
|
|move|p2a: Chesnaught|Spiky Shield|p2a: Chesnaught
|-singleturn|p2a: Chesnaught|move: Protect
|move|p1a: Crawdaunt|Crabhammer|p2a: Chesnaught
|-activate|p2a: Chesnaught|move: Protect
|-damage|p1a: Crawdaunt|0 fnt|[from] Spiky Shield|[of] p2a: Chesnaught
|faint|p1a: Crawdaunt
|
|
|switch|p1a: Gengar|Gengar, M|236\/262
|-damage|p1a: Gengar|204\/262|[from] Stealth Rock
|turn|21
|
|switch|p2a: Hippowdon|Hippowdon, M|372\/420
|-weather|Sandstorm
|move|p1a: Gengar|Sludge Wave|p2a: Hippowdon
|-resisted|p2a: Hippowdon
|-damage|p2a: Hippowdon|247\/420
|-damage|p1a: Gengar|178\/262|[from] item: Life Orb
|
|-weather|Sandstorm|[upkeep]
|-damage|p1a: Gengar|162\/262|[from] sandstorm
|-heal|p2a: Hippowdon|273\/420|[from] item: Leftovers
|turn|22
|
|switch|p2a: Chesnaught|Chesnaught, F|276\/380
|move|p1a: Gengar|Shadow Ball|p2a: Chesnaught
|-immune|p2a: Chesnaught|[msg]|[from] Bulletproof
|
|-weather|Sandstorm|[upkeep]
|-damage|p1a: Gengar|146\/262|[from] sandstorm
|-damage|p2a: Chesnaught|253\/380|[from] sandstorm
|turn|23
|
|switch|p2a: Hippowdon|Hippowdon, M|273\/420
|move|p1a: Gengar|Sludge Wave|p2a: Hippowdon
|-resisted|p2a: Hippowdon
|-damage|p2a: Hippowdon|143\/420
|-damage|p1a: Gengar|120\/262|[from] item: Life Orb
|
|-weather|Sandstorm|[upkeep]
|-damage|p1a: Gengar|104\/262|[from] sandstorm
|-heal|p2a: Hippowdon|169\/420|[from] item: Leftovers
|turn|24
|
|move|p1a: Gengar|Shadow Ball|p2a: Hippowdon
|-damage|p2a: Hippowdon|0 fnt
|-damage|p1a: Gengar|78\/262|[from] item: Life Orb
|faint|p2a: Hippowdon
|
|-weather|Sandstorm|[upkeep]
|-damage|p1a: Gengar|62\/262|[from] sandstorm
|
|switch|p2a: Scizor|Scizor-Mega, M|95\/291
|turn|25
|
|switch|p1a: Manectric|Manectric-Mega, F|230\/281
|-damage|p1a: Manectric|195\/281|[from] Spikes
|-damage|p1a: Manectric|160\/281|[from] Stealth Rock
|-ability|p1a: Manectric|Intimidate|[of] p2a: Scizor
|-unboost|p2a: Scizor|atk|1
|move|p2a: Scizor|Bullet Punch|p1a: Manectric
|-resisted|p1a: Manectric
|-damage|p1a: Manectric|110\/281
|
|-weather|none
|turn|26
|
|switch|p2a: Clefable|Clefable, F|394\/394
|move|p1a: Manectric|Thunderbolt|p2a: Clefable
|-damage|p2a: Clefable|237\/394
|
|-heal|p2a: Clefable|261\/394|[from] item: Leftovers
|turn|27
|
|move|p1a: Manectric|Volt Switch|p2a: Clefable
|-damage|p2a: Clefable|144\/394
|
|switch|p1a: Gengar|Gengar, M|62\/262
|-damage|p1a: Gengar|30\/262|[from] Stealth Rock
|move|p2a: Clefable|Moonblast|p1a: Gengar
|-resisted|p1a: Gengar
|-damage|p1a: Gengar|0 fnt
|faint|p1a: Gengar
|
|-heal|p2a: Clefable|168\/394|[from] item: Leftovers
|-message|ImSNT forfeited.
|
|switch|p1a: Manectric|Manectric-Mega, F|110\/281
|-damage|p1a: Manectric|75\/281|[from] Spikes
|-damage|p1a: Manectric|40\/281|[from] Stealth Rock
|-ability|p1a: Manectric|Intimidate|[of] p2a: Clefable
|-unboost|p2a: Clefable|atk|1
|turn|28
|leave|ImSNT
|
|win|hj regicide
|raw|Ladder updating...
|player|p1
|raw|ImSNT's rating: 1749 &rarr; <strong>1724<\/strong><br \/>(-25 for losing)
|raw|hj regicide's rating: 1654 &rarr; <strong>1679<\/strong><br \/>(+25 for winning)