|join|hj regicide
|join|Scott24
|player|p1|hj regicide|46
|player|p2|Scott24|278
|gametype|singles
|gen|6
|tier|OU
|rated
|clearpoke
|poke|p1|Gliscor, M
|poke|p1|Gardevoir, M
|poke|p1|Heatran, F
|poke|p1|Ferrothorn, F
|poke|p1|Latias, F
|poke|p1|Gyarados, M
|poke|p2|Azumarill, M, shiny
|poke|p2|Landorus, M, shiny
|poke|p2|Heatran, F, shiny
|poke|p2|Keldeo-Resolute, shiny
|poke|p2|Venusaur, F, shiny
|poke|p2|Mandibuzz, F, shiny
|rule|Swagger Clause: Swagger is banned
|rule|Baton Pass Clause: Limit one PokÃ©mon knowing Baton Pass
|rule|Sleep Clause Mod: Limit one foe put to sleep
|rule|Species Clause: Limit one of each PokÃ©mon
|rule|OHKO Clause: OHKO moves are banned
|rule|Moody Clause: Moody is banned
|rule|Evasion Moves Clause: Evasion moves are banned
|rule|Endless Battle Clause: Forcing endless battles is banned
|rule|HP Percentage Mod: HP is shown in percentages
|teampreview
|
|start
|switch|p1a: Gliscor|Gliscor, M|352\/352
|switch|p2a: Venusaur|Venusaur, F, shiny|349\/349
|turn|1
|
|detailschange|p2a: Venusaur|Venusaur-Mega, F, shiny
|message|Venusaur has Mega Evolved into Mega Venusaur!
|move|p1a: Gliscor|Earthquake|p2a: Venusaur
|-damage|p2a: Venusaur|259\/349
|move|p2a: Venusaur|Giga Drain|p1a: Gliscor
|-damage|p1a: Gliscor|220\/352
|-heal|p2a: Venusaur|325\/349|[from] drain|[of] p1a: Gliscor
|
|-status|p1a: Gliscor|tox|[from] item: Toxic Orb
|turn|2
|
|switch|p1a: Latias|Latias, F|319\/319
|switch|p2a: Landorus|Landorus, M, shiny|319\/319
|
|turn|3
|
|switch|p2a: Azumarill|Azumarill, M, shiny|361\/361
|move|p1a: Latias|Draco Meteor|p2a: Azumarill
|-immune|p2a: Azumarill|[msg]
|
|turn|4
|
|switch|p1a: Ferrothorn|Ferrothorn, F|352\/352
|move|p2a: Azumarill|Knock Off|p1a: Ferrothorn
|-damage|p1a: Ferrothorn|203\/352
|-damage|p2a: Azumarill|316\/361|[from] ability: Iron Barbs|[of] p1a: Ferrothorn
|-enditem|p1a: Ferrothorn|Leftovers|[from] move: Knock Off|[of] p2a: Azumarill
|
|turn|5
|
|switch|p2a: Landorus|Landorus, M, shiny|319\/319
|switch|p1a: Gliscor|Gliscor, M|220\/352 tox
|
|-heal|p1a: Gliscor|264\/352 tox|[from] ability: Poison Heal
|turn|6
|
|move|p2a: Landorus|Stealth Rock|p1a: Gliscor
|-sidestart|p1: hj regicide|move: Stealth Rock
|move|p1a: Gliscor|Toxic|p2a: Landorus
|-status|p2a: Landorus|tox
|
|-damage|p2a: Landorus|300\/319 tox|[from] psn
|-heal|p1a: Gliscor|308\/352 tox|[from] ability: Poison Heal
|turn|7
|
|switch|p2a: Venusaur|Venusaur-Mega, F, shiny|325\/349
|switch|p1a: Latias|Latias, F|319\/319
|-damage|p1a: Latias|280\/319|[from] Stealth Rock
|
|turn|8
|
|switch|p2a: Mandibuzz|Mandibuzz, F, shiny|423\/423
|move|p1a: Latias|Defog|p2a: Mandibuzz
|-unboost|p2a: Mandibuzz|evasion|1
|-sideend|p1: hj regicide|Stealth Rock|[from] move: Defog|[of] p1a: Latias
|
|turn|9
|
|switch|p1a: Gliscor|Gliscor, M|308\/352 tox
|move|p2a: Mandibuzz|Toxic|p1a: Gliscor
|-fail|p1a: Gliscor|tox
|
|-heal|p1a: Gliscor|352\/352 tox|[from] ability: Poison Heal
|turn|10
|
|switch|p1a: Gardevoir|Gardevoir, M|277\/277
|-ability|p1a: Gardevoir|Overcoat|[from] ability: Trace|[of] p2a: Mandibuzz
|move|p2a: Mandibuzz|Taunt|p1a: Gardevoir
|-start|p1a: Gardevoir|move: Taunt
|
|turn|11
|
|switch|p2a: Heatran|Heatran, F, shiny|323\/323
|detailschange|p1a: Gardevoir|Gardevoir-Mega, M
|message|Gardevoir has Mega Evolved into Mega Gardevoir!
|move|p1a: Gardevoir|Focus Blast|p2a: Heatran|[miss]
|-miss|p1a: Gardevoir|p2a: Heatran
|
|turn|12
|
|switch|p1a: Heatran|Heatran, F|323\/323
|move|p2a: Heatran|Flash Cannon|p1a: Heatran
|-crit|p1a: Heatran
|-resisted|p1a: Heatran
|-damage|p1a: Heatran|271\/323
|
|turn|13
|
|switch|p2a: Keldeo-Resolute|Keldeo-Resolute, shiny|323\/323
|move|p1a: Heatran|Lava Plume|p2a: Keldeo-Resolute
|-resisted|p2a: Keldeo-Resolute
|-damage|p2a: Keldeo-Resolute|236\/323
|-status|p2a: Keldeo-Resolute|brn
|
|-damage|p2a: Keldeo-Resolute|196\/323 brn|[from] brn
|turn|14
|
|switch|p1a: Gyarados|Gyarados, M|393\/393
|-ability|p1a: Gyarados|Intimidate|[of] p2a: Keldeo-Resolute
|-unboost|p2a: Keldeo-Resolute|atk|1
|move|p2a: Keldeo-Resolute|Icy Wind|p1a: Gyarados
|-crit|p1a: Gyarados
|-damage|p1a: Gyarados|289\/393
|-unboost|p1a: Gyarados|spe|1
|
|-heal|p1a: Gyarados|313\/393|[from] item: Leftovers
|-damage|p2a: Keldeo-Resolute|156\/323 brn|[from] brn
|turn|15
|
|switch|p2a: Venusaur|Venusaur-Mega, F, shiny|325\/349
|switch|p1a: Gardevoir|Gardevoir-Mega, M|277\/277
|
|turn|16
|
|move|p1a: Gardevoir|Psyshock|p2a: Venusaur
|-supereffective|p2a: Venusaur
|-damage|p2a: Venusaur|59\/349
|move|p2a: Venusaur|Sludge Bomb|p1a: Gardevoir
|-crit|p1a: Gardevoir
|-supereffective|p1a: Gardevoir
|-damage|p1a: Gardevoir|0 fnt
|faint|p1a: Gardevoir
|
|
|switch|p1a: Gliscor|Gliscor, M|352\/352 tox
|turn|17
|
|move|p1a: Gliscor|Earthquake|p2a: Venusaur
|-damage|p2a: Venusaur|0 fnt
|faint|p2a: Venusaur
|
|
|switch|p2a: Azumarill|Azumarill, M, shiny|316\/361
|turn|18
|c|âScott24|bad lag 
|
|switch|p1a: Ferrothorn|Ferrothorn, F|203\/352
|move|p2a: Azumarill|Knock Off|p1a: Ferrothorn
|-damage|p1a: Ferrothorn|100\/352
|-damage|p2a: Azumarill|271\/361|[from] ability: Iron Barbs|[of] p1a: Ferrothorn
|
|turn|19
|
|switch|p2a: Heatran|Heatran, F, shiny|323\/323
|move|p1a: Ferrothorn|Stealth Rock|p2a: Heatran
|-sidestart|p2: Scott24|move: Stealth Rock
|
|turn|20
|
|move|p1a: Ferrothorn|Protect|p1a: Ferrothorn
|-singleturn|p1a: Ferrothorn|Protect
|move|p2a: Heatran|Earth Power|p1a: Ferrothorn
|-activate|p1a: Ferrothorn|Protect
|
|turn|21
|
|switch|p2a: Azumarill|Azumarill, M, shiny|271\/361
|-damage|p2a: Azumarill|226\/361|[from] Stealth Rock
|move|p1a: Ferrothorn|Power Whip|p2a: Azumarill
|-supereffective|p2a: Azumarill
|-damage|p2a: Azumarill|0 fnt
|faint|p2a: Azumarill
|
|
|switch|p2a: Keldeo-Resolute|Keldeo-Resolute, shiny|156\/323 brn
|-damage|p2a: Keldeo-Resolute|136\/323 brn|[from] Stealth Rock
|turn|22
|
|move|p1a: Ferrothorn|Protect|p1a: Ferrothorn
|-singleturn|p1a: Ferrothorn|Protect
|move|p2a: Keldeo-Resolute|Icy Wind|p1a: Ferrothorn
|-activate|p1a: Ferrothorn|Protect
|
|-damage|p2a: Keldeo-Resolute|96\/323 brn|[from] brn
|turn|23
|
|switch|p2a: Mandibuzz|Mandibuzz, F, shiny|423\/423
|-damage|p2a: Mandibuzz|318\/423|[from] Stealth Rock
|move|p1a: Ferrothorn|Leech Seed|p2a: Mandibuzz
|-start|p2a: Mandibuzz|move: Leech Seed
|
|-heal|p2a: Mandibuzz|344\/423|[from] item: Leftovers
|-damage|p2a: Mandibuzz|292\/423|[from] Leech Seed|[of] p1a: Ferrothorn
|-heal|p1a: Ferrothorn|152\/352|[silent]
|turn|24
|
|move|p2a: Mandibuzz|Taunt|p1a: Ferrothorn
|-start|p1a: Ferrothorn|move: Taunt
|cant|p1a: Ferrothorn|move: Taunt|Stealth Rock
|
|-heal|p2a: Mandibuzz|318\/423|[from] item: Leftovers
|-damage|p2a: Mandibuzz|266\/423|[from] Leech Seed|[of] p1a: Ferrothorn
|-heal|p1a: Ferrothorn|204\/352|[silent]
|turn|25
|
|switch|p2a: Heatran|Heatran, F, shiny|323\/323
|-damage|p2a: Heatran|283\/323|[from] Stealth Rock
|switch|p1a: Gliscor|Gliscor, M|352\/352 tox
|
|turn|26
|
|switch|p2a: Keldeo-Resolute|Keldeo-Resolute, shiny|96\/323 brn
|-damage|p2a: Keldeo-Resolute|76\/323 brn|[from] Stealth Rock
|move|p1a: Gliscor|Earthquake|p2a: Keldeo-Resolute
|-damage|p2a: Keldeo-Resolute|0 fnt
|faint|p2a: Keldeo-Resolute
|
|c|âScott24|gg
|-message|Scott24 forfeited.
|
|win|hj regicide
|raw|Ladder updating...
|leave|Scott24
|player|p2
|raw|hj regicide's rating: 1818 &rarr; <strong>1832<\/strong><br \/>(+14 for winning)
|raw|Scott24's rating: 1701 &rarr; <strong>1687<\/strong><br \/>(-14 for losing)