|join|hj regicide
|join|GrimoireGod
|player|p1|hj regicide|46
|player|p2|GrimoireGod|102
|gametype|singles
|gen|6
|tier|OU
|rated
|clearpoke
|poke|p1|Politoed, F
|poke|p1|Kingdra, M
|poke|p1|Seismitoad, F
|poke|p1|Tornadus-Therian, M
|poke|p1|Heracross, F
|poke|p1|Jirachi
|poke|p2|Landorus-Therian, M
|poke|p2|Conkeldurr, M
|poke|p2|Magnezone
|poke|p2|Azumarill, F
|poke|p2|Pinsir, F
|poke|p2|Empoleon, M
|rule|Swagger Clause: Swagger is banned
|rule|Baton Pass Clause: Limit one PokÃ©mon knowing Baton Pass
|rule|Sleep Clause Mod: Limit one foe put to sleep
|rule|Species Clause: Limit one of each PokÃ©mon
|rule|OHKO Clause: OHKO moves are banned
|rule|Moody Clause: Moody is banned
|rule|Evasion Moves Clause: Evasion moves are banned
|rule|Endless Battle Clause: Forcing endless battles is banned
|rule|HP Percentage Mod: HP is shown in percentages
|teampreview
|c|âGrimoireGod|rain :[
|
|start
|switch|p1a: Seismitoad|Seismitoad, F|409\/409
|switch|p2a: Pinsir|Pinsir, F|271\/271
|turn|1
|
|detailschange|p2a: Pinsir|Pinsir-Mega, F
|message|Pinsir has Mega Evolved into Mega Pinsir!
|move|p2a: Pinsir|Substitute|p2a: Pinsir
|-start|p2a: Pinsir|Substitute
|-damage|p2a: Pinsir|204\/271
|move|p1a: Seismitoad|Stealth Rock|p2a: Pinsir
|-sidestart|p2: GrimoireGod|move: Stealth Rock
|
|turn|2
|
|switch|p1a: Jirachi|Jirachi|404\/404
|move|p2a: Pinsir|Return|p1a: Jirachi
|-resisted|p1a: Jirachi
|-damage|p1a: Jirachi|261\/404
|
|-heal|p1a: Jirachi|286\/404|[from] item: Leftovers
|turn|3
|
|move|p2a: Pinsir|Earthquake|p1a: Jirachi
|-crit|p1a: Jirachi
|-supereffective|p1a: Jirachi
|-damage|p1a: Jirachi|0 fnt
|faint|p1a: Jirachi
|
|
|switch|p1a: Politoed|Politoed, F|364\/364
|-weather|RainDance
|turn|4
|
|move|p2a: Pinsir|Return|p1a: Politoed
|-damage|p1a: Politoed|9\/364
|move|p1a: Politoed|Scald|p2a: Pinsir
|-crit|p2a: Pinsir
|-end|p2a: Pinsir|Substitute
|
|-weather|RainDance|[upkeep]
|turn|5
|
|move|p2a: Pinsir|Return|p1a: Politoed
|-damage|p1a: Politoed|0 fnt
|faint|p1a: Politoed
|
|-weather|RainDance|[upkeep]
|
|switch|p1a: Kingdra|Kingdra, M|298\/298
|turn|6
|
|switch|p2a: Empoleon|Empoleon, M|371\/371
|-damage|p2a: Empoleon|348\/371|[from] Stealth Rock
|move|p1a: Kingdra|Hydro Pump|p2a: Empoleon
|-resisted|p2a: Empoleon
|-damage|p2a: Empoleon|179\/371
|
|-weather|RainDance|[upkeep]
|-heal|p2a: Empoleon|202\/371|[from] item: Leftovers
|turn|7
|
|switch|p1a: Seismitoad|Seismitoad, F|409\/409
|move|p2a: Empoleon|Roar|p1a: Seismitoad
|drag|p1a: Kingdra|Kingdra, M|298\/298
|
|-weather|RainDance|[upkeep]
|-heal|p2a: Empoleon|225\/371|[from] item: Leftovers
|turn|8
|
|move|p1a: Kingdra|Hydro Pump|p2a: Empoleon
|-resisted|p2a: Empoleon
|-damage|p2a: Empoleon|39\/371
|move|p2a: Empoleon|Stealth Rock|p1a: Kingdra
|-sidestart|p1: hj regicide|move: Stealth Rock
|
|-weather|RainDance|[upkeep]
|-heal|p2a: Empoleon|62\/371|[from] item: Leftovers
|turn|9
|
|move|p1a: Kingdra|Hydro Pump|p2a: Empoleon
|-resisted|p2a: Empoleon
|-damage|p2a: Empoleon|0 fnt
|faint|p2a: Empoleon
|
|-weather|RainDance|[upkeep]
|
|switch|p2a: Azumarill|Azumarill, F|349\/349
|-damage|p2a: Azumarill|306\/349|[from] Stealth Rock
|turn|10
|
|move|p1a: Kingdra|Hydro Pump|p2a: Azumarill
|-resisted|p2a: Azumarill
|-damage|p2a: Azumarill|117\/349
|move|p2a: Azumarill|Play Rough|p1a: Kingdra|[miss]
|-miss|p2a: Azumarill|p1a: Kingdra
|
|-weather|RainDance|[upkeep]
|turn|11
|c|âGrimoireGod|...........
|
|switch|p2a: Magnezone|Magnezone|299\/299
|-damage|p2a: Magnezone|281\/299|[from] Stealth Rock
|move|p1a: Kingdra|Hydro Pump|p2a: Magnezone
|-damage|p2a: Magnezone|0 fnt
|faint|p2a: Magnezone
|
|-weather|none
|
|switch|p2a: Pinsir|Pinsir-Mega, F|204\/271
|-damage|p2a: Pinsir|69\/271|[from] Stealth Rock
|turn|12
|
|move|p2a: Pinsir|Substitute|p2a: Pinsir
|-start|p2a: Pinsir|Substitute
|-damage|p2a: Pinsir|2\/271
|move|p1a: Kingdra|Hydro Pump|p2a: Pinsir
|-end|p2a: Pinsir|Substitute
|
|turn|13
|
|switch|p1a: Seismitoad|Seismitoad, F|409\/409
|-damage|p1a: Seismitoad|384\/409|[from] Stealth Rock
|move|p2a: Pinsir|Flail|p1a: Seismitoad
|-damage|p1a: Seismitoad|0 fnt
|faint|p1a: Seismitoad
|
|
|switch|p1a: Tornadus-Therian|Tornadus-Therian, M|332\/332
|-damage|p1a: Tornadus-Therian|249\/332|[from] Stealth Rock
|turn|14
|
|move|p1a: Tornadus-Therian|U-turn|p2a: Pinsir
|-resisted|p2a: Pinsir
|-damage|p2a: Pinsir|0 fnt
|faint|p2a: Pinsir
|
|switch|p1a: Heracross|Heracross, F|311\/311
|-damage|p1a: Heracross|273\/311|[from] Stealth Rock
|
|
|switch|p2a: Conkeldurr|Conkeldurr, M|365\/365
|-damage|p2a: Conkeldurr|343\/365|[from] Stealth Rock
|turn|15
|
|detailschange|p1a: Heracross|Heracross-Mega, F
|message|Heracross has Mega Evolved into Mega Heracross!
|move|p1a: Heracross|Close Combat|p2a: Conkeldurr
|-crit|p2a: Conkeldurr
|-damage|p2a: Conkeldurr|0 fnt
|-unboost|p1a: Heracross|def|1
|-unboost|p1a: Heracross|spd|1
|faint|p2a: Conkeldurr
|
|
|switch|p2a: Landorus-Therian|Landorus-Therian, M|328\/328
|-damage|p2a: Landorus-Therian|287\/328|[from] Stealth Rock
|-ability|p2a: Landorus-Therian|Intimidate|[of] p1a: Heracross
|-unboost|p1a: Heracross|atk|1
|turn|16
|
|move|p2a: Landorus-Therian|Stone Edge|p1a: Heracross
|-crit|p1a: Heracross
|-damage|p1a: Heracross|17\/311
|move|p1a: Heracross|Rock Blast|p2a: Landorus-Therian
|-damage|p2a: Landorus-Therian|255\/328
|-damage|p2a: Landorus-Therian|222\/328
|-damage|p2a: Landorus-Therian|191\/328
|-damage|p2a: Landorus-Therian|159\/328
|-damage|p2a: Landorus-Therian|130\/328
|-hitcount|p2a: Landorus-Therian|5
|
|turn|17
|c|âGrimoireGod|balk
|
|move|p2a: Landorus-Therian|Stone Edge|p1a: Heracross
|-damage|p1a: Heracross|0 fnt
|faint|p1a: Heracross
|
|
|switch|p1a: Kingdra|Kingdra, M|298\/298
|-damage|p1a: Kingdra|261\/298|[from] Stealth Rock
|turn|18
|
|move|p2a: Landorus-Therian|Stone Edge|p1a: Kingdra
|-crit|p1a: Kingdra
|-damage|p1a: Kingdra|51\/298
|move|p1a: Kingdra|Scald|p2a: Landorus-Therian
|-supereffective|p2a: Landorus-Therian
|-damage|p2a: Landorus-Therian|0 fnt
|faint|p2a: Landorus-Therian
|
|
|switch|p2a: Azumarill|Azumarill, F|117\/349
|-damage|p2a: Azumarill|74\/349|[from] Stealth Rock
|turn|19
|
|move|p1a: Kingdra|Scald|p2a: Azumarill
|-resisted|p2a: Azumarill
|-damage|p2a: Azumarill|0 fnt
|faint|p2a: Azumarill
|
|win|hj regicide
|raw|Ladder updating...
|raw|hj regicide's rating: 1646 &rarr; <strong>1669<\/strong><br \/>(+23 for winning)
|raw|GrimoireGod's rating: 1686 &rarr; <strong>1664<\/strong><br \/>(-22 for losing)
|c|âGrimoireGod|gg