|join|Cienight
|join|hj regicide
|player|p1|Cienight|75
|player|p2|hj regicide|46
|gametype|singles
|gen|6
|tier|OU
|rated
|clearpoke
|poke|p1|Landorus-Therian, M
|poke|p1|Conkeldurr, M, shiny
|poke|p1|Magnezone, shiny
|poke|p1|Azumarill, F
|poke|p1|Pinsir, F, shiny
|poke|p1|Empoleon, F
|poke|p2|Azumarill, F
|poke|p2|Talonflame, M
|poke|p2|Landorus-Therian, M
|poke|p2|Ferrothorn, F
|poke|p2|Heracross, F
|poke|p2|Latias, F
|rule|Swagger Clause: Swagger is banned
|rule|Baton Pass Clause: Limit one PokÃ©mon knowing Baton Pass
|rule|Sleep Clause Mod: Limit one foe put to sleep
|rule|Species Clause: Limit one of each PokÃ©mon
|rule|OHKO Clause: OHKO moves are banned
|rule|Moody Clause: Moody is banned
|rule|Evasion Moves Clause: Evasion moves are banned
|rule|Endless Battle Clause: Forcing endless battles is banned
|rule|HP Percentage Mod: HP is shown in percentages
|teampreview
|join|Omegasization
|
|start
|switch|p1a: Landorus-Therian|Landorus-Therian, M|328\/328
|switch|p2a: Heracross|Heracross, F|301\/301
|-ability|p1a: Landorus-Therian|Intimidate|[of] p2a: Heracross
|-unboost|p2a: Heracross|atk|1
|turn|1
|
|detailschange|p2a: Heracross|Heracross-Mega, F
|message|Heracross has Mega Evolved into Mega Heracross!
|move|p1a: Landorus-Therian|U-turn|p2a: Heracross
|-resisted|p2a: Heracross
|-damage|p2a: Heracross|260\/301
|
|switch|p1a: SHREDDED AS FK|Conkeldurr, M, shiny|365\/365
|move|p2a: Heracross|Swords Dance|p2a: Heracross
|-boost|p2a: Heracross|atk|2
|
|turn|2
|
|switch|p1a: Landorus-Therian|Landorus-Therian, M|328\/328
|-ability|p1a: Landorus-Therian|Intimidate|[of] p2a: Heracross
|-unboost|p2a: Heracross|atk|1
|move|p2a: Heracross|Pin Missile|p1a: Landorus-Therian
|-resisted|p1a: Landorus-Therian
|-damage|p1a: Landorus-Therian|293\/328
|-crit|p1a: Landorus-Therian
|-resisted|p1a: Landorus-Therian
|-damage|p1a: Landorus-Therian|245\/328
|-resisted|p1a: Landorus-Therian
|-damage|p1a: Landorus-Therian|215\/328
|-resisted|p1a: Landorus-Therian
|-damage|p1a: Landorus-Therian|185\/328
|-resisted|p1a: Landorus-Therian
|-damage|p1a: Landorus-Therian|150\/328
|-hitcount|p1a: Landorus-Therian|5
|
|turn|3
|
|move|p1a: Landorus-Therian|Stone Edge|p2a: Heracross
|-crit|p2a: Heracross
|-damage|p2a: Heracross|89\/301
|move|p2a: Heracross|Close Combat|p1a: Landorus-Therian
|-resisted|p1a: Landorus-Therian
|-damage|p1a: Landorus-Therian|0 fnt
|-unboost|p2a: Heracross|def|1
|-unboost|p2a: Heracross|spd|1
|faint|p1a: Landorus-Therian
|
|
|switch|p1a: Azumarill|Azumarill, F|349\/349
|turn|4
|
|switch|p1a: Magnezone|Magnezone, shiny|282\/282
|move|p2a: Heracross|Rock Blast|p1a: Magnezone
|-resisted|p1a: Magnezone
|-damage|p1a: Magnezone|266\/282
|-resisted|p1a: Magnezone
|-damage|p1a: Magnezone|250\/282
|-resisted|p1a: Magnezone
|-damage|p1a: Magnezone|232\/282
|-crit|p1a: Magnezone
|-resisted|p1a: Magnezone
|-damage|p1a: Magnezone|207\/282
|-resisted|p1a: Magnezone
|-damage|p1a: Magnezone|190\/282
|-hitcount|p1a: Magnezone|5
|
|turn|5
|
|switch|p2a: Landorus-Therian|Landorus-Therian, M|369\/369
|-ability|p2a: Landorus-Therian|Intimidate|[of] p1a: Magnezone
|-unboost|p1a: Magnezone|atk|1
|move|p1a: Magnezone|Volt Switch|p2a: Landorus-Therian
|-immune|p2a: Landorus-Therian|[msg]
|
|turn|6
|
|move|p1a: Magnezone|Volt Switch|p2a: Landorus-Therian
|-immune|p2a: Landorus-Therian|[msg]
|move|p2a: Landorus-Therian|Stealth Rock|p1a: Magnezone
|-sidestart|p1: Cienight|move: Stealth Rock
|
|turn|7
|-message|Cienight forfeited.
|leave|Cienight
|
|win|hj regicide
|raw|Ladder updating...
|player|p1