|join|lt5a call me a god
|join|hj regicide
|player|p1|lt5a call me a god|269
|player|p2|hj regicide|46
|gametype|singles
|gen|6
|tier|OU
|rated
|clearpoke
|poke|p1|Cobalion
|poke|p1|Heatran, M
|poke|p1|Greninja, F
|poke|p1|Landorus-Therian, M
|poke|p1|Manectric, M
|poke|p1|Latios, M
|poke|p2|Charizard, M
|poke|p2|Mienshao, M
|poke|p2|Latios, M
|poke|p2|Raikou
|poke|p2|Ferrothorn, M
|poke|p2|Landorus-Therian, M
|rule|Swagger Clause: Swagger is banned
|rule|Baton Pass Clause: Limit one PokÃ©mon knowing Baton Pass
|rule|Sleep Clause Mod: Limit one foe put to sleep
|rule|Species Clause: Limit one of each PokÃ©mon
|rule|OHKO Clause: OHKO moves are banned
|rule|Moody Clause: Moody is banned
|rule|Evasion Moves Clause: Evasion moves are banned
|rule|Endless Battle Clause: Forcing endless battles is banned
|rule|HP Percentage Mod: HP is shown in percentages
|teampreview
|
|start
|switch|p1a: Landorus-Therian|Landorus-Therian, M|325\/325
|switch|p2a: Landorus-Therian|Landorus-Therian, M|325\/325
|-ability|p2a: Landorus-Therian|Intimidate|[of] p1a: Landorus-Therian
|-unboost|p1a: Landorus-Therian|atk|1
|-ability|p1a: Landorus-Therian|Intimidate|[of] p2a: Landorus-Therian
|-unboost|p2a: Landorus-Therian|atk|1
|turn|1
|
|move|p2a: Landorus-Therian|Knock Off|p1a: Landorus-Therian
|-damage|p1a: Landorus-Therian|232\/325
|-enditem|p1a: Landorus-Therian|Choice Scarf|[from] move: Knock Off|[of] p2a: Landorus-Therian
|move|p1a: Landorus-Therian|U-turn|p2a: Landorus-Therian
|-resisted|p2a: Landorus-Therian
|-damage|p2a: Landorus-Therian|291\/325
|
|switch|p1a: Heatran|Heatran, M|385\/385
|
|turn|2
|
|switch|p2a: Charizard|Charizard, M|319\/319
|move|p1a: Heatran|Stealth Rock|p2a: Charizard
|-sidestart|p2: hj regicide|move: Stealth Rock
|
|turn|3
|
|switch|p1a: Landorus-Therian|Landorus-Therian, M|232\/325
|-ability|p1a: Landorus-Therian|Intimidate|[of] p2a: Charizard
|-unboost|p2a: Charizard|atk|1
|move|p2a: Charizard|Dragon Dance|p2a: Charizard
|-boost|p2a: Charizard|atk|1
|-boost|p2a: Charizard|spe|1
|
|turn|4
|
|switch|p1a: Heatran|Heatran, M|385\/385
|detailschange|p2a: Charizard|Charizard-Mega-X, M
|message|Charizard has Mega Evolved into Mega Charizard!
|move|p2a: Charizard|Flare Blitz|p1a: Heatran
|-start|p1a: Heatran|ability: Flash Fire
|
|turn|5
|
|switch|p1a: Landorus-Therian|Landorus-Therian, M|232\/325
|-ability|p1a: Landorus-Therian|Intimidate|[of] p2a: Charizard
|-unboost|p2a: Charizard|atk|1
|move|p2a: Charizard|Dragon Dance|p2a: Charizard
|-boost|p2a: Charizard|atk|1
|-boost|p2a: Charizard|spe|1
|
|turn|6
|
|switch|p1a: Heatran|Heatran, M|385\/385
|move|p2a: Charizard|Outrage|p1a: Heatran
|-resisted|p1a: Heatran
|-damage|p1a: Heatran|246\/385
|
|-heal|p1a: Heatran|270\/385|[from] item: Leftovers
|turn|7
|
|move|p2a: Charizard|Outrage|p1a: Heatran
|-resisted|p1a: Heatran
|-damage|p1a: Heatran|137\/385
|move|p1a: Heatran|Toxic|p2a: Charizard
|-status|p2a: Charizard|tox
|
|-heal|p1a: Heatran|161\/385|[from] item: Leftovers
|-damage|p2a: Charizard|300\/319 tox|[from] psn
|turn|8
|
|switch|p1a: Cobalion|Cobalion|323\/323
|move|p2a: Charizard|Outrage|p1a: Cobalion
|-resisted|p1a: Cobalion
|-damage|p1a: Cobalion|203\/323
|
|-end|p2a: Charizard|rampage
|-start|p2a: Charizard|confusion
|-heal|p1a: Cobalion|223\/323|[from] item: Leftovers
|-damage|p2a: Charizard|262\/319 tox|[from] psn
|turn|9
|
|switch|p1a: Heatran|Heatran, M|161\/385
|-activate|p2a: Charizard|confusion
|-damage|p2a: Charizard|217\/319 tox|[from] confusion
|
|-heal|p1a: Heatran|185\/385|[from] item: Leftovers
|-damage|p2a: Charizard|160\/319 tox|[from] psn
|turn|10
|
|-activate|p2a: Charizard|confusion
|move|p2a: Charizard|Dragon Dance|p2a: Charizard
|-boost|p2a: Charizard|atk|1
|-boost|p2a: Charizard|spe|1
|move|p1a: Heatran|Taunt|p2a: Charizard
|-start|p2a: Charizard|move: Taunt
|
|-heal|p1a: Heatran|209\/385|[from] item: Leftovers
|-damage|p2a: Charizard|84\/319 tox|[from] psn
|turn|11
|
|-end|p2a: Charizard|confusion
|move|p2a: Charizard|Outrage|p1a: Heatran
|-resisted|p1a: Heatran
|-damage|p1a: Heatran|0 fnt
|faint|p1a: Heatran
|
|-damage|p2a: Charizard|0 fnt|[from] psn
|faint|p2a: Charizard
|
|switch|p1a: Greninja|Greninja, F|285\/285
|switch|p2a: Raikou|Raikou|321\/321
|-damage|p2a: Raikou|281\/321|[from] Stealth Rock
|-ability|p2a: Raikou|Pressure
|turn|12
|
|move|p1a: Greninja|Spikes|p2a: Raikou
|-start|p1a: Greninja|typechange|Ground|[from] Protean
|-sidestart|p2: hj regicide|Spikes
|move|p2a: Raikou|Hidden Power|p1a: Greninja
|-supereffective|p1a: Greninja
|-damage|p1a: Greninja|41\/285
|
|turn|13
|
|move|p1a: Greninja|Ice Beam|p2a: Raikou
|-start|p1a: Greninja|typechange|Ice|[from] Protean
|-crit|p2a: Raikou
|-damage|p2a: Raikou|22\/321
|-damage|p1a: Greninja|13\/285|[from] item: Life Orb
|move|p2a: Raikou|Hidden Power|p1a: Greninja
|-resisted|p1a: Greninja
|-damage|p1a: Greninja|0 fnt
|faint|p1a: Greninja
|
|
|switch|p1a: Manectric|Manectric, M|281\/281
|turn|14
|
|detailschange|p1a: Manectric|Manectric-Mega, M
|message|Manectric has Mega Evolved into Mega Manectric!
|-ability|p1a: Manectric|Intimidate|[of] p2a: Raikou
|-unboost|p2a: Raikou|atk|1
|move|p2a: Raikou|Hidden Power|p1a: Manectric
|-damage|p1a: Manectric|171\/281
|move|p1a: Manectric|Volt Switch|p2a: Raikou
|-resisted|p2a: Raikou
|-damage|p2a: Raikou|0 fnt
|faint|p2a: Raikou
|
|switch|p1a: Latios|Latios, M|301\/301
|
|
|switch|p2a: Landorus-Therian|Landorus-Therian, M|291\/325
|-damage|p2a: Landorus-Therian|251\/325|[from] Stealth Rock
|-ability|p2a: Landorus-Therian|Intimidate|[of] p1a: Latios
|-unboost|p1a: Latios|atk|1
|turn|15
|
|switch|p1a: Landorus-Therian|Landorus-Therian, M|232\/325
|-ability|p1a: Landorus-Therian|Intimidate|[of] p2a: Landorus-Therian
|-unboost|p2a: Landorus-Therian|atk|1
|move|p2a: Landorus-Therian|Knock Off|p1a: Landorus-Therian
|-damage|p1a: Landorus-Therian|168\/325
|
|turn|16
|
|switch|p2a: Mienshao|Mienshao, M|279\/279
|-damage|p2a: Mienshao|262\/279|[from] Stealth Rock
|-damage|p2a: Mienshao|228\/279|[from] Spikes
|move|p1a: Landorus-Therian|U-turn|p2a: Mienshao
|-resisted|p2a: Mienshao
|-damage|p2a: Mienshao|160\/279
|
|switch|p1a: Latios|Latios, M|301\/301
|
|turn|17
|
|switch|p1a: Cobalion|Cobalion|223\/323
|move|p2a: Mienshao|Fake Out|p1a: Cobalion
|-resisted|p1a: Cobalion
|-damage|p1a: Cobalion|200\/323
|-damage|p2a: Mienshao|133\/279|[from] item: Life Orb
|
|-heal|p1a: Cobalion|220\/323|[from] item: Leftovers
|turn|18
|
|move|p1a: Cobalion|Volt Switch|p2a: Mienshao
|-damage|p2a: Mienshao|47\/279
|
|switch|p1a: Latios|Latios, M|301\/301
|move|p2a: Mienshao|High Jump Kick|p1a: Latios
|-resisted|p1a: Latios
|-damage|p1a: Latios|129\/301
|-damage|p2a: Mienshao|20\/279|[from] item: Life Orb
|
|turn|19
|
|move|p1a: Latios|Psyshock|p2a: Mienshao
|-supereffective|p2a: Mienshao
|-damage|p2a: Mienshao|0 fnt
|-damage|p1a: Latios|99\/301|[from] item: Life Orb
|faint|p2a: Mienshao
|
|
|switch|p2a: Landorus-Therian|Landorus-Therian, M|251\/325
|-damage|p2a: Landorus-Therian|211\/325|[from] Stealth Rock
|-ability|p2a: Landorus-Therian|Intimidate|[of] p1a: Latios
|-unboost|p1a: Latios|atk|1
|turn|20
|
|switch|p1a: Cobalion|Cobalion|220\/323
|move|p2a: Landorus-Therian|U-turn|p1a: Cobalion
|-resisted|p1a: Cobalion
|-damage|p1a: Cobalion|203\/323
|
|switch|p2a: Latios|Latios, M|301\/301
|-damage|p2a: Latios|264\/301|[from] Stealth Rock
|
|-heal|p1a: Cobalion|223\/323|[from] item: Leftovers
|turn|21
|
|move|p2a: Latios|Defog|p1a: Cobalion
|-unboost|p1a: Cobalion|evasion|1
|-sideend|p2: hj regicide|Spikes|[from] move: Defog|[of] p2a: Latios
|-sideend|p2: hj regicide|Stealth Rock|[from] move: Defog|[of] p2a: Latios
|move|p1a: Cobalion|Iron Head|p2a: Latios
|-damage|p2a: Latios|114\/301
|
|-heal|p1a: Cobalion|243\/323|[from] item: Leftovers
|turn|22
|
|move|p2a: Latios|Hidden Power|p1a: Cobalion
|-supereffective|p1a: Cobalion
|-damage|p1a: Cobalion|0 fnt
|-damage|p2a: Latios|84\/301|[from] item: Life Orb
|faint|p1a: Cobalion
|
|
|switch|p1a: Manectric|Manectric-Mega, M|171\/281
|-ability|p1a: Manectric|Intimidate|[of] p2a: Latios
|-unboost|p2a: Latios|atk|1
|turn|23
|
|switch|p2a: Ferrothorn|Ferrothorn, M|352\/352
|move|p1a: Manectric|Hidden Power|p2a: Ferrothorn
|-damage|p2a: Ferrothorn|296\/352
|
|-heal|p2a: Ferrothorn|318\/352|[from] item: Leftovers
|turn|24
|
|switch|p2a: Latios|Latios, M|84\/301
|move|p1a: Manectric|Flamethrower|p2a: Latios
|-resisted|p2a: Latios
|-damage|p2a: Latios|32\/301
|
|turn|25
|
|move|p1a: Manectric|Hidden Power|p2a: Latios
|-supereffective|p2a: Latios
|-damage|p2a: Latios|0 fnt
|faint|p2a: Latios
|
|
|switch|p2a: Landorus-Therian|Landorus-Therian, M|211\/325
|-ability|p2a: Landorus-Therian|Intimidate|[of] p1a: Manectric
|-unboost|p1a: Manectric|atk|1
|turn|26
|
|switch|p1a: Latios|Latios, M|99\/301
|move|p2a: Landorus-Therian|Earthquake|p1a: Latios
|-immune|p1a: Latios|[msg]
|
|turn|27
|
|switch|p2a: Ferrothorn|Ferrothorn, M|318\/352
|move|p1a: Latios|Surf|p2a: Ferrothorn
|-resisted|p2a: Ferrothorn
|-damage|p2a: Ferrothorn|263\/352
|-damage|p1a: Latios|69\/301|[from] item: Life Orb
|
|-heal|p2a: Ferrothorn|285\/352|[from] item: Leftovers
|turn|28
|
|move|p1a: Latios|Surf|p2a: Ferrothorn
|-resisted|p2a: Ferrothorn
|-damage|p2a: Ferrothorn|232\/352
|-damage|p1a: Latios|39\/301|[from] item: Life Orb
|move|p2a: Ferrothorn|Stealth Rock|p1a: Latios
|-sidestart|p1: lt5a call me a god|move: Stealth Rock
|
|-heal|p2a: Ferrothorn|254\/352|[from] item: Leftovers
|turn|29
|
|move|p1a: Latios|Defog|p2a: Ferrothorn
|-unboost|p2a: Ferrothorn|evasion|1
|-sideend|p1: lt5a call me a god|Stealth Rock|[from] move: Defog|[of] p1a: Latios
|move|p2a: Ferrothorn|Leech Seed|p1a: Latios
|-start|p1a: Latios|move: Leech Seed
|
|-heal|p2a: Ferrothorn|276\/352|[from] item: Leftovers
|-damage|p1a: Latios|2\/301|[from] Leech Seed|[of] p2a: Ferrothorn
|-heal|p2a: Ferrothorn|313\/352|[silent]
|turn|30
|
|switch|p1a: Manectric|Manectric-Mega, M|171\/281
|-ability|p1a: Manectric|Intimidate|[of] p2a: Ferrothorn
|-unboost|p2a: Ferrothorn|atk|1
|move|p2a: Ferrothorn|Stealth Rock|p1a: Manectric
|-sidestart|p1: lt5a call me a god|move: Stealth Rock
|
|-heal|p2a: Ferrothorn|335\/352|[from] item: Leftovers
|turn|31
|
|move|p2a: Ferrothorn|Protect|p2a: Ferrothorn
|-singleturn|p2a: Ferrothorn|Protect
|move|p1a: Manectric|Flamethrower|p2a: Ferrothorn
|-activate|p2a: Ferrothorn|Protect
|
|-heal|p2a: Ferrothorn|352\/352|[from] item: Leftovers
|turn|32
|
|move|p1a: Manectric|Flamethrower|p2a: Ferrothorn
|-supereffective|p2a: Ferrothorn
|-damage|p2a: Ferrothorn|8\/352
|move|p2a: Ferrothorn|Leech Seed|p1a: Manectric
|-start|p1a: Manectric|move: Leech Seed
|
|-heal|p2a: Ferrothorn|30\/352|[from] item: Leftovers
|-damage|p1a: Manectric|136\/281|[from] Leech Seed|[of] p2a: Ferrothorn
|-heal|p2a: Ferrothorn|65\/352|[silent]
|turn|33
|
|switch|p1a: Latios|Latios, M|2\/301
|-damage|p1a: Latios|0 fnt|[from] Stealth Rock
|faint|p1a: Latios
|move|p2a: Ferrothorn|Protect|p2a: Ferrothorn
|-fail|p2a: Ferrothorn
|
|-heal|p2a: Ferrothorn|87\/352|[from] item: Leftovers
|
|switch|p1a: Manectric|Manectric-Mega, M|136\/281
|-damage|p1a: Manectric|101\/281|[from] Stealth Rock
|-ability|p1a: Manectric|Intimidate|[of] p2a: Ferrothorn
|-unboost|p2a: Ferrothorn|atk|1
|turn|34
|
|switch|p2a: Landorus-Therian|Landorus-Therian, M|211\/325
|-ability|p2a: Landorus-Therian|Intimidate|[of] p1a: Manectric
|-unboost|p1a: Manectric|atk|1
|move|p1a: Manectric|Flamethrower|p2a: Landorus-Therian
|-damage|p2a: Landorus-Therian|83\/325
|
|turn|35
|
|switch|p1a: Landorus-Therian|Landorus-Therian, M|168\/325
|-damage|p1a: Landorus-Therian|128\/325|[from] Stealth Rock
|-ability|p1a: Landorus-Therian|Intimidate|[of] p2a: Landorus-Therian
|-unboost|p2a: Landorus-Therian|atk|1
|move|p2a: Landorus-Therian|U-turn|p1a: Landorus-Therian
|-resisted|p1a: Landorus-Therian
|-damage|p1a: Landorus-Therian|96\/325
|
|switch|p2a: Ferrothorn|Ferrothorn, M|87\/352
|
|-heal|p2a: Ferrothorn|109\/352|[from] item: Leftovers
|turn|36
|
|move|p2a: Ferrothorn|Protect|p2a: Ferrothorn
|-singleturn|p2a: Ferrothorn|Protect
|move|p1a: Landorus-Therian|Earthquake|p2a: Ferrothorn
|-activate|p2a: Ferrothorn|Protect
|
|-heal|p2a: Ferrothorn|131\/352|[from] item: Leftovers
|turn|37
|
|move|p1a: Landorus-Therian|Earthquake|p2a: Ferrothorn
|-damage|p2a: Ferrothorn|11\/352
|move|p2a: Ferrothorn|Leech Seed|p1a: Landorus-Therian
|-start|p1a: Landorus-Therian|move: Leech Seed
|
|-heal|p2a: Ferrothorn|33\/352|[from] item: Leftovers
|-damage|p1a: Landorus-Therian|56\/325|[from] Leech Seed|[of] p2a: Ferrothorn
|-heal|p2a: Ferrothorn|73\/352|[silent]
|turn|38
|
|switch|p1a: Manectric|Manectric-Mega, M|101\/281
|-damage|p1a: Manectric|66\/281|[from] Stealth Rock
|-ability|p1a: Manectric|Intimidate|[of] p2a: Ferrothorn
|-unboost|p2a: Ferrothorn|atk|1
|move|p2a: Ferrothorn|Gyro Ball|p1a: Manectric
|-crit|p1a: Manectric
|-resisted|p1a: Manectric
|-damage|p1a: Manectric|0 fnt
|faint|p1a: Manectric
|
|-heal|p2a: Ferrothorn|95\/352|[from] item: Leftovers
|
|switch|p1a: Landorus-Therian|Landorus-Therian, M|56\/325
|-damage|p1a: Landorus-Therian|16\/325|[from] Stealth Rock
|-ability|p1a: Landorus-Therian|Intimidate|[of] p2a: Ferrothorn
|-unboost|p2a: Ferrothorn|atk|1
|turn|39
|
|move|p1a: Landorus-Therian|Earthquake|p2a: Ferrothorn
|-damage|p2a: Ferrothorn|0 fnt
|faint|p2a: Ferrothorn
|
|
|switch|p2a: Landorus-Therian|Landorus-Therian, M|83\/325
|-ability|p2a: Landorus-Therian|Intimidate|[of] p1a: Landorus-Therian
|-unboost|p1a: Landorus-Therian|atk|1
|turn|40
|
|move|p2a: Landorus-Therian|Knock Off|p1a: Landorus-Therian
|-damage|p1a: Landorus-Therian|0 fnt
|faint|p1a: Landorus-Therian
|
|win|hj regicide
|raw|Ladder updating...
|leave|lt5a call me a god
|player|p1
|raw|lt5a call me a god's rating: 1753 &rarr; <strong>1729<\/strong><br \/>(-24 for losing)
|raw|hj regicide's rating: 1675 &rarr; <strong>1699<\/strong><br \/>(+24 for winning)