|join|hj regicide
|join|UrMahFren
|player|p1|hj regicide|46
|player|p2|UrMahFren|169
|gametype|singles
|gen|6
|tier|OU
|rated
|clearpoke
|poke|p1|Landorus-Therian, M
|poke|p1|Mew
|poke|p1|Gardevoir, F
|poke|p1|Rotom-Wash
|poke|p1|Keldeo
|poke|p1|Ferrothorn, M
|poke|p2|Gliscor, M
|poke|p2|Amoonguss, F
|poke|p2|Mew
|poke|p2|Magnezone
|poke|p2|Landorus, M
|poke|p2|Excadrill, M
|rule|Swagger Clause: Swagger is banned
|rule|Baton Pass Clause: Limit one PokÃ©mon knowing Baton Pass
|rule|Sleep Clause Mod: Limit one foe put to sleep
|rule|Species Clause: Limit one of each PokÃ©mon
|rule|OHKO Clause: OHKO moves are banned
|rule|Moody Clause: Moody is banned
|rule|Evasion Moves Clause: Evasion moves are banned
|rule|Endless Battle Clause: Forcing endless battles is banned
|rule|HP Percentage Mod: HP is shown in percentages
|teampreview
|
|start
|switch|p1a: O DIVINO|Gardevoir, F|277\/277
|switch|p2a: Gliscor|Gliscor, M|354\/354
|-ability|p1a: O DIVINO|Poison Heal|[from] ability: Trace|[of] p2a: Gliscor
|turn|1
|
|detailschange|p1a: O DIVINO|Gardevoir-Mega, F
|message|Gardevoir has Mega Evolved into Mega Gardevoir!
|move|p2a: Gliscor|Protect|p2a: Gliscor
|-singleturn|p2a: Gliscor|Protect
|move|p1a: O DIVINO|Substitute|p1a: O DIVINO
|-start|p1a: O DIVINO|Substitute
|-damage|p1a: O DIVINO|208\/277
|
|-status|p2a: Gliscor|tox|[from] item: Toxic Orb
|turn|2
|
|switch|p2a: Amoonguss|Amoonguss, F|432\/432
|move|p1a: O DIVINO|Hyper Voice|p2a: Amoonguss
|-resisted|p2a: Amoonguss
|-damage|p2a: Amoonguss|330\/432
|
|-heal|p2a: Amoonguss|357\/432|[from] item: Black Sludge
|turn|3
|
|switch|p2a: Magnezone|Magnezone|282\/282
|move|p1a: O DIVINO|Psyshock|p2a: Magnezone
|-resisted|p2a: Magnezone
|-damage|p2a: Magnezone|202\/282
|
|turn|4
|
|move|p2a: Magnezone|Volt Switch|p1a: O DIVINO
|-end|p1a: O DIVINO|Substitute
|
|switch|p2a: Mew|Mew|394\/394
|move|p1a: O DIVINO|Hyper Voice|p2a: Mew
|-damage|p2a: Mew|205\/394
|
|-heal|p2a: Mew|229\/394|[from] item: Leftovers
|turn|5
|
|switch|p2a: Magnezone|Magnezone|202\/282
|move|p1a: O DIVINO|Calm Mind|p1a: O DIVINO
|-boost|p1a: O DIVINO|spa|1
|-boost|p1a: O DIVINO|spd|1
|
|turn|6
|
|move|p2a: Magnezone|Flash Cannon|p1a: O DIVINO
|-supereffective|p1a: O DIVINO
|-damage|p1a: O DIVINO|58\/277
|move|p1a: O DIVINO|Hyper Voice|p2a: Magnezone
|-resisted|p2a: Magnezone
|-damage|p2a: Magnezone|0 fnt
|faint|p2a: Magnezone
|
|
|switch|p2a: Landorus|Landorus, M|320\/320
|turn|7
|
|switch|p1a: ROBERTO CARLOS|Mew|403\/403
|move|p2a: Landorus|Earth Power|p1a: ROBERTO CARLOS
|-damage|p1a: ROBERTO CARLOS|215\/403
|
|-heal|p1a: ROBERTO CARLOS|240\/403|[from] item: Leftovers
|turn|8
|
|switch|p1a: VALDIVIA|Rotom-Wash|303\/303
|move|p2a: Landorus|Stealth Rock|p1a: VALDIVIA
|-sidestart|p1: hj regicide|move: Stealth Rock
|
|turn|9
|
|switch|p2a: Amoonguss|Amoonguss, F|432\/432
|move|p1a: VALDIVIA|Volt Switch|p2a: Amoonguss
|-resisted|p2a: Amoonguss
|-damage|p2a: Amoonguss|393\/432
|
|switch|p1a: O DIVINO|Gardevoir-Mega, F|58\/277
|-damage|p1a: O DIVINO|24\/277|[from] Stealth Rock
|
|-heal|p2a: Amoonguss|420\/432|[from] item: Black Sludge
|turn|10
|
|switch|p2a: Excadrill|Excadrill, M|362\/362
|-ability|p2a: Excadrill|Mold Breaker
|move|p1a: O DIVINO|Psyshock|p2a: Excadrill
|-resisted|p2a: Excadrill
|-damage|p2a: Excadrill|230\/362
|
|turn|11
|
|switch|p1a: DJALMA SANTOS|Landorus-Therian, M|326\/326
|-damage|p1a: DJALMA SANTOS|286\/326|[from] Stealth Rock
|-ability|p1a: DJALMA SANTOS|Intimidate|[of] p2a: Excadrill
|-unboost|p2a: Excadrill|atk|1
|move|p2a: Excadrill|Iron Head|p1a: DJALMA SANTOS
|-damage|p1a: DJALMA SANTOS|186\/326
|
|turn|12
|
|switch|p2a: Landorus|Landorus, M|320\/320
|move|p1a: DJALMA SANTOS|U-turn|p2a: Landorus
|-resisted|p2a: Landorus
|-damage|p2a: Landorus|274\/320
|
|switch|p1a: EDMUNDO|Keldeo|323\/323
|-damage|p1a: EDMUNDO|303\/323|[from] Stealth Rock
|
|turn|13
|
|switch|p2a: Amoonguss|Amoonguss, F|432\/432
|move|p1a: EDMUNDO|Scald|p2a: Amoonguss
|-resisted|p2a: Amoonguss
|-damage|p2a: Amoonguss|339\/432
|
|-heal|p2a: Amoonguss|366\/432|[from] item: Black Sludge
|turn|14
|
|switch|p2a: Mew|Mew|229\/394
|move|p1a: EDMUNDO|Scald|p2a: Mew
|-damage|p2a: Mew|81\/394
|
|-heal|p2a: Mew|105\/394|[from] item: Leftovers
|turn|15
|
|switch|p2a: Amoonguss|Amoonguss, F|432\/432
|move|p1a: EDMUNDO|Scald|p2a: Amoonguss
|-resisted|p2a: Amoonguss
|-damage|p2a: Amoonguss|346\/432
|-status|p2a: Amoonguss|brn
|
|-heal|p2a: Amoonguss|373\/432 brn|[from] item: Black Sludge
|-damage|p2a: Amoonguss|319\/432 brn|[from] brn
|turn|16
|
|switch|p1a: O DIVINO|Gardevoir-Mega, F|24\/277
|-damage|p1a: O DIVINO|0 fnt|[from] Stealth Rock
|faint|p1a: O DIVINO
|switch|p2a: Mew|Mew|105\/394
|
|-heal|p2a: Mew|129\/394|[from] item: Leftovers
|
|switch|p1a: EDMUNDO|Keldeo|303\/323
|-damage|p1a: EDMUNDO|283\/323|[from] Stealth Rock
|turn|17
|
|switch|p2a: Amoonguss|Amoonguss, F|432\/432 brn
|move|p1a: EDMUNDO|Scald|p2a: Amoonguss
|-resisted|p2a: Amoonguss
|-damage|p2a: Amoonguss|349\/432 brn
|
|-heal|p2a: Amoonguss|376\/432 brn|[from] item: Black Sludge
|-damage|p2a: Amoonguss|322\/432 brn|[from] brn
|turn|18
|
|switch|p2a: Mew|Mew|129\/394
|move|p1a: EDMUNDO|Scald|p2a: Mew
|-damage|p2a: Mew|0 fnt
|faint|p2a: Mew
|
|
|switch|p2a: Amoonguss|Amoonguss, F|432\/432 brn
|turn|19
|c|âhj regicide|yay
|
|switch|p1a: MARCOS|Ferrothorn, M|352\/352
|-damage|p1a: MARCOS|330\/352|[from] Stealth Rock
|switch|p2a: Gliscor|Gliscor, M|354\/354 tox
|
|-heal|p1a: MARCOS|352\/352|[from] item: Leftovers
|turn|20
|c|âUrMahFren|u playin me
|
|move|p2a: Gliscor|Substitute|p2a: Gliscor
|-start|p2a: Gliscor|Substitute
|-damage|p2a: Gliscor|266\/354 tox
|move|p1a: MARCOS|Stealth Rock|p2a: Gliscor
|-sidestart|p2: UrMahFren|move: Stealth Rock
|
|-heal|p2a: Gliscor|310\/354 tox|[from] ability: Poison Heal
|turn|21
|c|âhj regicide|:)
|
|move|p2a: Gliscor|Earthquake|p1a: MARCOS
|-damage|p1a: MARCOS|270\/352
|move|p1a: MARCOS|Gyro Ball|p2a: Gliscor
|-end|p2a: Gliscor|Substitute
|
|-heal|p1a: MARCOS|292\/352|[from] item: Leftovers
|-heal|p2a: Gliscor|354\/354 tox|[from] ability: Poison Heal
|turn|22
|
|switch|p1a: VALDIVIA|Rotom-Wash|303\/303
|-damage|p1a: VALDIVIA|266\/303|[from] Stealth Rock
|move|p2a: Gliscor|Substitute|p2a: Gliscor
|-start|p2a: Gliscor|Substitute
|-damage|p2a: Gliscor|266\/354 tox
|
|-heal|p1a: VALDIVIA|284\/303|[from] item: Leftovers
|-heal|p2a: Gliscor|310\/354 tox|[from] ability: Poison Heal
|turn|23
|
|move|p2a: Gliscor|Toxic|p1a: VALDIVIA
|-status|p1a: VALDIVIA|tox
|move|p1a: VALDIVIA|Hydro Pump|p2a: Gliscor
|-supereffective|p2a: Gliscor
|-end|p2a: Gliscor|Substitute
|
|-heal|p1a: VALDIVIA|302\/303 tox|[from] item: Leftovers
|-heal|p2a: Gliscor|354\/354 tox|[from] ability: Poison Heal
|-damage|p1a: VALDIVIA|284\/303 tox|[from] psn
|turn|24
|
|move|p2a: Gliscor|Substitute|p2a: Gliscor
|-start|p2a: Gliscor|Substitute
|-damage|p2a: Gliscor|266\/354 tox
|move|p1a: VALDIVIA|Hydro Pump|p2a: Gliscor
|-supereffective|p2a: Gliscor
|-end|p2a: Gliscor|Substitute
|
|-heal|p1a: VALDIVIA|302\/303 tox|[from] item: Leftovers
|-heal|p2a: Gliscor|310\/354 tox|[from] ability: Poison Heal
|-damage|p1a: VALDIVIA|266\/303 tox|[from] psn
|turn|25
|
|move|p2a: Gliscor|Substitute|p2a: Gliscor
|-start|p2a: Gliscor|Substitute
|-damage|p2a: Gliscor|222\/354 tox
|move|p1a: VALDIVIA|Hydro Pump|p2a: Gliscor
|-supereffective|p2a: Gliscor
|-end|p2a: Gliscor|Substitute
|
|-heal|p1a: VALDIVIA|284\/303 tox|[from] item: Leftovers
|-heal|p2a: Gliscor|266\/354 tox|[from] ability: Poison Heal
|-damage|p1a: VALDIVIA|230\/303 tox|[from] psn
|turn|26
|
|move|p2a: Gliscor|Protect|p2a: Gliscor
|-singleturn|p2a: Gliscor|Protect
|move|p1a: VALDIVIA|Hydro Pump|p2a: Gliscor
|-activate|p2a: Gliscor|Protect
|
|-heal|p1a: VALDIVIA|248\/303 tox|[from] item: Leftovers
|-heal|p2a: Gliscor|310\/354 tox|[from] ability: Poison Heal
|-damage|p1a: VALDIVIA|176\/303 tox|[from] psn
|turn|27
|
|move|p2a: Gliscor|Substitute|p2a: Gliscor
|-start|p2a: Gliscor|Substitute
|-damage|p2a: Gliscor|222\/354 tox
|move|p1a: VALDIVIA|Hydro Pump|p2a: Gliscor
|-supereffective|p2a: Gliscor
|-end|p2a: Gliscor|Substitute
|
|-heal|p1a: VALDIVIA|194\/303 tox|[from] item: Leftovers
|-heal|p2a: Gliscor|266\/354 tox|[from] ability: Poison Heal
|-damage|p1a: VALDIVIA|104\/303 tox|[from] psn
|turn|28
|
|switch|p1a: EDMUNDO|Keldeo|283\/323
|-damage|p1a: EDMUNDO|263\/323|[from] Stealth Rock
|move|p2a: Gliscor|Protect|p2a: Gliscor
|-fail|p2a: Gliscor
|
|-heal|p2a: Gliscor|310\/354 tox|[from] ability: Poison Heal
|turn|29
|c|âhj regicide|ha
|
|move|p2a: Gliscor|Protect|p2a: Gliscor
|-singleturn|p2a: Gliscor|Protect
|move|p1a: EDMUNDO|Icy Wind|p2a: Gliscor
|-activate|p2a: Gliscor|Protect
|
|-heal|p2a: Gliscor|354\/354 tox|[from] ability: Poison Heal
|turn|30
|c|âUrMahFren|ohoho
|
|switch|p2a: Amoonguss|Amoonguss, F|432\/432 brn
|-damage|p2a: Amoonguss|378\/432 brn|[from] Stealth Rock
|move|p1a: EDMUNDO|Icy Wind|p2a: Amoonguss
|-supereffective|p2a: Amoonguss
|-damage|p2a: Amoonguss|212\/432 brn
|-unboost|p2a: Amoonguss|spe|1
|
|-heal|p2a: Amoonguss|239\/432 brn|[from] item: Black Sludge
|-damage|p2a: Amoonguss|185\/432 brn|[from] brn
|turn|31
|c|âhj regicide|hue
|c|âUrMahFren|no more ice chex :[
|
|switch|p2a: Landorus|Landorus, M|274\/320
|-damage|p2a: Landorus|234\/320|[from] Stealth Rock
|move|p1a: EDMUNDO|Icy Wind|p2a: Landorus
|-supereffective|p2a: Landorus
|-damage|p2a: Landorus|0 fnt
|faint|p2a: Landorus
|
|
|switch|p2a: Excadrill|Excadrill, M|230\/362
|-damage|p2a: Excadrill|219\/362|[from] Stealth Rock
|-ability|p2a: Excadrill|Mold Breaker
|turn|32
|
|switch|p1a: MARCOS|Ferrothorn, M|292\/352
|-damage|p1a: MARCOS|270\/352|[from] Stealth Rock
|move|p2a: Excadrill|Iron Head|p1a: MARCOS
|-crit|p1a: MARCOS
|-resisted|p1a: MARCOS
|-damage|p1a: MARCOS|189\/352
|-damage|p2a: Excadrill|174\/362|[from] ability: Iron Barbs|[of] p1a: MARCOS
|
|-heal|p1a: MARCOS|211\/352|[from] item: Leftovers
|turn|33
|c|âUrMahFren|U THINK THIS IS A GAME
|c|âhj regicide|yeh
|
|switch|p2a: Amoonguss|Amoonguss, F|329\/432 brn
|-damage|p2a: Amoonguss|275\/432 brn|[from] Stealth Rock
|switch|p1a: EDMUNDO|Keldeo|263\/323
|-damage|p1a: EDMUNDO|243\/323|[from] Stealth Rock
|
|-heal|p2a: Amoonguss|302\/432 brn|[from] item: Black Sludge
|-damage|p2a: Amoonguss|248\/432 brn|[from] brn
|turn|34
|c|âUrMahFren|u may be right
|
|switch|p1a: VALDIVIA|Rotom-Wash|104\/303 tox
|-damage|p1a: VALDIVIA|67\/303 tox|[from] Stealth Rock
|move|p2a: Amoonguss|Spore|p1a: VALDIVIA
|-fail|p1a: VALDIVIA
|
|-heal|p1a: VALDIVIA|85\/303 tox|[from] item: Leftovers
|-heal|p2a: Amoonguss|275\/432 brn|[from] item: Black Sludge
|-damage|p1a: VALDIVIA|67\/303 tox|[from] psn
|-damage|p2a: Amoonguss|221\/432 brn|[from] brn
|turn|35
|c|âhj regicide|this is a fun game
|
|move|p1a: VALDIVIA|Pain Split|p2a: Amoonguss
|-sethp|p2a: Amoonguss|144\/432 brn|p1a: VALDIVIA|144\/303 tox|[from] move: Pain Split
|move|p2a: Amoonguss|Giga Drain|p1a: VALDIVIA
|-supereffective|p1a: VALDIVIA
|-damage|p1a: VALDIVIA|22\/303 tox
|-heal|p2a: Amoonguss|205\/432 brn|[from] drain|[of] p1a: VALDIVIA
|
|-heal|p1a: VALDIVIA|40\/303 tox|[from] item: Leftovers
|-heal|p2a: Amoonguss|232\/432 brn|[from] item: Black Sludge
|-damage|p1a: VALDIVIA|4\/303 tox|[from] psn
|-damage|p2a: Amoonguss|178\/432 brn|[from] brn
|turn|36
|c|âUrMahFren|how dare you
|c|âUrMahFren|no1 is supposed to have fun with mons
|
|switch|p2a: Excadrill|Excadrill, M|174\/362
|-damage|p2a: Excadrill|163\/362|[from] Stealth Rock
|-ability|p2a: Excadrill|Mold Breaker
|move|p1a: VALDIVIA|Hydro Pump|p2a: Excadrill
|-supereffective|p2a: Excadrill
|-damage|p2a: Excadrill|0 fnt
|faint|p2a: Excadrill
|
|-heal|p1a: VALDIVIA|22\/303 tox|[from] item: Leftovers
|-damage|p1a: VALDIVIA|0 fnt|[from] psn
|faint|p1a: VALDIVIA
|
|switch|p1a: ROBERTO CARLOS|Mew|240\/403
|-damage|p1a: ROBERTO CARLOS|190\/403|[from] Stealth Rock
|switch|p2a: Amoonguss|Amoonguss, F|322\/432 brn
|-damage|p2a: Amoonguss|268\/432 brn|[from] Stealth Rock
|turn|37
|
|switch|p2a: Gliscor|Gliscor, M|354\/354 tox
|-damage|p2a: Gliscor|310\/354 tox|[from] Stealth Rock
|move|p1a: ROBERTO CARLOS|Taunt|p2a: Gliscor
|-start|p2a: Gliscor|move: Taunt
|
|-heal|p1a: ROBERTO CARLOS|215\/403|[from] item: Leftovers
|-heal|p2a: Gliscor|354\/354 tox|[from] ability: Poison Heal
|turn|38
|
|move|p1a: ROBERTO CARLOS|Soft-Boiled|p1a: ROBERTO CARLOS
|-heal|p1a: ROBERTO CARLOS|403\/403
|move|p2a: Gliscor|Earthquake|p1a: ROBERTO CARLOS
|-damage|p1a: ROBERTO CARLOS|288\/403
|
|-heal|p1a: ROBERTO CARLOS|313\/403|[from] item: Leftovers
|turn|39
|
|move|p1a: ROBERTO CARLOS|Knock Off|p2a: Gliscor
|-damage|p2a: Gliscor|304\/354 tox
|-enditem|p2a: Gliscor|Toxic Orb|[from] move: Knock Off|[of] p1a: ROBERTO CARLOS
|move|p2a: Gliscor|Earthquake|p1a: ROBERTO CARLOS
|-damage|p1a: ROBERTO CARLOS|204\/403
|
|-heal|p1a: ROBERTO CARLOS|229\/403|[from] item: Leftovers
|-heal|p2a: Gliscor|348\/354 tox|[from] ability: Poison Heal
|turn|40
|
|move|p1a: ROBERTO CARLOS|Knock Off|p2a: Gliscor
|-damage|p2a: Gliscor|314\/354 tox
|move|p2a: Gliscor|Earthquake|p1a: ROBERTO CARLOS
|-damage|p1a: ROBERTO CARLOS|109\/403
|
|-heal|p1a: ROBERTO CARLOS|134\/403|[from] item: Leftovers
|-heal|p2a: Gliscor|354\/354 tox|[from] ability: Poison Heal
|-end|p2a: Gliscor|move: Taunt
|turn|41
|
|move|p1a: ROBERTO CARLOS|Taunt|p2a: Gliscor
|-start|p2a: Gliscor|move: Taunt
|move|p2a: Gliscor|Earthquake|p1a: ROBERTO CARLOS
|-crit|p1a: ROBERTO CARLOS
|-damage|p1a: ROBERTO CARLOS|0 fnt
|faint|p1a: ROBERTO CARLOS
|
|
|switch|p1a: EDMUNDO|Keldeo|243\/323
|-damage|p1a: EDMUNDO|223\/323|[from] Stealth Rock
|turn|42
|c|âUrMahFren|i predicted that
|
|switch|p2a: Amoonguss|Amoonguss, F|412\/432 brn
|-damage|p2a: Amoonguss|358\/432 brn|[from] Stealth Rock
|move|p1a: EDMUNDO|Icy Wind|p2a: Amoonguss
|-miss|p1a: EDMUNDO|p2a: Amoonguss
|
|-heal|p2a: Amoonguss|385\/432 brn|[from] item: Black Sludge
|-damage|p2a: Amoonguss|331\/432 brn|[from] brn
|turn|43
|c|âhj regicide|:(
|c|âhj regicide|:(
|c|âUrMahFren|:))
|
|switch|p1a: MARCOS|Ferrothorn, M|211\/352
|-damage|p1a: MARCOS|189\/352|[from] Stealth Rock
|move|p2a: Amoonguss|Giga Drain|p1a: MARCOS
|-resisted|p1a: MARCOS
|-damage|p1a: MARCOS|175\/352
|-heal|p2a: Amoonguss|338\/432 brn|[from] drain|[of] p1a: MARCOS
|
|-heal|p2a: Amoonguss|365\/432 brn|[from] item: Black Sludge
|-heal|p1a: MARCOS|197\/352|[from] item: Leftovers
|-damage|p2a: Amoonguss|311\/432 brn|[from] brn
|turn|44
|
|switch|p2a: Gliscor|Gliscor, M|354\/354 tox
|-damage|p2a: Gliscor|310\/354 tox|[from] Stealth Rock
|move|p1a: MARCOS|Leech Seed|p2a: Gliscor
|-start|p2a: Gliscor|move: Leech Seed
|
|-heal|p1a: MARCOS|219\/352|[from] item: Leftovers
|-damage|p2a: Gliscor|266\/354 tox|[from] Leech Seed|[of] p1a: MARCOS
|-heal|p1a: MARCOS|263\/352|[silent]
|-heal|p2a: Gliscor|310\/354 tox|[from] ability: Poison Heal
|turn|45
|
|switch|p2a: Amoonguss|Amoonguss, F|432\/432 brn
|-damage|p2a: Amoonguss|378\/432 brn|[from] Stealth Rock
|move|p1a: MARCOS|Gyro Ball|p2a: Amoonguss
|-damage|p2a: Amoonguss|288\/432 brn
|
|-heal|p2a: Amoonguss|315\/432 brn|[from] item: Black Sludge
|-heal|p1a: MARCOS|285\/352|[from] item: Leftovers
|-damage|p2a: Amoonguss|261\/432 brn|[from] brn
|turn|46
|
|switch|p2a: Gliscor|Gliscor, M|310\/354 tox
|-damage|p2a: Gliscor|266\/354 tox|[from] Stealth Rock
|move|p1a: MARCOS|Leech Seed|p2a: Gliscor
|-start|p2a: Gliscor|move: Leech Seed
|
|-heal|p1a: MARCOS|307\/352|[from] item: Leftovers
|-damage|p2a: Gliscor|222\/354 tox|[from] Leech Seed|[of] p1a: MARCOS
|-heal|p1a: MARCOS|351\/352|[silent]
|-heal|p2a: Gliscor|266\/354 tox|[from] ability: Poison Heal
|turn|47
|c|âhj regicide|hue
|c|âUrMahFren|i deserve hax
|
|switch|p2a: Amoonguss|Amoonguss, F|405\/432 brn
|-damage|p2a: Amoonguss|351\/432 brn|[from] Stealth Rock
|move|p1a: MARCOS|Gyro Ball|p2a: Amoonguss
|-damage|p2a: Amoonguss|267\/432 brn
|
|-heal|p2a: Amoonguss|294\/432 brn|[from] item: Black Sludge
|-heal|p1a: MARCOS|352\/352|[from] item: Leftovers
|-damage|p2a: Amoonguss|240\/432 brn|[from] brn
|turn|48
|c|âUrMahFren|cuz u outplay me
|c|âhj regicide|lol wut
|c|âUrMahFren|makes perfect sense imo
|
|switch|p2a: Gliscor|Gliscor, M|266\/354 tox
|-damage|p2a: Gliscor|222\/354 tox|[from] Stealth Rock
|move|p1a: MARCOS|Gyro Ball|p2a: Gliscor
|-damage|p2a: Gliscor|117\/354 tox
|
|-heal|p2a: Gliscor|161\/354 tox|[from] ability: Poison Heal
|turn|49
|c|âhj regicide|:(
|
|move|p2a: Gliscor|Substitute|p2a: Gliscor
|-start|p2a: Gliscor|Substitute
|-damage|p2a: Gliscor|73\/354 tox
|move|p1a: MARCOS|Gyro Ball|p2a: Gliscor
|-end|p2a: Gliscor|Substitute
|
|-heal|p2a: Gliscor|117\/354 tox|[from] ability: Poison Heal
|turn|50
|
|move|p2a: Gliscor|Substitute|p2a: Gliscor
|-start|p2a: Gliscor|Substitute
|-damage|p2a: Gliscor|29\/354 tox
|move|p1a: MARCOS|Gyro Ball|p2a: Gliscor
|-end|p2a: Gliscor|Substitute
|
|-heal|p2a: Gliscor|73\/354 tox|[from] ability: Poison Heal
|turn|51
|
|switch|p1a: EDMUNDO|Keldeo|223\/323
|-damage|p1a: EDMUNDO|203\/323|[from] Stealth Rock
|move|p2a: Gliscor|Protect|p2a: Gliscor
|-fail|p2a: Gliscor
|
|-heal|p2a: Gliscor|117\/354 tox|[from] ability: Poison Heal
|turn|52
|
|move|p2a: Gliscor|Protect|p2a: Gliscor
|-singleturn|p2a: Gliscor|Protect
|move|p1a: EDMUNDO|Icy Wind|p2a: Gliscor
|-activate|p2a: Gliscor|Protect
|
|-heal|p2a: Gliscor|161\/354 tox|[from] ability: Poison Heal
|turn|53
|
|switch|p2a: Amoonguss|Amoonguss, F|384\/432 brn
|-damage|p2a: Amoonguss|330\/432 brn|[from] Stealth Rock
|move|p1a: EDMUNDO|Icy Wind|p2a: Amoonguss
|-supereffective|p2a: Amoonguss
|-damage|p2a: Amoonguss|164\/432 brn
|-unboost|p2a: Amoonguss|spe|1
|
|-heal|p2a: Amoonguss|191\/432 brn|[from] item: Black Sludge
|-damage|p2a: Amoonguss|137\/432 brn|[from] brn
|turn|54
|c|âhj regicide|mah god
|c|âhj regicide|just die
|
|move|p1a: EDMUNDO|Icy Wind|p2a: Amoonguss
|-supereffective|p2a: Amoonguss
|-damage|p2a: Amoonguss|0 fnt
|faint|p2a: Amoonguss
|
|
|switch|p2a: Gliscor|Gliscor, M|161\/354 tox
|-damage|p2a: Gliscor|117\/354 tox|[from] Stealth Rock
|turn|55
|c|âhj regicide|yeah
|c|âUrMahFren|are you ready
|
|move|p2a: Gliscor|Protect|p2a: Gliscor
|-singleturn|p2a: Gliscor|Protect
|move|p1a: EDMUNDO|Icy Wind|p2a: Gliscor
|-activate|p2a: Gliscor|Protect
|
|-heal|p2a: Gliscor|161\/354 tox|[from] ability: Poison Heal
|turn|56
|c|âUrMahFren|to miss?
|c|âhj regicide|:(
|
|move|p1a: EDMUNDO|Icy Wind|p2a: Gliscor
|-supereffective|p2a: Gliscor
|-damage|p2a: Gliscor|0 fnt
|faint|p2a: Gliscor
|
|win|hj regicide
|raw|Ladder updating...
|c|âUrMahFren|gg c:
|c|âhj regicide|gg
|raw|Ladder (probably) updated, but score could not be retrieved (timeout).
|raw|Ladder (probably) updated, but score could not be retrieved (Error: socket hang up).
|c|âhj regicide|UrMahFren