|join|hj regicide
|join|z0mOG
|player|p1|hj regicide|46
|player|p2|z0mOG|243
|gametype|singles
|gen|6
|tier|OU
|rated
|clearpoke
|poke|p1|Charizard, M
|poke|p1|Mienshao, F
|poke|p1|Latios, M
|poke|p1|Raikou
|poke|p1|Ferrothorn, F
|poke|p1|Landorus-Therian, M
|poke|p2|Gengar, F
|poke|p2|Terrakion
|poke|p2|Smeargle, F
|poke|p2|Gyarados, F
|poke|p2|Tyranitar, F
|poke|p2|Excadrill, M
|rule|Swagger Clause: Swagger is banned
|rule|Baton Pass Clause: Limit one PokÃ©mon knowing Baton Pass
|rule|Sleep Clause Mod: Limit one foe put to sleep
|rule|Species Clause: Limit one of each PokÃ©mon
|rule|OHKO Clause: OHKO moves are banned
|rule|Moody Clause: Moody is banned
|rule|Evasion Moves Clause: Evasion moves are banned
|rule|Endless Battle Clause: Forcing endless battles is banned
|rule|HP Percentage Mod: HP is shown in percentages
|teampreview
|
|start
|switch|p1a: Mienshao|Mienshao, F|279\/279
|switch|p2a: Gyarados|Gyarados, F|331\/331
|-ability|p2a: Gyarados|Intimidate|[of] p1a: Mienshao
|-unboost|p1a: Mienshao|atk|1
|turn|1
|
|move|p1a: Mienshao|U-turn|p2a: Gyarados
|-resisted|p2a: Gyarados
|-damage|p2a: Gyarados|289\/331
|-damage|p1a: Mienshao|252\/279|[from] item: Life Orb
|
|switch|p1a: Ferrothorn|Ferrothorn, F|352\/352
|move|p2a: Gyarados|Waterfall|p1a: Ferrothorn
|-resisted|p1a: Ferrothorn
|-damage|p1a: Ferrothorn|305\/352
|-damage|p2a: Gyarados|248\/331|[from] ability: Iron Barbs|[of] p1a: Ferrothorn
|
|-heal|p1a: Ferrothorn|327\/352|[from] item: Leftovers
|turn|2
|
|switch|p1a: Raikou|Raikou|321\/321
|-ability|p1a: Raikou|Pressure
|move|p2a: Gyarados|Substitute|p2a: Gyarados
|-start|p2a: Gyarados|Substitute
|-damage|p2a: Gyarados|166\/331
|
|turn|3
|
|detailschange|p2a: Gyarados|Gyarados-Mega, F
|message|Gyarados has Mega Evolved into Mega Gyarados!
|-ability|p2a: Gyarados|Mold Breaker
|move|p1a: Raikou|Volt Switch|p2a: Gyarados
|-supereffective|p2a: Gyarados
|-end|p2a: Gyarados|Substitute
|
|switch|p1a: Landorus-Therian|Landorus-Therian, M|325\/325
|-ability|p1a: Landorus-Therian|Intimidate|[of] p2a: Gyarados
|-unboost|p2a: Gyarados|atk|1
|move|p2a: Gyarados|Waterfall|p1a: Landorus-Therian
|-supereffective|p1a: Landorus-Therian
|-damage|p1a: Landorus-Therian|67\/325
|
|turn|4
|
|switch|p2a: Gengar|Gengar, F|262\/262
|move|p1a: Landorus-Therian|U-turn|p2a: Gengar
|-resisted|p2a: Gengar
|-damage|p2a: Gengar|231\/262
|
|switch|p1a: Raikou|Raikou|321\/321
|-ability|p1a: Raikou|Pressure
|
|turn|5
|
|switch|p2a: Tyranitar|Tyranitar, F|399\/399
|-weather|Sandstorm
|move|p1a: Raikou|Volt Switch|p2a: Tyranitar
|-damage|p2a: Tyranitar|290\/399
|
|switch|p1a: Mienshao|Mienshao, F|279\/279
|
|-weather|Sandstorm|[upkeep]
|-damage|p1a: Mienshao|262\/279|[from] sandstorm
|turn|6
|
|switch|p2a: Gyarados|Gyarados-Mega, F|166\/331
|-ability|p2a: Gyarados|Mold Breaker
|move|p1a: Mienshao|U-turn|p2a: Gyarados
|-supereffective|p2a: Gyarados
|-damage|p2a: Gyarados|0 fnt
|-damage|p1a: Mienshao|235\/279|[from] item: Life Orb
|faint|p2a: Gyarados
|
|switch|p1a: Landorus-Therian|Landorus-Therian, M|67\/325
|
|-weather|Sandstorm|[upkeep]
|
|switch|p2a: Gengar|Gengar, F|231\/262
|turn|7
|
|switch|p2a: Terrakion|Terrakion|323\/323
|move|p1a: Landorus-Therian|U-turn|p2a: Terrakion
|-resisted|p2a: Terrakion
|-damage|p2a: Terrakion|272\/323
|
|switch|p1a: Latios|Latios, M|301\/301
|
|-weather|Sandstorm|[upkeep]
|-damage|p1a: Latios|283\/301|[from] sandstorm
|turn|8
|
|move|p1a: Latios|Hidden Power|p2a: Terrakion
|-supereffective|p2a: Terrakion
|-damage|p2a: Terrakion|132\/323
|-damage|p1a: Latios|253\/301|[from] item: Life Orb
|move|p2a: Terrakion|Stone Edge|p1a: Latios|[miss]
|-miss|p2a: Terrakion|p1a: Latios
|
|-weather|Sandstorm|[upkeep]
|-damage|p1a: Latios|235\/301|[from] sandstorm
|turn|9
|c|âz0mOG|aw yeah!
|
|switch|p2a: Tyranitar|Tyranitar, F|290\/399
|move|p1a: Latios|Hidden Power|p2a: Tyranitar
|-supereffective|p2a: Tyranitar
|-damage|p2a: Tyranitar|51\/399
|-damage|p1a: Latios|205\/301|[from] item: Life Orb
|
|-weather|Sandstorm|[upkeep]
|-damage|p1a: Latios|187\/301|[from] sandstorm
|turn|10
|
|move|p1a: Latios|Hidden Power|p2a: Tyranitar
|-supereffective|p2a: Tyranitar
|-damage|p2a: Tyranitar|0 fnt
|-damage|p1a: Latios|157\/301|[from] item: Life Orb
|faint|p2a: Tyranitar
|
|-weather|Sandstorm|[upkeep]
|-damage|p1a: Latios|139\/301|[from] sandstorm
|
|switch|p2a: Gengar|Gengar, F|231\/262
|turn|11
|
|switch|p1a: Raikou|Raikou|321\/321
|-ability|p1a: Raikou|Pressure
|move|p2a: Gengar|Shadow Ball|p1a: Raikou
|-damage|p1a: Raikou|138\/321
|-damage|p2a: Gengar|205\/262|[from] item: Life Orb
|
|-weather|Sandstorm|[upkeep]
|-damage|p1a: Raikou|118\/321|[from] sandstorm
|-damage|p2a: Gengar|189\/262|[from] sandstorm
|turn|12
|
|switch|p2a: Excadrill|Excadrill, M|362\/362
|move|p1a: Raikou|Volt Switch|p2a: Excadrill
|-immune|p2a: Excadrill|[msg]
|
|-weather|none
|turn|13
|
|switch|p1a: Ferrothorn|Ferrothorn, F|327\/352
|move|p2a: Excadrill|Iron Head|p1a: Ferrothorn
|-resisted|p1a: Ferrothorn
|-damage|p1a: Ferrothorn|259\/352
|-damage|p2a: Excadrill|317\/362|[from] ability: Iron Barbs|[of] p1a: Ferrothorn
|-damage|p2a: Excadrill|281\/362|[from] item: Life Orb
|
|-heal|p1a: Ferrothorn|281\/352|[from] item: Leftovers
|turn|14
|
|move|p2a: Excadrill|Earthquake|p1a: Ferrothorn
|-damage|p1a: Ferrothorn|113\/352
|-damage|p2a: Excadrill|245\/362|[from] item: Life Orb
|move|p1a: Ferrothorn|Stealth Rock|p2a: Excadrill
|-sidestart|p2: z0mOG|move: Stealth Rock
|
|-heal|p1a: Ferrothorn|135\/352|[from] item: Leftovers
|turn|15
|
|move|p2a: Excadrill|Earthquake|p1a: Ferrothorn
|-damage|p1a: Ferrothorn|0 fnt
|-damage|p2a: Excadrill|209\/362|[from] item: Life Orb
|faint|p1a: Ferrothorn
|
|
|switch|p1a: Landorus-Therian|Landorus-Therian, M|67\/325
|-ability|p1a: Landorus-Therian|Intimidate|[of] p2a: Excadrill
|-unboost|p2a: Excadrill|atk|1
|turn|16
|
|move|p1a: Landorus-Therian|Knock Off|p2a: Excadrill
|-damage|p2a: Excadrill|30\/362
|-enditem|p2a: Excadrill|Life Orb|[from] move: Knock Off|[of] p1a: Landorus-Therian
|move|p2a: Excadrill|Iron Head|p1a: Landorus-Therian
|-damage|p1a: Landorus-Therian|0 fnt
|faint|p1a: Landorus-Therian
|
|
|switch|p1a: Mienshao|Mienshao, F|279\/279
|turn|17
|
|move|p1a: Mienshao|U-turn|p2a: Excadrill
|-resisted|p2a: Excadrill
|-damage|p2a: Excadrill|0 fnt
|-damage|p1a: Mienshao|252\/279|[from] item: Life Orb
|faint|p2a: Excadrill
|
|switch|p1a: Raikou|Raikou|118\/321
|-ability|p1a: Raikou|Pressure
|
|
|switch|p2a: Terrakion|Terrakion|132\/323
|-damage|p2a: Terrakion|112\/323|[from] Stealth Rock
|turn|18
|c|âz0mOG|Hey, you're a good battler. Would you be interested in my battling club?
|
|move|p1a: Raikou|Thunderbolt|p2a: Terrakion
|-damage|p2a: Terrakion|0 fnt
|faint|p2a: Terrakion
|
|
|switch|p2a: Smeargle|Smeargle, F|314\/314
|-damage|p2a: Smeargle|275\/314|[from] Stealth Rock
|turn|19
|
|move|p1a: Raikou|Thunderbolt|p2a: Smeargle
|-damage|p2a: Smeargle|0 fnt
|faint|p2a: Smeargle
|
|
|switch|p2a: Gengar|Gengar, F|189\/262
|-damage|p2a: Gengar|157\/262|[from] Stealth Rock
|turn|20
|
|move|p1a: Raikou|Thunderbolt|p2a: Gengar
|-damage|p2a: Gengar|0 fnt
|faint|p2a: Gengar
|
|win|hj regicide
|raw|Ladder updating...