|join|hj regicide
|join|LT6A PDC
|player|p1|hj regicide|46
|player|p2|LT6A PDC|98
|gametype|singles
|gen|6
|tier|OU
|rated
|clearpoke
|poke|p1|Azumarill, F
|poke|p1|Talonflame, M
|poke|p1|Landorus-Therian, M
|poke|p1|Ferrothorn, F
|poke|p1|Heracross, F
|poke|p1|Latias, F
|poke|p2|Aerodactyl, M
|poke|p2|Azelf
|poke|p2|Landorus, M
|poke|p2|Dragonite, F
|poke|p2|Breloom, M
|poke|p2|Greninja, M
|rule|Swagger Clause: Swagger is banned
|rule|Baton Pass Clause: Limit one PokÃ©mon knowing Baton Pass
|rule|Sleep Clause Mod: Limit one foe put to sleep
|rule|Species Clause: Limit one of each PokÃ©mon
|rule|OHKO Clause: OHKO moves are banned
|rule|Moody Clause: Moody is banned
|rule|Evasion Moves Clause: Evasion moves are banned
|rule|Endless Battle Clause: Forcing endless battles is banned
|rule|HP Percentage Mod: HP is shown in percentages
|teampreview
|
|start
|switch|p1a: Heracross|Heracross, F|301\/301
|switch|p2a: Azelf|Azelf|291\/291
|turn|1
|
|detailschange|p1a: Heracross|Heracross-Mega, F
|message|Heracross has Mega Evolved into Mega Heracross!
|move|p2a: Azelf|Stealth Rock|p1a: Heracross
|-sidestart|p1: hj regicide|move: Stealth Rock
|move|p1a: Heracross|Pin Missile|p2a: Azelf
|-supereffective|p2a: Azelf
|-damage|p2a: Azelf|105\/291
|-supereffective|p2a: Azelf
|-damage|p2a: Azelf|0 fnt
|-hitcount|p2a: Azelf|2
|faint|p2a: Azelf
|
|
|switch|p2a: Landorus|Landorus, M|319\/319
|turn|2
|c|âLT6A PDC|lag.
|
|move|p2a: Landorus|Knock Off|p1a: Heracross
|-resisted|p1a: Heracross
|-damage|p1a: Heracross|266\/301
|-damage|p2a: Landorus|288\/319|[from] item: Life Orb
|move|p1a: Heracross|Rock Blast|p2a: Landorus
|-damage|p2a: Landorus|247\/319
|-damage|p2a: Landorus|207\/319
|-damage|p2a: Landorus|163\/319
|-damage|p2a: Landorus|117\/319
|-crit|p2a: Landorus
|-damage|p2a: Landorus|57\/319
|-hitcount|p2a: Landorus|5
|
|turn|3
|
|switch|p1a: Latias|Latias, F|319\/319
|-damage|p1a: Latias|280\/319|[from] Stealth Rock
|move|p2a: Landorus|Knock Off|p1a: Latias
|-supereffective|p1a: Latias
|-damage|p1a: Latias|10\/319
|-enditem|p1a: Latias|Life Orb|[from] move: Knock Off|[of] p2a: Landorus
|-damage|p2a: Landorus|26\/319|[from] item: Life Orb
|
|turn|4
|
|move|p1a: Latias|Defog|p2a: Landorus
|-unboost|p2a: Landorus|evasion|1
|-sideend|p1: hj regicide|Stealth Rock|[from] move: Defog|[of] p1a: Latias
|move|p2a: Landorus|Psychic|p1a: Latias
|-resisted|p1a: Latias
|-damage|p1a: Latias|0 fnt
|faint|p1a: Latias
|
|
|switch|p1a: Talonflame|Talonflame, M|324\/324
|turn|5
|
|move|p1a: Talonflame|Brave Bird|p2a: Landorus
|-damage|p2a: Landorus|0 fnt
|-damage|p1a: Talonflame|315\/324|[from] recoil|[of] p2a: Landorus
|faint|p2a: Landorus
|
|
|switch|p2a: Aerodactyl|Aerodactyl, M|301\/301
|turn|6
|
|switch|p1a: Landorus-Therian|Landorus-Therian, M|369\/369
|-ability|p1a: Landorus-Therian|Intimidate|[of] p2a: Aerodactyl
|-unboost|p2a: Aerodactyl|atk|1
|detailschange|p2a: Aerodactyl|Aerodactyl-Mega, M
|message|Aerodactyl has Mega Evolved into Mega Aerodactyl!
|move|p2a: Aerodactyl|Aerial Ace|p1a: Landorus-Therian
|-damage|p1a: Landorus-Therian|285\/369
|
|-heal|p1a: Landorus-Therian|308\/369|[from] item: Leftovers
|turn|7
|
|move|p2a: Aerodactyl|Aqua Tail|p1a: Landorus-Therian
|-supereffective|p1a: Landorus-Therian
|-damage|p1a: Landorus-Therian|126\/369
|move|p1a: Landorus-Therian|Stealth Rock|p2a: Aerodactyl
|-sidestart|p2: LT6A PDC|move: Stealth Rock
|
|-heal|p1a: Landorus-Therian|149\/369|[from] item: Leftovers
|turn|8
|
|switch|p1a: Ferrothorn|Ferrothorn, F|352\/352
|move|p2a: Aerodactyl|Hone Claws|p2a: Aerodactyl
|-boost|p2a: Aerodactyl|atk|1
|-boost|p2a: Aerodactyl|accuracy|1
|
|turn|9
|
|switch|p2a: Greninja|Greninja, M|285\/285
|-damage|p2a: Greninja|250\/285|[from] Stealth Rock
|move|p1a: Ferrothorn|Gyro Ball|p2a: Greninja
|-resisted|p2a: Greninja
|-damage|p2a: Greninja|140\/285
|
|turn|10
|
|switch|p1a: Azumarill|Azumarill, F|401\/401
|move|p2a: Greninja|Hidden Power|p1a: Azumarill
|-start|p2a: Greninja|typechange|Fire|[from] Protean
|-resisted|p1a: Azumarill
|-damage|p1a: Azumarill|356\/401
|-damage|p2a: Greninja|112\/285|[from] item: Life Orb
|
|turn|11
|
|move|p2a: Greninja|Grass Knot|p1a: Azumarill
|-start|p2a: Greninja|typechange|Grass|[from] Protean
|-supereffective|p1a: Azumarill
|-damage|p1a: Azumarill|182\/401
|-damage|p2a: Greninja|84\/285|[from] item: Life Orb
|move|p1a: Azumarill|Play Rough|p2a: Greninja
|-damage|p2a: Greninja|0 fnt
|faint|p2a: Greninja
|
|
|switch|p2a: Breloom|Breloom, M|262\/262
|-damage|p2a: Breloom|246\/262|[from] Stealth Rock
|turn|12
|
|move|p2a: Breloom|Spore|p1a: Azumarill
|-status|p1a: Azumarill|slp
|cant|p1a: Azumarill|slp
|
|turn|13
|
|switch|p1a: Landorus-Therian|Landorus-Therian, M|149\/369
|-ability|p1a: Landorus-Therian|Intimidate|[of] p2a: Breloom
|-unboost|p2a: Breloom|atk|1
|move|p2a: Breloom|Rock Tomb|p1a: Landorus-Therian
|-damage|p1a: Landorus-Therian|92\/369
|-unboost|p1a: Landorus-Therian|spe|1
|
|-heal|p1a: Landorus-Therian|115\/369|[from] item: Leftovers
|turn|14
|
|move|p2a: Breloom|Bullet Seed|p1a: Landorus-Therian
|-damage|p1a: Landorus-Therian|76\/369
|-damage|p1a: Landorus-Therian|37\/369
|-damage|p1a: Landorus-Therian|3\/369
|-hitcount|p1a: Landorus-Therian|3
|move|p1a: Landorus-Therian|U-turn|p2a: Breloom
|-damage|p2a: Breloom|154\/262
|
|switch|p1a: Talonflame|Talonflame, M|315\/324
|
|turn|15
|
|move|p1a: Talonflame|Brave Bird|p2a: Breloom
|-supereffective|p2a: Breloom
|-damage|p2a: Breloom|0 fnt
|-damage|p1a: Talonflame|264\/324|[from] recoil|[of] p2a: Breloom
|faint|p2a: Breloom
|
|
|switch|p2a: Aerodactyl|Aerodactyl-Mega, M|301\/301
|-damage|p2a: Aerodactyl|226\/301|[from] Stealth Rock
|turn|16
|
|switch|p1a: Landorus-Therian|Landorus-Therian, M|3\/369
|-ability|p1a: Landorus-Therian|Intimidate|[of] p2a: Aerodactyl
|-unboost|p2a: Aerodactyl|atk|1
|move|p2a: Aerodactyl|Hone Claws|p2a: Aerodactyl
|-boost|p2a: Aerodactyl|atk|1
|-boost|p2a: Aerodactyl|accuracy|1
|
|-heal|p1a: Landorus-Therian|26\/369|[from] item: Leftovers
|turn|17
|
|move|p2a: Aerodactyl|Aerial Ace|p1a: Landorus-Therian
|-damage|p1a: Landorus-Therian|0 fnt
|faint|p1a: Landorus-Therian
|
|
|switch|p1a: Ferrothorn|Ferrothorn, F|352\/352
|turn|18
|
|move|p2a: Aerodactyl|Aerial Ace|p1a: Ferrothorn
|-damage|p1a: Ferrothorn|237\/352
|-damage|p2a: Aerodactyl|189\/301|[from] ability: Iron Barbs|[of] p1a: Ferrothorn
|move|p1a: Ferrothorn|Gyro Ball|p2a: Aerodactyl
|-supereffective|p2a: Aerodactyl
|-damage|p2a: Aerodactyl|0 fnt
|faint|p2a: Aerodactyl
|
|-heal|p1a: Ferrothorn|259\/352|[from] item: Leftovers
|
|switch|p2a: Dragonite|Dragonite, F|323\/323
|-damage|p2a: Dragonite|243\/323|[from] Stealth Rock
|turn|19
|
|move|p2a: Dragonite|Dragon Dance|p2a: Dragonite
|-boost|p2a: Dragonite|atk|1
|-boost|p2a: Dragonite|spe|1
|move|p1a: Ferrothorn|Gyro Ball|p2a: Dragonite
|-damage|p2a: Dragonite|80\/323
|
|-heal|p1a: Ferrothorn|281\/352|[from] item: Leftovers
|turn|20
|
|move|p2a: Dragonite|Fire Punch|p1a: Ferrothorn
|-supereffective|p1a: Ferrothorn
|-damage|p1a: Ferrothorn|0 fnt
|-damage|p2a: Dragonite|40\/323|[from] ability: Iron Barbs|[of] p1a: Ferrothorn
|faint|p1a: Ferrothorn
|
|
|switch|p1a: Talonflame|Talonflame, M|264\/324
|turn|21
|
|move|p2a: Dragonite|Extreme Speed|p1a: Talonflame
|-damage|p1a: Talonflame|67\/324
|move|p1a: Talonflame|Brave Bird|p2a: Dragonite
|-damage|p2a: Dragonite|0 fnt
|-damage|p1a: Talonflame|54\/324|[from] recoil|[of] p2a: Dragonite
|faint|p2a: Dragonite
|
|win|hj regicide
|raw|Ladder updating...
|raw|hj regicide's rating: 1747 &rarr; <strong>1770<\/strong><br \/>(+23 for winning)
|raw|LT6A PDC's rating: 1796 &rarr; <strong>1774<\/strong><br \/>(-22 for losing)
|leave|LT6A PDC
|player|p2