|join|VeryGary
|join|hj regicide
|player|p1|VeryGary|161
|player|p2|hj regicide|293
|gametype|singles
|gen|6
|tier|OU
|rated
|clearpoke
|poke|p1|Excadrill, M
|poke|p1|Charizard, M
|poke|p1|Keldeo-Resolute
|poke|p1|Mew
|poke|p1|Talonflame, M
|poke|p1|Ferrothorn, F
|poke|p2|Celebi
|poke|p2|Cobalion
|poke|p2|Hippowdon, M
|poke|p2|Gliscor, F
|poke|p2|Altaria, F
|poke|p2|Tentacruel, M
|rule|Swagger Clause: Swagger is banned
|rule|Baton Pass Clause: Limit one PokÃ©mon knowing Baton Pass
|rule|Sleep Clause Mod: Limit one foe put to sleep
|rule|Species Clause: Limit one of each PokÃ©mon
|rule|OHKO Clause: OHKO moves are banned
|rule|Moody Clause: Moody is banned
|rule|Evasion Moves Clause: Evasion moves are banned
|rule|Endless Battle Clause: Forcing endless battles is banned
|rule|HP Percentage Mod: HP is shown in percentages
|teampreview
|
|start
|switch|p1a: Keldeo-Resolute|Keldeo-Resolute|323\/323
|switch|p2a: Celebi|Celebi|404\/404
|turn|1
|
|switch|p1a: Ferrothorn|Ferrothorn, F|352\/352
|move|p2a: Celebi|Baton Pass|p2a: Celebi
|
|switch|p2a: Tentacruel|Tentacruel, M|363\/363
|
|turn|2
|
|move|p2a: Tentacruel|Toxic Spikes|p1a: Ferrothorn
|-sidestart|p1: VeryGary|move: Toxic Spikes
|move|p1a: Ferrothorn|Leech Seed|p2a: Tentacruel
|-start|p2a: Tentacruel|move: Leech Seed
|
|-damage|p2a: Tentacruel|318\/363|[from] Leech Seed|[of] p1a: Ferrothorn
|-damage|p1a: Ferrothorn|307\/352|[from] ability: Liquid Ooze|[of] p2a: Tentacruel
|turn|3
|
|switch|p1a: Excadrill|Excadrill, M|362\/362
|-ability|p1a: Excadrill|Mold Breaker
|move|p2a: Tentacruel|Scald|p1a: Excadrill
|-supereffective|p1a: Excadrill
|-damage|p1a: Excadrill|216\/362
|
|-heal|p2a: Tentacruel|340\/363|[from] item: Black Sludge
|-damage|p2a: Tentacruel|295\/363|[from] Leech Seed|[of] p1a: Excadrill
|-damage|p1a: Excadrill|171\/362|[from] ability: Liquid Ooze|[of] p2a: Tentacruel
|turn|4
|
|switch|p2a: Gliscor|Gliscor, F|352\/352
|move|p1a: Excadrill|Rapid Spin|p2a: Gliscor
|-damage|p2a: Gliscor|330\/352
|-sideend|p1: VeryGary|Toxic Spikes|[from] move: Rapid Spin|[of] p1a: Excadrill
|
|-status|p2a: Gliscor|tox|[from] item: Toxic Orb
|turn|5
|
|switch|p1a: Mew|Mew|404\/404
|move|p2a: Gliscor|Swords Dance|p2a: Gliscor
|-boost|p2a: Gliscor|atk|2
|
|-heal|p2a: Gliscor|352\/352 tox|[from] ability: Poison Heal
|turn|6
|
|move|p2a: Gliscor|Knock Off|p1a: Mew
|-supereffective|p1a: Mew
|-damage|p1a: Mew|108\/404
|-enditem|p1a: Mew|Leftovers|[from] move: Knock Off|[of] p2a: Gliscor
|move|p1a: Mew|Ice Beam|p2a: Gliscor
|-supereffective|p2a: Gliscor
|-damage|p2a: Gliscor|68\/352 tox
|
|-heal|p2a: Gliscor|112\/352 tox|[from] ability: Poison Heal
|turn|7
|
|move|p2a: Gliscor|Earthquake|p1a: Mew
|-damage|p1a: Mew|0 fnt
|faint|p1a: Mew
|
|-heal|p2a: Gliscor|156\/352 tox|[from] ability: Poison Heal
|
|switch|p1a: Ferrothorn|Ferrothorn, F|307\/352
|turn|8
|
|move|p2a: Gliscor|Earthquake|p1a: Ferrothorn
|-damage|p1a: Ferrothorn|165\/352
|move|p1a: Ferrothorn|Stealth Rock|p2a: Gliscor
|-sidestart|p2: hj regicide|move: Stealth Rock
|
|-heal|p1a: Ferrothorn|187\/352|[from] item: Leftovers
|-heal|p2a: Gliscor|200\/352 tox|[from] ability: Poison Heal
|turn|9
|
|move|p2a: Gliscor|Earthquake|p1a: Ferrothorn
|-damage|p1a: Ferrothorn|52\/352
|move|p1a: Ferrothorn|Power Whip|p2a: Gliscor
|-crit|p2a: Gliscor
|-damage|p2a: Gliscor|29\/352 tox
|
|-heal|p1a: Ferrothorn|74\/352|[from] item: Leftovers
|-heal|p2a: Gliscor|73\/352 tox|[from] ability: Poison Heal
|turn|10
|
|switch|p1a: Talonflame|Talonflame, M|298\/298
|move|p2a: Gliscor|Knock Off|p1a: Talonflame
|-damage|p1a: Talonflame|93\/298
|-enditem|p1a: Talonflame|Choice Band|[from] move: Knock Off|[of] p2a: Gliscor
|
|-heal|p2a: Gliscor|117\/352 tox|[from] ability: Poison Heal
|turn|11
|
|switch|p2a: Hippowdon|Hippowdon, M|420\/420
|-damage|p2a: Hippowdon|394\/420|[from] Stealth Rock
|-weather|Sandstorm
|move|p1a: Talonflame|Roost|p1a: Talonflame
|-heal|p1a: Talonflame|242\/298
|
|-weather|Sandstorm|[upkeep]
|-damage|p1a: Talonflame|224\/298|[from] sandstorm
|-heal|p2a: Hippowdon|420\/420|[from] item: Leftovers
|turn|12
|
|switch|p1a: Keldeo-Resolute|Keldeo-Resolute|323\/323
|move|p2a: Hippowdon|Toxic|p1a: Keldeo-Resolute
|-status|p1a: Keldeo-Resolute|tox
|
|-weather|Sandstorm|[upkeep]
|-damage|p1a: Keldeo-Resolute|303\/323 tox|[from] sandstorm
|-damage|p1a: Keldeo-Resolute|283\/323 tox|[from] psn
|turn|13
|
|switch|p2a: Celebi|Celebi|404\/404
|-damage|p2a: Celebi|354\/404|[from] Stealth Rock
|move|p1a: Keldeo-Resolute|Hydro Pump|p2a: Celebi
|-resisted|p2a: Celebi
|-damage|p2a: Celebi|233\/404
|-damage|p1a: Keldeo-Resolute|251\/323 tox|[from] item: Life Orb
|
|-weather|Sandstorm|[upkeep]
|-damage|p1a: Keldeo-Resolute|231\/323 tox|[from] sandstorm
|-damage|p2a: Celebi|208\/404|[from] sandstorm
|-heal|p2a: Celebi|233\/404|[from] item: Leftovers
|-damage|p1a: Keldeo-Resolute|191\/323 tox|[from] psn
|turn|14
|
|move|p1a: Keldeo-Resolute|Icy Wind|p2a: Celebi
|-supereffective|p2a: Celebi
|-damage|p2a: Celebi|67\/404
|-unboost|p2a: Celebi|spe|1
|-damage|p1a: Keldeo-Resolute|159\/323 tox|[from] item: Life Orb
|move|p2a: Celebi|Baton Pass|p2a: Celebi
|
|switch|p2a: Tentacruel|Tentacruel, M|295\/363
|-damage|p2a: Tentacruel|250\/363|[from] Stealth Rock
|
|-weather|Sandstorm|[upkeep]
|-damage|p1a: Keldeo-Resolute|139\/323 tox|[from] sandstorm
|-damage|p2a: Tentacruel|228\/363|[from] sandstorm
|-heal|p2a: Tentacruel|250\/363|[from] item: Black Sludge
|-damage|p1a: Keldeo-Resolute|79\/323 tox|[from] psn
|turn|15
|
|switch|p1a: Charizard|Charizard, M|312\/312
|move|p2a: Tentacruel|Rapid Spin|p1a: Charizard
|-damage|p1a: Charizard|300\/312
|-sideend|p2: hj regicide|Stealth Rock|[from] move: Rapid Spin|[of] p2a: Tentacruel
|
|-weather|none
|-heal|p2a: Tentacruel|272\/363|[from] item: Black Sludge
|turn|16
|
|switch|p2a: Altaria|Altaria, F|354\/354
|detailschange|p1a: Charizard|Charizard-Mega-X, M
|-mega|p1a: Charizard|Charizard|Charizardite X
|move|p1a: Charizard|Dragon Claw|p2a: Altaria
|-supereffective|p2a: Altaria
|-damage|p2a: Altaria|0 fnt
|faint|p2a: Altaria
|
|
|switch|p2a: Cobalion|Cobalion|386\/386
|turn|17
|
|switch|p1a: Keldeo-Resolute|Keldeo-Resolute|79\/323 tox
|move|p2a: Cobalion|Stealth Rock|p1a: Keldeo-Resolute
|-sidestart|p1: VeryGary|move: Stealth Rock
|
|-damage|p1a: Keldeo-Resolute|59\/323 tox|[from] psn
|turn|18
|
|switch|p2a: Celebi|Celebi|67\/404
|move|p1a: Keldeo-Resolute|Hydro Pump|p2a: Celebi
|-resisted|p2a: Celebi
|-damage|p2a: Celebi|0 fnt
|-damage|p1a: Keldeo-Resolute|27\/323 tox|[from] item: Life Orb
|faint|p2a: Celebi
|
|-damage|p1a: Keldeo-Resolute|0 fnt|[from] psn
|faint|p1a: Keldeo-Resolute
|
|switch|p2a: Cobalion|Cobalion|386\/386
|switch|p1a: Ferrothorn|Ferrothorn, F|74\/352
|-damage|p1a: Ferrothorn|52\/352|[from] Stealth Rock
|turn|19
|
|move|p2a: Cobalion|Close Combat|p1a: Ferrothorn
|-supereffective|p1a: Ferrothorn
|-damage|p1a: Ferrothorn|0 fnt
|-damage|p2a: Cobalion|338\/386|[from] ability: Iron Barbs|[of] p1a: Ferrothorn
|-unboost|p2a: Cobalion|def|1
|-unboost|p2a: Cobalion|spd|1
|faint|p1a: Ferrothorn
|
|-heal|p2a: Cobalion|362\/386|[from] item: Leftovers
|
|switch|p1a: Talonflame|Talonflame, M|224\/298
|-damage|p1a: Talonflame|75\/298|[from] Stealth Rock
|turn|20
|
|switch|p2a: Tentacruel|Tentacruel, M|272\/363
|move|p1a: Talonflame|Flare Blitz|p2a: Tentacruel
|-resisted|p2a: Tentacruel
|-damage|p2a: Tentacruel|192\/363
|-damage|p1a: Talonflame|49\/298|[from] recoil|[of] p2a: Tentacruel
|
|-heal|p2a: Tentacruel|214\/363|[from] item: Black Sludge
|turn|21
|
|move|p1a: Talonflame|Roost|p1a: Talonflame
|-heal|p1a: Talonflame|198\/298
|move|p2a: Tentacruel|Scald|p1a: Talonflame
|-supereffective|p1a: Talonflame
|-damage|p1a: Talonflame|0 fnt
|faint|p1a: Talonflame
|
|-heal|p2a: Tentacruel|236\/363|[from] item: Black Sludge
|
|switch|p1a: Excadrill|Excadrill, M|171\/362
|-damage|p1a: Excadrill|160\/362|[from] Stealth Rock
|-ability|p1a: Excadrill|Mold Breaker
|turn|22
|
|move|p1a: Excadrill|Iron Head|p2a: Tentacruel
|-resisted|p2a: Tentacruel
|-damage|p2a: Tentacruel|159\/363
|move|p2a: Tentacruel|Scald|p1a: Excadrill
|-supereffective|p1a: Excadrill
|-damage|p1a: Excadrill|16\/362
|
|-heal|p2a: Tentacruel|181\/363|[from] item: Black Sludge
|turn|23
|
|switch|p2a: Cobalion|Cobalion|362\/386
|move|p1a: Excadrill|Earthquake|p2a: Cobalion
|-supereffective|p2a: Cobalion
|-damage|p2a: Cobalion|66\/386
|
|-heal|p2a: Cobalion|90\/386|[from] item: Leftovers
|turn|24
|
|move|p2a: Cobalion|Iron Head|p1a: Excadrill
|-resisted|p1a: Excadrill
|-damage|p1a: Excadrill|0 fnt
|faint|p1a: Excadrill
|
|-heal|p2a: Cobalion|114\/386|[from] item: Leftovers
|
|switch|p1a: Charizard|Charizard-Mega-X, M|300\/312
|-damage|p1a: Charizard|222\/312|[from] Stealth Rock
|turn|25
|leave|hj regicide
|join|hj regicide
|player|p2
|player|p2|hj regicide|293
|leave|hj regicide
|join|hj regicide
|player|p2
|player|p2|hj regicide|293
|
|move|p2a: Cobalion|Thunder Wave|p1a: Charizard
|-status|p1a: Charizard|par
|cant|p1a: Charizard|par
|
|-heal|p2a: Cobalion|138\/386|[from] item: Leftovers
|turn|26
|c|âVeryGary|lol
|
|switch|p2a: Hippowdon|Hippowdon, M|420\/420
|-weather|Sandstorm
|move|p1a: Charizard|Fire Punch|p2a: Hippowdon
|-damage|p2a: Hippowdon|305\/420
|-status|p2a: Hippowdon|brn
|
|-weather|Sandstorm|[upkeep]
|-damage|p1a: Charizard|203\/312 par|[from] sandstorm
|-heal|p2a: Hippowdon|331\/420 brn|[from] item: Leftovers
|-damage|p2a: Hippowdon|279\/420 brn|[from] brn
|turn|27
|
|move|p2a: Hippowdon|Earthquake|p1a: Charizard
|-supereffective|p1a: Charizard
|-damage|p1a: Charizard|71\/312 par
|move|p1a: Charizard|Dragon Dance|p1a: Charizard
|-boost|p1a: Charizard|atk|1
|-boost|p1a: Charizard|spe|1
|
|-weather|Sandstorm|[upkeep]
|-damage|p1a: Charizard|52\/312 par|[from] sandstorm
|-heal|p2a: Hippowdon|305\/420 brn|[from] item: Leftovers
|-damage|p2a: Hippowdon|253\/420 brn|[from] brn
|turn|28
|
|move|p2a: Hippowdon|Earthquake|p1a: Charizard
|-supereffective|p1a: Charizard
|-damage|p1a: Charizard|0 fnt
|faint|p1a: Charizard
|
|win|hj regicide
|raw|Ladder updating...
|raw|VeryGary's rating: 1433 &rarr; <strong>1415<\/strong><br \/>(-18 for losing)
|raw|hj regicide's rating: 1473 &rarr; <strong>1490<\/strong><br \/>(+17 for winning)
|c|âVeryGary|gg
|leave|VeryGary
|player|p1