|join|so long lonesome
|join|hj regicide
|player|p1|so long lonesome|102
|player|p2|hj regicide|293
|gametype|singles
|gen|6
|tier|OU
|rated
|clearpoke
|poke|p1|Jirachi
|poke|p1|Starmie
|poke|p1|Kyurem-Black
|poke|p1|Manectric, M
|poke|p1|Landorus-Therian, M
|poke|p1|Weavile, M
|poke|p2|Tornadus-Therian, M
|poke|p2|Metagross
|poke|p2|Rhyperior, F
|poke|p2|Tangrowth, F
|poke|p2|Sylveon, F
|poke|p2|Starmie
|rule|Swagger Clause: Swagger is banned
|rule|Baton Pass Clause: Limit one PokÃ©mon knowing Baton Pass
|rule|Sleep Clause Mod: Limit one foe put to sleep
|rule|Species Clause: Limit one of each PokÃ©mon
|rule|OHKO Clause: OHKO moves are banned
|rule|Moody Clause: Moody is banned
|rule|Evasion Moves Clause: Evasion moves are banned
|rule|Endless Battle Clause: Forcing endless battles is banned
|rule|HP Percentage Mod: HP is shown in percentages
|teampreview
|c|âso long lonesome|oml I love your team
|
|start
|switch|p1a: deal of thought|Kyurem-Black|391\/391
|switch|p2a: Tornadus-Therian|Tornadus-Therian, M|332\/332
|-ability|p1a: deal of thought|Teravolt
|turn|1
|
|move|p2a: Tornadus-Therian|Knock Off|p1a: deal of thought
|-damage|p1a: deal of thought|327\/391
|-enditem|p1a: deal of thought|Choice Band|[from] move: Knock Off|[of] p2a: Tornadus-Therian
|move|p1a: deal of thought|Dragon Claw|p2a: Tornadus-Therian
|-damage|p2a: Tornadus-Therian|116\/332
|
|turn|2
|
|move|p2a: Tornadus-Therian|U-turn|p1a: deal of thought
|-damage|p1a: deal of thought|276\/391
|
|switch|p2a: Tangrowth|Tangrowth, F|404\/404
|move|p1a: deal of thought|Fusion Bolt|p2a: Tangrowth
|-resisted|p2a: Tangrowth
|-damage|p2a: Tangrowth|358\/404
|
|-heal|p2a: Tangrowth|383\/404|[from] item: Leftovers
|turn|3
|
|move|p1a: deal of thought|Outrage|p2a: Tangrowth
|-damage|p2a: Tangrowth|224\/404
|move|p2a: Tangrowth|Leech Seed|p1a: deal of thought
|-start|p1a: deal of thought|move: Leech Seed
|
|-heal|p2a: Tangrowth|249\/404|[from] item: Leftovers
|-damage|p1a: deal of thought|228\/391|[from] Leech Seed|[of] p2a: Tangrowth
|-heal|p2a: Tangrowth|297\/404|[silent]
|turn|4
|
|switch|p2a: Sylveon|Sylveon, F|394\/394
|move|p1a: deal of thought|Outrage|p2a: Sylveon
|-immune|p2a: Sylveon|[msg]
|
|-damage|p1a: deal of thought|180\/391|[from] Leech Seed|[of] p2a: Sylveon
|turn|5
|
|switch|p1a: monroe|Landorus-Therian, M|381\/381
|-ability|p1a: monroe|Intimidate|[of] p2a: Sylveon
|-unboost|p2a: Sylveon|atk|1
|move|p2a: Sylveon|Wish|p2a: Sylveon
|
|turn|6
|
|switch|p2a: Rhyperior|Rhyperior, F|434\/434
|move|p1a: monroe|Stealth Rock|p2a: Rhyperior
|-sidestart|p2: hj regicide|move: Stealth Rock
|
|turn|7
|join|Swallowed Up
|c| Swallowed Up|ja
|c|âso long lonesome|by the ocean
|c| Swallowed Up|das schaut wirklich shcÃ¶n aus
|c| Swallowed Up|ja <3
|
|move|p1a: monroe|U-turn|p2a: Rhyperior
|-damage|p2a: Rhyperior|385\/434
|c| Swallowed Up|warum neuer avatar?
|
|switch|p1a: got ya|Starmie|324\/324
|move|p2a: Rhyperior|Stealth Rock|p1a: got ya
|-sidestart|p1: so long lonesome|move: Stealth Rock
|
|-heal|p2a: Rhyperior|412\/434|[from] item: Leftovers
|turn|8
|c|âso long lonesome|ich hab da snicht geÃ¤ndert
|c|âso long lonesome|wtf
|
|switch|p2a: Starmie|Starmie|323\/323
|-damage|p2a: Starmie|283\/323|[from] Stealth Rock
|move|p1a: got ya|Rapid Spin|p2a: Starmie
|-damage|p2a: Starmie|270\/323
|-sideend|p1: so long lonesome|Stealth Rock|[from] move: Rapid Spin|[of] p1a: got ya
|
|-heal|p2a: Starmie|290\/323|[from] item: Leftovers
|turn|9
|
|switch|p1a: no rush|Weavile, M|281\/281
|-ability|p1a: no rush|Pressure
|move|p2a: Starmie|Rapid Spin|p1a: no rush
|-damage|p1a: no rush|266\/281
|-sideend|p2: hj regicide|Stealth Rock|[from] move: Rapid Spin|[of] p2a: Starmie
|
|-heal|p2a: Starmie|310\/323|[from] item: Leftovers
|turn|10
|
|move|p1a: no rush|Pursuit|p2a: Starmie
|-supereffective|p2a: Starmie
|-damage|p2a: Starmie|99\/323
|-damage|p1a: no rush|238\/281|[from] item: Life Orb
|move|p2a: Starmie|Scald|p1a: no rush
|-damage|p1a: no rush|130\/281
|
|-heal|p2a: Starmie|119\/323|[from] item: Leftovers
|turn|11
|c| Swallowed Up|krass der hat keinen switchin
|c| Swallowed Up|warumkien knockuf
|c|âso long lonesome|es gibt keinen
|
|move|p1a: no rush|Pursuit|p2a: Starmie
|-supereffective|p2a: Starmie
|-damage|p2a: Starmie|0 fnt
|-damage|p1a: no rush|102\/281|[from] item: Life Orb
|faint|p2a: Starmie
|
|c|âso long lonesome|will die steinchen sicher drauÃen haben
|c|âso long lonesome|hab noch den wunsch hinten
|
|switch|p2a: Rhyperior|Rhyperior, F|412\/434
|turn|12
|
|switch|p1a: got ya|Starmie|324\/324
|move|p2a: Rhyperior|Stealth Rock|p1a: got ya
|-sidestart|p1: so long lonesome|move: Stealth Rock
|
|-heal|p2a: Rhyperior|434\/434|[from] item: Leftovers
|turn|13
|
|switch|p2a: Sylveon|Sylveon, F|394\/394
|move|p1a: got ya|Rapid Spin|p2a: Sylveon
|-damage|p2a: Sylveon|378\/394
|-sideend|p1: so long lonesome|Stealth Rock|[from] move: Rapid Spin|[of] p1a: got ya
|
|-heal|p2a: Sylveon|394\/394|[from] item: Leftovers
|turn|14
|
|switch|p1a: needa talk|Jirachi|341\/341
|move|p2a: Sylveon|Hyper Voice|p1a: needa talk
|-resisted|p1a: needa talk
|-damage|p1a: needa talk|263\/341
|
|turn|15
|
|switch|p2a: Tornadus-Therian|Tornadus-Therian, M|226\/332
|move|p1a: needa talk|U-turn|p2a: Tornadus-Therian
|-resisted|p2a: Tornadus-Therian
|-damage|p2a: Tornadus-Therian|184\/332
|
|switch|p1a: maybe a problem|Manectric, M|281\/281
|
|turn|16
|
|detailschange|p1a: maybe a problem|Manectric-Mega, M
|-mega|p1a: maybe a problem|Manectric|Manectite
|-ability|p1a: maybe a problem|Intimidate|[of] p2a: Tornadus-Therian
|-unboost|p2a: Tornadus-Therian|atk|1
|move|p2a: Tornadus-Therian|U-turn|p1a: maybe a problem
|-damage|p1a: maybe a problem|238\/281
|
|switch|p2a: Sylveon|Sylveon, F|394\/394
|move|p1a: maybe a problem|Hidden Power|p2a: Sylveon
|-damage|p2a: Sylveon|352\/394
|
|-heal|p2a: Sylveon|376\/394|[from] item: Leftovers
|turn|17
|
|move|p1a: maybe a problem|Volt Switch|p2a: Sylveon
|-damage|p2a: Sylveon|294\/394
|
|switch|p1a: monroe|Landorus-Therian, M|381\/381
|-ability|p1a: monroe|Intimidate|[of] p2a: Sylveon
|-unboost|p2a: Sylveon|atk|1
|move|p2a: Sylveon|Hyper Voice|p1a: monroe
|-damage|p1a: monroe|216\/381
|
|-heal|p1a: monroe|239\/381|[from] item: Leftovers
|-heal|p2a: Sylveon|318\/394|[from] item: Leftovers
|turn|18
|
|move|p1a: monroe|Stealth Rock|p2a: Sylveon
|-sidestart|p2: hj regicide|move: Stealth Rock
|move|p2a: Sylveon|Hyper Voice|p1a: monroe
|-damage|p1a: monroe|68\/381
|
|-heal|p1a: monroe|91\/381|[from] item: Leftovers
|-heal|p2a: Sylveon|342\/394|[from] item: Leftovers
|turn|19
|
|switch|p1a: needa talk|Jirachi|263\/341
|move|p2a: Sylveon|Wish|p2a: Sylveon
|
|-heal|p2a: Sylveon|366\/394|[from] item: Leftovers
|turn|20
|
|move|p2a: Sylveon|Protect|p2a: Sylveon
|-singleturn|p2a: Sylveon|Protect
|move|p1a: needa talk|U-turn|p2a: Sylveon
|-activate|p2a: Sylveon|Protect
|
|-heal|p2a: Sylveon|394\/394|[from] move: Wish|[wisher] Sylveon
|turn|21
|
|move|p1a: needa talk|U-turn|p2a: Sylveon
|-resisted|p2a: Sylveon
|-damage|p2a: Sylveon|344\/394
|
|switch|p1a: monroe|Landorus-Therian, M|91\/381
|-ability|p1a: monroe|Intimidate|[of] p2a: Sylveon
|-unboost|p2a: Sylveon|atk|1
|move|p2a: Sylveon|Hyper Voice|p1a: monroe
|-damage|p1a: monroe|0 fnt
|faint|p1a: monroe
|
|-heal|p2a: Sylveon|368\/394|[from] item: Leftovers
|
|switch|p1a: deal of thought|Kyurem-Black|180\/391
|-ability|p1a: deal of thought|Teravolt
|turn|22
|
|move|p2a: Sylveon|Protect|p2a: Sylveon
|-singleturn|p2a: Sylveon|Protect
|move|p1a: deal of thought|Iron Head|p2a: Sylveon
|-activate|p2a: Sylveon|Protect
|
|-heal|p2a: Sylveon|392\/394|[from] item: Leftovers
|turn|23
|
|switch|p2a: Tangrowth|Tangrowth, F|404\/404
|-damage|p2a: Tangrowth|354\/404|[from] Stealth Rock
|move|p1a: deal of thought|Iron Head|p2a: Tangrowth
|-damage|p2a: Tangrowth|279\/404
|
|-heal|p2a: Tangrowth|304\/404|[from] item: Leftovers
|turn|24
|c| Swallowed Up|av?
|c|âso long lonesome|cb
|c|âso long lonesome|der hat mich knocked off
|c| Swallowed Up|i don't approve :(
|
|switch|p1a: needa talk|Jirachi|263\/341
|move|p2a: Tangrowth|Leech Seed|p1a: needa talk
|-start|p1a: needa talk|move: Leech Seed
|
|-heal|p2a: Tangrowth|329\/404|[from] item: Leftovers
|-damage|p1a: needa talk|221\/341|[from] Leech Seed|[of] p2a: Tangrowth
|-heal|p2a: Tangrowth|371\/404|[silent]
|turn|25
|
|switch|p2a: Metagross|Metagross|301\/301
|-damage|p2a: Metagross|283\/301|[from] Stealth Rock
|move|p1a: needa talk|U-turn|p2a: Metagross
|-damage|p2a: Metagross|229\/301
|
|switch|p1a: maybe a problem|Manectric-Mega, M|238\/281
|-ability|p1a: maybe a problem|Intimidate|[of] p2a: Metagross
|-fail|p2a: Metagross|unboost|[from] ability: Clear Body|[of] p2a: Metagross
|
|turn|26
|
|switch|p2a: Sylveon|Sylveon, F|392\/394
|-damage|p2a: Sylveon|343\/394|[from] Stealth Rock
|move|p1a: maybe a problem|Overheat|p2a: Sylveon
|-damage|p2a: Sylveon|242\/394
|-unboost|p1a: maybe a problem|spa|2
|
|-heal|p2a: Sylveon|266\/394|[from] item: Leftovers
|turn|27
|
|move|p1a: maybe a problem|Volt Switch|p2a: Sylveon
|-damage|p2a: Sylveon|227\/394
|
|switch|p1a: needa talk|Jirachi|221\/341
|move|p2a: Sylveon|Hyper Voice|p1a: needa talk
|-resisted|p1a: needa talk
|-damage|p1a: needa talk|150\/341
|
|-heal|p2a: Sylveon|251\/394|[from] item: Leftovers
|turn|28
|
|move|p2a: Sylveon|Protect|p2a: Sylveon
|-singleturn|p2a: Sylveon|Protect
|move|p1a: needa talk|Iron Head|p2a: Sylveon
|-activate|p2a: Sylveon|Protect
|
|-heal|p2a: Sylveon|275\/394|[from] item: Leftovers
|turn|29
|
|switch|p1a: maybe a problem|Manectric-Mega, M|238\/281
|-ability|p1a: maybe a problem|Intimidate|[of] p2a: Sylveon
|-unboost|p2a: Sylveon|atk|1
|switch|p2a: Metagross|Metagross|229\/301
|-damage|p2a: Metagross|211\/301|[from] Stealth Rock
|
|turn|30
|
|switch|p2a: Rhyperior|Rhyperior, F|434\/434
|-damage|p2a: Rhyperior|407\/434|[from] Stealth Rock
|move|p1a: maybe a problem|Volt Switch|p2a: Rhyperior
|-immune|p2a: Rhyperior|[msg]
|
|-heal|p2a: Rhyperior|434\/434|[from] item: Leftovers
|turn|31
|
|switch|p1a: got ya|Starmie|324\/324
|move|p2a: Rhyperior|Stealth Rock|p1a: got ya
|-sidestart|p1: so long lonesome|move: Stealth Rock
|
|turn|32
|c| Swallowed Up|9\/10 would steal enemies team
|c|âso long lonesome|y
|
|move|p1a: got ya|Scald|p2a: Rhyperior
|-supereffective|p2a: Rhyperior
|-damage|p2a: Rhyperior|8\/434
|move|p2a: Rhyperior|Earthquake|p1a: got ya
|-crit|p1a: got ya
|-damage|p1a: got ya|62\/324
|
|-heal|p1a: got ya|82\/324|[from] item: Leftovers
|-heal|p2a: Rhyperior|35\/434|[from] item: Leftovers
|turn|33
|c|âso long lonesome|I'll do it
|
|move|p1a: got ya|Rapid Spin|p2a: Rhyperior
|-resisted|p2a: Rhyperior
|-damage|p2a: Rhyperior|32\/434
|-sideend|p1: so long lonesome|Stealth Rock|[from] move: Rapid Spin|[of] p1a: got ya
|move|p2a: Rhyperior|Earthquake|p1a: got ya
|-damage|p1a: got ya|0 fnt
|faint|p1a: got ya
|
|-heal|p2a: Rhyperior|59\/434|[from] item: Leftovers
|
|switch|p1a: needa talk|Jirachi|150\/341
|turn|34
|
|switch|p2a: Metagross|Metagross|211\/301
|-damage|p2a: Metagross|193\/301|[from] Stealth Rock
|move|p1a: needa talk|Healing Wish|p1a: needa talk
|faint|p1a: needa talk
|
|
|switch|p1a: no rush|Weavile, M|102\/281
|-heal|p1a: no rush|281\/281|[from] move: Healing Wish
|-ability|p1a: no rush|Pressure
|turn|35
|
|detailschange|p2a: Metagross|Metagross-Mega
|-mega|p2a: Metagross|Metagross|Metagrossite
|move|p1a: no rush|Knock Off|p2a: Metagross
|-supereffective|p2a: Metagross
|-damage|p2a: Metagross|0 fnt
|-damage|p1a: no rush|253\/281|[from] item: Life Orb
|faint|p2a: Metagross
|
|c| Swallowed Up|swippt der?
|
|switch|p2a: Sylveon|Sylveon, F|275\/394
|-damage|p2a: Sylveon|226\/394|[from] Stealth Rock
|turn|36
|c|âso long lonesome|kommt auf sein set hier an
|
|move|p2a: Sylveon|Protect|p2a: Sylveon
|-singleturn|p2a: Sylveon|Protect
|move|p1a: no rush|Icicle Crash|p2a: Sylveon
|-activate|p2a: Sylveon|Protect
|
|-heal|p2a: Sylveon|250\/394|[from] item: Leftovers
|turn|37
|
|switch|p2a: Rhyperior|Rhyperior, F|59\/434
|-damage|p2a: Rhyperior|32\/434|[from] Stealth Rock
|move|p1a: no rush|Icicle Crash|p2a: Rhyperior
|-crit|p2a: Rhyperior
|-supereffective|p2a: Rhyperior
|-damage|p2a: Rhyperior|0 fnt
|-damage|p1a: no rush|225\/281|[from] item: Life Orb
|faint|p2a: Rhyperior
|
|c|âso long lonesome|sry for that crit
|c| Swallowed Up|tfw
|c| Swallowed Up|u sey sori
|c| Swallowed Up|but u aint suri fo reel
|c|âso long lonesome|hahahahahahahaha
|c|âso long lonesome|arthur
|
|switch|p2a: Tornadus-Therian|Tornadus-Therian, M|294\/332
|-damage|p2a: Tornadus-Therian|211\/332|[from] Stealth Rock
|turn|38
|
|move|p1a: no rush|Knock Off|p2a: Tornadus-Therian
|-damage|p2a: Tornadus-Therian|0 fnt
|-enditem|p2a: Tornadus-Therian|Assault Vest|[from] move: Knock Off|[of] p1a: no rush
|-damage|p1a: no rush|197\/281|[from] item: Life Orb
|faint|p2a: Tornadus-Therian
|
|
|switch|p2a: Tangrowth|Tangrowth, F|404\/404
|-damage|p2a: Tangrowth|354\/404|[from] Stealth Rock
|turn|39
|
|move|p1a: no rush|Icicle Crash|p2a: Tangrowth
|-supereffective|p2a: Tangrowth
|-damage|p2a: Tangrowth|112\/404
|-damage|p1a: no rush|169\/281|[from] item: Life Orb
|move|p2a: Tangrowth|Hidden Power|p1a: no rush
|-supereffective|p1a: no rush
|-damage|p1a: no rush|53\/281
|
|-heal|p2a: Tangrowth|137\/404|[from] item: Leftovers
|turn|40
|c|âso long lonesome|krass bulky
|
|switch|p2a: Sylveon|Sylveon, F|250\/394
|-damage|p2a: Sylveon|201\/394|[from] Stealth Rock
|move|p1a: no rush|Icicle Crash|p2a: Sylveon|[miss]
|-miss|p1a: no rush|p2a: Sylveon
|
|-heal|p2a: Sylveon|225\/394|[from] item: Leftovers
|turn|41
|
|move|p1a: no rush|Icicle Crash|p2a: Sylveon
|-damage|p2a: Sylveon|0 fnt
|-damage|p1a: no rush|25\/281|[from] item: Life Orb
|faint|p2a: Sylveon
|
|c|âso long lonesome|dude
|
|switch|p2a: Tangrowth|Tangrowth, F|271\/404
|-damage|p2a: Tangrowth|221\/404|[from] Stealth Rock
|turn|42
|c|âso long lonesome|can you give me an importable of your team?
|
|move|p1a: no rush|Icicle Crash|p2a: Tangrowth
|-supereffective|p2a: Tangrowth
|-damage|p2a: Tangrowth|0 fnt
|-damage|p1a: no rush|0 fnt|[from] item: Life Orb
|faint|p2a: Tangrowth
|faint|p1a: no rush
|
|win|so long lonesome
|raw|Ladder updating...
|c|âso long lonesome|gg
|raw|so long lonesome's rating: 1603 &rarr; <strong>1623<\/strong><br \/>(+20 for winning)
|raw|hj regicide's rating: 1612 &rarr; <strong>1592<\/strong><br \/>(-20 for losing)
|leave|hj regicide
|player|p2
|c|âso long lonesome|heiÃt wohl nein
|leave|so long lonesome
|player|p1