|join|hj regicide
|join|davidTHEMASTER
|player|p1|hj regicide|293
|player|p2|davidTHEMASTER|27
|gametype|singles
|gen|6
|tier|OU
|rated
|clearpoke
|poke|p1|Tornadus-Therian, M
|poke|p1|Metagross
|poke|p1|Rhyperior, F
|poke|p1|Tangrowth, F
|poke|p1|Sylveon, F
|poke|p1|Starmie
|poke|p2|Sableye, F
|poke|p2|Tyranitar, F
|poke|p2|Slowbro, M
|poke|p2|Heatran, F
|poke|p2|Ferrothorn, M
|poke|p2|Gliscor, F
|rule|Swagger Clause: Swagger is banned
|rule|Baton Pass Clause: Limit one PokÃ©mon knowing Baton Pass
|rule|Sleep Clause Mod: Limit one foe put to sleep
|rule|Species Clause: Limit one of each PokÃ©mon
|rule|OHKO Clause: OHKO moves are banned
|rule|Moody Clause: Moody is banned
|rule|Evasion Moves Clause: Evasion moves are banned
|rule|Endless Battle Clause: Forcing endless battles is banned
|rule|HP Percentage Mod: HP is shown in percentages
|teampreview
|
|start
|switch|p1a: Sylveon|Sylveon, F|394\/394
|switch|p2a: Sableye|Sableye, F|303\/303
|turn|1
|
|switch|p1a: Rhyperior|Rhyperior, F|434\/434
|switch|p2a: Heatran|Heatran, F|386\/386
|
|turn|2
|
|switch|p2a: Slowbro|Slowbro, M|393\/393
|move|p1a: Rhyperior|Stealth Rock|p2a: Slowbro
|-sidestart|p2: davidTHEMASTER|move: Stealth Rock
|
|turn|3
|
|switch|p1a: Tangrowth|Tangrowth, F|404\/404
|move|p2a: Slowbro|Calm Mind|p2a: Slowbro
|-boost|p2a: Slowbro|spa|1
|-boost|p2a: Slowbro|spd|1
|
|turn|4
|
|move|p1a: Tangrowth|Leech Seed|p2a: Slowbro
|-start|p2a: Slowbro|move: Leech Seed
|move|p2a: Slowbro|Calm Mind|p2a: Slowbro
|-boost|p2a: Slowbro|spa|1
|-boost|p2a: Slowbro|spd|1
|
|-damage|p2a: Slowbro|344\/393|[from] Leech Seed|[of] p1a: Tangrowth
|turn|5
|
|move|p1a: Tangrowth|Giga Drain|p2a: Slowbro
|-supereffective|p2a: Slowbro
|-damage|p2a: Slowbro|228\/393
|move|p2a: Slowbro|Calm Mind|p2a: Slowbro
|-boost|p2a: Slowbro|spa|1
|-boost|p2a: Slowbro|spd|1
|
|-heal|p2a: Slowbro|252\/393|[from] item: Leftovers
|-damage|p2a: Slowbro|203\/393|[from] Leech Seed|[of] p1a: Tangrowth
|turn|6
|
|move|p1a: Tangrowth|Knock Off|p2a: Slowbro
|-supereffective|p2a: Slowbro
|-damage|p2a: Slowbro|99\/393
|-enditem|p2a: Slowbro|Leftovers|[from] move: Knock Off|[of] p1a: Tangrowth
|move|p2a: Slowbro|Slack Off|p2a: Slowbro
|-heal|p2a: Slowbro|296\/393
|
|-damage|p2a: Slowbro|247\/393|[from] Leech Seed|[of] p1a: Tangrowth
|turn|7
|
|move|p1a: Tangrowth|Giga Drain|p2a: Slowbro
|-supereffective|p2a: Slowbro
|-damage|p2a: Slowbro|161\/393
|move|p2a: Slowbro|Slack Off|p2a: Slowbro
|-heal|p2a: Slowbro|358\/393
|
|-damage|p2a: Slowbro|309\/393|[from] Leech Seed|[of] p1a: Tangrowth
|turn|8
|
|move|p1a: Tangrowth|Giga Drain|p2a: Slowbro
|-supereffective|p2a: Slowbro
|-damage|p2a: Slowbro|211\/393
|move|p2a: Slowbro|Calm Mind|p2a: Slowbro
|-boost|p2a: Slowbro|spa|1
|-boost|p2a: Slowbro|spd|1
|
|-damage|p2a: Slowbro|162\/393|[from] Leech Seed|[of] p1a: Tangrowth
|turn|9
|
|move|p1a: Tangrowth|Giga Drain|p2a: Slowbro
|-supereffective|p2a: Slowbro
|-damage|p2a: Slowbro|78\/393
|move|p2a: Slowbro|Slack Off|p2a: Slowbro
|-heal|p2a: Slowbro|275\/393
|
|-damage|p2a: Slowbro|226\/393|[from] Leech Seed|[of] p1a: Tangrowth
|turn|10
|
|move|p1a: Tangrowth|Giga Drain|p2a: Slowbro
|-supereffective|p2a: Slowbro
|-damage|p2a: Slowbro|142\/393
|move|p2a: Slowbro|Slack Off|p2a: Slowbro
|-heal|p2a: Slowbro|339\/393
|
|-damage|p2a: Slowbro|290\/393|[from] Leech Seed|[of] p1a: Tangrowth
|turn|11
|
|move|p1a: Tangrowth|Giga Drain|p2a: Slowbro
|-supereffective|p2a: Slowbro
|-damage|p2a: Slowbro|216\/393
|move|p2a: Slowbro|Calm Mind|p2a: Slowbro
|-boost|p2a: Slowbro|spa|1
|-boost|p2a: Slowbro|spd|1
|
|-damage|p2a: Slowbro|167\/393|[from] Leech Seed|[of] p1a: Tangrowth
|turn|12
|
|move|p1a: Tangrowth|Giga Drain|p2a: Slowbro
|-supereffective|p2a: Slowbro
|-damage|p2a: Slowbro|101\/393
|move|p2a: Slowbro|Slack Off|p2a: Slowbro
|-heal|p2a: Slowbro|298\/393
|
|-damage|p2a: Slowbro|249\/393|[from] Leech Seed|[of] p1a: Tangrowth
|turn|13
|c|âdavidTHEMASTER|don't crit
|
|move|p1a: Tangrowth|Giga Drain|p2a: Slowbro
|-supereffective|p2a: Slowbro
|-damage|p2a: Slowbro|177\/393
|move|p2a: Slowbro|Calm Mind|p2a: Slowbro
|-boost|p2a: Slowbro|spa|1
|-boost|p2a: Slowbro|spd|1
|
|-damage|p2a: Slowbro|128\/393|[from] Leech Seed|[of] p1a: Tangrowth
|turn|14
|
|move|p1a: Tangrowth|Giga Drain|p2a: Slowbro
|-supereffective|p2a: Slowbro
|-damage|p2a: Slowbro|62\/393
|move|p2a: Slowbro|Slack Off|p2a: Slowbro
|-heal|p2a: Slowbro|259\/393
|
|-damage|p2a: Slowbro|210\/393|[from] Leech Seed|[of] p1a: Tangrowth
|turn|15
|
|move|p1a: Tangrowth|Giga Drain|p2a: Slowbro
|-supereffective|p2a: Slowbro
|-damage|p2a: Slowbro|150\/393
|move|p2a: Slowbro|Slack Off|p2a: Slowbro
|-heal|p2a: Slowbro|347\/393
|
|-damage|p2a: Slowbro|298\/393|[from] Leech Seed|[of] p1a: Tangrowth
|turn|16
|
|move|p1a: Tangrowth|Giga Drain|p2a: Slowbro
|-crit|p2a: Slowbro
|-supereffective|p2a: Slowbro
|-damage|p2a: Slowbro|0 fnt
|faint|p2a: Slowbro
|
|c|âdavidTHEMASTER|fuck
|c|âdavidTHEMASTER|srly
|c|âdavidTHEMASTER|:c
|join|killar45
|
|switch|p2a: Heatran|Heatran, F|386\/386
|-damage|p2a: Heatran|338\/386|[from] Stealth Rock
|turn|17
|
|switch|p2a: Gliscor|Gliscor, F|354\/354
|-damage|p2a: Gliscor|310\/354|[from] Stealth Rock
|switch|p1a: Starmie|Starmie|323\/323
|
|-status|p2a: Gliscor|tox|[from] item: Toxic Orb
|turn|18
|
|switch|p2a: Tyranitar|Tyranitar, F|342\/342
|-damage|p2a: Tyranitar|300\/342|[from] Stealth Rock
|-weather|Sandstorm
|move|p1a: Starmie|Scald|p2a: Tyranitar
|-supereffective|p2a: Tyranitar
|-damage|p2a: Tyranitar|180\/342
|
|-weather|Sandstorm|[upkeep]
|-damage|p1a: Starmie|303\/323|[from] sandstorm
|-heal|p1a: Starmie|323\/323|[from] item: Leftovers
|turn|19
|
|move|p2a: Tyranitar|Crunch|p1a: Starmie
|-supereffective|p1a: Starmie
|-damage|p1a: Starmie|17\/323
|move|p1a: Starmie|Reflect Type|p2a: Tyranitar
|-start|p1a: Starmie|typechange|[from] move: Reflect Type|[of] p2a: Tyranitar
|
|-weather|Sandstorm|[upkeep]
|-heal|p1a: Starmie|37\/323|[from] item: Leftovers
|turn|20
|
|switch|p1a: Tangrowth|Tangrowth, F|404\/404
|move|p2a: Tyranitar|Crunch|p1a: Tangrowth
|-damage|p1a: Tangrowth|316\/404
|
|-weather|Sandstorm|[upkeep]
|-damage|p1a: Tangrowth|291\/404|[from] sandstorm
|-heal|p1a: Tangrowth|316\/404|[from] item: Leftovers
|turn|21
|c| killar45|the no burn
|c|âdavidTHEMASTER|why ?
|c|âdavidTHEMASTER|he has crit my crobro
|c|âdavidTHEMASTER|:c
|
|switch|p2a: Gliscor|Gliscor, F|310\/354 tox
|-damage|p2a: Gliscor|266\/354 tox|[from] Stealth Rock
|switch|p1a: Starmie|Starmie|37\/323
|
|-weather|Sandstorm|[upkeep]
|-damage|p1a: Starmie|17\/323|[from] sandstorm
|-heal|p1a: Starmie|37\/323|[from] item: Leftovers
|-heal|p2a: Gliscor|310\/354 tox|[from] ability: Poison Heal
|turn|22
|c| killar45|cro bro is god and cant get critted
|c|âdavidTHEMASTER|"can't"
|c|âdavidTHEMASTER|i'e m-sableye
|c|âdavidTHEMASTER|z_z
|c|âdavidTHEMASTER|*u've
|c|âdavidTHEMASTER|*i've
|
|switch|p2a: Tyranitar|Tyranitar, F|180\/342
|-damage|p2a: Tyranitar|138\/342|[from] Stealth Rock
|move|p1a: Starmie|Recover|p1a: Starmie
|-heal|p1a: Starmie|199\/323
|
|-weather|none
|-heal|p1a: Starmie|219\/323|[from] item: Leftovers
|turn|23
|
|move|p2a: Tyranitar|Pursuit|p1a: Starmie
|-supereffective|p1a: Starmie
|-damage|p1a: Starmie|39\/323
|move|p1a: Starmie|Scald|p2a: Tyranitar
|-supereffective|p2a: Tyranitar
|-damage|p2a: Tyranitar|0 fnt
|faint|p2a: Tyranitar
|
|-heal|p1a: Starmie|59\/323|[from] item: Leftovers
|
|switch|p2a: Sableye|Sableye, F|303\/303
|-damage|p2a: Sableye|266\/303|[from] Stealth Rock
|turn|24
|
|switch|p1a: Sylveon|Sylveon, F|394\/394
|switch|p2a: Ferrothorn|Ferrothorn, M|352\/352
|-damage|p2a: Ferrothorn|330\/352|[from] Stealth Rock
|
|-heal|p2a: Ferrothorn|352\/352|[from] item: Leftovers
|turn|25
|
|switch|p1a: Starmie|Starmie|59\/323
|move|p2a: Ferrothorn|Spikes|p1a: Starmie
|-sidestart|p1: hj regicide|Spikes
|
|-heal|p1a: Starmie|79\/323|[from] item: Leftovers
|turn|26
|
|move|p1a: Starmie|Reflect Type|p2a: Ferrothorn
|-start|p1a: Starmie|typechange|[from] move: Reflect Type|[of] p2a: Ferrothorn
|move|p2a: Ferrothorn|Power Whip|p1a: Starmie
|-resisted|p1a: Starmie
|-damage|p1a: Starmie|40\/323
|
|-heal|p1a: Starmie|60\/323|[from] item: Leftovers
|turn|27
|
|switch|p2a: Heatran|Heatran, F|338\/386
|-damage|p2a: Heatran|290\/386|[from] Stealth Rock
|move|p1a: Starmie|Recover|p1a: Starmie
|-heal|p1a: Starmie|222\/323
|
|-heal|p1a: Starmie|242\/323|[from] item: Leftovers
|-heal|p2a: Heatran|314\/386|[from] item: Leftovers
|turn|28
|
|move|p1a: Starmie|Rapid Spin|p2a: Heatran
|-resisted|p2a: Heatran
|-damage|p2a: Heatran|309\/386
|-sideend|p1: hj regicide|Spikes|[from] move: Rapid Spin|[of] p1a: Starmie
|move|p2a: Heatran|Stealth Rock|p1a: Starmie
|-sidestart|p1: hj regicide|move: Stealth Rock
|
|-heal|p1a: Starmie|262\/323|[from] item: Leftovers
|-heal|p2a: Heatran|333\/386|[from] item: Leftovers
|turn|29
|
|move|p1a: Starmie|Rapid Spin|p2a: Heatran
|-resisted|p2a: Heatran
|-damage|p2a: Heatran|327\/386
|-sideend|p1: hj regicide|Stealth Rock|[from] move: Rapid Spin|[of] p1a: Starmie
|move|p2a: Heatran|Lava Plume|p1a: Starmie
|-supereffective|p1a: Starmie
|-damage|p1a: Starmie|0 fnt
|faint|p1a: Starmie
|
|-heal|p2a: Heatran|351\/386|[from] item: Leftovers
|
|switch|p1a: Metagross|Metagross|301\/301
|turn|30
|c| killar45|lol
|c|âdavidTHEMASTER|eq
|c|âdavidTHEMASTER|or hammer harm
|c|âdavidTHEMASTER|*arm
|
|detailschange|p1a: Metagross|Metagross-Mega
|-mega|p1a: Metagross|Metagross|Metagrossite
|move|p1a: Metagross|Hammer Arm|p2a: Heatran
|-supereffective|p2a: Heatran
|-damage|p2a: Heatran|19\/386
|-unboost|p1a: Metagross|spe|1
|move|p2a: Heatran|Lava Plume|p1a: Metagross
|-supereffective|p1a: Metagross
|-damage|p1a: Metagross|101\/301
|
|-heal|p2a: Heatran|43\/386|[from] item: Leftovers
|turn|31
|
|move|p2a: Heatran|Lava Plume|p1a: Metagross
|-supereffective|p1a: Metagross
|-damage|p1a: Metagross|0 fnt
|faint|p1a: Metagross
|
|-heal|p2a: Heatran|67\/386|[from] item: Leftovers
|
|switch|p1a: Tornadus-Therian|Tornadus-Therian, M|332\/332
|turn|32
|
|move|p1a: Tornadus-Therian|Knock Off|p2a: Heatran
|-damage|p2a: Heatran|0 fnt
|-enditem|p2a: Heatran|Leftovers|[from] move: Knock Off|[of] p1a: Tornadus-Therian
|faint|p2a: Heatran
|
|
|switch|p2a: Gliscor|Gliscor, F|310\/354 tox
|-damage|p2a: Gliscor|266\/354 tox|[from] Stealth Rock
|turn|33
|
|move|p1a: Tornadus-Therian|Hurricane|p2a: Gliscor
|-damage|p2a: Gliscor|113\/354 tox
|move|p2a: Gliscor|Roost|p2a: Gliscor
|-heal|p2a: Gliscor|290\/354 tox
|
|-heal|p2a: Gliscor|334\/354 tox|[from] ability: Poison Heal
|turn|34
|
|switch|p2a: Ferrothorn|Ferrothorn, M|352\/352
|-damage|p2a: Ferrothorn|330\/352|[from] Stealth Rock
|move|p1a: Tornadus-Therian|U-turn|p2a: Ferrothorn
|-damage|p2a: Ferrothorn|302\/352
|-damage|p1a: Tornadus-Therian|291\/332|[from] ability: Iron Barbs|[of] p2a: Ferrothorn
|
|switch|p1a: Tangrowth|Tangrowth, F|404\/404
|
|-heal|p2a: Ferrothorn|324\/352|[from] item: Leftovers
|turn|35
|
|move|p1a: Tangrowth|Hidden Power|p2a: Ferrothorn
|-supereffective|p2a: Ferrothorn
|-damage|p2a: Ferrothorn|136\/352
|move|p2a: Ferrothorn|Spikes|p1a: Tangrowth
|-sidestart|p1: hj regicide|Spikes
|
|-heal|p2a: Ferrothorn|158\/352|[from] item: Leftovers
|turn|36
|
|move|p1a: Tangrowth|Leech Seed|p2a: Ferrothorn|[miss]
|-miss|p1a: Tangrowth|p2a: Ferrothorn
|move|p2a: Ferrothorn|Spikes|p1a: Tangrowth
|-sidestart|p1: hj regicide|Spikes
|
|-heal|p2a: Ferrothorn|180\/352|[from] item: Leftovers
|turn|37
|
|switch|p2a: Gliscor|Gliscor, F|334\/354 tox
|-damage|p2a: Gliscor|290\/354 tox|[from] Stealth Rock
|move|p1a: Tangrowth|Hidden Power|p2a: Gliscor
|-damage|p2a: Gliscor|244\/354 tox
|
|-heal|p2a: Gliscor|288\/354 tox|[from] ability: Poison Heal
|turn|38
|
|move|p2a: Gliscor|Swords Dance|p2a: Gliscor
|-boost|p2a: Gliscor|atk|2
|move|p1a: Tangrowth|Leech Seed|p2a: Gliscor
|-start|p2a: Gliscor|move: Leech Seed
|
|-damage|p2a: Gliscor|244\/354 tox|[from] Leech Seed|[of] p1a: Tangrowth
|-heal|p2a: Gliscor|288\/354 tox|[from] ability: Poison Heal
|turn|39
|
|move|p2a: Gliscor|Facade|p1a: Tangrowth
|-damage|p1a: Tangrowth|271\/404
|move|p1a: Tangrowth|Giga Drain|p2a: Gliscor
|-damage|p2a: Gliscor|201\/354 tox
|-heal|p1a: Tangrowth|315\/404|[from] drain|[of] p2a: Gliscor
|
|-heal|p1a: Tangrowth|340\/404|[from] item: Leftovers
|-damage|p2a: Gliscor|157\/354 tox|[from] Leech Seed|[of] p1a: Tangrowth
|-heal|p1a: Tangrowth|384\/404|[silent]
|-heal|p2a: Gliscor|201\/354 tox|[from] ability: Poison Heal
|turn|40
|
|move|p2a: Gliscor|Swords Dance|p2a: Gliscor
|-boost|p2a: Gliscor|atk|2
|move|p1a: Tangrowth|Giga Drain|p2a: Gliscor
|-damage|p2a: Gliscor|107\/354 tox
|-heal|p1a: Tangrowth|404\/404|[from] drain|[of] p2a: Gliscor
|
|-damage|p2a: Gliscor|63\/354 tox|[from] Leech Seed|[of] p1a: Tangrowth
|-heal|p2a: Gliscor|107\/354 tox|[from] ability: Poison Heal
|turn|41
|c|âdavidTHEMASTER|hum
|
|switch|p2a: Sableye|Sableye, F|266\/303
|-damage|p2a: Sableye|229\/303|[from] Stealth Rock
|move|p1a: Tangrowth|Giga Drain|p2a: Sableye
|-damage|p2a: Sableye|99\/303
|
|turn|42
|
|switch|p2a: Ferrothorn|Ferrothorn, M|180\/352
|-damage|p2a: Ferrothorn|158\/352|[from] Stealth Rock
|move|p1a: Tangrowth|Giga Drain|p2a: Ferrothorn
|-resisted|p2a: Ferrothorn
|-damage|p2a: Ferrothorn|138\/352
|
|-heal|p2a: Ferrothorn|160\/352|[from] item: Leftovers
|turn|43
|
|switch|p2a: Gliscor|Gliscor, F|107\/354 tox
|-damage|p2a: Gliscor|63\/354 tox|[from] Stealth Rock
|move|p1a: Tangrowth|Hidden Power|p2a: Gliscor
|-damage|p2a: Gliscor|20\/354 tox
|
|-heal|p2a: Gliscor|64\/354 tox|[from] ability: Poison Heal
|turn|44
|
|move|p2a: Gliscor|Roost|p2a: Gliscor
|-heal|p2a: Gliscor|241\/354 tox
|move|p1a: Tangrowth|Leech Seed|p2a: Gliscor
|-start|p2a: Gliscor|move: Leech Seed
|
|-damage|p2a: Gliscor|197\/354 tox|[from] Leech Seed|[of] p1a: Tangrowth
|-heal|p2a: Gliscor|241\/354 tox|[from] ability: Poison Heal
|turn|45
|
|switch|p1a: Rhyperior|Rhyperior, F|434\/434
|-damage|p1a: Rhyperior|362\/434|[from] Spikes
|move|p2a: Gliscor|Swords Dance|p2a: Gliscor
|-boost|p2a: Gliscor|atk|2
|
|-heal|p1a: Rhyperior|389\/434|[from] item: Leftovers
|-damage|p2a: Gliscor|197\/354 tox|[from] Leech Seed|[of] p1a: Rhyperior
|-heal|p1a: Rhyperior|433\/434|[silent]
|-heal|p2a: Gliscor|241\/354 tox|[from] ability: Poison Heal
|turn|46
|
|move|p2a: Gliscor|Roost|p2a: Gliscor
|-heal|p2a: Gliscor|354\/354 tox
|move|p1a: Rhyperior|Stone Edge|p2a: Gliscor
|-resisted|p2a: Gliscor
|-damage|p2a: Gliscor|287\/354 tox
|
|-heal|p1a: Rhyperior|434\/434|[from] item: Leftovers
|-damage|p2a: Gliscor|243\/354 tox|[from] Leech Seed|[of] p1a: Rhyperior
|-heal|p2a: Gliscor|287\/354 tox|[from] ability: Poison Heal
|turn|47
|
|move|p2a: Gliscor|Swords Dance|p2a: Gliscor
|-boost|p2a: Gliscor|atk|2
|move|p1a: Rhyperior|Stone Edge|p2a: Gliscor
|-damage|p2a: Gliscor|163\/354 tox
|
|-damage|p2a: Gliscor|119\/354 tox|[from] Leech Seed|[of] p1a: Rhyperior
|-heal|p2a: Gliscor|163\/354 tox|[from] ability: Poison Heal
|turn|48
|
|move|p2a: Gliscor|Roost|p2a: Gliscor
|-heal|p2a: Gliscor|340\/354 tox
|move|p1a: Rhyperior|Stone Edge|p2a: Gliscor
|-crit|p2a: Gliscor
|-resisted|p2a: Gliscor
|-damage|p2a: Gliscor|238\/354 tox
|
|-damage|p2a: Gliscor|194\/354 tox|[from] Leech Seed|[of] p1a: Rhyperior
|-heal|p2a: Gliscor|238\/354 tox|[from] ability: Poison Heal
|turn|49
|
|switch|p1a: Tornadus-Therian|Tornadus-Therian, M|332\/332
|move|p2a: Gliscor|Swords Dance|p2a: Gliscor
|-boost|p2a: Gliscor|atk|2
|
|-damage|p2a: Gliscor|194\/354 tox|[from] Leech Seed|[of] p1a: Tornadus-Therian
|-heal|p2a: Gliscor|238\/354 tox|[from] ability: Poison Heal
|turn|50
|leave|killar45
|c|âdavidTHEMASTER|160 SpA Tornadus-T Hurricane vs. 252 HP \/ 200 SpD Gliscor: 148-175 (41.8 - 49.4%) -- 85.9% chance to 2HKO after poison damage
|c|âdavidTHEMASTER|if no ceit
|c|âdavidTHEMASTER|*crit
|c|âdavidTHEMASTER|:c
|
|move|p1a: Tornadus-Therian|Hurricane|p2a: Gliscor
|-damage|p2a: Gliscor|90\/354 tox
|move|p2a: Gliscor|Facade|p1a: Tornadus-Therian
|-damage|p1a: Tornadus-Therian|0 fnt
|faint|p1a: Tornadus-Therian
|
|-heal|p2a: Gliscor|134\/354 tox|[from] ability: Poison Heal
|
|switch|p1a: Rhyperior|Rhyperior, F|434\/434
|-damage|p1a: Rhyperior|362\/434|[from] Spikes
|turn|51
|
|move|p2a: Gliscor|Roost|p2a: Gliscor
|-heal|p2a: Gliscor|311\/354 tox
|move|p1a: Rhyperior|Earthquake|p2a: Gliscor
|-damage|p2a: Gliscor|181\/354 tox
|
|-heal|p1a: Rhyperior|389\/434|[from] item: Leftovers
|-damage|p2a: Gliscor|137\/354 tox|[from] Leech Seed|[of] p1a: Rhyperior
|-heal|p1a: Rhyperior|433\/434|[silent]
|-heal|p2a: Gliscor|181\/354 tox|[from] ability: Poison Heal
|turn|52
|
|move|p2a: Gliscor|Roost|p2a: Gliscor
|-heal|p2a: Gliscor|354\/354 tox
|move|p1a: Rhyperior|Stone Edge|p2a: Gliscor
|-resisted|p2a: Gliscor
|-damage|p2a: Gliscor|288\/354 tox
|
|-heal|p1a: Rhyperior|434\/434|[from] item: Leftovers
|-damage|p2a: Gliscor|244\/354 tox|[from] Leech Seed|[of] p1a: Rhyperior
|-heal|p2a: Gliscor|288\/354 tox|[from] ability: Poison Heal
|turn|53
|
|move|p2a: Gliscor|Earthquake|p1a: Rhyperior
|-supereffective|p1a: Rhyperior
|-damage|p1a: Rhyperior|55\/434
|move|p1a: Rhyperior|Earthquake|p2a: Gliscor
|-immune|p2a: Gliscor|[msg]
|
|-heal|p1a: Rhyperior|82\/434|[from] item: Leftovers
|-damage|p2a: Gliscor|244\/354 tox|[from] Leech Seed|[of] p1a: Rhyperior
|-heal|p1a: Rhyperior|126\/434|[silent]
|-heal|p2a: Gliscor|288\/354 tox|[from] ability: Poison Heal
|turn|54
|-message|hj regicide forfeited.
|leave|hj regicide
|
|win|davidTHEMASTER
|raw|Ladder updating...
|player|p1
|c|âdavidTHEMASTER|GG
|raw|hj regicide's rating: 1641 &rarr; <strong>1612<\/strong><br \/>(-29 for losing)
|raw|davidTHEMASTER's rating: 1489 &rarr; <strong>1517<\/strong><br \/>(+28 for winning)
|c|âdavidTHEMASTER|ahah