|join|dat dow tho
|join|hj regicide
|c|âdat dow tho|gl hf
|player|p1|dat dow tho|2
|player|p2|hj regicide|266
|gametype|singles
|gen|6
|tier|OU
|rated
|clearpoke
|poke|p1|Garchomp, M
|poke|p1|Landorus, M, shiny
|poke|p1|Diancie, shiny
|poke|p1|Keldeo
|poke|p1|Latios, M
|poke|p1|Slowbro, M
|poke|p2|Azelf
|poke|p2|Metagross
|poke|p2|Landorus-Therian, M
|poke|p2|Raikou
|poke|p2|Hawlucha, M
|poke|p2|Manaphy
|rule|Swagger Clause: Swagger is banned
|rule|Baton Pass Clause: Limit one PokÃ©mon knowing Baton Pass
|rule|Sleep Clause Mod: Limit one foe put to sleep
|rule|Species Clause: Limit one of each PokÃ©mon
|rule|OHKO Clause: OHKO moves are banned
|rule|Moody Clause: Moody is banned
|rule|Evasion Moves Clause: Evasion moves are banned
|rule|Endless Battle Clause: Forcing endless battles is banned
|rule|HP Percentage Mod: HP is shown in percentages
|teampreview
|c|âhj regicide|u too
|
|start
|switch|p1a: Garchomp|Garchomp, M|357\/357
|switch|p2a: Azelf|Azelf|353\/353
|turn|1
|
|move|p2a: Azelf|Taunt|p1a: Garchomp
|-start|p1a: Garchomp|move: Taunt
|move|p1a: Garchomp|Outrage|p2a: Azelf
|-damage|p2a: Azelf|50\/353
|
|turn|2
|
|move|p2a: Azelf|Stealth Rock|p1a: Garchomp
|-sidestart|p1: dat dow tho|move: Stealth Rock
|move|p1a: Garchomp|Outrage|p2a: Azelf
|-damage|p2a: Azelf|0 fnt
|faint|p2a: Azelf
|
|-end|p1a: Garchomp|rampage
|-start|p1a: Garchomp|confusion
|
|switch|p2a: Metagross|Metagross|301\/301
|turn|3
|
|switch|p1a: Slowbro|Slowbro, M|393\/393
|-damage|p1a: Slowbro|344\/393|[from] Stealth Rock
|detailschange|p2a: Metagross|Metagross-Mega
|-mega|p2a: Metagross|Metagross|Metagrossite
|move|p2a: Metagross|Meteor Mash|p1a: Slowbro
|-resisted|p1a: Slowbro
|-damage|p1a: Slowbro|260\/393
|-damage|p2a: Metagross|251\/301|[from] item: Rocky Helmet|[of] p1a: Slowbro
|-boost|p2a: Metagross|atk|1
|
|turn|4
|
|move|p2a: Metagross|Pursuit|p1a: Slowbro
|-supereffective|p1a: Slowbro
|-damage|p1a: Slowbro|124\/393
|-damage|p2a: Metagross|201\/301|[from] item: Rocky Helmet|[of] p1a: Slowbro
|move|p1a: Slowbro|Thunder Wave|p2a: Metagross
|-status|p2a: Metagross|par
|
|turn|5
|
|switch|p2a: Raikou|Raikou|321\/321
|-ability|p2a: Raikou|Pressure
|move|p1a: Slowbro|Slack Off|p1a: Slowbro
|-heal|p1a: Slowbro|321\/393
|
|turn|6
|
|switch|p1a: Latios|Latios, M|301\/301
|-damage|p1a: Latios|264\/301|[from] Stealth Rock
|move|p2a: Raikou|Shadow Ball|p1a: Latios
|-supereffective|p1a: Latios
|-damage|p1a: Latios|18\/301
|
|turn|7
|
|move|p1a: Latios|Draco Meteor|p2a: Raikou
|-damage|p2a: Raikou|99\/321
|-unboost|p1a: Latios|spa|2
|move|p2a: Raikou|Shadow Ball|p1a: Latios
|-supereffective|p1a: Latios
|-damage|p1a: Latios|0 fnt
|faint|p1a: Latios
|
|
|switch|p1a: Garchomp|Garchomp, M|357\/357
|-damage|p1a: Garchomp|335\/357|[from] Stealth Rock
|turn|8
|
|move|p2a: Raikou|Shadow Ball|p1a: Garchomp
|-damage|p1a: Garchomp|196\/357
|move|p1a: Garchomp|Stealth Rock|p2a: Raikou
|-sidestart|p2: hj regicide|move: Stealth Rock
|
|turn|9
|
|switch|p2a: Hawlucha|Hawlucha, M|298\/298
|-damage|p2a: Hawlucha|261\/298|[from] Stealth Rock
|move|p1a: Garchomp|Outrage|p2a: Hawlucha
|-damage|p2a: Hawlucha|6\/298
|-enditem|p2a: Hawlucha|Sitrus Berry|[eat]
|-heal|p2a: Hawlucha|80\/298|[from] item: Sitrus Berry
|
|turn|10
|
|move|p2a: Hawlucha|High Jump Kick|p1a: Garchomp
|-damage|p1a: Garchomp|16\/357
|-damage|p2a: Hawlucha|43\/298|[from] ability: Rough Skin|[of] p1a: Garchomp
|move|p1a: Garchomp|Outrage|p2a: Hawlucha
|-damage|p2a: Hawlucha|0 fnt
|faint|p2a: Hawlucha
|
|-end|p1a: Garchomp|rampage
|-start|p1a: Garchomp|confusion
|
|switch|p2a: Landorus-Therian|Landorus-Therian, M|319\/319
|-damage|p2a: Landorus-Therian|280\/319|[from] Stealth Rock
|-ability|p2a: Landorus-Therian|Intimidate|[of] p1a: Garchomp
|-unboost|p1a: Garchomp|atk|1
|turn|11
|
|move|p2a: Landorus-Therian|U-turn|p1a: Garchomp
|-damage|p1a: Garchomp|0 fnt
|-damage|p2a: Landorus-Therian|241\/319|[from] ability: Rough Skin|[of] p1a: Garchomp
|faint|p1a: Garchomp
|
|switch|p2a: Raikou|Raikou|99\/321
|-damage|p2a: Raikou|59\/321|[from] Stealth Rock
|-ability|p2a: Raikou|Pressure
|
|
|switch|p1a: Diancie|Diancie, shiny|241\/241
|-damage|p1a: Diancie|211\/241|[from] Stealth Rock
|turn|12
|
|detailschange|p1a: Diancie|Diancie-Mega, shiny
|-mega|p1a: Diancie|Diancie|Diancite
|move|p1a: Diancie|Protect|p1a: Diancie
|-singleturn|p1a: Diancie|Protect
|move|p2a: Raikou|Hidden Power|p1a: Diancie
|-activate|p1a: Diancie|Protect
|
|turn|13
|
|switch|p2a: Landorus-Therian|Landorus-Therian, M|241\/319
|-damage|p2a: Landorus-Therian|202\/319|[from] Stealth Rock
|-ability|p2a: Landorus-Therian|Intimidate|[of] p1a: Diancie
|-unboost|p1a: Diancie|atk|1
|move|p1a: Diancie|Moonblast|p2a: Landorus-Therian
|-damage|p2a: Landorus-Therian|0 fnt
|faint|p2a: Landorus-Therian
|
|
|switch|p2a: Manaphy|Manaphy|404\/404
|-damage|p2a: Manaphy|354\/404|[from] Stealth Rock
|turn|14
|
|move|p1a: Diancie|Moonblast|p2a: Manaphy
|-damage|p2a: Manaphy|144\/404
|move|p2a: Manaphy|Scald|p1a: Diancie
|-supereffective|p1a: Diancie
|-damage|p1a: Diancie|0 fnt
|faint|p1a: Diancie
|
|-heal|p2a: Manaphy|169\/404|[from] item: Leftovers
|
|switch|p1a: Landorus|Landorus, M, shiny|319\/319
|-damage|p1a: Landorus|280\/319|[from] Stealth Rock
|turn|15
|
|switch|p2a: Metagross|Metagross-Mega|201\/301 par
|-damage|p2a: Metagross|183\/301 par|[from] Stealth Rock
|move|p1a: Landorus|Earth Power|p2a: Metagross
|-supereffective|p2a: Metagross
|-damage|p2a: Metagross|0 fnt
|faint|p2a: Metagross
|
|
|switch|p2a: Raikou|Raikou|59\/321
|-damage|p2a: Raikou|19\/321|[from] Stealth Rock
|-ability|p2a: Raikou|Pressure
|turn|16
|
|switch|p1a: Keldeo|Keldeo|323\/323
|-damage|p1a: Keldeo|303\/323|[from] Stealth Rock
|move|p2a: Raikou|Hidden Power|p1a: Keldeo
|-resisted|p1a: Keldeo
|-damage|p1a: Keldeo|247\/323
|
|-heal|p1a: Keldeo|267\/323|[from] item: Leftovers
|turn|17
|-message|hj regicide forfeited.
|leave|hj regicide
|
|win|dat dow tho
|raw|Ladder updating...
|player|p2
|raw|dat dow tho's rating: 1399 &rarr; <strong>1420<\/strong><br \/>(+21 for winning)
|raw|hj regicide's rating: 1418 &rarr; <strong>1397<\/strong><br \/>(-21 for losing)