|join|Here To GG
|join|hj regicide
|player|p1|Here To GG|148
|player|p2|hj regicide|293
|gametype|singles
|gen|6
|tier|OU
|rated
|clearpoke
|poke|p1|Charizard, F
|poke|p1|Gothitelle, F
|poke|p1|Skarmory, F
|poke|p1|Keldeo
|poke|p1|Landorus-Therian, M
|poke|p1|Chansey, F
|poke|p2|Heracross, F
|poke|p2|Hippowdon, M
|poke|p2|Heatran, F
|poke|p2|Tornadus-Therian, M
|poke|p2|Venusaur, F
|poke|p2|Starmie
|rule|Swagger Clause: Swagger is banned
|rule|Baton Pass Clause: Limit one PokÃ©mon knowing Baton Pass
|rule|Sleep Clause Mod: Limit one foe put to sleep
|rule|Species Clause: Limit one of each PokÃ©mon
|rule|OHKO Clause: OHKO moves are banned
|rule|Moody Clause: Moody is banned
|rule|Evasion Moves Clause: Evasion moves are banned
|rule|Endless Battle Clause: Forcing endless battles is banned
|rule|HP Percentage Mod: HP is shown in percentages
|teampreview
|
|start
|switch|p1a: Landorus-Therian|Landorus-Therian, M|319\/319
|switch|p2a: Tornadus-Therian|Tornadus-Therian, M|332\/332
|-ability|p1a: Landorus-Therian|Intimidate|[of] p2a: Tornadus-Therian
|-unboost|p2a: Tornadus-Therian|atk|1
|turn|1
|
|move|p1a: Landorus-Therian|U-turn|p2a: Tornadus-Therian
|-resisted|p2a: Tornadus-Therian
|-damage|p2a: Tornadus-Therian|273\/332
|
|switch|p1a: Chansey|Chansey, F|703\/703
|move|p2a: Tornadus-Therian|Knock Off|p1a: Chansey
|-damage|p1a: Chansey|638\/703
|-enditem|p1a: Chansey|Eviolite|[from] move: Knock Off|[of] p2a: Tornadus-Therian
|
|turn|2
|
|move|p2a: Tornadus-Therian|U-turn|p1a: Chansey
|-damage|p1a: Chansey|572\/703
|
|switch|p2a: Hippowdon|Hippowdon, M|420\/420
|-weather|Sandstorm
|move|p1a: Chansey|Wish|p1a: Chansey
|
|-weather|Sandstorm|[upkeep]
|-damage|p1a: Chansey|529\/703|[from] sandstorm
|turn|3
|
|switch|p1a: Gothitelle|Gothitelle, F|281\/281
|switch|p2a: Heracross|Heracross, F|301\/301
|
|-weather|Sandstorm|[upkeep]
|-damage|p2a: Heracross|283\/301|[from] sandstorm
|-damage|p1a: Gothitelle|264\/281|[from] sandstorm
|-heal|p1a: Gothitelle|281\/281|[from] move: Wish|[wisher] Chansey
|turn|4
|
|move|p2a: Heracross|Pursuit|p1a: Gothitelle|[from]Pursuit
|-supereffective|p1a: Gothitelle
|-damage|p1a: Gothitelle|99\/281
|switch|p1a: Skarmory|Skarmory, F|334\/334
|
|-weather|Sandstorm|[upkeep]
|-damage|p2a: Heracross|265\/301|[from] sandstorm
|turn|5
|
|switch|p2a: Heatran|Heatran, F|385\/385
|switch|p1a: Charizard|Charizard, F|297\/297
|
|-weather|Sandstorm|[upkeep]
|-damage|p1a: Charizard|279\/297|[from] sandstorm
|turn|6
|
|detailschange|p1a: Charizard|Charizard-Mega-X, F
|-mega|p1a: Charizard|Charizard|Charizardite X
|move|p1a: Charizard|Earthquake|p2a: Heatran
|-supereffective|p2a: Heatran
|-damage|p2a: Heatran|0 fnt
|faint|p2a: Heatran
|
|-weather|none
|
|switch|p2a: Hippowdon|Hippowdon, M|420\/420
|-weather|Sandstorm
|turn|7
|
|switch|p1a: Landorus-Therian|Landorus-Therian, M|319\/319
|-ability|p1a: Landorus-Therian|Intimidate|[of] p2a: Hippowdon
|-unboost|p2a: Hippowdon|atk|1
|move|p2a: Hippowdon|Stealth Rock|p1a: Landorus-Therian
|-sidestart|p1: Here To GG|move: Stealth Rock
|
|-weather|Sandstorm|[upkeep]
|turn|8
|
|switch|p2a: Tornadus-Therian|Tornadus-Therian, M|332\/332
|move|p1a: Landorus-Therian|U-turn|p2a: Tornadus-Therian
|-resisted|p2a: Tornadus-Therian
|-damage|p2a: Tornadus-Therian|277\/332
|
|switch|p1a: Skarmory|Skarmory, F|334\/334
|-damage|p1a: Skarmory|293\/334|[from] Stealth Rock
|
|-weather|Sandstorm|[upkeep]
|-damage|p2a: Tornadus-Therian|257\/332|[from] sandstorm
|turn|9
|
|move|p2a: Tornadus-Therian|Focus Blast|p1a: Skarmory
|-damage|p1a: Skarmory|134\/334
|-unboost|p1a: Skarmory|spd|1
|move|p1a: Skarmory|Defog|p2a: Tornadus-Therian
|-unboost|p2a: Tornadus-Therian|evasion|1
|-sideend|p1: Here To GG|Stealth Rock|[from] move: Defog|[of] p1a: Skarmory
|
|-weather|Sandstorm|[upkeep]
|-damage|p2a: Tornadus-Therian|237\/332|[from] sandstorm
|turn|10
|
|switch|p1a: Landorus-Therian|Landorus-Therian, M|319\/319
|-ability|p1a: Landorus-Therian|Intimidate|[of] p2a: Tornadus-Therian
|-unboost|p2a: Tornadus-Therian|atk|1
|move|p2a: Tornadus-Therian|U-turn|p1a: Landorus-Therian
|-resisted|p1a: Landorus-Therian
|-damage|p1a: Landorus-Therian|302\/319
|
|switch|p2a: Heracross|Heracross, F|265\/301
|
|-weather|Sandstorm|[upkeep]
|-damage|p2a: Heracross|247\/301|[from] sandstorm
|turn|11
|
|move|p2a: Heracross|Close Combat|p1a: Landorus-Therian
|-resisted|p1a: Landorus-Therian
|-damage|p1a: Landorus-Therian|181\/319
|-unboost|p2a: Heracross|def|1
|-unboost|p2a: Heracross|spd|1
|move|p1a: Landorus-Therian|Earthquake|p2a: Heracross
|-resisted|p2a: Heracross
|-damage|p2a: Heracross|55\/301
|
|-weather|none
|turn|12
|
|switch|p2a: Tornadus-Therian|Tornadus-Therian, M|332\/332
|switch|p1a: Charizard|Charizard-Mega-X, F|279\/297
|
|turn|13
|
|move|p2a: Tornadus-Therian|Hurricane|p1a: Charizard
|-damage|p1a: Charizard|93\/297
|-start|p1a: Charizard|confusion
|-activate|p1a: Charizard|confusion
|move|p1a: Charizard|Flare Blitz|p2a: Tornadus-Therian
|-damage|p2a: Tornadus-Therian|0 fnt
|-damage|p1a: Charizard|0 fnt|[from] recoil|[of] p2a: Tornadus-Therian
|faint|p2a: Tornadus-Therian
|faint|p1a: Charizard
|
|c|âHere To GG|i was about to rage haha
|
|switch|p2a: Heracross|Heracross, F|55\/301
|switch|p1a: Keldeo|Keldeo|323\/323
|turn|14
|
|switch|p2a: Starmie|Starmie|324\/324
|switch|p1a: Skarmory|Skarmory, F|134\/334
|
|turn|15
|
|switch|p2a: Heracross|Heracross, F|55\/301
|switch|p1a: Chansey|Chansey, F|529\/703
|
|turn|16
|
|switch|p1a: Skarmory|Skarmory, F|134\/334
|move|p2a: Heracross|Close Combat|p1a: Skarmory
|-crit|p1a: Skarmory
|-damage|p1a: Skarmory|0 fnt
|-damage|p2a: Heracross|5\/301|[from] item: Rocky Helmet|[of] p1a: Skarmory
|-unboost|p2a: Heracross|def|1
|-unboost|p2a: Heracross|spd|1
|faint|p1a: Skarmory
|
|c|âHere To GG|thats so gay
|
|switch|p1a: Landorus-Therian|Landorus-Therian, M|181\/319
|-ability|p1a: Landorus-Therian|Intimidate|[of] p2a: Heracross
|-unboost|p2a: Heracross|atk|1
|turn|17
|
|switch|p2a: Venusaur|Venusaur, F|357\/357
|move|p1a: Landorus-Therian|U-turn|p2a: Venusaur
|-damage|p2a: Venusaur|249\/357
|
|switch|p1a: Gothitelle|Gothitelle, F|99\/281
|
|turn|18
|
|detailschange|p2a: Venusaur|Venusaur-Mega, F
|-mega|p2a: Venusaur|Venusaur|Venusaurite
|move|p1a: Gothitelle|Psychic|p2a: Venusaur
|-supereffective|p2a: Venusaur
|-damage|p2a: Venusaur|39\/357
|move|p2a: Venusaur|Giga Drain|p1a: Gothitelle
|-damage|p1a: Gothitelle|0 fnt
|-heal|p2a: Venusaur|89\/357|[from] drain|[of] p1a: Gothitelle
|faint|p1a: Gothitelle
|
|
|switch|p1a: Landorus-Therian|Landorus-Therian, M|181\/319
|-ability|p1a: Landorus-Therian|Intimidate|[of] p2a: Venusaur
|-unboost|p2a: Venusaur|atk|1
|turn|19
|
|move|p1a: Landorus-Therian|U-turn|p2a: Venusaur
|-crit|p2a: Venusaur
|-damage|p2a: Venusaur|0 fnt
|faint|p2a: Venusaur
|
|switch|p1a: Keldeo|Keldeo|323\/323
|
|
|switch|p2a: Starmie|Starmie|324\/324
|turn|20
|
|move|p2a: Starmie|Scald|p1a: Keldeo
|-resisted|p1a: Keldeo
|-damage|p1a: Keldeo|272\/323
|move|p1a: Keldeo|Hidden Power|p2a: Starmie
|-supereffective|p2a: Starmie
|-damage|p2a: Starmie|78\/324
|
|-heal|p2a: Starmie|98\/324|[from] item: Leftovers
|turn|21
|
|switch|p2a: Hippowdon|Hippowdon, M|420\/420
|-weather|Sandstorm
|switch|p1a: Landorus-Therian|Landorus-Therian, M|181\/319
|-ability|p1a: Landorus-Therian|Intimidate|[of] p2a: Hippowdon
|-unboost|p2a: Hippowdon|atk|1
|
|-weather|Sandstorm|[upkeep]
|turn|22
|
|move|p1a: Landorus-Therian|U-turn|p2a: Hippowdon
|-crit|p2a: Hippowdon
|-damage|p2a: Hippowdon|323\/420
|
|switch|p1a: Keldeo|Keldeo|272\/323
|move|p2a: Hippowdon|Stealth Rock|p1a: Keldeo
|-sidestart|p1: Here To GG|move: Stealth Rock
|
|-weather|Sandstorm|[upkeep]
|-damage|p1a: Keldeo|252\/323|[from] sandstorm
|-heal|p2a: Hippowdon|349\/420|[from] item: Leftovers
|turn|23
|
|switch|p2a: Starmie|Starmie|98\/324
|move|p1a: Keldeo|Scald|p2a: Starmie
|-resisted|p2a: Starmie
|-damage|p2a: Starmie|0 fnt
|faint|p2a: Starmie
|
|-weather|Sandstorm|[upkeep]
|-damage|p1a: Keldeo|232\/323|[from] sandstorm
|
|switch|p2a: Heracross|Heracross, F|5\/301
|turn|24
|
|switch|p2a: Hippowdon|Hippowdon, M|349\/420
|switch|p1a: Landorus-Therian|Landorus-Therian, M|181\/319
|-damage|p1a: Landorus-Therian|142\/319|[from] Stealth Rock
|-ability|p1a: Landorus-Therian|Intimidate|[of] p2a: Hippowdon
|-unboost|p2a: Hippowdon|atk|1
|
|-weather|Sandstorm|[upkeep]
|-heal|p2a: Hippowdon|375\/420|[from] item: Leftovers
|turn|25
|
|move|p1a: Landorus-Therian|U-turn|p2a: Hippowdon
|-damage|p2a: Hippowdon|313\/420
|
|switch|p1a: Chansey|Chansey, F|529\/703
|-damage|p1a: Chansey|442\/703|[from] Stealth Rock
|move|p2a: Hippowdon|Earthquake|p1a: Chansey
|-crit|p1a: Chansey
|-damage|p1a: Chansey|78\/703
|
|-weather|none
|-heal|p2a: Hippowdon|339\/420|[from] item: Leftovers
|turn|26
|
|move|p1a: Chansey|Seismic Toss|p2a: Hippowdon
|-damage|p2a: Hippowdon|239\/420
|move|p2a: Hippowdon|Earthquake|p1a: Chansey
|-damage|p1a: Chansey|0 fnt
|faint|p1a: Chansey
|
|-heal|p2a: Hippowdon|265\/420|[from] item: Leftovers
|c|âHere To GG|misclick haha
|c|âHere To GG|meant to wish
|c|âHere To GG|hand to god :P
|
|switch|p1a: Keldeo|Keldeo|232\/323
|-damage|p1a: Keldeo|212\/323|[from] Stealth Rock
|turn|27
|
|move|p1a: Keldeo|Scald|p2a: Hippowdon
|-crit|p2a: Hippowdon
|-supereffective|p2a: Hippowdon
|-damage|p2a: Hippowdon|0 fnt
|faint|p2a: Hippowdon
|
|
|switch|p2a: Heracross|Heracross, F|5\/301
|turn|28
|
|move|p2a: Heracross|Close Combat|p1a: Keldeo
|-damage|p1a: Keldeo|0 fnt
|-unboost|p2a: Heracross|def|1
|-unboost|p2a: Heracross|spd|1
|faint|p1a: Keldeo
|
|
|switch|p1a: Landorus-Therian|Landorus-Therian, M|142\/319
|-damage|p1a: Landorus-Therian|103\/319|[from] Stealth Rock
|-ability|p1a: Landorus-Therian|Intimidate|[of] p2a: Heracross
|-unboost|p2a: Heracross|atk|1
|turn|29
|
|move|p2a: Heracross|Close Combat|p1a: Landorus-Therian
|-crit|p1a: Landorus-Therian
|-resisted|p1a: Landorus-Therian
|-damage|p1a: Landorus-Therian|0 fnt
|-unboost|p2a: Heracross|def|1
|-unboost|p2a: Heracross|spd|1
|faint|p1a: Landorus-Therian
|
|win|hj regicide
|raw|Ladder updating...
|raw|Here To GG's rating: 1671 &rarr; <strong>1645<\/strong><br \/>(-26 for losing)
|raw|hj regicide's rating: 1560 &rarr; <strong>1586<\/strong><br \/>(+26 for winning)