|join|hj regicide
|join|Disguised Greninja
|player|p1|hj regicide|46
|player|p2|Disguised Greninja|168
|gametype|singles
|gen|6
|tier|OU
|rated
|clearpoke
|poke|p1|Clefable, M
|poke|p1|Hippowdon, F
|poke|p1|Heatran, M
|poke|p1|Tornadus-Therian, M
|poke|p1|Venusaur, F
|poke|p1|Starmie
|poke|p2|Charizard, M
|poke|p2|Bisharp, M
|poke|p2|Keldeo
|poke|p2|Thundurus, M
|poke|p2|Starmie
|poke|p2|Garchomp, M
|rule|Swagger Clause: Swagger is banned
|rule|Baton Pass Clause: Limit one PokÃ©mon knowing Baton Pass
|rule|Sleep Clause Mod: Limit one foe put to sleep
|rule|Species Clause: Limit one of each PokÃ©mon
|rule|OHKO Clause: OHKO moves are banned
|rule|Moody Clause: Moody is banned
|rule|Evasion Moves Clause: Evasion moves are banned
|rule|Endless Battle Clause: Forcing endless battles is banned
|rule|HP Percentage Mod: HP is shown in percentages
|teampreview
|
|start
|switch|p1a: Tornadus-Therian|Tornadus-Therian, M|332\/332
|switch|p2a: Garchomp|Garchomp, M|357\/357
|turn|1
|
|move|p1a: Tornadus-Therian|U-turn|p2a: Garchomp
|-damage|p2a: Garchomp|309\/357
|-damage|p1a: Tornadus-Therian|291\/332|[from] ability: Rough Skin|[of] p2a: Garchomp
|
|switch|p1a: Starmie|Starmie|324\/324
|move|p2a: Garchomp|Stealth Rock|p1a: Starmie
|-sidestart|p1: hj regicide|move: Stealth Rock
|
|turn|2
|
|move|p1a: Starmie|Scald|p2a: Garchomp
|-damage|p2a: Garchomp|209\/357
|-status|p2a: Garchomp|brn
|-enditem|p2a: Garchomp|Lum Berry|[eat]
|-curestatus|p2a: Garchomp|brn
|move|p2a: Garchomp|Earthquake|p1a: Starmie
|-damage|p1a: Starmie|110\/324
|
|-heal|p1a: Starmie|130\/324|[from] item: Leftovers
|turn|3
|
|move|p1a: Starmie|Rapid Spin|p2a: Garchomp
|-damage|p2a: Garchomp|199\/357
|-damage|p1a: Starmie|90\/324|[from] ability: Rough Skin|[of] p2a: Garchomp
|-sideend|p1: hj regicide|Stealth Rock|[from] move: Rapid Spin|[of] p1a: Starmie
|move|p2a: Garchomp|Earthquake|p1a: Starmie
|-damage|p1a: Starmie|0 fnt
|faint|p1a: Starmie
|
|
|switch|p1a: Tornadus-Therian|Tornadus-Therian, M|332\/332
|turn|4
|
|move|p1a: Tornadus-Therian|Hurricane|p2a: Garchomp
|-crit|p2a: Garchomp
|-damage|p2a: Garchomp|0 fnt
|faint|p2a: Garchomp
|
|
|switch|p2a: Thundurus|Thundurus, M|299\/299
|turn|5
|
|switch|p1a: Hippowdon|Hippowdon, F|420\/420
|-weather|Sandstorm
|move|p2a: Thundurus|Knock Off|p1a: Hippowdon
|-damage|p1a: Hippowdon|346\/420
|-enditem|p1a: Hippowdon|Leftovers|[from] move: Knock Off|[of] p2a: Thundurus
|-damage|p2a: Thundurus|270\/299|[from] item: Life Orb
|
|-weather|Sandstorm|[upkeep]
|-damage|p2a: Thundurus|252\/299|[from] sandstorm
|turn|6
|
|switch|p2a: Starmie|Starmie|323\/323
|move|p1a: Hippowdon|Stealth Rock|p2a: Starmie
|-sidestart|p2: Disguised Greninja|move: Stealth Rock
|
|-weather|Sandstorm|[upkeep]
|-damage|p2a: Starmie|303\/323|[from] sandstorm
|-heal|p2a: Starmie|323\/323|[from] item: Leftovers
|turn|7
|
|move|p2a: Starmie|Rapid Spin|p1a: Hippowdon
|-damage|p1a: Hippowdon|338\/420
|-sideend|p2: Disguised Greninja|Stealth Rock|[from] move: Rapid Spin|[of] p2a: Starmie
|move|p1a: Hippowdon|Earthquake|p2a: Starmie
|-damage|p2a: Starmie|184\/323
|
|-weather|Sandstorm|[upkeep]
|-damage|p2a: Starmie|164\/323|[from] sandstorm
|-heal|p2a: Starmie|184\/323|[from] item: Leftovers
|turn|8
|
|switch|p1a: Tornadus-Therian|Tornadus-Therian, M|332\/332
|move|p2a: Starmie|Scald|p1a: Tornadus-Therian
|-damage|p1a: Tornadus-Therian|257\/332
|
|-weather|Sandstorm|[upkeep]
|-damage|p1a: Tornadus-Therian|237\/332|[from] sandstorm
|-damage|p2a: Starmie|164\/323|[from] sandstorm
|-heal|p2a: Starmie|184\/323|[from] item: Leftovers
|turn|9
|
|switch|p2a: Thundurus|Thundurus, M|252\/299
|move|p1a: Tornadus-Therian|Knock Off|p2a: Thundurus
|-damage|p2a: Thundurus|156\/299
|-enditem|p2a: Thundurus|Life Orb|[from] move: Knock Off|[of] p1a: Tornadus-Therian
|
|-weather|none
|turn|10
|
|move|p1a: Tornadus-Therian|U-turn|p2a: Thundurus
|-resisted|p2a: Thundurus
|-damage|p2a: Thundurus|123\/299
|
|switch|p1a: Hippowdon|Hippowdon, F|338\/420
|-weather|Sandstorm
|move|p2a: Thundurus|Hidden Power|p1a: Hippowdon
|-supereffective|p1a: Hippowdon
|-damage|p1a: Hippowdon|154\/420
|
|-weather|Sandstorm|[upkeep]
|-damage|p2a: Thundurus|105\/299|[from] sandstorm
|turn|11
|
|switch|p1a: Clefable|Clefable, M|394\/394
|move|p2a: Thundurus|Hidden Power|p1a: Clefable
|-damage|p1a: Clefable|329\/394
|
|-weather|Sandstorm|[upkeep]
|-damage|p2a: Thundurus|87\/299|[from] sandstorm
|-heal|p1a: Clefable|353\/394|[from] item: Leftovers
|turn|12
|
|move|p2a: Thundurus|Thunderbolt|p1a: Clefable
|-damage|p1a: Clefable|209\/394
|move|p1a: Clefable|Moonblast|p2a: Thundurus
|-damage|p2a: Thundurus|0 fnt
|faint|p2a: Thundurus
|
|-weather|Sandstorm|[upkeep]
|-heal|p1a: Clefable|233\/394|[from] item: Leftovers
|
|switch|p2a: Bisharp|Bisharp, M|271\/271
|turn|13
|
|switch|p1a: Heatran|Heatran, M|335\/335
|move|p2a: Bisharp|Iron Head|p1a: Heatran
|-resisted|p1a: Heatran
|-damage|p1a: Heatran|290\/335
|-damage|p2a: Bisharp|244\/271|[from] item: Life Orb
|
|-weather|Sandstorm|[upkeep]
|turn|14
|
|switch|p2a: Starmie|Starmie|184\/323
|move|p1a: Heatran|Solar Beam|p2a: Starmie|[still]
|-prepare|p1a: Heatran|Solar Beam|p2a: Starmie
|-enditem|p1a: Heatran|Power Herb
|-anim|p1a: Heatran|Solar Beam|p2a: Starmie
|-supereffective|p2a: Starmie
|-damage|p2a: Starmie|18\/323
|
|-weather|none
|-heal|p2a: Starmie|38\/323|[from] item: Leftovers
|turn|15
|
|switch|p1a: Venusaur|Venusaur, F|359\/359
|move|p2a: Starmie|Recover|p2a: Starmie
|-heal|p2a: Starmie|200\/323
|
|-heal|p2a: Starmie|220\/323|[from] item: Leftovers
|turn|16
|
|detailschange|p1a: Venusaur|Venusaur-Mega, F
|-mega|p1a: Venusaur|Venusaur|Venusaurite
|move|p2a: Starmie|Reflect Type|p1a: Venusaur
|-start|p2a: Starmie|typechange|[from] move: Reflect Type|[of] p1a: Venusaur
|move|p1a: Venusaur|Sludge Bomb|p2a: Starmie
|-crit|p2a: Starmie
|-damage|p2a: Starmie|0 fnt
|faint|p2a: Starmie
|
|
|switch|p2a: Charizard|Charizard, M|325\/325
|turn|17
|
|switch|p2a: Keldeo|Keldeo|323\/323
|move|p1a: Venusaur|Sludge Bomb|p2a: Keldeo
|-damage|p2a: Keldeo|128\/323
|-status|p2a: Keldeo|psn
|
|-damage|p2a: Keldeo|88\/323 psn|[from] psn
|turn|18
|-message|Disguised Greninja forfeited.
|leave|Disguised Greninja
|
|win|hj regicide
|raw|Ladder updating...
|player|p2
|raw|hj regicide's rating: 1413 &rarr; <strong>1433<\/strong><br \/>(+20 for winning)
|raw|Disguised Greninja's rating: 1416 &rarr; <strong>1396<\/strong><br \/>(-20 for losing)
|leave|hj regicide
|player|p1