|join|Sucker Lunch
|join|hj regicide
|player|p1|Sucker Lunch|241
|player|p2|hj regicide|46
|gametype|singles
|gen|6
|tier|OU (suspect test)
|clearpoke
|poke|p1|Latios, M
|poke|p1|Rotom-Wash
|poke|p1|Pinsir, M, shiny
|poke|p1|Tentacruel, M
|poke|p1|Thundurus, M
|poke|p1|Heatran, M
|poke|p2|Tornadus-Therian, M
|poke|p2|Metagross
|poke|p2|Hippowdon, M
|poke|p2|Amoonguss, F
|poke|p2|Talonflame, M
|poke|p2|Starmie
|rule|Swagger Clause: Swagger is banned
|rule|Baton Pass Clause: Limit one PokÃ©mon knowing Baton Pass
|rule|Sleep Clause Mod: Limit one foe put to sleep
|rule|Species Clause: Limit one of each PokÃ©mon
|rule|OHKO Clause: OHKO moves are banned
|rule|Moody Clause: Moody is banned
|rule|Evasion Moves Clause: Evasion moves are banned
|rule|Endless Battle Clause: Forcing endless battles is banned
|rule|HP Percentage Mod: HP is shown in percentages
|teampreview
|join|Croven
|join|Ace Trainer Apollo
|join|amg
|join|kingskeleton98
|c|âSucker Lunch|Hmm OH you subbed ferro for amoongus
|join|UnTalPokeNino
|c| amg|GET EM SUCKER LUNCH
|
|start
|switch|p1a: Heatran|Heatran, M|323\/323
|switch|p2a: Talonflame|Talonflame, M|359\/359
|-item|p1a: Heatran|Air Balloon
|turn|1
|join|IAmGingy
|join|i came from leddit
|
|move|p2a: Talonflame|Taunt|p1a: Heatran
|-start|p1a: Heatran|move: Taunt
|cant|p1a: Heatran|move: Taunt|Stealth Rock
|
|turn|2
|c| Croven|rip
|
|switch|p1a: Rotom-Wash|Rotom-Wash|304\/304
|move|p2a: Talonflame|Brave Bird|p1a: Rotom-Wash
|-resisted|p1a: Rotom-Wash
|-damage|p1a: Rotom-Wash|265\/304
|-damage|p2a: Talonflame|346\/359|[from] recoil|[of] p1a: Rotom-Wash
|
|-heal|p2a: Talonflame|359\/359|[from] item: Leftovers
|-heal|p1a: Rotom-Wash|284\/304|[from] item: Leftovers
|turn|3
|
|move|p2a: Talonflame|Will-O-Wisp|p1a: Rotom-Wash
|-status|p1a: Rotom-Wash|brn
|move|p1a: Rotom-Wash|Volt Switch|p2a: Talonflame
|-supereffective|p2a: Talonflame
|-damage|p2a: Talonflame|213\/359
|c| Croven|that did zero
|c|âhj regicide|LOL is that even damage
|
|switch|p1a: Thundurus|Thundurus, M|299\/299
|
|-heal|p2a: Talonflame|235\/359|[from] item: Leftovers
|turn|4
|
|switch|p2a: Hippowdon|Hippowdon, M|417\/417
|move|p1a: Thundurus|Nasty Plot|p1a: Thundurus
|-boost|p1a: Thundurus|spa|2
|
|turn|5
|c|âhj regicide|welp
|
|move|p1a: Thundurus|Nasty Plot|p1a: Thundurus
|-boost|p1a: Thundurus|spa|2
|move|p2a: Hippowdon|Rock Slide|p1a: Thundurus
|-supereffective|p1a: Thundurus
|-damage|p1a: Thundurus|123\/299
|
|-heal|p1a: Thundurus|141\/299|[from] item: Leftovers
|turn|6
|c| Croven|sucker lunch, how do you deal with opposing np thundys o_o
|
|move|p1a: Thundurus|Hidden Power|p2a: Hippowdon
|-supereffective|p2a: Hippowdon
|-damage|p2a: Hippowdon|0 fnt
|faint|p2a: Hippowdon
|
|-heal|p1a: Thundurus|159\/299|[from] item: Leftovers
|c|âSucker Lunch|I just crumble and die
|c| Croven|oh ok
|c|âSucker Lunch|usually
|c|âhj regicide|pls live dis
|
|switch|p2a: Amoonguss|Amoonguss, F|432\/432
|turn|7
|
|move|p1a: Thundurus|Hidden Power|p2a: Amoonguss
|-supereffective|p2a: Amoonguss
|-damage|p2a: Amoonguss|26\/432
|move|p2a: Amoonguss|Spore|p1a: Thundurus
|-status|p1a: Thundurus|slp
|
|-heal|p1a: Thundurus|177\/299 slp|[from] item: Leftovers
|-heal|p2a: Amoonguss|53\/432|[from] item: Leftovers
|turn|8
|c| Croven|ayy
|
|cant|p1a: Thundurus|slp
|move|p2a: Amoonguss|Clear Smog|p1a: Thundurus
|-damage|p1a: Thundurus|108\/299 slp
|-clearboost|p1a: Thundurus
|
|-heal|p1a: Thundurus|126\/299 slp|[from] item: Leftovers
|-heal|p2a: Amoonguss|80\/432|[from] item: Leftovers
|turn|9
|
|switch|p2a: Tornadus-Therian|Tornadus-Therian, M|332\/332
|cant|p1a: Thundurus|slp
|
|-heal|p1a: Thundurus|144\/299 slp|[from] item: Leftovers
|turn|10
|
|move|p2a: Tornadus-Therian|Knock Off|p1a: Thundurus
|-damage|p1a: Thundurus|54\/299 slp
|-enditem|p1a: Thundurus|Leftovers|[from] move: Knock Off|[of] p2a: Tornadus-Therian
|cant|p1a: Thundurus|slp
|
|turn|11
|
|move|p2a: Tornadus-Therian|Knock Off|p1a: Thundurus
|-damage|p1a: Thundurus|0 fnt
|faint|p1a: Thundurus
|
|c|âSucker Lunch|Man I had the low roll on that HP Ice ;_;
|
|switch|p1a: Heatran|Heatran, M|323\/323
|-item|p1a: Heatran|Air Balloon
|turn|12
|c|âhj regicide|im running s def
|join|elitethewish
|c|âhj regicide|a lot
|
|move|p2a: Tornadus-Therian|U-turn|p1a: Heatran
|-resisted|p1a: Heatran
|-damage|p1a: Heatran|312\/323
|-enditem|p1a: Heatran|Air Balloon
|leave|i came from leddit
|
|switch|p2a: Starmie|Starmie|323\/323
|move|p1a: Heatran|Stealth Rock|p2a: Starmie
|-sidestart|p2: hj regicide|move: Stealth Rock
|
|turn|13
|
|switch|p1a: Tentacruel|Tentacruel, M|357\/357
|move|p2a: Starmie|Rapid Spin|p1a: Tentacruel
|-damage|p1a: Tentacruel|346\/357
|-sideend|p2: hj regicide|Stealth Rock|[from] move: Rapid Spin|[of] p2a: Starmie
|
|-heal|p1a: Tentacruel|357\/357|[from] item: Black Sludge
|turn|14
|
|move|p2a: Starmie|Scald|p1a: Tentacruel
|-resisted|p1a: Tentacruel
|-damage|p1a: Tentacruel|315\/357
|move|p1a: Tentacruel|Acid Spray|p2a: Starmie
|-damage|p2a: Starmie|284\/323
|-unboost|p2a: Starmie|spd|2
|
|-heal|p2a: Starmie|304\/323|[from] item: Leftovers
|-heal|p1a: Tentacruel|337\/357|[from] item: Black Sludge
|turn|15
|
|switch|p2a: Metagross|Metagross|301\/301
|move|p1a: Tentacruel|Knock Off|p2a: Metagross
|-supereffective|p2a: Metagross
|-damage|p2a: Metagross|243\/301
|
|-heal|p1a: Tentacruel|357\/357|[from] item: Black Sludge
|turn|16
|c|âhj regicide|gosh darn my bad connection
|c|âSucker Lunch|Please let this burn
|
|detailschange|p2a: Metagross|Metagross-Mega
|-mega|p2a: Metagross|Metagross|Metagrossite
|move|p2a: Metagross|Zen Headbutt|p1a: Tentacruel
|-supereffective|p1a: Tentacruel
|-damage|p1a: Tentacruel|0 fnt
|faint|p1a: Tentacruel
|
|c| Croven|nope
|c| Ace Trainer Apollo|:o giving some zenhead. kinky
|c|âhj regicide|70>100
|
|switch|p1a: Sweeperella|Pinsir, M, shiny|271\/271
|turn|17
|
|detailschange|p1a: Sweeperella|Pinsir-Mega, M, shiny
|-mega|p1a: Sweeperella|Pinsir|Pinsirite
|move|p2a: Metagross|Meteor Mash|p1a: Sweeperella
|-damage|p1a: Sweeperella|82\/271
|move|p1a: Sweeperella|Close Combat|p2a: Metagross
|-damage|p2a: Metagross|138\/301
|-unboost|p1a: Sweeperella|def|1
|-unboost|p1a: Sweeperella|spd|1
|
|turn|18
|c|âSucker Lunch|I CAN TAKE IT
|c|âhj regicide|not well
|
|switch|p1a: Latios|Latios, M|301\/301
|move|p2a: Metagross|Zen Headbutt|p1a: Latios
|-resisted|p1a: Latios
|-damage|p1a: Latios|181\/301
|
|turn|19
|
|move|p1a: Latios|Draco Meteor|p2a: Metagross
|-resisted|p2a: Metagross
|-damage|p2a: Metagross|0 fnt
|-unboost|p1a: Latios|spa|2
|-damage|p1a: Latios|151\/301|[from] item: Life Orb
|faint|p2a: Metagross
|
|leave|amg
|
|switch|p2a: Tornadus-Therian|Tornadus-Therian, M|332\/332
|turn|20
|
|switch|p1a: Sweeperella|Pinsir-Mega, M, shiny|82\/271
|move|p2a: Tornadus-Therian|U-turn|p1a: Sweeperella
|-resisted|p1a: Sweeperella
|-damage|p1a: Sweeperella|62\/271
|c|âhj regicide|gdi i almost pursuited your pinsir
|
|switch|p2a: Talonflame|Talonflame, M|235\/359
|
|-heal|p2a: Talonflame|257\/359|[from] item: Leftovers
|turn|21
|
|switch|p1a: Rotom-Wash|Rotom-Wash|284\/304 brn
|move|p2a: Talonflame|Brave Bird|p1a: Rotom-Wash
|-resisted|p1a: Rotom-Wash
|-damage|p1a: Rotom-Wash|245\/304 brn
|-damage|p2a: Talonflame|244\/359|[from] recoil|[of] p1a: Rotom-Wash
|
|-heal|p2a: Talonflame|266\/359|[from] item: Leftovers
|-heal|p1a: Rotom-Wash|264\/304 brn|[from] item: Leftovers
|-damage|p1a: Rotom-Wash|226\/304 brn|[from] brn
|turn|22
|
|switch|p2a: Amoonguss|Amoonguss, F|224\/432
|move|p1a: Rotom-Wash|Volt Switch|p2a: Amoonguss
|-resisted|p2a: Amoonguss
|-damage|p2a: Amoonguss|181\/432
|
|switch|p1a: Sweeperella|Pinsir-Mega, M, shiny|62\/271
|
|-heal|p2a: Amoonguss|208\/432|[from] item: Leftovers
|turn|23
|
|move|p1a: Sweeperella|Return|p2a: Amoonguss
|-crit|p2a: Amoonguss
|-supereffective|p2a: Amoonguss
|-damage|p2a: Amoonguss|0 fnt
|faint|p2a: Amoonguss
|
|
|switch|p2a: Tornadus-Therian|Tornadus-Therian, M|332\/332
|turn|24
|c|âhj regicide|gah i choked
|
|move|p1a: Sweeperella|Quick Attack|p2a: Tornadus-Therian
|-damage|p2a: Tornadus-Therian|206\/332
|move|p2a: Tornadus-Therian|Heat Wave|p1a: Sweeperella
|-supereffective|p1a: Sweeperella
|-damage|p1a: Sweeperella|0 fnt
|faint|p1a: Sweeperella
|
|
|switch|p1a: Heatran|Heatran, M|312\/323
|turn|25
|c|âhj regicide|of all the three mons that beat pinsir i go into the one that could miss
|
|move|p2a: Tornadus-Therian|U-turn|p1a: Heatran
|-resisted|p1a: Heatran
|-damage|p1a: Heatran|301\/323
|
|switch|p2a: Starmie|Starmie|304\/323
|move|p1a: Heatran|Stealth Rock|p2a: Starmie
|-sidestart|p2: hj regicide|move: Stealth Rock
|
|-heal|p2a: Starmie|323\/323|[from] item: Leftovers
|turn|26
|
|move|p2a: Starmie|Rapid Spin|p1a: Heatran
|-resisted|p1a: Heatran
|-damage|p1a: Heatran|295\/323
|-sideend|p2: hj regicide|Stealth Rock|[from] move: Rapid Spin|[of] p2a: Starmie
|move|p1a: Heatran|Taunt|p2a: Starmie
|-start|p2a: Starmie|move: Taunt
|
|turn|27
|
|switch|p1a: Latios|Latios, M|151\/301
|move|p2a: Starmie|Scald|p1a: Latios
|-resisted|p1a: Latios
|-damage|p1a: Latios|107\/301
|
|turn|28
|
|move|p1a: Latios|Draco Meteor|p2a: Starmie
|-damage|p2a: Starmie|10\/323
|-unboost|p1a: Latios|spa|2
|-damage|p1a: Latios|77\/301|[from] item: Life Orb
|move|p2a: Starmie|Scald|p1a: Latios
|-resisted|p1a: Latios
|-damage|p1a: Latios|30\/301
|
|-heal|p2a: Starmie|30\/323|[from] item: Leftovers
|turn|29
|
|switch|p2a: Talonflame|Talonflame, M|266\/359
|move|p1a: Latios|Psyshock|p2a: Talonflame
|-damage|p2a: Talonflame|153\/359
|-damage|p1a: Latios|0 fnt|[from] item: Life Orb
|faint|p1a: Latios
|
|-heal|p2a: Talonflame|175\/359|[from] item: Leftovers
|c|âhj regicide|if only i was offensive starmie
|
|switch|p1a: Rotom-Wash|Rotom-Wash|226\/304 brn
|turn|30
|
|move|p2a: Talonflame|Roost|p2a: Talonflame
|-heal|p2a: Talonflame|355\/359
|move|p1a: Rotom-Wash|Hydro Pump|p2a: Talonflame
|-supereffective|p2a: Talonflame
|-damage|p2a: Talonflame|119\/359
|
|-heal|p2a: Talonflame|141\/359|[from] item: Leftovers
|-heal|p1a: Rotom-Wash|245\/304 brn|[from] item: Leftovers
|-damage|p1a: Rotom-Wash|207\/304 brn|[from] brn
|turn|31
|join|ejja breh
|
|move|p2a: Talonflame|Roost|p2a: Talonflame
|-heal|p2a: Talonflame|321\/359
|move|p1a: Rotom-Wash|Hydro Pump|p2a: Talonflame
|-supereffective|p2a: Talonflame
|-damage|p2a: Talonflame|61\/359
|
|-heal|p2a: Talonflame|83\/359|[from] item: Leftovers
|-heal|p1a: Rotom-Wash|226\/304 brn|[from] item: Leftovers
|-damage|p1a: Rotom-Wash|188\/304 brn|[from] brn
|turn|32
|
|move|p2a: Talonflame|Roost|p2a: Talonflame
|-heal|p2a: Talonflame|263\/359
|move|p1a: Rotom-Wash|Hydro Pump|p2a: Talonflame
|-supereffective|p2a: Talonflame
|-damage|p2a: Talonflame|5\/359
|
|-heal|p2a: Talonflame|27\/359|[from] item: Leftovers
|-heal|p1a: Rotom-Wash|207\/304 brn|[from] item: Leftovers
|-damage|p1a: Rotom-Wash|169\/304 brn|[from] brn
|turn|33
|join|RNGzus
|
|switch|p2a: Tornadus-Therian|Tornadus-Therian, M|316\/332
|move|p1a: Rotom-Wash|Volt Switch|p2a: Tornadus-Therian
|-supereffective|p2a: Tornadus-Therian
|-damage|p2a: Tornadus-Therian|184\/332
|c|âSucker Lunch|BOOOM
|c|âhj regicide|lol i still win
|
|switch|p1a: Heatran|Heatran, M|295\/323
|
|turn|34
|c|âhj regicide|but nice play
|
|move|p2a: Tornadus-Therian|U-turn|p1a: Heatran
|-resisted|p1a: Heatran
|-damage|p1a: Heatran|283\/323
|
|switch|p2a: Starmie|Starmie|30\/323
|move|p1a: Heatran|Stealth Rock|p2a: Starmie
|-sidestart|p2: hj regicide|move: Stealth Rock
|
|-heal|p2a: Starmie|50\/323|[from] item: Leftovers
|turn|35
|join|Aqua's Swirlix
|leave|Aqua's Swirlix
|join|toneloni97
|c| ejja breh|lol why wouldn';t you lava plume
|
|move|p2a: Starmie|Recover|p2a: Starmie
|-heal|p2a: Starmie|212\/323
|move|p1a: Heatran|Earth Power|p2a: Starmie
|-damage|p2a: Starmie|100\/323
|
|-heal|p2a: Starmie|120\/323|[from] item: Leftovers
|turn|36
|join|i came from leddit
|c|âhj regicide|then i beat him with talon
|
|move|p2a: Starmie|Recover|p2a: Starmie
|-heal|p2a: Starmie|282\/323
|move|p1a: Heatran|Earth Power|p2a: Starmie
|-damage|p2a: Starmie|168\/323
|
|-heal|p2a: Starmie|188\/323|[from] item: Leftovers
|turn|37
|c|âhj regicide|and av torn
|leave|kingskeleton98
|
|move|p2a: Starmie|Scald|p1a: Heatran
|-supereffective|p1a: Heatran
|-damage|p1a: Heatran|107\/323
|move|p1a: Heatran|Taunt|p2a: Starmie
|-start|p2a: Starmie|move: Taunt
|
|-heal|p2a: Starmie|208\/323|[from] item: Leftovers
|turn|38
|leave|toneloni97
|c| IAmGingy|you know
|
|switch|p1a: Rotom-Wash|Rotom-Wash|169\/304 brn
|move|p2a: Starmie|Scald|p1a: Rotom-Wash
|-resisted|p1a: Rotom-Wash
|-damage|p1a: Rotom-Wash|122\/304 brn
|
|-heal|p2a: Starmie|228\/323|[from] item: Leftovers
|-heal|p1a: Rotom-Wash|141\/304 brn|[from] item: Leftovers
|-damage|p1a: Rotom-Wash|103\/304 brn|[from] brn
|turn|39
|c| IAmGingy|sucker can still win
|c| IAmGingy|cause u shouda spun right there,,,
|c|âhj regicide|no
|
|switch|p2a: Talonflame|Talonflame, M|27\/359
|-damage|p2a: Talonflame|0 fnt|[from] Stealth Rock
|faint|p2a: Talonflame
|move|p1a: Rotom-Wash|Volt Switch|p2: Talonflame|[notarget]
|-notarget
|
|-heal|p1a: Rotom-Wash|122\/304 brn|[from] item: Leftovers
|-damage|p1a: Rotom-Wash|84\/304 brn|[from] brn
|c|âhj regicide|i don't need talon
|
|switch|p2a: Tornadus-Therian|Tornadus-Therian, M|294\/332
|-damage|p2a: Tornadus-Therian|211\/332|[from] Stealth Rock
|turn|40
|c|âhj regicide|and i can live a volt switch
|
|switch|p1a: Heatran|Heatran, M|107\/323
|move|p2a: Tornadus-Therian|Knock Off|p1a: Heatran
|-damage|p1a: Heatran|60\/323
|
|turn|41
|c| IAmGingy|oh torn si rlly hlthy
|c| IAmGingy|dont mind me.
|c| IAmGingy|thought it was weaker.
|
|move|p2a: Tornadus-Therian|U-turn|p1a: Heatran
|-resisted|p1a: Heatran
|-damage|p1a: Heatran|48\/323
|
|switch|p2a: Starmie|Starmie|228\/323
|-damage|p2a: Starmie|188\/323|[from] Stealth Rock
|move|p1a: Heatran|Fire Blast|p2a: Starmie
|-resisted|p2a: Starmie
|-damage|p2a: Starmie|85\/323
|
|-heal|p2a: Starmie|105\/323|[from] item: Leftovers
|turn|42
|c|âhj regicide|GG sucker lunch
|c|âSucker Lunch|GGS
|
|move|p2a: Starmie|Scald|p1a: Heatran
|-supereffective|p1a: Heatran
|-damage|p1a: Heatran|0 fnt
|faint|p1a: Heatran
|
|-heal|p2a: Starmie|125\/323|[from] item: Leftovers
|c|âSucker Lunch|the amoongus man
|c|âhj regicide|sorry if that was a shit roll
|c|âhj regicide|im 252\/ 124
|c|âSucker Lunch|Dont worry about it
|
|switch|p1a: Rotom-Wash|Rotom-Wash|84\/304 brn
|turn|43
|
|move|p2a: Starmie|Reflect Type|p1a: Rotom-Wash
|-start|p2a: Starmie|typechange|[from] move: Reflect Type|[of] p1a: Rotom-Wash
|move|p1a: Rotom-Wash|Volt Switch|p2a: Starmie
|-damage|p2a: Starmie|35\/323
|
|-heal|p2a: Starmie|55\/323|[from] item: Leftovers
|-heal|p1a: Rotom-Wash|103\/304 brn|[from] item: Leftovers
|-damage|p1a: Rotom-Wash|65\/304 brn|[from] brn
|turn|44
|
|move|p2a: Starmie|Rapid Spin|p1a: Rotom-Wash
|-damage|p1a: Rotom-Wash|56\/304 brn
|-sideend|p2: hj regicide|Stealth Rock|[from] move: Rapid Spin|[of] p2a: Starmie
|move|p1a: Rotom-Wash|Pain Split|p2a: Starmie
|-sethp|p2a: Starmie|55\/323|p1a: Rotom-Wash|55\/304 brn|[from] move: Pain Split
|
|-heal|p2a: Starmie|75\/323|[from] item: Leftovers
|-heal|p1a: Rotom-Wash|74\/304 brn|[from] item: Leftovers
|-damage|p1a: Rotom-Wash|36\/304 brn|[from] brn
|turn|45
|
|move|p2a: Starmie|Scald|p1a: Rotom-Wash
|-resisted|p1a: Rotom-Wash
|-damage|p1a: Rotom-Wash|0 fnt
|faint|p1a: Rotom-Wash
|
|win|hj regicide
|c|âSucker Lunch|GGS
|leave|Sucker Lunch
|c|âhj regicide|yeh
|leave|IAmGingy
|leave|hj regicide
|player|p1
|leave|UnTalPokeNino
|leave|ejja breh
|player|p2
|leave|i came from leddit
|join|hj regicide