|join|Noshtar
|join|Louisxd
|player|p1|Noshtar|1
|player|p2|Louisxd|165
|gametype|singles
|gen|6
|tier|ORAS OU
|rated
|rule|Sleep Clause Mod: Limit one foe put to sleep
|rule|Species Clause: Limit one of each PokÃ©mon
|rule|OHKO Clause: OHKO moves are banned
|rule|Moody Clause: Moody is banned
|rule|Evasion Moves Clause: Evasion moves are banned
|rule|Endless Battle Clause: Forcing endless battles is banned
|rule|HP Percentage Mod: HP is shown in percentages
|clearpoke
|poke|p1|Landorus-Therian, M
|poke|p1|Scizor, F
|poke|p1|Victini
|poke|p1|Kyurem-Black
|poke|p1|Azumarill, M
|poke|p1|Sableye, F
|poke|p2|Politoed, F
|poke|p2|Swampert, M
|poke|p2|Ferrothorn, M
|poke|p2|Kabutops, M
|poke|p2|Latias, F
|poke|p2|Thundurus-Therian, M
|rule|Swagger Clause: Swagger is banned
|rule|Baton Pass Clause: Limit one PokÃ©mon knowing Baton Pass
|teampreview
|
|start
|switch|p1a: Kyurem-Black|Kyurem-Black|391\/391
|switch|p2a: Ferrothorn|Ferrothorn, M|352\/352
|-ability|p1a: Kyurem-Black|Teravolt
|turn|1
|
|switch|p1a: Sableye|Sableye, F|304\/304
|move|p2a: Ferrothorn|Stealth Rock|p1a: Sableye
|-sidestart|p1: Noshtar|move: Stealth Rock
|
|turn|2
|
|switch|p2a: Politoed|Politoed, F|384\/384
|-weather|RainDance
|move|p1a: Sableye|Calm Mind|p1a: Sableye
|-boost|p1a: Sableye|spa|1
|-boost|p1a: Sableye|spd|1
|
|-weather|RainDance|[upkeep]
|turn|3
|
|move|p1a: Sableye|Calm Mind|p1a: Sableye
|-boost|p1a: Sableye|spa|1
|-boost|p1a: Sableye|spd|1
|move|p2a: Politoed|Encore|p1a: Sableye
|-start|p1a: Sableye|Encore
|
|-weather|RainDance|[upkeep]
|turn|4
|
|switch|p2a: Swampert|Swampert, M|367\/367
|move|p1a: Sableye|Calm Mind|p1a: Sableye
|-boost|p1a: Sableye|spa|1
|-boost|p1a: Sableye|spd|1
|
|-weather|RainDance|[upkeep]
|turn|5
|
|detailschange|p2a: Swampert|Swampert-Mega, M
|message|Swampert has Mega Evolved into Mega Swampert!
|detailschange|p1a: Sableye|Sableye-Mega, F
|message|Sableye has Mega Evolved into Mega Sableye!
|move|p1a: Sableye|Calm Mind|p1a: Sableye
|-boost|p1a: Sableye|spa|1
|-boost|p1a: Sableye|spd|1
|move|p2a: Swampert|Waterfall|p1a: Sableye
|-damage|p1a: Sableye|123\/304
|
|-weather|RainDance|[upkeep]
|turn|6
|
|move|p2a: Swampert|Earthquake|p1a: Sableye
|-damage|p1a: Sableye|0 fnt
|faint|p1a: Sableye
|
|-weather|RainDance|[upkeep]
|
|switch|p1a: Azumarill|Azumarill, M|364\/364
|-damage|p1a: Azumarill|319\/364|[from] Stealth Rock
|turn|7
|
|switch|p2a: Ferrothorn|Ferrothorn, M|352\/352
|move|p1a: Azumarill|Play Rough|p2a: Ferrothorn
|-resisted|p2a: Ferrothorn
|-damage|p2a: Ferrothorn|298\/352
|-damage|p1a: Azumarill|274\/364|[from] ability: Iron Barbs|[of] p2a: Ferrothorn
|
|-weather|RainDance|[upkeep]
|-heal|p2a: Ferrothorn|320\/352|[from] item: Leftovers
|turn|8
|
|move|p1a: Azumarill|Superpower|p2a: Ferrothorn
|-supereffective|p2a: Ferrothorn
|-damage|p2a: Ferrothorn|114\/352
|-damage|p1a: Azumarill|229\/364|[from] ability: Iron Barbs|[of] p2a: Ferrothorn
|-unboost|p1a: Azumarill|atk|1
|-unboost|p1a: Azumarill|def|1
|move|p2a: Ferrothorn|Leech Seed|p1a: Azumarill
|-start|p1a: Azumarill|move: Leech Seed
|
|-weather|RainDance|[upkeep]
|-heal|p2a: Ferrothorn|136\/352|[from] item: Leftovers
|-damage|p1a: Azumarill|184\/364|[from] Leech Seed|[of] p2a: Ferrothorn
|-heal|p2a: Ferrothorn|181\/352|[silent]
|turn|9
|
|switch|p1a: Victini|Victini|341\/341
|-damage|p1a: Victini|256\/341|[from] Stealth Rock
|switch|p2a: Thundurus-Therian|Thundurus-Therian, M|299\/299
|
|-weather|none
|turn|10
|
|move|p2a: Thundurus-Therian|Volt Switch|p1a: Victini
|-damage|p1a: Victini|69\/341
|-damage|p2a: Thundurus-Therian|270\/299|[from] item: Life Orb
|
|switch|p2a: Politoed|Politoed, F|384\/384
|-weather|RainDance
|move|p1a: Victini|V-create|p2a: Politoed
|-resisted|p2a: Politoed
|-damage|p2a: Politoed|243\/384
|-unboost|p1a: Victini|def|1
|-unboost|p1a: Victini|spd|1
|-unboost|p1a: Victini|spe|1
|
|-weather|RainDance|[upkeep]
|turn|11
|
|switch|p1a: Kyurem-Black|Kyurem-Black|391\/391
|-damage|p1a: Kyurem-Black|294\/391|[from] Stealth Rock
|-ability|p1a: Kyurem-Black|Teravolt
|switch|p2a: Swampert|Swampert-Mega, M|367\/367
|
|-weather|RainDance|[upkeep]
|turn|12
|
|move|p2a: Swampert|Superpower|p1a: Kyurem-Black
|-supereffective|p1a: Kyurem-Black
|-damage|p1a: Kyurem-Black|0 fnt
|-unboost|p2a: Swampert|atk|1
|-unboost|p2a: Swampert|def|1
|faint|p1a: Kyurem-Black
|
|-weather|RainDance|[upkeep]
|
|switch|p1a: Azumarill|Azumarill, M|184\/364
|-damage|p1a: Azumarill|139\/364|[from] Stealth Rock
|-enditem|p1a: Azumarill|Sitrus Berry|[eat]
|-heal|p1a: Azumarill|230\/364|[from] item: Sitrus Berry
|turn|13
|
|switch|p2a: Thundurus-Therian|Thundurus-Therian, M|270\/299
|move|p1a: Azumarill|Aqua Jet|p2a: Thundurus-Therian
|-damage|p2a: Thundurus-Therian|101\/299
|
|-weather|RainDance|[upkeep]
|turn|14
|
|switch|p2a: Ferrothorn|Ferrothorn, M|181\/352
|move|p1a: Azumarill|Aqua Jet|p2a: Ferrothorn
|-resisted|p2a: Ferrothorn
|-damage|p2a: Ferrothorn|140\/352
|-damage|p1a: Azumarill|185\/364|[from] ability: Iron Barbs|[of] p2a: Ferrothorn
|
|-weather|RainDance|[upkeep]
|-heal|p2a: Ferrothorn|162\/352|[from] item: Leftovers
|turn|15
|
|switch|p2a: Latias|Latias, F|319\/319
|move|p1a: Azumarill|Superpower|p2a: Latias
|-resisted|p2a: Latias
|-damage|p2a: Latias|217\/319
|-unboost|p1a: Azumarill|atk|1
|-unboost|p1a: Azumarill|def|1
|
|-weather|RainDance|[upkeep]
|turn|16
|c|âNoshtar|can you play and stop stall-switch?
|
|switch|p1a: Victini|Victini|69\/341
|-damage|p1a: Victini|0 fnt|[from] Stealth Rock
|faint|p1a: Victini
|move|p2a: Latias|Psyshock|p1: Victini|[notarget]
|-notarget
|
|-weather|RainDance|[upkeep]
|
|switch|p1a: Landorus-Therian|Landorus-Therian, M|319\/319
|-damage|p1a: Landorus-Therian|280\/319|[from] Stealth Rock
|-ability|p1a: Landorus-Therian|Intimidate|[of] p2a: Latias
|-unboost|p2a: Latias|atk|1
|turn|17
|c|âLouisxd|lool
|
|switch|p2a: Ferrothorn|Ferrothorn, M|162\/352
|move|p1a: Landorus-Therian|U-turn|p2a: Ferrothorn
|-damage|p2a: Ferrothorn|99\/352
|-damage|p1a: Landorus-Therian|241\/319|[from] ability: Iron Barbs|[of] p2a: Ferrothorn
|
|switch|p1a: Scizor|Scizor, F|281\/281
|-damage|p1a: Scizor|246\/281|[from] Stealth Rock
|
|-weather|none
|-heal|p1a: Scizor|263\/281|[from] item: Leftovers
|-heal|p2a: Ferrothorn|121\/352|[from] item: Leftovers
|turn|18
|
|move|p1a: Scizor|Swords Dance|p1a: Scizor
|-boost|p1a: Scizor|atk|2
|move|p2a: Ferrothorn|Leech Seed|p1a: Scizor
|-start|p1a: Scizor|move: Leech Seed
|
|-heal|p1a: Scizor|280\/281|[from] item: Leftovers
|-heal|p2a: Ferrothorn|143\/352|[from] item: Leftovers
|-damage|p1a: Scizor|245\/281|[from] Leech Seed|[of] p2a: Ferrothorn
|-heal|p2a: Ferrothorn|178\/352|[silent]
|turn|19
|
|switch|p2a: Politoed|Politoed, F|243\/384
|-weather|RainDance
|move|p1a: Scizor|Defog|p2a: Politoed
|-unboost|p2a: Politoed|evasion|1
|-sideend|p1: Noshtar|Stealth Rock|[from] move: Defog|[of] p1a: Scizor
|
|-weather|RainDance|[upkeep]
|-heal|p1a: Scizor|262\/281|[from] item: Leftovers
|-damage|p1a: Scizor|227\/281|[from] Leech Seed|[of] p2a: Politoed
|-heal|p2a: Politoed|278\/384|[silent]
|turn|20
|
|move|p1a: Scizor|Pursuit|p2a: Politoed
|-damage|p2a: Politoed|88\/384
|move|p2a: Politoed|Encore|p1a: Scizor
|-start|p1a: Scizor|Encore
|
|-weather|RainDance|[upkeep]
|-heal|p1a: Scizor|244\/281|[from] item: Leftovers
|-damage|p1a: Scizor|209\/281|[from] Leech Seed|[of] p2a: Politoed
|-heal|p2a: Politoed|123\/384|[silent]
|turn|21
|
|move|p1a: Scizor|Pursuit|p2a: Politoed
|-damage|p2a: Politoed|0 fnt
|faint|p2a: Politoed
|
|-weather|RainDance|[upkeep]
|-heal|p1a: Scizor|226\/281|[from] item: Leftovers
|
|switch|p2a: Swampert|Swampert-Mega, M|367\/367
|turn|22
|
|move|p2a: Swampert|Waterfall|p1a: Scizor
|-damage|p1a: Scizor|0 fnt
|faint|p1a: Scizor
|
|-weather|RainDance|[upkeep]
|
|switch|p1a: Landorus-Therian|Landorus-Therian, M|241\/319
|-ability|p1a: Landorus-Therian|Intimidate|[of] p2a: Swampert
|-unboost|p2a: Swampert|atk|1
|turn|23
|
|switch|p1a: Azumarill|Azumarill, M|185\/364
|move|p2a: Swampert|Waterfall|p1a: Azumarill
|-resisted|p1a: Azumarill
|-damage|p1a: Azumarill|84\/364
|
|-weather|RainDance|[upkeep]
|turn|24
|
|move|p1a: Azumarill|Aqua Jet|p2a: Swampert
|-damage|p2a: Swampert|243\/367
|move|p2a: Swampert|Waterfall|p1a: Azumarill
|-resisted|p1a: Azumarill
|-damage|p1a: Azumarill|0 fnt
|faint|p1a: Azumarill
|
|-weather|RainDance|[upkeep]
|
|switch|p1a: Landorus-Therian|Landorus-Therian, M|241\/319
|-ability|p1a: Landorus-Therian|Intimidate|[of] p2a: Swampert
|-unboost|p2a: Swampert|atk|1
|turn|25
|
|move|p2a: Swampert|Waterfall|p1a: Landorus-Therian
|-supereffective|p1a: Landorus-Therian
|-damage|p1a: Landorus-Therian|0 fnt
|faint|p1a: Landorus-Therian
|
|win|Louisxd
|raw|Ladder updating...
|raw|Noshtar's rating: 1151 &rarr; <strong>1130<\/strong><br \/>(-21 for losing)
|raw|Louisxd's rating: 1204 &rarr; <strong>1225<\/strong><br \/>(+21 for winning)