|join|Louisxd
|join|peps
|player|p1|Louisxd|165
|player|p2|peps|158
|gametype|singles
|gen|6
|tier|ORAS OU
|rated
|rule|Sleep Clause Mod: Limit one foe put to sleep
|rule|Species Clause: Limit one of each PokÃ©mon
|rule|OHKO Clause: OHKO moves are banned
|rule|Moody Clause: Moody is banned
|rule|Evasion Moves Clause: Evasion moves are banned
|rule|Endless Battle Clause: Forcing endless battles is banned
|rule|HP Percentage Mod: HP is shown in percentages
|clearpoke
|poke|p1|Chesnaught, F
|poke|p1|Metagross
|poke|p1|Keldeo
|poke|p1|Landorus-Therian, M
|poke|p1|Rotom-Wash
|poke|p1|Mew
|poke|p2|Politoed, M
|poke|p2|Kabutops, M
|poke|p2|Ferrothorn, M
|poke|p2|Swampert, M
|poke|p2|Sableye, M
|poke|p2|Noivern, M
|rule|Swagger Clause: Swagger is banned
|rule|Baton Pass Clause: Limit one PokÃ©mon knowing Baton Pass
|teampreview
|
|start
|switch|p1a: Mew|Mew|403\/403
|switch|p2a: Cpt Frank Jr|Sableye, M|304\/304
|turn|1
|
|switch|p1a: Keldeo|Keldeo|323\/323
|move|p2a: Cpt Frank Jr|Knock Off|p1a: Keldeo
|-crit|p1a: Keldeo
|-resisted|p1a: Keldeo
|-damage|p1a: Keldeo|252\/323
|-boost|p1a: Keldeo|atk|1|[from] ability: Justified
|-enditem|p1a: Keldeo|Leftovers|[from] move: Knock Off|[of] p2a: Cpt Frank Jr
|
|turn|2
|
|switch|p2a: Frosch|Politoed, M|382\/382
|-weather|RainDance
|move|p1a: Keldeo|Calm Mind|p1a: Keldeo
|-boost|p1a: Keldeo|spa|1
|-boost|p1a: Keldeo|spd|1
|
|-weather|RainDance|[upkeep]
|turn|3
|
|move|p1a: Keldeo|Substitute|p1a: Keldeo
|-start|p1a: Keldeo|Substitute
|-damage|p1a: Keldeo|172\/323
|move|p2a: Frosch|Encore|p1a: Keldeo
|-start|p1a: Keldeo|Encore
|
|-weather|RainDance|[upkeep]
|turn|4
|
|move|p1a: Keldeo|Substitute|p1a: Keldeo
|-fail|p1a: Keldeo|move: Substitute
|move|p2a: Frosch|Scald|p1a: Keldeo
|-resisted|p1a: Keldeo
|-activate|p1a: Keldeo|Substitute|[damage]
|
|-weather|RainDance|[upkeep]
|turn|5
|
|move|p1a: Keldeo|Substitute|p1a: Keldeo
|-fail|p1a: Keldeo|move: Substitute
|move|p2a: Frosch|Scald|p1a: Keldeo
|-resisted|p1a: Keldeo
|-end|p1a: Keldeo|Substitute
|
|-weather|RainDance|[upkeep]
|turn|6
|
|switch|p2a: Noivern|Noivern, M|311\/311
|move|p1a: Keldeo|Substitute|p1a: Keldeo
|-start|p1a: Keldeo|Substitute
|-damage|p1a: Keldeo|92\/323
|
|-weather|RainDance|[upkeep]
|-end|p1a: Keldeo|Encore
|turn|7
|
|move|p2a: Noivern|Hurricane|p1a: Keldeo
|-supereffective|p1a: Keldeo
|-damage|p1a: Keldeo|0 fnt
|faint|p1a: Keldeo
|
|-weather|RainDance|[upkeep]
|
|switch|p1a: Metagross|Metagross|301\/301
|turn|8
|
|switch|p2a: Semila|Ferrothorn, M|352\/352
|detailschange|p1a: Metagross|Metagross-Mega
|message|Metagross has Mega Evolved into Mega Metagross!
|move|p1a: Metagross|Ice Punch|p2a: Semila
|-damage|p2a: Semila|277\/352
|-damage|p1a: Metagross|264\/301|[from] ability: Iron Barbs|[of] p2a: Semila
|-damage|p1a: Metagross|214\/301|[from] item: Rocky Helmet|[of] p2a: Semila
|
|-weather|RainDance|[upkeep]
|turn|9
|
|switch|p1a: Chesnaught|Chesnaught, F|380\/380
|move|p2a: Semila|Stealth Rock|p1a: Chesnaught
|-sidestart|p1: Louisxd|move: Stealth Rock
|
|-weather|none
|turn|10
|
|switch|p2a: Cpt Frank Jr|Sableye, M|304\/304
|move|p1a: Chesnaught|Spikes|p2a: Cpt Frank Jr
|-sidestart|p2: peps|Spikes
|
|turn|11
|
|switch|p1a: Rotom-Wash|Rotom-Wash|303\/303
|-damage|p1a: Rotom-Wash|266\/303|[from] Stealth Rock
|move|p2a: Cpt Frank Jr|Taunt|p1a: Rotom-Wash
|-start|p1a: Rotom-Wash|move: Taunt
|
|-heal|p1a: Rotom-Wash|284\/303|[from] item: Leftovers
|turn|12
|
|move|p2a: Cpt Frank Jr|Will-O-Wisp|p1a: Rotom-Wash
|-status|p1a: Rotom-Wash|brn
|move|p1a: Rotom-Wash|Hydro Pump|p2a: Cpt Frank Jr
|-damage|p2a: Cpt Frank Jr|106\/304
|
|-heal|p1a: Rotom-Wash|302\/303 brn|[from] item: Leftovers
|-heal|p2a: Cpt Frank Jr|125\/304|[from] item: Leftovers
|-damage|p1a: Rotom-Wash|265\/303 brn|[from] brn
|turn|13
|
|move|p2a: Cpt Frank Jr|Recover|p2a: Cpt Frank Jr
|-heal|p2a: Cpt Frank Jr|277\/304
|move|p1a: Rotom-Wash|Volt Switch|p2a: Cpt Frank Jr
|-damage|p2a: Cpt Frank Jr|147\/304
|
|switch|p1a: Mew|Mew|403\/403
|-damage|p1a: Mew|353\/403|[from] Stealth Rock
|
|-heal|p1a: Mew|378\/403|[from] item: Leftovers
|-heal|p2a: Cpt Frank Jr|166\/304|[from] item: Leftovers
|turn|14
|
|move|p1a: Mew|Will-O-Wisp|p2a: Cpt Frank Jr
|-status|p2a: Cpt Frank Jr|brn
|move|p2a: Cpt Frank Jr|Knock Off|p1a: Mew
|-supereffective|p1a: Mew
|-damage|p1a: Mew|276\/403
|-enditem|p1a: Mew|Leftovers|[from] move: Knock Off|[of] p2a: Cpt Frank Jr
|
|-heal|p2a: Cpt Frank Jr|185\/304 brn|[from] item: Leftovers
|-damage|p2a: Cpt Frank Jr|147\/304 brn|[from] brn
|turn|15
|
|move|p2a: Cpt Frank Jr|Taunt|p1a: Mew
|-start|p1a: Mew|move: Taunt
|move|p1a: Mew|Knock Off|p2a: Cpt Frank Jr
|-damage|p2a: Cpt Frank Jr|83\/304 brn
|-enditem|p2a: Cpt Frank Jr|Leftovers|[from] move: Knock Off|[of] p1a: Mew
|
|-damage|p2a: Cpt Frank Jr|45\/304 brn|[from] brn
|turn|16
|
|move|p2a: Cpt Frank Jr|Recover|p2a: Cpt Frank Jr
|-heal|p2a: Cpt Frank Jr|197\/304 brn
|move|p1a: Mew|Knock Off|p2a: Cpt Frank Jr
|-damage|p2a: Cpt Frank Jr|154\/304 brn
|
|-damage|p2a: Cpt Frank Jr|116\/304 brn|[from] brn
|turn|17
|
|switch|p1a: Rotom-Wash|Rotom-Wash|265\/303 brn
|-damage|p1a: Rotom-Wash|228\/303 brn|[from] Stealth Rock
|move|p2a: Cpt Frank Jr|Recover|p2a: Cpt Frank Jr
|-heal|p2a: Cpt Frank Jr|268\/304 brn
|
|-heal|p1a: Rotom-Wash|246\/303 brn|[from] item: Leftovers
|-damage|p1a: Rotom-Wash|209\/303 brn|[from] brn
|-damage|p2a: Cpt Frank Jr|230\/304 brn|[from] brn
|turn|18
|
|switch|p2a: Frosch|Politoed, M|382\/382
|-damage|p2a: Frosch|335\/382|[from] Spikes
|-weather|RainDance
|move|p1a: Rotom-Wash|Hydro Pump|p2a: Frosch
|-resisted|p2a: Frosch
|-damage|p2a: Frosch|260\/382
|
|-weather|RainDance|[upkeep]
|-heal|p1a: Rotom-Wash|227\/303 brn|[from] item: Leftovers
|-damage|p1a: Rotom-Wash|190\/303 brn|[from] brn
|turn|19
|
|move|p1a: Rotom-Wash|Volt Switch|p2a: Frosch
|-supereffective|p2a: Frosch
|-damage|p2a: Frosch|116\/382
|
|switch|p1a: Chesnaught|Chesnaught, F|380\/380
|-damage|p1a: Chesnaught|357\/380|[from] Stealth Rock
|move|p2a: Frosch|Rest|p2a: Frosch
|-status|p2a: Frosch|slp
|-heal|p2a: Frosch|382\/382 slp|[silent]
|-status|p2a: Frosch|slp|[from] move: Rest
|
|-weather|RainDance|[upkeep]
|-heal|p1a: Chesnaught|380\/380|[from] item: Leftovers
|turn|20
|
|switch|p2a: Cpt Frank Jr|Sableye, M|230\/304 brn
|-damage|p2a: Cpt Frank Jr|192\/304 brn|[from] Spikes
|move|p1a: Chesnaught|Leech Seed|p2a: Cpt Frank Jr
|-start|p2a: Cpt Frank Jr|move: Leech Seed
|
|-weather|RainDance|[upkeep]
|-damage|p2a: Cpt Frank Jr|154\/304 brn|[from] Leech Seed|[of] p1a: Chesnaught
|-damage|p2a: Cpt Frank Jr|116\/304 brn|[from] brn
|turn|21
|
|switch|p1a: Landorus-Therian|Landorus-Therian, M|319\/319
|-damage|p1a: Landorus-Therian|280\/319|[from] Stealth Rock
|-ability|p1a: Landorus-Therian|Intimidate|[of] p2a: Cpt Frank Jr
|-unboost|p2a: Cpt Frank Jr|atk|1
|move|p2a: Cpt Frank Jr|Recover|p2a: Cpt Frank Jr
|-heal|p2a: Cpt Frank Jr|268\/304 brn
|
|-weather|RainDance|[upkeep]
|-damage|p2a: Cpt Frank Jr|230\/304 brn|[from] Leech Seed|[of] p1a: Landorus-Therian
|-heal|p1a: Landorus-Therian|318\/319|[silent]
|-damage|p2a: Cpt Frank Jr|192\/304 brn|[from] brn
|turn|22
|
|switch|p1a: Rotom-Wash|Rotom-Wash|190\/303 brn
|-damage|p1a: Rotom-Wash|153\/303 brn|[from] Stealth Rock
|move|p2a: Cpt Frank Jr|Will-O-Wisp|p1a: Rotom-Wash
|-fail|p1a: Rotom-Wash|brn
|
|-weather|RainDance|[upkeep]
|-heal|p1a: Rotom-Wash|171\/303 brn|[from] item: Leftovers
|-damage|p2a: Cpt Frank Jr|154\/304 brn|[from] Leech Seed|[of] p1a: Rotom-Wash
|-heal|p1a: Rotom-Wash|209\/303 brn|[silent]
|-damage|p1a: Rotom-Wash|172\/303 brn|[from] brn
|-damage|p2a: Cpt Frank Jr|116\/304 brn|[from] brn
|turn|23
|
|switch|p2a: Noivern|Noivern, M|311\/311
|move|p1a: Rotom-Wash|Hydro Pump|p2a: Noivern
|-resisted|p2a: Noivern
|-damage|p2a: Noivern|190\/311
|
|-weather|RainDance|[upkeep]
|-heal|p1a: Rotom-Wash|190\/303 brn|[from] item: Leftovers
|-damage|p1a: Rotom-Wash|153\/303 brn|[from] brn
|turn|24
|
|switch|p1a: Metagross|Metagross-Mega|214\/301
|-damage|p1a: Metagross|196\/301|[from] Stealth Rock
|move|p2a: Noivern|Draco Meteor|p1a: Metagross
|-resisted|p1a: Metagross
|-damage|p1a: Metagross|103\/301
|-unboost|p2a: Noivern|spa|2
|
|-weather|RainDance|[upkeep]
|turn|25
|
|switch|p2a: Semila|Ferrothorn, M|277\/352
|-damage|p2a: Semila|233\/352|[from] Spikes
|switch|p1a: Chesnaught|Chesnaught, F|380\/380
|-damage|p1a: Chesnaught|357\/380|[from] Stealth Rock
|
|-weather|none
|-heal|p1a: Chesnaught|380\/380|[from] item: Leftovers
|turn|26
|
|switch|p2a: Frosch|Politoed, M|382\/382 slp
|-damage|p2a: Frosch|335\/382 slp|[from] Spikes
|-weather|RainDance
|move|p1a: Chesnaught|Spikes|p2a: Frosch
|-sidestart|p2: peps|Spikes
|
|-weather|RainDance|[upkeep]
|turn|27
|
|switch|p2a: Noivern|Noivern, M|190\/311
|move|p1a: Chesnaught|Spikes|p2a: Noivern
|-sidestart|p2: peps|Spikes
|
|-weather|RainDance|[upkeep]
|turn|28
|
|switch|p1a: Mew|Mew|276\/403
|-damage|p1a: Mew|226\/403|[from] Stealth Rock
|move|p2a: Noivern|Hurricane|p1a: Mew
|-damage|p1a: Mew|108\/403
|
|-weather|RainDance|[upkeep]
|turn|29
|
|move|p2a: Noivern|Hurricane|p1a: Mew
|-damage|p1a: Mew|0 fnt
|faint|p1a: Mew
|
|-weather|RainDance|[upkeep]
|
|switch|p1a: Landorus-Therian|Landorus-Therian, M|318\/319
|-damage|p1a: Landorus-Therian|279\/319|[from] Stealth Rock
|-ability|p1a: Landorus-Therian|Intimidate|[of] p2a: Noivern
|-unboost|p2a: Noivern|atk|1
|turn|30
|
|switch|p2a: Cpt Frank Jr|Sableye, M|116\/304 brn
|-damage|p2a: Cpt Frank Jr|40\/304 brn|[from] Spikes
|move|p1a: Landorus-Therian|Stone Edge|p2a: Cpt Frank Jr|[miss]
|-miss|p1a: Landorus-Therian|p2a: Cpt Frank Jr
|
|-weather|RainDance|[upkeep]
|-damage|p2a: Cpt Frank Jr|2\/304 brn|[from] brn
|turn|31
|
|move|p1a: Landorus-Therian|Stone Edge|p2a: Cpt Frank Jr|[miss]
|-miss|p1a: Landorus-Therian|p2a: Cpt Frank Jr
|move|p2a: Cpt Frank Jr|Knock Off|p1a: Landorus-Therian
|-damage|p1a: Landorus-Therian|233\/319
|-enditem|p1a: Landorus-Therian|Choice Scarf|[from] move: Knock Off|[of] p2a: Cpt Frank Jr
|
|-weather|RainDance|[upkeep]
|-damage|p2a: Cpt Frank Jr|0 fnt|[from] brn
|faint|p2a: Cpt Frank Jr
|
|switch|p2a: Swampitos|Swampert, M|341\/341
|-damage|p2a: Swampitos|256\/341|[from] Spikes
|turn|32
|
|switch|p1a: Chesnaught|Chesnaught, F|380\/380
|-damage|p1a: Chesnaught|357\/380|[from] Stealth Rock
|detailschange|p2a: Swampitos|Swampert-Mega, M
|message|Swampert has Mega Evolved into Mega Swampert!
|move|p2a: Swampitos|Waterfall|p1a: Chesnaught
|-resisted|p1a: Chesnaught
|-damage|p1a: Chesnaught|274\/380
|
|-weather|RainDance|[upkeep]
|-heal|p1a: Chesnaught|297\/380|[from] item: Leftovers
|turn|33
|
|switch|p2a: Semila|Ferrothorn, M|233\/352
|-damage|p2a: Semila|145\/352|[from] Spikes
|move|p1a: Chesnaught|Leech Seed|p2a: Semila
|-immune|p2a: Semila|[msg]
|
|-weather|none
|-heal|p1a: Chesnaught|320\/380|[from] item: Leftovers
|turn|34
|
|switch|p2a: Noivern|Noivern, M|190\/311
|move|p1a: Chesnaught|Leech Seed|p2a: Noivern
|-start|p2a: Noivern|move: Leech Seed
|
|-heal|p1a: Chesnaught|343\/380|[from] item: Leftovers
|-damage|p2a: Noivern|152\/311|[from] Leech Seed|[of] p1a: Chesnaught
|-heal|p1a: Chesnaught|380\/380|[silent]
|turn|35
|
|move|p1a: Chesnaught|Spiky Shield|p1a: Chesnaught
|-singleturn|p1a: Chesnaught|move: Protect
|move|p2a: Noivern|Hurricane|p1a: Chesnaught
|-activate|p1a: Chesnaught|move: Protect
|
|-damage|p2a: Noivern|114\/311|[from] Leech Seed|[of] p1a: Chesnaught
|turn|36
|
|switch|p1a: Rotom-Wash|Rotom-Wash|153\/303 brn
|-damage|p1a: Rotom-Wash|116\/303 brn|[from] Stealth Rock
|move|p2a: Noivern|Hurricane|p1a: Rotom-Wash
|-resisted|p1a: Rotom-Wash
|-damage|p1a: Rotom-Wash|48\/303 brn
|
|-heal|p1a: Rotom-Wash|66\/303 brn|[from] item: Leftovers
|-damage|p2a: Noivern|76\/311|[from] Leech Seed|[of] p1a: Rotom-Wash
|-heal|p1a: Rotom-Wash|104\/303 brn|[silent]
|-damage|p1a: Rotom-Wash|67\/303 brn|[from] brn
|turn|37
|
|move|p2a: Noivern|Hurricane|p1a: Rotom-Wash
|-resisted|p1a: Rotom-Wash
|-damage|p1a: Rotom-Wash|0 fnt
|faint|p1a: Rotom-Wash
|
|
|switch|p1a: Metagross|Metagross-Mega|103\/301
|-damage|p1a: Metagross|85\/301|[from] Stealth Rock
|turn|38
|
|switch|p2a: Semila|Ferrothorn, M|145\/352
|-damage|p2a: Semila|57\/352|[from] Spikes
|switch|p1a: Chesnaught|Chesnaught, F|380\/380
|-damage|p1a: Chesnaught|357\/380|[from] Stealth Rock
|
|-heal|p1a: Chesnaught|380\/380|[from] item: Leftovers
|turn|39
|
|move|p1a: Chesnaught|Drain Punch|p2a: Semila
|-supereffective|p2a: Semila
|-damage|p2a: Semila|0 fnt
|-damage|p1a: Chesnaught|333\/380|[from] ability: Iron Barbs|[of] p2a: Semila
|-damage|p1a: Chesnaught|270\/380|[from] item: Rocky Helmet|[of] p2a: Semila
|faint|p2a: Semila
|
|-heal|p1a: Chesnaught|293\/380|[from] item: Leftovers
|
|switch|p2a: Frosch|Politoed, M|335\/382 slp
|-damage|p2a: Frosch|240\/382 slp|[from] Spikes
|-weather|RainDance
|turn|40
|
|cant|p2a: Frosch|slp
|move|p1a: Chesnaught|Leech Seed|p2a: Frosch
|-start|p2a: Frosch|move: Leech Seed
|
|-weather|RainDance|[upkeep]
|-heal|p1a: Chesnaught|316\/380|[from] item: Leftovers
|-damage|p2a: Frosch|193\/382 slp|[from] Leech Seed|[of] p1a: Chesnaught
|-heal|p1a: Chesnaught|363\/380|[silent]
|turn|41
|
|cant|p2a: Frosch|slp
|move|p1a: Chesnaught|Drain Punch|p2a: Frosch
|-damage|p2a: Frosch|82\/382 slp
|-heal|p1a: Chesnaught|380\/380|[from] drain|[of] p2a: Frosch
|
|-weather|RainDance|[upkeep]
|-damage|p2a: Frosch|35\/382 slp|[from] Leech Seed|[of] p1a: Chesnaught
|turn|42
|
|switch|p1a: Metagross|Metagross-Mega|85\/301
|-damage|p1a: Metagross|67\/301|[from] Stealth Rock
|-curestatus|p2a: Frosch|slp
|move|p2a: Frosch|Rest|p2a: Frosch
|-status|p2a: Frosch|slp
|-heal|p2a: Frosch|382\/382 slp|[silent]
|-status|p2a: Frosch|slp|[from] move: Rest
|
|-weather|RainDance|[upkeep]
|-damage|p2a: Frosch|335\/382 slp|[from] Leech Seed|[of] p1a: Metagross
|-heal|p1a: Metagross|114\/301|[silent]
|turn|43
|
|switch|p2a: Swampitos|Swampert-Mega, M|256\/341
|-damage|p2a: Swampitos|171\/341|[from] Spikes
|move|p1a: Metagross|Zen Headbutt|p2a: Swampitos
|-damage|p2a: Swampitos|0 fnt
|faint|p2a: Swampitos
|
|-weather|RainDance|[upkeep]
|
|switch|p2a: Kabutops|Kabutops, M|262\/262
|-damage|p2a: Kabutops|197\/262|[from] Spikes
|turn|44
|
|switch|p1a: Chesnaught|Chesnaught, F|380\/380
|-damage|p1a: Chesnaught|357\/380|[from] Stealth Rock
|move|p2a: Kabutops|Aqua Jet|p1a: Chesnaught
|-resisted|p1a: Chesnaught
|-damage|p1a: Chesnaught|310\/380
|-damage|p2a: Kabutops|171\/262|[from] item: Life Orb
|
|-weather|RainDance|[upkeep]
|-heal|p1a: Chesnaught|333\/380|[from] item: Leftovers
|turn|45
|
|switch|p2a: Noivern|Noivern, M|76\/311
|move|p1a: Chesnaught|Leech Seed|p2a: Noivern
|-start|p2a: Noivern|move: Leech Seed
|
|-weather|RainDance|[upkeep]
|-heal|p1a: Chesnaught|356\/380|[from] item: Leftovers
|-damage|p2a: Noivern|38\/311|[from] Leech Seed|[of] p1a: Chesnaught
|-heal|p1a: Chesnaught|380\/380|[silent]
|turn|46
|
|switch|p2a: Frosch|Politoed, M|335\/382 slp
|-damage|p2a: Frosch|240\/382 slp|[from] Spikes
|move|p1a: Chesnaught|Spiky Shield|p1a: Chesnaught
|-fail|p1a: Chesnaught
|
|-weather|RainDance|[upkeep]
|turn|47
|
|cant|p2a: Frosch|slp
|move|p1a: Chesnaught|Leech Seed|p2a: Frosch
|-start|p2a: Frosch|move: Leech Seed
|
|-weather|none
|-damage|p2a: Frosch|193\/382 slp|[from] Leech Seed|[of] p1a: Chesnaught
|turn|48
|
|cant|p2a: Frosch|slp
|move|p1a: Chesnaught|Drain Punch|p2a: Frosch
|-damage|p2a: Frosch|94\/382 slp
|
|-damage|p2a: Frosch|47\/382 slp|[from] Leech Seed|[of] p1a: Chesnaught
|turn|49
|
|switch|p1a: Metagross|Metagross-Mega|114\/301
|-damage|p1a: Metagross|96\/301|[from] Stealth Rock
|-curestatus|p2a: Frosch|slp
|move|p2a: Frosch|Rest|p2a: Frosch
|-status|p2a: Frosch|slp
|-heal|p2a: Frosch|382\/382 slp|[silent]
|-status|p2a: Frosch|slp|[from] move: Rest
|
|-damage|p2a: Frosch|335\/382 slp|[from] Leech Seed|[of] p1a: Metagross
|-heal|p1a: Metagross|143\/301|[silent]
|turn|50
|
|switch|p2a: Kabutops|Kabutops, M|171\/262
|-damage|p2a: Kabutops|106\/262|[from] Spikes
|move|p1a: Metagross|Zen Headbutt|p2a: Kabutops
|-damage|p2a: Kabutops|0 fnt
|faint|p2a: Kabutops
|
|
|switch|p2a: Frosch|Politoed, M|335\/382 slp
|-damage|p2a: Frosch|240\/382 slp|[from] Spikes
|-weather|RainDance
|turn|51
|
|move|p1a: Metagross|Zen Headbutt|p2a: Frosch
|-damage|p2a: Frosch|17\/382 slp
|cant|p2a: Frosch|slp
|
|-weather|RainDance|[upkeep]
|turn|52
|
|move|p1a: Metagross|Ice Punch|p2a: Frosch
|-resisted|p2a: Frosch
|-damage|p2a: Frosch|0 fnt
|faint|p2a: Frosch
|
|-weather|RainDance|[upkeep]
|
|switch|p2a: Noivern|Noivern, M|38\/311
|turn|53
|
|move|p2a: Noivern|Hurricane|p1a: Metagross
|-resisted|p1a: Metagross
|-damage|p1a: Metagross|72\/301
|move|p1a: Metagross|Ice Punch|p2a: Noivern
|-supereffective|p2a: Noivern
|-damage|p2a: Noivern|0 fnt
|faint|p2a: Noivern
|
|win|Louisxd
|raw|Ladder updating...
|raw|Louisxd's rating: 1179 &rarr; <strong>1207<\/strong><br \/>(+28 for winning)
|raw|peps's rating: 1221 &rarr; <strong>1193<\/strong><br \/>(-28 for losing)
|c|âLouisxd|gg.
|leave|peps
|player|p2