|join|Iambic
|join|Louisxd
|player|p1|Iambic|2
|player|p2|Louisxd|165
|gametype|singles
|gen|6
|tier|OU
|rated
|clearpoke
|poke|p1|Keldeo
|poke|p1|Garchomp, F
|poke|p1|Charizard, F
|poke|p1|Landorus-Therian, M
|poke|p1|Scizor, F
|poke|p1|Tangrowth, M
|poke|p2|Dragalge, F
|poke|p2|Scizor, M
|poke|p2|Keldeo
|poke|p2|Rotom-Wash
|poke|p2|Landorus-Therian, M
|poke|p2|Jirachi
|rule|Swagger Clause: Swagger is banned
|rule|Baton Pass Clause: Limit one PokÃ©mon knowing Baton Pass
|rule|Sleep Clause Mod: Limit one foe put to sleep
|rule|Species Clause: Limit one of each PokÃ©mon
|rule|OHKO Clause: OHKO moves are banned
|rule|Moody Clause: Moody is banned
|rule|Evasion Moves Clause: Evasion moves are banned
|rule|Endless Battle Clause: Forcing endless battles is banned
|rule|HP Percentage Mod: HP is shown in percentages
|teampreview
|
|start
|switch|p1a: Tangrowth|Tangrowth, M|404\/404
|switch|p2a: Landorus-Therian|Landorus-Therian, M|382\/382
|-ability|p2a: Landorus-Therian|Intimidate|[of] p1a: Tangrowth
|-unboost|p1a: Tangrowth|atk|1
|turn|1
|
|move|p2a: Landorus-Therian|Stealth Rock|p1a: Tangrowth
|-sidestart|p1: Iambic|move: Stealth Rock
|move|p1a: Tangrowth|Toxic|p2a: Landorus-Therian
|-status|p2a: Landorus-Therian|tox
|
|-damage|p2a: Landorus-Therian|359\/382 tox|[from] psn
|turn|2
|
|move|p2a: Landorus-Therian|U-turn|p1a: Tangrowth
|-supereffective|p1a: Tangrowth
|-damage|p1a: Tangrowth|304\/404
|
|switch|p2a: Jirachi|Jirachi|342\/342
|move|p1a: Tangrowth|Knock Off|p2a: Jirachi
|-supereffective|p2a: Jirachi
|-damage|p2a: Jirachi|244\/342
|-enditem|p2a: Jirachi|Choice Scarf|[from] move: Knock Off|[of] p1a: Tangrowth
|
|-heal|p1a: Tangrowth|329\/404|[from] item: Leftovers
|turn|3
|
|switch|p1a: Scizor|Scizor, F|344\/344
|-damage|p1a: Scizor|301\/344|[from] Stealth Rock
|move|p2a: Jirachi|U-turn|p1a: Scizor
|-resisted|p1a: Scizor
|-damage|p1a: Scizor|267\/344
|
|switch|p2a: Dragalge|Dragalge, F|321\/321
|
|-heal|p1a: Scizor|288\/344|[from] item: Leftovers
|turn|4
|
|switch|p1a: Garchomp|Garchomp, F|357\/357
|-damage|p1a: Garchomp|335\/357|[from] Stealth Rock
|move|p2a: Dragalge|Draco Meteor|p1a: Garchomp
|-supereffective|p1a: Garchomp
|-damage|p1a: Garchomp|0 fnt
|-unboost|p2a: Dragalge|spa|2
|faint|p1a: Garchomp
|
|
|switch|p1a: Landorus-Therian|Landorus-Therian, M|382\/382
|-damage|p1a: Landorus-Therian|335\/382|[from] Stealth Rock
|-ability|p1a: Landorus-Therian|Intimidate|[of] p2a: Dragalge
|-unboost|p2a: Dragalge|atk|1
|turn|5
|
|switch|p2a: Landorus-Therian|Landorus-Therian, M|359\/382 tox
|-ability|p2a: Landorus-Therian|Intimidate|[of] p1a: Landorus-Therian
|-unboost|p1a: Landorus-Therian|atk|1
|move|p1a: Landorus-Therian|Stealth Rock|p2a: Landorus-Therian
|-sidestart|p2: Louisxd|move: Stealth Rock
|
|-heal|p1a: Landorus-Therian|358\/382|[from] item: Leftovers
|-heal|p2a: Landorus-Therian|382\/382 tox|[from] item: Leftovers
|-damage|p2a: Landorus-Therian|359\/382 tox|[from] psn
|turn|6
|
|move|p1a: Landorus-Therian|Hidden Power|p2a: Landorus-Therian
|-supereffective|p2a: Landorus-Therian
|-damage|p2a: Landorus-Therian|123\/382 tox
|move|p2a: Landorus-Therian|U-turn|p1a: Landorus-Therian
|-resisted|p1a: Landorus-Therian
|-damage|p1a: Landorus-Therian|326\/382
|
|switch|p2a: Keldeo|Keldeo|323\/323
|-damage|p2a: Keldeo|303\/323|[from] Stealth Rock
|
|-heal|p2a: Keldeo|323\/323|[from] item: Leftovers
|-heal|p1a: Landorus-Therian|349\/382|[from] item: Leftovers
|turn|7
|
|switch|p1a: Tangrowth|Tangrowth, M|404\/404
|-damage|p1a: Tangrowth|354\/404|[from] Stealth Rock
|move|p2a: Keldeo|Scald|p1a: Tangrowth
|-resisted|p1a: Tangrowth
|-damage|p1a: Tangrowth|228\/404
|
|-heal|p1a: Tangrowth|253\/404|[from] item: Leftovers
|turn|8
|
|switch|p2a: Scizor|Scizor, M|343\/343
|-damage|p2a: Scizor|301\/343|[from] Stealth Rock
|move|p1a: Tangrowth|Giga Drain|p2a: Scizor
|-resisted|p2a: Scizor
|-damage|p2a: Scizor|278\/343
|-heal|p1a: Tangrowth|265\/404|[from] drain|[of] p2a: Scizor
|
|-heal|p1a: Tangrowth|290\/404|[from] item: Leftovers
|turn|9
|
|switch|p1a: Landorus-Therian|Landorus-Therian, M|349\/382
|-damage|p1a: Landorus-Therian|302\/382|[from] Stealth Rock
|-ability|p1a: Landorus-Therian|Intimidate|[of] p2a: Scizor
|-unboost|p2a: Scizor|atk|1
|detailschange|p2a: Scizor|Scizor-Mega, M
|message|Scizor has Mega Evolved into Mega Scizor!
|move|p2a: Scizor|U-turn|p1a: Landorus-Therian
|-resisted|p1a: Landorus-Therian
|-damage|p1a: Landorus-Therian|260\/382
|
|switch|p2a: Keldeo|Keldeo|323\/323
|-damage|p2a: Keldeo|303\/323|[from] Stealth Rock
|
|-heal|p2a: Keldeo|323\/323|[from] item: Leftovers
|-heal|p1a: Landorus-Therian|283\/382|[from] item: Leftovers
|turn|10
|
|switch|p1a: Tangrowth|Tangrowth, M|404\/404
|-damage|p1a: Tangrowth|354\/404|[from] Stealth Rock
|move|p2a: Keldeo|Secret Sword|p1a: Tangrowth
|-crit|p1a: Tangrowth
|-damage|p1a: Tangrowth|215\/404
|
|-heal|p1a: Tangrowth|240\/404|[from] item: Leftovers
|turn|11
|
|switch|p2a: Scizor|Scizor-Mega, M|278\/343
|-damage|p2a: Scizor|236\/343|[from] Stealth Rock
|move|p1a: Tangrowth|Giga Drain|p2a: Scizor
|-resisted|p2a: Scizor
|-damage|p2a: Scizor|217\/343
|-heal|p1a: Tangrowth|250\/404|[from] drain|[of] p2a: Scizor
|
|-heal|p1a: Tangrowth|275\/404|[from] item: Leftovers
|turn|12
|
|switch|p1a: Landorus-Therian|Landorus-Therian, M|283\/382
|-damage|p1a: Landorus-Therian|236\/382|[from] Stealth Rock
|-ability|p1a: Landorus-Therian|Intimidate|[of] p2a: Scizor
|-unboost|p2a: Scizor|atk|1
|move|p2a: Scizor|U-turn|p1a: Landorus-Therian
|-resisted|p1a: Landorus-Therian
|-damage|p1a: Landorus-Therian|191\/382
|
|switch|p2a: Dragalge|Dragalge, F|321\/321
|-damage|p2a: Dragalge|281\/321|[from] Stealth Rock
|
|-heal|p1a: Landorus-Therian|214\/382|[from] item: Leftovers
|turn|13
|
|switch|p2a: Rotom-Wash|Rotom-Wash|303\/303
|-damage|p2a: Rotom-Wash|266\/303|[from] Stealth Rock
|move|p1a: Landorus-Therian|Earthquake|p2a: Rotom-Wash
|-immune|p2a: Rotom-Wash|[msg]
|
|-heal|p1a: Landorus-Therian|237\/382|[from] item: Leftovers
|-heal|p2a: Rotom-Wash|284\/303|[from] item: Leftovers
|turn|14
|
|switch|p1a: Tangrowth|Tangrowth, M|404\/404
|-damage|p1a: Tangrowth|354\/404|[from] Stealth Rock
|move|p2a: Rotom-Wash|Will-O-Wisp|p1a: Tangrowth
|-status|p1a: Tangrowth|brn
|
|-heal|p2a: Rotom-Wash|302\/303|[from] item: Leftovers
|-heal|p1a: Tangrowth|379\/404 brn|[from] item: Leftovers
|-damage|p1a: Tangrowth|329\/404 brn|[from] brn
|turn|15
|
|move|p2a: Rotom-Wash|Volt Switch|p1a: Tangrowth
|-resisted|p1a: Tangrowth
|-damage|p1a: Tangrowth|251\/404 brn
|
|switch|p2a: Dragalge|Dragalge, F|281\/321
|-damage|p2a: Dragalge|241\/321|[from] Stealth Rock
|move|p1a: Tangrowth|Giga Drain|p2a: Dragalge
|-resisted|p2a: Dragalge
|-damage|p2a: Dragalge|221\/321
|-heal|p1a: Tangrowth|261\/404 brn|[from] drain|[of] p2a: Dragalge
|
|-heal|p1a: Tangrowth|286\/404 brn|[from] item: Leftovers
|-damage|p1a: Tangrowth|236\/404 brn|[from] brn
|turn|16
|
|switch|p1a: Scizor|Scizor, F|288\/344
|-damage|p1a: Scizor|245\/344|[from] Stealth Rock
|move|p2a: Dragalge|Hidden Power|p1a: Scizor
|-supereffective|p1a: Scizor
|-damage|p1a: Scizor|0 fnt
|faint|p1a: Scizor
|
|
|switch|p1a: Charizard|Charizard, F|309\/309
|-damage|p1a: Charizard|155\/309|[from] Stealth Rock
|turn|17
|
|switch|p2a: Landorus-Therian|Landorus-Therian, M|123\/382 tox
|-damage|p2a: Landorus-Therian|76\/382 tox|[from] Stealth Rock
|-ability|p2a: Landorus-Therian|Intimidate|[of] p1a: Charizard
|-unboost|p1a: Charizard|atk|1
|detailschange|p1a: Charizard|Charizard-Mega-X, F
|message|Charizard has Mega Evolved into Mega Charizard!
|move|p1a: Charizard|Roost|p1a: Charizard
|-heal|p1a: Charizard|309\/309
|
|-heal|p2a: Landorus-Therian|99\/382 tox|[from] item: Leftovers
|-damage|p2a: Landorus-Therian|76\/382 tox|[from] psn
|turn|18
|
|move|p1a: Charizard|Dragon Claw|p2a: Landorus-Therian
|-damage|p2a: Landorus-Therian|0 fnt
|faint|p2a: Landorus-Therian
|
|
|switch|p2a: Jirachi|Jirachi|244\/342
|-damage|p2a: Jirachi|223\/342|[from] Stealth Rock
|turn|19
|
|switch|p1a: Landorus-Therian|Landorus-Therian, M|237\/382
|-damage|p1a: Landorus-Therian|190\/382|[from] Stealth Rock
|-ability|p1a: Landorus-Therian|Intimidate|[of] p2a: Jirachi
|-unboost|p2a: Jirachi|atk|1
|move|p2a: Jirachi|Thunder Wave|p1a: Landorus-Therian
|-immune|p1a: Landorus-Therian|[msg]
|
|-heal|p1a: Landorus-Therian|213\/382|[from] item: Leftovers
|turn|20
|
|move|p2a: Jirachi|U-turn|p1a: Landorus-Therian
|-resisted|p1a: Landorus-Therian
|-damage|p1a: Landorus-Therian|192\/382
|
|switch|p2a: Rotom-Wash|Rotom-Wash|302\/303
|-damage|p2a: Rotom-Wash|265\/303|[from] Stealth Rock
|move|p1a: Landorus-Therian|Knock Off|p2a: Rotom-Wash
|-damage|p2a: Rotom-Wash|191\/303
|-enditem|p2a: Rotom-Wash|Leftovers|[from] move: Knock Off|[of] p1a: Landorus-Therian
|
|-heal|p1a: Landorus-Therian|215\/382|[from] item: Leftovers
|turn|21
|
|switch|p1a: Tangrowth|Tangrowth, M|370\/404 brn
|-damage|p1a: Tangrowth|320\/404 brn|[from] Stealth Rock
|move|p2a: Rotom-Wash|Hydro Pump|p1a: Tangrowth
|-crit|p1a: Tangrowth
|-resisted|p1a: Tangrowth
|-damage|p1a: Tangrowth|159\/404 brn
|
|-heal|p1a: Tangrowth|184\/404 brn|[from] item: Leftovers
|-damage|p1a: Tangrowth|134\/404 brn|[from] brn
|turn|22
|
|move|p2a: Rotom-Wash|Volt Switch|p1a: Tangrowth
|-resisted|p1a: Tangrowth
|-damage|p1a: Tangrowth|56\/404 brn
|
|switch|p2a: Scizor|Scizor-Mega, M|217\/343
|-damage|p2a: Scizor|175\/343|[from] Stealth Rock
|move|p1a: Tangrowth|Synthesis|p1a: Tangrowth
|-heal|p1a: Tangrowth|258\/404 brn
|
|-heal|p1a: Tangrowth|283\/404 brn|[from] item: Leftovers
|-damage|p1a: Tangrowth|233\/404 brn|[from] brn
|turn|23
|
|switch|p1a: Keldeo|Keldeo|324\/324
|-damage|p1a: Keldeo|304\/324|[from] Stealth Rock
|move|p2a: Scizor|U-turn|p1a: Keldeo
|-resisted|p1a: Keldeo
|-damage|p1a: Keldeo|233\/324
|
|switch|p2a: Dragalge|Dragalge, F|221\/321
|-damage|p2a: Dragalge|181\/321|[from] Stealth Rock
|
|turn|24
|
|move|p1a: Keldeo|Icy Wind|p2a: Dragalge
|-supereffective|p2a: Dragalge
|-damage|p2a: Dragalge|17\/321
|-unboost|p2a: Dragalge|spe|1
|move|p2a: Dragalge|Sludge Wave|p1a: Keldeo
|-damage|p1a: Keldeo|0 fnt
|faint|p1a: Keldeo
|
|
|switch|p1a: Landorus-Therian|Landorus-Therian, M|215\/382
|-damage|p1a: Landorus-Therian|168\/382|[from] Stealth Rock
|-ability|p1a: Landorus-Therian|Intimidate|[of] p2a: Dragalge
|-unboost|p2a: Dragalge|atk|1
|turn|25
|
|move|p1a: Landorus-Therian|Knock Off|p2a: Dragalge
|-damage|p2a: Dragalge|0 fnt
|-enditem|p2a: Dragalge|Choice Specs|[from] move: Knock Off|[of] p1a: Landorus-Therian
|faint|p2a: Dragalge
|
|-heal|p1a: Landorus-Therian|191\/382|[from] item: Leftovers
|
|switch|p2a: Scizor|Scizor-Mega, M|175\/343
|-damage|p2a: Scizor|133\/343|[from] Stealth Rock
|turn|26
|
|move|p1a: Landorus-Therian|Earthquake|p2a: Scizor
|-crit|p2a: Scizor
|-damage|p2a: Scizor|0 fnt
|faint|p2a: Scizor
|
|-heal|p1a: Landorus-Therian|214\/382|[from] item: Leftovers
|
|switch|p2a: Keldeo|Keldeo|323\/323
|-damage|p2a: Keldeo|303\/323|[from] Stealth Rock
|turn|27
|
|switch|p1a: Tangrowth|Tangrowth, M|367\/404 brn
|-damage|p1a: Tangrowth|317\/404 brn|[from] Stealth Rock
|move|p2a: Keldeo|Scald|p1a: Tangrowth
|-resisted|p1a: Tangrowth
|-damage|p1a: Tangrowth|189\/404 brn
|
|-heal|p2a: Keldeo|323\/323|[from] item: Leftovers
|-heal|p1a: Tangrowth|214\/404 brn|[from] item: Leftovers
|-damage|p1a: Tangrowth|164\/404 brn|[from] brn
|turn|28
|
|move|p2a: Keldeo|Substitute|p2a: Keldeo
|-start|p2a: Keldeo|Substitute
|-damage|p2a: Keldeo|243\/323
|move|p1a: Tangrowth|Giga Drain|p2a: Keldeo
|-supereffective|p2a: Keldeo
|-end|p2a: Keldeo|Substitute
|-heal|p1a: Tangrowth|204\/404 brn|[from] drain|[of] p2a: Keldeo
|
|-heal|p2a: Keldeo|263\/323|[from] item: Leftovers
|-heal|p1a: Tangrowth|229\/404 brn|[from] item: Leftovers
|-damage|p1a: Tangrowth|179\/404 brn|[from] brn
|turn|29
|
|move|p2a: Keldeo|Calm Mind|p2a: Keldeo
|-boost|p2a: Keldeo|spa|1
|-boost|p2a: Keldeo|spd|1
|move|p1a: Tangrowth|Giga Drain|p2a: Keldeo
|-supereffective|p2a: Keldeo
|-damage|p2a: Keldeo|131\/323
|-heal|p1a: Tangrowth|245\/404 brn|[from] drain|[of] p2a: Keldeo
|
|-heal|p2a: Keldeo|151\/323|[from] item: Leftovers
|-heal|p1a: Tangrowth|270\/404 brn|[from] item: Leftovers
|-damage|p1a: Tangrowth|220\/404 brn|[from] brn
|turn|30
|
|move|p2a: Keldeo|Scald|p1a: Tangrowth
|-resisted|p1a: Tangrowth
|-damage|p1a: Tangrowth|30\/404 brn
|move|p1a: Tangrowth|Giga Drain|p2a: Keldeo
|-supereffective|p2a: Keldeo
|-damage|p2a: Keldeo|13\/323
|-heal|p1a: Tangrowth|99\/404 brn|[from] drain|[of] p2a: Keldeo
|
|-heal|p2a: Keldeo|33\/323|[from] item: Leftovers
|-heal|p1a: Tangrowth|124\/404 brn|[from] item: Leftovers
|-damage|p1a: Tangrowth|74\/404 brn|[from] brn
|turn|31
|
|switch|p1a: Landorus-Therian|Landorus-Therian, M|214\/382
|-damage|p1a: Landorus-Therian|167\/382|[from] Stealth Rock
|-ability|p1a: Landorus-Therian|Intimidate|[of] p2a: Keldeo
|-unboost|p2a: Keldeo|atk|1
|move|p2a: Keldeo|Scald|p1a: Landorus-Therian
|-supereffective|p1a: Landorus-Therian
|-damage|p1a: Landorus-Therian|0 fnt
|faint|p1a: Landorus-Therian
|
|-heal|p2a: Keldeo|53\/323|[from] item: Leftovers
|
|switch|p1a: Charizard|Charizard-Mega-X, F|309\/309
|-damage|p1a: Charizard|232\/309|[from] Stealth Rock
|turn|32
|
|move|p2a: Keldeo|Scald|p1a: Charizard
|-damage|p1a: Charizard|0 fnt
|faint|p1a: Charizard
|
|-heal|p2a: Keldeo|73\/323|[from] item: Leftovers
|c|âLouisxd|gg
|c|âIambic|gg
|
|switch|p1a: Tangrowth|Tangrowth, M|208\/404 brn
|-damage|p1a: Tangrowth|158\/404 brn|[from] Stealth Rock
|turn|33
|
|move|p2a: Keldeo|Scald|p1a: Tangrowth
|-resisted|p1a: Tangrowth
|-damage|p1a: Tangrowth|0 fnt
|faint|p1a: Tangrowth
|
|win|Louisxd
|raw|Ladder updating...
|leave|Iambic
|player|p1