|join|Louisxd
|join|bertorellim
|player|p1|Louisxd|165
|player|p2|bertorellim|170
|gametype|singles
|gen|6
|tier|OU
|rated
|clearpoke
|poke|p1|Dragalge, F
|poke|p1|Scizor, M
|poke|p1|Keldeo
|poke|p1|Zapdos
|poke|p1|Jirachi
|poke|p1|Garchomp, M
|poke|p2|Sceptile, M
|poke|p2|Magnezone
|poke|p2|Slowbro, M
|poke|p2|Tyranitar, F
|poke|p2|Conkeldurr, M
|poke|p2|Greninja, M
|rule|Swagger Clause: Swagger is banned
|rule|Baton Pass Clause: Limit one PokÃ©mon knowing Baton Pass
|rule|Sleep Clause Mod: Limit one foe put to sleep
|rule|Species Clause: Limit one of each PokÃ©mon
|rule|OHKO Clause: OHKO moves are banned
|rule|Moody Clause: Moody is banned
|rule|Evasion Moves Clause: Evasion moves are banned
|rule|Endless Battle Clause: Forcing endless battles is banned
|rule|HP Percentage Mod: HP is shown in percentages
|teampreview
|
|start
|switch|p1a: Jaws|Garchomp, M|420\/420
|switch|p2a: Conkeldurr|Conkeldurr, M|414\/414
|turn|1
|
|switch|p1a: Erza|Scizor, M|343\/343
|move|p2a: Conkeldurr|Ice Punch|p1a: Erza
|-resisted|p1a: Erza
|-damage|p1a: Erza|287\/343
|
|turn|2
|
|switch|p2a: Magnezone|Magnezone|323\/323
|detailschange|p1a: Erza|Scizor-Mega, M
|message|Scizor has Mega Evolved into Mega Scizor!
|move|p1a: Erza|U-turn|p2a: Magnezone
|-resisted|p2a: Magnezone
|-damage|p2a: Magnezone|258\/323
|
|switch|p1a: Toxicity|Dragalge, F|321\/321
|
|turn|3
|
|move|p2a: Magnezone|Thunderbolt|p1a: Toxicity
|-resisted|p1a: Toxicity
|-damage|p1a: Toxicity|213\/321
|-status|p1a: Toxicity|par
|move|p1a: Toxicity|Draco Meteor|p2a: Magnezone
|-resisted|p2a: Magnezone
|-damage|p2a: Magnezone|19\/323
|-unboost|p1a: Toxicity|spa|2
|
|turn|4
|
|move|p2a: Magnezone|Thunderbolt|p1a: Toxicity
|-resisted|p1a: Toxicity
|-damage|p1a: Toxicity|113\/321 par
|cant|p1a: Toxicity|par
|
|turn|5
|
|switch|p2a: Tyranitar|Tyranitar, F|404\/404
|-weather|Sandstorm
|switch|p1a: Jaws|Garchomp, M|420\/420
|
|-weather|Sandstorm|[upkeep]
|turn|6
|
|move|p1a: Jaws|Stealth Rock|p2a: Tyranitar
|-sidestart|p2: bertorellim|move: Stealth Rock
|move|p2a: Tyranitar|Stealth Rock|p1a: Jaws
|-sidestart|p1: Louisxd|move: Stealth Rock
|
|-weather|Sandstorm|[upkeep]
|turn|7
|
|switch|p2a: Magnezone|Magnezone|19\/323
|-damage|p2a: Magnezone|0 fnt|[from] Stealth Rock
|faint|p2a: Magnezone
|move|p1a: Jaws|Dragon Tail|p2: Magnezone|[notarget]
|-notarget
|
|-weather|Sandstorm|[upkeep]
|
|switch|p2a: Sceptile|Sceptile, M|282\/282
|-damage|p2a: Sceptile|247\/282|[from] Stealth Rock
|turn|8
|
|switch|p1a: Super Star|Jirachi|342\/342
|-damage|p1a: Super Star|321\/342|[from] Stealth Rock
|detailschange|p2a: Sceptile|Sceptile-Mega, M
|message|Sceptile has Mega Evolved into Mega Sceptile!
|move|p2a: Sceptile|Substitute|p2a: Sceptile
|-start|p2a: Sceptile|Substitute
|-damage|p2a: Sceptile|177\/282
|
|-weather|Sandstorm|[upkeep]
|-damage|p2a: Sceptile|160\/282|[from] sandstorm
|turn|9
|
|move|p1a: Super Star|U-turn|p2a: Sceptile
|-supereffective|p2a: Sceptile
|-end|p2a: Sceptile|Substitute
|
|switch|p1a: Angry Bird|Zapdos|384\/384
|-damage|p1a: Angry Bird|288\/384|[from] Stealth Rock
|-ability|p1a: Angry Bird|Pressure
|move|p2a: Sceptile|Focus Blast|p1a: Angry Bird
|-resisted|p1a: Angry Bird
|-damage|p1a: Angry Bird|206\/384
|
|-weather|none
|-heal|p1a: Angry Bird|230\/384|[from] item: Leftovers
|turn|10
|
|switch|p1a: Super Star|Jirachi|321\/342
|-damage|p1a: Super Star|300\/342|[from] Stealth Rock
|move|p2a: Sceptile|Dragon Pulse|p1a: Super Star
|-resisted|p1a: Super Star
|-damage|p1a: Super Star|216\/342
|
|turn|11
|
|switch|p2a: Slowbro|Slowbro, M|394\/394
|-damage|p2a: Slowbro|345\/394|[from] Stealth Rock
|move|p1a: Super Star|U-turn|p2a: Slowbro
|-supereffective|p2a: Slowbro
|-damage|p2a: Slowbro|253\/394
|-damage|p1a: Super Star|159\/342|[from] item: Rocky Helmet|[of] p2a: Slowbro
|
|switch|p1a: My little pony|Keldeo|323\/323
|-damage|p1a: My little pony|303\/323|[from] Stealth Rock
|
|-heal|p1a: My little pony|323\/323|[from] item: Leftovers
|turn|12
|
|move|p1a: My little pony|Substitute|p1a: My little pony
|-start|p1a: My little pony|Substitute
|-damage|p1a: My little pony|243\/323
|move|p2a: Slowbro|Thunder Wave|p1a: My little pony
|
|-heal|p1a: My little pony|263\/323|[from] item: Leftovers
|turn|13
|
|move|p1a: My little pony|Calm Mind|p1a: My little pony
|-boost|p1a: My little pony|spa|1
|-boost|p1a: My little pony|spd|1
|move|p2a: Slowbro|Scald|p1a: My little pony
|-resisted|p1a: My little pony
|-activate|p1a: My little pony|Substitute|[damage]
|
|-heal|p1a: My little pony|283\/323|[from] item: Leftovers
|turn|14
|
|switch|p2a: Conkeldurr|Conkeldurr, M|414\/414
|-damage|p2a: Conkeldurr|389\/414|[from] Stealth Rock
|move|p1a: My little pony|Scald|p2a: Conkeldurr
|-damage|p2a: Conkeldurr|194\/414
|
|-heal|p1a: My little pony|303\/323|[from] item: Leftovers
|turn|15
|
|move|p2a: Conkeldurr|Mach Punch|p1a: My little pony
|-end|p1a: My little pony|Substitute
|move|p1a: My little pony|Secret Sword|p2a: Conkeldurr
|-crit|p2a: Conkeldurr
|-damage|p2a: Conkeldurr|0 fnt
|faint|p2a: Conkeldurr
|
|-heal|p1a: My little pony|323\/323|[from] item: Leftovers
|
|switch|p2a: Greninja|Greninja, M|285\/285
|-damage|p2a: Greninja|250\/285|[from] Stealth Rock
|turn|16
|
|move|p2a: Greninja|Extrasensory|p1a: My little pony
|-start|p2a: Greninja|typechange|Psychic|[from] Protean
|-supereffective|p1a: My little pony
|-damage|p1a: My little pony|112\/323
|move|p1a: My little pony|Scald|p2a: Greninja
|-damage|p2a: Greninja|0 fnt
|faint|p2a: Greninja
|
|-heal|p1a: My little pony|132\/323|[from] item: Leftovers
|
|switch|p2a: Sceptile|Sceptile-Mega, M|160\/282
|-damage|p2a: Sceptile|125\/282|[from] Stealth Rock
|turn|17
|
|switch|p1a: Erza|Scizor-Mega, M|287\/343
|-damage|p1a: Erza|245\/343|[from] Stealth Rock
|move|p2a: Sceptile|Substitute|p2a: Sceptile
|-start|p2a: Sceptile|Substitute
|-damage|p2a: Sceptile|55\/282
|
|turn|18
|
|move|p1a: Erza|Bullet Punch|p2a: Sceptile
|-crit|p2a: Sceptile
|-end|p2a: Sceptile|Substitute
|move|p2a: Sceptile|Focus Blast|p1a: Erza
|-damage|p1a: Erza|104\/343
|
|turn|19
|
|switch|p2a: Slowbro|Slowbro, M|384\/394
|-damage|p2a: Slowbro|335\/394|[from] Stealth Rock
|move|p1a: Erza|Bullet Punch|p2a: Slowbro
|-resisted|p2a: Slowbro
|-damage|p2a: Slowbro|297\/394
|-damage|p1a: Erza|47\/343|[from] item: Rocky Helmet|[of] p2a: Slowbro
|
|turn|20
|
|move|p1a: Erza|Roost|p1a: Erza
|-heal|p1a: Erza|219\/343
|move|p2a: Slowbro|Ice Beam|p1a: Erza
|-resisted|p1a: Erza
|-damage|p1a: Erza|191\/343
|-status|p1a: Erza|frz
|
|turn|21
|
|cant|p1a: Erza|frz
|move|p2a: Slowbro|Scald|p1a: Erza
|-damage|p1a: Erza|116\/343 frz
|-curestatus|p1a: Erza|frz
|
|turn|22
|
|move|p1a: Erza|Roost|p1a: Erza
|-heal|p1a: Erza|288\/343
|move|p2a: Slowbro|Scald|p1a: Erza
|-damage|p1a: Erza|201\/343
|
|turn|23
|
|switch|p1a: Angry Bird|Zapdos|230\/384
|-damage|p1a: Angry Bird|134\/384|[from] Stealth Rock
|-ability|p1a: Angry Bird|Pressure
|move|p2a: Slowbro|Thunder Wave|p1a: Angry Bird
|-fail|p1a: Angry Bird
|
|-heal|p1a: Angry Bird|158\/384|[from] item: Leftovers
|turn|24
|
|move|p1a: Angry Bird|Roost|p1a: Angry Bird
|-heal|p1a: Angry Bird|350\/384
|move|p2a: Slowbro|Ice Beam|p1a: Angry Bird
|-damage|p1a: Angry Bird|272\/384
|
|-heal|p1a: Angry Bird|296\/384|[from] item: Leftovers
|turn|25
|
|move|p1a: Angry Bird|Defog|p2a: Slowbro
|-unboost|p2a: Slowbro|evasion|1
|-sideend|p2: bertorellim|Stealth Rock|[from] move: Defog|[of] p2a: Slowbro
|-sideend|p1: Louisxd|Stealth Rock|[from] move: Defog|[of] p1a: Angry Bird
|move|p2a: Slowbro|Ice Beam|p1a: Angry Bird
|-supereffective|p1a: Angry Bird
|-damage|p1a: Angry Bird|152\/384
|
|-heal|p1a: Angry Bird|176\/384|[from] item: Leftovers
|turn|26
|
|switch|p2a: Sceptile|Sceptile-Mega, M|55\/282
|move|p1a: Angry Bird|Roost|p1a: Angry Bird
|-heal|p1a: Angry Bird|368\/384
|
|-heal|p1a: Angry Bird|384\/384|[from] item: Leftovers
|turn|27
|
|move|p2a: Sceptile|Dragon Pulse|p1a: Angry Bird
|-damage|p1a: Angry Bird|207\/384
|move|p1a: Angry Bird|Heat Wave|p2a: Sceptile
|-miss|p1a: Angry Bird|p2a: Sceptile
|
|-heal|p1a: Angry Bird|231\/384|[from] item: Leftovers
|turn|28
|
|move|p2a: Sceptile|Dragon Pulse|p1a: Angry Bird
|-damage|p1a: Angry Bird|48\/384
|move|p1a: Angry Bird|Heat Wave|p2a: Sceptile
|-damage|p2a: Sceptile|0 fnt
|faint|p2a: Sceptile
|
|-heal|p1a: Angry Bird|72\/384|[from] item: Leftovers
|
|switch|p2a: Tyranitar|Tyranitar, F|404\/404
|-weather|Sandstorm
|turn|29
|
|move|p1a: Angry Bird|Roost|p1a: Angry Bird
|-heal|p1a: Angry Bird|264\/384
|move|p2a: Tyranitar|Stone Edge|p1a: Angry Bird|[miss]
|-miss|p2a: Tyranitar|p1a: Angry Bird
|
|-weather|Sandstorm|[upkeep]
|-damage|p1a: Angry Bird|240\/384|[from] sandstorm
|-heal|p1a: Angry Bird|264\/384|[from] item: Leftovers
|turn|30
|
|move|p1a: Angry Bird|Volt Switch|p2a: Tyranitar
|-damage|p2a: Tyranitar|349\/404
|
|switch|p1a: Jaws|Garchomp, M|420\/420
|move|p2a: Tyranitar|Stone Edge|p1a: Jaws
|-resisted|p1a: Jaws
|-damage|p1a: Jaws|355\/420
|
|-weather|Sandstorm|[upkeep]
|-heal|p2a: Tyranitar|374\/404|[from] item: Leftovers
|turn|31
|
|move|p1a: Jaws|Toxic|p2a: Tyranitar
|-status|p2a: Tyranitar|tox
|move|p2a: Tyranitar|Stealth Rock|p1a: Jaws
|-sidestart|p1: Louisxd|move: Stealth Rock
|
|-weather|Sandstorm|[upkeep]
|-heal|p2a: Tyranitar|399\/404 tox|[from] item: Leftovers
|-damage|p2a: Tyranitar|374\/404 tox|[from] psn
|turn|32
|
|move|p1a: Jaws|Stealth Rock|p2a: Tyranitar
|-sidestart|p2: bertorellim|move: Stealth Rock
|move|p2a: Tyranitar|Crunch|p1a: Jaws
|-damage|p1a: Jaws|250\/420
|-damage|p2a: Tyranitar|324\/404 tox|[from] ability: Rough Skin|[of] p1a: Jaws
|-damage|p2a: Tyranitar|257\/404 tox|[from] item: Rocky Helmet|[of] p1a: Jaws
|
|-weather|Sandstorm|[upkeep]
|-heal|p2a: Tyranitar|282\/404 tox|[from] item: Leftovers
|-damage|p2a: Tyranitar|232\/404 tox|[from] psn
|turn|33
|
|move|p1a: Jaws|Earthquake|p2a: Tyranitar
|-supereffective|p2a: Tyranitar
|-damage|p2a: Tyranitar|0 fnt
|faint|p2a: Tyranitar
|
|-weather|none
|
|switch|p2a: Slowbro|Slowbro, M|394\/394
|-damage|p2a: Slowbro|345\/394|[from] Stealth Rock
|turn|34
|
|move|p1a: Jaws|Toxic|p2a: Slowbro
|-status|p2a: Slowbro|tox
|move|p2a: Slowbro|Ice Beam|p1a: Jaws
|-supereffective|p1a: Jaws
|-damage|p1a: Jaws|0 fnt
|faint|p1a: Jaws
|
|-damage|p2a: Slowbro|321\/394 tox|[from] psn
|
|switch|p1a: My little pony|Keldeo|132\/323
|-damage|p1a: My little pony|112\/323|[from] Stealth Rock
|turn|35
|
|move|p1a: My little pony|Substitute|p1a: My little pony
|-start|p1a: My little pony|Substitute
|-damage|p1a: My little pony|32\/323
|move|p2a: Slowbro|Scald|p1a: My little pony
|-resisted|p1a: My little pony
|-activate|p1a: My little pony|Substitute|[damage]
|
|-heal|p1a: My little pony|52\/323|[from] item: Leftovers
|-damage|p2a: Slowbro|273\/394 tox|[from] psn
|turn|36
|c|âbertorellim|gg
|
|move|p1a: My little pony|Calm Mind|p1a: My little pony
|-boost|p1a: My little pony|spa|1
|-boost|p1a: My little pony|spd|1
|move|p2a: Slowbro|Scald|p1a: My little pony
|-resisted|p1a: My little pony
|-end|p1a: My little pony|Substitute
|
|-heal|p1a: My little pony|72\/323|[from] item: Leftovers
|-damage|p2a: Slowbro|201\/394 tox|[from] psn
|turn|37
|c|âLouisxd|gg
|
|move|p1a: My little pony|Scald|p2a: Slowbro
|-resisted|p2a: Slowbro
|-damage|p2a: Slowbro|63\/394 tox
|move|p2a: Slowbro|Scald|p1a: My little pony
|-resisted|p1a: My little pony
|-damage|p1a: My little pony|37\/323
|
|-heal|p1a: My little pony|57\/323|[from] item: Leftovers
|-damage|p2a: Slowbro|0 fnt|[from] psn
|faint|p2a: Slowbro
|
|win|Louisxd
|raw|Ladder updating...
|raw|Louisxd's rating: 1497 &rarr; <strong>1519<\/strong><br \/>(+22 for winning)
|raw|bertorellim's rating: 1537 &rarr; <strong>1514<\/strong><br \/>(-23 for losing)
|leave|bertorellim
|player|p2