|join|MoB Barley
|join|Louisxd
|player|p1|MoB Barley|161
|player|p2|Louisxd|165
|gametype|singles
|gen|6
|tier|OU
|rated
|clearpoke
|poke|p1|Garchomp, M
|poke|p1|Rotom-Wash
|poke|p1|Tyranitar, M, shiny
|poke|p1|Clefable, F, shiny
|poke|p1|Excadrill, M, shiny
|poke|p1|Greninja, M, shiny
|poke|p2|Charizard, M
|poke|p2|Keldeo
|poke|p2|Latios, M
|poke|p2|Bisharp, M
|poke|p2|Thundurus, M
|poke|p2|Garchomp, M
|rule|Swagger Clause: Swagger is banned
|rule|Baton Pass Clause: Limit one PokÃ©mon knowing Baton Pass
|rule|Sleep Clause Mod: Limit one foe put to sleep
|rule|Species Clause: Limit one of each PokÃ©mon
|rule|OHKO Clause: OHKO moves are banned
|rule|Moody Clause: Moody is banned
|rule|Evasion Moves Clause: Evasion moves are banned
|rule|Endless Battle Clause: Forcing endless battles is banned
|rule|HP Percentage Mod: HP is shown in percentages
|teampreview
|
|start
|switch|p1a: Bounty|Rotom-Wash|303\/303
|switch|p2a: Garchomp|Garchomp, M|358\/358
|turn|1
|
|switch|p2a: Charizard|Charizard, M|307\/307
|move|p1a: Bounty|Will-O-Wisp|p2a: Charizard
|-fail|p2a: Charizard
|
|turn|2
|
|switch|p1a: Fairy Land|Clefable, F, shiny|391\/391
|detailschange|p2a: Charizard|Charizard-Mega-Y, M
|message|Charizard has Mega Evolved into Mega Charizard!
|-weather|SunnyDay
|move|p2a: Charizard|Solar Beam|p1a: Fairy Land|[still]
|-prepare|p2a: Charizard|Solar Beam|p1a: Fairy Land
|-anim|p2a: Charizard|Solar Beam|p1a: Fairy Land
|-damage|p1a: Fairy Land|185\/391
|
|-weather|SunnyDay|[upkeep]
|-heal|p1a: Fairy Land|209\/391|[from] item: Leftovers
|turn|3
|
|switch|p1a: Rept4r|Tyranitar, M, shiny|404\/404
|-weather|Sandstorm
|move|p2a: Charizard|Fire Blast|p1a: Rept4r
|-resisted|p1a: Rept4r
|-damage|p1a: Rept4r|339\/404
|
|-weather|Sandstorm|[upkeep]
|-damage|p2a: Charizard|288\/307|[from] sandstorm
|turn|4
|
|switch|p2a: Bisharp|Bisharp, M|271\/271
|move|p1a: Rept4r|Rock Slide|p2a: Bisharp
|-miss|p1a: Rept4r|p2a: Bisharp
|
|-weather|Sandstorm|[upkeep]
|turn|5
|
|switch|p1a: Bounty|Rotom-Wash|303\/303
|move|p2a: Bisharp|Iron Head|p1a: Bounty
|-resisted|p1a: Bounty
|-damage|p1a: Bounty|277\/303
|
|-weather|Sandstorm|[upkeep]
|-damage|p1a: Bounty|259\/303|[from] sandstorm
|-heal|p1a: Bounty|277\/303|[from] item: Leftovers
|turn|6
|
|move|p2a: Bisharp|Knock Off|p1a: Bounty
|-damage|p1a: Bounty|121\/303
|-enditem|p1a: Bounty|Leftovers|[from] move: Knock Off|[of] p2a: Bisharp
|move|p1a: Bounty|Will-O-Wisp|p2a: Bisharp
|-status|p2a: Bisharp|brn
|
|-weather|Sandstorm|[upkeep]
|-damage|p1a: Bounty|103\/303|[from] sandstorm
|-damage|p2a: Bisharp|238\/271 brn|[from] brn
|turn|7
|
|move|p2a: Bisharp|Sucker Punch|p1a: Bounty
|-fail|p1a: Bounty
|move|p1a: Bounty|Pain Split|p2a: Bisharp
|-sethp|p2a: Bisharp|170\/271 brn|p1a: Bounty|170\/303|[from] move: Pain Split
|
|-weather|Sandstorm|[upkeep]
|-damage|p1a: Bounty|152\/303|[from] sandstorm
|-damage|p2a: Bisharp|137\/271 brn|[from] brn
|turn|8
|join|Khaliem
|
|move|p2a: Bisharp|Knock Off|p1a: Bounty
|-damage|p1a: Bounty|95\/303
|move|p1a: Bounty|Volt Switch|p2a: Bisharp
|-damage|p2a: Bisharp|14\/271 brn
|
|switch|p1a: Fairy Land|Clefable, F, shiny|209\/391
|
|-weather|Sandstorm|[upkeep]
|-heal|p1a: Fairy Land|233\/391|[from] item: Leftovers
|-damage|p2a: Bisharp|0 fnt|[from] brn
|faint|p2a: Bisharp
|
|switch|p2a: Keldeo|Keldeo|323\/323
|turn|9
|
|switch|p1a: Dart Frogger|Greninja, M, shiny|286\/286
|move|p2a: Keldeo|Scald|p1a: Dart Frogger
|-resisted|p1a: Dart Frogger
|-damage|p1a: Dart Frogger|139\/286
|
|-weather|Sandstorm|[upkeep]
|-damage|p1a: Dart Frogger|122\/286|[from] sandstorm
|-damage|p2a: Keldeo|303\/323|[from] sandstorm
|turn|10
|
|move|p1a: Dart Frogger|Extrasensory|p2a: Keldeo
|-start|p1a: Dart Frogger|typechange|Psychic|[from] Protean
|-supereffective|p2a: Keldeo
|-damage|p2a: Keldeo|0 fnt
|-damage|p1a: Dart Frogger|94\/286|[from] item: Life Orb
|faint|p2a: Keldeo
|
|-weather|none
|
|switch|p2a: Charizard|Charizard-Mega-Y, M|288\/307
|-weather|SunnyDay
|turn|11
|
|switch|p1a: Rept4r|Tyranitar, M, shiny|339\/404
|-weather|Sandstorm
|move|p2a: Charizard|Focus Blast|p1a: Rept4r
|-supereffective|p1a: Rept4r
|-damage|p1a: Rept4r|0 fnt
|faint|p1a: Rept4r
|
|-weather|Sandstorm|[upkeep]
|-damage|p2a: Charizard|269\/307|[from] sandstorm
|
|switch|p1a: Gargantuar|Garchomp, M|358\/358
|turn|12
|
|switch|p2a: Garchomp|Garchomp, M|358\/358
|detailschange|p1a: Gargantuar|Garchomp-Mega, M
|message|Garchomp has Mega Evolved into Mega Garchomp!
|move|p1a: Gargantuar|Outrage|p2a: Garchomp
|-supereffective|p2a: Garchomp
|-enditem|p2a: Garchomp|Focus Sash
|-damage|p2a: Garchomp|1\/358
|-damage|p1a: Gargantuar|314\/358|[from] ability: Rough Skin|[of] p2a: Garchomp
|
|-weather|Sandstorm|[upkeep]
|turn|13
|join|The Boi Wonder
|
|move|p2a: Garchomp|Outrage|p1a: Gargantuar
|-supereffective|p1a: Gargantuar
|-damage|p1a: Gargantuar|0 fnt
|faint|p1a: Gargantuar
|
|-weather|Sandstorm|[upkeep]
|
|switch|p1a: Fairy Land|Clefable, F, shiny|233\/391
|turn|14
|
|move|p2a: Garchomp|Outrage|p1a: Fairy Land
|-immune|p1a: Fairy Land|[msg]
|move|p1a: Fairy Land|Calm Mind|p1a: Fairy Land
|-boost|p1a: Fairy Land|spa|1
|-boost|p1a: Fairy Land|spd|1
|
|-end|p2a: Garchomp|rampage
|-start|p2a: Garchomp|confusion
|-weather|Sandstorm|[upkeep]
|-heal|p1a: Fairy Land|257\/391|[from] item: Leftovers
|turn|15
|
|-activate|p2a: Garchomp|confusion
|-damage|p2a: Garchomp|0 fnt|[from] confusion
|faint|p2a: Garchomp
|move|p1a: Fairy Land|Calm Mind|p1a: Fairy Land
|-boost|p1a: Fairy Land|spa|1
|-boost|p1a: Fairy Land|spd|1
|
|-weather|Sandstorm|[upkeep]
|-heal|p1a: Fairy Land|281\/391|[from] item: Leftovers
|c| The Boi Wonder|and gggg
|c| The Boi Wonder|lmao
|c| The Boi Wonder|broke as fuck
|c| The Boi Wonder|imo
|
|switch|p2a: Charizard|Charizard-Mega-Y, M|269\/307
|-weather|SunnyDay
|turn|16
|
|move|p2a: Charizard|Fire Blast|p1a: Fairy Land
|-damage|p1a: Fairy Land|68\/391
|move|p1a: Fairy Land|Soft-Boiled|p1a: Fairy Land
|-heal|p1a: Fairy Land|264\/391
|
|-weather|SunnyDay|[upkeep]
|-heal|p1a: Fairy Land|288\/391|[from] item: Leftovers
|turn|17
|c| The Boi Wonder|nice
|
|move|p2a: Charizard|Fire Blast|p1a: Fairy Land
|-damage|p1a: Fairy Land|98\/391
|move|p1a: Fairy Land|Soft-Boiled|p1a: Fairy Land
|-heal|p1a: Fairy Land|294\/391
|
|-weather|SunnyDay|[upkeep]
|-heal|p1a: Fairy Land|318\/391|[from] item: Leftovers
|turn|18
|c| The Boi Wonder|lmao
|c| The Boi Wonder|mob wins
|c| The Boi Wonder|ez
|
|move|p2a: Charizard|Solar Beam|p1a: Fairy Land|[still]
|-prepare|p2a: Charizard|Solar Beam|p1a: Fairy Land
|-anim|p2a: Charizard|Solar Beam|p1a: Fairy Land
|-damage|p1a: Fairy Land|213\/391
|move|p1a: Fairy Land|Soft-Boiled|p1a: Fairy Land
|-heal|p1a: Fairy Land|391\/391
|
|-weather|SunnyDay|[upkeep]
|turn|19
|
|switch|p2a: Thundurus|Thundurus, M|306\/306
|move|p1a: Fairy Land|Calm Mind|p1a: Fairy Land
|-boost|p1a: Fairy Land|spa|1
|-boost|p1a: Fairy Land|spd|1
|
|-weather|SunnyDay|[upkeep]
|turn|20
|
|move|p2a: Thundurus|Taunt|p1a: Fairy Land
|-start|p1a: Fairy Land|move: Taunt
|cant|p1a: Fairy Land|move: Taunt|Calm Mind
|
|-weather|none
|turn|21
|
|move|p2a: Thundurus|Thunder Wave|p1a: Fairy Land
|-status|p1a: Fairy Land|par
|move|p1a: Fairy Land|Moonblast|p2a: Thundurus
|-damage|p2a: Thundurus|0 fnt
|faint|p2a: Thundurus
|
|
|switch|p2a: Charizard|Charizard-Mega-Y, M|269\/307
|-weather|SunnyDay
|turn|22
|
|move|p2a: Charizard|Fire Blast|p1a: Fairy Land
|-damage|p1a: Fairy Land|226\/391 par
|move|p1a: Fairy Land|Moonblast|p2a: Charizard
|-resisted|p2a: Charizard
|-damage|p2a: Charizard|158\/307
|
|-weather|SunnyDay|[upkeep]
|-heal|p1a: Fairy Land|250\/391 par|[from] item: Leftovers
|-end|p1a: Fairy Land|move: Taunt
|turn|23
|
|move|p2a: Charizard|Fire Blast|p1a: Fairy Land
|-damage|p1a: Fairy Land|84\/391 par
|cant|p1a: Fairy Land|par
|
|-weather|SunnyDay|[upkeep]
|-heal|p1a: Fairy Land|108\/391 par|[from] item: Leftovers
|turn|24
|
|move|p2a: Charizard|Fire Blast|p1a: Fairy Land
|-damage|p1a: Fairy Land|0 fnt
|faint|p1a: Fairy Land
|
|-weather|SunnyDay|[upkeep]
|
|switch|p1a: Dart Frogger|Greninja, M, shiny|94\/286
|turn|25
|
|move|p1a: Dart Frogger|Ice Beam|p2a: Charizard
|-start|p1a: Dart Frogger|typechange|Ice|[from] Protean
|-damage|p2a: Charizard|2\/307
|-damage|p1a: Dart Frogger|66\/286|[from] item: Life Orb
|move|p2a: Charizard|Solar Beam|p1a: Dart Frogger|[still]
|-prepare|p2a: Charizard|Solar Beam|p1a: Dart Frogger
|-anim|p2a: Charizard|Solar Beam|p1a: Dart Frogger
|-damage|p1a: Dart Frogger|0 fnt
|faint|p1a: Dart Frogger
|
|-weather|SunnyDay|[upkeep]
|c|âMoB Barley|....
|c| The Boi Wonder|wow
|c| The Boi Wonder|nice low roll
|c| The Boi Wonder|imo
|c| The Boi Wonder|XD
|c|âLouisxd|char y op
|c|âMoB Barley|ur rolls op
|c|âMoB Barley|and para hax
|
|switch|p1a: Bounty|Rotom-Wash|95\/303
|turn|26
|
|switch|p2a: Latios|Latios, M|301\/301
|move|p1a: Bounty|Volt Switch|p2a: Latios
|-resisted|p2a: Latios
|-damage|p2a: Latios|264\/301
|
|switch|p1a: Dig Dug|Excadrill, M, shiny|361\/361
|
|-weather|none
|turn|27
|
|move|p2a: Latios|Earthquake|p1a: Dig Dug
|-supereffective|p1a: Dig Dug
|-damage|p1a: Dig Dug|101\/361
|-damage|p2a: Latios|234\/301|[from] item: Life Orb
|move|p1a: Dig Dug|Iron Head|p2a: Latios
|-damage|p2a: Latios|0 fnt
|-damage|p1a: Dig Dug|65\/361|[from] item: Life Orb
|faint|p2a: Latios
|
|
|switch|p2a: Charizard|Charizard-Mega-Y, M|2\/307
|-weather|SunnyDay
|turn|28
|c|âMoB Barley|this kid is soo lucky
|c|âMoB Barley|i hate losing like this
|
|move|p2a: Charizard|Solar Beam|p1a: Dig Dug|[still]
|-prepare|p2a: Charizard|Solar Beam|p1a: Dig Dug
|-anim|p2a: Charizard|Solar Beam|p1a: Dig Dug
|-damage|p1a: Dig Dug|0 fnt
|faint|p1a: Dig Dug
|
|-weather|SunnyDay|[upkeep]
|
|switch|p1a: Bounty|Rotom-Wash|95\/303
|turn|29
|
|move|p2a: Charizard|Solar Beam|p1a: Bounty|[still]
|-prepare|p2a: Charizard|Solar Beam|p1a: Bounty
|-anim|p2a: Charizard|Solar Beam|p1a: Bounty
|-supereffective|p1a: Bounty
|-damage|p1a: Bounty|0 fnt
|faint|p1a: Bounty
|
|win|Louisxd
|raw|Ladder updating...
|c| The Boi Wonder|pretty gay
|raw|MoB Barley's rating: 1908 &rarr; <strong>1876<\/strong><br \/>(-32 for losing)
|raw|Louisxd's rating: 1680 &rarr; <strong>1712<\/strong><br \/>(+32 for winning)
|c| The Boi Wonder|for sure
|c| The Boi Wonder|lmao
|leave|MoB Barley
|player|p1
|c|âLouisxd|1% lel
|c|âLouisxd|2hp
|leave|Louisxd
|player|p2
|leave|The Boi Wonder