|join|Louisxd
|join|TRICKING
|player|p1|Louisxd|165
|player|p2|TRICKING|265
|gametype|singles
|gen|6
|tier|OU
|rated
|clearpoke
|poke|p1|Dragalge, M
|poke|p1|Scizor, M
|poke|p1|Slowbro, M
|poke|p1|Landorus, M
|poke|p1|Latios, M
|poke|p1|Clefable, F
|poke|p2|Keldeo, L45
|poke|p2|Victini
|poke|p2|Diancie
|poke|p2|Crawdaunt, F
|poke|p2|Cresselia, F
|poke|p2|Sableye, F
|rule|Swagger Clause: Swagger is banned
|rule|Baton Pass Clause: Limit one PokÃ©mon knowing Baton Pass
|rule|Sleep Clause Mod: Limit one foe put to sleep
|rule|Species Clause: Limit one of each PokÃ©mon
|rule|OHKO Clause: OHKO moves are banned
|rule|Moody Clause: Moody is banned
|rule|Evasion Moves Clause: Evasion moves are banned
|rule|Endless Battle Clause: Forcing endless battles is banned
|rule|HP Percentage Mod: HP is shown in percentages
|teampreview
|join|Big the Hedgehog
|join|Parnassius
|join|GuglioM
|c| Big the Hedgehog|FIRST
|
|start
|switch|p1a: Edward Elric|Scizor, M|343\/343
|switch|p2a: Keldeo|Keldeo, L45|160\/160
|turn|1
|join|Lillo2000
|c|âTRICKING|gl
|join|sWCulone
|c| Parnassius|secondst
|c|âLouisxd|4 u2
|c| Parnassius|?_?
|
|detailschange|p1a: Edward Elric|Scizor-Mega, M
|message|Scizor has Mega Evolved into Mega Scizor!
|move|p1a: Edward Elric|U-turn|p2a: Keldeo
|-resisted|p2a: Keldeo
|-damage|p2a: Keldeo|13\/160
|c| Lillo2000|roftl
|c|âTRICKING|lol io rido
|
|switch|p1a: Meiko|Clefable, F|394\/394
|move|p2a: Keldeo|Endeavor|p1a: Meiko
|-damage|p1a: Meiko|13\/394
|
|-heal|p1a: Meiko|37\/394|[from] item: Leftovers
|turn|2
|
|switch|p2a: Victini|Victini|403\/403
|move|p1a: Meiko|Soft-Boiled|p1a: Meiko
|-heal|p1a: Meiko|234\/394
|
|-heal|p1a: Meiko|258\/394|[from] item: Leftovers
|turn|3
|c| Big the Hedgehog|lo killi di akua get?
|
|switch|p1a: Hikaru|Slowbro, M|394\/394
|move|p2a: Victini|U-turn|p1a: Hikaru
|-crit|p1a: Hikaru
|-supereffective|p1a: Hikaru
|-damage|p1a: Hikaru|207\/394
|-damage|p2a: Victini|363\/403|[from] item: Life Orb
|c| Big the Hedgehog|ma almeno ce l'hai
|c| Big the Hedgehog|akua get?
|
|switch|p2a: Keldeo|Keldeo, L45|13\/160
|
|-heal|p1a: Hikaru|231\/394|[from] item: Leftovers
|turn|4
|c| Lillo2000|critt 4 the win
|c|âTRICKING|obv
|join|jimmy verdoora
|c| Big the Hedgehog|ah ekko
|c| Big the Hedgehog|mi sembrava
|
|move|p2a: Keldeo|Endeavor|p1a: Hikaru
|-damage|p1a: Hikaru|13\/394
|move|p1a: Hikaru|Scald|p2a: Keldeo
|-resisted|p2a: Keldeo
|-damage|p2a: Keldeo|0 fnt
|faint|p2a: Keldeo
|
|-heal|p1a: Hikaru|37\/394|[from] item: Leftovers
|c| Big the Hedgehog|samu hai bildato?
|c| jimmy verdoora|y
|join|pima
|
|switch|p2a: Victini|Victini|363\/403
|turn|5
|c| jimmy verdoora|per il first blood
|c| Big the Hedgehog|tanto perdi r1
|c| jimmy verdoora|per ora ho 2 teamz
|
|switch|p1a: Meiko|Clefable, F|258\/394
|move|p2a: Victini|Trick Room|p2a: Victini
|-fieldstart|move: Trick Room|[of] p2a: Victini
|
|-heal|p1a: Meiko|282\/394|[from] item: Leftovers
|turn|6
|c| jimmy verdoora|grazie
|c| jimmy verdoora|ma lo so
|c| Big the Hedgehog|np
|
|switch|p1a: Hikaru|Slowbro, M|168\/394
|move|p2a: Victini|V-create|p1a: Hikaru
|-resisted|p1a: Hikaru
|-damage|p1a: Hikaru|37\/394
|-unboost|p2a: Victini|def|1
|-unboost|p2a: Victini|spd|1
|-unboost|p2a: Victini|spe|1
|-damage|p2a: Victini|323\/403|[from] item: Life Orb
|
|-heal|p1a: Hikaru|61\/394|[from] item: Leftovers
|turn|7
|join|master of battle
|c| Big the Hedgehog|lolrekt
|
|move|p1a: Hikaru|Scald|p2a: Victini
|-supereffective|p2a: Victini
|-damage|p2a: Victini|63\/403
|move|p2a: Victini|V-create|p1a: Hikaru
|-resisted|p1a: Hikaru
|-damage|p1a: Hikaru|0 fnt
|-unboost|p2a: Victini|def|1
|-unboost|p2a: Victini|spd|1
|-unboost|p2a: Victini|spe|1
|-damage|p2a: Victini|23\/403|[from] item: Life Orb
|faint|p1a: Hikaru
|
|c|âTRICKING|SI CAZZO
|c|âTRICKING|Ã¨ MORTO
|
|switch|p1a: Edward Elric|Scizor-Mega, M|343\/343
|turn|8
|
|switch|p2a: Sableye|Sableye, F|304\/304
|move|p1a: Edward Elric|Bullet Punch|p2a: Sableye
|-damage|p2a: Sableye|189\/304
|
|turn|9
|
|switch|p1a: Meiko|Clefable, F|282\/394
|move|p2a: Sableye|Will-O-Wisp|p1a: Meiko|[miss]
|-miss|p2a: Sableye|p1a: Meiko
|
|-heal|p1a: Meiko|306\/394|[from] item: Leftovers
|-fieldend|move: Trick Room
|turn|10
|
|switch|p2a: Cresselia|Cresselia, F|443\/443
|move|p1a: Meiko|Moonblast|p2a: Cresselia
|-damage|p2a: Cresselia|376\/443
|
|-heal|p1a: Meiko|330\/394|[from] item: Leftovers
|turn|11
|
|move|p1a: Meiko|Calm Mind|p1a: Meiko
|-boost|p1a: Meiko|spa|1
|-boost|p1a: Meiko|spd|1
|move|p2a: Cresselia|Trick Room|p2a: Cresselia
|-fieldstart|move: Trick Room|[of] p2a: Cresselia
|
|-heal|p1a: Meiko|354\/394|[from] item: Leftovers
|turn|12
|
|move|p1a: Meiko|Calm Mind|p1a: Meiko
|-boost|p1a: Meiko|spa|1
|-boost|p1a: Meiko|spd|1
|move|p2a: Cresselia|Lunar Dance|p2a: Cresselia
|faint|p2a: Cresselia
|
|-heal|p1a: Meiko|378\/394|[from] item: Leftovers
|
|switch|p2a: Victini|Victini|23\/403
|-heal|p2a: Victini|403\/403|[from] move: Lunar Dance
|turn|13
|
|move|p1a: Meiko|Moonblast|p2a: Victini
|-resisted|p2a: Victini
|-damage|p2a: Victini|306\/403
|move|p2a: Victini|V-create|p1a: Meiko
|-damage|p1a: Meiko|0 fnt
|-unboost|p2a: Victini|def|1
|-unboost|p2a: Victini|spd|1
|-unboost|p2a: Victini|spe|1
|-damage|p2a: Victini|266\/403|[from] item: Life Orb
|faint|p1a: Meiko
|
|c|âTRICKING|rekt
|c| Big the Hedgehog|ggwpp1
|
|switch|p1a: Mori Buntarou|Dragalge, M|305\/305
|turn|14
|c| Lillo2000|ma la potenza
|leave|jimmy verdoora
|c| Big the Hedgehog|cazzo rekt
|c| Big the Hedgehog|2frt
|
|switch|p2a: Diancie|Diancie|303\/303
|move|p1a: Mori Buntarou|Sludge Wave|p2a: Diancie
|-damage|p2a: Diancie|151\/303
|
|turn|15
|
|move|p2a: Diancie|Diamond Storm|p1a: Mori Buntarou
|-damage|p1a: Mori Buntarou|179\/305
|-boost|p2a: Diancie|def|1
|move|p1a: Mori Buntarou|Sludge Wave|p2a: Diancie
|-damage|p2a: Diancie|0 fnt
|faint|p2a: Diancie
|
|-fieldend|move: Trick Room
|c|âTRICKING|oh shit
|
|switch|p2a: Sableye|Sableye, F|189\/304
|turn|16
|
|move|p2a: Sableye|Calm Mind|p2a: Sableye
|-boost|p2a: Sableye|spa|1
|-boost|p2a: Sableye|spd|1
|move|p1a: Mori Buntarou|Sludge Wave|p2a: Sableye
|-resisted|p2a: Sableye
|-damage|p2a: Sableye|52\/304
|
|turn|17
|c|âTRICKING|vabbe np
|
|move|p2a: Sableye|Recover|p2a: Sableye
|-heal|p2a: Sableye|204\/304
|move|p1a: Mori Buntarou|Sludge Wave|p2a: Sableye
|-resisted|p2a: Sableye
|-damage|p2a: Sableye|71\/304
|-status|p2a: Sableye|psn
|
|-damage|p2a: Sableye|33\/304 psn|[from] psn
|turn|18
|c|âTRICKING|10%
|c|âTRICKING|CAZZO
|c|âTRICKING|SOLO IO MI BECCCO
|c| Lillo2000|ora son caxxi
|c|âTRICKING|I COGLIONI
|
|move|p2a: Sableye|Will-O-Wisp|p1a: Mori Buntarou
|-status|p1a: Mori Buntarou|brn
|move|p1a: Mori Buntarou|Sludge Wave|p2a: Sableye
|-resisted|p2a: Sableye
|-damage|p2a: Sableye|0 fnt
|faint|p2a: Sableye
|
|-damage|p1a: Mori Buntarou|141\/305 brn|[from] brn
|c| Big the Hedgehog|cazzo Ã¨ specs1
|
|switch|p2a: Crawdaunt|Crawdaunt, F|330\/330
|turn|19
|
|move|p2a: Crawdaunt|Aqua Jet|p1a: Mori Buntarou
|-resisted|p1a: Mori Buntarou
|-damage|p1a: Mori Buntarou|70\/305 brn
|-damage|p2a: Crawdaunt|297\/330|[from] item: Life Orb
|move|p1a: Mori Buntarou|Sludge Wave|p2a: Crawdaunt
|-crit|p2a: Crawdaunt
|-damage|p2a: Crawdaunt|0 fnt
|faint|p2a: Crawdaunt
|
|-damage|p1a: Mori Buntarou|32\/305 brn|[from] brn
|c|âTRICKING|BAD GAME
|c|âTRICKING|IDIOT
|-message|TRICKING forfeited.
|
|win|Louisxd
|raw|Ladder updating...
|c| Big the Hedgehog|get fkin rekt
|raw|Louisxd's rating: 1612 &rarr; <strong>1638<\/strong><br \/>(+26 for winning)
|raw|TRICKING's rating: 1709 &rarr; <strong>1684<\/strong><br \/>(-25 for losing)
|c| Lillo2000|uuu
|c|âTRICKING|GO TO EAT COGLIONI DI CAPRA
|leave|Big the Hedgehog
|c| Lillo2000|cala
|c|âLouisxd|.-.
|c|âLouisxd|ok italian
|c|âTRICKING|stfu
|c|âTRICKING|GO HOME
|c| Lillo2000|rosiconeh
|c|âLouisxd|bad attitude
|c|âTRICKING|YES
|c|âTRICKING|I KNOW
|c|âLouisxd|wanna be stronk for your friends
|c| Lillo2000|lulz
|c| Parnassius|louisxd
|c|âLouisxd|:]
|c| Parnassius|he is stupid
|leave|GuglioM