|join|Louisxd
|join|Elite God
|player|p1|Louisxd|165
|player|p2|Elite God|149
|gametype|singles
|gen|6
|tier|OU
|clearpoke
|poke|p1|Slowbro, M
|poke|p1|Gliscor, M
|poke|p1|Clefable, F
|poke|p1|Latios, M
|poke|p1|Scizor, F
|poke|p1|Talonflame, M
|poke|p2|Banette, F
|poke|p2|Tyranitar, F
|poke|p2|Klefki, F, shiny
|poke|p2|Volcarona, M
|poke|p2|Starmie
|poke|p2|Salamence, F, shiny
|rule|Swagger Clause: Swagger is banned
|rule|Baton Pass Clause: Limit one PokÃ©mon knowing Baton Pass
|rule|Sleep Clause Mod: Limit one foe put to sleep
|rule|Species Clause: Limit one of each PokÃ©mon
|rule|OHKO Clause: OHKO moves are banned
|rule|Moody Clause: Moody is banned
|rule|Evasion Moves Clause: Evasion moves are banned
|rule|Endless Battle Clause: Forcing endless battles is banned
|rule|HP Percentage Mod: HP is shown in percentages
|teampreview
|
|start
|switch|p1a: Le old fairy|Clefable, F|394\/394
|switch|p2a: Locking Key|Klefki, F, shiny|318\/318
|turn|1
|
|move|p2a: Locking Key|Spikes|p1a: Le old fairy
|-sidestart|p1: Louisxd|Spikes
|move|p1a: Le old fairy|Stealth Rock|p2a: Locking Key
|-sidestart|p2: Elite God|move: Stealth Rock
|
|turn|2
|
|switch|p1a: Drug addicted|Gliscor, M|352\/352
|move|p2a: Locking Key|Thunder Wave|p1a: Drug addicted
|-immune|p1a: Drug addicted|[msg]
|
|-status|p1a: Drug addicted|tox|[from] item: Toxic Orb
|turn|3
|
|switch|p2a: Core|Starmie|262\/262
|-damage|p2a: Core|230\/262|[from] Stealth Rock
|move|p1a: Drug addicted|Earthquake|p2a: Core
|-damage|p2a: Core|110\/262
|
|turn|4
|
|switch|p1a: Le old fairy|Clefable, F|394\/394
|move|p2a: Core|Ice Beam|p1a: Le old fairy
|-damage|p1a: Le old fairy|293\/394
|-damage|p2a: Core|84\/262|[from] item: Life Orb
|
|-heal|p1a: Le old fairy|317\/394|[from] item: Leftovers
|turn|5
|
|move|p2a: Core|Rapid Spin|p1a: Le old fairy
|-damage|p1a: Le old fairy|299\/394
|-sideend|p2: Elite God|Stealth Rock|[from] move: Rapid Spin|[of] p2a: Core
|-damage|p2a: Core|58\/262|[from] item: Life Orb
|move|p1a: Le old fairy|Moonblast|p2a: Core
|-damage|p2a: Core|0 fnt
|faint|p2a: Core
|
|-heal|p1a: Le old fairy|323\/394|[from] item: Leftovers
|
|switch|p2a: God of the Sun|Volcarona, M|311\/311
|turn|6
|
|move|p2a: God of the Sun|Quiver Dance|p2a: God of the Sun
|-boost|p2a: God of the Sun|spa|1
|-boost|p2a: God of the Sun|spd|1
|-boost|p2a: God of the Sun|spe|1
|move|p1a: Le old fairy|Stealth Rock|p2a: God of the Sun
|-sidestart|p2: Elite God|move: Stealth Rock
|
|-heal|p1a: Le old fairy|347\/394|[from] item: Leftovers
|turn|7
|
|move|p2a: God of the Sun|Fiery Dance|p1a: Le old fairy
|-damage|p1a: Le old fairy|116\/394
|move|p1a: Le old fairy|Flamethrower|p2a: God of the Sun
|-damage|p2a: God of the Sun|269\/311
|
|-heal|p2a: God of the Sun|288\/311|[from] item: Leftovers
|-heal|p1a: Le old fairy|140\/394|[from] item: Leftovers
|turn|8
|
|switch|p1a: mah burd|Talonflame, M|319\/319
|move|p2a: God of the Sun|Quiver Dance|p2a: God of the Sun
|-boost|p2a: God of the Sun|spa|1
|-boost|p2a: God of the Sun|spd|1
|-boost|p2a: God of the Sun|spe|1
|
|-heal|p2a: God of the Sun|307\/311|[from] item: Leftovers
|turn|9
|join|toneloni97
|leave|toneloni97
|
|switch|p2a: God-Zilla|Tyranitar, F|404\/404
|-damage|p2a: God-Zilla|354\/404|[from] Stealth Rock
|-weather|Sandstorm
|move|p1a: mah burd|Brave Bird|p2a: God-Zilla
|-resisted|p2a: God-Zilla
|-damage|p2a: God-Zilla|296\/404
|-damage|p1a: mah burd|300\/319|[from] recoil|[of] p2a: God-Zilla
|
|-weather|Sandstorm|[upkeep]
|-damage|p1a: mah burd|281\/319|[from] sandstorm
|-heal|p2a: God-Zilla|321\/404|[from] item: Leftovers
|turn|10
|
|switch|p1a: Drug addicted|Gliscor, M|352\/352 tox
|move|p2a: God-Zilla|Stealth Rock|p1a: Drug addicted
|-sidestart|p1: Louisxd|move: Stealth Rock
|
|-weather|Sandstorm|[upkeep]
|-heal|p2a: God-Zilla|346\/404|[from] item: Leftovers
|turn|11
|
|switch|p2a: Swift Ruin|Salamence, F, shiny|332\/332
|-damage|p2a: Swift Ruin|249\/332|[from] Stealth Rock
|move|p1a: Drug addicted|Earthquake|p2a: Swift Ruin
|-immune|p2a: Swift Ruin|[msg]
|
|-weather|Sandstorm|[upkeep]
|-damage|p2a: Swift Ruin|229\/332|[from] sandstorm
|turn|12
|
|move|p2a: Swift Ruin|Fire Blast|p1a: Drug addicted
|-damage|p1a: Drug addicted|259\/352 tox
|move|p1a: Drug addicted|Knock Off|p2a: Swift Ruin
|-damage|p2a: Swift Ruin|135\/332
|-enditem|p2a: Swift Ruin|Choice Scarf|[from] move: Knock Off|[of] p1a: Drug addicted
|
|-weather|Sandstorm|[upkeep]
|-damage|p2a: Swift Ruin|115\/332|[from] sandstorm
|-heal|p1a: Drug addicted|303\/352 tox|[from] ability: Poison Heal
|turn|13
|
|move|p2a: Swift Ruin|Dragon Claw|p1a: Drug addicted
|-damage|p1a: Drug addicted|158\/352 tox
|move|p1a: Drug addicted|Knock Off|p2a: Swift Ruin
|-damage|p2a: Swift Ruin|51\/332
|
|-weather|none
|-heal|p1a: Drug addicted|202\/352 tox|[from] ability: Poison Heal
|turn|14
|
|move|p2a: Swift Ruin|Dragon Claw|p1a: Drug addicted
|-damage|p1a: Drug addicted|57\/352 tox
|move|p1a: Drug addicted|Knock Off|p2a: Swift Ruin
|-damage|p2a: Swift Ruin|0 fnt
|faint|p2a: Swift Ruin
|
|-heal|p1a: Drug addicted|101\/352 tox|[from] ability: Poison Heal
|
|switch|p2a: God of the Sun|Volcarona, M|307\/311
|-damage|p2a: God of the Sun|152\/311|[from] Stealth Rock
|turn|15
|
|move|p2a: God of the Sun|Giga Drain|p1a: Drug addicted
|-damage|p1a: Drug addicted|0 fnt
|-heal|p2a: God of the Sun|203\/311|[from] drain|[of] p1a: Drug addicted
|faint|p1a: Drug addicted
|
|-heal|p2a: God of the Sun|222\/311|[from] item: Leftovers
|
|switch|p1a: Jet|Latios, M|301\/301
|-damage|p1a: Jet|264\/301|[from] Stealth Rock
|turn|16
|
|move|p1a: Jet|Trick|p2a: God of the Sun
|-activate|p1a: Jet|move: Trick|[of] p2a: God of the Sun
|-item|p2a: God of the Sun|Choice Scarf|[from] move: Trick
|-item|p1a: Jet|Leftovers|[from] move: Trick
|move|p2a: God of the Sun|Bug Buzz|p1a: Jet
|-supereffective|p1a: Jet
|-damage|p1a: Jet|0 fnt
|faint|p1a: Jet
|
|
|switch|p1a: mah burd|Talonflame, M|281\/319
|-damage|p1a: mah burd|122\/319|[from] Stealth Rock
|turn|17
|
|move|p1a: mah burd|Roost|p1a: mah burd
|-heal|p1a: mah burd|282\/319
|move|p2a: God of the Sun|Bug Buzz|p1a: mah burd
|-resisted|p1a: mah burd
|-damage|p1a: mah burd|151\/319
|
|turn|18
|
|move|p1a: mah burd|Brave Bird|p2a: God of the Sun
|-supereffective|p2a: God of the Sun
|-damage|p2a: God of the Sun|0 fnt
|-damage|p1a: mah burd|78\/319|[from] recoil|[of] p2a: God of the Sun
|faint|p2a: God of the Sun
|
|
|switch|p2a: Mirror|Banette, F|332\/332
|-damage|p2a: Mirror|291\/332|[from] Stealth Rock
|turn|19
|
|detailschange|p2a: Mirror|Banette-Mega, F
|message|Banette has Mega Evolved into Mega Banette!
|move|p1a: mah burd|Brave Bird|p2a: Mirror
|-damage|p2a: Mirror|56\/332
|-damage|p1a: mah burd|0 fnt|[from] recoil|[of] p2a: Mirror
|faint|p1a: mah burd
|move|p2a: Mirror|Shadow Sneak|p1: mah burd|[notarget]
|-notarget
|
|
|switch|p1a: Erza|Scizor, F|289\/289
|-damage|p1a: Erza|253\/289|[from] Stealth Rock
|-damage|p1a: Erza|217\/289|[from] Spikes
|turn|20
|
|move|p1a: Erza|Bullet Punch|p2a: Mirror
|-damage|p2a: Mirror|0 fnt
|-damage|p1a: Erza|189\/289|[from] item: Life Orb
|faint|p2a: Mirror
|
|
|switch|p2a: Locking Key|Klefki, F, shiny|318\/318
|-damage|p2a: Locking Key|299\/318|[from] Stealth Rock
|turn|21
|
|move|p2a: Locking Key|Thunder Wave|p1a: Erza
|-status|p1a: Erza|par
|move|p1a: Erza|Swords Dance|p1a: Erza
|-boost|p1a: Erza|atk|2
|
|-heal|p2a: Locking Key|318\/318|[from] item: Leftovers
|turn|22
|
|move|p2a: Locking Key|Foul Play|p1a: Erza
|-damage|p1a: Erza|0 fnt
|faint|p1a: Erza
|
|
|switch|p1a: Le old fairy|Clefable, F|140\/394
|turn|23
|
|move|p2a: Locking Key|Thunder Wave|p1a: Le old fairy
|-status|p1a: Le old fairy|par
|move|p1a: Le old fairy|Soft-Boiled|p1a: Le old fairy
|-heal|p1a: Le old fairy|337\/394 par
|
|-heal|p1a: Le old fairy|361\/394 par|[from] item: Leftovers
|turn|24
|
|move|p2a: Locking Key|Spikes|p1a: Le old fairy
|-sidestart|p1: Louisxd|Spikes
|move|p1a: Le old fairy|Flamethrower|p2a: Locking Key
|-supereffective|p2a: Locking Key
|-damage|p2a: Locking Key|204\/318
|
|-heal|p2a: Locking Key|223\/318|[from] item: Leftovers
|-heal|p1a: Le old fairy|385\/394 par|[from] item: Leftovers
|turn|25
|
|move|p2a: Locking Key|Spikes|p1a: Le old fairy
|-sidestart|p1: Louisxd|Spikes
|move|p1a: Le old fairy|Flamethrower|p2a: Locking Key
|-supereffective|p2a: Locking Key
|-damage|p2a: Locking Key|125\/318
|
|-heal|p2a: Locking Key|144\/318|[from] item: Leftovers
|-heal|p1a: Le old fairy|394\/394 par|[from] item: Leftovers
|turn|26
|
|move|p2a: Locking Key|Foul Play|p1a: Le old fairy
|-resisted|p1a: Le old fairy
|-damage|p1a: Le old fairy|366\/394 par
|move|p1a: Le old fairy|Moonblast|p2a: Locking Key
|-resisted|p2a: Locking Key
|-damage|p2a: Locking Key|101\/318
|
|-heal|p2a: Locking Key|120\/318|[from] item: Leftovers
|-heal|p1a: Le old fairy|390\/394 par|[from] item: Leftovers
|turn|27
|
|move|p2a: Locking Key|Foul Play|p1a: Le old fairy
|-crit|p1a: Le old fairy
|-resisted|p1a: Le old fairy
|-damage|p1a: Le old fairy|351\/394 par
|cant|p1a: Le old fairy|par
|
|-heal|p2a: Locking Key|139\/318|[from] item: Leftovers
|-heal|p1a: Le old fairy|375\/394 par|[from] item: Leftovers
|turn|28
|
|move|p2a: Locking Key|Foul Play|p1a: Le old fairy
|-resisted|p1a: Le old fairy
|-damage|p1a: Le old fairy|349\/394 par
|move|p1a: Le old fairy|Flamethrower|p2a: Locking Key
|-supereffective|p2a: Locking Key
|-damage|p2a: Locking Key|27\/318
|
|-heal|p2a: Locking Key|46\/318|[from] item: Leftovers
|-heal|p1a: Le old fairy|373\/394 par|[from] item: Leftovers
|turn|29
|
|move|p2a: Locking Key|Foul Play|p1a: Le old fairy
|-resisted|p1a: Le old fairy
|-damage|p1a: Le old fairy|348\/394 par
|move|p1a: Le old fairy|Flamethrower|p2a: Locking Key
|-supereffective|p2a: Locking Key
|-damage|p2a: Locking Key|0 fnt
|faint|p2a: Locking Key
|
|-heal|p1a: Le old fairy|372\/394 par|[from] item: Leftovers
|
|switch|p2a: God-Zilla|Tyranitar, F|346\/404
|-damage|p2a: God-Zilla|296\/404|[from] Stealth Rock
|-weather|Sandstorm
|turn|30
|
|move|p2a: God-Zilla|Stone Edge|p1a: Le old fairy|[miss]
|-miss|p2a: God-Zilla|p1a: Le old fairy
|move|p1a: Le old fairy|Moonblast|p2a: God-Zilla
|-crit|p2a: God-Zilla
|-supereffective|p2a: God-Zilla
|-damage|p2a: God-Zilla|68\/404
|
|-weather|Sandstorm|[upkeep]
|-heal|p2a: God-Zilla|93\/404|[from] item: Leftovers
|-heal|p1a: Le old fairy|394\/394 par|[from] item: Leftovers
|turn|31
|
|move|p2a: God-Zilla|Stone Edge|p1a: Le old fairy
|-damage|p1a: Le old fairy|232\/394 par
|move|p1a: Le old fairy|Moonblast|p2a: God-Zilla
|-supereffective|p2a: God-Zilla
|-damage|p2a: God-Zilla|0 fnt
|faint|p2a: God-Zilla
|
|win|Louisxd
|c|âElite God|gg
|c|âLouisxd|gg
|leave|Louisxd
|player|p1