|join|Louisxd
|join|jased boo
|player|p1|Louisxd|165
|player|p2|jased boo|101
|gametype|singles
|gen|6
|tier|OU
|rated
|clearpoke
|poke|p1|Slowbro, M
|poke|p1|Gliscor, M
|poke|p1|Clefable, F
|poke|p1|Latios, M
|poke|p1|Scizor, M
|poke|p1|Talonflame, M
|poke|p2|Gengar, F
|poke|p2|Klefki, F
|poke|p2|Ferrothorn, F
|poke|p2|Heatran, M
|poke|p2|Gyarados, F
|poke|p2|Greninja, F
|rule|Swagger Clause: Swagger is banned
|rule|Baton Pass Clause: Limit one PokÃ©mon knowing Baton Pass
|rule|Sleep Clause Mod: Limit one foe put to sleep
|rule|Species Clause: Limit one of each PokÃ©mon
|rule|OHKO Clause: OHKO moves are banned
|rule|Moody Clause: Moody is banned
|rule|Evasion Moves Clause: Evasion moves are banned
|rule|Endless Battle Clause: Forcing endless battles is banned
|rule|HP Percentage Mod: HP is shown in percentages
|teampreview
|
|start
|switch|p1a: Le old fairy|Clefable, F|394\/394
|switch|p2a: Klefki|Klefki, F|318\/318
|turn|1
|
|move|p2a: Klefki|Spikes|p1a: Le old fairy
|-sidestart|p1: Louisxd|Spikes
|move|p1a: Le old fairy|Stealth Rock|p2a: Klefki
|-sidestart|p2: jased boo|move: Stealth Rock
|
|turn|2
|
|switch|p1a: Drug addicted|Gliscor, M|352\/352
|move|p2a: Klefki|Spikes|p1a: Drug addicted
|-sidestart|p1: Louisxd|Spikes
|
|-status|p1a: Drug addicted|tox|[from] item: Toxic Orb
|turn|3
|
|move|p2a: Klefki|Magnet Rise|p2a: Klefki
|-start|p2a: Klefki|Magnet Rise
|move|p1a: Drug addicted|Earthquake|p2a: Klefki
|-immune|p2a: Klefki|[msg]
|
|turn|4
|
|move|p2a: Klefki|Spikes|p1a: Drug addicted
|-sidestart|p1: Louisxd|Spikes
|move|p1a: Drug addicted|Taunt|p2a: Klefki
|-start|p2a: Klefki|move: Taunt
|
|turn|5
|
|switch|p2a: Gengar|Gengar, F|268\/268
|-damage|p2a: Gengar|235\/268|[from] Stealth Rock
|move|p1a: Drug addicted|Knock Off|p2a: Gengar
|-supereffective|p2a: Gengar
|-damage|p2a: Gengar|25\/268
|-enditem|p2a: Gengar|Leftovers|[from] move: Knock Off|[of] p1a: Drug addicted
|
|turn|6
|
|move|p2a: Gengar|Hex|p1a: Drug addicted
|-damage|p1a: Drug addicted|157\/352 tox
|move|p1a: Drug addicted|Knock Off|p2a: Gengar
|-supereffective|p2a: Gengar
|-damage|p2a: Gengar|0 fnt
|faint|p2a: Gengar
|
|-heal|p1a: Drug addicted|201\/352 tox|[from] ability: Poison Heal
|
|switch|p2a: Greninja|Greninja, F|285\/285
|-damage|p2a: Greninja|250\/285|[from] Stealth Rock
|turn|7
|
|switch|p1a: Le old fairy|Clefable, F|394\/394
|move|p2a: Greninja|Ice Beam|p1a: Le old fairy
|-start|p2a: Greninja|typechange|Ice|[from] Protean
|-damage|p1a: Le old fairy|241\/394
|-damage|p2a: Greninja|222\/285|[from] item: Life Orb
|
|-heal|p1a: Le old fairy|265\/394|[from] item: Leftovers
|turn|8
|
|switch|p1a: Erza|Scizor, M|289\/289
|-damage|p1a: Erza|217\/289|[from] Spikes
|move|p2a: Greninja|Gunk Shot|p1a: Erza
|-start|p2a: Greninja|typechange|Poison|[from] Protean
|-immune|p1a: Erza|[msg]
|
|turn|9
|
|switch|p2a: Heatran|Heatran, M|323\/323
|-damage|p2a: Heatran|283\/323|[from] Stealth Rock
|move|p1a: Erza|Superpower|p2a: Heatran
|-supereffective|p2a: Heatran
|-damage|p2a: Heatran|0 fnt
|-unboost|p1a: Erza|atk|1
|-unboost|p1a: Erza|def|1
|-damage|p1a: Erza|189\/289|[from] item: Life Orb
|faint|p2a: Heatran
|
|
|switch|p2a: Gyarados|Gyarados, F|334\/334
|-damage|p2a: Gyarados|251\/334|[from] Stealth Rock
|-ability|p2a: Gyarados|Intimidate|[of] p1a: Erza
|-unboost|p1a: Erza|atk|1
|turn|10
|
|switch|p1a: Jet|Latios, M|301\/301
|move|p2a: Gyarados|Dragon Dance|p2a: Gyarados
|-boost|p2a: Gyarados|atk|1
|-boost|p2a: Gyarados|spe|1
|
|turn|11
|
|detailschange|p2a: Gyarados|Gyarados-Mega, F
|message|Gyarados has Mega Evolved into Mega Gyarados!
|-ability|p2a: Gyarados|Mold Breaker
|move|p1a: Jet|Draco Meteor|p2a: Gyarados
|-damage|p2a: Gyarados|50\/334
|-unboost|p1a: Jet|spa|2
|move|p2a: Gyarados|Crunch|p1a: Jet
|-supereffective|p1a: Jet
|-damage|p1a: Jet|0 fnt
|faint|p1a: Jet
|
|
|switch|p1a: mah burd|Talonflame, M|319\/319
|turn|12
|
|move|p1a: mah burd|Brave Bird|p2a: Gyarados
|-damage|p2a: Gyarados|0 fnt
|-damage|p1a: mah burd|302\/319|[from] recoil|[of] p2a: Gyarados
|faint|p2a: Gyarados
|
|
|switch|p2a: Ferrothorn|Ferrothorn, F|352\/352
|-damage|p2a: Ferrothorn|330\/352|[from] Stealth Rock
|turn|13
|
|move|p1a: mah burd|Flare Blitz|p2a: Ferrothorn
|-supereffective|p2a: Ferrothorn
|-damage|p2a: Ferrothorn|0 fnt
|-damage|p1a: mah burd|263\/319|[from] ability: Iron Barbs|[of] p2a: Ferrothorn
|-damage|p1a: mah burd|154\/319|[from] recoil|[of] p2a: Ferrothorn
|faint|p2a: Ferrothorn
|
|-message|jased boo forfeited.
|
|win|Louisxd
|raw|Ladder updating...
|leave|jased boo
|player|p2
|raw|Louisxd's rating: 1583 &rarr; <strong>1605<\/strong><br \/>(+22 for winning)
|raw|jased boo's rating: 1607 &rarr; <strong>1586<\/strong><br \/>(-21 for losing)