|join|Reverb
|join|Louisxd
|player|p1|Reverb|#reverb
|player|p2|Louisxd|165
|gametype|singles
|gen|6
|tier|OU
|rated
|clearpoke
|poke|p1|Empoleon, M
|poke|p1|Tyranitar, F
|poke|p1|Charizard, F
|poke|p1|Keldeo
|poke|p1|Kyurem-Black
|poke|p1|Landorus-Therian, M
|poke|p2|Dragalge, F
|poke|p2|Scizor, M
|poke|p2|Keldeo
|poke|p2|Zapdos
|poke|p2|Jirachi
|poke|p2|Garchomp, M
|rule|Swagger Clause: Swagger is banned
|rule|Baton Pass Clause: Limit one PokÃ©mon knowing Baton Pass
|rule|Sleep Clause Mod: Limit one foe put to sleep
|rule|Species Clause: Limit one of each PokÃ©mon
|rule|OHKO Clause: OHKO moves are banned
|rule|Moody Clause: Moody is banned
|rule|Evasion Moves Clause: Evasion moves are banned
|rule|Endless Battle Clause: Forcing endless battles is banned
|rule|HP Percentage Mod: HP is shown in percentages
|teampreview
|join|jake5
|join|Escavalier
|
|start
|switch|p1a: Keldeo|Keldeo|323\/323
|switch|p2a: Jaws|Garchomp, M|420\/420
|turn|1
|
|switch|p2a: Toxicity|Dragalge, F|321\/321
|move|p1a: Keldeo|Icy Wind|p2a: Toxicity
|-supereffective|p2a: Toxicity
|-damage|p2a: Toxicity|149\/321
|-unboost|p2a: Toxicity|spe|1
|
|turn|2
|
|switch|p1a: Charizard|Charizard, F|297\/297
|switch|p2a: My little pony|Keldeo|323\/323
|
|turn|3
|join|Ox the Fox
|
|detailschange|p1a: Charizard|Charizard-Mega-Y, F
|message|Charizard has Mega Evolved into Mega Charizard!
|-weather|SunnyDay
|move|p2a: My little pony|Substitute|p2a: My little pony
|-start|p2a: My little pony|Substitute
|-damage|p2a: My little pony|243\/323
|move|p1a: Charizard|Solar Beam|p2a: My little pony|[still]
|-prepare|p1a: Charizard|Solar Beam|p2a: My little pony
|-anim|p1a: Charizard|Solar Beam|p2a: My little pony
|-supereffective|p2a: My little pony
|-end|p2a: My little pony|Substitute
|
|-weather|SunnyDay|[upkeep]
|-heal|p2a: My little pony|263\/323|[from] item: Leftovers
|turn|4
|c| Ox the Fox|hm
|
|switch|p2a: Jaws|Garchomp, M|420\/420
|move|p1a: Charizard|Solar Beam|p2a: Jaws|[still]
|-prepare|p1a: Charizard|Solar Beam|p2a: Jaws
|-anim|p1a: Charizard|Solar Beam|p2a: Jaws
|-damage|p2a: Jaws|177\/420
|
|-weather|SunnyDay|[upkeep]
|turn|5
|c| Ox the Fox|this is the flan disrespecter :o
|c|âReverb|what did he do?
|
|switch|p1a: Landorus-Therian|Landorus-Therian, M|327\/327
|-ability|p1a: Landorus-Therian|Intimidate|[of] p2a: Jaws
|-unboost|p2a: Jaws|atk|1
|switch|p2a: Toxicity|Dragalge, F|149\/321
|
|-weather|SunnyDay|[upkeep]
|turn|6
|
|switch|p2a: Angry Bird|Zapdos|384\/384
|-ability|p2a: Angry Bird|Pressure
|move|p1a: Landorus-Therian|Earthquake|p2a: Angry Bird
|-immune|p2a: Angry Bird|[msg]
|
|-weather|SunnyDay|[upkeep]
|turn|7
|
|switch|p1a: Kyurem-Black|Kyurem-Black|391\/391
|-ability|p1a: Kyurem-Black|Teravolt
|move|p2a: Angry Bird|Volt Switch|p1a: Kyurem-Black
|-resisted|p1a: Kyurem-Black
|-damage|p1a: Kyurem-Black|328\/391
|
|switch|p2a: Jaws|Garchomp, M|177\/420
|
|-weather|none
|turn|8
|c|âReverb|ox
|
|move|p1a: Kyurem-Black|Ice Beam|p2a: Jaws
|-supereffective|p2a: Jaws
|-damage|p2a: Jaws|0 fnt
|faint|p2a: Jaws
|
|
|switch|p2a: Erza|Scizor, M|343\/343
|turn|9
|
|switch|p1a: Charizard|Charizard-Mega-Y, F|297\/297
|-weather|SunnyDay
|detailschange|p2a: Erza|Scizor-Mega, M
|message|Scizor has Mega Evolved into Mega Scizor!
|move|p2a: Erza|U-turn|p1a: Charizard
|-resisted|p1a: Charizard
|-damage|p1a: Charizard|246\/297
|c|âLouisxd|said flan played badly a final
|c|âReverb|ah
|c|âLouisxd|and everyone started saying shit to me
|c|âLouisxd|:]
|
|switch|p2a: Toxicity|Dragalge, F|149\/321
|
|-weather|SunnyDay|[upkeep]
|turn|10
|c|âReverb|ah
|
|move|p1a: Charizard|Earthquake|p2a: Toxicity
|-supereffective|p2a: Toxicity
|-damage|p2a: Toxicity|0 fnt
|faint|p2a: Toxicity
|
|-weather|SunnyDay|[upkeep]
|
|switch|p2a: Angry Bird|Zapdos|384\/384
|-ability|p2a: Angry Bird|Pressure
|turn|11
|join|r(efd(ref
|
|switch|p1a: Landorus-Therian|Landorus-Therian, M|327\/327
|-ability|p1a: Landorus-Therian|Intimidate|[of] p2a: Angry Bird
|-unboost|p2a: Angry Bird|atk|1
|move|p2a: Angry Bird|Volt Switch|p1a: Landorus-Therian
|-immune|p1a: Landorus-Therian|[msg]
|
|-weather|SunnyDay|[upkeep]
|turn|12
|c|âLouisxd|also is that kyurem scarf
|c|âReverb|ye
|c|âLouisxd|hm
|
|move|p1a: Landorus-Therian|U-turn|p2a: Angry Bird
|-resisted|p2a: Angry Bird
|-damage|p2a: Angry Bird|349\/384
|
|switch|p1a: Tyranitar|Tyranitar, F|383\/383
|-weather|Sandstorm
|move|p2a: Angry Bird|Heat Wave|p1a: Tyranitar
|-resisted|p1a: Tyranitar
|-damage|p1a: Tyranitar|352\/383
|
|-weather|Sandstorm|[upkeep]
|-damage|p2a: Angry Bird|325\/384|[from] sandstorm
|-heal|p2a: Angry Bird|349\/384|[from] item: Leftovers
|turn|13
|leave|r(efd(ref
|join|Dread Arceus
|
|move|p2a: Angry Bird|Volt Switch|p1a: Tyranitar
|-crit|p1a: Tyranitar
|-damage|p1a: Tyranitar|259\/383
|join|Cosine180
|c| Dread Arceus|hey
|
|switch|p2a: My little pony|Keldeo|263\/323
|move|p1a: Tyranitar|Superpower|p2a: My little pony
|-damage|p2a: My little pony|13\/323
|-unboost|p1a: Tyranitar|atk|1
|-unboost|p1a: Tyranitar|def|1
|
|-weather|Sandstorm|[upkeep]
|-damage|p2a: My little pony|0 fnt|[from] sandstorm
|faint|p2a: My little pony
|c| Dread Arceus|that's not lil manaphy :(
|
|switch|p2a: Erza|Scizor-Mega, M|343\/343
|turn|14
|
|switch|p1a: Charizard|Charizard-Mega-Y, F|246\/297
|-weather|SunnyDay
|move|p2a: Erza|U-turn|p1a: Charizard
|-resisted|p1a: Charizard
|-damage|p1a: Charizard|201\/297
|
|switch|p2a: Super Star|Jirachi|342\/342
|
|-weather|SunnyDay|[upkeep]
|turn|15
|
|switch|p1a: Landorus-Therian|Landorus-Therian, M|327\/327
|-ability|p1a: Landorus-Therian|Intimidate|[of] p2a: Super Star
|-unboost|p2a: Super Star|atk|1
|move|p2a: Super Star|Iron Head|p1a: Landorus-Therian
|-damage|p1a: Landorus-Therian|243\/327
|
|-weather|SunnyDay|[upkeep]
|turn|16
|
|switch|p1a: Charizard|Charizard-Mega-Y, F|201\/297
|move|p2a: Super Star|Iron Head|p1a: Charizard
|-crit|p1a: Charizard
|-resisted|p1a: Charizard
|-damage|p1a: Charizard|70\/297
|
|-weather|SunnyDay|[upkeep]
|turn|17
|
|move|p2a: Super Star|Iron Head|p1a: Charizard
|-resisted|p1a: Charizard
|-damage|p1a: Charizard|14\/297
|move|p1a: Charizard|Flamethrower|p2a: Super Star
|-supereffective|p2a: Super Star
|-damage|p2a: Super Star|0 fnt
|faint|p2a: Super Star
|
|-weather|SunnyDay|[upkeep]
|
|switch|p2a: Erza|Scizor-Mega, M|343\/343
|turn|18
|
|move|p2a: Erza|Bullet Punch|p1a: Charizard
|-resisted|p1a: Charizard
|-damage|p1a: Charizard|0 fnt
|faint|p1a: Charizard
|
|-weather|none
|c| Escavalier|wao reverb so luke
|c|âLouisxd|aeoh not 6-0
|
|switch|p1a: Keldeo|Keldeo|323\/323
|turn|19
|
|move|p1a: Keldeo|Scald|p2a: Erza
|-damage|p2a: Erza|162\/343
|move|p2a: Erza|U-turn|p1a: Keldeo
|-resisted|p1a: Keldeo
|-damage|p1a: Keldeo|252\/323
|join|m00n's blanket
|
|switch|p2a: Angry Bird|Zapdos|349\/384
|-ability|p2a: Angry Bird|Pressure
|
|-heal|p2a: Angry Bird|373\/384|[from] item: Leftovers
|turn|20
|
|switch|p1a: Landorus-Therian|Landorus-Therian, M|243\/327
|-ability|p1a: Landorus-Therian|Intimidate|[of] p2a: Angry Bird
|-unboost|p2a: Angry Bird|atk|1
|move|p2a: Angry Bird|Heat Wave|p1a: Landorus-Therian
|-damage|p1a: Landorus-Therian|134\/327
|
|-heal|p2a: Angry Bird|384\/384|[from] item: Leftovers
|turn|21
|c| m00n's blanket|ban reverb imo
|c| m00n's blanket|y\/y
|c| m00n's blanket|2op
|
|move|p1a: Landorus-Therian|Explosion|p2a: Angry Bird
|-damage|p2a: Angry Bird|125\/384
|faint|p1a: Landorus-Therian
|move|p2a: Angry Bird|Volt Switch|p1: Landorus-Therian|[notarget]
|-notarget
|
|-heal|p2a: Angry Bird|149\/384|[from] item: Leftovers
|
|switch|p1a: Keldeo|Keldeo|252\/323
|turn|22
|
|move|p1a: Keldeo|Scald|p2a: Angry Bird
|-damage|p2a: Angry Bird|0 fnt
|faint|p2a: Angry Bird
|
|
|switch|p2a: Erza|Scizor-Mega, M|162\/343
|turn|23
|leave|Cosine180
|c|âReverb|gg
|c|âLouisxd|gg
|
|move|p2a: Erza|Bullet Punch|p1a: Keldeo
|-crit|p1a: Keldeo
|-resisted|p1a: Keldeo
|-damage|p1a: Keldeo|150\/323
|move|p1a: Keldeo|Scald|p2a: Erza
|-damage|p2a: Erza|0 fnt
|faint|p2a: Erza
|
|win|Reverb
|raw|Ladder updating...
|c|âLouisxd|outplayed for days
|raw|Reverb's rating: 1814 &rarr; <strong>1823<\/strong><br \/>(+9 for winning)
|raw|Louisxd's rating: 1601 &rarr; <strong>1592<\/strong><br \/>(-9 for losing)
|leave|Louisxd
|player|p2