|join|doom23
|join|Louisxd
|player|p1|doom23|40
|player|p2|Louisxd|165
|gametype|singles
|gen|6
|tier|OU
|clearpoke
|poke|p1|Charizard, M
|poke|p1|Breloom, F
|poke|p1|Magnezone
|poke|p1|Azumarill, M
|poke|p1|Latias, F
|poke|p1|Landorus-Therian, M
|poke|p2|Politoed, M
|poke|p2|Swampert, M
|poke|p2|Ferrothorn, M
|poke|p2|Kingdra, F
|poke|p2|Latias, F
|poke|p2|Azumarill, F
|rule|Swagger Clause: Swagger is banned
|rule|Baton Pass Clause: Limit one PokÃ©mon knowing Baton Pass
|rule|Sleep Clause Mod: Limit one foe put to sleep
|rule|Species Clause: Limit one of each PokÃ©mon
|rule|OHKO Clause: OHKO moves are banned
|rule|Moody Clause: Moody is banned
|rule|Evasion Moves Clause: Evasion moves are banned
|rule|Endless Battle Clause: Forcing endless battles is banned
|rule|HP Percentage Mod: HP is shown in percentages
|teampreview
|join|Savage_hr
|
|start
|switch|p1a: Charizard|Charizard, M|298\/298
|switch|p2a: Latias|Latias, F|319\/319
|turn|1
|
|switch|p1a: Azumarill|Azumarill, M|404\/404
|move|p2a: Latias|Surf|p1a: Azumarill
|-resisted|p1a: Azumarill
|-damage|p1a: Azumarill|336\/404
|-damage|p2a: Latias|288\/319|[from] item: Life Orb
|
|turn|2
|join|Monsey
|
|switch|p2a: Azumarill|Azumarill, F|383\/383
|move|p1a: Azumarill|Belly Drum|p1a: Azumarill
|-damage|p1a: Azumarill|134\/404
|-setboost|p1a: Azumarill|atk|6|[from] move: Belly Drum
|-enditem|p1a: Azumarill|Sitrus Berry|[eat]
|-heal|p1a: Azumarill|235\/404|[from] item: Sitrus Berry
|
|turn|3
|leave|Monsey
|
|move|p2a: Azumarill|Aqua Jet|p1a: Azumarill
|-resisted|p1a: Azumarill
|-damage|p1a: Azumarill|158\/404
|move|p1a: Azumarill|Play Rough|p2a: Azumarill
|-damage|p2a: Azumarill|0 fnt
|faint|p2a: Azumarill
|
|
|switch|p2a: Latias|Latias, F|288\/319
|turn|4
|
|move|p1a: Azumarill|Aqua Jet|p2a: Latias
|-resisted|p2a: Latias
|-damage|p2a: Latias|108\/319
|move|p2a: Latias|Psyshock|p1a: Azumarill
|-damage|p1a: Azumarill|0 fnt
|-damage|p2a: Latias|77\/319|[from] item: Life Orb
|faint|p1a: Azumarill
|
|
|switch|p1a: Magnezone|Magnezone|282\/282
|turn|5
|
|switch|p2a: Swampert|Swampert, M|367\/367
|move|p1a: Magnezone|Flash Cannon|p2a: Swampert
|-resisted|p2a: Swampert
|-damage|p2a: Swampert|295\/367
|
|turn|6
|
|switch|p1a: Breloom|Breloom, F|262\/262
|detailschange|p2a: Swampert|Swampert-Mega, M
|message|Swampert has Mega Evolved into Mega Swampert!
|move|p2a: Swampert|Waterfall|p1a: Breloom
|-resisted|p1a: Breloom
|-damage|p1a: Breloom|156\/262
|
|turn|7
|
|switch|p1a: Magnezone|Magnezone|282\/282
|switch|p2a: Ferrothorn|Ferrothorn, M|352\/352
|
|turn|8
|c|âdoom23|gg
|
|move|p1a: Magnezone|Hidden Power|p2a: Ferrothorn
|-supereffective|p2a: Ferrothorn
|-damage|p2a: Ferrothorn|128\/352
|move|p2a: Ferrothorn|Stealth Rock|p1a: Magnezone
|-sidestart|p1: doom23|move: Stealth Rock
|
|-heal|p2a: Ferrothorn|150\/352|[from] item: Leftovers
|turn|9
|c|âLouisxd|implying i need ferrothorn
|
|move|p1a: Magnezone|Hidden Power|p2a: Ferrothorn
|-supereffective|p2a: Ferrothorn
|-damage|p2a: Ferrothorn|0 fnt
|faint|p2a: Ferrothorn
|
|c|âdoom23|keep talking
|
|switch|p2a: Politoed|Politoed, M|384\/384
|-weather|RainDance
|turn|10
|
|switch|p1a: Latias|Latias, F|302\/302
|-damage|p1a: Latias|265\/302|[from] Stealth Rock
|switch|p2a: Swampert|Swampert-Mega, M|295\/367
|
|-weather|RainDance|[upkeep]
|turn|11
|
|switch|p1a: Landorus-Therian|Landorus-Therian, M|320\/320
|-damage|p1a: Landorus-Therian|280\/320|[from] Stealth Rock
|-ability|p1a: Landorus-Therian|Intimidate|[of] p2a: Swampert
|-unboost|p2a: Swampert|atk|1
|move|p2a: Swampert|Ice Punch|p1a: Landorus-Therian
|-supereffective|p1a: Landorus-Therian
|-damage|p1a: Landorus-Therian|0 fnt
|faint|p1a: Landorus-Therian
|
|-weather|RainDance|[upkeep]
|c|âLouisxd|wp
|c| Savage_hr|ogod
|
|switch|p1a: Latias|Latias, F|265\/302
|-damage|p1a: Latias|228\/302|[from] Stealth Rock
|turn|12
|
|switch|p2a: Politoed|Politoed, M|384\/384
|move|p1a: Latias|Defog|p2a: Politoed
|-unboost|p2a: Politoed|evasion|1
|-sideend|p1: doom23|Stealth Rock|[from] move: Defog|[of] p1a: Latias
|
|-weather|RainDance|[upkeep]
|turn|13
|
|move|p1a: Latias|Healing Wish|p1a: Latias
|faint|p1a: Latias
|move|p2a: Politoed|Toxic|p1: Latias|[notarget]
|-notarget
|
|-weather|RainDance|[upkeep]
|
|switch|p1a: Breloom|Breloom, F|156\/262
|-heal|p1a: Breloom|262\/262|[from] move: Healing Wish
|turn|14
|
|switch|p2a: Latias|Latias, F|77\/319
|move|p1a: Breloom|Bullet Seed|p2a: Latias
|-resisted|p2a: Latias
|-damage|p2a: Latias|43\/319
|-resisted|p2a: Latias
|-damage|p2a: Latias|5\/319
|-hitcount|p2a: Latias|2
|
|-weather|RainDance|[upkeep]
|turn|15
|
|switch|p2a: Kingdra|Kingdra, F|307\/307
|move|p1a: Breloom|Mach Punch|p2a: Kingdra
|-damage|p2a: Kingdra|184\/307
|
|-weather|RainDance|[upkeep]
|turn|16
|
|switch|p1a: Magnezone|Magnezone|282\/282
|move|p2a: Kingdra|Scald|p1a: Magnezone
|-damage|p1a: Magnezone|0 fnt
|faint|p1a: Magnezone
|
|-weather|RainDance|[upkeep]
|
|switch|p1a: Charizard|Charizard, M|298\/298
|turn|17
|
|detailschange|p1a: Charizard|Charizard-Mega-Y, M
|message|Charizard has Mega Evolved into Mega Charizard!
|-weather|SunnyDay
|move|p2a: Kingdra|Scald|p1a: Charizard
|-supereffective|p1a: Charizard
|-damage|p1a: Charizard|112\/298
|move|p1a: Charizard|Solar Beam|p2a: Kingdra|[still]
|-prepare|p1a: Charizard|Solar Beam|p2a: Kingdra
|-anim|p1a: Charizard|Solar Beam|p2a: Kingdra
|-damage|p2a: Kingdra|14\/307
|
|-weather|SunnyDay|[upkeep]
|turn|18
|c|âLouisxd|LEEL
|
|switch|p1a: Breloom|Breloom, F|262\/262
|switch|p2a: Politoed|Politoed, M|384\/384
|-weather|RainDance
|
|-weather|RainDance|[upkeep]
|turn|19
|
|switch|p2a: Latias|Latias, F|5\/319
|move|p1a: Breloom|Bullet Seed|p2a: Latias
|-resisted|p2a: Latias
|-damage|p2a: Latias|0 fnt
|-hitcount|p2a: Latias|1
|faint|p2a: Latias
|
|-weather|RainDance|[upkeep]
|
|switch|p2a: Swampert|Swampert-Mega, M|295\/367
|turn|20
|
|switch|p1a: Charizard|Charizard-Mega-Y, M|112\/298
|-weather|SunnyDay
|move|p2a: Swampert|Ice Punch|p1a: Charizard
|-damage|p1a: Charizard|0 fnt
|faint|p1a: Charizard
|
|-weather|SunnyDay|[upkeep]
|
|switch|p1a: Breloom|Breloom, F|262\/262
|turn|21
|
|switch|p2a: Politoed|Politoed, M|384\/384
|-weather|RainDance
|move|p1a: Breloom|Bullet Seed|p2a: Politoed
|-supereffective|p2a: Politoed
|-damage|p2a: Politoed|226\/384
|-crit|p2a: Politoed
|-supereffective|p2a: Politoed
|-damage|p2a: Politoed|0 fnt
|-hitcount|p2a: Politoed|2
|faint|p2a: Politoed
|
|-weather|RainDance|[upkeep]
|
|switch|p2a: Swampert|Swampert-Mega, M|295\/367
|turn|22
|
|move|p2a: Swampert|Ice Punch|p1a: Breloom
|-supereffective|p1a: Breloom
|-damage|p1a: Breloom|16\/262
|move|p1a: Breloom|Bullet Seed|p2a: Swampert
|-supereffective|p2a: Swampert
|-damage|p2a: Swampert|55\/367
|-supereffective|p2a: Swampert
|-damage|p2a: Swampert|0 fnt
|-hitcount|p2a: Swampert|2
|faint|p2a: Swampert
|
|-weather|RainDance|[upkeep]
|c|âLouisxd|lel
|c|âLouisxd|he is guna eim UHEAUAEHUAEH
|
|switch|p2a: Kingdra|Kingdra, F|14\/307
|turn|23
|c|âdoom23|gg
|
|move|p1a: Breloom|Mach Punch|p2a: Kingdra
|-damage|p2a: Kingdra|0 fnt
|faint|p2a: Kingdra
|
|win|doom23
|c|âdoom23|trash
|leave|Louisxd
|player|p2
|leave|Savage_hr