|join|Louisxd
|join|Predator_Us
|player|p1|Louisxd|165
|player|p2|Predator_Us|101
|gametype|singles
|gen|6
|tier|OU
|clearpoke
|poke|p1|Starmie
|poke|p1|Kyurem-Black
|poke|p1|Greninja, M
|poke|p1|Diancie
|poke|p1|Klefki, F
|poke|p1|Landorus-Therian, M
|poke|p2|Lopunny, M
|poke|p2|Thundurus, M, shiny
|poke|p2|Ferrothorn, F
|poke|p2|Tyranitar, F
|poke|p2|Excadrill, F
|poke|p2|Hydreigon, F
|rule|Swagger Clause: Swagger is banned
|rule|Baton Pass Clause: Limit one PokÃ©mon knowing Baton Pass
|rule|Sleep Clause Mod: Limit one foe put to sleep
|rule|Species Clause: Limit one of each PokÃ©mon
|rule|OHKO Clause: OHKO moves are banned
|rule|Moody Clause: Moody is banned
|rule|Evasion Moves Clause: Evasion moves are banned
|rule|Endless Battle Clause: Forcing endless battles is banned
|rule|HP Percentage Mod: HP is shown in percentages
|teampreview
|c|âPredator_Us|gl
|c|âLouisxd|u2
|
|start
|switch|p1a: Kyurem-Black|Kyurem-Black|401\/401
|switch|p2a: Lopunny|Lopunny, M|272\/272
|-ability|p1a: Kyurem-Black|Teravolt
|turn|1
|
|switch|p1a: Landorus-Therian|Landorus-Therian, M|365\/365
|-ability|p1a: Landorus-Therian|Intimidate|[of] p2a: Lopunny
|-unboost|p2a: Lopunny|atk|1
|detailschange|p2a: Lopunny|Lopunny-Mega, M
|message|Lopunny has Mega Evolved into Mega Lopunny!
|move|p2a: Lopunny|Fake Out|p1a: Landorus-Therian
|-damage|p1a: Landorus-Therian|328\/365
|
|-heal|p1a: Landorus-Therian|350\/365|[from] item: Leftovers
|turn|2
|join|pupusitote
|
|switch|p2a: Hydreigon|Hydreigon, F|325\/325
|move|p1a: Landorus-Therian|Stealth Rock|p2a: Hydreigon
|-sidestart|p2: Predator_Us|move: Stealth Rock
|
|-heal|p1a: Landorus-Therian|365\/365|[from] item: Leftovers
|turn|3
|
|switch|p1a: Klefki|Klefki, F|318\/318
|move|p2a: Hydreigon|Draco Meteor|p1a: Klefki
|-immune|p1a: Klefki|[msg]
|
|turn|4
|
|move|p1a: Klefki|Thunder Wave|p2a: Hydreigon
|-status|p2a: Hydreigon|par
|move|p2a: Hydreigon|Earth Power|p1a: Klefki
|-supereffective|p1a: Klefki
|-damage|p1a: Klefki|110\/318
|-damage|p2a: Hydreigon|293\/325 par|[from] item: Life Orb
|
|-heal|p1a: Klefki|129\/318|[from] item: Leftovers
|turn|5
|
|move|p1a: Klefki|Play Rough|p2a: Hydreigon
|-supereffective|p2a: Hydreigon
|-damage|p2a: Hydreigon|0 fnt
|faint|p2a: Hydreigon
|
|-heal|p1a: Klefki|148\/318|[from] item: Leftovers
|c|âLouisxd|rip
|
|switch|p2a: Lopunny|Lopunny-Mega, M|272\/272
|-damage|p2a: Lopunny|255\/272|[from] Stealth Rock
|turn|6
|
|switch|p1a: Landorus-Therian|Landorus-Therian, M|365\/365
|-ability|p1a: Landorus-Therian|Intimidate|[of] p2a: Lopunny
|-unboost|p2a: Lopunny|atk|1
|move|p2a: Lopunny|Fake Out|p1a: Landorus-Therian
|-damage|p1a: Landorus-Therian|325\/365
|
|-heal|p1a: Landorus-Therian|347\/365|[from] item: Leftovers
|turn|7
|
|move|p2a: Lopunny|Ice Punch|p1a: Landorus-Therian
|-supereffective|p1a: Landorus-Therian
|-damage|p1a: Landorus-Therian|147\/365
|move|p1a: Landorus-Therian|U-turn|p2a: Lopunny
|-resisted|p2a: Lopunny
|-damage|p2a: Lopunny|214\/272
|leave|pupusitote
|
|switch|p1a: Starmie|Starmie|323\/323
|
|turn|8
|
|switch|p2a: Thundurus|Thundurus, M, shiny|300\/300
|-damage|p2a: Thundurus|225\/300|[from] Stealth Rock
|move|p1a: Starmie|Scald|p2a: Thundurus
|-damage|p2a: Thundurus|120\/300
|
|turn|9
|
|switch|p1a: Kyurem-Black|Kyurem-Black|401\/401
|-ability|p1a: Kyurem-Black|Teravolt
|move|p2a: Thundurus|Thunder Wave|p1a: Kyurem-Black
|-status|p1a: Kyurem-Black|par
|
|turn|10
|
|move|p2a: Thundurus|Knock Off|p1a: Kyurem-Black
|-damage|p1a: Kyurem-Black|258\/401 par
|-enditem|p1a: Kyurem-Black|Leftovers|[from] move: Knock Off|[of] p2a: Thundurus
|-damage|p2a: Thundurus|90\/300|[from] item: Life Orb
|move|p1a: Kyurem-Black|Ice Beam|p2a: Thundurus
|-supereffective|p2a: Thundurus
|-damage|p2a: Thundurus|0 fnt
|faint|p2a: Thundurus
|
|
|switch|p2a: Ferrothorn|Ferrothorn, F|352\/352
|-damage|p2a: Ferrothorn|330\/352|[from] Stealth Rock
|turn|11
|
|move|p2a: Ferrothorn|Stealth Rock|p1a: Kyurem-Black
|-sidestart|p1: Louisxd|move: Stealth Rock
|move|p1a: Kyurem-Black|Hidden Power|p2a: Ferrothorn
|-supereffective|p2a: Ferrothorn
|-damage|p2a: Ferrothorn|138\/352
|
|-heal|p2a: Ferrothorn|160\/352|[from] item: Leftovers
|turn|12
|
|switch|p2a: Tyranitar|Tyranitar, F|342\/342
|-damage|p2a: Tyranitar|300\/342|[from] Stealth Rock
|-weather|Sandstorm
|move|p1a: Kyurem-Black|Ice Beam|p2a: Tyranitar
|-damage|p2a: Tyranitar|189\/342
|-status|p2a: Tyranitar|frz
|
|-weather|Sandstorm|[upkeep]
|-damage|p1a: Kyurem-Black|233\/401 par|[from] sandstorm
|turn|13
|c|âLouisxd|sorry
|
|switch|p1a: Landorus-Therian|Landorus-Therian, M|147\/365
|-damage|p1a: Landorus-Therian|102\/365|[from] Stealth Rock
|-ability|p1a: Landorus-Therian|Intimidate|[of] p2a: Tyranitar
|-unboost|p2a: Tyranitar|atk|1
|cant|p2a: Tyranitar|frz
|
|-weather|Sandstorm|[upkeep]
|-heal|p1a: Landorus-Therian|124\/365|[from] item: Leftovers
|turn|14
|
|switch|p2a: Ferrothorn|Ferrothorn, F|160\/352
|-damage|p2a: Ferrothorn|138\/352|[from] Stealth Rock
|move|p1a: Landorus-Therian|Earthquake|p2a: Ferrothorn
|-damage|p2a: Ferrothorn|8\/352
|
|-weather|Sandstorm|[upkeep]
|-heal|p1a: Landorus-Therian|146\/365|[from] item: Leftovers
|-heal|p2a: Ferrothorn|30\/352|[from] item: Leftovers
|turn|15
|
|switch|p2a: Excadrill|Excadrill, F|362\/362
|-damage|p2a: Excadrill|351\/362|[from] Stealth Rock
|-item|p2a: Excadrill|Air Balloon
|move|p1a: Landorus-Therian|Earthquake|p2a: Excadrill
|-immune|p2a: Excadrill|[msg]
|
|-weather|Sandstorm|[upkeep]
|-heal|p1a: Landorus-Therian|168\/365|[from] item: Leftovers
|turn|16
|
|switch|p1a: Kyurem-Black|Kyurem-Black|233\/401 par
|-damage|p1a: Kyurem-Black|133\/401 par|[from] Stealth Rock
|-ability|p1a: Kyurem-Black|Teravolt
|move|p2a: Excadrill|Rapid Spin|p1a: Kyurem-Black
|-damage|p1a: Kyurem-Black|99\/401 par
|-sideend|p2: Predator_Us|Stealth Rock|[from] move: Rapid Spin|[of] p2a: Excadrill
|
|-weather|none
|turn|17
|
|move|p2a: Excadrill|Iron Head|p1a: Kyurem-Black
|-supereffective|p1a: Kyurem-Black
|-damage|p1a: Kyurem-Black|0 fnt
|faint|p1a: Kyurem-Black
|
|
|switch|p1a: Starmie|Starmie|323\/323
|-damage|p1a: Starmie|283\/323|[from] Stealth Rock
|turn|18
|
|switch|p2a: Ferrothorn|Ferrothorn, F|30\/352
|move|p1a: Starmie|Rapid Spin|p2a: Ferrothorn
|-resisted|p2a: Ferrothorn
|-damage|p2a: Ferrothorn|25\/352
|-damage|p1a: Starmie|243\/323|[from] ability: Iron Barbs|[of] p2a: Ferrothorn
|-sideend|p1: Louisxd|Stealth Rock|[from] move: Rapid Spin|[of] p1a: Starmie
|
|-heal|p1a: Starmie|263\/323|[from] item: Leftovers
|-heal|p2a: Ferrothorn|47\/352|[from] item: Leftovers
|turn|19
|
|move|p2a: Ferrothorn|Protect|p2a: Ferrothorn
|-singleturn|p2a: Ferrothorn|Protect
|move|p1a: Starmie|Reflect Type|p2a: Ferrothorn
|-activate|p2a: Ferrothorn|Protect
|
|-heal|p1a: Starmie|283\/323|[from] item: Leftovers
|-heal|p2a: Ferrothorn|69\/352|[from] item: Leftovers
|turn|20
|
|move|p1a: Starmie|Reflect Type|p2a: Ferrothorn
|-start|p1a: Starmie|typechange|[from] move: Reflect Type|[of] p2a: Ferrothorn
|move|p2a: Ferrothorn|Stealth Rock|p1a: Starmie
|-sidestart|p1: Louisxd|move: Stealth Rock
|
|-heal|p1a: Starmie|303\/323|[from] item: Leftovers
|-heal|p2a: Ferrothorn|91\/352|[from] item: Leftovers
|turn|21
|
|move|p2a: Ferrothorn|Protect|p2a: Ferrothorn
|-singleturn|p2a: Ferrothorn|Protect
|move|p1a: Starmie|Scald|p2a: Ferrothorn
|-activate|p2a: Ferrothorn|Protect
|
|-heal|p1a: Starmie|323\/323|[from] item: Leftovers
|-heal|p2a: Ferrothorn|113\/352|[from] item: Leftovers
|turn|22
|
|move|p1a: Starmie|Rapid Spin|p2a: Ferrothorn
|-resisted|p2a: Ferrothorn
|-damage|p2a: Ferrothorn|109\/352
|-damage|p1a: Starmie|283\/323|[from] ability: Iron Barbs|[of] p2a: Ferrothorn
|-sideend|p1: Louisxd|Stealth Rock|[from] move: Rapid Spin|[of] p1a: Starmie
|move|p2a: Ferrothorn|Knock Off|p1a: Starmie
|-damage|p1a: Starmie|196\/323
|-enditem|p1a: Starmie|Leftovers|[from] move: Knock Off|[of] p2a: Ferrothorn
|
|-heal|p2a: Ferrothorn|131\/352|[from] item: Leftovers
|turn|23
|
|switch|p1a: Greninja|Greninja, M|285\/285
|switch|p2a: Tyranitar|Tyranitar, F|189\/342 frz
|-weather|Sandstorm
|
|-weather|Sandstorm|[upkeep]
|-damage|p1a: Greninja|268\/285|[from] sandstorm
|turn|24
|join|Maiora
|
|move|p1a: Greninja|Hydro Pump|p2a: Tyranitar
|-start|p1a: Greninja|typechange|Water|[from] Protean
|-supereffective|p2a: Tyranitar
|-damage|p2a: Tyranitar|0 fnt
|-damage|p1a: Greninja|240\/285|[from] item: Life Orb
|faint|p2a: Tyranitar
|
|-weather|Sandstorm|[upkeep]
|-damage|p1a: Greninja|223\/285|[from] sandstorm
|
|switch|p2a: Lopunny|Lopunny-Mega, M|214\/272
|turn|25
|
|switch|p1a: Landorus-Therian|Landorus-Therian, M|168\/365
|-ability|p1a: Landorus-Therian|Intimidate|[of] p2a: Lopunny
|-unboost|p2a: Lopunny|atk|1
|move|p2a: Lopunny|Fake Out|p1a: Landorus-Therian
|-damage|p1a: Landorus-Therian|132\/365
|
|-weather|Sandstorm|[upkeep]
|-damage|p2a: Lopunny|197\/272|[from] sandstorm
|-heal|p1a: Landorus-Therian|154\/365|[from] item: Leftovers
|turn|26
|
|move|p2a: Lopunny|Ice Punch|p1a: Landorus-Therian
|-supereffective|p1a: Landorus-Therian
|-damage|p1a: Landorus-Therian|0 fnt
|faint|p1a: Landorus-Therian
|
|-weather|Sandstorm|[upkeep]
|-damage|p2a: Lopunny|180\/272|[from] sandstorm
|
|switch|p1a: Diancie|Diancie|261\/261
|turn|27
|
|switch|p2a: Ferrothorn|Ferrothorn, F|131\/352
|detailschange|p1a: Diancie|Diancie-Mega
|message|Diancie has Mega Evolved into Mega Diancie!
|move|p1a: Diancie|Moonblast|p2a: Ferrothorn
|-resisted|p2a: Ferrothorn
|-damage|p2a: Ferrothorn|60\/352
|
|-weather|none
|-heal|p2a: Ferrothorn|82\/352|[from] item: Leftovers
|turn|28
|
|move|p1a: Diancie|Earth Power|p2a: Ferrothorn
|-crit|p2a: Ferrothorn
|-damage|p2a: Ferrothorn|0 fnt
|faint|p2a: Ferrothorn
|
|
|switch|p2a: Lopunny|Lopunny-Mega, M|180\/272
|turn|29
|
|switch|p1a: Starmie|Starmie|196\/323
|move|p2a: Lopunny|Fake Out|p1a: Starmie
|-damage|p1a: Starmie|118\/323
|
|turn|30
|
|move|p2a: Lopunny|Return|p1a: Starmie
|-damage|p1a: Starmie|0 fnt
|faint|p1a: Starmie
|
|
|switch|p1a: Klefki|Klefki, F|148\/318
|turn|31
|
|switch|p2a: Excadrill|Excadrill, F|351\/362
|-item|p2a: Excadrill|Air Balloon
|move|p1a: Klefki|Thunder Wave|p2a: Excadrill
|-immune|p2a: Excadrill|[msg]
|
|-heal|p1a: Klefki|167\/318|[from] item: Leftovers
|turn|32
|
|move|p2a: Excadrill|Earthquake|p1a: Klefki
|-supereffective|p1a: Klefki
|-damage|p1a: Klefki|0 fnt
|faint|p1a: Klefki
|
|
|switch|p1a: Greninja|Greninja, M|223\/285
|turn|33
|
|move|p1a: Greninja|Hydro Pump|p2a: Excadrill
|-start|p1a: Greninja|typechange|Water|[from] Protean
|-supereffective|p2a: Excadrill
|-damage|p2a: Excadrill|0 fnt
|-enditem|p2a: Excadrill|Air Balloon
|-damage|p1a: Greninja|195\/285|[from] item: Life Orb
|faint|p2a: Excadrill
|
|
|switch|p2a: Lopunny|Lopunny-Mega, M|180\/272
|turn|34
|
|move|p2a: Lopunny|Fake Out|p1a: Greninja
|-damage|p1a: Greninja|86\/285
|cant|p1a: Greninja|flinch
|
|turn|35
|
|move|p2a: Lopunny|Return|p1a: Greninja
|-damage|p1a: Greninja|0 fnt
|faint|p1a: Greninja
|
|
|switch|p1a: Diancie|Diancie-Mega|261\/261
|turn|36
|c|âPredator_Us|mega vs mega xD
|c|âLouisxd|:)
|c|âLouisxd|gg
|
|move|p2a: Lopunny|Jump Kick|p1a: Diancie
|-damage|p1a: Diancie|105\/261
|move|p1a: Diancie|Moonblast|p2a: Lopunny
|-supereffective|p2a: Lopunny
|-damage|p2a: Lopunny|0 fnt
|faint|p2a: Lopunny
|
|win|Louisxd
|leave|Louisxd
|player|p1
|leave|Maiora
|c|âPredator_Us|gg
|join|Louisxd