|join|Louisxd
|join|JoeTheCondor
|player|p1|Louisxd|165
|player|p2|JoeTheCondor|266
|gametype|singles
|gen|6
|tier|OU
|rated
|clearpoke
|poke|p1|Slowbro, M
|poke|p1|Gliscor, M
|poke|p1|Clefable, F
|poke|p1|Latios, M
|poke|p1|Scizor, M
|poke|p1|Talonflame, M
|poke|p2|Charizard, F
|poke|p2|Tyranitar, F
|poke|p2|Greninja, F
|poke|p2|Garchomp, F
|poke|p2|Landorus-Therian, M
|poke|p2|Rotom-Wash
|rule|Swagger Clause: Swagger is banned
|rule|Baton Pass Clause: Limit one PokÃ©mon knowing Baton Pass
|rule|Sleep Clause Mod: Limit one foe put to sleep
|rule|Species Clause: Limit one of each PokÃ©mon
|rule|OHKO Clause: OHKO moves are banned
|rule|Moody Clause: Moody is banned
|rule|Evasion Moves Clause: Evasion moves are banned
|rule|Endless Battle Clause: Forcing endless battles is banned
|rule|HP Percentage Mod: HP is shown in percentages
|teampreview
|
|start
|switch|p1a: Le old fairy|Clefable, F|394\/394
|switch|p2a: Rotom-Wash|Rotom-Wash|242\/242
|turn|1
|
|move|p2a: Rotom-Wash|Trick|p1a: Le old fairy
|-activate|p2a: Rotom-Wash|move: Trick|[of] p1a: Le old fairy
|-item|p1a: Le old fairy|Choice Scarf|[from] move: Trick
|-item|p2a: Rotom-Wash|Leftovers|[from] move: Trick
|move|p1a: Le old fairy|Stealth Rock|p2a: Rotom-Wash
|-sidestart|p2: JoeTheCondor|move: Stealth Rock
|
|turn|2
|
|switch|p1a: Drug addicted|Gliscor, M|352\/352
|move|p2a: Rotom-Wash|Volt Switch|p1a: Drug addicted
|-immune|p1a: Drug addicted|[msg]
|
|-status|p1a: Drug addicted|tox|[from] item: Toxic Orb
|turn|3
|
|switch|p1a: Latios|Latios, M|301\/301
|move|p2a: Rotom-Wash|Hydro Pump|p1a: Latios
|-resisted|p1a: Latios
|-damage|p1a: Latios|229\/301
|
|turn|4
|
|switch|p1a: Scizor|Scizor, M|289\/289
|switch|p2a: Tyranitar|Tyranitar, F|341\/341
|-damage|p2a: Tyranitar|299\/341|[from] Stealth Rock
|-weather|Sandstorm
|
|-weather|Sandstorm|[upkeep]
|turn|5
|
|switch|p2a: Landorus-Therian|Landorus-Therian, M|320\/320
|-damage|p2a: Landorus-Therian|280\/320|[from] Stealth Rock
|-ability|p2a: Landorus-Therian|Intimidate|[of] p1a: Scizor
|-unboost|p1a: Scizor|atk|1
|move|p1a: Scizor|Bug Bite|p2a: Landorus-Therian
|-resisted|p2a: Landorus-Therian
|-damage|p2a: Landorus-Therian|194\/320
|-damage|p1a: Scizor|261\/289|[from] item: Life Orb
|
|-weather|Sandstorm|[upkeep]
|-heal|p2a: Landorus-Therian|214\/320|[from] item: Leftovers
|turn|6
|
|switch|p1a: Drug addicted|Gliscor, M|352\/352 tox
|move|p2a: Landorus-Therian|Stealth Rock|p1a: Drug addicted
|-sidestart|p1: Louisxd|move: Stealth Rock
|
|-weather|Sandstorm|[upkeep]
|-heal|p2a: Landorus-Therian|234\/320|[from] item: Leftovers
|turn|7
|
|move|p2a: Landorus-Therian|U-turn|p1a: Drug addicted
|-resisted|p1a: Drug addicted
|-damage|p1a: Drug addicted|317\/352 tox
|
|switch|p2a: Greninja|Greninja, F|285\/285
|-damage|p2a: Greninja|250\/285|[from] Stealth Rock
|move|p1a: Drug addicted|Knock Off|p2a: Greninja
|-resisted|p2a: Greninja
|-damage|p2a: Greninja|202\/285
|-enditem|p2a: Greninja|Life Orb|[from] move: Knock Off|[of] p1a: Drug addicted
|
|-weather|Sandstorm|[upkeep]
|-damage|p2a: Greninja|185\/285|[from] sandstorm
|-heal|p1a: Drug addicted|352\/352 tox|[from] ability: Poison Heal
|turn|8
|
|switch|p1a: Le old fairy|Clefable, F|394\/394
|move|p2a: Greninja|Surf|p1a: Le old fairy
|-start|p2a: Greninja|typechange|Water|[from] Protean
|-damage|p1a: Le old fairy|265\/394
|
|-weather|none
|turn|9
|
|move|p2a: Greninja|U-turn|p1a: Le old fairy
|-start|p2a: Greninja|typechange|Bug|[from] Protean
|-resisted|p1a: Le old fairy
|-damage|p1a: Le old fairy|229\/394
|
|switch|p2a: Rotom-Wash|Rotom-Wash|242\/242
|-damage|p2a: Rotom-Wash|212\/242|[from] Stealth Rock
|move|p1a: Le old fairy|Moonblast|p2a: Rotom-Wash
|-damage|p2a: Rotom-Wash|119\/242
|
|-heal|p2a: Rotom-Wash|134\/242|[from] item: Leftovers
|turn|10
|
|move|p2a: Rotom-Wash|Hydro Pump|p1a: Le old fairy
|-damage|p1a: Le old fairy|87\/394
|move|p1a: Le old fairy|Moonblast|p2a: Rotom-Wash
|-damage|p2a: Rotom-Wash|23\/242
|-unboost|p2a: Rotom-Wash|spa|1
|
|-heal|p2a: Rotom-Wash|38\/242|[from] item: Leftovers
|turn|11
|
|move|p2a: Rotom-Wash|Hydro Pump|p1a: Le old fairy
|-damage|p1a: Le old fairy|0 fnt
|faint|p1a: Le old fairy
|
|-heal|p2a: Rotom-Wash|53\/242|[from] item: Leftovers
|join|Mighty Absol
|
|switch|p1a: Latios|Latios, M|229\/301
|-damage|p1a: Latios|192\/301|[from] Stealth Rock
|turn|12
|
|switch|p1a: Drug addicted|Gliscor, M|352\/352 tox
|-damage|p1a: Drug addicted|308\/352 tox|[from] Stealth Rock
|move|p2a: Rotom-Wash|Volt Switch|p1a: Drug addicted
|-immune|p1a: Drug addicted|[msg]
|
|-heal|p2a: Rotom-Wash|68\/242|[from] item: Leftovers
|-heal|p1a: Drug addicted|352\/352 tox|[from] ability: Poison Heal
|turn|13
|
|move|p2a: Rotom-Wash|Hydro Pump|p1a: Drug addicted|[miss]
|-miss|p2a: Rotom-Wash|p1a: Drug addicted
|move|p1a: Drug addicted|Knock Off|p2a: Rotom-Wash
|-damage|p2a: Rotom-Wash|0 fnt
|-enditem|p2a: Rotom-Wash|Leftovers|[from] move: Knock Off|[of] p1a: Drug addicted
|faint|p2a: Rotom-Wash
|
|
|switch|p2a: Greninja|Greninja, F|185\/285
|-damage|p2a: Greninja|150\/285|[from] Stealth Rock
|turn|14
|
|switch|p1a: Retarded fella|Slowbro, M|394\/394
|-damage|p1a: Retarded fella|345\/394|[from] Stealth Rock
|move|p2a: Greninja|U-turn|p1a: Retarded fella
|-start|p2a: Greninja|typechange|Bug|[from] Protean
|-supereffective|p1a: Retarded fella
|-damage|p1a: Retarded fella|243\/394
|
|switch|p2a: Charizard|Charizard, F|297\/297
|-damage|p2a: Charizard|149\/297|[from] Stealth Rock
|
|turn|15
|
|switch|p1a: Latios|Latios, M|192\/301
|-damage|p1a: Latios|155\/301|[from] Stealth Rock
|detailschange|p2a: Charizard|Charizard-Mega-Y, F
|message|Charizard has Mega Evolved into Mega Charizard!
|-weather|SunnyDay
|move|p2a: Charizard|Solar Beam|p1a: Latios|[still]
|-prepare|p2a: Charizard|Solar Beam|p1a: Latios
|-anim|p2a: Charizard|Solar Beam|p1a: Latios
|-resisted|p1a: Latios
|-damage|p1a: Latios|79\/301
|
|-weather|SunnyDay|[upkeep]
|turn|16
|
|move|p1a: Latios|Draco Meteor|p2a: Charizard|[miss]
|-miss|p1a: Latios|p2a: Charizard
|move|p2a: Charizard|Air Slash|p1a: Latios
|-damage|p1a: Latios|0 fnt
|faint|p1a: Latios
|
|-weather|SunnyDay|[upkeep]
|
|switch|p1a: Talonflame|Talonflame, M|319\/319
|-damage|p1a: Talonflame|160\/319|[from] Stealth Rock
|turn|17
|
|switch|p2a: Tyranitar|Tyranitar, F|299\/341
|-damage|p2a: Tyranitar|257\/341|[from] Stealth Rock
|-weather|Sandstorm
|move|p1a: Talonflame|Brave Bird|p2a: Tyranitar
|-resisted|p2a: Tyranitar
|-damage|p2a: Tyranitar|178\/341
|-damage|p1a: Talonflame|134\/319|[from] recoil|[of] p2a: Tyranitar
|
|-weather|Sandstorm|[upkeep]
|-damage|p1a: Talonflame|115\/319|[from] sandstorm
|turn|18
|
|move|p1a: Talonflame|Swords Dance|p1a: Talonflame
|-boost|p1a: Talonflame|atk|2
|move|p2a: Tyranitar|Pursuit|p1a: Talonflame
|-damage|p1a: Talonflame|0 fnt
|faint|p1a: Talonflame
|
|-weather|Sandstorm|[upkeep]
|
|switch|p1a: Scizor|Scizor, M|261\/289
|-damage|p1a: Scizor|225\/289|[from] Stealth Rock
|turn|19
|
|switch|p2a: Landorus-Therian|Landorus-Therian, M|234\/320
|-damage|p2a: Landorus-Therian|194\/320|[from] Stealth Rock
|-ability|p2a: Landorus-Therian|Intimidate|[of] p1a: Scizor
|-unboost|p1a: Scizor|atk|1
|move|p1a: Scizor|Swords Dance|p1a: Scizor
|-boost|p1a: Scizor|atk|2
|
|-weather|Sandstorm|[upkeep]
|-heal|p2a: Landorus-Therian|214\/320|[from] item: Leftovers
|turn|20
|
|move|p2a: Landorus-Therian|Earthquake|p1a: Scizor
|-crit|p1a: Scizor
|-damage|p1a: Scizor|0 fnt
|faint|p1a: Scizor
|
|-weather|Sandstorm|[upkeep]
|-heal|p2a: Landorus-Therian|234\/320|[from] item: Leftovers
|
|switch|p1a: Retarded fella|Slowbro, M|374\/394
|-damage|p1a: Retarded fella|325\/394|[from] Stealth Rock
|turn|21
|
|detailschange|p1a: Retarded fella|Slowbro-Mega, M
|message|Slowbro has Mega Evolved into Mega Slowbro!
|move|p2a: Landorus-Therian|U-turn|p1a: Retarded fella
|-supereffective|p1a: Retarded fella
|-damage|p1a: Retarded fella|239\/394
|
|switch|p2a: Tyranitar|Tyranitar, F|178\/341
|-damage|p2a: Tyranitar|136\/341|[from] Stealth Rock
|move|p1a: Retarded fella|Calm Mind|p1a: Retarded fella
|-boost|p1a: Retarded fella|spa|1
|-boost|p1a: Retarded fella|spd|1
|
|-weather|none
|turn|22
|
|move|p2a: Tyranitar|Crunch|p1a: Retarded fella
|-supereffective|p1a: Retarded fella
|-damage|p1a: Retarded fella|81\/394
|move|p1a: Retarded fella|Slack Off|p1a: Retarded fella
|-heal|p1a: Retarded fella|278\/394
|
|turn|23
|
|move|p2a: Tyranitar|Crunch|p1a: Retarded fella
|-supereffective|p1a: Retarded fella
|-damage|p1a: Retarded fella|138\/394
|move|p1a: Retarded fella|Slack Off|p1a: Retarded fella
|-heal|p1a: Retarded fella|335\/394
|
|turn|24
|
|move|p2a: Tyranitar|Crunch|p1a: Retarded fella
|-supereffective|p1a: Retarded fella
|-damage|p1a: Retarded fella|191\/394
|move|p1a: Retarded fella|Calm Mind|p1a: Retarded fella
|-boost|p1a: Retarded fella|spa|1
|-boost|p1a: Retarded fella|spd|1
|
|turn|25
|
|move|p2a: Tyranitar|Crunch|p1a: Retarded fella
|-supereffective|p1a: Retarded fella
|-damage|p1a: Retarded fella|39\/394
|move|p1a: Retarded fella|Slack Off|p1a: Retarded fella
|-heal|p1a: Retarded fella|236\/394
|
|turn|26
|
|move|p2a: Tyranitar|Crunch|p1a: Retarded fella
|-supereffective|p1a: Retarded fella
|-damage|p1a: Retarded fella|86\/394
|move|p1a: Retarded fella|Slack Off|p1a: Retarded fella
|-heal|p1a: Retarded fella|283\/394
|
|turn|27
|c|âJoeTheCondor|this next one better lower Def or i am going to cry
|
|move|p2a: Tyranitar|Crunch|p1a: Retarded fella
|-supereffective|p1a: Retarded fella
|-damage|p1a: Retarded fella|137\/394
|move|p1a: Retarded fella|Slack Off|p1a: Retarded fella
|-heal|p1a: Retarded fella|334\/394
|
|turn|28
|
|move|p2a: Tyranitar|Crunch|p1a: Retarded fella
|-supereffective|p1a: Retarded fella
|-damage|p1a: Retarded fella|188\/394
|move|p1a: Retarded fella|Calm Mind|p1a: Retarded fella
|-boost|p1a: Retarded fella|spa|1
|-boost|p1a: Retarded fella|spd|1
|
|turn|29
|
|move|p2a: Tyranitar|Crunch|p1a: Retarded fella
|-supereffective|p1a: Retarded fella
|-damage|p1a: Retarded fella|48\/394
|move|p1a: Retarded fella|Slack Off|p1a: Retarded fella
|-heal|p1a: Retarded fella|245\/394
|
|turn|30
|c|âLouisxd|cry imo
|
|move|p2a: Tyranitar|Crunch|p1a: Retarded fella
|-supereffective|p1a: Retarded fella
|-damage|p1a: Retarded fella|105\/394
|move|p1a: Retarded fella|Slack Off|p1a: Retarded fella
|-heal|p1a: Retarded fella|302\/394
|
|turn|31
|
|move|p2a: Tyranitar|Crunch|p1a: Retarded fella
|-supereffective|p1a: Retarded fella
|-damage|p1a: Retarded fella|150\/394
|move|p1a: Retarded fella|Slack Off|p1a: Retarded fella
|-heal|p1a: Retarded fella|347\/394
|
|turn|32
|c|âJoeTheCondor|so sad
|
|move|p2a: Tyranitar|Crunch|p1a: Retarded fella
|-supereffective|p1a: Retarded fella
|-damage|p1a: Retarded fella|185\/394
|move|p1a: Retarded fella|Slack Off|p1a: Retarded fella
|-heal|p1a: Retarded fella|382\/394
|
|turn|33
|c|âLouisxd|im guna pp stall you
|c|âLouisxd|!data crunch
|c|~|\/data-move Crunch

|c|âLouisxd|nah
|c|âJoeTheCondor|well i got 13 left can i get a defence drop!
|
|move|p2a: Tyranitar|Crunch|p1a: Retarded fella
|-supereffective|p1a: Retarded fella
|-damage|p1a: Retarded fella|242\/394
|move|p1a: Retarded fella|Calm Mind|p1a: Retarded fella
|-boost|p1a: Retarded fella|spa|1
|-boost|p1a: Retarded fella|spd|1
|
|turn|34
|
|move|p2a: Tyranitar|Crunch|p1a: Retarded fella
|-supereffective|p1a: Retarded fella
|-damage|p1a: Retarded fella|102\/394
|move|p1a: Retarded fella|Slack Off|p1a: Retarded fella
|-heal|p1a: Retarded fella|299\/394
|
|turn|35
|
|move|p2a: Tyranitar|Crunch|p1a: Retarded fella
|-supereffective|p1a: Retarded fella
|-damage|p1a: Retarded fella|141\/394
|move|p1a: Retarded fella|Slack Off|p1a: Retarded fella
|-heal|p1a: Retarded fella|338\/394
|
|turn|36
|
|move|p2a: Tyranitar|Crunch|p1a: Retarded fella
|-supereffective|p1a: Retarded fella
|-damage|p1a: Retarded fella|194\/394
|move|p1a: Retarded fella|Slack Off|p1a: Retarded fella
|-heal|p1a: Retarded fella|391\/394
|
|turn|37
|
|move|p2a: Tyranitar|Crunch|p1a: Retarded fella
|-supereffective|p1a: Retarded fella
|-damage|p1a: Retarded fella|239\/394
|move|p1a: Retarded fella|Scald|p2a: Tyranitar
|-supereffective|p2a: Tyranitar
|-damage|p2a: Tyranitar|0 fnt
|faint|p2a: Tyranitar
|
|
|switch|p2a: Garchomp|Garchomp, F|358\/358
|-damage|p2a: Garchomp|336\/358|[from] Stealth Rock
|turn|38
|
|move|p2a: Garchomp|Earthquake|p1a: Retarded fella
|-damage|p1a: Retarded fella|151\/394
|move|p1a: Retarded fella|Slack Off|p1a: Retarded fella
|-heal|p1a: Retarded fella|348\/394
|
|turn|39
|
|move|p2a: Garchomp|Earthquake|p1a: Retarded fella
|-damage|p1a: Retarded fella|263\/394
|move|p1a: Retarded fella|Calm Mind|p1a: Retarded fella
|-boost|p1a: Retarded fella|spa|1
|-boost|p1a: Retarded fella|spd|1
|
|turn|40
|c|âJoeTheCondor|gg
|c|âLouisxd|gg
|
|move|p2a: Garchomp|Earthquake|p1a: Retarded fella
|-damage|p1a: Retarded fella|173\/394
|move|p1a: Retarded fella|Calm Mind|p1a: Retarded fella
|-boost|p1a: Retarded fella|spa|1
|-boost|p1a: Retarded fella|spd|1
|
|turn|41
|
|move|p2a: Garchomp|Earthquake|p1a: Retarded fella
|-damage|p1a: Retarded fella|92\/394
|move|p1a: Retarded fella|Slack Off|p1a: Retarded fella
|-heal|p1a: Retarded fella|289\/394
|
|turn|42
|
|move|p2a: Garchomp|Earthquake|p1a: Retarded fella
|-damage|p1a: Retarded fella|198\/394
|move|p1a: Retarded fella|Slack Off|p1a: Retarded fella
|-heal|p1a: Retarded fella|394\/394
|
|turn|43
|
|move|p2a: Garchomp|Earthquake|p1a: Retarded fella
|-damage|p1a: Retarded fella|310\/394
|move|p1a: Retarded fella|Scald|p2a: Garchomp
|-crit|p2a: Garchomp
|-damage|p2a: Garchomp|0 fnt
|faint|p2a: Garchomp
|
|
|switch|p2a: Charizard|Charizard-Mega-Y, F|149\/297
|-damage|p2a: Charizard|1\/297|[from] Stealth Rock
|-weather|SunnyDay
|turn|44
|
|move|p2a: Charizard|Solar Beam|p1a: Retarded fella|[still]
|-prepare|p2a: Charizard|Solar Beam|p1a: Retarded fella
|-anim|p2a: Charizard|Solar Beam|p1a: Retarded fella
|-supereffective|p1a: Retarded fella
|-damage|p1a: Retarded fella|208\/394
|move|p1a: Retarded fella|Scald|p2a: Charizard
|-supereffective|p2a: Charizard
|-damage|p2a: Charizard|0 fnt
|faint|p2a: Charizard
|
|-weather|SunnyDay|[upkeep]
|
|switch|p2a: Landorus-Therian|Landorus-Therian, M|234\/320
|-damage|p2a: Landorus-Therian|194\/320|[from] Stealth Rock
|-ability|p2a: Landorus-Therian|Intimidate|[of] p1a: Retarded fella
|-unboost|p1a: Retarded fella|atk|1
|turn|45
|
|move|p2a: Landorus-Therian|U-turn|p1a: Retarded fella
|-supereffective|p1a: Retarded fella
|-damage|p1a: Retarded fella|130\/394
|
|switch|p2a: Greninja|Greninja, F|150\/285
|-damage|p2a: Greninja|115\/285|[from] Stealth Rock
|move|p1a: Retarded fella|Slack Off|p1a: Retarded fella
|-heal|p1a: Retarded fella|327\/394
|
|-weather|SunnyDay|[upkeep]
|turn|46
|
|move|p2a: Greninja|Dark Pulse|p1a: Retarded fella
|-start|p2a: Greninja|typechange|Dark|[from] Protean
|-supereffective|p1a: Retarded fella
|-damage|p1a: Retarded fella|259\/394
|cant|p1a: Retarded fella|flinch
|
|-weather|SunnyDay|[upkeep]
|turn|47
|
|move|p2a: Greninja|Dark Pulse|p1a: Retarded fella
|-supereffective|p1a: Retarded fella
|-damage|p1a: Retarded fella|185\/394
|move|p1a: Retarded fella|Scald|p2a: Greninja
|-damage|p2a: Greninja|0 fnt
|faint|p2a: Greninja
|
|-weather|SunnyDay|[upkeep]
|c|âLouisxd|t_t
|
|switch|p2a: Landorus-Therian|Landorus-Therian, M|194\/320
|-damage|p2a: Landorus-Therian|154\/320|[from] Stealth Rock
|-ability|p2a: Landorus-Therian|Intimidate|[of] p1a: Retarded fella
|-unboost|p1a: Retarded fella|atk|1
|turn|48
|c|âLouisxd|no more slack offs lel
|
|move|p2a: Landorus-Therian|Earthquake|p1a: Retarded fella
|-damage|p1a: Retarded fella|101\/394
|move|p1a: Retarded fella|Scald|p2a: Landorus-Therian
|-supereffective|p2a: Landorus-Therian
|-damage|p2a: Landorus-Therian|0 fnt
|faint|p2a: Landorus-Therian
|
|win|Louisxd
|raw|Ladder updating...
|c|âLouisxd|gg
|raw|Louisxd's rating: 1444 &rarr; <strong>1464<\/strong><br \/>(+20 for winning)
|raw|JoeTheCondor's rating: 1440 &rarr; <strong>1420<\/strong><br \/>(-20 for losing)