|join|Louisxd
|join|raiderrocker18
|join|MewtheEnigma
|join|VanilliteCone
|join|Soul M8
|join|Frickett
|join|Rooo
|join|bforrester16
|player|p1|Louisxd|165
|player|p2|raiderrocker18|102
|gametype|singles
|gen|6
|tier|OU
|clearpoke
|poke|p1|Scizor, M
|poke|p1|Slowbro, M
|poke|p1|Landorus, M
|poke|p1|Latios, M
|poke|p1|Keldeo
|poke|p1|Heatran, M
|poke|p2|Volcarona, F
|poke|p2|Diancie
|poke|p2|Dugtrio, F
|poke|p2|Zapdos
|poke|p2|Amoonguss, F
|poke|p2|Slowbro, F
|rule|Swagger Clause: Swagger is banned
|rule|Baton Pass Clause: Limit one PokÃ©mon knowing Baton Pass
|rule|Sleep Clause Mod: Limit one foe put to sleep
|rule|Species Clause: Limit one of each PokÃ©mon
|rule|OHKO Clause: OHKO moves are banned
|rule|Moody Clause: Moody is banned
|rule|Evasion Moves Clause: Evasion moves are banned
|rule|Endless Battle Clause: Forcing endless battles is banned
|rule|HP Percentage Mod: HP is shown in percentages
|teampreview
|c|âraiderrocker18|gl hf
|join|rutest123
|join|JuanKPaniagua
|join|talonphlegm
|join|Oouska Wizard
|c|âraiderrocker18|brb, dont start timer
|c| Soul M8|i spy a gravity landorus
|c|âLouisxd|u2
|c|âraiderrocker18|like 2 min
|join|Hax Is BullShiTTT
|c|âLouisxd|ok
|join|oreos taste good
|c|âLouisxd|im gona start complaining about dugtrio then
|c|âLouisxd|;_;
|join|FathaFingLing
|c| Rooo|nice, guys take your cereals
|c| MewtheEnigma|2fast4u?
|join|trillyntruly
|join|qwertyuiop12321
|join|Sarah Phoenix
|c| qwertyuiop12321|dugtrio... yet no serp to be seen
|c| qwertyuiop12321|or whimsicott
|c| Soul M8|\/me grabs popcorn
|c| FathaFingLing|xD
|c|âraiderrocker18|arite im here
|
|start
|switch|p1a: Sakuragi|Landorus, M|319\/319
|switch|p2a: Zapdos|Zapdos|384\/384
|-ability|p2a: Zapdos|Pressure
|turn|1
|
|move|p1a: Sakuragi|Stealth Rock|p2a: Zapdos
|-sidestart|p2: raiderrocker18|move: Stealth Rock
|move|p2a: Zapdos|Heat Wave|p1a: Sakuragi
|-damage|p1a: Sakuragi|204\/319
|
|turn|2
|join|jonj9292
|leave|qwertyuiop12321
|leave|FathaFingLing
|
|move|p1a: Sakuragi|Psychic|p2a: Zapdos
|-damage|p2a: Zapdos|209\/384
|move|p2a: Zapdos|Defog|p1a: Sakuragi
|-unboost|p1a: Sakuragi|evasion|1
|-sideend|p2: raiderrocker18|Stealth Rock|[from] move: Defog|[of] p2a: Zapdos
|
|-heal|p2a: Zapdos|233\/384|[from] item: Leftovers
|turn|3
|
|switch|p1a: Pluto|Heatran, M|385\/385
|move|p2a: Zapdos|Heat Wave|p1a: Pluto
|-start|p1a: Pluto|ability: Flash Fire
|
|-heal|p2a: Zapdos|257\/384|[from] item: Leftovers
|turn|4
|join|Trafflaw
|
|switch|p1a: Edward Elric|Scizor, M|343\/343
|move|p2a: Zapdos|Discharge|p1a: Edward Elric
|-damage|p1a: Edward Elric|223\/343
|
|-heal|p2a: Zapdos|281\/384|[from] item: Leftovers
|turn|5
|
|switch|p1a: Hikari Picasso|Latios, M|301\/301
|move|p2a: Zapdos|Heat Wave|p1a: Hikari Picasso
|-resisted|p1a: Hikari Picasso
|-damage|p1a: Hikari Picasso|261\/301
|
|-heal|p2a: Zapdos|305\/384|[from] item: Leftovers
|turn|6
|
|move|p1a: Hikari Picasso|Trick|p2a: Zapdos
|-activate|p1a: Hikari Picasso|move: Trick|[of] p2a: Zapdos
|-item|p2a: Zapdos|Choice Scarf|[from] move: Trick
|-item|p1a: Hikari Picasso|Leftovers|[from] move: Trick
|move|p2a: Zapdos|Defog|p1a: Hikari Picasso
|-unboost|p1a: Hikari Picasso|evasion|1
|
|-heal|p1a: Hikari Picasso|279\/301|[from] item: Leftovers
|turn|7
|leave|Hax Is BullShiTTT
|c|âraiderrocker18|damn
|c|âraiderrocker18|and i meant roost
|c|âraiderrocker18|lol
|c| Soul M8|not bad
|
|switch|p2a: Slowbro|Slowbro, F|393\/393
|switch|p1a: Sakuragi|Landorus, M|204\/319
|
|turn|8
|leave|Frickett
|c|âraiderrocker18|well, scarf zapdos can at least handle keldeo
|c|âraiderrocker18|so theres that
|
|switch|p1a: Hikaru|Slowbro, M|394\/394
|move|p2a: Slowbro|Scald|p1a: Hikaru
|-resisted|p1a: Hikaru
|-damage|p1a: Hikaru|312\/394
|-status|p1a: Hikaru|brn
|
|-heal|p1a: Hikaru|336\/394 brn|[from] item: Leftovers
|-damage|p1a: Hikaru|287\/394 brn|[from] brn
|turn|9
|join|Lok'tar
|join|Asterat
|
|switch|p2a: Amoonguss|Amoonguss, F|432\/432
|move|p1a: Hikaru|Thunder Wave|p2a: Amoonguss
|-status|p2a: Amoonguss|par
|
|-heal|p1a: Hikaru|311\/394 brn|[from] item: Leftovers
|-damage|p1a: Hikaru|262\/394 brn|[from] brn
|turn|10
|c| bforrester16|speed demon right there
|leave|Asterat
|
|switch|p1a: Pluto|Heatran, M|385\/385
|move|p2a: Amoonguss|Spore|p1a: Pluto
|-status|p1a: Pluto|slp
|
|turn|11
|
|switch|p2a: LOL Heatran|Dugtrio, F|201\/201
|cant|p1a: Pluto|slp
|
|turn|12
|c|âLouisxd|lol
|c| bforrester16|sigh
|
|move|p2a: LOL Heatran|Earthquake|p1a: Pluto
|-supereffective|p1a: Pluto
|-damage|p1a: Pluto|0 fnt
|faint|p1a: Pluto
|
|c| Oouska Wizard|The perfect name
|c|âraiderrocker18|^
|
|switch|p1a: Meiko|Keldeo|323\/323
|turn|13
|c| Soul M8|^
|
|move|p2a: LOL Heatran|Stealth Rock|p1a: Meiko
|-sidestart|p1: Louisxd|move: Stealth Rock
|move|p1a: Meiko|Substitute|p1a: Meiko
|-start|p1a: Meiko|Substitute
|-damage|p1a: Meiko|243\/323
|
|-heal|p1a: Meiko|263\/323|[from] item: Leftovers
|turn|14
|
|move|p2a: LOL Heatran|Earthquake|p1a: Meiko
|-end|p1a: Meiko|Substitute
|move|p1a: Meiko|Scald|p2a: LOL Heatran
|-supereffective|p2a: LOL Heatran
|-enditem|p2a: LOL Heatran|Focus Sash
|-damage|p2a: LOL Heatran|1\/201
|
|-heal|p1a: Meiko|283\/323|[from] item: Leftovers
|turn|15
|c| trillyntruly|nice burn
|c| Soul M8|burrrrn
|c| Soul M8|aww
|
|move|p2a: LOL Heatran|Memento|p1a: Meiko
|-unboost|p1a: Meiko|atk|2
|-unboost|p1a: Meiko|spa|2
|faint|p2a: LOL Heatran
|move|p1a: Meiko|Scald|p2: LOL Heatran|[notarget]
|-notarget
|
|-heal|p1a: Meiko|303\/323|[from] item: Leftovers
|
|switch|p2a: Volcarona|Volcarona, F|329\/329
|turn|16
|c| bforrester16|dang whatchu got for this
|
|move|p1a: Meiko|Calm Mind|p1a: Meiko
|-boost|p1a: Meiko|spa|1
|-boost|p1a: Meiko|spd|1
|move|p2a: Volcarona|Quiver Dance|p2a: Volcarona
|-boost|p2a: Volcarona|spa|1
|-boost|p2a: Volcarona|spd|1
|-boost|p2a: Volcarona|spe|1
|
|-heal|p1a: Meiko|323\/323|[from] item: Leftovers
|turn|17
|c|âraiderrocker18|heatran
|c|âraiderrocker18|lol
|c| trillyntruly|set up a sub. he just bluffin giga drain
|c| Soul M8|oh sheeet
|join|UnderLoaf
|
|move|p2a: Volcarona|Giga Drain|p1a: Meiko
|-supereffective|p1a: Meiko
|-damage|p1a: Meiko|111\/323
|move|p1a: Meiko|Calm Mind|p1a: Meiko
|-boost|p1a: Meiko|spa|1
|-boost|p1a: Meiko|spd|1
|
|-heal|p1a: Meiko|131\/323|[from] item: Leftovers
|turn|18
|c| trillyntruly|dat aint no bluff'
|c| Soul M8|shrekt
|c| MewtheEnigma|the draining is real
|c|âraiderrocker18|just dont crit me
|
|move|p2a: Volcarona|Giga Drain|p1a: Meiko
|-supereffective|p1a: Meiko
|-damage|p1a: Meiko|0 fnt
|faint|p1a: Meiko
|
|c|âraiderrocker18|or that
|c| Soul M8|wait ru lum or something?
|c| trillyntruly|looks like game?
|c|âraiderrocker18|i had passho berry anyway
|c| Soul M8|wtf
|c| jonj9292|BALKARONA is too powerful
|c| Soul M8|oh
|c| Soul M8|ur passho
|
|switch|p1a: Sakuragi|Landorus, M|204\/319
|-damage|p1a: Sakuragi|165\/319|[from] Stealth Rock
|turn|19
|c| trillyntruly|oh ya dats game
|c|âraiderrocker18|inb4 scarf SR landorus
|c| trillyntruly|dis better be scarf lando
|
|move|p2a: Volcarona|Fiery Dance|p1a: Sakuragi
|-damage|p1a: Sakuragi|0 fnt
|-boost|p2a: Volcarona|spa|1
|faint|p1a: Sakuragi
|
|c| bforrester16|welp
|
|switch|p1a: Hikari Picasso|Latios, M|279\/301
|-damage|p1a: Hikari Picasso|242\/301|[from] Stealth Rock
|turn|20
|c|âLouisxd|lol fiery dance sprite
|c| bforrester16|ggs
|c|âLouisxd|is funny now
|c|âLouisxd|gg
|
|move|p2a: Volcarona|Bug Buzz|p1a: Hikari Picasso
|-supereffective|p1a: Hikari Picasso
|-damage|p1a: Hikari Picasso|0 fnt
|faint|p1a: Hikari Picasso
|
|c| Soul M8|sweeep time
|c| Soul M8|i like dugtrio+volcarona
|
|switch|p1a: Edward Elric|Scizor, M|223\/343
|-damage|p1a: Edward Elric|181\/343|[from] Stealth Rock
|turn|21
|c| VanilliteCone|volc is a beast, damn
|c| Soul M8|might use it for my DH
|c| bforrester16|the strategy worked
|
|detailschange|p1a: Edward Elric|Scizor-Mega, M
|-mega|p1a: Edward Elric|Scizor|Scizorite
|move|p2a: Volcarona|Fiery Dance|p1a: Edward Elric
|-supereffective|p1a: Edward Elric
|-damage|p1a: Edward Elric|0 fnt
|-boost|p2a: Volcarona|spa|1
|faint|p1a: Edward Elric
|
|c| trillyntruly|i love volc but i feel like
|c| trillyntruly|it's the quintessential noob mon
|c|âraiderrocker18|gg fren
|c| trillyntruly|it's on every low ladder team
|c| Soul M8|quintessential noob?
|
|switch|p1a: Hikaru|Slowbro, M|393\/394 brn
|-damage|p1a: Hikaru|344\/394 brn|[from] Stealth Rock
|turn|22
|c| Soul M8|u could run fire blast>fiery dance
|c| trillyntruly|every battle spot player of all time
|c| Soul M8|since fiery dance at +1 doesnt ohko landorus-t
|c| trillyntruly|runs a volc
|c|âraiderrocker18|i could
|
|move|p2a: Volcarona|Quiver Dance|p2a: Volcarona
|-boost|p2a: Volcarona|spa|1
|-boost|p2a: Volcarona|spd|1
|-boost|p2a: Volcarona|spe|1
|move|p1a: Hikaru|Thunder Wave|p2a: Volcarona
|-status|p2a: Volcarona|par
|
|-heal|p1a: Hikaru|368\/394 brn|[from] item: Leftovers
|-damage|p1a: Hikaru|319\/394 brn|[from] brn
|turn|23
|c|âraiderrocker18|+1 fire blast kills scarf Lando-T
|c|âraiderrocker18|yeah
|c| Sarah Phoenix|volc is garbage without proper support
|leave|Trafflaw
|c|âraiderrocker18|ive thought about it
|c| Soul M8|its not garbage
|
|move|p2a: Volcarona|Bug Buzz|p1a: Hikaru
|-supereffective|p1a: Hikaru
|-damage|p1a: Hikaru|0 fnt
|faint|p1a: Hikaru
|
|win|raiderrocker18
|c|âraiderrocker18|but inaccuracy
|c| Soul M8|lol gg