|join|Mistaken
|join|Louisxd
|join|they call me kanye
|join|sweep n' creep
|join|uranium74
|join|MewtheEnigma
|join|BaconFlavorD
|join|VanilliteCone
|join|235cterwg
|join|RCC Treinador
|join|Trafflaw
|player|p1|Mistaken|264
|player|p2|Louisxd|165
|gametype|singles
|gen|6
|tier|OU
|clearpoke
|poke|p1|Garchomp, M
|poke|p1|Thundurus, M
|poke|p1|Azumarill, M
|poke|p1|Landorus-Therian, M
|poke|p1|Bisharp, F
|poke|p1|Metagross, shiny
|poke|p2|Scizor, M
|poke|p2|Slowbro, M
|poke|p2|Landorus, M
|poke|p2|Latios, M
|poke|p2|Keldeo
|poke|p2|Heatran, M
|rule|Swagger Clause: Swagger is banned
|rule|Baton Pass Clause: Limit one PokÃ©mon knowing Baton Pass
|rule|Sleep Clause Mod: Limit one foe put to sleep
|rule|Species Clause: Limit one of each PokÃ©mon
|rule|OHKO Clause: OHKO moves are banned
|rule|Moody Clause: Moody is banned
|rule|Evasion Moves Clause: Evasion moves are banned
|rule|Endless Battle Clause: Forcing endless battles is banned
|rule|HP Percentage Mod: HP is shown in percentages
|teampreview
|join|altei
|join|Oouska Wizard
|join|xTraSmallDick
|leave|BaconFlavorD
|join|Vrin
|join|o0DYL4N0o
|join|SayWeCanFly
|leave|xTraSmallDick
|join|Gghhh
|join|abcdefghitony
|join|king of spycrabs
|join|Almighty Sa
|join|hide rock
|
|start
|switch|p1a: Uncle Iro|Garchomp, M|357\/357
|switch|p2a: Meiko|Keldeo|323\/323
|turn|1
|
|move|p2a: Meiko|Scald|p1a: Uncle Iro
|-damage|p1a: Uncle Iro|173\/357
|move|p1a: Uncle Iro|Stealth Rock|p2a: Meiko
|-sidestart|p2: Louisxd|move: Stealth Rock
|
|turn|2
|join|yiyiddd
|
|move|p2a: Meiko|Scald|p1a: Uncle Iro
|-damage|p1a: Uncle Iro|0 fnt
|faint|p1a: Uncle Iro
|
|
|switch|p1a: Azula|Azumarill, M|350\/350
|turn|3
|join|Siliga
|
|switch|p2a: Edward Elric|Scizor, M|343\/343
|-damage|p2a: Edward Elric|301\/343|[from] Stealth Rock
|move|p1a: Azula|Superpower|p2a: Edward Elric
|-damage|p2a: Edward Elric|40\/343
|-unboost|p1a: Azula|atk|1
|-unboost|p1a: Azula|def|1
|
|turn|4
|c|âLouisxd|lol
|leave|Trafflaw
|
|detailschange|p2a: Edward Elric|Scizor-Mega, M
|-mega|p2a: Edward Elric|Scizor|Scizorite
|move|p2a: Edward Elric|Roost|p2a: Edward Elric
|-heal|p2a: Edward Elric|212\/343
|move|p1a: Azula|Superpower|p2a: Edward Elric
|-damage|p2a: Edward Elric|86\/343
|-unboost|p1a: Azula|atk|1
|-unboost|p1a: Azula|def|1
|
|turn|5
|c|âLouisxd|i dont even have ferrothorn
|join|ForumBeta
|c|âMistaken|true
|
|switch|p1a: Zeus|Thundurus, M|299\/299
|move|p2a: Edward Elric|Roost|p2a: Edward Elric
|-heal|p2a: Edward Elric|258\/343
|
|turn|6
|c|âMistaken|but you do have heatran
|join|CopyPast
|c| SayWeCanFly|but
|c| SayWeCanFly|why would you switch heatran
|c| SayWeCanFly|into azu
|
|move|p1a: Zeus|Thunderbolt|p2a: Edward Elric
|-damage|p2a: Edward Elric|75\/343
|-damage|p1a: Zeus|270\/299|[from] item: Life Orb
|move|p2a: Edward Elric|U-turn|p1a: Zeus
|-resisted|p1a: Zeus
|-damage|p1a: Zeus|180\/299
|join|xTraSmallDick
|c| Almighty Sa|chokeseason
|
|switch|p2a: Pluto|Heatran, M|385\/385
|-damage|p2a: Pluto|337\/385|[from] Stealth Rock
|
|-heal|p2a: Pluto|361\/385|[from] item: Leftovers
|turn|7
|c| Almighty Sa|reveal SP
|leave|altei
|
|switch|p2a: Hikari Picasso|Latios, M|301\/301
|-damage|p2a: Hikari Picasso|264\/301|[from] Stealth Rock
|move|p1a: Zeus|Focus Blast|p2a: Hikari Picasso
|-resisted|p2a: Hikari Picasso
|-damage|p2a: Hikari Picasso|178\/301
|-damage|p1a: Zeus|151\/299|[from] item: Life Orb
|
|turn|8
|join|Soul M8
|c| Almighty Sa|Louis in a clutch
|
|switch|p1a: TOPH|Metagross, shiny|301\/301
|move|p2a: Hikari Picasso|Draco Meteor|p1a: TOPH
|-resisted|p1a: TOPH
|-damage|p1a: TOPH|172\/301
|-unboost|p2a: Hikari Picasso|spa|2
|
|turn|9
|c| Almighty Sa|reveal pursuit
|c| Almighty Sa|and instantly win the gam
|c| Soul M8|lol
|c|âLouisxd|that would be nasty
|
|switch|p2a: Hikaru|Slowbro, M|394\/394
|-damage|p2a: Hikaru|345\/394|[from] Stealth Rock
|switch|p1a: Zeus|Thundurus, M|151\/299
|
|-heal|p2a: Hikaru|369\/394|[from] item: Leftovers
|turn|10
|c| Soul M8|reveal eq latios
|c| Almighty Sa|OH
|c| Soul M8|not bad
|c| ForumBeta|nice play
|join|Fizz on my Jayce
|
|switch|p2a: Sakuragi|Landorus, M|319\/319
|-damage|p2a: Sakuragi|280\/319|[from] Stealth Rock
|move|p1a: Zeus|Thunderbolt|p2a: Sakuragi
|-immune|p2a: Sakuragi|[msg]
|
|turn|11
|c| Almighty Sa|gross obv does not have grass knot then
|c|âMistaken|reveal scarf
|c|âMistaken|plz
|c| Almighty Sa|wich means slowbro will wall it
|c|âMistaken|i need a laugh
|
|switch|p2a: Pluto|Heatran, M|361\/385
|-damage|p2a: Pluto|313\/385|[from] Stealth Rock
|move|p1a: Zeus|Hidden Power|p2a: Pluto
|-resisted|p2a: Pluto
|-damage|p2a: Pluto|291\/385
|-damage|p1a: Zeus|122\/299|[from] item: Life Orb
|
|-heal|p2a: Pluto|315\/385|[from] item: Leftovers
|turn|12
|c| Almighty Sa|Mistaken needs 2 make plays
|c|âMistaken|not the best match up for me
|c|âMistaken|ill see what i can do
|c| Almighty Sa|U losin momentum
|join|Alvadora
|c|âMistaken|alvadora :D
|join|Char-les W.
|c| Alvadora|MISTAKEN SENPAI
|c|âMistaken|my name is 1 above you
|c|âMistaken|im so proud
|c| Alvadora|lol
|c|âLouisxd|ic a miss
|join|Bluwing
|
|switch|p1a: Azula|Azumarill, M|350\/350
|move|p2a: Pluto|Magma Storm|p1a: Azula
|-resisted|p1a: Azula
|-damage|p1a: Azula|274\/350
|-activate|p1a: Azula|move: Magma Storm|[of] p2a: Pluto
|
|-heal|p2a: Pluto|339\/385|[from] item: Leftovers
|-damage|p1a: Azula|231\/350|[from] move: Magma Storm|[partiallytrapped]
|turn|13
|c|âMistaken|im gonna choke
|c|âMistaken|rn
|c| Almighty Sa|Oh
|c| Alvadora|imma get to my Alkov or alvok alt
|c| Alvadora|that is at 1760 ? :]
|c| Almighty Sa|10 swagpoints for magma storm
|join|l123
|c| Alkov|ayyy
|
|switch|p2a: Hikaru|Slowbro, M|394\/394
|-damage|p2a: Hikaru|345\/394|[from] Stealth Rock
|move|p1a: Azula|Waterfall|p2a: Hikaru
|-resisted|p2a: Hikaru
|-damage|p2a: Hikaru|262\/394
|
|-heal|p2a: Hikaru|286\/394|[from] item: Leftovers
|-end|p1a: Azula|Magma Storm|[partiallytrapped]
|turn|14
|c| Alkov|not 1 above me now
|c|âMistaken|what you talking about
|leave|CopyPast
|c| Alkov|the ladder
|leave|SayWeCanFly
|join|Nibor
|c|âMistaken|69	mistaken	1700	77.9	1738 Â± 25	--
|c|âMistaken|70	Alvadora
|c| Alkov|nop
|c| Alkov|im Alkov
|join|terra olympus
|c| Alkov|not alvadora ;]
|c|âMistaken|stfu
|c|âMistaken|ass
|c| Alkov|looool
|c| Alkov|25	Alvok	1770	82.9	1797 Â± 32	--
|c|âMistaken|STFU
|c| Alkov|26	Alkov	1764	82.3	1790 Â± 27	--
|c| Alkov|easy
|
|switch|p1a: TOPH|Metagross, shiny|172\/301
|move|p2a: Hikaru|Scald|p1a: TOPH
|-damage|p1a: TOPH|69\/301
|
|-heal|p2a: Hikaru|310\/394|[from] item: Leftovers
|turn|15
|c| Alkov|25 and 26
|c| Char-les W.|burn!
|c| Alkov|what is life
|c|âMistaken|yeah
|c| Char-les W.|course
|
|detailschange|p1a: TOPH|Metagross-Mega, shiny
|-mega|p1a: TOPH|Metagross|Metagrossite
|move|p1a: TOPH|Meteor Mash|p2a: Hikaru
|-resisted|p2a: Hikaru
|-damage|p2a: Hikaru|233\/394
|move|p2a: Hikaru|Scald|p1a: TOPH
|-damage|p1a: TOPH|0 fnt
|faint|p1a: TOPH
|
|-heal|p2a: Hikaru|257\/394|[from] item: Leftovers
|c|âMistaken|idc about this game
|
|switch|p1a: Son of a Bish|Bisharp, F|271\/271
|turn|16
|c| Nibor|i thought gras knot was coming
|c| Almighty Sa|might aswell forfit
|join|Rooo
|c|âMistaken|i dont forfeit
|c| Almighty Sa|u did on ladder
|c| Alkov|looool
|c|âMistaken|actually i do forfeit
|c|âMistaken|all the time
|c|âMistaken|but not the point
|c| Alkov|is that heatran scarfed or something?
|
|move|p1a: Son of a Bish|Knock Off|p2a: Hikaru
|-supereffective|p2a: Hikaru
|-damage|p2a: Hikaru|0 fnt
|-enditem|p2a: Hikaru|Leftovers|[from] move: Knock Off|[of] p1a: Son of a Bish
|-damage|p1a: Son of a Bish|244\/271|[from] item: Life Orb
|faint|p2a: Hikaru
|
|raw|<div class="broadcast-red"><b>Moderated chat was set to +!<\/b><br \/>Only users of rank + and higher can talk.<\/div>
|c|âMistaken|!roomintro
This room does not have an introduction set.
|c|âLouisxd|no greed
|
|switch|p2a: Pluto|Heatran, M|339\/385
|-damage|p2a: Pluto|291\/385|[from] Stealth Rock
|turn|17
|c|âMistaken|:[
|c|âLouisxd|where is the sd
Alkov was promoted to Room Voice by Mistaken.
|c|+Alkov|kill scarfed tran, thundurus sweep? :]
|c|âMistaken|alkov ur not ghosting well enough
|c|âMistaken|:[
|leave|Char-les W.
|
|switch|p1a: Dogs Out|Landorus-Therian, M|325\/325
|-ability|p1a: Dogs Out|Intimidate|[of] p2a: Pluto
|-unboost|p2a: Pluto|atk|1
|move|p2a: Pluto|Earth Power|p1a: Dogs Out
|-immune|p1a: Dogs Out|[msg]
|
|-heal|p2a: Pluto|315\/385|[from] item: Leftovers
|turn|18
|c|âMistaken|im gonna eq
|c|âMistaken|rn
|c|+Alkov|im a horrible ghoster
|c|âMistaken|totally
|c|+Alkov|im use explosion
|c|+Alkov|imo*
|join|808 & Heartbreak
|c|âMistaken|I'm want to eq tho
|c|âMistaken|I*
|c|+Alkov|then
|c|+Alkov|lets do it
|c|âMistaken|ok
|c|âLouisxd|game changing turn
|c|âLouisxd|:\/
|c|+Alkov|lets go
|c|âMistaken|well my best play is u turn
|c|âMistaken|but thats why i will eq
|c|+Alkov|brb, go and get a game
|c|+Alkov|on my other alt
|c|+Alkov|i cant be below you
|c|+Alkov|:[
|c|âMistaken|lol
|c|âMistaken|no
|c|âMistaken|ill snipe you
|c|âMistaken|rn
|
|move|p1a: Dogs Out|Earthquake|p2a: Pluto
|-supereffective|p2a: Pluto
|-damage|p2a: Pluto|0 fnt
|faint|p2a: Pluto
|
|c|âMistaken|lol the mind games
|leave|Almighty Sa
|leave|hide rock
|join|oreos taste good
|leave|Nibor
|join|Lok'tar
|leave|Rooo
|c|âLouisxd|lol
|
|switch|p2a: Sakuragi|Landorus, M|280\/319
|-damage|p2a: Sakuragi|241\/319|[from] Stealth Rock
|turn|19
|leave|808 & Heartbreak
|c|âLouisxd|my internet didnt like the play i made and went down
|c|âMistaken|is that what they are calling it?
|leave|Gghhh
|c|âLouisxd|am i online
|leave|235cterwg
|c|âLouisxd|but it came back
|
|move|p1a: Dogs Out|Earthquake|p2a: Sakuragi
|-immune|p2a: Sakuragi|[msg]
|move|p2a: Sakuragi|Earth Power|p1a: Dogs Out
|-immune|p1a: Dogs Out|[msg]
|
|turn|20
|
|move|p1a: Dogs Out|Earthquake|p2a: Sakuragi
|-immune|p2a: Sakuragi|[msg]
|move|p2a: Sakuragi|Earth Power|p1a: Dogs Out
|-immune|p1a: Dogs Out|[msg]
|
|turn|21
|c|âMistaken|rock polish already
|c|âLouisxd|do i even have that
|
|move|p1a: Dogs Out|Earthquake|p2a: Sakuragi
|-immune|p2a: Sakuragi|[msg]
|move|p2a: Sakuragi|Stealth Rock|p1a: Dogs Out
|-sidestart|p1: Mistaken|move: Stealth Rock
|
|turn|22
|c|âMistaken|ugh
|c|âMistaken|no fair
|
|move|p1a: Dogs Out|Earthquake|p2a: Sakuragi
|-immune|p2a: Sakuragi|[msg]
|move|p2a: Sakuragi|Earth Power|p1a: Dogs Out
|-immune|p1a: Dogs Out|[msg]
|
|turn|23
|c|âMistaken|just kill me
|c|âMistaken|oml\
|
|move|p1a: Dogs Out|Earthquake|p2a: Sakuragi
|-immune|p2a: Sakuragi|[msg]
|move|p2a: Sakuragi|Earth Power|p1a: Dogs Out
|-immune|p1a: Dogs Out|[msg]
|
|turn|24
|c|âLouisxd|i dont want to
|c|âLouisxd|;_;
|c|âLouisxd|i want you to choke
|c|âLouisxd|switching to azu
|
|move|p1a: Dogs Out|Earthquake|p2a: Sakuragi
|-immune|p2a: Sakuragi|[msg]
|move|p2a: Sakuragi|Psychic|p1a: Dogs Out
|-damage|p1a: Dogs Out|140\/325
|
|turn|25
|c|+Alkov|mistaken
|c|âMistaken|yeah
|c|+Alkov|Falchion12 forfeited.
|c|+Alkov|Falchion12 left
|
|move|p1a: Dogs Out|Earthquake|p2a: Sakuragi
|-immune|p2a: Sakuragi|[msg]
|move|p2a: Sakuragi|Earth Power|p1a: Dogs Out
|-immune|p1a: Dogs Out|[msg]
|
|turn|26
|c|âLouisxd|mistaken
|c|âMistaken|FUCK
|c|âLouisxd|dont make a mistake
|c|+Alkov|Alvadora's rating: 16
|
|switch|p2a: Hikari Picasso|Latios, M|178\/301
|-damage|p2a: Hikari Picasso|141\/301|[from] Stealth Rock
|move|p1a: Dogs Out|Earthquake|p2a: Hikari Picasso
|-immune|p2a: Hikari Picasso|[msg]
|
|turn|27
|c|+Alkov|+20
|c|+Alkov|ez af
|c|+Alkov|free 20 points
|join|daftmau5
|join|Frickett
|join|RedKingAlmighty
|leave|daftmau5
|
|switch|p2a: Sakuragi|Landorus, M|241\/319
|-damage|p2a: Sakuragi|202\/319|[from] Stealth Rock
|move|p1a: Dogs Out|Earthquake|p2a: Sakuragi
|-immune|p2a: Sakuragi|[msg]
|
|turn|28
|
|switch|p2a: Hikari Picasso|Latios, M|141\/301
|-damage|p2a: Hikari Picasso|104\/301|[from] Stealth Rock
|move|p1a: Dogs Out|Earthquake|p2a: Hikari Picasso
|-immune|p2a: Hikari Picasso|[msg]
|
|turn|29
|c|+Alkov|i dont get it
|c|+Alkov|he likes taking SR dmg
|c|+Alkov|for free
|c|+Alkov|go to keldeo, he's going to bisharp this turn
|leave|Bluwing
|
|move|p2a: Hikari Picasso|Roost|p2a: Hikari Picasso
|-heal|p2a: Hikari Picasso|255\/301
|move|p1a: Dogs Out|Earthquake|p2a: Hikari Picasso
|-immune|p2a: Hikari Picasso|[msg]
|
|turn|30
RedKingAlmighty was promoted to Room Voice by Louisxd.
|c|+RedKingAlmighty|**Louisxd**
|c|+RedKingAlmighty|**Louisxd**
|c|+RedKingAlmighty|**Louisxd**
|c|+RedKingAlmighty|**Louisxd**
|c|+RedKingAlmighty|**Louisxd**
|c|+RedKingAlmighty|**Louisxd**
|c|âLouisxd|,,,
|c|+RedKingAlmighty|**Louisxd**
|c|+RedKingAlmighty|**Louisxd**
|c|+Alkov|lol
|
|switch|p2a: Sakuragi|Landorus, M|202\/319
|-damage|p2a: Sakuragi|163\/319|[from] Stealth Rock
|move|p1a: Dogs Out|Earthquake|p2a: Sakuragi
|-immune|p2a: Sakuragi|[msg]
|
|turn|31
|c|+Alkov|wait the latios
|c|+Alkov|is scarfed?
|
|move|p1a: Dogs Out|Earthquake|p2a: Sakuragi
|-immune|p2a: Sakuragi|[msg]
|move|p2a: Sakuragi|Psychic|p1a: Dogs Out
|-damage|p1a: Dogs Out|0 fnt
|faint|p1a: Dogs Out
|
|c|+Alkov|with roost
|c|+Alkov|wut
|c|âMistaken|FINALLY
|c|âMistaken|oml
|c|âLouisxd|lol
|
|switch|p1a: Zeus|Thundurus, M|122\/299
|-damage|p1a: Zeus|48\/299|[from] Stealth Rock
|turn|32
|c|+RedKingAlmighty|so basically
|c|âMistaken|it look me 10+ turns to sack a mon
|c|+RedKingAlmighty|wtf
|c|+RedKingAlmighty|wtf
|c|+RedKingAlmighty|wtf
|c|+RedKingAlmighty|louis
|c|âLouisxd|alright
|c|+RedKingAlmighty|what the fuck
|c|âLouisxd|i saw how i win
|c|+RedKingAlmighty|were u doing
|c|âLouisxd|i dont know
|c|âLouisxd|just killing time
|join|Ill leave
|leave|Soul M8
|c|âLouisxd|as much turns the better
|c|+RedKingAlmighty|and your landorus
|c|+RedKingAlmighty|you do realize barring banded
|
|move|p1a: Zeus|Hidden Power|p2a: Sakuragi
|-supereffective|p2a: Sakuragi
|-damage|p2a: Sakuragi|0 fnt
|-damage|p1a: Zeus|19\/299|[from] item: Life Orb
|faint|p2a: Sakuragi
|
|c|+RedKingAlmighty|lando survives aqua jet at lik
|c|+RedKingAlmighty|85%
|
|switch|p2a: Edward Elric|Scizor-Mega, M|75\/343
|-damage|p2a: Edward Elric|33\/343|[from] Stealth Rock
|turn|33
|c|âLouisxd|i dont need that
|c|+RedKingAlmighty|or 75%
|c|âLouisxd|and its banded
|
|move|p1a: Zeus|Thunder Wave|p2a: Edward Elric
|-status|p2a: Edward Elric|par
|move|p2a: Edward Elric|Bullet Punch|p1a: Zeus
|-resisted|p1a: Zeus
|-damage|p1a: Zeus|0 fnt
|faint|p1a: Zeus
|
|c|+RedKingAlmighty|i can't recall
|c|âMistaken|that was a bad play
|c|âMistaken|i should of tbold
|c|âLouisxd|wouldnt make a difference
|join|snicker testing
|c|âMistaken|I'm losing tis
|leave|they call me kanye
|
|switch|p1a: Son of a Bish|Bisharp, F|244\/271
|-damage|p1a: Son of a Bish|228\/271|[from] Stealth Rock
|turn|34
|c|âMistaken|gonna sd
|c|âMistaken|on ur roost
|join|TeePea
|
|switch|p2a: Meiko|Keldeo|323\/323
|-damage|p2a: Meiko|303\/323|[from] Stealth Rock
|move|p1a: Son of a Bish|Knock Off|p2a: Meiko
|-resisted|p2a: Meiko
|-damage|p2a: Meiko|182\/323
|-boost|p2a: Meiko|atk|1|[from] ability: Justified
|-enditem|p2a: Meiko|Leftovers|[from] move: Knock Off|[of] p1a: Son of a Bish
|-damage|p1a: Son of a Bish|201\/271|[from] item: Life Orb
|
|turn|35
|c|âLouisxd|hm
|c|âLouisxd|now
|c|âLouisxd|am i guna sub
|c|âLouisxd|or attack
|
|switch|p1a: Azula|Azumarill, M|231\/350
|-damage|p1a: Azula|188\/350|[from] Stealth Rock
|move|p2a: Meiko|Secret Sword|p1a: Azula
|-resisted|p1a: Azula
|-damage|p1a: Azula|108\/350
|
|turn|36
|
|switch|p2a: Edward Elric|Scizor-Mega, M|33\/343 par
|-damage|p2a: Edward Elric|0 fnt|[from] Stealth Rock
|faint|p2a: Edward Elric
|move|p1a: Azula|Play Rough|p2: Edward Elric|[notarget]
|-notarget
|
|join|jonj9292
|c|+Alkov|go to lati then double to keldeo cus he'll go to sharp
|join|Trafflaw
|join|hide rock
|join|trillyntruly
|join|The Forever Grunt
|leave|MyLittleDick
|leave|TeePea
|join|Low Ladder Woes
|leave|Vrin
|join|Ox the Box
|c|âLouisxd|noo
|
|switch|p2a: Hikari Picasso|Latios, M|255\/301
|-damage|p2a: Hikari Picasso|218\/301|[from] Stealth Rock
|turn|37
RedKingAlmighty was promoted to Room Voice by Mistaken.
|c|âMistaken|now root for m
|c|âMistaken|e
|c|+RedKingAlmighty|I'd be __mistaken__ to do that
|
|switch|p2a: Meiko|Keldeo|182\/323
|-damage|p2a: Meiko|162\/323|[from] Stealth Rock
|switch|p1a: Son of a Bish|Bisharp, F|201\/271
|-damage|p1a: Son of a Bish|185\/271|[from] Stealth Rock
|
|turn|38
|c|+RedKingAlmighty|gg
|c|+RedKingAlmighty|btw
|c|+Alkov|hahhahahahaha
|c|+Alkov|he really doubled
|c|âMistaken|what was that
|c|âMistaken|ill just crit
|c|âMistaken|np
|c|+Alkov|told you he'll double
|c|+Alkov|pfft
|
|move|p1a: Son of a Bish|Sucker Punch|p2a: Meiko
|-resisted|p2a: Meiko
|-damage|p2a: Meiko|72\/323
|-boost|p2a: Meiko|atk|1|[from] ability: Justified
|-damage|p1a: Son of a Bish|158\/271|[from] item: Life Orb
|move|p2a: Meiko|Secret Sword|p1a: Son of a Bish
|-supereffective|p1a: Son of a Bish
|-damage|p1a: Son of a Bish|0 fnt
|faint|p1a: Son of a Bish
|
|join|235cterwg
|leave|hide rock
|leave|trillyntruly
|c|+RedKingAlmighty|a crit wouldn't have killed lol
|
|switch|p1a: Azula|Azumarill, M|108\/350
|-damage|p1a: Azula|65\/350|[from] Stealth Rock
|turn|39
|c|âLouisxd|gg
|join|rutest123
|c|âLouisxd|that game was intense
|
|move|p1a: Azula|Aqua Jet|p2a: Meiko
|-resisted|p2a: Meiko
|-damage|p2a: Meiko|0 fnt
|faint|p2a: Meiko
|
|c|+RedKingAlmighty|olay, olay olay olllaaay, olaaayyy, olayyy
|leave|The Forever Grunt
|
|switch|p2a: Hikari Picasso|Latios, M|218\/301
|-damage|p2a: Hikari Picasso|181\/301|[from] Stealth Rock
|turn|40
|c|+RedKingAlmighty|supercrit go
|c|âMistaken|CRIT
|c|âLouisxd|gen 1 crit go
|c|âMistaken|go for draco
|
|move|p1a: Azula|Aqua Jet|p2a: Hikari Picasso
|-resisted|p2a: Hikari Picasso
|-damage|p2a: Hikari Picasso|100\/301
|move|p2a: Hikari Picasso|Psyshock|p1a: Azula
|-damage|p1a: Azula|0 fnt
|faint|p1a: Azula
|
|win|Louisxd
|c|âMistaken|imo
|leave|ForumBeta
|c|âMistaken|jj
|leave|rutest123
|leave|Oouska Wizard
|leave|abcdefghitony
|leave|Mistaken
|leave|yiyiddd
|c|+RedKingAlmighty|cool game
|player|p1
|leave|RedKingAlmighty
|leave|RCC Treinador
|leave|Frickett
|leave|Low Ladder Woes
|leave|terra olympus
|leave|MewtheEnigma
|leave|235cterwg
|leave|Ox the Box
|leave|Ill leave
|c|âLouisxd|this game was intense