|join|Louisxd
|join|RadOU
|player|p1|Louisxd|165
|player|p2|RadOU|264
|gametype|singles
|gen|6
|tier|OU (suspect test)
|rated
|clearpoke
|poke|p1|Charizard, M
|poke|p1|Ferrothorn, M
|poke|p1|Sylveon, F
|poke|p1|Zapdos
|poke|p1|Gliscor, M
|poke|p1|Slowbro, M
|poke|p2|Pinsir, M, shiny
|poke|p2|Tyranitar, M
|poke|p2|Clefable, M
|poke|p2|Rotom-Wash, shiny
|poke|p2|Garchomp, M, shiny
|poke|p2|Excadrill, M
|rule|Swagger Clause: Swagger is banned
|rule|Baton Pass Clause: Limit one PokÃ©mon knowing Baton Pass
|rule|Sleep Clause Mod: Limit one foe put to sleep
|rule|Species Clause: Limit one of each PokÃ©mon
|rule|OHKO Clause: OHKO moves are banned
|rule|Moody Clause: Moody is banned
|rule|Evasion Moves Clause: Evasion moves are banned
|rule|Endless Battle Clause: Forcing endless battles is banned
|rule|HP Percentage Mod: HP is reported as percentages
|teampreview
|
|start
|switch|p1a: Drug addicted|Gliscor, M|352\/352
|switch|p2a: Dragon Trash|Garchomp, M, shiny|357\/357
|turn|1
|
|move|p2a: Dragon Trash|Stealth Rock|p1a: Drug addicted
|-sidestart|p1: Louisxd|move: Stealth Rock
|move|p1a: Drug addicted|Toxic|p2a: Dragon Trash
|-status|p2a: Dragon Trash|tox
|
|-damage|p2a: Dragon Trash|335\/357 tox|[from] psn
|-status|p1a: Drug addicted|tox|[from] item: Toxic Orb
|turn|2
|
|move|p2a: Dragon Trash|Outrage|p1a: Drug addicted
|-crit|p1a: Drug addicted
|-damage|p1a: Drug addicted|90\/352 tox
|move|p1a: Drug addicted|Earthquake|p2a: Dragon Trash
|-damage|p2a: Dragon Trash|214\/357 tox
|
|-damage|p2a: Dragon Trash|170\/357 tox|[from] psn
|-heal|p1a: Drug addicted|134\/352 tox|[from] ability: Poison Heal
|turn|3
|
|switch|p1a: Baby Jesus|Sylveon, F|394\/394
|-damage|p1a: Baby Jesus|345\/394|[from] Stealth Rock
|move|p2a: Dragon Trash|Outrage|p1a: Baby Jesus
|-immune|p1a: Baby Jesus|[msg]
|
|-end|p2a: Dragon Trash|rampage
|-start|p2a: Dragon Trash|confusion
|-heal|p1a: Baby Jesus|369\/394|[from] item: Leftovers
|-damage|p2a: Dragon Trash|104\/357 tox|[from] psn
|turn|4
|
|-activate|p2a: Dragon Trash|confusion
|move|p2a: Dragon Trash|Earthquake|p1a: Baby Jesus
|-damage|p1a: Baby Jesus|173\/394
|move|p1a: Baby Jesus|Wish|p1a: Baby Jesus
|
|-heal|p1a: Baby Jesus|197\/394|[from] item: Leftovers
|-damage|p2a: Dragon Trash|16\/357 tox|[from] psn
|turn|5
|
|move|p1a: Baby Jesus|Protect|p1a: Baby Jesus
|-singleturn|p1a: Baby Jesus|Protect
|-activate|p2a: Dragon Trash|confusion
|move|p2a: Dragon Trash|Earthquake|p1a: Baby Jesus
|-activate|p1a: Baby Jesus|Protect
|
|-heal|p1a: Baby Jesus|394\/394|[from] move: Wish|[wisher] Baby Jesus
|-damage|p2a: Dragon Trash|0 fnt|[from] psn
|faint|p2a: Dragon Trash
|
|switch|p2a: Spinning Trash|Excadrill, M|361\/361
|-item|p2a: Spinning Trash|Air Balloon
|turn|6
|
|switch|p1a: Angry Bird|Zapdos|384\/384
|-damage|p1a: Angry Bird|288\/384|[from] Stealth Rock
|-ability|p1a: Angry Bird|Pressure
|move|p2a: Spinning Trash|Iron Head|p1a: Angry Bird
|-resisted|p1a: Angry Bird
|-damage|p1a: Angry Bird|224\/384
|
|-heal|p1a: Angry Bird|248\/384|[from] item: Leftovers
|turn|7
|
|move|p2a: Spinning Trash|Rock Slide|p1a: Angry Bird
|-supereffective|p1a: Angry Bird
|-damage|p1a: Angry Bird|60\/384
|move|p1a: Angry Bird|Defog|p2a: Spinning Trash
|-unboost|p2a: Spinning Trash|evasion|1
|-sideend|p1: Louisxd|Stealth Rock|[from] move: Defog|[of] p1a: Angry Bird
|
|-heal|p1a: Angry Bird|84\/384|[from] item: Leftovers
|turn|8
|
|switch|p1a: Hug me|Ferrothorn, M|352\/352
|move|p2a: Spinning Trash|Rock Slide|p1a: Hug me
|-resisted|p1a: Hug me
|-damage|p1a: Hug me|319\/352
|
|-heal|p1a: Hug me|341\/352|[from] item: Leftovers
|turn|9
|
|switch|p2a: Super Trash|Clefable, M|394\/394
|move|p1a: Hug me|Stealth Rock|p2a: Super Trash
|-sidestart|p2: RadOU|move: Stealth Rock
|
|-heal|p1a: Hug me|352\/352|[from] item: Leftovers
|turn|10
|
|move|p2a: Super Trash|Flamethrower|p1a: Hug me
|-supereffective|p1a: Hug me
|-damage|p1a: Hug me|87\/352
|move|p1a: Hug me|Gyro Ball|p2a: Super Trash
|-supereffective|p2a: Super Trash
|-damage|p2a: Super Trash|196\/394
|
|-heal|p1a: Hug me|109\/352|[from] item: Leftovers
|turn|11
|
|switch|p1a: Charizard|Charizard, M|359\/359
|move|p2a: Super Trash|Flamethrower|p1a: Charizard
|-resisted|p1a: Charizard
|-damage|p1a: Charizard|316\/359
|
|turn|12
|
|detailschange|p1a: Charizard|Charizard-Mega-X, M
|message|Charizard has Mega Evolved into Mega Charizard!
|move|p1a: Charizard|Flare Blitz|p2a: Super Trash
|-damage|p2a: Super Trash|0 fnt
|-damage|p1a: Charizard|251\/359|[from] recoil|[of] p2a: Super Trash
|faint|p2a: Super Trash
|
|
|switch|p2a: Big Trash|Tyranitar, M|391\/391
|-damage|p2a: Big Trash|343\/391|[from] Stealth Rock
|-weather|Sandstorm
|turn|13
|
|move|p1a: Charizard|Will-O-Wisp|p2a: Big Trash
|-status|p2a: Big Trash|brn
|move|p2a: Big Trash|Crunch|p1a: Charizard
|-damage|p1a: Charizard|152\/359
|
|-weather|Sandstorm|[upkeep]
|-damage|p1a: Charizard|130\/359|[from] sandstorm
|-damage|p2a: Big Trash|295\/391 brn|[from] brn
|turn|14
|
|switch|p1a: Baby Jesus|Sylveon, F|394\/394
|switch|p2a: Spinning Trash|Excadrill, M|361\/361
|-damage|p2a: Spinning Trash|350\/361|[from] Stealth Rock
|-item|p2a: Spinning Trash|Air Balloon
|
|-weather|Sandstorm|[upkeep]
|-damage|p1a: Baby Jesus|370\/394|[from] sandstorm
|-heal|p1a: Baby Jesus|394\/394|[from] item: Leftovers
|turn|15
|
|switch|p1a: Retarded fella|Slowbro, M|394\/394
|move|p2a: Spinning Trash|Rapid Spin|p1a: Retarded fella
|-damage|p1a: Retarded fella|374\/394
|-sideend|p2: RadOU|Stealth Rock|[from] move: Rapid Spin|[of] p2a: Spinning Trash
|
|-weather|Sandstorm|[upkeep]
|-damage|p1a: Retarded fella|350\/394|[from] sandstorm
|turn|16
|
|move|p2a: Spinning Trash|Earthquake|p1a: Retarded fella
|-damage|p1a: Retarded fella|203\/394
|move|p1a: Retarded fella|Scald|p2a: Spinning Trash
|-supereffective|p2a: Spinning Trash
|-damage|p2a: Spinning Trash|104\/361
|-enditem|p2a: Spinning Trash|Air Balloon
|
|-weather|Sandstorm|[upkeep]
|-damage|p1a: Retarded fella|179\/394|[from] sandstorm
|turn|17
|
|switch|p1a: Drug addicted|Gliscor, M|134\/352 tox
|move|p2a: Spinning Trash|Earthquake|p1a: Drug addicted
|-immune|p1a: Drug addicted|[msg]
|
|-weather|none
|-heal|p1a: Drug addicted|178\/352 tox|[from] ability: Poison Heal
|turn|18
|
|move|p2a: Spinning Trash|Iron Head|p1a: Drug addicted
|-damage|p1a: Drug addicted|40\/352 tox
|move|p1a: Drug addicted|Roost|p1a: Drug addicted
|-heal|p1a: Drug addicted|216\/352 tox
|
|-heal|p1a: Drug addicted|260\/352 tox|[from] ability: Poison Heal
|turn|19
|
|switch|p2a: Pivot Trash|Rotom-Wash, shiny|304\/304
|move|p1a: Drug addicted|Earthquake|p2a: Pivot Trash
|-immune|p2a: Pivot Trash|[msg]
|
|-heal|p1a: Drug addicted|304\/352 tox|[from] ability: Poison Heal
|turn|20
|
|move|p1a: Drug addicted|Toxic|p2a: Pivot Trash
|-status|p2a: Pivot Trash|tox
|move|p2a: Pivot Trash|Hydro Pump|p1a: Drug addicted
|-supereffective|p1a: Drug addicted
|-damage|p1a: Drug addicted|52\/352 tox
|
|-heal|p1a: Drug addicted|96\/352 tox|[from] ability: Poison Heal
|-damage|p2a: Pivot Trash|285\/304 tox|[from] psn
|turn|21
|
|move|p1a: Drug addicted|Roost|p1a: Drug addicted
|-heal|p1a: Drug addicted|272\/352 tox
|move|p2a: Pivot Trash|Hydro Pump|p1a: Drug addicted
|-supereffective|p1a: Drug addicted
|-damage|p1a: Drug addicted|30\/352 tox
|
|-heal|p2a: Pivot Trash|304\/304 tox|[from] item: Leftovers
|-heal|p1a: Drug addicted|74\/352 tox|[from] ability: Poison Heal
|-damage|p2a: Pivot Trash|266\/304 tox|[from] psn
|turn|22
|
|move|p1a: Drug addicted|Roost|p1a: Drug addicted
|-heal|p1a: Drug addicted|250\/352 tox
|move|p2a: Pivot Trash|Hydro Pump|p1a: Drug addicted
|-supereffective|p1a: Drug addicted
|-damage|p1a: Drug addicted|0 fnt
|faint|p1a: Drug addicted
|
|-heal|p2a: Pivot Trash|285\/304 tox|[from] item: Leftovers
|-damage|p2a: Pivot Trash|228\/304 tox|[from] psn
|
|switch|p1a: Charizard|Charizard-Mega-X, M|130\/359
|turn|23
|
|move|p1a: Charizard|Roost|p1a: Charizard
|-heal|p1a: Charizard|310\/359
|move|p2a: Pivot Trash|Hydro Pump|p1a: Charizard
|-damage|p1a: Charizard|193\/359
|
|-heal|p2a: Pivot Trash|247\/304 tox|[from] item: Leftovers
|-damage|p2a: Pivot Trash|171\/304 tox|[from] psn
|turn|24
|
|switch|p2a: Spinning Trash|Excadrill, M|104\/361
|move|p1a: Charizard|Will-O-Wisp|p2a: Spinning Trash
|-status|p2a: Spinning Trash|brn
|
|-damage|p2a: Spinning Trash|59\/361 brn|[from] brn
|turn|25
|
|move|p2a: Spinning Trash|Earthquake|p1a: Charizard
|-supereffective|p1a: Charizard
|-damage|p1a: Charizard|35\/359
|move|p1a: Charizard|Roost|p1a: Charizard
|-heal|p1a: Charizard|215\/359
|
|-damage|p2a: Spinning Trash|14\/361 brn|[from] brn
|turn|26
|
|move|p2a: Spinning Trash|Earthquake|p1a: Charizard
|-supereffective|p1a: Charizard
|-damage|p1a: Charizard|33\/359
|move|p1a: Charizard|Roost|p1a: Charizard
|-heal|p1a: Charizard|213\/359
|
|-damage|p2a: Spinning Trash|0 fnt|[from] brn
|faint|p2a: Spinning Trash
|
|switch|p2a: Sweeperella|Pinsir, M, shiny|271\/271
|turn|27
|
|detailschange|p2a: Sweeperella|Pinsir-Mega, M, shiny
|message|Pinsir has Mega Evolved into Mega Pinsir!
|move|p2a: Sweeperella|Return|p1a: Charizard
|-damage|p1a: Charizard|0 fnt
|faint|p1a: Charizard
|
|
|switch|p1a: Baby Jesus|Sylveon, F|394\/394
|turn|28
|
|move|p2a: Sweeperella|Swords Dance|p2a: Sweeperella
|-boost|p2a: Sweeperella|atk|2
|move|p1a: Baby Jesus|Wish|p1a: Baby Jesus
|
|turn|29
|
|move|p2a: Sweeperella|Return|p1a: Baby Jesus
|-damage|p1a: Baby Jesus|0 fnt
|faint|p1a: Baby Jesus
|
|
|switch|p1a: Angry Bird|Zapdos|84\/384
|-ability|p1a: Angry Bird|Pressure
|turn|30
|
|move|p2a: Sweeperella|Return|p1a: Angry Bird
|-resisted|p1a: Angry Bird
|-damage|p1a: Angry Bird|0 fnt
|faint|p1a: Angry Bird
|
|
|switch|p1a: Retarded fella|Slowbro, M|310\/394
|turn|31
|
|move|p2a: Sweeperella|Return|p1a: Retarded fella
|-damage|p1a: Retarded fella|0 fnt
|faint|p1a: Retarded fella
|
|
|switch|p1a: Hug me|Ferrothorn, M|109\/352
|turn|32
|
|move|p2a: Sweeperella|Return|p1a: Hug me
|-damage|p1a: Hug me|0 fnt
|-damage|p2a: Sweeperella|238\/271|[from] ability: Iron Barbs|[of] p1a: Hug me
|faint|p1a: Hug me
|
|win|RadOU
|raw|Ladder updating...
|raw|Louisxd's rating: 1232 &rarr; <strong>1203<\/strong><br \/>(-29 for losing)
|raw|RadOU's rating: 1177 &rarr; <strong>1206<\/strong><br \/>(+29 for winning)