|join|Louisxd
|join|Jirachirite
|player|p1|Louisxd|165
|player|p2|Jirachirite|101
|gametype|singles
|gen|6
|tier|OU (suspect test)
|rated
|clearpoke
|poke|p1|Slowbro, M
|poke|p1|Gliscor, M
|poke|p1|Clefable, F
|poke|p1|Latios, M
|poke|p1|Scizor, F
|poke|p1|Talonflame, M
|poke|p2|Infernape, M
|poke|p2|Keldeo
|poke|p2|Metagross
|poke|p2|Dragonite, F
|poke|p2|Thundurus, M
|poke|p2|Bisharp, M
|rule|Swagger Clause: Swagger is banned
|rule|Baton Pass Clause: Limit one PokÃ©mon knowing Baton Pass
|rule|Sleep Clause Mod: Limit one foe put to sleep
|rule|Species Clause: Limit one of each PokÃ©mon
|rule|OHKO Clause: OHKO moves are banned
|rule|Moody Clause: Moody is banned
|rule|Evasion Moves Clause: Evasion moves are banned
|rule|Endless Battle Clause: Forcing endless battles is banned
|rule|HP Percentage Mod: HP is shown in percentages
|teampreview
|
|start
|switch|p1a: Le old fairy|Clefable, F|394\/394
|switch|p2a: Infernape|Infernape, M|293\/293
|turn|1
|
|move|p2a: Infernape|Stealth Rock|p1a: Le old fairy
|-sidestart|p1: Louisxd|move: Stealth Rock
|move|p1a: Le old fairy|Stealth Rock|p2a: Infernape
|-sidestart|p2: Jirachirite|move: Stealth Rock
|
|turn|2
|
|move|p2a: Infernape|Fire Blast|p1a: Le old fairy
|-damage|p1a: Le old fairy|255\/394
|move|p1a: Le old fairy|Moonblast|p2a: Infernape
|-damage|p2a: Infernape|163\/293
|
|-heal|p1a: Le old fairy|279\/394|[from] item: Leftovers
|turn|3
|
|move|p2a: Infernape|Fire Blast|p1a: Le old fairy
|-damage|p1a: Le old fairy|120\/394
|move|p1a: Le old fairy|Moonblast|p2a: Infernape
|-damage|p2a: Infernape|15\/293
|
|-heal|p1a: Le old fairy|144\/394|[from] item: Leftovers
|turn|4
|
|move|p2a: Infernape|Endeavor|p1a: Le old fairy
|-damage|p1a: Le old fairy|15\/394
|move|p1a: Le old fairy|Soft-Boiled|p1a: Le old fairy
|-heal|p1a: Le old fairy|212\/394
|
|-heal|p1a: Le old fairy|236\/394|[from] item: Leftovers
|turn|5
|
|move|p2a: Infernape|Endeavor|p1a: Le old fairy
|-damage|p1a: Le old fairy|15\/394
|move|p1a: Le old fairy|Moonblast|p2a: Infernape
|-damage|p2a: Infernape|0 fnt
|faint|p2a: Infernape
|
|-heal|p1a: Le old fairy|39\/394|[from] item: Leftovers
|
|switch|p2a: Metagross|Metagross|301\/301
|-damage|p2a: Metagross|283\/301|[from] Stealth Rock
|turn|6
|
|switch|p1a: Retarded fella|Slowbro, M|394\/394
|-damage|p1a: Retarded fella|345\/394|[from] Stealth Rock
|detailschange|p2a: Metagross|Metagross-Mega
|-mega|p2a: Metagross|Metagross|Metagrossite
|move|p2a: Metagross|Meteor Mash|p1a: Retarded fella
|-resisted|p1a: Retarded fella
|-damage|p1a: Retarded fella|263\/394
|
|turn|7
|
|switch|p2a: Thundurus|Thundurus, M|299\/299
|-damage|p2a: Thundurus|225\/299|[from] Stealth Rock
|move|p1a: Retarded fella|Scald|p2a: Thundurus
|-damage|p2a: Thundurus|114\/299
|
|turn|8
|
|switch|p1a: Drug addicted|Gliscor, M|352\/352
|-damage|p1a: Drug addicted|308\/352|[from] Stealth Rock
|move|p2a: Thundurus|Thunderbolt|p1a: Drug addicted
|-immune|p1a: Drug addicted|[msg]
|
|-status|p1a: Drug addicted|tox|[from] item: Toxic Orb
|turn|9
|
|switch|p1a: Erza|Scizor, F|289\/289
|-damage|p1a: Erza|253\/289|[from] Stealth Rock
|move|p2a: Thundurus|Hidden Power|p1a: Erza
|-resisted|p1a: Erza
|-damage|p1a: Erza|197\/289
|-damage|p2a: Thundurus|85\/299|[from] item: Life Orb
|
|turn|10
|
|switch|p2a: Keldeo|Keldeo|323\/323
|-damage|p2a: Keldeo|303\/323|[from] Stealth Rock
|move|p1a: Erza|Bullet Punch|p2a: Keldeo
|-resisted|p2a: Keldeo
|-damage|p2a: Keldeo|219\/323
|-damage|p1a: Erza|169\/289|[from] item: Life Orb
|
|turn|11
|
|switch|p1a: Jet|Latios, M|301\/301
|-damage|p1a: Jet|264\/301|[from] Stealth Rock
|move|p2a: Keldeo|Scald|p1a: Jet
|-resisted|p1a: Jet
|-damage|p1a: Jet|159\/301
|
|turn|12
|
|switch|p1a: Drug addicted|Gliscor, M|308\/352 tox
|-damage|p1a: Drug addicted|264\/352 tox|[from] Stealth Rock
|move|p2a: Keldeo|Scald|p1a: Drug addicted
|-supereffective|p1a: Drug addicted
|-damage|p1a: Drug addicted|0 fnt
|faint|p1a: Drug addicted
|
|
|switch|p1a: Retarded fella|Slowbro, M|394\/394
|-damage|p1a: Retarded fella|345\/394|[from] Stealth Rock
|turn|13
|
|move|p2a: Keldeo|Scald|p1a: Retarded fella
|-resisted|p1a: Retarded fella
|-damage|p1a: Retarded fella|218\/394
|move|p1a: Retarded fella|Psyshock|p2a: Keldeo
|-supereffective|p2a: Keldeo
|-damage|p2a: Keldeo|9\/323
|
|turn|14
|
|move|p2a: Keldeo|Scald|p1a: Retarded fella
|-resisted|p1a: Retarded fella
|-damage|p1a: Retarded fella|92\/394
|move|p1a: Retarded fella|Scald|p2a: Keldeo
|-resisted|p2a: Keldeo
|-damage|p2a: Keldeo|0 fnt
|faint|p2a: Keldeo
|
|
|switch|p2a: Bisharp|Bisharp, M|271\/271
|-damage|p2a: Bisharp|255\/271|[from] Stealth Rock
|turn|15
|
|move|p2a: Bisharp|Pursuit|p1a: Retarded fella|[from]Pursuit
|-supereffective|p1a: Retarded fella
|-damage|p1a: Retarded fella|0 fnt
|-damage|p2a: Bisharp|228\/271|[from] item: Life Orb
|faint|p1a: Retarded fella
|
|
|switch|p1a: mah burd|Talonflame, M|319\/319
|-damage|p1a: mah burd|160\/319|[from] Stealth Rock
|turn|16
|
|move|p1a: mah burd|Flare Blitz|p2a: Bisharp
|-supereffective|p2a: Bisharp
|-damage|p2a: Bisharp|0 fnt
|-damage|p1a: mah burd|85\/319|[from] recoil|[of] p2a: Bisharp
|faint|p2a: Bisharp
|
|
|switch|p2a: Metagross|Metagross-Mega|283\/301
|-damage|p2a: Metagross|265\/301|[from] Stealth Rock
|turn|17
|
|move|p2a: Metagross|Bullet Punch|p1a: mah burd
|-resisted|p1a: mah burd
|-damage|p1a: mah burd|4\/319
|move|p1a: mah burd|Flare Blitz|p2a: Metagross
|-supereffective|p2a: Metagross
|-damage|p2a: Metagross|41\/301
|-damage|p1a: mah burd|0 fnt|[from] recoil|[of] p2a: Metagross
|faint|p1a: mah burd
|
|
|switch|p1a: Erza|Scizor, F|169\/289
|-damage|p1a: Erza|133\/289|[from] Stealth Rock
|turn|18
|
|move|p1a: Erza|Bullet Punch|p2a: Metagross
|-resisted|p2a: Metagross
|-damage|p2a: Metagross|0 fnt
|-damage|p1a: Erza|105\/289|[from] item: Life Orb
|faint|p2a: Metagross
|
|
|switch|p2a: Dragonite|Dragonite, F|323\/323
|-damage|p2a: Dragonite|243\/323|[from] Stealth Rock
|turn|19
|
|switch|p1a: Le old fairy|Clefable, F|39\/394
|move|p2a: Dragonite|Fire Punch|p1a: Le old fairy
|-damage|p1a: Le old fairy|0 fnt
|faint|p1a: Le old fairy
|
|
|switch|p1a: Jet|Latios, M|159\/301
|-damage|p1a: Jet|122\/301|[from] Stealth Rock
|turn|20
|
|switch|p2a: Thundurus|Thundurus, M|85\/299
|-damage|p2a: Thundurus|11\/299|[from] Stealth Rock
|move|p1a: Jet|Draco Meteor|p2a: Thundurus
|-damage|p2a: Thundurus|0 fnt
|-unboost|p1a: Jet|spa|2
|faint|p2a: Thundurus
|
|
|switch|p2a: Dragonite|Dragonite, F|243\/323
|-damage|p2a: Dragonite|163\/323|[from] Stealth Rock
|turn|21
|
|move|p2a: Dragonite|Extreme Speed|p1a: Jet
|-damage|p1a: Jet|0 fnt
|faint|p1a: Jet
|
|
|switch|p1a: Erza|Scizor, F|105\/289
|-damage|p1a: Erza|69\/289|[from] Stealth Rock
|turn|22
|
|move|p2a: Dragonite|Extreme Speed|p1a: Erza
|-resisted|p1a: Erza
|-damage|p1a: Erza|0 fnt
|faint|p1a: Erza
|
|win|Jirachirite
|raw|Ladder updating...
|raw|Louisxd's rating: 1446 &rarr; <strong>1426<\/strong><br \/>(-20 for losing)
|raw|Jirachirite's rating: 1450 &rarr; <strong>1470<\/strong><br \/>(+20 for winning)
|leave|Louisxd
|player|p1