|join|Lameflame
|join|Louisxd
|player|p1|Lameflame|264
|player|p2|Louisxd|165
|gametype|singles
|gen|6
|tier|OU (suspect test)
|rated
|clearpoke
|poke|p1|Breloom, M
|poke|p1|Heatran, M
|poke|p1|Medicham, F
|poke|p1|Thundurus, M
|poke|p1|Azumarill, M
|poke|p1|Garchomp, M
|poke|p2|Charizard, M
|poke|p2|Ferrothorn, M
|poke|p2|Sylveon, F
|poke|p2|Zapdos
|poke|p2|Gliscor, M
|poke|p2|Slowbro, M
|rule|Swagger Clause: Swagger is banned
|rule|Baton Pass Clause: Limit one PokÃ©mon knowing Baton Pass
|rule|Sleep Clause Mod: Limit one foe put to sleep
|rule|Species Clause: Limit one of each PokÃ©mon
|rule|OHKO Clause: OHKO moves are banned
|rule|Moody Clause: Moody is banned
|rule|Evasion Moves Clause: Evasion moves are banned
|rule|Endless Battle Clause: Forcing endless battles is banned
|rule|HP Percentage Mod: HP is reported as percentages
|teampreview
|
|start
|switch|p1a: Sporing Stall|Breloom, M|261\/261
|switch|p2a: Drug addicted|Gliscor, M|352\/352
|turn|1
|
|move|p1a: Sporing Stall|Spore|p2a: Drug addicted
|-status|p2a: Drug addicted|slp
|cant|p2a: Drug addicted|slp
|
|turn|2
|
|switch|p1a: Shocking Stall|Thundurus, M|300\/300
|switch|p2a: Hug me|Ferrothorn, M|352\/352
|
|turn|3
|
|switch|p1a: Melting Stall|Heatran, M|381\/381
|switch|p2a: Charizard|Charizard, M|359\/359
|
|turn|4
|
|switch|p2a: Baby Jesus|Sylveon, F|394\/394
|switch|p1a: Breaking Stall|Azumarill, M|403\/403
|
|turn|5
|
|move|p2a: Baby Jesus|Heal Bell|p2a: Baby Jesus
|-cureteam|p2a: Baby Jesus|[from] move: HealBell
|move|p1a: Breaking Stall|Waterfall|p2a: Baby Jesus
|-damage|p2a: Baby Jesus|211\/394
|
|-heal|p2a: Baby Jesus|235\/394|[from] item: Leftovers
|turn|6
|
|switch|p2a: Hug me|Ferrothorn, M|352\/352
|switch|p1a: Melting Stall|Heatran, M|381\/381
|
|turn|7
|
|switch|p2a: Drug addicted|Gliscor, M|352\/352
|move|p1a: Melting Stall|Stealth Rock|p2a: Drug addicted
|-sidestart|p2: Louisxd|move: Stealth Rock
|
|-status|p2a: Drug addicted|tox|[from] item: Toxic Orb
|turn|8
|
|switch|p1a: Shocking Stall|Thundurus, M|300\/300
|move|p2a: Drug addicted|Toxic|p1a: Shocking Stall
|-status|p1a: Shocking Stall|tox
|
|-damage|p1a: Shocking Stall|282\/300 tox|[from] psn
|turn|9
|
|switch|p2a: Hug me|Ferrothorn, M|352\/352
|-damage|p2a: Hug me|330\/352|[from] Stealth Rock
|move|p1a: Shocking Stall|Hidden Power|p2a: Hug me
|-damage|p2a: Hug me|274\/352
|
|-heal|p1a: Shocking Stall|300\/300 tox|[from] item: Leftovers
|-heal|p2a: Hug me|296\/352|[from] item: Leftovers
|-damage|p1a: Shocking Stall|264\/300 tox|[from] psn
|turn|10
|
|switch|p1a: Melting Stall|Heatran, M|381\/381
|move|p2a: Hug me|Stealth Rock|p1a: Melting Stall
|-sidestart|p1: Lameflame|move: Stealth Rock
|
|-heal|p2a: Hug me|318\/352|[from] item: Leftovers
|turn|11
|
|switch|p2a: Drug addicted|Gliscor, M|352\/352 tox
|-damage|p2a: Drug addicted|308\/352 tox|[from] Stealth Rock
|move|p1a: Melting Stall|Taunt|p2a: Drug addicted
|-start|p2a: Drug addicted|move: Taunt
|
|-heal|p2a: Drug addicted|352\/352 tox|[from] ability: Poison Heal
|turn|12
|
|switch|p1a: Shocking Stall|Thundurus, M|264\/300 tox
|-damage|p1a: Shocking Stall|189\/300 tox|[from] Stealth Rock
|move|p2a: Drug addicted|Earthquake|p1a: Shocking Stall
|-immune|p1a: Shocking Stall|[msg]
|
|-heal|p1a: Shocking Stall|207\/300 tox|[from] item: Leftovers
|-damage|p1a: Shocking Stall|189\/300 tox|[from] psn
|turn|13
|
|switch|p1a: Kicking Stall|Medicham, F|261\/261
|-damage|p1a: Kicking Stall|245\/261|[from] Stealth Rock
|switch|p2a: Hug me|Ferrothorn, M|318\/352
|-damage|p2a: Hug me|296\/352|[from] Stealth Rock
|
|-heal|p2a: Hug me|318\/352|[from] item: Leftovers
|turn|14
|
|switch|p2a: Retarded fella|Slowbro, M|394\/394
|-damage|p2a: Retarded fella|345\/394|[from] Stealth Rock
|detailschange|p1a: Kicking Stall|Medicham-Mega, F
|message|Medicham has Mega Evolved into Mega Medicham!
|move|p1a: Kicking Stall|High Jump Kick|p2a: Retarded fella|[miss]
|-miss|p1a: Kicking Stall|p2a: Retarded fella
|-damage|p1a: Kicking Stall|115\/261|[from] highjumpkick
|
|turn|15
|
|switch|p1a: Sporing Stall|Breloom, M|261\/261
|-damage|p1a: Sporing Stall|245\/261|[from] Stealth Rock
|move|p2a: Retarded fella|Scald|p1a: Sporing Stall
|-resisted|p1a: Sporing Stall
|-damage|p1a: Sporing Stall|173\/261
|
|turn|16
|
|switch|p2a: Angry Bird|Zapdos|384\/384
|-damage|p2a: Angry Bird|288\/384|[from] Stealth Rock
|-ability|p2a: Angry Bird|Pressure
|move|p1a: Sporing Stall|Rock Tomb|p2a: Angry Bird
|-supereffective|p2a: Angry Bird
|-damage|p2a: Angry Bird|90\/384
|-unboost|p2a: Angry Bird|spe|1
|
|-heal|p2a: Angry Bird|114\/384|[from] item: Leftovers
|turn|17
|
|switch|p1a: Melting Stall|Heatran, M|381\/381
|-damage|p1a: Melting Stall|334\/381|[from] Stealth Rock
|switch|p2a: Drug addicted|Gliscor, M|352\/352 tox
|-damage|p2a: Drug addicted|308\/352 tox|[from] Stealth Rock
|
|-heal|p1a: Melting Stall|357\/381|[from] item: Leftovers
|-heal|p2a: Drug addicted|352\/352 tox|[from] ability: Poison Heal
|turn|18
|
|switch|p1a: Shocking Stall|Thundurus, M|189\/300 tox
|-damage|p1a: Shocking Stall|114\/300 tox|[from] Stealth Rock
|move|p2a: Drug addicted|Earthquake|p1a: Shocking Stall
|-immune|p1a: Shocking Stall|[msg]
|
|-heal|p1a: Shocking Stall|132\/300 tox|[from] item: Leftovers
|-damage|p1a: Shocking Stall|114\/300 tox|[from] psn
|turn|19
|
|move|p1a: Shocking Stall|Superpower|p2a: Drug addicted
|-resisted|p2a: Drug addicted
|-damage|p2a: Drug addicted|315\/352 tox
|-unboost|p1a: Shocking Stall|atk|1
|-unboost|p1a: Shocking Stall|def|1
|move|p2a: Drug addicted|Roost|p2a: Drug addicted
|-heal|p2a: Drug addicted|352\/352 tox
|
|-heal|p1a: Shocking Stall|132\/300 tox|[from] item: Leftovers
|-damage|p1a: Shocking Stall|96\/300 tox|[from] psn
|turn|20
|
|switch|p2a: Hug me|Ferrothorn, M|318\/352
|-damage|p2a: Hug me|296\/352|[from] Stealth Rock
|move|p1a: Shocking Stall|Hidden Power|p2a: Hug me
|-damage|p2a: Hug me|243\/352
|
|-heal|p1a: Shocking Stall|114\/300 tox|[from] item: Leftovers
|-heal|p2a: Hug me|265\/352|[from] item: Leftovers
|-damage|p1a: Shocking Stall|60\/300 tox|[from] psn
|turn|21
|
|move|p2a: Hug me|Protect|p2a: Hug me
|-singleturn|p2a: Hug me|Protect
|move|p1a: Shocking Stall|Thunderbolt|p2a: Hug me
|-activate|p2a: Hug me|Protect
|
|-heal|p1a: Shocking Stall|78\/300 tox|[from] item: Leftovers
|-heal|p2a: Hug me|287\/352|[from] item: Leftovers
|-damage|p1a: Shocking Stall|6\/300 tox|[from] psn
|turn|22
|
|switch|p2a: Drug addicted|Gliscor, M|352\/352 tox
|-damage|p2a: Drug addicted|308\/352 tox|[from] Stealth Rock
|move|p1a: Shocking Stall|Hidden Power|p2a: Drug addicted
|-supereffective|p2a: Drug addicted
|-damage|p2a: Drug addicted|28\/352 tox
|
|-heal|p1a: Shocking Stall|24\/300 tox|[from] item: Leftovers
|-damage|p1a: Shocking Stall|0 fnt|[from] psn
|-heal|p2a: Drug addicted|72\/352 tox|[from] ability: Poison Heal
|faint|p1a: Shocking Stall
|
|switch|p1a: Kicking Stall|Medicham-Mega, F|115\/261
|-damage|p1a: Kicking Stall|99\/261|[from] Stealth Rock
|turn|23
|
|switch|p2a: Retarded fella|Slowbro, M|394\/394
|-damage|p2a: Retarded fella|345\/394|[from] Stealth Rock
|move|p1a: Kicking Stall|High Jump Kick|p2a: Retarded fella
|-resisted|p2a: Retarded fella
|-damage|p2a: Retarded fella|219\/394
|
|turn|24
|
|switch|p1a: Sporing Stall|Breloom, M|173\/261
|-damage|p1a: Sporing Stall|157\/261|[from] Stealth Rock
|move|p2a: Retarded fella|Psychic|p1a: Sporing Stall
|-supereffective|p1a: Sporing Stall
|-damage|p1a: Sporing Stall|0 fnt
|faint|p1a: Sporing Stall
|
|
|switch|p1a: Breaking Stall|Azumarill, M|403\/403
|-damage|p1a: Breaking Stall|353\/403|[from] Stealth Rock
|turn|25
|
|switch|p2a: Hug me|Ferrothorn, M|287\/352
|-damage|p2a: Hug me|265\/352|[from] Stealth Rock
|move|p1a: Breaking Stall|Belly Drum|p1a: Breaking Stall
|-damage|p1a: Breaking Stall|152\/403
|-setboost|p1a: Breaking Stall|atk|6|[from] move: Belly Drum
|-enditem|p1a: Breaking Stall|Sitrus Berry|[eat]
|-heal|p1a: Breaking Stall|252\/403|[from] item: Sitrus Berry
|
|-heal|p2a: Hug me|287\/352|[from] item: Leftovers
|turn|26
|
|move|p1a: Breaking Stall|Play Rough|p2a: Hug me
|-resisted|p2a: Hug me
|-damage|p2a: Hug me|63\/352
|-damage|p1a: Breaking Stall|202\/403|[from] ability: Iron Barbs|[of] p2a: Hug me
|move|p2a: Hug me|Leech Seed|p1a: Breaking Stall
|-start|p1a: Breaking Stall|move: Leech Seed
|
|-heal|p2a: Hug me|85\/352|[from] item: Leftovers
|-damage|p1a: Breaking Stall|152\/403|[from] Leech Seed|[of] p2a: Hug me
|-heal|p2a: Hug me|135\/352|[silent]
|turn|27
|
|move|p2a: Hug me|Protect|p2a: Hug me
|-singleturn|p2a: Hug me|Protect
|move|p1a: Breaking Stall|Play Rough|p2a: Hug me
|-activate|p2a: Hug me|Protect
|
|-heal|p2a: Hug me|157\/352|[from] item: Leftovers
|-damage|p1a: Breaking Stall|102\/403|[from] Leech Seed|[of] p2a: Hug me
|-heal|p2a: Hug me|207\/352|[silent]
|turn|28
|
|switch|p2a: Baby Jesus|Sylveon, F|235\/394
|-damage|p2a: Baby Jesus|186\/394|[from] Stealth Rock
|move|p1a: Breaking Stall|Play Rough|p2a: Baby Jesus
|-damage|p2a: Baby Jesus|0 fnt
|faint|p2a: Baby Jesus
|
|
|switch|p2a: Hug me|Ferrothorn, M|207\/352
|-damage|p2a: Hug me|185\/352|[from] Stealth Rock
|turn|29
|
|move|p2a: Hug me|Protect|p2a: Hug me
|-singleturn|p2a: Hug me|Protect
|move|p1a: Breaking Stall|Play Rough|p2a: Hug me
|-activate|p2a: Hug me|Protect
|
|-heal|p2a: Hug me|207\/352|[from] item: Leftovers
|-damage|p1a: Breaking Stall|52\/403|[from] Leech Seed|[of] p2a: Hug me
|-heal|p2a: Hug me|257\/352|[silent]
|turn|30
|
|move|p2a: Hug me|Protect|p2a: Hug me
|-fail|p2a: Hug me
|move|p1a: Breaking Stall|Play Rough|p2a: Hug me
|-resisted|p2a: Hug me
|-damage|p2a: Hug me|0 fnt
|-damage|p1a: Breaking Stall|2\/403|[from] ability: Iron Barbs|[of] p2a: Hug me
|faint|p2a: Hug me
|
|
|switch|p2a: Retarded fella|Slowbro, M|350\/394
|-damage|p2a: Retarded fella|301\/394|[from] Stealth Rock
|turn|31
|
|switch|p2a: Charizard|Charizard, M|359\/359
|-damage|p2a: Charizard|180\/359|[from] Stealth Rock
|move|p1a: Breaking Stall|Play Rough|p2a: Charizard
|-resisted|p2a: Charizard
|-damage|p2a: Charizard|0 fnt
|faint|p2a: Charizard
|
|
|switch|p2a: Retarded fella|Slowbro, M|394\/394
|-damage|p2a: Retarded fella|345\/394|[from] Stealth Rock
|turn|32
|
|move|p1a: Breaking Stall|Play Rough|p2a: Retarded fella
|-damage|p2a: Retarded fella|0 fnt
|faint|p2a: Retarded fella
|
|
|switch|p2a: Drug addicted|Gliscor, M|72\/352 tox
|-damage|p2a: Drug addicted|28\/352 tox|[from] Stealth Rock
|turn|33
|
|move|p1a: Breaking Stall|Aqua Jet|p2a: Drug addicted
|-supereffective|p2a: Drug addicted
|-damage|p2a: Drug addicted|0 fnt
|faint|p2a: Drug addicted
|
|
|switch|p2a: Angry Bird|Zapdos|114\/384
|-damage|p2a: Angry Bird|18\/384|[from] Stealth Rock
|-ability|p2a: Angry Bird|Pressure
|turn|34
|
|move|p1a: Breaking Stall|Aqua Jet|p2a: Angry Bird
|-damage|p2a: Angry Bird|0 fnt
|faint|p2a: Angry Bird
|
|win|Lameflame
|raw|Ladder updating...
|raw|Lameflame's rating: 1126 &rarr; <strong>1156<\/strong><br \/>(+30 for winning)
|raw|Louisxd's rating: 1187 &rarr; <strong>1158<\/strong><br \/>(-29 for losing)
|leave|Louisxd
|player|p2