|join|Louisxd
|join|tangroo
|player|p1|Louisxd|165
|player|p2|tangroo|238
|gametype|singles
|gen|6
|tier|OU (suspect test)
|rated
|clearpoke
|poke|p1|Gyarados, M
|poke|p1|Gothitelle, F
|poke|p1|Breloom, M
|poke|p1|Latias, F
|poke|p1|Landorus-Therian, M
|poke|p1|Azumarill, F
|poke|p2|Heatran, F
|poke|p2|Azumarill, M
|poke|p2|Zapdos
|poke|p2|Charizard, M
|poke|p2|Gliscor, F
|poke|p2|Chansey, F
|rule|Swagger Clause: Swagger is banned
|rule|Baton Pass Clause: Limit one PokÃ©mon knowing Baton Pass
|rule|Sleep Clause Mod: Limit one foe put to sleep
|rule|Species Clause: Limit one of each PokÃ©mon
|rule|OHKO Clause: OHKO moves are banned
|rule|Moody Clause: Moody is banned
|rule|Evasion Moves Clause: Evasion moves are banned
|rule|Endless Battle Clause: Forcing endless battles is banned
|rule|HP Percentage Mod: HP is shown in percentages
|teampreview
|join|Pingboy
|
|start
|switch|p1a: Breloom|Breloom, M|261\/261
|switch|p2a: Azumarill|Azumarill, M|404\/404
|turn|1
|
|move|p1a: Breloom|Spore|p2a: Azumarill
|-boost|p2a: Azumarill|atk|1|[from] ability: Sap Sipper
|move|p2a: Azumarill|Whirlpool|p1a: Breloom
|-resisted|p1a: Breloom
|-damage|p1a: Breloom|240\/261
|-activate|p1a: Breloom|move: Whirlpool|[of] p2a: Azumarill
|
|-damage|p1a: Breloom|208\/261|[from] move: Whirlpool|[partiallytrapped]
|turn|2
|chat|Louisxd|mfw
|
|move|p1a: Breloom|Rock Tomb|p2a: Azumarill
|-damage|p2a: Azumarill|315\/404
|-unboost|p2a: Azumarill|spe|1
|move|p2a: Azumarill|Perish Song|p2a: Azumarill
|-fieldactivate|move: Perish Song
|
|-start|p1a: Breloom|perish3
|-start|p2a: Azumarill|perish3
|-heal|p2a: Azumarill|340\/404|[from] item: Leftovers
|-damage|p1a: Breloom|176\/261|[from] move: Whirlpool|[partiallytrapped]
|turn|3
|
|move|p2a: Azumarill|Protect|p2a: Azumarill
|-singleturn|p2a: Azumarill|Protect
|move|p1a: Breloom|Rock Tomb|p2a: Azumarill
|-activate|p2a: Azumarill|Protect
|
|-start|p1a: Breloom|perish2
|-start|p2a: Azumarill|perish2
|-heal|p2a: Azumarill|365\/404|[from] item: Leftovers
|-damage|p1a: Breloom|144\/261|[from] move: Whirlpool|[partiallytrapped]
|turn|4
|chat|Pingboy|LOL
|
|move|p1a: Breloom|Rock Tomb|p2a: Azumarill
|-damage|p2a: Azumarill|267\/404
|-unboost|p2a: Azumarill|spe|1
|move|p2a: Azumarill|Scald|p1a: Breloom
|-resisted|p1a: Breloom
|-damage|p1a: Breloom|100\/261
|-status|p1a: Breloom|brn
|
|-start|p1a: Breloom|perish1
|-start|p2a: Azumarill|perish1
|-heal|p2a: Azumarill|292\/404|[from] item: Leftovers
|-damage|p1a: Breloom|68\/261 brn|[from] brn
|-damage|p1a: Breloom|36\/261 brn|[from] move: Whirlpool|[partiallytrapped]
|turn|5
|
|switch|p2a: Zapdos|Zapdos|384\/384
|-ability|p2a: Zapdos|Pressure
|move|p1a: Breloom|Spore|p2a: Zapdos
|-status|p2a: Zapdos|slp
|
|-start|p1a: Breloom|perish0
|faint|p1a: Breloom
|
|switch|p1a: Landorus-Therian|Landorus-Therian, M|381\/381
|-ability|p1a: Landorus-Therian|Intimidate|[of] p2a: Zapdos
|-unboost|p2a: Zapdos|atk|1
|turn|6
|
|switch|p2a: Gliscor|Gliscor, F|352\/352
|move|p1a: Landorus-Therian|Stealth Rock|p2a: Gliscor
|-sidestart|p2: tangroo|move: Stealth Rock
|
|-status|p2a: Gliscor|tox|[from] item: Toxic Orb
|turn|7
|
|move|p2a: Gliscor|Knock Off|p1a: Landorus-Therian
|-damage|p1a: Landorus-Therian|319\/381
|-enditem|p1a: Landorus-Therian|Leftovers|[from] move: Knock Off|[of] p2a: Gliscor
|move|p1a: Landorus-Therian|U-turn|p2a: Gliscor
|-resisted|p2a: Gliscor
|-damage|p2a: Gliscor|319\/352 tox
|
|switch|p1a: Azumarill|Azumarill, F|388\/388
|
|-heal|p2a: Gliscor|352\/352 tox|[from] ability: Poison Heal
|turn|8
|
|move|p2a: Gliscor|Knock Off|p1a: Azumarill
|-resisted|p1a: Azumarill
|-damage|p1a: Azumarill|343\/388
|-enditem|p1a: Azumarill|Assault Vest|[from] move: Knock Off|[of] p2a: Gliscor
|move|p1a: Azumarill|Waterfall|p2a: Gliscor
|-supereffective|p2a: Gliscor
|-damage|p2a: Gliscor|50\/352 tox
|
|-heal|p2a: Gliscor|94\/352 tox|[from] ability: Poison Heal
|turn|9
|
|switch|p2a: Chansey|Chansey, F|704\/704
|-damage|p2a: Chansey|616\/704|[from] Stealth Rock
|move|p1a: Azumarill|Aqua Jet|p2a: Chansey
|-damage|p2a: Chansey|483\/704
|
|turn|10
|
|move|p1a: Azumarill|Knock Off|p2a: Chansey
|-damage|p2a: Chansey|286\/704
|-enditem|p2a: Chansey|Eviolite|[from] move: Knock Off|[of] p1a: Azumarill
|move|p2a: Chansey|Heal Bell|p2a: Chansey
|-cureteam|p2a: Chansey|[from] move: HealBell
|
|turn|11
|
|move|p1a: Azumarill|Play Rough|p2a: Chansey
|-damage|p2a: Chansey|0 fnt
|faint|p2a: Chansey
|
|
|switch|p2a: Zapdos|Zapdos|384\/384
|-damage|p2a: Zapdos|288\/384|[from] Stealth Rock
|-ability|p2a: Zapdos|Pressure
|turn|12
|
|move|p2a: Zapdos|Defog|p1a: Azumarill
|-unboost|p1a: Azumarill|evasion|1
|-sideend|p2: tangroo|Stealth Rock|[from] move: Defog|[of] p2a: Zapdos
|move|p1a: Azumarill|Play Rough|p2a: Zapdos
|-damage|p2a: Zapdos|143\/384
|
|-heal|p2a: Zapdos|167\/384|[from] item: Leftovers
|turn|13
|
|switch|p1a: Landorus-Therian|Landorus-Therian, M|319\/381
|-ability|p1a: Landorus-Therian|Intimidate|[of] p2a: Zapdos
|-unboost|p2a: Zapdos|atk|1
|move|p2a: Zapdos|Roost|p2a: Zapdos
|-heal|p2a: Zapdos|359\/384
|
|-heal|p2a: Zapdos|383\/384|[from] item: Leftovers
|turn|14
|leave|Pingboy
|
|move|p1a: Landorus-Therian|Stealth Rock|p2a: Zapdos
|-sidestart|p2: tangroo|move: Stealth Rock
|move|p2a: Zapdos|Heat Wave|p1a: Landorus-Therian
|-damage|p1a: Landorus-Therian|214\/381
|
|-heal|p2a: Zapdos|384\/384|[from] item: Leftovers
|turn|15
|
|move|p2a: Zapdos|Defog|p1a: Landorus-Therian
|-unboost|p1a: Landorus-Therian|evasion|1
|-sideend|p2: tangroo|Stealth Rock|[from] move: Defog|[of] p2a: Zapdos
|move|p1a: Landorus-Therian|Stone Edge|p2a: Zapdos
|-supereffective|p2a: Zapdos
|-damage|p2a: Zapdos|194\/384
|
|-heal|p2a: Zapdos|218\/384|[from] item: Leftovers
|turn|16
|
|move|p1a: Landorus-Therian|Earthquake|p2a: Zapdos
|-immune|p2a: Zapdos|[msg]
|move|p2a: Zapdos|Heat Wave|p1a: Landorus-Therian
|-damage|p1a: Landorus-Therian|111\/381
|
|-heal|p2a: Zapdos|242\/384|[from] item: Leftovers
|turn|17
|chat|Louisxd|damn speed tie
|
|move|p2a: Zapdos|Roost|p2a: Zapdos
|-heal|p2a: Zapdos|384\/384
|move|p1a: Landorus-Therian|Stone Edge|p2a: Zapdos
|-damage|p2a: Zapdos|303\/384
|
|-heal|p2a: Zapdos|327\/384|[from] item: Leftovers
|turn|18
|
|move|p1a: Landorus-Therian|Stone Edge|p2a: Zapdos
|-supereffective|p2a: Zapdos
|-damage|p2a: Zapdos|147\/384
|move|p2a: Zapdos|Heat Wave|p1a: Landorus-Therian
|-damage|p1a: Landorus-Therian|5\/381
|
|-heal|p2a: Zapdos|171\/384|[from] item: Leftovers
|turn|19
|
|move|p1a: Landorus-Therian|Earthquake|p2a: Zapdos
|-immune|p2a: Zapdos|[msg]
|move|p2a: Zapdos|Roost|p2a: Zapdos
|-heal|p2a: Zapdos|363\/384
|
|-heal|p2a: Zapdos|384\/384|[from] item: Leftovers
|turn|20
|chat|Louisxd|oh god
|chat|Louisxd|SERIOUSLY
|
|move|p2a: Zapdos|Heat Wave|p1a: Landorus-Therian
|-damage|p1a: Landorus-Therian|0 fnt
|faint|p1a: Landorus-Therian
|
|
|switch|p1a: Latias|Latias, F|322\/322
|turn|21
|
|move|p1a: Latias|Draco Meteor|p2a: Zapdos
|-damage|p2a: Zapdos|95\/384
|-unboost|p1a: Latias|spa|2
|-damage|p1a: Latias|290\/322|[from] item: Life Orb
|move|p2a: Zapdos|Roost|p2a: Zapdos
|-heal|p2a: Zapdos|287\/384
|
|-heal|p2a: Zapdos|311\/384|[from] item: Leftovers
|turn|22
|
|switch|p1a: Gothitelle|Gothitelle, F|309\/309
|switch|p2a: Gliscor|Gliscor, F|94\/352
|
|-status|p2a: Gliscor|tox|[from] item: Toxic Orb
|turn|23
|
|move|p2a: Gliscor|Knock Off|p1a: Gothitelle
|-supereffective|p1a: Gothitelle
|-damage|p1a: Gothitelle|149\/309
|-enditem|p1a: Gothitelle|Choice Specs|[from] move: Knock Off|[of] p2a: Gliscor
|move|p1a: Gothitelle|Psychic|p2a: Gliscor
|-damage|p2a: Gliscor|0 fnt
|faint|p2a: Gliscor
|
|
|switch|p2a: Charizard|Charizard, M|329\/329
|turn|24
|
|detailschange|p2a: Charizard|Charizard-Mega-X, M
|message|Charizard has Mega Evolved into Mega Charizard!
|move|p2a: Charizard|Dragon Dance|p2a: Charizard
|-boost|p2a: Charizard|atk|1
|-boost|p2a: Charizard|spe|1
|move|p1a: Gothitelle|Thunderbolt|p2a: Charizard
|-resisted|p2a: Charizard
|-damage|p2a: Charizard|274\/329
|
|turn|25
|
|switch|p1a: Latias|Latias, F|290\/322
|move|p2a: Charizard|Dragon Dance|p2a: Charizard
|-boost|p2a: Charizard|atk|1
|-boost|p2a: Charizard|spe|1
|
|turn|26
|
|move|p2a: Charizard|Dragon Claw|p1a: Latias
|-supereffective|p1a: Latias
|-damage|p1a: Latias|0 fnt
|faint|p1a: Latias
|
|
|switch|p1a: Azumarill|Azumarill, F|343\/388
|turn|27
|
|move|p2a: Charizard|Flare Blitz|p1a: Azumarill
|-resisted|p1a: Azumarill
|-damage|p1a: Azumarill|10\/388
|-damage|p2a: Charizard|164\/329|[from] recoil|[of] p1a: Azumarill
|move|p1a: Azumarill|Waterfall|p2a: Charizard
|-damage|p2a: Charizard|7\/329
|
|turn|28
|chat|tangroo|man
|
|switch|p2a: Zapdos|Zapdos|311\/384
|-ability|p2a: Zapdos|Pressure
|move|p1a: Azumarill|Aqua Jet|p2a: Zapdos
|-damage|p2a: Zapdos|242\/384
|
|-heal|p2a: Zapdos|266\/384|[from] item: Leftovers
|turn|29
|
|move|p2a: Zapdos|Thunderbolt|p1a: Azumarill
|-supereffective|p1a: Azumarill
|-damage|p1a: Azumarill|0 fnt
|faint|p1a: Azumarill
|
|-heal|p2a: Zapdos|290\/384|[from] item: Leftovers
|
|switch|p1a: Gothitelle|Gothitelle, F|149\/309
|turn|30
|
|move|p2a: Zapdos|Thunderbolt|p1a: Gothitelle
|-damage|p1a: Gothitelle|20\/309
|move|p1a: Gothitelle|Psychic|p2a: Zapdos
|-damage|p2a: Zapdos|143\/384
|
|-heal|p2a: Zapdos|167\/384|[from] item: Leftovers
|turn|31
|
|move|p2a: Zapdos|Roost|p2a: Zapdos
|-heal|p2a: Zapdos|359\/384
|move|p1a: Gothitelle|Psychic|p2a: Zapdos
|-damage|p2a: Zapdos|208\/384
|-unboost|p2a: Zapdos|spd|1
|
|-heal|p2a: Zapdos|232\/384|[from] item: Leftovers
|turn|32
|
|move|p2a: Zapdos|Thunderbolt|p1a: Gothitelle
|-damage|p1a: Gothitelle|0 fnt
|faint|p1a: Gothitelle
|
|-heal|p2a: Zapdos|256\/384|[from] item: Leftovers
|
|switch|p1a: Gyarados|Gyarados, M|347\/347
|-ability|p1a: Gyarados|Intimidate|[of] p2a: Zapdos
|-unboost|p2a: Zapdos|atk|1
|turn|33
|
|switch|p2a: Azumarill|Azumarill, M|292\/404
|detailschange|p1a: Gyarados|Gyarados-Mega, M
|message|Gyarados has Mega Evolved into Mega Gyarados!
|-ability|p1a: Gyarados|Mold Breaker
|move|p1a: Gyarados|Dragon Dance|p1a: Gyarados
|-boost|p1a: Gyarados|atk|1
|-boost|p1a: Gyarados|spe|1
|
|-heal|p2a: Azumarill|317\/404|[from] item: Leftovers
|turn|34
|
|move|p1a: Gyarados|Earthquake|p2a: Azumarill
|-damage|p2a: Azumarill|143\/404
|move|p2a: Azumarill|Perish Song|p2a: Azumarill
|-fieldactivate|move: Perish Song
|
|-start|p1a: Gyarados|perish3
|-start|p2a: Azumarill|perish3
|-heal|p2a: Azumarill|168\/404|[from] item: Leftovers
|turn|35
|
|move|p2a: Azumarill|Protect|p2a: Azumarill
|-singleturn|p2a: Azumarill|Protect
|move|p1a: Gyarados|Earthquake|p2a: Azumarill
|-activate|p2a: Azumarill|Protect
|
|-start|p1a: Gyarados|perish2
|-start|p2a: Azumarill|perish2
|-heal|p2a: Azumarill|193\/404|[from] item: Leftovers
|turn|36
|
|move|p1a: Gyarados|Earthquake|p2a: Azumarill
|-damage|p2a: Azumarill|15\/404
|move|p2a: Azumarill|Whirlpool|p1a: Gyarados|[miss]
|-miss|p2a: Azumarill|p1a: Gyarados
|
|-start|p1a: Gyarados|perish1
|-start|p2a: Azumarill|perish1
|-heal|p2a: Azumarill|40\/404|[from] item: Leftovers
|turn|37
|
|move|p1a: Gyarados|Earthquake|p2a: Azumarill
|-damage|p2a: Azumarill|0 fnt
|faint|p2a: Azumarill
|
|-start|p1a: Gyarados|perish0
|faint|p1a: Gyarados
|
|win|tangroo
|raw|Ladder updating...
|leave|Louisxd