|join|Louisxd
|join|Paul Gilbert
|player|p1|Louisxd|165
|player|p2|Paul Gilbert|267
|gametype|singles
|gen|6
|tier|OU (suspect test)
|rated
|clearpoke
|poke|p1|Charizard, M
|poke|p1|Starmie
|poke|p1|Tyranitar, M
|poke|p1|Thundurus, M
|poke|p1|Keldeo
|poke|p1|Landorus-Therian, M
|poke|p2|Landorus-Therian, M
|poke|p2|Conkeldurr, M
|poke|p2|Magnezone
|poke|p2|Azumarill, F
|poke|p2|Pinsir, F
|poke|p2|Empoleon, M
|rule|Swagger Clause: Swagger is banned
|rule|Baton Pass Clause: Limit one PokÃ©mon knowing Baton Pass
|rule|Sleep Clause Mod: Limit one foe put to sleep
|rule|Species Clause: Limit one of each PokÃ©mon
|rule|OHKO Clause: OHKO moves are banned
|rule|Moody Clause: Moody is banned
|rule|Evasion Moves Clause: Evasion moves are banned
|rule|Endless Battle Clause: Forcing endless battles is banned
|rule|HP Percentage Mod: HP is reported as percentages
|teampreview
|join|Mentalist Swag
|
|start
|switch|p1a: Thundurus|Thundurus, M|305\/305
|switch|p2a: Landorus-Therian|Landorus-Therian, M|328\/328
|-ability|p2a: Landorus-Therian|Intimidate|[of] p1a: Thundurus
|-unboost|p1a: Thundurus|atk|1
|turn|1
|
|move|p1a: Thundurus|Taunt|p2a: Landorus-Therian
|-start|p2a: Landorus-Therian|move: Taunt
|move|p2a: Landorus-Therian|U-turn|p1a: Thundurus
|-resisted|p1a: Thundurus
|-damage|p1a: Thundurus|242\/305
|
|switch|p2a: Conkeldurr|Conkeldurr, M|365\/365
|
|-heal|p1a: Thundurus|261\/305|[from] item: Leftovers
|turn|2
|
|switch|p1a: Landorus-Therian|Landorus-Therian, M|382\/382
|-ability|p1a: Landorus-Therian|Intimidate|[of] p2a: Conkeldurr
|-unboost|p2a: Conkeldurr|atk|1
|move|p2a: Conkeldurr|Knock Off|p1a: Landorus-Therian
|-damage|p1a: Landorus-Therian|312\/382
|-enditem|p1a: Landorus-Therian|Leftovers|[from] move: Knock Off|[of] p2a: Conkeldurr
|
|turn|3
|
|switch|p2a: Landorus-Therian|Landorus-Therian, M|328\/328
|-ability|p2a: Landorus-Therian|Intimidate|[of] p1a: Landorus-Therian
|-unboost|p1a: Landorus-Therian|atk|1
|move|p1a: Landorus-Therian|Stealth Rock|p2a: Landorus-Therian
|-sidestart|p2: Paul Gilbert|move: Stealth Rock
|
|turn|4
|join|G Herbo
|
|switch|p1a: Starmie|Starmie|261\/261
|move|p2a: Landorus-Therian|U-turn|p1a: Starmie
|-supereffective|p1a: Starmie
|-damage|p1a: Starmie|63\/261
|join|G123rocks
|chat|G123rocks|fn paul gonna top da ou suspect ladder
|join|kullhadd hekk
|chat|Paul Gilbert|pfffft
|chat|G123rocks|;]
|
|switch|p2a: Empoleon|Empoleon, M|371\/371
|-damage|p2a: Empoleon|348\/371|[from] Stealth Rock
|
|-heal|p2a: Empoleon|371\/371|[from] item: Leftovers
|turn|5
|chat|Mentalist Swag|so are voting for a ban or not ban?
|
|switch|p1a: Keldeo|Keldeo|322\/322
|move|p2a: Empoleon|Defog|p1a: Keldeo
|-unboost|p1a: Keldeo|evasion|1
|-sideend|p2: Paul Gilbert|Stealth Rock|[from] move: Defog|[of] p2a: Empoleon
|
|turn|6
|chat|Paul Gilbert|Guess
|chat|kullhadd hekk|a lot of ppl are going to vote ban
|chat|G123rocks|ban tht thing
|
|switch|p2a: Azumarill|Azumarill, F|349\/349
|move|p1a: Keldeo|Scald|p2a: Azumarill
|-crit|p2a: Azumarill
|-resisted|p2a: Azumarill
|-damage|p2a: Azumarill|152\/349
|-status|p2a: Azumarill|brn
|
|-damage|p2a: Azumarill|109\/349 brn|[from] brn
|turn|7
|chat|Mentalist Swag|ban imo
|chat|Paul Gilbert|thank you for crit and burn
|chat|kullhadd hekk|sad but thats smogon for ya
|chat|Mentalist Swag|suspect test hax next
|chat|Paul Gilbert|I wouldnt want it any other way
|
|switch|p1a: Landorus-Therian|Landorus-Therian, M|312\/382
|-ability|p1a: Landorus-Therian|Intimidate|[of] p2a: Azumarill
|-unboost|p2a: Azumarill|atk|1
|move|p2a: Azumarill|Facade|p1a: Landorus-Therian
|-damage|p1a: Landorus-Therian|154\/382
|
|-damage|p2a: Azumarill|66\/349 brn|[from] brn
|turn|8
|chat|kullhadd hekk|lol!
|
|switch|p1a: Tyranitar|Tyranitar, M|342\/342
|-weather|Sandstorm
|move|p2a: Azumarill|Facade|p1a: Tyranitar
|-resisted|p1a: Tyranitar
|-damage|p1a: Tyranitar|252\/342
|
|-weather|Sandstorm|[upkeep]
|-damage|p2a: Azumarill|45\/349 brn|[from] sandstorm
|-damage|p2a: Azumarill|2\/349 brn|[from] brn
|turn|9
|chat|G123rocks|well my babes wants it 2 stay
|chat|Mentalist Swag|facade -.-
|chat|G123rocks|so i will no ban
|
|switch|p1a: Landorus-Therian|Landorus-Therian, M|154\/382
|-ability|p1a: Landorus-Therian|Intimidate|[of] p2a: Azumarill
|-unboost|p2a: Azumarill|atk|1
|switch|p2a: Landorus-Therian|Landorus-Therian, M|328\/328
|-ability|p2a: Landorus-Therian|Intimidate|[of] p1a: Landorus-Therian
|-unboost|p1a: Landorus-Therian|atk|1
|
|-weather|Sandstorm|[upkeep]
|turn|10
|
|move|p2a: Landorus-Therian|U-turn|p1a: Landorus-Therian
|-resisted|p1a: Landorus-Therian
|-damage|p1a: Landorus-Therian|118\/382
|
|switch|p2a: Azumarill|Azumarill, F|2\/349 brn
|move|p1a: Landorus-Therian|Stealth Rock|p2a: Azumarill
|-sidestart|p2: Paul Gilbert|move: Stealth Rock
|
|-weather|Sandstorm|[upkeep]
|-damage|p2a: Azumarill|0 fnt|[from] sandstorm
|faint|p2a: Azumarill
|
|switch|p2a: Empoleon|Empoleon, M|371\/371
|-damage|p2a: Empoleon|348\/371|[from] Stealth Rock
|turn|11
|
|move|p1a: Landorus-Therian|Earthquake|p2a: Empoleon
|-supereffective|p2a: Empoleon
|-damage|p2a: Empoleon|142\/371
|move|p2a: Empoleon|Defog|p1a: Landorus-Therian
|-unboost|p1a: Landorus-Therian|evasion|1
|-sideend|p2: Paul Gilbert|Stealth Rock|[from] move: Defog|[of] p2a: Empoleon
|
|-weather|Sandstorm|[upkeep]
|-heal|p2a: Empoleon|165\/371|[from] item: Leftovers
|turn|12
|
|move|p1a: Landorus-Therian|Stealth Rock|p2a: Empoleon
|-sidestart|p2: Paul Gilbert|move: Stealth Rock
|move|p2a: Empoleon|Stealth Rock|p1a: Landorus-Therian
|-sidestart|p1: Louisxd|move: Stealth Rock
|
|-weather|none
|-heal|p2a: Empoleon|188\/371|[from] item: Leftovers
|turn|13
|chat|G123rocks|pingU!!!
|chat|G123rocks|bulky
|join|chargrilled is me
|chat|Paul Gilbert|lol
|
|switch|p2a: Landorus-Therian|Landorus-Therian, M|328\/328
|-damage|p2a: Landorus-Therian|287\/328|[from] Stealth Rock
|-ability|p2a: Landorus-Therian|Intimidate|[of] p1a: Landorus-Therian
|-unboost|p1a: Landorus-Therian|atk|1
|move|p1a: Landorus-Therian|Earthquake|p2a: Landorus-Therian
|-immune|p2a: Landorus-Therian|[msg]
|
|turn|14
|
|move|p2a: Landorus-Therian|U-turn|p1a: Landorus-Therian
|-resisted|p1a: Landorus-Therian
|-damage|p1a: Landorus-Therian|82\/382
|
|switch|p2a: Empoleon|Empoleon, M|188\/371
|-damage|p2a: Empoleon|165\/371|[from] Stealth Rock
|move|p1a: Landorus-Therian|U-turn|p2a: Empoleon
|-resisted|p2a: Empoleon
|-damage|p2a: Empoleon|149\/371
|
|switch|p1a: Keldeo|Keldeo|322\/322
|-damage|p1a: Keldeo|302\/322|[from] Stealth Rock
|
|-heal|p2a: Empoleon|172\/371|[from] item: Leftovers
|turn|15
|chat|Paul Gilbert|100% crit and burn isnt fun
|
|move|p1a: Keldeo|Secret Sword|p2a: Empoleon
|-supereffective|p2a: Empoleon
|-damage|p2a: Empoleon|0 fnt
|faint|p2a: Empoleon
|
|
|switch|p2a: Pinsir|Pinsir, F|271\/271
|-damage|p2a: Pinsir|204\/271|[from] Stealth Rock
|turn|16
|
|switch|p1a: Tyranitar|Tyranitar, M|252\/342
|-damage|p1a: Tyranitar|210\/342|[from] Stealth Rock
|-weather|Sandstorm
|detailschange|p2a: Pinsir|Pinsir-Mega, F
|message|Pinsir has Mega Evolved into Mega Pinsir!
|move|p2a: Pinsir|Substitute|p2a: Pinsir
|-start|p2a: Pinsir|Substitute
|-damage|p2a: Pinsir|137\/271
|
|-weather|Sandstorm|[upkeep]
|-damage|p2a: Pinsir|121\/271|[from] sandstorm
|turn|17
|chat|Louisxd|._.
|
|move|p1a: Tyranitar|Rock Slide|p2a: Pinsir
|-supereffective|p2a: Pinsir
|-end|p2a: Pinsir|Substitute
|move|p2a: Pinsir|Earthquake|p1a: Tyranitar
|-supereffective|p1a: Tyranitar
|-damage|p1a: Tyranitar|0 fnt
|faint|p1a: Tyranitar
|
|-weather|Sandstorm|[upkeep]
|-damage|p2a: Pinsir|105\/271|[from] sandstorm
|chat|Mentalist Swag|yea son
|
|switch|p1a: Thundurus|Thundurus, M|261\/305
|-damage|p1a: Thundurus|185\/305|[from] Stealth Rock
|turn|18
|
|move|p2a: Pinsir|Quick Attack|p1a: Thundurus
|-resisted|p1a: Thundurus
|-damage|p1a: Thundurus|116\/305
|move|p1a: Thundurus|Thunderbolt|p2a: Pinsir
|-supereffective|p2a: Pinsir
|-damage|p2a: Pinsir|0 fnt
|faint|p2a: Pinsir
|
|-weather|Sandstorm|[upkeep]
|-damage|p1a: Thundurus|97\/305|[from] sandstorm
|-heal|p1a: Thundurus|116\/305|[from] item: Leftovers
|chat|Paul Gilbert|lul
|chat|Mentalist Swag|rip
|
|switch|p2a: Conkeldurr|Conkeldurr, M|365\/365
|-damage|p2a: Conkeldurr|343\/365|[from] Stealth Rock
|turn|19
|
|move|p1a: Thundurus|Hidden Power|p2a: Conkeldurr
|-supereffective|p2a: Conkeldurr
|-damage|p2a: Conkeldurr|203\/365
|move|p2a: Conkeldurr|Knock Off|p1a: Thundurus
|-damage|p1a: Thundurus|0 fnt
|-enditem|p1a: Thundurus|Leftovers|[from] move: Knock Off|[of] p2a: Conkeldurr
|faint|p1a: Thundurus
|
|-weather|Sandstorm|[upkeep]
|-damage|p2a: Conkeldurr|181\/365|[from] sandstorm
|chat|Paul Gilbert|hp flying :o
|
|switch|p1a: Starmie|Starmie|63\/261
|-damage|p1a: Starmie|31\/261|[from] Stealth Rock
|turn|20
|
|move|p2a: Conkeldurr|Mach Punch|p1a: Starmie
|-resisted|p1a: Starmie
|-damage|p1a: Starmie|0 fnt
|faint|p1a: Starmie
|
|-weather|none
|chat|Louisxd|aeohh
|
|switch|p1a: Charizard|Charizard, M|307\/307
|-damage|p1a: Charizard|154\/307|[from] Stealth Rock
|turn|21
|
|detailschange|p1a: Charizard|Charizard-Mega-Y, M
|message|Charizard has Mega Evolved into Mega Charizard!
|-weather|SunnyDay
|move|p1a: Charizard|Roost|p1a: Charizard
|-heal|p1a: Charizard|307\/307
|move|p2a: Conkeldurr|Stone Edge|p1a: Charizard|[miss]
|-miss|p2a: Conkeldurr|p1a: Charizard
|
|-weather|SunnyDay|[upkeep]
|turn|22
|leave|G123rocks
|chat|G Herbo|...\/
|chat|Paul Gilbert|of course
|
|switch|p2a: Magnezone|Magnezone|301\/301
|-damage|p2a: Magnezone|283\/301|[from] Stealth Rock
|move|p1a: Charizard|Fire Blast|p2a: Magnezone
|-supereffective|p2a: Magnezone
|-damage|p2a: Magnezone|0 fnt
|faint|p2a: Magnezone
|
|-weather|SunnyDay|[upkeep]
|
|switch|p2a: Landorus-Therian|Landorus-Therian, M|287\/328
|-damage|p2a: Landorus-Therian|246\/328|[from] Stealth Rock
|-ability|p2a: Landorus-Therian|Intimidate|[of] p1a: Charizard
|-unboost|p1a: Charizard|atk|1
|turn|23
|chat|Mentalist Swag|i told you to suspect test hax
|
|switch|p1a: Landorus-Therian|Landorus-Therian, M|82\/382
|-damage|p1a: Landorus-Therian|35\/382|[from] Stealth Rock
|-ability|p1a: Landorus-Therian|Intimidate|[of] p2a: Landorus-Therian
|-unboost|p2a: Landorus-Therian|atk|1
|move|p2a: Landorus-Therian|Stone Edge|p1a: Landorus-Therian
|-damage|p1a: Landorus-Therian|0 fnt
|faint|p1a: Landorus-Therian
|
|-weather|SunnyDay|[upkeep]
|chat|Mentalist Swag|smogon ignores
|
|switch|p1a: Keldeo|Keldeo|302\/322
|-damage|p1a: Keldeo|282\/322|[from] Stealth Rock
|turn|24
|chat|Paul Gilbert|Well I lose because of that miss
|chat|Paul Gilbert|The more skillfill player goes on to vote
|
|switch|p2a: Conkeldurr|Conkeldurr, M|181\/365
|-damage|p2a: Conkeldurr|159\/365|[from] Stealth Rock
|move|p1a: Keldeo|Scald|p2a: Conkeldurr
|-damage|p2a: Conkeldurr|80\/365
|-status|p2a: Conkeldurr|brn
|
|-weather|SunnyDay|[upkeep]
|-damage|p2a: Conkeldurr|35\/365 brn|[from] brn
|turn|25
|
|move|p2a: Conkeldurr|Mach Punch|p1a: Keldeo
|-crit|p1a: Keldeo
|-damage|p1a: Keldeo|63\/322
|move|p1a: Keldeo|Scald|p2a: Conkeldurr
|-damage|p2a: Conkeldurr|0 fnt
|faint|p2a: Conkeldurr
|
|-weather|none
|
|switch|p2a: Landorus-Therian|Landorus-Therian, M|246\/328
|-damage|p2a: Landorus-Therian|205\/328|[from] Stealth Rock
|-ability|p2a: Landorus-Therian|Intimidate|[of] p1a: Keldeo
|-unboost|p1a: Keldeo|atk|1
|turn|26
|
|move|p2a: Landorus-Therian|Stone Edge|p1a: Keldeo
|-resisted|p1a: Keldeo
|-damage|p1a: Keldeo|0 fnt
|faint|p1a: Keldeo
|
|chat|Paul Gilbert|unless
|
|switch|p1a: Charizard|Charizard-Mega-Y, M|307\/307
|-damage|p1a: Charizard|154\/307|[from] Stealth Rock
|-weather|SunnyDay
|turn|27
|chat|Mentalist Swag|maybe
|chat|Paul Gilbert|i hit now
|
|move|p2a: Landorus-Therian|Stone Edge|p1a: Charizard|[miss]
|-miss|p2a: Landorus-Therian|p1a: Charizard
|move|p1a: Charizard|Fire Blast|p2a: Landorus-Therian|[miss]
|-miss|p1a: Charizard|p2a: Landorus-Therian
|
|-weather|SunnyDay|[upkeep]
|turn|28
|chat|Mentalist Swag|hax
|
|move|p2a: Landorus-Therian|Stone Edge|p1a: Charizard
|-supereffective|p1a: Charizard
|-damage|p1a: Charizard|0 fnt
|faint|p1a: Charizard
|
|win|Paul Gilbert
|raw|Ladder updating...
|raw|Louisxd's rating: 1153 &rarr; <strong>1129<\/strong><br \/>(-24 for losing)
|raw|Paul Gilbert's rating: 1170 &rarr; <strong>1193<\/strong><br \/>(+23 for winning)
|chat|G Herbo|lololol
|chat|kullhadd hekk|does solarbeam kill? lol
|chat|Paul Gilbert|!!!!!!