|J|Savage Alby
|J|NJNP
|player|p1|Savage Alby|266
|player|p2|NJNP|102
|gametype|singles
|gen|6
|tier|OU
|clearpoke
|poke|p1|Scizor, F
|poke|p1|Thundurus, M
|poke|p1|Hippowdon, M
|poke|p1|Manaphy
|poke|p1|Bisharp, M
|poke|p1|Latios, M
|poke|p2|Sylveon, F
|poke|p2|Talonflame, F
|poke|p2|Conkeldurr, M
|poke|p2|Azumarill, F
|poke|p2|Mamoswine, M
|poke|p2|Sableye, F
|rule|Swagger Clause: Swagger is banned
|rule|Baton Pass Clause: Limit one PokÃ©mon knowing Baton Pass
|rule|Sleep Clause Mod: Limit one foe put to sleep
|rule|Species Clause: Limit one of each PokÃ©mon
|rule|OHKO Clause: OHKO moves are banned
|rule|Moody Clause: Moody is banned
|rule|Evasion Moves Clause: Evasion moves are banned
|rule|Endless Battle Clause: Forcing endless battles is banned
|rule|HP Percentage Mod: HP is shown in percentages
|teampreview
|
|start
|switch|p1a: Manaphy|Manaphy|404\/404
|switch|p2a: Sableye|Sableye, F|303\/303
|turn|1
|
|switch|p2a: Conkeldurr|Conkeldurr, M|413\/413
|move|p1a: Manaphy|Tail Glow|p1a: Manaphy
|-boost|p1a: Manaphy|spa|3
|
|turn|2
|
|move|p1a: Manaphy|Tail Glow|p1a: Manaphy
|-boost|p1a: Manaphy|spa|3
|move|p2a: Conkeldurr|Drain Punch|p1a: Manaphy
|-damage|p1a: Manaphy|284\/404
|
|-heal|p1a: Manaphy|309\/404|[from] item: Leftovers
|turn|3
|
|move|p1a: Manaphy|Rain Dance|p1a: Manaphy
|-weather|RainDance
|move|p2a: Conkeldurr|Drain Punch|p1a: Manaphy
|-damage|p1a: Manaphy|186\/404
|
|-weather|RainDance|[upkeep]
|-heal|p1a: Manaphy|211\/404|[from] item: Leftovers
|turn|4
|c|âNJNP|rip me :P
|
|move|p1a: Manaphy|Rest|p1a: Manaphy
|-status|p1a: Manaphy|slp
|-heal|p1a: Manaphy|404\/404 slp|[silent]
|-status|p1a: Manaphy|slp|[from] move: Rest
|move|p2a: Conkeldurr|Drain Punch|p1a: Manaphy
|-damage|p1a: Manaphy|277\/404 slp
|
|-weather|RainDance|[upkeep]
|-curestatus|p1a: Manaphy|slp
|-heal|p1a: Manaphy|302\/404|[from] item: Leftovers
|turn|5
|
|move|p1a: Manaphy|Scald|p2a: Conkeldurr
|-damage|p2a: Conkeldurr|0 fnt
|faint|p2a: Conkeldurr
|
|-weather|RainDance|[upkeep]
|-heal|p1a: Manaphy|327\/404|[from] item: Leftovers
|
|switch|p2a: Azumarill|Azumarill, F|342\/342
|turn|6
|
|move|p1a: Manaphy|Scald|p2a: Azumarill
|-resisted|p2a: Azumarill
|-damage|p2a: Azumarill|10\/342
|-enditem|p2a: Azumarill|Sitrus Berry|[eat]
|-heal|p2a: Azumarill|95\/342|[from] item: Sitrus Berry
|move|p2a: Azumarill|Play Rough|p1a: Manaphy
|-damage|p1a: Manaphy|195\/404
|
|-weather|RainDance|[upkeep]
|-heal|p1a: Manaphy|220\/404|[from] item: Leftovers
|turn|7
|
|move|p2a: Azumarill|Aqua Jet|p1a: Manaphy
|-resisted|p1a: Manaphy
|-damage|p1a: Manaphy|172\/404
|move|p1a: Manaphy|Scald|p2a: Azumarill
|-resisted|p2a: Azumarill
|-damage|p2a: Azumarill|0 fnt
|faint|p2a: Azumarill
|
|-weather|none
|-heal|p1a: Manaphy|197\/404|[from] item: Leftovers
|
|switch|p2a: Sylveon|Sylveon, F|394\/394
|turn|8
|
|move|p1a: Manaphy|Scald|p2a: Sylveon
|-crit|p2a: Sylveon
|-damage|p2a: Sylveon|0 fnt
|faint|p2a: Sylveon
|
|-heal|p1a: Manaphy|222\/404|[from] item: Leftovers
|
|switch|p2a: Talonflame|Talonflame, F|298\/298
|turn|9
|
|move|p2a: Talonflame|Brave Bird|p1a: Manaphy
|-damage|p1a: Manaphy|75\/404
|-damage|p2a: Talonflame|249\/298|[from] recoil|[of] p1a: Manaphy
|move|p1a: Manaphy|Scald|p2a: Talonflame
|-supereffective|p2a: Talonflame
|-damage|p2a: Talonflame|0 fnt
|faint|p2a: Talonflame
|
|-heal|p1a: Manaphy|100\/404|[from] item: Leftovers
|
|switch|p2a: Sableye|Sableye, F|303\/303
|turn|10
|
|detailschange|p2a: Sableye|Sableye-Mega, F
|-mega|p2a: Sableye|Sableye|Sablenite
|move|p1a: Manaphy|Rain Dance|p1a: Manaphy
|-weather|RainDance
|move|p2a: Sableye|Dark Pulse|p1a: Manaphy
|-crit|p1a: Manaphy
|-damage|p1a: Manaphy|0 fnt
|faint|p1a: Manaphy
|
|-weather|RainDance|[upkeep]
|c|âNJNP|lol
|c|âNJNP|why not get 6-0?
|
|switch|p1a: Thundurus|Thundurus, M|299\/299
|turn|11
|
|switch|p2a: Mamoswine|Mamoswine, M|423\/423
|move|p1a: Thundurus|Thunderbolt|p2a: Mamoswine
|-immune|p2a: Mamoswine|[msg]
|
|-weather|RainDance|[upkeep]
|turn|12
|
|switch|p2a: Sableye|Sableye-Mega, F|303\/303
|move|p1a: Thundurus|Hidden Power|p2a: Sableye
|-damage|p2a: Sableye|244\/303
|
|-weather|RainDance|[upkeep]
|turn|13
|c|âSavage Alby|meh i dont really care to 6-0
|c|âSavage Alby|lol
|
|switch|p2a: Mamoswine|Mamoswine, M|423\/423
|move|p1a: Thundurus|Thunderbolt|p2a: Mamoswine
|-immune|p2a: Mamoswine|[msg]
|
|-weather|RainDance|[upkeep]
|turn|14
|
|switch|p1a: Scizor|Scizor, F|307\/307
|move|p2a: Mamoswine|Icicle Crash|p1a: Scizor
|-resisted|p1a: Scizor
|-damage|p1a: Scizor|204\/307
|-damage|p2a: Mamoswine|381\/423|[from] item: Life Orb
|
|-weather|none
|turn|15
|
|detailschange|p1a: Scizor|Scizor-Mega, F
|-mega|p1a: Scizor|Scizor|Scizorite
|move|p1a: Scizor|Swords Dance|p1a: Scizor
|-boost|p1a: Scizor|atk|2
|move|p2a: Mamoswine|Earthquake|p1a: Scizor
|-damage|p1a: Scizor|9\/307
|-damage|p2a: Mamoswine|339\/423|[from] item: Life Orb
|
|turn|16
|c|âNJNP|dat hurts.
|c|âNJNP|lol
|
|switch|p1a: Bisharp|Bisharp, M|271\/271
|move|p2a: Mamoswine|Ice Shard|p1a: Bisharp
|-resisted|p1a: Bisharp
|-damage|p1a: Bisharp|220\/271
|-damage|p2a: Mamoswine|297\/423|[from] item: Life Orb
|
|turn|17
|
|move|p1a: Bisharp|Knock Off|p2a: Mamoswine
|-damage|p2a: Mamoswine|86\/423
|-enditem|p2a: Mamoswine|Life Orb|[from] move: Knock Off|[of] p1a: Bisharp
|move|p2a: Mamoswine|Earthquake|p1a: Bisharp
|-supereffective|p1a: Bisharp
|-damage|p1a: Bisharp|0 fnt
|faint|p1a: Bisharp
|
|
|switch|p1a: Latios|Latios, M|301\/301
|turn|18
|
|move|p2a: Mamoswine|Ice Shard|p1a: Latios
|-supereffective|p1a: Latios
|-damage|p1a: Latios|107\/301
|move|p1a: Latios|Psyshock|p2a: Mamoswine
|-crit|p2a: Mamoswine
|-damage|p2a: Mamoswine|0 fnt
|faint|p2a: Mamoswine
|
|
|switch|p2a: Sableye|Sableye-Mega, F|244\/303
|turn|19
|
|move|p1a: Latios|Draco Meteor|p2a: Sableye
|-damage|p2a: Sableye|49\/303
|-unboost|p1a: Latios|spa|2
|move|p2a: Sableye|Recover|p2a: Sableye
|-heal|p2a: Sableye|201\/303
|
|turn|20
|
|switch|p1a: Thundurus|Thundurus, M|299\/299
|move|p2a: Sableye|Calm Mind|p2a: Sableye
|-boost|p2a: Sableye|spa|1
|-boost|p2a: Sableye|spd|1
|
|turn|21
|
|move|p1a: Thundurus|Thunderbolt|p2a: Sableye
|-damage|p2a: Sableye|114\/303
|-status|p2a: Sableye|par
|move|p2a: Sableye|Recover|p2a: Sableye
|-heal|p2a: Sableye|266\/303 par
|
|turn|22
|c|âNJNP|para.
|c|âNJNP|seriously.
|c|âNJNP|lol
|
|move|p1a: Thundurus|Thunderbolt|p2a: Sableye
|-damage|p2a: Sableye|164\/303 par
|cant|p2a: Sableye|par
|
|turn|23
|
|move|p1a: Thundurus|Thunderbolt|p2a: Sableye
|-damage|p2a: Sableye|71\/303 par
|move|p2a: Sableye|Recover|p2a: Sableye
|-heal|p2a: Sableye|223\/303 par
|
|turn|24
|
|move|p1a: Thundurus|Thunderbolt|p2a: Sableye
|-damage|p2a: Sableye|138\/303 par
|move|p2a: Sableye|Calm Mind|p2a: Sableye
|-boost|p2a: Sableye|spa|1
|-boost|p2a: Sableye|spd|1
|
|turn|25
|
|move|p1a: Thundurus|Thunderbolt|p2a: Sableye
|-damage|p2a: Sableye|69\/303 par
|cant|p2a: Sableye|par
|
|turn|26
|c|âNJNP|mhm
|
|move|p1a: Thundurus|Thunderbolt|p2a: Sableye
|-damage|p2a: Sableye|0 fnt
|faint|p2a: Sableye
|
|win|Savage Alby
|L|Savage Alby
|player|p1