|join|sanu canoe
|join|Savage Alby
|player|p1|sanu canoe|1
|player|p2|Savage Alby|265
|gametype|singles
|gen|5
|tier|[Gen 5] OU
|rated
|rule|Evasion Abilities Clause: Evasion abilities are banned
|clearpoke
|poke|p1|Politoed, F
|poke|p1|Chansey, F
|poke|p1|Ferrothorn, F
|poke|p1|Tentacruel, M
|poke|p1|Skarmory, F
|poke|p1|Gliscor, F
|poke|p2|Toxicroak, M
|poke|p2|Latios, M
|poke|p2|Garchomp, F
|poke|p2|Jirachi
|poke|p2|Ditto
|poke|p2|Scizor, M
|rule|Sleep Clause Mod: Limit one foe put to sleep
|rule|Species Clause: Limit one of each PokÃ©mon
|rule|OHKO Clause: OHKO moves are banned
|rule|Moody Clause: Moody is banned
|rule|Evasion Moves Clause: Evasion moves are banned
|rule|Endless Battle Clause: Forcing endless battles is banned
|rule|HP Percentage Mod: HP is shown in percentages
|teampreview
|
|start
|switch|p1a: Politoed|Politoed, F|384\/384
|switch|p2a: Jirachi|Jirachi|341\/341
|-weather|RainDance|[from] ability: Drizzle|[of] p1a: Politoed
|turn|1
|
|move|p2a: Jirachi|Thunderbolt|p1a: Politoed
|-supereffective|p1a: Politoed
|-damage|p1a: Politoed|175\/384
|move|p1a: Politoed|Scald|p2a: Jirachi
|-damage|p2a: Jirachi|200\/341
|
|-weather|RainDance|[upkeep]
|-heal|p1a: Politoed|199\/384|[from] item: Leftovers
|turn|2
|
|switch|p2a: Garchomp|Garchomp, F|357\/357
|move|p1a: Politoed|Protect|p1a: Politoed
|-fail|p1a: Politoed
|
|-weather|RainDance|[upkeep]
|-heal|p1a: Politoed|223\/384|[from] item: Leftovers
|turn|3
|
|switch|p1a: Ferrothorn|Ferrothorn, F|352\/352
|move|p2a: Garchomp|Stealth Rock|p1a: Ferrothorn
|-sidestart|p1: sanu canoe|move: Stealth Rock
|
|-weather|RainDance|[upkeep]
|turn|4
|
|move|p2a: Garchomp|Fire Blast|p1a: Ferrothorn
|-supereffective|p1a: Ferrothorn
|-damage|p1a: Ferrothorn|236\/352
|-status|p1a: Ferrothorn|brn
|move|p1a: Ferrothorn|Leech Seed|p2a: Garchomp
|-start|p2a: Garchomp|move: Leech Seed
|
|-weather|RainDance|[upkeep]
|-heal|p1a: Ferrothorn|258\/352 brn|[from] item: Leftovers
|-damage|p2a: Garchomp|313\/357|[from] Leech Seed|[of] p1a: Ferrothorn
|-heal|p1a: Ferrothorn|302\/352 brn|[silent]
|-damage|p1a: Ferrothorn|258\/352 brn|[from] brn
|turn|5
|
|move|p2a: Garchomp|Fire Blast|p1a: Ferrothorn
|-crit|p1a: Ferrothorn
|-supereffective|p1a: Ferrothorn
|-damage|p1a: Ferrothorn|38\/352 brn
|move|p1a: Ferrothorn|Stealth Rock|p2a: Garchomp
|-sidestart|p2: Savage Alby|move: Stealth Rock
|
|-weather|RainDance|[upkeep]
|-heal|p1a: Ferrothorn|60\/352 brn|[from] item: Leftovers
|-damage|p2a: Garchomp|269\/357|[from] Leech Seed|[of] p1a: Ferrothorn
|-heal|p1a: Ferrothorn|104\/352 brn|[silent]
|-damage|p1a: Ferrothorn|60\/352 brn|[from] brn
|turn|6
|
|switch|p2a: Jirachi|Jirachi|200\/341
|-damage|p2a: Jirachi|179\/341|[from] Stealth Rock
|switch|p1a: Chansey|Chansey, F|641\/641
|-damage|p1a: Chansey|561\/641|[from] Stealth Rock
|
|-weather|RainDance|[upkeep]
|turn|7
|
|move|p2a: Jirachi|Iron Head|p1a: Chansey
|-damage|p1a: Chansey|432\/641
|cant|p1a: Chansey|flinch
|
|-weather|RainDance|[upkeep]
|turn|8
|
|move|p2a: Jirachi|Iron Head|p1a: Chansey
|-damage|p1a: Chansey|305\/641
|cant|p1a: Chansey|flinch
|
|-weather|RainDance|[upkeep]
|turn|9
|
|move|p2a: Jirachi|Iron Head|p1a: Chansey
|-damage|p1a: Chansey|181\/641
|move|p1a: Chansey|Soft-Boiled|p1a: Chansey
|-heal|p1a: Chansey|502\/641
|
|-weather|RainDance|[upkeep]
|turn|10
|
|move|p2a: Jirachi|Iron Head|p1a: Chansey
|-damage|p1a: Chansey|373\/641
|cant|p1a: Chansey|flinch
|
|-weather|RainDance|[upkeep]
|turn|11
|
|move|p2a: Jirachi|Iron Head|p1a: Chansey
|-damage|p1a: Chansey|249\/641
|cant|p1a: Chansey|flinch
|
|-weather|RainDance|[upkeep]
|turn|12
|
|move|p2a: Jirachi|Iron Head|p1a: Chansey
|-damage|p1a: Chansey|120\/641
|cant|p1a: Chansey|flinch
|
|-weather|RainDance|[upkeep]
|turn|13
|
|move|p2a: Jirachi|Iron Head|p1a: Chansey
|-damage|p1a: Chansey|0 fnt
|faint|p1a: Chansey
|
|-weather|RainDance|[upkeep]
|
|switch|p1a: Tentacruel|Tentacruel, M|363\/363
|-damage|p1a: Tentacruel|318\/363|[from] Stealth Rock
|turn|14
|
|switch|p2a: Toxicroak|Toxicroak, M|307\/307
|-damage|p2a: Toxicroak|288\/307|[from] Stealth Rock
|move|p1a: Tentacruel|Rapid Spin|p2a: Toxicroak
|-damage|p2a: Toxicroak|271\/307
|-sideend|p1: sanu canoe|Stealth Rock|[from] move: Rapid Spin|[of] p1a: Tentacruel
|
|-weather|RainDance|[upkeep]
|-heal|p2a: Toxicroak|307\/307|[from] ability: Dry Skin
|-heal|p1a: Tentacruel|340\/363|[from] ability: Rain Dish
|-heal|p1a: Tentacruel|362\/363|[from] item: Black Sludge
|turn|15
|
|switch|p1a: Skarmory|Skarmory, F|327\/327
|move|p2a: Toxicroak|Drain Punch|p1a: Skarmory
|-damage|p1a: Skarmory|233\/327
|-damage|p2a: Toxicroak|277\/307|[from] item: Life Orb
|
|-weather|RainDance|[upkeep]
|-heal|p2a: Toxicroak|307\/307|[from] ability: Dry Skin
|-heal|p1a: Skarmory|253\/327|[from] item: Leftovers
|turn|16
|
|switch|p2a: Jirachi|Jirachi|179\/341
|-damage|p2a: Jirachi|158\/341|[from] Stealth Rock
|move|p1a: Skarmory|Roost|p1a: Skarmory
|-heal|p1a: Skarmory|327\/327
|
|-weather|RainDance|[upkeep]
|turn|17
|
|switch|p1a: Ferrothorn|Ferrothorn, F|60\/352 brn
|move|p2a: Jirachi|Thunderbolt|p1a: Ferrothorn
|-resisted|p1a: Ferrothorn
|-damage|p1a: Ferrothorn|30\/352 brn
|
|-weather|RainDance|[upkeep]
|-heal|p1a: Ferrothorn|52\/352 brn|[from] item: Leftovers
|-damage|p1a: Ferrothorn|8\/352 brn|[from] brn
|turn|18
|
|move|p2a: Jirachi|Thunderbolt|p1a: Ferrothorn
|-resisted|p1a: Ferrothorn
|-damage|p1a: Ferrothorn|0 fnt
|faint|p1a: Ferrothorn
|
|-weather|RainDance|[upkeep]
|
|switch|p1a: Gliscor|Gliscor, F|352\/352
|turn|19
|
|move|p1a: Gliscor|Substitute|p1a: Gliscor
|-start|p1a: Gliscor|Substitute
|-damage|p1a: Gliscor|264\/352
|move|p2a: Jirachi|Hidden Power|p1a: Gliscor
|-supereffective|p1a: Gliscor
|-end|p1a: Gliscor|Substitute
|
|-weather|RainDance|[upkeep]
|-status|p1a: Gliscor|tox|[from] item: Toxic Orb
|turn|20
|
|switch|p2a: Latios|Latios, M|301\/301
|-damage|p2a: Latios|264\/301|[from] Stealth Rock
|move|p1a: Gliscor|Protect|p1a: Gliscor
|-fail|p1a: Gliscor
|
|-weather|RainDance|[upkeep]
|-heal|p1a: Gliscor|308\/352 tox|[from] ability: Poison Heal
|turn|21
|
|move|p1a: Gliscor|Protect|p1a: Gliscor
|-singleturn|p1a: Gliscor|Protect
|move|p2a: Latios|Draco Meteor|p1a: Gliscor
|-activate|p1a: Gliscor|Protect
|
|-weather|RainDance|[upkeep]
|-heal|p1a: Gliscor|352\/352 tox|[from] ability: Poison Heal
|turn|22
|c|âsanu canoe|i actually needed ferro damn
|
|switch|p1a: Skarmory|Skarmory, F|327\/327
|move|p2a: Latios|Draco Meteor|p1a: Skarmory
|-resisted|p1a: Skarmory
|-damage|p1a: Skarmory|162\/327
|-unboost|p2a: Latios|spa|2
|
|-weather|RainDance|[upkeep]
|-heal|p1a: Skarmory|182\/327|[from] item: Leftovers
|turn|23
|
|switch|p2a: Jirachi|Jirachi|158\/341
|-damage|p2a: Jirachi|137\/341|[from] Stealth Rock
|move|p1a: Skarmory|Roost|p1a: Skarmory
|-heal|p1a: Skarmory|327\/327
|
|-weather|RainDance|[upkeep]
|turn|24
|
|switch|p1a: Tentacruel|Tentacruel, M|362\/363
|move|p2a: Jirachi|Hidden Power|p1a: Tentacruel
|-resisted|p1a: Tentacruel
|-damage|p1a: Tentacruel|335\/363
|
|-weather|RainDance|[upkeep]
|-heal|p1a: Tentacruel|357\/363|[from] ability: Rain Dish
|-heal|p1a: Tentacruel|363\/363|[from] item: Black Sludge
|turn|25
|
|switch|p2a: Latios|Latios, M|264\/301
|-damage|p2a: Latios|227\/301|[from] Stealth Rock
|move|p1a: Tentacruel|Scald|p2a: Latios
|-resisted|p2a: Latios
|-damage|p2a: Latios|177\/301
|-status|p2a: Latios|brn
|
|-weather|RainDance|[upkeep]
|-damage|p2a: Latios|140\/301 brn|[from] brn
|turn|26
|
|move|p1a: Tentacruel|Protect|p1a: Tentacruel
|-singleturn|p1a: Tentacruel|Protect
|move|p2a: Latios|Draco Meteor|p1a: Tentacruel
|-activate|p1a: Tentacruel|Protect
|
|-weather|RainDance|[upkeep]
|-damage|p2a: Latios|103\/301 brn|[from] brn
|turn|27
|
|switch|p1a: Skarmory|Skarmory, F|327\/327
|move|p2a: Latios|Psyshock|p1a: Skarmory
|-resisted|p1a: Skarmory
|-damage|p1a: Skarmory|284\/327
|
|-weather|RainDance|[upkeep]
|-heal|p1a: Skarmory|304\/327|[from] item: Leftovers
|-damage|p2a: Latios|66\/301 brn|[from] brn
|turn|28
|
|move|p2a: Latios|Roost|p2a: Latios
|-heal|p2a: Latios|217\/301 brn
|move|p1a: Skarmory|Spikes|p2a: Latios
|-sidestart|p2: Savage Alby|Spikes
|
|-weather|RainDance|[upkeep]
|-heal|p1a: Skarmory|324\/327|[from] item: Leftovers
|-damage|p2a: Latios|180\/301 brn|[from] brn
|turn|29
|
|switch|p1a: Politoed|Politoed, F|223\/384
|move|p2a: Latios|Hidden Power|p1a: Politoed
|-resisted|p1a: Politoed
|-damage|p1a: Politoed|201\/384
|
|-weather|RainDance|[upkeep]
|-heal|p1a: Politoed|225\/384|[from] item: Leftovers
|-damage|p2a: Latios|143\/301 brn|[from] brn
|turn|30
|
|switch|p1a: Skarmory|Skarmory, F|324\/327
|move|p2a: Latios|Psyshock|p1a: Skarmory
|-resisted|p1a: Skarmory
|-damage|p1a: Skarmory|284\/327
|
|-weather|RainDance|[upkeep]
|-heal|p1a: Skarmory|304\/327|[from] item: Leftovers
|-damage|p2a: Latios|106\/301 brn|[from] brn
|turn|31
|
|move|p2a: Latios|Roost|p2a: Latios
|-heal|p2a: Latios|257\/301 brn
|move|p1a: Skarmory|Spikes|p2a: Latios
|-sidestart|p2: Savage Alby|Spikes
|
|-weather|RainDance|[upkeep]
|-heal|p1a: Skarmory|324\/327|[from] item: Leftovers
|-damage|p2a: Latios|220\/301 brn|[from] brn
|turn|32
|
|move|p2a: Latios|Hidden Power|p1a: Skarmory
|-supereffective|p1a: Skarmory
|-damage|p1a: Skarmory|190\/327
|move|p1a: Skarmory|Spikes|p2a: Latios
|-sidestart|p2: Savage Alby|Spikes
|
|-weather|RainDance|[upkeep]
|-heal|p1a: Skarmory|210\/327|[from] item: Leftovers
|-damage|p2a: Latios|183\/301 brn|[from] brn
|turn|33
|
|move|p2a: Latios|Hidden Power|p1a: Skarmory
|-supereffective|p1a: Skarmory
|-damage|p1a: Skarmory|66\/327
|move|p1a: Skarmory|Roost|p1a: Skarmory
|-heal|p1a: Skarmory|230\/327
|
|-weather|RainDance|[upkeep]
|-heal|p1a: Skarmory|250\/327|[from] item: Leftovers
|-damage|p2a: Latios|146\/301 brn|[from] brn
|turn|34
|
|move|p2a: Latios|Roost|p2a: Latios
|-heal|p2a: Latios|297\/301 brn
|move|p1a: Skarmory|Roost|p1a: Skarmory
|-heal|p1a: Skarmory|327\/327
|
|-weather|RainDance|[upkeep]
|-damage|p2a: Latios|260\/301 brn|[from] brn
|turn|35
|
|move|p2a: Latios|Hidden Power|p1a: Skarmory
|-supereffective|p1a: Skarmory
|-damage|p1a: Skarmory|190\/327
|move|p1a: Skarmory|Whirlwind|p2a: Latios
|drag|p2a: Scizor|Scizor, M|343\/343
|-damage|p2a: Scizor|258\/343|[from] Spikes
|-damage|p2a: Scizor|216\/343|[from] Stealth Rock
|
|-weather|RainDance|[upkeep]
|-heal|p1a: Skarmory|210\/327|[from] item: Leftovers
|turn|36
|
|move|p1a: Skarmory|Roost|p1a: Skarmory
|-heal|p1a: Skarmory|327\/327
|move|p2a: Scizor|Swords Dance|p2a: Scizor
|-boost|p2a: Scizor|atk|2
|
|-weather|RainDance|[upkeep]
|turn|37
|
|move|p2a: Scizor|Bullet Punch|p1a: Skarmory
|-resisted|p1a: Skarmory
|-damage|p1a: Skarmory|250\/327
|move|p1a: Skarmory|Whirlwind|p2a: Scizor
|drag|p2a: Jirachi|Jirachi|137\/341
|-damage|p2a: Jirachi|116\/341|[from] Stealth Rock
|-damage|p2a: Jirachi|31\/341|[from] Spikes
|
|-weather|RainDance|[upkeep]
|-heal|p1a: Skarmory|270\/327|[from] item: Leftovers
|turn|38
|
|switch|p1a: Gliscor|Gliscor, F|352\/352 tox
|move|p2a: Jirachi|Thunderbolt|p1a: Gliscor
|-immune|p1a: Gliscor|[msg]
|
|-weather|RainDance|[upkeep]
|turn|39
|
|move|p1a: Gliscor|Earthquake|p2a: Jirachi
|-supereffective|p2a: Jirachi
|-damage|p2a: Jirachi|0 fnt
|faint|p2a: Jirachi
|
|-weather|RainDance|[upkeep]
|
|switch|p2a: Toxicroak|Toxicroak, M|307\/307
|-damage|p2a: Toxicroak|231\/307|[from] Spikes
|-damage|p2a: Toxicroak|212\/307|[from] Stealth Rock
|turn|40
|
|move|p2a: Toxicroak|Ice Punch|p1a: Gliscor
|-supereffective|p1a: Gliscor
|-damage|p1a: Gliscor|56\/352 tox
|-damage|p2a: Toxicroak|182\/307|[from] item: Life Orb
|move|p1a: Gliscor|Earthquake|p2a: Toxicroak
|-supereffective|p2a: Toxicroak
|-damage|p2a: Toxicroak|0 fnt
|faint|p2a: Toxicroak
|
|-weather|RainDance|[upkeep]
|-heal|p1a: Gliscor|100\/352 tox|[from] ability: Poison Heal
|
|switch|p2a: Latios|Latios, M|260\/301 brn
|-damage|p2a: Latios|223\/301 brn|[from] Stealth Rock
|turn|41
|
|move|p1a: Gliscor|Protect|p1a: Gliscor
|-singleturn|p1a: Gliscor|Protect
|move|p2a: Latios|Psyshock|p1a: Gliscor
|-activate|p1a: Gliscor|Protect
|
|-weather|RainDance|[upkeep]
|-damage|p2a: Latios|186\/301 brn|[from] brn
|-heal|p1a: Gliscor|144\/352 tox|[from] ability: Poison Heal
|turn|42
|
|switch|p1a: Politoed|Politoed, F|225\/384
|move|p2a: Latios|Hidden Power|p1a: Politoed
|-resisted|p1a: Politoed
|-damage|p1a: Politoed|205\/384
|
|-weather|RainDance|[upkeep]
|-heal|p1a: Politoed|229\/384|[from] item: Leftovers
|-damage|p2a: Latios|149\/301 brn|[from] brn
|turn|43
|c|âSavage Alby|gg
|-message|Savage Alby forfeited.
|leave|Savage Alby
|
|win|sanu canoe
|raw|Ladder updating...
|player|p2