|join|Savage Alby
|join|cacajri
|player|p1|Savage Alby|44
|player|p2|cacajri|102
|gametype|singles
|gen|6
|tier|OU
|rated
|clearpoke
|poke|p1|Scizor, M
|poke|p1|Thundurus, M
|poke|p1|Bisharp, M, shiny
|poke|p1|Keldeo
|poke|p1|Dragonite, M
|poke|p1|Mamoswine, M
|poke|p2|Porygon2, shiny
|poke|p2|Ferrothorn, M
|poke|p2|Clefable, F
|poke|p2|Charizard, M
|poke|p2|Garchomp, F
|poke|p2|Keldeo
|rule|Swagger Clause: Swagger is banned
|rule|Baton Pass Clause: Limit one PokÃ©mon knowing Baton Pass
|rule|Sleep Clause Mod: Limit one foe put to sleep
|rule|Species Clause: Limit one of each PokÃ©mon
|rule|OHKO Clause: OHKO moves are banned
|rule|Moody Clause: Moody is banned
|rule|Evasion Moves Clause: Evasion moves are banned
|rule|Endless Battle Clause: Forcing endless battles is banned
|rule|HP Percentage Mod: HP is shown in percentages
|teampreview
|
|start
|switch|p1a: Dragonite|Dragonite, M|323\/323
|switch|p2a: Porygon2|Porygon2, shiny|374\/374
|-boost|p2a: Porygon2|spa|1|[from] ability: Download
|turn|1
|
|switch|p1a: Bisharp|Bisharp, M, shiny|271\/271
|move|p2a: Porygon2|Tri Attack|p1a: Bisharp
|-resisted|p1a: Bisharp
|-damage|p1a: Bisharp|157\/271
|
|turn|2
|
|move|p1a: Bisharp|Knock Off|p2a: Porygon2
|-damage|p2a: Porygon2|247\/374
|-enditem|p2a: Porygon2|Eviolite|[from] move: Knock Off|[of] p1a: Bisharp
|move|p2a: Porygon2|Tri Attack|p1a: Bisharp
|-resisted|p1a: Bisharp
|-damage|p1a: Bisharp|22\/271
|
|turn|3
|
|switch|p2a: Ferrothorn|Ferrothorn, M|352\/352
|move|p1a: Bisharp|Taunt|p2a: Ferrothorn
|-start|p2a: Ferrothorn|move: Taunt
|
|turn|4
|
|move|p1a: Bisharp|Knock Off|p2a: Ferrothorn
|-damage|p2a: Ferrothorn|204\/352
|-damage|p1a: Bisharp|0 fnt|[from] ability: Iron Barbs|[of] p2a: Ferrothorn
|faint|p1a: Bisharp
|move|p2a: Ferrothorn|Gyro Ball|p1: Bisharp|[notarget]
|-notarget
|
|-heal|p2a: Ferrothorn|226\/352|[from] item: Leftovers
|
|switch|p1a: Mamoswine|Mamoswine, M|361\/361
|turn|5
|
|move|p1a: Mamoswine|Stealth Rock|p2a: Ferrothorn
|-sidestart|p2: cacajri|move: Stealth Rock
|move|p2a: Ferrothorn|Power Whip|p1a: Mamoswine
|-supereffective|p1a: Mamoswine
|-damage|p1a: Mamoswine|0 fnt
|faint|p1a: Mamoswine
|
|-heal|p2a: Ferrothorn|248\/352|[from] item: Leftovers
|
|switch|p1a: Dragonite|Dragonite, M|323\/323
|turn|6
|
|move|p1a: Dragonite|Flamethrower|p2a: Ferrothorn
|-supereffective|p2a: Ferrothorn
|-damage|p2a: Ferrothorn|0 fnt
|-damage|p1a: Dragonite|291\/323|[from] item: Life Orb
|faint|p2a: Ferrothorn
|
|
|switch|p2a: Porygon2|Porygon2, shiny|247\/374
|-damage|p2a: Porygon2|201\/374|[from] Stealth Rock
|-boost|p2a: Porygon2|spa|1|[from] ability: Download
|turn|7
|
|move|p1a: Dragonite|Draco Meteor|p2a: Porygon2
|-damage|p2a: Porygon2|0 fnt
|-unboost|p1a: Dragonite|spa|2
|-damage|p1a: Dragonite|259\/323|[from] item: Life Orb
|faint|p2a: Porygon2
|
|
|switch|p2a: Charizard|Charizard, M|349\/349
|-damage|p2a: Charizard|175\/349|[from] Stealth Rock
|turn|8
|
|move|p2a: Charizard|Roost|p2a: Charizard
|-heal|p2a: Charizard|349\/349
|move|p1a: Dragonite|Draco Meteor|p2a: Charizard
|-damage|p2a: Charizard|188\/349
|-unboost|p1a: Dragonite|spa|2
|-damage|p1a: Dragonite|227\/323|[from] item: Life Orb
|
|turn|9
|
|move|p1a: Dragonite|Extreme Speed|p2a: Charizard
|-damage|p2a: Charizard|29\/349
|-damage|p1a: Dragonite|195\/323|[from] item: Life Orb
|move|p2a: Charizard|Dragon Dance|p2a: Charizard
|-boost|p2a: Charizard|atk|1
|-boost|p2a: Charizard|spe|1
|
|turn|10
|
|move|p1a: Dragonite|Extreme Speed|p2a: Charizard
|-crit|p2a: Charizard
|-damage|p2a: Charizard|0 fnt
|-damage|p1a: Dragonite|163\/323|[from] item: Life Orb
|faint|p2a: Charizard
|
|
|switch|p2a: Garchomp|Garchomp, F|357\/357
|-damage|p2a: Garchomp|335\/357|[from] Stealth Rock
|turn|11
|
|move|p2a: Garchomp|Dragon Claw|p1a: Dragonite
|-supereffective|p1a: Dragonite
|-damage|p1a: Dragonite|0 fnt
|faint|p1a: Dragonite
|
|
|switch|p1a: Thundurus|Thundurus, M|299\/299
|turn|12
|
|switch|p2a: Clefable|Clefable, F|394\/394
|move|p1a: Thundurus|Substitute|p1a: Thundurus
|-start|p1a: Thundurus|Substitute
|-damage|p1a: Thundurus|225\/299
|
|-heal|p1a: Thundurus|243\/299|[from] item: Leftovers
|turn|13
|
|move|p1a: Thundurus|Thunder Wave|p2a: Clefable
|-status|p2a: Clefable|par
|move|p2a: Clefable|Cosmic Power|p2a: Clefable
|-boost|p2a: Clefable|def|1
|-boost|p2a: Clefable|spd|1
|
|-heal|p1a: Thundurus|261\/299|[from] item: Leftovers
|turn|14
|
|move|p1a: Thundurus|Thunderbolt|p2a: Clefable
|-damage|p2a: Clefable|295\/394 par
|move|p2a: Clefable|Charge Beam|p1a: Thundurus
|-activate|p1a: Thundurus|Substitute|[damage]
|
|-heal|p1a: Thundurus|279\/299|[from] item: Leftovers
|-heal|p2a: Clefable|319\/394 par|[from] item: Leftovers
|turn|15
|
|switch|p1a: Keldeo|Keldeo|323\/323
|cant|p2a: Clefable|par
|
|-heal|p2a: Clefable|343\/394 par|[from] item: Leftovers
|turn|16
|
|move|p1a: Keldeo|Substitute|p1a: Keldeo
|-start|p1a: Keldeo|Substitute
|-damage|p1a: Keldeo|243\/323
|move|p2a: Clefable|Charge Beam|p1a: Keldeo
|-supereffective|p1a: Keldeo
|-end|p1a: Keldeo|Substitute
|
|-heal|p2a: Clefable|367\/394 par|[from] item: Leftovers
|turn|17
|
|move|p1a: Keldeo|Substitute|p1a: Keldeo
|-start|p1a: Keldeo|Substitute
|-damage|p1a: Keldeo|163\/323
|move|p2a: Clefable|Charge Beam|p1a: Keldeo
|-supereffective|p1a: Keldeo
|-end|p1a: Keldeo|Substitute
|
|-heal|p2a: Clefable|391\/394 par|[from] item: Leftovers
|turn|18
|
|move|p1a: Keldeo|Substitute|p1a: Keldeo
|-start|p1a: Keldeo|Substitute
|-damage|p1a: Keldeo|83\/323
|move|p2a: Clefable|Charge Beam|p1a: Keldeo
|-supereffective|p1a: Keldeo
|-end|p1a: Keldeo|Substitute
|-boost|p2a: Clefable|spa|1
|
|-heal|p2a: Clefable|394\/394 par|[from] item: Leftovers
|turn|19
|
|move|p1a: Keldeo|Substitute|p1a: Keldeo
|-start|p1a: Keldeo|Substitute
|-damage|p1a: Keldeo|3\/323
|-enditem|p1a: Keldeo|Salac Berry|[eat]
|-boost|p1a: Keldeo|spe|1|[from] item: Salac Berry
|move|p2a: Clefable|Charge Beam|p1a: Keldeo
|-supereffective|p1a: Keldeo
|-end|p1a: Keldeo|Substitute
|-boost|p2a: Clefable|spa|1
|
|turn|20
|
|move|p1a: Keldeo|Endeavor|p2a: Clefable
|-damage|p2a: Clefable|3\/394 par
|move|p2a: Clefable|Charge Beam|p1a: Keldeo|[miss]
|-miss|p2a: Clefable|p1a: Keldeo
|
|-heal|p2a: Clefable|27\/394 par|[from] item: Leftovers
|turn|21
|
|move|p1a: Keldeo|Scald|p2a: Clefable
|-damage|p2a: Clefable|0 fnt
|faint|p2a: Clefable
|
|
|switch|p2a: Garchomp|Garchomp, F|335\/357
|-damage|p2a: Garchomp|313\/357|[from] Stealth Rock
|turn|22
|
|move|p1a: Keldeo|Endeavor|p2a: Garchomp
|-damage|p2a: Garchomp|3\/357
|-damage|p1a: Keldeo|0 fnt|[from] ability: Rough Skin|[of] p2a: Garchomp
|faint|p1a: Keldeo
|move|p2a: Garchomp|Dragon Claw|p1: Keldeo|[notarget]
|-notarget
|
|
|switch|p1a: Thundurus|Thundurus, M|279\/299
|turn|23
|
|move|p1a: Thundurus|Hidden Power|p2a: Garchomp
|-supereffective|p2a: Garchomp
|-damage|p2a: Garchomp|0 fnt
|faint|p2a: Garchomp
|
|-heal|p1a: Thundurus|297\/299|[from] item: Leftovers
|
|switch|p2a: Keldeo|Keldeo|323\/323
|-damage|p2a: Keldeo|303\/323|[from] Stealth Rock
|turn|24
|
|move|p1a: Thundurus|Thunderbolt|p2a: Keldeo
|-supereffective|p2a: Keldeo
|-damage|p2a: Keldeo|0 fnt
|faint|p2a: Keldeo
|
|win|Savage Alby
|raw|Ladder updating...
|leave|cacajri
|player|p2