|join|Savage Alby
|join|destinyhero96
|player|p1|Savage Alby|44
|player|p2|destinyhero96|265
|gametype|singles
|gen|6
|tier|OU
|rated
|clearpoke
|poke|p1|Scizor, M
|poke|p1|Thundurus, M
|poke|p1|Bisharp, M, shiny
|poke|p1|Keldeo
|poke|p1|Entei, shiny
|poke|p1|Empoleon, F
|poke|p2|Uxie
|poke|p2|Smeargle, F
|poke|p2|Whimsicott, F
|poke|p2|Espeon, M
|poke|p2|Sigilyph, M
|poke|p2|Swoobat, F
|rule|Swagger Clause: Swagger is banned
|rule|Baton Pass Clause: Limit one PokÃ©mon knowing Baton Pass
|rule|Sleep Clause Mod: Limit one foe put to sleep
|rule|Species Clause: Limit one of each PokÃ©mon
|rule|OHKO Clause: OHKO moves are banned
|rule|Moody Clause: Moody is banned
|rule|Evasion Moves Clause: Evasion moves are banned
|rule|Endless Battle Clause: Forcing endless battles is banned
|rule|HP Percentage Mod: HP is shown in percentages
|teampreview
|
|start
|switch|p1a: Thundurus|Thundurus, M|299\/299
|switch|p2a: Uxie|Uxie|291\/291
|turn|1
|
|move|p2a: Uxie|Magic Coat|p2a: Uxie
|-singleturn|p2a: Uxie|move: Magic Coat
|move|p1a: Thundurus|Substitute|p1a: Thundurus
|-start|p1a: Thundurus|Substitute
|-damage|p1a: Thundurus|225\/299
|
|-heal|p1a: Thundurus|243\/299|[from] item: Leftovers
|turn|2
|
|move|p1a: Thundurus|Thunder Wave|p2a: Uxie
|-status|p2a: Uxie|par
|move|p2a: Uxie|Light Screen|p2a: Uxie
|-sidestart|p2: destinyhero96|move: Light Screen
|
|-heal|p1a: Thundurus|261\/299|[from] item: Leftovers
|turn|3
|
|switch|p2a: Whimsicott|Whimsicott, F|261\/261
|move|p1a: Thundurus|Thunderbolt|p2a: Whimsicott
|-resisted|p2a: Whimsicott
|-damage|p2a: Whimsicott|209\/261
|
|-heal|p1a: Thundurus|279\/299|[from] item: Leftovers
|turn|4
|
|move|p2a: Whimsicott|Taunt|p1a: Thundurus
|-start|p1a: Thundurus|move: Taunt
|move|p1a: Thundurus|Hidden Power|p2a: Whimsicott
|-supereffective|p2a: Whimsicott
|-damage|p2a: Whimsicott|124\/261
|
|-heal|p1a: Thundurus|297\/299|[from] item: Leftovers
|turn|5
|
|move|p2a: Whimsicott|Tailwind|p2a: Whimsicott
|-sidestart|p2: destinyhero96|move: Tailwind
|move|p1a: Thundurus|Hidden Power|p2a: Whimsicott
|-supereffective|p2a: Whimsicott
|-damage|p2a: Whimsicott|28\/261
|
|-heal|p1a: Thundurus|299\/299|[from] item: Leftovers
|turn|6
|
|switch|p1a: Bisharp|Bisharp, M, shiny|271\/271
|move|p2a: Whimsicott|Taunt|p1a: Bisharp
|-start|p1a: Bisharp|move: Taunt
|
|turn|7
|
|move|p2a: Whimsicott|Hidden Power|p1a: Bisharp
|-supereffective|p1a: Bisharp
|-damage|p1a: Bisharp|0 fnt
|faint|p1a: Bisharp
|
|c|âdestinyhero96|lol
|
|switch|p1a: Entei|Entei, shiny|371\/371
|-ability|p1a: Entei|Pressure
|turn|8
|
|switch|p2a: Uxie|Uxie|291\/291 par
|move|p1a: Entei|Extreme Speed|p2a: Uxie
|-damage|p2a: Uxie|208\/291 par
|
|-sideend|p2: destinyhero96|move: Tailwind
|turn|9
|
|move|p1a: Entei|Sacred Fire|p2a: Uxie
|-damage|p2a: Uxie|69\/291 par
|cant|p2a: Uxie|par
|
|-sideend|p2: destinyhero96|move: Light Screen
|turn|10
|
|move|p1a: Entei|Extreme Speed|p2a: Uxie
|-damage|p2a: Uxie|0 fnt
|faint|p2a: Uxie
|
|
|switch|p2a: Sigilyph|Sigilyph, M|348\/348
|turn|11
|
|move|p2a: Sigilyph|Cosmic Power|p2a: Sigilyph
|-boost|p2a: Sigilyph|def|1
|-boost|p2a: Sigilyph|spd|1
|move|p1a: Entei|Sacred Fire|p2a: Sigilyph
|-damage|p2a: Sigilyph|242\/348
|-status|p2a: Sigilyph|brn
|
|turn|12
|
|switch|p1a: Keldeo|Keldeo|323\/323
|move|p2a: Sigilyph|Cosmic Power|p2a: Sigilyph
|-boost|p2a: Sigilyph|def|1
|-boost|p2a: Sigilyph|spd|1
|
|turn|13
|
|move|p1a: Keldeo|Substitute|p1a: Keldeo
|-start|p1a: Keldeo|Substitute
|-damage|p1a: Keldeo|243\/323
|move|p2a: Sigilyph|Cosmic Power|p2a: Sigilyph
|-boost|p2a: Sigilyph|def|1
|-boost|p2a: Sigilyph|spd|1
|
|turn|14
|
|move|p1a: Keldeo|Scald|p2a: Sigilyph
|-damage|p2a: Sigilyph|169\/348 brn
|move|p2a: Sigilyph|Stored Power|p1a: Keldeo
|-supereffective|p1a: Keldeo
|-end|p1a: Keldeo|Substitute
|
|turn|15
|
|move|p1a: Keldeo|Substitute|p1a: Keldeo
|-start|p1a: Keldeo|Substitute
|-damage|p1a: Keldeo|163\/323
|move|p2a: Sigilyph|Roost|p2a: Sigilyph
|-heal|p2a: Sigilyph|343\/348 brn
|
|turn|16
|
|move|p1a: Keldeo|Scald|p2a: Sigilyph
|-damage|p2a: Sigilyph|279\/348 brn
|move|p2a: Sigilyph|Stored Power|p1a: Keldeo
|-supereffective|p1a: Keldeo
|-end|p1a: Keldeo|Substitute
|
|turn|17
|
|move|p1a: Keldeo|Substitute|p1a: Keldeo
|-start|p1a: Keldeo|Substitute
|-damage|p1a: Keldeo|83\/323
|move|p2a: Sigilyph|Stored Power|p1a: Keldeo
|-crit|p1a: Keldeo
|-supereffective|p1a: Keldeo
|-end|p1a: Keldeo|Substitute
|
|turn|18
|
|move|p1a: Keldeo|Substitute|p1a: Keldeo
|-start|p1a: Keldeo|Substitute
|-damage|p1a: Keldeo|3\/323
|-enditem|p1a: Keldeo|Salac Berry|[eat]
|-boost|p1a: Keldeo|spe|1|[from] item: Salac Berry
|move|p2a: Sigilyph|Stored Power|p1a: Keldeo
|-supereffective|p1a: Keldeo
|-end|p1a: Keldeo|Substitute
|
|turn|19
|
|switch|p2a: Whimsicott|Whimsicott, F|28\/261
|move|p1a: Keldeo|Endeavor|p2a: Whimsicott
|-damage|p2a: Whimsicott|3\/261
|
|turn|20
|
|switch|p1a: Scizor|Scizor, M|307\/307
|move|p2a: Whimsicott|Tailwind|p2a: Whimsicott
|-sidestart|p2: destinyhero96|move: Tailwind
|
|turn|21
|
|detailschange|p1a: Scizor|Scizor-Mega, M
|message|Scizor has Mega Evolved into Mega Scizor!
|move|p2a: Whimsicott|Memento|p1a: Scizor
|-unboost|p1a: Scizor|atk|2
|-unboost|p1a: Scizor|spa|2
|faint|p2a: Whimsicott
|move|p1a: Scizor|Bullet Punch|p2: Whimsicott|[notarget]
|-notarget
|
|
|switch|p2a: Smeargle|Smeargle, F|314\/314
|turn|22
|
|move|p2a: Smeargle|Spore|p1a: Scizor
|-status|p1a: Scizor|slp
|cant|p1a: Scizor|slp
|
|turn|23
|
|switch|p1a: Keldeo|Keldeo|3\/323
|move|p2a: Smeargle|Geomancy|p2a: Smeargle|[still]
|-prepare|p2a: Smeargle|Geomancy|p2a: Smeargle
|-enditem|p2a: Smeargle|Power Herb
|-anim|p2a: Smeargle|Geomancy|p2a: Smeargle
|-boost|p2a: Smeargle|spa|2
|-boost|p2a: Smeargle|spd|2
|-boost|p2a: Smeargle|spe|2
|
|-sideend|p2: destinyhero96|move: Tailwind
|turn|24
|c|âdestinyhero96|watch this thing have like aqua jet or some shit
|
|move|p2a: Smeargle|Cotton Guard|p2a: Smeargle
|-boost|p2a: Smeargle|def|3
|move|p1a: Keldeo|Endeavor|p2a: Smeargle
|-damage|p2a: Smeargle|3\/314
|
|turn|25
|
|move|p2a: Smeargle|Baton Pass|p2a: Smeargle
|
|switch|p2a: Sigilyph|Sigilyph, M|279\/348 brn
|move|p1a: Keldeo|Endeavor|p2a: Sigilyph
|-damage|p2a: Sigilyph|3\/348 brn
|
|turn|26
|
|move|p2a: Sigilyph|Roost|p2a: Sigilyph
|-heal|p2a: Sigilyph|177\/348 brn
|move|p1a: Keldeo|Endeavor|p2a: Sigilyph
|-damage|p2a: Sigilyph|3\/348 brn
|
|turn|27
|
|switch|p1a: Empoleon|Empoleon, F|372\/372
|move|p2a: Sigilyph|Roost|p2a: Sigilyph
|-heal|p2a: Sigilyph|177\/348 brn
|
|turn|28
|
|move|p2a: Sigilyph|Stored Power|p1a: Empoleon
|-resisted|p1a: Empoleon
|-damage|p1a: Empoleon|147\/372
|move|p1a: Empoleon|Roar|p2a: Sigilyph
|drag|p2a: Swoobat|Swoobat, F|338\/338
|
|-heal|p1a: Empoleon|170\/372|[from] item: Leftovers
|turn|29
|
|switch|p2a: Sigilyph|Sigilyph, M|177\/348 brn
|move|p1a: Empoleon|Stealth Rock|p2a: Sigilyph
|-sidestart|p2: destinyhero96|move: Stealth Rock
|
|-heal|p1a: Empoleon|193\/372|[from] item: Leftovers
|turn|30
|
|move|p2a: Sigilyph|Roost|p2a: Sigilyph
|-heal|p2a: Sigilyph|348\/348 brn
|move|p1a: Empoleon|Scald|p2a: Sigilyph
|-damage|p2a: Sigilyph|228\/348 brn
|
|-heal|p1a: Empoleon|216\/372|[from] item: Leftovers
|turn|31
|
|move|p2a: Sigilyph|Air Slash|p1a: Empoleon
|-resisted|p1a: Empoleon
|-damage|p1a: Empoleon|171\/372
|cant|p1a: Empoleon|flinch
|
|-heal|p1a: Empoleon|194\/372|[from] item: Leftovers
|turn|32
|
|switch|p2a: Espeon|Espeon, M|328\/328
|-damage|p2a: Espeon|287\/328|[from] Stealth Rock
|switch|p1a: Thundurus|Thundurus, M|299\/299
|
|-heal|p2a: Espeon|307\/328|[from] item: Leftovers
|turn|33
|
|move|p1a: Thundurus|Thunderbolt|p2a: Espeon
|-damage|p2a: Espeon|135\/328
|move|p2a: Espeon|Dazzling Gleam|p1a: Thundurus
|-damage|p1a: Thundurus|193\/299
|
|-heal|p1a: Thundurus|211\/299|[from] item: Leftovers
|-heal|p2a: Espeon|155\/328|[from] item: Leftovers
|turn|34
|-message|destinyhero96 forfeited.
|
|win|Savage Alby
|raw|Ladder updating...
|leave|destinyhero96
|player|p2
|raw|Savage Alby's rating: 1792 &rarr; <strong>1805<\/strong><br \/>(+13 for winning)
|raw|destinyhero96's rating: 1667 &rarr; <strong>1654<\/strong><br \/>(-13 for losing)