|join|Savage alby
|join|PLEASE MURDER ME
|player|p1|Savage alby|2
|player|p2|PLEASE MURDER ME|188
|gametype|singles
|gen|6
|tier|OU
|rated
|clearpoke
|poke|p1|Metagross
|poke|p1|Landorus, M
|poke|p1|Bisharp, F, shiny
|poke|p1|Azumarill, M
|poke|p1|Jirachi
|poke|p1|Manaphy
|poke|p2|Azumarill, F, shiny
|poke|p2|Bisharp, F, shiny
|poke|p2|Breloom, F, shiny
|poke|p2|Garchomp, F, shiny
|poke|p2|Latias, F
|poke|p2|Charizard, F
|rule|Swagger Clause: Swagger is banned
|rule|Baton Pass Clause: Limit one PokÃ©mon knowing Baton Pass
|rule|Sleep Clause Mod: Limit one foe put to sleep
|rule|Species Clause: Limit one of each PokÃ©mon
|rule|OHKO Clause: OHKO moves are banned
|rule|Moody Clause: Moody is banned
|rule|Evasion Moves Clause: Evasion moves are banned
|rule|Endless Battle Clause: Forcing endless battles is banned
|rule|HP Percentage Mod: HP is shown in percentages
|teampreview
|join|lululand
|
|start
|switch|p1a: Manaphy|Manaphy|403\/403
|switch|p2a: hey cutie pie|Breloom, F, shiny|262\/262
|turn|1
|
|move|p1a: Manaphy|U-turn|p2a: hey cutie pie
|-damage|p2a: hey cutie pie|199\/262
|
|switch|p1a: Jirachi|Jirachi|404\/404
|move|p2a: hey cutie pie|Bullet Seed|p1a: Jirachi
|-resisted|p1a: Jirachi
|-damage|p1a: Jirachi|373\/404
|-resisted|p1a: Jirachi
|-damage|p1a: Jirachi|341\/404
|-hitcount|p1a: Jirachi|2
|
|-heal|p1a: Jirachi|366\/404|[from] item: Leftovers
|turn|2
|
|move|p1a: Jirachi|Stealth Rock|p2a: hey cutie pie
|-sidestart|p2: PLEASE MURDER ME|move: Stealth Rock
|move|p2a: hey cutie pie|Spore|p1a: Jirachi
|-status|p1a: Jirachi|slp
|
|-heal|p1a: Jirachi|391\/404 slp|[from] item: Leftovers
|turn|3
|
|switch|p2a: I WANT TO DIE|Latias, F|319\/319
|-damage|p2a: I WANT TO DIE|280\/319|[from] Stealth Rock
|cant|p1a: Jirachi|slp
|
|-heal|p1a: Jirachi|404\/404 slp|[from] item: Leftovers
|turn|4
|
|move|p2a: I WANT TO DIE|Defog|p1a: Jirachi
|-unboost|p1a: Jirachi|evasion|1
|-sideend|p2: PLEASE MURDER ME|Stealth Rock|[from] move: Defog|[of] p2a: I WANT TO DIE
|-curestatus|p1a: Jirachi|slp
|move|p1a: Jirachi|Body Slam|p2a: I WANT TO DIE
|-damage|p2a: I WANT TO DIE|205\/319
|
|turn|5
|
|switch|p2a: NO COMMIT SUICIDE|Garchomp, F, shiny|358\/358
|move|p1a: Jirachi|Stealth Rock|p2a: NO COMMIT SUICIDE
|-sidestart|p2: PLEASE MURDER ME|move: Stealth Rock
|
|turn|6
|
|move|p2a: NO COMMIT SUICIDE|Swords Dance|p2a: NO COMMIT SUICIDE
|-boost|p2a: NO COMMIT SUICIDE|atk|2
|move|p1a: Jirachi|Body Slam|p2a: NO COMMIT SUICIDE
|-damage|p2a: NO COMMIT SUICIDE|284\/358
|-damage|p1a: Jirachi|354\/404|[from] ability: Rough Skin|[of] p2a: NO COMMIT SUICIDE
|-status|p2a: NO COMMIT SUICIDE|par
|-enditem|p2a: NO COMMIT SUICIDE|Lum Berry|[eat]
|-curestatus|p2a: NO COMMIT SUICIDE|par
|
|-heal|p1a: Jirachi|379\/404|[from] item: Leftovers
|turn|7
|
|switch|p1a: Landorus|Landorus, M|333\/333
|move|p2a: NO COMMIT SUICIDE|Earthquake|p1a: Landorus
|-immune|p1a: Landorus|[msg]
|
|turn|8
|
|move|p2a: NO COMMIT SUICIDE|Dragon Claw|p1a: Landorus
|-damage|p1a: Landorus|2\/333
|move|p1a: Landorus|Earth Power|p2a: NO COMMIT SUICIDE
|-damage|p2a: NO COMMIT SUICIDE|0 fnt
|faint|p2a: NO COMMIT SUICIDE
|
|
|switch|p2a: I WANT TO DIE|Latias, F|205\/319
|-damage|p2a: I WANT TO DIE|166\/319|[from] Stealth Rock
|turn|9
|
|switch|p1a: Jirachi|Jirachi|379\/404
|move|p2a: I WANT TO DIE|Defog|p1a: Jirachi
|-unboost|p1a: Jirachi|evasion|1
|-sideend|p2: PLEASE MURDER ME|Stealth Rock|[from] move: Defog|[of] p2a: I WANT TO DIE
|
|-heal|p1a: Jirachi|404\/404|[from] item: Leftovers
|turn|10
|
|switch|p2a: PLEASE SAVE ME|Charizard, F|315\/315
|move|p1a: Jirachi|Body Slam|p2a: PLEASE SAVE ME
|-damage|p2a: PLEASE SAVE ME|235\/315
|-status|p2a: PLEASE SAVE ME|par
|
|turn|11
|
|detailschange|p2a: PLEASE SAVE ME|Charizard-Mega-X, F
|message|Charizard has Mega Evolved into Mega Charizard!
|move|p1a: Jirachi|Stealth Rock|p2a: PLEASE SAVE ME
|-sidestart|p2: PLEASE MURDER ME|move: Stealth Rock
|move|p2a: PLEASE SAVE ME|Flare Blitz|p1a: Jirachi
|-supereffective|p1a: Jirachi
|-damage|p1a: Jirachi|0 fnt
|-damage|p2a: PLEASE SAVE ME|102\/315 par|[from] recoil|[of] p1a: Jirachi
|faint|p1a: Jirachi
|
|
|switch|p1a: Metagross|Metagross|301\/301
|turn|12
|
|switch|p2a: I WANT TO DIE|Latias, F|166\/319
|-damage|p2a: I WANT TO DIE|127\/319|[from] Stealth Rock
|detailschange|p1a: Metagross|Metagross-Mega
|message|Metagross has Mega Evolved into Mega Metagross!
|move|p1a: Metagross|Meteor Mash|p2a: I WANT TO DIE
|-damage|p2a: I WANT TO DIE|0 fnt
|faint|p2a: I WANT TO DIE
|
|
|switch|p2a: Thomas|Bisharp, F, shiny|272\/272
|-damage|p2a: Thomas|255\/272|[from] Stealth Rock
|turn|13
|
|switch|p1a: Manaphy|Manaphy|403\/403
|move|p2a: Thomas|Swords Dance|p2a: Thomas
|-boost|p2a: Thomas|atk|2
|
|turn|14
|
|move|p2a: Thomas|Sucker Punch|p1a: Manaphy
|-damage|p1a: Manaphy|150\/403
|move|p1a: Manaphy|Scald|p2a: Thomas
|-damage|p2a: Thomas|128\/272
|
|-heal|p1a: Manaphy|175\/403|[from] item: Leftovers
|turn|15
|
|move|p1a: Manaphy|Rain Dance|p1a: Manaphy
|-weather|RainDance
|move|p2a: Thomas|Knock Off|p1a: Manaphy
|-damage|p1a: Manaphy|0 fnt
|-enditem|p1a: Manaphy|Leftovers|[from] move: Knock Off|[of] p2a: Thomas
|faint|p1a: Manaphy
|
|-weather|RainDance|[upkeep]
|
|switch|p1a: Azumarill|Azumarill, M|350\/350
|turn|16
|
|move|p1a: Azumarill|Aqua Jet|p2a: Thomas
|-damage|p2a: Thomas|1\/272
|move|p2a: Thomas|Iron Head|p1a: Azumarill
|-damage|p1a: Azumarill|7\/350
|-enditem|p1a: Azumarill|Sitrus Berry|[eat]
|-heal|p1a: Azumarill|94\/350|[from] item: Sitrus Berry
|
|-weather|RainDance|[upkeep]
|turn|17
|
|switch|p1a: Bisharp|Bisharp, F, shiny|271\/271
|move|p2a: Thomas|Sucker Punch|p1a: Bisharp
|-fail|p1a: Bisharp
|
|-weather|RainDance|[upkeep]
|turn|18
|
|move|p2a: Thomas|Sucker Punch|p1a: Bisharp
|-resisted|p1a: Bisharp
|-damage|p1a: Bisharp|113\/271
|move|p1a: Bisharp|Sucker Punch|p2a: Thomas
|-fail|p2a: Thomas
|
|-weather|RainDance|[upkeep]
|turn|19
|
|move|p2a: Thomas|Sucker Punch|p1a: Bisharp
|-fail|p1a: Bisharp
|move|p1a: Bisharp|Taunt|p2a: Thomas
|-start|p2a: Thomas|move: Taunt
|
|-weather|none
|turn|20
|
|switch|p1a: Landorus|Landorus, M|2\/333
|move|p2a: Thomas|Sucker Punch|p1a: Landorus
|-fail|p1a: Landorus
|
|turn|21
|
|move|p2a: Thomas|Sucker Punch|p1a: Landorus
|-fail|p1a: Landorus
|move|p1a: Landorus|Rock Polish|p1a: Landorus
|-boost|p1a: Landorus|spe|2
|
|turn|22
|
|move|p1a: Landorus|Rock Polish|p1a: Landorus
|-boost|p1a: Landorus|spe|2
|move|p2a: Thomas|Knock Off|p1a: Landorus
|-damage|p1a: Landorus|0 fnt
|-enditem|p1a: Landorus|Life Orb|[from] move: Knock Off|[of] p2a: Thomas
|faint|p1a: Landorus
|
|-end|p2a: Thomas|move: Taunt
|
|switch|p1a: Metagross|Metagross-Mega|301\/301
|turn|23
|
|move|p1a: Metagross|Bullet Punch|p2a: Thomas
|-resisted|p2a: Thomas
|-damage|p2a: Thomas|0 fnt
|faint|p2a: Thomas
|
|
|switch|p2a: LIFE FUCKING SUCKS|Azumarill, F, shiny|342\/342
|-damage|p2a: LIFE FUCKING SUCKS|300\/342|[from] Stealth Rock
|turn|24
|
|move|p1a: Metagross|Meteor Mash|p2a: LIFE FUCKING SUCKS
|-damage|p2a: LIFE FUCKING SUCKS|0 fnt
|-boost|p1a: Metagross|atk|1
|faint|p2a: LIFE FUCKING SUCKS
|
|-message|PLEASE MURDER ME forfeited.
|
|win|Savage alby
|raw|Ladder updating...
|leave|PLEASE MURDER ME
|player|p2
|raw|Savage alby's rating: 1654 &rarr; <strong>1673<\/strong><br \/>(+19 for winning)
|raw|PLEASE MURDER ME's rating: 1637 &rarr; <strong>1618<\/strong><br \/>(-19 for losing)
|leave|lululand