|join|Savage Alby
|join|PokemonIsHomo
|player|p1|Savage Alby|44
|player|p2|PokemonIsHomo|76
|gametype|singles
|gen|6
|tier|OU
|rated
|clearpoke
|poke|p1|Bisharp, F
|poke|p1|Thundurus, M
|poke|p1|Empoleon, M
|poke|p1|Gengar, F
|poke|p1|Scizor, F
|poke|p1|Gastrodon, F
|poke|p2|Altaria, M
|poke|p2|Heatran, F
|poke|p2|Landorus-Therian, M
|poke|p2|Greninja, M
|poke|p2|Latios, M
|poke|p2|Scizor, M
|rule|Swagger Clause: Swagger is banned
|rule|Baton Pass Clause: Limit one PokÃ©mon knowing Baton Pass
|rule|Sleep Clause Mod: Limit one foe put to sleep
|rule|Species Clause: Limit one of each PokÃ©mon
|rule|OHKO Clause: OHKO moves are banned
|rule|Moody Clause: Moody is banned
|rule|Evasion Moves Clause: Evasion moves are banned
|rule|Endless Battle Clause: Forcing endless battles is banned
|rule|HP Percentage Mod: HP is shown in percentages
|teampreview
|
|start
|switch|p1a: Thundurus|Thundurus, M|299\/299
|switch|p2a: Greninja|Greninja, M|285\/285
|turn|1
|
|switch|p1a: Empoleon|Empoleon, M|371\/371
|move|p2a: Greninja|Ice Beam|p1a: Empoleon
|-start|p2a: Greninja|typechange|Ice|[from] Protean
|-resisted|p1a: Empoleon
|-damage|p1a: Empoleon|336\/371
|-damage|p2a: Greninja|257\/285|[from] item: Life Orb
|
|-heal|p1a: Empoleon|359\/371|[from] item: Leftovers
|turn|2
|
|move|p2a: Greninja|Low Kick|p1a: Empoleon
|-start|p2a: Greninja|typechange|Fighting|[from] Protean
|-supereffective|p1a: Empoleon
|-damage|p1a: Empoleon|133\/371
|-damage|p2a: Greninja|229\/285|[from] item: Life Orb
|move|p1a: Empoleon|Stealth Rock|p2a: Greninja
|-sidestart|p2: PokemonIsHomo|move: Stealth Rock
|
|-heal|p1a: Empoleon|156\/371|[from] item: Leftovers
|turn|3
|
|switch|p1a: Gastrodon|Gastrodon, F|426\/426
|move|p2a: Greninja|Hydro Pump|p1a: Gastrodon
|-start|p2a: Greninja|typechange|Water|[from] Protean
|-boost|p1a: Gastrodon|spa|1|[from] ability: Storm Drain
|
|turn|4
|
|move|p2a: Greninja|Ice Beam|p1a: Gastrodon
|-start|p2a: Greninja|typechange|Ice|[from] Protean
|-damage|p1a: Gastrodon|227\/426
|-damage|p2a: Greninja|201\/285|[from] item: Life Orb
|move|p1a: Gastrodon|Toxic|p2a: Greninja
|-status|p2a: Greninja|tox
|
|-heal|p1a: Gastrodon|253\/426|[from] item: Leftovers
|-damage|p2a: Greninja|184\/285 tox|[from] psn
|turn|5
|
|switch|p2a: Landorus-Therian|Landorus-Therian, M|351\/351
|-damage|p2a: Landorus-Therian|308\/351|[from] Stealth Rock
|-ability|p2a: Landorus-Therian|Intimidate|[of] p1a: Gastrodon
|-unboost|p1a: Gastrodon|atk|1
|move|p1a: Gastrodon|Recover|p1a: Gastrodon
|-heal|p1a: Gastrodon|426\/426
|
|turn|6
|
|move|p2a: Landorus-Therian|Knock Off|p1a: Gastrodon
|-crit|p1a: Gastrodon
|-damage|p1a: Gastrodon|237\/426
|-enditem|p1a: Gastrodon|Leftovers|[from] move: Knock Off|[of] p2a: Landorus-Therian
|move|p1a: Gastrodon|Toxic|p2a: Landorus-Therian|[miss]
|-miss|p1a: Gastrodon|p2a: Landorus-Therian
|
|turn|7
|
|move|p2a: Landorus-Therian|Earthquake|p1a: Gastrodon
|-damage|p1a: Gastrodon|41\/426
|move|p1a: Gastrodon|Recover|p1a: Gastrodon
|-heal|p1a: Gastrodon|254\/426
|
|turn|8
|
|move|p2a: Landorus-Therian|Earthquake|p1a: Gastrodon
|-damage|p1a: Gastrodon|71\/426
|move|p1a: Gastrodon|Scald|p2a: Landorus-Therian
|-supereffective|p2a: Landorus-Therian
|-damage|p2a: Landorus-Therian|0 fnt
|faint|p2a: Landorus-Therian
|
|
|switch|p2a: Altaria|Altaria, M|354\/354
|-damage|p2a: Altaria|266\/354|[from] Stealth Rock
|turn|9
|
|detailschange|p2a: Altaria|Altaria-Mega, M
|message|Altaria has Mega Evolved into Mega Altaria!
|move|p2a: Altaria|Frustration|p1a: Gastrodon
|-damage|p1a: Gastrodon|0 fnt
|faint|p1a: Gastrodon
|
|
|switch|p1a: Thundurus|Thundurus, M|299\/299
|turn|10
|
|move|p1a: Thundurus|Substitute|p1a: Thundurus
|-start|p1a: Thundurus|Substitute
|-damage|p1a: Thundurus|225\/299
|move|p2a: Altaria|Frustration|p1a: Thundurus
|-end|p1a: Thundurus|Substitute
|
|-heal|p1a: Thundurus|243\/299|[from] item: Leftovers
|turn|11
|
|move|p1a: Thundurus|Thunder Wave|p2a: Altaria
|-status|p2a: Altaria|par
|move|p2a: Altaria|Roost|p2a: Altaria
|-heal|p2a: Altaria|354\/354 par
|
|-heal|p1a: Thundurus|261\/299|[from] item: Leftovers
|turn|12
|c|âPokemonIsHomo|kden
|
|move|p1a: Thundurus|Hidden Power|p2a: Altaria
|-supereffective|p2a: Altaria
|-damage|p2a: Altaria|228\/354 par
|cant|p2a: Altaria|par
|
|-heal|p1a: Thundurus|279\/299|[from] item: Leftovers
|turn|13
|
|switch|p1a: Bisharp|Bisharp, F|271\/271
|move|p2a: Altaria|Roost|p2a: Altaria
|-heal|p2a: Altaria|354\/354 par
|
|turn|14
|
|move|p1a: Bisharp|Knock Off|p2a: Altaria
|-resisted|p2a: Altaria
|-damage|p2a: Altaria|312\/354 par
|move|p2a: Altaria|Earthquake|p1a: Bisharp
|-supereffective|p1a: Bisharp
|-damage|p1a: Bisharp|111\/271
|
|turn|15
|
|switch|p2a: Greninja|Greninja, M|184\/285 tox
|-damage|p2a: Greninja|149\/285 tox|[from] Stealth Rock
|move|p1a: Bisharp|Iron Head|p2a: Greninja
|-resisted|p2a: Greninja
|-damage|p2a: Greninja|35\/285 tox
|
|-damage|p2a: Greninja|18\/285 tox|[from] psn
|turn|16
|
|move|p1a: Bisharp|Sucker Punch|p2a: Greninja
|-resisted|p2a: Greninja
|-damage|p2a: Greninja|0 fnt
|faint|p2a: Greninja
|
|
|switch|p2a: Heatran|Heatran, F|386\/386
|-damage|p2a: Heatran|338\/386|[from] Stealth Rock
|turn|17
|
|switch|p1a: Empoleon|Empoleon, M|156\/371
|move|p2a: Heatran|Stealth Rock|p1a: Empoleon
|-sidestart|p1: Savage Alby|move: Stealth Rock
|
|-heal|p2a: Heatran|362\/386|[from] item: Leftovers
|-heal|p1a: Empoleon|179\/371|[from] item: Leftovers
|turn|18
|
|move|p2a: Heatran|Earth Power|p1a: Empoleon
|-supereffective|p1a: Empoleon
|-damage|p1a: Empoleon|19\/371
|move|p1a: Empoleon|Defog|p2a: Heatran
|-unboost|p2a: Heatran|evasion|1
|-sideend|p2: PokemonIsHomo|Stealth Rock|[from] move: Defog|[of] p2a: Heatran
|-sideend|p1: Savage Alby|Stealth Rock|[from] move: Defog|[of] p1a: Empoleon
|
|-heal|p2a: Heatran|386\/386|[from] item: Leftovers
|-heal|p1a: Empoleon|42\/371|[from] item: Leftovers
|turn|19
|
|move|p2a: Heatran|Stealth Rock|p1a: Empoleon
|-sidestart|p1: Savage Alby|move: Stealth Rock
|move|p1a: Empoleon|Scald|p2a: Heatran
|-supereffective|p2a: Heatran
|-damage|p2a: Heatran|182\/386
|
|-heal|p2a: Heatran|206\/386|[from] item: Leftovers
|-heal|p1a: Empoleon|65\/371|[from] item: Leftovers
|turn|20
|
|move|p2a: Heatran|Lava Plume|p1a: Empoleon
|-damage|p1a: Empoleon|0 fnt
|faint|p1a: Empoleon
|
|-heal|p2a: Heatran|230\/386|[from] item: Leftovers
|
|switch|p1a: Gengar|Gengar, F|261\/261
|-damage|p1a: Gengar|229\/261|[from] Stealth Rock
|turn|21
|
|move|p1a: Gengar|Shadow Ball|p2a: Heatran
|-damage|p2a: Heatran|90\/386
|-damage|p1a: Gengar|203\/261|[from] item: Life Orb
|move|p2a: Heatran|Lava Plume|p1a: Gengar
|-damage|p1a: Gengar|58\/261
|
|-heal|p2a: Heatran|114\/386|[from] item: Leftovers
|turn|22
|
|move|p1a: Gengar|Shadow Ball|p2a: Heatran
|-crit|p2a: Heatran
|-damage|p2a: Heatran|0 fnt
|-damage|p1a: Gengar|32\/261|[from] item: Life Orb
|faint|p2a: Heatran
|
|
|switch|p2a: Scizor|Scizor, M|344\/344
|turn|23
|
|move|p1a: Gengar|Will-O-Wisp|p2a: Scizor
|-status|p2a: Scizor|brn
|move|p2a: Scizor|Swords Dance|p2a: Scizor
|-boost|p2a: Scizor|atk|2
|
|-damage|p2a: Scizor|301\/344 brn|[from] brn
|turn|24
|
|move|p1a: Gengar|Shadow Ball|p2a: Scizor
|-damage|p2a: Scizor|97\/344 brn
|-damage|p1a: Gengar|6\/261|[from] item: Life Orb
|move|p2a: Scizor|Swords Dance|p2a: Scizor
|-boost|p2a: Scizor|atk|2
|
|-damage|p2a: Scizor|54\/344 brn|[from] brn
|turn|25
|c|âPokemonIsHomo|k
|
|move|p2a: Scizor|Bullet Punch|p1a: Gengar
|-damage|p1a: Gengar|0 fnt
|-damage|p2a: Scizor|20\/344 brn|[from] item: Life Orb
|faint|p1a: Gengar
|
|-damage|p2a: Scizor|0 fnt|[from] brn
|faint|p2a: Scizor
|c|âPokemonIsHomo|will geng w lorb
|c|âPokemonIsHomo|k
|
|switch|p1a: Bisharp|Bisharp, F|111\/271
|switch|p2a: Altaria|Altaria-Mega, M|312\/354 par
|-damage|p1a: Bisharp|95\/271|[from] Stealth Rock
|turn|26
|
|move|p1a: Bisharp|Iron Head|p2a: Altaria
|-supereffective|p2a: Altaria
|-damage|p2a: Altaria|88\/354 par
|cant|p2a: Altaria|flinch
|
|turn|27
|c|âPokemonIsHomo|GGHAX
|c|âSavage Alby|lol
|-message|PokemonIsHomo forfeited.
|
|win|Savage Alby
|raw|Ladder updating...
|leave|PokemonIsHomo
|player|p2
|raw|Savage Alby's rating: 1480 &rarr; <strong>1497<\/strong><br \/>(+17 for winning)
|raw|PokemonIsHomo's rating: 1427 &rarr; <strong>1410<\/strong><br \/>(-17 for losing)