|join|Savage Alby
|join|RichardPepper
|player|p1|Savage Alby|44
|player|p2|RichardPepper|229
|gametype|singles
|gen|6
|tier|OU
|rated
|clearpoke
|poke|p1|Metagross
|poke|p1|Azumarill, M
|poke|p1|Raikou, shiny
|poke|p1|Victini
|poke|p1|Mamoswine, M
|poke|p1|Keldeo
|poke|p2|Skarmory, F
|poke|p2|Suicune
|poke|p2|Weavile, M
|poke|p2|Charizard, M
|poke|p2|Chansey, F
|poke|p2|Thundurus-Therian, M
|rule|Swagger Clause: Swagger is banned
|rule|Baton Pass Clause: Limit one PokÃ©mon knowing Baton Pass
|rule|Sleep Clause Mod: Limit one foe put to sleep
|rule|Species Clause: Limit one of each PokÃ©mon
|rule|OHKO Clause: OHKO moves are banned
|rule|Moody Clause: Moody is banned
|rule|Evasion Moves Clause: Evasion moves are banned
|rule|Endless Battle Clause: Forcing endless battles is banned
|rule|HP Percentage Mod: HP is shown in percentages
|teampreview
|
|start
|switch|p1a: Victini|Victini|341\/341
|switch|p2a: Thundurus-Therian|Thundurus-Therian, M|299\/299
|turn|1
|
|move|p2a: Thundurus-Therian|Nasty Plot|p2a: Thundurus-Therian
|-boost|p2a: Thundurus-Therian|spa|2
|move|p1a: Victini|Glaciate|p2a: Thundurus-Therian
|-supereffective|p2a: Thundurus-Therian
|-damage|p2a: Thundurus-Therian|135\/299
|-unboost|p2a: Thundurus-Therian|spe|1
|
|-heal|p2a: Thundurus-Therian|153\/299|[from] item: Leftovers
|turn|2
|
|switch|p2a: Chansey|Chansey, F|642\/642
|move|p1a: Victini|Glaciate|p2a: Chansey
|-damage|p2a: Chansey|605\/642
|-unboost|p2a: Chansey|spe|1
|
|turn|3
|
|switch|p1a: Mamoswine|Mamoswine, M|361\/361
|move|p2a: Chansey|Wish|p2a: Chansey
|
|turn|4
|join|Amir The LC player
|
|switch|p2a: Thundurus-Therian|Thundurus-Therian, M|153\/299
|move|p1a: Mamoswine|Stealth Rock|p2a: Thundurus-Therian
|-sidestart|p2: RichardPepper|move: Stealth Rock
|
|-heal|p2a: Thundurus-Therian|299\/299|[from] move: Wish|[wisher] Chansey
|turn|5
|c| Amir The LC player|d'aww
|c| Amir The LC player|i missed it
|
|move|p2a: Thundurus-Therian|Focus Blast|p1a: Mamoswine
|-supereffective|p1a: Mamoswine
|-damage|p1a: Mamoswine|0 fnt
|faint|p1a: Mamoswine
|
|
|switch|p1a: Metagross|Metagross|301\/301
|turn|6
|
|switch|p2a: Skarmory|Skarmory, F|334\/334
|-damage|p2a: Skarmory|293\/334|[from] Stealth Rock
|detailschange|p1a: Metagross|Metagross-Mega
|message|Metagross has Mega Evolved into Mega Metagross!
|move|p1a: Metagross|Meteor Mash|p2a: Skarmory
|-resisted|p2a: Skarmory
|-damage|p2a: Skarmory|233\/334
|-damage|p1a: Metagross|251\/301|[from] item: Rocky Helmet|[of] p2a: Skarmory
|-boost|p1a: Metagross|atk|1
|
|turn|7
|
|move|p1a: Metagross|Hammer Arm|p2a: Skarmory
|-damage|p2a: Skarmory|75\/334
|-damage|p1a: Metagross|201\/301|[from] item: Rocky Helmet|[of] p2a: Skarmory
|-unboost|p1a: Metagross|spe|1
|move|p2a: Skarmory|Defog|p1a: Metagross
|-unboost|p1a: Metagross|evasion|1
|-sideend|p2: RichardPepper|Stealth Rock|[from] move: Defog|[of] p2a: Skarmory
|
|turn|8
|
|move|p1a: Metagross|Meteor Mash|p2a: Skarmory
|-resisted|p2a: Skarmory
|-damage|p2a: Skarmory|0 fnt
|-damage|p1a: Metagross|151\/301|[from] item: Rocky Helmet|[of] p2a: Skarmory
|faint|p2a: Skarmory
|
|
|switch|p2a: Suicune|Suicune|404\/404
|-ability|p2a: Suicune|Pressure
|turn|9
|
|switch|p1a: Raikou|Raikou, shiny|321\/321
|-ability|p1a: Raikou|Pressure
|move|p2a: Suicune|Calm Mind|p2a: Suicune
|-boost|p2a: Suicune|spa|1
|-boost|p2a: Suicune|spd|1
|
|turn|10
|
|switch|p2a: Chansey|Chansey, F|605\/642
|move|p1a: Raikou|Thunderbolt|p2a: Chansey
|-damage|p2a: Chansey|526\/642
|
|turn|11
|
|switch|p1a: Azumarill|Azumarill, M|347\/347
|move|p2a: Chansey|Seismic Toss|p1a: Azumarill
|-damage|p1a: Azumarill|247\/347
|
|turn|12
|
|switch|p2a: Suicune|Suicune|404\/404
|-ability|p2a: Suicune|Pressure
|move|p1a: Azumarill|Belly Drum|p1a: Azumarill
|-damage|p1a: Azumarill|74\/347
|-setboost|p1a: Azumarill|atk|6|[from] move: Belly Drum
|-enditem|p1a: Azumarill|Sitrus Berry|[eat]
|-heal|p1a: Azumarill|160\/347|[from] item: Sitrus Berry
|
|turn|13
|c| Amir The LC player|time to kill
|
|move|p2a: Suicune|Scald|p1a: Azumarill
|-resisted|p1a: Azumarill
|-damage|p1a: Azumarill|113\/347
|-status|p1a: Azumarill|brn
|move|p1a: Azumarill|Play Rough|p2a: Suicune
|-damage|p2a: Suicune|146\/404
|
|-damage|p1a: Azumarill|70\/347 brn|[from] brn
|turn|14
|c| Amir The LC player|FUCK
|c|âSavage Alby|fucvk dat
|
|move|p2a: Suicune|Rest|p2a: Suicune
|-status|p2a: Suicune|slp
|-heal|p2a: Suicune|404\/404 slp|[silent]
|-status|p2a: Suicune|slp|[from] move: Rest
|-enditem|p2a: Suicune|Chesto Berry|[eat]
|-curestatus|p2a: Suicune|slp
|move|p1a: Azumarill|Knock Off|p2a: Suicune
|-damage|p2a: Suicune|285\/404
|
|-damage|p1a: Azumarill|27\/347 brn|[from] brn
|turn|15
|c| Amir The LC player|lmao wut
|
|move|p2a: Suicune|Scald|p1a: Azumarill
|-resisted|p1a: Azumarill
|-damage|p1a: Azumarill|0 fnt
|faint|p1a: Azumarill
|
|
|switch|p1a: Metagross|Metagross-Mega|151\/301
|turn|16
|c|âSavage Alby|dat waas gg
|c| Amir The LC player|reveal HP electric
|c| Amir The LC player|nah you got this
|
|move|p1a: Metagross|Grass Knot|p2a: Suicune
|-supereffective|p2a: Suicune
|-damage|p2a: Suicune|91\/404
|move|p2a: Suicune|Scald|p1a: Metagross
|-damage|p1a: Metagross|61\/301
|
|turn|17
|
|move|p1a: Metagross|Grass Knot|p2a: Suicune
|-supereffective|p2a: Suicune
|-damage|p2a: Suicune|0 fnt
|faint|p2a: Suicune
|
|c| Amir The LC player|https:\/\/www.facebook.com\/pepz88?fref=ts is that you?
|
|switch|p2a: Thundurus-Therian|Thundurus-Therian, M|299\/299
|turn|18
|c|âRichardPepper|i'm not an idiot as you
|
|move|p1a: Metagross|Zen Headbutt|p2a: Thundurus-Therian
|-damage|p2a: Thundurus-Therian|91\/299
|cant|p2a: Thundurus-Therian|flinch
|
|-heal|p2a: Thundurus-Therian|109\/299|[from] item: Leftovers
|turn|19
|c| Amir The LC player|er....lol
|c| Amir The LC player|https:\/\/www.facebook.com\/profile.php?id=100005309116735&fref=ts this must be you then
|c| Amir The LC player|https:\/\/www.facebook.com\/groups\/2430407025\/?fref=ts LMFAO
|
|move|p1a: Metagross|Meteor Mash|p2a: Thundurus-Therian
|-resisted|p2a: Thundurus-Therian
|-damage|p2a: Thundurus-Therian|0 fnt
|faint|p2a: Thundurus-Therian
|
|
|switch|p2a: Weavile|Weavile, M|282\/282
|turn|20
|
|switch|p1a: Victini|Victini|341\/341
|move|p2a: Weavile|Knock Off|p1a: Victini
|-supereffective|p1a: Victini
|-damage|p1a: Victini|33\/341
|-enditem|p1a: Victini|Focus Sash|[from] move: Knock Off|[of] p2a: Weavile
|
|turn|21
|
|move|p2a: Weavile|Power-Up Punch|p1a: Victini
|-resisted|p1a: Victini
|-damage|p1a: Victini|12\/341
|-boost|p2a: Weavile|atk|1
|move|p1a: Victini|Blue Flare|p2a: Weavile
|-supereffective|p2a: Weavile
|-enditem|p2a: Weavile|Focus Sash
|-damage|p2a: Weavile|1\/282
|-status|p2a: Weavile|brn
|
|-damage|p2a: Weavile|0 fnt|[from] brn
|faint|p2a: Weavile
|
|switch|p2a: Charizard|Charizard, M|315\/315
|turn|22
|c|âSavage Alby|lol
|c| Amir The LC player|https:\/\/www.facebook.com\/richard.pepper.1485?fref=ts what if...
|c|âRichardPepper|better
|c| Amir The LC player|lol nice
|
|detailschange|p2a: Charizard|Charizard-Mega-X, M
|message|Charizard has Mega Evolved into Mega Charizard!
|move|p1a: Victini|Glaciate|p2a: Charizard
|-damage|p2a: Charizard|254\/315
|-unboost|p2a: Charizard|spe|1
|move|p2a: Charizard|Dragon Dance|p2a: Charizard
|-boost|p2a: Charizard|atk|1
|-boost|p2a: Charizard|spe|1
|
|turn|23
|c| Amir The LC player|dat free damage tho?
|
|move|p1a: Victini|Glaciate|p2a: Charizard
|-damage|p2a: Charizard|198\/315
|-unboost|p2a: Charizard|spe|1
|move|p2a: Charizard|Dragon Dance|p2a: Charizard
|-boost|p2a: Charizard|atk|1
|-boost|p2a: Charizard|spe|1
|
|turn|24
|
|move|p1a: Victini|Glaciate|p2a: Charizard
|-damage|p2a: Charizard|136\/315
|-unboost|p2a: Charizard|spe|1
|move|p2a: Charizard|Roost|p2a: Charizard
|-heal|p2a: Charizard|294\/315
|
|turn|25
|c| Amir The LC player|lmao is this nigga serious?
|c| Amir The LC player|set up all you like bruh
|
|move|p1a: Victini|Glaciate|p2a: Charizard
|-damage|p2a: Charizard|233\/315
|-unboost|p2a: Charizard|spe|1
|move|p2a: Charizard|Dragon Claw|p1a: Victini
|-damage|p1a: Victini|0 fnt
|faint|p1a: Victini
|
|join|DarkLatios0
|
|switch|p1a: Metagross|Metagross-Mega|61\/301
|turn|26
|c| Amir The LC player|https:\/\/www.facebook.com\/pages\/Richards-Famous-Stuffed-Hungarian-Peppers\/273891106013?fref=ts are these yours?
|
|move|p1a: Metagross|Zen Headbutt|p2a: Charizard
|-damage|p2a: Charizard|55\/315
|cant|p2a: Charizard|flinch
|
|turn|27
|-message|RichardPepper forfeited.
|
|win|Savage Alby
|raw|Ladder updating...
|c| DarkLatios0|Skillful flinch imo
|raw|Savage Alby's rating: 1602 &rarr; <strong>1616<\/strong><br \/>(+14 for winning)
|raw|RichardPepper's rating: 1505 &rarr; <strong>1490<\/strong><br \/>(-15 for losing)
|c|âSavage Alby|didnt matter imo
|c| Amir The LC player|https:\/\/www.facebook.com\/richard.peperone?fref=ts
|c| Amir The LC player|found him!
|c| DarkLatios0|lel