|join|Reverb
|join|Savage Alby
|player|p1|Reverb|#reverb
|player|p2|Savage Alby|44
|gametype|singles
|gen|6
|tier|OU
|rated
|clearpoke
|poke|p1|Scizor, F
|poke|p1|Diggersby, F, shiny
|poke|p1|Raikou, shiny
|poke|p1|Azelf
|poke|p1|Greninja, M
|poke|p1|Latios, M, shiny
|poke|p2|Scizor, M
|poke|p2|Thundurus, M
|poke|p2|Bisharp, F, shiny
|poke|p2|Keldeo
|poke|p2|Dragonite, F
|poke|p2|Mamoswine, F
|rule|Swagger Clause: Swagger is banned
|rule|Baton Pass Clause: Limit one PokÃ©mon knowing Baton Pass
|rule|Sleep Clause Mod: Limit one foe put to sleep
|rule|Species Clause: Limit one of each PokÃ©mon
|rule|OHKO Clause: OHKO moves are banned
|rule|Moody Clause: Moody is banned
|rule|Evasion Moves Clause: Evasion moves are banned
|rule|Endless Battle Clause: Forcing endless battles is banned
|rule|HP Percentage Mod: HP is shown in percentages
|teampreview
|join|Ox the Fox
|join|jake5
|join|haunter
|join|Poweredbyrevenge
|join|Squirrelll
|join|puppyloo
|
|start
|switch|p1a: Azelf|Azelf|291\/291
|switch|p2a: Thundurus|Thundurus, M|299\/299
|turn|1
|join|Clefairy
|leave|puppyloo
|c|âSavage Alby|hi
|join|I'm Virus (~'o')~
|c| I'm Virus (~'o')~|rayvarb
|c| I'm Virus (~'o')~|;;
|
|move|p2a: Thundurus|Thunder Wave|p1a: Azelf
|-status|p1a: Azelf|par
|move|p1a: Azelf|Stealth Rock|p2a: Thundurus
|-sidestart|p2: Savage Alby|move: Stealth Rock
|
|turn|2
|
|switch|p2a: Dragonite|Dragonite, F|323\/323
|-damage|p2a: Dragonite|243\/323|[from] Stealth Rock
|move|p1a: Azelf|Explosion|p2a: Dragonite
|-damage|p2a: Dragonite|0 fnt
|faint|p1a: Azelf
|faint|p2a: Dragonite
|
|
|switch|p1a: Greninja|Greninja, M|285\/285
|switch|p2a: Mamoswine|Mamoswine, F|361\/361
|-damage|p2a: Mamoswine|316\/361|[from] Stealth Rock
|turn|3
|
|move|p1a: Greninja|Low Kick|p2a: Mamoswine
|-start|p1a: Greninja|typechange|Fighting|[from] Protean
|-crit|p2a: Mamoswine
|-supereffective|p2a: Mamoswine
|-damage|p2a: Mamoswine|0 fnt
|-damage|p1a: Greninja|257\/285|[from] item: Life Orb
|faint|p2a: Mamoswine
|
|join|The Solid Snake
|
|switch|p2a: Bisharp|Bisharp, F, shiny|271\/271
|-damage|p2a: Bisharp|255\/271|[from] Stealth Rock
|turn|4
|c| Squirrelll|did that matter?
|c|âSavage Alby|mc
|join|Vipers
|c| Squirrelll|i assumeso
|c| Ox the Fox|no way
|c|âSavage Alby|tea
|c|âReverb|idk how it could matter
|
|switch|p2a: Keldeo|Keldeo|323\/323
|-damage|p2a: Keldeo|303\/323|[from] Stealth Rock
|move|p1a: Greninja|Low Kick|p2a: Keldeo
|-damage|p2a: Keldeo|200\/323
|-damage|p1a: Greninja|229\/285|[from] item: Life Orb
|
|turn|5
|
|switch|p1a: Latios|Latios, M, shiny|301\/301
|move|p2a: Keldeo|Scald|p1a: Latios
|-resisted|p1a: Latios
|-damage|p1a: Latios|241\/301
|
|turn|6
|c| Ox the Fox|y it didn't matter
|
|switch|p2a: Bisharp|Bisharp, F, shiny|255\/271
|-damage|p2a: Bisharp|239\/271|[from] Stealth Rock
|move|p1a: Latios|Surf|p2a: Bisharp
|-damage|p2a: Bisharp|90\/271
|
|turn|7
|
|move|p2a: Bisharp|Pursuit|p1a: Latios|[from]Pursuit
|-supereffective|p1a: Latios
|-damage|p1a: Latios|0 fnt
|faint|p1a: Latios
|
|
|switch|p1a: Greninja|Greninja, M|229\/285
|turn|8
|
|move|p2a: Bisharp|Sucker Punch|p1a: Greninja
|-resisted|p1a: Greninja
|-damage|p1a: Greninja|112\/285
|move|p1a: Greninja|Low Kick|p2a: Bisharp
|-start|p1a: Greninja|typechange|Fighting|[from] Protean
|-supereffective|p2a: Bisharp
|-damage|p2a: Bisharp|0 fnt
|-damage|p1a: Greninja|84\/285|[from] item: Life Orb
|faint|p2a: Bisharp
|
|join|hand relief
|join|jefo
|
|switch|p2a: Scizor|Scizor, M|307\/307
|-damage|p2a: Scizor|269\/307|[from] Stealth Rock
|turn|9
|
|detailschange|p2a: Scizor|Scizor-Mega, M
|message|Scizor has Mega Evolved into Mega Scizor!
|move|p1a: Greninja|Dark Pulse|p2a: Scizor
|-start|p1a: Greninja|typechange|Dark|[from] Protean
|-damage|p2a: Scizor|120\/307
|-damage|p1a: Greninja|56\/285|[from] item: Life Orb
|move|p2a: Scizor|Swords Dance|p2a: Scizor
|-boost|p2a: Scizor|atk|2
|
|turn|10
|join|Outrageous Fortune
|
|move|p2a: Scizor|Bullet Punch|p1a: Greninja
|-damage|p1a: Greninja|0 fnt
|faint|p1a: Greninja
|
|
|switch|p1a: Raikou|Raikou, shiny|329\/329
|-ability|p1a: Raikou|Pressure
|turn|11
|c| Ox the Fox|nice n won with raikou
|
|move|p2a: Scizor|Bullet Punch|p1a: Raikou
|-resisted|p1a: Raikou
|-damage|p1a: Raikou|153\/329
|move|p1a: Raikou|Volt Switch|p2a: Scizor
|-damage|p2a: Scizor|0 fnt
|faint|p2a: Scizor
|
|switch|p1a: hoes on mah bed|Diggersby, F, shiny|311\/311
|
|
|switch|p2a: Keldeo|Keldeo|200\/323
|-damage|p2a: Keldeo|180\/323|[from] Stealth Rock
|turn|12
|
|move|p1a: hoes on mah bed|Quick Attack|p2a: Keldeo
|-damage|p2a: Keldeo|42\/323
|-damage|p1a: hoes on mah bed|280\/311|[from] item: Life Orb
|-enditem|p2a: Keldeo|Salac Berry|[eat]
|-boost|p2a: Keldeo|spe|1|[from] item: Salac Berry
|move|p2a: Keldeo|Scald|p1a: hoes on mah bed
|-supereffective|p1a: hoes on mah bed
|-damage|p1a: hoes on mah bed|0 fnt
|faint|p1a: hoes on mah bed
|
|join|Chillaxmytest
|
|switch|p1a: Scizor|Scizor, F|307\/307
|turn|13
|
|detailschange|p1a: Scizor|Scizor-Mega, F
|message|Scizor has Mega Evolved into Mega Scizor!
|move|p1a: Scizor|Bullet Punch|p2a: Keldeo
|-resisted|p2a: Keldeo
|-damage|p2a: Keldeo|0 fnt
|faint|p2a: Keldeo
|
|
|switch|p2a: Thundurus|Thundurus, M|299\/299
|-damage|p2a: Thundurus|225\/299|[from] Stealth Rock
|turn|14
|
|move|p2a: Thundurus|Thunder Wave|p1a: Scizor
|-status|p1a: Scizor|par
|move|p1a: Scizor|Bullet Punch|p2a: Thundurus
|-resisted|p2a: Thundurus
|-damage|p2a: Thundurus|132\/299
|
|-heal|p2a: Thundurus|150\/299|[from] item: Leftovers
|turn|15
|join|wite-shrine
|c| jake5|didnt bug bite
|
|move|p2a: Thundurus|Substitute|p2a: Thundurus
|-start|p2a: Thundurus|Substitute
|-damage|p2a: Thundurus|76\/299
|cant|p1a: Scizor|par
|
|-heal|p2a: Thundurus|94\/299|[from] item: Leftovers
|turn|16
|c|âSavage Alby|gg
|c| jake5|ahhh
|
|move|p1a: Scizor|Bullet Punch|p2a: Thundurus
|-resisted|p2a: Thundurus
|-end|p2a: Thundurus|Substitute
|move|p2a: Thundurus|Thunderbolt|p1a: Scizor
|-damage|p1a: Scizor|159\/307 par
|
|-heal|p2a: Thundurus|112\/299|[from] item: Leftovers
|turn|17
|
|move|p2a: Thundurus|Substitute|p2a: Thundurus
|-start|p2a: Thundurus|Substitute
|-damage|p2a: Thundurus|38\/299
|move|p1a: Scizor|Bullet Punch|p2a: Thundurus
|-resisted|p2a: Thundurus
|-end|p2a: Thundurus|Substitute
|
|-heal|p2a: Thundurus|56\/299|[from] item: Leftovers
|turn|18
|c| Ox the Fox|inb4 double para
|
|cant|p1a: Scizor|par
|move|p2a: Thundurus|Thunderbolt|p1a: Scizor
|-damage|p1a: Scizor|0 fnt
|faint|p1a: Scizor
|
|-heal|p2a: Thundurus|74\/299|[from] item: Leftovers
|c|âReverb|gg
|
|switch|p1a: Raikou|Raikou, shiny|153\/329
|-ability|p1a: Raikou|Pressure
|turn|19
|
|move|p1a: Raikou|Thunderbolt|p2a: Thundurus
|-damage|p2a: Thundurus|0 fnt
|faint|p2a: Thundurus
|
|win|Reverb
|raw|Ladder updating...
|join|Cienight
|leave|jake5
|leave|Savage Alby
|player|p2
|raw|Reverb's rating: 1832 &rarr; <strong>1846<\/strong><br \/>(+14 for winning)
|raw|Savage Alby's rating: 1720 &rarr; <strong>1706<\/strong><br \/>(-14 for losing)
|leave|Outrageous Fortune