|join|Savage Alby
|join|patrick2054
|player|p1|Savage Alby|44
|player|p2|patrick2054|294
|gametype|singles
|gen|6
|tier|OU
|rated
|clearpoke
|poke|p1|Bisharp, M
|poke|p1|Thundurus, M
|poke|p1|Empoleon, M
|poke|p1|Gengar, M
|poke|p1|Scizor, F
|poke|p1|Gastrodon, F
|poke|p2|Thundurus-Therian, M
|poke|p2|Kabutops, F
|poke|p2|Swampert, M
|poke|p2|Slurpuff, M
|poke|p2|Politoed, M
|poke|p2|Hawlucha, F
|rule|Swagger Clause: Swagger is banned
|rule|Baton Pass Clause: Limit one PokÃ©mon knowing Baton Pass
|rule|Sleep Clause Mod: Limit one foe put to sleep
|rule|Species Clause: Limit one of each PokÃ©mon
|rule|OHKO Clause: OHKO moves are banned
|rule|Moody Clause: Moody is banned
|rule|Evasion Moves Clause: Evasion moves are banned
|rule|Endless Battle Clause: Forcing endless battles is banned
|rule|HP Percentage Mod: HP is shown in percentages
|teampreview
|
|start
|switch|p1a: Empoleon|Empoleon, M|371\/371
|switch|p2a: Politoed|Politoed, M|321\/321
|-weather|RainDance
|turn|1
|
|switch|p2a: Swampert|Swampert, M|341\/341
|move|p1a: Empoleon|Stealth Rock|p2a: Swampert
|-sidestart|p2: patrick2054|move: Stealth Rock
|
|-weather|RainDance|[upkeep]
|turn|2
|
|switch|p1a: Gengar|Gengar, M|261\/261
|detailschange|p2a: Swampert|Swampert-Mega, M
|message|Swampert has Mega Evolved into Mega Swampert!
|move|p2a: Swampert|Earthquake|p1a: Gengar
|-immune|p1a: Gengar|[msg]
|
|-weather|RainDance|[upkeep]
|turn|3
|
|switch|p1a: Gastrodon|Gastrodon, F|426\/426
|move|p2a: Swampert|Waterfall|p1a: Gastrodon
|-boost|p1a: Gastrodon|spa|1|[from] ability: Storm Drain
|
|-weather|RainDance|[upkeep]
|turn|4
|
|move|p2a: Swampert|Earthquake|p1a: Gastrodon
|-damage|p1a: Gastrodon|233\/426
|move|p1a: Gastrodon|Scald|p2a: Swampert
|-damage|p2a: Swampert|154\/341
|-status|p2a: Swampert|brn
|
|-weather|RainDance|[upkeep]
|-heal|p1a: Gastrodon|259\/426|[from] item: Leftovers
|-damage|p2a: Swampert|112\/341 brn|[from] brn
|turn|5
|
|move|p2a: Swampert|Earthquake|p1a: Gastrodon
|-damage|p1a: Gastrodon|160\/426
|move|p1a: Gastrodon|Recover|p1a: Gastrodon
|-heal|p1a: Gastrodon|373\/426
|
|-weather|RainDance|[upkeep]
|-heal|p1a: Gastrodon|399\/426|[from] item: Leftovers
|-damage|p2a: Swampert|70\/341 brn|[from] brn
|turn|6
|-message|patrick2054 forfeited.
|
|win|Savage Alby
|raw|Ladder updating...
|leave|patrick2054
|player|p2