|join|Savage Alby
|join|Sopamaa
|player|p1|Savage Alby|44
|player|p2|Sopamaa|1
|gametype|singles
|gen|6
|tier|OU
|rated
|clearpoke
|poke|p1|Bisharp, M
|poke|p1|Thundurus, M
|poke|p1|Empoleon, F
|poke|p1|Gengar, M
|poke|p1|Scizor, M
|poke|p1|Gastrodon, F
|poke|p2|Clefable, F
|poke|p2|Heatran, M
|poke|p2|Gallade, M
|poke|p2|Raikou
|poke|p2|Keldeo
|poke|p2|Landorus-Therian, M
|rule|Swagger Clause: Swagger is banned
|rule|Baton Pass Clause: Limit one PokÃ©mon knowing Baton Pass
|rule|Sleep Clause Mod: Limit one foe put to sleep
|rule|Species Clause: Limit one of each PokÃ©mon
|rule|OHKO Clause: OHKO moves are banned
|rule|Moody Clause: Moody is banned
|rule|Evasion Moves Clause: Evasion moves are banned
|rule|Endless Battle Clause: Forcing endless battles is banned
|rule|HP Percentage Mod: HP is shown in percentages
|teampreview
|
|start
|switch|p1a: Thundurus|Thundurus, M|299\/299
|switch|p2a: Landorus-Therian|Landorus-Therian, M|328\/328
|-ability|p2a: Landorus-Therian|Intimidate|[of] p1a: Thundurus
|-unboost|p1a: Thundurus|atk|1
|turn|1
|
|move|p1a: Thundurus|Substitute|p1a: Thundurus
|-start|p1a: Thundurus|Substitute
|-damage|p1a: Thundurus|225\/299
|move|p2a: Landorus-Therian|U-turn|p1a: Thundurus
|-resisted|p1a: Thundurus
|-activate|p1a: Thundurus|Substitute|[damage]
|
|switch|p2a: Raikou|Raikou|321\/321
|-ability|p2a: Raikou|Pressure
|
|-heal|p1a: Thundurus|243\/299|[from] item: Leftovers
|turn|2
|
|move|p2a: Raikou|Volt Switch|p1a: Thundurus
|-end|p1a: Thundurus|Substitute
|
|switch|p2a: Heatran|Heatran, M|385\/385
|move|p1a: Thundurus|Thunderbolt|p2a: Heatran
|-damage|p2a: Heatran|282\/385
|
|-heal|p1a: Thundurus|261\/299|[from] item: Leftovers
|-heal|p2a: Heatran|306\/385|[from] item: Leftovers
|turn|3
|
|switch|p1a: Empoleon|Empoleon, F|371\/371
|move|p2a: Heatran|Stealth Rock|p1a: Empoleon
|-sidestart|p1: Savage Alby|move: Stealth Rock
|
|-heal|p2a: Heatran|330\/385|[from] item: Leftovers
|turn|4
|
|switch|p2a: Keldeo|Keldeo|324\/324
|move|p1a: Empoleon|Defog|p2a: Keldeo
|-unboost|p2a: Keldeo|evasion|1
|-sideend|p1: Savage Alby|Stealth Rock|[from] move: Defog|[of] p1a: Empoleon
|
|turn|5
|
|switch|p2a: Raikou|Raikou|321\/321
|-ability|p2a: Raikou|Pressure
|switch|p1a: Gastrodon|Gastrodon, F|426\/426
|
|turn|6
|
|switch|p2a: Clefable|Clefable, F|394\/394
|move|p1a: Gastrodon|Toxic|p2a: Clefable
|-status|p2a: Clefable|tox
|
|turn|7
|
|switch|p1a: Gengar|Gengar, M|261\/261
|move|p2a: Clefable|Flamethrower|p1a: Gengar
|-damage|p1a: Gengar|167\/261
|
|turn|8
|
|switch|p2a: Heatran|Heatran, M|330\/385
|move|p1a: Gengar|Shadow Ball|p2a: Heatran
|-damage|p2a: Heatran|192\/385
|-unboost|p2a: Heatran|spd|1
|-damage|p1a: Gengar|141\/261|[from] item: Life Orb
|
|-heal|p2a: Heatran|216\/385|[from] item: Leftovers
|turn|9
|
|switch|p2a: Landorus-Therian|Landorus-Therian, M|328\/328
|-ability|p2a: Landorus-Therian|Intimidate|[of] p1a: Gengar
|-unboost|p1a: Gengar|atk|1
|move|p1a: Gengar|Shadow Ball|p2a: Landorus-Therian
|-damage|p2a: Landorus-Therian|110\/328
|-damage|p1a: Gengar|115\/261|[from] item: Life Orb
|
|turn|10
|
|switch|p1a: Empoleon|Empoleon, F|371\/371
|move|p2a: Landorus-Therian|U-turn|p1a: Empoleon
|-resisted|p1a: Empoleon
|-damage|p1a: Empoleon|333\/371
|
|switch|p2a: Keldeo|Keldeo|324\/324
|
|-heal|p1a: Empoleon|356\/371|[from] item: Leftovers
|turn|11
|
|switch|p1a: Gengar|Gengar, M|115\/261
|move|p2a: Keldeo|Secret Sword|p1a: Gengar
|-immune|p1a: Gengar|[msg]
|
|turn|12
|
|switch|p2a: Raikou|Raikou|321\/321
|-ability|p2a: Raikou|Pressure
|move|p1a: Gengar|Shadow Ball|p2a: Raikou
|-damage|p2a: Raikou|136\/321
|-damage|p1a: Gengar|89\/261|[from] item: Life Orb
|
|turn|13
|
|switch|p1a: Gastrodon|Gastrodon, F|426\/426
|move|p2a: Raikou|Extrasensory|p1a: Gastrodon
|-damage|p1a: Gastrodon|317\/426
|
|-heal|p1a: Gastrodon|343\/426|[from] item: Leftovers
|turn|14
|
|switch|p2a: Clefable|Clefable, F|394\/394 tox
|switch|p1a: Empoleon|Empoleon, F|356\/371
|
|-heal|p1a: Empoleon|371\/371|[from] item: Leftovers
|turn|15
|
|move|p1a: Empoleon|Stealth Rock|p2a: Clefable
|-sidestart|p2: Sopamaa|move: Stealth Rock
|move|p2a: Clefable|Calm Mind|p2a: Clefable
|-boost|p2a: Clefable|spa|1
|-boost|p2a: Clefable|spd|1
|
|turn|16
|
|move|p2a: Clefable|Flamethrower|p1a: Empoleon
|-damage|p1a: Empoleon|284\/371
|move|p1a: Empoleon|Roar|p2a: Clefable
|drag|p2a: Landorus-Therian|Landorus-Therian, M|110\/328
|-damage|p2a: Landorus-Therian|69\/328|[from] Stealth Rock
|-ability|p2a: Landorus-Therian|Intimidate|[of] p1a: Empoleon
|-unboost|p1a: Empoleon|atk|1
|
|-heal|p1a: Empoleon|307\/371|[from] item: Leftovers
|turn|17
|
|move|p2a: Landorus-Therian|U-turn|p1a: Empoleon
|-resisted|p1a: Empoleon
|-damage|p1a: Empoleon|263\/371
|
|switch|p2a: Clefable|Clefable, F|394\/394 tox
|move|p1a: Empoleon|Roar|p2a: Clefable
|drag|p2a: Keldeo|Keldeo|324\/324
|-damage|p2a: Keldeo|304\/324|[from] Stealth Rock
|
|-heal|p1a: Empoleon|286\/371|[from] item: Leftovers
|turn|18
|
|switch|p1a: Gastrodon|Gastrodon, F|343\/426
|move|p2a: Keldeo|Icy Wind|p1a: Gastrodon
|-damage|p1a: Gastrodon|231\/426
|-unboost|p1a: Gastrodon|spe|1
|
|-heal|p1a: Gastrodon|257\/426|[from] item: Leftovers
|turn|19
|
|switch|p2a: Clefable|Clefable, F|394\/394 tox
|move|p1a: Gastrodon|Recover|p1a: Gastrodon
|-heal|p1a: Gastrodon|426\/426
|
|turn|20
|
|switch|p1a: Bisharp|Bisharp, M|271\/271
|move|p2a: Clefable|Flamethrower|p1a: Bisharp
|-supereffective|p1a: Bisharp
|-damage|p1a: Bisharp|101\/271
|
|turn|21
|
|switch|p2a: Raikou|Raikou|136\/321
|-damage|p2a: Raikou|96\/321|[from] Stealth Rock
|-ability|p2a: Raikou|Pressure
|move|p1a: Bisharp|Iron Head|p2a: Raikou
|-resisted|p2a: Raikou
|-damage|p2a: Raikou|7\/321
|
|turn|22
|
|move|p1a: Bisharp|Sucker Punch|p2a: Raikou
|-damage|p2a: Raikou|0 fnt
|faint|p2a: Raikou
|
|
|switch|p2a: Keldeo|Keldeo|304\/324
|-damage|p2a: Keldeo|284\/324|[from] Stealth Rock
|turn|23
|
|switch|p1a: Gastrodon|Gastrodon, F|426\/426
|move|p2a: Keldeo|Scald|p1a: Gastrodon
|-boost|p1a: Gastrodon|spa|1|[from] ability: Storm Drain
|
|turn|24
|
|switch|p2a: Clefable|Clefable, F|394\/394 tox
|move|p1a: Gastrodon|Scald|p2a: Clefable
|-damage|p2a: Clefable|247\/394 tox
|
|-heal|p2a: Clefable|271\/394 tox|[from] item: Leftovers
|turn|25
|
|move|p2a: Clefable|Flamethrower|p1a: Gastrodon
|-resisted|p1a: Gastrodon
|-damage|p1a: Gastrodon|384\/426
|move|p1a: Gastrodon|Scald|p2a: Clefable
|-damage|p2a: Clefable|135\/394 tox
|
|-heal|p2a: Clefable|159\/394 tox|[from] item: Leftovers
|-heal|p1a: Gastrodon|410\/426|[from] item: Leftovers
|turn|26
|
|switch|p1a: Bisharp|Bisharp, M|101\/271
|move|p2a: Clefable|Flamethrower|p1a: Bisharp
|-supereffective|p1a: Bisharp
|-damage|p1a: Bisharp|0 fnt
|faint|p1a: Bisharp
|
|-heal|p2a: Clefable|183\/394 tox|[from] item: Leftovers
|
|switch|p1a: Scizor|Scizor, M|344\/344
|turn|27
|
|switch|p2a: Landorus-Therian|Landorus-Therian, M|69\/328
|-damage|p2a: Landorus-Therian|28\/328|[from] Stealth Rock
|-ability|p2a: Landorus-Therian|Intimidate|[of] p1a: Scizor
|-unboost|p1a: Scizor|atk|1
|detailschange|p1a: Scizor|Scizor-Mega, M
|message|Scizor has Mega Evolved into Mega Scizor!
|move|p1a: Scizor|U-turn|p2a: Landorus-Therian
|-resisted|p2a: Landorus-Therian
|-damage|p2a: Landorus-Therian|0 fnt
|faint|p2a: Landorus-Therian
|
|switch|p1a: Thundurus|Thundurus, M|261\/299
|
|-heal|p1a: Thundurus|279\/299|[from] item: Leftovers
|
|switch|p2a: Gallade|Gallade, M|278\/278
|-damage|p2a: Gallade|261\/278|[from] Stealth Rock
|turn|28
|
|detailschange|p2a: Gallade|Gallade-Mega, M
|message|Gallade has Mega Evolved into Mega Gallade!
|move|p1a: Thundurus|Thunder Wave|p2a: Gallade
|-status|p2a: Gallade|par
|move|p2a: Gallade|Zen Headbutt|p1a: Thundurus
|-damage|p1a: Thundurus|47\/299
|
|-heal|p1a: Thundurus|65\/299|[from] item: Leftovers
|turn|29
|
|switch|p1a: Scizor|Scizor-Mega, M|344\/344
|cant|p2a: Gallade|par
|
|turn|30
|
|move|p1a: Scizor|U-turn|p2a: Gallade
|-damage|p2a: Gallade|143\/278 par
|
|switch|p1a: Gengar|Gengar, M|89\/261
|move|p2a: Gallade|Swords Dance|p2a: Gallade
|-boost|p2a: Gallade|atk|2
|
|turn|31
|
|switch|p1a: Scizor|Scizor-Mega, M|344\/344
|move|p2a: Gallade|Knock Off|p1a: Scizor
|-damage|p1a: Scizor|228\/344
|
|turn|32
|
|move|p1a: Scizor|Roost|p1a: Scizor
|-heal|p1a: Scizor|344\/344
|cant|p2a: Gallade|par
|
|turn|33
|
|move|p1a: Scizor|Bullet Punch|p2a: Gallade
|-damage|p2a: Gallade|32\/278 par
|move|p2a: Gallade|Zen Headbutt|p1a: Scizor
|-resisted|p1a: Scizor
|-damage|p1a: Scizor|246\/344
|
|turn|34
|
|move|p1a: Scizor|U-turn|p2a: Gallade
|-damage|p2a: Gallade|0 fnt
|faint|p2a: Gallade
|
|switch|p1a: Gengar|Gengar, M|89\/261
|
|
|switch|p2a: Keldeo|Keldeo|284\/324
|-damage|p2a: Keldeo|264\/324|[from] Stealth Rock
|turn|35
|
|switch|p1a: Empoleon|Empoleon, F|286\/371
|switch|p2a: Clefable|Clefable, F|183\/394 tox
|
|-heal|p1a: Empoleon|309\/371|[from] item: Leftovers
|-heal|p2a: Clefable|207\/394 tox|[from] item: Leftovers
|turn|36
|
|move|p2a: Clefable|Soft-Boiled|p2a: Clefable
|-heal|p2a: Clefable|394\/394 tox
|move|p1a: Empoleon|Roar|p2a: Clefable
|drag|p2a: Keldeo|Keldeo|264\/324
|-damage|p2a: Keldeo|244\/324|[from] Stealth Rock
|
|-heal|p1a: Empoleon|332\/371|[from] item: Leftovers
|turn|37
|
|move|p2a: Keldeo|Secret Sword|p1a: Empoleon
|-supereffective|p1a: Empoleon
|-damage|p1a: Empoleon|0 fnt
|faint|p1a: Empoleon
|
|
|switch|p1a: Thundurus|Thundurus, M|65\/299
|turn|38
|
|switch|p1a: Gengar|Gengar, M|89\/261
|switch|p2a: Clefable|Clefable, F|394\/394 tox
|
|turn|39
|
|move|p1a: Gengar|Sludge Wave|p2a: Clefable
|-supereffective|p2a: Clefable
|-damage|p2a: Clefable|0 fnt
|-damage|p1a: Gengar|63\/261|[from] item: Life Orb
|faint|p2a: Clefable
|
|
|switch|p2a: Heatran|Heatran, M|216\/385
|-damage|p2a: Heatran|168\/385|[from] Stealth Rock
|turn|40
|
|move|p1a: Gengar|Shadow Ball|p2a: Heatran
|-damage|p2a: Heatran|39\/385
|-damage|p1a: Gengar|37\/261|[from] item: Life Orb
|move|p2a: Heatran|Lava Plume|p1a: Gengar
|-damage|p1a: Gengar|0 fnt
|faint|p1a: Gengar
|
|-heal|p2a: Heatran|63\/385|[from] item: Leftovers
|
|switch|p1a: Thundurus|Thundurus, M|65\/299
|turn|41
|c|âSopamaa|gg
|
|move|p1a: Thundurus|Thunderbolt|p2a: Heatran
|-damage|p2a: Heatran|0 fnt
|faint|p2a: Heatran
|
|-heal|p1a: Thundurus|83\/299|[from] item: Leftovers
|
|switch|p2a: Keldeo|Keldeo|244\/324
|-damage|p2a: Keldeo|224\/324|[from] Stealth Rock
|turn|42
|c|âSavage Alby|gg m8
|
|move|p1a: Thundurus|Thunderbolt|p2a: Keldeo
|-supereffective|p2a: Keldeo
|-damage|p2a: Keldeo|0 fnt
|faint|p2a: Keldeo
|
|win|Savage Alby
|raw|Ladder updating...
|raw|Savage Alby's rating: 1444 &rarr; <strong>1463<\/strong><br \/>(+19 for winning)
|raw|Sopamaa's rating: 1422 &rarr; <strong>1403<\/strong><br \/>(-19 for losing)
|leave|Sopamaa
|player|p2