|join|Reverb
|join|Savage Alby
|player|p1|Reverb|#reverb
|player|p2|Savage Alby|44
|gametype|singles
|gen|6
|tier|OU
|rated
|clearpoke
|poke|p1|Empoleon, M
|poke|p1|Tyranitar, F
|poke|p1|Charizard, M
|poke|p1|Keldeo
|poke|p1|Kyurem-Black
|poke|p1|Landorus-Therian, M
|poke|p2|Clefable, F, shiny
|poke|p2|Gengar, F, shiny
|poke|p2|Pinsir, F
|poke|p2|Excadrill, F
|poke|p2|Suicune
|poke|p2|Thundurus, M
|rule|Swagger Clause: Swagger is banned
|rule|Baton Pass Clause: Limit one PokÃ©mon knowing Baton Pass
|rule|Sleep Clause Mod: Limit one foe put to sleep
|rule|Species Clause: Limit one of each PokÃ©mon
|rule|OHKO Clause: OHKO moves are banned
|rule|Moody Clause: Moody is banned
|rule|Evasion Moves Clause: Evasion moves are banned
|rule|Endless Battle Clause: Forcing endless battles is banned
|rule|HP Percentage Mod: HP is shown in percentages
|teampreview
|c|âSavage Alby|hii
|c|âReverb|hf
|
|start
|switch|p1a: Landorus-Therian|Landorus-Therian, M|327\/327
|switch|p2a: Thundurus|Thundurus, M|299\/299
|-ability|p1a: Landorus-Therian|Intimidate|[of] p2a: Thundurus
|-unboost|p2a: Thundurus|atk|1
|-boost|p2a: Thundurus|atk|2|[from] ability: Defiant
|turn|1
|
|move|p1a: Landorus-Therian|Stone Edge|p2a: Thundurus
|-supereffective|p2a: Thundurus
|-damage|p2a: Thundurus|0 fnt
|faint|p2a: Thundurus
|
|
|switch|p2a: Excadrill|Excadrill, F|413\/413
|-ability|p2a: Excadrill|Mold Breaker
|turn|2
|
|switch|p1a: Keldeo|Keldeo|323\/323
|move|p2a: Excadrill|Stealth Rock|p1a: Keldeo
|-sidestart|p1: Reverb|move: Stealth Rock
|
|turn|3
|
|switch|p2a: Suicune|Suicune|404\/404
|-ability|p2a: Suicune|Pressure
|move|p1a: Keldeo|Scald|p2a: Suicune
|-resisted|p2a: Suicune
|-damage|p2a: Suicune|315\/404
|
|-heal|p2a: Suicune|340\/404|[from] item: Leftovers
|turn|4
|
|switch|p2a: Gengar|Gengar, F, shiny|261\/261
|move|p1a: Keldeo|Scald|p2a: Gengar
|-damage|p2a: Gengar|11\/261
|
|turn|5
|
|switch|p1a: Empoleon|Empoleon, M|372\/372
|-damage|p1a: Empoleon|349\/372|[from] Stealth Rock
|move|p2a: Gengar|Pain Split|p1a: Empoleon
|-sethp|p1a: Empoleon|180\/372|p2a: Gengar|180\/261|[from] move: Pain Split
|
|-heal|p1a: Empoleon|203\/372|[from] item: Leftovers
|turn|6
|
|switch|p1a: Landorus-Therian|Landorus-Therian, M|327\/327
|-damage|p1a: Landorus-Therian|287\/327|[from] Stealth Rock
|-ability|p1a: Landorus-Therian|Intimidate|[of] p2a: Gengar
|-unboost|p2a: Gengar|atk|1
|move|p2a: Gengar|Taunt|p1a: Landorus-Therian
|-start|p1a: Landorus-Therian|move: Taunt
|
|turn|7
|
|switch|p2a: Excadrill|Excadrill, F|413\/413
|-ability|p2a: Excadrill|Mold Breaker
|move|p1a: Landorus-Therian|Stone Edge|p2a: Excadrill
|-resisted|p2a: Excadrill
|-damage|p2a: Excadrill|363\/413
|
|turn|8
|
|move|p1a: Landorus-Therian|Stone Edge|p2a: Excadrill
|-crit|p2a: Excadrill
|-resisted|p2a: Excadrill
|-damage|p2a: Excadrill|293\/413
|move|p2a: Excadrill|Earthquake|p1a: Landorus-Therian
|-immune|p1a: Landorus-Therian|[msg]
|
|turn|9
|
|switch|p1a: Keldeo|Keldeo|323\/323
|-damage|p1a: Keldeo|303\/323|[from] Stealth Rock
|move|p2a: Excadrill|Earthquake|p1a: Keldeo
|-damage|p1a: Keldeo|107\/323
|
|turn|10
|
|move|p1a: Keldeo|Secret Sword|p2a: Excadrill
|-supereffective|p2a: Excadrill
|-enditem|p2a: Excadrill|Chople Berry|[eat]
|-damage|p2a: Excadrill|0 fnt
|faint|p2a: Excadrill
|
|
|switch|p2a: Gengar|Gengar, F, shiny|180\/261
|turn|11
|
|switch|p1a: Tyranitar|Tyranitar, F|383\/383
|-damage|p1a: Tyranitar|336\/383|[from] Stealth Rock
|-weather|Sandstorm
|move|p2a: Gengar|Will-O-Wisp|p1a: Tyranitar|[miss]
|-miss|p2a: Gengar|p1a: Tyranitar
|
|-weather|Sandstorm|[upkeep]
|-damage|p2a: Gengar|164\/261|[from] sandstorm
|turn|12
|
|move|p2a: Gengar|Will-O-Wisp|p1a: Tyranitar
|-status|p1a: Tyranitar|brn
|move|p1a: Tyranitar|Pursuit|p2a: Gengar
|-supereffective|p2a: Gengar
|-damage|p2a: Gengar|0 fnt
|faint|p2a: Gengar
|
|-weather|Sandstorm|[upkeep]
|-damage|p1a: Tyranitar|289\/383 brn|[from] brn
|
|switch|p2a: Pinsir|Pinsir, F|271\/271
|turn|13
|
|switch|p1a: Keldeo|Keldeo|107\/323
|-damage|p1a: Keldeo|87\/323|[from] Stealth Rock
|move|p2a: Pinsir|Swords Dance|p2a: Pinsir
|-boost|p2a: Pinsir|atk|2
|
|-weather|Sandstorm|[upkeep]
|-damage|p1a: Keldeo|67\/323|[from] sandstorm
|-damage|p2a: Pinsir|255\/271|[from] sandstorm
|turn|14
|join|haunter
|
|move|p2a: Pinsir|Quick Attack|p1a: Keldeo
|-damage|p1a: Keldeo|0 fnt
|faint|p1a: Keldeo
|
|-weather|Sandstorm|[upkeep]
|-damage|p2a: Pinsir|239\/271|[from] sandstorm
|c|âSavage Alby|double scarf always beats my style of play
|
|switch|p1a: Landorus-Therian|Landorus-Therian, M|287\/327
|-damage|p1a: Landorus-Therian|247\/327|[from] Stealth Rock
|-ability|p1a: Landorus-Therian|Intimidate|[of] p2a: Pinsir
|-fail|p2a: Pinsir|unboost|Attack|[from] ability: Hyper Cutter|[of] p2a: Pinsir
|turn|15
|
|detailschange|p2a: Pinsir|Pinsir-Mega, F
|message|Pinsir has Mega Evolved into Mega Pinsir!
|move|p2a: Pinsir|Quick Attack|p1a: Landorus-Therian
|-damage|p1a: Landorus-Therian|21\/327
|move|p1a: Landorus-Therian|Explosion|p2a: Pinsir
|-damage|p2a: Pinsir|0 fnt
|faint|p1a: Landorus-Therian
|faint|p2a: Pinsir
|
|-weather|none
|
|switch|p2a: Suicune|Suicune|340\/404
|switch|p1a: Empoleon|Empoleon, M|203\/372
|-ability|p2a: Suicune|Pressure
|-damage|p1a: Empoleon|180\/372|[from] Stealth Rock
|turn|16
|
|move|p2a: Suicune|Calm Mind|p2a: Suicune
|-boost|p2a: Suicune|spa|1
|-boost|p2a: Suicune|spd|1
|move|p1a: Empoleon|Defog|p2a: Suicune
|-unboost|p2a: Suicune|evasion|1
|-sideend|p1: Reverb|Stealth Rock|[from] move: Defog|[of] p1a: Empoleon
|
|-heal|p2a: Suicune|365\/404|[from] item: Leftovers
|-heal|p1a: Empoleon|203\/372|[from] item: Leftovers
|turn|17
|c|âSavage Alby|gg
|c|âReverb|gg
|
|move|p2a: Suicune|Scald|p1a: Empoleon
|-resisted|p1a: Empoleon
|-damage|p1a: Empoleon|143\/372
|move|p1a: Empoleon|Roar|p2a: Suicune
|drag|p2a: Clefable|Clefable, F, shiny|332\/332
|
|-heal|p1a: Empoleon|166\/372|[from] item: Leftovers
|turn|18
|
|move|p1a: Empoleon|Stealth Rock|p2a: Clefable
|-sidestart|p2: Savage Alby|move: Stealth Rock
|move|p2a: Clefable|Thunder Wave|p1a: Empoleon
|-status|p1a: Empoleon|par
|
|-heal|p1a: Empoleon|189\/372 par|[from] item: Leftovers
|turn|19
|
|switch|p1a: Tyranitar|Tyranitar, F|289\/383 brn
|-weather|Sandstorm
|move|p2a: Clefable|Flamethrower|p1a: Tyranitar
|-resisted|p1a: Tyranitar
|-damage|p1a: Tyranitar|265\/383 brn
|
|-weather|Sandstorm|[upkeep]
|-damage|p2a: Clefable|312\/332|[from] sandstorm
|-heal|p2a: Clefable|332\/332|[from] item: Leftovers
|-damage|p1a: Tyranitar|218\/383 brn|[from] brn
|turn|20
|
|move|p1a: Tyranitar|Stone Edge|p2a: Clefable|[miss]
|-miss|p1a: Tyranitar|p2a: Clefable
|move|p2a: Clefable|Moonblast|p1a: Tyranitar
|-supereffective|p1a: Tyranitar
|-damage|p1a: Tyranitar|86\/383 brn
|-unboost|p1a: Tyranitar|spa|1
|
|-weather|Sandstorm|[upkeep]
|-damage|p2a: Clefable|312\/332|[from] sandstorm
|-heal|p2a: Clefable|332\/332|[from] item: Leftovers
|-damage|p1a: Tyranitar|39\/383 brn|[from] brn
|turn|21
|
|move|p1a: Tyranitar|Stone Edge|p2a: Clefable
|-damage|p2a: Clefable|160\/332
|move|p2a: Clefable|Moonlight|p2a: Clefable
|-heal|p2a: Clefable|243\/332
|
|-weather|Sandstorm|[upkeep]
|-damage|p2a: Clefable|223\/332|[from] sandstorm
|-heal|p2a: Clefable|243\/332|[from] item: Leftovers
|-damage|p1a: Tyranitar|0 fnt|[from] brn
|faint|p1a: Tyranitar
|
|switch|p1a: Charizard|Charizard, M|297\/297
|turn|22
|
|detailschange|p1a: Charizard|Charizard-Mega-Y, M
|message|Charizard has Mega Evolved into Mega Charizard!
|-weather|SunnyDay
|move|p1a: Charizard|Flamethrower|p2a: Clefable
|-damage|p2a: Clefable|0 fnt
|faint|p2a: Clefable
|
|-weather|SunnyDay|[upkeep]
|
|switch|p2a: Suicune|Suicune|365\/404
|-damage|p2a: Suicune|315\/404|[from] Stealth Rock
|-ability|p2a: Suicune|Pressure
|turn|23
|
|move|p1a: Charizard|Solar Beam|p2a: Suicune|[still]
|-prepare|p1a: Charizard|Solar Beam|p2a: Suicune
|-anim|p1a: Charizard|Solar Beam|p2a: Suicune
|-supereffective|p2a: Suicune
|-damage|p2a: Suicune|7\/404
|move|p2a: Suicune|Scald|p1a: Charizard
|-supereffective|p1a: Charizard
|-damage|p1a: Charizard|211\/297
|
|-weather|SunnyDay|[upkeep]
|-heal|p2a: Suicune|32\/404|[from] item: Leftovers
|turn|24
|c|âReverb|gg
|
|move|p1a: Charizard|Solar Beam|p2a: Suicune|[still]
|-prepare|p1a: Charizard|Solar Beam|p2a: Suicune
|-anim|p1a: Charizard|Solar Beam|p2a: Suicune
|-supereffective|p2a: Suicune
|-damage|p2a: Suicune|0 fnt
|faint|p2a: Suicune
|
|win|Reverb
|raw|Ladder updating...
|leave|Savage Alby
|player|p2
|join|Escavalier
|raw|Reverb's rating: 1818 &rarr; <strong>1833<\/strong><br \/>(+15 for winning)
|raw|Savage Alby's rating: 1731 &rarr; <strong>1716<\/strong><br \/>(-15 for losing)
|leave|Escavalier
|leave|haunter