|join|Inchallah
|join|Savage Alby
|player|p1|Inchallah|107
|player|p2|Savage Alby|44
|gametype|singles
|gen|6
|tier|OU
|rated
|clearpoke
|poke|p1|Metagross
|poke|p1|Keldeo-Resolute
|poke|p1|Landorus-Therian, M
|poke|p1|Ferrothorn, F
|poke|p1|Heatran, M
|poke|p1|Clefable, F
|poke|p2|Metagross
|poke|p2|Azumarill, M
|poke|p2|Raikou, shiny
|poke|p2|Victini
|poke|p2|Mamoswine, F
|poke|p2|Keldeo
|rule|Swagger Clause: Swagger is banned
|rule|Baton Pass Clause: Limit one PokÃ©mon knowing Baton Pass
|rule|Sleep Clause Mod: Limit one foe put to sleep
|rule|Species Clause: Limit one of each PokÃ©mon
|rule|OHKO Clause: OHKO moves are banned
|rule|Moody Clause: Moody is banned
|rule|Evasion Moves Clause: Evasion moves are banned
|rule|Endless Battle Clause: Forcing endless battles is banned
|rule|HP Percentage Mod: HP is shown in percentages
|teampreview
|
|start
|switch|p1a: Keldeo-Resolute|Keldeo-Resolute|323\/323
|switch|p2a: Mamoswine|Mamoswine, F|361\/361
|turn|1
|
|switch|p2a: Keldeo|Keldeo|323\/323
|move|p1a: Keldeo-Resolute|Scald|p2a: Keldeo
|-resisted|p2a: Keldeo
|-damage|p2a: Keldeo|215\/323
|-status|p2a: Keldeo|brn
|
|-damage|p2a: Keldeo|175\/323 brn|[from] brn
|turn|2
|
|switch|p2a: Metagross|Metagross|301\/301
|switch|p1a: Clefable|Clefable, F|394\/394
|
|turn|3
|
|switch|p1a: Ferrothorn|Ferrothorn, F|352\/352
|detailschange|p2a: Metagross|Metagross-Mega
|message|Metagross has Mega Evolved into Mega Metagross!
|move|p2a: Metagross|Meteor Mash|p1a: Ferrothorn
|-resisted|p1a: Ferrothorn
|-damage|p1a: Ferrothorn|276\/352
|-damage|p2a: Metagross|264\/301|[from] ability: Iron Barbs|[of] p1a: Ferrothorn
|
|-heal|p1a: Ferrothorn|298\/352|[from] item: Leftovers
|turn|4
|
|move|p2a: Metagross|Hammer Arm|p1a: Ferrothorn
|-crit|p1a: Ferrothorn
|-supereffective|p1a: Ferrothorn
|-damage|p1a: Ferrothorn|0 fnt
|-damage|p2a: Metagross|227\/301|[from] ability: Iron Barbs|[of] p1a: Ferrothorn
|-unboost|p2a: Metagross|spe|1
|faint|p1a: Ferrothorn
|
|
|switch|p1a: Keldeo-Resolute|Keldeo-Resolute|323\/323
|turn|5
|
|switch|p2a: Keldeo|Keldeo|175\/323 brn
|move|p1a: Keldeo-Resolute|Scald|p2a: Keldeo
|-resisted|p2a: Keldeo
|-damage|p2a: Keldeo|53\/323 brn
|
|-damage|p2a: Keldeo|13\/323 brn|[from] brn
|turn|6
|
|move|p2a: Keldeo|Scald|p1a: Keldeo-Resolute
|-resisted|p1a: Keldeo-Resolute
|-damage|p1a: Keldeo-Resolute|210\/323
|-status|p1a: Keldeo-Resolute|brn
|move|p1a: Keldeo-Resolute|Scald|p2a: Keldeo
|-resisted|p2a: Keldeo
|-damage|p2a: Keldeo|0 fnt
|faint|p2a: Keldeo
|
|-damage|p1a: Keldeo-Resolute|170\/323 brn|[from] brn
|
|switch|p2a: Victini|Victini|341\/341
|turn|7
|
|move|p1a: Keldeo-Resolute|Scald|p2a: Victini
|-crit|p2a: Victini
|-supereffective|p2a: Victini
|-enditem|p2a: Victini|Focus Sash
|-damage|p2a: Victini|1\/341
|move|p2a: Victini|Glaciate|p1a: Keldeo-Resolute
|-resisted|p1a: Keldeo-Resolute
|-damage|p1a: Keldeo-Resolute|134\/323 brn
|-unboost|p1a: Keldeo-Resolute|spe|1
|
|-damage|p1a: Keldeo-Resolute|94\/323 brn|[from] brn
|turn|8
|
|switch|p1a: Metagross|Metagross|301\/301
|move|p2a: Victini|Blue Flare|p1a: Metagross
|-supereffective|p1a: Metagross
|-damage|p1a: Metagross|0 fnt
|faint|p1a: Metagross
|
|
|switch|p1a: Landorus-T|Landorus-Therian, M|325\/325
|-ability|p1a: Landorus-T|Intimidate|[of] p2a: Victini
|-unboost|p2a: Victini|atk|1
|turn|9
|
|move|p1a: Landorus-T|U-turn|p2a: Victini
|-damage|p2a: Victini|0 fnt
|faint|p2a: Victini
|
|switch|p1a: Keldeo-Resolute|Keldeo-Resolute|94\/323 brn
|
|-damage|p1a: Keldeo-Resolute|54\/323 brn|[from] brn
|
|switch|p2a: Raikou|Raikou, shiny|321\/321
|-ability|p2a: Raikou|Pressure
|turn|10
|
|move|p2a: Raikou|Volt Switch|p1a: Keldeo-Resolute
|-supereffective|p1a: Keldeo-Resolute
|-damage|p1a: Keldeo-Resolute|0 fnt
|faint|p1a: Keldeo-Resolute
|
|switch|p2a: Mamoswine|Mamoswine, F|361\/361
|
|
|switch|p1a: Clefable|Clefable, F|394\/394
|turn|11
|
|move|p2a: Mamoswine|Stealth Rock|p1a: Clefable
|-sidestart|p1: Inchallah|move: Stealth Rock
|move|p1a: Clefable|Moonblast|p2a: Mamoswine
|-damage|p2a: Mamoswine|171\/361
|
|turn|12
|
|move|p2a: Mamoswine|Earthquake|p1a: Clefable
|-damage|p1a: Clefable|109\/394
|-damage|p2a: Mamoswine|135\/361|[from] item: Life Orb
|move|p1a: Clefable|Flamethrower|p2a: Mamoswine
|-supereffective|p2a: Mamoswine
|-damage|p2a: Mamoswine|13\/361
|
|-heal|p1a: Clefable|133\/394|[from] item: Leftovers
|turn|13
|
|move|p2a: Mamoswine|Earthquake|p1a: Clefable
|-damage|p1a: Clefable|0 fnt
|-damage|p2a: Mamoswine|0 fnt|[from] item: Life Orb
|faint|p1a: Clefable
|faint|p2a: Mamoswine
|
|
|switch|p2a: Raikou|Raikou, shiny|321\/321
|switch|p1a: Heatran|Heatran, M|385\/385
|-ability|p2a: Raikou|Pressure
|-damage|p1a: Heatran|337\/385|[from] Stealth Rock
|turn|14
|
|move|p2a: Raikou|Volt Switch|p1a: Heatran
|-damage|p1a: Heatran|238\/385
|
|switch|p2a: Metagross|Metagross-Mega|227\/301
|move|p1a: Heatran|Lava Plume|p2a: Metagross
|-supereffective|p2a: Metagross
|-damage|p2a: Metagross|0 fnt
|faint|p2a: Metagross
|
|-heal|p1a: Heatran|262\/385|[from] item: Leftovers
|
|switch|p2a: Azumarill|Azumarill, M|347\/347
|turn|15
|
|move|p1a: Heatran|Lava Plume|p2a: Azumarill
|-resisted|p2a: Azumarill
|-damage|p2a: Azumarill|276\/347
|move|p2a: Azumarill|Belly Drum|p2a: Azumarill
|-damage|p2a: Azumarill|103\/347
|-setboost|p2a: Azumarill|atk|6|[from] move: Belly Drum
|-enditem|p2a: Azumarill|Sitrus Berry|[eat]
|-heal|p2a: Azumarill|189\/347|[from] item: Sitrus Berry
|
|-heal|p1a: Heatran|286\/385|[from] item: Leftovers
|turn|16
|
|move|p2a: Azumarill|Aqua Jet|p1a: Heatran
|-supereffective|p1a: Heatran
|-damage|p1a: Heatran|0 fnt
|faint|p1a: Heatran
|
|
|switch|p1a: Landorus-T|Landorus-Therian, M|325\/325
|-damage|p1a: Landorus-T|285\/325|[from] Stealth Rock
|-ability|p1a: Landorus-T|Intimidate|[of] p2a: Azumarill
|-unboost|p2a: Azumarill|atk|1
|turn|17
|
|move|p2a: Azumarill|Aqua Jet|p1a: Landorus-T
|-supereffective|p1a: Landorus-T
|-damage|p1a: Landorus-T|0 fnt
|faint|p1a: Landorus-T
|
|win|Savage Alby
|raw|Ladder updating...
|leave|Inchallah
|player|p1