|join|Here to GG
|join|Savage Alby
|player|p1|Here to GG|170
|player|p2|Savage Alby|44
|gametype|singles
|gen|6
|tier|OU
|rated
|clearpoke
|poke|p1|Lopunny, M
|poke|p1|Latios, M
|poke|p1|Garchomp, M
|poke|p1|Rotom-Wash
|poke|p1|Heatran, F
|poke|p1|Landorus, M
|poke|p2|Gyarados, M, shiny
|poke|p2|Celebi
|poke|p2|Entei, shiny
|poke|p2|Toxicroak, F
|poke|p2|Landorus-Therian, M
|poke|p2|Zapdos, shiny
|rule|Swagger Clause: Swagger is banned
|rule|Baton Pass Clause: Limit one PokÃ©mon knowing Baton Pass
|rule|Sleep Clause Mod: Limit one foe put to sleep
|rule|Species Clause: Limit one of each PokÃ©mon
|rule|OHKO Clause: OHKO moves are banned
|rule|Moody Clause: Moody is banned
|rule|Evasion Moves Clause: Evasion moves are banned
|rule|Endless Battle Clause: Forcing endless battles is banned
|rule|HP Percentage Mod: HP is shown in percentages
|teampreview
|
|start
|switch|p1a: Lopunny|Lopunny, M|271\/271
|switch|p2a: Landorus-Therian|Landorus-Therian, M|382\/382
|-ability|p2a: Landorus-Therian|Intimidate|[of] p1a: Lopunny
|-unboost|p1a: Lopunny|atk|1
|turn|1
|
|detailschange|p1a: Lopunny|Lopunny-Mega, M
|-mega|p1a: Lopunny|Lopunny|Lopunnite
|move|p1a: Lopunny|Fake Out|p2a: Landorus-Therian
|-damage|p2a: Landorus-Therian|340\/382
|cant|p2a: Landorus-Therian|flinch
|
|-heal|p2a: Landorus-Therian|363\/382|[from] item: Leftovers
|turn|2
|
|move|p1a: Lopunny|Ice Punch|p2a: Landorus-Therian
|-supereffective|p2a: Landorus-Therian
|-damage|p2a: Landorus-Therian|167\/382
|move|p2a: Landorus-Therian|Stealth Rock|p1a: Lopunny
|-sidestart|p1: Here to GG|move: Stealth Rock
|
|-heal|p2a: Landorus-Therian|190\/382|[from] item: Leftovers
|turn|3
|
|switch|p1a: Latios|Latios, M|301\/301
|-damage|p1a: Latios|264\/301|[from] Stealth Rock
|move|p2a: Landorus-Therian|U-turn|p1a: Latios
|-supereffective|p1a: Latios
|-damage|p1a: Latios|74\/301
|
|switch|p2a: Celebi|Celebi|403\/403
|
|turn|4
|
|move|p1a: Latios|Defog|p2a: Celebi
|-unboost|p2a: Celebi|evasion|1
|-sideend|p1: Here to GG|Stealth Rock|[from] move: Defog|[of] p1a: Latios
|move|p2a: Celebi|Swords Dance|p2a: Celebi
|-boost|p2a: Celebi|atk|2
|
|turn|5
|
|move|p1a: Latios|Roost|p1a: Latios
|-heal|p1a: Latios|225\/301
|move|p2a: Celebi|Baton Pass|p2a: Celebi
|
|switch|p2a: Gyarados|Gyarados, M, shiny|331\/331
|-ability|p2a: Gyarados|Intimidate|[of] p1a: Latios
|-unboost|p1a: Latios|atk|1
|
|turn|6
|
|detailschange|p2a: Gyarados|Gyarados-Mega, M, shiny
|-mega|p2a: Gyarados|Gyarados|Gyaradosite
|-ability|p2a: Gyarados|Mold Breaker
|move|p1a: Latios|Draco Meteor|p2a: Gyarados
|-damage|p2a: Gyarados|101\/331
|-unboost|p1a: Latios|spa|2
|-damage|p1a: Latios|195\/301|[from] item: Life Orb
|move|p2a: Gyarados|Dragon Dance|p2a: Gyarados
|-boost|p2a: Gyarados|atk|1
|-boost|p2a: Gyarados|spe|1
|
|turn|7
|
|switch|p1a: Garchomp|Garchomp, M|420\/420
|move|p2a: Gyarados|Crunch|p1a: Garchomp
|-damage|p1a: Garchomp|126\/420
|-damage|p2a: Gyarados|60\/331|[from] ability: Rough Skin|[of] p1a: Garchomp
|-damage|p2a: Gyarados|5\/331|[from] item: Rocky Helmet|[of] p1a: Garchomp
|
|turn|8
|
|move|p2a: Gyarados|Waterfall|p1a: Garchomp
|-damage|p1a: Garchomp|0 fnt
|-damage|p2a: Gyarados|0 fnt|[from] ability: Rough Skin|[of] p1a: Garchomp
|faint|p2a: Gyarados
|faint|p1a: Garchomp
|
|
|switch|p1a: Heatran|Heatran, F|323\/323
|switch|p2a: Zapdos|Zapdos, shiny|383\/383
|-ability|p2a: Zapdos|Pressure
|turn|9
|
|switch|p1a: Landorus|Landorus, M|319\/319
|move|p2a: Zapdos|Volt Switch|p1a: Landorus
|-immune|p1a: Landorus|[msg]
|
|turn|10
|
|move|p1a: Landorus|Knock Off|p2a: Zapdos
|-damage|p2a: Zapdos|266\/383
|-enditem|p2a: Zapdos|Leftovers|[from] move: Knock Off|[of] p1a: Landorus
|-damage|p1a: Landorus|288\/319|[from] item: Life Orb
|move|p2a: Zapdos|Heat Wave|p1a: Landorus
|-damage|p1a: Landorus|161\/319
|
|turn|11
|
|switch|p1a: Latios|Latios, M|195\/301
|move|p2a: Zapdos|Roost|p2a: Zapdos
|-heal|p2a: Zapdos|383\/383
|
|turn|12
|
|move|p1a: Latios|Psyshock|p2a: Zapdos
|-damage|p2a: Zapdos|204\/383
|-damage|p1a: Latios|165\/301|[from] item: Life Orb
|move|p2a: Zapdos|Volt Switch|p1a: Latios
|-crit|p1a: Latios
|-resisted|p1a: Latios
|-damage|p1a: Latios|99\/301
|
|switch|p2a: Celebi|Celebi|403\/403
|
|turn|13
|
|switch|p1a: Lopunny|Lopunny-Mega, M|271\/271
|move|p2a: Celebi|Swords Dance|p2a: Celebi
|-boost|p2a: Celebi|atk|2
|
|turn|14
|
|move|p1a: Lopunny|Fake Out|p2a: Celebi
|-damage|p2a: Celebi|337\/403
|cant|p2a: Celebi|flinch
|
|-heal|p2a: Celebi|362\/403|[from] item: Leftovers
|turn|15
|
|move|p1a: Lopunny|Ice Punch|p2a: Celebi
|-supereffective|p2a: Celebi
|-damage|p2a: Celebi|208\/403
|move|p2a: Celebi|Seed Bomb|p1a: Lopunny
|-damage|p1a: Lopunny|57\/271
|
|-heal|p2a: Celebi|233\/403|[from] item: Leftovers
|turn|16
|
|switch|p1a: Heatran|Heatran, F|323\/323
|move|p2a: Celebi|Recover|p2a: Celebi
|-heal|p2a: Celebi|403\/403
|
|turn|17
|c|âSavage Alby|?
|
|move|p1a: Heatran|Fire Blast|p2a: Celebi
|-supereffective|p2a: Celebi
|-damage|p2a: Celebi|59\/403
|move|p2a: Celebi|Baton Pass|p2a: Celebi
|c|âSavage Alby|jljk
|
|switch|p2a: Entei|Entei, shiny|371\/371
|-ability|p2a: Entei|Pressure
|
|turn|18
|c|âSavage Alby|?
|
|switch|p1a: Lopunny|Lopunny-Mega, M|57\/271
|move|p2a: Entei|Stone Edge|p1a: Lopunny
|-resisted|p1a: Lopunny
|-damage|p1a: Lopunny|0 fnt
|faint|p1a: Lopunny
|
|
|switch|p1a: Rotom-Wash|Rotom-Wash|304\/304
|turn|19
|
|move|p2a: Entei|Stone Edge|p1a: Rotom-Wash
|-damage|p1a: Rotom-Wash|131\/304
|move|p1a: Rotom-Wash|Hydro Pump|p2a: Entei
|-supereffective|p2a: Entei
|-damage|p2a: Entei|189\/371
|
|turn|20
|
|move|p2a: Entei|Stone Edge|p1a: Rotom-Wash
|-damage|p1a: Rotom-Wash|0 fnt
|faint|p1a: Rotom-Wash
|
|
|switch|p1a: Heatran|Heatran, F|323\/323
|turn|21
|c|âHere to GG|i lose
|
|move|p1a: Heatran|Ancient Power|p2a: Entei
|-supereffective|p2a: Entei
|-damage|p2a: Entei|95\/371
|move|p2a: Entei|Bulldoze|p1a: Heatran
|-supereffective|p1a: Heatran
|-damage|p1a: Heatran|0 fnt
|faint|p1a: Heatran
|
|c|âHere to GG|gg
|
|switch|p1a: Landorus|Landorus, M|161\/319
|turn|22
|
|move|p2a: Entei|Extreme Speed|p1a: Landorus
|-damage|p1a: Landorus|0 fnt
|faint|p1a: Landorus
|
|-message|Here to GG forfeited.
|leave|Here to GG
|
|win|Savage Alby
|raw|Ladder updating...
|player|p1
|raw|Here to GG's rating: 1680 &rarr; <strong>1660<\/strong><br \/>(-20 for losing)
|raw|Savage Alby's rating: 1687 &rarr; <strong>1707<\/strong><br \/>(+20 for winning)