|join|Savage Alby
|join|The big lebroski
|player|p1|Savage Alby|44
|player|p2|The big lebroski|101
|gametype|singles
|gen|6
|tier|OU (suspect test)
|rated
|clearpoke
|poke|p1|Scizor, F
|poke|p1|Thundurus, M
|poke|p1|Hippowdon, F
|poke|p1|Manaphy
|poke|p1|Bisharp, M
|poke|p1|Latios, M
|poke|p2|Metagross, shiny
|poke|p2|Rotom-Wash
|poke|p2|Clefable, M
|poke|p2|Landorus-Therian, M
|poke|p2|Manaphy
|poke|p2|Latias, F
|rule|Swagger Clause: Swagger is banned
|rule|Baton Pass Clause: Limit one PokÃ©mon knowing Baton Pass
|rule|Sleep Clause Mod: Limit one foe put to sleep
|rule|Species Clause: Limit one of each PokÃ©mon
|rule|OHKO Clause: OHKO moves are banned
|rule|Moody Clause: Moody is banned
|rule|Evasion Moves Clause: Evasion moves are banned
|rule|Endless Battle Clause: Forcing endless battles is banned
|rule|HP Percentage Mod: HP is shown in percentages
|teampreview
|
|start
|switch|p1a: Thundurus|Thundurus, M|299\/299
|switch|p2a: Manaphy|Manaphy|365\/365
|turn|1
|
|move|p1a: Thundurus|Substitute|p1a: Thundurus
|-start|p1a: Thundurus|Substitute
|-damage|p1a: Thundurus|225\/299
|move|p2a: Manaphy|Scald|p1a: Thundurus
|-end|p1a: Thundurus|Substitute
|
|-heal|p1a: Thundurus|243\/299|[from] item: Leftovers
|turn|2
|
|switch|p2a: Landorus-Therian|Landorus-Therian, M|319\/319
|-ability|p2a: Landorus-Therian|Intimidate|[of] p1a: Thundurus
|-unboost|p1a: Thundurus|atk|1
|move|p1a: Thundurus|Thunderbolt|p2a: Landorus-Therian
|-immune|p2a: Landorus-Therian|[msg]
|
|-heal|p1a: Thundurus|261\/299|[from] item: Leftovers
|turn|3
|
|move|p1a: Thundurus|Substitute|p1a: Thundurus
|-start|p1a: Thundurus|Substitute
|-damage|p1a: Thundurus|187\/299
|move|p2a: Landorus-Therian|Stone Edge|p1a: Thundurus
|-supereffective|p1a: Thundurus
|-end|p1a: Thundurus|Substitute
|
|-heal|p1a: Thundurus|205\/299|[from] item: Leftovers
|turn|4
|
|switch|p1a: Hippowdon|Hippowdon, F|420\/420
|-weather|Sandstorm
|move|p2a: Landorus-Therian|Stone Edge|p1a: Hippowdon
|-resisted|p1a: Hippowdon
|-damage|p1a: Hippowdon|371\/420
|
|-weather|Sandstorm|[upkeep]
|-heal|p1a: Hippowdon|397\/420|[from] item: Leftovers
|turn|5
|
|switch|p2a: Manaphy|Manaphy|365\/365
|move|p1a: Hippowdon|Stealth Rock|p2a: Manaphy
|-sidestart|p2: The big lebroski|move: Stealth Rock
|
|-weather|Sandstorm|[upkeep]
|-damage|p2a: Manaphy|343\/365|[from] sandstorm
|-heal|p2a: Manaphy|365\/365|[from] item: Leftovers
|-heal|p1a: Hippowdon|420\/420|[from] item: Leftovers
|turn|6
|
|switch|p1a: Thundurus|Thundurus, M|205\/299
|move|p2a: Manaphy|Scald|p1a: Thundurus
|-damage|p1a: Thundurus|72\/299
|
|-weather|Sandstorm|[upkeep]
|-damage|p1a: Thundurus|54\/299|[from] sandstorm
|-damage|p2a: Manaphy|343\/365|[from] sandstorm
|-heal|p1a: Thundurus|72\/299|[from] item: Leftovers
|-heal|p2a: Manaphy|365\/365|[from] item: Leftovers
|turn|7
|
|switch|p2a: Clefable|Clefable, M|394\/394
|move|p1a: Thundurus|Thunderbolt|p2a: Clefable
|-damage|p2a: Clefable|264\/394
|
|-weather|Sandstorm|[upkeep]
|-damage|p1a: Thundurus|54\/299|[from] sandstorm
|-heal|p1a: Thundurus|72\/299|[from] item: Leftovers
|-heal|p2a: Clefable|288\/394|[from] item: Leftovers
|turn|8
|
|switch|p1a: Manaphy|Manaphy|404\/404
|move|p2a: Clefable|Moonblast|p1a: Manaphy
|-damage|p1a: Manaphy|299\/404
|
|-weather|none
|-heal|p1a: Manaphy|324\/404|[from] item: Leftovers
|-heal|p2a: Clefable|312\/394|[from] item: Leftovers
|turn|9
|
|switch|p2a: Rotom-Wash|Rotom-Wash|303\/303
|-damage|p2a: Rotom-Wash|266\/303|[from] Stealth Rock
|move|p1a: Manaphy|Tail Glow|p1a: Manaphy
|-boost|p1a: Manaphy|spa|3
|
|-heal|p1a: Manaphy|349\/404|[from] item: Leftovers
|-heal|p2a: Rotom-Wash|284\/303|[from] item: Leftovers
|turn|10
|
|move|p1a: Manaphy|Scald|p2a: Rotom-Wash
|-resisted|p2a: Rotom-Wash
|-damage|p2a: Rotom-Wash|167\/303
|move|p2a: Rotom-Wash|Will-O-Wisp|p1a: Manaphy
|-status|p1a: Manaphy|brn
|
|-heal|p1a: Manaphy|374\/404 brn|[from] item: Leftovers
|-heal|p2a: Rotom-Wash|185\/303|[from] item: Leftovers
|-damage|p1a: Manaphy|324\/404 brn|[from] brn
|turn|11
|
|move|p1a: Manaphy|Rain Dance|p1a: Manaphy
|-weather|RainDance
|move|p2a: Rotom-Wash|Pain Split|p1a: Manaphy
|-sethp|p1a: Manaphy|254\/404 brn|p2a: Rotom-Wash|254\/303|[from] move: Pain Split
|
|-weather|RainDance|[upkeep]
|-curestatus|p1a: Manaphy|brn
|-heal|p1a: Manaphy|279\/404|[from] item: Leftovers
|-heal|p2a: Rotom-Wash|272\/303|[from] item: Leftovers
|turn|12
|
|move|p1a: Manaphy|Scald|p2a: Rotom-Wash
|-resisted|p2a: Rotom-Wash
|-damage|p2a: Rotom-Wash|101\/303
|move|p2a: Rotom-Wash|Hydro Pump|p1a: Manaphy|[miss]
|-miss|p2a: Rotom-Wash|p1a: Manaphy
|
|-weather|RainDance|[upkeep]
|-heal|p1a: Manaphy|304\/404|[from] item: Leftovers
|-heal|p2a: Rotom-Wash|119\/303|[from] item: Leftovers
|turn|13
|
|move|p1a: Manaphy|Scald|p2a: Rotom-Wash
|-resisted|p2a: Rotom-Wash
|-damage|p2a: Rotom-Wash|0 fnt
|faint|p2a: Rotom-Wash
|
|-weather|RainDance|[upkeep]
|-heal|p1a: Manaphy|329\/404|[from] item: Leftovers
|c|âThe big lebroski|Haha damn it really sucks to see the exact same manaphy on an opponent's side of the field
|
|switch|p2a: Landorus-Therian|Landorus-Therian, M|319\/319
|-damage|p2a: Landorus-Therian|280\/319|[from] Stealth Rock
|-ability|p2a: Landorus-Therian|Intimidate|[of] p1a: Manaphy
|-unboost|p1a: Manaphy|atk|1
|turn|14
|
|move|p2a: Landorus-Therian|U-turn|p1a: Manaphy
|-damage|p1a: Manaphy|252\/404
|
|switch|p2a: Latias|Latias, F|319\/319
|-damage|p2a: Latias|280\/319|[from] Stealth Rock
|move|p1a: Manaphy|Rest|p1a: Manaphy
|-status|p1a: Manaphy|slp
|-heal|p1a: Manaphy|404\/404 slp|[silent]
|-status|p1a: Manaphy|slp|[from] move: Rest
|
|-weather|RainDance|[upkeep]
|-curestatus|p1a: Manaphy|slp
|turn|15
|
|move|p2a: Latias|Psyshock|p1a: Manaphy
|-crit|p1a: Manaphy
|-damage|p1a: Manaphy|229\/404
|-damage|p2a: Latias|249\/319|[from] item: Life Orb
|move|p1a: Manaphy|Scald|p2a: Latias
|-crit|p2a: Latias
|-resisted|p2a: Latias
|-damage|p2a: Latias|52\/319
|
|-weather|none
|-heal|p1a: Manaphy|254\/404|[from] item: Leftovers
|turn|16
|
|move|p2a: Latias|Draco Meteor|p1a: Manaphy
|-damage|p1a: Manaphy|8\/404
|-unboost|p2a: Latias|spa|2
|-damage|p2a: Latias|21\/319|[from] item: Life Orb
|move|p1a: Manaphy|Rain Dance|p1a: Manaphy
|-weather|RainDance
|
|-weather|RainDance|[upkeep]
|-heal|p1a: Manaphy|33\/404|[from] item: Leftovers
|turn|17
|
|switch|p1a: Bisharp|Bisharp, M|271\/271
|move|p2a: Latias|Psyshock|p1a: Bisharp
|-immune|p1a: Bisharp|[msg]
|
|-weather|RainDance|[upkeep]
|turn|18
|
|move|p2a: Latias|Healing Wish|p2a: Latias
|faint|p2a: Latias
|move|p1a: Bisharp|Knock Off|p2: Latias|[notarget]
|-notarget
|
|-weather|RainDance|[upkeep]
|
|switch|p2a: Landorus-Therian|Landorus-Therian, M|280\/319
|-heal|p2a: Landorus-Therian|319\/319|[from] move: Healing Wish
|-damage|p2a: Landorus-Therian|280\/319|[from] Stealth Rock
|-ability|p2a: Landorus-Therian|Intimidate|[of] p1a: Bisharp
|-unboost|p1a: Bisharp|atk|1
|-boost|p1a: Bisharp|atk|2|[from] ability: Defiant
|turn|19
|
|switch|p1a: Thundurus|Thundurus, M|72\/299
|move|p2a: Landorus-Therian|Earthquake|p1a: Thundurus
|-immune|p1a: Thundurus|[msg]
|
|-weather|RainDance|[upkeep]
|-heal|p1a: Thundurus|90\/299|[from] item: Leftovers
|turn|20
|
|switch|p2a: Clefable|Clefable, M|312\/394
|move|p1a: Thundurus|Thunder Wave|p2a: Clefable
|-status|p2a: Clefable|par
|
|-weather|none
|-heal|p1a: Thundurus|108\/299|[from] item: Leftovers
|-heal|p2a: Clefable|336\/394 par|[from] item: Leftovers
|turn|21
|
|switch|p1a: Bisharp|Bisharp, M|271\/271
|move|p2a: Clefable|Stealth Rock|p1a: Bisharp
|-sidestart|p1: Savage Alby|move: Stealth Rock
|
|-heal|p2a: Clefable|360\/394 par|[from] item: Leftovers
|turn|22
|
|move|p1a: Bisharp|Knock Off|p2a: Clefable
|-resisted|p2a: Clefable
|-damage|p2a: Clefable|258\/394 par
|-enditem|p2a: Clefable|Leftovers|[from] move: Knock Off|[of] p1a: Bisharp
|cant|p2a: Clefable|par
|
|turn|23
|c|âThe big lebroski|hmm
|
|move|p1a: Bisharp|Taunt|p2a: Clefable
|-start|p2a: Clefable|move: Taunt
|move|p2a: Clefable|Moonblast|p1a: Bisharp
|-damage|p1a: Bisharp|129\/271
|
|turn|24
|
|move|p1a: Bisharp|Knock Off|p2a: Clefable
|-resisted|p2a: Clefable
|-damage|p2a: Clefable|192\/394 par
|move|p2a: Clefable|Moonblast|p1a: Bisharp
|-damage|p1a: Bisharp|0 fnt
|faint|p1a: Bisharp
|
|
|switch|p1a: Scizor|Scizor, F|307\/307
|-damage|p1a: Scizor|269\/307|[from] Stealth Rock
|turn|25
|
|switch|p2a: Manaphy|Manaphy|365\/365
|-damage|p2a: Manaphy|320\/365|[from] Stealth Rock
|detailschange|p1a: Scizor|Scizor-Mega, F
|-mega|p1a: Scizor|Scizor|Scizorite
|move|p1a: Scizor|Bullet Punch|p2a: Manaphy
|-resisted|p2a: Manaphy
|-damage|p2a: Manaphy|257\/365
|
|-heal|p2a: Manaphy|279\/365|[from] item: Leftovers
|turn|26
|
|move|p2a: Manaphy|Tail Glow|p2a: Manaphy
|-boost|p2a: Manaphy|spa|3
|move|p1a: Scizor|Superpower|p2a: Manaphy
|-damage|p2a: Manaphy|106\/365
|-unboost|p1a: Scizor|atk|1
|-unboost|p1a: Scizor|def|1
|
|-heal|p2a: Manaphy|128\/365|[from] item: Leftovers
|turn|27
|
|switch|p1a: Manaphy|Manaphy|33\/404
|-damage|p1a: Manaphy|0 fnt|[from] Stealth Rock
|faint|p1a: Manaphy
|move|p2a: Manaphy|Scald|p1: Manaphy|[notarget]
|-notarget
|
|-heal|p2a: Manaphy|150\/365|[from] item: Leftovers
|
|switch|p1a: Latios|Latios, M|301\/301
|-damage|p1a: Latios|264\/301|[from] Stealth Rock
|turn|28
|
|switch|p2a: Metagross|Metagross, shiny|301\/301
|-damage|p2a: Metagross|283\/301|[from] Stealth Rock
|move|p1a: Latios|Psyshock|p2a: Metagross
|-resisted|p2a: Metagross
|-damage|p2a: Metagross|255\/301
|
|turn|29
|
|detailschange|p2a: Metagross|Metagross-Mega, shiny
|-mega|p2a: Metagross|Metagross|Metagrossite
|move|p1a: Latios|Hidden Power|p2a: Metagross
|-supereffective|p2a: Metagross
|-damage|p2a: Metagross|109\/301
|move|p2a: Metagross|Ice Punch|p1a: Latios
|-supereffective|p1a: Latios
|-damage|p1a: Latios|0 fnt
|faint|p1a: Latios
|
|
|switch|p1a: Scizor|Scizor-Mega, F|269\/307
|-damage|p1a: Scizor|231\/307|[from] Stealth Rock
|turn|30
|
|switch|p2a: Manaphy|Manaphy|150\/365
|-damage|p2a: Manaphy|105\/365|[from] Stealth Rock
|move|p1a: Scizor|Roost|p1a: Scizor
|-heal|p1a: Scizor|307\/307
|
|-heal|p2a: Manaphy|127\/365|[from] item: Leftovers
|turn|31
|
|move|p2a: Manaphy|Scald|p1a: Scizor
|-damage|p1a: Scizor|193\/307
|-status|p1a: Scizor|brn
|move|p1a: Scizor|Superpower|p2a: Manaphy
|-crit|p2a: Manaphy
|-damage|p2a: Manaphy|0 fnt
|-unboost|p1a: Scizor|atk|1
|-unboost|p1a: Scizor|def|1
|faint|p2a: Manaphy
|
|-damage|p1a: Scizor|155\/307 brn|[from] brn
|c|âSavage Alby|fuck
|
|switch|p2a: Metagross|Metagross-Mega, shiny|109\/301
|-damage|p2a: Metagross|91\/301|[from] Stealth Rock
|turn|32
|
|switch|p1a: Hippowdon|Hippowdon, F|420\/420
|-damage|p1a: Hippowdon|394\/420|[from] Stealth Rock
|-weather|Sandstorm
|move|p2a: Metagross|Earthquake|p1a: Hippowdon
|-damage|p1a: Hippowdon|291\/420
|
|-weather|Sandstorm|[upkeep]
|-heal|p1a: Hippowdon|317\/420|[from] item: Leftovers
|turn|33
|
|switch|p2a: Landorus-Therian|Landorus-Therian, M|280\/319
|-damage|p2a: Landorus-Therian|241\/319|[from] Stealth Rock
|-ability|p2a: Landorus-Therian|Intimidate|[of] p1a: Hippowdon
|-unboost|p1a: Hippowdon|atk|1
|move|p1a: Hippowdon|Ice Fang|p2a: Landorus-Therian
|-supereffective|p2a: Landorus-Therian
|-damage|p2a: Landorus-Therian|81\/319
|
|-weather|Sandstorm|[upkeep]
|-heal|p1a: Hippowdon|343\/420|[from] item: Leftovers
|turn|34
|
|move|p2a: Landorus-Therian|U-turn|p1a: Hippowdon
|-damage|p1a: Hippowdon|267\/420
|
|switch|p2a: Clefable|Clefable, M|192\/394 par
|move|p1a: Hippowdon|Slack Off|p1a: Hippowdon
|-heal|p1a: Hippowdon|420\/420
|
|-weather|Sandstorm|[upkeep]
|turn|35
|
|switch|p1a: Scizor|Scizor-Mega, F|155\/307 brn
|-damage|p1a: Scizor|117\/307 brn|[from] Stealth Rock
|cant|p2a: Clefable|par
|
|-weather|Sandstorm|[upkeep]
|-damage|p1a: Scizor|79\/307 brn|[from] brn
|turn|36
|
|move|p1a: Scizor|Roost|p1a: Scizor
|-heal|p1a: Scizor|233\/307 brn
|move|p2a: Clefable|Fire Blast|p1a: Scizor
|-supereffective|p1a: Scizor
|-damage|p1a: Scizor|0 fnt
|faint|p1a: Scizor
|
|-weather|none
|
|switch|p1a: Hippowdon|Hippowdon, F|420\/420
|-damage|p1a: Hippowdon|394\/420|[from] Stealth Rock
|-weather|Sandstorm
|turn|37
|
|move|p1a: Hippowdon|Earthquake|p2a: Clefable
|-damage|p2a: Clefable|63\/394 par
|move|p2a: Clefable|Moonblast|p1a: Hippowdon
|-damage|p1a: Hippowdon|291\/420
|
|-weather|Sandstorm|[upkeep]
|-heal|p1a: Hippowdon|317\/420|[from] item: Leftovers
|turn|38
|
|move|p1a: Hippowdon|Earthquake|p2a: Clefable
|-damage|p2a: Clefable|0 fnt
|faint|p2a: Clefable
|
|-weather|Sandstorm|[upkeep]
|-heal|p1a: Hippowdon|343\/420|[from] item: Leftovers
|
|switch|p2a: Metagross|Metagross-Mega, shiny|91\/301
|-damage|p2a: Metagross|73\/301|[from] Stealth Rock
|turn|39
|
|move|p2a: Metagross|Ice Punch|p1a: Hippowdon
|-supereffective|p1a: Hippowdon
|-damage|p1a: Hippowdon|149\/420
|move|p1a: Hippowdon|Slack Off|p1a: Hippowdon
|-heal|p1a: Hippowdon|359\/420
|
|-weather|Sandstorm|[upkeep]
|-heal|p1a: Hippowdon|385\/420|[from] item: Leftovers
|turn|40
|c|âThe big lebroski|gg
|c|âSavage Alby|naw i smell hax
|
|switch|p2a: Landorus-Therian|Landorus-Therian, M|81\/319
|-damage|p2a: Landorus-Therian|42\/319|[from] Stealth Rock
|-ability|p2a: Landorus-Therian|Intimidate|[of] p1a: Hippowdon
|-unboost|p1a: Hippowdon|atk|1
|move|p1a: Hippowdon|Earthquake|p2a: Landorus-Therian
|-immune|p2a: Landorus-Therian|[msg]
|
|-weather|Sandstorm|[upkeep]
|-heal|p1a: Hippowdon|411\/420|[from] item: Leftovers
|turn|41
|
|move|p2a: Landorus-Therian|Earthquake|p1a: Hippowdon
|-damage|p1a: Hippowdon|267\/420
|move|p1a: Hippowdon|Ice Fang|p2a: Landorus-Therian
|-supereffective|p2a: Landorus-Therian
|-damage|p2a: Landorus-Therian|0 fnt
|faint|p2a: Landorus-Therian
|
|-weather|none
|-heal|p1a: Hippowdon|293\/420|[from] item: Leftovers
|
|switch|p2a: Metagross|Metagross-Mega, shiny|73\/301
|-damage|p2a: Metagross|55\/301|[from] Stealth Rock
|turn|42
|
|move|p2a: Metagross|Meteor Mash|p1a: Hippowdon
|-damage|p1a: Hippowdon|104\/420
|-boost|p2a: Metagross|atk|1
|move|p1a: Hippowdon|Earthquake|p2a: Metagross
|-supereffective|p2a: Metagross
|-damage|p2a: Metagross|0 fnt
|faint|p2a: Metagross
|
|win|Savage Alby
|raw|Ladder updating...
|raw|Savage Alby's rating: 1428 &rarr; <strong>1444<\/strong><br \/>(+16 for winning)
|raw|The big lebroski's rating: 1344 &rarr; <strong>1329<\/strong><br \/>(-15 for losing)
|c|âSavage Alby|gg
|c|âThe big lebroski|gg