|join|yotk13
|join|Sweep
|player|p1|yotk13|238
|player|p2|Sweep|121
|gametype|singles
|gen|6
|tier|OU
|rated
|clearpoke
|poke|p1|Weavile, F
|poke|p1|Scizor, M
|poke|p1|Alakazam, M
|poke|p1|Tyranitar, M
|poke|p1|Garchomp, F
|poke|p1|Keldeo
|poke|p2|Pinsir, F
|poke|p2|Latios, M
|poke|p2|Landorus, M
|poke|p2|Talonflame, F
|poke|p2|Aegislash, M
|poke|p2|Thundurus, M
|rule|Sleep Clause Mod: Limit one foe put to sleep
|rule|Species Clause: Limit one of each Pokemon
|rule|OHKO Clause: OHKO moves are banned
|rule|Moody Clause: Moody is banned
|rule|Evasion Moves Clause: Evasion moves are banned
|rule|Endless Battle Clause: Forcing endless battles is banned.
|rule|HP Percentage Mod: HP is reported as percentages
|teampreview
|
|start
|switch|p1a: Tyranitar|Tyranitar, M|342\/342
|switch|p2a: Thundurus|Thundurus, M|299\/299
|-weather|Sandstorm
|turn|1
|
|move|p2a: Thundurus|Superpower|p1a: Tyranitar
|-supereffective|p1a: Tyranitar
|-enditem|p1a: Tyranitar|Focus Sash
|-damage|p1a: Tyranitar|1\/342
|-unboost|p2a: Thundurus|atk|1
|-unboost|p2a: Thundurus|def|1
|-damage|p2a: Thundurus|270\/299|[from] item: Life Orb
|move|p1a: Tyranitar|Stealth Rock|p2a: Thundurus
|-sidestart|p2: Sweep|move: Stealth Rock
|
|-weather|Sandstorm|[upkeep]
|-damage|p2a: Thundurus|252\/299|[from] sandstorm
|turn|2
|
|move|p2a: Thundurus|Knock Off|p1a: Tyranitar
|-resisted|p1a: Tyranitar
|-damage|p1a: Tyranitar|0 fnt
|-damage|p2a: Thundurus|223\/299|[from] item: Life Orb
|faint|p1a: Tyranitar
|
|-weather|Sandstorm|[upkeep]
|-damage|p2a: Thundurus|205\/299|[from] sandstorm
|join|man child 247
|
|switch|p1a: Weavile|Weavile, F|282\/282
|-ability|p1a: Weavile|Pressure
|turn|3
|join|Subject 18
|
|move|p1a: Weavile|Ice Shard|p2a: Thundurus
|-supereffective|p2a: Thundurus
|-damage|p2a: Thundurus|0 fnt
|-damage|p1a: Weavile|254\/282|[from] item: Life Orb
|faint|p2a: Thundurus
|
|-weather|Sandstorm|[upkeep]
|-damage|p1a: Weavile|237\/282|[from] sandstorm
|
|switch|p2a: Talonflame|Talonflame, F|297\/297
|-damage|p2a: Talonflame|149\/297|[from] Stealth Rock
|turn|4
|
|switch|p1a: Garchomp|Garchomp, F|358\/358
|move|p2a: Talonflame|Brave Bird|p1a: Garchomp
|-damage|p1a: Garchomp|114\/358
|-damage|p2a: Talonflame|68\/297|[from] recoil|[of] p1a: Garchomp
|-damage|p2a: Talonflame|31\/297|[from] ability: Rough Skin|[of] p1a: Garchomp
|-damage|p2a: Talonflame|0 fnt|[from] item: Rocky Helmet|[of] p1a: Garchomp
|faint|p2a: Talonflame
|
|-weather|Sandstorm|[upkeep]
|
|switch|p2a: Latios|Latios, M|301\/301
|-damage|p2a: Latios|264\/301|[from] Stealth Rock
|turn|5
|
|move|p2a: Latios|Defog|p1a: Garchomp
|-unboost|p1a: Garchomp|evasion|1
|-sideend|p2: Sweep|Stealth Rock|[from] move: Defog|[of] p2a: Latios
|move|p1a: Garchomp|Outrage|p2a: Latios
|-supereffective|p2a: Latios
|-damage|p2a: Latios|0 fnt
|faint|p2a: Latios
|
|-weather|none
|
|switch|p2a: Landorus|Landorus, M|319\/319
|turn|6
|
|move|p1a: Garchomp|Outrage|p2a: Landorus
|-damage|p2a: Landorus|82\/319
|move|p2a: Landorus|Stealth Rock|p1a: Garchomp
|-sidestart|p1: yotk13|move: Stealth Rock
|
|turn|7
|
|switch|p2a: Aegislash|Aegislash, M|261\/261
|move|p1a: Garchomp|Outrage|p2a: Aegislash
|-resisted|p2a: Aegislash
|-damage|p2a: Aegislash|192\/261
|
|-end|p1a: Garchomp|rampage
|-start|p1a: Garchomp|confusion
|turn|8
|
|-activate|p1a: Garchomp|confusion
|move|p1a: Garchomp|Earthquake|p2a: Aegislash
|-supereffective|p2a: Aegislash
|-damage|p2a: Aegislash|0 fnt
|faint|p2a: Aegislash
|
|
|switch|p2a: Pinsir|Pinsir, F|271\/271
|turn|9
|
|-formechange|p2a: Pinsir|Pinsir-Mega
|message|Pinsir has Mega Evolved into Mega Pinsir!
|-activate|p1a: Garchomp|confusion
|-damage|p1a: Garchomp|61\/358|[from] confusion
|move|p2a: Pinsir|Swords Dance|p2a: Pinsir
|-boost|p2a: Pinsir|atk|2
|
|turn|10
|
|move|p2a: Pinsir|Earthquake|p1a: Garchomp
|-crit|p1a: Garchomp
|-damage|p1a: Garchomp|0 fnt
|faint|p1a: Garchomp
|
|
|switch|p1a: Scizor|Scizor, M|344\/344
|-damage|p1a: Scizor|301\/344|[from] Stealth Rock
|turn|11
|chat|man child 247|is pinsir like the ek arceus of OU?
|join|y4
|chat|y4|p much
|
|-formechange|p1a: Scizor|Scizor-Mega
|message|Scizor has Mega Evolved into Mega Scizor!
|move|p1a: Scizor|Bullet Punch|p2a: Pinsir
|-damage|p2a: Pinsir|153\/271
|move|p2a: Pinsir|Return|p1a: Scizor
|-damage|p1a: Scizor|0 fnt
|faint|p1a: Scizor
|
|
|switch|p1a: Weavile|Weavile, F|237\/282
|-damage|p1a: Weavile|167\/282|[from] Stealth Rock
|-ability|p1a: Weavile|Pressure
|turn|12
|
|move|p1a: Weavile|Ice Shard|p2a: Pinsir
|-supereffective|p2a: Pinsir
|-damage|p2a: Pinsir|13\/271
|-damage|p1a: Weavile|139\/282|[from] item: Life Orb
|move|p2a: Pinsir|Quick Attack|p1a: Weavile
|-damage|p1a: Weavile|0 fnt
|faint|p1a: Weavile
|
|chat|y4|oml
|chat|Sweep|maybe i should use feint
|chat|Sweep|wait wtf
|join|man child 146
|
|switch|p1a: Alakazam|Alakazam, M|252\/252
|turn|13
|chat|y4|sash zam?
|
|move|p2a: Pinsir|Quick Attack|p1a: Alakazam
|-damage|p1a: Alakazam|0 fnt
|faint|p1a: Alakazam
|
|chat|y4|~_~
|
|switch|p1a: Keldeo|Keldeo|323\/323
|-damage|p1a: Keldeo|303\/323|[from] Stealth Rock
|turn|14
|chat|Sweep|how did i win this
|chat|Subject 18|was that 
|
|move|p2a: Pinsir|Quick Attack|p1a: Keldeo
|-supereffective|p1a: Keldeo
|-damage|p1a: Keldeo|0 fnt
|faint|p1a: Keldeo
|
|win|Sweep
|raw|Ladder updating...
|chat|y4|cuz hes a moron
|raw|yotk13's rating: 1754 &rarr; <strong>1741<\/strong><br \/>(-13 for losing)
|raw|Sweep's rating: 1896 &rarr; <strong>1909<\/strong><br \/>(+13 for winning)
|chat|Sweep|weak weavile
|chat|Subject 18|Mega TTar?
|chat|Sweep|gg
|leave|y4
|leave|yotk13
|player|p1
|leave|Sweep
|player|p2
|leave|Subject 18
|leave|man child 146