|join|yotk13
|join|Lind_U.
|player|p1|yotk13|165
|player|p2|Lind_U.|163
|gametype|singles
|gen|6
|tier|OU
|rated
|clearpoke
|poke|p1|Weavile, M
|poke|p1|Scizor, M
|poke|p1|Alakazam, M
|poke|p1|Zapdos
|poke|p1|Garchomp, F
|poke|p1|Sylveon, M
|poke|p2|Venusaur, F
|poke|p2|Klefki, F, shiny
|poke|p2|Rotom-Wash, shiny
|poke|p2|Victini
|poke|p2|Conkeldurr, M, shiny
|poke|p2|Landorus-Therian, M, shiny
|rule|Swagger Clause: Swagger is banned
|rule|Baton Pass Clause: Limit one PokÃ©mon knowing Baton Pass
|rule|Sleep Clause Mod: Limit one foe put to sleep
|rule|Species Clause: Limit one of each PokÃ©mon
|rule|OHKO Clause: OHKO moves are banned
|rule|Moody Clause: Moody is banned
|rule|Evasion Moves Clause: Evasion moves are banned
|rule|Endless Battle Clause: Forcing endless battles is banned
|rule|HP Percentage Mod: HP is shown in percentages
|teampreview
|
|start
|switch|p1a: Garchomp|Garchomp, F|358\/358
|switch|p2a: Tengoku|Landorus-Therian, M, shiny|382\/382
|-ability|p2a: Tengoku|Intimidate|[of] p1a: Garchomp
|-unboost|p1a: Garchomp|atk|1
|turn|1
|
|move|p1a: Garchomp|Stealth Rock|p2a: Tengoku
|-sidestart|p2: Lind_U.|move: Stealth Rock
|move|p2a: Tengoku|Stealth Rock|p1a: Garchomp
|-sidestart|p1: yotk13|move: Stealth Rock
|
|turn|2
|
|move|p1a: Garchomp|Outrage|p2a: Tengoku
|-damage|p2a: Tengoku|250\/382
|move|p2a: Tengoku|U-turn|p1a: Garchomp
|-damage|p1a: Garchomp|279\/358
|-damage|p2a: Tengoku|203\/382|[from] ability: Rough Skin|[of] p1a: Garchomp
|-damage|p2a: Tengoku|140\/382|[from] item: Rocky Helmet|[of] p1a: Garchomp
|
|switch|p2a: Tsukuyomi|Klefki, F, shiny|318\/318
|-damage|p2a: Tsukuyomi|299\/318|[from] Stealth Rock
|
|turn|3
|
|move|p2a: Tsukuyomi|Spikes|p1a: Garchomp
|-sidestart|p1: yotk13|Spikes
|move|p1a: Garchomp|Outrage|p2a: Tsukuyomi
|-immune|p2a: Tsukuyomi|[msg]
|
|turn|4
|
|move|p1a: Garchomp|Earthquake|p2a: Tsukuyomi
|-supereffective|p2a: Tsukuyomi
|-damage|p2a: Tsukuyomi|47\/318
|move|p2a: Tsukuyomi|Play Rough|p1a: Garchomp
|-supereffective|p1a: Garchomp
|-damage|p1a: Garchomp|97\/358
|-damage|p2a: Tsukuyomi|8\/318|[from] ability: Rough Skin|[of] p1a: Garchomp
|-damage|p2a: Tsukuyomi|0 fnt|[from] item: Rocky Helmet|[of] p1a: Garchomp
|faint|p2a: Tsukuyomi
|
|
|switch|p2a: Takemikazuchi|Rotom-Wash, shiny|304\/304
|-damage|p2a: Takemikazuchi|266\/304|[from] Stealth Rock
|turn|5
|
|move|p1a: Garchomp|Poison Jab|p2a: Takemikazuchi
|-damage|p2a: Takemikazuchi|224\/304
|move|p2a: Takemikazuchi|Will-O-Wisp|p1a: Garchomp|[miss]
|-miss|p2a: Takemikazuchi|p1a: Garchomp
|
|-heal|p2a: Takemikazuchi|243\/304|[from] item: Leftovers
|turn|6
|
|move|p1a: Garchomp|Poison Jab|p2a: Takemikazuchi
|-damage|p2a: Takemikazuchi|197\/304
|move|p2a: Takemikazuchi|Hydro Pump|p1a: Garchomp
|-damage|p1a: Garchomp|0 fnt
|faint|p1a: Garchomp
|
|-heal|p2a: Takemikazuchi|216\/304|[from] item: Leftovers
|
|switch|p1a: Alakazam|Alakazam, M|252\/252
|turn|7
|
|move|p1a: Alakazam|Energy Ball|p2a: Takemikazuchi
|-supereffective|p2a: Takemikazuchi
|-damage|p2a: Takemikazuchi|0 fnt
|faint|p2a: Takemikazuchi
|
|
|switch|p2a: Freyja|Venusaur, F|359\/359
|-damage|p2a: Freyja|315\/359|[from] Stealth Rock
|turn|8
|c|âLind_U.|fuck
|c|âLind_U.|wrong one
|
|detailschange|p2a: Freyja|Venusaur-Mega, F
|message|Venusaur has Mega Evolved into Mega Venusaur!
|move|p1a: Alakazam|Psyshock|p2a: Freyja
|-supereffective|p2a: Freyja
|-damage|p2a: Freyja|16\/359
|move|p2a: Freyja|Sludge Bomb|p1a: Alakazam
|-damage|p1a: Alakazam|68\/252
|
|turn|9
|
|move|p1a: Alakazam|Psyshock|p2a: Freyja
|-supereffective|p2a: Freyja
|-damage|p2a: Freyja|0 fnt
|faint|p2a: Freyja
|
|
|switch|p2a: Susanoo|Conkeldurr, M, shiny|351\/351
|-damage|p2a: Susanoo|330\/351|[from] Stealth Rock
|turn|10
|
|switch|p1a: Zapdos|Zapdos|383\/383
|-damage|p1a: Zapdos|288\/383|[from] Stealth Rock
|-ability|p1a: Zapdos|Pressure
|move|p2a: Susanoo|Mach Punch|p1a: Zapdos
|-resisted|p1a: Zapdos
|-damage|p1a: Zapdos|257\/383
|
|-heal|p1a: Zapdos|280\/383|[from] item: Leftovers
|turn|11
|
|move|p1a: Zapdos|Toxic|p2a: Susanoo
|-status|p2a: Susanoo|tox
|move|p2a: Susanoo|Stone Edge|p1a: Zapdos
|-supereffective|p1a: Zapdos
|-damage|p1a: Zapdos|0 fnt
|faint|p1a: Zapdos
|
|-damage|p2a: Susanoo|309\/351 tox|[from] psn
|
|switch|p1a: Scizor|Scizor, M|344\/344
|-damage|p1a: Scizor|301\/344|[from] Stealth Rock
|-damage|p1a: Scizor|258\/344|[from] Spikes
|turn|12
|
|detailschange|p1a: Scizor|Scizor-Mega, M
|message|Scizor has Mega Evolved into Mega Scizor!
|move|p1a: Scizor|Bullet Punch|p2a: Susanoo
|-damage|p2a: Susanoo|176\/351 tox
|move|p2a: Susanoo|Drain Punch|p1a: Scizor
|-damage|p1a: Scizor|96\/344
|-heal|p2a: Susanoo|257\/351 tox|[from] drain|[of] p1a: Scizor
|
|-damage|p2a: Susanoo|215\/351 tox|[from] psn
|turn|13
|
|switch|p2a: Amaterasu|Victini|341\/341
|-damage|p2a: Amaterasu|256\/341|[from] Stealth Rock
|move|p1a: Scizor|Roost|p1a: Scizor
|-heal|p1a: Scizor|268\/344
|
|-heal|p2a: Amaterasu|277\/341|[from] item: Leftovers
|turn|14
|
|move|p1a: Scizor|Bullet Punch|p2a: Amaterasu
|-resisted|p2a: Amaterasu
|-damage|p2a: Amaterasu|214\/341
|move|p2a: Amaterasu|V-create|p1a: Scizor
|-supereffective|p1a: Scizor
|-damage|p1a: Scizor|0 fnt
|-unboost|p2a: Amaterasu|def|1
|-unboost|p2a: Amaterasu|spd|1
|-unboost|p2a: Amaterasu|spe|1
|faint|p1a: Scizor
|
|-heal|p2a: Amaterasu|235\/341|[from] item: Leftovers
|
|switch|p1a: Weavile|Weavile, M|282\/282
|-damage|p1a: Weavile|212\/282|[from] Stealth Rock
|-damage|p1a: Weavile|177\/282|[from] Spikes
|-ability|p1a: Weavile|Pressure
|turn|15
|
|switch|p2a: Tengoku|Landorus-Therian, M, shiny|140\/382
|-damage|p2a: Tengoku|93\/382|[from] Stealth Rock
|-ability|p2a: Tengoku|Intimidate|[of] p1a: Weavile
|-unboost|p1a: Weavile|atk|1
|move|p1a: Weavile|Knock Off|p2a: Tengoku
|-damage|p2a: Tengoku|0 fnt
|-enditem|p2a: Tengoku|Leftovers|[from] move: Knock Off|[of] p1a: Weavile
|-damage|p1a: Weavile|149\/282|[from] item: Life Orb
|faint|p2a: Tengoku
|
|
|switch|p2a: Susanoo|Conkeldurr, M, shiny|215\/351 tox
|-damage|p2a: Susanoo|194\/351 tox|[from] Stealth Rock
|turn|16
|
|switch|p1a: Alakazam|Alakazam, M|68\/252
|move|p2a: Susanoo|Mach Punch|p1a: Alakazam
|-resisted|p1a: Alakazam
|-damage|p1a: Alakazam|0 fnt
|faint|p1a: Alakazam
|
|-damage|p2a: Susanoo|173\/351 tox|[from] psn
|
|switch|p1a: Sylveon|Sylveon, M|394\/394
|-damage|p1a: Sylveon|345\/394|[from] Spikes
|-damage|p1a: Sylveon|296\/394|[from] Stealth Rock
|turn|17
|
|switch|p2a: Amaterasu|Victini|235\/341
|-damage|p2a: Amaterasu|150\/341|[from] Stealth Rock
|move|p1a: Sylveon|Hyper Voice|p2a: Amaterasu
|-resisted|p2a: Amaterasu
|-damage|p2a: Amaterasu|72\/341
|
|-heal|p2a: Amaterasu|93\/341|[from] item: Leftovers
|-heal|p1a: Sylveon|320\/394|[from] item: Leftovers
|turn|18
|
|move|p2a: Amaterasu|V-create|p1a: Sylveon
|-damage|p1a: Sylveon|0 fnt
|-unboost|p2a: Amaterasu|def|1
|-unboost|p2a: Amaterasu|spd|1
|-unboost|p2a: Amaterasu|spe|1
|faint|p1a: Sylveon
|
|-heal|p2a: Amaterasu|114\/341|[from] item: Leftovers
|
|switch|p1a: Weavile|Weavile, M|149\/282
|-damage|p1a: Weavile|114\/282|[from] Spikes
|-damage|p1a: Weavile|44\/282|[from] Stealth Rock
|-ability|p1a: Weavile|Pressure
|turn|19
|
|move|p1a: Weavile|Knock Off|p2a: Amaterasu
|-crit|p2a: Amaterasu
|-supereffective|p2a: Amaterasu
|-damage|p2a: Amaterasu|0 fnt
|-enditem|p2a: Amaterasu|Leftovers|[from] move: Knock Off|[of] p1a: Weavile
|-damage|p1a: Weavile|16\/282|[from] item: Life Orb
|faint|p2a: Amaterasu
|
|
|switch|p2a: Susanoo|Conkeldurr, M, shiny|173\/351 tox
|-damage|p2a: Susanoo|152\/351 tox|[from] Stealth Rock
|turn|20
|
|move|p1a: Weavile|Ice Shard|p2a: Susanoo
|-damage|p2a: Susanoo|61\/351 tox
|-damage|p1a: Weavile|0 fnt|[from] item: Life Orb
|faint|p1a: Weavile
|
|win|Lind_U.
|raw|Ladder updating...
|raw|yotk13's rating: 1673 &rarr; <strong>1653<\/strong><br \/>(-20 for losing)
|raw|Lind_U.'s rating: 1665 &rarr; <strong>1686<\/strong><br \/>(+21 for winning)
|c|âLind_U.|gg