|join|yotk13
|join|seasons
|player|p1|yotk13|238
|player|p2|seasons|286
|gametype|singles
|gen|6
|tier|OU
|rated
|clearpoke
|poke|p1|Weavile, F
|poke|p1|Scizor, M
|poke|p1|Alakazam, M
|poke|p1|Tyranitar, M
|poke|p1|Garchomp, M
|poke|p1|Blissey, F
|poke|p2|Scizor, M
|poke|p2|Hippowdon, F
|poke|p2|Latios, M
|poke|p2|Aegislash, M
|poke|p2|Keldeo
|poke|p2|Thundurus, M
|rule|Sleep Clause Mod: Limit one foe put to sleep
|rule|Species Clause: Limit one of each Pokemon
|rule|OHKO Clause: OHKO moves are banned
|rule|Moody Clause: Moody is banned
|rule|Evasion Moves Clause: Evasion moves are banned
|rule|Endless Battle Clause: Forcing endless battles is banned.
|rule|HP Percentage Mod: HP is reported as percentages
|teampreview
|
|start
|switch|p1a: Tyranitar|Tyranitar, M|342\/342
|switch|p2a: Hippowdon|Hippowdon, F|420\/420
|-weather|Sandstorm
|turn|1
|
|move|p1a: Tyranitar|Stealth Rock|p2a: Hippowdon
|-sidestart|p2: seasons|move: Stealth Rock
|move|p2a: Hippowdon|Stealth Rock|p1a: Tyranitar
|-sidestart|p1: yotk13|move: Stealth Rock
|
|-weather|Sandstorm|[upkeep]
|turn|2
|
|move|p1a: Tyranitar|Dark Pulse|p2a: Hippowdon
|-damage|p2a: Hippowdon|318\/420
|cant|p2a: Hippowdon|flinch
|
|-weather|Sandstorm|[upkeep]
|-heal|p2a: Hippowdon|344\/420|[from] item: Leftovers
|turn|3
|join|bigtitty53
|
|move|p1a: Tyranitar|Dark Pulse|p2a: Hippowdon
|-damage|p2a: Hippowdon|235\/420
|cant|p2a: Hippowdon|flinch
|
|-weather|Sandstorm|[upkeep]
|-heal|p2a: Hippowdon|261\/420|[from] item: Leftovers
|turn|4
|
|move|p1a: Tyranitar|Dark Pulse|p2a: Hippowdon
|-damage|p2a: Hippowdon|162\/420
|cant|p2a: Hippowdon|flinch
|
|-weather|Sandstorm|[upkeep]
|-heal|p2a: Hippowdon|188\/420|[from] item: Leftovers
|turn|5
|chat|bigtitty53|i need to battle b4 i gtg
|chat|seasons|LOL
|join|Demandred
|
|move|p1a: Tyranitar|Dark Pulse|p2a: Hippowdon
|-damage|p2a: Hippowdon|89\/420
|move|p2a: Hippowdon|Slack Off|p2a: Hippowdon
|-heal|p2a: Hippowdon|299\/420
|
|-weather|none
|-heal|p2a: Hippowdon|325\/420|[from] item: Leftovers
|turn|6
|join|Rimboblazer
|join|Sahlos
|join|XxQuickShiftXx
|
|switch|p1a: Scizor|Scizor, M|344\/344
|-damage|p1a: Scizor|301\/344|[from] Stealth Rock
|move|p2a: Hippowdon|Toxic|p1a: Scizor
|-fail|p1a: Scizor
|
|-heal|p2a: Hippowdon|351\/420|[from] item: Leftovers
|turn|7
|chat|seasons|im glad thats over
|
|switch|p2a: Keldeo|Keldeo|323\/323
|-damage|p2a: Keldeo|303\/323|[from] Stealth Rock
|-formechange|p1a: Scizor|Scizor-Mega
|message|Scizor has Mega Evolved into Mega Scizor!
|move|p1a: Scizor|Knock Off|p2a: Keldeo
|-resisted|p2a: Keldeo
|-damage|p2a: Keldeo|232\/323
|-boost|p2a: Keldeo|atk|1|[from] ability: Justified
|-enditem|p2a: Keldeo|Life Orb|[from] move: Knock Off|[of] p1a: Scizor
|
|turn|8
|chat|Sahlos|it's a keldeo yo!
|join|DJ Lando
|leave|Rimboblazer
|chat|bigtitty53|guess what 
|join|Riles
|
|switch|p1a: Tyranitar|Tyranitar, M|342\/342
|-damage|p1a: Tyranitar|300\/342|[from] Stealth Rock
|-weather|Sandstorm
|move|p2a: Keldeo|Scald|p1a: Tyranitar
|-supereffective|p1a: Tyranitar
|-damage|p1a: Tyranitar|120\/342
|
|-weather|Sandstorm|[upkeep]
|-damage|p2a: Keldeo|212\/323|[from] sandstorm
|turn|9
|join|ScreamingVain
|chat|bigtitty53|i hit 40 subs
|join|DatKilla
|chat|seasons|holy chit
|chat|seasons|tity
|chat|seasons|thats amazing xD
|
|move|p2a: Keldeo|Scald|p1a: Tyranitar
|-supereffective|p1a: Tyranitar
|-damage|p1a: Tyranitar|0 fnt
|faint|p1a: Tyranitar
|
|-weather|Sandstorm|[upkeep]
|-damage|p2a: Keldeo|192\/323|[from] sandstorm
|chat|Sahlos|grats :P
|
|switch|p1a: Alakazam|Alakazam, M|252\/252
|turn|10
|
|switch|p2a: Hippowdon|Hippowdon, F|351\/420
|-damage|p2a: Hippowdon|325\/420|[from] Stealth Rock
|move|p1a: Alakazam|Psyshock|p2a: Hippowdon
|-crit|p2a: Hippowdon
|-damage|p2a: Hippowdon|70\/420
|
|-weather|Sandstorm|[upkeep]
|-heal|p2a: Hippowdon|96\/420|[from] item: Leftovers
|turn|11
|chat|bigtitty53|https:\/\/www.youtube.com\/user\/gdog123454
|chat|seasons|PHUCKKKKKKKKKK ME
|
|move|p1a: Alakazam|Shadow Ball|p2a: Hippowdon
|-damage|p2a: Hippowdon|0 fnt
|faint|p2a: Hippowdon
|
|-weather|Sandstorm|[upkeep]
|
|switch|p2a: Scizor|Scizor, M|343\/343
|-damage|p2a: Scizor|301\/343|[from] Stealth Rock
|turn|12
|chat|seasons|cmon hp fire me
|
|switch|p1a: Scizor|Scizor, M|301\/344
|-formechange|p1a: Scizor|Scizor-Mega
|-damage|p1a: Scizor|258\/344|[from] Stealth Rock
|-formechange|p2a: Scizor|Scizor-Mega
|message|Scizor has Mega Evolved into Mega Scizor!
|move|p2a: Scizor|Knock Off|p1a: Scizor
|-damage|p1a: Scizor|201\/344
|
|-weather|none
|turn|13
|chat|ScreamingVain|HI i have 12 subs ;(
|
|move|p2a: Scizor|Swords Dance|p2a: Scizor
|-boost|p2a: Scizor|atk|2
|move|p1a: Scizor|Swords Dance|p1a: Scizor
|-boost|p1a: Scizor|atk|2
|
|turn|14
|chat|DatKilla|alakazam has garbo defence
|
|move|p2a: Scizor|Swords Dance|p2a: Scizor
|-boost|p2a: Scizor|atk|2
|move|p1a: Scizor|Knock Off|p2a: Scizor
|-damage|p2a: Scizor|179\/343
|
|turn|15
|
|move|p2a: Scizor|Knock Off|p1a: Scizor
|-damage|p1a: Scizor|33\/344
|move|p1a: Scizor|Knock Off|p2a: Scizor
|-damage|p2a: Scizor|46\/343
|
|turn|16
|
|move|p2a: Scizor|Bullet Punch|p1a: Scizor
|-resisted|p1a: Scizor
|-damage|p1a: Scizor|0 fnt
|faint|p1a: Scizor
|
|chat|bigtitty53|coolstorybrobat is one of my subscribers
|chat|seasons|lol
|chat|seasons|mines is faster
|join|RAAAWK HAAAWK
|chat|seasons|for some reason
|leave|ScreamingVain
|
|switch|p1a: Garchomp|Garchomp, M|358\/358
|-damage|p1a: Garchomp|336\/358|[from] Stealth Rock
|turn|17
|join|Julian
|
|move|p2a: Scizor|Bullet Punch|p1a: Garchomp
|-damage|p1a: Garchomp|0 fnt
|-damage|p2a: Scizor|4\/343|[from] ability: Rough Skin|[of] p1a: Garchomp
|-damage|p2a: Scizor|0 fnt|[from] item: Rocky Helmet|[of] p1a: Garchomp
|faint|p1a: Garchomp
|faint|p2a: Scizor
|
|chat|seasons|it's my man julian
|chat|Julian|seasons :O
|chat|seasons|jks xD
|chat|DatKilla|nice
|chat|seasons|hihi
|
|switch|p1a: Alakazam|Alakazam, M|252\/252
|switch|p2a: Aegislash|Aegislash, M|324\/324
|-damage|p2a: Aegislash|304\/324|[from] Stealth Rock
|turn|18
|chat|Julian|how ya going?
|chat|seasons|good xD
|
|switch|p1a: Blissey|Blissey, F|652\/652
|-damage|p1a: Blissey|571\/652|[from] Stealth Rock
|-formechange|p2a: Aegislash|Aegislash-Blade
|move|p2a: Aegislash|Shadow Ball|p1a: Blissey
|-immune|p1a: Blissey|[msg]
|
|-heal|p1a: Blissey|611\/652|[from] item: Leftovers
|turn|19
|chat|seasons|pokemon seems more fun
|chat|Julian|:]
|chat|Julian|good news!
|chat|seasons|when u take
|chat|bigtitty53|seasons me next please
|chat|seasons|1 week breaks haha
|
|move|p2a: Aegislash|Sacred Sword|p1a: Blissey
|-supereffective|p1a: Blissey
|-damage|p1a: Blissey|68\/652
|-damage|p2a: Aegislash|272\/324|[from] item: Life Orb
|move|p1a: Blissey|Soft-Boiled|p1a: Blissey
|-heal|p1a: Blissey|394\/652
|
|-heal|p1a: Blissey|434\/652|[from] item: Leftovers
|turn|20
|chat|Julian|im decent at xy now!
|chat|seasons|oo
|join|(LoD) EdgarzwQ
|chat|seasons|thats great!
|chat|seasons|and sure titty
|
|move|p2a: Aegislash|Sacred Sword|p1a: Blissey
|-supereffective|p1a: Blissey
|-damage|p1a: Blissey|0 fnt
|-damage|p2a: Aegislash|240\/324|[from] item: Life Orb
|faint|p1a: Blissey
|
|join|(LoD)Red
|chat|seasons|do you
|
|switch|p1a: Weavile|Weavile, F|282\/282
|-damage|p1a: Weavile|212\/282|[from] Stealth Rock
|-ability|p1a: Weavile|Pressure
|turn|21
|chat|seasons|enjoy xy more or BW
|chat|Julian|let me know if you want a battle!
|chat|Julian|xy for sure
|chat|Julian|wbu
|join|SnowyTheGlaceon
|
|-formechange|p2a: Aegislash|Aegislash
|move|p2a: Aegislash|King's Shield|p2a: Aegislash
|-singleturn|p2a: Aegislash|Protect
|move|p1a: Weavile|Swords Dance|p1a: Weavile
|-boost|p1a: Weavile|atk|2
|
|turn|22
|chat|bigtitty53|dang it julian you got out 1 day early
|chat|seasons|omg..
|chat|Julian|i did?
|
|switch|p2a: Latios|Latios, M|302\/302
|-damage|p2a: Latios|265\/302|[from] Stealth Rock
|move|p1a: Weavile|Night Slash|p2a: Latios
|-supereffective|p2a: Latios
|-damage|p2a: Latios|0 fnt
|-damage|p1a: Weavile|184\/282|[from] item: Life Orb
|faint|p2a: Latios
|
|chat|Sahlos|5th gen was my least fav gen...
|chat|bigtitty53|well tomorrows the last day of school for me til break
|chat|DatKilla|knock off choice banded weavile is so good
|chat|seasons|is it over for me..
|
|switch|p2a: Keldeo|Keldeo|192\/323
|-damage|p2a: Keldeo|172\/323|[from] Stealth Rock
|turn|23
|chat|(LoD) EdgarzwQ|time 2 mindgames aegi
|chat|(LoD) EdgarzwQ|nuu
|
|move|p1a: Weavile|Low Kick|p2a: Keldeo
|-damage|p2a: Keldeo|0 fnt
|-damage|p1a: Weavile|156\/282|[from] item: Life Orb
|faint|p2a: Keldeo
|
|join|PrismatiCore
|
|switch|p2a: Thundurus|Thundurus, M|299\/299
|-damage|p2a: Thundurus|225\/299|[from] Stealth Rock
|turn|24
|
|move|p1a: Weavile|Ice Shard|p2a: Thundurus
|-crit|p2a: Thundurus
|-supereffective|p2a: Thundurus
|-damage|p2a: Thundurus|0 fnt
|-damage|p1a: Weavile|128\/282|[from] item: Life Orb
|faint|p2a: Thundurus
|
|
|switch|p2a: Aegislash|Aegislash, M|240\/324
|-damage|p2a: Aegislash|220\/324|[from] Stealth Rock
|turn|25
|join|Mob Gnarly
|chat|seasons|1 dmb move
|chat|seasons|and it's over
|chat|seasons|;~;
|
|move|p2a: Aegislash|King's Shield|p2a: Aegislash
|-singleturn|p2a: Aegislash|Protect
|move|p1a: Weavile|Night Slash|p2a: Aegislash
|-activate|p2a: Aegislash|Protect
|-unboost|p1a: Weavile|atk|2
|
|turn|26
|chat|seasons|WOW
|
|move|p1a: Weavile|Night Slash|p2a: Aegislash
|-supereffective|p2a: Aegislash
|-damage|p2a: Aegislash|15\/324
|-damage|p1a: Weavile|100\/282|[from] item: Life Orb
|-formechange|p2a: Aegislash|Aegislash-Blade
|move|p2a: Aegislash|Sacred Sword|p1a: Weavile
|-supereffective|p1a: Weavile
|-damage|p1a: Weavile|0 fnt
|-damage|p2a: Aegislash|0 fnt|[from] item: Life Orb
|faint|p1a: Weavile
|faint|p2a: Aegislash
|
|win|yotk13
|raw|Ladder updating...
|raw|yotk13's rating: 1673 &rarr; <strong>1699<\/strong><br \/>(+26 for winning)
|raw|seasons's rating: 1777 &rarr; <strong>1752<\/strong><br \/>(-25 for losing)
|chat|seasons|WOW
|join|jam1
|chat|seasons|wasted
|chat|seasons|all my guys
|chat|seasons|LOL
|chat|Sahlos|o.o
|chat|DatKilla|yotk13 what kind odf weavile is that
|chat|seasons|felt distracted
|chat|seasons|;~;
|chat|seasons|g
|chat|bigtitty53|kk
|leave|seasons
|player|p2
|chat|yotk13|gg
|leave|(LoD) EdgarzwQ
|leave|bigtitty53
|leave|yotk13
|player|p1
|leave|(LoD)Red
|leave|SnowyTheGlaceon
|leave|Julian
|leave|Mob Gnarly
|chat|XxQuickShiftXx|no seasons :(
|leave|DJ Lando
|leave|XxQuickShiftXx
|leave|PrismatiCore
|leave|Demandred
|leave|Sahlos
|join|BoC Renegade
|leave|DatKilla
|join|jimml