|join|GrumpyGungan
|join|yotk13
|player|p1|GrumpyGungan|186
|player|p2|yotk13|238
|gametype|singles
|gen|6
|tier|OU
|rated
|clearpoke
|poke|p1|Mamoswine, M
|poke|p1|Aegislash, F
|poke|p1|Latios, M
|poke|p1|Starmie, shiny
|poke|p1|Volcarona, F
|poke|p1|Mawile, F
|poke|p2|Weavile, M
|poke|p2|Scizor, F
|poke|p2|Alakazam, M
|poke|p2|Tyranitar, F
|poke|p2|Garchomp, F
|poke|p2|Espeon, F
|rule|Sleep Clause Mod: Limit one foe put to sleep
|rule|Species Clause: Limit one of each Pokemon
|rule|OHKO Clause: OHKO moves are banned
|rule|Moody Clause: Moody is banned
|rule|Evasion Moves Clause: Evasion moves are banned
|rule|Endless Battle Clause: Forcing endless battles is banned.
|rule|HP Percentage Mod: HP is reported as percentages
|teampreview
|chat|GrumpyGungan|glhf
|
|start
|switch|p1a: Mamoswine|Mamoswine, M|361\/361
|switch|p2a: Tyranitar|Tyranitar, F|342\/342
|-weather|Sandstorm
|turn|1
|
|move|p1a: Mamoswine|Earthquake|p2a: Tyranitar
|-supereffective|p2a: Tyranitar
|-enditem|p2a: Tyranitar|Focus Sash
|-damage|p2a: Tyranitar|1\/342
|move|p2a: Tyranitar|Stealth Rock|p1a: Mamoswine
|-sidestart|p1: GrumpyGungan|move: Stealth Rock
|
|-weather|Sandstorm|[upkeep]
|turn|2
|
|move|p1a: Mamoswine|Ice Shard|p2a: Tyranitar
|-damage|p2a: Tyranitar|0 fnt
|faint|p2a: Tyranitar
|
|-weather|Sandstorm|[upkeep]
|
|switch|p2a: Scizor|Scizor, F|344\/344
|turn|3
|
|-formechange|p2a: Scizor|Scizor-Mega
|message|Scizor has Mega Evolved into Mega Scizor!
|move|p1a: Mamoswine|Stealth Rock|p2a: Scizor
|-sidestart|p2: yotk13|move: Stealth Rock
|move|p2a: Scizor|Swords Dance|p2a: Scizor
|-boost|p2a: Scizor|atk|2
|
|-weather|Sandstorm|[upkeep]
|turn|4
|
|move|p1a: Mamoswine|Earthquake|p2a: Scizor
|-damage|p2a: Scizor|205\/344
|move|p2a: Scizor|Knock Off|p1a: Mamoswine
|-damage|p1a: Mamoswine|32\/361
|-enditem|p1a: Mamoswine|Focus Sash|[from] move: Knock Off|[of] p2a: Scizor
|
|-weather|Sandstorm|[upkeep]
|turn|5
|
|move|p1a: Mamoswine|Ice Shard|p2a: Scizor
|-resisted|p2a: Scizor
|-damage|p2a: Scizor|178\/344
|move|p2a: Scizor|Bullet Punch|p1a: Mamoswine
|-supereffective|p1a: Mamoswine
|-damage|p1a: Mamoswine|0 fnt
|faint|p1a: Mamoswine
|
|-weather|none
|
|switch|p1a: Starmie|Starmie, shiny|261\/261
|-damage|p1a: Starmie|229\/261|[from] Stealth Rock
|turn|6
|
|move|p1a: Starmie|Rapid Spin|p2a: Scizor
|-resisted|p2a: Scizor
|-damage|p2a: Scizor|173\/344
|-sideend|p1: GrumpyGungan|Stealth Rock|[from] move: Rapid Spin|[of] p1a: Starmie
|-damage|p1a: Starmie|203\/261|[from] item: Life Orb
|move|p2a: Scizor|Knock Off|p1a: Starmie
|-crit|p1a: Starmie
|-supereffective|p1a: Starmie
|-damage|p1a: Starmie|0 fnt
|faint|p1a: Starmie
|
|
|switch|p1a: Volcarona|Volcarona, F|312\/312
|turn|7
|
|move|p2a: Scizor|Bullet Punch|p1a: Volcarona
|-resisted|p1a: Volcarona
|-damage|p1a: Volcarona|135\/312
|-status|p2a: Scizor|brn
|move|p1a: Volcarona|Fiery Dance|p2a: Scizor
|-supereffective|p2a: Scizor
|-damage|p2a: Scizor|0 fnt
|-boost|p1a: Volcarona|spa|1
|faint|p2a: Scizor
|
|
|switch|p2a: Garchomp|Garchomp, F|358\/358
|-damage|p2a: Garchomp|336\/358|[from] Stealth Rock
|turn|8
|
|move|p2a: Garchomp|Earthquake|p1a: Volcarona
|-damage|p1a: Volcarona|0 fnt
|faint|p1a: Volcarona
|
|
|switch|p1a: Latios|Latios, M|302\/302
|turn|9
|
|switch|p2a: Espeon|Espeon, F|272\/272
|-damage|p2a: Espeon|238\/272|[from] Stealth Rock
|move|p1a: Latios|Dragon Pulse|p2a: Espeon
|-damage|p2a: Espeon|27\/272
|-damage|p1a: Latios|272\/302|[from] item: Life Orb
|
|-heal|p2a: Espeon|44\/272|[from] item: Leftovers
|turn|10
|
|move|p2a: Espeon|Shadow Ball|p1a: Latios
|-supereffective|p1a: Latios
|-damage|p1a: Latios|92\/302
|move|p1a: Latios|Dragon Pulse|p2a: Espeon
|-damage|p2a: Espeon|0 fnt
|-damage|p1a: Latios|62\/302|[from] item: Life Orb
|faint|p2a: Espeon
|
|
|switch|p2a: Alakazam|Alakazam, M|252\/252
|turn|11
|
|move|p2a: Alakazam|Shadow Ball|p1a: Latios
|-supereffective|p1a: Latios
|-damage|p1a: Latios|0 fnt
|faint|p1a: Latios
|
|
|switch|p1a: Durandal|Aegislash, F|324\/324
|turn|12
|
|move|p2a: Alakazam|Shadow Ball|p1a: Durandal
|-supereffective|p1a: Durandal
|-damage|p1a: Durandal|137\/324
|-enditem|p1a: Durandal|Weakness Policy
|-boost|p1a: Durandal|atk|2|[from] item: Weakness Policy
|-boost|p1a: Durandal|spa|2|[from] item: Weakness Policy
|move|p1a: Durandal|Swords Dance|p1a: Durandal
|-boost|p1a: Durandal|atk|2
|
|turn|13
|
|-formechange|p1a: Durandal|Aegislash-Blade
|move|p1a: Durandal|Shadow Sneak|p2a: Alakazam
|-supereffective|p2a: Alakazam
|-damage|p2a: Alakazam|0 fnt
|faint|p2a: Alakazam
|
|
|switch|p2a: Garchomp|Garchomp, F|336\/358
|-damage|p2a: Garchomp|314\/358|[from] Stealth Rock
|turn|14
|
|-formechange|p1a: Durandal|Aegislash
|move|p1a: Durandal|King's Shield|p1a: Durandal
|-singleturn|p1a: Durandal|Protect
|move|p2a: Garchomp|Earthquake|p1a: Durandal
|-activate|p1a: Durandal|Protect
|
|turn|15
|
|-formechange|p1a: Durandal|Aegislash-Blade
|move|p1a: Durandal|Shadow Sneak|p2a: Garchomp
|-damage|p2a: Garchomp|46\/358
|-damage|p1a: Durandal|97\/324|[from] ability: Rough Skin|[of] p2a: Garchomp
|-damage|p1a: Durandal|43\/324|[from] item: Rocky Helmet|[of] p2a: Garchomp
|move|p2a: Garchomp|Earthquake|p1a: Durandal
|-supereffective|p1a: Durandal
|-damage|p1a: Durandal|0 fnt
|faint|p1a: Durandal
|
|
|switch|p1a: Mawile|Mawile, F|304\/304
|-ability|p1a: Mawile|Intimidate|[of] p2a: Garchomp
|-unboost|p2a: Garchomp|atk|1
|turn|16
|
|-formechange|p1a: Mawile|Mawile-Mega
|message|Mawile has Mega Evolved into Mega Mawile!
|move|p1a: Mawile|Sucker Punch|p2a: Garchomp
|-damage|p2a: Garchomp|0 fnt
|-damage|p1a: Mawile|266\/304|[from] ability: Rough Skin|[of] p2a: Garchomp
|-damage|p1a: Mawile|216\/304|[from] item: Rocky Helmet|[of] p2a: Garchomp
|faint|p2a: Garchomp
|
|chat|GrumpyGungan|you don't exactly have any pokemon to choose from
|
|switch|p2a: Weavile|Weavile, M|282\/282
|-damage|p2a: Weavile|212\/282|[from] Stealth Rock
|-ability|p2a: Weavile|Pressure
|turn|17
|
|move|p2a: Weavile|Low Kick|p1a: Mawile
|-damage|p1a: Mawile|172\/304
|-damage|p2a: Weavile|184\/282|[from] item: Life Orb
|move|p1a: Mawile|Iron Head|p2a: Weavile
|-supereffective|p2a: Weavile
|-damage|p2a: Weavile|0 fnt
|faint|p2a: Weavile
|
|win|GrumpyGungan
|raw|Ladder updating...
|raw|GrumpyGungan's rating: 1590 &rarr; <strong>1616<\/strong><br \/>(+26 for winning)
|raw|yotk13's rating: 1698 &rarr; <strong>1672<\/strong><br \/>(-26 for losing)
|chat|GrumpyGungan|gg
|leave|yotk13
|player|p2