|join|yotk13
|join|loler
|player|p1|yotk13|238
|player|p2|loler|168
|gametype|singles
|gen|6
|tier|OU
|rated
|clearpoke
|poke|p1|Weavile, M
|poke|p1|Scizor, F
|poke|p1|Alakazam, M
|poke|p1|Garchomp, F
|poke|p1|Lucario, M
|poke|p1|Zoroark, F
|poke|p2|Charizard, M
|poke|p2|Latias, F, shiny
|poke|p2|Aegislash, M, shiny
|poke|p2|Infernape, M
|poke|p2|Thundurus, M, shiny
|poke|p2|Landorus-Therian, M
|rule|Sleep Clause Mod: Limit one foe put to sleep
|rule|Species Clause: Limit one of each Pokemon
|rule|OHKO Clause: OHKO moves are banned
|rule|Moody Clause: Moody is banned
|rule|Evasion Moves Clause: Evasion moves are banned
|rule|Endless Battle Clause: Forcing endless battles is banned.
|rule|HP Percentage Mod: HP is reported as percentages
|teampreview
|chat|loler|im testing this team
|chat|loler|please give me some adivce
|chat|loler|thx
|
|start
|switch|p1a: Garchomp|Garchomp, F|358\/358
|switch|p2a: Infernape|Infernape, M|293\/293
|turn|1
|
|move|p2a: Infernape|U-turn|p1a: Garchomp
|-damage|p1a: Garchomp|273\/358
|-damage|p2a: Infernape|257\/293|[from] ability: Rough Skin|[of] p1a: Garchomp
|-damage|p2a: Infernape|209\/293|[from] item: Rocky Helmet|[of] p1a: Garchomp
|
|switch|p2a: Landorus-Therian|Landorus-Therian, M|382\/382
|-ability|p2a: Landorus-Therian|Intimidate|[of] p1a: Garchomp
|-unboost|p1a: Garchomp|atk|1
|move|p1a: Garchomp|Stealth Rock|p2a: Landorus-Therian
|-sidestart|p2: loler|move: Stealth Rock
|
|turn|2
|
|move|p1a: Garchomp|Outrage|p2a: Landorus-Therian
|-damage|p2a: Landorus-Therian|280\/382
|move|p2a: Landorus-Therian|Stealth Rock|p1a: Garchomp
|-sidestart|p1: yotk13|move: Stealth Rock
|
|-heal|p2a: Landorus-Therian|303\/382|[from] item: Leftovers
|turn|3
|
|move|p1a: Garchomp|Outrage|p2a: Landorus-Therian
|-damage|p2a: Landorus-Therian|201\/382
|move|p2a: Landorus-Therian|Earthquake|p1a: Garchomp
|-damage|p1a: Garchomp|92\/358
|
|-end|p1a: Garchomp|rampage
|-start|p1a: Garchomp|confusion
|-heal|p2a: Landorus-Therian|224\/382|[from] item: Leftovers
|turn|4
|
|-activate|p1a: Garchomp|confusion
|-damage|p1a: Garchomp|59\/358|[from] confusion
|move|p2a: Landorus-Therian|Earthquake|p1a: Garchomp
|-damage|p1a: Garchomp|0 fnt
|faint|p1a: Garchomp
|
|-heal|p2a: Landorus-Therian|247\/382|[from] item: Leftovers
|
|switch|p1a: Lucario|Lucario, M|282\/282
|-damage|p1a: Lucario|274\/282|[from] Stealth Rock
|turn|5
|
|move|p1a: Lucario|Ice Punch|p2a: Landorus-Therian
|-supereffective|p2a: Landorus-Therian
|-damage|p2a: Landorus-Therian|0 fnt
|faint|p2a: Landorus-Therian
|
|
|switch|p2a: Infernape|Infernape, M|209\/293
|-damage|p2a: Infernape|173\/293|[from] Stealth Rock
|turn|6
|
|move|p1a: Lucario|Extreme Speed|p2a: Infernape
|-damage|p2a: Infernape|58\/293
|move|p2a: Infernape|Close Combat|p1a: Lucario
|-supereffective|p1a: Lucario
|-damage|p1a: Lucario|0 fnt
|-unboost|p2a: Infernape|def|1
|-unboost|p2a: Infernape|spd|1
|faint|p1a: Lucario
|
|
|switch|p1a: Alakazam|Alakazam, M|252\/252
|turn|7
|join|TeamRocketExec
|
|switch|p2a: Aegislash|Aegislash, M, shiny|324\/324
|-damage|p2a: Aegislash|304\/324|[from] Stealth Rock
|move|p1a: Alakazam|Shadow Ball|p2a: Aegislash
|-supereffective|p2a: Aegislash
|-damage|p2a: Aegislash|156\/324
|-enditem|p2a: Aegislash|Weakness Policy
|-boost|p2a: Aegislash|atk|2|[from] item: Weakness Policy
|-boost|p2a: Aegislash|spa|2|[from] item: Weakness Policy
|
|turn|8
|
|move|p1a: Alakazam|Shadow Ball|p2a: Aegislash
|-supereffective|p2a: Aegislash
|-damage|p2a: Aegislash|6\/324
|-formechange|p2a: Aegislash|Aegislash-Blade
|move|p2a: Aegislash|Pursuit|p1a: Alakazam
|-supereffective|p1a: Alakazam
|-enditem|p1a: Alakazam|Focus Sash
|-damage|p1a: Alakazam|1\/252
|
|turn|9
|
|move|p1a: Alakazam|Shadow Ball|p2a: Aegislash
|-supereffective|p2a: Aegislash
|-damage|p2a: Aegislash|0 fnt
|faint|p2a: Aegislash
|
|chat|loler|dafuq, mega Scizor
|chat|loler|?
|
|switch|p2a: Infernape|Infernape, M|58\/293
|-damage|p2a: Infernape|22\/293|[from] Stealth Rock
|turn|10
|chat|TeamRocketExec|aegislash really isnt a pursuit trapper
|
|move|p2a: Infernape|U-turn|p1a: Alakazam
|-supereffective|p1a: Alakazam
|-damage|p1a: Alakazam|0 fnt
|faint|p1a: Alakazam
|
|switch|p2a: Thundurus|Thundurus, M, shiny|300\/300
|-damage|p2a: Thundurus|225\/300|[from] Stealth Rock
|
|-heal|p2a: Thundurus|243\/300|[from] item: Leftovers
|
|switch|p1a: Weavile|Weavile, M|282\/282
|-damage|p1a: Weavile|212\/282|[from] Stealth Rock
|-ability|p1a: Weavile|Pressure
|turn|11
|chat|TeamRocketExec|its better with shadow sneak
|
|move|p1a: Weavile|Ice Shard|p2a: Thundurus
|-supereffective|p2a: Thundurus
|-damage|p2a: Thundurus|9\/300
|-damage|p1a: Weavile|184\/282|[from] item: Life Orb
|move|p2a: Thundurus|Thunderbolt|p1a: Weavile
|-crit|p1a: Weavile
|-damage|p1a: Weavile|0 fnt
|faint|p1a: Weavile
|
|-heal|p2a: Thundurus|27\/300|[from] item: Leftovers
|
|switch|p1a: Scizor|Scizor, F|262\/262
|-damage|p1a: Scizor|230\/262|[from] Stealth Rock
|turn|12
|chat|TeamRocketExec|your team doesnt have any priority moves??
|chat|TeamRocketExec|._.
|chat|TeamRocketExec|twave that scizor pls
|chat|TeamRocketExec|or taunt 
|chat|loler|crit didnt matter i am pretty sure, i currently run Kings sheild\/pursuit\/iron head\/shadow claw
|
|move|p2a: Thundurus|Taunt|p1a: Scizor
|-start|p1a: Scizor|move: Taunt
|move|p1a: Scizor|Dark Pulse|p2a: Thundurus
|-damage|p2a: Thundurus|0 fnt
|faint|p2a: Thundurus
|
|chat|TeamRocketExec|shadow claw should be shadow sneak
|chat|TeamRocketExec|._.
|chat|loler|yea thx
|
|switch|p2a: Latias|Latias, F, shiny|302\/302
|-damage|p2a: Latias|265\/302|[from] Stealth Rock
|turn|13
|
|move|p2a: Latias|Defog|p1a: Scizor
|-unboost|p1a: Scizor|evasion|1
|-sideend|p1: yotk13|Stealth Rock|[from] move: Defog|[of] p1a: Scizor
|-sideend|p2: loler|Stealth Rock|[from] move: Defog|[of] p2a: Latias
|move|p1a: Scizor|Dark Pulse|p2a: Latias
|-supereffective|p2a: Latias
|-damage|p2a: Latias|0 fnt
|faint|p2a: Latias
|
|chat|TeamRocketExec|also, no sacred sword? :OOO
|chat|loler|dont have the room :D
|chat|loler|D:
|
|switch|p2a: Infernape|Infernape, M|22\/293
|turn|14
|
|switch|p1a: Scizor|Scizor, F|344\/344
|move|p2a: Infernape|Close Combat|p1a: Scizor
|-damage|p1a: Scizor|160\/344
|-unboost|p2a: Infernape|def|1
|-unboost|p2a: Infernape|spd|1
|
|turn|15
|
|switch|p2a: Charizard|Charizard, M|297\/297
|-formechange|p1a: Scizor|Scizor-Mega
|message|Scizor has Mega Evolved into Mega Scizor!
|move|p1a: Scizor|Bullet Punch|p2a: Charizard
|-resisted|p2a: Charizard
|-damage|p2a: Charizard|204\/297
|
|turn|16
|
|-formechange|p2a: Charizard|Charizard-Mega-Y
|message|Charizard has Mega Evolved into Mega Charizard!
|-weather|SunnyDay
|move|p1a: Scizor|Bullet Punch|p2a: Charizard
|-resisted|p2a: Charizard
|-damage|p2a: Charizard|117\/297
|move|p2a: Charizard|Fire Blast|p1a: Scizor
|-supereffective|p1a: Scizor
|-damage|p1a: Scizor|0 fnt
|faint|p1a: Scizor
|
|-weather|SunnyDay|[upkeep]
|
|switch|p1a: Zoroark|Zoroark, F|230\/262
|turn|17
|chat|loler|gg
|
|move|p1a: Zoroark|Dark Pulse|p2a: Charizard
|-damage|p2a: Charizard|0 fnt
|faint|p2a: Charizard
|
|-weather|SunnyDay|[upkeep]
|
|switch|p2a: Infernape|Infernape, M|22\/293
|turn|18
|
|move|p2a: Infernape|Close Combat|p1a: Zoroark
|-supereffective|p1a: Zoroark
|-damage|p1a: Zoroark|0 fnt
|-unboost|p2a: Infernape|def|1
|-unboost|p2a: Infernape|spd|1
|faint|p1a: Zoroark
|
|win|loler
|raw|Ladder updating...
|leave|yotk13
|player|p1
|raw|yotk13's rating: 1549 &rarr; <strong>1526<\/strong><br \/>(-23 for losing)
|raw|loler's rating: 1495 &rarr; <strong>1518<\/strong><br \/>(+23 for winning)
|chat|TeamRocketExec|your rating is much higher than mine
|chat|TeamRocketExec|:P
|chat|loler|haha