|join|yotk13
|join|Lord Knight
|player|p1|yotk13|238
|player|p2|Lord Knight|224
|gametype|singles
|gen|6
|tier|OU
|rated
|clearpoke
|poke|p1|Weavile, F
|poke|p1|Lucario, M
|poke|p1|Scizor, F
|poke|p1|Alakazam, F
|poke|p1|Gengar, M
|poke|p1|Tyranitar, F
|poke|p2|Landorus-Therian, M
|poke|p2|Heatran, F
|poke|p2|Rotom-Wash
|poke|p2|Reuniclus, F
|poke|p2|Azumarill, F
|poke|p2|Kyurem-Black
|rule|Sleep Clause Mod: Limit one foe put to sleep
|rule|Species Clause: Limit one of each Pokemon
|rule|OHKO Clause: OHKO moves are banned
|rule|Moody Clause: Moody is banned
|rule|Evasion Moves Clause: Evasion moves are banned
|rule|Endless Battle Clause: Forcing endless battles is banned.
|rule|HP Percentage Mod: HP is reported as percentages
|teampreview
|
|start
|switch|p1a: Tyranitar|Tyranitar, F|341\/341
|switch|p2a: Landorus-Therian|Landorus-Therian, M|320\/320
|-ability|p2a: Landorus-Therian|Intimidate|[of] p1a: Tyranitar
|-unboost|p1a: Tyranitar|atk|1
|-weather|Sandstorm
|turn|1
|
|move|p2a: Landorus-Therian|U-turn|p1a: Tyranitar
|-supereffective|p1a: Tyranitar
|-damage|p1a: Tyranitar|167\/341
|
|switch|p2a: Heatran|Heatran, F|385\/385
|move|p1a: Tyranitar|Stealth Rock|p2a: Heatran
|-sidestart|p2: Lord Knight|move: Stealth Rock
|
|-weather|Sandstorm|[upkeep]
|turn|2
|
|move|p1a: Tyranitar|Dark Pulse|p2a: Heatran
|-damage|p2a: Heatran|301\/385
|cant|p2a: Heatran|flinch
|
|-weather|Sandstorm|[upkeep]
|-heal|p2a: Heatran|325\/385|[from] item: Leftovers
|turn|3
|
|move|p1a: Tyranitar|Dark Pulse|p2a: Heatran
|-crit|p2a: Heatran
|-damage|p2a: Heatran|193\/385
|move|p2a: Heatran|Will-O-Wisp|p1a: Tyranitar
|-status|p1a: Tyranitar|brn
|
|-weather|Sandstorm|[upkeep]
|-heal|p2a: Heatran|217\/385|[from] item: Leftovers
|-damage|p1a: Tyranitar|125\/341 brn|[from] brn
|turn|4
|
|move|p1a: Tyranitar|Dark Pulse|p2a: Heatran
|-damage|p2a: Heatran|135\/385
|cant|p2a: Heatran|flinch
|
|-weather|Sandstorm|[upkeep]
|-heal|p2a: Heatran|159\/385|[from] item: Leftovers
|-damage|p1a: Tyranitar|83\/341 brn|[from] brn
|turn|5
|chat|Lord Knight|-.-''''''''
|
|move|p1a: Tyranitar|Dark Pulse|p2a: Heatran
|-damage|p2a: Heatran|68\/385
|cant|p2a: Heatran|flinch
|
|-weather|none
|-heal|p2a: Heatran|92\/385|[from] item: Leftovers
|-damage|p1a: Tyranitar|41\/341 brn|[from] brn
|turn|6
|
|move|p1a: Tyranitar|Dark Pulse|p2a: Heatran
|-damage|p2a: Heatran|0 fnt
|faint|p2a: Heatran
|
|-damage|p1a: Tyranitar|0 fnt|[from] brn
|faint|p1a: Tyranitar
|
|switch|p2a: Landorus-Therian|Landorus-Therian, M|320\/320
|-damage|p2a: Landorus-Therian|280\/320|[from] Stealth Rock
|switch|p1a: Gengar|Gengar, M|262\/262
|-ability|p2a: Landorus-Therian|Intimidate|[of] p1a: Gengar
|-unboost|p1a: Gengar|atk|1
|turn|7
|chat|Lord Knight|jakes on me
|
|move|p1a: Gengar|Shadow Ball|p2a: Landorus-Therian
|-damage|p2a: Landorus-Therian|108\/320
|move|p2a: Landorus-Therian|Rock Slide|p1a: Gengar
|-damage|p1a: Gengar|112\/262
|
|turn|8
|
|move|p1a: Gengar|Shadow Ball|p2a: Landorus-Therian
|-damage|p2a: Landorus-Therian|0 fnt
|faint|p2a: Landorus-Therian
|
|
|switch|p2a: Azumarill|Azumarill, F|404\/404
|-damage|p2a: Azumarill|354\/404|[from] Stealth Rock
|turn|9
|
|move|p2a: Azumarill|Aqua Jet|p1a: Gengar
|-damage|p1a: Gengar|0 fnt
|faint|p1a: Gengar
|
|-heal|p2a: Azumarill|379\/404|[from] item: Leftovers
|
|switch|p1a: Scizor|Scizor, F|344\/344
|turn|10
|
|-formechange|p1a: Scizor|Scizor-Mega
|message|Scizor has Mega Evolved into Mega Scizor!
|move|p1a: Scizor|Bullet Punch|p2a: Azumarill
|-crit|p2a: Azumarill
|-damage|p2a: Azumarill|147\/404
|move|p2a: Azumarill|Waterfall|p1a: Scizor
|-damage|p1a: Scizor|205\/344
|
|-heal|p2a: Azumarill|172\/404|[from] item: Leftovers
|turn|11
|chat|Lord Knight|fuck this game is incredible :D
|
|move|p1a: Scizor|Bullet Punch|p2a: Azumarill
|-damage|p2a: Azumarill|7\/404
|move|p2a: Azumarill|Waterfall|p1a: Scizor
|-damage|p1a: Scizor|66\/344
|
|-heal|p2a: Azumarill|32\/404|[from] item: Leftovers
|turn|12
|
|move|p1a: Scizor|Bullet Punch|p2a: Azumarill
|-damage|p2a: Azumarill|0 fnt
|faint|p2a: Azumarill
|
|
|switch|p2a: Rotom-Wash|Rotom-Wash|304\/304
|-damage|p2a: Rotom-Wash|266\/304|[from] Stealth Rock
|turn|13
|
|move|p2a: Rotom-Wash|Volt Switch|p1a: Scizor
|-damage|p1a: Scizor|0 fnt
|faint|p1a: Scizor
|
|switch|p2a: Kyurem-Black|Kyurem-Black|405\/405
|-damage|p2a: Kyurem-Black|304\/405|[from] Stealth Rock
|-ability|p2a: Kyurem-Black|Teravolt
|
|-heal|p2a: Kyurem-Black|329\/405|[from] item: Leftovers
|
|switch|p1a: Weavile|Weavile, F|282\/282
|-ability|p1a: Weavile|Pressure
|turn|14
|
|move|p1a: Weavile|Low Kick|p2a: Kyurem-Black
|-crit|p2a: Kyurem-Black
|-supereffective|p2a: Kyurem-Black
|-damage|p2a: Kyurem-Black|0 fnt
|-damage|p1a: Weavile|254\/282|[from] item: Life Orb
|faint|p2a: Kyurem-Black
|
|
|switch|p2a: Rotom-Wash|Rotom-Wash|266\/304
|-damage|p2a: Rotom-Wash|228\/304|[from] Stealth Rock
|turn|15
|
|move|p1a: Weavile|Night Slash|p2a: Rotom-Wash
|-damage|p2a: Rotom-Wash|118\/304
|-damage|p1a: Weavile|226\/282|[from] item: Life Orb
|move|p2a: Rotom-Wash|Will-O-Wisp|p1a: Weavile
|-status|p1a: Weavile|brn
|
|-heal|p2a: Rotom-Wash|137\/304|[from] item: Leftovers
|-damage|p1a: Weavile|191\/282 brn|[from] brn
|turn|16
|
|move|p1a: Weavile|Night Slash|p2a: Rotom-Wash
|-crit|p2a: Rotom-Wash
|-damage|p2a: Rotom-Wash|59\/304
|-damage|p1a: Weavile|163\/282 brn|[from] item: Life Orb
|move|p2a: Rotom-Wash|Volt Switch|p1a: Weavile
|-damage|p1a: Weavile|69\/282 brn
|
|switch|p2a: Reuniclus|Reuniclus, F|424\/424
|
|-damage|p1a: Weavile|34\/282 brn|[from] brn
|turn|17
|
|move|p1a: Weavile|Night Slash|p2a: Reuniclus
|-supereffective|p2a: Reuniclus
|-damage|p2a: Reuniclus|250\/424
|-damage|p1a: Weavile|6\/282 brn|[from] item: Life Orb
|move|p2a: Reuniclus|Calm Mind|p2a: Reuniclus
|-boost|p2a: Reuniclus|spa|1
|-boost|p2a: Reuniclus|spd|1
|
|-heal|p2a: Reuniclus|276\/424|[from] item: Leftovers
|-damage|p1a: Weavile|0 fnt|[from] brn
|faint|p1a: Weavile
|
|switch|p1a: Lucario|Lucario, M|282\/282
|turn|18
|
|move|p1a: Lucario|Swords Dance|p1a: Lucario
|-boost|p1a: Lucario|atk|2
|move|p2a: Reuniclus|Focus Blast|p1a: Lucario
|-supereffective|p1a: Lucario
|-damage|p1a: Lucario|0 fnt
|faint|p1a: Lucario
|
|-heal|p2a: Reuniclus|302\/424|[from] item: Leftovers
|
|switch|p1a: Alakazam|Alakazam, F|252\/252
|turn|19
|
|move|p1a: Alakazam|Shadow Ball|p2a: Reuniclus
|-supereffective|p2a: Reuniclus
|-damage|p2a: Reuniclus|154\/424
|-unboost|p2a: Reuniclus|spd|1
|move|p2a: Reuniclus|Recover|p2a: Reuniclus
|-heal|p2a: Reuniclus|366\/424
|
|-heal|p2a: Reuniclus|392\/424|[from] item: Leftovers
|turn|20
|chat|Lord Knight|fuck man this is the most haxxy game of the day
|chat|Lord Knight|shiiet
|
|move|p1a: Alakazam|Shadow Ball|p2a: Reuniclus
|-supereffective|p2a: Reuniclus
|-damage|p2a: Reuniclus|155\/424
|move|p2a: Reuniclus|Calm Mind|p2a: Reuniclus
|-boost|p2a: Reuniclus|spa|1
|-boost|p2a: Reuniclus|spd|1
|
|-heal|p2a: Reuniclus|181\/424|[from] item: Leftovers
|turn|21
|
|move|p1a: Alakazam|Shadow Ball|p2a: Reuniclus
|-supereffective|p2a: Reuniclus
|-damage|p2a: Reuniclus|22\/424
|move|p2a: Reuniclus|Recover|p2a: Reuniclus
|-heal|p2a: Reuniclus|234\/424
|
|-heal|p2a: Reuniclus|260\/424|[from] item: Leftovers
|turn|22
|
|move|p1a: Alakazam|Shadow Ball|p2a: Reuniclus
|-supereffective|p2a: Reuniclus
|-damage|p2a: Reuniclus|112\/424
|move|p2a: Reuniclus|Recover|p2a: Reuniclus
|-heal|p2a: Reuniclus|324\/424
|
|-heal|p2a: Reuniclus|350\/424|[from] item: Leftovers
|turn|23
|
|move|p1a: Alakazam|Shadow Ball|p2a: Reuniclus
|-supereffective|p2a: Reuniclus
|-damage|p2a: Reuniclus|202\/424
|move|p2a: Reuniclus|Psyshock|p1a: Alakazam
|-resisted|p1a: Alakazam
|-damage|p1a: Alakazam|52\/252
|
|-heal|p2a: Reuniclus|228\/424|[from] item: Leftovers
|turn|24
|
|move|p1a: Alakazam|Shadow Ball|p2a: Reuniclus
|-supereffective|p2a: Reuniclus
|-damage|p2a: Reuniclus|88\/424
|move|p2a: Reuniclus|Psyshock|p1a: Alakazam
|-resisted|p1a: Alakazam
|-damage|p1a: Alakazam|0 fnt
|faint|p1a: Alakazam
|
|win|Lord Knight
|raw|Ladder updating...
|raw|yotk13's rating: 1792 &rarr; <strong>1767<\/strong><br \/>(-25 for losing)
|raw|Lord Knight's rating: 1710 &rarr; <strong>1735<\/strong><br \/>(+25 for winning)
|leave|yotk13
|player|p1