|join|chimpact
|join|oml it's too ez
|player|p1|chimpact|234
|player|p2|oml it's too ez|9
|gametype|singles
|gen|6
|tier|OU
|clearpoke
|poke|p1|Metagross
|poke|p1|Keldeo
|poke|p1|Garchomp, F
|poke|p1|Manaphy
|poke|p1|Latios, M
|poke|p1|Landorus-Therian, M
|poke|p2|Garchomp, F
|poke|p2|Slowbro, M
|poke|p2|Clefable, F
|poke|p2|Heatran, M
|poke|p2|Tornadus-Therian, M
|poke|p2|Amoonguss, M
|rule|Swagger Clause: Swagger is banned
|rule|Baton Pass Clause: Limit one PokÃ©mon knowing Baton Pass
|rule|Sleep Clause Mod: Limit one foe put to sleep
|rule|Species Clause: Limit one of each PokÃ©mon
|rule|OHKO Clause: OHKO moves are banned
|rule|Moody Clause: Moody is banned
|rule|Evasion Moves Clause: Evasion moves are banned
|rule|Endless Battle Clause: Forcing endless battles is banned
|rule|HP Percentage Mod: HP is shown in percentages
|teampreview
|join|TheRealWePwn
|join|KingT9722
|join|DJWebb
|c| DJWebb|ahhh nice regen O
|
|start
|switch|p1a: garchimp|Garchomp, F|358\/358
|switch|p2a: Amoonguss|Amoonguss, M|431\/431
|turn|1
|join|rususpecttesting
|c| DJWebb|reveal sub
|c|âoml it's too ez|chimpact
|c|âoml it's too ez|im so confindet
|c| DJWebb|achieve 6-0
|c|âoml it's too ez|ima link u the rmt
|c|âoml it's too ez|http:\/\/www.smogon.com\/forums\/threads\/triple-regenerator-core-and-clef-tran-slowbro-core-in-1-team.3527412\/#post-6003000
|
|move|p1a: garchimp|Stealth Rock|p2a: Amoonguss
|-sidestart|p2: oml it's too ez|move: Stealth Rock
|move|p2a: Amoonguss|Spore|p1a: garchimp
|-status|p1a: garchimp|slp
|-enditem|p1a: garchimp|Lum Berry|[eat]
|-curestatus|p1a: garchimp|slp
|
|turn|2
|join|Mencemeat
|c| DJWebb|the bm
|join|JamvadOverChimpIMO
|
|move|p1a: garchimp|Earthquake|p2a: Amoonguss
|-damage|p2a: Amoonguss|268\/431
|move|p2a: Amoonguss|Spore|p1a: garchimp
|-status|p1a: garchimp|slp
|
|-heal|p2a: Amoonguss|294\/431|[from] item: Black Sludge
|turn|3
|
|switch|p2a: Garchomp|Garchomp, F|420\/420
|-damage|p2a: Garchomp|394\/420|[from] Stealth Rock
|cant|p1a: garchimp|slp
|
|turn|4
|
|switch|p1a: dragon|Latios, M|301\/301
|move|p2a: Garchomp|Stealth Rock|p1a: dragon
|-sidestart|p1: chimpact|move: Stealth Rock
|
|turn|5
|
|switch|p2a: Clefable|Clefable, F|394\/394
|-damage|p2a: Clefable|345\/394|[from] Stealth Rock
|move|p1a: dragon|Psyshock|p2a: Clefable
|-damage|p2a: Clefable|176\/394
|-damage|p1a: dragon|271\/301|[from] item: Life Orb
|
|-heal|p2a: Clefable|200\/394|[from] item: Leftovers
|turn|6
|
|switch|p1a: beldumx8|Metagross|302\/302
|-damage|p1a: beldumx8|284\/302|[from] Stealth Rock
|move|p2a: Clefable|Wish|p2a: Clefable
|
|-heal|p2a: Clefable|224\/394|[from] item: Leftovers
|turn|7
|
|switch|p2a: Garchomp|Garchomp, F|394\/420
|-damage|p2a: Garchomp|368\/420|[from] Stealth Rock
|detailschange|p1a: beldumx8|Metagross-Mega
|-mega|p1a: beldumx8|Metagross|Metagrossite
|move|p1a: beldumx8|Meteor Mash|p2a: Garchomp
|-damage|p2a: Garchomp|167\/420
|-damage|p1a: beldumx8|247\/302|[from] ability: Rough Skin|[of] p2a: Garchomp
|-damage|p1a: beldumx8|197\/302|[from] item: Rocky Helmet|[of] p2a: Garchomp
|
|-heal|p2a: Garchomp|364\/420|[from] move: Wish|[wisher] Clefable
|turn|8
|
|switch|p1a: bolandorus|Landorus-Therian, M|319\/319
|-damage|p1a: bolandorus|280\/319|[from] Stealth Rock
|-ability|p1a: bolandorus|Intimidate|[of] p2a: Garchomp
|-unboost|p2a: Garchomp|atk|1
|move|p2a: Garchomp|Toxic|p1a: bolandorus
|-status|p1a: bolandorus|tox
|
|-damage|p1a: bolandorus|261\/319 tox|[from] psn
|turn|9
|
|switch|p2a: Amoonguss|Amoonguss, M|431\/431
|-damage|p2a: Amoonguss|378\/431|[from] Stealth Rock
|move|p1a: bolandorus|U-turn|p2a: Amoonguss
|-damage|p2a: Amoonguss|294\/431
|c| DJWebb|predicted
|c| DJWebb|it's too ez Kappa
|
|switch|p1a: dragon|Latios, M|271\/301
|-damage|p1a: dragon|234\/301|[from] Stealth Rock
|
|-heal|p2a: Amoonguss|320\/431|[from] item: Black Sludge
|turn|10
|
|switch|p1a: je suis|Keldeo|324\/324
|-damage|p1a: je suis|304\/324|[from] Stealth Rock
|switch|p2a: Heatran|Heatran, M|384\/384
|-damage|p2a: Heatran|336\/384|[from] Stealth Rock
|
|-heal|p1a: je suis|324\/324|[from] item: Leftovers
|-heal|p2a: Heatran|360\/384|[from] item: Leftovers
|turn|11
|c|âoml it's too ez|ahh shit
|
|switch|p2a: Slowbro|Slowbro, M|393\/393
|-damage|p2a: Slowbro|344\/393|[from] Stealth Rock
|move|p1a: je suis|Scald|p2a: Slowbro
|-resisted|p2a: Slowbro
|-damage|p2a: Slowbro|281\/393
|
|turn|12
|c| JamvadOverChimpIMO|Chimp, it's regen offense, no beating it
|
|move|p1a: je suis|Scald|p2a: Slowbro
|-resisted|p2a: Slowbro
|-damage|p2a: Slowbro|215\/393
|move|p2a: Slowbro|Scald|p1a: je suis
|-resisted|p1a: je suis
|-damage|p1a: je suis|275\/324
|
|-heal|p1a: je suis|295\/324|[from] item: Leftovers
|turn|13
|join|IDoTest
|
|move|p1a: je suis|Scald|p2a: Slowbro
|-resisted|p2a: Slowbro
|-damage|p2a: Slowbro|149\/393
|-status|p2a: Slowbro|brn
|move|p2a: Slowbro|Slack Off|p2a: Slowbro
|-heal|p2a: Slowbro|346\/393 brn
|
|-heal|p1a: je suis|315\/324|[from] item: Leftovers
|-damage|p2a: Slowbro|297\/393 brn|[from] brn
|turn|14
|c| DJWebb|why does chimp think he's actually gonna get lucky?
|
|move|p1a: je suis|Substitute|p1a: je suis
|-start|p1a: je suis|Substitute
|-damage|p1a: je suis|234\/324
|move|p2a: Slowbro|Scald|p1a: je suis
|-resisted|p1a: je suis
|-activate|p1a: je suis|Substitute|[damage]
|
|-heal|p1a: je suis|254\/324|[from] item: Leftovers
|-damage|p2a: Slowbro|248\/393 brn|[from] brn
|turn|15
|c|âoml it's too ez|bro
|
|move|p1a: je suis|Calm Mind|p1a: je suis
|-boost|p1a: je suis|spa|1
|-boost|p1a: je suis|spd|1
|move|p2a: Slowbro|Psyshock|p1a: je suis
|-supereffective|p1a: je suis
|-end|p1a: je suis|Substitute
|
|-heal|p1a: je suis|274\/324|[from] item: Leftovers
|-damage|p2a: Slowbro|199\/393 brn|[from] brn
|turn|16
|c| JamvadOverChimpIMO|who has the amazing name?
|c| DJWebb|you already know he didn't look at that rmt
|c|âoml it's too ez|he commented on it
|
|move|p1a: je suis|Scald|p2a: Slowbro
|-resisted|p2a: Slowbro
|-damage|p2a: Slowbro|94\/393 brn
|move|p2a: Slowbro|Psyshock|p1a: je suis
|-supereffective|p1a: je suis
|-damage|p1a: je suis|50\/324
|
|-heal|p1a: je suis|70\/324|[from] item: Leftovers
|-damage|p2a: Slowbro|45\/393 brn|[from] brn
|turn|17
|
|switch|p2a: Amoonguss|Amoonguss, M|431\/431
|-damage|p2a: Amoonguss|378\/431|[from] Stealth Rock
|move|p1a: je suis|Scald|p2a: Amoonguss
|-resisted|p2a: Amoonguss
|-damage|p2a: Amoonguss|247\/431
|-status|p2a: Amoonguss|brn
|
|-heal|p1a: je suis|90\/324|[from] item: Leftovers
|-heal|p2a: Amoonguss|273\/431 brn|[from] item: Black Sludge
|-damage|p2a: Amoonguss|220\/431 brn|[from] brn
|turn|18
|c|âoml it's too ez|bro
|
|move|p1a: je suis|Secret Sword|p2a: Amoonguss
|-resisted|p2a: Amoonguss
|-damage|p2a: Amoonguss|116\/431 brn
|move|p2a: Amoonguss|Giga Drain|p1a: je suis
|-supereffective|p1a: je suis
|-damage|p1a: je suis|0 fnt
|-heal|p2a: Amoonguss|161\/431 brn|[from] drain|[of] p1a: je suis
|faint|p1a: je suis
|
|-heal|p2a: Amoonguss|187\/431 brn|[from] item: Black Sludge
|-damage|p2a: Amoonguss|134\/431 brn|[from] brn
|
|switch|p1a: beldumx8|Metagross-Mega|197\/302
|-damage|p1a: beldumx8|179\/302|[from] Stealth Rock
|turn|19
|
|move|p1a: beldumx8|Pursuit|p2a: Amoonguss|[from]Pursuit
|-damage|p2a: Amoonguss|18\/431 brn
|switch|p2a: Heatran|Heatran, M|360\/384
|-damage|p2a: Heatran|312\/384|[from] Stealth Rock
|
|-heal|p2a: Heatran|336\/384|[from] item: Leftovers
|turn|20
|
|switch|p2a: Garchomp|Garchomp, F|364\/420
|-damage|p2a: Garchomp|338\/420|[from] Stealth Rock
|move|p1a: beldumx8|Hammer Arm|p2a: Garchomp
|-damage|p2a: Garchomp|203\/420
|-damage|p1a: beldumx8|142\/302|[from] ability: Rough Skin|[of] p2a: Garchomp
|-damage|p1a: beldumx8|92\/302|[from] item: Rocky Helmet|[of] p2a: Garchomp
|-unboost|p1a: beldumx8|spe|1
|
|turn|21
|
|switch|p2a: Slowbro|Slowbro, M|176\/393 brn
|-damage|p2a: Slowbro|127\/393 brn|[from] Stealth Rock
|switch|p1a: bolandorus|Landorus-Therian, M|261\/319 tox
|-damage|p1a: bolandorus|222\/319 tox|[from] Stealth Rock
|-ability|p1a: bolandorus|Intimidate|[of] p2a: Slowbro
|-unboost|p2a: Slowbro|atk|1
|
|-damage|p1a: bolandorus|203\/319 tox|[from] psn
|-damage|p2a: Slowbro|78\/393 brn|[from] brn
|turn|22
|
|detailschange|p2a: Slowbro|Slowbro-Mega, M
|-mega|p2a: Slowbro|Slowbro|Slowbronite
|move|p1a: bolandorus|U-turn|p2a: Slowbro
|-supereffective|p2a: Slowbro
|-damage|p2a: Slowbro|0 fnt
|faint|p2a: Slowbro
|c|âoml it's too ez|wait
|c|âoml it's too ez|did i just lose
|c|âoml it's too ez|oh well
|
|switch|p1a: seaweed|Manaphy|403\/403
|-damage|p1a: seaweed|353\/403|[from] Stealth Rock
|
|-heal|p1a: seaweed|378\/403|[from] item: Leftovers
|
|switch|p2a: Amoonguss|Amoonguss, M|161\/431 brn
|-damage|p2a: Amoonguss|108\/431 brn|[from] Stealth Rock
|turn|23
|
|switch|p1a: dragon|Latios, M|234\/301
|-damage|p1a: dragon|197\/301|[from] Stealth Rock
|move|p2a: Amoonguss|Giga Drain|p1a: dragon
|-resisted|p1a: dragon
|-damage|p1a: dragon|159\/301
|-heal|p2a: Amoonguss|127\/431 brn|[from] drain|[of] p1a: dragon
|
|-heal|p2a: Amoonguss|153\/431 brn|[from] item: Black Sludge
|-damage|p2a: Amoonguss|100\/431 brn|[from] brn
|turn|24
|
|switch|p2a: Heatran|Heatran, M|336\/384
|-damage|p2a: Heatran|288\/384|[from] Stealth Rock
|move|p1a: dragon|Psyshock|p2a: Heatran
|-resisted|p2a: Heatran
|-damage|p2a: Heatran|202\/384
|-damage|p1a: dragon|129\/301|[from] item: Life Orb
|
|-heal|p2a: Heatran|226\/384|[from] item: Leftovers
|turn|25
|
|move|p1a: dragon|Roost|p1a: dragon
|-heal|p1a: dragon|280\/301
|move|p2a: Heatran|Lava Plume|p1a: dragon
|-resisted|p1a: dragon
|-damage|p1a: dragon|223\/301
|
|-heal|p2a: Heatran|250\/384|[from] item: Leftovers
|turn|26
|
|switch|p1a: garchimp|Garchomp, F|358\/358 slp
|-damage|p1a: garchimp|336\/358 slp|[from] Stealth Rock
|move|p2a: Heatran|Taunt|p1a: garchimp
|-start|p1a: garchimp|move: Taunt
|
|-heal|p2a: Heatran|274\/384|[from] item: Leftovers
|turn|27
|
|switch|p1a: seaweed|Manaphy|378\/403
|-damage|p1a: seaweed|328\/403|[from] Stealth Rock
|switch|p2a: Clefable|Clefable, F|224\/394
|-damage|p2a: Clefable|175\/394|[from] Stealth Rock
|
|-heal|p1a: seaweed|353\/403|[from] item: Leftovers
|-heal|p2a: Clefable|199\/394|[from] item: Leftovers
|turn|28
|
|move|p1a: seaweed|Scald|p2a: Clefable
|-damage|p2a: Clefable|90\/394
|move|p2a: Clefable|Wish|p2a: Clefable
|
|-heal|p1a: seaweed|378\/403|[from] item: Leftovers
|-heal|p2a: Clefable|114\/394|[from] item: Leftovers
|turn|29
|
|move|p1a: seaweed|Scald|p2a: Clefable
|-damage|p2a: Clefable|5\/394
|move|p2a: Clefable|Moonblast|p1a: seaweed
|-damage|p1a: seaweed|269\/403
|
|-heal|p2a: Clefable|202\/394|[from] move: Wish|[wisher] Clefable
|-heal|p1a: seaweed|294\/403|[from] item: Leftovers
|-heal|p2a: Clefable|226\/394|[from] item: Leftovers
|turn|30
|
|move|p1a: seaweed|Scald|p2a: Clefable
|-damage|p2a: Clefable|129\/394
|move|p2a: Clefable|Wish|p2a: Clefable
|
|-heal|p1a: seaweed|319\/403|[from] item: Leftovers
|-heal|p2a: Clefable|153\/394|[from] item: Leftovers
|turn|31
|
|move|p1a: seaweed|Scald|p2a: Clefable
|-damage|p2a: Clefable|54\/394
|move|p2a: Clefable|Heal Bell|p2a: Clefable
|-cureteam|p2a: Clefable|[from] move: HealBell
|
|-heal|p2a: Clefable|251\/394|[from] move: Wish|[wisher] Clefable
|-heal|p1a: seaweed|344\/403|[from] item: Leftovers
|-heal|p2a: Clefable|275\/394|[from] item: Leftovers
|turn|32
|
|move|p1a: seaweed|Scald|p2a: Clefable
|-damage|p2a: Clefable|182\/394
|move|p2a: Clefable|Wish|p2a: Clefable
|
|-heal|p1a: seaweed|369\/403|[from] item: Leftovers
|-heal|p2a: Clefable|206\/394|[from] item: Leftovers
|turn|33
|c| JamvadOverChimpIMO|Jam, you deserve more subs :[
|
|move|p1a: seaweed|Scald|p2a: Clefable
|-damage|p2a: Clefable|101\/394
|-status|p2a: Clefable|brn
|move|p2a: Clefable|Moonblast|p1a: seaweed
|-damage|p1a: seaweed|252\/403
|
|-heal|p2a: Clefable|298\/394 brn|[from] move: Wish|[wisher] Clefable
|-heal|p1a: seaweed|277\/403|[from] item: Leftovers
|-heal|p2a: Clefable|322\/394 brn|[from] item: Leftovers
|-damage|p2a: Clefable|273\/394 brn|[from] brn
|turn|34
|
|switch|p1a: beldumx8|Metagross-Mega|92\/302
|-damage|p1a: beldumx8|74\/302|[from] Stealth Rock
|move|p2a: Clefable|Wish|p2a: Clefable
|
|-heal|p2a: Clefable|297\/394 brn|[from] item: Leftovers
|-damage|p2a: Clefable|248\/394 brn|[from] brn
|turn|35
|
|switch|p1a: dragon|Latios, M|223\/301
|-damage|p1a: dragon|186\/301|[from] Stealth Rock
|switch|p2a: Garchomp|Garchomp, F|203\/420
|-damage|p2a: Garchomp|177\/420|[from] Stealth Rock
|
|-heal|p2a: Garchomp|374\/420|[from] move: Wish|[wisher] Clefable
|turn|36
|c|âoml it's too ez|lando or man?
|
|switch|p2a: Heatran|Heatran, M|274\/384
|-damage|p2a: Heatran|226\/384|[from] Stealth Rock
|move|p1a: dragon|Draco Meteor|p2a: Heatran
|-resisted|p2a: Heatran
|-damage|p2a: Heatran|121\/384
|-unboost|p1a: dragon|spa|2
|-damage|p1a: dragon|156\/301|[from] item: Life Orb
|
|-heal|p2a: Heatran|145\/384|[from] item: Leftovers
|turn|37
|c|âoml it's too ez|mhmm
|
|switch|p1a: garchimp|Garchomp, F|336\/358 slp
|-damage|p1a: garchimp|314\/358 slp|[from] Stealth Rock
|move|p2a: Heatran|Lava Plume|p1a: garchimp
|-resisted|p1a: garchimp
|-damage|p1a: garchimp|249\/358 slp
|
|-heal|p2a: Heatran|169\/384|[from] item: Leftovers
|turn|38
|
|switch|p2a: Amoonguss|Amoonguss, M|243\/431
|-damage|p2a: Amoonguss|190\/431|[from] Stealth Rock
|cant|p1a: garchimp|slp
|
|-heal|p2a: Amoonguss|216\/431|[from] item: Black Sludge
|turn|39
|
|switch|p1a: dragon|Latios, M|156\/301
|-damage|p1a: dragon|119\/301|[from] Stealth Rock
|switch|p2a: Clefable|Clefable, F|248\/394 brn
|-damage|p2a: Clefable|199\/394 brn|[from] Stealth Rock
|
|-heal|p2a: Clefable|223\/394 brn|[from] item: Leftovers
|-damage|p2a: Clefable|174\/394 brn|[from] brn
|turn|40
|join|Amulet Coin Lugia
|
|move|p1a: dragon|Psyshock|p2a: Clefable
|-damage|p2a: Clefable|5\/394 brn
|-damage|p1a: dragon|89\/301|[from] item: Life Orb
|move|p2a: Clefable|Moonblast|p1a: dragon
|-supereffective|p1a: dragon
|-damage|p1a: dragon|0 fnt
|faint|p1a: dragon
|
|-heal|p2a: Clefable|29\/394 brn|[from] item: Leftovers
|-damage|p2a: Clefable|0 fnt|[from] brn
|faint|p2a: Clefable
|join|LeoDamin
|
|switch|p1a: bolandorus|Landorus-Therian, M|203\/319 tox
|switch|p2a: Tornadus-Therian|Tornadus-Therian, M|299\/299
|-damage|p1a: bolandorus|164\/319 tox|[from] Stealth Rock
|-ability|p1a: bolandorus|Intimidate|[of] p2a: Tornadus-Therian
|-unboost|p2a: Tornadus-Therian|atk|1
|-damage|p2a: Tornadus-Therian|225\/299|[from] Stealth Rock
|turn|41
|
|move|p1a: bolandorus|Stone Edge|p2a: Tornadus-Therian
|-crit|p2a: Tornadus-Therian
|-supereffective|p2a: Tornadus-Therian
|-damage|p2a: Tornadus-Therian|0 fnt
|faint|p2a: Tornadus-Therian
|
|-damage|p1a: bolandorus|145\/319 tox|[from] psn
|c|âoml it's too ez|shiiit
|join|Cyndequil
|
|switch|p2a: Amoonguss|Amoonguss, M|359\/431
|-damage|p2a: Amoonguss|306\/431|[from] Stealth Rock
|turn|42
|c| LeoDamin|oml
|c|âoml it's too ez|tbh i think jamvab just coaching him
|c|âoml it's too ez|only way hes doing so good
|
|switch|p1a: beldumx8|Metagross-Mega|74\/302
|-damage|p1a: beldumx8|56\/302|[from] Stealth Rock
|move|p2a: Amoonguss|Giga Drain|p1a: beldumx8
|-resisted|p1a: beldumx8
|-damage|p1a: beldumx8|19\/302
|-heal|p2a: Amoonguss|325\/431|[from] drain|[of] p1a: beldumx8
|
|-heal|p2a: Amoonguss|351\/431|[from] item: Black Sludge
|turn|43
|c| LeoDamin|of course he is
|c| LeoDamin|I mean
|c| LeoDamin|he didn't miss the stone edge
|c| LeoDamin|no way that is chimp
|
|move|p1a: beldumx8|Pursuit|p2a: Amoonguss|[from]Pursuit
|-damage|p2a: Amoonguss|230\/431
|switch|p2a: Garchomp|Garchomp, F|374\/420
|-damage|p2a: Garchomp|348\/420|[from] Stealth Rock
|
|turn|44
|c| Lord Kuvira|Jam is too good, lot's of experience
|
|move|p1a: beldumx8|Meteor Mash|p2a: Garchomp
|-damage|p2a: Garchomp|147\/420
|-damage|p1a: beldumx8|0 fnt|[from] ability: Rough Skin|[of] p2a: Garchomp
|faint|p1a: beldumx8
|move|p2a: Garchomp|Dragon Claw|p1: beldumx8|[notarget]
|-notarget
|
|
|switch|p1a: seaweed|Manaphy|277\/403
|-damage|p1a: seaweed|227\/403|[from] Stealth Rock
|turn|45
|
|move|p1a: seaweed|Calm Mind|p1a: seaweed
|-boost|p1a: seaweed|spa|1
|-boost|p1a: seaweed|spd|1
|move|p2a: Garchomp|Earthquake|p1a: seaweed
|-crit|p1a: seaweed
|-damage|p1a: seaweed|20\/403
|
|-heal|p1a: seaweed|45\/403|[from] item: Leftovers
|turn|46
|
|move|p1a: seaweed|Scald|p2a: Garchomp
|-damage|p2a: Garchomp|0 fnt
|faint|p2a: Garchomp
|
|-heal|p1a: seaweed|70\/403|[from] item: Leftovers
|
|switch|p2a: Amoonguss|Amoonguss, M|373\/431
|-damage|p2a: Amoonguss|320\/431|[from] Stealth Rock
|turn|47
|
|move|p1a: seaweed|Scald|p2a: Amoonguss
|-resisted|p2a: Amoonguss
|-damage|p2a: Amoonguss|242\/431
|-status|p2a: Amoonguss|brn
|move|p2a: Amoonguss|Giga Drain|p1a: seaweed
|-supereffective|p1a: seaweed
|-damage|p1a: seaweed|0 fnt
|-heal|p2a: Amoonguss|277\/431 brn|[from] drain|[of] p1a: seaweed
|faint|p1a: seaweed
|
|-heal|p2a: Amoonguss|303\/431 brn|[from] item: Black Sludge
|-damage|p2a: Amoonguss|250\/431 brn|[from] brn
|c| Lord Kuvira|Jam was 35 when Red\/Blue was released
|c|âoml it's too ez|bro
|c|âoml it's too ez|thats the 3rd time
|c|âoml it's too ez|oh well
|
|switch|p1a: garchimp|Garchomp, F|249\/358 slp
|-damage|p1a: garchimp|227\/358 slp|[from] Stealth Rock
|turn|48
|
|-curestatus|p1a: garchimp|slp
|move|p1a: garchimp|Earthquake|p2a: Amoonguss
|-damage|p2a: Amoonguss|82\/431 brn
|move|p2a: Amoonguss|Giga Drain|p1a: garchimp
|-damage|p1a: garchimp|139\/358
|-heal|p2a: Amoonguss|126\/431 brn|[from] drain|[of] p1a: garchimp
|
|-heal|p2a: Amoonguss|152\/431 brn|[from] item: Black Sludge
|-damage|p2a: Amoonguss|99\/431 brn|[from] brn
|turn|49
|join|Fh27
|c| LeoDamin|skill
|
|switch|p2a: Heatran|Heatran, M|169\/384
|-damage|p2a: Heatran|121\/384|[from] Stealth Rock
|move|p1a: garchimp|Earthquake|p2a: Heatran
|-supereffective|p2a: Heatran
|-damage|p2a: Heatran|0 fnt
|faint|p2a: Heatran
|
|
|switch|p2a: Amoonguss|Amoonguss, M|242\/431 brn
|-damage|p2a: Amoonguss|189\/431 brn|[from] Stealth Rock
|turn|50
|
|move|p1a: garchimp|Outrage|p2a: Amoonguss
|-damage|p2a: Amoonguss|0 fnt
|faint|p2a: Amoonguss
|
|win|chimpact
|c|âoml it's too ez|hax
|c|âoml it's too ez|[:
|c| Skillpact|\/me <-
|leave|chimpact
|player|p1
|join|chimpact
|leave|chimpact
|leave|Mencemeat
|c|âoml it's too ez|ofc
|join|Mencemeat
|leave|Mencemeat
|c|âoml it's too ez|no gg
|leave|Fh27
|leave|Skillpact
|c|âoml it's too ez|salty
|leave|Cyndequil
|join|Skillpact
|leave|Skillpact
|leave|LeoDamin
|join|LeoDamin
|leave|LeoDamin