|join|DinosaurJumper19
|join|oml it's too ez
|player|p1|DinosaurJumper19|15
|player|p2|oml it's too ez|9
|gametype|singles
|gen|6
|tier|OU
|clearpoke
|poke|p1|Keldeo
|poke|p1|Doublade, M
|poke|p1|Diggersby, M
|poke|p1|Amoonguss, F
|poke|p1|Chansey, F
|poke|p1|Charizard, F
|poke|p2|Landorus-Therian, M
|poke|p2|Mew
|poke|p2|Heatran, F
|poke|p2|Venusaur, M
|poke|p2|Raikou
|poke|p2|Keldeo-Resolute
|rule|Swagger Clause: Swagger is banned
|rule|Baton Pass Clause: Limit one PokÃ©mon knowing Baton Pass
|rule|Sleep Clause Mod: Limit one foe put to sleep
|rule|Species Clause: Limit one of each PokÃ©mon
|rule|OHKO Clause: OHKO moves are banned
|rule|Moody Clause: Moody is banned
|rule|Evasion Moves Clause: Evasion moves are banned
|rule|Endless Battle Clause: Forcing endless battles is banned
|rule|HP Percentage Mod: HP is shown in percentages
|teampreview
|join|awiec
|join|Ktothe2
|join|Trev the king
|join|Sergio
|c|âoml it's too ez|i really need 2 poo
|c|âoml it's too ez|can u hurry up [:
|
|start
|switch|p1a: i like girls|Keldeo|323\/323
|switch|p2a: i-turn|Landorus-Therian, M|375\/375
|-ability|p2a: i-turn|Intimidate|[of] p1a: i like girls
|-unboost|p1a: i like girls|atk|1
|turn|1
|leave|Sergio
|join|Codename Rebbecca
|
|switch|p2a: Moo|Mew|403\/403
|move|p1a: i like girls|Scald|p2a: Moo
|-damage|p2a: Moo|282\/403
|
|-heal|p2a: Moo|307\/403|[from] item: Leftovers
|turn|2
|
|switch|p1a: i like girls|Doublade, M|321\/321
|switch|p2a: President|Raikou|321\/321
|-ability|p2a: President|Pressure
|
|turn|3
|
|switch|p1a: i like girls|Chansey, F|703\/703
|move|p2a: President|Volt Switch|p1a: i like girls
|-damage|p1a: i like girls|600\/703
|join|F U BP
|
|switch|p2a: Im So Horny|Keldeo-Resolute|323\/323
|
|turn|4
|
|switch|p2a: He Ran|Heatran, F|385\/385
|switch|p1a: i like girls|Amoonguss, F|432\/432
|
|turn|5
|
|switch|p1a: i like girls|Chansey, F|600\/703
|move|p2a: He Ran|Toxic|p1a: i like girls|[miss]
|-miss|p2a: He Ran|p1a: i like girls
|
|turn|6
|
|switch|p2a: i-turn|Landorus-Therian, M|375\/375
|-ability|p2a: i-turn|Intimidate|[of] p1a: i like girls
|-unboost|p1a: i like girls|atk|1
|move|p1a: i like girls|Thunder Wave|p2a: i-turn
|-immune|p2a: i-turn|[msg]
|
|turn|7
|join|bigfatliar
|
|move|p2a: i-turn|Stealth Rock|p1a: i like girls
|-sidestart|p1: DinosaurJumper19|move: Stealth Rock
|move|p1a: i like girls|Seismic Toss|p2a: i-turn
|-damage|p2a: i-turn|275\/375
|
|-heal|p2a: i-turn|298\/375|[from] item: Leftovers
|turn|8
|
|move|p2a: i-turn|U-turn|p1a: i like girls
|-damage|p1a: i like girls|491\/703
|
|switch|p2a: Moo|Mew|307\/403
|move|p1a: i like girls|Wish|p1a: i like girls
|
|-heal|p2a: Moo|332\/403|[from] item: Leftovers
|turn|9
|c|âoml it's too ez|click charizard already plz
|c|âoml it's too ez|i rly need 2 poo
|
|switch|p1a: i like stabx4's re|Charizard, F|297\/297
|-damage|p1a: i like stabx4's re|149\/297|[from] Stealth Rock
|move|p2a: Moo|Knock Off|p1a: i like stabx4's re
|-damage|p1a: i like stabx4's re|95\/297
|
|-heal|p1a: i like stabx4's re|297\/297|[from] move: Wish|[wisher] i like girls
|-heal|p2a: Moo|357\/403|[from] item: Leftovers
|turn|10
|
|switch|p2a: i-turn|Landorus-Therian, M|298\/375
|-ability|p2a: i-turn|Intimidate|[of] p1a: i like stabx4's re
|-unboost|p1a: i like stabx4's re|atk|1
|detailschange|p1a: i like stabx4's re|Charizard-Mega-X, F
|-mega|p1a: i like stabx4's re|Charizard|Charizardite X
|move|p1a: i like stabx4's re|Dragon Dance|p1a: i like stabx4's re
|-boost|p1a: i like stabx4's re|atk|1
|-boost|p1a: i like stabx4's re|spe|1
|
|-heal|p2a: i-turn|321\/375|[from] item: Leftovers
|turn|11
|
|switch|p1a: i like girls|Doublade, M|321\/321
|-damage|p1a: i like girls|301\/321|[from] Stealth Rock
|move|p2a: i-turn|Earthquake|p1a: i like girls
|-supereffective|p1a: i like girls
|-damage|p1a: i like girls|143\/321
|
|-heal|p2a: i-turn|344\/375|[from] item: Leftovers
|turn|12
|
|move|p2a: i-turn|Earthquake|p1a: i like girls
|-supereffective|p1a: i like girls
|-damage|p1a: i like girls|0 fnt
|faint|p1a: i like girls
|
|-heal|p2a: i-turn|367\/375|[from] item: Leftovers
|
|switch|p1a: i like girls|Keldeo|323\/323
|-damage|p1a: i like girls|303\/323|[from] Stealth Rock
|turn|13
|
|switch|p2a: Moo|Mew|357\/403
|move|p1a: i like girls|Hydro Pump|p2a: Moo
|-damage|p2a: Moo|203\/403
|
|-heal|p2a: Moo|228\/403|[from] item: Leftovers
|turn|14
|
|switch|p1a: i like girls|Chansey, F|491\/703
|-damage|p1a: i like girls|404\/703|[from] Stealth Rock
|move|p2a: Moo|Soft-Boiled|p2a: Moo
|-heal|p2a: Moo|403\/403
|
|turn|15
|
|move|p2a: Moo|Knock Off|p1a: i like girls
|-damage|p1a: i like girls|309\/703
|-enditem|p1a: i like girls|Eviolite|[from] move: Knock Off|[of] p2a: Moo
|move|p1a: i like girls|Soft-Boiled|p1a: i like girls
|-heal|p1a: i like girls|661\/703
|
|turn|16
|
|switch|p2a: He Ran|Heatran, F|385\/385
|move|p1a: i like girls|Thunder Wave|p2a: He Ran
|-status|p2a: He Ran|par
|
|turn|17
|
|move|p1a: i like girls|Wish|p1a: i like girls
|move|p2a: He Ran|Taunt|p1a: i like girls
|-start|p1a: i like girls|move: Taunt
|
|turn|18
|
|switch|p1a: i like girls|Diggersby, M|374\/374
|-damage|p1a: i like girls|351\/374|[from] Stealth Rock
|cant|p2a: He Ran|par
|
|-heal|p1a: i like girls|374\/374|[from] move: Wish|[wisher] i like girls
|turn|19
|c|âDinosaurJumper19|predicted that
|c|âDinosaurJumper19|not hax
|c|âoml it's too ez|i clicked toxic
|
|switch|p2a: i-turn|Landorus-Therian, M|367\/375
|-ability|p2a: i-turn|Intimidate|[of] p1a: i like girls
|-unboost|p1a: i like girls|atk|1
|move|p1a: i like girls|Return|p2a: i-turn
|-damage|p2a: i-turn|229\/375
|
|-heal|p2a: i-turn|252\/375|[from] item: Leftovers
|turn|20
|c|âoml it's too ez|predicted ur keldeo
|c|âoml it's too ez|now i predict ur amoongus :p
|
|move|p1a: i like girls|Return|p2a: i-turn
|-damage|p2a: i-turn|134\/375
|move|p2a: i-turn|Earthquake|p1a: i like girls
|-damage|p1a: i like girls|172\/374
|
|-heal|p2a: i-turn|157\/375|[from] item: Leftovers
|turn|21
|c|âoml it's too ez|btw i luv ur nicknames
|
|switch|p1a: i like girls|Amoonguss, F|432\/432
|-damage|p1a: i like girls|378\/432|[from] Stealth Rock
|move|p2a: i-turn|Earthquake|p1a: i like girls
|-damage|p1a: i like girls|150\/432
|
|-heal|p2a: i-turn|180\/375|[from] item: Leftovers
|-heal|p1a: i like girls|177\/432|[from] item: Leftovers
|turn|22
|join|Razorwolf24
|c|âDinosaurJumper19|omfg
|c|âoml it's too ez|u know
|c|âDinosaurJumper19|i am max hp max speed
|c|âoml it's too ez|if u brought skarm
|c|âDinosaurJumper19|fucking diggersby
|c|âDinosaurJumper19|wtf
|c| Ktothe2|he never brings skarm
|c|âoml it's too ez|LOL
|
|move|p2a: i-turn|Earthquake|p1a: i like girls
|-damage|p1a: i like girls|0 fnt
|faint|p1a: i like girls
|
|-heal|p2a: i-turn|203\/375|[from] item: Leftovers
|c|âDinosaurJumper19|fuck this i would have won
|c|âoml it's too ez|ok
|c| Ktothe2|he traded it to me after the championship game
|
|switch|p1a: i like girls|Keldeo|303\/323
|-damage|p1a: i like girls|283\/323|[from] Stealth Rock
|turn|23
|c|âoml it's too ez|i c
|
|switch|p2a: Moo|Mew|403\/403
|move|p1a: i like girls|Hydro Pump|p2a: Moo
|-damage|p2a: Moo|243\/403
|
|-heal|p2a: Moo|268\/403|[from] item: Leftovers
|turn|24
|
|switch|p2a: Im So Horny|Keldeo-Resolute|323\/323
|move|p1a: i like girls|Hydro Pump|p2a: Im So Horny
|-resisted|p2a: Im So Horny
|-damage|p2a: Im So Horny|224\/323
|
|-heal|p2a: Im So Horny|244\/323|[from] item: Leftovers
|turn|25
|
|move|p1a: i like girls|Hydro Pump|p2a: Im So Horny|[miss]
|-miss|p1a: i like girls|p2a: Im So Horny
|move|p2a: Im So Horny|Calm Mind|p2a: Im So Horny
|-boost|p2a: Im So Horny|spa|1
|-boost|p2a: Im So Horny|spd|1
|
|-heal|p2a: Im So Horny|264\/323|[from] item: Leftovers
|turn|26
|c|âoml it's too ez|sry
|
|move|p1a: i like girls|Hydro Pump|p2a: Im So Horny
|-resisted|p2a: Im So Horny
|-damage|p2a: Im So Horny|191\/323
|move|p2a: Im So Horny|Substitute|p2a: Im So Horny
|-start|p2a: Im So Horny|Substitute
|-damage|p2a: Im So Horny|111\/323
|
|-heal|p2a: Im So Horny|131\/323|[from] item: Leftovers
|turn|27
|
|move|p1a: i like girls|Hydro Pump|p2a: Im So Horny
|-resisted|p2a: Im So Horny
|-activate|p2a: Im So Horny|Substitute|[damage]
|move|p2a: Im So Horny|Calm Mind|p2a: Im So Horny
|-boost|p2a: Im So Horny|spa|1
|-boost|p2a: Im So Horny|spd|1
|
|-heal|p2a: Im So Horny|151\/323|[from] item: Leftovers
|turn|28
|
|move|p1a: i like girls|Hydro Pump|p2a: Im So Horny
|-resisted|p2a: Im So Horny
|-end|p2a: Im So Horny|Substitute
|move|p2a: Im So Horny|Substitute|p2a: Im So Horny
|-start|p2a: Im So Horny|Substitute
|-damage|p2a: Im So Horny|71\/323
|
|-heal|p2a: Im So Horny|91\/323|[from] item: Leftovers
|turn|29
|
|switch|p1a: i like girls|Chansey, F|661\/703
|-damage|p1a: i like girls|574\/703|[from] Stealth Rock
|move|p2a: Im So Horny|Secret Sword|p1a: i like girls
|-supereffective|p1a: i like girls
|-damage|p1a: i like girls|0 fnt
|faint|p1a: i like girls
|
|-heal|p2a: Im So Horny|111\/323|[from] item: Leftovers
|c|âoml it's too ez|gg [:
|-message|DinosaurJumper19 forfeited.
|
|win|oml it's too ez
|leave|DinosaurJumper19
|player|p1
|leave|bigfatliar
|leave|oml it's too ez
|leave|awiec
|player|p2
|leave|Codename Rebbecca
|leave|Razorwolf24
|join|oml it's too ez
|leave|F U BP
|join|Razorwolf24
|leave|Razorwolf24
|leave|Ktothe2
|leave|Trev the king
|join|bigfatliar