|join|oml it's too ez
|join|GreenTax
|player|p1|oml it's too ez|9
|player|p2|GreenTax|101
|gametype|singles
|gen|6
|tier|OU
|rated
|clearpoke
|poke|p1|Garchomp, M
|poke|p1|Slowbro, M
|poke|p1|Clefable, F
|poke|p1|Heatran, F
|poke|p1|Tornadus-Therian, M
|poke|p1|Amoonguss, F
|poke|p2|Scizor, F, shiny
|poke|p2|Mew
|poke|p2|Zapdos
|poke|p2|Gengar, M
|poke|p2|Gothitelle, F
|poke|p2|Talonflame, F
|rule|Swagger Clause: Swagger is banned
|rule|Baton Pass Clause: Limit one PokÃ©mon knowing Baton Pass
|rule|Sleep Clause Mod: Limit one foe put to sleep
|rule|Species Clause: Limit one of each PokÃ©mon
|rule|OHKO Clause: OHKO moves are banned
|rule|Moody Clause: Moody is banned
|rule|Evasion Moves Clause: Evasion moves are banned
|rule|Endless Battle Clause: Forcing endless battles is banned
|rule|HP Percentage Mod: HP is shown in percentages
|teampreview
|
|start
|switch|p1a: Tornadus-Therian|Tornadus-Therian, M|299\/299
|switch|p2a: Talonflame|Talonflame, F|360\/360
|turn|1
|
|switch|p1a: Garchomp|Garchomp, M|420\/420
|move|p2a: Talonflame|Roost|p2a: Talonflame
|-fail|p2a: Talonflame
|
|turn|2
|
|move|p2a: Talonflame|Will-O-Wisp|p1a: Garchomp
|-status|p1a: Garchomp|brn
|move|p1a: Garchomp|Stealth Rock|p2a: Talonflame
|-sidestart|p2: GreenTax|move: Stealth Rock
|
|-damage|p1a: Garchomp|368\/420 brn|[from] brn
|turn|3
|
|switch|p1a: Heatran|Heatran, F|384\/384
|move|p2a: Talonflame|Swords Dance|p2a: Talonflame
|-boost|p2a: Talonflame|atk|2
|
|turn|4
|
|switch|p2a: Gothitelle|Gothitelle, F|344\/344
|-damage|p2a: Gothitelle|301\/344|[from] Stealth Rock
|move|p1a: Heatran|Toxic|p2a: Gothitelle|[miss]
|-miss|p1a: Heatran|p2a: Gothitelle
|
|turn|5
|
|move|p2a: Gothitelle|Trick|p1a: Heatran
|-activate|p2a: Gothitelle|move: Trick|[of] p1a: Heatran
|-item|p1a: Heatran|Choice Scarf|[from] move: Trick
|-item|p2a: Gothitelle|Leftovers|[from] move: Trick
|move|p1a: Heatran|Taunt|p2a: Gothitelle
|-start|p2a: Gothitelle|move: Taunt
|
|-heal|p2a: Gothitelle|322\/344|[from] item: Leftovers
|turn|6
|
|move|p1a: Heatran|Taunt|p2a: Gothitelle
|-fail|p2a: Gothitelle
|move|p2a: Gothitelle|Psyshock|p1a: Heatran
|-resisted|p1a: Heatran
|-damage|p1a: Heatran|339\/384
|
|-heal|p2a: Gothitelle|343\/344|[from] item: Leftovers
|turn|7
|
|move|p1a: Heatran|Taunt|p2a: Gothitelle
|-fail|p2a: Gothitelle
|move|p2a: Gothitelle|Psyshock|p1a: Heatran
|-resisted|p1a: Heatran
|-damage|p1a: Heatran|294\/384
|
|-heal|p2a: Gothitelle|344\/344|[from] item: Leftovers
|turn|8
|
|move|p1a: Heatran|Taunt|p2a: Gothitelle
|-fail|p2a: Gothitelle
|move|p2a: Gothitelle|Psyshock|p1a: Heatran
|-resisted|p1a: Heatran
|-damage|p1a: Heatran|252\/384
|
|-end|p2a: Gothitelle|move: Taunt
|turn|9
|
|move|p1a: Heatran|Taunt|p2a: Gothitelle
|-start|p2a: Gothitelle|move: Taunt
|move|p2a: Gothitelle|Psyshock|p1a: Heatran
|-resisted|p1a: Heatran
|-damage|p1a: Heatran|213\/384
|
|turn|10
|
|move|p1a: Heatran|Taunt|p2a: Gothitelle
|-fail|p2a: Gothitelle
|move|p2a: Gothitelle|Psyshock|p1a: Heatran
|-resisted|p1a: Heatran
|-damage|p1a: Heatran|173\/384
|
|turn|11
|
|move|p1a: Heatran|Taunt|p2a: Gothitelle
|-fail|p2a: Gothitelle
|move|p2a: Gothitelle|Psyshock|p1a: Heatran
|-resisted|p1a: Heatran
|-damage|p1a: Heatran|133\/384
|
|-end|p2a: Gothitelle|move: Taunt
|turn|12
|
|move|p1a: Heatran|Taunt|p2a: Gothitelle
|-start|p2a: Gothitelle|move: Taunt
|move|p2a: Gothitelle|Psyshock|p1a: Heatran
|-resisted|p1a: Heatran
|-damage|p1a: Heatran|88\/384
|
|turn|13
|
|move|p1a: Heatran|Taunt|p2a: Gothitelle
|-fail|p2a: Gothitelle
|move|p2a: Gothitelle|Psyshock|p1a: Heatran
|-resisted|p1a: Heatran
|-damage|p1a: Heatran|43\/384
|
|turn|14
|
|move|p1a: Heatran|Taunt|p2a: Gothitelle
|-fail|p2a: Gothitelle
|move|p2a: Gothitelle|Psyshock|p1a: Heatran
|-resisted|p1a: Heatran
|-damage|p1a: Heatran|1\/384
|
|-end|p2a: Gothitelle|move: Taunt
|turn|15
|
|switch|p2a: Scizor|Scizor, F, shiny|337\/337
|-damage|p2a: Scizor|295\/337|[from] Stealth Rock
|move|p1a: Heatran|Taunt|p2a: Scizor
|-start|p2a: Scizor|move: Taunt
|
|turn|16
|
|detailschange|p2a: Scizor|Scizor-Mega, F, shiny
|-mega|p2a: Scizor|Scizor|Scizorite
|move|p1a: Heatran|Taunt|p2a: Scizor
|-fail|p2a: Scizor
|move|p2a: Scizor|U-turn|p1a: Heatran
|-resisted|p1a: Heatran
|-damage|p1a: Heatran|0 fnt
|faint|p1a: Heatran
|
|switch|p2a: Mew|Mew|404\/404
|-damage|p2a: Mew|354\/404|[from] Stealth Rock
|
|-heal|p2a: Mew|379\/404|[from] item: Leftovers
|
|switch|p1a: Tornadus-Therian|Tornadus-Therian, M|299\/299
|turn|17
|
|move|p1a: Tornadus-Therian|Taunt|p2a: Mew
|-start|p2a: Mew|move: Taunt
|cant|p2a: Mew|move: Taunt|Stealth Rock
|
|-heal|p2a: Mew|404\/404|[from] item: Leftovers
|turn|18
|
|move|p1a: Tornadus-Therian|Knock Off|p2a: Mew
|-supereffective|p2a: Mew
|-damage|p2a: Mew|201\/404
|-enditem|p2a: Mew|Leftovers|[from] move: Knock Off|[of] p1a: Tornadus-Therian
|-damage|p1a: Tornadus-Therian|270\/299|[from] item: Life Orb
|move|p2a: Mew|U-turn|p1a: Tornadus-Therian
|-resisted|p1a: Tornadus-Therian
|-damage|p1a: Tornadus-Therian|236\/299
|
|switch|p2a: Scizor|Scizor-Mega, F, shiny|295\/337
|-damage|p2a: Scizor|253\/337|[from] Stealth Rock
|
|turn|19
|
|switch|p1a: Amoonguss|Amoonguss, F|431\/431
|move|p2a: Scizor|Swords Dance|p2a: Scizor
|-boost|p2a: Scizor|atk|2
|
|turn|20
|
|move|p2a: Scizor|U-turn|p1a: Amoonguss
|-damage|p1a: Amoonguss|223\/431
|
|switch|p2a: Mew|Mew|201\/404
|-damage|p2a: Mew|151\/404|[from] Stealth Rock
|move|p1a: Amoonguss|Spore|p2a: Mew
|-status|p2a: Mew|slp
|
|-heal|p1a: Amoonguss|249\/431|[from] item: Black Sludge
|turn|21
|
|switch|p2a: Gothitelle|Gothitelle, F|344\/344
|-damage|p2a: Gothitelle|301\/344|[from] Stealth Rock
|switch|p1a: Tornadus-Therian|Tornadus-Therian, M|299\/299
|
|-heal|p2a: Gothitelle|322\/344|[from] item: Leftovers
|turn|22
|
|switch|p2a: Scizor|Scizor-Mega, F, shiny|253\/337
|-damage|p2a: Scizor|211\/337|[from] Stealth Rock
|move|p1a: Tornadus-Therian|Knock Off|p2a: Scizor
|-crit|p2a: Scizor
|-damage|p2a: Scizor|146\/337
|-damage|p1a: Tornadus-Therian|270\/299|[from] item: Life Orb
|
|turn|23
|
|move|p1a: Tornadus-Therian|Hurricane|p2a: Scizor
|-damage|p2a: Scizor|0 fnt
|-damage|p1a: Tornadus-Therian|241\/299|[from] item: Life Orb
|faint|p2a: Scizor
|
|
|switch|p2a: Zapdos|Zapdos|371\/371
|-damage|p2a: Zapdos|279\/371|[from] Stealth Rock
|-ability|p2a: Zapdos|Pressure
|turn|24
|
|switch|p1a: Clefable|Clefable, F|394\/394
|move|p2a: Zapdos|Defog|p1a: Clefable
|-unboost|p1a: Clefable|evasion|1
|-sideend|p2: GreenTax|Stealth Rock|[from] move: Defog|[of] p2a: Zapdos
|
|-heal|p2a: Zapdos|302\/371|[from] item: Leftovers
|turn|25
|
|switch|p2a: Gengar|Gengar, M|262\/262
|move|p1a: Clefable|Heal Bell|p1a: Clefable
|-cureteam|p1a: Clefable|[from] move: HealBell
|
|turn|26
|
|switch|p1a: Amoonguss|Amoonguss, F|392\/431
|move|p2a: Gengar|Shadow Ball|p1a: Amoonguss
|-damage|p1a: Amoonguss|113\/431
|
|-heal|p1a: Amoonguss|139\/431|[from] item: Black Sludge
|turn|27
|
|move|p2a: Gengar|Shadow Ball|p1a: Amoonguss
|-damage|p1a: Amoonguss|0 fnt
|faint|p1a: Amoonguss
|
|
|switch|p1a: Tornadus-Therian|Tornadus-Therian, M|299\/299
|turn|28
|
|switch|p2a: Mew|Mew|151\/404 slp
|move|p1a: Tornadus-Therian|Knock Off|p2a: Mew
|-supereffective|p2a: Mew
|-damage|p2a: Mew|11\/404 slp
|-damage|p1a: Tornadus-Therian|270\/299|[from] item: Life Orb
|
|turn|29
|
|move|p1a: Tornadus-Therian|Knock Off|p2a: Mew
|-supereffective|p2a: Mew
|-damage|p2a: Mew|0 fnt
|-damage|p1a: Tornadus-Therian|241\/299|[from] item: Life Orb
|faint|p2a: Mew
|
|
|switch|p2a: Zapdos|Zapdos|302\/371
|-ability|p2a: Zapdos|Pressure
|turn|30
|
|switch|p1a: Garchomp|Garchomp, M|368\/420
|move|p2a: Zapdos|Heat Wave|p1a: Garchomp
|-resisted|p1a: Garchomp
|-damage|p1a: Garchomp|315\/420
|
|-heal|p2a: Zapdos|325\/371|[from] item: Leftovers
|turn|31
|
|switch|p2a: Talonflame|Talonflame, F|360\/360
|move|p1a: Garchomp|Stealth Rock|p2a: Talonflame
|-sidestart|p2: GreenTax|move: Stealth Rock
|
|turn|32
|
|switch|p1a: Slowbro|Slowbro, M|393\/393
|move|p2a: Talonflame|Will-O-Wisp|p1a: Slowbro
|-status|p1a: Slowbro|brn
|
|-damage|p1a: Slowbro|344\/393 brn|[from] brn
|turn|33
|
|move|p2a: Talonflame|Swords Dance|p2a: Talonflame
|-boost|p2a: Talonflame|atk|2
|move|p1a: Slowbro|Scald|p2a: Talonflame
|-supereffective|p2a: Talonflame
|-damage|p2a: Talonflame|202\/360
|
|-heal|p2a: Talonflame|224\/360|[from] item: Leftovers
|-damage|p1a: Slowbro|295\/393 brn|[from] brn
|turn|34
|
|detailschange|p1a: Slowbro|Slowbro-Mega, M
|-mega|p1a: Slowbro|Slowbro|Slowbronite
|move|p2a: Talonflame|Swords Dance|p2a: Talonflame
|-boost|p2a: Talonflame|atk|2
|move|p1a: Slowbro|Scald|p2a: Talonflame
|-supereffective|p2a: Talonflame
|-damage|p2a: Talonflame|24\/360
|
|-heal|p2a: Talonflame|46\/360|[from] item: Leftovers
|-damage|p1a: Slowbro|246\/393 brn|[from] brn
|turn|35
|
|move|p2a: Talonflame|Roost|p2a: Talonflame
|-heal|p2a: Talonflame|226\/360
|move|p1a: Slowbro|Slack Off|p1a: Slowbro
|-heal|p1a: Slowbro|393\/393 brn
|
|-heal|p2a: Talonflame|248\/360|[from] item: Leftovers
|-damage|p1a: Slowbro|344\/393 brn|[from] brn
|turn|36
|
|move|p2a: Talonflame|Roost|p2a: Talonflame
|-heal|p2a: Talonflame|360\/360
|move|p1a: Slowbro|Calm Mind|p1a: Slowbro
|-boost|p1a: Slowbro|spa|1
|-boost|p1a: Slowbro|spd|1
|
|-damage|p1a: Slowbro|295\/393 brn|[from] brn
|turn|37
|
|move|p2a: Talonflame|Brave Bird|p1a: Slowbro
|-damage|p1a: Slowbro|124\/393 brn
|-damage|p2a: Talonflame|304\/360|[from] recoil|[of] p1a: Slowbro
|move|p1a: Slowbro|Scald|p2a: Talonflame
|-supereffective|p2a: Talonflame
|-damage|p2a: Talonflame|0 fnt
|faint|p2a: Talonflame
|
|-damage|p1a: Slowbro|75\/393 brn|[from] brn
|
|switch|p2a: Gengar|Gengar, M|262\/262
|-damage|p2a: Gengar|230\/262|[from] Stealth Rock
|turn|38
|
|move|p2a: Gengar|Shadow Ball|p1a: Slowbro
|-supereffective|p1a: Slowbro
|-damage|p1a: Slowbro|0 fnt
|faint|p1a: Slowbro
|
|
|switch|p1a: Tornadus-Therian|Tornadus-Therian, M|299\/299
|turn|39
|
|switch|p2a: Gothitelle|Gothitelle, F|322\/344
|-damage|p2a: Gothitelle|279\/344|[from] Stealth Rock
|move|p1a: Tornadus-Therian|Knock Off|p2a: Gothitelle
|-supereffective|p2a: Gothitelle
|-damage|p2a: Gothitelle|42\/344
|-enditem|p2a: Gothitelle|Leftovers|[from] move: Knock Off|[of] p1a: Tornadus-Therian
|-damage|p1a: Tornadus-Therian|270\/299|[from] item: Life Orb
|
|turn|40
|
|move|p1a: Tornadus-Therian|Knock Off|p2a: Gothitelle
|-supereffective|p2a: Gothitelle
|-damage|p2a: Gothitelle|0 fnt
|-damage|p1a: Tornadus-Therian|241\/299|[from] item: Life Orb
|faint|p2a: Gothitelle
|
|
|switch|p2a: Zapdos|Zapdos|325\/371
|-damage|p2a: Zapdos|233\/371|[from] Stealth Rock
|-ability|p2a: Zapdos|Pressure
|turn|41
|
|switch|p1a: Garchomp|Garchomp, M|315\/420
|move|p2a: Zapdos|Roost|p2a: Zapdos
|-heal|p2a: Zapdos|371\/371
|
|turn|42
|
|move|p1a: Garchomp|Toxic|p2a: Zapdos
|-status|p2a: Zapdos|tox
|move|p2a: Zapdos|Heat Wave|p1a: Garchomp
|-resisted|p1a: Garchomp
|-damage|p1a: Garchomp|264\/420
|
|-damage|p2a: Zapdos|348\/371 tox|[from] psn
|turn|43
|
|move|p1a: Garchomp|Dragon Claw|p2a: Zapdos
|-damage|p2a: Zapdos|249\/371 tox
|move|p2a: Zapdos|Defog|p1a: Garchomp
|-unboost|p1a: Garchomp|evasion|1
|-sideend|p2: GreenTax|Stealth Rock|[from] move: Defog|[of] p2a: Zapdos
|
|-heal|p2a: Zapdos|272\/371 tox|[from] item: Leftovers
|-damage|p2a: Zapdos|226\/371 tox|[from] psn
|turn|44
|
|move|p1a: Garchomp|Stealth Rock|p2a: Zapdos
|-sidestart|p2: GreenTax|move: Stealth Rock
|move|p2a: Zapdos|Heat Wave|p1a: Garchomp
|-resisted|p1a: Garchomp
|-damage|p1a: Garchomp|214\/420
|
|-heal|p2a: Zapdos|249\/371 tox|[from] item: Leftovers
|-damage|p2a: Zapdos|180\/371 tox|[from] psn
|turn|45
|
|switch|p1a: Clefable|Clefable, F|394\/394
|move|p2a: Zapdos|Roost|p2a: Zapdos
|-heal|p2a: Zapdos|366\/371 tox
|
|-heal|p2a: Zapdos|371\/371 tox|[from] item: Leftovers
|-damage|p2a: Zapdos|279\/371 tox|[from] psn
|turn|46
|
|switch|p2a: Gengar|Gengar, M|230\/262
|-damage|p2a: Gengar|198\/262|[from] Stealth Rock
|move|p1a: Clefable|Wish|p1a: Clefable
|
|turn|47
|
|switch|p1a: Garchomp|Garchomp, M|214\/420
|move|p2a: Gengar|Shadow Ball|p1a: Garchomp
|-damage|p1a: Garchomp|0 fnt
|faint|p1a: Garchomp
|
|
|switch|p1a: Tornadus-Therian|Tornadus-Therian, M|299\/299
|turn|48
|
|switch|p2a: Zapdos|Zapdos|279\/371 tox
|-damage|p2a: Zapdos|187\/371 tox|[from] Stealth Rock
|-ability|p2a: Zapdos|Pressure
|move|p1a: Tornadus-Therian|Knock Off|p2a: Zapdos
|-damage|p2a: Zapdos|106\/371 tox
|-enditem|p2a: Zapdos|Leftovers|[from] move: Knock Off|[of] p1a: Tornadus-Therian
|-damage|p1a: Tornadus-Therian|270\/299|[from] item: Life Orb
|
|-damage|p2a: Zapdos|83\/371 tox|[from] psn
|turn|49
|
|switch|p1a: Clefable|Clefable, F|394\/394
|move|p2a: Zapdos|Thunderbolt|p1a: Clefable
|-damage|p1a: Clefable|253\/394
|
|-heal|p1a: Clefable|277\/394|[from] item: Leftovers
|-damage|p2a: Zapdos|37\/371 tox|[from] psn
|turn|50
|
|move|p2a: Zapdos|Roost|p2a: Zapdos
|-heal|p2a: Zapdos|223\/371 tox
|move|p1a: Clefable|Wish|p1a: Clefable
|
|-heal|p1a: Clefable|301\/394|[from] item: Leftovers
|-damage|p2a: Zapdos|154\/371 tox|[from] psn
|turn|51
|
|move|p2a: Zapdos|Roost|p2a: Zapdos
|-heal|p2a: Zapdos|340\/371 tox
|move|p1a: Clefable|Moonblast|p2a: Zapdos
|-damage|p2a: Zapdos|225\/371 tox
|
|-heal|p1a: Clefable|394\/394|[from] move: Wish|[wisher] Clefable
|-damage|p2a: Zapdos|133\/371 tox|[from] psn
|turn|52
|
|switch|p2a: Gengar|Gengar, M|198\/262
|-damage|p2a: Gengar|166\/262|[from] Stealth Rock
|move|p1a: Clefable|Moonblast|p2a: Gengar
|-resisted|p2a: Gengar
|-damage|p2a: Gengar|97\/262
|
|turn|53
|
|move|p2a: Gengar|Sludge Wave|p1a: Clefable
|-supereffective|p1a: Clefable
|-damage|p1a: Clefable|0 fnt
|faint|p1a: Clefable
|
|
|switch|p1a: Tornadus-Therian|Tornadus-Therian, M|299\/299
|turn|54
|
|move|p1a: Tornadus-Therian|Knock Off|p2a: Gengar
|-supereffective|p2a: Gengar
|-damage|p2a: Gengar|0 fnt
|-enditem|p2a: Gengar|Choice Specs|[from] move: Knock Off|[of] p1a: Tornadus-Therian
|-damage|p1a: Tornadus-Therian|270\/299|[from] item: Life Orb
|faint|p2a: Gengar
|
|
|switch|p2a: Zapdos|Zapdos|133\/371 tox
|-damage|p2a: Zapdos|41\/371 tox|[from] Stealth Rock
|-ability|p2a: Zapdos|Pressure
|turn|55
|
|move|p1a: Tornadus-Therian|Knock Off|p2a: Zapdos
|-damage|p2a: Zapdos|0 fnt
|-damage|p1a: Tornadus-Therian|241\/299|[from] item: Life Orb
|faint|p2a: Zapdos
|
|win|oml it's too ez
|raw|Ladder updating...
|raw|oml it&apos;s too ez's rating: 1567 &rarr; <strong>1590<\/strong><br \/>(+23 for winning)
|raw|GreenTax's rating: 1606 &rarr; <strong>1584<\/strong><br \/>(-22 for losing)
|c|âGreenTax|gg
|c|âoml it's too ez|gg
|leave|GreenTax
|player|p2