|join|lightschampion
|join|oml it's too ez
|player|p1|lightschampion|238
|player|p2|oml it's too ez|9
|gametype|singles
|gen|6
|tier|OU
|rated
|clearpoke
|poke|p1|Lopunny, M
|poke|p1|Landorus-Therian, M
|poke|p1|Rotom-Wash
|poke|p1|Slowbro, M
|poke|p1|Ferrothorn, M
|poke|p1|Talonflame, F
|poke|p2|Garchomp, F
|poke|p2|Slowbro, F
|poke|p2|Clefable, M
|poke|p2|Heatran, M
|poke|p2|Tornadus-Therian, M
|poke|p2|Amoonguss, M
|rule|Swagger Clause: Swagger is banned
|rule|Baton Pass Clause: Limit one PokÃ©mon knowing Baton Pass
|rule|Sleep Clause Mod: Limit one foe put to sleep
|rule|Species Clause: Limit one of each PokÃ©mon
|rule|OHKO Clause: OHKO moves are banned
|rule|Moody Clause: Moody is banned
|rule|Evasion Moves Clause: Evasion moves are banned
|rule|Endless Battle Clause: Forcing endless battles is banned
|rule|HP Percentage Mod: HP is shown in percentages
|teampreview
|
|start
|switch|p1a: Rotom-Wash|Rotom-Wash|304\/304
|switch|p2a: Garchomp|Garchomp, F|420\/420
|turn|1
|
|move|p2a: Garchomp|Stealth Rock|p1a: Rotom-Wash
|-sidestart|p1: lightschampion|move: Stealth Rock
|move|p1a: Rotom-Wash|Will-O-Wisp|p2a: Garchomp
|-status|p2a: Garchomp|brn
|
|-damage|p2a: Garchomp|368\/420 brn|[from] brn
|turn|2
|
|move|p2a: Garchomp|Toxic|p1a: Rotom-Wash
|-status|p1a: Rotom-Wash|tox
|move|p1a: Rotom-Wash|Light Screen|p1a: Rotom-Wash
|-sidestart|p1: lightschampion|move: Light Screen
|
|-damage|p2a: Garchomp|316\/420 brn|[from] brn
|-damage|p1a: Rotom-Wash|285\/304 tox|[from] psn
|turn|3
|
|switch|p2a: Clefable|Clefable, M|393\/393
|move|p1a: Rotom-Wash|Hydro Pump|p2a: Clefable|[miss]
|-miss|p1a: Rotom-Wash|p2a: Clefable
|
|-heal|p1a: Rotom-Wash|304\/304 tox|[from] item: Leftovers
|-damage|p1a: Rotom-Wash|266\/304 tox|[from] psn
|turn|4
|
|move|p1a: Rotom-Wash|Volt Switch|p2a: Clefable
|-damage|p2a: Clefable|302\/393
|
|switch|p1a: Ferrothorn|Ferrothorn, M|352\/352
|-damage|p1a: Ferrothorn|330\/352|[from] Stealth Rock
|move|p2a: Clefable|Heal Bell|p2a: Clefable
|-cureteam|p2a: Clefable|[from] move: HealBell
|
|-heal|p2a: Clefable|326\/393|[from] item: Leftovers
|turn|5
|
|switch|p2a: Heatran|Heatran, M|384\/384
|move|p1a: Ferrothorn|Stealth Rock|p2a: Heatran
|-sidestart|p2: oml it's too ez|move: Stealth Rock
|
|turn|6
|
|switch|p1a: Slowbro|Slowbro, M|394\/394
|-damage|p1a: Slowbro|345\/394|[from] Stealth Rock
|move|p2a: Heatran|Lava Plume|p1a: Slowbro
|-resisted|p1a: Slowbro
|-damage|p1a: Slowbro|310\/394
|
|-heal|p1a: Slowbro|334\/394|[from] item: Leftovers
|-sideend|p1: lightschampion|move: Light Screen
|turn|7
|
|move|p2a: Heatran|Toxic|p1a: Slowbro
|-status|p1a: Slowbro|tox
|move|p1a: Slowbro|Scald|p2a: Heatran
|-supereffective|p2a: Heatran
|-damage|p2a: Heatran|262\/384
|
|-heal|p2a: Heatran|286\/384|[from] item: Leftovers
|-heal|p1a: Slowbro|358\/394 tox|[from] item: Leftovers
|-damage|p1a: Slowbro|334\/394 tox|[from] psn
|turn|8
|
|move|p2a: Heatran|Protect|p2a: Heatran
|-singleturn|p2a: Heatran|Protect
|move|p1a: Slowbro|Scald|p2a: Heatran
|-activate|p2a: Heatran|Protect
|
|-heal|p2a: Heatran|310\/384|[from] item: Leftovers
|-heal|p1a: Slowbro|358\/394 tox|[from] item: Leftovers
|-damage|p1a: Slowbro|310\/394 tox|[from] psn
|turn|9
|
|switch|p2a: Slowbro|Slowbro, F|393\/393
|-damage|p2a: Slowbro|344\/393|[from] Stealth Rock
|move|p1a: Slowbro|Scald|p2a: Slowbro
|-resisted|p2a: Slowbro
|-damage|p2a: Slowbro|288\/393
|
|-heal|p1a: Slowbro|334\/394 tox|[from] item: Leftovers
|-damage|p1a: Slowbro|262\/394 tox|[from] psn
|turn|10
|
|detailschange|p2a: Slowbro|Slowbro-Mega, F
|-mega|p2a: Slowbro|Slowbro|Slowbronite
|move|p2a: Slowbro|Calm Mind|p2a: Slowbro
|-boost|p2a: Slowbro|spa|1
|-boost|p2a: Slowbro|spd|1
|move|p1a: Slowbro|Toxic|p2a: Slowbro
|-status|p2a: Slowbro|tox
|
|-heal|p1a: Slowbro|286\/394 tox|[from] item: Leftovers
|-damage|p2a: Slowbro|264\/393 tox|[from] psn
|-damage|p1a: Slowbro|190\/394 tox|[from] psn
|turn|11
|
|switch|p1a: Lopunny|Lopunny, M|271\/271
|-damage|p1a: Lopunny|238\/271|[from] Stealth Rock
|move|p2a: Slowbro|Scald|p1a: Lopunny
|-damage|p1a: Lopunny|69\/271
|-status|p1a: Lopunny|brn
|
|-damage|p1a: Lopunny|36\/271 brn|[from] brn
|-damage|p2a: Slowbro|216\/393 tox|[from] psn
|turn|12
|
|switch|p2a: Amoonguss|Amoonguss, M|432\/432
|-damage|p2a: Amoonguss|378\/432|[from] Stealth Rock
|detailschange|p1a: Lopunny|Lopunny-Mega, M
|-mega|p1a: Lopunny|Lopunny|Lopunnite
|move|p1a: Lopunny|Fake Out|p2a: Amoonguss
|-damage|p2a: Amoonguss|342\/432
|
|-heal|p2a: Amoonguss|369\/432|[from] item: Black Sludge
|-damage|p1a: Lopunny|3\/271 brn|[from] brn
|turn|13
|
|move|p1a: Lopunny|Ice Punch|p2a: Amoonguss
|-supereffective|p2a: Amoonguss
|-damage|p2a: Amoonguss|277\/432
|-status|p2a: Amoonguss|frz
|cant|p2a: Amoonguss|frz
|
|-heal|p2a: Amoonguss|304\/432 frz|[from] item: Black Sludge
|-damage|p1a: Lopunny|0 fnt|[from] brn
|faint|p1a: Lopunny
|
|switch|p1a: Talonflame|Talonflame, F|360\/360
|-damage|p1a: Talonflame|180\/360|[from] Stealth Rock
|turn|14
|
|switch|p2a: Garchomp|Garchomp, F|316\/420
|-damage|p2a: Garchomp|290\/420|[from] Stealth Rock
|move|p1a: Talonflame|Swords Dance|p1a: Talonflame
|-boost|p1a: Talonflame|atk|2
|
|turn|15
|
|move|p1a: Talonflame|Brave Bird|p2a: Garchomp
|-damage|p2a: Garchomp|0 fnt
|-damage|p1a: Talonflame|135\/360|[from] ability: Rough Skin|[of] p2a: Garchomp
|-damage|p1a: Talonflame|75\/360|[from] item: Rocky Helmet|[of] p2a: Garchomp
|-damage|p1a: Talonflame|0 fnt|[from] recoil|[of] p2a: Garchomp
|faint|p2a: Garchomp
|faint|p1a: Talonflame
|
|
|switch|p1a: Rotom-Wash|Rotom-Wash|266\/304 tox
|switch|p2a: Clefable|Clefable, M|326\/393
|-damage|p1a: Rotom-Wash|228\/304 tox|[from] Stealth Rock
|-damage|p2a: Clefable|277\/393|[from] Stealth Rock
|turn|16
|
|move|p1a: Rotom-Wash|Volt Switch|p2a: Clefable
|-damage|p2a: Clefable|180\/393
|
|switch|p1a: Landorus-Therian|Landorus-Therian, M|320\/320
|-damage|p1a: Landorus-Therian|280\/320|[from] Stealth Rock
|-ability|p1a: Landorus-Therian|Intimidate|[of] p2a: Clefable
|-unboost|p2a: Clefable|atk|1
|move|p2a: Clefable|Heal Bell|p2a: Clefable
|-cureteam|p2a: Clefable|[from] move: HealBell
|
|-heal|p1a: Landorus-Therian|300\/320|[from] item: Leftovers
|-heal|p2a: Clefable|204\/393|[from] item: Leftovers
|turn|17
|
|move|p2a: Clefable|Protect|p2a: Clefable
|-singleturn|p2a: Clefable|Protect
|move|p1a: Landorus-Therian|Knock Off|p2a: Clefable
|-activate|p2a: Clefable|Protect
|
|-heal|p1a: Landorus-Therian|320\/320|[from] item: Leftovers
|-heal|p2a: Clefable|228\/393|[from] item: Leftovers
|turn|18
|
|switch|p2a: Amoonguss|Amoonguss, M|432\/432
|-damage|p2a: Amoonguss|378\/432|[from] Stealth Rock
|move|p1a: Landorus-Therian|Earthquake|p2a: Amoonguss
|-damage|p2a: Amoonguss|189\/432
|
|-heal|p2a: Amoonguss|216\/432|[from] item: Black Sludge
|turn|19
|
|move|p1a: Landorus-Therian|U-turn|p2a: Amoonguss
|-crit|p2a: Amoonguss
|-damage|p2a: Amoonguss|76\/432
|
|switch|p1a: Ferrothorn|Ferrothorn, M|330\/352
|-damage|p1a: Ferrothorn|308\/352|[from] Stealth Rock
|move|p2a: Amoonguss|Hidden Power|p1a: Ferrothorn
|-supereffective|p1a: Ferrothorn
|-damage|p1a: Ferrothorn|204\/352
|
|-heal|p2a: Amoonguss|103\/432|[from] item: Black Sludge
|turn|20
|
|switch|p2a: Heatran|Heatran, M|310\/384
|-damage|p2a: Heatran|262\/384|[from] Stealth Rock
|move|p1a: Ferrothorn|Thunder Wave|p2a: Heatran
|-status|p2a: Heatran|par
|
|-heal|p2a: Heatran|286\/384 par|[from] item: Leftovers
|turn|21
|
|switch|p1a: Slowbro|Slowbro, M|321\/394 tox
|-damage|p1a: Slowbro|272\/394 tox|[from] Stealth Rock
|move|p2a: Heatran|Taunt|p1a: Slowbro
|-start|p1a: Slowbro|move: Taunt
|
|-heal|p1a: Slowbro|296\/394 tox|[from] item: Leftovers
|-heal|p2a: Heatran|310\/384 par|[from] item: Leftovers
|-damage|p1a: Slowbro|272\/394 tox|[from] psn
|turn|22
|
|switch|p2a: Slowbro|Slowbro-Mega, F|216\/393
|-damage|p2a: Slowbro|167\/393|[from] Stealth Rock
|move|p1a: Slowbro|Scald|p2a: Slowbro
|-resisted|p2a: Slowbro
|-damage|p2a: Slowbro|109\/393
|
|-heal|p1a: Slowbro|296\/394 tox|[from] item: Leftovers
|-damage|p1a: Slowbro|248\/394 tox|[from] psn
|turn|23
|
|switch|p1a: Ferrothorn|Ferrothorn, M|204\/352
|-damage|p1a: Ferrothorn|182\/352|[from] Stealth Rock
|move|p2a: Slowbro|Slack Off|p2a: Slowbro
|-heal|p2a: Slowbro|306\/393
|
|turn|24
|
|move|p2a: Slowbro|Scald|p1a: Ferrothorn
|-resisted|p1a: Ferrothorn
|-damage|p1a: Ferrothorn|142\/352
|move|p1a: Ferrothorn|Thunder Wave|p2a: Slowbro
|-status|p2a: Slowbro|par
|
|turn|25
|
|move|p1a: Ferrothorn|Power Whip|p2a: Slowbro
|-supereffective|p2a: Slowbro
|-damage|p2a: Slowbro|172\/393 par
|move|p2a: Slowbro|Scald|p1a: Ferrothorn
|-resisted|p1a: Ferrothorn
|-damage|p1a: Ferrothorn|104\/352
|-status|p1a: Ferrothorn|brn
|
|-damage|p1a: Ferrothorn|60\/352 brn|[from] brn
|turn|26
|
|move|p1a: Ferrothorn|Power Whip|p2a: Slowbro
|-supereffective|p2a: Slowbro
|-damage|p2a: Slowbro|106\/393 par
|move|p2a: Slowbro|Slack Off|p2a: Slowbro
|-heal|p2a: Slowbro|303\/393 par
|
|-damage|p1a: Ferrothorn|16\/352 brn|[from] brn
|turn|27
|
|move|p1a: Ferrothorn|Power Whip|p2a: Slowbro
|-supereffective|p2a: Slowbro
|-damage|p2a: Slowbro|241\/393 par
|move|p2a: Slowbro|Calm Mind|p2a: Slowbro
|-boost|p2a: Slowbro|spa|1
|-boost|p2a: Slowbro|spd|1
|
|-damage|p1a: Ferrothorn|0 fnt|[from] brn
|faint|p1a: Ferrothorn
|
|switch|p1a: Landorus-Therian|Landorus-Therian, M|320\/320
|-damage|p1a: Landorus-Therian|280\/320|[from] Stealth Rock
|-ability|p1a: Landorus-Therian|Intimidate|[of] p2a: Slowbro
|-unboost|p2a: Slowbro|atk|1
|turn|28
|
|move|p1a: Landorus-Therian|U-turn|p2a: Slowbro
|-supereffective|p2a: Slowbro
|-damage|p2a: Slowbro|145\/393 par
|
|switch|p1a: Rotom-Wash|Rotom-Wash|228\/304 tox
|-damage|p1a: Rotom-Wash|190\/304 tox|[from] Stealth Rock
|move|p2a: Slowbro|Slack Off|p2a: Slowbro
|-heal|p2a: Slowbro|342\/393 par
|
|-heal|p1a: Rotom-Wash|209\/304 tox|[from] item: Leftovers
|-damage|p1a: Rotom-Wash|190\/304 tox|[from] psn
|turn|29
|
|move|p1a: Rotom-Wash|Volt Switch|p2a: Slowbro
|-supereffective|p2a: Slowbro
|-damage|p2a: Slowbro|192\/393 par
|
|switch|p1a: Landorus-Therian|Landorus-Therian, M|280\/320
|-damage|p1a: Landorus-Therian|240\/320|[from] Stealth Rock
|-ability|p1a: Landorus-Therian|Intimidate|[of] p2a: Slowbro
|-unboost|p2a: Slowbro|atk|1
|move|p2a: Slowbro|Calm Mind|p2a: Slowbro
|-boost|p2a: Slowbro|spa|1
|-boost|p2a: Slowbro|spd|1
|
|-heal|p1a: Landorus-Therian|260\/320|[from] item: Leftovers
|turn|30
|
|move|p1a: Landorus-Therian|Knock Off|p2a: Slowbro
|-supereffective|p2a: Slowbro
|-damage|p2a: Slowbro|106\/393 par
|move|p2a: Slowbro|Slack Off|p2a: Slowbro
|-heal|p2a: Slowbro|303\/393 par
|
|-heal|p1a: Landorus-Therian|280\/320|[from] item: Leftovers
|turn|31
|-message|lightschampion forfeited.
|leave|lightschampion
|
|win|oml it's too ez
|raw|Ladder updating...
|player|p1
|raw|lightschampion's rating: 1459 &rarr; <strong>1443<\/strong><br \/>(-16 for losing)
|raw|oml it&apos;s too ez's rating: 1523 &rarr; <strong>1539<\/strong><br \/>(+16 for winning)
|join|TTM Jolt
|leave|TTM Jolt
|leave|oml it's too ez
|player|p2
|join|oml it's too ez