|join|oml it's too ez
|join|fyllis
|player|p1|oml it's too ez|102
|player|p2|fyllis|169
|gametype|singles
|gen|6
|tier|OU
|rated
|clearpoke
|poke|p1|Sableye, F
|poke|p1|Heatran, F
|poke|p1|Chansey, F
|poke|p1|Skarmory, M
|poke|p1|Clefable, M
|poke|p1|Slowbro, M
|poke|p2|Azumarill, F
|poke|p2|Manectric, F
|poke|p2|Bisharp, F
|poke|p2|Ferrothorn, F
|poke|p2|Landorus, M
|poke|p2|Conkeldurr, F
|rule|Swagger Clause: Swagger is banned
|rule|Baton Pass Clause: Limit one PokÃ©mon knowing Baton Pass
|rule|Sleep Clause Mod: Limit one foe put to sleep
|rule|Species Clause: Limit one of each PokÃ©mon
|rule|OHKO Clause: OHKO moves are banned
|rule|Moody Clause: Moody is banned
|rule|Evasion Moves Clause: Evasion moves are banned
|rule|Endless Battle Clause: Forcing endless battles is banned
|rule|HP Percentage Mod: HP is shown in percentages
|teampreview
|
|start
|switch|p1a: Sableye|Sableye, F|303\/303
|switch|p2a: Manectric|Manectric, F|281\/281
|turn|1
|
|detailschange|p2a: Manectric|Manectric-Mega, F
|-mega|p2a: Manectric|Manectric|Manectite
|-ability|p2a: Manectric|Intimidate|[of] p1a: Sableye
|-unboost|p1a: Sableye|atk|1
|detailschange|p1a: Sableye|Sableye-Mega, F
|-mega|p1a: Sableye|Sableye|Sablenite
|move|p1a: Sableye|Will-O-Wisp|p2a: Manectric
|-status|p2a: Manectric|brn
|move|p2a: Manectric|Volt Switch|p1a: Sableye
|-damage|p1a: Sableye|183\/303
|
|switch|p2a: Landorus|Landorus, M|319\/319
|
|turn|2
|
|switch|p1a: Chansey|Chansey, F|642\/642
|move|p2a: Landorus|Earth Power|p1a: Chansey
|-damage|p1a: Chansey|498\/642
|
|turn|3
|
|switch|p2a: Conkeldurr|Conkeldurr, F|413\/413
|move|p1a: Chansey|Seismic Toss|p2a: Conkeldurr
|-damage|p2a: Conkeldurr|313\/413
|
|turn|4
|
|switch|p1a: Sableye|Sableye-Mega, F|183\/303
|move|p2a: Conkeldurr|Knock Off|p1a: Sableye
|-damage|p1a: Sableye|127\/303
|
|turn|5
|
|switch|p2a: Azumarill|Azumarill, F|404\/404
|move|p1a: Sableye|Recover|p1a: Sableye
|-heal|p1a: Sableye|279\/303
|
|turn|6
|
|switch|p1a: Skarmory|Skarmory, M|333\/333
|move|p2a: Azumarill|Play Rough|p1a: Skarmory
|-resisted|p1a: Skarmory
|-damage|p1a: Skarmory|279\/333
|
|turn|7
|
|move|p1a: Skarmory|Spikes|p2a: Azumarill
|-sidestart|p2: fyllis|Spikes
|move|p2a: Azumarill|Knock Off|p1a: Skarmory
|-damage|p1a: Skarmory|206\/333
|-enditem|p1a: Skarmory|Shed Shell|[from] move: Knock Off|[of] p2a: Azumarill
|
|turn|8
|
|switch|p2a: Manectric|Manectric-Mega, F|281\/281 brn
|-damage|p2a: Manectric|246\/281 brn|[from] Spikes
|-ability|p2a: Manectric|Intimidate|[of] p1a: Skarmory
|-unboost|p1a: Skarmory|atk|1
|move|p1a: Skarmory|Roost|p1a: Skarmory
|-heal|p1a: Skarmory|333\/333
|
|-damage|p2a: Manectric|211\/281 brn|[from] brn
|turn|9
|
|switch|p1a: Heatran|Heatran, F|385\/385
|move|p2a: Manectric|Volt Switch|p1a: Heatran
|-damage|p1a: Heatran|300\/385
|
|switch|p2a: Landorus|Landorus, M|319\/319
|
|-heal|p1a: Heatran|324\/385|[from] item: Leftovers
|turn|10
|
|switch|p2a: Manectric|Manectric-Mega, F|211\/281 brn
|-damage|p2a: Manectric|176\/281 brn|[from] Spikes
|-ability|p2a: Manectric|Intimidate|[of] p1a: Heatran
|-unboost|p1a: Heatran|atk|1
|move|p1a: Heatran|Protect|p1a: Heatran
|-fail|p1a: Heatran
|
|-heal|p1a: Heatran|348\/385|[from] item: Leftovers
|-damage|p2a: Manectric|141\/281 brn|[from] brn
|turn|11
|
|move|p2a: Manectric|Volt Switch|p1a: Heatran
|-damage|p1a: Heatran|261\/385
|
|switch|p2a: Conkeldurr|Conkeldurr, F|313\/413
|-damage|p2a: Conkeldurr|262\/413|[from] Spikes
|move|p1a: Heatran|Stealth Rock|p2a: Conkeldurr
|-sidestart|p2: fyllis|move: Stealth Rock
|
|-heal|p1a: Heatran|285\/385|[from] item: Leftovers
|turn|12
|
|switch|p2a: Landorus|Landorus, M|319\/319
|-damage|p2a: Landorus|280\/319|[from] Stealth Rock
|move|p1a: Heatran|Protect|p1a: Heatran
|-fail|p1a: Heatran
|
|-heal|p1a: Heatran|309\/385|[from] item: Leftovers
|turn|13
|
|switch|p1a: Skarmory|Skarmory, M|333\/333
|move|p2a: Landorus|Earth Power|p1a: Skarmory
|-immune|p1a: Skarmory|[msg]
|
|turn|14
|
|move|p2a: Landorus|Psychic|p1a: Skarmory
|-resisted|p1a: Skarmory
|-damage|p1a: Skarmory|215\/333
|move|p1a: Skarmory|Spikes|p2a: Landorus
|-sidestart|p2: fyllis|Spikes
|
|turn|15
|
|move|p2a: Landorus|Psychic|p1a: Skarmory
|-resisted|p1a: Skarmory
|-damage|p1a: Skarmory|97\/333
|move|p1a: Skarmory|Roost|p1a: Skarmory
|-heal|p1a: Skarmory|264\/333
|
|turn|16
|
|move|p2a: Landorus|Psychic|p1a: Skarmory
|-crit|p1a: Skarmory
|-resisted|p1a: Skarmory
|-damage|p1a: Skarmory|79\/333
|move|p1a: Skarmory|Spikes|p2a: Landorus
|-sidestart|p2: fyllis|Spikes
|
|turn|17
|
|switch|p1a: Chansey|Chansey, F|498\/642
|move|p2a: Landorus|Psychic|p1a: Chansey
|-damage|p1a: Chansey|410\/642
|
|turn|18
|
|move|p2a: Landorus|Earth Power|p1a: Chansey
|-damage|p1a: Chansey|266\/642
|move|p1a: Chansey|Soft-Boiled|p1a: Chansey
|-heal|p1a: Chansey|587\/642
|
|turn|19
|
|move|p2a: Landorus|Psychic|p1a: Chansey
|-damage|p1a: Chansey|491\/642
|move|p1a: Chansey|Toxic|p2a: Landorus
|-status|p2a: Landorus|tox
|
|-damage|p2a: Landorus|261\/319 tox|[from] psn
|turn|20
|
|switch|p2a: Conkeldurr|Conkeldurr, F|262\/413
|-damage|p2a: Conkeldurr|237\/413|[from] Stealth Rock
|-damage|p2a: Conkeldurr|134\/413|[from] Spikes
|move|p1a: Chansey|Soft-Boiled|p1a: Chansey
|-heal|p1a: Chansey|642\/642
|
|turn|21
|
|switch|p1a: Sableye|Sableye-Mega, F|279\/303
|move|p2a: Conkeldurr|Knock Off|p1a: Sableye
|-damage|p1a: Sableye|225\/303
|
|turn|22
|
|move|p2a: Conkeldurr|Knock Off|p1a: Sableye
|-damage|p1a: Sableye|164\/303
|move|p1a: Sableye|Dark Pulse|p2a: Conkeldurr
|-resisted|p2a: Conkeldurr
|-damage|p2a: Conkeldurr|95\/413
|
|turn|23
|
|move|p2a: Conkeldurr|Ice Punch|p1a: Sableye
|-damage|p1a: Sableye|99\/303
|-status|p1a: Sableye|frz
|cant|p1a: Sableye|frz
|
|turn|24
|
|move|p2a: Conkeldurr|Ice Punch|p1a: Sableye
|-damage|p1a: Sableye|35\/303 frz
|cant|p1a: Sableye|frz
|
|turn|25
|
|move|p2a: Conkeldurr|Ice Punch|p1a: Sableye
|-damage|p1a: Sableye|0 fnt
|faint|p1a: Sableye
|
|
|switch|p1a: Slowbro|Slowbro, M|394\/394
|turn|26
|
|move|p2a: Conkeldurr|Knock Off|p1a: Slowbro
|-supereffective|p1a: Slowbro
|-damage|p1a: Slowbro|200\/394
|-enditem|p1a: Slowbro|Leftovers|[from] move: Knock Off|[of] p2a: Conkeldurr
|move|p1a: Slowbro|Calm Mind|p1a: Slowbro
|-boost|p1a: Slowbro|spa|1
|-boost|p1a: Slowbro|spd|1
|
|turn|27
|
|switch|p2a: Manectric|Manectric-Mega, F|141\/281 brn
|-damage|p2a: Manectric|71\/281 brn|[from] Spikes
|-damage|p2a: Manectric|36\/281 brn|[from] Stealth Rock
|-ability|p2a: Manectric|Intimidate|[of] p1a: Slowbro
|-unboost|p1a: Slowbro|atk|1
|move|p1a: Slowbro|Slack Off|p1a: Slowbro
|-heal|p1a: Slowbro|394\/394
|
|-damage|p2a: Manectric|1\/281 brn|[from] brn
|turn|28
|
|move|p2a: Manectric|Volt Switch|p1a: Slowbro
|-supereffective|p1a: Slowbro
|-damage|p1a: Slowbro|190\/394
|
|switch|p2a: Landorus|Landorus, M|261\/319 tox
|-damage|p2a: Landorus|222\/319 tox|[from] Stealth Rock
|move|p1a: Slowbro|Slack Off|p1a: Slowbro
|-heal|p1a: Slowbro|387\/394
|
|-damage|p2a: Landorus|203\/319 tox|[from] psn
|turn|29
|
|move|p2a: Landorus|Earth Power|p1a: Slowbro
|-damage|p1a: Slowbro|156\/394
|move|p1a: Slowbro|Calm Mind|p1a: Slowbro
|-boost|p1a: Slowbro|spa|1
|-boost|p1a: Slowbro|spd|1
|
|-damage|p2a: Landorus|165\/319 tox|[from] psn
|turn|30
|
|move|p2a: Landorus|Earth Power|p1a: Slowbro
|-damage|p1a: Slowbro|0 fnt
|faint|p1a: Slowbro
|
|-damage|p2a: Landorus|108\/319 tox|[from] psn
|
|switch|p1a: Chansey|Chansey, F|642\/642
|turn|31
|
|switch|p2a: Manectric|Manectric-Mega, F|1\/281 brn
|-damage|p2a: Manectric|0 fnt|[from] Spikes
|faint|p2a: Manectric
|move|p1a: Chansey|Soft-Boiled|p1a: Chansey
|-fail|p1a: Chansey
|
|
|switch|p2a: Ferrothorn|Ferrothorn, F|352\/352
|-damage|p2a: Ferrothorn|264\/352|[from] Spikes
|-damage|p2a: Ferrothorn|242\/352|[from] Stealth Rock
|turn|32
|
|switch|p1a: Skarmory|Skarmory, M|79\/333
|move|p2a: Ferrothorn|Leech Seed|p1a: Skarmory
|-start|p1a: Skarmory|move: Leech Seed
|
|-heal|p2a: Ferrothorn|264\/352|[from] item: Leftovers
|-damage|p1a: Skarmory|38\/333|[from] Leech Seed|[of] p2a: Ferrothorn
|-heal|p2a: Ferrothorn|305\/352|[silent]
|turn|33
|
|move|p1a: Skarmory|Roost|p1a: Skarmory
|-heal|p1a: Skarmory|205\/333
|move|p2a: Ferrothorn|Stealth Rock|p1a: Skarmory
|-sidestart|p1: oml it's too ez|move: Stealth Rock
|
|-heal|p2a: Ferrothorn|327\/352|[from] item: Leftovers
|-damage|p1a: Skarmory|164\/333|[from] Leech Seed|[of] p2a: Ferrothorn
|-heal|p2a: Ferrothorn|352\/352|[silent]
|turn|34
|
|switch|p1a: Heatran|Heatran, F|309\/385
|-damage|p1a: Heatran|261\/385|[from] Stealth Rock
|move|p2a: Ferrothorn|Gyro Ball|p1a: Heatran
|-resisted|p1a: Heatran
|-damage|p1a: Heatran|232\/385
|
|-heal|p1a: Heatran|256\/385|[from] item: Leftovers
|turn|35
|
|switch|p2a: Azumarill|Azumarill, F|404\/404
|-damage|p2a: Azumarill|303\/404|[from] Spikes
|-damage|p2a: Azumarill|253\/404|[from] Stealth Rock
|move|p1a: Heatran|Lava Plume|p2a: Azumarill
|-resisted|p2a: Azumarill
|-damage|p2a: Azumarill|208\/404
|
|-heal|p1a: Heatran|280\/385|[from] item: Leftovers
|turn|36
|
|switch|p1a: Skarmory|Skarmory, M|164\/333
|-damage|p1a: Skarmory|123\/333|[from] Stealth Rock
|move|p2a: Azumarill|Superpower|p1a: Skarmory
|-crit|p1a: Skarmory
|-damage|p1a: Skarmory|0 fnt
|-unboost|p2a: Azumarill|atk|1
|-unboost|p2a: Azumarill|def|1
|faint|p1a: Skarmory
|
|c|âfyllis|hooray!
|
|switch|p1a: Clefable|Clefable, M|394\/394
|-damage|p1a: Clefable|345\/394|[from] Stealth Rock
|turn|37
|
|switch|p1a: Heatran|Heatran, F|280\/385
|-damage|p1a: Heatran|232\/385|[from] Stealth Rock
|switch|p2a: Ferrothorn|Ferrothorn, F|352\/352
|-damage|p2a: Ferrothorn|264\/352|[from] Spikes
|-damage|p2a: Ferrothorn|242\/352|[from] Stealth Rock
|
|-heal|p1a: Heatran|256\/385|[from] item: Leftovers
|-heal|p2a: Ferrothorn|264\/352|[from] item: Leftovers
|turn|38
|
|move|p1a: Heatran|Lava Plume|p2a: Ferrothorn
|-supereffective|p2a: Ferrothorn
|-damage|p2a: Ferrothorn|0 fnt
|faint|p2a: Ferrothorn
|
|-heal|p1a: Heatran|280\/385|[from] item: Leftovers
|
|switch|p2a: Conkeldurr|Conkeldurr, F|95\/413
|-damage|p2a: Conkeldurr|0 fnt|[from] Spikes
|faint|p2a: Conkeldurr
|
|switch|p2a: Azumarill|Azumarill, F|208\/404
|-damage|p2a: Azumarill|158\/404|[from] Stealth Rock
|-damage|p2a: Azumarill|57\/404|[from] Spikes
|turn|39
|
|move|p1a: Heatran|Protect|p1a: Heatran
|-singleturn|p1a: Heatran|Protect
|move|p2a: Azumarill|Play Rough|p1a: Heatran
|-activate|p1a: Heatran|Protect
|
|-heal|p1a: Heatran|304\/385|[from] item: Leftovers
|turn|40
|
|move|p2a: Azumarill|Aqua Jet|p1a: Heatran
|-supereffective|p1a: Heatran
|-damage|p1a: Heatran|130\/385
|move|p1a: Heatran|Toxic|p2a: Azumarill
|-status|p2a: Azumarill|tox
|
|-heal|p1a: Heatran|154\/385|[from] item: Leftovers
|-damage|p2a: Azumarill|32\/404 tox|[from] psn
|turn|41
|
|move|p1a: Heatran|Protect|p1a: Heatran
|-singleturn|p1a: Heatran|Protect
|move|p2a: Azumarill|Superpower|p1a: Heatran
|-activate|p1a: Heatran|Protect
|
|-heal|p1a: Heatran|178\/385|[from] item: Leftovers
|-damage|p2a: Azumarill|0 fnt|[from] psn
|faint|p2a: Azumarill
|
|switch|p2a: Bisharp|Bisharp, F|334\/334
|-damage|p2a: Bisharp|251\/334|[from] Spikes
|-damage|p2a: Bisharp|231\/334|[from] Stealth Rock
|turn|42
|
|move|p1a: Heatran|Lava Plume|p2a: Bisharp
|-supereffective|p2a: Bisharp
|-damage|p2a: Bisharp|0 fnt
|faint|p2a: Bisharp
|
|-heal|p1a: Heatran|202\/385|[from] item: Leftovers
|-message|fyllis forfeited.
|leave|fyllis
|
|win|oml it's too ez
|raw|Ladder updating...
|player|p2
|raw|oml it&apos;s too ez's rating: 1555 &rarr; <strong>1568<\/strong><br \/>(+13 for winning)
|raw|fyllis's rating: 1425 &rarr; <strong>1413<\/strong><br \/>(-12 for losing)