|join|oml it's too ez
|join|smurferino333
|player|p1|oml it's too ez|9
|player|p2|smurferino333|290
|gametype|singles
|gen|6
|tier|OU
|rated
|clearpoke
|poke|p1|Garchomp, F
|poke|p1|Slowbro, M
|poke|p1|Clefable, M
|poke|p1|Heatran, F
|poke|p1|Tornadus-Therian, M
|poke|p1|Amoonguss, F
|poke|p2|Salamence, M
|poke|p2|Rotom-Wash
|poke|p2|Gliscor, M
|poke|p2|Empoleon, F
|poke|p2|Heatran, F
|poke|p2|Latios, M
|rule|Swagger Clause: Swagger is banned
|rule|Baton Pass Clause: Limit one PokÃ©mon knowing Baton Pass
|rule|Sleep Clause Mod: Limit one foe put to sleep
|rule|Species Clause: Limit one of each PokÃ©mon
|rule|OHKO Clause: OHKO moves are banned
|rule|Moody Clause: Moody is banned
|rule|Evasion Moves Clause: Evasion moves are banned
|rule|Endless Battle Clause: Forcing endless battles is banned
|rule|HP Percentage Mod: HP is shown in percentages
|teampreview
|
|start
|switch|p1a: Amoonguss|Amoonguss, F|431\/431
|switch|p2a: Rotom-Wash|Rotom-Wash|303\/303
|turn|1
|
|move|p2a: Rotom-Wash|Thunder Wave|p1a: Amoonguss
|-status|p1a: Amoonguss|par
|move|p1a: Amoonguss|Spore|p2a: Rotom-Wash
|-status|p2a: Rotom-Wash|slp
|
|turn|2
|
|switch|p2a: Heatran|Heatran, F|386\/386
|cant|p1a: Amoonguss|par
|
|turn|3
|
|switch|p1a: Garchomp|Garchomp, F|420\/420
|move|p2a: Heatran|Stealth Rock|p1a: Garchomp
|-sidestart|p1: oml it's too ez|move: Stealth Rock
|
|turn|4
|
|switch|p2a: Gliscor|Gliscor, M|353\/353
|move|p1a: Garchomp|Stealth Rock|p2a: Gliscor
|-sidestart|p2: smurferino333|move: Stealth Rock
|
|-status|p2a: Gliscor|tox|[from] item: Toxic Orb
|turn|5
|
|switch|p1a: Slowbro|Slowbro, M|393\/393
|-damage|p1a: Slowbro|344\/393|[from] Stealth Rock
|move|p2a: Gliscor|Substitute|p2a: Gliscor
|-start|p2a: Gliscor|Substitute
|-damage|p2a: Gliscor|265\/353 tox
|
|-heal|p2a: Gliscor|309\/353 tox|[from] ability: Poison Heal
|turn|6
|
|move|p2a: Gliscor|Toxic|p1a: Slowbro
|-status|p1a: Slowbro|tox
|move|p1a: Slowbro|Scald|p2a: Gliscor
|-crit|p2a: Gliscor
|-supereffective|p2a: Gliscor
|-end|p2a: Gliscor|Substitute
|
|-heal|p2a: Gliscor|353\/353 tox|[from] ability: Poison Heal
|-damage|p1a: Slowbro|320\/393 tox|[from] psn
|turn|7
|
|switch|p2a: Empoleon|Empoleon, F|372\/372
|-damage|p2a: Empoleon|349\/372|[from] Stealth Rock
|move|p1a: Slowbro|Scald|p2a: Empoleon
|-resisted|p2a: Empoleon
|-damage|p2a: Empoleon|315\/372
|-status|p2a: Empoleon|brn
|
|-heal|p2a: Empoleon|338\/372 brn|[from] item: Leftovers
|-damage|p2a: Empoleon|292\/372 brn|[from] brn
|-damage|p1a: Slowbro|272\/393 tox|[from] psn
|turn|8
|
|switch|p1a: Amoonguss|Amoonguss, F|431\/431 par
|-damage|p1a: Amoonguss|378\/431 par|[from] Stealth Rock
|move|p2a: Empoleon|Defog|p1a: Amoonguss
|-unboost|p1a: Amoonguss|evasion|1
|-sideend|p1: oml it's too ez|Stealth Rock|[from] move: Defog|[of] p1a: Amoonguss
|-sideend|p2: smurferino333|Stealth Rock|[from] move: Defog|[of] p2a: Empoleon
|
|-heal|p2a: Empoleon|315\/372 brn|[from] item: Leftovers
|-heal|p1a: Amoonguss|404\/431 par|[from] item: Black Sludge
|-damage|p2a: Empoleon|269\/372 brn|[from] brn
|turn|9
|
|switch|p1a: Garchomp|Garchomp, F|420\/420
|move|p2a: Empoleon|Stealth Rock|p1a: Garchomp
|-sidestart|p1: oml it's too ez|move: Stealth Rock
|
|-heal|p2a: Empoleon|292\/372 brn|[from] item: Leftovers
|-damage|p2a: Empoleon|246\/372 brn|[from] brn
|turn|10
|
|move|p1a: Garchomp|Earthquake|p2a: Empoleon
|-supereffective|p2a: Empoleon
|-damage|p2a: Empoleon|0 fnt
|faint|p2a: Empoleon
|
|
|switch|p2a: Gliscor|Gliscor, M|353\/353 tox
|turn|11
|
|move|p2a: Gliscor|Knock Off|p1a: Garchomp
|-damage|p1a: Garchomp|369\/420
|-damage|p2a: Gliscor|309\/353 tox|[from] ability: Rough Skin|[of] p1a: Garchomp
|-damage|p2a: Gliscor|251\/353 tox|[from] item: Rocky Helmet|[of] p1a: Garchomp
|-enditem|p1a: Garchomp|Rocky Helmet|[from] move: Knock Off|[of] p2a: Gliscor
|move|p1a: Garchomp|Stealth Rock|p2a: Gliscor
|-sidestart|p2: smurferino333|move: Stealth Rock
|
|-heal|p2a: Gliscor|295\/353 tox|[from] ability: Poison Heal
|turn|12
|
|switch|p1a: Clefable|Clefable, M|393\/393
|-damage|p1a: Clefable|344\/393|[from] Stealth Rock
|move|p2a: Gliscor|Toxic|p1a: Clefable
|-status|p1a: Clefable|tox
|
|-heal|p1a: Clefable|368\/393 tox|[from] item: Leftovers
|-heal|p2a: Gliscor|339\/353 tox|[from] ability: Poison Heal
|-damage|p1a: Clefable|344\/393 tox|[from] psn
|turn|13
|
|move|p2a: Gliscor|Substitute|p2a: Gliscor
|-start|p2a: Gliscor|Substitute
|-damage|p2a: Gliscor|251\/353 tox
|move|p1a: Clefable|Heal Bell|p1a: Clefable
|-cureteam|p1a: Clefable|[from] move: HealBell
|
|-heal|p1a: Clefable|368\/393|[from] item: Leftovers
|-heal|p2a: Gliscor|295\/353 tox|[from] ability: Poison Heal
|turn|14
|
|switch|p1a: Amoonguss|Amoonguss, F|431\/431
|-damage|p1a: Amoonguss|378\/431|[from] Stealth Rock
|move|p2a: Gliscor|Toxic|p1a: Amoonguss|[miss]
|-miss|p2a: Gliscor|p1a: Amoonguss
|
|-heal|p1a: Amoonguss|404\/431|[from] item: Black Sludge
|-heal|p2a: Gliscor|339\/353 tox|[from] ability: Poison Heal
|turn|15
|
|move|p2a: Gliscor|Knock Off|p1a: Amoonguss
|-damage|p1a: Amoonguss|332\/431
|-enditem|p1a: Amoonguss|Black Sludge|[from] move: Knock Off|[of] p2a: Gliscor
|move|p1a: Amoonguss|Giga Drain|p2a: Gliscor
|-end|p2a: Gliscor|Substitute
|-heal|p1a: Amoonguss|376\/431|[from] drain|[of] p2a: Gliscor
|
|-heal|p2a: Gliscor|353\/353 tox|[from] ability: Poison Heal
|turn|16
|
|switch|p2a: Latios|Latios, M|301\/301
|-damage|p2a: Latios|264\/301|[from] Stealth Rock
|switch|p1a: Slowbro|Slowbro, M|393\/393
|-damage|p1a: Slowbro|344\/393|[from] Stealth Rock
|
|turn|17
|
|switch|p1a: Heatran|Heatran, F|384\/384
|-damage|p1a: Heatran|336\/384|[from] Stealth Rock
|detailschange|p2a: Latios|Latios-Mega, M
|-mega|p2a: Latios|Latios|Latiosite
|move|p2a: Latios|Dragon Dance|p2a: Latios
|-boost|p2a: Latios|atk|1
|-boost|p2a: Latios|spe|1
|
|-heal|p1a: Heatran|360\/384|[from] item: Leftovers
|turn|18
|
|move|p2a: Latios|Earthquake|p1a: Heatran
|-supereffective|p1a: Heatran
|-damage|p1a: Heatran|0 fnt
|faint|p1a: Heatran
|
|
|switch|p1a: Clefable|Clefable, M|368\/393
|-damage|p1a: Clefable|319\/393|[from] Stealth Rock
|turn|19
|
|move|p2a: Latios|Zen Headbutt|p1a: Clefable
|-damage|p1a: Clefable|187\/393
|move|p1a: Clefable|Wish|p1a: Clefable
|
|-heal|p1a: Clefable|211\/393|[from] item: Leftovers
|turn|20
|
|move|p2a: Latios|Zen Headbutt|p1a: Clefable
|-damage|p1a: Clefable|81\/393
|move|p1a: Clefable|Moonblast|p2a: Latios
|-supereffective|p2a: Latios
|-damage|p2a: Latios|94\/301
|
|-heal|p1a: Clefable|277\/393|[from] move: Wish|[wisher] Clefable
|-heal|p1a: Clefable|301\/393|[from] item: Leftovers
|turn|21
|
|switch|p2a: Gliscor|Gliscor, M|353\/353 tox
|-damage|p2a: Gliscor|309\/353 tox|[from] Stealth Rock
|move|p1a: Clefable|Wish|p1a: Clefable
|
|-heal|p1a: Clefable|325\/393|[from] item: Leftovers
|-heal|p2a: Gliscor|353\/353 tox|[from] ability: Poison Heal
|turn|22
|
|switch|p2a: Heatran|Heatran, F|386\/386
|-damage|p2a: Heatran|338\/386|[from] Stealth Rock
|switch|p1a: Amoonguss|Amoonguss, F|431\/431
|-damage|p1a: Amoonguss|378\/431|[from] Stealth Rock
|
|-heal|p1a: Amoonguss|431\/431|[from] move: Wish|[wisher] Clefable
|-heal|p2a: Heatran|362\/386|[from] item: Leftovers
|turn|23
|
|switch|p1a: Garchomp|Garchomp, F|369\/420
|-damage|p1a: Garchomp|343\/420|[from] Stealth Rock
|move|p2a: Heatran|Lava Plume|p1a: Garchomp
|-resisted|p1a: Garchomp
|-damage|p1a: Garchomp|277\/420
|-status|p1a: Garchomp|brn
|
|-heal|p2a: Heatran|386\/386|[from] item: Leftovers
|-damage|p1a: Garchomp|225\/420 brn|[from] brn
|turn|24
|
|switch|p1a: Clefable|Clefable, M|325\/393
|-damage|p1a: Clefable|276\/393|[from] Stealth Rock
|switch|p2a: Gliscor|Gliscor, M|353\/353 tox
|-damage|p2a: Gliscor|309\/353 tox|[from] Stealth Rock
|
|-heal|p1a: Clefable|300\/393|[from] item: Leftovers
|-heal|p2a: Gliscor|353\/353 tox|[from] ability: Poison Heal
|turn|25
|
|move|p2a: Gliscor|Knock Off|p1a: Clefable
|-resisted|p1a: Clefable
|-damage|p1a: Clefable|269\/393
|-enditem|p1a: Clefable|Leftovers|[from] move: Knock Off|[of] p2a: Gliscor
|move|p1a: Clefable|Wish|p1a: Clefable
|
|turn|26
|
|switch|p2a: Heatran|Heatran, F|386\/386
|-damage|p2a: Heatran|338\/386|[from] Stealth Rock
|move|p1a: Clefable|Heal Bell|p1a: Clefable
|-cureteam|p1a: Clefable|[from] move: HealBell
|
|-heal|p1a: Clefable|393\/393|[from] move: Wish|[wisher] Clefable
|-heal|p2a: Heatran|362\/386|[from] item: Leftovers
|turn|27
|
|switch|p1a: Slowbro|Slowbro, M|393\/393
|-damage|p1a: Slowbro|344\/393|[from] Stealth Rock
|move|p2a: Heatran|Toxic|p1a: Slowbro
|-status|p1a: Slowbro|tox
|
|-heal|p2a: Heatran|386\/386|[from] item: Leftovers
|-damage|p1a: Slowbro|320\/393 tox|[from] psn
|turn|28
|c|âsmurferino333|triple regenerator so annoying :(
|
|switch|p2a: Rotom-Wash|Rotom-Wash|303\/303 slp
|-damage|p2a: Rotom-Wash|266\/303 slp|[from] Stealth Rock
|move|p1a: Slowbro|Scald|p2a: Rotom-Wash
|-resisted|p2a: Rotom-Wash
|-damage|p2a: Rotom-Wash|222\/303 slp
|
|-heal|p2a: Rotom-Wash|240\/303 slp|[from] item: Leftovers
|-damage|p1a: Slowbro|272\/393 tox|[from] psn
|turn|29
|c|âoml it's too ez|yep it make me ppl lose team preview
|
|switch|p1a: Clefable|Clefable, M|393\/393
|-damage|p1a: Clefable|344\/393|[from] Stealth Rock
|cant|p2a: Rotom-Wash|slp
|
|-heal|p2a: Rotom-Wash|258\/303 slp|[from] item: Leftovers
|turn|30
|c|âoml it's too ez|plus heal bell supportg
|
|cant|p2a: Rotom-Wash|slp
|move|p1a: Clefable|Heal Bell|p1a: Clefable
|-cureteam|p1a: Clefable|[from] move: HealBell
|
|-heal|p2a: Rotom-Wash|276\/303 slp|[from] item: Leftovers
|turn|31
|c|âsmurferino333|yeah
|c|âoml it's too ez|and a tornadus :]]
|c|âsmurferino333|tornadus t is underrated
|c|âoml it's too ez|tbh i dont see how u can win
|c|âsmurferino333|if only it got a better flying STAB
|c|âsmurferino333|i win when you run out of heal bells
|c|âoml it's too ez|hurricane is good enough
|
|cant|p2a: Rotom-Wash|slp
|move|p1a: Clefable|Wish|p1a: Clefable
|
|-heal|p2a: Rotom-Wash|294\/303 slp|[from] item: Leftovers
|turn|32
|c|âsmurferino333|unreliable
|
|switch|p1a: Amoonguss|Amoonguss, F|431\/431
|-damage|p1a: Amoonguss|378\/431|[from] Stealth Rock
|-curestatus|p2a: Rotom-Wash|slp
|move|p2a: Rotom-Wash|Will-O-Wisp|p1a: Amoonguss
|-status|p1a: Amoonguss|brn
|
|-heal|p1a: Amoonguss|431\/431 brn|[from] move: Wish|[wisher] Clefable
|-heal|p2a: Rotom-Wash|303\/303|[from] item: Leftovers
|-damage|p1a: Amoonguss|378\/431 brn|[from] brn
|turn|33
|
|move|p2a: Rotom-Wash|Volt Switch|p1a: Amoonguss
|-resisted|p1a: Amoonguss
|-damage|p1a: Amoonguss|303\/431 brn
|c|âoml it's too ez|tran
|c|âoml it's too ez|:]?
|
|switch|p2a: Gliscor|Gliscor, M|353\/353 tox
|-damage|p2a: Gliscor|309\/353 tox|[from] Stealth Rock
|move|p1a: Amoonguss|Giga Drain|p2a: Gliscor
|-damage|p2a: Gliscor|215\/353 tox
|-heal|p1a: Amoonguss|350\/431 brn|[from] drain|[of] p2a: Gliscor
|
|-heal|p2a: Gliscor|259\/353 tox|[from] ability: Poison Heal
|-damage|p1a: Amoonguss|297\/431 brn|[from] brn
|turn|34
|
|move|p2a: Gliscor|Substitute|p2a: Gliscor
|-start|p2a: Gliscor|Substitute
|-damage|p2a: Gliscor|171\/353 tox
|move|p1a: Amoonguss|Spore|p2a: Gliscor
|
|-heal|p2a: Gliscor|215\/353 tox|[from] ability: Poison Heal
|-damage|p1a: Amoonguss|244\/431 brn|[from] brn
|turn|35
|
|move|p2a: Gliscor|Knock Off|p1a: Amoonguss
|-damage|p1a: Amoonguss|200\/431 brn
|move|p1a: Amoonguss|Giga Drain|p2a: Gliscor
|-end|p2a: Gliscor|Substitute
|-heal|p1a: Amoonguss|244\/431 brn|[from] drain|[of] p2a: Gliscor
|
|-heal|p2a: Gliscor|259\/353 tox|[from] ability: Poison Heal
|-damage|p1a: Amoonguss|191\/431 brn|[from] brn
|turn|36
|
|move|p2a: Gliscor|Protect|p2a: Gliscor
|-singleturn|p2a: Gliscor|Protect
|move|p1a: Amoonguss|Giga Drain|p2a: Gliscor
|-activate|p2a: Gliscor|Protect
|
|-heal|p2a: Gliscor|303\/353 tox|[from] ability: Poison Heal
|-damage|p1a: Amoonguss|138\/431 brn|[from] brn
|turn|37
|
|move|p2a: Gliscor|Knock Off|p1a: Amoonguss
|-damage|p1a: Amoonguss|96\/431 brn
|move|p1a: Amoonguss|Giga Drain|p2a: Gliscor
|-damage|p2a: Gliscor|201\/353 tox
|-heal|p1a: Amoonguss|147\/431 brn|[from] drain|[of] p2a: Gliscor
|
|-heal|p2a: Gliscor|245\/353 tox|[from] ability: Poison Heal
|-damage|p1a: Amoonguss|94\/431 brn|[from] brn
|turn|38
|
|switch|p1a: Clefable|Clefable, M|344\/393
|-damage|p1a: Clefable|295\/393|[from] Stealth Rock
|move|p2a: Gliscor|Knock Off|p1a: Clefable
|-resisted|p1a: Clefable
|-damage|p1a: Clefable|273\/393
|
|-heal|p2a: Gliscor|289\/353 tox|[from] ability: Poison Heal
|turn|39
|
|move|p2a: Gliscor|Substitute|p2a: Gliscor
|-start|p2a: Gliscor|Substitute
|-damage|p2a: Gliscor|201\/353 tox
|move|p1a: Clefable|Wish|p1a: Clefable
|
|-heal|p2a: Gliscor|245\/353 tox|[from] ability: Poison Heal
|turn|40
|
|move|p2a: Gliscor|Knock Off|p1a: Clefable
|-resisted|p1a: Clefable
|-damage|p1a: Clefable|252\/393
|move|p1a: Clefable|Moonblast|p2a: Gliscor
|-end|p2a: Gliscor|Substitute
|
|-heal|p1a: Clefable|393\/393|[from] move: Wish|[wisher] Clefable
|-heal|p2a: Gliscor|289\/353 tox|[from] ability: Poison Heal
|turn|41
|
|switch|p2a: Heatran|Heatran, F|386\/386
|-damage|p2a: Heatran|338\/386|[from] Stealth Rock
|move|p1a: Clefable|Wish|p1a: Clefable
|
|-heal|p2a: Heatran|362\/386|[from] item: Leftovers
|turn|42
|
|switch|p1a: Garchomp|Garchomp, F|225\/420
|-damage|p1a: Garchomp|199\/420|[from] Stealth Rock
|move|p2a: Heatran|Toxic|p1a: Garchomp
|-status|p1a: Garchomp|tox
|
|-heal|p1a: Garchomp|395\/420 tox|[from] move: Wish|[wisher] Clefable
|-heal|p2a: Heatran|386\/386|[from] item: Leftovers
|-damage|p1a: Garchomp|369\/420 tox|[from] psn
|turn|43
|
|switch|p2a: Gliscor|Gliscor, M|289\/353 tox
|-damage|p2a: Gliscor|245\/353 tox|[from] Stealth Rock
|move|p1a: Garchomp|Dragon Claw|p2a: Gliscor
|-damage|p2a: Gliscor|172\/353 tox
|
|-heal|p2a: Gliscor|216\/353 tox|[from] ability: Poison Heal
|-damage|p1a: Garchomp|317\/420 tox|[from] psn
|turn|44
|
|switch|p1a: Slowbro|Slowbro, M|393\/393
|-damage|p1a: Slowbro|344\/393|[from] Stealth Rock
|move|p2a: Gliscor|Substitute|p2a: Gliscor
|-start|p2a: Gliscor|Substitute
|-damage|p2a: Gliscor|128\/353 tox
|
|-heal|p2a: Gliscor|172\/353 tox|[from] ability: Poison Heal
|turn|45
|
|move|p2a: Gliscor|Toxic|p1a: Slowbro
|-status|p1a: Slowbro|tox
|move|p1a: Slowbro|Scald|p2a: Gliscor
|-supereffective|p2a: Gliscor
|-end|p2a: Gliscor|Substitute
|
|-heal|p2a: Gliscor|216\/353 tox|[from] ability: Poison Heal
|-damage|p1a: Slowbro|320\/393 tox|[from] psn
|turn|46
|
|move|p2a: Gliscor|Substitute|p2a: Gliscor
|-start|p2a: Gliscor|Substitute
|-damage|p2a: Gliscor|128\/353 tox
|move|p1a: Slowbro|Scald|p2a: Gliscor
|-supereffective|p2a: Gliscor
|-end|p2a: Gliscor|Substitute
|
|-heal|p2a: Gliscor|172\/353 tox|[from] ability: Poison Heal
|-damage|p1a: Slowbro|272\/393 tox|[from] psn
|turn|47
|
|move|p2a: Gliscor|Protect|p2a: Gliscor
|-singleturn|p2a: Gliscor|Protect
|move|p1a: Slowbro|Slack Off|p1a: Slowbro
|-heal|p1a: Slowbro|393\/393 tox
|
|-heal|p2a: Gliscor|216\/353 tox|[from] ability: Poison Heal
|-damage|p1a: Slowbro|321\/393 tox|[from] psn
|turn|48
|
|move|p2a: Gliscor|Substitute|p2a: Gliscor
|-start|p2a: Gliscor|Substitute
|-damage|p2a: Gliscor|128\/353 tox
|move|p1a: Slowbro|Scald|p2a: Gliscor
|-supereffective|p2a: Gliscor
|-end|p2a: Gliscor|Substitute
|
|-heal|p2a: Gliscor|172\/353 tox|[from] ability: Poison Heal
|-damage|p1a: Slowbro|225\/393 tox|[from] psn
|turn|49
|
|switch|p1a: Clefable|Clefable, M|393\/393
|-damage|p1a: Clefable|344\/393|[from] Stealth Rock
|move|p2a: Gliscor|Protect|p2a: Gliscor
|-fail|p2a: Gliscor
|
|-heal|p2a: Gliscor|216\/353 tox|[from] ability: Poison Heal
|turn|50
|
|switch|p2a: Heatran|Heatran, F|386\/386
|-damage|p2a: Heatran|338\/386|[from] Stealth Rock
|move|p1a: Clefable|Heal Bell|p1a: Clefable
|-cureteam|p1a: Clefable|[from] move: HealBell
|
|-heal|p2a: Heatran|362\/386|[from] item: Leftovers
|turn|51
|
|move|p2a: Heatran|Toxic|p1a: Clefable
|-status|p1a: Clefable|tox
|move|p1a: Clefable|Wish|p1a: Clefable
|
|-heal|p2a: Heatran|386\/386|[from] item: Leftovers
|-damage|p1a: Clefable|320\/393 tox|[from] psn
|turn|52
|
|switch|p1a: Garchomp|Garchomp, F|317\/420
|-damage|p1a: Garchomp|291\/420|[from] Stealth Rock
|move|p2a: Heatran|Roar|p1a: Garchomp
|drag|p1a: Clefable|Clefable, M|320\/393 tox
|-damage|p1a: Clefable|271\/393 tox|[from] Stealth Rock
|
|-heal|p1a: Clefable|393\/393 tox|[from] move: Wish|[wisher] Clefable
|-damage|p1a: Clefable|369\/393 tox|[from] psn
|turn|53
|
|switch|p1a: Garchomp|Garchomp, F|291\/420
|-damage|p1a: Garchomp|265\/420|[from] Stealth Rock
|move|p2a: Heatran|Lava Plume|p1a: Garchomp
|-resisted|p1a: Garchomp
|-damage|p1a: Garchomp|192\/420
|-status|p1a: Garchomp|brn
|
|-damage|p1a: Garchomp|140\/420 brn|[from] brn
|turn|54
|
|switch|p1a: Clefable|Clefable, M|369\/393 tox
|-damage|p1a: Clefable|320\/393 tox|[from] Stealth Rock
|switch|p2a: Gliscor|Gliscor, M|216\/353 tox
|-damage|p2a: Gliscor|172\/353 tox|[from] Stealth Rock
|
|-heal|p2a: Gliscor|216\/353 tox|[from] ability: Poison Heal
|-damage|p1a: Clefable|296\/393 tox|[from] psn
|turn|55
|
|move|p2a: Gliscor|Knock Off|p1a: Clefable
|-resisted|p1a: Clefable
|-damage|p1a: Clefable|275\/393 tox
|move|p1a: Clefable|Wish|p1a: Clefable
|
|-heal|p2a: Gliscor|260\/353 tox|[from] ability: Poison Heal
|-damage|p1a: Clefable|227\/393 tox|[from] psn
|turn|56
|
|switch|p2a: Heatran|Heatran, F|386\/386
|-damage|p2a: Heatran|338\/386|[from] Stealth Rock
|move|p1a: Clefable|Heal Bell|p1a: Clefable
|-cureteam|p1a: Clefable|[from] move: HealBell
|
|-heal|p1a: Clefable|393\/393|[from] move: Wish|[wisher] Clefable
|-heal|p2a: Heatran|362\/386|[from] item: Leftovers
|turn|57
|
|move|p2a: Heatran|Toxic|p1a: Clefable
|-status|p1a: Clefable|tox
|move|p1a: Clefable|Wish|p1a: Clefable
|
|-heal|p2a: Heatran|386\/386|[from] item: Leftovers
|-damage|p1a: Clefable|369\/393 tox|[from] psn
|turn|58
|
|switch|p1a: Amoonguss|Amoonguss, F|237\/431
|-damage|p1a: Amoonguss|184\/431|[from] Stealth Rock
|move|p2a: Heatran|Toxic|p1a: Amoonguss
|-fail|p1a: Amoonguss
|
|-heal|p1a: Amoonguss|380\/431|[from] move: Wish|[wisher] Clefable
|turn|59
|
|switch|p1a: Slowbro|Slowbro, M|356\/393
|-damage|p1a: Slowbro|307\/393|[from] Stealth Rock
|move|p2a: Heatran|Lava Plume|p1a: Slowbro
|-resisted|p1a: Slowbro
|-damage|p1a: Slowbro|239\/393
|
|turn|60
|c|âoml it's too ez|how does ur team beat crobro?
|
|switch|p2a: Rotom-Wash|Rotom-Wash|303\/303
|-damage|p2a: Rotom-Wash|266\/303|[from] Stealth Rock
|move|p1a: Slowbro|Slack Off|p1a: Slowbro
|-heal|p1a: Slowbro|393\/393
|
|-heal|p2a: Rotom-Wash|284\/303|[from] item: Leftovers
|turn|61
|
|detailschange|p1a: Slowbro|Slowbro-Mega, M
|-mega|p1a: Slowbro|Slowbro|Slowbronite
|move|p2a: Rotom-Wash|Volt Switch|p1a: Slowbro
|-supereffective|p1a: Slowbro
|-damage|p1a: Slowbro|93\/393
|
|switch|p2a: Latios|Latios-Mega, M|94\/301
|-damage|p2a: Latios|57\/301|[from] Stealth Rock
|move|p1a: Slowbro|Calm Mind|p1a: Slowbro
|-boost|p1a: Slowbro|spa|1
|-boost|p1a: Slowbro|spd|1
|
|turn|62
|
|move|p2a: Latios|Dragon Claw|p1a: Slowbro
|-damage|p1a: Slowbro|26\/393
|move|p1a: Slowbro|Slack Off|p1a: Slowbro
|-heal|p1a: Slowbro|223\/393
|
|turn|63
|
|move|p2a: Latios|Dragon Dance|p2a: Latios
|-boost|p2a: Latios|atk|1
|-boost|p2a: Latios|spe|1
|move|p1a: Slowbro|Scald|p2a: Latios
|-crit|p2a: Latios
|-resisted|p2a: Latios
|-damage|p2a: Latios|0 fnt
|faint|p2a: Latios
|
|
|switch|p2a: Rotom-Wash|Rotom-Wash|284\/303
|-damage|p2a: Rotom-Wash|247\/303|[from] Stealth Rock
|turn|64
|
|move|p2a: Rotom-Wash|Volt Switch|p1a: Slowbro
|-supereffective|p1a: Slowbro
|-damage|p1a: Slowbro|37\/393
|
|switch|p2a: Salamence|Salamence, M|331\/331
|-damage|p2a: Salamence|249\/331|[from] Stealth Rock
|move|p1a: Slowbro|Slack Off|p1a: Slowbro
|-heal|p1a: Slowbro|234\/393
|
|turn|65
|
|move|p2a: Salamence|Outrage|p1a: Slowbro
|-damage|p1a: Slowbro|120\/393
|move|p1a: Slowbro|Slack Off|p1a: Slowbro
|-heal|p1a: Slowbro|317\/393
|
|turn|66
|
|move|p2a: Salamence|Outrage|p1a: Slowbro
|-damage|p1a: Slowbro|200\/393
|move|p1a: Slowbro|Calm Mind|p1a: Slowbro
|-boost|p1a: Slowbro|spa|1
|-boost|p1a: Slowbro|spd|1
|
|turn|67
|
|move|p2a: Salamence|Outrage|p1a: Slowbro
|-damage|p1a: Slowbro|88\/393
|move|p1a: Slowbro|Slack Off|p1a: Slowbro
|-heal|p1a: Slowbro|285\/393
|
|-end|p2a: Salamence|rampage
|-start|p2a: Salamence|confusion
|turn|68
|
|switch|p2a: Heatran|Heatran, F|386\/386
|-damage|p2a: Heatran|338\/386|[from] Stealth Rock
|move|p1a: Slowbro|Slack Off|p1a: Slowbro
|-heal|p1a: Slowbro|393\/393
|
|-heal|p2a: Heatran|362\/386|[from] item: Leftovers
|turn|69
|
|move|p2a: Heatran|Toxic|p1a: Slowbro
|-status|p1a: Slowbro|tox
|move|p1a: Slowbro|Scald|p2a: Heatran
|-supereffective|p2a: Heatran
|-damage|p2a: Heatran|48\/386
|
|-heal|p2a: Heatran|72\/386|[from] item: Leftovers
|-damage|p1a: Slowbro|369\/393 tox|[from] psn
|turn|70
|
|switch|p2a: Rotom-Wash|Rotom-Wash|247\/303
|-damage|p2a: Rotom-Wash|210\/303|[from] Stealth Rock
|move|p1a: Slowbro|Scald|p2a: Rotom-Wash
|-resisted|p2a: Rotom-Wash
|-damage|p2a: Rotom-Wash|108\/303
|
|-heal|p2a: Rotom-Wash|126\/303|[from] item: Leftovers
|-damage|p1a: Slowbro|321\/393 tox|[from] psn
|turn|71
|
|move|p2a: Rotom-Wash|Volt Switch|p1a: Slowbro
|-supereffective|p1a: Slowbro
|-damage|p1a: Slowbro|181\/393 tox
|
|switch|p2a: Heatran|Heatran, F|72\/386
|-damage|p2a: Heatran|24\/386|[from] Stealth Rock
|move|p1a: Slowbro|Scald|p2a: Heatran
|-supereffective|p2a: Heatran
|-damage|p2a: Heatran|0 fnt
|faint|p2a: Heatran
|
|-damage|p1a: Slowbro|109\/393 tox|[from] psn
|
|switch|p2a: Salamence|Salamence, M|249\/331
|-damage|p2a: Salamence|167\/331|[from] Stealth Rock
|turn|72
|
|move|p2a: Salamence|Aerial Ace|p1a: Slowbro
|-damage|p1a: Slowbro|51\/393 tox
|move|p1a: Slowbro|Scald|p2a: Salamence
|-resisted|p2a: Salamence
|-damage|p2a: Salamence|16\/331
|
|-damage|p1a: Slowbro|0 fnt|[from] psn
|faint|p1a: Slowbro
|
|switch|p1a: Garchomp|Garchomp, F|140\/420
|-damage|p1a: Garchomp|114\/420|[from] Stealth Rock
|turn|73
|
|move|p2a: Salamence|Aerial Ace|p1a: Garchomp
|-damage|p1a: Garchomp|15\/420
|-damage|p2a: Salamence|0 fnt|[from] ability: Rough Skin|[of] p1a: Garchomp
|faint|p2a: Salamence
|move|p1a: Garchomp|Dragon Claw|p2: Salamence|[notarget]
|-notarget
|
|
|switch|p2a: Gliscor|Gliscor, M|260\/353 tox
|-damage|p2a: Gliscor|216\/353 tox|[from] Stealth Rock
|turn|74
|
|move|p2a: Gliscor|Protect|p2a: Gliscor
|-singleturn|p2a: Gliscor|Protect
|move|p1a: Garchomp|Dragon Claw|p2a: Gliscor
|-activate|p2a: Gliscor|Protect
|
|-heal|p2a: Gliscor|260\/353 tox|[from] ability: Poison Heal
|turn|75
|
|move|p2a: Gliscor|Substitute|p2a: Gliscor
|-start|p2a: Gliscor|Substitute
|-damage|p2a: Gliscor|172\/353 tox
|move|p1a: Garchomp|Dragon Claw|p2a: Gliscor
|-activate|p2a: Gliscor|Substitute|[damage]
|
|-heal|p2a: Gliscor|216\/353 tox|[from] ability: Poison Heal
|turn|76
|
|move|p2a: Gliscor|Protect|p2a: Gliscor
|-singleturn|p2a: Gliscor|Protect
|move|p1a: Garchomp|Dragon Claw|p2a: Gliscor
|-activate|p2a: Gliscor|Protect
|
|-heal|p2a: Gliscor|260\/353 tox|[from] ability: Poison Heal
|turn|77
|
|move|p2a: Gliscor|Toxic|p1a: Garchomp
|-status|p1a: Garchomp|tox
|move|p1a: Garchomp|Dragon Claw|p2a: Gliscor
|-end|p2a: Gliscor|Substitute
|
|-heal|p2a: Gliscor|304\/353 tox|[from] ability: Poison Heal
|-damage|p1a: Garchomp|0 fnt|[from] psn
|faint|p1a: Garchomp
|
|switch|p1a: Tornadus-Therian|Tornadus-Therian, M|299\/299
|-damage|p1a: Tornadus-Therian|225\/299|[from] Stealth Rock
|turn|78
|
|move|p1a: Tornadus-Therian|Taunt|p2a: Gliscor
|-start|p2a: Gliscor|move: Taunt
|cant|p2a: Gliscor|move: Taunt|Toxic
|
|-heal|p2a: Gliscor|348\/353 tox|[from] ability: Poison Heal
|turn|79
|
|move|p1a: Tornadus-Therian|Hurricane|p2a: Gliscor
|-damage|p2a: Gliscor|82\/353 tox
|-start|p2a: Gliscor|confusion
|-damage|p1a: Tornadus-Therian|196\/299|[from] item: Life Orb
|-activate|p2a: Gliscor|confusion
|move|p2a: Gliscor|Knock Off|p1a: Tornadus-Therian
|-crit|p1a: Tornadus-Therian
|-damage|p1a: Tornadus-Therian|72\/299
|-enditem|p1a: Tornadus-Therian|Life Orb|[from] move: Knock Off|[of] p2a: Gliscor
|
|-heal|p2a: Gliscor|126\/353 tox|[from] ability: Poison Heal
|turn|80
|
|switch|p2a: Rotom-Wash|Rotom-Wash|126\/303
|-damage|p2a: Rotom-Wash|89\/303|[from] Stealth Rock
|move|p1a: Tornadus-Therian|Hurricane|p2a: Rotom-Wash
|-resisted|p2a: Rotom-Wash
|-damage|p2a: Rotom-Wash|12\/303
|
|-heal|p2a: Rotom-Wash|30\/303|[from] item: Leftovers
|turn|81
|
|move|p1a: Tornadus-Therian|Knock Off|p2a: Rotom-Wash
|-damage|p2a: Rotom-Wash|0 fnt
|-enditem|p2a: Rotom-Wash|Leftovers|[from] move: Knock Off|[of] p1a: Tornadus-Therian
|faint|p2a: Rotom-Wash
|
|
|switch|p2a: Gliscor|Gliscor, M|126\/353 tox
|-damage|p2a: Gliscor|82\/353 tox|[from] Stealth Rock
|turn|82
|
|move|p2a: Gliscor|Protect|p2a: Gliscor
|-singleturn|p2a: Gliscor|Protect
|move|p1a: Tornadus-Therian|Taunt|p2a: Gliscor
|-activate|p2a: Gliscor|Protect
|
|-heal|p2a: Gliscor|126\/353 tox|[from] ability: Poison Heal
|turn|83
|
|move|p1a: Tornadus-Therian|Taunt|p2a: Gliscor
|-start|p2a: Gliscor|move: Taunt
|move|p2a: Gliscor|Knock Off|p1a: Tornadus-Therian
|-damage|p1a: Tornadus-Therian|16\/299
|
|-heal|p2a: Gliscor|170\/353 tox|[from] ability: Poison Heal
|turn|84
|
|move|p1a: Tornadus-Therian|Hurricane|p2a: Gliscor
|-damage|p2a: Gliscor|0 fnt
|faint|p2a: Gliscor
|
|win|oml it's too ez
|raw|Ladder updating...
|c|âsmurferino333|gg
|raw|oml it&apos;s too ez's rating: 1538 &rarr; <strong>1556<\/strong><br \/>(+18 for winning)
|raw|smurferino333's rating: 1498 &rarr; <strong>1480<\/strong><br \/>(-18 for losing)
|c|âoml it's too ez|gg