|join|DJ Laga
|join|oml it's too ez
|player|p1|DJ Laga|152
|player|p2|oml it's too ez|9
|gametype|singles
|gen|6
|tier|OU
|clearpoke
|poke|p1|Gyarados, M
|poke|p1|Bisharp, M
|poke|p1|Heatran, M
|poke|p1|Landorus-Therian, M
|poke|p1|Latios, M
|poke|p1|Amoonguss, F
|poke|p2|Garchomp, F
|poke|p2|Slowbro, F
|poke|p2|Clefable, F
|poke|p2|Heatran, M
|poke|p2|Tornadus-Therian, M
|poke|p2|Amoonguss, M
|rule|Swagger Clause: Swagger is banned
|rule|Baton Pass Clause: Limit one PokÃ©mon knowing Baton Pass
|rule|Sleep Clause Mod: Limit one foe put to sleep
|rule|Species Clause: Limit one of each PokÃ©mon
|rule|OHKO Clause: OHKO moves are banned
|rule|Moody Clause: Moody is banned
|rule|Evasion Moves Clause: Evasion moves are banned
|rule|Endless Battle Clause: Forcing endless battles is banned
|rule|HP Percentage Mod: HP is shown in percentages
|teampreview
|c|âoml it's too ez|no fare
|c|âoml it's too ez|u battled this team b4 :[
|c|âoml it's too ez|i did?
|c|âDJ Laga|u did
|c|âDJ Laga|just try to remember :]
|
|start
|switch|p1a: Landorus-Therian|Landorus-Therian, M|379\/379
|switch|p2a: Garchomp|Garchomp, F|420\/420
|-ability|p1a: Landorus-Therian|Intimidate|[of] p2a: Garchomp
|-unboost|p2a: Garchomp|atk|1
|turn|1
|
|move|p2a: Garchomp|Stealth Rock|p1a: Landorus-Therian
|-sidestart|p1: DJ Laga|move: Stealth Rock
|move|p1a: Landorus-Therian|Earthquake|p2a: Garchomp
|-damage|p2a: Garchomp|267\/420
|
|turn|2
|c|âDJ Laga|oml
|c|âDJ Laga|that did nothing
|c|âoml it's too ez|amoongus
|
|move|p2a: Garchomp|Toxic|p1a: Landorus-Therian
|-status|p1a: Landorus-Therian|tox
|move|p1a: Landorus-Therian|Knock Off|p2a: Garchomp
|-damage|p2a: Garchomp|182\/420
|-damage|p1a: Landorus-Therian|332\/379 tox|[from] ability: Rough Skin|[of] p2a: Garchomp
|-damage|p1a: Landorus-Therian|269\/379 tox|[from] item: Rocky Helmet|[of] p2a: Garchomp
|-enditem|p2a: Garchomp|Rocky Helmet|[from] move: Knock Off|[of] p1a: Landorus-Therian
|
|-damage|p1a: Landorus-Therian|246\/379 tox|[from] psn
|turn|3
|c|âoml it's too ez|go
|c|âoml it's too ez|aww
|c|âoml it's too ez|lemme pull out ur rmt hehe
|c|âoml it's too ez|jkjk
|c|âDJ Laga|do it
|c|âDJ Laga|lmao
|c|âDJ Laga|imma open yours :]]]]]]]]]]]
|
|switch|p2a: Amoonguss|Amoonguss, M|431\/431
|move|p1a: Landorus-Therian|Earthquake|p2a: Amoonguss
|-damage|p2a: Amoonguss|260\/431
|
|-heal|p2a: Amoonguss|286\/431|[from] item: Black Sludge
|-damage|p1a: Landorus-Therian|200\/379 tox|[from] psn
|turn|4
|c|âDJ Laga|WOW I U-TURNED
|c|âDJ Laga|:[
|c|âoml it's too ez|u-turn now
|c|âDJ Laga|why would i?
|c|âDJ Laga|im poisoned :]
|c|âDJ Laga|where's ur sleep
|
|move|p1a: Landorus-Therian|Knock Off|p2a: Amoonguss
|-damage|p2a: Amoonguss|184\/431
|-enditem|p2a: Amoonguss|Black Sludge|[from] move: Knock Off|[of] p1a: Landorus-Therian
|move|p2a: Amoonguss|Giga Drain|p1a: Landorus-Therian
|-damage|p1a: Landorus-Therian|104\/379 tox
|-heal|p2a: Amoonguss|232\/431|[from] drain|[of] p1a: Landorus-Therian
|
|-damage|p1a: Landorus-Therian|35\/379 tox|[from] psn
|turn|5
|c|âDJ Laga|i know what u're gonna do
|c|âoml it's too ez|tornadus
|c|âoml it's too ez|dodge eq
|c|âDJ Laga|sure
|
|move|p1a: Landorus-Therian|U-turn|p2a: Amoonguss
|-damage|p2a: Amoonguss|160\/431
|c|âDJ Laga|sup
|
|switch|p1a: Amoonguss|Amoonguss, F|432\/432
|-damage|p1a: Amoonguss|378\/432|[from] Stealth Rock
|move|p2a: Amoonguss|Giga Drain|p1a: Amoonguss
|-resisted|p1a: Amoonguss
|-damage|p1a: Amoonguss|356\/432
|-heal|p2a: Amoonguss|171\/431|[from] drain|[of] p1a: Amoonguss
|
|-heal|p1a: Amoonguss|383\/432|[from] item: Black Sludge
|turn|6
|c|âDJ Laga|i have more speed evs :]
|c|âoml it's too ez|so u wanna click spore for me
|c|âDJ Laga|yes
|c|âoml it's too ez|thx
|
|move|p2a: Amoonguss|Sludge Bomb|p1a: Amoonguss
|-damage|p1a: Amoonguss|286\/432
|move|p1a: Amoonguss|Spore|p2a: Amoonguss
|-fail|p2a: Amoonguss
|
|-heal|p1a: Amoonguss|313\/432|[from] item: Black Sludge
|turn|7
|c|âDJ Laga|:[
|c|âDJ Laga|aah the 50\/50s
|c|âoml it's too ez|u gonna do it again?
|c|âDJ Laga|sure
|c|âoml it's too ez|thx
|
|move|p2a: Amoonguss|Sludge Bomb|p1a: Amoonguss
|-damage|p1a: Amoonguss|217\/432
|move|p1a: Amoonguss|Sludge Bomb|p2a: Amoonguss
|-damage|p2a: Amoonguss|68\/431
|
|-heal|p1a: Amoonguss|244\/432|[from] item: Black Sludge
|turn|8
|c|âoml it's too ez|or u can go tran
|c|âoml it's too ez|but ofc ur bad
|c|âoml it's too ez|:]]
|c|âDJ Laga|nah nigga
|c|âDJ Laga|:]
|c|âoml it's too ez|click spore
|c|âoml it's too ez|u dont lose anything promise
|c|âDJ Laga|why do u have 1 more speed ev
|c|âDJ Laga|poopyhead :[
|
|switch|p2a: Heatran|Heatran, M|384\/384
|switch|p1a: Landorus-Therian|Landorus-Therian, M|35\/379 tox
|-damage|p1a: Landorus-Therian|0 fnt|[from] Stealth Rock
|faint|p1a: Landorus-Therian
|
|c|âoml it's too ez|for slowbros
|c|âoml it's too ez|conks
|c|âoml it's too ez|other amoongus
|c|âDJ Laga|:]]]]]]]]]]]]]]]]]]]]]]]
|c|âoml it's too ez|basically base 45s
|c|âoml it's too ez|with no speed invesment
|
|switch|p1a: Gyarados|Gyarados, M|341\/341
|-damage|p1a: Gyarados|256\/341|[from] Stealth Rock
|-ability|p1a: Gyarados|Intimidate|[of] p2a: Heatran
|-unboost|p2a: Heatran|atk|1
|turn|9
|c|âDJ Laga|it's time to sweep
|c|âoml it's too ez|dd
|c|âoml it's too ez|i wont toxic
|c|âDJ Laga|u have clefable u poopyhead
|c|âDJ Laga|:[
|
|switch|p2a: Tornadus-Therian|Tornadus-Therian, M|299\/299
|detailschange|p1a: Gyarados|Gyarados-Mega, M
|-mega|p1a: Gyarados|Gyarados|Gyaradosite
|-ability|p1a: Gyarados|Mold Breaker
|move|p1a: Gyarados|Earthquake|p2a: Tornadus-Therian
|-immune|p2a: Tornadus-Therian|[msg]
|
|turn|10
|c|âDJ Laga|very brave of u
|
|switch|p1a: Latios|Latios, M|301\/301
|-damage|p1a: Latios|264\/301|[from] Stealth Rock
|move|p2a: Tornadus-Therian|Superpower|p1a: Latios
|-resisted|p1a: Latios
|-damage|p1a: Latios|185\/301
|-unboost|p2a: Tornadus-Therian|atk|1
|-unboost|p2a: Tornadus-Therian|def|1
|-damage|p2a: Tornadus-Therian|270\/299|[from] item: Life Orb
|
|turn|11
|c|âDJ Laga|2ez
|
|switch|p2a: Heatran|Heatran, M|384\/384
|move|p1a: Latios|Trick|p2a: Heatran
|-activate|p1a: Latios|move: Trick|[of] p2a: Heatran
|-item|p2a: Heatran|Choice Scarf|[from] move: Trick
|-item|p1a: Latios|Leftovers|[from] move: Trick
|
|-heal|p1a: Latios|203\/301|[from] item: Leftovers
|turn|12
|c|âDJ Laga|:]
|c|âoml it's too ez|dammit
|c|âDJ Laga|tell me how it feels
|c|âoml it's too ez|shouldve looked in ur rmt imo
|c|âDJ Laga|:]]]]
|c|âDJ Laga|u have to upload this
|c|âDJ Laga|nigga
|
|switch|p2a: Slowbro|Slowbro, F|393\/393
|move|p1a: Latios|Defog|p2a: Slowbro
|-unboost|p2a: Slowbro|evasion|1
|-sideend|p1: DJ Laga|Stealth Rock|[from] move: Defog|[of] p1a: Latios
|
|-heal|p1a: Latios|221\/301|[from] item: Leftovers
|turn|13
|c|âoml it's too ez|watch this
|
|switch|p1a: Amoonguss|Amoonguss, F|388\/432
|switch|p2a: Clefable|Clefable, F|394\/394
|
|-heal|p1a: Amoonguss|415\/432|[from] item: Black Sludge
|turn|14
|c|âDJ Laga|i know ur psyshoking
|c|âDJ Laga|WOW
|c|âDJ Laga|wtf was that
|c|âDJ Laga|???
|c|âoml it's too ez|u shoulve dracoed
|c|âDJ Laga|WHY?
|c|âoml it's too ez|cause its a fuqing slowbro
|c|âDJ Laga|u would've went for the slack off
|c|âDJ Laga|...
|c|âoml it's too ez|lol
|c|âDJ Laga|joseph pls
|
|move|p2a: Clefable|Protect|p2a: Clefable
|-singleturn|p2a: Clefable|Protect
|move|p1a: Amoonguss|Spore|p2a: Clefable
|-activate|p2a: Clefable|Protect
|
|-heal|p1a: Amoonguss|432\/432|[from] item: Black Sludge
|turn|15
|
|switch|p2a: Heatran|Heatran, M|384\/384
|move|p1a: Amoonguss|Sludge Bomb|p2a: Heatran
|-immune|p2a: Heatran|[msg]
|
|turn|16
|c|âDJ Laga|aye i see u
|c|âDJ Laga|however
|c|âDJ Laga|im the superior one
|c|âoml it's too ez|??
|
|move|p2a: Heatran|Taunt|p1a: Amoonguss
|-start|p1a: Amoonguss|move: Taunt
|cant|p1a: Amoonguss|move: Taunt|Spore
|
|turn|17
|c|âDJ Laga|:]
|c|âDJ Laga|get locked in
|c|âoml it's too ez|def
|c|âDJ Laga|nigga
|c|âDJ Laga|get locked in
|c|âoml it's too ez|oh no
|c|âDJ Laga|go into ur torna
|c|âDJ Laga|dus
|c|âoml it's too ez|kk
|
|switch|p2a: Tornadus-Therian|Tornadus-Therian, M|299\/299
|switch|p1a: Heatran|Heatran, M|386\/386
|
|turn|18
|c|âDJ Laga|lemme eat this up
|c|âoml it's too ez|k
|c|âDJ Laga|go for knock of
|c|âoml it's too ez|k
|c|âDJ Laga|off
|c|âDJ Laga|predicting lati
|
|move|p2a: Tornadus-Therian|Taunt|p1a: Heatran
|-start|p1a: Heatran|move: Taunt
|cant|p1a: Heatran|move: Taunt|Stealth Rock
|
|turn|19
|c|âoml it's too ez|k
|c|âDJ Laga|poopyhead
|c|âDJ Laga|:[
|
|switch|p2a: Heatran|Heatran, M|384\/384
|move|p1a: Heatran|Lava Plume|p2a: Heatran
|-start|p2a: Heatran|ability: Flash Fire
|
|turn|20
|c|âoml it's too ez|time to pp stall
|
|move|p2a: Heatran|Taunt|p1a: Heatran
|-fail|p1a: Heatran
|move|p1a: Heatran|Lava Plume|p2a: Heatran
|-immune|p2a: Heatran|[msg]
|
|-end|p1a: Heatran|move: Taunt
|turn|21
|c|âDJ Laga|so who's pp stalling who
|c|âDJ Laga|:]
|
|move|p2a: Heatran|Taunt|p1a: Heatran
|-start|p1a: Heatran|move: Taunt
|cant|p1a: Heatran|move: Taunt|Toxic
|
|turn|22
|c|âDJ Laga|joseph
|c|âoml it's too ez|wait
|c|âDJ Laga|:]]]]]]]]]]]]]]]]]]]]]]]]]]
|c|âoml it's too ez|i win
|c|âoml it's too ez|y didnt i do this eariler
|
|switch|p2a: Slowbro|Slowbro, F|393\/393
|switch|p1a: Bisharp|Bisharp, M|292\/292
|
|turn|23
|c|âDJ Laga|do what?
|c|âDJ Laga|:]
|
|switch|p1a: Amoonguss|Amoonguss, F|432\/432
|detailschange|p2a: Slowbro|Slowbro-Mega, F
|-mega|p2a: Slowbro|Slowbro|Slowbronite
|move|p2a: Slowbro|Scald|p1a: Amoonguss
|-resisted|p1a: Amoonguss
|-damage|p1a: Amoonguss|366\/432
|
|-heal|p1a: Amoonguss|393\/432|[from] item: Black Sludge
|turn|24
|c|âDJ Laga|joseph u dont have any hazards control
|c|âoml it's too ez|u didnt read my rmt
|c|âoml it's too ez|nub
|
|switch|p2a: Garchomp|Garchomp, F|182\/420
|move|p1a: Amoonguss|Spore|p2a: Garchomp
|-status|p2a: Garchomp|slp
|
|-heal|p1a: Amoonguss|420\/432|[from] item: Black Sludge
|turn|25
|c|âDJ Laga|frennn
|c|âDJ Laga|:]
|
|switch|p2a: Tornadus-Therian|Tornadus-Therian, M|299\/299
|switch|p1a: Gyarados|Gyarados-Mega, M|256\/341
|-ability|p1a: Gyarados|Mold Breaker
|
|turn|26
|c|âoml it's too ez|its part of the plan
|c|âDJ Laga|go for u-turn
|c|âDJ Laga|oh wait
|c|âDJ Laga|:]
|
|switch|p1a: Heatran|Heatran, M|386\/386
|move|p2a: Tornadus-Therian|Superpower|p1a: Heatran
|-supereffective|p1a: Heatran
|-damage|p1a: Heatran|121\/386
|-unboost|p2a: Tornadus-Therian|atk|1
|-unboost|p2a: Tornadus-Therian|def|1
|-damage|p2a: Tornadus-Therian|270\/299|[from] item: Life Orb
|
|-heal|p1a: Heatran|145\/386|[from] item: Leftovers
|turn|27
|c|âDJ Laga|i like how i have nothing for this
|c|âDJ Laga|:]
|c|âoml it's too ez|just click moves already :]]
|
|move|p1a: Heatran|Protect|p1a: Heatran
|-singleturn|p1a: Heatran|Protect
|move|p2a: Tornadus-Therian|Taunt|p1a: Heatran
|-activate|p1a: Heatran|Protect
|
|-heal|p1a: Heatran|169\/386|[from] item: Leftovers
|turn|28
|c|âDJ Laga|burnnnnnnnnnnnnnnnnnnnnn
|c|âoml it's too ez|k
|
|switch|p2a: Heatran|Heatran, M|384\/384
|move|p1a: Heatran|Lava Plume|p2a: Heatran
|-start|p2a: Heatran|ability: Flash Fire
|
|-heal|p1a: Heatran|193\/386|[from] item: Leftovers
|turn|29
|c|âDJ Laga|of course
|c|âoml it's too ez|i mean
|c|âoml it's too ez|u got the burn
|c|âoml it's too ez|lucke n bad
|c|âoml it's too ez|:]]
|c|âDJ Laga|of course i did :]]
|
|switch|p1a: Gyarados|Gyarados-Mega, M|256\/341
|-ability|p1a: Gyarados|Mold Breaker
|move|p2a: Heatran|Taunt|p1a: Gyarados
|-start|p1a: Gyarados|move: Taunt
|
|turn|30
|c|âDJ Laga|yeah i need to revamp this team
|
|switch|p2a: Garchomp|Garchomp, F|182\/420 slp
|move|p1a: Gyarados|Waterfall|p2a: Garchomp
|-damage|p2a: Garchomp|26\/420 slp
|-damage|p1a: Gyarados|214\/341|[from] ability: Rough Skin|[of] p2a: Garchomp
|
|turn|31
|c|âDJ Laga|nice recoil :]]]
|
|move|p1a: Gyarados|Earthquake|p2a: Garchomp
|-damage|p2a: Garchomp|0 fnt
|faint|p2a: Garchomp
|
|
|switch|p2a: Tornadus-Therian|Tornadus-Therian, M|299\/299
|turn|32
|
|switch|p1a: Amoonguss|Amoonguss, F|432\/432
|move|p2a: Tornadus-Therian|Superpower|p1a: Amoonguss
|-resisted|p1a: Amoonguss
|-damage|p1a: Amoonguss|374\/432
|-unboost|p2a: Tornadus-Therian|atk|1
|-unboost|p2a: Tornadus-Therian|def|1
|-damage|p2a: Tornadus-Therian|270\/299|[from] item: Life Orb
|
|-heal|p1a: Amoonguss|401\/432|[from] item: Black Sludge
|turn|33
|c|âoml it's too ez|hit plox
|c|âDJ Laga|i live
|c|âDJ Laga|im sp def
|c|âoml it's too ez|i clicked taunt
|
|switch|p1a: Bisharp|Bisharp, M|292\/292
|move|p2a: Tornadus-Therian|Hurricane|p1a: Bisharp|[miss]
|-miss|p2a: Tornadus-Therian|p1a: Bisharp
|
|turn|34
|c|âoml it's too ez|ofc
|c|âoml it's too ez|disgusting
|c|âDJ Laga|216 SpA Life Orb Tornadus-T Hurricane vs. 252 HP \/ 204+ SpD Amoonguss: 351-416 (81.2 - 96.2%) -- guaranteed 2HKO after Black Sludge recovery
|c|âDJ Laga|:]
|c|âDJ Laga|get sucker punched nigga
|c|âoml it's too ez|sucker plz
|c|âoml it's too ez|oh shit
|c|âoml it's too ez|y did i sack my sleep thing
|c|âoml it's too ez|fuq
|c|âDJ Laga|garbage
|
|move|p2a: Tornadus-Therian|Superpower|p1a: Bisharp
|-supereffective|p1a: Bisharp
|-damage|p1a: Bisharp|0 fnt
|-unboost|p2a: Tornadus-Therian|atk|1
|-unboost|p2a: Tornadus-Therian|def|1
|-damage|p2a: Tornadus-Therian|241\/299|[from] item: Life Orb
|faint|p1a: Bisharp
|
|c|âDJ Laga|joseph
|c|âDJ Laga|...
|c|âDJ Laga|i see u
|c|âoml it's too ez|:]]
|c|âDJ Laga|:]
|c|âDJ Laga|i see u
|c|âDJ Laga|:]]]
|c|âoml it's too ez|big boi plays
|c|âDJ Laga|nice mindgamesss
|c|âDJ Laga|wait
|c|âoml it's too ez|gyardos
|c|âDJ Laga|i had no reason not to for sucker
|c|âoml it's too ez|win
|c|âoml it's too ez|naw u probably clicked pursuit
|c|âDJ Laga|i will
|c|âDJ Laga|i dont have pursuit
|c|âDJ Laga|im sd fren
|
|switch|p1a: Gyarados|Gyarados-Mega, M|214\/341
|-ability|p1a: Gyarados|Mold Breaker
|turn|35
|c|âDJ Laga|go for taunt
|c|âoml it's too ez|k
|c|âoml it's too ez|waterfall
|c|âoml it's too ez|crunch
|
|move|p2a: Tornadus-Therian|Taunt|p1a: Gyarados
|-start|p1a: Gyarados|move: Taunt
|move|p1a: Gyarados|Waterfall|p2a: Tornadus-Therian
|-damage|p2a: Tornadus-Therian|0 fnt
|faint|p2a: Tornadus-Therian
|
|c|âDJ Laga|both
|c|âoml it's too ez|kewl
|
|switch|p2a: Slowbro|Slowbro-Mega, F|393\/393
|turn|36
|c|âoml it's too ez|burn plz
|c|âDJ Laga|bruh watch this dommage
|c|âoml it's too ez|aint doing shit
|
|move|p1a: Gyarados|Crunch|p2a: Slowbro
|-supereffective|p2a: Slowbro
|-damage|p2a: Slowbro|225\/393
|move|p2a: Slowbro|Scald|p1a: Gyarados
|-resisted|p1a: Gyarados
|-damage|p1a: Gyarados|168\/341
|
|turn|37
|c|âoml it's too ez|ofc
|c|âDJ Laga|<3
|
|switch|p1a: Amoonguss|Amoonguss, F|432\/432
|move|p2a: Slowbro|Slack Off|p2a: Slowbro
|-heal|p2a: Slowbro|393\/393
|
|turn|38
|c|âoml it's too ez|tbh i missplayed
|c|âoml it's too ez|sacked chomp and tornadus
|c|âoml it's too ez|watevs
|c|âDJ Laga|i misplayed with sucker
|c|âDJ Laga|:[
|
|switch|p2a: Heatran|Heatran, M|384\/384
|move|p1a: Amoonguss|Spore|p2a: Heatran
|-status|p2a: Heatran|slp
|
|turn|39
|c|âDJ Laga|i should really start playing safe
|c|âDJ Laga|hp ground btw
|c|âoml it's too ez|i know
|
|switch|p2a: Slowbro|Slowbro-Mega, F|393\/393
|switch|p1a: Gyarados|Gyarados-Mega, M|168\/341
|-ability|p1a: Gyarados|Mold Breaker
|
|turn|40
|c|âDJ Laga|all i need is a drop
|
|move|p1a: Gyarados|Crunch|p2a: Slowbro
|-supereffective|p2a: Slowbro
|-damage|p2a: Slowbro|241\/393
|move|p2a: Slowbro|Scald|p1a: Gyarados
|-resisted|p1a: Gyarados
|-damage|p1a: Gyarados|120\/341
|
|turn|41
|c|âDJ Laga|:]?
|c|âDJ Laga|yesssssssssssssssssssss
|c|âoml it's too ez|y cant i burn
|c|âDJ Laga|u aint hot enough
|
|switch|p2a: Clefable|Clefable, F|394\/394
|move|p1a: Gyarados|Dragon Dance|p1a: Gyarados
|-boost|p1a: Gyarados|atk|1
|-boost|p1a: Gyarados|spe|1
|
|turn|42
|c|âDJ Laga|flinch
|c|âoml it's too ez|dont taunt
|c|âoml it's too ez|plz
|c|âoml it's too ez|im moonblasting
|
|move|p1a: Gyarados|Waterfall|p2a: Clefable
|-damage|p2a: Clefable|168\/394
|move|p2a: Clefable|Moonblast|p1a: Gyarados
|-supereffective|p1a: Gyarados
|-damage|p1a: Gyarados|0 fnt
|faint|p1a: Gyarados
|
|-heal|p2a: Clefable|192\/394|[from] item: Leftovers
|c|âoml it's too ez|thx bud
|c|âDJ Laga|:]
|c|âoml it's too ez|so about that win conditon
|c|âDJ Laga|was hoping for a flinch tbh
|c|âDJ Laga|:]
|
|switch|p1a: Heatran|Heatran, M|193\/386
|turn|43
|c|âoml it's too ez|u should taunt
|c|âDJ Laga|i dont have it nigga
|c|âoml it's too ez|lies nigga
|c|âoml it's too ez|u got rocks on lando
|c|âoml it's too ez|y dont u have taunt on this
|
|move|p1a: Heatran|Stealth Rock|p2a: Clefable
|-sidestart|p2: oml it's too ez|move: Stealth Rock
|move|p2a: Clefable|Wish|p2a: Clefable
|
|-heal|p1a: Heatran|217\/386|[from] item: Leftovers
|-heal|p2a: Clefable|216\/394|[from] item: Leftovers
|turn|44
|c|âDJ Laga|im earth plate lando
|c|âoml it's too ez|wtf
|c|âDJ Laga|dummy
|c|âDJ Laga|DUMMY
|c|âoml it's too ez|thats gay
|c|âDJ Laga|hella
|c|âDJ Laga|earth plate lando hits liek a truck
|
|switch|p2a: Slowbro|Slowbro-Mega, F|241\/393
|-damage|p2a: Slowbro|192\/393|[from] Stealth Rock
|move|p1a: Heatran|Toxic|p2a: Slowbro
|-status|p2a: Slowbro|tox
|
|-heal|p2a: Slowbro|389\/393 tox|[from] move: Wish|[wisher] Clefable
|-heal|p1a: Heatran|241\/386|[from] item: Leftovers
|-damage|p2a: Slowbro|365\/393 tox|[from] psn
|turn|45
|
|switch|p1a: Amoonguss|Amoonguss, F|432\/432
|move|p2a: Slowbro|Scald|p1a: Amoonguss
|-resisted|p1a: Amoonguss
|-damage|p1a: Amoonguss|373\/432
|-status|p1a: Amoonguss|brn
|
|-heal|p1a: Amoonguss|400\/432 brn|[from] item: Black Sludge
|-damage|p2a: Slowbro|317\/393 tox|[from] psn
|-damage|p1a: Amoonguss|346\/432 brn|[from] brn
|turn|46
|c|âDJ Laga|ofc
|c|âDJ Laga|luckE
|c|âDJ Laga|ass
|c|âDJ Laga|bitch
|c|âDJ Laga|:]
|c|âoml it's too ez|bro
|c|âoml it's too ez|:]
|c|âDJ Laga|slow
|c|âDJ Laga|:]
|
|switch|p2a: Amoonguss|Amoonguss, M|211\/431
|-damage|p2a: Amoonguss|158\/431|[from] Stealth Rock
|move|p1a: Amoonguss|Giga Drain|p2a: Amoonguss
|-resisted|p2a: Amoonguss
|-damage|p2a: Amoonguss|136\/431
|-heal|p1a: Amoonguss|357\/432 brn|[from] drain|[of] p2a: Amoonguss
|
|-heal|p1a: Amoonguss|384\/432 brn|[from] item: Black Sludge
|-damage|p1a: Amoonguss|330\/432 brn|[from] brn
|turn|47
|
|move|p2a: Amoonguss|Sludge Bomb|p1a: Amoonguss
|-damage|p1a: Amoonguss|237\/432 brn
|move|p1a: Amoonguss|Sludge Bomb|p2a: Amoonguss
|-damage|p2a: Amoonguss|34\/431
|
|-heal|p1a: Amoonguss|264\/432 brn|[from] item: Black Sludge
|-damage|p1a: Amoonguss|210\/432 brn|[from] brn
|turn|48
|
|switch|p1a: Heatran|Heatran, M|241\/386
|move|p2a: Amoonguss|Sludge Bomb|p1a: Heatran
|-immune|p1a: Heatran|[msg]
|
|-heal|p1a: Heatran|265\/386|[from] item: Leftovers
|turn|49
|c|âDJ Laga|outplayed imo
|c|âDJ Laga|go into tran
|c|âoml it's too ez|free taunt
|c|âDJ Laga|and receive a boost
|c|âoml it's too ez|boi
|
|move|p1a: Heatran|Lava Plume|p2a: Amoonguss
|-supereffective|p2a: Amoonguss
|-damage|p2a: Amoonguss|0 fnt
|faint|p2a: Amoonguss
|
|-heal|p1a: Heatran|289\/386|[from] item: Leftovers
|c|âDJ Laga|why didnt u go into tran :[[[
|c|âoml it's too ez|dont want it to wake up
|
|switch|p2a: Clefable|Clefable, F|216\/394
|-damage|p2a: Clefable|167\/394|[from] Stealth Rock
|turn|50
|c|âoml it's too ez|but i guess it has too
|
|move|p1a: Heatran|Lava Plume|p2a: Clefable
|-damage|p2a: Clefable|46\/394
|move|p2a: Clefable|Heal Bell|p2a: Clefable
|-cureteam|p2a: Clefable|[from] move: HealBell
|
|-heal|p1a: Heatran|313\/386|[from] item: Leftovers
|-heal|p2a: Clefable|70\/394|[from] item: Leftovers
|turn|51
|c|âDJ Laga|:]
|c|âDJ Laga|bye bye cleric
|c|âoml it's too ez|watch this
|
|move|p1a: Heatran|Lava Plume|p2a: Clefable
|-damage|p2a: Clefable|0 fnt
|faint|p2a: Clefable
|
|-heal|p1a: Heatran|337\/386|[from] item: Leftovers
|c|âDJ Laga|go into tran
|c|âDJ Laga|wow
|c|âoml it's too ez|weak as fuq
|
|switch|p2a: Heatran|Heatran, M|384\/384
|-damage|p2a: Heatran|336\/384|[from] Stealth Rock
|turn|52
|c|âDJ Laga|oml it's too ez
|c|âoml it's too ez|watch this
|c|âoml it's too ez|ima predict the lati
|c|âoml it's too ez|and click toxic
|c|âoml it's too ez|watch
|c|âDJ Laga|do it
|
|move|p1a: Heatran|Protect|p1a: Heatran
|-singleturn|p1a: Heatran|Protect
|move|p2a: Heatran|Taunt|p1a: Heatran
|-activate|p1a: Heatran|Protect
|
|-heal|p1a: Heatran|361\/386|[from] item: Leftovers
|turn|53
|c|âDJ Laga|aaah u aint real
|c|âDJ Laga|:]
|
|move|p2a: Heatran|Taunt|p1a: Heatran
|-start|p1a: Heatran|move: Taunt
|cant|p1a: Heatran|move: Taunt|Toxic
|
|-heal|p1a: Heatran|385\/386|[from] item: Leftovers
|turn|54
|
|switch|p2a: Slowbro|Slowbro-Mega, F|317\/393
|-damage|p2a: Slowbro|268\/393|[from] Stealth Rock
|switch|p1a: Latios|Latios, M|221\/301
|
|-heal|p1a: Latios|239\/301|[from] item: Leftovers
|turn|55
|c|âDJ Laga|THE DREAM
|c|âDJ Laga|52 SpA Latios Draco Meteor vs. 252 HP \/ 0 SpD Mega Slowbro: 256-303 (64.9 - 76.9%) -- guaranteed 2HKO
|c|âDJ Laga|bruh if i get min
|
|move|p1a: Latios|Draco Meteor|p2a: Slowbro
|-damage|p2a: Slowbro|0 fnt
|-unboost|p1a: Latios|spa|2
|faint|p2a: Slowbro
|
|-heal|p1a: Latios|257\/301|[from] item: Leftovers
|c|âDJ Laga|aaaaaaaaaaaaaaaaaah
|c|âDJ Laga|joseph wats wrong budE
|c|âoml it's too ez|wat?
|c|âoml it's too ez|oh im just replying to ppl on rmt
|c|âDJ Laga|aye
|
|switch|p2a: Heatran|Heatran, M|336\/384
|-damage|p2a: Heatran|288\/384|[from] Stealth Rock
|turn|56
|-message|oml it's too ez forfeited.
|leave|oml it's too ez
|
|win|DJ Laga
|player|p2