|join|AV Lugia
|join|oml it's too ez
|player|p1|AV Lugia|239
|player|p2|oml it's too ez|147
|gametype|singles
|gen|6
|tier|OU (suspect test)
|rated
|clearpoke
|poke|p1|Infernape, M
|poke|p1|Metagross
|poke|p1|Thundurus, M
|poke|p1|Dragonite, M
|poke|p1|Keldeo-Resolute
|poke|p1|Bisharp, F
|poke|p2|Chesnaught, M
|poke|p2|Metagross
|poke|p2|Keldeo
|poke|p2|Terrakion
|poke|p2|Landorus, M
|poke|p2|Thundurus, M
|rule|Swagger Clause: Swagger is banned
|rule|Baton Pass Clause: Limit one PokÃ©mon knowing Baton Pass
|rule|Sleep Clause Mod: Limit one foe put to sleep
|rule|Species Clause: Limit one of each PokÃ©mon
|rule|OHKO Clause: OHKO moves are banned
|rule|Moody Clause: Moody is banned
|rule|Evasion Moves Clause: Evasion moves are banned
|rule|Endless Battle Clause: Forcing endless battles is banned
|rule|HP Percentage Mod: HP is shown in percentages
|teampreview
|
|start
|switch|p1a: Infernape|Infernape, M|293\/293
|switch|p2a: Terrakion|Terrakion|323\/323
|turn|1
|
|move|p2a: Terrakion|Stealth Rock|p1a: Infernape
|-sidestart|p1: AV Lugia|move: Stealth Rock
|move|p1a: Infernape|Stealth Rock|p2a: Terrakion
|-sidestart|p2: oml it's too ez|move: Stealth Rock
|
|turn|2
|
|move|p1a: Infernape|Vacuum Wave|p2a: Terrakion
|-supereffective|p2a: Terrakion
|-damage|p2a: Terrakion|195\/323
|move|p2a: Terrakion|Close Combat|p1a: Infernape
|-enditem|p1a: Infernape|Focus Sash
|-damage|p1a: Infernape|1\/293
|-unboost|p2a: Terrakion|def|1
|-unboost|p2a: Terrakion|spd|1
|
|turn|3
|
|move|p1a: Infernape|Vacuum Wave|p2a: Terrakion
|-crit|p2a: Terrakion
|-supereffective|p2a: Terrakion
|-damage|p2a: Terrakion|0 fnt
|faint|p2a: Terrakion
|
|
|switch|p2a: Keldeo|Keldeo|323\/323
|-damage|p2a: Keldeo|303\/323|[from] Stealth Rock
|turn|4
|
|move|p2a: Keldeo|Scald|p1a: Infernape
|-supereffective|p1a: Infernape
|-damage|p1a: Infernape|0 fnt
|faint|p1a: Infernape
|
|
|switch|p1a: Thundurus|Thundurus, M|299\/299
|-damage|p1a: Thundurus|225\/299|[from] Stealth Rock
|turn|5
|
|move|p2a: Keldeo|Scald|p1a: Thundurus
|-damage|p1a: Thundurus|42\/299
|move|p1a: Thundurus|Thunderbolt|p2a: Keldeo
|-supereffective|p2a: Keldeo
|-damage|p2a: Keldeo|0 fnt
|-damage|p1a: Thundurus|13\/299|[from] item: Life Orb
|faint|p2a: Keldeo
|
|
|switch|p2a: Thundurus|Thundurus, M|299\/299
|-damage|p2a: Thundurus|225\/299|[from] Stealth Rock
|turn|6
|
|move|p1a: Thundurus|Hidden Power|p2a: Thundurus
|-supereffective|p2a: Thundurus
|-damage|p2a: Thundurus|30\/299
|-damage|p1a: Thundurus|0 fnt|[from] item: Life Orb
|faint|p1a: Thundurus
|move|p2a: Thundurus|Thunderbolt|p1: Thundurus|[notarget]
|-notarget
|
|-heal|p2a: Thundurus|48\/299|[from] item: Leftovers
|
|switch|p1a: Dragonite|Dragonite, M|323\/323
|-damage|p1a: Dragonite|243\/323|[from] Stealth Rock
|turn|7
|
|move|p1a: Dragonite|Extreme Speed|p2a: Thundurus
|-damage|p2a: Thundurus|0 fnt
|faint|p2a: Thundurus
|
|
|switch|p2a: Chesnaught|Chesnaught, M|316\/316
|-damage|p2a: Chesnaught|297\/316|[from] Stealth Rock
|turn|8
|
|switch|p1a: Keldeo-Resolute|Keldeo-Resolute|322\/322
|-damage|p1a: Keldeo-Resolute|302\/322|[from] Stealth Rock
|move|p2a: Chesnaught|Substitute|p2a: Chesnaught
|-start|p2a: Chesnaught|Substitute
|-damage|p2a: Chesnaught|218\/316
|
|turn|9
|
|move|p1a: Keldeo-Resolute|Hidden Power|p2a: Chesnaught
|-supereffective|p2a: Chesnaught
|-end|p2a: Chesnaught|Substitute
|move|p2a: Chesnaught|Belly Drum|p2a: Chesnaught
|-damage|p2a: Chesnaught|60\/316
|-setboost|p2a: Chesnaught|atk|6|[from] move: Belly Drum
|-enditem|p2a: Chesnaught|Salac Berry|[eat]
|-boost|p2a: Chesnaught|spe|1|[from] item: Salac Berry
|
|turn|10
|
|move|p2a: Chesnaught|Seed Bomb|p1a: Keldeo-Resolute
|-supereffective|p1a: Keldeo-Resolute
|-damage|p1a: Keldeo-Resolute|0 fnt
|faint|p1a: Keldeo-Resolute
|
|
|switch|p1a: Dragonite|Dragonite, M|243\/323
|-damage|p1a: Dragonite|163\/323|[from] Stealth Rock
|turn|11
|c|âAV Lugia|lol
|c|âoml it's too ez|i missclicked
|c|âoml it's too ez|y didnt i drain punch im so bad
|
|move|p1a: Dragonite|Extreme Speed|p2a: Chesnaught
|-damage|p2a: Chesnaught|0 fnt
|faint|p2a: Chesnaught
|
|
|switch|p2a: Metagross|Metagross|301\/301
|-damage|p2a: Metagross|283\/301|[from] Stealth Rock
|turn|12
|
|detailschange|p2a: Metagross|Metagross-Mega
|-mega|p2a: Metagross|Metagross|Metagrossite
|move|p1a: Dragonite|Extreme Speed|p2a: Metagross
|-resisted|p2a: Metagross
|-damage|p2a: Metagross|227\/301
|move|p2a: Metagross|Pursuit|p1a: Dragonite
|-damage|p1a: Dragonite|89\/323
|
|turn|13
|
|move|p1a: Dragonite|Extreme Speed|p2a: Metagross
|-resisted|p2a: Metagross
|-damage|p2a: Metagross|172\/301
|move|p2a: Metagross|Meteor Mash|p1a: Dragonite
|-damage|p1a: Dragonite|0 fnt
|-boost|p2a: Metagross|atk|1
|faint|p1a: Dragonite
|
|
|switch|p1a: Bisharp|Bisharp, F|291\/291
|-damage|p1a: Bisharp|273\/291|[from] Stealth Rock
|turn|14
|c|âoml it's too ez|have i seen u b4
|
|switch|p2a: Landorus|Landorus, M|345\/345
|-damage|p2a: Landorus|302\/345|[from] Stealth Rock
|move|p1a: Bisharp|Knock Off|p2a: Landorus
|-damage|p2a: Landorus|49\/345
|-enditem|p2a: Landorus|Life Orb|[from] move: Knock Off|[of] p1a: Bisharp
|-damage|p1a: Bisharp|244\/291|[from] item: Life Orb
|
|turn|15
|
|move|p1a: Bisharp|Sucker Punch|p2a: Landorus
|-fail|p2a: Landorus
|move|p2a: Landorus|Rock Polish|p2a: Landorus
|-boost|p2a: Landorus|spe|2
|
|turn|16
|
|move|p1a: Bisharp|Sucker Punch|p2a: Landorus
|-damage|p2a: Landorus|0 fnt
|-damage|p1a: Bisharp|215\/291|[from] item: Life Orb
|faint|p2a: Landorus
|
|
|switch|p2a: Metagross|Metagross-Mega|172\/301
|-damage|p2a: Metagross|154\/301|[from] Stealth Rock
|turn|17
|
|move|p1a: Bisharp|Sucker Punch|p2a: Metagross
|-supereffective|p2a: Metagross
|-damage|p2a: Metagross|0 fnt
|-damage|p1a: Bisharp|186\/291|[from] item: Life Orb
|faint|p2a: Metagross
|
|win|AV Lugia
|raw|Ladder updating...
|raw|AV Lugia's rating: 1314 &rarr; <strong>1335<\/strong><br \/>(+21 for winning)
|raw|oml it&apos;s too ez's rating: 1325 &rarr; <strong>1305<\/strong><br \/>(-20 for losing)
|c|âAV Lugia|gg
|c|âoml it's too ez|gg
|c|âoml it's too ez|merry xmas
|c|âAV Lugia|u2
|leave|oml it's too ez
|player|p2