|join|fifa2
|join|MoB Barley
|player|p1|fifa2|257
|player|p2|MoB Barley|161
|gametype|singles
|gen|6
|tier|OU
|rated
|clearpoke
|poke|p1|Ninetales, F
|poke|p1|Donphan, F
|poke|p1|Heatran, M
|poke|p1|Gyarados, F
|poke|p1|Venusaur, M
|poke|p1|Dragonite, M
|poke|p2|Diancie, shiny
|poke|p2|Hydreigon, M, shiny
|poke|p2|Magnezone
|poke|p2|Jirachi, shiny
|poke|p2|Landorus-Therian, M
|poke|p2|Azumarill, M
|rule|Swagger Clause: Swagger is banned
|rule|Baton Pass Clause: Limit one PokÃ©mon knowing Baton Pass
|rule|Sleep Clause Mod: Limit one foe put to sleep
|rule|Species Clause: Limit one of each PokÃ©mon
|rule|OHKO Clause: OHKO moves are banned
|rule|Moody Clause: Moody is banned
|rule|Evasion Moves Clause: Evasion moves are banned
|rule|Endless Battle Clause: Forcing endless battles is banned
|rule|HP Percentage Mod: HP is shown in percentages
|teampreview
|join|Joonitor
|
|start
|switch|p1a: Donphan|Donphan, F|361\/361
|switch|p2a: Angel|Diancie, shiny|241\/241
|turn|1
|
|detailschange|p2a: Angel|Diancie-Mega, shiny
|-mega|p2a: Angel|Diancie|Diancite
|move|p2a: Angel|Protect|p2a: Angel
|-singleturn|p2a: Angel|Protect
|move|p1a: Donphan|Earthquake|p2a: Angel
|-activate|p2a: Angel|Protect
|
|turn|2
|c| Joonitor|sun team O-O
|
|switch|p2a: Iluminatti|Hydreigon, M, shiny|325\/325
|move|p1a: Donphan|Knock Off|p2a: Iluminatti
|-resisted|p2a: Iluminatti
|-damage|p2a: Iluminatti|255\/325
|-enditem|p2a: Iluminatti|Life Orb|[from] move: Knock Off|[of] p1a: Donphan
|
|turn|3
|
|switch|p1a: Heatran|Heatran, M|385\/385
|move|p2a: Iluminatti|Dark Pulse|p1a: Heatran
|-damage|p1a: Heatran|283\/385
|
|-heal|p1a: Heatran|307\/385|[from] item: Leftovers
|turn|4
|
|switch|p1a: Gyarados|Gyarados, F|394\/394
|-ability|p1a: Gyarados|Intimidate|[of] p2a: Iluminatti
|-unboost|p2a: Iluminatti|atk|1
|move|p2a: Iluminatti|Superpower|p1a: Gyarados
|-resisted|p1a: Gyarados
|-damage|p1a: Gyarados|363\/394
|-unboost|p2a: Iluminatti|atk|1
|-unboost|p2a: Iluminatti|def|1
|
|-heal|p1a: Gyarados|387\/394|[from] item: Leftovers
|turn|5
|join|unity chuggarules
|
|switch|p1a: Heatran|Heatran, M|307\/385
|move|p2a: Iluminatti|Draco Meteor|p1a: Heatran
|-resisted|p1a: Heatran
|-damage|p1a: Heatran|217\/385
|-unboost|p2a: Iluminatti|spa|2
|
|-heal|p1a: Heatran|241\/385|[from] item: Leftovers
|turn|6
|
|switch|p2a: Angel|Diancie-Mega, shiny|241\/241
|move|p1a: Heatran|Lava Plume|p2a: Angel
|-resisted|p2a: Angel
|-damage|p2a: Angel|178\/241
|-status|p2a: Angel|brn
|
|-heal|p1a: Heatran|265\/385|[from] item: Leftovers
|-damage|p2a: Angel|148\/241 brn|[from] brn
|turn|7
|c|âMoB Barley|smfh
|c| Joonitor|lmao
|
|switch|p1a: Gyarados|Gyarados, F|387\/394
|-ability|p1a: Gyarados|Intimidate|[of] p2a: Angel
|-unboost|p2a: Angel|atk|1
|move|p2a: Angel|Earth Power|p1a: Gyarados
|-immune|p1a: Gyarados|[msg]
|
|-heal|p1a: Gyarados|394\/394|[from] item: Leftovers
|-damage|p2a: Angel|118\/241 brn|[from] brn
|turn|8
|
|switch|p2a: land doge|Landorus-Therian, M|319\/319
|-ability|p2a: land doge|Intimidate|[of] p1a: Gyarados
|-unboost|p1a: Gyarados|atk|1
|move|p1a: Gyarados|Waterfall|p2a: land doge
|-supereffective|p2a: land doge
|-damage|p2a: land doge|151\/319
|
|turn|9
|
|switch|p1a: Donphan|Donphan, F|361\/361
|move|p2a: land doge|U-turn|p1a: Donphan
|-damage|p1a: Donphan|290\/361
|
|switch|p2a: Iluminatti|Hydreigon, M, shiny|255\/325
|
|-heal|p1a: Donphan|312\/361|[from] item: Leftovers
|turn|10
|
|switch|p1a: Gyarados|Gyarados, F|394\/394
|-ability|p1a: Gyarados|Intimidate|[of] p2a: Iluminatti
|-unboost|p2a: Iluminatti|atk|1
|move|p2a: Iluminatti|Dark Pulse|p1a: Gyarados
|-damage|p1a: Gyarados|238\/394
|
|-heal|p1a: Gyarados|262\/394|[from] item: Leftovers
|turn|11
|
|switch|p1a: Heatran|Heatran, M|265\/385
|move|p2a: Iluminatti|Dark Pulse|p1a: Heatran
|-damage|p1a: Heatran|156\/385
|
|-heal|p1a: Heatran|180\/385|[from] item: Leftovers
|turn|12
|
|move|p2a: Iluminatti|Dark Pulse|p1a: Heatran
|-damage|p1a: Heatran|72\/385
|move|p1a: Heatran|Lava Plume|p2a: Iluminatti
|-resisted|p2a: Iluminatti
|-damage|p2a: Iluminatti|180\/325
|
|-heal|p1a: Heatran|96\/385|[from] item: Leftovers
|turn|13
|
|switch|p1a: Ninetales|Ninetales, F|287\/287
|-weather|SunnyDay
|move|p2a: Iluminatti|Dark Pulse|p1a: Ninetales
|-damage|p1a: Ninetales|142\/287
|
|-weather|SunnyDay|[upkeep]
|turn|14
|
|move|p1a: Ninetales|Overheat|p2a: Iluminatti
|-resisted|p2a: Iluminatti
|-damage|p2a: Iluminatti|30\/325
|-unboost|p1a: Ninetales|spa|2
|move|p2a: Iluminatti|Dark Pulse|p1a: Ninetales
|-damage|p1a: Ninetales|1\/287
|
|-weather|SunnyDay|[upkeep]
|turn|15
|
|switch|p2a: Starburst|Jirachi, shiny|404\/404
|move|p1a: Ninetales|Overheat|p2a: Starburst
|-supereffective|p2a: Starburst
|-damage|p2a: Starburst|200\/404
|-unboost|p1a: Ninetales|spa|2
|
|-weather|SunnyDay|[upkeep]
|-heal|p2a: Starburst|225\/404|[from] item: Leftovers
|turn|16
|
|switch|p1a: Heatran|Heatran, M|96\/385
|move|p2a: Starburst|Stealth Rock|p1a: Heatran
|-sidestart|p1: fifa2|move: Stealth Rock
|
|-weather|SunnyDay|[upkeep]
|-heal|p2a: Starburst|250\/404|[from] item: Leftovers
|-heal|p1a: Heatran|120\/385|[from] item: Leftovers
|turn|17
|
|move|p2a: Starburst|Wish|p2a: Starburst
|move|p1a: Heatran|Lava Plume|p2a: Starburst
|-supereffective|p2a: Starburst
|-damage|p2a: Starburst|0 fnt
|faint|p2a: Starburst
|
|-weather|SunnyDay|[upkeep]
|-heal|p1a: Heatran|144\/385|[from] item: Leftovers
|
|switch|p2a: Iluminatti|Hydreigon, M, shiny|30\/325
|turn|18
|
|move|p2a: Iluminatti|Superpower|p1a: Heatran
|-supereffective|p1a: Heatran
|-damage|p1a: Heatran|0 fnt
|-unboost|p2a: Iluminatti|atk|1
|-unboost|p2a: Iluminatti|def|1
|faint|p1a: Heatran
|
|-weather|SunnyDay|[upkeep]
|-heal|p2a: Iluminatti|232\/325|[from] move: Wish|[wisher] Starburst
|
|switch|p1a: Donphan|Donphan, F|312\/361
|-damage|p1a: Donphan|290\/361|[from] Stealth Rock
|turn|19
|c| Joonitor|fucking played like fiddle
|
|move|p1a: Donphan|Ice Shard|p2a: Iluminatti
|-supereffective|p2a: Iluminatti
|-damage|p2a: Iluminatti|64\/325
|move|p2a: Iluminatti|Draco Meteor|p1a: Donphan
|-damage|p1a: Donphan|0 fnt
|-unboost|p2a: Iluminatti|spa|2
|faint|p1a: Donphan
|
|-weather|SunnyDay|[upkeep]
|
|switch|p1a: Venusaur|Venusaur, M|338\/338
|-damage|p1a: Venusaur|296\/338|[from] Stealth Rock
|turn|20
|c| Joonitor|my sides
|c| Joonitor|XD
|
|switch|p2a: Magneto|Magnezone|281\/281
|move|p1a: Venusaur|Sludge Bomb|p2a: Magneto
|-immune|p2a: Magneto|[msg]
|
|-weather|none
|turn|21
|
|detailschange|p1a: Venusaur|Venusaur-Mega, M
|-mega|p1a: Venusaur|Venusaur|Venusaurite
|move|p2a: Magneto|Flash Cannon|p1a: Venusaur
|-damage|p1a: Venusaur|176\/338
|move|p1a: Venusaur|Hidden Power|p2a: Magneto
|-supereffective|p2a: Magneto
|-damage|p2a: Magneto|127\/281
|
|turn|22
|
|switch|p2a: land doge|Landorus-Therian, M|151\/319
|-ability|p2a: land doge|Intimidate|[of] p1a: Venusaur
|-unboost|p1a: Venusaur|atk|1
|switch|p1a: Gyarados|Gyarados, F|262\/394
|-damage|p1a: Gyarados|164\/394|[from] Stealth Rock
|-ability|p1a: Gyarados|Intimidate|[of] p2a: land doge
|-unboost|p2a: land doge|atk|1
|
|-heal|p1a: Gyarados|188\/394|[from] item: Leftovers
|turn|23
|
|move|p2a: land doge|U-turn|p1a: Gyarados
|-crit|p1a: Gyarados
|-resisted|p1a: Gyarados
|-damage|p1a: Gyarados|133\/394
|
|switch|p2a: Wabbit Season|Azumarill, M|360\/360
|move|p1a: Gyarados|Waterfall|p2a: Wabbit Season
|-resisted|p2a: Wabbit Season
|-damage|p2a: Wabbit Season|296\/360
|
|-heal|p1a: Gyarados|157\/394|[from] item: Leftovers
|turn|24
|
|switch|p1a: Ninetales|Ninetales, F|1\/287
|-damage|p1a: Ninetales|0 fnt|[from] Stealth Rock
|faint|p1a: Ninetales
|move|p2a: Wabbit Season|Play Rough|p1: Ninetales|[notarget]
|-notarget
|
|
|switch|p1a: Venusaur|Venusaur-Mega, M|176\/338
|-damage|p1a: Venusaur|134\/338|[from] Stealth Rock
|turn|25
|
|switch|p2a: Magneto|Magnezone|127\/281
|move|p1a: Venusaur|Giga Drain|p2a: Magneto
|-resisted|p2a: Magneto
|-damage|p2a: Magneto|53\/281
|-heal|p1a: Venusaur|171\/338|[from] drain|[of] p2a: Magneto
|
|turn|26
|
|move|p2a: Magneto|Flash Cannon|p1a: Venusaur
|-crit|p1a: Venusaur
|-damage|p1a: Venusaur|0 fnt
|faint|p1a: Venusaur
|
|
|switch|p1a: Gyarados|Gyarados, F|157\/394
|-damage|p1a: Gyarados|59\/394|[from] Stealth Rock
|-ability|p1a: Gyarados|Intimidate|[of] p2a: Magneto
|-unboost|p2a: Magneto|atk|1
|turn|27
|
|move|p2a: Magneto|Flash Cannon|p1a: Gyarados
|-resisted|p1a: Gyarados
|-damage|p1a: Gyarados|0 fnt
|faint|p1a: Gyarados
|
|-message|fifa2 forfeited.
|
|win|MoB Barley
|raw|Ladder updating...
|leave|fifa2
|player|p1
|raw|fifa2's rating: 1660 &rarr; <strong>1645<\/strong><br \/>(-15 for losing)
|raw|MoB Barley's rating: 1734 &rarr; <strong>1750<\/strong><br \/>(+16 for winning)