|join|With No Survivors
|join|3Go
|player|p1|With No Survivors|248
|player|p2|3Go|101
|gametype|singles
|gen|6
|tier|OU
|rated
|clearpoke
|poke|p1|Charizard, F
|poke|p1|Tyranitar, M
|poke|p1|Excadrill, M
|poke|p1|Chesnaught, F
|poke|p1|Slowbro, M
|poke|p1|Chansey, F
|poke|p2|Scizor, M
|poke|p2|Heatran, F
|poke|p2|Landorus-Therian, M
|poke|p2|Keldeo
|poke|p2|Latios, M, shiny
|poke|p2|Metagross, shiny
|rule|Swagger Clause: Swagger is banned
|rule|Baton Pass Clause: Limit one PokÃ©mon knowing Baton Pass
|rule|Sleep Clause Mod: Limit one foe put to sleep
|rule|Species Clause: Limit one of each PokÃ©mon
|rule|OHKO Clause: OHKO moves are banned
|rule|Moody Clause: Moody is banned
|rule|Evasion Moves Clause: Evasion moves are banned
|rule|Endless Battle Clause: Forcing endless battles is banned
|rule|HP Percentage Mod: HP is shown in percentages
|teampreview
|
|start
|switch|p1a: Charizard|Charizard, F|297\/297
|switch|p2a: Heatran|Heatran, F|324\/324
|-item|p2a: Heatran|Air Balloon
|turn|1
|
|detailschange|p1a: Charizard|Charizard-Mega-Y, F
|message|Charizard has Mega Evolved into Mega Charizard!
|-weather|SunnyDay
|move|p1a: Charizard|Solar Beam|p2a: Heatran|[still]
|-prepare|p1a: Charizard|Solar Beam|p2a: Heatran
|-anim|p1a: Charizard|Solar Beam|p2a: Heatran
|-resisted|p2a: Heatran
|-damage|p2a: Heatran|287\/324
|-enditem|p2a: Heatran|Air Balloon
|move|p2a: Heatran|Stealth Rock|p1a: Charizard
|-sidestart|p1: With No Survivors|move: Stealth Rock
|
|-weather|SunnyDay|[upkeep]
|turn|2
|
|switch|p2a: Latios|Latios, M, shiny|301\/301
|move|p1a: Charizard|Fire Blast|p2a: Latios
|-resisted|p2a: Latios
|-damage|p2a: Latios|112\/301
|
|-weather|SunnyDay|[upkeep]
|turn|3
|
|switch|p1a: Tyranitar|Tyranitar, M|404\/404
|-damage|p1a: Tyranitar|354\/404|[from] Stealth Rock
|-weather|Sandstorm
|move|p2a: Latios|Draco Meteor|p1a: Tyranitar
|-damage|p1a: Tyranitar|140\/404
|-unboost|p2a: Latios|spa|2
|-damage|p2a: Latios|82\/301|[from] item: Life Orb
|
|-weather|Sandstorm|[upkeep]
|-damage|p2a: Latios|64\/301|[from] sandstorm
|turn|4
|
|move|p2a: Latios|Earthquake|p1a: Tyranitar
|-supereffective|p1a: Tyranitar
|-damage|p1a: Tyranitar|0 fnt
|-damage|p2a: Latios|34\/301|[from] item: Life Orb
|faint|p1a: Tyranitar
|
|-weather|Sandstorm|[upkeep]
|-damage|p2a: Latios|16\/301|[from] sandstorm
|
|switch|p1a: Excadrill|Excadrill, M|362\/362
|-damage|p1a: Excadrill|351\/362|[from] Stealth Rock
|turn|5
|
|move|p1a: Excadrill|Rapid Spin|p2a: Latios
|-damage|p2a: Latios|0 fnt
|-sideend|p1: With No Survivors|Stealth Rock|[from] move: Rapid Spin|[of] p1a: Excadrill
|faint|p2a: Latios
|
|-weather|Sandstorm|[upkeep]
|
|switch|p2a: Landorus-Therian|Landorus-Therian, M|325\/325
|-ability|p2a: Landorus-Therian|Intimidate|[of] p1a: Excadrill
|-unboost|p1a: Excadrill|atk|1
|turn|6
|
|switch|p1a: Charizard|Charizard-Mega-Y, F|297\/297
|-weather|SunnyDay
|move|p2a: Landorus-Therian|U-turn|p1a: Charizard
|-resisted|p1a: Charizard
|-damage|p1a: Charizard|268\/297
|
|switch|p2a: Keldeo|Keldeo|324\/324
|
|-weather|SunnyDay|[upkeep]
|turn|7
|
|move|p2a: Keldeo|Hydro Pump|p1a: Charizard
|-supereffective|p1a: Charizard
|-damage|p1a: Charizard|0 fnt
|faint|p1a: Charizard
|
|-weather|SunnyDay|[upkeep]
|
|switch|p1a: Chesnaught|Chesnaught, F|318\/318
|turn|8
|
|switch|p2a: Heatran|Heatran, F|287\/324
|move|p1a: Chesnaught|Substitute|p1a: Chesnaught
|-start|p1a: Chesnaught|Substitute
|-damage|p1a: Chesnaught|239\/318
|
|-weather|SunnyDay|[upkeep]
|-heal|p1a: Chesnaught|258\/318|[from] item: Leftovers
|turn|9
|
|move|p2a: Heatran|Flash Cannon|p1a: Chesnaught
|-end|p1a: Chesnaught|Substitute
|move|p1a: Chesnaught|Drain Punch|p2a: Heatran
|-supereffective|p2a: Heatran
|-damage|p2a: Heatran|27\/324
|-heal|p1a: Chesnaught|318\/318|[from] drain|[of] p2a: Heatran
|
|-weather|SunnyDay|[upkeep]
|turn|10
|
|move|p2a: Heatran|Fire Blast|p1a: Chesnaught
|-supereffective|p1a: Chesnaught
|-damage|p1a: Chesnaught|0 fnt
|faint|p1a: Chesnaught
|
|-weather|none
|
|switch|p1a: Excadrill|Excadrill, M|351\/362
|turn|11
|
|move|p1a: Excadrill|Iron Head|p2a: Heatran
|-resisted|p2a: Heatran
|-damage|p2a: Heatran|0 fnt
|faint|p2a: Heatran
|
|
|switch|p2a: Landorus-Therian|Landorus-Therian, M|325\/325
|-ability|p2a: Landorus-Therian|Intimidate|[of] p1a: Excadrill
|-unboost|p1a: Excadrill|atk|1
|turn|12
|
|switch|p1a: Slowbro|Slowbro, M|394\/394
|move|p2a: Landorus-Therian|Earthquake|p1a: Slowbro
|-damage|p1a: Slowbro|217\/394
|
|turn|13
|
|switch|p2a: Keldeo|Keldeo|324\/324
|move|p1a: Slowbro|Slack Off|p1a: Slowbro
|-heal|p1a: Slowbro|394\/394
|
|turn|14
|
|move|p2a: Keldeo|Scald|p1a: Slowbro
|-resisted|p1a: Slowbro
|-damage|p1a: Slowbro|276\/394
|move|p1a: Slowbro|Psychic|p2a: Keldeo
|-supereffective|p2a: Keldeo
|-damage|p2a: Keldeo|0 fnt
|faint|p2a: Keldeo
|
|
|switch|p2a: Scizor|Scizor, M|281\/281
|turn|15
|
|switch|p1a: Chansey|Chansey, F|642\/642
|detailschange|p2a: Scizor|Scizor-Mega, M
|message|Scizor has Mega Evolved into Mega Scizor!
|move|p2a: Scizor|Bug Bite|p1a: Chansey
|-damage|p1a: Chansey|366\/642
|
|turn|16
|
|move|p2a: Scizor|Swords Dance|p2a: Scizor
|-boost|p2a: Scizor|atk|2
|move|p1a: Chansey|Thunder Wave|p2a: Scizor
|-status|p2a: Scizor|par
|
|turn|17
|
|switch|p1a: Slowbro|Slowbro, M|394\/394
|move|p2a: Scizor|Bullet Punch|p1a: Slowbro
|-resisted|p1a: Slowbro
|-damage|p1a: Slowbro|264\/394
|-damage|p2a: Scizor|235\/281 par|[from] item: Rocky Helmet|[of] p1a: Slowbro
|
|turn|18
|
|move|p1a: Slowbro|Fire Blast|p2a: Scizor
|-supereffective|p2a: Scizor
|-damage|p2a: Scizor|0 fnt
|faint|p2a: Scizor
|
|
|switch|p2a: Landorus-Therian|Landorus-Therian, M|325\/325
|-ability|p2a: Landorus-Therian|Intimidate|[of] p1a: Slowbro
|-unboost|p1a: Slowbro|atk|1
|turn|19
|
|switch|p1a: Chansey|Chansey, F|366\/642
|move|p2a: Landorus-Therian|Knock Off|p1a: Chansey
|-damage|p1a: Chansey|190\/642
|-enditem|p1a: Chansey|Eviolite|[from] move: Knock Off|[of] p2a: Landorus-Therian
|
|turn|20
|
|switch|p2a: Metagross|Metagross, shiny|302\/302
|move|p1a: Chansey|Soft-Boiled|p1a: Chansey
|-heal|p1a: Chansey|511\/642
|
|turn|21
|
|switch|p2a: Landorus-Therian|Landorus-Therian, M|325\/325
|-ability|p2a: Landorus-Therian|Intimidate|[of] p1a: Chansey
|-unboost|p1a: Chansey|atk|1
|move|p1a: Chansey|Thunder Wave|p2a: Landorus-Therian
|-immune|p2a: Landorus-Therian|[msg]
|
|turn|22
|
|move|p2a: Landorus-Therian|Earthquake|p1a: Chansey
|-damage|p1a: Chansey|115\/642
|move|p1a: Chansey|Seismic Toss|p2a: Landorus-Therian
|-damage|p2a: Landorus-Therian|225\/325
|
|turn|23
|
|move|p2a: Landorus-Therian|Earthquake|p1a: Chansey
|-damage|p1a: Chansey|0 fnt
|faint|p1a: Chansey
|
|
|switch|p1a: Slowbro|Slowbro, M|394\/394
|turn|24
|
|move|p2a: Landorus-Therian|Earthquake|p1a: Slowbro
|-damage|p1a: Slowbro|207\/394
|move|p1a: Slowbro|Scald|p2a: Landorus-Therian
|-supereffective|p2a: Landorus-Therian
|-damage|p2a: Landorus-Therian|0 fnt
|faint|p2a: Landorus-Therian
|
|
|switch|p2a: Metagross|Metagross, shiny|302\/302
|turn|25
|
|switch|p1a: Excadrill|Excadrill, M|351\/362
|move|p2a: Metagross|Earthquake|p1a: Excadrill
|-supereffective|p1a: Excadrill
|-damage|p1a: Excadrill|0 fnt
|-damage|p2a: Metagross|272\/302|[from] item: Life Orb
|faint|p1a: Excadrill
|
|
|switch|p1a: Slowbro|Slowbro, M|338\/394
|turn|26
|
|move|p2a: Metagross|Zen Headbutt|p1a: Slowbro
|-resisted|p1a: Slowbro
|-damage|p1a: Slowbro|244\/394
|-damage|p2a: Metagross|222\/302|[from] item: Rocky Helmet|[of] p1a: Slowbro
|-damage|p2a: Metagross|192\/302|[from] item: Life Orb
|move|p1a: Slowbro|Slack Off|p1a: Slowbro
|-heal|p1a: Slowbro|394\/394
|
|turn|27
|
|move|p2a: Metagross|Earthquake|p1a: Slowbro
|-damage|p1a: Slowbro|254\/394
|-damage|p2a: Metagross|162\/302|[from] item: Life Orb
|move|p1a: Slowbro|Fire Blast|p2a: Metagross
|-supereffective|p2a: Metagross
|-damage|p2a: Metagross|0 fnt
|faint|p2a: Metagross
|
|win|With No Survivors
|raw|Ladder updating...
|raw|With No Survivors's rating: 1603 &rarr; <strong>1623<\/strong><br \/>(+20 for winning)
|raw|3Go's rating: 1591 &rarr; <strong>1571<\/strong><br \/>(-20 for losing)
|c|âWith No Survivors|gg
|leave|3Go
|player|p2