|join|With No Survivors
|join|fix the ladder
|player|p1|With No Survivors|248
|player|p2|fix the ladder|153
|gametype|singles
|gen|6
|tier|OU
|rated
|clearpoke
|poke|p1|Excadrill, M
|poke|p1|Tyranitar, F
|poke|p1|Landorus-Therian, M
|poke|p1|Diancie
|poke|p1|Chesnaught, M
|poke|p1|Amoonguss, F
|poke|p2|Heatran, M
|poke|p2|Gallade, M
|poke|p2|Dragonite, M
|poke|p2|Clefable, F
|poke|p2|Rotom-Wash
|poke|p2|Latias, F
|rule|Swagger Clause: Swagger is banned
|rule|Baton Pass Clause: Limit one PokÃ©mon knowing Baton Pass
|rule|Sleep Clause Mod: Limit one foe put to sleep
|rule|Species Clause: Limit one of each PokÃ©mon
|rule|OHKO Clause: OHKO moves are banned
|rule|Moody Clause: Moody is banned
|rule|Evasion Moves Clause: Evasion moves are banned
|rule|Endless Battle Clause: Forcing endless battles is banned
|rule|HP Percentage Mod: HP is shown in percentages
|teampreview
|
|start
|switch|p1a: Landorus-Therian|Landorus-Therian, M|320\/320
|switch|p2a: Gallade|Gallade, M|278\/278
|-ability|p1a: Landorus-Therian|Intimidate|[of] p2a: Gallade
|-unboost|p2a: Gallade|atk|1
|turn|1
|
|switch|p2a: Clefable|Clefable, F|394\/394
|move|p1a: Landorus-Therian|U-turn|p2a: Clefable
|-resisted|p2a: Clefable
|-damage|p2a: Clefable|356\/394
|
|switch|p1a: Diancie|Diancie|241\/241
|
|-heal|p2a: Clefable|380\/394|[from] item: Leftovers
|turn|2
|
|switch|p2a: Rotom-Wash|Rotom-Wash|304\/304
|detailschange|p1a: Diancie|Diancie-Mega
|message|Diancie has Mega Evolved into Mega Diancie!
|move|p1a: Diancie|Moonblast|p2a: Rotom-Wash
|-damage|p2a: Rotom-Wash|105\/304
|-unboost|p2a: Rotom-Wash|spa|1
|
|-heal|p2a: Rotom-Wash|124\/304|[from] item: Leftovers
|turn|3
|
|switch|p2a: Heatran|Heatran, M|386\/386
|move|p1a: Diancie|Moonblast|p2a: Heatran
|-resisted|p2a: Heatran
|-damage|p2a: Heatran|352\/386
|
|-heal|p2a: Heatran|376\/386|[from] item: Leftovers
|turn|4
|
|move|p2a: Heatran|Protect|p2a: Heatran
|-singleturn|p2a: Heatran|Protect
|move|p1a: Diancie|Earth Power|p2a: Heatran
|-activate|p2a: Heatran|Protect
|
|-heal|p2a: Heatran|386\/386|[from] item: Leftovers
|turn|5
|
|move|p1a: Diancie|Earth Power|p2a: Heatran
|-supereffective|p2a: Heatran
|-damage|p2a: Heatran|58\/386
|move|p2a: Heatran|Lava Plume|p1a: Diancie
|-resisted|p1a: Diancie
|-damage|p1a: Diancie|181\/241
|
|-heal|p2a: Heatran|82\/386|[from] item: Leftovers
|turn|6
|
|move|p2a: Heatran|Protect|p2a: Heatran
|-singleturn|p2a: Heatran|Protect
|move|p1a: Diancie|Diamond Storm|p2a: Heatran
|-activate|p2a: Heatran|Protect
|
|-heal|p2a: Heatran|106\/386|[from] item: Leftovers
|turn|7
|
|switch|p2a: Rotom-Wash|Rotom-Wash|124\/304
|move|p1a: Diancie|Earth Power|p2a: Rotom-Wash
|-immune|p2a: Rotom-Wash|[msg]
|
|-heal|p2a: Rotom-Wash|143\/304|[from] item: Leftovers
|turn|8
|
|move|p1a: Diancie|Moonblast|p2a: Rotom-Wash
|-damage|p2a: Rotom-Wash|0 fnt
|faint|p2a: Rotom-Wash
|
|
|switch|p2a: Dragonite|Dragonite, M|324\/324
|turn|9
|
|switch|p1a: Landorus-Therian|Landorus-Therian, M|320\/320
|-ability|p1a: Landorus-Therian|Intimidate|[of] p2a: Dragonite
|-unboost|p2a: Dragonite|atk|1
|move|p2a: Dragonite|Dragon Dance|p2a: Dragonite
|-boost|p2a: Dragonite|atk|1
|-boost|p2a: Dragonite|spe|1
|
|turn|10
|
|move|p1a: Landorus-Therian|U-turn|p2a: Dragonite
|-resisted|p2a: Dragonite
|-damage|p2a: Dragonite|301\/324
|
|switch|p1a: Tyranitar|Tyranitar, F|404\/404
|-weather|Sandstorm
|move|p2a: Dragonite|Dragon Dance|p2a: Dragonite
|-boost|p2a: Dragonite|atk|1
|-boost|p2a: Dragonite|spe|1
|
|-weather|Sandstorm|[upkeep]
|-damage|p2a: Dragonite|281\/324|[from] sandstorm
|turn|11
|
|switch|p1a: Landorus-Therian|Landorus-Therian, M|320\/320
|-ability|p1a: Landorus-Therian|Intimidate|[of] p2a: Dragonite
|-unboost|p2a: Dragonite|atk|1
|move|p2a: Dragonite|Earthquake|p1a: Landorus-Therian
|-immune|p1a: Landorus-Therian|[msg]
|
|-weather|Sandstorm|[upkeep]
|-damage|p2a: Dragonite|261\/324|[from] sandstorm
|turn|12
|
|move|p2a: Dragonite|Outrage|p1a: Landorus-Therian
|-damage|p1a: Landorus-Therian|79\/320
|move|p1a: Landorus-Therian|Rock Slide|p2a: Dragonite
|-supereffective|p2a: Dragonite
|-damage|p2a: Dragonite|71\/324
|
|-weather|Sandstorm|[upkeep]
|-damage|p2a: Dragonite|51\/324|[from] sandstorm
|turn|13
|
|switch|p1a: Diancie|Diancie-Mega|181\/241
|move|p2a: Dragonite|Outrage|p1a: Diancie
|-immune|p1a: Diancie|[msg]
|
|-weather|Sandstorm|[upkeep]
|-damage|p2a: Dragonite|31\/324|[from] sandstorm
|turn|14
|
|switch|p1a: Landorus-Therian|Landorus-Therian, M|79\/320
|-ability|p1a: Landorus-Therian|Intimidate|[of] p2a: Dragonite
|-unboost|p2a: Dragonite|atk|1
|move|p2a: Dragonite|Earthquake|p1a: Landorus-Therian
|-immune|p1a: Landorus-Therian|[msg]
|
|-weather|none
|turn|15
|
|switch|p1a: Tyranitar|Tyranitar, F|404\/404
|-weather|Sandstorm
|move|p2a: Dragonite|Extreme Speed|p1a: Tyranitar
|-resisted|p1a: Tyranitar
|-damage|p1a: Tyranitar|372\/404
|
|-weather|Sandstorm|[upkeep]
|-damage|p2a: Dragonite|11\/324|[from] sandstorm
|turn|16
|
|switch|p1a: Landorus-Therian|Landorus-Therian, M|79\/320
|-ability|p1a: Landorus-Therian|Intimidate|[of] p2a: Dragonite
|-unboost|p2a: Dragonite|atk|1
|move|p2a: Dragonite|Outrage|p1a: Landorus-Therian
|-damage|p1a: Landorus-Therian|0 fnt
|faint|p1a: Landorus-Therian
|
|-weather|Sandstorm|[upkeep]
|-damage|p2a: Dragonite|0 fnt|[from] sandstorm
|faint|p2a: Dragonite
|
|switch|p1a: Diancie|Diancie-Mega|181\/241
|switch|p2a: Clefable|Clefable, F|380\/394
|turn|17
|
|move|p1a: Diancie|Moonblast|p2a: Clefable
|-damage|p2a: Clefable|154\/394
|move|p2a: Clefable|Moonblast|p1a: Diancie
|-damage|p1a: Diancie|103\/241
|
|-weather|Sandstorm|[upkeep]
|-heal|p2a: Clefable|178\/394|[from] item: Leftovers
|turn|18
|
|move|p1a: Diancie|Moonblast|p2a: Clefable
|-damage|p2a: Clefable|0 fnt
|faint|p2a: Clefable
|
|-weather|Sandstorm|[upkeep]
|
|switch|p2a: Latias|Latias, F|302\/302
|turn|19
|
|switch|p1a: Tyranitar|Tyranitar, F|372\/404
|move|p2a: Latias|Psyshock|p1a: Tyranitar
|-immune|p1a: Tyranitar|[msg]
|
|-weather|none
|turn|20
|
|switch|p2a: Heatran|Heatran, M|106\/386
|move|p1a: Tyranitar|Thunder Wave|p2a: Heatran
|-status|p2a: Heatran|par
|
|-heal|p2a: Heatran|130\/386 par|[from] item: Leftovers
|turn|21
|
|move|p1a: Tyranitar|Stealth Rock|p2a: Heatran
|-sidestart|p2: fix the ladder|move: Stealth Rock
|move|p2a: Heatran|Lava Plume|p1a: Tyranitar
|-resisted|p1a: Tyranitar
|-damage|p1a: Tyranitar|313\/404
|
|-heal|p2a: Heatran|154\/386 par|[from] item: Leftovers
|turn|22
|
|move|p1a: Tyranitar|Rock Slide|p2a: Heatran
|-damage|p2a: Heatran|22\/386 par
|cant|p2a: Heatran|par
|
|-heal|p2a: Heatran|46\/386 par|[from] item: Leftovers
|turn|23
|
|switch|p1a: Diancie|Diancie-Mega|103\/241
|cant|p2a: Heatran|par
|
|-heal|p2a: Heatran|70\/386 par|[from] item: Leftovers
|turn|24
|
|move|p1a: Diancie|Diamond Storm|p2a: Heatran
|-damage|p2a: Heatran|0 fnt
|faint|p2a: Heatran
|
|
|switch|p2a: Latias|Latias, F|302\/302
|-damage|p2a: Latias|265\/302|[from] Stealth Rock
|turn|25
|
|move|p2a: Latias|Psyshock|p1a: Diancie
|-damage|p1a: Diancie|0 fnt
|-damage|p2a: Latias|235\/302|[from] item: Life Orb
|faint|p1a: Diancie
|
|
|switch|p1a: Tyranitar|Tyranitar, F|313\/404
|-weather|Sandstorm
|turn|26
|
|move|p2a: Latias|Draco Meteor|p1a: Tyranitar
|-damage|p1a: Tyranitar|148\/404
|-unboost|p2a: Latias|spa|2
|-damage|p2a: Latias|205\/302|[from] item: Life Orb
|move|p1a: Tyranitar|Pursuit|p2a: Latias
|-supereffective|p2a: Latias
|-damage|p2a: Latias|37\/302
|
|-weather|Sandstorm|[upkeep]
|-damage|p2a: Latias|19\/302|[from] sandstorm
|turn|27
|
|move|p2a: Latias|Draco Meteor|p1a: Tyranitar
|-damage|p1a: Tyranitar|51\/404
|-unboost|p2a: Latias|spa|2
|-damage|p2a: Latias|0 fnt|[from] item: Life Orb
|faint|p2a: Latias
|move|p1a: Tyranitar|Pursuit|p2: Latias|[notarget]
|-notarget
|
|-weather|Sandstorm|[upkeep]
|
|switch|p2a: Gallade|Gallade, M|278\/278
|-damage|p2a: Gallade|261\/278|[from] Stealth Rock
|turn|28
|
|switch|p1a: Amoonguss|Amoonguss, F|432\/432
|detailschange|p2a: Gallade|Gallade-Mega, M
|message|Gallade has Mega Evolved into Mega Gallade!
|move|p2a: Gallade|Ice Punch|p1a: Amoonguss
|-supereffective|p1a: Amoonguss
|-damage|p1a: Amoonguss|228\/432
|-damage|p2a: Gallade|215\/278|[from] item: Rocky Helmet|[of] p1a: Amoonguss
|
|-weather|Sandstorm|[upkeep]
|-damage|p2a: Gallade|198\/278|[from] sandstorm
|-damage|p1a: Amoonguss|201\/432|[from] sandstorm
|turn|29
|
|switch|p1a: Chesnaught|Chesnaught, M|318\/318
|move|p2a: Gallade|Zen Headbutt|p1a: Chesnaught|[miss]
|-miss|p2a: Gallade|p1a: Chesnaught
|
|-weather|Sandstorm|[upkeep]
|-damage|p2a: Gallade|181\/278|[from] sandstorm
|-damage|p1a: Chesnaught|299\/318|[from] sandstorm
|-heal|p1a: Chesnaught|318\/318|[from] item: Leftovers
|turn|30
|
|move|p2a: Gallade|Zen Headbutt|p1a: Chesnaught
|-supereffective|p1a: Chesnaught
|-damage|p1a: Chesnaught|30\/318
|move|p1a: Chesnaught|Wood Hammer|p2a: Gallade
|-damage|p2a: Gallade|0 fnt
|-damage|p1a: Chesnaught|0 fnt|[from] recoil|[of] p2a: Gallade
|faint|p2a: Gallade
|faint|p1a: Chesnaught
|
|win|With No Survivors
|raw|Ladder updating...
|c|âWith No Survivors|gg
|c|âfix the ladder|nah hax
|c|âWith No Survivors|nah
|c|âWith No Survivors|exca
|raw|With No Survivors's rating: 1533 &rarr; <strong>1554<\/strong><br \/>(+21 for winning)
|raw|fix the ladder's rating: 1536 &rarr; <strong>1516<\/strong><br \/>(-20 for losing)
|c|âfix the ladder|you would have gotten creamed otherwise
|leave|fix the ladder
|player|p2