|join|With No Survivors
|join|mamep
|player|p1|With No Survivors|248
|player|p2|mamep|262
|gametype|singles
|gen|6
|tier|OU
|clearpoke
|poke|p1|Charizard, F
|poke|p1|Tyranitar, F
|poke|p1|Excadrill, M
|poke|p1|Chesnaught, M
|poke|p1|Slowbro, F
|poke|p1|Chansey, F
|poke|p2|Mandibuzz, F
|poke|p2|Terrakion
|poke|p2|Charizard, M
|poke|p2|Sylveon, M
|poke|p2|Gothitelle, F
|poke|p2|Thundurus, M, shiny
|rule|Swagger Clause: Swagger is banned
|rule|Baton Pass Clause: Limit one PokÃ©mon knowing Baton Pass
|rule|Sleep Clause Mod: Limit one foe put to sleep
|rule|Species Clause: Limit one of each PokÃ©mon
|rule|OHKO Clause: OHKO moves are banned
|rule|Moody Clause: Moody is banned
|rule|Evasion Moves Clause: Evasion moves are banned
|rule|Endless Battle Clause: Forcing endless battles is banned
|rule|HP Percentage Mod: HP is shown in percentages
|teampreview
|c|âmamep|Hot diggity.
|
|start
|switch|p1a: Slowbro|Slowbro, F|394\/394
|switch|p2a: Mandibuzz|Mandibuzz, F|423\/423
|turn|1
|
|switch|p1a: Charizard|Charizard, F|297\/297
|move|p2a: Mandibuzz|Tailwind|p2a: Mandibuzz
|-sidestart|p2: mamep|move: Tailwind
|
|turn|2
|
|detailschange|p1a: Charizard|Charizard-Mega-Y, F
|-mega|p1a: Charizard|Charizard|Charizardite Y
|-weather|SunnyDay
|move|p2a: Mandibuzz|Foul Play|p1a: Charizard
|-damage|p1a: Charizard|164\/297
|move|p1a: Charizard|Fire Blast|p2a: Mandibuzz
|-damage|p2a: Mandibuzz|110\/423
|
|-weather|SunnyDay|[upkeep]
|turn|3
|
|switch|p2a: Gothitelle|Gothitelle, F|282\/282
|move|p1a: Charizard|Fire Blast|p2a: Gothitelle
|-damage|p2a: Gothitelle|24\/282
|
|-weather|SunnyDay|[upkeep]
|turn|4
|
|move|p2a: Gothitelle|Thunderbolt|p1a: Charizard
|-supereffective|p1a: Charizard
|-damage|p1a: Charizard|0 fnt
|faint|p1a: Charizard
|
|-weather|SunnyDay|[upkeep]
|-sideend|p2: mamep|move: Tailwind
|
|switch|p1a: Tyranitar|Tyranitar, F|404\/404
|-weather|Sandstorm
|turn|5
|
|move|p1a: Tyranitar|Pursuit|p2a: Gothitelle|[from]Pursuit
|-supereffective|p2a: Gothitelle
|-damage|p2a: Gothitelle|0 fnt
|faint|p2a: Gothitelle
|
|-weather|Sandstorm|[upkeep]
|
|switch|p2a: Nanami|Sylveon, M|331\/331
|turn|6
|
|move|p1a: Tyranitar|Stealth Rock|p2a: Nanami
|-sidestart|p2: mamep|move: Stealth Rock
|move|p2a: Nanami|Calm Mind|p2a: Nanami
|-boost|p2a: Nanami|spa|1
|-boost|p2a: Nanami|spd|1
|
|-weather|Sandstorm|[upkeep]
|-damage|p2a: Nanami|311\/331|[from] sandstorm
|-heal|p2a: Nanami|331\/331|[from] item: Leftovers
|turn|7
|
|switch|p1a: Excadrill|Excadrill, M|362\/362
|move|p2a: Nanami|Hyper Voice|p1a: Excadrill
|-resisted|p1a: Excadrill
|-damage|p1a: Excadrill|230\/362
|
|-weather|Sandstorm|[upkeep]
|-damage|p2a: Nanami|311\/331|[from] sandstorm
|-heal|p2a: Nanami|331\/331|[from] item: Leftovers
|turn|8
|
|move|p1a: Excadrill|Iron Head|p2a: Nanami
|-supereffective|p2a: Nanami
|-damage|p2a: Nanami|0 fnt
|faint|p2a: Nanami
|
|-weather|Sandstorm|[upkeep]
|
|switch|p2a: Charizard|Charizard, M|298\/298
|-damage|p2a: Charizard|149\/298|[from] Stealth Rock
|turn|9
|
|move|p1a: Excadrill|Rock Slide|p2a: Charizard
|-supereffective|p2a: Charizard
|-damage|p2a: Charizard|0 fnt
|faint|p2a: Charizard
|
|-weather|none
|
|switch|p2a: Terrakion|Terrakion|324\/324
|-damage|p2a: Terrakion|304\/324|[from] Stealth Rock
|turn|10
|join|checkeredbow
|
|switch|p1a: Slowbro|Slowbro, F|394\/394
|move|p2a: Terrakion|X-Scissor|p1a: Slowbro
|-supereffective|p1a: Slowbro
|-damage|p1a: Slowbro|224\/394
|-damage|p2a: Terrakion|250\/324|[from] item: Rocky Helmet|[of] p1a: Slowbro
|
|turn|11
|c| checkeredbow|irl turns are much longer, huh
|
|switch|p2a: Thundurus|Thundurus, M, shiny|300\/300
|-damage|p2a: Thundurus|225\/300|[from] Stealth Rock
|move|p1a: Slowbro|Scald|p2a: Thundurus
|-crit|p2a: Thundurus
|-damage|p2a: Thundurus|0 fnt
|faint|p2a: Thundurus
|
|
|switch|p2a: Mandibuzz|Mandibuzz, F|110\/423
|-damage|p2a: Mandibuzz|5\/423|[from] Stealth Rock
|turn|12
|c|âWith No Survivors|#sorrynotsorry
|
|switch|p1a: Tyranitar|Tyranitar, F|404\/404
|-weather|Sandstorm
|move|p2a: Mandibuzz|Tailwind|p2a: Mandibuzz
|-sidestart|p2: mamep|move: Tailwind
|
|-weather|Sandstorm|[upkeep]
|turn|13
|c| checkeredbow|you have a lil star on your name! :D
|
|move|p2a: Mandibuzz|Foul Play|p1a: Tyranitar
|-resisted|p1a: Tyranitar
|-damage|p1a: Tyranitar|319\/404
|move|p1a: Tyranitar|Thunder Wave|p2a: Mandibuzz
|-status|p2a: Mandibuzz|par
|
|-weather|Sandstorm|[upkeep]
|turn|14
|
|switch|p2a: Terrakion|Terrakion|250\/324
|-damage|p2a: Terrakion|230\/324|[from] Stealth Rock
|move|p1a: Tyranitar|Thunder Wave|p2a: Terrakion
|-status|p2a: Terrakion|par
|
|-weather|Sandstorm|[upkeep]
|turn|15
|c|âWith No Survivors|ez
|
|switch|p1a: Slowbro|Slowbro, F|355\/394
|move|p2a: Terrakion|Close Combat|p1a: Slowbro
|-resisted|p1a: Slowbro
|-damage|p1a: Slowbro|256\/394
|-damage|p2a: Terrakion|176\/324 par|[from] item: Rocky Helmet|[of] p1a: Slowbro
|-unboost|p2a: Terrakion|def|1
|-unboost|p2a: Terrakion|spd|1
|
|-weather|Sandstorm|[upkeep]
|-damage|p1a: Slowbro|232\/394|[from] sandstorm
|-sideend|p2: mamep|move: Tailwind
|turn|16
|
|switch|p2a: Mandibuzz|Mandibuzz, F|5\/423 par
|-damage|p2a: Mandibuzz|0 fnt|[from] Stealth Rock
|faint|p2a: Mandibuzz
|move|p1a: Slowbro|Scald|p2: Mandibuzz|[notarget]
|-notarget
|
|-weather|none
|
|switch|p2a: Terrakion|Terrakion|176\/324 par
|-damage|p2a: Terrakion|156\/324 par|[from] Stealth Rock
|turn|17
|
|move|p2a: Terrakion|X-Scissor|p1a: Slowbro
|-supereffective|p1a: Slowbro
|-damage|p1a: Slowbro|72\/394
|-damage|p2a: Terrakion|102\/324 par|[from] item: Rocky Helmet|[of] p1a: Slowbro
|move|p1a: Slowbro|Scald|p2a: Terrakion
|-supereffective|p2a: Terrakion
|-damage|p2a: Terrakion|0 fnt
|faint|p2a: Terrakion
|
|win|With No Survivors
|c|âWith No Survivors|not sure if crit mattered, but I would have gone into Chansey
|leave|checkeredbow
|c|âmamep|Yay, you're watching Mirai Nikki.