|join|SL) VetDancX
|join|With No Survivors
|player|p1|SL) VetDancX|153
|player|p2|With No Survivors|248
|gametype|singles
|gen|6
|tier|OU
|rated
|clearpoke
|poke|p1|Excadrill, F
|poke|p1|Tyranitar, F
|poke|p1|Talonflame, M
|poke|p1|Gyarados, F
|poke|p1|Celebi
|poke|p1|Keldeo
|poke|p2|Charizard, F
|poke|p2|Tyranitar, F
|poke|p2|Excadrill, F
|poke|p2|Chesnaught, F
|poke|p2|Slowbro, F
|poke|p2|Chansey, F
|rule|Swagger Clause: Swagger is banned
|rule|Baton Pass Clause: Limit one PokÃ©mon knowing Baton Pass
|rule|Sleep Clause Mod: Limit one foe put to sleep
|rule|Species Clause: Limit one of each PokÃ©mon
|rule|OHKO Clause: OHKO moves are banned
|rule|Moody Clause: Moody is banned
|rule|Evasion Moves Clause: Evasion moves are banned
|rule|Endless Battle Clause: Forcing endless battles is banned
|rule|HP Percentage Mod: HP is shown in percentages
|teampreview
|
|start
|switch|p1a: Tyranitar|Tyranitar, F|342\/342
|switch|p2a: Slowbro|Slowbro, F|394\/394
|-weather|Sandstorm
|turn|1
|
|move|p1a: Tyranitar|Pursuit|p2a: Slowbro
|-supereffective|p2a: Slowbro
|-damage|p2a: Slowbro|262\/394
|-damage|p1a: Tyranitar|285\/342|[from] item: Rocky Helmet|[of] p2a: Slowbro
|move|p2a: Slowbro|Scald|p1a: Tyranitar
|-supereffective|p1a: Tyranitar
|-damage|p1a: Tyranitar|123\/342
|-status|p1a: Tyranitar|brn
|
|-weather|Sandstorm|[upkeep]
|-damage|p2a: Slowbro|238\/394|[from] sandstorm
|-damage|p1a: Tyranitar|81\/342 brn|[from] brn
|turn|2
|
|move|p1a: Tyranitar|Stealth Rock|p2a: Slowbro
|-sidestart|p2: With No Survivors|move: Stealth Rock
|move|p2a: Slowbro|Slack Off|p2a: Slowbro
|-heal|p2a: Slowbro|394\/394
|
|-weather|Sandstorm|[upkeep]
|-damage|p2a: Slowbro|370\/394|[from] sandstorm
|-damage|p1a: Tyranitar|39\/342 brn|[from] brn
|turn|3
|
|move|p1a: Tyranitar|Crunch|p2a: Slowbro
|-supereffective|p2a: Slowbro
|-damage|p2a: Slowbro|232\/394
|-damage|p1a: Tyranitar|0 fnt|[from] item: Rocky Helmet|[of] p2a: Slowbro
|faint|p1a: Tyranitar
|move|p2a: Slowbro|Scald|p1: Tyranitar|[notarget]
|-notarget
|
|-weather|Sandstorm|[upkeep]
|-damage|p2a: Slowbro|208\/394|[from] sandstorm
|
|switch|p1a: Celebi|Celebi|393\/393
|turn|4
|
|switch|p1a: Excadrill|Excadrill, F|361\/361
|switch|p2a: Excadrill|Excadrill, F|362\/362
|-damage|p2a: Excadrill|351\/362|[from] Stealth Rock
|
|-weather|Sandstorm|[upkeep]
|turn|5
|
|switch|p2a: Chesnaught|Chesnaught, F|318\/318
|-damage|p2a: Chesnaught|299\/318|[from] Stealth Rock
|move|p1a: Excadrill|Earthquake|p2a: Chesnaught
|-resisted|p2a: Chesnaught
|-damage|p2a: Chesnaught|182\/318
|-damage|p1a: Excadrill|325\/361|[from] item: Life Orb
|
|-weather|Sandstorm|[upkeep]
|-damage|p2a: Chesnaught|163\/318|[from] sandstorm
|-heal|p2a: Chesnaught|182\/318|[from] item: Leftovers
|turn|6
|
|move|p1a: Excadrill|Swords Dance|p1a: Excadrill
|-boost|p1a: Excadrill|atk|2
|move|p2a: Chesnaught|Drain Punch|p1a: Excadrill
|-supereffective|p1a: Excadrill
|-damage|p1a: Excadrill|0 fnt
|-heal|p2a: Chesnaught|318\/318|[from] drain|[of] p1a: Excadrill
|faint|p1a: Excadrill
|
|-weather|Sandstorm|[upkeep]
|-damage|p2a: Chesnaught|299\/318|[from] sandstorm
|-heal|p2a: Chesnaught|318\/318|[from] item: Leftovers
|
|switch|p1a: Talonflame|Talonflame, M|344\/344
|turn|7
|
|switch|p2a: Slowbro|Slowbro, F|339\/394
|-damage|p2a: Slowbro|290\/394|[from] Stealth Rock
|move|p1a: Talonflame|Swords Dance|p1a: Talonflame
|-boost|p1a: Talonflame|atk|2
|
|-weather|Sandstorm|[upkeep]
|-damage|p1a: Talonflame|323\/344|[from] sandstorm
|-damage|p2a: Slowbro|266\/394|[from] sandstorm
|-heal|p1a: Talonflame|344\/344|[from] item: Leftovers
|turn|8
|
|move|p1a: Talonflame|Brave Bird|p2a: Slowbro
|-damage|p2a: Slowbro|0 fnt
|-damage|p1a: Talonflame|287\/344|[from] item: Rocky Helmet|[of] p2a: Slowbro
|-damage|p1a: Talonflame|199\/344|[from] recoil|[of] p2a: Slowbro
|faint|p2a: Slowbro
|
|-weather|none
|-heal|p1a: Talonflame|220\/344|[from] item: Leftovers
|
|switch|p2a: Tyranitar|Tyranitar, F|404\/404
|-damage|p2a: Tyranitar|354\/404|[from] Stealth Rock
|-weather|Sandstorm
|turn|9
|
|move|p1a: Talonflame|Will-O-Wisp|p2a: Tyranitar|[miss]
|-miss|p1a: Talonflame|p2a: Tyranitar
|move|p2a: Tyranitar|Pursuit|p1a: Talonflame
|-damage|p1a: Talonflame|111\/344
|
|-weather|Sandstorm|[upkeep]
|-damage|p1a: Talonflame|90\/344|[from] sandstorm
|-heal|p1a: Talonflame|111\/344|[from] item: Leftovers
|turn|10
|
|move|p1a: Talonflame|Will-O-Wisp|p2a: Tyranitar
|-status|p2a: Tyranitar|brn
|-enditem|p2a: Tyranitar|Lum Berry|[eat]
|-curestatus|p2a: Tyranitar|brn
|move|p2a: Tyranitar|Rock Slide|p1a: Talonflame
|-supereffective|p1a: Talonflame
|-damage|p1a: Talonflame|0 fnt
|faint|p1a: Talonflame
|
|-weather|Sandstorm|[upkeep]
|
|switch|p1a: Gyarados|Gyarados, F|331\/331
|-ability|p1a: Gyarados|Intimidate|[of] p2a: Tyranitar
|-unboost|p2a: Tyranitar|atk|1
|turn|11
|
|move|p1a: Gyarados|Dragon Dance|p1a: Gyarados
|-boost|p1a: Gyarados|atk|1
|-boost|p1a: Gyarados|spe|1
|move|p2a: Tyranitar|Thunder Wave|p1a: Gyarados
|-status|p1a: Gyarados|par
|
|-weather|Sandstorm|[upkeep]
|-damage|p1a: Gyarados|311\/331 par|[from] sandstorm
|turn|12
|-message|SL) VetDancX forfeited.
|leave|SL) VetDancX
|
|win|With No Survivors
|raw|Ladder updating...
|player|p1
|raw|SL) VetDancX's rating: 1593 &rarr; <strong>1573<\/strong><br \/>(-20 for losing)
|raw|With No Survivors's rating: 1584 &rarr; <strong>1604<\/strong><br \/>(+20 for winning)