|join|Captain BC
|join|With No Survivors
|player|p1|Captain BC|161
|player|p2|With No Survivors|248
|gametype|singles
|gen|6
|tier|OU (suspect test)
|rated
|clearpoke
|poke|p1|Sableye, M
|poke|p1|Chansey, F
|poke|p1|Skarmory, M, shiny
|poke|p1|Jirachi
|poke|p1|Quagsire, F
|poke|p1|Gliscor, M
|poke|p2|Charizard, M
|poke|p2|Tyranitar, M
|poke|p2|Excadrill, F
|poke|p2|Chesnaught, M
|poke|p2|Slowbro, F
|poke|p2|Chansey, F
|rule|Swagger Clause: Swagger is banned
|rule|Baton Pass Clause: Limit one PokÃ©mon knowing Baton Pass
|rule|Sleep Clause Mod: Limit one foe put to sleep
|rule|Species Clause: Limit one of each PokÃ©mon
|rule|OHKO Clause: OHKO moves are banned
|rule|Moody Clause: Moody is banned
|rule|Evasion Moves Clause: Evasion moves are banned
|rule|Endless Battle Clause: Forcing endless battles is banned
|rule|HP Percentage Mod: HP is shown in percentages
|teampreview
|
|start
|switch|p1a: Sableye|Sableye, M|304\/304
|switch|p2a: Charizard|Charizard, M|297\/297
|turn|1
|
|switch|p1a: Chansey|Chansey, F|642\/642
|detailschange|p2a: Charizard|Charizard-Mega-Y, M
|-mega|p2a: Charizard|Charizard|Charizardite Y
|-weather|SunnyDay
|move|p2a: Charizard|Fire Blast|p1a: Chansey
|-damage|p1a: Chansey|470\/642
|
|-weather|SunnyDay|[upkeep]
|turn|2
|
|switch|p2a: Tyranitar|Tyranitar, M|404\/404
|-weather|Sandstorm
|move|p1a: Chansey|Stealth Rock|p2a: Tyranitar
|-sidestart|p2: With No Survivors|move: Stealth Rock
|
|-weather|Sandstorm|[upkeep]
|-damage|p1a: Chansey|430\/642|[from] sandstorm
|turn|3
|
|move|p2a: Tyranitar|Pursuit|p1a: Chansey|[from]Pursuit
|-damage|p1a: Chansey|199\/642
|switch|p1a: Gliscor|Gliscor, M|352\/352
|
|-weather|Sandstorm|[upkeep]
|-status|p1a: Gliscor|tox|[from] item: Toxic Orb
|turn|4
|
|move|p1a: Gliscor|Toxic|p2a: Tyranitar
|-status|p2a: Tyranitar|tox
|-enditem|p2a: Tyranitar|Lum Berry|[eat]
|-curestatus|p2a: Tyranitar|tox
|move|p2a: Tyranitar|Stealth Rock|p1a: Gliscor
|-sidestart|p1: Captain BC|move: Stealth Rock
|
|-weather|Sandstorm|[upkeep]
|turn|5
|
|switch|p2a: Excadrill|Excadrill, F|362\/362
|-damage|p2a: Excadrill|351\/362|[from] Stealth Rock
|move|p1a: Gliscor|Earthquake|p2a: Excadrill
|-supereffective|p2a: Excadrill
|-damage|p2a: Excadrill|9\/362
|
|-weather|Sandstorm|[upkeep]
|turn|6
|
|move|p2a: Excadrill|Earthquake|p1a: Gliscor
|-immune|p1a: Gliscor|[msg]
|move|p1a: Gliscor|Earthquake|p2a: Excadrill
|-supereffective|p2a: Excadrill
|-damage|p2a: Excadrill|0 fnt
|faint|p2a: Excadrill
|
|-weather|none
|
|switch|p2a: Charizard|Charizard-Mega-Y, M|297\/297
|-damage|p2a: Charizard|149\/297|[from] Stealth Rock
|-weather|SunnyDay
|turn|7
|
|switch|p1a: Quagsire|Quagsire, F|394\/394
|-damage|p1a: Quagsire|370\/394|[from] Stealth Rock
|move|p2a: Charizard|Fire Blast|p1a: Quagsire
|-resisted|p1a: Quagsire
|-damage|p1a: Quagsire|134\/394
|
|-weather|SunnyDay|[upkeep]
|-heal|p1a: Quagsire|158\/394|[from] item: Leftovers
|turn|8
|
|move|p2a: Charizard|Roost|p2a: Charizard
|-heal|p2a: Charizard|297\/297
|move|p1a: Quagsire|Recover|p1a: Quagsire
|-heal|p1a: Quagsire|355\/394
|
|-weather|SunnyDay|[upkeep]
|-heal|p1a: Quagsire|379\/394|[from] item: Leftovers
|turn|9
|
|move|p2a: Charizard|Solar Beam|p1a: Quagsire|[still]
|-prepare|p2a: Charizard|Solar Beam|p1a: Quagsire
|-anim|p2a: Charizard|Solar Beam|p1a: Quagsire
|-supereffective|p1a: Quagsire
|-damage|p1a: Quagsire|0 fnt
|faint|p1a: Quagsire
|
|-weather|SunnyDay|[upkeep]
|
|switch|p1a: Sableye|Sableye, M|304\/304
|-damage|p1a: Sableye|266\/304|[from] Stealth Rock
|turn|10
|
|detailschange|p1a: Sableye|Sableye-Mega, M
|-mega|p1a: Sableye|Sableye|Sablenite
|move|p2a: Charizard|Fire Blast|p1a: Sableye
|-damage|p1a: Sableye|0 fnt
|faint|p1a: Sableye
|
|-weather|SunnyDay|[upkeep]
|
|switch|p1a: Jirachi|Jirachi|404\/404
|-damage|p1a: Jirachi|379\/404|[from] Stealth Rock
|turn|11
|
|move|p2a: Charizard|Fire Blast|p1a: Jirachi|[miss]
|-miss|p2a: Charizard|p1a: Jirachi
|move|p1a: Jirachi|Toxic|p2a: Charizard
|-status|p2a: Charizard|tox
|
|-weather|none
|-heal|p1a: Jirachi|404\/404|[from] item: Leftovers
|-damage|p2a: Charizard|279\/297 tox|[from] psn
|turn|12
|
|switch|p2a: Chesnaught|Chesnaught, M|318\/318
|-damage|p2a: Chesnaught|299\/318|[from] Stealth Rock
|move|p1a: Jirachi|Toxic|p2a: Chesnaught
|-status|p2a: Chesnaught|tox
|
|-heal|p2a: Chesnaught|318\/318 tox|[from] item: Leftovers
|-damage|p2a: Chesnaught|299\/318 tox|[from] psn
|turn|13
|
|switch|p2a: Chansey|Chansey, F|642\/642
|-damage|p2a: Chansey|562\/642|[from] Stealth Rock
|move|p1a: Jirachi|Substitute|p1a: Jirachi
|-start|p1a: Jirachi|Substitute
|-damage|p1a: Jirachi|303\/404
|
|-heal|p1a: Jirachi|328\/404|[from] item: Leftovers
|turn|14
|
|move|p1a: Jirachi|Toxic|p2a: Chansey
|-status|p2a: Chansey|tox
|move|p2a: Chansey|Aromatherapy|p2a: Chansey
|-cureteam|p2a: Chansey|[from] move: Aromatherapy
|
|-heal|p1a: Jirachi|353\/404|[from] item: Leftovers
|turn|15
|-message|Captain BC forfeited.
|leave|Captain BC
|
|move|p1a: Jirachi|Zen Headbutt|p2a: Chansey
|-crit|p2a: Chansey
|-damage|p2a: Chansey|361\/642
|move|p2a: Chansey|Seismic Toss|p1a: Jirachi
|-activate|p1a: Jirachi|Substitute|[damage]
|
|-heal|p1a: Jirachi|378\/404|[from] item: Leftovers
|turn|16
|
|win|With No Survivors
|raw|Ladder updating...
|raw|Captain BC's rating: 1414 &rarr; <strong>1396<\/strong><br \/>(-18 for losing)
|raw|With No Survivors's rating: 1451 &rarr; <strong>1469<\/strong><br \/>(+18 for winning)
|player|p1