|join|With No Survivors
|join|dsg bigsed
|player|p1|With No Survivors|248
|player|p2|dsg bigsed|145
|gametype|singles
|gen|6
|tier|OU (suspect test)
|rated
|clearpoke
|poke|p1|Charizard, M
|poke|p1|Tyranitar, F
|poke|p1|Excadrill, M
|poke|p1|Chesnaught, F
|poke|p1|Slowbro, F
|poke|p1|Chansey, F
|poke|p2|Hydreigon, F, shiny
|poke|p2|Rotom-Wash, shiny
|poke|p2|Venusaur, F, shiny
|poke|p2|Ferrothorn, M, shiny
|poke|p2|Talonflame, M, shiny
|poke|p2|Azumarill, F, shiny
|rule|Swagger Clause: Swagger is banned
|rule|Baton Pass Clause: Limit one PokÃ©mon knowing Baton Pass
|rule|Sleep Clause Mod: Limit one foe put to sleep
|rule|Species Clause: Limit one of each PokÃ©mon
|rule|OHKO Clause: OHKO moves are banned
|rule|Moody Clause: Moody is banned
|rule|Evasion Moves Clause: Evasion moves are banned
|rule|Endless Battle Clause: Forcing endless battles is banned
|rule|HP Percentage Mod: HP is shown in percentages
|teampreview
|
|start
|switch|p1a: Charizard|Charizard, M|297\/297
|switch|p2a: Rotom-Wash|Rotom-Wash, shiny|304\/304
|turn|1
|
|detailschange|p1a: Charizard|Charizard-Mega-Y, M
|-mega|p1a: Charizard|Charizard|Charizardite Y
|-weather|SunnyDay
|move|p1a: Charizard|Solar Beam|p2a: Rotom-Wash|[still]
|-prepare|p1a: Charizard|Solar Beam|p2a: Rotom-Wash
|-anim|p1a: Charizard|Solar Beam|p2a: Rotom-Wash
|-supereffective|p2a: Rotom-Wash
|-damage|p2a: Rotom-Wash|0 fnt
|faint|p2a: Rotom-Wash
|
|-weather|SunnyDay|[upkeep]
|
|switch|p2a: Hydreigon|Hydreigon, F, shiny|325\/325
|turn|2
|
|switch|p1a: Chansey|Chansey, F|642\/642
|move|p2a: Hydreigon|Draco Meteor|p1a: Chansey
|-damage|p1a: Chansey|528\/642
|-unboost|p2a: Hydreigon|spa|2
|
|-weather|SunnyDay|[upkeep]
|turn|3
|
|switch|p2a: Azumarill|Azumarill, F, shiny|404\/404
|move|p1a: Chansey|Thunder Wave|p2a: Azumarill
|-status|p2a: Azumarill|par
|
|-weather|SunnyDay|[upkeep]
|turn|4
|
|switch|p1a: Slowbro|Slowbro, F|394\/394
|move|p2a: Azumarill|Knock Off|p1a: Slowbro
|-supereffective|p1a: Slowbro
|-damage|p1a: Slowbro|128\/394
|-damage|p2a: Azumarill|337\/404 par|[from] item: Rocky Helmet|[of] p1a: Slowbro
|-enditem|p1a: Slowbro|Rocky Helmet|[from] move: Knock Off|[of] p2a: Azumarill
|
|-weather|SunnyDay|[upkeep]
|turn|5
|
|switch|p2a: Ferrothorn|Ferrothorn, M, shiny|352\/352
|move|p1a: Slowbro|Slack Off|p1a: Slowbro
|-heal|p1a: Slowbro|325\/394
|
|-weather|none
|turn|6
|
|move|p1a: Slowbro|Fire Blast|p2a: Ferrothorn
|-supereffective|p2a: Ferrothorn
|-damage|p2a: Ferrothorn|28\/352
|move|p2a: Ferrothorn|Leech Seed|p1a: Slowbro
|-start|p1a: Slowbro|move: Leech Seed
|
|-heal|p2a: Ferrothorn|50\/352|[from] item: Leftovers
|-damage|p1a: Slowbro|276\/394|[from] Leech Seed|[of] p2a: Ferrothorn
|-heal|p2a: Ferrothorn|99\/352|[silent]
|turn|7
|
|switch|p1a: Excadrill|Excadrill, M|362\/362
|move|p2a: Ferrothorn|Protect|p2a: Ferrothorn
|-fail|p2a: Ferrothorn
|
|-heal|p2a: Ferrothorn|121\/352|[from] item: Leftovers
|turn|8
|
|switch|p1a: Charizard|Charizard-Mega-Y, M|297\/297
|-weather|SunnyDay
|move|p2a: Ferrothorn|Leech Seed|p1a: Charizard
|-start|p1a: Charizard|move: Leech Seed
|
|-weather|SunnyDay|[upkeep]
|-heal|p2a: Ferrothorn|143\/352|[from] item: Leftovers
|-damage|p1a: Charizard|260\/297|[from] Leech Seed|[of] p2a: Ferrothorn
|-heal|p2a: Ferrothorn|180\/352|[silent]
|turn|9
|
|switch|p1a: Chesnaught|Chesnaught, F|318\/318
|move|p2a: Ferrothorn|Protect|p2a: Ferrothorn
|-fail|p2a: Ferrothorn
|
|-weather|SunnyDay|[upkeep]
|-heal|p2a: Ferrothorn|202\/352|[from] item: Leftovers
|turn|10
|
|move|p1a: Chesnaught|Drain Punch|p2a: Ferrothorn
|-supereffective|p2a: Ferrothorn
|-damage|p2a: Ferrothorn|16\/352
|-damage|p1a: Chesnaught|279\/318|[from] ability: Iron Barbs|[of] p2a: Ferrothorn
|move|p2a: Ferrothorn|Stealth Rock|p1a: Chesnaught
|-sidestart|p1: With No Survivors|move: Stealth Rock
|
|-weather|SunnyDay|[upkeep]
|-heal|p1a: Chesnaught|298\/318|[from] item: Leftovers
|-heal|p2a: Ferrothorn|38\/352|[from] item: Leftovers
|turn|11
|
|switch|p1a: Tyranitar|Tyranitar, F|404\/404
|-damage|p1a: Tyranitar|354\/404|[from] Stealth Rock
|-weather|Sandstorm
|move|p2a: Ferrothorn|Protect|p2a: Ferrothorn
|-fail|p2a: Ferrothorn
|
|-weather|Sandstorm|[upkeep]
|-heal|p2a: Ferrothorn|60\/352|[from] item: Leftovers
|turn|12
|
|move|p1a: Tyranitar|Stealth Rock|p2a: Ferrothorn
|-sidestart|p2: dsg bigsed|move: Stealth Rock
|move|p2a: Ferrothorn|Leech Seed|p1a: Tyranitar
|-start|p1a: Tyranitar|move: Leech Seed
|
|-weather|Sandstorm|[upkeep]
|-heal|p2a: Ferrothorn|82\/352|[from] item: Leftovers
|-damage|p1a: Tyranitar|304\/404|[from] Leech Seed|[of] p2a: Ferrothorn
|-heal|p2a: Ferrothorn|132\/352|[silent]
|turn|13
|
|switch|p1a: Charizard|Charizard-Mega-Y, M|260\/297
|-damage|p1a: Charizard|112\/297|[from] Stealth Rock
|-weather|SunnyDay
|move|p2a: Ferrothorn|Gyro Ball|p1a: Charizard
|-resisted|p1a: Charizard
|-damage|p1a: Charizard|16\/297
|
|-weather|SunnyDay|[upkeep]
|-heal|p2a: Ferrothorn|154\/352|[from] item: Leftovers
|turn|14
|
|move|p2a: Ferrothorn|Protect|p2a: Ferrothorn
|-singleturn|p2a: Ferrothorn|Protect
|move|p1a: Charizard|Roost|p1a: Charizard
|-heal|p1a: Charizard|165\/297
|
|-weather|SunnyDay|[upkeep]
|-heal|p2a: Ferrothorn|176\/352|[from] item: Leftovers
|turn|15
|
|switch|p2a: Hydreigon|Hydreigon, F, shiny|325\/325
|-damage|p2a: Hydreigon|285\/325|[from] Stealth Rock
|move|p1a: Charizard|Fire Blast|p2a: Hydreigon|[miss]
|-miss|p1a: Charizard|p2a: Hydreigon
|
|-weather|SunnyDay|[upkeep]
|turn|16
|
|switch|p2a: Talonflame|Talonflame, M, shiny|297\/297
|-damage|p2a: Talonflame|149\/297|[from] Stealth Rock
|switch|p1a: Chansey|Chansey, F|528\/642
|-damage|p1a: Chansey|448\/642|[from] Stealth Rock
|
|-weather|SunnyDay|[upkeep]
|turn|17
|
|move|p2a: Talonflame|Roost|p2a: Talonflame
|-heal|p2a: Talonflame|297\/297
|move|p1a: Chansey|Thunder Wave|p2a: Talonflame
|-status|p2a: Talonflame|par
|
|-weather|none
|turn|18
|
|switch|p1a: Tyranitar|Tyranitar, F|304\/404
|-damage|p1a: Tyranitar|254\/404|[from] Stealth Rock
|-weather|Sandstorm
|move|p2a: Talonflame|Brave Bird|p1a: Tyranitar
|-resisted|p1a: Tyranitar
|-damage|p1a: Tyranitar|175\/404
|-damage|p2a: Talonflame|271\/297 par|[from] recoil|[of] p1a: Tyranitar
|
|-weather|Sandstorm|[upkeep]
|-damage|p2a: Talonflame|253\/297 par|[from] sandstorm
|turn|19
|
|move|p1a: Tyranitar|Pursuit|p2a: Talonflame
|-damage|p2a: Talonflame|153\/297 par
|cant|p2a: Talonflame|par
|
|-weather|Sandstorm|[upkeep]
|-damage|p2a: Talonflame|135\/297 par|[from] sandstorm
|turn|20
|
|move|p1a: Tyranitar|Rock Slide|p2a: Talonflame
|-supereffective|p2a: Talonflame
|-damage|p2a: Talonflame|0 fnt
|faint|p2a: Talonflame
|
|-weather|Sandstorm|[upkeep]
|
|switch|p2a: Venusaur|Venusaur, F, shiny|359\/359
|-damage|p2a: Venusaur|315\/359|[from] Stealth Rock
|turn|21
|
|switch|p1a: Excadrill|Excadrill, M|362\/362
|-damage|p1a: Excadrill|351\/362|[from] Stealth Rock
|detailschange|p2a: Venusaur|Venusaur-Mega, F, shiny
|-mega|p2a: Venusaur|Venusaur|Venusaurite
|move|p2a: Venusaur|Giga Drain|p1a: Excadrill
|-damage|p1a: Excadrill|213\/362
|-heal|p2a: Venusaur|359\/359|[from] drain|[of] p1a: Excadrill
|
|-weather|Sandstorm|[upkeep]
|-damage|p2a: Venusaur|337\/359|[from] sandstorm
|turn|22
|
|move|p1a: Excadrill|Rapid Spin|p2a: Venusaur
|-damage|p2a: Venusaur|313\/359
|-sideend|p1: With No Survivors|Stealth Rock|[from] move: Rapid Spin|[of] p1a: Excadrill
|move|p2a: Venusaur|Giga Drain|p1a: Excadrill
|-damage|p1a: Excadrill|83\/362
|-heal|p2a: Venusaur|359\/359|[from] drain|[of] p1a: Excadrill
|
|-weather|none
|turn|23
|
|switch|p1a: Chesnaught|Chesnaught, F|298\/318
|move|p2a: Venusaur|Giga Drain|p1a: Chesnaught
|-resisted|p1a: Chesnaught
|-damage|p1a: Chesnaught|216\/318
|
|-heal|p1a: Chesnaught|235\/318|[from] item: Leftovers
|turn|24
|
|move|p1a: Chesnaught|Drain Punch|p2a: Venusaur
|-resisted|p2a: Venusaur
|-damage|p2a: Venusaur|309\/359
|-heal|p1a: Chesnaught|260\/318|[from] drain|[of] p2a: Venusaur
|move|p2a: Venusaur|Hidden Power|p1a: Chesnaught
|-supereffective|p1a: Chesnaught
|-damage|p1a: Chesnaught|74\/318
|
|-heal|p1a: Chesnaught|93\/318|[from] item: Leftovers
|turn|25
|
|switch|p1a: Charizard|Charizard-Mega-Y, M|165\/297
|-weather|SunnyDay
|move|p2a: Venusaur|Hidden Power|p1a: Charizard
|-resisted|p1a: Charizard
|-damage|p1a: Charizard|114\/297
|
|-weather|SunnyDay|[upkeep]
|turn|26
|
|move|p1a: Charizard|Roost|p1a: Charizard
|-heal|p1a: Charizard|263\/297
|move|p2a: Venusaur|Sludge Bomb|p1a: Charizard
|-damage|p1a: Charizard|109\/297
|
|-weather|SunnyDay|[upkeep]
|turn|27
|
|move|p1a: Charizard|Fire Blast|p2a: Venusaur
|-crit|p2a: Venusaur
|-supereffective|p2a: Venusaur
|-damage|p2a: Venusaur|0 fnt
|faint|p2a: Venusaur
|
|-weather|SunnyDay|[upkeep]
|c|âdsg bigsed|gg
|c|âWith No Survivors|gg
|-message|dsg bigsed forfeited.
|
|win|With No Survivors
|raw|Ladder updating...
|leave|dsg bigsed
|player|p2
|raw|With No Survivors's rating: 1357 &rarr; <strong>1375<\/strong><br \/>(+18 for winning)
|raw|dsg bigsed's rating: 1330 &rarr; <strong>1312<\/strong><br \/>(-18 for losing)