|join|With No Survivors
|join|Just A Bear
|player|p1|With No Survivors|248
|player|p2|Just A Bear|10
|gametype|singles
|gen|6
|tier|OU (suspect test)
|rated
|clearpoke
|poke|p1|Sableye, F
|poke|p1|Chansey, F
|poke|p1|Chesnaught, F
|poke|p1|Slowbro, M
|poke|p1|Landorus-Therian, M
|poke|p1|Skarmory, M
|poke|p2|Garchomp, F
|poke|p2|Keldeo
|poke|p2|Scizor, M
|poke|p2|Landorus-Therian, M
|poke|p2|Latios, M
|poke|p2|Bisharp, F
|rule|Swagger Clause: Swagger is banned
|rule|Baton Pass Clause: Limit one PokÃ©mon knowing Baton Pass
|rule|Sleep Clause Mod: Limit one foe put to sleep
|rule|Species Clause: Limit one of each PokÃ©mon
|rule|OHKO Clause: OHKO moves are banned
|rule|Moody Clause: Moody is banned
|rule|Evasion Moves Clause: Evasion moves are banned
|rule|Endless Battle Clause: Forcing endless battles is banned
|rule|HP Percentage Mod: HP is shown in percentages
|teampreview
|join|MegaCharizard21
|c| MegaCharizard21|i love u just a bear
|c|âJust A Bear|k
|c| MegaCharizard21|lets have sex
|c|âJust A Bear|should i even try
|c|âJust A Bear|battling this guy
|c|âJust A Bear|not having sex
|c|âJust A Bear|lel
|
|start
|switch|p1a: Sableye|Sableye, F|304\/304
|switch|p2a: Garchomp|Garchomp, F|357\/357
|turn|1
|
|switch|p2a: Latios|Latios, M|301\/301
|move|p1a: Sableye|Will-O-Wisp|p2a: Latios|[miss]
|-miss|p1a: Sableye|p2a: Latios
|
|turn|2
|
|switch|p1a: Chansey|Chansey, F|642\/642
|move|p2a: Latios|Draco Meteor|p1a: Chansey
|-damage|p1a: Chansey|474\/642
|-unboost|p2a: Latios|spa|2
|-damage|p2a: Latios|271\/301|[from] item: Life Orb
|
|turn|3
|
|switch|p2a: Garchomp|Garchomp, F|357\/357
|switch|p1a: Sableye|Sableye, F|304\/304
|
|turn|4
|c| MegaCharizard21|yes try start off withg sableye then set up for chansey to hael then switch too skarmy
|
|move|p1a: Sableye|Will-O-Wisp|p2a: Garchomp|[miss]
|-miss|p1a: Sableye|p2a: Garchomp
|move|p2a: Garchomp|Stealth Rock|p1a: Sableye
|-sidestart|p1: With No Survivors|move: Stealth Rock
|
|turn|5
|c| MegaCharizard21|heal
|c| MegaCharizard21|trust me
|c|âJust A Bear|k
|
|switch|p2a: Keldeo|Keldeo|324\/324
|move|p1a: Sableye|Will-O-Wisp|p2a: Keldeo
|-status|p2a: Keldeo|brn
|
|-damage|p2a: Keldeo|284\/324 brn|[from] brn
|turn|6
|c| MegaCharizard21|now do u have light screen
|
|switch|p1a: Slowbro|Slowbro, M|394\/394
|-damage|p1a: Slowbro|345\/394|[from] Stealth Rock
|move|p2a: Keldeo|Hydro Pump|p1a: Slowbro|[miss]
|-miss|p2a: Keldeo|p1a: Slowbro
|
|-damage|p2a: Keldeo|244\/324 brn|[from] brn
|turn|7
|leave|MegaCharizard21
|c|âJust A Bear|lel
|c|âJust A Bear|who is this
|
|move|p2a: Keldeo|Hidden Power|p1a: Slowbro
|-supereffective|p1a: Slowbro
|-damage|p1a: Slowbro|103\/394
|-damage|p2a: Keldeo|212\/324 brn|[from] item: Life Orb
|move|p1a: Slowbro|Psyshock|p2a: Keldeo
|-supereffective|p2a: Keldeo
|-damage|p2a: Keldeo|0 fnt
|faint|p2a: Keldeo
|
|
|switch|p2a: Scizor|Scizor, M|343\/343
|turn|8
|
|switch|p1a: Skarmory|Skarmory, M|334\/334
|-damage|p1a: Skarmory|293\/334|[from] Stealth Rock
|detailschange|p2a: Scizor|Scizor-Mega, M
|-mega|p2a: Scizor|Scizor|Scizorite
|move|p2a: Scizor|Bug Bite|p1a: Skarmory
|-resisted|p1a: Skarmory
|-damage|p1a: Skarmory|266\/334
|-damage|p2a: Scizor|286\/343|[from] item: Rocky Helmet|[of] p1a: Skarmory
|
|turn|9
|
|move|p2a: Scizor|Swords Dance|p2a: Scizor
|-boost|p2a: Scizor|atk|2
|move|p1a: Skarmory|Defog|p2a: Scizor
|-unboost|p2a: Scizor|evasion|1
|-sideend|p1: With No Survivors|Stealth Rock|[from] move: Defog|[of] p1a: Skarmory
|
|turn|10
|
|move|p2a: Scizor|Swords Dance|p2a: Scizor
|-boost|p2a: Scizor|atk|2
|move|p1a: Skarmory|Whirlwind|p2a: Scizor
|drag|p2a: Landorus-Therian|Landorus-Therian, M|319\/319
|-ability|p2a: Landorus-Therian|Intimidate|[of] p1a: Skarmory
|-unboost|p1a: Skarmory|atk|1
|
|turn|11
|
|switch|p2a: Garchomp|Garchomp, F|357\/357
|switch|p1a: Sableye|Sableye, F|304\/304
|
|turn|12
|
|detailschange|p1a: Sableye|Sableye-Mega, F
|-mega|p1a: Sableye|Sableye|Sablenite
|move|p1a: Sableye|Will-O-Wisp|p2a: Garchomp
|-status|p2a: Garchomp|brn
|move|p2a: Garchomp|Stealth Rock|p1a: Sableye
|move|p1a: Sableye|Stealth Rock|p2a: Garchomp|[from]Magic Bounce
|-sidestart|p2: Just A Bear|move: Stealth Rock
|
|-damage|p2a: Garchomp|313\/357 brn|[from] brn
|turn|13
|-message|Just A Bear forfeited.
|leave|Just A Bear
|
|win|With No Survivors
|raw|Ladder updating...
|player|p2
|raw|With No Survivors's rating: 1355 &rarr; <strong>1371<\/strong><br \/>(+16 for winning)
|raw|Just A Bear's rating: 1284 &rarr; <strong>1264<\/strong><br \/>(-20 for losing)