|join|With No Survivors
|join|reqqing1111
|player|p1|With No Survivors|248
|player|p2|reqqing1111|99
|gametype|singles
|gen|6
|tier|OU (suspect test)
|rated
|clearpoke
|poke|p1|Charizard, F
|poke|p1|Tyranitar, F
|poke|p1|Excadrill, F
|poke|p1|Chesnaught, M
|poke|p1|Slowbro, F
|poke|p1|Chansey, F
|poke|p2|Metagross
|poke|p2|Rotom-Wash
|poke|p2|Latios, M
|poke|p2|Landorus-Therian, M
|poke|p2|Heatran, F
|poke|p2|Breloom, M
|rule|Swagger Clause: Swagger is banned
|rule|Baton Pass Clause: Limit one PokÃ©mon knowing Baton Pass
|rule|Sleep Clause Mod: Limit one foe put to sleep
|rule|Species Clause: Limit one of each PokÃ©mon
|rule|OHKO Clause: OHKO moves are banned
|rule|Moody Clause: Moody is banned
|rule|Evasion Moves Clause: Evasion moves are banned
|rule|Endless Battle Clause: Forcing endless battles is banned
|rule|HP Percentage Mod: HP is shown in percentages
|teampreview
|
|start
|switch|p1a: Charizard|Charizard, F|297\/297
|switch|p2a: Landorus-Therian|Landorus-Therian, M|325\/325
|-ability|p2a: Landorus-Therian|Intimidate|[of] p1a: Charizard
|-unboost|p1a: Charizard|atk|1
|turn|1
|
|detailschange|p1a: Charizard|Charizard-Mega-Y, F
|-mega|p1a: Charizard|Charizard|Charizardite Y
|-weather|SunnyDay
|move|p2a: Landorus-Therian|Stone Edge|p1a: Charizard
|-supereffective|p1a: Charizard
|-damage|p1a: Charizard|0 fnt
|faint|p1a: Charizard
|
|-weather|SunnyDay|[upkeep]
|
|switch|p1a: Chesnaught|Chesnaught, M|318\/318
|turn|2
|
|switch|p2a: Latios|Latios, M|302\/302
|move|p1a: Chesnaught|Substitute|p1a: Chesnaught
|-start|p1a: Chesnaught|Substitute
|-damage|p1a: Chesnaught|239\/318
|
|-weather|SunnyDay|[upkeep]
|-heal|p1a: Chesnaught|258\/318|[from] item: Leftovers
|turn|3
|
|move|p2a: Latios|Hidden Power|p1a: Chesnaught
|-crit|p1a: Chesnaught
|-supereffective|p1a: Chesnaught
|-end|p1a: Chesnaught|Substitute
|-damage|p2a: Latios|272\/302|[from] item: Life Orb
|move|p1a: Chesnaught|Wood Hammer|p2a: Latios
|-resisted|p2a: Latios
|-damage|p2a: Latios|145\/302
|-damage|p1a: Chesnaught|216\/318|[from] recoil|[of] p2a: Latios
|
|-weather|SunnyDay|[upkeep]
|-heal|p1a: Chesnaught|235\/318|[from] item: Leftovers
|turn|4
|
|switch|p1a: Chansey|Chansey, F|642\/642
|move|p2a: Latios|Psyshock|p1a: Chansey
|-damage|p1a: Chansey|385\/642
|-damage|p2a: Latios|115\/302|[from] item: Life Orb
|
|-weather|SunnyDay|[upkeep]
|turn|5
|
|switch|p2a: Breloom|Breloom, M|262\/262
|switch|p1a: Chesnaught|Chesnaught, M|235\/318
|
|-weather|none
|-heal|p1a: Chesnaught|254\/318|[from] item: Leftovers
|turn|6
|
|switch|p2a: Landorus-Therian|Landorus-Therian, M|325\/325
|-ability|p2a: Landorus-Therian|Intimidate|[of] p1a: Chesnaught
|-unboost|p1a: Chesnaught|atk|1
|move|p1a: Chesnaught|Drain Punch|p2a: Landorus-Therian
|-resisted|p2a: Landorus-Therian
|-damage|p2a: Landorus-Therian|276\/325
|-heal|p1a: Chesnaught|279\/318|[from] drain|[of] p2a: Landorus-Therian
|
|-heal|p1a: Chesnaught|298\/318|[from] item: Leftovers
|turn|7
|
|switch|p1a: Excadrill|Excadrill, F|362\/362
|move|p2a: Landorus-Therian|U-turn|p1a: Excadrill
|-resisted|p1a: Excadrill
|-damage|p1a: Excadrill|291\/362
|
|switch|p2a: Breloom|Breloom, M|262\/262
|
|turn|8
|
|switch|p1a: Chesnaught|Chesnaught, M|298\/318
|move|p2a: Breloom|Mach Punch|p1a: Chesnaught
|-damage|p1a: Chesnaught|192\/318
|
|-heal|p1a: Chesnaught|211\/318|[from] item: Leftovers
|turn|9
|
|switch|p2a: Landorus-Therian|Landorus-Therian, M|276\/325
|-ability|p2a: Landorus-Therian|Intimidate|[of] p1a: Chesnaught
|-unboost|p1a: Chesnaught|atk|1
|move|p1a: Chesnaught|Substitute|p1a: Chesnaught
|-start|p1a: Chesnaught|Substitute
|-damage|p1a: Chesnaught|132\/318
|
|-heal|p1a: Chesnaught|151\/318|[from] item: Leftovers
|turn|10
|
|move|p2a: Landorus-Therian|U-turn|p1a: Chesnaught
|-activate|p1a: Chesnaught|Substitute|[damage]
|
|switch|p2a: Metagross|Metagross|318\/318
|move|p1a: Chesnaught|Synthesis|p1a: Chesnaught
|-heal|p1a: Chesnaught|310\/318
|
|-heal|p1a: Chesnaught|318\/318|[from] item: Leftovers
|turn|11
|
|detailschange|p2a: Metagross|Metagross-Mega
|-mega|p2a: Metagross|Metagross|Metagrossite
|move|p1a: Chesnaught|Drain Punch|p2a: Metagross
|-damage|p2a: Metagross|252\/318
|move|p2a: Metagross|Brick Break|p1a: Chesnaught
|-end|p1a: Chesnaught|Substitute
|
|turn|12
|
|switch|p2a: Latios|Latios, M|115\/302
|switch|p1a: Slowbro|Slowbro, F|394\/394
|
|turn|13
|
|switch|p1a: Tyranitar|Tyranitar, F|404\/404
|-weather|Sandstorm
|move|p2a: Latios|Draco Meteor|p1a: Tyranitar
|-damage|p1a: Tyranitar|196\/404
|-unboost|p2a: Latios|spa|2
|-damage|p2a: Latios|85\/302|[from] item: Life Orb
|
|-weather|Sandstorm|[upkeep]
|-damage|p2a: Latios|67\/302|[from] sandstorm
|turn|14
|
|move|p1a: Tyranitar|Pursuit|p2a: Latios|[from]Pursuit
|-supereffective|p2a: Latios
|-damage|p2a: Latios|0 fnt
|faint|p2a: Latios
|
|-weather|Sandstorm|[upkeep]
|
|switch|p2a: Breloom|Breloom, M|262\/262
|turn|15
|
|switch|p2a: Heatran|Heatran, F|386\/386
|switch|p1a: Chesnaught|Chesnaught, M|318\/318
|
|-weather|Sandstorm|[upkeep]
|-damage|p1a: Chesnaught|299\/318|[from] sandstorm
|-heal|p1a: Chesnaught|318\/318|[from] item: Leftovers
|turn|16
|
|switch|p1a: Chansey|Chansey, F|385\/642
|move|p2a: Heatran|Lava Plume|p1a: Chansey
|-damage|p1a: Chansey|322\/642
|
|-weather|Sandstorm|[upkeep]
|-damage|p1a: Chansey|282\/642|[from] sandstorm
|turn|17
|
|move|p2a: Heatran|Taunt|p1a: Chansey
|-start|p1a: Chansey|move: Taunt
|cant|p1a: Chansey|move: Taunt|Soft-Boiled
|
|-weather|none
|turn|18
|
|switch|p1a: Excadrill|Excadrill, F|291\/362
|move|p2a: Heatran|Toxic|p1a: Excadrill|[miss]
|-miss|p2a: Heatran|p1a: Excadrill
|
|turn|19
|
|switch|p2a: Rotom-Wash|Rotom-Wash|304\/304
|move|p1a: Excadrill|Iron Head|p2a: Rotom-Wash
|-resisted|p2a: Rotom-Wash
|-damage|p2a: Rotom-Wash|272\/304
|
|-heal|p2a: Rotom-Wash|291\/304|[from] item: Leftovers
|turn|20
|
|switch|p1a: Chansey|Chansey, F|282\/642
|move|p2a: Rotom-Wash|Will-O-Wisp|p1a: Chansey
|-status|p1a: Chansey|brn
|
|-heal|p2a: Rotom-Wash|304\/304|[from] item: Leftovers
|-damage|p1a: Chansey|202\/642 brn|[from] brn
|turn|21
|
|move|p2a: Rotom-Wash|Volt Switch|p1a: Chansey
|-damage|p1a: Chansey|157\/642 brn
|
|switch|p2a: Heatran|Heatran, F|386\/386
|move|p1a: Chansey|Soft-Boiled|p1a: Chansey
|-heal|p1a: Chansey|478\/642 brn
|
|-damage|p1a: Chansey|398\/642 brn|[from] brn
|turn|22
|
|switch|p1a: Slowbro|Slowbro, F|394\/394
|move|p2a: Heatran|Lava Plume|p1a: Slowbro
|-resisted|p1a: Slowbro
|-damage|p1a: Slowbro|319\/394
|
|turn|23
|
|switch|p1a: Chesnaught|Chesnaught, M|318\/318
|move|p2a: Heatran|Toxic|p1a: Chesnaught
|-status|p1a: Chesnaught|tox
|
|-damage|p1a: Chesnaught|299\/318 tox|[from] psn
|turn|24
|
|move|p1a: Chesnaught|Substitute|p1a: Chesnaught
|-start|p1a: Chesnaught|Substitute
|-damage|p1a: Chesnaught|220\/318 tox
|move|p2a: Heatran|Lava Plume|p1a: Chesnaught
|-supereffective|p1a: Chesnaught
|-end|p1a: Chesnaught|Substitute
|
|-heal|p1a: Chesnaught|239\/318 tox|[from] item: Leftovers
|-damage|p1a: Chesnaught|201\/318 tox|[from] psn
|turn|25
|
|switch|p1a: Tyranitar|Tyranitar, F|196\/404
|-weather|Sandstorm
|move|p2a: Heatran|Lava Plume|p1a: Tyranitar
|-resisted|p1a: Tyranitar
|-damage|p1a: Tyranitar|160\/404
|
|-weather|Sandstorm|[upkeep]
|turn|26
|
|switch|p2a: Rotom-Wash|Rotom-Wash|304\/304
|move|p1a: Tyranitar|Stealth Rock|p2a: Rotom-Wash
|-sidestart|p2: reqqing1111|move: Stealth Rock
|
|-weather|Sandstorm|[upkeep]
|-damage|p2a: Rotom-Wash|285\/304|[from] sandstorm
|-heal|p2a: Rotom-Wash|304\/304|[from] item: Leftovers
|turn|27
|
|switch|p1a: Chansey|Chansey, F|398\/642
|move|p2a: Rotom-Wash|Hydro Pump|p1a: Chansey
|-damage|p1a: Chansey|334\/642
|
|-weather|Sandstorm|[upkeep]
|-damage|p2a: Rotom-Wash|285\/304|[from] sandstorm
|-damage|p1a: Chansey|294\/642|[from] sandstorm
|-heal|p2a: Rotom-Wash|304\/304|[from] item: Leftovers
|turn|28
|
|move|p2a: Rotom-Wash|Volt Switch|p1a: Chansey
|-crit|p1a: Chansey
|-damage|p1a: Chansey|228\/642
|
|switch|p2a: Breloom|Breloom, M|262\/262
|-damage|p2a: Breloom|246\/262|[from] Stealth Rock
|move|p1a: Chansey|Soft-Boiled|p1a: Chansey
|-heal|p1a: Chansey|549\/642
|
|-weather|Sandstorm|[upkeep]
|-damage|p2a: Breloom|230\/262|[from] sandstorm
|-damage|p1a: Chansey|509\/642|[from] sandstorm
|turn|29
|
|move|p2a: Breloom|Mach Punch|p1a: Chansey
|-supereffective|p1a: Chansey
|-damage|p1a: Chansey|201\/642
|move|p1a: Chansey|Thunder Wave|p2a: Breloom
|-status|p2a: Breloom|par
|
|-weather|none
|turn|30
|
|switch|p1a: Slowbro|Slowbro, F|394\/394
|move|p2a: Breloom|Mach Punch|p1a: Slowbro
|-resisted|p1a: Slowbro
|-damage|p1a: Slowbro|339\/394
|-damage|p2a: Breloom|187\/262 par|[from] item: Rocky Helmet|[of] p1a: Slowbro
|
|turn|31
|
|move|p1a: Slowbro|Psyshock|p2a: Breloom
|-supereffective|p2a: Breloom
|-damage|p2a: Breloom|0 fnt
|faint|p2a: Breloom
|
|
|switch|p2a: Rotom-Wash|Rotom-Wash|304\/304
|-damage|p2a: Rotom-Wash|266\/304|[from] Stealth Rock
|turn|32
|
|switch|p1a: Excadrill|Excadrill, F|291\/362
|move|p2a: Rotom-Wash|Volt Switch|p1a: Excadrill
|-immune|p1a: Excadrill|[msg]
|
|-heal|p2a: Rotom-Wash|285\/304|[from] item: Leftovers
|turn|33
|
|switch|p1a: Chansey|Chansey, F|201\/642
|move|p2a: Rotom-Wash|Volt Switch|p1a: Chansey
|-damage|p1a: Chansey|153\/642
|
|switch|p2a: Heatran|Heatran, F|386\/386
|-damage|p2a: Heatran|338\/386|[from] Stealth Rock
|
|-heal|p2a: Heatran|362\/386|[from] item: Leftovers
|turn|34
|
|switch|p1a: Excadrill|Excadrill, F|291\/362
|move|p2a: Heatran|Lava Plume|p1a: Excadrill
|-supereffective|p1a: Excadrill
|-damage|p1a: Excadrill|73\/362
|
|-heal|p2a: Heatran|386\/386|[from] item: Leftovers
|turn|35
|
|switch|p1a: Chansey|Chansey, F|153\/642
|switch|p2a: Rotom-Wash|Rotom-Wash|285\/304
|-damage|p2a: Rotom-Wash|247\/304|[from] Stealth Rock
|
|-heal|p2a: Rotom-Wash|266\/304|[from] item: Leftovers
|turn|36
|
|move|p2a: Rotom-Wash|Volt Switch|p1a: Chansey
|-damage|p1a: Chansey|108\/642
|
|switch|p2a: Heatran|Heatran, F|386\/386
|-damage|p2a: Heatran|338\/386|[from] Stealth Rock
|move|p1a: Chansey|Soft-Boiled|p1a: Chansey
|-heal|p1a: Chansey|429\/642
|
|-heal|p2a: Heatran|362\/386|[from] item: Leftovers
|turn|37
|
|switch|p1a: Slowbro|Slowbro, F|394\/394
|move|p2a: Heatran|Taunt|p1a: Slowbro
|-start|p1a: Slowbro|move: Taunt
|
|-heal|p2a: Heatran|386\/386|[from] item: Leftovers
|turn|38
|
|move|p2a: Heatran|Toxic|p1a: Slowbro
|-status|p1a: Slowbro|tox
|move|p1a: Slowbro|Scald|p2a: Heatran
|-supereffective|p2a: Heatran
|-damage|p2a: Heatran|210\/386
|
|-heal|p2a: Heatran|234\/386|[from] item: Leftovers
|-damage|p1a: Slowbro|370\/394 tox|[from] psn
|turn|39
|
|switch|p1a: Chansey|Chansey, F|429\/642
|move|p2a: Heatran|Stealth Rock|p1a: Chansey
|-sidestart|p1: With No Survivors|move: Stealth Rock
|
|-heal|p2a: Heatran|258\/386|[from] item: Leftovers
|turn|40
|
|move|p2a: Heatran|Taunt|p1a: Chansey
|-start|p1a: Chansey|move: Taunt
|move|p1a: Chansey|Seismic Toss|p2a: Heatran
|-damage|p2a: Heatran|158\/386
|
|-heal|p2a: Heatran|182\/386|[from] item: Leftovers
|turn|41
|
|move|p2a: Heatran|Toxic|p1a: Chansey
|-status|p1a: Chansey|tox
|move|p1a: Chansey|Seismic Toss|p2a: Heatran
|-damage|p2a: Heatran|82\/386
|
|-heal|p2a: Heatran|106\/386|[from] item: Leftovers
|-damage|p1a: Chansey|389\/642 tox|[from] psn
|turn|42
|
|switch|p2a: Landorus-Therian|Landorus-Therian, M|276\/325
|-damage|p2a: Landorus-Therian|236\/325|[from] Stealth Rock
|-ability|p2a: Landorus-Therian|Intimidate|[of] p1a: Chansey
|-unboost|p1a: Chansey|atk|1
|switch|p1a: Chesnaught|Chesnaught, M|201\/318 tox
|-damage|p1a: Chesnaught|182\/318 tox|[from] Stealth Rock
|
|-heal|p1a: Chesnaught|201\/318 tox|[from] item: Leftovers
|-damage|p1a: Chesnaught|182\/318 tox|[from] psn
|turn|43
|
|move|p2a: Landorus-Therian|U-turn|p1a: Chesnaught
|-crit|p1a: Chesnaught
|-damage|p1a: Chesnaught|70\/318 tox
|
|switch|p2a: Metagross|Metagross-Mega|252\/318
|-damage|p2a: Metagross|233\/318|[from] Stealth Rock
|move|p1a: Chesnaught|Synthesis|p1a: Chesnaught
|-heal|p1a: Chesnaught|229\/318 tox
|
|-heal|p1a: Chesnaught|248\/318 tox|[from] item: Leftovers
|-damage|p1a: Chesnaught|210\/318 tox|[from] psn
|turn|44
|
|switch|p2a: Rotom-Wash|Rotom-Wash|266\/304
|-damage|p2a: Rotom-Wash|228\/304|[from] Stealth Rock
|switch|p1a: Slowbro|Slowbro, F|394\/394 tox
|-damage|p1a: Slowbro|345\/394 tox|[from] Stealth Rock
|
|-heal|p2a: Rotom-Wash|247\/304|[from] item: Leftovers
|-damage|p1a: Slowbro|321\/394 tox|[from] psn
|turn|45
|
|switch|p1a: Excadrill|Excadrill, F|73\/362
|-damage|p1a: Excadrill|62\/362|[from] Stealth Rock
|move|p2a: Rotom-Wash|Volt Switch|p1a: Excadrill
|-immune|p1a: Excadrill|[msg]
|
|-heal|p2a: Rotom-Wash|266\/304|[from] item: Leftovers
|turn|46
|
|switch|p1a: Chansey|Chansey, F|389\/642
|-damage|p1a: Chansey|309\/642|[from] Stealth Rock
|move|p2a: Rotom-Wash|Hydro Pump|p1a: Chansey
|-damage|p1a: Chansey|242\/642
|
|-heal|p2a: Rotom-Wash|285\/304|[from] item: Leftovers
|turn|47
|
|move|p2a: Rotom-Wash|Will-O-Wisp|p1a: Chansey
|-status|p1a: Chansey|brn
|move|p1a: Chansey|Aromatherapy|p1a: Chansey
|-cureteam|p1a: Chansey|[from] move: Aromatherapy
|
|-heal|p2a: Rotom-Wash|304\/304|[from] item: Leftovers
|turn|48
|
|move|p2a: Rotom-Wash|Will-O-Wisp|p1a: Chansey
|-status|p1a: Chansey|brn
|move|p1a: Chansey|Soft-Boiled|p1a: Chansey
|-heal|p1a: Chansey|563\/642 brn
|
|-damage|p1a: Chansey|483\/642 brn|[from] brn
|turn|49
|
|switch|p2a: Landorus-Therian|Landorus-Therian, M|236\/325
|-damage|p2a: Landorus-Therian|196\/325|[from] Stealth Rock
|-ability|p2a: Landorus-Therian|Intimidate|[of] p1a: Chansey
|-unboost|p1a: Chansey|atk|1
|move|p1a: Chansey|Seismic Toss|p2a: Landorus-Therian
|-damage|p2a: Landorus-Therian|96\/325
|
|-damage|p1a: Chansey|403\/642 brn|[from] brn
|turn|50
|
|move|p2a: Landorus-Therian|Knock Off|p1a: Chansey
|-damage|p1a: Chansey|250\/642 brn
|-enditem|p1a: Chansey|Eviolite|[from] move: Knock Off|[of] p2a: Landorus-Therian
|move|p1a: Chansey|Seismic Toss|p2a: Landorus-Therian
|-damage|p2a: Landorus-Therian|0 fnt
|faint|p2a: Landorus-Therian
|
|-damage|p1a: Chansey|170\/642 brn|[from] brn
|
|switch|p2a: Heatran|Heatran, F|106\/386
|-damage|p2a: Heatran|58\/386|[from] Stealth Rock
|turn|51
|
|move|p2a: Heatran|Taunt|p1a: Chansey
|-start|p1a: Chansey|move: Taunt
|move|p1a: Chansey|Seismic Toss|p2a: Heatran
|-damage|p2a: Heatran|0 fnt
|faint|p2a: Heatran
|
|-damage|p1a: Chansey|90\/642 brn|[from] brn
|
|switch|p2a: Rotom-Wash|Rotom-Wash|304\/304
|-damage|p2a: Rotom-Wash|266\/304|[from] Stealth Rock
|turn|52
|
|move|p2a: Rotom-Wash|Hydro Pump|p1a: Chansey
|-damage|p1a: Chansey|0 fnt
|faint|p1a: Chansey
|
|-heal|p2a: Rotom-Wash|285\/304|[from] item: Leftovers
|
|switch|p1a: Chesnaught|Chesnaught, M|210\/318
|-damage|p1a: Chesnaught|191\/318|[from] Stealth Rock
|turn|53
|
|move|p1a: Chesnaught|Substitute|p1a: Chesnaught
|-start|p1a: Chesnaught|Substitute
|-damage|p1a: Chesnaught|112\/318
|move|p2a: Rotom-Wash|Will-O-Wisp|p1a: Chesnaught
|
|-heal|p1a: Chesnaught|131\/318|[from] item: Leftovers
|-heal|p2a: Rotom-Wash|304\/304|[from] item: Leftovers
|turn|54
|
|switch|p2a: Metagross|Metagross-Mega|233\/318
|-damage|p2a: Metagross|214\/318|[from] Stealth Rock
|move|p1a: Chesnaught|Drain Punch|p2a: Metagross
|-damage|p2a: Metagross|130\/318
|-heal|p1a: Chesnaught|173\/318|[from] drain|[of] p2a: Metagross
|
|-heal|p1a: Chesnaught|192\/318|[from] item: Leftovers
|turn|55
|
|move|p2a: Metagross|Ice Punch|p1a: Chesnaught
|-supereffective|p1a: Chesnaught
|-end|p1a: Chesnaught|Substitute
|move|p1a: Chesnaught|Drain Punch|p2a: Metagross
|-damage|p2a: Metagross|36\/318
|-heal|p1a: Chesnaught|239\/318|[from] drain|[of] p2a: Metagross
|
|-heal|p1a: Chesnaught|258\/318|[from] item: Leftovers
|turn|56
|
|switch|p2a: Rotom-Wash|Rotom-Wash|304\/304
|-damage|p2a: Rotom-Wash|266\/304|[from] Stealth Rock
|switch|p1a: Slowbro|Slowbro, F|394\/394
|-damage|p1a: Slowbro|345\/394|[from] Stealth Rock
|
|-heal|p2a: Rotom-Wash|285\/304|[from] item: Leftovers
|turn|57
|
|switch|p1a: Excadrill|Excadrill, F|62\/362
|-damage|p1a: Excadrill|51\/362|[from] Stealth Rock
|move|p2a: Rotom-Wash|Will-O-Wisp|p1a: Excadrill|[miss]
|-miss|p2a: Rotom-Wash|p1a: Excadrill
|
|-heal|p2a: Rotom-Wash|304\/304|[from] item: Leftovers
|turn|58
|
|move|p1a: Excadrill|Rock Slide|p2a: Rotom-Wash
|-damage|p2a: Rotom-Wash|231\/304
|move|p2a: Rotom-Wash|Hydro Pump|p1a: Excadrill|[miss]
|-miss|p2a: Rotom-Wash|p1a: Excadrill
|
|-heal|p2a: Rotom-Wash|250\/304|[from] item: Leftovers
|turn|59
|
|move|p1a: Excadrill|Rock Slide|p2a: Rotom-Wash
|-damage|p2a: Rotom-Wash|169\/304
|move|p2a: Rotom-Wash|Hydro Pump|p1a: Excadrill
|-supereffective|p1a: Excadrill
|-damage|p1a: Excadrill|0 fnt
|faint|p1a: Excadrill
|
|-heal|p2a: Rotom-Wash|188\/304|[from] item: Leftovers
|-message|reqqing1111 forfeited.
|leave|reqqing1111
|
|win|With No Survivors
|raw|Ladder updating...
|player|p2
|raw|With No Survivors's rating: 1364 &rarr; <strong>1382<\/strong><br \/>(+18 for winning)
|raw|reqqing1111's rating: 1335 &rarr; <strong>1316<\/strong><br \/>(-19 for losing)