|join|With No Survivors
|join|justanazn
|player|p1|With No Survivors|248
|player|p2|justanazn|169
|gametype|singles
|gen|6
|tier|OU (suspect test)
|rated
|clearpoke
|poke|p1|Charizard, F
|poke|p1|Tyranitar, M
|poke|p1|Excadrill, F
|poke|p1|Chesnaught, M
|poke|p1|Slowbro, F
|poke|p1|Chansey, F
|poke|p2|Diancie
|poke|p2|Talonflame, M
|poke|p2|Gengar, M
|poke|p2|Ferrothorn, F
|poke|p2|Landorus-Therian, M
|poke|p2|Wobbuffet, M
|rule|Swagger Clause: Swagger is banned
|rule|Baton Pass Clause: Limit one PokÃ©mon knowing Baton Pass
|rule|Sleep Clause Mod: Limit one foe put to sleep
|rule|Species Clause: Limit one of each PokÃ©mon
|rule|OHKO Clause: OHKO moves are banned
|rule|Moody Clause: Moody is banned
|rule|Evasion Moves Clause: Evasion moves are banned
|rule|Endless Battle Clause: Forcing endless battles is banned
|rule|HP Percentage Mod: HP is shown in percentages
|teampreview
|
|start
|switch|p1a: Chesnaught|Chesnaught, M|318\/318
|switch|p2a: Gengar|Gengar, M|261\/261
|turn|1
|
|switch|p1a: Tyranitar|Tyranitar, M|404\/404
|-weather|Sandstorm
|move|p2a: Gengar|Shadow Ball|p1a: Tyranitar
|-resisted|p1a: Tyranitar
|-damage|p1a: Tyranitar|336\/404
|-damage|p2a: Gengar|235\/261|[from] item: Life Orb
|
|-weather|Sandstorm|[upkeep]
|-damage|p2a: Gengar|219\/261|[from] sandstorm
|turn|2
|
|move|p2a: Gengar|Substitute|p2a: Gengar
|-start|p2a: Gengar|Substitute
|-damage|p2a: Gengar|154\/261
|move|p1a: Tyranitar|Pursuit|p2a: Gengar
|-supereffective|p2a: Gengar
|-end|p2a: Gengar|Substitute
|
|-weather|Sandstorm|[upkeep]
|-damage|p2a: Gengar|138\/261|[from] sandstorm
|turn|3
|
|move|p2a: Gengar|Substitute|p2a: Gengar
|-start|p2a: Gengar|Substitute
|-damage|p2a: Gengar|73\/261
|move|p1a: Tyranitar|Pursuit|p2a: Gengar
|-supereffective|p2a: Gengar
|-end|p2a: Gengar|Substitute
|
|-weather|Sandstorm|[upkeep]
|-damage|p2a: Gengar|57\/261|[from] sandstorm
|turn|4
|
|move|p2a: Gengar|Pain Split|p1a: Tyranitar
|-sethp|p1a: Tyranitar|196\/404|p2a: Gengar|196\/261|[from] move: Pain Split
|move|p1a: Tyranitar|Thunder Wave|p2a: Gengar
|-status|p2a: Gengar|par
|
|-weather|Sandstorm|[upkeep]
|-damage|p2a: Gengar|180\/261 par|[from] sandstorm
|turn|5
|
|move|p1a: Tyranitar|Stealth Rock|p2a: Gengar
|-sidestart|p2: justanazn|move: Stealth Rock
|move|p2a: Gengar|Shadow Ball|p1a: Tyranitar
|-resisted|p1a: Tyranitar
|-damage|p1a: Tyranitar|135\/404
|-damage|p2a: Gengar|154\/261 par|[from] item: Life Orb
|
|-weather|none
|turn|6
|
|move|p1a: Tyranitar|Pursuit|p2a: Gengar
|-supereffective|p2a: Gengar
|-damage|p2a: Gengar|0 fnt
|faint|p2a: Gengar
|
|
|switch|p2a: Ferrothorn|Ferrothorn, F|351\/351
|-damage|p2a: Ferrothorn|330\/351|[from] Stealth Rock
|turn|7
|
|switch|p1a: Charizard|Charizard, F|297\/297
|move|p2a: Ferrothorn|Stealth Rock|p1a: Charizard
|-sidestart|p1: With No Survivors|move: Stealth Rock
|
|turn|8
|
|switch|p2a: Landorus-Therian|Landorus-Therian, M|319\/319
|-damage|p2a: Landorus-Therian|280\/319|[from] Stealth Rock
|-ability|p2a: Landorus-Therian|Intimidate|[of] p1a: Charizard
|-unboost|p1a: Charizard|atk|1
|detailschange|p1a: Charizard|Charizard-Mega-Y, F
|-mega|p1a: Charizard|Charizard|Charizardite Y
|-weather|SunnyDay
|move|p1a: Charizard|Fire Blast|p2a: Landorus-Therian|[miss]
|-miss|p1a: Charizard|p2a: Landorus-Therian
|
|-weather|SunnyDay|[upkeep]
|turn|9
|
|switch|p1a: Excadrill|Excadrill, F|362\/362
|-damage|p1a: Excadrill|351\/362|[from] Stealth Rock
|move|p2a: Landorus-Therian|Stone Edge|p1a: Excadrill|[miss]
|-miss|p2a: Landorus-Therian|p1a: Excadrill
|
|-weather|SunnyDay|[upkeep]
|turn|10
|
|switch|p2a: Ferrothorn|Ferrothorn, F|330\/351
|-damage|p2a: Ferrothorn|309\/351|[from] Stealth Rock
|move|p1a: Excadrill|Rapid Spin|p2a: Ferrothorn
|-resisted|p2a: Ferrothorn
|-damage|p2a: Ferrothorn|299\/351
|-damage|p1a: Excadrill|306\/362|[from] ability: Iron Barbs|[of] p2a: Ferrothorn
|-sideend|p1: With No Survivors|Stealth Rock|[from] move: Rapid Spin|[of] p1a: Excadrill
|
|-weather|SunnyDay|[upkeep]
|turn|11
|
|switch|p1a: Charizard|Charizard-Mega-Y, F|297\/297
|switch|p2a: Landorus-Therian|Landorus-Therian, M|280\/319
|-damage|p2a: Landorus-Therian|241\/319|[from] Stealth Rock
|-ability|p2a: Landorus-Therian|Intimidate|[of] p1a: Charizard
|-unboost|p1a: Charizard|atk|1
|
|-weather|SunnyDay|[upkeep]
|turn|12
|
|switch|p1a: Chesnaught|Chesnaught, M|318\/318
|move|p2a: Landorus-Therian|Stone Edge|p1a: Chesnaught|[miss]
|-miss|p2a: Landorus-Therian|p1a: Chesnaught
|
|-weather|none
|turn|13
|
|switch|p2a: Ferrothorn|Ferrothorn, F|299\/351
|-damage|p2a: Ferrothorn|278\/351|[from] Stealth Rock
|move|p1a: Chesnaught|Substitute|p1a: Chesnaught
|-start|p1a: Chesnaught|Substitute
|-damage|p1a: Chesnaught|239\/318
|
|-heal|p1a: Chesnaught|258\/318|[from] item: Leftovers
|turn|14
|
|move|p1a: Chesnaught|Drain Punch|p2a: Ferrothorn
|-supereffective|p2a: Ferrothorn
|-damage|p2a: Ferrothorn|66\/351
|-heal|p1a: Chesnaught|318\/318|[from] drain|[of] p2a: Ferrothorn
|-damage|p1a: Chesnaught|279\/318|[from] ability: Iron Barbs|[of] p2a: Ferrothorn
|move|p2a: Ferrothorn|Stealth Rock|p1a: Chesnaught
|-sidestart|p1: With No Survivors|move: Stealth Rock
|
|-heal|p1a: Chesnaught|298\/318|[from] item: Leftovers
|turn|15
|
|switch|p2a: Wobbuffet|Wobbuffet, M|575\/575
|-damage|p2a: Wobbuffet|504\/575|[from] Stealth Rock
|move|p1a: Chesnaught|Drain Punch|p2a: Wobbuffet
|-resisted|p2a: Wobbuffet
|-damage|p2a: Wobbuffet|439\/575
|-heal|p1a: Chesnaught|318\/318|[from] drain|[of] p2a: Wobbuffet
|
|-heal|p2a: Wobbuffet|474\/575|[from] item: Leftovers
|turn|16
|
|move|p1a: Chesnaught|Substitute|p1a: Chesnaught
|-fail|p1a: Chesnaught|move: Substitute
|move|p2a: Wobbuffet|Encore|p1a: Chesnaught
|-start|p1a: Chesnaught|Encore
|
|-heal|p2a: Wobbuffet|509\/575|[from] item: Leftovers
|turn|17
|
|switch|p2a: Diancie|Diancie|257\/257
|-damage|p2a: Diancie|225\/257|[from] Stealth Rock
|move|p1a: Chesnaught|Substitute|p1a: Chesnaught
|-fail|p1a: Chesnaught|move: Substitute
|
|turn|18
|
|switch|p1a: Chansey|Chansey, F|642\/642
|-damage|p1a: Chansey|562\/642|[from] Stealth Rock
|detailschange|p2a: Diancie|Diancie-Mega
|-mega|p2a: Diancie|Diancie|Diancite
|move|p2a: Diancie|Moonblast|p1a: Chansey
|-damage|p1a: Chansey|454\/642
|-unboost|p1a: Chansey|spa|1
|
|turn|19
|
|move|p2a: Diancie|Diamond Storm|p1a: Chansey
|-damage|p1a: Chansey|210\/642
|-boost|p2a: Diancie|def|1
|move|p1a: Chansey|Seismic Toss|p2a: Diancie
|-damage|p2a: Diancie|125\/257
|
|turn|20
|
|move|p2a: Diancie|Diamond Storm|p1a: Chansey
|-damage|p1a: Chansey|0 fnt
|faint|p1a: Chansey
|
|
|switch|p1a: Excadrill|Excadrill, F|306\/362
|-damage|p1a: Excadrill|295\/362|[from] Stealth Rock
|turn|21
|
|move|p2a: Diancie|Earth Power|p1a: Excadrill
|-supereffective|p1a: Excadrill
|-damage|p1a: Excadrill|13\/362
|move|p1a: Excadrill|Iron Head|p2a: Diancie
|-supereffective|p2a: Diancie
|-damage|p2a: Diancie|0 fnt
|faint|p2a: Diancie
|
|
|switch|p2a: Ferrothorn|Ferrothorn, F|66\/351
|-damage|p2a: Ferrothorn|45\/351|[from] Stealth Rock
|turn|22
|
|switch|p2a: Landorus-Therian|Landorus-Therian, M|241\/319
|-damage|p2a: Landorus-Therian|202\/319|[from] Stealth Rock
|-ability|p2a: Landorus-Therian|Intimidate|[of] p1a: Excadrill
|-unboost|p1a: Excadrill|atk|1
|move|p1a: Excadrill|Earthquake|p2a: Landorus-Therian
|-immune|p2a: Landorus-Therian|[msg]
|
|turn|23
|
|move|p2a: Landorus-Therian|U-turn|p1a: Excadrill
|-resisted|p1a: Excadrill
|-damage|p1a: Excadrill|0 fnt
|faint|p1a: Excadrill
|
|switch|p2a: Ferrothorn|Ferrothorn, F|45\/351
|-damage|p2a: Ferrothorn|24\/351|[from] Stealth Rock
|
|
|switch|p1a: Charizard|Charizard-Mega-Y, F|297\/297
|-damage|p1a: Charizard|149\/297|[from] Stealth Rock
|-weather|SunnyDay
|turn|24
|
|move|p1a: Charizard|Fire Blast|p2a: Ferrothorn
|-supereffective|p2a: Ferrothorn
|-damage|p2a: Ferrothorn|0 fnt
|faint|p2a: Ferrothorn
|
|-weather|SunnyDay|[upkeep]
|
|switch|p2a: Landorus-Therian|Landorus-Therian, M|202\/319
|-damage|p2a: Landorus-Therian|163\/319|[from] Stealth Rock
|-ability|p2a: Landorus-Therian|Intimidate|[of] p1a: Charizard
|-unboost|p1a: Charizard|atk|1
|turn|25
|
|move|p2a: Landorus-Therian|Stone Edge|p1a: Charizard
|-supereffective|p1a: Charizard
|-damage|p1a: Charizard|0 fnt
|faint|p1a: Charizard
|
|-weather|SunnyDay|[upkeep]
|
|switch|p1a: Chesnaught|Chesnaught, M|318\/318
|-damage|p1a: Chesnaught|299\/318|[from] Stealth Rock
|turn|26
|
|switch|p2a: Talonflame|Talonflame, M|319\/319
|-damage|p2a: Talonflame|160\/319|[from] Stealth Rock
|move|p1a: Chesnaught|Wood Hammer|p2a: Talonflame
|-resisted|p2a: Talonflame
|-damage|p2a: Talonflame|93\/319
|-damage|p1a: Chesnaught|277\/318|[from] recoil|[of] p2a: Talonflame
|
|-weather|SunnyDay|[upkeep]
|-heal|p1a: Chesnaught|296\/318|[from] item: Leftovers
|turn|27
|
|switch|p1a: Tyranitar|Tyranitar, M|135\/404
|-damage|p1a: Tyranitar|85\/404|[from] Stealth Rock
|-weather|Sandstorm
|move|p2a: Talonflame|Roost|p2a: Talonflame
|-heal|p2a: Talonflame|253\/319
|
|-weather|Sandstorm|[upkeep]
|-damage|p2a: Talonflame|234\/319|[from] sandstorm
|turn|28
|
|move|p1a: Tyranitar|Pursuit|p2a: Talonflame|[from]Pursuit
|-damage|p2a: Talonflame|15\/319
|switch|p2a: Landorus-Therian|Landorus-Therian, M|163\/319
|-damage|p2a: Landorus-Therian|124\/319|[from] Stealth Rock
|-ability|p2a: Landorus-Therian|Intimidate|[of] p1a: Tyranitar
|-unboost|p1a: Tyranitar|atk|1
|
|-weather|Sandstorm|[upkeep]
|turn|29
|
|switch|p1a: Chesnaught|Chesnaught, M|296\/318
|-damage|p1a: Chesnaught|277\/318|[from] Stealth Rock
|move|p2a: Landorus-Therian|U-turn|p1a: Chesnaught
|-damage|p1a: Chesnaught|197\/318
|
|switch|p2a: Talonflame|Talonflame, M|15\/319
|-damage|p2a: Talonflame|0 fnt|[from] Stealth Rock
|faint|p2a: Talonflame
|
|-weather|Sandstorm|[upkeep]
|-damage|p1a: Chesnaught|178\/318|[from] sandstorm
|-heal|p1a: Chesnaught|197\/318|[from] item: Leftovers
|
|switch|p2a: Landorus-Therian|Landorus-Therian, M|124\/319
|-damage|p2a: Landorus-Therian|85\/319|[from] Stealth Rock
|-ability|p2a: Landorus-Therian|Intimidate|[of] p1a: Chesnaught
|-unboost|p1a: Chesnaught|atk|1
|turn|30
|-message|justanazn forfeited.
|leave|justanazn
|
|win|With No Survivors
|raw|Ladder updating...
|player|p2
|raw|With No Survivors's rating: 1414 &rarr; <strong>1431<\/strong><br \/>(+17 for winning)
|raw|justanazn's rating: 1352 &rarr; <strong>1336<\/strong><br \/>(-16 for losing)