|join|Row Boat Cop
|join|With No Survivors
|player|p1|Row Boat Cop|2
|player|p2|With No Survivors|248
|gametype|singles
|gen|6
|tier|OU (suspect test)
|rated
|clearpoke
|poke|p1|Gallade, M
|poke|p1|Lanturn, F
|poke|p1|Bisharp, F
|poke|p1|Landorus, M
|poke|p1|Mandibuzz, F
|poke|p1|Volcarona, M
|poke|p2|Charizard, M
|poke|p2|Tyranitar, F
|poke|p2|Excadrill, F
|poke|p2|Chesnaught, F
|poke|p2|Slowbro, M
|poke|p2|Chansey, F
|rule|Swagger Clause: Swagger is banned
|rule|Baton Pass Clause: Limit one PokÃ©mon knowing Baton Pass
|rule|Sleep Clause Mod: Limit one foe put to sleep
|rule|Species Clause: Limit one of each PokÃ©mon
|rule|OHKO Clause: OHKO moves are banned
|rule|Moody Clause: Moody is banned
|rule|Evasion Moves Clause: Evasion moves are banned
|rule|Endless Battle Clause: Forcing endless battles is banned
|rule|HP Percentage Mod: HP is shown in percentages
|teampreview
|
|start
|switch|p1a: Gallade|Gallade, M|303\/303
|switch|p2a: Charizard|Charizard, M|297\/297
|turn|1
|
|switch|p1a: Lanturn|Lanturn, F|454\/454
|detailschange|p2a: Charizard|Charizard-Mega-Y, M
|-mega|p2a: Charizard|Charizard|Charizardite Y
|-weather|SunnyDay
|move|p2a: Charizard|Fire Blast|p1a: Lanturn
|-resisted|p1a: Lanturn
|-damage|p1a: Lanturn|248\/454
|-status|p1a: Lanturn|brn
|
|-weather|SunnyDay|[upkeep]
|-heal|p1a: Lanturn|276\/454 brn|[from] item: Leftovers
|-damage|p1a: Lanturn|220\/454 brn|[from] brn
|turn|2
|
|switch|p1a: Mandibuzz|Mandibuzz, F|424\/424
|move|p2a: Charizard|Solar Beam|p1a: Mandibuzz|[still]
|-prepare|p2a: Charizard|Solar Beam|p1a: Mandibuzz
|-anim|p2a: Charizard|Solar Beam|p1a: Mandibuzz
|-resisted|p1a: Mandibuzz
|-damage|p1a: Mandibuzz|355\/424
|
|-weather|SunnyDay|[upkeep]
|-heal|p1a: Mandibuzz|381\/424|[from] item: Leftovers
|turn|3
|
|move|p2a: Charizard|Fire Blast|p1a: Mandibuzz
|-damage|p1a: Mandibuzz|80\/424
|move|p1a: Mandibuzz|Roost|p1a: Mandibuzz
|-heal|p1a: Mandibuzz|292\/424
|
|-weather|SunnyDay|[upkeep]
|-heal|p1a: Mandibuzz|318\/424|[from] item: Leftovers
|turn|4
|
|move|p2a: Charizard|Fire Blast|p1a: Mandibuzz
|-damage|p1a: Mandibuzz|30\/424
|move|p1a: Mandibuzz|Roost|p1a: Mandibuzz
|-heal|p1a: Mandibuzz|242\/424
|
|-weather|SunnyDay|[upkeep]
|-heal|p1a: Mandibuzz|268\/424|[from] item: Leftovers
|turn|5
|
|switch|p1a: Lanturn|Lanturn, F|220\/454 brn
|move|p2a: Charizard|Fire Blast|p1a: Lanturn
|-resisted|p1a: Lanturn
|-damage|p1a: Lanturn|0 fnt
|faint|p1a: Lanturn
|
|-weather|none
|
|switch|p1a: Volcarona|Volcarona, M|373\/373
|turn|6
|
|switch|p2a: Tyranitar|Tyranitar, F|404\/404
|-weather|Sandstorm
|switch|p1a: Bisharp|Bisharp, F|334\/334
|
|-weather|Sandstorm|[upkeep]
|turn|7
|
|move|p1a: Bisharp|Low Kick|p2a: Tyranitar
|-supereffective|p2a: Tyranitar
|-damage|p2a: Tyranitar|0 fnt
|faint|p2a: Tyranitar
|
|-weather|Sandstorm|[upkeep]
|
|switch|p2a: Chesnaught|Chesnaught, F|318\/318
|turn|8
|
|switch|p2a: Charizard|Charizard-Mega-Y, M|297\/297
|-weather|SunnyDay
|switch|p1a: Volcarona|Volcarona, M|373\/373
|
|-weather|SunnyDay|[upkeep]
|turn|9
|
|move|p2a: Charizard|Fire Blast|p1a: Volcarona
|-damage|p1a: Volcarona|24\/373
|move|p1a: Volcarona|Quiver Dance|p1a: Volcarona
|-boost|p1a: Volcarona|spa|1
|-boost|p1a: Volcarona|spd|1
|-boost|p1a: Volcarona|spe|1
|
|-weather|SunnyDay|[upkeep]
|-heal|p1a: Volcarona|47\/373|[from] item: Leftovers
|turn|10
|
|move|p1a: Volcarona|Fiery Dance|p2a: Charizard
|-crit|p2a: Charizard
|-resisted|p2a: Charizard
|-damage|p2a: Charizard|103\/297
|move|p2a: Charizard|Fire Blast|p1a: Volcarona
|-damage|p1a: Volcarona|0 fnt
|faint|p1a: Volcarona
|
|-weather|SunnyDay|[upkeep]
|
|switch|p1a: Bisharp|Bisharp, F|334\/334
|turn|11
|
|move|p1a: Bisharp|Sucker Punch|p2a: Charizard
|-fail|p2a: Charizard
|move|p2a: Charizard|Roost|p2a: Charizard
|-heal|p2a: Charizard|252\/297
|
|-weather|SunnyDay|[upkeep]
|turn|12
|-message|Row Boat Cop forfeited.
|leave|Row Boat Cop
|
|switch|p2a: Chesnaught|Chesnaught, F|318\/318
|move|p1a: Bisharp|Knock Off|p2a: Chesnaught
|-resisted|p2a: Chesnaught
|-damage|p2a: Chesnaught|246\/318
|-enditem|p2a: Chesnaught|Leftovers|[from] move: Knock Off|[of] p1a: Bisharp
|
|-weather|none
|turn|13
|
|win|With No Survivors
|raw|Ladder updating...
|player|p1
|raw|Row Boat Cop's rating: 1219 &rarr; <strong>1199<\/strong><br \/>(-20 for losing)
|raw|With No Survivors's rating: 1294 &rarr; <strong>1314<\/strong><br \/>(+20 for winning)