|join|With No Survivors
|join|CaudleStrong
|player|p1|With No Survivors|248
|player|p2|CaudleStrong|292
|gametype|singles
|gen|6
|tier|OU (suspect test)
|rated
|clearpoke
|poke|p1|Charizard, F
|poke|p1|Tyranitar, F
|poke|p1|Excadrill, F
|poke|p1|Chesnaught, M
|poke|p1|Slowbro, M
|poke|p1|Chansey, F
|poke|p2|Thundurus-Therian, M, shiny
|poke|p2|Aggron, F, shiny
|poke|p2|Garchomp, M
|poke|p2|Cresselia, F
|poke|p2|Honchkrow, F
|poke|p2|Celebi
|rule|Swagger Clause: Swagger is banned
|rule|Baton Pass Clause: Limit one PokÃ©mon knowing Baton Pass
|rule|Sleep Clause Mod: Limit one foe put to sleep
|rule|Species Clause: Limit one of each PokÃ©mon
|rule|OHKO Clause: OHKO moves are banned
|rule|Moody Clause: Moody is banned
|rule|Evasion Moves Clause: Evasion moves are banned
|rule|Endless Battle Clause: Forcing endless battles is banned
|rule|HP Percentage Mod: HP is shown in percentages
|teampreview
|
|start
|switch|p1a: Slowbro|Slowbro, M|394\/394
|switch|p2a: Blue Steeeeel|Aggron, F, shiny|344\/344
|turn|1
|
|switch|p2a: You Guessed It|Thundurus-Therian, M, shiny|299\/299
|move|p1a: Slowbro|Fire Blast|p2a: You Guessed It
|-damage|p2a: You Guessed It|151\/299
|
|turn|2
|
|switch|p1a: Chansey|Chansey, F|642\/642
|move|p2a: You Guessed It|Volt Switch|p1a: Chansey
|-damage|p1a: Chansey|543\/642
|-damage|p2a: You Guessed It|122\/299|[from] item: Life Orb
|
|switch|p2a: Honchkrow|Honchkrow, F|341\/341
|
|turn|3
|
|switch|p1a: Tyranitar|Tyranitar, F|404\/404
|-weather|Sandstorm
|move|p2a: Honchkrow|Superpower|p1a: Tyranitar
|-supereffective|p1a: Tyranitar
|-damage|p1a: Tyranitar|0 fnt
|-unboost|p2a: Honchkrow|atk|1
|-unboost|p2a: Honchkrow|def|1
|-damage|p2a: Honchkrow|307\/341|[from] item: Life Orb
|faint|p1a: Tyranitar
|-boost|p2a: Honchkrow|atk|1|[from] ability: Moxie
|
|-weather|Sandstorm|[upkeep]
|-damage|p2a: Honchkrow|286\/341|[from] sandstorm
|join|shnupz
|join|Zane3G
|
|switch|p1a: Excadrill|Excadrill, F|362\/362
|turn|4
|join|wrong numbah
|
|switch|p2a: Shiny|Garchomp, M|420\/420
|move|p1a: Excadrill|Iron Head|p2a: Shiny
|-damage|p2a: Shiny|308\/420
|-damage|p1a: Excadrill|317\/362|[from] ability: Rough Skin|[of] p2a: Shiny
|-damage|p1a: Excadrill|257\/362|[from] item: Rocky Helmet|[of] p2a: Shiny
|
|-weather|Sandstorm|[upkeep]
|turn|5
|join|3-Cheese Pizzans
|
|move|p1a: Excadrill|Earthquake|p2a: Shiny
|-damage|p2a: Shiny|163\/420
|move|p2a: Shiny|Stealth Rock|p1a: Excadrill
|-sidestart|p1: With No Survivors|move: Stealth Rock
|
|-weather|Sandstorm|[upkeep]
|turn|6
|c| 3-Cheese Pizzans|gotta go blast
|join|sallatroh
|join|FernetConCoca
|c| Zane3G|gotta go fast
|
|switch|p1a: Chesnaught|Chesnaught, M|318\/318
|-damage|p1a: Chesnaught|299\/318|[from] Stealth Rock
|switch|p2a: You Guessed It|Thundurus-Therian, M, shiny|122\/299
|
|-weather|Sandstorm|[upkeep]
|-damage|p2a: You Guessed It|104\/299|[from] sandstorm
|-damage|p1a: Chesnaught|280\/318|[from] sandstorm
|-heal|p1a: Chesnaught|299\/318|[from] item: Leftovers
|turn|7
|join|Brunpo Tungus
|
|move|p2a: You Guessed It|Sludge Wave|p1a: Chesnaught
|-supereffective|p1a: Chesnaught
|-damage|p1a: Chesnaught|0 fnt
|-damage|p2a: You Guessed It|75\/299|[from] item: Life Orb
|faint|p1a: Chesnaught
|
|-weather|none
|join|Amabel
|
|switch|p1a: Chansey|Chansey, F|543\/642
|-damage|p1a: Chansey|463\/642|[from] Stealth Rock
|turn|8
|leave|Amabel
|leave|FernetConCoca
|c| shnupz|use "that"
|leave|Zane3G
|join|Zane3G
|
|move|p2a: You Guessed It|Incinerate|p1a: Chansey
|-damage|p1a: Chansey|414\/642
|-damage|p2a: You Guessed It|46\/299|[from] item: Life Orb
|move|p1a: Chansey|Soft-Boiled|p1a: Chansey
|-heal|p1a: Chansey|642\/642
|
|turn|9
|
|move|p2a: You Guessed It|Sludge Wave|p1a: Chansey
|-damage|p1a: Chansey|564\/642
|-damage|p2a: You Guessed It|17\/299|[from] item: Life Orb
|move|p1a: Chansey|Seismic Toss|p2a: You Guessed It
|-damage|p2a: You Guessed It|0 fnt
|faint|p2a: You Guessed It
|
|c| Zane3G|berry removed'
|join|TimeFOrPLot
|
|switch|p2a: Honchkrow|Honchkrow, F|286\/341
|turn|10
|c| shnupz|DESTROYED BERRY
|c| shnupz|GG
|join|90s fat pikachu
|
|move|p2a: Honchkrow|Brave Bird|p1a: Chansey
|-damage|p1a: Chansey|177\/642
|-damage|p2a: Honchkrow|158\/341|[from] recoil|[of] p1a: Chansey
|-damage|p2a: Honchkrow|124\/341|[from] item: Life Orb
|move|p1a: Chansey|Thunder Wave|p2a: Honchkrow
|-status|p2a: Honchkrow|par
|
|turn|11
|
|move|p1a: Chansey|Soft-Boiled|p1a: Chansey
|-heal|p1a: Chansey|498\/642
|move|p2a: Honchkrow|Facade|p1a: Chansey
|-crit|p1a: Chansey
|-damage|p1a: Chansey|60\/642
|-damage|p2a: Honchkrow|90\/341 par|[from] item: Life Orb
|
|turn|12
|c| Zane3G|is that banded
|c| Zane3G|that is a strong crow
|c| shnupz|m'chansey
|
|move|p1a: Chansey|Seismic Toss|p2a: Honchkrow
|-damage|p2a: Honchkrow|0 fnt
|faint|p2a: Honchkrow
|
|c| TimeFOrPLot|The ultimate amount of fuck off
|
|switch|p2a: Blue Steeeeel|Aggron, F, shiny|344\/344
|turn|13
|
|detailschange|p2a: Blue Steeeeel|Aggron-Mega, F, shiny
|-mega|p2a: Blue Steeeeel|Aggron|Aggronite
|move|p1a: Chansey|Soft-Boiled|p1a: Chansey
|-heal|p1a: Chansey|381\/642
|move|p2a: Blue Steeeeel|Earthquake|p1a: Chansey
|-damage|p1a: Chansey|203\/642
|
|turn|14
|c| wrong numbah|>blue
|
|move|p1a: Chansey|Soft-Boiled|p1a: Chansey
|-heal|p1a: Chansey|524\/642
|move|p2a: Blue Steeeeel|Iron Head|p1a: Chansey
|-crit|p1a: Chansey
|-damage|p1a: Chansey|220\/642
|
|turn|15
|c| Zane3G|\/me teleports behind u
|c| Zane3G|\/me unsheathes aggron
|c| Zane3G|heh
|c| Zane3G|nothing personnel
|
|switch|p2a: Cresselia|Cresselia, F|444\/444
|move|p1a: Chansey|Soft-Boiled|p1a: Chansey
|-heal|p1a: Chansey|541\/642
|
|turn|16
|c| shnupz|...kid
|join|BoosterGoldz
|
|move|p2a: Cresselia|Toxic|p1a: Chansey
|-status|p1a: Chansey|tox
|move|p1a: Chansey|Thunder Wave|p2a: Cresselia
|-status|p2a: Cresselia|par
|
|-damage|p1a: Chansey|501\/642 tox|[from] psn
|turn|17
|
|switch|p1a: Excadrill|Excadrill, F|257\/362
|-damage|p1a: Excadrill|246\/362|[from] Stealth Rock
|switch|p2a: Celebi|Celebi|341\/341
|
|turn|18
|c| shnupz|nice name there chimp
|
|move|p2a: Celebi|Seed Bomb|p1a: Excadrill
|-damage|p1a: Excadrill|36\/362
|move|p1a: Excadrill|Rapid Spin|p2a: Celebi
|-damage|p2a: Celebi|312\/341
|-sideend|p1: With No Survivors|Stealth Rock|[from] move: Rapid Spin|[of] p1a: Excadrill
|
|turn|19
|c| TimeFOrPLot|Until next time
|c| TimeFOrPLot|See ya
|c|âWith No Survivors|oh it's showderp
|c|âWith No Survivors|heh
|c| shnupz|>implying
|
|switch|p1a: Charizard|Charizard, F|297\/297
|move|p2a: Celebi|Seed Bomb|p1a: Charizard
|-resisted|p1a: Charizard
|-damage|p1a: Charizard|255\/297
|
|turn|20
|c| Zane3G|this is just to pass the time
|c| Zane3G|while there is a shitstorm
|c| wrong numbah|another year of my life wasted on 4chan with a bunch of meme guise
|c| Zane3G|no one here is champ
|c| wrong numbah|love you all
|c| wrong numbah|:^)
|c|âCaudleStrong|what the hell is going on here
|
|switch|p2a: Shiny|Garchomp, M|163\/420
|detailschange|p1a: Charizard|Charizard-Mega-Y, F
|-mega|p1a: Charizard|Charizard|Charizardite Y
|-weather|SunnyDay
|move|p1a: Charizard|Fire Blast|p2a: Shiny
|-resisted|p2a: Shiny
|-damage|p2a: Shiny|0 fnt
|faint|p2a: Shiny
|
|-weather|SunnyDay|[upkeep]
|c| Zane3G|>wasted
|c| Zane3G|>memes
|c| Zane3G|bick one
|c| TimeFOrPLot|Nice resist
|c| wrong numbah|i pick memes
|c|âWith No Survivors|burning all your memes
|c| wrong numbah|everyday
|join|samhippie
|
|switch|p2a: Cresselia|Cresselia, F|444\/444 par
|turn|21
|c|âWith No Survivors|WITH NO SURVIVORS
|
|move|p1a: Charizard|Fire Blast|p2a: Cresselia
|-damage|p2a: Cresselia|254\/444 par
|move|p2a: Cresselia|Thunder Wave|p1a: Charizard
|-status|p1a: Charizard|par
|
|-weather|SunnyDay|[upkeep]
|-heal|p2a: Cresselia|281\/444 par|[from] item: Leftovers
|turn|22
|c| TimeFOrPLot|CRASHING THIS CHARIZARD
|
|switch|p1a: Chansey|Chansey, F|501\/642
|move|p2a: Cresselia|Psychic|p1a: Chansey
|-damage|p1a: Chansey|455\/642
|
|-weather|SunnyDay|[upkeep]
|-heal|p2a: Cresselia|308\/444 par|[from] item: Leftovers
|turn|23
|leave|shnupz
|c|âWith No Survivors|YOU THINK THIS GIVES YOU POWER OVER ME?
|c| Zane3G|big
|
|switch|p2a: Celebi|Celebi|312\/341
|move|p1a: Chansey|Aromatherapy|p1a: Chansey
|-cureteam|p1a: Chansey|[from] move: Aromatherapy
|
|-weather|SunnyDay|[upkeep]
|turn|24
|c| wrong numbah|4 u
|
|switch|p1a: Charizard|Charizard-Mega-Y, F|255\/297
|move|p2a: Celebi|Zen Headbutt|p1a: Charizard
|-damage|p1a: Charizard|96\/297
|
|-weather|none
|turn|25
|
|move|p2a: Celebi|Zen Headbutt|p1a: Charizard
|-damage|p1a: Charizard|0 fnt
|faint|p1a: Charizard
|
|leave|Brunpo Tungus
|c| Zane3G|nice timing u fukn nerd
|c|âWith No Survivors|tfw
|
|switch|p1a: Slowbro|Slowbro, M|394\/394
|turn|26
|c| wrong numbah|:^(
|c| wrong numbah|it's my spic internet
|c| wrong numbah|the lag is reel
|c| 90s fat pikachu|showdown is shit today
|
|switch|p2a: Cresselia|Cresselia, F|308\/444 par
|move|p1a: Slowbro|Fire Blast|p2a: Cresselia|[miss]
|-miss|p1a: Slowbro|p2a: Cresselia
|
|-heal|p2a: Cresselia|335\/444 par|[from] item: Leftovers
|turn|27
|c| 90s fat pikachu|it's not just you
|
|switch|p1a: Chansey|Chansey, F|455\/642
|cant|p2a: Cresselia|par
|
|-heal|p2a: Cresselia|362\/444 par|[from] item: Leftovers
|turn|28
|c| wrong numbah|ZAREL CAN'T CODE
|
|move|p1a: Chansey|Seismic Toss|p2a: Cresselia
|-damage|p2a: Cresselia|262\/444 par
|move|p2a: Cresselia|Toxic|p1a: Chansey
|-status|p1a: Chansey|tox
|
|-heal|p2a: Cresselia|289\/444 par|[from] item: Leftovers
|-damage|p1a: Chansey|415\/642 tox|[from] psn
|turn|29
|
|switch|p1a: Slowbro|Slowbro, M|394\/394
|switch|p2a: Celebi|Celebi|312\/341
|
|turn|30
|
|move|p2a: Celebi|U-turn|p1a: Slowbro
|-crit|p1a: Slowbro
|-supereffective|p1a: Slowbro
|-damage|p1a: Slowbro|184\/394
|-damage|p2a: Celebi|256\/341|[from] item: Rocky Helmet|[of] p1a: Slowbro
|
|switch|p2a: Cresselia|Cresselia, F|289\/444 par
|move|p1a: Slowbro|Fire Blast|p2a: Cresselia
|-damage|p2a: Cresselia|216\/444 par
|
|-heal|p2a: Cresselia|243\/444 par|[from] item: Leftovers
|turn|31
|c| Zane3G|mfw physical celebi
|c|âWith No Survivors|this is a tough meme to XD at
|
|switch|p1a: Chansey|Chansey, F|415\/642
|move|p2a: Cresselia|Toxic|p1a: Chansey
|-status|p1a: Chansey|tox
|
|-heal|p2a: Cresselia|270\/444 par|[from] item: Leftovers
|-damage|p1a: Chansey|375\/642 tox|[from] psn
|turn|32
|c| wrong numbah|XD
|leave|vanillaoreo
|
|switch|p2a: Celebi|Celebi|256\/341
|move|p1a: Chansey|Soft-Boiled|p1a: Chansey
|-heal|p1a: Chansey|642\/642 tox
|
|-damage|p1a: Chansey|562\/642 tox|[from] psn
|turn|33
|leave|3-Cheese Pizzans
|
|move|p2a: Celebi|U-turn|p1a: Chansey
|-damage|p1a: Chansey|469\/642 tox
|
|switch|p2a: Blue Steeeeel|Aggron-Mega, F, shiny|344\/344
|move|p1a: Chansey|Seismic Toss|p2a: Blue Steeeeel
|-damage|p2a: Blue Steeeeel|244\/344
|
|-damage|p1a: Chansey|349\/642 tox|[from] psn
|turn|34
|c| Zane3G|its more of a teal-ish really
|
|switch|p1a: Slowbro|Slowbro, M|315\/394
|move|p2a: Blue Steeeeel|Iron Head|p1a: Slowbro
|-resisted|p1a: Slowbro
|-damage|p1a: Slowbro|242\/394
|-damage|p2a: Blue Steeeeel|187\/344|[from] item: Rocky Helmet|[of] p1a: Slowbro
|
|turn|35
|
|move|p2a: Blue Steeeeel|Earthquake|p1a: Slowbro
|-damage|p1a: Slowbro|118\/394
|move|p1a: Slowbro|Fire Blast|p2a: Blue Steeeeel
|-supereffective|p2a: Blue Steeeeel
|-damage|p2a: Blue Steeeeel|0 fnt
|faint|p2a: Blue Steeeeel
|
|
|switch|p2a: Celebi|Celebi|256\/341
|turn|36
|c| wrong numbah|>daltonism
|
|switch|p1a: Excadrill|Excadrill, F|36\/362
|move|p2a: Celebi|Seed Bomb|p1a: Excadrill
|-damage|p1a: Excadrill|0 fnt
|faint|p1a: Excadrill
|
|
|switch|p1a: Chansey|Chansey, F|349\/642
|turn|37
|
|move|p2a: Celebi|Seed Bomb|p1a: Chansey
|-damage|p1a: Chansey|162\/642
|move|p1a: Chansey|Soft-Boiled|p1a: Chansey
|-heal|p1a: Chansey|483\/642
|
|turn|38
|
|switch|p2a: Cresselia|Cresselia, F|270\/444 par
|move|p1a: Chansey|Seismic Toss|p2a: Cresselia
|-damage|p2a: Cresselia|170\/444 par
|
|-heal|p2a: Cresselia|197\/444 par|[from] item: Leftovers
|turn|39
|
|switch|p2a: Celebi|Celebi|256\/341
|move|p1a: Chansey|Seismic Toss|p2a: Celebi
|-damage|p2a: Celebi|156\/341
|
|turn|40
|
|move|p2a: Celebi|Zen Headbutt|p1a: Chansey
|-damage|p1a: Chansey|308\/642
|move|p1a: Chansey|Seismic Toss|p2a: Celebi
|-damage|p2a: Celebi|56\/341
|
|turn|41
|
|move|p2a: Celebi|Zen Headbutt|p1a: Chansey|[miss]
|-miss|p2a: Celebi|p1a: Chansey
|move|p1a: Chansey|Soft-Boiled|p1a: Chansey
|-heal|p1a: Chansey|629\/642
|
|turn|42
|c| TimeFOrPLot|Until next time
|c| TimeFOrPLot|See ya
|c| wrong numbah|reveal perish song
|c|âWith No Survivors|top kek hot head
|
|move|p2a: Celebi|Zen Headbutt|p1a: Chansey
|-damage|p1a: Chansey|449\/642
|move|p1a: Chansey|Seismic Toss|p2a: Celebi
|-damage|p2a: Celebi|0 fnt
|faint|p2a: Celebi
|
|
|switch|p2a: Cresselia|Cresselia, F|197\/444 par
|turn|43
|
|move|p1a: Chansey|Seismic Toss|p2a: Cresselia
|-damage|p2a: Cresselia|97\/444 par
|cant|p2a: Cresselia|par
|
|-heal|p2a: Cresselia|124\/444 par|[from] item: Leftovers
|turn|44
|c| TimeFOrPLot|PARA SUCK
|
|move|p1a: Chansey|Seismic Toss|p2a: Cresselia
|-damage|p2a: Cresselia|24\/444 par
|move|p2a: Cresselia|Ice Beam|p1a: Chansey
|-damage|p1a: Chansey|422\/642
|
|-heal|p2a: Cresselia|51\/444 par|[from] item: Leftovers
|turn|45
|c| TimeFOrPLot|Ogredrive
|
|move|p1a: Chansey|Seismic Toss|p2a: Cresselia
|-damage|p2a: Cresselia|0 fnt
|faint|p2a: Cresselia
|
|win|With No Survivors
|raw|Ladder updating...
|raw|With No Survivors's rating: 1170 &rarr; <strong>1190<\/strong><br \/>(+20 for winning)
|raw|CaudleStrong's rating: 1098 &rarr; <strong>1078<\/strong><br \/>(-20 for losing)
|c|âWith No Survivors|ayy lmao
|leave|CaudleStrong
|player|p2
|leave|TimeFOrPLot