|join|With No Survivors
|join|Caile
|player|p1|With No Survivors|248
|player|p2|Caile|253
|gametype|singles
|gen|6
|tier|OU (suspect test)
|rated
|clearpoke
|poke|p1|Charizard, F
|poke|p1|Tyranitar, M
|poke|p1|Excadrill, M
|poke|p1|Chesnaught, F
|poke|p1|Slowbro, M
|poke|p1|Chansey, F
|poke|p2|Volcarona, M
|poke|p2|Excadrill, M
|poke|p2|Ferrothorn, F
|poke|p2|Gengar, F
|poke|p2|Conkeldurr, F
|poke|p2|Chansey, F
|rule|Swagger Clause: Swagger is banned
|rule|Baton Pass Clause: Limit one PokÃ©mon knowing Baton Pass
|rule|Sleep Clause Mod: Limit one foe put to sleep
|rule|Species Clause: Limit one of each PokÃ©mon
|rule|OHKO Clause: OHKO moves are banned
|rule|Moody Clause: Moody is banned
|rule|Evasion Moves Clause: Evasion moves are banned
|rule|Endless Battle Clause: Forcing endless battles is banned
|rule|HP Percentage Mod: HP is shown in percentages
|teampreview
|
|start
|switch|p1a: Charizard|Charizard, F|297\/297
|switch|p2a: YoMama|Conkeldurr, F|414\/414
|turn|1
|
|switch|p1a: Chesnaught|Chesnaught, F|318\/318
|switch|p2a: JustStandingHere|Chansey, F|704\/704
|
|turn|2
|
|switch|p2a: HugMeNeedLove|Ferrothorn, F|352\/352
|move|p1a: Chesnaught|Substitute|p1a: Chesnaught
|-start|p1a: Chesnaught|Substitute
|-damage|p1a: Chesnaught|239\/318
|
|-heal|p1a: Chesnaught|258\/318|[from] item: Leftovers
|turn|3
|
|move|p1a: Chesnaught|Drain Punch|p2a: HugMeNeedLove
|-supereffective|p2a: HugMeNeedLove
|-damage|p2a: HugMeNeedLove|190\/352
|-heal|p1a: Chesnaught|318\/318|[from] drain|[of] p2a: HugMeNeedLove
|-damage|p1a: Chesnaught|279\/318|[from] ability: Iron Barbs|[of] p2a: HugMeNeedLove
|-damage|p1a: Chesnaught|226\/318|[from] item: Rocky Helmet|[of] p2a: HugMeNeedLove
|move|p2a: HugMeNeedLove|Stealth Rock|p1a: Chesnaught
|-sidestart|p1: With No Survivors|move: Stealth Rock
|
|-heal|p1a: Chesnaught|245\/318|[from] item: Leftovers
|turn|4
|
|switch|p2a: GoodNight|Gengar, F|268\/268
|move|p1a: Chesnaught|Drain Punch|p2a: GoodNight
|-immune|p2a: GoodNight|[msg]
|
|-heal|p1a: Chesnaught|264\/318|[from] item: Leftovers
|turn|5
|
|move|p2a: GoodNight|Substitute|p2a: GoodNight
|-start|p2a: GoodNight|Substitute
|-damage|p2a: GoodNight|201\/268
|move|p1a: Chesnaught|Wood Hammer|p2a: GoodNight
|-resisted|p2a: GoodNight
|-end|p2a: GoodNight|Substitute
|-damage|p1a: Chesnaught|242\/318|[from] recoil|[of] p2a: GoodNight
|
|-heal|p2a: GoodNight|217\/268|[from] item: Black Sludge
|-heal|p1a: Chesnaught|261\/318|[from] item: Leftovers
|turn|6
|
|switch|p2a: HugMeNeedLove|Ferrothorn, F|190\/352
|move|p1a: Chesnaught|Wood Hammer|p2a: HugMeNeedLove
|-resisted|p2a: HugMeNeedLove
|-damage|p2a: HugMeNeedLove|162\/352
|-damage|p1a: Chesnaught|222\/318|[from] ability: Iron Barbs|[of] p2a: HugMeNeedLove
|-damage|p1a: Chesnaught|169\/318|[from] item: Rocky Helmet|[of] p2a: HugMeNeedLove
|-damage|p1a: Chesnaught|160\/318|[from] recoil|[of] p2a: HugMeNeedLove
|
|-heal|p1a: Chesnaught|179\/318|[from] item: Leftovers
|turn|7
|
|switch|p2a: GoodNight|Gengar, F|217\/268
|move|p1a: Chesnaught|Drain Punch|p2a: GoodNight
|-immune|p2a: GoodNight|[msg]
|
|-heal|p2a: GoodNight|233\/268|[from] item: Black Sludge
|-heal|p1a: Chesnaught|198\/318|[from] item: Leftovers
|turn|8
|
|move|p2a: GoodNight|Shadow Ball|p1a: Chesnaught
|-immune|p1a: Chesnaught|[msg]|[from] Bulletproof
|move|p1a: Chesnaught|Synthesis|p1a: Chesnaught
|-heal|p1a: Chesnaught|318\/318
|
|-heal|p2a: GoodNight|249\/268|[from] item: Black Sludge
|turn|9
|
|switch|p2a: YoMama|Conkeldurr, F|414\/414
|move|p1a: Chesnaught|Drain Punch|p2a: YoMama
|-damage|p2a: YoMama|273\/414
|
|turn|10
|
|move|p2a: YoMama|Mach Punch|p1a: Chesnaught
|-activate|p1a: Chesnaught|Substitute|[damage]
|move|p1a: Chesnaught|Wood Hammer|p2a: YoMama
|-damage|p2a: YoMama|57\/414
|-damage|p1a: Chesnaught|247\/318|[from] recoil|[of] p2a: YoMama
|
|-heal|p1a: Chesnaught|266\/318|[from] item: Leftovers
|turn|11
|
|move|p1a: Chesnaught|Substitute|p1a: Chesnaught
|-fail|p1a: Chesnaught|move: Substitute
|move|p2a: YoMama|Knock Off|p1a: Chesnaught
|-crit|p1a: Chesnaught
|-resisted|p1a: Chesnaught
|-end|p1a: Chesnaught|Substitute
|
|-heal|p1a: Chesnaught|285\/318|[from] item: Leftovers
|turn|12
|
|move|p1a: Chesnaught|Drain Punch|p2a: YoMama
|-damage|p2a: YoMama|0 fnt
|-heal|p1a: Chesnaught|314\/318|[from] drain|[of] p2a: YoMama
|faint|p2a: YoMama
|
|-heal|p1a: Chesnaught|318\/318|[from] item: Leftovers
|
|switch|p2a: OneMolePls|Excadrill, M|362\/362
|-ability|p2a: OneMolePls|Mold Breaker
|turn|13
|
|move|p2a: OneMolePls|Earthquake|p1a: Chesnaught
|-crit|p1a: Chesnaught
|-resisted|p1a: Chesnaught
|-damage|p1a: Chesnaught|208\/318
|move|p1a: Chesnaught|Substitute|p1a: Chesnaught
|-start|p1a: Chesnaught|Substitute
|-damage|p1a: Chesnaught|129\/318
|
|-heal|p1a: Chesnaught|148\/318|[from] item: Leftovers
|turn|14
|
|move|p2a: OneMolePls|Earthquake|p1a: Chesnaught
|-resisted|p1a: Chesnaught
|-end|p1a: Chesnaught|Substitute
|move|p1a: Chesnaught|Drain Punch|p2a: OneMolePls
|-supereffective|p2a: OneMolePls
|-damage|p2a: OneMolePls|0 fnt
|-heal|p1a: Chesnaught|318\/318|[from] drain|[of] p2a: OneMolePls
|faint|p2a: OneMolePls
|
|
|switch|p2a: Horus|Volcarona, M|312\/312
|turn|15
|
|switch|p1a: Tyranitar|Tyranitar, M|404\/404
|-damage|p1a: Tyranitar|354\/404|[from] Stealth Rock
|-weather|Sandstorm
|move|p2a: Horus|Fiery Dance|p1a: Tyranitar
|-resisted|p1a: Tyranitar
|-damage|p1a: Tyranitar|280\/404
|-boost|p2a: Horus|spa|1
|-damage|p2a: Horus|281\/312|[from] item: Life Orb
|
|-weather|Sandstorm|[upkeep]
|-damage|p2a: Horus|262\/312|[from] sandstorm
|turn|16
|
|switch|p1a: Excadrill|Excadrill, M|362\/362
|-damage|p1a: Excadrill|351\/362|[from] Stealth Rock
|move|p2a: Horus|Bug Buzz|p1a: Excadrill
|-resisted|p1a: Excadrill
|-damage|p1a: Excadrill|181\/362
|-damage|p2a: Horus|231\/312|[from] item: Life Orb
|
|-weather|Sandstorm|[upkeep]
|-damage|p2a: Horus|212\/312|[from] sandstorm
|turn|17
|
|switch|p2a: GoodNight|Gengar, F|249\/268
|move|p1a: Excadrill|Rock Slide|p2a: GoodNight
|-damage|p2a: GoodNight|89\/268
|
|-weather|Sandstorm|[upkeep]
|-damage|p2a: GoodNight|73\/268|[from] sandstorm
|-heal|p2a: GoodNight|89\/268|[from] item: Black Sludge
|turn|18
|
|switch|p2a: JustStandingHere|Chansey, F|704\/704
|move|p1a: Excadrill|Rock Slide|p2a: JustStandingHere
|-damage|p2a: JustStandingHere|567\/704
|
|-weather|Sandstorm|[upkeep]
|-damage|p2a: JustStandingHere|523\/704|[from] sandstorm
|turn|19
|
|move|p1a: Excadrill|Rapid Spin|p2a: JustStandingHere
|-damage|p2a: JustStandingHere|489\/704
|-sideend|p1: With No Survivors|Stealth Rock|[from] move: Rapid Spin|[of] p1a: Excadrill
|move|p2a: JustStandingHere|Seismic Toss|p1a: Excadrill
|-damage|p1a: Excadrill|81\/362
|
|-weather|none
|turn|20
|
|switch|p1a: Chesnaught|Chesnaught, F|318\/318
|move|p2a: JustStandingHere|Seismic Toss|p1a: Chesnaught
|-damage|p1a: Chesnaught|218\/318
|
|-heal|p1a: Chesnaught|237\/318|[from] item: Leftovers
|turn|21
|
|switch|p1a: Tyranitar|Tyranitar, M|280\/404
|-weather|Sandstorm
|switch|p2a: Horus|Volcarona, M|212\/312
|
|-weather|Sandstorm|[upkeep]
|-damage|p2a: Horus|193\/312|[from] sandstorm
|turn|22
|
|move|p2a: Horus|Quiver Dance|p2a: Horus
|-boost|p2a: Horus|spa|1
|-boost|p2a: Horus|spd|1
|-boost|p2a: Horus|spe|1
|move|p1a: Tyranitar|Rock Slide|p2a: Horus
|-miss|p1a: Tyranitar|p2a: Horus
|
|-weather|Sandstorm|[upkeep]
|-damage|p2a: Horus|174\/312|[from] sandstorm
|turn|23
|
|switch|p1a: Chansey|Chansey, F|642\/642
|move|p2a: Horus|Bug Buzz|p1a: Chansey
|-damage|p1a: Chansey|469\/642
|-damage|p2a: Horus|143\/312|[from] item: Life Orb
|
|-weather|Sandstorm|[upkeep]
|-damage|p2a: Horus|124\/312|[from] sandstorm
|-damage|p1a: Chansey|429\/642|[from] sandstorm
|turn|24
|
|switch|p2a: GoodNight|Gengar, F|89\/268
|move|p1a: Chansey|Seismic Toss|p2a: GoodNight
|-immune|p2a: GoodNight|[msg]
|
|-weather|Sandstorm|[upkeep]
|-damage|p2a: GoodNight|73\/268|[from] sandstorm
|-damage|p1a: Chansey|389\/642|[from] sandstorm
|-heal|p2a: GoodNight|89\/268|[from] item: Black Sludge
|turn|25
|
|switch|p1a: Tyranitar|Tyranitar, M|280\/404
|move|p2a: GoodNight|Taunt|p1a: Tyranitar
|-start|p1a: Tyranitar|move: Taunt
|
|-weather|none
|-heal|p2a: GoodNight|105\/268|[from] item: Black Sludge
|turn|26
|
|move|p1a: Tyranitar|Pursuit|p2a: GoodNight|[from]Pursuit
|-supereffective|p2a: GoodNight
|-damage|p2a: GoodNight|0 fnt
|faint|p2a: GoodNight
|
|
|switch|p2a: Horus|Volcarona, M|124\/312
|turn|27
|
|switch|p2a: HugMeNeedLove|Ferrothorn, F|162\/352
|switch|p1a: Charizard|Charizard, F|297\/297
|
|turn|28
|
|switch|p1a: Chesnaught|Chesnaught, F|237\/318
|switch|p2a: JustStandingHere|Chansey, F|489\/704
|
|-heal|p1a: Chesnaught|256\/318|[from] item: Leftovers
|turn|29
|
|move|p1a: Chesnaught|Drain Punch|p2a: JustStandingHere
|-supereffective|p2a: JustStandingHere
|-damage|p2a: JustStandingHere|175\/704
|-heal|p1a: Chesnaught|318\/318|[from] drain|[of] p2a: JustStandingHere
|move|p2a: JustStandingHere|Seismic Toss|p1a: Chesnaught
|-damage|p1a: Chesnaught|218\/318
|
|-heal|p1a: Chesnaught|237\/318|[from] item: Leftovers
|turn|30
|
|switch|p2a: HugMeNeedLove|Ferrothorn, F|162\/352
|move|p1a: Chesnaught|Drain Punch|p2a: HugMeNeedLove
|-supereffective|p2a: HugMeNeedLove
|-damage|p2a: HugMeNeedLove|0 fnt
|-heal|p1a: Chesnaught|318\/318|[from] drain|[of] p2a: HugMeNeedLove
|-damage|p1a: Chesnaught|279\/318|[from] ability: Iron Barbs|[of] p2a: HugMeNeedLove
|-damage|p1a: Chesnaught|226\/318|[from] item: Rocky Helmet|[of] p2a: HugMeNeedLove
|faint|p2a: HugMeNeedLove
|
|-heal|p1a: Chesnaught|245\/318|[from] item: Leftovers
|
|switch|p2a: Horus|Volcarona, M|124\/312
|turn|31
|
|switch|p1a: Tyranitar|Tyranitar, M|280\/404
|-weather|Sandstorm
|move|p2a: Horus|Fiery Dance|p1a: Tyranitar
|-crit|p1a: Tyranitar
|-resisted|p1a: Tyranitar
|-damage|p1a: Tyranitar|183\/404
|-damage|p2a: Horus|93\/312|[from] item: Life Orb
|
|-weather|Sandstorm|[upkeep]
|-damage|p2a: Horus|74\/312|[from] sandstorm
|turn|32
|
|switch|p1a: Chansey|Chansey, F|389\/642
|move|p2a: Horus|Bug Buzz|p1a: Chansey
|-damage|p1a: Chansey|276\/642
|-unboost|p1a: Chansey|spd|1
|-damage|p2a: Horus|43\/312|[from] item: Life Orb
|
|-weather|Sandstorm|[upkeep]
|-damage|p2a: Horus|24\/312|[from] sandstorm
|-damage|p1a: Chansey|236\/642|[from] sandstorm
|turn|33
|
|switch|p1a: Charizard|Charizard, F|297\/297
|move|p2a: Horus|Bug Buzz|p1a: Charizard
|-resisted|p1a: Charizard
|-damage|p1a: Charizard|223\/297
|-unboost|p1a: Charizard|spd|1
|-damage|p2a: Horus|0 fnt|[from] item: Life Orb
|faint|p2a: Horus
|
|-weather|Sandstorm|[upkeep]
|-damage|p1a: Charizard|205\/297|[from] sandstorm
|
|switch|p2a: JustStandingHere|Chansey, F|175\/704
|turn|34
|
|switch|p1a: Chesnaught|Chesnaught, F|245\/318
|move|p2a: JustStandingHere|Seismic Toss|p1a: Chesnaught
|-damage|p1a: Chesnaught|145\/318
|
|-weather|Sandstorm|[upkeep]
|-damage|p1a: Chesnaught|126\/318|[from] sandstorm
|-damage|p2a: JustStandingHere|131\/704|[from] sandstorm
|-heal|p1a: Chesnaught|145\/318|[from] item: Leftovers
|turn|35
|
|move|p1a: Chesnaught|Drain Punch|p2a: JustStandingHere
|-supereffective|p2a: JustStandingHere
|-damage|p2a: JustStandingHere|0 fnt
|-heal|p1a: Chesnaught|211\/318|[from] drain|[of] p2a: JustStandingHere
|faint|p2a: JustStandingHere
|
|win|With No Survivors
|raw|Ladder updating...
|raw|With No Survivors's rating: 1342 &rarr; <strong>1353<\/strong><br \/>(+11 for winning)
|raw|Caile's rating: 1169 &rarr; <strong>1156<\/strong><br \/>(-13 for losing)
|leave|Caile
|player|p2