|join|With No Survivors
|join|Saijo
|player|p1|With No Survivors|248
|player|p2|Saijo|1
|gametype|singles
|gen|6
|tier|OU (suspect test)
|rated
|clearpoke
|poke|p1|Charizard, M
|poke|p1|Tyranitar, F
|poke|p1|Excadrill, F
|poke|p1|Chesnaught, M
|poke|p1|Slowbro, F
|poke|p1|Chansey, F
|poke|p2|Mew
|poke|p2|Clefable, F
|poke|p2|Gyarados, F
|poke|p2|Venusaur, M
|poke|p2|Heatran, F
|poke|p2|Excadrill, M
|rule|Swagger Clause: Swagger is banned
|rule|Baton Pass Clause: Limit one PokÃ©mon knowing Baton Pass
|rule|Sleep Clause Mod: Limit one foe put to sleep
|rule|Species Clause: Limit one of each PokÃ©mon
|rule|OHKO Clause: OHKO moves are banned
|rule|Moody Clause: Moody is banned
|rule|Evasion Moves Clause: Evasion moves are banned
|rule|Endless Battle Clause: Forcing endless battles is banned
|rule|HP Percentage Mod: HP is shown in percentages
|teampreview
|
|start
|switch|p1a: Charizard|Charizard, M|297\/297
|switch|p2a: Mew|Mew|404\/404
|turn|1
|
|switch|p2a: Gyarados|Gyarados, F|353\/353
|-ability|p2a: Gyarados|Intimidate|[of] p1a: Charizard
|-unboost|p1a: Charizard|atk|1
|detailschange|p1a: Charizard|Charizard-Mega-Y, M
|-mega|p1a: Charizard|Charizard|Charizardite Y
|-weather|SunnyDay
|move|p1a: Charizard|Earthquake|p2a: Gyarados
|-immune|p2a: Gyarados|[msg]
|
|-weather|SunnyDay|[upkeep]
|turn|2
|
|switch|p1a: Chesnaught|Chesnaught, M|318\/318
|move|p2a: Gyarados|Stone Edge|p1a: Chesnaught
|-crit|p1a: Chesnaught
|-resisted|p1a: Chesnaught
|-damage|p1a: Chesnaught|239\/318
|
|-weather|SunnyDay|[upkeep]
|-heal|p1a: Chesnaught|258\/318|[from] item: Leftovers
|turn|3
|
|switch|p2a: Venusaur|Venusaur, M|359\/359
|move|p1a: Chesnaught|Wood Hammer|p2a: Venusaur
|-resisted|p2a: Venusaur
|-damage|p2a: Venusaur|297\/359
|-damage|p1a: Chesnaught|238\/318|[from] recoil|[of] p2a: Venusaur
|
|-weather|SunnyDay|[upkeep]
|-heal|p1a: Chesnaught|257\/318|[from] item: Leftovers
|turn|4
|
|move|p1a: Chesnaught|Substitute|p1a: Chesnaught
|-start|p1a: Chesnaught|Substitute
|-damage|p1a: Chesnaught|178\/318
|move|p2a: Venusaur|Hidden Power|p1a: Chesnaught
|-supereffective|p1a: Chesnaught
|-end|p1a: Chesnaught|Substitute
|
|-weather|SunnyDay|[upkeep]
|-heal|p1a: Chesnaught|197\/318|[from] item: Leftovers
|turn|5
|
|switch|p1a: Charizard|Charizard-Mega-Y, M|297\/297
|detailschange|p2a: Venusaur|Venusaur-Mega, M
|-mega|p2a: Venusaur|Venusaur|Venusaurite
|move|p2a: Venusaur|Hidden Power|p1a: Charizard
|-resisted|p1a: Charizard
|-damage|p1a: Charizard|241\/297
|
|-weather|none
|turn|6
|
|switch|p1a: Tyranitar|Tyranitar, F|404\/404
|-weather|Sandstorm
|switch|p2a: Gyarados|Gyarados, F|353\/353
|-ability|p2a: Gyarados|Intimidate|[of] p1a: Tyranitar
|-unboost|p1a: Tyranitar|atk|1
|
|-weather|Sandstorm|[upkeep]
|-damage|p2a: Gyarados|331\/353|[from] sandstorm
|-heal|p2a: Gyarados|353\/353|[from] item: Leftovers
|turn|7
|
|switch|p2a: Excadrill|Excadrill, M|361\/361
|-ability|p2a: Excadrill|Mold Breaker
|move|p1a: Tyranitar|Thunder Wave|p2a: Excadrill
|-immune|p2a: Excadrill|[msg]
|
|-weather|Sandstorm|[upkeep]
|turn|8
|
|switch|p1a: Slowbro|Slowbro, F|394\/394
|move|p2a: Excadrill|Earthquake|p1a: Slowbro
|-damage|p1a: Slowbro|228\/394
|
|-weather|Sandstorm|[upkeep]
|-damage|p1a: Slowbro|204\/394|[from] sandstorm
|turn|9
|
|switch|p2a: Venusaur|Venusaur-Mega, M|297\/359
|move|p1a: Slowbro|Slack Off|p1a: Slowbro
|-heal|p1a: Slowbro|394\/394
|
|-weather|Sandstorm|[upkeep]
|-damage|p2a: Venusaur|275\/359|[from] sandstorm
|-damage|p1a: Slowbro|370\/394|[from] sandstorm
|turn|10
|
|switch|p2a: Mew|Mew|404\/404
|switch|p1a: Chansey|Chansey, F|642\/642
|
|-weather|none
|turn|11
|
|switch|p1a: Charizard|Charizard-Mega-Y, M|241\/297
|-weather|SunnyDay
|move|p2a: Mew|Taunt|p1a: Charizard
|-start|p1a: Charizard|move: Taunt
|
|-weather|SunnyDay|[upkeep]
|turn|12
|
|switch|p2a: Gyarados|Gyarados, F|353\/353
|-ability|p2a: Gyarados|Intimidate|[of] p1a: Charizard
|-unboost|p1a: Charizard|atk|1
|move|p1a: Charizard|Fire Blast|p2a: Gyarados
|-resisted|p2a: Gyarados
|-damage|p2a: Gyarados|184\/353
|
|-weather|SunnyDay|[upkeep]
|-heal|p2a: Gyarados|206\/353|[from] item: Leftovers
|turn|13
|
|move|p1a: Charizard|Solar Beam|p2a: Gyarados|[still]
|-prepare|p1a: Charizard|Solar Beam|p2a: Gyarados
|-anim|p1a: Charizard|Solar Beam|p2a: Gyarados
|-damage|p2a: Gyarados|44\/353
|move|p2a: Gyarados|Stone Edge|p1a: Charizard
|-supereffective|p1a: Charizard
|-damage|p1a: Charizard|0 fnt
|faint|p1a: Charizard
|
|-weather|SunnyDay|[upkeep]
|-heal|p2a: Gyarados|66\/353|[from] item: Leftovers
|
|switch|p1a: Tyranitar|Tyranitar, F|404\/404
|-weather|Sandstorm
|turn|14
|
|move|p2a: Gyarados|Taunt|p1a: Tyranitar
|-start|p1a: Tyranitar|move: Taunt
|move|p1a: Tyranitar|Pursuit|p2a: Gyarados
|-damage|p2a: Gyarados|0 fnt
|faint|p2a: Gyarados
|
|-weather|Sandstorm|[upkeep]
|
|switch|p2a: Mew|Mew|404\/404
|turn|15
|
|switch|p1a: Chansey|Chansey, F|642\/642
|move|p2a: Mew|Will-O-Wisp|p1a: Chansey
|-status|p1a: Chansey|brn
|
|-weather|Sandstorm|[upkeep]
|-damage|p2a: Mew|379\/404|[from] sandstorm
|-damage|p1a: Chansey|602\/642 brn|[from] sandstorm
|-heal|p2a: Mew|404\/404|[from] item: Leftovers
|-damage|p1a: Chansey|522\/642 brn|[from] brn
|turn|16
|
|switch|p1a: Chesnaught|Chesnaught, M|197\/318
|move|p2a: Mew|Taunt|p1a: Chesnaught
|-start|p1a: Chesnaught|move: Taunt
|
|-weather|Sandstorm|[upkeep]
|-damage|p2a: Mew|379\/404|[from] sandstorm
|-damage|p1a: Chesnaught|178\/318|[from] sandstorm
|-heal|p2a: Mew|404\/404|[from] item: Leftovers
|-heal|p1a: Chesnaught|197\/318|[from] item: Leftovers
|turn|17
|
|switch|p1a: Chansey|Chansey, F|522\/642
|move|p2a: Mew|Will-O-Wisp|p1a: Chansey
|-status|p1a: Chansey|brn
|
|-weather|Sandstorm|[upkeep]
|-damage|p2a: Mew|379\/404|[from] sandstorm
|-damage|p1a: Chansey|482\/642 brn|[from] sandstorm
|-heal|p2a: Mew|404\/404|[from] item: Leftovers
|-damage|p1a: Chansey|402\/642 brn|[from] brn
|turn|18
|
|move|p2a: Mew|Taunt|p1a: Chansey
|-start|p1a: Chansey|move: Taunt
|cant|p1a: Chansey|move: Taunt|Thunder Wave
|
|-weather|none
|-damage|p1a: Chansey|322\/642 brn|[from] brn
|turn|19
|
|switch|p1a: Slowbro|Slowbro, F|394\/394
|move|p2a: Mew|Knock Off|p1a: Slowbro
|-supereffective|p1a: Slowbro
|-damage|p1a: Slowbro|262\/394
|-damage|p2a: Mew|337\/404|[from] item: Rocky Helmet|[of] p1a: Slowbro
|-enditem|p1a: Slowbro|Rocky Helmet|[from] move: Knock Off|[of] p2a: Mew
|
|-heal|p2a: Mew|362\/404|[from] item: Leftovers
|turn|20
|
|switch|p1a: Chesnaught|Chesnaught, M|197\/318
|move|p2a: Mew|Taunt|p1a: Chesnaught
|-start|p1a: Chesnaught|move: Taunt
|
|-heal|p2a: Mew|387\/404|[from] item: Leftovers
|-heal|p1a: Chesnaught|216\/318|[from] item: Leftovers
|turn|21
|
|switch|p1a: Slowbro|Slowbro, F|393\/394
|move|p2a: Mew|Knock Off|p1a: Slowbro
|-supereffective|p1a: Slowbro
|-damage|p1a: Slowbro|299\/394
|
|-heal|p2a: Mew|404\/404|[from] item: Leftovers
|turn|22
|
|move|p2a: Mew|Taunt|p1a: Slowbro
|-start|p1a: Slowbro|move: Taunt
|move|p1a: Slowbro|Scald|p2a: Mew
|-damage|p2a: Mew|262\/404
|
|-heal|p2a: Mew|287\/404|[from] item: Leftovers
|turn|23
|
|move|p2a: Mew|Will-O-Wisp|p1a: Slowbro
|-status|p1a: Slowbro|brn
|move|p1a: Slowbro|Scald|p2a: Mew
|-damage|p2a: Mew|155\/404
|-status|p2a: Mew|brn
|
|-heal|p2a: Mew|180\/404 brn|[from] item: Leftovers
|-damage|p2a: Mew|130\/404 brn|[from] brn
|-damage|p1a: Slowbro|250\/394 brn|[from] brn
|turn|24
|
|switch|p1a: Chesnaught|Chesnaught, M|216\/318
|move|p2a: Mew|Soft-Boiled|p2a: Mew
|-heal|p2a: Mew|332\/404 brn
|
|-heal|p2a: Mew|357\/404 brn|[from] item: Leftovers
|-heal|p1a: Chesnaught|235\/318|[from] item: Leftovers
|-damage|p2a: Mew|307\/404 brn|[from] brn
|turn|25
|
|move|p2a: Mew|Taunt|p1a: Chesnaught
|-start|p1a: Chesnaught|move: Taunt
|cant|p1a: Chesnaught|move: Taunt|Substitute
|
|-heal|p2a: Mew|332\/404 brn|[from] item: Leftovers
|-heal|p1a: Chesnaught|254\/318|[from] item: Leftovers
|-damage|p2a: Mew|282\/404 brn|[from] brn
|turn|26
|
|switch|p1a: Slowbro|Slowbro, F|381\/394 brn
|move|p2a: Mew|Knock Off|p1a: Slowbro
|-supereffective|p1a: Slowbro
|-damage|p1a: Slowbro|333\/394 brn
|
|-heal|p2a: Mew|307\/404 brn|[from] item: Leftovers
|-damage|p2a: Mew|257\/404 brn|[from] brn
|-damage|p1a: Slowbro|284\/394 brn|[from] brn
|turn|27
|
|move|p2a: Mew|Soft-Boiled|p2a: Mew
|-heal|p2a: Mew|404\/404 brn
|move|p1a: Slowbro|Scald|p2a: Mew
|-damage|p2a: Mew|271\/404 brn
|
|-heal|p2a: Mew|296\/404 brn|[from] item: Leftovers
|-damage|p2a: Mew|246\/404 brn|[from] brn
|-damage|p1a: Slowbro|235\/394 brn|[from] brn
|turn|28
|
|move|p2a: Mew|Soft-Boiled|p2a: Mew
|-heal|p2a: Mew|404\/404 brn
|move|p1a: Slowbro|Scald|p2a: Mew
|-damage|p2a: Mew|274\/404 brn
|
|-heal|p2a: Mew|299\/404 brn|[from] item: Leftovers
|-damage|p2a: Mew|249\/404 brn|[from] brn
|-damage|p1a: Slowbro|186\/394 brn|[from] brn
|turn|29
|
|switch|p2a: Venusaur|Venusaur-Mega, M|275\/359
|switch|p1a: Chansey|Chansey, F|322\/642
|
|turn|30
|
|switch|p2a: Heatran|Heatran, F|385\/385
|move|p1a: Chansey|Soft-Boiled|p1a: Chansey
|-heal|p1a: Chansey|642\/642
|
|turn|31
|
|move|p2a: Heatran|Stealth Rock|p1a: Chansey
|-sidestart|p1: With No Survivors|move: Stealth Rock
|move|p1a: Chansey|Thunder Wave|p2a: Heatran
|-status|p2a: Heatran|par
|
|turn|32
|
|move|p1a: Chansey|Seismic Toss|p2a: Heatran
|-damage|p2a: Heatran|285\/385 par
|move|p2a: Heatran|Roar|p1a: Chansey
|drag|p1a: Tyranitar|Tyranitar, F|404\/404
|-damage|p1a: Tyranitar|354\/404|[from] Stealth Rock
|-weather|Sandstorm
|
|-weather|Sandstorm|[upkeep]
|-heal|p2a: Heatran|309\/385 par|[from] item: Leftovers
|turn|33
|
|switch|p2a: Clefable|Clefable, F|394\/394
|move|p1a: Tyranitar|Stealth Rock|p2a: Clefable
|-sidestart|p2: Saijo|move: Stealth Rock
|
|-weather|Sandstorm|[upkeep]
|turn|34
|
|switch|p2a: Mew|Mew|249\/404 brn
|-damage|p2a: Mew|199\/404 brn|[from] Stealth Rock
|move|p1a: Tyranitar|Thunder Wave|p2a: Mew
|-fail|p2a: Mew
|
|-weather|Sandstorm|[upkeep]
|-damage|p2a: Mew|174\/404 brn|[from] sandstorm
|-heal|p2a: Mew|199\/404 brn|[from] item: Leftovers
|-damage|p2a: Mew|149\/404 brn|[from] brn
|turn|35
|
|move|p2a: Mew|Soft-Boiled|p2a: Mew
|-heal|p2a: Mew|351\/404 brn
|move|p1a: Tyranitar|Pursuit|p2a: Mew
|-supereffective|p2a: Mew
|-damage|p2a: Mew|225\/404 brn
|
|-weather|Sandstorm|[upkeep]
|-damage|p2a: Mew|200\/404 brn|[from] sandstorm
|-heal|p2a: Mew|225\/404 brn|[from] item: Leftovers
|-damage|p2a: Mew|175\/404 brn|[from] brn
|turn|36
|
|move|p2a: Mew|Will-O-Wisp|p1a: Tyranitar
|-status|p1a: Tyranitar|brn
|-enditem|p1a: Tyranitar|Lum Berry|[eat]
|-curestatus|p1a: Tyranitar|brn
|move|p1a: Tyranitar|Pursuit|p2a: Mew
|-supereffective|p2a: Mew
|-damage|p2a: Mew|43\/404 brn
|
|-weather|none
|-heal|p2a: Mew|68\/404 brn|[from] item: Leftovers
|-damage|p2a: Mew|18\/404 brn|[from] brn
|turn|37
|
|switch|p1a: Excadrill|Excadrill, F|362\/362
|-damage|p1a: Excadrill|351\/362|[from] Stealth Rock
|move|p2a: Mew|Soft-Boiled|p2a: Mew
|-heal|p2a: Mew|220\/404 brn
|
|-heal|p2a: Mew|245\/404 brn|[from] item: Leftovers
|-damage|p2a: Mew|195\/404 brn|[from] brn
|turn|38
|
|move|p1a: Excadrill|Iron Head|p2a: Mew
|-damage|p2a: Mew|54\/404 brn
|move|p2a: Mew|Will-O-Wisp|p1a: Excadrill
|-status|p1a: Excadrill|brn
|
|-heal|p2a: Mew|79\/404 brn|[from] item: Leftovers
|-damage|p1a: Excadrill|306\/362 brn|[from] brn
|-damage|p2a: Mew|29\/404 brn|[from] brn
|turn|39
|
|move|p1a: Excadrill|Earthquake|p2a: Mew
|-damage|p2a: Mew|0 fnt
|faint|p2a: Mew
|
|-damage|p1a: Excadrill|261\/362 brn|[from] brn
|
|switch|p2a: Excadrill|Excadrill, M|361\/361
|-damage|p2a: Excadrill|350\/361|[from] Stealth Rock
|-ability|p2a: Excadrill|Mold Breaker
|turn|40
|
|switch|p1a: Chesnaught|Chesnaught, M|254\/318
|-damage|p1a: Chesnaught|235\/318|[from] Stealth Rock
|move|p2a: Excadrill|Earthquake|p1a: Chesnaught
|-resisted|p1a: Chesnaught
|-damage|p1a: Chesnaught|158\/318
|
|-heal|p1a: Chesnaught|177\/318|[from] item: Leftovers
|turn|41
|
|switch|p2a: Venusaur|Venusaur-Mega, M|275\/359
|-damage|p2a: Venusaur|231\/359|[from] Stealth Rock
|move|p1a: Chesnaught|Drain Punch|p2a: Venusaur
|-resisted|p2a: Venusaur
|-damage|p2a: Venusaur|180\/359
|-heal|p1a: Chesnaught|203\/318|[from] drain|[of] p2a: Venusaur
|
|-heal|p1a: Chesnaught|222\/318|[from] item: Leftovers
|turn|42
|
|switch|p1a: Chansey|Chansey, F|642\/642
|-damage|p1a: Chansey|562\/642|[from] Stealth Rock
|move|p2a: Venusaur|Sludge Bomb|p1a: Chansey
|-damage|p1a: Chansey|472\/642
|
|turn|43
|
|switch|p2a: Heatran|Heatran, F|309\/385 par
|-damage|p2a: Heatran|261\/385 par|[from] Stealth Rock
|move|p1a: Chansey|Aromatherapy|p1a: Chansey
|-cureteam|p1a: Chansey|[from] move: Aromatherapy
|
|-heal|p2a: Heatran|285\/385 par|[from] item: Leftovers
|turn|44
|
|move|p1a: Chansey|Seismic Toss|p2a: Heatran
|-damage|p2a: Heatran|185\/385 par
|move|p2a: Heatran|Roar|p1a: Chansey
|drag|p1a: Excadrill|Excadrill, F|261\/362
|-damage|p1a: Excadrill|250\/362|[from] Stealth Rock
|
|-heal|p2a: Heatran|209\/385 par|[from] item: Leftovers
|turn|45
|
|move|p1a: Excadrill|Earthquake|p2a: Heatran
|-supereffective|p2a: Heatran
|-damage|p2a: Heatran|0 fnt
|faint|p2a: Heatran
|
|
|switch|p2a: Excadrill|Excadrill, M|350\/361
|-damage|p2a: Excadrill|339\/361|[from] Stealth Rock
|-ability|p2a: Excadrill|Mold Breaker
|turn|46
|
|switch|p1a: Chesnaught|Chesnaught, M|222\/318
|-damage|p1a: Chesnaught|203\/318|[from] Stealth Rock
|move|p2a: Excadrill|Earthquake|p1a: Chesnaught
|-resisted|p1a: Chesnaught
|-damage|p1a: Chesnaught|130\/318
|
|-heal|p1a: Chesnaught|149\/318|[from] item: Leftovers
|turn|47
|
|move|p2a: Excadrill|Earthquake|p1a: Chesnaught
|-resisted|p1a: Chesnaught
|-damage|p1a: Chesnaught|78\/318
|move|p1a: Chesnaught|Synthesis|p1a: Chesnaught
|-heal|p1a: Chesnaught|237\/318
|
|-heal|p1a: Chesnaught|256\/318|[from] item: Leftovers
|turn|48
|
|switch|p2a: Clefable|Clefable, F|394\/394
|move|p1a: Chesnaught|Drain Punch|p2a: Clefable
|-resisted|p2a: Clefable
|-damage|p2a: Clefable|340\/394
|-heal|p1a: Chesnaught|283\/318|[from] drain|[of] p2a: Clefable
|
|-heal|p1a: Chesnaught|302\/318|[from] item: Leftovers
|-heal|p2a: Clefable|364\/394|[from] item: Leftovers
|turn|49
|
|switch|p1a: Chansey|Chansey, F|472\/642
|-damage|p1a: Chansey|392\/642|[from] Stealth Rock
|move|p2a: Clefable|Calm Mind|p2a: Clefable
|-boost|p2a: Clefable|spa|1
|-boost|p2a: Clefable|spd|1
|
|-heal|p2a: Clefable|388\/394|[from] item: Leftovers
|turn|50
|
|switch|p2a: Excadrill|Excadrill, M|339\/361
|-damage|p2a: Excadrill|328\/361|[from] Stealth Rock
|-ability|p2a: Excadrill|Mold Breaker
|move|p1a: Chansey|Thunder Wave|p2a: Excadrill
|-immune|p2a: Excadrill|[msg]
|
|turn|51
|
|move|p2a: Excadrill|Iron Head|p1a: Chansey
|-damage|p1a: Chansey|182\/642
|move|p1a: Chansey|Soft-Boiled|p1a: Chansey
|-heal|p1a: Chansey|503\/642
|
|turn|52
|
|move|p2a: Excadrill|Iron Head|p1a: Chansey
|-damage|p1a: Chansey|311\/642
|move|p1a: Chansey|Seismic Toss|p2a: Excadrill
|-damage|p2a: Excadrill|228\/361
|
|turn|53
|
|move|p2a: Excadrill|Iron Head|p1a: Chansey
|-damage|p1a: Chansey|101\/642
|move|p1a: Chansey|Soft-Boiled|p1a: Chansey
|-heal|p1a: Chansey|422\/642
|
|turn|54
|
|switch|p1a: Slowbro|Slowbro, F|317\/394
|-damage|p1a: Slowbro|268\/394|[from] Stealth Rock
|move|p2a: Excadrill|Iron Head|p1a: Slowbro
|-resisted|p1a: Slowbro
|-damage|p1a: Slowbro|199\/394
|
|turn|55
|
|switch|p2a: Venusaur|Venusaur-Mega, M|180\/359
|-damage|p2a: Venusaur|136\/359|[from] Stealth Rock
|move|p1a: Slowbro|Psyshock|p2a: Venusaur
|-supereffective|p2a: Venusaur
|-damage|p2a: Venusaur|0 fnt
|faint|p2a: Venusaur
|
|
|switch|p2a: Clefable|Clefable, F|388\/394
|turn|56
|
|switch|p1a: Chansey|Chansey, F|422\/642
|-damage|p1a: Chansey|342\/642|[from] Stealth Rock
|move|p2a: Clefable|Calm Mind|p2a: Clefable
|-boost|p2a: Clefable|spa|1
|-boost|p2a: Clefable|spd|1
|
|-heal|p2a: Clefable|394\/394|[from] item: Leftovers
|turn|57
|
|move|p2a: Clefable|Calm Mind|p2a: Clefable
|-boost|p2a: Clefable|spa|1
|-boost|p2a: Clefable|spd|1
|move|p1a: Chansey|Thunder Wave|p2a: Clefable
|-status|p2a: Clefable|par
|
|turn|58
|
|switch|p1a: Tyranitar|Tyranitar, F|354\/404
|-damage|p1a: Tyranitar|304\/404|[from] Stealth Rock
|-weather|Sandstorm
|cant|p2a: Clefable|par
|
|-weather|Sandstorm|[upkeep]
|turn|59
|
|move|p1a: Tyranitar|Rock Slide|p2a: Clefable
|-damage|p2a: Clefable|273\/394 par
|move|p2a: Clefable|Moonblast|p1a: Tyranitar
|-supereffective|p1a: Tyranitar
|-damage|p1a: Tyranitar|10\/404
|
|-weather|Sandstorm|[upkeep]
|-heal|p2a: Clefable|297\/394 par|[from] item: Leftovers
|turn|60
|
|move|p1a: Tyranitar|Rock Slide|p2a: Clefable
|-damage|p2a: Clefable|156\/394 par
|move|p2a: Clefable|Soft-Boiled|p2a: Clefable
|-heal|p2a: Clefable|353\/394 par
|
|-weather|Sandstorm|[upkeep]
|-heal|p2a: Clefable|377\/394 par|[from] item: Leftovers
|turn|61
|
|switch|p2a: Excadrill|Excadrill, M|228\/361
|-damage|p2a: Excadrill|217\/361|[from] Stealth Rock
|-ability|p2a: Excadrill|Mold Breaker
|move|p1a: Tyranitar|Rock Slide|p2a: Excadrill
|-resisted|p2a: Excadrill
|-damage|p2a: Excadrill|159\/361
|
|-weather|Sandstorm|[upkeep]
|turn|62
|
|move|p2a: Excadrill|Iron Head|p1a: Tyranitar
|-supereffective|p1a: Tyranitar
|-damage|p1a: Tyranitar|0 fnt
|faint|p1a: Tyranitar
|
|-weather|none
|
|switch|p1a: Chesnaught|Chesnaught, M|302\/318
|-damage|p1a: Chesnaught|283\/318|[from] Stealth Rock
|turn|63
|
|switch|p2a: Clefable|Clefable, F|377\/394 par
|move|p1a: Chesnaught|Wood Hammer|p2a: Clefable
|-damage|p2a: Clefable|191\/394 par
|-damage|p1a: Chesnaught|222\/318|[from] recoil|[of] p2a: Clefable
|
|-heal|p1a: Chesnaught|241\/318|[from] item: Leftovers
|-heal|p2a: Clefable|215\/394 par|[from] item: Leftovers
|turn|64
|
|switch|p1a: Excadrill|Excadrill, F|250\/362
|-damage|p1a: Excadrill|239\/362|[from] Stealth Rock
|cant|p2a: Clefable|par
|
|-heal|p2a: Clefable|239\/394 par|[from] item: Leftovers
|turn|65
|
|move|p1a: Excadrill|Earthquake|p2a: Clefable
|-damage|p2a: Clefable|74\/394 par
|move|p2a: Clefable|Flamethrower|p1a: Excadrill
|-supereffective|p1a: Excadrill
|-damage|p1a: Excadrill|121\/362
|
|-heal|p2a: Clefable|98\/394 par|[from] item: Leftovers
|turn|66
|
|move|p1a: Excadrill|Earthquake|p2a: Clefable
|-damage|p2a: Clefable|0 fnt
|faint|p2a: Clefable
|
|
|switch|p2a: Excadrill|Excadrill, M|159\/361
|-damage|p2a: Excadrill|148\/361|[from] Stealth Rock
|-ability|p2a: Excadrill|Mold Breaker
|turn|67
|
|move|p2a: Excadrill|Earthquake|p1a: Excadrill
|-supereffective|p1a: Excadrill
|-damage|p1a: Excadrill|0 fnt
|faint|p1a: Excadrill
|
|
|switch|p1a: Chesnaught|Chesnaught, M|241\/318
|-damage|p1a: Chesnaught|222\/318|[from] Stealth Rock
|turn|68
|
|move|p2a: Excadrill|Earthquake|p1a: Chesnaught
|-resisted|p1a: Chesnaught
|-damage|p1a: Chesnaught|143\/318
|move|p1a: Chesnaught|Drain Punch|p2a: Excadrill
|-supereffective|p2a: Excadrill
|-damage|p2a: Excadrill|0 fnt
|-heal|p1a: Chesnaught|217\/318|[from] drain|[of] p2a: Excadrill
|faint|p2a: Excadrill
|
|win|With No Survivors
|raw|Ladder updating...
|c|âWith No Survivors|gg
|raw|With No Survivors's rating: 1347 &rarr; <strong>1364<\/strong><br \/>(+17 for winning)
|raw|Saijo's rating: 1301 &rarr; <strong>1284<\/strong><br \/>(-17 for losing)
|leave|Saijo
|player|p2