|join|With No Survivors
|join|Emos
|player|p1|With No Survivors|248
|player|p2|Emos|153
|gametype|singles
|gen|6
|tier|OU (suspect test)
|rated
|clearpoke
|poke|p1|Charizard, M
|poke|p1|Tyranitar, F
|poke|p1|Excadrill, F
|poke|p1|Chesnaught, F
|poke|p1|Slowbro, F
|poke|p1|Chansey, F
|poke|p2|Sceptile, F
|poke|p2|Heatran, M
|poke|p2|Rotom-Wash
|poke|p2|Zapdos
|poke|p2|Gengar, F
|poke|p2|Lucario, F
|rule|Swagger Clause: Swagger is banned
|rule|Baton Pass Clause: Limit one PokÃ©mon knowing Baton Pass
|rule|Sleep Clause Mod: Limit one foe put to sleep
|rule|Species Clause: Limit one of each PokÃ©mon
|rule|OHKO Clause: OHKO moves are banned
|rule|Moody Clause: Moody is banned
|rule|Evasion Moves Clause: Evasion moves are banned
|rule|Endless Battle Clause: Forcing endless battles is banned
|rule|HP Percentage Mod: HP is shown in percentages
|teampreview
|
|start
|switch|p1a: Chesnaught|Chesnaught, F|318\/318
|switch|p2a: Rotom-Wash|Rotom-Wash|304\/304
|turn|1
|
|move|p1a: Chesnaught|Substitute|p1a: Chesnaught
|-start|p1a: Chesnaught|Substitute
|-damage|p1a: Chesnaught|239\/318
|move|p2a: Rotom-Wash|Will-O-Wisp|p1a: Chesnaught|[miss]
|-miss|p2a: Rotom-Wash|p1a: Chesnaught
|
|-heal|p1a: Chesnaught|258\/318|[from] item: Leftovers
|turn|2
|
|move|p1a: Chesnaught|Wood Hammer|p2a: Rotom-Wash
|-supereffective|p2a: Rotom-Wash
|-damage|p2a: Rotom-Wash|44\/304
|-damage|p1a: Chesnaught|172\/318|[from] recoil|[of] p2a: Rotom-Wash
|move|p2a: Rotom-Wash|Volt Switch|p1a: Chesnaught
|-resisted|p1a: Chesnaught
|-activate|p1a: Chesnaught|Substitute|[damage]
|
|switch|p2a: Gengar|Gengar, F|262\/262
|
|-heal|p1a: Chesnaught|191\/318|[from] item: Leftovers
|turn|3
|
|move|p2a: Gengar|Taunt|p1a: Chesnaught
|-start|p1a: Chesnaught|move: Taunt
|cant|p1a: Chesnaught|move: Taunt|Synthesis
|
|-heal|p1a: Chesnaught|210\/318|[from] item: Leftovers
|turn|4
|
|move|p2a: Gengar|Sludge Wave|p1a: Chesnaught
|-supereffective|p1a: Chesnaught
|-end|p1a: Chesnaught|Substitute
|-damage|p2a: Gengar|236\/262|[from] item: Life Orb
|move|p1a: Chesnaught|Wood Hammer|p2a: Gengar
|-crit|p2a: Gengar
|-resisted|p2a: Gengar
|-damage|p2a: Gengar|17\/262
|-damage|p1a: Chesnaught|138\/318|[from] recoil|[of] p2a: Gengar
|
|-heal|p1a: Chesnaught|157\/318|[from] item: Leftovers
|turn|5
|
|switch|p2a: Zapdos|Zapdos|384\/384
|-ability|p2a: Zapdos|Pressure
|switch|p1a: Chansey|Chansey, F|642\/642
|
|turn|6
|
|switch|p1a: Excadrill|Excadrill, F|362\/362
|move|p2a: Zapdos|Volt Switch|p1a: Excadrill
|-immune|p1a: Excadrill|[msg]
|
|turn|7
|
|move|p1a: Excadrill|Rock Slide|p2a: Zapdos
|-supereffective|p2a: Zapdos
|-damage|p2a: Zapdos|232\/384
|move|p2a: Zapdos|Heat Wave|p1a: Excadrill
|-supereffective|p1a: Excadrill
|-damage|p1a: Excadrill|186\/362
|
|-heal|p2a: Zapdos|256\/384|[from] item: Leftovers
|turn|8
|
|move|p1a: Excadrill|Rock Slide|p2a: Zapdos
|-miss|p1a: Excadrill|p2a: Zapdos
|move|p2a: Zapdos|Volt Switch|p1a: Excadrill
|-immune|p1a: Excadrill|[msg]
|
|-heal|p2a: Zapdos|280\/384|[from] item: Leftovers
|turn|9
|
|switch|p1a: Tyranitar|Tyranitar, F|404\/404
|-weather|Sandstorm
|move|p2a: Zapdos|Heat Wave|p1a: Tyranitar
|-resisted|p1a: Tyranitar
|-damage|p1a: Tyranitar|372\/404
|-status|p1a: Tyranitar|brn
|-enditem|p1a: Tyranitar|Lum Berry|[eat]
|-curestatus|p1a: Tyranitar|brn
|
|-weather|Sandstorm|[upkeep]
|-damage|p2a: Zapdos|256\/384|[from] sandstorm
|-heal|p2a: Zapdos|280\/384|[from] item: Leftovers
|turn|10
|
|move|p2a: Zapdos|Roost|p2a: Zapdos
|-heal|p2a: Zapdos|384\/384
|move|p1a: Tyranitar|Stealth Rock|p2a: Zapdos
|-sidestart|p2: Emos|move: Stealth Rock
|
|-weather|Sandstorm|[upkeep]
|-damage|p2a: Zapdos|360\/384|[from] sandstorm
|-heal|p2a: Zapdos|384\/384|[from] item: Leftovers
|turn|11
|
|move|p2a: Zapdos|Volt Switch|p1a: Tyranitar
|-damage|p1a: Tyranitar|311\/404
|
|switch|p2a: Lucario|Lucario, F|281\/281
|-damage|p2a: Lucario|273\/281|[from] Stealth Rock
|move|p1a: Tyranitar|Rock Slide|p2a: Lucario
|-resisted|p2a: Lucario
|-damage|p2a: Lucario|221\/281
|
|-weather|Sandstorm|[upkeep]
|turn|12
|
|switch|p1a: Slowbro|Slowbro, F|394\/394
|move|p2a: Lucario|Close Combat|p1a: Slowbro
|-resisted|p1a: Slowbro
|-damage|p1a: Slowbro|259\/394
|-damage|p2a: Lucario|175\/281|[from] item: Rocky Helmet|[of] p1a: Slowbro
|-unboost|p2a: Lucario|def|1
|-unboost|p2a: Lucario|spd|1
|-damage|p2a: Lucario|147\/281|[from] item: Life Orb
|
|-weather|Sandstorm|[upkeep]
|-damage|p1a: Slowbro|235\/394|[from] sandstorm
|turn|13
|
|switch|p2a: Zapdos|Zapdos|384\/384
|-damage|p2a: Zapdos|288\/384|[from] Stealth Rock
|-ability|p2a: Zapdos|Pressure
|switch|p1a: Charizard|Charizard, M|297\/297
|
|-weather|none
|-heal|p2a: Zapdos|312\/384|[from] item: Leftovers
|turn|14
|
|detailschange|p1a: Charizard|Charizard-Mega-Y, M
|-mega|p1a: Charizard|Charizard|Charizardite Y
|-weather|SunnyDay
|move|p1a: Charizard|Fire Blast|p2a: Zapdos
|-damage|p2a: Zapdos|0 fnt
|faint|p2a: Zapdos
|
|-weather|SunnyDay|[upkeep]
|
|switch|p2a: Heatran|Heatran, M|386\/386
|-damage|p2a: Heatran|338\/386|[from] Stealth Rock
|turn|15
|
|move|p1a: Charizard|Earthquake|p2a: Heatran
|-supereffective|p2a: Heatran
|-damage|p2a: Heatran|50\/386
|move|p2a: Heatran|Stealth Rock|p1a: Charizard
|-sidestart|p1: With No Survivors|move: Stealth Rock
|
|-weather|SunnyDay|[upkeep]
|-heal|p2a: Heatran|74\/386|[from] item: Leftovers
|turn|16
|
|move|p2a: Heatran|Protect|p2a: Heatran
|-singleturn|p2a: Heatran|Protect
|move|p1a: Charizard|Earthquake|p2a: Heatran
|-activate|p2a: Heatran|Protect
|
|-weather|SunnyDay|[upkeep]
|-heal|p2a: Heatran|98\/386|[from] item: Leftovers
|turn|17
|
|move|p1a: Charizard|Earthquake|p2a: Heatran
|-supereffective|p2a: Heatran
|-damage|p2a: Heatran|0 fnt
|faint|p2a: Heatran
|
|-weather|SunnyDay|[upkeep]
|
|switch|p2a: Gengar|Gengar, F|17\/262
|-damage|p2a: Gengar|0 fnt|[from] Stealth Rock
|faint|p2a: Gengar
|
|switch|p2a: Rotom-Wash|Rotom-Wash|44\/304
|-damage|p2a: Rotom-Wash|6\/304|[from] Stealth Rock
|turn|18
|
|move|p1a: Charizard|Solar Beam|p2a: Rotom-Wash|[still]
|-prepare|p1a: Charizard|Solar Beam|p2a: Rotom-Wash
|-anim|p1a: Charizard|Solar Beam|p2a: Rotom-Wash
|-supereffective|p2a: Rotom-Wash
|-damage|p2a: Rotom-Wash|0 fnt
|faint|p2a: Rotom-Wash
|
|-weather|none
|
|switch|p2a: Green charizard|Sceptile, F|281\/281
|-damage|p2a: Green charizard|246\/281|[from] Stealth Rock
|turn|19
|
|detailschange|p2a: Green charizard|Sceptile-Mega, F
|-mega|p2a: Green charizard|Sceptile|Sceptilite
|move|p2a: Green charizard|Substitute|p2a: Green charizard
|-start|p2a: Green charizard|Substitute
|-damage|p2a: Green charizard|176\/281
|move|p1a: Charizard|Fire Blast|p2a: Green charizard
|-end|p2a: Green charizard|Substitute
|
|turn|20
|
|move|p2a: Green charizard|Substitute|p2a: Green charizard
|-start|p2a: Green charizard|Substitute
|-damage|p2a: Green charizard|106\/281
|move|p1a: Charizard|Fire Blast|p2a: Green charizard
|-end|p2a: Green charizard|Substitute
|
|turn|21
|
|move|p2a: Green charizard|Substitute|p2a: Green charizard
|-start|p2a: Green charizard|Substitute
|-damage|p2a: Green charizard|36\/281
|move|p1a: Charizard|Fire Blast|p2a: Green charizard
|-end|p2a: Green charizard|Substitute
|
|turn|22
|
|move|p2a: Green charizard|Dragon Pulse|p1a: Charizard
|-damage|p1a: Charizard|126\/297
|move|p1a: Charizard|Fire Blast|p2a: Green charizard
|-damage|p2a: Green charizard|0 fnt
|faint|p2a: Green charizard
|
|
|switch|p2a: Lucario|Lucario, F|147\/281
|-damage|p2a: Lucario|139\/281|[from] Stealth Rock
|turn|23
|
|move|p1a: Charizard|Earthquake|p2a: Lucario
|-supereffective|p2a: Lucario
|-damage|p2a: Lucario|0 fnt
|faint|p2a: Lucario
|
|win|With No Survivors
|raw|Ladder updating...
|raw|With No Survivors's rating: 1045 &rarr; <strong>1081<\/strong><br \/>(+36 for winning)
|raw|Emos's rating: 1082 &rarr; <strong>1057<\/strong><br \/>(-25 for losing)
|c|âWith No Survivors|gg
|leave|Emos
|player|p2