|join|With No Survivors
|join|Eosapien
|player|p1|With No Survivors|248
|player|p2|Eosapien|265
|gametype|singles
|gen|6
|tier|OU (suspect test)
|rated
|clearpoke
|poke|p1|Charizard, F
|poke|p1|Tyranitar, M
|poke|p1|Excadrill, F
|poke|p1|Chesnaught, F
|poke|p1|Slowbro, M
|poke|p1|Chansey, F
|poke|p2|Rotom-Wash, shiny
|poke|p2|Latias, F, shiny
|poke|p2|Landorus-Therian, M, shiny
|poke|p2|Scizor, M, shiny
|poke|p2|Conkeldurr, M, shiny
|poke|p2|Manectric, M, shiny
|rule|Swagger Clause: Swagger is banned
|rule|Baton Pass Clause: Limit one PokÃ©mon knowing Baton Pass
|rule|Sleep Clause Mod: Limit one foe put to sleep
|rule|Species Clause: Limit one of each PokÃ©mon
|rule|OHKO Clause: OHKO moves are banned
|rule|Moody Clause: Moody is banned
|rule|Evasion Moves Clause: Evasion moves are banned
|rule|Endless Battle Clause: Forcing endless battles is banned
|rule|HP Percentage Mod: HP is shown in percentages
|teampreview
|
|start
|switch|p1a: Excadrill|Excadrill, F|362\/362
|switch|p2a: Latias|Latias, F, shiny|319\/319
|turn|1
|
|switch|p2a: Landorus-Therian|Landorus-Therian, M, shiny|369\/369
|-ability|p2a: Landorus-Therian|Intimidate|[of] p1a: Excadrill
|-unboost|p1a: Excadrill|atk|1
|move|p1a: Excadrill|Iron Head|p2a: Landorus-Therian
|-crit|p2a: Landorus-Therian
|-damage|p2a: Landorus-Therian|138\/369
|
|turn|2
|
|switch|p1a: Chesnaught|Chesnaught, F|318\/318
|switch|p2a: Rotom-Wash|Rotom-Wash, shiny|303\/303
|
|turn|3
|
|move|p1a: Chesnaught|Substitute|p1a: Chesnaught
|-start|p1a: Chesnaught|Substitute
|-damage|p1a: Chesnaught|239\/318
|move|p2a: Rotom-Wash|Will-O-Wisp|p1a: Chesnaught
|
|-heal|p1a: Chesnaught|258\/318|[from] item: Leftovers
|turn|4
|
|switch|p2a: Scizor|Scizor, M, shiny|343\/343
|move|p1a: Chesnaught|Wood Hammer|p2a: Scizor
|-resisted|p2a: Scizor
|-damage|p2a: Scizor|294\/343
|-damage|p1a: Chesnaught|242\/318|[from] recoil|[of] p2a: Scizor
|
|-heal|p1a: Chesnaught|261\/318|[from] item: Leftovers
|turn|5
|
|move|p1a: Chesnaught|Drain Punch|p2a: Scizor
|-damage|p2a: Scizor|180\/343
|-heal|p1a: Chesnaught|318\/318|[from] drain|[of] p2a: Scizor
|move|p2a: Scizor|U-turn|p1a: Chesnaught
|-end|p1a: Chesnaught|Substitute
|
|switch|p2a: Conkeldurr|Conkeldurr, M, shiny|378\/378
|
|turn|6
|
|switch|p1a: Slowbro|Slowbro, M|394\/394
|move|p2a: Conkeldurr|Ice Punch|p1a: Slowbro
|-resisted|p1a: Slowbro
|-damage|p1a: Slowbro|353\/394
|-damage|p2a: Conkeldurr|315\/378|[from] item: Rocky Helmet|[of] p1a: Slowbro
|-status|p1a: Slowbro|frz
|
|turn|7
|
|move|p2a: Conkeldurr|Knock Off|p1a: Slowbro
|-supereffective|p1a: Slowbro
|-damage|p1a: Slowbro|119\/394 frz
|-damage|p2a: Conkeldurr|252\/378|[from] item: Rocky Helmet|[of] p1a: Slowbro
|-enditem|p1a: Slowbro|Rocky Helmet|[from] move: Knock Off|[of] p2a: Conkeldurr
|-curestatus|p1a: Slowbro|frz
|move|p1a: Slowbro|Scald|p2a: Conkeldurr
|-damage|p2a: Conkeldurr|155\/378
|
|turn|8
|
|switch|p2a: Rotom-Wash|Rotom-Wash, shiny|303\/303
|switch|p1a: Charizard|Charizard, F|297\/297
|
|turn|9
|
|detailschange|p1a: Charizard|Charizard-Mega-Y, F
|-mega|p1a: Charizard|Charizard|Charizardite Y
|-weather|SunnyDay
|move|p1a: Charizard|Solar Beam|p2a: Rotom-Wash|[still]
|-prepare|p1a: Charizard|Solar Beam|p2a: Rotom-Wash
|-anim|p1a: Charizard|Solar Beam|p2a: Rotom-Wash
|-supereffective|p2a: Rotom-Wash
|-damage|p2a: Rotom-Wash|15\/303
|move|p2a: Rotom-Wash|Hydro Pump|p1a: Charizard
|-supereffective|p1a: Charizard
|-damage|p1a: Charizard|165\/297
|
|-weather|SunnyDay|[upkeep]
|-heal|p2a: Rotom-Wash|33\/303|[from] item: Leftovers
|turn|10
|
|switch|p2a: Latias|Latias, F, shiny|319\/319
|move|p1a: Charizard|Fire Blast|p2a: Latias
|-resisted|p2a: Latias
|-damage|p2a: Latias|178\/319
|
|-weather|SunnyDay|[upkeep]
|turn|11
|
|switch|p1a: Chansey|Chansey, F|642\/642
|move|p2a: Latias|Trick|p1a: Chansey
|-activate|p2a: Latias|move: Trick|[of] p1a: Chansey
|-item|p1a: Chansey|Choice Scarf|[from] move: Trick
|-item|p2a: Latias|Eviolite|[from] move: Trick
|
|-weather|SunnyDay|[upkeep]
|turn|12
|
|switch|p2a: Conkeldurr|Conkeldurr, M, shiny|155\/378
|move|p1a: Chansey|Seismic Toss|p2a: Conkeldurr
|-damage|p2a: Conkeldurr|55\/378
|
|-weather|SunnyDay|[upkeep]
|turn|13
|
|switch|p2a: Manectric|Manectric, M, shiny|281\/281
|move|p1a: Chansey|Seismic Toss|p2a: Manectric
|-damage|p2a: Manectric|181\/281
|
|-weather|none
|turn|14
|
|detailschange|p2a: Manectric|Manectric-Mega, M, shiny
|-mega|p2a: Manectric|Manectric|Manectite
|-ability|p2a: Manectric|Intimidate|[of] p1a: Chansey
|-unboost|p1a: Chansey|atk|1
|move|p2a: Manectric|Volt Switch|p1a: Chansey
|-damage|p1a: Chansey|537\/642
|
|switch|p2a: Scizor|Scizor, M, shiny|180\/343
|move|p1a: Chansey|Seismic Toss|p2a: Scizor
|-damage|p2a: Scizor|80\/343
|
|turn|15
|
|move|p1a: Chansey|Seismic Toss|p2a: Scizor
|-damage|p2a: Scizor|0 fnt
|faint|p2a: Scizor
|
|
|switch|p2a: Latias|Latias, F, shiny|178\/319
|turn|16
|
|switch|p1a: Tyranitar|Tyranitar, M|404\/404
|-weather|Sandstorm
|move|p2a: Latias|Healing Wish|p2a: Latias
|faint|p2a: Latias
|
|-weather|Sandstorm|[upkeep]
|
|switch|p2a: Conkeldurr|Conkeldurr, M, shiny|55\/378
|-heal|p2a: Conkeldurr|378\/378|[from] move: Healing Wish
|turn|17
|
|switch|p1a: Slowbro|Slowbro, M|250\/394
|move|p2a: Conkeldurr|Drain Punch|p1a: Slowbro
|-resisted|p1a: Slowbro
|-damage|p1a: Slowbro|185\/394
|
|-weather|Sandstorm|[upkeep]
|-damage|p2a: Conkeldurr|355\/378|[from] sandstorm
|-damage|p1a: Slowbro|161\/394|[from] sandstorm
|turn|18
|
|move|p2a: Conkeldurr|Knock Off|p1a: Slowbro
|-supereffective|p1a: Slowbro
|-damage|p1a: Slowbro|3\/394
|move|p1a: Slowbro|Slack Off|p1a: Slowbro
|-heal|p1a: Slowbro|200\/394
|
|-weather|Sandstorm|[upkeep]
|-damage|p2a: Conkeldurr|332\/378|[from] sandstorm
|-damage|p1a: Slowbro|176\/394|[from] sandstorm
|turn|19
|
|move|p2a: Conkeldurr|Knock Off|p1a: Slowbro
|-supereffective|p1a: Slowbro
|-damage|p1a: Slowbro|30\/394
|move|p1a: Slowbro|Slack Off|p1a: Slowbro
|-heal|p1a: Slowbro|227\/394
|
|-weather|Sandstorm|[upkeep]
|-damage|p2a: Conkeldurr|309\/378|[from] sandstorm
|-damage|p1a: Slowbro|203\/394|[from] sandstorm
|turn|20
|
|move|p2a: Conkeldurr|Knock Off|p1a: Slowbro
|-supereffective|p1a: Slowbro
|-damage|p1a: Slowbro|57\/394
|move|p1a: Slowbro|Slack Off|p1a: Slowbro
|-heal|p1a: Slowbro|254\/394
|
|-weather|none
|turn|21
|
|move|p2a: Conkeldurr|Knock Off|p1a: Slowbro
|-supereffective|p1a: Slowbro
|-damage|p1a: Slowbro|104\/394
|move|p1a: Slowbro|Psyshock|p2a: Conkeldurr
|-supereffective|p2a: Conkeldurr
|-damage|p2a: Conkeldurr|81\/378
|
|turn|22
|
|switch|p1a: Chesnaught|Chesnaught, F|318\/318
|move|p2a: Conkeldurr|Knock Off|p1a: Chesnaught
|-resisted|p1a: Chesnaught
|-damage|p1a: Chesnaught|266\/318
|-enditem|p1a: Chesnaught|Leftovers|[from] move: Knock Off|[of] p2a: Conkeldurr
|
|turn|23
|
|switch|p2a: Landorus-Therian|Landorus-Therian, M, shiny|138\/369
|-ability|p2a: Landorus-Therian|Intimidate|[of] p1a: Chesnaught
|-unboost|p1a: Chesnaught|atk|1
|move|p1a: Chesnaught|Wood Hammer|p2a: Landorus-Therian
|-damage|p2a: Landorus-Therian|0 fnt
|-damage|p1a: Chesnaught|220\/318|[from] recoil|[of] p2a: Landorus-Therian
|faint|p2a: Landorus-Therian
|
|
|switch|p2a: Manectric|Manectric-Mega, M, shiny|181\/281
|-ability|p2a: Manectric|Intimidate|[of] p1a: Chesnaught
|-unboost|p1a: Chesnaught|atk|1
|turn|24
|
|switch|p1a: Excadrill|Excadrill, F|362\/362
|move|p2a: Manectric|Volt Switch|p1a: Excadrill
|-immune|p1a: Excadrill|[msg]
|
|turn|25
|
|switch|p1a: Tyranitar|Tyranitar, M|404\/404
|-weather|Sandstorm
|move|p2a: Manectric|Overheat|p1a: Tyranitar
|-resisted|p1a: Tyranitar
|-damage|p1a: Tyranitar|349\/404
|-unboost|p2a: Manectric|spa|2
|
|-weather|Sandstorm|[upkeep]
|-damage|p2a: Manectric|164\/281|[from] sandstorm
|turn|26
|-message|Eosapien forfeited.
|leave|Eosapien
|
|win|With No Survivors
|raw|Ladder updating...
|player|p2
|raw|With No Survivors's rating: 1314 &rarr; <strong>1330<\/strong><br \/>(+16 for winning)
|raw|Eosapien's rating: 1235 &rarr; <strong>1216<\/strong><br \/>(-19 for losing)