|join|Bamarah
|join|Meraxes25
|player|p1|Bamarah|126
|player|p2|Meraxes25|293
|gametype|singles
|gen|6
|tier|OU
|rated
|clearpoke
|poke|p1|Cottonee, M, shiny
|poke|p1|Whimsicott, M, shiny
|poke|p1|Azelf, shiny
|poke|p1|Smeargle, M, shiny
|poke|p1|Espeon, M, shiny
|poke|p1|Gothitelle, M, shiny
|poke|p2|Gyarados, M
|poke|p2|Latios, M
|poke|p2|Talonflame, M
|poke|p2|Ferrothorn, M
|poke|p2|Kyurem-Black
|poke|p2|Landorus-Therian, M
|rule|Swagger Clause: Swagger is banned
|rule|Baton Pass Clause: Limit one PokÃ©mon knowing Baton Pass
|rule|Sleep Clause Mod: Limit one foe put to sleep
|rule|Species Clause: Limit one of each PokÃ©mon
|rule|OHKO Clause: OHKO moves are banned
|rule|Moody Clause: Moody is banned
|rule|Evasion Moves Clause: Evasion moves are banned
|rule|Endless Battle Clause: Forcing endless battles is banned
|rule|HP Percentage Mod: HP is shown in percentages
|teampreview
|c|âMeraxes25|interesting team
|
|start
|switch|p1a: Cottonee|Cottonee, M, shiny|284\/284
|switch|p2a: Landorus-Therian|Landorus-Therian, M|382\/382
|-ability|p2a: Landorus-Therian|Intimidate|[of] p1a: Cottonee
|-unboost|p1a: Cottonee|atk|1
|turn|1
|
|move|p1a: Cottonee|Tailwind|p1a: Cottonee
|-sidestart|p1: Bamarah|move: Tailwind
|move|p2a: Landorus-Therian|Stealth Rock|p1a: Cottonee
|-sidestart|p1: Bamarah|move: Stealth Rock
|
|turn|2
|
|move|p1a: Cottonee|Stun Spore|p2a: Landorus-Therian|[miss]
|-miss|p1a: Cottonee|p2a: Landorus-Therian
|move|p2a: Landorus-Therian|Knock Off|p1a: Cottonee
|-resisted|p1a: Cottonee
|-damage|p1a: Cottonee|206\/284
|-enditem|p1a: Cottonee|Focus Sash|[from] move: Knock Off|[of] p2a: Landorus-Therian
|
|turn|3
|
|move|p1a: Cottonee|Stun Spore|p2a: Landorus-Therian|[miss]
|-miss|p1a: Cottonee|p2a: Landorus-Therian
|move|p2a: Landorus-Therian|U-turn|p1a: Cottonee
|-damage|p1a: Cottonee|89\/284
|
|switch|p2a: Ferrothorn|Ferrothorn, M|352\/352
|
|turn|4
|
|move|p1a: Cottonee|Taunt|p2a: Ferrothorn
|-start|p2a: Ferrothorn|move: Taunt
|move|p2a: Ferrothorn|Gyro Ball|p1a: Cottonee
|-supereffective|p1a: Cottonee
|-damage|p1a: Cottonee|0 fnt
|faint|p1a: Cottonee
|
|-sideend|p1: Bamarah|move: Tailwind
|
|switch|p1a: Azelf|Azelf, shiny|354\/354
|-damage|p1a: Azelf|310\/354|[from] Stealth Rock
|turn|5
|
|move|p1a: Azelf|Stealth Rock|p2a: Ferrothorn
|-sidestart|p2: Meraxes25|move: Stealth Rock
|move|p2a: Ferrothorn|Gyro Ball|p1a: Azelf
|-damage|p1a: Azelf|114\/354
|
|turn|6
|
|move|p1a: Azelf|Reflect|p1a: Azelf
|-sidestart|p1: Bamarah|Reflect
|move|p2a: Ferrothorn|Gyro Ball|p1a: Azelf
|-damage|p1a: Azelf|9\/354
|
|-end|p2a: Ferrothorn|move: Taunt
|turn|7
|
|move|p1a: Azelf|Light Screen|p1a: Azelf
|-sidestart|p1: Bamarah|move: Light Screen
|move|p2a: Ferrothorn|Leech Seed|p1a: Azelf
|-start|p1a: Azelf|move: Leech Seed
|
|-damage|p1a: Azelf|0 fnt|[from] Leech Seed|[of] p2a: Ferrothorn
|faint|p1a: Azelf
|
|switch|p1a: Whimsicott|Whimsicott, M, shiny|324\/324
|-damage|p1a: Whimsicott|284\/324|[from] Stealth Rock
|turn|8
|
|move|p1a: Whimsicott|Tailwind|p1a: Whimsicott
|-sidestart|p1: Bamarah|move: Tailwind
|move|p2a: Ferrothorn|Thunder Wave|p1a: Whimsicott
|-status|p1a: Whimsicott|par
|
|turn|9
|
|move|p1a: Whimsicott|Memento|p2a: Ferrothorn
|-unboost|p2a: Ferrothorn|atk|2
|-unboost|p2a: Ferrothorn|spa|2
|faint|p1a: Whimsicott
|move|p2a: Ferrothorn|Gyro Ball|p1: Whimsicott|[notarget]
|-notarget
|
|
|switch|p1a: Smeargle|Smeargle, M, shiny|251\/251
|-damage|p1a: Smeargle|220\/251|[from] Stealth Rock
|turn|10
|
|move|p1a: Smeargle|Geomancy|p1a: Smeargle|[still]
|-prepare|p1a: Smeargle|Geomancy|p1a: Smeargle
|-enditem|p1a: Smeargle|Power Herb
|-anim|p1a: Smeargle|Geomancy|p1a: Smeargle
|-boost|p1a: Smeargle|spa|2
|-boost|p1a: Smeargle|spd|2
|-boost|p1a: Smeargle|spe|2
|move|p2a: Ferrothorn|Thunder Wave|p1a: Smeargle
|-status|p1a: Smeargle|par
|
|turn|11
|
|move|p1a: Smeargle|Cotton Guard|p1a: Smeargle
|-boost|p1a: Smeargle|def|3
|move|p2a: Ferrothorn|Leech Seed|p1a: Smeargle
|-start|p1a: Smeargle|move: Leech Seed
|
|-damage|p1a: Smeargle|189\/251 par|[from] Leech Seed|[of] p2a: Ferrothorn
|-sideend|p1: Bamarah|move: Tailwind
|turn|12
|
|move|p1a: Smeargle|Baton Pass|p1a: Smeargle
|
|switch|p1a: Espeon|Espeon, M, shiny|321\/321
|-damage|p1a: Espeon|281\/321|[from] Stealth Rock
|move|p2a: Ferrothorn|Gyro Ball|p1a: Espeon
|-damage|p1a: Espeon|266\/321
|
|-damage|p1a: Espeon|226\/321|[from] Leech Seed|[of] p2a: Ferrothorn
|turn|13
|
|move|p1a: Espeon|Stored Power|p2a: Ferrothorn
|-resisted|p2a: Ferrothorn
|-damage|p2a: Ferrothorn|130\/352
|move|p2a: Ferrothorn|Gyro Ball|p1a: Espeon
|-damage|p1a: Espeon|211\/321
|
|-damage|p1a: Espeon|171\/321|[from] Leech Seed|[of] p2a: Ferrothorn
|-heal|p2a: Ferrothorn|170\/352|[silent]
|-sideend|p1: Bamarah|Reflect
|turn|14
|
|move|p1a: Espeon|Morning Sun|p1a: Espeon
|-heal|p1a: Espeon|321\/321
|move|p2a: Ferrothorn|Gyro Ball|p1a: Espeon
|-damage|p1a: Espeon|285\/321
|
|-damage|p1a: Espeon|245\/321|[from] Leech Seed|[of] p2a: Ferrothorn
|-heal|p2a: Ferrothorn|210\/352|[silent]
|-sideend|p1: Bamarah|move: Light Screen
|turn|15
|
|move|p1a: Espeon|Stored Power|p2a: Ferrothorn
|-resisted|p2a: Ferrothorn
|-damage|p2a: Ferrothorn|0 fnt
|faint|p2a: Ferrothorn
|
|
|switch|p2a: Landorus-Therian|Landorus-Therian, M|382\/382
|-damage|p2a: Landorus-Therian|335\/382|[from] Stealth Rock
|-ability|p2a: Landorus-Therian|Intimidate|[of] p1a: Espeon
|-unboost|p1a: Espeon|atk|1
|turn|16
|
|move|p1a: Espeon|Stored Power|p2a: Landorus-Therian
|-damage|p2a: Landorus-Therian|0 fnt
|faint|p2a: Landorus-Therian
|
|
|switch|p2a: Gyarados|Gyarados, M|331\/331
|-damage|p2a: Gyarados|249\/331|[from] Stealth Rock
|-ability|p2a: Gyarados|Intimidate|[of] p1a: Espeon
|-unboost|p1a: Espeon|atk|1
|turn|17
|
|detailschange|p2a: Gyarados|Gyarados-Mega, M
|-mega|p2a: Gyarados|Gyarados|Gyaradosite
|-ability|p2a: Gyarados|Mold Breaker
|move|p1a: Espeon|Dazzling Gleam|p2a: Gyarados
|-supereffective|p2a: Gyarados
|-damage|p2a: Gyarados|0 fnt
|faint|p2a: Gyarados
|
|
|switch|p2a: Kyurem-Black|Kyurem-Black|391\/391
|-damage|p2a: Kyurem-Black|294\/391|[from] Stealth Rock
|-ability|p2a: Kyurem-Black|Teravolt
|turn|18
|
|move|p1a: Espeon|Stored Power|p2a: Kyurem-Black
|-damage|p2a: Kyurem-Black|0 fnt
|faint|p2a: Kyurem-Black
|
|-message|Meraxes25 forfeited.
|
|win|Bamarah
|raw|Ladder updating...
|leave|Meraxes25
|player|p2
|raw|Bamarah's rating: 1517 &rarr; <strong>1535<\/strong><br \/>(+18 for winning)
|raw|Meraxes25's rating: 1484 &rarr; <strong>1466<\/strong><br \/>(-18 for losing)
|leave|Bamarah
|player|p1