|join|Nedor
|join|SunnySuspect
|player|p1|Nedor|292
|player|p2|SunnySuspect|169
|gametype|singles
|gen|6
|tier|OU
|clearpoke
|poke|p1|Landorus, M
|poke|p1|Keldeo-Resolute
|poke|p1|Metagross
|poke|p1|Rotom-Wash
|poke|p1|Garchomp, F
|poke|p1|Latios, M
|poke|p2|Clefable, M
|poke|p2|Landorus-Therian, M
|poke|p2|Jirachi
|poke|p2|Venusaur, F
|poke|p2|Keldeo-Resolute
|poke|p2|Latios, M
|rule|Swagger Clause: Swagger is banned
|rule|Baton Pass Clause: Limit one PokÃ©mon knowing Baton Pass
|rule|Sleep Clause Mod: Limit one foe put to sleep
|rule|Species Clause: Limit one of each PokÃ©mon
|rule|OHKO Clause: OHKO moves are banned
|rule|Moody Clause: Moody is banned
|rule|Evasion Moves Clause: Evasion moves are banned
|rule|Endless Battle Clause: Forcing endless battles is banned
|rule|HP Percentage Mod: HP is shown in percentages
|teampreview
|join|lolaltsareweird
|c| lolaltsareweird|boop
|c|âNedor|the team i beat joey with ;~;
|c| lolaltsareweird|noice
|c| lolaltsareweird|pls be rp lando
|c|âSunnySuspect|nahhhhh
|c|âNedor|i am fren
|c| lolaltsareweird|;]]
|c|âSunnySuspect|ew I lose to that RP lando
|c|âSunnySuspect|okkk wait
|c|âSunnySuspect|;-;
|c|âSunnySuspect|ffffff
|c|âSunnySuspect|match weakness
|c|âSunnySuspect|ok calm down
|c|âSunnySuspect|frak out
|c|âSunnySuspect|AHHHHHHH
|c|âNedor|>jek
|c| lolaltsareweird|,,,,
|
|start
|switch|p1a: Oswin|Garchomp, F|357\/357
|switch|p2a: Clefable|Clefable, M|369\/369
|turn|1
|c| lolaltsareweird|voice me pls
|
|move|p1a: Oswin|Stealth Rock|p2a: Clefable
|-sidestart|p2: SunnySuspect|move: Stealth Rock
|move|p2a: Clefable|Moonblast|p1a: Oswin
|-supereffective|p1a: Oswin
|-damage|p1a: Oswin|133\/357
|
|turn|2
|c| lolaltsareweird|.\/roomvoice lolaltsareweird
|c|âSunnySuspect|how 2 voice?
lolaltsareweird was promoted to Room Voice by Nedor.
|c|+lolaltsareweird|:]
|c|âSunnySuspect|:)
|c|+lolaltsareweird|!dt roseli berry
|c|~|\/data-item Roseli Berry
|raw|<font size="1"><font color=#585858>Fling Base Power:<\/font> 10&nbsp;|&ThickSpace;<font color=#585858>Fling Effect:<\/font> Activates the Berry's effect on the target.&nbsp;|&ThickSpace;<font color=#585858>Natural Gift Type:<\/font> Fairy&nbsp;|&ThickSpace;<font color=#585858>Natural Gift Base Power:<\/font> 80<\/font>
|c|âSunnySuspect|kk lse see
|c|+lolaltsareweird|shoulda ran that
|c|âNedor|!dt im a great pokemon player
No Pokemon, item, move, ability or nature named 'im a great pokemon player' was found. (Check your spelling?)
|
|switch|p1a: Sain|Metagross|301\/301
|switch|p2a: Landorus-Therian|Landorus-Therian, M|319\/319
|-damage|p2a: Landorus-Therian|280\/319|[from] Stealth Rock
|-ability|p2a: Landorus-Therian|Intimidate|[of] p1a: Sain
|-fail|p1a: Sain|unboost|[from] ability: Clear Body|[of] p1a: Sain
|
|turn|3
|c|âSunnySuspect|yeah
|c|+lolaltsareweird|and ct'd him
|c|âSunnySuspect|hey
|
|switch|p1a: Serra|Rotom-Wash|303\/303
|move|p2a: Landorus-Therian|U-turn|p1a: Serra
|-damage|p1a: Serra|236\/303
|
|switch|p2a: Venusaur|Venusaur, F|364\/364
|-damage|p2a: Venusaur|319\/364|[from] Stealth Rock
|
|-heal|p1a: Serra|254\/303|[from] item: Leftovers
|turn|4
|
|switch|p1a: Latios|Latios, M|302\/302
|switch|p2a: Landorus-Therian|Landorus-Therian, M|280\/319
|-damage|p2a: Landorus-Therian|241\/319|[from] Stealth Rock
|-ability|p2a: Landorus-Therian|Intimidate|[of] p1a: Latios
|-unboost|p1a: Latios|atk|1
|
|turn|5
|c|âNedor|fuck
|
|move|p1a: Latios|Draco Meteor|p2a: Landorus-Therian
|-crit|p2a: Landorus-Therian
|-damage|p2a: Landorus-Therian|0 fnt
|-unboost|p1a: Latios|spa|2
|faint|p2a: Landorus-Therian
|
|c|+lolaltsareweird|what if hes actually
|c|+lolaltsareweird|earth
|c|âNedor|ez
|c|+lolaltsareweird|YEAH
|c|âSunnySuspect|what
|c|âSunnySuspect|fuck lol
|c|+lolaltsareweird|lmao
|c|âSunnySuspect|who runs that
|c|âSunnySuspect|;-;
|c|+lolaltsareweird|nice bluffed scarf
|c|âNedor|me
|c|âNedor|,,
|c|+lolaltsareweird|oh
|c|+lolaltsareweird|no
|c|+lolaltsareweird|its scarf lati
|c|âSunnySuspect|tfw
|c|âSunnySuspect|;-;
|c|âSunnySuspect|FUCK
|c|+lolaltsareweird|so ah
|
|switch|p2a: Keldeo-Resolute|Keldeo-Resolute|323\/323
|-damage|p2a: Keldeo-Resolute|303\/323|[from] Stealth Rock
|turn|6
|c|âSunnySuspect|ok ok calm down nigga
|c|âNedor|went straight into the counter
|c|âSunnySuspect|FREAK OUT AGAIN
|c|âNedor|rofl
|
|switch|p1a: Serra|Rotom-Wash|254\/303
|move|p2a: Keldeo-Resolute|Substitute|p2a: Keldeo-Resolute
|-start|p2a: Keldeo-Resolute|Substitute
|-damage|p2a: Keldeo-Resolute|223\/323
|
|-heal|p2a: Keldeo-Resolute|243\/323|[from] item: Leftovers
|-heal|p1a: Serra|272\/303|[from] item: Leftovers
|turn|7
|c|âSunnySuspect|AAAAAAAAAAAA
|c|+lolaltsareweird|thats gonna take a clean
|c|+lolaltsareweird|69%
|
|move|p2a: Keldeo-Resolute|Secret Sword|p1a: Serra
|-damage|p1a: Serra|161\/303
|move|p1a: Serra|Volt Switch|p2a: Keldeo-Resolute
|-supereffective|p2a: Keldeo-Resolute
|-end|p2a: Keldeo-Resolute|Substitute
|c|âNedor|thats doin nothin
|c|âSunnySuspect|watch me lose badly now
|
|switch|p1a: Latios|Latios, M|302\/302
|
|-heal|p2a: Keldeo-Resolute|263\/323|[from] item: Leftovers
|turn|8
|c|âSunnySuspect|that I have no M Gross coverage
|
|switch|p2a: Jirachi|Jirachi|384\/384
|-damage|p2a: Jirachi|360\/384|[from] Stealth Rock
|move|p1a: Latios|Trick|p2a: Jirachi
|-activate|p1a: Latios|move: Trick|[of] p2a: Jirachi
|-item|p2a: Jirachi|Choice Scarf|[from] move: Trick
|-item|p1a: Latios|Leftovers|[from] move: Trick
|
|turn|9
|c|+lolaltsareweird|oh shit
|c|âNedor|ez
|c|+lolaltsareweird|sunny ur still
|c|+lolaltsareweird|6-0'd by
|c|+lolaltsareweird|ddzardx
|c|âSunnySuspect|wtf
|c|âSunnySuspect|;-;
|c|+lolaltsareweird|zard-x runs 310
|c|âSunnySuspect|I am nice n bad right?
|c|+lolaltsareweird|and nuff attack
|c|+lolaltsareweird|to ohko landot after rocks
|c|âSunnySuspect|;-;
|c|+lolaltsareweird|after 1 dd
|
|switch|p1a: Oswin|Garchomp, F|133\/357
|move|p2a: Jirachi|U-turn|p1a: Oswin
|-damage|p1a: Oswin|69\/357
|-damage|p2a: Jirachi|312\/384|[from] ability: Rough Skin|[of] p1a: Oswin
|-damage|p2a: Jirachi|248\/384|[from] item: Rocky Helmet|[of] p1a: Oswin
|c|âSunnySuspect|fuck
|c|+lolaltsareweird|so ye
|c|+lolaltsareweird|u need a better mon to beat it
|
|switch|p2a: Keldeo-Resolute|Keldeo-Resolute|263\/323
|-damage|p2a: Keldeo-Resolute|243\/323|[from] Stealth Rock
|
|-heal|p2a: Keldeo-Resolute|263\/323|[from] item: Leftovers
|turn|10
|c|âNedor|scarfchomp ;t
|c|âSunnySuspect|shit
|c|+lolaltsareweird|ye that could work
|
|move|p2a: Keldeo-Resolute|Scald|p1a: Oswin
|-damage|p1a: Oswin|0 fnt
|faint|p1a: Oswin
|
|-heal|p2a: Keldeo-Resolute|283\/323|[from] item: Leftovers
|c|+lolaltsareweird|or
|c|âSunnySuspect|our lord scarf chomp shall deliver
|c|+lolaltsareweird|run roost lati
|
|switch|p1a: Serra|Rotom-Wash|161\/303
|turn|11
|c|+lolaltsareweird|and a better zard-x check
|c|âSunnySuspect|roost lati
|c|âSunnySuspect|doesn't ficx the problem at hand
|c|âSunnySuspect|:(
|c|+lolaltsareweird|i mean it can like
|c|+lolaltsareweird|stall zard-y
|
|move|p2a: Keldeo-Resolute|Secret Sword|p1a: Serra
|-damage|p1a: Serra|46\/303
|move|p1a: Serra|Volt Switch|p2a: Keldeo-Resolute
|-supereffective|p2a: Keldeo-Resolute
|-damage|p2a: Keldeo-Resolute|107\/323
|c|âNedor|you can run scarflati to r kill zard x
|c|âSunnySuspect|Zardy y
|c|âSunnySuspect|not X
|c|+lolaltsareweird|kek
|
|switch|p1a: Latios|Latios, M|302\/302
|
|-heal|p2a: Keldeo-Resolute|127\/323|[from] item: Leftovers
|turn|12
|c|âSunnySuspect|tfw
|c|+lolaltsareweird|k well
|c|âSunnySuspect|ok ok calm down
|c|âSunnySuspect|ahhhhhhhh
|c|+lolaltsareweird|scarchomp is the best mon to replace landot  as nedor set
|
|switch|p1a: Hector|Landorus, M|319\/319
|switch|p2a: Jirachi|Jirachi|248\/384
|-damage|p2a: Jirachi|224\/384|[from] Stealth Rock
|
|turn|13
|c|+lolaltsareweird|kek
|c|+lolaltsareweird|said*
|c|âNedor|im clicking knock off js
|
|move|p2a: Jirachi|U-turn|p1a: Hector
|-resisted|p1a: Hector
|-damage|p1a: Hector|288\/319
|c|âSunnySuspect|kk enojoy doing that
|c|+lolaltsareweird|nice scarfrachi
|c|+lolaltsareweird|,,,
|
|switch|p2a: Clefable|Clefable, M|369\/369
|-damage|p2a: Clefable|323\/369|[from] Stealth Rock
|move|p1a: Hector|Focus Blast|p2a: Clefable|[miss]
|-miss|p1a: Hector|p2a: Clefable
|
|-heal|p2a: Clefable|346\/369|[from] item: Leftovers
|turn|14
|c|âNedor|wow hax lord
|c|+lolaltsareweird|id prob run wishpass rachi tho
|c|âSunnySuspect|yeah
|c|âSunnySuspect|;-;
|
|switch|p1a: Sain|Metagross|301\/301
|switch|p2a: Keldeo-Resolute|Keldeo-Resolute|127\/323
|-damage|p2a: Keldeo-Resolute|107\/323|[from] Stealth Rock
|
|-heal|p2a: Keldeo-Resolute|127\/323|[from] item: Leftovers
|turn|15
|c|âSunnySuspect|fuck predicted
|c|âNedor|you feelin real?
|c|âSunnySuspect|but what can I do?
|c|âSunnySuspect|NOTHING
|c|âNedor|i have tect
|c|âNedor|,,
|c|+lolaltsareweird|,,
|
|switch|p1a: Latios|Latios, M|302\/302
|move|p2a: Keldeo-Resolute|Scald|p1a: Latios
|-resisted|p1a: Latios
|-damage|p1a: Latios|242\/302
|-status|p1a: Latios|brn
|
|-heal|p1a: Latios|260\/302 brn|[from] item: Leftovers
|-heal|p2a: Keldeo-Resolute|147\/323|[from] item: Leftovers
|-damage|p1a: Latios|223\/302 brn|[from] brn
|turn|16
|c|âSunnySuspect|yeah yeah yeah
|c|âNedor|oml
|
|switch|p2a: Jirachi|Jirachi|224\/384
|-damage|p2a: Jirachi|200\/384|[from] Stealth Rock
|move|p1a: Latios|Draco Meteor|p2a: Jirachi
|-resisted|p2a: Jirachi
|-damage|p2a: Jirachi|112\/384
|-unboost|p1a: Latios|spa|2
|
|-heal|p1a: Latios|241\/302 brn|[from] item: Leftovers
|-damage|p1a: Latios|204\/302 brn|[from] brn
|turn|17
|c|âSunnySuspect|how 2 chekc mgross?
|c|âSunnySuspect|hey nigga?
|c|âSunnySuspect|SUUUP
|
|switch|p1a: Serra|Rotom-Wash|46\/303
|move|p2a: Jirachi|U-turn|p1a: Serra
|-damage|p1a: Serra|1\/303
|c|âSunnySuspect|but seiously how?
|c|âNedor|nice 1%
|c|âSunnySuspect|very fuck
|
|switch|p2a: Latios|Latios, M|301\/301
|-damage|p2a: Latios|264\/301|[from] Stealth Rock
|
|-heal|p1a: Serra|19\/303|[from] item: Leftovers
|turn|18
|c|âNedor|draco me
|c|âSunnySuspect|cause fuck english right?
|
|move|p2a: Latios|Hidden Power|p1a: Serra
|-resisted|p1a: Serra
|-damage|p1a: Serra|0 fnt
|-damage|p2a: Latios|234\/301|[from] item: Life Orb
|faint|p1a: Serra
|
|c|âSunnySuspect|nah man
|c|+lolaltsareweird|!pick  scarfgrounds, bisharp, cbtalon, msable, cress
|raw|<div class="infobox"><em>We randomly picked:<\/em> scarfgrounds<\/div>
|c|+lolaltsareweird|^
|c|âSunnySuspect|I'm too real
|c|âSunnySuspect|lol
|c|âSunnySuspect|nice
|
|switch|p1a: Sain|Metagross|301\/301
|turn|19
|c|âSunnySuspect|Bisharp is p decne
|
|detailschange|p1a: Sain|Metagross-Mega
|-mega|p1a: Sain|Metagross|Metagrossite
|move|p2a: Latios|Hidden Power|p1a: Sain
|-supereffective|p1a: Sain
|-damage|p1a: Sain|135\/301
|-damage|p2a: Latios|204\/301|[from] item: Life Orb
|move|p1a: Sain|Pursuit|p2a: Latios
|-supereffective|p2a: Latios
|-damage|p2a: Latios|8\/301
|
|turn|20
|c|+lolaltsareweird|,,
|c|+lolaltsareweird|tryna be a lord i c
|c|âSunnySuspect|and lose
|
|move|p1a: Sain|Pursuit|p2a: Latios
|-supereffective|p2a: Latios
|-damage|p2a: Latios|0 fnt
|faint|p2a: Latios
|
|c|âSunnySuspect|rup
|c|âNedor|no speed tie btw
|c|âNedor|,,
|c|âSunnySuspect|but i gotz fucked
|
|switch|p2a: Jirachi|Jirachi|112\/384
|-damage|p2a: Jirachi|88\/384|[from] Stealth Rock
|turn|21
|c|+lolaltsareweird|,,
|c|âSunnySuspect|;-;
|c|âSunnySuspect|ye
|c|âSunnySuspect|HP:Fire
|c|âSunnySuspect|30 speed IV
|c|âSunnySuspect|;-;
|c|âNedor|mhm
|c|+lolaltsareweird|holy fuck ur actually weak to meta
|c|+lolaltsareweird|;;;;
|c|âSunnySuspect|yeah
|
|switch|p1a: Keldeo-Resolute|Keldeo-Resolute|323\/323
|move|p2a: Jirachi|Fire Punch|p1a: Keldeo-Resolute
|-resisted|p1a: Keldeo-Resolute
|-damage|p1a: Keldeo-Resolute|287\/323
|
|turn|22
|c|âSunnySuspect|I can't do any thing FUCK
|c|+lolaltsareweird|is it fine if i
|c|+lolaltsareweird|innovate
|c|âSunnySuspect|not too much
|
|switch|p2a: Venusaur|Venusaur, F|319\/364
|-damage|p2a: Venusaur|274\/364|[from] Stealth Rock
|switch|p1a: Sain|Metagross-Mega|135\/301
|
|turn|23
|c|âSunnySuspect|:x
|c|âNedor|ez
|c|âSunnySuspect|but too a certain extent y
|c|+lolaltsareweird|k
|c|âSunnySuspect|or lord
|
|detailschange|p2a: Venusaur|Venusaur-Mega, F
|-mega|p2a: Venusaur|Venusaur|Venusaurite
|move|p1a: Sain|Zen Headbutt|p2a: Venusaur
|-supereffective|p2a: Venusaur
|-damage|p2a: Venusaur|16\/364
|move|p2a: Venusaur|Earthquake|p1a: Sain
|-supereffective|p1a: Sain
|-damage|p1a: Sain|41\/301
|
|turn|24
|c|âSunnySuspect|nice plays
|c|âNedor|,,,
|c|âNedor|you lived
|c|âSunnySuspect|fuck you nigga
|
|move|p1a: Sain|Pursuit|p2a: Venusaur
|-damage|p2a: Venusaur|0 fnt
|faint|p2a: Venusaur
|
|c|âSunnySuspect|BASED LIVE
|
|switch|p2a: Jirachi|Jirachi|88\/384
|-damage|p2a: Jirachi|64\/384|[from] Stealth Rock
|turn|25
|c|âSunnySuspect|NOW KILL EVERYTHING
|c|+lolaltsareweird|run counter skarmory
|c|+lolaltsareweird|,,,,
|
|switch|p1a: Keldeo-Resolute|Keldeo-Resolute|287\/323
|move|p2a: Jirachi|Fire Punch|p1a: Keldeo-Resolute
|-resisted|p1a: Keldeo-Resolute
|-damage|p1a: Keldeo-Resolute|255\/323
|
|turn|26
|c|âSunnySuspect|hey nice man
|c|âSunnySuspect|tfw
|c|âSunnySuspect|no burn
|c|âNedor|specs scalds
|c|âNedor|,,,
|
|switch|p2a: Clefable|Clefable, M|346\/369
|-damage|p2a: Clefable|300\/369|[from] Stealth Rock
|move|p1a: Keldeo-Resolute|Scald|p2a: Clefable
|-crit|p2a: Clefable
|-damage|p2a: Clefable|12\/369
|
|-heal|p2a: Clefable|35\/369|[from] item: Leftovers
|turn|27
|c|âSunnySuspect|fucked
|c|âNedor|ez
|c|âSunnySuspect|lol owned
|
|move|p1a: Keldeo-Resolute|Scald|p2a: Clefable
|-damage|p2a: Clefable|0 fnt
|faint|p2a: Clefable
|
|c|âSunnySuspect|well
|
|switch|p2a: Keldeo-Resolute|Keldeo-Resolute|147\/323
|-damage|p2a: Keldeo-Resolute|127\/323|[from] Stealth Rock
|turn|28
|c|+lolaltsareweird|uh
|c|âSunnySuspect|I did kind of put up a fight
|c|+lolaltsareweird|ur tauntgar weak now
|c|âSunnySuspect|I guess?
|c|âSunnySuspect|;-;
|c|âNedor|rachi comes back
|c|âNedor|i bet
|
|move|p2a: Keldeo-Resolute|Secret Sword|p1a: Keldeo-Resolute
|-damage|p1a: Keldeo-Resolute|89\/323
|move|p1a: Keldeo-Resolute|Scald|p2a: Keldeo-Resolute
|-resisted|p2a: Keldeo-Resolute
|-damage|p2a: Keldeo-Resolute|20\/323
|
|-heal|p2a: Keldeo-Resolute|40\/323|[from] item: Leftovers
|turn|29
|
|move|p1a: Keldeo-Resolute|Scald|p2a: Keldeo-Resolute
|-crit|p2a: Keldeo-Resolute
|-resisted|p2a: Keldeo-Resolute
|-damage|p2a: Keldeo-Resolute|0 fnt
|faint|p2a: Keldeo-Resolute
|
|c|âSunnySuspect|nah I'm not that much of a lord lol
|c|âSunnySuspect|nice
|c|âSunnySuspect|G_G
|
|switch|p2a: Jirachi|Jirachi|64\/384
|-damage|p2a: Jirachi|40\/384|[from] Stealth Rock
|turn|30
|c|âNedor|nah
|c|âNedor|rachi will flinch everything
|c|âNedor|,,
|c|âSunnySuspect|y\/y
|c|+lolaltsareweird|ok
|
|move|p2a: Jirachi|Iron Head|p1a: Keldeo-Resolute
|-crit|p1a: Keldeo-Resolute
|-resisted|p1a: Keldeo-Resolute
|-damage|p1a: Keldeo-Resolute|5\/323
|move|p1a: Keldeo-Resolute|Scald|p2a: Jirachi
|-damage|p2a: Jirachi|0 fnt
|faint|p2a: Jirachi
|
|win|Nedor
|c|+lolaltsareweird|failed
|c|âSunnySuspect|FIAL RACHI
|c|âSunnySuspect|IMO
|c|âSunnySuspect|jk
|c|âSunnySuspect|wp man
|c|+lolaltsareweird|sunny play me pls
|c|+lolaltsareweird|gg
|c|âSunnySuspect|gg
|c|âSunnySuspect|:)
|c|âNedor|oml
|c|âSunnySuspect|sure
|c|âNedor|gg
|c|âSunnySuspect|:D