|join|Nedor
|join|Mistakess
|player|p1|Nedor|292
|player|p2|Mistakess|249
|gametype|singles
|gen|6
|tier|OU
|clearpoke
|poke|p1|Beedrill, F
|poke|p1|Magnezone
|poke|p1|Mamoswine, M
|poke|p1|Azumarill, F
|poke|p1|Latios, M
|poke|p1|Keldeo
|poke|p2|Azumarill, F, shiny
|poke|p2|Charizard, M
|poke|p2|Infernape, M
|poke|p2|Scizor, M
|poke|p2|Dragonite, F
|poke|p2|Greninja, M, shiny
|rule|Swagger Clause: Swagger is banned
|rule|Baton Pass Clause: Limit one PokÃ©mon knowing Baton Pass
|rule|Sleep Clause Mod: Limit one foe put to sleep
|rule|Species Clause: Limit one of each PokÃ©mon
|rule|OHKO Clause: OHKO moves are banned
|rule|Moody Clause: Moody is banned
|rule|Evasion Moves Clause: Evasion moves are banned
|rule|Endless Battle Clause: Forcing endless battles is banned
|rule|HP Percentage Mod: HP is shown in percentages
|teampreview
|
|start
|switch|p1a: Mamoswine|Mamoswine, M|361\/361
|switch|p2a: Lancer|Infernape, M|293\/293
|turn|1
|
|move|p2a: Lancer|Fire Blast|p1a: Mamoswine
|-supereffective|p1a: Mamoswine
|-enditem|p1a: Mamoswine|Focus Sash
|-damage|p1a: Mamoswine|1\/361
|-status|p1a: Mamoswine|brn
|move|p1a: Mamoswine|Stealth Rock|p2a: Lancer
|-sidestart|p2: Mistakess|move: Stealth Rock
|
|-damage|p1a: Mamoswine|0 fnt|[from] brn
|faint|p1a: Mamoswine
|c|âNedor|.
|c|âNedor|fuck me
|
|switch|p1a: Azumarill|Azumarill, F|383\/383
|turn|2
|
|move|p2a: Lancer|Stealth Rock|p1a: Azumarill
|-sidestart|p1: Nedor|move: Stealth Rock
|move|p1a: Azumarill|Waterfall|p2a: Lancer
|-supereffective|p2a: Lancer
|-enditem|p2a: Lancer|Focus Sash
|-damage|p2a: Lancer|1\/293
|
|turn|3
|
|move|p2a: Lancer|Endeavor|p1a: Azumarill
|-damage|p1a: Azumarill|1\/383
|move|p1a: Azumarill|Waterfall|p2a: Lancer
|-supereffective|p2a: Lancer
|-damage|p2a: Lancer|0 fnt
|faint|p2a: Lancer
|
|
|switch|p2a: Assassin|Greninja, M, shiny|285\/285
|-damage|p2a: Assassin|250\/285|[from] Stealth Rock
|turn|4
|
|switch|p1a: Keldeo|Keldeo|323\/323
|-damage|p1a: Keldeo|303\/323|[from] Stealth Rock
|move|p2a: Assassin|Shadow Sneak|p1a: Keldeo
|-start|p2a: Assassin|typechange|Ghost|[from] Protean
|-damage|p1a: Keldeo|232\/323
|-damage|p2a: Assassin|222\/285|[from] item: Life Orb
|
|turn|5
|
|move|p2a: Assassin|Extrasensory|p1a: Keldeo
|-start|p2a: Assassin|typechange|Psychic|[from] Protean
|-crit|p1a: Keldeo
|-supereffective|p1a: Keldeo
|-damage|p1a: Keldeo|0 fnt
|-damage|p2a: Assassin|194\/285|[from] item: Life Orb
|faint|p1a: Keldeo
|
|
|switch|p1a: Beedrill|Beedrill, F|271\/271
|-damage|p1a: Beedrill|204\/271|[from] Stealth Rock
|turn|6
|
|switch|p2a: Archer|Scizor, M|344\/344
|-damage|p2a: Archer|301\/344|[from] Stealth Rock
|detailschange|p1a: Beedrill|Beedrill-Mega, F
|message|Beedrill has Mega Evolved into Mega Beedrill!
|move|p1a: Beedrill|Protect|p1a: Beedrill
|-fail|p1a: Beedrill
|
|turn|7
|
|switch|p1a: Magnezone|Magnezone|281\/281
|-damage|p1a: Magnezone|264\/281|[from] Stealth Rock
|move|p2a: Archer|Superpower|p1a: Magnezone
|-crit|p1a: Magnezone
|-supereffective|p1a: Magnezone
|-damage|p1a: Magnezone|0 fnt
|-unboost|p2a: Archer|atk|1
|-unboost|p2a: Archer|def|1
|faint|p1a: Magnezone
|
|
|switch|p1a: Beedrill|Beedrill-Mega, F|204\/271
|-damage|p1a: Beedrill|137\/271|[from] Stealth Rock
|turn|8
|
|switch|p2a: Berserker|Charizard, M|333\/333
|-damage|p2a: Berserker|167\/333|[from] Stealth Rock
|move|p1a: Beedrill|Knock Off|p2a: Berserker
|-damage|p2a: Berserker|69\/333
|
|turn|9
|
|detailschange|p2a: Berserker|Charizard-Mega-X, M
|message|Charizard has Mega Evolved into Mega Charizard!
|move|p1a: Beedrill|Poison Jab|p2a: Berserker
|-damage|p2a: Berserker|0 fnt
|faint|p2a: Berserker
|
|
|switch|p2a: Archer|Scizor, M|301\/344
|-damage|p2a: Archer|258\/344|[from] Stealth Rock
|turn|10
|
|switch|p1a: Azumarill|Azumarill, F|1\/383
|-damage|p1a: Azumarill|0 fnt|[from] Stealth Rock
|faint|p1a: Azumarill
|move|p2a: Archer|Bullet Punch|p1: Azumarill|[notarget]
|-notarget
|
|
|switch|p1a: Latios|Latios, M|301\/301
|-damage|p1a: Latios|264\/301|[from] Stealth Rock
|turn|11
|
|move|p2a: Archer|Bullet Punch|p1a: Latios
|-damage|p1a: Latios|50\/301
|move|p1a: Latios|Defog|p2a: Archer
|-unboost|p2a: Archer|evasion|1
|-sideend|p2: Mistakess|Stealth Rock|[from] move: Defog|[of] p2a: Archer
|-sideend|p1: Nedor|Stealth Rock|[from] move: Defog|[of] p1a: Latios
|
|turn|12
|-message|Nedor forfeited.
|
|win|Mistakess
|leave|Nedor
|player|p1