|join|Nedor
|join|Ragnathedemon
|player|p1|Nedor|102
|player|p2|Ragnathedemon|290
|gametype|singles
|gen|6
|tier|OU
|clearpoke
|poke|p1|Politoed, F
|poke|p1|Scizor, M
|poke|p1|Kingdra, M
|poke|p1|Mew
|poke|p1|Thundurus, M
|poke|p1|Latios, M
|poke|p2|Blastoise, M
|poke|p2|Dragonite, M
|poke|p2|Excadrill, M
|poke|p2|Latias, F
|poke|p2|Mamoswine, M
|poke|p2|Ferrothorn, M
|rule|Swagger Clause: Swagger is banned
|rule|Baton Pass Clause: Limit one PokÃ©mon knowing Baton Pass
|rule|Sleep Clause Mod: Limit one foe put to sleep
|rule|Species Clause: Limit one of each PokÃ©mon
|rule|OHKO Clause: OHKO moves are banned
|rule|Moody Clause: Moody is banned
|rule|Evasion Moves Clause: Evasion moves are banned
|rule|Endless Battle Clause: Forcing endless battles is banned
|rule|HP Percentage Mod: HP is shown in percentages
|teampreview
|c|âRagnathedemon|holly rain
|
|start
|switch|p1a: Scizor|Scizor, M|282\/282
|switch|p2a: Mamoswine|Mamoswine, M|361\/361
|turn|1
|
|move|p2a: Mamoswine|Stealth Rock|p1a: Scizor
|-sidestart|p1: Nedor|move: Stealth Rock
|move|p1a: Scizor|U-turn|p2a: Mamoswine
|-crit|p2a: Mamoswine
|-enditem|p2a: Mamoswine|Focus Sash
|-damage|p2a: Mamoswine|1\/361
|
|switch|p1a: Politoed|Politoed, F|384\/384
|-damage|p1a: Politoed|336\/384|[from] Stealth Rock
|-weather|RainDance
|
|-weather|RainDance|[upkeep]
|turn|2
|
|move|p2a: Mamoswine|Ice Shard|p1a: Politoed
|-resisted|p1a: Politoed
|-damage|p1a: Politoed|304\/384
|move|p1a: Politoed|Scald|p2a: Mamoswine
|-supereffective|p2a: Mamoswine
|-damage|p2a: Mamoswine|0 fnt
|faint|p2a: Mamoswine
|
|-weather|RainDance|[upkeep]
|
|switch|p2a: Ferrothorn|Ferrothorn, M|300\/300
|turn|3
|
|switch|p1a: Mew|Mew|404\/404
|-damage|p1a: Mew|354\/404|[from] Stealth Rock
|move|p2a: Ferrothorn|Thunder Wave|p1a: Mew
|-status|p1a: Mew|par
|-status|p2a: Ferrothorn|par
|
|-weather|RainDance|[upkeep]
|-heal|p1a: Mew|379\/404 par|[from] item: Leftovers
|turn|4
|
|move|p2a: Ferrothorn|Protect|p2a: Ferrothorn
|-singleturn|p2a: Ferrothorn|Protect
|move|p1a: Mew|Will-O-Wisp|p2a: Ferrothorn
|-activate|p2a: Ferrothorn|Protect
|
|-weather|RainDance|[upkeep]
|-heal|p1a: Mew|404\/404 par|[from] item: Leftovers
|turn|5
|
|move|p1a: Mew|Stealth Rock|p2a: Ferrothorn
|-sidestart|p2: Ragnathedemon|move: Stealth Rock
|move|p2a: Ferrothorn|Leech Seed|p1a: Mew
|-start|p1a: Mew|move: Leech Seed
|
|-weather|RainDance|[upkeep]
|-damage|p1a: Mew|354\/404 par|[from] Leech Seed|[of] p2a: Ferrothorn
|turn|6
|
|switch|p1a: Scizor|Scizor, M|282\/282
|-damage|p1a: Scizor|247\/282|[from] Stealth Rock
|cant|p2a: Ferrothorn|par
|
|-weather|RainDance|[upkeep]
|turn|7
|
|move|p1a: Scizor|Superpower|p2a: Ferrothorn
|-supereffective|p2a: Ferrothorn
|-damage|p2a: Ferrothorn|30\/300 par
|-damage|p1a: Scizor|212\/282|[from] ability: Iron Barbs|[of] p2a: Ferrothorn
|-damage|p1a: Scizor|165\/282|[from] item: Rocky Helmet|[of] p2a: Ferrothorn
|-unboost|p1a: Scizor|atk|1
|-unboost|p1a: Scizor|def|1
|move|p2a: Ferrothorn|Leech Seed|p1a: Scizor
|-start|p1a: Scizor|move: Leech Seed
|
|-weather|RainDance|[upkeep]
|-damage|p1a: Scizor|130\/282|[from] Leech Seed|[of] p2a: Ferrothorn
|-heal|p2a: Ferrothorn|65\/300 par|[silent]
|turn|8
|
|switch|p1a: Kingdra|Kingdra, M|291\/291
|-damage|p1a: Kingdra|255\/291|[from] Stealth Rock
|cant|p2a: Ferrothorn|par
|
|-weather|none
|turn|9
|
|switch|p1a: Politoed|Politoed, F|304\/384
|-damage|p1a: Politoed|256\/384|[from] Stealth Rock
|-weather|RainDance
|move|p2a: Ferrothorn|Thunder Wave|p1a: Politoed
|-status|p1a: Politoed|par
|
|-weather|RainDance|[upkeep]
|turn|10
|
|move|p2a: Ferrothorn|Protect|p2a: Ferrothorn
|-singleturn|p2a: Ferrothorn|Protect
|cant|p1a: Politoed|par
|
|-weather|RainDance|[upkeep]
|turn|11
|
|switch|p1a: Kingdra|Kingdra, M|255\/291
|-damage|p1a: Kingdra|219\/291|[from] Stealth Rock
|move|p2a: Ferrothorn|Leech Seed|p1a: Kingdra
|-start|p1a: Kingdra|move: Leech Seed
|
|-weather|RainDance|[upkeep]
|-damage|p1a: Kingdra|183\/291|[from] Leech Seed|[of] p2a: Ferrothorn
|-heal|p2a: Ferrothorn|101\/300 par|[silent]
|turn|12
|
|move|p2a: Ferrothorn|Protect|p2a: Ferrothorn
|-singleturn|p2a: Ferrothorn|Protect
|move|p1a: Kingdra|Ice Beam|p2a: Ferrothorn
|-activate|p2a: Ferrothorn|Protect
|
|-weather|RainDance|[upkeep]
|-damage|p1a: Kingdra|147\/291|[from] Leech Seed|[of] p2a: Ferrothorn
|-heal|p2a: Ferrothorn|137\/300 par|[silent]
|turn|13
|
|move|p1a: Kingdra|Ice Beam|p2a: Ferrothorn
|-damage|p2a: Ferrothorn|43\/300 par
|move|p2a: Ferrothorn|Thunder Wave|p1a: Kingdra
|-status|p1a: Kingdra|par
|
|-weather|RainDance|[upkeep]
|-damage|p1a: Kingdra|111\/291 par|[from] Leech Seed|[of] p2a: Ferrothorn
|-heal|p2a: Ferrothorn|79\/300 par|[silent]
|turn|14
|
|move|p2a: Ferrothorn|Protect|p2a: Ferrothorn
|-singleturn|p2a: Ferrothorn|Protect
|move|p1a: Kingdra|Ice Beam|p2a: Ferrothorn
|-activate|p2a: Ferrothorn|Protect
|
|-weather|RainDance|[upkeep]
|-damage|p1a: Kingdra|75\/291 par|[from] Leech Seed|[of] p2a: Ferrothorn
|-heal|p2a: Ferrothorn|115\/300 par|[silent]
|turn|15
|
|cant|p1a: Kingdra|par
|move|p2a: Ferrothorn|Power Whip|p1a: Kingdra
|-damage|p1a: Kingdra|0 fnt
|faint|p1a: Kingdra
|
|-weather|RainDance|[upkeep]
|
|switch|p1a: Scizor|Scizor, M|130\/282
|-damage|p1a: Scizor|95\/282|[from] Stealth Rock
|turn|16
|
|move|p2a: Ferrothorn|Protect|p2a: Ferrothorn
|-singleturn|p2a: Ferrothorn|Protect
|move|p1a: Scizor|U-turn|p2a: Ferrothorn
|-activate|p2a: Ferrothorn|Protect
|
|-weather|none
|turn|17
|
|move|p1a: Scizor|U-turn|p2a: Ferrothorn
|-damage|p2a: Ferrothorn|0 fnt
|-damage|p1a: Scizor|60\/282|[from] ability: Iron Barbs|[of] p2a: Ferrothorn
|-damage|p1a: Scizor|13\/282|[from] item: Rocky Helmet|[of] p2a: Ferrothorn
|faint|p2a: Ferrothorn
|
|switch|p1a: Latios|Latios, M|301\/301
|-damage|p1a: Latios|264\/301|[from] Stealth Rock
|
|
|switch|p2a: Blastoise|Blastoise, M|358\/358
|-damage|p2a: Blastoise|314\/358|[from] Stealth Rock
|turn|18
|
|detailschange|p2a: Blastoise|Blastoise-Mega, M
|message|Blastoise has Mega Evolved into Mega Blastoise!
|move|p1a: Latios|Draco Meteor|p2a: Blastoise
|-damage|p2a: Blastoise|64\/358
|-unboost|p1a: Latios|spa|2
|-damage|p1a: Latios|234\/301|[from] item: Life Orb
|move|p2a: Blastoise|Dragon Pulse|p1a: Latios
|-supereffective|p1a: Latios
|-damage|p1a: Latios|0 fnt
|faint|p1a: Latios
|
|
|switch|p1a: Thundurus|Thundurus, M|299\/299
|-damage|p1a: Thundurus|225\/299|[from] Stealth Rock
|turn|19
|
|move|p1a: Thundurus|Thunderbolt|p2a: Blastoise
|-supereffective|p2a: Blastoise
|-damage|p2a: Blastoise|0 fnt
|-damage|p1a: Thundurus|196\/299|[from] item: Life Orb
|faint|p2a: Blastoise
|
|
|switch|p2a: Excadrill|Excadrill, M|361\/361
|-damage|p2a: Excadrill|350\/361|[from] Stealth Rock
|-ability|p2a: Excadrill|Mold Breaker
|turn|20
|
|move|p2a: Excadrill|Rock Slide|p1a: Thundurus
|-crit|p1a: Thundurus
|-supereffective|p1a: Thundurus
|-damage|p1a: Thundurus|0 fnt
|faint|p1a: Thundurus
|
|
|switch|p1a: Mew|Mew|354\/404 par
|-damage|p1a: Mew|304\/404 par|[from] Stealth Rock
|turn|21
|
|move|p2a: Excadrill|Rock Slide|p1a: Mew
|-miss|p2a: Excadrill|p1a: Mew
|move|p1a: Mew|Defog|p2a: Excadrill
|-unboost|p2a: Excadrill|evasion|1
|-sideend|p2: Ragnathedemon|Stealth Rock|[from] move: Defog|[of] p2a: Excadrill
|-sideend|p1: Nedor|Stealth Rock|[from] move: Defog|[of] p1a: Mew
|
|-heal|p1a: Mew|329\/404 par|[from] item: Leftovers
|turn|22
|
|move|p2a: Excadrill|Rock Slide|p1a: Mew
|-damage|p1a: Mew|240\/404 par
|cant|p1a: Mew|par
|
|-heal|p1a: Mew|265\/404 par|[from] item: Leftovers
|turn|23
|
|move|p2a: Excadrill|Rock Slide|p1a: Mew
|-damage|p1a: Mew|172\/404 par
|cant|p1a: Mew|par
|
|-heal|p1a: Mew|197\/404 par|[from] item: Leftovers
|turn|24
|
|move|p2a: Excadrill|Rock Slide|p1a: Mew
|-damage|p1a: Mew|104\/404 par
|cant|p1a: Mew|par
|
|-heal|p1a: Mew|129\/404 par|[from] item: Leftovers
|turn|25
|c|âRagnathedemon|sry hax
|c|âNedor|go suck a dick m8.
|c|âNedor|;\/
|
|move|p2a: Excadrill|Rock Slide|p1a: Mew
|-damage|p1a: Mew|35\/404 par
|move|p1a: Mew|Will-O-Wisp|p2a: Excadrill
|-status|p2a: Excadrill|brn
|
|-heal|p1a: Mew|60\/404 par|[from] item: Leftovers
|-damage|p2a: Excadrill|305\/361 brn|[from] brn
|turn|26
|
|move|p2a: Excadrill|Rock Slide|p1a: Mew
|-damage|p1a: Mew|10\/404 par
|cant|p1a: Mew|par
|
|-heal|p1a: Mew|35\/404 par|[from] item: Leftovers
|-damage|p2a: Excadrill|260\/361 brn|[from] brn
|turn|27
|
|move|p2a: Excadrill|Rock Slide|p1a: Mew
|-damage|p1a: Mew|0 fnt
|faint|p1a: Mew
|
|-damage|p2a: Excadrill|215\/361 brn|[from] brn
|
|switch|p1a: Politoed|Politoed, F|256\/384 par
|-weather|RainDance
|turn|28
|
|switch|p2a: Latias|Latias, F|319\/319
|move|p1a: Politoed|Ice Beam|p2a: Latias
|-supereffective|p2a: Latias
|-damage|p2a: Latias|205\/319
|
|-weather|RainDance|[upkeep]
|turn|29
|
|move|p2a: Latias|Psyshock|p1a: Politoed
|-damage|p1a: Politoed|120\/384 par
|-damage|p2a: Latias|174\/319|[from] item: Life Orb
|cant|p1a: Politoed|par
|
|-weather|RainDance|[upkeep]
|turn|30
|
|move|p2a: Latias|Draco Meteor|p1a: Politoed
|-damage|p1a: Politoed|0 fnt
|-unboost|p2a: Latias|spa|2
|-damage|p2a: Latias|143\/319|[from] item: Life Orb
|faint|p1a: Politoed
|
|-weather|RainDance|[upkeep]
|
|switch|p1a: Scizor|Scizor, M|13\/282
|turn|31
|
|move|p1a: Scizor|Bullet Punch|p2a: Latias
|-damage|p2a: Latias|0 fnt
|faint|p2a: Latias
|
|-weather|RainDance|[upkeep]
|
|switch|p2a: Dragonite|Dragonite, M|323\/323
|turn|32
|
|move|p1a: Scizor|Bullet Punch|p2a: Dragonite
|-damage|p2a: Dragonite|230\/323
|move|p2a: Dragonite|Fire Punch|p1a: Scizor
|-crit|p1a: Scizor
|-supereffective|p1a: Scizor
|-damage|p1a: Scizor|0 fnt
|faint|p1a: Scizor
|
|win|Ragnathedemon
|leave|Nedor
|player|p1