|join|Nedor
|join|LT5Z Quick
|player|p1|Nedor|292
|player|p2|LT5Z Quick|80
|gametype|singles
|gen|6
|tier|OU
|rated
|clearpoke
|poke|p1|Crawdaunt, F, shiny
|poke|p1|Venusaur, F
|poke|p1|Latios, M
|poke|p1|Heatran, M
|poke|p1|Mew
|poke|p1|Landorus-Therian, M
|poke|p2|Rotom-Wash
|poke|p2|Gardevoir, F, shiny
|poke|p2|Latios, M
|poke|p2|Ferrothorn, M
|poke|p2|Infernape, M
|poke|p2|Landorus-Therian, M
|rule|Swagger Clause: Swagger is banned
|rule|Baton Pass Clause: Limit one PokÃ©mon knowing Baton Pass
|rule|Sleep Clause Mod: Limit one foe put to sleep
|rule|Species Clause: Limit one of each PokÃ©mon
|rule|OHKO Clause: OHKO moves are banned
|rule|Moody Clause: Moody is banned
|rule|Evasion Moves Clause: Evasion moves are banned
|rule|Endless Battle Clause: Forcing endless battles is banned
|rule|HP Percentage Mod: HP is shown in percentages
|teampreview
|join|LT5Z JohnYiu
|leave|LT5Z JohnYiu
|c|âNedor|ehem nice and joey
|
|start
|switch|p1a: MegaChamIsAss|Mew|404\/404
|switch|p2a: Rotom-Wash|Rotom-Wash|304\/304
|turn|1
|
|move|p1a: MegaChamIsAss|Knock Off|p2a: Rotom-Wash
|-damage|p2a: Rotom-Wash|253\/304
|-enditem|p2a: Rotom-Wash|Leftovers|[from] move: Knock Off|[of] p1a: MegaChamIsAss
|move|p2a: Rotom-Wash|Will-O-Wisp|p1a: MegaChamIsAss
|-status|p1a: MegaChamIsAss|brn
|-status|p2a: Rotom-Wash|brn
|
|-damage|p1a: MegaChamIsAss|354\/404 brn|[from] brn
|-damage|p2a: Rotom-Wash|215\/304 brn|[from] brn
|turn|2
|
|switch|p1a: Go. Come back.|Landorus-Therian, M|319\/319
|-ability|p1a: Go. Come back.|Intimidate|[of] p2a: Rotom-Wash
|-unboost|p2a: Rotom-Wash|atk|1
|move|p2a: Rotom-Wash|Volt Switch|p1a: Go. Come back.
|-immune|p1a: Go. Come back.|[msg]
|
|-damage|p2a: Rotom-Wash|177\/304 brn|[from] brn
|turn|3
|
|move|p1a: Go. Come back.|U-turn|p2a: Rotom-Wash
|-damage|p2a: Rotom-Wash|117\/304 brn
|
|switch|p1a: zum.|Latios, M|301\/301
|move|p2a: Rotom-Wash|Will-O-Wisp|p1a: zum.
|-status|p1a: zum.|brn
|
|-damage|p1a: zum.|264\/301 brn|[from] brn
|-damage|p2a: Rotom-Wash|79\/304 brn|[from] brn
|turn|4
|
|switch|p2a: Ferrothorn|Ferrothorn, M|351\/351
|move|p1a: zum.|Psyshock|p2a: Ferrothorn
|-resisted|p2a: Ferrothorn
|-damage|p2a: Ferrothorn|272\/351
|-damage|p1a: zum.|234\/301 brn|[from] item: Life Orb
|
|-heal|p2a: Ferrothorn|293\/351|[from] item: Leftovers
|-damage|p1a: zum.|197\/301 brn|[from] brn
|turn|5
|
|switch|p1a: MegaChamIsAss|Mew|354\/404 brn
|move|p2a: Ferrothorn|Stealth Rock|p1a: MegaChamIsAss
|-sidestart|p1: Nedor|move: Stealth Rock
|
|-heal|p1a: MegaChamIsAss|379\/404 brn|[from] item: Leftovers
|-heal|p2a: Ferrothorn|314\/351|[from] item: Leftovers
|-damage|p1a: MegaChamIsAss|329\/404 brn|[from] brn
|turn|6
|
|switch|p2a: Rotom-Wash|Rotom-Wash|79\/304 brn
|move|p1a: MegaChamIsAss|Knock Off|p2a: Rotom-Wash
|-damage|p2a: Rotom-Wash|59\/304 brn
|
|-heal|p1a: MegaChamIsAss|354\/404 brn|[from] item: Leftovers
|-damage|p1a: MegaChamIsAss|304\/404 brn|[from] brn
|-damage|p2a: Rotom-Wash|21\/304 brn|[from] brn
|turn|7
|
|move|p1a: MegaChamIsAss|Roost|p1a: MegaChamIsAss
|-heal|p1a: MegaChamIsAss|404\/404 brn
|move|p2a: Rotom-Wash|Pain Split|p1a: MegaChamIsAss
|-sethp|p1a: MegaChamIsAss|212\/404 brn|p2a: Rotom-Wash|212\/304 brn|[from] move: Pain Split
|
|-heal|p1a: MegaChamIsAss|237\/404 brn|[from] item: Leftovers
|-damage|p1a: MegaChamIsAss|187\/404 brn|[from] brn
|-damage|p2a: Rotom-Wash|174\/304 brn|[from] brn
|turn|8
|
|move|p1a: MegaChamIsAss|Roost|p1a: MegaChamIsAss
|-heal|p1a: MegaChamIsAss|389\/404 brn
|move|p2a: Rotom-Wash|Volt Switch|p1a: MegaChamIsAss
|-damage|p1a: MegaChamIsAss|305\/404 brn
|
|switch|p2a: Gardevoir|Gardevoir, F, shiny|277\/277
|-ability|p2a: Gardevoir|Synchronize|[from] ability: Trace|[of] p1a: MegaChamIsAss
|
|-heal|p1a: MegaChamIsAss|330\/404 brn|[from] item: Leftovers
|-damage|p1a: MegaChamIsAss|280\/404 brn|[from] brn
|turn|9
|
|switch|p1a: Verlis Is Aids|Heatran, M|386\/386
|-damage|p1a: Verlis Is Aids|338\/386|[from] Stealth Rock
|detailschange|p2a: Gardevoir|Gardevoir-Mega, F, shiny
|message|Gardevoir has Mega Evolved into Mega Gardevoir!
|move|p2a: Gardevoir|Hyper Voice|p1a: Verlis Is Aids
|-resisted|p1a: Verlis Is Aids
|-damage|p1a: Verlis Is Aids|295\/386
|
|-heal|p1a: Verlis Is Aids|319\/386|[from] item: Leftovers
|turn|10
|
|switch|p2a: Infernape|Infernape, M|293\/293
|move|p1a: Verlis Is Aids|Stealth Rock|p2a: Infernape
|-sidestart|p2: LT5Z Quick|move: Stealth Rock
|
|-heal|p1a: Verlis Is Aids|343\/386|[from] item: Leftovers
|turn|11
|
|switch|p1a: 420PraiseIt|Venusaur, F|364\/364
|-damage|p1a: 420PraiseIt|319\/364|[from] Stealth Rock
|move|p2a: Infernape|Fire Blast|p1a: 420PraiseIt|[miss]
|-miss|p2a: Infernape|p1a: 420PraiseIt
|
|turn|12
|
|switch|p2a: Latios|Latios, M|301\/301
|-damage|p2a: Latios|264\/301|[from] Stealth Rock
|detailschange|p1a: 420PraiseIt|Venusaur-Mega, F
|message|Venusaur has Mega Evolved into Mega Venusaur!
|move|p1a: 420PraiseIt|Sludge Bomb|p2a: Latios
|-damage|p2a: Latios|152\/301
|-status|p2a: Latios|psn
|
|-damage|p2a: Latios|115\/301 psn|[from] psn
|turn|13
|
|switch|p1a: Verlis Is Aids|Heatran, M|343\/386
|-damage|p1a: Verlis Is Aids|295\/386|[from] Stealth Rock
|move|p2a: Latios|Surf|p1a: Verlis Is Aids
|-supereffective|p1a: Verlis Is Aids
|-damage|p1a: Verlis Is Aids|118\/386
|-damage|p2a: Latios|85\/301 psn|[from] item: Life Orb
|
|-heal|p1a: Verlis Is Aids|142\/386|[from] item: Leftovers
|-damage|p2a: Latios|48\/301 psn|[from] psn
|turn|14
|
|switch|p1a: 420PraiseIt|Venusaur-Mega, F|319\/364
|-damage|p1a: 420PraiseIt|274\/364|[from] Stealth Rock
|move|p2a: Latios|Surf|p1a: 420PraiseIt
|-resisted|p1a: 420PraiseIt
|-damage|p1a: 420PraiseIt|218\/364
|-damage|p2a: Latios|18\/301 psn|[from] item: Life Orb
|
|-damage|p2a: Latios|0 fnt|[from] psn
|faint|p2a: Latios
|
|switch|p2a: Gardevoir|Gardevoir-Mega, F, shiny|277\/277
|-damage|p2a: Gardevoir|243\/277|[from] Stealth Rock
|turn|15
|
|switch|p1a: Verlis Is Aids|Heatran, M|142\/386
|-damage|p1a: Verlis Is Aids|94\/386|[from] Stealth Rock
|move|p2a: Gardevoir|Psyshock|p1a: Verlis Is Aids
|-resisted|p1a: Verlis Is Aids
|-damage|p1a: Verlis Is Aids|21\/386
|
|-heal|p1a: Verlis Is Aids|45\/386|[from] item: Leftovers
|turn|16
|
|move|p2a: Gardevoir|Psyshock|p1a: Verlis Is Aids
|-resisted|p1a: Verlis Is Aids
|-damage|p1a: Verlis Is Aids|0 fnt
|faint|p1a: Verlis Is Aids
|
|
|switch|p1a: Go. Come back.|Landorus-Therian, M|319\/319
|-damage|p1a: Go. Come back.|280\/319|[from] Stealth Rock
|-ability|p1a: Go. Come back.|Intimidate|[of] p2a: Gardevoir
|-unboost|p2a: Gardevoir|atk|1
|turn|17
|
|switch|p2a: Ferrothorn|Ferrothorn, M|314\/351
|-damage|p2a: Ferrothorn|293\/351|[from] Stealth Rock
|move|p1a: Go. Come back.|U-turn|p2a: Ferrothorn
|-damage|p2a: Ferrothorn|220\/351
|-damage|p1a: Go. Come back.|241\/319|[from] ability: Iron Barbs|[of] p2a: Ferrothorn
|
|switch|p1a: 420PraiseIt|Venusaur-Mega, F|218\/364
|-damage|p1a: 420PraiseIt|173\/364|[from] Stealth Rock
|
|-heal|p2a: Ferrothorn|241\/351|[from] item: Leftovers
|turn|18
|
|switch|p2a: Gardevoir|Gardevoir-Mega, F, shiny|243\/277
|-damage|p2a: Gardevoir|209\/277|[from] Stealth Rock
|move|p1a: 420PraiseIt|Synthesis|p1a: 420PraiseIt
|-heal|p1a: 420PraiseIt|355\/364
|
|turn|19
|
|switch|p1a: Go. Come back.|Landorus-Therian, M|241\/319
|-damage|p1a: Go. Come back.|202\/319|[from] Stealth Rock
|-ability|p1a: Go. Come back.|Intimidate|[of] p2a: Gardevoir
|-unboost|p2a: Gardevoir|atk|1
|move|p2a: Gardevoir|Hyper Voice|p1a: Go. Come back.
|-damage|p1a: Go. Come back.|0 fnt
|faint|p1a: Go. Come back.
|
|
|switch|p1a: zum.|Latios, M|197\/301 brn
|-damage|p1a: zum.|160\/301 brn|[from] Stealth Rock
|turn|20
|
|switch|p2a: Ferrothorn|Ferrothorn, M|241\/351
|-damage|p2a: Ferrothorn|220\/351|[from] Stealth Rock
|move|p1a: zum.|Defog|p2a: Ferrothorn
|-unboost|p2a: Ferrothorn|evasion|1
|-sideend|p2: LT5Z Quick|Stealth Rock|[from] move: Defog|[of] p2a: Ferrothorn
|-sideend|p1: Nedor|Stealth Rock|[from] move: Defog|[of] p1a: zum.
|
|-heal|p2a: Ferrothorn|241\/351|[from] item: Leftovers
|-damage|p1a: zum.|123\/301 brn|[from] brn
|turn|21
|
|switch|p1a: 420PraiseIt|Venusaur-Mega, F|355\/364
|switch|p2a: Gardevoir|Gardevoir-Mega, F, shiny|209\/277
|
|turn|22
|
|move|p2a: Gardevoir|Psyshock|p1a: 420PraiseIt
|-supereffective|p1a: 420PraiseIt
|-damage|p1a: 420PraiseIt|149\/364
|move|p1a: 420PraiseIt|Sludge Bomb|p2a: Gardevoir
|-supereffective|p2a: Gardevoir
|-damage|p2a: Gardevoir|9\/277
|-status|p2a: Gardevoir|psn
|
|-damage|p2a: Gardevoir|0 fnt|[from] psn
|faint|p2a: Gardevoir
|
|switch|p2a: Infernape|Infernape, M|293\/293
|turn|23
|
|switch|p1a: zum.|Latios, M|123\/301 brn
|move|p2a: Infernape|Fire Blast|p1a: zum.
|-resisted|p1a: zum.
|-damage|p1a: zum.|37\/301 brn
|-damage|p2a: Infernape|264\/293|[from] item: Life Orb
|
|-damage|p1a: zum.|0 fnt|[from] brn
|faint|p1a: zum.
|
|switch|p1a: HERP|Crawdaunt, F, shiny|268\/268
|turn|24
|
|switch|p2a: Ferrothorn|Ferrothorn, M|241\/351
|move|p1a: HERP|Swords Dance|p1a: HERP
|-boost|p1a: HERP|atk|2
|
|-heal|p2a: Ferrothorn|262\/351|[from] item: Leftovers
|turn|25
|c|âNedor|gg
|
|move|p1a: HERP|Knock Off|p2a: Ferrothorn
|-damage|p2a: Ferrothorn|0 fnt
|-damage|p1a: HERP|235\/268|[from] ability: Iron Barbs|[of] p2a: Ferrothorn
|-enditem|p2a: Ferrothorn|Leftovers|[from] move: Knock Off|[of] p1a: HERP
|-damage|p1a: HERP|209\/268|[from] item: Life Orb
|faint|p2a: Ferrothorn
|
|
|switch|p2a: Rotom-Wash|Rotom-Wash|174\/304 brn
|turn|26
|
|move|p1a: HERP|Knock Off|p2a: Rotom-Wash
|-damage|p2a: Rotom-Wash|0 fnt
|-damage|p1a: HERP|183\/268|[from] item: Life Orb
|faint|p2a: Rotom-Wash
|
|
|switch|p2a: Infernape|Infernape, M|264\/293
|turn|27
|
|move|p2a: Infernape|Mach Punch|p1a: HERP
|-supereffective|p1a: HERP
|-damage|p1a: HERP|0 fnt
|-damage|p2a: Infernape|235\/293|[from] item: Life Orb
|faint|p1a: HERP
|
|c|âNedor|o
|c|âNedor|forgot
|
|switch|p1a: 420PraiseIt|Venusaur-Mega, F|149\/364
|turn|28
|
|move|p2a: Infernape|Fire Blast|p1a: 420PraiseIt
|-supereffective|p1a: 420PraiseIt
|-damage|p1a: 420PraiseIt|0 fnt
|-damage|p2a: Infernape|206\/293|[from] item: Life Orb
|faint|p1a: 420PraiseIt
|
|
|switch|p1a: MegaChamIsAss|Mew|280\/404 brn
|turn|29
|
|switch|p2a: Landorus-Therian|Landorus-Therian, M|354\/354
|-ability|p2a: Landorus-Therian|Intimidate|[of] p1a: MegaChamIsAss
|-unboost|p1a: MegaChamIsAss|atk|1
|move|p1a: MegaChamIsAss|Roost|p1a: MegaChamIsAss
|-heal|p1a: MegaChamIsAss|404\/404 brn
|
|-damage|p1a: MegaChamIsAss|354\/404 brn|[from] brn
|turn|30
|
|move|p2a: Landorus-Therian|U-turn|p1a: MegaChamIsAss
|-supereffective|p1a: MegaChamIsAss
|-damage|p1a: MegaChamIsAss|194\/404 brn
|
|switch|p2a: Infernape|Infernape, M|206\/293
|move|p1a: MegaChamIsAss|Will-O-Wisp|p2a: Infernape
|-fail|p2a: Infernape
|
|-heal|p1a: MegaChamIsAss|219\/404 brn|[from] item: Leftovers
|-damage|p1a: MegaChamIsAss|169\/404 brn|[from] brn
|turn|31
|-message|Nedor forfeited.
|
|win|LT5Z Quick
|raw|Ladder updating...
|raw|Nedor's rating: 1592 &rarr; <strong>1574<\/strong><br \/>(-18 for losing)
|raw|LT5Z Quick's rating: 1616 &rarr; <strong>1635<\/strong><br \/>(+19 for winning)
|leave|Nedor
|player|p1