|join|Nedor
|join|LT6A DropTheBass
|player|p1|Nedor|292
|player|p2|LT6A DropTheBass|143
|gametype|singles
|gen|6
|tier|OU
|rated
|clearpoke
|poke|p1|Gardevoir, F
|poke|p1|Bisharp, M
|poke|p1|Latios, M
|poke|p1|Landorus-Therian, M
|poke|p1|Keldeo-Resolute
|poke|p1|Tyranitar, M
|poke|p2|Gyarados, M
|poke|p2|Gothitelle, M
|poke|p2|Tyranitar, M
|poke|p2|Excadrill, M
|poke|p2|Latios, M
|poke|p2|Breloom, M
|rule|Swagger Clause: Swagger is banned
|rule|Baton Pass Clause: Limit one PokÃ©mon knowing Baton Pass
|rule|Sleep Clause Mod: Limit one foe put to sleep
|rule|Species Clause: Limit one of each PokÃ©mon
|rule|OHKO Clause: OHKO moves are banned
|rule|Moody Clause: Moody is banned
|rule|Evasion Moves Clause: Evasion moves are banned
|rule|Endless Battle Clause: Forcing endless battles is banned
|rule|HP Percentage Mod: HP is shown in percentages
|teampreview
|
|start
|switch|p1a: Landorus-Therian|Landorus-Therian, M|319\/319
|switch|p2a: Breloom|Breloom, M|262\/262
|-ability|p1a: Landorus-Therian|Intimidate|[of] p2a: Breloom
|-unboost|p2a: Breloom|atk|1
|turn|1
|
|move|p1a: Landorus-Therian|U-turn|p2a: Breloom
|-damage|p2a: Breloom|156\/262
|
|switch|p1a: Latios|Latios, M|301\/301
|move|p2a: Breloom|Spore|p1a: Latios
|-status|p1a: Latios|slp
|
|turn|2
|
|switch|p1a: Gardevoir|Gardevoir, F|277\/277
|-ability|p1a: Gardevoir|Technician|[from] ability: Trace|[of] p2a: Breloom
|move|p2a: Breloom|Rock Tomb|p1a: Gardevoir
|-damage|p1a: Gardevoir|177\/277
|-unboost|p1a: Gardevoir|spe|1
|
|turn|3
|
|switch|p1a: Landorus-Therian|Landorus-Therian, M|319\/319
|-ability|p1a: Landorus-Therian|Intimidate|[of] p2a: Breloom
|-unboost|p2a: Breloom|atk|1
|move|p2a: Breloom|Bullet Seed|p1a: Landorus-Therian
|-damage|p1a: Landorus-Therian|283\/319
|-damage|p1a: Landorus-Therian|247\/319
|-damage|p1a: Landorus-Therian|213\/319
|-hitcount|p1a: Landorus-Therian|3
|
|turn|4
|
|move|p1a: Landorus-Therian|U-turn|p2a: Breloom
|-damage|p2a: Breloom|44\/262
|
|switch|p1a: Latios|Latios, M|301\/301 slp
|move|p2a: Breloom|Rock Tomb|p1a: Latios
|-damage|p1a: Latios|230\/301 slp
|-unboost|p1a: Latios|spe|1
|
|turn|5
|
|switch|p2a: Tyranitar|Tyranitar, M|403\/403
|-weather|Sandstorm
|cant|p1a: Latios|slp
|
|-weather|Sandstorm|[upkeep]
|-damage|p1a: Latios|212\/301 slp|[from] sandstorm
|turn|6
|
|switch|p1a: Keldeo-Resolute|Keldeo-Resolute|323\/323
|move|p2a: Tyranitar|Stealth Rock|p1a: Keldeo-Resolute
|-sidestart|p1: Nedor|move: Stealth Rock
|
|-weather|Sandstorm|[upkeep]
|-damage|p1a: Keldeo-Resolute|303\/323|[from] sandstorm
|-heal|p1a: Keldeo-Resolute|323\/323|[from] item: Leftovers
|turn|7
|
|switch|p1a: Tyranitar|Tyranitar, M|403\/403
|-damage|p1a: Tyranitar|353\/403|[from] Stealth Rock
|switch|p2a: Latios|Latios, M|301\/301
|
|-weather|Sandstorm|[upkeep]
|-damage|p2a: Latios|283\/301|[from] sandstorm
|-heal|p1a: Tyranitar|378\/403|[from] item: Leftovers
|turn|8
|
|move|p2a: Latios|Draco Meteor|p1a: Tyranitar
|-crit|p1a: Tyranitar
|-damage|p1a: Tyranitar|175\/403
|-unboost|p2a: Latios|spa|2
|-damage|p2a: Latios|253\/301|[from] item: Life Orb
|move|p1a: Tyranitar|Pursuit|p2a: Latios
|-supereffective|p2a: Latios
|-damage|p2a: Latios|91\/301
|
|-weather|Sandstorm|[upkeep]
|-damage|p2a: Latios|73\/301|[from] sandstorm
|-heal|p1a: Tyranitar|200\/403|[from] item: Leftovers
|turn|9
|
|move|p2a: Latios|Draco Meteor|p1a: Tyranitar
|-damage|p1a: Tyranitar|122\/403
|-unboost|p2a: Latios|spa|2
|-damage|p2a: Latios|43\/301|[from] item: Life Orb
|move|p1a: Tyranitar|Pursuit|p2a: Latios
|-supereffective|p2a: Latios
|-damage|p2a: Latios|0 fnt
|faint|p2a: Latios
|
|-weather|Sandstorm|[upkeep]
|-heal|p1a: Tyranitar|147\/403|[from] item: Leftovers
|
|switch|p2a: Breloom|Breloom, M|44\/262
|turn|10
|
|move|p2a: Breloom|Bullet Seed|p1a: Tyranitar
|-supereffective|p1a: Tyranitar
|-damage|p1a: Tyranitar|13\/403
|-supereffective|p1a: Tyranitar
|-damage|p1a: Tyranitar|0 fnt
|-hitcount|p1a: Tyranitar|2
|faint|p1a: Tyranitar
|
|-weather|Sandstorm|[upkeep]
|-damage|p2a: Breloom|28\/262|[from] sandstorm
|
|switch|p1a: Landorus-Therian|Landorus-Therian, M|213\/319
|-damage|p1a: Landorus-Therian|174\/319|[from] Stealth Rock
|-ability|p1a: Landorus-Therian|Intimidate|[of] p2a: Breloom
|-unboost|p2a: Breloom|atk|1
|turn|11
|
|switch|p2a: Gyarados|Gyarados, M|331\/331
|-ability|p2a: Gyarados|Intimidate|[of] p1a: Landorus-Therian
|-unboost|p1a: Landorus-Therian|atk|1
|move|p1a: Landorus-Therian|U-turn|p2a: Gyarados
|-resisted|p2a: Gyarados
|-damage|p2a: Gyarados|294\/331
|
|switch|p1a: Gardevoir|Gardevoir, F|177\/277
|-damage|p1a: Gardevoir|143\/277|[from] Stealth Rock
|-ability|p1a: Gardevoir|Intimidate|[from] ability: Trace|[of] p2a: Gyarados
|-ability|p1a: Gardevoir|Intimidate|[of] p2a: Gyarados
|-unboost|p2a: Gyarados|atk|1
|
|-weather|Sandstorm|[upkeep]
|-damage|p1a: Gardevoir|126\/277|[from] sandstorm
|-damage|p2a: Gyarados|274\/331|[from] sandstorm
|turn|12
|
|switch|p2a: Breloom|Breloom, M|28\/262
|detailschange|p1a: Gardevoir|Gardevoir-Mega, F
|message|Gardevoir has Mega Evolved into Mega Gardevoir!
|move|p1a: Gardevoir|Will-O-Wisp|p2a: Breloom
|-status|p2a: Breloom|brn
|
|-weather|none
|-damage|p2a: Breloom|0 fnt|[from] brn
|faint|p2a: Breloom
|
|switch|p2a: Tyranitar|Tyranitar, M|403\/403
|-weather|Sandstorm
|turn|13
|
|switch|p1a: Keldeo-Resolute|Keldeo-Resolute|323\/323
|-damage|p1a: Keldeo-Resolute|303\/323|[from] Stealth Rock
|move|p2a: Tyranitar|Crunch|p1a: Keldeo-Resolute
|-resisted|p1a: Keldeo-Resolute
|-damage|p1a: Keldeo-Resolute|231\/323
|-boost|p1a: Keldeo-Resolute|atk|1|[from] ability: Justified
|
|-weather|Sandstorm|[upkeep]
|-damage|p1a: Keldeo-Resolute|211\/323|[from] sandstorm
|-heal|p1a: Keldeo-Resolute|231\/323|[from] item: Leftovers
|turn|14
|
|switch|p2a: Gyarados|Gyarados, M|274\/331
|-ability|p2a: Gyarados|Intimidate|[of] p1a: Keldeo-Resolute
|-unboost|p1a: Keldeo-Resolute|atk|1
|move|p1a: Keldeo-Resolute|Substitute|p1a: Keldeo-Resolute
|-start|p1a: Keldeo-Resolute|Substitute
|-damage|p1a: Keldeo-Resolute|151\/323
|
|-weather|Sandstorm|[upkeep]
|-damage|p1a: Keldeo-Resolute|131\/323|[from] sandstorm
|-damage|p2a: Gyarados|254\/331|[from] sandstorm
|-heal|p1a: Keldeo-Resolute|151\/323|[from] item: Leftovers
|turn|15
|
|move|p1a: Keldeo-Resolute|Scald|p2a: Gyarados
|-resisted|p2a: Gyarados
|-damage|p2a: Gyarados|182\/331
|move|p2a: Gyarados|Dragon Dance|p2a: Gyarados
|-boost|p2a: Gyarados|atk|1
|-boost|p2a: Gyarados|spe|1
|
|-weather|Sandstorm|[upkeep]
|-damage|p2a: Gyarados|162\/331|[from] sandstorm
|-damage|p1a: Keldeo-Resolute|131\/323|[from] sandstorm
|-heal|p1a: Keldeo-Resolute|151\/323|[from] item: Leftovers
|turn|16
|
|move|p2a: Gyarados|Earthquake|p1a: Keldeo-Resolute
|-end|p1a: Keldeo-Resolute|Substitute
|move|p1a: Keldeo-Resolute|Scald|p2a: Gyarados
|-resisted|p2a: Gyarados
|-damage|p2a: Gyarados|91\/331
|
|-weather|Sandstorm|[upkeep]
|-damage|p2a: Gyarados|71\/331|[from] sandstorm
|-damage|p1a: Keldeo-Resolute|131\/323|[from] sandstorm
|-heal|p1a: Keldeo-Resolute|151\/323|[from] item: Leftovers
|turn|17
|
|switch|p1a: Landorus-Therian|Landorus-Therian, M|174\/319
|-damage|p1a: Landorus-Therian|135\/319|[from] Stealth Rock
|-ability|p1a: Landorus-Therian|Intimidate|[of] p2a: Gyarados
|-unboost|p2a: Gyarados|atk|1
|detailschange|p2a: Gyarados|Gyarados-Mega, M
|message|Gyarados has Mega Evolved into Mega Gyarados!
|-ability|p2a: Gyarados|Mold Breaker
|move|p2a: Gyarados|Earthquake|p1a: Landorus-Therian
|-immune|p1a: Landorus-Therian|[msg]
|
|-weather|Sandstorm|[upkeep]
|-damage|p2a: Gyarados|51\/331|[from] sandstorm
|turn|18
|
|move|p1a: Landorus-Therian|U-turn|p2a: Gyarados
|-supereffective|p2a: Gyarados
|-damage|p2a: Gyarados|0 fnt
|faint|p2a: Gyarados
|
|switch|p1a: Bisharp|Bisharp, M|272\/272
|-damage|p1a: Bisharp|255\/272|[from] Stealth Rock
|
|-weather|Sandstorm|[upkeep]
|
|switch|p2a: Excadrill|Excadrill, M|362\/362
|-item|p2a: Excadrill|Air Balloon
|turn|19
|
|move|p2a: Excadrill|Earthquake|p1a: Bisharp
|-supereffective|p1a: Bisharp
|-damage|p1a: Bisharp|0 fnt
|faint|p1a: Bisharp
|
|-weather|Sandstorm|[upkeep]
|
|switch|p1a: Latios|Latios, M|212\/301 slp
|-damage|p1a: Latios|175\/301 slp|[from] Stealth Rock
|turn|20
|
|move|p2a: Excadrill|Iron Head|p1a: Latios
|-damage|p1a: Latios|0 fnt
|faint|p1a: Latios
|
|-weather|none
|
|switch|p1a: Keldeo-Resolute|Keldeo-Resolute|151\/323
|-damage|p1a: Keldeo-Resolute|131\/323|[from] Stealth Rock
|turn|21
|
|switch|p2a: Gothitelle|Gothitelle, M|281\/281
|move|p1a: Keldeo-Resolute|Scald|p2a: Gothitelle
|-damage|p2a: Gothitelle|143\/281
|-status|p2a: Gothitelle|brn
|
|-heal|p1a: Keldeo-Resolute|151\/323|[from] item: Leftovers
|-damage|p2a: Gothitelle|108\/281 brn|[from] brn
|turn|22
|
|move|p1a: Keldeo-Resolute|Scald|p2a: Gothitelle
|-damage|p2a: Gothitelle|0 fnt
|faint|p2a: Gothitelle
|
|-heal|p1a: Keldeo-Resolute|171\/323|[from] item: Leftovers
|
|switch|p2a: Tyranitar|Tyranitar, M|403\/403
|-weather|Sandstorm
|turn|23
|
|move|p1a: Keldeo-Resolute|Substitute|p1a: Keldeo-Resolute
|-start|p1a: Keldeo-Resolute|Substitute
|-damage|p1a: Keldeo-Resolute|91\/323
|move|p2a: Tyranitar|Earthquake|p1a: Keldeo-Resolute
|-end|p1a: Keldeo-Resolute|Substitute
|
|-weather|Sandstorm|[upkeep]
|-damage|p1a: Keldeo-Resolute|71\/323|[from] sandstorm
|-heal|p1a: Keldeo-Resolute|91\/323|[from] item: Leftovers
|turn|24
|
|move|p1a: Keldeo-Resolute|Secret Sword|p2a: Tyranitar
|-supereffective|p2a: Tyranitar
|-damage|p2a: Tyranitar|0 fnt
|faint|p2a: Tyranitar
|
|-weather|Sandstorm|[upkeep]
|-damage|p1a: Keldeo-Resolute|71\/323|[from] sandstorm
|-heal|p1a: Keldeo-Resolute|91\/323|[from] item: Leftovers
|
|switch|p2a: Excadrill|Excadrill, M|362\/362
|-item|p2a: Excadrill|Air Balloon
|turn|25
|
|switch|p1a: Gardevoir|Gardevoir-Mega, F|126\/277
|-damage|p1a: Gardevoir|92\/277|[from] Stealth Rock
|move|p2a: Excadrill|Earthquake|p1a: Gardevoir
|-damage|p1a: Gardevoir|0 fnt
|faint|p1a: Gardevoir
|
|-weather|Sandstorm|[upkeep]
|
|switch|p1a: Landorus-Therian|Landorus-Therian, M|135\/319
|-damage|p1a: Landorus-Therian|96\/319|[from] Stealth Rock
|-ability|p1a: Landorus-Therian|Intimidate|[of] p2a: Excadrill
|-unboost|p2a: Excadrill|atk|1
|turn|26
|
|move|p2a: Excadrill|Iron Head|p1a: Landorus-Therian
|-crit|p1a: Landorus-Therian
|-damage|p1a: Landorus-Therian|0 fnt
|faint|p1a: Landorus-Therian
|
|-weather|Sandstorm|[upkeep]
|
|switch|p1a: Keldeo-Resolute|Keldeo-Resolute|91\/323
|-damage|p1a: Keldeo-Resolute|71\/323|[from] Stealth Rock
|turn|27
|
|move|p2a: Excadrill|Earthquake|p1a: Keldeo-Resolute
|-damage|p1a: Keldeo-Resolute|0 fnt
|faint|p1a: Keldeo-Resolute
|
|win|LT6A DropTheBass
|raw|Ladder updating...
|raw|Nedor's rating: 1650 &rarr; <strong>1628<\/strong><br \/>(-22 for losing)
|raw|LT6A DropTheBass's rating: 1602 &rarr; <strong>1625<\/strong><br \/>(+23 for winning)
|leave|Nedor
|player|p1