|join|Nedor
|join|m!nh
|player|p1|Nedor|169
|player|p2|m!nh|170
|gametype|singles
|gen|6
|tier|OU
|rated
|clearpoke
|poke|p1|Scizor, M
|poke|p1|Kyurem-Black
|poke|p1|Azumarill, M
|poke|p1|Heatran, M
|poke|p1|Latios, M
|poke|p1|Zapdos
|poke|p2|Latios, M
|poke|p2|Gyarados, M
|poke|p2|Heatran, M
|poke|p2|Garchomp, F
|poke|p2|Bisharp, F
|poke|p2|Tyranitar, F
|rule|Swagger Clause: Swagger is banned
|rule|Baton Pass Clause: Limit one PokÃ©mon knowing Baton Pass
|rule|Sleep Clause Mod: Limit one foe put to sleep
|rule|Species Clause: Limit one of each PokÃ©mon
|rule|OHKO Clause: OHKO moves are banned
|rule|Moody Clause: Moody is banned
|rule|Evasion Moves Clause: Evasion moves are banned
|rule|Endless Battle Clause: Forcing endless battles is banned
|rule|HP Percentage Mod: HP is shown in percentages
|teampreview
|
|start
|switch|p1a: Yassss Bitch Yasss|Azumarill, M|347\/347
|switch|p2a: Heatran|Heatran, M|323\/323
|turn|1
|
|move|p2a: Heatran|Flash Cannon|p1a: Yassss Bitch Yasss
|-damage|p1a: Yassss Bitch Yasss|248\/347
|move|p1a: Yassss Bitch Yasss|Waterfall|p2a: Heatran
|-supereffective|p2a: Heatran
|-damage|p2a: Heatran|11\/323
|
|turn|2
|
|switch|p2a: Gyarados|Gyarados, M|353\/353
|-ability|p2a: Gyarados|Intimidate|[of] p1a: Yassss Bitch Yasss
|-unboost|p1a: Yassss Bitch Yasss|atk|1
|move|p1a: Yassss Bitch Yasss|Aqua Jet|p2a: Gyarados
|-resisted|p2a: Gyarados
|-damage|p2a: Gyarados|315\/353
|
|-heal|p2a: Gyarados|337\/353|[from] item: Leftovers
|turn|3
|
|switch|p1a: Yassss Bitch Yasss|Zapdos|384\/384
|-ability|p1a: Yassss Bitch Yasss|Pressure
|move|p2a: Gyarados|Bounce|p1a: Yassss Bitch Yasss|[still]
|-prepare|p2a: Gyarados|Bounce|p1a: Yassss Bitch Yasss
|
|-heal|p2a: Gyarados|353\/353|[from] item: Leftovers
|turn|4
|
|move|p2a: Gyarados|Bounce|p1a: Yassss Bitch Yasss
|-resisted|p1a: Yassss Bitch Yasss
|-damage|p1a: Yassss Bitch Yasss|316\/384
|move|p1a: Yassss Bitch Yasss|Thunderbolt|p2a: Gyarados
|-supereffective|p2a: Gyarados
|-damage|p2a: Gyarados|0 fnt
|faint|p2a: Gyarados
|
|-heal|p1a: Yassss Bitch Yasss|340\/384|[from] item: Leftovers
|
|switch|p2a: Heatran|Heatran, M|11\/323
|turn|5
|
|move|p2a: Heatran|Flash Cannon|p1a: Yassss Bitch Yasss
|-resisted|p1a: Yassss Bitch Yasss
|-damage|p1a: Yassss Bitch Yasss|251\/384
|move|p1a: Yassss Bitch Yasss|Thunderbolt|p2a: Heatran
|-damage|p2a: Heatran|0 fnt
|faint|p2a: Heatran
|
|-heal|p1a: Yassss Bitch Yasss|275\/384|[from] item: Leftovers
|
|switch|p2a: Latios|Latios, M|302\/302
|turn|6
|
|switch|p1a: VerlisAids|Heatran, M|386\/386
|move|p2a: Latios|Surf|p1a: VerlisAids
|-supereffective|p1a: VerlisAids
|-damage|p1a: VerlisAids|201\/386
|-damage|p2a: Latios|272\/302|[from] item: Life Orb
|
|-heal|p1a: VerlisAids|225\/386|[from] item: Leftovers
|turn|7
|
|move|p2a: Latios|Surf|p1a: VerlisAids
|-supereffective|p1a: VerlisAids
|-damage|p1a: VerlisAids|30\/386
|-damage|p2a: Latios|242\/302|[from] item: Life Orb
|move|p1a: VerlisAids|Lava Plume|p2a: Latios
|-resisted|p2a: Latios
|-damage|p2a: Latios|191\/302
|
|-heal|p1a: VerlisAids|54\/386|[from] item: Leftovers
|turn|8
|
|move|p2a: Latios|Surf|p1a: VerlisAids
|-supereffective|p1a: VerlisAids
|-damage|p1a: VerlisAids|0 fnt
|-damage|p2a: Latios|161\/302|[from] item: Life Orb
|faint|p1a: VerlisAids
|
|
|switch|p1a: Yassss Bitch Yasss|Scizor, M|343\/343
|turn|9
|
|detailschange|p1a: Yassss Bitch Yasss|Scizor-Mega, M
|message|Scizor has Mega Evolved into Mega Scizor!
|move|p2a: Latios|Surf|p1a: Yassss Bitch Yasss
|-damage|p1a: Yassss Bitch Yasss|212\/343
|-damage|p2a: Latios|131\/302|[from] item: Life Orb
|move|p1a: Yassss Bitch Yasss|Knock Off|p2a: Latios
|-supereffective|p2a: Latios
|-damage|p2a: Latios|0 fnt
|-enditem|p2a: Latios|Life Orb|[from] move: Knock Off|[of] p1a: Yassss Bitch Yasss
|faint|p2a: Latios
|
|
|switch|p2a: Bisharp|Bisharp, F|272\/272
|turn|10
|
|move|p2a: Bisharp|Swords Dance|p2a: Bisharp
|-boost|p2a: Bisharp|atk|2
|move|p1a: Yassss Bitch Yasss|Roost|p1a: Yassss Bitch Yasss
|-heal|p1a: Yassss Bitch Yasss|343\/343
|
|turn|11
|
|move|p2a: Bisharp|Swords Dance|p2a: Bisharp
|-boost|p2a: Bisharp|atk|2
|move|p1a: Yassss Bitch Yasss|Swords Dance|p1a: Yassss Bitch Yasss
|-boost|p1a: Yassss Bitch Yasss|atk|2
|
|turn|12
|
|move|p1a: Yassss Bitch Yasss|Bullet Punch|p2a: Bisharp
|-resisted|p2a: Bisharp
|-damage|p2a: Bisharp|152\/272
|move|p2a: Bisharp|Knock Off|p1a: Yassss Bitch Yasss
|-damage|p1a: Yassss Bitch Yasss|57\/343
|
|turn|13
|
|move|p2a: Bisharp|Knock Off|p1a: Yassss Bitch Yasss
|-damage|p1a: Yassss Bitch Yasss|0 fnt
|faint|p1a: Yassss Bitch Yasss
|
|
|switch|p1a: Yassss Bitch Yasss|Azumarill, M|248\/347
|turn|14
|
|move|p2a: Bisharp|Sucker Punch|p1a: Yassss Bitch Yasss
|-resisted|p1a: Yassss Bitch Yasss
|-damage|p1a: Yassss Bitch Yasss|0 fnt
|faint|p1a: Yassss Bitch Yasss
|
|
|switch|p1a: Yassss Bitch Yasss|Zapdos|275\/384
|-ability|p1a: Yassss Bitch Yasss|Pressure
|turn|15
|
|move|p2a: Bisharp|Knock Off|p1a: Yassss Bitch Yasss
|-damage|p1a: Yassss Bitch Yasss|0 fnt
|-enditem|p1a: Yassss Bitch Yasss|Leftovers|[from] move: Knock Off|[of] p2a: Bisharp
|faint|p1a: Yassss Bitch Yasss
|
|c|âNedor|gg.
|
|switch|p1a: Yassss Bitch Yasss|Kyurem-Black|391\/391
|-ability|p1a: Yassss Bitch Yasss|Teravolt
|turn|16
|
|move|p2a: Bisharp|Sucker Punch|p1a: Yassss Bitch Yasss
|-damage|p1a: Yassss Bitch Yasss|0 fnt
|faint|p1a: Yassss Bitch Yasss
|
|-message|Nedor forfeited.
|
|win|m!nh
|raw|Ladder updating...
|leave|Nedor
|player|p1
|raw|Nedor's rating: 1751 &rarr; <strong>1731<\/strong><br \/>(-20 for losing)
|raw|m!nh's rating: 1742 &rarr; <strong>1762<\/strong><br \/>(+20 for winning)