|join|superstrategist
|join|Nedor
|player|p1|superstrategist|1
|player|p2|Nedor|292
|gametype|singles
|gen|6
|tier|OU
|rated
|clearpoke
|poke|p1|Cloyster, F
|poke|p1|Heracross, M
|poke|p1|Volcarona, F
|poke|p1|Gengar, F
|poke|p1|Azumarill, F
|poke|p1|Diggersby, F
|poke|p2|Scizor, M
|poke|p2|Kyurem-Black
|poke|p2|Azumarill, F
|poke|p2|Landorus, M
|poke|p2|Latios, M
|poke|p2|Zapdos
|rule|Swagger Clause: Swagger is banned
|rule|Baton Pass Clause: Limit one PokÃ©mon knowing Baton Pass
|rule|Sleep Clause Mod: Limit one foe put to sleep
|rule|Species Clause: Limit one of each PokÃ©mon
|rule|OHKO Clause: OHKO moves are banned
|rule|Moody Clause: Moody is banned
|rule|Evasion Moves Clause: Evasion moves are banned
|rule|Endless Battle Clause: Forcing endless battles is banned
|rule|HP Percentage Mod: HP is shown in percentages
|teampreview
|
|start
|switch|p1a: Cloyster|Cloyster, F|241\/241
|switch|p2a: Yassss Bitch Yasss|Scizor, M|343\/343
|turn|1
|
|switch|p1a: Volcarona|Volcarona, F|312\/312
|detailschange|p2a: Yassss Bitch Yasss|Scizor-Mega, M
|message|Scizor has Mega Evolved into Mega Scizor!
|move|p2a: Yassss Bitch Yasss|Knock Off|p1a: Volcarona
|-damage|p1a: Volcarona|152\/312
|-enditem|p1a: Volcarona|Focus Sash|[from] move: Knock Off|[of] p2a: Yassss Bitch Yasss
|
|turn|2
|
|switch|p2a: Yassss Bitch Yasss|Azumarill, F|347\/347
|move|p1a: Volcarona|Fiery Dance|p2a: Yassss Bitch Yasss
|-resisted|p2a: Yassss Bitch Yasss
|-damage|p2a: Yassss Bitch Yasss|300\/347
|
|turn|3
|
|move|p1a: Volcarona|Fiery Dance|p2a: Yassss Bitch Yasss
|-resisted|p2a: Yassss Bitch Yasss
|-damage|p2a: Yassss Bitch Yasss|249\/347
|move|p2a: Yassss Bitch Yasss|Play Rough|p1a: Volcarona
|-resisted|p1a: Volcarona
|-damage|p1a: Volcarona|4\/312
|
|turn|4
|
|move|p2a: Yassss Bitch Yasss|Aqua Jet|p1a: Volcarona
|-supereffective|p1a: Volcarona
|-damage|p1a: Volcarona|0 fnt
|faint|p1a: Volcarona
|
|
|switch|p1a: Heracross|Heracross, M|364\/364
|turn|5
|
|switch|p2a: Yassss Bitch Yasss|Scizor-Mega, M|343\/343
|detailschange|p1a: Heracross|Heracross-Mega, M
|message|Heracross has Mega Evolved into Mega Heracross!
|move|p1a: Heracross|Bullet Seed|p2a: Yassss Bitch Yasss
|-resisted|p2a: Yassss Bitch Yasss
|-damage|p2a: Yassss Bitch Yasss|336\/343
|-resisted|p2a: Yassss Bitch Yasss
|-damage|p2a: Yassss Bitch Yasss|329\/343
|-resisted|p2a: Yassss Bitch Yasss
|-damage|p2a: Yassss Bitch Yasss|322\/343
|-resisted|p2a: Yassss Bitch Yasss
|-damage|p2a: Yassss Bitch Yasss|315\/343
|-resisted|p2a: Yassss Bitch Yasss
|-damage|p2a: Yassss Bitch Yasss|308\/343
|-hitcount|p2a: Yassss Bitch Yasss|5
|
|turn|6
|
|move|p2a: Yassss Bitch Yasss|Swords Dance|p2a: Yassss Bitch Yasss
|-boost|p2a: Yassss Bitch Yasss|atk|2
|move|p1a: Heracross|Swords Dance|p1a: Heracross
|-boost|p1a: Heracross|atk|2
|
|turn|7
|
|move|p2a: Yassss Bitch Yasss|Bullet Punch|p1a: Heracross
|-damage|p1a: Heracross|163\/364
|move|p1a: Heracross|Arm Thrust|p2a: Yassss Bitch Yasss
|-damage|p2a: Yassss Bitch Yasss|257\/343
|-damage|p2a: Yassss Bitch Yasss|208\/343
|-damage|p2a: Yassss Bitch Yasss|151\/343
|-damage|p2a: Yassss Bitch Yasss|99\/343
|-damage|p2a: Yassss Bitch Yasss|50\/343
|-hitcount|p2a: Yassss Bitch Yasss|5
|
|turn|8
|
|move|p2a: Yassss Bitch Yasss|Bullet Punch|p1a: Heracross
|-damage|p1a: Heracross|0 fnt
|faint|p1a: Heracross
|
|
|switch|p1a: Gengar|Gengar, F|262\/262
|turn|9
|
|move|p2a: Yassss Bitch Yasss|Bullet Punch|p1a: Gengar
|-enditem|p1a: Gengar|Focus Sash
|-damage|p1a: Gengar|1\/262
|move|p1a: Gengar|Shadow Ball|p2a: Yassss Bitch Yasss
|-damage|p2a: Yassss Bitch Yasss|0 fnt
|faint|p2a: Yassss Bitch Yasss
|
|
|switch|p2a: Yassss Bitch Yasss|Azumarill, F|249\/347
|turn|10
|
|move|p2a: Yassss Bitch Yasss|Aqua Jet|p1a: Gengar
|-damage|p1a: Gengar|0 fnt
|faint|p1a: Gengar
|
|
|switch|p1a: Azumarill|Azumarill, F|404\/404
|turn|11
|
|move|p2a: Yassss Bitch Yasss|Knock Off|p1a: Azumarill
|-crit|p1a: Azumarill
|-resisted|p1a: Azumarill
|-damage|p1a: Azumarill|288\/404
|-enditem|p1a: Azumarill|Sitrus Berry|[from] move: Knock Off|[of] p2a: Yassss Bitch Yasss
|move|p1a: Azumarill|Belly Drum|p1a: Azumarill
|-damage|p1a: Azumarill|86\/404
|-setboost|p1a: Azumarill|atk|6|[from] move: Belly Drum
|
|turn|12
|
|move|p2a: Yassss Bitch Yasss|Play Rough|p1a: Azumarill
|-damage|p1a: Azumarill|0 fnt
|faint|p1a: Azumarill
|
|
|switch|p1a: Diggersby|Diggersby, F|374\/374
|turn|13
|
|switch|p2a: Yassss Bitch Yasss|Zapdos|384\/384
|-ability|p2a: Yassss Bitch Yasss|Pressure
|move|p1a: Diggersby|Earthquake|p2a: Yassss Bitch Yasss
|-immune|p2a: Yassss Bitch Yasss|[msg]
|
|turn|14
|
|move|p2a: Yassss Bitch Yasss|Heat Wave|p1a: Diggersby
|-damage|p1a: Diggersby|253\/374
|move|p1a: Diggersby|Stone Edge|p2a: Yassss Bitch Yasss
|-supereffective|p2a: Yassss Bitch Yasss
|-damage|p2a: Yassss Bitch Yasss|140\/384
|
|-heal|p2a: Yassss Bitch Yasss|164\/384|[from] item: Leftovers
|turn|15
|
|move|p2a: Yassss Bitch Yasss|Roost|p2a: Yassss Bitch Yasss
|-heal|p2a: Yassss Bitch Yasss|356\/384
|move|p1a: Diggersby|Swords Dance|p1a: Diggersby
|-boost|p1a: Diggersby|atk|2
|
|-heal|p2a: Yassss Bitch Yasss|380\/384|[from] item: Leftovers
|turn|16
|
|move|p2a: Yassss Bitch Yasss|Heat Wave|p1a: Diggersby
|-damage|p1a: Diggersby|126\/374
|move|p1a: Diggersby|Stone Edge|p2a: Yassss Bitch Yasss
|-supereffective|p2a: Yassss Bitch Yasss
|-damage|p2a: Yassss Bitch Yasss|0 fnt
|faint|p2a: Yassss Bitch Yasss
|
|
|switch|p2a: Yassss Bitch Yasss|Azumarill, F|249\/347
|turn|17
|
|move|p1a: Diggersby|Quick Attack|p2a: Yassss Bitch Yasss
|-damage|p2a: Yassss Bitch Yasss|33\/347
|move|p2a: Yassss Bitch Yasss|Aqua Jet|p1a: Diggersby
|-supereffective|p1a: Diggersby
|-damage|p1a: Diggersby|0 fnt
|faint|p1a: Diggersby
|
|
|switch|p1a: Cloyster|Cloyster, F|241\/241
|turn|18
|
|move|p1a: Cloyster|Shell Smash|p1a: Cloyster
|-boost|p1a: Cloyster|atk|2
|-boost|p1a: Cloyster|spa|2
|-boost|p1a: Cloyster|spe|2
|-unboost|p1a: Cloyster|def|1
|-unboost|p1a: Cloyster|spd|1
|move|p2a: Yassss Bitch Yasss|Knock Off|p1a: Cloyster
|-damage|p1a: Cloyster|118\/241
|-enditem|p1a: Cloyster|Focus Sash|[from] move: Knock Off|[of] p2a: Yassss Bitch Yasss
|
|turn|19
|
|move|p1a: Cloyster|Ice Shard|p2a: Yassss Bitch Yasss
|-resisted|p2a: Yassss Bitch Yasss
|-damage|p2a: Yassss Bitch Yasss|0 fnt
|faint|p2a: Yassss Bitch Yasss
|
|
|switch|p2a: Yassss Bitch Yasss|Kyurem-Black|391\/391
|-ability|p2a: Yassss Bitch Yasss|Teravolt
|turn|20
|
|move|p1a: Cloyster|Rock Blast|p2a: Yassss Bitch Yasss
|-supereffective|p2a: Yassss Bitch Yasss
|-damage|p2a: Yassss Bitch Yasss|279\/391
|-supereffective|p2a: Yassss Bitch Yasss
|-damage|p2a: Yassss Bitch Yasss|173\/391
|-supereffective|p2a: Yassss Bitch Yasss
|-damage|p2a: Yassss Bitch Yasss|75\/391
|-supereffective|p2a: Yassss Bitch Yasss
|-damage|p2a: Yassss Bitch Yasss|0 fnt
|-hitcount|p2a: Yassss Bitch Yasss|4
|faint|p2a: Yassss Bitch Yasss
|
|
|switch|p2a: Landorus|Landorus, M|320\/320
|turn|21
|
|move|p1a: Cloyster|Icicle Spear|p2a: Landorus
|-supereffective|p2a: Landorus
|-damage|p2a: Landorus|0 fnt
|-hitcount|p2a: Landorus|1
|faint|p2a: Landorus
|
|
|switch|p2a: Yassss Bitch Yasss|Latios, M|302\/302
|turn|22
|
|move|p1a: Cloyster|Icicle Spear|p2a: Yassss Bitch Yasss
|-supereffective|p2a: Yassss Bitch Yasss
|-damage|p2a: Yassss Bitch Yasss|116\/302
|-supereffective|p2a: Yassss Bitch Yasss
|-damage|p2a: Yassss Bitch Yasss|0 fnt
|-hitcount|p2a: Yassss Bitch Yasss|2
|faint|p2a: Yassss Bitch Yasss
|
|win|superstrategist
|raw|Ladder updating...
|raw|superstrategist's rating: 1530 &rarr; <strong>1551<\/strong><br \/>(+21 for winning)
|raw|Nedor's rating: 1546 &rarr; <strong>1525<\/strong><br \/>(-21 for losing)
|c|âsuperstrategist|gg
|leave|Nedor
|player|p2