|join|MKSLAYER97
|join|Nedor
|player|p1|MKSLAYER97|288
|player|p2|Nedor|292
|gametype|singles
|gen|6
|tier|OU
|clearpoke
|poke|p1|Diancie
|poke|p1|Magnezone
|poke|p1|Landorus-Therian, M
|poke|p1|Rotom-Wash
|poke|p1|Conkeldurr, M
|poke|p1|Kyurem-Black
|poke|p2|Victini
|poke|p2|Scizor, F
|poke|p2|Latios, M
|poke|p2|Azumarill, F
|poke|p2|Landorus-Therian, M
|poke|p2|Magnezone
|rule|Swagger Clause: Swagger is banned
|rule|Baton Pass Clause: Limit one PokÃ©mon knowing Baton Pass
|rule|Sleep Clause Mod: Limit one foe put to sleep
|rule|Species Clause: Limit one of each PokÃ©mon
|rule|OHKO Clause: OHKO moves are banned
|rule|Moody Clause: Moody is banned
|rule|Evasion Moves Clause: Evasion moves are banned
|rule|Endless Battle Clause: Forcing endless battles is banned
|rule|HP Percentage Mod: HP is shown in percentages
|teampreview
|c|âMKSLAYER97|if you were bringing stall
|c|âMKSLAYER97|then tbh I wouldn't mind
|c|âNedor|scary team
|c|âNedor|kyub scares me
|c|âMKSLAYER97|nah dw
|c|âMKSLAYER97|it's scarf, not lo
|
|start
|switch|p1a: Landorus-Therian|Landorus-Therian, M|380\/380
|switch|p2a: Landorus-Therian|Landorus-Therian, M|381\/381
|-ability|p1a: Landorus-Therian|Intimidate|[of] p2a: Landorus-Therian
|-unboost|p2a: Landorus-Therian|atk|1
|-ability|p2a: Landorus-Therian|Intimidate|[of] p1a: Landorus-Therian
|-unboost|p1a: Landorus-Therian|atk|1
|turn|1
|c|âMKSLAYER97|or is it?
|c|âNedor|,,
|
|move|p2a: Landorus-Therian|Stealth Rock|p1a: Landorus-Therian
|-sidestart|p1: MKSLAYER97|move: Stealth Rock
|move|p1a: Landorus-Therian|Stealth Rock|p2a: Landorus-Therian
|-sidestart|p2: Nedor|move: Stealth Rock
|
|turn|2
|
|move|p2a: Landorus-Therian|Stone Edge|p1a: Landorus-Therian
|-damage|p1a: Landorus-Therian|322\/380
|move|p1a: Landorus-Therian|U-turn|p2a: Landorus-Therian
|-resisted|p2a: Landorus-Therian
|-damage|p2a: Landorus-Therian|361\/381
|
|switch|p1a: Rotom-Wash|Rotom-Wash|304\/304
|-damage|p1a: Rotom-Wash|266\/304|[from] Stealth Rock
|
|-heal|p2a: Landorus-Therian|381\/381|[from] item: Leftovers
|-heal|p1a: Rotom-Wash|285\/304|[from] item: Leftovers
|turn|3
|
|move|p1a: Rotom-Wash|Volt Switch|p2a: Landorus-Therian
|-immune|p2a: Landorus-Therian|[msg]
|move|p2a: Landorus-Therian|U-turn|p1a: Rotom-Wash
|-damage|p1a: Rotom-Wash|251\/304
|c|âNedor|wait
|c|âNedor|ur more than 44 speed
|c|âMKSLAYER97|wait
|c|âMKSLAYER97|so are you
|c|âNedor|i run 221
|c|âMKSLAYER97|I'm at 221 too lol
|c|âNedor|for speed creeping mega venu
|c|âNedor|ROFL
|c|âMKSLAYER97|I'm at 221 with Lando too
|c|âNedor|i speed creep 44 spe rotom, and venu
|c|âNedor|,,
|c|âNedor|welp
|
|switch|p2a: Latios|Latios, M|301\/301
|-damage|p2a: Latios|264\/301|[from] Stealth Rock
|
|-heal|p1a: Rotom-Wash|270\/304|[from] item: Leftovers
|turn|4
|c|âMKSLAYER97|lol
|c|âMKSLAYER97|i just figured
|join|Saucy Raichu
|c|âMKSLAYER97|you were creeping even more
|
|move|p2a: Latios|Psyshock|p1a: Rotom-Wash
|-damage|p1a: Rotom-Wash|128\/304
|-damage|p2a: Latios|234\/301|[from] item: Life Orb
|move|p1a: Rotom-Wash|Will-O-Wisp|p2a: Latios
|-status|p2a: Latios|brn
|
|-heal|p1a: Rotom-Wash|147\/304|[from] item: Leftovers
|-damage|p2a: Latios|197\/301 brn|[from] brn
|turn|5
|c| Saucy Raichu|ayy
Saucy Raichu was promoted to Room Voice by MKSLAYER97.
|c|+Saucy Raichu|that kyub is scarf btw
|c|+Saucy Raichu|~~its life orb~~
|
|switch|p1a: Magnezone|Magnezone|292\/292
|-damage|p1a: Magnezone|274\/292|[from] Stealth Rock
|move|p2a: Latios|Draco Meteor|p1a: Magnezone|[miss]
|-miss|p2a: Latios|p1a: Magnezone
|
|-damage|p2a: Latios|160\/301 brn|[from] brn
|turn|6
|c|âMKSLAYER97|lol
|c|+Saucy Raichu|nice
|c|âMKSLAYER97|ok
|c|+Saucy Raichu|predicted the miss
|c|âMKSLAYER97|now use eq pls
|c|âMKSLAYER97|even though
|c|+Saucy Raichu|nice heatran lure eyhh
|c|âMKSLAYER97|it would only do like 70 I think
|c|+Saucy Raichu|esp. after burn
|
|move|p2a: Latios|Earthquake|p1a: Magnezone
|-supereffective|p1a: Magnezone
|-damage|p1a: Magnezone|92\/292
|-damage|p2a: Latios|130\/301 brn|[from] item: Life Orb
|move|p1a: Magnezone|Flash Cannon|p2a: Latios
|-damage|p2a: Latios|0 fnt
|faint|p2a: Latios
|
|c|+Saucy Raichu|lel
|c|âNedor|0
|c|+Saucy Raichu|u guys are adorable
|c|âMKSLAYER97|did you read
|c|âMKSLAYER97|the speed thing?
|c|+Saucy Raichu|yea
|
|switch|p2a: Magnezone|Magnezone|281\/281
|-damage|p2a: Magnezone|264\/281|[from] Stealth Rock
|turn|7
|c|âNedor|be e belt
|c|âNedor|pls
|c|âMKSLAYER97|gdi how did I not see that coming?
|
|move|p2a: Magnezone|Hidden Power|p1a: Magnezone
|-supereffective|p1a: Magnezone
|-damage|p1a: Magnezone|0 fnt
|faint|p1a: Magnezone
|
|c|+Saucy Raichu|lol
|c|âMKSLAYER97|Huh, Scarf?
|c|âMKSLAYER97|Or Timid?
|c|âNedor|specs
|c|âMKSLAYER97|Or Speed tie?
|c|+Saucy Raichu|spoecs with speed creep
|c|âNedor|im 239 speed
|c|+Saucy Raichu|:^)
|c|âNedor|,,
|
|switch|p1a: Conkeldurr|Conkeldurr, M|351\/351
|-damage|p1a: Conkeldurr|330\/351|[from] Stealth Rock
|turn|8
|
|switch|p2a: Azumarill|Azumarill, F|364\/364
|-damage|p2a: Azumarill|319\/364|[from] Stealth Rock
|move|p1a: Conkeldurr|Knock Off|p2a: Azumarill
|-resisted|p2a: Azumarill
|-damage|p2a: Azumarill|236\/364
|-enditem|p2a: Azumarill|Choice Band|[from] move: Knock Off|[of] p1a: Conkeldurr
|
|turn|9
|
|move|p2a: Azumarill|Play Rough|p1a: Conkeldurr
|-crit|p1a: Conkeldurr
|-supereffective|p1a: Conkeldurr
|-damage|p1a: Conkeldurr|0 fnt
|faint|p1a: Conkeldurr
|
|c|+Saucy Raichu|lmao
|c|âMKSLAYER97|ok so how much speed is azu running then? apparently at least 4
|c|+Saucy Raichu|beat mk up for me
|c|âNedor|i speed creep, speed creepin conks
|
|switch|p1a: Rotom-Wash|Rotom-Wash|147\/304
|-damage|p1a: Rotom-Wash|109\/304|[from] Stealth Rock
|turn|10
|
|move|p1a: Rotom-Wash|Pain Split|p2a: Azumarill
|-sethp|p2a: Azumarill|172\/364|p1a: Rotom-Wash|172\/304|[from] move: Pain Split
|move|p2a: Azumarill|Facade|p1a: Rotom-Wash
|-damage|p1a: Rotom-Wash|100\/304
|
|-heal|p1a: Rotom-Wash|119\/304|[from] item: Leftovers
|turn|11
|c|âNedor|oml ive been waitin all game for this play
|c|âNedor|FUCK
|c|âNedor|rofll
|join|luke317
|c|+Saucy Raichu|LOLLLLLL
|c|âMKSLAYER97|nice
|c|+Saucy Raichu|facade
|
|switch|p2a: Victini|Victini|341\/341
|-damage|p2a: Victini|256\/341|[from] Stealth Rock
|move|p1a: Rotom-Wash|Volt Switch|p2a: Victini
|-damage|p2a: Victini|166\/341
|
|switch|p1a: Landorus-Therian|Landorus-Therian, M|322\/380
|-damage|p1a: Landorus-Therian|275\/380|[from] Stealth Rock
|-ability|p1a: Landorus-Therian|Intimidate|[of] p2a: Victini
|-unboost|p2a: Victini|atk|1
|
|-heal|p1a: Landorus-Therian|298\/380|[from] item: Leftovers
|turn|12
|c|âMKSLAYER97|reveal hp ice victini
|c|âNedor|ew
|c| luke317|glaciate incoming
|c| luke317|gg
|c|âNedor|rofl
|c|âNedor|nah
|c|+Saucy Raichu|lol
|c|âMKSLAYER97|good point
|c| luke317|wait for it....
|
|switch|p1a: Kyurem-Black|Kyurem-Black|391\/391
|-damage|p1a: Kyurem-Black|294\/391|[from] Stealth Rock
|-ability|p1a: Kyurem-Black|Teravolt
|move|p2a: Victini|Glaciate|p1a: Kyurem-Black
|-damage|p1a: Kyurem-Black|213\/391
|-unboost|p1a: Kyurem-Black|spe|1
|
|turn|13
|c| luke317|wait for it...
|c|âNedor|,,
|c|+Saucy Raichu|K
|c| luke317|HA
|c| luke317|HA
|c|+Saucy Raichu|LOL
|c| luke317|HA
|c|âMKSLAYER97|wow speed drop
|c|+Saucy Raichu|100%
|c|+Saucy Raichu|pro af
|c| luke317|lure victini gg
|c| luke317|blue flare incoming gg
|c|âNedor|focsu miss
|c|âNedor|sigh
|c|+Saucy Raichu|does blue flare even kill
|c| luke317|maybe
|c|âNedor|vcreate
|c|âNedor|fren
|c| luke317|probably does
|c|+Saucy Raichu|vreaate does
|c|+Saucy Raichu|blue flare, eh
|
|move|p2a: Victini|Blue Flare|p1a: Kyurem-Black
|-damage|p1a: Kyurem-Black|0 fnt
|faint|p1a: Kyurem-Black
|
|c| luke317|whatever fire stab he uses will kill
|c| luke317|yea
|c|+Saucy Raichu|lel
|
|switch|p1a: Diancie|Diancie|241\/241
|-damage|p1a: Diancie|211\/241|[from] Stealth Rock
|turn|14
|c| luke317|i know lure victini like a book
|c| luke317|xp
|
|detailschange|p1a: Diancie|Diancie-Mega
|-mega|p1a: Diancie|Diancie|Diancite
|move|p2a: Victini|Grass Knot|p1a: Diancie
|-supereffective|p1a: Diancie
|-damage|p1a: Diancie|77\/241
|move|p1a: Diancie|Diamond Storm|p2a: Victini
|-supereffective|p2a: Victini
|-damage|p2a: Victini|0 fnt
|faint|p2a: Victini
|
|c|âNedor|the team was built around it
|c|+Saucy Raichu|lmao
|c|+Saucy Raichu|kill mk
|c| luke317|ah the grass knot, yea for hippowdons and quag
|c|+Saucy Raichu|destroy him
|
|switch|p2a: Azumarill|Azumarill, F|172\/364
|-damage|p2a: Azumarill|127\/364|[from] Stealth Rock
|turn|15
|c| luke317|play rough if real
|c|âNedor|nah
|c| luke317|jk
|c|âNedor|superpower
|c|âNedor|,,,
|c|âNedor|hhealing wish azu
|c|+Saucy Raichu|lol
|c|âNedor|back into latias
|c|âMKSLAYER97|I'll just assume you're predicting Rotom or Lando-T and going for Play Rough\/Waterfall
|
|move|p2a: Azumarill|Aqua Jet|p1a: Diancie
|-crit|p1a: Diancie
|-supereffective|p1a: Diancie
|-damage|p1a: Diancie|0 fnt
|faint|p1a: Diancie
|
|c|âMKSLAYER97|and I'd assume wrong
|c|âNedor|i dont need to predict
|c|+Saucy Raichu|again
|
|switch|p1a: Rotom-Wash|Rotom-Wash|119\/304
|-damage|p1a: Rotom-Wash|81\/304|[from] Stealth Rock
|turn|16
|c|âMKSLAYER97|true
|c|âMKSLAYER97|you're already killing me p hard
|c| luke317|yea rotom-w was low
|
|move|p1a: Rotom-Wash|Volt Switch|p2a: Azumarill
|-supereffective|p2a: Azumarill
|-damage|p2a: Azumarill|0 fnt
|faint|p2a: Azumarill
|c|âNedor|why did u sac conk btw
|c| luke317|had to keep rotom-w as health as possible
|
|switch|p1a: Landorus-Therian|Landorus-Therian, M|298\/380
|-damage|p1a: Landorus-Therian|251\/380|[from] Stealth Rock
|
|-heal|p1a: Landorus-Therian|274\/380|[from] item: Leftovers
|c|âNedor|predicted doble?
|c|âMKSLAYER97|I was hoping
|c| luke317|to win this game
|c|âMKSLAYER97|you'd be min speed
|c|âNedor|164 speed azu
|c|âMKSLAYER97|because I'm running enough speed
|c|âNedor|creeps clef
|c|âMKSLAYER97|for min speed azu
|
|switch|p2a: Scizor|Scizor, F|343\/343
|-damage|p2a: Scizor|301\/343|[from] Stealth Rock
|turn|17
|c| luke317|azu's always run speed
|c|âMKSLAYER97|It needs that much to creep Clef?
|c|âMKSLAYER97|I thought it was just like 84?
|c|âNedor|yes iirc
|c|âMKSLAYER97|OK so that's PROBABLY M-Sciz
|c|âNedor|hmm ill have to check again
|c|âNedor|PROBABLY
|c|âNedor|,,
|
|detailschange|p2a: Scizor|Scizor-Mega, F
|-mega|p2a: Scizor|Scizor|Scizorite
|move|p1a: Landorus-Therian|Earthquake|p2a: Scizor
|-damage|p2a: Scizor|198\/343
|move|p2a: Scizor|Knock Off|p1a: Landorus-Therian
|-damage|p1a: Landorus-Therian|185\/380
|-enditem|p1a: Landorus-Therian|Leftovers|[from] move: Knock Off|[of] p2a: Scizor
|
|turn|18
|c| luke317|nah lefties defog scizor
|c|âMKSLAYER97|lefties defog msciz
|c|âMKSLAYER97|imo
|
|move|p1a: Landorus-Therian|U-turn|p2a: Scizor
|-resisted|p2a: Scizor
|-damage|p2a: Scizor|172\/343
|c|âNedor|predcited
|
|switch|p1a: Rotom-Wash|Rotom-Wash|81\/304
|-damage|p1a: Rotom-Wash|43\/304|[from] Stealth Rock
|move|p2a: Scizor|Roost|p2a: Scizor
|-heal|p2a: Scizor|343\/343
|
|-heal|p1a: Rotom-Wash|62\/304|[from] item: Leftovers
|turn|19
|c|âNedor|sigh
|c|âMKSLAYER97|at least I know rotom will outspeed
|c|+Saucy Raichu|wisp dat shit
|c|âMKSLAYER97|n
|c| luke317|shudve hit up the u-turn bro
|c|âNedor|i shouldve predicted this
|c|âNedor|was too obvi
|c| luke317|^
|c|âMKSLAYER97|kinda was
|
|switch|p2a: Magnezone|Magnezone|264\/281
|-damage|p2a: Magnezone|247\/281|[from] Stealth Rock
|move|p1a: Rotom-Wash|Pain Split|p2a: Magnezone
|-sethp|p2a: Magnezone|154\/281|p1a: Rotom-Wash|154\/304|[from] move: Pain Split
|
|-heal|p1a: Rotom-Wash|173\/304|[from] item: Leftovers
|turn|20
|c| luke317|tbh thought u wud u-turn into lando-t
|c|âMKSLAYER97|but c'est la vie
|leave|Saucy Raichu
|c|âMKSLAYER97|mag wins now
|c|âMKSLAYER97|I think
|c|âMKSLAYER97|actually
|c| luke317|cuz even if he stayed in with his lando-t, u had ur own lando-t
|c|âMKSLAYER97|50\/50 Volt\/Flash Cannon?
|c|âNedor|i have no reason to not volt
|c|âNedor|rofl
|
|switch|p1a: Landorus-Therian|Landorus-Therian, M|185\/380
|-damage|p1a: Landorus-Therian|138\/380|[from] Stealth Rock
|-ability|p1a: Landorus-Therian|Intimidate|[of] p2a: Magnezone
|-unboost|p2a: Magnezone|atk|1
|move|p2a: Magnezone|Flash Cannon|p1a: Landorus-Therian
|-damage|p1a: Landorus-Therian|0 fnt
|faint|p1a: Landorus-Therian
|
|
|switch|p1a: Rotom-Wash|Rotom-Wash|173\/304
|-damage|p1a: Rotom-Wash|135\/304|[from] Stealth Rock
|turn|21
|c|âNedor|but i dont
|c|âNedor|;[
|c|âNedor|i can lose to this
|
|switch|p2a: Landorus-Therian|Landorus-Therian, M|381\/381
|-damage|p2a: Landorus-Therian|334\/381|[from] Stealth Rock
|-ability|p2a: Landorus-Therian|Intimidate|[of] p1a: Rotom-Wash
|-unboost|p1a: Rotom-Wash|atk|1
|move|p1a: Rotom-Wash|Pain Split|p2a: Landorus-Therian
|-sethp|p2a: Landorus-Therian|234\/381|p1a: Rotom-Wash|234\/304|[from] move: Pain Split
|
|-heal|p1a: Rotom-Wash|253\/304|[from] item: Leftovers
|-heal|p2a: Landorus-Therian|257\/381|[from] item: Leftovers
|turn|22
|c|âMKSLAYER97|I hope so
|c|âMKSLAYER97|well, here comes the speed tie
|
|move|p2a: Landorus-Therian|Stone Edge|p1a: Rotom-Wash
|-damage|p1a: Rotom-Wash|177\/304
|move|p1a: Rotom-Wash|Hydro Pump|p2a: Landorus-Therian
|-supereffective|p2a: Landorus-Therian
|-damage|p2a: Landorus-Therian|0 fnt
|faint|p2a: Landorus-Therian
|
|-heal|p1a: Rotom-Wash|196\/304|[from] item: Leftovers
|
|switch|p2a: Scizor|Scizor-Mega, F|343\/343
|-damage|p2a: Scizor|301\/343|[from] Stealth Rock
|turn|23
|c|âMKSLAYER97|I think tbolt kills
|c|âNedor|im scarf
|c|âMKSLAYER97|o
|c| luke317|hmm
|c|âNedor|i need a better way to deal w rotom
|
|move|p1a: Rotom-Wash|Pain Split|p2a: Scizor
|-sethp|p2a: Scizor|248\/343|p1a: Rotom-Wash|248\/304|[from] move: Pain Split
|move|p2a: Scizor|Knock Off|p1a: Rotom-Wash
|-damage|p1a: Rotom-Wash|168\/304
|-enditem|p1a: Rotom-Wash|Leftovers|[from] move: Knock Off|[of] p2a: Scizor
|
|turn|24
|c| luke317|hp grass>grass knot maybe
|
|move|p1a: Rotom-Wash|Will-O-Wisp|p2a: Scizor
|-status|p2a: Scizor|brn
|move|p2a: Scizor|Swords Dance|p2a: Scizor
|-boost|p2a: Scizor|atk|2
|
|-damage|p2a: Scizor|206\/343 brn|[from] brn
|turn|25
|c| luke317|on victini
|
|move|p1a: Rotom-Wash|Hydro Pump|p2a: Scizor
|-damage|p2a: Scizor|82\/343 brn
|move|p2a: Scizor|Knock Off|p1a: Rotom-Wash
|-damage|p1a: Rotom-Wash|107\/304
|
|-damage|p2a: Scizor|40\/343 brn|[from] brn
|turn|26
|c|âNedor|gg?
|c|âNedor|i think
|
|move|p1a: Rotom-Wash|Hydro Pump|p2a: Scizor|[miss]
|-miss|p1a: Rotom-Wash|p2a: Scizor
|move|p2a: Scizor|Knock Off|p1a: Rotom-Wash
|-damage|p1a: Rotom-Wash|50\/304
|
|-damage|p2a: Scizor|0 fnt|[from] brn
|faint|p2a: Scizor
|c|âMKSLAYER97|gg
|c|âMKSLAYER97|odam
|c|âMKSLAYER97|even better
|
|switch|p2a: Magnezone|Magnezone|154\/281
|-damage|p2a: Magnezone|137\/281|[from] Stealth Rock
|turn|27
|c| luke317|reveal scarf rotom-w
|c| luke317|gg
|c|âNedor|hp grass could work
|
|move|p2a: Magnezone|Thunderbolt|p1a: Rotom-Wash
|-damage|p1a: Rotom-Wash|0 fnt
|faint|p1a: Rotom-Wash
|
|win|Nedor
|c|âMKSLAYER97|HP Grass what? Victini?
|leave|luke317
|c|âNedor|yeah
|c|âNedor|i need a better way to deal with rotom
|c|âMKSLAYER97|usually Latios works
|c|âMKSLAYER97|with DMeteor
|c|âNedor|other than latios
|c|âMKSLAYER97|it just doesn't work when dead
|c|âNedor|rotom is paired with ferro so Its hard to deal with
|c|âNedor|i predict that though, and double to zone
|c|âNedor|like a god
|c|âNedor|ahh gg though
|leave|Nedor
|player|p2