|join|Nedor
|join|lol alts are weird
|player|p1|Nedor|52
|player|p2|lol alts are weird|34
|gametype|singles
|gen|6
|tier|OU
|clearpoke
|poke|p1|Swampert, F
|poke|p1|Gothitelle, M
|poke|p1|Landorus-Therian, M
|poke|p1|Latios, M
|poke|p1|Cobalion
|poke|p1|Rotom-Wash
|poke|p2|Scizor, F
|poke|p2|Latias, F
|poke|p2|Garchomp, M
|poke|p2|Talonflame, M
|poke|p2|Keldeo-Resolute
|poke|p2|Toxicroak, M
|rule|Swagger Clause: Swagger is banned
|rule|Baton Pass Clause: Limit one PokÃ©mon knowing Baton Pass
|rule|Sleep Clause Mod: Limit one foe put to sleep
|rule|Species Clause: Limit one of each PokÃ©mon
|rule|OHKO Clause: OHKO moves are banned
|rule|Moody Clause: Moody is banned
|rule|Evasion Moves Clause: Evasion moves are banned
|rule|Endless Battle Clause: Forcing endless battles is banned
|rule|HP Percentage Mod: HP is shown in percentages
|teampreview
|c|âlol alts are weird|idc if
|c|âlol alts are weird|im raped
|c|âlol alts are weird|by birds
|c|âlol alts are weird|i have
|c|âlol alts are weird|a fucking
|c|âlol alts are weird|toxicroak fren
|c|âlol alts are weird|and it has sub
|c|âlol alts are weird|,,,,,,,,,,,,,
|c|âNedor|I NEED BURD
|
|start
|switch|p1a: Rotom-Wash|Rotom-Wash|303\/303
|switch|p2a: Latias|Latias, F|322\/322
|turn|1
|c|âNedor|LIKE MY SWITCH INS?
|c|âNedor|CUZ I DO
|
|switch|p1a: Cobalion|Cobalion|386\/386
|move|p2a: Latias|Draco Meteor|p1a: Cobalion
|-resisted|p1a: Cobalion
|-damage|p1a: Cobalion|231\/386
|-unboost|p2a: Latias|spa|2
|-damage|p2a: Latias|290\/322|[from] item: Life Orb
|
|-heal|p1a: Cobalion|255\/386|[from] item: Leftovers
|turn|2
|c|âlol alts are weird|wow
|c|âlol alts are weird|im walled
|c|âNedor|HAVE E
|c|âNedor|Q
|c|âNedor|LIKE A LORD
|
|switch|p2a: Garchomp|Garchomp, M|357\/357
|move|p1a: Cobalion|Stealth Rock|p2a: Garchomp
|-sidestart|p2: lol alts are weird|move: Stealth Rock
|
|-heal|p1a: Cobalion|279\/386|[from] item: Leftovers
|turn|3
|c|âlol alts are weird|dont tell em
|c|âlol alts are weird|;)
|c|âlol alts are weird|its a secret
|
|switch|p1a: Rotom-Wash|Rotom-Wash|303\/303
|move|p2a: Garchomp|Stealth Rock|p1a: Rotom-Wash
|-sidestart|p1: Nedor|move: Stealth Rock
|
|turn|4
|c|âlol alts are weird|i actually have
|c|âlol alts are weird|hp ice
|c|âlol alts are weird|,,
|
|move|p2a: Garchomp|Swords Dance|p2a: Garchomp
|-boost|p2a: Garchomp|atk|2
|move|p1a: Rotom-Wash|Will-O-Wisp|p2a: Garchomp
|-status|p2a: Garchomp|brn
|
|-damage|p2a: Garchomp|313\/357 brn|[from] brn
|turn|5
|c|âNedor|K NO LUM
|c|âNedor|TY
|c|âlol alts are weird|im redy
|
|move|p2a: Garchomp|Swords Dance|p2a: Garchomp
|-boost|p2a: Garchomp|atk|2
|move|p1a: Rotom-Wash|Hydro Pump|p2a: Garchomp
|-damage|p2a: Garchomp|165\/357 brn
|
|-damage|p2a: Garchomp|121\/357 brn|[from] brn
|turn|6
|c|âlol alts are weird|rose
|c|âlol alts are weird|garden
|c|âlol alts are weird|filled with
|c|âlol alts are weird|taylor swift songs
|c|âNedor|ayy ,,,,,,,,,,
|c|âlol alts are weird|,,,
|
|switch|p1a: Cobalion|Cobalion|279\/386
|-damage|p1a: Cobalion|267\/386|[from] Stealth Rock
|move|p2a: Garchomp|Dragon Claw|p1a: Cobalion
|-crit|p1a: Cobalion
|-resisted|p1a: Cobalion
|-damage|p1a: Cobalion|144\/386
|
|-heal|p1a: Cobalion|168\/386|[from] item: Leftovers
|-damage|p2a: Garchomp|77\/357 brn|[from] brn
|turn|7
|c|âNedor|critical hits
|c|âlol alts are weird|go ahead and get predicted
|
|move|p2a: Garchomp|Dragon Claw|p1a: Cobalion
|-resisted|p1a: Cobalion
|-damage|p1a: Cobalion|81\/386
|move|p1a: Cobalion|Iron Head|p2a: Garchomp
|-damage|p2a: Garchomp|0 fnt
|-damage|p1a: Cobalion|33\/386|[from] ability: Rough Skin|[of] p2a: Garchomp
|-damage|p1a: Cobalion|0 fnt|[from] item: Rocky Helmet|[of] p2a: Garchomp
|faint|p1a: Cobalion
|faint|p2a: Garchomp
|
|c|âNedor|ez
|c|âlol alts are weird|destroyed
|c|âNedor|sac this u piece of shit
|
|switch|p1a: Landorus-Therian|Landorus-Therian, M|319\/319
|switch|p2a: Toxicroak|Toxicroak, M|307\/307
|-damage|p1a: Landorus-Therian|280\/319|[from] Stealth Rock
|-ability|p1a: Landorus-Therian|Intimidate|[of] p2a: Toxicroak
|-unboost|p2a: Toxicroak|atk|1
|-damage|p2a: Toxicroak|288\/307|[from] Stealth Rock
|turn|8
|c|âlol alts are weird|>eq
|
|move|p1a: Landorus-Therian|Earthquake|p2a: Toxicroak
|-supereffective|p2a: Toxicroak
|-damage|p2a: Toxicroak|0 fnt
|faint|p2a: Toxicroak
|
|c|âlol alts are weird|];
|c|âNedor|i listened to u
|c|âNedor|to told me
|c|âNedor|i did et
|c|âNedor|:(
|c|âlol alts are weird|well
|c|âlol alts are weird|how am i gonna
|c|âlol alts are weird|use
|
|switch|p2a: Latias|Latias, F|290\/322
|-damage|p2a: Latias|250\/322|[from] Stealth Rock
|turn|9
|c|âlol alts are weird|croak now
|c|âlol alts are weird|';;;;;
|c|âNedor|watch how much this does
|
|switch|p1a: Swampert|Swampert, F|403\/403
|-damage|p1a: Swampert|378\/403|[from] Stealth Rock
|move|p2a: Latias|Defog|p1a: Swampert
|-unboost|p1a: Swampert|evasion|1
|-sideend|p1: Nedor|Stealth Rock|[from] move: Defog|[of] p1a: Swampert
|-sideend|p2: lol alts are weird|Stealth Rock|[from] move: Defog|[of] p2a: Latias
|
|turn|10
|c|âNedor|0
|c|âNedor|:(
|c|âlol alts are weird|d
|c|âlol alts are weird|r
|c|âlol alts are weird|a
|c|âlol alts are weird|c
|c|âlol alts are weird|o
|c|âlol alts are weird|!dt metoer
No Pokemon, item, move, ability or nature named 'metoer' was found. (Check your spelling?)
|
|detailschange|p1a: Swampert|Swampert-Mega, F
|-mega|p1a: Swampert|Swampert|Swampertite
|move|p2a: Latias|Draco Meteor|p1a: Swampert
|-damage|p1a: Swampert|214\/403
|-unboost|p2a: Latias|spa|2
|-damage|p2a: Latias|218\/322|[from] item: Life Orb
|move|p1a: Swampert|Curse|p1a: Swampert
|-boost|p1a: Swampert|atk|1
|-boost|p1a: Swampert|def|1
|-unboost|p1a: Swampert|spe|1
|
|turn|11
|c|âlol alts are weird|!dt meteor
No Pokemon, item, move, ability or nature named 'meteor' was found. (Check your spelling?)
|c|âNedor|damage where?
|c|âlol alts are weird|no
|c|âlol alts are weird|dont
|c|âlol alts are weird|do this
|
|switch|p2a: Keldeo-Resolute|Keldeo-Resolute|323\/323
|move|p1a: Swampert|Rest|p1a: Swampert
|-status|p1a: Swampert|slp
|-heal|p1a: Swampert|403\/403 slp|[silent]
|-status|p1a: Swampert|slp|[from] move: Rest
|
|turn|12
|c|âNedor|the late game sweeper is here
|c|âlol alts are weird|nigga stop
|c|âlol alts are weird|]:
|
|switch|p1a: Gothitelle|Gothitelle, M|301\/301
|move|p2a: Keldeo-Resolute|Substitute|p2a: Keldeo-Resolute
|-start|p2a: Keldeo-Resolute|Substitute
|-damage|p2a: Keldeo-Resolute|243\/323
|
|-heal|p2a: Keldeo-Resolute|263\/323|[from] item: Leftovers
|turn|13
|c|âlol alts are weird|burn
|
|move|p1a: Gothitelle|Psyshock|p2a: Keldeo-Resolute
|-supereffective|p2a: Keldeo-Resolute
|-end|p2a: Keldeo-Resolute|Substitute
|move|p2a: Keldeo-Resolute|Scald|p1a: Gothitelle
|-damage|p1a: Gothitelle|168\/301
|-status|p1a: Gothitelle|brn
|
|-heal|p2a: Keldeo-Resolute|283\/323|[from] item: Leftovers
|-damage|p1a: Gothitelle|131\/301 brn|[from] brn
|turn|14
|c|âlol alts are weird|ez
|c|âNedor|:T
|
|move|p1a: Gothitelle|Psyshock|p2a: Keldeo-Resolute
|-supereffective|p2a: Keldeo-Resolute
|-damage|p2a: Keldeo-Resolute|43\/323
|move|p2a: Keldeo-Resolute|Scald|p1a: Gothitelle
|-damage|p1a: Gothitelle|5\/301 brn
|
|-heal|p2a: Keldeo-Resolute|63\/323|[from] item: Leftovers
|-damage|p1a: Gothitelle|0 fnt|[from] brn
|faint|p1a: Gothitelle
|c|âlol alts are weird|,,
|c|âlol alts are weird|and i live
|c|âlol alts are weird|to see
|c|âlol alts are weird|another day
|
|switch|p1a: Landorus-Therian|Landorus-Therian, M|280\/319
|-ability|p1a: Landorus-Therian|Intimidate|[of] p2a: Keldeo-Resolute
|-unboost|p2a: Keldeo-Resolute|atk|1
|turn|15
|c|âNedor|explosion
|c|âNedor|rh
|c|âlol alts are weird|nice u turn
|c|âNedor|ez pz lemon squeezy
|
|move|p1a: Landorus-Therian|Knock Off|p2a: Keldeo-Resolute
|-resisted|p2a: Keldeo-Resolute
|-damage|p2a: Keldeo-Resolute|0 fnt
|-enditem|p2a: Keldeo-Resolute|Leftovers|[from] move: Knock Off|[of] p1a: Landorus-Therian
|faint|p2a: Keldeo-Resolute
|
|c|âlol alts are weird|im one of those guys who
|c|âlol alts are weird|sacks wincons
|
|switch|p2a: Scizor|Scizor, F|281\/281
|turn|16
|c|âlol alts are weird|;)
|c|âNedor|me 2 man
|c|âNedor|me 2
|c|âNedor|:[
|c|âlol alts are weird|:)
|
|switch|p1a: Rotom-Wash|Rotom-Wash|303\/303
|detailschange|p2a: Scizor|Scizor-Mega, F
|-mega|p2a: Scizor|Scizor|Scizorite
|move|p2a: Scizor|Swords Dance|p2a: Scizor
|-boost|p2a: Scizor|atk|2
|
|turn|17
|c|âlol alts are weird|>volt switch
|c|âNedor|will o wisp
|
|move|p2a: Scizor|Bug Bite|p1a: Rotom-Wash
|-damage|p1a: Rotom-Wash|24\/303
|move|p1a: Rotom-Wash|Will-O-Wisp|p2a: Scizor
|-status|p2a: Scizor|brn
|
|-heal|p1a: Rotom-Wash|42\/303|[from] item: Leftovers
|-damage|p2a: Scizor|246\/281 brn|[from] brn
|turn|18
|c|âlol alts are weird|g
|c|âlol alts are weird|a
|c|âlol alts are weird|nedor
|c|âlol alts are weird|stop being a
|
|move|p2a: Scizor|Bug Bite|p1a: Rotom-Wash
|-crit|p1a: Rotom-Wash
|-damage|p1a: Rotom-Wash|0 fnt
|faint|p1a: Rotom-Wash
|
|-damage|p2a: Scizor|211\/281 brn|[from] brn
|c|âlol alts are weird|,,,
|c|âlol alts are weird|potato
|c|âNedor|ok
|c|âNedor|ill be a tomato
|c|âlol alts are weird|wow
|c|âlol alts are weird|ill be a
|c|âlol alts are weird|person
|
|switch|p1a: Landorus-Therian|Landorus-Therian, M|280\/319
|-ability|p1a: Landorus-Therian|Intimidate|[of] p2a: Scizor
|-unboost|p2a: Scizor|atk|1
|turn|19
|c|âlol alts are weird|;]
|
|switch|p2a: Talonflame|Talonflame, M|297\/297
|move|p1a: Landorus-Therian|Earthquake|p2a: Talonflame
|-immune|p2a: Talonflame|[msg]
|
|turn|20
|c|âlol alts are weird|go ahead and get predicted
|
|switch|p1a: Latios|Latios, M|301\/301
|move|p2a: Talonflame|Swords Dance|p2a: Talonflame
|-boost|p2a: Talonflame|atk|2
|
|turn|21
|c|âlol alts are weird|im adamant
|c|âlol alts are weird|;)
|
|move|p2a: Talonflame|Brave Bird|p1a: Latios
|-damage|p1a: Latios|0 fnt
|-damage|p2a: Talonflame|198\/297|[from] recoil|[of] p1a: Latios
|faint|p1a: Latios
|
|c|âlol alts are weird|jk
|
|switch|p1a: Landorus-Therian|Landorus-Therian, M|280\/319
|-ability|p1a: Landorus-Therian|Intimidate|[of] p2a: Talonflame
|-unboost|p2a: Talonflame|atk|1
|turn|22
|c|âNedor|ill miss w\/e
|
|move|p2a: Talonflame|Brave Bird|p1a: Landorus-Therian
|-damage|p1a: Landorus-Therian|0 fnt
|-damage|p2a: Talonflame|106\/297|[from] recoil|[of] p1a: Landorus-Therian
|faint|p1a: Landorus-Therian
|
|c|âNedor|oh
|c|âNedor|that works too
|c|âlol alts are weird|im actually
|c|âlol alts are weird|jolly
|
|switch|p1a: Swampert|Swampert-Mega, F|403\/403 slp
|turn|23
|c|âNedor|okay just gotta live
|c|âlol alts are weird|+1 252 Atk Sharp Beak Talonflame Brave Bird vs. 0 HP \/ 0 Def Landorus-T: 280-330 (87.7 - 103.4%)
|c|âNedor|24 def
|c|âNedor|;[
|
|move|p2a: Talonflame|Brave Bird|p1a: Swampert
|-damage|p1a: Swampert|145\/403 slp
|-damage|p2a: Talonflame|21\/297|[from] recoil|[of] p1a: Swampert
|cant|p1a: Swampert|slp
|move|p1a: Swampert|Sleep Talk|p1a: Swampert
|move|p1a: Swampert|Curse|p1a: Swampert|[from]Sleep Talk
|-boost|p1a: Swampert|atk|1
|-boost|p1a: Swampert|def|1
|-unboost|p1a: Swampert|spe|1
|
|turn|24
|c|âNedor|0
|c|âNedor|wow
|c|âNedor|haxor
|c|âlol alts are weird|+1 252 Atk Sharp Beak Talonflame Brave Bird vs. 24 HP \/ 0 Def Landorus-T: 280-330 (86.1 - 101.5%)
|c|âlol alts are weird|gone
|c|âNedor|24 DEFENSE
|c|âNedor|:(
|c|âlol alts are weird|oh
|
|move|p2a: Talonflame|Roost|p2a: Talonflame
|-heal|p2a: Talonflame|170\/297
|cant|p1a: Swampert|slp
|move|p1a: Swampert|Sleep Talk|p1a: Swampert
|move|p1a: Swampert|Waterfall|p2a: Talonflame|[from]Sleep Talk
|-supereffective|p2a: Talonflame
|-damage|p2a: Talonflame|0 fnt
|faint|p2a: Talonflame
|
|c|âNedor|MISS DRACO
|c|âlol alts are weird|+1 252 Atk Sharp Beak Talonflame Brave Bird vs. 0 HP \/ 24 Def Landorus-T: 273-322 (85.5 - 100.9%)
|c|âlol alts are weird|still gone
|c|âNedor|i had a chance
|c|âNedor|to live
|c|âNedor|:(
|
|switch|p2a: Latias|Latias, F|218\/322
|turn|25
|c|âlol alts are weird|like
|c|âlol alts are weird|6%
|c|âlol alts are weird|._.
|c|âNedor|miss
|c|âNedor|right here
|
|move|p2a: Latias|Healing Wish|p2a: Latias
|faint|p2a: Latias
|-curestatus|p1a: Swampert|slp
|move|p1a: Swampert|Rest|p1a: Swampert
|-status|p1a: Swampert|slp
|-heal|p1a: Swampert|403\/403 slp|[silent]
|-status|p1a: Swampert|slp|[from] move: Rest
|
|c|âlol alts are weird|im givin u a chance
|c|âlol alts are weird|so i roosted
|c|âlol alts are weird|and didnt
|c|âlol alts are weird|draco
|c|âlol alts are weird|:]
|c|âlol alts are weird|set up war fren
|
|switch|p2a: Scizor|Scizor-Mega, F|211\/281 brn
|-heal|p2a: Scizor|281\/281|[from] move: Healing Wish
|turn|26
|c|âNedor|bug bite does 0 :]
|c|âNedor|jk
|c|âNedor|it does too much
|
|move|p2a: Scizor|Swords Dance|p2a: Scizor
|-boost|p2a: Scizor|atk|2
|cant|p1a: Swampert|slp
|
|turn|27
|c|âlol alts are weird|which is the
|c|âlol alts are weird|best mega
|c|âNedor|WAIT
|c|âlol alts are weird|did
|c|âlol alts are weird|u
|c|âNedor|I CLICKED IT
|c|âlol alts are weird|not click
|c|âNedor|NO
|c|âlol alts are weird|sleep
|c|âlol alts are weird|LOL
|c|âNedor|I DID
|c|âlol alts are weird|OK
|c|âlol alts are weird|ILL
|c|âlol alts are weird|ROOST
|c|âlol alts are weird|oh
|c|âlol alts are weird|i dont
|c|âlol alts are weird|have roost
|c|âlol alts are weird|well sd spam
|c|âNedor|:[
|c|âNedor|;
|c|âNedor|;
|c|âNedor|;
|c|âNedor|'
|c|âNedor|;
|c|âNedor|;
|c|âNedor|;
|c|âlol alts are weird|;
|c|âNedor|;;
|c|âlol alts are weird|'
|c|âNedor|;
|c|âlol alts are weird|;'
|c|âNedor|;
|
|move|p2a: Scizor|Swords Dance|p2a: Scizor
|-boost|p2a: Scizor|atk|2
|cant|p1a: Swampert|slp
|move|p1a: Swampert|Sleep Talk|p1a: Swampert
|move|p1a: Swampert|Waterfall|p2a: Scizor|[from]Sleep Talk
|-damage|p2a: Scizor|122\/281
|
|turn|28
|c|âNedor|;
|c|âlol alts are weird|;;;
|c|âNedor|;
|c|âNedor|;
|c|âNedor|;
|c|âNedor|;
|c|âNedor|;
|c|âNedor|;
|c|âNedor|;
|c|âNedor|;
|c|âlol alts are weird|hol
|c|âlol alts are weird|'e
|c|âNedor|if i live
|c|âNedor|i win
|c|âNedor|:[
|c|âlol alts are weird|OK
|c|âlol alts are weird|I MUST
|c|âlol alts are weird|CRIT
|
|move|p2a: Scizor|Bug Bite|p1a: Swampert
|-damage|p1a: Swampert|42\/403 slp
|-curestatus|p1a: Swampert|slp
|move|p1a: Swampert|Waterfall|p2a: Scizor
|-damage|p2a: Scizor|0 fnt
|faint|p2a: Scizor
|
|win|Nedor
|c|âNedor|ez
|c|âlol alts are weird|]pja
|c|âlol alts are weird|jdsklaop
|c|âlol alts are weird|gg
|c|âNedor|ima use
|c|âNedor|iron defense
|c|âNedor|mega bro
|c|âNedor|cuz why not
|c|âNedor|:]
|c|âlol alts are weird|nedor
|c|âlol alts are weird|play me
|c|âlol alts are weird|again
|c|âNedor|kay
|leave|Nedor