|join|luke317
|join|nedor
|player|p1|luke317|249
|player|p2|nedor|52
|gametype|singles
|gen|6
|tier|OU
|clearpoke
|poke|p1|Aerodactyl, M
|poke|p1|Excadrill, M, shiny
|poke|p1|Keldeo-Resolute
|poke|p1|Celebi
|poke|p1|Thundurus-Therian, M
|poke|p1|Hippowdon, F
|poke|p2|Keldeo-Resolute
|poke|p2|Heatran, F
|poke|p2|Celebi
|poke|p2|Metagross
|poke|p2|Rotom-Wash
|poke|p2|Latios, M
|rule|Swagger Clause: Swagger is banned
|rule|Baton Pass Clause: Limit one PokÃ©mon knowing Baton Pass
|rule|Sleep Clause Mod: Limit one foe put to sleep
|rule|Species Clause: Limit one of each PokÃ©mon
|rule|OHKO Clause: OHKO moves are banned
|rule|Moody Clause: Moody is banned
|rule|Evasion Moves Clause: Evasion moves are banned
|rule|Endless Battle Clause: Forcing endless battles is banned
|rule|HP Percentage Mod: HP is shown in percentages
|teampreview
|join|Mystialized
|c|ânedor|isnt this am's team?
|join|Phlipadelphia
|c|âluke317|no
|c|âluke317|this team has no latios answer
|c|âluke317|uggh
|c| Phlipadelphia|who needs latios answer
|
|start
|switch|p1a: Thundurus-Therian|Thundurus-Therian, M|299\/299
|switch|p2a: Rotom-Wash|Rotom-Wash|303\/303
|turn|1
|
|switch|p2a: Celebi|Celebi|403\/403
|move|p1a: Thundurus-Therian|Volt Switch|p2a: Celebi
|-resisted|p2a: Celebi
|-damage|p2a: Celebi|358\/403
|
|switch|p1a: Aerodactyl|Aerodactyl, M|331\/331
|-ability|p1a: Aerodactyl|Pressure
|
|-heal|p2a: Celebi|383\/403|[from] item: Leftovers
|turn|2
|join|MrAldoPls
|
|switch|p2a: Rotom-Wash|Rotom-Wash|303\/303
|detailschange|p1a: Aerodactyl|Aerodactyl-Mega, M
|-mega|p1a: Aerodactyl|Aerodactyl|Aerodactylite
|move|p1a: Aerodactyl|Stone Edge|p2a: Rotom-Wash
|-damage|p2a: Rotom-Wash|176\/303
|
|-heal|p2a: Rotom-Wash|194\/303|[from] item: Leftovers
|turn|3
|c| MrAldoPls|thats why you use pursuit mega aero
|c|âluke317|mmm
|c|âluke317|maybe
|c|âluke317|thats not a bad idea tbh
|c|âluke317|celebi causes this team issue
|
|switch|p1a: Hippowdon|Hippowdon, F|419\/419
|-weather|Sandstorm
|move|p2a: Rotom-Wash|Volt Switch|p1a: Hippowdon
|-immune|p1a: Hippowdon|[msg]
|
|-weather|Sandstorm|[upkeep]
|-damage|p2a: Rotom-Wash|176\/303|[from] sandstorm
|-heal|p2a: Rotom-Wash|194\/303|[from] item: Leftovers
|turn|4
|c| Phlipadelphia|ur that guy
|c| Phlipadelphia|who does that
|c|ânedor|^
|c| Phlipadelphia|why
|c|ânedor|dont be that guy
|c|ânedor|;c
|c|âluke317|volt switch was so obvious
|c|âluke317|lol
|c| Phlipadelphia|will-o was risky
|
|switch|p1a: Celebi|Celebi|404\/404
|move|p2a: Rotom-Wash|Will-O-Wisp|p1a: Celebi
|-status|p1a: Celebi|brn
|
|-weather|Sandstorm|[upkeep]
|-damage|p1a: Celebi|379\/404 brn|[from] sandstorm
|-damage|p2a: Rotom-Wash|176\/303|[from] sandstorm
|-heal|p1a: Celebi|404\/404 brn|[from] item: Leftovers
|-heal|p2a: Rotom-Wash|194\/303|[from] item: Leftovers
|-damage|p1a: Celebi|354\/404 brn|[from] brn
|turn|5
|c| Phlipadelphia|nooo
|c| Phlipadelphia|volt again obv
|
|move|p1a: Celebi|Nasty Plot|p1a: Celebi
|-boost|p1a: Celebi|spa|2
|move|p2a: Rotom-Wash|Will-O-Wisp|p1a: Celebi
|-fail|p1a: Celebi|brn
|
|-weather|Sandstorm|[upkeep]
|-damage|p1a: Celebi|329\/404 brn|[from] sandstorm
|-damage|p2a: Rotom-Wash|176\/303|[from] sandstorm
|-heal|p1a: Celebi|354\/404 brn|[from] item: Leftovers
|-heal|p2a: Rotom-Wash|194\/303|[from] item: Leftovers
|-damage|p1a: Celebi|304\/404 brn|[from] brn
|turn|6
|c|ânedor|ok.
|c| Phlipadelphia|wat
|c| Phlipadelphia|why did u willo
|c|ânedor|predicted baton pas
|c| Phlipadelphia|do u know his team?
|c|ânedor|yeah
|
|switch|p2a: Heatran|Heatran, F|385\/385
|move|p1a: Celebi|Giga Drain|p2a: Heatran
|-resisted|p2a: Heatran
|-damage|p2a: Heatran|356\/385
|-heal|p1a: Celebi|319\/404 brn|[from] drain|[of] p2a: Heatran
|
|-weather|Sandstorm|[upkeep]
|-damage|p1a: Celebi|294\/404 brn|[from] sandstorm
|-heal|p1a: Celebi|319\/404 brn|[from] item: Leftovers
|-heal|p2a: Heatran|380\/385|[from] item: Leftovers
|-damage|p1a: Celebi|269\/404 brn|[from] brn
|turn|7
|c|ânedor|ive seen it
|c| Phlipadelphia|o because i was gonna say
|c| Phlipadelphia|possible sub
|
|move|p1a: Celebi|Baton Pass|p1a: Celebi
|
|switch|p1a: Keldeo-Resolute|Keldeo-Resolute|323\/323
|move|p2a: Heatran|Stealth Rock|p1a: Keldeo-Resolute
|-sidestart|p1: luke317|move: Stealth Rock
|
|-weather|Sandstorm|[upkeep]
|-damage|p1a: Keldeo-Resolute|303\/323|[from] sandstorm
|-heal|p1a: Keldeo-Resolute|323\/323|[from] item: Leftovers
|-heal|p2a: Heatran|385\/385|[from] item: Leftovers
|turn|8
|c| MrAldoPls|oh oh
|c|ânedor|its inside
|
|switch|p2a: Celebi|Celebi|383\/403
|move|p1a: Keldeo-Resolute|Scald|p2a: Celebi
|-resisted|p2a: Celebi
|-damage|p2a: Celebi|285\/403
|
|-weather|Sandstorm|[upkeep]
|-damage|p1a: Keldeo-Resolute|303\/323|[from] sandstorm
|-damage|p2a: Celebi|260\/403|[from] sandstorm
|-heal|p1a: Keldeo-Resolute|323\/323|[from] item: Leftovers
|-heal|p2a: Celebi|285\/403|[from] item: Leftovers
|turn|9
|c|ânedor|damage
|c|ânedor|where
|
|move|p1a: Keldeo-Resolute|Secret Sword|p2a: Celebi
|-crit|p2a: Celebi
|-resisted|p2a: Celebi
|-damage|p2a: Celebi|70\/403
|move|p2a: Celebi|Giga Drain|p1a: Keldeo-Resolute
|-supereffective|p1a: Keldeo-Resolute
|-damage|p1a: Keldeo-Resolute|123\/323
|-heal|p2a: Celebi|170\/403|[from] drain|[of] p1a: Keldeo-Resolute
|
|-weather|Sandstorm|[upkeep]
|-damage|p1a: Keldeo-Resolute|103\/323|[from] sandstorm
|-damage|p2a: Celebi|145\/403|[from] sandstorm
|-heal|p1a: Keldeo-Resolute|123\/323|[from] item: Leftovers
|-heal|p2a: Celebi|170\/403|[from] item: Leftovers
|turn|10
|c|ânedor|fuck this game
|c|ânedor|:[
|c|ânedor|jk ily ps
|
|move|p1a: Keldeo-Resolute|Secret Sword|p2a: Celebi
|-resisted|p2a: Celebi
|-damage|p2a: Celebi|19\/403
|move|p2a: Celebi|Recover|p2a: Celebi
|-heal|p2a: Celebi|221\/403
|
|-weather|none
|-heal|p1a: Keldeo-Resolute|143\/323|[from] item: Leftovers
|-heal|p2a: Celebi|246\/403|[from] item: Leftovers
|turn|11
|
|move|p1a: Keldeo-Resolute|Calm Mind|p1a: Keldeo-Resolute
|-boost|p1a: Keldeo-Resolute|spa|1
|-boost|p1a: Keldeo-Resolute|spd|1
|move|p2a: Celebi|Giga Drain|p1a: Keldeo-Resolute
|-supereffective|p1a: Keldeo-Resolute
|-damage|p1a: Keldeo-Resolute|23\/323
|-heal|p2a: Celebi|306\/403|[from] drain|[of] p1a: Keldeo-Resolute
|
|-heal|p1a: Keldeo-Resolute|43\/323|[from] item: Leftovers
|-heal|p2a: Celebi|331\/403|[from] item: Leftovers
|turn|12
|c|ânedor|yeah
|c|âluke317|this keldeo is kinda useless this game anyways
|c|âluke317|might as well milk it
|
|move|p1a: Keldeo-Resolute|Secret Sword|p2a: Celebi
|-resisted|p2a: Celebi
|-damage|p2a: Celebi|147\/403
|move|p2a: Celebi|Giga Drain|p1a: Keldeo-Resolute
|-supereffective|p1a: Keldeo-Resolute
|-damage|p1a: Keldeo-Resolute|0 fnt
|-heal|p2a: Celebi|169\/403|[from] drain|[of] p1a: Keldeo-Resolute
|faint|p1a: Keldeo-Resolute
|
|-heal|p2a: Celebi|194\/403|[from] item: Leftovers
|c| Mystialized|crit again
|c| Phlipadelphia|that did alttt
|
|switch|p1a: Aerodactyl|Aerodactyl-Mega, M|331\/331
|-damage|p1a: Aerodactyl|249\/331|[from] Stealth Rock
|turn|13
|c| Phlipadelphia|*alot
|
|switch|p2a: Metagross|Metagross|301\/301
|move|p1a: Aerodactyl|Earthquake|p2a: Metagross
|-supereffective|p2a: Metagross
|-damage|p2a: Metagross|103\/301
|
|turn|14
|c|âluke317|get predicted
|c| MrAldoPls|oml
|
|switch|p1a: Hippowdon|Hippowdon, F|419\/419
|-damage|p1a: Hippowdon|393\/419|[from] Stealth Rock
|-weather|Sandstorm
|detailschange|p2a: Metagross|Metagross-Mega
|-mega|p2a: Metagross|Metagross|Metagrossite
|move|p2a: Metagross|Meteor Mash|p1a: Hippowdon
|-damage|p1a: Hippowdon|198\/419
|
|-weather|Sandstorm|[upkeep]
|turn|15
|c| Phlipadelphia|but
|c| Phlipadelphia|no
|c| Phlipadelphia|real ppl dont use bullet punch
|c| MrAldoPls|what
|c| Mystialized|nice check
|c| Mystialized|46%
|
|move|p2a: Metagross|Grass Knot|p1a: Hippowdon
|-supereffective|p1a: Hippowdon
|-damage|p1a: Hippowdon|0 fnt
|faint|p1a: Hippowdon
|
|-weather|Sandstorm|[upkeep]
|c|ânedor|git about
|
|switch|p1a: Thundurus-Therian|Thundurus-Therian, M|299\/299
|-damage|p1a: Thundurus-Therian|225\/299|[from] Stealth Rock
|turn|16
|
|switch|p2a: Heatran|Heatran, F|385\/385
|move|p1a: Thundurus-Therian|Volt Switch|p2a: Heatran
|-damage|p2a: Heatran|297\/385
|
|switch|p1a: Excadrill|Excadrill, M, shiny|361\/361
|-damage|p1a: Excadrill|350\/361|[from] Stealth Rock
|
|-weather|Sandstorm|[upkeep]
|-heal|p2a: Heatran|321\/385|[from] item: Leftovers
|turn|17
|
|move|p1a: Excadrill|Earthquake|p2a: Heatran
|-supereffective|p2a: Heatran
|-damage|p2a: Heatran|0 fnt
|-damage|p1a: Excadrill|314\/361|[from] item: Life Orb
|faint|p2a: Heatran
|
|-weather|Sandstorm|[upkeep]
|c|ânedor|rip
|
|switch|p2a: Rotom-Wash|Rotom-Wash|194\/303
|turn|18
|
|switch|p1a: Celebi|Celebi|269\/404
|-damage|p1a: Celebi|219\/404|[from] Stealth Rock
|move|p2a: Rotom-Wash|Volt Switch|p1a: Celebi
|-resisted|p1a: Celebi
|-damage|p1a: Celebi|174\/404
|
|switch|p2a: Metagross|Metagross-Mega|103\/301
|
|-weather|Sandstorm|[upkeep]
|-damage|p1a: Celebi|149\/404|[from] sandstorm
|-heal|p1a: Celebi|174\/404|[from] item: Leftovers
|turn|19
|c|ânedor|balance is somethin im new at
|c|ânedor|;c
|c|âluke317|i keep trying to make balanced teams
|c|âluke317|not workin out too well
|c|ânedor|same
|c|âluke317|i think
|c|âluke317|this hippo
|c|âluke317|needs to be more mixed
|
|switch|p1a: Excadrill|Excadrill, M, shiny|314\/361
|-damage|p1a: Excadrill|303\/361|[from] Stealth Rock
|move|p2a: Metagross|Meteor Mash|p1a: Excadrill
|-resisted|p1a: Excadrill
|-damage|p1a: Excadrill|142\/361
|
|-weather|Sandstorm|[upkeep]
|turn|20
|
|switch|p2a: Rotom-Wash|Rotom-Wash|194\/303
|move|p1a: Excadrill|Rock Slide|p2a: Rotom-Wash
|-damage|p2a: Rotom-Wash|103\/303
|-damage|p1a: Excadrill|106\/361|[from] item: Life Orb
|
|-weather|Sandstorm|[upkeep]
|-damage|p2a: Rotom-Wash|85\/303|[from] sandstorm
|-heal|p2a: Rotom-Wash|103\/303|[from] item: Leftovers
|turn|21
|c| MrAldoPls|run 252 hp 96 def 160 spDef impish on that hippo imo
|c|ânedor|^
|
|move|p1a: Excadrill|Rock Slide|p2a: Rotom-Wash
|-damage|p2a: Rotom-Wash|15\/303
|-damage|p1a: Excadrill|70\/361|[from] item: Life Orb
|cant|p2a: Rotom-Wash|flinch
|
|-weather|none
|-heal|p2a: Rotom-Wash|33\/303|[from] item: Leftovers
|turn|22
|c|ânedor|oh
|c|ânedor|oka.
|c| MrAldoPls|YES
|c|âluke317|i meant to rapid spin
|c|âluke317|misclick
|c|âluke317|lol
|
|move|p1a: Excadrill|Rapid Spin|p2a: Rotom-Wash
|-damage|p2a: Rotom-Wash|7\/303
|-sideend|p1: luke317|Stealth Rock|[from] move: Rapid Spin|[of] p1a: Excadrill
|-damage|p1a: Excadrill|34\/361|[from] item: Life Orb
|move|p2a: Rotom-Wash|Volt Switch|p1a: Excadrill
|-immune|p1a: Excadrill|[msg]
|
|-heal|p2a: Rotom-Wash|25\/303|[from] item: Leftovers
|turn|23
|c|ânedor|lol im bad
|c|âluke317|lol
|c|âluke317|wut
|
|switch|p2a: Keldeo-Resolute|Keldeo-Resolute|323\/323
|move|p1a: Excadrill|Rock Slide|p2a: Keldeo-Resolute
|-resisted|p2a: Keldeo-Resolute
|-damage|p2a: Keldeo-Resolute|253\/323
|-damage|p1a: Excadrill|0 fnt|[from] item: Life Orb
|faint|p1a: Excadrill
|
|-heal|p2a: Keldeo-Resolute|273\/323|[from] item: Leftovers
|c|ânedor|idk why i did that
|
|switch|p1a: Thundurus-Therian|Thundurus-Therian, M|225\/299
|turn|24
|
|switch|p2a: Rotom-Wash|Rotom-Wash|25\/303
|move|p1a: Thundurus-Therian|Volt Switch|p2a: Rotom-Wash
|-damage|p2a: Rotom-Wash|0 fnt
|faint|p2a: Rotom-Wash
|
|switch|p1a: Aerodactyl|Aerodactyl-Mega, M|249\/331
|
|c| MrAldoPls|mega aero can actually clean this...
|
|switch|p2a: Latios|Latios, M|301\/301
|turn|25
|c| MrAldoPls|pls tell me you have crunch...
|c|ânedor|:[
|c|âluke317|:(
|c| MrAldoPls|rip
|c|âluke317|ice fang dont kill im jolly
|
|switch|p1a: Celebi|Celebi|174\/404
|move|p2a: Latios|Draco Meteor|p1a: Celebi
|-damage|p1a: Celebi|0 fnt
|-unboost|p2a: Latios|spa|2
|faint|p1a: Celebi
|
|
|switch|p1a: Aerodactyl|Aerodactyl-Mega, M|249\/331
|turn|26
|c| MrAldoPls|reasons to have pursuit on mega aero
|c| MrAldoPls|this
|c|âluke317|lol
|c|âluke317|ik ik
|
|switch|p2a: Keldeo-Resolute|Keldeo-Resolute|273\/323
|move|p1a: Aerodactyl|Ice Fang|p2a: Keldeo-Resolute
|-resisted|p2a: Keldeo-Resolute
|-damage|p2a: Keldeo-Resolute|220\/323
|
|-heal|p2a: Keldeo-Resolute|240\/323|[from] item: Leftovers
|turn|27
|
|move|p1a: Aerodactyl|Aerial Ace|p2a: Keldeo-Resolute
|-crit|p2a: Keldeo-Resolute
|-supereffective|p2a: Keldeo-Resolute
|-damage|p2a: Keldeo-Resolute|0 fnt
|faint|p2a: Keldeo-Resolute
|
|c| Mystialized|?
|
|switch|p2a: Latios|Latios, M|301\/301
|turn|28
|c|âluke317|~~didn't matter, im a hax god~~
|c|ânedor|~~im scarf~~
|c|ânedor|roflll
|
|switch|p1a: Thundurus-Therian|Thundurus-Therian, M|225\/299
|move|p2a: Latios|Draco Meteor|p1a: Thundurus-Therian
|-damage|p1a: Thundurus-Therian|0 fnt
|-unboost|p2a: Latios|spa|2
|faint|p1a: Thundurus-Therian
|
|
|switch|p1a: Aerodactyl|Aerodactyl-Mega, M|249\/331
|turn|29
|
|switch|p2a: Celebi|Celebi|194\/403
|move|p1a: Aerodactyl|Ice Fang|p2a: Celebi
|-supereffective|p2a: Celebi
|-damage|p2a: Celebi|0 fnt
|faint|p2a: Celebi
|
|c|âluke317|gg
|c|ânedor|lati
|c|ânedor|listen to me
|c|âluke317|u win
|c|ânedor|hit
|c|ânedor|this
|c|ânedor|draco
|c| MrAldoPls|watch this miss
|c|âluke317|draco miss imo
|c|ânedor|pls
|
|switch|p2a: Latios|Latios, M|301\/301
|turn|30
|c| MrAldoPls|pay close attention to this miss
|c|âluke317|~~your latios is blind~~
|c|ânedor|sigh
|c|ânedor|sigh
|c| MrAldoPls|for the posterity
|
|move|p2a: Latios|Draco Meteor|p1a: Aerodactyl|[miss]
|-miss|p2a: Latios|p1a: Aerodactyl
|move|p1a: Aerodactyl|Ice Fang|p2a: Latios
|-supereffective|p2a: Latios
|-damage|p2a: Latios|45\/301
|
|turn|31
|c|ânedor|LOLL
|c|âluke317|LOL
|c| MrAldoPls|SEE
|c| Mystialized|lmao
|c|âluke317|LMFAO
|c| MrAldoPls|perfect
|c|âluke317|GG
|c|ânedor|EZ PZ
|c|ânedor|WIDE LEFT
|c| MrAldoPls|I can predict hax now
|c| Mystialized|but
|c| Mystialized|scarf latios
|c| Mystialized|so
|c|ânedor|okay
|c|âluke317|but yea, i need a better hippo spread
|c|ânedor|listen latios
|c|âluke317|to handle mega gross better
|c|ânedor|hit this
|
|move|p2a: Latios|Draco Meteor|p1a: Aerodactyl
|-damage|p1a: Aerodactyl|0 fnt
|-unboost|p2a: Latios|spa|2
|faint|p1a: Aerodactyl
|
|win|nedor
|c|ânedor|gg
|c|âluke317|scarfed
|c|âluke317|damn
|leave|nedor
|leave|luke317
|player|p2
|player|p1
|leave|MrAldoPls