|join|nedor
|join|lol alts are weird
|player|p1|nedor|52
|player|p2|lol alts are weird|175
|gametype|singles
|gen|6
|tier|OU
|clearpoke
|poke|p1|Hydreigon, F
|poke|p1|Metagross
|poke|p1|Rotom-Wash
|poke|p1|Victini
|poke|p1|Clefable, F
|poke|p1|Keldeo
|poke|p2|Hydreigon, M
|poke|p2|Metagross
|poke|p2|Azumarill, M
|poke|p2|Victini
|poke|p2|Landorus, M
|poke|p2|Azelf
|rule|Swagger Clause: Swagger is banned
|rule|Baton Pass Clause: Limit one PokÃ©mon knowing Baton Pass
|rule|Sleep Clause Mod: Limit one foe put to sleep
|rule|Species Clause: Limit one of each PokÃ©mon
|rule|OHKO Clause: OHKO moves are banned
|rule|Moody Clause: Moody is banned
|rule|Evasion Moves Clause: Evasion moves are banned
|rule|Endless Battle Clause: Forcing endless battles is banned
|rule|HP Percentage Mod: HP is shown in percentages
|teampreview
|c|âlol alts are weird|:]]]
|
|start
|switch|p1a: Clefable|Clefable, F|394\/394
|switch|p2a: Azelf|Azelf|291\/291
|turn|1
|join|Blackwing-Dragon
|
|move|p2a: Azelf|Taunt|p1a: Clefable
|-start|p1a: Clefable|move: Taunt
|move|p1a: Clefable|Moonblast|p2a: Azelf
|-damage|p2a: Azelf|134\/291
|
|turn|2
|c|âlol alts are weird|who the fuck is blackwing dragon again
|c|âlol alts are weird|?
|c|ânedor|idfk
|c|ânedor|hes a black dragon
|
|move|p2a: Azelf|Stealth Rock|p1a: Clefable
|-sidestart|p1: nedor|move: Stealth Rock
|move|p1a: Clefable|Moonblast|p2a: Azelf
|-damage|p2a: Azelf|0 fnt
|faint|p2a: Azelf
|
|c|âlol alts are weird|oh
|
|switch|p2a: Metagross|Metagross|301\/301
|turn|3
|c|âlol alts are weird|\/me click sub
|
|switch|p1a: Rotom-Wash|Rotom-Wash|303\/303
|-damage|p1a: Rotom-Wash|266\/303|[from] Stealth Rock
|detailschange|p2a: Metagross|Metagross-Mega
|-mega|p2a: Metagross|Metagross|Metagrossite
|move|p2a: Metagross|Zen Headbutt|p1a: Rotom-Wash
|-damage|p1a: Rotom-Wash|112\/303
|
|-heal|p1a: Rotom-Wash|130\/303|[from] item: Leftovers
|turn|4
|c|ânedor|miss
|c|ânedor|k?
|c|âlol alts are weird|nice switchin
|
|move|p2a: Metagross|Zen Headbutt|p1a: Rotom-Wash|[miss]
|-miss|p2a: Metagross|p1a: Rotom-Wash
|move|p1a: Rotom-Wash|Volt Switch|p2a: Metagross
|-damage|p2a: Metagross|217\/301
|c|ânedor|fuck
|c|âlol alts are weird|nedor
|c|âlol alts are weird|u nerd
|c|âlol alts are weird|imo
|c|âlol alts are weird|didnt even wisp
|
|switch|p1a: Victini|Victini|341\/341
|-damage|p1a: Victini|256\/341|[from] Stealth Rock
|
|turn|5
|c|ânedor|i thought you'd kill
|c|ânedor|so i just clicked anything
|c|âlol alts are weird|oh
|c|âlol alts are weird|LOL
|c|ânedor|the switch ins
|c|ânedor|are here
|c|âlol alts are weird|banmega gross pls
|
|move|p2a: Metagross|Earthquake|p1a: Victini
|-supereffective|p1a: Victini
|-damage|p1a: Victini|16\/341
|move|p1a: Victini|V-create|p2a: Metagross
|-supereffective|p2a: Metagross
|-damage|p2a: Metagross|0 fnt
|-unboost|p1a: Victini|def|1
|-unboost|p1a: Victini|spd|1
|-unboost|p1a: Victini|spe|1
|faint|p2a: Metagross
|
|c|âlol alts are weird|wow
|c|âlol alts are weird|how
|c|âlol alts are weird|did
|c|ânedor|victini 2 gud
|c|ânedor|the pressure
|c|ânedor|is here
|c|âlol alts are weird|252 Atk Mega Metagross Earthquake vs. 0 HP \/ 0 Def Victini: 238-280 (69.7 - 82.1%)
|c|âlol alts are weird|nichze
|c|ânedor|the roll
|c|ânedor|is here
|c|âlol alts are weird|y
|
|switch|p2a: Hydreigon|Hydreigon, M|325\/325
|turn|6
|
|move|p2a: Hydreigon|Fire Blast|p1a: Victini|[miss]
|-miss|p2a: Hydreigon|p1a: Victini
|move|p1a: Victini|V-create|p2a: Hydreigon
|-resisted|p2a: Hydreigon
|-damage|p2a: Hydreigon|76\/325
|-unboost|p1a: Victini|def|1
|-unboost|p1a: Victini|spd|1
|-unboost|p1a: Victini|spe|1
|
|turn|7
|c|âlol alts are weird|i  have flash cannon
|c|ânedor|76
|c|âlol alts are weird|>resist
|
|switch|p1a: Clefable|Clefable, F|394\/394
|move|p2a: Hydreigon|Fire Blast|p1a: Clefable
|-damage|p1a: Clefable|258\/394
|-status|p1a: Clefable|brn
|-damage|p2a: Hydreigon|44\/325|[from] item: Life Orb
|
|-heal|p1a: Clefable|282\/394 brn|[from] item: Leftovers
|turn|8
|c|âlol alts are weird|rof
|c|ânedor|magic guard
|c|ânedor|is here
|c|âlol alts are weird|>tfw
|c|âlol alts are weird|magic guard
|c|âlol alts are weird|comes to use
|
|switch|p2a: Victini|Victini|341\/341
|move|p1a: Clefable|Moonblast|p2a: Victini
|-resisted|p2a: Victini
|-damage|p2a: Victini|284\/341
|
|-heal|p1a: Clefable|306\/394 brn|[from] item: Leftovers
|turn|9
|c|âlol alts are weird|instead of unaware
|c|ânedor|WAIT
|c|ânedor|I CLICKED ROCKS
|c|ânedor|NO
|c|âlol alts are weird|LOL
|c|âlol alts are weird|DESTROYED
|
|switch|p1a: Victini|Victini|16\/341
|-damage|p1a: Victini|0 fnt|[from] Stealth Rock
|faint|p1a: Victini
|move|p2a: Victini|V-create|p1: Victini|[notarget]
|-notarget
|
|join|luke317
|c|ânedor|>hone claws metagros
|
|switch|p1a: Hydreigon|Hydreigon, F|325\/325
|-damage|p1a: Hydreigon|285\/325|[from] Stealth Rock
|turn|10
|c|âlol alts are weird|nedor did u know that
|c|âlol alts are weird|clefable is abd
|c|âlol alts are weird|252+ Atk Choice Band Victini V-create vs. 252 HP \/ 252+ Def Clefable: 354-417 (89.8 - 105.8%)
|c|âlol alts are weird|see
|c|ânedor|its tini
|c|âlol alts are weird|ik
|c|ânedor|what do you expect
|c|âlol alts are weird|i expect clef
|
|switch|p2a: Azumarill|Azumarill, M|384\/384
|switch|p1a: Metagross|Metagross|301\/301
|-damage|p1a: Metagross|283\/301|[from] Stealth Rock
|
|turn|11
|c|âlol alts are weird|to be fatter
|c|âlol alts are weird|;_;
|c|ânedor|ty for eq
|c|ânedor|rip tini
|c|âlol alts are weird|yw
|
|switch|p2a: Victini|Victini|284\/341
|detailschange|p1a: Metagross|Metagross-Mega
|-mega|p1a: Metagross|Metagross|Metagrossite
|move|p1a: Metagross|Meteor Mash|p2a: Victini
|-resisted|p2a: Victini
|-damage|p2a: Victini|167\/341
|-boost|p1a: Metagross|atk|1
|
|turn|12
|c|ânedor|EZ
|c|âlol alts are weird|dai
|
|switch|p1a: Rotom-Wash|Rotom-Wash|130\/303
|-damage|p1a: Rotom-Wash|93\/303|[from] Stealth Rock
|move|p2a: Victini|V-create|p1a: Rotom-Wash
|-resisted|p1a: Rotom-Wash
|-damage|p1a: Rotom-Wash|3\/303
|-unboost|p2a: Victini|def|1
|-unboost|p2a: Victini|spd|1
|-unboost|p2a: Victini|spe|1
|
|-heal|p1a: Rotom-Wash|21\/303|[from] item: Leftovers
|turn|13
|c|âlol alts are weird|];
|c|ânedor|it lived
|c|ânedor|thats scarf
|c|âlol alts are weird|rip scarf
|c|âlol alts are weird|tini
|c|âlol alts are weird|;;;;;;
|
|move|p2a: Victini|V-create|p1a: Rotom-Wash
|-resisted|p1a: Rotom-Wash
|-damage|p1a: Rotom-Wash|0 fnt
|-unboost|p2a: Victini|def|1
|-unboost|p2a: Victini|spd|1
|-unboost|p2a: Victini|spe|1
|faint|p1a: Rotom-Wash
|
|
|switch|p1a: Hydreigon|Hydreigon, F|285\/325
|-damage|p1a: Hydreigon|245\/325|[from] Stealth Rock
|turn|14
|
|switch|p1a: Metagross|Metagross-Mega|283\/301
|-damage|p1a: Metagross|265\/301|[from] Stealth Rock
|switch|p2a: Hydreigon|Hydreigon, M|44\/325
|
|turn|15
|c|âlol alts are weird|.mad
|
|move|p2a: Hydreigon|Dark Pulse|p1a: Metagross
|-supereffective|p1a: Metagross
|-damage|p1a: Metagross|0 fnt
|-damage|p2a: Hydreigon|12\/325|[from] item: Life Orb
|faint|p1a: Metagross
|
|c|âlol alts are weird|LOL
|c|ânedor|i h8 u
|c|âlol alts are weird|is that adamant
|c|ânedor|:[
|c|ânedor|yes
|c|âlol alts are weird|never use
|c|âlol alts are weird|adamant
|c|âlol alts are weird|its bad
|c|âlol alts are weird|on rp
|c|ânedor|kay
|c|âlol alts are weird|even tho the recommended spread isnt max speed
|c|âlol alts are weird|run max speed
|
|switch|p1a: Keldeo|Keldeo|323\/323
|-damage|p1a: Keldeo|303\/323|[from] Stealth Rock
|turn|16
|c|âlol alts are weird|with jolly
|c|ânedor|it is max speed
|c|âlol alts are weird|its helpful in the longrun
|c|ânedor|but ada
|c|âlol alts are weird|oh
|c|âlol alts are weird|dont run ada
|c|âlol alts are weird|its garbage
|c|âlol alts are weird|:]
|c|ânedor|kc
|c|ânedor|k
|c|ânedor|c;
|c|âlol alts are weird|c;
|
|move|p1a: Keldeo|Scald|p2a: Hydreigon
|-resisted|p2a: Hydreigon
|-damage|p2a: Hydreigon|0 fnt
|faint|p2a: Hydreigon
|
|c|âlol alts are weird|å­£ç¯ã¯æ¬¡ãæ­»ãã§ãã
|c|âlol alts are weird|what a name
|c|ânedor|å­£ç¯ã¯æ¬¡ãæ­»ãã§ãã
|c|ânedor|k
|
|switch|p2a: Victini|Victini|167\/341
|turn|17
|c|âlol alts are weird|do u know how to read kanji
|c|ânedor|idek what that is
|c|ânedor|so
|
|switch|p1a: Hydreigon|Hydreigon, F|245\/325
|-damage|p1a: Hydreigon|205\/325|[from] Stealth Rock
|move|p2a: Victini|Bolt Strike|p1a: Hydreigon
|-resisted|p1a: Hydreigon
|-damage|p1a: Hydreigon|135\/325
|
|turn|18
|c|âlol alts are weird|[[japanese kanji]]
|c|âlol alts are weird|.[[japanese kanji]]
|c|âlol alts are weird|can u read what i said
|c|âlol alts are weird|in japanese
|
|switch|p2a: Azumarill|Azumarill, M|384\/384
|move|p1a: Hydreigon|Dark Pulse|p2a: Azumarill
|-resisted|p2a: Azumarill
|-damage|p2a: Azumarill|274\/384
|-damage|p1a: Hydreigon|103\/325|[from] item: Life Orb
|
|turn|19
|c|ânedor|too much stuff
|c|ânedor|imo
|c|âlol alts are weird|the seasons die out
|c|âlol alts are weird|its a song
|c|âlol alts are weird|:^)
|c|ânedor|ill just flinch u here
|c|âlol alts are weird|ok
|c|âlol alts are weird|i will flinch
|
|move|p1a: Hydreigon|Dark Pulse|p2a: Azumarill
|-resisted|p2a: Azumarill
|-damage|p2a: Azumarill|157\/384
|-damage|p1a: Hydreigon|71\/325|[from] item: Life Orb
|move|p2a: Azumarill|Play Rough|p1a: Hydreigon
|-supereffective|p1a: Hydreigon
|-damage|p1a: Hydreigon|0 fnt
|faint|p1a: Hydreigon
|
|c|ânedor|wow u land
|c|ânedor|garbage
|c|âlol alts are weird|ez
|c|âlol alts are weird|im wideglasses azu
|
|switch|p1a: Clefable|Clefable, F|306\/394 brn
|turn|20
|c|âlol alts are weird|!dt wide lense
No Pokemon, item, move, ability or nature named 'wide lense' was found. Showing the data of 'Wide Lens' instead.
|c|~|\/data-item Wide Lens
|raw|<font size="1"><font color=#585858>Fling Base Power:<\/font> 10<\/font>
|c|âlol alts are weird|!dt zoom lense
No Pokemon, item, move, ability or nature named 'zoom lense' was found. Showing the data of 'Zoom Lens' instead.
|c|~|\/data-item Zoom Lens
|raw|<font size="1"><font color=#585858>Fling Base Power:<\/font> 10<\/font>
|c|âlol alts are weird|im zoom lense
|c|âlol alts are weird|so i never miss
|c|ânedor|!dt alts is garb
No Pokemon, item, move, ability or nature named 'alts is garb' was found. (Check your spelling?)
|c|ânedor|hmm rip
|
|move|p2a: Azumarill|Play Rough|p1a: Clefable
|-damage|p1a: Clefable|15\/394 brn
|move|p1a: Clefable|Thunder Wave|p2a: Azumarill
|-status|p2a: Azumarill|par
|
|-heal|p1a: Clefable|39\/394 brn|[from] item: Leftovers
|turn|21
|c|âlol alts are weird|rip
|c|âlol alts are weird|;
|c|âlol alts are weird|no
|c|âlol alts are weird|dont
|c|âlol alts are weird|sweep me
|c|âlol alts are weird|dont u dare
|c|âlol alts are weird|sweep me
|c|âlol alts are weird|i will cry
|c|âlol alts are weird|in my head
|c|âlol alts are weird|lmoa
|
|switch|p2a: Victini|Victini|167\/341
|move|p1a: Clefable|Thunder Wave|p2a: Victini
|-status|p2a: Victini|par
|
|-heal|p1a: Clefable|63\/394 brn|[from] item: Leftovers
|turn|22
|c|ânedor|EZ
|c|ânedor|im a lord
|
|move|p1a: Clefable|Soft-Boiled|p1a: Clefable
|-heal|p1a: Clefable|260\/394 brn
|move|p2a: Victini|U-turn|p1a: Clefable
|-resisted|p1a: Clefable
|-damage|p1a: Clefable|224\/394 brn
|
|switch|p2a: Landorus|Landorus, M|319\/319
|
|-heal|p1a: Clefable|248\/394 brn|[from] item: Leftovers
|turn|23
|c|âlol alts are weird|dai
|
|move|p2a: Landorus|Rock Polish|p2a: Landorus
|-boost|p2a: Landorus|spe|2
|move|p1a: Clefable|Stealth Rock|p2a: Landorus
|-sidestart|p2: lol alts are weird|move: Stealth Rock
|
|-heal|p1a: Clefable|272\/394 brn|[from] item: Leftovers
|turn|24
|c|âlol alts are weird|gone
|c|ânedor|:[
|
|move|p2a: Landorus|Earth Power|p1a: Clefable
|-damage|p1a: Clefable|46\/394 brn
|move|p1a: Clefable|Moonblast|p2a: Landorus
|-damage|p2a: Landorus|198\/319
|
|-heal|p1a: Clefable|70\/394 brn|[from] item: Leftovers
|turn|25
|c|âlol alts are weird|where did that team go
|c|âlol alts are weird|gg n_n
|
|move|p2a: Landorus|Psychic|p1a: Clefable
|-damage|p1a: Clefable|0 fnt
|faint|p1a: Clefable
|
|c|ânedor|well if i was jolly woulda been a bit diff
|c|ânedor|rip
|c|âlol alts are weird|rip
|c|âlol alts are weird|in pepperonis
|
|switch|p1a: Keldeo|Keldeo|303\/323
|-damage|p1a: Keldeo|283\/323|[from] Stealth Rock
|turn|26
|c|ânedor|keldeo live
|c|ânedor|pls
|
|move|p2a: Landorus|Psychic|p1a: Keldeo
|-supereffective|p1a: Keldeo
|-damage|p1a: Keldeo|0 fnt
|faint|p1a: Keldeo
|
|win|lol alts are weird
|c|ânedor|rip
|c|âlol alts are weird|;;;;
|c|ânedor|gg
|c|âlol alts are weird|gg