|join|Nedor
|join|trinitrotoluene
|player|p1|Nedor|52
|player|p2|trinitrotoluene|#trinitrotoluene
|gametype|singles
|gen|6
|tier|OU
|clearpoke
|poke|p1|Scizor, F
|poke|p1|Keldeo-Resolute
|poke|p1|Azelf
|poke|p1|Thundurus, M
|poke|p1|Kyurem-Black
|poke|p1|Latios, M
|poke|p2|Diancie
|poke|p2|Dragonite, F
|poke|p2|Magneton
|poke|p2|Latios, M
|poke|p2|Garchomp, F
|poke|p2|Keldeo
|rule|Swagger Clause: Swagger is banned
|rule|Baton Pass Clause: Limit one PokÃ©mon knowing Baton Pass
|rule|Sleep Clause Mod: Limit one foe put to sleep
|rule|Species Clause: Limit one of each PokÃ©mon
|rule|OHKO Clause: OHKO moves are banned
|rule|Moody Clause: Moody is banned
|rule|Evasion Moves Clause: Evasion moves are banned
|rule|Endless Battle Clause: Forcing endless battles is banned
|rule|HP Percentage Mod: HP is shown in percentages
|teampreview
|
|start
|switch|p1a: Azelf|Azelf|291\/291
|switch|p2a: Diancie|Diancie|257\/257
|turn|1
|
|detailschange|p2a: Diancie|Diancie-Mega
|-mega|p2a: Diancie|Diancie|Diancite
|move|p1a: Azelf|Skill Swap|p2a: Diancie
|-activate|p1a: Azelf|move: Skill Swap|Magic Bounce|Levitate|[of] p2a: Diancie
|move|p2a: Diancie|Moonblast|p1a: Azelf
|-enditem|p1a: Azelf|Focus Sash
|-damage|p1a: Azelf|1\/291
|
|turn|2
|c|âtrinitrotoluene|not bad imo
|c|âNedor|:]
|
|switch|p2a: Magneton|Magneton|241\/241
|move|p1a: Azelf|Stealth Rock|p2a: Magneton
|-sidestart|p2: trinitrotoluene|move: Stealth Rock
|
|turn|3
|
|move|p2a: Magneton|Volt Switch|p1a: Azelf
|-damage|p1a: Azelf|0 fnt
|faint|p1a: Azelf
|
|switch|p2a: Latios|Latios, M|299\/299
|-damage|p2a: Latios|262\/299|[from] Stealth Rock
|
|
|switch|p1a: Scizor|Scizor, F|281\/281
|turn|4
|
|detailschange|p1a: Scizor|Scizor-Mega, F
|-mega|p1a: Scizor|Scizor|Scizorite
|move|p2a: Latios|Hidden Power|p1a: Scizor
|-supereffective|p1a: Scizor
|-damage|p1a: Scizor|0 fnt
|-damage|p2a: Latios|233\/299|[from] item: Life Orb
|faint|p1a: Scizor
|
|c|âtrinitrotoluene|yee
|c|âNedor|bad play on my part
|
|switch|p1a: Thundurus|Thundurus, M|299\/299
|turn|5
|c|âtrinitrotoluene|i'm testing a team i made for the team building workshop atm.
|join|hairy toenail
|
|move|p1a: Thundurus|Knock Off|p2a: Latios
|-crit|p2a: Latios
|-supereffective|p2a: Latios
|-damage|p2a: Latios|0 fnt
|-enditem|p2a: Latios|Life Orb|[from] move: Knock Off|[of] p1a: Thundurus
|-damage|p1a: Thundurus|270\/299|[from] item: Life Orb
|faint|p2a: Latios
|
|c|âNedor|ye ik that core of dianc + mag + dnite
|c|âNedor|ive seen et.
|
|switch|p2a: Diancie|Diancie-Mega|257\/257
|-damage|p2a: Diancie|225\/257|[from] Stealth Rock
|turn|6
|
|move|p1a: Thundurus|Thunderbolt|p2a: Diancie
|-damage|p2a: Diancie|11\/257
|-damage|p1a: Thundurus|241\/299|[from] item: Life Orb
|move|p2a: Diancie|Rock Polish|p2a: Diancie
|-boost|p2a: Diancie|spe|2
|
|turn|7
|
|switch|p1a: Keldeo-Resolute|Keldeo-Resolute|323\/323
|move|p2a: Diancie|Moonblast|p1a: Keldeo-Resolute
|-supereffective|p1a: Keldeo-Resolute
|-damage|p1a: Keldeo-Resolute|0 fnt
|faint|p1a: Keldeo-Resolute
|
|
|switch|p1a: Kyurem-Black|Kyurem-Black|391\/391
|-ability|p1a: Kyurem-Black|Teravolt
|turn|8
|c|âNedor|ur sprite is so powerful ahh
|
|move|p2a: Diancie|Moonblast|p1a: Kyurem-Black
|-supereffective|p1a: Kyurem-Black
|-damage|p1a: Kyurem-Black|0 fnt
|faint|p1a: Kyurem-Black
|
|c|âNedor|gg.
|c|âtrinitrotoluene|nedor, pass me an importable of your team please.
|c|âNedor|the scizor play lost me the game.
|c|âNedor|sure.
|c|âtrinitrotoluene|i really like it.
|c|âNedor|http:\/\/pastebin.com\/YC5zuDYi
|c|âNedor|oh thanks
|c|âNedor|i tried really hard on it
|c|âNedor|took me 3 hours to make it final
|
|switch|p1a: Latios|Latios, M|301\/301
|turn|9
|
|move|p2a: Diancie|Moonblast|p1a: Latios
|-supereffective|p1a: Latios
|-damage|p1a: Latios|0 fnt
|faint|p1a: Latios
|
|
|switch|p1a: Thundurus|Thundurus, M|241\/299
|turn|10
|c|âtrinitrotoluene|yea, i'm feeling good about this team.
|
|move|p2a: Diancie|Moonblast|p1a: Thundurus
|-damage|p1a: Thundurus|0 fnt
|faint|p1a: Thundurus
|
|win|trinitrotoluene
|c|âNedor|this is the team i used
|c|âNedor|for top 50
|c|âtrinitrotoluene|neato.
|c|âNedor|i just made a bad play
|c|âNedor|gg
|c|âtrinitrotoluene|yea.
|join|Taskmasteer
|leave|Nedor
|c|âtrinitrotoluene|rather, you fell for my lure.
|player|p1
|leave|trinitrotoluene
|player|p2
|leave|Taskmasteer
|join|trinitrotoluene