|join|nedor
|join|lol alts are weird
|player|p1|nedor|292
|player|p2|lol alts are weird|116
|gametype|singles
|gen|6
|tier|OU
|clearpoke
|poke|p1|Tyranitar, M
|poke|p1|Excadrill, M
|poke|p1|Rotom-Wash
|poke|p1|Latios, M
|poke|p1|Gothitelle, M
|poke|p1|Keldeo-Resolute
|poke|p2|Chesnaught, M, shiny
|poke|p2|Altaria, F
|poke|p2|Jirachi
|poke|p2|Rotom-Wash
|poke|p2|Landorus-Therian, M
|poke|p2|Gengar, M
|rule|Swagger Clause: Swagger is banned
|rule|Baton Pass Clause: Limit one PokÃ©mon knowing Baton Pass
|rule|Sleep Clause Mod: Limit one foe put to sleep
|rule|Species Clause: Limit one of each PokÃ©mon
|rule|OHKO Clause: OHKO moves are banned
|rule|Moody Clause: Moody is banned
|rule|Evasion Moves Clause: Evasion moves are banned
|rule|Endless Battle Clause: Forcing endless battles is banned
|rule|HP Percentage Mod: HP is shown in percentages
|teampreview
|c|âlol alts are weird|who needs a secondary wincon when
|c|âlol alts are weird|you have an alataria
|c|âlol alts are weird|and gengar
|
|start
|switch|p1a: Rotom-Wash|Rotom-Wash|303\/303
|switch|p2a: Altaria|Altaria, F|297\/297
|turn|1
|c|ânedor|bd ches > standard rotom > scarf lando > lo gar > spdef rachi > dd\/mixed ALT
|c|ânedor|nb
|
|detailschange|p2a: Altaria|Altaria-Mega, F
|-mega|p2a: Altaria|Altaria|Altarianite
|move|p2a: Altaria|Hyper Voice|p1a: Rotom-Wash
|-crit|p1a: Rotom-Wash
|-damage|p1a: Rotom-Wash|50\/303
|move|p1a: Rotom-Wash|Will-O-Wisp|p2a: Altaria
|-status|p2a: Altaria|brn
|
|-heal|p1a: Rotom-Wash|68\/303|[from] item: Leftovers
|-damage|p2a: Altaria|260\/297 brn|[from] brn
|turn|2
|c|ânedor|why
|c|ânedor|i dont understan
|c|âlol alts are weird|i mean
|c|ânedor|what did i do
|c|ânedor|:(
|c|âlol alts are weird|you would be
|c|âlol alts are weird|2hko'd
|c|âlol alts are weird|either way
|c|âlol alts are weird|,,,
|c|ânedor|it doesnt matter, i would be at 40-50%
|c|ânedor|its fucking stupid
|c|âlol alts are weird|wanna redo
|c|âlol alts are weird|._.
|c|ânedor|no
|
|switch|p1a: Tyranitar|Tyranitar, M|341\/341
|-weather|Sandstorm
|move|p2a: Altaria|Hyper Voice|p1a: Tyranitar
|-supereffective|p1a: Tyranitar
|-damage|p1a: Tyranitar|75\/341
|
|-weather|Sandstorm|[upkeep]
|-damage|p2a: Altaria|242\/297 brn|[from] sandstorm
|-damage|p2a: Altaria|205\/297 brn|[from] brn
|turn|3
|
|switch|p1a: Excadrill|Excadrill, M|361\/361
|-item|p1a: Excadrill|Air Balloon
|move|p2a: Altaria|Hyper Voice|p1a: Excadrill
|-resisted|p1a: Excadrill
|-damage|p1a: Excadrill|232\/361
|-enditem|p1a: Excadrill|Air Balloon
|
|-weather|Sandstorm|[upkeep]
|-damage|p2a: Altaria|187\/297 brn|[from] sandstorm
|-damage|p2a: Altaria|150\/297 brn|[from] brn
|turn|4
|
|switch|p1a: Latios|Latios, M|301\/301
|switch|p2a: Landorus-Therian|Landorus-Therian, M|319\/319
|-ability|p2a: Landorus-Therian|Intimidate|[of] p1a: Latios
|-unboost|p1a: Latios|atk|1
|
|-weather|Sandstorm|[upkeep]
|-damage|p1a: Latios|283\/301|[from] sandstorm
|turn|5
|
|switch|p1a: Rotom-Wash|Rotom-Wash|68\/303
|move|p2a: Landorus-Therian|U-turn|p1a: Rotom-Wash
|-damage|p1a: Rotom-Wash|9\/303
|c|âlol alts are weird|oops
|c|âlol alts are weird|i dont have a nature on rachi LOL
|
|switch|p2a: Jirachi|Jirachi|404\/404
|
|-weather|Sandstorm|[upkeep]
|-damage|p1a: Rotom-Wash|0 fnt|[from] sandstorm
|faint|p1a: Rotom-Wash
|c|ânedor|im gonna scrap this team and start over
|c|âlol alts are weird|,
|
|switch|p1a: Keldeo-Resolute|Keldeo-Resolute|323\/323
|turn|6
|
|move|p1a: Keldeo-Resolute|Secret Sword|p2a: Jirachi
|-damage|p2a: Jirachi|194\/404
|move|p2a: Jirachi|U-turn|p1a: Keldeo-Resolute
|-resisted|p1a: Keldeo-Resolute
|-damage|p1a: Keldeo-Resolute|295\/323
|c|ânedor|why would i build sand offense when the only thing thats OU is lando-t + rotom
|c|âlol alts are weird|,
|
|switch|p2a: Altaria|Altaria-Mega, F|150\/297 brn
|
|-weather|none
|-damage|p2a: Altaria|113\/297 brn|[from] brn
|turn|7
|c|âlol alts are weird|wanna play some gen4 with no lando
|c|âlol alts are weird|c:
|
|switch|p1a: Gothitelle|Gothitelle, M|281\/281
|move|p2a: Altaria|Roost|p2a: Altaria
|-heal|p2a: Altaria|262\/297 brn
|
|-damage|p2a: Altaria|225\/297 brn|[from] brn
|turn|8
|c|âlol alts are weird|or gen 3 with no keld
|c|âlol alts are weird|rotom*
|
|move|p1a: Gothitelle|Psyshock|p2a: Altaria
|-damage|p2a: Altaria|128\/297 brn
|move|p2a: Altaria|Hyper Voice|p1a: Gothitelle
|-damage|p1a: Gothitelle|100\/281
|
|-damage|p2a: Altaria|91\/297 brn|[from] brn
|turn|9
|c|ânedor|specs sword mightve killed
|c|ânedor|too lazy to calc
|c|âlol alts are weird|i shoulda roosted
|c|âlol alts are weird|,,
|
|move|p1a: Gothitelle|Psyshock|p2a: Altaria
|-damage|p2a: Altaria|0 fnt
|faint|p2a: Altaria
|
|c|ânedor|i expceted a low roll
|c|âlol alts are weird|na
|
|switch|p2a: Jirachi|Jirachi|194\/404
|turn|10
|
|switch|p1a: Keldeo-Resolute|Keldeo-Resolute|295\/323
|move|p2a: Jirachi|U-turn|p1a: Keldeo-Resolute
|-resisted|p1a: Keldeo-Resolute
|-damage|p1a: Keldeo-Resolute|266\/323
|
|switch|p2a: Rotom-Wash|Rotom-Wash|303\/303
|
|turn|11
|
|switch|p1a: Excadrill|Excadrill, M|232\/361
|move|p2a: Rotom-Wash|Volt Switch|p1a: Excadrill
|-immune|p1a: Excadrill|[msg]
|
|turn|12
|c|ânedor|im mold breaker
|c|ânedor|ok
|c|âlol alts are weird|okay
|
|switch|p1a: Latios|Latios, M|283\/301
|move|p2a: Rotom-Wash|Hydro Pump|p1a: Latios
|-resisted|p1a: Latios
|-damage|p1a: Latios|220\/301
|
|turn|13
|
|switch|p2a: Jirachi|Jirachi|194\/404
|move|p1a: Latios|Hidden Power|p2a: Jirachi
|-supereffective|p2a: Jirachi
|-damage|p2a: Jirachi|35\/404
|-damage|p1a: Latios|190\/301|[from] item: Life Orb
|
|-heal|p2a: Jirachi|60\/404|[from] item: Leftovers
|turn|14
|c|âlol alts are weird|;_;
|
|move|p1a: Latios|Hidden Power|p2a: Jirachi
|-supereffective|p2a: Jirachi
|-damage|p2a: Jirachi|0 fnt
|-damage|p1a: Latios|160\/301|[from] item: Life Orb
|faint|p2a: Jirachi
|
|c|ânedor|i have a 30 dollar eb games card
|c|ânedor|going in like 20 mins
|c|ânedor|idk what to get tho
|c|âlol alts are weird|ok
|c|âlol alts are weird|idk
|c|âlol alts are weird|something good
|
|switch|p2a: Landorus-Therian|Landorus-Therian, M|319\/319
|-ability|p2a: Landorus-Therian|Intimidate|[of] p1a: Latios
|-unboost|p1a: Latios|atk|1
|turn|15
|
|switch|p1a: Keldeo-Resolute|Keldeo-Resolute|266\/323
|move|p2a: Landorus-Therian|U-turn|p1a: Keldeo-Resolute
|-resisted|p1a: Keldeo-Resolute
|-damage|p1a: Keldeo-Resolute|215\/323
|
|switch|p2a: Rotom-Wash|Rotom-Wash|303\/303
|
|turn|16
|
|move|p1a: Keldeo-Resolute|Secret Sword|p2a: Rotom-Wash
|-damage|p2a: Rotom-Wash|128\/303
|move|p2a: Rotom-Wash|Volt Switch|p1a: Keldeo-Resolute
|-supereffective|p1a: Keldeo-Resolute
|-damage|p1a: Keldeo-Resolute|33\/323
|
|switch|p2a: Landorus-Therian|Landorus-Therian, M|319\/319
|-ability|p2a: Landorus-Therian|Intimidate|[of] p1a: Keldeo-Resolute
|-unboost|p1a: Keldeo-Resolute|atk|1
|
|turn|17
|c|âlol alts are weird|i want knock off as my filler on landot
|c|âlol alts are weird|but i dun have it
|c|âlol alts are weird|;_:
|c|ânedor|explusion
|
|move|p2a: Landorus-Therian|Rock Slide|p1a: Keldeo-Resolute
|-resisted|p1a: Keldeo-Resolute
|-damage|p1a: Keldeo-Resolute|0 fnt
|faint|p1a: Keldeo-Resolute
|
|c|âlol alts are weird|it blocks rapid spin and defog for a turn yo
|
|switch|p1a: Tyranitar|Tyranitar, M|75\/341
|-weather|Sandstorm
|turn|18
|c|âlol alts are weird|i dont know if
|c|âlol alts are weird|thats ice beam
|c|âlol alts are weird|tar
|c|âlol alts are weird|or not
|c|ânedor|i run a lot of def
|c|ânedor|idk if i live tho
|c|âlol alts are weird|you probably do
|
|switch|p2a: Rotom-Wash|Rotom-Wash|128\/303
|switch|p1a: Gothitelle|Gothitelle, M|100\/281
|
|-weather|Sandstorm|[upkeep]
|-damage|p1a: Gothitelle|83\/281|[from] sandstorm
|-damage|p2a: Rotom-Wash|110\/303|[from] sandstorm
|-heal|p2a: Rotom-Wash|128\/303|[from] item: Leftovers
|turn|19
|c|âlol alts are weird|;
|c|ânedor|predicted the thing to come out
|c|ânedor|sigh
|c|ânedor|i wish i was specs
|c|âlol alts are weird|then you wouldn't be able to revenge gar and other stuff
|
|switch|p1a: Latios|Latios, M|160\/301
|move|p2a: Rotom-Wash|Volt Switch|p1a: Latios
|-resisted|p1a: Latios
|-damage|p1a: Latios|118\/301
|c|ânedor|lando wins
|c|ânedor|gg
|c|ânedor|i cannot build teams for my life
|c|âlol alts are weird|gg
|c|âlol alts are weird|eh
|c|âlol alts are weird|you can
|
|switch|p2a: Landorus-Therian|Landorus-Therian, M|319\/319
|-ability|p2a: Landorus-Therian|Intimidate|[of] p1a: Latios
|-unboost|p1a: Latios|atk|1
|
|-weather|Sandstorm|[upkeep]
|-damage|p1a: Latios|100\/301|[from] sandstorm
|turn|20
|c|ânedor|not very good
|c|ânedor|;[
|c|âlol alts are weird|im worse
|c|ânedor|i dont have a mega on my bd ches team
|c|ânedor|:[
|c|âlol alts are weird|]:
|
|move|p2a: Landorus-Therian|U-turn|p1a: Latios
|-supereffective|p1a: Latios
|-damage|p1a: Latios|0 fnt
|faint|p1a: Latios
|c|âlol alts are weird|you could run one tho
|c|ânedor|its ches, rotom, lando, tran, clef, latios
|
|switch|p2a: Rotom-Wash|Rotom-Wash|128\/303
|
|-weather|Sandstorm|[upkeep]
|-damage|p2a: Rotom-Wash|110\/303|[from] sandstorm
|-heal|p2a: Rotom-Wash|128\/303|[from] item: Leftovers
|c|âlol alts are weird|you can replace a mon for a mon
|c|âlol alts are weird|:J
|
|switch|p1a: Tyranitar|Tyranitar, M|75\/341
|turn|21
|c|ânedor|but idk what mega would benefit that team
|
|detailschange|p1a: Tyranitar|Tyranitar-Mega, M
|-mega|p1a: Tyranitar|Tyranitar|Tyranitarite
|move|p2a: Rotom-Wash|Hydro Pump|p1a: Tyranitar
|-supereffective|p1a: Tyranitar
|-damage|p1a: Tyranitar|0 fnt
|faint|p1a: Tyranitar
|
|-weather|Sandstorm|[upkeep]
|-damage|p2a: Rotom-Wash|110\/303|[from] sandstorm
|-heal|p2a: Rotom-Wash|128\/303|[from] item: Leftovers
|c|âlol alts are weird|what is the most replaceable mon
|c|âlol alts are weird|o
|c|ânedor|how much speed do you run holy shit
|c|âlol alts are weird|mega tar
|c|ânedor|im 243
|c|ânedor|speed
|c|âlol alts are weird|i creep mega sciz
|c|âlol alts are weird|so i dont get swept
|c|ânedor|o
|c|ânedor|flinch
|c|ânedor|plox
|c|ânedor|>[
|
|switch|p1a: Excadrill|Excadrill, M|232\/361
|turn|22
|c|ânedor|go into ches
|c|ânedor|ill let u sweep
|c|ânedor|;[
|
|move|p1a: Excadrill|Rock Slide|p2a: Rotom-Wash
|-damage|p2a: Rotom-Wash|54\/303
|move|p2a: Rotom-Wash|Pain Split|p1a: Excadrill
|-sethp|p1a: Excadrill|143\/361|p2a: Rotom-Wash|143\/303|[from] move: Pain Split
|
|-weather|none
|-heal|p2a: Rotom-Wash|161\/303|[from] item: Leftovers
|turn|23
|c|âlol alts are weird|kk
|
|switch|p1a: Gothitelle|Gothitelle, M|83\/281
|switch|p2a: lord|Chesnaught, M, shiny|320\/320
|
|turn|24
|c|ânedor|im terrible sigh,,,,,,,,,,,,,,,,,,,,
|c|âlol alts are weird|there
|c|ânedor|ill tbolt
|c|âlol alts are weird|na
|c|âlol alts are weird|psyshock
|c|ânedor|no
|
|move|p1a: Gothitelle|Thunderbolt|p2a: lord
|-resisted|p2a: lord
|-damage|p2a: lord|269\/320
|move|p2a: lord|Seed Bomb|p1a: Gothitelle
|-damage|p1a: Gothitelle|0 fnt
|faint|p1a: Gothitelle
|
|c|âlol alts are weird|,,
|c|ânedor|late game rocks here i come
|
|switch|p1a: Excadrill|Excadrill, M|143\/361
|turn|25
|
|move|p1a: Excadrill|Stealth Rock|p2a: lord
|-sidestart|p2: lol alts are weird|move: Stealth Rock
|move|p2a: lord|Drain Punch|p1a: Excadrill
|-supereffective|p1a: Excadrill
|-damage|p1a: Excadrill|0 fnt
|-heal|p2a: lord|320\/320|[from] drain|[of] p1a: Excadrill
|faint|p1a: Excadrill
|
|win|lol alts are weird
|c|âlol alts are weird|jeez nedor, why're you being so hard on yourself?
|c|ânedor|;[ idfk
|c|âlol alts are weird|nobody can make a team that is good vs everything and has a good chance to beat everything
|c|ânedor|i have to change stuff on my team
|c|âlol alts are weird|:s
|c|ânedor|or not use sand anymore bc its not good atm
|c|âlol alts are weird|want me to help?
|c|âlol alts are weird|c:
|c|ânedor|nah
|c|âlol alts are weird|kk