|join|lolaltsareweird
|join|nedor
|player|p1|lolaltsareweird|34
|player|p2|nedor|292
|gametype|singles
|gen|6
|tier|OU
|clearpoke
|poke|p1|Gengar, M
|poke|p1|Azumarill, F
|poke|p1|Ferrothorn, M
|poke|p1|Garchomp, F
|poke|p1|Tornadus-Therian, M
|poke|p1|Latias, F
|poke|p2|Gengar, F
|poke|p2|Azumarill, M
|poke|p2|Tornadus-Therian, M
|poke|p2|Thundurus, M
|poke|p2|Terrakion
|poke|p2|Metagross
|rule|Swagger Clause: Swagger is banned
|rule|Baton Pass Clause: Limit one PokÃ©mon knowing Baton Pass
|rule|Sleep Clause Mod: Limit one foe put to sleep
|rule|Species Clause: Limit one of each PokÃ©mon
|rule|OHKO Clause: OHKO moves are banned
|rule|Moody Clause: Moody is banned
|rule|Evasion Moves Clause: Evasion moves are banned
|rule|Endless Battle Clause: Forcing endless battles is banned
|rule|HP Percentage Mod: HP is shown in percentages
|teampreview
|c|âlolaltsareweird|o
|c|âlolaltsareweird|sp00ky
|c|ânedor|lol no defogger
|c|ânedor|im bad
|c|âlolaltsareweird|oops
|c|âlolaltsareweird|i have sr on chomp and ferro
|c|âlolaltsareweird|,
|c|âlolaltsareweird|just means i have
|c|âlolaltsareweird|more chanes to get rocks
|c|âlolaltsareweird|!!!
|
|start
|switch|p1a: Azumarill|Azumarill, F|384\/384
|switch|p2a: Terrakion|Terrakion|323\/323
|turn|1
|c|ânedor|3 taunters
|c|âlolaltsareweird|3 taunters
|c|âlolaltsareweird|gar thundy terrak
|c|âlolaltsareweird|]]]:
|
|move|p2a: Terrakion|Stealth Rock|p1a: Azumarill
|-sidestart|p1: lolaltsareweird|move: Stealth Rock
|move|p1a: Azumarill|Aqua Tail|p2a: Terrakion
|-supereffective|p2a: Terrakion
|-damage|p2a: Terrakion|3\/323
|
|turn|2
|
|switch|p1a: Latias|Latias, F|301\/301
|-damage|p1a: Latias|264\/301|[from] Stealth Rock
|move|p2a: Terrakion|Stone Edge|p1a: Latias|[miss]
|-miss|p2a: Terrakion|p1a: Latias
|
|turn|3
|c|ânedor|gr8
|
|switch|p2a: Metagross|Metagross|301\/301
|detailschange|p1a: Latias|Latias-Mega, F
|-mega|p1a: Latias|Latias|Latiasite
|move|p1a: Latias|Defog|p2a: Metagross
|-fail|p2a: Metagross|unboost|[from] ability: Clear Body|[of] p2a: Metagross
|-sideend|p1: lolaltsareweird|Stealth Rock|[from] move: Defog|[of] p1a: Latias
|
|turn|4
|c|âlolaltsareweird|i cant do anything for that
|c|ânedor|ik
|c|âlolaltsareweird|]]:
|
|detailschange|p2a: Metagross|Metagross-Mega
|-mega|p2a: Metagross|Metagross|Metagrossite
|move|p1a: Latias|Draco Meteor|p2a: Metagross
|-resisted|p2a: Metagross
|-damage|p2a: Metagross|193\/301
|-unboost|p1a: Latias|spa|2
|move|p2a: Metagross|Hammer Arm|p1a: Latias
|-resisted|p1a: Latias
|-damage|p1a: Latias|191\/301
|-unboost|p2a: Metagross|spe|1
|
|turn|5
|c|âlolaltsareweird|this increased bulk tho
|c|ânedor|,
|c|âlolaltsareweird|ez
|
|move|p1a: Latias|Roost|p1a: Latias
|-heal|p1a: Latias|301\/301
|move|p2a: Metagross|Hammer Arm|p1a: Latias
|-crit|p1a: Latias
|-resisted|p1a: Latias
|-damage|p1a: Latias|200\/301
|-unboost|p2a: Metagross|spe|1
|
|turn|6
|c|ânedor|stop
|c|âlolaltsareweird|im waiting for you
|c|âlolaltsareweird|to click
|c|âlolaltsareweird|meteor mash
|
|move|p1a: Latias|Roost|p1a: Latias
|-heal|p1a: Latias|301\/301
|move|p2a: Metagross|Meteor Mash|p1a: Latias
|-damage|p1a: Latias|111\/301
|
|turn|7
|c|ânedor|why would i
|
|move|p1a: Latias|Roost|p1a: Latias
|-heal|p1a: Latias|262\/301
|move|p2a: Metagross|Meteor Mash|p1a: Latias
|-damage|p1a: Latias|75\/301
|
|turn|8
|c|âlolaltsareweird|k now i need to catch this hammer
|
|switch|p1a: Ferrothorn|Ferrothorn, M|352\/352
|move|p2a: Metagross|Hammer Arm|p1a: Ferrothorn
|-supereffective|p1a: Ferrothorn
|-damage|p1a: Ferrothorn|106\/352
|-damage|p2a: Metagross|156\/301|[from] ability: Iron Barbs|[of] p1a: Ferrothorn
|-unboost|p2a: Metagross|spe|1
|
|-heal|p1a: Ferrothorn|128\/352|[from] item: Leftovers
|turn|9
|c|ânedor|ez
|c|âlolaltsareweird|hammer caught
|
|move|p2a: Metagross|Hammer Arm|p1a: Ferrothorn
|-supereffective|p1a: Ferrothorn
|-damage|p1a: Ferrothorn|0 fnt
|-damage|p2a: Metagross|119\/301|[from] ability: Iron Barbs|[of] p1a: Ferrothorn
|-unboost|p2a: Metagross|spe|1
|faint|p1a: Ferrothorn
|
|c|âlolaltsareweird|im slower ok
|c|ânedor|obviously
|c|âlolaltsareweird|but
|
|switch|p1a: Azumarill|Azumarill, F|384\/384
|turn|10
|c|âlolaltsareweird|>tfw azu switch in is another azu
|
|switch|p2a: Terrakion|Terrakion|3\/323
|move|p1a: Azumarill|Aqua Tail|p2a: Terrakion
|-supereffective|p2a: Terrakion
|-damage|p2a: Terrakion|0 fnt
|faint|p2a: Terrakion
|
|
|switch|p2a: Gengar|Gengar, F|261\/261
|turn|11
|c|âlolaltsareweird|subgar
|c|âlolaltsareweird|instead of taunt
|
|switch|p1a: Latias|Latias-Mega, F|75\/301
|move|p2a: Gengar|Shadow Ball|p1a: Latias
|-supereffective|p1a: Latias
|-damage|p1a: Latias|0 fnt
|-damage|p2a: Gengar|235\/261|[from] item: Life Orb
|faint|p1a: Latias
|
|c|ânedor|:]
|c|âlolaltsareweird|its alright
|c|âlolaltsareweird|i have a check
|
|switch|p1a: Tornadus-Therian|Tornadus-Therian, M|299\/299
|turn|12
|
|switch|p2a: Azumarill|Azumarill, M|363\/363
|move|p1a: Tornadus-Therian|Knock Off|p2a: Azumarill
|-resisted|p2a: Azumarill
|-damage|p2a: Azumarill|295\/363
|-enditem|p2a: Azumarill|Choice Band|[from] move: Knock Off|[of] p1a: Tornadus-Therian
|-damage|p1a: Tornadus-Therian|270\/299|[from] item: Life Orb
|
|turn|13
|c|ânedor|oml go ahead and get predicted
|c|ânedor|miss hurri
|c|ânedor|ez pz
|c|ânedor|:[
|c|âlolaltsareweird|who wants to catch
|c|âlolaltsareweird|a play ruff
|c|ânedor|gar
|c|âlolaltsareweird|rn
|c|âlolaltsareweird|ah ok
|c|ânedor|stay in
|c|ânedor|:]
|
|switch|p1a: Azumarill|Azumarill, F|384\/384
|move|p2a: Azumarill|Play Rough|p1a: Azumarill
|-damage|p1a: Azumarill|164\/384
|
|turn|14
|c|âlolaltsareweird|w0w
|c|âlolaltsareweird|ngl
|c|âlolaltsareweird|gengar + band azu
|c|âlolaltsareweird|has no switch ins
|
|switch|p2a: Gengar|Gengar, F|235\/261
|move|p1a: Azumarill|Aqua Jet|p2a: Gengar
|-damage|p2a: Gengar|136\/261
|
|turn|15
|c|âlolaltsareweird|]:
|c|ânedor|0
|c|âlolaltsareweird|are you
|c|âlolaltsareweird|physdef
|c|âlolaltsareweird|holE
|c|ânedor|i hope not
|c|ânedor|im not
|c|ânedor|rofl
|
|move|p1a: Azumarill|Aqua Jet|p2a: Gengar
|-damage|p2a: Gengar|45\/261
|move|p2a: Gengar|Shadow Ball|p1a: Azumarill
|-damage|p1a: Azumarill|0 fnt
|-damage|p2a: Gengar|19\/261|[from] item: Life Orb
|faint|p1a: Azumarill
|
|
|switch|p1a: Tornadus-Therian|Tornadus-Therian, M|299\/299
|turn|16
|c|ânedor|oops
|c|ânedor|wait what nvm
|c|ânedor|:[
|c|âlolaltsareweird|.%rekeri ~: Greninja is nothing like bisharp
|c|ânedor|ROFL
|c|âlolaltsareweird|.SovietMagikarp: yes it is
|c|ânedor|the chat is messed up
|c|ânedor|im 12 and i know more than them
|c|ânedor|:[
|c|âlolaltsareweird|.SovietMagikarp: its dark type
|c|ânedor|omg pls help
|c|âlolaltsareweird|.%rekeri ~: and?
|c|âlolaltsareweird|.SovietMagikarp: both of them get dark pulse
|c|ânedor|IFNFPWE
|c|ânedor|WHE
|c|ânedor|HELP
|c|ânedor|PLS
|c|âlolaltsareweird|LOL
|c|ânedor|specs bishs
|
|move|p1a: Tornadus-Therian|Knock Off|p2a: Gengar
|-supereffective|p2a: Gengar
|-damage|p2a: Gengar|0 fnt
|-enditem|p2a: Gengar|Life Orb|[from] move: Knock Off|[of] p1a: Tornadus-Therian
|-damage|p1a: Tornadus-Therian|270\/299|[from] item: Life Orb
|faint|p2a: Gengar
|
|c|ânedor|;[[
|c|âlolaltsareweird|i dont have
|c|âlolaltsareweird|uturn
|c|âlolaltsareweird|]]:
|
|switch|p2a: Azumarill|Azumarill, M|295\/363
|turn|17
|c|âlolaltsareweird|wtf
|c|âlolaltsareweird|i have
|c|ânedor|torn-t fucks stall
|c|âlolaltsareweird|sand veil chomp
|c|âlolaltsareweird|ikr
|c|ânedor|knock off + hurricane
|c|ânedor|gone
|c|âlolaltsareweird|but do you see this
|c|âlolaltsareweird|sand veil
|
|switch|p1a: Garchomp|Garchomp, F|357\/357
|move|p2a: Azumarill|Play Rough|p1a: Garchomp
|-supereffective|p1a: Garchomp
|-damage|p1a: Garchomp|0 fnt
|faint|p1a: Garchomp
|
|c|âlolaltsareweird|chomp
|c|ânedor|thats why i run spdef
|c|âlolaltsareweird|i want rough skin
|c|ânedor|hippo
|
|switch|p1a: Gengar|Gengar, M|261\/261
|turn|18
|c|âlolaltsareweird|did metagross
|c|âlolaltsareweird|faint yet
|c|âlolaltsareweird|._.
|
|switch|p2a: Metagross|Metagross-Mega|119\/301
|move|p1a: Gengar|Substitute|p1a: Gengar
|-start|p1a: Gengar|Substitute
|-damage|p1a: Gengar|196\/261
|
|turn|19
|c|ânedor|im sacing
|c|ânedor|o
|c|âlolaltsareweird|:]
|c|ânedor|ok
|c|âlolaltsareweird|im base 111 speed
|c|âlolaltsareweird|hidden stat
|c|ânedor|ok
|c|âlolaltsareweird|catch this
|c|ânedor|:[
|
|move|p2a: Metagross|Meteor Mash|p1a: Gengar|[miss]
|-miss|p2a: Metagross|p1a: Gengar
|move|p1a: Gengar|Shadow Ball|p2a: Metagross
|-crit|p2a: Metagross
|-supereffective|p2a: Metagross
|-damage|p2a: Metagross|0 fnt
|-damage|p1a: Gengar|170\/261|[from] item: Life Orb
|faint|p2a: Metagross
|
|c|âlolaltsareweird|gengar wins every 110 speed tie
|c|âlolaltsareweird|see
|c|âlolaltsareweird|i dodged
|c|ânedor|i cant take this
|c|ânedor|why
|c|ânedor|what did i do in my past that made me deserve this
|c|âlolaltsareweird|well i'm luckE and bad
|
|switch|p2a: Thundurus|Thundurus, M|299\/299
|turn|20
|
|move|p2a: Thundurus|Thunderbolt|p1a: Gengar
|-end|p1a: Gengar|Substitute
|-damage|p2a: Thundurus|270\/299|[from] item: Life Orb
|move|p1a: Gengar|Sludge Wave|p2a: Thundurus
|-damage|p2a: Thundurus|13\/299
|-damage|p1a: Gengar|144\/261|[from] item: Life Orb
|
|turn|21
|c|ânedor|how did i live
|c|âlolaltsareweird|idk
|c|ânedor|i have to calc
|c|ânedor|252 SpA Life Orb Gengar Sludge Wave vs. 0 HP \/ 0 SpD Thundurus: 243-289 (81.2 - 96.6%) -- guaranteed 2HKO after Leftovers recovery
|c|ânedor|you got a mid roll
|c|âlolaltsareweird|kek
|
|move|p2a: Thundurus|Thunderbolt|p1a: Gengar
|-damage|p1a: Gengar|0 fnt
|-damage|p2a: Thundurus|0 fnt|[from] item: Life Orb
|faint|p1a: Gengar
|faint|p2a: Thundurus
|
|
|switch|p1a: Tornadus-Therian|Tornadus-Therian, M|299\/299
|switch|p2a: Tornadus-Therian|Tornadus-Therian, M|333\/333
|turn|22
|c|âlolaltsareweird|i dont run max speed
|c|âlolaltsareweird|]]:
|c|ânedor|neither do i
|c|âlolaltsareweird|oh
|c|ânedor|lot of hp
|c|ânedor|av tho
|c|âlolaltsareweird|how much do you run
|c|âlolaltsareweird|o
|c|âlolaltsareweird|av
|
|move|p1a: Tornadus-Therian|Hurricane|p2a: Tornadus-Therian
|-damage|p2a: Tornadus-Therian|164\/333
|-damage|p1a: Tornadus-Therian|270\/299|[from] item: Life Orb
|move|p2a: Tornadus-Therian|Knock Off|p1a: Tornadus-Therian
|-damage|p1a: Tornadus-Therian|187\/299
|-enditem|p1a: Tornadus-Therian|Life Orb|[from] move: Knock Off|[of] p2a: Tornadus-Therian
|
|turn|23
|c|âlolaltsareweird|i need to dodge
|c|âlolaltsareweird|hurricane
|c|âlolaltsareweird|right here
|c|âlolaltsareweird|ok
|c|ânedor|i hit 364 speed
|c|âlolaltsareweird|LOL
|c|âlolaltsareweird|I hit
|c|âlolaltsareweird|365
|c|ânedor|:[
|
|move|p1a: Tornadus-Therian|Knock Off|p2a: Tornadus-Therian
|-damage|p2a: Tornadus-Therian|68\/333
|-enditem|p2a: Tornadus-Therian|Assault Vest|[from] move: Knock Off|[of] p1a: Tornadus-Therian
|move|p2a: Tornadus-Therian|Hurricane|p1a: Tornadus-Therian
|-damage|p1a: Tornadus-Therian|0 fnt
|faint|p1a: Tornadus-Therian
|
|win|nedor
|c|âlolaltsareweird|,,
|c|âlolaltsareweird|ggwp
|c|ânedor|,,
|c|ânedor|gg
|leave|nedor