|join|AM
|join|nedor
|join|luke317
|join|WindDemon
|player|p1|AM|157
|player|p2|nedor|292
|gametype|singles
|gen|6
|tier|OU (suspect test)
|clearpoke
|poke|p1|Gyarados, M, shiny
|poke|p1|Breloom, M, shiny
|poke|p1|Clefable, F, shiny
|poke|p1|Garchomp, M, shiny
|poke|p1|Scizor, M, shiny
|poke|p1|Latias, F, shiny
|poke|p2|Charizard, F
|poke|p2|Latios, M
|poke|p2|Ferrothorn, F
|poke|p2|Landorus-Therian, M
|poke|p2|Rotom-Wash
|poke|p2|Keldeo-Resolute
|rule|Swagger Clause: Swagger is banned
|rule|Baton Pass Clause: Limit one PokÃ©mon knowing Baton Pass
|rule|Sleep Clause Mod: Limit one foe put to sleep
|rule|Species Clause: Limit one of each PokÃ©mon
|rule|OHKO Clause: OHKO moves are banned
|rule|Moody Clause: Moody is banned
|rule|Evasion Moves Clause: Evasion moves are banned
|rule|Endless Battle Clause: Forcing endless battles is banned
|rule|HP Percentage Mod: HP is shown in percentages
|teampreview
|c|ânedor|i changed some stuff ,
|c| WindDemon|oooo
|c| luke317|so shiny
|c| WindDemon|i alrdy know das actually Sub DD Bounce Gyara
|
|start
|switch|p1a: Garchomp|Garchomp, M, shiny|357\/357
|switch|p2a: Landorus-Therian|Landorus-Therian, M|319\/319
|-ability|p2a: Landorus-Therian|Intimidate|[of] p1a: Garchomp
|-unboost|p1a: Garchomp|atk|1
|turn|1
|c| WindDemon|i can see rite through yo sets
|
|move|p2a: Landorus-Therian|U-turn|p1a: Garchomp
|-damage|p1a: Garchomp|270\/357
|c|ânedor|what
|c|âAM|I keep forgetting
|c|âAM|to change the ability
|c|ânedor|no rough skin ?
|c|ânedor|ah
|
|switch|p2a: Latios|Latios, M|301\/301
|move|p1a: Garchomp|Stealth Rock|p2a: Latios
|-sidestart|p2: nedor|move: Stealth Rock
|
|turn|2
|c| WindDemon|we can use Sand Veil?
|c| WindDemon|since when\/
|c|âAM|since
|c|âAM|gen 5
|c|âAM|rofl
|c| WindDemon|but
|c| WindDemon|evasion
|c| WindDemon|clause
|c| WindDemon|srgrfs
|c|âAM|naw
|
|switch|p1a: Scizor|Scizor, M, shiny|281\/281
|move|p2a: Latios|Draco Meteor|p1a: Scizor
|-resisted|p1a: Scizor
|-damage|p1a: Scizor|164\/281
|-unboost|p2a: Latios|spa|2
|-damage|p2a: Latios|271\/301|[from] item: Life Orb
|
|turn|3
|c|âAM|that's for double team
|c| luke317|i thought they banned sand veil because garchomp dodged everything in sand
|c|âAM|in gen 4
|c|âAM|it did
|
|move|p1a: Scizor|Pursuit|p2a: Latios|[from]Pursuit
|-supereffective|p2a: Latios
|-damage|p2a: Latios|31\/301
|switch|p2a: Ferrothorn|Ferrothorn, F|352\/352
|-damage|p2a: Ferrothorn|330\/352|[from] Stealth Rock
|
|turn|4
|join|PadaposNoob
|c| luke317|hmm
|c| WindDemon|i coulda sworn i wasnt allowed to use it on my Cacturn back in Gen V rip
|leave|PadaposNoob
|
|move|p1a: Scizor|Superpower|p2a: Ferrothorn
|-supereffective|p2a: Ferrothorn
|-damage|p2a: Ferrothorn|124\/352
|-damage|p1a: Scizor|129\/281|[from] ability: Iron Barbs|[of] p2a: Ferrothorn
|-damage|p1a: Scizor|83\/281|[from] item: Rocky Helmet|[of] p2a: Ferrothorn
|-unboost|p1a: Scizor|atk|1
|-unboost|p1a: Scizor|def|1
|move|p2a: Ferrothorn|Leech Seed|p1a: Scizor
|-start|p1a: Scizor|move: Leech Seed
|
|-damage|p1a: Scizor|48\/281|[from] Leech Seed|[of] p2a: Ferrothorn
|-heal|p2a: Ferrothorn|159\/352|[silent]
|turn|5
|
|switch|p1a: Clefable|Clefable, F, shiny|394\/394
|move|p2a: Ferrothorn|Stealth Rock|p1a: Clefable
|-sidestart|p1: AM|move: Stealth Rock
|
|turn|6
|
|switch|p2a: Charizard|Charizard, F|321\/321
|-damage|p2a: Charizard|161\/321|[from] Stealth Rock
|move|p1a: Clefable|Calm Mind|p1a: Clefable
|-boost|p1a: Clefable|spa|1
|-boost|p1a: Clefable|spd|1
|
|turn|7
|
|detailschange|p2a: Charizard|Charizard-Mega-X, F
|-mega|p2a: Charizard|Charizard|Charizardite X
|move|p2a: Charizard|Roost|p2a: Charizard
|-heal|p2a: Charizard|321\/321
|move|p1a: Clefable|Moonblast|p2a: Charizard
|-damage|p2a: Charizard|126\/321
|
|turn|8
|
|move|p2a: Charizard|Flare Blitz|p1a: Clefable
|-damage|p1a: Clefable|136\/394
|-damage|p2a: Charizard|41\/321|[from] recoil|[of] p1a: Clefable
|move|p1a: Clefable|Moonblast|p2a: Charizard
|-damage|p2a: Charizard|0 fnt
|faint|p2a: Charizard
|
|-heal|p1a: Clefable|160\/394|[from] item: Leftovers
|c| WindDemon|u shouldnt have mega'd tbh
|c|âAM|had to
|c| WindDemon|shoulda roosted and switched
|c|âAM|latios is out
|c|âAM|from rocks
|c|ânedor|yeah
|
|switch|p2a: Keldeo-Resolute|Keldeo-Resolute|323\/323
|-damage|p2a: Keldeo-Resolute|303\/323|[from] Stealth Rock
|turn|9
|c|ânedor|i need something for clef\
|c|âAM|yeah clef
|c|âAM|is a threat
|
|move|p2a: Keldeo-Resolute|Hydro Pump|p1a: Clefable
|-damage|p1a: Clefable|0 fnt
|faint|p1a: Clefable
|
|c| WindDemon|so like legit petition to have Keldeo's w\/ Scald convert to the Surf cult
|c|ânedor|naa
|c|ânedor|scald > surf
|c| WindDemon|Surf > Scald
|join|HerpDerpFlurp
|
|switch|p1a: Latias|Latias, F, shiny|319\/319
|-damage|p1a: Latias|280\/319|[from] Stealth Rock
|turn|10
|c| HerpDerpFlurp|yoo sup
|c| WindDemon|~~eventhoialwaysgivemyKeldeo'sScald~~
|c|ânedor|the chance for burn on its common switch ins (latias, azumarill) is good
|c|ânedor|so
|
|switch|p1a: Breloom|Breloom, M, shiny|259\/259
|-damage|p1a: Breloom|243\/259|[from] Stealth Rock
|switch|p2a: Latios|Latios, M|31\/301
|-damage|p2a: Latios|0 fnt|[from] Stealth Rock
|faint|p2a: Latios
|
|
|switch|p2a: Keldeo-Resolute|Keldeo-Resolute|303\/323
|-damage|p2a: Keldeo-Resolute|283\/323|[from] Stealth Rock
|turn|11
|
|switch|p1a: Scizor|Scizor, M, shiny|48\/281
|-damage|p1a: Scizor|13\/281|[from] Stealth Rock
|move|p2a: Keldeo-Resolute|Secret Sword|p1a: Scizor
|-damage|p1a: Scizor|0 fnt
|faint|p1a: Scizor
|
|join|MKSLAYER97
|c| MKSLAYER97|AM
|
|switch|p1a: Latias|Latias, F, shiny|280\/319
|-damage|p1a: Latias|241\/319|[from] Stealth Rock
|turn|12
|c|âAM|yo
|c| MKSLAYER97|got that Gyarados I see
|c|âAM|lol
|c| WindDemon|ikr
|c| WindDemon|such swag
|c| WindDemon|nawt eben mega proly
|c|ânedor|am, what can i do to my team to help with clef?
|c| WindDemon|~~Gren~~
|
|switch|p2a: Ferrothorn|Ferrothorn, F|159\/352
|-damage|p2a: Ferrothorn|137\/352|[from] Stealth Rock
|move|p1a: Latias|Defog|p2a: Ferrothorn
|-unboost|p2a: Ferrothorn|evasion|1
|-sideend|p2: nedor|Stealth Rock|[from] move: Defog|[of] p2a: Ferrothorn
|-sideend|p1: AM|Stealth Rock|[from] move: Defog|[of] p1a: Latias
|
|turn|13
|c| WindDemon|orite
|c|âAM|rofl
|c| WindDemon|nvm lawl
|c| luke317|heatran w\/ taunt
|c| luke317|or specially defensive gliscor
|c| luke317|good answer to clef
|c| WindDemon|Heatran is liek
|c| WindDemon|evil to Clef
|c| WindDemon|qq
|
|switch|p1a: Garchomp|Garchomp, M, shiny|270\/357
|switch|p2a: Keldeo-Resolute|Keldeo-Resolute|283\/323
|
|turn|14
|c|ânedor|nice double
|c| WindDemon|AM go yolo swag Fire Blast Clef
|c|ânedor|good job me
|
|switch|p1a: Latias|Latias, F, shiny|241\/319
|move|p2a: Keldeo-Resolute|Icy Wind|p1a: Latias
|-supereffective|p1a: Latias
|-damage|p1a: Latias|95\/319
|-unboost|p1a: Latias|spe|1
|
|turn|15
|c| luke317|i still wanna try a blast from the past specs heatran sometime
|c| WindDemon|ayyyyy
|c|âAM|k
|c|âAM|I lost
|
|switch|p1a: Gyarados|Gyarados, M, shiny|331\/331
|-ability|p1a: Gyarados|Intimidate|[of] p2a: Keldeo-Resolute
|-unboost|p2a: Keldeo-Resolute|atk|1
|move|p2a: Keldeo-Resolute|Icy Wind|p1a: Gyarados
|-damage|p1a: Gyarados|233\/331
|-unboost|p1a: Gyarados|spe|1
|
|turn|16
|c|ânedor|na
|c| MKSLAYER97|Gyara
|c| MKSLAYER97|needs to save the day
|c| WindDemon|Gyara
|
|switch|p2a: Rotom-Wash|Rotom-Wash|303\/303
|move|p1a: Gyarados|Dragon Dance|p1a: Gyarados
|-boost|p1a: Gyarados|atk|1
|-boost|p1a: Gyarados|spe|1
|
|turn|17
|c| WindDemon|les goooo
|c|ânedor|im scarfed wisp
|c| WindDemon|o
|c| WindDemon|its gonna miss
|c| luke317|mold breaker gyara incoming
|c|âAM|lol
|c| WindDemon|AM is hax god
|
|detailschange|p1a: Gyarados|Gyarados-Mega, M, shiny
|-mega|p1a: Gyarados|Gyarados|Gyaradosite
|-ability|p1a: Gyarados|Mold Breaker
|move|p1a: Gyarados|Taunt|p2a: Rotom-Wash
|-start|p2a: Rotom-Wash|move: Taunt
|move|p2a: Rotom-Wash|Volt Switch|p1a: Gyarados
|-supereffective|p1a: Gyarados
|-damage|p1a: Gyarados|101\/331
|c| MKSLAYER97|oh boo
|c| WindDemon|ayyy
|c| WindDemon|o
|c|âAM|damn
|join|Bad Players
|c|ânedor|i knew taunt was here
|c|âAM|doesn't matter
|
|switch|p2a: Landorus-Therian|Landorus-Therian, M|319\/319
|-ability|p2a: Landorus-Therian|Intimidate|[of] p1a: Gyarados
|-unboost|p1a: Gyarados|atk|1
|
|turn|18
|c|âAM|keldeo wins game
|
|switch|p1a: Garchomp|Garchomp, M, shiny|270\/357
|move|p2a: Landorus-Therian|U-turn|p1a: Garchomp
|-damage|p1a: Garchomp|179\/357
|c|ânedor|my team is still not good though
|c|ânedor|clef is a threat
|
|switch|p2a: Keldeo-Resolute|Keldeo-Resolute|283\/323
|
|turn|19
|
|move|p2a: Keldeo-Resolute|Secret Sword|p1a: Garchomp
|-damage|p1a: Garchomp|0 fnt
|faint|p1a: Garchomp
|
|c| WindDemon|i need to start playing
|c|ânedor|i actually assumed zard x would deal with it
|c| luke317|cud swap ferrothorn with jirachi
|c| WindDemon|M-Venu again
|c| luke317|to beat clef too
|
|switch|p1a: Latias|Latias, F, shiny|95\/319
|turn|20
|c|ânedor|ya i can, luke
|
|switch|p2a: Ferrothorn|Ferrothorn, F|137\/352
|move|p1a: Latias|Psyshock|p2a: Ferrothorn
|-resisted|p2a: Ferrothorn
|-damage|p2a: Ferrothorn|88\/352
|-damage|p1a: Latias|64\/319|[from] item: Life Orb
|
|turn|21
|c|ânedor|not a bad idea
|c| luke317|u already have a handful of water resists
|
|move|p1a: Latias|Draco Meteor|p2a: Ferrothorn
|-resisted|p2a: Ferrothorn
|-damage|p2a: Ferrothorn|0 fnt
|-unboost|p1a: Latias|spa|2
|-damage|p1a: Latias|33\/319|[from] item: Life Orb
|faint|p2a: Ferrothorn
|
|c| WindDemon|whose getting suspected after Gren?
|c|ânedor|im assuming m gross
|c| luke317|probably mega sableye or m gross
|
|switch|p2a: Landorus-Therian|Landorus-Therian, M|319\/319
|-ability|p2a: Landorus-Therian|Intimidate|[of] p1a: Latias
|-unboost|p1a: Latias|atk|1
|turn|22
|c|ânedor|not sable
|c|ânedor|its staying ou
|c| WindDemon|o den i can use my old team again 8D
|c| luke317|yea ur right, m sableye gets crit haxed too much
|
|switch|p1a: Breloom|Breloom, M, shiny|243\/259
|move|p2a: Landorus-Therian|U-turn|p1a: Breloom
|-damage|p1a: Breloom|143\/259
|c|ânedor|no, its because there is answers to it in the tier
|c| WindDemon|i used it but then i realized how bad M-Meta destroyed it
|
|switch|p2a: Keldeo-Resolute|Keldeo-Resolute|283\/323
|
|turn|23
|join|Maltis Sance
|
|move|p1a: Breloom|Mach Punch|p2a: Keldeo-Resolute
|-damage|p2a: Keldeo-Resolute|134\/323
|-damage|p1a: Breloom|118\/259|[from] item: Life Orb
|move|p2a: Keldeo-Resolute|Secret Sword|p1a: Breloom
|-damage|p1a: Breloom|0 fnt
|faint|p1a: Breloom
|
|c| WindDemon|dat glorious Base 20 Spe doe
|
|switch|p1a: Latias|Latias, F, shiny|33\/319
|turn|24
|join|Rawk Hawk
|c|ânedor|im in the process of building a team around SD PH Breloom
|c|ânedor|,,
|
|switch|p2a: Rotom-Wash|Rotom-Wash|303\/303
|move|p1a: Latias|Healing Wish|p1a: Latias
|faint|p1a: Latias
|
|join|hashtag fabulous
|c| WindDemon|ayyyyy
|c| WindDemon|les gooo
|
|switch|p1a: Gyarados|Gyarados-Mega, M, shiny|101\/331
|-heal|p1a: Gyarados|331\/331|[from] move: Healing Wish
|-ability|p1a: Gyarados|Mold Breaker
|turn|25
|c|ânedor|im scared
|c| luke317|i was thinking of actually making a team around bulk up PH breloom or something
|c| WindDemon|Gyara bout to obliterate u lmao
|
|move|p1a: Gyarados|Dragon Dance|p1a: Gyarados
|-boost|p1a: Gyarados|atk|1
|-boost|p1a: Gyarados|spe|1
|move|p2a: Rotom-Wash|Volt Switch|p1a: Gyarados
|-supereffective|p1a: Gyarados
|-damage|p1a: Gyarados|193\/331
|c|ânedor|na
|
|switch|p2a: Landorus-Therian|Landorus-Therian, M|319\/319
|-ability|p2a: Landorus-Therian|Intimidate|[of] p1a: Gyarados
|-unboost|p1a: Gyarados|atk|1
|
|turn|26
|c|âAM|gg
|c|ânedor|maybe
|c|ânedor|not yet
|
|move|p2a: Landorus-Therian|U-turn|p1a: Gyarados
|-supereffective|p1a: Gyarados
|-damage|p1a: Gyarados|31\/331
|c| luke317|o.0
|c|ânedor|im known for choking
|c| WindDemon|les go
|c| WindDemon|10
|
|switch|p2a: Keldeo-Resolute|Keldeo-Resolute|134\/323
|move|p1a: Gyarados|Waterfall|p2a: Keldeo-Resolute
|-resisted|p2a: Keldeo-Resolute
|-damage|p2a: Keldeo-Resolute|39\/323
|
|turn|27
|c|âAM|uh thought you had superpower
|c|âAM|so
|c|âAM|I lost
|c|âAM|rofl
|c|ânedor|i changed ig
|c|ânedor|it
|c| HerpDerpFlurp|itus gg
|
|move|p1a: Gyarados|Waterfall|p2a: Keldeo-Resolute
|-resisted|p2a: Keldeo-Resolute
|-damage|p2a: Keldeo-Resolute|0 fnt
|faint|p2a: Keldeo-Resolute
|
|c|âAM|naw it's game
|c| HerpDerpFlurp|lando outspeed
|c|ânedor|gg
|c|âAM|gg
|c| HerpDerpFlurp|ggggggggggggggggggggggggg
|
|switch|p2a: Landorus-Therian|Landorus-Therian, M|319\/319
|-ability|p2a: Landorus-Therian|Intimidate|[of] p1a: Gyarados
|-unboost|p1a: Gyarados|atk|1
|turn|28
|c|ânedor|gonna fix this clef weakness
|c|ânedor|am, do you think rachi would be good over ferrothorn for clef?
|c|âAM|no
|
|move|p2a: Landorus-Therian|U-turn|p1a: Gyarados
|-crit|p1a: Gyarados
|-supereffective|p1a: Gyarados
|-damage|p1a: Gyarados|0 fnt
|faint|p1a: Gyarados
|
|win|nedor
|c|âAM|ferro is good