|join|ampd302
|join|blurghh
|player|p1|ampd302|278
|player|p2|blurghh|145
|gametype|singles
|gen|6
|tier|UU
|rated
|rule|Sleep Clause Mod: Limit one foe put to sleep
|rule|Species Clause: Limit one of each PokÃ©mon
|rule|OHKO Clause: OHKO moves are banned
|rule|Moody Clause: Moody is banned
|rule|Evasion Moves Clause: Evasion moves are banned
|rule|Endless Battle Clause: Forcing endless battles is banned
|rule|HP Percentage Mod: HP is shown in percentages
|clearpoke
|poke|p1|Absol, F
|poke|p1|Crobat, F
|poke|p1|Jirachi
|poke|p1|Flygon, F
|poke|p1|Suicune
|poke|p1|Weezing, F
|poke|p2|Cofagrigus, F
|poke|p2|Beedrill, M
|poke|p2|Tentacruel, M
|poke|p2|Galvantula, M
|poke|p2|Alakazam, M
|poke|p2|Tornadus, M
|rule|Swagger Clause: Swagger is banned
|rule|Baton Pass Clause: Limit one PokÃ©mon knowing Baton Pass
|teampreview
|
|start
|switch|p1a: Jirachi|Jirachi|404\/404
|switch|p2a: Tornadus|Tornadus, M|300\/300
|turn|1
|
|move|p2a: Tornadus|Knock Off|p1a: Jirachi
|-supereffective|p1a: Jirachi
|-damage|p1a: Jirachi|186\/404
|-enditem|p1a: Jirachi|Leftovers|[from] move: Knock Off|[of] p2a: Tornadus
|move|p1a: Jirachi|Stealth Rock|p2a: Tornadus
|-sidestart|p2: blurghh|move: Stealth Rock
|
|turn|2
|
|switch|p2a: Cofagrigus|Cofagrigus, F|320\/320
|-damage|p2a: Cofagrigus|280\/320|[from] Stealth Rock
|move|p1a: Jirachi|Wish|p1a: Jirachi
|
|-heal|p2a: Cofagrigus|300\/320|[from] item: Leftovers
|turn|3
|
|switch|p1a: Weezing|Weezing, F|333\/333
|move|p2a: Cofagrigus|Shadow Ball|p1a: Weezing
|-damage|p1a: Weezing|213\/333
|-unboost|p1a: Weezing|spd|1
|
|-heal|p1a: Weezing|333\/333|[from] move: Wish|[wisher] Jirachi
|-heal|p2a: Cofagrigus|320\/320|[from] item: Leftovers
|turn|4
|
|switch|p2a: Tentacruel|Tentacruel, M|336\/336
|-damage|p2a: Tentacruel|294\/336|[from] Stealth Rock
|move|p1a: Weezing|Will-O-Wisp|p2a: Tentacruel|[miss]
|-miss|p1a: Weezing|p2a: Tentacruel
|
|turn|5
|
|move|p2a: Tentacruel|Rapid Spin|p1a: Weezing
|-damage|p1a: Weezing|325\/333
|-sideend|p2: blurghh|Stealth Rock|[from] move: Rapid Spin|[of] p2a: Tentacruel
|move|p1a: Weezing|Will-O-Wisp|p2a: Tentacruel
|-status|p2a: Tentacruel|brn
|
|-heal|p1a: Weezing|333\/333|[from] item: Black Sludge
|-damage|p2a: Tentacruel|252\/336 brn|[from] brn
|turn|6
|
|move|p2a: Tentacruel|Scald|p1a: Weezing
|-damage|p1a: Weezing|120\/333
|move|p1a: Weezing|Toxic Spikes|p2a: Tentacruel
|-sidestart|p2: blurghh|move: Toxic Spikes
|
|-heal|p1a: Weezing|140\/333|[from] item: Black Sludge
|-damage|p2a: Tentacruel|210\/336 brn|[from] brn
|turn|7
|
|switch|p1a: Suicune|Suicune|404\/404
|-ability|p1a: Suicune|Pressure
|move|p2a: Tentacruel|Scald|p1a: Suicune
|-resisted|p1a: Suicune
|-damage|p1a: Suicune|359\/404
|
|-heal|p1a: Suicune|384\/404|[from] item: Leftovers
|-damage|p2a: Tentacruel|168\/336 brn|[from] brn
|turn|8
|
|move|p2a: Tentacruel|Giga Drain|p1a: Suicune
|-supereffective|p1a: Suicune
|-damage|p1a: Suicune|260\/404
|-heal|p2a: Tentacruel|230\/336 brn|[from] drain|[of] p1a: Suicune
|move|p1a: Suicune|Scald|p2a: Tentacruel
|-resisted|p2a: Tentacruel
|-damage|p2a: Tentacruel|206\/336 brn
|
|-heal|p1a: Suicune|285\/404|[from] item: Leftovers
|-damage|p2a: Tentacruel|164\/336 brn|[from] brn
|turn|9
|
|switch|p2a: Tornadus|Tornadus, M|300\/300
|move|p1a: Suicune|Calm Mind|p1a: Suicune
|-boost|p1a: Suicune|spa|1
|-boost|p1a: Suicune|spd|1
|
|-heal|p1a: Suicune|310\/404|[from] item: Leftovers
|turn|10
|
|move|p2a: Tornadus|Knock Off|p1a: Suicune
|-damage|p1a: Suicune|237\/404
|-enditem|p1a: Suicune|Leftovers|[from] move: Knock Off|[of] p2a: Tornadus
|move|p1a: Suicune|Scald|p2a: Tornadus
|-damage|p2a: Tornadus|146\/300
|
|turn|11
|
|move|p2a: Tornadus|Taunt|p1a: Suicune
|-start|p1a: Suicune|move: Taunt
|cant|p1a: Suicune|move: Taunt|Calm Mind
|
|turn|12
|
|move|p2a: Tornadus|Acrobatics|p1a: Suicune
|-damage|p1a: Suicune|128\/404
|move|p1a: Suicune|Scald|p2a: Tornadus
|-damage|p2a: Tornadus|0 fnt
|faint|p2a: Tornadus
|
|
|switch|p2a: Beedrill|Beedrill, M|272\/272
|-sideend|p2: blurghh|move: Toxic Spikes|[of] p2a: Beedrill
|turn|13
|
|switch|p1a: Flygon|Flygon, F|301\/301
|detailschange|p2a: Beedrill|Beedrill-Mega, M
|-mega|p2a: Beedrill|Beedrill|Beedrillite
|move|p2a: Beedrill|Poison Jab|p1a: Flygon
|-crit|p1a: Flygon
|-resisted|p1a: Flygon
|-damage|p1a: Flygon|123\/301
|-status|p1a: Flygon|psn
|
|-damage|p1a: Flygon|86\/301 psn|[from] psn
|turn|14
|
|move|p2a: Beedrill|Protect|p2a: Beedrill
|-singleturn|p2a: Beedrill|Protect
|move|p1a: Flygon|Earthquake|p2a: Beedrill
|-activate|p2a: Beedrill|Protect
|
|-damage|p1a: Flygon|49\/301 psn|[from] psn
|turn|15
|
|switch|p2a: Cofagrigus|Cofagrigus, F|320\/320
|move|p1a: Flygon|Earthquake|p2a: Cofagrigus
|-damage|p2a: Cofagrigus|239\/320
|
|-heal|p2a: Cofagrigus|259\/320|[from] item: Leftovers
|-damage|p1a: Flygon|12\/301 psn|[from] psn
|turn|16
|
|move|p1a: Flygon|Earthquake|p2a: Cofagrigus
|-crit|p2a: Cofagrigus
|-damage|p2a: Cofagrigus|133\/320
|move|p2a: Cofagrigus|Will-O-Wisp|p1a: Flygon|[miss]
|-miss|p2a: Cofagrigus|p1a: Flygon
|
|-heal|p2a: Cofagrigus|153\/320|[from] item: Leftovers
|-damage|p1a: Flygon|0 fnt|[from] psn
|faint|p1a: Flygon
|
|switch|p1a: Absol|Absol, F|271\/271
|turn|17
|
|detailschange|p1a: Absol|Absol-Mega, F
|-mega|p1a: Absol|Absol|Absolite
|move|p1a: Absol|Knock Off|p2a: Cofagrigus
|-supereffective|p2a: Cofagrigus
|-damage|p2a: Cofagrigus|0 fnt
|-endability|p1a: Absol|magicbounce|[from] Mummy
|-ability|p1a: Absol|Mummy|[from] Mummy
|-enditem|p2a: Cofagrigus|Leftovers|[from] move: Knock Off|[of] p1a: Absol
|faint|p2a: Cofagrigus
|
|
|switch|p2a: Galvantula|Galvantula, M|282\/282
|turn|18
|
|switch|p1a: Crobat|Crobat, F|373\/373
|move|p2a: Galvantula|Sticky Web|p1a: Crobat
|-sidestart|p1: ampd302|move: Sticky Web
|
|turn|19
|
|move|p1a: Crobat|Super Fang|p2a: Galvantula
|-damage|p2a: Galvantula|141\/282
|move|p2a: Galvantula|Thunder|p1a: Crobat
|-supereffective|p1a: Crobat
|-damage|p1a: Crobat|7\/373
|
|-heal|p1a: Crobat|30\/373|[from] item: Black Sludge
|turn|20
|
|move|p1a: Crobat|Roost|p1a: Crobat
|-heal|p1a: Crobat|217\/373
|move|p2a: Galvantula|Volt Switch|p1a: Crobat
|-crit|p1a: Crobat
|-damage|p1a: Crobat|21\/373
|
|switch|p2a: Beedrill|Beedrill-Mega, M|272\/272
|
|-heal|p1a: Crobat|44\/373|[from] item: Black Sludge
|turn|21
|
|switch|p1a: Weezing|Weezing, F|140\/333
|move|p2a: Beedrill|Poison Jab|p1a: Weezing
|-resisted|p1a: Weezing
|-damage|p1a: Weezing|75\/333
|
|-heal|p1a: Weezing|95\/333|[from] item: Black Sludge
|turn|22
|
|move|p2a: Beedrill|U-turn|p1a: Weezing
|-resisted|p1a: Weezing
|-damage|p1a: Weezing|37\/333
|
|switch|p2a: Galvantula|Galvantula, M|141\/282
|move|p1a: Weezing|Flamethrower|p2a: Galvantula
|-supereffective|p2a: Galvantula
|-damage|p2a: Galvantula|0 fnt
|faint|p2a: Galvantula
|
|-heal|p1a: Weezing|57\/333|[from] item: Black Sludge
|
|switch|p2a: Tentacruel|Tentacruel, M|164\/336 brn
|turn|23
|
|switch|p1a: Suicune|Suicune|128\/404
|-activate|p1a: Suicune|move: Sticky Web
|-unboost|p1a: Suicune|spe|1
|-ability|p1a: Suicune|Pressure
|move|p2a: Tentacruel|Scald|p1a: Suicune
|-resisted|p1a: Suicune
|-damage|p1a: Suicune|76\/404
|-status|p1a: Suicune|brn
|
|-damage|p2a: Tentacruel|122\/336 brn|[from] brn
|-damage|p1a: Suicune|26\/404 brn|[from] brn
|turn|24
|
|move|p2a: Tentacruel|Scald|p1a: Suicune
|-resisted|p1a: Suicune
|-damage|p1a: Suicune|0 fnt
|faint|p1a: Suicune
|
|-damage|p2a: Tentacruel|80\/336 brn|[from] brn
|
|switch|p1a: Weezing|Weezing, F|57\/333
|turn|25
|
|switch|p1a: Jirachi|Jirachi|186\/404
|-activate|p1a: Jirachi|move: Sticky Web
|-unboost|p1a: Jirachi|spe|1
|move|p2a: Tentacruel|Scald|p1a: Jirachi
|-damage|p1a: Jirachi|104\/404
|
|-damage|p2a: Tentacruel|38\/336 brn|[from] brn
|turn|26
|
|move|p2a: Tentacruel|Scald|p1a: Jirachi
|-damage|p1a: Jirachi|25\/404
|-status|p1a: Jirachi|brn
|move|p1a: Jirachi|Wish|p1a: Jirachi
|
|-damage|p2a: Tentacruel|0 fnt|[from] brn
|-damage|p1a: Jirachi|0 fnt|[from] brn
|faint|p2a: Tentacruel
|faint|p1a: Jirachi
|
|switch|p1a: Crobat|Crobat, F|44\/373
|switch|p2a: Alakazam|Alakazam, M|252\/252
|turn|27
|c|âblurghh|good play
|
|move|p1a: Crobat|Super Fang|p2a: Alakazam
|-damage|p2a: Alakazam|126\/252
|move|p2a: Alakazam|Psyshock|p1a: Crobat
|-supereffective|p1a: Crobat
|-damage|p1a: Crobat|0 fnt
|faint|p1a: Crobat
|
|c|âampd302|thank you sir
|c|âampd302|I was getting worried
|
|switch|p1a: Absol|Absol-Mega, F|271\/271
|-activate|p1a: Absol|move: Sticky Web
|-unboost|p1a: Absol|spe|1
|turn|28
|
|move|p1a: Absol|Sucker Punch|p2a: Alakazam
|-supereffective|p2a: Alakazam
|-damage|p2a: Alakazam|0 fnt
|faint|p2a: Alakazam
|
|
|switch|p2a: Beedrill|Beedrill-Mega, M|272\/272
|turn|29
|c|âblurghh|now if by some miracle i live this...
|c|âblurghh|lol
|
|move|p1a: Absol|Sucker Punch|p2a: Beedrill
|-damage|p2a: Beedrill|0 fnt
|faint|p2a: Beedrill
|
|win|ampd302
|raw|Ladder updating...
|raw|ampd302's rating: 1309 &rarr; <strong>1324<\/strong><br \/>(+15 for winning)
|raw|blurghh's rating: 1214 &rarr; <strong>1196<\/strong><br \/>(-18 for losing)
|c|âblurghh|gg
|c|âampd302|gg
|leave|blurghh