|join|2276a
|join|blurghh
|player|p1|2276a|162
|player|p2|blurghh|145
|gametype|singles
|gen|6
|tier|UU
|rated
|rule|Sleep Clause Mod: Limit one foe put to sleep
|rule|Species Clause: Limit one of each PokÃ©mon
|rule|OHKO Clause: OHKO moves are banned
|rule|Moody Clause: Moody is banned
|rule|Evasion Moves Clause: Evasion moves are banned
|rule|Endless Battle Clause: Forcing endless battles is banned
|rule|HP Percentage Mod: HP is shown in percentages
|clearpoke
|poke|p1|Forretress, M
|poke|p1|Chesnaught, M
|poke|p1|Rotom-Heat
|poke|p1|Flygon, M
|poke|p1|Starmie
|poke|p1|Banette, M
|poke|p2|Crobat, M
|poke|p2|Umbreon, F
|poke|p2|Blastoise, F
|poke|p2|Chesnaught, F
|poke|p2|Darmanitan, M
|poke|p2|Dragalge, F
|rule|Swagger Clause: Swagger is banned
|rule|Baton Pass Clause: Limit one PokÃ©mon knowing Baton Pass
|teampreview
|
|start
|switch|p1a: Flygon|Flygon, M|301\/301
|switch|p2a: Blastoise|Blastoise, F|342\/342
|turn|1
|
|detailschange|p2a: Blastoise|Blastoise-Mega, F
|-mega|p2a: Blastoise|Blastoise|Blastoisinite
|move|p1a: Flygon|U-turn|p2a: Blastoise
|-damage|p2a: Blastoise|276\/342
|
|switch|p1a: Starmie|Starmie|261\/261
|move|p2a: Blastoise|Scald|p1a: Starmie
|-resisted|p1a: Starmie
|-damage|p1a: Starmie|190\/261
|
|-heal|p1a: Starmie|206\/261|[from] item: Leftovers
|turn|2
|
|move|p1a: Starmie|Psyshock|p2a: Blastoise
|-damage|p2a: Blastoise|158\/342
|move|p2a: Blastoise|Dark Pulse|p1a: Starmie
|-supereffective|p1a: Starmie
|-damage|p1a: Starmie|0 fnt
|faint|p1a: Starmie
|
|
|switch|p1a: Chesnaught|Chesnaught, M|379\/379
|turn|3
|
|switch|p2a: Crobat|Crobat, M|311\/311
|move|p1a: Chesnaught|Seed Bomb|p2a: Crobat
|-resisted|p2a: Crobat
|-damage|p2a: Crobat|284\/311
|
|turn|4
|
|move|p1a: Chesnaught|Spiky Shield|p1a: Chesnaught
|-singleturn|p1a: Chesnaught|move: Protect
|move|p2a: Crobat|Brave Bird|p1a: Chesnaught
|-activate|p1a: Chesnaught|move: Protect
|-damage|p2a: Crobat|246\/311|[from] Spiky Shield|[of] p1a: Chesnaught
|
|turn|5
|
|switch|p1a: Rotom-Heat|Rotom-Heat|303\/303
|move|p2a: Crobat|U-turn|p1a: Rotom-Heat
|-resisted|p1a: Rotom-Heat
|-damage|p1a: Rotom-Heat|272\/303
|
|switch|p2a: Dragalge|Dragalge, F|334\/334
|
|-heal|p1a: Rotom-Heat|290\/303|[from] item: Leftovers
|turn|6
|
|move|p1a: Rotom-Heat|Volt Switch|p2a: Dragalge
|-resisted|p2a: Dragalge
|-damage|p2a: Dragalge|309\/334
|
|switch|p1a: Forretress|Forretress, M|353\/353
|move|p2a: Dragalge|Sludge Wave|p1a: Forretress
|-immune|p1a: Forretress|[msg]
|
|turn|7
|
|move|p2a: Dragalge|Scald|p1a: Forretress
|-damage|p1a: Forretress|273\/353
|-status|p1a: Forretress|brn
|move|p1a: Forretress|Stealth Rock|p2a: Dragalge
|-sidestart|p2: blurghh|move: Stealth Rock
|
|-heal|p1a: Forretress|295\/353 brn|[from] item: Leftovers
|-damage|p1a: Forretress|251\/353 brn|[from] brn
|turn|8
|
|switch|p2a: Blastoise|Blastoise-Mega, F|158\/342
|-damage|p2a: Blastoise|116\/342|[from] Stealth Rock
|move|p1a: Forretress|Volt Switch|p2a: Blastoise
|-supereffective|p2a: Blastoise
|-damage|p2a: Blastoise|66\/342
|
|switch|p1a: Banette|Banette, M|331\/331
|-item|p2a: Blastoise|Blastoisinite|[from] ability: Frisk|[of] p1a: Banette|[identify]
|
|turn|9
|
|detailschange|p1a: Banette|Banette-Mega, M
|-mega|p1a: Banette|Banette|Banettite
|move|p1a: Banette|Shadow Sneak|p2a: Blastoise
|-damage|p2a: Blastoise|0 fnt
|faint|p2a: Blastoise
|
|
|switch|p2a: Dragalge|Dragalge, F|309\/334
|-damage|p2a: Dragalge|268\/334|[from] Stealth Rock
|turn|10
|
|switch|p1a: Forretress|Forretress, M|251\/353 brn
|move|p2a: Dragalge|Scald|p1a: Forretress
|-damage|p1a: Forretress|169\/353 brn
|
|-heal|p1a: Forretress|191\/353 brn|[from] item: Leftovers
|-damage|p1a: Forretress|147\/353 brn|[from] brn
|turn|11
|
|switch|p2a: Crobat|Crobat, M|246\/311
|-damage|p2a: Crobat|169\/311|[from] Stealth Rock
|move|p1a: Forretress|Volt Switch|p2a: Crobat
|-supereffective|p2a: Crobat
|-damage|p2a: Crobat|87\/311
|
|switch|p1a: Banette|Banette-Mega, M|331\/331
|
|turn|12
|
|move|p1a: Banette|Shadow Sneak|p2a: Crobat
|-damage|p2a: Crobat|0 fnt
|faint|p2a: Crobat
|
|
|switch|p2a: Umbreon|Umbreon, F|394\/394
|-damage|p2a: Umbreon|345\/394|[from] Stealth Rock
|turn|13
|
|switch|p1a: Chesnaught|Chesnaught, M|379\/379
|move|p2a: Umbreon|Foul Play|p1a: Chesnaught
|-resisted|p1a: Chesnaught
|-damage|p1a: Chesnaught|346\/379
|
|-heal|p1a: Chesnaught|369\/379|[from] item: Leftovers
|-heal|p2a: Umbreon|369\/394|[from] item: Leftovers
|turn|14
|
|move|p1a: Chesnaught|Drain Punch|p2a: Umbreon
|-supereffective|p2a: Umbreon
|-damage|p2a: Umbreon|247\/394
|-heal|p1a: Chesnaught|379\/379|[from] drain|[of] p2a: Umbreon
|move|p2a: Umbreon|Wish|p2a: Umbreon
|
|-heal|p2a: Umbreon|271\/394|[from] item: Leftovers
|turn|15
|
|switch|p2a: Dragalge|Dragalge, F|268\/334
|-damage|p2a: Dragalge|227\/334|[from] Stealth Rock
|move|p1a: Chesnaught|Leech Seed|p2a: Dragalge
|-start|p2a: Dragalge|move: Leech Seed
|
|-heal|p2a: Dragalge|334\/334|[from] move: Wish|[wisher] Umbreon
|-damage|p2a: Dragalge|293\/334|[from] Leech Seed|[of] p1a: Chesnaught
|turn|16
|
|move|p1a: Chesnaught|Spiky Shield|p1a: Chesnaught
|-singleturn|p1a: Chesnaught|move: Protect
|move|p2a: Dragalge|Sludge Wave|p1a: Chesnaught
|-activate|p1a: Chesnaught|move: Protect
|
|-damage|p2a: Dragalge|252\/334|[from] Leech Seed|[of] p1a: Chesnaught
|turn|17
|
|switch|p1a: Forretress|Forretress, M|147\/353 brn
|switch|p2a: Darmanitan|Darmanitan, M|351\/351
|-damage|p2a: Darmanitan|264\/351|[from] Stealth Rock
|
|-heal|p1a: Forretress|169\/353 brn|[from] item: Leftovers
|-damage|p1a: Forretress|125\/353 brn|[from] brn
|turn|18
|
|move|p2a: Darmanitan|Flare Blitz|p1a: Forretress
|-supereffective|p1a: Forretress
|-damage|p1a: Forretress|0 fnt
|-damage|p2a: Darmanitan|223\/351|[from] recoil|[of] p1a: Forretress
|faint|p1a: Forretress
|
|
|switch|p1a: Flygon|Flygon, M|301\/301
|turn|19
|
|switch|p2a: Chesnaught|Chesnaught, F|317\/317
|-damage|p2a: Chesnaught|298\/317|[from] Stealth Rock
|move|p1a: Flygon|Earthquake|p2a: Chesnaught
|-resisted|p2a: Chesnaught
|-damage|p2a: Chesnaught|226\/317
|
|-heal|p2a: Chesnaught|245\/317|[from] item: Leftovers
|turn|20
|
|switch|p1a: Rotom-Heat|Rotom-Heat|290\/303
|move|p2a: Chesnaught|Drain Punch|p1a: Rotom-Heat
|-damage|p1a: Rotom-Heat|178\/303
|-heal|p2a: Chesnaught|301\/317|[from] drain|[of] p1a: Rotom-Heat
|
|-heal|p1a: Rotom-Heat|196\/303|[from] item: Leftovers
|-heal|p2a: Chesnaught|317\/317|[from] item: Leftovers
|turn|21
|
|move|p2a: Chesnaught|Spiky Shield|p2a: Chesnaught
|-singleturn|p2a: Chesnaught|move: Protect
|move|p1a: Rotom-Heat|Volt Switch|p2a: Chesnaught
|-activate|p2a: Chesnaught|move: Protect
|
|-heal|p1a: Rotom-Heat|214\/303|[from] item: Leftovers
|turn|22
|
|switch|p2a: Dragalge|Dragalge, F|252\/334
|-damage|p2a: Dragalge|211\/334|[from] Stealth Rock
|move|p1a: Rotom-Heat|Overheat|p2a: Dragalge
|-resisted|p2a: Dragalge
|-damage|p2a: Dragalge|163\/334
|-unboost|p1a: Rotom-Heat|spa|2
|
|-heal|p1a: Rotom-Heat|232\/303|[from] item: Leftovers
|turn|23
|
|move|p1a: Rotom-Heat|Will-O-Wisp|p2a: Dragalge
|-status|p2a: Dragalge|brn
|move|p2a: Dragalge|Scald|p1a: Rotom-Heat
|-supereffective|p1a: Rotom-Heat
|-damage|p1a: Rotom-Heat|92\/303
|
|-heal|p1a: Rotom-Heat|110\/303|[from] item: Leftovers
|-damage|p2a: Dragalge|122\/334 brn|[from] brn
|turn|24
|
|move|p1a: Rotom-Heat|Volt Switch|p2a: Dragalge
|-resisted|p2a: Dragalge
|-damage|p2a: Dragalge|109\/334 brn
|
|switch|p1a: Chesnaught|Chesnaught, M|379\/379
|move|p2a: Dragalge|Sludge Wave|p1a: Chesnaught
|-supereffective|p1a: Chesnaught
|-damage|p1a: Chesnaught|0 fnt
|faint|p1a: Chesnaught
|
|-damage|p2a: Dragalge|68\/334 brn|[from] brn
|
|switch|p1a: Banette|Banette-Mega, M|331\/331
|turn|25
|
|switch|p2a: Chesnaught|Chesnaught, F|317\/317
|-damage|p2a: Chesnaught|298\/317|[from] Stealth Rock
|move|p1a: Banette|Shadow Sneak|p2a: Chesnaught
|-damage|p2a: Chesnaught|216\/317
|
|-heal|p2a: Chesnaught|235\/317|[from] item: Leftovers
|turn|26
|
|move|p1a: Banette|Taunt|p2a: Chesnaught
|-start|p2a: Chesnaught|move: Taunt
|cant|p2a: Chesnaught|move: Taunt|Leech Seed
|
|-heal|p2a: Chesnaught|254\/317|[from] item: Leftovers
|turn|27
|
|move|p1a: Banette|Shadow Sneak|p2a: Chesnaught
|-damage|p2a: Chesnaught|181\/317
|move|p2a: Chesnaught|Wood Hammer|p1a: Banette
|-damage|p1a: Banette|75\/331
|-damage|p2a: Chesnaught|97\/317|[from] recoil|[of] p1a: Banette
|
|-heal|p2a: Chesnaught|116\/317|[from] item: Leftovers
|turn|28
|
|move|p1a: Banette|Destiny Bond|p1a: Banette
|-singlemove|p1a: Banette|Destiny Bond
|move|p2a: Chesnaught|Wood Hammer|p1a: Banette
|-damage|p1a: Banette|0 fnt
|-damage|p2a: Chesnaught|91\/317|[from] recoil|[of] p1a: Banette
|faint|p1a: Banette
|-activate|p1a: Banette|Destiny Bond
|faint|p2a: Chesnaught
|
|
|switch|p1a: Rotom-Heat|Rotom-Heat|110\/303
|switch|p2a: Umbreon|Umbreon, F|271\/394
|-damage|p2a: Umbreon|222\/394|[from] Stealth Rock
|turn|29
|
|move|p1a: Rotom-Heat|Pain Split|p2a: Umbreon
|-sethp|p2a: Umbreon|166\/394|p1a: Rotom-Heat|166\/303|[from] move: Pain Split
|move|p2a: Umbreon|Wish|p2a: Umbreon
|
|-heal|p1a: Rotom-Heat|184\/303|[from] item: Leftovers
|-heal|p2a: Umbreon|190\/394|[from] item: Leftovers
|turn|30
|
|move|p1a: Rotom-Heat|Will-O-Wisp|p2a: Umbreon
|-status|p2a: Umbreon|brn
|move|p2a: Umbreon|Heal Bell|p2a: Umbreon
|-cureteam|p2a: Umbreon|[from] move: HealBell
|
|-heal|p2a: Umbreon|387\/394|[from] move: Wish|[wisher] Umbreon
|-heal|p1a: Rotom-Heat|202\/303|[from] item: Leftovers
|-heal|p2a: Umbreon|394\/394|[from] item: Leftovers
|turn|31
|
|move|p1a: Rotom-Heat|Will-O-Wisp|p2a: Umbreon
|-status|p2a: Umbreon|brn
|move|p2a: Umbreon|Wish|p2a: Umbreon
|
|-heal|p1a: Rotom-Heat|220\/303|[from] item: Leftovers
|-damage|p2a: Umbreon|345\/394 brn|[from] brn
|turn|32
|
|move|p1a: Rotom-Heat|Overheat|p2a: Umbreon
|-damage|p2a: Umbreon|224\/394 brn
|-unboost|p1a: Rotom-Heat|spa|2
|move|p2a: Umbreon|Baton Pass|p2a: Umbreon
|
|switch|p2a: Dragalge|Dragalge, F|68\/334
|-damage|p2a: Dragalge|27\/334|[from] Stealth Rock
|
|-heal|p2a: Dragalge|224\/334|[from] move: Wish|[wisher] Umbreon
|-heal|p1a: Rotom-Heat|238\/303|[from] item: Leftovers
|turn|33
|
|move|p1a: Rotom-Heat|Pain Split|p2a: Dragalge
|-sethp|p2a: Dragalge|231\/334|p1a: Rotom-Heat|231\/303|[from] move: Pain Split
|move|p2a: Dragalge|Draco Meteor|p1a: Rotom-Heat
|-damage|p1a: Rotom-Heat|9\/303
|-unboost|p2a: Dragalge|spa|2
|
|-heal|p1a: Rotom-Heat|27\/303|[from] item: Leftovers
|turn|34
|
|move|p1a: Rotom-Heat|Pain Split|p2a: Dragalge
|-sethp|p2a: Dragalge|129\/334|p1a: Rotom-Heat|129\/303|[from] move: Pain Split
|move|p2a: Dragalge|Draco Meteor|p1a: Rotom-Heat
|-damage|p1a: Rotom-Heat|19\/303
|-unboost|p2a: Dragalge|spa|2
|
|-heal|p1a: Rotom-Heat|37\/303|[from] item: Leftovers
|turn|35
|
|move|p1a: Rotom-Heat|Pain Split|p2a: Dragalge
|-sethp|p2a: Dragalge|83\/334|p1a: Rotom-Heat|83\/303|[from] move: Pain Split
|move|p2a: Dragalge|Draco Meteor|p1a: Rotom-Heat
|-damage|p1a: Rotom-Heat|11\/303
|-unboost|p2a: Dragalge|spa|2
|
|-heal|p1a: Rotom-Heat|29\/303|[from] item: Leftovers
|turn|36
|
|move|p1a: Rotom-Heat|Pain Split|p2a: Dragalge
|-sethp|p2a: Dragalge|56\/334|p1a: Rotom-Heat|56\/303|[from] move: Pain Split
|move|p2a: Dragalge|Draco Meteor|p1a: Rotom-Heat
|-damage|p1a: Rotom-Heat|0 fnt
|faint|p1a: Rotom-Heat
|
|
|switch|p1a: Flygon|Flygon, M|301\/301
|turn|37
|
|switch|p2a: Darmanitan|Darmanitan, M|223\/351
|-damage|p2a: Darmanitan|136\/351|[from] Stealth Rock
|move|p1a: Flygon|Earthquake|p2a: Darmanitan
|-supereffective|p2a: Darmanitan
|-damage|p2a: Darmanitan|0 fnt
|faint|p2a: Darmanitan
|
|
|switch|p2a: Umbreon|Umbreon, F|224\/394 brn
|-damage|p2a: Umbreon|175\/394 brn|[from] Stealth Rock
|turn|38
|
|move|p1a: Flygon|Earthquake|p2a: Umbreon
|-damage|p2a: Umbreon|64\/394 brn
|move|p2a: Umbreon|Wish|p2a: Umbreon
|
|-heal|p2a: Umbreon|88\/394 brn|[from] item: Leftovers
|-damage|p2a: Umbreon|39\/394 brn|[from] brn
|turn|39
|c|âblurghh|if only i had protect
|
|move|p1a: Flygon|Earthquake|p2a: Umbreon
|-damage|p2a: Umbreon|0 fnt
|faint|p2a: Umbreon
|
|c|âblurghh|gg
|
|switch|p2a: Dragalge|Dragalge, F|56\/334
|-damage|p2a: Dragalge|15\/334|[from] Stealth Rock
|turn|40
|c|â2276a|gg
|c|â2276a|i like the green force
|
|move|p1a: Flygon|Earthquake|p2a: Dragalge
|-crit|p2a: Dragalge
|-supereffective|p2a: Dragalge
|-damage|p2a: Dragalge|0 fnt
|faint|p2a: Dragalge
|
|win|2276a
|raw|Ladder updating...
|raw|2276a's rating: 1397 &rarr; <strong>1411<\/strong><br \/>(+14 for winning)
|raw|blurghh's rating: 1303 &rarr; <strong>1289<\/strong><br \/>(-14 for losing)
|leave|blurghh
|player|p2