|join|radianthero156
|join|blurghh
|player|p1|radianthero156|33
|player|p2|blurghh|145
|gametype|singles
|gen|6
|tier|UU
|rated
|rule|Sleep Clause Mod: Limit one foe put to sleep
|rule|Species Clause: Limit one of each PokÃ©mon
|rule|OHKO Clause: OHKO moves are banned
|rule|Moody Clause: Moody is banned
|rule|Evasion Moves Clause: Evasion moves are banned
|rule|Endless Battle Clause: Forcing endless battles is banned
|rule|HP Percentage Mod: HP is shown in percentages
|clearpoke
|poke|p1|Infernape, M
|poke|p1|Sharpedo, M, shiny
|poke|p1|Jirachi
|poke|p1|Barbaracle, M, shiny
|poke|p1|Celebi
|poke|p1|Gligar, M, shiny
|poke|p2|Rotom-Heat
|poke|p2|Beedrill, M
|poke|p2|Forretress, F
|poke|p2|Swampert, M
|poke|p2|Umbreon, M
|poke|p2|Crobat, F
|rule|Swagger Clause: Swagger is banned
|rule|Baton Pass Clause: Limit one PokÃ©mon knowing Baton Pass
|teampreview
|
|start
|switch|p1a: Infernape|Infernape, M|293\/293
|switch|p2a: Crobat|Crobat, F|311\/311
|turn|1
|
|switch|p1a: Jirachi|Jirachi|341\/341
|move|p2a: Crobat|Brave Bird|p1a: Jirachi
|-resisted|p1a: Jirachi
|-damage|p1a: Jirachi|254\/341
|-damage|p2a: Crobat|282\/311|[from] recoil|[of] p1a: Jirachi
|
|turn|2
|
|switch|p2a: Forretress|Forretress, F|354\/354
|move|p1a: Jirachi|U-turn|p2a: Forretress
|-resisted|p2a: Forretress
|-damage|p2a: Forretress|328\/354
|
|switch|p1a: Infernape|Infernape, M|293\/293
|
|-heal|p2a: Forretress|350\/354|[from] item: Leftovers
|turn|3
|
|switch|p2a: Rotom-Heat|Rotom-Heat|297\/297
|move|p1a: Infernape|Close Combat|p2a: Rotom-Heat
|-damage|p2a: Rotom-Heat|109\/297
|-unboost|p1a: Infernape|def|1
|-unboost|p1a: Infernape|spd|1
|-damage|p1a: Infernape|264\/293|[from] item: Life Orb
|
|turn|4
|
|switch|p1a: Gligar|Gligar, M, shiny|333\/333
|switch|p2a: Crobat|Crobat, F|282\/311
|
|turn|5
|
|move|p2a: Crobat|U-turn|p1a: Gligar
|-resisted|p1a: Gligar
|-damage|p1a: Gligar|311\/333
|
|switch|p2a: Swampert|Swampert, M|389\/389
|move|p1a: Gligar|U-turn|p2a: Swampert
|-damage|p2a: Swampert|355\/389
|
|switch|p1a: Celebi|Celebi|403\/403
|
|-heal|p2a: Swampert|379\/389|[from] item: Leftovers
|turn|6
|
|switch|p2a: Rotom-Heat|Rotom-Heat|109\/297
|move|p1a: Celebi|Baton Pass|p1a: Celebi
|
|switch|p1a: Gligar|Gligar, M, shiny|311\/333
|
|turn|7
|
|switch|p1a: Barbaracle|Barbaracle, M, shiny|285\/285
|move|p2a: Rotom-Heat|Overheat|p1a: Barbaracle
|-resisted|p1a: Barbaracle
|-damage|p1a: Barbaracle|228\/285
|-unboost|p2a: Rotom-Heat|spa|2
|
|turn|8
|
|switch|p1a: Infernape|Infernape, M|264\/293
|move|p2a: Rotom-Heat|Thunderbolt|p1a: Infernape
|-damage|p1a: Infernape|170\/293
|
|turn|9
|
|switch|p2a: Swampert|Swampert, M|379\/389
|move|p1a: Infernape|Fire Blast|p2a: Swampert
|-resisted|p2a: Swampert
|-damage|p2a: Swampert|257\/389
|-status|p2a: Swampert|brn
|-damage|p1a: Infernape|141\/293|[from] item: Life Orb
|
|-heal|p2a: Swampert|281\/389 brn|[from] item: Leftovers
|-damage|p2a: Swampert|233\/389 brn|[from] brn
|turn|10
|
|move|p1a: Infernape|Grass Knot|p2a: Swampert
|-supereffective|p2a: Swampert
|-damage|p2a: Swampert|0 fnt
|-damage|p1a: Infernape|112\/293|[from] item: Life Orb
|faint|p2a: Swampert
|
|
|switch|p2a: Crobat|Crobat, F|282\/311
|turn|11
|
|move|p2a: Crobat|U-turn|p1a: Infernape
|-resisted|p1a: Infernape
|-damage|p1a: Infernape|85\/293
|
|switch|p2a: Umbreon|Umbreon, M|394\/394
|move|p1a: Infernape|Fire Blast|p2a: Umbreon
|-damage|p2a: Umbreon|198\/394
|-damage|p1a: Infernape|56\/293|[from] item: Life Orb
|
|-heal|p2a: Umbreon|222\/394|[from] item: Leftovers
|turn|12
|
|switch|p2a: Rotom-Heat|Rotom-Heat|109\/297
|move|p1a: Infernape|Close Combat|p2a: Rotom-Heat
|-damage|p2a: Rotom-Heat|0 fnt
|-unboost|p1a: Infernape|def|1
|-unboost|p1a: Infernape|spd|1
|-damage|p1a: Infernape|27\/293|[from] item: Life Orb
|faint|p2a: Rotom-Heat
|
|c|âblurghh|dayum
|
|switch|p2a: Crobat|Crobat, F|282\/311
|turn|13
|c|âblurghh|this ape is pushing my shit in pretty good
|c|âradianthero156|ape is a rly good mon
|
|move|p1a: Infernape|Vacuum Wave|p2a: Crobat
|-resisted|p2a: Crobat
|-damage|p2a: Crobat|257\/311
|-damage|p1a: Infernape|0 fnt|[from] item: Life Orb
|faint|p1a: Infernape
|move|p2a: Crobat|Brave Bird|p1: Infernape|[notarget]
|-notarget
|
|
|switch|p1a: Barbaracle|Barbaracle, M, shiny|228\/285
|turn|14
|
|switch|p2a: Umbreon|Umbreon, M|222\/394
|move|p1a: Barbaracle|Shell Smash|p1a: Barbaracle
|-boost|p1a: Barbaracle|atk|2
|-boost|p1a: Barbaracle|spa|2
|-boost|p1a: Barbaracle|spe|2
|-unboost|p1a: Barbaracle|def|1
|-unboost|p1a: Barbaracle|spd|1
|
|-heal|p2a: Umbreon|246\/394|[from] item: Leftovers
|turn|15
|
|move|p1a: Barbaracle|X-Scissor|p2a: Umbreon
|-supereffective|p2a: Umbreon
|-damage|p2a: Umbreon|0 fnt
|faint|p2a: Umbreon
|
|
|switch|p2a: Forretress|Forretress, F|350\/354
|turn|16
|
|move|p1a: Barbaracle|Razor Shell|p2a: Forretress
|-damage|p2a: Forretress|136\/354
|-unboost|p2a: Forretress|def|1
|move|p2a: Forretress|Volt Switch|p1a: Barbaracle
|-supereffective|p1a: Barbaracle
|-damage|p1a: Barbaracle|98\/285
|
|switch|p2a: Crobat|Crobat, F|257\/311
|
|turn|17
|
|move|p2a: Crobat|U-turn|p1a: Barbaracle
|-damage|p1a: Barbaracle|2\/285
|
|switch|p2a: Forretress|Forretress, F|136\/354
|move|p1a: Barbaracle|Razor Shell|p2a: Forretress
|-damage|p2a: Forretress|0 fnt
|faint|p2a: Forretress
|
|
|switch|p2a: Crobat|Crobat, F|257\/311
|turn|18
|
|move|p2a: Crobat|U-turn|p1a: Barbaracle
|-damage|p1a: Barbaracle|0 fnt
|faint|p1a: Barbaracle
|c|âblurghh|i was really hoping that first uturn would kill
|c|âradianthero156|ah
|c|âblurghh|now i have no chance against scarfed rachi
|
|switch|p2a: Beedrill|Beedrill, M|271\/271
|
|
|switch|p1a: Jirachi|Jirachi|254\/341
|turn|19
|c|âradianthero156|well i can miss
|
|detailschange|p2a: Beedrill|Beedrill-Mega, M
|-mega|p2a: Beedrill|Beedrill|Beedrillite
|move|p1a: Jirachi|Zen Headbutt|p2a: Beedrill
|-supereffective|p2a: Beedrill
|-damage|p2a: Beedrill|0 fnt
|faint|p2a: Beedrill
|
|c|âradianthero156|phew
|c|âblurghh|gg
|c|âradianthero156|gg
|
|switch|p2a: Crobat|Crobat, F|257\/311
|turn|20
|
|move|p2a: Crobat|U-turn|p1a: Jirachi
|-damage|p1a: Jirachi|179\/341
|move|p1a: Jirachi|Zen Headbutt|p2a: Crobat
|-supereffective|p2a: Crobat
|-damage|p2a: Crobat|0 fnt
|faint|p2a: Crobat
|
|win|radianthero156
|raw|Ladder updating...
|raw|radianthero156's rating: 1401 &rarr; <strong>1422<\/strong><br \/>(+21 for winning)
|raw|blurghh's rating: 1424 &rarr; <strong>1403<\/strong><br \/>(-21 for losing)
|leave|radianthero156