|join|DM35
|join|DarkMuffins
|player|p1|DM35|285
|player|p2|DarkMuffins|106
|gametype|singles
|gen|6
|tier|UU
|rule|Sleep Clause Mod: Limit one foe put to sleep
|rule|Species Clause: Limit one of each PokÃ©mon
|rule|OHKO Clause: OHKO moves are banned
|rule|Moody Clause: Moody is banned
|rule|Evasion Moves Clause: Evasion moves are banned
|rule|Endless Battle Clause: Forcing endless battles is banned
|rule|HP Percentage Mod: HP is shown in percentages
|clearpoke
|poke|p1|Alomomola, M
|poke|p1|Lanturn, F
|poke|p1|Tentacruel, F
|poke|p1|Suicune
|poke|p1|Swampert, F
|poke|p1|Vaporeon, M
|poke|p2|Sharpedo, F
|poke|p2|Jellicent, F
|poke|p2|Swampert, F
|poke|p2|Empoleon, F
|poke|p2|Suicune
|poke|p2|Kingdra, M
|rule|Swagger Clause: Swagger is banned
|rule|Baton Pass Clause: Limit one PokÃ©mon knowing Baton Pass
|teampreview
|join|Koren
|join|Blade64
|join|Drought Kyogre
|join|RampleGhost
|c|âDM35|rof
|join|megacharizard565
|join|Gorgontech
|join|Death on Wings
|join|sherp
|join|HRpercussion
|join|Gym Leder David
|join|Gnief Fiar
|c| Drought Kyogre|jellicent thoug
|c| Gorgontech|water we waiting for.
|c| Death on Wings|Gee, I wonder if water's highly used in this meta?
|join|onom
|c| Drought Kyogre|nahhhhh
|c| onom|It is
|
|start
|switch|p1a: Alomomola|Alomomola, M|534\/534
|switch|p2a: Jellicent|Jellicent, F|404\/404
|turn|1
|c| onom|Actually
|c| Gym Leder David|is this mono uu water lol?
|c| onom|No
|
|switch|p1a: Tentacruel|Tentacruel, F|363\/363
|switch|p2a: Empoleon|Empoleon, F|351\/351
|
|turn|2
|join|spasquatch
|join|Ben Ohver
|c| onom|Water just has the best mons in UU
|join|Kiseitai
|
|move|p1a: Tentacruel|Toxic Spikes|p2a: Empoleon
|-sidestart|p2: DarkMuffins|move: Toxic Spikes
|move|p2a: Empoleon|Scald|p1a: Tentacruel
|-resisted|p1a: Tentacruel
|-damage|p1a: Tentacruel|284\/363
|
|-heal|p1a: Tentacruel|306\/363|[from] item: Black Sludge
|turn|3
|c| Ben Ohver|oh lorde
|
|move|p1a: Tentacruel|Toxic Spikes|p2a: Empoleon
|-sidestart|p2: DarkMuffins|move: Toxic Spikes
|move|p2a: Empoleon|Scald|p1a: Tentacruel
|-resisted|p1a: Tentacruel
|-damage|p1a: Tentacruel|225\/363
|-status|p1a: Tentacruel|brn
|
|-heal|p1a: Tentacruel|247\/363 brn|[from] item: Black Sludge
|-damage|p1a: Tentacruel|202\/363 brn|[from] brn
|turn|4
|join|Kuki Brightmoon
|c| onom|And burn
|
|switch|p1a: Lanturn|Lanturn, F|401\/401
|switch|p2a: Jellicent|Jellicent, F|404\/404
|-status|p2a: Jellicent|tox
|
|-damage|p2a: Jellicent|379\/404 tox|[from] psn
|turn|5
|join|raving grenade
|join|baddaddysteve
|c| Blade64|Depending on who wins, what's going to be chosen next?
|
|move|p1a: Lanturn|Heal Bell|p1a: Lanturn
|-cureteam|p1a: Lanturn|[from] move: HealBell
|move|p2a: Jellicent|Shadow Ball|p1a: Lanturn
|-damage|p1a: Lanturn|323\/401
|
|-heal|p1a: Lanturn|348\/401|[from] item: Leftovers
|-heal|p2a: Jellicent|404\/404 tox|[from] item: Leftovers
|-damage|p2a: Jellicent|354\/404 tox|[from] psn
|turn|6
|c| onom|The But no Tentacruel
|
|switch|p2a: Swampert|Swampert, F|401\/401
|-status|p2a: Swampert|tox
|move|p1a: Lanturn|Volt Switch|p2a: Swampert
|-immune|p2a: Swampert|[msg]
|
|-heal|p1a: Lanturn|373\/401|[from] item: Leftovers
|-damage|p2a: Swampert|376\/401 tox|[from] psn
|turn|7
|c| Ben Ohver|cough
|c| Ben Ohver|pu
|
|switch|p1a: Alomomola|Alomomola, M|534\/534
|move|p2a: Swampert|Stealth Rock|p1a: Alomomola
|-sidestart|p1: DM35|move: Stealth Rock
|
|-heal|p2a: Swampert|401\/401 tox|[from] item: Leftovers
|-damage|p2a: Swampert|351\/401 tox|[from] psn
|turn|8
|c| Ben Ohver|I will pay
|
|move|p1a: Alomomola|Wish|p1a: Alomomola
|move|p2a: Swampert|Toxic|p1a: Alomomola
|-status|p1a: Alomomola|tox
|
|-heal|p2a: Swampert|376\/401 tox|[from] item: Leftovers
|-damage|p1a: Alomomola|501\/534 tox|[from] psn
|-damage|p2a: Swampert|301\/401 tox|[from] psn
|turn|9
|join|hailrocks
|leave|Gnief Fiar
|c| Blade64|*cough* Not AG *cough* *cough*
|join|Affinity 04
|
|switch|p1a: Swampert|Swampert, F|404\/404
|-damage|p1a: Swampert|379\/404|[from] Stealth Rock
|switch|p2a: Empoleon|Empoleon, F|351\/351
|
|-heal|p1a: Swampert|404\/404|[from] move: Wish|[wisher] Alomomola
|turn|10
|c| Not Ben Ohver|cough
|c| megacharizard565|this is a bad luck battle
|c| Not Ben Ohver|Ben is right
|
|detailschange|p1a: Swampert|Swampert-Mega, F
|message|Swampert has Mega Evolved into Mega Swampert!
|move|p2a: Empoleon|Scald|p1a: Swampert
|-damage|p1a: Swampert|242\/404
|-status|p1a: Swampert|brn
|move|p1a: Swampert|Stealth Rock|p2a: Empoleon
|-sidestart|p2: DarkMuffins|move: Stealth Rock
|
|-damage|p1a: Swampert|192\/404 brn|[from] brn
|turn|11
|c| Not Ben Ohver|PU
|c| Affinity 04|burrrrn
|c| onom|Just Defog
|c| Drought Kyogre|^
|c| Ben Ohver|thanks
|c| Drought Kyogre|inb4 no defog
|c| megacharizard565|like a mega swwampert
|
|switch|p2a: Jellicent|Jellicent, F|354\/404 tox
|-damage|p2a: Jellicent|304\/404 tox|[from] Stealth Rock
|move|p1a: Swampert|Earthquake|p2a: Jellicent
|-damage|p2a: Jellicent|187\/404 tox
|-start|p1a: Swampert|Disable|Earthquake
|
|-heal|p2a: Jellicent|212\/404 tox|[from] item: Leftovers
|-damage|p1a: Swampert|142\/404 brn|[from] brn
|-damage|p2a: Jellicent|187\/404 tox|[from] psn
|turn|12
|join|Qubae
|join|Greed1
|c| megacharizard565|oh tea
|
|switch|p1a: Lanturn|Lanturn, F|373\/401
|-damage|p1a: Lanturn|323\/401|[from] Stealth Rock
|move|p2a: Jellicent|Recover|p2a: Jellicent
|-heal|p2a: Jellicent|389\/404 tox
|
|-heal|p1a: Lanturn|348\/401|[from] item: Leftovers
|-heal|p2a: Jellicent|404\/404 tox|[from] item: Leftovers
|-damage|p2a: Jellicent|354\/404 tox|[from] psn
|turn|13
|c| megacharizard565|i meant oh yea
|c| onom|And lol on you
|leave|Greed1
|leave|Affinity 04
|c| megacharizard565|like a mega swampert
|
|switch|p2a: Swampert|Swampert, F|301\/401 tox
|-damage|p2a: Swampert|276\/401 tox|[from] Stealth Rock
|move|p1a: Lanturn|Heal Bell|p1a: Lanturn
|-cureteam|p1a: Lanturn|[from] move: HealBell
|
|-heal|p1a: Lanturn|373\/401|[from] item: Leftovers
|-heal|p2a: Swampert|301\/401 tox|[from] item: Leftovers
|-damage|p2a: Swampert|276\/401 tox|[from] psn
|turn|14
|c| megacharizard565|no nononono
|
|switch|p1a: Alomomola|Alomomola, M|534\/534
|-damage|p1a: Alomomola|468\/534|[from] Stealth Rock
|move|p2a: Swampert|Earthquake|p1a: Alomomola
|-damage|p1a: Alomomola|363\/534
|
|-heal|p1a: Alomomola|396\/534|[from] item: Leftovers
|-heal|p2a: Swampert|301\/401 tox|[from] item: Leftovers
|-damage|p2a: Swampert|251\/401 tox|[from] psn
|turn|15
|
|move|p1a: Alomomola|Wish|p1a: Alomomola
|move|p2a: Swampert|Toxic|p1a: Alomomola
|-status|p1a: Alomomola|tox
|
|-heal|p1a: Alomomola|429\/534 tox|[from] item: Leftovers
|-heal|p2a: Swampert|276\/401 tox|[from] item: Leftovers
|-damage|p1a: Alomomola|396\/534 tox|[from] psn
|-damage|p2a: Swampert|201\/401 tox|[from] psn
|turn|16
|
|switch|p1a: Swampert|Swampert-Mega, F|142\/404
|-damage|p1a: Swampert|117\/404|[from] Stealth Rock
|move|p2a: Swampert|Toxic|p1a: Swampert
|-status|p1a: Swampert|tox
|
|-heal|p1a: Swampert|384\/404 tox|[from] move: Wish|[wisher] Alomomola
|-heal|p2a: Swampert|226\/401 tox|[from] item: Leftovers
|-damage|p1a: Swampert|359\/404 tox|[from] psn
|-damage|p2a: Swampert|126\/401 tox|[from] psn
|turn|17
|leave|Koren
|c| Qubae|man stall water makes me cringe
|c|âDM35|why?
|c| Qubae|its annoying af to deal with
|
|switch|p1a: Alomomola|Alomomola, M|534\/534 tox
|-damage|p1a: Alomomola|468\/534 tox|[from] Stealth Rock
|move|p2a: Swampert|Earthquake|p1a: Alomomola
|-damage|p1a: Alomomola|362\/534 tox
|
|-heal|p1a: Alomomola|395\/534 tox|[from] item: Leftovers
|-heal|p2a: Swampert|151\/401 tox|[from] item: Leftovers
|-damage|p1a: Alomomola|362\/534 tox|[from] psn
|-damage|p2a: Swampert|26\/401 tox|[from] psn
|turn|18
|
|move|p1a: Alomomola|Wish|p1a: Alomomola
|move|p2a: Swampert|Earthquake|p1a: Alomomola
|-damage|p1a: Alomomola|251\/534 tox
|
|-heal|p1a: Alomomola|284\/534 tox|[from] item: Leftovers
|-heal|p2a: Swampert|51\/401 tox|[from] item: Leftovers
|-damage|p1a: Alomomola|218\/534 tox|[from] psn
|-damage|p2a: Swampert|0 fnt|[from] psn
|faint|p2a: Swampert
|c| onom|Wow
|c| Qubae|i liked swift swim water better
|join|Chimplup
|c| onom|Empoleon
|c| onom|Defog
|c| onom|Should be option :(
|
|switch|p2a: Empoleon|Empoleon, F|351\/351
|-damage|p2a: Empoleon|330\/351|[from] Stealth Rock
|turn|19
|
|switch|p1a: Lanturn|Lanturn, F|373\/401
|-damage|p1a: Lanturn|323\/401|[from] Stealth Rock
|move|p2a: Empoleon|Hydro Pump|p1a: Lanturn
|-resisted|p1a: Lanturn
|-damage|p1a: Lanturn|182\/401
|
|-heal|p1a: Lanturn|401\/401|[from] move: Wish|[wisher] Alomomola
|turn|20
|join|sir_utakata
|join|xDemonicCloudx
|
|switch|p2a: Jellicent|Jellicent, F|354\/404 tox
|-damage|p2a: Jellicent|304\/404 tox|[from] Stealth Rock
|move|p1a: Lanturn|Heal Bell|p1a: Lanturn
|-cureteam|p1a: Lanturn|[from] move: HealBell
|
|-heal|p2a: Jellicent|329\/404 tox|[from] item: Leftovers
|-damage|p2a: Jellicent|304\/404 tox|[from] psn
|turn|21
|c| Qubae|specs..?
|leave|raving grenade
|
|move|p1a: Lanturn|Volt Switch|p2a: Jellicent
|-supereffective|p2a: Jellicent
|-damage|p2a: Jellicent|206\/404 tox
|-start|p1a: Lanturn|Disable|Volt Switch
|
|switch|p1a: Swampert|Swampert-Mega, F|359\/404
|-damage|p1a: Swampert|334\/404|[from] Stealth Rock
|move|p2a: Jellicent|Will-O-Wisp|p1a: Swampert
|-status|p1a: Swampert|brn
|
|-heal|p2a: Jellicent|231\/404 tox|[from] item: Leftovers
|-damage|p1a: Swampert|284\/404 brn|[from] brn
|-damage|p2a: Jellicent|181\/404 tox|[from] psn
|turn|22
|c| onom|And the burn
|
|switch|p1a: Lanturn|Lanturn, F|401\/401
|-damage|p1a: Lanturn|351\/401|[from] Stealth Rock
|move|p2a: Jellicent|Recover|p2a: Jellicent
|-heal|p2a: Jellicent|383\/404 tox
|
|-heal|p1a: Lanturn|376\/401|[from] item: Leftovers
|-heal|p2a: Jellicent|404\/404 tox|[from] item: Leftovers
|-damage|p2a: Jellicent|329\/404 tox|[from] psn
|turn|23
|c| onom|Nice
|
|move|p1a: Lanturn|Heal Bell|p1a: Lanturn
|-cureteam|p1a: Lanturn|[from] move: HealBell
|move|p2a: Jellicent|Shadow Ball|p1a: Lanturn
|-damage|p1a: Lanturn|295\/401
|
|-heal|p1a: Lanturn|320\/401|[from] item: Leftovers
|-heal|p2a: Jellicent|354\/404 tox|[from] item: Leftovers
|-damage|p2a: Jellicent|254\/404 tox|[from] psn
|turn|24
|
|move|p1a: Lanturn|Volt Switch|p2a: Jellicent
|-supereffective|p2a: Jellicent
|-damage|p2a: Jellicent|168\/404 tox
|-start|p1a: Lanturn|Disable|Volt Switch
|
|switch|p1a: Tentacruel|Tentacruel, F|202\/363
|-damage|p1a: Tentacruel|157\/363|[from] Stealth Rock
|move|p2a: Jellicent|Will-O-Wisp|p1a: Tentacruel|[miss]
|-miss|p2a: Jellicent|p1a: Tentacruel
|
|-heal|p1a: Tentacruel|179\/363|[from] item: Black Sludge
|-heal|p2a: Jellicent|193\/404 tox|[from] item: Leftovers
|-damage|p2a: Jellicent|68\/404 tox|[from] psn
|turn|25
|
|switch|p2a: Empoleon|Empoleon, F|330\/351
|-damage|p2a: Empoleon|309\/351|[from] Stealth Rock
|move|p1a: Tentacruel|Acid Spray|p2a: Empoleon
|-immune|p2a: Empoleon|[msg]
|
|-heal|p1a: Tentacruel|201\/363|[from] item: Black Sludge
|turn|26
|
|move|p1a: Tentacruel|Rapid Spin|p2a: Empoleon
|-resisted|p2a: Empoleon
|-damage|p2a: Empoleon|303\/351
|-sideend|p1: DM35|Stealth Rock|[from] move: Rapid Spin|[of] p1a: Tentacruel
|move|p2a: Empoleon|Hydro Pump|p1a: Tentacruel
|-resisted|p1a: Tentacruel
|-damage|p1a: Tentacruel|81\/363
|
|-heal|p1a: Tentacruel|103\/363|[from] item: Black Sludge
|turn|27
|
|switch|p1a: Vaporeon|Vaporeon, M|463\/463
|move|p2a: Empoleon|Hydro Pump|p1a: Vaporeon
|-immune|p1a: Vaporeon|[msg]
|
|turn|28
|c| onom|Wow
|c| onom|DarkMuffins is going to lose
|
|switch|p2a: Jellicent|Jellicent, F|68\/404 tox
|-damage|p2a: Jellicent|18\/404 tox|[from] Stealth Rock
|move|p1a: Vaporeon|Wish|p1a: Vaporeon
|
|-heal|p2a: Jellicent|43\/404 tox|[from] item: Leftovers
|-damage|p2a: Jellicent|18\/404 tox|[from] psn
|turn|29
|
|switch|p1a: Tentacruel|Tentacruel, F|103\/363
|move|p2a: Jellicent|Will-O-Wisp|p1a: Tentacruel
|-status|p1a: Tentacruel|brn
|
|-heal|p1a: Tentacruel|334\/363 brn|[from] move: Wish|[wisher] Vaporeon
|-heal|p1a: Tentacruel|356\/363 brn|[from] item: Black Sludge
|-heal|p2a: Jellicent|43\/404 tox|[from] item: Leftovers
|-damage|p1a: Tentacruel|311\/363 brn|[from] brn
|-damage|p2a: Jellicent|0 fnt|[from] psn
|faint|p2a: Jellicent
|c|âDM35|ugh
|c|âDM35|didnt think youd sac jelli
|c| megacharizard565|i think dm35 is gonna win this tournament
|
|switch|p2a: Kingdra|Kingdra, M|291\/291
|-damage|p2a: Kingdra|255\/291|[from] Stealth Rock
|-status|p2a: Kingdra|tox
|-enditem|p2a: Kingdra|Lum Berry|[eat]
|-curestatus|p2a: Kingdra|tox
|turn|30
|
|move|p2a: Kingdra|Dragon Dance|p2a: Kingdra
|-boost|p2a: Kingdra|atk|1
|-boost|p2a: Kingdra|spe|1
|move|p1a: Tentacruel|Scald|p2a: Kingdra
|-resisted|p2a: Kingdra
|-damage|p2a: Kingdra|236\/291
|
|-heal|p1a: Tentacruel|333\/363 brn|[from] item: Black Sludge
|-damage|p1a: Tentacruel|288\/363 brn|[from] brn
|turn|31
|
|switch|p1a: Suicune|Suicune|404\/404
|-ability|p1a: Suicune|Pressure
|move|p2a: Kingdra|Outrage|p1a: Suicune
|-damage|p1a: Suicune|230\/404
|
|-heal|p1a: Suicune|255\/404|[from] item: Leftovers
|turn|32
|c| Qubae|\/me looks around for quagsire
|
|move|p2a: Kingdra|Outrage|p1a: Suicune
|-damage|p1a: Suicune|75\/404
|move|p1a: Suicune|Scald|p2a: Kingdra
|-resisted|p2a: Kingdra
|-damage|p2a: Kingdra|212\/291
|
|-end|p2a: Kingdra|rampage
|-start|p2a: Kingdra|confusion
|-heal|p1a: Suicune|100\/404|[from] item: Leftovers
|turn|33
|join|SBO Satoshi
|c| Ben Ohver|dd kingdra dayun
|
|switch|p1a: Alomomola|Alomomola, M|396\/534
|-activate|p2a: Kingdra|confusion
|-damage|p2a: Kingdra|145\/291|[from] confusion
|
|-heal|p1a: Alomomola|429\/534|[from] item: Leftovers
|turn|34
|join|little man maurice
|
|-end|p2a: Kingdra|confusion
|move|p2a: Kingdra|Dragon Dance|p2a: Kingdra
|-boost|p2a: Kingdra|atk|1
|-boost|p2a: Kingdra|spe|1
|move|p1a: Alomomola|Wish|p1a: Alomomola
|
|-heal|p1a: Alomomola|462\/534|[from] item: Leftovers
|turn|35
|c| megacharizard565|i know your tactic dm35
|
|move|p2a: Kingdra|Outrage|p1a: Alomomola
|-crit|p1a: Alomomola
|-damage|p1a: Alomomola|0 fnt
|faint|p1a: Alomomola
|
|c| Qubae|.
|c| Ben Ohver|oh dayum
|c|âDM35|well
|c| Drought Kyogre|enter suicune
|c|âDM35|that crit might be it
|c| Ben Ohver|alalallalalalalma died
|
|switch|p1a: Suicune|Suicune|100\/404
|-ability|p1a: Suicune|Pressure
|turn|36
|
|move|p2a: Kingdra|Outrage|p1a: Suicune
|-damage|p1a: Suicune|0 fnt
|faint|p1a: Suicune
|
|c|âDM35|yup
|c|âDM35|one crit
|c| Ben Ohver|oh dayum
|
|switch|p1a: Swampert|Swampert-Mega, F|284\/404
|turn|37
|c| Qubae|nah its okay
|c| Ben Ohver|unless parahax
|
|move|p2a: Kingdra|Outrage|p1a: Swampert
|-damage|p1a: Swampert|5\/404
|move|p1a: Swampert|Earthquake|p2a: Kingdra
|-damage|p2a: Kingdra|0 fnt
|faint|p2a: Kingdra
|
|leave|hailrocks
|c| Qubae|just pray for confuse
|c| Ben Ohver|o sheet
|c| Ben Ohver|tank
|c|âDM35|SWAMP
|join|Cnorth26
|
|switch|p2a: Sharpedo|Sharpedo, F|281\/281
|-damage|p2a: Sharpedo|246\/281|[from] Stealth Rock
|-status|p2a: Sharpedo|tox
|turn|38
|c| Ben Ohver|YOU MONSTER
|c| little man maurice|just barely hangin on out there
|c| Ben Ohver|jesus
|
|detailschange|p2a: Sharpedo|Sharpedo-Mega, F
|message|Sharpedo has Mega Evolved into Mega Sharpedo!
|move|p2a: Sharpedo|Crunch|p1a: Swampert
|-damage|p1a: Swampert|0 fnt
|faint|p1a: Swampert
|
|-damage|p2a: Sharpedo|229\/281 tox|[from] psn
|c| Ben Ohver|ate that like a swamp burger
|
|switch|p1a: Vaporeon|Vaporeon, M|463\/463
|turn|39
|
|move|p2a: Sharpedo|Crunch|p1a: Vaporeon
|-crit|p1a: Vaporeon
|-damage|p1a: Vaporeon|0 fnt
|faint|p1a: Vaporeon
|
|-damage|p2a: Sharpedo|195\/281 tox|[from] psn
|c| Qubae|..
|c| Ben Ohver|....
|c| HRpercussion|o-o
|c| Qubae|.
|c| Cnorth26|r
|c| Qubae|.
|c|âDM35|ahaha
|c| Qubae|.
|c| Cnorth26|i
|c| Drought Kyogre|lol crits for days
|c| Qubae|.
|join|urgoth
|c| Qubae|.
|c| Cnorth26|p
|c|âDM35|are you joking
|
|switch|p1a: Lanturn|Lanturn, F|320\/401
|turn|40
|c| little man maurice|you just got, what the kids would call
|c| little man maurice|wrekt
|c| baddaddysteve|what!
|c| Qubae|no crocoune wins
|
|move|p2a: Sharpedo|Crunch|p1a: Lanturn
|-damage|p1a: Lanturn|71\/401
|-unboost|p1a: Lanturn|def|1
|move|p1a: Lanturn|Volt Switch|p2a: Sharpedo
|-supereffective|p2a: Sharpedo
|-damage|p2a: Sharpedo|7\/281 tox
|c| Qubae|now*
|
|switch|p1a: Tentacruel|Tentacruel, F|288\/363 brn
|
|-heal|p1a: Tentacruel|310\/363 brn|[from] item: Black Sludge
|-damage|p2a: Sharpedo|0 fnt|[from] psn
|-damage|p1a: Tentacruel|265\/363 brn|[from] brn
|faint|p2a: Sharpedo
|c| Cnorth26|nice and powerful
|leave|sir_utakata
|c| Cnorth26|jus defog
|join|Koren
|join|Geotal
|c| Cnorth26|and win
|c|âDM35|n emp wins
|c|âDM35|thanks to those fkin crits taking out my wish passers
|
|switch|p2a: Suicune|Suicune|404\/404
|-status|p2a: Suicune|tox
|-damage|p2a: Suicune|354\/404 tox|[from] Stealth Rock
|-ability|p2a: Suicune|Pressure
|turn|41
|
|move|p1a: Tentacruel|Acid Spray|p2a: Suicune
|-damage|p2a: Suicune|317\/404 tox
|-unboost|p2a: Suicune|spd|2
|move|p2a: Suicune|Calm Mind|p2a: Suicune
|-boost|p2a: Suicune|spa|1
|-boost|p2a: Suicune|spd|1
|
|-heal|p1a: Tentacruel|287\/363 brn|[from] item: Black Sludge
|-heal|p2a: Suicune|342\/404 tox|[from] item: Leftovers
|-damage|p1a: Tentacruel|242\/363 brn|[from] brn
|-damage|p2a: Suicune|317\/404 tox|[from] psn
|turn|42
|c| Ben Ohver|what is than man doung
|
|move|p1a: Tentacruel|Acid Spray|p2a: Suicune
|-damage|p2a: Suicune|268\/404 tox
|-unboost|p2a: Suicune|spd|2
|move|p2a: Suicune|Calm Mind|p2a: Suicune
|-boost|p2a: Suicune|spa|1
|-boost|p2a: Suicune|spd|1
|
|-heal|p1a: Tentacruel|264\/363 brn|[from] item: Black Sludge
|-heal|p2a: Suicune|293\/404 tox|[from] item: Leftovers
|-damage|p1a: Tentacruel|219\/363 brn|[from] brn
|-damage|p2a: Suicune|243\/404 tox|[from] psn
|turn|43
|c| Cnorth26|idk
|leave|Geotal
|c| Ben Ohver|he's going to lose
|c| Ben Ohver|lel
|join|QueenieKaty
|
|move|p1a: Tentacruel|Acid Spray|p2a: Suicune
|-crit|p2a: Suicune
|-damage|p2a: Suicune|144\/404 tox
|-unboost|p2a: Suicune|spd|2
|move|p2a: Suicune|Scald|p1a: Tentacruel
|-resisted|p1a: Tentacruel
|-damage|p1a: Tentacruel|156\/363 brn
|
|-heal|p1a: Tentacruel|178\/363 brn|[from] item: Black Sludge
|-heal|p2a: Suicune|169\/404 tox|[from] item: Leftovers
|-damage|p1a: Tentacruel|133\/363 brn|[from] brn
|-damage|p2a: Suicune|94\/404 tox|[from] psn
|turn|44
|c| Ben Ohver|oh no
|c| Ben Ohver|katy is back
|c| Qubae|.
|c| Qubae|choke
|
|move|p1a: Tentacruel|Acid Spray|p2a: Suicune
|-damage|p2a: Suicune|0 fnt
|faint|p2a: Suicune
|
|-heal|p1a: Tentacruel|155\/363 brn|[from] item: Black Sludge
|-damage|p1a: Tentacruel|110\/363 brn|[from] brn
|c| Ben Ohver|....
|c| Ben Ohver|did he just
|c|âDM35|i lose anywa
|
|switch|p2a: Empoleon|Empoleon, F|303\/351
|-damage|p2a: Empoleon|282\/351|[from] Stealth Rock
|turn|45
|c| Qubae|no
|c| Cnorth26|eh
|c|âDM35|two crits were game
|c| Qubae|well idk
|
|move|p1a: Tentacruel|Scald|p2a: Empoleon
|-resisted|p2a: Empoleon
|-damage|p2a: Empoleon|244\/351
|-status|p2a: Empoleon|brn
|move|p2a: Empoleon|Hydro Pump|p1a: Tentacruel|[miss]
|-miss|p2a: Empoleon|p1a: Tentacruel
|
|-heal|p1a: Tentacruel|132\/363 brn|[from] item: Black Sludge
|-damage|p1a: Tentacruel|87\/363 brn|[from] brn
|-damage|p2a: Empoleon|201\/351 brn|[from] brn
|turn|46
|c| Cnorth26|depends on the emp
|c| Ben Ohver|inb4 crit volt switch
|c| little man maurice|you could make this one tbh
|c| Cnorth26|ooh
|c| Ben Ohver|oh dayum
|c| Qubae|here it comes
|c| Ben Ohver|he won?
|c| Cnorth26|offensive
|
|move|p1a: Tentacruel|Scald|p2a: Empoleon
|-resisted|p2a: Empoleon
|-damage|p2a: Empoleon|161\/351 brn
|move|p2a: Empoleon|Hydro Pump|p1a: Tentacruel
|-resisted|p1a: Tentacruel
|-damage|p1a: Tentacruel|0 fnt
|faint|p1a: Tentacruel
|
|-damage|p2a: Empoleon|118\/351 brn|[from] brn
|c| Cnorth26|powerful
|c| Qubae|idk why you dont have grass knot
|
|switch|p1a: Lanturn|Lanturn, F|71\/401
|turn|47
|
|move|p2a: Empoleon|Hydro Pump|p1a: Lanturn
|-resisted|p1a: Lanturn
|-damage|p1a: Lanturn|0 fnt
|faint|p1a: Lanturn
|
|win|DarkMuffins
|join|Fortune
|c| little man maurice|at least you got a burn on it but goddamn
|c| Ben Ohver|oh dayum
|c| Qubae|damn
|leave|Blade64
|c|âDM35|so fucking done
|leave|Drought Kyogre
|leave|QueenieKaty
|leave|Qubae
|leave|Ben Ohver
|leave|Gym Leder David
|leave|little man maurice
|leave|Fortune
|leave|sherp
|leave|HRpercussion
|leave|Kiseitai
|leave|spasquatch
|leave|xDemonicCloudx
|leave|Koren
|leave|urgoth
|leave|megacharizard565
|leave|Death on Wings
|leave|baddaddysteve
|leave|DarkMuffins
|player|p2