|join|SelfProclaimedGod
|join|DM35
|player|p1|SelfProclaimedGod|170
|player|p2|DM35|285
|gametype|singles
|gen|6
|tier|UU
|rule|Sleep Clause Mod: Limit one foe put to sleep
|rule|Species Clause: Limit one of each PokÃ©mon
|rule|OHKO Clause: OHKO moves are banned
|rule|Moody Clause: Moody is banned
|rule|Evasion Moves Clause: Evasion moves are banned
|rule|Endless Battle Clause: Forcing endless battles is banned
|rule|HP Percentage Mod: HP is shown in percentages
|clearpoke
|poke|p1|Gallade, M
|poke|p1|Vaporeon, F
|poke|p1|Crobat, F
|poke|p1|Hippowdon, F
|poke|p1|Hydreigon, M
|poke|p1|Mienshao, M
|poke|p2|Sceptile, M, shiny
|poke|p2|Empoleon, F
|poke|p2|Rotom-Heat
|poke|p2|Crobat, M
|poke|p2|Hippowdon, M
|poke|p2|Umbreon, F
|rule|Swagger Clause: Swagger is banned
|rule|Baton Pass Clause: Limit one PokÃ©mon knowing Baton Pass
|teampreview
|join|StoneColdStveAustn
|join|DeerayYoDaddy
|join|PokeguyNXB
|join|Laurens2603
|join|Pinkin Lark
|join|LeviathanRanger9
|join|BurstStream
|
|start
|switch|p1a: Mienshao|Mienshao, M|271\/271
|switch|p2a: Rotom-Heat|Rotom-Heat|241\/241
|turn|1
|join|WP Shuckle
|c| Laurens2603|counterteamed
|c| LeviathanRanger9|to the s
|c| DeerayYoDaddy|o shit this is the butthurt dude
|join|LarryBusJr
|c| LeviathanRanger9|to the c
|join|the swan of ice
|c| LeviathanRanger9|to the p
|c| LeviathanRanger9|to the e
|
|switch|p2a: Hippowdon|Hippowdon, M|419\/419
|move|p1a: Mienshao|U-turn|p2a: Hippowdon
|-damage|p2a: Hippowdon|364\/419
|c| LeviathanRanger9|to the t
|join|creeperfaceL
|c| PokeguyNXB|damn, at school, teacher gonna freeze computers soon :(
|
|switch|p1a: Hydreigon|Hydreigon, M|325\/325
|
|-heal|p2a: Hippowdon|390\/419|[from] item: Leftovers
|turn|2
|c| the swan of ice|hes leaf blame gallade with dread plate and charge beam
|c| LeviathanRanger9|to the i
|c| the swan of ice|so watch out
|join|Swalex
|c| LeviathanRanger9|to the l
|c| the swan of ice|blade
|
|switch|p2a: Umbreon|Umbreon, F|393\/393
|move|p1a: Hydreigon|Draco Meteor|p2a: Umbreon
|-damage|p2a: Umbreon|201\/393
|-unboost|p1a: Hydreigon|spa|2
|
|-heal|p2a: Umbreon|225\/393|[from] item: Leftovers
|turn|3
|c| DeerayYoDaddy|m
|c| LeviathanRanger9|to the e
|c| DeerayYoDaddy|naw healing wish
|c| LeviathanRanger9|sceeeepptile
|c| DeerayYoDaddy|and skill swap
|raw|<div class="broadcast-red"><b>Moderated chat was set to +!<\/b><br \/>Only users of rank + and higher can talk.<\/div>
|
|switch|p1a: Gallade|Gallade, M|287\/287
|move|p2a: Umbreon|Wish|p2a: Umbreon
|
|-heal|p2a: Umbreon|249\/393|[from] item: Leftovers
|turn|4
|leave|creeperfaceL
|
|switch|p2a: Hippowdon|Hippowdon, M|390\/419
|detailschange|p1a: Gallade|Gallade-Mega, M
|message|Gallade has Mega Evolved into Mega Gallade!
|move|p1a: Gallade|Zen Headbutt|p2a: Hippowdon
|-damage|p2a: Hippowdon|278\/419
|
|-heal|p2a: Hippowdon|419\/419|[from] move: Wish|[wisher] Umbreon
|turn|5
|
|move|p1a: Gallade|Will-O-Wisp|p2a: Hippowdon
|-status|p2a: Hippowdon|brn
|move|p2a: Hippowdon|Stealth Rock|p1a: Gallade
|-sidestart|p1: SelfProclaimedGod|move: Stealth Rock
|
|-damage|p2a: Hippowdon|367\/419 brn|[from] brn
|turn|6
|
|move|p1a: Gallade|Knock Off|p2a: Hippowdon
|-damage|p2a: Hippowdon|268\/419 brn
|-enditem|p2a: Hippowdon|Leftovers|[from] move: Knock Off|[of] p1a: Gallade
|move|p2a: Hippowdon|Whirlwind|p1a: Gallade
|drag|p1a: Crobat|Crobat, F|373\/373
|-damage|p1a: Crobat|280\/373|[from] Stealth Rock
|
|-heal|p1a: Crobat|303\/373|[from] item: Black Sludge
|-damage|p2a: Hippowdon|216\/419 brn|[from] brn
|turn|7
|
|switch|p2a: Rotom-Heat|Rotom-Heat|241\/241
|move|p1a: Crobat|Defog|p2a: Rotom-Heat
|-unboost|p2a: Rotom-Heat|evasion|1
|-sideend|p1: SelfProclaimedGod|Stealth Rock|[from] move: Defog|[of] p1a: Crobat
|
|-heal|p1a: Crobat|326\/373|[from] item: Black Sludge
|turn|8
|
|switch|p1a: Hydreigon|Hydreigon, M|325\/325
|move|p2a: Rotom-Heat|Will-O-Wisp|p1a: Hydreigon
|-status|p1a: Hydreigon|brn
|
|-damage|p1a: Hydreigon|285\/325 brn|[from] brn
|turn|9
|
|switch|p2a: Empoleon|Empoleon, F|372\/372
|move|p1a: Hydreigon|Draco Meteor|p2a: Empoleon
|-resisted|p2a: Empoleon
|-damage|p2a: Empoleon|236\/372
|-unboost|p1a: Hydreigon|spa|2
|
|-heal|p2a: Empoleon|259\/372|[from] item: Leftovers
|-damage|p1a: Hydreigon|245\/325 brn|[from] brn
|turn|10
|
|switch|p1a: Lukewarm|Vaporeon, F|449\/449
|move|p2a: Empoleon|Toxic|p1a: Lukewarm
|-status|p1a: Lukewarm|tox
|
|-heal|p2a: Empoleon|282\/372|[from] item: Leftovers
|-damage|p1a: Lukewarm|421\/449 tox|[from] psn
|turn|11
|
|switch|p1a: Gallade|Gallade-Mega, M|287\/287
|switch|p2a: Sceptile|Sceptile, M, shiny|281\/281
|
|turn|12
|join|DMT
|c|+DMT|can I have
|
|switch|p2a: Crobat|Crobat, M|373\/373
|move|p1a: Gallade|Zen Headbutt|p2a: Crobat
|-supereffective|p2a: Crobat
|-damage|p2a: Crobat|0 fnt
|faint|p2a: Crobat
|
|c|+DMT|both of your teams
|c|+DMT|I like them
|join|hunterx-305
|
|switch|p2a: Hippowdon|Hippowdon, M|216\/419 brn
|turn|13
|c|âSelfProclaimedGod|I'll pass you mine
|
|move|p1a: Gallade|Knock Off|p2a: Hippowdon
|-damage|p2a: Hippowdon|158\/419 brn
|move|p2a: Hippowdon|Slack Off|p2a: Hippowdon
|-heal|p2a: Hippowdon|368\/419 brn
|
|-damage|p2a: Hippowdon|316\/419 brn|[from] brn
|turn|14
|c|+DMT|Cool thanks
|c|âDM35|yea you can have mine too
|c|+DMT|Awesome
|c|+DMT|:^]
|c|âSelfProclaimedGod|When can I expect another Vidoe?
|c|âDM35|but you might wanna fix up the mega swamp weakness
|
|switch|p1a: Lukewarm|Vaporeon, F|421\/449 tox
|move|p2a: Hippowdon|Stealth Rock|p1a: Lukewarm
|-sidestart|p1: SelfProclaimedGod|move: Stealth Rock
|
|-heal|p1a: Lukewarm|449\/449 tox|[from] item: Leftovers
|-damage|p1a: Lukewarm|421\/449 tox|[from] psn
|-damage|p2a: Hippowdon|264\/419 brn|[from] brn
|turn|15
|
|switch|p1a: Mienshao|Mienshao, M|271\/271
|-damage|p1a: Mienshao|255\/271|[from] Stealth Rock
|switch|p2a: Sceptile|Sceptile, M, shiny|281\/281
|
|turn|16
|c|âSelfProclaimedGod|Do HJk kill?
|c|âSelfProclaimedGod|does*
|
|switch|p2a: Hippowdon|Hippowdon, M|264\/419 brn
|move|p1a: Mienshao|U-turn|p2a: Hippowdon
|-damage|p2a: Hippowdon|207\/419 brn
|
|switch|p1a: Crobat|Crobat, F|326\/373
|-damage|p1a: Crobat|233\/373|[from] Stealth Rock
|
|-heal|p1a: Crobat|256\/373|[from] item: Black Sludge
|-damage|p2a: Hippowdon|155\/419 brn|[from] brn
|turn|17
|c|+DMT|!dt sceptile mega
|c|~|\/data-pokemon Sceptile-Mega
|raw|<font size="1"><font color=#585858>Dex#:<\/font> 254&nbsp;|&ThickSpace;<font color=#585858>Height:<\/font> 1.9 m&nbsp;|&ThickSpace;<font color=#585858>Weight:<\/font> 55.2 kg <em>(80 BP)<\/em>&nbsp;|&ThickSpace;<font color=#585858>Dex Colour:<\/font> Green&nbsp;|&ThickSpace;<font color=#585858>Egg Group(s):<\/font> Monster, Dragon&nbsp;|&ThickSpace;<font color=#585858><font color=#585858>Does Not Evolve<\/font><\/font><\/font>
|join|zTPCz
|
|move|p1a: Crobat|Defog|p2a: Hippowdon
|-unboost|p2a: Hippowdon|evasion|1
|-sideend|p1: SelfProclaimedGod|Stealth Rock|[from] move: Defog|[of] p1a: Crobat
|move|p2a: Hippowdon|Slack Off|p2a: Hippowdon
|-heal|p2a: Hippowdon|365\/419 brn
|
|-heal|p1a: Crobat|279\/373|[from] item: Black Sludge
|-damage|p2a: Hippowdon|313\/419 brn|[from] brn
|turn|18
|c|âDM35|probs
|join|meowiekins
|
|switch|p2a: Rotom-Heat|Rotom-Heat|241\/241
|move|p1a: Crobat|Brave Bird|p2a: Rotom-Heat
|-resisted|p2a: Rotom-Heat
|-damage|p2a: Rotom-Heat|174\/241
|-damage|p1a: Crobat|257\/373|[from] recoil|[of] p2a: Rotom-Heat
|
|-heal|p1a: Crobat|280\/373|[from] item: Black Sludge
|turn|19
|
|switch|p1a: Hippowdon|Hippowdon, F|419\/419
|-weather|Sandstorm
|move|p2a: Rotom-Heat|Volt Switch|p1a: Hippowdon
|-immune|p1a: Hippowdon|[msg]
|
|-weather|Sandstorm|[upkeep]
|-damage|p2a: Rotom-Heat|159\/241|[from] sandstorm
|turn|20
|c|âDM35|ugh
|
|switch|p2a: Sceptile|Sceptile, M, shiny|281\/281
|switch|p1a: Hydreigon|Hydreigon, M|245\/325 brn
|
|-weather|Sandstorm|[upkeep]
|-damage|p2a: Sceptile|264\/281|[from] sandstorm
|-damage|p1a: Hydreigon|225\/325 brn|[from] sandstorm
|-damage|p1a: Hydreigon|185\/325 brn|[from] brn
|turn|21
|
|switch|p2a: Umbreon|Umbreon, F|249\/393
|move|p1a: Hydreigon|Draco Meteor|p2a: Umbreon
|-damage|p2a: Umbreon|38\/393
|-unboost|p1a: Hydreigon|spa|2
|
|-weather|Sandstorm|[upkeep]
|-damage|p1a: Hydreigon|165\/325 brn|[from] sandstorm
|-damage|p2a: Umbreon|14\/393|[from] sandstorm
|-heal|p2a: Umbreon|38\/393|[from] item: Leftovers
|-damage|p1a: Hydreigon|125\/325 brn|[from] brn
|turn|22
|join|RegiSteelYourGirl
|
|move|p2a: Umbreon|Protect|p2a: Umbreon
|-singleturn|p2a: Umbreon|Protect
|move|p1a: Hydreigon|Draco Meteor|p2a: Umbreon
|-activate|p2a: Umbreon|Protect
|
|-weather|Sandstorm|[upkeep]
|-damage|p1a: Hydreigon|105\/325 brn|[from] sandstorm
|-damage|p2a: Umbreon|14\/393|[from] sandstorm
|-heal|p2a: Umbreon|38\/393|[from] item: Leftovers
|-damage|p1a: Hydreigon|65\/325 brn|[from] brn
|turn|23
|join|MegaShuckle2015
|leave|Swalex
|
|switch|p2a: Empoleon|Empoleon, F|282\/372
|move|p1a: Hydreigon|Draco Meteor|p2a: Empoleon
|-resisted|p2a: Empoleon
|-damage|p2a: Empoleon|204\/372
|-unboost|p1a: Hydreigon|spa|2
|
|-weather|none
|-heal|p2a: Empoleon|227\/372|[from] item: Leftovers
|-damage|p1a: Hydreigon|25\/325 brn|[from] brn
|turn|24
|
|switch|p1a: Gallade|Gallade-Mega, M|287\/287
|move|p2a: Empoleon|Protect|p2a: Empoleon
|-fail|p2a: Empoleon
|
|-heal|p2a: Empoleon|250\/372|[from] item: Leftovers
|turn|25
|leave|RegiSteelYourGirl
|
|switch|p2a: Umbreon|Umbreon, F|38\/393
|move|p1a: Gallade|Drain Punch|p2a: Umbreon
|-supereffective|p2a: Umbreon
|-damage|p2a: Umbreon|0 fnt
|faint|p2a: Umbreon
|
|
|switch|p2a: Hippowdon|Hippowdon, M|313\/419 brn
|turn|26
|
|move|p1a: Gallade|Zen Headbutt|p2a: Hippowdon
|-damage|p2a: Hippowdon|195\/419 brn
|move|p2a: Hippowdon|Stealth Rock|p1a: Gallade
|-sidestart|p1: SelfProclaimedGod|move: Stealth Rock
|
|-damage|p2a: Hippowdon|143\/419 brn|[from] brn
|turn|27
|leave|hunterx-305
|c|âDM35|ima just stop here before i get 6-o'd
|c|âDM35|gg
|-message|DM35 forfeited.
|
|win|SelfProclaimedGod
|leave|Pinkin Lark
|c|âSelfProclaimedGod|Gg?
|leave|DeerayYoDaddy
|join|A Tyke
|leave|A Tyke
|leave|StoneColdStveAustn
|leave|DM35
|player|p2
|join|Naval
|leave|LeviathanRanger9
|leave|Laurens2603
|leave|WP Shuckle
|leave|MegaShuckle2015
|leave|BurstStream
|join|Cell in a Hell