|join|DM35
|join|Pradz93
|player|p1|DM35|285
|player|p2|Pradz93|35
|gametype|singles
|gen|6
|tier|UU
|rated
|rule|Sleep Clause Mod: Limit one foe put to sleep
|rule|Species Clause: Limit one of each PokÃ©mon
|rule|OHKO Clause: OHKO moves are banned
|rule|Moody Clause: Moody is banned
|rule|Evasion Moves Clause: Evasion moves are banned
|rule|Endless Battle Clause: Forcing endless battles is banned
|rule|HP Percentage Mod: HP is shown in percentages
|clearpoke
|poke|p1|Chesnaught, M
|poke|p1|Entei, shiny
|poke|p1|Aggron, M
|poke|p1|Florges, F
|poke|p1|Starmie
|poke|p1|Hydreigon, F
|poke|p2|Sharpedo, M
|poke|p2|Nidoqueen, F
|poke|p2|Blastoise, M
|poke|p2|Florges, F
|poke|p2|Infernape, M
|poke|p2|Flygon, M
|rule|Swagger Clause: Swagger is banned
|rule|Baton Pass Clause: Limit one PokÃ©mon knowing Baton Pass
|teampreview
|c|âPradz93|gl hf
|join|Arsenicfish
|
|start
|switch|p1a: Hydreigon|Hydreigon, F|325\/325
|switch|p2a: Flygon|Flygon, M|301\/301
|turn|1
|c|âDM35|u2
|
|switch|p2a: Florges|Florges, F|360\/360
|switch|p1a: Aggron|Aggron, M|344\/344
|
|turn|2
|
|switch|p2a: Nidoqueen|Nidoqueen, F|322\/322
|detailschange|p1a: Aggron|Aggron-Mega, M
|message|Aggron has Mega Evolved into Mega Aggron!
|move|p1a: Aggron|Stealth Rock|p2a: Nidoqueen
|-sidestart|p2: Pradz93|move: Stealth Rock
|
|turn|3
|
|switch|p1a: Starmie|Starmie|323\/323
|move|p2a: Nidoqueen|Earth Power|p1a: Starmie
|-damage|p1a: Starmie|89\/323
|
|-heal|p1a: Starmie|109\/323|[from] item: Leftovers
|turn|4
|
|switch|p2a: Florges|Florges, F|360\/360
|-damage|p2a: Florges|315\/360|[from] Stealth Rock
|move|p1a: Starmie|Scald|p2a: Florges
|-damage|p2a: Florges|266\/360
|
|-heal|p1a: Starmie|129\/323|[from] item: Leftovers
|-heal|p2a: Florges|288\/360|[from] item: Leftovers
|turn|5
|
|move|p1a: Starmie|Recover|p1a: Starmie
|-heal|p1a: Starmie|291\/323
|move|p2a: Florges|Wish|p2a: Florges
|
|-heal|p1a: Starmie|311\/323|[from] item: Leftovers
|-heal|p2a: Florges|310\/360|[from] item: Leftovers
|turn|6
|
|switch|p1a: Entei|Entei, shiny|371\/371
|-ability|p1a: Entei|Pressure
|move|p2a: Florges|Toxic|p1a: Entei
|-status|p1a: Entei|tox
|
|-heal|p2a: Florges|360\/360|[from] move: Wish|[wisher] Florges
|-damage|p1a: Entei|348\/371 tox|[from] psn
|turn|7
|
|switch|p2a: Blastoise|Blastoise, M|362\/362
|-damage|p2a: Blastoise|317\/362|[from] Stealth Rock
|move|p1a: Entei|Iron Head|p2a: Blastoise
|-resisted|p2a: Blastoise
|-damage|p2a: Blastoise|279\/362
|
|-heal|p2a: Blastoise|301\/362|[from] item: Leftovers
|-damage|p1a: Entei|302\/371 tox|[from] psn
|turn|8
|
|switch|p1a: Starmie|Starmie|311\/323
|move|p2a: Blastoise|Rapid Spin|p1a: Starmie
|-damage|p1a: Starmie|297\/323
|-sideend|p2: Pradz93|Stealth Rock|[from] move: Rapid Spin|[of] p2a: Blastoise
|
|-heal|p1a: Starmie|317\/323|[from] item: Leftovers
|-heal|p2a: Blastoise|323\/362|[from] item: Leftovers
|turn|9
|
|switch|p2a: Florges|Florges, F|360\/360
|move|p1a: Starmie|Thunderbolt|p2a: Florges
|-damage|p2a: Florges|320\/360
|-status|p2a: Florges|par
|
|-heal|p1a: Starmie|323\/323|[from] item: Leftovers
|-heal|p2a: Florges|342\/360 par|[from] item: Leftovers
|turn|10
|
|switch|p1a: Aggron|Aggron-Mega, M|344\/344
|switch|p2a: Flygon|Flygon, M|301\/301
|
|turn|11
|
|move|p2a: Flygon|U-turn|p1a: Aggron
|-resisted|p1a: Aggron
|-damage|p1a: Aggron|331\/344
|
|switch|p2a: Nidoqueen|Nidoqueen, F|322\/322
|move|p1a: Aggron|Stealth Rock|p2a: Nidoqueen
|-sidestart|p2: Pradz93|move: Stealth Rock
|
|turn|12
|
|switch|p1a: Starmie|Starmie|323\/323
|move|p2a: Nidoqueen|Stealth Rock|p1a: Starmie
|-sidestart|p1: DM35|move: Stealth Rock
|
|turn|13
|
|switch|p2a: Florges|Florges, F|342\/360 par
|-damage|p2a: Florges|297\/360 par|[from] Stealth Rock
|move|p1a: Starmie|Scald|p2a: Florges
|-damage|p2a: Florges|246\/360 par
|
|-heal|p2a: Florges|268\/360 par|[from] item: Leftovers
|turn|14
|
|move|p1a: Starmie|Rapid Spin|p2a: Florges
|-damage|p2a: Florges|256\/360 par
|-sideend|p1: DM35|Stealth Rock|[from] move: Rapid Spin|[of] p1a: Starmie
|move|p2a: Florges|Wish|p2a: Florges
|
|-heal|p2a: Florges|278\/360 par|[from] item: Leftovers
|turn|15
|
|switch|p1a: Entei|Entei, shiny|302\/371 tox
|-ability|p1a: Entei|Pressure
|switch|p2a: Flygon|Flygon, M|301\/301
|-damage|p2a: Flygon|283\/301|[from] Stealth Rock
|
|-heal|p2a: Flygon|301\/301|[from] move: Wish|[wisher] Florges
|-damage|p1a: Entei|279\/371 tox|[from] psn
|turn|16
|
|switch|p1a: Hydreigon|Hydreigon, F|325\/325
|move|p2a: Flygon|U-turn|p1a: Hydreigon
|-supereffective|p1a: Hydreigon
|-damage|p1a: Hydreigon|163\/325
|
|switch|p2a: Blastoise|Blastoise, M|323\/362
|-damage|p2a: Blastoise|278\/362|[from] Stealth Rock
|
|-heal|p2a: Blastoise|300\/362|[from] item: Leftovers
|turn|17
|
|move|p1a: Hydreigon|U-turn|p2a: Blastoise
|-damage|p2a: Blastoise|267\/362
|
|switch|p1a: Starmie|Starmie|323\/323
|move|p2a: Blastoise|Ice Beam|p1a: Starmie
|-resisted|p1a: Starmie
|-damage|p1a: Starmie|290\/323
|
|-heal|p1a: Starmie|310\/323|[from] item: Leftovers
|-heal|p2a: Blastoise|289\/362|[from] item: Leftovers
|turn|18
|
|switch|p2a: Florges|Florges, F|278\/360 par
|-damage|p2a: Florges|233\/360 par|[from] Stealth Rock
|move|p1a: Starmie|Thunderbolt|p2a: Florges
|-damage|p2a: Florges|192\/360 par
|
|-heal|p1a: Starmie|323\/323|[from] item: Leftovers
|-heal|p2a: Florges|214\/360 par|[from] item: Leftovers
|turn|19
|
|switch|p1a: Florges|Florges, F|360\/360
|move|p2a: Florges|Moonblast|p1a: Florges
|-damage|p1a: Florges|284\/360
|
|-heal|p1a: Florges|306\/360|[from] item: Leftovers
|-heal|p2a: Florges|236\/360 par|[from] item: Leftovers
|turn|20
|
|switch|p2a: Sharpedo|Sharpedo, M|281\/281
|-damage|p2a: Sharpedo|246\/281|[from] Stealth Rock
|move|p1a: Florges|Aromatherapy|p1a: Florges
|-cureteam|p1a: Florges|[from] move: Aromatherapy
|
|-heal|p1a: Florges|328\/360|[from] item: Leftovers
|turn|21
|
|switch|p1a: Chesnaught|Chesnaught, M|380\/380
|detailschange|p2a: Sharpedo|Sharpedo-Mega, M
|message|Sharpedo has Mega Evolved into Mega Sharpedo!
|move|p2a: Sharpedo|Poison Fang|p1a: Chesnaught
|-supereffective|p1a: Chesnaught
|-damage|p1a: Chesnaught|266\/380
|
|-heal|p1a: Chesnaught|289\/380|[from] item: Leftovers
|turn|22
|
|switch|p2a: Infernape|Infernape, M|293\/293
|-damage|p2a: Infernape|257\/293|[from] Stealth Rock
|move|p1a: Chesnaught|Leech Seed|p2a: Infernape|[miss]
|-miss|p1a: Chesnaught|p2a: Infernape
|
|-heal|p1a: Chesnaught|312\/380|[from] item: Leftovers
|turn|23
|
|move|p1a: Chesnaught|Spiky Shield|p1a: Chesnaught
|-singleturn|p1a: Chesnaught|move: Protect
|move|p2a: Infernape|Fake Out|p1a: Chesnaught
|-activate|p1a: Chesnaught|move: Protect
|-damage|p2a: Infernape|221\/293|[from] Spiky Shield|[of] p1a: Chesnaught
|
|-heal|p1a: Chesnaught|335\/380|[from] item: Leftovers
|turn|24
|
|switch|p1a: Starmie|Starmie|323\/323
|move|p2a: Infernape|Flare Blitz|p1a: Starmie
|-crit|p1a: Starmie
|-resisted|p1a: Starmie
|-damage|p1a: Starmie|106\/323
|-status|p1a: Starmie|brn
|-damage|p2a: Infernape|149\/293|[from] recoil|[of] p1a: Starmie
|-damage|p2a: Infernape|120\/293|[from] item: Life Orb
|
|-heal|p1a: Starmie|126\/323 brn|[from] item: Leftovers
|-damage|p1a: Starmie|86\/323 brn|[from] brn
|turn|25
|
|switch|p2a: Flygon|Flygon, M|301\/301
|-damage|p2a: Flygon|283\/301|[from] Stealth Rock
|move|p1a: Starmie|Recover|p1a: Starmie
|-heal|p1a: Starmie|248\/323 brn
|
|-heal|p1a: Starmie|268\/323 brn|[from] item: Leftovers
|-damage|p1a: Starmie|228\/323 brn|[from] brn
|turn|26
|
|switch|p1a: Chesnaught|Chesnaught, M|335\/380
|move|p2a: Flygon|U-turn|p1a: Chesnaught
|-crit|p1a: Chesnaught
|-damage|p1a: Chesnaught|272\/380
|
|switch|p2a: Nidoqueen|Nidoqueen, F|322\/322
|-damage|p2a: Nidoqueen|302\/322|[from] Stealth Rock
|
|-heal|p1a: Chesnaught|295\/380|[from] item: Leftovers
|turn|27
|
|switch|p1a: Florges|Florges, F|328\/360
|move|p2a: Nidoqueen|Stealth Rock|p1a: Florges
|-sidestart|p1: DM35|move: Stealth Rock
|
|-heal|p1a: Florges|350\/360|[from] item: Leftovers
|turn|28
|
|move|p1a: Florges|Protect|p1a: Florges
|-singleturn|p1a: Florges|Protect
|move|p2a: Nidoqueen|Sludge Wave|p1a: Florges
|-activate|p1a: Florges|Protect
|
|-heal|p1a: Florges|360\/360|[from] item: Leftovers
|turn|29
|
|move|p2a: Nidoqueen|Sludge Wave|p1a: Florges
|-supereffective|p1a: Florges
|-damage|p1a: Florges|64\/360
|move|p1a: Florges|Wish|p1a: Florges
|
|-heal|p1a: Florges|86\/360|[from] item: Leftovers
|turn|30
|
|switch|p1a: Starmie|Starmie|228\/323
|-damage|p1a: Starmie|188\/323|[from] Stealth Rock
|move|p2a: Nidoqueen|Earth Power|p1a: Starmie
|-damage|p1a: Starmie|0 fnt
|faint|p1a: Starmie
|
|
|switch|p1a: Hydreigon|Hydreigon, F|163\/325
|-damage|p1a: Hydreigon|123\/325|[from] Stealth Rock
|turn|31
|
|switch|p2a: Florges|Florges, F|236\/360 par
|-damage|p2a: Florges|191\/360 par|[from] Stealth Rock
|move|p1a: Hydreigon|U-turn|p2a: Florges
|-resisted|p2a: Florges
|-damage|p2a: Florges|160\/360 par
|
|switch|p1a: Entei|Entei, shiny|279\/371
|-damage|p1a: Entei|187\/371|[from] Stealth Rock
|-ability|p1a: Entei|Pressure
|
|-heal|p2a: Florges|182\/360 par|[from] item: Leftovers
|turn|32
|
|switch|p2a: Blastoise|Blastoise, M|289\/362
|-damage|p2a: Blastoise|244\/362|[from] Stealth Rock
|move|p1a: Entei|Sacred Fire|p2a: Blastoise
|-crit|p2a: Blastoise
|-resisted|p2a: Blastoise
|-damage|p2a: Blastoise|139\/362
|-status|p2a: Blastoise|brn
|
|-heal|p2a: Blastoise|161\/362 brn|[from] item: Leftovers
|-damage|p2a: Blastoise|116\/362 brn|[from] brn
|turn|33
|
|switch|p1a: Chesnaught|Chesnaught, M|295\/380
|-damage|p1a: Chesnaught|272\/380|[from] Stealth Rock
|move|p2a: Blastoise|Scald|p1a: Chesnaught
|-resisted|p1a: Chesnaught
|-damage|p1a: Chesnaught|197\/380
|-status|p1a: Chesnaught|brn
|
|-heal|p2a: Blastoise|138\/362 brn|[from] item: Leftovers
|-heal|p1a: Chesnaught|220\/380 brn|[from] item: Leftovers
|-damage|p2a: Blastoise|93\/362 brn|[from] brn
|-damage|p1a: Chesnaught|173\/380 brn|[from] brn
|turn|34
|
|move|p2a: Blastoise|Rapid Spin|p1a: Chesnaught
|-damage|p1a: Chesnaught|169\/380 brn
|-sideend|p2: Pradz93|Stealth Rock|[from] move: Rapid Spin|[of] p2a: Blastoise
|move|p1a: Chesnaught|Leech Seed|p2a: Blastoise
|-start|p2a: Blastoise|move: Leech Seed
|
|-heal|p2a: Blastoise|115\/362 brn|[from] item: Leftovers
|-heal|p1a: Chesnaught|192\/380 brn|[from] item: Leftovers
|-damage|p2a: Blastoise|70\/362 brn|[from] Leech Seed|[of] p1a: Chesnaught
|-heal|p1a: Chesnaught|237\/380 brn|[silent]
|-damage|p2a: Blastoise|25\/362 brn|[from] brn
|-damage|p1a: Chesnaught|190\/380 brn|[from] brn
|turn|35
|
|move|p1a: Chesnaught|Spiky Shield|p1a: Chesnaught
|-singleturn|p1a: Chesnaught|move: Protect
|move|p2a: Blastoise|Roar|p1a: Chesnaught
|-activate|p1a: Chesnaught|move: Protect
|
|-heal|p2a: Blastoise|47\/362 brn|[from] item: Leftovers
|-heal|p1a: Chesnaught|213\/380 brn|[from] item: Leftovers
|-damage|p2a: Blastoise|2\/362 brn|[from] Leech Seed|[of] p1a: Chesnaught
|-heal|p1a: Chesnaught|258\/380 brn|[silent]
|-damage|p2a: Blastoise|0 fnt|[from] brn
|-damage|p1a: Chesnaught|211\/380 brn|[from] brn
|faint|p2a: Blastoise
|
|switch|p2a: Flygon|Flygon, M|283\/301
|turn|36
|
|switch|p1a: Aggron|Aggron-Mega, M|331\/344
|-damage|p1a: Aggron|310\/344|[from] Stealth Rock
|move|p2a: Flygon|U-turn|p1a: Aggron
|-resisted|p1a: Aggron
|-damage|p1a: Aggron|297\/344
|
|switch|p2a: Nidoqueen|Nidoqueen, F|302\/322
|
|turn|37
|-message|DM35 forfeited.
|
|win|Pradz93
|raw|Ladder updating...
|raw|DM35's rating: 1304 &rarr; <strong>1280<\/strong><br \/>(-24 for losing)
|raw|Pradz93's rating: 1246 &rarr; <strong>1276<\/strong><br \/>(+30 for winning)
|leave|DM35
|player|p1
|c| Arsenicfish|LOL