|join|WhiteQueen
|join|DM35
|player|p1|WhiteQueen|34
|player|p2|DM35|285
|gametype|singles
|gen|6
|tier|UU
|rated
|rule|Sleep Clause Mod: Limit one foe put to sleep
|rule|Species Clause: Limit one of each PokÃ©mon
|rule|OHKO Clause: OHKO moves are banned
|rule|Moody Clause: Moody is banned
|rule|Evasion Moves Clause: Evasion moves are banned
|rule|Endless Battle Clause: Forcing endless battles is banned
|rule|HP Percentage Mod: HP is shown in percentages
|clearpoke
|poke|p1|Infernape, M
|poke|p1|Ampharos, M
|poke|p1|Starmie
|poke|p1|Doublade, M
|poke|p1|Blissey, F
|poke|p1|Amoonguss, M
|poke|p2|Hydreigon, M
|poke|p2|Florges, F
|poke|p2|Empoleon, M
|poke|p2|Crobat, F
|poke|p2|Raikou
|poke|p2|Chandelure, F
|rule|Swagger Clause: Swagger is banned
|rule|Baton Pass Clause: Limit one PokÃ©mon knowing Baton Pass
|teampreview
|
|start
|switch|p1a: Ampharos|Ampharos, M|383\/383
|switch|p2a: Hydreigon|Hydreigon, M|325\/325
|turn|1
|
|switch|p1a: Blissey|Blissey, F|651\/651
|move|p2a: Hydreigon|U-turn|p1a: Blissey
|-damage|p1a: Blissey|574\/651
|
|switch|p2a: Crobat|Crobat, F|373\/373
|
|-heal|p1a: Blissey|614\/651|[from] item: Leftovers
|turn|2
|
|switch|p1a: Ampharos|Ampharos, M|383\/383
|move|p2a: Crobat|Taunt|p1a: Ampharos
|-start|p1a: Ampharos|move: Taunt
|
|turn|3
|
|switch|p2a: Florges|Florges, F|359\/359
|detailschange|p1a: Ampharos|Ampharos-Mega, M
|message|Ampharos has Mega Evolved into Mega Ampharos!
|-ability|p1a: Ampharos|Mold Breaker
|move|p1a: Ampharos|Volt Switch|p2a: Florges
|-damage|p2a: Florges|271\/359
|
|switch|p1a: Blissey|Blissey, F|614\/651
|
|-heal|p2a: Florges|293\/359|[from] item: Leftovers
|-heal|p1a: Blissey|651\/651|[from] item: Leftovers
|turn|4
|
|switch|p2a: Empoleon|Empoleon, M|371\/371
|move|p1a: Blissey|Stealth Rock|p2a: Empoleon
|-sidestart|p2: DM35|move: Stealth Rock
|
|turn|5
|
|switch|p1a: Ampharos|Ampharos-Mega, M|383\/383
|-ability|p1a: Ampharos|Mold Breaker
|move|p2a: Empoleon|Stealth Rock|p1a: Ampharos
|-sidestart|p1: WhiteQueen|move: Stealth Rock
|
|turn|6
|
|switch|p2a: Florges|Florges, F|293\/359
|-damage|p2a: Florges|249\/359|[from] Stealth Rock
|move|p1a: Ampharos|Volt Switch|p2a: Florges
|-damage|p2a: Florges|155\/359
|
|switch|p1a: Doublade|Doublade, M|319\/319
|-damage|p1a: Doublade|300\/319|[from] Stealth Rock
|
|-heal|p2a: Florges|177\/359|[from] item: Leftovers
|turn|7
|
|switch|p2a: Empoleon|Empoleon, M|371\/371
|-damage|p2a: Empoleon|348\/371|[from] Stealth Rock
|move|p1a: Doublade|Gyro Ball|p2a: Empoleon
|-resisted|p2a: Empoleon
|-damage|p2a: Empoleon|327\/371
|
|-heal|p2a: Empoleon|350\/371|[from] item: Leftovers
|turn|8
|
|switch|p1a: Ampharos|Ampharos-Mega, M|383\/383
|-damage|p1a: Ampharos|336\/383|[from] Stealth Rock
|-ability|p1a: Ampharos|Mold Breaker
|move|p2a: Empoleon|Roar|p1a: Ampharos
|drag|p1a: Doublade|Doublade, M|300\/319
|-damage|p1a: Doublade|281\/319|[from] Stealth Rock
|
|-heal|p2a: Empoleon|371\/371|[from] item: Leftovers
|turn|9
|
|move|p2a: Empoleon|Scald|p1a: Doublade
|-damage|p1a: Doublade|172\/319
|move|p1a: Doublade|Sacred Sword|p2a: Empoleon
|-supereffective|p2a: Empoleon
|-damage|p2a: Empoleon|171\/371
|
|-heal|p2a: Empoleon|194\/371|[from] item: Leftovers
|turn|10
|
|switch|p2a: Chandelure|Chandelure, F|289\/289
|-damage|p2a: Chandelure|217\/289|[from] Stealth Rock
|switch|p1a: Ampharos|Ampharos-Mega, M|336\/383
|-damage|p1a: Ampharos|289\/383|[from] Stealth Rock
|-ability|p1a: Ampharos|Mold Breaker
|
|-heal|p2a: Chandelure|235\/289|[from] item: Leftovers
|turn|11
|
|switch|p2a: Raikou|Raikou|329\/329
|-damage|p2a: Raikou|288\/329|[from] Stealth Rock
|-ability|p2a: Raikou|Pressure
|move|p1a: Ampharos|Volt Switch|p2a: Raikou
|-resisted|p2a: Raikou
|-damage|p2a: Raikou|222\/329
|
|switch|p1a: Amoonguss|Amoonguss, M|431\/431
|-damage|p1a: Amoonguss|378\/431|[from] Stealth Rock
|
|-heal|p1a: Amoonguss|404\/431|[from] item: Black Sludge
|turn|12
|
|move|p2a: Raikou|Volt Switch|p1a: Amoonguss
|-resisted|p1a: Amoonguss
|-damage|p1a: Amoonguss|333\/431
|
|switch|p2a: Empoleon|Empoleon, M|194\/371
|-damage|p2a: Empoleon|171\/371|[from] Stealth Rock
|move|p1a: Amoonguss|Spore|p2a: Empoleon
|-status|p2a: Empoleon|slp
|
|-heal|p2a: Empoleon|194\/371 slp|[from] item: Leftovers
|-heal|p1a: Amoonguss|359\/431|[from] item: Black Sludge
|turn|13
|join|knockonheavensdoor
|
|switch|p2a: Crobat|Crobat, F|373\/373
|-damage|p2a: Crobat|280\/373|[from] Stealth Rock
|move|p1a: Amoonguss|Giga Drain|p2a: Crobat
|-resisted|p2a: Crobat
|-damage|p2a: Crobat|258\/373
|-heal|p1a: Amoonguss|370\/431|[from] drain|[of] p2a: Crobat
|
|-heal|p2a: Crobat|281\/373|[from] item: Leftovers
|-heal|p1a: Amoonguss|396\/431|[from] item: Black Sludge
|turn|14
|
|switch|p1a: Ampharos|Ampharos-Mega, M|289\/383
|-damage|p1a: Ampharos|242\/383|[from] Stealth Rock
|-ability|p1a: Ampharos|Mold Breaker
|move|p2a: Crobat|Super Fang|p1a: Ampharos
|-damage|p1a: Ampharos|121\/383
|
|-heal|p2a: Crobat|304\/373|[from] item: Leftovers
|turn|15
|
|switch|p2a: Hydreigon|Hydreigon, M|325\/325
|-damage|p2a: Hydreigon|285\/325|[from] Stealth Rock
|move|p1a: Ampharos|Volt Switch|p2a: Hydreigon
|-resisted|p2a: Hydreigon
|-damage|p2a: Hydreigon|210\/325
|
|switch|p1a: Infernape|Infernape, M|293\/293
|-damage|p1a: Infernape|257\/293|[from] Stealth Rock
|
|turn|16
|
|move|p1a: Infernape|U-turn|p2a: Hydreigon
|-supereffective|p2a: Hydreigon
|-damage|p2a: Hydreigon|40\/325
|
|switch|p1a: Blissey|Blissey, F|651\/651
|-damage|p1a: Blissey|570\/651|[from] Stealth Rock
|move|p2a: Hydreigon|U-turn|p1a: Blissey
|-damage|p1a: Blissey|490\/651
|
|switch|p2a: Chandelure|Chandelure, F|235\/289
|-damage|p2a: Chandelure|163\/289|[from] Stealth Rock
|
|-heal|p2a: Chandelure|181\/289|[from] item: Leftovers
|-heal|p1a: Blissey|530\/651|[from] item: Leftovers
|turn|17
|
|switch|p1a: Starmie|Starmie|323\/323
|-damage|p1a: Starmie|283\/323|[from] Stealth Rock
|move|p2a: Chandelure|Substitute|p2a: Chandelure
|-start|p2a: Chandelure|Substitute
|-damage|p2a: Chandelure|109\/289
|
|-heal|p1a: Starmie|303\/323|[from] item: Leftovers
|-heal|p2a: Chandelure|127\/289|[from] item: Leftovers
|turn|18
|
|move|p1a: Starmie|Scald|p2a: Chandelure
|-supereffective|p2a: Chandelure
|-end|p2a: Chandelure|Substitute
|move|p2a: Chandelure|Shadow Ball|p1a: Starmie
|-supereffective|p1a: Starmie
|-damage|p1a: Starmie|0 fnt
|faint|p1a: Starmie
|
|-heal|p2a: Chandelure|145\/289|[from] item: Leftovers
|
|switch|p1a: Doublade|Doublade, M|172\/319
|-damage|p1a: Doublade|153\/319|[from] Stealth Rock
|turn|19
|
|switch|p2a: Empoleon|Empoleon, M|194\/371 slp
|-damage|p2a: Empoleon|171\/371 slp|[from] Stealth Rock
|move|p1a: Doublade|Shadow Sneak|p2a: Empoleon
|-damage|p2a: Empoleon|111\/371 slp
|
|-heal|p2a: Empoleon|134\/371 slp|[from] item: Leftovers
|turn|20
|
|cant|p2a: Empoleon|slp
|move|p1a: Doublade|Sacred Sword|p2a: Empoleon
|-supereffective|p2a: Empoleon
|-damage|p2a: Empoleon|0 fnt
|faint|p2a: Empoleon
|
|
|switch|p2a: Raikou|Raikou|222\/329
|-damage|p2a: Raikou|181\/329|[from] Stealth Rock
|-ability|p2a: Raikou|Pressure
|turn|21
|
|switch|p1a: Amoonguss|Amoonguss, M|431\/431
|-damage|p1a: Amoonguss|378\/431|[from] Stealth Rock
|move|p2a: Raikou|Thunderbolt|p1a: Amoonguss
|-resisted|p1a: Amoonguss
|-damage|p1a: Amoonguss|288\/431
|
|-heal|p1a: Amoonguss|314\/431|[from] item: Black Sludge
|turn|22
|
|switch|p2a: Hydreigon|Hydreigon, M|40\/325
|-damage|p2a: Hydreigon|0 fnt|[from] Stealth Rock
|faint|p2a: Hydreigon
|move|p1a: Amoonguss|Spore|p2: Hydreigon|[notarget]
|-notarget
|
|-heal|p1a: Amoonguss|340\/431|[from] item: Black Sludge
|
|switch|p2a: Chandelure|Chandelure, F|145\/289
|-damage|p2a: Chandelure|73\/289|[from] Stealth Rock
|turn|23
|
|move|p2a: Chandelure|Substitute|p2a: Chandelure
|-start|p2a: Chandelure|Substitute
|-damage|p2a: Chandelure|1\/289
|move|p1a: Amoonguss|Clear Smog|p2a: Chandelure
|-resisted|p2a: Chandelure
|-activate|p2a: Chandelure|Substitute|[damage]
|
|-heal|p2a: Chandelure|19\/289|[from] item: Leftovers
|-heal|p1a: Amoonguss|366\/431|[from] item: Black Sludge
|turn|24
|
|move|p2a: Chandelure|Flamethrower|p1a: Amoonguss
|-supereffective|p1a: Amoonguss
|-damage|p1a: Amoonguss|88\/431
|move|p1a: Amoonguss|Giga Drain|p2a: Chandelure
|-resisted|p2a: Chandelure
|-activate|p2a: Chandelure|Substitute|[damage]
|-heal|p1a: Amoonguss|110\/431|[from] drain|[of] p2a: Chandelure
|
|-heal|p2a: Chandelure|37\/289|[from] item: Leftovers
|-heal|p1a: Amoonguss|136\/431|[from] item: Black Sludge
|turn|25
|
|move|p2a: Chandelure|Flamethrower|p1a: Amoonguss
|-crit|p1a: Amoonguss
|-supereffective|p1a: Amoonguss
|-damage|p1a: Amoonguss|0 fnt
|faint|p1a: Amoonguss
|
|-heal|p2a: Chandelure|55\/289|[from] item: Leftovers
|
|switch|p1a: Infernape|Infernape, M|257\/293
|-damage|p1a: Infernape|221\/293|[from] Stealth Rock
|turn|26
|
|move|p1a: Infernape|U-turn|p2a: Chandelure
|-crit|p2a: Chandelure
|-resisted|p2a: Chandelure
|-end|p2a: Chandelure|Substitute
|
|switch|p1a: Ampharos|Ampharos-Mega, M|121\/383
|-damage|p1a: Ampharos|74\/383|[from] Stealth Rock
|-ability|p1a: Ampharos|Mold Breaker
|move|p2a: Chandelure|Shadow Ball|p1a: Ampharos
|-damage|p1a: Ampharos|0 fnt
|faint|p1a: Ampharos
|
|-heal|p2a: Chandelure|73\/289|[from] item: Leftovers
|
|switch|p1a: Doublade|Doublade, M|153\/319
|-damage|p1a: Doublade|134\/319|[from] Stealth Rock
|turn|27
|
|switch|p2a: Florges|Florges, F|177\/359
|-damage|p2a: Florges|133\/359|[from] Stealth Rock
|move|p1a: Doublade|Shadow Sneak|p2a: Florges
|-damage|p2a: Florges|67\/359
|
|-heal|p2a: Florges|89\/359|[from] item: Leftovers
|turn|28
|
|move|p2a: Florges|Wish|p2a: Florges
|move|p1a: Doublade|Gyro Ball|p2a: Florges
|-supereffective|p2a: Florges
|-damage|p2a: Florges|0 fnt
|faint|p2a: Florges
|
|
|switch|p2a: Raikou|Raikou|181\/329
|-damage|p2a: Raikou|140\/329|[from] Stealth Rock
|-ability|p2a: Raikou|Pressure
|turn|29
|
|switch|p1a: Blissey|Blissey, F|530\/651
|-damage|p1a: Blissey|449\/651|[from] Stealth Rock
|move|p2a: Raikou|Volt Switch|p1a: Blissey
|-damage|p1a: Blissey|335\/651
|
|switch|p2a: Chandelure|Chandelure, F|73\/289
|-damage|p2a: Chandelure|1\/289|[from] Stealth Rock
|
|-heal|p2a: Chandelure|180\/289|[from] move: Wish|[wisher] Florges
|-heal|p2a: Chandelure|198\/289|[from] item: Leftovers
|-heal|p1a: Blissey|375\/651|[from] item: Leftovers
|turn|30
|-message|WhiteQueen forfeited.
|
|win|DM35
|raw|Ladder updating...
|leave|WhiteQueen
|player|p1
|c|âDM35|gg
|raw|WhiteQueen's rating: 1450 &rarr; <strong>1424<\/strong><br \/>(-26 for losing)
|raw|DM35's rating: 1340 &rarr; <strong>1366<\/strong><br \/>(+26 for winning)
|join|QueenieKaty
|leave|QueenieKaty