|join|DM35
|join|mrbond404
|join|Beefcake Emperor
|join|Zhaf
|join|poland46
|join|xMarth
|join|Villager B
|player|p1|DM35|266
|player|p2|mrbond404|202
|gametype|singles
|gen|6
|tier|UU
|rule|Sleep Clause Mod: Limit one foe put to sleep
|rule|Species Clause: Limit one of each PokÃ©mon
|rule|OHKO Clause: OHKO moves are banned
|rule|Moody Clause: Moody is banned
|rule|Evasion Moves Clause: Evasion moves are banned
|rule|Endless Battle Clause: Forcing endless battles is banned
|rule|HP Percentage Mod: HP is shown in percentages
|clearpoke
|poke|p1|Sceptile, F, shiny
|poke|p1|Empoleon, M
|poke|p1|Rotom-Heat
|poke|p1|Crobat, F
|poke|p1|Hippowdon, F
|poke|p1|Umbreon, M
|poke|p2|Suicune
|poke|p2|Lucario, F
|poke|p2|Krookodile, M
|poke|p2|Darmanitan, M
|poke|p2|Azelf
|poke|p2|Snorlax, M
|rule|Swagger Clause: Swagger is banned
|rule|Baton Pass Clause: Limit one PokÃ©mon knowing Baton Pass
|teampreview
|c|âmrbond404|gl man
|join|Mega Luffy
|join|SPEBSQSA
|join|Timid Houndoom
|c| poland46|Mr.Bond the driver vs the DMV
|c| poland46|I knew this day would come
|join|useless luck
|join|QKIC
|
|start
|switch|p1a: Rotom-Heat|Rotom-Heat|241\/241
|switch|p2a: Suicune|Suicune|404\/404
|-ability|p2a: Suicune|Pressure
|turn|1
|c| Beefcake Emperor|DMV?
|
|switch|p2a: Krookodile|Krookodile, M|331\/331
|-ability|p2a: Krookodile|Intimidate|[of] p1a: Rotom-Heat
|-unboost|p1a: Rotom-Heat|atk|1
|move|p1a: Rotom-Heat|Will-O-Wisp|p2a: Krookodile
|-status|p2a: Krookodile|brn
|
|-damage|p2a: Krookodile|290\/331 brn|[from] brn
|turn|2
|c| poland46|Dept. of Motor Vehicles a.k.a. DM35
|join|UniterFlash
|leave|UniterFlash
|
|switch|p1a: Hippowdon|Hippowdon, F|419\/419
|move|p2a: Krookodile|Knock Off|p1a: Hippowdon
|-damage|p1a: Hippowdon|349\/419
|-enditem|p1a: Hippowdon|Leftovers|[from] move: Knock Off|[of] p2a: Krookodile
|
|-damage|p2a: Krookodile|249\/331 brn|[from] brn
|turn|3
|join|Naruto(sage)
|
|switch|p2a: Suicune|Suicune|404\/404
|-ability|p2a: Suicune|Pressure
|move|p1a: Hippowdon|Stealth Rock|p2a: Suicune
|-sidestart|p2: mrbond404|move: Stealth Rock
|
|turn|4
|join|swordofspheals
|c| swordofspheals|hello
|
|switch|p2a: Darmanitan|Darmanitan, M|351\/351
|-damage|p2a: Darmanitan|264\/351|[from] Stealth Rock
|switch|p1a: Sceptile|Sceptile, F, shiny|281\/281
|
|turn|5
|
|switch|p1a: Rotom-Heat|Rotom-Heat|241\/241
|move|p2a: Darmanitan|Flare Blitz|p1a: Rotom-Heat
|-resisted|p1a: Rotom-Heat
|-damage|p1a: Rotom-Heat|42\/241
|-damage|p2a: Darmanitan|198\/351|[from] recoil|[of] p1a: Rotom-Heat
|
|turn|6
|
|move|p1a: Rotom-Heat|Volt Switch|p2a: Darmanitan
|-damage|p2a: Darmanitan|26\/351
|
|switch|p1a: Crobat|Crobat, F|373\/373
|move|p2a: Darmanitan|Flare Blitz|p1a: Crobat
|-damage|p1a: Crobat|0 fnt
|-damage|p2a: Darmanitan|0 fnt|[from] recoil|[of] p1a: Crobat
|faint|p1a: Crobat
|faint|p2a: Darmanitan
|
|join|Raichu75
|leave|QKIC
|
|switch|p1a: Sceptile|Sceptile, F, shiny|281\/281
|switch|p2a: Azelf|Azelf|291\/291
|-damage|p2a: Azelf|255\/291|[from] Stealth Rock
|turn|7
|
|switch|p1a: Empoleon|Empoleon, M|372\/372
|move|p2a: Azelf|Explosion|p1a: Empoleon
|-resisted|p1a: Empoleon
|-damage|p1a: Empoleon|267\/372
|faint|p2a: Azelf
|
|-heal|p1a: Empoleon|290\/372|[from] item: Leftovers
|
|switch|p2a: Snorlax|Snorlax, M|497\/497
|-damage|p2a: Snorlax|435\/497|[from] Stealth Rock
|turn|8
|
|switch|p1a: Hippowdon|Hippowdon, F|349\/419
|move|p2a: Snorlax|Curse|p2a: Snorlax
|-boost|p2a: Snorlax|atk|1
|-boost|p2a: Snorlax|def|1
|-unboost|p2a: Snorlax|spe|1
|
|-heal|p2a: Snorlax|466\/497|[from] item: Leftovers
|turn|9
|
|move|p2a: Snorlax|Curse|p2a: Snorlax
|-boost|p2a: Snorlax|atk|1
|-boost|p2a: Snorlax|def|1
|-unboost|p2a: Snorlax|spe|1
|move|p1a: Hippowdon|Whirlwind|p2a: Snorlax
|drag|p2a: Krookodile|Krookodile, M|249\/331 brn
|-damage|p2a: Krookodile|229\/331 brn|[from] Stealth Rock
|-ability|p2a: Krookodile|Intimidate|[of] p1a: Hippowdon
|-unboost|p1a: Hippowdon|atk|1
|
|-damage|p2a: Krookodile|188\/331 brn|[from] brn
|turn|10
|
|move|p2a: Krookodile|Earthquake|p1a: Hippowdon
|-damage|p1a: Hippowdon|285\/419
|move|p1a: Hippowdon|Slack Off|p1a: Hippowdon
|-heal|p1a: Hippowdon|419\/419
|
|-damage|p2a: Krookodile|147\/331 brn|[from] brn
|turn|11
|
|switch|p1a: Sceptile|Sceptile, F, shiny|281\/281
|move|p2a: Krookodile|Earthquake|p1a: Sceptile
|-resisted|p1a: Sceptile
|-damage|p1a: Sceptile|216\/281
|
|-damage|p2a: Krookodile|106\/331 brn|[from] brn
|turn|12
|
|detailschange|p1a: Sceptile|Sceptile-Mega, F, shiny
|-mega|p1a: Sceptile|Sceptile|Sceptilite
|move|p1a: Sceptile|Giga Drain|p2a: Krookodile
|-supereffective|p2a: Krookodile
|-damage|p2a: Krookodile|0 fnt
|-heal|p1a: Sceptile|269\/281|[from] drain|[of] p2a: Krookodile
|faint|p2a: Krookodile
|
|join|chechote
|
|switch|p2a: Lucario|Lucario, F|281\/281
|-damage|p2a: Lucario|273\/281|[from] Stealth Rock
|turn|13
|
|move|p1a: Sceptile|Focus Blast|p2a: Lucario
|-supereffective|p2a: Lucario
|-damage|p2a: Lucario|0 fnt
|faint|p2a: Lucario
|
|
|switch|p2a: Snorlax|Snorlax, M|466\/497
|-damage|p2a: Snorlax|404\/497|[from] Stealth Rock
|turn|14
|leave|Beefcake Emperor
|join|5cat
|
|switch|p1a: Hippowdon|Hippowdon, F|419\/419
|move|p2a: Snorlax|Body Slam|p1a: Hippowdon
|-damage|p1a: Hippowdon|344\/419
|
|-heal|p2a: Snorlax|435\/497|[from] item: Leftovers
|turn|15
|
|move|p1a: Hippowdon|Earthquake|p2a: Snorlax
|-damage|p2a: Snorlax|302\/497
|move|p2a: Snorlax|Body Slam|p1a: Hippowdon
|-damage|p1a: Hippowdon|268\/419
|-status|p1a: Hippowdon|par
|
|-heal|p2a: Snorlax|333\/497|[from] item: Leftovers
|turn|16
|
|move|p2a: Snorlax|Body Slam|p1a: Hippowdon
|-damage|p1a: Hippowdon|199\/419 par
|move|p1a: Hippowdon|Whirlwind|p2a: Snorlax
|drag|p2a: Suicune|Suicune|404\/404
|-damage|p2a: Suicune|354\/404|[from] Stealth Rock
|-ability|p2a: Suicune|Pressure
|
|-heal|p2a: Suicune|379\/404|[from] item: Leftovers
|turn|17
|
|switch|p1a: Sceptile|Sceptile-Mega, F, shiny|269\/281
|move|p2a: Suicune|Scald|p1a: Sceptile
|-resisted|p1a: Sceptile
|-damage|p1a: Sceptile|242\/281
|
|-heal|p2a: Suicune|404\/404|[from] item: Leftovers
|turn|18
|join|MeaninglessTripfag
|leave|MeaninglessTripfag
|
|move|p1a: Sceptile|Substitute|p1a: Sceptile
|-start|p1a: Sceptile|Substitute
|-damage|p1a: Sceptile|172\/281
|move|p2a: Suicune|Scald|p1a: Sceptile
|-resisted|p1a: Sceptile
|-activate|p1a: Sceptile|Substitute|[damage]
|
|turn|19
|
|move|p1a: Sceptile|Giga Drain|p2a: Suicune
|-supereffective|p2a: Suicune
|-damage|p2a: Suicune|128\/404
|-heal|p1a: Sceptile|281\/281|[from] drain|[of] p2a: Suicune
|move|p2a: Suicune|Calm Mind|p2a: Suicune
|-boost|p2a: Suicune|spa|1
|-boost|p2a: Suicune|spd|1
|
|-heal|p2a: Suicune|153\/404|[from] item: Leftovers
|turn|20
|
|move|p1a: Sceptile|Giga Drain|p2a: Suicune
|-supereffective|p2a: Suicune
|-damage|p2a: Suicune|0 fnt
|faint|p2a: Suicune
|
|join|UniterFlash
|join|Mike Hunts
|
|switch|p2a: Snorlax|Snorlax, M|333\/497
|-damage|p2a: Snorlax|271\/497|[from] Stealth Rock
|turn|21
|
|move|p1a: Sceptile|Focus Blast|p2a: Snorlax|[miss]
|-miss|p1a: Sceptile|p2a: Snorlax
|move|p2a: Snorlax|Rest|p2a: Snorlax
|-status|p2a: Snorlax|slp
|-heal|p2a: Snorlax|497\/497 slp|[silent]
|-status|p2a: Snorlax|slp|[from] move: Rest
|
|turn|22
|
|move|p1a: Sceptile|Focus Blast|p2a: Snorlax
|-supereffective|p2a: Snorlax
|-damage|p2a: Snorlax|289\/497 slp
|cant|p2a: Snorlax|slp
|move|p2a: Snorlax|Sleep Talk|p2a: Snorlax
|move|p2a: Snorlax|Curse|p2a: Snorlax|[from]Sleep Talk
|-boost|p2a: Snorlax|atk|1
|-boost|p2a: Snorlax|def|1
|-unboost|p2a: Snorlax|spe|1
|
|-heal|p2a: Snorlax|320\/497 slp|[from] item: Leftovers
|turn|23
|leave|UniterFlash
|
|move|p1a: Sceptile|Focus Blast|p2a: Snorlax|[miss]
|-miss|p1a: Sceptile|p2a: Snorlax
|cant|p2a: Snorlax|slp
|move|p2a: Snorlax|Sleep Talk|p2a: Snorlax
|move|p2a: Snorlax|Body Slam|p1a: Sceptile|[from]Sleep Talk
|-crit|p1a: Sceptile
|-end|p1a: Sceptile|Substitute
|
|-heal|p2a: Snorlax|351\/497 slp|[from] item: Leftovers
|turn|24
|c| swordofspheals|dm35
|c| swordofspheals|with the win?
|c| Villager B|dunno, depends on hax that snorlax might take this
|c|âmrbond404|it is possible
|
|move|p1a: Sceptile|Focus Blast|p2a: Snorlax
|-supereffective|p2a: Snorlax
|-damage|p2a: Snorlax|147\/497 slp
|-curestatus|p2a: Snorlax|slp
|move|p2a: Snorlax|Rest|p2a: Snorlax
|-status|p2a: Snorlax|slp
|-heal|p2a: Snorlax|497\/497 slp|[silent]
|-status|p2a: Snorlax|slp|[from] move: Rest
|
|turn|25
|c| Raichu75|well, focus blast can not miss every time, i think DM35 has got this.
|join|Dingkek
|c| Dingkek|is that dmt?
|
|move|p1a: Sceptile|Dragon Pulse|p2a: Snorlax
|-damage|p2a: Snorlax|373\/497 slp
|cant|p2a: Snorlax|slp
|move|p2a: Snorlax|Sleep Talk|p2a: Snorlax
|move|p2a: Snorlax|Curse|p2a: Snorlax|[from]Sleep Talk
|-boost|p2a: Snorlax|atk|1
|-boost|p2a: Snorlax|def|1
|-unboost|p2a: Snorlax|spe|1
|
|-heal|p2a: Snorlax|404\/497 slp|[from] item: Leftovers
|turn|26
|c| Villager B|he needs to hit it 3 times consecutively lmao
|c| Mike Hunts|lmoa dingbat
|c| xMarth|35=t
|c| Dingkek|k
|c| Dingkek|e
|c| Dingkek|k
|leave|swordofspheals
|join|roast toast
|c| Naruto(sage)|dm35 couldve already won this
|
|move|p1a: Sceptile|Focus Blast|p2a: Snorlax
|-crit|p2a: Snorlax
|-supereffective|p2a: Snorlax
|-damage|p2a: Snorlax|88\/497 slp
|cant|p2a: Snorlax|slp
|move|p2a: Snorlax|Sleep Talk|p2a: Snorlax
|move|p2a: Snorlax|Rest|p2a: Snorlax|[from]Sleep Talk
|-fail|p2a: Snorlax
|
|-heal|p2a: Snorlax|119\/497 slp|[from] item: Leftovers
|turn|27
|c|âmrbond404|gg
|c| poland46|gg
|c| Mega Luffy|clutch crit
|
|move|p1a: Sceptile|Dragon Pulse|p2a: Snorlax
|-damage|p2a: Snorlax|0 fnt
|faint|p2a: Snorlax
|
|win|DM35
|c|âDM35|gg
|c|âmrbond404|no kidding
|leave|poland46
|c|âmrbond404|it was a hit too
|leave|Mike Hunts