|join|Gecci01102014
|join|Plzdontragequit
|player|p1|Gecci01102014|102
|player|p2|Plzdontragequit|165
|gametype|singles
|gen|6
|tier|OU
|rated
|clearpoke
|poke|p1|Cofagrigus, M
|poke|p1|Venusaur, F
|poke|p1|Heatran, M
|poke|p1|Cresselia, F
|poke|p1|Chansey, F
|poke|p1|Quagsire, M
|poke|p2|Charizard, M, shiny
|poke|p2|Azumarill, F
|poke|p2|Ferrothorn, F
|poke|p2|Landorus-Therian, M
|poke|p2|Greninja, M, shiny
|poke|p2|Latios, M
|rule|Swagger Clause: Swagger is banned
|rule|Baton Pass Clause: Limit one PokÃ©mon knowing Baton Pass
|rule|Sleep Clause Mod: Limit one foe put to sleep
|rule|Species Clause: Limit one of each PokÃ©mon
|rule|OHKO Clause: OHKO moves are banned
|rule|Moody Clause: Moody is banned
|rule|Evasion Moves Clause: Evasion moves are banned
|rule|Endless Battle Clause: Forcing endless battles is banned
|rule|HP Percentage Mod: HP is shown in percentages
|teampreview
|
|start
|switch|p1a: Venusaur|Venusaur, F|364\/364
|switch|p2a: Landoge|Landorus-Therian, M|325\/325
|-ability|p2a: Landoge|Intimidate|[of] p1a: Venusaur
|-unboost|p1a: Venusaur|atk|1
|turn|1
|
|detailschange|p1a: Venusaur|Venusaur-Mega, F
|message|Venusaur has Mega Evolved into Mega Venusaur!
|move|p2a: Landoge|U-turn|p1a: Venusaur
|-damage|p1a: Venusaur|304\/364
|
|switch|p2a: Touch Me Harder|Ferrothorn, F|352\/352
|move|p1a: Venusaur|Giga Drain|p2a: Touch Me Harder
|-resisted|p2a: Touch Me Harder
|-damage|p2a: Touch Me Harder|331\/352
|-heal|p1a: Venusaur|315\/364|[from] drain|[of] p2a: Touch Me Harder
|
|-heal|p2a: Touch Me Harder|352\/352|[from] item: Leftovers
|turn|2
|
|switch|p1a: Heatran|Heatran, M|385\/385
|move|p2a: Touch Me Harder|Stealth Rock|p1a: Heatran
|-sidestart|p1: Gecci01102014|move: Stealth Rock
|
|turn|3
|
|switch|p2a: Landoge|Landorus-Therian, M|325\/325
|-ability|p2a: Landoge|Intimidate|[of] p1a: Heatran
|-unboost|p1a: Heatran|atk|1
|move|p1a: Heatran|Stealth Rock|p2a: Landoge
|-sidestart|p2: Plzdontragequit|move: Stealth Rock
|
|turn|4
|
|switch|p1a: Quagsire|Quagsire, M|394\/394
|-damage|p1a: Quagsire|370\/394|[from] Stealth Rock
|move|p2a: Landoge|U-turn|p1a: Quagsire
|-crit|p1a: Quagsire
|-damage|p1a: Quagsire|254\/394
|
|switch|p2a: Jet|Latios, M|301\/301
|-damage|p2a: Jet|264\/301|[from] Stealth Rock
|
|-heal|p1a: Quagsire|278\/394|[from] item: Leftovers
|turn|5
|
|switch|p1a: Heatran|Heatran, M|385\/385
|-damage|p1a: Heatran|337\/385|[from] Stealth Rock
|move|p2a: Jet|Defog|p1a: Heatran
|-unboost|p1a: Heatran|evasion|1
|-sideend|p1: Gecci01102014|Stealth Rock|[from] move: Defog|[of] p1a: Heatran
|-sideend|p2: Plzdontragequit|Stealth Rock|[from] move: Defog|[of] p2a: Jet
|
|-heal|p1a: Heatran|361\/385|[from] item: Leftovers
|turn|6
|
|switch|p2a: Energizer|Azumarill, F|401\/401
|move|p1a: Heatran|Toxic|p2a: Energizer
|-status|p2a: Energizer|tox
|
|-heal|p1a: Heatran|385\/385|[from] item: Leftovers
|-damage|p2a: Energizer|376\/401 tox|[from] psn
|turn|7
|
|switch|p1a: Venusaur|Venusaur-Mega, F|315\/364
|switch|p2a: Salamander|Charizard, M, shiny|359\/359
|
|turn|8
|
|switch|p2a: Landoge|Landorus-Therian, M|325\/325
|-ability|p2a: Landoge|Intimidate|[of] p1a: Venusaur
|-unboost|p1a: Venusaur|atk|1
|move|p1a: Venusaur|Leech Seed|p2a: Landoge
|-start|p2a: Landoge|move: Leech Seed
|
|-damage|p2a: Landoge|285\/325|[from] Leech Seed|[of] p1a: Venusaur
|-heal|p1a: Venusaur|355\/364|[silent]
|turn|9
|
|move|p2a: Landoge|U-turn|p1a: Venusaur
|-damage|p1a: Venusaur|303\/364
|
|switch|p2a: Salamander|Charizard, M, shiny|359\/359
|move|p1a: Venusaur|Sludge Bomb|p2a: Salamander
|-damage|p2a: Salamander|203\/359
|-status|p2a: Salamander|psn
|
|-damage|p2a: Salamander|159\/359 psn|[from] psn
|turn|10
|
|switch|p2a: Landoge|Landorus-Therian, M|285\/325
|-ability|p2a: Landoge|Intimidate|[of] p1a: Venusaur
|-unboost|p1a: Venusaur|atk|1
|switch|p1a: Cresselia|Cresselia, F|441\/441
|
|turn|11
|
|move|p2a: Landoge|U-turn|p1a: Cresselia
|-supereffective|p1a: Cresselia
|-damage|p1a: Cresselia|315\/441
|
|switch|p2a: Black Bandit|Greninja, M, shiny|285\/285
|move|p1a: Cresselia|Ice Beam|p2a: Black Bandit
|-resisted|p2a: Black Bandit
|-damage|p2a: Black Bandit|243\/285
|
|-heal|p1a: Cresselia|342\/441|[from] item: Leftovers
|turn|12
|
|switch|p2a: Landoge|Landorus-Therian, M|285\/325
|-ability|p2a: Landoge|Intimidate|[of] p1a: Cresselia
|-unboost|p1a: Cresselia|atk|1
|switch|p1a: Chansey|Chansey, F|671\/671
|
|turn|13
|
|move|p2a: Landoge|Knock Off|p1a: Chansey
|-damage|p1a: Chansey|508\/671
|-enditem|p1a: Chansey|Eviolite|[from] move: Knock Off|[of] p2a: Landoge
|move|p1a: Chansey|Toxic|p2a: Landoge
|-status|p2a: Landoge|tox
|
|-damage|p2a: Landoge|265\/325 tox|[from] psn
|turn|14
|
|switch|p2a: Touch Me Harder|Ferrothorn, F|352\/352
|move|p1a: Chansey|Soft-Boiled|p1a: Chansey
|-heal|p1a: Chansey|671\/671
|
|turn|15
|
|switch|p1a: Heatran|Heatran, M|385\/385
|move|p2a: Touch Me Harder|Stealth Rock|p1a: Heatran
|-sidestart|p1: Gecci01102014|move: Stealth Rock
|
|turn|16
|
|switch|p2a: Salamander|Charizard, M, shiny|159\/359 psn
|move|p1a: Heatran|Stealth Rock|p2a: Salamander
|-sidestart|p2: Plzdontragequit|move: Stealth Rock
|
|-damage|p2a: Salamander|115\/359 psn|[from] psn
|turn|17
|
|switch|p1a: Quagsire|Quagsire, M|278\/394
|-damage|p1a: Quagsire|254\/394|[from] Stealth Rock
|detailschange|p2a: Salamander|Charizard-Mega-X, M, shiny
|message|Charizard has Mega Evolved into Mega Charizard!
|move|p2a: Salamander|Roost|p2a: Salamander
|-heal|p2a: Salamander|295\/359 psn
|
|-heal|p1a: Quagsire|278\/394|[from] item: Leftovers
|-damage|p2a: Salamander|251\/359 psn|[from] psn
|turn|18
|
|switch|p2a: Touch Me Harder|Ferrothorn, F|352\/352
|-damage|p2a: Touch Me Harder|330\/352|[from] Stealth Rock
|move|p1a: Quagsire|Recover|p1a: Quagsire
|-heal|p1a: Quagsire|394\/394
|
|-heal|p2a: Touch Me Harder|352\/352|[from] item: Leftovers
|turn|19
|
|switch|p1a: Venusaur|Venusaur-Mega, F|303\/364
|-damage|p1a: Venusaur|258\/364|[from] Stealth Rock
|switch|p2a: Jet|Latios, M|264\/301
|-damage|p2a: Jet|227\/301|[from] Stealth Rock
|
|turn|20
|
|move|p2a: Jet|Psyshock|p1a: Venusaur
|-supereffective|p1a: Venusaur
|-damage|p1a: Venusaur|21\/364
|-damage|p2a: Jet|197\/301|[from] item: Life Orb
|move|p1a: Venusaur|Synthesis|p1a: Venusaur
|-heal|p1a: Venusaur|203\/364
|
|turn|21
|
|switch|p1a: Cresselia|Cresselia, F|342\/441
|-damage|p1a: Cresselia|287\/441|[from] Stealth Rock
|move|p2a: Jet|Psyshock|p1a: Cresselia
|-resisted|p1a: Cresselia
|-damage|p1a: Cresselia|225\/441
|-damage|p2a: Jet|167\/301|[from] item: Life Orb
|
|-heal|p1a: Cresselia|252\/441|[from] item: Leftovers
|turn|22
|
|switch|p2a: Touch Me Harder|Ferrothorn, F|352\/352
|-damage|p2a: Touch Me Harder|330\/352|[from] Stealth Rock
|move|p1a: Cresselia|Ice Beam|p2a: Touch Me Harder
|-damage|p2a: Touch Me Harder|285\/352
|
|-heal|p1a: Cresselia|279\/441|[from] item: Leftovers
|-heal|p2a: Touch Me Harder|307\/352|[from] item: Leftovers
|turn|23
|
|switch|p2a: Landoge|Landorus-Therian, M|265\/325 tox
|-damage|p2a: Landoge|225\/325 tox|[from] Stealth Rock
|-ability|p2a: Landoge|Intimidate|[of] p1a: Cresselia
|-unboost|p1a: Cresselia|atk|1
|move|p1a: Cresselia|Reflect|p1a: Cresselia
|-sidestart|p1: Gecci01102014|Reflect
|
|-heal|p1a: Cresselia|306\/441|[from] item: Leftovers
|-damage|p2a: Landoge|205\/325 tox|[from] psn
|turn|24
|
|move|p2a: Landoge|U-turn|p1a: Cresselia
|-crit|p1a: Cresselia
|-supereffective|p1a: Cresselia
|-damage|p1a: Cresselia|128\/441
|
|switch|p2a: Touch Me Harder|Ferrothorn, F|307\/352
|-damage|p2a: Touch Me Harder|285\/352|[from] Stealth Rock
|move|p1a: Cresselia|Ice Beam|p2a: Touch Me Harder
|-damage|p2a: Touch Me Harder|240\/352
|
|-heal|p1a: Cresselia|155\/441|[from] item: Leftovers
|-heal|p2a: Touch Me Harder|262\/352|[from] item: Leftovers
|turn|25
|
|move|p1a: Cresselia|Moonlight|p1a: Cresselia
|-heal|p1a: Cresselia|375\/441
|move|p2a: Touch Me Harder|Leech Seed|p1a: Cresselia
|-start|p1a: Cresselia|move: Leech Seed
|
|-heal|p1a: Cresselia|402\/441|[from] item: Leftovers
|-heal|p2a: Touch Me Harder|284\/352|[from] item: Leftovers
|-damage|p1a: Cresselia|347\/441|[from] Leech Seed|[of] p2a: Touch Me Harder
|-heal|p2a: Touch Me Harder|339\/352|[silent]
|turn|26
|
|switch|p1a: Venusaur|Venusaur-Mega, F|203\/364
|-damage|p1a: Venusaur|158\/364|[from] Stealth Rock
|switch|p2a: Salamander|Charizard-Mega-X, M, shiny|251\/359 psn
|-damage|p2a: Salamander|162\/359 psn|[from] Stealth Rock
|
|-damage|p2a: Salamander|118\/359 psn|[from] psn
|turn|27
|
|move|p2a: Salamander|Flare Blitz|p1a: Venusaur
|-supereffective|p1a: Venusaur
|-damage|p1a: Venusaur|65\/364
|-damage|p2a: Salamander|87\/359 psn|[from] recoil|[of] p1a: Venusaur
|move|p1a: Venusaur|Synthesis|p1a: Venusaur
|-heal|p1a: Venusaur|247\/364
|
|-damage|p2a: Salamander|43\/359 psn|[from] psn
|-sideend|p1: Gecci01102014|Reflect
|turn|28
|
|move|p2a: Salamander|Roost|p2a: Salamander
|-heal|p2a: Salamander|223\/359 psn
|move|p1a: Venusaur|Synthesis|p1a: Venusaur
|-heal|p1a: Venusaur|364\/364
|
|-damage|p2a: Salamander|179\/359 psn|[from] psn
|turn|29
|
|move|p2a: Salamander|Roost|p2a: Salamander
|-heal|p2a: Salamander|359\/359 psn
|move|p1a: Venusaur|Sludge Bomb|p2a: Salamander
|-damage|p2a: Salamander|215\/359 psn
|
|-damage|p2a: Salamander|171\/359 psn|[from] psn
|turn|30
|
|switch|p2a: Touch Me Harder|Ferrothorn, F|339\/352
|-damage|p2a: Touch Me Harder|317\/352|[from] Stealth Rock
|move|p1a: Venusaur|Sludge Bomb|p2a: Touch Me Harder
|-immune|p2a: Touch Me Harder|[msg]
|
|-heal|p2a: Touch Me Harder|339\/352|[from] item: Leftovers
|turn|31
|
|move|p1a: Venusaur|Leech Seed|p2a: Touch Me Harder
|-immune|p2a: Touch Me Harder|[msg]
|move|p2a: Touch Me Harder|Leech Seed|p1a: Venusaur
|-immune|p1a: Venusaur|[msg]
|
|-heal|p2a: Touch Me Harder|352\/352|[from] item: Leftovers
|turn|32
|
|move|p1a: Venusaur|Sludge Bomb|p2a: Touch Me Harder
|-immune|p2a: Touch Me Harder|[msg]
|move|p2a: Touch Me Harder|Gyro Ball|p1a: Venusaur
|-damage|p1a: Venusaur|283\/364
|
|turn|33
|
|switch|p1a: Heatran|Heatran, M|385\/385
|-damage|p1a: Heatran|337\/385|[from] Stealth Rock
|move|p2a: Touch Me Harder|Leech Seed|p1a: Heatran|[miss]
|-miss|p2a: Touch Me Harder|p1a: Heatran
|
|-heal|p1a: Heatran|361\/385|[from] item: Leftovers
|turn|34
|
|move|p1a: Heatran|Lava Plume|p2a: Touch Me Harder
|-supereffective|p2a: Touch Me Harder
|-damage|p2a: Touch Me Harder|0 fnt
|faint|p2a: Touch Me Harder
|
|-heal|p1a: Heatran|385\/385|[from] item: Leftovers
|
|switch|p2a: Black Bandit|Greninja, M, shiny|243\/285
|-damage|p2a: Black Bandit|208\/285|[from] Stealth Rock
|turn|35
|
|switch|p1a: Chansey|Chansey, F|671\/671
|-damage|p1a: Chansey|588\/671|[from] Stealth Rock
|move|p2a: Black Bandit|Low Kick|p1a: Chansey
|-start|p2a: Black Bandit|typechange|Fighting|[from] Protean
|-crit|p1a: Chansey
|-supereffective|p1a: Chansey
|-damage|p1a: Chansey|65\/671
|-damage|p2a: Black Bandit|180\/285|[from] item: Life Orb
|
|turn|36
|
|move|p2a: Black Bandit|Dark Pulse|p1a: Chansey
|-start|p2a: Black Bandit|typechange|Dark|[from] Protean
|-damage|p1a: Chansey|0 fnt
|-damage|p2a: Black Bandit|152\/285|[from] item: Life Orb
|faint|p1a: Chansey
|
|
|switch|p1a: Cofagrigus|Cofagrigus, M|319\/319
|-damage|p1a: Cofagrigus|280\/319|[from] Stealth Rock
|turn|37
|
|move|p2a: Black Bandit|Dark Pulse|p1a: Cofagrigus
|-crit|p1a: Cofagrigus
|-supereffective|p1a: Cofagrigus
|-damage|p1a: Cofagrigus|0 fnt
|-damage|p2a: Black Bandit|124\/285|[from] item: Life Orb
|faint|p1a: Cofagrigus
|
|
|switch|p1a: Venusaur|Venusaur-Mega, F|283\/364
|-damage|p1a: Venusaur|238\/364|[from] Stealth Rock
|turn|38
|
|switch|p2a: Salamander|Charizard-Mega-X, M, shiny|171\/359 psn
|-damage|p2a: Salamander|82\/359 psn|[from] Stealth Rock
|move|p1a: Venusaur|Giga Drain|p2a: Salamander
|-resisted|p2a: Salamander
|-damage|p2a: Salamander|51\/359 psn
|-heal|p1a: Venusaur|254\/364|[from] drain|[of] p2a: Salamander
|
|-damage|p2a: Salamander|7\/359 psn|[from] psn
|turn|39
|
|move|p2a: Salamander|Dragon Claw|p1a: Venusaur
|-damage|p1a: Venusaur|131\/364
|move|p1a: Venusaur|Synthesis|p1a: Venusaur
|-heal|p1a: Venusaur|313\/364
|
|-damage|p2a: Salamander|0 fnt|[from] psn
|faint|p2a: Salamander
|
|switch|p2a: Jet|Latios, M|167\/301
|-damage|p2a: Jet|130\/301|[from] Stealth Rock
|turn|40
|
|switch|p1a: Cresselia|Cresselia, F|347\/441
|-damage|p1a: Cresselia|292\/441|[from] Stealth Rock
|move|p2a: Jet|Draco Meteor|p1a: Cresselia
|-damage|p1a: Cresselia|62\/441
|-unboost|p2a: Jet|spa|2
|-damage|p2a: Jet|100\/301|[from] item: Life Orb
|
|-heal|p1a: Cresselia|89\/441|[from] item: Leftovers
|turn|41
|
|move|p2a: Jet|Draco Meteor|p1a: Cresselia
|-damage|p1a: Cresselia|0 fnt
|-unboost|p2a: Jet|spa|2
|-damage|p2a: Jet|70\/301|[from] item: Life Orb
|faint|p1a: Cresselia
|
|
|switch|p1a: Venusaur|Venusaur-Mega, F|313\/364
|-damage|p1a: Venusaur|268\/364|[from] Stealth Rock
|turn|42
|
|switch|p2a: Energizer|Azumarill, F|376\/401 tox
|-damage|p2a: Energizer|326\/401 tox|[from] Stealth Rock
|move|p1a: Venusaur|Leech Seed|p2a: Energizer|[miss]
|-miss|p1a: Venusaur|p2a: Energizer
|
|-damage|p2a: Energizer|301\/401 tox|[from] psn
|turn|43
|
|move|p1a: Venusaur|Sludge Bomb|p2a: Energizer
|-supereffective|p2a: Energizer
|-damage|p2a: Energizer|115\/401 tox
|move|p2a: Energizer|Knock Off|p1a: Venusaur
|-damage|p1a: Venusaur|203\/364
|
|-damage|p2a: Energizer|65\/401 tox|[from] psn
|turn|44
|
|switch|p2a: Jet|Latios, M|70\/301
|-damage|p2a: Jet|33\/301|[from] Stealth Rock
|move|p1a: Venusaur|Synthesis|p1a: Venusaur
|-heal|p1a: Venusaur|364\/364
|
|turn|45
|
|switch|p1a: Heatran|Heatran, M|385\/385
|-damage|p1a: Heatran|337\/385|[from] Stealth Rock
|move|p2a: Jet|Psyshock|p1a: Heatran
|-resisted|p1a: Heatran
|-damage|p1a: Heatran|246\/385
|-damage|p2a: Jet|3\/301|[from] item: Life Orb
|
|-heal|p1a: Heatran|270\/385|[from] item: Leftovers
|turn|46
|
|move|p2a: Jet|Defog|p1a: Heatran
|-unboost|p1a: Heatran|evasion|1
|-sideend|p1: Gecci01102014|Stealth Rock|[from] move: Defog|[of] p1a: Heatran
|-sideend|p2: Plzdontragequit|Stealth Rock|[from] move: Defog|[of] p2a: Jet
|move|p1a: Heatran|Toxic|p2a: Jet
|-status|p2a: Jet|tox
|
|-heal|p1a: Heatran|294\/385|[from] item: Leftovers
|-damage|p2a: Jet|0 fnt|[from] psn
|faint|p2a: Jet
|
|switch|p2a: Landoge|Landorus-Therian, M|205\/325 tox
|-ability|p2a: Landoge|Intimidate|[of] p1a: Heatran
|-unboost|p1a: Heatran|atk|1
|turn|47
|
|switch|p1a: Quagsire|Quagsire, M|394\/394
|move|p2a: Landoge|Earthquake|p1a: Quagsire
|-damage|p1a: Quagsire|250\/394
|
|-heal|p1a: Quagsire|274\/394|[from] item: Leftovers
|-damage|p2a: Landoge|185\/325 tox|[from] psn
|turn|48
|
|switch|p2a: Energizer|Azumarill, F|65\/401 tox
|move|p1a: Quagsire|Scald|p2a: Energizer
|-resisted|p2a: Energizer
|-damage|p2a: Energizer|43\/401 tox
|
|-heal|p1a: Quagsire|298\/394|[from] item: Leftovers
|-damage|p2a: Energizer|18\/401 tox|[from] psn
|turn|49
|
|move|p2a: Energizer|Waterfall|p1a: Quagsire
|-damage|p1a: Quagsire|165\/394
|cant|p1a: Quagsire|flinch
|
|-heal|p1a: Quagsire|189\/394|[from] item: Leftovers
|-damage|p2a: Energizer|0 fnt|[from] psn
|faint|p2a: Energizer
|
|switch|p2a: Black Bandit|Greninja, M, shiny|124\/285
|turn|50
|
|switch|p1a: Heatran|Heatran, M|294\/385
|move|p2a: Black Bandit|Dark Pulse|p1a: Heatran
|-start|p2a: Black Bandit|typechange|Dark|[from] Protean
|-damage|p1a: Heatran|193\/385
|-damage|p2a: Black Bandit|96\/285|[from] item: Life Orb
|
|-heal|p1a: Heatran|217\/385|[from] item: Leftovers
|turn|51
|
|move|p2a: Black Bandit|Dark Pulse|p1a: Heatran
|-damage|p1a: Heatran|112\/385
|-damage|p2a: Black Bandit|68\/285|[from] item: Life Orb
|move|p1a: Heatran|Lava Plume|p2a: Black Bandit
|-damage|p2a: Black Bandit|0 fnt
|faint|p2a: Black Bandit
|
|-heal|p1a: Heatran|136\/385|[from] item: Leftovers
|
|switch|p2a: Landoge|Landorus-Therian, M|185\/325 tox
|-ability|p2a: Landoge|Intimidate|[of] p1a: Heatran
|-unboost|p1a: Heatran|atk|1
|turn|52
|
|move|p2a: Landoge|Earthquake|p1a: Heatran
|-supereffective|p1a: Heatran
|-damage|p1a: Heatran|0 fnt
|faint|p1a: Heatran
|
|-damage|p2a: Landoge|165\/325 tox|[from] psn
|
|switch|p1a: Venusaur|Venusaur-Mega, F|364\/364
|turn|53
|
|move|p2a: Landoge|Earthquake|p1a: Venusaur
|-damage|p1a: Venusaur|246\/364
|move|p1a: Venusaur|Giga Drain|p2a: Landoge
|-damage|p2a: Landoge|38\/325 tox
|-heal|p1a: Venusaur|310\/364|[from] drain|[of] p2a: Landoge
|
|-damage|p2a: Landoge|0 fnt|[from] psn
|faint|p2a: Landoge
|
|win|Gecci01102014
|raw|Ladder updating...
|c|âPlzdontragequit|gg
|c|âGecci01102014|gg
|raw|Gecci01102014's rating: 1600 &rarr; <strong>1618<\/strong><br \/>(+18 for winning)
|raw|Plzdontragequit's rating: 1550 &rarr; <strong>1533<\/strong><br \/>(-17 for losing)
|leave|Plzdontragequit
|player|p2